|j|☆purple pastels
|j|☆HungryHound
|t:|1758319929
|gametype|singles
|player|p1|purple pastels|doubleteam|1435
|player|p2|HungryHound|1|1403
|gen|9
|tier|[Gen 9] OU
|rated|
|rule|HP Percentage Mod: HP is shown in percentages
|rule|Endless Battle Clause: Forcing endless battles is banned
|rule|Species Clause: Limit one of each Pokémon
|rule|OHKO Clause: OHKO moves are banned
|rule|Evasion Items Clause: Evasion items are banned
|rule|Evasion Moves Clause: Evasion moves are banned
|rule|Evasion Abilities Clause: Evasion abilities are banned
|rule|Sleep Moves Clause: Sleep-inducing moves are banned
|clearpoke
|poke|p1|Iron Moth|
|poke|p1|Slowking-Galar, M|
|poke|p1|Gliscor, M|
|poke|p1|Iron Boulder|
|poke|p1|Samurott-Hisui, F|
|poke|p1|Scizor, F|
|poke|p2|Krookodile, M|
|poke|p2|Raging Bolt|
|poke|p2|Iron Valiant|
|poke|p2|Slowking-Galar, F|
|poke|p2|Great Tusk|
|poke|p2|Samurott-Hisui, M|
|teampreview
|inactive|Battle timer is ON: inactive players will automatically lose when time's up. (requested by purple pastels)
|
|t:|1758319946
|teamsize|p1|6
|teamsize|p2|6
|start
|switch|p1a: Scizor|Scizor, F|100/100
|switch|p2a: Raging Bolt|Raging Bolt|100/100
|turn|1
|
|t:|1758319954
|switch|p1a: Gliscor|Gliscor, M|100/100
|move|p2a: Raging Bolt|Draco Meteor|p1a: Gliscor
|-damage|p1a: Gliscor|0 fnt
|-unboost|p2a: Raging Bolt|spa|2
|faint|p1a: Gliscor
|
|upkeep
|
|t:|1758319965
|switch|p1a: Scizor|Scizor, F|100/100
|turn|2
|
|t:|1758319968
|-end|p2a: Raging Bolt|Protosynthesis|[silent]
|switch|p2a: Tuskulus|Great Tusk|100/100
|move|p1a: Scizor|Swords Dance|p1a: Scizor
|-boost|p1a: Scizor|atk|2
|
|upkeep
|turn|3
|
|t:|1758319976
|move|p2a: Tuskulus|Headlong Rush|p1a: Scizor
|-damage|p1a: Scizor|27/100
|-unboost|p2a: Tuskulus|def|1
|-unboost|p2a: Tuskulus|spd|1
|move|p1a: Scizor|Close Combat|p2a: Tuskulus
|-damage|p2a: Tuskulus|21/100
|-unboost|p1a: Scizor|def|1
|-unboost|p1a: Scizor|spd|1
|-damage|p1a: Scizor|11/100|[from] item: Rocky Helmet|[of] p2a: Tuskulus
|
|-heal|p1a: Scizor|17/100|[from] item: Leftovers
|upkeep
|turn|4
|
|t:|1758319989
|move|p1a: Scizor|Bullet Punch|p2a: Tuskulus
|-damage|p2a: Tuskulus|0 fnt
|-damage|p1a: Scizor|0 fnt|[from] item: Rocky Helmet|[of] p2a: Tuskulus
|faint|p2a: Tuskulus
|-end|p2a: Tuskulus|Protosynthesis|[silent]
|faint|p1a: Scizor
|
|upkeep
|
|t:|1758320005
|switch|p2a: Raging Bolt|Raging Bolt|100/100
|switch|p1a: Iron Moth|Iron Moth|100/100
|turn|5
|
|t:|1758320010
|move|p1a: Iron Moth|Dazzling Gleam|p2a: Raging Bolt
|-supereffective|p2a: Raging Bolt
|-damage|p2a: Raging Bolt|26/100
|move|p2a: Raging Bolt|Volt Switch|p1a: Iron Moth
|-crit|p1a: Iron Moth
|-damage|p1a: Iron Moth|0 fnt
|faint|p1a: Iron Moth
|-end|p1a: Iron Moth|Quark Drive|[silent]
|
|t:|1758320019
|-end|p2a: Raging Bolt|Protosynthesis|[silent]
|switch|p2a: Krookodile|Krookodile, M|100/100|[from] Volt Switch
|
|upkeep
|
|t:|1758320022
|switch|p1a: Samurott|Samurott-Hisui, F|100/100
|turn|6
|
|t:|1758320027
|-terastallize|p2a: Krookodile|Dragon
|move|p1a: Samurott|Razor Shell|p2a: Krookodile
|-resisted|p2a: Krookodile
|-damage|p2a: Krookodile|67/100
|move|p2a: Krookodile|Scale Shot|p1a: Samurott|[miss]
|-miss|p2a: Krookodile|p1a: Samurott
|
|upkeep
|turn|7
|
|t:|1758320036
|switch|p1a: Slowking|Slowking-Galar, M|100/100
|move|p2a: Krookodile|Scale Shot|p1a: Slowking
|-damage|p1a: Slowking|88/100
|-damage|p1a: Slowking|76/100
|-damage|p1a: Slowking|63/100
|-damage|p1a: Slowking|51/100
|-damage|p1a: Slowking|38/100
|-hitcount|p1a: Slowking|5
|-unboost|p2a: Krookodile|def|1
|-boost|p2a: Krookodile|spe|1
|
|upkeep
|turn|8
|
|t:|1758320049
|move|p2a: Krookodile|Knock Off|p1a: Slowking
|-supereffective|p1a: Slowking
|-damage|p1a: Slowking|0 fnt
|-enditem|p1a: Slowking|Heavy-Duty Boots|[from] move: Knock Off|[of] p2a: Krookodile
|faint|p1a: Slowking
|-ability|p2a: Krookodile|Moxie|boost
|-boost|p2a: Krookodile|atk|1
|
|upkeep
|
|t:|1758320055
|switch|p1a: Samurott|Samurott-Hisui, F|100/100
|turn|9
|
|t:|1758320059
|move|p2a: Krookodile|Scale Shot|p1a: Samurott
|-damage|p1a: Samurott|77/100
|-damage|p1a: Samurott|53/100
|-damage|p1a: Samurott|28/100
|-damage|p1a: Samurott|6/100
|-hitcount|p1a: Samurott|4
|-unboost|p2a: Krookodile|def|1
|-boost|p2a: Krookodile|spe|1
|move|p1a: Samurott|Ceaseless Edge|p2a: Krookodile
|-damage|p2a: Krookodile|0 fnt
|-sidestart|p2: HungryHound|Spikes
|faint|p2a: Krookodile
|
|upkeep
|
|t:|1758320073
|switch|p2a: Samurott|Samurott-Hisui, M|100/100
|-damage|p2a: Samurott|88/100|[from] Spikes
|turn|10
|
|t:|1758320078
|move|p2a: Samurott|Aqua Jet|p1a: Samurott
|-resisted|p1a: Samurott
|-damage|p1a: Samurott|0 fnt
|faint|p1a: Samurott
|
|upkeep
|
|t:|1758320081
|switch|p1a: Iron Boulder|Iron Boulder|100/100
|turn|11
|
|t:|1758320085
|-terastallize|p1a: Iron Boulder|Fighting
|move|p2a: Samurott|Aqua Jet|p1a: Iron Boulder
|-damage|p1a: Iron Boulder|62/100
|move|p1a: Iron Boulder|Close Combat|p2a: Samurott
|-supereffective|p2a: Samurott
|-damage|p2a: Samurott|0 fnt
|-unboost|p1a: Iron Boulder|def|1
|-unboost|p1a: Iron Boulder|spd|1
|faint|p2a: Samurott
|
|upkeep
|
|t:|1758320100
|switch|p2a: Raging Bolt|Raging Bolt|26/100
|-damage|p2a: Raging Bolt|13/100|[from] Spikes
|turn|12
|
|t:|1758320106
|move|p1a: Iron Boulder|Close Combat|p2a: Raging Bolt
|-damage|p2a: Raging Bolt|0 fnt
|-unboost|p1a: Iron Boulder|def|1
|-unboost|p1a: Iron Boulder|spd|1
|faint|p2a: Raging Bolt
|-end|p2a: Raging Bolt|Protosynthesis|[silent]
|
|upkeep
|
|t:|1758320113
|switch|p2a: Iron Valiant|Iron Valiant|100/100
|-damage|p2a: Iron Valiant|88/100|[from] Spikes
|-enditem|p2a: Iron Valiant|Booster Energy
|-activate|p2a: Iron Valiant|ability: Quark Drive|[fromitem]
|-start|p2a: Iron Valiant|quarkdrivespe
|turn|13
|
|t:|1758320119
|move|p2a: Iron Valiant|Moonblast|p1a: Iron Boulder
|-supereffective|p1a: Iron Boulder
|-damage|p1a: Iron Boulder|0 fnt
|faint|p1a: Iron Boulder
|-end|p1a: Iron Boulder|Quark Drive|[silent]
|
|win|HungryHound
|raw|purple pastels's rating: 1435 &rarr; <strong>1413</strong><br />(-22 for losing)
|raw|HungryHound's rating: 1403 &rarr; <strong>1425</strong><br />(+22 for winning)
|l|☆purple pastels
|player|p1|
|l|☆HungryHound
|player|p2|
