|j|☆totofunn
|j|☆AdmKuruthi
|t:|1758358869
|gametype|singles
|player|p1|totofunn|schoolkid-gen4|1141
|player|p2|AdmKuruthi|veteran|1170
|gen|9
|tier|[Gen 9] OU
|rated|
|rule|HP Percentage Mod: HP is shown in percentages
|rule|Endless Battle Clause: Forcing endless battles is banned
|rule|Species Clause: Limit one of each Pokémon
|rule|OHKO Clause: OHKO moves are banned
|rule|Evasion Items Clause: Evasion items are banned
|rule|Evasion Moves Clause: Evasion moves are banned
|rule|Evasion Abilities Clause: Evasion abilities are banned
|rule|Sleep Moves Clause: Sleep-inducing moves are banned
|clearpoke
|poke|p1|Ceruledge, F|
|poke|p1|Dragapult, M|
|poke|p1|Primarina, F|
|poke|p1|Scizor, M|
|poke|p1|Decidueye-Hisui, M|
|poke|p1|Moltres-Galar|
|poke|p2|Skeledirge, F|
|poke|p2|Iron Hands|
|poke|p2|Araquanid, M|
|poke|p2|Dragonite, M|
|poke|p2|Glimmora, F|
|poke|p2|Hatterene, F|
|teampreview
|inactive|Battle timer is ON: inactive players will automatically lose when time's up. (requested by AdmKuruthi)
|
|t:|1758358878
|teamsize|p1|6
|teamsize|p2|6
|start
|switch|p1a: Scizor|Scizor, M|100/100
|switch|p2a: Retep|Araquanid, M|100/100
|turn|1
|
|t:|1758358884
|move|p1a: Scizor|Swords Dance|p1a: Scizor
|-boost|p1a: Scizor|atk|2
|move|p2a: Retep|Sticky Web|p1a: Scizor
|-sidestart|p1: totofunn|move: Sticky Web
|
|upkeep
|turn|2
|
|t:|1758358891
|move|p1a: Scizor|Swords Dance|p1a: Scizor
|-boost|p1a: Scizor|atk|2
|move|p2a: Retep|Infestation|p1a: Scizor
|-resisted|p1a: Scizor
|-damage|p1a: Scizor|98/100
|-activate|p1a: Scizor|move: Infestation|[of] p2a: Retep
|
|-damage|p1a: Scizor|86/100|[from] move: Infestation|[partiallytrapped]
|upkeep
|turn|3
|
|t:|1758358899
|move|p1a: Scizor|Wing Attack|p2a: Retep
|-supereffective|p2a: Retep
|-damage|p2a: Retep|0 fnt
|faint|p2a: Retep
|-damage|p1a: Scizor|76/100|[from] item: Life Orb
|
|-end|p1a: Scizor|Infestation|[partiallytrapped]|[silent]
|upkeep
|
|t:|1758358905
|switch|p2a: Celia|Skeledirge, F|100/100
|turn|4
|
|t:|1758358908
|move|p2a: Celia|Torch Song|p1a: Scizor
|-supereffective|p1a: Scizor
|-damage|p1a: Scizor|0 fnt
|-boost|p2a: Celia|spa|1
|faint|p1a: Scizor
|-enditem|p2a: Celia|Throat Spray
|-boost|p2a: Celia|spa|1|[from] item: Throat Spray
|
|upkeep
|
|t:|1758358918
|switch|p1a: Primarina|Primarina, F|100/100
|-activate|p1a: Primarina|move: Sticky Web
|-unboost|p1a: Primarina|spe|1
|turn|5
|
|t:|1758358924
|-terastallize|p2a: Celia|Fairy
|move|p2a: Celia|Alluring Voice|p1a: Primarina
|-damage|p1a: Primarina|49/100
|move|p1a: Primarina|Sparkling Aria|p2a: Celia
|-damage|p2a: Celia|43/100
|-enditem|p1a: Primarina|Throat Spray
|-boost|p1a: Primarina|spa|1|[from] item: Throat Spray
|
|upkeep
|turn|6
|
|t:|1758358933
|move|p2a: Celia|Alluring Voice|p1a: Primarina
|-damage|p1a: Primarina|0 fnt
|faint|p1a: Primarina
|
|upkeep
|
|t:|1758358941
|switch|p1a: Ceruledge|Ceruledge, F|100/100
|-activate|p1a: Ceruledge|move: Sticky Web
|-unboost|p1a: Ceruledge|spe|1
|turn|7
|
|t:|1758358946
|move|p2a: Celia|Slack Off|p2a: Celia
|-heal|p2a: Celia|93/100
|move|p1a: Ceruledge|Swords Dance|p1a: Ceruledge
|-boost|p1a: Ceruledge|atk|2
|
|upkeep
|turn|8
|
|t:|1758358959
|move|p2a: Celia|Alluring Voice|p1a: Ceruledge
|-resisted|p1a: Ceruledge
|-damage|p1a: Ceruledge|62/100
|move|p1a: Ceruledge|Bitter Blade|p2a: Celia
|-damage|p2a: Celia|57/100
|-heal|p1a: Ceruledge|88/100|[from] drain|[of] p2a: Celia
|
|upkeep
|turn|9
|
|t:|1758358971
|move|p2a: Celia|Alluring Voice|p1a: Ceruledge
|-resisted|p1a: Ceruledge
|-damage|p1a: Ceruledge|50/100
|move|p1a: Ceruledge|Poltergeist||[still]
|-fail|p1a: Ceruledge
|
|upkeep
|turn|10
|
|t:|1758358982
|move|p2a: Celia|Alluring Voice|p1a: Ceruledge
|-resisted|p1a: Ceruledge
|-damage|p1a: Ceruledge|12/100
|move|p1a: Ceruledge|Bitter Blade|p2a: Celia
|-damage|p2a: Celia|21/100
|-heal|p1a: Ceruledge|38/100|[from] drain|[of] p2a: Celia
|
|upkeep
|turn|11
|
|t:|1758358989
|move|p2a: Celia|Alluring Voice|p1a: Ceruledge
|-resisted|p1a: Ceruledge
|-damage|p1a: Ceruledge|0 fnt
|faint|p1a: Ceruledge
|
|upkeep
|
|t:|1758358995
|switch|p1a: Dragapult|Dragapult, M|100/100
|-activate|p1a: Dragapult|move: Sticky Web
|-fail|p1a: Dragapult|unboost|[from] ability: Clear Body|[of] p1a: Dragapult
|turn|12
|
|t:|1758359000
|move|p1a: Dragapult|Dragon Dance|p1a: Dragapult
|-boost|p1a: Dragapult|atk|1
|-boost|p1a: Dragapult|spe|1
|move|p2a: Celia|Alluring Voice|p1a: Dragapult
|-supereffective|p1a: Dragapult
|-damage|p1a: Dragapult|0 fnt
|faint|p1a: Dragapult
|
|upkeep
|
|t:|1758359012
|switch|p1a: Moltres|Moltres-Galar|100/100
|turn|13
|c|☆AdmKuruthi|Why?
|
|t:|1758359015
|move|p1a: Moltres|Nasty Plot|p1a: Moltres
|-boost|p1a: Moltres|spa|2
|move|p2a: Celia|Alluring Voice|p1a: Moltres
|-supereffective|p1a: Moltres
|-damage|p1a: Moltres|0 fnt
|faint|p1a: Moltres
|
|upkeep
|c|☆AdmKuruthi|Again
|
|t:|1758359023
|switch|p1a: Decidueye|Decidueye-Hisui, M|100/100
|-activate|p1a: Decidueye|move: Sticky Web
|-unboost|p1a: Decidueye|spe|1
|turn|14
|c|☆AdmKuruthi|Why?
|c|☆totofunn|i honestly have no idea
|c|☆totofunn|LOL
|
|t:|1758359041
|move|p2a: Celia|Alluring Voice|p1a: Decidueye
|-supereffective|p1a: Decidueye
|-damage|p1a: Decidueye|0 fnt
|faint|p1a: Decidueye
|
|win|AdmKuruthi
|raw|totofunn's rating: 1141 &rarr; <strong>1118</strong><br />(-23 for losing)
|raw|AdmKuruthi's rating: 1170 &rarr; <strong>1193</strong><br />(+23 for winning)
|l|☆AdmKuruthi
|player|p2|
|l|☆totofunn
|player|p1|
