|j|☆inthestation
|j|☆Zerotti
|t:|1758347117
|gametype|singles
|player|p1|inthestation|pokemonbreeder|1638
|player|p2|Zerotti|#dwcopiv|1636
|gen|9
|tier|[Gen 9] OU
|rated|
|rule|HP Percentage Mod: HP is shown in percentages
|rule|Endless Battle Clause: Forcing endless battles is banned
|rule|Species Clause: Limit one of each Pokémon
|rule|OHKO Clause: OHKO moves are banned
|rule|Evasion Items Clause: Evasion items are banned
|rule|Evasion Moves Clause: Evasion moves are banned
|rule|Evasion Abilities Clause: Evasion abilities are banned
|rule|Sleep Moves Clause: Sleep-inducing moves are banned
|clearpoke
|poke|p1|Ninetales-Alola, F|
|poke|p1|Kyurem|
|poke|p1|Hatterene, F|
|poke|p1|Weezing-Galar, F|
|poke|p1|Kingambit, M|
|poke|p1|Iron Moth|
|poke|p2|Gliscor, F|
|poke|p2|Walking Wake|
|poke|p2|Slowking-Galar, M|
|poke|p2|Zamazenta-*|
|poke|p2|Ting-Lu|
|poke|p2|Kingambit, F|
|teampreview
|c|☆inthestation|glhf
|inactive|Battle timer is ON: inactive players will automatically lose when time's up. (requested by inthestation)
|
|t:|1758347152
|teamsize|p1|6
|teamsize|p2|6
|start
|switch|p1a: Ninetales|Ninetales-Alola, F|100/100
|switch|p2a: Ting-Lu|Ting-Lu|100/100
|-weather|Snowscape|[from] ability: Snow Warning|[of] p1a: Ninetales
|-ability|p2a: Ting-Lu|Vessel of Ruin
|turn|1
|
|t:|1758347157
|switch|p1a: Hatterene|Hatterene, F|100/100
|switch|p2a: Slowking|Slowking-Galar, M|100/100
|
|-weather|Snowscape|[upkeep]
|upkeep
|turn|2
|
|t:|1758347166
|switch|p1a: Kingambit|Kingambit, M|100/100
|move|p2a: Slowking|Future Sight|p1a: Kingambit
|-start|p2a: Slowking|move: Future Sight
|
|-weather|Snowscape|[upkeep]
|upkeep
|turn|3
|
|t:|1758347172
|switch|p2a: Gliscor|Gliscor, F|100/100
|move|p1a: Kingambit|Kowtow Cleave|p2a: Gliscor
|-damage|p2a: Gliscor|59/100
|
|-weather|Snowscape|[upkeep]
|-status|p2a: Gliscor|tox|[from] item: Toxic Orb
|upkeep
|turn|4
|
|t:|1758347185
|move|p2a: Gliscor|Earthquake|p1a: Kingambit
|-supereffective|p1a: Kingambit
|-damage|p1a: Kingambit|41/100
|move|p1a: Kingambit|Swords Dance|p1a: Kingambit
|-boost|p1a: Kingambit|atk|2
|
|-weather|Snowscape|[upkeep]
|-end|p1a: Kingambit|move: Future Sight
|-immune|p1a: Kingambit
|-heal|p1a: Kingambit|47/100|[from] item: Leftovers
|-heal|p2a: Gliscor|71/100 tox|[from] ability: Poison Heal
|upkeep
|turn|5
|
|t:|1758347194
|move|p1a: Kingambit|Sucker Punch|p2a: Gliscor
|-damage|p2a: Gliscor|1/100 tox
|move|p2a: Gliscor|Earthquake|p1a: Kingambit
|-supereffective|p1a: Kingambit
|-damage|p1a: Kingambit|0 fnt
|faint|p1a: Kingambit
|-end|p1a: Kingambit|fallenundefined|[silent]
|
|-weather|none
|-heal|p2a: Gliscor|14/100 tox|[from] ability: Poison Heal
|upkeep
|
|t:|1758347213
|switch|p1a: Kyurem|Kyurem|100/100
|-ability|p1a: Kyurem|Pressure
|turn|6
|
|t:|1758347223
|switch|p2a: Slowking|Slowking-Galar, M|100/100
|move|p1a: Kyurem|Freeze-Dry|p2a: Slowking
|-damage|p2a: Slowking|78/100
|
|upkeep
|turn|7
|
|t:|1758347232
|move|p1a: Kyurem|Icicle Spear|p2a: Slowking
|-damage|p2a: Slowking|64/100
|-damage|p2a: Slowking|47/100
|-damage|p2a: Slowking|31/100
|-hitcount|p2a: Slowking|3
|-prepare|p2a: Slowking|Chilly Reception|[premajor]
|move|p2a: Slowking|Chilly Reception|p2a: Slowking
|-weather|Snowscape
|
|t:|1758347236
|switch|p2a: Kingambit|Kingambit, F|100/100|[from] Chilly Reception
|
|-weather|Snowscape|[upkeep]
|upkeep
|turn|8
|
|t:|1758347241
|move|p1a: Kyurem|Earth Power|p2a: Kingambit
|-supereffective|p2a: Kingambit
|-damage|p2a: Kingambit|33/100
|move|p2a: Kingambit|Iron Head|p1a: Kyurem
|-supereffective|p1a: Kyurem
|-damage|p1a: Kyurem|33/100
|
|-weather|Snowscape|[upkeep]
|upkeep
|turn|9
|
|t:|1758347254
|switch|p1a: Ninetales|Ninetales-Alola, F|100/100
|move|p2a: Kingambit|Sucker Punch||[still]
|-fail|p2a: Kingambit
|
|-weather|Snowscape|[upkeep]
|upkeep
|turn|10
|
|t:|1758347262
|-end|p2a: Kingambit|fallenundefined|[silent]
|switch|p2a: Slowking|Slowking-Galar, M|64/100
|move|p1a: Ninetales|Encore||[still]
|-fail|p1a: Ninetales
|
|-weather|Snowscape|[upkeep]
|upkeep
|turn|11
|
|t:|1758347274
|move|p1a: Ninetales|Aurora Veil|p1a: Ninetales
|-sidestart|p1: inthestation|move: Aurora Veil
|move|p2a: Slowking|Sludge Bomb|p1a: Ninetales
|-supereffective|p1a: Ninetales
|-damage|p1a: Ninetales|69/100
|
|-weather|none
|upkeep
|turn|12
|
|t:|1758347284
|switch|p1a: Iron Moth|Iron Moth|100/100
|-enditem|p1a: Iron Moth|Booster Energy
|-activate|p1a: Iron Moth|ability: Quark Drive|[fromitem]
|-start|p1a: Iron Moth|quarkdrivespe
|move|p2a: Slowking|Future Sight|p1a: Iron Moth
|-start|p2a: Slowking|move: Future Sight
|
|upkeep
|turn|13
|
|t:|1758347288
|move|p1a: Iron Moth|Substitute|p1a: Iron Moth
|-start|p1a: Iron Moth|Substitute
|-damage|p1a: Iron Moth|76/100
|-prepare|p2a: Slowking|Chilly Reception|[premajor]
|move|p2a: Slowking|Chilly Reception|p2a: Slowking
|-weather|Snowscape
|
|t:|1758347291
|switch|p2a: Ting-Lu|Ting-Lu|100/100|[from] Chilly Reception
|-ability|p2a: Ting-Lu|Vessel of Ruin
|
|-weather|Snowscape|[upkeep]
|upkeep
|turn|14
|
|t:|1758347298
|-end|p1a: Iron Moth|Quark Drive|[silent]
|switch|p1a: Hatterene|Hatterene, F|100/100
|move|p2a: Ting-Lu|Earthquake|p1a: Hatterene
|-damage|p1a: Hatterene|85/100
|
|-weather|Snowscape|[upkeep]
|-end|p1a: Hatterene|move: Future Sight
|-resisted|p1a: Hatterene
|-damage|p1a: Hatterene|77/100
|-heal|p1a: Hatterene|83/100|[from] item: Leftovers
|upkeep
|turn|15
|
|t:|1758347303
|switch|p2a: Slowking|Slowking-Galar, M|97/100
|move|p1a: Hatterene|Calm Mind|p1a: Hatterene
|-boost|p1a: Hatterene|spa|1
|-boost|p1a: Hatterene|spd|1
|
|-weather|Snowscape|[upkeep]
|-heal|p1a: Hatterene|89/100|[from] item: Leftovers
|upkeep
|turn|16
|
|t:|1758347313
|move|p1a: Hatterene|Calm Mind|p1a: Hatterene
|-boost|p1a: Hatterene|spa|1
|-boost|p1a: Hatterene|spd|1
|move|p2a: Slowking|Sludge Bomb|p1a: Hatterene
|-supereffective|p1a: Hatterene
|-damage|p1a: Hatterene|71/100
|
|-weather|Snowscape|[upkeep]
|-heal|p1a: Hatterene|77/100|[from] item: Leftovers
|upkeep
|turn|17
|
|t:|1758347316
|move|p1a: Hatterene|Calm Mind|p1a: Hatterene
|-boost|p1a: Hatterene|spa|1
|-boost|p1a: Hatterene|spd|1
|move|p2a: Slowking|Sludge Bomb|p1a: Hatterene
|-supereffective|p1a: Hatterene
|-damage|p1a: Hatterene|62/100
|-status|p1a: Hatterene|psn
|
|-weather|none
|-heal|p1a: Hatterene|67/100 psn|[from] item: Leftovers
|-damage|p1a: Hatterene|55/100 psn|[from] psn
|upkeep
|turn|18
|
|t:|1758347322
|switch|p2a: Gliscor|Gliscor, F|14/100 tox
|move|p1a: Hatterene|Psyshock|p2a: Gliscor
|-damage|p2a: Gliscor|0 fnt
|faint|p2a: Gliscor
|
|-heal|p1a: Hatterene|61/100 psn|[from] item: Leftovers
|-damage|p1a: Hatterene|49/100 psn|[from] psn
|-sideend|p1: inthestation|move: Aurora Veil
|upkeep
|
|t:|1758347328
|switch|p2a: Kingambit|Kingambit, F|33/100
|-activate|p2a: Kingambit|ability: Supreme Overlord
|-start|p2a: Kingambit|fallen1|[silent]
|turn|19
|
|t:|1758347333
|-terastallize|p1a: Hatterene|Water
|move|p2a: Kingambit|Kowtow Cleave|p1a: Hatterene
|-damage|p1a: Hatterene|0 fnt
|faint|p1a: Hatterene
|
|upkeep
|
|t:|1758347339
|switch|p1a: Iron Moth|Iron Moth|76/100
|turn|20
|
|t:|1758347344
|-end|p2a: Kingambit|fallen1|[silent]
|switch|p2a: Ting-Lu|Ting-Lu|100/100
|-ability|p2a: Ting-Lu|Vessel of Ruin
|move|p1a: Iron Moth|Substitute|p1a: Iron Moth
|-start|p1a: Iron Moth|Substitute
|-damage|p1a: Iron Moth|51/100
|
|upkeep
|turn|21
|
|t:|1758347348
|move|p1a: Iron Moth|Energy Ball|p2a: Ting-Lu
|-supereffective|p2a: Ting-Lu
|-damage|p2a: Ting-Lu|73/100
|move|p2a: Ting-Lu|Earthquake|p1a: Iron Moth
|-supereffective|p1a: Iron Moth
|-end|p1a: Iron Moth|Substitute
|
|-heal|p2a: Ting-Lu|79/100|[from] item: Leftovers
|upkeep
|turn|22
|c|☆inthestation|gg
|-message|inthestation forfeited.
|
|win|Zerotti
|raw|inthestation's rating: 1638 &rarr; <strong>1618</strong><br />(-20 for losing)
|raw|Zerotti's rating: 1636 &rarr; <strong>1656</strong><br />(+20 for winning)
|l|☆inthestation
|player|p1|
