|j|☆Charle_phate
|j|☆Shell7
|t:|1758342967
|gametype|singles
|player|p1|Charle_phate|blue|1333
|player|p2|Shell7|169|1383
|gen|9
|tier|[Gen 9] OU
|rated|
|rule|HP Percentage Mod: HP is shown in percentages
|rule|Endless Battle Clause: Forcing endless battles is banned
|rule|Species Clause: Limit one of each Pokémon
|rule|OHKO Clause: OHKO moves are banned
|rule|Evasion Items Clause: Evasion items are banned
|rule|Evasion Moves Clause: Evasion moves are banned
|rule|Evasion Abilities Clause: Evasion abilities are banned
|rule|Sleep Moves Clause: Sleep-inducing moves are banned
|clearpoke
|poke|p1|Serperior, M|
|poke|p1|Rotom-Wash|
|poke|p1|Zapdos|
|poke|p1|Heatran, F|
|poke|p1|Clefable, F|
|poke|p1|Landorus-Therian, M|
|poke|p2|Ceruledge, M|
|poke|p2|Ninetales-Alola, F|
|poke|p2|Kyurem|
|poke|p2|Corviknight, M|
|poke|p2|Cetitan, F|
|poke|p2|Tornadus-Therian, M|
|teampreview
|
|t:|1758342983
|teamsize|p1|6
|teamsize|p2|6
|start
|switch|p1a: Rotom|Rotom-Wash|100/100
|switch|p2a: Ninetales|Ninetales-Alola, F|100/100
|-weather|Snowscape|[from] ability: Snow Warning|[of] p2a: Ninetales
|turn|1
|
|t:|1758342998
|move|p2a: Ninetales|Aurora Veil|p2a: Ninetales
|-sidestart|p2: Shell7|move: Aurora Veil
|move|p1a: Rotom|Thunder Wave|p2a: Ninetales
|-status|p2a: Ninetales|par
|
|-weather|Snowscape|[upkeep]
|upkeep
|turn|2
|
|t:|1758343009
|switch|p1a: Heatran|Heatran, F|100/100
|cant|p2a: Ninetales|par
|
|-weather|Snowscape|[upkeep]
|upkeep
|turn|3
|l|☆Shell7
|player|p2|
|j|☆Shell7
|player|p2|Shell7|169|
|
|t:|1758343039
|switch|p2a: Ceruledge|Ceruledge, M, shiny|100/100
|move|p1a: Heatran|Substitute|p1a: Heatran
|-start|p1a: Heatran|Substitute
|-damage|p1a: Heatran|76/100
|
|-weather|Snowscape|[upkeep]
|-heal|p1a: Heatran|82/100|[from] item: Leftovers
|upkeep
|turn|4
|
|t:|1758343056
|move|p2a: Ceruledge|Bulk Up|p2a: Ceruledge
|-boost|p2a: Ceruledge|atk|1
|-boost|p2a: Ceruledge|def|1
|move|p1a: Heatran|Ancient Power|p2a: Ceruledge
|-supereffective|p2a: Ceruledge
|-damage|p2a: Ceruledge|82/100
|
|-weather|Snowscape|[upkeep]
|-heal|p1a: Heatran|88/100|[from] item: Leftovers
|upkeep
|turn|5
|
|t:|1758343060
|move|p2a: Ceruledge|Bulk Up|p2a: Ceruledge
|-boost|p2a: Ceruledge|atk|1
|-boost|p2a: Ceruledge|def|1
|move|p1a: Heatran|Ancient Power|p2a: Ceruledge
|-supereffective|p2a: Ceruledge
|-damage|p2a: Ceruledge|62/100
|
|-weather|Snowscape|[upkeep]
|-heal|p1a: Heatran|94/100|[from] item: Leftovers
|-sideend|p2: Shell7|move: Aurora Veil
|upkeep
|turn|6
|
|t:|1758343065
|move|p2a: Ceruledge|Poltergeist|p1a: Heatran
|-activate|p1a: Heatran|move: Poltergeist|Leftovers
|-end|p1a: Heatran|Substitute
|move|p1a: Heatran|Ancient Power|p2a: Ceruledge
|-supereffective|p2a: Ceruledge
|-damage|p2a: Ceruledge|25/100
|
|-weather|Snowscape|[upkeep]
|-heal|p1a: Heatran|100/100|[from] item: Leftovers
|upkeep
|turn|7
|
|t:|1758343079
|move|p2a: Ceruledge|Poltergeist|p1a: Heatran
|-activate|p1a: Heatran|move: Poltergeist|Leftovers
|-damage|p1a: Heatran|0 fnt
|faint|p1a: Heatran
|
|-weather|Snowscape|[upkeep]
|upkeep
|
|t:|1758343101
|switch|p1a: Landorus|Landorus-Therian, M|100/100
|-ability|p1a: Landorus|Intimidate|boost
|-unboost|p2a: Ceruledge|atk|1
|turn|8
|
|t:|1758343106
|-terastallize|p2a: Ceruledge|Bug
|move|p1a: Landorus|Stone Edge|p2a: Ceruledge
|-supereffective|p2a: Ceruledge
|-damage|p2a: Ceruledge|0 fnt
|faint|p2a: Ceruledge
|-damage|p1a: Landorus|90/100|[from] item: Life Orb
|
|-weather|none
|upkeep
|
|t:|1758343119
|switch|p2a: Kyurem|Kyurem, shiny|100/100
|-ability|p2a: Kyurem|Pressure
|turn|9
|
|t:|1758343143
|move|p2a: Kyurem|Freeze-Dry|p1a: Landorus
|-supereffective|p1a: Landorus
|-damage|p1a: Landorus|0 fnt
|faint|p1a: Landorus
|
|upkeep
|
|t:|1758343157
|switch|p1a: Serperior|Serperior, M|100/100
|turn|10
|
|t:|1758343162
|-terastallize|p1a: Serperior|Fire
|move|p1a: Serperior|Glare|p2a: Kyurem
|-status|p2a: Kyurem|par
|move|p2a: Kyurem|Blizzard|p1a: Serperior
|-resisted|p1a: Serperior
|-damage|p1a: Serperior|67/100
|
|-heal|p1a: Serperior|73/100|[from] item: Leftovers
|upkeep
|turn|11
|
|t:|1758343174
|move|p1a: Serperior|Substitute|p1a: Serperior
|-start|p1a: Serperior|Substitute
|-damage|p1a: Serperior|48/100
|move|p2a: Kyurem|Earth Power|p1a: Serperior
|-supereffective|p1a: Serperior
|-end|p1a: Serperior|Substitute
|
|-heal|p1a: Serperior|54/100|[from] item: Leftovers
|upkeep
|turn|12
|
|t:|1758343176
|move|p1a: Serperior|Substitute|p1a: Serperior
|-start|p1a: Serperior|Substitute
|-damage|p1a: Serperior|29/100
|cant|p2a: Kyurem|par
|
|-heal|p1a: Serperior|35/100|[from] item: Leftovers
|upkeep
|turn|13
|
|t:|1758343180
|move|p1a: Serperior|Leech Seed|p2a: Kyurem
|-start|p2a: Kyurem|move: Leech Seed
|move|p2a: Kyurem|Earth Power|p1a: Serperior
|-supereffective|p1a: Serperior
|-end|p1a: Serperior|Substitute
|
|-heal|p1a: Serperior|41/100|[from] item: Leftovers
|-damage|p2a: Kyurem|88/100 par|[from] Leech Seed|[of] p1a: Serperior
|-heal|p1a: Serperior|58/100|[silent]
|upkeep
|turn|14
|
|t:|1758343197
|move|p1a: Serperior|Substitute|p1a: Serperior
|-start|p1a: Serperior|Substitute
|-damage|p1a: Serperior|33/100
|move|p2a: Kyurem|Earth Power|p1a: Serperior
|-supereffective|p1a: Serperior
|-end|p1a: Serperior|Substitute
|
|-heal|p1a: Serperior|39/100|[from] item: Leftovers
|-damage|p2a: Kyurem|76/100 par|[from] Leech Seed|[of] p1a: Serperior
|-heal|p1a: Serperior|55/100|[silent]
|upkeep
|turn|15
|
|t:|1758343204
|move|p1a: Serperior|Substitute|p1a: Serperior
|-start|p1a: Serperior|Substitute
|-damage|p1a: Serperior|30/100
|move|p2a: Kyurem|Earth Power|p1a: Serperior
|-supereffective|p1a: Serperior
|-end|p1a: Serperior|Substitute
|
|-heal|p1a: Serperior|36/100|[from] item: Leftovers
|-damage|p2a: Kyurem|64/100 par|[from] Leech Seed|[of] p1a: Serperior
|-heal|p1a: Serperior|53/100|[silent]
|upkeep
|turn|16
|
|t:|1758343213
|switch|p2a: Ninetales|Ninetales-Alola, F|100/100 par
|-weather|Snowscape|[from] ability: Snow Warning|[of] p2a: Ninetales
|move|p1a: Serperior|Substitute|p1a: Serperior
|-start|p1a: Serperior|Substitute
|-damage|p1a: Serperior|28/100
|
|-weather|Snowscape|[upkeep]
|-heal|p1a: Serperior|34/100|[from] item: Leftovers
|upkeep
|turn|17
|
|t:|1758343279
|move|p1a: Serperior|Leech Seed|p2a: Ninetales
|-start|p2a: Ninetales|move: Leech Seed
|move|p2a: Ninetales|Encore|p1a: Serperior
|-start|p1a: Serperior|Encore
|
|-weather|Snowscape|[upkeep]
|-heal|p1a: Serperior|40/100|[from] item: Leftovers
|-damage|p2a: Ninetales|88/100 par|[from] Leech Seed|[of] p1a: Serperior
|-heal|p1a: Serperior|52/100|[silent]
|upkeep
|turn|18
|
|t:|1758343289
|switch|p2a: Cetitan|Cetitan, F, shiny|100/100
|move|p1a: Serperior|Leech Seed|p2a: Cetitan|[miss]
|-miss|p1a: Serperior|p2a: Cetitan
|
|-weather|Snowscape|[upkeep]
|-heal|p1a: Serperior|58/100|[from] item: Leftovers
|upkeep
|turn|19
|
|t:|1758343294
|move|p2a: Cetitan|Belly Drum|p2a: Cetitan
|-damage|p2a: Cetitan|50/100
|-setboost|p2a: Cetitan|atk|6|[from] move: Belly Drum
|-enditem|p2a: Cetitan|Sitrus Berry|[eat]
|-heal|p2a: Cetitan|75/100|[from] item: Sitrus Berry
|move|p1a: Serperior|Leech Seed|p2a: Cetitan
|-start|p2a: Cetitan|move: Leech Seed
|
|-weather|Snowscape|[upkeep]
|-heal|p1a: Serperior|65/100|[from] item: Leftovers
|-damage|p2a: Cetitan|63/100|[from] Leech Seed|[of] p1a: Serperior
|-heal|p1a: Serperior|85/100|[silent]
|upkeep
|turn|20
|
|t:|1758343337
|move|p2a: Cetitan|Liquidation|p1a: Serperior
|-supereffective|p1a: Serperior
|-end|p1a: Serperior|Substitute
|move|p1a: Serperior|Leech Seed||[still]
|-fail|p1a: Serperior
|
|-weather|Snowscape|[upkeep]
|-heal|p1a: Serperior|91/100|[from] item: Leftovers
|-damage|p2a: Cetitan|50/100|[from] Leech Seed|[of] p1a: Serperior
|-heal|p1a: Serperior|100/100|[silent]
|-end|p1a: Serperior|Encore
|upkeep
|turn|21
|
|t:|1758343347
|move|p2a: Cetitan|Liquidation|p1a: Serperior
|-supereffective|p1a: Serperior
|-damage|p1a: Serperior|0 fnt
|faint|p1a: Serperior
|
|-weather|Snowscape|[upkeep]
|upkeep
|
|t:|1758343353
|switch|p1a: Zapdos|Zapdos|100/100
|turn|22
|
|t:|1758343357
|move|p2a: Cetitan|Ice Shard|p1a: Zapdos
|-supereffective|p1a: Zapdos
|-damage|p1a: Zapdos|0 fnt
|faint|p1a: Zapdos
|
|-weather|Snowscape|[upkeep]
|upkeep
|
|t:|1758343363
|switch|p1a: Rotom|Rotom-Wash|100/100
|turn|23
|
|t:|1758343366
|move|p2a: Cetitan|Ice Spinner|p1a: Rotom
|-resisted|p1a: Rotom
|-damage|p1a: Rotom|32/100
|move|p1a: Rotom|Thunder Wave|p2a: Cetitan
|-status|p2a: Cetitan|par
|
|-weather|none
|-heal|p1a: Rotom|38/100|[from] item: Leftovers
|-damage|p2a: Cetitan|38/100 par|[from] Leech Seed|[of] p1a: Rotom
|-heal|p1a: Rotom|60/100|[silent]
|upkeep
|turn|24
|
|t:|1758343372
|move|p1a: Rotom|Charge Beam|p2a: Cetitan
|-damage|p2a: Cetitan|19/100 par
|-boost|p1a: Rotom|spa|1
|move|p2a: Cetitan|Ice Spinner|p1a: Rotom
|-resisted|p1a: Rotom
|-damage|p1a: Rotom|0 fnt
|faint|p1a: Rotom
|
|upkeep
|
|t:|1758343376
|switch|p1a: Clefable|Clefable, F|100/100
|turn|25
|
|t:|1758343379
|move|p1a: Clefable|Cosmic Power|p1a: Clefable
|-boost|p1a: Clefable|def|1
|-boost|p1a: Clefable|spd|1
|move|p2a: Cetitan|Ice Spinner|p1a: Clefable
|-damage|p1a: Clefable|13/100
|
|-heal|p1a: Clefable|19/100|[from] item: Leftovers
|-damage|p2a: Cetitan|6/100 par|[from] Leech Seed|[of] p1a: Clefable
|-heal|p1a: Clefable|36/100|[silent]
|upkeep
|turn|26
|
|t:|1758343391
|move|p1a: Clefable|Charge Beam|p2a: Cetitan
|-damage|p2a: Cetitan|0 fnt
|-boost|p1a: Clefable|spa|1
|faint|p2a: Cetitan
|
|-heal|p1a: Clefable|42/100|[from] item: Leftovers
|upkeep
|
|t:|1758343400
|switch|p2a: Ninetales|Ninetales-Alola, F|88/100 par
|-weather|Snowscape|[from] ability: Snow Warning|[of] p2a: Ninetales
|turn|27
|
|t:|1758343404
|switch|p2a: Kyurem|Kyurem, shiny|64/100 par
|-ability|p2a: Kyurem|Pressure
|move|p1a: Clefable|Cosmic Power|p1a: Clefable
|-boost|p1a: Clefable|def|1
|-boost|p1a: Clefable|spd|1
|
|-weather|Snowscape|[upkeep]
|-heal|p1a: Clefable|48/100|[from] item: Leftovers
|upkeep
|turn|28
|
|t:|1758343418
|move|p2a: Kyurem|Blizzard|p1a: Clefable
|-damage|p1a: Clefable|21/100
|move|p1a: Clefable|Cosmic Power|p1a: Clefable
|-boost|p1a: Clefable|def|1
|-boost|p1a: Clefable|spd|1
|
|-weather|Snowscape|[upkeep]
|-heal|p1a: Clefable|27/100|[from] item: Leftovers
|upkeep
|turn|29
|
|t:|1758343429
|move|p2a: Kyurem|Blizzard|p1a: Clefable
|-damage|p1a: Clefable|7/100
|move|p1a: Clefable|Draining Kiss|p2a: Kyurem
|-supereffective|p2a: Kyurem
|-damage|p2a: Kyurem|16/100 par
|-heal|p1a: Clefable|47/100|[from] drain|[of] p2a: Kyurem
|
|-weather|Snowscape|[upkeep]
|-heal|p1a: Clefable|53/100|[from] item: Leftovers
|upkeep
|turn|30
|
|t:|1758343440
|switch|p2a: Tornadus|Tornadus-Therian, M, shiny|100/100
|move|p1a: Clefable|Cosmic Power|p1a: Clefable
|-boost|p1a: Clefable|def|1
|-boost|p1a: Clefable|spd|1
|
|-weather|Snowscape|[upkeep]
|-heal|p1a: Clefable|59/100|[from] item: Leftovers
|upkeep
|turn|31
|
|t:|1758343448
|move|p2a: Tornadus|Knock Off|p1a: Clefable
|-resisted|p1a: Clefable
|-damage|p1a: Clefable|56/100
|-enditem|p1a: Clefable|Leftovers|[from] move: Knock Off|[of] p2a: Tornadus
|move|p1a: Clefable|Cosmic Power|p1a: Clefable
|-boost|p1a: Clefable|def|1
|-boost|p1a: Clefable|spd|1
|
|-weather|Snowscape|[upkeep]
|upkeep
|turn|32
|
|t:|1758343457
|move|p2a: Tornadus|U-turn|p1a: Clefable
|-resisted|p1a: Clefable
|-damage|p1a: Clefable|54/100
|
|t:|1758343460
|switch|p2a: Corviknight|Corviknight, M, shiny|100/100|[from] U-turn
|-ability|p2a: Corviknight|Pressure
|move|p1a: Clefable|Cosmic Power|p1a: Clefable
|-boost|p1a: Clefable|def|1
|-boost|p1a: Clefable|spd|1
|
|-weather|Snowscape|[upkeep]
|upkeep
|turn|33
|
|t:|1758343466
|move|p2a: Corviknight|U-turn|p1a: Clefable
|-resisted|p1a: Clefable
|-damage|p1a: Clefable|52/100
|
|t:|1758343471
|switch|p2a: Kyurem|Kyurem, shiny|16/100 par|[from] U-turn
|-ability|p2a: Kyurem|Pressure
|move|p1a: Clefable|Charge Beam|p2a: Kyurem
|-resisted|p2a: Kyurem
|-damage|p2a: Kyurem|8/100 par
|-boost|p1a: Clefable|spa|1
|
|-weather|Snowscape|[upkeep]
|upkeep
|turn|34
|
|t:|1758343489
|move|p2a: Kyurem|Blizzard|p1a: Clefable
|-damage|p1a: Clefable|40/100
|-status|p1a: Clefable|frz
|cant|p1a: Clefable|frz
|
|-weather|none
|upkeep
|turn|35
|
|t:|1758343501
|switch|p2a: Corviknight|Corviknight, M, shiny|100/100
|-ability|p2a: Corviknight|Pressure
|cant|p1a: Clefable|frz
|
|upkeep
|turn|36
|
|t:|1758343522
|move|p2a: Corviknight|Brave Bird|p1a: Clefable
|-damage|p1a: Clefable|32/100 frz
|-damage|p2a: Corviknight|98/100|[from] Recoil
|cant|p1a: Clefable|frz
|
|upkeep
|turn|37
|
|t:|1758343527
|move|p2a: Corviknight|Brave Bird|p1a: Clefable
|-damage|p1a: Clefable|23/100 frz
|-damage|p2a: Corviknight|95/100|[from] Recoil
|cant|p1a: Clefable|frz
|
|upkeep
|turn|38
|
|t:|1758343531
|move|p2a: Corviknight|Brave Bird|p1a: Clefable
|-damage|p1a: Clefable|14/100 frz
|-damage|p2a: Corviknight|93/100|[from] Recoil
|cant|p1a: Clefable|frz
|
|upkeep
|turn|39
|
|t:|1758343534
|move|p2a: Corviknight|Brave Bird|p1a: Clefable
|-damage|p1a: Clefable|6/100 frz
|-damage|p2a: Corviknight|91/100|[from] Recoil
|-curestatus|p1a: Clefable|frz|[msg]
|move|p1a: Clefable|Stored Power|p2a: Corviknight
|-resisted|p2a: Corviknight
|-damage|p2a: Corviknight|47/100
|
|upkeep
|turn|40
|
|t:|1758343539
|move|p2a: Corviknight|Brave Bird|p1a: Clefable
|-damage|p1a: Clefable|0 fnt
|faint|p1a: Clefable
|-damage|p2a: Corviknight|45/100|[from] Recoil
|
|win|Shell7
|raw|Charle_phate's rating: 1314 &rarr; <strong>1298</strong><br />(-16 for losing)
|raw|Shell7's rating: 1383 &rarr; <strong>1399</strong><br />(+16 for winning)
|l|☆Shell7
|player|p2|
|l|☆Charle_phate
|player|p1|
