|j|☆Scuhbee-Fluff
|j|☆lsimcoates
|t:|1758273149
|gametype|singles
|player|p1|Scuhbee-Fluff|swimmerf-gen4|1265
|player|p2|lsimcoates|265|1309
|gen|9
|tier|[Gen 9] OU
|rated|
|rule|HP Percentage Mod: HP is shown in percentages
|rule|Endless Battle Clause: Forcing endless battles is banned
|rule|Species Clause: Limit one of each Pokémon
|rule|OHKO Clause: OHKO moves are banned
|rule|Evasion Items Clause: Evasion items are banned
|rule|Evasion Moves Clause: Evasion moves are banned
|rule|Evasion Abilities Clause: Evasion abilities are banned
|rule|Sleep Moves Clause: Sleep-inducing moves are banned
|clearpoke
|poke|p1|Smeargle, M|
|poke|p1|Serperior, M|
|poke|p1|Malamar, M|
|poke|p1|Dusclops, M|
|poke|p1|Kingambit, M|
|poke|p1|Empoleon, M|
|poke|p2|Hoopa-Unbound|
|poke|p2|Slowking-Galar, F|
|poke|p2|Alomomola, F|
|poke|p2|Zamazenta-*|
|poke|p2|Great Tusk|
|poke|p2|Kingambit, F|
|teampreview
|inactive|Battle timer is ON: inactive players will automatically lose when time's up. (requested by lsimcoates)
|j| sshabbii
|
|t:|1758273165
|teamsize|p1|6
|teamsize|p2|6
|start
|switch|p1a: Smeargle|Smeargle, M|100/100
|switch|p2a: Slowking|Slowking-Galar, F|100/100
|turn|1
|
|t:|1758273172
|move|p1a: Smeargle|Sticky Web|p2a: Slowking
|-sidestart|p2: lsimcoates|move: Sticky Web
|move|p2a: Slowking|Future Sight|p1a: Smeargle
|-start|p2a: Slowking|move: Future Sight
|
|upkeep
|turn|2
|
|t:|1758273178
|move|p1a: Smeargle|Court Change|p1a: Smeargle
|-swapsideconditions
|-activate|p1a: Smeargle|move: Court Change
|move|p2a: Slowking|Sludge Bomb|p1a: Smeargle
|-damage|p1a: Smeargle|19/100
|
|upkeep
|turn|3
|
|t:|1758273185
|move|p1a: Smeargle|Sticky Web|p2a: Slowking
|-sidestart|p2: lsimcoates|move: Sticky Web
|-prepare|p2a: Slowking|Chilly Reception|[premajor]
|move|p2a: Slowking|Chilly Reception|p2a: Slowking
|-weather|Snowscape
|
|t:|1758273190
|switch|p2a: Hoopa|Hoopa-Unbound|100/100|[from] Chilly Reception
|-activate|p2a: Hoopa|move: Sticky Web
|-unboost|p2a: Hoopa|spe|1
|
|-weather|Snowscape|[upkeep]
|-end|p1a: Smeargle|move: Future Sight
|-damage|p1a: Smeargle|0 fnt
|faint|p1a: Smeargle
|upkeep
|c|☆lsimcoates|ah a nice gimmik
|
|t:|1758273205
|switch|p1a: Kingambit|Kingambit, M, shiny|100/100
|-activate|p1a: Kingambit|move: Sticky Web
|-unboost|p1a: Kingambit|spe|1
|-ability|p1a: Kingambit|Defiant|boost
|-boost|p1a: Kingambit|atk|2
|turn|4
|c|☆Scuhbee-Fluff|:D
|
|t:|1758273217
|-terastallize|p2a: Hoopa|Dark
|move|p2a: Hoopa|Drain Punch|p1a: Kingambit
|-supereffective|p1a: Kingambit
|-crit|p1a: Kingambit
|-damage|p1a: Kingambit|0 fnt
|faint|p1a: Kingambit
|
|-weather|Snowscape|[upkeep]
|upkeep
|
|t:|1758273226
|switch|p1a: MY BEST FRIEND|Malamar, M|100/100
|-activate|p1a: MY BEST FRIEND|move: Sticky Web
|-boost|p1a: MY BEST FRIEND|spe|1
|turn|5
|
|t:|1758273239
|switch|p2a: Slowking|Slowking-Galar, F|100/100
|move|p1a: MY BEST FRIEND|Superpower|p2a: Slowking
|-resisted|p2a: Slowking
|-damage|p2a: Slowking|94/100
|-boost|p1a: MY BEST FRIEND|atk|1
|-boost|p1a: MY BEST FRIEND|def|1
|
|-weather|Snowscape|[upkeep]
|upkeep
|turn|6
|
|t:|1758273247
|move|p1a: MY BEST FRIEND|Knock Off|p2a: Slowking
|-supereffective|p2a: Slowking
|-damage|p2a: Slowking|2/100
|-enditem|p2a: Slowking|Heavy-Duty Boots|[from] move: Knock Off|[of] p1a: MY BEST FRIEND
|move|p2a: Slowking|Sludge Bomb|p1a: MY BEST FRIEND
|-damage|p1a: MY BEST FRIEND|73/100
|
|-weather|Snowscape|[upkeep]
|-heal|p1a: MY BEST FRIEND|79/100|[from] item: Leftovers
|upkeep
|turn|7
|
|t:|1758273262
|switch|p2a: Alomomola|Alomomola, F|100/100
|move|p1a: MY BEST FRIEND|Superpower|p2a: Alomomola
|-damage|p2a: Alomomola|79/100
|-boost|p1a: MY BEST FRIEND|atk|1
|-boost|p1a: MY BEST FRIEND|def|1
|
|-weather|none
|-heal|p1a: MY BEST FRIEND|86/100|[from] item: Leftovers
|upkeep
|turn|8
|
|t:|1758273271
|move|p1a: MY BEST FRIEND|Superpower|p2a: Alomomola
|-damage|p2a: Alomomola|47/100
|-boost|p1a: MY BEST FRIEND|atk|1
|-boost|p1a: MY BEST FRIEND|def|1
|move|p2a: Alomomola|Tickle|p1a: MY BEST FRIEND
|-boost|p1a: MY BEST FRIEND|atk|1
|-boost|p1a: MY BEST FRIEND|def|1
|
|-heal|p1a: MY BEST FRIEND|92/100|[from] item: Leftovers
|upkeep
|turn|9
|
|t:|1758273280
|move|p1a: MY BEST FRIEND|Superpower|p2a: Alomomola
|-damage|p2a: Alomomola|4/100
|-boost|p1a: MY BEST FRIEND|atk|1
|-boost|p1a: MY BEST FRIEND|def|1
|move|p2a: Alomomola|Flip Turn|p1a: MY BEST FRIEND
|-damage|p1a: MY BEST FRIEND|87/100
|-message|lsimcoates forfeited.
|
|win|Scuhbee-Fluff
|raw|Scuhbee-Fluff's rating: 1265 &rarr; <strong>1293</strong><br />(+28 for winning)
|raw|lsimcoates's rating: 1309 &rarr; <strong>1286</strong><br />(-23 for losing)
|l|☆lsimcoates
|player|p2|
|l|☆Scuhbee-Fluff
|player|p1|
|l| sshabbii
