|j|☆ThatBrownBoy
|j|☆mojiji
|t:|1758292615
|gametype|singles
|player|p1|ThatBrownBoy|2|1235
|player|p2|mojiji|1|1280
|gen|9
|tier|[Gen 9] OU
|rated|
|rule|HP Percentage Mod: HP is shown in percentages
|rule|Endless Battle Clause: Forcing endless battles is banned
|rule|Species Clause: Limit one of each Pokémon
|rule|OHKO Clause: OHKO moves are banned
|rule|Evasion Items Clause: Evasion items are banned
|rule|Evasion Moves Clause: Evasion moves are banned
|rule|Evasion Abilities Clause: Evasion abilities are banned
|rule|Sleep Moves Clause: Sleep-inducing moves are banned
|clearpoke
|poke|p1|Ambipom, F|
|poke|p1|Grimmsnarl, M|
|poke|p1|Ursaluna, F|
|poke|p1|Dragonite, M|
|poke|p1|Zoroark-Hisui, M|
|poke|p1|Corviknight, F|
|poke|p2|Samurott-Hisui, F|
|poke|p2|Mamoswine, M|
|poke|p2|Volcanion|
|poke|p2|Hydrapple, M|
|poke|p2|Gholdengo|
|poke|p2|Landorus-Therian, M|
|teampreview
|inactive|Battle timer is ON: inactive players will automatically lose when time's up. (requested by ThatBrownBoy)
|
|t:|1758292628
|teamsize|p1|6
|teamsize|p2|6
|start
|switch|p1a: Ursaluna|Ursaluna, F, shiny|100/100
|switch|p2a: Samurott|Samurott-Hisui, F, shiny|100/100
|turn|1
|
|t:|1758292642
|switch|p1a: Corviknight|Corviknight, F|100/100
|-ability|p1a: Corviknight|Pressure
|move|p2a: Samurott|Ceaseless Edge|p1a: Corviknight
|-damage|p1a: Corviknight|71/100
|-damage|p2a: Samurott|84/100|[from] item: Rocky Helmet|[of] p1a: Corviknight
|-sidestart|p1: ThatBrownBoy|Spikes
|
|upkeep
|turn|2
|
|t:|1758292656
|switch|p2a: Volcanion|Volcanion|100/100
|move|p1a: Corviknight|Roost|p1a: Corviknight
|-heal|p1a: Corviknight|100/100
|-singleturn|p1a: Corviknight|move: Roost
|
|upkeep
|turn|3
|
|t:|1758292674
|switch|p1a: Grimmsnarl|Grimmsnarl, M, shiny|100/100
|move|p2a: Volcanion|Will-O-Wisp|p1a: Grimmsnarl|[miss]
|-miss|p2a: Volcanion|p1a: Grimmsnarl
|
|upkeep
|turn|4
|
|t:|1758292682
|switch|p2a: Samurott|Samurott-Hisui, F, shiny|84/100
|move|p1a: Grimmsnarl|Fake Out|p2a: Samurott
|-damage|p2a: Samurott|69/100
|
|upkeep
|turn|5
|
|t:|1758292690
|switch|p1a: Corviknight|Corviknight, F|100/100
|-ability|p1a: Corviknight|Pressure
|move|p2a: Samurott|Ceaseless Edge|p1a: Corviknight
|-crit|p1a: Corviknight
|-damage|p1a: Corviknight|58/100
|-damage|p2a: Samurott|52/100|[from] item: Rocky Helmet|[of] p1a: Corviknight
|-sidestart|p1: ThatBrownBoy|Spikes
|
|upkeep
|turn|6
|
|t:|1758292700
|switch|p2a: Volcanion|Volcanion|100/100
|move|p1a: Corviknight|Roost|p1a: Corviknight
|-heal|p1a: Corviknight|100/100
|-singleturn|p1a: Corviknight|move: Roost
|
|upkeep
|turn|7
|
|t:|1758292709
|switch|p1a: Ursaluna|Ursaluna, F, shiny|100/100
|-damage|p1a: Ursaluna|84/100|[from] Spikes
|move|p2a: Volcanion|Will-O-Wisp|p1a: Ursaluna
|-status|p1a: Ursaluna|brn
|
|-damage|p1a: Ursaluna|78/100 brn|[from] brn
|upkeep
|turn|8
|
|t:|1758292720
|-terastallize|p1a: Ursaluna|Steel
|move|p2a: Volcanion|Steam Eruption|p1a: Ursaluna
|-damage|p1a: Ursaluna|30/100 brn
|move|p1a: Ursaluna|Facade|p2a: Volcanion
|-damage|p2a: Volcanion|0 fnt
|faint|p2a: Volcanion
|
|-damage|p1a: Ursaluna|24/100 brn|[from] brn
|upkeep
|
|t:|1758292734
|switch|p2a: Mamoswine|Mamoswine, M, shiny|100/100
|turn|9
|
|t:|1758292743
|move|p2a: Mamoswine|Earthquake|p1a: Ursaluna
|-supereffective|p1a: Ursaluna
|-damage|p1a: Ursaluna|0 fnt
|faint|p1a: Ursaluna
|-damage|p2a: Mamoswine|91/100|[from] item: Life Orb
|
|upkeep
|
|t:|1758292745
|switch|p1a: Corviknight|Corviknight, F|100/100
|-ability|p1a: Corviknight|Pressure
|turn|10
|
|t:|1758292757
|move|p2a: Mamoswine|Icicle Crash|p1a: Corviknight
|-damage|p1a: Corviknight|61/100
|-damage|p2a: Mamoswine|81/100|[from] item: Life Orb
|move|p1a: Corviknight|Defog|p2a: Mamoswine
|-unboost|p2a: Mamoswine|evasion|1
|-sideend|p1: ThatBrownBoy|Spikes|[from] move: Defog|[of] p1a: Corviknight
|
|upkeep
|turn|11
|
|t:|1758292779
|move|p2a: Mamoswine|Icicle Crash|p1a: Corviknight
|-damage|p1a: Corviknight|22/100
|-damage|p2a: Mamoswine|71/100|[from] item: Life Orb
|move|p1a: Corviknight|Roost|p1a: Corviknight
|-heal|p1a: Corviknight|72/100
|-singleturn|p1a: Corviknight|move: Roost
|
|upkeep
|turn|12
|
|t:|1758292789
|move|p2a: Mamoswine|Icicle Crash|p1a: Corviknight
|-damage|p1a: Corviknight|36/100
|-damage|p2a: Mamoswine|61/100|[from] item: Life Orb
|cant|p1a: Corviknight|flinch
|
|upkeep
|turn|13
|
|t:|1758292799
|switch|p1a: Grimmsnarl|Grimmsnarl, M, shiny|100/100
|move|p2a: Mamoswine|Icicle Crash|p1a: Grimmsnarl|[miss]
|-miss|p2a: Mamoswine|p1a: Grimmsnarl
|
|upkeep
|turn|14
|
|t:|1758292809
|switch|p2a: Landorus|Landorus-Therian, M, shiny|100/100
|-ability|p2a: Landorus|Intimidate|boost
|-unboost|p1a: Grimmsnarl|atk|1
|move|p1a: Grimmsnarl|Fake Out|p2a: Landorus
|-damage|p2a: Landorus|89/100
|
|upkeep
|turn|15
|
|t:|1758292820
|move|p1a: Grimmsnarl|Parting Shot|p2a: Landorus
|-unboost|p2a: Landorus|atk|1
|-unboost|p2a: Landorus|spa|1
|
|t:|1758292823
|switch|p1a: Corviknight|Corviknight, F|36/100|[from] Parting Shot
|-ability|p1a: Corviknight|Pressure
|move|p2a: Landorus|U-turn|p1a: Corviknight
|-resisted|p1a: Corviknight
|-damage|p1a: Corviknight|33/100
|-damage|p2a: Landorus|73/100|[from] item: Rocky Helmet|[of] p1a: Corviknight
|
|t:|1758292833
|switch|p2a: Mamoswine|Mamoswine, M, shiny|61/100|[from] U-turn
|
|upkeep
|turn|16
|
|t:|1758292840
|switch|p1a: Grimmsnarl|Grimmsnarl, M, shiny|100/100
|move|p2a: Mamoswine|Icicle Crash|p1a: Grimmsnarl
|-damage|p1a: Grimmsnarl|23/100
|-damage|p2a: Mamoswine|51/100|[from] item: Life Orb
|
|upkeep
|turn|17
|
|t:|1758292849
|switch|p2a: Landorus|Landorus-Therian, M, shiny|73/100
|-ability|p2a: Landorus|Intimidate|boost
|-unboost|p1a: Grimmsnarl|atk|1
|move|p1a: Grimmsnarl|Fake Out|p2a: Landorus
|-damage|p2a: Landorus|62/100
|
|upkeep
|turn|18
|
|t:|1758292857
|switch|p2a: Samurott|Samurott-Hisui, F, shiny|52/100
|move|p1a: Grimmsnarl|Parting Shot|p2a: Samurott
|-hint|Since gen 7, Dark is immune to Prankster moves.
|-immune|p2a: Samurott
|
|upkeep
|turn|19
|
|t:|1758292867
|move|p2a: Samurott|Ceaseless Edge|p1a: Grimmsnarl
|-resisted|p1a: Grimmsnarl
|-damage|p1a: Grimmsnarl|9/100
|-sidestart|p1: ThatBrownBoy|Spikes
|move|p1a: Grimmsnarl|Drain Punch|p2a: Samurott
|-supereffective|p2a: Samurott
|-damage|p2a: Samurott|13/100
|-heal|p1a: Grimmsnarl|28/100|[from] drain|[of] p2a: Samurott
|
|upkeep
|turn|20
|
|t:|1758292877
|switch|p1a: Corviknight|Corviknight, F|33/100
|-ability|p1a: Corviknight|Pressure
|move|p2a: Samurott|Razor Shell|p1a: Corviknight
|-damage|p1a: Corviknight|0 fnt
|-damage|p2a: Samurott|0 fnt|[from] item: Rocky Helmet|[of] p1a: Corviknight
|faint|p1a: Corviknight
|faint|p2a: Samurott
|
|upkeep
|
|t:|1758292897
|switch|p2a: Landorus|Landorus-Therian, M, shiny|62/100
|switch|p1a: Ambipom|Ambipom, F, shiny|100/100
|-ability|p2a: Landorus|Intimidate|boost
|-unboost|p1a: Ambipom|atk|1
|-damage|p1a: Ambipom|88/100|[from] Spikes
|turn|21
|inactive|ThatBrownBoy has 120 seconds left.
|
|t:|1758292944
|move|p1a: Ambipom|Fake Out|p2a: Landorus
|-damage|p2a: Landorus|35/100
|cant|p2a: Landorus|flinch
|
|upkeep
|turn|22
|
|t:|1758292951
|move|p2a: Landorus|U-turn|p1a: Ambipom
|-damage|p1a: Ambipom|48/100
|
|t:|1758292955
|switch|p2a: Gholdengo|Gholdengo, shiny|100/100|[from] U-turn
|-item|p2a: Gholdengo|Air Balloon
|move|p1a: Ambipom|Knock Off|p2a: Gholdengo
|-supereffective|p2a: Gholdengo
|-damage|p2a: Gholdengo|65/100
|-enditem|p2a: Gholdengo|Air Balloon
|
|upkeep
|turn|23
|inactive|ThatBrownBoy has 120 seconds left.
|
|t:|1758292965
|move|p1a: Ambipom|Knock Off|p2a: Gholdengo
|-supereffective|p2a: Gholdengo
|-damage|p2a: Gholdengo|39/100
|move|p2a: Gholdengo|Make It Rain|p1a: Ambipom
|-damage|p1a: Ambipom|0 fnt
|-unboost|p2a: Gholdengo|spa|1
|faint|p1a: Ambipom
|
|upkeep
|
|t:|1758292970
|switch|p1a: Dragonite|Dragonite, M, shiny|100/100
|turn|24
|
|t:|1758292980
|move|p1a: Dragonite|Dragon Dance|p1a: Dragonite
|-boost|p1a: Dragonite|atk|1
|-boost|p1a: Dragonite|spe|1
|move|p2a: Gholdengo|Thunder Wave|p1a: Dragonite
|-status|p1a: Dragonite|par
|
|upkeep
|turn|25
|
|t:|1758292988
|move|p2a: Gholdengo|Recover|p2a: Gholdengo
|-heal|p2a: Gholdengo|90/100
|move|p1a: Dragonite|Dragon Dance|p1a: Dragonite
|-boost|p1a: Dragonite|atk|1
|-boost|p1a: Dragonite|spe|1
|
|upkeep
|turn|26
|
|t:|1758292996
|switch|p2a: Landorus|Landorus-Therian, M, shiny|35/100
|-ability|p2a: Landorus|Intimidate|boost
|-unboost|p1a: Dragonite|atk|1
|move|p1a: Dragonite|Earthquake|p2a: Landorus
|-immune|p2a: Landorus
|
|upkeep
|turn|27
|
|t:|1758293005
|move|p2a: Landorus|Stone Edge|p1a: Dragonite
|-supereffective|p1a: Dragonite
|-damage|p1a: Dragonite|58/100 par
|cant|p1a: Dragonite|par
|
|upkeep
|turn|28
|
|t:|1758293011
|move|p1a: Dragonite|Extreme Speed|p2a: Landorus
|-damage|p2a: Landorus|0 fnt
|faint|p2a: Landorus
|
|upkeep
|
|t:|1758293019
|switch|p2a: Mamoswine|Mamoswine, M, shiny|51/100
|turn|29
|
|t:|1758293024
|move|p1a: Dragonite|Extreme Speed|p2a: Mamoswine
|-damage|p2a: Mamoswine|0 fnt
|faint|p2a: Mamoswine
|
|upkeep
|
|t:|1758293030
|switch|p2a: Gholdengo|Gholdengo, shiny|90/100
|turn|30
|
|t:|1758293036
|cant|p1a: Dragonite|par
|move|p2a: Gholdengo|Hex|p1a: Dragonite
|-damage|p1a: Dragonite|0 fnt
|faint|p1a: Dragonite
|
|upkeep
|
|t:|1758293041
|switch|p1a: Grimmsnarl|Grimmsnarl, M, shiny|100/100
|-damage|p1a: Grimmsnarl|88/100|[from] Spikes
|turn|31
|
|t:|1758293051
|switch|p2a: Hydrapple|Hydrapple, M, shiny|100/100
|move|p1a: Grimmsnarl|Flamethrower|p2a: Hydrapple
|-damage|p2a: Hydrapple|70/100
|
|upkeep
|turn|32
|
|t:|1758293064
|-terastallize|p2a: Hydrapple|Fairy
|move|p1a: Grimmsnarl|Nasty Plot|p1a: Grimmsnarl
|-boost|p1a: Grimmsnarl|spa|2
|move|p2a: Hydrapple|Fickle Beam|p1a: Grimmsnarl
|-damage|p1a: Grimmsnarl|27/100
|replace|p1a: Zoroark|Zoroark-Hisui, M, shiny
|-end|p1a: Zoroark|Illusion
|
|upkeep
|turn|33
|
|t:|1758293074
|move|p1a: Zoroark|Hyper Voice|p2a: Hydrapple
|-damage|p2a: Hydrapple|0 fnt
|faint|p2a: Hydrapple
|
|upkeep
|
|t:|1758293079
|switch|p2a: Gholdengo|Gholdengo, shiny|90/100
|turn|34
|
|t:|1758293083
|move|p1a: Zoroark|Flamethrower|p2a: Gholdengo
|-supereffective|p2a: Gholdengo
|-damage|p2a: Gholdengo|0 fnt
|faint|p2a: Gholdengo
|
|win|ThatBrownBoy
|raw|ThatBrownBoy's rating: 1235 &rarr; <strong>1263</strong><br />(+28 for winning)
|raw|mojiji's rating: 1280 &rarr; <strong>1252</strong><br />(-28 for losing)
|l|☆ThatBrownBoy
|player|p1|
|l|☆mojiji
|player|p2|
