|j|☆lolboi6969
|j|☆alexismarelli
|t:|1758303349
|gametype|singles
|player|p1|lolboi6969|101|1160
|player|p2|alexismarelli|265|1138
|gen|9
|tier|[Gen 9] OU
|rated|
|rule|HP Percentage Mod: HP is shown in percentages
|rule|Endless Battle Clause: Forcing endless battles is banned
|rule|Species Clause: Limit one of each Pokémon
|rule|OHKO Clause: OHKO moves are banned
|rule|Evasion Items Clause: Evasion items are banned
|rule|Evasion Moves Clause: Evasion moves are banned
|rule|Evasion Abilities Clause: Evasion abilities are banned
|rule|Sleep Moves Clause: Sleep-inducing moves are banned
|clearpoke
|poke|p1|Dragonite, F|
|poke|p1|Gholdengo|
|poke|p1|Regidrago|
|poke|p1|Scizor, M|
|poke|p1|Ting-Lu|
|poke|p1|Weezing-Galar, F|
|poke|p2|Eiscue, F|
|poke|p2|Wyrdeer, F|
|poke|p2|Conkeldurr, M|
|poke|p2|Spiritomb, M|
|poke|p2|Magnezone|
|poke|p2|Chesnaught, F|
|teampreview
|inactive|Battle timer is ON: inactive players will automatically lose when time's up. (requested by lolboi6969)
|
|t:|1758303361
|teamsize|p1|6
|teamsize|p2|6
|start
|switch|p1a: Ting-Lu|Ting-Lu|100/100
|switch|p2a: Eiscue|Eiscue, F|100/100
|-ability|p1a: Ting-Lu|Vessel of Ruin
|turn|1
|
|t:|1758303365
|move|p2a: Eiscue|Belly Drum|p2a: Eiscue
|-damage|p2a: Eiscue|50/100
|-setboost|p2a: Eiscue|atk|6|[from] move: Belly Drum
|-enditem|p2a: Eiscue|Sitrus Berry|[eat]
|-heal|p2a: Eiscue|75/100|[from] item: Sitrus Berry
|move|p1a: Ting-Lu|Stealth Rock|p2a: Eiscue
|-sidestart|p2: alexismarelli|move: Stealth Rock
|
|upkeep
|turn|2
|
|t:|1758303367
|move|p2a: Eiscue|Ice Spinner|p1a: Ting-Lu
|-supereffective|p1a: Ting-Lu
|-damage|p1a: Ting-Lu|0 fnt
|faint|p1a: Ting-Lu
|
|upkeep
|
|t:|1758303372
|switch|p1a: Weezing|Weezing-Galar, F|100/100
|-ability|p1a: Weezing|Neutralizing Gas
|turn|3
|
|t:|1758303378
|move|p2a: Eiscue|Zen Headbutt|p1a: Weezing
|-supereffective|p1a: Weezing
|-damage|p1a: Weezing|0 fnt
|faint|p1a: Weezing
|-end|p1a: Weezing|ability: Neutralizing Gas
|
|upkeep
|
|t:|1758303381
|switch|p1a: Scizor|Scizor, M|100/100
|turn|4
|
|t:|1758303385
|move|p1a: Scizor|Bullet Punch|p2a: Eiscue
|-activate|p2a: Eiscue|ability: Ice Face
|-damage|p2a: Eiscue|75/100
|detailschange|p2a: Eiscue|Eiscue-Noice, F
|move|p2a: Eiscue|Ice Spinner|p1a: Scizor
|-resisted|p1a: Scizor
|-damage|p1a: Scizor|34/100
|
|upkeep
|turn|5
|
|t:|1758303389
|-terastallize|p2a: Eiscue|Water
|move|p1a: Scizor|Bullet Punch|p2a: Eiscue
|-resisted|p2a: Eiscue
|-damage|p2a: Eiscue|35/100
|move|p2a: Eiscue|Liquidation|p1a: Scizor
|-damage|p1a: Scizor|0 fnt
|faint|p1a: Scizor
|
|upkeep
|
|t:|1758303399
|switch|p1a: Dragonite|Dragonite, F|100/100
|turn|6
|
|t:|1758303402
|move|p1a: Dragonite|Extreme Speed|p2a: Eiscue
|-damage|p2a: Eiscue|0 fnt
|faint|p2a: Eiscue
|
|upkeep
|
|t:|1758303406
|switch|p2a: Chesnaught|Chesnaught, F|100/100
|-damage|p2a: Chesnaught|94/100|[from] Stealth Rock
|turn|7
|
|t:|1758303417
|move|p1a: Dragonite|Dragon Dance|p1a: Dragonite
|-boost|p1a: Dragonite|atk|1
|-boost|p1a: Dragonite|spe|1
|move|p2a: Chesnaught|Knock Off|p1a: Dragonite
|-damage|p1a: Dragonite|83/100
|-enditem|p1a: Dragonite|Heavy-Duty Boots|[from] move: Knock Off|[of] p2a: Chesnaught
|
|upkeep
|turn|8
|
|t:|1758303425
|switch|p2a: Wyrdeer|Wyrdeer, F|100/100
|-damage|p2a: Wyrdeer|88/100|[from] Stealth Rock
|-ability|p2a: Wyrdeer|Intimidate|boost
|-unboost|p1a: Dragonite|atk|1
|move|p1a: Dragonite|Dragon Dance|p1a: Dragonite
|-boost|p1a: Dragonite|atk|1
|-boost|p1a: Dragonite|spe|1
|
|-heal|p2a: Wyrdeer|94/100|[from] item: Leftovers
|upkeep
|turn|9
|
|t:|1758303431
|move|p1a: Dragonite|Roost|p1a: Dragonite
|-heal|p1a: Dragonite|100/100
|-singleturn|p1a: Dragonite|move: Roost
|move|p2a: Wyrdeer|Thunder Wave|p1a: Dragonite
|-status|p1a: Dragonite|par
|
|-heal|p2a: Wyrdeer|99/100|[from] item: Leftovers
|upkeep
|turn|10
|
|t:|1758303440
|switch|p2a: Spiritomb|Spiritomb, M|100/100
|-damage|p2a: Spiritomb|88/100|[from] Stealth Rock
|-terastallize|p1a: Dragonite|Normal
|cant|p1a: Dragonite|par
|
|-heal|p2a: Spiritomb|94/100|[from] item: Leftovers
|upkeep
|turn|11
|
|t:|1758303444
|move|p1a: Dragonite|Earthquake|p2a: Spiritomb
|-damage|p2a: Spiritomb|38/100
|move|p2a: Spiritomb|Foul Play|p1a: Dragonite
|-damage|p1a: Dragonite|56/100 par
|
|-heal|p2a: Spiritomb|44/100|[from] item: Leftovers
|upkeep
|turn|12
|
|t:|1758303454
|move|p2a: Spiritomb|Sucker Punch|p1a: Dragonite
|-damage|p1a: Dragonite|35/100 par
|move|p1a: Dragonite|Earthquake|p2a: Spiritomb
|-damage|p2a: Spiritomb|0 fnt
|faint|p2a: Spiritomb
|
|upkeep
|
|t:|1758303458
|switch|p2a: Conkeldurr|Conkeldurr, M|100/100
|-damage|p2a: Conkeldurr|94/100|[from] Stealth Rock
|turn|13
|
|t:|1758303462
|cant|p1a: Dragonite|par
|move|p2a: Conkeldurr|Mach Punch|p1a: Dragonite
|-supereffective|p1a: Dragonite
|-damage|p1a: Dragonite|0 fnt
|faint|p1a: Dragonite
|
|-status|p2a: Conkeldurr|brn|[from] item: Flame Orb
|upkeep
|
|t:|1758303467
|switch|p1a: Gholdengo|Gholdengo|100/100
|turn|14
|
|t:|1758303471
|move|p1a: Gholdengo|Make It Rain|p2a: Conkeldurr
|-damage|p2a: Conkeldurr|0 fnt
|-unboost|p1a: Gholdengo|spa|1
|faint|p2a: Conkeldurr
|
|upkeep
|
|t:|1758303476
|switch|p2a: Magnezone|Magnezone|100/100
|-damage|p2a: Magnezone|94/100|[from] Stealth Rock
|turn|15
|
|t:|1758303479
|move|p1a: Gholdengo|Nasty Plot|p1a: Gholdengo
|-boost|p1a: Gholdengo|spa|2
|move|p2a: Magnezone|Discharge|p1a: Gholdengo
|-damage|p1a: Gholdengo|34/100
|
|-heal|p2a: Magnezone|100/100|[from] item: Leftovers
|upkeep
|turn|16
|
|t:|1758303487
|move|p1a: Gholdengo|Make It Rain|p2a: Magnezone
|-resisted|p2a: Magnezone
|-damage|p2a: Magnezone|69/100
|-unboost|p1a: Gholdengo|spa|1
|move|p2a: Magnezone|Discharge|p1a: Gholdengo
|-crit|p1a: Gholdengo
|-damage|p1a: Gholdengo|0 fnt
|faint|p1a: Gholdengo
|
|-heal|p2a: Magnezone|75/100|[from] item: Leftovers
|upkeep
|
|t:|1758303491
|switch|p1a: Regidrago|Regidrago|100/100
|turn|17
|
|t:|1758303500
|move|p1a: Regidrago|Dragon Energy|p2a: Magnezone
|-resisted|p2a: Magnezone
|-damage|p2a: Magnezone|19/100
|move|p2a: Magnezone|Discharge|p1a: Regidrago
|-resisted|p1a: Regidrago
|-damage|p1a: Regidrago|69/100
|
|-heal|p2a: Magnezone|25/100|[from] item: Leftovers
|upkeep
|turn|18
|
|t:|1758303503
|move|p1a: Regidrago|Dragon Energy|p2a: Magnezone
|-resisted|p2a: Magnezone
|-damage|p2a: Magnezone|0 fnt
|faint|p2a: Magnezone
|
|upkeep
|
|t:|1758303507
|switch|p2a: Wyrdeer|Wyrdeer, F|99/100
|-damage|p2a: Wyrdeer|88/100|[from] Stealth Rock
|-ability|p2a: Wyrdeer|Intimidate|boost
|-unboost|p1a: Regidrago|atk|1
|turn|19
|
|t:|1758303510
|move|p1a: Regidrago|Dragon Energy|p2a: Wyrdeer
|-damage|p2a: Wyrdeer|11/100
|move|p2a: Wyrdeer|Psychic Noise|p1a: Regidrago
|-damage|p1a: Regidrago|42/100
|-start|p1a: Regidrago|move: Heal Block
|
|-heal|p2a: Wyrdeer|17/100|[from] item: Leftovers
|upkeep
|turn|20
|
|t:|1758303514
|move|p1a: Regidrago|Dragon Energy|p2a: Wyrdeer
|-damage|p2a: Wyrdeer|0 fnt
|faint|p2a: Wyrdeer
|
|-end|p1a: Regidrago|move: Heal Block
|upkeep
|
|t:|1758303518
|switch|p2a: Chesnaught|Chesnaught, F|94/100
|-damage|p2a: Chesnaught|88/100|[from] Stealth Rock
|turn|21
|
|t:|1758303522
|move|p1a: Regidrago|Dragon Energy|p2a: Chesnaught
|-damage|p2a: Chesnaught|42/100
|move|p2a: Chesnaught|Body Press|p1a: Regidrago
|-damage|p1a: Regidrago|6/100
|
|upkeep
|turn|22
|
|t:|1758303525
|move|p1a: Regidrago|Dragon Energy|p2a: Chesnaught
|-damage|p2a: Chesnaught|35/100
|move|p2a: Chesnaught|Body Press|p1a: Regidrago
|-damage|p1a: Regidrago|0 fnt
|faint|p1a: Regidrago
|
|win|alexismarelli
|raw|lolboi6969's rating: 1160 &rarr; <strong>1133</strong><br />(-27 for losing)
|raw|alexismarelli's rating: 1138 &rarr; <strong>1165</strong><br />(+27 for winning)
|l|☆lolboi6969
|player|p1|
|l|☆alexismarelli
|player|p2|
