|j|☆SDK04
|j|☆Down$hift
|inactive|Battle timer is ON: inactive players will automatically lose when time's up.
|t:|1758292654
|gametype|singles
|player|p1|SDK04|miku-ground|
|player|p2|Down$hift|jessiejames-gen1|
|gen|9
|tier|[Gen 9] OU
|rated|Tournament battle
|rule|HP Percentage Mod: HP is shown in percentages
|rule|Endless Battle Clause: Forcing endless battles is banned
|rule|Species Clause: Limit one of each Pokémon
|rule|OHKO Clause: OHKO moves are banned
|rule|Evasion Items Clause: Evasion items are banned
|rule|Evasion Moves Clause: Evasion moves are banned
|rule|Evasion Abilities Clause: Evasion abilities are banned
|rule|Sleep Moves Clause: Sleep-inducing moves are banned
|clearpoke
|poke|p1|Ogerpon-Wellspring, F|
|poke|p1|Zapdos|
|poke|p1|Ting-Lu|
|poke|p1|Great Tusk|
|poke|p1|Dragapult, M|
|poke|p1|Scizor, F|
|poke|p2|Hoopa-Unbound|
|poke|p2|Zapdos|
|poke|p2|Dragapult, F|
|poke|p2|Fezandipiti, M|
|poke|p2|Alomomola, F|
|poke|p2|Great Tusk|
|teampreview
|inactive|Down$hift also wants the timer to be on.
|
|t:|1758292664
|teamsize|p1|6
|teamsize|p2|6
|start
|switch|p1a: Dragapult|Dragapult, M|100/100
|switch|p2a: POINT OF VIEW|Fezandipiti, M|100/100
|turn|1
|
|t:|1758292669
|move|p1a: Dragapult|U-turn|p2a: POINT OF VIEW
|-resisted|p2a: POINT OF VIEW
|-damage|p2a: POINT OF VIEW|95/100
|
|t:|1758292671
|switch|p1a: Scizor|Scizor, F|100/100|[from] U-turn
|move|p2a: POINT OF VIEW|Beat Up|p1a: Scizor
|-damage|p1a: Scizor|96/100
|-damage|p1a: Scizor|92/100
|-damage|p1a: Scizor|87/100
|-damage|p1a: Scizor|81/100
|-damage|p1a: Scizor|77/100
|-damage|p1a: Scizor|71/100
|-hitcount|p1a: Scizor|6
|
|-heal|p1a: Scizor|77/100|[from] item: Leftovers
|upkeep
|turn|2
|
|t:|1758292677
|switch|p2a: EVERYDAY I PRAY|Alomomola, F|100/100
|move|p1a: Scizor|Knock Off|p2a: EVERYDAY I PRAY
|-damage|p2a: EVERYDAY I PRAY|77/100
|-enditem|p2a: EVERYDAY I PRAY|Covert Cloak|[from] move: Knock Off|[of] p1a: Scizor
|
|-heal|p1a: Scizor|83/100|[from] item: Leftovers
|upkeep
|turn|3
|
|t:|1758292681
|switch|p1a: Ogerpon|Ogerpon-Wellspring, F|100/100
|move|p2a: EVERYDAY I PRAY|Wish|p2a: EVERYDAY I PRAY
|
|upkeep
|turn|4
|
|t:|1758292687
|switch|p2a: STARS IN YOUR EYES|Zapdos|100/100
|move|p1a: Ogerpon|Trailblaze|p2a: STARS IN YOUR EYES
|-resisted|p2a: STARS IN YOUR EYES
|-damage|p2a: STARS IN YOUR EYES|90/100
|-boost|p1a: Ogerpon|spe|1
|
|-heal|p2a: STARS IN YOUR EYES|100/100|[from] move: Wish|[wisher] EVERYDAY I PRAY
|upkeep
|turn|5
|
|t:|1758292696
|switch|p1a: Ting-Lu|Ting-Lu|100/100
|-ability|p1a: Ting-Lu|Vessel of Ruin
|move|p2a: STARS IN YOUR EYES|Hurricane|p1a: Ting-Lu
|-damage|p1a: Ting-Lu|81/100
|
|-heal|p1a: Ting-Lu|87/100|[from] item: Leftovers
|upkeep
|turn|6
|
|t:|1758292702
|switch|p2a: POINT OF VIEW|Fezandipiti, M|95/100
|move|p1a: Ting-Lu|Ruination|p2a: POINT OF VIEW
|-damage|p2a: POINT OF VIEW|48/100
|
|-heal|p1a: Ting-Lu|93/100|[from] item: Leftovers
|upkeep
|turn|7
|
|t:|1758292707
|switch|p1a: Scizor|Scizor, F|83/100
|move|p2a: POINT OF VIEW|U-turn|p1a: Scizor
|-resisted|p1a: Scizor
|-damage|p1a: Scizor|72/100
|
|t:|1758292720
|switch|p2a: ALIEN|Dragapult, F|100/100|[from] U-turn
|-item|p2a: ALIEN|Air Balloon
|
|-heal|p1a: Scizor|78/100|[from] item: Leftovers
|upkeep
|turn|8
|
|t:|1758292727
|switch|p1a: Ting-Lu|Ting-Lu|93/100
|-ability|p1a: Ting-Lu|Vessel of Ruin
|move|p2a: ALIEN|Will-O-Wisp|p1a: Ting-Lu
|-status|p1a: Ting-Lu|brn
|
|-heal|p1a: Ting-Lu|99/100 brn|[from] item: Leftovers
|-damage|p1a: Ting-Lu|93/100 brn|[from] brn
|upkeep
|turn|9
|j| cryyysneasel
|
|t:|1758292756
|switch|p2a: EVERYDAY I PRAY|Alomomola, F|100/100
|move|p1a: Ting-Lu|Ruination|p2a: EVERYDAY I PRAY
|-damage|p2a: EVERYDAY I PRAY|50/100
|
|-heal|p1a: Ting-Lu|99/100 brn|[from] item: Leftovers
|-damage|p1a: Ting-Lu|93/100 brn|[from] brn
|upkeep
|turn|10
|
|t:|1758292761
|switch|p1a: Zapdos|Zapdos|100/100
|move|p2a: EVERYDAY I PRAY|Wish|p2a: EVERYDAY I PRAY
|
|upkeep
|turn|11
|
|t:|1758292766
|switch|p2a: POINT OF VIEW|Fezandipiti, M|48/100
|move|p1a: Zapdos|Hurricane|p2a: POINT OF VIEW
|-damage|p2a: POINT OF VIEW|15/100
|
|-heal|p2a: POINT OF VIEW|78/100|[from] move: Wish|[wisher] EVERYDAY I PRAY
|upkeep
|turn|12
|
|t:|1758292771
|move|p1a: Zapdos|Volt Switch|p2a: POINT OF VIEW
|-damage|p2a: POINT OF VIEW|57/100
|inactive|SDK04 has 120 seconds left.
|
|t:|1758292809
|switch|p1a: Ting-Lu|Ting-Lu|93/100 brn|[from] Volt Switch
|-ability|p1a: Ting-Lu|Vessel of Ruin
|move|p2a: POINT OF VIEW|U-turn|p1a: Ting-Lu
|-supereffective|p1a: Ting-Lu
|-damage|p1a: Ting-Lu|74/100 brn
|
|t:|1758292826
|switch|p2a: EVERYDAY I PRAY|Alomomola, F|84/100|[from] U-turn
|
|-heal|p1a: Ting-Lu|80/100 brn|[from] item: Leftovers
|-damage|p1a: Ting-Lu|74/100 brn|[from] brn
|upkeep
|turn|13
|
|t:|1758292832
|switch|p1a: Ogerpon|Ogerpon-Wellspring, F|100/100
|move|p2a: EVERYDAY I PRAY|Flip Turn|p1a: Ogerpon
|-immune|p1a: Ogerpon|[from] ability: Water Absorb
|
|upkeep
|turn|14
|
|t:|1758292835
|switch|p2a: STARS IN YOUR EYES|Zapdos|100/100
|move|p1a: Ogerpon|Swords Dance|p1a: Ogerpon
|-boost|p1a: Ogerpon|atk|2
|
|upkeep
|turn|15
|
|t:|1758292840
|-terastallize|p2a: STARS IN YOUR EYES|Dragon
|move|p1a: Ogerpon|Ivy Cudgel|p2a: STARS IN YOUR EYES|[anim] Ivy Cudgel Water
|-resisted|p2a: STARS IN YOUR EYES
|-damage|p2a: STARS IN YOUR EYES|58/100
|move|p2a: STARS IN YOUR EYES|Thunder Wave|p1a: Ogerpon
|-status|p1a: Ogerpon|par
|
|upkeep
|turn|16
|
|t:|1758292848
|move|p2a: STARS IN YOUR EYES|Hurricane|p1a: Ogerpon
|-supereffective|p1a: Ogerpon
|-damage|p1a: Ogerpon|4/100 par
|-start|p1a: Ogerpon|confusion
|-activate|p1a: Ogerpon|confusion
|-damage|p1a: Ogerpon|0 fnt|[from] confusion
|faint|p1a: Ogerpon
|
|upkeep
|
|t:|1758292851
|switch|p1a: Dragapult|Dragapult, M|100/100
|turn|17
|
|t:|1758292858
|switch|p2a: EVERYDAY I PRAY|Alomomola, F|100/100
|move|p1a: Dragapult|Will-O-Wisp|p2a: EVERYDAY I PRAY
|-status|p2a: EVERYDAY I PRAY|brn
|
|-damage|p2a: EVERYDAY I PRAY|94/100 brn|[from] brn
|upkeep
|turn|18
|
|t:|1758292862
|move|p1a: Dragapult|Hex|p2a: EVERYDAY I PRAY
|-damage|p2a: EVERYDAY I PRAY|48/100 brn
|move|p2a: EVERYDAY I PRAY|Flip Turn|p1a: Dragapult
|-resisted|p1a: Dragapult
|-crit|p1a: Dragapult
|-damage|p1a: Dragapult|92/100
|
|t:|1758292866
|switch|p2a: POINT OF VIEW|Fezandipiti, M|57/100|[from] Flip Turn
|
|upkeep
|turn|19
|
|t:|1758292871
|move|p1a: Dragapult|U-turn|p2a: POINT OF VIEW
|-resisted|p2a: POINT OF VIEW
|-damage|p2a: POINT OF VIEW|51/100
|
|t:|1758292873
|switch|p1a: Scizor|Scizor, F|78/100|[from] U-turn
|move|p2a: POINT OF VIEW|Roost|p2a: POINT OF VIEW
|-heal|p2a: POINT OF VIEW|100/100
|-singleturn|p2a: POINT OF VIEW|move: Roost
|
|-heal|p1a: Scizor|84/100|[from] item: Leftovers
|upkeep
|turn|20
|
|t:|1758292886
|switch|p2a: EVERYDAY I PRAY|Alomomola, F|81/100 brn
|move|p1a: Scizor|Swords Dance|p1a: Scizor
|-boost|p1a: Scizor|atk|2
|
|-heal|p1a: Scizor|90/100|[from] item: Leftovers
|-damage|p2a: EVERYDAY I PRAY|75/100 brn|[from] brn
|upkeep
|turn|21
|
|t:|1758292891
|move|p1a: Scizor|Swords Dance|p1a: Scizor
|-boost|p1a: Scizor|atk|2
|move|p2a: EVERYDAY I PRAY|Flip Turn|p1a: Scizor
|-damage|p1a: Scizor|81/100
|c|☆Down$hift|i lost gng
|
|t:|1758292913
|switch|p2a: SUICIDE DOORS|Great Tusk|100/100|[from] Flip Turn
|
|-heal|p1a: Scizor|87/100|[from] item: Leftovers
|upkeep
|turn|22
|
|t:|1758292922
|move|p1a: Scizor|Bullet Punch|p2a: SUICIDE DOORS
|-damage|p2a: SUICIDE DOORS|40/100
|move|p2a: SUICIDE DOORS|Headlong Rush|p1a: Scizor
|-damage|p1a: Scizor|19/100
|-unboost|p2a: SUICIDE DOORS|def|1
|-unboost|p2a: SUICIDE DOORS|spd|1
|
|-heal|p1a: Scizor|25/100|[from] item: Leftovers
|upkeep
|turn|23
|
|t:|1758292931
|-end|p2a: SUICIDE DOORS|Protosynthesis|[silent]
|switch|p2a: STARS IN YOUR EYES|Zapdos, tera:Dragon|58/100
|move|p1a: Scizor|Bullet Punch|p2a: STARS IN YOUR EYES
|-damage|p2a: STARS IN YOUR EYES|0 fnt
|faint|p2a: STARS IN YOUR EYES
|
|-heal|p1a: Scizor|31/100|[from] item: Leftovers
|upkeep
|
|t:|1758292935
|switch|p2a: EVERYDAY I PRAY|Alomomola, F|100/100 brn
|turn|24
|
|t:|1758292953
|-terastallize|p1a: Scizor|Electric
|move|p1a: Scizor|Tera Blast|p2a: EVERYDAY I PRAY|[anim] Tera Blast Electric
|-supereffective|p2a: EVERYDAY I PRAY
|-damage|p2a: EVERYDAY I PRAY|0 fnt
|faint|p2a: EVERYDAY I PRAY
|
|-heal|p1a: Scizor|37/100|[from] item: Leftovers
|upkeep
|c|☆Down$hift|i wasnt thinking i would lose to this fuck
|c|☆Down$hift|gg
|-message|Down$hift forfeited.
|
|win|SDK04
|n|☆SDK04|sdk04
|n|☆Down$hift|downhift
|n| cryyysneasel|cryyysneasel
|l|☆Down$hift
|player|p2|
|c|☆SDK04|gg
|c|☆SDK04|wp
|l| cryyysneasel
