|j|☆TEATRERO MUGROSO
|j|☆crepuscules
|t:|1758271361
|gametype|singles
|player|p1|TEATRERO MUGROSO|cynthia-gen4|1168
|player|p2|crepuscules|266|1216
|gen|9
|tier|[Gen 9] OU
|rated|
|rule|HP Percentage Mod: HP is shown in percentages
|rule|Endless Battle Clause: Forcing endless battles is banned
|rule|Species Clause: Limit one of each Pokémon
|rule|OHKO Clause: OHKO moves are banned
|rule|Evasion Items Clause: Evasion items are banned
|rule|Evasion Moves Clause: Evasion moves are banned
|rule|Evasion Abilities Clause: Evasion abilities are banned
|rule|Sleep Moves Clause: Sleep-inducing moves are banned
|clearpoke
|poke|p1|Clefable, M|
|poke|p1|Blastoise, F|
|poke|p1|Gengar, M|
|poke|p1|Magneton|
|poke|p1|Dragonite, M|
|poke|p1|Moltres|
|poke|p2|Ribombee, M|
|poke|p2|Cinderace, M|
|poke|p2|Serperior, F|
|poke|p2|Mimikyu, F|
|poke|p2|Dragapult, F|
|poke|p2|Bisharp, M|
|teampreview
|inactive|Battle timer is ON: inactive players will automatically lose when time's up. (requested by TEATRERO MUGROSO)
|
|t:|1758271367
|teamsize|p1|6
|teamsize|p2|6
|start
|switch|p1a: Gengar|Gengar, M|100/100
|switch|p2a: Ribombee|Ribombee, M|100/100
|turn|1
|
|t:|1758271383
|move|p2a: Ribombee|Sticky Web|p1a: Gengar
|-sidestart|p1: TEATRERO MUGROSO|move: Sticky Web
|move|p1a: Gengar|Sludge Wave|p2a: Ribombee
|-supereffective|p2a: Ribombee
|-enditem|p2a: Ribombee|Focus Sash
|-damage|p2a: Ribombee|1/100
|
|upkeep
|turn|2
|
|t:|1758271392
|switch|p1a: Clefable|Clefable, M|100/100
|-activate|p1a: Clefable|move: Sticky Web
|-unboost|p1a: Clefable|spe|1
|move|p2a: Ribombee|Moonblast|p1a: Clefable
|-damage|p1a: Clefable|71/100
|-unboost|p1a: Clefable|spa|1
|
|-heal|p1a: Clefable|77/100|[from] item: Leftovers
|upkeep
|turn|3
|
|t:|1758271403
|move|p2a: Ribombee|Stun Spore|p1a: Clefable|[miss]
|-miss|p2a: Ribombee|p1a: Clefable
|move|p1a: Clefable|Stealth Rock|p2a: Ribombee
|-sidestart|p2: crepuscules|move: Stealth Rock
|
|-heal|p1a: Clefable|83/100|[from] item: Leftovers
|upkeep
|turn|4
|
|t:|1758271411
|move|p2a: Ribombee|Stun Spore|p1a: Clefable
|-status|p1a: Clefable|par
|move|p1a: Clefable|Moonblast|p2a: Ribombee
|-damage|p2a: Ribombee|0 fnt
|faint|p2a: Ribombee
|
|-heal|p1a: Clefable|90/100 par|[from] item: Leftovers
|upkeep
|
|t:|1758271423
|switch|p2a: Cinderace|Cinderace, M|100/100
|turn|5
|
|t:|1758271428
|switch|p1a: Blastoise|Blastoise, F|100/100
|-activate|p1a: Blastoise|move: Sticky Web
|-unboost|p1a: Blastoise|spe|1
|move|p2a: Cinderace|Pyro Ball|p1a: Blastoise
|-resisted|p1a: Blastoise
|-damage|p1a: Blastoise|82/100
|
|-heal|p1a: Blastoise|88/100|[from] item: Leftovers
|upkeep
|turn|6
|
|t:|1758271437
|move|p2a: Cinderace|U-turn|p1a: Blastoise
|-damage|p1a: Blastoise|74/100
|
|t:|1758271441
|switch|p2a: Dragapult|Dragapult, F|100/100|[from] U-turn
|-damage|p2a: Dragapult|88/100|[from] Stealth Rock
|move|p1a: Blastoise|Flip Turn|p2a: Dragapult
|-resisted|p2a: Dragapult
|-damage|p2a: Dragapult|76/100
|
|t:|1758271448
|switch|p1a: Gengar|Gengar, M|100/100|[from] Flip Turn
|-activate|p1a: Gengar|move: Sticky Web
|-unboost|p1a: Gengar|spe|1
|
|upkeep
|turn|7
|
|t:|1758271456
|move|p2a: Dragapult|Dragon Darts|p1a: Gengar
|-damage|p1a: Gengar|47/100
|-anim|p2a: Dragapult|Dragon Darts|p1a: Gengar
|-damage|p1a: Gengar|0 fnt
|-start|p2a: Dragapult|Disable|Dragon Darts|[from] ability: Cursed Body|[of] p1a: Gengar
|faint|p1a: Gengar
|-damage|p2a: Dragapult|66/100|[from] item: Life Orb
|
|upkeep
|
|t:|1758271464
|switch|p1a: Dragonite|Dragonite, M|100/100
|turn|8
|
|t:|1758271471
|switch|p2a: Mimikyu|Mimikyu, F|100/100
|-damage|p2a: Mimikyu|88/100|[from] Stealth Rock
|move|p1a: Dragonite|Earthquake|p2a: Mimikyu
|-activate|p2a: Mimikyu|ability: Disguise
|-damage|p2a: Mimikyu|88/100
|detailschange|p2a: Mimikyu|Mimikyu-Busted, F
|-damage|p2a: Mimikyu|76/100|[from] pokemon: Mimikyu-Busted
|-enditem|p2a: Mimikyu|Red Card|[of] p1a: Dragonite
|drag|p1a: Magneton|Magneton|100/100
|-activate|p1a: Magneton|move: Sticky Web
|-unboost|p1a: Magneton|spe|1
|
|upkeep
|turn|9
|
|t:|1758271484
|move|p2a: Mimikyu|Will-O-Wisp|p1a: Magneton
|-status|p1a: Magneton|brn
|move|p1a: Magneton|Volt Switch|p2a: Mimikyu
|-damage|p2a: Mimikyu|11/100
|
|t:|1758271491
|switch|p1a: Blastoise|Blastoise, F|74/100|[from] Volt Switch
|-activate|p1a: Blastoise|move: Sticky Web
|-unboost|p1a: Blastoise|spe|1
|
|-heal|p1a: Blastoise|80/100|[from] item: Leftovers
|upkeep
|turn|10
|
|t:|1758271497
|move|p2a: Mimikyu|Destiny Bond|p2a: Mimikyu
|-singlemove|p2a: Mimikyu|Destiny Bond
|move|p1a: Blastoise|Flip Turn|p2a: Mimikyu
|-damage|p2a: Mimikyu|0 fnt
|faint|p2a: Mimikyu
|-activate|p2a: Mimikyu|move: Destiny Bond
|faint|p1a: Blastoise
|
|upkeep
|
|t:|1758271508
|switch|p2a: Dragapult|Dragapult, F|66/100
|switch|p1a: Dragonite|Dragonite, M|100/100
|-damage|p2a: Dragapult|53/100|[from] Stealth Rock
|turn|11
|
|t:|1758271519
|-terastallize|p1a: Dragonite|Normal
|move|p2a: Dragapult|Dragon Darts|p1a: Dragonite
|-damage|p1a: Dragonite|85/100
|-anim|p2a: Dragapult|Dragon Darts|p1a: Dragonite
|-damage|p1a: Dragonite|57/100
|-damage|p2a: Dragapult|44/100|[from] item: Life Orb
|move|p1a: Dragonite|Dragon Claw|p2a: Dragapult
|-supereffective|p2a: Dragapult
|-damage|p2a: Dragapult|0 fnt
|faint|p2a: Dragapult
|
|upkeep
|
|t:|1758271534
|switch|p2a: Cinderace|Cinderace, M|100/100
|turn|12
|
|t:|1758271540
|switch|p1a: Moltres|Moltres|100/100
|move|p2a: Cinderace|Will-O-Wisp|p1a: Moltres
|-immune|p1a: Moltres
|
|upkeep
|turn|13
|
|t:|1758271547
|move|p2a: Cinderace|Court Change|p2a: Cinderace
|-swapsideconditions
|-activate|p2a: Cinderace|move: Court Change
|move|p1a: Moltres|Air Slash|p2a: Cinderace
|-damage|p2a: Cinderace|53/100
|
|upkeep
|turn|14
|
|t:|1758271554
|move|p2a: Cinderace|Pyro Ball|p1a: Moltres
|-resisted|p1a: Moltres
|-damage|p1a: Moltres|75/100
|move|p1a: Moltres|Air Slash|p2a: Cinderace
|-damage|p2a: Cinderace|8/100
|
|upkeep
|turn|15
|
|t:|1758271560
|move|p2a: Cinderace|Pyro Ball|p1a: Moltres
|-resisted|p1a: Moltres
|-damage|p1a: Moltres|34/100
|move|p1a: Moltres|Roost|p1a: Moltres
|-heal|p1a: Moltres|84/100
|-singleturn|p1a: Moltres|move: Roost
|
|upkeep
|turn|16
|
|t:|1758271567
|move|p2a: Cinderace|Pyro Ball|p1a: Moltres
|-resisted|p1a: Moltres
|-damage|p1a: Moltres|46/100
|move|p1a: Moltres|Roost|p1a: Moltres
|-heal|p1a: Moltres|96/100
|-singleturn|p1a: Moltres|move: Roost
|
|upkeep
|turn|17
|
|t:|1758271583
|move|p2a: Cinderace|Pyro Ball|p1a: Moltres
|-resisted|p1a: Moltres
|-damage|p1a: Moltres|55/100
|move|p1a: Moltres|Roost|p1a: Moltres
|-heal|p1a: Moltres|100/100
|-singleturn|p1a: Moltres|move: Roost
|
|upkeep
|turn|18
|
|t:|1758271593
|move|p2a: Cinderace|Pyro Ball|p1a: Moltres
|-resisted|p1a: Moltres
|-damage|p1a: Moltres|63/100
|move|p1a: Moltres|Flamethrower|p2a: Cinderace
|-resisted|p2a: Cinderace
|-damage|p2a: Cinderace|0 fnt
|faint|p2a: Cinderace
|
|upkeep
|
|t:|1758271600
|switch|p2a: Serperior|Serperior, F|100/100
|-activate|p2a: Serperior|move: Sticky Web
|-boost|p2a: Serperior|spe|1
|turn|19
|
|t:|1758271607
|-terastallize|p2a: Serperior|Fire
|move|p2a: Serperior|Leaf Storm|p1a: Moltres
|-resisted|p1a: Moltres
|-damage|p1a: Moltres|50/100
|-boost|p2a: Serperior|spa|2
|move|p1a: Moltres|Flamethrower|p2a: Serperior
|-resisted|p2a: Serperior
|-damage|p2a: Serperior|78/100
|
|-heal|p2a: Serperior|84/100|[from] item: Leftovers
|upkeep
|turn|20
|
|t:|1758271619
|move|p2a: Serperior|Leaf Storm|p1a: Moltres
|-resisted|p1a: Moltres
|-damage|p1a: Moltres|26/100
|-boost|p2a: Serperior|spa|2
|move|p1a: Moltres|Roost|p1a: Moltres
|-heal|p1a: Moltres|76/100
|-singleturn|p1a: Moltres|move: Roost
|
|-heal|p2a: Serperior|91/100|[from] item: Leftovers
|upkeep
|turn|21
|
|t:|1758271630
|switch|p1a: Magneton|Magneton|100/100 brn
|-damage|p1a: Magneton|94/100 brn|[from] Stealth Rock
|move|p2a: Serperior|Leaf Storm|p1a: Magneton
|-resisted|p1a: Magneton
|-damage|p1a: Magneton|0 fnt
|-boost|p2a: Serperior|spa|2
|faint|p1a: Magneton
|
|-heal|p2a: Serperior|97/100|[from] item: Leftovers
|upkeep
|
|t:|1758271641
|switch|p1a: Clefable|Clefable, M|90/100 par
|-damage|p1a: Clefable|77/100 par|[from] Stealth Rock
|turn|22
|
|t:|1758271646
|move|p2a: Serperior|Substitute|p2a: Serperior
|-start|p2a: Serperior|Substitute
|-damage|p2a: Serperior|72/100
|move|p1a: Clefable|Moonblast|p2a: Serperior
|-resisted|p2a: Serperior
|-activate|p2a: Serperior|move: Substitute|[damage]
|
|-heal|p2a: Serperior|78/100|[from] item: Leftovers
|-heal|p1a: Clefable|83/100 par|[from] item: Leftovers
|upkeep
|turn|23
|
|t:|1758271656
|move|p2a: Serperior|Leaf Storm|p1a: Clefable
|-damage|p1a: Clefable|53/100 par
|move|p1a: Clefable|Moonblast|p2a: Serperior
|-resisted|p2a: Serperior
|-end|p2a: Serperior|Substitute
|
|-heal|p2a: Serperior|84/100|[from] item: Leftovers
|-heal|p1a: Clefable|60/100 par|[from] item: Leftovers
|upkeep
|turn|24
|
|t:|1758271665
|switch|p1a: Moltres|Moltres|76/100
|move|p2a: Serperior|Substitute|p2a: Serperior
|-start|p2a: Serperior|Substitute
|-damage|p2a: Serperior|60/100
|
|-heal|p2a: Serperior|66/100|[from] item: Leftovers
|upkeep
|turn|25
|
|t:|1758271674
|move|p2a: Serperior|Dragon Pulse|p1a: Moltres
|-damage|p1a: Moltres|0 fnt
|faint|p1a: Moltres
|
|-heal|p2a: Serperior|72/100|[from] item: Leftovers
|upkeep
|-message|TEATRERO MUGROSO forfeited.
|
|win|crepuscules
|raw|TEATRERO MUGROSO's rating: 1168 &rarr; <strong>1146</strong><br />(-22 for losing)
|raw|crepuscules's rating: 1216 &rarr; <strong>1238</strong><br />(+22 for winning)
|l|☆TEATRERO MUGROSO
|player|p1|
|l|☆crepuscules
|player|p2|
