|j|☆anewajou
|j|☆roasted_kitchen
|t:|1758291243
|gametype|singles
|player|p1|anewajou|265|1407
|player|p2|roasted_kitchen|265|1360
|gen|9
|tier|[Gen 9] OU
|rated|
|rule|HP Percentage Mod: HP is shown in percentages
|rule|Endless Battle Clause: Forcing endless battles is banned
|rule|Species Clause: Limit one of each Pokémon
|rule|OHKO Clause: OHKO moves are banned
|rule|Evasion Items Clause: Evasion items are banned
|rule|Evasion Moves Clause: Evasion moves are banned
|rule|Evasion Abilities Clause: Evasion abilities are banned
|rule|Sleep Moves Clause: Sleep-inducing moves are banned
|clearpoke
|poke|p1|Gardevoir, M|
|poke|p1|Tornadus-Therian, M|
|poke|p1|Goodra-Hisui, F|
|poke|p1|Ursaluna, M|
|poke|p1|Weezing-Galar, M|
|poke|p1|Chandelure, F|
|poke|p2|Garchomp, M|
|poke|p2|Corviknight, F|
|poke|p2|Primarina, F|
|poke|p2|Eelektross, F|
|poke|p2|Chandelure, M|
|poke|p2|Rillaboom, M|
|teampreview
|
|t:|1758291293
|teamsize|p1|6
|teamsize|p2|6
|start
|switch|p1a: Goodra|Goodra-Hisui, F|100/100
|switch|p2a: Garchomp|Garchomp, M|100/100
|turn|1
|
|t:|1758291304
|switch|p2a: Corviknight|Corviknight, F, shiny|100/100
|-ability|p2a: Corviknight|Pressure
|switch|p1a: Tornadus|Tornadus-Therian, M|100/100
|
|upkeep
|turn|2
|
|t:|1758291309
|move|p1a: Tornadus|Heat Wave|p2a: Corviknight
|-supereffective|p2a: Corviknight
|-damage|p2a: Corviknight|55/100
|move|p2a: Corviknight|Brave Bird|p1a: Tornadus
|-damage|p1a: Tornadus|61/100
|-damage|p2a: Corviknight|44/100|[from] Recoil
|
|upkeep
|turn|3
|
|t:|1758291317
|switch|p2a: Eelektross|Eelektross, F|100/100
|move|p1a: Tornadus|Heat Wave|p2a: Eelektross
|-damage|p2a: Eelektross|75/100
|
|-heal|p2a: Eelektross|81/100|[from] item: Leftovers
|upkeep
|turn|4
|
|t:|1758291323
|move|p1a: Tornadus|U-turn|p2a: Eelektross
|-damage|p2a: Eelektross|64/100
|
|t:|1758291324
|switch|p1a: Weezing|Weezing-Galar, M|100/100|[from] U-turn
|move|p2a: Eelektross|Coil|p2a: Eelektross
|-boost|p2a: Eelektross|atk|1
|-boost|p2a: Eelektross|def|1
|-boost|p2a: Eelektross|accuracy|1
|
|-heal|p2a: Eelektross|70/100|[from] item: Leftovers
|upkeep
|turn|5
|
|t:|1758291327
|move|p1a: Weezing|Toxic Spikes|p2a: Eelektross
|-sidestart|p2: roasted_kitchen|move: Toxic Spikes
|move|p2a: Eelektross|Supercell Slam|p1a: Weezing
|-damage|p1a: Weezing|33/100
|-damage|p2a: Eelektross|53/100|[from] item: Rocky Helmet|[of] p1a: Weezing
|
|-heal|p2a: Eelektross|59/100|[from] item: Leftovers
|upkeep
|turn|6
|
|t:|1758291332
|switch|p1a: Ursaluna|Ursaluna, M|100/100
|move|p2a: Eelektross|Knock Off|p1a: Ursaluna
|-damage|p1a: Ursaluna|65/100
|-enditem|p1a: Ursaluna|Punching Glove|[from] move: Knock Off|[of] p2a: Eelektross
|
|-heal|p2a: Eelektross|66/100|[from] item: Leftovers
|upkeep
|turn|7
|
|t:|1758291341
|switch|p1a: Goodra|Goodra-Hisui, F|100/100
|move|p2a: Eelektross|Drain Punch|p1a: Goodra
|-supereffective|p1a: Goodra
|-damage|p1a: Goodra|26/100
|-heal|p2a: Eelektross|100/100|[from] drain|[of] p1a: Goodra
|
|upkeep
|turn|8
|
|t:|1758291355
|switch|p1a: Tornadus|Tornadus-Therian, M|95/100
|move|p2a: Eelektross|Knock Off|p1a: Tornadus
|-damage|p1a: Tornadus|35/100
|-enditem|p1a: Tornadus|Assault Vest|[from] move: Knock Off|[of] p2a: Eelektross
|
|upkeep
|turn|9
|
|t:|1758291367
|move|p1a: Tornadus|Knock Off|p2a: Eelektross
|-damage|p2a: Eelektross|84/100
|-enditem|p2a: Eelektross|Leftovers|[from] move: Knock Off|[of] p1a: Tornadus
|move|p2a: Eelektross|Knock Off|p1a: Tornadus
|-damage|p1a: Tornadus|0 fnt
|faint|p1a: Tornadus
|
|upkeep
|
|t:|1758291369
|switch|p1a: Chandelure|Chandelure, F|100/100
|turn|10
|
|t:|1758291374
|move|p1a: Chandelure|Trick|p2a: Eelektross
|-activate|p1a: Chandelure|move: Trick|[of] p2a: Eelektross
|-item|p2a: Eelektross|Choice Scarf|[from] move: Trick
|-enditem|p1a: Chandelure|Choice Scarf|[silent]|[from] move: Trick
|move|p2a: Eelektross|Knock Off|p1a: Chandelure
|-supereffective|p1a: Chandelure
|-damage|p1a: Chandelure|0 fnt
|faint|p1a: Chandelure
|
|upkeep
|
|t:|1758291389
|switch|p1a: Weezing|Weezing-Galar, M|33/100
|turn|11
|
|t:|1758291407
|move|p2a: Eelektross|Knock Off|p1a: Weezing
|-resisted|p1a: Weezing
|-damage|p1a: Weezing|12/100
|-damage|p2a: Eelektross|68/100|[from] item: Rocky Helmet|[of] p1a: Weezing
|-enditem|p1a: Weezing|Rocky Helmet|[from] move: Knock Off|[of] p2a: Eelektross
|move|p1a: Weezing|Pain Split|p2a: Eelektross
|-sethp|p2a: Eelektross|40/100|[from] move: Pain Split|[silent]
|-sethp|p1a: Weezing|41/100|[from] move: Pain Split
|
|upkeep
|turn|12
|
|t:|1758291454
|switch|p2a: Corviknight|Corviknight, F, shiny|44/100
|-ability|p2a: Corviknight|Pressure
|move|p1a: Weezing|Flamethrower|p2a: Corviknight
|-supereffective|p2a: Corviknight
|-damage|p2a: Corviknight|2/100
|
|upkeep
|turn|13
|
|t:|1758291459
|move|p2a: Corviknight|Roost|p2a: Corviknight
|-heal|p2a: Corviknight|52/100
|-singleturn|p2a: Corviknight|move: Roost
|move|p1a: Weezing|Flamethrower|p2a: Corviknight
|-supereffective|p2a: Corviknight
|-damage|p2a: Corviknight|13/100
|-status|p2a: Corviknight|brn
|
|-damage|p2a: Corviknight|7/100 brn|[from] brn
|upkeep
|turn|14
|
|t:|1758291464
|move|p2a: Corviknight|Defog|p1a: Weezing
|-unboost|p1a: Weezing|evasion|1
|-sideend|p2: roasted_kitchen|Toxic Spikes|[from] move: Defog|[of] p2a: Corviknight
|move|p1a: Weezing|Flamethrower|p2a: Corviknight
|-supereffective|p2a: Corviknight
|-damage|p2a: Corviknight|0 fnt
|faint|p2a: Corviknight
|
|upkeep
|
|t:|1758291471
|switch|p2a: Chandelure|Chandelure, M|100/100
|turn|15
|
|t:|1758291476
|switch|p1a: Gardevoir|Gardevoir, M|100/100
|-ability|p1a: Gardevoir|Flash Fire|Trace|[from] ability: Trace|[of] p2a: Chandelure
|move|p2a: Chandelure|Flamethrower|p1a: Gardevoir
|-start|p1a: Gardevoir|ability: Flash Fire
|
|upkeep
|turn|16
|
|t:|1758291497
|switch|p2a: Primarina|Primarina, F|100/100
|move|p1a: Gardevoir|Moonblast|p2a: Primarina
|-damage|p2a: Primarina|63/100
|-unboost|p2a: Primarina|spa|1
|
|-heal|p2a: Primarina|69/100|[from] item: Leftovers
|upkeep
|turn|17
|
|t:|1758291501
|move|p1a: Gardevoir|Moonblast|p2a: Primarina
|-damage|p2a: Primarina|32/100
|move|p2a: Primarina|Calm Mind|p2a: Primarina
|-boost|p2a: Primarina|spa|1
|-boost|p2a: Primarina|spd|1
|
|-heal|p2a: Primarina|38/100|[from] item: Leftovers
|upkeep
|turn|18
|
|t:|1758291506
|move|p1a: Gardevoir|Moonblast|p2a: Primarina
|-damage|p2a: Primarina|9/100
|move|p2a: Primarina|Hyper Voice|p1a: Gardevoir
|-damage|p1a: Gardevoir|45/100
|
|-heal|p2a: Primarina|15/100|[from] item: Leftovers
|upkeep
|turn|19
|
|t:|1758291509
|move|p1a: Gardevoir|Moonblast|p2a: Primarina
|-damage|p2a: Primarina|0 fnt
|faint|p2a: Primarina
|
|upkeep
|
|t:|1758291512
|switch|p2a: Rillaboom|Rillaboom, M|100/100
|-fieldstart|move: Grassy Terrain|[from] ability: Grassy Surge|[of] p2a: Rillaboom
|turn|20
|
|t:|1758291518
|-end|p1a: Gardevoir|ability: Flash Fire|[silent]
|switch|p1a: Goodra|Goodra-Hisui, F|26/100
|move|p2a: Rillaboom|Grassy Glide|p1a: Goodra
|-ability|p1a: Goodra|Sap Sipper|boost
|-boost|p1a: Goodra|atk|1
|
|-heal|p1a: Goodra|32/100|[from] Grassy Terrain
|upkeep
|turn|21
|
|t:|1758291537
|switch|p2a: Chandelure|Chandelure, M|100/100
|switch|p1a: Weezing|Weezing-Galar, M|41/100
|
|upkeep
|turn|22
|
|t:|1758291546
|switch|p1a: Ursaluna|Ursaluna, M|65/100
|move|p2a: Chandelure|Shadow Ball|p1a: Ursaluna
|-immune|p1a: Ursaluna
|
|-heal|p1a: Ursaluna|71/100|[from] Grassy Terrain
|upkeep
|turn|23
|
|t:|1758291549
|switch|p2a: Rillaboom|Rillaboom, M|100/100
|move|p1a: Ursaluna|Ice Punch|p2a: Rillaboom
|-supereffective|p2a: Rillaboom
|-crit|p2a: Rillaboom
|-damage|p2a: Rillaboom|0 fnt
|faint|p2a: Rillaboom
|
|-heal|p1a: Ursaluna|77/100|[from] Grassy Terrain
|upkeep
|
|t:|1758291555
|switch|p2a: Chandelure|Chandelure, M|100/100
|turn|24
|
|t:|1758291564
|switch|p1a: Goodra|Goodra-Hisui, F|32/100
|move|p2a: Chandelure|Flamethrower|p1a: Goodra
|-damage|p1a: Goodra|11/100
|
|-heal|p1a: Goodra|18/100|[from] Grassy Terrain
|-fieldend|move: Grassy Terrain
|upkeep
|turn|25
|
|t:|1758291572
|switch|p1a: Gardevoir|Gardevoir, M|45/100
|-ability|p1a: Gardevoir|Flash Fire|Trace|[from] ability: Trace|[of] p2a: Chandelure
|move|p2a: Chandelure|Flamethrower|p1a: Gardevoir
|-start|p1a: Gardevoir|ability: Flash Fire
|
|upkeep
|turn|26
|
|t:|1758291575
|switch|p2a: Garchomp|Garchomp, M|100/100
|move|p1a: Gardevoir|Moonblast|p2a: Garchomp
|-supereffective|p2a: Garchomp
|-damage|p2a: Garchomp|0 fnt
|faint|p2a: Garchomp
|
|upkeep
|
|t:|1758291578
|switch|p2a: Eelektross|Eelektross, F|40/100
|turn|27
|
|t:|1758291583
|-end|p1a: Gardevoir|ability: Flash Fire|[silent]
|switch|p1a: Weezing|Weezing-Galar, M|41/100
|-terastallize|p2a: Eelektross|Electric
|move|p2a: Eelektross|Supercell Slam|p1a: Weezing
|-damage|p1a: Weezing|0 fnt
|faint|p1a: Weezing
|
|upkeep
|
|t:|1758291595
|switch|p1a: Ursaluna|Ursaluna, M|77/100
|turn|28
|
|t:|1758291605
|switch|p2a: Chandelure|Chandelure, M|100/100
|move|p1a: Ursaluna|Headlong Rush|p2a: Chandelure
|-supereffective|p2a: Chandelure
|-damage|p2a: Chandelure|0 fnt
|-unboost|p1a: Ursaluna|def|1
|-unboost|p1a: Ursaluna|spd|1
|faint|p2a: Chandelure
|
|upkeep
|
|t:|1758291608
|switch|p2a: Eelektross|Eelektross, F, tera:Electric|40/100
|turn|29
|
|t:|1758291615
|switch|p1a: Goodra|Goodra-Hisui, F|18/100
|move|p2a: Eelektross|Coil|p2a: Eelektross
|-boost|p2a: Eelektross|atk|1
|-boost|p2a: Eelektross|def|1
|-boost|p2a: Eelektross|accuracy|1
|
|upkeep
|turn|30
|-message|roasted_kitchen forfeited.
|
|win|anewajou
|raw|anewajou's rating: 1407 &rarr; <strong>1425</strong><br />(+18 for winning)
|raw|roasted_kitchen's rating: 1378 &rarr; <strong>1360</strong><br />(-18 for losing)
|l|☆roasted_kitchen
|player|p2|
|l|☆anewajou
|player|p1|
|j|☆anewajou
|player|p1|anewajou|265|
