|j|☆powerfull_rock
|j|☆lolgod2
|t:|1758274947
|gametype|singles
|player|p1|powerfull_rock|blackbelt|1676
|player|p2|lolgod2|unknownf|1658
|gen|9
|tier|[Gen 9] OU
|rated|
|rule|HP Percentage Mod: HP is shown in percentages
|rule|Endless Battle Clause: Forcing endless battles is banned
|rule|Species Clause: Limit one of each Pokémon
|rule|OHKO Clause: OHKO moves are banned
|rule|Evasion Items Clause: Evasion items are banned
|rule|Evasion Moves Clause: Evasion moves are banned
|rule|Evasion Abilities Clause: Evasion abilities are banned
|rule|Sleep Moves Clause: Sleep-inducing moves are banned
|clearpoke
|poke|p1|Clodsire, F|
|poke|p1|Conkeldurr, F|
|poke|p1|Enamorus, F|
|poke|p1|Ceruledge, M|
|poke|p1|Skarmory, M|
|poke|p1|Sinistcha|
|poke|p2|Ninetales-Alola, F|
|poke|p2|Latias, F|
|poke|p2|Kingambit, M|
|poke|p2|Kyurem|
|poke|p2|Zamazenta-*|
|poke|p2|Iron Moth|
|teampreview
|inactive|Battle timer is ON: inactive players will automatically lose when time's up. (requested by lolgod2)
|
|t:|1758274959
|teamsize|p1|6
|teamsize|p2|6
|start
|switch|p1a: Wide Shoulder|Conkeldurr, F, shiny|100/100
|switch|p2a: Ninetales|Ninetales-Alola, F|100/100
|-weather|Snowscape|[from] ability: Snow Warning|[of] p2a: Ninetales
|turn|1
|
|t:|1758274963
|move|p2a: Ninetales|Aurora Veil|p2a: Ninetales
|-sidestart|p2: lolgod2|move: Aurora Veil
|move|p1a: Wide Shoulder|Knock Off|p2a: Ninetales
|-resisted|p2a: Ninetales
|-damage|p2a: Ninetales|92/100
|-enditem|p2a: Ninetales|Light Clay|[from] move: Knock Off|[of] p1a: Wide Shoulder
|
|-weather|Snowscape|[upkeep]
|upkeep
|turn|2
|
|t:|1758274969
|switch|p1a: Metal Wing|Skarmory, M|100/100
|move|p2a: Ninetales|Moonblast|p1a: Metal Wing
|-resisted|p1a: Metal Wing
|-damage|p1a: Metal Wing|83/100
|-unboost|p1a: Metal Wing|spa|1
|
|-weather|Snowscape|[upkeep]
|-heal|p1a: Metal Wing|89/100|[from] item: Leftovers
|upkeep
|turn|3
|
|t:|1758274977
|switch|p2a: Iron Moth|Iron Moth|100/100
|-enditem|p2a: Iron Moth|Booster Energy
|-activate|p2a: Iron Moth|ability: Quark Drive|[fromitem]
|-start|p2a: Iron Moth|quarkdrivespe
|move|p1a: Metal Wing|Spikes|p2a: Iron Moth
|-sidestart|p2: lolgod2|Spikes
|
|-weather|Snowscape|[upkeep]
|-heal|p1a: Metal Wing|95/100|[from] item: Leftovers
|upkeep
|turn|4
|
|t:|1758274980
|switch|p1a: Clean Edge|Ceruledge, M|100/100
|move|p2a: Iron Moth|Fiery Dance|p1a: Clean Edge
|-start|p1a: Clean Edge|ability: Flash Fire
|
|-weather|Snowscape|[upkeep]
|upkeep
|turn|5
|
|t:|1758274991
|-end|p2a: Iron Moth|Quark Drive|[silent]
|switch|p2a: Zamazenta|Zamazenta|100/100
|-damage|p2a: Zamazenta|88/100|[from] Spikes
|-ability|p2a: Zamazenta|Dauntless Shield|boost
|-boost|p2a: Zamazenta|def|1
|move|p1a: Clean Edge|Bulk Up|p1a: Clean Edge
|-boost|p1a: Clean Edge|atk|1
|-boost|p1a: Clean Edge|def|1
|
|-weather|none
|-heal|p2a: Zamazenta|94/100|[from] item: Leftovers
|upkeep
|turn|6
|
|t:|1758274995
|-end|p1a: Clean Edge|ability: Flash Fire|[silent]
|switch|p1a: Broken Vessel|Sinistcha, shiny|100/100
|move|p2a: Zamazenta|Crunch|p1a: Broken Vessel
|-supereffective|p1a: Broken Vessel
|-damage|p1a: Broken Vessel|71/100
|-unboost|p1a: Broken Vessel|def|1
|
|-heal|p2a: Zamazenta|100/100|[from] item: Leftovers
|upkeep
|turn|7
|
|t:|1758275022
|switch|p2a: Iron Moth|Iron Moth|100/100
|-damage|p2a: Iron Moth|88/100|[from] Spikes
|move|p1a: Broken Vessel|Strength Sap|p2a: Iron Moth
|-unboost|p2a: Iron Moth|atk|1
|-heal|p1a: Broken Vessel|100/100
|
|upkeep
|turn|8
|
|t:|1758275030
|switch|p1a: Fat Body|Clodsire, F, shiny|100/100
|move|p2a: Iron Moth|Sludge Wave|p1a: Fat Body
|-resisted|p1a: Fat Body
|-damage|p1a: Fat Body|92/100
|
|-heal|p1a: Fat Body|98/100|[from] item: Leftovers
|-sideend|p2: lolgod2|move: Aurora Veil
|upkeep
|turn|9
|
|t:|1758275034
|-end|p2a: Iron Moth|Quark Drive|[silent]
|switch|p2a: Kyurem|Kyurem|100/100
|-damage|p2a: Kyurem|88/100|[from] Spikes
|-ability|p2a: Kyurem|Pressure
|move|p1a: Fat Body|Stealth Rock|p2a: Kyurem
|-sidestart|p2: lolgod2|move: Stealth Rock
|
|-heal|p1a: Fat Body|100/100|[from] item: Leftovers
|upkeep
|turn|10
|
|t:|1758275042
|move|p2a: Kyurem|Icicle Spear|p1a: Fat Body
|-supereffective|p1a: Fat Body
|-damage|p1a: Fat Body|79/100
|-supereffective|p1a: Fat Body
|-damage|p1a: Fat Body|58/100
|-supereffective|p1a: Fat Body
|-damage|p1a: Fat Body|38/100
|-supereffective|p1a: Fat Body
|-damage|p1a: Fat Body|17/100
|-supereffective|p1a: Fat Body
|-damage|p1a: Fat Body|0 fnt
|faint|p1a: Fat Body
|-hitcount|p1: Fat Body|5
|
|upkeep
|
|t:|1758275044
|switch|p1a: Wide Shoulder|Conkeldurr, F, shiny|100/100
|turn|11
|
|t:|1758275054
|switch|p2a: Iron Moth|Iron Moth|88/100
|-damage|p2a: Iron Moth|76/100|[from] Spikes
|-damage|p2a: Iron Moth|51/100|[from] Stealth Rock
|move|p1a: Wide Shoulder|Drain Punch|p2a: Iron Moth
|-resisted|p2a: Iron Moth
|-damage|p2a: Iron Moth|25/100
|
|upkeep
|turn|12
|
|t:|1758275059
|switch|p1a: Metal Wing|Skarmory, M|95/100
|move|p2a: Iron Moth|Dazzling Gleam|p1a: Metal Wing
|-resisted|p1a: Metal Wing
|-damage|p1a: Metal Wing|80/100
|
|-heal|p1a: Metal Wing|86/100|[from] item: Leftovers
|upkeep
|turn|13
|
|t:|1758275062
|switch|p1a: Clean Edge|Ceruledge, M|100/100
|move|p2a: Iron Moth|Fiery Dance|p1a: Clean Edge
|-start|p1a: Clean Edge|ability: Flash Fire
|
|upkeep
|turn|14
|
|t:|1758275068
|move|p1a: Clean Edge|Shadow Sneak|p2a: Iron Moth
|-damage|p2a: Iron Moth|0 fnt
|faint|p2a: Iron Moth
|-end|p2a: Iron Moth|Quark Drive|[silent]
|
|upkeep
|
|t:|1758275075
|switch|p2a: Zamazenta|Zamazenta|100/100
|-damage|p2a: Zamazenta|88/100|[from] Spikes
|-damage|p2a: Zamazenta|82/100|[from] Stealth Rock
|turn|15
|
|t:|1758275080
|-end|p1a: Clean Edge|ability: Flash Fire|[silent]
|switch|p1a: Broken Vessel|Sinistcha, shiny|100/100
|move|p2a: Zamazenta|Substitute|p2a: Zamazenta
|-start|p2a: Zamazenta|Substitute
|-damage|p2a: Zamazenta|57/100
|
|-heal|p2a: Zamazenta|63/100|[from] item: Leftovers
|upkeep
|turn|16
|
|t:|1758275084
|move|p2a: Zamazenta|Crunch|p1a: Broken Vessel
|-supereffective|p1a: Broken Vessel
|-damage|p1a: Broken Vessel|69/100
|move|p1a: Broken Vessel|Shadow Ball|p2a: Zamazenta
|-activate|p2a: Zamazenta|move: Substitute|[damage]
|
|-heal|p2a: Zamazenta|69/100|[from] item: Leftovers
|upkeep
|turn|17
|
|t:|1758275090
|move|p2a: Zamazenta|Crunch|p1a: Broken Vessel
|-supereffective|p1a: Broken Vessel
|-damage|p1a: Broken Vessel|36/100
|move|p1a: Broken Vessel|Shadow Ball|p2a: Zamazenta
|-end|p2a: Zamazenta|Substitute
|
|-heal|p2a: Zamazenta|75/100|[from] item: Leftovers
|upkeep
|turn|18
|
|t:|1758275094
|move|p2a: Zamazenta|Substitute|p2a: Zamazenta
|-start|p2a: Zamazenta|Substitute
|-damage|p2a: Zamazenta|50/100
|move|p1a: Broken Vessel|Iron Defense|p1a: Broken Vessel
|-boost|p1a: Broken Vessel|def|2
|
|-heal|p2a: Zamazenta|57/100|[from] item: Leftovers
|upkeep
|turn|19
|
|t:|1758275097
|move|p2a: Zamazenta|Crunch|p1a: Broken Vessel
|-supereffective|p1a: Broken Vessel
|-damage|p1a: Broken Vessel|18/100
|-unboost|p1a: Broken Vessel|def|1
|move|p1a: Broken Vessel|Matcha Gotcha|p2a: Zamazenta
|-crit|p2a: Zamazenta
|-end|p2a: Zamazenta|Substitute
|-heal|p1a: Broken Vessel|32/100|[from] drain|[of] p2a: Zamazenta
|
|-heal|p2a: Zamazenta|63/100|[from] item: Leftovers
|upkeep
|turn|20
|
|t:|1758275102
|move|p2a: Zamazenta|Substitute|p2a: Zamazenta
|-start|p2a: Zamazenta|Substitute
|-damage|p2a: Zamazenta|38/100
|move|p1a: Broken Vessel|Matcha Gotcha|p2a: Zamazenta
|-activate|p2a: Zamazenta|move: Substitute|[damage]
|-heal|p1a: Broken Vessel|46/100|[from] drain|[of] p2a: Zamazenta
|
|-heal|p2a: Zamazenta|44/100|[from] item: Leftovers
|upkeep
|turn|21
|
|t:|1758275105
|move|p2a: Zamazenta|Crunch|p1a: Broken Vessel
|-supereffective|p1a: Broken Vessel
|-damage|p1a: Broken Vessel|22/100
|move|p1a: Broken Vessel|Matcha Gotcha|p2a: Zamazenta
|-end|p2a: Zamazenta|Substitute
|-heal|p1a: Broken Vessel|23/100|[from] drain|[of] p2a: Zamazenta
|
|-heal|p2a: Zamazenta|50/100|[from] item: Leftovers
|upkeep
|turn|22
|
|t:|1758275115
|-terastallize|p1a: Broken Vessel|Poison
|move|p2a: Zamazenta|Crunch|p1a: Broken Vessel
|-damage|p1a: Broken Vessel|11/100
|move|p1a: Broken Vessel|Matcha Gotcha|p2a: Zamazenta
|-damage|p2a: Zamazenta|25/100
|-heal|p1a: Broken Vessel|26/100|[from] drain|[of] p2a: Zamazenta
|
|-heal|p2a: Zamazenta|31/100|[from] item: Leftovers
|upkeep
|turn|23
|
|t:|1758275119
|move|p2a: Zamazenta|Substitute|p2a: Zamazenta
|-start|p2a: Zamazenta|Substitute
|-damage|p2a: Zamazenta|6/100
|move|p1a: Broken Vessel|Matcha Gotcha|p2a: Zamazenta|[miss]
|-miss|p1a: Broken Vessel|p2a: Zamazenta
|
|-heal|p2a: Zamazenta|12/100|[from] item: Leftovers
|upkeep
|turn|24
|
|t:|1758275124
|move|p2a: Zamazenta|Iron Defense|p2a: Zamazenta
|-boost|p2a: Zamazenta|def|2
|move|p1a: Broken Vessel|Matcha Gotcha|p2a: Zamazenta
|-end|p2a: Zamazenta|Substitute
|-heal|p1a: Broken Vessel|40/100|[from] drain|[of] p2a: Zamazenta
|
|-heal|p2a: Zamazenta|18/100|[from] item: Leftovers
|upkeep
|turn|25
|
|t:|1758275126
|move|p2a: Zamazenta|Body Press|p1a: Broken Vessel
|-resisted|p1a: Broken Vessel
|-damage|p1a: Broken Vessel|22/100
|move|p1a: Broken Vessel|Matcha Gotcha|p2a: Zamazenta
|-damage|p2a: Zamazenta|0 fnt
|-heal|p1a: Broken Vessel|32/100|[from] drain|[of] p2a: Zamazenta
|faint|p2a: Zamazenta
|
|upkeep
|
|t:|1758275134
|switch|p2a: Ninetales|Ninetales-Alola, F|92/100
|-damage|p2a: Ninetales|80/100|[from] Spikes
|-damage|p2a: Ninetales|55/100|[from] Stealth Rock
|-weather|Snowscape|[from] ability: Snow Warning|[of] p2a: Ninetales
|turn|26
|
|t:|1758275138
|move|p2a: Ninetales|Aurora Veil|p2a: Ninetales
|-sidestart|p2: lolgod2|move: Aurora Veil
|move|p1a: Broken Vessel|Strength Sap|p2a: Ninetales
|-unboost|p2a: Ninetales|atk|1
|-heal|p1a: Broken Vessel|68/100
|
|-weather|Snowscape|[upkeep]
|upkeep
|turn|27
|
|t:|1758275142
|switch|p1a: Metal Wing|Skarmory, M|86/100
|move|p2a: Ninetales|Blizzard|p1a: Metal Wing
|-damage|p1a: Metal Wing|46/100
|
|-weather|Snowscape|[upkeep]
|-heal|p1a: Metal Wing|52/100|[from] item: Leftovers
|upkeep
|turn|28
|
|t:|1758275148
|switch|p2a: Kyurem|Kyurem|88/100
|-damage|p2a: Kyurem|76/100|[from] Spikes
|-damage|p2a: Kyurem|51/100|[from] Stealth Rock
|-ability|p2a: Kyurem|Pressure
|move|p1a: Metal Wing|Roost|p1a: Metal Wing
|-heal|p1a: Metal Wing|100/100
|-singleturn|p1a: Metal Wing|move: Roost
|
|-weather|Snowscape|[upkeep]
|upkeep
|turn|29
|
|t:|1758275152
|move|p2a: Kyurem|Dragon Dance|p2a: Kyurem
|-boost|p2a: Kyurem|atk|1
|-boost|p2a: Kyurem|spe|1
|move|p1a: Metal Wing|Whirlwind|p2a: Kyurem
|drag|p2a: Latias|Latias, F|100/100
|-damage|p2a: Latias|88/100|[from] Stealth Rock
|
|-weather|Snowscape|[upkeep]
|upkeep
|turn|30
|
|t:|1758275157
|switch|p2a: Kyurem|Kyurem|51/100
|-damage|p2a: Kyurem|39/100|[from] Spikes
|-damage|p2a: Kyurem|14/100|[from] Stealth Rock
|-ability|p2a: Kyurem|Pressure
|move|p1a: Metal Wing|Spikes|p2a: Kyurem
|-sidestart|p2: lolgod2|Spikes
|
|-weather|none
|-sideend|p2: lolgod2|move: Aurora Veil
|upkeep
|turn|31
|
|t:|1758275161
|switch|p1a: Wide Shoulder|Conkeldurr, F, shiny|100/100
|move|p2a: Kyurem|Icicle Spear|p1a: Wide Shoulder
|-damage|p1a: Wide Shoulder|90/100
|-damage|p1a: Wide Shoulder|80/100
|-damage|p1a: Wide Shoulder|69/100
|-crit|p1a: Wide Shoulder
|-damage|p1a: Wide Shoulder|53/100
|-hitcount|p1a: Wide Shoulder|4
|
|upkeep
|turn|32
|
|t:|1758275165
|move|p1a: Wide Shoulder|Mach Punch|p2a: Kyurem
|-supereffective|p2a: Kyurem
|-damage|p2a: Kyurem|0 fnt
|faint|p2a: Kyurem
|
|upkeep
|
|t:|1758275167
|switch|p2a: Ninetales|Ninetales-Alola, F|55/100
|-damage|p2a: Ninetales|39/100|[from] Spikes
|-damage|p2a: Ninetales|14/100|[from] Stealth Rock
|-weather|Snowscape|[from] ability: Snow Warning|[of] p2a: Ninetales
|turn|33
|
|t:|1758275169
|move|p1a: Wide Shoulder|Mach Punch|p2a: Ninetales
|-damage|p2a: Ninetales|0 fnt
|faint|p2a: Ninetales
|
|-weather|Snowscape|[upkeep]
|upkeep
|
|t:|1758275173
|switch|p2a: Latias|Latias, F|88/100
|-damage|p2a: Latias|76/100|[from] Stealth Rock
|turn|34
|
|t:|1758275181
|-terastallize|p2a: Latias|Fairy
|move|p2a: Latias|Draining Kiss|p1a: Wide Shoulder
|-supereffective|p1a: Wide Shoulder
|-damage|p1a: Wide Shoulder|17/100
|-heal|p2a: Latias|100/100|[from] drain|[of] p1a: Wide Shoulder
|move|p1a: Wide Shoulder|Knock Off|p2a: Latias
|-resisted|p2a: Latias
|-damage|p2a: Latias|84/100
|-enditem|p2a: Latias|Weakness Policy|[from] move: Knock Off|[of] p1a: Wide Shoulder
|
|-weather|Snowscape|[upkeep]
|upkeep
|turn|35
|
|t:|1758275191
|switch|p1a: Metal Wing|Skarmory, M|100/100
|move|p2a: Latias|Agility|p2a: Latias
|-boost|p2a: Latias|spe|2
|
|-weather|Snowscape|[upkeep]
|upkeep
|turn|36
|
|t:|1758275197
|move|p2a: Latias|Calm Mind|p2a: Latias
|-boost|p2a: Latias|spa|1
|-boost|p2a: Latias|spd|1
|move|p1a: Metal Wing|Whirlwind|p2a: Latias
|drag|p2a: Kingambit|Kingambit, M|100/100
|-damage|p2a: Kingambit|84/100|[from] Spikes
|-damage|p2a: Kingambit|78/100|[from] Stealth Rock
|-activate|p2a: Kingambit|ability: Supreme Overlord
|-start|p2a: Kingambit|fallen4|[silent]
|
|-weather|Snowscape|[upkeep]
|-heal|p2a: Kingambit|84/100|[from] item: Leftovers
|upkeep
|turn|37
|
|t:|1758275203
|switch|p1a: Wide Shoulder|Conkeldurr, F, shiny|17/100
|move|p2a: Kingambit|Kowtow Cleave|p1a: Wide Shoulder
|-resisted|p1a: Wide Shoulder
|-damage|p1a: Wide Shoulder|0 fnt
|faint|p1a: Wide Shoulder
|
|-weather|none
|-heal|p2a: Kingambit|90/100|[from] item: Leftovers
|upkeep
|
|t:|1758275206
|switch|p1a: Love Snake|Enamorus, F|100/100
|turn|38
|
|t:|1758275209
|move|p1a: Love Snake|Substitute|p1a: Love Snake
|-start|p1a: Love Snake|Substitute
|-damage|p1a: Love Snake|76/100
|move|p2a: Kingambit|Iron Head|p1a: Love Snake
|-supereffective|p1a: Love Snake
|-end|p1a: Love Snake|Substitute
|
|-heal|p1a: Love Snake|82/100|[from] item: Leftovers
|-heal|p2a: Kingambit|96/100|[from] item: Leftovers
|upkeep
|turn|39
|
|t:|1758275211
|move|p1a: Love Snake|Superpower|p2a: Kingambit
|-supereffective|p2a: Kingambit
|-damage|p2a: Kingambit|0 fnt
|-boost|p1a: Love Snake|atk|1
|-boost|p1a: Love Snake|def|1
|faint|p2a: Kingambit
|-end|p2a: Kingambit|fallen4|[silent]
|
|-heal|p1a: Love Snake|88/100|[from] item: Leftovers
|upkeep
|
|t:|1758275213
|switch|p2a: Latias|Latias, F, tera:Fairy|84/100
|-damage|p2a: Latias|72/100|[from] Stealth Rock
|turn|40
|
|t:|1758275217
|move|p1a: Love Snake|Moonblast|p2a: Latias
|-damage|p2a: Latias|29/100
|move|p2a: Latias|Agility|p2a: Latias
|-boost|p2a: Latias|spe|2
|
|-heal|p1a: Love Snake|94/100|[from] item: Leftovers
|upkeep
|turn|41
|
|t:|1758275221
|move|p2a: Latias|Calm Mind|p2a: Latias
|-boost|p2a: Latias|spa|1
|-boost|p2a: Latias|spd|1
|move|p1a: Love Snake|Moonblast|p2a: Latias
|-damage|p2a: Latias|2/100
|
|-heal|p1a: Love Snake|100/100|[from] item: Leftovers
|upkeep
|turn|42
|
|t:|1758275230
|switch|p1a: Clean Edge|Ceruledge, M|100/100
|move|p2a: Latias|Draining Kiss|p1a: Clean Edge
|-resisted|p1a: Clean Edge
|-damage|p1a: Clean Edge|83/100
|-heal|p2a: Latias|15/100|[from] drain|[of] p1a: Clean Edge
|
|upkeep
|turn|43
|
|t:|1758275234
|move|p2a: Latias|Stored Power|p1a: Clean Edge
|-damage|p1a: Clean Edge|26/100
|move|p1a: Clean Edge|Bitter Blade|p2a: Latias
|-damage|p2a: Latias|0 fnt
|-heal|p1a: Clean Edge|33/100|[from] drain|[of] p2a: Latias
|faint|p2a: Latias
|
|win|powerfull_rock
|raw|powerfull_rock's rating: 1676 &rarr; <strong>1695</strong><br />(+19 for winning)
|raw|lolgod2's rating: 1658 &rarr; <strong>1639</strong><br />(-19 for losing)
|l|☆lolgod2
|player|p2|
|l|☆powerfull_rock
|player|p1|
