|j|‽Zhorem
|j|‽Itswinefri
|t:|1758297500
|gametype|singles
|player|p1|Zhorem|n|1298
|player|p2|Itswinefri|cynthia|1297
|gen|9
|tier|[Gen 9] OU
|rated|
|rule|HP Percentage Mod: HP is shown in percentages
|rule|Endless Battle Clause: Forcing endless battles is banned
|rule|Species Clause: Limit one of each Pokémon
|rule|OHKO Clause: OHKO moves are banned
|rule|Evasion Items Clause: Evasion items are banned
|rule|Evasion Moves Clause: Evasion moves are banned
|rule|Evasion Abilities Clause: Evasion abilities are banned
|rule|Sleep Moves Clause: Sleep-inducing moves are banned
|clearpoke
|poke|p1|Deoxys-Defense|
|poke|p1|Jirachi|
|poke|p1|Blissey, F|
|poke|p1|Garganacl, F|
|poke|p1|Toxapex, F|
|poke|p1|Gliscor, M|
|poke|p2|Hippowdon, M|
|poke|p2|Excadrill, M|
|poke|p2|Hydrapple, F|
|poke|p2|Tornadus-Therian, M|
|poke|p2|Heatran, M|
|poke|p2|Keldeo-Resolute, M|
|teampreview
|
|t:|1758297519
|teamsize|p1|6
|teamsize|p2|6
|start
|switch|p1a: Gliscor|Gliscor, M|100/100
|switch|p2a: Keldeo|Keldeo-Resolute, M|100/100
|turn|1
|
|t:|1758297526
|switch|p1a: Toxapex|Toxapex, F|100/100
|move|p2a: Keldeo|Hydro Pump|p1a: Toxapex
|-resisted|p1a: Toxapex
|-damage|p1a: Toxapex|71/100
|
|-heal|p1a: Toxapex|77/100|[from] item: Leftovers
|upkeep
|turn|2
|
|t:|1758297539
|switch|p2a: Heatran|Heatran, M, shiny|100/100
|move|p1a: Toxapex|Toxic|p2a: Heatran
|-immune|p2a: Heatran
|
|-heal|p1a: Toxapex|83/100|[from] item: Leftovers
|upkeep
|turn|3
|
|t:|1758297553
|switch|p1a: Gliscor|Gliscor, M|100/100
|move|p2a: Heatran|Magma Storm|p1a: Gliscor|[miss]
|-miss|p2a: Heatran|p1a: Gliscor
|
|-status|p1a: Gliscor|tox|[from] item: Toxic Orb
|upkeep
|turn|4
|
|t:|1758297567
|move|p1a: Gliscor|Toxic|p2a: Heatran
|-immune|p2a: Heatran
|move|p2a: Heatran|Magma Storm|p1a: Gliscor
|-damage|p1a: Gliscor|55/100 tox
|-activate|p1a: Gliscor|move: Magma Storm|[of] p2a: Heatran
|
|-heal|p1a: Gliscor|67/100 tox|[from] ability: Poison Heal
|-damage|p1a: Gliscor|55/100 tox|[from] move: Magma Storm|[partiallytrapped]
|upkeep
|turn|5
|
|t:|1758297577
|switch|p2a: Keldeo|Keldeo-Resolute, M|100/100
|move|p1a: Gliscor|Earthquake|p2a: Keldeo
|-damage|p2a: Keldeo|62/100
|
|-heal|p1a: Gliscor|67/100 tox|[from] ability: Poison Heal
|-end|p1a: Gliscor|Magma Storm|[partiallytrapped]|[silent]
|upkeep
|turn|6
|
|t:|1758297587
|move|p1a: Gliscor|Protect|p1a: Gliscor
|-singleturn|p1a: Gliscor|Protect
|move|p2a: Keldeo|Hydro Pump|p1a: Gliscor
|-activate|p1a: Gliscor|move: Protect
|
|-heal|p1a: Gliscor|80/100 tox|[from] ability: Poison Heal
|upkeep
|turn|7
|
|t:|1758297599
|switch|p2a: Excadrill|Excadrill, M, shiny|100/100
|switch|p1a: Blissey|Blissey, F|100/100
|
|upkeep
|turn|8
|
|t:|1758297609
|switch|p1a: Gliscor|Gliscor, M|80/100 tox
|move|p2a: Excadrill|Swords Dance|p2a: Excadrill
|-boost|p2a: Excadrill|atk|2
|
|-heal|p1a: Gliscor|92/100 tox|[from] ability: Poison Heal
|upkeep
|turn|9
|
|t:|1758297634
|move|p2a: Excadrill|Iron Head|p1a: Gliscor
|-damage|p1a: Gliscor|21/100 tox
|move|p1a: Gliscor|Earthquake|p2a: Excadrill
|-supereffective|p2a: Excadrill
|-damage|p2a: Excadrill|1/100
|
|-heal|p2a: Excadrill|7/100|[from] item: Leftovers
|-heal|p1a: Gliscor|33/100 tox|[from] ability: Poison Heal
|upkeep
|turn|10
|
|t:|1758297647
|move|p1a: Gliscor|Protect|p1a: Gliscor
|-singleturn|p1a: Gliscor|Protect
|move|p2a: Excadrill|Iron Head|p1a: Gliscor
|-activate|p1a: Gliscor|move: Protect
|
|-heal|p2a: Excadrill|13/100|[from] item: Leftovers
|-heal|p1a: Gliscor|46/100 tox|[from] ability: Poison Heal
|upkeep
|turn|11
|
|t:|1758297656
|switch|p1a: Deoxys|Deoxys-Defense|100/100
|-ability|p1a: Deoxys|Pressure
|move|p2a: Excadrill|Iron Head|p1a: Deoxys
|-damage|p1a: Deoxys|42/100
|
|-heal|p2a: Excadrill|19/100|[from] item: Leftovers
|-status|p1a: Deoxys|brn|[from] item: Flame Orb
|upkeep
|turn|12
|
|t:|1758297666
|move|p2a: Excadrill|Iron Head|p1a: Deoxys
|-damage|p1a: Deoxys|0 fnt
|faint|p1a: Deoxys
|
|-heal|p2a: Excadrill|25/100|[from] item: Leftovers
|upkeep
|inactive|Battle timer is ON: inactive players will automatically lose when time's up. (requested by Itswinefri)
|
|t:|1758297698
|switch|p1a: Garganacl|Garganacl, F|100/100
|turn|13
|
|t:|1758297713
|move|p1a: Garganacl|Protect|p1a: Garganacl
|-singleturn|p1a: Garganacl|Protect
|move|p2a: Excadrill|Iron Head|p1a: Garganacl
|-activate|p1a: Garganacl|move: Protect
|
|-heal|p2a: Excadrill|31/100|[from] item: Leftovers
|upkeep
|turn|14
|
|t:|1758297721
|move|p2a: Excadrill|Iron Head|p1a: Garganacl
|-supereffective|p1a: Garganacl
|-damage|p1a: Garganacl|12/100
|move|p1a: Garganacl|Salt Cure|p2a: Excadrill
|-resisted|p2a: Excadrill
|-damage|p2a: Excadrill|26/100
|-start|p2a: Excadrill|Salt Cure
|
|-heal|p2a: Excadrill|32/100|[from] item: Leftovers
|-damage|p2a: Excadrill|7/100|[from] Salt Cure
|upkeep
|turn|15
|
|t:|1758297733
|switch|p2a: Hydrapple|Hydrapple, F|100/100
|move|p1a: Garganacl|Recover|p1a: Garganacl
|-heal|p1a: Garganacl|62/100
|
|upkeep
|turn|16
|
|t:|1758297741
|move|p1a: Garganacl|Protect|p1a: Garganacl
|-singleturn|p1a: Garganacl|Protect
|move|p2a: Hydrapple|Nasty Plot|p2a: Hydrapple
|-boost|p2a: Hydrapple|spa|2
|
|upkeep
|turn|17
|
|t:|1758297750
|move|p2a: Hydrapple|Giga Drain|p1a: Garganacl
|-supereffective|p1a: Garganacl
|-damage|p1a: Garganacl|0 fnt
|faint|p1a: Garganacl
|
|upkeep
|
|t:|1758297757
|switch|p1a: Blissey|Blissey, F|100/100
|turn|18
|
|t:|1758297764
|move|p1a: Blissey|Trick|p2a: Hydrapple
|-activate|p1a: Blissey|move: Trick|[of] p2a: Hydrapple
|-item|p2a: Hydrapple|Choice Scarf|[from] move: Trick
|-item|p1a: Blissey|Heavy-Duty Boots|[from] move: Trick
|move|p2a: Hydrapple|Nasty Plot|p2a: Hydrapple
|-boost|p2a: Hydrapple|spa|2
|
|upkeep
|turn|19
|
|t:|1758297774
|switch|p2a: Keldeo|Keldeo-Resolute, M|62/100
|move|p1a: Blissey|Seismic Toss|p2a: Keldeo
|-damage|p2a: Keldeo|31/100
|
|upkeep
|turn|20
|
|t:|1758297791
|switch|p1a: Toxapex|Toxapex, F|100/100
|move|p2a: Keldeo|Flip Turn|p1a: Toxapex
|-resisted|p1a: Toxapex
|-crit|p1a: Toxapex
|-damage|p1a: Toxapex|93/100
|
|t:|1758297798
|switch|p2a: Excadrill|Excadrill, M, shiny|7/100|[from] Flip Turn
|
|-heal|p2a: Excadrill|13/100|[from] item: Leftovers
|-heal|p1a: Toxapex|99/100|[from] item: Leftovers
|upkeep
|turn|21
|
|t:|1758297806
|switch|p2a: Heatran|Heatran, M, shiny|100/100
|move|p1a: Toxapex|Infestation|p2a: Heatran
|-resisted|p2a: Heatran
|-damage|p2a: Heatran|99/100
|-activate|p2a: Heatran|move: Infestation|[of] p1a: Toxapex
|
|-heal|p2a: Heatran|100/100|[from] item: Leftovers
|-heal|p1a: Toxapex|100/100|[from] item: Leftovers
|-damage|p2a: Heatran|88/100|[from] move: Infestation|[partiallytrapped]
|upkeep
|turn|22
|
|t:|1758297817
|move|p1a: Toxapex|Protect|p1a: Toxapex
|-singleturn|p1a: Toxapex|Protect
|move|p2a: Heatran|Magma Storm|p1a: Toxapex
|-activate|p1a: Toxapex|move: Protect
|
|-heal|p2a: Heatran|94/100|[from] item: Leftovers
|-damage|p2a: Heatran|82/100|[from] move: Infestation|[partiallytrapped]
|upkeep
|turn|23
|
|t:|1758297827
|switch|p1a: Gliscor|Gliscor, M|46/100 tox
|move|p2a: Heatran|Taunt|p1a: Gliscor
|-start|p1a: Gliscor|move: Taunt
|
|-heal|p2a: Heatran|88/100|[from] item: Leftovers
|-heal|p1a: Gliscor|58/100 tox|[from] ability: Poison Heal
|-end|p2a: Heatran|Infestation|[partiallytrapped]|[silent]
|upkeep
|turn|24
|
|t:|1758297842
|switch|p2a: Keldeo|Keldeo-Resolute, M|31/100
|move|p1a: Gliscor|Earthquake|p2a: Keldeo
|-damage|p2a: Keldeo|0 fnt
|faint|p2a: Keldeo
|
|-heal|p1a: Gliscor|70/100 tox|[from] ability: Poison Heal
|upkeep
|
|t:|1758297853
|switch|p2a: Hydrapple|Hydrapple, F|100/100
|turn|25
|
|t:|1758297859
|switch|p1a: Blissey|Blissey, F|100/100
|move|p2a: Hydrapple|Giga Drain|p1a: Blissey
|-damage|p1a: Blissey|88/100
|
|upkeep
|turn|26
|
|t:|1758297871
|switch|p2a: Heatran|Heatran, M, shiny|88/100
|move|p1a: Blissey|Seismic Toss|p2a: Heatran
|-damage|p2a: Heatran|62/100
|
|-heal|p2a: Heatran|68/100|[from] item: Leftovers
|upkeep
|turn|27
|
|t:|1758297881
|move|p2a: Heatran|Magma Storm|p1a: Blissey
|-damage|p1a: Blissey|74/100
|-activate|p1a: Blissey|move: Magma Storm|[of] p2a: Heatran
|move|p1a: Blissey|Thunder Wave|p2a: Heatran
|-status|p2a: Heatran|par
|
|-heal|p2a: Heatran|75/100 par|[from] item: Leftovers
|-damage|p1a: Blissey|62/100|[from] move: Magma Storm|[partiallytrapped]
|upkeep
|turn|28
|
|t:|1758297891
|move|p1a: Blissey|Seismic Toss|p2a: Heatran
|-damage|p2a: Heatran|49/100 par
|move|p2a: Heatran|Taunt|p1a: Blissey
|-start|p1a: Blissey|move: Taunt
|
|-heal|p2a: Heatran|55/100 par|[from] item: Leftovers
|-damage|p1a: Blissey|49/100|[from] move: Magma Storm|[partiallytrapped]
|upkeep
|turn|29
|
|t:|1758297900
|cant|p2a: Heatran|par
|move|p1a: Blissey|Seismic Toss|p2a: Heatran
|-damage|p2a: Heatran|29/100 par
|
|-heal|p2a: Heatran|35/100 par|[from] item: Leftovers
|-damage|p1a: Blissey|37/100|[from] move: Magma Storm|[partiallytrapped]
|upkeep
|turn|30
|
|t:|1758297914
|move|p1a: Blissey|Seismic Toss|p2a: Heatran
|-damage|p2a: Heatran|9/100 par
|move|p2a: Heatran|Magma Storm|p1a: Blissey
|-damage|p1a: Blissey|24/100
|
|-heal|p2a: Heatran|16/100 par|[from] item: Leftovers
|-damage|p1a: Blissey|11/100|[from] move: Magma Storm|[partiallytrapped]
|upkeep
|turn|31
|
|t:|1758297923
|move|p1a: Blissey|Seismic Toss|p2a: Heatran
|-damage|p2a: Heatran|0 fnt
|faint|p2a: Heatran
|
|-end|p1a: Blissey|Magma Storm|[partiallytrapped]|[silent]
|-end|p1a: Blissey|move: Taunt
|upkeep
|
|t:|1758297930
|switch|p2a: Excadrill|Excadrill, M, shiny|13/100
|turn|32
|
|t:|1758297948
|move|p2a: Excadrill|Swords Dance|p2a: Excadrill
|-boost|p2a: Excadrill|atk|2
|move|p1a: Blissey|Thunder Wave|p2a: Excadrill
|-immune|p2a: Excadrill
|
|-heal|p2a: Excadrill|19/100|[from] item: Leftovers
|upkeep
|turn|33
|
|t:|1758297964
|move|p2a: Excadrill|Iron Head|p1a: Blissey
|-damage|p1a: Blissey|0 fnt
|faint|p1a: Blissey
|
|-heal|p2a: Excadrill|25/100|[from] item: Leftovers
|upkeep
|inactive|Zhorem has 120 seconds left.
|
|t:|1758297979
|switch|p1a: Gliscor|Gliscor, M|70/100 tox
|turn|34
|
|t:|1758297987
|move|p2a: Excadrill|Iron Head|p1a: Gliscor
|-damage|p1a: Gliscor|5/100 tox
|move|p1a: Gliscor|Earthquake|p2a: Excadrill
|-supereffective|p2a: Excadrill
|-damage|p2a: Excadrill|0 fnt
|faint|p2a: Excadrill
|
|-heal|p1a: Gliscor|18/100 tox|[from] ability: Poison Heal
|upkeep
|
|t:|1758297998
|switch|p2a: Hydrapple|Hydrapple, F|100/100
|turn|35
|
|t:|1758298007
|move|p1a: Gliscor|Protect|p1a: Gliscor
|-singleturn|p1a: Gliscor|Protect
|move|p2a: Hydrapple|Fickle Beam|p1a: Gliscor
|-activate|p1a: Gliscor|move: Protect
|
|-heal|p1a: Gliscor|30/100 tox|[from] ability: Poison Heal
|upkeep
|turn|36
|
|t:|1758298027
|switch|p1a: Jirachi|Jirachi|100/100
|switch|p2a: Hippowdon|Hippowdon, M, shiny|100/100
|-weather|Sandstorm|[from] ability: Sand Stream|[of] p2a: Hippowdon
|
|-weather|Sandstorm|[upkeep]
|upkeep
|turn|37
|inactive|Zhorem has 120 seconds left.
|
|t:|1758298049
|switch|p1a: Gliscor|Gliscor, M|30/100 tox
|move|p2a: Hippowdon|Stealth Rock|p1a: Gliscor
|-sidestart|p1: Zhorem|move: Stealth Rock
|
|-weather|Sandstorm|[upkeep]
|-heal|p1a: Gliscor|42/100 tox|[from] ability: Poison Heal
|upkeep
|turn|38
|inactive|Zhorem has 120 seconds left.
|
|t:|1758298057
|move|p1a: Gliscor|Toxic|p2a: Hippowdon
|-status|p2a: Hippowdon|tox
|move|p2a: Hippowdon|Whirlwind|p1a: Gliscor
|drag|p1a: Toxapex|Toxapex, F|100/100
|-damage|p1a: Toxapex|88/100|[from] Stealth Rock
|
|-weather|Sandstorm|[upkeep]
|-damage|p1a: Toxapex|82/100|[from] Sandstorm
|-heal|p1a: Toxapex|88/100|[from] item: Leftovers
|-damage|p2a: Hippowdon|94/100 tox|[from] psn
|upkeep
|turn|39
|inactive|Zhorem has 120 seconds left.
|
|t:|1758298069
|move|p1a: Toxapex|Protect|p1a: Toxapex
|-singleturn|p1a: Toxapex|Protect
|move|p2a: Hippowdon|Whirlwind|p1a: Toxapex
|drag|p1a: Gliscor|Gliscor, M|42/100 tox
|-damage|p1a: Gliscor|30/100 tox|[from] Stealth Rock
|
|-weather|Sandstorm|[upkeep]
|-heal|p1a: Gliscor|42/100 tox|[from] ability: Poison Heal
|-damage|p2a: Hippowdon|82/100 tox|[from] psn
|upkeep
|turn|40
|inactive|Zhorem has 120 seconds left.
|
|t:|1758298083
|switch|p2a: Hydrapple|Hydrapple, F|100/100
|move|p1a: Gliscor|Earthquake|p2a: Hydrapple
|-resisted|p2a: Hydrapple
|-damage|p2a: Hydrapple|87/100
|
|-weather|Sandstorm|[upkeep]
|-damage|p2a: Hydrapple|81/100|[from] Sandstorm
|-heal|p1a: Gliscor|55/100 tox|[from] ability: Poison Heal
|upkeep
|turn|41
|inactive|Zhorem has 120 seconds left.
|
|t:|1758298095
|move|p1a: Gliscor|Protect|p1a: Gliscor
|-singleturn|p1a: Gliscor|Protect
|move|p2a: Hydrapple|Fickle Beam|p1a: Gliscor
|-activate|p1a: Gliscor|move: Protect
|
|-weather|Sandstorm|[upkeep]
|-damage|p2a: Hydrapple|75/100|[from] Sandstorm
|-heal|p1a: Gliscor|67/100 tox|[from] ability: Poison Heal
|upkeep
|turn|42
|inactive|Zhorem has 120 seconds left.
|
|t:|1758298131
|move|p1a: Gliscor|Toxic|p2a: Hydrapple
|-status|p2a: Hydrapple|tox
|move|p2a: Hydrapple|Fickle Beam|p1a: Gliscor
|-damage|p1a: Gliscor|27/100 tox
|
|-weather|Sandstorm|[upkeep]
|-damage|p2a: Hydrapple|68/100 tox|[from] Sandstorm
|-heal|p1a: Gliscor|39/100 tox|[from] ability: Poison Heal
|-damage|p2a: Hydrapple|62/100 tox|[from] psn
|upkeep
|turn|43
|-message|Itswinefri forfeited.
|
|win|Zhorem
|raw|Zhorem's rating: 1298 &rarr; <strong>1323</strong><br />(+25 for winning)
|raw|Itswinefri's rating: 1297 &rarr; <strong>1272</strong><br />(-25 for losing)
|l|‽Itswinefri
|player|p2|
|l|‽Zhorem
|player|p1|
