|j|☆KnockOffx2
|j|☆uwontwinprobably
|t:|1758264368
|gametype|singles
|player|p1|KnockOffx2|burglar|1509
|player|p2|uwontwinprobably|acetrainer-gen4dp|1510
|gen|9
|tier|[Gen 9] OU
|rated|
|rule|HP Percentage Mod: HP is shown in percentages
|rule|Endless Battle Clause: Forcing endless battles is banned
|rule|Species Clause: Limit one of each Pokémon
|rule|OHKO Clause: OHKO moves are banned
|rule|Evasion Items Clause: Evasion items are banned
|rule|Evasion Moves Clause: Evasion moves are banned
|rule|Evasion Abilities Clause: Evasion abilities are banned
|rule|Sleep Moves Clause: Sleep-inducing moves are banned
|clearpoke
|poke|p1|Great Tusk|
|poke|p1|Slowking-Galar, F|
|poke|p1|Moltres|
|poke|p1|Crawdaunt, F|
|poke|p1|Gholdengo|
|poke|p1|Ogerpon, F|
|poke|p2|Heatran, F|
|poke|p2|Zamazenta-*|
|poke|p2|Enamorus, F|
|poke|p2|Ursaluna, M|
|poke|p2|Ogerpon-Wellspring, F|
|poke|p2|Kyurem|
|teampreview
|
|t:|1758264383
|teamsize|p1|6
|teamsize|p2|6
|start
|switch|p1a: Ogerpon|Ogerpon, F|100/100
|switch|p2a: Heatran|Heatran, F|100/100
|turn|1
|
|t:|1758264387
|move|p2a: Heatran|Heat Wave|p1a: Ogerpon|[miss]
|-miss|p2a: Heatran|p1a: Ogerpon
|move|p1a: Ogerpon|U-turn|p2a: Heatran
|-resisted|p2a: Heatran
|-damage|p2a: Heatran|95/100
|
|t:|1758264392
|switch|p1a: Crawdaunt|Crawdaunt, F|100/100|[from] U-turn
|
|upkeep
|turn|2
|
|t:|1758264397
|switch|p2a: Ogerpon|Ogerpon-Wellspring, F|100/100
|move|p1a: Crawdaunt|Knock Off|p2a: Ogerpon
|-damage|p2a: Ogerpon|5/100
|
|upkeep
|turn|3
|
|t:|1758264406
|switch|p2a: Zamazenta|Zamazenta|100/100
|-ability|p2a: Zamazenta|Dauntless Shield|boost
|-boost|p2a: Zamazenta|def|1
|switch|p1a: Great Tusk|Great Tusk|100/100
|
|upkeep
|turn|4
|
|t:|1758264411
|move|p2a: Zamazenta|Close Combat|p1a: Great Tusk
|-damage|p1a: Great Tusk|44/100
|-unboost|p2a: Zamazenta|def|1
|-unboost|p2a: Zamazenta|spd|1
|-damage|p2a: Zamazenta|84/100|[from] item: Rocky Helmet|[of] p1a: Great Tusk
|-damage|p2a: Zamazenta|74/100|[from] item: Life Orb
|move|p1a: Great Tusk|Stealth Rock|p2a: Zamazenta
|-sidestart|p2: uwontwinprobably|move: Stealth Rock
|
|upkeep
|turn|5
|
|t:|1758264422
|-end|p1a: Great Tusk|Protosynthesis|[silent]
|switch|p1a: Moltres|Moltres|100/100
|move|p2a: Zamazenta|Close Combat|p1a: Moltres
|-resisted|p1a: Moltres
|-damage|p1a: Moltres|72/100
|-unboost|p2a: Zamazenta|def|1
|-unboost|p2a: Zamazenta|spd|1
|-damage|p2a: Zamazenta|64/100|[from] item: Life Orb
|
|upkeep
|turn|6
|
|t:|1758264432
|switch|p1a: Gholdengo|Gholdengo|100/100
|move|p2a: Zamazenta|Wild Charge|p1a: Gholdengo
|-damage|p1a: Gholdengo|56/100
|-damage|p2a: Zamazenta|54/100|[from] Recoil
|-damage|p2a: Zamazenta|44/100|[from] item: Life Orb
|
|upkeep
|turn|7
|
|t:|1758264437
|move|p1a: Gholdengo|Shadow Ball|p2a: Zamazenta
|-damage|p2a: Zamazenta|0 fnt
|faint|p2a: Zamazenta
|
|upkeep
|
|t:|1758264441
|switch|p2a: Ursaluna|Ursaluna, M|100/100
|-damage|p2a: Ursaluna|94/100|[from] Stealth Rock
|turn|8
|
|t:|1758264447
|switch|p1a: Great Tusk|Great Tusk|44/100
|move|p2a: Ursaluna|Swords Dance|p2a: Ursaluna
|-boost|p2a: Ursaluna|atk|2
|
|-status|p2a: Ursaluna|brn|[from] item: Flame Orb
|upkeep
|turn|9
|
|t:|1758264459
|move|p1a: Great Tusk|Ice Spinner|p2a: Ursaluna
|-supereffective|p2a: Ursaluna
|-damage|p2a: Ursaluna|58/100 brn
|move|p2a: Ursaluna|Trailblaze|p1a: Great Tusk
|-supereffective|p1a: Great Tusk
|-damage|p1a: Great Tusk|0 fnt
|-boost|p2a: Ursaluna|spe|1
|-damage|p2a: Ursaluna|42/100 brn|[from] item: Rocky Helmet|[of] p1a: Great Tusk
|faint|p1a: Great Tusk
|-end|p1a: Great Tusk|Protosynthesis|[silent]
|
|-damage|p2a: Ursaluna|36/100 brn|[from] brn
|upkeep
|
|t:|1758264468
|switch|p1a: Ogerpon|Ogerpon, F|100/100
|turn|10
|
|t:|1758264475
|-terastallize|p2a: Ursaluna|Dragon
|move|p1a: Ogerpon|U-turn|p2a: Ursaluna
|-damage|p2a: Ursaluna|18/100 brn
|
|t:|1758264479
|switch|p1a: Moltres|Moltres|72/100|[from] U-turn
|move|p2a: Ursaluna|Trailblaze|p1a: Moltres
|-resisted|p1a: Moltres
|-damage|p1a: Moltres|64/100
|-boost|p2a: Ursaluna|spe|1
|
|-damage|p2a: Ursaluna|12/100 brn|[from] brn
|upkeep
|turn|11
|
|t:|1758264487
|move|p2a: Ursaluna|Facade|p1a: Moltres
|-damage|p1a: Moltres|0 fnt
|faint|p1a: Moltres
|
|-damage|p2a: Ursaluna|6/100 brn|[from] brn
|upkeep
|
|t:|1758264494
|switch|p1a: Crawdaunt|Crawdaunt, F|100/100
|turn|12
|
|t:|1758264505
|switch|p1a: Ogerpon|Ogerpon, F|100/100
|move|p2a: Ursaluna|Facade|p1a: Ogerpon
|-damage|p1a: Ogerpon|0 fnt
|faint|p1a: Ogerpon
|
|-damage|p2a: Ursaluna|0 fnt|[from] brn
|faint|p2a: Ursaluna
|upkeep
|
|t:|1758264515
|switch|p1a: Gholdengo|Gholdengo|56/100
|switch|p2a: Ogerpon|Ogerpon-Wellspring, F|5/100
|-damage|p2a: Ogerpon|0 fnt|[from] Stealth Rock
|faint|p2a: Ogerpon
|
|t:|1758264526
|switch|p2a: Heatran|Heatran, F|95/100
|-damage|p2a: Heatran|83/100|[from] Stealth Rock
|turn|13
|
|t:|1758264537
|switch|p1a: Crawdaunt|Crawdaunt, F|100/100
|move|p2a: Heatran|Earth Power|p1a: Crawdaunt
|-damage|p1a: Crawdaunt|33/100
|
|upkeep
|turn|14
|
|t:|1758264562
|switch|p2a: Kyurem|Kyurem|100/100
|-damage|p2a: Kyurem|75/100|[from] Stealth Rock
|-ability|p2a: Kyurem|Pressure
|-terastallize|p1a: Crawdaunt|Water
|move|p1a: Crawdaunt|Aqua Jet|p2a: Kyurem
|-resisted|p2a: Kyurem
|-damage|p2a: Kyurem|54/100
|
|upkeep
|turn|15
|
|t:|1758264572
|switch|p1a: Slowking|Slowking-Galar, F|100/100
|move|p2a: Kyurem|Freeze-Dry|p1a: Slowking
|-damage|p1a: Slowking|81/100
|
|upkeep
|turn|16
|
|t:|1758264575
|move|p2a: Kyurem|Freeze-Dry|p1a: Slowking
|-damage|p1a: Slowking|61/100
|move|p1a: Slowking|Sludge Bomb|p2a: Kyurem
|-damage|p2a: Kyurem|12/100
|
|upkeep
|turn|17
|
|t:|1758264582
|switch|p1a: Crawdaunt|Crawdaunt, F, tera:Water|33/100
|move|p2a: Kyurem|Freeze-Dry|p1a: Crawdaunt
|-supereffective|p1a: Crawdaunt
|-damage|p1a: Crawdaunt|0 fnt
|faint|p1a: Crawdaunt
|
|upkeep
|
|t:|1758264585
|switch|p1a: Gholdengo|Gholdengo|56/100
|turn|18
|
|t:|1758264587
|move|p1a: Gholdengo|Shadow Ball|p2a: Kyurem
|-crit|p2a: Kyurem
|-damage|p2a: Kyurem|0 fnt
|faint|p2a: Kyurem
|
|upkeep
|
|t:|1758264598
|switch|p2a: Enamorus|Enamorus, F|100/100
|-damage|p2a: Enamorus|76/100|[from] Stealth Rock
|turn|19
|
|t:|1758264601
|switch|p1a: Slowking|Slowking-Galar, F|95/100
|move|p2a: Enamorus|Earth Power|p1a: Slowking
|-supereffective|p1a: Slowking
|-damage|p1a: Slowking|61/100
|
|upkeep
|turn|20
|
|t:|1758264604
|switch|p2a: Heatran|Heatran, F|83/100
|-damage|p2a: Heatran|70/100|[from] Stealth Rock
|move|p1a: Slowking|Sludge Bomb|p2a: Heatran
|-immune|p2a: Heatran
|
|upkeep
|turn|21
|
|t:|1758264610
|move|p2a: Heatran|Heat Wave|p1a: Slowking
|-damage|p1a: Slowking|35/100
|move|p1a: Slowking|Psyshock|p2a: Heatran
|-resisted|p2a: Heatran
|-damage|p2a: Heatran|50/100
|
|upkeep
|turn|22
|
|t:|1758264619
|move|p2a: Heatran|Heat Wave|p1a: Slowking
|-damage|p1a: Slowking|9/100
|move|p1a: Slowking|Psyshock|p2a: Heatran
|-resisted|p2a: Heatran
|-damage|p2a: Heatran|31/100
|
|upkeep
|turn|23
|
|t:|1758264623
|switch|p1a: Gholdengo|Gholdengo|56/100
|move|p2a: Heatran|Heat Wave|p1a: Gholdengo
|-supereffective|p1a: Gholdengo
|-damage|p1a: Gholdengo|0 fnt
|faint|p1a: Gholdengo
|
|upkeep
|
|t:|1758264628
|switch|p1a: Slowking|Slowking-Galar, F|43/100
|turn|24
|
|t:|1758264630
|move|p2a: Heatran|Heat Wave|p1a: Slowking
|-damage|p1a: Slowking|16/100
|move|p1a: Slowking|Psyshock|p2a: Heatran
|-resisted|p2a: Heatran
|-damage|p2a: Heatran|13/100
|
|upkeep
|turn|25
|
|t:|1758264633
|move|p2a: Heatran|Heat Wave|p1a: Slowking
|-damage|p1a: Slowking|0 fnt
|faint|p1a: Slowking
|
|win|uwontwinprobably
|raw|KnockOffx2's rating: 1509 &rarr; <strong>1489</strong><br />(-20 for losing)
|raw|uwontwinprobably's rating: 1510 &rarr; <strong>1530</strong><br />(+20 for winning)
|c|☆uwontwinprobably|gg
|l|☆KnockOffx2
|player|p1|
