|j|☆Crocodile E
|j|☆malk tyme
|t:|1758379635
|gametype|singles
|player|p1|Crocodile E|depotagent|1600
|player|p2|malk tyme|102|1664
|gen|9
|tier|[Gen 9] OU
|rated|
|rule|HP Percentage Mod: HP is shown in percentages
|rule|Endless Battle Clause: Forcing endless battles is banned
|rule|Species Clause: Limit one of each Pokémon
|rule|OHKO Clause: OHKO moves are banned
|rule|Evasion Items Clause: Evasion items are banned
|rule|Evasion Moves Clause: Evasion moves are banned
|rule|Evasion Abilities Clause: Evasion abilities are banned
|rule|Sleep Moves Clause: Sleep-inducing moves are banned
|clearpoke
|poke|p1|Deoxys-Speed|
|poke|p1|Gholdengo|
|poke|p1|Ting-Lu|
|poke|p1|Ogerpon-Wellspring, F|
|poke|p1|Kingambit, F|
|poke|p1|Raging Bolt|
|poke|p2|Blaziken, F|
|poke|p2|Salamence, M|
|poke|p2|Dondozo, M|
|poke|p2|Meloetta|
|poke|p2|Iron Treads|
|poke|p2|Veluza, M|
|teampreview
|
|t:|1758379641
|teamsize|p1|6
|teamsize|p2|6
|start
|switch|p1a: Deoxys|Deoxys-Speed|100/100
|switch|p2a: Iron Treads|Iron Treads|100/100
|-ability|p1a: Deoxys|Pressure
|turn|1
|
|t:|1758379651
|-terastallize|p1a: Deoxys|Fighting
|move|p1a: Deoxys|Superpower|p2a: Iron Treads
|-supereffective|p2a: Iron Treads
|-damage|p2a: Iron Treads|17/100
|-unboost|p1a: Deoxys|atk|1
|-unboost|p1a: Deoxys|def|1
|move|p2a: Iron Treads|Knock Off|p1a: Deoxys
|-resisted|p1a: Deoxys
|-damage|p1a: Deoxys|71/100
|-enditem|p1a: Deoxys|Expert Belt|[from] move: Knock Off|[of] p2a: Iron Treads
|
|upkeep
|turn|2
|
|t:|1758379667
|-end|p2a: Iron Treads|Quark Drive|[silent]
|switch|p2a: Meloetta|Meloetta|100/100
|move|p1a: Deoxys|Knock Off|p2a: Meloetta
|-supereffective|p2a: Meloetta
|-damage|p2a: Meloetta|66/100
|-enditem|p2a: Meloetta|Weakness Policy
|-boost|p2a: Meloetta|atk|2|[from] item: Weakness Policy
|-boost|p2a: Meloetta|spa|2|[from] item: Weakness Policy
|
|upkeep
|turn|3
|
|t:|1758379678
|switch|p1a: Gholdengo|Gholdengo|100/100
|-item|p1a: Gholdengo|Air Balloon
|move|p2a: Meloetta|Energy Ball|p1a: Gholdengo
|-resisted|p1a: Gholdengo
|-damage|p1a: Gholdengo|65/100
|-enditem|p1a: Gholdengo|Air Balloon
|
|upkeep
|turn|4
|
|t:|1758379685
|move|p1a: Gholdengo|Make It Rain|p2a: Meloetta
|-damage|p2a: Meloetta|31/100
|-unboost|p1a: Gholdengo|spa|1
|move|p2a: Meloetta|Psychic|p1a: Gholdengo
|-resisted|p1a: Gholdengo
|-damage|p1a: Gholdengo|19/100
|
|upkeep
|turn|5
|
|t:|1758379690
|move|p1a: Gholdengo|Make It Rain|p2a: Meloetta
|-damage|p2a: Meloetta|6/100
|-unboost|p1a: Gholdengo|spa|1
|move|p2a: Meloetta|Energy Ball|p1a: Gholdengo
|-resisted|p1a: Gholdengo
|-damage|p1a: Gholdengo|0 fnt
|faint|p1a: Gholdengo
|
|upkeep
|
|t:|1758379693
|switch|p1a: Deoxys|Deoxys-Speed, tera:Fighting|71/100
|-ability|p1a: Deoxys|Pressure
|turn|6
|
|t:|1758379698
|move|p1a: Deoxys|Knock Off|p2a: Meloetta
|-supereffective|p2a: Meloetta
|-damage|p2a: Meloetta|0 fnt
|faint|p2a: Meloetta
|
|upkeep
|
|t:|1758379702
|switch|p2a: Salamence|Salamence, M|100/100
|turn|7
|
|t:|1758379708
|-terastallize|p2a: Salamence|Fairy
|move|p2a: Salamence|Tera Blast|p1a: Deoxys|[anim] Tera Blast Fairy
|-supereffective|p1a: Deoxys
|-damage|p1a: Deoxys|0 fnt
|faint|p1a: Deoxys
|-ability|p2a: Salamence|Moxie|boost
|-boost|p2a: Salamence|atk|1
|
|upkeep
|
|t:|1758379714
|switch|p1a: Kingambit|Kingambit, F|100/100
|-activate|p1a: Kingambit|ability: Supreme Overlord
|-start|p1a: Kingambit|fallen2|[silent]
|turn|8
|
|t:|1758379726
|switch|p2a: Dondozo|Dondozo, M|100/100
|move|p1a: Kingambit|Iron Head|p2a: Dondozo
|-resisted|p2a: Dondozo
|-damage|p2a: Dondozo|85/100
|
|-heal|p2a: Dondozo|91/100|[from] item: Leftovers
|upkeep
|turn|9
|
|t:|1758379733
|-end|p1a: Kingambit|fallen2|[silent]
|switch|p1a: Raging Bolt|Raging Bolt|100/100
|switch|p2a: Blaziken|Blaziken, F|100/100
|
|upkeep
|turn|10
|
|t:|1758379739
|switch|p2a: Iron Treads|Iron Treads|17/100
|move|p1a: Raging Bolt|Draco Meteor|p2a: Iron Treads
|-resisted|p2a: Iron Treads
|-damage|p2a: Iron Treads|0 fnt
|-unboost|p1a: Raging Bolt|spa|2
|faint|p2a: Iron Treads
|-end|p2a: Iron Treads|Quark Drive|[silent]
|
|upkeep
|
|t:|1758379754
|switch|p2a: Salamence|Salamence, M, tera:Fairy|100/100
|turn|11
|
|t:|1758379757
|-end|p1a: Raging Bolt|Protosynthesis|[silent]
|switch|p1a: Ting-Lu|Ting-Lu|100/100
|-ability|p1a: Ting-Lu|Vessel of Ruin
|move|p2a: Salamence|Tera Blast|p1a: Ting-Lu|[anim] Tera Blast Fairy
|-supereffective|p1a: Ting-Lu
|-damage|p1a: Ting-Lu|56/100
|
|-heal|p1a: Ting-Lu|62/100|[from] item: Leftovers
|upkeep
|turn|12
|
|t:|1758379763
|move|p2a: Salamence|Tera Blast|p1a: Ting-Lu|[anim] Tera Blast Fairy
|-supereffective|p1a: Ting-Lu
|-damage|p1a: Ting-Lu|13/100
|move|p1a: Ting-Lu|Stealth Rock|p2a: Salamence
|-sidestart|p2: malk tyme|move: Stealth Rock
|
|-heal|p1a: Ting-Lu|19/100|[from] item: Leftovers
|upkeep
|turn|13
|
|t:|1758379768
|move|p2a: Salamence|Tera Blast|p1a: Ting-Lu|[anim] Tera Blast Fairy
|-supereffective|p1a: Ting-Lu
|-damage|p1a: Ting-Lu|0 fnt
|faint|p1a: Ting-Lu
|-ability|p2a: Salamence|Moxie|boost
|-boost|p2a: Salamence|atk|1
|
|upkeep
|
|t:|1758379770
|switch|p1a: Kingambit|Kingambit, F|100/100
|-activate|p1a: Kingambit|ability: Supreme Overlord
|-start|p1a: Kingambit|fallen3|[silent]
|turn|14
|
|t:|1758379774
|switch|p2a: Dondozo|Dondozo, M|91/100
|-damage|p2a: Dondozo|78/100|[from] Stealth Rock
|move|p1a: Kingambit|Iron Head|p2a: Dondozo
|-resisted|p2a: Dondozo
|-damage|p2a: Dondozo|58/100
|
|-heal|p2a: Dondozo|65/100|[from] item: Leftovers
|upkeep
|turn|15
|
|t:|1758379780
|-end|p1a: Kingambit|fallen3|[silent]
|switch|p1a: Raging Bolt|Raging Bolt|100/100
|switch|p2a: Blaziken|Blaziken, F|100/100
|-damage|p2a: Blaziken|88/100|[from] Stealth Rock
|
|upkeep
|turn|16
|
|t:|1758379790
|move|p2a: Blaziken|Close Combat|p1a: Raging Bolt
|-damage|p1a: Raging Bolt|24/100
|-unboost|p2a: Blaziken|def|1
|-unboost|p2a: Blaziken|spd|1
|-damage|p2a: Blaziken|78/100|[from] item: Life Orb
|move|p1a: Raging Bolt|Draco Meteor|p2a: Blaziken
|-damage|p2a: Blaziken|0 fnt
|-unboost|p1a: Raging Bolt|spa|2
|faint|p2a: Blaziken
|
|-heal|p1a: Raging Bolt|30/100|[from] item: Leftovers
|upkeep
|
|t:|1758379799
|switch|p2a: Salamence|Salamence, M, tera:Fairy|100/100
|-damage|p2a: Salamence|88/100|[from] Stealth Rock
|turn|17
|
|t:|1758379808
|move|p1a: Raging Bolt|Thunderclap|p2a: Salamence
|-damage|p2a: Salamence|63/100
|move|p2a: Salamence|Tera Blast|p1a: Raging Bolt|[anim] Tera Blast Fairy
|-supereffective|p1a: Raging Bolt
|-damage|p1a: Raging Bolt|0 fnt
|faint|p1a: Raging Bolt
|-end|p1a: Raging Bolt|Protosynthesis|[silent]
|-ability|p2a: Salamence|Moxie|boost
|-boost|p2a: Salamence|atk|1
|
|upkeep
|
|t:|1758379810
|switch|p1a: Kingambit|Kingambit, F|100/100
|-activate|p1a: Kingambit|ability: Supreme Overlord
|-start|p1a: Kingambit|fallen4|[silent]
|turn|18
|
|t:|1758379818
|switch|p2a: Dondozo|Dondozo, M|65/100
|-damage|p2a: Dondozo|52/100|[from] Stealth Rock
|move|p1a: Kingambit|Iron Head|p2a: Dondozo
|-resisted|p2a: Dondozo
|-damage|p2a: Dondozo|32/100
|
|-heal|p2a: Dondozo|38/100|[from] item: Leftovers
|upkeep
|turn|19
|
|t:|1758379824
|move|p1a: Kingambit|Kowtow Cleave|p2a: Dondozo
|-damage|p2a: Dondozo|0 fnt
|faint|p2a: Dondozo
|
|upkeep
|
|t:|1758379829
|switch|p2a: Veluza|Veluza, M|100/100
|-damage|p2a: Veluza|88/100|[from] Stealth Rock
|turn|20
|
|t:|1758379833
|move|p1a: Kingambit|Sucker Punch|p2a: Veluza
|-supereffective|p2a: Veluza
|-damage|p2a: Veluza|0 fnt
|faint|p2a: Veluza
|
|upkeep
|-message|malk tyme forfeited.
|
|win|Crocodile E
|raw|Crocodile E's rating: 1600 &rarr; <strong>1624</strong><br />(+24 for winning)
|raw|malk tyme's rating: 1664 &rarr; <strong>1640</strong><br />(-24 for losing)
|l|☆malk tyme
|player|p2|
|l|☆Crocodile E
|player|p1|
