|j|☆lolcano46
|j|☆Srita Kaguya
|t:|1758328828
|gametype|singles
|player|p1|lolcano46|fisherman-gen4|1564
|player|p2|Srita Kaguya|janine|1609
|gen|9
|tier|[Gen 9] OU
|rated|
|rule|HP Percentage Mod: HP is shown in percentages
|rule|Endless Battle Clause: Forcing endless battles is banned
|rule|Species Clause: Limit one of each Pokémon
|rule|OHKO Clause: OHKO moves are banned
|rule|Evasion Items Clause: Evasion items are banned
|rule|Evasion Moves Clause: Evasion moves are banned
|rule|Evasion Abilities Clause: Evasion abilities are banned
|rule|Sleep Moves Clause: Sleep-inducing moves are banned
|clearpoke
|poke|p1|Azelf|
|poke|p1|Ogerpon-Wellspring, F|
|poke|p1|Scizor, M|
|poke|p1|Gengar, M|
|poke|p1|Raging Bolt|
|poke|p1|Cinderace, F|
|poke|p2|Skeledirge, M|
|poke|p2|Great Tusk|
|poke|p2|Weavile, F|
|poke|p2|Amoonguss, M|
|poke|p2|Gliscor, M|
|poke|p2|Iron Crown|
|teampreview
|inactive|Battle timer is ON: inactive players will automatically lose when time's up. (requested by lolcano46)
|inactive|lolcano46 has 120 seconds left.
|
|t:|1758328860
|teamsize|p1|6
|teamsize|p2|6
|start
|switch|p1a: Cinderace|Cinderace, F|100/100
|switch|p2a: Weavile|Weavile, F|100/100
|-ability|p2a: Weavile|Pressure
|turn|1
|
|t:|1758328866
|switch|p2a: Skeledirge|Skeledirge, M|100/100
|move|p1a: Cinderace|Will-O-Wisp|p2a: Skeledirge
|-immune|p2a: Skeledirge
|
|upkeep
|turn|2
|
|t:|1758328872
|switch|p1a: Gengar|Gengar, M|100/100
|move|p2a: Skeledirge|Shadow Ball|p1a: Gengar
|-supereffective|p1a: Gengar
|-damage|p1a: Gengar|7/100
|-start|p2a: Skeledirge|Disable|Shadow Ball|[from] ability: Cursed Body|[of] p1a: Gengar
|
|upkeep
|turn|3
|
|t:|1758328879
|switch|p2a: Gliscor|Gliscor, M|100/100
|move|p1a: Gengar|Thunder Wave|p2a: Gliscor
|-immune|p2a: Gliscor
|
|-status|p2a: Gliscor|tox|[from] item: Toxic Orb
|upkeep
|turn|4
|
|t:|1758328884
|switch|p1a: Ogerpon|Ogerpon-Wellspring, F|100/100
|move|p2a: Gliscor|Spikes|p1a: Ogerpon
|-sidestart|p1: lolcano46|Spikes
|
|upkeep
|turn|5
|
|t:|1758328889
|switch|p2a: Amoonguss|Amoonguss, M|100/100
|move|p1a: Ogerpon|Swords Dance|p1a: Ogerpon
|-boost|p1a: Ogerpon|atk|2
|
|upkeep
|turn|6
|
|t:|1758328891
|move|p1a: Ogerpon|Ivy Cudgel|p2a: Amoonguss|[anim] Ivy Cudgel Water
|-resisted|p2a: Amoonguss
|-damage|p2a: Amoonguss|60/100
|move|p2a: Amoonguss|Foul Play|p1a: Ogerpon
|-damage|p1a: Ogerpon|18/100
|
|upkeep
|turn|7
|
|t:|1758328898
|-terastallize|p1a: Ogerpon|Water
|detailschange|p1a: Ogerpon|Ogerpon-Wellspring-Tera, F, tera:Water
|-ability|p1a: Ogerpon|Embody Aspect (Wellspring)|boost
|-boost|p1a: Ogerpon|spd|1
|move|p1a: Ogerpon|Ivy Cudgel|p2a: Amoonguss|[anim] Ivy Cudgel Water
|-resisted|p2a: Amoonguss
|-damage|p2a: Amoonguss|8/100
|move|p2a: Amoonguss|Foul Play|p1a: Ogerpon
|-damage|p1a: Ogerpon|0 fnt
|faint|p1a: Ogerpon
|detailschange|p1: Ogerpon|Ogerpon-Wellspring, F|[silent]
|
|upkeep
|
|t:|1758328901
|switch|p1a: Azelf|Azelf|100/100
|turn|8
|
|t:|1758328905
|switch|p2a: Iron Crown|Iron Crown|100/100
|move|p1a: Azelf|Dazzling Gleam|p2a: Iron Crown
|-resisted|p2a: Iron Crown
|-damage|p2a: Iron Crown|86/100
|
|upkeep
|turn|9
|
|t:|1758328908
|move|p1a: Azelf|Flamethrower|p2a: Iron Crown
|-supereffective|p2a: Iron Crown
|-damage|p2a: Iron Crown|7/100
|move|p2a: Iron Crown|Tachyon Cutter|p1a: Azelf
|-damage|p1a: Azelf|58/100
|-damage|p1a: Azelf|21/100
|-hitcount|p1a: Azelf|2
|
|upkeep
|turn|10
|
|t:|1758328912
|move|p1a: Azelf|Flamethrower|p2a: Iron Crown
|-supereffective|p2a: Iron Crown
|-damage|p2a: Iron Crown|0 fnt
|faint|p2a: Iron Crown
|-end|p2a: Iron Crown|Quark Drive|[silent]
|
|upkeep
|
|t:|1758328913
|switch|p2a: Weavile|Weavile, F|100/100
|-ability|p2a: Weavile|Pressure
|turn|11
|
|t:|1758328919
|move|p2a: Weavile|Knock Off|p1a: Azelf
|-supereffective|p1a: Azelf
|-crit|p1a: Azelf
|-damage|p1a: Azelf|0 fnt
|-enditem|p1a: Azelf|Expert Belt|[from] move: Knock Off|[of] p2a: Weavile
|faint|p1a: Azelf
|
|upkeep
|
|t:|1758328922
|switch|p1a: Cinderace|Cinderace, F|100/100
|turn|12
|
|t:|1758328924
|move|p2a: Weavile|Knock Off|p1a: Cinderace
|-damage|p1a: Cinderace|5/100
|-enditem|p1a: Cinderace|Heavy-Duty Boots|[from] move: Knock Off|[of] p2a: Weavile
|move|p1a: Cinderace|Court Change|p1a: Cinderace
|-start|p1a: Cinderace|typechange|Normal|[from] ability: Libero
|-swapsideconditions
|-activate|p1a: Cinderace|move: Court Change
|
|upkeep
|turn|13
|
|t:|1758328927
|move|p1a: Cinderace|Sucker Punch|p2a: Weavile
|-resisted|p2a: Weavile
|-damage|p2a: Weavile|81/100
|move|p2a: Weavile|Knock Off|p1a: Cinderace
|-damage|p1a: Cinderace|0 fnt
|faint|p1a: Cinderace
|
|upkeep
|
|t:|1758328930
|switch|p1a: Gengar|Gengar, M|7/100
|turn|14
|
|t:|1758328935
|switch|p2a: Gliscor|Gliscor, M|100/100 tox
|move|p1a: Gengar|Sludge Bomb|p2a: Gliscor
|-resisted|p2a: Gliscor
|-damage|p2a: Gliscor|80/100 tox
|
|-heal|p2a: Gliscor|93/100 tox|[from] ability: Poison Heal
|upkeep
|turn|15
|-message|lolcano46 forfeited.
|
|win|Srita Kaguya
|raw|lolcano46's rating: 1564 &rarr; <strong>1547</strong><br />(-17 for losing)
|raw|Srita Kaguya's rating: 1609 &rarr; <strong>1626</strong><br />(+17 for winning)
|l|☆lolcano46
|player|p1|
|l|☆Srita Kaguya
|player|p2|
