|j|‽A1Randy
|j|☆Teefryingpan
|t:|1758348622
|gametype|singles
|player|p1|A1Randy|burglar|1643
|player|p2|Teefryingpan|169|1665
|gen|9
|tier|[Gen 9] OU
|rated|
|rule|HP Percentage Mod: HP is shown in percentages
|rule|Endless Battle Clause: Forcing endless battles is banned
|rule|Species Clause: Limit one of each Pokémon
|rule|OHKO Clause: OHKO moves are banned
|rule|Evasion Items Clause: Evasion items are banned
|rule|Evasion Moves Clause: Evasion moves are banned
|rule|Evasion Abilities Clause: Evasion abilities are banned
|rule|Sleep Moves Clause: Sleep-inducing moves are banned
|clearpoke
|poke|p1|Iron Crown|
|poke|p1|Kyurem|
|poke|p1|Dragonite, F|
|poke|p1|Kingambit, F|
|poke|p1|Iron Valiant|
|poke|p1|Darkrai|
|poke|p2|Samurott-Hisui, M|
|poke|p2|Dragapult, M|
|poke|p2|Iron Treads|
|poke|p2|Enamorus, F|
|poke|p2|Ogerpon-Wellspring, F|
|poke|p2|Scizor, M|
|teampreview
|inactive|Battle timer is ON: inactive players will automatically lose when time's up. (requested by Teefryingpan)
|inactive|A1Randy has 120 seconds left.
|
|t:|1758348677
|teamsize|p1|6
|teamsize|p2|6
|start
|switch|p1a: Iron Crown|Iron Crown|100/100
|switch|p2a: Starry Night|Dragapult, M|100/100
|turn|1
|
|t:|1758348683
|-terastallize|p1a: Iron Crown|Ice
|move|p1a: Iron Crown|Tera Blast|p2a: Starry Night|[anim] Tera Blast Ice
|-supereffective|p2a: Starry Night
|-damage|p2a: Starry Night|0 fnt
|faint|p2a: Starry Night
|
|upkeep
|
|t:|1758348691
|switch|p2a: The Bullet Slinger|Scizor, M|100/100
|turn|2
|
|t:|1758348695
|-end|p1a: Iron Crown|Quark Drive|[silent]
|switch|p1a: Kingambit|Kingambit, F|100/100
|move|p2a: The Bullet Slinger|U-turn|p1a: Kingambit
|-damage|p1a: Kingambit|54/100
|
|t:|1758348701
|switch|p2a: Pixie Dust|Enamorus, F|100/100|[from] U-turn
|
|upkeep
|turn|3
|
|t:|1758348705
|move|p2a: Pixie Dust|Mystical Fire|p1a: Kingambit
|-supereffective|p1a: Kingambit
|-damage|p1a: Kingambit|0 fnt
|faint|p1a: Kingambit
|-end|p1a: Kingambit|fallenundefined|[silent]
|
|upkeep
|
|t:|1758348708
|switch|p1a: Dragonite|Dragonite, F|100/100
|turn|4
|
|t:|1758348714
|switch|p2a: The Bullet Slinger|Scizor, M|100/100
|move|p1a: Dragonite|Dragon Dance|p1a: Dragonite
|-boost|p1a: Dragonite|atk|1
|-boost|p1a: Dragonite|spe|1
|
|upkeep
|turn|5
|
|t:|1758348718
|move|p2a: The Bullet Slinger|Bullet Punch|p1a: Dragonite
|-damage|p1a: Dragonite|74/100
|move|p1a: Dragonite|Earthquake|p2a: The Bullet Slinger
|-damage|p2a: The Bullet Slinger|44/100
|
|upkeep
|turn|6
|
|t:|1758348737
|switch|p2a: Ogerpon|Ogerpon-Wellspring, F|100/100
|move|p1a: Dragonite|Earthquake|p2a: Ogerpon
|-resisted|p2a: Ogerpon
|-damage|p2a: Ogerpon|64/100
|
|upkeep
|turn|7
|
|t:|1758348742
|move|p1a: Dragonite|Scale Shot|p2a: Ogerpon
|-damage|p2a: Ogerpon|34/100
|-damage|p2a: Ogerpon|3/100
|-damage|p2a: Ogerpon|0 fnt
|faint|p2a: Ogerpon
|-hitcount|p2: Ogerpon|3
|-unboost|p1a: Dragonite|def|1
|-boost|p1a: Dragonite|spe|1
|
|upkeep
|
|t:|1758348748
|switch|p2a: The Bullet Slinger|Scizor, M|44/100
|turn|8
|
|t:|1758348756
|-terastallize|p2a: The Bullet Slinger|Steel
|move|p1a: Dragonite|Extreme Speed|p2a: The Bullet Slinger
|-resisted|p2a: The Bullet Slinger
|-damage|p2a: The Bullet Slinger|19/100
|move|p2a: The Bullet Slinger|Bullet Punch|p1a: Dragonite
|-damage|p1a: Dragonite|0 fnt
|faint|p1a: Dragonite
|
|upkeep
|
|t:|1758348761
|switch|p1a: Iron Valiant|Iron Valiant, shiny|100/100
|turn|9
|
|t:|1758348767
|switch|p2a: Pixie Dust|Enamorus, F|100/100
|move|p1a: Iron Valiant|Vacuum Wave|p2a: Pixie Dust
|-resisted|p2a: Pixie Dust
|-damage|p2a: Pixie Dust|90/100
|-damage|p1a: Iron Valiant|91/100|[from] item: Life Orb
|
|upkeep
|turn|10
|
|t:|1758348771
|-end|p1a: Iron Valiant|Quark Drive|[silent]
|switch|p1a: Iron Crown|Iron Crown, tera:Ice|100/100
|move|p2a: Pixie Dust|Mystical Fire|p1a: Iron Crown
|-supereffective|p1a: Iron Crown
|-damage|p1a: Iron Crown|51/100
|-unboost|p1a: Iron Crown|spa|1
|
|upkeep
|turn|11
|
|t:|1758348778
|switch|p2a: Roaming Sea|Samurott-Hisui, M|100/100
|move|p1a: Iron Crown|Tachyon Cutter|p2a: Roaming Sea
|-resisted|p2a: Roaming Sea
|-damage|p2a: Roaming Sea|89/100
|-resisted|p2a: Roaming Sea
|-damage|p2a: Roaming Sea|79/100
|-hitcount|p2a: Roaming Sea|2
|
|upkeep
|turn|12
|
|t:|1758348786
|-end|p1a: Iron Crown|Quark Drive|[silent]
|switch|p1a: Iron Valiant|Iron Valiant, shiny|91/100
|move|p2a: Roaming Sea|Ceaseless Edge|p1a: Iron Valiant
|-resisted|p1a: Iron Valiant
|-damage|p1a: Iron Valiant|76/100
|-sidestart|p1: A1Randy|Spikes
|
|upkeep
|turn|13
|
|t:|1758348793
|move|p1a: Iron Valiant|Moonblast|p2a: Roaming Sea
|-supereffective|p2a: Roaming Sea
|-damage|p2a: Roaming Sea|0 fnt
|faint|p2a: Roaming Sea
|-damage|p1a: Iron Valiant|67/100|[from] item: Life Orb
|
|upkeep
|
|t:|1758348797
|switch|p2a: Terminator|Iron Treads|100/100
|turn|14
|
|t:|1758348800
|move|p1a: Iron Valiant|Vacuum Wave|p2a: Terminator
|-supereffective|p2a: Terminator
|-damage|p2a: Terminator|20/100
|-damage|p1a: Iron Valiant|57/100|[from] item: Life Orb
|move|p2a: Terminator|Rapid Spin|p1a: Iron Valiant
|-damage|p1a: Iron Valiant|35/100
|-boost|p2a: Terminator|spe|1
|
|upkeep
|turn|15
|
|t:|1758348803
|-end|p2a: Terminator|Quark Drive|[silent]
|switch|p2a: Pixie Dust|Enamorus, F|90/100
|move|p1a: Iron Valiant|Vacuum Wave|p2a: Pixie Dust
|-resisted|p2a: Pixie Dust
|-damage|p2a: Pixie Dust|80/100
|-damage|p1a: Iron Valiant|26/100|[from] item: Life Orb
|
|upkeep
|turn|16
|
|t:|1758348809
|move|p2a: Pixie Dust|Moonblast|p1a: Iron Valiant
|-supereffective|p1a: Iron Valiant
|-damage|p1a: Iron Valiant|0 fnt
|faint|p1a: Iron Valiant
|-end|p1a: Iron Valiant|Quark Drive|[silent]
|
|upkeep
|
|t:|1758348812
|switch|p1a: Iron Crown|Iron Crown, tera:Ice|51/100
|-damage|p1a: Iron Crown|38/100|[from] Spikes
|turn|17
|
|t:|1758348819
|move|p2a: Pixie Dust|Moonblast|p1a: Iron Crown
|-damage|p1a: Iron Crown|0 fnt
|faint|p1a: Iron Crown
|-end|p1a: Iron Crown|Quark Drive|[silent]
|
|upkeep
|
|t:|1758348824
|switch|p1a: Kyurem|Kyurem|100/100
|-damage|p1a: Kyurem|88/100|[from] Spikes
|-ability|p1a: Kyurem|Pressure
|turn|18
|
|t:|1758348827
|switch|p2a: Terminator|Iron Treads|20/100
|move|p1a: Kyurem|Icicle Spear|p2a: Terminator
|-damage|p2a: Terminator|6/100
|-crit|p2a: Terminator
|-damage|p2a: Terminator|0 fnt
|faint|p2a: Terminator
|-end|p2a: Terminator|Quark Drive|[silent]
|-hitcount|p2: Terminator|2
|
|upkeep
|
|t:|1758348831
|switch|p2a: The Bullet Slinger|Scizor, M, tera:Steel|19/100
|turn|19
|
|t:|1758348836
|move|p2a: The Bullet Slinger|Bullet Punch|p1a: Kyurem
|-supereffective|p1a: Kyurem
|-damage|p1a: Kyurem|0 fnt
|faint|p1a: Kyurem
|
|upkeep
|
|t:|1758348841
|switch|p1a: Darkrai|Darkrai|100/100
|-damage|p1a: Darkrai|88/100|[from] Spikes
|turn|20
|
|t:|1758348844
|move|p2a: The Bullet Slinger|Bullet Punch|p1a: Darkrai
|-damage|p1a: Darkrai|0 fnt
|faint|p1a: Darkrai
|
|win|Teefryingpan
|raw|A1Randy's rating: 1643 &rarr; <strong>1624</strong><br />(-19 for losing)
|raw|Teefryingpan's rating: 1665 &rarr; <strong>1684</strong><br />(+19 for winning)
|l|☆Teefryingpan
|player|p2|
|l|‽A1Randy
|player|p1|
