|j|☆ultimategoogolplex
|j|☆Weyselb
|t:|1758316913
|gametype|singles
|player|p1|ultimategoogolplex|2|1475
|player|p2|Weyselb|pokemaniac|1455
|gen|9
|tier|[Gen 9] OU
|rated|
|rule|HP Percentage Mod: HP is shown in percentages
|rule|Endless Battle Clause: Forcing endless battles is banned
|rule|Species Clause: Limit one of each Pokémon
|rule|OHKO Clause: OHKO moves are banned
|rule|Evasion Items Clause: Evasion items are banned
|rule|Evasion Moves Clause: Evasion moves are banned
|rule|Evasion Abilities Clause: Evasion abilities are banned
|rule|Sleep Moves Clause: Sleep-inducing moves are banned
|clearpoke
|poke|p1|Landorus-Therian, M|
|poke|p1|Kyurem|
|poke|p1|Enamorus, F|
|poke|p1|Dragapult, F|
|poke|p1|Corviknight, F|
|poke|p1|Slowking-Galar, M|
|poke|p2|Lokix, M|
|poke|p2|Alomomola, F|
|poke|p2|Slowking-Galar, M|
|poke|p2|Rotom-Wash|
|poke|p2|Iron Treads|
|poke|p2|Sinistcha|
|teampreview
|inactive|Battle timer is ON: inactive players will automatically lose when time's up. (requested by ultimategoogolplex)
|
|t:|1758316919
|teamsize|p1|6
|teamsize|p2|6
|start
|switch|p1a: Kyurem|Kyurem|100/100
|switch|p2a: Rotom|Rotom-Wash|100/100
|-ability|p1a: Kyurem|Pressure
|turn|1
|
|t:|1758316926
|move|p2a: Rotom|Volt Switch|p1a: Kyurem
|-resisted|p1a: Kyurem
|-damage|p1a: Kyurem|84/100
|
|t:|1758316932
|switch|p2a: Slowking|Slowking-Galar, M|100/100|[from] Volt Switch
|move|p1a: Kyurem|Freeze-Dry|p2a: Slowking
|-damage|p2a: Slowking|71/100
|
|upkeep
|turn|2
|
|t:|1758316944
|move|p1a: Kyurem|Freeze-Dry|p2a: Slowking
|-damage|p2a: Slowking|36/100
|-prepare|p2a: Slowking|Chilly Reception|[premajor]
|move|p2a: Slowking|Chilly Reception|p2a: Slowking
|-weather|Snowscape
|
|t:|1758316956
|switch|p2a: Lokix|Lokix, M|100/100|[from] Chilly Reception
|
|-weather|Snowscape|[upkeep]
|upkeep
|turn|3
|
|t:|1758316962
|switch|p1a: Corviknight|Corviknight, F|100/100
|-ability|p1a: Corviknight|Pressure
|move|p2a: Lokix|First Impression|p1a: Corviknight
|-resisted|p1a: Corviknight
|-damage|p1a: Corviknight|80/100
|-damage|p2a: Lokix|84/100|[from] item: Rocky Helmet|[of] p1a: Corviknight
|
|-weather|Snowscape|[upkeep]
|upkeep
|turn|4
|
|t:|1758316968
|switch|p2a: Slowking|Slowking-Galar, M|69/100
|move|p1a: Corviknight|U-turn|p2a: Slowking
|-damage|p2a: Slowking|55/100
|
|t:|1758316980
|switch|p1a: Dragapult|Dragapult, F|100/100|[from] U-turn
|
|-weather|Snowscape|[upkeep]
|upkeep
|turn|5
|
|t:|1758316989
|switch|p2a: Alomomola|Alomomola, F|100/100
|move|p1a: Dragapult|U-turn|p2a: Alomomola
|-damage|p2a: Alomomola|83/100
|-damage|p1a: Dragapult|84/100|[from] item: Rocky Helmet|[of] p2a: Alomomola
|
|t:|1758316993
|switch|p1a: Kyurem|Kyurem|84/100|[from] U-turn
|-ability|p1a: Kyurem|Pressure
|
|-weather|Snowscape|[upkeep]
|upkeep
|turn|6
|
|t:|1758317009
|switch|p2a: Slowking|Slowking-Galar, M|88/100
|-terastallize|p1a: Kyurem|Ice
|move|p1a: Kyurem|Freeze-Dry|p2a: Slowking
|-damage|p2a: Slowking|46/100
|
|-weather|none
|upkeep
|turn|7
|
|t:|1758317026
|switch|p1a: Landorus|Landorus-Therian, M|100/100
|-ability|p1a: Landorus|Intimidate|boost
|-unboost|p2a: Slowking|atk|1
|-prepare|p2a: Slowking|Chilly Reception|[premajor]
|move|p2a: Slowking|Chilly Reception|p2a: Slowking
|-weather|Snowscape
|
|t:|1758317029
|switch|p2a: Rotom|Rotom-Wash|100/100|[from] Chilly Reception
|
|-weather|Snowscape|[upkeep]
|upkeep
|turn|8
|
|t:|1758317036
|switch|p1a: Slowking|Slowking-Galar, M|100/100
|move|p2a: Rotom|Hydro Pump|p1a: Slowking
|-damage|p1a: Slowking|78/100
|
|-weather|Snowscape|[upkeep]
|upkeep
|turn|9
|
|t:|1758317047
|switch|p2a: Slowking|Slowking-Galar, M|79/100
|move|p1a: Slowking|Flamethrower|p2a: Slowking
|-damage|p2a: Slowking|66/100
|
|-weather|Snowscape|[upkeep]
|upkeep
|turn|10
|
|t:|1758317054
|move|p1a: Slowking|Psyshock|p2a: Slowking
|-damage|p2a: Slowking|32/100
|move|p2a: Slowking|Future Sight|p1a: Slowking
|-start|p2a: Slowking|move: Future Sight
|
|-weather|Snowscape|[upkeep]
|upkeep
|turn|11
|
|t:|1758317063
|switch|p1a: Kyurem|Kyurem, tera:Ice|84/100
|-ability|p1a: Kyurem|Pressure
|switch|p2a: Alomomola|Alomomola, F|100/100
|
|-weather|none
|upkeep
|turn|12
|
|t:|1758317089
|switch|p2a: Iron Treads|Iron Treads|100/100
|move|p1a: Kyurem|Freeze-Dry|p2a: Iron Treads
|-damage|p2a: Iron Treads|39/100
|
|-end|p1a: Kyurem|move: Future Sight
|-damage|p1a: Kyurem|40/100
|-heal|p2a: Iron Treads|45/100|[from] item: Leftovers
|upkeep
|turn|13
|inactive|Weyselb has 120 seconds left.
|
|t:|1758317109
|switch|p1a: Landorus|Landorus-Therian, M|100/100
|-ability|p1a: Landorus|Intimidate|boost
|-unboost|p2a: Iron Treads|atk|1
|-end|p2a: Iron Treads|Quark Drive|[silent]
|switch|p2a: Slowking|Slowking-Galar, M|66/100
|
|upkeep
|turn|14
|
|t:|1758317116
|switch|p2a: Rotom|Rotom-Wash|100/100
|move|p1a: Landorus|U-turn|p2a: Rotom
|-damage|p2a: Rotom|69/100
|
|t:|1758317139
|switch|p1a: Slowking|Slowking-Galar, M|100/100|[from] U-turn
|
|upkeep
|turn|15
|
|t:|1758317147
|move|p2a: Rotom|Volt Switch|p1a: Slowking
|-damage|p1a: Slowking|87/100
|
|t:|1758317152
|switch|p2a: Alomomola|Alomomola, F|100/100|[from] Volt Switch
|move|p1a: Slowking|Flamethrower|p2a: Alomomola
|-resisted|p2a: Alomomola
|-damage|p2a: Alomomola|88/100
|
|upkeep
|turn|16
|
|t:|1758317164
|move|p2a: Alomomola|Flip Turn|p1a: Slowking
|-damage|p1a: Slowking|69/100
|
|t:|1758317169
|switch|p2a: Lokix|Lokix, M|84/100|[from] Flip Turn
|move|p1a: Slowking|Psyshock|p2a: Lokix
|-immune|p2a: Lokix
|
|upkeep
|turn|17
|
|t:|1758317175
|switch|p1a: Corviknight|Corviknight, F|80/100
|-ability|p1a: Corviknight|Pressure
|move|p2a: Lokix|Knock Off|p1a: Corviknight
|-damage|p1a: Corviknight|38/100
|-damage|p2a: Lokix|67/100|[from] item: Rocky Helmet|[of] p1a: Corviknight
|-enditem|p1a: Corviknight|Rocky Helmet|[from] move: Knock Off|[of] p2a: Lokix
|
|upkeep
|turn|18
|
|t:|1758317182
|switch|p2a: Alomomola|Alomomola, F|100/100
|move|p1a: Corviknight|Roost|p1a: Corviknight
|-heal|p1a: Corviknight|88/100
|-singleturn|p1a: Corviknight|move: Roost
|
|upkeep
|turn|19
|
|t:|1758317191
|switch|p1a: Slowking|Slowking-Galar, M|100/100
|move|p2a: Alomomola|Flip Turn|p1a: Slowking
|-damage|p1a: Slowking|85/100
|
|t:|1758317197
|switch|p2a: Iron Treads|Iron Treads|45/100|[from] Flip Turn
|
|-heal|p2a: Iron Treads|51/100|[from] item: Leftovers
|upkeep
|turn|20
|
|t:|1758317210
|switch|p1a: Landorus|Landorus-Therian, M|100/100
|-ability|p1a: Landorus|Intimidate|boost
|-unboost|p2a: Iron Treads|atk|1
|move|p2a: Iron Treads|Volt Switch|p1a: Landorus
|-immune|p1a: Landorus
|
|-heal|p2a: Iron Treads|57/100|[from] item: Leftovers
|upkeep
|turn|21
|
|t:|1758317219
|-end|p2a: Iron Treads|Quark Drive|[silent]
|switch|p2a: Alomomola|Alomomola, F|100/100
|move|p1a: Landorus|U-turn|p2a: Alomomola
|-damage|p2a: Alomomola|89/100
|-damage|p1a: Landorus|84/100|[from] item: Rocky Helmet|[of] p2a: Alomomola
|
|t:|1758317226
|switch|p1a: Kyurem|Kyurem, tera:Ice|40/100|[from] U-turn
|-ability|p1a: Kyurem|Pressure
|
|upkeep
|turn|22
|
|t:|1758317240
|switch|p2a: Slowking|Slowking-Galar, M|99/100
|move|p1a: Kyurem|Ice Beam|p2a: Slowking
|-damage|p2a: Slowking|40/100
|-status|p2a: Slowking|frz
|
|upkeep
|turn|23
|
|t:|1758317250
|switch|p2a: Sinistcha|Sinistcha|100/100
|move|p1a: Kyurem|Ice Beam|p2a: Sinistcha
|-supereffective|p2a: Sinistcha
|-damage|p2a: Sinistcha|0 fnt
|faint|p2a: Sinistcha
|
|upkeep
|
|t:|1758317255
|switch|p2a: Lokix|Lokix, M|67/100
|turn|24
|
|t:|1758317258
|switch|p1a: Corviknight|Corviknight, F|88/100
|-ability|p1a: Corviknight|Pressure
|move|p2a: Lokix|U-turn|p1a: Corviknight
|-resisted|p1a: Corviknight
|-damage|p1a: Corviknight|73/100
|
|t:|1758317260
|switch|p2a: Iron Treads|Iron Treads|57/100|[from] U-turn
|
|-heal|p2a: Iron Treads|63/100|[from] item: Leftovers
|upkeep
|turn|25
|
|t:|1758317265
|move|p2a: Iron Treads|Stealth Rock|p1a: Corviknight
|-sidestart|p1: ultimategoogolplex|move: Stealth Rock
|move|p1a: Corviknight|U-turn|p2a: Iron Treads
|-resisted|p2a: Iron Treads
|-damage|p2a: Iron Treads|58/100
|
|t:|1758317273
|switch|p1a: Landorus|Landorus-Therian, M|84/100|[from] U-turn
|-damage|p1a: Landorus|72/100|[from] Stealth Rock
|-ability|p1a: Landorus|Intimidate|boost
|-unboost|p2a: Iron Treads|atk|1
|
|-heal|p2a: Iron Treads|64/100|[from] item: Leftovers
|upkeep
|turn|26
|
|t:|1758317280
|-end|p2a: Iron Treads|Quark Drive|[silent]
|switch|p2a: Rotom|Rotom-Wash|69/100
|move|p1a: Landorus|Earthquake|p2a: Rotom
|-immune|p2a: Rotom|[from] ability: Levitate
|
|upkeep
|turn|27
|
|t:|1758317299
|switch|p1a: Slowking|Slowking-Galar, M|100/100
|-damage|p1a: Slowking|88/100|[from] Stealth Rock
|move|p2a: Rotom|Hydro Pump|p1a: Slowking
|-damage|p1a: Slowking|67/100
|
|upkeep
|turn|28
|
|t:|1758317312
|switch|p2a: Slowking|Slowking-Galar, M|73/100 frz
|move|p1a: Slowking|Flamethrower|p2a: Slowking
|-damage|p2a: Slowking|60/100 frz
|-curestatus|p2a: Slowking|frz|[msg]
|
|upkeep
|turn|29
|
|t:|1758317315
|move|p1a: Slowking|Psyshock|p2a: Slowking
|-damage|p2a: Slowking|31/100
|-prepare|p2a: Slowking|Chilly Reception|[premajor]
|move|p2a: Slowking|Chilly Reception|p2a: Slowking
|-weather|Snowscape
|
|t:|1758317318
|switch|p2a: Lokix|Lokix, M|67/100|[from] Chilly Reception
|
|-weather|Snowscape|[upkeep]
|upkeep
|turn|30
|
|t:|1758317329
|switch|p1a: Corviknight|Corviknight, F|73/100
|-damage|p1a: Corviknight|61/100|[from] Stealth Rock
|-ability|p1a: Corviknight|Pressure
|move|p2a: Lokix|U-turn|p1a: Corviknight
|-resisted|p1a: Corviknight
|-damage|p1a: Corviknight|47/100
|
|t:|1758317335
|switch|p2a: Rotom|Rotom-Wash|69/100|[from] U-turn
|
|-weather|Snowscape|[upkeep]
|upkeep
|turn|31
|
|t:|1758317340
|switch|p1a: Slowking|Slowking-Galar, M|99/100
|-damage|p1a: Slowking|88/100|[from] Stealth Rock
|move|p2a: Rotom|Volt Switch|p1a: Slowking
|-damage|p1a: Slowking|73/100
|
|t:|1758317344
|switch|p2a: Lokix|Lokix, M|67/100|[from] Volt Switch
|
|-weather|Snowscape|[upkeep]
|upkeep
|turn|32
|
|t:|1758317350
|switch|p1a: Landorus|Landorus-Therian, M|72/100
|-damage|p1a: Landorus|59/100|[from] Stealth Rock
|-ability|p1a: Landorus|Intimidate|boost
|-unboost|p2a: Lokix|atk|1
|move|p2a: Lokix|U-turn|p1a: Landorus
|-resisted|p1a: Landorus
|-damage|p1a: Landorus|38/100
|-damage|p2a: Lokix|51/100|[from] item: Rocky Helmet|[of] p1a: Landorus
|
|t:|1758317357
|switch|p2a: Rotom|Rotom-Wash|69/100|[from] U-turn
|
|-weather|Snowscape|[upkeep]
|upkeep
|turn|33
|
|t:|1758317362
|switch|p1a: Slowking|Slowking-Galar, M|100/100
|-damage|p1a: Slowking|88/100|[from] Stealth Rock
|move|p2a: Rotom|Hydro Pump|p1a: Slowking|[miss]
|-miss|p2a: Rotom|p1a: Slowking
|
|-weather|none
|upkeep
|turn|34
|
|t:|1758317374
|switch|p2a: Slowking|Slowking-Galar, M|64/100
|move|p1a: Slowking|Psyshock|p2a: Slowking
|-damage|p2a: Slowking|31/100
|
|upkeep
|turn|35
|
|t:|1758317385
|switch|p2a: Lokix|Lokix, M|51/100
|move|p1a: Slowking|Sludge Bomb|p2a: Lokix
|-damage|p2a: Lokix|0 fnt
|faint|p2a: Lokix
|
|upkeep
|
|t:|1758317398
|switch|p2a: Rotom|Rotom-Wash|69/100
|turn|36
|
|t:|1758317410
|move|p2a: Rotom|Trick|p1a: Slowking
|-activate|p2a: Rotom|move: Trick|[of] p1a: Slowking
|-item|p1a: Slowking|Choice Scarf|[from] move: Trick
|-item|p2a: Rotom|Assault Vest|[from] move: Trick
|move|p1a: Slowking|Flamethrower|p2a: Rotom
|-resisted|p2a: Rotom
|-crit|p2a: Rotom
|-damage|p2a: Rotom|55/100
|
|upkeep
|turn|37
|
|t:|1758317424
|switch|p1a: Landorus|Landorus-Therian, M|38/100
|-damage|p1a: Landorus|26/100|[from] Stealth Rock
|-ability|p1a: Landorus|Intimidate|boost
|-unboost|p2a: Rotom|atk|1
|move|p2a: Rotom|Volt Switch|p1a: Landorus
|-immune|p1a: Landorus
|
|upkeep
|turn|38
|
|t:|1758317433
|switch|p2a: Alomomola|Alomomola, F|100/100
|move|p1a: Landorus|U-turn|p2a: Alomomola
|-damage|p2a: Alomomola|88/100
|-damage|p1a: Landorus|9/100|[from] item: Rocky Helmet|[of] p2a: Alomomola
|
|t:|1758317443
|switch|p1a: Kyurem|Kyurem, tera:Ice|40/100|[from] U-turn
|-damage|p1a: Kyurem|15/100|[from] Stealth Rock
|-ability|p1a: Kyurem|Pressure
|
|upkeep
|turn|39
|
|t:|1758317450
|switch|p2a: Slowking|Slowking-Galar, M|65/100
|move|p1a: Kyurem|Freeze-Dry|p2a: Slowking
|-crit|p2a: Slowking
|-damage|p2a: Slowking|0 fnt
|faint|p2a: Slowking
|
|upkeep
|
|t:|1758317458
|switch|p2a: Iron Treads|Iron Treads|64/100
|turn|40
|
|t:|1758317479
|switch|p1a: Landorus|Landorus-Therian, M|9/100
|-damage|p1a: Landorus|0 fnt|[from] Stealth Rock
|faint|p1a: Landorus
|move|p2a: Iron Treads|Earthquake|p1: Landorus|[notarget]
|-fail|p2a: Iron Treads
|
|-heal|p2a: Iron Treads|70/100|[from] item: Leftovers
|upkeep
|inactive|ultimategoogolplex has 120 seconds left.
|
|t:|1758317510
|switch|p1a: Corviknight|Corviknight, F|47/100
|-damage|p1a: Corviknight|34/100|[from] Stealth Rock
|-ability|p1a: Corviknight|Pressure
|turn|41
|
|t:|1758317525
|move|p2a: Iron Treads|Stealth Rock||[still]
|-fail|p2a: Iron Treads
|move|p1a: Corviknight|Defog|p2a: Iron Treads
|-unboost|p2a: Iron Treads|evasion|1
|-sideend|p1: ultimategoogolplex|Stealth Rock|[from] move: Defog|[of] p1a: Corviknight
|
|-heal|p2a: Iron Treads|76/100|[from] item: Leftovers
|upkeep
|turn|42
|inactive|ultimategoogolplex has 120 seconds left.
|
|t:|1758317534
|move|p2a: Iron Treads|Stealth Rock|p1a: Corviknight
|-sidestart|p1: ultimategoogolplex|move: Stealth Rock
|move|p1a: Corviknight|Roost|p1a: Corviknight
|-heal|p1a: Corviknight|84/100
|-singleturn|p1a: Corviknight|move: Roost
|
|-heal|p2a: Iron Treads|82/100|[from] item: Leftovers
|upkeep
|turn|43
|
|t:|1758317540
|move|p2a: Iron Treads|Rapid Spin|p1a: Corviknight
|-resisted|p1a: Corviknight
|-damage|p1a: Corviknight|81/100
|-boost|p2a: Iron Treads|spe|1
|move|p1a: Corviknight|Defog|p2a: Iron Treads
|-unboost|p2a: Iron Treads|evasion|1
|-sideend|p1: ultimategoogolplex|Stealth Rock|[from] move: Defog|[of] p1a: Corviknight
|
|-heal|p2a: Iron Treads|88/100|[from] item: Leftovers
|upkeep
|turn|44
|
|t:|1758317550
|move|p2a: Iron Treads|Stealth Rock|p1a: Corviknight
|-sidestart|p1: ultimategoogolplex|move: Stealth Rock
|move|p1a: Corviknight|Brave Bird|p2a: Iron Treads
|-resisted|p2a: Iron Treads
|-damage|p2a: Iron Treads|74/100
|-damage|p1a: Corviknight|76/100|[from] Recoil
|
|-heal|p2a: Iron Treads|80/100|[from] item: Leftovers
|upkeep
|turn|45
|
|t:|1758317556
|move|p2a: Iron Treads|Rapid Spin|p1a: Corviknight
|-resisted|p1a: Corviknight
|-damage|p1a: Corviknight|73/100
|-boost|p2a: Iron Treads|spe|1
|move|p1a: Corviknight|Defog|p2a: Iron Treads
|-unboost|p2a: Iron Treads|evasion|1
|-sideend|p1: ultimategoogolplex|Stealth Rock|[from] move: Defog|[of] p1a: Corviknight
|
|-heal|p2a: Iron Treads|86/100|[from] item: Leftovers
|upkeep
|turn|46
|
|t:|1758317565
|move|p2a: Iron Treads|Stealth Rock|p1a: Corviknight
|-sidestart|p1: ultimategoogolplex|move: Stealth Rock
|move|p1a: Corviknight|Brave Bird|p2a: Iron Treads
|-resisted|p2a: Iron Treads
|-damage|p2a: Iron Treads|72/100
|-damage|p1a: Corviknight|68/100|[from] Recoil
|
|-heal|p2a: Iron Treads|78/100|[from] item: Leftovers
|upkeep
|turn|47
|
|t:|1758317570
|move|p2a: Iron Treads|Volt Switch|p1a: Corviknight
|-supereffective|p1a: Corviknight
|-damage|p1a: Corviknight|46/100
|
|t:|1758317572
|-end|p2a: Iron Treads|Quark Drive|[silent]
|switch|p2a: Rotom|Rotom-Wash|55/100|[from] Volt Switch
|move|p1a: Corviknight|Defog|p2a: Rotom
|-unboost|p2a: Rotom|evasion|1
|-sideend|p1: ultimategoogolplex|Stealth Rock|[from] move: Defog|[of] p1a: Corviknight
|
|upkeep
|turn|48
|
|t:|1758317584
|switch|p1a: Slowking|Slowking-Galar, M|100/100
|move|p2a: Rotom|Volt Switch|p1a: Slowking
|-crit|p1a: Slowking
|-damage|p1a: Slowking|72/100
|
|t:|1758317592
|switch|p2a: Alomomola|Alomomola, F|100/100|[from] Volt Switch
|
|upkeep
|turn|49
|
|t:|1758317614
|move|p1a: Slowking|Flamethrower|p2a: Alomomola
|-resisted|p2a: Alomomola
|-damage|p2a: Alomomola|87/100
|move|p2a: Alomomola|Flip Turn|p1a: Slowking
|-damage|p1a: Slowking|56/100
|
|t:|1758317620
|switch|p2a: Rotom|Rotom-Wash|55/100|[from] Flip Turn
|
|upkeep
|turn|50
|
|t:|1758317627
|switch|p1a: Dragapult|Dragapult, F|84/100
|move|p2a: Rotom|Volt Switch|p1a: Dragapult
|-resisted|p1a: Dragapult
|-damage|p1a: Dragapult|61/100
|
|t:|1758317639
|switch|p2a: Iron Treads|Iron Treads|78/100|[from] Volt Switch
|
|-heal|p2a: Iron Treads|84/100|[from] item: Leftovers
|upkeep
|turn|51
|inactive|ultimategoogolplex has 120 seconds left.
|
|t:|1758317671
|move|p1a: Dragapult|Phantom Force||[still]
|-prepare|p1a: Dragapult|Phantom Force
|move|p2a: Iron Treads|Stealth Rock|p1a: Dragapult
|-sidestart|p1: ultimategoogolplex|move: Stealth Rock
|
|-heal|p2a: Iron Treads|90/100|[from] item: Leftovers
|upkeep
|turn|52
|
|t:|1758317680
|-end|p2a: Iron Treads|Quark Drive|[silent]
|switch|p2a: Alomomola|Alomomola, F|100/100
|move|p1a: Dragapult|Phantom Force|p2a: Alomomola|[from] lockedmove
|-damage|p2a: Alomomola|62/100
|-damage|p1a: Dragapult|44/100|[from] item: Rocky Helmet|[of] p2a: Alomomola
|
|upkeep
|turn|53
|
|t:|1758317696
|move|p1a: Dragapult|Phantom Force||[still]
|-prepare|p1a: Dragapult|Phantom Force
|move|p2a: Alomomola|Flip Turn|p1a: Dragapult|[miss]
|-miss|p2a: Alomomola|p1a: Dragapult
|
|upkeep
|turn|54
|
|t:|1758317700
|move|p2a: Alomomola|Protect|p2a: Alomomola
|-singleturn|p2a: Alomomola|Protect
|move|p1a: Dragapult|Phantom Force|p2a: Alomomola|[from] lockedmove
|-activate|p2a: Alomomola|move: Phantom Force|[broken]
|-damage|p2a: Alomomola|24/100
|-damage|p1a: Dragapult|28/100|[from] item: Rocky Helmet|[of] p2a: Alomomola
|
|upkeep
|turn|55
|
|t:|1758317709
|move|p1a: Dragapult|Phantom Force||[still]
|-prepare|p1a: Dragapult|Phantom Force
|move|p2a: Alomomola|Wish|p2a: Alomomola
|
|upkeep
|turn|56
|
|t:|1758317721
|switch|p2a: Iron Treads|Iron Treads|90/100
|move|p1a: Dragapult|Phantom Force|p2a: Iron Treads|[from] lockedmove
|-damage|p2a: Iron Treads|41/100
|
|-heal|p2a: Iron Treads|100/100|[from] move: Wish|[wisher] Alomomola
|upkeep
|turn|57
|
|t:|1758317731
|switch|p1a: Corviknight|Corviknight, F|46/100
|-damage|p1a: Corviknight|34/100|[from] Stealth Rock
|-ability|p1a: Corviknight|Pressure
|move|p2a: Iron Treads|Volt Switch|p1a: Corviknight
|-supereffective|p1a: Corviknight
|-crit|p1a: Corviknight
|-damage|p1a: Corviknight|3/100
|
|t:|1758317734
|-end|p2a: Iron Treads|Quark Drive|[silent]
|switch|p2a: Rotom|Rotom-Wash|55/100|[from] Volt Switch
|
|upkeep
|turn|58
|
|t:|1758317738
|move|p2a: Rotom|Thunderbolt|p1a: Corviknight
|-supereffective|p1a: Corviknight
|-damage|p1a: Corviknight|0 fnt
|faint|p1a: Corviknight
|
|upkeep
|
|t:|1758317752
|switch|p1a: Enamorus|Enamorus, F|100/100
|-damage|p1a: Enamorus|76/100|[from] Stealth Rock
|turn|59
|
|t:|1758317756
|switch|p2a: Iron Treads|Iron Treads|100/100
|move|p1a: Enamorus|Moonblast|p2a: Iron Treads
|-resisted|p2a: Iron Treads
|-damage|p2a: Iron Treads|67/100
|
|-heal|p2a: Iron Treads|73/100|[from] item: Leftovers
|upkeep
|turn|60
|
|t:|1758317768
|move|p1a: Enamorus|Moonblast|p2a: Iron Treads
|-resisted|p2a: Iron Treads
|-damage|p2a: Iron Treads|45/100
|move|p2a: Iron Treads|Volt Switch|p1a: Enamorus
|-supereffective|p1a: Enamorus
|-damage|p1a: Enamorus|44/100
|
|t:|1758317771
|-end|p2a: Iron Treads|Quark Drive|[silent]
|switch|p2a: Alomomola|Alomomola, F|58/100|[from] Volt Switch
|
|upkeep
|turn|61
|
|t:|1758317776
|move|p1a: Enamorus|Moonblast|p2a: Alomomola
|-crit|p2a: Alomomola
|-damage|p2a: Alomomola|0 fnt
|faint|p2a: Alomomola
|
|upkeep
|
|t:|1758317781
|switch|p2a: Iron Treads|Iron Treads|45/100
|turn|62
|
|t:|1758317787
|switch|p1a: Kyurem|Kyurem, tera:Ice|15/100
|-damage|p1a: Kyurem|0 fnt|[from] Stealth Rock
|faint|p1a: Kyurem
|move|p2a: Iron Treads|Volt Switch|p1: Kyurem|[notarget]
|-fail|p2a: Iron Treads
|
|-heal|p2a: Iron Treads|51/100|[from] item: Leftovers
|upkeep
|
|t:|1758317800
|switch|p1a: Dragapult|Dragapult, F|28/100
|-damage|p1a: Dragapult|16/100|[from] Stealth Rock
|turn|63
|
|t:|1758317808
|move|p1a: Dragapult|Phantom Force||[still]
|-prepare|p1a: Dragapult|Phantom Force
|move|p2a: Iron Treads|Earthquake|p1a: Dragapult|[miss]
|-miss|p2a: Iron Treads|p1a: Dragapult
|
|-heal|p2a: Iron Treads|57/100|[from] item: Leftovers
|upkeep
|turn|64
|
|t:|1758317812
|-terastallize|p2a: Iron Treads|Normal
|move|p1a: Dragapult|Phantom Force|p2a: Iron Treads|[from] lockedmove
|-immune|p2a: Iron Treads
|move|p2a: Iron Treads|Earthquake|p1a: Dragapult
|-damage|p1a: Dragapult|0 fnt
|faint|p1a: Dragapult
|
|-heal|p2a: Iron Treads|63/100|[from] item: Leftovers
|upkeep
|
|t:|1758317825
|switch|p1a: Enamorus|Enamorus, F|44/100
|-damage|p1a: Enamorus|20/100|[from] Stealth Rock
|turn|65
|
|t:|1758317837
|move|p1a: Enamorus|Moonblast|p2a: Iron Treads
|-damage|p2a: Iron Treads|0 fnt
|faint|p2a: Iron Treads
|-end|p2a: Iron Treads|Quark Drive|[silent]
|
|upkeep
|
|t:|1758317841
|switch|p2a: Rotom|Rotom-Wash|55/100
|turn|66
|
|t:|1758317844
|move|p1a: Enamorus|Moonblast|p2a: Rotom
|-damage|p2a: Rotom|0 fnt
|faint|p2a: Rotom
|
|win|ultimategoogolplex
|raw|ultimategoogolplex's rating: 1475 &rarr; <strong>1494</strong><br />(+19 for winning)
|raw|Weyselb's rating: 1455 &rarr; <strong>1436</strong><br />(-19 for losing)
|l|☆Weyselb
|player|p2|
