|j|☆AzureNoire
|j|☆St. Saturn
|t:|1758255056
|gametype|singles
|player|p1|AzureNoire|101|1413
|player|p2|St. Saturn|hilbert|1367
|gen|9
|tier|[Gen 9] OU
|rated|
|rule|HP Percentage Mod: HP is shown in percentages
|rule|Endless Battle Clause: Forcing endless battles is banned
|rule|Species Clause: Limit one of each Pokémon
|rule|OHKO Clause: OHKO moves are banned
|rule|Evasion Items Clause: Evasion items are banned
|rule|Evasion Moves Clause: Evasion moves are banned
|rule|Evasion Abilities Clause: Evasion abilities are banned
|rule|Sleep Moves Clause: Sleep-inducing moves are banned
|clearpoke
|poke|p1|Mandibuzz, F|
|poke|p1|Armarouge, M|
|poke|p1|Blaziken, F|
|poke|p1|Lokix, F|
|poke|p1|Hatterene, F|
|poke|p1|Lapras, F|
|poke|p2|Dragapult, M|
|poke|p2|Dragonite, F|
|poke|p2|Ting-Lu|
|poke|p2|Weezing-Galar, F|
|poke|p2|Iron Crown|
|poke|p2|Zapdos|
|teampreview
|inactive|Battle timer is ON: inactive players will automatically lose when time's up. (requested by St. Saturn)
|inactive|AzureNoire also wants the timer to be on.
|
|t:|1758255069
|teamsize|p1|6
|teamsize|p2|6
|start
|switch|p1a: Mandibuzz|Mandibuzz, F|100/100
|switch|p2a: Weezing|Weezing-Galar, F|100/100
|-ability|p2a: Weezing|Neutralizing Gas
|turn|1
|
|t:|1758255094
|switch|p1a: Lokix|Lokix, F|100/100
|move|p2a: Weezing|Will-O-Wisp|p1a: Lokix
|-status|p1a: Lokix|brn
|
|-damage|p1a: Lokix|94/100 brn|[from] brn
|upkeep
|turn|2
|
|t:|1758255102
|move|p1a: Lokix|U-turn|p2a: Weezing
|-resisted|p2a: Weezing
|-damage|p2a: Weezing|97/100
|
|t:|1758255105
|switch|p1a: Hatterene|Hatterene, F|100/100|[from] U-turn
|move|p2a: Weezing|Strange Steam|p1a: Hatterene
|-damage|p1a: Hatterene|73/100
|
|upkeep
|turn|3
|
|t:|1758255114
|-end|p2a: Weezing|ability: Neutralizing Gas
|switch|p2a: Iron Crown|Iron Crown|100/100
|move|p1a: Hatterene|Nuzzle|p2a: Iron Crown
|-damage|p2a: Iron Crown|96/100
|-status|p2a: Iron Crown|par
|
|upkeep
|turn|4
|
|t:|1758255124
|switch|p1a: Lokix|Lokix, F|94/100 brn
|move|p2a: Iron Crown|Tachyon Cutter|p1a: Lokix
|-damage|p1a: Lokix|22/100 brn
|-damage|p1a: Lokix|0 fnt
|faint|p1a: Lokix
|-hitcount|p1: Lokix|2
|
|upkeep
|
|t:|1758255127
|switch|p1a: Mandibuzz|Mandibuzz, F|100/100
|turn|5
|
|t:|1758255132
|-end|p2a: Iron Crown|Quark Drive|[silent]
|switch|p2a: Weezing|Weezing-Galar, F|97/100
|-ability|p2a: Weezing|Neutralizing Gas
|move|p1a: Mandibuzz|Foul Play|p2a: Weezing
|-resisted|p2a: Weezing
|-damage|p2a: Weezing|89/100
|
|upkeep
|turn|6
|
|t:|1758255150
|switch|p1a: Hatterene|Hatterene, F|73/100
|move|p2a: Weezing|Strange Steam|p1a: Hatterene
|-damage|p1a: Hatterene|46/100
|
|upkeep
|turn|7
|
|t:|1758255157
|-end|p2a: Weezing|ability: Neutralizing Gas
|switch|p2a: Iron Crown|Iron Crown|96/100 par
|move|p1a: Hatterene|Draining Kiss|p2a: Iron Crown
|-resisted|p2a: Iron Crown
|-damage|p2a: Iron Crown|85/100 par
|-heal|p1a: Hatterene|55/100|[from] drain|[of] p2a: Iron Crown
|
|upkeep
|turn|8
|
|t:|1758255165
|switch|p1a: Armarouge|Armarouge, M|100/100
|cant|p2a: Iron Crown|par
|
|upkeep
|turn|9
|
|t:|1758255171
|-end|p2a: Iron Crown|Quark Drive|[silent]
|switch|p2a: Ting-Lu|Ting-Lu|100/100
|-ability|p2a: Ting-Lu|Vessel of Ruin
|move|p1a: Armarouge|Iron Defense|p1a: Armarouge
|-boost|p1a: Armarouge|def|2
|
|upkeep
|turn|10
|
|t:|1758255176
|move|p1a: Armarouge|Calm Mind|p1a: Armarouge
|-boost|p1a: Armarouge|spa|1
|-boost|p1a: Armarouge|spd|1
|move|p2a: Ting-Lu|Whirlwind|p1a: Armarouge
|drag|p1a: Hatterene|Hatterene, F|55/100
|
|upkeep
|turn|11
|
|t:|1758255182
|move|p2a: Ting-Lu|Heavy Slam|p1a: Hatterene
|-supereffective|p1a: Hatterene
|-crit|p1a: Hatterene
|-damage|p1a: Hatterene|0 fnt
|faint|p1a: Hatterene
|
|upkeep
|
|t:|1758255189
|switch|p1a: Blaziken|Blaziken, F|100/100
|turn|12
|
|t:|1758255194
|-terastallize|p2a: Ting-Lu|Water
|move|p1a: Blaziken|Focus Energy|p1a: Blaziken
|-start|p1a: Blaziken|move: Focus Energy
|move|p2a: Ting-Lu|Earthquake|p1a: Blaziken
|-supereffective|p1a: Blaziken
|-damage|p1a: Blaziken|0 fnt
|faint|p1a: Blaziken
|
|upkeep
|
|t:|1758255199
|switch|p1a: Lapras|Lapras, F|100/100
|turn|13
|
|t:|1758255207
|switch|p2a: Iron Crown|Iron Crown|85/100 par
|move|p1a: Lapras|Freeze-Dry|p2a: Iron Crown
|-resisted|p2a: Iron Crown
|-damage|p2a: Iron Crown|74/100 par
|
|upkeep
|turn|14
|
|t:|1758255212
|-terastallize|p1a: Lapras|Ground
|move|p1a: Lapras|Dragon Dance|p1a: Lapras
|-boost|p1a: Lapras|atk|1
|-boost|p1a: Lapras|spe|1
|cant|p2a: Iron Crown|par
|
|upkeep
|turn|15
|
|t:|1758255227
|-end|p2a: Iron Crown|Quark Drive|[silent]
|switch|p2a: Weezing|Weezing-Galar, F|89/100
|-ability|p2a: Weezing|Neutralizing Gas
|move|p1a: Lapras|Dragon Dance|p1a: Lapras
|-boost|p1a: Lapras|atk|1
|-boost|p1a: Lapras|spe|1
|
|upkeep
|turn|16
|inactive|AzureNoire has 120 seconds left.
|
|t:|1758255270
|move|p1a: Lapras|Dragon Dance|p1a: Lapras
|-boost|p1a: Lapras|atk|1
|-boost|p1a: Lapras|spe|1
|move|p2a: Weezing|Will-O-Wisp|p1a: Lapras
|-status|p1a: Lapras|brn
|
|-damage|p1a: Lapras|94/100 brn|[from] brn
|upkeep
|turn|17
|
|t:|1758255278
|move|p1a: Lapras|Earthquake|p2a: Weezing
|-supereffective|p2a: Weezing
|-damage|p2a: Weezing|43/100
|move|p2a: Weezing|Strange Steam|p1a: Lapras
|-damage|p1a: Lapras|76/100 brn
|
|-heal|p1a: Lapras|82/100 brn|[from] item: Leftovers
|-damage|p1a: Lapras|76/100 brn|[from] brn
|upkeep
|turn|18
|
|t:|1758255289
|move|p1a: Lapras|Earthquake|p2a: Weezing
|-supereffective|p2a: Weezing
|-damage|p2a: Weezing|0 fnt
|faint|p2a: Weezing
|-end|p2a: Weezing|ability: Neutralizing Gas
|
|-heal|p1a: Lapras|82/100 brn|[from] item: Leftovers
|-damage|p1a: Lapras|76/100 brn|[from] brn
|upkeep
|
|t:|1758255301
|switch|p2a: Dragapult|Dragapult, M|100/100
|turn|19
|
|t:|1758255305
|move|p1a: Lapras|Freeze-Dry|p2a: Dragapult
|-supereffective|p2a: Dragapult
|-damage|p2a: Dragapult|22/100
|move|p2a: Dragapult|Hex|p1a: Lapras
|-damage|p1a: Lapras|34/100 brn
|
|-heal|p1a: Lapras|40/100 brn|[from] item: Leftovers
|-damage|p1a: Lapras|34/100 brn|[from] brn
|upkeep
|turn|20
|
|t:|1758255317
|move|p1a: Lapras|Freeze-Dry|p2a: Dragapult
|-supereffective|p2a: Dragapult
|-damage|p2a: Dragapult|0 fnt
|faint|p2a: Dragapult
|
|-heal|p1a: Lapras|40/100 brn|[from] item: Leftovers
|-damage|p1a: Lapras|34/100 brn|[from] brn
|upkeep
|
|t:|1758255326
|switch|p2a: Dragonite|Dragonite, F|100/100
|turn|21
|
|t:|1758255354
|move|p2a: Dragonite|Extreme Speed|p1a: Lapras
|-damage|p1a: Lapras|5/100 brn
|move|p1a: Lapras|Freeze-Dry|p2a: Dragonite
|-supereffective|p2a: Dragonite
|-damage|p2a: Dragonite|52/100
|
|-heal|p1a: Lapras|11/100 brn|[from] item: Leftovers
|-damage|p1a: Lapras|5/100 brn|[from] brn
|upkeep
|turn|22
|
|t:|1758255359
|move|p2a: Dragonite|Extreme Speed|p1a: Lapras
|-damage|p1a: Lapras|0 fnt
|faint|p1a: Lapras
|
|upkeep
|
|t:|1758255361
|switch|p1a: Mandibuzz|Mandibuzz, F|100/100
|turn|23
|
|t:|1758255368
|move|p2a: Dragonite|Roost|p2a: Dragonite
|-heal|p2a: Dragonite|100/100
|-singleturn|p2a: Dragonite|move: Roost
|move|p1a: Mandibuzz|Foul Play|p2a: Dragonite
|-damage|p2a: Dragonite|73/100
|
|upkeep
|turn|24
|
|t:|1758255376
|move|p2a: Dragonite|Extreme Speed|p1a: Mandibuzz
|-damage|p1a: Mandibuzz|79/100
|move|p1a: Mandibuzz|Toxic|p2a: Dragonite
|-status|p2a: Dragonite|tox
|
|-heal|p1a: Mandibuzz|85/100|[from] item: Leftovers
|-damage|p2a: Dragonite|67/100 tox|[from] psn
|upkeep
|turn|25
|
|t:|1758255380
|move|p2a: Dragonite|Extreme Speed|p1a: Mandibuzz
|-damage|p1a: Mandibuzz|61/100
|move|p1a: Mandibuzz|Foul Play|p2a: Dragonite
|-damage|p2a: Dragonite|13/100 tox
|
|-heal|p1a: Mandibuzz|67/100|[from] item: Leftovers
|-damage|p2a: Dragonite|1/100 tox|[from] psn
|upkeep
|turn|26
|
|t:|1758255385
|move|p2a: Dragonite|Extreme Speed|p1a: Mandibuzz
|-damage|p1a: Mandibuzz|44/100
|move|p1a: Mandibuzz|Roost|p1a: Mandibuzz
|-heal|p1a: Mandibuzz|94/100
|-singleturn|p1a: Mandibuzz|move: Roost
|
|-heal|p1a: Mandibuzz|99/100|[from] item: Leftovers
|-damage|p2a: Dragonite|0 fnt|[from] psn
|faint|p2a: Dragonite
|upkeep
|
|t:|1758255394
|switch|p2a: Zapdos|Zapdos|100/100
|turn|27
|
|t:|1758255397
|move|p2a: Zapdos|Volt Switch|p1a: Mandibuzz
|-supereffective|p1a: Mandibuzz
|-damage|p1a: Mandibuzz|52/100
|
|t:|1758255401
|switch|p2a: Ting-Lu|Ting-Lu, tera:Water|100/100|[from] Volt Switch
|-ability|p2a: Ting-Lu|Vessel of Ruin
|move|p1a: Mandibuzz|Toxic|p2a: Ting-Lu
|-status|p2a: Ting-Lu|tox
|
|-heal|p1a: Mandibuzz|58/100|[from] item: Leftovers
|-damage|p2a: Ting-Lu|94/100 tox|[from] psn
|upkeep
|turn|28
|
|t:|1758255406
|move|p1a: Mandibuzz|Roost|p1a: Mandibuzz
|-heal|p1a: Mandibuzz|100/100
|-singleturn|p1a: Mandibuzz|move: Roost
|move|p2a: Ting-Lu|Rock Slide|p1a: Mandibuzz
|-damage|p1a: Mandibuzz|86/100
|
|-heal|p1a: Mandibuzz|93/100|[from] item: Leftovers
|-heal|p2a: Ting-Lu|100/100 tox|[from] item: Leftovers
|-damage|p2a: Ting-Lu|88/100 tox|[from] psn
|upkeep
|turn|29
|
|t:|1758255415
|move|p1a: Mandibuzz|Foul Play|p2a: Ting-Lu
|-damage|p2a: Ting-Lu|69/100 tox
|move|p2a: Ting-Lu|Whirlwind|p1a: Mandibuzz
|drag|p1a: Armarouge|Armarouge, M|100/100
|
|-heal|p2a: Ting-Lu|75/100 tox|[from] item: Leftovers
|-damage|p2a: Ting-Lu|56/100 tox|[from] psn
|upkeep
|turn|30
|
|t:|1758255422
|move|p1a: Armarouge|Iron Defense|p1a: Armarouge
|-boost|p1a: Armarouge|def|2
|move|p2a: Ting-Lu|Earthquake|p1a: Armarouge
|-supereffective|p1a: Armarouge
|-crit|p1a: Armarouge
|-damage|p1a: Armarouge|10/100
|-ability|p1a: Armarouge|Weak Armor|boost
|-unboost|p1a: Armarouge|def|1
|-boost|p1a: Armarouge|spe|2
|-enditem|p1a: Armarouge|Weakness Policy
|-boost|p1a: Armarouge|atk|2|[from] item: Weakness Policy
|-boost|p1a: Armarouge|spa|2|[from] item: Weakness Policy
|
|-heal|p2a: Ting-Lu|63/100 tox|[from] item: Leftovers
|-damage|p2a: Ting-Lu|38/100 tox|[from] psn
|upkeep
|turn|31
|
|t:|1758255429
|move|p1a: Armarouge|Stored Power|p2a: Ting-Lu
|-damage|p2a: Ting-Lu|0 fnt
|faint|p2a: Ting-Lu
|
|upkeep
|
|t:|1758255433
|switch|p2a: Zapdos|Zapdos|100/100
|turn|32
|
|t:|1758255436
|move|p1a: Armarouge|Stored Power|p2a: Zapdos
|-damage|p2a: Zapdos|0 fnt
|faint|p2a: Zapdos
|
|upkeep
|
|t:|1758255439
|switch|p2a: Iron Crown|Iron Crown|74/100 par
|turn|33
|
|t:|1758255444
|move|p1a: Armarouge|Aura Sphere|p2a: Iron Crown
|-damage|p2a: Iron Crown|26/100 par
|move|p2a: Iron Crown|Volt Switch|p1a: Armarouge
|-damage|p1a: Armarouge|0 fnt
|faint|p1a: Armarouge
|
|upkeep
|
|t:|1758255447
|switch|p1a: Mandibuzz|Mandibuzz, F|93/100
|turn|34
|
|t:|1758255450
|move|p1a: Mandibuzz|Foul Play|p2a: Iron Crown
|-supereffective|p2a: Iron Crown
|-damage|p2a: Iron Crown|0 fnt
|faint|p2a: Iron Crown
|-end|p2a: Iron Crown|Quark Drive|[silent]
|
|win|AzureNoire
|raw|AzureNoire's rating: 1413 &rarr; <strong>1430</strong><br />(+17 for winning)
|raw|St. Saturn's rating: 1367 &rarr; <strong>1350</strong><br />(-17 for losing)
|l|☆St. Saturn
|player|p2|
|l|☆AzureNoire
|player|p1|
