|j|☆yin_open
|j|☆aaron200589
|t:|1758318301
|gametype|singles
|player|p1|yin_open|n|1266
|player|p2|aaron200589|giovanni|1206
|gen|9
|tier|[Gen 9] OU
|rated|
|rule|HP Percentage Mod: HP is shown in percentages
|rule|Endless Battle Clause: Forcing endless battles is banned
|rule|Species Clause: Limit one of each Pokémon
|rule|OHKO Clause: OHKO moves are banned
|rule|Evasion Items Clause: Evasion items are banned
|rule|Evasion Moves Clause: Evasion moves are banned
|rule|Evasion Abilities Clause: Evasion abilities are banned
|rule|Sleep Moves Clause: Sleep-inducing moves are banned
|clearpoke
|poke|p1|Lokix, F|
|poke|p1|Cinderace, M|
|poke|p1|Great Tusk|
|poke|p1|Alomomola, M|
|poke|p1|Enamorus, F|
|poke|p1|Slowking-Galar, F|
|poke|p2|Ursaluna, F|
|poke|p2|Hatterene, F|
|poke|p2|Glastrier|
|poke|p2|Mimikyu, M|
|poke|p2|Cresselia, F|
|poke|p2|Great Tusk|
|teampreview
|
|t:|1758318321
|teamsize|p1|6
|teamsize|p2|6
|start
|switch|p1a: Cinderace|Cinderace, M|100/100
|switch|p2a: Mimikyu|Mimikyu, M|100/100
|turn|1
|
|t:|1758318331
|move|p2a: Mimikyu|Trick|p1a: Cinderace
|-activate|p2a: Mimikyu|move: Trick|[of] p1a: Cinderace
|-item|p1a: Cinderace|Choice Scarf|[from] move: Trick
|-item|p2a: Mimikyu|Heavy-Duty Boots|[from] move: Trick
|move|p1a: Cinderace|Will-O-Wisp|p2a: Mimikyu|[miss]
|-miss|p1a: Cinderace|p2a: Mimikyu
|
|upkeep
|turn|2
|inactive|Battle timer is ON: inactive players will automatically lose when time's up. (requested by aaron200589)
|
|t:|1758318359
|switch|p1a: Slowking|Slowking-Galar, F|100/100
|switch|p2a: Hatterene|Hatterene, F|100/100
|
|upkeep
|turn|3
|
|t:|1758318372
|switch|p2a: Great Tusk|Great Tusk|100/100
|-prepare|p1a: Slowking|Chilly Reception|[premajor]
|move|p1a: Slowking|Chilly Reception|p1a: Slowking
|-weather|Snowscape
|
|t:|1758318381
|switch|p1a: Enamorus|Enamorus, F|100/100|[from] Chilly Reception
|
|-weather|Snowscape|[upkeep]
|upkeep
|turn|4
|
|t:|1758318392
|-end|p2a: Great Tusk|Protosynthesis|[silent]
|switch|p2a: Cresselia|Cresselia, F|100/100
|move|p1a: Enamorus|Moonblast|p2a: Cresselia
|-damage|p2a: Cresselia|72/100
|
|-weather|Snowscape|[upkeep]
|upkeep
|turn|5
|
|t:|1758318407
|switch|p1a: Great Tusk|Great Tusk|100/100
|move|p2a: Cresselia|Trick Room|p2a: Cresselia
|-fieldstart|move: Trick Room|[of] p2a: Cresselia
|
|-weather|Snowscape|[upkeep]
|upkeep
|turn|6
|
|t:|1758318424
|switch|p2a: Glastrier|Glastrier|100/100
|move|p1a: Great Tusk|Bulk Up|p1a: Great Tusk
|-boost|p1a: Great Tusk|atk|1
|-boost|p1a: Great Tusk|def|1
|
|-weather|Snowscape|[upkeep]
|upkeep
|turn|7
|inactive|yin_open has 120 seconds left.
|
|t:|1758318474
|move|p2a: Glastrier|Swords Dance|p2a: Glastrier
|-boost|p2a: Glastrier|atk|2
|move|p1a: Great Tusk|Knock Off|p2a: Glastrier
|-damage|p2a: Glastrier|80/100
|-enditem|p2a: Glastrier|Sitrus Berry|[from] move: Knock Off|[of] p1a: Great Tusk
|
|-weather|none
|upkeep
|turn|8
|
|t:|1758318485
|-end|p1a: Great Tusk|Protosynthesis|[silent]
|switch|p1a: Cinderace|Cinderace, M|100/100
|move|p2a: Glastrier|Icicle Crash|p1a: Cinderace
|-resisted|p1a: Cinderace
|-damage|p1a: Cinderace|37/100
|
|upkeep
|turn|9
|
|t:|1758318492
|move|p2a: Glastrier|Close Combat|p1a: Cinderace
|-damage|p1a: Cinderace|0 fnt
|-unboost|p2a: Glastrier|def|1
|-unboost|p2a: Glastrier|spd|1
|faint|p1a: Cinderace
|-ability|p2a: Glastrier|Chilling Neigh|boost
|-boost|p2a: Glastrier|atk|1
|
|-fieldend|move: Trick Room
|upkeep
|
|t:|1758318511
|switch|p1a: Lokix|Lokix, F|100/100
|turn|10
|
|t:|1758318517
|switch|p2a: Great Tusk|Great Tusk|100/100
|move|p1a: Lokix|Leech Life|p2a: Great Tusk
|-resisted|p2a: Great Tusk
|-damage|p2a: Great Tusk|67/100
|
|upkeep
|turn|11
|
|t:|1758318524
|switch|p1a: Enamorus|Enamorus, F|100/100
|move|p2a: Great Tusk|Close Combat|p1a: Enamorus
|-resisted|p1a: Enamorus
|-damage|p1a: Enamorus|75/100
|-unboost|p2a: Great Tusk|def|1
|-unboost|p2a: Great Tusk|spd|1
|
|upkeep
|turn|12
|
|t:|1758318537
|-end|p2a: Great Tusk|Protosynthesis|[silent]
|switch|p2a: Cresselia|Cresselia, F|72/100
|move|p1a: Enamorus|Moonblast|p2a: Cresselia
|-damage|p2a: Cresselia|40/100
|
|upkeep
|turn|13
|
|t:|1758318547
|move|p1a: Enamorus|Moonblast|p2a: Cresselia
|-damage|p2a: Cresselia|7/100
|move|p2a: Cresselia|Trick Room|p2a: Cresselia
|-fieldstart|move: Trick Room|[of] p2a: Cresselia
|
|upkeep
|turn|14
|
|t:|1758318571
|move|p2a: Cresselia|Lunar Dance|p2a: Cresselia
|faint|p2a: Cresselia
|move|p1a: Enamorus|Moonblast|p2: Cresselia|[notarget]
|-fail|p1a: Enamorus
|
|upkeep
|
|t:|1758318577
|switch|p2a: Ursaluna|Ursaluna, F|100/100
|turn|15
|
|t:|1758318587
|move|p2a: Ursaluna|Facade|p1a: Enamorus
|-damage|p1a: Enamorus|9/100
|move|p1a: Enamorus|Moonblast|p2a: Ursaluna
|-damage|p2a: Ursaluna|50/100
|
|-status|p2a: Ursaluna|brn|[from] item: Flame Orb
|upkeep
|turn|16
|
|t:|1758318596
|switch|p1a: Great Tusk|Great Tusk|100/100
|move|p2a: Ursaluna|Facade|p1a: Great Tusk
|-damage|p1a: Great Tusk|39/100
|
|-heal|p1a: Great Tusk|45/100|[from] item: Leftovers
|-damage|p2a: Ursaluna|44/100 brn|[from] brn
|upkeep
|turn|17
|
|t:|1758318620
|move|p2a: Ursaluna|Facade|p1a: Great Tusk
|-damage|p1a: Great Tusk|0 fnt
|faint|p1a: Great Tusk
|-end|p1a: Great Tusk|Protosynthesis|[silent]
|
|-damage|p2a: Ursaluna|37/100 brn|[from] brn
|-fieldend|move: Trick Room
|upkeep
|inactive|yin_open has 120 seconds left.
|inactive|yin_open has 90 seconds left.
|
|t:|1758318669
|switch|p1a: Enamorus|Enamorus, F|9/100
|turn|18
|
|t:|1758318674
|switch|p2a: Hatterene|Hatterene, F|100/100
|move|p1a: Enamorus|Moonblast|p2a: Hatterene
|-damage|p2a: Hatterene|38/100
|
|upkeep
|turn|19
|inactive|yin_open has 90 seconds left.
|
|t:|1758318697
|-terastallize|p2a: Hatterene|Fire
|move|p1a: Enamorus|Moonblast|p2a: Hatterene
|-resisted|p2a: Hatterene
|-damage|p2a: Hatterene|7/100
|-unboost|p2a: Hatterene|spa|1
|move|p2a: Hatterene|Trick Room|p2a: Hatterene
|-fieldstart|move: Trick Room|[of] p2a: Hatterene
|
|upkeep
|turn|20
|inactive|yin_open has 90 seconds left.
|inactive|yin_open has 60 seconds left.
|
|t:|1758318757
|switch|p1a: Alomomola|Alomomola, M|100/100
|move|p2a: Hatterene|Healing Wish|p2a: Hatterene
|faint|p2a: Hatterene
|
|upkeep
|
|t:|1758318765
|switch|p2a: Ursaluna|Ursaluna, F|37/100 brn
|-heal|p2a: Ursaluna|100/100|[from] move: Lunar Dance
|turn|21
|
|t:|1758318778
|move|p1a: Alomomola|Flip Turn|p2a: Ursaluna
|-supereffective|p2a: Ursaluna
|-damage|p2a: Ursaluna|77/100
|
|t:|1758318781
|switch|p1a: Slowking|Slowking-Galar, F|100/100|[from] Flip Turn
|move|p2a: Ursaluna|Swords Dance|p2a: Ursaluna
|-boost|p2a: Ursaluna|atk|2
|
|-status|p2a: Ursaluna|brn|[from] item: Flame Orb
|upkeep
|turn|22
|
|t:|1758318790
|-prepare|p1a: Slowking|Chilly Reception|[premajor]
|move|p1a: Slowking|Chilly Reception|p1a: Slowking
|-weather|Snowscape
|inactive|yin_open has 60 seconds left.
|
|t:|1758318802
|switch|p1a: Alomomola|Alomomola, M|100/100|[from] Chilly Reception
|move|p2a: Ursaluna|Facade|p1a: Alomomola
|-damage|p1a: Alomomola|0 fnt
|faint|p1a: Alomomola
|
|-weather|Snowscape|[upkeep]
|-damage|p2a: Ursaluna|71/100 brn|[from] brn
|upkeep
|inactive|yin_open has 60 seconds left.
|
|t:|1758318817
|switch|p1a: Slowking|Slowking-Galar, F|100/100
|turn|23
|
|t:|1758318822
|move|p1a: Slowking|Ice Beam|p2a: Ursaluna
|-supereffective|p2a: Ursaluna
|-damage|p2a: Ursaluna|32/100 brn
|move|p2a: Ursaluna|Facade|p1a: Slowking
|-damage|p1a: Slowking|0 fnt
|faint|p1a: Slowking
|
|-weather|Snowscape|[upkeep]
|-damage|p2a: Ursaluna|25/100 brn|[from] brn
|-fieldend|move: Trick Room
|upkeep
|inactive|yin_open has 60 seconds left.
|
|t:|1758318833
|switch|p1a: Enamorus|Enamorus, F|9/100
|turn|24
|
|t:|1758318846
|move|p1a: Enamorus|Moonblast|p2a: Ursaluna
|-damage|p2a: Ursaluna|0 fnt
|faint|p2a: Ursaluna
|
|-weather|Snowscape|[upkeep]
|upkeep
|
|t:|1758318853
|switch|p2a: Mimikyu|Mimikyu, M|100/100
|turn|25
|
|t:|1758318863
|move|p1a: Enamorus|Moonblast|p2a: Mimikyu
|-activate|p2a: Mimikyu|ability: Disguise
|-damage|p2a: Mimikyu|100/100
|-unboost|p2a: Mimikyu|spa|1
|detailschange|p2a: Mimikyu|Mimikyu-Busted, M
|-damage|p2a: Mimikyu|88/100|[from] pokemon: Mimikyu-Busted
|move|p2a: Mimikyu|Trick Room|p2a: Mimikyu
|-fieldstart|move: Trick Room|[of] p2a: Mimikyu
|
|-weather|Snowscape|[upkeep]
|upkeep
|turn|26
|
|t:|1758318883
|switch|p1a: Lokix|Lokix, F|100/100
|move|p2a: Mimikyu|Shadow Sneak|p1a: Lokix
|-resisted|p1a: Lokix
|-damage|p1a: Lokix|89/100
|
|-weather|none
|upkeep
|turn|27
|
|t:|1758318893
|move|p1a: Lokix|U-turn|p2a: Mimikyu
|-resisted|p2a: Mimikyu
|-damage|p2a: Mimikyu|48/100
|
|t:|1758318894
|switch|p1a: Enamorus|Enamorus, F|9/100|[from] U-turn
|move|p2a: Mimikyu|Will-O-Wisp|p1a: Enamorus
|-status|p1a: Enamorus|brn
|
|-damage|p1a: Enamorus|3/100 brn|[from] brn
|upkeep
|turn|28
|
|t:|1758318905
|move|p2a: Mimikyu|Shadow Sneak|p1a: Enamorus
|-damage|p1a: Enamorus|0 fnt
|faint|p1a: Enamorus
|
|upkeep
|
|t:|1758318915
|switch|p1a: Lokix|Lokix, F|89/100
|turn|29
|
|t:|1758318919
|-terastallize|p1a: Lokix|Bug
|move|p1a: Lokix|Leech Life|p2a: Mimikyu
|-resisted|p2a: Mimikyu
|-damage|p2a: Mimikyu|0 fnt
|-heal|p1a: Lokix|100/100|[from] drain|[of] p2a: Mimikyu
|faint|p2a: Mimikyu
|
|-fieldend|move: Trick Room
|upkeep
|
|t:|1758318928
|switch|p2a: Glastrier|Glastrier|80/100
|-heal|p2a: Glastrier|100/100|[from] move: Healing Wish
|turn|30
|inactive|yin_open has 120 seconds left.
|
|t:|1758318940
|move|p1a: Lokix|Leech Life|p2a: Glastrier
|-damage|p2a: Glastrier|47/100
|move|p2a: Glastrier|Icicle Crash|p1a: Lokix
|-damage|p1a: Lokix|25/100
|
|upkeep
|turn|31
|
|t:|1758318948
|move|p1a: Lokix|Leech Life|p2a: Glastrier
|-damage|p2a: Glastrier|0 fnt
|-heal|p1a: Lokix|56/100|[from] drain|[of] p2a: Glastrier
|faint|p2a: Glastrier
|
|upkeep
|
|t:|1758318955
|switch|p2a: Great Tusk|Great Tusk|67/100
|turn|32
|
|t:|1758318963
|move|p1a: Lokix|Leech Life|p2a: Great Tusk
|-resisted|p2a: Great Tusk
|-damage|p2a: Great Tusk|15/100
|-heal|p1a: Lokix|95/100|[from] drain|[of] p2a: Great Tusk
|move|p2a: Great Tusk|Close Combat|p1a: Lokix
|-resisted|p1a: Lokix
|-damage|p1a: Lokix|49/100
|-unboost|p2a: Great Tusk|def|1
|-unboost|p2a: Great Tusk|spd|1
|
|upkeep
|turn|33
|-message|aaron200589 forfeited.
|
|win|yin_open
|raw|yin_open's rating: 1266 &rarr; <strong>1287</strong><br />(+21 for winning)
|raw|aaron200589's rating: 1206 &rarr; <strong>1185</strong><br />(-21 for losing)
|l|☆aaron200589
|player|p2|
