|j|☆carlthebirder
|j|☆spookyaudrey
|t:|1758352157
|gametype|singles
|player|p1|carlthebirder|swimmer-gen4dp|1056
|player|p2|spookyaudrey|clown|1099
|gen|9
|tier|[Gen 9] OU
|rated|
|rule|HP Percentage Mod: HP is shown in percentages
|rule|Endless Battle Clause: Forcing endless battles is banned
|rule|Species Clause: Limit one of each Pokémon
|rule|OHKO Clause: OHKO moves are banned
|rule|Evasion Items Clause: Evasion items are banned
|rule|Evasion Moves Clause: Evasion moves are banned
|rule|Evasion Abilities Clause: Evasion abilities are banned
|rule|Sleep Moves Clause: Sleep-inducing moves are banned
|clearpoke
|poke|p1|Araquanid, M|
|poke|p1|Zoroark-Hisui, F|
|poke|p1|Electivire, F|
|poke|p1|Venomoth, M|
|poke|p1|Excadrill, M|
|poke|p1|Lokix, F|
|poke|p2|Pelipper, F|
|poke|p2|Overqwil, M|
|poke|p2|Lapras, F|
|poke|p2|Swampert, F|
|poke|p2|Dragonite, F|
|poke|p2|Electrode-Hisui|
|teampreview
|inactive|Battle timer is ON: inactive players will automatically lose when time's up. (requested by spookyaudrey)
|
|t:|1758352168
|teamsize|p1|6
|teamsize|p2|6
|start
|switch|p1a: Araquanid|Araquanid, M|100/100
|switch|p2a: Electrode|Electrode-Hisui|100/100
|turn|1
|
|t:|1758352173
|move|p2a: Electrode|Taunt|p1a: Araquanid
|-start|p1a: Araquanid|move: Taunt
|cant|p1a: Araquanid|move: Taunt|Sticky Web
|
|upkeep
|turn|2
|
|t:|1758352180
|move|p2a: Electrode|Volt Switch|p1a: Araquanid
|-supereffective|p1a: Araquanid
|-damage|p1a: Araquanid|56/100
|
|t:|1758352193
|switch|p2a: Pelipper|Pelipper, F, shiny|100/100|[from] Volt Switch
|-weather|RainDance|[from] ability: Drizzle|[of] p2a: Pelipper
|move|p1a: Araquanid|Lunge|p2a: Pelipper
|-resisted|p2a: Pelipper
|-damage|p2a: Pelipper|79/100
|-unboost|p2a: Pelipper|atk|1
|
|-weather|RainDance|[upkeep]
|-heal|p1a: Araquanid|62/100|[from] item: Leftovers
|upkeep
|turn|3
|
|t:|1758352206
|switch|p1a: Excadrill|Excadrill, M|100/100
|-ability|p1a: Excadrill|Mold Breaker
|move|p2a: Pelipper|Hurricane|p1a: Excadrill
|-resisted|p1a: Excadrill
|-damage|p1a: Excadrill|74/100
|
|-weather|RainDance|[upkeep]
|upkeep
|turn|4
|
|t:|1758352213
|move|p1a: Excadrill|Rock Slide|p2a: Pelipper
|-supereffective|p2a: Pelipper
|-damage|p2a: Pelipper|16/100
|move|p2a: Pelipper|Weather Ball|p1a: Excadrill
|-supereffective|p1a: Excadrill
|-damage|p1a: Excadrill|0 fnt
|faint|p1a: Excadrill
|
|-weather|RainDance|[upkeep]
|upkeep
|
|t:|1758352223
|switch|p1a: Lokix|Lokix, F|100/100
|turn|5
|
|t:|1758352229
|move|p1a: Lokix|First Impression|p2a: Pelipper
|-resisted|p2a: Pelipper
|-damage|p2a: Pelipper|0 fnt
|faint|p2a: Pelipper
|-damage|p1a: Lokix|91/100|[from] item: Life Orb
|
|-weather|RainDance|[upkeep]
|upkeep
|
|t:|1758352235
|switch|p2a: Electrode|Electrode-Hisui|100/100
|turn|6
|
|t:|1758352242
|switch|p1a: Electivire|Electivire, F|100/100
|move|p2a: Electrode|Volt Switch|p1a: Electivire
|-ability|p1a: Electivire|Motor Drive|boost
|-boost|p1a: Electivire|spe|1
|
|-weather|RainDance|[upkeep]
|upkeep
|turn|7
|
|t:|1758352250
|switch|p2a: swampy|Swampert, F, shiny|100/100
|move|p1a: Electivire|Bulk Up|p1a: Electivire
|-boost|p1a: Electivire|atk|1
|-boost|p1a: Electivire|def|1
|
|-weather|RainDance|[upkeep]
|upkeep
|turn|8
|
|t:|1758352258
|-terastallize|p1a: Electivire|Flying
|move|p1a: Electivire|Ice Punch|p2a: swampy
|-damage|p2a: swampy|50/100
|-damage|p1a: Electivire|91/100|[from] item: Life Orb
|move|p2a: swampy|Earthquake|p1a: Electivire
|-immune|p1a: Electivire
|
|-weather|RainDance|[upkeep]
|upkeep
|turn|9
|
|t:|1758352265
|move|p1a: Electivire|Ice Punch|p2a: swampy
|-damage|p2a: swampy|4/100
|-damage|p1a: Electivire|81/100|[from] item: Life Orb
|move|p2a: swampy|Waterfall|p1a: Electivire
|-damage|p1a: Electivire|13/100
|
|-weather|none
|upkeep
|turn|10
|
|t:|1758352273
|move|p1a: Electivire|Ice Punch|p2a: swampy
|-crit|p2a: swampy
|-damage|p2a: swampy|0 fnt
|faint|p2a: swampy
|-damage|p1a: Electivire|3/100|[from] item: Life Orb
|
|upkeep
|
|t:|1758352280
|switch|p2a: Electrode|Electrode-Hisui|100/100
|turn|11
|
|t:|1758352283
|move|p2a: Electrode|Energy Ball|p1a: Electivire
|-resisted|p1a: Electivire
|-damage|p1a: Electivire|0 fnt
|faint|p1a: Electivire
|
|upkeep
|
|t:|1758352288
|switch|p1a: Venomoth|Venomoth, M|100/100
|turn|12
|
|t:|1758352293
|move|p2a: Electrode|Volt Switch|p1a: Venomoth
|-damage|p1a: Venomoth|63/100
|
|t:|1758352298
|switch|p2a: Overqwil|Overqwil, M|100/100|[from] Volt Switch
|move|p1a: Venomoth|Quiver Dance|p1a: Venomoth
|-boost|p1a: Venomoth|spa|1
|-boost|p1a: Venomoth|spd|1
|-boost|p1a: Venomoth|spe|1
|
|-heal|p1a: Venomoth|69/100|[from] item: Leftovers
|upkeep
|turn|13
|
|t:|1758352308
|move|p1a: Venomoth|Bug Buzz|p2a: Overqwil
|-damage|p2a: Overqwil|14/100
|move|p2a: Overqwil|Poison Jab|p1a: Venomoth
|-resisted|p1a: Venomoth
|-damage|p1a: Venomoth|29/100
|
|-heal|p1a: Venomoth|35/100|[from] item: Leftovers
|upkeep
|turn|14
|
|t:|1758352316
|move|p1a: Venomoth|Bug Buzz|p2a: Overqwil
|-damage|p2a: Overqwil|0 fnt
|faint|p2a: Overqwil
|
|-heal|p1a: Venomoth|41/100|[from] item: Leftovers
|upkeep
|
|t:|1758352319
|switch|p2a: Lapras|Lapras, F, shiny|100/100
|turn|15
|
|t:|1758352330
|move|p1a: Venomoth|Sludge Bomb|p2a: Lapras
|-damage|p2a: Lapras|73/100
|move|p2a: Lapras|Freeze-Dry|p1a: Venomoth
|-damage|p1a: Venomoth|9/100
|
|-heal|p1a: Venomoth|15/100|[from] item: Leftovers
|upkeep
|turn|16
|
|t:|1758352336
|move|p1a: Venomoth|Sludge Bomb|p2a: Lapras
|-damage|p2a: Lapras|44/100
|-status|p2a: Lapras|psn
|move|p2a: Lapras|Freeze-Dry|p1a: Venomoth
|-damage|p1a: Venomoth|0 fnt
|faint|p1a: Venomoth
|
|-damage|p2a: Lapras|32/100 psn|[from] psn
|upkeep
|
|t:|1758352343
|switch|p1a: Lokix|Lokix, F|91/100
|turn|17
|
|t:|1758352346
|switch|p2a: Dragonite|Dragonite, F|100/100
|move|p1a: Lokix|Axe Kick|p2a: Dragonite
|-resisted|p2a: Dragonite
|-damage|p2a: Dragonite|74/100
|-damage|p1a: Lokix|81/100|[from] item: Life Orb
|
|upkeep
|turn|18
|
|t:|1758352355
|-terastallize|p2a: Dragonite|Fairy
|move|p1a: Lokix|Knock Off|p2a: Dragonite
|-resisted|p2a: Dragonite
|-damage|p2a: Dragonite|17/100
|-enditem|p2a: Dragonite|Clear Amulet|[from] move: Knock Off|[of] p1a: Lokix
|-damage|p1a: Lokix|71/100|[from] item: Life Orb
|move|p2a: Dragonite|Dragon Dance|p2a: Dragonite
|-boost|p2a: Dragonite|atk|1
|-boost|p2a: Dragonite|spe|1
|
|upkeep
|turn|19
|
|t:|1758352364
|switch|p1a: Araquanid|Araquanid, M|62/100
|move|p2a: Dragonite|Extreme Speed|p1a: Araquanid
|-damage|p1a: Araquanid|15/100
|
|-heal|p1a: Araquanid|21/100|[from] item: Leftovers
|upkeep
|turn|20
|
|t:|1758352371
|move|p2a: Dragonite|Extreme Speed|p1a: Araquanid
|-damage|p1a: Araquanid|0 fnt
|faint|p1a: Araquanid
|
|upkeep
|
|t:|1758352374
|switch|p1a: Lokix|Lokix, F|71/100
|turn|21
|
|t:|1758352378
|move|p2a: Dragonite|Extreme Speed|p1a: Lokix
|-damage|p1a: Lokix|5/100
|move|p1a: Lokix|First Impression|p2a: Dragonite
|-resisted|p2a: Dragonite
|-damage|p2a: Dragonite|0 fnt
|faint|p2a: Dragonite
|-damage|p1a: Lokix|0 fnt|[from] item: Life Orb
|faint|p1a: Lokix
|
|upkeep
|
|t:|1758352387
|switch|p1a: Zoroark|Zoroark-Hisui, F|100/100
|switch|p2a: Electrode|Electrode-Hisui|100/100
|turn|22
|
|t:|1758352398
|move|p2a: Electrode|Taunt|p1a: Zoroark
|-start|p1a: Zoroark|move: Taunt
|move|p1a: Zoroark|Flamethrower|p2a: Electrode
|-supereffective|p2a: Electrode
|-damage|p2a: Electrode|0 fnt
|faint|p2a: Electrode
|
|upkeep
|
|t:|1758352404
|switch|p2a: Lapras|Lapras, F, shiny|32/100 psn
|turn|23
|
|t:|1758352409
|move|p1a: Zoroark|Flamethrower|p2a: Lapras
|-damage|p2a: Lapras|8/100 psn
|move|p2a: Lapras|Surf|p1a: Zoroark
|-damage|p1a: Zoroark|18/100
|
|-damage|p2a: Lapras|0 fnt|[from] psn
|faint|p2a: Lapras
|
|win|carlthebirder
|raw|carlthebirder's rating: 1056 &rarr; <strong>1091</strong><br />(+35 for winning)
|raw|spookyaudrey's rating: 1099 &rarr; <strong>1071</strong><br />(-28 for losing)
|c|☆carlthebirder|gg
|l|☆carlthebirder
|player|p1|
|l|☆spookyaudrey
|player|p2|
