|j|☆teikavideo
|j|☆hadrianmarlowe
|t:|1758375246
|gametype|singles
|player|p1|teikavideo|266|1346
|player|p2|hadrianmarlowe|1|1387
|gen|9
|tier|[Gen 9] OU
|rated|
|rule|HP Percentage Mod: HP is shown in percentages
|rule|Endless Battle Clause: Forcing endless battles is banned
|rule|Species Clause: Limit one of each Pokémon
|rule|OHKO Clause: OHKO moves are banned
|rule|Evasion Items Clause: Evasion items are banned
|rule|Evasion Moves Clause: Evasion moves are banned
|rule|Evasion Abilities Clause: Evasion abilities are banned
|rule|Sleep Moves Clause: Sleep-inducing moves are banned
|clearpoke
|poke|p1|Slowking-Galar, F|
|poke|p1|Dragonite, F|
|poke|p1|Flamigo, F|
|poke|p1|Hatterene, F|
|poke|p1|Quaquaval, F|
|poke|p1|Cinderace, F|
|poke|p2|Lokix, F|
|poke|p2|Cinderace, F|
|poke|p2|Great Tusk|
|poke|p2|Alomomola, M|
|poke|p2|Enamorus, F|
|poke|p2|Slowking-Galar, M|
|teampreview
|inactive|Battle timer is ON: inactive players will automatically lose when time's up. (requested by hadrianmarlowe)
|
|t:|1758375261
|teamsize|p1|6
|teamsize|p2|6
|start
|switch|p1a: Slowking|Slowking-Galar, F|100/100
|switch|p2a: Lokix|Lokix, F|100/100
|turn|1
|
|t:|1758375275
|move|p2a: Lokix|U-turn|p1a: Slowking
|-damage|p1a: Slowking|51/100
|
|t:|1758375280
|switch|p2a: Cinderace|Cinderace, F|100/100|[from] U-turn
|move|p1a: Slowking|Future Sight|p2a: Cinderace
|-start|p1a: Slowking|move: Future Sight
|
|upkeep
|turn|2
|
|t:|1758375292
|switch|p1a: Slowking supp|Quaquaval, F|100/100
|move|p2a: Cinderace|U-turn|p1a: Slowking supp
|-resisted|p1a: Slowking supp
|-damage|p1a: Slowking supp|88/100
|
|t:|1758375300
|switch|p2a: Alomomola|Alomomola, M|100/100|[from] U-turn
|
|upkeep
|turn|3
|
|t:|1758375319
|-terastallize|p1a: Slowking supp|Fighting
|move|p1a: Slowking supp|Close Combat|p2a: Alomomola
|-damage|p2a: Alomomola|7/100
|-unboost|p1a: Slowking supp|def|1
|-unboost|p1a: Slowking supp|spd|1
|move|p2a: Alomomola|Body Slam|p1a: Slowking supp
|-damage|p1a: Slowking supp|56/100
|-status|p1a: Slowking supp|par
|
|-end|p2a: Alomomola|move: Future Sight
|-damage|p2a: Alomomola|0 fnt
|faint|p2a: Alomomola
|upkeep
|
|t:|1758375333
|switch|p2a: Enamorus|Enamorus, F|100/100
|turn|4
|
|t:|1758375339
|switch|p1a: Slowking|Slowking-Galar, F|84/100
|move|p2a: Enamorus|Moonblast|p1a: Slowking
|-resisted|p1a: Slowking
|-damage|p1a: Slowking|69/100
|
|upkeep
|turn|5
|
|t:|1758375348
|switch|p2a: Slowking|Slowking-Galar, M|100/100
|move|p1a: Slowking|Sludge Bomb|p2a: Slowking
|-resisted|p2a: Slowking
|-damage|p2a: Slowking|88/100
|
|upkeep
|turn|6
|
|t:|1758375354
|move|p1a: Slowking|Future Sight|p2a: Slowking
|-start|p1a: Slowking|move: Future Sight
|-prepare|p2a: Slowking|Chilly Reception|[premajor]
|move|p2a: Slowking|Chilly Reception|p2a: Slowking
|-weather|Snowscape
|
|t:|1758375357
|switch|p2a: Lokix|Lokix, F|100/100|[from] Chilly Reception
|
|-weather|Snowscape|[upkeep]
|upkeep
|turn|7
|
|t:|1758375383
|switch|p1a: Dragonite|Dragonite, F|100/100
|move|p2a: Lokix|Knock Off|p1a: Dragonite
|-damage|p1a: Dragonite|68/100
|-enditem|p1a: Dragonite|Heavy-Duty Boots|[from] move: Knock Off|[of] p2a: Lokix
|
|-weather|Snowscape|[upkeep]
|upkeep
|turn|8
|
|t:|1758375394
|move|p1a: Dragonite|Extreme Speed|p2a: Lokix
|-damage|p2a: Lokix|61/100
|move|p2a: Lokix|Knock Off|p1a: Dragonite
|-damage|p1a: Dragonite|25/100
|
|-weather|Snowscape|[upkeep]
|-end|p2a: Lokix|move: Future Sight
|-immune|p2a: Lokix
|upkeep
|turn|9
|
|t:|1758375402
|move|p2a: Lokix|Knock Off|p1a: Dragonite
|-damage|p1a: Dragonite|0 fnt
|faint|p1a: Dragonite
|
|-weather|Snowscape|[upkeep]
|upkeep
|c|☆teikavideo|scarrrf
|
|t:|1758375416
|switch|p1a: Slowking supp|Quaquaval, F, tera:Fighting|56/100 par
|turn|10
|
|t:|1758375422
|switch|p2a: Slowking|Slowking-Galar, M|100/100
|move|p1a: Slowking supp|Aqua Jet|p2a: Slowking
|-damage|p2a: Slowking|78/100
|
|-weather|none
|upkeep
|turn|11
|
|t:|1758375430
|switch|p1a: Slowking|Slowking-Galar, F|100/100
|move|p2a: Slowking|Future Sight|p1a: Slowking
|-start|p2a: Slowking|move: Future Sight
|
|upkeep
|turn|12
|
|t:|1758375438
|-prepare|p2a: Slowking|Chilly Reception|[premajor]
|move|p2a: Slowking|Chilly Reception|p2a: Slowking
|-weather|Snowscape
|
|t:|1758375442
|switch|p2a: Lokix|Lokix, F|61/100|[from] Chilly Reception
|-prepare|p1a: Slowking|Chilly Reception|[premajor]
|move|p1a: Slowking|Chilly Reception|p1a: Slowking
|
|t:|1758375448
|switch|p1a: Flamigo|Flamigo, F|100/100|[from] Chilly Reception
|
|-weather|Snowscape|[upkeep]
|upkeep
|turn|13
|
|t:|1758375472
|switch|p2a: Enamorus|Enamorus, F|100/100
|move|p1a: Flamigo|U-turn|p2a: Enamorus
|-resisted|p2a: Enamorus
|-damage|p2a: Enamorus|91/100
|
|t:|1758375486
|switch|p1a: Slowking|Slowking-Galar, F|100/100|[from] U-turn
|
|-weather|Snowscape|[upkeep]
|-end|p1a: Slowking|move: Future Sight
|-damage|p1a: Slowking|76/100
|upkeep
|turn|14
|
|t:|1758375501
|move|p2a: Enamorus|Earth Power|p1a: Slowking
|-supereffective|p1a: Slowking
|-damage|p1a: Slowking|34/100
|-prepare|p1a: Slowking|Chilly Reception|[premajor]
|move|p1a: Slowking|Chilly Reception|p1a: Slowking
|
|t:|1758375513
|switch|p1a: Flamigo|Flamigo, F|100/100|[from] Chilly Reception
|
|-weather|Snowscape|[upkeep]
|upkeep
|turn|15
|
|t:|1758375528
|switch|p2a: Cinderace|Cinderace, F|100/100
|move|p1a: Flamigo|Brave Bird|p2a: Cinderace
|-damage|p2a: Cinderace|35/100
|-damage|p1a: Flamigo|75/100|[from] Recoil
|
|-weather|Snowscape|[upkeep]
|upkeep
|turn|16
|
|t:|1758375537
|move|p1a: Flamigo|Brave Bird|p2a: Cinderace
|-damage|p2a: Cinderace|0 fnt
|faint|p2a: Cinderace
|-damage|p1a: Flamigo|61/100|[from] Recoil
|
|-weather|none
|upkeep
|
|t:|1758375551
|switch|p2a: Enamorus|Enamorus, F|91/100
|turn|17
|
|t:|1758375565
|switch|p1a: Slowking|Slowking-Galar, F|67/100
|-terastallize|p2a: Enamorus|Stellar
|move|p2a: Enamorus|Tera Blast|p1a: Slowking|[anim] Tera Blast Stellar
|-damage|p1a: Slowking|37/100
|-boost|p2a: Enamorus|atk|1
|-boost|p2a: Enamorus|spa|1
|
|upkeep
|turn|18
|
|t:|1758375578
|move|p2a: Enamorus|Tera Blast|p1a: Slowking|[anim] Tera Blast Stellar
|-damage|p1a: Slowking|0 fnt
|-boost|p2a: Enamorus|atk|1
|-boost|p2a: Enamorus|spa|1
|faint|p1a: Slowking
|
|upkeep
|
|t:|1758375598
|switch|p1a: Slowking supp|Quaquaval, F, tera:Fighting|56/100 par
|turn|19
|
|t:|1758375602
|move|p1a: Slowking supp|Aqua Jet|p2a: Enamorus
|-damage|p2a: Enamorus|38/100
|move|p2a: Enamorus|Tera Blast|p1a: Slowking supp|[anim] Tera Blast Stellar
|-supereffective|p1a: Slowking supp
|-damage|p1a: Slowking supp|0 fnt
|-boost|p2a: Enamorus|atk|1
|-boost|p2a: Enamorus|spa|1
|faint|p1a: Slowking supp
|
|upkeep
|c|☆teikavideo|gg
|-message|teikavideo forfeited.
|
|win|hadrianmarlowe
|raw|teikavideo's rating: 1346 &rarr; <strong>1328</strong><br />(-18 for losing)
|raw|hadrianmarlowe's rating: 1387 &rarr; <strong>1405</strong><br />(+18 for winning)
|l|☆teikavideo
|player|p1|
|l|☆hadrianmarlowe
|player|p2|
