|j|☆WeR#4Hay!
|j|☆Huboy
|t:|1758315925
|gametype|singles
|player|p1|WeR#4Hay!|266|1552
|player|p2|Huboy|102|1567
|gen|9
|tier|[Gen 9] OU
|rated|
|rule|HP Percentage Mod: HP is shown in percentages
|rule|Endless Battle Clause: Forcing endless battles is banned
|rule|Species Clause: Limit one of each Pokémon
|rule|OHKO Clause: OHKO moves are banned
|rule|Evasion Items Clause: Evasion items are banned
|rule|Evasion Moves Clause: Evasion moves are banned
|rule|Evasion Abilities Clause: Evasion abilities are banned
|rule|Sleep Moves Clause: Sleep-inducing moves are banned
|clearpoke
|poke|p1|Hydrapple, F|
|poke|p1|Slowking, M|
|poke|p1|Iron Treads|
|poke|p1|Moltres|
|poke|p1|Zamazenta-*|
|poke|p1|Kingambit, F|
|poke|p2|Great Tusk|
|poke|p2|Dondozo, M|
|poke|p2|Ribombee, F|
|poke|p2|Goodra-Hisui, M|
|poke|p2|Milotic, F|
|poke|p2|Toxicroak, M|
|teampreview
|
|t:|1758315938
|teamsize|p1|6
|teamsize|p2|6
|start
|switch|p1a: Zamazenta|Zamazenta|100/100
|switch|p2a: Milotic|Milotic, F|100/100
|-ability|p1a: Zamazenta|Dauntless Shield|boost
|-boost|p1a: Zamazenta|def|1
|turn|1
|
|t:|1758315957
|-terastallize|p2a: Milotic|Fairy
|move|p1a: Zamazenta|Close Combat|p2a: Milotic
|-resisted|p2a: Milotic
|-crit|p2a: Milotic
|-damage|p2a: Milotic|13/100
|-unboost|p1a: Zamazenta|def|1
|-unboost|p1a: Zamazenta|spd|1
|move|p2a: Milotic|Alluring Voice|p1a: Zamazenta
|-supereffective|p1a: Zamazenta
|-damage|p1a: Zamazenta|0 fnt
|faint|p1a: Zamazenta
|
|upkeep
|
|t:|1758315974
|switch|p1a: TheTransGambit|Kingambit, F|100/100
|-activate|p1a: TheTransGambit|ability: Supreme Overlord
|-start|p1a: TheTransGambit|fallen1|[silent]
|turn|2
|
|t:|1758315979
|switch|p2a: Dondozo|Dondozo, M|100/100
|move|p1a: TheTransGambit|Iron Head|p2a: Dondozo
|-resisted|p2a: Dondozo
|-damage|p2a: Dondozo|87/100
|
|-heal|p2a: Dondozo|93/100|[from] item: Leftovers
|upkeep
|turn|3
|
|t:|1758315988
|-end|p1a: TheTransGambit|fallen1|[silent]
|switch|p1a: Hydrapple|Hydrapple, F|100/100
|move|p2a: Dondozo|Liquidation|p1a: Hydrapple
|-resisted|p1a: Hydrapple
|-damage|p1a: Hydrapple|93/100
|
|-heal|p2a: Dondozo|99/100|[from] item: Leftovers
|upkeep
|turn|4
|
|t:|1758315998
|switch|p2a: Ribombee|Ribombee, F|100/100
|move|p1a: Hydrapple|Leaf Storm|p2a: Ribombee|[miss]
|-miss|p1a: Hydrapple|p2a: Ribombee
|
|upkeep
|turn|5
|
|t:|1758316007
|switch|p1a: Moltres|Moltres|100/100
|move|p2a: Ribombee|Sticky Web|p1a: Moltres
|-sidestart|p1: WeR#4Hay!|move: Sticky Web
|
|upkeep
|turn|6
|
|t:|1758316024
|switch|p2a: Goodra|Goodra-Hisui, M|100/100
|move|p1a: Moltres|Flamethrower|p2a: Goodra
|-damage|p2a: Goodra|67/100
|
|upkeep
|turn|7
|
|t:|1758316036
|move|p2a: Goodra|Flamethrower|p1a: Moltres
|-resisted|p1a: Moltres
|-damage|p1a: Moltres|85/100
|move|p1a: Moltres|U-turn|p2a: Goodra
|-resisted|p2a: Goodra
|-damage|p2a: Goodra|58/100
|
|t:|1758316040
|switch|p1a: Slowking|Slowking, M|100/100|[from] U-turn
|
|upkeep
|turn|8
|
|t:|1758316043
|move|p2a: Goodra|Thunderbolt|p1a: Slowking
|-supereffective|p1a: Slowking
|-damage|p1a: Slowking|65/100
|move|p1a: Slowking|Thunder Wave|p2a: Goodra
|-status|p2a: Goodra|par
|
|upkeep
|turn|9
|
|t:|1758316054
|move|p2a: Goodra|Thunderbolt|p1a: Slowking
|-supereffective|p1a: Slowking
|-damage|p1a: Slowking|35/100
|-prepare|p1a: Slowking|Chilly Reception|[premajor]
|move|p1a: Slowking|Chilly Reception|p1a: Slowking
|-weather|Snowscape
|inactive|Battle timer is ON: inactive players will automatically lose when time's up. (requested by Huboy)
|inactive|WeR#4Hay! has 120 seconds left.
|inactive|WeR#4Hay! has 90 seconds left.
|inactive|WeR#4Hay! has 60 seconds left.
|inactive|WeR#4Hay! has 30 seconds left.
|inactive|WeR#4Hay! has 20 seconds left.
|inactive|WeR#4Hay! has 15 seconds left.
|inactive|WeR#4Hay! has 10 seconds left.
|inactive|WeR#4Hay! has 5 seconds left.
|-message|WeR#4Hay! lost due to inactivity.
|
|win|Huboy
|raw|WeR#4Hay!'s rating: 1552 &rarr; <strong>1533</strong><br />(-19 for losing)
|raw|Huboy's rating: 1567 &rarr; <strong>1586</strong><br />(+19 for winning)
|l|☆Huboy
|player|p2|
|l|☆WeR#4Hay!
|player|p1|
