|j|☆GFYSYDAR
|j|☆EthanolDK
|t:|1758296706
|gametype|singles
|player|p1|GFYSYDAR|scientist-gen4dp|1254
|player|p2|EthanolDK|169|1291
|gen|9
|tier|[Gen 9] OU
|rated|
|rule|HP Percentage Mod: HP is shown in percentages
|rule|Endless Battle Clause: Forcing endless battles is banned
|rule|Species Clause: Limit one of each Pokémon
|rule|OHKO Clause: OHKO moves are banned
|rule|Evasion Items Clause: Evasion items are banned
|rule|Evasion Moves Clause: Evasion moves are banned
|rule|Evasion Abilities Clause: Evasion abilities are banned
|rule|Sleep Moves Clause: Sleep-inducing moves are banned
|clearpoke
|poke|p1|Electrode-Hisui|
|poke|p1|Gallade, M|
|poke|p1|Slowking-Galar, M|
|poke|p1|Alomomola, F|
|poke|p1|Great Tusk|
|poke|p1|Landorus-Therian, M|
|poke|p2|Walking Wake|
|poke|p2|Ninetales-Alola, F|
|poke|p2|Clefable, M|
|poke|p2|Kingambit, M|
|poke|p2|Zamazenta-*|
|poke|p2|Raging Bolt|
|teampreview
|inactive|Battle timer is ON: inactive players will automatically lose when time's up. (requested by GFYSYDAR)
|
|t:|1758296725
|teamsize|p1|6
|teamsize|p2|6
|start
|switch|p1a: Slowking|Slowking-Galar, M|100/100
|switch|p2a: Ninetales|Ninetales-Alola, F|100/100
|-weather|Snowscape|[from] ability: Snow Warning|[of] p2a: Ninetales
|turn|1
|
|t:|1758296732
|move|p2a: Ninetales|Aurora Veil|p2a: Ninetales
|-sidestart|p2: EthanolDK|move: Aurora Veil
|move|p1a: Slowking|Toxic|p2a: Ninetales
|-status|p2a: Ninetales|tox
|
|-weather|Snowscape|[upkeep]
|-damage|p2a: Ninetales|94/100 tox|[from] psn
|upkeep
|turn|2
|
|t:|1758296740
|switch|p1a: Alomomola|Alomomola, F, shiny|100/100
|move|p2a: Ninetales|Encore||[still]
|-fail|p2a: Ninetales
|
|-weather|Snowscape|[upkeep]
|-damage|p2a: Ninetales|82/100 tox|[from] psn
|upkeep
|turn|3
|
|t:|1758296749
|switch|p1a: Slowking|Slowking-Galar, M|100/100
|move|p2a: Ninetales|Freeze-Dry|p1a: Slowking
|-damage|p1a: Slowking|88/100
|
|-weather|Snowscape|[upkeep]
|-damage|p2a: Ninetales|64/100 tox|[from] psn
|upkeep
|turn|4
|
|t:|1758296757
|switch|p2a: Kingambit|Kingambit, M|100/100
|-prepare|p1a: Slowking|Chilly Reception|[premajor]
|move|p1a: Slowking|Chilly Reception|p1a: Slowking
|
|t:|1758296763
|switch|p1a: Landorus|Landorus-Therian, M|100/100|[from] Chilly Reception
|-ability|p1a: Landorus|Intimidate|boost
|-unboost|p2a: Kingambit|atk|1
|
|-weather|Snowscape|[upkeep]
|upkeep
|turn|5
|
|t:|1758296770
|move|p1a: Landorus|Taunt|p2a: Kingambit
|-start|p2a: Kingambit|move: Taunt
|cant|p2a: Kingambit|move: Taunt|Swords Dance
|
|-weather|none
|upkeep
|turn|6
|
|t:|1758296777
|move|p1a: Landorus|Stealth Rock|p2a: Kingambit
|-sidestart|p2: EthanolDK|move: Stealth Rock
|move|p2a: Kingambit|Iron Head|p1a: Landorus
|-damage|p1a: Landorus|79/100
|-damage|p2a: Kingambit|84/100|[from] item: Rocky Helmet|[of] p1a: Landorus
|
|-heal|p2a: Kingambit|90/100|[from] item: Leftovers
|upkeep
|turn|7
|
|t:|1758296786
|-end|p2a: Kingambit|fallenundefined|[silent]
|switch|p2a: Ninetales|Ninetales-Alola, F|64/100 tox
|-damage|p2a: Ninetales|39/100 tox|[from] Stealth Rock
|-weather|Snowscape|[from] ability: Snow Warning|[of] p2a: Ninetales
|move|p1a: Landorus|Earthquake|p2a: Ninetales
|-damage|p2a: Ninetales|20/100 tox
|
|-weather|Snowscape|[upkeep]
|-damage|p2a: Ninetales|14/100 tox|[from] psn
|upkeep
|turn|8
|
|t:|1758296799
|switch|p1a: Slowking|Slowking-Galar, M|100/100
|move|p2a: Ninetales|Freeze-Dry|p1a: Slowking
|-damage|p1a: Slowking|88/100
|
|-weather|Snowscape|[upkeep]
|-damage|p2a: Ninetales|2/100 tox|[from] psn
|-sideend|p2: EthanolDK|move: Aurora Veil
|upkeep
|turn|9
|
|t:|1758296810
|move|p2a: Ninetales|Aurora Veil|p2a: Ninetales
|-sidestart|p2: EthanolDK|move: Aurora Veil
|move|p1a: Slowking|Future Sight|p2a: Ninetales
|-start|p1a: Slowking|move: Future Sight
|
|-weather|Snowscape|[upkeep]
|-damage|p2a: Ninetales|0 fnt|[from] psn
|faint|p2a: Ninetales
|upkeep
|
|t:|1758296826
|switch|p2a: Kingambit|Kingambit, M|90/100
|-damage|p2a: Kingambit|84/100|[from] Stealth Rock
|-activate|p2a: Kingambit|ability: Supreme Overlord
|-start|p2a: Kingambit|fallen1|[silent]
|turn|10
|
|t:|1758296833
|switch|p1a: Landorus|Landorus-Therian, M|79/100
|-ability|p1a: Landorus|Intimidate|boost
|-unboost|p2a: Kingambit|atk|1
|move|p2a: Kingambit|Swords Dance|p2a: Kingambit
|-boost|p2a: Kingambit|atk|2
|
|-weather|Snowscape|[upkeep]
|-heal|p2a: Kingambit|90/100|[from] item: Leftovers
|upkeep
|turn|11
|
|t:|1758296843
|move|p1a: Landorus|Taunt|p2a: Kingambit
|-start|p2a: Kingambit|move: Taunt
|move|p2a: Kingambit|Iron Head|p1a: Landorus
|-damage|p1a: Landorus|23/100
|-damage|p2a: Kingambit|74/100|[from] item: Rocky Helmet|[of] p1a: Landorus
|
|-weather|none
|-end|p2a: Kingambit|move: Future Sight
|-immune|p2a: Kingambit
|-heal|p2a: Kingambit|80/100|[from] item: Leftovers
|upkeep
|turn|12
|
|t:|1758296855
|switch|p1a: Alomomola|Alomomola, F, shiny|100/100
|move|p2a: Kingambit|Sucker Punch||[still]
|-fail|p2a: Kingambit
|
|-heal|p2a: Kingambit|86/100|[from] item: Leftovers
|upkeep
|turn|13
|
|t:|1758296864
|move|p1a: Alomomola|Scald|p2a: Kingambit
|-damage|p2a: Kingambit|80/100
|move|p2a: Kingambit|Iron Head|p1a: Alomomola
|-resisted|p1a: Alomomola
|-damage|p1a: Alomomola|80/100
|
|-heal|p2a: Kingambit|86/100|[from] item: Leftovers
|-end|p2a: Kingambit|move: Taunt
|upkeep
|turn|14
|
|t:|1758296873
|move|p1a: Alomomola|Scald|p2a: Kingambit
|-damage|p2a: Kingambit|80/100
|move|p2a: Kingambit|Swords Dance|p2a: Kingambit
|-boost|p2a: Kingambit|atk|2
|
|-heal|p2a: Kingambit|86/100|[from] item: Leftovers
|upkeep
|turn|15
|
|t:|1758296882
|move|p2a: Kingambit|Sucker Punch|p1a: Alomomola
|-damage|p1a: Alomomola|21/100
|move|p1a: Alomomola|Scald|p2a: Kingambit
|-damage|p2a: Kingambit|79/100
|
|-heal|p2a: Kingambit|86/100|[from] item: Leftovers
|upkeep
|turn|16
|
|t:|1758296891
|move|p1a: Alomomola|Scald|p2a: Kingambit
|-damage|p2a: Kingambit|79/100
|move|p2a: Kingambit|Iron Head|p1a: Alomomola
|-resisted|p1a: Alomomola
|-damage|p1a: Alomomola|0 fnt
|faint|p1a: Alomomola
|
|-heal|p2a: Kingambit|86/100|[from] item: Leftovers
|-sideend|p2: EthanolDK|move: Aurora Veil
|upkeep
|
|t:|1758296903
|switch|p1a: Landorus|Landorus-Therian, M|23/100
|-ability|p1a: Landorus|Intimidate|boost
|-unboost|p2a: Kingambit|atk|1
|turn|17
|
|t:|1758296921
|move|p2a: Kingambit|Sucker Punch||[still]
|-fail|p2a: Kingambit
|move|p1a: Landorus|Taunt|p2a: Kingambit
|-start|p2a: Kingambit|move: Taunt
|
|-heal|p2a: Kingambit|92/100|[from] item: Leftovers
|upkeep
|turn|18
|
|t:|1758296929
|move|p2a: Kingambit|Sucker Punch|p1a: Landorus
|-damage|p1a: Landorus|0 fnt
|-damage|p2a: Kingambit|75/100|[from] item: Rocky Helmet|[of] p1a: Landorus
|faint|p1a: Landorus
|
|-heal|p2a: Kingambit|81/100|[from] item: Leftovers
|upkeep
|
|t:|1758296937
|switch|p1a: Great Tusk|Great Tusk|100/100
|turn|19
|
|t:|1758296951
|move|p1a: Great Tusk|Headlong Rush|p2a: Kingambit
|-supereffective|p2a: Kingambit
|-damage|p2a: Kingambit|0 fnt
|-unboost|p1a: Great Tusk|def|1
|-unboost|p1a: Great Tusk|spd|1
|faint|p2a: Kingambit
|-end|p2a: Kingambit|fallen1|[silent]
|
|upkeep
|
|t:|1758296954
|switch|p2a: Clefable|Clefable, M|100/100
|-damage|p2a: Clefable|88/100|[from] Stealth Rock
|turn|20
|
|t:|1758296962
|move|p1a: Great Tusk|Headlong Rush|p2a: Clefable
|-damage|p2a: Clefable|15/100
|-unboost|p1a: Great Tusk|def|1
|-unboost|p1a: Great Tusk|spd|1
|move|p2a: Clefable|Moonblast|p1a: Great Tusk
|-supereffective|p1a: Great Tusk
|-damage|p1a: Great Tusk|0 fnt
|faint|p1a: Great Tusk
|-end|p1a: Great Tusk|Protosynthesis|[silent]
|
|-heal|p2a: Clefable|21/100|[from] item: Leftovers
|upkeep
|
|t:|1758296973
|switch|p1a: Electrode|Electrode-Hisui, shiny|100/100
|turn|21
|
|t:|1758296979
|move|p1a: Electrode|Volt Switch|p2a: Clefable
|-damage|p2a: Clefable|0 fnt
|faint|p2a: Clefable
|
|t:|1758296983
|switch|p1a: Slowking|Slowking-Galar, M|100/100|[from] Volt Switch
|
|upkeep
|
|t:|1758297003
|switch|p2a: Walking Wake|Walking Wake|100/100
|-damage|p2a: Walking Wake|88/100|[from] Stealth Rock
|turn|22
|
|t:|1758297011
|move|p2a: Walking Wake|Dragon Pulse|p1a: Slowking
|-damage|p1a: Slowking|67/100
|move|p1a: Slowking|Toxic|p2a: Walking Wake
|-status|p2a: Walking Wake|tox
|
|-damage|p2a: Walking Wake|82/100 tox|[from] psn
|upkeep
|turn|23
|
|t:|1758297020
|move|p2a: Walking Wake|Dragon Pulse|p1a: Slowking
|-damage|p1a: Slowking|34/100
|-prepare|p1a: Slowking|Chilly Reception|[premajor]
|move|p1a: Slowking|Chilly Reception|p1a: Slowking
|-weather|Snowscape
|
|t:|1758297026
|switch|p1a: Electrode|Electrode-Hisui, shiny|100/100|[from] Chilly Reception
|
|-weather|Snowscape|[upkeep]
|-damage|p2a: Walking Wake|69/100 tox|[from] psn
|upkeep
|turn|24
|
|t:|1758297033
|move|p1a: Electrode|Leaf Storm|p2a: Walking Wake
|-damage|p2a: Walking Wake|0 fnt
|-unboost|p1a: Electrode|spa|2
|faint|p2a: Walking Wake
|-end|p2a: Walking Wake|Protosynthesis|[silent]
|
|-weather|Snowscape|[upkeep]
|upkeep
|
|t:|1758297039
|switch|p2a: Zamazenta|Zamazenta|100/100
|-damage|p2a: Zamazenta|94/100|[from] Stealth Rock
|-ability|p2a: Zamazenta|Dauntless Shield|boost
|-boost|p2a: Zamazenta|def|1
|turn|25
|
|t:|1758297052
|switch|p1a: Slowking|Slowking-Galar, M|67/100
|move|p2a: Zamazenta|Body Press|p1a: Slowking
|-resisted|p1a: Slowking
|-damage|p1a: Slowking|56/100
|
|-weather|Snowscape|[upkeep]
|-heal|p2a: Zamazenta|100/100|[from] item: Leftovers
|upkeep
|turn|26
|
|t:|1758297066
|switch|p2a: Raging Bolt|Raging Bolt|100/100
|-damage|p2a: Raging Bolt|88/100|[from] Stealth Rock
|move|p1a: Slowking|Future Sight|p2a: Raging Bolt
|-start|p1a: Slowking|move: Future Sight
|
|-weather|Snowscape|[upkeep]
|-heal|p2a: Raging Bolt|94/100|[from] item: Leftovers
|upkeep
|turn|27
|
|t:|1758297076
|move|p2a: Raging Bolt|Draco Meteor|p1a: Slowking
|-damage|p1a: Slowking|12/100
|-unboost|p2a: Raging Bolt|spa|2
|move|p1a: Slowking|Toxic|p2a: Raging Bolt
|-status|p2a: Raging Bolt|tox
|
|-weather|none
|-heal|p2a: Raging Bolt|100/100 tox|[from] item: Leftovers
|-damage|p2a: Raging Bolt|94/100 tox|[from] psn
|upkeep
|turn|28
|
|t:|1758297088
|switch|p1a: Gallade|Gallade, M, shiny|100/100
|move|p2a: Raging Bolt|Draco Meteor|p1a: Gallade|[miss]
|-miss|p2a: Raging Bolt|p1a: Gallade
|
|-end|p2a: Raging Bolt|move: Future Sight
|-damage|p2a: Raging Bolt|58/100 tox
|-heal|p2a: Raging Bolt|64/100 tox|[from] item: Leftovers
|-damage|p2a: Raging Bolt|52/100 tox|[from] psn
|upkeep
|turn|29
|
|t:|1758297099
|move|p2a: Raging Bolt|Thunderclap|p1a: Gallade
|-damage|p1a: Gallade|77/100
|move|p1a: Gallade|Psycho Cut|p2a: Raging Bolt
|-damage|p2a: Raging Bolt|0 fnt
|faint|p2a: Raging Bolt
|-end|p2a: Raging Bolt|Protosynthesis|[silent]
|
|upkeep
|
|t:|1758297101
|switch|p2a: Zamazenta|Zamazenta|100/100
|-damage|p2a: Zamazenta|94/100|[from] Stealth Rock
|turn|30
|
|t:|1758297117
|move|p2a: Zamazenta|Crunch|p1a: Gallade
|-damage|p1a: Gallade|30/100
|move|p1a: Gallade|Psycho Cut|p2a: Zamazenta
|-supereffective|p2a: Zamazenta
|-damage|p2a: Zamazenta|0 fnt
|faint|p2a: Zamazenta
|
|win|GFYSYDAR
|raw|GFYSYDAR's rating: 1254 &rarr; <strong>1282</strong><br />(+28 for winning)
|raw|EthanolDK's rating: 1291 &rarr; <strong>1263</strong><br />(-28 for losing)
|l|☆EthanolDK
|player|p2|
