|j|☆grungly
|j|☆kiarnjd
|t:|1758293342
|gametype|singles
|player|p1|grungly|102|1222
|player|p2|kiarnjd|red|1297
|gen|9
|tier|[Gen 9] OU
|rated|
|rule|HP Percentage Mod: HP is shown in percentages
|rule|Endless Battle Clause: Forcing endless battles is banned
|rule|Species Clause: Limit one of each Pokémon
|rule|OHKO Clause: OHKO moves are banned
|rule|Evasion Items Clause: Evasion items are banned
|rule|Evasion Moves Clause: Evasion moves are banned
|rule|Evasion Abilities Clause: Evasion abilities are banned
|rule|Sleep Moves Clause: Sleep-inducing moves are banned
|clearpoke
|poke|p1|Comfey, M|
|poke|p1|Slowbro-Galar, M|
|poke|p1|Garganacl, M|
|poke|p1|Moltres|
|poke|p1|Ditto|
|poke|p1|Gliscor, M|
|poke|p2|Pelipper, M|
|poke|p2|Excadrill, M|
|poke|p2|Toxicroak, M|
|poke|p2|Ogerpon-Wellspring, F|
|poke|p2|Floatzel, F|
|poke|p2|Alomomola, F|
|teampreview
|inactive|Battle timer is ON: inactive players will automatically lose when time's up. (requested by grungly)
|inactive|kiarnjd also wants the timer to be on.
|
|t:|1758293347
|teamsize|p1|6
|teamsize|p2|6
|start
|switch|p1a: Slowbro|Slowbro-Galar, M|100/100
|switch|p2a: Pelipper|Pelipper, M|100/100
|-weather|RainDance|[from] ability: Drizzle|[of] p2a: Pelipper
|turn|1
|-activate|p1a: Slowbro|ability: Quick Draw
|
|t:|1758293355
|move|p1a: Slowbro|Shell Side Arm|p2a: Pelipper|[anim] Shell Side Arm Special
|-damage|p2a: Pelipper|42/100
|-hint|Special Shell Side Arm
|move|p2a: Pelipper|U-turn|p1a: Slowbro
|-damage|p1a: Slowbro|91/100
|
|t:|1758293362
|switch|p2a: Excadrill|Excadrill, M, shiny|100/100|[from] U-turn
|-ability|p2a: Excadrill|Mold Breaker
|
|-weather|RainDance|[upkeep]
|upkeep
|turn|2
|-activate|p1a: Slowbro|item: Quick Claw
|
|t:|1758293370
|-terastallize|p1a: Slowbro|Flying
|move|p1a: Slowbro|Flamethrower|p2a: Excadrill
|-supereffective|p2a: Excadrill
|-damage|p2a: Excadrill|78/100
|-enditem|p2a: Excadrill|Eject Button
|
|t:|1758293379
|switch|p2a: Floatzel|Floatzel, F|100/100
|
|-weather|RainDance|[upkeep]
|upkeep
|turn|3
|-activate|p1a: Slowbro|item: Quick Claw
|
|t:|1758293385
|move|p1a: Slowbro|Toxic|p2a: Floatzel|[miss]
|-miss|p1a: Slowbro|p2a: Floatzel
|move|p2a: Floatzel|Wave Crash|p1a: Slowbro
|-damage|p1a: Slowbro|0 fnt
|faint|p1a: Slowbro
|-damage|p2a: Floatzel|63/100|[from] Recoil
|
|-weather|RainDance|[upkeep]
|upkeep
|
|t:|1758293393
|switch|p1a: Ditto|Ditto|100/100
|-transform|p1a: Ditto|p2a: Floatzel|[from] ability: Imposter
|turn|4
|
|t:|1758293408
|switch|p2a: Alomomola|Alomomola, F|100/100
|move|p1a: Ditto|Wave Crash|p2a: Alomomola
|-resisted|p2a: Alomomola
|-damage|p2a: Alomomola|71/100
|-damage|p1a: Ditto|85/100|[from] Recoil
|
|-weather|RainDance|[upkeep]
|upkeep
|turn|5
|
|t:|1758293418
|move|p2a: Alomomola|Protect|p2a: Alomomola
|-singleturn|p2a: Alomomola|Protect
|move|p1a: Ditto|Wave Crash|p2a: Alomomola
|-activate|p2a: Alomomola|move: Protect
|
|-weather|RainDance|[upkeep]
|upkeep
|turn|6
|
|t:|1758293427
|move|p1a: Ditto|Wave Crash|p2a: Alomomola
|-resisted|p2a: Alomomola
|-damage|p2a: Alomomola|44/100
|-damage|p1a: Ditto|71/100|[from] Recoil
|move|p2a: Alomomola|Wish|p2a: Alomomola
|
|-weather|RainDance|[upkeep]
|upkeep
|turn|7
|
|t:|1758293430
|move|p2a: Alomomola|Protect|p2a: Alomomola
|-singleturn|p2a: Alomomola|Protect
|move|p1a: Ditto|Wave Crash|p2a: Alomomola
|-activate|p2a: Alomomola|move: Protect
|
|-weather|RainDance|[upkeep]
|-heal|p2a: Alomomola|94/100|[from] move: Wish|[wisher] Alomomola
|upkeep
|turn|8
|
|t:|1758293435
|switch|p1a: Comfey|Comfey, M|100/100
|move|p2a: Alomomola|Wish|p2a: Alomomola
|
|-weather|none
|upkeep
|turn|9
|
|t:|1758293440
|switch|p2a: Pelipper|Pelipper, M|42/100
|-weather|RainDance|[from] ability: Drizzle|[of] p2a: Pelipper
|move|p1a: Comfey|Calm Mind|p1a: Comfey
|-boost|p1a: Comfey|spa|1
|-boost|p1a: Comfey|spd|1
|
|-weather|RainDance|[upkeep]
|-heal|p2a: Pelipper|100/100|[from] move: Wish|[wisher] Alomomola
|upkeep
|turn|10
|
|t:|1758293447
|move|p1a: Comfey|Calm Mind|p1a: Comfey
|-boost|p1a: Comfey|spa|1
|-boost|p1a: Comfey|spd|1
|move|p2a: Pelipper|Hurricane|p1a: Comfey
|-damage|p1a: Comfey|84/100
|
|-weather|RainDance|[upkeep]
|-heal|p1a: Comfey|90/100|[from] item: Leftovers
|upkeep
|turn|11
|
|t:|1758293459
|switch|p2a: Ogerpon|Ogerpon-Wellspring, F|100/100
|move|p1a: Comfey|Leech Seed|p2a: Ogerpon
|-immune|p2a: Ogerpon
|
|-weather|RainDance|[upkeep]
|-heal|p1a: Comfey|96/100|[from] item: Leftovers
|upkeep
|turn|12
|
|t:|1758293463
|move|p1a: Comfey|Draining Kiss|p2a: Ogerpon
|-damage|p2a: Ogerpon|69/100
|-heal|p1a: Comfey|100/100|[from] drain|[of] p2a: Ogerpon
|move|p2a: Ogerpon|Swords Dance|p2a: Ogerpon
|-boost|p2a: Ogerpon|atk|2
|
|-weather|RainDance|[upkeep]
|upkeep
|turn|13
|
|t:|1758293468
|move|p1a: Comfey|Draining Kiss|p2a: Ogerpon
|-damage|p2a: Ogerpon|32/100
|move|p2a: Ogerpon|Ivy Cudgel|p1a: Comfey|[anim] Ivy Cudgel Water
|-damage|p1a: Comfey|0 fnt
|faint|p1a: Comfey
|
|-weather|RainDance|[upkeep]
|upkeep
|
|t:|1758293474
|switch|p1a: Ditto|Ditto|71/100
|-transform|p1a: Ditto|p2a: Ogerpon|[from] ability: Imposter
|turn|14
|
|t:|1758293483
|move|p1a: Ditto|Wood Hammer|p2a: Ogerpon
|-damage|p2a: Ogerpon|0 fnt
|faint|p2a: Ogerpon
|-damage|p1a: Ditto|61/100|[from] Recoil
|
|-weather|RainDance|[upkeep]
|upkeep
|
|t:|1758293492
|switch|p2a: Pelipper|Pelipper, M|100/100
|turn|15
|
|t:|1758293494
|move|p1a: Ditto|Wood Hammer|p2a: Pelipper
|-damage|p2a: Pelipper|16/100
|-damage|p1a: Ditto|31/100|[from] Recoil
|move|p2a: Pelipper|Hurricane|p1a: Ditto
|-supereffective|p1a: Ditto
|-damage|p1a: Ditto|0 fnt
|faint|p1a: Ditto
|
|-weather|RainDance|[upkeep]
|upkeep
|
|t:|1758293506
|switch|p1a: Moltres|Moltres|100/100
|turn|16
|
|t:|1758293511
|switch|p2a: Toxicroak|Toxicroak, M|100/100
|move|p1a: Moltres|Brave Bird|p2a: Toxicroak
|-supereffective|p2a: Toxicroak
|-damage|p2a: Toxicroak|16/100
|-damage|p1a: Moltres|68/100|[from] Recoil
|
|-weather|none
|upkeep
|turn|17
|
|t:|1758293524
|switch|p2a: Alomomola|Alomomola, F|100/100
|move|p1a: Moltres|Scorching Sands|p2a: Alomomola
|-damage|p2a: Alomomola|85/100
|
|upkeep
|turn|18
|
|t:|1758293533
|switch|p1a: Gliscor|Gliscor, M|100/100
|move|p2a: Alomomola|Flip Turn|p1a: Gliscor
|-supereffective|p1a: Gliscor
|-damage|p1a: Gliscor|68/100
|
|t:|1758293535
|switch|p2a: Pelipper|Pelipper, M|16/100|[from] Flip Turn
|-weather|RainDance|[from] ability: Drizzle|[of] p2a: Pelipper
|
|-weather|RainDance|[upkeep]
|-status|p1a: Gliscor|tox|[from] item: Toxic Orb
|upkeep
|turn|19
|
|t:|1758293541
|move|p1a: Gliscor|Facade|p2a: Pelipper
|-damage|p2a: Pelipper|0 fnt
|faint|p2a: Pelipper
|
|-weather|RainDance|[upkeep]
|-heal|p1a: Gliscor|80/100 tox|[from] ability: Poison Heal
|upkeep
|
|t:|1758293544
|switch|p2a: Floatzel|Floatzel, F|63/100
|turn|20
|
|t:|1758293553
|move|p2a: Floatzel|Wave Crash|p1a: Gliscor
|-supereffective|p1a: Gliscor
|-damage|p1a: Gliscor|0 fnt
|faint|p1a: Gliscor
|-damage|p2a: Floatzel|38/100|[from] Recoil
|
|-weather|RainDance|[upkeep]
|upkeep
|
|t:|1758293560
|switch|p1a: Garganacl|Garganacl, M|100/100
|turn|21
|c|☆kiarnjd|gg
|
|t:|1758293568
|-terastallize|p2a: Floatzel|Water
|move|p2a: Floatzel|Wave Crash|p1a: Garganacl
|-supereffective|p1a: Garganacl
|-damage|p1a: Garganacl|0 fnt
|faint|p1a: Garganacl
|-damage|p2a: Floatzel|2/100|[from] Recoil
|
|-weather|RainDance|[upkeep]
|upkeep
|-message|grungly forfeited.
|
|win|kiarnjd
|raw|grungly's rating: 1222 &rarr; <strong>1202</strong><br />(-20 for losing)
|raw|kiarnjd's rating: 1297 &rarr; <strong>1317</strong><br />(+20 for winning)
|l|☆grungly
|player|p1|
