|j|☆Nottortoise
|j|☆asd dsdfgfgdfg
|t:|1758337876
|gametype|singles
|player|p1|Nottortoise|101|1000
|player|p2|asd dsdfgfgdfg|hugh|1000
|gen|9
|tier|[Gen 9] OU
|rated|
|rule|HP Percentage Mod: HP is shown in percentages
|rule|Endless Battle Clause: Forcing endless battles is banned
|rule|Species Clause: Limit one of each Pokémon
|rule|OHKO Clause: OHKO moves are banned
|rule|Evasion Items Clause: Evasion items are banned
|rule|Evasion Moves Clause: Evasion moves are banned
|rule|Evasion Abilities Clause: Evasion abilities are banned
|rule|Sleep Moves Clause: Sleep-inducing moves are banned
|clearpoke
|poke|p1|Garchomp, M|
|poke|p1|Gholdengo|
|poke|p1|Incineroar, M|
|poke|p1|Primarina, F|
|poke|p1|Volcanion|
|poke|p1|Corviknight, M|
|poke|p2|Camerupt, F|
|poke|p2|Slowking-Galar, M|
|poke|p2|Moltres-Galar|
|poke|p2|Forretress, F|
|poke|p2|Reuniclus, F|
|poke|p2|Clawitzer, M|
|teampreview
|
|t:|1758337895
|teamsize|p1|6
|teamsize|p2|6
|start
|switch|p1a: Garchomp|Garchomp, M|100/100
|switch|p2a: Reuniclus|Reuniclus, F, shiny|100/100
|turn|1
|
|t:|1758337907
|move|p1a: Garchomp|Swords Dance|p1a: Garchomp
|-boost|p1a: Garchomp|atk|2
|move|p2a: Reuniclus|Trick Room|p2a: Reuniclus
|-fieldstart|move: Trick Room|[of] p2a: Reuniclus
|
|upkeep
|turn|2
|
|t:|1758337929
|move|p2a: Reuniclus|Focus Blast|p1a: Garchomp
|-crit|p1a: Garchomp
|-damage|p1a: Garchomp|2/100
|move|p1a: Garchomp|Scale Shot|p2a: Reuniclus
|-damage|p2a: Reuniclus|72/100
|-damage|p2a: Reuniclus|44/100
|-damage|p2a: Reuniclus|17/100
|-damage|p2a: Reuniclus|0 fnt
|faint|p2a: Reuniclus
|-hitcount|p2: Reuniclus|4
|-unboost|p1a: Garchomp|def|1
|-boost|p1a: Garchomp|spe|1
|
|upkeep
|
|t:|1758337949
|switch|p2a: Forretress|Forretress, F, shiny|100/100
|turn|3
|
|t:|1758337965
|switch|p1a: Corviknight|Corviknight, M|100/100
|move|p2a: Forretress|Gyro Ball|p1a: Corviknight
|-resisted|p1a: Corviknight
|-damage|p1a: Corviknight|95/100
|
|-heal|p1a: Corviknight|100/100|[from] item: Leftovers
|upkeep
|turn|4
|
|t:|1758337988
|move|p2a: Forretress|Volt Switch|p1a: Corviknight
|-supereffective|p1a: Corviknight
|-damage|p1a: Corviknight|80/100
|
|t:|1758337994
|switch|p2a: Enrique|Camerupt, F, shiny|100/100|[from] Volt Switch
|move|p1a: Corviknight|Body Press|p2a: Enrique
|-damage|p2a: Enrique|66/100
|
|-heal|p1a: Corviknight|86/100|[from] item: Leftovers
|upkeep
|turn|5
|
|t:|1758338009
|move|p2a: Enrique|Stealth Rock|p1a: Corviknight
|-sidestart|p1: Nottortoise|move: Stealth Rock
|move|p1a: Corviknight|U-turn|p2a: Enrique
|-resisted|p2a: Enrique
|-damage|p2a: Enrique|56/100
|
|t:|1758338024
|switch|p1a: Volcanion|Volcanion|100/100|[from] U-turn
|-damage|p1a: Volcanion|75/100|[from] Stealth Rock
|
|-fieldend|move: Trick Room
|upkeep
|turn|6
|
|t:|1758338034
|switch|p2a: Tamal galar|Slowking-Galar, M, shiny|100/100
|move|p1a: Volcanion|Steam Eruption|p2a: Tamal galar
|-crit|p2a: Tamal galar
|-damage|p2a: Tamal galar|55/100
|
|upkeep
|turn|7
|
|t:|1758338051
|switch|p1a: Corviknight|Corviknight, M|86/100
|-damage|p1a: Corviknight|74/100|[from] Stealth Rock
|move|p2a: Tamal galar|Trick Room|p2a: Tamal galar
|-fieldstart|move: Trick Room|[of] p2a: Tamal galar
|
|-heal|p1a: Corviknight|80/100|[from] item: Leftovers
|upkeep
|turn|8
|
|t:|1758338061
|move|p2a: Tamal galar|Future Sight|p1a: Corviknight
|-start|p2a: Tamal galar|move: Future Sight
|move|p1a: Corviknight|Defog|p2a: Tamal galar
|-unboost|p2a: Tamal galar|evasion|1
|-sideend|p1: Nottortoise|Stealth Rock|[from] move: Defog|[of] p1a: Corviknight
|
|-heal|p1a: Corviknight|86/100|[from] item: Leftovers
|upkeep
|turn|9
|
|t:|1758338070
|-prepare|p2a: Tamal galar|Chilly Reception|[premajor]
|move|p2a: Tamal galar|Chilly Reception|p2a: Tamal galar
|-weather|Snowscape
|
|t:|1758338074
|switch|p2a: Enrique|Camerupt, F, shiny|56/100|[from] Chilly Reception
|move|p1a: Corviknight|Body Press|p2a: Enrique
|-damage|p2a: Enrique|20/100
|
|-weather|Snowscape|[upkeep]
|-heal|p1a: Corviknight|92/100|[from] item: Leftovers
|upkeep
|turn|10
|
|t:|1758338083
|switch|p1a: Primarina|Primarina, F|100/100
|move|p2a: Enrique|Fire Blast|p1a: Primarina
|-resisted|p1a: Primarina
|-damage|p1a: Primarina|69/100
|-damage|p2a: Enrique|10/100|[from] item: Life Orb
|
|-weather|Snowscape|[upkeep]
|-end|p1a: Primarina|move: Future Sight
|-damage|p1a: Primarina|31/100
|-heal|p1a: Primarina|37/100|[from] item: Leftovers
|upkeep
|turn|11
|
|t:|1758338116
|move|p2a: Enrique|Earth Power|p1a: Primarina
|-damage|p1a: Primarina|0 fnt
|faint|p1a: Primarina
|-damage|p2a: Enrique|0 fnt|[from] item: Life Orb
|faint|p2a: Enrique
|
|-weather|Snowscape|[upkeep]
|-fieldend|move: Trick Room
|upkeep
|
|t:|1758338126
|switch|p1a: Garchomp|Garchomp, M|2/100
|switch|p2a: Akame|Moltres-Galar|100/100
|turn|12
|
|t:|1758338138
|move|p1a: Garchomp|Scale Shot|p2a: Akame
|-damage|p2a: Akame|88/100
|-damage|p2a: Akame|74/100
|-damage|p2a: Akame|62/100
|-damage|p2a: Akame|48/100
|-hitcount|p2a: Akame|4
|-ability|p2a: Akame|Berserk|boost
|-boost|p2a: Akame|spa|1
|-unboost|p1a: Garchomp|def|1
|-boost|p1a: Garchomp|spe|1
|move|p2a: Akame|Agility|p2a: Akame
|-boost|p2a: Akame|spe|2
|
|-weather|Snowscape|[upkeep]
|upkeep
|turn|13
|
|t:|1758338153
|move|p1a: Garchomp|Scale Shot|p2a: Akame
|-damage|p2a: Akame|36/100
|-damage|p2a: Akame|23/100
|-damage|p2a: Akame|10/100
|-damage|p2a: Akame|0 fnt
|faint|p2a: Akame
|-hitcount|p2: Akame|4
|-unboost|p1a: Garchomp|def|1
|-boost|p1a: Garchomp|spe|1
|
|-weather|none
|upkeep
|
|t:|1758338168
|switch|p2a: Forretress|Forretress, F, shiny|100/100
|turn|14
|
|t:|1758338201
|move|p1a: Garchomp|Scale Shot|p2a: Forretress
|-resisted|p2a: Forretress
|-damage|p2a: Forretress|97/100
|-resisted|p2a: Forretress
|-damage|p2a: Forretress|93/100
|-resisted|p2a: Forretress
|-damage|p2a: Forretress|89/100
|-resisted|p2a: Forretress
|-damage|p2a: Forretress|85/100
|-resisted|p2a: Forretress
|-damage|p2a: Forretress|81/100
|-hitcount|p2a: Forretress|5
|-unboost|p1a: Garchomp|def|1
|-boost|p1a: Garchomp|spe|1
|move|p2a: Forretress|Gyro Ball|p1a: Garchomp
|-damage|p1a: Garchomp|0 fnt
|-damage|p2a: Forretress|68/100|[from] ability: Rough Skin|[of] p1a: Garchomp
|faint|p1a: Garchomp
|
|-heal|p2a: Forretress|75/100|[from] item: Leftovers
|upkeep
|
|t:|1758338223
|switch|p1a: Corviknight|Corviknight, M|92/100
|turn|15
|
|t:|1758338253
|switch|p2a: Tamal galar|Slowking-Galar, M, shiny|88/100
|move|p1a: Corviknight|Body Press|p2a: Tamal galar
|-resisted|p2a: Tamal galar
|-damage|p2a: Tamal galar|82/100
|
|-heal|p1a: Corviknight|99/100|[from] item: Leftovers
|upkeep
|turn|16
|
|t:|1758338262
|move|p1a: Corviknight|U-turn|p2a: Tamal galar
|-damage|p2a: Tamal galar|68/100
|
|t:|1758338267
|switch|p1a: Incineroar|Incineroar, M|100/100|[from] U-turn
|-ability|p1a: Incineroar|Intimidate|boost
|-unboost|p2a: Tamal galar|atk|1
|move|p2a: Tamal galar|Trick Room|p2a: Tamal galar
|-fieldstart|move: Trick Room|[of] p2a: Tamal galar
|
|upkeep
|turn|17
|
|t:|1758338282
|switch|p1a: Corviknight|Corviknight, M|99/100
|-terastallize|p2a: Tamal galar|Water
|move|p2a: Tamal galar|Sludge Bomb|p1a: Corviknight
|-immune|p1a: Corviknight
|
|-heal|p1a: Corviknight|100/100|[from] item: Leftovers
|upkeep
|turn|18
|
|t:|1758338296
|move|p2a: Tamal galar|Future Sight|p1a: Corviknight
|-start|p2a: Tamal galar|move: Future Sight
|move|p1a: Corviknight|Body Press|p2a: Tamal galar
|-damage|p2a: Tamal galar|39/100
|
|upkeep
|turn|19
|
|t:|1758338314
|-prepare|p2a: Tamal galar|Chilly Reception|[premajor]
|move|p2a: Tamal galar|Chilly Reception|p2a: Tamal galar
|-weather|Snowscape
|
|t:|1758338317
|switch|p2a: Clawitzer|Clawitzer, M, shiny|100/100|[from] Chilly Reception
|move|p1a: Corviknight|Body Press|p2a: Clawitzer
|-damage|p2a: Clawitzer|72/100
|
|-weather|Snowscape|[upkeep]
|upkeep
|turn|20
|
|t:|1758338341
|switch|p1a: Volcanion|Volcanion|75/100
|move|p2a: Clawitzer|Aura Sphere|p1a: Volcanion
|-damage|p1a: Volcanion|49/100
|
|-weather|Snowscape|[upkeep]
|-end|p1a: Volcanion|move: Future Sight
|-damage|p1a: Volcanion|20/100
|-fieldend|move: Trick Room
|upkeep
|turn|21
|
|t:|1758338385
|move|p1a: Volcanion|Steam Eruption|p2a: Clawitzer
|-resisted|p2a: Clawitzer
|-damage|p2a: Clawitzer|54/100
|move|p2a: Clawitzer|Water Pulse|p1a: Volcanion
|-heal|p1a: Volcanion|45/100|[from] ability: Water Absorb|[of] p2a: Clawitzer
|
|-weather|Snowscape|[upkeep]
|upkeep
|turn|22
|
|t:|1758338410
|move|p1a: Volcanion|Sludge Bomb|p2a: Clawitzer
|-damage|p2a: Clawitzer|37/100
|move|p2a: Clawitzer|Aura Sphere|p1a: Volcanion
|-damage|p1a: Volcanion|17/100
|
|-weather|Snowscape|[upkeep]
|upkeep
|turn|23
|
|t:|1758338418
|move|p1a: Volcanion|Sludge Bomb|p2a: Clawitzer
|-damage|p2a: Clawitzer|18/100
|move|p2a: Clawitzer|Aura Sphere|p1a: Volcanion
|-damage|p1a: Volcanion|0 fnt
|faint|p1a: Volcanion
|
|-weather|none
|upkeep
|
|t:|1758338426
|switch|p1a: Gholdengo|Gholdengo|100/100
|turn|24
|
|t:|1758338435
|switch|p2a: Forretress|Forretress, F, shiny|75/100
|move|p1a: Gholdengo|Thunderbolt|p2a: Forretress
|-damage|p2a: Forretress|39/100
|
|-heal|p2a: Forretress|45/100|[from] item: Leftovers
|upkeep
|turn|25
|
|t:|1758338443
|move|p1a: Gholdengo|Nasty Plot|p1a: Gholdengo
|-boost|p1a: Gholdengo|spa|2
|move|p2a: Forretress|Volt Switch|p1a: Gholdengo
|-damage|p1a: Gholdengo|90/100
|
|t:|1758338448
|switch|p2a: Tamal galar|Slowking-Galar, M, shiny, tera:Water|72/100|[from] Volt Switch
|
|-heal|p1a: Gholdengo|96/100|[from] item: Leftovers
|upkeep
|turn|26
|
|t:|1758338456
|switch|p2a: Forretress|Forretress, F, shiny|45/100
|move|p1a: Gholdengo|Thunderbolt|p2a: Forretress
|-damage|p2a: Forretress|0 fnt
|faint|p2a: Forretress
|
|-heal|p1a: Gholdengo|100/100|[from] item: Leftovers
|upkeep
|
|t:|1758338463
|switch|p2a: Tamal galar|Slowking-Galar, M, shiny, tera:Water|100/100
|turn|27
|
|t:|1758338469
|move|p1a: Gholdengo|Thunderbolt|p2a: Tamal galar
|-supereffective|p2a: Tamal galar
|-damage|p2a: Tamal galar|38/100
|-status|p2a: Tamal galar|par
|cant|p2a: Tamal galar|par
|
|upkeep
|turn|28
|c|☆Nottortoise|gg
|
|t:|1758338481
|move|p1a: Gholdengo|Thunderbolt|p2a: Tamal galar
|-supereffective|p2a: Tamal galar
|-damage|p2a: Tamal galar|0 fnt
|faint|p2a: Tamal galar
|
|upkeep
|
|t:|1758338485
|switch|p2a: Clawitzer|Clawitzer, M, shiny|18/100
|turn|29
|c|☆Nottortoise|good game
|
|t:|1758338493
|move|p1a: Gholdengo|Thunderbolt|p2a: Clawitzer
|-supereffective|p2a: Clawitzer
|-damage|p2a: Clawitzer|0 fnt
|faint|p2a: Clawitzer
|
|win|Nottortoise
|raw|Nottortoise's rating: 1000 &rarr; <strong>1040</strong><br />(+40 for winning)
|raw|asd dsdfgfgdfg's rating: 1000 &rarr; <strong>1000</strong><br />(+0 for losing)
