|j|☆beentheredonepat
|j|☆Haivijo
|t:|1758347344
|gametype|singles
|player|p1|beentheredonepat|ethan|1198
|player|p2|Haivijo|chuck|1143
|gen|9
|tier|[Gen 9] OU
|rated|
|rule|HP Percentage Mod: HP is shown in percentages
|rule|Endless Battle Clause: Forcing endless battles is banned
|rule|Species Clause: Limit one of each Pokémon
|rule|OHKO Clause: OHKO moves are banned
|rule|Evasion Items Clause: Evasion items are banned
|rule|Evasion Moves Clause: Evasion moves are banned
|rule|Evasion Abilities Clause: Evasion abilities are banned
|rule|Sleep Moves Clause: Sleep-inducing moves are banned
|clearpoke
|poke|p1|Typhlosion, M|
|poke|p1|Ninetales, M|
|poke|p1|Shiftry, M|
|poke|p1|Ursaluna, F|
|poke|p1|Torkoal, M|
|poke|p1|Hatterene, F|
|poke|p2|Glimmora, M|
|poke|p2|Rillaboom, F|
|poke|p2|Great Tusk|
|poke|p2|Blaziken, F|
|poke|p2|Gholdengo|
|poke|p2|Gliscor, F|
|teampreview
|
|t:|1758347354
|teamsize|p1|6
|teamsize|p2|6
|start
|switch|p1a: Sol|Torkoal, M|100/100
|switch|p2a: Hubert|Glimmora, M|100/100
|-weather|SunnyDay|[from] ability: Drought|[of] p1a: Sol
|turn|1
|
|t:|1758347359
|switch|p1a: Nymph|Hatterene, F|100/100
|move|p2a: Hubert|Power Gem|p1a: Nymph
|-damage|p1a: Nymph|64/100
|
|-weather|SunnyDay|[upkeep]
|upkeep
|turn|2
|
|t:|1758347364
|move|p2a: Hubert|Sludge Wave|p1a: Nymph
|-supereffective|p1a: Nymph
|-damage|p1a: Nymph|0 fnt
|faint|p1a: Nymph
|
|-weather|SunnyDay|[upkeep]
|upkeep
|
|t:|1758347369
|switch|p1a: Tollomot|Ninetales, M|100/100
|turn|3
|
|t:|1758347374
|switch|p2a: Furious George|Rillaboom, F|100/100
|-fieldstart|move: Grassy Terrain|[from] ability: Grassy Surge|[of] p2a: Furious George
|move|p1a: Tollomot|Overheat|p2a: Furious George
|-supereffective|p2a: Furious George
|-damage|p2a: Furious George|0 fnt
|-unboost|p1a: Tollomot|spa|2
|faint|p2a: Furious George
|-enditem|p1a: Tollomot|Eject Pack
|inactive|Battle timer is ON: inactive players will automatically lose when time's up. (requested by Haivijo)
|
|t:|1758347384
|switch|p1a: Charlie|Typhlosion, M|100/100
|
|-weather|SunnyDay|[upkeep]
|upkeep
|
|t:|1758347396
|switch|p2a: Hubert|Glimmora, M|100/100
|turn|4
|
|t:|1758347401
|switch|p1a: Mama Bear|Ursaluna, F|100/100
|move|p2a: Hubert|Power Gem|p1a: Mama Bear
|-resisted|p1a: Mama Bear
|-damage|p1a: Mama Bear|88/100
|
|-weather|SunnyDay|[upkeep]
|-heal|p1a: Mama Bear|94/100|[from] Grassy Terrain
|-status|p1a: Mama Bear|brn|[from] item: Flame Orb
|upkeep
|turn|5
|
|t:|1758347407
|-terastallize|p2a: Hubert|Grass
|move|p2a: Hubert|Energy Ball|p1a: Mama Bear
|-supereffective|p1a: Mama Bear
|-damage|p1a: Mama Bear|20/100 brn
|move|p1a: Mama Bear|Headlong Rush|p2a: Hubert
|-resisted|p2a: Hubert
|-damage|p2a: Hubert|49/100
|-unboost|p1a: Mama Bear|def|1
|-unboost|p1a: Mama Bear|spd|1
|-activate|p2a: Hubert|ability: Toxic Debris
|-sidestart|p1: beentheredonepat|move: Toxic Spikes
|
|-weather|SunnyDay|[upkeep]
|-heal|p2a: Hubert|55/100|[from] Grassy Terrain
|-heal|p1a: Mama Bear|26/100 brn|[from] Grassy Terrain
|-damage|p1a: Mama Bear|20/100 brn|[from] brn
|upkeep
|turn|6
|
|t:|1758347418
|move|p2a: Hubert|Energy Ball|p1a: Mama Bear
|-supereffective|p1a: Mama Bear
|-damage|p1a: Mama Bear|0 fnt
|faint|p1a: Mama Bear
|
|-weather|SunnyDay|[upkeep]
|-heal|p2a: Hubert|61/100|[from] Grassy Terrain
|upkeep
|
|t:|1758347422
|switch|p1a: Sol|Torkoal, M|100/100
|-status|p1a: Sol|psn
|turn|7
|
|t:|1758347426
|move|p2a: Hubert|Power Gem|p1a: Sol
|-supereffective|p1a: Sol
|-damage|p1a: Sol|28/100 psn
|move|p1a: Sol|Stealth Rock|p2a: Hubert
|-sidestart|p2: Haivijo|move: Stealth Rock
|
|-weather|SunnyDay|[upkeep]
|-heal|p2a: Hubert|68/100|[from] Grassy Terrain
|-heal|p1a: Sol|34/100 psn|[from] Grassy Terrain
|-damage|p1a: Sol|22/100 psn|[from] psn
|-fieldend|move: Grassy Terrain
|upkeep
|turn|8
|
|t:|1758347436
|switch|p1a: Tollomot|Ninetales, M|100/100
|-status|p1a: Tollomot|psn
|move|p2a: Hubert|Power Gem|p1a: Tollomot
|-supereffective|p1a: Tollomot
|-damage|p1a: Tollomot|33/100 psn
|
|-weather|none
|-damage|p1a: Tollomot|21/100 psn|[from] psn
|upkeep
|turn|9
|
|t:|1758347446
|switch|p1a: Sol|Torkoal, M|22/100 psn
|-weather|SunnyDay|[from] ability: Drought|[of] p1a: Sol
|switch|p2a: Greater Tusk|Great Tusk|100/100
|-activate|p2a: Greater Tusk|ability: Protosynthesis
|-start|p2a: Greater Tusk|protosynthesisdef
|
|-weather|SunnyDay|[upkeep]
|-damage|p1a: Sol|9/100 psn|[from] psn
|upkeep
|turn|10
|
|t:|1758347451
|move|p2a: Greater Tusk|Stealth Rock|p1a: Sol
|-sidestart|p1: beentheredonepat|move: Stealth Rock
|move|p1a: Sol|Flare Blitz|p2a: Greater Tusk
|-damage|p2a: Greater Tusk|81/100
|-status|p2a: Greater Tusk|brn
|-damage|p1a: Sol|0 fnt|[from] Recoil
|faint|p1a: Sol
|
|-weather|SunnyDay|[upkeep]
|-damage|p2a: Greater Tusk|75/100 brn|[from] brn
|upkeep
|
|t:|1758347459
|switch|p1a: Charlie|Typhlosion, M|100/100
|-status|p1a: Charlie|psn
|-damage|p1a: Charlie|76/100 psn|[from] Stealth Rock
|turn|11
|
|t:|1758347465
|-end|p2a: Greater Tusk|Protosynthesis|[silent]
|switch|p2a: Hubert|Glimmora, M, tera:Grass|68/100
|-damage|p2a: Hubert|55/100|[from] Stealth Rock
|-terastallize|p1a: Charlie|Fire
|move|p1a: Charlie|Flamethrower|p2a: Hubert
|-supereffective|p2a: Hubert
|-damage|p2a: Hubert|0 fnt
|faint|p2a: Hubert
|
|-weather|SunnyDay|[upkeep]
|-damage|p1a: Charlie|63/100 psn|[from] psn
|upkeep
|
|t:|1758347492
|switch|p2a: Big Meaty|Gliscor, F|100/100
|-damage|p2a: Big Meaty|88/100|[from] Stealth Rock
|turn|12
|
|t:|1758347498
|move|p2a: Big Meaty|Protect|p2a: Big Meaty
|-singleturn|p2a: Big Meaty|Protect
|move|p1a: Charlie|Flamethrower|p2a: Big Meaty
|-activate|p2a: Big Meaty|move: Protect
|
|-weather|SunnyDay|[upkeep]
|-damage|p1a: Charlie|51/100 psn|[from] psn
|-status|p2a: Big Meaty|tox|[from] item: Toxic Orb
|upkeep
|turn|13
|
|t:|1758347502
|move|p1a: Charlie|Flamethrower|p2a: Big Meaty
|-damage|p2a: Big Meaty|0 fnt
|faint|p2a: Big Meaty
|
|-weather|SunnyDay|[upkeep]
|-damage|p1a: Charlie|38/100 psn|[from] psn
|upkeep
|
|t:|1758347515
|switch|p2a: Magicians Red|Blaziken, F|100/100
|-damage|p2a: Magicians Red|88/100|[from] Stealth Rock
|turn|14
|
|t:|1758347528
|move|p1a: Charlie|Flamethrower|p2a: Magicians Red
|-resisted|p2a: Magicians Red
|-damage|p2a: Magicians Red|14/100
|move|p2a: Magicians Red|Knock Off|p1a: Charlie
|-damage|p1a: Charlie|3/100 psn
|-enditem|p1a: Charlie|Choice Scarf|[from] move: Knock Off|[of] p2a: Magicians Red
|
|-weather|SunnyDay|[upkeep]
|-damage|p1a: Charlie|0 fnt|[from] psn
|faint|p1a: Charlie
|-ability|p2a: Magicians Red|Speed Boost|boost
|-boost|p2a: Magicians Red|spe|1
|upkeep
|
|t:|1758347538
|switch|p1a: Shinobi|Shiftry, M|100/100
|-status|p1a: Shinobi|psn
|-damage|p1a: Shinobi|88/100 psn|[from] Stealth Rock
|turn|15
|
|t:|1758347549
|move|p1a: Shinobi|Solar Blade||[still]
|-prepare|p1a: Shinobi|Solar Blade
|-anim|p1a: Shinobi|Solar Blade|p2a: Magicians Red
|-resisted|p2a: Magicians Red
|-damage|p2a: Magicians Red|0 fnt
|faint|p2a: Magicians Red
|
|-weather|SunnyDay|[upkeep]
|-damage|p1a: Shinobi|76/100 psn|[from] psn
|upkeep
|
|t:|1758347554
|switch|p2a: Greater Tusk|Great Tusk|75/100 brn
|-activate|p2a: Greater Tusk|ability: Protosynthesis
|-start|p2a: Greater Tusk|protosynthesisdef
|turn|16
|
|t:|1758347561
|move|p1a: Shinobi|Solar Blade||[still]
|-prepare|p1a: Shinobi|Solar Blade
|-anim|p1a: Shinobi|Solar Blade|p2a: Greater Tusk
|-supereffective|p2a: Greater Tusk
|-damage|p2a: Greater Tusk|22/100 brn
|move|p2a: Greater Tusk|Body Press|p1a: Shinobi
|-supereffective|p1a: Shinobi
|-damage|p1a: Shinobi|7/100 psn
|
|-weather|none
|-end|p2a: Greater Tusk|Protosynthesis
|-damage|p1a: Shinobi|0 fnt|[from] psn
|faint|p1a: Shinobi
|-damage|p2a: Greater Tusk|16/100 brn|[from] brn
|upkeep
|
|t:|1758347565
|switch|p1a: Tollomot|Ninetales, M|21/100 psn
|-damage|p1a: Tollomot|0 fnt|[from] Stealth Rock
|faint|p1a: Tollomot
|
|win|Haivijo
|raw|beentheredonepat's rating: 1198 &rarr; <strong>1169</strong><br />(-29 for losing)
|raw|Haivijo's rating: 1143 &rarr; <strong>1172</strong><br />(+29 for winning)
|l|☆beentheredonepat
|player|p1|
