|j|☆Tom5283
|j|☆Elianec
|t:|1758263258
|gametype|singles
|player|p1|Tom5283|hilbert|1151
|player|p2|Elianec|cynthia|1211
|gen|9
|tier|[Gen 9] OU
|rated|
|rule|HP Percentage Mod: HP is shown in percentages
|rule|Endless Battle Clause: Forcing endless battles is banned
|rule|Species Clause: Limit one of each Pokémon
|rule|OHKO Clause: OHKO moves are banned
|rule|Evasion Items Clause: Evasion items are banned
|rule|Evasion Moves Clause: Evasion moves are banned
|rule|Evasion Abilities Clause: Evasion abilities are banned
|rule|Sleep Moves Clause: Sleep-inducing moves are banned
|clearpoke
|poke|p1|Lucario, M|
|poke|p1|Hydreigon, M|
|poke|p1|Dondozo, M|
|poke|p1|Delphox, F|
|poke|p1|Decidueye, M|
|poke|p1|Minior-Orange|
|poke|p2|Ninetales, F|
|poke|p2|Raging Bolt|
|poke|p2|Walking Wake|
|poke|p2|Landorus-Therian, M|
|poke|p2|Venusaur, F|
|poke|p2|Zamazenta-*|
|teampreview
|inactive|Battle timer is ON: inactive players will automatically lose when time's up. (requested by Tom5283)
|
|t:|1758263269
|teamsize|p1|6
|teamsize|p2|6
|start
|switch|p1a: Twilight|Delphox, F, shiny|100/100
|switch|p2a: Ninetales|Ninetales, F, shiny|100/100
|-weather|SunnyDay|[from] ability: Drought|[of] p2a: Ninetales
|turn|1
|
|t:|1758263281
|switch|p2a: Walking Wake|Walking Wake|100/100
|-activate|p2a: Walking Wake|ability: Protosynthesis
|-start|p2a: Walking Wake|protosynthesisspe
|move|p1a: Twilight|Psychic Noise|p2a: Walking Wake
|-damage|p2a: Walking Wake|66/100
|-start|p2a: Walking Wake|move: Heal Block
|-item|p1a: Twilight|Heavy-Duty Boots|[from] ability: Magician|[of] p2a: Walking Wake
|
|-weather|SunnyDay|[upkeep]
|upkeep
|turn|2
|inactive|Tom5283 has 120 seconds left.
|
|t:|1758263316
|-terastallize|p1a: Twilight|Grass
|move|p2a: Walking Wake|Hydro Steam|p1a: Twilight
|-resisted|p1a: Twilight
|-damage|p1a: Twilight|78/100
|move|p1a: Twilight|Encore|p2a: Walking Wake
|-start|p2a: Walking Wake|Encore
|
|-weather|SunnyDay|[upkeep]
|-end|p2a: Walking Wake|move: Heal Block
|upkeep
|turn|3
|inactive|Tom5283 has 120 seconds left.
|
|t:|1758263334
|-end|p2a: Walking Wake|Protosynthesis|[silent]
|switch|p2a: Ninetales|Ninetales, F, shiny|100/100
|move|p1a: Twilight|Psychic Noise|p2a: Ninetales
|-damage|p2a: Ninetales|80/100
|-start|p2a: Ninetales|move: Heal Block
|
|-weather|SunnyDay|[upkeep]
|upkeep
|turn|4
|inactive|Tom5283 has 120 seconds left.
|
|t:|1758263355
|switch|p1a: Ghidorah|Hydreigon, M|100/100
|move|p2a: Ninetales|Weather Ball|p1a: Ghidorah
|-resisted|p1a: Ghidorah
|-damage|p1a: Ghidorah|80/100
|
|-weather|SunnyDay|[upkeep]
|-end|p2a: Ninetales|move: Heal Block
|upkeep
|turn|5
|
|t:|1758263376
|switch|p2a: Zamazenta|Zamazenta, shiny|100/100
|-ability|p2a: Zamazenta|Dauntless Shield|boost
|-boost|p2a: Zamazenta|def|1
|move|p1a: Ghidorah|Dragon Pulse|p2a: Zamazenta
|-damage|p2a: Zamazenta|58/100
|
|-weather|SunnyDay|[upkeep]
|-heal|p2a: Zamazenta|64/100|[from] item: Leftovers
|upkeep
|turn|6
|
|t:|1758263390
|switch|p1a: Namazu|Dondozo, M|100/100
|move|p2a: Zamazenta|Close Combat|p1a: Namazu
|-damage|p1a: Namazu|68/100
|-unboost|p2a: Zamazenta|def|1
|-unboost|p2a: Zamazenta|spd|1
|-damage|p2a: Zamazenta|47/100|[from] item: Rocky Helmet|[of] p1a: Namazu
|
|-weather|SunnyDay|[upkeep]
|-heal|p2a: Zamazenta|54/100|[from] item: Leftovers
|upkeep
|turn|7
|
|t:|1758263405
|switch|p2a: Raging Bolt|Raging Bolt|100/100
|-activate|p2a: Raging Bolt|ability: Protosynthesis
|-start|p2a: Raging Bolt|protosynthesisspa
|move|p1a: Namazu|Rest|p1a: Namazu
|-status|p1a: Namazu|slp|[from] move: Rest
|-heal|p1a: Namazu|100/100 slp|[silent]
|
|-weather|SunnyDay|[upkeep]
|upkeep
|turn|8
|
|t:|1758263427
|switch|p1a: Robin Hood|Decidueye, M|100/100
|move|p2a: Raging Bolt|Solar Beam||[still]
|-prepare|p2a: Raging Bolt|Solar Beam
|-anim|p2a: Raging Bolt|Solar Beam|p1a: Robin Hood
|-resisted|p1a: Robin Hood
|-damage|p1a: Robin Hood|75/100
|
|-weather|none
|-end|p2a: Raging Bolt|Protosynthesis
|-heal|p1a: Robin Hood|81/100|[from] item: Leftovers
|upkeep
|turn|9
|
|t:|1758263441
|-end|p2a: Raging Bolt|Protosynthesis|[silent]
|switch|p2a: Ninetales|Ninetales, F, shiny|80/100
|-weather|SunnyDay|[from] ability: Drought|[of] p2a: Ninetales
|move|p1a: Robin Hood|Giga Drain|p2a: Ninetales
|-resisted|p2a: Ninetales
|-damage|p2a: Ninetales|70/100
|-heal|p1a: Robin Hood|86/100|[from] drain|[of] p2a: Ninetales
|
|-weather|SunnyDay|[upkeep]
|-heal|p1a: Robin Hood|92/100|[from] item: Leftovers
|upkeep
|turn|10
|inactive|Tom5283 has 90 seconds left.
|
|t:|1758263464
|switch|p1a: Namazu|Dondozo, M|100/100 slp
|move|p2a: Ninetales|Weather Ball|p1a: Namazu
|-resisted|p1a: Namazu
|-damage|p1a: Namazu|79/100 slp
|
|-weather|SunnyDay|[upkeep]
|upkeep
|turn|11
|inactive|Tom5283 has 90 seconds left.
|
|t:|1758263473
|switch|p2a: Raging Bolt|Raging Bolt|100/100
|-activate|p2a: Raging Bolt|ability: Protosynthesis
|-start|p2a: Raging Bolt|protosynthesisspa
|cant|p1a: Namazu|slp
|move|p1a: Namazu|Sleep Talk|p1a: Namazu
|move|p1a: Namazu|Earthquake|p2a: Raging Bolt|[from] move: Sleep Talk
|-supereffective|p2a: Raging Bolt
|-damage|p2a: Raging Bolt|53/100
|
|-weather|SunnyDay|[upkeep]
|upkeep
|turn|12
|inactive|Tom5283 has 90 seconds left.
|
|t:|1758263488
|switch|p1a: Robin Hood|Decidueye, M|92/100
|move|p2a: Raging Bolt|Solar Beam||[still]
|-prepare|p2a: Raging Bolt|Solar Beam
|-anim|p2a: Raging Bolt|Solar Beam|p1a: Robin Hood
|-resisted|p1a: Robin Hood
|-damage|p1a: Robin Hood|65/100
|
|-weather|SunnyDay|[upkeep]
|-heal|p1a: Robin Hood|71/100|[from] item: Leftovers
|upkeep
|turn|13
|inactive|Tom5283 has 90 seconds left.
|
|t:|1758263502
|move|p2a: Raging Bolt|Weather Ball|p1a: Robin Hood
|-supereffective|p1a: Robin Hood
|-damage|p1a: Robin Hood|0 fnt
|faint|p1a: Robin Hood
|
|-weather|SunnyDay|[upkeep]
|upkeep
|
|t:|1758263521
|switch|p1a: Ghidorah|Hydreigon, M|80/100
|turn|14
|
|t:|1758263531
|-terastallize|p2a: Raging Bolt|Grass
|move|p1a: Ghidorah|Dragon Pulse|p2a: Raging Bolt
|-damage|p2a: Raging Bolt|27/100
|move|p2a: Raging Bolt|Draco Meteor|p1a: Ghidorah|[miss]
|-miss|p2a: Raging Bolt|p1a: Ghidorah
|
|-weather|SunnyDay|[upkeep]
|upkeep
|turn|15
|inactive|Tom5283 has 90 seconds left.
|
|t:|1758263541
|move|p1a: Ghidorah|Flamethrower|p2a: Raging Bolt
|-supereffective|p2a: Raging Bolt
|-damage|p2a: Raging Bolt|0 fnt
|faint|p2a: Raging Bolt
|-end|p2a: Raging Bolt|Protosynthesis|[silent]
|
|-weather|SunnyDay|[upkeep]
|upkeep
|
|t:|1758263567
|switch|p2a: Landorus|Landorus-Therian, M, shiny|100/100
|-ability|p2a: Landorus|Intimidate|boost
|-unboost|p1a: Ghidorah|atk|1
|turn|16
|
|t:|1758263575
|move|p2a: Landorus|U-turn|p1a: Ghidorah
|-supereffective|p1a: Ghidorah
|-damage|p1a: Ghidorah|25/100
|
|t:|1758263584
|switch|p2a: Venusaur|Venusaur, F, shiny|100/100|[from] U-turn
|move|p1a: Ghidorah|Dark Pulse|p2a: Venusaur
|-damage|p2a: Venusaur|51/100
|
|-weather|none
|upkeep
|turn|17
|
|t:|1758263597
|switch|p2a: Landorus|Landorus-Therian, M, shiny|100/100
|-ability|p2a: Landorus|Intimidate|boost
|-unboost|p1a: Ghidorah|atk|1
|move|p1a: Ghidorah|Flamethrower|p2a: Landorus
|-damage|p2a: Landorus|56/100
|
|upkeep
|turn|18
|
|t:|1758263612
|switch|p1a: Namazu|Dondozo, M|79/100 slp
|move|p2a: Landorus|U-turn|p1a: Namazu
|-damage|p1a: Namazu|65/100 slp
|-damage|p2a: Landorus|39/100|[from] item: Rocky Helmet|[of] p1a: Namazu
|
|t:|1758263618
|switch|p2a: Venusaur|Venusaur, F, shiny|51/100|[from] U-turn
|
|upkeep
|turn|19
|inactive|Tom5283 has 120 seconds left.
|
|t:|1758263633
|switch|p1a: Twilight|Delphox, F, shiny, tera:Grass|78/100
|move|p2a: Venusaur|Giga Drain|p1a: Twilight
|-resisted|p1a: Twilight
|-damage|p1a: Twilight|63/100
|-heal|p2a: Venusaur|60/100|[from] drain|[of] p1a: Twilight
|-damage|p2a: Venusaur|50/100|[from] item: Life Orb
|
|upkeep
|turn|20
|inactive|Tom5283 has 120 seconds left.
|
|t:|1758263643
|switch|p2a: Ninetales|Ninetales, F, shiny|70/100
|-weather|SunnyDay|[from] ability: Drought|[of] p2a: Ninetales
|move|p1a: Twilight|Psychic Noise|p2a: Ninetales
|-damage|p2a: Ninetales|51/100
|-start|p2a: Ninetales|move: Heal Block
|
|-weather|SunnyDay|[upkeep]
|upkeep
|turn|21
|inactive|Tom5283 has 120 seconds left.
|
|t:|1758263662
|switch|p2a: Venusaur|Venusaur, F, shiny|50/100
|move|p1a: Twilight|Wish|p1a: Twilight
|
|-weather|SunnyDay|[upkeep]
|upkeep
|turn|22
|
|t:|1758263671
|switch|p1a: Ghidorah|Hydreigon, M|25/100
|move|p2a: Venusaur|Sludge Bomb|p1a: Ghidorah
|-damage|p1a: Ghidorah|0 fnt
|faint|p1a: Ghidorah
|-damage|p2a: Venusaur|40/100|[from] item: Life Orb
|
|-weather|SunnyDay|[upkeep]
|upkeep
|
|t:|1758263687
|switch|p1a: Twilight|Delphox, F, shiny, tera:Grass|63/100
|turn|23
|
|t:|1758263691
|move|p2a: Venusaur|Sludge Bomb|p1a: Twilight
|-supereffective|p1a: Twilight
|-damage|p1a: Twilight|0 fnt
|faint|p1a: Twilight
|-damage|p2a: Venusaur|30/100|[from] item: Life Orb
|
|-weather|SunnyDay|[upkeep]
|upkeep
|
|t:|1758263705
|switch|p1a: David|Lucario, M|100/100
|turn|24
|
|t:|1758263712
|move|p2a: Venusaur|Weather Ball|p1a: David
|-supereffective|p1a: David
|-enditem|p1a: David|Focus Sash
|-damage|p1a: David|1/100
|-damage|p2a: Venusaur|20/100|[from] item: Life Orb
|move|p1a: David|Meteor Mash|p2a: Venusaur
|-damage|p2a: Venusaur|0 fnt
|faint|p2a: Venusaur
|
|-weather|SunnyDay|[upkeep]
|upkeep
|
|t:|1758263734
|switch|p2a: Landorus|Landorus-Therian, M, shiny|39/100
|-ability|p2a: Landorus|Intimidate|boost
|-fail|p1a: David|unboost|Attack|[from] ability: Inner Focus|[of] p1a: David
|turn|25
|
|t:|1758263744
|move|p1a: David|Extreme Speed|p2a: Landorus
|-damage|p2a: Landorus|8/100
|-damage|p1a: David|0 fnt|[from] item: Rocky Helmet|[of] p2a: Landorus
|faint|p1a: David
|move|p2a: Landorus|U-turn|p1: David|[notarget]
|-fail|p2a: Landorus
|
|-weather|SunnyDay|[upkeep]
|upkeep
|
|t:|1758263754
|switch|p1a: Namazu|Dondozo, M|65/100 slp
|turn|26
|
|t:|1758263767
|move|p2a: Landorus|Taunt|p1a: Namazu
|-start|p1a: Namazu|move: Taunt
|cant|p1a: Namazu|slp
|cant|p1a: Namazu|move: Taunt|Sleep Talk
|
|-weather|SunnyDay|[upkeep]
|upkeep
|turn|27
|
|t:|1758263782
|move|p2a: Landorus|Earthquake|p1a: Namazu
|-damage|p1a: Namazu|38/100 slp
|-curestatus|p1a: Namazu|slp|[msg]
|move|p1a: Namazu|Avalanche|p2a: Landorus
|-supereffective|p2a: Landorus
|-damage|p2a: Landorus|0 fnt
|-damage|p1a: Namazu|21/100|[from] item: Rocky Helmet|[of] p2a: Landorus
|faint|p2a: Landorus
|
|-weather|none
|upkeep
|
|t:|1758263798
|switch|p2a: Walking Wake|Walking Wake|66/100
|turn|28
|
|t:|1758263803
|move|p2a: Walking Wake|Draco Meteor|p1a: Namazu
|-damage|p1a: Namazu|0 fnt
|-unboost|p2a: Walking Wake|spa|2
|faint|p1a: Namazu
|
|upkeep
|
|t:|1758263818
|switch|p1a: Chicxulub|Minior-Orange|100/100
|-formechange|p1a: Chicxulub|Minior-Meteor||[from] ability: Shields Down
|turn|29
|
|t:|1758263834
|move|p2a: Walking Wake|Flip Turn|p1a: Chicxulub
|-supereffective|p1a: Chicxulub
|-damage|p1a: Chicxulub|65/100
|
|t:|1758263838
|-end|p2a: Walking Wake|Protosynthesis|[silent]
|switch|p2a: Ninetales|Ninetales, F, shiny|51/100|[from] Flip Turn
|-weather|SunnyDay|[from] ability: Drought|[of] p2a: Ninetales
|move|p1a: Chicxulub|Substitute|p1a: Chicxulub
|-start|p1a: Chicxulub|Substitute
|-damage|p1a: Chicxulub|40/100
|-enditem|p1a: Chicxulub|Sitrus Berry|[eat]
|-heal|p1a: Chicxulub|65/100|[from] item: Sitrus Berry
|
|-weather|SunnyDay|[upkeep]
|upkeep
|turn|30
|
|t:|1758263855
|switch|p2a: Walking Wake|Walking Wake|66/100
|-activate|p2a: Walking Wake|ability: Protosynthesis
|-start|p2a: Walking Wake|protosynthesisspe
|move|p1a: Chicxulub|Shell Smash|p1a: Chicxulub
|-unboost|p1a: Chicxulub|def|1
|-unboost|p1a: Chicxulub|spd|1
|-boost|p1a: Chicxulub|atk|2
|-boost|p1a: Chicxulub|spa|2
|-boost|p1a: Chicxulub|spe|2
|
|-weather|SunnyDay|[upkeep]
|upkeep
|turn|31
|
|t:|1758263868
|move|p2a: Walking Wake|Hydro Steam|p1a: Chicxulub
|-supereffective|p1a: Chicxulub
|-end|p1a: Chicxulub|Substitute
|move|p1a: Chicxulub|Rock Slide|p2a: Walking Wake
|-damage|p2a: Walking Wake|25/100
|
|-weather|SunnyDay|[upkeep]
|upkeep
|turn|32
|
|t:|1758263878
|move|p2a: Walking Wake|Hydro Steam|p1a: Chicxulub
|-supereffective|p1a: Chicxulub
|-damage|p1a: Chicxulub|0 fnt
|faint|p1a: Chicxulub
|
|win|Elianec
|raw|Tom5283's rating: 1151 &rarr; <strong>1130</strong><br />(-21 for losing)
|raw|Elianec's rating: 1211 &rarr; <strong>1232</strong><br />(+21 for winning)
|l|☆Elianec
|player|p2|
|c|☆Tom5283|Ggs
|l|☆Tom5283
|player|p1|
