|j|☆Purplerangerrokn
|j|☆eaveneaveneaven
|t:|1758355458
|gametype|singles
|player|p1|Purplerangerrokn|cyrus|1264
|player|p2|eaveneaveneaven|mars|1218
|gen|9
|tier|[Gen 9] OU
|rated|
|rule|HP Percentage Mod: HP is shown in percentages
|rule|Endless Battle Clause: Forcing endless battles is banned
|rule|Species Clause: Limit one of each Pokémon
|rule|OHKO Clause: OHKO moves are banned
|rule|Evasion Items Clause: Evasion items are banned
|rule|Evasion Moves Clause: Evasion moves are banned
|rule|Evasion Abilities Clause: Evasion abilities are banned
|rule|Sleep Moves Clause: Sleep-inducing moves are banned
|clearpoke
|poke|p1|Weavile, F|
|poke|p1|Corviknight, F|
|poke|p1|Gallade, M|
|poke|p1|Suicune|
|poke|p1|Skeledirge, F|
|poke|p1|Great Tusk|
|poke|p2|Samurott-Hisui, F|
|poke|p2|Primeape, F|
|poke|p2|Scizor, F|
|poke|p2|Cresselia, F|
|poke|p2|Garchomp, M|
|poke|p2|Corviknight, F|
|teampreview
|inactive|Battle timer is ON: inactive players will automatically lose when time's up. (requested by Purplerangerrokn)
|
|t:|1758355475
|teamsize|p1|6
|teamsize|p2|6
|start
|switch|p1a: Weavile|Weavile, F|100/100
|switch|p2a: Samurott|Samurott-Hisui, F, shiny|100/100
|-ability|p1a: Weavile|Pressure
|turn|1
|
|t:|1758355487
|move|p1a: Weavile|Fake Out|p2a: Samurott
|-damage|p2a: Samurott|83/100
|cant|p2a: Samurott|flinch
|
|upkeep
|turn|2
|
|t:|1758355495
|switch|p1a: Great Tusk|Great Tusk|100/100
|-enditem|p1a: Great Tusk|Booster Energy
|-activate|p1a: Great Tusk|ability: Protosynthesis|[fromitem]
|-start|p1a: Great Tusk|protosynthesisatk
|move|p2a: Samurott|Razor Shell|p1a: Great Tusk
|-supereffective|p1a: Great Tusk
|-damage|p1a: Great Tusk|12/100
|-unboost|p1a: Great Tusk|def|1
|
|upkeep
|turn|3
|
|t:|1758355506
|move|p2a: Samurott|Razor Shell|p1a: Great Tusk
|-supereffective|p1a: Great Tusk
|-damage|p1a: Great Tusk|0 fnt
|faint|p1a: Great Tusk
|-end|p1a: Great Tusk|Protosynthesis|[silent]
|
|upkeep
|
|t:|1758355509
|switch|p1a: Gallade|Gallade, M|100/100
|turn|4
|
|t:|1758355527
|switch|p2a: Garchomp|Garchomp, M|100/100
|move|p1a: Gallade|Sacred Sword|p2a: Garchomp
|-damage|p2a: Garchomp|45/100
|-damage|p1a: Gallade|88/100|[from] ability: Rough Skin|[of] p2a: Garchomp
|-damage|p1a: Gallade|72/100|[from] item: Rocky Helmet|[of] p2a: Garchomp
|
|upkeep
|turn|5
|
|t:|1758355545
|switch|p1a: Corviknight|Corviknight, F|100/100
|move|p2a: Garchomp|Stealth Rock|p1a: Corviknight
|-sidestart|p1: Purplerangerrokn|move: Stealth Rock
|
|upkeep
|turn|6
|
|t:|1758355551
|move|p1a: Corviknight|Defog|p2a: Garchomp
|-unboost|p2a: Garchomp|evasion|1
|-sideend|p1: Purplerangerrokn|Stealth Rock|[from] move: Defog|[of] p1a: Corviknight
|move|p2a: Garchomp|Dragon Tail|p1a: Corviknight|[miss]
|-miss|p2a: Garchomp|p1a: Corviknight
|
|upkeep
|turn|7
|
|t:|1758355556
|move|p2a: Garchomp|Stealth Rock|p1a: Corviknight
|-sidestart|p1: Purplerangerrokn|move: Stealth Rock
|move|p1a: Corviknight|Brave Bird|p2a: Garchomp
|-damage|p2a: Garchomp|16/100
|-damage|p1a: Corviknight|88/100|[from] ability: Rough Skin|[of] p2a: Garchomp
|-damage|p1a: Corviknight|71/100|[from] item: Rocky Helmet|[of] p2a: Garchomp
|-damage|p1a: Corviknight|61/100|[from] Recoil
|
|-heal|p1a: Corviknight|68/100|[from] item: Leftovers
|upkeep
|turn|8
|
|t:|1758355562
|move|p1a: Corviknight|Defog|p2a: Garchomp
|-unboost|p2a: Garchomp|evasion|1
|-sideend|p1: Purplerangerrokn|Stealth Rock|[from] move: Defog|[of] p1a: Corviknight
|move|p2a: Garchomp|Dragon Tail|p1a: Corviknight
|-resisted|p1a: Corviknight
|-damage|p1a: Corviknight|54/100
|drag|p1a: Suicune|Suicune|100/100
|-ability|p1a: Suicune|Pressure
|
|upkeep
|turn|9
|
|t:|1758355574
|move|p2a: Garchomp|Outrage|p1a: Suicune
|-damage|p1a: Suicune|52/100
|move|p1a: Suicune|Ice Beam|p2a: Garchomp
|-supereffective|p2a: Garchomp
|-damage|p2a: Garchomp|0 fnt
|faint|p2a: Garchomp
|
|-heal|p1a: Suicune|58/100|[from] item: Leftovers
|upkeep
|inactive|eaveneaveneaven has 120 seconds left.
|
|t:|1758355614
|switch|p2a: Samurott|Samurott-Hisui, F, shiny|83/100
|turn|10
|
|t:|1758355618
|move|p2a: Samurott|Ceaseless Edge|p1a: Suicune
|-damage|p1a: Suicune|8/100
|-sidestart|p1: Purplerangerrokn|Spikes
|move|p1a: Suicune|Scald|p2a: Samurott
|-resisted|p2a: Samurott
|-damage|p2a: Samurott|55/100
|
|-heal|p1a: Suicune|15/100|[from] item: Leftovers
|upkeep
|turn|11
|
|t:|1758355627
|move|p2a: Samurott|Ceaseless Edge|p1a: Suicune
|-damage|p1a: Suicune|0 fnt
|-sidestart|p1: Purplerangerrokn|Spikes
|faint|p1a: Suicune
|
|upkeep
|
|t:|1758355630
|switch|p1a: Corviknight|Corviknight, F|54/100
|turn|12
|
|t:|1758355634
|move|p2a: Samurott|Ceaseless Edge|p1a: Corviknight
|-damage|p1a: Corviknight|3/100
|-sidestart|p1: Purplerangerrokn|Spikes
|move|p1a: Corviknight|Defog|p2a: Samurott
|-unboost|p2a: Samurott|evasion|1
|-sideend|p1: Purplerangerrokn|Spikes|[from] move: Defog|[of] p1a: Corviknight
|
|-heal|p1a: Corviknight|9/100|[from] item: Leftovers
|upkeep
|turn|13
|
|t:|1758355644
|move|p2a: Samurott|Ceaseless Edge|p1a: Corviknight
|-damage|p1a: Corviknight|0 fnt
|-sidestart|p1: Purplerangerrokn|Spikes
|faint|p1a: Corviknight
|
|upkeep
|
|t:|1758355651
|switch|p1a: Weavile|Weavile, F|100/100
|-damage|p1a: Weavile|88/100|[from] Spikes
|-ability|p1a: Weavile|Pressure
|turn|14
|
|t:|1758355658
|switch|p2a: Scizor|Scizor, F|100/100
|move|p1a: Weavile|Fake Out|p2a: Scizor
|-resisted|p2a: Scizor
|-damage|p2a: Scizor|94/100
|
|upkeep
|turn|15
|
|t:|1758355668
|switch|p1a: Skeledirge|Skeledirge, F, shiny|100/100
|-damage|p1a: Skeledirge|88/100|[from] Spikes
|move|p2a: Scizor|Bullet Punch|p1a: Skeledirge
|-resisted|p1a: Skeledirge
|-damage|p1a: Skeledirge|73/100
|
|-heal|p1a: Skeledirge|79/100|[from] item: Leftovers
|upkeep
|turn|16
|
|t:|1758355672
|move|p1a: Skeledirge|Will-O-Wisp|p2a: Scizor
|-status|p2a: Scizor|brn
|move|p2a: Scizor|Knock Off|p1a: Skeledirge
|-supereffective|p1a: Skeledirge
|-damage|p1a: Skeledirge|49/100
|-enditem|p1a: Skeledirge|Leftovers|[from] move: Knock Off|[of] p2a: Scizor
|
|-damage|p2a: Scizor|87/100 brn|[from] brn
|upkeep
|turn|17
|
|t:|1758355691
|switch|p2a: Samurott|Samurott-Hisui, F, shiny|55/100
|move|p1a: Skeledirge|Slack Off|p1a: Skeledirge
|-heal|p1a: Skeledirge|99/100
|
|upkeep
|turn|18
|
|t:|1758355707
|-terastallize|p1a: Skeledirge|Fairy
|move|p2a: Samurott|Razor Shell|p1a: Skeledirge
|-damage|p1a: Skeledirge|31/100
|-unboost|p1a: Skeledirge|def|1
|move|p1a: Skeledirge|Will-O-Wisp|p2a: Samurott
|-status|p2a: Samurott|brn
|
|-damage|p2a: Samurott|48/100 brn|[from] brn
|upkeep
|turn|19
|c|☆Purplerangerrokn|Baka
|c|☆eaveneaveneaven|yes you are
|inactive|eaveneaveneaven has 120 seconds left.
|
|t:|1758355729
|switch|p1a: Gallade|Gallade, M|72/100
|move|p2a: Samurott|Razor Shell|p1a: Gallade
|-damage|p1a: Gallade|19/100
|
|-damage|p2a: Samurott|42/100 brn|[from] brn
|upkeep
|turn|20
|
|t:|1758355741
|move|p2a: Samurott|Razor Shell|p1a: Gallade
|-damage|p1a: Gallade|0 fnt
|faint|p1a: Gallade
|
|-damage|p2a: Samurott|36/100 brn|[from] brn
|upkeep
|c|☆Purplerangerrokn|Ha
|
|t:|1758355757
|switch|p1a: Weavile|Weavile, F|88/100
|-damage|p1a: Weavile|76/100|[from] Spikes
|-ability|p1a: Weavile|Pressure
|turn|21
|
|t:|1758355768
|switch|p2a: Corviknight|Corviknight, F|100/100
|-ability|p2a: Corviknight|Pressure
|move|p1a: Weavile|Knock Off|p2a: Corviknight
|-crit|p2a: Corviknight
|-damage|p2a: Corviknight|57/100
|-enditem|p2a: Corviknight|Custap Berry|[from] move: Knock Off|[of] p1a: Weavile
|
|upkeep
|turn|22
|c|☆Purplerangerrokn|You are the real baka
|
|t:|1758355787
|move|p1a: Weavile|Triple Axel|p2a: Corviknight
|-damage|p2a: Corviknight|50/100
|-damage|p2a: Corviknight|38/100
|-damage|p2a: Corviknight|19/100
|-hitcount|p2a: Corviknight|3
|move|p2a: Corviknight|U-turn|p1a: Weavile
|-supereffective|p1a: Weavile
|-damage|p1a: Weavile|29/100
|
|t:|1758355817
|switch|p2a: Scizor|Scizor, F|87/100 brn|[from] U-turn
|
|-damage|p2a: Scizor|81/100 brn|[from] brn
|upkeep
|turn|23
|inactive|eaveneaveneaven has 120 seconds left.
|
|t:|1758355834
|move|p1a: Weavile|Knock Off|p2a: Scizor
|-damage|p2a: Scizor|36/100 brn
|-enditem|p2a: Scizor|Sitrus Berry|[from] move: Knock Off|[of] p1a: Weavile
|move|p2a: Scizor|Swords Dance|p2a: Scizor
|-boost|p2a: Scizor|atk|2
|
|-damage|p2a: Scizor|30/100 brn|[from] brn
|upkeep
|turn|24
|
|t:|1758355841
|move|p1a: Weavile|Ice Shard|p2a: Scizor
|-resisted|p2a: Scizor
|-damage|p2a: Scizor|20/100 brn
|move|p2a: Scizor|Bullet Punch|p1a: Weavile
|-supereffective|p1a: Weavile
|-damage|p1a: Weavile|0 fnt
|faint|p1a: Weavile
|
|-damage|p2a: Scizor|14/100 brn|[from] brn
|upkeep
|
|t:|1758355847
|switch|p1a: Skeledirge|Skeledirge, F, shiny, tera:Fairy|31/100
|-damage|p1a: Skeledirge|18/100|[from] Spikes
|turn|25
|
|t:|1758355852
|move|p2a: Scizor|Bullet Punch|p1a: Skeledirge
|-supereffective|p1a: Skeledirge
|-damage|p1a: Skeledirge|0 fnt
|faint|p1a: Skeledirge
|
|win|eaveneaveneaven
|raw|Purplerangerrokn's rating: 1264 &rarr; <strong>1236</strong><br />(-28 for losing)
|raw|eaveneaveneaven's rating: 1218 &rarr; <strong>1246</strong><br />(+28 for winning)
|c|☆eaveneaveneaven|gg
|c|☆Purplerangerrokn|Gg
|l|☆Purplerangerrokn
|player|p1|
|l|☆eaveneaveneaven
|player|p2|
