|j|☆Amigo26
|j|☆anamchara
|t:|1758274225
|gametype|singles
|player|p1|Amigo26|nate|1588
|player|p2|anamchara|2|1638
|gen|9
|tier|[Gen 9] OU
|rated|
|rule|HP Percentage Mod: HP is shown in percentages
|rule|Endless Battle Clause: Forcing endless battles is banned
|rule|Species Clause: Limit one of each Pokémon
|rule|OHKO Clause: OHKO moves are banned
|rule|Evasion Items Clause: Evasion items are banned
|rule|Evasion Moves Clause: Evasion moves are banned
|rule|Evasion Abilities Clause: Evasion abilities are banned
|rule|Sleep Moves Clause: Sleep-inducing moves are banned
|clearpoke
|poke|p1|Kyurem|
|poke|p1|Araquanid, F|
|poke|p1|Hatterene, F|
|poke|p1|Ceruledge, F|
|poke|p1|Great Tusk|
|poke|p1|Iron Crown|
|poke|p2|Slowking-Galar, F|
|poke|p2|Meowscarada, F|
|poke|p2|Iron Valiant|
|poke|p2|Ogerpon-Wellspring, F|
|poke|p2|Glimmora, F|
|poke|p2|Samurott-Hisui, M|
|teampreview
|inactive|Battle timer is ON: inactive players will automatically lose when time's up. (requested by Amigo26)
|
|t:|1758274234
|teamsize|p1|6
|teamsize|p2|6
|start
|switch|p1a: Great Tusk|Great Tusk|100/100
|switch|p2a: Meowscarada|Meowscarada, F|100/100
|-enditem|p1a: Great Tusk|Booster Energy
|-activate|p1a: Great Tusk|ability: Protosynthesis|[fromitem]
|-start|p1a: Great Tusk|protosynthesisspe
|turn|1
|
|t:|1758274242
|move|p2a: Meowscarada|U-turn|p1a: Great Tusk
|-start|p2a: Meowscarada|typechange|Bug|[from] ability: Protean
|-resisted|p1a: Great Tusk
|-damage|p1a: Great Tusk|89/100
|
|t:|1758274245
|switch|p2a: Ogerpon|Ogerpon-Wellspring, F|100/100|[from] U-turn
|move|p1a: Great Tusk|Bulk Up|p1a: Great Tusk
|-boost|p1a: Great Tusk|atk|1
|-boost|p1a: Great Tusk|def|1
|
|upkeep
|turn|2
|
|t:|1758274250
|move|p1a: Great Tusk|Rapid Spin|p2a: Ogerpon
|-damage|p2a: Ogerpon|73/100
|-boost|p1a: Great Tusk|spe|1
|move|p2a: Ogerpon|Trailblaze|p1a: Great Tusk
|-supereffective|p1a: Great Tusk
|-damage|p1a: Great Tusk|63/100
|-boost|p2a: Ogerpon|spe|1
|
|upkeep
|turn|3
|inactive|anamchara has 120 seconds left.
|inactive|anamchara has 90 seconds left.
|
|t:|1758274312
|-terastallize|p2a: Ogerpon|Water
|detailschange|p2a: Ogerpon|Ogerpon-Wellspring-Tera, F, tera:Water
|-ability|p2a: Ogerpon|Embody Aspect (Wellspring)|boost
|-boost|p2a: Ogerpon|spd|1
|move|p1a: Great Tusk|Ice Spinner|p2a: Ogerpon
|-resisted|p2a: Ogerpon
|-damage|p2a: Ogerpon|51/100
|move|p2a: Ogerpon|Ivy Cudgel|p1a: Great Tusk|[anim] Ivy Cudgel Water
|-supereffective|p1a: Great Tusk
|-damage|p1a: Great Tusk|0 fnt
|faint|p1a: Great Tusk
|-end|p1a: Great Tusk|Protosynthesis|[silent]
|
|upkeep
|
|t:|1758274323
|switch|p1a: Araquanid|Araquanid, F|100/100
|turn|4
|
|t:|1758274333
|move|p2a: Ogerpon|Horn Leech|p1a: Araquanid
|-damage|p1a: Araquanid|47/100
|-heal|p2a: Ogerpon|82/100|[from] drain|[of] p1a: Araquanid
|move|p1a: Araquanid|Sticky Web|p2a: Ogerpon
|-sidestart|p2: anamchara|move: Sticky Web
|
|upkeep
|turn|5
|
|t:|1758274336
|move|p1a: Araquanid|Endure|p1a: Araquanid
|-singleturn|p1a: Araquanid|move: Endure
|move|p2a: Ogerpon|Horn Leech|p1a: Araquanid
|-activate|p1a: Araquanid|move: Endure
|-damage|p1a: Araquanid|1/100
|-heal|p2a: Ogerpon|100/100|[from] drain|[of] p1a: Araquanid
|
|upkeep
|turn|6
|inactive|anamchara has 90 seconds left.
|-enditem|p1a: Araquanid|Custap Berry|[eat]
|-activate|p1a: Araquanid|item: Custap Berry|[consumed]
|
|t:|1758274372
|move|p1a: Araquanid|Endeavor|p2a: Ogerpon
|-damage|p2a: Ogerpon|1/100
|move|p2a: Ogerpon|Trailblaze|p1a: Araquanid
|-damage|p1a: Araquanid|0 fnt
|-boost|p2a: Ogerpon|spe|1
|faint|p1a: Araquanid
|
|upkeep
|
|t:|1758274375
|switch|p1a: Ceruledge|Ceruledge, F|100/100
|turn|7
|
|t:|1758274381
|switch|p2a: Glimmora|Glimmora, F|100/100
|-activate|p2a: Glimmora|move: Sticky Web
|-unboost|p2a: Glimmora|spe|1
|move|p1a: Ceruledge|Shadow Sneak|p2a: Glimmora
|-damage|p2a: Glimmora|75/100
|-activate|p2a: Glimmora|ability: Toxic Debris
|-sidestart|p1: Amigo26|move: Toxic Spikes
|
|upkeep
|turn|8
|
|t:|1758274385
|switch|p1a: Iron Crown|Iron Crown|100/100
|move|p2a: Glimmora|Power Gem|p1a: Iron Crown
|-resisted|p1a: Iron Crown
|-damage|p1a: Iron Crown|74/100
|-damage|p2a: Glimmora|65/100|[from] item: Life Orb
|
|upkeep
|turn|9
|
|t:|1758274395
|switch|p2a: Samurott|Samurott-Hisui, M|100/100
|-activate|p2a: Samurott|move: Sticky Web
|-unboost|p2a: Samurott|spe|1
|move|p1a: Iron Crown|Tachyon Cutter|p2a: Samurott
|-resisted|p2a: Samurott
|-damage|p2a: Samurott|88/100
|-resisted|p2a: Samurott
|-damage|p2a: Samurott|76/100
|-hitcount|p2a: Samurott|2
|
|upkeep
|turn|10
|inactive|Amigo26 has 120 seconds left.
|
|t:|1758274438
|-end|p1a: Iron Crown|Quark Drive|[silent]
|switch|p1a: Hatterene|Hatterene, F|100/100
|-status|p1a: Hatterene|psn
|move|p2a: Samurott|Ceaseless Edge|p1a: Hatterene
|-damage|p1a: Hatterene|42/100 psn
|-sidestart|p1: Amigo26|Spikes
|
|-damage|p1a: Hatterene|30/100 psn|[from] psn
|upkeep
|turn|11
|inactive|anamchara has 120 seconds left.
|
|t:|1758274458
|move|p2a: Samurott|Ceaseless Edge|p1a: Hatterene
|-damage|p1a: Hatterene|0 fnt
|-sidestart|p1: Amigo26|Spikes
|faint|p1a: Hatterene
|
|upkeep
|
|t:|1758274460
|switch|p1a: Kyurem|Kyurem|100/100
|-status|p1a: Kyurem|psn
|-damage|p1a: Kyurem|84/100 psn|[from] Spikes
|-ability|p1a: Kyurem|Pressure
|turn|12
|inactive|anamchara has 120 seconds left.
|
|t:|1758274468
|move|p1a: Kyurem|Freeze-Dry|p2a: Samurott
|-supereffective|p2a: Samurott
|-damage|p2a: Samurott|12/100
|move|p2a: Samurott|Sacred Sword|p1a: Kyurem
|-supereffective|p1a: Kyurem
|-damage|p1a: Kyurem|2/100 psn
|
|-heal|p1a: Kyurem|8/100 psn|[from] item: Leftovers
|-damage|p1a: Kyurem|0 fnt|[from] psn
|faint|p1a: Kyurem
|upkeep
|
|t:|1758274475
|switch|p1a: Iron Crown|Iron Crown|74/100
|-damage|p1a: Iron Crown|57/100|[from] Spikes
|turn|13
|inactive|anamchara has 120 seconds left.
|
|t:|1758274496
|move|p2a: Samurott|Sucker Punch|p1a: Iron Crown
|-supereffective|p1a: Iron Crown
|-damage|p1a: Iron Crown|0 fnt
|faint|p1a: Iron Crown
|-end|p1a: Iron Crown|Quark Drive|[silent]
|
|upkeep
|
|t:|1758274499
|switch|p1a: Ceruledge|Ceruledge, F|100/100
|-status|p1a: Ceruledge|psn
|-damage|p1a: Ceruledge|84/100 psn|[from] Spikes
|turn|14
|
|t:|1758274508
|move|p2a: Samurott|Sucker Punch||[still]
|-fail|p2a: Samurott
|move|p1a: Ceruledge|Swords Dance|p1a: Ceruledge
|-boost|p1a: Ceruledge|atk|2
|
|-damage|p1a: Ceruledge|72/100 psn|[from] psn
|upkeep
|turn|15
|
|t:|1758274511
|move|p1a: Ceruledge|Shadow Sneak|p2a: Samurott
|-resisted|p2a: Samurott
|-damage|p2a: Samurott|0 fnt
|faint|p2a: Samurott
|
|-damage|p1a: Ceruledge|59/100 psn|[from] psn
|upkeep
|
|t:|1758274513
|switch|p2a: Meowscarada|Meowscarada, F|100/100
|-activate|p2a: Meowscarada|move: Sticky Web
|-unboost|p2a: Meowscarada|spe|1
|turn|16
|
|t:|1758274519
|move|p2a: Meowscarada|Knock Off|p1a: Ceruledge
|-start|p2a: Meowscarada|typechange|Dark|[from] ability: Protean
|-supereffective|p1a: Ceruledge
|-damage|p1a: Ceruledge|0 fnt
|-enditem|p1a: Ceruledge|Focus Sash|[from] move: Knock Off|[of] p2a: Meowscarada
|faint|p1a: Ceruledge
|
|win|anamchara
|raw|Amigo26's rating: 1588 &rarr; <strong>1571</strong><br />(-17 for losing)
|raw|anamchara's rating: 1638 &rarr; <strong>1655</strong><br />(+17 for winning)
|l|☆anamchara
|player|p2|
|l|☆Amigo26
|player|p1|
