|j|☆Joeehaan
|j|☆ml vmgol
|t:|1758363633
|gametype|singles
|player|p1|Joeehaan|grimsley|1167
|player|p2|ml vmgol|policeman-gen4|1096
|gen|9
|tier|[Gen 9] OU
|rated|
|rule|HP Percentage Mod: HP is shown in percentages
|rule|Endless Battle Clause: Forcing endless battles is banned
|rule|Species Clause: Limit one of each Pokémon
|rule|OHKO Clause: OHKO moves are banned
|rule|Evasion Items Clause: Evasion items are banned
|rule|Evasion Moves Clause: Evasion moves are banned
|rule|Evasion Abilities Clause: Evasion abilities are banned
|rule|Sleep Moves Clause: Sleep-inducing moves are banned
|clearpoke
|poke|p1|Kleavor, M|
|poke|p1|Araquanid, F|
|poke|p1|Illumise, F|
|poke|p1|Scyther, M|
|poke|p1|Scizor, F|
|poke|p1|Venomoth, M|
|poke|p2|Cramorant, M|
|poke|p2|Excadrill, F|
|poke|p2|Raging Bolt|
|poke|p2|Heatran, F|
|poke|p2|Hydreigon, F|
|poke|p2|Primarina, F|
|teampreview
|inactive|Battle timer is ON: inactive players will automatically lose when time's up. (requested by ml vmgol)
|
|t:|1758363653
|teamsize|p1|6
|teamsize|p2|6
|start
|switch|p1a: Scyther|Scyther, M|100/100
|switch|p2a: Cramorant|Cramorant, M|100/100
|turn|1
|c|☆ml vmgol|i think the game bugged
|
|t:|1758363660
|move|p1a: Scyther|Dual Wingbeat|p2a: Cramorant|[miss]
|-miss|p1a: Scyther|p2a: Cramorant
|move|p2a: Cramorant|Hurricane|p1a: Scyther
|-supereffective|p1a: Scyther
|-damage|p1a: Scyther|0 fnt
|faint|p1a: Scyther
|
|upkeep
|c|☆Joeehaan|lol
|
|t:|1758363667
|switch|p1a: Kleavor|Kleavor, M|100/100
|turn|2
|
|t:|1758363670
|move|p1a: Kleavor|Stone Axe|p2a: Cramorant
|-supereffective|p2a: Cramorant
|-damage|p2a: Cramorant|0 fnt
|-sidestart|p2: ml vmgol|move: Stealth Rock
|faint|p2a: Cramorant
|
|upkeep
|
|t:|1758363684
|switch|p2a: Hydreigon|Hydreigon, F|100/100
|-damage|p2a: Hydreigon|88/100|[from] Stealth Rock
|turn|3
|
|t:|1758363690
|move|p2a: Hydreigon|Dragon Dance|p2a: Hydreigon
|-boost|p2a: Hydreigon|atk|1
|-boost|p2a: Hydreigon|spe|1
|move|p1a: Kleavor|X-Scissor|p2a: Hydreigon
|-supereffective|p2a: Hydreigon
|-damage|p2a: Hydreigon|0 fnt
|faint|p2a: Hydreigon
|
|upkeep
|
|t:|1758363700
|switch|p2a: Heatran|Heatran, F|100/100
|-damage|p2a: Heatran|88/100|[from] Stealth Rock
|-item|p2a: Heatran|Air Balloon
|turn|4
|
|t:|1758363705
|move|p1a: Kleavor|Close Combat|p2a: Heatran
|-supereffective|p2a: Heatran
|-damage|p2a: Heatran|16/100
|-unboost|p1a: Kleavor|def|1
|-unboost|p1a: Kleavor|spd|1
|-enditem|p2a: Heatran|Air Balloon
|move|p2a: Heatran|Magma Storm|p1a: Kleavor
|-damage|p1a: Kleavor|14/100
|-activate|p1a: Kleavor|move: Magma Storm|[of] p2a: Heatran
|
|-damage|p1a: Kleavor|2/100|[from] move: Magma Storm|[partiallytrapped]
|upkeep
|turn|5
|
|t:|1758363717
|move|p1a: Kleavor|Close Combat|p2a: Heatran
|-supereffective|p2a: Heatran
|-damage|p2a: Heatran|0 fnt
|-unboost|p1a: Kleavor|def|1
|-unboost|p1a: Kleavor|spd|1
|faint|p2a: Heatran
|
|-end|p1a: Kleavor|Magma Storm|[partiallytrapped]|[silent]
|upkeep
|
|t:|1758363724
|switch|p2a: Raging Bolt|Raging Bolt|100/100
|-damage|p2a: Raging Bolt|88/100|[from] Stealth Rock
|-enditem|p2a: Raging Bolt|Booster Energy
|-activate|p2a: Raging Bolt|ability: Protosynthesis|[fromitem]
|-start|p2a: Raging Bolt|protosynthesisspa
|turn|6
|
|t:|1758363731
|move|p2a: Raging Bolt|Thunderclap|p1a: Kleavor
|-damage|p1a: Kleavor|0 fnt
|faint|p1a: Kleavor
|
|upkeep
|
|t:|1758363737
|switch|p1a: Venomoth|Venomoth, M|100/100
|turn|7
|
|t:|1758363739
|move|p1a: Venomoth|Quiver Dance|p1a: Venomoth
|-boost|p1a: Venomoth|spa|1
|-boost|p1a: Venomoth|spd|1
|-boost|p1a: Venomoth|spe|1
|move|p2a: Raging Bolt|Discharge|p1a: Venomoth
|-damage|p1a: Venomoth|51/100
|-status|p1a: Venomoth|par
|
|-heal|p1a: Venomoth|57/100 par|[from] item: Black Sludge
|upkeep
|turn|8
|
|t:|1758363748
|move|p2a: Raging Bolt|Discharge|p1a: Venomoth
|-damage|p1a: Venomoth|8/100 par
|move|p1a: Venomoth|Morning Sun|p1a: Venomoth
|-heal|p1a: Venomoth|58/100 par
|
|-heal|p1a: Venomoth|64/100 par|[from] item: Black Sludge
|upkeep
|turn|9
|
|t:|1758363757
|move|p2a: Raging Bolt|Dragon Pulse|p1a: Venomoth
|-damage|p1a: Venomoth|12/100 par
|move|p1a: Venomoth|Bug Buzz|p2a: Raging Bolt
|-damage|p2a: Raging Bolt|49/100
|
|-heal|p1a: Venomoth|18/100 par|[from] item: Black Sludge
|upkeep
|turn|10
|
|t:|1758363767
|move|p2a: Raging Bolt|Discharge|p1a: Venomoth
|-damage|p1a: Venomoth|0 fnt
|faint|p1a: Venomoth
|
|upkeep
|
|t:|1758363774
|switch|p1a: Scizor|Scizor, F|100/100
|turn|11
|
|t:|1758363777
|move|p2a: Raging Bolt|Discharge|p1a: Scizor
|-damage|p1a: Scizor|25/100
|move|p1a: Scizor|U-turn|p2a: Raging Bolt
|-damage|p2a: Raging Bolt|22/100
|
|t:|1758363781
|switch|p1a: Illumise|Illumise, F|100/100|[from] U-turn
|
|upkeep
|turn|12
|
|t:|1758363787
|move|p2a: Raging Bolt|Discharge|p1a: Illumise
|-damage|p1a: Illumise|28/100
|move|p1a: Illumise|U-turn|p2a: Raging Bolt
|-damage|p2a: Raging Bolt|10/100
|
|t:|1758363795
|switch|p1a: Scizor|Scizor, F|25/100|[from] U-turn
|
|-heal|p1a: Scizor|32/100|[from] item: Leftovers
|upkeep
|turn|13
|
|t:|1758363800
|move|p2a: Raging Bolt|Thunderclap|p1a: Scizor
|-damage|p1a: Scizor|0 fnt
|faint|p1a: Scizor
|
|upkeep
|
|t:|1758363804
|switch|p1a: Illumise|Illumise, F|28/100
|turn|14
|
|t:|1758363807
|move|p1a: Illumise|Encore|p2a: Raging Bolt
|-start|p2a: Raging Bolt|Encore
|move|p2a: Raging Bolt|Thunderclap||[still]
|-fail|p2a: Raging Bolt
|
|-heal|p1a: Illumise|34/100|[from] item: Leftovers
|upkeep
|turn|15
|
|t:|1758363814
|move|p2a: Raging Bolt|Thunderclap||[still]
|-fail|p2a: Raging Bolt
|move|p1a: Illumise|Wish|p1a: Illumise
|
|-heal|p1a: Illumise|40/100|[from] item: Leftovers
|upkeep
|turn|16
|
|t:|1758363820
|move|p1a: Illumise|Protect|p1a: Illumise
|-singleturn|p1a: Illumise|Protect
|move|p2a: Raging Bolt|Thunderclap||[still]
|-fail|p2a: Raging Bolt
|
|-heal|p1a: Illumise|90/100|[from] move: Wish|[wisher] Illumise
|-heal|p1a: Illumise|96/100|[from] item: Leftovers
|-end|p2a: Raging Bolt|Encore
|upkeep
|turn|17
|
|t:|1758363828
|move|p1a: Illumise|Encore|p2a: Raging Bolt
|-start|p2a: Raging Bolt|Encore
|move|p2a: Raging Bolt|Thunderclap||[still]
|-fail|p2a: Raging Bolt
|
|-heal|p1a: Illumise|100/100|[from] item: Leftovers
|upkeep
|turn|18
|
|t:|1758363835
|move|p2a: Raging Bolt|Thunderclap|p1a: Illumise
|-damage|p1a: Illumise|40/100
|move|p1a: Illumise|U-turn|p2a: Raging Bolt
|-damage|p2a: Raging Bolt|0 fnt
|faint|p2a: Raging Bolt
|-end|p2a: Raging Bolt|Protosynthesis|[silent]
|
|t:|1758363837
|switch|p1a: Araquanid|Araquanid, F|100/100|[from] U-turn
|
|upkeep
|
|t:|1758363843
|switch|p2a: Primarina|Primarina, F|100/100
|-damage|p2a: Primarina|88/100|[from] Stealth Rock
|turn|19
|
|t:|1758363848
|move|p2a: Primarina|Moonblast|p1a: Araquanid
|-crit|p1a: Araquanid
|-damage|p1a: Araquanid|52/100
|move|p1a: Araquanid|Mirror Coat|p2a: Primarina
|-damage|p2a: Primarina|0 fnt
|faint|p2a: Primarina
|
|upkeep
|
|t:|1758363855
|switch|p2a: Excadrill|Excadrill, F|100/100
|-damage|p2a: Excadrill|97/100|[from] Stealth Rock
|-ability|p2a: Excadrill|Mold Breaker
|-item|p2a: Excadrill|Air Balloon
|turn|20
|
|t:|1758363866
|-terastallize|p2a: Excadrill|Ghost
|-terastallize|p1a: Araquanid|Steel
|move|p2a: Excadrill|Iron Head|p1a: Araquanid
|-resisted|p1a: Araquanid
|-damage|p1a: Araquanid|31/100
|move|p1a: Araquanid|Liquidation|p2a: Excadrill
|-damage|p2a: Excadrill|39/100
|-enditem|p2a: Excadrill|Air Balloon
|
|upkeep
|turn|21
|
|t:|1758363875
|switch|p1a: Illumise|Illumise, F|40/100
|move|p2a: Excadrill|Earthquake|p1a: Illumise
|-resisted|p1a: Illumise
|-damage|p1a: Illumise|18/100
|
|-heal|p1a: Illumise|24/100|[from] item: Leftovers
|upkeep
|turn|22
|
|t:|1758363893
|move|p1a: Illumise|Protect|p1a: Illumise
|-singleturn|p1a: Illumise|Protect
|move|p2a: Excadrill|Iron Head|p1a: Illumise
|-activate|p1a: Illumise|move: Protect
|
|-heal|p1a: Illumise|30/100|[from] item: Leftovers
|upkeep
|turn|23
|
|t:|1758363901
|move|p1a: Illumise|Encore|p2a: Excadrill
|-start|p2a: Excadrill|Encore
|move|p2a: Excadrill|Iron Head|p1a: Illumise
|-damage|p1a: Illumise|0 fnt
|faint|p1a: Illumise
|
|upkeep
|
|t:|1758363905
|switch|p1a: Araquanid|Araquanid, F, tera:Steel|31/100
|turn|24
|
|t:|1758363909
|move|p2a: Excadrill|Iron Head|p1a: Araquanid
|-resisted|p1a: Araquanid
|-damage|p1a: Araquanid|9/100
|move|p1a: Araquanid|Liquidation|p2a: Excadrill
|-damage|p2a: Excadrill|0 fnt
|faint|p2a: Excadrill
|
|win|Joeehaan
|raw|Joeehaan's rating: 1167 &rarr; <strong>1187</strong><br />(+20 for winning)
|raw|ml vmgol's rating: 1096 &rarr; <strong>1077</strong><br />(-19 for losing)
|c|☆Joeehaan|wp
|l|☆ml vmgol
|player|p2|
|l|☆Joeehaan
|player|p1|
