|j|☆dicolibri
|j|☆two rat man
|t:|1758276908
|gametype|singles
|player|p1|dicolibri|hiker|1459
|player|p2|two rat man|2|1446
|gen|9
|tier|[Gen 9] OU
|rated|
|rule|HP Percentage Mod: HP is shown in percentages
|rule|Endless Battle Clause: Forcing endless battles is banned
|rule|Species Clause: Limit one of each Pokémon
|rule|OHKO Clause: OHKO moves are banned
|rule|Evasion Items Clause: Evasion items are banned
|rule|Evasion Moves Clause: Evasion moves are banned
|rule|Evasion Abilities Clause: Evasion abilities are banned
|rule|Sleep Moves Clause: Sleep-inducing moves are banned
|clearpoke
|poke|p1|Mesprit|
|poke|p1|Hatterene, F|
|poke|p1|Iron Hands|
|poke|p1|Ursaluna, F|
|poke|p1|Volcanion|
|poke|p1|Hoopa-Unbound|
|poke|p2|Tornadus-Therian, M|
|poke|p2|Toxapex, M|
|poke|p2|Hydrapple, M|
|poke|p2|Cyclizar, F|
|poke|p2|Slowking-Galar, M|
|poke|p2|Mienshao, F|
|teampreview
|inactive|Battle timer is ON: inactive players will automatically lose when time's up. (requested by two rat man)
|
|t:|1758276931
|teamsize|p1|6
|teamsize|p2|6
|start
|switch|p1a: Iron Hands|Iron Hands|100/100
|switch|p2a: Mienshao|Mienshao, F|100/100
|-enditem|p1a: Iron Hands|Booster Energy
|-activate|p1a: Iron Hands|ability: Quark Drive|[fromitem]
|-start|p1a: Iron Hands|quarkdriveatk
|turn|1
|
|t:|1758276951
|move|p2a: Mienshao|U-turn|p1a: Iron Hands
|-resisted|p1a: Iron Hands
|-damage|p1a: Iron Hands|89/100
|
|t:|1758276970
|switch|p2a: Hydrapple|Hydrapple, M|100/100|[from] U-turn
|move|p1a: Iron Hands|Swords Dance|p1a: Iron Hands
|-boost|p1a: Iron Hands|atk|2
|
|upkeep
|turn|2
|inactive|two rat man has 120 seconds left.
|
|t:|1758276997
|move|p2a: Hydrapple|Earth Power|p1a: Iron Hands
|-supereffective|p1a: Iron Hands
|-damage|p1a: Iron Hands|26/100
|move|p1a: Iron Hands|Ice Punch|p2a: Hydrapple
|-supereffective|p2a: Hydrapple
|-damage|p2a: Hydrapple|0 fnt
|faint|p2a: Hydrapple
|
|upkeep
|
|t:|1758277003
|switch|p2a: Mienshao|Mienshao, F|100/100
|turn|3
|
|t:|1758277015
|-end|p1a: Iron Hands|Quark Drive|[silent]
|switch|p1a: Mesprit|Mesprit|100/100
|move|p2a: Mienshao|Close Combat|p1a: Mesprit
|-resisted|p1a: Mesprit
|-damage|p1a: Mesprit|57/100
|-unboost|p2a: Mienshao|def|1
|-unboost|p2a: Mienshao|spd|1
|
|upkeep
|turn|4
|inactive|two rat man has 120 seconds left.
|
|t:|1758277025
|switch|p2a: Tornadus|Tornadus-Therian, M|100/100
|move|p1a: Mesprit|Stealth Rock|p2a: Tornadus
|-sidestart|p2: two rat man|move: Stealth Rock
|
|upkeep
|turn|5
|
|t:|1758277030
|move|p2a: Tornadus|Nasty Plot|p2a: Tornadus
|-boost|p2a: Tornadus|spa|2
|move|p1a: Mesprit|Trick Room|p1a: Mesprit
|-fieldstart|move: Trick Room|[of] p1a: Mesprit
|
|upkeep
|turn|6
|
|t:|1758277036
|move|p1a: Mesprit|Healing Wish|p1a: Mesprit
|faint|p1a: Mesprit
|move|p2a: Tornadus|Nasty Plot|p2a: Tornadus
|-boost|p2a: Tornadus|spa|2
|
|upkeep
|
|t:|1758277050
|switch|p1a: Iron Hands|Iron Hands|26/100
|-heal|p1a: Iron Hands|100/100|[from] move: Healing Wish
|turn|7
|
|t:|1758277076
|-terastallize|p2a: Tornadus|Ground
|move|p1a: Iron Hands|Thunder Punch|p2a: Tornadus
|-immune|p2a: Tornadus
|move|p2a: Tornadus|Tera Blast|p1a: Iron Hands|[anim] Tera Blast Ground
|-supereffective|p1a: Iron Hands
|-damage|p1a: Iron Hands|0 fnt
|faint|p1a: Iron Hands
|-end|p1a: Iron Hands|Quark Drive|[silent]
|
|upkeep
|
|t:|1758277084
|switch|p1a: Volcanion|Volcanion|100/100
|turn|8
|
|t:|1758277092
|switch|p2a: Slowking|Slowking-Galar, M|100/100
|-damage|p2a: Slowking|88/100|[from] Stealth Rock
|move|p1a: Volcanion|Steam Eruption|p2a: Slowking
|-damage|p2a: Slowking|55/100
|-status|p2a: Slowking|brn
|
|-damage|p2a: Slowking|48/100 brn|[from] brn
|upkeep
|turn|9
|
|t:|1758277110
|switch|p1a: Ursaluna|Ursaluna, F|100/100
|move|p2a: Slowking|Sludge Bomb|p1a: Ursaluna
|-resisted|p1a: Ursaluna
|-damage|p1a: Ursaluna|83/100
|
|-damage|p2a: Slowking|42/100 brn|[from] brn
|-fieldend|move: Trick Room
|-status|p1a: Ursaluna|brn|[from] item: Flame Orb
|upkeep
|turn|10
|
|t:|1758277127
|switch|p2a: Toxapex|Toxapex, M|100/100
|move|p1a: Ursaluna|Facade|p2a: Toxapex
|-damage|p2a: Toxapex|25/100
|
|-damage|p1a: Ursaluna|77/100 brn|[from] brn
|upkeep
|turn|11
|
|t:|1758277134
|move|p2a: Toxapex|Toxic Spikes|p1a: Ursaluna
|-sidestart|p1: dicolibri|move: Toxic Spikes
|move|p1a: Ursaluna|Facade|p2a: Toxapex
|-damage|p2a: Toxapex|0 fnt
|faint|p2a: Toxapex
|
|-damage|p1a: Ursaluna|71/100 brn|[from] brn
|upkeep
|
|t:|1758277139
|switch|p2a: Mienshao|Mienshao, F|100/100
|-damage|p2a: Mienshao|95/100|[from] Stealth Rock
|turn|12
|
|t:|1758277149
|switch|p1a: Hatterene|Hatterene, F|100/100
|-status|p1a: Hatterene|psn
|move|p2a: Mienshao|Triple Axel|p1a: Hatterene
|-damage|p1a: Hatterene|92/100 psn
|-damage|p1a: Hatterene|74/100 psn
|-damage|p1a: Hatterene|51/100 psn
|-hitcount|p1a: Hatterene|3
|
|-heal|p1a: Hatterene|57/100 psn|[from] item: Leftovers
|-damage|p1a: Hatterene|45/100 psn|[from] psn
|upkeep
|turn|13
|
|t:|1758277160
|-terastallize|p1a: Hatterene|Water
|move|p2a: Mienshao|Triple Axel|p1a: Hatterene
|-resisted|p1a: Hatterene
|-damage|p1a: Hatterene|41/100 psn
|-resisted|p1a: Hatterene
|-damage|p1a: Hatterene|32/100 psn
|-resisted|p1a: Hatterene
|-damage|p1a: Hatterene|20/100 psn
|-hitcount|p1a: Hatterene|3
|move|p1a: Hatterene|Trick Room|p1a: Hatterene
|-fieldstart|move: Trick Room|[of] p1a: Hatterene
|
|-heal|p1a: Hatterene|26/100 psn|[from] item: Leftovers
|-damage|p1a: Hatterene|14/100 psn|[from] psn
|upkeep
|turn|14
|
|t:|1758277178
|switch|p2a: Slowking|Slowking-Galar, M|76/100 brn
|-damage|p2a: Slowking|63/100 brn|[from] Stealth Rock
|move|p1a: Hatterene|Healing Wish|p1a: Hatterene
|faint|p1a: Hatterene
|
|-damage|p2a: Slowking|57/100 brn|[from] brn
|upkeep
|
|t:|1758277195
|switch|p1a: Ursaluna|Ursaluna, F|71/100 brn
|-heal|p1a: Ursaluna|100/100|[from] move: Healing Wish
|-status|p1a: Ursaluna|psn
|turn|15
|
|t:|1758277213
|switch|p2a: Cyclizar|Cyclizar, F|100/100
|move|p1a: Ursaluna|Facade|p2a: Cyclizar
|-crit|p2a: Cyclizar
|-damage|p2a: Cyclizar|0 fnt
|faint|p2a: Cyclizar
|
|-damage|p1a: Ursaluna|88/100 psn|[from] psn
|upkeep
|
|t:|1758277232
|switch|p2a: Mienshao|Mienshao, F|100/100
|-damage|p2a: Mienshao|95/100|[from] Stealth Rock
|turn|16
|
|t:|1758277236
|switch|p2a: Tornadus|Tornadus-Therian, M, tera:Ground|100/100
|move|p1a: Ursaluna|Facade|p2a: Tornadus
|-damage|p2a: Tornadus|0 fnt
|faint|p2a: Tornadus
|
|-damage|p1a: Ursaluna|76/100 psn|[from] psn
|upkeep
|
|t:|1758277251
|switch|p2a: Mienshao|Mienshao, F|100/100
|-damage|p2a: Mienshao|95/100|[from] Stealth Rock
|turn|17
|
|t:|1758277267
|switch|p2a: Slowking|Slowking-Galar, M|90/100 brn
|-damage|p2a: Slowking|78/100 brn|[from] Stealth Rock
|move|p1a: Ursaluna|Facade|p2a: Slowking
|-damage|p2a: Slowking|0 fnt
|faint|p2a: Slowking
|
|-damage|p1a: Ursaluna|64/100 psn|[from] psn
|-fieldend|move: Trick Room
|upkeep
|
|t:|1758277271
|switch|p2a: Mienshao|Mienshao, F|100/100
|-damage|p2a: Mienshao|95/100|[from] Stealth Rock
|turn|18
|
|t:|1758277290
|move|p2a: Mienshao|Close Combat|p1a: Ursaluna
|-supereffective|p1a: Ursaluna
|-damage|p1a: Ursaluna|0 fnt
|-unboost|p2a: Mienshao|def|1
|-unboost|p2a: Mienshao|spd|1
|faint|p1a: Ursaluna
|
|upkeep
|
|t:|1758277294
|switch|p1a: Hoopa|Hoopa-Unbound|100/100
|-status|p1a: Hoopa|psn
|turn|19
|
|t:|1758277296
|move|p2a: Mienshao|Close Combat|p1a: Hoopa
|-damage|p1a: Hoopa|0 fnt
|-unboost|p2a: Mienshao|def|1
|-unboost|p2a: Mienshao|spd|1
|faint|p1a: Hoopa
|
|upkeep
|
|t:|1758277299
|switch|p1a: Volcanion|Volcanion|100/100
|-status|p1a: Volcanion|psn
|turn|20
|
|t:|1758277310
|move|p2a: Mienshao|Close Combat|p1a: Volcanion
|-damage|p1a: Volcanion|31/100 psn
|-unboost|p2a: Mienshao|def|1
|-unboost|p2a: Mienshao|spd|1
|move|p1a: Volcanion|Steam Eruption|p2a: Mienshao
|-damage|p2a: Mienshao|0 fnt
|faint|p2a: Mienshao
|
|win|dicolibri
|raw|dicolibri's rating: 1459 &rarr; <strong>1478</strong><br />(+19 for winning)
|raw|two rat man's rating: 1446 &rarr; <strong>1427</strong><br />(-19 for losing)
|l|☆two rat man
|player|p2|
|l|☆dicolibri
|player|p1|
