|j|☆huzzrepellant
|j|☆suid4253
|t:|1758377552
|gametype|singles
|player|p1|huzzrepellant|ash-kalos|1083
|player|p2|suid4253|emmet|1143
|gen|9
|tier|[Gen 9] OU
|rated|
|rule|HP Percentage Mod: HP is shown in percentages
|rule|Endless Battle Clause: Forcing endless battles is banned
|rule|Species Clause: Limit one of each Pokémon
|rule|OHKO Clause: OHKO moves are banned
|rule|Evasion Items Clause: Evasion items are banned
|rule|Evasion Moves Clause: Evasion moves are banned
|rule|Evasion Abilities Clause: Evasion abilities are banned
|rule|Sleep Moves Clause: Sleep-inducing moves are banned
|clearpoke
|poke|p1|Primarina, F|
|poke|p1|Meowscarada, M|
|poke|p1|Ting-Lu|
|poke|p1|Skarmory, M|
|poke|p1|Skeledirge, M|
|poke|p1|Dragonite, M|
|poke|p2|Skeledirge, M|
|poke|p2|Meowscarada, F|
|poke|p2|Quaquaval, M|
|poke|p2|Oinkologne, M|
|poke|p2|Glimmora, M|
|poke|p2|Spidops, F|
|teampreview
|inactive|Battle timer is ON: inactive players will automatically lose when time's up. (requested by suid4253)
|
|t:|1758377573
|teamsize|p1|6
|teamsize|p2|6
|start
|switch|p1a: Skarmory|Skarmory, M|100/100
|switch|p2a: Glimmora|Glimmora, M|100/100
|turn|1
|
|t:|1758377580
|move|p2a: Glimmora|Stealth Rock|p1a: Skarmory
|-sidestart|p1: huzzrepellant|move: Stealth Rock
|move|p1a: Skarmory|Spikes|p2a: Glimmora
|-sidestart|p2: suid4253|Spikes
|
|upkeep
|turn|2
|
|t:|1758377595
|move|p2a: Glimmora|Spikes|p1a: Skarmory
|-sidestart|p1: huzzrepellant|Spikes
|move|p1a: Skarmory|Iron Defense|p1a: Skarmory
|-boost|p1a: Skarmory|def|2
|
|upkeep
|turn|3
|
|t:|1758377601
|move|p2a: Glimmora|Spikes|p1a: Skarmory
|-sidestart|p1: huzzrepellant|Spikes
|move|p1a: Skarmory|Iron Defense|p1a: Skarmory
|-boost|p1a: Skarmory|def|2
|
|upkeep
|turn|4
|
|t:|1758377606
|move|p2a: Glimmora|Spikes|p1a: Skarmory
|-sidestart|p1: huzzrepellant|Spikes
|move|p1a: Skarmory|Iron Defense|p1a: Skarmory
|-boost|p1a: Skarmory|def|2
|
|upkeep
|turn|5
|
|t:|1758377612
|move|p2a: Glimmora|Energy Ball|p1a: Skarmory
|-resisted|p1a: Skarmory
|-damage|p1a: Skarmory|92/100
|move|p1a: Skarmory|Iron Defense|p1a: Skarmory
|-boost|p1a: Skarmory|def|0
|
|upkeep
|turn|6
|
|t:|1758377624
|switch|p2a: Best stater!|Skeledirge, M|100/100
|-damage|p2a: Best stater!|88/100|[from] Spikes
|move|p1a: Skarmory|Spikes|p2a: Best stater!
|-sidestart|p2: suid4253|Spikes
|
|upkeep
|turn|7
|
|t:|1758377634
|move|p2a: Best stater!|Torch Song|p1a: Skarmory
|-supereffective|p1a: Skarmory
|-damage|p1a: Skarmory|14/100
|-boost|p2a: Best stater!|spa|1
|move|p1a: Skarmory|Spikes|p2a: Best stater!
|-sidestart|p2: suid4253|Spikes
|
|upkeep
|turn|8
|
|t:|1758377644
|switch|p1a: Ting-Lu|Ting-Lu, shiny|100/100
|-damage|p1a: Ting-Lu|94/100|[from] Stealth Rock
|-damage|p1a: Ting-Lu|69/100|[from] Spikes
|-ability|p1a: Ting-Lu|Vessel of Ruin
|move|p2a: Best stater!|Torch Song|p1a: Ting-Lu
|-damage|p1a: Ting-Lu|51/100
|-boost|p2a: Best stater!|spa|1
|
|-heal|p1a: Ting-Lu|57/100|[from] item: Leftovers
|upkeep
|turn|9
|inactive|suid4253 has 120 seconds left.
|
|t:|1758377674
|switch|p2a: a CAT|Meowscarada, F, shiny|100/100
|-damage|p2a: a CAT|76/100|[from] Spikes
|move|p1a: Ting-Lu|Stealth Rock|p2a: a CAT
|-sidestart|p2: suid4253|move: Stealth Rock
|
|-heal|p1a: Ting-Lu|64/100|[from] item: Leftovers
|upkeep
|turn|10
|
|t:|1758377683
|-terastallize|p1a: Ting-Lu|Poison
|move|p2a: a CAT|Flower Trick|p1a: Ting-Lu
|-resisted|p1a: Ting-Lu
|-crit|p1a: Ting-Lu
|-damage|p1a: Ting-Lu|52/100
|move|p1a: Ting-Lu|Whirlwind|p2a: a CAT
|drag|p2a: Dancing duck|Quaquaval, M|100/100
|-damage|p2a: Dancing duck|75/100|[from] Spikes
|-damage|p2a: Dancing duck|69/100|[from] Stealth Rock
|
|-heal|p1a: Ting-Lu|58/100|[from] item: Leftovers
|upkeep
|turn|11
|
|t:|1758377700
|move|p2a: Dancing duck|Aqua Step|p1a: Ting-Lu
|-damage|p1a: Ting-Lu|40/100
|-boost|p2a: Dancing duck|spe|1
|move|p1a: Ting-Lu|Whirlwind|p2a: Dancing duck
|drag|p2a: Spidops|Spidops, F|100/100
|-damage|p2a: Spidops|76/100|[from] Spikes
|-damage|p2a: Spidops|51/100|[from] Stealth Rock
|
|-heal|p1a: Ting-Lu|46/100|[from] item: Leftovers
|-heal|p2a: Spidops|57/100|[from] item: Leftovers
|upkeep
|turn|12
|
|t:|1758377713
|move|p2a: Spidops|Sticky Web|p1a: Ting-Lu
|-sidestart|p1: huzzrepellant|move: Sticky Web
|move|p1a: Ting-Lu|Whirlwind|p2a: Spidops
|drag|p2a: Best stater!|Skeledirge, M|88/100
|-damage|p2a: Best stater!|63/100|[from] Spikes
|-damage|p2a: Best stater!|38/100|[from] Stealth Rock
|-enditem|p2a: Best stater!|Sitrus Berry|[eat]
|-heal|p2a: Best stater!|63/100|[from] item: Sitrus Berry
|
|-heal|p1a: Ting-Lu|53/100|[from] item: Leftovers
|upkeep
|turn|13
|inactive|suid4253 has 120 seconds left.
|
|t:|1758377730
|move|p2a: Best stater!|Torch Song|p1a: Ting-Lu
|-damage|p1a: Ting-Lu|40/100
|-boost|p2a: Best stater!|spa|1
|move|p1a: Ting-Lu|Ruination|p2a: Best stater!
|-damage|p2a: Best stater!|32/100
|
|-heal|p1a: Ting-Lu|46/100|[from] item: Leftovers
|upkeep
|turn|14
|inactive|suid4253 has 120 seconds left.
|
|t:|1758377741
|move|p2a: Best stater!|Torch Song|p1a: Ting-Lu
|-damage|p1a: Ting-Lu|24/100
|-boost|p2a: Best stater!|spa|1
|move|p1a: Ting-Lu|Earthquake|p2a: Best stater!
|-supereffective|p2a: Best stater!
|-damage|p2a: Best stater!|0 fnt
|faint|p2a: Best stater!
|
|-heal|p1a: Ting-Lu|30/100|[from] item: Leftovers
|upkeep
|inactive|suid4253 has 120 seconds left.
|
|t:|1758377752
|switch|p2a: Glimmora|Glimmora, M|100/100
|-damage|p2a: Glimmora|75/100|[from] Spikes
|-damage|p2a: Glimmora|63/100|[from] Stealth Rock
|turn|15
|inactive|suid4253 has 120 seconds left.
|
|t:|1758377759
|move|p2a: Glimmora|Mortal Spin|p1a: Ting-Lu
|-resisted|p1a: Ting-Lu
|-damage|p1a: Ting-Lu|29/100
|-sideend|p2: suid4253|Spikes|[from] move: Mortal Spin|[of] p2a: Glimmora
|-sideend|p2: suid4253|Stealth Rock|[from] move: Mortal Spin|[of] p2a: Glimmora
|move|p1a: Ting-Lu|Earthquake|p2a: Glimmora
|-supereffective|p2a: Glimmora
|-damage|p2a: Glimmora|0 fnt
|-activate|p2a: Glimmora|ability: Toxic Debris
|-sidestart|p1: huzzrepellant|move: Toxic Spikes
|faint|p2a: Glimmora
|
|-heal|p1a: Ting-Lu|35/100|[from] item: Leftovers
|upkeep
|inactive|suid4253 has 120 seconds left.
|
|t:|1758377778
|switch|p2a: Dancing duck|Quaquaval, M|69/100
|turn|16
|
|t:|1758377788
|move|p2a: Dancing duck|Focus Energy|p2a: Dancing duck
|-start|p2a: Dancing duck|move: Focus Energy
|move|p1a: Ting-Lu|Stealth Rock|p2a: Dancing duck
|-sidestart|p2: suid4253|move: Stealth Rock
|
|-heal|p1a: Ting-Lu|41/100|[from] item: Leftovers
|upkeep
|turn|17
|
|t:|1758377798
|move|p2a: Dancing duck|Aqua Step|p1a: Ting-Lu
|-crit|p1a: Ting-Lu
|-damage|p1a: Ting-Lu|13/100
|-boost|p2a: Dancing duck|spe|1
|move|p1a: Ting-Lu|Earthquake|p2a: Dancing duck
|-damage|p2a: Dancing duck|30/100
|
|-heal|p1a: Ting-Lu|19/100|[from] item: Leftovers
|upkeep
|turn|18
|
|t:|1758377808
|move|p2a: Dancing duck|Aqua Step|p1a: Ting-Lu
|-crit|p1a: Ting-Lu
|-damage|p1a: Ting-Lu|0 fnt
|-boost|p2a: Dancing duck|spe|1
|faint|p1a: Ting-Lu
|-ability|p2a: Dancing duck|Moxie|boost
|-boost|p2a: Dancing duck|atk|1
|
|upkeep
|
|t:|1758377818
|switch|p1a: Dragonite|Dragonite, M|100/100
|-damage|p1a: Dragonite|76/100|[from] Stealth Rock
|turn|19
|
|t:|1758377822
|move|p1a: Dragonite|Extreme Speed|p2a: Dancing duck
|-damage|p2a: Dancing duck|0 fnt
|faint|p2a: Dancing duck
|-damage|p1a: Dragonite|66/100|[from] item: Life Orb
|
|upkeep
|
|t:|1758377830
|switch|p2a: Spidops|Spidops, F|57/100
|-damage|p2a: Spidops|32/100|[from] Stealth Rock
|turn|20
|
|t:|1758377834
|move|p1a: Dragonite|Extreme Speed|p2a: Spidops
|-damage|p2a: Spidops|0 fnt
|faint|p2a: Spidops
|-damage|p1a: Dragonite|56/100|[from] item: Life Orb
|
|upkeep
|
|t:|1758377840
|switch|p2a: Oinkologne|Oinkologne, M, shiny|100/100
|-damage|p2a: Oinkologne|88/100|[from] Stealth Rock
|turn|21
|
|t:|1758377845
|move|p1a: Dragonite|Roost|p1a: Dragonite
|-heal|p1a: Dragonite|100/100
|-singleturn|p1a: Dragonite|move: Roost
|move|p2a: Oinkologne|Stuff Cheeks|p2a: Oinkologne
|-boost|p2a: Oinkologne|def|2
|-enditem|p2a: Oinkologne|Maranga Berry|[eat]
|-boost|p2a: Oinkologne|spd|1|[from] item: Maranga Berry
|
|upkeep
|turn|22
|
|t:|1758377861
|move|p1a: Dragonite|Dragon Dance|p1a: Dragonite
|-boost|p1a: Dragonite|atk|1
|-boost|p1a: Dragonite|spe|1
|move|p2a: Oinkologne|Stockpile|p2a: Oinkologne
|-start|p2a: Oinkologne|stockpile1
|-boost|p2a: Oinkologne|def|1
|-boost|p2a: Oinkologne|spd|1
|
|upkeep
|turn|23
|
|t:|1758377869
|move|p1a: Dragonite|Dragon Dance|p1a: Dragonite
|-boost|p1a: Dragonite|atk|1
|-boost|p1a: Dragonite|spe|1
|move|p2a: Oinkologne|Stockpile|p2a: Oinkologne
|-start|p2a: Oinkologne|stockpile2
|-boost|p2a: Oinkologne|def|1
|-boost|p2a: Oinkologne|spd|1
|
|upkeep
|turn|24
|
|t:|1758377876
|move|p1a: Dragonite|Dragon Dance|p1a: Dragonite
|-boost|p1a: Dragonite|atk|1
|-boost|p1a: Dragonite|spe|1
|move|p2a: Oinkologne|Stockpile|p2a: Oinkologne
|-start|p2a: Oinkologne|stockpile3
|-boost|p2a: Oinkologne|def|1
|-boost|p2a: Oinkologne|spd|1
|
|upkeep
|turn|25
|
|t:|1758377884
|-terastallize|p2a: Oinkologne|Fighting
|move|p1a: Dragonite|Dragon Dance|p1a: Dragonite
|-boost|p1a: Dragonite|atk|1
|-boost|p1a: Dragonite|spe|1
|move|p2a: Oinkologne|Body Press|p1a: Dragonite
|-resisted|p1a: Dragonite
|-damage|p1a: Dragonite|77/100
|
|upkeep
|turn|26
|
|t:|1758377893
|move|p1a: Dragonite|Roost|p1a: Dragonite
|-heal|p1a: Dragonite|100/100
|-singleturn|p1a: Dragonite|move: Roost
|move|p2a: Oinkologne|Body Press|p1a: Dragonite
|-damage|p1a: Dragonite|54/100
|
|upkeep
|turn|27
|
|t:|1758377915
|move|p1a: Dragonite|Earthquake|p2a: Oinkologne
|-damage|p2a: Oinkologne|53/100
|-damage|p1a: Dragonite|45/100|[from] item: Life Orb
|move|p2a: Oinkologne|Body Press|p1a: Dragonite
|-resisted|p1a: Dragonite
|-damage|p1a: Dragonite|0 fnt
|faint|p1a: Dragonite
|
|upkeep
|
|t:|1758377922
|switch|p1a: Skeledirge|Skeledirge, M, shiny|100/100
|turn|28
|
|t:|1758377931
|move|p1a: Skeledirge|Torch Song|p2a: Oinkologne
|-damage|p2a: Oinkologne|49/100
|-boost|p1a: Skeledirge|spa|1
|move|p2a: Oinkologne|Trailblaze|p1a: Skeledirge
|-resisted|p1a: Skeledirge
|-damage|p1a: Skeledirge|96/100
|-boost|p2a: Oinkologne|spe|1
|
|upkeep
|turn|29
|
|t:|1758377941
|move|p2a: Oinkologne|Trailblaze|p1a: Skeledirge
|-resisted|p1a: Skeledirge
|-damage|p1a: Skeledirge|91/100
|-boost|p2a: Oinkologne|spe|1
|move|p1a: Skeledirge|Torch Song|p2a: Oinkologne
|-damage|p2a: Oinkologne|42/100
|-boost|p1a: Skeledirge|spa|1
|
|upkeep
|turn|30
|
|t:|1758377951
|move|p2a: Oinkologne|Trailblaze|p1a: Skeledirge
|-resisted|p1a: Skeledirge
|-damage|p1a: Skeledirge|85/100
|-boost|p2a: Oinkologne|spe|1
|move|p1a: Skeledirge|Torch Song|p2a: Oinkologne
|-damage|p2a: Oinkologne|35/100
|-boost|p1a: Skeledirge|spa|1
|
|upkeep
|turn|31
|
|t:|1758377961
|move|p2a: Oinkologne|Trailblaze|p1a: Skeledirge
|-resisted|p1a: Skeledirge
|-damage|p1a: Skeledirge|81/100
|-boost|p2a: Oinkologne|spe|1
|move|p1a: Skeledirge|Will-O-Wisp|p2a: Oinkologne
|-status|p2a: Oinkologne|brn
|
|-damage|p2a: Oinkologne|28/100 brn|[from] brn
|upkeep
|turn|32
|
|t:|1758377972
|move|p2a: Oinkologne|Trailblaze|p1a: Skeledirge
|-resisted|p1a: Skeledirge
|-damage|p1a: Skeledirge|78/100
|-boost|p2a: Oinkologne|spe|1
|move|p1a: Skeledirge|Slack Off|p1a: Skeledirge
|-heal|p1a: Skeledirge|100/100
|
|-damage|p2a: Oinkologne|22/100 brn|[from] brn
|upkeep
|turn|33
|
|t:|1758377982
|move|p2a: Oinkologne|Trailblaze|p1a: Skeledirge
|-resisted|p1a: Skeledirge
|-damage|p1a: Skeledirge|98/100
|-boost|p2a: Oinkologne|spe|1
|move|p1a: Skeledirge|Hex|p2a: Oinkologne
|-damage|p2a: Oinkologne|0 fnt
|faint|p2a: Oinkologne
|
|upkeep
|
|t:|1758377992
|switch|p2a: a CAT|Meowscarada, F, shiny|76/100
|-damage|p2a: a CAT|64/100|[from] Stealth Rock
|turn|34
|
|t:|1758377997
|move|p2a: a CAT|Knock Off|p1a: Skeledirge
|-supereffective|p1a: Skeledirge
|-damage|p1a: Skeledirge|34/100
|-enditem|p1a: Skeledirge|Heavy-Duty Boots|[from] move: Knock Off|[of] p2a: a CAT
|move|p1a: Skeledirge|Torch Song|p2a: a CAT
|-supereffective|p2a: a CAT
|-damage|p2a: a CAT|0 fnt
|-boost|p1a: Skeledirge|spa|1
|faint|p2a: a CAT
|
|win|huzzrepellant
|raw|huzzrepellant's rating: 1083 &rarr; <strong>1115</strong><br />(+32 for winning)
|raw|suid4253's rating: 1143 &rarr; <strong>1114</strong><br />(-29 for losing)
|l|☆suid4253
|player|p2|
|c|☆huzzrepellant|Gg
|l|☆huzzrepellant
|player|p1|
