|j|☆Moreiny
|j|☆WiildSide
|t:|1758344900
|gametype|singles
|player|p1|Moreiny|102|1293
|player|p2|WiildSide|striker|1319
|gen|9
|tier|[Gen 9] OU
|rated|
|rule|HP Percentage Mod: HP is shown in percentages
|rule|Endless Battle Clause: Forcing endless battles is banned
|rule|Species Clause: Limit one of each Pokémon
|rule|OHKO Clause: OHKO moves are banned
|rule|Evasion Items Clause: Evasion items are banned
|rule|Evasion Moves Clause: Evasion moves are banned
|rule|Evasion Abilities Clause: Evasion abilities are banned
|rule|Sleep Moves Clause: Sleep-inducing moves are banned
|clearpoke
|poke|p1|Indeedee, M|
|poke|p1|Great Tusk|
|poke|p1|Iron Crown|
|poke|p1|Polteageist|
|poke|p1|Hawlucha, F|
|poke|p1|Deoxys-Speed|
|poke|p2|Pelipper, F|
|poke|p2|Hatterene, F|
|poke|p2|Iron Treads|
|poke|p2|Toxicroak, F|
|poke|p2|Barraskewda, F|
|poke|p2|Zapdos|
|teampreview
|inactive|Battle timer is ON: inactive players will automatically lose when time's up. (requested by WiildSide)
|
|t:|1758344908
|teamsize|p1|6
|teamsize|p2|6
|start
|switch|p1a: Deoxys|Deoxys-Speed|100/100
|switch|p2a: Pelipper|Pelipper, F|100/100
|-ability|p1a: Deoxys|Pressure
|-weather|RainDance|[from] ability: Drizzle|[of] p2a: Pelipper
|turn|1
|
|t:|1758344914
|move|p1a: Deoxys|Meteor Beam||[still]
|-prepare|p1a: Deoxys|Meteor Beam
|-boost|p1a: Deoxys|spa|1
|-enditem|p1a: Deoxys|Power Herb
|-anim|p1a: Deoxys|Meteor Beam|p2a: Pelipper
|-supereffective|p2a: Pelipper
|-damage|p2a: Pelipper|0 fnt
|faint|p2a: Pelipper
|
|-weather|RainDance|[upkeep]
|upkeep
|
|t:|1758344918
|switch|p2a: Barraskewda|Barraskewda, F|100/100
|turn|2
|
|t:|1758344921
|move|p2a: Barraskewda|Liquidation|p1a: Deoxys
|-damage|p1a: Deoxys|0 fnt
|faint|p1a: Deoxys
|
|-weather|RainDance|[upkeep]
|upkeep
|
|t:|1758344925
|switch|p1a: Great Tusk|Great Tusk|100/100
|turn|3
|
|t:|1758344928
|-terastallize|p1a: Great Tusk|Dragon
|move|p2a: Barraskewda|Liquidation|p1a: Great Tusk
|-resisted|p1a: Great Tusk
|-damage|p1a: Great Tusk|77/100
|-damage|p2a: Barraskewda|84/100|[from] item: Rocky Helmet|[of] p1a: Great Tusk
|move|p1a: Great Tusk|Stealth Rock|p2a: Barraskewda
|-sidestart|p2: WiildSide|move: Stealth Rock
|
|-weather|RainDance|[upkeep]
|upkeep
|turn|4
|
|t:|1758344936
|switch|p2a: Iron Treads|Iron Treads|100/100
|-damage|p2a: Iron Treads|98/100|[from] Stealth Rock
|move|p1a: Great Tusk|Earthquake|p2a: Iron Treads
|-supereffective|p2a: Iron Treads
|-damage|p2a: Iron Treads|29/100
|
|-weather|RainDance|[upkeep]
|-heal|p2a: Iron Treads|35/100|[from] item: Leftovers
|upkeep
|turn|5
|
|t:|1758344945
|move|p2a: Iron Treads|Rapid Spin|p1a: Great Tusk
|-damage|p1a: Great Tusk|71/100
|-boost|p2a: Iron Treads|spe|1
|-damage|p2a: Iron Treads|18/100|[from] item: Rocky Helmet|[of] p1a: Great Tusk
|-sideend|p2: WiildSide|Stealth Rock|[from] move: Rapid Spin|[of] p2a: Iron Treads
|move|p1a: Great Tusk|Knock Off|p2a: Iron Treads
|-damage|p2a: Iron Treads|0 fnt
|-enditem|p2a: Iron Treads|Leftovers|[from] move: Knock Off|[of] p1a: Great Tusk
|faint|p2a: Iron Treads
|-end|p2a: Iron Treads|Quark Drive|[silent]
|
|-weather|RainDance|[upkeep]
|upkeep
|
|t:|1758344951
|switch|p2a: Zapdos|Zapdos|100/100
|turn|6
|
|t:|1758344955
|-end|p1a: Great Tusk|Protosynthesis|[silent]
|switch|p1a: Iron Crown|Iron Crown|100/100
|move|p2a: Zapdos|Hurricane|p1a: Iron Crown
|-resisted|p1a: Iron Crown
|-damage|p1a: Iron Crown|57/100
|
|-weather|RainDance|[upkeep]
|upkeep
|turn|7
|
|t:|1758344965
|-terastallize|p2a: Zapdos|Flying
|move|p2a: Zapdos|Hurricane|p1a: Iron Crown
|-resisted|p1a: Iron Crown
|-damage|p1a: Iron Crown|4/100
|move|p1a: Iron Crown|Future Sight|p2a: Zapdos
|-start|p1a: Iron Crown|move: Future Sight
|
|-weather|RainDance|[upkeep]
|upkeep
|turn|8
|
|t:|1758344975
|-end|p1a: Iron Crown|Quark Drive|[silent]
|switch|p1a: Indeedee|Indeedee, M|100/100
|-fieldstart|move: Psychic Terrain|[from] ability: Psychic Surge|[of] p1a: Indeedee
|move|p2a: Zapdos|Hurricane|p1a: Indeedee
|-damage|p1a: Indeedee|0 fnt
|faint|p1a: Indeedee
|
|-weather|none
|upkeep
|
|t:|1758344989
|switch|p1a: Polteageist|Polteageist|100/100
|turn|9
|
|t:|1758345001
|switch|p2a: Hatterene|Hatterene, F|100/100
|move|p1a: Polteageist|Shell Smash|p1a: Polteageist
|-unboost|p1a: Polteageist|def|1
|-unboost|p1a: Polteageist|spd|1
|-boost|p1a: Polteageist|atk|2
|-boost|p1a: Polteageist|spa|2
|-boost|p1a: Polteageist|spe|2
|
|-end|p2a: Hatterene|move: Future Sight
|-resisted|p2a: Hatterene
|-damage|p2a: Hatterene|62/100
|upkeep
|turn|10
|
|t:|1758345011
|move|p1a: Polteageist|Shadow Ball|p2a: Hatterene
|-supereffective|p2a: Hatterene
|-damage|p2a: Hatterene|0 fnt
|faint|p2a: Hatterene
|
|upkeep
|-message|WiildSide forfeited.
|
|win|Moreiny
|raw|Moreiny's rating: 1293 &rarr; <strong>1320</strong><br />(+27 for winning)
|raw|WiildSide's rating: 1319 &rarr; <strong>1298</strong><br />(-21 for losing)
|l|☆WiildSide
|player|p2|
|l|☆Moreiny
|player|p1|
