|j|☆M8420
|j|☆pawmot_cute
|t:|1758292097
|gametype|singles
|player|p1|M8420|102|1440
|player|p2|pawmot_cute|101|1404
|gen|9
|tier|[Gen 9] OU
|rated|
|rule|HP Percentage Mod: HP is shown in percentages
|rule|Endless Battle Clause: Forcing endless battles is banned
|rule|Species Clause: Limit one of each Pokémon
|rule|OHKO Clause: OHKO moves are banned
|rule|Evasion Items Clause: Evasion items are banned
|rule|Evasion Moves Clause: Evasion moves are banned
|rule|Evasion Abilities Clause: Evasion abilities are banned
|rule|Sleep Moves Clause: Sleep-inducing moves are banned
|clearpoke
|poke|p1|Pelipper, F|
|poke|p1|Hatterene, F|
|poke|p1|Iron Treads|
|poke|p1|Toxicroak, F|
|poke|p1|Barraskewda, F|
|poke|p1|Zapdos|
|poke|p2|Araquanid, M|
|poke|p2|Gholdengo|
|poke|p2|Slowking-Galar, F|
|poke|p2|Meowscarada, F|
|poke|p2|Kyurem|
|poke|p2|Great Tusk|
|teampreview
|inactive|Battle timer is ON: inactive players will automatically lose when time's up. (requested by pawmot_cute)
|
|t:|1758292114
|teamsize|p1|6
|teamsize|p2|6
|start
|switch|p1a: Pelipper|Pelipper, F|100/100
|switch|p2a: Araquanid|Araquanid, M|100/100
|-weather|RainDance|[from] ability: Drizzle|[of] p1a: Pelipper
|turn|1
|
|t:|1758292120
|move|p1a: Pelipper|U-turn|p2a: Araquanid
|-damage|p2a: Araquanid|91/100
|
|t:|1758292123
|switch|p1a: Hatterene|Hatterene, F|100/100|[from] U-turn
|move|p2a: Araquanid|Surf|p1a: Hatterene
|-damage|p1a: Hatterene|9/100
|-enditem|p1a: Hatterene|Eject Button
|
|t:|1758292136
|switch|p1a: Zapdos|Zapdos|100/100
|
|-weather|RainDance|[upkeep]
|upkeep
|turn|2
|
|t:|1758292140
|-terastallize|p1a: Zapdos|Flying
|move|p1a: Zapdos|Hurricane|p2a: Araquanid
|-supereffective|p2a: Araquanid
|-damage|p2a: Araquanid|0 fnt
|faint|p2a: Araquanid
|
|-weather|RainDance|[upkeep]
|upkeep
|
|t:|1758292152
|switch|p2a: Magica|Meowscarada, F|100/100
|turn|3
|
|t:|1758292158
|switch|p1a: Hatterene|Hatterene, F|9/100
|move|p2a: Magica|Triple Axel|p1a: Hatterene|[miss]
|-start|p2a: Magica|typechange|Ice|[from] ability: Protean
|-miss|p2a: Magica|p1a: Hatterene
|
|-weather|RainDance|[upkeep]
|upkeep
|turn|4
|
|t:|1758292166
|switch|p1a: Toxicroak|Toxicroak, F|100/100
|move|p2a: Magica|Triple Axel|p1a: Toxicroak|[miss]
|-miss|p2a: Magica|p1a: Toxicroak
|
|-weather|RainDance|[upkeep]
|upkeep
|turn|5
|
|t:|1758292173
|switch|p2a: Great Tusk|Great Tusk|100/100
|move|p1a: Toxicroak|Knock Off|p2a: Great Tusk
|-resisted|p2a: Great Tusk
|-damage|p2a: Great Tusk|92/100
|-enditem|p2a: Great Tusk|Heavy-Duty Boots|[from] move: Knock Off|[of] p1a: Toxicroak
|
|-weather|RainDance|[upkeep]
|upkeep
|turn|6
|
|t:|1758292186
|switch|p1a: Hatterene|Hatterene, F|9/100
|move|p2a: Great Tusk|Rapid Spin|p1a: Hatterene
|-crit|p1a: Hatterene
|-damage|p1a: Hatterene|0 fnt
|-boost|p2a: Great Tusk|spe|1
|faint|p1a: Hatterene
|
|-weather|RainDance|[upkeep]
|upkeep
|
|t:|1758292191
|switch|p1a: Barraskewda|Barraskewda, F|100/100
|turn|7
|
|t:|1758292194
|-terastallize|p2a: Great Tusk|Ice
|move|p1a: Barraskewda|Liquidation|p2a: Great Tusk
|-damage|p2a: Great Tusk|19/100
|move|p2a: Great Tusk|Headlong Rush|p1a: Barraskewda
|-damage|p1a: Barraskewda|0 fnt
|-unboost|p2a: Great Tusk|def|1
|-unboost|p2a: Great Tusk|spd|1
|faint|p1a: Barraskewda
|
|-weather|RainDance|[upkeep]
|upkeep
|
|t:|1758292204
|switch|p1a: Pelipper|Pelipper, F|100/100
|turn|8
|
|t:|1758292211
|move|p2a: Great Tusk|Stone Edge|p1a: Pelipper
|-supereffective|p1a: Pelipper
|-damage|p1a: Pelipper|31/100
|move|p1a: Pelipper|U-turn|p2a: Great Tusk
|-damage|p2a: Great Tusk|9/100
|
|t:|1758292231
|switch|p1a: Iron Treads|Iron Treads|100/100|[from] U-turn
|
|-weather|none
|upkeep
|turn|9
|
|t:|1758292236
|-end|p1a: Iron Treads|Quark Drive|[silent]
|switch|p1a: Pelipper|Pelipper, F|31/100
|-weather|RainDance|[from] ability: Drizzle|[of] p1a: Pelipper
|move|p2a: Great Tusk|Headlong Rush|p1a: Pelipper
|-immune|p1a: Pelipper
|
|-weather|RainDance|[upkeep]
|upkeep
|turn|10
|
|t:|1758292243
|switch|p1a: Toxicroak|Toxicroak, F|100/100
|move|p2a: Great Tusk|Ice Spinner|p1a: Toxicroak
|-damage|p1a: Toxicroak|59/100
|-damage|p2a: Great Tusk|0 fnt|[from] item: Rocky Helmet|[of] p1a: Toxicroak
|faint|p2a: Great Tusk
|-end|p2a: Great Tusk|Protosynthesis|[silent]
|
|-weather|RainDance|[upkeep]
|-heal|p1a: Toxicroak|71/100|[from] ability: Dry Skin
|upkeep
|
|t:|1758292252
|switch|p2a: Kyurem|Kyurem|100/100
|-ability|p2a: Kyurem|Pressure
|turn|11
|
|t:|1758292259
|switch|p1a: Iron Treads|Iron Treads|100/100
|move|p2a: Kyurem|Draco Meteor|p1a: Iron Treads
|-resisted|p1a: Iron Treads
|-damage|p1a: Iron Treads|62/100
|-unboost|p2a: Kyurem|spa|2
|
|-weather|RainDance|[upkeep]
|-heal|p1a: Iron Treads|68/100|[from] item: Leftovers
|upkeep
|turn|12
|
|t:|1758292267
|switch|p2a: Gholdengo|Gholdengo|100/100
|move|p1a: Iron Treads|Volt Switch|p2a: Gholdengo
|-damage|p2a: Gholdengo|88/100
|
|t:|1758292274
|-end|p1a: Iron Treads|Quark Drive|[silent]
|switch|p1a: Zapdos|Zapdos, tera:Flying|100/100|[from] Volt Switch
|
|-weather|RainDance|[upkeep]
|upkeep
|turn|13
|
|t:|1758292281
|move|p1a: Zapdos|Thunder|p2a: Gholdengo
|-damage|p2a: Gholdengo|0 fnt
|faint|p2a: Gholdengo
|
|-weather|RainDance|[upkeep]
|upkeep
|
|t:|1758292286
|switch|p2a: Magica|Meowscarada, F|100/100
|turn|14
|
|t:|1758292295
|switch|p1a: Toxicroak|Toxicroak, F|71/100
|move|p2a: Magica|Triple Axel|p1a: Toxicroak
|-start|p2a: Magica|typechange|Ice|[from] ability: Protean
|-damage|p1a: Toxicroak|57/100
|-damage|p2a: Magica|84/100|[from] item: Rocky Helmet|[of] p1a: Toxicroak
|-damage|p1a: Toxicroak|31/100
|-damage|p2a: Magica|68/100|[from] item: Rocky Helmet|[of] p1a: Toxicroak
|-damage|p1a: Toxicroak|0 fnt
|-damage|p2a: Magica|51/100|[from] item: Rocky Helmet|[of] p1a: Toxicroak
|faint|p1a: Toxicroak
|-hitcount|p1: Toxicroak|3
|
|-weather|RainDance|[upkeep]
|upkeep
|
|t:|1758292309
|switch|p1a: Iron Treads|Iron Treads|68/100
|turn|15
|
|t:|1758292315
|move|p2a: Magica|Triple Axel|p1a: Iron Treads
|-damage|p1a: Iron Treads|57/100
|-damage|p1a: Iron Treads|37/100
|-crit|p1a: Iron Treads
|-damage|p1a: Iron Treads|0 fnt
|faint|p1a: Iron Treads
|-end|p1a: Iron Treads|Quark Drive|[silent]
|-hitcount|p1: Iron Treads|3
|
|-weather|RainDance|[upkeep]
|upkeep
|
|t:|1758292327
|switch|p1a: Pelipper|Pelipper, F|31/100
|turn|16
|
|t:|1758292335
|move|p2a: Magica|Triple Axel|p1a: Pelipper
|-damage|p1a: Pelipper|15/100
|-damage|p1a: Pelipper|0 fnt
|faint|p1a: Pelipper
|-hitcount|p1: Pelipper|2
|
|-weather|none
|upkeep
|
|t:|1758292337
|switch|p1a: Zapdos|Zapdos, tera:Flying|100/100
|turn|17
|
|t:|1758292341
|move|p2a: Magica|Triple Axel|p1a: Zapdos
|-supereffective|p1a: Zapdos
|-damage|p1a: Zapdos|65/100
|-supereffective|p1a: Zapdos
|-damage|p1a: Zapdos|0 fnt
|-status|p2a: Magica|par|[from] ability: Static|[of] p1a: Zapdos
|faint|p1a: Zapdos
|-hitcount|p1: Zapdos|2
|
|win|pawmot_cute
|raw|M8420's rating: 1440 &rarr; <strong>1418</strong><br />(-22 for losing)
|raw|pawmot_cute's rating: 1404 &rarr; <strong>1426</strong><br />(+22 for winning)
|l|☆M8420
|player|p1|
