|j|☆enrique2503
|j|☆Sparkieboi
|t:|1758316837
|gametype|singles
|player|p1|enrique2503|ghetsis|1117
|player|p2|Sparkieboi|170|1150
|gen|9
|tier|[Gen 9] OU
|rated|
|rule|HP Percentage Mod: HP is shown in percentages
|rule|Endless Battle Clause: Forcing endless battles is banned
|rule|Species Clause: Limit one of each Pokémon
|rule|OHKO Clause: OHKO moves are banned
|rule|Evasion Items Clause: Evasion items are banned
|rule|Evasion Moves Clause: Evasion moves are banned
|rule|Evasion Abilities Clause: Evasion abilities are banned
|rule|Sleep Moves Clause: Sleep-inducing moves are banned
|clearpoke
|poke|p1|Latias, F|
|poke|p1|Alomomola, F|
|poke|p1|Alcremie-Matcha-Cream, F|
|poke|p1|Tornadus-Therian, M|
|poke|p1|Slowking-Galar, F|
|poke|p1|Great Tusk|
|poke|p2|Meganium, M|
|poke|p2|Cinccino, F|
|poke|p2|Skeledirge, F|
|poke|p2|Serperior, M|
|poke|p2|Zapdos-Galar|
|poke|p2|Walking Wake|
|teampreview
|inactive|Battle timer is ON: inactive players will automatically lose when time's up. (requested by Sparkieboi)
|
|t:|1758316847
|teamsize|p1|6
|teamsize|p2|6
|start
|switch|p1a: Latias|Latias, F|100/100
|switch|p2a: Walking Wake|Walking Wake|100/100
|turn|1
|
|t:|1758316868
|-terastallize|p1a: Latias|Poison
|move|p1a: Latias|Agility|p1a: Latias
|-boost|p1a: Latias|spe|2
|move|p2a: Walking Wake|Sunny Day|p2a: Walking Wake
|-weather|SunnyDay
|-activate|p2a: Walking Wake|ability: Protosynthesis
|-start|p2a: Walking Wake|protosynthesisspa
|
|-weather|SunnyDay|[upkeep]
|upkeep
|turn|2
|
|t:|1758316878
|move|p1a: Latias|Calm Mind|p1a: Latias
|-boost|p1a: Latias|spa|1
|-boost|p1a: Latias|spd|1
|move|p2a: Walking Wake|Dragon Pulse|p1a: Latias
|-damage|p1a: Latias|70/100
|
|-weather|SunnyDay|[upkeep]
|upkeep
|turn|3
|
|t:|1758316884
|move|p1a: Latias|Calm Mind|p1a: Latias
|-boost|p1a: Latias|spa|1
|-boost|p1a: Latias|spd|1
|move|p2a: Walking Wake|Hydro Steam|p1a: Latias
|-damage|p1a: Latias|38/100
|
|-weather|SunnyDay|[upkeep]
|upkeep
|turn|4
|
|t:|1758316911
|move|p1a: Latias|Stored Power|p2a: Walking Wake
|-damage|p2a: Walking Wake|0 fnt
|faint|p2a: Walking Wake
|-end|p2a: Walking Wake|Protosynthesis|[silent]
|
|-weather|SunnyDay|[upkeep]
|upkeep
|
|t:|1758316916
|switch|p2a: Skeledirge|Skeledirge, F|100/100
|turn|5
|
|t:|1758316921
|move|p1a: Latias|Stored Power|p2a: Skeledirge
|-damage|p2a: Skeledirge|54/100
|move|p2a: Skeledirge|Torch Song|p1a: Latias
|-damage|p1a: Latias|4/100
|-boost|p2a: Skeledirge|spa|1
|
|-weather|SunnyDay|[upkeep]
|-heal|p2a: Skeledirge|60/100|[from] item: Leftovers
|upkeep
|turn|6
|
|t:|1758316933
|move|p1a: Latias|Stored Power|p2a: Skeledirge
|-damage|p2a: Skeledirge|15/100
|move|p2a: Skeledirge|Torch Song|p1a: Latias
|-damage|p1a: Latias|0 fnt
|-boost|p2a: Skeledirge|spa|1
|faint|p1a: Latias
|
|-weather|SunnyDay|[upkeep]
|-heal|p2a: Skeledirge|21/100|[from] item: Leftovers
|upkeep
|
|t:|1758316942
|switch|p1a: Great Tusk|Great Tusk|100/100
|-activate|p1a: Great Tusk|ability: Protosynthesis
|-start|p1a: Great Tusk|protosynthesisspe
|turn|7
|
|t:|1758316953
|switch|p2a: Meganium|Meganium, M|100/100
|move|p1a: Great Tusk|Headlong Rush|p2a: Meganium
|-resisted|p2a: Meganium
|-damage|p2a: Meganium|79/100
|-unboost|p1a: Great Tusk|def|1
|-unboost|p1a: Great Tusk|spd|1
|
|-weather|SunnyDay|[upkeep]
|-heal|p2a: Meganium|85/100|[from] item: Leftovers
|upkeep
|turn|8
|
|t:|1758316967
|move|p1a: Great Tusk|Ice Spinner|p2a: Meganium
|-supereffective|p2a: Meganium
|-damage|p2a: Meganium|47/100
|move|p2a: Meganium|Leech Seed|p1a: Great Tusk
|-start|p1a: Great Tusk|move: Leech Seed
|
|-weather|none
|-end|p1a: Great Tusk|Protosynthesis
|-heal|p2a: Meganium|53/100|[from] item: Leftovers
|-damage|p1a: Great Tusk|88/100|[from] Leech Seed|[of] p2a: Meganium
|-heal|p2a: Meganium|68/100|[silent]
|upkeep
|turn|9
|
|t:|1758316977
|move|p1a: Great Tusk|Rapid Spin|p2a: Meganium
|-damage|p2a: Meganium|56/100
|-boost|p1a: Great Tusk|spe|1
|-end|p1a: Great Tusk|Leech Seed|[from] move: Rapid Spin|[of] p1a: Great Tusk
|move|p2a: Meganium|Fake Tears|p1a: Great Tusk
|-unboost|p1a: Great Tusk|spd|2
|
|-heal|p2a: Meganium|62/100|[from] item: Leftovers
|upkeep
|turn|10
|
|t:|1758316993
|-end|p1a: Great Tusk|Protosynthesis|[silent]
|switch|p1a: Alomomola|Alomomola, F|100/100
|move|p2a: Meganium|Ancient Power|p1a: Alomomola
|-damage|p1a: Alomomola|85/100
|
|-heal|p2a: Meganium|68/100|[from] item: Leftovers
|upkeep
|turn|11
|
|t:|1758317004
|move|p2a: Meganium|Giga Drain|p1a: Alomomola
|-supereffective|p1a: Alomomola
|-damage|p1a: Alomomola|28/100
|-heal|p2a: Meganium|100/100|[from] drain|[of] p1a: Alomomola
|move|p1a: Alomomola|Flip Turn|p2a: Meganium
|-resisted|p2a: Meganium
|-damage|p2a: Meganium|93/100
|
|t:|1758317012
|switch|p1a: Alcremie|Alcremie-Matcha-Cream, F|100/100|[from] Flip Turn
|
|-heal|p2a: Meganium|99/100|[from] item: Leftovers
|upkeep
|turn|12
|
|t:|1758317030
|move|p2a: Meganium|Leech Seed|p1a: Alcremie
|-start|p1a: Alcremie|move: Leech Seed
|move|p1a: Alcremie|Calm Mind|p1a: Alcremie
|-boost|p1a: Alcremie|spa|1
|-boost|p1a: Alcremie|spd|1
|
|-heal|p2a: Meganium|100/100|[from] item: Leftovers
|-damage|p1a: Alcremie|88/100|[from] Leech Seed|[of] p2a: Meganium
|upkeep
|turn|13
|
|t:|1758317038
|move|p2a: Meganium|Fake Tears|p1a: Alcremie
|-unboost|p1a: Alcremie|spd|2
|move|p1a: Alcremie|Calm Mind|p1a: Alcremie
|-boost|p1a: Alcremie|spa|1
|-boost|p1a: Alcremie|spd|1
|
|-heal|p1a: Alcremie|94/100|[from] item: Leftovers
|-damage|p1a: Alcremie|82/100|[from] Leech Seed|[of] p2a: Meganium
|upkeep
|turn|14
|
|t:|1758317050
|move|p2a: Meganium|Ancient Power|p1a: Alcremie
|-damage|p1a: Alcremie|71/100
|move|p1a: Alcremie|Calm Mind|p1a: Alcremie
|-boost|p1a: Alcremie|spa|1
|-boost|p1a: Alcremie|spd|1
|
|-heal|p1a: Alcremie|77/100|[from] item: Leftovers
|-damage|p1a: Alcremie|65/100|[from] Leech Seed|[of] p2a: Meganium
|upkeep
|turn|15
|
|t:|1758317058
|move|p2a: Meganium|Fake Tears|p1a: Alcremie
|-unboost|p1a: Alcremie|spd|2
|move|p1a: Alcremie|Calm Mind|p1a: Alcremie
|-boost|p1a: Alcremie|spa|1
|-boost|p1a: Alcremie|spd|1
|
|-heal|p1a: Alcremie|71/100|[from] item: Leftovers
|-damage|p1a: Alcremie|59/100|[from] Leech Seed|[of] p2a: Meganium
|upkeep
|turn|16
|
|t:|1758317087
|move|p2a: Meganium|Ancient Power|p1a: Alcremie
|-damage|p1a: Alcremie|47/100
|move|p1a: Alcremie|Calm Mind|p1a: Alcremie
|-boost|p1a: Alcremie|spa|1
|-boost|p1a: Alcremie|spd|1
|
|-heal|p1a: Alcremie|53/100|[from] item: Leftovers
|-damage|p1a: Alcremie|41/100|[from] Leech Seed|[of] p2a: Meganium
|upkeep
|turn|17
|
|t:|1758317097
|move|p2a: Meganium|Ancient Power|p1a: Alcremie
|-damage|p1a: Alcremie|33/100
|-boost|p2a: Meganium|atk|1
|-boost|p2a: Meganium|def|1
|-boost|p2a: Meganium|spa|1
|-boost|p2a: Meganium|spd|1
|-boost|p2a: Meganium|spe|1
|move|p1a: Alcremie|Draining Kiss|p2a: Meganium
|-damage|p2a: Meganium|71/100
|-heal|p1a: Alcremie|57/100|[from] drain|[of] p2a: Meganium
|
|-heal|p2a: Meganium|77/100|[from] item: Leftovers
|-heal|p1a: Alcremie|63/100|[from] item: Leftovers
|-damage|p1a: Alcremie|51/100|[from] Leech Seed|[of] p2a: Meganium
|-heal|p2a: Meganium|88/100|[silent]
|upkeep
|turn|18
|
|t:|1758317109
|move|p2a: Meganium|Ancient Power|p1a: Alcremie
|-damage|p1a: Alcremie|40/100
|move|p1a: Alcremie|Stored Power|p2a: Meganium
|-damage|p2a: Meganium|31/100
|
|-heal|p2a: Meganium|37/100|[from] item: Leftovers
|-heal|p1a: Alcremie|46/100|[from] item: Leftovers
|-damage|p1a: Alcremie|34/100|[from] Leech Seed|[of] p2a: Meganium
|-heal|p2a: Meganium|49/100|[silent]
|upkeep
|turn|19
|l|☆Sparkieboi
|inactive|Sparkieboi disconnected and has a minute to reconnect!
|player|p2|
|j|☆Sparkieboi
|inactive|Sparkieboi reconnected and has 120 seconds left.
|player|p2|Sparkieboi|170|
|
|t:|1758317138
|move|p2a: Meganium|Giga Drain|p1a: Alcremie
|-damage|p1a: Alcremie|13/100
|-heal|p2a: Meganium|58/100|[from] drain|[of] p1a: Alcremie
|move|p1a: Alcremie|Draining Kiss|p2a: Meganium
|-damage|p2a: Meganium|27/100
|-heal|p1a: Alcremie|38/100|[from] drain|[of] p2a: Meganium
|
|-heal|p2a: Meganium|33/100|[from] item: Leftovers
|-heal|p1a: Alcremie|44/100|[from] item: Leftovers
|-damage|p1a: Alcremie|32/100|[from] Leech Seed|[of] p2a: Meganium
|-heal|p2a: Meganium|45/100|[silent]
|upkeep
|turn|20
|inactive|Sparkieboi has 120 seconds left.
|j| amaia2503
|
|t:|1758317158
|move|p2a: Meganium|Giga Drain|p1a: Alcremie
|-damage|p1a: Alcremie|11/100
|-heal|p2a: Meganium|54/100|[from] drain|[of] p1a: Alcremie
|move|p1a: Alcremie|Stored Power|p2a: Meganium
|-damage|p2a: Meganium|0 fnt
|faint|p2a: Meganium
|
|-heal|p1a: Alcremie|17/100|[from] item: Leftovers
|upkeep
|l|☆Sparkieboi
|inactive|Sparkieboi disconnected and has a minute to reconnect!
|player|p2|
|c| amaia2503|Hi <3
|c| amaia2503|enrique
|inactive|Sparkieboi has 30 seconds to reconnect!
|c| amaia2503|helo
|j|☆Sparkieboi
|inactive|Sparkieboi reconnected and has 75 seconds left.
|player|p2|Sparkieboi|170|
|c|☆enrique2503|helo
|c|☆enrique2503|this team is hot garbage
|
|t:|1758317214
|switch|p2a: Zapdos|Zapdos-Galar|100/100
|turn|21
|c| amaia2503|hru????
|c| amaia2503|nah be fr
|
|t:|1758317225
|move|p2a: Zapdos|Facade|p1a: Alcremie
|-damage|p1a: Alcremie|0 fnt
|faint|p1a: Alcremie
|
|upkeep
|c|☆enrique2503|good hbu
|
|t:|1758317232
|switch|p1a: Great Tusk|Great Tusk|88/100
|turn|22
|c| amaia2503|good
|
|t:|1758317241
|switch|p2a: Serperior|Serperior, M|100/100
|move|p1a: Great Tusk|Ice Spinner|p2a: Serperior
|-supereffective|p2a: Serperior
|-damage|p2a: Serperior|40/100
|
|upkeep
|turn|23
|c| amaia2503|oop
|
|t:|1758317252
|move|p2a: Serperior|Leaf Storm|p1a: Great Tusk|[miss]
|-miss|p2a: Serperior|p1a: Great Tusk
|move|p1a: Great Tusk|Ice Spinner|p2a: Serperior
|-supereffective|p2a: Serperior
|-damage|p2a: Serperior|0 fnt
|faint|p2a: Serperior
|
|upkeep
|c|☆enrique2503|crazy predict
|l|☆Sparkieboi
|inactive|Sparkieboi disconnected and has a minute to reconnect!
|player|p2|
|inactive|Sparkieboi has 30 seconds to reconnect!
|c| amaia2503|how tho
|inactive|Sparkieboi has 20 seconds to reconnect!
|inactive|Sparkieboi has 15 seconds to reconnect!
|j|☆Sparkieboi
|inactive|Sparkieboi reconnected and has 30 seconds left.
|player|p2|Sparkieboi|170|
|inactive|Sparkieboi has 20 seconds left.
|inactive|Sparkieboi has 15 seconds left.
|
|t:|1758317318
|switch|p2a: Cinccino|Cinccino, F|100/100
|turn|24
|inactive|Sparkieboi has 25 seconds left this turn.
|c| amaia2503|gogogogogogogogogogogogogogogogoggo
|inactive|Sparkieboi has 20 seconds left.
|
|t:|1758317325
|move|p2a: Cinccino|Tidy Up|p2a: Cinccino
|-boost|p2a: Cinccino|atk|1
|-boost|p2a: Cinccino|spe|1
|move|p1a: Great Tusk|Knock Off|p2a: Cinccino
|-damage|p2a: Cinccino|54/100
|-enditem|p2a: Cinccino|Protective Pads|[from] move: Knock Off|[of] p1a: Great Tusk
|
|upkeep
|turn|25
|inactive|Sparkieboi has 30 seconds left this turn.
|
|t:|1758317339
|-terastallize|p2a: Cinccino|Grass
|move|p2a: Cinccino|Bullet Seed|p1a: Great Tusk
|-supereffective|p1a: Great Tusk
|-damage|p1a: Great Tusk|70/100
|-supereffective|p1a: Great Tusk
|-damage|p1a: Great Tusk|50/100
|-supereffective|p1a: Great Tusk
|-damage|p1a: Great Tusk|30/100
|-supereffective|p1a: Great Tusk
|-damage|p1a: Great Tusk|11/100
|-supereffective|p1a: Great Tusk
|-damage|p1a: Great Tusk|0 fnt
|faint|p1a: Great Tusk
|-end|p1a: Great Tusk|Protosynthesis|[silent]
|-hitcount|p1: Great Tusk|5
|
|upkeep
|c|☆enrique2503|fuck
|
|t:|1758317351
|switch|p1a: Tornadus|Tornadus-Therian, M|100/100
|turn|26
|c| amaia2503|ENRIQUE SPAM
|
|t:|1758317356
|move|p2a: Cinccino|Rock Blast|p1a: Tornadus
|-supereffective|p1a: Tornadus
|-damage|p1a: Tornadus|77/100
|-supereffective|p1a: Tornadus
|-damage|p1a: Tornadus|55/100
|-supereffective|p1a: Tornadus
|-damage|p1a: Tornadus|30/100
|-supereffective|p1a: Tornadus
|-damage|p1a: Tornadus|7/100
|-supereffective|p1a: Tornadus
|-damage|p1a: Tornadus|0 fnt
|faint|p1a: Tornadus
|-hitcount|p1: Tornadus|5
|
|upkeep
|c| amaia2503|irm5myht34hoiy24pexi4ug5h4loiy7849y[0eur5'4p"q
|c|☆enrique2503|nop
|
|t:|1758317370
|switch|p1a: Slowking|Slowking-Galar, F|100/100
|turn|27
|c|☆enrique2503|ggs sparkie
|
|t:|1758317378
|switch|p2a: Skeledirge|Skeledirge, F|21/100
|move|p1a: Slowking|Sludge Bomb|p2a: Skeledirge
|-resisted|p2a: Skeledirge
|-crit|p2a: Skeledirge
|-damage|p2a: Skeledirge|0 fnt
|faint|p2a: Skeledirge
|
|upkeep
|c| amaia2503|BLVUGNOKCMUKYNGFTFYDrgoiy2u08y5690p461234555870-89jugvcfdjfkyurthlgiyffdVy4raL
|c|☆enrique2503|u won
|c|☆enrique2503|fdzvjkijhgfdszxdcfcdvf bsdsjgftftftftftijyhftjygtji
|c| amaia2503|yay:p
|inactive|Sparkieboi has 30 seconds left.
|c|☆enrique2503|i lost
|inactive|Sparkieboi has 20 seconds left.
|
|t:|1758317419
|switch|p2a: Zapdos|Zapdos-Galar|100/100
|turn|28
|inactive|Sparkieboi has 30 seconds left this turn.
|c| amaia2503|nh,fgdotueoitpehruiterhg;gdnkmvn;rkgmrcfkjmtgroeitroterghrlgh5imtfuhftuerhtirgjmrewfpthivgiurtuighlimdieighfjgrkghjvmdhfvnguvtimhcgruhguhtrvlrineigirdkfjhtiyuvithrgiurherimityirg
|inactive|Sparkieboi has 20 seconds left.
|inactive|Sparkieboi has 15 seconds left.
|inactive|Sparkieboi has 10 seconds left.
|c|☆enrique2503|goon
|
|t:|1758317441
|move|p2a: Zapdos|U-turn|p1a: Slowking
|-damage|p1a: Slowking|62/100
|inactive|Sparkieboi has 15 seconds left this turn.
|c| amaia2503|my work here is done :3
|
|t:|1758317444
|switch|p2a: Cinccino|Cinccino, F, tera:Grass|54/100|[from] U-turn
|move|p1a: Slowking|Future Sight|p2a: Cinccino
|-start|p1a: Slowking|move: Future Sight
|
|upkeep
|turn|29
|inactive|Sparkieboi has 25 seconds left this turn.
|inactive|Sparkieboi has 20 seconds left.
|inactive|Sparkieboi has 15 seconds left.
|
|t:|1758317455
|move|p2a: Cinccino|Rock Blast|p1a: Slowking
|-damage|p1a: Slowking|54/100
|-crit|p1a: Slowking
|-damage|p1a: Slowking|42/100
|-damage|p1a: Slowking|34/100
|-damage|p1a: Slowking|26/100
|-damage|p1a: Slowking|19/100
|-hitcount|p1a: Slowking|5
|move|p1a: Slowking|Sludge Bomb|p2a: Cinccino
|-supereffective|p2a: Cinccino
|-damage|p2a: Cinccino|0 fnt
|faint|p2a: Cinccino
|
|upkeep
|inactive|Sparkieboi has 20 seconds left this turn.
|inactive|Sparkieboi has 15 seconds left.
|inactive|Sparkieboi has 10 seconds left.
|
|t:|1758317466
|switch|p2a: Zapdos|Zapdos-Galar|100/100
|turn|30
|inactive|Sparkieboi has 20 seconds left this turn.
|inactive|Sparkieboi has 15 seconds left.
|
|t:|1758317471
|switch|p1a: Alomomola|Alomomola, F|62/100
|move|p2a: Zapdos|Thunderous Kick|p1a: Alomomola
|-damage|p1a: Alomomola|23/100
|-unboost|p1a: Alomomola|def|1
|
|-end|p2a: Zapdos|move: Future Sight
|-supereffective|p2a: Zapdos
|-damage|p2a: Zapdos|0 fnt
|faint|p2a: Zapdos
|
|win|enrique2503
|raw|enrique2503's rating: 1117 &rarr; <strong>1144</strong><br />(+27 for winning)
|raw|Sparkieboi's rating: 1150 &rarr; <strong>1123</strong><br />(-27 for losing)
|l|☆Sparkieboi
|player|p2|
|c|☆enrique2503|i jusst outplayed lol
|c| amaia2503|yayaya
|c| amaia2503|u won xD
|l|☆enrique2503
|player|p1|
|l| amaia2503
