|j|☆jomilico
|j|☆hutaodayo~
|t:|1758351171
|gametype|singles
|player|p1|jomilico|169|1141
|player|p2|hutaodayo~|winona|1136
|gen|9
|tier|[Gen 9] OU
|rated|
|rule|HP Percentage Mod: HP is shown in percentages
|rule|Endless Battle Clause: Forcing endless battles is banned
|rule|Species Clause: Limit one of each Pokémon
|rule|OHKO Clause: OHKO moves are banned
|rule|Evasion Items Clause: Evasion items are banned
|rule|Evasion Moves Clause: Evasion moves are banned
|rule|Evasion Abilities Clause: Evasion abilities are banned
|rule|Sleep Moves Clause: Sleep-inducing moves are banned
|clearpoke
|poke|p1|Garganacl, F|
|poke|p1|Primeape, M|
|poke|p1|Gholdengo|
|poke|p1|Iron Valiant|
|poke|p1|Hydrapple, M|
|poke|p1|Maushold-Four|
|poke|p2|Tyranitar, M|
|poke|p2|Excadrill, M|
|poke|p2|Keldeo-Resolute|
|poke|p2|Tornadus-Therian, M|
|poke|p2|Heatran, F|
|poke|p2|Hydrapple, M|
|teampreview
|
|t:|1758351183
|teamsize|p1|6
|teamsize|p2|6
|start
|switch|p1a: Garganacl|Garganacl, F|100/100
|switch|p2a: Excadrill|Excadrill, M, shiny|100/100
|-item|p2a: Excadrill|Air Balloon
|turn|1
|
|t:|1758351198
|move|p2a: Excadrill|Iron Head|p1a: Garganacl
|-supereffective|p1a: Garganacl
|-damage|p1a: Garganacl|51/100
|-damage|p2a: Excadrill|84/100|[from] item: Rocky Helmet|[of] p1a: Garganacl
|move|p1a: Garganacl|Salt Cure|p2a: Excadrill
|-resisted|p2a: Excadrill
|-damage|p2a: Excadrill|79/100
|-start|p2a: Excadrill|Salt Cure
|-enditem|p2a: Excadrill|Air Balloon
|
|-damage|p2a: Excadrill|54/100|[from] Salt Cure
|upkeep
|turn|2
|
|t:|1758351214
|switch|p2a: Keldeo|Keldeo-Resolute, shiny|100/100
|move|p1a: Garganacl|Recover|p1a: Garganacl
|-heal|p1a: Garganacl|100/100
|
|upkeep
|turn|3
|
|t:|1758351230
|switch|p1a: Primeape|Primeape, M|100/100
|move|p2a: Keldeo|Surf|p1a: Primeape
|-damage|p1a: Primeape|60/100
|
|upkeep
|turn|4
|
|t:|1758351243
|move|p2a: Keldeo|Surf|p1a: Primeape
|-damage|p1a: Primeape|19/100
|move|p1a: Primeape|Drain Punch|p2a: Keldeo
|-damage|p2a: Keldeo|72/100
|-heal|p1a: Primeape|33/100|[from] drain|[of] p2a: Keldeo
|
|upkeep
|turn|5
|
|t:|1758351255
|move|p2a: Keldeo|Surf|p1a: Primeape
|-damage|p1a: Primeape|0 fnt
|faint|p1a: Primeape
|
|upkeep
|
|t:|1758351264
|switch|p1a: Maushold|Maushold-Four|100/100
|turn|6
|
|t:|1758351267
|move|p1a: Maushold|Population Bomb|p2a: Keldeo
|-damage|p2a: Keldeo|60/100
|-damage|p2a: Keldeo|48/100
|-damage|p2a: Keldeo|35/100
|-damage|p2a: Keldeo|24/100
|-hitcount|p2a: Keldeo|4
|move|p2a: Keldeo|Surf|p1a: Maushold
|-damage|p1a: Maushold|0 fnt
|faint|p1a: Maushold
|
|upkeep
|-message|jomilico forfeited.
|
|win|hutaodayo~
|raw|jomilico's rating: 1141 &rarr; <strong>1116</strong><br />(-25 for losing)
|raw|hutaodayo~'s rating: 1136 &rarr; <strong>1161</strong><br />(+25 for winning)
|l|☆jomilico
|player|p1|
|l|☆hutaodayo~
|player|p2|
