|j|☆fyeeze
|j|☆Artenshi
|t:|1758232675
|gametype|singles
|player|p1|fyeeze|n|1067
|player|p2|Artenshi|bruno|1000
|gen|9
|tier|[Gen 9] OU
|rated|
|rule|HP Percentage Mod: HP is shown in percentages
|rule|Endless Battle Clause: Forcing endless battles is banned
|rule|Species Clause: Limit one of each Pokémon
|rule|OHKO Clause: OHKO moves are banned
|rule|Evasion Items Clause: Evasion items are banned
|rule|Evasion Moves Clause: Evasion moves are banned
|rule|Evasion Abilities Clause: Evasion abilities are banned
|rule|Sleep Moves Clause: Sleep-inducing moves are banned
|clearpoke
|poke|p1|Serperior, M|
|poke|p1|Hydreigon, F|
|poke|p1|Ursaluna, F|
|poke|p1|Iron Crown|
|poke|p1|Hitmonlee, M|
|poke|p1|Hydrapple, M|
|poke|p2|Sylveon, F|
|poke|p2|Pawmot, M|
|poke|p2|Amoonguss, M|
|poke|p2|Iron Moth|
|poke|p2|Gholdengo|
|poke|p2|Dragonite, F|
|teampreview
|
|t:|1758232689
|teamsize|p1|6
|teamsize|p2|6
|start
|switch|p1a: cocaine bear|Ursaluna, F, shiny|100/100
|switch|p2a: Dragonite|Dragonite, F|100/100
|turn|1
|
|t:|1758232702
|move|p2a: Dragonite|Aqua Tail|p1a: cocaine bear
|-supereffective|p1a: cocaine bear
|-damage|p1a: cocaine bear|40/100
|move|p1a: cocaine bear|Belly Drum||[still]
|-fail|p1a: cocaine bear
|
|-status|p1a: cocaine bear|brn|[from] item: Flame Orb
|upkeep
|turn|2
|
|t:|1758232716
|move|p2a: Dragonite|Ice Spinner|p1a: cocaine bear
|-supereffective|p1a: cocaine bear
|-damage|p1a: cocaine bear|0 fnt
|faint|p1a: cocaine bear
|
|upkeep
|
|t:|1758232726
|switch|p1a: Hydreigon|Hydreigon, F, shiny|100/100
|turn|3
|
|t:|1758232732
|-terastallize|p1a: Hydreigon|Dark
|-terastallize|p2a: Dragonite|Normal
|move|p1a: Hydreigon|Nasty Plot|p1a: Hydreigon
|-boost|p1a: Hydreigon|spa|2
|move|p2a: Dragonite|Scale Shot|p1a: Hydreigon
|-damage|p1a: Hydreigon|83/100
|-damage|p1a: Hydreigon|64/100
|-crit|p1a: Hydreigon
|-damage|p1a: Hydreigon|36/100
|-damage|p1a: Hydreigon|18/100
|-hitcount|p1a: Hydreigon|4
|-unboost|p2a: Dragonite|def|1
|-boost|p2a: Dragonite|spe|1
|
|upkeep
|turn|4
|
|t:|1758232749
|switch|p2a: Sylveon|Sylveon, F|100/100
|move|p1a: Hydreigon|Dark Pulse|p2a: Sylveon
|-resisted|p2a: Sylveon
|-damage|p2a: Sylveon|63/100
|
|-heal|p2a: Sylveon|69/100|[from] item: Leftovers
|upkeep
|turn|5
|
|t:|1758232759
|move|p1a: Hydreigon|U-turn|p2a: Sylveon
|-resisted|p2a: Sylveon
|-damage|p2a: Sylveon|63/100
|
|t:|1758232762
|switch|p1a: Iron Crown|Iron Crown|100/100|[from] U-turn
|move|p2a: Sylveon|Hyper Voice|p1a: Iron Crown
|-resisted|p1a: Iron Crown
|-damage|p1a: Iron Crown|79/100
|
|-heal|p2a: Sylveon|69/100|[from] item: Leftovers
|upkeep
|turn|6
|
|t:|1758232771
|move|p2a: Sylveon|Protect|p2a: Sylveon
|-singleturn|p2a: Sylveon|Protect
|move|p1a: Iron Crown|Calm Mind|p1a: Iron Crown
|-boost|p1a: Iron Crown|spa|1
|-boost|p1a: Iron Crown|spd|1
|
|-heal|p2a: Sylveon|75/100|[from] item: Leftovers
|upkeep
|turn|7
|
|t:|1758232779
|move|p1a: Iron Crown|Tachyon Cutter|p2a: Sylveon
|-supereffective|p2a: Sylveon
|-damage|p2a: Sylveon|28/100
|-supereffective|p2a: Sylveon
|-damage|p2a: Sylveon|0 fnt
|faint|p2a: Sylveon
|-hitcount|p2: Sylveon|2
|
|upkeep
|inactive|Battle timer is ON: inactive players will automatically lose when time's up. (requested by fyeeze)
|
|t:|1758232799
|switch|p2a: Dragonite|Dragonite, F, tera:Normal|100/100
|turn|8
|
|t:|1758232813
|-end|p1a: Iron Crown|Quark Drive|[silent]
|switch|p1a: Serperior|Serperior, M, shiny|100/100
|move|p2a: Dragonite|Ice Spinner|p1a: Serperior
|-supereffective|p1a: Serperior
|-damage|p1a: Serperior|22/100
|
|upkeep
|turn|9
|
|t:|1758232825
|move|p1a: Serperior|Dragon Pulse|p2a: Dragonite
|-damage|p2a: Dragonite|89/100
|move|p2a: Dragonite|Earthquake|p1a: Serperior
|-resisted|p1a: Serperior
|-damage|p1a: Serperior|0 fnt
|faint|p1a: Serperior
|
|upkeep
|
|t:|1758232835
|switch|p1a: Hitmonlee|Hitmonlee, M, shiny|100/100
|turn|10
|
|t:|1758232846
|move|p1a: Hitmonlee|Endure|p1a: Hitmonlee
|-singleturn|p1a: Hitmonlee|move: Endure
|move|p2a: Dragonite|Scale Shot|p1a: Hitmonlee
|-damage|p1a: Hitmonlee|63/100
|-damage|p1a: Hitmonlee|28/100
|-activate|p1a: Hitmonlee|move: Endure
|-damage|p1a: Hitmonlee|1/100
|-enditem|p1a: Hitmonlee|Liechi Berry|[eat]
|-boost|p1a: Hitmonlee|atk|1|[from] item: Liechi Berry
|-activate|p1a: Hitmonlee|move: Endure
|-damage|p1a: Hitmonlee|1/100
|-activate|p1a: Hitmonlee|move: Endure
|-damage|p1a: Hitmonlee|1/100
|-hitcount|p1a: Hitmonlee|5
|-unboost|p2a: Dragonite|def|1
|-boost|p2a: Dragonite|spe|1
|
|upkeep
|turn|11
|
|t:|1758232869
|move|p1a: Hitmonlee|Upper Hand||[still]
|-fail|p1a: Hitmonlee
|move|p2a: Dragonite|Earthquake|p1a: Hitmonlee
|-damage|p1a: Hitmonlee|0 fnt
|faint|p1a: Hitmonlee
|
|upkeep
|
|t:|1758232877
|switch|p1a: Hydrapple|Hydrapple, M, shiny|100/100
|turn|12
|
|t:|1758232891
|move|p2a: Dragonite|Ice Spinner|p1a: Hydrapple
|-supereffective|p1a: Hydrapple
|-damage|p1a: Hydrapple|4/100
|move|p1a: Hydrapple|Nasty Plot|p1a: Hydrapple
|-boost|p1a: Hydrapple|spa|2
|
|upkeep
|turn|13
|inactive|fyeeze has 120 seconds left.
|
|t:|1758232918
|move|p2a: Dragonite|Earthquake|p1a: Hydrapple
|-resisted|p1a: Hydrapple
|-damage|p1a: Hydrapple|0 fnt
|faint|p1a: Hydrapple
|
|upkeep
|inactive|fyeeze has 120 seconds left.
|
|t:|1758232923
|switch|p1a: Iron Crown|Iron Crown|79/100
|turn|14
|
|t:|1758232928
|move|p2a: Dragonite|Ice Spinner|p1a: Iron Crown
|-resisted|p1a: Iron Crown
|-crit|p1a: Iron Crown
|-damage|p1a: Iron Crown|54/100
|move|p1a: Iron Crown|Sacred Sword|p2a: Dragonite
|-supereffective|p2a: Dragonite
|-damage|p2a: Dragonite|54/100
|
|upkeep
|turn|15
|
|t:|1758232944
|move|p2a: Dragonite|Scale Shot|p1a: Iron Crown
|-resisted|p1a: Iron Crown
|-crit|p1a: Iron Crown
|-damage|p1a: Iron Crown|40/100
|-resisted|p1a: Iron Crown
|-damage|p1a: Iron Crown|32/100
|-resisted|p1a: Iron Crown
|-damage|p1a: Iron Crown|24/100
|-resisted|p1a: Iron Crown
|-damage|p1a: Iron Crown|14/100
|-resisted|p1a: Iron Crown
|-damage|p1a: Iron Crown|6/100
|-hitcount|p1a: Iron Crown|5
|-unboost|p2a: Dragonite|def|1
|-boost|p2a: Dragonite|spe|1
|move|p1a: Iron Crown|Tachyon Cutter|p2a: Dragonite
|-damage|p2a: Dragonite|29/100
|-damage|p2a: Dragonite|3/100
|-hitcount|p2a: Dragonite|2
|
|upkeep
|turn|16
|
|t:|1758232962
|move|p2a: Dragonite|Scale Shot|p1a: Iron Crown
|-resisted|p1a: Iron Crown
|-damage|p1a: Iron Crown|0 fnt
|faint|p1a: Iron Crown
|-end|p1a: Iron Crown|Quark Drive|[silent]
|-hitcount|p1: Iron Crown|1
|-unboost|p2a: Dragonite|def|1
|-boost|p2a: Dragonite|spe|1
|
|upkeep
|
|t:|1758232969
|switch|p1a: Hydreigon|Hydreigon, F, shiny, tera:Dark|18/100
|turn|17
|
|t:|1758232972
|move|p2a: Dragonite|Ice Spinner|p1a: Hydreigon
|-damage|p1a: Hydreigon|0 fnt
|faint|p1a: Hydreigon
|
|win|Artenshi
|raw|fyeeze's rating: 1067 &rarr; <strong>1043</strong><br />(-24 for losing)
|raw|Artenshi's rating: 1000 &rarr; <strong>1048</strong><br />(+48 for winning)
|l|☆fyeeze
|player|p1|
