|j|☆miriasa
|j|☆serving up heat
|t:|1758303904
|gametype|singles
|player|p1|miriasa|marley|1614
|player|p2|serving up heat|waitress|1682
|gen|9
|tier|[Gen 9] OU
|rated|
|rule|HP Percentage Mod: HP is shown in percentages
|rule|Endless Battle Clause: Forcing endless battles is banned
|rule|Species Clause: Limit one of each Pokémon
|rule|OHKO Clause: OHKO moves are banned
|rule|Evasion Items Clause: Evasion items are banned
|rule|Evasion Moves Clause: Evasion moves are banned
|rule|Evasion Abilities Clause: Evasion abilities are banned
|rule|Sleep Moves Clause: Sleep-inducing moves are banned
|clearpoke
|poke|p1|Lokix, F|
|poke|p1|Hatterene, F|
|poke|p1|Ting-Lu|
|poke|p1|Dondozo, F|
|poke|p1|Dragapult, F|
|poke|p1|Gholdengo|
|poke|p2|Iron Valiant|
|poke|p2|Kingambit, F|
|poke|p2|Pecharunt|
|poke|p2|Hydreigon, M|
|poke|p2|Landorus-Therian, M|
|poke|p2|Samurott-Hisui, M|
|teampreview
|inactive|Battle timer is ON: inactive players will automatically lose when time's up. (requested by miriasa)
|
|t:|1758303930
|teamsize|p1|6
|teamsize|p2|6
|start
|switch|p1a: Dragapult|Dragapult, F|100/100
|switch|p2a: iron theyden|Iron Valiant|100/100
|turn|1
|
|t:|1758303937
|switch|p1a: Hatterene|Hatterene, F, shiny|100/100
|move|p2a: iron theyden|Knock Off|p1a: Hatterene
|-damage|p1a: Hatterene|44/100
|-enditem|p1a: Hatterene|Assault Vest|[from] move: Knock Off|[of] p2a: iron theyden
|
|upkeep
|turn|2
|
|t:|1758303952
|-end|p2a: iron theyden|Quark Drive|[silent]
|switch|p2a: caravan|Landorus-Therian, M|100/100
|-ability|p2a: caravan|Intimidate|boost
|-unboost|p1a: Hatterene|atk|1
|move|p1a: Hatterene|Psychic Noise|p2a: caravan
|-damage|p2a: caravan|56/100
|-start|p2a: caravan|move: Heal Block
|
|upkeep
|turn|3
|
|t:|1758303960
|switch|p1a: Lokix|Lokix, F|100/100
|move|p2a: caravan|Earthquake|p1a: Lokix
|-resisted|p1a: Lokix
|-damage|p1a: Lokix|69/100
|
|-end|p2a: caravan|move: Heal Block
|upkeep
|turn|4
|
|t:|1758303969
|move|p2a: caravan|Stealth Rock|p1a: Lokix
|-sidestart|p1: miriasa|move: Stealth Rock
|move|p1a: Lokix|U-turn|p2a: caravan
|-resisted|p2a: caravan
|-damage|p2a: caravan|4/100
|-damage|p1a: Lokix|52/100|[from] item: Rocky Helmet|[of] p2a: caravan
|
|t:|1758303974
|switch|p1a: Dragapult|Dragapult, F|100/100|[from] U-turn
|
|upkeep
|turn|5
|
|t:|1758303980
|switch|p2a: i <3 edging|Samurott-Hisui, M|100/100
|move|p1a: Dragapult|Hex|p2a: i <3 edging
|-resisted|p2a: i <3 edging
|-damage|p2a: i <3 edging|90/100
|
|upkeep
|turn|6
|
|t:|1758303986
|move|p1a: Dragapult|U-turn|p2a: i <3 edging
|-supereffective|p2a: i <3 edging
|-damage|p2a: i <3 edging|56/100
|
|t:|1758303996
|switch|p1a: Ting-Lu|Ting-Lu|100/100|[from] U-turn
|-damage|p1a: Ting-Lu|94/100|[from] Stealth Rock
|-ability|p1a: Ting-Lu|Vessel of Ruin
|move|p2a: i <3 edging|Knock Off|p1a: Ting-Lu
|-resisted|p1a: Ting-Lu
|-damage|p1a: Ting-Lu|81/100
|-enditem|p1a: Ting-Lu|Leftovers|[from] move: Knock Off|[of] p2a: i <3 edging
|
|upkeep
|turn|7
|
|t:|1758304002
|move|p2a: i <3 edging|Razor Shell|p1a: Ting-Lu|[miss]
|-miss|p2a: i <3 edging|p1a: Ting-Lu
|move|p1a: Ting-Lu|Earthquake|p2a: i <3 edging
|-damage|p2a: i <3 edging|17/100
|
|upkeep
|turn|8
|
|t:|1758304015
|switch|p1a: Dondozo|Dondozo, F, shiny|100/100
|-damage|p1a: Dondozo|88/100|[from] Stealth Rock
|move|p2a: i <3 edging|Ceaseless Edge|p1a: Dondozo
|-damage|p1a: Dondozo|67/100
|-sidestart|p1: miriasa|Spikes
|
|-heal|p1a: Dondozo|73/100|[from] item: Leftovers
|upkeep
|turn|9
|
|t:|1758304029
|move|p2a: i <3 edging|Ceaseless Edge|p1a: Dondozo
|-damage|p1a: Dondozo|53/100
|-sidestart|p1: miriasa|Spikes
|move|p1a: Dondozo|Body Press|p2a: i <3 edging
|-supereffective|p2a: i <3 edging
|-damage|p2a: i <3 edging|0 fnt
|faint|p2a: i <3 edging
|
|-heal|p1a: Dondozo|59/100|[from] item: Leftovers
|upkeep
|inactive|serving up heat has 120 seconds left.
|
|t:|1758304056
|switch|p2a: serve runt|Pecharunt|100/100
|turn|10
|
|t:|1758304077
|move|p2a: serve runt|Hex|p1a: Dondozo
|-damage|p1a: Dondozo|41/100
|move|p1a: Dondozo|Rest|p1a: Dondozo
|-status|p1a: Dondozo|slp|[from] move: Rest
|-heal|p1a: Dondozo|100/100 slp|[silent]
|
|upkeep
|turn|11
|
|t:|1758304085
|switch|p1a: Ting-Lu|Ting-Lu|81/100
|-damage|p1a: Ting-Lu|75/100|[from] Stealth Rock
|-damage|p1a: Ting-Lu|58/100|[from] Spikes
|-ability|p1a: Ting-Lu|Vessel of Ruin
|move|p2a: serve runt|Hex|p1a: Ting-Lu
|-resisted|p1a: Ting-Lu
|-damage|p1a: Ting-Lu|54/100
|
|upkeep
|turn|12
|
|t:|1758304089
|move|p2a: serve runt|Parting Shot|p1a: Ting-Lu
|-unboost|p1a: Ting-Lu|atk|1
|-unboost|p1a: Ting-Lu|spa|1
|
|t:|1758304091
|switch|p2a: caravan|Landorus-Therian, M|4/100|[from] Parting Shot
|-ability|p2a: caravan|Intimidate|boost
|-unboost|p1a: Ting-Lu|atk|1
|move|p1a: Ting-Lu|Stealth Rock|p2a: caravan
|-sidestart|p2: serving up heat|move: Stealth Rock
|
|upkeep
|turn|13
|
|t:|1758304106
|switch|p1a: Hatterene|Hatterene, F, shiny|44/100
|-damage|p1a: Hatterene|32/100|[from] Stealth Rock
|-damage|p1a: Hatterene|15/100|[from] Spikes
|move|p2a: caravan|Earthquake|p1a: Hatterene
|-damage|p1a: Hatterene|0 fnt
|faint|p1a: Hatterene
|
|upkeep
|
|t:|1758304108
|switch|p1a: Dragapult|Dragapult, F|100/100
|turn|14
|
|t:|1758304122
|move|p1a: Dragapult|Will-O-Wisp|p2a: caravan
|-status|p2a: caravan|brn
|move|p2a: caravan|Earthquake|p1a: Dragapult
|-damage|p1a: Dragapult|67/100
|
|-damage|p2a: caravan|0 fnt|[from] brn
|faint|p2a: caravan
|upkeep
|
|t:|1758304140
|switch|p2a: serve runt|Pecharunt|100/100
|turn|15
|
|t:|1758304146
|move|p1a: Dragapult|U-turn|p2a: serve runt
|-resisted|p2a: serve runt
|-damage|p2a: serve runt|98/100
|
|t:|1758304151
|switch|p1a: Gholdengo|Gholdengo|100/100|[from] U-turn
|-damage|p1a: Gholdengo|94/100|[from] Stealth Rock
|-damage|p1a: Gholdengo|78/100|[from] Spikes
|move|p2a: serve runt|Hex|p1a: Gholdengo
|-supereffective|p1a: Gholdengo
|-damage|p1a: Gholdengo|28/100
|
|upkeep
|turn|16
|
|t:|1758304165
|move|p1a: Gholdengo|Dazzling Gleam|p2a: serve runt
|-resisted|p2a: serve runt
|-damage|p2a: serve runt|85/100
|move|p2a: serve runt|Hex|p1a: Gholdengo
|-supereffective|p1a: Gholdengo
|-damage|p1a: Gholdengo|0 fnt
|faint|p1a: Gholdengo
|
|upkeep
|
|t:|1758304167
|switch|p1a: Lokix|Lokix, F|52/100
|-damage|p1a: Lokix|27/100|[from] Stealth Rock
|-damage|p1a: Lokix|11/100|[from] Spikes
|turn|17
|
|t:|1758304175
|move|p2a: serve runt|Hex|p1a: Lokix
|-resisted|p1a: Lokix
|-damage|p1a: Lokix|0 fnt
|faint|p1a: Lokix
|
|upkeep
|
|t:|1758304179
|switch|p1a: Dragapult|Dragapult, F|67/100
|turn|18
|
|t:|1758304184
|-terastallize|p1a: Dragapult|Fairy
|move|p1a: Dragapult|Will-O-Wisp|p2a: serve runt
|-status|p2a: serve runt|brn
|move|p2a: serve runt|Hex|p1a: Dragapult
|-damage|p1a: Dragapult|39/100
|
|-damage|p2a: serve runt|79/100 brn|[from] brn
|upkeep
|turn|19
|
|t:|1758304193
|-terastallize|p2a: serve runt|Poison
|move|p1a: Dragapult|Hex|p2a: serve runt
|-damage|p2a: serve runt|25/100 brn
|move|p2a: serve runt|Malignant Chain|p1a: Dragapult
|-supereffective|p1a: Dragapult
|-damage|p1a: Dragapult|0 fnt
|faint|p1a: Dragapult
|
|-damage|p2a: serve runt|18/100 brn|[from] brn
|upkeep
|-message|miriasa forfeited.
|
|win|serving up heat
|raw|miriasa's rating: 1614 &rarr; <strong>1598</strong><br />(-16 for losing)
|raw|serving up heat's rating: 1682 &rarr; <strong>1698</strong><br />(+16 for winning)
|l|☆miriasa
|player|p1|
|l|☆serving up heat
|player|p2|
