|j|☆Markuss205
|j|☆wugwugwugwugwugwug
|t:|1758353229
|gametype|singles
|player|p1|Markuss205|volkner|1219
|player|p2|wugwugwugwugwugwug|170|1219
|gen|9
|tier|[Gen 9] OU
|rated|
|rule|HP Percentage Mod: HP is shown in percentages
|rule|Endless Battle Clause: Forcing endless battles is banned
|rule|Species Clause: Limit one of each Pokémon
|rule|OHKO Clause: OHKO moves are banned
|rule|Evasion Items Clause: Evasion items are banned
|rule|Evasion Moves Clause: Evasion moves are banned
|rule|Evasion Abilities Clause: Evasion abilities are banned
|rule|Sleep Moves Clause: Sleep-inducing moves are banned
|clearpoke
|poke|p1|Infernape, M|
|poke|p1|Empoleon, M|
|poke|p1|Torterra, M|
|poke|p1|Staraptor, M|
|poke|p1|Weavile, M|
|poke|p1|Garchomp, M|
|poke|p2|Whimsicott, F|
|poke|p2|Ting-Lu|
|poke|p2|Great Tusk|
|poke|p2|Mew|
|poke|p2|Iron Crown|
|poke|p2|Eelektross, M|
|teampreview
|
|t:|1758353248
|teamsize|p1|6
|teamsize|p2|6
|start
|switch|p1a: Weavile|Weavile, M|100/100
|switch|p2a: Eelektross|Eelektross, M|100/100
|turn|1
|
|t:|1758353265
|move|p1a: Weavile|Swords Dance|p1a: Weavile
|-boost|p1a: Weavile|atk|2
|move|p2a: Eelektross|Coil|p2a: Eelektross
|-boost|p2a: Eelektross|atk|1
|-boost|p2a: Eelektross|def|1
|-boost|p2a: Eelektross|accuracy|1
|
|upkeep
|turn|2
|
|t:|1758353275
|-terastallize|p1a: Weavile|Dark
|move|p1a: Weavile|Knock Off|p2a: Eelektross
|-damage|p2a: Eelektross|12/100
|-enditem|p2a: Eelektross|Leftovers|[from] move: Knock Off|[of] p1a: Weavile
|move|p2a: Eelektross|Zap Cannon|p1a: Weavile
|-damage|p1a: Weavile|36/100
|-status|p1a: Weavile|par
|
|upkeep
|turn|3
|
|t:|1758353287
|cant|p1a: Weavile|par
|move|p2a: Eelektross|Body Press|p1a: Weavile
|-supereffective|p1a: Weavile
|-damage|p1a: Weavile|0 fnt
|faint|p1a: Weavile
|
|upkeep
|inactive|Battle timer is ON: inactive players will automatically lose when time's up. (requested by wugwugwugwugwugwug)
|inactive|Markuss205 has 120 seconds left.
|
|t:|1758353357
|switch|p1a: Infernape|Infernape, M|100/100
|turn|4
|
|t:|1758353375
|move|p1a: Infernape|Flamethrower|p2a: Eelektross
|-damage|p2a: Eelektross|0 fnt
|faint|p2a: Eelektross
|
|upkeep
|
|t:|1758353382
|switch|p2a: Whimsicott|Whimsicott, F|100/100
|turn|5
|inactive|Markuss205 has 120 seconds left.
|
|t:|1758353413
|move|p2a: Whimsicott|Endeavor|p1a: Infernape
|-damage|p1a: Infernape|90/100
|move|p1a: Infernape|Flamethrower|p2a: Whimsicott
|-supereffective|p2a: Whimsicott
|-enditem|p2a: Whimsicott|Focus Sash
|-damage|p2a: Whimsicott|1/100
|
|upkeep
|turn|6
|
|t:|1758353427
|move|p1a: Infernape|Vacuum Wave|p2a: Whimsicott
|-resisted|p2a: Whimsicott
|-damage|p2a: Whimsicott|0 fnt
|faint|p2a: Whimsicott
|
|upkeep
|
|t:|1758353433
|switch|p2a: Mew|Mew|100/100
|turn|7
|
|t:|1758353438
|switch|p1a: Garchomp|Garchomp, M|100/100
|move|p2a: Mew|Imprison|p2a: Mew
|-start|p2a: Mew|move: Imprison
|
|upkeep
|turn|8
|
|t:|1758353455
|move|p1a: Garchomp|Scale Shot|p2a: Mew
|-damage|p2a: Mew|89/100
|-damage|p2a: Mew|78/100
|-damage|p2a: Mew|67/100
|-damage|p2a: Mew|55/100
|-damage|p2a: Mew|44/100
|-hitcount|p2a: Mew|5
|-unboost|p1a: Garchomp|def|1
|-boost|p1a: Garchomp|spe|1
|move|p2a: Mew|Transform|p1a: Garchomp
|-transform|p2a: Mew|p1a: Garchomp
|
|-heal|p2a: Mew|50/100|[from] item: Leftovers
|upkeep
|turn|9
|
|t:|1758353473
|-activate|p1a: Garchomp|move: Struggle
|move|p1a: Garchomp|Struggle|p2a: Mew
|-damage|p2a: Mew|28/100
|-damage|p1a: Garchomp|88/100|[from] ability: Rough Skin|[of] p2a: Mew
|-damage|p1a: Garchomp|63/100|[from] recoil
|move|p2a: Mew|Swords Dance|p2a: Mew
|-boost|p2a: Mew|atk|2
|
|-heal|p2a: Mew|34/100|[from] item: Leftovers
|upkeep
|turn|10
|
|t:|1758353484
|-activate|p1a: Garchomp|move: Struggle
|move|p1a: Garchomp|Struggle|p2a: Mew
|-damage|p2a: Mew|11/100
|-damage|p1a: Garchomp|51/100|[from] ability: Rough Skin|[of] p2a: Mew
|-damage|p1a: Garchomp|26/100|[from] recoil
|move|p2a: Mew|Scale Shot|p1a: Garchomp
|-supereffective|p1a: Garchomp
|-damage|p1a: Garchomp|0 fnt
|faint|p1a: Garchomp
|-hitcount|p1: Garchomp|1
|-unboost|p2a: Mew|def|1
|-boost|p2a: Mew|spe|1
|
|-heal|p2a: Mew|18/100|[from] item: Leftovers
|upkeep
|
|t:|1758353495
|switch|p1a: Staraptor|Staraptor, M|100/100
|turn|11
|
|t:|1758353500
|move|p1a: Staraptor|Quick Attack|p2a: Mew
|-damage|p2a: Mew|0 fnt
|-damage|p1a: Staraptor|88/100|[from] ability: Rough Skin|[of] p2a: Mew
|faint|p2a: Mew
|
|upkeep
|
|t:|1758353506
|switch|p2a: Iron Crown|Iron Crown|100/100
|turn|12
|
|t:|1758353516
|switch|p1a: Empoleon|Empoleon, M|100/100
|move|p2a: Iron Crown|Agility|p2a: Iron Crown
|-boost|p2a: Iron Crown|spe|2
|
|upkeep
|turn|13
|
|t:|1758353532
|move|p2a: Iron Crown|Calm Mind|p2a: Iron Crown
|-boost|p2a: Iron Crown|spa|1
|-boost|p2a: Iron Crown|spd|1
|move|p1a: Empoleon|Surf|p2a: Iron Crown
|-damage|p2a: Iron Crown|78/100
|
|-heal|p2a: Iron Crown|84/100|[from] item: Leftovers
|upkeep
|turn|14
|
|t:|1758353536
|switch|p1a: Torterra|Torterra, M|100/100
|move|p2a: Iron Crown|Calm Mind|p2a: Iron Crown
|-boost|p2a: Iron Crown|spa|1
|-boost|p2a: Iron Crown|spd|1
|
|-heal|p2a: Iron Crown|90/100|[from] item: Leftovers
|upkeep
|turn|15
|
|t:|1758353544
|move|p2a: Iron Crown|Tachyon Cutter|p1a: Torterra
|-damage|p1a: Torterra|37/100
|-damage|p1a: Torterra|0 fnt
|faint|p1a: Torterra
|-hitcount|p1: Torterra|2
|
|-heal|p2a: Iron Crown|96/100|[from] item: Leftovers
|upkeep
|
|t:|1758353548
|switch|p1a: Empoleon|Empoleon, M|100/100
|turn|16
|
|t:|1758353553
|move|p2a: Iron Crown|Calm Mind|p2a: Iron Crown
|-boost|p2a: Iron Crown|spa|1
|-boost|p2a: Iron Crown|spd|1
|move|p1a: Empoleon|Surf|p2a: Iron Crown
|-damage|p2a: Iron Crown|81/100
|
|-heal|p2a: Iron Crown|87/100|[from] item: Leftovers
|upkeep
|turn|17
|
|t:|1758353555
|move|p2a: Iron Crown|Calm Mind|p2a: Iron Crown
|-boost|p2a: Iron Crown|spa|1
|-boost|p2a: Iron Crown|spd|1
|move|p1a: Empoleon|Surf|p2a: Iron Crown
|-damage|p2a: Iron Crown|75/100
|
|-heal|p2a: Iron Crown|81/100|[from] item: Leftovers
|upkeep
|turn|18
|
|t:|1758353557
|move|p2a: Iron Crown|Calm Mind|p2a: Iron Crown
|-boost|p2a: Iron Crown|spa|1
|-boost|p2a: Iron Crown|spd|1
|move|p1a: Empoleon|Surf|p2a: Iron Crown
|-damage|p2a: Iron Crown|71/100
|
|-heal|p2a: Iron Crown|77/100|[from] item: Leftovers
|upkeep
|turn|19
|
|t:|1758353559
|move|p2a: Iron Crown|Calm Mind|p2a: Iron Crown
|-boost|p2a: Iron Crown|spa|1
|-boost|p2a: Iron Crown|spd|1
|move|p1a: Empoleon|Surf|p2a: Iron Crown
|-damage|p2a: Iron Crown|69/100
|
|-heal|p2a: Iron Crown|75/100|[from] item: Leftovers
|upkeep
|turn|20
|
|t:|1758353567
|move|p2a: Iron Crown|Agility|p2a: Iron Crown
|-boost|p2a: Iron Crown|spe|2
|move|p1a: Empoleon|Surf|p2a: Iron Crown
|-damage|p2a: Iron Crown|66/100
|
|-heal|p2a: Iron Crown|72/100|[from] item: Leftovers
|upkeep
|turn|21
|-message|Markuss205 forfeited.
|
|win|wugwugwugwugwugwug
|raw|Markuss205's rating: 1219 &rarr; <strong>1194</strong><br />(-25 for losing)
|raw|wugwugwugwugwugwug's rating: 1219 &rarr; <strong>1244</strong><br />(+25 for winning)
|l|☆Markuss205
|player|p1|
|l|☆wugwugwugwugwugwug
|player|p2|
