|badge|p2|silver|gen9ru|30-6
|uhtml|medal-msg|<div class="broadcast-blue">Curious what those medals under the avatar are? PS now has Ladder Seasons! For more information, check out the <a href="https://www.smogon.com/forums/threads/3740067/">thread on Smogon.</a></div>
|j|☆fate1q
|j|☆JoelMasterX@!
|inactive|Battle timer is ON: inactive players will automatically lose when time's up.
|t:|1758313077
|gametype|singles
|player|p1|fate1q|lucas|
|player|p2|JoelMasterX|carmine-festival|
|gen|9
|tier|[Gen 9] OU
|rated|Tournament battle
|rule|HP Percentage Mod: HP is shown in percentages
|rule|Endless Battle Clause: Forcing endless battles is banned
|rule|Species Clause: Limit one of each Pokémon
|rule|OHKO Clause: OHKO moves are banned
|rule|Evasion Items Clause: Evasion items are banned
|rule|Evasion Moves Clause: Evasion moves are banned
|rule|Evasion Abilities Clause: Evasion abilities are banned
|rule|Sleep Moves Clause: Sleep-inducing moves are banned
|clearpoke
|poke|p1|Rillaboom, F|
|poke|p1|Darkrai|
|poke|p1|Gholdengo|
|poke|p1|Cinderace, F|
|poke|p1|Garganacl, F|
|poke|p1|Landorus-Therian, M|
|poke|p2|Meowscarada, F|
|poke|p2|Gholdengo|
|poke|p2|Slowking-Galar, M|
|poke|p2|Ting-Lu|
|poke|p2|Dragonite, M|
|poke|p2|Great Tusk|
|teampreview
|j|*Lady Monita ☀
|inactive|fate1q also wants the timer to be on.
|c|☆JoelMasterX|glhf
|inactive|fate1q has 120 seconds left.
|
|t:|1758313112
|teamsize|p1|6
|teamsize|p2|6
|start
|switch|p1a: Darkrai|Darkrai|100/100
|switch|p2a: Ting-Lu|Ting-Lu|100/100
|-ability|p2a: Ting-Lu|Vessel of Ruin
|turn|1
|
|t:|1758313124
|move|p1a: Darkrai|Will-O-Wisp|p2a: Ting-Lu
|-status|p2a: Ting-Lu|brn
|move|p2a: Ting-Lu|Spikes|p1a: Darkrai
|-sidestart|p1: fate1q|Spikes
|
|-damage|p2a: Ting-Lu|94/100 brn|[from] brn
|upkeep
|turn|2
|
|t:|1758313133
|switch|p1a: Landorus|Landorus-Therian, M|100/100
|-ability|p1a: Landorus|Intimidate|boost
|-unboost|p2a: Ting-Lu|atk|1
|move|p2a: Ting-Lu|Spikes|p1a: Landorus
|-sidestart|p1: fate1q|Spikes
|
|-heal|p2a: Ting-Lu|100/100 brn|[from] item: Leftovers
|-damage|p2a: Ting-Lu|94/100 brn|[from] brn
|upkeep
|turn|3
|
|t:|1758313140
|move|p1a: Landorus|Taunt|p2a: Ting-Lu
|-start|p2a: Ting-Lu|move: Taunt
|move|p2a: Ting-Lu|Ruination|p1a: Landorus
|-damage|p1a: Landorus|51/100
|
|-heal|p2a: Ting-Lu|100/100 brn|[from] item: Leftovers
|-damage|p2a: Ting-Lu|94/100 brn|[from] brn
|upkeep
|turn|4
|
|t:|1758313147
|move|p1a: Landorus|Earth Power|p2a: Ting-Lu
|-damage|p2a: Ting-Lu|81/100 brn
|move|p2a: Ting-Lu|Ruination|p1a: Landorus
|-damage|p1a: Landorus|26/100
|
|-heal|p2a: Ting-Lu|87/100 brn|[from] item: Leftovers
|-damage|p2a: Ting-Lu|81/100 brn|[from] brn
|upkeep
|turn|5
|
|t:|1758313156
|switch|p2a: Great Tusk|Great Tusk|100/100
|move|p1a: Landorus|Earth Power|p2a: Great Tusk
|-damage|p2a: Great Tusk|47/100
|
|upkeep
|turn|6
|j| guzot
|
|t:|1758313163
|-end|p2a: Great Tusk|Protosynthesis|[silent]
|switch|p2a: Dragonite|Dragonite, M|100/100
|move|p1a: Landorus|U-turn|p2a: Dragonite
|-resisted|p2a: Dragonite
|-damage|p2a: Dragonite|96/100
|c| guzot|fate1q
|
|t:|1758313176
|switch|p1a: Darkrai|Darkrai|100/100|[from] U-turn
|-damage|p1a: Darkrai|84/100|[from] Spikes
|
|upkeep
|turn|7
|
|t:|1758313182
|switch|p2a: Ting-Lu|Ting-Lu|81/100 brn
|-ability|p2a: Ting-Lu|Vessel of Ruin
|move|p1a: Darkrai|Ice Beam|p2a: Ting-Lu
|-supereffective|p2a: Ting-Lu
|-damage|p2a: Ting-Lu|51/100 brn
|
|-heal|p2a: Ting-Lu|58/100 brn|[from] item: Leftovers
|-damage|p2a: Ting-Lu|51/100 brn|[from] brn
|upkeep
|turn|8
|
|t:|1758313185
|switch|p1a: Landorus|Landorus-Therian, M|26/100
|-ability|p1a: Landorus|Intimidate|boost
|-unboost|p2a: Ting-Lu|atk|1
|move|p2a: Ting-Lu|Ruination|p1a: Landorus
|-damage|p1a: Landorus|13/100
|
|-heal|p2a: Ting-Lu|58/100 brn|[from] item: Leftovers
|-damage|p2a: Ting-Lu|51/100 brn|[from] brn
|upkeep
|turn|9
|j| ihateclodsire
|
|t:|1758313189
|switch|p2a: Dragonite|Dragonite, M|96/100
|move|p1a: Landorus|Earth Power|p2a: Dragonite
|-immune|p2a: Dragonite
|
|upkeep
|turn|10
|
|t:|1758313193
|move|p2a: Dragonite|Extreme Speed|p1a: Landorus
|-damage|p1a: Landorus|0 fnt
|-damage|p2a: Dragonite|79/100|[from] item: Rocky Helmet|[of] p1a: Landorus
|faint|p1a: Landorus
|
|upkeep
|j| FuecocoFan6789
|j| Atarialex
|
|t:|1758313204
|switch|p1a: Darkrai|Darkrai|84/100
|-damage|p1a: Darkrai|68/100|[from] Spikes
|turn|11
|
|t:|1758313224
|switch|p2a: Ting-Lu|Ting-Lu|51/100 brn
|-ability|p2a: Ting-Lu|Vessel of Ruin
|move|p1a: Darkrai|Ice Beam|p2a: Ting-Lu
|-supereffective|p2a: Ting-Lu
|-damage|p2a: Ting-Lu|25/100 brn
|
|-heal|p2a: Ting-Lu|31/100 brn|[from] item: Leftovers
|-damage|p2a: Ting-Lu|25/100 brn|[from] brn
|upkeep
|turn|12
|
|t:|1758313228
|move|p1a: Darkrai|Ice Beam|p2a: Ting-Lu
|-supereffective|p2a: Ting-Lu
|-damage|p2a: Ting-Lu|0 fnt
|faint|p2a: Ting-Lu
|
|upkeep
|
|t:|1758313231
|switch|p2a: Gholdengo|Gholdengo|100/100
|turn|13
|
|t:|1758313235
|switch|p1a: Cinderace|Cinderace, F|100/100
|move|p2a: Gholdengo|Make It Rain|p1a: Cinderace
|-resisted|p1a: Cinderace
|-damage|p1a: Cinderace|55/100
|-unboost|p2a: Gholdengo|spa|1
|
|upkeep
|turn|14
|
|t:|1758313244
|switch|p2a: Dragonite|Dragonite, M|79/100
|move|p1a: Cinderace|Pyro Ball|p2a: Dragonite
|-resisted|p2a: Dragonite
|-damage|p2a: Dragonite|49/100
|
|upkeep
|turn|15
|
|t:|1758313250
|-terastallize|p2a: Dragonite|Normal
|move|p2a: Dragonite|Extreme Speed|p1a: Cinderace
|-damage|p1a: Cinderace|0 fnt
|faint|p1a: Cinderace
|
|upkeep
|
|t:|1758313255
|switch|p1a: Gholdengo|Gholdengo|100/100
|-damage|p1a: Gholdengo|84/100|[from] Spikes
|turn|16
|
|t:|1758313270
|switch|p2a: Great Tusk|Great Tusk|47/100
|move|p1a: Gholdengo|Shadow Ball|p2a: Great Tusk
|-damage|p2a: Great Tusk|0 fnt
|faint|p2a: Great Tusk
|-end|p2a: Great Tusk|Protosynthesis|[silent]
|
|upkeep
|
|t:|1758313271
|switch|p2a: Gholdengo|Gholdengo|100/100
|turn|17
|inactive|fate1q has 120 seconds left.
|l| FuecocoFan6789
|inactive|fate1q has 90 seconds left.
|
|t:|1758313333
|move|p2a: Gholdengo|Shadow Ball|p1a: Gholdengo
|-supereffective|p1a: Gholdengo
|-damage|p1a: Gholdengo|4/100
|move|p1a: Gholdengo|Recover|p1a: Gholdengo
|-heal|p1a: Gholdengo|54/100
|
|upkeep
|turn|18
|j| BIG TONY 2014
|
|t:|1758313338
|switch|p1a: Darkrai|Darkrai|68/100
|-damage|p1a: Darkrai|51/100|[from] Spikes
|move|p2a: Gholdengo|Shadow Ball|p1a: Darkrai
|-resisted|p1a: Darkrai
|-damage|p1a: Darkrai|24/100
|
|upkeep
|turn|19
|
|t:|1758313353
|switch|p2a: Meowscarada|Meowscarada, F|100/100
|move|p1a: Darkrai|Will-O-Wisp|p2a: Meowscarada
|-status|p2a: Meowscarada|brn
|
|-damage|p2a: Meowscarada|94/100 brn|[from] brn
|upkeep
|turn|20
|
|t:|1758313364
|switch|p1a: Rillaboom|Rillaboom, F|100/100
|-fieldstart|move: Grassy Terrain|[from] ability: Grassy Surge|[of] p1a: Rillaboom
|move|p2a: Meowscarada|U-turn|p1a: Rillaboom
|-start|p2a: Meowscarada|typechange|Bug|[from] ability: Protean
|-supereffective|p1a: Rillaboom
|-damage|p1a: Rillaboom|46/100
|
|t:|1758313377
|switch|p2a: Slowking|Slowking-Galar, M|100/100|[from] U-turn
|
|-heal|p1a: Rillaboom|52/100|[from] Grassy Terrain
|upkeep
|turn|21
|
|t:|1758313387
|move|p1a: Rillaboom|U-turn|p2a: Slowking
|-damage|p2a: Slowking|82/100
|
|t:|1758313390
|switch|p1a: Gholdengo|Gholdengo|54/100|[from] U-turn
|-damage|p1a: Gholdengo|38/100|[from] Spikes
|-enditem|p1a: Gholdengo|Grassy Seed
|-boost|p1a: Gholdengo|def|1|[from] item: Grassy Seed
|-prepare|p2a: Slowking|Chilly Reception|[premajor]
|move|p2a: Slowking|Chilly Reception|p2a: Slowking
|-weather|Snowscape
|l| ihateclodsire
|
|t:|1758313394
|switch|p2a: Gholdengo|Gholdengo|100/100|[from] Chilly Reception
|
|-weather|Snowscape|[upkeep]
|-heal|p1a: Gholdengo|44/100|[from] Grassy Terrain
|upkeep
|turn|22
|
|t:|1758313407
|switch|p1a: Garganacl|Garganacl, F|100/100
|-damage|p1a: Garganacl|84/100|[from] Spikes
|move|p2a: Gholdengo|Shadow Ball|p1a: Garganacl
|-damage|p1a: Garganacl|69/100
|
|-weather|Snowscape|[upkeep]
|-heal|p1a: Garganacl|76/100|[from] Grassy Terrain
|-heal|p1a: Garganacl|82/100|[from] item: Leftovers
|upkeep
|turn|23
|
|t:|1758313413
|switch|p2a: Slowking|Slowking-Galar, M|100/100
|-terastallize|p1a: Garganacl|Water
|move|p1a: Garganacl|Salt Cure|p2a: Slowking
|-damage|p2a: Slowking|91/100
|-start|p2a: Slowking|Salt Cure
|
|-weather|Snowscape|[upkeep]
|-heal|p1a: Garganacl|88/100|[from] Grassy Terrain
|-heal|p1a: Garganacl|94/100|[from] item: Leftovers
|-heal|p2a: Slowking|97/100|[from] Grassy Terrain
|-damage|p2a: Slowking|85/100|[from] Salt Cure
|upkeep
|turn|24
|inactive|fate1q has 120 seconds left.
|
|t:|1758313419
|move|p1a: Garganacl|Iron Defense|p1a: Garganacl
|-boost|p1a: Garganacl|def|2
|move|p2a: Slowking|Future Sight|p1a: Garganacl
|-start|p2a: Slowking|move: Future Sight
|
|-weather|Snowscape|[upkeep]
|-heal|p1a: Garganacl|100/100|[from] Grassy Terrain
|-heal|p2a: Slowking|91/100|[from] Grassy Terrain
|-damage|p2a: Slowking|78/100|[from] Salt Cure
|-fieldend|move: Grassy Terrain
|upkeep
|turn|25
|
|t:|1758313424
|move|p1a: Garganacl|Iron Defense|p1a: Garganacl
|-boost|p1a: Garganacl|def|2
|move|p2a: Slowking|Sludge Bomb|p1a: Garganacl
|-damage|p1a: Garganacl|79/100
|
|-weather|none
|-heal|p1a: Garganacl|85/100|[from] item: Leftovers
|-damage|p2a: Slowking|66/100|[from] Salt Cure
|upkeep
|turn|26
|l| BIG TONY 2014
|
|t:|1758313428
|move|p1a: Garganacl|Salt Cure|p2a: Slowking
|-damage|p2a: Slowking|55/100
|move|p2a: Slowking|Sludge Bomb|p1a: Garganacl
|-damage|p1a: Garganacl|62/100
|
|-end|p1a: Garganacl|move: Future Sight
|-damage|p1a: Garganacl|30/100
|-heal|p1a: Garganacl|36/100|[from] item: Leftovers
|-damage|p2a: Slowking|43/100|[from] Salt Cure
|upkeep
|turn|27
|
|t:|1758313432
|move|p1a: Garganacl|Recover|p1a: Garganacl
|-heal|p1a: Garganacl|87/100
|move|p2a: Slowking|Future Sight|p1a: Garganacl
|-start|p2a: Slowking|move: Future Sight
|
|-heal|p1a: Garganacl|93/100|[from] item: Leftovers
|-damage|p2a: Slowking|30/100|[from] Salt Cure
|upkeep
|turn|28
|
|t:|1758313436
|move|p1a: Garganacl|Body Press|p2a: Slowking
|-resisted|p2a: Slowking
|-damage|p2a: Slowking|18/100
|move|p2a: Slowking|Sludge Bomb|p1a: Garganacl
|-damage|p1a: Garganacl|69/100
|
|-heal|p1a: Garganacl|76/100|[from] item: Leftovers
|-damage|p2a: Slowking|5/100|[from] Salt Cure
|upkeep
|turn|29
|
|t:|1758313443
|move|p1a: Garganacl|Recover|p1a: Garganacl
|-heal|p1a: Garganacl|100/100
|move|p2a: Slowking|Sludge Bomb|p1a: Garganacl
|-damage|p1a: Garganacl|76/100
|
|-end|p1a: Garganacl|move: Future Sight
|-crit|p1a: Garganacl
|-damage|p1a: Garganacl|35/100
|-heal|p1a: Garganacl|42/100|[from] item: Leftovers
|-damage|p2a: Slowking|0 fnt|[from] Salt Cure
|faint|p2a: Slowking
|upkeep
|
|t:|1758313445
|switch|p2a: Meowscarada|Meowscarada, F|94/100 brn
|turn|30
|
|t:|1758313448
|move|p2a: Meowscarada|Flower Trick|p1a: Garganacl
|-start|p2a: Meowscarada|typechange|Grass|[from] ability: Protean
|-supereffective|p1a: Garganacl
|-crit|p1a: Garganacl
|-damage|p1a: Garganacl|0 fnt
|faint|p1a: Garganacl
|
|-damage|p2a: Meowscarada|88/100 brn|[from] brn
|upkeep
|
|t:|1758313467
|switch|p1a: Rillaboom|Rillaboom, F|52/100
|-fieldstart|move: Grassy Terrain|[from] ability: Grassy Surge|[of] p1a: Rillaboom
|turn|31
|j| MyPokemonRBad12
|l| MyPokemonRBad12
|inactive|fate1q has 120 seconds left.
|
|t:|1758313509
|move|p2a: Meowscarada|Flower Trick|p1a: Rillaboom
|-resisted|p1a: Rillaboom
|-crit|p1a: Rillaboom
|-damage|p1a: Rillaboom|25/100
|move|p1a: Rillaboom|Knock Off|p2a: Meowscarada
|-damage|p2a: Meowscarada|32/100 brn
|-enditem|p2a: Meowscarada|Choice Band|[from] move: Knock Off|[of] p1a: Rillaboom
|
|-heal|p2a: Meowscarada|38/100 brn|[from] Grassy Terrain
|-heal|p1a: Rillaboom|31/100|[from] Grassy Terrain
|-damage|p2a: Meowscarada|32/100 brn|[from] brn
|upkeep
|turn|32
|
|t:|1758313517
|move|p1a: Rillaboom|Grassy Glide|p2a: Meowscarada
|-resisted|p2a: Meowscarada
|-damage|p2a: Meowscarada|2/100 brn
|move|p2a: Meowscarada|U-turn|p1a: Rillaboom
|-supereffective|p1a: Rillaboom
|-crit|p1a: Rillaboom
|-damage|p1a: Rillaboom|0 fnt
|faint|p1a: Rillaboom
|
|t:|1758313526
|switch|p2a: Dragonite|Dragonite, M, tera:Normal|49/100|[from] U-turn
|
|-heal|p2a: Dragonite|55/100|[from] Grassy Terrain
|upkeep
|inactive|fate1q has 120 seconds left.
|
|t:|1758313532
|switch|p1a: Gholdengo|Gholdengo|44/100
|-damage|p1a: Gholdengo|27/100|[from] Spikes
|turn|33
|
|t:|1758313540
|move|p2a: Dragonite|Earthquake|p1a: Gholdengo
|-supereffective|p1a: Gholdengo
|-damage|p1a: Gholdengo|0 fnt
|faint|p1a: Gholdengo
|
|-heal|p2a: Dragonite|61/100|[from] Grassy Terrain
|upkeep
|-message|fate1q forfeited.
|
|win|JoelMasterX
|n|☆fate1q|fate1q
|n|☆JoelMasterX@!|joelmasterx
|n|*Lady Monita ☀|ladymonita
|n| guzot|guzot
|n| Atarialex|atarialex
|l|*Lady Monita ☀
|c|☆JoelMasterX|gg
|c|☆fate1q|vai se fuder
