|j|☆castillo919
|j|☆Charle_phate
|t:|1758255400
|gametype|singles
|player|p1|castillo919|2|1317
|player|p2|Charle_phate|blue|1320
|gen|9
|tier|[Gen 9] OU
|rated|
|rule|HP Percentage Mod: HP is shown in percentages
|rule|Endless Battle Clause: Forcing endless battles is banned
|rule|Species Clause: Limit one of each Pokémon
|rule|OHKO Clause: OHKO moves are banned
|rule|Evasion Items Clause: Evasion items are banned
|rule|Evasion Moves Clause: Evasion moves are banned
|rule|Evasion Abilities Clause: Evasion abilities are banned
|rule|Sleep Moves Clause: Sleep-inducing moves are banned
|clearpoke
|poke|p1|Samurott-Hisui, M|
|poke|p1|Clodsire, M|
|poke|p1|Sinistcha-Masterpiece|
|poke|p1|Moltres|
|poke|p1|Deoxys-Speed|
|poke|p1|Cyclizar, M|
|poke|p2|Serperior, F|
|poke|p2|Rotom-Wash|
|poke|p2|Zapdos|
|poke|p2|Heatran, F|
|poke|p2|Clefable, M|
|poke|p2|Landorus-Therian, M|
|teampreview
|inactive|Battle timer is ON: inactive players will automatically lose when time's up. (requested by Charle_phate)
|
|t:|1758255406
|teamsize|p1|6
|teamsize|p2|6
|start
|switch|p1a: Samurott|Samurott-Hisui, M|100/100
|switch|p2a: Rotom|Rotom-Wash|100/100
|turn|1
|
|t:|1758255420
|switch|p1a: Cyclizar|Cyclizar, M|100/100
|move|p2a: Rotom|Thunder Wave|p1a: Cyclizar
|-status|p1a: Cyclizar|par
|
|upkeep
|turn|2
|
|t:|1758255427
|move|p2a: Rotom|Charge Beam|p1a: Cyclizar
|-resisted|p1a: Cyclizar
|-damage|p1a: Cyclizar|95/100 par
|move|p1a: Cyclizar|Knock Off|p2a: Rotom
|-damage|p2a: Rotom|80/100
|-enditem|p2a: Rotom|Leftovers|[from] move: Knock Off|[of] p1a: Cyclizar
|
|upkeep
|turn|3
|
|t:|1758255437
|move|p2a: Rotom|Charge Beam|p1a: Cyclizar
|-resisted|p1a: Cyclizar
|-damage|p1a: Cyclizar|89/100 par
|move|p1a: Cyclizar|Dragon Tail|p2a: Rotom
|-damage|p2a: Rotom|60/100
|drag|p2a: Clefable|Clefable, M|100/100
|
|upkeep
|turn|4
|
|t:|1758255446
|move|p2a: Clefable|Cosmic Power|p2a: Clefable
|-boost|p2a: Clefable|def|1
|-boost|p2a: Clefable|spd|1
|cant|p1a: Cyclizar|par
|
|upkeep
|turn|5
|
|t:|1758255454
|move|p2a: Clefable|Cosmic Power|p2a: Clefable
|-boost|p2a: Clefable|def|1
|-boost|p2a: Clefable|spd|1
|move|p1a: Cyclizar|Knock Off|p2a: Clefable
|-resisted|p2a: Clefable
|-damage|p2a: Clefable|96/100
|-enditem|p2a: Clefable|Leftovers|[from] move: Knock Off|[of] p1a: Cyclizar
|
|upkeep
|turn|6
|
|t:|1758255471
|switch|p1a: Moltres|Moltres|100/100
|move|p2a: Clefable|Cosmic Power|p2a: Clefable
|-boost|p2a: Clefable|def|1
|-boost|p2a: Clefable|spd|1
|
|upkeep
|turn|7
|
|t:|1758255485
|move|p2a: Clefable|Charge Beam|p1a: Moltres
|-supereffective|p1a: Moltres
|-crit|p1a: Moltres
|-damage|p1a: Moltres|69/100
|-boost|p2a: Clefable|spa|1
|move|p1a: Moltres|Roar|p2a: Clefable
|drag|p2a: Serperior|Serperior, F|100/100
|
|upkeep
|turn|8
|
|t:|1758255500
|switch|p2a: Zapdos|Zapdos|100/100
|move|p1a: Moltres|Roost|p1a: Moltres
|-heal|p1a: Moltres|100/100
|-singleturn|p1a: Moltres|move: Roost
|
|upkeep
|turn|9
|
|t:|1758255510
|switch|p1a: Cyclizar|Cyclizar, M|100/100 par
|move|p2a: Zapdos|Ancient Power|p1a: Cyclizar
|-crit|p1a: Cyclizar
|-damage|p1a: Cyclizar|84/100 par
|
|upkeep
|turn|10
|
|t:|1758255517
|move|p2a: Zapdos|Ancient Power|p1a: Cyclizar
|-damage|p1a: Cyclizar|73/100 par
|move|p1a: Cyclizar|Knock Off|p2a: Zapdos
|-damage|p2a: Zapdos|80/100
|-enditem|p2a: Zapdos|Leftovers|[from] move: Knock Off|[of] p1a: Cyclizar
|
|upkeep
|turn|11
|
|t:|1758255535
|move|p2a: Zapdos|Ancient Power|p1a: Cyclizar
|-damage|p1a: Cyclizar|63/100 par
|move|p1a: Cyclizar|U-turn|p2a: Zapdos
|-resisted|p2a: Zapdos
|-damage|p2a: Zapdos|73/100
|
|t:|1758255551
|switch|p1a: Clodsire|Clodsire, M, shiny|100/100|[from] U-turn
|
|upkeep
|turn|12
|
|t:|1758255562
|switch|p2a: Heatran|Heatran, F|100/100
|move|p1a: Clodsire|Toxic|p2a: Heatran
|-immune|p2a: Heatran
|
|upkeep
|turn|13
|
|t:|1758255569
|move|p2a: Heatran|Substitute|p2a: Heatran
|-start|p2a: Heatran|Substitute
|-damage|p2a: Heatran|76/100
|move|p1a: Clodsire|Earthquake|p2a: Heatran
|-supereffective|p2a: Heatran
|-end|p2a: Heatran|Substitute
|
|-heal|p2a: Heatran|82/100|[from] item: Leftovers
|upkeep
|turn|14
|inactive|Charle_phate has 120 seconds left.
|
|t:|1758255599
|switch|p2a: Serperior|Serperior, F|100/100
|move|p1a: Clodsire|Stealth Rock|p2a: Serperior
|-sidestart|p2: Charle_phate|move: Stealth Rock
|
|upkeep
|turn|15
|
|t:|1758255609
|move|p2a: Serperior|Substitute|p2a: Serperior
|-start|p2a: Serperior|Substitute
|-damage|p2a: Serperior|75/100
|move|p1a: Clodsire|Toxic||[still]
|-fail|p1a: Clodsire
|
|-heal|p2a: Serperior|82/100|[from] item: Leftovers
|upkeep
|turn|16
|inactive|Charle_phate has 120 seconds left.
|
|t:|1758255634
|switch|p1a: Moltres|Moltres|100/100
|move|p2a: Serperior|Glare|p1a: Moltres
|-status|p1a: Moltres|par
|
|-heal|p2a: Serperior|88/100|[from] item: Leftovers
|upkeep
|turn|17
|
|t:|1758255642
|move|p2a: Serperior|Leech Seed|p1a: Moltres
|-start|p1a: Moltres|move: Leech Seed
|cant|p1a: Moltres|par
|
|-heal|p2a: Serperior|94/100|[from] item: Leftovers
|-damage|p1a: Moltres|88/100 par|[from] Leech Seed|[of] p2a: Serperior
|-heal|p2a: Serperior|100/100|[silent]
|upkeep
|turn|18
|
|t:|1758255655
|move|p2a: Serperior|Leaf Storm|p1a: Moltres
|-resisted|p1a: Moltres
|-damage|p1a: Moltres|77/100 par
|-boost|p2a: Serperior|spa|2
|move|p1a: Moltres|U-turn|p2a: Serperior
|-supereffective|p2a: Serperior
|-end|p2a: Serperior|Substitute
|inactive|castillo919 has 120 seconds left.
|
|t:|1758255693
|switch|p1a: Cyclizar|Cyclizar, M|96/100 par|[from] U-turn
|
|upkeep
|turn|19
|
|t:|1758255703
|-terastallize|p1a: Cyclizar|Fairy
|move|p2a: Serperior|Substitute|p2a: Serperior
|-start|p2a: Serperior|Substitute
|-damage|p2a: Serperior|75/100
|move|p1a: Cyclizar|U-turn|p2a: Serperior
|-supereffective|p2a: Serperior
|-end|p2a: Serperior|Substitute
|
|t:|1758255711
|switch|p1a: Moltres|Moltres|77/100 par|[from] U-turn
|
|-heal|p2a: Serperior|82/100|[from] item: Leftovers
|upkeep
|turn|20
|
|t:|1758255720
|move|p2a: Serperior|Substitute|p2a: Serperior
|-start|p2a: Serperior|Substitute
|-damage|p2a: Serperior|57/100
|move|p1a: Moltres|Roar|p2a: Serperior
|drag|p2a: Zapdos|Zapdos|73/100
|-damage|p2a: Zapdos|48/100|[from] Stealth Rock
|
|upkeep
|turn|21
|inactive|castillo919 has 120 seconds left.
|
|t:|1758255730
|switch|p1a: Clodsire|Clodsire, M, shiny|100/100
|move|p2a: Zapdos|Ancient Power|p1a: Clodsire
|-resisted|p1a: Clodsire
|-damage|p1a: Clodsire|94/100
|
|-heal|p1a: Clodsire|100/100|[from] item: Black Sludge
|upkeep
|turn|22
|inactive|castillo919 has 120 seconds left.
|inactive|Charle_phate has 120 seconds left.
|
|t:|1758255764
|switch|p2a: Clefable|Clefable, M|96/100
|move|p1a: Clodsire|Toxic|p2a: Clefable
|-status|p2a: Clefable|tox
|
|upkeep
|turn|23
|inactive|castillo919 has 120 seconds left.
|inactive|castillo919 has 90 seconds left.
|
|t:|1758255806
|switch|p1a: Moltres|Moltres|77/100 par
|move|p2a: Clefable|Charge Beam|p1a: Moltres
|-supereffective|p1a: Moltres
|-damage|p1a: Moltres|53/100 par
|-boost|p2a: Clefable|spa|1
|
|upkeep
|turn|24
|
|t:|1758255824
|move|p2a: Clefable|Charge Beam|p1a: Moltres
|-supereffective|p1a: Moltres
|-damage|p1a: Moltres|16/100 par
|-boost|p2a: Clefable|spa|1
|move|p1a: Moltres|Roost|p1a: Moltres
|-heal|p1a: Moltres|67/100 par
|-singleturn|p1a: Moltres|move: Roost
|
|upkeep
|turn|25
|inactive|castillo919 has 90 seconds left.
|
|t:|1758255867
|switch|p1a: Sinistcha|Sinistcha-Masterpiece|100/100
|move|p2a: Clefable|Charge Beam|p1a: Sinistcha
|-resisted|p1a: Sinistcha
|-damage|p1a: Sinistcha|87/100
|-boost|p2a: Clefable|spa|1
|
|-heal|p1a: Sinistcha|93/100|[from] item: Leftovers
|upkeep
|turn|26
|
|t:|1758255877
|move|p1a: Sinistcha|Calm Mind|p1a: Sinistcha
|-boost|p1a: Sinistcha|spa|1
|-boost|p1a: Sinistcha|spd|1
|move|p2a: Clefable|Cosmic Power|p2a: Clefable
|-boost|p2a: Clefable|def|1
|-boost|p2a: Clefable|spd|1
|
|-heal|p1a: Sinistcha|99/100|[from] item: Leftovers
|upkeep
|turn|27
|inactive|Charle_phate has 120 seconds left.
|
|t:|1758255905
|move|p1a: Sinistcha|Calm Mind|p1a: Sinistcha
|-boost|p1a: Sinistcha|spa|1
|-boost|p1a: Sinistcha|spd|1
|move|p2a: Clefable|Cosmic Power|p2a: Clefable
|-boost|p2a: Clefable|def|1
|-boost|p2a: Clefable|spd|1
|
|-heal|p1a: Sinistcha|100/100|[from] item: Leftovers
|upkeep
|turn|28
|
|t:|1758255915
|move|p1a: Sinistcha|Calm Mind|p1a: Sinistcha
|-boost|p1a: Sinistcha|spa|1
|-boost|p1a: Sinistcha|spd|1
|move|p2a: Clefable|Cosmic Power|p2a: Clefable
|-boost|p2a: Clefable|def|1
|-boost|p2a: Clefable|spd|1
|
|upkeep
|turn|29
|
|t:|1758255923
|move|p1a: Sinistcha|Calm Mind|p1a: Sinistcha
|-boost|p1a: Sinistcha|spa|1
|-boost|p1a: Sinistcha|spd|1
|move|p2a: Clefable|Cosmic Power|p2a: Clefable
|-boost|p2a: Clefable|def|1
|-boost|p2a: Clefable|spd|1
|
|upkeep
|turn|30
|
|t:|1758255931
|move|p1a: Sinistcha|Calm Mind|p1a: Sinistcha
|-boost|p1a: Sinistcha|spa|1
|-boost|p1a: Sinistcha|spd|1
|move|p2a: Clefable|Cosmic Power|p2a: Clefable
|-boost|p2a: Clefable|def|1
|-boost|p2a: Clefable|spd|1
|
|upkeep
|turn|31
|
|t:|1758255939
|move|p1a: Sinistcha|Calm Mind|p1a: Sinistcha
|-boost|p1a: Sinistcha|spa|1
|-boost|p1a: Sinistcha|spd|1
|move|p2a: Clefable|Cosmic Power|p2a: Clefable
|-boost|p2a: Clefable|def|1
|-boost|p2a: Clefable|spd|1
|
|upkeep
|turn|32
|inactive|castillo919 has 90 seconds left.
|
|t:|1758255951
|move|p1a: Sinistcha|Matcha Gotcha|p2a: Clefable
|-damage|p2a: Clefable|67/100 tox
|move|p2a: Clefable|Stored Power|p1a: Sinistcha
|-damage|p1a: Sinistcha|50/100
|
|-heal|p1a: Sinistcha|56/100|[from] item: Leftovers
|upkeep
|turn|33
|inactive|castillo919 has 90 seconds left.
|
|t:|1758255961
|move|p1a: Sinistcha|Matcha Gotcha|p2a: Clefable
|-damage|p2a: Clefable|40/100 tox
|-heal|p1a: Sinistcha|69/100|[from] drain|[of] p2a: Clefable
|move|p2a: Clefable|Stored Power|p1a: Sinistcha
|-damage|p1a: Sinistcha|13/100
|
|-heal|p1a: Sinistcha|19/100|[from] item: Leftovers
|upkeep
|turn|34
|inactive|castillo919 has 90 seconds left.
|
|t:|1758255978
|move|p1a: Sinistcha|Matcha Gotcha|p2a: Clefable
|-damage|p2a: Clefable|11/100 tox
|-heal|p1a: Sinistcha|33/100|[from] drain|[of] p2a: Clefable
|move|p2a: Clefable|Stored Power|p1a: Sinistcha
|-damage|p1a: Sinistcha|0 fnt
|faint|p1a: Sinistcha
|
|upkeep
|
|t:|1758255994
|switch|p1a: Samurott|Samurott-Hisui, M|100/100
|turn|35
|
|t:|1758255999
|move|p1a: Samurott|Sacred Sword|p2a: Clefable
|-resisted|p2a: Clefable
|-damage|p2a: Clefable|0 fnt
|faint|p2a: Clefable
|
|upkeep
|
|t:|1758256014
|switch|p2a: Rotom|Rotom-Wash|60/100
|-damage|p2a: Rotom|48/100|[from] Stealth Rock
|turn|36
|inactive|castillo919 has 90 seconds left.
|
|t:|1758256022
|switch|p1a: Cyclizar|Cyclizar, M, tera:Fairy|100/100 par
|move|p2a: Rotom|Charge Beam|p1a: Cyclizar
|-damage|p1a: Cyclizar|89/100 par
|-boost|p2a: Rotom|spa|1
|
|upkeep
|turn|37
|
|t:|1758256029
|move|p2a: Rotom|Pain Split|p1a: Cyclizar
|-sethp|p1a: Cyclizar|63/100 par|[from] move: Pain Split|[silent]
|-sethp|p2a: Rotom|80/100|[from] move: Pain Split
|move|p1a: Cyclizar|Dragon Tail|p2a: Rotom|[miss]
|-miss|p1a: Cyclizar|p2a: Rotom
|
|upkeep
|turn|38
|
|t:|1758256041
|move|p2a: Rotom|Charge Beam|p1a: Cyclizar
|-damage|p1a: Cyclizar|48/100 par
|-boost|p2a: Rotom|spa|1
|move|p1a: Cyclizar|Dragon Tail|p2a: Rotom
|-damage|p2a: Rotom|59/100
|drag|p2a: Serperior|Serperior, F|57/100
|-damage|p2a: Serperior|44/100|[from] Stealth Rock
|
|-heal|p2a: Serperior|50/100|[from] item: Leftovers
|upkeep
|turn|39
|
|t:|1758256064
|move|p2a: Serperior|Leech Seed|p1a: Cyclizar
|-start|p1a: Cyclizar|move: Leech Seed
|move|p1a: Cyclizar|U-turn|p2a: Serperior
|-supereffective|p2a: Serperior
|-damage|p2a: Serperior|10/100
|
|t:|1758256070
|switch|p1a: Deoxys|Deoxys-Speed|100/100|[from] U-turn
|-ability|p1a: Deoxys|Pressure
|
|-heal|p2a: Serperior|16/100|[from] item: Leftovers
|upkeep
|turn|40
|
|t:|1758256079
|move|p1a: Deoxys|Ice Beam|p2a: Serperior
|-supereffective|p2a: Serperior
|-damage|p2a: Serperior|0 fnt
|faint|p2a: Serperior
|-damage|p1a: Deoxys|91/100|[from] item: Life Orb
|
|upkeep
|
|t:|1758256097
|switch|p2a: Heatran|Heatran, F|82/100
|-damage|p2a: Heatran|69/100|[from] Stealth Rock
|turn|41
|
|t:|1758256104
|switch|p1a: Samurott|Samurott-Hisui, M|100/100
|move|p2a: Heatran|Substitute|p2a: Heatran
|-start|p2a: Heatran|Substitute
|-damage|p2a: Heatran|45/100
|
|-heal|p2a: Heatran|51/100|[from] item: Leftovers
|upkeep
|turn|42
|
|t:|1758256113
|move|p1a: Samurott|Flip Turn|p2a: Heatran
|-supereffective|p2a: Heatran
|-crit|p2a: Heatran
|-end|p2a: Heatran|Substitute
|
|t:|1758256118
|switch|p1a: Moltres|Moltres|67/100 par|[from] Flip Turn
|move|p2a: Heatran|Lava Plume|p1a: Moltres
|-resisted|p1a: Moltres
|-damage|p1a: Moltres|50/100 par
|
|-heal|p2a: Heatran|57/100|[from] item: Leftovers
|upkeep
|turn|43
|inactive|castillo919 has 120 seconds left.
|
|t:|1758256131
|move|p2a: Heatran|Ancient Power|p1a: Moltres
|-supereffective|p1a: Moltres
|-damage|p1a: Moltres|0 fnt
|faint|p1a: Moltres
|
|-heal|p2a: Heatran|63/100|[from] item: Leftovers
|upkeep
|
|t:|1758256138
|switch|p1a: Samurott|Samurott-Hisui, M|100/100
|turn|44
|inactive|castillo919 has 120 seconds left.
|
|t:|1758256151
|move|p1a: Samurott|Ceaseless Edge|p2a: Heatran
|-damage|p2a: Heatran|34/100
|-sidestart|p2: Charle_phate|Spikes
|move|p2a: Heatran|Lava Plume|p1a: Samurott
|-resisted|p1a: Samurott
|-damage|p1a: Samurott|91/100
|
|-heal|p2a: Heatran|40/100|[from] item: Leftovers
|upkeep
|turn|45
|inactive|castillo919 has 120 seconds left.
|
|t:|1758256162
|move|p1a: Samurott|Flip Turn|p2a: Heatran
|-supereffective|p2a: Heatran
|-damage|p2a: Heatran|0 fnt
|faint|p2a: Heatran
|inactive|castillo919 has 120 seconds left.
|
|t:|1758256167
|switch|p1a: Deoxys|Deoxys-Speed|91/100|[from] Flip Turn
|-ability|p1a: Deoxys|Pressure
|
|upkeep
|
|t:|1758256192
|switch|p2a: Rotom|Rotom-Wash|59/100
|-damage|p2a: Rotom|47/100|[from] Stealth Rock
|turn|46
|
|t:|1758256199
|move|p1a: Deoxys|Energy Ball|p2a: Rotom
|-supereffective|p2a: Rotom
|-damage|p2a: Rotom|0 fnt
|faint|p2a: Rotom
|-damage|p1a: Deoxys|81/100|[from] item: Life Orb
|
|upkeep
|
|t:|1758256208
|switch|p2a: Landorus|Landorus-Therian, M|100/100
|-damage|p2a: Landorus|88/100|[from] Stealth Rock
|-ability|p2a: Landorus|Intimidate|boost
|-unboost|p1a: Deoxys|atk|1
|turn|47
|
|t:|1758256217
|move|p1a: Deoxys|Ice Beam|p2a: Landorus
|-supereffective|p2a: Landorus
|-damage|p2a: Landorus|0 fnt
|faint|p2a: Landorus
|-damage|p1a: Deoxys|71/100|[from] item: Life Orb
|
|upkeep
|
|t:|1758256222
|switch|p2a: Zapdos|Zapdos|48/100
|-damage|p2a: Zapdos|23/100|[from] Stealth Rock
|turn|48
|
|t:|1758256227
|move|p1a: Deoxys|Ice Beam|p2a: Zapdos
|-supereffective|p2a: Zapdos
|-damage|p2a: Zapdos|0 fnt
|faint|p2a: Zapdos
|-damage|p1a: Deoxys|61/100|[from] item: Life Orb
|
|win|castillo919
|raw|castillo919's rating: 1317 &rarr; <strong>1335</strong><br />(+18 for winning)
|raw|Charle_phate's rating: 1274 &rarr; <strong>1252</strong><br />(-22 for losing)
|l|☆Charle_phate
|player|p2|
|l|☆castillo919
|player|p1|
