|j|☆crashbuster
|j|☆Tekyy03
|t:|1758365747
|gametype|singles
|player|p1|crashbuster|brycenman|1165
|player|p2|Tekyy03|unknown|1131
|gen|9
|tier|[Gen 9] OU
|rated|
|rule|HP Percentage Mod: HP is shown in percentages
|rule|Endless Battle Clause: Forcing endless battles is banned
|rule|Species Clause: Limit one of each Pokémon
|rule|OHKO Clause: OHKO moves are banned
|rule|Evasion Items Clause: Evasion items are banned
|rule|Evasion Moves Clause: Evasion moves are banned
|rule|Evasion Abilities Clause: Evasion abilities are banned
|rule|Sleep Moves Clause: Sleep-inducing moves are banned
|clearpoke
|poke|p1|Regidrago|
|poke|p1|Greninja-*, M|
|poke|p1|Meganium, F|
|poke|p1|Necrozma|
|poke|p1|Snorlax, F|
|poke|p1|Registeel|
|poke|p2|Great Tusk|
|poke|p2|Fezandipiti, M|
|poke|p2|Dragapult, F|
|poke|p2|Moltres|
|poke|p2|Samurott-Hisui, M|
|poke|p2|Scizor, F|
|teampreview
|inactive|Battle timer is ON: inactive players will automatically lose when time's up. (requested by Tekyy03)
|
|t:|1758365755
|teamsize|p1|6
|teamsize|p2|6
|start
|switch|p1a: Necrozma|Necrozma|100/100
|switch|p2a: D4rk Sasuk3|Samurott-Hisui, M|100/100
|turn|1
|
|t:|1758365765
|switch|p1a: Registeel|Registeel|100/100
|move|p2a: D4rk Sasuk3|Ceaseless Edge|p1a: Registeel
|-damage|p1a: Registeel|72/100
|-damage|p2a: D4rk Sasuk3|84/100|[from] item: Rocky Helmet|[of] p1a: Registeel
|-sidestart|p1: crashbuster|Spikes
|
|upkeep
|turn|2
|
|t:|1758365772
|switch|p2a: KFC|Moltres|100/100
|move|p1a: Registeel|Stealth Rock|p2a: KFC
|-sidestart|p2: Tekyy03|move: Stealth Rock
|
|upkeep
|turn|3
|
|t:|1758365781
|move|p2a: KFC|U-turn|p1a: Registeel
|-resisted|p1a: Registeel
|-damage|p1a: Registeel|68/100
|-damage|p2a: KFC|84/100|[from] item: Rocky Helmet|[of] p1a: Registeel
|
|t:|1758365787
|switch|p2a: Elon tusk|Great Tusk, shiny|100/100|[from] U-turn
|-damage|p2a: Elon tusk|98/100|[from] Stealth Rock
|move|p1a: Registeel|Thunder Wave|p2a: Elon tusk
|-immune|p2a: Elon tusk
|
|upkeep
|turn|4
|
|t:|1758365801
|move|p2a: Elon tusk|Stealth Rock|p1a: Registeel
|-sidestart|p1: crashbuster|move: Stealth Rock
|move|p1a: Registeel|Body Press|p2a: Elon tusk
|-damage|p2a: Elon tusk|77/100
|-damage|p1a: Registeel|51/100|[from] item: Rocky Helmet|[of] p2a: Elon tusk
|
|upkeep
|turn|5
|
|t:|1758365807
|move|p2a: Elon tusk|Headlong Rush|p1a: Registeel
|-supereffective|p1a: Registeel
|-damage|p1a: Registeel|0 fnt
|-unboost|p2a: Elon tusk|def|1
|-unboost|p2a: Elon tusk|spd|1
|-damage|p2a: Elon tusk|61/100|[from] item: Rocky Helmet|[of] p1a: Registeel
|faint|p1a: Registeel
|
|upkeep
|
|t:|1758365814
|switch|p1a: Greninja|Greninja, M|100/100
|-damage|p1a: Greninja|88/100|[from] Spikes
|-damage|p1a: Greninja|76/100|[from] Stealth Rock
|turn|6
|
|t:|1758365822
|-end|p2a: Elon tusk|Protosynthesis|[silent]
|switch|p2a: TON EX|Fezandipiti, M|100/100
|-terastallize|p1a: Greninja|Water
|move|p1a: Greninja|Water Shuriken|p2a: TON EX
|-damage|p2a: TON EX|94/100
|-damage|p2a: TON EX|88/100
|-damage|p2a: TON EX|82/100
|-damage|p2a: TON EX|76/100
|-damage|p2a: TON EX|70/100
|-hitcount|p2a: TON EX|5
|
|upkeep
|turn|7
|
|t:|1758365837
|move|p1a: Greninja|Extrasensory|p2a: TON EX
|-supereffective|p2a: TON EX
|-damage|p2a: TON EX|36/100
|move|p2a: TON EX|Beat Up|p1a: Greninja
|-damage|p1a: Greninja|70/100
|-damage|p1a: Greninja|63/100
|-damage|p1a: Greninja|56/100
|-damage|p1a: Greninja|50/100
|-damage|p1a: Greninja|43/100
|-damage|p1a: Greninja|36/100
|-status|p1a: Greninja|tox|[from] ability: Toxic Chain|[of] p2a: TON EX
|-hitcount|p1a: Greninja|6
|
|-damage|p1a: Greninja|30/100 tox|[from] psn
|upkeep
|turn|8
|
|t:|1758365854
|move|p1a: Greninja|Extrasensory|p2a: TON EX
|-supereffective|p2a: TON EX
|-damage|p2a: TON EX|4/100
|move|p2a: TON EX|Roost|p2a: TON EX
|-heal|p2a: TON EX|55/100
|-singleturn|p2a: TON EX|move: Roost
|
|-damage|p1a: Greninja|18/100 tox|[from] psn
|upkeep
|turn|9
|
|t:|1758365862
|move|p1a: Greninja|Extrasensory|p2a: TON EX
|-supereffective|p2a: TON EX
|-damage|p2a: TON EX|26/100
|move|p2a: TON EX|Roost|p2a: TON EX
|-heal|p2a: TON EX|76/100
|-singleturn|p2a: TON EX|move: Roost
|
|-damage|p1a: Greninja|0 fnt|[from] psn
|faint|p1a: Greninja
|upkeep
|
|t:|1758365872
|switch|p1a: Necrozma|Necrozma|100/100
|-damage|p1a: Necrozma|88/100|[from] Spikes
|-damage|p1a: Necrozma|75/100|[from] Stealth Rock
|turn|10
|
|t:|1758365880
|switch|p2a: D4rk Sasuk3|Samurott-Hisui, M|84/100
|move|p1a: Necrozma|Dragon Dance|p1a: Necrozma
|-boost|p1a: Necrozma|atk|1
|-boost|p1a: Necrozma|spe|1
|
|upkeep
|turn|11
|
|t:|1758365885
|move|p1a: Necrozma|Body Slam|p2a: D4rk Sasuk3
|-damage|p2a: D4rk Sasuk3|44/100
|move|p2a: D4rk Sasuk3|Ceaseless Edge|p1a: Necrozma
|-supereffective|p1a: Necrozma
|-damage|p1a: Necrozma|21/100
|-enditem|p1a: Necrozma|Weakness Policy
|-boost|p1a: Necrozma|atk|2|[from] item: Weakness Policy
|-boost|p1a: Necrozma|spa|2|[from] item: Weakness Policy
|-sidestart|p1: crashbuster|Spikes
|
|upkeep
|turn|12
|
|t:|1758365894
|move|p1a: Necrozma|Body Slam|p2a: D4rk Sasuk3
|-damage|p2a: D4rk Sasuk3|0 fnt
|faint|p2a: D4rk Sasuk3
|
|upkeep
|
|t:|1758365898
|switch|p2a: Cleaver|Scizor, F|100/100
|turn|13
|
|t:|1758365902
|move|p2a: Cleaver|Bullet Punch|p1a: Necrozma
|-damage|p1a: Necrozma|0 fnt
|faint|p1a: Necrozma
|
|upkeep
|
|t:|1758365910
|switch|p1a: Regidrago|Regidrago|100/100
|-damage|p1a: Regidrago|84/100|[from] Spikes
|-damage|p1a: Regidrago|71/100|[from] Stealth Rock
|turn|14
|
|t:|1758365918
|move|p1a: Regidrago|Earth Power|p2a: Cleaver
|-damage|p2a: Cleaver|65/100
|move|p2a: Cleaver|U-turn|p1a: Regidrago
|-damage|p1a: Regidrago|29/100
|-message|crashbuster forfeited.
|
|win|Tekyy03
|raw|crashbuster's rating: 1165 &rarr; <strong>1138</strong><br />(-27 for losing)
|raw|Tekyy03's rating: 1131 &rarr; <strong>1158</strong><br />(+27 for winning)
|l|☆crashbuster
|player|p1|
|l|☆Tekyy03
|player|p2|
