|j|☆bendo_13
|j|☆littlewhitedog
|t:|1758303482
|gametype|singles
|player|p1|bendo_13|1|1350
|player|p2|littlewhitedog|169|1318
|gen|9
|tier|[Gen 9] OU
|rated|
|rule|HP Percentage Mod: HP is shown in percentages
|rule|Endless Battle Clause: Forcing endless battles is banned
|rule|Species Clause: Limit one of each Pokémon
|rule|OHKO Clause: OHKO moves are banned
|rule|Evasion Items Clause: Evasion items are banned
|rule|Evasion Moves Clause: Evasion moves are banned
|rule|Evasion Abilities Clause: Evasion abilities are banned
|rule|Sleep Moves Clause: Sleep-inducing moves are banned
|clearpoke
|poke|p1|Iron Valiant|
|poke|p1|Darkrai|
|poke|p1|Iron Treads|
|poke|p1|Umbreon, M|
|poke|p1|Ceruledge, M|
|poke|p1|Pecharunt|
|poke|p2|Great Tusk|
|poke|p2|Grimmsnarl, M|
|poke|p2|Kyurem|
|poke|p2|Sinistcha|
|poke|p2|Iron Crown|
|poke|p2|Probopass, F|
|teampreview
|inactive|Battle timer is ON: inactive players will automatically lose when time's up. (requested by bendo_13)
|inactive|bendo_13 has 120 seconds left.
|
|t:|1758303514
|teamsize|p1|6
|teamsize|p2|6
|start
|switch|p1a: Umbreon|Umbreon, M|100/100
|switch|p2a: Grimmsnarl|Grimmsnarl, M, shiny|100/100
|turn|1
|inactive|littlewhitedog has 120 seconds left.
|
|t:|1758303547
|-terastallize|p2a: Grimmsnarl|Steel
|move|p2a: Grimmsnarl|Reflect|p2a: Grimmsnarl
|-sidestart|p2: littlewhitedog|Reflect
|move|p1a: Umbreon|Toxic|p2a: Grimmsnarl
|-immune|p2a: Grimmsnarl
|
|upkeep
|turn|2
|inactive|littlewhitedog has 120 seconds left.
|
|t:|1758303563
|switch|p1a: Ceruledge|Ceruledge, M|100/100
|move|p2a: Grimmsnarl|Spirit Break|p1a: Ceruledge
|-resisted|p1a: Ceruledge
|-damage|p1a: Ceruledge|80/100
|-unboost|p1a: Ceruledge|spa|1
|-ability|p1a: Ceruledge|Weak Armor|boost
|-unboost|p1a: Ceruledge|def|1
|-boost|p1a: Ceruledge|spe|2
|
|upkeep
|turn|3
|inactive|littlewhitedog has 120 seconds left.
|
|t:|1758303568
|move|p2a: Grimmsnarl|Parting Shot|p1a: Ceruledge
|-unboost|p1a: Ceruledge|atk|1
|-unboost|p1a: Ceruledge|spa|1
|inactive|littlewhitedog has 120 seconds left.
|
|t:|1758303577
|switch|p2a: Great Tusk|Great Tusk, shiny|100/100|[from] Parting Shot
|move|p1a: Ceruledge|Bitter Blade|p2a: Great Tusk
|-damage|p2a: Great Tusk|89/100
|-heal|p1a: Ceruledge|87/100|[from] drain|[of] p2a: Great Tusk
|
|upkeep
|turn|4
|
|t:|1758303593
|switch|p1a: Umbreon|Umbreon, M|100/100
|move|p2a: Great Tusk|Knock Off|p1a: Umbreon
|-resisted|p1a: Umbreon
|-damage|p1a: Umbreon|86/100
|-enditem|p1a: Umbreon|Leftovers|[from] move: Knock Off|[of] p2a: Great Tusk
|
|upkeep
|turn|5
|
|t:|1758303607
|-end|p2a: Great Tusk|Protosynthesis|[silent]
|switch|p2a: Grimmsnarl|Grimmsnarl, M, shiny, tera:Steel|100/100
|switch|p1a: Pecharunt|Pecharunt|100/100
|
|upkeep
|turn|6
|
|t:|1758303618
|move|p2a: Grimmsnarl|Light Screen|p2a: Grimmsnarl
|-sidestart|p2: littlewhitedog|move: Light Screen
|move|p1a: Pecharunt|Parting Shot|p2a: Grimmsnarl
|-unboost|p2a: Grimmsnarl|atk|1
|-unboost|p2a: Grimmsnarl|spa|1
|
|t:|1758303624
|switch|p1a: Ceruledge|Ceruledge, M|87/100|[from] Parting Shot
|
|upkeep
|turn|7
|
|t:|1758303630
|move|p2a: Grimmsnarl|Parting Shot|p1a: Ceruledge
|-unboost|p1a: Ceruledge|atk|1
|-unboost|p1a: Ceruledge|spa|1
|
|t:|1758303633
|switch|p2a: Great Tusk|Great Tusk, shiny|89/100|[from] Parting Shot
|move|p1a: Ceruledge|Swords Dance|p1a: Ceruledge
|-boost|p1a: Ceruledge|atk|2
|
|upkeep
|turn|8
|
|t:|1758303645
|move|p1a: Ceruledge|Bitter Blade|p2a: Great Tusk
|-damage|p2a: Great Tusk|66/100
|-heal|p1a: Ceruledge|100/100|[from] drain|[of] p2a: Great Tusk
|move|p2a: Great Tusk|Headlong Rush|p1a: Ceruledge
|-supereffective|p1a: Ceruledge
|-enditem|p1a: Ceruledge|Focus Sash
|-damage|p1a: Ceruledge|1/100
|-unboost|p2a: Great Tusk|def|1
|-unboost|p2a: Great Tusk|spd|1
|-ability|p1a: Ceruledge|Weak Armor|boost
|-unboost|p1a: Ceruledge|def|1
|-boost|p1a: Ceruledge|spe|2
|
|-sideend|p2: littlewhitedog|Reflect
|upkeep
|turn|9
|
|t:|1758303674
|-end|p2a: Great Tusk|Protosynthesis|[silent]
|switch|p2a: Probopass|Probopass, F, shiny|100/100
|move|p1a: Ceruledge|Bitter Blade|p2a: Probopass
|-damage|p2a: Probopass|61/100
|-heal|p1a: Ceruledge|23/100|[from] drain|[of] p2a: Probopass
|-damage|p1a: Ceruledge|6/100|[from] item: Rocky Helmet|[of] p2a: Probopass
|
|upkeep
|turn|10
|
|t:|1758303686
|move|p1a: Ceruledge|Poltergeist|p2a: Probopass
|-activate|p2a: Probopass|move: Poltergeist|Rocky Helmet
|-damage|p2a: Probopass|15/100
|move|p2a: Probopass|Thunder Wave|p1a: Ceruledge|[miss]
|-miss|p2a: Probopass|p1a: Ceruledge
|
|upkeep
|turn|11
|inactive|littlewhitedog has 120 seconds left.
|-message|littlewhitedog forfeited.
|
|win|bendo_13
|raw|bendo_13's rating: 1350 &rarr; <strong>1368</strong><br />(+18 for winning)
|raw|littlewhitedog's rating: 1318 &rarr; <strong>1300</strong><br />(-18 for losing)
|l|☆littlewhitedog
|player|p2|
|l|☆bendo_13
|player|p1|
