|j|☆bladesatoshix
|j|☆zfy6666
|t:|1758367961
|gametype|singles
|player|p1|bladesatoshix|drayden|1353
|player|p2|zfy6666|cynthia|1385
|gen|9
|tier|[Gen 9] OU
|rated|
|rule|HP Percentage Mod: HP is shown in percentages
|rule|Endless Battle Clause: Forcing endless battles is banned
|rule|Species Clause: Limit one of each Pokémon
|rule|OHKO Clause: OHKO moves are banned
|rule|Evasion Items Clause: Evasion items are banned
|rule|Evasion Moves Clause: Evasion moves are banned
|rule|Evasion Abilities Clause: Evasion abilities are banned
|rule|Sleep Moves Clause: Sleep-inducing moves are banned
|clearpoke
|poke|p1|Swampert, M|
|poke|p1|Clefable, F|
|poke|p1|Ogerpon-Cornerstone, F|
|poke|p1|Lokix, M|
|poke|p1|Weezing-Galar, F|
|poke|p1|Gholdengo|
|poke|p2|Ninetales-Alola, F|
|poke|p2|Zamazenta-*|
|poke|p2|Slowking-Galar, M|
|poke|p2|Kingambit, F|
|poke|p2|Hatterene, F|
|poke|p2|Kyurem|
|teampreview
|inactive|Battle timer is ON: inactive players will automatically lose when time's up. (requested by bladesatoshix)
|l|☆bladesatoshix
|inactive|bladesatoshix disconnected and has a minute to reconnect!
|player|p1|
|j|☆bladesatoshix
|inactive|bladesatoshix reconnected and has 110 seconds left.
|player|p1|bladesatoshix|drayden|
|
|t:|1758368011
|teamsize|p1|6
|teamsize|p2|6
|start
|switch|p1a: issho|Swampert, M|100/100
|switch|p2a: Slowking|Slowking-Galar, M|100/100
|turn|1
|c|☆bladesatoshix|glhf :)
|l|☆bladesatoshix
|inactive|bladesatoshix disconnected and has a minute to reconnect!
|player|p1|
|j|☆bladesatoshix
|inactive|bladesatoshix reconnected.
|player|p1|bladesatoshix|drayden|
|inactive|zfy6666 has 120 seconds left.
|
|t:|1758368046
|move|p1a: issho|Knock Off|p2a: Slowking
|-supereffective|p2a: Slowking
|-damage|p2a: Slowking|49/100
|-enditem|p2a: Slowking|Heavy-Duty Boots|[from] move: Knock Off|[of] p1a: issho
|-prepare|p2a: Slowking|Chilly Reception|[premajor]
|move|p2a: Slowking|Chilly Reception|p2a: Slowking
|-weather|Snowscape
|inactive|zfy6666 has 120 seconds left.
|
|t:|1758368052
|switch|p2a: Ninetales|Ninetales-Alola, F, shiny|100/100|[from] Chilly Reception
|
|-weather|Snowscape|[upkeep]
|upkeep
|turn|2
|
|t:|1758368057
|move|p2a: Ninetales|Aurora Veil|p2a: Ninetales
|-sidestart|p2: zfy6666|move: Aurora Veil
|move|p1a: issho|Stealth Rock|p2a: Ninetales
|-sidestart|p2: zfy6666|move: Stealth Rock
|
|-weather|Snowscape|[upkeep]
|upkeep
|turn|3
|
|t:|1758368064
|switch|p1a: akane|Clefable, F|100/100
|move|p2a: Ninetales|Freeze-Dry|p1a: akane
|-damage|p1a: akane|82/100
|
|-weather|Snowscape|[upkeep]
|-heal|p1a: akane|88/100|[from] item: Leftovers
|upkeep
|turn|4
|
|t:|1758368072
|switch|p2a: Kyurem|Kyurem, shiny|100/100
|-damage|p2a: Kyurem|75/100|[from] Stealth Rock
|-ability|p2a: Kyurem|Pressure
|move|p1a: akane|Wish|p1a: akane
|
|-weather|Snowscape|[upkeep]
|-heal|p2a: Kyurem|82/100|[from] item: Leftovers
|-heal|p1a: akane|94/100|[from] item: Leftovers
|upkeep
|turn|5
|
|t:|1758368082
|move|p2a: Kyurem|Substitute|p2a: Kyurem
|-start|p2a: Kyurem|Substitute
|-damage|p2a: Kyurem|57/100
|move|p1a: akane|Calm Mind|p1a: akane
|-boost|p1a: akane|spa|1
|-boost|p1a: akane|spd|1
|
|-weather|none
|-heal|p1a: akane|100/100|[from] move: Wish|[wisher] akane
|-heal|p2a: Kyurem|63/100|[from] item: Leftovers
|upkeep
|turn|6
|
|t:|1758368092
|move|p2a: Kyurem|Blizzard|p1a: akane
|-damage|p1a: akane|64/100
|move|p1a: akane|Wish|p1a: akane
|
|-heal|p2a: Kyurem|69/100|[from] item: Leftovers
|-heal|p1a: akane|71/100|[from] item: Leftovers
|upkeep
|turn|7
|
|t:|1758368102
|move|p2a: Kyurem|Freeze-Dry|p1a: akane
|-damage|p1a: akane|46/100
|move|p1a: akane|Calm Mind|p1a: akane
|-boost|p1a: akane|spa|1
|-boost|p1a: akane|spd|1
|
|-heal|p1a: akane|96/100|[from] move: Wish|[wisher] akane
|-heal|p2a: Kyurem|75/100|[from] item: Leftovers
|-heal|p1a: akane|100/100|[from] item: Leftovers
|upkeep
|turn|8
|
|t:|1758368114
|switch|p2a: Zamazenta|Zamazenta|100/100
|-damage|p2a: Zamazenta|94/100|[from] Stealth Rock
|-ability|p2a: Zamazenta|Dauntless Shield|boost
|-boost|p2a: Zamazenta|def|1
|move|p1a: akane|Wish|p1a: akane
|
|upkeep
|turn|9
|
|t:|1758368125
|-terastallize|p2a: Zamazenta|Steel
|move|p1a: akane|Protect|p1a: akane
|-singleturn|p1a: akane|Protect
|move|p2a: Zamazenta|Heavy Slam|p1a: akane
|-activate|p1a: akane|move: Protect
|
|-sideend|p2: zfy6666|move: Aurora Veil
|upkeep
|turn|10
|c|☆bladesatoshix|nice tera
|
|t:|1758368135
|switch|p1a: issho|Swampert, M|100/100
|move|p2a: Zamazenta|Heavy Slam|p1a: issho
|-resisted|p1a: issho
|-damage|p1a: issho|87/100
|
|-heal|p1a: issho|94/100|[from] item: Leftovers
|upkeep
|turn|11
|
|t:|1758368142
|move|p2a: Zamazenta|Iron Defense|p2a: Zamazenta
|-boost|p2a: Zamazenta|def|2
|move|p1a: issho|Knock Off|p2a: Zamazenta
|-damage|p2a: Zamazenta|86/100
|-enditem|p2a: Zamazenta|Mirror Herb|[from] move: Knock Off|[of] p1a: issho
|
|-heal|p1a: issho|99/100|[from] item: Leftovers
|upkeep
|turn|12
|
|t:|1758368150
|move|p2a: Zamazenta|Body Press|p1a: issho
|-damage|p1a: issho|39/100
|move|p1a: issho|Flip Turn|p2a: Zamazenta
|-damage|p2a: Zamazenta|77/100
|
|t:|1758368153
|switch|p1a: hikaru|Ogerpon-Cornerstone, F|100/100|[from] Flip Turn
|
|upkeep
|turn|13
|
|t:|1758368158
|move|p2a: Zamazenta|Body Press|p1a: hikaru
|-supereffective|p1a: hikaru
|-ability|p1a: hikaru|Sturdy
|-damage|p1a: hikaru|1/100
|move|p1a: hikaru|Leech Seed|p2a: Zamazenta
|-start|p2a: Zamazenta|move: Leech Seed
|
|-damage|p2a: Zamazenta|65/100|[from] Leech Seed|[of] p1a: hikaru
|-heal|p1a: hikaru|14/100|[silent]
|upkeep
|turn|14
|
|t:|1758368167
|switch|p1a: chocho|Gholdengo|100/100
|-item|p1a: chocho|Air Balloon
|move|p2a: Zamazenta|Body Press|p1a: chocho
|-immune|p1a: chocho
|
|-damage|p2a: Zamazenta|53/100|[from] Leech Seed|[of] p1a: chocho
|upkeep
|turn|15
|
|t:|1758368176
|move|p2a: Zamazenta|Crunch|p1a: chocho
|-supereffective|p1a: chocho
|-damage|p1a: chocho|53/100
|-unboost|p1a: chocho|def|1
|-enditem|p1a: chocho|Air Balloon
|move|p1a: chocho|Shadow Ball|p2a: Zamazenta
|-damage|p2a: Zamazenta|12/100
|
|-damage|p2a: Zamazenta|0 fnt|[from] Leech Seed|[of] p1a: chocho
|-heal|p1a: chocho|63/100|[silent]
|faint|p2a: Zamazenta
|upkeep
|
|t:|1758368187
|switch|p2a: Kingambit|Kingambit, F|100/100
|-damage|p2a: Kingambit|94/100|[from] Stealth Rock
|-activate|p2a: Kingambit|ability: Supreme Overlord
|-start|p2a: Kingambit|fallen1|[silent]
|-item|p2a: Kingambit|Air Balloon
|turn|16
|
|t:|1758368195
|switch|p1a: issho|Swampert, M|39/100
|move|p2a: Kingambit|Kowtow Cleave|p1a: issho
|-damage|p1a: issho|0 fnt
|faint|p1a: issho
|
|upkeep
|
|t:|1758368197
|switch|p1a: shiguma|Weezing-Galar, F, shiny|100/100
|-ability|p1a: shiguma|Neutralizing Gas
|turn|17
|
|t:|1758368205
|-end|p2a: Kingambit|fallen1|[silent]
|switch|p2a: Slowking|Slowking-Galar, M|82/100
|-damage|p2a: Slowking|70/100|[from] Stealth Rock
|move|p1a: shiguma|Will-O-Wisp|p2a: Slowking
|-status|p2a: Slowking|brn
|
|-damage|p2a: Slowking|64/100 brn|[from] brn
|upkeep
|turn|18
|
|t:|1758368213
|-end|p1a: shiguma|ability: Neutralizing Gas
|switch|p1a: chocho|Gholdengo|63/100
|-prepare|p2a: Slowking|Chilly Reception|[premajor]
|move|p2a: Slowking|Chilly Reception|p2a: Slowking
|-weather|Snowscape
|
|t:|1758368222
|switch|p2a: Ninetales|Ninetales-Alola, F, shiny|100/100|[from] Chilly Reception
|-damage|p2a: Ninetales|76/100|[from] Stealth Rock
|
|-weather|Snowscape|[upkeep]
|upkeep
|turn|19
|c|☆bladesatoshix|nice i thought you'd use a poison move lol
|
|t:|1758368227
|move|p2a: Ninetales|Aurora Veil|p2a: Ninetales
|-sidestart|p2: zfy6666|move: Aurora Veil
|move|p1a: chocho|Make It Rain|p2a: Ninetales
|-supereffective|p2a: Ninetales
|-damage|p2a: Ninetales|0 fnt
|-unboost|p1a: chocho|spa|1
|faint|p2a: Ninetales
|
|-weather|Snowscape|[upkeep]
|upkeep
|
|t:|1758368240
|switch|p2a: Kingambit|Kingambit, F|94/100
|-damage|p2a: Kingambit|88/100|[from] Stealth Rock
|-activate|p2a: Kingambit|ability: Supreme Overlord
|-start|p2a: Kingambit|fallen2|[silent]
|-item|p2a: Kingambit|Air Balloon
|turn|20
|
|t:|1758368246
|switch|p1a: hikaru|Ogerpon-Cornerstone, F|14/100
|move|p2a: Kingambit|Swords Dance|p2a: Kingambit
|-boost|p2a: Kingambit|atk|2
|
|-weather|Snowscape|[upkeep]
|upkeep
|turn|21
|
|t:|1758368253
|move|p1a: hikaru|Leech Seed|p2a: Kingambit
|-start|p2a: Kingambit|move: Leech Seed
|move|p2a: Kingambit|Kowtow Cleave|p1a: hikaru
|-damage|p1a: hikaru|0 fnt
|faint|p1a: hikaru
|
|-weather|Snowscape|[upkeep]
|upkeep
|
|t:|1758368257
|switch|p1a: shiguma|Weezing-Galar, F, shiny|100/100
|-ability|p1a: shiguma|Neutralizing Gas
|turn|22
|
|t:|1758368264
|move|p2a: Kingambit|Kowtow Cleave|p1a: shiguma
|-resisted|p1a: shiguma
|-damage|p1a: shiguma|59/100
|move|p1a: shiguma|Will-O-Wisp|p2a: Kingambit
|-status|p2a: Kingambit|brn
|
|-weather|none
|-damage|p2a: Kingambit|76/100 brn|[from] Leech Seed|[of] p1a: shiguma
|-heal|p1a: shiguma|73/100|[silent]
|-damage|p2a: Kingambit|70/100 brn|[from] brn
|upkeep
|turn|23
|c|☆bladesatoshix|thought you'd sucker punch, good kowtow
|
|t:|1758368274
|move|p2a: Kingambit|Swords Dance|p2a: Kingambit
|-boost|p2a: Kingambit|atk|2
|move|p1a: shiguma|Strange Steam|p2a: Kingambit|[miss]
|-miss|p1a: shiguma|p2a: Kingambit
|
|-damage|p2a: Kingambit|57/100 brn|[from] Leech Seed|[of] p1a: shiguma
|-heal|p1a: shiguma|86/100|[silent]
|-damage|p2a: Kingambit|51/100 brn|[from] brn
|upkeep
|turn|24
|
|t:|1758368282
|move|p2a: Kingambit|Swords Dance|p2a: Kingambit
|-boost|p2a: Kingambit|atk|2
|move|p1a: shiguma|Strange Steam|p2a: Kingambit
|-damage|p2a: Kingambit|37/100 brn
|-enditem|p2a: Kingambit|Air Balloon
|
|-damage|p2a: Kingambit|25/100 brn|[from] Leech Seed|[of] p1a: shiguma
|-heal|p1a: shiguma|99/100|[silent]
|-damage|p2a: Kingambit|19/100 brn|[from] brn
|upkeep
|turn|25
|
|t:|1758368292
|move|p2a: Kingambit|Kowtow Cleave|p1a: shiguma
|-resisted|p1a: shiguma
|-damage|p1a: shiguma|56/100
|move|p1a: shiguma|Strange Steam|p2a: Kingambit
|-damage|p2a: Kingambit|4/100 brn
|
|-damage|p2a: Kingambit|0 fnt|[from] Leech Seed|[of] p1a: shiguma
|-heal|p1a: shiguma|60/100|[silent]
|faint|p2a: Kingambit
|-end|p2a: Kingambit|fallen2|[silent]
|upkeep
|-message|zfy6666 forfeited.
|
|win|bladesatoshix
|raw|bladesatoshix's rating: 1353 &rarr; <strong>1375</strong><br />(+22 for winning)
|raw|zfy6666's rating: 1385 &rarr; <strong>1363</strong><br />(-22 for losing)
|l|☆zfy6666
|player|p2|
|c|☆bladesatoshix|gg
|l|☆bladesatoshix
|player|p1|
