|j|☆Pr0geny
|j|☆bombadierbill
|t:|1758255190
|gametype|singles
|player|p1|Pr0geny|cogita|1459
|player|p2|bombadierbill|266|1402
|gen|9
|tier|[Gen 9] OU
|rated|
|rule|HP Percentage Mod: HP is shown in percentages
|rule|Endless Battle Clause: Forcing endless battles is banned
|rule|Species Clause: Limit one of each Pokémon
|rule|OHKO Clause: OHKO moves are banned
|rule|Evasion Items Clause: Evasion items are banned
|rule|Evasion Moves Clause: Evasion moves are banned
|rule|Evasion Abilities Clause: Evasion abilities are banned
|rule|Sleep Moves Clause: Sleep-inducing moves are banned
|clearpoke
|poke|p1|Samurott-Hisui, M|
|poke|p1|Sinistcha|
|poke|p1|Weezing-Galar, M|
|poke|p1|Zapdos|
|poke|p1|Iron Valiant|
|poke|p1|Iron Treads|
|poke|p2|Cinderace, M|
|poke|p2|Ogerpon-Wellspring, F|
|poke|p2|Ursaluna, F|
|poke|p2|Scizor, M|
|poke|p2|Landorus-Therian, M|
|poke|p2|Dragonite, F|
|teampreview
|inactive|Battle timer is ON: inactive players will automatically lose when time's up. (requested by Pr0geny)
|
|t:|1758255227
|teamsize|p1|6
|teamsize|p2|6
|start
|switch|p1a: Iron Threat|Iron Treads|100/100
|switch|p2a: Landorus|Landorus-Therian, M|100/100
|-ability|p2a: Landorus|Intimidate|boost
|-unboost|p1a: Iron Threat|atk|1
|turn|1
|
|t:|1758255236
|-end|p1a: Iron Threat|Quark Drive|[silent]
|switch|p1a: SCREAM|Zapdos|100/100
|-ability|p1a: SCREAM|Pressure
|move|p2a: Landorus|Earthquake|p1a: SCREAM
|-immune|p1a: SCREAM
|
|upkeep
|turn|2
|
|t:|1758255238
|move|p1a: SCREAM|U-turn|p2a: Landorus
|-resisted|p2a: Landorus
|-damage|p2a: Landorus|94/100
|-damage|p1a: SCREAM|84/100|[from] item: Rocky Helmet|[of] p2a: Landorus
|
|t:|1758255240
|switch|p1a: SinistGYATT|Sinistcha|100/100|[from] U-turn
|move|p2a: Landorus|Stone Edge|p1a: SinistGYATT
|-damage|p1a: SinistGYATT|78/100
|
|upkeep
|turn|3
|
|t:|1758255255
|switch|p1a: SCREAM|Zapdos|84/100
|-ability|p1a: SCREAM|Pressure
|move|p2a: Landorus|U-turn|p1a: SCREAM
|-resisted|p1a: SCREAM
|-crit|p1a: SCREAM
|-damage|p1a: SCREAM|64/100
|
|t:|1758255259
|switch|p2a: Ursaluna|Ursaluna, F|100/100|[from] U-turn
|
|upkeep
|turn|4
|
|t:|1758255263
|switch|p1a: SinistGYATT|Sinistcha|78/100
|move|p2a: Ursaluna|Ice Punch|p1a: SinistGYATT
|-supereffective|p1a: SinistGYATT
|-damage|p1a: SinistGYATT|35/100
|-status|p1a: SinistGYATT|frz
|
|upkeep
|turn|5
|
|t:|1758255269
|switch|p1a: Edging Ceaselessly|Samurott-Hisui, M|100/100
|move|p2a: Ursaluna|Ice Punch|p1a: Edging Ceaselessly
|-resisted|p1a: Edging Ceaselessly
|-damage|p1a: Edging Ceaselessly|83/100
|
|upkeep
|turn|6
|
|t:|1758255288
|move|p1a: Edging Ceaselessly|Ceaseless Edge|p2a: Ursaluna
|-damage|p2a: Ursaluna|42/100
|-sidestart|p2: bombadierbill|Spikes
|move|p2a: Ursaluna|Headlong Rush|p1a: Edging Ceaselessly
|-damage|p1a: Edging Ceaselessly|0 fnt
|-unboost|p2a: Ursaluna|def|1
|-unboost|p2a: Ursaluna|spd|1
|faint|p1a: Edging Ceaselessly
|
|upkeep
|
|t:|1758255291
|switch|p1a: They/Them|Iron Valiant|100/100
|-enditem|p1a: They/Them|Booster Energy
|-activate|p1a: They/Them|ability: Quark Drive|[fromitem]
|-start|p1a: They/Them|quarkdrivespe
|turn|7
|
|t:|1758255312
|move|p1a: They/Them|Moonblast|p2a: Ursaluna
|-damage|p2a: Ursaluna|0 fnt
|faint|p2a: Ursaluna
|
|upkeep
|
|t:|1758255316
|switch|p2a: Scizor|Scizor, M|100/100
|turn|8
|
|t:|1758255319
|-end|p1a: They/Them|Quark Drive|[silent]
|switch|p1a: SCREAM|Zapdos|64/100
|-ability|p1a: SCREAM|Pressure
|move|p2a: Scizor|Bullet Punch|p1a: SCREAM
|-resisted|p1a: SCREAM
|-damage|p1a: SCREAM|46/100
|
|upkeep
|turn|9
|
|t:|1758255345
|move|p1a: SCREAM|Roost|p1a: SCREAM
|-heal|p1a: SCREAM|96/100
|-singleturn|p1a: SCREAM|move: Roost
|move|p2a: Scizor|Knock Off|p1a: SCREAM
|-crit|p1a: SCREAM
|-damage|p1a: SCREAM|32/100
|-enditem|p1a: SCREAM|Heavy-Duty Boots|[from] move: Knock Off|[of] p2a: Scizor
|
|upkeep
|turn|10
|
|t:|1758255357
|move|p1a: SCREAM|Heat Wave|p2a: Scizor
|-supereffective|p2a: Scizor
|-damage|p2a: Scizor|0 fnt
|faint|p2a: Scizor
|
|upkeep
|
|t:|1758255360
|switch|p2a: Cinderace|Cinderace, M|100/100
|turn|11
|
|t:|1758255364
|switch|p1a: DougDimmadome|Weezing-Galar, M|100/100
|-ability|p1a: DougDimmadome|Neutralizing Gas
|move|p2a: Cinderace|Pyro Ball|p1a: DougDimmadome
|-damage|p1a: DougDimmadome|69/100
|
|-heal|p1a: DougDimmadome|75/100|[from] item: Black Sludge
|upkeep
|turn|12
|
|t:|1758255372
|move|p2a: Cinderace|Will-O-Wisp|p1a: DougDimmadome
|-status|p1a: DougDimmadome|brn
|move|p1a: DougDimmadome|Will-O-Wisp|p2a: Cinderace
|-immune|p2a: Cinderace
|
|-heal|p1a: DougDimmadome|81/100 brn|[from] item: Black Sludge
|-damage|p1a: DougDimmadome|75/100 brn|[from] brn
|upkeep
|turn|13
|
|t:|1758255375
|move|p2a: Cinderace|Court Change|p2a: Cinderace
|-swapsideconditions
|-activate|p2a: Cinderace|move: Court Change
|move|p1a: DougDimmadome|Defog|p2a: Cinderace
|-unboost|p2a: Cinderace|evasion|1
|-sideend|p1: Pr0geny|Spikes|[from] move: Defog|[of] p1a: DougDimmadome
|
|-heal|p1a: DougDimmadome|81/100 brn|[from] item: Black Sludge
|-damage|p1a: DougDimmadome|75/100 brn|[from] brn
|upkeep
|turn|14
|
|t:|1758255394
|switch|p2a: Landorus|Landorus-Therian, M|94/100
|move|p1a: DougDimmadome|Strange Steam|p2a: Landorus
|-damage|p2a: Landorus|65/100
|
|-heal|p1a: DougDimmadome|81/100 brn|[from] item: Black Sludge
|-damage|p1a: DougDimmadome|75/100 brn|[from] brn
|upkeep
|turn|15
|
|t:|1758255400
|move|p2a: Landorus|Earthquake|p1a: DougDimmadome
|-supereffective|p1a: DougDimmadome
|-damage|p1a: DougDimmadome|8/100 brn
|move|p1a: DougDimmadome|Will-O-Wisp|p2a: Landorus
|-status|p2a: Landorus|brn
|
|-heal|p1a: DougDimmadome|14/100 brn|[from] item: Black Sludge
|-damage|p2a: Landorus|59/100 brn|[from] brn
|-damage|p1a: DougDimmadome|8/100 brn|[from] brn
|upkeep
|turn|16
|
|t:|1758255404
|-end|p1a: DougDimmadome|ability: Neutralizing Gas
|-ability|p2a: Landorus|Intimidate|boost
|-unboost|p1a: DougDimmadome|atk|1
|switch|p1a: SCREAM|Zapdos|32/100
|-ability|p1a: SCREAM|Pressure
|move|p2a: Landorus|Stealth Rock|p1a: SCREAM
|-sidestart|p1: Pr0geny|move: Stealth Rock
|
|-damage|p2a: Landorus|53/100 brn|[from] brn
|upkeep
|turn|17
|
|t:|1758255413
|move|p1a: SCREAM|Roost|p1a: SCREAM
|-heal|p1a: SCREAM|82/100
|-singleturn|p1a: SCREAM|move: Roost
|move|p2a: Landorus|Earthquake|p1a: SCREAM
|-supereffective|p1a: SCREAM
|-crit|p1a: SCREAM
|-damage|p1a: SCREAM|0 fnt
|faint|p1a: SCREAM
|
|-damage|p2a: Landorus|47/100 brn|[from] brn
|upkeep
|
|t:|1758255416
|switch|p1a: Iron Threat|Iron Treads|100/100
|-damage|p1a: Iron Threat|97/100|[from] Stealth Rock
|turn|18
|
|t:|1758255420
|move|p1a: Iron Threat|Ice Spinner|p2a: Landorus
|-supereffective|p2a: Landorus
|-damage|p2a: Landorus|0 fnt
|-damage|p1a: Iron Threat|81/100|[from] item: Rocky Helmet|[of] p2a: Landorus
|faint|p2a: Landorus
|
|upkeep
|
|t:|1758255424
|switch|p2a: Ogerpon|Ogerpon-Wellspring, F|100/100
|turn|19
|
|t:|1758255427
|-terastallize|p1a: Iron Threat|Ghost
|move|p2a: Ogerpon|Ivy Cudgel|p1a: Iron Threat|[anim] Ivy Cudgel Water
|-damage|p1a: Iron Threat|29/100
|move|p1a: Iron Threat|Megahorn|p2a: Ogerpon
|-supereffective|p2a: Ogerpon
|-damage|p2a: Ogerpon|0 fnt
|faint|p2a: Ogerpon
|
|upkeep
|
|t:|1758255434
|switch|p2a: Cinderace|Cinderace, M|100/100
|turn|20
|
|t:|1758255440
|move|p2a: Cinderace|Pyro Ball|p1a: Iron Threat
|-damage|p1a: Iron Threat|0 fnt
|faint|p1a: Iron Threat
|-end|p1a: Iron Threat|Quark Drive|[silent]
|
|upkeep
|
|t:|1758255443
|switch|p1a: They/Them|Iron Valiant|100/100
|-damage|p1a: They/Them|94/100|[from] Stealth Rock
|turn|21
|
|t:|1758255446
|move|p2a: Cinderace|Pyro Ball|p1a: They/Them
|-damage|p1a: They/Them|33/100
|move|p1a: They/Them|Moonblast|p2a: Cinderace
|-resisted|p2a: Cinderace
|-damage|p2a: Cinderace|74/100
|
|upkeep
|turn|22
|
|t:|1758255449
|move|p1a: They/Them|Vacuum Wave|p2a: Cinderace
|-crit|p2a: Cinderace
|-damage|p2a: Cinderace|39/100
|move|p2a: Cinderace|Pyro Ball|p1a: They/Them
|-damage|p1a: They/Them|0 fnt
|faint|p1a: They/Them
|-end|p1a: They/Them|Quark Drive|[silent]
|
|upkeep
|
|t:|1758255450
|switch|p1a: SinistGYATT|Sinistcha|35/100 frz
|turn|23
|
|t:|1758255453
|move|p2a: Cinderace|Pyro Ball|p1a: SinistGYATT
|-supereffective|p1a: SinistGYATT
|-damage|p1a: SinistGYATT|3/100 frz
|-curestatus|p1a: SinistGYATT|frz|[msg]
|move|p1a: SinistGYATT|Strength Sap|p2a: Cinderace
|-unboost|p2a: Cinderace|atk|1
|-heal|p1a: SinistGYATT|85/100
|
|upkeep
|turn|24
|
|t:|1758255460
|switch|p2a: Dragonite|Dragonite, F|100/100
|move|p1a: SinistGYATT|Calm Mind|p1a: SinistGYATT
|-boost|p1a: SinistGYATT|spa|1
|-boost|p1a: SinistGYATT|spd|1
|
|upkeep
|turn|25
|
|t:|1758255464
|move|p2a: Dragonite|Encore|p1a: SinistGYATT
|-start|p1a: SinistGYATT|Encore
|move|p1a: SinistGYATT|Calm Mind|p1a: SinistGYATT
|-boost|p1a: SinistGYATT|spa|1
|-boost|p1a: SinistGYATT|spd|1
|
|upkeep
|turn|26
|
|t:|1758255470
|switch|p1a: DougDimmadome|Weezing-Galar, M|8/100 brn
|-ability|p1a: DougDimmadome|Neutralizing Gas
|-damage|p1a: DougDimmadome|0 fnt|[from] Stealth Rock
|faint|p1a: DougDimmadome
|-end|p1a: DougDimmadome|ability: Neutralizing Gas
|move|p2a: Dragonite|Dragon Dance|p2a: Dragonite
|-boost|p2a: Dragonite|atk|1
|-boost|p2a: Dragonite|spe|1
|
|upkeep
|
|t:|1758255472
|switch|p1a: SinistGYATT|Sinistcha|85/100
|turn|27
|
|t:|1758255486
|move|p2a: Dragonite|Dragon Dance|p2a: Dragonite
|-boost|p2a: Dragonite|atk|1
|-boost|p2a: Dragonite|spe|1
|move|p1a: SinistGYATT|Shadow Ball|p2a: Dragonite
|-damage|p2a: Dragonite|82/100
|
|-heal|p2a: Dragonite|88/100|[from] item: Leftovers
|upkeep
|turn|28
|
|t:|1758255496
|move|p2a: Dragonite|Encore|p1a: SinistGYATT
|-start|p1a: SinistGYATT|Encore
|move|p1a: SinistGYATT|Shadow Ball|p2a: Dragonite
|-damage|p2a: Dragonite|54/100
|
|-heal|p2a: Dragonite|61/100|[from] item: Leftovers
|upkeep
|turn|29
|
|t:|1758255498
|-terastallize|p2a: Dragonite|Fairy
|move|p2a: Dragonite|Tera Blast|p1a: SinistGYATT|[anim] Tera Blast Fairy
|-damage|p1a: SinistGYATT|22/100
|move|p1a: SinistGYATT|Shadow Ball|p2a: Dragonite
|-damage|p2a: Dragonite|24/100
|
|-heal|p2a: Dragonite|31/100|[from] item: Leftovers
|upkeep
|turn|30
|
|t:|1758255501
|move|p2a: Dragonite|Tera Blast|p1a: SinistGYATT|[anim] Tera Blast Fairy
|-damage|p1a: SinistGYATT|0 fnt
|faint|p1a: SinistGYATT
|
|win|bombadierbill
|raw|Pr0geny's rating: 1459 &rarr; <strong>1436</strong><br />(-23 for losing)
|raw|bombadierbill's rating: 1402 &rarr; <strong>1425</strong><br />(+23 for winning)
|l|☆Pr0geny
|player|p1|
|l|☆bombadierbill
|player|p2|
