|j|☆Nickthenickthenick
|j|☆c.empty
|t:|1758265620
|gametype|singles
|player|p1|Nickthenickthenick|102|1297
|player|p2|c.empty|265|1330
|gen|9
|tier|[Gen 9] OU
|rated|
|rule|HP Percentage Mod: HP is shown in percentages
|rule|Endless Battle Clause: Forcing endless battles is banned
|rule|Species Clause: Limit one of each Pokémon
|rule|OHKO Clause: OHKO moves are banned
|rule|Evasion Items Clause: Evasion items are banned
|rule|Evasion Moves Clause: Evasion moves are banned
|rule|Evasion Abilities Clause: Evasion abilities are banned
|rule|Sleep Moves Clause: Sleep-inducing moves are banned
|clearpoke
|poke|p1|Torkoal, M|
|poke|p1|Typhlosion-Hisui, F|
|poke|p1|Venusaur, F|
|poke|p1|Alomomola, M|
|poke|p1|Zapdos|
|poke|p1|Great Tusk|
|poke|p2|Moltres|
|poke|p2|Landorus-Therian, M|
|poke|p2|Hydrapple, F|
|poke|p2|Great Tusk|
|poke|p2|Slowking-Galar, F|
|poke|p2|Gholdengo|
|teampreview
|
|t:|1758265637
|teamsize|p1|6
|teamsize|p2|6
|start
|switch|p1a: Torkoal|Torkoal, M|100/100
|switch|p2a: Slowking|Slowking-Galar, F|100/100
|-weather|SunnyDay|[from] ability: Drought|[of] p1a: Torkoal
|turn|1
|
|t:|1758265647
|move|p1a: Torkoal|Stealth Rock|p2a: Slowking
|-sidestart|p2: c.empty|move: Stealth Rock
|-prepare|p2a: Slowking|Chilly Reception|[premajor]
|move|p2a: Slowking|Chilly Reception|p2a: Slowking
|-weather|Snowscape
|
|t:|1758265661
|switch|p2a: Landorus|Landorus-Therian, M|100/100|[from] Chilly Reception
|-damage|p2a: Landorus|88/100|[from] Stealth Rock
|-ability|p2a: Landorus|Intimidate|boost
|-unboost|p1a: Torkoal|atk|1
|
|-weather|Snowscape|[upkeep]
|upkeep
|turn|2
|
|t:|1758265709
|switch|p1a: Alomomola|Alomomola, M|100/100
|move|p2a: Landorus|Stone Edge|p1a: Alomomola
|-damage|p1a: Alomomola|78/100
|
|-weather|Snowscape|[upkeep]
|upkeep
|turn|3
|inactive|Battle timer is ON: inactive players will automatically lose when time's up. (requested by c.empty)
|inactive|Nickthenickthenick has 120 seconds left.
|
|t:|1758265757
|switch|p2a: Hydrapple|Hydrapple, F|100/100
|-damage|p2a: Hydrapple|88/100|[from] Stealth Rock
|move|p1a: Alomomola|Scald|p2a: Hydrapple
|-resisted|p2a: Hydrapple
|-crit|p2a: Hydrapple
|-damage|p2a: Hydrapple|84/100
|
|-weather|Snowscape|[upkeep]
|upkeep
|turn|4
|
|t:|1758265771
|switch|p1a: Torkoal|Torkoal, M|100/100
|-weather|SunnyDay|[from] ability: Drought|[of] p1a: Torkoal
|move|p2a: Hydrapple|Fickle Beam|p1a: Torkoal
|-damage|p1a: Torkoal|71/100
|
|-weather|SunnyDay|[upkeep]
|upkeep
|turn|5
|
|t:|1758265794
|switch|p2a: Great Tusk|Great Tusk|100/100
|-activate|p2a: Great Tusk|ability: Protosynthesis
|-start|p2a: Great Tusk|protosynthesisatk
|move|p1a: Torkoal|Lava Plume|p2a: Great Tusk
|-damage|p2a: Great Tusk|46/100
|-status|p2a: Great Tusk|brn
|
|-weather|SunnyDay|[upkeep]
|-damage|p2a: Great Tusk|40/100 brn|[from] brn
|upkeep
|turn|6
|
|t:|1758265808
|switch|p1a: Alomomola|Alomomola, M|100/100
|move|p2a: Great Tusk|Rapid Spin|p1a: Alomomola
|-damage|p1a: Alomomola|94/100
|-boost|p2a: Great Tusk|spe|1
|-sideend|p2: c.empty|Stealth Rock|[from] move: Rapid Spin|[of] p2a: Great Tusk
|
|-weather|SunnyDay|[upkeep]
|-damage|p2a: Great Tusk|34/100 brn|[from] brn
|upkeep
|turn|7
|
|t:|1758265821
|-end|p2a: Great Tusk|Protosynthesis|[silent]
|switch|p2a: Hydrapple|Hydrapple, F|100/100
|move|p1a: Alomomola|Flip Turn|p2a: Hydrapple
|-resisted|p2a: Hydrapple
|-damage|p2a: Hydrapple|99/100
|-damage|p1a: Alomomola|77/100|[from] item: Rocky Helmet|[of] p2a: Hydrapple
|
|t:|1758265828
|switch|p1a: Typhlosion|Typhlosion-Hisui, F|100/100|[from] Flip Turn
|
|-weather|SunnyDay|[upkeep]
|upkeep
|turn|8
|
|t:|1758265844
|-terastallize|p2a: Hydrapple|Fairy
|move|p1a: Typhlosion|Eruption|p2a: Hydrapple
|-damage|p2a: Hydrapple|0 fnt
|faint|p2a: Hydrapple
|
|-weather|SunnyDay|[upkeep]
|upkeep
|-message|c.empty forfeited.
|
|win|Nickthenickthenick
|raw|Nickthenickthenick's rating: 1297 &rarr; <strong>1324</strong><br />(+27 for winning)
|raw|c.empty's rating: 1330 &rarr; <strong>1308</strong><br />(-22 for losing)
|l|☆c.empty
|player|p2|
|l|☆Nickthenickthenick
|player|p1|
