|j|☆RapidFireScarf
|j|☆Azx12
|inactive|Battle timer is ON: inactive players will automatically lose when time's up.
|t:|1758310669
|gametype|singles
|player|p1|RapidFireScarf|morty-masters|
|player|p2|Azx12|gentleman-gen4dp|
|gen|9
|tier|[Gen 9] OU
|rated|Tournament battle
|rule|HP Percentage Mod: HP is shown in percentages
|rule|Endless Battle Clause: Forcing endless battles is banned
|rule|Species Clause: Limit one of each Pokémon
|rule|OHKO Clause: OHKO moves are banned
|rule|Evasion Items Clause: Evasion items are banned
|rule|Evasion Moves Clause: Evasion moves are banned
|rule|Evasion Abilities Clause: Evasion abilities are banned
|rule|Sleep Moves Clause: Sleep-inducing moves are banned
|clearpoke
|poke|p1|Kingambit, M|
|poke|p1|Deoxys-Speed|
|poke|p1|Great Tusk|
|poke|p1|Dragonite, F|
|poke|p1|Iron Moth|
|poke|p1|Primarina, F|
|poke|p2|Cinderace, M|
|poke|p2|Chandelure, F|
|poke|p2|Dragapult, M|
|poke|p2|Lanturn, F|
|poke|p2|Conkeldurr, M|
|poke|p2|Gothitelle, M|
|teampreview
|j|*Lady Monita ☀
|
|t:|1758310680
|teamsize|p1|6
|teamsize|p2|6
|start
|switch|p1a: Moebius|Deoxys-Speed|100/100
|switch|p2a: Cinderace|Cinderace, M|100/100
|-ability|p1a: Moebius|Pressure
|turn|1
|
|t:|1758310686
|move|p1a: Moebius|Nasty Plot|p1a: Moebius
|-boost|p1a: Moebius|spa|2
|move|p2a: Cinderace|U-turn|p1a: Moebius
|-start|p2a: Cinderace|typechange|Bug|[from] ability: Libero
|-supereffective|p1a: Moebius
|-damage|p1a: Moebius|0 fnt
|faint|p1a: Moebius
|
|t:|1758310694
|switch|p2a: Lanturn|Lanturn, F|100/100|[from] U-turn
|
|upkeep
|
|t:|1758310705
|switch|p1a: Anomаly|Iron Moth|100/100
|-enditem|p1a: Anomаly|Booster Energy
|-activate|p1a: Anomаly|ability: Quark Drive|[fromitem]
|-start|p1a: Anomаly|quarkdrivespe
|turn|2
|
|t:|1758310714
|-terastallize|p1a: Anomаly|Ground
|move|p1a: Anomаly|Tera Blast|p2a: Lanturn|[anim] Tera Blast Ground
|-supereffective|p2a: Lanturn
|-damage|p2a: Lanturn|39/100
|move|p2a: Lanturn|Surf|p1a: Anomаly
|-supereffective|p1a: Anomаly
|-damage|p1a: Anomаly|29/100
|
|-heal|p2a: Lanturn|45/100|[from] item: Leftovers
|upkeep
|turn|3
|
|t:|1758310724
|move|p1a: Anomаly|Tera Blast|p2a: Lanturn|[anim] Tera Blast Ground
|-supereffective|p2a: Lanturn
|-damage|p2a: Lanturn|0 fnt
|faint|p2a: Lanturn
|
|upkeep
|
|t:|1758310730
|switch|p2a: Gothitelle|Gothitelle, M|100/100
|turn|4
|
|t:|1758310734
|move|p1a: Anomаly|Fiery Dance|p2a: Gothitelle
|-damage|p2a: Gothitelle|65/100
|move|p2a: Gothitelle|Psyshock|p1a: Anomаly
|-damage|p1a: Anomаly|0 fnt
|faint|p1a: Anomаly
|-end|p1a: Anomаly|Quark Drive|[silent]
|
|upkeep
|j| Albrtix
|
|t:|1758310742
|switch|p1a: Meruem|Kingambit, M|100/100
|-activate|p1a: Meruem|ability: Supreme Overlord
|-start|p1a: Meruem|fallen2|[silent]
|turn|5
|
|t:|1758310746
|switch|p2a: Conkeldurr|Conkeldurr, M|100/100
|move|p1a: Meruem|Sucker Punch||[still]
|-fail|p1a: Meruem
|
|upkeep
|turn|6
|
|t:|1758310753
|-end|p1a: Meruem|fallen2|[silent]
|switch|p1a: Siren|Primarina, F|100/100
|move|p2a: Conkeldurr|Bulk Up|p2a: Conkeldurr
|-boost|p2a: Conkeldurr|atk|1
|-boost|p2a: Conkeldurr|def|1
|
|upkeep
|turn|7
|
|t:|1758310761
|-terastallize|p2a: Conkeldurr|Fairy
|move|p1a: Siren|Moonblast|p2a: Conkeldurr
|-damage|p2a: Conkeldurr|41/100
|move|p2a: Conkeldurr|Poison Jab|p1a: Siren
|-supereffective|p1a: Siren
|-damage|p1a: Siren|0 fnt
|faint|p1a: Siren
|-damage|p2a: Conkeldurr|31/100|[from] item: Life Orb
|
|upkeep
|
|t:|1758310771
|switch|p1a: Anomaly|Great Tusk|100/100
|-enditem|p1a: Anomaly|Booster Energy
|-activate|p1a: Anomaly|ability: Protosynthesis|[fromitem]
|-start|p1a: Anomaly|protosynthesisatk
|turn|8
|
|t:|1758310777
|move|p1a: Anomaly|Headlong Rush|p2a: Conkeldurr
|-damage|p2a: Conkeldurr|0 fnt
|-unboost|p1a: Anomaly|def|1
|-unboost|p1a: Anomaly|spd|1
|faint|p2a: Conkeldurr
|
|upkeep
|
|t:|1758310786
|switch|p2a: Cinderace|Cinderace, M|100/100
|turn|9
|
|t:|1758310789
|move|p2a: Cinderace|U-turn|p1a: Anomaly
|-start|p2a: Cinderace|typechange|Bug|[from] ability: Libero
|-resisted|p1a: Anomaly
|-damage|p1a: Anomaly|72/100
|
|t:|1758310793
|switch|p2a: Gothitelle|Gothitelle, M|65/100|[from] U-turn
|move|p1a: Anomaly|Headlong Rush|p2a: Gothitelle
|-damage|p2a: Gothitelle|0 fnt
|-unboost|p1a: Anomaly|def|1
|-unboost|p1a: Anomaly|spd|1
|faint|p2a: Gothitelle
|
|upkeep
|
|t:|1758310804
|switch|p2a: Dragapult|Dragapult, M|100/100
|turn|10
|
|t:|1758310807
|move|p2a: Dragapult|Phantom Force||[still]
|-prepare|p2a: Dragapult|Phantom Force
|move|p1a: Anomaly|Ice Spinner|p2a: Dragapult|[miss]
|-miss|p1a: Anomaly|p2a: Dragapult
|
|upkeep
|turn|11
|
|t:|1758310812
|move|p2a: Dragapult|Phantom Force|p1a: Anomaly|[from] lockedmove
|-damage|p1a: Anomaly|5/100
|move|p1a: Anomaly|Ice Spinner|p2a: Dragapult
|-supereffective|p2a: Dragapult
|-damage|p2a: Dragapult|0 fnt
|faint|p2a: Dragapult
|
|upkeep
|
|t:|1758310820
|switch|p2a: Cinderace|Cinderace, M|100/100
|turn|12
|
|t:|1758310826
|move|p2a: Cinderace|U-turn|p1a: Anomaly
|-start|p2a: Cinderace|typechange|Bug|[from] ability: Libero
|-resisted|p1a: Anomaly
|-damage|p1a: Anomaly|0 fnt
|faint|p1a: Anomaly
|-end|p1a: Anomaly|Protosynthesis|[silent]
|
|t:|1758310831
|switch|p2a: Chandelure|Chandelure, F|100/100|[from] U-turn
|
|upkeep
|
|t:|1758310838
|switch|p1a: Yoshi|Dragonite, F, shiny|100/100
|turn|13
|
|t:|1758310844
|move|p1a: Yoshi|Outrage|p2a: Chandelure
|-damage|p2a: Chandelure|0 fnt
|faint|p2a: Chandelure
|
|upkeep
|
|t:|1758310848
|switch|p2a: Cinderace|Cinderace, M|100/100
|turn|14
|
|t:|1758310852
|move|p2a: Cinderace|Pyro Ball|p1a: Yoshi
|-resisted|p1a: Yoshi
|-damage|p1a: Yoshi|78/100
|move|p1a: Yoshi|Outrage|p2a: Cinderace|[from] lockedmove
|-damage|p2a: Cinderace|0 fnt
|faint|p2a: Cinderace
|
|win|RapidFireScarf
|n|☆RapidFireScarf|rapidfirescarf
|n|☆Azx12|azx12
|n|*Lady Monita ☀|ladymonita
|n| Albrtix|albrtix
|l|*Lady Monita ☀
|l|☆RapidFireScarf
|player|p1|
|l|☆Azx12
|player|p2|
