|j|☆suifenli
|j|☆uber-mom
|t:|1758248088
|gametype|singles
|player|p1|suifenli|n|1542
|player|p2|uber-mom|lucas|1522
|gen|9
|tier|[Gen 9] OU
|rated|
|rule|HP Percentage Mod: HP is shown in percentages
|rule|Endless Battle Clause: Forcing endless battles is banned
|rule|Species Clause: Limit one of each Pokémon
|rule|OHKO Clause: OHKO moves are banned
|rule|Evasion Items Clause: Evasion items are banned
|rule|Evasion Moves Clause: Evasion moves are banned
|rule|Evasion Abilities Clause: Evasion abilities are banned
|rule|Sleep Moves Clause: Sleep-inducing moves are banned
|clearpoke
|poke|p1|Zamazenta-*|
|poke|p1|Sableye, F|
|poke|p1|Bellossom, M|
|poke|p1|Enamorus, F|
|poke|p1|Garganacl, F|
|poke|p1|Latias, F|
|poke|p2|Indeedee, M|
|poke|p2|Hatterene, F|
|poke|p2|Ursaluna, M|
|poke|p2|Iron Hands|
|poke|p2|Hoopa-Unbound|
|poke|p2|Mimikyu, M|
|teampreview
|inactive|Battle timer is ON: inactive players will automatically lose when time's up. (requested by uber-mom)
|inactive|suifenli also wants the timer to be on.
|inactive|suifenli has 120 seconds left.
|inactive|uber-mom has 120 seconds left.
|
|t:|1758248125
|teamsize|p1|6
|teamsize|p2|6
|start
|switch|p1a: Latias|Latias, F|100/100
|switch|p2a: Ronove|Indeedee, M|100/100
|-fieldstart|move: Psychic Terrain|[from] ability: Psychic Surge|[of] p2a: Ronove
|turn|1
|
|t:|1758248132
|move|p1a: Latias|Calm Mind|p1a: Latias
|-boost|p1a: Latias|spa|1
|-boost|p1a: Latias|spd|1
|move|p2a: Ronove|Trick Room|p2a: Ronove
|-fieldstart|move: Trick Room|[of] p2a: Ronove
|
|upkeep
|turn|2
|
|t:|1758248135
|move|p2a: Ronove|Encore|p1a: Latias
|-start|p1a: Latias|Encore
|move|p1a: Latias|Calm Mind|p1a: Latias
|-boost|p1a: Latias|spa|1
|-boost|p1a: Latias|spd|1
|
|upkeep
|turn|3
|
|t:|1758248137
|switch|p2a: Battler|Ursaluna, M, shiny|100/100
|move|p1a: Latias|Calm Mind|p1a: Latias
|-boost|p1a: Latias|spa|1
|-boost|p1a: Latias|spd|1
|
|-status|p2a: Battler|brn|[from] item: Flame Orb
|upkeep
|turn|4
|
|t:|1758248159
|switch|p1a: Zamazenta|Zamazenta|100/100
|-ability|p1a: Zamazenta|Dauntless Shield|boost
|-boost|p1a: Zamazenta|def|1
|move|p2a: Battler|Facade|p1a: Zamazenta
|-damage|p1a: Zamazenta|35/100
|
|-heal|p1a: Zamazenta|41/100|[from] item: Leftovers
|-damage|p2a: Battler|94/100 brn|[from] brn
|upkeep
|turn|5
|
|t:|1758248170
|move|p2a: Battler|Headlong Rush|p1a: Zamazenta
|-damage|p1a: Zamazenta|0 fnt
|-unboost|p2a: Battler|def|1
|-unboost|p2a: Battler|spd|1
|faint|p1a: Zamazenta
|
|-damage|p2a: Battler|88/100 brn|[from] brn
|-fieldend|move: Trick Room
|upkeep
|
|t:|1758248173
|switch|p1a: Bellossom|Bellossom, M|100/100
|turn|6
|
|t:|1758248175
|switch|p2a: Kinzo|Hoopa-Unbound|100/100
|-enditem|p2a: Kinzo|Psychic Seed
|-boost|p2a: Kinzo|spd|1|[from] item: Psychic Seed
|move|p1a: Bellossom|Strength Sap|p2a: Kinzo
|-unboost|p2a: Kinzo|atk|1
|
|upkeep
|turn|7
|
|t:|1758248179
|move|p1a: Bellossom|Quiver Dance|p1a: Bellossom
|-boost|p1a: Bellossom|spa|1
|-boost|p1a: Bellossom|spd|1
|-boost|p1a: Bellossom|spe|1
|move|p2a: Kinzo|Trick Room|p2a: Kinzo
|-fieldstart|move: Trick Room|[of] p2a: Kinzo
|
|upkeep
|turn|8
|
|t:|1758248185
|move|p2a: Kinzo|Expanding Force|p1a: Bellossom
|-damage|p1a: Bellossom|34/100
|-item|p2a: Kinzo|Kee Berry|[from] ability: Magician|[of] p1a: Bellossom
|move|p1a: Bellossom|Quiver Dance|p1a: Bellossom
|-boost|p1a: Bellossom|spa|1
|-boost|p1a: Bellossom|spd|1
|-boost|p1a: Bellossom|spe|1
|
|-fieldend|move: Psychic Terrain
|upkeep
|turn|9
|
|t:|1758248202
|move|p2a: Kinzo|Hyperspace Fury|p1a: Bellossom
|-damage|p1a: Bellossom|9/100
|-unboost|p2a: Kinzo|def|1
|move|p1a: Bellossom|Strength Sap|p2a: Kinzo
|-unboost|p2a: Kinzo|atk|1
|-heal|p1a: Bellossom|76/100
|
|upkeep
|turn|10
|
|t:|1758248214
|switch|p2a: Ronove|Indeedee, M|100/100
|-fieldstart|move: Psychic Terrain|[from] ability: Psychic Surge|[of] p2a: Ronove
|move|p1a: Bellossom|Quiver Dance|p1a: Bellossom
|-boost|p1a: Bellossom|spa|1
|-boost|p1a: Bellossom|spd|1
|-boost|p1a: Bellossom|spe|1
|
|upkeep
|turn|11
|
|t:|1758248239
|move|p2a: Ronove|Encore|p1a: Bellossom
|-start|p1a: Bellossom|Encore
|move|p1a: Bellossom|Quiver Dance|p1a: Bellossom
|-boost|p1a: Bellossom|spa|1
|-boost|p1a: Bellossom|spd|1
|-boost|p1a: Bellossom|spe|1
|
|-fieldend|move: Trick Room
|upkeep
|turn|12
|
|t:|1758248242
|move|p1a: Bellossom|Quiver Dance|p1a: Bellossom
|-boost|p1a: Bellossom|spa|1
|-boost|p1a: Bellossom|spd|1
|-boost|p1a: Bellossom|spe|1
|move|p2a: Ronove|Trick Room|p2a: Ronove
|-fieldstart|move: Trick Room|[of] p2a: Ronove
|
|upkeep
|turn|13
|
|t:|1758248245
|switch|p2a: Battler|Ursaluna, M, shiny|88/100 brn
|move|p1a: Bellossom|Quiver Dance|p1a: Bellossom
|-boost|p1a: Bellossom|spa|1
|-boost|p1a: Bellossom|spd|1
|-boost|p1a: Bellossom|spe|1
|
|-damage|p2a: Battler|82/100 brn|[from] brn
|-end|p1a: Bellossom|Encore
|upkeep
|turn|14
|
|t:|1758248251
|-terastallize|p1a: Bellossom|Steel
|move|p2a: Battler|Ice Punch|p1a: Bellossom
|-resisted|p1a: Bellossom
|-damage|p1a: Bellossom|59/100
|move|p1a: Bellossom|Strength Sap|p2a: Battler
|-unboost|p2a: Battler|atk|1
|-heal|p1a: Bellossom|100/100
|
|-damage|p2a: Battler|76/100 brn|[from] brn
|upkeep
|turn|15
|
|t:|1758248256
|move|p2a: Battler|Headlong Rush|p1a: Bellossom
|-supereffective|p1a: Bellossom
|-damage|p1a: Bellossom|0 fnt
|-unboost|p2a: Battler|def|1
|-unboost|p2a: Battler|spd|1
|faint|p1a: Bellossom
|
|-damage|p2a: Battler|70/100 brn|[from] brn
|upkeep
|
|t:|1758248264
|switch|p1a: Latias|Latias, F|100/100
|turn|16
|
|t:|1758248279
|switch|p2a: Kinzo|Hoopa-Unbound|100/100
|move|p1a: Latias|Calm Mind|p1a: Latias
|-boost|p1a: Latias|spa|1
|-boost|p1a: Latias|spd|1
|
|-fieldend|move: Trick Room
|upkeep
|turn|17
|
|t:|1758248289
|move|p1a: Latias|Agility|p1a: Latias
|-boost|p1a: Latias|spe|2
|move|p2a: Kinzo|Trick Room|p2a: Kinzo
|-fieldstart|move: Trick Room|[of] p2a: Kinzo
|
|-fieldend|move: Psychic Terrain
|upkeep
|turn|18
|
|t:|1758248295
|move|p2a: Kinzo|Hyperspace Fury|p1a: Latias
|-supereffective|p1a: Latias
|-damage|p1a: Latias|27/100
|-unboost|p2a: Kinzo|def|1
|-enditem|p1a: Latias|Weakness Policy
|-boost|p1a: Latias|atk|2|[from] item: Weakness Policy
|-boost|p1a: Latias|spa|2|[from] item: Weakness Policy
|move|p1a: Latias|Draining Kiss|p2a: Kinzo
|-supereffective|p2a: Kinzo
|-damage|p2a: Kinzo|55/100
|-heal|p1a: Latias|62/100|[from] drain|[of] p2a: Kinzo
|
|upkeep
|turn|19
|
|t:|1758248298
|move|p2a: Kinzo|Hyperspace Fury|p1a: Latias
|-supereffective|p1a: Latias
|-damage|p1a: Latias|0 fnt
|-unboost|p2a: Kinzo|def|1
|faint|p1a: Latias
|
|upkeep
|
|t:|1758248310
|switch|p1a: Sableye|Sableye, F|100/100
|turn|20
|
|t:|1758248312
|switch|p2a: Beato|Hatterene, F, shiny|100/100
|move|p1a: Sableye|Metal Burst||[still]
|-fail|p1a: Sableye
|
|upkeep
|turn|21
|
|t:|1758248320
|switch|p2a: Ronove|Indeedee, M|100/100
|-fieldstart|move: Psychic Terrain|[from] ability: Psychic Surge|[of] p2a: Ronove
|move|p1a: Sableye|Metal Burst||[still]
|-fail|p1a: Sableye
|
|-fieldend|move: Trick Room
|upkeep
|turn|22
|
|t:|1758248326
|move|p1a: Sableye|Reflect|p1a: Sableye
|-sidestart|p1: suifenli|Reflect
|move|p2a: Ronove|Encore|p1a: Sableye
|-start|p1a: Sableye|Encore
|
|upkeep
|turn|23
|
|t:|1758248332
|switch|p1a: Garganacl|Garganacl, F|100/100
|move|p2a: Ronove|Trick Room|p2a: Ronove
|-fieldstart|move: Trick Room|[of] p2a: Ronove
|
|upkeep
|turn|24
|
|t:|1758248339
|switch|p2a: Kinzo|Hoopa-Unbound|55/100
|move|p1a: Garganacl|Salt Cure|p2a: Kinzo
|-damage|p2a: Kinzo|38/100
|-start|p2a: Kinzo|Salt Cure
|-enditem|p2a: Kinzo|Kee Berry|[eat]
|-boost|p2a: Kinzo|def|1|[from] item: Kee Berry
|
|-damage|p2a: Kinzo|26/100|[from] Salt Cure
|upkeep
|turn|25
|
|t:|1758248346
|switch|p1a: Sableye|Sableye, F|100/100
|move|p2a: Kinzo|Expanding Force|p1a: Sableye
|-immune|p1a: Sableye
|
|-damage|p2a: Kinzo|13/100|[from] Salt Cure
|upkeep
|turn|26
|
|t:|1758248351
|move|p1a: Sableye|Metal Burst||[still]
|-fail|p1a: Sableye
|move|p2a: Kinzo|Hyperspace Fury|p1a: Sableye
|-damage|p1a: Sableye|66/100
|-unboost|p2a: Kinzo|def|1
|-item|p2a: Kinzo|Focus Sash|[from] ability: Magician|[of] p1a: Sableye
|
|-damage|p2a: Kinzo|1/100|[from] Salt Cure
|-sideend|p1: suifenli|Reflect
|upkeep
|turn|27
|
|t:|1758248355
|move|p1a: Sableye|Reflect|p1a: Sableye
|-sidestart|p1: suifenli|Reflect
|move|p2a: Kinzo|Hyperspace Fury|p1a: Sableye
|-damage|p1a: Sableye|30/100
|-unboost|p2a: Kinzo|def|1
|
|-damage|p2a: Kinzo|0 fnt|[from] Salt Cure
|faint|p2a: Kinzo
|-fieldend|move: Trick Room
|upkeep
|
|t:|1758248362
|switch|p2a: Beato|Hatterene, F, shiny|100/100
|turn|28
|
|t:|1758248369
|switch|p1a: Garganacl|Garganacl, F|100/100
|move|p2a: Beato|Trick Room|p2a: Beato
|-fieldstart|move: Trick Room|[of] p2a: Beato
|
|-fieldend|move: Psychic Terrain
|upkeep
|turn|29
|
|t:|1758248372
|switch|p2a: Ronove|Indeedee, M|100/100
|-fieldstart|move: Psychic Terrain|[from] ability: Psychic Surge|[of] p2a: Ronove
|move|p1a: Garganacl|Salt Cure|p2a: Ronove
|-damage|p2a: Ronove|85/100
|-start|p2a: Ronove|Salt Cure
|
|-damage|p2a: Ronove|73/100|[from] Salt Cure
|upkeep
|turn|30
|
|t:|1758248380
|move|p1a: Garganacl|Body Press|p2a: Ronove
|-crit|p2a: Ronove
|-damage|p2a: Ronove|37/100
|move|p2a: Ronove|Encore|p1a: Garganacl
|-start|p1a: Garganacl|Encore
|
|-damage|p2a: Ronove|25/100|[from] Salt Cure
|upkeep
|turn|31
|
|t:|1758248391
|switch|p1a: Sableye|Sableye, F|30/100
|switch|p2a: Beato|Hatterene, F, shiny|100/100
|
|-sideend|p1: suifenli|Reflect
|upkeep
|turn|32
|
|t:|1758248394
|move|p1a: Sableye|Reflect|p1a: Sableye
|-sidestart|p1: suifenli|Reflect
|move|p2a: Beato|Draining Kiss|p1a: Sableye
|-supereffective|p1a: Sableye
|-damage|p1a: Sableye|0 fnt
|faint|p1a: Sableye
|-damage|p2a: Beato|91/100|[from] item: Life Orb
|
|-fieldend|move: Trick Room
|upkeep
|
|t:|1758248399
|switch|p1a: Enamorus|Enamorus, F|100/100
|turn|33
|
|t:|1758248403
|move|p1a: Enamorus|Moonblast|p2a: Beato
|-damage|p2a: Beato|39/100
|move|p2a: Beato|Trick Room|p2a: Beato
|-fieldstart|move: Trick Room|[of] p2a: Beato
|
|upkeep
|turn|34
|
|t:|1758248408
|move|p2a: Beato|Expanding Force|p1a: Enamorus
|-damage|p1a: Enamorus|0 fnt
|faint|p1a: Enamorus
|-damage|p2a: Beato|29/100|[from] item: Life Orb
|
|upkeep
|
|t:|1758248410
|switch|p1a: Garganacl|Garganacl, F|100/100
|turn|35
|
|t:|1758248416
|-terastallize|p2a: Beato|Stellar
|move|p2a: Beato|Expanding Force|p1a: Garganacl
|-damage|p1a: Garganacl|0 fnt
|faint|p1a: Garganacl
|-damage|p2a: Beato|19/100|[from] item: Life Orb
|
|win|uber-mom
|raw|suifenli's rating: 1542 &rarr; <strong>1521</strong><br />(-21 for losing)
|raw|uber-mom's rating: 1522 &rarr; <strong>1543</strong><br />(+21 for winning)
|l|☆suifenli
|player|p1|
|l|☆uber-mom
|player|p2|
