|j|☆ch02583
|j|☆thraxxedout!
|t:|1758266215
|gametype|singles
|player|p1|ch02583|265|1314
|player|p2|thraxxedout!|266|1305
|gen|9
|tier|[Gen 9] OU
|rated|
|rule|HP Percentage Mod: HP is shown in percentages
|rule|Endless Battle Clause: Forcing endless battles is banned
|rule|Species Clause: Limit one of each Pokémon
|rule|OHKO Clause: OHKO moves are banned
|rule|Evasion Items Clause: Evasion items are banned
|rule|Evasion Moves Clause: Evasion moves are banned
|rule|Evasion Abilities Clause: Evasion abilities are banned
|rule|Sleep Moves Clause: Sleep-inducing moves are banned
|clearpoke
|poke|p1|Pelipper, F|
|poke|p1|Hatterene, F|
|poke|p1|Iron Treads|
|poke|p1|Toxicroak, F|
|poke|p1|Barraskewda, F|
|poke|p1|Zapdos|
|poke|p2|Iron Crown|
|poke|p2|Landorus-Therian, M|
|poke|p2|Thundurus, M|
|poke|p2|Kingambit, F|
|poke|p2|Primarina, F|
|poke|p2|Zamazenta-*|
|teampreview
|
|t:|1758266223
|teamsize|p1|6
|teamsize|p2|6
|start
|switch|p1a: Pelipper|Pelipper, F|100/100
|switch|p2a: Siobhan 🪸|Primarina, F|100/100
|-weather|RainDance|[from] ability: Drizzle|[of] p1a: Pelipper
|turn|1
|
|t:|1758266235
|move|p2a: Siobhan 🪸|Substitute|p2a: Siobhan 🪸
|-start|p2a: Siobhan 🪸|Substitute
|-damage|p2a: Siobhan 🪸|76/100
|move|p1a: Pelipper|U-turn|p2a: Siobhan 🪸
|-resisted|p2a: Siobhan 🪸
|-activate|p2a: Siobhan 🪸|move: Substitute|[damage]
|
|t:|1758266243
|switch|p1a: Toxicroak|Toxicroak, F|100/100|[from] U-turn
|
|-weather|RainDance|[upkeep]
|-heal|p2a: Siobhan 🪸|82/100|[from] item: Leftovers
|upkeep
|turn|2
|
|t:|1758266249
|move|p1a: Toxicroak|Encore|p2a: Siobhan 🪸
|-start|p2a: Siobhan 🪸|Encore
|move|p2a: Siobhan 🪸|Substitute|p2a: Siobhan 🪸
|-fail|p2a: Siobhan 🪸|move: Substitute
|
|-weather|RainDance|[upkeep]
|-heal|p2a: Siobhan 🪸|88/100|[from] item: Leftovers
|upkeep
|turn|3
|
|t:|1758266270
|switch|p1a: Barraskewda|Barraskewda, F|100/100
|switch|p2a: Jettas 🛩️|Landorus-Therian, M, shiny|100/100
|-ability|p2a: Jettas 🛩️|Intimidate|boost
|-unboost|p1a: Barraskewda|atk|1
|
|-weather|RainDance|[upkeep]
|upkeep
|turn|4
|
|t:|1758266300
|-terastallize|p2a: Jettas 🛩️|Water
|move|p1a: Barraskewda|Flip Turn|p2a: Jettas 🛩️
|-resisted|p2a: Jettas 🛩️
|-damage|p2a: Jettas 🛩️|75/100
|-damage|p1a: Barraskewda|84/100|[from] item: Rocky Helmet|[of] p2a: Jettas 🛩️
|
|t:|1758266307
|switch|p1a: Hatterene|Hatterene, F|100/100|[from] Flip Turn
|move|p2a: Jettas 🛩️|U-turn|p1a: Hatterene
|-damage|p1a: Hatterene|79/100
|-enditem|p1a: Hatterene|Eject Button
|
|t:|1758266312
|switch|p1a: Zapdos|Zapdos|100/100
|
|-weather|RainDance|[upkeep]
|upkeep
|turn|5
|
|t:|1758266322
|switch|p2a: Aegon 👑|Iron Crown|100/100
|move|p1a: Zapdos|Weather Ball|p2a: Aegon 👑
|-damage|p2a: Aegon 👑|54/100
|
|-weather|RainDance|[upkeep]
|upkeep
|turn|6
|
|t:|1758266333
|switch|p1a: Iron Treads|Iron Treads|100/100
|move|p2a: Aegon 👑|Future Sight|p1a: Iron Treads
|-start|p2a: Aegon 👑|move: Future Sight
|
|-weather|RainDance|[upkeep]
|upkeep
|turn|7
|
|t:|1758266349
|-end|p2a: Aegon 👑|Quark Drive|[silent]
|switch|p2a: Siobhan 🪸|Primarina, F|88/100
|move|p1a: Iron Treads|Stealth Rock|p2a: Siobhan 🪸
|-sidestart|p2: thraxxedout!|move: Stealth Rock
|
|-weather|RainDance|[upkeep]
|-heal|p2a: Siobhan 🪸|94/100|[from] item: Leftovers
|upkeep
|turn|8
|
|t:|1758266358
|move|p1a: Iron Treads|Volt Switch|p2a: Siobhan 🪸
|-supereffective|p2a: Siobhan 🪸
|-damage|p2a: Siobhan 🪸|73/100
|
|t:|1758266362
|-end|p1a: Iron Treads|Quark Drive|[silent]
|switch|p1a: Hatterene|Hatterene, F|79/100|[from] Volt Switch
|move|p2a: Siobhan 🪸|Psychic Noise|p1a: Hatterene
|-damage|p1a: Hatterene|12/100
|-start|p1a: Hatterene|move: Heal Block
|
|-weather|none
|-end|p1a: Hatterene|move: Future Sight
|-resisted|p1a: Hatterene
|-damage|p1a: Hatterene|0 fnt
|faint|p1a: Hatterene
|-heal|p2a: Siobhan 🪸|79/100|[from] item: Leftovers
|upkeep
|
|t:|1758266386
|switch|p1a: Pelipper|Pelipper, F|100/100
|-weather|RainDance|[from] ability: Drizzle|[of] p1a: Pelipper
|turn|9
|
|t:|1758266395
|move|p2a: Siobhan 🪸|Psychic Noise|p1a: Pelipper
|-resisted|p1a: Pelipper
|-damage|p1a: Pelipper|69/100
|-start|p1a: Pelipper|move: Heal Block
|move|p1a: Pelipper|U-turn|p2a: Siobhan 🪸
|-resisted|p2a: Siobhan 🪸
|-damage|p2a: Siobhan 🪸|73/100
|
|t:|1758266407
|switch|p1a: Barraskewda|Barraskewda, F|84/100|[from] U-turn
|
|-weather|RainDance|[upkeep]
|-heal|p2a: Siobhan 🪸|79/100|[from] item: Leftovers
|upkeep
|turn|10
|
|t:|1758266424
|-terastallize|p1a: Barraskewda|Water
|move|p1a: Barraskewda|Liquidation|p2a: Siobhan 🪸
|-resisted|p2a: Siobhan 🪸
|-damage|p2a: Siobhan 🪸|0 fnt
|faint|p2a: Siobhan 🪸
|
|-weather|RainDance|[upkeep]
|upkeep
|
|t:|1758266430
|switch|p2a: Jettas 🛩️|Landorus-Therian, M, shiny, tera:Water|75/100
|-damage|p2a: Jettas 🛩️|63/100|[from] Stealth Rock
|-ability|p2a: Jettas 🛩️|Intimidate|boost
|-unboost|p1a: Barraskewda|atk|1
|turn|11
|
|t:|1758266444
|switch|p1a: Pelipper|Pelipper, F|69/100
|move|p2a: Jettas 🛩️|Stealth Rock|p1a: Pelipper
|-sidestart|p1: ch02583|move: Stealth Rock
|
|-weather|RainDance|[upkeep]
|upkeep
|turn|12
|
|t:|1758266454
|move|p2a: Jettas 🛩️|U-turn|p1a: Pelipper
|-resisted|p1a: Pelipper
|-damage|p1a: Pelipper|57/100
|
|t:|1758266457
|switch|p2a: Aegon 👑|Iron Crown|54/100|[from] U-turn
|-damage|p2a: Aegon 👑|48/100|[from] Stealth Rock
|move|p1a: Pelipper|U-turn|p2a: Aegon 👑
|-damage|p2a: Aegon 👑|38/100
|
|t:|1758266463
|switch|p1a: Iron Treads|Iron Treads|100/100|[from] U-turn
|-damage|p1a: Iron Treads|98/100|[from] Stealth Rock
|
|-weather|RainDance|[upkeep]
|-heal|p1a: Iron Treads|100/100|[from] item: Leftovers
|upkeep
|turn|13
|
|t:|1758266473
|move|p2a: Aegon 👑|Focus Blast|p1a: Iron Treads|[miss]
|-miss|p2a: Aegon 👑|p1a: Iron Treads
|move|p1a: Iron Treads|Earthquake|p2a: Aegon 👑
|-supereffective|p2a: Aegon 👑
|-damage|p2a: Aegon 👑|0 fnt
|faint|p2a: Aegon 👑
|-end|p2a: Aegon 👑|Quark Drive|[silent]
|
|-weather|RainDance|[upkeep]
|upkeep
|
|t:|1758266475
|switch|p2a: Koromaru 🦴|Zamazenta, shiny|100/100
|-damage|p2a: Koromaru 🦴|94/100|[from] Stealth Rock
|-ability|p2a: Koromaru 🦴|Dauntless Shield|boost
|-boost|p2a: Koromaru 🦴|def|1
|turn|14
|
|t:|1758266490
|-end|p1a: Iron Treads|Quark Drive|[silent]
|switch|p1a: Toxicroak|Toxicroak, F|100/100
|-damage|p1a: Toxicroak|94/100|[from] Stealth Rock
|move|p2a: Koromaru 🦴|Roar|p1a: Toxicroak
|drag|p1a: Zapdos|Zapdos|100/100
|-damage|p1a: Zapdos|76/100|[from] Stealth Rock
|
|-weather|RainDance|[upkeep]
|-heal|p2a: Koromaru 🦴|100/100|[from] item: Leftovers
|upkeep
|turn|15
|
|t:|1758266504
|switch|p2a: Twilight ⚔️|Kingambit, F, shiny|100/100
|-damage|p2a: Twilight ⚔️|94/100|[from] Stealth Rock
|-activate|p2a: Twilight ⚔️|ability: Supreme Overlord
|-start|p2a: Twilight ⚔️|fallen2|[silent]
|move|p1a: Zapdos|Hurricane|p2a: Twilight ⚔️
|-resisted|p2a: Twilight ⚔️
|-damage|p2a: Twilight ⚔️|48/100
|-start|p2a: Twilight ⚔️|confusion
|
|-weather|RainDance|[upkeep]
|upkeep
|turn|16
|
|t:|1758266516
|switch|p1a: Toxicroak|Toxicroak, F|94/100
|-damage|p1a: Toxicroak|88/100|[from] Stealth Rock
|-activate|p2a: Twilight ⚔️|confusion
|move|p2a: Twilight ⚔️|Sucker Punch||[still]
|-fail|p2a: Twilight ⚔️
|
|-weather|none
|upkeep
|turn|17
|
|t:|1758266525
|-end|p2a: Twilight ⚔️|fallen2|[silent]
|switch|p2a: Koromaru 🦴|Zamazenta, shiny|100/100
|-damage|p2a: Koromaru 🦴|94/100|[from] Stealth Rock
|move|p1a: Toxicroak|Toxic|p2a: Koromaru 🦴
|-status|p2a: Koromaru 🦴|tox
|
|-heal|p2a: Koromaru 🦴|100/100 tox|[from] item: Leftovers
|-damage|p2a: Koromaru 🦴|94/100 tox|[from] psn
|upkeep
|turn|18
|
|t:|1758266533
|move|p2a: Koromaru 🦴|Iron Defense|p2a: Koromaru 🦴
|-boost|p2a: Koromaru 🦴|def|2
|move|p1a: Toxicroak|Encore|p2a: Koromaru 🦴
|-start|p2a: Koromaru 🦴|Encore
|
|-heal|p2a: Koromaru 🦴|100/100 tox|[from] item: Leftovers
|-damage|p2a: Koromaru 🦴|88/100 tox|[from] psn
|upkeep
|turn|19
|
|t:|1758266540
|switch|p2a: Kirin ⚡️|Thundurus, M, shiny|100/100
|move|p1a: Toxicroak|Knock Off|p2a: Kirin ⚡️
|-damage|p2a: Kirin ⚡️|65/100
|-enditem|p2a: Kirin ⚡️|Heavy-Duty Boots|[from] move: Knock Off|[of] p1a: Toxicroak
|
|upkeep
|turn|20
|
|t:|1758266548
|switch|p1a: Iron Treads|Iron Treads|100/100
|-damage|p1a: Iron Treads|98/100|[from] Stealth Rock
|move|p2a: Kirin ⚡️|Thunder Wave|p1a: Iron Treads
|-immune|p1a: Iron Treads
|
|-heal|p1a: Iron Treads|100/100|[from] item: Leftovers
|upkeep
|turn|21
|
|t:|1758266556
|move|p2a: Kirin ⚡️|Knock Off|p1a: Iron Treads
|-damage|p1a: Iron Treads|83/100
|-enditem|p1a: Iron Treads|Leftovers|[from] move: Knock Off|[of] p2a: Kirin ⚡️
|move|p1a: Iron Treads|Rapid Spin|p2a: Kirin ⚡️
|-damage|p2a: Kirin ⚡️|46/100
|-boost|p1a: Iron Treads|spe|1
|-sideend|p1: ch02583|Stealth Rock|[from] move: Rapid Spin|[of] p1a: Iron Treads
|
|upkeep
|turn|22
|-message|thraxxedout! forfeited.
|
|win|ch02583
|raw|ch02583's rating: 1314 &rarr; <strong>1333</strong><br />(+19 for winning)
|raw|thraxxedout!'s rating: 1305 &rarr; <strong>1286</strong><br />(-19 for losing)
|l|☆thraxxedout!
|player|p2|
