|j|☆amimec
|j|☆GodBananaBread
|t:|1758371202
|gametype|singles
|player|p1|amimec|eusine|1655
|player|p2|GodBananaBread|steven|1542
|gen|9
|tier|[Gen 9] OU
|rated|
|rule|HP Percentage Mod: HP is shown in percentages
|rule|Endless Battle Clause: Forcing endless battles is banned
|rule|Species Clause: Limit one of each Pokémon
|rule|OHKO Clause: OHKO moves are banned
|rule|Evasion Items Clause: Evasion items are banned
|rule|Evasion Moves Clause: Evasion moves are banned
|rule|Evasion Abilities Clause: Evasion abilities are banned
|rule|Sleep Moves Clause: Sleep-inducing moves are banned
|clearpoke
|poke|p1|Indeedee, M|
|poke|p1|Hatterene, F|
|poke|p1|Hoopa-Unbound|
|poke|p1|Ursaluna, F|
|poke|p1|Iron Hands|
|poke|p1|Mimikyu, M|
|poke|p2|Kingambit, F|
|poke|p2|Slowking-Galar, F|
|poke|p2|Samurott-Hisui, M|
|poke|p2|Raging Bolt|
|poke|p2|Great Tusk|
|poke|p2|Cinderace, M|
|teampreview
|
|t:|1758371220
|teamsize|p1|6
|teamsize|p2|6
|start
|switch|p1a: Iron Hands|Iron Hands|100/100
|switch|p2a: Samurott|Samurott-Hisui, M|100/100
|-enditem|p1a: Iron Hands|Booster Energy
|-activate|p1a: Iron Hands|ability: Quark Drive|[fromitem]
|-start|p1a: Iron Hands|quarkdriveatk
|turn|1
|
|t:|1758371225
|move|p2a: Samurott|Flip Turn|p1a: Iron Hands
|-damage|p1a: Iron Hands|80/100
|
|t:|1758371228
|switch|p2a: Great Tusk|Great Tusk|100/100|[from] Flip Turn
|-enditem|p2a: Great Tusk|Booster Energy
|-activate|p2a: Great Tusk|ability: Protosynthesis|[fromitem]
|-start|p2a: Great Tusk|protosynthesisatk
|move|p1a: Iron Hands|Ice Punch|p2a: Great Tusk
|-supereffective|p2a: Great Tusk
|-damage|p2a: Great Tusk|47/100
|
|upkeep
|turn|2
|
|t:|1758371240
|-terastallize|p1a: Iron Hands|Flying
|move|p2a: Great Tusk|Headlong Rush|p1a: Iron Hands
|-immune|p1a: Iron Hands
|move|p1a: Iron Hands|Ice Punch|p2a: Great Tusk
|-supereffective|p2a: Great Tusk
|-damage|p2a: Great Tusk|0 fnt
|faint|p2a: Great Tusk
|-end|p2a: Great Tusk|Protosynthesis|[silent]
|
|upkeep
|
|t:|1758371252
|switch|p2a: Raging Bolt|Raging Bolt|100/100
|turn|3
|
|t:|1758371259
|-end|p1a: Iron Hands|Quark Drive|[silent]
|switch|p1a: Ursaluna|Ursaluna, F|100/100
|move|p2a: Raging Bolt|Draco Meteor|p1a: Ursaluna
|-damage|p1a: Ursaluna|0 fnt
|-unboost|p2a: Raging Bolt|spa|2
|faint|p1a: Ursaluna
|
|upkeep
|inactive|Battle timer is ON: inactive players will automatically lose when time's up. (requested by GodBananaBread)
|
|t:|1758371263
|switch|p1a: Hatterene|Hatterene, F|100/100
|turn|4
|
|t:|1758371266
|-end|p2a: Raging Bolt|Protosynthesis|[silent]
|switch|p2a: Slowking|Slowking-Galar, F|100/100
|move|p1a: Hatterene|Trick Room|p1a: Hatterene
|-fieldstart|move: Trick Room|[of] p1a: Hatterene
|
|upkeep
|turn|5
|
|t:|1758371271
|switch|p1a: Iron Hands|Iron Hands, tera:Flying|80/100
|move|p2a: Slowking|Sludge Wave|p1a: Iron Hands
|-damage|p1a: Iron Hands|45/100
|
|upkeep
|turn|6
|
|t:|1758371276
|-prepare|p2a: Slowking|Chilly Reception|[premajor]
|move|p2a: Slowking|Chilly Reception|p2a: Slowking
|-weather|Snowscape
|
|t:|1758371284
|switch|p2a: Kingambit|Kingambit, F|100/100|[from] Chilly Reception
|-activate|p2a: Kingambit|ability: Supreme Overlord
|-start|p2a: Kingambit|fallen1|[silent]
|move|p1a: Iron Hands|Supercell Slam|p2a: Kingambit
|-damage|p2a: Kingambit|62/100
|
|-weather|Snowscape|[upkeep]
|upkeep
|turn|7
|
|t:|1758371294
|move|p2a: Kingambit|Sucker Punch|p1a: Iron Hands
|-damage|p1a: Iron Hands|4/100
|-damage|p2a: Kingambit|52/100|[from] item: Life Orb
|move|p1a: Iron Hands|Supercell Slam|p2a: Kingambit
|-damage|p2a: Kingambit|9/100
|
|-weather|Snowscape|[upkeep]
|upkeep
|turn|8
|
|t:|1758371303
|-end|p1a: Iron Hands|Quark Drive|[silent]
|switch|p1a: Indeedee|Indeedee, M|100/100
|-fieldstart|move: Psychic Terrain|[from] ability: Psychic Surge|[of] p1a: Indeedee
|move|p2a: Kingambit|Sucker Punch||[still]
|-fail|p2a: Kingambit
|
|-weather|Snowscape|[upkeep]
|-fieldend|move: Trick Room
|upkeep
|turn|9
|
|t:|1758371308
|move|p2a: Kingambit|Sucker Punch||[still]
|-fail|p2a: Kingambit
|move|p1a: Indeedee|Encore|p2a: Kingambit
|-start|p2a: Kingambit|Encore
|
|-weather|Snowscape|[upkeep]
|upkeep
|turn|10
|
|t:|1758371313
|-end|p2a: Kingambit|fallen1|[silent]
|switch|p2a: Slowking|Slowking-Galar, F|100/100
|move|p1a: Indeedee|Trick Room|p1a: Indeedee
|-fieldstart|move: Trick Room|[of] p1a: Indeedee
|
|-weather|none
|upkeep
|turn|11
|
|t:|1758371320
|switch|p1a: Hoopa|Hoopa-Unbound|100/100
|-enditem|p1a: Hoopa|Psychic Seed
|-boost|p1a: Hoopa|spd|1|[from] item: Psychic Seed
|move|p2a: Slowking|Sludge Wave|p1a: Hoopa
|-damage|p1a: Hoopa|78/100
|
|upkeep
|turn|12
|
|t:|1758371329
|switch|p2a: Kingambit|Kingambit, F|9/100
|-activate|p2a: Kingambit|ability: Supreme Overlord
|-start|p2a: Kingambit|fallen1|[silent]
|move|p1a: Hoopa|Hyperspace Fury|p2a: Kingambit
|-resisted|p2a: Kingambit
|-damage|p2a: Kingambit|0 fnt
|-unboost|p1a: Hoopa|def|1
|faint|p2a: Kingambit
|-end|p2a: Kingambit|fallen1|[silent]
|-item|p1a: Hoopa|Life Orb|[from] ability: Magician|[of] p2: Kingambit
|
|upkeep
|
|t:|1758371351
|switch|p2a: Cinderace|Cinderace, M|100/100
|turn|13
|
|t:|1758371358
|move|p2a: Cinderace|Sucker Punch|p1a: Hoopa
|-start|p2a: Cinderace|typechange|Dark|[from] ability: Libero
|-activate|p1a: Hoopa|move: Psychic Terrain
|move|p1a: Hoopa|Focus Blast|p2a: Cinderace|[miss]
|-miss|p1a: Hoopa|p2a: Cinderace
|
|upkeep
|turn|14
|
|t:|1758371368
|switch|p2a: Slowking|Slowking-Galar, F|100/100
|move|p1a: Hoopa|Expanding Force|p2a: Slowking
|-damage|p2a: Slowking|13/100
|-damage|p1a: Hoopa|68/100|[from] item: Life Orb
|
|-fieldend|move: Trick Room
|upkeep
|turn|15
|
|t:|1758371376
|move|p2a: Slowking|Sludge Wave|p1a: Hoopa
|-damage|p1a: Hoopa|46/100
|-status|p1a: Hoopa|psn
|move|p1a: Hoopa|Trick Room|p1a: Hoopa
|-fieldstart|move: Trick Room|[of] p1a: Hoopa
|
|-damage|p1a: Hoopa|34/100 psn|[from] psn
|-fieldend|move: Psychic Terrain
|upkeep
|turn|16
|
|t:|1758371383
|move|p2a: Slowking|Sludge Wave|p1a: Hoopa
|-damage|p1a: Hoopa|10/100 psn
|move|p1a: Hoopa|Hyperspace Fury|p2a: Slowking
|-supereffective|p2a: Slowking
|-damage|p2a: Slowking|0 fnt
|-unboost|p1a: Hoopa|def|1
|faint|p2a: Slowking
|-damage|p1a: Hoopa|0 fnt|[from] item: Life Orb
|faint|p1a: Hoopa
|
|upkeep
|
|t:|1758371392
|switch|p2a: Samurott|Samurott-Hisui, M|100/100
|switch|p1a: Hatterene|Hatterene, F|100/100
|turn|17
|
|t:|1758371405
|-terastallize|p2a: Samurott|Water
|move|p1a: Hatterene|Draining Kiss|p2a: Samurott
|-damage|p2a: Samurott|45/100
|-damage|p1a: Hatterene|91/100|[from] item: Life Orb
|move|p2a: Samurott|Aqua Cutter|p1a: Hatterene
|-damage|p1a: Hatterene|19/100
|
|upkeep
|turn|18
|
|t:|1758371419
|switch|p2a: Cinderace|Cinderace, M|100/100
|move|p1a: Hatterene|Draining Kiss|p2a: Cinderace
|-resisted|p2a: Cinderace
|-damage|p2a: Cinderace|75/100
|-heal|p1a: Hatterene|38/100|[from] drain|[of] p2a: Cinderace
|-damage|p1a: Hatterene|28/100|[from] item: Life Orb
|
|upkeep
|turn|19
|
|t:|1758371426
|switch|p1a: Iron Hands|Iron Hands, tera:Flying|4/100
|move|p2a: Cinderace|Pyro Ball|p1a: Iron Hands
|-crit|p1a: Iron Hands
|-damage|p1a: Iron Hands|0 fnt
|faint|p1a: Iron Hands
|-end|p1a: Iron Hands|Quark Drive|[silent]
|
|-fieldend|move: Trick Room
|upkeep
|
|t:|1758371428
|switch|p1a: Indeedee|Indeedee, M|100/100
|-fieldstart|move: Psychic Terrain|[from] ability: Psychic Surge|[of] p1a: Indeedee
|turn|20
|
|t:|1758371436
|move|p2a: Cinderace|Pyro Ball|p1a: Indeedee
|-damage|p1a: Indeedee|2/100
|move|p1a: Indeedee|Trick Room|p1a: Indeedee
|-fieldstart|move: Trick Room|[of] p1a: Indeedee
|
|upkeep
|turn|21
|
|t:|1758371452
|move|p1a: Indeedee|Expanding Force|p2a: Cinderace
|-damage|p2a: Cinderace|0 fnt
|faint|p2a: Cinderace
|
|upkeep
|inactive|GodBananaBread has 120 seconds left.
|
|t:|1758371475
|switch|p2a: Raging Bolt|Raging Bolt|100/100
|turn|22
|
|t:|1758371481
|move|p2a: Raging Bolt|Thunderbolt|p1a: Indeedee
|-damage|p1a: Indeedee|0 fnt
|faint|p1a: Indeedee
|
|upkeep
|
|t:|1758371485
|switch|p1a: Hatterene|Hatterene, F|28/100
|turn|23
|
|t:|1758371494
|-end|p2a: Raging Bolt|Protosynthesis|[silent]
|switch|p2a: Samurott|Samurott-Hisui, M, tera:Water|45/100
|move|p1a: Hatterene|Draining Kiss|p2a: Samurott
|-damage|p2a: Samurott|0 fnt
|-heal|p1a: Hatterene|62/100|[from] drain|[of] p2a: Samurott
|faint|p2a: Samurott
|-damage|p1a: Hatterene|52/100|[from] item: Life Orb
|
|upkeep
|
|t:|1758371499
|switch|p2a: Raging Bolt|Raging Bolt|100/100
|turn|24
|
|t:|1758371505
|move|p1a: Hatterene|Expanding Force|p2a: Raging Bolt
|-damage|p2a: Raging Bolt|0 fnt
|faint|p2a: Raging Bolt
|-end|p2a: Raging Bolt|Protosynthesis|[silent]
|-damage|p1a: Hatterene|42/100|[from] item: Life Orb
|
|win|amimec
|raw|amimec's rating: 1655 &rarr; <strong>1669</strong><br />(+14 for winning)
|raw|GodBananaBread's rating: 1542 &rarr; <strong>1528</strong><br />(-14 for losing)
|l|☆amimec
|player|p1|
|l|☆GodBananaBread
|player|p2|
