|j|☆prettyboibiba
|j|☆Andrewtre
|t:|1758343320
|gametype|singles
|player|p1|prettyboibiba|shadowtriad|1235
|player|p2|Andrewtre|unknown|1195
|gen|9
|tier|[Gen 9] OU
|rated|
|rule|HP Percentage Mod: HP is shown in percentages
|rule|Endless Battle Clause: Forcing endless battles is banned
|rule|Species Clause: Limit one of each Pokémon
|rule|OHKO Clause: OHKO moves are banned
|rule|Evasion Items Clause: Evasion items are banned
|rule|Evasion Moves Clause: Evasion moves are banned
|rule|Evasion Abilities Clause: Evasion abilities are banned
|rule|Sleep Moves Clause: Sleep-inducing moves are banned
|clearpoke
|poke|p1|Torkoal, M|
|poke|p1|Typhlosion-Hisui, F|
|poke|p1|Walking Wake|
|poke|p1|Great Tusk|
|poke|p1|Goodra-Hisui, M|
|poke|p1|Slither Wing|
|poke|p2|Farigiraf, M|
|poke|p2|Hatterene, F|
|poke|p2|Gardevoir, M|
|poke|p2|Gengar, M|
|poke|p2|Golduck, F|
|poke|p2|Golurk|
|teampreview
|inactive|Battle timer is ON: inactive players will automatically lose when time's up. (requested by Andrewtre)
|
|t:|1758343336
|teamsize|p1|6
|teamsize|p2|6
|start
|switch|p1a: Torkoal|Torkoal, M|100/100
|switch|p2a: Hatterene|Hatterene, F|100/100
|-weather|SunnyDay|[from] ability: Drought|[of] p1a: Torkoal
|turn|1
|
|t:|1758343343
|move|p2a: Hatterene|Psychic|p1a: Torkoal
|-damage|p1a: Torkoal|30/100
|-unboost|p1a: Torkoal|spd|1
|move|p1a: Torkoal|Lava Plume|p2a: Hatterene
|-damage|p2a: Hatterene|59/100
|
|-weather|SunnyDay|[upkeep]
|upkeep
|turn|2
|
|t:|1758343351
|switch|p1a: Goodra|Goodra-Hisui, M|100/100
|move|p2a: Hatterene|Trick Room|p2a: Hatterene
|-fieldstart|move: Trick Room|[of] p2a: Hatterene
|
|-weather|SunnyDay|[upkeep]
|upkeep
|turn|3
|
|t:|1758343355
|move|p2a: Hatterene|Mystical Fire|p1a: Goodra
|-damage|p1a: Goodra|86/100
|-unboost|p1a: Goodra|spa|1
|move|p1a: Goodra|Heavy Slam|p2a: Hatterene
|-supereffective|p2a: Hatterene
|-damage|p2a: Hatterene|0 fnt
|faint|p2a: Hatterene
|
|-weather|SunnyDay|[upkeep]
|upkeep
|
|t:|1758343363
|switch|p2a: Golurk|Golurk|100/100
|turn|4
|
|t:|1758343368
|switch|p1a: Great Tusk|Great Tusk|100/100
|-activate|p1a: Great Tusk|ability: Protosynthesis
|-start|p1a: Great Tusk|protosynthesisdef
|move|p2a: Golurk|Earthquake|p1a: Great Tusk
|-damage|p1a: Great Tusk|72/100
|-damage|p2a: Golurk|91/100|[from] item: Life Orb
|
|-weather|SunnyDay|[upkeep]
|upkeep
|turn|5
|
|t:|1758343372
|move|p2a: Golurk|Dynamic Punch|p1a: Great Tusk
|-damage|p1a: Great Tusk|55/100
|-start|p1a: Great Tusk|confusion
|-damage|p2a: Golurk|81/100|[from] item: Life Orb
|-activate|p1a: Great Tusk|confusion
|move|p1a: Great Tusk|Ice Spinner|p2a: Golurk
|-supereffective|p2a: Golurk
|-crit|p2a: Golurk
|-damage|p2a: Golurk|1/100
|
|-weather|SunnyDay|[upkeep]
|upkeep
|turn|6
|
|t:|1758343385
|move|p2a: Golurk|Stealth Rock|p1a: Great Tusk
|-sidestart|p1: prettyboibiba|move: Stealth Rock
|-activate|p1a: Great Tusk|confusion
|move|p1a: Great Tusk|Ice Spinner|p2a: Golurk
|-supereffective|p2a: Golurk
|-damage|p2a: Golurk|0 fnt
|faint|p2a: Golurk
|
|-weather|SunnyDay|[upkeep]
|-fieldend|move: Trick Room
|upkeep
|
|t:|1758343392
|switch|p2a: Gengar|Gengar, M|100/100
|turn|7
|
|t:|1758343397
|-end|p1a: Great Tusk|Protosynthesis|[silent]
|switch|p1a: Goodra|Goodra-Hisui, M|86/100
|-damage|p1a: Goodra|80/100|[from] Stealth Rock
|move|p2a: Gengar|Giga Drain|p1a: Goodra
|-ability|p1a: Goodra|Sap Sipper|boost
|-boost|p1a: Goodra|atk|1
|
|-weather|SunnyDay|[upkeep]
|upkeep
|turn|8
|
|t:|1758343408
|move|p2a: Gengar|Shadow Ball|p1a: Goodra
|-crit|p1a: Goodra
|-damage|p1a: Goodra|58/100
|move|p1a: Goodra|Knock Off|p2a: Gengar
|-supereffective|p2a: Gengar
|-enditem|p2a: Gengar|Focus Sash
|-damage|p2a: Gengar|1/100
|
|-weather|none
|upkeep
|turn|9
|
|t:|1758343427
|move|p2a: Gengar|Shadow Ball|p1a: Goodra
|-damage|p1a: Goodra|44/100
|move|p1a: Goodra|Knock Off|p2a: Gengar
|-supereffective|p2a: Gengar
|-damage|p2a: Gengar|0 fnt
|-start|p1a: Goodra|Disable|Knock Off|[from] ability: Cursed Body|[of] p2a: Gengar
|faint|p2a: Gengar
|
|upkeep
|
|t:|1758343441
|switch|p2a: Farigiraf|Farigiraf, M|100/100
|turn|10
|
|t:|1758343447
|-terastallize|p2a: Farigiraf|Fighting
|move|p2a: Farigiraf|Tera Blast|p1a: Goodra|[anim] Tera Blast Fighting
|-supereffective|p1a: Goodra
|-damage|p1a: Goodra|7/100
|-damage|p2a: Farigiraf|91/100|[from] item: Life Orb
|move|p1a: Goodra|Heavy Slam|p2a: Farigiraf
|-damage|p2a: Farigiraf|57/100
|
|upkeep
|turn|11
|
|t:|1758343452
|move|p2a: Farigiraf|Tera Blast|p1a: Goodra|[anim] Tera Blast Fighting
|-supereffective|p1a: Goodra
|-damage|p1a: Goodra|0 fnt
|faint|p1a: Goodra
|-damage|p2a: Farigiraf|47/100|[from] item: Life Orb
|
|upkeep
|
|t:|1758343456
|switch|p1a: Torkoal|Torkoal, M|30/100
|-damage|p1a: Torkoal|5/100|[from] Stealth Rock
|-weather|SunnyDay|[from] ability: Drought|[of] p1a: Torkoal
|turn|12
|
|t:|1758343461
|move|p2a: Farigiraf|Psychic Fangs|p1a: Torkoal
|-damage|p1a: Torkoal|0 fnt
|faint|p1a: Torkoal
|-damage|p2a: Farigiraf|37/100|[from] item: Life Orb
|
|-weather|SunnyDay|[upkeep]
|upkeep
|
|t:|1758343466
|switch|p1a: Typhlosion|Typhlosion-Hisui, F|100/100
|-damage|p1a: Typhlosion|75/100|[from] Stealth Rock
|turn|13
|
|t:|1758343471
|move|p1a: Typhlosion|Eruption|p2a: Farigiraf
|-damage|p2a: Farigiraf|0 fnt
|faint|p2a: Farigiraf
|
|-weather|SunnyDay|[upkeep]
|upkeep
|
|t:|1758343474
|switch|p2a: Golduck|Golduck, F|100/100
|turn|14
|
|t:|1758343476
|move|p1a: Typhlosion|Eruption|p2a: Golduck
|-resisted|p2a: Golduck
|-damage|p2a: Golduck|35/100
|move|p2a: Golduck|Rain Dance|p2a: Golduck
|-weather|RainDance
|
|-weather|RainDance|[upkeep]
|upkeep
|turn|15
|
|t:|1758343479
|move|p2a: Golduck|Surf|p1a: Typhlosion
|-supereffective|p1a: Typhlosion
|-damage|p1a: Typhlosion|0 fnt
|faint|p1a: Typhlosion
|
|-weather|RainDance|[upkeep]
|upkeep
|
|t:|1758343482
|switch|p1a: Walking Wake|Walking Wake|100/100
|-damage|p1a: Walking Wake|88/100|[from] Stealth Rock
|turn|16
|
|t:|1758343490
|move|p2a: Golduck|Ice Beam|p1a: Walking Wake
|-damage|p1a: Walking Wake|54/100
|move|p1a: Walking Wake|Hydro Steam|p2a: Golduck
|-resisted|p2a: Golduck
|-damage|p2a: Golduck|0 fnt
|faint|p2a: Golduck
|
|-weather|RainDance|[upkeep]
|upkeep
|
|t:|1758343498
|switch|p2a: Gardevoir|Gardevoir, M|100/100
|turn|17
|
|t:|1758343503
|-terastallize|p1a: Walking Wake|Water
|move|p2a: Gardevoir|Moonblast|p1a: Walking Wake
|-damage|p1a: Walking Wake|0 fnt
|faint|p1a: Walking Wake
|-end|p1a: Walking Wake|Protosynthesis|[silent]
|
|-weather|RainDance|[upkeep]
|upkeep
|
|t:|1758343510
|switch|p1a: Slither Wing|Slither Wing|100/100
|-damage|p1a: Slither Wing|88/100|[from] Stealth Rock
|turn|18
|
|t:|1758343517
|move|p1a: Slither Wing|First Impression|p2a: Gardevoir
|-damage|p2a: Gardevoir|0 fnt
|faint|p2a: Gardevoir
|-damage|p1a: Slither Wing|78/100|[from] item: Life Orb
|
|win|prettyboibiba
|raw|prettyboibiba's rating: 1235 &rarr; <strong>1257</strong><br />(+22 for winning)
|raw|Andrewtre's rating: 1195 &rarr; <strong>1173</strong><br />(-22 for losing)
|l|☆Andrewtre
|player|p2|
|l|☆prettyboibiba
|player|p1|
