|j|☆Messibelino
|j|☆Bigbassfisherman
|t:|1758299431
|gametype|singles
|player|p1|Messibelino|buck|1191
|player|p2|Bigbassfisherman|fisherman-gen4|1215
|gen|9
|tier|[Gen 9] OU
|rated|
|rule|HP Percentage Mod: HP is shown in percentages
|rule|Endless Battle Clause: Forcing endless battles is banned
|rule|Species Clause: Limit one of each Pokémon
|rule|OHKO Clause: OHKO moves are banned
|rule|Evasion Items Clause: Evasion items are banned
|rule|Evasion Moves Clause: Evasion moves are banned
|rule|Evasion Abilities Clause: Evasion abilities are banned
|rule|Sleep Moves Clause: Sleep-inducing moves are banned
|clearpoke
|poke|p1|Greninja-*, M|
|poke|p1|Ampharos, M|
|poke|p1|Dragonite, M|
|poke|p1|Feraligatr, M|
|poke|p1|Sceptile, M|
|poke|p1|Infernape, M|
|poke|p2|Ogerpon-Wellspring, F|
|poke|p2|Kyurem|
|poke|p2|Zapdos|
|poke|p2|Iron Treads|
|poke|p2|Gholdengo|
|poke|p2|Clodsire, M|
|teampreview
|inactive|Battle timer is ON: inactive players will automatically lose when time's up. (requested by Messibelino)
|
|t:|1758299450
|teamsize|p1|6
|teamsize|p2|6
|start
|switch|p1a: Feraligatr|Feraligatr, M|100/100
|switch|p2a: Zapdos|Zapdos|100/100
|turn|1
|
|t:|1758299457
|-terastallize|p1a: Feraligatr|Dragon
|move|p1a: Feraligatr|Dragon Dance|p1a: Feraligatr
|-boost|p1a: Feraligatr|atk|1
|-boost|p1a: Feraligatr|spe|1
|move|p2a: Zapdos|Thunder Wave|p1a: Feraligatr
|-status|p1a: Feraligatr|par
|
|upkeep
|turn|2
|
|t:|1758299463
|move|p2a: Zapdos|Hurricane|p1a: Feraligatr
|-damage|p1a: Feraligatr|40/100 par
|cant|p1a: Feraligatr|par
|
|upkeep
|turn|3
|
|t:|1758299471
|move|p2a: Zapdos|Hurricane|p1a: Feraligatr
|-damage|p1a: Feraligatr|0 fnt
|faint|p1a: Feraligatr
|
|upkeep
|
|t:|1758299478
|switch|p1a: Ampharos|Ampharos, M|100/100
|turn|4
|
|t:|1758299485
|switch|p2a: Clodsire|Clodsire, M|100/100
|move|p1a: Ampharos|Thunderbolt|p2a: Clodsire
|-immune|p2a: Clodsire
|
|upkeep
|turn|5
|
|t:|1758299494
|switch|p1a: Dragonite|Dragonite, M|100/100
|move|p2a: Clodsire|Toxic|p1a: Dragonite
|-status|p1a: Dragonite|tox
|
|-damage|p1a: Dragonite|94/100 tox|[from] psn
|upkeep
|turn|6
|
|t:|1758299500
|move|p1a: Dragonite|Dragon Dance|p1a: Dragonite
|-boost|p1a: Dragonite|atk|1
|-boost|p1a: Dragonite|spe|1
|move|p2a: Clodsire|Spikes|p1a: Dragonite
|-sidestart|p1: Messibelino|Spikes
|
|-damage|p1a: Dragonite|82/100 tox|[from] psn
|upkeep
|turn|7
|
|t:|1758299508
|switch|p2a: Zapdos|Zapdos|100/100
|move|p1a: Dragonite|Earthquake|p2a: Zapdos
|-immune|p2a: Zapdos
|
|-damage|p1a: Dragonite|63/100 tox|[from] psn
|upkeep
|turn|8
|
|t:|1758299519
|move|p1a: Dragonite|Dragon Claw|p2a: Zapdos
|-damage|p2a: Zapdos|48/100
|move|p2a: Zapdos|Roost|p2a: Zapdos
|-heal|p2a: Zapdos|98/100
|-singleturn|p2a: Zapdos|move: Roost
|
|-damage|p1a: Dragonite|39/100 tox|[from] psn
|upkeep
|turn|9
|
|t:|1758299531
|move|p1a: Dragonite|Dragon Dance|p1a: Dragonite
|-boost|p1a: Dragonite|atk|1
|-boost|p1a: Dragonite|spe|1
|move|p2a: Zapdos|Volt Switch|p1a: Dragonite
|-damage|p1a: Dragonite|10/100 tox
|
|t:|1758299536
|switch|p2a: Clodsire|Clodsire, M|100/100|[from] Volt Switch
|
|-damage|p1a: Dragonite|0 fnt|[from] psn
|faint|p1a: Dragonite
|upkeep
|
|t:|1758299546
|switch|p1a: Greninja|Greninja, M|100/100
|-damage|p1a: Greninja|88/100|[from] Spikes
|turn|10
|
|t:|1758299567
|move|p1a: Greninja|Extrasensory|p2a: Clodsire
|-start|p1a: Greninja|typechange|Psychic|[from] ability: Protean
|-supereffective|p2a: Clodsire
|-damage|p2a: Clodsire|50/100
|-damage|p1a: Greninja|78/100|[from] item: Life Orb
|move|p2a: Clodsire|Toxic|p1a: Greninja
|-status|p1a: Greninja|tox
|
|-heal|p2a: Clodsire|56/100|[from] item: Leftovers
|-damage|p1a: Greninja|72/100 tox|[from] psn
|upkeep
|turn|11
|
|t:|1758299579
|switch|p2a: Zapdos|Zapdos|98/100
|move|p1a: Greninja|Extrasensory|p2a: Zapdos
|-damage|p2a: Zapdos|56/100
|-damage|p1a: Greninja|63/100 tox|[from] item: Life Orb
|
|-damage|p1a: Greninja|51/100 tox|[from] psn
|upkeep
|turn|12
|
|t:|1758299586
|move|p1a: Greninja|Ice Beam|p2a: Zapdos
|-supereffective|p2a: Zapdos
|-damage|p2a: Zapdos|0 fnt
|faint|p2a: Zapdos
|-damage|p1a: Greninja|41/100 tox|[from] item: Life Orb
|
|-damage|p1a: Greninja|23/100 tox|[from] psn
|upkeep
|
|t:|1758299597
|switch|p2a: Kyurem|Kyurem|100/100
|-ability|p2a: Kyurem|Pressure
|turn|13
|
|t:|1758299603
|move|p2a: Kyurem|Protect|p2a: Kyurem
|-singleturn|p2a: Kyurem|Protect
|move|p1a: Greninja|Extrasensory|p2a: Kyurem
|-activate|p2a: Kyurem|move: Protect
|
|-damage|p1a: Greninja|0 fnt|[from] psn
|faint|p1a: Greninja
|upkeep
|
|t:|1758299609
|switch|p1a: Infernape|Infernape, M|100/100
|-damage|p1a: Infernape|88/100|[from] Spikes
|turn|14
|
|t:|1758299618
|-terastallize|p2a: Kyurem|Ground
|move|p1a: Infernape|Focus Blast|p2a: Kyurem|[miss]
|-miss|p1a: Infernape|p2a: Kyurem
|move|p2a: Kyurem|Substitute|p2a: Kyurem
|-start|p2a: Kyurem|Substitute
|-damage|p2a: Kyurem|75/100
|
|-heal|p2a: Kyurem|82/100|[from] item: Leftovers
|upkeep
|turn|15
|
|t:|1758299627
|move|p2a: Kyurem|Protect|p2a: Kyurem
|-singleturn|p2a: Kyurem|Protect
|move|p1a: Infernape|Fire Blast|p2a: Kyurem
|-activate|p2a: Kyurem|move: Protect
|
|-heal|p2a: Kyurem|88/100|[from] item: Leftovers
|upkeep
|turn|16
|
|t:|1758299634
|move|p1a: Infernape|Fire Blast|p2a: Kyurem
|-end|p2a: Kyurem|Substitute
|-damage|p1a: Infernape|78/100|[from] item: Life Orb
|move|p2a: Kyurem|Earth Power|p1a: Infernape
|-supereffective|p1a: Infernape
|-damage|p1a: Infernape|0 fnt
|faint|p1a: Infernape
|
|-heal|p2a: Kyurem|94/100|[from] item: Leftovers
|upkeep
|
|t:|1758299643
|switch|p1a: Sceptile|Sceptile, M|100/100
|-damage|p1a: Sceptile|88/100|[from] Spikes
|turn|17
|
|t:|1758299654
|move|p1a: Sceptile|Leaf Storm|p2a: Kyurem
|-supereffective|p2a: Kyurem
|-damage|p2a: Kyurem|0 fnt
|-unboost|p1a: Sceptile|spa|2
|faint|p2a: Kyurem
|
|upkeep
|
|t:|1758299658
|switch|p2a: Clodsire|Clodsire, M|56/100
|turn|18
|
|t:|1758299664
|switch|p1a: Ampharos|Ampharos, M|100/100
|-damage|p1a: Ampharos|88/100|[from] Spikes
|move|p2a: Clodsire|Toxic|p1a: Ampharos
|-status|p1a: Ampharos|tox
|
|-heal|p2a: Clodsire|63/100|[from] item: Leftovers
|-damage|p1a: Ampharos|82/100 tox|[from] psn
|upkeep
|turn|19
|
|t:|1758299673
|switch|p1a: Sceptile|Sceptile, M|88/100
|-damage|p1a: Sceptile|76/100|[from] Spikes
|move|p2a: Clodsire|Recover|p2a: Clodsire
|-heal|p2a: Clodsire|100/100
|
|upkeep
|turn|20
|
|t:|1758299682
|switch|p2a: Gholdengo|Gholdengo|100/100
|-item|p2a: Gholdengo|Air Balloon
|move|p1a: Sceptile|Leaf Storm|p2a: Gholdengo
|-resisted|p2a: Gholdengo
|-damage|p2a: Gholdengo|61/100
|-unboost|p1a: Sceptile|spa|2
|-enditem|p2a: Gholdengo|Air Balloon
|
|upkeep
|turn|21
|
|t:|1758299691
|switch|p1a: Ampharos|Ampharos, M|82/100 tox
|-damage|p1a: Ampharos|70/100 tox|[from] Spikes
|move|p2a: Gholdengo|Recover|p2a: Gholdengo
|-heal|p2a: Gholdengo|100/100
|
|-damage|p1a: Ampharos|64/100 tox|[from] psn
|upkeep
|turn|22
|
|t:|1758299701
|switch|p2a: Clodsire|Clodsire, M|100/100
|move|p1a: Ampharos|Thunderbolt|p2a: Clodsire
|-immune|p2a: Clodsire
|
|-damage|p1a: Ampharos|52/100 tox|[from] psn
|upkeep
|turn|23
|
|t:|1758299714
|move|p1a: Ampharos|Focus Blast|p2a: Clodsire|[miss]
|-miss|p1a: Ampharos|p2a: Clodsire
|move|p2a: Clodsire|Toxic|p1a: Ampharos
|-fail|p1a: Ampharos|tox
|
|-damage|p1a: Ampharos|34/100 tox|[from] psn
|upkeep
|turn|24
|
|t:|1758299721
|move|p1a: Ampharos|Focus Blast|p2a: Clodsire
|-resisted|p2a: Clodsire
|-damage|p2a: Clodsire|88/100
|move|p2a: Clodsire|Spikes|p1a: Ampharos
|-sidestart|p1: Messibelino|Spikes
|
|-heal|p2a: Clodsire|95/100|[from] item: Leftovers
|-damage|p1a: Ampharos|10/100 tox|[from] psn
|upkeep
|turn|25
|-message|Messibelino forfeited.
|
|win|Bigbassfisherman
|raw|Messibelino's rating: 1191 &rarr; <strong>1168</strong><br />(-23 for losing)
|raw|Bigbassfisherman's rating: 1215 &rarr; <strong>1238</strong><br />(+23 for winning)
|l|☆Messibelino
|player|p1|
