|j|☆scrubtest98
|j|☆bananacrazy
|t:|1758256690
|gametype|singles
|player|p1|scrubtest98|102|1534
|player|p2|bananacrazy|1|1471
|gen|9
|tier|[Gen 9] OU
|rated|
|rule|HP Percentage Mod: HP is shown in percentages
|rule|Endless Battle Clause: Forcing endless battles is banned
|rule|Species Clause: Limit one of each Pokémon
|rule|OHKO Clause: OHKO moves are banned
|rule|Evasion Items Clause: Evasion items are banned
|rule|Evasion Moves Clause: Evasion moves are banned
|rule|Evasion Abilities Clause: Evasion abilities are banned
|rule|Sleep Moves Clause: Sleep-inducing moves are banned
|clearpoke
|poke|p1|Zamazenta-*|
|poke|p1|Rillaboom, F|
|poke|p1|Gholdengo|
|poke|p1|Ting-Lu|
|poke|p1|Tornadus-Therian, M|
|poke|p1|Hawlucha, M|
|poke|p2|Dragonite, F|
|poke|p2|Gholdengo|
|poke|p2|Iron Treads|
|poke|p2|Quaquaval, M|
|poke|p2|Slowking-Galar, F|
|poke|p2|Ting-Lu|
|teampreview
|
|t:|1758256712
|teamsize|p1|6
|teamsize|p2|6
|start
|switch|p1a: Rillaboom|Rillaboom, F|100/100
|switch|p2a: Slowking|Slowking-Galar, F|100/100
|-fieldstart|move: Grassy Terrain|[from] ability: Grassy Surge|[of] p1a: Rillaboom
|turn|1
|
|t:|1758256720
|move|p1a: Rillaboom|Knock Off|p2a: Slowking
|-supereffective|p2a: Slowking
|-damage|p2a: Slowking|29/100
|-enditem|p2a: Slowking|Shuca Berry|[from] move: Knock Off|[of] p1a: Rillaboom
|move|p2a: Slowking|Sludge Bomb|p1a: Rillaboom
|-supereffective|p1a: Rillaboom
|-damage|p1a: Rillaboom|9/100
|
|-heal|p1a: Rillaboom|15/100|[from] Grassy Terrain
|-heal|p2a: Slowking|35/100|[from] Grassy Terrain
|upkeep
|turn|2
|
|t:|1758256742
|switch|p2a: Ting-Lu|Ting-Lu|100/100
|-ability|p2a: Ting-Lu|Vessel of Ruin
|move|p1a: Rillaboom|Knock Off|p2a: Ting-Lu
|-resisted|p2a: Ting-Lu
|-damage|p2a: Ting-Lu|86/100
|-enditem|p2a: Ting-Lu|Leftovers|[from] move: Knock Off|[of] p1a: Rillaboom
|
|-heal|p1a: Rillaboom|22/100|[from] Grassy Terrain
|-heal|p2a: Ting-Lu|92/100|[from] Grassy Terrain
|upkeep
|turn|3
|
|t:|1758256750
|switch|p1a: Tornadus|Tornadus-Therian, M|100/100
|move|p2a: Ting-Lu|Spikes|p1a: Tornadus
|-sidestart|p1: scrubtest98|Spikes
|
|-heal|p2a: Ting-Lu|99/100|[from] Grassy Terrain
|upkeep
|turn|4
|
|t:|1758256756
|move|p1a: Tornadus|Nasty Plot|p1a: Tornadus
|-boost|p1a: Tornadus|spa|2
|move|p2a: Ting-Lu|Spikes|p1a: Tornadus
|-sidestart|p1: scrubtest98|Spikes
|
|-heal|p2a: Ting-Lu|100/100|[from] Grassy Terrain
|upkeep
|turn|5
|
|t:|1758256758
|move|p1a: Tornadus|Grass Knot|p2a: Ting-Lu
|-supereffective|p2a: Ting-Lu
|-crit|p2a: Ting-Lu
|-damage|p2a: Ting-Lu|16/100
|move|p2a: Ting-Lu|Whirlwind|p1a: Tornadus
|drag|p1a: Ting-Lu|Ting-Lu|100/100
|-damage|p1a: Ting-Lu|84/100|[from] Spikes
|-ability|p1a: Ting-Lu|Vessel of Ruin
|
|-heal|p1a: Ting-Lu|90/100|[from] Grassy Terrain
|-heal|p1a: Ting-Lu|96/100|[from] item: Leftovers
|-heal|p2a: Ting-Lu|22/100|[from] Grassy Terrain
|-fieldend|move: Grassy Terrain
|upkeep
|turn|6
|
|t:|1758256770
|move|p1a: Ting-Lu|Earthquake|p2a: Ting-Lu
|-damage|p2a: Ting-Lu|1/100
|move|p2a: Ting-Lu|Spikes|p1a: Ting-Lu
|-sidestart|p1: scrubtest98|Spikes
|
|-heal|p1a: Ting-Lu|100/100|[from] item: Leftovers
|upkeep
|turn|7
|
|t:|1758256776
|move|p1a: Ting-Lu|Earthquake|p2a: Ting-Lu
|-damage|p2a: Ting-Lu|0 fnt
|faint|p2a: Ting-Lu
|
|upkeep
|
|t:|1758256778
|switch|p2a: Quaquaval|Quaquaval, M|100/100
|turn|8
|
|t:|1758256783
|move|p2a: Quaquaval|Aqua Step|p1a: Ting-Lu
|-supereffective|p1a: Ting-Lu
|-damage|p1a: Ting-Lu|25/100
|-boost|p2a: Quaquaval|spe|1
|move|p1a: Ting-Lu|Whirlwind|p2a: Quaquaval
|drag|p2a: Slowking|Slowking-Galar, F|68/100
|
|-heal|p1a: Ting-Lu|31/100|[from] item: Leftovers
|upkeep
|turn|9
|
|t:|1758256787
|move|p1a: Ting-Lu|Earthquake|p2a: Slowking
|-supereffective|p2a: Slowking
|-damage|p2a: Slowking|14/100
|move|p2a: Slowking|Future Sight|p1a: Ting-Lu
|-start|p2a: Slowking|move: Future Sight
|
|-heal|p1a: Ting-Lu|37/100|[from] item: Leftovers
|upkeep
|turn|10
|
|t:|1758256792
|switch|p2a: Quaquaval|Quaquaval, M|100/100
|move|p1a: Ting-Lu|Stealth Rock|p2a: Quaquaval
|-sidestart|p2: bananacrazy|move: Stealth Rock
|
|-heal|p1a: Ting-Lu|43/100|[from] item: Leftovers
|upkeep
|turn|11
|
|t:|1758256799
|switch|p1a: Zamazenta|Zamazenta|100/100
|-damage|p1a: Zamazenta|75/100|[from] Spikes
|-ability|p1a: Zamazenta|Dauntless Shield|boost
|-boost|p1a: Zamazenta|def|1
|move|p2a: Quaquaval|Aqua Step|p1a: Zamazenta
|-damage|p1a: Zamazenta|46/100
|-boost|p2a: Quaquaval|spe|1
|
|-end|p1a: Zamazenta|move: Future Sight
|-supereffective|p1a: Zamazenta
|-damage|p1a: Zamazenta|0 fnt
|faint|p1a: Zamazenta
|upkeep
|
|t:|1758256806
|switch|p1a: Tornadus|Tornadus-Therian, M|100/100
|turn|12
|
|t:|1758256814
|move|p2a: Quaquaval|Aqua Step|p1a: Tornadus
|-damage|p1a: Tornadus|14/100
|-boost|p2a: Quaquaval|spe|1
|move|p1a: Tornadus|Bleakwind Storm|p2a: Quaquaval
|-supereffective|p2a: Quaquaval
|-damage|p2a: Quaquaval|0 fnt
|faint|p2a: Quaquaval
|
|upkeep
|
|t:|1758256820
|switch|p2a: Dragonite|Dragonite, F|100/100
|turn|13
|
|t:|1758256823
|move|p1a: Tornadus|Bleakwind Storm|p2a: Dragonite
|-damage|p2a: Dragonite|78/100
|move|p2a: Dragonite|Dragon Dance|p2a: Dragonite
|-boost|p2a: Dragonite|atk|1
|-boost|p2a: Dragonite|spe|1
|
|upkeep
|turn|14
|
|t:|1758256828
|move|p1a: Tornadus|Bleakwind Storm|p2a: Dragonite
|-damage|p2a: Dragonite|34/100
|move|p2a: Dragonite|Roost|p2a: Dragonite
|-heal|p2a: Dragonite|84/100
|-singleturn|p2a: Dragonite|move: Roost
|
|upkeep
|turn|15
|
|t:|1758256835
|move|p1a: Tornadus|Bleakwind Storm|p2a: Dragonite
|-damage|p2a: Dragonite|37/100
|move|p2a: Dragonite|Dragon Dance|p2a: Dragonite
|-boost|p2a: Dragonite|atk|1
|-boost|p2a: Dragonite|spe|1
|
|upkeep
|turn|16
|
|t:|1758256838
|move|p2a: Dragonite|Roost|p2a: Dragonite
|-heal|p2a: Dragonite|87/100
|-singleturn|p2a: Dragonite|move: Roost
|move|p1a: Tornadus|Bleakwind Storm|p2a: Dragonite
|-damage|p2a: Dragonite|46/100
|-unboost|p2a: Dragonite|spe|1
|
|upkeep
|turn|17
|
|t:|1758256847
|move|p1a: Tornadus|Bleakwind Storm|p2a: Dragonite
|-damage|p2a: Dragonite|1/100
|move|p2a: Dragonite|Roost|p2a: Dragonite
|-heal|p2a: Dragonite|51/100
|-singleturn|p2a: Dragonite|move: Roost
|
|upkeep
|turn|18
|
|t:|1758256851
|move|p1a: Tornadus|Bleakwind Storm|p2a: Dragonite
|-damage|p2a: Dragonite|10/100
|move|p2a: Dragonite|Dragon Dance|p2a: Dragonite
|-boost|p2a: Dragonite|atk|1
|-boost|p2a: Dragonite|spe|1
|
|upkeep
|turn|19
|
|t:|1758256856
|move|p2a: Dragonite|Roost|p2a: Dragonite
|-heal|p2a: Dragonite|60/100
|-singleturn|p2a: Dragonite|move: Roost
|move|p1a: Tornadus|Bleakwind Storm|p2a: Dragonite
|-damage|p2a: Dragonite|16/100
|
|upkeep
|turn|20
|
|t:|1758256861
|move|p2a: Dragonite|Roost|p2a: Dragonite
|-heal|p2a: Dragonite|66/100
|-singleturn|p2a: Dragonite|move: Roost
|move|p1a: Tornadus|Bleakwind Storm|p2a: Dragonite
|-damage|p2a: Dragonite|22/100
|-unboost|p2a: Dragonite|spe|1
|
|upkeep
|turn|21
|c|☆bananacrazy|how
|c|☆bananacrazy|have you hit all in a row
|
|t:|1758256877
|move|p2a: Dragonite|Extreme Speed|p1a: Tornadus
|-damage|p1a: Tornadus|0 fnt
|faint|p1a: Tornadus
|
|upkeep
|
|t:|1758256879
|switch|p1a: Rillaboom|Rillaboom, F|22/100
|-damage|p1a: Rillaboom|0 fnt|[from] Spikes
|faint|p1a: Rillaboom
|
|t:|1758256883
|switch|p1a: Gholdengo|Gholdengo|100/100
|-damage|p1a: Gholdengo|76/100|[from] Spikes
|turn|22
|
|t:|1758256892
|-terastallize|p1a: Gholdengo|Water
|move|p2a: Dragonite|Earthquake|p1a: Gholdengo
|-damage|p1a: Gholdengo|6/100
|move|p1a: Gholdengo|Shadow Ball|p2a: Dragonite
|-damage|p2a: Dragonite|0 fnt
|faint|p2a: Dragonite
|
|upkeep
|
|t:|1758256899
|switch|p2a: Iron Treads|Iron Treads|100/100
|-damage|p2a: Iron Treads|97/100|[from] Stealth Rock
|turn|23
|
|t:|1758256903
|move|p2a: Iron Treads|Rapid Spin|p1a: Gholdengo
|-damage|p1a: Gholdengo|0 fnt
|-boost|p2a: Iron Treads|spe|1
|-sideend|p2: bananacrazy|Stealth Rock|[from] move: Rapid Spin|[of] p2a: Iron Treads
|faint|p1a: Gholdengo
|
|-heal|p2a: Iron Treads|100/100|[from] item: Leftovers
|upkeep
|-message|scrubtest98 forfeited.
|
|win|bananacrazy
|raw|scrubtest98's rating: 1534 &rarr; <strong>1510</strong><br />(-24 for losing)
|raw|bananacrazy's rating: 1471 &rarr; <strong>1495</strong><br />(+24 for winning)
|l|☆scrubtest98
|player|p1|
|c|☆bananacrazy|scrub
|l|☆bananacrazy
|player|p2|
