|j|☆Callooee
|j|☆Milo Everspring
|t:|1758341802
|gametype|singles
|player|p1|Callooee|1|1154
|player|p2|Milo Everspring|2|1186
|gen|9
|tier|[Gen 9] OU
|rated|
|rule|HP Percentage Mod: HP is shown in percentages
|rule|Endless Battle Clause: Forcing endless battles is banned
|rule|Species Clause: Limit one of each Pokémon
|rule|OHKO Clause: OHKO moves are banned
|rule|Evasion Items Clause: Evasion items are banned
|rule|Evasion Moves Clause: Evasion moves are banned
|rule|Evasion Abilities Clause: Evasion abilities are banned
|rule|Sleep Moves Clause: Sleep-inducing moves are banned
|clearpoke
|poke|p1|Gliscor, M|
|poke|p1|Pecharunt|
|poke|p1|Dragonite, F|
|poke|p1|Iron Treads|
|poke|p1|Dondozo, F|
|poke|p1|Cinderace, M|
|poke|p2|Ting-Lu|
|poke|p2|Gliscor, M|
|poke|p2|Slowking-Galar, F|
|poke|p2|Kyurem|
|poke|p2|Corviknight, M|
|poke|p2|Skeledirge, F|
|teampreview
|
|t:|1758341811
|teamsize|p1|6
|teamsize|p2|6
|start
|switch|p1a: Dondozo|Dondozo, F|100/100
|switch|p2a: Julia|Ting-Lu|100/100
|-ability|p2a: Julia|Vessel of Ruin
|turn|1
|
|t:|1758341817
|move|p2a: Julia|Stealth Rock|p1a: Dondozo
|-sidestart|p1: Callooee|move: Stealth Rock
|move|p1a: Dondozo|Curse|p1a: Dondozo
|-unboost|p1a: Dondozo|spe|1
|-boost|p1a: Dondozo|atk|1
|-boost|p1a: Dondozo|def|1
|
|upkeep
|turn|2
|
|t:|1758341820
|move|p2a: Julia|Ruination|p1a: Dondozo
|-damage|p1a: Dondozo|51/100
|move|p1a: Dondozo|Liquidation|p2a: Julia
|-supereffective|p2a: Julia
|-damage|p2a: Julia|52/100
|-unboost|p2a: Julia|def|1
|
|-heal|p2a: Julia|58/100|[from] item: Leftovers
|-heal|p1a: Dondozo|57/100|[from] item: Leftovers
|upkeep
|turn|3
|
|t:|1758341828
|switch|p2a: Ni|Corviknight, M|100/100
|-ability|p2a: Ni|Pressure
|move|p1a: Dondozo|Liquidation|p2a: Ni
|-crit|p2a: Ni
|-damage|p2a: Ni|49/100
|-damage|p1a: Dondozo|40/100|[from] item: Rocky Helmet|[of] p2a: Ni
|
|-heal|p1a: Dondozo|46/100|[from] item: Leftovers
|upkeep
|turn|4
|
|t:|1758341831
|move|p2a: Ni|Roost|p2a: Ni
|-heal|p2a: Ni|99/100
|-singleturn|p2a: Ni|move: Roost
|move|p1a: Dondozo|Liquidation|p2a: Ni
|-damage|p2a: Ni|65/100
|-damage|p1a: Dondozo|30/100|[from] item: Rocky Helmet|[of] p2a: Ni
|
|-heal|p1a: Dondozo|36/100|[from] item: Leftovers
|upkeep
|turn|5
|
|t:|1758341835
|move|p2a: Ni|Roost|p2a: Ni
|-heal|p2a: Ni|100/100
|-singleturn|p2a: Ni|move: Roost
|move|p1a: Dondozo|Curse|p1a: Dondozo
|-unboost|p1a: Dondozo|spe|1
|-boost|p1a: Dondozo|atk|1
|-boost|p1a: Dondozo|def|1
|
|-heal|p1a: Dondozo|42/100|[from] item: Leftovers
|upkeep
|turn|6
|
|t:|1758341845
|move|p2a: Ni|Brave Bird|p1a: Dondozo
|-damage|p1a: Dondozo|31/100
|-damage|p2a: Ni|96/100|[from] Recoil
|move|p1a: Dondozo|Liquidation|p2a: Ni
|-damage|p2a: Ni|50/100
|-unboost|p2a: Ni|def|1
|-damage|p1a: Dondozo|14/100|[from] item: Rocky Helmet|[of] p2a: Ni
|
|-heal|p1a: Dondozo|21/100|[from] item: Leftovers
|upkeep
|turn|7
|
|t:|1758341855
|move|p2a: Ni|Roost|p2a: Ni
|-heal|p2a: Ni|100/100
|-singleturn|p2a: Ni|move: Roost
|move|p1a: Dondozo|Curse|p1a: Dondozo
|-unboost|p1a: Dondozo|spe|1
|-boost|p1a: Dondozo|atk|1
|-boost|p1a: Dondozo|def|1
|
|-heal|p1a: Dondozo|27/100|[from] item: Leftovers
|upkeep
|turn|8
|
|t:|1758341863
|move|p2a: Ni|Brave Bird|p1a: Dondozo
|-damage|p1a: Dondozo|18/100
|-damage|p2a: Ni|97/100|[from] Recoil
|move|p1a: Dondozo|Curse|p1a: Dondozo
|-unboost|p1a: Dondozo|spe|1
|-boost|p1a: Dondozo|atk|1
|-boost|p1a: Dondozo|def|1
|
|-heal|p1a: Dondozo|24/100|[from] item: Leftovers
|upkeep
|turn|9
|
|t:|1758341869
|move|p2a: Ni|Brave Bird|p1a: Dondozo
|-damage|p1a: Dondozo|17/100
|-damage|p2a: Ni|94/100|[from] Recoil
|move|p1a: Dondozo|Liquidation|p2a: Ni
|-damage|p2a: Ni|25/100
|-damage|p1a: Dondozo|0 fnt|[from] item: Rocky Helmet|[of] p2a: Ni
|faint|p1a: Dondozo
|
|upkeep
|
|t:|1758341891
|switch|p1a: Iron Treads|Iron Treads|100/100
|-damage|p1a: Iron Treads|97/100|[from] Stealth Rock
|turn|10
|
|t:|1758341897
|move|p1a: Iron Treads|Rapid Spin|p2a: Ni
|-resisted|p2a: Ni
|-damage|p2a: Ni|19/100
|-boost|p1a: Iron Treads|spe|1
|-damage|p1a: Iron Treads|81/100|[from] item: Rocky Helmet|[of] p2a: Ni
|-sideend|p1: Callooee|Stealth Rock|[from] move: Rapid Spin|[of] p1a: Iron Treads
|move|p2a: Ni|U-turn|p1a: Iron Treads
|-resisted|p1a: Iron Treads
|-damage|p1a: Iron Treads|76/100
|
|t:|1758341908
|switch|p2a: Gramblebhast|Skeledirge, F|100/100|[from] U-turn
|
|upkeep
|turn|11
|
|t:|1758341912
|move|p1a: Iron Treads|Knock Off|p2a: Gramblebhast
|-supereffective|p2a: Gramblebhast
|-damage|p2a: Gramblebhast|62/100
|-enditem|p2a: Gramblebhast|Leftovers|[from] move: Knock Off|[of] p1a: Iron Treads
|move|p2a: Gramblebhast|Will-O-Wisp|p1a: Iron Treads
|-status|p1a: Iron Treads|brn
|
|-damage|p1a: Iron Treads|70/100 brn|[from] brn
|upkeep
|turn|12
|
|t:|1758341919
|move|p1a: Iron Treads|Earthquake|p2a: Gramblebhast
|-supereffective|p2a: Gramblebhast
|-damage|p2a: Gramblebhast|32/100
|move|p2a: Gramblebhast|Torch Song|p1a: Iron Treads
|-supereffective|p1a: Iron Treads
|-damage|p1a: Iron Treads|1/100 brn
|-boost|p2a: Gramblebhast|spa|1
|
|-damage|p1a: Iron Treads|0 fnt|[from] brn
|faint|p1a: Iron Treads
|-end|p1a: Iron Treads|Quark Drive|[silent]
|upkeep
|
|t:|1758341929
|switch|p1a: Gliscor|Gliscor, M|100/100
|turn|13
|
|t:|1758341932
|move|p1a: Gliscor|Earthquake|p2a: Gramblebhast
|-supereffective|p2a: Gramblebhast
|-damage|p2a: Gramblebhast|0 fnt
|faint|p2a: Gramblebhast
|
|-status|p1a: Gliscor|tox|[from] item: Toxic Orb
|upkeep
|
|t:|1758341934
|switch|p2a: scored botter?|Gliscor, M|100/100
|turn|14
|
|t:|1758341949
|switch|p1a: Pecharunt|Pecharunt|100/100
|move|p2a: scored botter?|Swords Dance|p2a: scored botter?
|-boost|p2a: scored botter?|atk|2
|
|-status|p2a: scored botter?|tox|[from] item: Toxic Orb
|upkeep
|turn|15
|inactive|Battle timer is ON: inactive players will automatically lose when time's up. (requested by Milo Everspring)
|
|t:|1758341959
|-terastallize|p1a: Pecharunt|Flying
|move|p2a: scored botter?|High Horsepower|p1a: Pecharunt
|-immune|p1a: Pecharunt
|move|p1a: Pecharunt|Shadow Ball|p2a: scored botter?
|-damage|p2a: scored botter?|65/100 tox
|
|-heal|p2a: scored botter?|78/100 tox|[from] ability: Poison Heal
|upkeep
|turn|16
|
|t:|1758341966
|move|p2a: scored botter?|Swords Dance|p2a: scored botter?
|-boost|p2a: scored botter?|atk|2
|move|p1a: Pecharunt|Shadow Ball|p2a: scored botter?
|-damage|p2a: scored botter?|40/100 tox
|-unboost|p2a: scored botter?|spd|1
|
|-heal|p2a: scored botter?|52/100 tox|[from] ability: Poison Heal
|upkeep
|turn|17
|
|t:|1758341973
|move|p2a: scored botter?|Protect|p2a: scored botter?
|-singleturn|p2a: scored botter?|Protect
|move|p1a: Pecharunt|Shadow Ball|p2a: scored botter?
|-activate|p2a: scored botter?|move: Protect
|
|-heal|p2a: scored botter?|64/100 tox|[from] ability: Poison Heal
|upkeep
|turn|18
|
|t:|1758341975
|move|p2a: scored botter?|Dual Wingbeat|p1a: Pecharunt
|-damage|p1a: Pecharunt|76/100
|-damage|p1a: Pecharunt|51/100
|-hitcount|p1a: Pecharunt|2
|move|p1a: Pecharunt|Shadow Ball|p2a: scored botter?
|-damage|p2a: scored botter?|13/100 tox
|
|-heal|p2a: scored botter?|25/100 tox|[from] ability: Poison Heal
|upkeep
|turn|19
|
|t:|1758341980
|move|p2a: scored botter?|Dual Wingbeat|p1a: Pecharunt
|-damage|p1a: Pecharunt|25/100
|-damage|p1a: Pecharunt|0 fnt
|faint|p1a: Pecharunt
|-hitcount|p1: Pecharunt|2
|
|-heal|p2a: scored botter?|38/100 tox|[from] ability: Poison Heal
|upkeep
|
|t:|1758341989
|switch|p1a: Dragonite|Dragonite, F|100/100
|turn|20
|
|t:|1758341995
|move|p2a: scored botter?|Dual Wingbeat|p1a: Dragonite
|-damage|p1a: Dragonite|73/100
|-damage|p1a: Dragonite|14/100
|-hitcount|p1a: Dragonite|2
|move|p1a: Dragonite|Dragon Tail|p2a: scored botter?
|-damage|p2a: scored botter?|3/100 tox
|drag|p2a: ew gross!|Slowking-Galar, F|100/100
|
|upkeep
|turn|21
|
|t:|1758342004
|move|p1a: Dragonite|Earthquake|p2a: ew gross!
|-supereffective|p2a: ew gross!
|-damage|p2a: ew gross!|19/100
|move|p2a: ew gross!|Sludge Wave|p1a: Dragonite
|-damage|p1a: Dragonite|0 fnt
|faint|p1a: Dragonite
|
|-heal|p2a: ew gross!|25/100|[from] item: Leftovers
|upkeep
|
|t:|1758342010
|switch|p1a: Gliscor|Gliscor, M|100/100 tox
|turn|22
|
|t:|1758342016
|move|p1a: Gliscor|Facade|p2a: ew gross!
|-damage|p2a: ew gross!|0 fnt
|faint|p2a: ew gross!
|
|upkeep
|
|t:|1758342020
|switch|p2a: Kyupumuku|Kyurem|100/100
|-ability|p2a: Kyupumuku|Pressure
|turn|23
|
|t:|1758342024
|move|p1a: Gliscor|Protect|p1a: Gliscor
|-singleturn|p1a: Gliscor|Protect
|move|p2a: Kyupumuku|Blizzard|p1a: Gliscor
|-activate|p1a: Gliscor|move: Protect
|
|upkeep
|turn|24
|
|t:|1758342035
|switch|p2a: Julia|Ting-Lu|58/100
|-ability|p2a: Julia|Vessel of Ruin
|switch|p1a: Cinderace|Cinderace, M|100/100
|
|-heal|p2a: Julia|65/100|[from] item: Leftovers
|upkeep
|turn|25
|
|t:|1758342047
|move|p1a: Cinderace|Will-O-Wisp|p2a: Julia
|-status|p2a: Julia|brn
|move|p2a: Julia|Ruination|p1a: Cinderace
|-damage|p1a: Cinderace|51/100
|
|-heal|p2a: Julia|71/100 brn|[from] item: Leftovers
|-damage|p2a: Julia|65/100 brn|[from] brn
|upkeep
|turn|26
|
|t:|1758342053
|move|p1a: Cinderace|U-turn|p2a: Julia
|-start|p1a: Cinderace|typechange|Bug|[from] ability: Libero
|-supereffective|p2a: Julia
|-damage|p2a: Julia|36/100 brn
|
|t:|1758342056
|switch|p1a: Gliscor|Gliscor, M|100/100 tox|[from] U-turn
|move|p2a: Julia|Earthquake|p1a: Gliscor
|-immune|p1a: Gliscor
|
|-heal|p2a: Julia|43/100 brn|[from] item: Leftovers
|-damage|p2a: Julia|36/100 brn|[from] brn
|upkeep
|turn|27
|
|t:|1758342062
|move|p1a: Gliscor|Facade|p2a: Julia
|-damage|p2a: Julia|24/100 brn
|move|p2a: Julia|Stealth Rock|p1a: Gliscor
|-sidestart|p1: Callooee|move: Stealth Rock
|
|-heal|p2a: Julia|30/100 brn|[from] item: Leftovers
|-damage|p2a: Julia|24/100 brn|[from] brn
|upkeep
|turn|28
|
|t:|1758342068
|move|p1a: Gliscor|Earthquake|p2a: Julia
|-damage|p2a: Julia|10/100 brn
|move|p2a: Julia|Ruination|p1a: Gliscor
|-damage|p1a: Gliscor|50/100 tox
|
|-heal|p2a: Julia|16/100 brn|[from] item: Leftovers
|-heal|p1a: Gliscor|63/100 tox|[from] ability: Poison Heal
|-damage|p2a: Julia|10/100 brn|[from] brn
|upkeep
|turn|29
|
|t:|1758342073
|move|p1a: Gliscor|Protect|p1a: Gliscor
|-singleturn|p1a: Gliscor|Protect
|move|p2a: Julia|Whirlwind|p1a: Gliscor
|drag|p1a: Cinderace|Cinderace, M|51/100
|
|-heal|p2a: Julia|16/100 brn|[from] item: Leftovers
|-damage|p2a: Julia|10/100 brn|[from] brn
|upkeep
|turn|30
|
|t:|1758342080
|switch|p2a: Ni|Corviknight, M|19/100
|-ability|p2a: Ni|Pressure
|move|p1a: Cinderace|Pyro Ball|p2a: Ni
|-supereffective|p2a: Ni
|-damage|p2a: Ni|0 fnt
|faint|p2a: Ni
|
|upkeep
|
|t:|1758342083
|switch|p2a: Kyupumuku|Kyurem|100/100
|-ability|p2a: Kyupumuku|Pressure
|turn|31
|
|t:|1758342089
|move|p1a: Cinderace|Court Change|p1a: Cinderace
|-start|p1a: Cinderace|typechange|Normal|[from] ability: Libero
|-swapsideconditions
|-activate|p1a: Cinderace|move: Court Change
|move|p2a: Kyupumuku|Earth Power|p1a: Cinderace
|-crit|p1a: Cinderace
|-damage|p1a: Cinderace|0 fnt
|faint|p1a: Cinderace
|
|upkeep
|
|t:|1758342095
|switch|p1a: Gliscor|Gliscor, M|63/100 tox
|turn|32
|
|t:|1758342099
|switch|p2a: scored botter?|Gliscor, M|3/100 tox
|-damage|p2a: scored botter?|0 fnt|[from] Stealth Rock
|faint|p2a: scored botter?
|move|p1a: Gliscor|Toxic|p2: scored botter?|[notarget]
|-fail|p1a: Gliscor
|
|-heal|p1a: Gliscor|75/100 tox|[from] ability: Poison Heal
|upkeep
|
|t:|1758342100
|switch|p2a: Kyupumuku|Kyurem|100/100
|-damage|p2a: Kyupumuku|76/100|[from] Stealth Rock
|-ability|p2a: Kyupumuku|Pressure
|turn|33
|
|t:|1758342104
|move|p1a: Gliscor|Protect|p1a: Gliscor
|-singleturn|p1a: Gliscor|Protect
|move|p2a: Kyupumuku|Freeze-Dry|p1a: Gliscor
|-activate|p1a: Gliscor|move: Protect
|
|-heal|p1a: Gliscor|88/100 tox|[from] ability: Poison Heal
|upkeep
|turn|34
|
|t:|1758342110
|move|p2a: Kyupumuku|Freeze-Dry|p1a: Gliscor
|-supereffective|p1a: Gliscor
|-damage|p1a: Gliscor|0 fnt
|faint|p1a: Gliscor
|
|win|Milo Everspring
|raw|Callooee's rating: 1154 &rarr; <strong>1131</strong><br />(-23 for losing)
|raw|Milo Everspring's rating: 1186 &rarr; <strong>1209</strong><br />(+23 for winning)
|l|☆Milo Everspring
|player|p2|
|c|☆Callooee|gg
|l|☆Callooee
|player|p1|
