|j|☆PalworldDX
|j|☆sUwUeeper
|t:|1758301845
|gametype|singles
|player|p1|PalworldDX|palmer|1228
|player|p2|sUwUeeper|miku-ground|1298
|gen|9
|tier|[Gen 9] OU
|rated|
|rule|HP Percentage Mod: HP is shown in percentages
|rule|Endless Battle Clause: Forcing endless battles is banned
|rule|Species Clause: Limit one of each Pokémon
|rule|OHKO Clause: OHKO moves are banned
|rule|Evasion Items Clause: Evasion items are banned
|rule|Evasion Moves Clause: Evasion moves are banned
|rule|Evasion Abilities Clause: Evasion abilities are banned
|rule|Sleep Moves Clause: Sleep-inducing moves are banned
|clearpoke
|poke|p1|Dragapult, M|
|poke|p1|Slowking-Galar, M|
|poke|p1|Cloyster, M|
|poke|p1|Jirachi|
|poke|p1|Umbreon, F|
|poke|p1|Slaking, F|
|poke|p2|Zapdos|
|poke|p2|Samurott-Hisui, M|
|poke|p2|Zamazenta-*|
|poke|p2|Kingambit, F|
|poke|p2|Slowking-Galar, F|
|poke|p2|Iron Treads|
|teampreview
|
|t:|1758301876
|teamsize|p1|6
|teamsize|p2|6
|start
|switch|p1a: Dragapult|Dragapult, M|100/100
|switch|p2a: Samurott|Samurott-Hisui, M|100/100
|turn|1
|inactive|Battle timer is ON: inactive players will automatically lose when time's up. (requested by PalworldDX)
|
|t:|1758301883
|move|p2a: Samurott|Ceaseless Edge|p1a: Dragapult
|-supereffective|p1a: Dragapult
|-damage|p1a: Dragapult|0 fnt
|-sidestart|p1: PalworldDX|Spikes
|faint|p1a: Dragapult
|
|upkeep
|
|t:|1758301899
|switch|p1a: Cloyster|Cloyster, M, shiny|100/100
|-damage|p1a: Cloyster|88/100|[from] Spikes
|turn|2
|
|t:|1758301908
|move|p2a: Samurott|Ceaseless Edge|p1a: Cloyster
|-damage|p1a: Cloyster|47/100
|-sidestart|p1: PalworldDX|Spikes
|move|p1a: Cloyster|Shell Smash|p1a: Cloyster
|-unboost|p1a: Cloyster|def|1
|-unboost|p1a: Cloyster|spd|1
|-boost|p1a: Cloyster|atk|2
|-boost|p1a: Cloyster|spa|2
|-boost|p1a: Cloyster|spe|2
|-enditem|p1a: Cloyster|White Herb
|-clearnegativeboost|p1a: Cloyster|[silent]
|
|upkeep
|turn|3
|
|t:|1758301925
|move|p1a: Cloyster|Rock Blast|p2a: Samurott
|-damage|p2a: Samurott|83/100
|-damage|p2a: Samurott|66/100
|-damage|p2a: Samurott|50/100
|-damage|p2a: Samurott|32/100
|-damage|p2a: Samurott|13/100
|-hitcount|p2a: Samurott|5
|move|p2a: Samurott|Ceaseless Edge|p1a: Cloyster
|-damage|p1a: Cloyster|11/100
|-sidestart|p1: PalworldDX|Spikes
|
|upkeep
|turn|4
|
|t:|1758301939
|move|p1a: Cloyster|Icicle Spear|p2a: Samurott
|-resisted|p2a: Samurott
|-damage|p2a: Samurott|1/100
|-resisted|p2a: Samurott
|-damage|p2a: Samurott|0 fnt
|faint|p2a: Samurott
|-hitcount|p2: Samurott|2
|
|upkeep
|
|t:|1758301948
|switch|p2a: Kingambit|Kingambit, F|100/100
|-activate|p2a: Kingambit|ability: Supreme Overlord
|-start|p2a: Kingambit|fallen1|[silent]
|turn|5
|
|t:|1758301962
|switch|p1a: Slaking|Slaking, F|100/100
|-damage|p1a: Slaking|76/100|[from] Spikes
|move|p2a: Kingambit|Kowtow Cleave|p1a: Slaking
|-damage|p1a: Slaking|33/100
|
|upkeep
|turn|6
|-message|PalworldDX forfeited.
|
|win|sUwUeeper
|raw|PalworldDX's rating: 1228 &rarr; <strong>1208</strong><br />(-20 for losing)
|raw|sUwUeeper's rating: 1298 &rarr; <strong>1318</strong><br />(+20 for winning)
|l|☆PalworldDX
|player|p1|
|l|☆sUwUeeper
|player|p2|
