|j|☆WeR#4Hay!
|j|☆Johnny tots
|t:|1758335502
|gametype|singles
|player|p1|WeR#4Hay!|102|1646
|player|p2|Johnny tots|170|1654
|gen|9
|tier|[Gen 9] OU
|rated|
|rule|HP Percentage Mod: HP is shown in percentages
|rule|Endless Battle Clause: Forcing endless battles is banned
|rule|Species Clause: Limit one of each Pokémon
|rule|OHKO Clause: OHKO moves are banned
|rule|Evasion Items Clause: Evasion items are banned
|rule|Evasion Moves Clause: Evasion moves are banned
|rule|Evasion Abilities Clause: Evasion abilities are banned
|rule|Sleep Moves Clause: Sleep-inducing moves are banned
|clearpoke
|poke|p1|Hydrapple, M|
|poke|p1|Slowking, M|
|poke|p1|Iron Treads|
|poke|p1|Moltres|
|poke|p1|Zamazenta-*|
|poke|p1|Kingambit, F|
|poke|p2|Klefki, F|
|poke|p2|Manaphy|
|poke|p2|Kyurem|
|poke|p2|Cinderace, M|
|poke|p2|Iron Valiant|
|poke|p2|Clefable, F|
|teampreview
|l|☆Johnny tots
|player|p2|
|j|☆Johnny tots
|player|p2|Johnny tots|170|
|inactive|Battle timer is ON: inactive players will automatically lose when time's up. (requested by Johnny tots)
|
|t:|1758335519
|teamsize|p1|6
|teamsize|p2|6
|start
|switch|p1a: Iron Treads|Iron Treads|100/100
|switch|p2a: Klefki|Klefki, F|100/100
|turn|1
|
|t:|1758335524
|move|p2a: Klefki|Reflect|p2a: Klefki
|-sidestart|p2: Johnny tots|Reflect
|move|p1a: Iron Treads|Knock Off|p2a: Klefki
|-resisted|p2a: Klefki
|-damage|p2a: Klefki|95/100
|-enditem|p2a: Klefki|Light Clay|[from] move: Knock Off|[of] p1a: Iron Treads
|
|upkeep
|turn|2
|
|t:|1758335529
|move|p2a: Klefki|Light Screen|p2a: Klefki
|-sidestart|p2: Johnny tots|move: Light Screen
|move|p1a: Iron Treads|Earthquake|p2a: Klefki
|-supereffective|p2a: Klefki
|-damage|p2a: Klefki|67/100
|
|upkeep
|turn|3
|
|t:|1758335537
|switch|p2a: Iron Valiant|Iron Valiant|100/100
|-enditem|p2a: Iron Valiant|Booster Energy
|-activate|p2a: Iron Valiant|ability: Quark Drive|[fromitem]
|-start|p2a: Iron Valiant|quarkdrivespe
|move|p1a: Iron Treads|Earthquake|p2a: Iron Valiant
|-damage|p2a: Iron Valiant|75/100
|
|upkeep
|turn|4
|
|t:|1758335540
|-end|p1a: Iron Treads|Quark Drive|[silent]
|switch|p1a: Moltres|Moltres|100/100
|move|p2a: Iron Valiant|Calm Mind|p2a: Iron Valiant
|-boost|p2a: Iron Valiant|spa|1
|-boost|p2a: Iron Valiant|spd|1
|
|upkeep
|turn|5
|inactive|WeR#4Hay! has 120 seconds left.
|
|t:|1758335592
|-terastallize|p1a: Moltres|Fairy
|move|p2a: Iron Valiant|Moonblast|p1a: Moltres
|-damage|p1a: Moltres|32/100
|move|p1a: Moltres|Roar|p2a: Iron Valiant
|-end|p2a: Iron Valiant|Quark Drive|[silent]
|drag|p2a: Cinderace|Cinderace, M|100/100
|
|upkeep
|turn|6
|
|t:|1758335600
|switch|p1a: Slowking|Slowking, M|100/100
|move|p2a: Cinderace|Pyro Ball|p1a: Slowking
|-resisted|p1a: Slowking
|-damage|p1a: Slowking|70/100
|
|-sideend|p2: Johnny tots|move: Light Screen
|upkeep
|turn|7
|
|t:|1758335604
|switch|p2a: Klefki|Klefki, F|67/100
|move|p1a: Slowking|Thunder Wave|p2a: Klefki
|-status|p2a: Klefki|par
|
|upkeep
|turn|8
|
|t:|1758335609
|switch|p1a: Iron Treads|Iron Treads|100/100
|move|p2a: Klefki|Thunder Wave|p1a: Iron Treads
|-immune|p1a: Iron Treads
|
|-sideend|p2: Johnny tots|Reflect
|upkeep
|turn|9
|
|t:|1758335615
|move|p2a: Klefki|Reflect|p2a: Klefki
|-sidestart|p2: Johnny tots|Reflect
|move|p1a: Iron Treads|Earthquake|p2a: Klefki
|-supereffective|p2a: Klefki
|-damage|p2a: Klefki|38/100 par
|
|upkeep
|turn|10
|
|t:|1758335621
|switch|p2a: Iron Valiant|Iron Valiant|75/100
|move|p1a: Iron Treads|Earthquake|p2a: Iron Valiant
|-damage|p2a: Iron Valiant|49/100
|
|upkeep
|turn|11
|
|t:|1758335636
|move|p2a: Iron Valiant|Calm Mind|p2a: Iron Valiant
|-boost|p2a: Iron Valiant|spa|1
|-boost|p2a: Iron Valiant|spd|1
|move|p1a: Iron Treads|Earthquake|p2a: Iron Valiant
|-damage|p2a: Iron Valiant|25/100
|
|upkeep
|turn|12
|
|t:|1758335640
|move|p2a: Iron Valiant|Aura Sphere|p1a: Iron Treads
|-supereffective|p1a: Iron Treads
|-damage|p1a: Iron Treads|11/100
|move|p1a: Iron Treads|Earthquake|p2a: Iron Valiant
|-damage|p2a: Iron Valiant|2/100
|
|-heal|p1a: Iron Treads|17/100|[from] item: Leftovers
|upkeep
|turn|13
|
|t:|1758335643
|-end|p1a: Iron Treads|Quark Drive|[silent]
|switch|p1a: Slowking|Slowking, M|100/100
|move|p2a: Iron Valiant|Aura Sphere|p1a: Slowking
|-resisted|p1a: Slowking
|-damage|p1a: Slowking|83/100
|
|-sideend|p2: Johnny tots|Reflect
|upkeep
|turn|14
|
|t:|1758335647
|move|p2a: Iron Valiant|Moonblast|p1a: Slowking
|-damage|p1a: Slowking|41/100
|-unboost|p1a: Slowking|spa|1
|move|p1a: Slowking|Scald|p2a: Iron Valiant
|-damage|p2a: Iron Valiant|0 fnt
|faint|p2a: Iron Valiant
|-end|p2a: Iron Valiant|Quark Drive|[silent]
|
|upkeep
|
|t:|1758335650
|switch|p2a: Manaphy|Manaphy|100/100
|turn|15
|
|t:|1758335655
|move|p2a: Manaphy|Take Heart|p2a: Manaphy
|-boost|p2a: Manaphy|spa|1
|-boost|p2a: Manaphy|spd|1
|move|p1a: Slowking|Thunder Wave|p2a: Manaphy
|-status|p2a: Manaphy|par
|
|upkeep
|turn|16
|
|t:|1758335665
|move|p2a: Manaphy|Take Heart|p2a: Manaphy
|-boost|p2a: Manaphy|spa|1
|-boost|p2a: Manaphy|spd|1
|-curestatus|p2a: Manaphy|par|[msg]
|-prepare|p1a: Slowking|Chilly Reception|[premajor]
|move|p1a: Slowking|Chilly Reception|p1a: Slowking
|-weather|Snowscape
|
|t:|1758335678
|switch|p1a: Zamazenta|Zamazenta|100/100|[from] Chilly Reception
|-ability|p1a: Zamazenta|Dauntless Shield|boost
|-boost|p1a: Zamazenta|def|1
|
|-weather|Snowscape|[upkeep]
|upkeep
|turn|17
|
|t:|1758335680
|move|p1a: Zamazenta|Close Combat|p2a: Manaphy
|-damage|p2a: Manaphy|28/100
|-unboost|p1a: Zamazenta|def|1
|-unboost|p1a: Zamazenta|spd|1
|move|p2a: Manaphy|Stored Power|p1a: Zamazenta
|-supereffective|p1a: Zamazenta
|-damage|p1a: Zamazenta|0 fnt
|faint|p1a: Zamazenta
|
|-weather|Snowscape|[upkeep]
|-heal|p2a: Manaphy|34/100|[from] item: Leftovers
|upkeep
|
|t:|1758335687
|switch|p1a: TheTransGambit|Kingambit, F|100/100
|-activate|p1a: TheTransGambit|ability: Supreme Overlord
|-start|p1a: TheTransGambit|fallen1|[silent]
|turn|18
|
|t:|1758335692
|move|p2a: Manaphy|Scald|p1a: TheTransGambit
|-damage|p1a: TheTransGambit|26/100
|move|p1a: TheTransGambit|Kowtow Cleave|p2a: Manaphy
|-damage|p2a: Manaphy|0 fnt
|faint|p2a: Manaphy
|
|-weather|Snowscape|[upkeep]
|-heal|p1a: TheTransGambit|32/100|[from] item: Leftovers
|upkeep
|
|t:|1758335705
|switch|p2a: Cinderace|Cinderace, M|100/100
|turn|19
|
|t:|1758335716
|-end|p1a: TheTransGambit|fallen1|[silent]
|switch|p1a: Slowking|Slowking, M|74/100
|move|p2a: Cinderace|Swords Dance|p2a: Cinderace
|-boost|p2a: Cinderace|atk|2
|
|-weather|Snowscape|[upkeep]
|upkeep
|turn|20
|l|☆Johnny tots
|inactive|Johnny tots disconnected and has a minute to reconnect!
|player|p2|
|j|☆Johnny tots
|inactive|Johnny tots reconnected and has 120 seconds left.
|player|p2|Johnny tots|170|
|
|t:|1758335750
|switch|p1a: Moltres|Moltres, tera:Fairy|32/100
|move|p2a: Cinderace|Pyro Ball|p1a: Moltres
|-damage|p1a: Moltres|0 fnt
|faint|p1a: Moltres
|
|-weather|none
|upkeep
|
|t:|1758335755
|switch|p1a: Slowking|Slowking, M|100/100
|turn|21
|
|t:|1758335760
|move|p2a: Cinderace|Sucker Punch||[still]
|-fail|p2a: Cinderace
|move|p1a: Slowking|Thunder Wave|p2a: Cinderace
|-status|p2a: Cinderace|par
|
|upkeep
|turn|22
|l|☆Johnny tots
|inactive|Johnny tots disconnected and has a minute to reconnect!
|player|p2|
|
|t:|1758335773
|switch|p1a: TheTransGambit|Kingambit, F|32/100
|-activate|p1a: TheTransGambit|ability: Supreme Overlord
|-start|p1a: TheTransGambit|fallen2|[silent]
|move|p2a: Cinderace|Pyro Ball|p1a: TheTransGambit
|-supereffective|p1a: TheTransGambit
|-crit|p1a: TheTransGambit
|-damage|p1a: TheTransGambit|0 fnt
|faint|p1a: TheTransGambit
|-end|p1a: TheTransGambit|fallen2|[silent]
|
|upkeep
|
|t:|1758335778
|switch|p1a: Hydrapple|Hydrapple, M|100/100
|turn|23
|inactive|Johnny tots has 30 seconds to reconnect!
|inactive|Johnny tots has 20 seconds to reconnect!
|inactive|Johnny tots has 15 seconds to reconnect!
|inactive|Johnny tots has 10 seconds to reconnect!
|inactive|Johnny tots has 5 seconds to reconnect!
|-message|Johnny tots lost due to inactivity.
|
|win|WeR#4Hay!
|raw|WeR#4Hay!'s rating: 1646 &rarr; <strong>1666</strong><br />(+20 for winning)
|raw|Johnny tots's rating: 1654 &rarr; <strong>1634</strong><br />(-20 for losing)
|j|☆Johnny tots
|player|p2|Johnny tots|170|
|c|☆Johnny tots|How
|l|☆Johnny tots
|player|p2|
