|j|☆sushuishuisu
|j|☆RomanticM
|t:|1758332886
|gametype|singles
|player|p1|sushuishuisu|266|1073
|player|p2|RomanticM|steven|1050
|gen|9
|tier|[Gen 9] OU
|rated|
|rule|HP Percentage Mod: HP is shown in percentages
|rule|Endless Battle Clause: Forcing endless battles is banned
|rule|Species Clause: Limit one of each Pokémon
|rule|OHKO Clause: OHKO moves are banned
|rule|Evasion Items Clause: Evasion items are banned
|rule|Evasion Moves Clause: Evasion moves are banned
|rule|Evasion Abilities Clause: Evasion abilities are banned
|rule|Sleep Moves Clause: Sleep-inducing moves are banned
|clearpoke
|poke|p1|Milotic, M|
|poke|p1|Blissey, F|
|poke|p1|Serperior, M|
|poke|p1|Alomomola, M|
|poke|p1|Quagsire, F|
|poke|p1|Gliscor, M|
|poke|p2|Dusknoir, F|
|poke|p2|Garchomp, F|
|poke|p2|Empoleon, F|
|poke|p2|Florges-Blue, F|
|poke|p2|Ludicolo, F|
|poke|p2|Haxorus, M|
|teampreview
|
|t:|1758332892
|teamsize|p1|6
|teamsize|p2|6
|start
|switch|p1a: Gliscor|Gliscor, M, shiny|100/100
|switch|p2a: Dusknoir|Dusknoir, F|100/100
|-ability|p2a: Dusknoir|Pressure
|turn|1
|
|t:|1758332900
|move|p1a: Gliscor|Taunt|p2a: Dusknoir
|-start|p2a: Dusknoir|move: Taunt
|move|p2a: Dusknoir|Ice Punch|p1a: Gliscor
|-supereffective|p1a: Gliscor
|-damage|p1a: Gliscor|33/100
|
|-status|p1a: Gliscor|tox|[from] item: Toxic Orb
|upkeep
|turn|2
|
|t:|1758332910
|switch|p1a: Alomomola|Alomomola, M, shiny|100/100
|move|p2a: Dusknoir|Ice Punch|p1a: Alomomola
|-resisted|p1a: Alomomola
|-damage|p1a: Alomomola|94/100
|-status|p1a: Alomomola|frz
|-damage|p2a: Dusknoir|84/100|[from] item: Rocky Helmet|[of] p1a: Alomomola
|
|-heal|p2a: Dusknoir|90/100|[from] item: Leftovers
|upkeep
|turn|3
|
|t:|1758332923
|switch|p2a: Ludicolo|Ludicolo, F|100/100
|cant|p1a: Alomomola|frz
|
|upkeep
|turn|4
|
|t:|1758332933
|switch|p1a: Blissey|Blissey, F, shiny|100/100
|move|p2a: Ludicolo|Giga Drain|p1a: Blissey
|-damage|p1a: Blissey|90/100
|
|upkeep
|turn|5
|
|t:|1758332940
|move|p2a: Ludicolo|Leech Seed|p1a: Blissey
|-start|p1a: Blissey|move: Leech Seed
|move|p1a: Blissey|Thunder Wave|p2a: Ludicolo
|-status|p2a: Ludicolo|par
|
|-damage|p1a: Blissey|77/100|[from] Leech Seed|[of] p2a: Ludicolo
|upkeep
|turn|6
|
|t:|1758332951
|move|p1a: Blissey|Soft-Boiled|p1a: Blissey
|-heal|p1a: Blissey|100/100
|move|p2a: Ludicolo|Surf|p1a: Blissey
|-damage|p1a: Blissey|87/100
|
|-damage|p1a: Blissey|75/100|[from] Leech Seed|[of] p2a: Ludicolo
|upkeep
|turn|7
|
|t:|1758332959
|move|p1a: Blissey|Calm Mind|p1a: Blissey
|-boost|p1a: Blissey|spa|1
|-boost|p1a: Blissey|spd|1
|move|p2a: Ludicolo|Surf|p1a: Blissey
|-damage|p1a: Blissey|66/100
|
|-damage|p1a: Blissey|54/100|[from] Leech Seed|[of] p2a: Ludicolo
|upkeep
|turn|8
|
|t:|1758332969
|switch|p2a: Garchomp|Garchomp, F|100/100
|move|p1a: Blissey|Soft-Boiled|p1a: Blissey
|-heal|p1a: Blissey|100/100
|
|-damage|p1a: Blissey|88/100|[from] Leech Seed|[of] p2a: Garchomp
|upkeep
|turn|9
|
|t:|1758332979
|switch|p1a: Alomomola|Alomomola, M, shiny|100/100 frz
|move|p2a: Garchomp|Earthquake|p1a: Alomomola
|-damage|p1a: Alomomola|76/100 frz
|
|upkeep
|turn|10
|
|t:|1758332987
|move|p2a: Garchomp|Earthquake|p1a: Alomomola
|-damage|p1a: Alomomola|51/100 frz
|-curestatus|p1a: Alomomola|frz|[from] move: Scald
|move|p1a: Alomomola|Scald|p2a: Garchomp
|-damage|p2a: Garchomp|90/100
|-status|p2a: Garchomp|brn
|
|-damage|p2a: Garchomp|84/100 brn|[from] brn
|upkeep
|turn|11
|
|t:|1758332999
|move|p2a: Garchomp|Earthquake|p1a: Alomomola
|-damage|p1a: Alomomola|39/100
|move|p1a: Alomomola|Wish|p1a: Alomomola
|
|-damage|p2a: Garchomp|78/100 brn|[from] brn
|upkeep
|turn|12
|
|t:|1758333008
|move|p2a: Garchomp|Earthquake|p1a: Alomomola
|-damage|p1a: Alomomola|27/100
|move|p1a: Alomomola|Light Screen|p1a: Alomomola
|-sidestart|p1: sushuishuisu|move: Light Screen
|
|-heal|p1a: Alomomola|77/100|[from] move: Wish|[wisher] Alomomola
|-damage|p2a: Garchomp|72/100 brn|[from] brn
|upkeep
|turn|13
|
|t:|1758333017
|move|p2a: Garchomp|Earthquake|p1a: Alomomola
|-damage|p1a: Alomomola|65/100
|move|p1a: Alomomola|Wish|p1a: Alomomola
|
|-damage|p2a: Garchomp|66/100 brn|[from] brn
|upkeep
|turn|14
|
|t:|1758333026
|switch|p2a: Ludicolo|Ludicolo, F|100/100 par
|move|p1a: Alomomola|Flip Turn|p2a: Ludicolo
|-resisted|p2a: Ludicolo
|-damage|p2a: Ludicolo|97/100 par
|
|t:|1758333036
|switch|p1a: Gliscor|Gliscor, M, shiny|33/100 tox|[from] Flip Turn
|
|-heal|p1a: Gliscor|100/100 tox|[from] move: Wish|[wisher] Alomomola
|-heal|p2a: Ludicolo|100/100 par|[from] item: Leftovers
|upkeep
|turn|15
|
|t:|1758333045
|switch|p1a: Blissey|Blissey, F, shiny|88/100
|move|p2a: Ludicolo|Ice Beam|p1a: Blissey
|-damage|p1a: Blissey|83/100
|
|upkeep
|turn|16
|
|t:|1758333053
|move|p1a: Blissey|Calm Mind|p1a: Blissey
|-boost|p1a: Blissey|spa|1
|-boost|p1a: Blissey|spd|1
|cant|p2a: Ludicolo|par
|
|-sideend|p1: sushuishuisu|move: Light Screen
|upkeep
|turn|17
|
|t:|1758333060
|move|p1a: Blissey|Calm Mind|p1a: Blissey
|-boost|p1a: Blissey|spa|1
|-boost|p1a: Blissey|spd|1
|cant|p2a: Ludicolo|par
|
|upkeep
|turn|18
|
|t:|1758333067
|move|p1a: Blissey|Flamethrower|p2a: Ludicolo
|-damage|p2a: Ludicolo|57/100 par
|-damage|p1a: Blissey|73/100|[from] item: Life Orb
|move|p2a: Ludicolo|Leech Seed|p1a: Blissey|[miss]
|-miss|p2a: Ludicolo|p1a: Blissey
|
|-heal|p2a: Ludicolo|63/100 par|[from] item: Leftovers
|upkeep
|turn|19
|
|t:|1758333078
|-terastallize|p2a: Ludicolo|Water
|move|p1a: Blissey|Calm Mind|p1a: Blissey
|-boost|p1a: Blissey|spa|1
|-boost|p1a: Blissey|spd|1
|cant|p2a: Ludicolo|par
|
|-heal|p2a: Ludicolo|69/100 par|[from] item: Leftovers
|upkeep
|turn|20
|
|t:|1758333092
|move|p1a: Blissey|Calm Mind|p1a: Blissey
|-boost|p1a: Blissey|spa|1
|-boost|p1a: Blissey|spd|1
|move|p2a: Ludicolo|Leech Seed|p1a: Blissey|[miss]
|-miss|p2a: Ludicolo|p1a: Blissey
|
|-heal|p2a: Ludicolo|75/100 par|[from] item: Leftovers
|upkeep
|turn|21
|
|t:|1758333101
|move|p1a: Blissey|Calm Mind|p1a: Blissey
|-boost|p1a: Blissey|spa|1
|-boost|p1a: Blissey|spd|1
|move|p2a: Ludicolo|Leech Seed|p1a: Blissey
|-start|p1a: Blissey|move: Leech Seed
|
|-heal|p2a: Ludicolo|81/100 par|[from] item: Leftovers
|-damage|p1a: Blissey|61/100|[from] Leech Seed|[of] p2a: Ludicolo
|-heal|p2a: Ludicolo|100/100 par|[silent]
|upkeep
|turn|22
|
|t:|1758333113
|move|p1a: Blissey|Calm Mind|p1a: Blissey
|-boost|p1a: Blissey|spa|1
|-boost|p1a: Blissey|spd|1
|move|p2a: Ludicolo|Surf|p1a: Blissey
|-damage|p1a: Blissey|56/100
|
|-damage|p1a: Blissey|44/100|[from] Leech Seed|[of] p2a: Ludicolo
|upkeep
|turn|23
|
|t:|1758333122
|move|p1a: Blissey|Soft-Boiled|p1a: Blissey
|-heal|p1a: Blissey|94/100
|move|p2a: Ludicolo|Surf|p1a: Blissey
|-damage|p1a: Blissey|89/100
|
|-damage|p1a: Blissey|77/100|[from] Leech Seed|[of] p2a: Ludicolo
|upkeep
|turn|24
|
|t:|1758333130
|move|p1a: Blissey|Flamethrower|p2a: Ludicolo
|-resisted|p2a: Ludicolo
|-damage|p2a: Ludicolo|53/100 par
|-damage|p1a: Blissey|67/100|[from] item: Life Orb
|cant|p2a: Ludicolo|par
|
|-heal|p2a: Ludicolo|59/100 par|[from] item: Leftovers
|-damage|p1a: Blissey|54/100|[from] Leech Seed|[of] p2a: Ludicolo
|-heal|p2a: Ludicolo|88/100 par|[silent]
|upkeep
|turn|25
|
|t:|1758333141
|move|p1a: Blissey|Flamethrower|p2a: Ludicolo
|-resisted|p2a: Ludicolo
|-damage|p2a: Ludicolo|41/100 par
|-damage|p1a: Blissey|44/100|[from] item: Life Orb
|cant|p2a: Ludicolo|par
|
|-heal|p2a: Ludicolo|47/100 par|[from] item: Leftovers
|-damage|p1a: Blissey|32/100|[from] Leech Seed|[of] p2a: Ludicolo
|-heal|p2a: Ludicolo|76/100 par|[silent]
|upkeep
|turn|26
|
|t:|1758333153
|move|p1a: Blissey|Flamethrower|p2a: Ludicolo
|-resisted|p2a: Ludicolo
|-crit|p2a: Ludicolo
|-damage|p2a: Ludicolo|11/100 par
|-damage|p1a: Blissey|22/100|[from] item: Life Orb
|move|p2a: Ludicolo|Surf|p1a: Blissey
|-damage|p1a: Blissey|17/100
|
|-heal|p2a: Ludicolo|17/100 par|[from] item: Leftovers
|-damage|p1a: Blissey|4/100|[from] Leech Seed|[of] p2a: Ludicolo
|-heal|p2a: Ludicolo|47/100 par|[silent]
|upkeep
|turn|27
|
|t:|1758333166
|switch|p1a: Serperior|Serperior, M, shiny|100/100
|move|p2a: Ludicolo|Surf|p1a: Serperior
|-resisted|p1a: Serperior
|-damage|p1a: Serperior|69/100
|
|-heal|p1a: Serperior|75/100|[from] item: Leftovers
|-heal|p2a: Ludicolo|53/100 par|[from] item: Leftovers
|upkeep
|turn|28
|
|t:|1758333182
|switch|p2a: Dusknoir|Dusknoir, F|90/100
|-ability|p2a: Dusknoir|Pressure
|move|p1a: Serperior|Leaf Storm|p2a: Dusknoir
|-damage|p2a: Dusknoir|44/100
|-boost|p1a: Serperior|spa|2
|
|-heal|p1a: Serperior|81/100|[from] item: Leftovers
|-heal|p2a: Dusknoir|50/100|[from] item: Leftovers
|upkeep
|turn|29
|
|t:|1758333193
|move|p1a: Serperior|Leaf Storm|p2a: Dusknoir
|-damage|p2a: Dusknoir|0 fnt
|-boost|p1a: Serperior|spa|2
|faint|p2a: Dusknoir
|
|-heal|p1a: Serperior|87/100|[from] item: Leftovers
|upkeep
|
|t:|1758333211
|switch|p2a: Florges|Florges-Blue, F|100/100
|turn|30
|
|t:|1758333218
|move|p1a: Serperior|Glare|p2a: Florges
|-status|p2a: Florges|par
|move|p2a: Florges|Pollen Puff|p1a: Serperior
|-supereffective|p1a: Serperior
|-damage|p1a: Serperior|18/100
|
|-heal|p1a: Serperior|24/100|[from] item: Leftovers
|upkeep
|turn|31
|
|t:|1758333231
|-terastallize|p1a: Serperior|Water
|move|p1a: Serperior|Leaf Storm|p2a: Florges
|-damage|p2a: Florges|1/100 par
|-boost|p1a: Serperior|spa|2
|move|p2a: Florges|Pollen Puff|p1a: Serperior
|-damage|p1a: Serperior|0 fnt
|faint|p1a: Serperior
|
|-heal|p2a: Florges|8/100 par|[from] item: Leftovers
|upkeep
|
|t:|1758333250
|switch|p1a: Gliscor|Gliscor, M, shiny|100/100 tox
|turn|32
|
|t:|1758333255
|move|p1a: Gliscor|Knock Off|p2a: Florges
|-resisted|p2a: Florges
|-damage|p2a: Florges|0 fnt
|-enditem|p2a: Florges|Leftovers|[from] move: Knock Off|[of] p1a: Gliscor
|faint|p2a: Florges
|
|upkeep
|
|t:|1758333264
|switch|p2a: Ludicolo|Ludicolo, F, tera:Water|53/100 par
|turn|33
|
|t:|1758333278
|move|p1a: Gliscor|Knock Off|p2a: Ludicolo
|-damage|p2a: Ludicolo|29/100 par
|-enditem|p2a: Ludicolo|Leftovers|[from] move: Knock Off|[of] p1a: Gliscor
|move|p2a: Ludicolo|Giga Drain|p1a: Gliscor
|-damage|p1a: Gliscor|64/100 tox
|-heal|p2a: Ludicolo|51/100 par|[from] drain|[of] p1a: Gliscor
|
|-heal|p1a: Gliscor|76/100 tox|[from] ability: Poison Heal
|upkeep
|turn|34
|
|t:|1758333295
|move|p1a: Gliscor|Toxic Spikes|p2a: Ludicolo
|-sidestart|p2: RomanticM|move: Toxic Spikes
|move|p2a: Ludicolo|Ice Beam|p1a: Gliscor
|-supereffective|p1a: Gliscor
|-damage|p1a: Gliscor|0 fnt
|faint|p1a: Gliscor
|
|upkeep
|
|t:|1758333304
|switch|p1a: Blissey|Blissey, F, shiny|4/100
|turn|35
|
|t:|1758333309
|move|p1a: Blissey|Soft-Boiled|p1a: Blissey
|-heal|p1a: Blissey|54/100
|cant|p2a: Ludicolo|par
|
|upkeep
|turn|36
|
|t:|1758333321
|move|p1a: Blissey|Soft-Boiled|p1a: Blissey
|-heal|p1a: Blissey|100/100
|move|p2a: Ludicolo|Leech Seed|p1a: Blissey
|-start|p1a: Blissey|move: Leech Seed
|
|-damage|p1a: Blissey|88/100|[from] Leech Seed|[of] p2a: Ludicolo
|-heal|p2a: Ludicolo|80/100 par|[silent]
|upkeep
|turn|37
|
|t:|1758333330
|switch|p1a: Milotic|Milotic, M, shiny|100/100
|cant|p2a: Ludicolo|par
|
|-status|p1a: Milotic|brn|[from] item: Flame Orb
|upkeep
|turn|38
|
|t:|1758333341
|move|p1a: Milotic|Whirlpool|p2a: Ludicolo
|-resisted|p2a: Ludicolo
|-damage|p2a: Ludicolo|74/100 par
|-activate|p2a: Ludicolo|move: Whirlpool|[of] p1a: Milotic
|move|p2a: Ludicolo|Giga Drain|p1a: Milotic
|-supereffective|p1a: Milotic
|-damage|p1a: Milotic|59/100 brn
|-heal|p2a: Ludicolo|97/100 par|[from] drain|[of] p1a: Milotic
|
|-damage|p1a: Milotic|53/100 brn|[from] brn
|-damage|p2a: Ludicolo|84/100 par|[from] move: Whirlpool|[partiallytrapped]
|upkeep
|turn|39
|
|t:|1758333355
|switch|p1a: Alomomola|Alomomola, M, shiny|98/100
|cant|p2a: Ludicolo|par
|
|-end|p2a: Ludicolo|Whirlpool|[partiallytrapped]|[silent]
|upkeep
|turn|40
|
|t:|1758333362
|move|p1a: Alomomola|Light Screen|p1a: Alomomola
|-sidestart|p1: sushuishuisu|move: Light Screen
|cant|p2a: Ludicolo|par
|
|upkeep
|turn|41
|
|t:|1758333368
|move|p1a: Alomomola|Wish|p1a: Alomomola
|move|p2a: Ludicolo|Leech Seed|p1a: Alomomola
|-start|p1a: Alomomola|move: Leech Seed
|
|-damage|p1a: Alomomola|85/100|[from] Leech Seed|[of] p2a: Ludicolo
|-heal|p2a: Ludicolo|100/100 par|[silent]
|upkeep
|turn|42
|
|t:|1758333376
|switch|p1a: Milotic|Milotic, M, shiny|53/100 brn
|move|p2a: Ludicolo|Giga Drain|p1a: Milotic
|-supereffective|p1a: Milotic
|-damage|p1a: Milotic|33/100 brn
|
|-heal|p1a: Milotic|100/100 brn|[from] move: Wish|[wisher] Alomomola
|-damage|p1a: Milotic|94/100 brn|[from] brn
|upkeep
|turn|43
|
|t:|1758333388
|move|p1a: Milotic|Whirlpool|p2a: Ludicolo
|-resisted|p2a: Ludicolo
|-damage|p2a: Ludicolo|95/100 par
|-activate|p2a: Ludicolo|move: Whirlpool|[of] p1a: Milotic
|move|p2a: Ludicolo|Giga Drain|p1a: Milotic
|-supereffective|p1a: Milotic
|-damage|p1a: Milotic|74/100 brn
|-heal|p2a: Ludicolo|100/100 par|[from] drain|[of] p1a: Milotic
|
|-damage|p1a: Milotic|68/100 brn|[from] brn
|-damage|p2a: Ludicolo|88/100 par|[from] move: Whirlpool|[partiallytrapped]
|upkeep
|turn|44
|
|t:|1758333401
|move|p1a: Milotic|Scald|p2a: Ludicolo
|-resisted|p2a: Ludicolo
|-damage|p2a: Ludicolo|74/100 par
|move|p2a: Ludicolo|Giga Drain|p1a: Milotic
|-supereffective|p1a: Milotic
|-damage|p1a: Milotic|47/100 brn
|-heal|p2a: Ludicolo|85/100 par|[from] drain|[of] p1a: Milotic
|
|-damage|p1a: Milotic|41/100 brn|[from] brn
|-damage|p2a: Ludicolo|73/100 par|[from] move: Whirlpool|[partiallytrapped]
|-sideend|p1: sushuishuisu|move: Light Screen
|upkeep
|turn|45
|
|t:|1758333414
|switch|p1a: Alomomola|Alomomola, M, shiny|100/100
|cant|p2a: Ludicolo|par
|
|-end|p2a: Ludicolo|Whirlpool|[partiallytrapped]|[silent]
|upkeep
|turn|46
|
|t:|1758333420
|move|p1a: Alomomola|Wish|p1a: Alomomola
|move|p2a: Ludicolo|Giga Drain|p1a: Alomomola
|-supereffective|p1a: Alomomola
|-damage|p1a: Alomomola|28/100
|-heal|p2a: Ludicolo|100/100 par|[from] drain|[of] p1a: Alomomola
|
|upkeep
|turn|47
|
|t:|1758333432
|switch|p1a: Quagsire|Quagsire, F|100/100
|move|p2a: Ludicolo|Giga Drain|p1a: Quagsire
|-supereffective|p1a: Quagsire
|-damage|p1a: Quagsire|0 fnt
|faint|p1a: Quagsire
|
|upkeep
|
|t:|1758333440
|switch|p1a: Blissey|Blissey, F, shiny|88/100
|turn|48
|
|t:|1758333444
|move|p1a: Blissey|Calm Mind|p1a: Blissey
|-boost|p1a: Blissey|spa|1
|-boost|p1a: Blissey|spd|1
|move|p2a: Ludicolo|Leech Seed|p1a: Blissey
|-start|p1a: Blissey|move: Leech Seed
|
|-damage|p1a: Blissey|76/100|[from] Leech Seed|[of] p2a: Ludicolo
|upkeep
|turn|49
|
|t:|1758333451
|move|p1a: Blissey|Calm Mind|p1a: Blissey
|-boost|p1a: Blissey|spa|1
|-boost|p1a: Blissey|spd|1
|move|p2a: Ludicolo|Surf|p1a: Blissey
|-damage|p1a: Blissey|67/100
|
|-damage|p1a: Blissey|54/100|[from] Leech Seed|[of] p2a: Ludicolo
|upkeep
|turn|50
|
|t:|1758333460
|move|p1a: Blissey|Calm Mind|p1a: Blissey
|-boost|p1a: Blissey|spa|1
|-boost|p1a: Blissey|spd|1
|move|p2a: Ludicolo|Surf|p1a: Blissey
|-damage|p1a: Blissey|47/100
|
|-damage|p1a: Blissey|34/100|[from] Leech Seed|[of] p2a: Ludicolo
|upkeep
|turn|51
|
|t:|1758333468
|move|p1a: Blissey|Soft-Boiled|p1a: Blissey
|-heal|p1a: Blissey|84/100
|move|p2a: Ludicolo|Surf|p1a: Blissey
|-damage|p1a: Blissey|77/100
|
|-damage|p1a: Blissey|65/100|[from] Leech Seed|[of] p2a: Ludicolo
|upkeep
|turn|52
|
|t:|1758333479
|switch|p1a: Alomomola|Alomomola, M, shiny|62/100
|move|p2a: Ludicolo|Surf|p1a: Alomomola
|-resisted|p1a: Alomomola
|-crit|p1a: Alomomola
|-damage|p1a: Alomomola|16/100
|
|upkeep
|turn|53
|
|t:|1758333486
|switch|p1a: Blissey|Blissey, F, shiny|65/100
|move|p2a: Ludicolo|Giga Drain|p1a: Blissey
|-damage|p1a: Blissey|53/100
|
|upkeep
|turn|54
|
|t:|1758333493
|switch|p1a: Alomomola|Alomomola, M, shiny|49/100
|move|p2a: Ludicolo|Leech Seed|p1a: Alomomola
|-start|p1a: Alomomola|move: Leech Seed
|
|-damage|p1a: Alomomola|37/100|[from] Leech Seed|[of] p2a: Ludicolo
|upkeep
|turn|55
|
|t:|1758333501
|switch|p1a: Blissey|Blissey, F, shiny|53/100
|move|p2a: Ludicolo|Surf|p1a: Blissey
|-damage|p1a: Blissey|36/100
|
|upkeep
|turn|56
|
|t:|1758333510
|move|p1a: Blissey|Soft-Boiled|p1a: Blissey
|-heal|p1a: Blissey|86/100
|move|p2a: Ludicolo|Leech Seed|p1a: Blissey
|-start|p1a: Blissey|move: Leech Seed
|
|-damage|p1a: Blissey|74/100|[from] Leech Seed|[of] p2a: Ludicolo
|upkeep
|turn|57
|
|t:|1758333518
|switch|p1a: Alomomola|Alomomola, M, shiny|70/100
|move|p2a: Ludicolo|Giga Drain|p1a: Alomomola
|-supereffective|p1a: Alomomola
|-damage|p1a: Alomomola|0 fnt
|faint|p1a: Alomomola
|
|upkeep
|
|t:|1758333526
|switch|p1a: Milotic|Milotic, M, shiny|41/100 brn
|turn|58
|
|t:|1758333530
|move|p1a: Milotic|Recover|p1a: Milotic
|-heal|p1a: Milotic|91/100 brn
|move|p2a: Ludicolo|Giga Drain|p1a: Milotic
|-supereffective|p1a: Milotic
|-damage|p1a: Milotic|54/100 brn
|
|-damage|p1a: Milotic|48/100 brn|[from] brn
|upkeep
|turn|59
|
|t:|1758333539
|switch|p1a: Blissey|Blissey, F, shiny|74/100
|move|p2a: Ludicolo|Giga Drain|p1a: Blissey
|-damage|p1a: Blissey|62/100
|
|upkeep
|turn|60
|
|t:|1758333546
|move|p1a: Blissey|Calm Mind|p1a: Blissey
|-boost|p1a: Blissey|spa|1
|-boost|p1a: Blissey|spd|1
|move|p2a: Ludicolo|Leech Seed|p1a: Blissey
|-start|p1a: Blissey|move: Leech Seed
|
|-damage|p1a: Blissey|49/100|[from] Leech Seed|[of] p2a: Ludicolo
|upkeep
|turn|61
|
|t:|1758333556
|switch|p1a: Milotic|Milotic, M, shiny|48/100 brn
|move|p2a: Ludicolo|Giga Drain|p1a: Milotic
|-supereffective|p1a: Milotic
|-damage|p1a: Milotic|7/100 brn
|
|-damage|p1a: Milotic|0 fnt|[from] brn
|faint|p1a: Milotic
|upkeep
|
|t:|1758333564
|switch|p1a: Blissey|Blissey, F, shiny|49/100
|turn|62
|-message|sushuishuisu forfeited.
|
|win|RomanticM
|raw|sushuishuisu's rating: 1073 &rarr; <strong>1051</strong><br />(-22 for losing)
|raw|RomanticM's rating: 1050 &rarr; <strong>1085</strong><br />(+35 for winning)
|l|☆sushuishuisu
|player|p1|
|l|☆RomanticM
|player|p2|
