|j|☆Natorito
|j|☆xgik
|t:|1758373052
|gametype|singles
|player|p1|Natorito|1|1133
|player|p2|xgik|265|1110
|gen|9
|tier|[Gen 9] OU
|rated|
|rule|HP Percentage Mod: HP is shown in percentages
|rule|Endless Battle Clause: Forcing endless battles is banned
|rule|Species Clause: Limit one of each Pokémon
|rule|OHKO Clause: OHKO moves are banned
|rule|Evasion Items Clause: Evasion items are banned
|rule|Evasion Moves Clause: Evasion moves are banned
|rule|Evasion Abilities Clause: Evasion abilities are banned
|rule|Sleep Moves Clause: Sleep-inducing moves are banned
|clearpoke
|poke|p1|Slowbro-Galar, F|
|poke|p1|Mudsdale, M|
|poke|p1|Malamar, M|
|poke|p1|Hitmonlee, M|
|poke|p1|Rotom-Heat|
|poke|p1|Milotic, F|
|poke|p2|Glimmora, F|
|poke|p2|Dragapult, F|
|poke|p2|Gholdengo|
|poke|p2|Cinderace, M|
|poke|p2|Dondozo, F|
|poke|p2|Great Tusk|
|teampreview
|
|t:|1758373062
|teamsize|p1|6
|teamsize|p2|6
|start
|switch|p1a: Rotom|Rotom-Heat, shiny|100/100
|switch|p2a: Glimmora|Glimmora, F|100/100
|turn|1
|
|t:|1758373071
|move|p1a: Rotom|Volt Switch|p2a: Glimmora
|-damage|p2a: Glimmora|59/100
|
|t:|1758373075
|switch|p1a: Hitmonlee|Hitmonlee, M|100/100|[from] Volt Switch
|move|p2a: Glimmora|Spikes|p1a: Hitmonlee
|-sidestart|p1: Natorito|Spikes
|
|upkeep
|turn|2
|
|t:|1758373086
|move|p2a: Glimmora|Toxic|p1a: Hitmonlee
|-status|p1a: Hitmonlee|tox
|move|p1a: Hitmonlee|Bulk Up|p1a: Hitmonlee
|-boost|p1a: Hitmonlee|atk|1
|-boost|p1a: Hitmonlee|def|1
|
|-damage|p1a: Hitmonlee|94/100 tox|[from] psn
|upkeep
|turn|3
|
|t:|1758373099
|move|p2a: Glimmora|Spiky Shield|p2a: Glimmora
|-singleturn|p2a: Glimmora|move: Protect
|move|p1a: Hitmonlee|Bullet Punch|p2a: Glimmora
|-activate|p2a: Glimmora|move: Protect
|-damage|p1a: Hitmonlee|82/100 tox|[from] Spiky Shield|[of] p2a: Glimmora
|
|-heal|p1a: Hitmonlee|88/100 tox|[from] item: Leftovers
|-damage|p1a: Hitmonlee|75/100 tox|[from] psn
|upkeep
|turn|4
|
|t:|1758373115
|switch|p2a: Dondozo|Dondozo, F|100/100
|move|p1a: Hitmonlee|Brick Break|p2a: Dondozo
|-damage|p2a: Dondozo|86/100
|
|-heal|p1a: Hitmonlee|82/100 tox|[from] item: Leftovers
|-heal|p2a: Dondozo|92/100|[from] item: Leftovers
|-damage|p1a: Hitmonlee|63/100 tox|[from] psn
|upkeep
|turn|5
|
|t:|1758373130
|move|p1a: Hitmonlee|Rapid Spin|p2a: Dondozo
|-damage|p2a: Dondozo|86/100
|-boost|p1a: Hitmonlee|spe|1
|-sideend|p1: Natorito|Spikes|[from] move: Rapid Spin|[of] p1a: Hitmonlee
|move|p2a: Dondozo|Body Press|p1a: Hitmonlee
|-damage|p1a: Hitmonlee|9/100 tox
|
|-heal|p1a: Hitmonlee|15/100 tox|[from] item: Leftovers
|-heal|p2a: Dondozo|92/100|[from] item: Leftovers
|-damage|p1a: Hitmonlee|0 fnt|[from] psn
|faint|p1a: Hitmonlee
|upkeep
|
|t:|1758373156
|switch|p1a: Mudsdale|Mudsdale, M|100/100
|turn|6
|
|t:|1758373160
|move|p1a: Mudsdale|Stealth Rock|p2a: Dondozo
|-sidestart|p2: xgik|move: Stealth Rock
|move|p2a: Dondozo|Liquidation|p1a: Mudsdale
|-supereffective|p1a: Mudsdale
|-damage|p1a: Mudsdale|66/100
|-ability|p1a: Mudsdale|Stamina|boost
|-boost|p1a: Mudsdale|def|1
|
|-heal|p2a: Dondozo|98/100|[from] item: Leftovers
|-heal|p1a: Mudsdale|72/100|[from] item: Leftovers
|upkeep
|turn|7
|
|t:|1758373172
|move|p1a: Mudsdale|Body Press|p2a: Dondozo
|-damage|p2a: Dondozo|86/100
|move|p2a: Dondozo|Body Press|p1a: Mudsdale
|-damage|p1a: Mudsdale|54/100
|-ability|p1a: Mudsdale|Stamina|boost
|-boost|p1a: Mudsdale|def|1
|
|-heal|p1a: Mudsdale|60/100|[from] item: Leftovers
|-heal|p2a: Dondozo|92/100|[from] item: Leftovers
|upkeep
|turn|8
|
|t:|1758373189
|switch|p1a: Milotic|Milotic, F|100/100
|move|p2a: Dondozo|Liquidation|p1a: Milotic
|-resisted|p1a: Milotic
|-damage|p1a: Milotic|90/100
|
|-heal|p1a: Milotic|96/100|[from] item: Leftovers
|-heal|p2a: Dondozo|99/100|[from] item: Leftovers
|upkeep
|turn|9
|
|t:|1758373199
|move|p1a: Milotic|Scald|p2a: Dondozo
|-resisted|p2a: Dondozo
|-damage|p2a: Dondozo|86/100
|-status|p2a: Dondozo|brn
|move|p2a: Dondozo|Body Press|p1a: Milotic
|-damage|p1a: Milotic|86/100
|
|-heal|p1a: Milotic|92/100|[from] item: Leftovers
|-heal|p2a: Dondozo|93/100 brn|[from] item: Leftovers
|-damage|p2a: Dondozo|86/100 brn|[from] brn
|upkeep
|turn|10
|
|t:|1758373219
|switch|p1a: Slowbro|Slowbro-Galar, F|100/100
|switch|p2a: Gholdengo|Gholdengo|100/100
|-damage|p2a: Gholdengo|94/100|[from] Stealth Rock
|
|upkeep
|turn|11
|
|t:|1758373229
|-terastallize|p1a: Slowbro|Normal
|move|p2a: Gholdengo|Thunderbolt|p1a: Slowbro
|-crit|p1a: Slowbro
|-damage|p1a: Slowbro|20/100
|move|p1a: Slowbro|Belly Drum||[still]
|-fail|p1a: Slowbro
|
|upkeep
|turn|12
|-activate|p1a: Slowbro|item: Quick Claw
|
|t:|1758373238
|move|p1a: Slowbro|Liquidation|p2a: Gholdengo
|-damage|p2a: Gholdengo|66/100
|move|p2a: Gholdengo|Thunderbolt|p1a: Slowbro
|-damage|p1a: Slowbro|0 fnt
|faint|p1a: Slowbro
|
|upkeep
|j| Jinghan Yu
|
|t:|1758373248
|switch|p1a: Malamar|Malamar, M|100/100
|turn|13
|l| Jinghan Yu
|
|t:|1758373256
|move|p1a: Malamar|Knock Off|p2a: Gholdengo
|-supereffective|p2a: Gholdengo
|-damage|p2a: Gholdengo|0 fnt
|-enditem|p2a: Gholdengo|Choice Specs|[from] move: Knock Off|[of] p1a: Malamar
|faint|p2a: Gholdengo
|
|upkeep
|
|t:|1758373262
|switch|p2a: Great Tusk|Great Tusk|100/100
|-damage|p2a: Great Tusk|98/100|[from] Stealth Rock
|-enditem|p2a: Great Tusk|Booster Energy
|-activate|p2a: Great Tusk|ability: Protosynthesis|[fromitem]
|-start|p2a: Great Tusk|protosynthesisatk
|turn|14
|
|t:|1758373270
|switch|p1a: Mudsdale|Mudsdale, M|60/100
|move|p2a: Great Tusk|Rapid Spin|p1a: Mudsdale
|-damage|p1a: Mudsdale|46/100
|-boost|p2a: Great Tusk|spe|1
|-ability|p1a: Mudsdale|Stamina|boost
|-boost|p1a: Mudsdale|def|1
|-sideend|p2: xgik|Stealth Rock|[from] move: Rapid Spin|[of] p2a: Great Tusk
|
|-heal|p1a: Mudsdale|52/100|[from] item: Leftovers
|upkeep
|turn|15
|
|t:|1758373287
|move|p2a: Great Tusk|Earthquake|p1a: Mudsdale
|-damage|p1a: Mudsdale|23/100
|-ability|p1a: Mudsdale|Stamina|boost
|-boost|p1a: Mudsdale|def|1
|move|p1a: Mudsdale|Stealth Rock|p2a: Great Tusk
|-sidestart|p2: xgik|move: Stealth Rock
|
|-heal|p1a: Mudsdale|29/100|[from] item: Leftovers
|upkeep
|turn|16
|
|t:|1758373299
|move|p2a: Great Tusk|Rapid Spin|p1a: Mudsdale
|-damage|p1a: Mudsdale|22/100
|-boost|p2a: Great Tusk|spe|1
|-ability|p1a: Mudsdale|Stamina|boost
|-boost|p1a: Mudsdale|def|1
|-sideend|p2: xgik|Stealth Rock|[from] move: Rapid Spin|[of] p2a: Great Tusk
|move|p1a: Mudsdale|Body Press|p2a: Great Tusk
|-damage|p2a: Great Tusk|58/100
|
|-heal|p1a: Mudsdale|28/100|[from] item: Leftovers
|upkeep
|turn|17
|
|t:|1758373311
|move|p2a: Great Tusk|Earthquake|p1a: Mudsdale
|-crit|p1a: Mudsdale
|-damage|p1a: Mudsdale|0 fnt
|faint|p1a: Mudsdale
|
|upkeep
|
|t:|1758373319
|switch|p1a: Malamar|Malamar, M|100/100
|turn|18
|
|t:|1758373325
|move|p2a: Great Tusk|Ice Spinner|p1a: Malamar
|-damage|p1a: Malamar|58/100
|move|p1a: Malamar|Superpower|p2a: Great Tusk
|-damage|p2a: Great Tusk|37/100
|-boost|p1a: Malamar|atk|1
|-boost|p1a: Malamar|def|1
|
|upkeep
|turn|19
|
|t:|1758373334
|move|p2a: Great Tusk|Earthquake|p1a: Malamar
|-damage|p1a: Malamar|8/100
|move|p1a: Malamar|Superpower|p2a: Great Tusk
|-damage|p2a: Great Tusk|10/100
|-boost|p1a: Malamar|atk|1
|-boost|p1a: Malamar|def|1
|
|upkeep
|turn|20
|
|t:|1758373344
|switch|p1a: Rotom|Rotom-Heat, shiny|100/100
|move|p2a: Great Tusk|Earthquake|p1a: Rotom
|-immune|p1a: Rotom|[from] ability: Levitate
|
|upkeep
|turn|21
|
|t:|1758373354
|move|p1a: Rotom|Overheat|p2a: Great Tusk
|-damage|p2a: Great Tusk|0 fnt
|-unboost|p1a: Rotom|spa|2
|faint|p2a: Great Tusk
|-end|p2a: Great Tusk|Protosynthesis|[silent]
|
|upkeep
|
|t:|1758373362
|switch|p2a: Dondozo|Dondozo, F|86/100 brn
|turn|22
|
|t:|1758373368
|switch|p1a: Milotic|Milotic, F|92/100
|move|p2a: Dondozo|Liquidation|p1a: Milotic
|-resisted|p1a: Milotic
|-damage|p1a: Milotic|87/100
|
|-heal|p1a: Milotic|93/100|[from] item: Leftovers
|-heal|p2a: Dondozo|93/100 brn|[from] item: Leftovers
|-damage|p2a: Dondozo|86/100 brn|[from] brn
|upkeep
|turn|23
|
|t:|1758373386
|switch|p2a: Glimmora|Glimmora, F|59/100
|move|p1a: Milotic|Dragon Tail|p2a: Glimmora
|-damage|p2a: Glimmora|48/100
|-activate|p2a: Glimmora|ability: Toxic Debris
|-sidestart|p1: Natorito|move: Toxic Spikes
|drag|p2a: Dondozo|Dondozo, F|86/100 brn
|
|-heal|p1a: Milotic|99/100|[from] item: Leftovers
|-heal|p2a: Dondozo|93/100 brn|[from] item: Leftovers
|-damage|p2a: Dondozo|86/100 brn|[from] brn
|upkeep
|turn|24
|
|t:|1758373401
|move|p2a: Dondozo|Body Press|p1a: Milotic
|-damage|p1a: Milotic|89/100
|move|p1a: Milotic|Dragon Tail|p2a: Dondozo
|-damage|p2a: Dondozo|82/100 brn
|drag|p2a: Dragapult|Dragapult, F|100/100
|
|-heal|p1a: Milotic|95/100|[from] item: Leftovers
|upkeep
|turn|25
|
|t:|1758373418
|move|p2a: Dragapult|Dragon Darts|p1a: Milotic
|-damage|p1a: Milotic|71/100
|-anim|p2a: Dragapult|Dragon Darts|p1a: Milotic
|-damage|p1a: Milotic|44/100
|-damage|p2a: Dragapult|91/100|[from] item: Life Orb
|move|p1a: Milotic|Scald|p2a: Dragapult
|-resisted|p2a: Dragapult
|-damage|p2a: Dragapult|71/100
|
|-heal|p1a: Milotic|50/100|[from] item: Leftovers
|upkeep
|turn|26
|
|t:|1758373431
|move|p2a: Dragapult|Dragon Darts|p1a: Milotic
|-damage|p1a: Milotic|26/100
|-anim|p2a: Dragapult|Dragon Darts|p1a: Milotic
|-damage|p1a: Milotic|1/100
|-damage|p2a: Dragapult|62/100|[from] item: Life Orb
|move|p1a: Milotic|Rest|p1a: Milotic
|-status|p1a: Milotic|slp|[from] move: Rest
|-heal|p1a: Milotic|100/100 slp|[silent]
|
|upkeep
|turn|27
|
|t:|1758373442
|move|p2a: Dragapult|Dragon Dance|p2a: Dragapult
|-boost|p2a: Dragapult|atk|1
|-boost|p2a: Dragapult|spe|1
|cant|p1a: Milotic|slp
|
|upkeep
|turn|28
|
|t:|1758373448
|move|p2a: Dragapult|Dragon Dance|p2a: Dragapult
|-boost|p2a: Dragapult|atk|1
|-boost|p2a: Dragapult|spe|1
|cant|p1a: Milotic|slp
|
|upkeep
|turn|29
|
|t:|1758373456
|move|p2a: Dragapult|Dragon Darts|p1a: Milotic
|-damage|p1a: Milotic|69/100 slp
|-anim|p2a: Dragapult|Dragon Darts|p1a: Milotic
|-damage|p1a: Milotic|36/100 slp
|-damage|p2a: Dragapult|52/100|[from] item: Life Orb
|-curestatus|p1a: Milotic|slp|[msg]
|move|p1a: Milotic|Dragon Tail|p2a: Dragapult
|-supereffective|p2a: Dragapult
|-damage|p2a: Dragapult|27/100
|drag|p2a: Cinderace|Cinderace, M, shiny|100/100
|
|-heal|p1a: Milotic|42/100|[from] item: Leftovers
|upkeep
|turn|30
|
|t:|1758373474
|move|p2a: Cinderace|Acrobatics|p1a: Milotic
|-start|p2a: Cinderace|typechange|Flying|[from] ability: Libero
|-damage|p1a: Milotic|20/100
|move|p1a: Milotic|Scald|p2a: Cinderace
|-damage|p2a: Cinderace|59/100
|
|-heal|p1a: Milotic|26/100|[from] item: Leftovers
|upkeep
|turn|31
|
|t:|1758373488
|move|p2a: Cinderace|U-turn|p1a: Milotic
|-damage|p1a: Milotic|7/100
|
|t:|1758373494
|switch|p2a: Glimmora|Glimmora, F|48/100|[from] U-turn
|move|p1a: Milotic|Rest|p1a: Milotic
|-status|p1a: Milotic|slp|[from] move: Rest
|-heal|p1a: Milotic|100/100 slp|[silent]
|
|upkeep
|turn|32
|
|t:|1758373505
|move|p2a: Glimmora|Toxic||[still]
|-fail|p2a: Glimmora
|cant|p1a: Milotic|slp
|
|upkeep
|turn|33
|
|t:|1758373513
|move|p2a: Glimmora|Spikes|p1a: Milotic
|-sidestart|p1: Natorito|Spikes
|cant|p1a: Milotic|slp
|
|upkeep
|turn|34
|
|t:|1758373519
|move|p2a: Glimmora|Spiky Shield|p2a: Glimmora
|-singleturn|p2a: Glimmora|move: Protect
|-curestatus|p1a: Milotic|slp|[msg]
|move|p1a: Milotic|Scald|p2a: Glimmora
|-activate|p2a: Glimmora|move: Protect
|
|upkeep
|turn|35
|
|t:|1758373528
|switch|p2a: Dondozo|Dondozo, F|82/100 brn
|move|p1a: Milotic|Scald|p2a: Dondozo
|-resisted|p2a: Dondozo
|-damage|p2a: Dondozo|70/100 brn
|
|-heal|p2a: Dondozo|76/100 brn|[from] item: Leftovers
|-damage|p2a: Dondozo|70/100 brn|[from] brn
|upkeep
|turn|36
|
|t:|1758373540
|move|p2a: Dondozo|Body Press|p1a: Milotic
|-damage|p1a: Milotic|90/100
|move|p1a: Milotic|Dragon Tail|p2a: Dondozo
|-damage|p2a: Dondozo|65/100 brn
|drag|p2a: Cinderace|Cinderace, M, shiny|59/100
|
|-heal|p1a: Milotic|96/100|[from] item: Leftovers
|upkeep
|turn|37
|
|t:|1758373550
|move|p2a: Cinderace|U-turn|p1a: Milotic
|-start|p2a: Cinderace|typechange|Bug|[from] ability: Libero
|-damage|p1a: Milotic|68/100
|
|t:|1758373555
|switch|p2a: Dondozo|Dondozo, F|65/100 brn|[from] U-turn
|move|p1a: Milotic|Scald|p2a: Dondozo
|-resisted|p2a: Dondozo
|-damage|p2a: Dondozo|52/100 brn
|
|-heal|p1a: Milotic|74/100|[from] item: Leftovers
|-heal|p2a: Dondozo|58/100 brn|[from] item: Leftovers
|-damage|p2a: Dondozo|52/100 brn|[from] brn
|upkeep
|turn|38
|
|t:|1758373567
|move|p2a: Dondozo|Body Press|p1a: Milotic
|-damage|p1a: Milotic|64/100
|move|p1a: Milotic|Dragon Tail|p2a: Dondozo|[miss]
|-miss|p1a: Milotic|p2a: Dondozo
|
|-heal|p1a: Milotic|70/100|[from] item: Leftovers
|-heal|p2a: Dondozo|58/100 brn|[from] item: Leftovers
|-damage|p2a: Dondozo|52/100 brn|[from] brn
|upkeep
|turn|39
|
|t:|1758373577
|move|p2a: Dondozo|Body Press|p1a: Milotic
|-damage|p1a: Milotic|60/100
|move|p1a: Milotic|Dragon Tail|p2a: Dondozo
|-damage|p2a: Dondozo|48/100 brn
|drag|p2a: Cinderace|Cinderace, M, shiny|59/100
|
|-heal|p1a: Milotic|66/100|[from] item: Leftovers
|upkeep
|turn|40
|
|t:|1758373590
|move|p2a: Cinderace|U-turn|p1a: Milotic
|-start|p2a: Cinderace|typechange|Bug|[from] ability: Libero
|-damage|p1a: Milotic|37/100
|
|t:|1758373598
|switch|p2a: Glimmora|Glimmora, F|48/100|[from] U-turn
|move|p1a: Milotic|Scald|p2a: Glimmora
|-supereffective|p2a: Glimmora
|-damage|p2a: Glimmora|0 fnt
|faint|p2a: Glimmora
|
|-heal|p1a: Milotic|43/100|[from] item: Leftovers
|upkeep
|
|t:|1758373609
|switch|p2a: Dragapult|Dragapult, F|27/100
|turn|41
|
|t:|1758373613
|move|p2a: Dragapult|Dragon Darts|p1a: Milotic
|-damage|p1a: Milotic|18/100
|-anim|p2a: Dragapult|Dragon Darts|p1a: Milotic
|-damage|p1a: Milotic|0 fnt
|faint|p1a: Milotic
|-damage|p2a: Dragapult|17/100|[from] item: Life Orb
|
|upkeep
|
|t:|1758373623
|switch|p1a: Rotom|Rotom-Heat, shiny|100/100
|turn|42
|
|t:|1758373636
|move|p1a: Rotom|Volt Switch|p2a: Dragapult
|-resisted|p2a: Dragapult
|-damage|p2a: Dragapult|0 fnt
|faint|p2a: Dragapult
|
|t:|1758373641
|switch|p1a: Malamar|Malamar, M|8/100|[from] Volt Switch
|-status|p1a: Malamar|psn
|-damage|p1a: Malamar|0 fnt|[from] Spikes
|faint|p1a: Malamar
|
|upkeep
|
|t:|1758373651
|switch|p2a: Cinderace|Cinderace, M, shiny|59/100
|switch|p1a: Rotom|Rotom-Heat, shiny|100/100
|turn|43
|
|t:|1758373672
|move|p1a: Rotom|Volt Switch|p2a: Cinderace
|-damage|p2a: Cinderace|11/100
|move|p2a: Cinderace|Pyro Ball|p1a: Rotom
|-resisted|p1a: Rotom
|-damage|p1a: Rotom|58/100
|
|upkeep
|turn|44
|
|t:|1758373680
|move|p1a: Rotom|Volt Switch|p2a: Cinderace
|-damage|p2a: Cinderace|0 fnt
|faint|p2a: Cinderace
|
|upkeep
|
|t:|1758373686
|switch|p2a: Dondozo|Dondozo, F|48/100 brn
|turn|45
|
|t:|1758373690
|move|p1a: Rotom|Volt Switch|p2a: Dondozo
|-supereffective|p2a: Dondozo
|-damage|p2a: Dondozo|0 fnt
|faint|p2a: Dondozo
|
|win|Natorito
|raw|Natorito's rating: 1133 &rarr; <strong>1156</strong><br />(+23 for winning)
|raw|xgik's rating: 1110 &rarr; <strong>1087</strong><br />(-23 for losing)
|l|☆xgik
|player|p2|
|l|☆Natorito
|player|p1|
