|j|☆FrostBiteGZ
|j|☆Stormy97x
|t:|1758290902
|gametype|singles
|player|p1|FrostBiteGZ|pokekid|1081
|player|p2|Stormy97x|101|1089
|gen|9
|tier|[Gen 9] OU
|rated|
|rule|HP Percentage Mod: HP is shown in percentages
|rule|Endless Battle Clause: Forcing endless battles is banned
|rule|Species Clause: Limit one of each Pokémon
|rule|OHKO Clause: OHKO moves are banned
|rule|Evasion Items Clause: Evasion items are banned
|rule|Evasion Moves Clause: Evasion moves are banned
|rule|Evasion Abilities Clause: Evasion abilities are banned
|rule|Sleep Moves Clause: Sleep-inducing moves are banned
|clearpoke
|poke|p1|Luxray, M|
|poke|p1|Sinistcha|
|poke|p1|Trevenant, F|
|poke|p1|Ribombee, F|
|poke|p1|Glimmora, F|
|poke|p1|Gholdengo|
|poke|p2|Deoxys-Defense|
|poke|p2|Glimmora, F|
|poke|p2|Dragonite, F|
|poke|p2|Tyranitar, F|
|poke|p2|Landorus-Therian, M|
|poke|p2|Blaziken, F|
|teampreview
|
|t:|1758290911
|teamsize|p1|6
|teamsize|p2|6
|start
|switch|p1a: Rose|Glimmora, F, shiny|100/100
|switch|p2a: Glimmora|Glimmora, F|100/100
|-item|p2a: Glimmora|Air Balloon
|turn|1
|
|t:|1758290919
|switch|p2a: Deoxys|Deoxys-Defense|100/100
|-ability|p2a: Deoxys|Pressure
|move|p1a: Rose|Stealth Rock|p2a: Deoxys
|-sidestart|p2: Stormy97x|move: Stealth Rock
|
|upkeep
|turn|2
|
|t:|1758290925
|move|p1a: Rose|Mortal Spin|p2a: Deoxys
|-damage|p2a: Deoxys|96/100
|-status|p2a: Deoxys|psn
|move|p2a: Deoxys|Amnesia|p2a: Deoxys
|-boost|p2a: Deoxys|spd|2
|
|-heal|p2a: Deoxys|100/100 psn|[from] item: Leftovers
|-damage|p2a: Deoxys|88/100 psn|[from] psn
|upkeep
|turn|3
|
|t:|1758290934
|move|p1a: Rose|Spikes|p2a: Deoxys
|-sidestart|p2: Stormy97x|Spikes
|move|p2a: Deoxys|Amnesia|p2a: Deoxys
|-boost|p2a: Deoxys|spd|2
|
|-heal|p2a: Deoxys|94/100 psn|[from] item: Leftovers
|-damage|p2a: Deoxys|82/100 psn|[from] psn
|upkeep
|turn|4
|
|t:|1758290942
|move|p1a: Rose|Spikes|p2a: Deoxys
|-sidestart|p2: Stormy97x|Spikes
|move|p2a: Deoxys|Amnesia|p2a: Deoxys
|-boost|p2a: Deoxys|spd|2
|
|-heal|p2a: Deoxys|88/100 psn|[from] item: Leftovers
|-damage|p2a: Deoxys|75/100 psn|[from] psn
|upkeep
|turn|5
|
|t:|1758290952
|switch|p1a: Gholdengo|Gholdengo|100/100
|-item|p1a: Gholdengo|Air Balloon
|move|p2a: Deoxys|Stored Power|p1a: Gholdengo
|-resisted|p1a: Gholdengo
|-damage|p1a: Gholdengo|86/100
|-enditem|p1a: Gholdengo|Air Balloon
|
|-heal|p2a: Deoxys|82/100 psn|[from] item: Leftovers
|-damage|p2a: Deoxys|69/100 psn|[from] psn
|upkeep
|turn|6
|
|t:|1758290964
|move|p2a: Deoxys|Iron Defense|p2a: Deoxys
|-boost|p2a: Deoxys|def|2
|move|p1a: Gholdengo|Nasty Plot|p1a: Gholdengo
|-boost|p1a: Gholdengo|spa|2
|
|-heal|p2a: Deoxys|75/100 psn|[from] item: Leftovers
|-damage|p2a: Deoxys|63/100 psn|[from] psn
|upkeep
|turn|7
|
|t:|1758290972
|move|p2a: Deoxys|Stored Power|p1a: Gholdengo
|-resisted|p1a: Gholdengo
|-damage|p1a: Gholdengo|64/100
|move|p1a: Gholdengo|Nasty Plot|p1a: Gholdengo
|-boost|p1a: Gholdengo|spa|2
|
|-heal|p2a: Deoxys|69/100 psn|[from] item: Leftovers
|-damage|p2a: Deoxys|57/100 psn|[from] psn
|upkeep
|turn|8
|
|t:|1758290981
|move|p2a: Deoxys|Stored Power|p1a: Gholdengo
|-resisted|p1a: Gholdengo
|-damage|p1a: Gholdengo|46/100
|move|p1a: Gholdengo|Shadow Ball|p2a: Deoxys
|-supereffective|p2a: Deoxys
|-damage|p2a: Deoxys|11/100 psn
|
|-heal|p2a: Deoxys|18/100 psn|[from] item: Leftovers
|-damage|p2a: Deoxys|5/100 psn|[from] psn
|upkeep
|turn|9
|
|t:|1758290991
|move|p2a: Deoxys|Stored Power|p1a: Gholdengo
|-resisted|p1a: Gholdengo
|-damage|p1a: Gholdengo|25/100
|move|p1a: Gholdengo|Shadow Ball|p2a: Deoxys
|-supereffective|p2a: Deoxys
|-damage|p2a: Deoxys|0 fnt
|faint|p2a: Deoxys
|
|upkeep
|
|t:|1758290998
|switch|p2a: Glimmora|Glimmora, F|100/100
|-damage|p2a: Glimmora|88/100|[from] Stealth Rock
|-item|p2a: Glimmora|Air Balloon
|turn|10
|
|t:|1758291007
|move|p2a: Glimmora|Stealth Rock|p1a: Gholdengo
|-sidestart|p1: FrostBiteGZ|move: Stealth Rock
|move|p1a: Gholdengo|Make It Rain|p2a: Glimmora
|-supereffective|p2a: Glimmora
|-damage|p2a: Glimmora|0 fnt
|-unboost|p1a: Gholdengo|spa|1
|-enditem|p2a: Glimmora|Air Balloon
|faint|p2a: Glimmora
|
|upkeep
|
|t:|1758291012
|switch|p2a: Tyranitar|Tyranitar, F|100/100
|-damage|p2a: Tyranitar|88/100|[from] Stealth Rock
|-damage|p2a: Tyranitar|72/100|[from] Spikes
|-weather|Sandstorm|[from] ability: Sand Stream|[of] p2a: Tyranitar
|turn|11
|
|t:|1758291021
|move|p2a: Tyranitar|Crunch|p1a: Gholdengo
|-supereffective|p1a: Gholdengo
|-damage|p1a: Gholdengo|0 fnt
|faint|p1a: Gholdengo
|
|-weather|Sandstorm|[upkeep]
|upkeep
|
|t:|1758291026
|switch|p1a: Rebecca|Ribombee, F, shiny|100/100
|-damage|p1a: Rebecca|76/100|[from] Stealth Rock
|turn|12
|
|t:|1758291051
|move|p1a: Rebecca|Sticky Web|p2a: Tyranitar
|-sidestart|p2: Stormy97x|move: Sticky Web
|move|p2a: Tyranitar|Fire Fang|p1a: Rebecca
|-supereffective|p1a: Rebecca
|-damage|p1a: Rebecca|0 fnt
|faint|p1a: Rebecca
|
|-weather|Sandstorm|[upkeep]
|upkeep
|
|t:|1758291057
|switch|p1a: Rose|Glimmora, F, shiny|100/100
|-damage|p1a: Rose|88/100|[from] Stealth Rock
|turn|13
|
|t:|1758291062
|move|p1a: Rose|Mortal Spin|p2a: Tyranitar
|-resisted|p2a: Tyranitar
|-damage|p2a: Tyranitar|69/100
|-status|p2a: Tyranitar|psn
|-sideend|p1: FrostBiteGZ|Stealth Rock|[from] move: Mortal Spin|[of] p1a: Rose
|move|p2a: Tyranitar|Earthquake|p1a: Rose
|-supereffective|p1a: Rose
|-damage|p1a: Rose|0 fnt
|-activate|p1a: Rose|ability: Toxic Debris
|-sidestart|p2: Stormy97x|move: Toxic Spikes
|faint|p1a: Rose
|
|-weather|Sandstorm|[upkeep]
|-damage|p2a: Tyranitar|56/100 psn|[from] psn
|upkeep
|
|t:|1758291073
|switch|p1a: Da Tree|Trevenant, F|100/100
|turn|14
|
|t:|1758291078
|move|p2a: Tyranitar|Crunch|p1a: Da Tree
|-supereffective|p1a: Da Tree
|-damage|p1a: Da Tree|0 fnt
|faint|p1a: Da Tree
|
|-weather|Sandstorm|[upkeep]
|-damage|p2a: Tyranitar|44/100 psn|[from] psn
|upkeep
|
|t:|1758291085
|switch|p1a: The Alpha Male|Luxray, M, shiny|100/100
|turn|15
|
|t:|1758291088
|move|p1a: The Alpha Male|Protect|p1a: The Alpha Male
|-singleturn|p1a: The Alpha Male|Protect
|move|p2a: Tyranitar|Earthquake|p1a: The Alpha Male
|-activate|p1a: The Alpha Male|move: Protect
|
|-weather|none
|-damage|p2a: Tyranitar|32/100 psn|[from] psn
|-status|p1a: The Alpha Male|brn|[from] item: Flame Orb
|upkeep
|turn|16
|
|t:|1758291098
|-terastallize|p1a: The Alpha Male|Normal
|move|p1a: The Alpha Male|Wild Charge|p2a: Tyranitar
|-damage|p2a: Tyranitar|0 fnt
|faint|p2a: Tyranitar
|-damage|p1a: The Alpha Male|92/100 brn|[from] Recoil
|
|-damage|p1a: The Alpha Male|86/100 brn|[from] brn
|upkeep
|
|t:|1758291104
|switch|p2a: Landorus|Landorus-Therian, M|100/100
|-damage|p2a: Landorus|88/100|[from] Stealth Rock
|-ability|p2a: Landorus|Intimidate|boost
|-unboost|p1a: The Alpha Male|atk|1
|turn|17
|
|t:|1758291114
|move|p2a: Landorus|Brick Break|p1a: The Alpha Male
|-supereffective|p1a: The Alpha Male
|-damage|p1a: The Alpha Male|0 fnt
|faint|p1a: The Alpha Male
|-damage|p2a: Landorus|78/100|[from] item: Life Orb
|
|upkeep
|
|t:|1758291119
|switch|p1a: Teacup|Sinistcha|100/100
|turn|18
|
|t:|1758291125
|move|p2a: Landorus|Bulk Up|p2a: Landorus
|-boost|p2a: Landorus|atk|1
|-boost|p2a: Landorus|def|1
|move|p1a: Teacup|Matcha Gotcha|p2a: Landorus
|-damage|p2a: Landorus|26/100
|
|upkeep
|turn|19
|
|t:|1758291133
|move|p2a: Landorus|Smack Down|p1a: Teacup
|-damage|p1a: Teacup|59/100
|-damage|p2a: Landorus|16/100|[from] item: Life Orb
|move|p1a: Teacup|Nasty Plot|p1a: Teacup
|-boost|p1a: Teacup|spa|2
|
|upkeep
|turn|20
|
|t:|1758291140
|move|p2a: Landorus|Smack Down|p1a: Teacup
|-crit|p1a: Teacup
|-damage|p1a: Teacup|4/100
|-enditem|p1a: Teacup|Sitrus Berry|[eat]
|-heal|p1a: Teacup|29/100|[from] item: Sitrus Berry
|-damage|p2a: Landorus|6/100|[from] item: Life Orb
|move|p1a: Teacup|Matcha Gotcha|p2a: Landorus
|-damage|p2a: Landorus|0 fnt
|-heal|p1a: Teacup|31/100|[from] drain|[of] p2a: Landorus
|faint|p2a: Landorus
|
|upkeep
|
|t:|1758291146
|switch|p2a: Blaziken|Blaziken, F|100/100
|-damage|p2a: Blaziken|88/100|[from] Stealth Rock
|-damage|p2a: Blaziken|72/100|[from] Spikes
|-activate|p2a: Blaziken|move: Sticky Web
|-unboost|p2a: Blaziken|spe|1
|-status|p2a: Blaziken|psn
|turn|21
|
|t:|1758291159
|move|p2a: Blaziken|Detect|p2a: Blaziken
|-singleturn|p2a: Blaziken|Protect
|move|p1a: Teacup|Shadow Ball|p2a: Blaziken
|-activate|p2a: Blaziken|move: Protect
|
|-damage|p2a: Blaziken|59/100 psn|[from] psn
|-ability|p2a: Blaziken|Speed Boost|boost
|-boost|p2a: Blaziken|spe|1
|upkeep
|turn|22
|
|t:|1758291167
|move|p2a: Blaziken|Acrobatics|p1a: Teacup
|-supereffective|p1a: Teacup
|-damage|p1a: Teacup|0 fnt
|faint|p1a: Teacup
|
|win|Stormy97x
|raw|FrostBiteGZ's rating: 1081 &rarr; <strong>1059</strong><br />(-22 for losing)
|raw|Stormy97x's rating: 1089 &rarr; <strong>1115</strong><br />(+26 for winning)
|l|☆FrostBiteGZ
|player|p1|
|l|☆Stormy97x
|player|p2|
