|j|☆Nickthenickthenick
|j|☆undertalethemovie
|t:|1758276591
|gametype|singles
|player|p1|Nickthenickthenick|102|1383
|player|p2|undertalethemovie|n|1310
|gen|9
|tier|[Gen 9] OU
|rated|
|rule|HP Percentage Mod: HP is shown in percentages
|rule|Endless Battle Clause: Forcing endless battles is banned
|rule|Species Clause: Limit one of each Pokémon
|rule|OHKO Clause: OHKO moves are banned
|rule|Evasion Items Clause: Evasion items are banned
|rule|Evasion Moves Clause: Evasion moves are banned
|rule|Evasion Abilities Clause: Evasion abilities are banned
|rule|Sleep Moves Clause: Sleep-inducing moves are banned
|clearpoke
|poke|p1|Torkoal, F|
|poke|p1|Typhlosion-Hisui, M|
|poke|p1|Venusaur, M|
|poke|p1|Alomomola, F|
|poke|p1|Zapdos|
|poke|p1|Great Tusk|
|poke|p2|Clodsire, F|
|poke|p2|Ogerpon-Wellspring, F|
|poke|p2|Zoroark-Hisui, F|
|poke|p2|Zamazenta-*|
|poke|p2|Cinderace, M|
|poke|p2|Deoxys-Speed|
|teampreview
|
|t:|1758276599
|teamsize|p1|6
|teamsize|p2|6
|start
|switch|p1a: Torkoal|Torkoal, F|100/100
|switch|p2a: The Writer|Ogerpon-Wellspring, F|100/100
|-weather|SunnyDay|[from] ability: Drought|[of] p1a: Torkoal
|turn|1
|inactive|Battle timer is ON: inactive players will automatically lose when time's up. (requested by undertalethemovie)
|
|t:|1758276608
|switch|p1a: Zapdos|Zapdos|100/100
|-terastallize|p2a: The Writer|Water
|detailschange|p2a: The Writer|Ogerpon-Wellspring-Tera, F, tera:Water
|-ability|p2a: The Writer|Embody Aspect (Wellspring)|boost
|-boost|p2a: The Writer|spd|1
|move|p2a: The Writer|Ivy Cudgel|p1a: Zapdos|[anim] Ivy Cudgel Water
|-damage|p1a: Zapdos|64/100
|
|-weather|SunnyDay|[upkeep]
|upkeep
|turn|2
|
|t:|1758276620
|move|p2a: The Writer|Ivy Cudgel|p1a: Zapdos|[anim] Ivy Cudgel Water
|-crit|p1a: Zapdos
|-damage|p1a: Zapdos|0 fnt
|faint|p1a: Zapdos
|
|-weather|SunnyDay|[upkeep]
|upkeep
|
|t:|1758276626
|switch|p1a: Venusaur|Venusaur, M|100/100
|turn|3
|
|t:|1758276633
|switch|p2a: Ingerland|Cinderace, M|100/100
|move|p1a: Venusaur|Growth|p1a: Venusaur
|-boost|p1a: Venusaur|atk|2
|-boost|p1a: Venusaur|spa|2
|
|-weather|SunnyDay|[upkeep]
|upkeep
|turn|4
|
|t:|1758276640
|move|p1a: Venusaur|Sludge Bomb|p2a: Ingerland
|-damage|p2a: Ingerland|0 fnt
|faint|p2a: Ingerland
|-damage|p1a: Venusaur|91/100|[from] item: Life Orb
|
|-weather|SunnyDay|[upkeep]
|upkeep
|
|t:|1758276645
|switch|p2a: Mumbo|Clodsire, F|100/100
|-item|p2a: Mumbo|Air Balloon
|turn|5
|
|t:|1758276652
|move|p1a: Venusaur|Giga Drain|p2a: Mumbo
|-damage|p2a: Mumbo|74/100
|-heal|p1a: Venusaur|100/100|[from] drain|[of] p2a: Mumbo
|-enditem|p2a: Mumbo|Air Balloon
|-damage|p1a: Venusaur|91/100|[from] item: Life Orb
|move|p2a: Mumbo|Toxic Spikes|p1a: Venusaur
|-sidestart|p1: Nickthenickthenick|move: Toxic Spikes
|
|-weather|SunnyDay|[upkeep]
|upkeep
|turn|6
|
|t:|1758276660
|move|p1a: Venusaur|Earthquake|p2a: Mumbo
|-supereffective|p2a: Mumbo
|-damage|p2a: Mumbo|14/100
|-damage|p1a: Venusaur|81/100|[from] item: Life Orb
|move|p2a: Mumbo|Toxic Spikes|p1a: Venusaur
|-sidestart|p1: Nickthenickthenick|move: Toxic Spikes
|
|-weather|SunnyDay|[upkeep]
|upkeep
|turn|7
|
|t:|1758276667
|switch|p2a: Mumbo|Clodsire, F|100/100
|-item|p2a: Mumbo|Air Balloon
|move|p1a: Venusaur|Giga Drain|p2a: Mumbo
|-damage|p2a: Mumbo|0 fnt
|-heal|p1a: Venusaur|100/100|[from] drain|[of] p2a: Mumbo
|replace|p2a: Count St. Germain|Zoroark-Hisui, F, shiny
|-end|p2a: Count St. Germain|Illusion
|-enditem|p2a: Count St. Germain|Air Balloon
|faint|p2a: Count St. Germain
|-damage|p1a: Venusaur|91/100|[from] item: Life Orb
|
|-weather|SunnyDay|[upkeep]
|upkeep
|
|t:|1758276674
|switch|p2a: Minami Torishima|Deoxys-Speed|100/100
|-ability|p2a: Minami Torishima|Pressure
|turn|8
|
|t:|1758276690
|-terastallize|p1a: Venusaur|Ground
|move|p1a: Venusaur|Giga Drain|p2a: Minami Torishima
|-damage|p2a: Minami Torishima|0 fnt
|-heal|p1a: Venusaur|100/100|[from] drain|[of] p2a: Minami Torishima
|faint|p2a: Minami Torishima
|-damage|p1a: Venusaur|91/100|[from] item: Life Orb
|
|-weather|none
|upkeep
|
|t:|1758276694
|switch|p2a: The Writer|Ogerpon-Wellspring-Tera, F, tera:Water|100/100
|-ability|p2a: The Writer|Embody Aspect (Wellspring)|boost
|-boost|p2a: The Writer|spd|1
|turn|9
|
|t:|1758276703
|switch|p1a: Torkoal|Torkoal, F|100/100
|-status|p1a: Torkoal|tox
|-weather|SunnyDay|[from] ability: Drought|[of] p1a: Torkoal
|move|p2a: The Writer|Ivy Cudgel|p1a: Torkoal|[anim] Ivy Cudgel Water
|-supereffective|p1a: Torkoal
|-damage|p1a: Torkoal|39/100 tox
|
|-weather|SunnyDay|[upkeep]
|-damage|p1a: Torkoal|33/100 tox|[from] psn
|upkeep
|turn|10
|
|t:|1758276715
|move|p2a: The Writer|Ivy Cudgel|p1a: Torkoal|[anim] Ivy Cudgel Water
|-supereffective|p1a: Torkoal
|-damage|p1a: Torkoal|0 fnt
|faint|p1a: Torkoal
|
|-weather|SunnyDay|[upkeep]
|upkeep
|
|t:|1758276724
|switch|p1a: Typhlosion|Typhlosion-Hisui, M|100/100
|-status|p1a: Typhlosion|tox
|turn|11
|
|t:|1758276732
|switch|p2a: Mumbo|Clodsire, F|14/100
|move|p1a: Typhlosion|Shadow Ball|p2a: Mumbo
|-damage|p2a: Mumbo|0 fnt
|faint|p2a: Mumbo
|
|-weather|SunnyDay|[upkeep]
|-damage|p1a: Typhlosion|95/100 tox|[from] psn
|upkeep
|
|t:|1758276738
|switch|p2a: The Writer|Ogerpon-Wellspring-Tera, F, tera:Water|100/100
|-ability|p2a: The Writer|Embody Aspect (Wellspring)|boost
|-boost|p2a: The Writer|spd|1
|turn|12
|inactive|Nickthenickthenick has 120 seconds left.
|
|t:|1758276784
|move|p1a: Typhlosion|Shadow Ball|p2a: The Writer
|-damage|p2a: The Writer|71/100
|move|p2a: The Writer|Ivy Cudgel|p1a: Typhlosion|[anim] Ivy Cudgel Water
|-supereffective|p1a: Typhlosion
|-damage|p1a: Typhlosion|0 fnt
|faint|p1a: Typhlosion
|
|-weather|SunnyDay|[upkeep]
|upkeep
|
|t:|1758276792
|switch|p1a: Venusaur|Venusaur, M, tera:Ground|91/100
|-status|p1a: Venusaur|tox
|turn|13
|
|t:|1758276796
|move|p1a: Venusaur|Giga Drain|p2a: The Writer
|-supereffective|p2a: The Writer
|-damage|p2a: The Writer|3/100
|-heal|p1a: Venusaur|100/100 tox|[from] drain|[of] p2a: The Writer
|-damage|p1a: Venusaur|91/100 tox|[from] item: Life Orb
|move|p2a: The Writer|Ivy Cudgel|p1a: Venusaur|[anim] Ivy Cudgel Water
|-supereffective|p1a: Venusaur
|-damage|p1a: Venusaur|0 fnt
|faint|p1a: Venusaur
|
|-weather|SunnyDay|[upkeep]
|upkeep
|
|t:|1758276806
|switch|p1a: Alomomola|Alomomola, F|100/100
|turn|14
|
|t:|1758276809
|move|p2a: The Writer|Horn Leech|p1a: Alomomola
|-supereffective|p1a: Alomomola
|-damage|p1a: Alomomola|50/100
|-heal|p2a: The Writer|43/100|[from] drain|[of] p1a: Alomomola
|move|p1a: Alomomola|Scald|p2a: The Writer
|-resisted|p2a: The Writer
|-damage|p2a: The Writer|41/100
|-status|p2a: The Writer|brn
|
|-weather|SunnyDay|[upkeep]
|-damage|p2a: The Writer|35/100 brn|[from] brn
|upkeep
|turn|15
|inactive|Nickthenickthenick has 120 seconds left.
|
|t:|1758276823
|switch|p1a: Great Tusk|Great Tusk|100/100
|-status|p1a: Great Tusk|tox
|-activate|p1a: Great Tusk|ability: Protosynthesis
|-start|p1a: Great Tusk|protosynthesisatk
|move|p2a: The Writer|Horn Leech|p1a: Great Tusk
|-supereffective|p1a: Great Tusk
|-damage|p1a: Great Tusk|68/100 tox
|-heal|p2a: The Writer|55/100 brn|[from] drain|[of] p1a: Great Tusk
|
|-weather|SunnyDay|[upkeep]
|-damage|p1a: Great Tusk|62/100 tox|[from] psn
|-damage|p2a: The Writer|49/100 brn|[from] brn
|upkeep
|turn|16
|inactive|Nickthenickthenick has 120 seconds left.
|
|t:|1758276837
|move|p2a: The Writer|Ivy Cudgel|p1a: Great Tusk|[anim] Ivy Cudgel Water
|-supereffective|p1a: Great Tusk
|-crit|p1a: Great Tusk
|-damage|p1a: Great Tusk|19/100 tox
|move|p1a: Great Tusk|Rapid Spin|p2a: The Writer
|-damage|p2a: The Writer|14/100 brn
|-boost|p1a: Great Tusk|spe|1
|-sideend|p1: Nickthenickthenick|Toxic Spikes|[from] move: Rapid Spin|[of] p1a: Great Tusk
|
|-weather|none
|-end|p1a: Great Tusk|Protosynthesis
|-damage|p1a: Great Tusk|7/100 tox|[from] psn
|-damage|p2a: The Writer|8/100 brn|[from] brn
|upkeep
|turn|17
|inactive|Nickthenickthenick has 120 seconds left.
|
|t:|1758276848
|move|p1a: Great Tusk|Rapid Spin|p2a: The Writer
|-damage|p2a: The Writer|0 fnt
|-boost|p1a: Great Tusk|spe|1
|faint|p2a: The Writer
|detailschange|p2: The Writer|Ogerpon-Wellspring, F|[silent]
|
|-damage|p1a: Great Tusk|0 fnt|[from] psn
|faint|p1a: Great Tusk
|-end|p1a: Great Tusk|Protosynthesis|[silent]
|upkeep
|inactive|Nickthenickthenick has 120 seconds left.
|
|t:|1758276857
|switch|p2a: Pokemon Shield|Zamazenta|100/100
|switch|p1a: Alomomola|Alomomola, F|83/100
|-ability|p2a: Pokemon Shield|Dauntless Shield|boost
|-boost|p2a: Pokemon Shield|def|1
|turn|18
|
|t:|1758276862
|move|p2a: Pokemon Shield|Wild Charge|p1a: Alomomola
|-supereffective|p1a: Alomomola
|-damage|p1a: Alomomola|46/100
|-damage|p2a: Pokemon Shield|87/100|[from] Recoil
|move|p1a: Alomomola|Scald|p2a: Pokemon Shield
|-damage|p2a: Pokemon Shield|74/100
|
|-heal|p2a: Pokemon Shield|80/100|[from] item: Leftovers
|upkeep
|turn|19
|
|t:|1758276872
|move|p2a: Pokemon Shield|Wild Charge|p1a: Alomomola
|-supereffective|p1a: Alomomola
|-damage|p1a: Alomomola|7/100
|-damage|p2a: Pokemon Shield|66/100|[from] Recoil
|move|p1a: Alomomola|Wish|p1a: Alomomola
|
|-heal|p2a: Pokemon Shield|72/100|[from] item: Leftovers
|upkeep
|turn|20
|
|t:|1758276879
|move|p1a: Alomomola|Protect|p1a: Alomomola
|-singleturn|p1a: Alomomola|Protect
|move|p2a: Pokemon Shield|Wild Charge|p1a: Alomomola
|-activate|p1a: Alomomola|move: Protect
|
|-heal|p1a: Alomomola|57/100|[from] move: Wish|[wisher] Alomomola
|-heal|p2a: Pokemon Shield|78/100|[from] item: Leftovers
|upkeep
|turn|21
|
|t:|1758276888
|move|p2a: Pokemon Shield|Wild Charge|p1a: Alomomola
|-supereffective|p1a: Alomomola
|-damage|p1a: Alomomola|21/100
|-damage|p2a: Pokemon Shield|65/100|[from] Recoil
|move|p1a: Alomomola|Wish|p1a: Alomomola
|
|-heal|p2a: Pokemon Shield|71/100|[from] item: Leftovers
|upkeep
|turn|22
|
|t:|1758276895
|move|p1a: Alomomola|Protect|p1a: Alomomola
|-singleturn|p1a: Alomomola|Protect
|move|p2a: Pokemon Shield|Crunch|p1a: Alomomola
|-activate|p1a: Alomomola|move: Protect
|
|-heal|p1a: Alomomola|71/100|[from] move: Wish|[wisher] Alomomola
|-heal|p2a: Pokemon Shield|77/100|[from] item: Leftovers
|upkeep
|turn|23
|
|t:|1758276903
|move|p2a: Pokemon Shield|Wild Charge|p1a: Alomomola
|-supereffective|p1a: Alomomola
|-damage|p1a: Alomomola|30/100
|-damage|p2a: Pokemon Shield|63/100|[from] Recoil
|move|p1a: Alomomola|Wish|p1a: Alomomola
|
|-heal|p2a: Pokemon Shield|69/100|[from] item: Leftovers
|upkeep
|turn|24
|
|t:|1758276911
|move|p1a: Alomomola|Protect|p1a: Alomomola
|-singleturn|p1a: Alomomola|Protect
|move|p2a: Pokemon Shield|Wild Charge|p1a: Alomomola
|-activate|p1a: Alomomola|move: Protect
|
|-heal|p1a: Alomomola|80/100|[from] move: Wish|[wisher] Alomomola
|-heal|p2a: Pokemon Shield|75/100|[from] item: Leftovers
|upkeep
|turn|25
|
|t:|1758276919
|move|p2a: Pokemon Shield|Iron Head|p1a: Alomomola
|-resisted|p1a: Alomomola
|-damage|p1a: Alomomola|72/100
|move|p1a: Alomomola|Scald|p2a: Pokemon Shield
|-damage|p2a: Pokemon Shield|62/100
|
|-heal|p2a: Pokemon Shield|68/100|[from] item: Leftovers
|upkeep
|turn|26
|
|t:|1758276926
|move|p2a: Pokemon Shield|Wild Charge|p1a: Alomomola
|-supereffective|p1a: Alomomola
|-damage|p1a: Alomomola|31/100
|-damage|p2a: Pokemon Shield|54/100|[from] Recoil
|move|p1a: Alomomola|Scald|p2a: Pokemon Shield
|-damage|p2a: Pokemon Shield|41/100
|-status|p2a: Pokemon Shield|brn
|
|-heal|p2a: Pokemon Shield|47/100 brn|[from] item: Leftovers
|-damage|p2a: Pokemon Shield|41/100 brn|[from] brn
|upkeep
|turn|27
|
|t:|1758276937
|move|p2a: Pokemon Shield|Wild Charge|p1a: Alomomola
|-supereffective|p1a: Alomomola
|-damage|p1a: Alomomola|12/100
|-damage|p2a: Pokemon Shield|35/100 brn|[from] Recoil
|move|p1a: Alomomola|Wish|p1a: Alomomola
|
|-heal|p2a: Pokemon Shield|41/100 brn|[from] item: Leftovers
|-damage|p2a: Pokemon Shield|35/100 brn|[from] brn
|upkeep
|turn|28
|
|t:|1758276945
|move|p1a: Alomomola|Protect|p1a: Alomomola
|-singleturn|p1a: Alomomola|Protect
|move|p2a: Pokemon Shield|Iron Head|p1a: Alomomola
|-activate|p1a: Alomomola|move: Protect
|
|-heal|p1a: Alomomola|62/100|[from] move: Wish|[wisher] Alomomola
|-heal|p2a: Pokemon Shield|41/100 brn|[from] item: Leftovers
|-damage|p2a: Pokemon Shield|35/100 brn|[from] brn
|upkeep
|turn|29
|
|t:|1758276955
|move|p2a: Pokemon Shield|Iron Head|p1a: Alomomola
|-resisted|p1a: Alomomola
|-damage|p1a: Alomomola|58/100
|move|p1a: Alomomola|Wish|p1a: Alomomola
|
|-heal|p2a: Pokemon Shield|41/100 brn|[from] item: Leftovers
|-damage|p2a: Pokemon Shield|35/100 brn|[from] brn
|upkeep
|turn|30
|
|t:|1758276961
|move|p2a: Pokemon Shield|Wild Charge|p1a: Alomomola
|-supereffective|p1a: Alomomola
|-damage|p1a: Alomomola|39/100
|-damage|p2a: Pokemon Shield|28/100 brn|[from] Recoil
|move|p1a: Alomomola|Scald|p2a: Pokemon Shield
|-damage|p2a: Pokemon Shield|16/100 brn
|
|-heal|p1a: Alomomola|89/100|[from] move: Wish|[wisher] Alomomola
|-heal|p2a: Pokemon Shield|22/100 brn|[from] item: Leftovers
|-damage|p2a: Pokemon Shield|16/100 brn|[from] brn
|upkeep
|turn|31
|
|t:|1758276976
|move|p2a: Pokemon Shield|Wild Charge|p1a: Alomomola
|-supereffective|p1a: Alomomola
|-damage|p1a: Alomomola|70/100
|-damage|p2a: Pokemon Shield|9/100 brn|[from] Recoil
|move|p1a: Alomomola|Scald|p2a: Pokemon Shield
|-damage|p2a: Pokemon Shield|0 fnt
|faint|p2a: Pokemon Shield
|
|win|Nickthenickthenick
|raw|Nickthenickthenick's rating: 1383 &rarr; <strong>1399</strong><br />(+16 for winning)
|raw|undertalethemovie's rating: 1310 &rarr; <strong>1294</strong><br />(-16 for losing)
|l|☆undertalethemovie
|player|p2|
|l|☆Nickthenickthenick
|player|p1|
