|j|☆Oattumblely
|j|☆GeeskiGotem
|t:|1758256577
|gametype|singles
|player|p1|Oattumblely|rocketgruntf|1452
|player|p2|GeeskiGotem|sage|1406
|gen|9
|tier|[Gen 9] OU
|rated|
|rule|HP Percentage Mod: HP is shown in percentages
|rule|Endless Battle Clause: Forcing endless battles is banned
|rule|Species Clause: Limit one of each Pokémon
|rule|OHKO Clause: OHKO moves are banned
|rule|Evasion Items Clause: Evasion items are banned
|rule|Evasion Moves Clause: Evasion moves are banned
|rule|Evasion Abilities Clause: Evasion abilities are banned
|rule|Sleep Moves Clause: Sleep-inducing moves are banned
|clearpoke
|poke|p1|Pelipper, M|
|poke|p1|Thundurus-Therian, M|
|poke|p1|Walking Wake|
|poke|p1|Weezing-Galar, F|
|poke|p1|Iron Valiant|
|poke|p1|Iron Treads|
|poke|p2|Kingambit, M|
|poke|p2|Toxapex, F|
|poke|p2|Dragapult, M|
|poke|p2|Iron Treads|
|poke|p2|Glimmora, F|
|poke|p2|Hoopa-Unbound|
|teampreview
|inactive|Battle timer is ON: inactive players will automatically lose when time's up. (requested by GeeskiGotem)
|
|t:|1758256585
|teamsize|p1|6
|teamsize|p2|6
|start
|switch|p1a: Pelipper|Pelipper, M|100/100
|switch|p2a: Big Glim|Glimmora, F, shiny|100/100
|-weather|RainDance|[from] ability: Drizzle|[of] p1a: Pelipper
|turn|1
|
|t:|1758256588
|move|p2a: Big Glim|Power Gem|p1a: Pelipper
|-supereffective|p1a: Pelipper
|-damage|p1a: Pelipper|0 fnt
|faint|p1a: Pelipper
|
|-weather|RainDance|[upkeep]
|upkeep
|
|t:|1758256593
|switch|p1a: Walking Wake|Walking Wake|100/100
|turn|2
|
|t:|1758256596
|move|p1a: Walking Wake|Hydro Steam|p2a: Big Glim
|-supereffective|p2a: Big Glim
|-enditem|p2a: Big Glim|Focus Sash
|-damage|p2a: Big Glim|1/100
|move|p2a: Big Glim|Stealth Rock|p1a: Walking Wake
|-sidestart|p1: Oattumblely|move: Stealth Rock
|
|-weather|RainDance|[upkeep]
|upkeep
|turn|3
|
|t:|1758256604
|-end|p1a: Walking Wake|Protosynthesis|[silent]
|switch|p1a: Iron Treads|Iron Treads|100/100
|-damage|p1a: Iron Treads|98/100|[from] Stealth Rock
|-enditem|p1a: Iron Treads|Booster Energy
|-activate|p1a: Iron Treads|ability: Quark Drive|[fromitem]
|-start|p1a: Iron Treads|quarkdrivespe
|move|p2a: Big Glim|Mortal Spin|p1a: Iron Treads
|-immune|p1a: Iron Treads
|
|-weather|RainDance|[upkeep]
|upkeep
|turn|4
|
|t:|1758256612
|switch|p2a: Mecha Bug|Iron Treads|100/100
|move|p1a: Iron Treads|Earthquake|p2a: Mecha Bug
|-supereffective|p2a: Mecha Bug
|-damage|p2a: Mecha Bug|25/100
|
|-weather|RainDance|[upkeep]
|upkeep
|turn|5
|
|t:|1758256617
|-end|p2a: Mecha Bug|Quark Drive|[silent]
|switch|p2a: Big Glim|Glimmora, F, shiny|1/100
|move|p1a: Iron Treads|Stealth Rock|p2a: Big Glim
|-sidestart|p2: GeeskiGotem|move: Stealth Rock
|
|-weather|none
|upkeep
|turn|6
|
|t:|1758256624
|move|p1a: Iron Treads|Rapid Spin|p2a: Big Glim
|-resisted|p2a: Big Glim
|-damage|p2a: Big Glim|0 fnt
|-boost|p1a: Iron Treads|spe|1
|-activate|p2a: Big Glim|ability: Toxic Debris
|-sidestart|p1: Oattumblely|move: Toxic Spikes
|-sideend|p1: Oattumblely|Toxic Spikes|[from] move: Rapid Spin|[of] p1a: Iron Treads
|-sideend|p1: Oattumblely|Stealth Rock|[from] move: Rapid Spin|[of] p1a: Iron Treads
|faint|p2a: Big Glim
|
|upkeep
|
|t:|1758256631
|switch|p2a: Kewchi Lips|Toxapex, F|100/100
|-damage|p2a: Kewchi Lips|88/100|[from] Stealth Rock
|turn|7
|
|t:|1758256634
|move|p1a: Iron Treads|Earthquake|p2a: Kewchi Lips
|-supereffective|p2a: Kewchi Lips
|-damage|p2a: Kewchi Lips|43/100
|move|p2a: Kewchi Lips|Muddy Water|p1a: Iron Treads
|-supereffective|p1a: Iron Treads
|-damage|p1a: Iron Treads|52/100
|-unboost|p1a: Iron Treads|accuracy|1
|
|upkeep
|turn|8
|
|t:|1758256638
|move|p1a: Iron Treads|Earthquake|p2a: Kewchi Lips
|-supereffective|p2a: Kewchi Lips
|-damage|p2a: Kewchi Lips|0 fnt
|faint|p2a: Kewchi Lips
|
|upkeep
|
|t:|1758256650
|switch|p2a: Helping Hands|Hoopa-Unbound|100/100
|-damage|p2a: Helping Hands|88/100|[from] Stealth Rock
|turn|9
|
|t:|1758256665
|move|p1a: Iron Treads|Steel Beam|p2a: Helping Hands|[miss]
|-miss|p1a: Iron Treads|p2a: Helping Hands
|-damage|p1a: Iron Treads|2/100|[from] steelbeam
|move|p2a: Helping Hands|Drain Punch|p1a: Iron Treads
|-supereffective|p1a: Iron Treads
|-damage|p1a: Iron Treads|0 fnt
|-heal|p2a: Helping Hands|89/100|[from] drain|[of] p1a: Iron Treads
|faint|p1a: Iron Treads
|-end|p1a: Iron Treads|Quark Drive|[silent]
|
|upkeep
|
|t:|1758256672
|switch|p1a: Thundurus|Thundurus-Therian, M|100/100
|turn|10
|
|t:|1758256677
|move|p1a: Thundurus|U-turn|p2a: Helping Hands
|-supereffective|p2a: Helping Hands
|-damage|p2a: Helping Hands|21/100
|
|t:|1758256680
|switch|p1a: Weezing|Weezing-Galar, F|100/100|[from] U-turn
|move|p2a: Helping Hands|Future Sight|p1a: Weezing
|-start|p2a: Helping Hands|move: Future Sight
|
|upkeep
|turn|11
|
|t:|1758256687
|move|p2a: Helping Hands|Psychic Noise|p1a: Weezing
|-supereffective|p1a: Weezing
|-damage|p1a: Weezing|18/100
|-start|p1a: Weezing|move: Heal Block
|move|p1a: Weezing|Strange Steam|p2a: Helping Hands
|-supereffective|p2a: Helping Hands
|-damage|p2a: Helping Hands|0 fnt
|faint|p2a: Helping Hands
|
|upkeep
|
|t:|1758256697
|switch|p2a: Mecha Bug|Iron Treads|25/100
|-damage|p2a: Mecha Bug|22/100|[from] Stealth Rock
|turn|12
|
|t:|1758256700
|move|p2a: Mecha Bug|Rapid Spin|p1a: Weezing
|-damage|p1a: Weezing|5/100
|-boost|p2a: Mecha Bug|spe|1
|-sideend|p2: GeeskiGotem|Stealth Rock|[from] move: Rapid Spin|[of] p2a: Mecha Bug
|move|p1a: Weezing|Will-O-Wisp|p2a: Mecha Bug
|-status|p2a: Mecha Bug|brn
|
|-end|p1a: Weezing|move: Future Sight
|-supereffective|p1a: Weezing
|-damage|p1a: Weezing|0 fnt
|faint|p1a: Weezing
|-damage|p2a: Mecha Bug|16/100 brn|[from] brn
|upkeep
|
|t:|1758256712
|switch|p1a: Thundurus|Thundurus-Therian, M|100/100
|turn|13
|
|t:|1758256717
|move|p2a: Mecha Bug|Knock Off|p1a: Thundurus
|-damage|p1a: Thundurus|78/100
|-enditem|p1a: Thundurus|Choice Specs|[from] move: Knock Off|[of] p2a: Mecha Bug
|move|p1a: Thundurus|U-turn|p2a: Mecha Bug
|-resisted|p2a: Mecha Bug
|-damage|p2a: Mecha Bug|9/100 brn
|-damage|p1a: Thundurus|62/100|[from] item: Rocky Helmet|[of] p2a: Mecha Bug
|
|t:|1758256731
|switch|p1a: Iron Valiant|Iron Valiant|100/100|[from] U-turn
|-enditem|p1a: Iron Valiant|Booster Energy
|-activate|p1a: Iron Valiant|ability: Quark Drive|[fromitem]
|-start|p1a: Iron Valiant|quarkdrivespe
|
|-damage|p2a: Mecha Bug|3/100 brn|[from] brn
|upkeep
|turn|14
|
|t:|1758256735
|move|p1a: Iron Valiant|Encore|p2a: Mecha Bug
|-start|p2a: Mecha Bug|Encore
|move|p2a: Mecha Bug|Knock Off|p1a: Iron Valiant
|-resisted|p1a: Iron Valiant
|-damage|p1a: Iron Valiant|97/100
|
|-damage|p2a: Mecha Bug|0 fnt|[from] brn
|faint|p2a: Mecha Bug
|-end|p2a: Mecha Bug|Quark Drive|[silent]
|upkeep
|
|t:|1758256741
|switch|p2a: Goob|Kingambit, M, shiny|100/100
|-activate|p2a: Goob|ability: Supreme Overlord
|-start|p2a: Goob|fallen4|[silent]
|turn|15
|
|t:|1758256760
|-terastallize|p2a: Goob|Bug
|move|p1a: Iron Valiant|Close Combat|p2a: Goob
|-resisted|p2a: Goob
|-damage|p2a: Goob|78/100
|-unboost|p1a: Iron Valiant|def|1
|-unboost|p1a: Iron Valiant|spd|1
|move|p2a: Goob|Iron Head|p1a: Iron Valiant
|-supereffective|p1a: Iron Valiant
|-damage|p1a: Iron Valiant|0 fnt
|faint|p1a: Iron Valiant
|-end|p1a: Iron Valiant|Quark Drive|[silent]
|
|upkeep
|
|t:|1758256768
|switch|p1a: Thundurus|Thundurus-Therian, M|62/100
|turn|16
|
|t:|1758256776
|-end|p2a: Goob|fallen4|[silent]
|switch|p2a: LORD DRACO|Dragapult, M|100/100
|move|p1a: Thundurus|Thunder|p2a: LORD DRACO
|-resisted|p2a: LORD DRACO
|-damage|p2a: LORD DRACO|58/100
|
|upkeep
|turn|17
|
|t:|1758256792
|move|p2a: LORD DRACO|Shadow Ball|p1a: Thundurus
|-damage|p1a: Thundurus|0 fnt
|faint|p1a: Thundurus
|
|upkeep
|-message|Oattumblely forfeited.
|
|win|GeeskiGotem
|raw|Oattumblely's rating: 1452 &rarr; <strong>1429</strong><br />(-23 for losing)
|raw|GeeskiGotem's rating: 1406 &rarr; <strong>1429</strong><br />(+23 for winning)
|l|☆Oattumblely
|player|p1|
|l|☆GeeskiGotem
|player|p2|
