|j|☆PokePlayerBR
|j|☆Pyramid of Bones
|t:|1758294641
|gametype|singles
|player|p1|PokePlayerBR|lucas-gen4pt|1381
|player|p2|Pyramid of Bones|lusamine-nihilego|1445
|gen|9
|tier|[Gen 9] OU
|rated|
|rule|HP Percentage Mod: HP is shown in percentages
|rule|Endless Battle Clause: Forcing endless battles is banned
|rule|Species Clause: Limit one of each Pokémon
|rule|OHKO Clause: OHKO moves are banned
|rule|Evasion Items Clause: Evasion items are banned
|rule|Evasion Moves Clause: Evasion moves are banned
|rule|Evasion Abilities Clause: Evasion abilities are banned
|rule|Sleep Moves Clause: Sleep-inducing moves are banned
|clearpoke
|poke|p1|Clefable, F|
|poke|p1|Dondozo, F|
|poke|p1|Corviknight, F|
|poke|p1|Garganacl, F|
|poke|p1|Raging Bolt|
|poke|p1|Kyurem|
|poke|p2|Pelipper, M|
|poke|p2|Iron Treads|
|poke|p2|Hatterene, F|
|poke|p2|Toxicroak, M|
|poke|p2|Barraskewda, F|
|poke|p2|Zapdos|
|teampreview
|
|t:|1758294655
|teamsize|p1|6
|teamsize|p2|6
|start
|switch|p1a: Sandy & JR|Garganacl, F|100/100
|switch|p2a: Pelipper|Pelipper, M|100/100
|-weather|RainDance|[from] ability: Drizzle|[of] p2a: Pelipper
|turn|1
|
|t:|1758294673
|move|p2a: Pelipper|Surf|p1a: Sandy & JR
|-supereffective|p1a: Sandy & JR
|-damage|p1a: Sandy & JR|43/100
|move|p1a: Sandy & JR|Salt Cure|p2a: Pelipper
|-supereffective|p2a: Pelipper
|-damage|p2a: Pelipper|74/100
|-start|p2a: Pelipper|Salt Cure
|
|-weather|RainDance|[upkeep]
|-heal|p1a: Sandy & JR|49/100|[from] item: Leftovers
|-damage|p2a: Pelipper|49/100|[from] Salt Cure
|upkeep
|turn|2
|
|t:|1758294686
|switch|p2a: Toxicroak|Toxicroak, M|100/100
|-terastallize|p1a: Sandy & JR|Water
|move|p1a: Sandy & JR|Stealth Rock|p2a: Toxicroak
|-sidestart|p2: Pyramid of Bones|move: Stealth Rock
|
|-weather|RainDance|[upkeep]
|-heal|p1a: Sandy & JR|55/100|[from] item: Leftovers
|upkeep
|turn|3
|
|t:|1758294694
|move|p2a: Toxicroak|Encore|p1a: Sandy & JR
|-start|p1a: Sandy & JR|Encore
|move|p1a: Sandy & JR|Stealth Rock||[still]
|-fail|p1a: Sandy & JR
|
|-weather|RainDance|[upkeep]
|-heal|p1a: Sandy & JR|61/100|[from] item: Leftovers
|upkeep
|turn|4
|
|t:|1758294704
|switch|p1a: Night Bird|Corviknight, F, shiny|100/100
|-ability|p1a: Night Bird|Pressure
|move|p2a: Toxicroak|Knock Off|p1a: Night Bird
|-damage|p1a: Night Bird|87/100
|-enditem|p1a: Night Bird|Leftovers|[from] move: Knock Off|[of] p2a: Toxicroak
|
|-weather|RainDance|[upkeep]
|upkeep
|turn|5
|
|t:|1758294717
|switch|p2a: Iron Treads|Iron Treads|100/100
|-damage|p2a: Iron Treads|97/100|[from] Stealth Rock
|move|p1a: Night Bird|Iron Defense|p1a: Night Bird
|-boost|p1a: Night Bird|def|2
|
|-weather|RainDance|[upkeep]
|-heal|p2a: Iron Treads|100/100|[from] item: Leftovers
|upkeep
|turn|6
|
|t:|1758294726
|move|p2a: Iron Treads|Rapid Spin|p1a: Night Bird
|-resisted|p1a: Night Bird
|-damage|p1a: Night Bird|85/100
|-boost|p2a: Iron Treads|spe|1
|-sideend|p2: Pyramid of Bones|Stealth Rock|[from] move: Rapid Spin|[of] p2a: Iron Treads
|move|p1a: Night Bird|Iron Defense|p1a: Night Bird
|-boost|p1a: Night Bird|def|2
|
|-weather|RainDance|[upkeep]
|upkeep
|turn|7
|
|t:|1758294734
|move|p2a: Iron Treads|Volt Switch|p1a: Night Bird
|-supereffective|p1a: Night Bird
|-damage|p1a: Night Bird|64/100
|
|t:|1758294743
|-end|p2a: Iron Treads|Quark Drive|[silent]
|switch|p2a: Zapdos|Zapdos|100/100|[from] Volt Switch
|move|p1a: Night Bird|Body Press|p2a: Zapdos
|-resisted|p2a: Zapdos
|-damage|p2a: Zapdos|49/100
|
|-weather|RainDance|[upkeep]
|upkeep
|turn|8
|
|t:|1758294771
|switch|p1a: Pink Ball|Clefable, F|100/100
|move|p2a: Zapdos|Volt Switch|p1a: Pink Ball
|-damage|p1a: Pink Ball|65/100
|
|t:|1758294785
|switch|p2a: Barraskewda|Barraskewda, F|100/100|[from] Volt Switch
|
|-weather|none
|-heal|p1a: Pink Ball|71/100|[from] item: Leftovers
|upkeep
|turn|9
|
|t:|1758294805
|switch|p1a: Sandy & JR|Garganacl, F, tera:Water|61/100
|move|p2a: Barraskewda|Flip Turn|p1a: Sandy & JR
|-resisted|p1a: Sandy & JR
|-damage|p1a: Sandy & JR|45/100
|
|t:|1758294819
|switch|p2a: Zapdos|Zapdos|49/100|[from] Flip Turn
|
|-heal|p1a: Sandy & JR|51/100|[from] item: Leftovers
|upkeep
|turn|10
|
|t:|1758294829
|switch|p1a: Braquiossauro|Raging Bolt|100/100
|move|p2a: Zapdos|Volt Switch|p1a: Braquiossauro
|-resisted|p1a: Braquiossauro
|-damage|p1a: Braquiossauro|88/100
|l|☆Pyramid of Bones
|player|p2|
|inactive|Battle timer is ON: inactive players will automatically lose when time's up. (requested by PokePlayerBR)
|j|☆Pyramid of Bones
|inactive|Pyramid of Bones reconnected and has 130 seconds left.
|player|p2|Pyramid of Bones|lusamine-nihilego|
|
|t:|1758294893
|switch|p2a: Iron Treads|Iron Treads|100/100|[from] Volt Switch
|
|upkeep
|turn|11
|
|t:|1758294899
|move|p2a: Iron Treads|Stealth Rock|p1a: Braquiossauro
|-sidestart|p1: PokePlayerBR|move: Stealth Rock
|move|p1a: Braquiossauro|Draco Meteor|p2a: Iron Treads
|-resisted|p2a: Iron Treads
|-damage|p2a: Iron Treads|53/100
|-unboost|p1a: Braquiossauro|spa|2
|
|-heal|p2a: Iron Treads|59/100|[from] item: Leftovers
|upkeep
|turn|12
|
|t:|1758294908
|-end|p1a: Braquiossauro|Protosynthesis|[silent]
|switch|p1a: Night Bird|Corviknight, F, shiny|64/100
|-damage|p1a: Night Bird|52/100|[from] Stealth Rock
|-ability|p1a: Night Bird|Pressure
|move|p2a: Iron Treads|Volt Switch|p1a: Night Bird
|-supereffective|p1a: Night Bird
|-crit|p1a: Night Bird
|-damage|p1a: Night Bird|20/100
|
|t:|1758294920
|-end|p2a: Iron Treads|Quark Drive|[silent]
|switch|p2a: Zapdos|Zapdos|49/100|[from] Volt Switch
|
|upkeep
|turn|13
|
|t:|1758294924
|switch|p1a: Pink Ball|Clefable, F|71/100
|-damage|p1a: Pink Ball|59/100|[from] Stealth Rock
|move|p2a: Zapdos|Volt Switch|p1a: Pink Ball
|-damage|p1a: Pink Ball|25/100
|inactive|Pyramid of Bones has 120 seconds left.
|
|t:|1758294955
|switch|p2a: Barraskewda|Barraskewda, F|100/100|[from] Volt Switch
|
|-heal|p1a: Pink Ball|31/100|[from] item: Leftovers
|upkeep
|turn|14
|
|t:|1758294962
|move|p2a: Barraskewda|Flip Turn|p1a: Pink Ball
|-damage|p1a: Pink Ball|0 fnt
|faint|p1a: Pink Ball
|
|t:|1758294966
|switch|p2a: Pelipper|Pelipper, M|49/100|[from] Flip Turn
|-weather|RainDance|[from] ability: Drizzle|[of] p2a: Pelipper
|
|-weather|RainDance|[upkeep]
|upkeep
|inactive|PokePlayerBR has 120 seconds left.
|l|☆PokePlayerBR
|inactive|PokePlayerBR disconnected and has a minute to reconnect!
|player|p1|
|j|☆PokePlayerBR
|inactive|PokePlayerBR reconnected and has 105 seconds left.
|player|p1|PokePlayerBR|lucas-gen4pt|
|
|t:|1758295020
|switch|p1a: Sandy & JR|Garganacl, F, tera:Water|51/100
|-damage|p1a: Sandy & JR|39/100|[from] Stealth Rock
|turn|15
|
|t:|1758295031
|move|p2a: Pelipper|U-turn|p1a: Sandy & JR
|-damage|p1a: Sandy & JR|33/100
|
|t:|1758295034
|switch|p2a: Toxicroak|Toxicroak, M|100/100|[from] U-turn
|move|p1a: Sandy & JR|Salt Cure|p2a: Toxicroak
|-resisted|p2a: Toxicroak
|-damage|p2a: Toxicroak|94/100
|-start|p2a: Toxicroak|Salt Cure
|
|-weather|RainDance|[upkeep]
|-heal|p2a: Toxicroak|100/100|[from] ability: Dry Skin
|-heal|p1a: Sandy & JR|39/100|[from] item: Leftovers
|-damage|p2a: Toxicroak|88/100|[from] Salt Cure
|upkeep
|turn|16
|inactive|PokePlayerBR has 120 seconds left.
|
|t:|1758295050
|move|p2a: Toxicroak|Toxic|p1a: Sandy & JR
|-immune|p1a: Sandy & JR|[from] ability: Purifying Salt
|move|p1a: Sandy & JR|Recover|p1a: Sandy & JR
|-heal|p1a: Sandy & JR|89/100
|
|-weather|RainDance|[upkeep]
|-heal|p2a: Toxicroak|100/100|[from] ability: Dry Skin
|-heal|p1a: Sandy & JR|95/100|[from] item: Leftovers
|-damage|p2a: Toxicroak|88/100|[from] Salt Cure
|upkeep
|turn|17
|inactive|PokePlayerBR has 120 seconds left.
|
|t:|1758295070
|switch|p1a: Night Bird|Corviknight, F, shiny|20/100
|-damage|p1a: Night Bird|8/100|[from] Stealth Rock
|-ability|p1a: Night Bird|Pressure
|move|p2a: Toxicroak|Encore||[still]
|-fail|p2a: Toxicroak
|
|-weather|RainDance|[upkeep]
|-heal|p2a: Toxicroak|100/100|[from] ability: Dry Skin
|-damage|p2a: Toxicroak|88/100|[from] Salt Cure
|upkeep
|turn|18
|inactive|PokePlayerBR has 120 seconds left.
|
|t:|1758295104
|move|p2a: Toxicroak|Drain Punch|p1a: Night Bird
|-damage|p1a: Night Bird|0 fnt
|-heal|p2a: Toxicroak|92/100|[from] drain|[of] p1a: Night Bird
|faint|p1a: Night Bird
|
|-weather|RainDance|[upkeep]
|-heal|p2a: Toxicroak|100/100|[from] ability: Dry Skin
|-damage|p2a: Toxicroak|88/100|[from] Salt Cure
|upkeep
|inactive|PokePlayerBR has 90 seconds left.
|
|t:|1758295115
|switch|p1a: Sandy & JR|Garganacl, F, tera:Water|95/100
|-damage|p1a: Sandy & JR|83/100|[from] Stealth Rock
|turn|19
|
|t:|1758295120
|move|p2a: Toxicroak|Knock Off|p1a: Sandy & JR
|-damage|p1a: Sandy & JR|67/100
|-enditem|p1a: Sandy & JR|Leftovers|[from] move: Knock Off|[of] p2a: Toxicroak
|move|p1a: Sandy & JR|Earthquake|p2a: Toxicroak
|-supereffective|p2a: Toxicroak
|-damage|p2a: Toxicroak|47/100
|
|-weather|RainDance|[upkeep]
|-heal|p2a: Toxicroak|59/100|[from] ability: Dry Skin
|-damage|p2a: Toxicroak|47/100|[from] Salt Cure
|upkeep
|turn|20
|
|t:|1758295134
|move|p2a: Toxicroak|Drain Punch|p1a: Sandy & JR
|-damage|p1a: Sandy & JR|50/100
|-heal|p2a: Toxicroak|56/100|[from] drain|[of] p1a: Sandy & JR
|move|p1a: Sandy & JR|Stealth Rock|p2a: Toxicroak
|-sidestart|p2: Pyramid of Bones|move: Stealth Rock
|
|-weather|RainDance|[upkeep]
|-heal|p2a: Toxicroak|69/100|[from] ability: Dry Skin
|-damage|p2a: Toxicroak|56/100|[from] Salt Cure
|upkeep
|turn|21
|inactive|Pyramid of Bones has 120 seconds left.
|
|t:|1758295190
|switch|p1a: Star|Dondozo, F, shiny|100/100
|-damage|p1a: Star|88/100|[from] Stealth Rock
|move|p2a: Toxicroak|Encore||[still]
|-fail|p2a: Toxicroak
|
|-weather|none
|-heal|p1a: Star|94/100|[from] item: Leftovers
|-damage|p2a: Toxicroak|44/100|[from] Salt Cure
|upkeep
|turn|22
|
|t:|1758295199
|move|p2a: Toxicroak|Drain Punch|p1a: Star
|-damage|p1a: Star|82/100
|-heal|p2a: Toxicroak|52/100|[from] drain|[of] p1a: Star
|move|p1a: Star|Waterfall|p2a: Toxicroak
|-heal|p2a: Toxicroak|77/100|[from] ability: Dry Skin|[of] p1a: Star
|
|-heal|p1a: Star|88/100|[from] item: Leftovers
|-damage|p2a: Toxicroak|65/100|[from] Salt Cure
|upkeep
|turn|23
|c|☆PokePlayerBR|Ops
|
|t:|1758295223
|move|p2a: Toxicroak|Encore|p1a: Star
|-start|p1a: Star|Encore
|move|p1a: Star|Waterfall|p2a: Toxicroak
|-heal|p2a: Toxicroak|89/100|[from] ability: Dry Skin|[of] p1a: Star
|
|-heal|p1a: Star|95/100|[from] item: Leftovers
|-damage|p2a: Toxicroak|77/100|[from] Salt Cure
|upkeep
|turn|24
|
|t:|1758295232
|move|p2a: Toxicroak|Knock Off|p1a: Star
|-damage|p1a: Star|85/100
|-enditem|p1a: Star|Leftovers|[from] move: Knock Off|[of] p2a: Toxicroak
|move|p1a: Star|Waterfall|p2a: Toxicroak
|-heal|p2a: Toxicroak|100/100|[from] ability: Dry Skin|[of] p1a: Star
|
|-damage|p2a: Toxicroak|88/100|[from] Salt Cure
|upkeep
|turn|25
|
|t:|1758295240
|move|p2a: Toxicroak|Toxic|p1a: Star
|-status|p1a: Star|tox
|move|p1a: Star|Waterfall|p2a: Toxicroak
|-heal|p2a: Toxicroak|100/100|[from] ability: Dry Skin|[of] p1a: Star
|
|-damage|p1a: Star|79/100 tox|[from] psn
|-damage|p2a: Toxicroak|88/100|[from] Salt Cure
|-end|p1a: Star|Encore
|upkeep
|turn|26
|
|t:|1758295249
|move|p2a: Toxicroak|Drain Punch|p1a: Star
|-damage|p1a: Star|67/100 tox
|-heal|p2a: Toxicroak|96/100|[from] drain|[of] p1a: Star
|move|p1a: Star|Sleep Talk||[still]
|-fail|p1a: Star
|
|-damage|p1a: Star|55/100 tox|[from] psn
|-damage|p2a: Toxicroak|83/100|[from] Salt Cure
|upkeep
|turn|27
|inactive|PokePlayerBR has 120 seconds left.
|inactive|Pyramid of Bones has 120 seconds left.
|
|t:|1758295259
|move|p2a: Toxicroak|Toxic|p1a: Star
|-fail|p1a: Star|tox
|move|p1a: Star|Rest|p1a: Star
|-status|p1a: Star|slp|[from] move: Rest
|-heal|p1a: Star|100/100 slp|[silent]
|
|-damage|p2a: Toxicroak|71/100|[from] Salt Cure
|upkeep
|turn|28
|
|t:|1758295268
|move|p2a: Toxicroak|Toxic||[still]
|-fail|p2a: Toxicroak
|cant|p1a: Star|slp
|move|p1a: Star|Sleep Talk|p1a: Star
|move|p1a: Star|Curse|p1a: Star|[from] move: Sleep Talk
|-unboost|p1a: Star|spe|1
|-boost|p1a: Star|atk|1
|-boost|p1a: Star|def|1
|
|-damage|p2a: Toxicroak|59/100|[from] Salt Cure
|upkeep
|turn|29
|
|t:|1758295278
|move|p2a: Toxicroak|Drain Punch|p1a: Star
|-damage|p1a: Star|93/100 slp
|-heal|p2a: Toxicroak|64/100|[from] drain|[of] p1a: Star
|cant|p1a: Star|slp
|move|p1a: Star|Sleep Talk|p1a: Star
|move|p1a: Star|Rest||[from] move: Sleep Talk|[still]
|-fail|p1a: Star
|
|-damage|p2a: Toxicroak|52/100|[from] Salt Cure
|upkeep
|turn|30
|
|t:|1758295288
|move|p2a: Toxicroak|Drain Punch|p1a: Star
|-damage|p1a: Star|84/100 slp
|-heal|p2a: Toxicroak|58/100|[from] drain|[of] p1a: Star
|-curestatus|p1a: Star|slp|[msg]
|move|p1a: Star|Sleep Talk||[still]
|-fail|p1a: Star
|
|-damage|p2a: Toxicroak|45/100|[from] Salt Cure
|upkeep
|turn|31
|
|t:|1758295297
|move|p2a: Toxicroak|Encore||[still]
|-fail|p2a: Toxicroak
|move|p1a: Star|Curse|p1a: Star
|-unboost|p1a: Star|spe|1
|-boost|p1a: Star|atk|1
|-boost|p1a: Star|def|1
|
|-damage|p2a: Toxicroak|33/100|[from] Salt Cure
|upkeep
|turn|32
|
|t:|1758295305
|move|p2a: Toxicroak|Encore|p1a: Star
|-start|p1a: Star|Encore
|move|p1a: Star|Curse|p1a: Star
|-unboost|p1a: Star|spe|1
|-boost|p1a: Star|atk|1
|-boost|p1a: Star|def|1
|
|-damage|p2a: Toxicroak|20/100|[from] Salt Cure
|upkeep
|turn|33
|
|t:|1758295312
|move|p2a: Toxicroak|Toxic|p1a: Star
|-status|p1a: Star|tox
|move|p1a: Star|Curse|p1a: Star
|-unboost|p1a: Star|spe|1
|-boost|p1a: Star|atk|1
|-boost|p1a: Star|def|1
|
|-damage|p1a: Star|78/100 tox|[from] psn
|-damage|p2a: Toxicroak|8/100|[from] Salt Cure
|upkeep
|turn|34
|
|t:|1758295321
|switch|p2a: Iron Treads|Iron Treads|59/100
|-damage|p2a: Iron Treads|56/100|[from] Stealth Rock
|move|p1a: Star|Curse|p1a: Star
|-unboost|p1a: Star|spe|1
|-boost|p1a: Star|atk|1
|-boost|p1a: Star|def|1
|
|-heal|p2a: Iron Treads|62/100|[from] item: Leftovers
|-damage|p1a: Star|65/100 tox|[from] psn
|-end|p1a: Star|Encore
|upkeep
|turn|35
|
|t:|1758295339
|switch|p1a: Sandy & JR|Garganacl, F, tera:Water|50/100
|-damage|p1a: Sandy & JR|37/100|[from] Stealth Rock
|move|p2a: Iron Treads|Rapid Spin|p1a: Sandy & JR
|-damage|p1a: Sandy & JR|28/100
|-boost|p2a: Iron Treads|spe|1
|-sideend|p2: Pyramid of Bones|Stealth Rock|[from] move: Rapid Spin|[of] p2a: Iron Treads
|
|-heal|p2a: Iron Treads|68/100|[from] item: Leftovers
|upkeep
|turn|36
|
|t:|1758295348
|move|p2a: Iron Treads|Volt Switch|p1a: Sandy & JR
|-supereffective|p1a: Sandy & JR
|-damage|p1a: Sandy & JR|13/100
|
|t:|1758295354
|-end|p2a: Iron Treads|Quark Drive|[silent]
|switch|p2a: Hatterene|Hatterene, F|100/100|[from] Volt Switch
|move|p1a: Sandy & JR|Recover|p1a: Sandy & JR
|-heal|p1a: Sandy & JR|63/100
|
|upkeep
|turn|37
|
|t:|1758295361
|move|p2a: Hatterene|Psychic Noise|p1a: Sandy & JR
|-damage|p1a: Sandy & JR|39/100
|-start|p1a: Sandy & JR|move: Heal Block
|move|p1a: Sandy & JR|Earthquake|p2a: Hatterene
|-damage|p2a: Hatterene|79/100
|-enditem|p2a: Hatterene|Eject Button
|
|t:|1758295371
|switch|p2a: Zapdos|Zapdos|49/100
|
|upkeep
|turn|38
|
|t:|1758295387
|move|p2a: Zapdos|Volt Switch|p1a: Sandy & JR
|-supereffective|p1a: Sandy & JR
|-damage|p1a: Sandy & JR|0 fnt
|faint|p1a: Sandy & JR
|
|t:|1758295390
|switch|p2a: Pelipper|Pelipper, M|49/100|[from] Volt Switch
|-weather|RainDance|[from] ability: Drizzle|[of] p2a: Pelipper
|
|-weather|RainDance|[upkeep]
|upkeep
|
|t:|1758295397
|switch|p1a: Braquiossauro|Raging Bolt|88/100
|-damage|p1a: Braquiossauro|76/100|[from] Stealth Rock
|turn|39
|
|t:|1758295407
|switch|p2a: Hatterene|Hatterene, F|79/100
|move|p1a: Braquiossauro|Draco Meteor|p2a: Hatterene
|-immune|p2a: Hatterene
|
|-weather|RainDance|[upkeep]
|upkeep
|turn|40
|
|t:|1758295440
|-end|p1a: Braquiossauro|Protosynthesis|[silent]
|switch|p1a: Star|Dondozo, F, shiny|65/100 tox
|-damage|p1a: Star|53/100 tox|[from] Stealth Rock
|switch|p2a: Toxicroak|Toxicroak, M|8/100
|
|-weather|RainDance|[upkeep]
|-heal|p2a: Toxicroak|20/100|[from] ability: Dry Skin
|-damage|p1a: Star|47/100 tox|[from] psn
|upkeep
|turn|41
|inactive|Pyramid of Bones has 120 seconds left.
|
|t:|1758295472
|switch|p2a: Zapdos|Zapdos|49/100
|move|p1a: Star|Rest|p1a: Star
|-status|p1a: Star|slp|[from] move: Rest
|-heal|p1a: Star|100/100 slp|[silent]
|
|-weather|RainDance|[upkeep]
|upkeep
|turn|42
|l|☆Pyramid of Bones
|inactive|Pyramid of Bones disconnected and has a minute to reconnect!
|player|p2|
|j|☆Pyramid of Bones
|inactive|Pyramid of Bones reconnected and has 110 seconds left.
|player|p2|Pyramid of Bones|lusamine-nihilego|
|
|t:|1758295491
|switch|p1a: Braquiossauro|Raging Bolt|76/100
|-damage|p1a: Braquiossauro|63/100|[from] Stealth Rock
|move|p2a: Zapdos|Thunder|p1a: Braquiossauro
|-resisted|p1a: Braquiossauro
|-damage|p1a: Braquiossauro|43/100
|
|-weather|RainDance|[upkeep]
|upkeep
|turn|43
|
|t:|1758295504
|switch|p2a: Iron Treads|Iron Treads|68/100
|move|p1a: Braquiossauro|Thunderbolt|p2a: Iron Treads
|-immune|p2a: Iron Treads
|
|-weather|RainDance|[upkeep]
|-heal|p2a: Iron Treads|75/100|[from] item: Leftovers
|upkeep
|turn|44
|
|t:|1758295525
|-end|p1a: Braquiossauro|Protosynthesis|[silent]
|switch|p1a: Star|Dondozo, F, shiny|100/100 slp
|-damage|p1a: Star|88/100 slp|[from] Stealth Rock
|move|p2a: Iron Treads|Earthquake|p1a: Star
|-damage|p1a: Star|71/100 slp
|
|-weather|RainDance|[upkeep]
|-heal|p2a: Iron Treads|81/100|[from] item: Leftovers
|upkeep
|turn|45
|
|t:|1758295535
|-end|p2a: Iron Treads|Quark Drive|[silent]
|switch|p2a: Toxicroak|Toxicroak, M|20/100
|cant|p1a: Star|slp
|move|p1a: Star|Sleep Talk|p1a: Star
|move|p1a: Star|Rest||[from] move: Sleep Talk|[still]
|-fail|p1a: Star
|
|-weather|none
|upkeep
|turn|46
|
|t:|1758295549
|move|p2a: Toxicroak|Drain Punch|p1a: Star
|-damage|p1a: Star|58/100 slp
|-heal|p2a: Toxicroak|29/100|[from] drain|[of] p1a: Star
|cant|p1a: Star|slp
|
|upkeep
|turn|47
|
|t:|1758295562
|switch|p2a: Pelipper|Pelipper, M|49/100
|-weather|RainDance|[from] ability: Drizzle|[of] p2a: Pelipper
|-curestatus|p1a: Star|slp|[msg]
|move|p1a: Star|Curse|p1a: Star
|-unboost|p1a: Star|spe|1
|-boost|p1a: Star|atk|1
|-boost|p1a: Star|def|1
|
|-weather|RainDance|[upkeep]
|upkeep
|turn|48
|
|t:|1758295573
|switch|p1a: Braquiossauro|Raging Bolt|43/100
|-damage|p1a: Braquiossauro|31/100|[from] Stealth Rock
|move|p2a: Pelipper|U-turn|p1a: Braquiossauro
|-damage|p1a: Braquiossauro|22/100
|
|t:|1758295580
|switch|p2a: Iron Treads|Iron Treads|81/100|[from] U-turn
|
|-weather|RainDance|[upkeep]
|-heal|p2a: Iron Treads|87/100|[from] item: Leftovers
|upkeep
|turn|49
|
|t:|1758295594
|-end|p1a: Braquiossauro|Protosynthesis|[silent]
|switch|p1a: Star|Dondozo, F, shiny|58/100
|-damage|p1a: Star|46/100|[from] Stealth Rock
|move|p2a: Iron Treads|Earthquake|p1a: Star
|-damage|p1a: Star|28/100
|
|-weather|RainDance|[upkeep]
|-heal|p2a: Iron Treads|93/100|[from] item: Leftovers
|upkeep
|turn|50
|inactive|Pyramid of Bones has 120 seconds left.
|
|t:|1758295605
|move|p2a: Iron Treads|Earthquake|p1a: Star
|-damage|p1a: Star|11/100
|move|p1a: Star|Rest|p1a: Star
|-status|p1a: Star|slp|[from] move: Rest
|-heal|p1a: Star|100/100 slp|[silent]
|
|-weather|RainDance|[upkeep]
|-heal|p2a: Iron Treads|99/100|[from] item: Leftovers
|upkeep
|turn|51
|
|t:|1758295613
|move|p2a: Iron Treads|Volt Switch|p1a: Star
|-supereffective|p1a: Star
|-damage|p1a: Star|77/100 slp
|
|t:|1758295617
|-end|p2a: Iron Treads|Quark Drive|[silent]
|switch|p2a: Toxicroak|Toxicroak, M|29/100|[from] Volt Switch
|cant|p1a: Star|slp
|move|p1a: Star|Sleep Talk|p1a: Star
|move|p1a: Star|Waterfall|p2a: Toxicroak|[from] move: Sleep Talk
|-heal|p2a: Toxicroak|54/100|[from] ability: Dry Skin|[of] p1a: Star
|
|-weather|RainDance|[upkeep]
|-heal|p2a: Toxicroak|67/100|[from] ability: Dry Skin
|upkeep
|turn|52
|
|t:|1758295637
|switch|p1a: Dragão|Kyurem|100/100
|-damage|p1a: Dragão|76/100|[from] Stealth Rock
|-ability|p1a: Dragão|Pressure
|move|p2a: Toxicroak|Toxic|p1a: Dragão
|-status|p1a: Dragão|tox
|
|-weather|RainDance|[upkeep]
|-heal|p2a: Toxicroak|79/100|[from] ability: Dry Skin
|-damage|p1a: Dragão|70/100 tox|[from] psn
|upkeep
|turn|53
|
|t:|1758295663
|move|p1a: Dragão|Freeze-Dry|p2a: Toxicroak
|-damage|p2a: Toxicroak|29/100
|move|p2a: Toxicroak|Drain Punch|p1a: Dragão
|-supereffective|p1a: Dragão
|-damage|p1a: Dragão|19/100 tox
|-heal|p2a: Toxicroak|56/100|[from] drain|[of] p1a: Dragão
|
|-weather|RainDance|[upkeep]
|-heal|p2a: Toxicroak|68/100|[from] ability: Dry Skin
|-damage|p1a: Dragão|7/100 tox|[from] psn
|upkeep
|turn|54
|inactive|Pyramid of Bones has 120 seconds left.
|
|t:|1758295695
|move|p1a: Dragão|Freeze-Dry|p2a: Toxicroak
|-damage|p2a: Toxicroak|19/100
|move|p2a: Toxicroak|Drain Punch|p1a: Dragão
|-supereffective|p1a: Dragão
|-damage|p1a: Dragão|0 fnt
|-heal|p2a: Toxicroak|22/100|[from] drain|[of] p1a: Dragão
|faint|p1a: Dragão
|
|-weather|none
|upkeep
|
|t:|1758295704
|switch|p1a: Braquiossauro|Raging Bolt|22/100
|-damage|p1a: Braquiossauro|10/100|[from] Stealth Rock
|turn|55
|
|t:|1758295709
|switch|p2a: Iron Treads|Iron Treads|99/100
|move|p1a: Braquiossauro|Thunderclap||[still]
|-fail|p1a: Braquiossauro
|
|-heal|p2a: Iron Treads|100/100|[from] item: Leftovers
|upkeep
|turn|56
|-message|PokePlayerBR forfeited.
|
|win|Pyramid of Bones
|raw|PokePlayerBR's rating: 1381 &rarr; <strong>1365</strong><br />(-16 for losing)
|raw|Pyramid of Bones's rating: 1445 &rarr; <strong>1461</strong><br />(+16 for winning)
|l|☆PokePlayerBR
|player|p1|
