|j|☆dr dumpster
|j|☆zuzusenpai
|t:|1758232138
|gametype|singles
|player|p1|dr dumpster|170|1203
|player|p2|zuzusenpai|265|1238
|gen|9
|tier|[Gen 9] OU
|rated|
|rule|HP Percentage Mod: HP is shown in percentages
|rule|Endless Battle Clause: Forcing endless battles is banned
|rule|Species Clause: Limit one of each Pokémon
|rule|OHKO Clause: OHKO moves are banned
|rule|Evasion Items Clause: Evasion items are banned
|rule|Evasion Moves Clause: Evasion moves are banned
|rule|Evasion Abilities Clause: Evasion abilities are banned
|rule|Sleep Moves Clause: Sleep-inducing moves are banned
|clearpoke
|poke|p1|Politoed, M|
|poke|p1|Tentacruel, F|
|poke|p1|Basculegion-F, F|
|poke|p1|Poliwrath, F|
|poke|p1|Registeel|
|poke|p1|Thundurus-Therian, M|
|poke|p2|Clefable, F|
|poke|p2|Serperior, F|
|poke|p2|Jolteon, F|
|poke|p2|Salamence, F|
|poke|p2|Garganacl, M|
|poke|p2|Dragonite, F|
|teampreview
|
|t:|1758232149
|teamsize|p1|6
|teamsize|p2|6
|start
|switch|p1a: Politoed|Politoed, M, shiny|100/100
|switch|p2a: Jolteon|Jolteon, F|100/100
|-weather|RainDance|[from] ability: Drizzle|[of] p1a: Politoed
|turn|1
|inactive|Battle timer is ON: inactive players will automatically lose when time's up. (requested by dr dumpster)
|
|t:|1758232159
|switch|p1a: Thundurus|Thundurus-Therian, M|100/100
|move|p2a: Jolteon|Volt Switch|p1a: Thundurus
|-immune|p1a: Thundurus|[from] ability: Volt Absorb
|
|-weather|RainDance|[upkeep]
|-status|p2a: Jolteon|brn|[from] item: Flame Orb
|upkeep
|turn|2
|
|t:|1758232172
|-terastallize|p2a: Jolteon|Ice
|move|p2a: Jolteon|Tera Blast|p1a: Thundurus|[anim] Tera Blast Ice
|-supereffective|p1a: Thundurus
|-damage|p1a: Thundurus|0 fnt
|faint|p1a: Thundurus
|
|-weather|RainDance|[upkeep]
|-damage|p2a: Jolteon|94/100 brn|[from] brn
|upkeep
|
|t:|1758232189
|switch|p1a: Basculegion|Basculegion-F, F|100/100
|turn|3
|
|t:|1758232193
|move|p2a: Jolteon|Volt Switch|p1a: Basculegion
|-supereffective|p1a: Basculegion
|-damage|p1a: Basculegion|20/100
|
|t:|1758232203
|switch|p2a: Clefable|Clefable, F|100/100|[from] Volt Switch
|move|p1a: Basculegion|Surf|p2a: Clefable
|-crit|p2a: Clefable
|-damage|p2a: Clefable|20/100
|-damage|p1a: Basculegion|10/100|[from] item: Life Orb
|
|-weather|RainDance|[upkeep]
|-heal|p2a: Clefable|26/100|[from] item: Leftovers
|upkeep
|turn|4
|
|t:|1758232212
|move|p1a: Basculegion|Surf|p2a: Clefable
|-damage|p2a: Clefable|0 fnt
|faint|p2a: Clefable
|-damage|p1a: Basculegion|0 fnt|[from] item: Life Orb
|faint|p1a: Basculegion
|
|-weather|RainDance|[upkeep]
|upkeep
|
|t:|1758232221
|switch|p1a: Poliwrath|Poliwrath, F|100/100
|switch|p2a: Jolteon|Jolteon, F, tera:Ice|94/100 brn
|turn|5
|
|t:|1758232229
|-terastallize|p1a: Poliwrath|Steel
|move|p2a: Jolteon|Volt Switch|p1a: Poliwrath
|-damage|p1a: Poliwrath|57/100
|
|t:|1758232236
|switch|p2a: Garganacl|Garganacl, M|100/100|[from] Volt Switch
|move|p1a: Poliwrath|Earthquake|p2a: Garganacl
|-supereffective|p2a: Garganacl
|-damage|p2a: Garganacl|56/100
|
|-weather|RainDance|[upkeep]
|-heal|p2a: Garganacl|62/100|[from] item: Leftovers
|upkeep
|turn|6
|
|t:|1758232253
|switch|p1a: Politoed|Politoed, M, shiny|100/100
|move|p2a: Garganacl|Salt Cure|p1a: Politoed
|-damage|p1a: Politoed|86/100
|-start|p1a: Politoed|Salt Cure
|
|-weather|RainDance|[upkeep]
|-heal|p2a: Garganacl|68/100|[from] item: Leftovers
|-damage|p1a: Politoed|61/100|[from] Salt Cure
|upkeep
|turn|7
|
|t:|1758232259
|move|p1a: Politoed|Weather Ball|p2a: Garganacl
|-supereffective|p2a: Garganacl
|-damage|p2a: Garganacl|0 fnt
|faint|p2a: Garganacl
|
|-weather|RainDance|[upkeep]
|-damage|p1a: Politoed|36/100|[from] Salt Cure
|upkeep
|
|t:|1758232263
|switch|p2a: Salamence|Salamence, F|100/100
|turn|8
|
|t:|1758232267
|switch|p1a: Registeel|Registeel|100/100
|move|p2a: Salamence|Outrage|p1a: Registeel
|-resisted|p1a: Registeel
|-damage|p1a: Registeel|82/100
|
|-weather|none
|upkeep
|turn|9
|
|t:|1758232271
|move|p2a: Salamence|Outrage|p1a: Registeel|[from] lockedmove
|-resisted|p1a: Registeel
|-damage|p1a: Registeel|61/100
|-start|p2a: Salamence|confusion|[fatigue]
|move|p1a: Registeel|Thunder Wave|p2a: Salamence
|-status|p2a: Salamence|par
|
|upkeep
|turn|10
|
|t:|1758232281
|switch|p2a: Dragonite|Dragonite, F|100/100
|move|p1a: Registeel|Iron Defense|p1a: Registeel
|-boost|p1a: Registeel|def|2
|
|upkeep
|turn|11
|
|t:|1758232287
|move|p2a: Dragonite|Earthquake|p1a: Registeel
|-supereffective|p1a: Registeel
|-damage|p1a: Registeel|41/100
|move|p1a: Registeel|Thunder Wave|p2a: Dragonite
|-status|p2a: Dragonite|par
|
|upkeep
|turn|12
|
|t:|1758232292
|move|p1a: Registeel|Body Press|p2a: Dragonite
|-resisted|p2a: Dragonite
|-crit|p2a: Dragonite
|-damage|p2a: Dragonite|81/100 par
|move|p2a: Dragonite|Earthquake|p1a: Registeel
|-supereffective|p1a: Registeel
|-damage|p1a: Registeel|18/100
|
|upkeep
|turn|13
|
|t:|1758232298
|move|p1a: Registeel|Rest|p1a: Registeel
|-status|p1a: Registeel|slp|[from] move: Rest
|-heal|p1a: Registeel|100/100 slp|[silent]
|-enditem|p1a: Registeel|Chesto Berry|[eat]
|-curestatus|p1a: Registeel|slp|[msg]
|move|p2a: Dragonite|Earthquake|p1a: Registeel
|-supereffective|p1a: Registeel
|-damage|p1a: Registeel|77/100
|
|upkeep
|turn|14
|
|t:|1758232304
|move|p1a: Registeel|Iron Defense|p1a: Registeel
|-boost|p1a: Registeel|def|2
|move|p2a: Dragonite|Earthquake|p1a: Registeel
|-supereffective|p1a: Registeel
|-damage|p1a: Registeel|61/100
|
|upkeep
|turn|15
|
|t:|1758232306
|move|p1a: Registeel|Iron Defense|p1a: Registeel
|-boost|p1a: Registeel|def|2
|move|p2a: Dragonite|Earthquake|p1a: Registeel
|-supereffective|p1a: Registeel
|-damage|p1a: Registeel|49/100
|
|upkeep
|turn|16
|
|t:|1758232309
|move|p1a: Registeel|Body Press|p2a: Dragonite
|-resisted|p2a: Dragonite
|-damage|p2a: Dragonite|28/100 par
|move|p2a: Dragonite|Earthquake|p1a: Registeel
|-supereffective|p1a: Registeel
|-damage|p1a: Registeel|39/100
|
|upkeep
|turn|17
|
|t:|1758232312
|move|p1a: Registeel|Body Press|p2a: Dragonite
|-resisted|p2a: Dragonite
|-damage|p2a: Dragonite|0 fnt
|faint|p2a: Dragonite
|
|upkeep
|
|t:|1758232314
|switch|p2a: Jolteon|Jolteon, F, tera:Ice|94/100 brn
|turn|18
|
|t:|1758232317
|move|p2a: Jolteon|Shadow Ball|p1a: Registeel
|-damage|p1a: Registeel|21/100
|move|p1a: Registeel|Body Press|p2a: Jolteon
|-supereffective|p2a: Jolteon
|-damage|p2a: Jolteon|0 fnt
|faint|p2a: Jolteon
|
|upkeep
|
|t:|1758232324
|switch|p2a: Salamence|Salamence, F|100/100 par
|turn|19
|
|t:|1758232326
|move|p2a: Salamence|Earthquake|p1a: Registeel
|-supereffective|p1a: Registeel
|-crit|p1a: Registeel
|-damage|p1a: Registeel|0 fnt
|faint|p1a: Registeel
|-ability|p2a: Salamence|Moxie|boost
|-boost|p2a: Salamence|atk|1
|
|upkeep
|
|t:|1758232331
|switch|p1a: Politoed|Politoed, M, shiny|36/100
|-weather|RainDance|[from] ability: Drizzle|[of] p1a: Politoed
|turn|20
|
|t:|1758232335
|move|p2a: Salamence|Earthquake|p1a: Politoed
|-damage|p1a: Politoed|0 fnt
|faint|p1a: Politoed
|-ability|p2a: Salamence|Moxie|boost
|-boost|p2a: Salamence|atk|1
|
|-weather|RainDance|[upkeep]
|upkeep
|
|t:|1758232344
|switch|p1a: Poliwrath|Poliwrath, F, tera:Steel|57/100
|turn|21
|
|t:|1758232363
|move|p1a: Poliwrath|Liquidation|p2a: Salamence
|-resisted|p2a: Salamence
|-damage|p2a: Salamence|44/100 par
|move|p2a: Salamence|Earthquake|p1a: Poliwrath
|-supereffective|p1a: Poliwrath
|-damage|p1a: Poliwrath|0 fnt
|faint|p1a: Poliwrath
|-ability|p2a: Salamence|Moxie|boost
|-boost|p2a: Salamence|atk|1
|
|-weather|RainDance|[upkeep]
|upkeep
|
|t:|1758232368
|switch|p1a: Tentacruel|Tentacruel, F|100/100
|turn|22
|
|t:|1758232372
|move|p1a: Tentacruel|Surf|p2a: Salamence
|-resisted|p2a: Salamence
|-damage|p2a: Salamence|20/100 par
|move|p2a: Salamence|Earthquake|p1a: Tentacruel
|-supereffective|p1a: Tentacruel
|-damage|p1a: Tentacruel|0 fnt
|faint|p1a: Tentacruel
|
|win|zuzusenpai
|raw|dr dumpster's rating: 1203 &rarr; <strong>1181</strong><br />(-22 for losing)
|raw|zuzusenpai's rating: 1238 &rarr; <strong>1260</strong><br />(+22 for winning)
|l|☆dr dumpster
|player|p1|
|l|☆zuzusenpai
|player|p2|
