|j|☆Sigmaurus
|j|☆AZ's Return
|t:|1758312527
|gametype|singles
|player|p1|Sigmaurus|rosa|1395
|player|p2|AZ's Return|169|1405
|gen|9
|tier|[Gen 9] OU
|rated|
|rule|HP Percentage Mod: HP is shown in percentages
|rule|Endless Battle Clause: Forcing endless battles is banned
|rule|Species Clause: Limit one of each Pokémon
|rule|OHKO Clause: OHKO moves are banned
|rule|Evasion Items Clause: Evasion items are banned
|rule|Evasion Moves Clause: Evasion moves are banned
|rule|Evasion Abilities Clause: Evasion abilities are banned
|rule|Sleep Moves Clause: Sleep-inducing moves are banned
|clearpoke
|poke|p1|Weavile, M|
|poke|p1|Thundurus-Therian, M|
|poke|p1|Cobalion|
|poke|p1|Araquanid, M|
|poke|p1|Chandelure, M|
|poke|p1|Hoopa-Unbound|
|poke|p2|Alomomola, M|
|poke|p2|Gholdengo|
|poke|p2|Weezing-Galar, M|
|poke|p2|Great Tusk|
|poke|p2|Dragonite, M|
|poke|p2|Latios, M|
|teampreview
|
|t:|1758312535
|teamsize|p1|6
|teamsize|p2|6
|start
|switch|p1a: Araquanid|Araquanid, M|100/100
|switch|p2a: Alomomola|Alomomola, M|100/100
|turn|1
|
|t:|1758312548
|move|p2a: Alomomola|Body Slam|p1a: Araquanid
|-damage|p1a: Araquanid|84/100
|move|p1a: Araquanid|Sticky Web|p2a: Alomomola
|-sidestart|p2: AZ's Return|move: Sticky Web
|
|-heal|p1a: Araquanid|90/100|[from] item: Leftovers
|upkeep
|turn|2
|
|t:|1758312552
|move|p2a: Alomomola|Body Slam|p1a: Araquanid
|-damage|p1a: Araquanid|75/100
|move|p1a: Araquanid|Leech Life|p2a: Alomomola
|-damage|p2a: Alomomola|77/100
|-heal|p1a: Araquanid|93/100|[from] drain|[of] p2a: Alomomola
|
|-heal|p1a: Araquanid|99/100|[from] item: Leftovers
|upkeep
|turn|3
|
|t:|1758312560
|move|p2a: Alomomola|Body Slam|p1a: Araquanid
|-damage|p1a: Araquanid|83/100
|move|p1a: Araquanid|Leech Life|p2a: Alomomola
|-damage|p2a: Alomomola|55/100
|-heal|p1a: Araquanid|99/100|[from] drain|[of] p2a: Alomomola
|
|-heal|p1a: Araquanid|100/100|[from] item: Leftovers
|upkeep
|turn|4
|
|t:|1758312575
|move|p2a: Alomomola|Flip Turn|p1a: Araquanid
|-resisted|p1a: Araquanid
|-damage|p1a: Araquanid|91/100
|
|t:|1758312577
|switch|p2a: Weezing|Weezing-Galar, M|100/100|[from] Flip Turn
|-ability|p2a: Weezing|Neutralizing Gas
|move|p1a: Araquanid|Leech Life|p2a: Weezing
|-resisted|p2a: Weezing
|-damage|p2a: Weezing|95/100
|-heal|p1a: Araquanid|94/100|[from] drain|[of] p2a: Weezing
|
|-heal|p1a: Araquanid|99/100|[from] item: Leftovers
|upkeep
|turn|5
|
|t:|1758312587
|switch|p1a: Hoopa|Hoopa-Unbound|100/100
|move|p2a: Weezing|Will-O-Wisp|p1a: Hoopa
|-status|p1a: Hoopa|brn
|
|-damage|p1a: Hoopa|94/100 brn|[from] brn
|upkeep
|turn|6
|
|t:|1758312595
|move|p1a: Hoopa|Psychic Noise|p2a: Weezing
|-supereffective|p2a: Weezing
|-damage|p2a: Weezing|0 fnt
|faint|p2a: Weezing
|-end|p2a: Weezing|ability: Neutralizing Gas
|
|-damage|p1a: Hoopa|88/100 brn|[from] brn
|upkeep
|
|t:|1758312600
|switch|p2a: Gholdengo|Gholdengo|100/100
|-activate|p2a: Gholdengo|move: Sticky Web
|-unboost|p2a: Gholdengo|spe|1
|turn|7
|
|t:|1758312603
|move|p2a: Gholdengo|Shadow Ball|p1a: Hoopa
|-damage|p1a: Hoopa|66/100 brn
|move|p1a: Hoopa|Dark Pulse|p2a: Gholdengo
|-supereffective|p2a: Gholdengo
|-damage|p2a: Gholdengo|0 fnt
|faint|p2a: Gholdengo
|
|-damage|p1a: Hoopa|59/100 brn|[from] brn
|upkeep
|
|t:|1758312611
|switch|p2a: Alomomola|Alomomola, M|89/100
|-activate|p2a: Alomomola|move: Sticky Web
|-unboost|p2a: Alomomola|spe|1
|turn|8
|
|t:|1758312614
|move|p1a: Hoopa|Thunderbolt|p2a: Alomomola
|-supereffective|p2a: Alomomola
|-damage|p2a: Alomomola|45/100
|move|p2a: Alomomola|Body Slam|p1a: Hoopa
|-damage|p1a: Hoopa|33/100 brn
|
|-damage|p1a: Hoopa|26/100 brn|[from] brn
|upkeep
|turn|9
|
|t:|1758312619
|move|p1a: Hoopa|Thunderbolt|p2a: Alomomola
|-supereffective|p2a: Alomomola
|-damage|p2a: Alomomola|6/100
|-status|p2a: Alomomola|par
|move|p2a: Alomomola|Body Slam|p1a: Hoopa
|-damage|p1a: Hoopa|0 fnt
|faint|p1a: Hoopa
|
|upkeep
|
|t:|1758312625
|switch|p1a: Cobalion|Cobalion|100/100
|-item|p1a: Cobalion|Air Balloon
|turn|10
|
|t:|1758312629
|move|p2a: Alomomola|Aqua Jet|p1a: Cobalion
|-damage|p1a: Cobalion|95/100
|-enditem|p1a: Cobalion|Air Balloon
|move|p1a: Cobalion|Iron Defense|p1a: Cobalion
|-boost|p1a: Cobalion|def|2
|
|upkeep
|turn|11
|
|t:|1758312634
|move|p1a: Cobalion|Iron Defense|p1a: Cobalion
|-boost|p1a: Cobalion|def|2
|move|p2a: Alomomola|Flip Turn|p1a: Cobalion
|-damage|p1a: Cobalion|92/100
|
|t:|1758312638
|switch|p2a: Dragonite|Dragonite, M|100/100|[from] Flip Turn
|
|upkeep
|turn|12
|
|t:|1758312642
|move|p1a: Cobalion|Taunt|p2a: Dragonite
|-start|p2a: Dragonite|move: Taunt
|move|p2a: Dragonite|Dragon Tail|p1a: Cobalion
|-resisted|p1a: Cobalion
|-damage|p1a: Cobalion|88/100
|drag|p1a: Weavile|Weavile, M|100/100
|-ability|p1a: Weavile|Pressure
|
|upkeep
|turn|13
|
|t:|1758312653
|move|p1a: Weavile|Triple Axel|p2a: Dragonite|[miss]
|-miss|p1a: Weavile|p2a: Dragonite
|move|p2a: Dragonite|Dragon Tail|p1a: Weavile
|-damage|p1a: Weavile|35/100
|drag|p1a: Thundurus|Thundurus-Therian, M|100/100
|
|upkeep
|turn|14
|
|t:|1758312660
|switch|p2a: Alomomola|Alomomola, M|39/100 par
|-activate|p2a: Alomomola|move: Sticky Web
|-unboost|p2a: Alomomola|spe|1
|move|p1a: Thundurus|Thunderbolt|p2a: Alomomola
|-supereffective|p2a: Alomomola
|-damage|p2a: Alomomola|0 fnt
|faint|p2a: Alomomola
|
|upkeep
|
|t:|1758312664
|switch|p2a: Great Tusk|Great Tusk|100/100
|-activate|p2a: Great Tusk|move: Sticky Web
|-unboost|p2a: Great Tusk|spe|1
|turn|15
|
|t:|1758312667
|move|p1a: Thundurus|Grass Knot|p2a: Great Tusk
|-supereffective|p2a: Great Tusk
|-damage|p2a: Great Tusk|0 fnt
|-damage|p1a: Thundurus|84/100|[from] item: Rocky Helmet|[of] p2a: Great Tusk
|faint|p2a: Great Tusk
|-end|p2a: Great Tusk|Protosynthesis|[silent]
|
|upkeep
|
|t:|1758312669
|switch|p2a: Latios|Latios, M|100/100
|turn|16
|
|t:|1758312672
|move|p2a: Latios|Calm Mind|p2a: Latios
|-boost|p2a: Latios|spa|1
|-boost|p2a: Latios|spd|1
|move|p1a: Thundurus|Thunderbolt|p2a: Latios
|-resisted|p2a: Latios
|-damage|p2a: Latios|83/100
|
|upkeep
|turn|17
|
|t:|1758312675
|move|p2a: Latios|Calm Mind|p2a: Latios
|-boost|p2a: Latios|spa|1
|-boost|p2a: Latios|spd|1
|move|p1a: Thundurus|U-turn|p2a: Latios
|-supereffective|p2a: Latios
|-crit|p2a: Latios
|-damage|p2a: Latios|19/100
|
|t:|1758312680
|switch|p1a: Weavile|Weavile, M|35/100|[from] U-turn
|-ability|p1a: Weavile|Pressure
|
|upkeep
|turn|18
|
|t:|1758312686
|move|p1a: Weavile|Knock Off|p2a: Latios
|-supereffective|p2a: Latios
|-damage|p2a: Latios|0 fnt
|-enditem|p2a: Latios|Soul Dew|[from] move: Knock Off|[of] p1a: Weavile
|faint|p2a: Latios
|-damage|p1a: Weavile|25/100|[from] item: Life Orb
|
|upkeep
|
|t:|1758312688
|switch|p2a: Dragonite|Dragonite, M|100/100
|turn|19
|
|t:|1758312691
|move|p2a: Dragonite|Extreme Speed|p1a: Weavile
|-damage|p1a: Weavile|0 fnt
|faint|p1a: Weavile
|
|upkeep
|
|t:|1758312698
|switch|p1a: Cobalion|Cobalion|88/100
|turn|20
|
|t:|1758312701
|move|p1a: Cobalion|Volt Switch|p2a: Dragonite
|-damage|p2a: Dragonite|95/100
|
|t:|1758312707
|switch|p1a: Thundurus|Thundurus-Therian, M|84/100|[from] Volt Switch
|move|p2a: Dragonite|Earthquake|p1a: Thundurus
|-immune|p1a: Thundurus
|
|upkeep
|turn|21
|
|t:|1758312713
|-terastallize|p1a: Thundurus|Fairy
|move|p2a: Dragonite|Extreme Speed|p1a: Thundurus
|-damage|p1a: Thundurus|41/100
|move|p1a: Thundurus|Thunderbolt|p2a: Dragonite
|-damage|p2a: Dragonite|43/100
|
|upkeep
|turn|22
|
|t:|1758312720
|switch|p1a: Chandelure|Chandelure, M|100/100
|move|p2a: Dragonite|Extreme Speed|p1a: Chandelure
|-immune|p1a: Chandelure
|
|upkeep
|turn|23
|
|t:|1758312725
|move|p1a: Chandelure|Shadow Ball|p2a: Dragonite
|-damage|p2a: Dragonite|1/100
|move|p2a: Dragonite|Roost|p2a: Dragonite
|-heal|p2a: Dragonite|51/100
|-singleturn|p2a: Dragonite|move: Roost
|
|upkeep
|turn|24
|
|t:|1758312734
|move|p1a: Chandelure|Shadow Ball|p2a: Dragonite
|-damage|p2a: Dragonite|11/100
|-unboost|p2a: Dragonite|spd|1
|move|p2a: Dragonite|Roost|p2a: Dragonite
|-heal|p2a: Dragonite|61/100
|-singleturn|p2a: Dragonite|move: Roost
|
|upkeep
|turn|25
|
|t:|1758312739
|-terastallize|p2a: Dragonite|Normal
|move|p1a: Chandelure|Shadow Ball|p2a: Dragonite
|-immune|p2a: Dragonite
|move|p2a: Dragonite|Roost|p2a: Dragonite
|-heal|p2a: Dragonite|100/100
|
|upkeep
|turn|26
|
|t:|1758312743
|move|p1a: Chandelure|Heat Wave|p2a: Dragonite
|-damage|p2a: Dragonite|62/100
|move|p2a: Dragonite|Earthquake|p1a: Chandelure
|-supereffective|p1a: Chandelure
|-damage|p1a: Chandelure|0 fnt
|faint|p1a: Chandelure
|
|upkeep
|
|t:|1758312749
|switch|p1a: Cobalion|Cobalion|88/100
|turn|27
|
|t:|1758312751
|move|p1a: Cobalion|Body Press|p2a: Dragonite
|-supereffective|p2a: Dragonite
|-damage|p2a: Dragonite|0 fnt
|faint|p2a: Dragonite
|
|win|Sigmaurus
|raw|Sigmaurus's rating: 1395 &rarr; <strong>1416</strong><br />(+21 for winning)
|raw|AZ&apos;s Return's rating: 1405 &rarr; <strong>1384</strong><br />(-21 for losing)
|l|☆AZ's Return
|player|p2|
|l|☆Sigmaurus
|player|p1|
