|j|☆Dranzerzx
|j|☆szxzszxz
|t:|1758271454
|gametype|singles
|player|p1|Dranzerzx|burglar|1107
|player|p2|szxzszxz|170|1074
|gen|9
|tier|[Gen 9] OU
|rated|
|rule|HP Percentage Mod: HP is shown in percentages
|rule|Endless Battle Clause: Forcing endless battles is banned
|rule|Species Clause: Limit one of each Pokémon
|rule|OHKO Clause: OHKO moves are banned
|rule|Evasion Items Clause: Evasion items are banned
|rule|Evasion Moves Clause: Evasion moves are banned
|rule|Evasion Abilities Clause: Evasion abilities are banned
|rule|Sleep Moves Clause: Sleep-inducing moves are banned
|clearpoke
|poke|p1|Slowking-Galar, F|
|poke|p1|Samurott-Hisui, F|
|poke|p1|Iron Valiant|
|poke|p1|Great Tusk|
|poke|p1|Araquanid, F|
|poke|p1|Regidrago|
|poke|p2|Basculegion, M|
|poke|p2|Muk-Alola, M|
|poke|p2|Lycanroc-Dusk, F|
|poke|p2|Ursaluna, M|
|poke|p2|Murkrow, M|
|poke|p2|Hawlucha, M|
|teampreview
|
|t:|1758271492
|teamsize|p1|6
|teamsize|p2|6
|start
|switch|p1a: Araquanid|Araquanid, F, shiny|100/100
|switch|p2a: Murkrow|Murkrow, M, shiny|100/100
|turn|1
|
|t:|1758271505
|move|p2a: Murkrow|Substitute|p2a: Murkrow
|-start|p2a: Murkrow|Substitute
|-damage|p2a: Murkrow|75/100
|move|p1a: Araquanid|Surf|p2a: Murkrow
|-end|p2a: Murkrow|Substitute
|
|upkeep
|turn|2
|
|t:|1758271516
|move|p2a: Murkrow|Feather Dance|p1a: Araquanid
|-unboost|p1a: Araquanid|atk|2
|move|p1a: Araquanid|Surf|p2a: Murkrow
|-damage|p2a: Murkrow|35/100
|
|upkeep
|turn|3
|
|t:|1758271527
|move|p2a: Murkrow|Night Shade|p1a: Araquanid
|-damage|p1a: Araquanid|71/100
|-heal|p2a: Murkrow|38/100|[from] item: Shell Bell|[of] p1a: Araquanid
|move|p1a: Araquanid|Surf|p2a: Murkrow
|-damage|p2a: Murkrow|0 fnt
|faint|p2a: Murkrow
|
|upkeep
|
|t:|1758271538
|switch|p2a: Hawlucha|Hawlucha, M, shiny|100/100
|turn|4
|
|t:|1758271547
|move|p1a: Araquanid|Endure|p1a: Araquanid
|-singleturn|p1a: Araquanid|move: Endure
|move|p2a: Hawlucha|Swords Dance|p2a: Hawlucha
|-boost|p2a: Hawlucha|atk|2
|
|upkeep
|turn|5
|
|t:|1758271558
|move|p2a: Hawlucha|Swords Dance|p2a: Hawlucha
|-boost|p2a: Hawlucha|atk|2
|move|p1a: Araquanid|Sticky Web|p2a: Hawlucha
|-sidestart|p2: szxzszxz|move: Sticky Web
|
|upkeep
|turn|6
|
|t:|1758271564
|move|p2a: Hawlucha|Close Combat|p1a: Araquanid
|-resisted|p1a: Araquanid
|-damage|p1a: Araquanid|7/100
|-unboost|p2a: Hawlucha|def|1
|-unboost|p2a: Hawlucha|spd|1
|move|p1a: Araquanid|Surf|p2a: Hawlucha
|-damage|p2a: Hawlucha|21/100
|-enditem|p2a: Hawlucha|Liechi Berry|[eat]
|-boost|p2a: Hawlucha|atk|1|[from] item: Liechi Berry
|
|upkeep
|turn|7
|-enditem|p1a: Araquanid|Custap Berry|[eat]
|-activate|p1a: Araquanid|item: Custap Berry|[consumed]
|
|t:|1758271579
|move|p1a: Araquanid|Surf|p2a: Hawlucha
|-damage|p2a: Hawlucha|0 fnt
|faint|p2a: Hawlucha
|
|upkeep
|
|t:|1758271592
|switch|p2a: Lycanroc|Lycanroc-Dusk, F|100/100
|-activate|p2a: Lycanroc|move: Sticky Web
|-unboost|p2a: Lycanroc|spe|1
|turn|8
|inactive|Battle timer is ON: inactive players will automatically lose when time's up. (requested by Dranzerzx)
|-message|szxzszxz forfeited.
|
|win|Dranzerzx
|raw|Dranzerzx's rating: 1107 &rarr; <strong>1130</strong><br />(+23 for winning)
|raw|szxzszxz's rating: 1074 &rarr; <strong>1055</strong><br />(-19 for losing)
|l|☆szxzszxz
|player|p2|
|l|☆Dranzerzx
|player|p1|
