|j|☆magical leaves
|j|☆zzy1248
|t:|1758346620
|gametype|singles
|player|p1|magical leaves|aromalady|1210
|player|p2|zzy1248|101|1154
|gen|9
|tier|[Gen 9] OU
|rated|
|rule|HP Percentage Mod: HP is shown in percentages
|rule|Endless Battle Clause: Forcing endless battles is banned
|rule|Species Clause: Limit one of each Pokémon
|rule|OHKO Clause: OHKO moves are banned
|rule|Evasion Items Clause: Evasion items are banned
|rule|Evasion Moves Clause: Evasion moves are banned
|rule|Evasion Abilities Clause: Evasion abilities are banned
|rule|Sleep Moves Clause: Sleep-inducing moves are banned
|clearpoke
|poke|p1|Lilligant-Hisui, F|
|poke|p1|Blaziken, M|
|poke|p1|Walking Wake|
|poke|p1|Great Tusk|
|poke|p1|Kingambit, F|
|poke|p1|Torkoal, M|
|poke|p2|Pelipper, F|
|poke|p2|Greninja-*, M|
|poke|p2|Basculegion, M|
|poke|p2|Zapdos|
|poke|p2|Sandy Shocks|
|poke|p2|Scizor, M|
|teampreview
|
|t:|1758346634
|teamsize|p1|6
|teamsize|p2|6
|start
|switch|p1a: lu dort|Torkoal, M|100/100
|switch|p2a: Zapdos|Zapdos|100/100
|-weather|SunnyDay|[from] ability: Drought|[of] p1a: lu dort
|turn|1
|
|t:|1758346642
|move|p2a: Zapdos|U-turn|p1a: lu dort
|-resisted|p1a: lu dort
|-damage|p1a: lu dort|97/100
|
|t:|1758346644
|switch|p2a: Pelipper|Pelipper, F|100/100|[from] U-turn
|-weather|RainDance|[from] ability: Drizzle|[of] p2a: Pelipper
|move|p1a: lu dort|Stealth Rock|p2a: Pelipper
|-sidestart|p2: zzy1248|move: Stealth Rock
|
|-weather|RainDance|[upkeep]
|upkeep
|turn|2
|
|t:|1758346657
|switch|p1a: WIDE AWAAAAAKE!|Walking Wake|100/100
|move|p2a: Pelipper|Surf|p1a: WIDE AWAAAAAKE!
|-resisted|p1a: WIDE AWAAAAAKE!
|-damage|p1a: WIDE AWAAAAAKE!|83/100
|
|-weather|RainDance|[upkeep]
|upkeep
|turn|3
|
|t:|1758346667
|move|p1a: WIDE AWAAAAAKE!|Draco Meteor|p2a: Pelipper
|-damage|p2a: Pelipper|0 fnt
|-unboost|p1a: WIDE AWAAAAAKE!|spa|2
|faint|p2a: Pelipper
|-damage|p1a: WIDE AWAAAAAKE!|73/100|[from] item: Life Orb
|
|-weather|RainDance|[upkeep]
|upkeep
|
|t:|1758346672
|switch|p2a: Basculegion|Basculegion, M|100/100
|-damage|p2a: Basculegion|88/100|[from] Stealth Rock
|turn|4
|
|t:|1758346687
|-end|p1a: WIDE AWAAAAAKE!|Protosynthesis|[silent]
|switch|p1a: gary|Kingambit, F|100/100
|move|p2a: Basculegion|Aqua Jet|p1a: gary
|-damage|p1a: gary|63/100
|
|-weather|RainDance|[upkeep]
|-heal|p1a: gary|69/100|[from] item: Leftovers
|upkeep
|turn|5
|
|t:|1758346701
|switch|p2a: Zapdos|Zapdos|100/100
|move|p1a: gary|Kowtow Cleave|p2a: Zapdos
|-damage|p2a: Zapdos|52/100
|-status|p1a: gary|par|[from] ability: Static|[of] p2a: Zapdos
|
|-weather|RainDance|[upkeep]
|-heal|p1a: gary|75/100 par|[from] item: Leftovers
|upkeep
|turn|6
|
|t:|1758346712
|-end|p1a: gary|fallenundefined|[silent]
|switch|p1a: lu dort|Torkoal, M|97/100
|-weather|SunnyDay|[from] ability: Drought|[of] p1a: lu dort
|move|p2a: Zapdos|Roost|p2a: Zapdos
|-heal|p2a: Zapdos|100/100
|-singleturn|p2a: Zapdos|move: Roost
|
|-weather|SunnyDay|[upkeep]
|upkeep
|turn|7
|
|t:|1758346733
|switch|p1a: WIDE AWAAAAAKE!|Walking Wake|73/100
|-activate|p1a: WIDE AWAAAAAKE!|ability: Protosynthesis
|-start|p1a: WIDE AWAAAAAKE!|protosynthesisspe
|move|p2a: Zapdos|Hurricane|p1a: WIDE AWAAAAAKE!|[miss]
|-miss|p2a: Zapdos|p1a: WIDE AWAAAAAKE!
|
|-weather|SunnyDay|[upkeep]
|upkeep
|turn|8
|
|t:|1758346746
|move|p1a: WIDE AWAAAAAKE!|Hydro Steam|p2a: Zapdos
|-damage|p2a: Zapdos|25/100
|-damage|p1a: WIDE AWAAAAAKE!|63/100|[from] item: Life Orb
|move|p2a: Zapdos|Thunder|p1a: WIDE AWAAAAAKE!
|-damage|p1a: WIDE AWAAAAAKE!|8/100
|
|-weather|SunnyDay|[upkeep]
|upkeep
|turn|9
|
|t:|1758346755
|move|p1a: WIDE AWAAAAAKE!|Hydro Steam|p2a: Zapdos
|-damage|p2a: Zapdos|0 fnt
|faint|p2a: Zapdos
|-damage|p1a: WIDE AWAAAAAKE!|0 fnt|[from] item: Life Orb
|faint|p1a: WIDE AWAAAAAKE!
|-end|p1a: WIDE AWAAAAAKE!|Protosynthesis|[silent]
|
|-weather|SunnyDay|[upkeep]
|upkeep
|
|t:|1758346766
|switch|p1a: atopos|Lilligant-Hisui, F|100/100
|switch|p2a: Greninja|Greninja, M|100/100
|-damage|p2a: Greninja|88/100|[from] Stealth Rock
|turn|10
|
|t:|1758346784
|switch|p2a: Scizor|Scizor, M|100/100
|-damage|p2a: Scizor|88/100|[from] Stealth Rock
|move|p1a: atopos|Solar Blade||[still]
|-prepare|p1a: atopos|Solar Blade
|-anim|p1a: atopos|Solar Blade|p2a: Scizor
|-resisted|p2a: Scizor
|-damage|p2a: Scizor|69/100
|-damage|p1a: atopos|91/100|[from] item: Life Orb
|
|-weather|SunnyDay|[upkeep]
|upkeep
|turn|11
|
|t:|1758346796
|-terastallize|p1a: atopos|Fire
|move|p1a: atopos|Tera Blast|p2a: Scizor|[anim] Tera Blast Fire
|-supereffective|p2a: Scizor
|-damage|p2a: Scizor|0 fnt
|faint|p2a: Scizor
|-damage|p1a: atopos|81/100|[from] item: Life Orb
|
|-weather|SunnyDay|[upkeep]
|upkeep
|
|t:|1758346800
|switch|p2a: Greninja|Greninja, M|88/100
|-damage|p2a: Greninja|76/100|[from] Stealth Rock
|turn|12
|
|t:|1758346810
|move|p2a: Greninja|Water Shuriken|p1a: atopos
|-supereffective|p1a: atopos
|-damage|p1a: atopos|69/100
|-supereffective|p1a: atopos
|-damage|p1a: atopos|56/100
|-supereffective|p1a: atopos
|-crit|p1a: atopos
|-damage|p1a: atopos|39/100
|-hitcount|p1a: atopos|3
|-damage|p2a: Greninja|66/100|[from] item: Life Orb
|move|p1a: atopos|Solar Blade||[still]
|-prepare|p1a: atopos|Solar Blade
|-anim|p1a: atopos|Solar Blade|p2a: Greninja
|-supereffective|p2a: Greninja
|-damage|p2a: Greninja|0 fnt
|faint|p2a: Greninja
|-damage|p1a: atopos|29/100|[from] item: Life Orb
|
|-weather|SunnyDay|[upkeep]
|upkeep
|
|t:|1758346816
|switch|p2a: Basculegion|Basculegion, M|88/100
|-damage|p2a: Basculegion|76/100|[from] Stealth Rock
|turn|13
|
|t:|1758346829
|move|p1a: atopos|Solar Blade||[still]
|-prepare|p1a: atopos|Solar Blade
|-anim|p1a: atopos|Solar Blade|p2a: Basculegion
|-supereffective|p2a: Basculegion
|-damage|p2a: Basculegion|0 fnt
|faint|p2a: Basculegion
|-damage|p1a: atopos|19/100|[from] item: Life Orb
|
|-weather|none
|upkeep
|
|t:|1758346832
|switch|p2a: Sandy Shocks|Sandy Shocks|100/100
|-damage|p2a: Sandy Shocks|94/100|[from] Stealth Rock
|-enditem|p2a: Sandy Shocks|Booster Energy
|-activate|p2a: Sandy Shocks|ability: Protosynthesis|[fromitem]
|-start|p2a: Sandy Shocks|protosynthesisspe
|turn|14
|-message|zzy1248 forfeited.
|
|win|magical leaves
|raw|magical leaves's rating: 1210 &rarr; <strong>1231</strong><br />(+21 for winning)
|raw|zzy1248's rating: 1154 &rarr; <strong>1133</strong><br />(-21 for losing)
|l|☆zzy1248
|player|p2|
