|j|☆lzp20ysys
|j|☆Sgntkeroro
|t:|1758285692
|gametype|singles
|player|p1|lzp20ysys|lucas|1333
|player|p2|Sgntkeroro|clown|1291
|gen|9
|tier|[Gen 9] OU
|rated|
|rule|HP Percentage Mod: HP is shown in percentages
|rule|Endless Battle Clause: Forcing endless battles is banned
|rule|Species Clause: Limit one of each Pokémon
|rule|OHKO Clause: OHKO moves are banned
|rule|Evasion Items Clause: Evasion items are banned
|rule|Evasion Moves Clause: Evasion moves are banned
|rule|Evasion Abilities Clause: Evasion abilities are banned
|rule|Sleep Moves Clause: Sleep-inducing moves are banned
|clearpoke
|poke|p1|Ursaluna, M|
|poke|p1|Hatterene, F|
|poke|p1|Cresselia, F|
|poke|p1|Hoopa-Unbound|
|poke|p1|Mimikyu, F|
|poke|p1|Enamorus-Therian, F|
|poke|p2|Blissey, F|
|poke|p2|Garganacl, M|
|poke|p2|Hoopa-Unbound|
|poke|p2|Moltres|
|poke|p2|Great Tusk|
|poke|p2|Okidogi, M|
|teampreview
|inactive|Battle timer is ON: inactive players will automatically lose when time's up. (requested by Sgntkeroro)
|
|t:|1758285701
|teamsize|p1|6
|teamsize|p2|6
|start
|switch|p1a: Enamorus|Enamorus-Therian, F|100/100
|switch|p2a: Okidogi|Okidogi, M|100/100
|turn|1
|
|t:|1758285709
|move|p2a: Okidogi|Poison Jab|p1a: Enamorus
|-supereffective|p1a: Enamorus
|-damage|p1a: Enamorus|28/100
|move|p1a: Enamorus|Psychic|p2a: Okidogi
|-supereffective|p2a: Okidogi
|-damage|p2a: Okidogi|0 fnt
|faint|p2a: Okidogi
|-damage|p1a: Enamorus|18/100|[from] item: Life Orb
|
|upkeep
|
|t:|1758285732
|switch|p2a: Blissey|Blissey, F|100/100
|turn|2
|
|t:|1758285739
|switch|p1a: Ursaluna|Ursaluna, M|100/100
|move|p2a: Blissey|Ice Beam|p1a: Ursaluna
|-supereffective|p1a: Ursaluna
|-damage|p1a: Ursaluna|71/100
|-status|p1a: Ursaluna|frz
|
|upkeep
|turn|3
|
|t:|1758285749
|move|p2a: Blissey|Calm Mind|p2a: Blissey
|-boost|p2a: Blissey|spa|1
|-boost|p2a: Blissey|spd|1
|cant|p1a: Ursaluna|frz
|
|upkeep
|turn|4
|
|t:|1758285757
|-terastallize|p1a: Ursaluna|Normal
|move|p2a: Blissey|Calm Mind|p2a: Blissey
|-boost|p2a: Blissey|spa|1
|-boost|p2a: Blissey|spd|1
|cant|p1a: Ursaluna|frz
|
|upkeep
|turn|5
|
|t:|1758285773
|move|p2a: Blissey|Ice Beam|p1a: Ursaluna
|-damage|p1a: Ursaluna|40/100 frz
|cant|p1a: Ursaluna|frz
|
|upkeep
|turn|6
|
|t:|1758285780
|switch|p1a: Hatterene|Hatterene, F|100/100
|move|p2a: Blissey|Ice Beam|p1a: Hatterene
|-damage|p1a: Hatterene|67/100
|
|upkeep
|turn|7
|
|t:|1758285787
|move|p2a: Blissey|Calm Mind|p2a: Blissey
|-boost|p2a: Blissey|spa|1
|-boost|p2a: Blissey|spd|1
|move|p1a: Hatterene|Trick Room|p1a: Hatterene
|-fieldstart|move: Trick Room|[of] p1a: Hatterene
|
|upkeep
|turn|8
|
|t:|1758285800
|move|p1a: Hatterene|Healing Wish|p1a: Hatterene
|faint|p1a: Hatterene
|move|p2a: Blissey|Calm Mind|p2a: Blissey
|-boost|p2a: Blissey|spa|1
|-boost|p2a: Blissey|spd|1
|
|upkeep
|
|t:|1758285806
|switch|p1a: Ursaluna|Ursaluna, M, tera:Normal|40/100 frz
|-heal|p1a: Ursaluna|100/100|[from] move: Healing Wish
|turn|9
|
|t:|1758285811
|move|p1a: Ursaluna|Swords Dance|p1a: Ursaluna
|-boost|p1a: Ursaluna|atk|2
|move|p2a: Blissey|Ice Beam|p1a: Ursaluna
|-crit|p1a: Ursaluna
|-damage|p1a: Ursaluna|40/100
|
|-status|p1a: Ursaluna|brn|[from] item: Flame Orb
|upkeep
|turn|10
|
|t:|1758285821
|switch|p2a: Moltres|Moltres|100/100
|move|p1a: Ursaluna|Facade|p2a: Moltres
|-damage|p2a: Moltres|0 fnt
|faint|p2a: Moltres
|
|-damage|p1a: Ursaluna|34/100 brn|[from] brn
|upkeep
|
|t:|1758285831
|switch|p2a: Hoopa|Hoopa-Unbound|100/100
|turn|11
|
|t:|1758285836
|move|p1a: Ursaluna|Facade|p2a: Hoopa
|-damage|p2a: Hoopa|0 fnt
|faint|p2a: Hoopa
|
|-damage|p1a: Ursaluna|28/100 brn|[from] brn
|-fieldend|move: Trick Room
|upkeep
|
|t:|1758285843
|switch|p2a: Garganacl|Garganacl, M|100/100
|turn|12
|
|t:|1758285850
|switch|p1a: Mimikyu|Mimikyu, F|100/100
|-terastallize|p2a: Garganacl|Ghost
|move|p2a: Garganacl|Salt Cure|p1a: Mimikyu
|-activate|p1a: Mimikyu|ability: Disguise
|-damage|p1a: Mimikyu|100/100
|-start|p1a: Mimikyu|Salt Cure
|detailschange|p1a: Mimikyu|Mimikyu-Busted, F
|-damage|p1a: Mimikyu|88/100|[from] pokemon: Mimikyu-Busted
|-enditem|p1a: Mimikyu|Red Card|[of] p2a: Garganacl
|drag|p2a: Blissey|Blissey, F|100/100
|
|-damage|p1a: Mimikyu|76/100|[from] Salt Cure
|upkeep
|turn|13
|
|t:|1758285871
|move|p1a: Mimikyu|Taunt|p2a: Blissey
|-start|p2a: Blissey|move: Taunt
|move|p2a: Blissey|Ice Beam|p1a: Mimikyu
|-damage|p1a: Mimikyu|59/100
|-status|p1a: Mimikyu|frz
|
|-damage|p1a: Mimikyu|47/100 frz|[from] Salt Cure
|upkeep
|turn|14
|inactive|Sgntkeroro has 120 seconds left.
|
|t:|1758285906
|switch|p1a: Enamorus|Enamorus-Therian, F|18/100
|move|p2a: Blissey|Ice Beam|p1a: Enamorus
|-supereffective|p1a: Enamorus
|-damage|p1a: Enamorus|0 fnt
|faint|p1a: Enamorus
|
|upkeep
|
|t:|1758285916
|switch|p1a: Hoopa|Hoopa-Unbound|100/100
|turn|15
|
|t:|1758285925
|move|p1a: Hoopa|Drain Punch|p2a: Blissey
|-supereffective|p2a: Blissey
|-damage|p2a: Blissey|10/100
|-damage|p1a: Hoopa|91/100|[from] item: Life Orb
|move|p2a: Blissey|Ice Beam|p1a: Hoopa
|-damage|p1a: Hoopa|78/100
|
|-heal|p2a: Blissey|16/100|[from] item: Leftovers
|-end|p2a: Blissey|move: Taunt
|upkeep
|turn|16
|inactive|Sgntkeroro has 120 seconds left.
|
|t:|1758285938
|move|p1a: Hoopa|Psychic|p2a: Blissey
|-damage|p2a: Blissey|0 fnt
|faint|p2a: Blissey
|-damage|p1a: Hoopa|68/100|[from] item: Life Orb
|
|upkeep
|
|t:|1758285947
|switch|p2a: Great Tusk|Great Tusk, shiny|100/100
|turn|17
|inactive|Sgntkeroro has 120 seconds left.
|
|t:|1758285954
|switch|p1a: Ursaluna|Ursaluna, M, tera:Normal|28/100 brn
|move|p2a: Great Tusk|Earthquake|p1a: Ursaluna
|-damage|p1a: Ursaluna|0 fnt
|faint|p1a: Ursaluna
|
|upkeep
|
|t:|1758285962
|switch|p1a: Cresselia|Cresselia, F|100/100
|turn|18
|
|t:|1758285971
|-end|p2a: Great Tusk|Protosynthesis|[silent]
|switch|p2a: Garganacl|Garganacl, M, tera:Ghost|100/100
|move|p1a: Cresselia|Trick Room|p1a: Cresselia
|-fieldstart|move: Trick Room|[of] p1a: Cresselia
|
|upkeep
|turn|19
|
|t:|1758285981
|switch|p1a: Hoopa|Hoopa-Unbound|68/100
|move|p2a: Garganacl|Salt Cure|p1a: Hoopa
|-damage|p1a: Hoopa|48/100
|-start|p1a: Hoopa|Salt Cure
|
|-damage|p1a: Hoopa|36/100|[from] Salt Cure
|upkeep
|turn|20
|
|t:|1758285992
|move|p2a: Garganacl|Protect|p2a: Garganacl
|-singleturn|p2a: Garganacl|Protect
|move|p1a: Hoopa|Hyperspace Fury|p2a: Garganacl
|-activate|p2a: Garganacl|move: Hyperspace Fury|[broken]
|-supereffective|p2a: Garganacl
|-damage|p2a: Garganacl|0 fnt
|-unboost|p1a: Hoopa|def|1
|faint|p2a: Garganacl
|-damage|p1a: Hoopa|26/100|[from] item: Life Orb
|
|-damage|p1a: Hoopa|13/100|[from] Salt Cure
|upkeep
|
|t:|1758286004
|switch|p2a: Great Tusk|Great Tusk, shiny|100/100
|turn|21
|inactive|Sgntkeroro has 120 seconds left.
|
|t:|1758286026
|move|p1a: Hoopa|Psychic|p2a: Great Tusk
|-supereffective|p2a: Great Tusk
|-damage|p2a: Great Tusk|0 fnt
|faint|p2a: Great Tusk
|-end|p2a: Great Tusk|Protosynthesis|[silent]
|-damage|p1a: Hoopa|4/100|[from] item: Life Orb
|
|win|lzp20ysys
|raw|lzp20ysys's rating: 1333 &rarr; <strong>1351</strong><br />(+18 for winning)
|raw|Sgntkeroro's rating: 1291 &rarr; <strong>1269</strong><br />(-22 for losing)
|l|☆lzp20ysys
|player|p1|
|l|☆Sgntkeroro
|player|p2|
