|j|☆qbking3
|j|☆omnomapuss
|t:|1758352614
|gametype|singles
|player|p1|qbking3|marnie-league|1435
|player|p2|omnomapuss|crasherwake|1487
|gen|9
|tier|[Gen 9] OU
|rated|
|rule|HP Percentage Mod: HP is shown in percentages
|rule|Endless Battle Clause: Forcing endless battles is banned
|rule|Species Clause: Limit one of each Pokémon
|rule|OHKO Clause: OHKO moves are banned
|rule|Evasion Items Clause: Evasion items are banned
|rule|Evasion Moves Clause: Evasion moves are banned
|rule|Evasion Abilities Clause: Evasion abilities are banned
|rule|Sleep Moves Clause: Sleep-inducing moves are banned
|clearpoke
|poke|p1|Mimikyu, F|
|poke|p1|Indeedee, M|
|poke|p1|Hatterene, F|
|poke|p1|Hoopa-Unbound|
|poke|p1|Ursaluna, F|
|poke|p1|Iron Hands|
|poke|p2|Primarina, M|
|poke|p2|Dragapult, M|
|poke|p2|Scizor, F|
|poke|p2|Great Tusk|
|poke|p2|Zapdos|
|poke|p2|Slowking-Galar, F|
|teampreview
|inactive|Battle timer is ON: inactive players will automatically lose when time's up. (requested by omnomapuss)
|c|☆qbking3|glhf
|
|t:|1758352626
|teamsize|p1|6
|teamsize|p2|6
|start
|switch|p1a: Iron Hands|Iron Hands, shiny|100/100
|switch|p2a: Scizor|Scizor, F|100/100
|-enditem|p1a: Iron Hands|Booster Energy
|-activate|p1a: Iron Hands|ability: Quark Drive|[fromitem]
|-start|p1a: Iron Hands|quarkdriveatk
|turn|1
|
|t:|1758352637
|move|p2a: Scizor|U-turn|p1a: Iron Hands
|-resisted|p1a: Iron Hands
|-damage|p1a: Iron Hands|79/100
|
|t:|1758352639
|switch|p2a: Great Tusk|Great Tusk|100/100|[from] U-turn
|move|p1a: Iron Hands|Close Combat|p2a: Great Tusk
|-damage|p2a: Great Tusk|29/100
|-unboost|p1a: Iron Hands|def|1
|-unboost|p1a: Iron Hands|spd|1
|-damage|p1a: Iron Hands|63/100|[from] item: Rocky Helmet|[of] p2a: Great Tusk
|
|upkeep
|turn|2
|inactive|qbking3 has 120 seconds left.
|
|t:|1758352676
|-end|p1a: Iron Hands|Quark Drive|[silent]
|switch|p1a: Indeedee|Indeedee, M, shiny|100/100
|-fieldstart|move: Psychic Terrain|[from] ability: Psychic Surge|[of] p1a: Indeedee
|move|p2a: Great Tusk|Headlong Rush|p1a: Indeedee
|-damage|p1a: Indeedee|29/100
|-unboost|p2a: Great Tusk|def|1
|-unboost|p2a: Great Tusk|spd|1
|
|upkeep
|turn|3
|inactive|qbking3 has 120 seconds left.
|
|t:|1758352701
|move|p2a: Great Tusk|Headlong Rush|p1a: Indeedee
|-damage|p1a: Indeedee|0 fnt
|-unboost|p2a: Great Tusk|def|1
|-unboost|p2a: Great Tusk|spd|1
|faint|p1a: Indeedee
|
|upkeep
|
|t:|1758352710
|switch|p1a: Mimikyu|Mimikyu, F, shiny|100/100
|turn|4
|
|t:|1758352719
|move|p2a: Great Tusk|Ice Spinner|p1a: Mimikyu
|-activate|p1a: Mimikyu|ability: Disguise
|-damage|p1a: Mimikyu|100/100
|-fieldend|move: Psychic Terrain
|detailschange|p1a: Mimikyu|Mimikyu-Busted, F, shiny
|-damage|p1a: Mimikyu|88/100|[from] pokemon: Mimikyu-Busted
|-enditem|p1a: Mimikyu|Red Card|[of] p2a: Great Tusk
|-end|p2a: Great Tusk|Protosynthesis|[silent]
|drag|p2a: Dragapult|Dragapult, M|100/100
|move|p1a: Mimikyu|Trick Room|p1a: Mimikyu
|-fieldstart|move: Trick Room|[of] p1a: Mimikyu
|
|upkeep
|turn|5
|inactive|qbking3 has 120 seconds left.
|
|t:|1758352731
|switch|p1a: Ursaluna|Ursaluna, F, shiny|100/100
|switch|p2a: Zapdos|Zapdos|100/100
|
|-status|p1a: Ursaluna|brn|[from] item: Flame Orb
|upkeep
|turn|6
|inactive|omnomapuss has 120 seconds left.
|
|t:|1758352763
|switch|p2a: Scizor|Scizor, F|100/100
|-terastallize|p1a: Ursaluna|Normal
|move|p1a: Ursaluna|Facade|p2a: Scizor
|-resisted|p2a: Scizor
|-damage|p2a: Scizor|4/100
|
|-damage|p1a: Ursaluna|94/100 brn|[from] brn
|upkeep
|turn|7
|
|t:|1758352776
|switch|p1a: Iron Hands|Iron Hands, shiny|63/100
|switch|p2a: Great Tusk|Great Tusk|29/100
|
|upkeep
|turn|8
|
|t:|1758352786
|move|p1a: Iron Hands|Ice Punch|p2a: Great Tusk
|-supereffective|p2a: Great Tusk
|-damage|p2a: Great Tusk|0 fnt
|-damage|p1a: Iron Hands|46/100|[from] item: Rocky Helmet|[of] p2a: Great Tusk
|faint|p2a: Great Tusk
|-end|p2a: Great Tusk|Protosynthesis|[silent]
|
|-fieldend|move: Trick Room
|upkeep
|
|t:|1758352793
|switch|p2a: Primarina|Primarina, M|100/100
|turn|9
|
|t:|1758352819
|move|p2a: Primarina|Moonblast|p1a: Iron Hands
|-supereffective|p1a: Iron Hands
|-damage|p1a: Iron Hands|0 fnt
|faint|p1a: Iron Hands
|-end|p1a: Iron Hands|Quark Drive|[silent]
|
|upkeep
|
|t:|1758352824
|switch|p1a: Mimikyu|Mimikyu-Busted, F, shiny|88/100
|turn|10
|
|t:|1758352836
|move|p2a: Primarina|Moonblast|p1a: Mimikyu
|-damage|p1a: Mimikyu|31/100
|move|p1a: Mimikyu|Trick Room|p1a: Mimikyu
|-fieldstart|move: Trick Room|[of] p1a: Mimikyu
|
|upkeep
|turn|11
|
|t:|1758352844
|switch|p2a: Zapdos|Zapdos|100/100
|move|p1a: Mimikyu|Curse|p2a: Zapdos
|-start|p2a: Zapdos|Curse|[of] p1a: Mimikyu
|-damage|p1a: Mimikyu|0 fnt
|faint|p1a: Mimikyu
|
|-damage|p2a: Zapdos|76/100|[from] Curse
|upkeep
|
|t:|1758352852
|switch|p1a: Ursaluna|Ursaluna, F, shiny, tera:Normal|94/100 brn
|turn|12
|
|t:|1758352865
|move|p1a: Ursaluna|Ice Punch|p2a: Zapdos
|-supereffective|p2a: Zapdos
|-damage|p2a: Zapdos|9/100
|move|p2a: Zapdos|Hurricane|p1a: Ursaluna
|-damage|p1a: Ursaluna|51/100 brn
|
|-damage|p1a: Ursaluna|45/100 brn|[from] brn
|-damage|p2a: Zapdos|0 fnt|[from] Curse
|faint|p2a: Zapdos
|upkeep
|
|t:|1758352871
|switch|p2a: Scizor|Scizor, F|4/100
|turn|13
|
|t:|1758352889
|move|p2a: Scizor|Bullet Punch|p1a: Ursaluna
|-damage|p1a: Ursaluna|9/100 brn
|move|p1a: Ursaluna|Facade|p2a: Scizor
|-resisted|p2a: Scizor
|-damage|p2a: Scizor|0 fnt
|faint|p2a: Scizor
|
|-damage|p1a: Ursaluna|3/100 brn|[from] brn
|upkeep
|
|t:|1758352899
|switch|p2a: Slowking|Slowking-Galar, F|100/100
|turn|14
|
|t:|1758352901
|move|p2a: Slowking|Sludge Bomb|p1a: Ursaluna
|-damage|p1a: Ursaluna|0 fnt
|faint|p1a: Ursaluna
|
|-fieldend|move: Trick Room
|upkeep
|
|t:|1758352907
|switch|p1a: Hoopa|Hoopa-Unbound|100/100
|turn|15
|
|t:|1758352928
|move|p2a: Slowking|Sludge Bomb|p1a: Hoopa
|-damage|p1a: Hoopa|76/100
|-status|p1a: Hoopa|psn
|move|p1a: Hoopa|Trick Room|p1a: Hoopa
|-fieldstart|move: Trick Room|[of] p1a: Hoopa
|
|-damage|p1a: Hoopa|63/100 psn|[from] psn
|upkeep
|turn|16
|
|t:|1758352936
|switch|p2a: Primarina|Primarina, M|100/100
|move|p1a: Hoopa|Hyperspace Fury|p2a: Primarina
|-resisted|p2a: Primarina
|-damage|p2a: Primarina|66/100
|-unboost|p1a: Hoopa|def|1
|
|-damage|p1a: Hoopa|51/100 psn|[from] psn
|upkeep
|turn|17
|
|t:|1758352940
|switch|p2a: Slowking|Slowking-Galar, F|100/100
|move|p1a: Hoopa|Expanding Force|p2a: Slowking
|-damage|p2a: Slowking|73/100
|
|-damage|p1a: Hoopa|39/100 psn|[from] psn
|upkeep
|turn|18
|
|t:|1758352944
|switch|p2a: Primarina|Primarina, M|66/100
|move|p1a: Hoopa|Hyperspace Fury|p2a: Primarina
|-resisted|p2a: Primarina
|-damage|p2a: Primarina|31/100
|-unboost|p1a: Hoopa|def|1
|
|-damage|p1a: Hoopa|26/100 psn|[from] psn
|upkeep
|turn|19
|
|t:|1758352949
|move|p1a: Hoopa|Hyperspace Fury|p2a: Primarina
|-resisted|p2a: Primarina
|-damage|p2a: Primarina|0 fnt
|-unboost|p1a: Hoopa|def|1
|faint|p2a: Primarina
|
|-damage|p1a: Hoopa|14/100 psn|[from] psn
|-fieldend|move: Trick Room
|upkeep
|
|t:|1758352951
|switch|p2a: Dragapult|Dragapult, M|100/100
|turn|20
|
|t:|1758352955
|switch|p1a: Hatterene|Hatterene, F, shiny|100/100
|move|p2a: Dragapult|U-turn|p1a: Hatterene
|-damage|p1a: Hatterene|56/100
|
|t:|1758352959
|switch|p2a: Slowking|Slowking-Galar, F|100/100|[from] U-turn
|
|upkeep
|turn|21
|c|☆qbking3|gg
|
|t:|1758352973
|move|p2a: Slowking|Sludge Bomb|p1a: Hatterene
|-supereffective|p1a: Hatterene
|-damage|p1a: Hatterene|0 fnt
|faint|p1a: Hatterene
|
|upkeep
|
|t:|1758352974
|switch|p1a: Hoopa|Hoopa-Unbound|14/100 psn
|turn|22
|
|t:|1758352994
|move|p1a: Hoopa|Hyperspace Fury|p2a: Slowking
|-supereffective|p2a: Slowking
|-damage|p2a: Slowking|0 fnt
|-unboost|p1a: Hoopa|def|1
|faint|p2a: Slowking
|
|-damage|p1a: Hoopa|1/100 psn|[from] psn
|upkeep
|c|☆omnomapuss|gg
|
|t:|1758352998
|switch|p2a: Dragapult|Dragapult, M|100/100
|turn|23
|
|t:|1758353004
|move|p2a: Dragapult|Dragon Darts|p1a: Hoopa
|-damage|p1a: Hoopa|0 fnt
|faint|p1a: Hoopa
|
|win|omnomapuss
|raw|qbking3's rating: 1435 &rarr; <strong>1418</strong><br />(-17 for losing)
|raw|omnomapuss's rating: 1487 &rarr; <strong>1504</strong><br />(+17 for winning)
|l|☆omnomapuss
|player|p2|
|l|☆qbking3
|player|p1|
