|j|☆Eight Five
|j|☆miriasa
|t:|1758322189
|gametype|singles
|player|p1|Eight Five|265|1577
|player|p2|miriasa|marley|1584
|gen|9
|tier|[Gen 9] OU
|rated|
|rule|HP Percentage Mod: HP is shown in percentages
|rule|Endless Battle Clause: Forcing endless battles is banned
|rule|Species Clause: Limit one of each Pokémon
|rule|OHKO Clause: OHKO moves are banned
|rule|Evasion Items Clause: Evasion items are banned
|rule|Evasion Moves Clause: Evasion moves are banned
|rule|Evasion Abilities Clause: Evasion abilities are banned
|rule|Sleep Moves Clause: Sleep-inducing moves are banned
|clearpoke
|poke|p1|Great Tusk|
|poke|p1|Landorus-Therian, M|
|poke|p1|Jirachi|
|poke|p1|Chandelure, M|
|poke|p1|Primarina, F|
|poke|p1|Zapdos|
|poke|p2|Hydrapple, F|
|poke|p2|Cinderace, F|
|poke|p2|Moltres|
|poke|p2|Iron Valiant|
|poke|p2|Ogerpon-Wellspring, F|
|poke|p2|Ting-Lu|
|teampreview
|inactive|Battle timer is ON: inactive players will automatically lose when time's up. (requested by Eight Five)
|
|t:|1758322215
|teamsize|p1|6
|teamsize|p2|6
|start
|switch|p1a: Zapdos|Zapdos|100/100
|switch|p2a: Cinderace|Cinderace, F|100/100
|turn|1
|j| Nikator98
|
|t:|1758322229
|switch|p2a: Ting-Lu|Ting-Lu|100/100
|-ability|p2a: Ting-Lu|Vessel of Ruin
|move|p1a: Zapdos|Hurricane|p2a: Ting-Lu|[miss]
|-miss|p1a: Zapdos|p2a: Ting-Lu
|
|upkeep
|turn|2
|
|t:|1758322242
|switch|p1a: Primarina|Primarina, F|100/100
|move|p2a: Ting-Lu|Ruination|p1a: Primarina
|-damage|p1a: Primarina|51/100
|
|-heal|p1a: Primarina|57/100|[from] item: Leftovers
|upkeep
|turn|3
|
|t:|1758322259
|switch|p2a: Ogerpon|Ogerpon-Wellspring, F|100/100
|move|p1a: Primarina|Draining Kiss|p2a: Ogerpon
|-damage|p2a: Ogerpon|76/100
|-heal|p1a: Primarina|72/100|[from] drain|[of] p2a: Ogerpon
|
|-heal|p1a: Primarina|78/100|[from] item: Leftovers
|upkeep
|turn|4
|
|t:|1758322266
|move|p1a: Primarina|Protect|p1a: Primarina
|-singleturn|p1a: Primarina|Protect
|move|p2a: Ogerpon|Swords Dance|p2a: Ogerpon
|-boost|p2a: Ogerpon|atk|2
|
|-heal|p1a: Primarina|84/100|[from] item: Leftovers
|upkeep
|turn|5
|
|t:|1758322283
|move|p2a: Ogerpon|Ivy Cudgel|p1a: Primarina|[anim] Ivy Cudgel Water
|-resisted|p1a: Primarina
|-damage|p1a: Primarina|34/100
|move|p1a: Primarina|Draining Kiss|p2a: Ogerpon
|-damage|p2a: Ogerpon|53/100
|-heal|p1a: Primarina|49/100|[from] drain|[of] p2a: Ogerpon
|
|-heal|p1a: Primarina|55/100|[from] item: Leftovers
|upkeep
|turn|6
|j| ivo-arg
|
|t:|1758322293
|move|p2a: Ogerpon|Horn Leech|p1a: Primarina
|-supereffective|p1a: Primarina
|-damage|p1a: Primarina|0 fnt
|-heal|p2a: Ogerpon|85/100|[from] drain|[of] p1a: Primarina
|faint|p1a: Primarina
|
|upkeep
|
|t:|1758322316
|switch|p1a: Landorus|Landorus-Therian, M|100/100
|-ability|p1a: Landorus|Intimidate|boost
|-unboost|p2a: Ogerpon|atk|1
|turn|7
|
|t:|1758322326
|-terastallize|p1a: Landorus|Water
|move|p2a: Ogerpon|Ivy Cudgel|p1a: Landorus|[anim] Ivy Cudgel Water
|-resisted|p1a: Landorus
|-damage|p1a: Landorus|43/100
|move|p1a: Landorus|U-turn|p2a: Ogerpon
|-supereffective|p2a: Ogerpon
|-damage|p2a: Ogerpon|13/100
|
|t:|1758322330
|switch|p1a: Chandelure|Chandelure, M|100/100|[from] U-turn
|
|upkeep
|turn|8
|
|t:|1758322340
|switch|p1a: Landorus|Landorus-Therian, M, tera:Water|43/100
|-ability|p1a: Landorus|Intimidate|boost
|-unboost|p2a: Ogerpon|atk|1
|switch|p2a: Ting-Lu|Ting-Lu|100/100
|-ability|p2a: Ting-Lu|Vessel of Ruin
|
|upkeep
|turn|9
|
|t:|1758322344
|move|p1a: Landorus|Swords Dance|p1a: Landorus
|-boost|p1a: Landorus|atk|2
|move|p2a: Ting-Lu|Stealth Rock|p1a: Landorus
|-sidestart|p1: Eight Five|move: Stealth Rock
|
|upkeep
|turn|10
|
|t:|1758322349
|switch|p2a: Moltres|Moltres|100/100
|move|p1a: Landorus|Gravity|p1a: Landorus
|-fieldstart|move: Gravity
|
|upkeep
|turn|11
|
|t:|1758322354
|-terastallize|p2a: Moltres|Grass
|move|p1a: Landorus|Earthquake|p2a: Moltres
|-resisted|p2a: Moltres
|-damage|p2a: Moltres|50/100
|move|p2a: Moltres|Will-O-Wisp|p1a: Landorus
|-status|p1a: Landorus|brn
|
|-damage|p1a: Landorus|37/100 brn|[from] brn
|upkeep
|turn|12
|
|t:|1758322363
|move|p1a: Landorus|U-turn|p2a: Moltres
|-supereffective|p2a: Moltres
|-damage|p2a: Moltres|10/100
|
|t:|1758322373
|switch|p1a: Chandelure|Chandelure, M|100/100|[from] U-turn
|-damage|p1a: Chandelure|76/100|[from] Stealth Rock
|move|p2a: Moltres|Roost|p2a: Moltres
|-heal|p2a: Moltres|60/100
|
|upkeep
|turn|13
|
|t:|1758322376
|switch|p2a: Ting-Lu|Ting-Lu|100/100
|-ability|p2a: Ting-Lu|Vessel of Ruin
|move|p1a: Chandelure|Inferno|p2a: Ting-Lu
|-damage|p2a: Ting-Lu|75/100
|-status|p2a: Ting-Lu|brn
|
|-heal|p2a: Ting-Lu|82/100 brn|[from] item: Leftovers
|-damage|p2a: Ting-Lu|75/100 brn|[from] brn
|upkeep
|turn|14
|
|t:|1758322385
|switch|p1a: Landorus|Landorus-Therian, M, tera:Water|37/100 brn
|-damage|p1a: Landorus|25/100 brn|[from] Stealth Rock
|-ability|p1a: Landorus|Intimidate|boost
|-unboost|p2a: Ting-Lu|atk|1
|move|p2a: Ting-Lu|Earthquake|p1a: Landorus
|-damage|p1a: Landorus|9/100 brn
|
|-heal|p2a: Ting-Lu|82/100 brn|[from] item: Leftovers
|-damage|p1a: Landorus|3/100 brn|[from] brn
|-damage|p2a: Ting-Lu|75/100 brn|[from] brn
|-fieldend|move: Gravity
|upkeep
|turn|15
|
|t:|1758322397
|switch|p2a: Hydrapple|Hydrapple, F|100/100
|move|p1a: Landorus|Earthquake|p2a: Hydrapple
|-resisted|p2a: Hydrapple
|-damage|p2a: Hydrapple|90/100
|
|-damage|p1a: Landorus|0 fnt|[from] brn
|faint|p1a: Landorus
|upkeep
|
|t:|1758322403
|switch|p1a: Great Tusk|Great Tusk|100/100
|turn|16
|
|t:|1758322414
|move|p1a: Great Tusk|Rapid Spin|p2a: Hydrapple
|-damage|p2a: Hydrapple|80/100
|-boost|p1a: Great Tusk|spe|1
|-damage|p1a: Great Tusk|84/100|[from] item: Rocky Helmet|[of] p2a: Hydrapple
|-sideend|p1: Eight Five|Stealth Rock|[from] move: Rapid Spin|[of] p1a: Great Tusk
|move|p2a: Hydrapple|Giga Drain|p1a: Great Tusk
|-supereffective|p1a: Great Tusk
|-damage|p1a: Great Tusk|0 fnt
|-heal|p2a: Hydrapple|100/100|[from] drain|[of] p1a: Great Tusk
|faint|p1a: Great Tusk
|-end|p1a: Great Tusk|Protosynthesis|[silent]
|
|upkeep
|
|t:|1758322430
|switch|p1a: Zapdos|Zapdos|100/100
|turn|17
|
|t:|1758322434
|move|p1a: Zapdos|Hurricane|p2a: Hydrapple
|-supereffective|p2a: Hydrapple
|-damage|p2a: Hydrapple|0 fnt
|faint|p2a: Hydrapple
|
|upkeep
|
|t:|1758322439
|switch|p2a: Cinderace|Cinderace, F|100/100
|turn|18
|
|t:|1758322442
|move|p2a: Cinderace|Pyro Ball|p1a: Zapdos
|-damage|p1a: Zapdos|27/100
|move|p1a: Zapdos|Hurricane|p2a: Cinderace|[miss]
|-miss|p1a: Zapdos|p2a: Cinderace
|
|upkeep
|turn|19
|
|t:|1758322446
|move|p2a: Cinderace|Pyro Ball|p1a: Zapdos
|-damage|p1a: Zapdos|0 fnt
|faint|p1a: Zapdos
|
|upkeep
|-message|Eight Five forfeited.
|
|win|miriasa
|raw|Eight Five's rating: 1577 &rarr; <strong>1557</strong><br />(-20 for losing)
|raw|miriasa's rating: 1584 &rarr; <strong>1604</strong><br />(+20 for winning)
|l|☆Eight Five
|player|p1|
|l|☆miriasa
|player|p2|
|l| ivo-arg
