|j|☆LousiV
|j|☆Sakuta4U
|t:|1758358238
|gametype|singles
|player|p1|LousiV|102|1153
|player|p2|Sakuta4U|parasollady|1176
|gen|9
|tier|[Gen 9] OU
|rated|
|rule|HP Percentage Mod: HP is shown in percentages
|rule|Endless Battle Clause: Forcing endless battles is banned
|rule|Species Clause: Limit one of each Pokémon
|rule|OHKO Clause: OHKO moves are banned
|rule|Evasion Items Clause: Evasion items are banned
|rule|Evasion Moves Clause: Evasion moves are banned
|rule|Evasion Abilities Clause: Evasion abilities are banned
|rule|Sleep Moves Clause: Sleep-inducing moves are banned
|clearpoke
|poke|p1|Staraptor, F|
|poke|p1|Cetitan, M|
|poke|p1|Azumarill, M|
|poke|p1|Abomasnow, F|
|poke|p1|Slowking, M|
|poke|p1|Sandy Shocks|
|poke|p2|Garganacl, F|
|poke|p2|Dragapult, F|
|poke|p2|Ogerpon-Wellspring, F|
|poke|p2|Moltres|
|poke|p2|Zamazenta-*|
|poke|p2|Iron Treads|
|teampreview
|j| Lynx_The_One
|inactive|Battle timer is ON: inactive players will automatically lose when time's up. (requested by LousiV)
|inactive|Sakuta4U also wants the timer to be on.
|
|t:|1758358248
|teamsize|p1|6
|teamsize|p2|6
|start
|switch|p1a: Abomasnow|Abomasnow, F|100/100
|switch|p2a: Zamazenta|Zamazenta|100/100
|-ability|p2a: Zamazenta|Dauntless Shield|boost
|-boost|p2a: Zamazenta|def|1
|-weather|Snowscape|[from] ability: Snow Warning|[of] p1a: Abomasnow
|turn|1
|l| Lynx_The_One
|inactive|LousiV has 120 seconds left.
|
|t:|1758358297
|move|p2a: Zamazenta|Heavy Slam|p1a: Abomasnow
|-supereffective|p1a: Abomasnow
|-damage|p1a: Abomasnow|77/100
|move|p1a: Abomasnow|Leaf Storm|p2a: Zamazenta
|-damage|p2a: Zamazenta|50/100
|-unboost|p1a: Abomasnow|spa|2
|
|-weather|Snowscape|[upkeep]
|upkeep
|turn|2
|
|t:|1758358306
|switch|p1a: Azumarill|Azumarill, M|100/100
|move|p2a: Zamazenta|Close Combat|p1a: Azumarill
|-resisted|p1a: Azumarill
|-damage|p1a: Azumarill|68/100
|-unboost|p2a: Zamazenta|def|1
|-unboost|p2a: Zamazenta|spd|1
|
|-weather|Snowscape|[upkeep]
|upkeep
|turn|3
|
|t:|1758358324
|switch|p2a: Iron Treads|Iron Treads|100/100
|move|p1a: Azumarill|Play Rough|p2a: Iron Treads
|-resisted|p2a: Iron Treads
|-damage|p2a: Iron Treads|77/100
|
|-weather|Snowscape|[upkeep]
|-heal|p2a: Iron Treads|83/100|[from] item: Leftovers
|upkeep
|turn|4
|inactive|LousiV has 120 seconds left.
|
|t:|1758358334
|move|p2a: Iron Treads|Knock Off|p1a: Azumarill
|-resisted|p1a: Azumarill
|-damage|p1a: Azumarill|55/100
|-enditem|p1a: Azumarill|Assault Vest|[from] move: Knock Off|[of] p2a: Iron Treads
|move|p1a: Azumarill|Liquidation|p2a: Iron Treads
|-supereffective|p2a: Iron Treads
|-damage|p2a: Iron Treads|2/100
|
|-weather|Snowscape|[upkeep]
|-heal|p2a: Iron Treads|8/100|[from] item: Leftovers
|upkeep
|turn|5
|
|t:|1758358342
|move|p2a: Iron Treads|Stealth Rock|p1a: Azumarill
|-sidestart|p1: LousiV|move: Stealth Rock
|move|p1a: Azumarill|Superpower|p2a: Iron Treads
|-supereffective|p2a: Iron Treads
|-damage|p2a: Iron Treads|0 fnt
|-unboost|p1a: Azumarill|atk|1
|-unboost|p1a: Azumarill|def|1
|faint|p2a: Iron Treads
|-end|p2a: Iron Treads|Quark Drive|[silent]
|
|-weather|none
|upkeep
|
|t:|1758358352
|switch|p2a: Ogerpon|Ogerpon-Wellspring, F|100/100
|turn|6
|
|t:|1758358356
|move|p2a: Ogerpon|Trailblaze|p1a: Azumarill
|-supereffective|p1a: Azumarill
|-damage|p1a: Azumarill|0 fnt
|-boost|p2a: Ogerpon|spe|1
|faint|p1a: Azumarill
|
|upkeep
|
|t:|1758358360
|switch|p1a: Abomasnow|Abomasnow, F|77/100
|-damage|p1a: Abomasnow|52/100|[from] Stealth Rock
|-weather|Snowscape|[from] ability: Snow Warning|[of] p1a: Abomasnow
|turn|7
|
|t:|1758358373
|switch|p2a: Moltres|Moltres|100/100
|move|p1a: Abomasnow|Blizzard|p2a: Moltres
|-damage|p2a: Moltres|57/100
|
|-weather|Snowscape|[upkeep]
|upkeep
|turn|8
|
|t:|1758358387
|switch|p1a: Slowking|Slowking, M|100/100
|-damage|p1a: Slowking|88/100|[from] Stealth Rock
|move|p2a: Moltres|Flamethrower|p1a: Slowking
|-resisted|p1a: Slowking
|-crit|p1a: Slowking
|-damage|p1a: Slowking|69/100
|-status|p1a: Slowking|brn
|
|-weather|Snowscape|[upkeep]
|-heal|p1a: Slowking|75/100 brn|[from] item: Leftovers
|-damage|p1a: Slowking|69/100 brn|[from] brn
|upkeep
|turn|9
|
|t:|1758358402
|switch|p2a: Ogerpon|Ogerpon-Wellspring, F|100/100
|-prepare|p1a: Slowking|Chilly Reception|[premajor]
|move|p1a: Slowking|Chilly Reception|p1a: Slowking
|
|t:|1758358408
|switch|p1a: Abomasnow|Abomasnow, F|52/100|[from] Chilly Reception
|-damage|p1a: Abomasnow|28/100|[from] Stealth Rock
|
|-weather|Snowscape|[upkeep]
|upkeep
|turn|10
|
|t:|1758358421
|switch|p2a: Garganacl|Garganacl, F|100/100
|move|p1a: Abomasnow|Blizzard|p2a: Garganacl
|-damage|p2a: Garganacl|68/100
|
|-weather|Snowscape|[upkeep]
|-heal|p2a: Garganacl|74/100|[from] item: Leftovers
|upkeep
|turn|11
|
|t:|1758358434
|move|p1a: Abomasnow|Leaf Storm|p2a: Garganacl|[miss]
|-miss|p1a: Abomasnow|p2a: Garganacl
|move|p2a: Garganacl|Body Press|p1a: Abomasnow
|-supereffective|p1a: Abomasnow
|-damage|p1a: Abomasnow|0 fnt
|faint|p1a: Abomasnow
|
|-weather|none
|-heal|p2a: Garganacl|80/100|[from] item: Leftovers
|upkeep
|
|t:|1758358440
|switch|p1a: Slowking|Slowking, M|100/100 brn
|-damage|p1a: Slowking|88/100 brn|[from] Stealth Rock
|turn|12
|
|t:|1758358450
|-terastallize|p2a: Garganacl|Electric
|move|p2a: Garganacl|Salt Cure|p1a: Slowking
|-damage|p1a: Slowking|77/100 brn
|-start|p1a: Slowking|Salt Cure
|-prepare|p1a: Slowking|Chilly Reception|[premajor]
|move|p1a: Slowking|Chilly Reception|p1a: Slowking
|-weather|Snowscape
|
|t:|1758358455
|switch|p1a: Sandy Shocks|Sandy Shocks|100/100|[from] Chilly Reception
|-damage|p1a: Sandy Shocks|94/100|[from] Stealth Rock
|
|-weather|Snowscape|[upkeep]
|-heal|p2a: Garganacl|86/100|[from] item: Leftovers
|upkeep
|turn|13
|
|t:|1758358463
|switch|p2a: Moltres|Moltres|57/100
|move|p1a: Sandy Shocks|Earth Power|p2a: Moltres
|-immune|p2a: Moltres
|
|-weather|Snowscape|[upkeep]
|upkeep
|turn|14
|
|t:|1758358477
|-end|p1a: Sandy Shocks|Protosynthesis|[silent]
|switch|p1a: Slowking|Slowking, M|100/100 brn
|-damage|p1a: Slowking|88/100 brn|[from] Stealth Rock
|switch|p2a: Dragapult|Dragapult, F|100/100
|
|-weather|Snowscape|[upkeep]
|-heal|p1a: Slowking|94/100 brn|[from] item: Leftovers
|-damage|p1a: Slowking|88/100 brn|[from] brn
|upkeep
|turn|15
|
|t:|1758358487
|move|p2a: Dragapult|Hex|p1a: Slowking
|-supereffective|p1a: Slowking
|-damage|p1a: Slowking|11/100 brn
|move|p1a: Slowking|Slack Off|p1a: Slowking
|-heal|p1a: Slowking|61/100 brn
|
|-weather|Snowscape|[upkeep]
|-heal|p1a: Slowking|68/100 brn|[from] item: Leftovers
|-damage|p1a: Slowking|61/100 brn|[from] brn
|upkeep
|turn|16
|
|t:|1758358497
|switch|p1a: Staraptor|Staraptor, F|100/100
|-damage|p1a: Staraptor|76/100|[from] Stealth Rock
|move|p2a: Dragapult|Draco Meteor|p1a: Staraptor
|-damage|p1a: Staraptor|0 fnt
|-unboost|p2a: Dragapult|spa|2
|faint|p1a: Staraptor
|
|-weather|none
|upkeep
|
|t:|1758358504
|switch|p1a: Sandy Shocks|Sandy Shocks|94/100
|-damage|p1a: Sandy Shocks|88/100|[from] Stealth Rock
|turn|17
|
|t:|1758358511
|move|p2a: Dragapult|Will-O-Wisp|p1a: Sandy Shocks
|-status|p1a: Sandy Shocks|brn
|move|p1a: Sandy Shocks|Volt Switch|p2a: Dragapult
|-resisted|p2a: Dragapult
|-damage|p2a: Dragapult|68/100
|
|t:|1758358514
|-end|p1a: Sandy Shocks|Protosynthesis|[silent]
|switch|p1a: Cetitan|Cetitan, M|100/100|[from] Volt Switch
|-damage|p1a: Cetitan|76/100|[from] Stealth Rock
|
|upkeep
|turn|18
|
|t:|1758358523
|switch|p2a: Garganacl|Garganacl, F, tera:Electric|86/100
|move|p1a: Cetitan|Icicle Crash|p2a: Garganacl
|-damage|p2a: Garganacl|36/100
|
|-heal|p2a: Garganacl|42/100|[from] item: Leftovers
|upkeep
|turn|19
|
|t:|1758358539
|move|p1a: Cetitan|Icicle Crash|p2a: Garganacl
|-damage|p2a: Garganacl|0 fnt
|faint|p2a: Garganacl
|
|upkeep
|
|t:|1758358544
|switch|p2a: Ogerpon|Ogerpon-Wellspring, F|100/100
|turn|20
|
|t:|1758358549
|move|p2a: Ogerpon|Ivy Cudgel|p1a: Cetitan|[anim] Ivy Cudgel Water
|-damage|p1a: Cetitan|30/100
|move|p1a: Cetitan|Icicle Crash|p2a: Ogerpon
|-damage|p2a: Ogerpon|19/100
|
|upkeep
|turn|21
|
|t:|1758358555
|move|p1a: Cetitan|Ice Shard|p2a: Ogerpon
|-damage|p2a: Ogerpon|0 fnt
|faint|p2a: Ogerpon
|-damage|p1a: Cetitan|20/100|[from] item: Life Orb
|
|upkeep
|
|t:|1758358563
|switch|p2a: Zamazenta|Zamazenta|50/100
|turn|22
|
|t:|1758358567
|move|p1a: Cetitan|Ice Shard|p2a: Zamazenta
|-damage|p2a: Zamazenta|24/100
|-damage|p1a: Cetitan|10/100|[from] item: Life Orb
|move|p2a: Zamazenta|Heavy Slam|p1a: Cetitan
|-supereffective|p1a: Cetitan
|-damage|p1a: Cetitan|0 fnt
|faint|p1a: Cetitan
|
|upkeep
|
|t:|1758358574
|switch|p1a: Sandy Shocks|Sandy Shocks|88/100 brn
|-damage|p1a: Sandy Shocks|82/100 brn|[from] Stealth Rock
|turn|23
|
|t:|1758358578
|move|p2a: Zamazenta|Ice Fang|p1a: Sandy Shocks
|-supereffective|p1a: Sandy Shocks
|-crit|p1a: Sandy Shocks
|-damage|p1a: Sandy Shocks|2/100 brn
|cant|p1a: Sandy Shocks|flinch
|
|-damage|p1a: Sandy Shocks|0 fnt|[from] brn
|faint|p1a: Sandy Shocks
|-end|p1a: Sandy Shocks|Protosynthesis|[silent]
|upkeep
|
|t:|1758358581
|switch|p1a: Slowking|Slowking, M|95/100 brn
|-damage|p1a: Slowking|82/100 brn|[from] Stealth Rock
|turn|24
|
|t:|1758358589
|move|p2a: Zamazenta|Crunch|p1a: Slowking
|-supereffective|p1a: Slowking
|-damage|p1a: Slowking|27/100 brn
|-unboost|p1a: Slowking|def|1
|move|p1a: Slowking|Psychic Noise|p2a: Zamazenta
|-supereffective|p2a: Zamazenta
|-damage|p2a: Zamazenta|0 fnt
|faint|p2a: Zamazenta
|
|-heal|p1a: Slowking|33/100 brn|[from] item: Leftovers
|-damage|p1a: Slowking|27/100 brn|[from] brn
|upkeep
|-message|LousiV forfeited.
|
|win|Sakuta4U
|raw|LousiV's rating: 1153 &rarr; <strong>1130</strong><br />(-23 for losing)
|raw|Sakuta4U's rating: 1176 &rarr; <strong>1199</strong><br />(+23 for winning)
|l|☆LousiV
|player|p1|
|l|☆Sakuta4U
|player|p2|
