|j|☆chef's touch
|j|☆dynamo fuckass
|t:|1758304373
|gametype|singles
|player|p1|chef's touch|lady|1421
|player|p2|dynamo fuckass|101|1413
|gen|9
|tier|[Gen 9] OU
|rated|
|rule|HP Percentage Mod: HP is shown in percentages
|rule|Endless Battle Clause: Forcing endless battles is banned
|rule|Species Clause: Limit one of each Pokémon
|rule|OHKO Clause: OHKO moves are banned
|rule|Evasion Items Clause: Evasion items are banned
|rule|Evasion Moves Clause: Evasion moves are banned
|rule|Evasion Abilities Clause: Evasion abilities are banned
|rule|Sleep Moves Clause: Sleep-inducing moves are banned
|clearpoke
|poke|p1|Gholdengo|
|poke|p1|Moltres|
|poke|p1|Rillaboom, F|
|poke|p1|Ting-Lu|
|poke|p1|Great Tusk|
|poke|p1|Electrode-Hisui|
|poke|p2|Zamazenta-*|
|poke|p2|Iron Valiant|
|poke|p2|Keldeo|
|poke|p2|Slowking-Galar, M|
|poke|p2|Zapdos|
|poke|p2|Landorus-Therian, M|
|teampreview
|
|t:|1758304380
|teamsize|p1|6
|teamsize|p2|6
|start
|switch|p1a: Electrode|Electrode-Hisui, shiny|100/100
|switch|p2a: Zamazenta|Zamazenta|100/100
|-ability|p2a: Zamazenta|Dauntless Shield|boost
|-boost|p2a: Zamazenta|def|1
|turn|1
|
|t:|1758304386
|move|p2a: Zamazenta|Close Combat|p1a: Electrode
|-damage|p1a: Electrode|0 fnt
|-unboost|p2a: Zamazenta|def|1
|-unboost|p2a: Zamazenta|spd|1
|-damage|p2a: Zamazenta|76/100|[from] ability: Aftermath|[of] p1a: Electrode
|faint|p1a: Electrode
|-damage|p2a: Zamazenta|66/100|[from] item: Life Orb
|
|upkeep
|
|t:|1758304390
|switch|p1a: Rillaboom|Rillaboom, F|100/100
|-fieldstart|move: Grassy Terrain|[from] ability: Grassy Surge|[of] p1a: Rillaboom
|turn|2
|
|t:|1758304393
|move|p1a: Rillaboom|Grassy Glide|p2a: Zamazenta
|-damage|p2a: Zamazenta|8/100
|move|p2a: Zamazenta|Close Combat|p1a: Rillaboom
|-damage|p1a: Rillaboom|23/100
|-unboost|p2a: Zamazenta|def|1
|-unboost|p2a: Zamazenta|spd|1
|-damage|p2a: Zamazenta|0 fnt|[from] item: Life Orb
|faint|p2a: Zamazenta
|
|-heal|p1a: Rillaboom|30/100|[from] Grassy Terrain
|upkeep
|
|t:|1758304397
|switch|p2a: Landorus|Landorus-Therian, M|100/100
|-ability|p2a: Landorus|Intimidate|boost
|-unboost|p1a: Rillaboom|atk|1
|turn|3
|
|t:|1758304404
|switch|p1a: Moltres|Moltres|100/100
|move|p2a: Landorus|Stealth Rock|p1a: Moltres
|-sidestart|p1: chef's touch|move: Stealth Rock
|
|upkeep
|turn|4
|
|t:|1758304408
|move|p2a: Landorus|Taunt|p1a: Moltres
|-start|p1a: Moltres|move: Taunt
|cant|p1a: Moltres|move: Taunt|Will-O-Wisp
|
|upkeep
|turn|5
|
|t:|1758304411
|switch|p2a: Slowking|Slowking-Galar, M|100/100
|move|p1a: Moltres|U-turn|p2a: Slowking
|-damage|p2a: Slowking|88/100
|
|t:|1758304414
|switch|p1a: Great Tusk|Great Tusk|100/100|[from] U-turn
|-damage|p1a: Great Tusk|98/100|[from] Stealth Rock
|
|-heal|p1a: Great Tusk|100/100|[from] Grassy Terrain
|-heal|p2a: Slowking|94/100|[from] Grassy Terrain
|upkeep
|turn|6
|
|t:|1758304419
|move|p1a: Great Tusk|Stealth Rock|p2a: Slowking
|-sidestart|p2: dynamo fuckass|move: Stealth Rock
|move|p2a: Slowking|Future Sight|p1a: Great Tusk
|-start|p2a: Slowking|move: Future Sight
|
|-heal|p2a: Slowking|99/100|[from] Grassy Terrain
|-fieldend|move: Grassy Terrain
|upkeep
|turn|7
|
|t:|1758304426
|-end|p1a: Great Tusk|Protosynthesis|[silent]
|switch|p1a: Ting-Lu|Ting-Lu|100/100
|-damage|p1a: Ting-Lu|94/100|[from] Stealth Rock
|-ability|p1a: Ting-Lu|Vessel of Ruin
|-prepare|p2a: Slowking|Chilly Reception|[premajor]
|move|p2a: Slowking|Chilly Reception|p2a: Slowking
|-weather|Snowscape
|
|t:|1758304440
|switch|p2a: Iron Valiant|Iron Valiant|100/100|[from] Chilly Reception
|-damage|p2a: Iron Valiant|94/100|[from] Stealth Rock
|-enditem|p2a: Iron Valiant|Booster Energy
|-activate|p2a: Iron Valiant|ability: Quark Drive|[fromitem]
|-start|p2a: Iron Valiant|quarkdrivespe
|
|-weather|Snowscape|[upkeep]
|-heal|p1a: Ting-Lu|100/100|[from] item: Leftovers
|upkeep
|turn|8
|
|t:|1758304442
|switch|p1a: Moltres|Moltres|100/100
|move|p2a: Iron Valiant|Swords Dance|p2a: Iron Valiant
|-boost|p2a: Iron Valiant|atk|2
|
|-weather|Snowscape|[upkeep]
|-end|p1a: Moltres|move: Future Sight
|-damage|p1a: Moltres|52/100
|upkeep
|turn|9
|
|t:|1758304449
|move|p2a: Iron Valiant|Knock Off|p1a: Moltres
|-damage|p1a: Moltres|3/100
|-enditem|p1a: Moltres|Heavy-Duty Boots|[from] move: Knock Off|[of] p2a: Iron Valiant
|move|p1a: Moltres|Flamethrower|p2a: Iron Valiant
|-damage|p2a: Iron Valiant|23/100
|
|-weather|Snowscape|[upkeep]
|upkeep
|turn|10
|
|t:|1758304455
|move|p2a: Iron Valiant|Knock Off|p1a: Moltres
|-damage|p1a: Moltres|0 fnt
|faint|p1a: Moltres
|
|-weather|Snowscape|[upkeep]
|upkeep
|
|t:|1758304464
|switch|p1a: Rillaboom|Rillaboom, F|30/100
|-damage|p1a: Rillaboom|17/100|[from] Stealth Rock
|-fieldstart|move: Grassy Terrain|[from] ability: Grassy Surge|[of] p1a: Rillaboom
|turn|11
|
|t:|1758304469
|-end|p2a: Iron Valiant|Quark Drive|[silent]
|switch|p2a: Landorus|Landorus-Therian, M|100/100
|-damage|p2a: Landorus|88/100|[from] Stealth Rock
|-ability|p2a: Landorus|Intimidate|boost
|-unboost|p1a: Rillaboom|atk|1
|move|p1a: Rillaboom|Knock Off|p2a: Landorus
|-damage|p2a: Landorus|57/100
|-damage|p1a: Rillaboom|1/100|[from] item: Rocky Helmet|[of] p2a: Landorus
|-enditem|p2a: Landorus|Rocky Helmet|[from] move: Knock Off|[of] p1a: Rillaboom
|
|-weather|none
|-heal|p1a: Rillaboom|7/100|[from] Grassy Terrain
|upkeep
|turn|12
|
|t:|1758304473
|switch|p1a: Great Tusk|Great Tusk|100/100
|-damage|p1a: Great Tusk|98/100|[from] Stealth Rock
|move|p2a: Landorus|U-turn|p1a: Great Tusk
|-resisted|p1a: Great Tusk
|-damage|p1a: Great Tusk|91/100
|
|t:|1758304478
|switch|p2a: Keldeo|Keldeo|100/100|[from] U-turn
|
|-heal|p1a: Great Tusk|97/100|[from] Grassy Terrain
|-heal|p1a: Great Tusk|100/100|[from] item: Leftovers
|upkeep
|turn|13
|
|t:|1758304484
|-terastallize|p1a: Great Tusk|Water
|move|p2a: Keldeo|Surf|p1a: Great Tusk
|-resisted|p1a: Great Tusk
|-damage|p1a: Great Tusk|72/100
|move|p1a: Great Tusk|Headlong Rush|p2a: Keldeo
|-damage|p2a: Keldeo|45/100
|-unboost|p1a: Great Tusk|def|1
|-unboost|p1a: Great Tusk|spd|1
|
|-heal|p2a: Keldeo|52/100|[from] Grassy Terrain
|-heal|p1a: Great Tusk|79/100|[from] Grassy Terrain
|-heal|p1a: Great Tusk|85/100|[from] item: Leftovers
|upkeep
|turn|14
|inactive|Battle timer is ON: inactive players will automatically lose when time's up. (requested by dynamo fuckass)
|inactive|chef's touch has 120 seconds left.
|inactive|chef's touch has 90 seconds left.
|inactive|chef's touch has 60 seconds left.
|inactive|chef's touch has 30 seconds left.
|inactive|chef's touch has 20 seconds left.
|inactive|chef's touch has 15 seconds left.
|inactive|chef's touch has 10 seconds left.
|inactive|chef's touch has 5 seconds left.
|-message|chef's touch lost due to inactivity.
|
|win|dynamo fuckass
|raw|chef&apos;s touch's rating: 1421 &rarr; <strong>1401</strong><br />(-20 for losing)
|raw|dynamo fuckass's rating: 1413 &rarr; <strong>1433</strong><br />(+20 for winning)
|l|☆dynamo fuckass
|player|p2|
