|j|☆skidog
|j|☆Mr.diversity
|t:|1758307555
|gametype|singles
|player|p1|skidog|skierf|1764
|player|p2|Mr.diversity|102|1765
|gen|9
|tier|[Gen 9] OU
|rated|
|rule|HP Percentage Mod: HP is shown in percentages
|rule|Endless Battle Clause: Forcing endless battles is banned
|rule|Species Clause: Limit one of each Pokémon
|rule|OHKO Clause: OHKO moves are banned
|rule|Evasion Items Clause: Evasion items are banned
|rule|Evasion Moves Clause: Evasion moves are banned
|rule|Evasion Abilities Clause: Evasion abilities are banned
|rule|Sleep Moves Clause: Sleep-inducing moves are banned
|clearpoke
|poke|p1|Samurott-Hisui, F|
|poke|p1|Meowscarada, F|
|poke|p1|Glimmora, F|
|poke|p1|Zapdos|
|poke|p1|Gholdengo|
|poke|p1|Great Tusk|
|poke|p2|Landorus-Therian, M|
|poke|p2|Cinderace, M|
|poke|p2|Great Tusk|
|poke|p2|Heatran, M|
|poke|p2|Clodsire, M|
|poke|p2|Armarouge, M|
|teampreview
|inactive|Battle timer is ON: inactive players will automatically lose when time's up. (requested by skidog)
|
|t:|1758307564
|teamsize|p1|6
|teamsize|p2|6
|start
|switch|p1a: Zapdos|Zapdos|100/100
|switch|p2a: Cinderace|Cinderace, M|100/100
|turn|1
|
|t:|1758307570
|switch|p2a: Clodsire|Clodsire, M|100/100
|move|p1a: Zapdos|Volt Switch|p2a: Clodsire
|-immune|p2a: Clodsire
|
|upkeep
|turn|2
|
|t:|1758307582
|switch|p1a: Samurott|Samurott-Hisui, F|100/100
|move|p2a: Clodsire|Toxic|p1a: Samurott
|-status|p1a: Samurott|tox
|
|-damage|p1a: Samurott|94/100 tox|[from] psn
|upkeep
|turn|3
|
|t:|1758307587
|switch|p2a: Great Tusk|Great Tusk|100/100
|-enditem|p2a: Great Tusk|Booster Energy
|-activate|p2a: Great Tusk|ability: Protosynthesis|[fromitem]
|-start|p2a: Great Tusk|protosynthesisatk
|move|p1a: Samurott|Knock Off|p2a: Great Tusk
|-resisted|p2a: Great Tusk
|-damage|p2a: Great Tusk|88/100
|
|-damage|p1a: Samurott|82/100 tox|[from] psn
|upkeep
|turn|4
|
|t:|1758307595
|move|p2a: Great Tusk|Ice Spinner|p1a: Samurott
|-resisted|p1a: Samurott
|-damage|p1a: Samurott|57/100 tox
|move|p1a: Samurott|Flip Turn|p2a: Great Tusk
|-supereffective|p2a: Great Tusk
|-damage|p2a: Great Tusk|45/100
|
|t:|1758307605
|switch|p1a: Gholdengo|Gholdengo|100/100|[from] Flip Turn
|
|upkeep
|turn|5
|
|t:|1758307609
|-end|p2a: Great Tusk|Protosynthesis|[silent]
|switch|p2a: Clodsire|Clodsire, M|100/100
|move|p1a: Gholdengo|Trick|p2a: Clodsire
|-activate|p1a: Gholdengo|move: Trick|[of] p2a: Clodsire
|-item|p2a: Clodsire|Choice Scarf|[from] move: Trick
|-item|p1a: Gholdengo|Leftovers|[from] move: Trick
|
|upkeep
|turn|6
|
|t:|1758307618
|switch|p1a: Samurott|Samurott-Hisui, F|57/100 tox
|move|p2a: Clodsire|Earthquake|p1a: Samurott
|-damage|p1a: Samurott|22/100 tox
|
|-damage|p1a: Samurott|16/100 tox|[from] psn
|upkeep
|turn|7
|
|t:|1758307629
|move|p1a: Samurott|Ceaseless Edge|p2a: Clodsire
|-damage|p2a: Clodsire|47/100
|-sidestart|p2: Mr.diversity|Spikes
|move|p2a: Clodsire|Earthquake|p1a: Samurott
|-damage|p1a: Samurott|0 fnt
|faint|p1a: Samurott
|
|upkeep
|
|t:|1758307642
|switch|p1a: Zapdos|Zapdos|100/100
|turn|8
|
|t:|1758307646
|switch|p2a: Heatran|Heatran, M|100/100
|-damage|p2a: Heatran|88/100|[from] Spikes
|move|p1a: Zapdos|Volt Switch|p2a: Heatran
|-damage|p2a: Heatran|58/100
|
|t:|1758307669
|switch|p1a: Great Tusk|Great Tusk|100/100|[from] Volt Switch
|-enditem|p1a: Great Tusk|Booster Energy
|-activate|p1a: Great Tusk|ability: Protosynthesis|[fromitem]
|-start|p1a: Great Tusk|protosynthesisspe
|
|upkeep
|turn|9
|j| king of spycrabs
|
|t:|1758307686
|move|p1a: Great Tusk|Close Combat|p2a: Heatran
|-supereffective|p2a: Heatran
|-damage|p2a: Heatran|0 fnt
|-unboost|p1a: Great Tusk|def|1
|-unboost|p1a: Great Tusk|spd|1
|-status|p1a: Great Tusk|brn|[from] ability: Flame Body|[of] p2a: Heatran
|faint|p2a: Heatran
|
|-damage|p1a: Great Tusk|94/100 brn|[from] brn
|upkeep
|
|t:|1758307693
|switch|p2a: Great Tusk|Great Tusk|45/100
|-damage|p2a: Great Tusk|32/100|[from] Spikes
|turn|10
|
|t:|1758307702
|move|p1a: Great Tusk|Bulk Up|p1a: Great Tusk
|-boost|p1a: Great Tusk|atk|1
|-boost|p1a: Great Tusk|def|1
|move|p2a: Great Tusk|Headlong Rush|p1a: Great Tusk
|-damage|p1a: Great Tusk|47/100 brn
|-unboost|p2a: Great Tusk|def|1
|-unboost|p2a: Great Tusk|spd|1
|
|-damage|p1a: Great Tusk|41/100 brn|[from] brn
|upkeep
|turn|11
|
|t:|1758307708
|move|p1a: Great Tusk|Close Combat|p2a: Great Tusk
|-damage|p2a: Great Tusk|0 fnt
|-unboost|p1a: Great Tusk|def|1
|-unboost|p1a: Great Tusk|spd|1
|faint|p2a: Great Tusk
|-end|p2a: Great Tusk|Protosynthesis|[silent]
|
|-damage|p1a: Great Tusk|35/100 brn|[from] brn
|upkeep
|
|t:|1758307711
|switch|p2a: Landorus|Landorus-Therian, M|100/100
|-ability|p2a: Landorus|Intimidate|boost
|-unboost|p1a: Great Tusk|atk|1
|turn|12
|
|t:|1758307715
|switch|p2a: Armarouge|Armarouge, M|100/100
|-damage|p2a: Armarouge|88/100|[from] Spikes
|move|p1a: Great Tusk|Knock Off|p2a: Armarouge
|-supereffective|p2a: Armarouge
|-damage|p2a: Armarouge|58/100
|-ability|p2a: Armarouge|Weak Armor|boost
|-unboost|p2a: Armarouge|def|1
|-boost|p2a: Armarouge|spe|2
|-enditem|p2a: Armarouge|Weakness Policy
|-boost|p2a: Armarouge|atk|2|[from] item: Weakness Policy
|-boost|p2a: Armarouge|spa|2|[from] item: Weakness Policy
|
|-damage|p1a: Great Tusk|29/100 brn|[from] brn
|upkeep
|turn|13
|j| 40 crip
|
|t:|1758307727
|move|p2a: Armarouge|Armor Cannon|p1a: Great Tusk
|-damage|p1a: Great Tusk|0 fnt
|-unboost|p2a: Armarouge|def|1
|-unboost|p2a: Armarouge|spd|1
|faint|p1a: Great Tusk
|-end|p1a: Great Tusk|Protosynthesis|[silent]
|
|upkeep
|
|t:|1758307736
|switch|p1a: Meowscarada|Meowscarada, F|100/100
|turn|14
|
|t:|1758307752
|move|p2a: Armarouge|Endure|p2a: Armarouge
|-singleturn|p2a: Armarouge|move: Endure
|move|p1a: Meowscarada|U-turn|p2a: Armarouge
|-start|p1a: Meowscarada|typechange|Bug|[from] ability: Protean
|-activate|p2a: Armarouge|move: Endure
|-damage|p2a: Armarouge|1/100
|-ability|p2a: Armarouge|Weak Armor|boost
|-unboost|p2a: Armarouge|def|1
|-boost|p2a: Armarouge|spe|2
|
|t:|1758307755
|switch|p1a: Glimmora|Glimmora, F|100/100|[from] U-turn
|
|upkeep
|turn|15
|inactive|skidog has 120 seconds left.
|
|t:|1758307788
|move|p2a: Armarouge|Stored Power|p1a: Glimmora
|-supereffective|p1a: Glimmora
|-damage|p1a: Glimmora|0 fnt
|faint|p1a: Glimmora
|
|upkeep
|inactive|skidog has 120 seconds left.
|
|t:|1758307813
|switch|p1a: Zapdos|Zapdos|100/100
|turn|16
|j| Halfgallon67
|
|t:|1758307818
|-terastallize|p1a: Zapdos|Steel
|move|p2a: Armarouge|Stored Power|p1a: Zapdos
|-resisted|p1a: Zapdos
|-damage|p1a: Zapdos|3/100
|move|p1a: Zapdos|Volt Switch|p2a: Armarouge
|-damage|p2a: Armarouge|0 fnt
|faint|p2a: Armarouge
|
|t:|1758307832
|switch|p1a: Meowscarada|Meowscarada, F|100/100|[from] Volt Switch
|
|upkeep
|
|t:|1758307839
|switch|p2a: Cinderace|Cinderace, M|100/100
|-damage|p2a: Cinderace|88/100|[from] Spikes
|turn|17
|inactive|skidog has 90 seconds left.
|
|t:|1758307871
|move|p1a: Meowscarada|Knock Off|p2a: Cinderace
|-start|p1a: Meowscarada|typechange|Dark|[from] ability: Protean
|-damage|p2a: Cinderace|20/100
|-enditem|p2a: Cinderace|Choice Band|[from] move: Knock Off|[of] p1a: Meowscarada
|move|p2a: Cinderace|Pyro Ball|p1a: Meowscarada
|-damage|p1a: Meowscarada|14/100
|
|upkeep
|turn|18
|inactive|skidog has 90 seconds left.
|
|t:|1758307882
|switch|p1a: Zapdos|Zapdos, tera:Steel|3/100
|move|p2a: Cinderace|Sucker Punch||[still]
|-fail|p2a: Cinderace
|
|upkeep
|turn|19
|
|t:|1758307887
|move|p2a: Cinderace|U-turn|p1a: Zapdos
|-start|p2a: Cinderace|typechange|Bug|[from] ability: Libero
|-resisted|p1a: Zapdos
|-damage|p1a: Zapdos|0 fnt
|-status|p2a: Cinderace|par|[from] ability: Static|[of] p1a: Zapdos
|faint|p1a: Zapdos
|
|t:|1758307890
|switch|p2a: Clodsire|Clodsire, M|47/100|[from] U-turn
|-damage|p2a: Clodsire|35/100|[from] Spikes
|
|upkeep
|inactive|skidog has 90 seconds left.
|
|t:|1758307918
|switch|p1a: Meowscarada|Meowscarada, F|14/100
|turn|20
|
|t:|1758307935
|move|p1a: Meowscarada|Triple Axel|p2a: Clodsire
|-start|p1a: Meowscarada|typechange|Ice|[from] ability: Protean
|-supereffective|p2a: Clodsire
|-damage|p2a: Clodsire|14/100
|-supereffective|p2a: Clodsire
|-damage|p2a: Clodsire|0 fnt
|faint|p2a: Clodsire
|-hitcount|p2: Clodsire|2
|
|upkeep
|
|t:|1758307937
|switch|p2a: Cinderace|Cinderace, M|20/100 par
|-damage|p2a: Cinderace|8/100 par|[from] Spikes
|turn|21
|
|t:|1758307959
|move|p1a: Meowscarada|Triple Axel|p2a: Cinderace
|-resisted|p2a: Cinderace
|-damage|p2a: Cinderace|2/100 par
|-hitcount|p2a: Cinderace|1
|move|p2a: Cinderace|Pyro Ball|p1a: Meowscarada
|-supereffective|p1a: Meowscarada
|-damage|p1a: Meowscarada|0 fnt
|faint|p1a: Meowscarada
|
|upkeep
|
|t:|1758307964
|switch|p1a: Gholdengo|Gholdengo|100/100
|turn|22
|
|t:|1758307970
|move|p1a: Gholdengo|Shadow Ball|p2a: Cinderace
|-damage|p2a: Cinderace|0 fnt
|faint|p2a: Cinderace
|
|upkeep
|
|t:|1758307972
|switch|p2a: Landorus|Landorus-Therian, M|100/100
|-ability|p2a: Landorus|Intimidate|boost
|-unboost|p1a: Gholdengo|atk|1
|turn|23
|inactive|skidog has 90 seconds left.
|
|t:|1758307984
|move|p1a: Gholdengo|Shadow Ball|p2a: Landorus
|-damage|p2a: Landorus|48/100
|move|p2a: Landorus|Earthquake|p1a: Gholdengo
|-supereffective|p1a: Gholdengo
|-damage|p1a: Gholdengo|0 fnt
|faint|p1a: Gholdengo
|
|win|Mr.diversity
|raw|skidog's rating: 1764 &rarr; <strong>1744</strong><br />(-20 for losing)
|raw|Mr.diversity's rating: 1765 &rarr; <strong>1785</strong><br />(+20 for winning)
|c|☆skidog|gg
|l|☆Mr.diversity
|player|p2|
|l|☆skidog
|player|p1|
|l| 40 crip
