|j|☆Tridecagram
|j|☆ArtichauDD
|t:|1758303648
|gametype|singles
|player|p1|Tridecagram|1|1060
|player|p2|ArtichauDD|170|1026
|gen|9
|tier|[Gen 9] OU
|rated|
|rule|HP Percentage Mod: HP is shown in percentages
|rule|Endless Battle Clause: Forcing endless battles is banned
|rule|Species Clause: Limit one of each Pokémon
|rule|OHKO Clause: OHKO moves are banned
|rule|Evasion Items Clause: Evasion items are banned
|rule|Evasion Moves Clause: Evasion moves are banned
|rule|Evasion Abilities Clause: Evasion abilities are banned
|rule|Sleep Moves Clause: Sleep-inducing moves are banned
|clearpoke
|poke|p1|Altaria, M|
|poke|p1|Milotic, F|
|poke|p1|Lucario, M|
|poke|p1|Tsareena, F|
|poke|p1|Arcanine, M|
|poke|p1|Ninetales-Alola, F|
|poke|p2|Ninetales, F|
|poke|p2|Raging Bolt|
|poke|p2|Walking Wake|
|poke|p2|Landorus-Therian, M|
|poke|p2|Exeggutor, M|
|poke|p2|Zamazenta-*|
|teampreview
|
|t:|1758303655
|teamsize|p1|6
|teamsize|p2|6
|start
|switch|p1a: Arcanine|Arcanine, M, shiny|100/100
|switch|p2a: Landorus|Landorus-Therian, M, shiny|100/100
|-ability|p2a: Landorus|Intimidate|boost
|-fail|p1a: Arcanine|unboost|[from] item: Clear Amulet|[of] p1a: Arcanine
|turn|1
|
|t:|1758303667
|switch|p1a: Altaria|Altaria, M, shiny|100/100
|move|p2a: Landorus|Earth Power|p1a: Altaria
|-immune|p1a: Altaria
|
|upkeep
|turn|2
|
|t:|1758303675
|move|p2a: Landorus|U-turn|p1a: Altaria
|-resisted|p1a: Altaria
|-damage|p1a: Altaria|92/100
|-damage|p2a: Landorus|84/100|[from] item: Rocky Helmet|[of] p1a: Altaria
|
|t:|1758303680
|switch|p2a: Raging Bolt|Raging Bolt|100/100|[from] U-turn
|move|p1a: Altaria|Will-O-Wisp|p2a: Raging Bolt
|-status|p2a: Raging Bolt|brn
|
|-damage|p2a: Raging Bolt|94/100 brn|[from] brn
|upkeep
|turn|3
|
|t:|1758303689
|switch|p1a: Ninetales|Ninetales-Alola, F, shiny|100/100
|-weather|Snowscape|[from] ability: Snow Warning|[of] p1a: Ninetales
|move|p2a: Raging Bolt|Draco Meteor|p1a: Ninetales
|-immune|p1a: Ninetales
|
|-weather|Snowscape|[upkeep]
|-damage|p2a: Raging Bolt|88/100 brn|[from] brn
|upkeep
|turn|4
|
|t:|1758303704
|-end|p2a: Raging Bolt|Protosynthesis|[silent]
|switch|p2a: Ninetales|Ninetales, F, shiny|100/100
|-weather|SunnyDay|[from] ability: Drought|[of] p2a: Ninetales
|move|p1a: Ninetales|Aurora Veil||[still]
|-fail|p1a: Ninetales
|
|-weather|SunnyDay|[upkeep]
|upkeep
|turn|5
|
|t:|1758303718
|switch|p1a: Arcanine|Arcanine, M, shiny|100/100
|move|p2a: Ninetales|Weather Ball|p1a: Arcanine
|-start|p1a: Arcanine|ability: Flash Fire
|
|-weather|SunnyDay|[upkeep]
|upkeep
|turn|6
|
|t:|1758303728
|switch|p2a: Walking Wake|Walking Wake|100/100
|-activate|p2a: Walking Wake|ability: Protosynthesis
|-start|p2a: Walking Wake|protosynthesisspa
|move|p1a: Arcanine|Agility|p1a: Arcanine
|-boost|p1a: Arcanine|spe|2
|
|-weather|SunnyDay|[upkeep]
|upkeep
|turn|7
|
|t:|1758303740
|-terastallize|p1a: Arcanine|Dark
|move|p1a: Arcanine|Crunch|p2a: Walking Wake
|-damage|p2a: Walking Wake|57/100
|-unboost|p2a: Walking Wake|def|1
|move|p2a: Walking Wake|Hydro Steam|p1a: Arcanine
|-damage|p1a: Arcanine|17/100
|
|-weather|SunnyDay|[upkeep]
|upkeep
|turn|8
|
|t:|1758303754
|move|p1a: Arcanine|Crunch|p2a: Walking Wake
|-damage|p2a: Walking Wake|0 fnt
|faint|p2a: Walking Wake
|-end|p2a: Walking Wake|Protosynthesis|[silent]
|
|-weather|SunnyDay|[upkeep]
|upkeep
|
|t:|1758303761
|switch|p2a: Raging Bolt|Raging Bolt|88/100 brn
|-activate|p2a: Raging Bolt|ability: Protosynthesis
|-start|p2a: Raging Bolt|protosynthesisspa
|turn|9
|
|t:|1758303766
|move|p2a: Raging Bolt|Thunderclap||[still]
|-fail|p2a: Raging Bolt
|move|p1a: Arcanine|Morning Sun|p1a: Arcanine
|-heal|p1a: Arcanine|84/100
|
|-weather|SunnyDay|[upkeep]
|-damage|p2a: Raging Bolt|82/100 brn|[from] brn
|upkeep
|turn|10
|
|t:|1758303779
|move|p2a: Raging Bolt|Thunderclap||[still]
|-fail|p2a: Raging Bolt
|move|p1a: Arcanine|Morning Sun|p1a: Arcanine
|-heal|p1a: Arcanine|100/100
|
|-weather|SunnyDay|[upkeep]
|-damage|p2a: Raging Bolt|76/100 brn|[from] brn
|upkeep
|turn|11
|
|t:|1758303787
|move|p2a: Raging Bolt|Thunderclap|p1a: Arcanine
|-damage|p1a: Arcanine|43/100
|move|p1a: Arcanine|Crunch|p2a: Raging Bolt
|-damage|p2a: Raging Bolt|45/100 brn
|
|-weather|none
|-end|p2a: Raging Bolt|Protosynthesis
|-damage|p2a: Raging Bolt|39/100 brn|[from] brn
|upkeep
|turn|12
|
|t:|1758303798
|move|p2a: Raging Bolt|Thunderclap|p1a: Arcanine
|-damage|p1a: Arcanine|0 fnt
|faint|p1a: Arcanine
|
|-damage|p2a: Raging Bolt|33/100 brn|[from] brn
|upkeep
|
|t:|1758303801
|switch|p1a: Ninetales|Ninetales-Alola, F, shiny|100/100
|-weather|Snowscape|[from] ability: Snow Warning|[of] p1a: Ninetales
|turn|13
|
|t:|1758303810
|-end|p2a: Raging Bolt|Protosynthesis|[silent]
|switch|p2a: Ninetales|Ninetales, F, shiny|100/100
|-weather|SunnyDay|[from] ability: Drought|[of] p2a: Ninetales
|move|p1a: Ninetales|Moonblast|p2a: Ninetales
|-resisted|p2a: Ninetales
|-damage|p2a: Ninetales|88/100
|
|-weather|SunnyDay|[upkeep]
|upkeep
|turn|14
|
|t:|1758303821
|switch|p1a: Milotic|Milotic, F, shiny|100/100
|move|p2a: Ninetales|Weather Ball|p1a: Milotic
|-resisted|p1a: Milotic
|-damage|p1a: Milotic|89/100
|
|-weather|SunnyDay|[upkeep]
|upkeep
|turn|15
|
|t:|1758303830
|switch|p2a: Exeggutor|Exeggutor, M|100/100
|switch|p1a: Ninetales|Ninetales-Alola, F, shiny|100/100
|-weather|Snowscape|[from] ability: Snow Warning|[of] p1a: Ninetales
|
|-weather|Snowscape|[upkeep]
|upkeep
|turn|16
|
|t:|1758303839
|switch|p2a: Ninetales|Ninetales, F, shiny|88/100
|-weather|SunnyDay|[from] ability: Drought|[of] p2a: Ninetales
|move|p1a: Ninetales|Aurora Veil||[still]
|-fail|p1a: Ninetales
|
|-weather|SunnyDay|[upkeep]
|upkeep
|turn|17
|
|t:|1758303851
|switch|p1a: Milotic|Milotic, F, shiny|89/100
|move|p2a: Ninetales|Will-O-Wisp|p1a: Milotic
|-status|p1a: Milotic|brn
|
|-weather|SunnyDay|[upkeep]
|-damage|p1a: Milotic|83/100 brn|[from] brn
|upkeep
|turn|18
|
|t:|1758303863
|switch|p2a: Exeggutor|Exeggutor, M|100/100
|move|p1a: Milotic|Scald|p2a: Exeggutor
|-resisted|p2a: Exeggutor
|-damage|p2a: Exeggutor|92/100
|
|-weather|SunnyDay|[upkeep]
|-damage|p1a: Milotic|77/100 brn|[from] brn
|upkeep
|turn|19
|
|t:|1758303875
|move|p2a: Exeggutor|Growth|p2a: Exeggutor
|-boost|p2a: Exeggutor|atk|2
|-boost|p2a: Exeggutor|spa|2
|move|p1a: Milotic|Mirror Coat||[still]
|-fail|p1a: Milotic
|
|-weather|SunnyDay|[upkeep]
|-damage|p1a: Milotic|71/100 brn|[from] brn
|upkeep
|turn|20
|
|t:|1758303883
|switch|p1a: Ninetales|Ninetales-Alola, F, shiny|100/100
|-weather|Snowscape|[from] ability: Snow Warning|[of] p1a: Ninetales
|move|p2a: Exeggutor|Giga Drain|p1a: Ninetales
|-damage|p1a: Ninetales|0 fnt
|-heal|p2a: Exeggutor|100/100|[from] drain|[of] p1a: Ninetales
|faint|p1a: Ninetales
|-damage|p2a: Exeggutor|91/100|[from] item: Life Orb
|
|-weather|Snowscape|[upkeep]
|upkeep
|
|t:|1758303888
|switch|p1a: Lucario|Lucario, M, shiny|100/100
|turn|21
|
|t:|1758303898
|move|p1a: Lucario|Agility|p1a: Lucario
|-boost|p1a: Lucario|spe|2
|move|p2a: Exeggutor|Psychic|p1a: Lucario
|-damage|p1a: Lucario|0 fnt
|faint|p1a: Lucario
|-damage|p2a: Exeggutor|81/100|[from] item: Life Orb
|
|-weather|Snowscape|[upkeep]
|upkeep
|-message|Tridecagram forfeited.
|
|win|ArtichauDD
|raw|Tridecagram's rating: 1060 &rarr; <strong>1039</strong><br />(-21 for losing)
|raw|ArtichauDD's rating: 1026 &rarr; <strong>1066</strong><br />(+40 for winning)
|l|☆Tridecagram
|player|p1|
