|j|☆sr lightie
|j|☆gateauaukebab
|t:|1758306830
|gametype|singles
|player|p1|sr lightie|blue|1451
|player|p2|gateauaukebab|265|1477
|gen|9
|tier|[Gen 9] OU
|rated|
|rule|HP Percentage Mod: HP is shown in percentages
|rule|Endless Battle Clause: Forcing endless battles is banned
|rule|Species Clause: Limit one of each Pokémon
|rule|OHKO Clause: OHKO moves are banned
|rule|Evasion Items Clause: Evasion items are banned
|rule|Evasion Moves Clause: Evasion moves are banned
|rule|Evasion Abilities Clause: Evasion abilities are banned
|rule|Sleep Moves Clause: Sleep-inducing moves are banned
|clearpoke
|poke|p1|Ursaluna, F|
|poke|p1|Salamence, F|
|poke|p1|Gengar, M|
|poke|p1|Avalugg, F|
|poke|p1|Farigiraf, F|
|poke|p1|Umbreon, M|
|poke|p2|Dragapult, F|
|poke|p2|Enamorus, F|
|poke|p2|Glimmora, M|
|poke|p2|Iron Moth|
|poke|p2|Kingambit, F|
|poke|p2|Manaphy|
|teampreview
|inactive|Battle timer is ON: inactive players will automatically lose when time's up. (requested by gateauaukebab)
|inactive|sr lightie also wants the timer to be on.
|
|t:|1758306835
|teamsize|p1|6
|teamsize|p2|6
|start
|switch|p1a: Farigiraf|Farigiraf, F|100/100
|switch|p2a: Glimmora|Glimmora, M|100/100
|turn|1
|
|t:|1758306838
|move|p2a: Glimmora|Stealth Rock|p1a: Farigiraf
|-sidestart|p1: sr lightie|move: Stealth Rock
|move|p1a: Farigiraf|Twin Beam|p2a: Glimmora
|-supereffective|p2a: Glimmora
|-damage|p2a: Glimmora|36/100
|-supereffective|p2a: Glimmora
|-damage|p2a: Glimmora|0 fnt
|faint|p2a: Glimmora
|-hitcount|p2: Glimmora|2
|
|upkeep
|c|☆sr lightie|i hate kingambit so much
|c|☆sr lightie|haha
|
|t:|1758306849
|switch|p2a: Kingambit|Kingambit, F|100/100
|-activate|p2a: Kingambit|ability: Supreme Overlord
|-start|p2a: Kingambit|fallen1|[silent]
|turn|2
|
|t:|1758306855
|switch|p1a: Avalugg|Avalugg, F|100/100
|move|p2a: Kingambit|Kowtow Cleave|p1a: Avalugg
|-damage|p1a: Avalugg|77/100
|
|upkeep
|turn|3
|
|t:|1758306864
|-end|p2a: Kingambit|fallen1|[silent]
|switch|p2a: Iron Moth|Iron Moth|100/100
|-enditem|p2a: Iron Moth|Booster Energy
|-activate|p2a: Iron Moth|ability: Quark Drive|[fromitem]
|-start|p2a: Iron Moth|quarkdrivespe
|move|p1a: Avalugg|Rapid Spin|p2a: Iron Moth
|-damage|p2a: Iron Moth|80/100
|-boost|p1a: Avalugg|spe|1
|-sideend|p1: sr lightie|Stealth Rock|[from] move: Rapid Spin|[of] p1a: Avalugg
|
|upkeep
|turn|4
|
|t:|1758306869
|switch|p1a: Salamence|Salamence, F|100/100
|-ability|p1a: Salamence|Intimidate|boost
|-unboost|p2a: Iron Moth|atk|1
|move|p2a: Iron Moth|Fiery Dance|p1a: Salamence
|-resisted|p1a: Salamence
|-damage|p1a: Salamence|76/100
|-boost|p2a: Iron Moth|spa|1
|
|upkeep
|turn|5
|
|t:|1758306877
|move|p2a: Iron Moth|Dazzling Gleam|p1a: Salamence
|-supereffective|p1a: Salamence
|-damage|p1a: Salamence|0 fnt
|faint|p1a: Salamence
|
|upkeep
|
|t:|1758306879
|switch|p1a: Farigiraf|Farigiraf, F|100/100
|turn|6
|
|t:|1758306891
|-terastallize|p2a: Iron Moth|Fire
|move|p2a: Iron Moth|Fiery Dance|p1a: Farigiraf
|-damage|p1a: Farigiraf|19/100
|move|p1a: Farigiraf|Trick Room|p1a: Farigiraf
|-fieldstart|move: Trick Room|[of] p1a: Farigiraf
|
|upkeep
|turn|7
|
|t:|1758306897
|move|p1a: Farigiraf|Endeavor|p2a: Iron Moth
|-damage|p2a: Iron Moth|27/100
|move|p2a: Iron Moth|Fiery Dance|p1a: Farigiraf
|-damage|p1a: Farigiraf|0 fnt
|-boost|p2a: Iron Moth|spa|1
|faint|p1a: Farigiraf
|
|upkeep
|
|t:|1758306901
|switch|p1a: Ursaluna|Ursaluna, F|100/100
|turn|8
|
|t:|1758306909
|-end|p2a: Iron Moth|Quark Drive|[silent]
|switch|p2a: Enamorus|Enamorus, F|100/100
|move|p1a: Ursaluna|Facade|p2a: Enamorus
|-damage|p2a: Enamorus|34/100
|
|-heal|p2a: Enamorus|40/100|[from] item: Leftovers
|-status|p1a: Ursaluna|brn|[from] item: Flame Orb
|upkeep
|turn|9
|
|t:|1758306925
|switch|p2a: Dragapult|Dragapult, F|100/100
|move|p1a: Ursaluna|Ice Punch|p2a: Dragapult
|-supereffective|p2a: Dragapult
|-damage|p2a: Dragapult|0 fnt
|faint|p2a: Dragapult
|
|-damage|p1a: Ursaluna|94/100 brn|[from] brn
|upkeep
|
|t:|1758306929
|switch|p2a: Manaphy|Manaphy|100/100
|turn|10
|
|t:|1758306932
|move|p1a: Ursaluna|Facade|p2a: Manaphy
|-damage|p2a: Manaphy|0 fnt
|faint|p2a: Manaphy
|
|-damage|p1a: Ursaluna|88/100 brn|[from] brn
|-fieldend|move: Trick Room
|upkeep
|
|t:|1758306942
|switch|p2a: Enamorus|Enamorus, F|40/100
|turn|11
|-message|gateauaukebab forfeited.
|
|win|sr lightie
|raw|sr lightie's rating: 1451 &rarr; <strong>1472</strong><br />(+21 for winning)
|raw|gateauaukebab's rating: 1477 &rarr; <strong>1456</strong><br />(-21 for losing)
|l|☆gateauaukebab
|player|p2|
|l|☆sr lightie
|player|p1|
