|j|☆ghostfreak99
|j|☆Shibuya Arc
|t:|1758348946
|gametype|singles
|player|p1|ghostfreak99|beauty-gen4dp|1524
|player|p2|Shibuya Arc|101|1648
|gen|9
|tier|[Gen 9] OU
|rated|
|rule|HP Percentage Mod: HP is shown in percentages
|rule|Endless Battle Clause: Forcing endless battles is banned
|rule|Species Clause: Limit one of each Pokémon
|rule|OHKO Clause: OHKO moves are banned
|rule|Evasion Items Clause: Evasion items are banned
|rule|Evasion Moves Clause: Evasion moves are banned
|rule|Evasion Abilities Clause: Evasion abilities are banned
|rule|Sleep Moves Clause: Sleep-inducing moves are banned
|clearpoke
|poke|p1|Florges, F|
|poke|p1|Dondozo, M|
|poke|p1|Dragapult, M|
|poke|p1|Landorus-Therian, M|
|poke|p1|Greninja-*, M|
|poke|p1|Cinderace, M|
|poke|p2|Dragapult, M|
|poke|p2|Dragonite, F|
|poke|p2|Ting-Lu|
|poke|p2|Weezing-Galar, F|
|poke|p2|Iron Crown|
|poke|p2|Zapdos|
|teampreview
|inactive|Battle timer is ON: inactive players will automatically lose when time's up. (requested by Shibuya Arc)
|
|t:|1758348969
|teamsize|p1|6
|teamsize|p2|6
|start
|switch|p1a: Cinderace|Cinderace, M|100/100
|switch|p2a: Dragapult|Dragapult, M|100/100
|turn|1
|
|t:|1758348976
|switch|p1a: Florges|Florges, F|100/100
|move|p2a: Dragapult|Dragon Darts|p1a: Florges
|-immune|p1a: Florges
|
|upkeep
|turn|2
|
|t:|1758348982
|move|p2a: Dragapult|U-turn|p1a: Florges
|-resisted|p1a: Florges
|-damage|p1a: Florges|87/100
|
|t:|1758348990
|switch|p2a: Iron Crown|Iron Crown|100/100|[from] U-turn
|move|p1a: Florges|Moonblast|p2a: Iron Crown
|-resisted|p2a: Iron Crown
|-damage|p2a: Iron Crown|83/100
|
|-heal|p1a: Florges|93/100|[from] item: Leftovers
|upkeep
|turn|3
|
|t:|1758349002
|switch|p1a: Landorus|Landorus-Therian, M|100/100
|-ability|p1a: Landorus|Intimidate|boost
|-unboost|p2a: Iron Crown|atk|1
|move|p2a: Iron Crown|Tachyon Cutter|p1a: Landorus
|-damage|p1a: Landorus|56/100
|-damage|p1a: Landorus|12/100
|-hitcount|p1a: Landorus|2
|
|upkeep
|turn|4
|
|t:|1758349028
|switch|p1a: Florges|Florges, F|93/100
|move|p2a: Iron Crown|Tachyon Cutter|p1a: Florges
|-supereffective|p1a: Florges
|-damage|p1a: Florges|56/100
|-supereffective|p1a: Florges
|-damage|p1a: Florges|16/100
|-hitcount|p1a: Florges|2
|
|-heal|p1a: Florges|22/100|[from] item: Leftovers
|upkeep
|turn|5
|
|t:|1758349035
|move|p2a: Iron Crown|Tachyon Cutter|p1a: Florges
|-supereffective|p1a: Florges
|-damage|p1a: Florges|0 fnt
|faint|p1a: Florges
|-hitcount|p1: Florges|1
|
|upkeep
|
|t:|1758349043
|switch|p1a: Cinderace|Cinderace, M|100/100
|turn|6
|
|t:|1758349049
|-end|p2a: Iron Crown|Quark Drive|[silent]
|switch|p2a: Dragonite|Dragonite, F|100/100
|move|p1a: Cinderace|Pyro Ball|p2a: Dragonite|[miss]
|-miss|p1a: Cinderace|p2a: Dragonite
|
|upkeep
|turn|7
|
|t:|1758349056
|switch|p1a: Dondozo|Dondozo, M|100/100
|move|p2a: Dragonite|Extreme Speed|p1a: Dondozo
|-damage|p1a: Dondozo|87/100
|
|-heal|p1a: Dondozo|93/100|[from] item: Leftovers
|upkeep
|turn|8
|
|t:|1758349066
|move|p2a: Dragonite|Dragon Dance|p2a: Dragonite
|-boost|p2a: Dragonite|atk|1
|-boost|p2a: Dragonite|spe|1
|move|p1a: Dondozo|Wave Crash|p2a: Dragonite
|-resisted|p2a: Dragonite
|-damage|p2a: Dragonite|90/100
|-damage|p1a: Dondozo|91/100|[from] Recoil
|
|-heal|p1a: Dondozo|97/100|[from] item: Leftovers
|upkeep
|turn|9
|
|t:|1758349073
|move|p2a: Dragonite|Dragon Dance|p2a: Dragonite
|-boost|p2a: Dragonite|atk|1
|-boost|p2a: Dragonite|spe|1
|move|p1a: Dondozo|Curse|p1a: Dondozo
|-unboost|p1a: Dondozo|spe|1
|-boost|p1a: Dondozo|atk|1
|-boost|p1a: Dondozo|def|1
|
|-heal|p1a: Dondozo|100/100|[from] item: Leftovers
|upkeep
|turn|10
|
|t:|1758349079
|move|p2a: Dragonite|Roost|p2a: Dragonite
|-heal|p2a: Dragonite|100/100
|-singleturn|p2a: Dragonite|move: Roost
|move|p1a: Dondozo|Curse|p1a: Dondozo
|-unboost|p1a: Dondozo|spe|1
|-boost|p1a: Dondozo|atk|1
|-boost|p1a: Dondozo|def|1
|
|upkeep
|turn|11
|
|t:|1758349085
|move|p2a: Dragonite|Dragon Dance|p2a: Dragonite
|-boost|p2a: Dragonite|atk|1
|-boost|p2a: Dragonite|spe|1
|move|p1a: Dondozo|Body Press|p2a: Dragonite
|-resisted|p2a: Dragonite
|-damage|p2a: Dragonite|86/100
|
|upkeep
|turn|12
|
|t:|1758349093
|move|p2a: Dragonite|Roost|p2a: Dragonite
|-heal|p2a: Dragonite|100/100
|-singleturn|p2a: Dragonite|move: Roost
|move|p1a: Dondozo|Curse|p1a: Dondozo
|-unboost|p1a: Dondozo|spe|1
|-boost|p1a: Dondozo|atk|1
|-boost|p1a: Dondozo|def|1
|
|upkeep
|turn|13
|
|t:|1758349099
|move|p2a: Dragonite|Earthquake|p1a: Dondozo
|-damage|p1a: Dondozo|94/100
|move|p1a: Dondozo|Body Press|p2a: Dragonite
|-resisted|p2a: Dragonite
|-damage|p2a: Dragonite|84/100
|
|-heal|p1a: Dondozo|99/100|[from] item: Leftovers
|upkeep
|turn|14
|
|t:|1758349107
|move|p2a: Dragonite|Roost|p2a: Dragonite
|-heal|p2a: Dragonite|100/100
|-singleturn|p2a: Dragonite|move: Roost
|move|p1a: Dondozo|Body Press|p2a: Dragonite
|-damage|p2a: Dragonite|63/100
|
|-heal|p1a: Dondozo|100/100|[from] item: Leftovers
|upkeep
|turn|15
|
|t:|1758349115
|move|p2a: Dragonite|Roost|p2a: Dragonite
|-heal|p2a: Dragonite|100/100
|-singleturn|p2a: Dragonite|move: Roost
|move|p1a: Dondozo|Body Press|p2a: Dragonite
|-damage|p2a: Dragonite|67/100
|
|upkeep
|turn|16
|
|t:|1758349122
|move|p2a: Dragonite|Roost|p2a: Dragonite
|-heal|p2a: Dragonite|100/100
|-singleturn|p2a: Dragonite|move: Roost
|move|p1a: Dondozo|Curse|p1a: Dondozo
|-unboost|p1a: Dondozo|spe|1
|-boost|p1a: Dondozo|atk|1
|-boost|p1a: Dondozo|def|1
|
|upkeep
|turn|17
|
|t:|1758349128
|move|p2a: Dragonite|Extreme Speed|p1a: Dondozo
|-damage|p1a: Dondozo|96/100
|move|p1a: Dondozo|Curse|p1a: Dondozo
|-unboost|p1a: Dondozo|spe|1
|-boost|p1a: Dondozo|atk|1
|-boost|p1a: Dondozo|def|1
|
|-heal|p1a: Dondozo|100/100|[from] item: Leftovers
|upkeep
|turn|18
|
|t:|1758349134
|switch|p2a: Weezing|Weezing-Galar, F|100/100
|-ability|p2a: Weezing|Neutralizing Gas
|move|p1a: Dondozo|Curse|p1a: Dondozo
|-unboost|p1a: Dondozo|spe|1
|-boost|p1a: Dondozo|atk|1
|-boost|p1a: Dondozo|def|1
|
|upkeep
|turn|19
|
|t:|1758349143
|move|p2a: Weezing|Will-O-Wisp|p1a: Dondozo
|-status|p1a: Dondozo|brn
|move|p1a: Dondozo|Wave Crash|p2a: Weezing
|-damage|p2a: Weezing|50/100
|-damage|p1a: Dondozo|90/100 brn|[from] Recoil
|
|-heal|p1a: Dondozo|96/100 brn|[from] item: Leftovers
|-damage|p1a: Dondozo|90/100 brn|[from] brn
|upkeep
|turn|20
|
|t:|1758349149
|move|p2a: Weezing|Pain Split|p1a: Dondozo
|-sethp|p1a: Dondozo|62/100 brn|[from] move: Pain Split|[silent]
|-sethp|p2a: Weezing|93/100|[from] move: Pain Split
|move|p1a: Dondozo|Wave Crash|p2a: Weezing
|-damage|p2a: Weezing|36/100
|-damage|p1a: Dondozo|49/100 brn|[from] Recoil
|
|-heal|p1a: Dondozo|55/100 brn|[from] item: Leftovers
|-damage|p1a: Dondozo|49/100 brn|[from] brn
|upkeep
|turn|21
|
|t:|1758349156
|-end|p2a: Weezing|ability: Neutralizing Gas
|switch|p2a: Dragapult|Dragapult, M|100/100
|move|p1a: Dondozo|Wave Crash|p2a: Dragapult
|-resisted|p2a: Dragapult
|-damage|p2a: Dragapult|42/100
|-damage|p1a: Dondozo|37/100 brn|[from] Recoil
|
|-heal|p1a: Dondozo|43/100 brn|[from] item: Leftovers
|-damage|p1a: Dondozo|37/100 brn|[from] brn
|upkeep
|turn|22
|
|t:|1758349167
|move|p2a: Dragapult|Hex|p1a: Dondozo
|-damage|p1a: Dondozo|0 fnt
|faint|p1a: Dondozo
|
|upkeep
|
|t:|1758349177
|switch|p1a: Dragapult|Dragapult, M|100/100
|turn|23
|
|t:|1758349184
|move|p1a: Dragapult|Sucker Punch|p2a: Dragapult
|-supereffective|p2a: Dragapult
|-damage|p2a: Dragapult|0 fnt
|faint|p2a: Dragapult
|-damage|p1a: Dragapult|91/100|[from] item: Life Orb
|
|upkeep
|
|t:|1758349194
|switch|p2a: Zapdos|Zapdos|100/100
|turn|24
|inactive|ghostfreak99 has 120 seconds left.
|
|t:|1758349226
|-terastallize|p2a: Zapdos|Fairy
|move|p1a: Dragapult|Dragon Dance|p1a: Dragapult
|-boost|p1a: Dragapult|atk|1
|-boost|p1a: Dragapult|spe|1
|move|p2a: Zapdos|Hurricane|p1a: Dragapult
|-damage|p1a: Dragapult|11/100
|
|upkeep
|turn|25
|inactive|ghostfreak99 has 120 seconds left.
|
|t:|1758349244
|-terastallize|p1a: Dragapult|Steel
|move|p1a: Dragapult|Tera Blast|p2a: Zapdos|[anim] Tera Blast Steel
|-supereffective|p2a: Zapdos
|-damage|p2a: Zapdos|0 fnt
|faint|p2a: Zapdos
|-damage|p1a: Dragapult|1/100|[from] item: Life Orb
|
|upkeep
|
|t:|1758349254
|switch|p2a: Ting-Lu|Ting-Lu|100/100
|-ability|p2a: Ting-Lu|Vessel of Ruin
|turn|26
|
|t:|1758349261
|move|p1a: Dragapult|Dragon Darts|p2a: Ting-Lu
|-damage|p2a: Ting-Lu|72/100
|-anim|p1a: Dragapult|Dragon Darts|p2a: Ting-Lu
|-damage|p2a: Ting-Lu|43/100
|-damage|p1a: Dragapult|0 fnt|[from] item: Life Orb
|faint|p1a: Dragapult
|move|p2a: Ting-Lu|Stealth Rock|p1: Dragapult
|-sidestart|p1: ghostfreak99|move: Stealth Rock
|
|-heal|p2a: Ting-Lu|49/100|[from] item: Leftovers
|upkeep
|inactive|ghostfreak99 has 120 seconds left.
|
|t:|1758349284
|switch|p1a: Greninja|Greninja, M|100/100
|-damage|p1a: Greninja|88/100|[from] Stealth Rock
|turn|27
|
|t:|1758349292
|switch|p2a: Weezing|Weezing-Galar, F|36/100
|-ability|p2a: Weezing|Neutralizing Gas
|move|p1a: Greninja|Ice Beam|p2a: Weezing
|-damage|p2a: Weezing|0 fnt
|faint|p2a: Weezing
|-end|p2a: Weezing|ability: Neutralizing Gas
|-ability|p1a: Greninja|Battle Bond|boost
|-boost|p1a: Greninja|atk|1
|-boost|p1a: Greninja|spa|1
|-boost|p1a: Greninja|spe|1
|-activate|p1a: Greninja|ability: Battle Bond
|
|upkeep
|
|t:|1758349301
|switch|p2a: Iron Crown|Iron Crown|83/100
|turn|28
|
|t:|1758349308
|move|p1a: Greninja|Ice Beam|p2a: Iron Crown
|-resisted|p2a: Iron Crown
|-damage|p2a: Iron Crown|51/100
|move|p2a: Iron Crown|Volt Switch|p1a: Greninja
|-supereffective|p1a: Greninja
|-damage|p1a: Greninja|0 fnt
|faint|p1a: Greninja
|
|t:|1758349316
|-end|p2a: Iron Crown|Quark Drive|[silent]
|switch|p2a: Dragonite|Dragonite, F|100/100|[from] Volt Switch
|
|upkeep
|
|t:|1758349320
|switch|p1a: Landorus|Landorus-Therian, M|12/100
|-damage|p1a: Landorus|0 fnt|[from] Stealth Rock
|faint|p1a: Landorus
|
|t:|1758349322
|switch|p1a: Cinderace|Cinderace, M|100/100
|-damage|p1a: Cinderace|76/100|[from] Stealth Rock
|turn|29
|
|t:|1758349326
|move|p1a: Cinderace|Pyro Ball|p2a: Dragonite
|-resisted|p2a: Dragonite
|-damage|p2a: Dragonite|78/100
|move|p2a: Dragonite|Earthquake|p1a: Cinderace
|-supereffective|p1a: Cinderace
|-damage|p1a: Cinderace|0 fnt
|faint|p1a: Cinderace
|
|win|Shibuya Arc
|raw|ghostfreak99's rating: 1524 &rarr; <strong>1511</strong><br />(-13 for losing)
|raw|Shibuya Arc's rating: 1648 &rarr; <strong>1661</strong><br />(+13 for winning)
|l|☆Shibuya Arc
|player|p2|
|l|☆ghostfreak99
|player|p1|
