|j|☆Frghjj
|j|☆Magicant13
|t:|1758271396
|gametype|singles
|player|p1|Frghjj|265|1247
|player|p2|Magicant13|plasmagruntf|1284
|gen|9
|tier|[Gen 9] OU
|rated|
|rule|HP Percentage Mod: HP is shown in percentages
|rule|Endless Battle Clause: Forcing endless battles is banned
|rule|Species Clause: Limit one of each Pokémon
|rule|OHKO Clause: OHKO moves are banned
|rule|Evasion Items Clause: Evasion items are banned
|rule|Evasion Moves Clause: Evasion moves are banned
|rule|Evasion Abilities Clause: Evasion abilities are banned
|rule|Sleep Moves Clause: Sleep-inducing moves are banned
|clearpoke
|poke|p1|Moltres-Galar|
|poke|p1|Great Tusk|
|poke|p1|Iron Moth|
|poke|p1|Araquanid, F|
|poke|p1|Landorus-Therian, M|
|poke|p1|Weavile, F|
|poke|p2|Tropius, M|
|poke|p2|Arcanine-Hisui, M|
|poke|p2|Empoleon, F|
|poke|p2|Great Tusk|
|poke|p2|Magnezone|
|poke|p2|Enamorus, F|
|teampreview
|inactive|Battle timer is ON: inactive players will automatically lose when time's up. (requested by Frghjj)
|
|t:|1758271428
|teamsize|p1|6
|teamsize|p2|6
|start
|switch|p1a: Landorus|Landorus-Therian, M|100/100
|switch|p2a: Arcanine|Arcanine-Hisui, M|100/100
|-ability|p1a: Landorus|Intimidate|boost
|-unboost|p2a: Arcanine|atk|1
|turn|1
|
|t:|1758271436
|switch|p2a: Enamorus|Enamorus, F|100/100
|move|p1a: Landorus|Stealth Rock|p2a: Enamorus
|-sidestart|p2: Magicant13|move: Stealth Rock
|
|upkeep
|turn|2
|
|t:|1758271446
|switch|p1a: Araquanid|Araquanid, F|100/100
|move|p2a: Enamorus|Moonblast|p1a: Araquanid
|-damage|p1a: Araquanid|62/100
|
|upkeep
|turn|3
|
|t:|1758271452
|move|p2a: Enamorus|Moonblast|p1a: Araquanid
|-damage|p1a: Araquanid|22/100
|move|p1a: Araquanid|Sticky Web|p2a: Enamorus
|-sidestart|p2: Magicant13|move: Sticky Web
|
|upkeep
|turn|4
|-enditem|p1a: Araquanid|Custap Berry|[eat]
|-activate|p1a: Araquanid|item: Custap Berry|[consumed]
|
|t:|1758271468
|move|p1a: Araquanid|Endeavor|p2a: Enamorus
|-damage|p2a: Enamorus|26/100
|move|p2a: Enamorus|Moonblast|p1a: Araquanid
|-damage|p1a: Araquanid|0 fnt
|faint|p1a: Araquanid
|
|upkeep
|
|t:|1758271479
|switch|p1a: Iron Moth|Iron Moth|100/100
|-enditem|p1a: Iron Moth|Booster Energy
|-activate|p1a: Iron Moth|ability: Quark Drive|[fromitem]
|-start|p1a: Iron Moth|quarkdrivespe
|turn|5
|
|t:|1758271491
|move|p1a: Iron Moth|Fiery Dance|p2a: Enamorus
|-damage|p2a: Enamorus|0 fnt
|faint|p2a: Enamorus
|
|upkeep
|
|t:|1758271495
|switch|p2a: Great Tusk|Great Tusk|100/100
|-damage|p2a: Great Tusk|98/100|[from] Stealth Rock
|-activate|p2a: Great Tusk|move: Sticky Web
|-unboost|p2a: Great Tusk|spe|1
|turn|6
|
|t:|1758271508
|move|p1a: Iron Moth|Substitute|p1a: Iron Moth
|-start|p1a: Iron Moth|Substitute
|-damage|p1a: Iron Moth|76/100
|move|p2a: Great Tusk|Rapid Spin|p1a: Iron Moth
|-activate|p1a: Iron Moth|move: Substitute|[damage]
|-sideend|p2: Magicant13|Stealth Rock|[from] move: Rapid Spin|[of] p2a: Great Tusk
|-sideend|p2: Magicant13|Sticky Web|[from] move: Rapid Spin|[of] p2a: Great Tusk
|-boost|p2a: Great Tusk|spe|1
|
|-heal|p2a: Great Tusk|100/100|[from] item: Leftovers
|upkeep
|turn|7
|
|t:|1758271511
|move|p1a: Iron Moth|Dazzling Gleam|p2a: Great Tusk
|-supereffective|p2a: Great Tusk
|-damage|p2a: Great Tusk|27/100
|move|p2a: Great Tusk|Earthquake|p1a: Iron Moth
|-supereffective|p1a: Iron Moth
|-crit|p1a: Iron Moth
|-end|p1a: Iron Moth|Substitute
|
|-heal|p2a: Great Tusk|33/100|[from] item: Leftovers
|upkeep
|turn|8
|
|t:|1758271513
|move|p1a: Iron Moth|Dazzling Gleam|p2a: Great Tusk
|-supereffective|p2a: Great Tusk
|-damage|p2a: Great Tusk|0 fnt
|faint|p2a: Great Tusk
|-end|p2a: Great Tusk|Protosynthesis|[silent]
|
|upkeep
|
|t:|1758271516
|switch|p2a: Arcanine|Arcanine-Hisui, M|100/100
|turn|9
|
|t:|1758271521
|-end|p1a: Iron Moth|Quark Drive|[silent]
|switch|p1a: Landorus|Landorus-Therian, M|100/100
|-ability|p1a: Landorus|Intimidate|boost
|-unboost|p2a: Arcanine|atk|1
|move|p2a: Arcanine|Substitute|p2a: Arcanine
|-start|p2a: Arcanine|Substitute
|-damage|p2a: Arcanine|76/100
|
|-heal|p2a: Arcanine|82/100|[from] item: Leftovers
|upkeep
|turn|10
|
|t:|1758271528
|move|p1a: Landorus|Earthquake|p2a: Arcanine
|-supereffective|p2a: Arcanine
|-end|p2a: Arcanine|Substitute
|move|p2a: Arcanine|Flare Blitz|p1a: Landorus
|-damage|p1a: Landorus|52/100
|
|-heal|p2a: Arcanine|88/100|[from] item: Leftovers
|upkeep
|turn|11
|
|t:|1758271533
|switch|p2a: Tropius|Tropius, M, shiny|100/100
|move|p1a: Landorus|Earthquake|p2a: Tropius
|-immune|p2a: Tropius
|
|upkeep
|turn|12
|
|t:|1758271545
|switch|p1a: Moltres|Moltres-Galar|100/100
|move|p2a: Tropius|Earthquake|p1a: Moltres
|-immune|p1a: Moltres
|
|upkeep
|turn|13
|
|t:|1758271563
|switch|p1a: Iron Moth|Iron Moth|76/100
|switch|p2a: Arcanine|Arcanine-Hisui, M|88/100
|
|-heal|p2a: Arcanine|94/100|[from] item: Leftovers
|upkeep
|turn|14
|
|t:|1758271572
|-end|p1a: Iron Moth|Quark Drive|[silent]
|switch|p1a: Landorus|Landorus-Therian, M|52/100
|-ability|p1a: Landorus|Intimidate|boost
|-unboost|p2a: Arcanine|atk|1
|move|p2a: Arcanine|Head Smash|p1a: Landorus
|-damage|p1a: Landorus|0 fnt
|faint|p1a: Landorus
|
|-heal|p2a: Arcanine|100/100|[from] item: Leftovers
|upkeep
|
|t:|1758271576
|switch|p1a: Great Tusk|Great Tusk|100/100
|-enditem|p1a: Great Tusk|Booster Energy
|-activate|p1a: Great Tusk|ability: Protosynthesis|[fromitem]
|-start|p1a: Great Tusk|protosynthesisspe
|turn|15
|
|t:|1758271579
|switch|p2a: Tropius|Tropius, M, shiny|100/100
|move|p1a: Great Tusk|Bulk Up|p1a: Great Tusk
|-boost|p1a: Great Tusk|atk|1
|-boost|p1a: Great Tusk|def|1
|
|upkeep
|turn|16
|
|t:|1758271583
|move|p1a: Great Tusk|Ice Spinner|p2a: Tropius
|-supereffective|p2a: Tropius
|-damage|p2a: Tropius|0 fnt
|faint|p2a: Tropius
|
|upkeep
|
|t:|1758271588
|switch|p2a: Empoleon|Empoleon, F|100/100
|turn|17
|
|t:|1758271595
|-terastallize|p1a: Great Tusk|Poison
|-terastallize|p2a: Empoleon|Fairy
|move|p1a: Great Tusk|Headlong Rush|p2a: Empoleon
|-damage|p2a: Empoleon|16/100
|-unboost|p1a: Great Tusk|def|1
|-unboost|p1a: Great Tusk|spd|1
|move|p2a: Empoleon|Surf|p1a: Great Tusk
|-damage|p1a: Great Tusk|28/100
|
|-heal|p2a: Empoleon|22/100|[from] item: Leftovers
|upkeep
|turn|18
|
|t:|1758271605
|move|p1a: Great Tusk|Headlong Rush|p2a: Empoleon
|-crit|p2a: Empoleon
|-damage|p2a: Empoleon|0 fnt
|-unboost|p1a: Great Tusk|def|1
|-unboost|p1a: Great Tusk|spd|1
|faint|p2a: Empoleon
|
|upkeep
|
|t:|1758271608
|switch|p2a: Arcanine|Arcanine-Hisui, M|100/100
|turn|19
|
|t:|1758271610
|move|p2a: Arcanine|Extreme Speed|p1a: Great Tusk
|-damage|p1a: Great Tusk|1/100
|move|p1a: Great Tusk|Headlong Rush|p2a: Arcanine
|-supereffective|p2a: Arcanine
|-damage|p2a: Arcanine|0 fnt
|-unboost|p1a: Great Tusk|def|1
|-unboost|p1a: Great Tusk|spd|1
|faint|p2a: Arcanine
|
|upkeep
|-message|Magicant13 forfeited.
|
|win|Frghjj
|raw|Frghjj's rating: 1247 &rarr; <strong>1275</strong><br />(+28 for winning)
|raw|Magicant13's rating: 1284 &rarr; <strong>1256</strong><br />(-28 for losing)
|l|☆Magicant13
|player|p2|
