|j|☆barbphobic
|j|☆finnlilienthal
|t:|1758263141
|gametype|singles
|player|p1|barbphobic|waitress-gen4|1096
|player|p2|finnlilienthal|266|1120
|gen|9
|tier|[Gen 9] OU
|rated|
|rule|HP Percentage Mod: HP is shown in percentages
|rule|Endless Battle Clause: Forcing endless battles is banned
|rule|Species Clause: Limit one of each Pokémon
|rule|OHKO Clause: OHKO moves are banned
|rule|Evasion Items Clause: Evasion items are banned
|rule|Evasion Moves Clause: Evasion moves are banned
|rule|Evasion Abilities Clause: Evasion abilities are banned
|rule|Sleep Moves Clause: Sleep-inducing moves are banned
|clearpoke
|poke|p1|Quaquaval, F|
|poke|p1|Barraskewda, F|
|poke|p1|Ogerpon-Wellspring, F|
|poke|p1|Thundurus, M|
|poke|p1|Manaphy|
|poke|p1|Swampert, M|
|poke|p2|Pelipper, M|
|poke|p2|Zapdos|
|poke|p2|Blastoise, M|
|poke|p2|Torterra, M|
|poke|p2|Muk-Alola, M|
|poke|p2|Weezing-Galar, F|
|teampreview
|
|t:|1758263152
|teamsize|p1|6
|teamsize|p2|6
|start
|switch|p1a: Manaphy|Manaphy|100/100
|switch|p2a: Zapdos|Zapdos|100/100
|turn|1
|
|t:|1758263169
|switch|p1a: Swampert|Swampert, M|100/100
|move|p2a: Zapdos|Volt Switch|p1a: Swampert
|-immune|p1a: Swampert
|
|upkeep
|turn|2
|
|t:|1758263177
|switch|p2a: Pelipper|Pelipper, M, shiny|100/100
|-weather|RainDance|[from] ability: Drizzle|[of] p2a: Pelipper
|move|p1a: Swampert|Bulk Up|p1a: Swampert
|-boost|p1a: Swampert|atk|1
|-boost|p1a: Swampert|def|1
|
|-weather|RainDance|[upkeep]
|upkeep
|turn|3
|
|t:|1758263185
|move|p2a: Pelipper|Knock Off|p1a: Swampert
|-damage|p1a: Swampert|95/100
|-enditem|p1a: Swampert|Leftovers|[from] move: Knock Off|[of] p2a: Pelipper
|move|p1a: Swampert|Bulk Up|p1a: Swampert
|-boost|p1a: Swampert|atk|1
|-boost|p1a: Swampert|def|1
|
|-weather|RainDance|[upkeep]
|upkeep
|turn|4
|
|t:|1758263206
|move|p2a: Pelipper|Hurricane|p1a: Swampert
|-damage|p1a: Swampert|59/100
|move|p1a: Swampert|Bulk Up|p1a: Swampert
|-boost|p1a: Swampert|atk|1
|-boost|p1a: Swampert|def|1
|
|-weather|RainDance|[upkeep]
|upkeep
|turn|5
|
|t:|1758263213
|move|p2a: Pelipper|Hurricane|p1a: Swampert
|-damage|p1a: Swampert|22/100
|-start|p1a: Swampert|confusion
|-activate|p1a: Swampert|confusion
|move|p1a: Swampert|Liquidation|p2a: Pelipper
|-resisted|p2a: Pelipper
|-damage|p2a: Pelipper|23/100
|
|-weather|RainDance|[upkeep]
|upkeep
|turn|6
|
|t:|1758263221
|move|p2a: Pelipper|Hurricane|p1a: Swampert
|-damage|p1a: Swampert|0 fnt
|faint|p1a: Swampert
|
|-weather|RainDance|[upkeep]
|upkeep
|
|t:|1758263225
|switch|p1a: Manaphy|Manaphy|100/100
|turn|7
|
|t:|1758263228
|switch|p2a: Zapdos|Zapdos|100/100
|move|p1a: Manaphy|Tail Glow|p1a: Manaphy
|-boost|p1a: Manaphy|spa|3
|
|-weather|RainDance|[upkeep]
|upkeep
|turn|8
|
|t:|1758263234
|move|p2a: Zapdos|Thunder|p1a: Manaphy
|-supereffective|p1a: Manaphy
|-damage|p1a: Manaphy|0 fnt
|faint|p1a: Manaphy
|
|-weather|RainDance|[upkeep]
|upkeep
|
|t:|1758263238
|switch|p1a: Ogerpon|Ogerpon-Wellspring, F|100/100
|turn|9
|
|t:|1758263243
|switch|p2a: Weezing|Weezing-Galar, F|100/100
|-ability|p2a: Weezing|Neutralizing Gas
|move|p1a: Ogerpon|Ivy Cudgel|p2a: Weezing|[anim] Ivy Cudgel Water
|-damage|p2a: Weezing|35/100
|
|-weather|none
|-heal|p2a: Weezing|41/100|[from] item: Black Sludge
|upkeep
|turn|10
|
|t:|1758263254
|move|p2a: Weezing|Protect|p2a: Weezing
|-singleturn|p2a: Weezing|Protect
|move|p1a: Ogerpon|Ivy Cudgel|p2a: Weezing|[anim] Ivy Cudgel Water
|-activate|p2a: Weezing|move: Protect
|
|-heal|p2a: Weezing|47/100|[from] item: Black Sludge
|upkeep
|turn|11
|
|t:|1758263265
|move|p1a: Ogerpon|Ivy Cudgel|p2a: Weezing|[anim] Ivy Cudgel Water
|-damage|p2a: Weezing|2/100
|move|p2a: Weezing|Destiny Bond|p2a: Weezing
|-singlemove|p2a: Weezing|Destiny Bond
|
|-heal|p2a: Weezing|8/100|[from] item: Black Sludge
|upkeep
|turn|12
|
|t:|1758263273
|move|p1a: Ogerpon|Swords Dance|p1a: Ogerpon
|-boost|p1a: Ogerpon|atk|2
|move|p2a: Weezing|Toxic Spikes|p1a: Ogerpon
|-sidestart|p1: barbphobic|move: Toxic Spikes
|
|-heal|p2a: Weezing|15/100|[from] item: Black Sludge
|upkeep
|turn|13
|
|t:|1758263281
|move|p2a: Weezing|Protect|p2a: Weezing
|-singleturn|p2a: Weezing|Protect
|move|p1a: Ogerpon|Ivy Cudgel|p2a: Weezing|[anim] Ivy Cudgel Water
|-activate|p2a: Weezing|move: Protect
|
|-heal|p2a: Weezing|21/100|[from] item: Black Sludge
|upkeep
|turn|14
|
|t:|1758263296
|move|p1a: Ogerpon|Swords Dance|p1a: Ogerpon
|-boost|p1a: Ogerpon|atk|2
|move|p2a: Weezing|Destiny Bond|p2a: Weezing
|-singlemove|p2a: Weezing|Destiny Bond
|
|-heal|p2a: Weezing|27/100|[from] item: Black Sludge
|upkeep
|turn|15
|
|t:|1758263303
|move|p1a: Ogerpon|Swords Dance|p1a: Ogerpon
|-boost|p1a: Ogerpon|atk|2
|move|p2a: Weezing|Strange Steam|p1a: Ogerpon
|-damage|p1a: Ogerpon|61/100
|
|-heal|p2a: Weezing|33/100|[from] item: Black Sludge
|upkeep
|turn|16
|
|t:|1758263312
|move|p2a: Weezing|Protect|p2a: Weezing
|-singleturn|p2a: Weezing|Protect
|move|p1a: Ogerpon|Ivy Cudgel|p2a: Weezing|[anim] Ivy Cudgel Water
|-activate|p2a: Weezing|move: Protect
|
|-heal|p2a: Weezing|40/100|[from] item: Black Sludge
|upkeep
|turn|17
|
|t:|1758263321
|move|p1a: Ogerpon|Spiky Shield|p1a: Ogerpon
|-singleturn|p1a: Ogerpon|move: Protect
|move|p2a: Weezing|Destiny Bond|p2a: Weezing
|-singlemove|p2a: Weezing|Destiny Bond
|
|-heal|p2a: Weezing|46/100|[from] item: Black Sludge
|upkeep
|turn|18
|
|t:|1758263330
|move|p1a: Ogerpon|Swords Dance|p1a: Ogerpon
|-boost|p1a: Ogerpon|atk|0
|move|p2a: Weezing|Strange Steam|p1a: Ogerpon
|-damage|p1a: Ogerpon|21/100
|
|-heal|p2a: Weezing|52/100|[from] item: Black Sludge
|upkeep
|turn|19
|
|t:|1758263339
|move|p2a: Weezing|Protect|p2a: Weezing
|-singleturn|p2a: Weezing|Protect
|move|p1a: Ogerpon|Ivy Cudgel|p2a: Weezing|[anim] Ivy Cudgel Water
|-activate|p2a: Weezing|move: Protect
|
|-heal|p2a: Weezing|58/100|[from] item: Black Sludge
|upkeep
|turn|20
|
|t:|1758263352
|-end|p2a: Weezing|ability: Neutralizing Gas
|switch|p2a: Pelipper|Pelipper, M, shiny|23/100
|-weather|RainDance|[from] ability: Drizzle|[of] p2a: Pelipper
|move|p1a: Ogerpon|Ivy Cudgel|p2a: Pelipper|[anim] Ivy Cudgel Water
|-resisted|p2a: Pelipper
|-damage|p2a: Pelipper|0 fnt
|faint|p2a: Pelipper
|
|-weather|RainDance|[upkeep]
|upkeep
|
|t:|1758263362
|switch|p2a: Zapdos|Zapdos|100/100
|turn|21
|
|t:|1758263368
|move|p2a: Zapdos|Thunder|p1a: Ogerpon
|-damage|p1a: Ogerpon|0 fnt
|faint|p1a: Ogerpon
|
|-weather|RainDance|[upkeep]
|upkeep
|
|t:|1758263377
|switch|p1a: Barraskewda|Barraskewda, F|100/100
|-status|p1a: Barraskewda|psn
|turn|22
|
|t:|1758263390
|switch|p2a: Blastoise|Blastoise, M|100/100
|-terastallize|p1a: Barraskewda|Water
|move|p1a: Barraskewda|Liquidation|p2a: Blastoise
|-resisted|p2a: Blastoise
|-damage|p2a: Blastoise|34/100
|
|-weather|RainDance|[upkeep]
|-heal|p2a: Blastoise|40/100|[from] ability: Rain Dish
|-damage|p1a: Barraskewda|88/100 psn|[from] psn
|upkeep
|turn|23
|
|t:|1758263403
|move|p1a: Barraskewda|Liquidation|p2a: Blastoise
|-resisted|p2a: Blastoise
|-damage|p2a: Blastoise|0 fnt
|faint|p2a: Blastoise
|
|-weather|RainDance|[upkeep]
|-damage|p1a: Barraskewda|76/100 psn|[from] psn
|upkeep
|
|t:|1758263409
|switch|p2a: Torterra|Torterra, M|100/100
|turn|24
|
|t:|1758263412
|-terastallize|p2a: Torterra|Water
|move|p1a: Barraskewda|Liquidation|p2a: Torterra
|-resisted|p2a: Torterra
|-damage|p2a: Torterra|50/100
|-unboost|p2a: Torterra|def|1
|move|p2a: Torterra|Leech Seed|p1a: Barraskewda
|-start|p1a: Barraskewda|move: Leech Seed
|
|-weather|RainDance|[upkeep]
|-heal|p2a: Torterra|56/100|[from] item: Leftovers
|-damage|p1a: Barraskewda|64/100 psn|[from] Leech Seed|[of] p2a: Torterra
|-heal|p2a: Torterra|65/100|[silent]
|-damage|p1a: Barraskewda|52/100 psn|[from] psn
|upkeep
|turn|25
|
|t:|1758263424
|move|p2a: Torterra|Protect|p2a: Torterra
|-singleturn|p2a: Torterra|Protect
|move|p1a: Barraskewda|Liquidation|p2a: Torterra
|-activate|p2a: Torterra|move: Protect
|
|-weather|RainDance|[upkeep]
|-heal|p2a: Torterra|71/100|[from] item: Leftovers
|-damage|p1a: Barraskewda|40/100 psn|[from] Leech Seed|[of] p2a: Torterra
|-heal|p2a: Torterra|80/100|[silent]
|-damage|p1a: Barraskewda|27/100 psn|[from] psn
|upkeep
|turn|26
|
|t:|1758263440
|move|p2a: Torterra|Protect|p2a: Torterra
|-singleturn|p2a: Torterra|Protect
|move|p1a: Barraskewda|Liquidation|p2a: Torterra
|-activate|p2a: Torterra|move: Protect
|
|-weather|RainDance|[upkeep]
|-heal|p2a: Torterra|87/100|[from] item: Leftovers
|-damage|p1a: Barraskewda|15/100 psn|[from] Leech Seed|[of] p2a: Torterra
|-heal|p2a: Torterra|96/100|[silent]
|-damage|p1a: Barraskewda|3/100 psn|[from] psn
|upkeep
|turn|27
|
|t:|1758263455
|move|p1a: Barraskewda|Liquidation|p2a: Torterra
|-resisted|p2a: Torterra
|-damage|p2a: Torterra|22/100
|-unboost|p2a: Torterra|def|1
|move|p2a: Torterra|Stealth Rock|p1a: Barraskewda
|-sidestart|p1: barbphobic|move: Stealth Rock
|
|-weather|none
|-heal|p2a: Torterra|29/100|[from] item: Leftovers
|-damage|p1a: Barraskewda|0 fnt|[from] Leech Seed|[of] p2a: Torterra
|-heal|p2a: Torterra|31/100|[silent]
|faint|p1a: Barraskewda
|upkeep
|
|t:|1758263466
|switch|p1a: Thundurus|Thundurus, M|100/100
|-damage|p1a: Thundurus|76/100|[from] Stealth Rock
|turn|28
|
|t:|1758263473
|move|p2a: Torterra|Protect|p2a: Torterra
|-singleturn|p2a: Torterra|Protect
|move|p1a: Thundurus|Sludge Bomb|p2a: Torterra
|-activate|p2a: Torterra|move: Protect
|
|-heal|p2a: Torterra|37/100|[from] item: Leftovers
|upkeep
|turn|29
|
|t:|1758263482
|switch|p2a: Muk|Muk-Alola, M|100/100
|move|p1a: Thundurus|Rain Dance|p1a: Thundurus
|-weather|RainDance
|
|-weather|RainDance|[upkeep]
|upkeep
|turn|30
|
|t:|1758263487
|move|p1a: Thundurus|Thunder|p2a: Muk
|-damage|p2a: Muk|75/100
|-status|p2a: Muk|par
|move|p2a: Muk|Poison Jab|p1a: Thundurus
|-damage|p1a: Thundurus|24/100
|-status|p1a: Thundurus|psn
|
|-weather|RainDance|[upkeep]
|-damage|p1a: Thundurus|12/100 psn|[from] psn
|upkeep
|turn|31
|
|t:|1758263498
|move|p2a: Muk|Shadow Sneak|p1a: Thundurus
|-damage|p1a: Thundurus|0 fnt
|faint|p1a: Thundurus
|
|-weather|RainDance|[upkeep]
|upkeep
|
|t:|1758263500
|switch|p1a: Quaquaval|Quaquaval, F|100/100
|-status|p1a: Quaquaval|psn
|-damage|p1a: Quaquaval|94/100 psn|[from] Stealth Rock
|turn|32
|
|t:|1758263507
|switch|p2a: Weezing|Weezing-Galar, F|58/100
|-ability|p2a: Weezing|Neutralizing Gas
|move|p1a: Quaquaval|Bulk Up|p1a: Quaquaval
|-boost|p1a: Quaquaval|atk|1
|-boost|p1a: Quaquaval|def|1
|
|-weather|RainDance|[upkeep]
|-heal|p2a: Weezing|65/100|[from] item: Black Sludge
|-damage|p1a: Quaquaval|82/100 psn|[from] psn
|upkeep
|turn|33
|
|t:|1758263520
|move|p1a: Quaquaval|Aqua Step|p2a: Weezing
|-damage|p2a: Weezing|0 fnt
|-boost|p1a: Quaquaval|spe|1
|faint|p2a: Weezing
|-end|p2a: Weezing|ability: Neutralizing Gas
|-ability|p1a: Quaquaval|Moxie|boost
|-boost|p1a: Quaquaval|atk|1
|
|-weather|RainDance|[upkeep]
|-damage|p1a: Quaquaval|70/100 psn|[from] psn
|upkeep
|
|t:|1758263533
|switch|p2a: Zapdos|Zapdos|100/100
|turn|34
|
|t:|1758263536
|move|p2a: Zapdos|Thunder|p1a: Quaquaval
|-supereffective|p1a: Quaquaval
|-damage|p1a: Quaquaval|0 fnt
|faint|p1a: Quaquaval
|
|win|finnlilienthal
|raw|barbphobic's rating: 1096 &rarr; <strong>1073</strong><br />(-23 for losing)
|raw|finnlilienthal's rating: 1120 &rarr; <strong>1143</strong><br />(+23 for winning)
|l|☆barbphobic
|player|p1|
|l|☆finnlilienthal
|player|p2|
