|j|☆skidog
|j|☆healorant
|t:|1758293417
|gametype|singles
|player|p1|skidog|skierf|1713
|player|p2|healorant|alder|1782
|gen|9
|tier|[Gen 9] OU
|rated|
|rule|HP Percentage Mod: HP is shown in percentages
|rule|Endless Battle Clause: Forcing endless battles is banned
|rule|Species Clause: Limit one of each Pokémon
|rule|OHKO Clause: OHKO moves are banned
|rule|Evasion Items Clause: Evasion items are banned
|rule|Evasion Moves Clause: Evasion moves are banned
|rule|Evasion Abilities Clause: Evasion abilities are banned
|rule|Sleep Moves Clause: Sleep-inducing moves are banned
|clearpoke
|poke|p1|Tyranitar, F|
|poke|p1|Excadrill, M|
|poke|p1|Keldeo-Resolute|
|poke|p1|Tornadus-Therian, M|
|poke|p1|Heatran, F|
|poke|p1|Hydrapple, M|
|poke|p2|Meowscarada, F|
|poke|p2|Great Tusk|
|poke|p2|Alomomola, F|
|poke|p2|Iron Crown|
|poke|p2|Dragonite, M|
|poke|p2|Dragapult, M|
|teampreview
|inactive|Battle timer is ON: inactive players will automatically lose when time's up. (requested by healorant)
|
|t:|1758293449
|teamsize|p1|6
|teamsize|p2|6
|start
|switch|p1a: Heatran|Heatran, F|100/100
|switch|p2a: Alomomola|Alomomola, F|100/100
|turn|1
|
|t:|1758293457
|move|p1a: Heatran|Stealth Rock|p2a: Alomomola
|-sidestart|p2: healorant|move: Stealth Rock
|move|p2a: Alomomola|Flip Turn|p1a: Heatran
|-supereffective|p1a: Heatran
|-damage|p1a: Heatran|72/100
|
|t:|1758293460
|switch|p2a: Great Tusk|Great Tusk|100/100|[from] Flip Turn
|-damage|p2a: Great Tusk|98/100|[from] Stealth Rock
|
|-heal|p1a: Heatran|78/100|[from] item: Leftovers
|upkeep
|turn|2
|
|t:|1758293472
|switch|p1a: Hydrapple|Hydrapple, M|100/100
|move|p2a: Great Tusk|Stealth Rock|p1a: Hydrapple
|-sidestart|p1: skidog|move: Stealth Rock
|
|upkeep
|turn|3
|
|t:|1758293484
|-end|p2a: Great Tusk|Protosynthesis|[silent]
|switch|p2a: Iron Crown|Iron Crown|100/100
|-damage|p2a: Iron Crown|94/100|[from] Stealth Rock
|move|p1a: Hydrapple|Giga Drain|p2a: Iron Crown
|-resisted|p2a: Iron Crown
|-damage|p2a: Iron Crown|78/100
|
|upkeep
|turn|4
|
|t:|1758293508
|switch|p1a: Excadrill|Excadrill, M|100/100
|-damage|p1a: Excadrill|97/100|[from] Stealth Rock
|-item|p1a: Excadrill|Air Balloon
|move|p2a: Iron Crown|Tachyon Cutter|p1a: Excadrill
|-resisted|p1a: Excadrill
|-damage|p1a: Excadrill|72/100
|-enditem|p1a: Excadrill|Air Balloon
|-resisted|p1a: Excadrill
|-crit|p1a: Excadrill
|-damage|p1a: Excadrill|36/100
|-hitcount|p1a: Excadrill|2
|
|upkeep
|turn|5
|
|t:|1758293516
|switch|p1a: Heatran|Heatran, F|78/100
|-damage|p1a: Heatran|66/100|[from] Stealth Rock
|move|p2a: Iron Crown|Tachyon Cutter|p1a: Heatran
|-resisted|p1a: Heatran
|-damage|p1a: Heatran|60/100
|-resisted|p1a: Heatran
|-damage|p1a: Heatran|54/100
|-hitcount|p1a: Heatran|2
|
|-heal|p1a: Heatran|60/100|[from] item: Leftovers
|upkeep
|turn|6
|
|t:|1758293528
|-end|p2a: Iron Crown|Quark Drive|[silent]
|switch|p2a: Alomomola|Alomomola, F|100/100
|-damage|p2a: Alomomola|88/100|[from] Stealth Rock
|move|p1a: Heatran|Magma Storm|p2a: Alomomola
|-resisted|p2a: Alomomola
|-damage|p2a: Alomomola|76/100
|-activate|p2a: Alomomola|move: Magma Storm|[of] p1a: Heatran
|
|-heal|p1a: Heatran|66/100|[from] item: Leftovers
|-damage|p2a: Alomomola|64/100|[from] move: Magma Storm|[partiallytrapped]
|upkeep
|turn|7
|
|t:|1758293545
|switch|p1a: Tyranitar|Tyranitar, F|100/100
|-damage|p1a: Tyranitar|88/100|[from] Stealth Rock
|-weather|Sandstorm|[from] ability: Sand Stream|[of] p1a: Tyranitar
|move|p2a: Alomomola|Flip Turn|p1a: Tyranitar
|-supereffective|p1a: Tyranitar
|-damage|p1a: Tyranitar|58/100
|
|t:|1758293556
|switch|p2a: Iron Crown|Iron Crown|78/100|[from] Flip Turn
|-damage|p2a: Iron Crown|72/100|[from] Stealth Rock
|
|-weather|Sandstorm|[upkeep]
|upkeep
|turn|8
|
|t:|1758293562
|switch|p1a: Heatran|Heatran, F|66/100
|-damage|p1a: Heatran|54/100|[from] Stealth Rock
|move|p2a: Iron Crown|Tachyon Cutter|p1a: Heatran
|-resisted|p1a: Heatran
|-damage|p1a: Heatran|48/100
|-resisted|p1a: Heatran
|-damage|p1a: Heatran|42/100
|-hitcount|p1a: Heatran|2
|
|-weather|Sandstorm|[upkeep]
|-heal|p1a: Heatran|48/100|[from] item: Leftovers
|upkeep
|turn|9
|
|t:|1758293570
|switch|p1a: Excadrill|Excadrill, M|36/100
|-damage|p1a: Excadrill|33/100|[from] Stealth Rock
|move|p2a: Iron Crown|Tachyon Cutter|p1a: Excadrill
|-resisted|p1a: Excadrill
|-crit|p1a: Excadrill
|-damage|p1a: Excadrill|0 fnt
|faint|p1a: Excadrill
|-hitcount|p1: Excadrill|1
|
|-weather|Sandstorm|[upkeep]
|upkeep
|
|t:|1758293575
|switch|p1a: Keldeo|Keldeo-Resolute|100/100
|-damage|p1a: Keldeo|94/100|[from] Stealth Rock
|turn|10
|
|t:|1758293601
|-end|p2a: Iron Crown|Quark Drive|[silent]
|switch|p2a: Alomomola|Alomomola, F|97/100
|-damage|p2a: Alomomola|85/100|[from] Stealth Rock
|move|p1a: Keldeo|Flip Turn|p2a: Alomomola
|-resisted|p2a: Alomomola
|-damage|p2a: Alomomola|80/100
|
|t:|1758293609
|switch|p1a: Tyranitar|Tyranitar, F|58/100|[from] Flip Turn
|-damage|p1a: Tyranitar|46/100|[from] Stealth Rock
|
|-weather|Sandstorm|[upkeep]
|-damage|p2a: Alomomola|74/100|[from] Sandstorm
|upkeep
|turn|11
|
|t:|1758293614
|move|p1a: Tyranitar|Knock Off|p2a: Alomomola
|-damage|p2a: Alomomola|14/100
|-enditem|p2a: Alomomola|Assault Vest|[from] move: Knock Off|[of] p1a: Tyranitar
|move|p2a: Alomomola|Flip Turn|p1a: Tyranitar
|-supereffective|p1a: Tyranitar
|-damage|p1a: Tyranitar|16/100
|
|t:|1758293620
|switch|p2a: Great Tusk|Great Tusk|98/100|[from] Flip Turn
|-damage|p2a: Great Tusk|95/100|[from] Stealth Rock
|
|-weather|none
|upkeep
|turn|12
|
|t:|1758293624
|switch|p1a: Heatran|Heatran, F|48/100
|-damage|p1a: Heatran|36/100|[from] Stealth Rock
|move|p2a: Great Tusk|Rapid Spin|p1a: Heatran
|-resisted|p1a: Heatran
|-damage|p1a: Heatran|29/100
|-boost|p2a: Great Tusk|spe|1
|-status|p2a: Great Tusk|brn|[from] ability: Flame Body|[of] p1a: Heatran
|-sideend|p2: healorant|Stealth Rock|[from] move: Rapid Spin|[of] p2a: Great Tusk
|
|-heal|p1a: Heatran|35/100|[from] item: Leftovers
|-damage|p2a: Great Tusk|88/100 brn|[from] brn
|upkeep
|turn|13
|
|t:|1758293628
|switch|p1a: Tornadus|Tornadus-Therian, M|100/100
|move|p2a: Great Tusk|Ice Spinner|p1a: Tornadus
|-supereffective|p1a: Tornadus
|-damage|p1a: Tornadus|76/100
|
|-damage|p2a: Great Tusk|82/100 brn|[from] brn
|upkeep
|turn|14
|
|t:|1758293636
|move|p2a: Great Tusk|Ice Spinner|p1a: Tornadus
|-supereffective|p1a: Tornadus
|-damage|p1a: Tornadus|51/100
|move|p1a: Tornadus|Bleakwind Storm|p2a: Great Tusk
|-supereffective|p2a: Great Tusk
|-damage|p2a: Great Tusk|0 fnt
|faint|p2a: Great Tusk
|-end|p2a: Great Tusk|Protosynthesis|[silent]
|
|upkeep
|
|t:|1758293645
|switch|p2a: Dragapult|Dragapult, M|100/100
|turn|15
|
|t:|1758293655
|switch|p1a: Tyranitar|Tyranitar, F|16/100
|-damage|p1a: Tyranitar|4/100|[from] Stealth Rock
|-weather|Sandstorm|[from] ability: Sand Stream|[of] p1a: Tyranitar
|move|p2a: Dragapult|Dragon Darts|p1a: Tyranitar
|-damage|p1a: Tyranitar|0 fnt
|faint|p1a: Tyranitar
|
|-weather|Sandstorm|[upkeep]
|-damage|p2a: Dragapult|95/100|[from] Sandstorm
|upkeep
|
|t:|1758293669
|switch|p1a: Hydrapple|Hydrapple, M|100/100
|-damage|p1a: Hydrapple|88/100|[from] Stealth Rock
|turn|16
|
|t:|1758293676
|-terastallize|p1a: Hydrapple|Fairy
|move|p2a: Dragapult|U-turn|p1a: Hydrapple
|-resisted|p1a: Hydrapple
|-damage|p1a: Hydrapple|82/100
|-damage|p2a: Dragapult|78/100|[from] item: Rocky Helmet|[of] p1a: Hydrapple
|
|t:|1758293681
|switch|p2a: Alomomola|Alomomola, F|47/100|[from] U-turn
|move|p1a: Hydrapple|Fickle Beam|p2a: Alomomola|[anim] Fickle Beam All Out
|-activate|p1a: Hydrapple|move: Fickle Beam
|-damage|p2a: Alomomola|0 fnt
|faint|p2a: Alomomola
|
|-weather|Sandstorm|[upkeep]
|-damage|p1a: Hydrapple|76/100|[from] Sandstorm
|upkeep
|
|t:|1758293684
|switch|p2a: Iron Crown|Iron Crown|72/100
|turn|17
|
|t:|1758293693
|switch|p1a: Heatran|Heatran, F|35/100
|-damage|p1a: Heatran|23/100|[from] Stealth Rock
|move|p2a: Iron Crown|Tachyon Cutter|p1a: Heatran
|-resisted|p1a: Heatran
|-damage|p1a: Heatran|17/100
|-resisted|p1a: Heatran
|-damage|p1a: Heatran|11/100
|-hitcount|p1a: Heatran|2
|
|-weather|Sandstorm|[upkeep]
|-heal|p1a: Heatran|18/100|[from] item: Leftovers
|upkeep
|turn|18
|
|t:|1758293704
|-end|p2a: Iron Crown|Quark Drive|[silent]
|switch|p2a: Dragonite|Dragonite, M|100/100
|move|p1a: Heatran|Magma Storm|p2a: Dragonite
|-resisted|p2a: Dragonite
|-damage|p2a: Dragonite|89/100
|-activate|p2a: Dragonite|move: Magma Storm|[of] p1a: Heatran
|
|-weather|Sandstorm|[upkeep]
|-damage|p2a: Dragonite|83/100|[from] Sandstorm
|-heal|p1a: Heatran|24/100|[from] item: Leftovers
|-damage|p2a: Dragonite|70/100|[from] move: Magma Storm|[partiallytrapped]
|upkeep
|turn|19
|
|t:|1758293714
|move|p2a: Dragonite|Roost|p2a: Dragonite
|-heal|p2a: Dragonite|100/100
|-singleturn|p2a: Dragonite|move: Roost
|move|p1a: Heatran|Taunt|p2a: Dragonite
|-start|p2a: Dragonite|move: Taunt
|
|-weather|none
|-heal|p1a: Heatran|30/100|[from] item: Leftovers
|-damage|p2a: Dragonite|88/100|[from] move: Magma Storm|[partiallytrapped]
|upkeep
|turn|20
|
|t:|1758293719
|switch|p1a: Hydrapple|Hydrapple, M, tera:Fairy|100/100
|-damage|p1a: Hydrapple|88/100|[from] Stealth Rock
|move|p2a: Dragonite|Stone Edge|p1a: Hydrapple
|-damage|p1a: Hydrapple|67/100
|
|-end|p2a: Dragonite|Magma Storm|[partiallytrapped]|[silent]
|upkeep
|turn|21
|
|t:|1758293728
|switch|p2a: Iron Crown|Iron Crown|72/100
|move|p1a: Hydrapple|Earth Power|p2a: Iron Crown
|-supereffective|p2a: Iron Crown
|-damage|p2a: Iron Crown|20/100
|
|upkeep
|turn|22
|
|t:|1758293736
|move|p2a: Iron Crown|Tachyon Cutter|p1a: Hydrapple
|-supereffective|p1a: Hydrapple
|-damage|p1a: Hydrapple|0 fnt
|faint|p1a: Hydrapple
|-hitcount|p1: Hydrapple|1
|
|upkeep
|
|t:|1758293739
|switch|p1a: Keldeo|Keldeo-Resolute|94/100
|-damage|p1a: Keldeo|88/100|[from] Stealth Rock
|turn|23
|
|t:|1758293743
|move|p1a: Keldeo|Surf|p2a: Iron Crown
|-damage|p2a: Iron Crown|0 fnt
|faint|p2a: Iron Crown
|-end|p2a: Iron Crown|Quark Drive|[silent]
|
|upkeep
|
|t:|1758293749
|switch|p2a: Dragonite|Dragonite, M|88/100
|turn|24
|
|t:|1758293753
|move|p1a: Keldeo|Surf|p2a: Dragonite
|-resisted|p2a: Dragonite
|-damage|p2a: Dragonite|53/100
|move|p2a: Dragonite|Dragon Dance|p2a: Dragonite
|-boost|p2a: Dragonite|atk|1
|-boost|p2a: Dragonite|spe|1
|
|upkeep
|turn|25
|-message|skidog forfeited.
|
|win|healorant
|raw|skidog's rating: 1713 &rarr; <strong>1697</strong><br />(-16 for losing)
|raw|healorant's rating: 1782 &rarr; <strong>1798</strong><br />(+16 for winning)
|l|☆skidog
|player|p1|
|l|☆healorant
|player|p2|
