|j|☆Ulxington
|j|☆bianyuanren
|t:|1758232343
|gametype|singles
|player|p1|Ulxington|unknown|1137
|player|p2|bianyuanren|dawn|1157
|gen|9
|tier|[Gen 9] OU
|rated|
|rule|HP Percentage Mod: HP is shown in percentages
|rule|Endless Battle Clause: Forcing endless battles is banned
|rule|Species Clause: Limit one of each Pokémon
|rule|OHKO Clause: OHKO moves are banned
|rule|Evasion Items Clause: Evasion items are banned
|rule|Evasion Moves Clause: Evasion moves are banned
|rule|Evasion Abilities Clause: Evasion abilities are banned
|rule|Sleep Moves Clause: Sleep-inducing moves are banned
|clearpoke
|poke|p1|Beartic, M|
|poke|p1|Primeape, M|
|poke|p1|Abomasnow, F|
|poke|p1|Dugtrio-Alola, F|
|poke|p1|Minior-Blue|
|poke|p1|Mesprit|
|poke|p2|Ogerpon-Wellspring, F|
|poke|p2|Ribombee, M|
|poke|p2|Manaphy|
|poke|p2|Rillaboom, F|
|poke|p2|Dragonite, M|
|poke|p2|Pelipper, F|
|teampreview
|inactive|Battle timer is ON: inactive players will automatically lose when time's up. (requested by Ulxington)
|
|t:|1758232362
|teamsize|p1|6
|teamsize|p2|6
|start
|switch|p1a: Primeape|Primeape, M|100/100
|switch|p2a: Ribombee|Ribombee, M, shiny|100/100
|turn|1
|
|t:|1758232369
|move|p2a: Ribombee|Moonblast|p1a: Primeape
|-supereffective|p1a: Primeape
|-enditem|p1a: Primeape|Focus Sash
|-damage|p1a: Primeape|1/100
|move|p1a: Primeape|Taunt|p2a: Ribombee
|-start|p2a: Ribombee|move: Taunt
|
|upkeep
|turn|2
|
|t:|1758232378
|switch|p1a: Abomasnow|Abomasnow, F|100/100
|-weather|Snowscape|[from] ability: Snow Warning|[of] p1a: Abomasnow
|move|p2a: Ribombee|Moonblast|p1a: Abomasnow
|-damage|p1a: Abomasnow|58/100
|
|-weather|Snowscape|[upkeep]
|upkeep
|turn|3
|
|t:|1758232390
|switch|p2a: Pelipper|Pelipper, F, shiny|100/100
|-weather|RainDance|[from] ability: Drizzle|[of] p2a: Pelipper
|move|p1a: Abomasnow|Aurora Veil||[still]
|-fail|p1a: Abomasnow
|
|-weather|RainDance|[upkeep]
|upkeep
|turn|4
|
|t:|1758232400
|move|p1a: Abomasnow|Blizzard|p2a: Pelipper
|-damage|p2a: Pelipper|26/100
|move|p2a: Pelipper|U-turn|p1a: Abomasnow
|-supereffective|p1a: Abomasnow
|-damage|p1a: Abomasnow|36/100
|
|t:|1758232410
|switch|p2a: Ogerpon|Ogerpon-Wellspring, F|100/100|[from] U-turn
|
|-weather|RainDance|[upkeep]
|upkeep
|turn|5
|
|t:|1758232417
|switch|p1a: Dugtrio|Dugtrio-Alola, F|100/100
|move|p2a: Ogerpon|Ivy Cudgel|p1a: Dugtrio|[anim] Ivy Cudgel Water
|-supereffective|p1a: Dugtrio
|-damage|p1a: Dugtrio|0 fnt
|faint|p1a: Dugtrio
|
|-weather|RainDance|[upkeep]
|upkeep
|
|t:|1758232426
|switch|p1a: Abomasnow|Abomasnow, F|36/100
|-weather|Snowscape|[from] ability: Snow Warning|[of] p1a: Abomasnow
|turn|6
|
|t:|1758232434
|switch|p2a: Pelipper|Pelipper, F, shiny|26/100
|-weather|RainDance|[from] ability: Drizzle|[of] p2a: Pelipper
|move|p1a: Abomasnow|Leaf Storm|p2a: Pelipper
|-damage|p2a: Pelipper|0 fnt
|-unboost|p1a: Abomasnow|spa|2
|faint|p2a: Pelipper
|-enditem|p1a: Abomasnow|Eject Pack
|
|t:|1758232436
|switch|p1a: Beartic|Beartic, M|100/100
|
|-weather|RainDance|[upkeep]
|upkeep
|
|t:|1758232450
|switch|p2a: Manaphy|Manaphy, shiny|100/100
|turn|7
|
|t:|1758232453
|move|p2a: Manaphy|Tail Glow|p2a: Manaphy
|-boost|p2a: Manaphy|spa|3
|move|p1a: Beartic|Swords Dance|p1a: Beartic
|-boost|p1a: Beartic|atk|2
|
|-weather|RainDance|[upkeep]
|upkeep
|turn|8
|
|t:|1758232461
|move|p2a: Manaphy|Surf|p1a: Beartic
|-damage|p1a: Beartic|0 fnt
|faint|p1a: Beartic
|
|-weather|RainDance|[upkeep]
|upkeep
|
|t:|1758232466
|switch|p1a: Primeape|Primeape, M|1/100
|turn|9
|
|t:|1758232472
|move|p2a: Manaphy|Surf|p1a: Primeape
|-damage|p1a: Primeape|0 fnt
|faint|p1a: Primeape
|
|-weather|RainDance|[upkeep]
|upkeep
|
|t:|1758232474
|switch|p1a: Abomasnow|Abomasnow, F|36/100
|-weather|Snowscape|[from] ability: Snow Warning|[of] p1a: Abomasnow
|turn|10
|
|t:|1758232485
|move|p2a: Manaphy|Ice Beam|p1a: Abomasnow
|-damage|p1a: Abomasnow|0 fnt
|faint|p1a: Abomasnow
|
|-weather|Snowscape|[upkeep]
|upkeep
|
|t:|1758232487
|switch|p1a: Mesprit|Mesprit|100/100
|turn|11
|
|t:|1758232498
|-terastallize|p2a: Manaphy|Water
|move|p2a: Manaphy|Surf|p1a: Mesprit
|-damage|p1a: Mesprit|0 fnt
|faint|p1a: Mesprit
|
|-weather|Snowscape|[upkeep]
|upkeep
|
|t:|1758232500
|switch|p1a: Minior|Minior-Blue|100/100
|-formechange|p1a: Minior|Minior-Meteor||[from] ability: Shields Down
|turn|12
|
|t:|1758232510
|move|p2a: Manaphy|Surf|p1a: Minior
|-supereffective|p1a: Minior
|-crit|p1a: Minior
|-damage|p1a: Minior|0 fnt
|faint|p1a: Minior
|
|win|bianyuanren
|raw|Ulxington's rating: 1137 &rarr; <strong>1113</strong><br />(-24 for losing)
|raw|bianyuanren's rating: 1157 &rarr; <strong>1181</strong><br />(+24 for winning)
|l|☆Ulxington
|player|p1|
|l|☆bianyuanren
|player|p2|
