|j|☆Messibelino
|j|☆khzz4
|t:|1758292981
|gametype|singles
|player|p1|Messibelino|buck|1107
|player|p2|khzz4|clemont|1168
|gen|9
|tier|[Gen 9] OU
|rated|
|rule|HP Percentage Mod: HP is shown in percentages
|rule|Endless Battle Clause: Forcing endless battles is banned
|rule|Species Clause: Limit one of each Pokémon
|rule|OHKO Clause: OHKO moves are banned
|rule|Evasion Items Clause: Evasion items are banned
|rule|Evasion Moves Clause: Evasion moves are banned
|rule|Evasion Abilities Clause: Evasion abilities are banned
|rule|Sleep Moves Clause: Sleep-inducing moves are banned
|clearpoke
|poke|p1|Ampharos, M|
|poke|p1|Dragonite, M|
|poke|p1|Feraligatr, M|
|poke|p1|Weavile, M|
|poke|p1|Dragapult, M|
|poke|p1|Infernape, M|
|poke|p2|Landorus-Therian, M|
|poke|p2|Garchomp, M|
|poke|p2|Gholdengo|
|poke|p2|Metagross|
|poke|p2|Weavile, M|
|poke|p2|Cinderace, M|
|teampreview
|
|t:|1758292992
|teamsize|p1|6
|teamsize|p2|6
|start
|switch|p1a: Feraligatr|Feraligatr, M|100/100
|switch|p2a: Garchomp|Garchomp, M|100/100
|turn|1
|
|t:|1758292998
|switch|p2a: Metagross|Metagross|100/100
|move|p1a: Feraligatr|Dragon Dance|p1a: Feraligatr
|-boost|p1a: Feraligatr|atk|1
|-boost|p1a: Feraligatr|spe|1
|
|upkeep
|turn|2
|
|t:|1758293004
|move|p1a: Feraligatr|Dragon Dance|p1a: Feraligatr
|-boost|p1a: Feraligatr|atk|1
|-boost|p1a: Feraligatr|spe|1
|move|p2a: Metagross|Psychic Fangs|p1a: Feraligatr
|-damage|p1a: Feraligatr|48/100
|
|upkeep
|turn|3
|
|t:|1758293012
|switch|p2a: Landorus|Landorus-Therian, M|100/100
|-ability|p2a: Landorus|Intimidate|boost
|-unboost|p1a: Feraligatr|atk|1
|move|p1a: Feraligatr|Earthquake|p2a: Landorus
|-immune|p2a: Landorus
|
|upkeep
|turn|4
|
|t:|1758293020
|-terastallize|p2a: Landorus|Water
|move|p1a: Feraligatr|Ice Punch|p2a: Landorus
|-resisted|p2a: Landorus
|-damage|p2a: Landorus|66/100
|-damage|p1a: Feraligatr|32/100|[from] item: Rocky Helmet|[of] p2a: Landorus
|move|p2a: Landorus|Earthquake|p1a: Feraligatr
|-damage|p1a: Feraligatr|0 fnt
|faint|p1a: Feraligatr
|
|upkeep
|
|t:|1758293029
|switch|p1a: Dragapult|Dragapult, M|100/100
|turn|5
|
|t:|1758293041
|move|p1a: Dragapult|Dragon Dance|p1a: Dragapult
|-boost|p1a: Dragapult|atk|1
|-boost|p1a: Dragapult|spe|1
|move|p2a: Landorus|U-turn|p1a: Dragapult
|-resisted|p1a: Dragapult
|-damage|p1a: Dragapult|83/100
|
|t:|1758293046
|switch|p2a: Gholdengo|Gholdengo|100/100|[from] U-turn
|-item|p2a: Gholdengo|Air Balloon
|
|upkeep
|turn|6
|
|t:|1758293051
|move|p1a: Dragapult|Sucker Punch|p2a: Gholdengo
|-supereffective|p2a: Gholdengo
|-damage|p2a: Gholdengo|1/100
|-enditem|p2a: Gholdengo|Air Balloon
|-damage|p1a: Dragapult|73/100|[from] item: Life Orb
|move|p2a: Gholdengo|Shadow Ball|p1a: Dragapult
|-supereffective|p1a: Dragapult
|-damage|p1a: Dragapult|0 fnt
|faint|p1a: Dragapult
|
|upkeep
|
|t:|1758293062
|switch|p1a: Infernape|Infernape, M|100/100
|turn|7
|
|t:|1758293067
|switch|p2a: Landorus|Landorus-Therian, M, tera:Water|66/100
|-ability|p2a: Landorus|Intimidate|boost
|-unboost|p1a: Infernape|atk|1
|move|p1a: Infernape|Nasty Plot|p1a: Infernape
|-boost|p1a: Infernape|spa|2
|
|upkeep
|turn|8
|
|t:|1758293073
|move|p1a: Infernape|Focus Blast|p2a: Landorus|[miss]
|-miss|p1a: Infernape|p2a: Landorus
|move|p2a: Landorus|Stealth Rock|p1a: Infernape
|-sidestart|p1: Messibelino|move: Stealth Rock
|
|upkeep
|turn|9
|
|t:|1758293079
|move|p1a: Infernape|Focus Blast|p2a: Landorus|[miss]
|-miss|p1a: Infernape|p2a: Landorus
|move|p2a: Landorus|Earthquake|p1a: Infernape
|-supereffective|p1a: Infernape
|-damage|p1a: Infernape|0 fnt
|faint|p1a: Infernape
|
|upkeep
|
|t:|1758293086
|switch|p1a: Ampharos|Ampharos, M|100/100
|-damage|p1a: Ampharos|88/100|[from] Stealth Rock
|turn|10
|
|t:|1758293092
|-terastallize|p1a: Ampharos|Fairy
|move|p2a: Landorus|Earthquake|p1a: Ampharos
|-crit|p1a: Ampharos
|-damage|p1a: Ampharos|0 fnt
|faint|p1a: Ampharos
|
|upkeep
|-message|Messibelino forfeited.
|
|win|khzz4
|raw|Messibelino's rating: 1107 &rarr; <strong>1085</strong><br />(-22 for losing)
|raw|khzz4's rating: 1147 &rarr; <strong>1169</strong><br />(+22 for winning)
|l|☆Messibelino
|player|p1|
|l|☆khzz4
|player|p2|
