|j|☆c.empty
|j|☆sauronikov
|t:|1758348065
|gametype|singles
|player|p1|c.empty|2|1306
|player|p2|sauronikov|101|1297
|gen|9
|tier|[Gen 9] OU
|rated|
|rule|HP Percentage Mod: HP is shown in percentages
|rule|Endless Battle Clause: Forcing endless battles is banned
|rule|Species Clause: Limit one of each Pokémon
|rule|OHKO Clause: OHKO moves are banned
|rule|Evasion Items Clause: Evasion items are banned
|rule|Evasion Moves Clause: Evasion moves are banned
|rule|Evasion Abilities Clause: Evasion abilities are banned
|rule|Sleep Moves Clause: Sleep-inducing moves are banned
|clearpoke
|poke|p1|Ninetales, F|
|poke|p1|Great Tusk|
|poke|p1|Walking Wake|
|poke|p1|Dragonite, F|
|poke|p1|Ting-Lu|
|poke|p1|Venusaur, F|
|poke|p2|Grimmsnarl, M|
|poke|p2|Rhyperior, F|
|poke|p2|Revavroom, F|
|poke|p2|Entei|
|poke|p2|Raikou|
|poke|p2|Iron Boulder|
|teampreview
|
|t:|1758348083
|teamsize|p1|6
|teamsize|p2|6
|start
|switch|p1a: Venusaur|Venusaur, F|100/100
|switch|p2a: Rhyperior|Rhyperior, F, shiny|100/100
|turn|1
|
|t:|1758348089
|switch|p2a: Grimmsnarl|Grimmsnarl, M, shiny|100/100
|move|p1a: Venusaur|Giga Drain|p2a: Grimmsnarl
|-crit|p2a: Grimmsnarl
|-damage|p2a: Grimmsnarl|40/100
|-damage|p1a: Venusaur|91/100|[from] item: Life Orb
|
|upkeep
|turn|2
|
|t:|1758348095
|move|p2a: Grimmsnarl|Light Screen|p2a: Grimmsnarl
|-sidestart|p2: sauronikov|move: Light Screen
|move|p1a: Venusaur|Sludge Bomb|p2a: Grimmsnarl
|-supereffective|p2a: Grimmsnarl
|-damage|p2a: Grimmsnarl|0 fnt
|faint|p2a: Grimmsnarl
|-damage|p1a: Venusaur|81/100|[from] item: Life Orb
|
|upkeep
|
|t:|1758348100
|switch|p2a: Iron Boulder|Iron Boulder|100/100
|turn|3
|
|t:|1758348110
|switch|p1a: Ting-Lu|Ting-Lu|100/100
|-ability|p1a: Ting-Lu|Vessel of Ruin
|move|p2a: Iron Boulder|Agility|p2a: Iron Boulder
|-boost|p2a: Iron Boulder|spe|2
|
|upkeep
|turn|4
|
|t:|1758348125
|-terastallize|p1a: Ting-Lu|Water
|move|p2a: Iron Boulder|Agility|p2a: Iron Boulder
|-boost|p2a: Iron Boulder|spe|2
|move|p1a: Ting-Lu|Whirlwind|p2a: Iron Boulder
|-end|p2a: Iron Boulder|Quark Drive|[silent]
|drag|p2a: Revavroom|Revavroom, F, shiny|100/100
|
|upkeep
|turn|5
|
|t:|1758348137
|move|p2a: Revavroom|Gunk Shot|p1a: Ting-Lu
|-damage|p1a: Ting-Lu|64/100
|move|p1a: Ting-Lu|Earthquake|p2a: Revavroom
|-supereffective|p2a: Revavroom
|-damage|p2a: Revavroom|0 fnt
|faint|p2a: Revavroom
|
|-heal|p1a: Ting-Lu|70/100|[from] item: Leftovers
|upkeep
|
|t:|1758348142
|switch|p2a: Raikou|Raikou, shiny|100/100
|turn|6
|
|t:|1758348149
|switch|p1a: Great Tusk|Great Tusk|100/100
|move|p2a: Raikou|Agility|p2a: Raikou
|-boost|p2a: Raikou|spe|2
|
|upkeep
|turn|7
|
|t:|1758348155
|-terastallize|p2a: Raikou|Water
|move|p2a: Raikou|Scald|p1a: Great Tusk
|-supereffective|p1a: Great Tusk
|-damage|p1a: Great Tusk|0 fnt
|faint|p1a: Great Tusk
|-end|p1a: Great Tusk|Protosynthesis|[silent]
|
|upkeep
|
|t:|1758348162
|switch|p1a: Ninetales|Ninetales, F|100/100
|-weather|SunnyDay|[from] ability: Drought|[of] p1a: Ninetales
|turn|8
|
|t:|1758348180
|move|p2a: Raikou|Agility|p2a: Raikou
|-boost|p2a: Raikou|spe|2
|move|p1a: Ninetales|Encore|p2a: Raikou
|-start|p2a: Raikou|Encore
|
|-weather|SunnyDay|[upkeep]
|upkeep
|turn|9
|
|t:|1758348186
|switch|p1a: Venusaur|Venusaur, F|81/100
|move|p2a: Raikou|Agility|p2a: Raikou
|-boost|p2a: Raikou|spe|2
|
|-weather|SunnyDay|[upkeep]
|-sideend|p2: sauronikov|move: Light Screen
|upkeep
|turn|10
|
|t:|1758348195
|move|p2a: Raikou|Agility|p2a: Raikou
|-boost|p2a: Raikou|spe|0
|move|p1a: Venusaur|Giga Drain|p2a: Raikou
|-supereffective|p2a: Raikou
|-damage|p2a: Raikou|31/100
|-heal|p1a: Venusaur|100/100|[from] drain|[of] p2a: Raikou
|-enditem|p2a: Raikou|Weakness Policy
|-boost|p2a: Raikou|atk|2|[from] item: Weakness Policy
|-boost|p2a: Raikou|spa|2|[from] item: Weakness Policy
|-damage|p1a: Venusaur|91/100|[from] item: Life Orb
|
|-weather|SunnyDay|[upkeep]
|upkeep
|turn|11
|
|t:|1758348203
|move|p2a: Raikou|Agility|p2a: Raikou
|-boost|p2a: Raikou|spe|0
|move|p1a: Venusaur|Giga Drain|p2a: Raikou
|-supereffective|p2a: Raikou
|-damage|p2a: Raikou|0 fnt
|-heal|p1a: Venusaur|100/100|[from] drain|[of] p2a: Raikou
|faint|p2a: Raikou
|-damage|p1a: Venusaur|91/100|[from] item: Life Orb
|
|-weather|SunnyDay|[upkeep]
|upkeep
|
|t:|1758348207
|switch|p2a: Iron Boulder|Iron Boulder|100/100
|turn|12
|
|t:|1758348220
|move|p1a: Venusaur|Giga Drain|p2a: Iron Boulder
|-supereffective|p2a: Iron Boulder
|-damage|p2a: Iron Boulder|27/100
|-heal|p1a: Venusaur|100/100|[from] drain|[of] p2a: Iron Boulder
|-enditem|p2a: Iron Boulder|Weakness Policy
|-boost|p2a: Iron Boulder|atk|2|[from] item: Weakness Policy
|-boost|p2a: Iron Boulder|spa|2|[from] item: Weakness Policy
|-damage|p1a: Venusaur|91/100|[from] item: Life Orb
|move|p2a: Iron Boulder|Agility|p2a: Iron Boulder
|-boost|p2a: Iron Boulder|spe|2
|
|-weather|SunnyDay|[upkeep]
|upkeep
|turn|13
|
|t:|1758348224
|move|p2a: Iron Boulder|Zen Headbutt|p1a: Venusaur
|-supereffective|p1a: Venusaur
|-damage|p1a: Venusaur|0 fnt
|faint|p1a: Venusaur
|
|-weather|SunnyDay|[upkeep]
|upkeep
|
|t:|1758348230
|switch|p1a: Ting-Lu|Ting-Lu, tera:Water|70/100
|-ability|p1a: Ting-Lu|Vessel of Ruin
|turn|14
|
|t:|1758348237
|move|p2a: Iron Boulder|Mighty Cleave|p1a: Ting-Lu
|-damage|p1a: Ting-Lu|14/100
|move|p1a: Ting-Lu|Whirlwind|p2a: Iron Boulder
|-end|p2a: Iron Boulder|Quark Drive|[silent]
|drag|p2a: Entei|Entei, shiny|100/100
|
|-weather|SunnyDay|[upkeep]
|-heal|p1a: Ting-Lu|20/100|[from] item: Leftovers
|upkeep
|turn|15
|
|t:|1758348246
|move|p2a: Entei|Agility|p2a: Entei
|-boost|p2a: Entei|spe|2
|move|p1a: Ting-Lu|Ruination|p2a: Entei
|-damage|p2a: Entei|50/100
|
|-weather|none
|-heal|p1a: Ting-Lu|26/100|[from] item: Leftovers
|upkeep
|turn|16
|
|t:|1758348254
|move|p2a: Entei|Sacred Fire|p1a: Ting-Lu
|-resisted|p1a: Ting-Lu
|-damage|p1a: Ting-Lu|12/100
|-status|p1a: Ting-Lu|brn
|move|p1a: Ting-Lu|Earthquake|p2a: Entei
|-supereffective|p2a: Entei
|-damage|p2a: Entei|17/100
|-enditem|p2a: Entei|Weakness Policy
|-boost|p2a: Entei|atk|2|[from] item: Weakness Policy
|-boost|p2a: Entei|spa|2|[from] item: Weakness Policy
|
|-heal|p1a: Ting-Lu|19/100 brn|[from] item: Leftovers
|-damage|p1a: Ting-Lu|12/100 brn|[from] brn
|upkeep
|turn|17
|
|t:|1758348261
|move|p2a: Entei|Sacred Fire|p1a: Ting-Lu
|-resisted|p1a: Ting-Lu
|-damage|p1a: Ting-Lu|0 fnt
|faint|p1a: Ting-Lu
|
|upkeep
|
|t:|1758348265
|switch|p1a: Dragonite|Dragonite, F|100/100
|turn|18
|
|t:|1758348268
|move|p2a: Entei|Extreme Speed|p1a: Dragonite
|-damage|p1a: Dragonite|74/100
|move|p1a: Dragonite|Dragon Dance|p1a: Dragonite
|-boost|p1a: Dragonite|atk|1
|-boost|p1a: Dragonite|spe|1
|
|upkeep
|turn|19
|
|t:|1758348274
|move|p2a: Entei|Extreme Speed|p1a: Dragonite
|-damage|p1a: Dragonite|19/100
|move|p1a: Dragonite|Extreme Speed|p2a: Entei
|-damage|p2a: Entei|0 fnt
|faint|p2a: Entei
|
|upkeep
|
|t:|1758348279
|switch|p2a: Rhyperior|Rhyperior, F, shiny|100/100
|turn|20
|
|t:|1758348293
|switch|p1a: Ninetales|Ninetales, F|100/100
|-weather|SunnyDay|[from] ability: Drought|[of] p1a: Ninetales
|move|p2a: Rhyperior|Rock Polish|p2a: Rhyperior
|-boost|p2a: Rhyperior|spe|2
|
|-weather|SunnyDay|[upkeep]
|upkeep
|turn|21
|
|t:|1758348301
|move|p2a: Rhyperior|Earthquake|p1a: Ninetales
|-supereffective|p1a: Ninetales
|-damage|p1a: Ninetales|0 fnt
|faint|p1a: Ninetales
|
|-weather|SunnyDay|[upkeep]
|upkeep
|
|t:|1758348303
|switch|p1a: Walking Wake|Walking Wake|100/100
|-activate|p1a: Walking Wake|ability: Protosynthesis
|-start|p1a: Walking Wake|protosynthesisspa
|turn|22
|
|t:|1758348306
|move|p2a: Rhyperior|Earthquake|p1a: Walking Wake
|-damage|p1a: Walking Wake|37/100
|move|p1a: Walking Wake|Hydro Steam|p2a: Rhyperior
|-supereffective|p2a: Rhyperior
|-crit|p2a: Rhyperior
|-damage|p2a: Rhyperior|0 fnt
|faint|p2a: Rhyperior
|
|-weather|SunnyDay|[upkeep]
|upkeep
|
|t:|1758348311
|switch|p2a: Iron Boulder|Iron Boulder|27/100
|turn|23
|
|t:|1758348313
|move|p1a: Walking Wake|Hydro Steam|p2a: Iron Boulder
|-supereffective|p2a: Iron Boulder
|-damage|p2a: Iron Boulder|0 fnt
|faint|p2a: Iron Boulder
|-end|p2a: Iron Boulder|Quark Drive|[silent]
|
|win|c.empty
|raw|c.empty's rating: 1306 &rarr; <strong>1325</strong><br />(+19 for winning)
|raw|sauronikov's rating: 1297 &rarr; <strong>1273</strong><br />(-24 for losing)
|l|☆sauronikov
|player|p2|
|l|☆c.empty
|player|p1|
