|j|☆bertoskyT
|j|☆gorbag
|t:|1758285218
|gametype|singles
|player|p1|bertoskyT|ethan|1438
|player|p2|gorbag|266|1486
|gen|9
|tier|[Gen 9] OU
|rated|
|rule|HP Percentage Mod: HP is shown in percentages
|rule|Endless Battle Clause: Forcing endless battles is banned
|rule|Species Clause: Limit one of each Pokémon
|rule|OHKO Clause: OHKO moves are banned
|rule|Evasion Items Clause: Evasion items are banned
|rule|Evasion Moves Clause: Evasion moves are banned
|rule|Evasion Abilities Clause: Evasion abilities are banned
|rule|Sleep Moves Clause: Sleep-inducing moves are banned
|clearpoke
|poke|p1|Dragapult, M|
|poke|p1|Glimmora, F|
|poke|p1|Ogerpon-Wellspring, F|
|poke|p1|Gholdengo|
|poke|p1|Slowking-Galar, M|
|poke|p1|Forretress, M|
|poke|p2|Tyranitar, M|
|poke|p2|Gholdengo|
|poke|p2|Zamazenta-*|
|poke|p2|Rillaboom, M|
|poke|p2|Garchomp, M|
|poke|p2|Zapdos|
|teampreview
|inactive|Battle timer is ON: inactive players will automatically lose when time's up. (requested by gorbag)
|
|t:|1758285235
|teamsize|p1|6
|teamsize|p2|6
|start
|switch|p1a: Glimmora|Glimmora, F|100/100
|switch|p2a: Garchomp|Garchomp, M|100/100
|turn|1
|
|t:|1758285241
|move|p1a: Glimmora|Stealth Rock|p2a: Garchomp
|-sidestart|p2: gorbag|move: Stealth Rock
|move|p2a: Garchomp|Earthquake|p1a: Glimmora
|-supereffective|p1a: Glimmora
|-enditem|p1a: Glimmora|Focus Sash
|-damage|p1a: Glimmora|1/100
|-activate|p1a: Glimmora|ability: Toxic Debris
|-sidestart|p2: gorbag|move: Toxic Spikes
|
|upkeep
|turn|2
|
|t:|1758285244
|move|p1a: Glimmora|Mortal Spin|p2a: Garchomp
|-resisted|p2a: Garchomp
|-damage|p2a: Garchomp|99/100
|-status|p2a: Garchomp|psn
|-damage|p1a: Glimmora|0 fnt|[from] ability: Rough Skin|[of] p2a: Garchomp
|faint|p1a: Glimmora
|move|p2a: Garchomp|Stealth Rock|p1: Glimmora
|-sidestart|p1: bertoskyT|move: Stealth Rock
|
|-damage|p2a: Garchomp|86/100 psn|[from] psn
|upkeep
|
|t:|1758285255
|switch|p1a: Dragapult|Dragapult, M|100/100
|-damage|p1a: Dragapult|88/100|[from] Stealth Rock
|turn|3
|
|t:|1758285264
|switch|p2a: Tyranitar|Tyranitar, M|100/100
|-weather|Sandstorm|[from] ability: Sand Stream|[of] p2a: Tyranitar
|move|p1a: Dragapult|Dragon Darts|p2a: Tyranitar
|-damage|p2a: Tyranitar|67/100
|-anim|p1a: Dragapult|Dragon Darts|p2a: Tyranitar
|-crit|p2a: Tyranitar
|-damage|p2a: Tyranitar|20/100
|
|-weather|Sandstorm|[upkeep]
|-damage|p1a: Dragapult|82/100|[from] Sandstorm
|upkeep
|turn|4
|
|t:|1758285274
|switch|p2a: Zamazenta|Zamazenta|100/100
|-ability|p2a: Zamazenta|Dauntless Shield|boost
|-boost|p2a: Zamazenta|def|1
|move|p1a: Dragapult|Dragon Darts|p2a: Zamazenta
|-damage|p2a: Zamazenta|77/100
|-anim|p1a: Dragapult|Dragon Darts|p2a: Zamazenta
|-damage|p2a: Zamazenta|52/100
|
|-weather|Sandstorm|[upkeep]
|-damage|p1a: Dragapult|76/100|[from] Sandstorm
|-damage|p2a: Zamazenta|46/100|[from] Sandstorm
|upkeep
|turn|5
|
|t:|1758285281
|move|p1a: Dragapult|Dragon Darts|p2a: Zamazenta
|-damage|p2a: Zamazenta|24/100
|-anim|p1a: Dragapult|Dragon Darts|p2a: Zamazenta
|-damage|p2a: Zamazenta|0 fnt
|faint|p2a: Zamazenta
|
|-weather|Sandstorm|[upkeep]
|-damage|p1a: Dragapult|70/100|[from] Sandstorm
|upkeep
|
|t:|1758285290
|switch|p2a: Zapdos|Zapdos|100/100
|turn|6
|
|t:|1758285298
|switch|p1a: Slowking|Slowking-Galar, M|100/100
|move|p2a: Zapdos|Hurricane|p1a: Slowking|[miss]
|-miss|p2a: Zapdos|p1a: Slowking
|
|-weather|Sandstorm|[upkeep]
|-damage|p2a: Zapdos|94/100|[from] Sandstorm
|-damage|p1a: Slowking|94/100|[from] Sandstorm
|upkeep
|turn|7
|
|t:|1758285303
|move|p2a: Zapdos|Hurricane|p1a: Slowking
|-damage|p1a: Slowking|62/100
|-prepare|p1a: Slowking|Chilly Reception|[premajor]
|move|p1a: Slowking|Chilly Reception|p1a: Slowking
|-weather|Snowscape
|
|t:|1758285308
|switch|p1a: Forretress|Forretress, M|100/100|[from] Chilly Reception
|
|-weather|Snowscape|[upkeep]
|upkeep
|turn|8
|
|t:|1758285314
|move|p2a: Zapdos|Heat Wave|p1a: Forretress
|-supereffective|p1a: Forretress
|-ability|p1a: Forretress|Sturdy
|-damage|p1a: Forretress|1/100
|move|p1a: Forretress|Volt Switch|p2a: Zapdos
|-damage|p2a: Zapdos|83/100
|
|t:|1758285322
|switch|p1a: Dragapult|Dragapult, M|70/100|[from] Volt Switch
|-damage|p1a: Dragapult|58/100|[from] Stealth Rock
|
|-weather|Snowscape|[upkeep]
|upkeep
|turn|9
|
|t:|1758285324
|-terastallize|p1a: Dragapult|Ghost
|move|p1a: Dragapult|Tera Blast|p2a: Zapdos|[anim] Tera Blast Ghost
|-damage|p2a: Zapdos|0 fnt
|faint|p2a: Zapdos
|
|-weather|Snowscape|[upkeep]
|upkeep
|
|t:|1758285327
|switch|p2a: Rillaboom|Rillaboom, M|100/100
|-fieldstart|move: Grassy Terrain|[from] ability: Grassy Surge|[of] p2a: Rillaboom
|turn|10
|
|t:|1758285334
|-terastallize|p2a: Rillaboom|Grass
|move|p2a: Rillaboom|Grassy Glide|p1a: Dragapult
|-damage|p1a: Dragapult|0 fnt
|faint|p1a: Dragapult
|
|-weather|Snowscape|[upkeep]
|upkeep
|
|t:|1758285342
|switch|p1a: Slowking|Slowking-Galar, M|96/100
|turn|11
|
|t:|1758285347
|move|p2a: Rillaboom|U-turn|p1a: Slowking
|-crit|p1a: Slowking
|-damage|p1a: Slowking|58/100
|
|t:|1758285349
|switch|p2a: Tyranitar|Tyranitar, M|20/100|[from] U-turn
|-weather|Sandstorm|[from] ability: Sand Stream|[of] p2a: Tyranitar
|move|p1a: Slowking|Sludge Bomb|p2a: Tyranitar
|-resisted|p2a: Tyranitar
|-damage|p2a: Tyranitar|9/100
|-status|p2a: Tyranitar|psn
|
|-weather|Sandstorm|[upkeep]
|-damage|p1a: Slowking|52/100|[from] Sandstorm
|-heal|p2a: Tyranitar|15/100 psn|[from] Grassy Terrain
|-heal|p1a: Slowking|58/100|[from] Grassy Terrain
|-damage|p2a: Tyranitar|2/100 psn|[from] psn
|upkeep
|turn|12
|
|t:|1758285354
|switch|p1a: Forretress|Forretress, M|1/100
|move|p2a: Tyranitar|Knock Off|p1a: Forretress
|-damage|p1a: Forretress|0 fnt
|-enditem|p1a: Forretress|Heavy-Duty Boots|[from] move: Knock Off|[of] p2a: Tyranitar
|faint|p1a: Forretress
|
|-weather|Sandstorm|[upkeep]
|-heal|p2a: Tyranitar|9/100 psn|[from] Grassy Terrain
|-damage|p2a: Tyranitar|0 fnt|[from] psn
|faint|p2a: Tyranitar
|upkeep
|
|t:|1758285358
|switch|p2a: Garchomp|Garchomp, M|86/100 psn
|switch|p1a: Ogerpon|Ogerpon-Wellspring, F|100/100
|-damage|p1a: Ogerpon|88/100|[from] Stealth Rock
|-damage|p2a: Garchomp|80/100 psn|[from] Stealth Rock
|turn|13
|
|t:|1758285365
|move|p1a: Ogerpon|Swords Dance|p1a: Ogerpon
|-boost|p1a: Ogerpon|atk|2
|move|p2a: Garchomp|Dragon Tail|p1a: Ogerpon
|-damage|p1a: Ogerpon|55/100
|drag|p1a: Slowking|Slowking-Galar, M|91/100
|
|-weather|Sandstorm|[upkeep]
|-damage|p1a: Slowking|85/100|[from] Sandstorm
|-heal|p2a: Garchomp|86/100 psn|[from] Grassy Terrain
|-heal|p1a: Slowking|91/100|[from] Grassy Terrain
|-damage|p2a: Garchomp|74/100 psn|[from] psn
|upkeep
|turn|14
|
|t:|1758285373
|move|p2a: Garchomp|Spikes|p1a: Slowking
|-sidestart|p1: bertoskyT|Spikes
|move|p1a: Slowking|Sludge Bomb|p2a: Garchomp
|-resisted|p2a: Garchomp
|-damage|p2a: Garchomp|57/100 psn
|
|-weather|Sandstorm|[upkeep]
|-damage|p1a: Slowking|85/100|[from] Sandstorm
|-heal|p2a: Garchomp|64/100 psn|[from] Grassy Terrain
|-heal|p1a: Slowking|91/100|[from] Grassy Terrain
|-damage|p2a: Garchomp|51/100 psn|[from] psn
|-fieldend|move: Grassy Terrain
|upkeep
|turn|15
|
|t:|1758285376
|move|p1a: Slowking|Sludge Bomb|p2a: Garchomp
|-resisted|p2a: Garchomp
|-damage|p2a: Garchomp|36/100 psn
|move|p2a: Garchomp|Dragon Tail|p1a: Slowking
|-damage|p1a: Slowking|66/100
|drag|p1a: Gholdengo|Gholdengo|100/100
|-damage|p1a: Gholdengo|94/100|[from] Stealth Rock
|-item|p1a: Gholdengo|Air Balloon
|
|-weather|none
|-damage|p2a: Garchomp|23/100 psn|[from] psn
|upkeep
|turn|16
|
|t:|1758285380
|move|p1a: Gholdengo|Shadow Ball|p2a: Garchomp
|-damage|p2a: Garchomp|0 fnt
|faint|p2a: Garchomp
|
|upkeep
|
|t:|1758285383
|switch|p2a: Rillaboom|Rillaboom, M, tera:Grass|100/100
|-fieldstart|move: Grassy Terrain|[from] ability: Grassy Surge|[of] p2a: Rillaboom
|turn|17
|
|t:|1758285388
|move|p1a: Gholdengo|Shadow Ball|p2a: Rillaboom
|-damage|p2a: Rillaboom|50/100
|move|p2a: Rillaboom|Knock Off|p1a: Gholdengo
|-supereffective|p1a: Gholdengo
|-damage|p1a: Gholdengo|27/100
|-enditem|p1a: Gholdengo|Air Balloon
|
|-heal|p1a: Gholdengo|33/100|[from] Grassy Terrain
|-heal|p2a: Rillaboom|56/100|[from] Grassy Terrain
|upkeep
|turn|18
|
|t:|1758285396
|move|p2a: Rillaboom|Grassy Glide|p1a: Gholdengo
|-resisted|p1a: Gholdengo
|-damage|p1a: Gholdengo|8/100
|move|p1a: Gholdengo|Shadow Ball|p2a: Rillaboom
|-damage|p2a: Rillaboom|7/100
|
|-heal|p1a: Gholdengo|14/100|[from] Grassy Terrain
|-heal|p2a: Rillaboom|13/100|[from] Grassy Terrain
|upkeep
|turn|19
|
|t:|1758285403
|move|p2a: Rillaboom|Grassy Glide|p1a: Gholdengo
|-resisted|p1a: Gholdengo
|-damage|p1a: Gholdengo|0 fnt
|faint|p1a: Gholdengo
|
|-heal|p2a: Rillaboom|19/100|[from] Grassy Terrain
|upkeep
|
|t:|1758285408
|switch|p1a: Slowking|Slowking-Galar, M|99/100
|turn|20
|
|t:|1758285410
|move|p2a: Rillaboom|Knock Off|p1a: Slowking
|-supereffective|p1a: Slowking
|-damage|p1a: Slowking|25/100
|-enditem|p1a: Slowking|Heavy-Duty Boots|[from] move: Knock Off|[of] p2a: Rillaboom
|move|p1a: Slowking|Flamethrower|p2a: Rillaboom
|-supereffective|p2a: Rillaboom
|-damage|p2a: Rillaboom|0 fnt
|faint|p2a: Rillaboom
|
|-heal|p1a: Slowking|31/100|[from] Grassy Terrain
|upkeep
|
|t:|1758285412
|switch|p2a: Gholdengo|Gholdengo|100/100
|-damage|p2a: Gholdengo|94/100|[from] Stealth Rock
|-item|p2a: Gholdengo|Air Balloon
|turn|21
|
|t:|1758285417
|move|p2a: Gholdengo|Thunder Wave|p1a: Slowking|[miss]
|-miss|p2a: Gholdengo|p1a: Slowking
|move|p1a: Slowking|Flamethrower|p2a: Gholdengo
|-supereffective|p2a: Gholdengo
|-damage|p2a: Gholdengo|50/100
|-enditem|p2a: Gholdengo|Air Balloon
|
|-heal|p2a: Gholdengo|56/100|[from] Grassy Terrain
|-heal|p1a: Slowking|37/100|[from] Grassy Terrain
|-fieldend|move: Grassy Terrain
|upkeep
|turn|22
|
|t:|1758285421
|move|p2a: Gholdengo|Thunder Wave|p1a: Slowking
|-status|p1a: Slowking|par
|cant|p1a: Slowking|par
|
|upkeep
|turn|23
|
|t:|1758285423
|move|p2a: Gholdengo|Recover|p2a: Gholdengo
|-heal|p2a: Gholdengo|100/100
|move|p1a: Slowking|Flamethrower|p2a: Gholdengo
|-supereffective|p2a: Gholdengo
|-damage|p2a: Gholdengo|56/100
|
|upkeep
|turn|24
|
|t:|1758285425
|move|p2a: Gholdengo|Recover|p2a: Gholdengo
|-heal|p2a: Gholdengo|100/100
|move|p1a: Slowking|Flamethrower|p2a: Gholdengo
|-supereffective|p2a: Gholdengo
|-damage|p2a: Gholdengo|58/100
|-status|p2a: Gholdengo|brn
|
|-damage|p2a: Gholdengo|51/100 brn|[from] brn
|upkeep
|turn|25
|
|t:|1758285429
|move|p2a: Gholdengo|Recover|p2a: Gholdengo
|-heal|p2a: Gholdengo|100/100 brn
|move|p1a: Slowking|Flamethrower|p2a: Gholdengo
|-supereffective|p2a: Gholdengo
|-damage|p2a: Gholdengo|53/100 brn
|
|-damage|p2a: Gholdengo|47/100 brn|[from] brn
|upkeep
|turn|26
|
|t:|1758285432
|move|p2a: Gholdengo|Recover|p2a: Gholdengo
|-heal|p2a: Gholdengo|97/100 brn
|move|p1a: Slowking|Flamethrower|p2a: Gholdengo
|-supereffective|p2a: Gholdengo
|-damage|p2a: Gholdengo|50/100 brn
|
|-damage|p2a: Gholdengo|44/100 brn|[from] brn
|upkeep
|turn|27
|
|t:|1758285436
|move|p2a: Gholdengo|Recover|p2a: Gholdengo
|-heal|p2a: Gholdengo|94/100 brn
|move|p1a: Slowking|Flamethrower|p2a: Gholdengo
|-supereffective|p2a: Gholdengo
|-damage|p2a: Gholdengo|54/100 brn
|
|-damage|p2a: Gholdengo|48/100 brn|[from] brn
|upkeep
|turn|28
|
|t:|1758285438
|move|p2a: Gholdengo|Recover|p2a: Gholdengo
|-heal|p2a: Gholdengo|98/100 brn
|cant|p1a: Slowking|par
|
|-damage|p2a: Gholdengo|92/100 brn|[from] brn
|upkeep
|turn|29
|
|t:|1758285441
|move|p2a: Gholdengo|Hex|p1a: Slowking
|-supereffective|p1a: Slowking
|-damage|p1a: Slowking|0 fnt
|faint|p1a: Slowking
|
|-damage|p2a: Gholdengo|86/100 brn|[from] brn
|upkeep
|
|t:|1758285444
|switch|p1a: Ogerpon|Ogerpon-Wellspring, F|55/100
|-damage|p1a: Ogerpon|43/100|[from] Stealth Rock
|-damage|p1a: Ogerpon|31/100|[from] Spikes
|turn|30
|
|t:|1758285448
|move|p1a: Ogerpon|Knock Off|p2a: Gholdengo
|-supereffective|p2a: Gholdengo
|-damage|p2a: Gholdengo|49/100 brn
|move|p2a: Gholdengo|Thunder Wave|p1a: Ogerpon
|-status|p1a: Ogerpon|par
|
|-damage|p2a: Gholdengo|42/100 brn|[from] brn
|upkeep
|turn|31
|
|t:|1758285452
|move|p2a: Gholdengo|Hex|p1a: Ogerpon
|-damage|p1a: Ogerpon|0 fnt
|faint|p1a: Ogerpon
|
|win|gorbag
|raw|bertoskyT's rating: 1438 &rarr; <strong>1421</strong><br />(-17 for losing)
|raw|gorbag's rating: 1486 &rarr; <strong>1503</strong><br />(+17 for winning)
|l|☆gorbag
|player|p2|
|l|☆bertoskyT
|player|p1|
