|j|‽beastybeast7
|j|☆Akemiro
|t:|1758241371
|gametype|singles
|player|p1|beastybeast7|102|1097
|player|p2|Akemiro|lucas|1056
|gen|9
|tier|[Gen 9] OU
|rated|
|rule|HP Percentage Mod: HP is shown in percentages
|rule|Endless Battle Clause: Forcing endless battles is banned
|rule|Species Clause: Limit one of each Pokémon
|rule|OHKO Clause: OHKO moves are banned
|rule|Evasion Items Clause: Evasion items are banned
|rule|Evasion Moves Clause: Evasion moves are banned
|rule|Evasion Abilities Clause: Evasion abilities are banned
|rule|Sleep Moves Clause: Sleep-inducing moves are banned
|clearpoke
|poke|p1|Tyranitar, F|
|poke|p1|Excadrill, F|
|poke|p1|Kingambit, F|
|poke|p1|Garchomp, M|
|poke|p1|Pecharunt|
|poke|p1|Rotom-Wash|
|poke|p2|Staraptor, M|
|poke|p2|Gliscor, M|
|poke|p2|Mamoswine, M|
|poke|p2|Serperior, M|
|poke|p2|Lycanroc, M|
|poke|p2|Furret, M|
|teampreview
|
|t:|1758241383
|teamsize|p1|6
|teamsize|p2|6
|start
|switch|p1a: Tyranitar|Tyranitar, F|100/100
|switch|p2a: Lycanroc|Lycanroc, M|100/100
|-weather|Sandstorm|[from] ability: Sand Stream|[of] p1a: Tyranitar
|turn|1
|
|t:|1758241398
|move|p2a: Lycanroc|Stealth Rock|p1a: Tyranitar
|-sidestart|p1: beastybeast7|move: Stealth Rock
|move|p1a: Tyranitar|Stealth Rock|p2a: Lycanroc
|-sidestart|p2: Akemiro|move: Stealth Rock
|
|-weather|Sandstorm|[upkeep]
|upkeep
|turn|2
|
|t:|1758241406
|move|p2a: Lycanroc|Play Rough|p1a: Tyranitar
|-supereffective|p1a: Tyranitar
|-damage|p1a: Tyranitar|54/100
|move|p1a: Tyranitar|Knock Off|p2a: Lycanroc
|-damage|p2a: Lycanroc|33/100
|-enditem|p2a: Lycanroc|Scope Lens|[from] move: Knock Off|[of] p1a: Tyranitar
|
|-weather|Sandstorm|[upkeep]
|upkeep
|turn|3
|
|t:|1758241416
|move|p2a: Lycanroc|Play Rough|p1a: Tyranitar
|-supereffective|p1a: Tyranitar
|-crit|p1a: Tyranitar
|-damage|p1a: Tyranitar|0 fnt
|faint|p1a: Tyranitar
|
|-weather|Sandstorm|[upkeep]
|upkeep
|
|t:|1758241433
|switch|p1a: Garchomp|Garchomp, M|100/100
|-damage|p1a: Garchomp|94/100|[from] Stealth Rock
|turn|4
|
|t:|1758241443
|move|p2a: Lycanroc|Play Rough|p1a: Garchomp
|-supereffective|p1a: Garchomp
|-damage|p1a: Garchomp|34/100
|-damage|p2a: Lycanroc|21/100|[from] ability: Rough Skin|[of] p1a: Garchomp
|move|p1a: Garchomp|Scale Shot|p2a: Lycanroc
|-damage|p2a: Lycanroc|0 fnt
|faint|p2a: Lycanroc
|-hitcount|p2: Lycanroc|1
|-unboost|p1a: Garchomp|def|1
|-boost|p1a: Garchomp|spe|1
|
|-weather|Sandstorm|[upkeep]
|upkeep
|
|t:|1758241450
|switch|p2a: Mamoswine|Mamoswine, M|100/100
|-damage|p2a: Mamoswine|88/100|[from] Stealth Rock
|turn|5
|
|t:|1758241474
|switch|p1a: Rotom|Rotom-Wash, shiny|100/100
|-damage|p1a: Rotom|88/100|[from] Stealth Rock
|move|p2a: Mamoswine|Icicle Crash|p1a: Rotom|[miss]
|-miss|p2a: Mamoswine|p1a: Rotom
|
|-weather|Sandstorm|[upkeep]
|-damage|p1a: Rotom|82/100|[from] Sandstorm
|-heal|p1a: Rotom|88/100|[from] item: Leftovers
|upkeep
|turn|6
|
|t:|1758241505
|switch|p2a: Serperior|Serperior, M|100/100
|-damage|p2a: Serperior|88/100|[from] Stealth Rock
|move|p1a: Rotom|Will-O-Wisp|p2a: Serperior
|-status|p2a: Serperior|brn
|
|-weather|Sandstorm|[upkeep]
|-damage|p2a: Serperior|82/100 brn|[from] Sandstorm
|-damage|p1a: Rotom|82/100|[from] Sandstorm
|-heal|p2a: Serperior|88/100 brn|[from] item: Leftovers
|-heal|p1a: Rotom|88/100|[from] item: Leftovers
|-damage|p2a: Serperior|82/100 brn|[from] brn
|upkeep
|turn|7
|
|t:|1758241529
|switch|p1a: Kingambit|Kingambit, F|100/100
|-damage|p1a: Kingambit|94/100|[from] Stealth Rock
|-activate|p1a: Kingambit|ability: Supreme Overlord
|-start|p1a: Kingambit|fallen1|[silent]
|move|p2a: Serperior|Leech Seed|p1a: Kingambit
|-start|p1a: Kingambit|move: Leech Seed
|
|-weather|Sandstorm|[upkeep]
|-damage|p2a: Serperior|76/100 brn|[from] Sandstorm
|-heal|p2a: Serperior|82/100 brn|[from] item: Leftovers
|-damage|p1a: Kingambit|82/100|[from] Leech Seed|[of] p2a: Serperior
|-heal|p2a: Serperior|95/100 brn|[silent]
|-damage|p2a: Serperior|88/100 brn|[from] brn
|upkeep
|turn|8
|
|t:|1758241553
|-terastallize|p1a: Kingambit|Bug
|move|p2a: Serperior|Leaf Storm|p1a: Kingambit
|-resisted|p1a: Kingambit
|-damage|p1a: Kingambit|54/100
|-boost|p2a: Serperior|spa|2
|move|p1a: Kingambit|Kowtow Cleave|p2a: Serperior
|-damage|p2a: Serperior|26/100 brn
|
|-weather|none
|-heal|p2a: Serperior|32/100 brn|[from] item: Leftovers
|-damage|p1a: Kingambit|42/100|[from] Leech Seed|[of] p2a: Serperior
|-heal|p2a: Serperior|45/100 brn|[silent]
|-damage|p2a: Serperior|39/100 brn|[from] brn
|upkeep
|turn|9
|
|t:|1758241570
|move|p1a: Kingambit|Sucker Punch|p2a: Serperior
|-damage|p2a: Serperior|0 fnt
|faint|p2a: Serperior
|
|upkeep
|
|t:|1758241586
|switch|p2a: Staraptor|Staraptor, M|100/100
|-damage|p2a: Staraptor|76/100|[from] Stealth Rock
|-ability|p2a: Staraptor|Intimidate|boost
|-unboost|p1a: Kingambit|atk|1
|turn|10
|
|t:|1758241595
|move|p1a: Kingambit|Sucker Punch|p2a: Staraptor
|-damage|p2a: Staraptor|18/100
|move|p2a: Staraptor|Aerial Ace|p1a: Kingambit
|-supereffective|p1a: Kingambit
|-damage|p1a: Kingambit|0 fnt
|faint|p1a: Kingambit
|-end|p1a: Kingambit|fallen1|[silent]
|
|upkeep
|
|t:|1758241609
|switch|p1a: Excadrill|Excadrill, F, shiny|100/100
|-damage|p1a: Excadrill|97/100|[from] Stealth Rock
|turn|11
|
|t:|1758241619
|move|p2a: Staraptor|Close Combat|p1a: Excadrill
|-supereffective|p1a: Excadrill
|-damage|p1a: Excadrill|0 fnt
|-unboost|p2a: Staraptor|def|1
|-unboost|p2a: Staraptor|spd|1
|faint|p1a: Excadrill
|
|upkeep
|
|t:|1758241628
|switch|p1a: Rotom|Rotom-Wash, shiny|88/100
|-damage|p1a: Rotom|75/100|[from] Stealth Rock
|turn|12
|
|t:|1758241638
|move|p2a: Staraptor|Brave Bird|p1a: Rotom
|-resisted|p1a: Rotom
|-crit|p1a: Rotom
|-damage|p1a: Rotom|40/100
|-damage|p2a: Staraptor|6/100|[from] Recoil
|move|p1a: Rotom|Volt Switch|p2a: Staraptor
|-supereffective|p2a: Staraptor
|-damage|p2a: Staraptor|0 fnt
|faint|p2a: Staraptor
|
|t:|1758241653
|switch|p1a: Garchomp|Garchomp, M|34/100|[from] Volt Switch
|-damage|p1a: Garchomp|28/100|[from] Stealth Rock
|
|upkeep
|
|t:|1758241658
|switch|p2a: Mamoswine|Mamoswine, M|88/100
|-damage|p2a: Mamoswine|76/100|[from] Stealth Rock
|turn|13
|
|t:|1758241665
|switch|p1a: Rotom|Rotom-Wash, shiny|40/100
|-damage|p1a: Rotom|27/100|[from] Stealth Rock
|move|p2a: Mamoswine|Icicle Crash|p1a: Rotom
|-resisted|p1a: Rotom
|-damage|p1a: Rotom|7/100
|
|-heal|p1a: Rotom|14/100|[from] item: Leftovers
|upkeep
|turn|14
|
|t:|1758241677
|switch|p2a: Furret|Furret, M|100/100
|-damage|p2a: Furret|88/100|[from] Stealth Rock
|-item|p1a: Rotom|Leftovers|[from] ability: Frisk|[of] p2a: Furret
|move|p1a: Rotom|Pain Split|p2a: Furret
|-sethp|p2a: Furret|51/100|[from] move: Pain Split|[silent]
|-sethp|p1a: Rotom|52/100|[from] move: Pain Split
|
|-heal|p1a: Rotom|58/100|[from] item: Leftovers
|upkeep
|turn|15
|
|t:|1758241696
|move|p2a: Furret|Brick Break|p1a: Rotom
|-damage|p1a: Rotom|44/100
|move|p1a: Rotom|Will-O-Wisp|p2a: Furret
|-status|p2a: Furret|brn
|
|-heal|p1a: Rotom|50/100|[from] item: Leftovers
|-damage|p2a: Furret|45/100 brn|[from] brn
|upkeep
|turn|16
|
|t:|1758241707
|-terastallize|p2a: Furret|Normal
|move|p2a: Furret|Facade|p1a: Rotom
|-damage|p1a: Rotom|0 fnt
|faint|p1a: Rotom
|
|-damage|p2a: Furret|38/100 brn|[from] brn
|upkeep
|
|t:|1758241717
|switch|p1a: Garchomp|Garchomp, M|28/100
|-damage|p1a: Garchomp|22/100|[from] Stealth Rock
|turn|17
|
|t:|1758241725
|move|p1a: Garchomp|Scale Shot|p2a: Furret
|-damage|p2a: Furret|17/100 brn
|-damage|p2a: Furret|0 fnt
|faint|p2a: Furret
|-hitcount|p2: Furret|2
|-unboost|p1a: Garchomp|def|1
|-boost|p1a: Garchomp|spe|1
|
|upkeep
|
|t:|1758241733
|switch|p2a: Mamoswine|Mamoswine, M|76/100
|-damage|p2a: Mamoswine|63/100|[from] Stealth Rock
|turn|18
|
|t:|1758241739
|move|p1a: Garchomp|Earthquake|p2a: Mamoswine
|-damage|p2a: Mamoswine|19/100
|move|p2a: Mamoswine|Icicle Crash|p1a: Garchomp
|-supereffective|p1a: Garchomp
|-damage|p1a: Garchomp|0 fnt
|faint|p1a: Garchomp
|
|upkeep
|
|t:|1758241748
|switch|p1a: Pecharunt|Pecharunt|100/100
|-damage|p1a: Pecharunt|88/100|[from] Stealth Rock
|-item|p1a: Pecharunt|Air Balloon
|turn|19
|
|t:|1758241754
|move|p1a: Pecharunt|Malignant Chain|p2a: Mamoswine
|-resisted|p2a: Mamoswine
|-damage|p2a: Mamoswine|5/100
|-status|p2a: Mamoswine|tox
|-start|p2a: Mamoswine|confusion|[from] ability: Poison Puppeteer|[of] p1a: Pecharunt
|-activate|p2a: Mamoswine|confusion
|move|p2a: Mamoswine|Stone Edge|p1a: Pecharunt
|-crit|p1a: Pecharunt
|-damage|p1a: Pecharunt|63/100
|-enditem|p1a: Pecharunt|Air Balloon
|
|-damage|p2a: Mamoswine|0 fnt|[from] psn
|faint|p2a: Mamoswine
|upkeep
|
|t:|1758241763
|switch|p2a: Gliscor|Gliscor, M|100/100
|-damage|p2a: Gliscor|88/100|[from] Stealth Rock
|turn|20
|
|t:|1758241789
|move|p2a: Gliscor|Swords Dance|p2a: Gliscor
|-boost|p2a: Gliscor|atk|2
|move|p1a: Pecharunt|Malignant Chain|p2a: Gliscor
|-resisted|p2a: Gliscor
|-damage|p2a: Gliscor|67/100
|
|-status|p2a: Gliscor|tox|[from] item: Toxic Orb
|upkeep
|turn|21
|
|t:|1758241802
|move|p2a: Gliscor|Knock Off|p1a: Pecharunt
|-supereffective|p1a: Pecharunt
|-damage|p1a: Pecharunt|31/100
|move|p1a: Pecharunt|Shadow Ball|p2a: Gliscor
|-damage|p2a: Gliscor|33/100 tox
|
|-heal|p2a: Gliscor|45/100 tox|[from] ability: Poison Heal
|upkeep
|turn|22
|
|t:|1758241811
|move|p2a: Gliscor|Knock Off|p1a: Pecharunt
|-supereffective|p1a: Pecharunt
|-damage|p1a: Pecharunt|0 fnt
|faint|p1a: Pecharunt
|
|win|Akemiro
|raw|beastybeast7's rating: 1097 &rarr; <strong>1070</strong><br />(-27 for losing)
|raw|Akemiro's rating: 1056 &rarr; <strong>1091</strong><br />(+35 for winning)
|l|‽beastybeast7
|player|p1|
|l|☆Akemiro
|player|p2|
