|j|☆evilbryanjohnson
|j|☆Shibuya Arc
|t:|1758372339
|gametype|singles
|player|p1|evilbryanjohnson|101|1703
|player|p2|Shibuya Arc|101|1697
|gen|9
|tier|[Gen 9] OU
|rated|
|rule|HP Percentage Mod: HP is shown in percentages
|rule|Endless Battle Clause: Forcing endless battles is banned
|rule|Species Clause: Limit one of each Pokémon
|rule|OHKO Clause: OHKO moves are banned
|rule|Evasion Items Clause: Evasion items are banned
|rule|Evasion Moves Clause: Evasion moves are banned
|rule|Evasion Abilities Clause: Evasion abilities are banned
|rule|Sleep Moves Clause: Sleep-inducing moves are banned
|clearpoke
|poke|p1|Kyurem|
|poke|p1|Dragapult, M|
|poke|p1|Cinderace, F|
|poke|p1|Alomomola, M|
|poke|p1|Goodra-Hisui, M|
|poke|p1|Landorus-Therian, M|
|poke|p2|Dragapult, M|
|poke|p2|Dragonite, F|
|poke|p2|Ting-Lu|
|poke|p2|Weezing-Galar, F|
|poke|p2|Iron Crown|
|poke|p2|Zapdos|
|teampreview
|j| amefurikoneko
|inactive|Battle timer is ON: inactive players will automatically lose when time's up. (requested by Shibuya Arc)
|j| Dragonlatios1
|l| Dragonlatios1
|
|t:|1758372372
|teamsize|p1|6
|teamsize|p2|6
|start
|switch|p1a: Cinderace|Cinderace, F|100/100
|switch|p2a: Dragapult|Dragapult, M|100/100
|turn|1
|j| Dragonlatios1
|
|t:|1758372379
|switch|p1a: Alomomola|Alomomola, M|100/100
|move|p2a: Dragapult|Dragon Darts|p1a: Alomomola
|-damage|p1a: Alomomola|89/100
|-anim|p2a: Dragapult|Dragon Darts|p1a: Alomomola
|-damage|p1a: Alomomola|76/100
|
|upkeep
|turn|2
|
|t:|1758372390
|move|p1a: Alomomola|Protect|p1a: Alomomola
|-singleturn|p1a: Alomomola|Protect
|move|p2a: Dragapult|Hex|p1a: Alomomola
|-activate|p1a: Alomomola|move: Protect
|
|upkeep
|turn|3
|
|t:|1758372397
|move|p2a: Dragapult|Will-O-Wisp|p1a: Alomomola
|-status|p1a: Alomomola|brn
|move|p1a: Alomomola|Flip Turn|p2a: Dragapult
|-resisted|p2a: Dragapult
|-damage|p2a: Dragapult|95/100
|
|t:|1758372405
|switch|p1a: Goodra|Goodra-Hisui, M|100/100|[from] Flip Turn
|
|upkeep
|turn|4
|
|t:|1758372411
|move|p2a: Dragapult|U-turn|p1a: Goodra
|-resisted|p1a: Goodra
|-damage|p1a: Goodra|91/100
|-ability|p1a: Goodra|Gooey
|-unboost|p2a: Dragapult|spe|1
|
|t:|1758372422
|switch|p2a: Ting-Lu|Ting-Lu|100/100|[from] U-turn
|-ability|p2a: Ting-Lu|Vessel of Ruin
|move|p1a: Goodra|Knock Off|p2a: Ting-Lu
|-resisted|p2a: Ting-Lu
|-damage|p2a: Ting-Lu|95/100
|-enditem|p2a: Ting-Lu|Leftovers|[from] move: Knock Off|[of] p1a: Goodra
|
|upkeep
|turn|5
|
|t:|1758372435
|switch|p1a: Landorus|Landorus-Therian, M|100/100
|-ability|p1a: Landorus|Intimidate|boost
|-unboost|p2a: Ting-Lu|atk|1
|move|p2a: Ting-Lu|Ruination|p1a: Landorus
|-damage|p1a: Landorus|51/100
|
|upkeep
|turn|6
|j| A.Omnipotent
|
|t:|1758372443
|move|p1a: Landorus|U-turn|p2a: Ting-Lu
|-supereffective|p2a: Ting-Lu
|-damage|p2a: Ting-Lu|50/100
|
|t:|1758372449
|switch|p1a: Alomomola|Alomomola, M|100/100 brn|[from] U-turn
|move|p2a: Ting-Lu|Stealth Rock|p1a: Alomomola
|-sidestart|p1: evilbryanjohnson|move: Stealth Rock
|
|-damage|p1a: Alomomola|94/100 brn|[from] brn
|upkeep
|turn|7
|
|t:|1758372455
|move|p2a: Ting-Lu|Ruination|p1a: Alomomola
|-damage|p1a: Alomomola|48/100 brn
|move|p1a: Alomomola|Flip Turn|p2a: Ting-Lu
|-supereffective|p2a: Ting-Lu
|-damage|p2a: Ting-Lu|40/100
|
|t:|1758372464
|switch|p1a: Landorus|Landorus-Therian, M|51/100|[from] Flip Turn
|-damage|p1a: Landorus|38/100|[from] Stealth Rock
|-ability|p1a: Landorus|Intimidate|boost
|-unboost|p2a: Ting-Lu|atk|1
|
|upkeep
|turn|8
|
|t:|1758372471
|move|p1a: Landorus|U-turn|p2a: Ting-Lu
|-supereffective|p2a: Ting-Lu
|-damage|p2a: Ting-Lu|0 fnt
|faint|p2a: Ting-Lu
|
|t:|1758372475
|switch|p1a: Dragapult|Dragapult, M|100/100|[from] U-turn
|
|upkeep
|
|t:|1758372481
|switch|p2a: Iron Crown|Iron Crown|100/100
|turn|9
|
|t:|1758372488
|move|p1a: Dragapult|U-turn|p2a: Iron Crown
|-damage|p2a: Iron Crown|79/100
|
|t:|1758372491
|switch|p1a: Goodra|Goodra-Hisui, M|91/100|[from] U-turn
|-damage|p1a: Goodra|85/100|[from] Stealth Rock
|move|p2a: Iron Crown|Focus Blast|p1a: Goodra
|-supereffective|p1a: Goodra
|-damage|p1a: Goodra|33/100
|
|upkeep
|turn|10
|
|t:|1758372504
|switch|p1a: Dragapult|Dragapult, M|100/100
|move|p2a: Iron Crown|Focus Blast|p1a: Dragapult
|-immune|p1a: Dragapult
|
|upkeep
|turn|11
|
|t:|1758372510
|-end|p2a: Iron Crown|Quark Drive|[silent]
|switch|p2a: Weezing|Weezing-Galar, F|100/100
|-ability|p2a: Weezing|Neutralizing Gas
|move|p1a: Dragapult|Will-O-Wisp|p2a: Weezing
|-status|p2a: Weezing|brn
|
|-damage|p2a: Weezing|95/100 brn|[from] brn
|upkeep
|turn|12
|
|t:|1758372516
|move|p1a: Dragapult|Hex|p2a: Weezing
|-damage|p2a: Weezing|19/100 brn
|move|p2a: Weezing|Will-O-Wisp|p1a: Dragapult
|-status|p1a: Dragapult|brn
|
|-damage|p1a: Dragapult|95/100 brn|[from] brn
|-damage|p2a: Weezing|13/100 brn|[from] brn
|upkeep
|turn|13
|j| frutillaroja
|
|t:|1758372528
|-end|p2a: Weezing|ability: Neutralizing Gas
|switch|p2a: Zapdos|Zapdos|100/100
|move|p1a: Dragapult|Hex|p2a: Zapdos
|-damage|p2a: Zapdos|70/100
|
|-damage|p1a: Dragapult|89/100 brn|[from] brn
|upkeep
|turn|14
|j| gengar's style
|
|t:|1758372547
|switch|p1a: Goodra|Goodra-Hisui, M|33/100
|-damage|p1a: Goodra|27/100|[from] Stealth Rock
|move|p2a: Zapdos|Roost|p2a: Zapdos
|-heal|p2a: Zapdos|100/100
|-singleturn|p2a: Zapdos|move: Roost
|
|upkeep
|turn|15
|
|t:|1758372554
|move|p2a: Zapdos|Volt Switch|p1a: Goodra
|-resisted|p1a: Goodra
|-damage|p1a: Goodra|19/100
|
|t:|1758372560
|switch|p2a: Dragonite|Dragonite, F|100/100|[from] Volt Switch
|move|p1a: Goodra|Knock Off|p2a: Dragonite
|-damage|p2a: Dragonite|88/100
|-enditem|p2a: Dragonite|Heavy-Duty Boots|[from] move: Knock Off|[of] p1a: Goodra
|
|upkeep
|turn|16
|
|t:|1758372567
|move|p2a: Dragonite|Earthquake|p1a: Goodra
|-supereffective|p1a: Goodra
|-damage|p1a: Goodra|0 fnt
|faint|p1a: Goodra
|
|upkeep
|
|t:|1758372576
|switch|p1a: Dragapult|Dragapult, M|89/100 brn
|turn|17
|
|t:|1758372582
|switch|p2a: Iron Crown|Iron Crown|79/100
|move|p1a: Dragapult|Will-O-Wisp|p2a: Iron Crown|[miss]
|-miss|p1a: Dragapult|p2a: Iron Crown
|
|-damage|p1a: Dragapult|83/100 brn|[from] brn
|upkeep
|turn|18
|
|t:|1758372588
|-end|p2a: Iron Crown|Quark Drive|[silent]
|switch|p2a: Zapdos|Zapdos|100/100
|move|p1a: Dragapult|U-turn|p2a: Zapdos
|-resisted|p2a: Zapdos
|-damage|p2a: Zapdos|95/100
|
|t:|1758372591
|switch|p1a: Cinderace|Cinderace, F|100/100|[from] U-turn
|
|upkeep
|turn|19
|
|t:|1758372598
|move|p1a: Cinderace|Court Change|p1a: Cinderace
|-swapsideconditions
|-activate|p1a: Cinderace|move: Court Change
|move|p2a: Zapdos|Volt Switch|p1a: Cinderace
|-damage|p1a: Cinderace|53/100
|
|t:|1758372608
|switch|p2a: Dragapult|Dragapult, M|95/100|[from] Volt Switch
|
|upkeep
|turn|20
|
|t:|1758372624
|switch|p1a: Alomomola|Alomomola, M|81/100 brn
|move|p2a: Dragapult|Will-O-Wisp|p1a: Alomomola
|-fail|p1a: Alomomola|brn
|
|-damage|p1a: Alomomola|75/100 brn|[from] brn
|upkeep
|turn|21
|
|t:|1758372630
|move|p2a: Dragapult|Hex|p1a: Alomomola
|-damage|p1a: Alomomola|8/100 brn
|move|p1a: Alomomola|Flip Turn|p2a: Dragapult
|-resisted|p2a: Dragapult
|-damage|p2a: Dragapult|89/100
|
|t:|1758372637
|switch|p1a: Kyurem|Kyurem|100/100|[from] Flip Turn
|-ability|p1a: Kyurem|Pressure
|
|upkeep
|turn|22
|l| Dragonlatios1
|
|t:|1758372643
|move|p2a: Dragapult|U-turn|p1a: Kyurem
|-damage|p1a: Kyurem|84/100
|
|t:|1758372652
|switch|p2a: Weezing|Weezing-Galar, F|13/100 brn|[from] U-turn
|-ability|p2a: Weezing|Neutralizing Gas
|move|p1a: Kyurem|Icicle Spear|p2a: Weezing
|-damage|p2a: Weezing|4/100 brn
|-damage|p2a: Weezing|0 fnt
|faint|p2a: Weezing
|-end|p2a: Weezing|ability: Neutralizing Gas
|-ability|p1a: Kyurem|Pressure
|-hitcount|p2: Weezing|2
|
|-heal|p1a: Kyurem|90/100|[from] item: Leftovers
|upkeep
|j| Dragonlatios1
|l| Dragonlatios1
|
|t:|1758372659
|switch|p2a: Zapdos|Zapdos|95/100
|turn|23
|
|t:|1758372667
|move|p2a: Zapdos|Hurricane|p1a: Kyurem
|-damage|p1a: Kyurem|54/100
|move|p1a: Kyurem|Substitute|p1a: Kyurem
|-start|p1a: Kyurem|Substitute
|-damage|p1a: Kyurem|29/100
|
|-heal|p1a: Kyurem|35/100|[from] item: Leftovers
|upkeep
|turn|24
|j| Dragonlatios1
|
|t:|1758372676
|move|p1a: Kyurem|Protect|p1a: Kyurem
|-singleturn|p1a: Kyurem|Protect
|move|p2a: Zapdos|Heat Wave|p1a: Kyurem
|-activate|p1a: Kyurem|move: Protect
|
|-heal|p1a: Kyurem|41/100|[from] item: Leftovers
|upkeep
|turn|25
|
|t:|1758372682
|switch|p2a: Iron Crown|Iron Crown|79/100
|-damage|p2a: Iron Crown|73/100|[from] Stealth Rock
|move|p1a: Kyurem|Dragon Dance|p1a: Kyurem
|-boost|p1a: Kyurem|atk|1
|-boost|p1a: Kyurem|spe|1
|
|-heal|p1a: Kyurem|47/100|[from] item: Leftovers
|upkeep
|turn|26
|
|t:|1758372689
|move|p1a: Kyurem|Protect|p1a: Kyurem
|-singleturn|p1a: Kyurem|Protect
|move|p2a: Iron Crown|Tachyon Cutter|p1a: Kyurem
|-activate|p1a: Kyurem|move: Protect
|
|-heal|p1a: Kyurem|53/100|[from] item: Leftovers
|upkeep
|turn|27
|
|t:|1758372695
|-terastallize|p1a: Kyurem|Steel
|move|p1a: Kyurem|Dragon Dance|p1a: Kyurem
|-boost|p1a: Kyurem|atk|1
|-boost|p1a: Kyurem|spe|1
|move|p2a: Iron Crown|Tachyon Cutter|p1a: Kyurem
|-resisted|p1a: Kyurem
|-activate|p1a: Kyurem|move: Substitute|[damage]
|-resisted|p1a: Kyurem
|-end|p1a: Kyurem|Substitute
|-hitcount|p1a: Kyurem|2
|
|-heal|p1a: Kyurem|60/100|[from] item: Leftovers
|upkeep
|turn|28
|
|t:|1758372703
|move|p1a: Kyurem|Protect|p1a: Kyurem
|-singleturn|p1a: Kyurem|Protect
|move|p2a: Iron Crown|Tachyon Cutter|p1a: Kyurem
|-activate|p1a: Kyurem|move: Protect
|
|-heal|p1a: Kyurem|66/100|[from] item: Leftovers
|upkeep
|turn|29
|l| amefurikoneko
|
|t:|1758372709
|move|p1a: Kyurem|Substitute|p1a: Kyurem
|-start|p1a: Kyurem|Substitute
|-damage|p1a: Kyurem|41/100
|move|p2a: Iron Crown|Tachyon Cutter|p1a: Kyurem
|-resisted|p1a: Kyurem
|-activate|p1a: Kyurem|move: Substitute|[damage]
|-resisted|p1a: Kyurem
|-activate|p1a: Kyurem|move: Substitute|[damage]
|-hitcount|p1a: Kyurem|2
|
|-heal|p1a: Kyurem|47/100|[from] item: Leftovers
|upkeep
|turn|30
|
|t:|1758372715
|-end|p2a: Iron Crown|Quark Drive|[silent]
|switch|p2a: Dragonite|Dragonite, F|88/100
|-damage|p2a: Dragonite|64/100|[from] Stealth Rock
|move|p1a: Kyurem|Protect||[still]
|-fail|p1a: Kyurem
|
|-heal|p1a: Kyurem|53/100|[from] item: Leftovers
|upkeep
|turn|31
|
|t:|1758372722
|move|p2a: Dragonite|Extreme Speed|p1a: Kyurem
|-resisted|p1a: Kyurem
|-end|p1a: Kyurem|Substitute
|move|p1a: Kyurem|Icicle Spear|p2a: Dragonite
|-supereffective|p2a: Dragonite
|-damage|p2a: Dragonite|0 fnt
|faint|p2a: Dragonite
|-hitcount|p2: Dragonite|1
|
|-heal|p1a: Kyurem|59/100|[from] item: Leftovers
|upkeep
|
|t:|1758372729
|switch|p2a: Zapdos|Zapdos|95/100
|turn|32
|
|t:|1758372736
|-terastallize|p2a: Zapdos|Fairy
|move|p1a: Kyurem|Protect|p1a: Kyurem
|-singleturn|p1a: Kyurem|Protect
|move|p2a: Zapdos|Heat Wave|p1a: Kyurem
|-activate|p1a: Kyurem|move: Protect
|
|-heal|p1a: Kyurem|65/100|[from] item: Leftovers
|upkeep
|turn|33
|l| Dragonlatios1
|
|t:|1758372753
|move|p1a: Kyurem|Icicle Spear|p2a: Zapdos
|-damage|p2a: Zapdos|67/100
|-damage|p2a: Zapdos|36/100
|-hitcount|p2a: Zapdos|2
|move|p2a: Zapdos|Heat Wave|p1a: Kyurem|[miss]
|-miss|p2a: Zapdos|p1a: Kyurem
|
|-heal|p1a: Kyurem|72/100|[from] item: Leftovers
|upkeep
|turn|34
|
|t:|1758372761
|move|p1a: Kyurem|Icicle Spear|p2a: Zapdos
|-damage|p2a: Zapdos|5/100
|-damage|p2a: Zapdos|0 fnt
|faint|p2a: Zapdos
|-hitcount|p2: Zapdos|2
|
|-heal|p1a: Kyurem|78/100|[from] item: Leftovers
|upkeep
|
|t:|1758372768
|switch|p2a: Iron Crown|Iron Crown|73/100
|-damage|p2a: Iron Crown|67/100|[from] Stealth Rock
|turn|35
|
|t:|1758372775
|move|p1a: Kyurem|Protect|p1a: Kyurem
|-singleturn|p1a: Kyurem|Protect
|move|p2a: Iron Crown|Focus Blast|p1a: Kyurem
|-activate|p1a: Kyurem|move: Protect
|
|-heal|p1a: Kyurem|84/100|[from] item: Leftovers
|upkeep
|turn|36
|
|t:|1758372781
|move|p1a: Kyurem|Substitute|p1a: Kyurem
|-start|p1a: Kyurem|Substitute
|-damage|p1a: Kyurem|59/100
|move|p2a: Iron Crown|Focus Blast|p1a: Kyurem|[miss]
|-miss|p2a: Iron Crown|p1a: Kyurem
|
|-heal|p1a: Kyurem|65/100|[from] item: Leftovers
|upkeep
|turn|37
|
|t:|1758372787
|-end|p2a: Iron Crown|Quark Drive|[silent]
|switch|p2a: Dragapult|Dragapult, M|89/100
|move|p1a: Kyurem|Dragon Dance|p1a: Kyurem
|-boost|p1a: Kyurem|atk|1
|-boost|p1a: Kyurem|spe|1
|
|-heal|p1a: Kyurem|71/100|[from] item: Leftovers
|upkeep
|turn|38
|
|t:|1758372792
|move|p1a: Kyurem|Icicle Spear|p2a: Dragapult
|-supereffective|p2a: Dragapult
|-damage|p2a: Dragapult|11/100
|-start|p1a: Kyurem|Disable|Icicle Spear|[from] ability: Cursed Body|[of] p2a: Dragapult
|-supereffective|p2a: Dragapult
|-damage|p2a: Dragapult|0 fnt
|faint|p2a: Dragapult
|-hitcount|p2: Dragapult|2
|
|-heal|p1a: Kyurem|78/100|[from] item: Leftovers
|upkeep
|
|t:|1758372799
|switch|p2a: Iron Crown|Iron Crown|67/100
|-damage|p2a: Iron Crown|61/100|[from] Stealth Rock
|turn|39
|
|t:|1758372805
|move|p1a: Kyurem|Dragon Dance|p1a: Kyurem
|-boost|p1a: Kyurem|atk|1
|-boost|p1a: Kyurem|spe|1
|move|p2a: Iron Crown|Focus Blast|p1a: Kyurem
|-supereffective|p1a: Kyurem
|-end|p1a: Kyurem|Substitute
|
|-heal|p1a: Kyurem|84/100|[from] item: Leftovers
|upkeep
|turn|40
|
|t:|1758372810
|move|p1a: Kyurem|Dragon Dance|p1a: Kyurem
|-boost|p1a: Kyurem|atk|1
|-boost|p1a: Kyurem|spe|1
|-activate|p2a: Iron Crown|move: Struggle
|move|p2a: Iron Crown|Struggle|p1a: Kyurem
|-damage|p1a: Kyurem|78/100
|-damage|p2a: Iron Crown|36/100|[from] recoil
|
|-heal|p1a: Kyurem|84/100|[from] item: Leftovers
|upkeep
|turn|41
|
|t:|1758372815
|move|p1a: Kyurem|Dragon Dance|p1a: Kyurem
|-boost|p1a: Kyurem|atk|1
|-boost|p1a: Kyurem|spe|1
|-activate|p2a: Iron Crown|move: Struggle
|move|p2a: Iron Crown|Struggle|p1a: Kyurem
|-damage|p1a: Kyurem|78/100
|-damage|p2a: Iron Crown|11/100|[from] recoil
|
|-heal|p1a: Kyurem|84/100|[from] item: Leftovers
|-end|p1a: Kyurem|Disable
|upkeep
|turn|42
|
|t:|1758372820
|move|p1a: Kyurem|Icicle Spear|p2a: Iron Crown
|-resisted|p2a: Iron Crown
|-damage|p2a: Iron Crown|0 fnt
|faint|p2a: Iron Crown
|-end|p2a: Iron Crown|Quark Drive|[silent]
|-hitcount|p2: Iron Crown|1
|
|win|evilbryanjohnson
|raw|evilbryanjohnson's rating: 1703 &rarr; <strong>1723</strong><br />(+20 for winning)
|raw|Shibuya Arc's rating: 1697 &rarr; <strong>1677</strong><br />(-20 for losing)
|l|☆Shibuya Arc
|player|p2|
|l|☆evilbryanjohnson
|player|p1|
|l| frutillaroja
