|j|☆NaoAgawa
|j|☆Elite4Azure
|t:|1758303208
|gametype|singles
|player|p1|NaoAgawa|265|1113
|player|p2|Elite4Azure|falkner|1122
|gen|9
|tier|[Gen 9] OU
|rated|
|rule|HP Percentage Mod: HP is shown in percentages
|rule|Endless Battle Clause: Forcing endless battles is banned
|rule|Species Clause: Limit one of each Pokémon
|rule|OHKO Clause: OHKO moves are banned
|rule|Evasion Items Clause: Evasion items are banned
|rule|Evasion Moves Clause: Evasion moves are banned
|rule|Evasion Abilities Clause: Evasion abilities are banned
|rule|Sleep Moves Clause: Sleep-inducing moves are banned
|clearpoke
|poke|p1|Pelipper, F|
|poke|p1|Vileplume, F|
|poke|p1|Espeon, F|
|poke|p1|Kleavor, F|
|poke|p1|Eelektross, M|
|poke|p1|Hydreigon, F|
|poke|p2|Froslass, F|
|poke|p2|Garganacl, F|
|poke|p2|Scrafty, F|
|poke|p2|Bellibolt, M|
|poke|p2|Tsareena, F|
|poke|p2|Revavroom, F|
|teampreview
|
|t:|1758303213
|teamsize|p1|6
|teamsize|p2|6
|start
|switch|p1a: Kleavor|Kleavor, F, shiny|100/100
|switch|p2a: Revavroom|Revavroom, F|100/100
|turn|1
|
|t:|1758303222
|move|p1a: Kleavor|Stone Axe|p2a: Revavroom
|-resisted|p2a: Revavroom
|-damage|p2a: Revavroom|74/100
|-sidestart|p2: Elite4Azure|move: Stealth Rock
|move|p2a: Revavroom|Shift Gear|p2a: Revavroom
|-boost|p2a: Revavroom|spe|2
|-boost|p2a: Revavroom|atk|1
|
|-heal|p2a: Revavroom|80/100|[from] item: Black Sludge
|upkeep
|turn|2
|
|t:|1758303233
|switch|p1a: Pelipper|Pelipper, F, shiny|100/100
|-weather|RainDance|[from] ability: Drizzle|[of] p1a: Pelipper
|move|p2a: Revavroom|Shift Gear|p2a: Revavroom
|-boost|p2a: Revavroom|spe|2
|-boost|p2a: Revavroom|atk|1
|
|-weather|RainDance|[upkeep]
|-heal|p2a: Revavroom|86/100|[from] item: Black Sludge
|upkeep
|turn|3
|
|t:|1758303243
|move|p2a: Revavroom|Poison Jab|p1a: Pelipper
|-damage|p1a: Pelipper|39/100
|move|p1a: Pelipper|Weather Ball|p2a: Revavroom
|-damage|p2a: Revavroom|21/100
|
|-weather|RainDance|[upkeep]
|-heal|p2a: Revavroom|27/100|[from] item: Black Sludge
|upkeep
|turn|4
|
|t:|1758303252
|move|p2a: Revavroom|Poison Jab|p1a: Pelipper
|-damage|p1a: Pelipper|0 fnt
|faint|p1a: Pelipper
|
|-weather|RainDance|[upkeep]
|-heal|p2a: Revavroom|33/100|[from] item: Black Sludge
|upkeep
|
|t:|1758303256
|switch|p1a: Vileplume|Vileplume, F, shiny|100/100
|turn|5
|
|t:|1758303269
|move|p2a: Revavroom|Poison Jab|p1a: Vileplume
|-damage|p1a: Vileplume|35/100
|-status|p2a: Revavroom|slp|[from] ability: Effect Spore|[of] p1a: Vileplume
|move|p1a: Vileplume|Leech Seed|p2a: Revavroom
|-start|p2a: Revavroom|move: Leech Seed
|
|-weather|RainDance|[upkeep]
|-heal|p2a: Revavroom|39/100 slp|[from] item: Black Sludge
|-heal|p1a: Vileplume|41/100|[from] item: Black Sludge
|-damage|p2a: Revavroom|27/100 slp|[from] Leech Seed|[of] p1a: Vileplume
|-heal|p1a: Vileplume|53/100|[silent]
|upkeep
|turn|6
|
|t:|1758303280
|switch|p2a: Tsareena|Tsareena, F|100/100
|move|p1a: Vileplume|Moonblast|p2a: Tsareena
|-damage|p2a: Tsareena|76/100
|
|-weather|RainDance|[upkeep]
|-heal|p1a: Vileplume|60/100|[from] item: Black Sludge
|upkeep
|turn|7
|
|t:|1758303288
|move|p1a: Vileplume|Protect|p1a: Vileplume
|-singleturn|p1a: Vileplume|Protect
|move|p2a: Tsareena|Rapid Spin|p1a: Vileplume
|-activate|p1a: Vileplume|move: Protect
|
|-weather|RainDance|[upkeep]
|-heal|p1a: Vileplume|66/100|[from] item: Black Sludge
|upkeep
|turn|8
|
|t:|1758303296
|move|p2a: Tsareena|Rapid Spin|p1a: Vileplume
|-damage|p1a: Vileplume|51/100
|-boost|p2a: Tsareena|spe|1
|-sideend|p2: Elite4Azure|Stealth Rock|[from] move: Rapid Spin|[of] p2a: Tsareena
|move|p1a: Vileplume|Moonblast|p2a: Tsareena
|-damage|p2a: Tsareena|52/100
|-unboost|p2a: Tsareena|spa|1
|
|-weather|RainDance|[upkeep]
|-heal|p1a: Vileplume|58/100|[from] item: Black Sludge
|upkeep
|turn|9
|
|t:|1758303310
|switch|p1a: Hydreigon|Hydreigon, F, shiny|100/100
|move|p2a: Tsareena|Rapid Spin|p1a: Hydreigon
|-damage|p1a: Hydreigon|83/100
|-boost|p2a: Tsareena|spe|1
|
|-weather|none
|upkeep
|turn|10
|
|t:|1758303321
|move|p1a: Hydreigon|Dark Pulse|p2a: Tsareena
|-damage|p2a: Tsareena|11/100
|move|p2a: Tsareena|High Jump Kick|p1a: Hydreigon|[miss]
|-miss|p2a: Tsareena|p1a: Hydreigon
|-damage|p2a: Tsareena|0 fnt|[from] highjumpkick
|faint|p2a: Tsareena
|
|upkeep
|
|t:|1758303327
|switch|p2a: Scrafty|Scrafty, F|100/100
|-ability|p2a: Scrafty|Intimidate|boost
|-unboost|p1a: Hydreigon|atk|1
|turn|11
|
|t:|1758303334
|switch|p1a: Vileplume|Vileplume, F, shiny|58/100
|move|p2a: Scrafty|Drain Punch|p1a: Vileplume
|-resisted|p1a: Vileplume
|-damage|p1a: Vileplume|41/100
|-status|p2a: Scrafty|par|[from] ability: Effect Spore|[of] p1a: Vileplume
|
|-heal|p1a: Vileplume|48/100|[from] item: Black Sludge
|upkeep
|turn|12
|
|t:|1758303344
|move|p1a: Vileplume|Leech Seed|p2a: Scrafty
|-start|p2a: Scrafty|move: Leech Seed
|move|p2a: Scrafty|Knock Off|p1a: Vileplume
|-damage|p1a: Vileplume|4/100
|-enditem|p1a: Vileplume|Black Sludge|[from] move: Knock Off|[of] p2a: Scrafty
|
|-damage|p2a: Scrafty|88/100 par|[from] Leech Seed|[of] p1a: Vileplume
|-heal|p1a: Vileplume|15/100|[silent]
|upkeep
|turn|13
|
|t:|1758303352
|move|p1a: Vileplume|Moonblast|p2a: Scrafty
|-supereffective|p2a: Scrafty
|-damage|p2a: Scrafty|12/100 par
|move|p2a: Scrafty|Ice Punch|p1a: Vileplume
|-supereffective|p1a: Vileplume
|-damage|p1a: Vileplume|0 fnt
|faint|p1a: Vileplume
|
|upkeep
|
|t:|1758303360
|switch|p1a: Espeon|Espeon, F, shiny|100/100
|turn|14
|
|t:|1758303365
|move|p1a: Espeon|Draining Kiss|p2a: Scrafty
|-supereffective|p2a: Scrafty
|-damage|p2a: Scrafty|0 fnt
|faint|p2a: Scrafty
|
|upkeep
|
|t:|1758303368
|switch|p2a: Revavroom|Revavroom, F|27/100 slp
|turn|15
|
|t:|1758303372
|move|p1a: Espeon|Calm Mind|p1a: Espeon
|-boost|p1a: Espeon|spa|1
|-boost|p1a: Espeon|spd|1
|cant|p2a: Revavroom|slp
|
|-heal|p2a: Revavroom|33/100 slp|[from] item: Black Sludge
|upkeep
|turn|16
|
|t:|1758303379
|move|p1a: Espeon|Calm Mind|p1a: Espeon
|-boost|p1a: Espeon|spa|1
|-boost|p1a: Espeon|spd|1
|cant|p2a: Revavroom|slp
|
|-heal|p2a: Revavroom|39/100 slp|[from] item: Black Sludge
|upkeep
|turn|17
|
|t:|1758303387
|move|p1a: Espeon|Stored Power|p2a: Revavroom
|-damage|p2a: Revavroom|0 fnt
|faint|p2a: Revavroom
|
|upkeep
|
|t:|1758303389
|switch|p2a: Froslass|Froslass, F|100/100
|turn|18
|
|t:|1758303395
|move|p1a: Espeon|Calm Mind|p1a: Espeon
|-boost|p1a: Espeon|spa|1
|-boost|p1a: Espeon|spd|1
|move|p2a: Froslass|Icy Wind|p1a: Espeon
|-damage|p1a: Espeon|92/100
|-unboost|p1a: Espeon|spe|1
|
|-heal|p1a: Espeon|98/100|[from] item: Leftovers
|upkeep
|turn|19
|
|t:|1758303406
|move|p2a: Froslass|Icy Wind|p1a: Espeon
|-damage|p1a: Espeon|89/100
|-unboost|p1a: Espeon|spe|1
|move|p1a: Espeon|Stored Power|p2a: Froslass
|-enditem|p2a: Froslass|Focus Sash
|-damage|p2a: Froslass|1/100
|-start|p1a: Espeon|Disable|Stored Power|[from] ability: Cursed Body|[of] p2a: Froslass
|
|-heal|p1a: Espeon|95/100|[from] item: Leftovers
|upkeep
|turn|20
|
|t:|1758303418
|move|p2a: Froslass|Icy Wind|p1a: Espeon
|-damage|p1a: Espeon|86/100
|-unboost|p1a: Espeon|spe|1
|move|p1a: Espeon|Calm Mind|p1a: Espeon
|-boost|p1a: Espeon|spa|1
|-boost|p1a: Espeon|spd|1
|
|-heal|p1a: Espeon|92/100|[from] item: Leftovers
|upkeep
|turn|21
|
|t:|1758303430
|switch|p1a: Eelektross|Eelektross, M, shiny|100/100
|move|p2a: Froslass|Icy Wind|p1a: Eelektross
|-damage|p1a: Eelektross|87/100
|-unboost|p1a: Eelektross|spe|1
|
|upkeep
|turn|22
|
|t:|1758303438
|move|p2a: Froslass|Will-O-Wisp|p1a: Eelektross|[miss]
|-miss|p2a: Froslass|p1a: Eelektross
|move|p1a: Eelektross|Giga Drain|p2a: Froslass
|-damage|p2a: Froslass|0 fnt
|-heal|p1a: Eelektross|87/100|[from] drain|[of] p2a: Froslass
|-start|p1a: Eelektross|Disable|Giga Drain|[from] ability: Cursed Body|[of] p2a: Froslass
|faint|p2a: Froslass
|
|upkeep
|
|t:|1758303445
|switch|p2a: Bellibolt|Bellibolt, M|100/100
|turn|23
|
|t:|1758303450
|move|p2a: Bellibolt|Acid Spray|p1a: Eelektross
|-damage|p1a: Eelektross|81/100
|-unboost|p1a: Eelektross|spd|2
|move|p1a: Eelektross|Flamethrower|p2a: Bellibolt
|-damage|p2a: Bellibolt|77/100
|-start|p2a: Bellibolt|Charge|Flamethrower|[from] ability: Electromorphosis
|
|upkeep
|turn|24
|
|t:|1758303462
|switch|p1a: Hydreigon|Hydreigon, F, shiny|83/100
|move|p2a: Bellibolt|Parabolic Charge|p1a: Hydreigon
|-resisted|p1a: Hydreigon
|-damage|p1a: Hydreigon|54/100
|-heal|p2a: Bellibolt|90/100|[from] drain|[of] p1a: Hydreigon
|-end|p2a: Bellibolt|Charge|[silent]
|
|upkeep
|turn|25
|
|t:|1758303470
|move|p1a: Hydreigon|Earth Power|p2a: Bellibolt
|-supereffective|p2a: Bellibolt
|-damage|p2a: Bellibolt|34/100
|-start|p2a: Bellibolt|Charge|Earth Power|[from] ability: Electromorphosis
|move|p2a: Bellibolt|Soak|p1a: Hydreigon
|-start|p1a: Hydreigon|typechange|Water
|
|upkeep
|turn|26
|
|t:|1758303479
|move|p1a: Hydreigon|Earth Power|p2a: Bellibolt
|-supereffective|p2a: Bellibolt
|-damage|p2a: Bellibolt|0 fnt
|faint|p2a: Bellibolt
|
|upkeep
|
|t:|1758303480
|switch|p2a: Garganacl|Garganacl, F|100/100
|turn|27
|
|t:|1758303486
|-terastallize|p2a: Garganacl|Ghost
|move|p1a: Hydreigon|Earth Power|p2a: Garganacl
|-damage|p2a: Garganacl|75/100
|move|p2a: Garganacl|Salt Cure|p1a: Hydreigon
|-damage|p1a: Hydreigon|39/100
|-start|p1a: Hydreigon|Salt Cure
|
|-heal|p2a: Garganacl|81/100|[from] item: Leftovers
|-damage|p1a: Hydreigon|14/100|[from] Salt Cure
|upkeep
|turn|28
|
|t:|1758303497
|switch|p1a: Eelektross|Eelektross, M, shiny|81/100
|move|p2a: Garganacl|Iron Defense|p2a: Garganacl
|-boost|p2a: Garganacl|def|2
|
|-heal|p2a: Garganacl|87/100|[from] item: Leftovers
|upkeep
|turn|29
|
|t:|1758303507
|move|p1a: Eelektross|Thunder|p2a: Garganacl|[miss]
|-miss|p1a: Eelektross|p2a: Garganacl
|move|p2a: Garganacl|Iron Defense|p2a: Garganacl
|-boost|p2a: Garganacl|def|2
|
|-heal|p2a: Garganacl|93/100|[from] item: Leftovers
|upkeep
|turn|30
|
|t:|1758303511
|move|p1a: Eelektross|Thunder|p2a: Garganacl|[miss]
|-miss|p1a: Eelektross|p2a: Garganacl
|move|p2a: Garganacl|Body Press|p1a: Eelektross
|-damage|p1a: Eelektross|0 fnt
|faint|p1a: Eelektross
|
|-heal|p2a: Garganacl|99/100|[from] item: Leftovers
|upkeep
|
|t:|1758303518
|switch|p1a: Kleavor|Kleavor, F, shiny|100/100
|turn|31
|
|t:|1758303525
|-terastallize|p1a: Kleavor|Bug
|move|p1a: Kleavor|Fury Cutter|p2a: Garganacl
|-resisted|p2a: Garganacl
|-damage|p2a: Garganacl|95/100
|move|p2a: Garganacl|Body Press|p1a: Kleavor
|-resisted|p1a: Kleavor
|-damage|p1a: Kleavor|47/100
|
|-heal|p2a: Garganacl|100/100|[from] item: Leftovers
|upkeep
|turn|32
|
|t:|1758303536
|move|p1a: Kleavor|Fury Cutter|p2a: Garganacl
|-resisted|p2a: Garganacl
|-damage|p2a: Garganacl|88/100
|move|p2a: Garganacl|Iron Defense|p2a: Garganacl
|-boost|p2a: Garganacl|def|2
|
|-heal|p2a: Garganacl|94/100|[from] item: Leftovers
|upkeep
|turn|33
|
|t:|1758303544
|move|p1a: Kleavor|Fury Cutter|p2a: Garganacl
|-resisted|p2a: Garganacl
|-damage|p2a: Garganacl|70/100
|move|p2a: Garganacl|Body Press|p1a: Kleavor
|-resisted|p1a: Kleavor
|-damage|p1a: Kleavor|0 fnt
|faint|p1a: Kleavor
|
|-heal|p2a: Garganacl|77/100|[from] item: Leftovers
|upkeep
|
|t:|1758303552
|switch|p1a: Hydreigon|Hydreigon, F, shiny|14/100
|turn|34
|
|t:|1758303555
|move|p1a: Hydreigon|Dark Pulse|p2a: Garganacl
|-supereffective|p2a: Garganacl
|-damage|p2a: Garganacl|19/100
|move|p2a: Garganacl|Salt Cure|p1a: Hydreigon
|-damage|p1a: Hydreigon|0 fnt
|faint|p1a: Hydreigon
|
|-heal|p2a: Garganacl|25/100|[from] item: Leftovers
|upkeep
|
|t:|1758303561
|switch|p1a: Espeon|Espeon, F, shiny|92/100
|turn|35
|
|t:|1758303563
|move|p1a: Espeon|Draining Kiss|p2a: Garganacl
|-damage|p2a: Garganacl|14/100
|-heal|p1a: Espeon|100/100|[from] drain|[of] p2a: Garganacl
|move|p2a: Garganacl|Recover|p2a: Garganacl
|-heal|p2a: Garganacl|64/100
|
|-heal|p2a: Garganacl|70/100|[from] item: Leftovers
|upkeep
|turn|36
|
|t:|1758303569
|move|p1a: Espeon|Calm Mind|p1a: Espeon
|-boost|p1a: Espeon|spa|1
|-boost|p1a: Espeon|spd|1
|move|p2a: Garganacl|Body Press|p1a: Espeon
|-resisted|p1a: Espeon
|-damage|p1a: Espeon|0 fnt
|faint|p1a: Espeon
|
|win|Elite4Azure
|raw|NaoAgawa's rating: 1113 &rarr; <strong>1089</strong><br />(-24 for losing)
|raw|Elite4Azure's rating: 1122 &rarr; <strong>1146</strong><br />(+24 for winning)
|l|☆NaoAgawa
|player|p1|
|l|☆Elite4Azure
|player|p2|
