|j|☆Underquill
|j|☆lazywarlock
|t:|1758255585
|gametype|singles
|player|p1|Underquill|1|1277
|player|p2|lazywarlock|fantina|1198
|gen|9
|tier|[Gen 9] OU
|rated|
|rule|HP Percentage Mod: HP is shown in percentages
|rule|Endless Battle Clause: Forcing endless battles is banned
|rule|Species Clause: Limit one of each Pokémon
|rule|OHKO Clause: OHKO moves are banned
|rule|Evasion Items Clause: Evasion items are banned
|rule|Evasion Moves Clause: Evasion moves are banned
|rule|Evasion Abilities Clause: Evasion abilities are banned
|rule|Sleep Moves Clause: Sleep-inducing moves are banned
|clearpoke
|poke|p1|Gholdengo|
|poke|p1|Entei|
|poke|p1|Greedent, M|
|poke|p1|Corviknight, M|
|poke|p1|Iron Hands|
|poke|p1|Whimsicott, F|
|poke|p2|Ogerpon-Wellspring, F|
|poke|p2|Kingambit, F|
|poke|p2|Kyurem|
|poke|p2|Dragonite, F|
|poke|p2|Garganacl, F|
|poke|p2|Weezing-Galar, F|
|teampreview
|inactive|Battle timer is ON: inactive players will automatically lose when time's up. (requested by lazywarlock)
|inactive|Underquill also wants the timer to be on.
|
|t:|1758255597
|teamsize|p1|6
|teamsize|p2|6
|start
|switch|p1a: Iron Hands|Iron Hands|100/100
|switch|p2a: 味|Garganacl, F|100/100
|-enditem|p1a: Iron Hands|Booster Energy
|-activate|p1a: Iron Hands|ability: Quark Drive|[fromitem]
|-start|p1a: Iron Hands|quarkdriveatk
|turn|1
|
|t:|1758255607
|-terastallize|p2a: 味|Water
|move|p1a: Iron Hands|Drain Punch|p2a: 味
|-damage|p2a: 味|65/100
|move|p2a: 味|Stealth Rock|p1a: Iron Hands
|-sidestart|p1: Underquill|move: Stealth Rock
|
|-heal|p2a: 味|72/100|[from] item: Leftovers
|upkeep
|turn|2
|
|t:|1758255622
|switch|p2a: bing chilling 🥶|Kyurem, shiny|100/100
|-ability|p2a: bing chilling 🥶|Pressure
|move|p1a: Iron Hands|Supercell Slam|p2a: bing chilling 🥶
|-resisted|p2a: bing chilling 🥶
|-damage|p2a: bing chilling 🥶|65/100
|
|-heal|p2a: bing chilling 🥶|71/100|[from] item: Leftovers
|upkeep
|turn|3
|
|t:|1758255636
|switch|p2a: 空っぽ|Weezing-Galar, F|100/100
|-ability|p2a: 空っぽ|Neutralizing Gas
|move|p1a: Iron Hands|Drain Punch|p2a: 空っぽ
|-resisted|p2a: 空っぽ
|-damage|p2a: 空っぽ|93/100
|
|upkeep
|turn|4
|
|t:|1758255644
|move|p2a: 空っぽ|Will-O-Wisp|p1a: Iron Hands|[miss]
|-miss|p2a: 空っぽ|p1a: Iron Hands
|move|p1a: Iron Hands|Supercell Slam|p2a: 空っぽ
|-damage|p2a: 空っぽ|56/100
|
|upkeep
|turn|5
|
|t:|1758255650
|-end|p1a: Iron Hands|Quark Drive|[silent]
|switch|p1a: Entei|Entei|100/100
|-damage|p1a: Entei|76/100|[from] Stealth Rock
|move|p2a: 空っぽ|Will-O-Wisp|p1a: Entei
|-immune|p1a: Entei
|
|upkeep
|turn|6
|
|t:|1758255663
|-end|p2a: 空っぽ|ability: Neutralizing Gas
|switch|p2a: 味|Garganacl, F, tera:Water|72/100
|move|p1a: Entei|Extreme Speed|p2a: 味
|-damage|p2a: 味|48/100
|
|-heal|p2a: 味|54/100|[from] item: Leftovers
|upkeep
|turn|7
|
|t:|1758255673
|switch|p1a: Greedent|Greedent, M|100/100
|-damage|p1a: Greedent|88/100|[from] Stealth Rock
|move|p2a: 味|Protect||[still]
|-fail|p2a: 味
|
|-heal|p2a: 味|60/100|[from] item: Leftovers
|upkeep
|turn|8
|
|t:|1758255679
|move|p2a: 味|Salt Cure|p1a: Greedent
|-damage|p1a: Greedent|76/100
|-start|p1a: Greedent|Salt Cure
|move|p1a: Greedent|Stuff Cheeks|p1a: Greedent
|-boost|p1a: Greedent|def|2
|-enditem|p1a: Greedent|Starf Berry|[eat]
|-boost|p1a: Greedent|atk|2|[from] item: Starf Berry
|-heal|p1a: Greedent|100/100|[from] ability: Cheek Pouch
|
|-heal|p2a: 味|66/100|[from] item: Leftovers
|-damage|p1a: Greedent|88/100|[from] Salt Cure
|upkeep
|turn|9
|
|t:|1758255693
|move|p2a: 味|Protect|p2a: 味
|-singleturn|p2a: 味|Protect
|move|p1a: Greedent|Body Slam|p2a: 味
|-activate|p2a: 味|move: Protect
|
|-heal|p2a: 味|72/100|[from] item: Leftovers
|-damage|p1a: Greedent|76/100|[from] Salt Cure
|upkeep
|turn|10
|
|t:|1758255703
|move|p2a: 味|Recover|p2a: 味
|-heal|p2a: 味|100/100
|move|p1a: Greedent|Body Slam|p2a: 味
|-damage|p2a: 味|50/100
|
|-heal|p2a: 味|56/100|[from] item: Leftovers
|-damage|p1a: Greedent|63/100|[from] Salt Cure
|upkeep
|turn|11
|
|t:|1758255719
|move|p2a: 味|Recover|p2a: 味
|-heal|p2a: 味|100/100
|move|p1a: Greedent|Body Slam|p2a: 味
|-damage|p2a: 味|48/100
|
|-heal|p2a: 味|54/100|[from] item: Leftovers
|-damage|p1a: Greedent|51/100|[from] Salt Cure
|upkeep
|turn|12
|
|t:|1758255727
|switch|p1a: Gholdengo|Gholdengo|100/100
|-damage|p1a: Gholdengo|94/100|[from] Stealth Rock
|move|p2a: 味|Protect||[still]
|-fail|p2a: 味
|
|-heal|p2a: 味|60/100|[from] item: Leftovers
|upkeep
|turn|13
|
|t:|1758255736
|move|p1a: Gholdengo|Trick|p2a: 味
|-activate|p1a: Gholdengo|move: Trick|[of] p2a: 味
|-item|p2a: 味|Choice Scarf|[from] move: Trick
|-item|p1a: Gholdengo|Leftovers|[from] move: Trick
|move|p2a: 味|Salt Cure|p1a: Gholdengo
|-resisted|p1a: Gholdengo
|-damage|p1a: Gholdengo|86/100
|-start|p1a: Gholdengo|Salt Cure
|
|-heal|p1a: Gholdengo|92/100|[from] item: Leftovers
|-damage|p1a: Gholdengo|67/100|[from] Salt Cure
|upkeep
|turn|14
|
|t:|1758255751
|switch|p1a: Whimsicott|Whimsicott, F|100/100
|-damage|p1a: Whimsicott|88/100|[from] Stealth Rock
|switch|p2a: 勇者|Kingambit, F, shiny|100/100
|
|-heal|p1a: Whimsicott|94/100|[from] item: Leftovers
|upkeep
|turn|15
|
|t:|1758255761
|switch|p1a: Entei|Entei|76/100
|-damage|p1a: Entei|51/100|[from] Stealth Rock
|move|p2a: 勇者|Iron Head|p1a: Entei
|-resisted|p1a: Entei
|-damage|p1a: Entei|24/100
|
|upkeep
|turn|16
|-message|Underquill forfeited.
|
|win|lazywarlock
|raw|Underquill's rating: 1277 &rarr; <strong>1246</strong><br />(-31 for losing)
|raw|lazywarlock's rating: 1198 &rarr; <strong>1229</strong><br />(+31 for winning)
|l|☆Underquill
|player|p1|
|l|☆lazywarlock
|player|p2|
