|j|☆TheDeivi9
|j|☆i have no id
|t:|1758357584
|gametype|singles
|player|p1|TheDeivi9|266|1447
|player|p2|i have no id|cynthia-gen4|1520
|gen|9
|tier|[Gen 9] OU
|rated|
|rule|HP Percentage Mod: HP is shown in percentages
|rule|Endless Battle Clause: Forcing endless battles is banned
|rule|Species Clause: Limit one of each Pokémon
|rule|OHKO Clause: OHKO moves are banned
|rule|Evasion Items Clause: Evasion items are banned
|rule|Evasion Moves Clause: Evasion moves are banned
|rule|Evasion Abilities Clause: Evasion abilities are banned
|rule|Sleep Moves Clause: Sleep-inducing moves are banned
|clearpoke
|poke|p1|Gliscor, M|
|poke|p1|Politoed, F|
|poke|p1|Darkrai|
|poke|p1|Infernape, M|
|poke|p1|Forretress, F|
|poke|p1|Cresselia, F|
|poke|p2|Garganacl, F|
|poke|p2|Scizor, F|
|poke|p2|Hatterene, F|
|poke|p2|Moltres|
|poke|p2|Raging Bolt|
|poke|p2|Darkrai|
|teampreview
|
|t:|1758357613
|teamsize|p1|6
|teamsize|p2|6
|start
|switch|p1a: Darkrai|Darkrai|100/100
|switch|p2a: 报复社会|Garganacl, F|100/100
|turn|1
|inactive|Battle timer is ON: inactive players will automatically lose when time's up. (requested by TheDeivi9)
|
|t:|1758357617
|move|p1a: Darkrai|Focus Blast|p2a: 报复社会
|-supereffective|p2a: 报复社会
|-damage|p2a: 报复社会|27/100
|-unboost|p2a: 报复社会|spd|1
|move|p2a: 报复社会|Salt Cure|p1a: Darkrai
|-damage|p1a: Darkrai|82/100
|-start|p1a: Darkrai|Salt Cure
|
|-heal|p2a: 报复社会|33/100|[from] item: Leftovers
|-damage|p1a: Darkrai|70/100|[from] Salt Cure
|upkeep
|turn|2
|
|t:|1758357626
|move|p2a: 报复社会|Protect|p2a: 报复社会
|-singleturn|p2a: 报复社会|Protect
|move|p1a: Darkrai|Dark Pulse|p2a: 报复社会
|-activate|p2a: 报复社会|move: Protect
|
|-heal|p2a: 报复社会|39/100|[from] item: Leftovers
|-damage|p1a: Darkrai|57/100|[from] Salt Cure
|upkeep
|turn|3
|
|t:|1758357631
|switch|p2a: Hatterene|Hatterene, F|100/100
|move|p1a: Darkrai|Focus Blast|p2a: Hatterene
|-resisted|p2a: Hatterene
|-damage|p2a: Hatterene|94/100
|
|-damage|p1a: Darkrai|45/100|[from] Salt Cure
|upkeep
|turn|4
|
|t:|1758357642
|move|p1a: Darkrai|Sludge Bomb|p2a: Hatterene
|-supereffective|p2a: Hatterene
|-damage|p2a: Hatterene|41/100
|-status|p2a: Hatterene|psn
|move|p2a: Hatterene|Mystical Fire|p1a: Darkrai
|-damage|p1a: Darkrai|6/100
|-unboost|p1a: Darkrai|spa|1
|
|-damage|p2a: Hatterene|28/100 psn|[from] psn
|-damage|p1a: Darkrai|0 fnt|[from] Salt Cure
|faint|p1a: Darkrai
|upkeep
|
|t:|1758357649
|switch|p1a: Gliscor|Gliscor, M|100/100
|turn|5
|
|t:|1758357655
|switch|p2a: Darkrai|Darkrai|100/100
|move|p1a: Gliscor|Earthquake|p2a: Darkrai
|-damage|p2a: Darkrai|57/100
|
|-status|p1a: Gliscor|tox|[from] item: Toxic Orb
|upkeep
|turn|6
|
|t:|1758357663
|-terastallize|p2a: Darkrai|Dark
|move|p2a: Darkrai|Dark Pulse|p1a: Gliscor
|-damage|p1a: Gliscor|4/100 tox
|move|p1a: Gliscor|Toxic|p2a: Darkrai
|-status|p2a: Darkrai|tox
|
|-damage|p2a: Darkrai|51/100 tox|[from] psn
|-heal|p1a: Gliscor|16/100 tox|[from] ability: Poison Heal
|upkeep
|turn|7
|
|t:|1758357669
|move|p1a: Gliscor|Protect|p1a: Gliscor
|-singleturn|p1a: Gliscor|Protect
|move|p2a: Darkrai|Dark Pulse|p1a: Gliscor
|-activate|p1a: Gliscor|move: Protect
|
|-damage|p2a: Darkrai|39/100 tox|[from] psn
|-heal|p1a: Gliscor|29/100 tox|[from] ability: Poison Heal
|upkeep
|turn|8
|
|t:|1758357671
|switch|p1a: Forretress|Forretress, F, shiny|100/100
|move|p2a: Darkrai|Dark Pulse|p1a: Forretress
|-damage|p1a: Forretress|13/100
|
|-damage|p2a: Darkrai|21/100 tox|[from] psn
|upkeep
|turn|9
|
|t:|1758357676
|switch|p2a: Moltres|Moltres|100/100
|move|p1a: Forretress|Lunge|p2a: Moltres
|-resisted|p2a: Moltres
|-damage|p2a: Moltres|94/100
|-unboost|p2a: Moltres|atk|1
|-status|p1a: Forretress|brn|[from] ability: Flame Body|[of] p2a: Moltres
|
|-damage|p1a: Forretress|7/100 brn|[from] brn
|upkeep
|turn|10
|
|t:|1758357685
|move|p2a: Moltres|U-turn|p1a: Forretress
|-resisted|p1a: Forretress
|-damage|p1a: Forretress|3/100 brn
|
|t:|1758357688
|switch|p2a: 报复社会|Garganacl, F|39/100|[from] U-turn
|move|p1a: Forretress|Stone Edge|p2a: 报复社会|[miss]
|-miss|p1a: Forretress|p2a: 报复社会
|
|-heal|p2a: 报复社会|45/100|[from] item: Leftovers
|-damage|p1a: Forretress|0 fnt|[from] brn
|faint|p1a: Forretress
|upkeep
|
|t:|1758357694
|switch|p1a: Politoed|Politoed, F|100/100
|-weather|RainDance|[from] ability: Drizzle|[of] p1a: Politoed
|turn|11
|
|t:|1758357699
|move|p2a: 报复社会|Protect|p2a: 报复社会
|-singleturn|p2a: 报复社会|Protect
|move|p1a: Politoed|Surf|p2a: 报复社会
|-activate|p2a: 报复社会|move: Protect
|
|-weather|RainDance|[upkeep]
|-heal|p2a: 报复社会|51/100|[from] item: Leftovers
|upkeep
|turn|12
|
|t:|1758357706
|switch|p2a: Hatterene|Hatterene, F|28/100 psn
|move|p1a: Politoed|Surf|p2a: Hatterene
|-damage|p2a: Hatterene|0 fnt
|faint|p2a: Hatterene
|
|-weather|RainDance|[upkeep]
|upkeep
|
|t:|1758357710
|switch|p2a: Raging Bolt|Raging Bolt|100/100
|-enditem|p2a: Raging Bolt|Booster Energy
|-activate|p2a: Raging Bolt|ability: Protosynthesis|[fromitem]
|-start|p2a: Raging Bolt|protosynthesisspa
|turn|13
|
|t:|1758357712
|switch|p1a: Gliscor|Gliscor, M|29/100 tox
|move|p2a: Raging Bolt|Dragon Pulse|p1a: Gliscor
|-damage|p1a: Gliscor|0 fnt
|faint|p1a: Gliscor
|
|-weather|RainDance|[upkeep]
|upkeep
|
|t:|1758357715
|switch|p1a: Cresselia|Cresselia, F|100/100
|turn|14
|
|t:|1758357720
|-end|p2a: Raging Bolt|Protosynthesis|[silent]
|switch|p2a: Scizor|Scizor, F|100/100
|move|p1a: Cresselia|Calm Mind|p1a: Cresselia
|-boost|p1a: Cresselia|spa|1
|-boost|p1a: Cresselia|spd|1
|
|-weather|RainDance|[upkeep]
|upkeep
|turn|15
|
|t:|1758357725
|-terastallize|p1a: Cresselia|Electric
|move|p1a: Cresselia|Calm Mind|p1a: Cresselia
|-boost|p1a: Cresselia|spa|1
|-boost|p1a: Cresselia|spd|1
|move|p2a: Scizor|U-turn|p1a: Cresselia
|-damage|p1a: Cresselia|64/100
|
|t:|1758357733
|switch|p2a: 报复社会|Garganacl, F|51/100|[from] U-turn
|
|-weather|none
|-heal|p1a: Cresselia|71/100|[from] item: Leftovers
|-heal|p2a: 报复社会|58/100|[from] item: Leftovers
|upkeep
|turn|16
|
|t:|1758357736
|move|p1a: Cresselia|Thunderbolt|p2a: 报复社会
|-damage|p2a: 报复社会|17/100
|move|p2a: 报复社会|Salt Cure|p1a: Cresselia
|-damage|p1a: Cresselia|61/100
|-start|p1a: Cresselia|Salt Cure
|
|-heal|p1a: Cresselia|67/100|[from] item: Leftovers
|-heal|p2a: 报复社会|23/100|[from] item: Leftovers
|-damage|p1a: Cresselia|55/100|[from] Salt Cure
|upkeep
|turn|17
|
|t:|1758357746
|move|p1a: Cresselia|Psyshock|p2a: 报复社会
|-damage|p2a: 报复社会|0 fnt
|faint|p2a: 报复社会
|
|-heal|p1a: Cresselia|61/100|[from] item: Leftovers
|-damage|p1a: Cresselia|48/100|[from] Salt Cure
|upkeep
|
|t:|1758357755
|switch|p2a: Scizor|Scizor, F|100/100
|turn|18
|
|t:|1758357758
|move|p1a: Cresselia|Moonlight|p1a: Cresselia
|-heal|p1a: Cresselia|98/100
|move|p2a: Scizor|U-turn|p1a: Cresselia
|-damage|p1a: Cresselia|56/100
|
|t:|1758357766
|switch|p2a: Raging Bolt|Raging Bolt|100/100|[from] U-turn
|
|-heal|p1a: Cresselia|62/100|[from] item: Leftovers
|-damage|p1a: Cresselia|50/100|[from] Salt Cure
|upkeep
|turn|19
|
|t:|1758357775
|move|p2a: Raging Bolt|Dragon Pulse|p1a: Cresselia
|-damage|p1a: Cresselia|33/100
|move|p1a: Cresselia|Moonlight|p1a: Cresselia
|-heal|p1a: Cresselia|83/100
|
|-heal|p1a: Cresselia|89/100|[from] item: Leftovers
|-damage|p1a: Cresselia|76/100|[from] Salt Cure
|upkeep
|turn|20
|
|t:|1758357782
|move|p2a: Raging Bolt|Calm Mind|p2a: Raging Bolt
|-boost|p2a: Raging Bolt|spa|1
|-boost|p2a: Raging Bolt|spd|1
|move|p1a: Cresselia|Psyshock|p2a: Raging Bolt
|-damage|p2a: Raging Bolt|43/100
|
|-heal|p1a: Cresselia|82/100|[from] item: Leftovers
|-damage|p1a: Cresselia|70/100|[from] Salt Cure
|upkeep
|turn|21
|
|t:|1758357789
|move|p2a: Raging Bolt|Dragon Pulse|p1a: Cresselia
|-crit|p1a: Cresselia
|-damage|p1a: Cresselia|0 fnt
|faint|p1a: Cresselia
|
|upkeep
|
|t:|1758357801
|switch|p1a: Infernape|Infernape, M|100/100
|turn|22
|
|t:|1758357807
|move|p2a: Raging Bolt|Thunderclap|p1a: Infernape
|-damage|p1a: Infernape|4/100
|move|p1a: Infernape|Close Combat|p2a: Raging Bolt
|-damage|p2a: Raging Bolt|0 fnt
|-unboost|p1a: Infernape|def|1
|-unboost|p1a: Infernape|spd|1
|faint|p2a: Raging Bolt
|-end|p2a: Raging Bolt|Protosynthesis|[silent]
|-damage|p1a: Infernape|0 fnt|[from] item: Life Orb
|faint|p1a: Infernape
|
|upkeep
|
|t:|1758357814
|switch|p1a: Politoed|Politoed, F|100/100
|switch|p2a: Darkrai|Darkrai, tera:Dark|21/100 tox
|-weather|RainDance|[from] ability: Drizzle|[of] p1a: Politoed
|turn|23
|
|t:|1758357819
|move|p2a: Darkrai|Dark Pulse|p1a: Politoed
|-damage|p1a: Politoed|16/100
|move|p1a: Politoed|Surf|p2a: Darkrai
|-crit|p2a: Darkrai
|-damage|p2a: Darkrai|0 fnt
|faint|p2a: Darkrai
|
|-weather|RainDance|[upkeep]
|upkeep
|
|t:|1758357824
|switch|p2a: Scizor|Scizor, F|100/100
|turn|24
|
|t:|1758357826
|move|p2a: Scizor|Bullet Punch|p1a: Politoed
|-resisted|p1a: Politoed
|-damage|p1a: Politoed|0 fnt
|faint|p1a: Politoed
|
|win|i have no id
|raw|TheDeivi9's rating: 1447 &rarr; <strong>1431</strong><br />(-16 for losing)
|raw|i have no id's rating: 1520 &rarr; <strong>1536</strong><br />(+16 for winning)
|l|☆TheDeivi9
|player|p1|
|l|☆i have no id
|player|p2|
