|j|☆GFYSYDAR
|j|☆gleeblepl
|t:|1758265480
|gametype|singles
|player|p1|GFYSYDAR|scientist-gen4dp|1150
|player|p2|gleeblepl|veteran|1156
|gen|9
|tier|[Gen 9] OU
|rated|
|rule|HP Percentage Mod: HP is shown in percentages
|rule|Endless Battle Clause: Forcing endless battles is banned
|rule|Species Clause: Limit one of each Pokémon
|rule|OHKO Clause: OHKO moves are banned
|rule|Evasion Items Clause: Evasion items are banned
|rule|Evasion Moves Clause: Evasion moves are banned
|rule|Evasion Abilities Clause: Evasion abilities are banned
|rule|Sleep Moves Clause: Sleep-inducing moves are banned
|clearpoke
|poke|p1|Electrode-Hisui|
|poke|p1|Gallade, M|
|poke|p1|Slowking-Galar, F|
|poke|p1|Alomomola, F|
|poke|p1|Great Tusk|
|poke|p1|Landorus-Therian, M|
|poke|p2|Samurott-Hisui, F|
|poke|p2|Dragonite, F|
|poke|p2|Dragapult, M|
|poke|p2|Great Tusk|
|poke|p2|Blaziken, F|
|poke|p2|Serperior, F|
|teampreview
|
|t:|1758265495
|teamsize|p1|6
|teamsize|p2|6
|start
|switch|p1a: Gallade|Gallade, M, shiny|100/100
|switch|p2a: Samurott|Samurott-Hisui, F|100/100
|turn|1
|inactive|Battle timer is ON: inactive players will automatically lose when time's up. (requested by GFYSYDAR)
|
|t:|1758265502
|move|p2a: Samurott|Ceaseless Edge|p1a: Gallade
|-damage|p1a: Gallade|25/100
|-sidestart|p1: GFYSYDAR|Spikes
|move|p1a: Gallade|Sacred Sword|p2a: Samurott
|-supereffective|p2a: Samurott
|-enditem|p2a: Samurott|Focus Sash
|-damage|p2a: Samurott|1/100
|
|upkeep
|turn|2
|
|t:|1758265511
|switch|p1a: Great Tusk|Great Tusk|100/100
|move|p2a: Samurott|Aqua Jet|p1a: Great Tusk
|-supereffective|p1a: Great Tusk
|-damage|p1a: Great Tusk|75/100
|
|upkeep
|turn|3
|
|t:|1758265523
|switch|p2a: Serperior|Serperior, F|100/100
|move|p1a: Great Tusk|Rapid Spin|p2a: Serperior
|-damage|p2a: Serperior|78/100
|-boost|p1a: Great Tusk|spe|1
|-sideend|p1: GFYSYDAR|Spikes|[from] move: Rapid Spin|[of] p1a: Great Tusk
|
|-heal|p2a: Serperior|84/100|[from] item: Leftovers
|upkeep
|turn|4
|
|t:|1758265533
|-end|p1a: Great Tusk|Protosynthesis|[silent]
|switch|p1a: Slowking|Slowking-Galar, F|100/100
|move|p2a: Serperior|Glare|p1a: Slowking
|-status|p1a: Slowking|par
|
|-heal|p2a: Serperior|91/100|[from] item: Leftovers
|upkeep
|turn|5
|
|t:|1758265543
|move|p2a: Serperior|Substitute|p2a: Serperior
|-start|p2a: Serperior|Substitute
|-damage|p2a: Serperior|66/100
|move|p1a: Slowking|Sludge Bomb|p2a: Serperior
|-supereffective|p2a: Serperior
|-end|p2a: Serperior|Substitute
|
|-heal|p2a: Serperior|72/100|[from] item: Leftovers
|upkeep
|turn|6
|
|t:|1758265551
|move|p2a: Serperior|Substitute|p2a: Serperior
|-start|p2a: Serperior|Substitute
|-damage|p2a: Serperior|47/100
|cant|p1a: Slowking|par
|
|-heal|p2a: Serperior|53/100|[from] item: Leftovers
|upkeep
|turn|7
|
|t:|1758265564
|move|p2a: Serperior|Leaf Storm|p1a: Slowking
|-resisted|p1a: Slowking
|-damage|p1a: Slowking|86/100 par
|-boost|p2a: Serperior|spa|2
|cant|p1a: Slowking|par
|
|-heal|p2a: Serperior|60/100|[from] item: Leftovers
|upkeep
|turn|8
|
|t:|1758265575
|move|p2a: Serperior|Dragon Pulse|p1a: Slowking
|-damage|p1a: Slowking|61/100 par
|move|p1a: Slowking|Sludge Bomb|p2a: Serperior
|-supereffective|p2a: Serperior
|-end|p2a: Serperior|Substitute
|
|-heal|p2a: Serperior|66/100|[from] item: Leftovers
|upkeep
|turn|9
|
|t:|1758265585
|move|p2a: Serperior|Substitute|p2a: Serperior
|-start|p2a: Serperior|Substitute
|-damage|p2a: Serperior|41/100
|cant|p1a: Slowking|par
|
|-heal|p2a: Serperior|47/100|[from] item: Leftovers
|upkeep
|turn|10
|
|t:|1758265592
|move|p2a: Serperior|Leaf Storm|p1a: Slowking
|-resisted|p1a: Slowking
|-damage|p1a: Slowking|32/100 par
|-boost|p2a: Serperior|spa|2
|move|p1a: Slowking|Sludge Bomb|p2a: Serperior
|-supereffective|p2a: Serperior
|-end|p2a: Serperior|Substitute
|
|-heal|p2a: Serperior|53/100|[from] item: Leftovers
|upkeep
|turn|11
|
|t:|1758265602
|move|p2a: Serperior|Leaf Storm|p1a: Slowking
|-resisted|p1a: Slowking
|-damage|p1a: Slowking|0 fnt
|-boost|p2a: Serperior|spa|2
|faint|p1a: Slowking
|
|-heal|p2a: Serperior|60/100|[from] item: Leftovers
|upkeep
|c|☆GFYSYDAR|Dunce
|
|t:|1758265613
|switch|p1a: Electrode|Electrode-Hisui, shiny|100/100
|turn|12
|
|t:|1758265631
|-terastallize|p1a: Electrode|Ice
|move|p1a: Electrode|Tera Blast|p2a: Serperior|[anim] Tera Blast Ice
|-supereffective|p2a: Serperior
|-damage|p2a: Serperior|0 fnt
|faint|p2a: Serperior
|
|upkeep
|
|t:|1758265644
|switch|p2a: Blaziken|Blaziken, F|100/100
|turn|13
|
|t:|1758265649
|switch|p1a: Landorus|Landorus-Therian, M|100/100
|-ability|p1a: Landorus|Intimidate|boost
|-unboost|p2a: Blaziken|atk|1
|move|p2a: Blaziken|Protect||[still]
|-fail|p2a: Blaziken
|
|-ability|p2a: Blaziken|Speed Boost|boost
|-boost|p2a: Blaziken|spe|1
|upkeep
|turn|14
|
|t:|1758265663
|switch|p2a: Dragonite|Dragonite, F|100/100
|move|p1a: Landorus|Earthquake|p2a: Dragonite
|-immune|p2a: Dragonite
|
|upkeep
|turn|15
|
|t:|1758265670
|move|p2a: Dragonite|Dragon Dance|p2a: Dragonite
|-boost|p2a: Dragonite|atk|1
|-boost|p2a: Dragonite|spe|1
|move|p1a: Landorus|U-turn|p2a: Dragonite
|-resisted|p2a: Dragonite
|-damage|p2a: Dragonite|94/100
|
|t:|1758265677
|switch|p1a: Electrode|Electrode-Hisui, shiny, tera:Ice|100/100|[from] U-turn
|
|upkeep
|turn|16
|
|t:|1758265682
|-terastallize|p2a: Dragonite|Normal
|move|p2a: Dragonite|Extreme Speed|p1a: Electrode
|-damage|p1a: Electrode|0 fnt
|-damage|p2a: Dragonite|69/100|[from] ability: Aftermath|[of] p1a: Electrode
|faint|p1a: Electrode
|
|upkeep
|
|t:|1758265691
|switch|p1a: Landorus|Landorus-Therian, M|100/100
|-ability|p1a: Landorus|Intimidate|boost
|-unboost|p2a: Dragonite|atk|1
|turn|17
|
|t:|1758265697
|move|p2a: Dragonite|Ice Spinner|p1a: Landorus
|-supereffective|p1a: Landorus
|-damage|p1a: Landorus|12/100
|-damage|p2a: Dragonite|53/100|[from] item: Rocky Helmet|[of] p1a: Landorus
|move|p1a: Landorus|Taunt|p2a: Dragonite
|-start|p2a: Dragonite|move: Taunt
|
|upkeep
|turn|18
|
|t:|1758265705
|switch|p1a: Alomomola|Alomomola, F, shiny|100/100
|move|p2a: Dragonite|Extreme Speed|p1a: Alomomola
|-damage|p1a: Alomomola|76/100
|
|upkeep
|turn|19
|
|t:|1758265719
|switch|p2a: Blaziken|Blaziken, F|100/100
|move|p1a: Alomomola|Scald|p2a: Blaziken
|-supereffective|p2a: Blaziken
|-damage|p2a: Blaziken|59/100
|
|upkeep
|turn|20
|
|t:|1758265726
|move|p2a: Blaziken|Protect|p2a: Blaziken
|-singleturn|p2a: Blaziken|Protect
|move|p1a: Alomomola|Wish|p1a: Alomomola
|
|-ability|p2a: Blaziken|Speed Boost|boost
|-boost|p2a: Blaziken|spe|1
|upkeep
|turn|21
|
|t:|1758265733
|move|p2a: Blaziken|Swords Dance|p2a: Blaziken
|-boost|p2a: Blaziken|atk|2
|move|p1a: Alomomola|Flip Turn|p2a: Blaziken
|-supereffective|p2a: Blaziken
|-damage|p2a: Blaziken|9/100
|
|t:|1758265740
|switch|p1a: Landorus|Landorus-Therian, M|12/100|[from] Flip Turn
|-ability|p1a: Landorus|Intimidate|boost
|-unboost|p2a: Blaziken|atk|1
|
|-heal|p1a: Landorus|84/100|[from] move: Wish|[wisher] Alomomola
|-ability|p2a: Blaziken|Speed Boost|boost
|-boost|p2a: Blaziken|spe|1
|upkeep
|turn|22
|
|t:|1758265751
|switch|p1a: Alomomola|Alomomola, F, shiny|100/100
|move|p2a: Blaziken|Flare Blitz|p1a: Alomomola
|-resisted|p1a: Alomomola
|-damage|p1a: Alomomola|65/100
|-damage|p2a: Blaziken|0 fnt|[from] Recoil
|faint|p2a: Blaziken
|
|upkeep
|
|t:|1758265763
|switch|p2a: Samurott|Samurott-Hisui, F|1/100
|turn|23
|
|t:|1758265771
|switch|p1a: Great Tusk|Great Tusk|75/100
|move|p2a: Samurott|Ceaseless Edge|p1a: Great Tusk|[miss]
|-miss|p2a: Samurott|p1a: Great Tusk
|
|upkeep
|turn|24
|
|t:|1758265781
|move|p2a: Samurott|Aqua Jet|p1a: Great Tusk
|-supereffective|p1a: Great Tusk
|-damage|p1a: Great Tusk|46/100
|move|p1a: Great Tusk|Rapid Spin|p2a: Samurott
|-damage|p2a: Samurott|0 fnt
|-boost|p1a: Great Tusk|spe|1
|faint|p2a: Samurott
|
|upkeep
|
|t:|1758265792
|switch|p2a: Dragapult|Dragapult, M|100/100
|turn|25
|
|t:|1758265796
|move|p1a: Great Tusk|Headlong Rush|p2a: Dragapult
|-damage|p2a: Dragapult|12/100
|-unboost|p1a: Great Tusk|def|1
|-unboost|p1a: Great Tusk|spd|1
|move|p2a: Dragapult|Shadow Ball|p1a: Great Tusk
|-damage|p1a: Great Tusk|0 fnt
|faint|p1a: Great Tusk
|-end|p1a: Great Tusk|Protosynthesis|[silent]
|
|upkeep
|
|t:|1758265806
|switch|p1a: Alomomola|Alomomola, F, shiny|98/100
|turn|26
|
|t:|1758265818
|move|p2a: Dragapult|Shadow Ball|p1a: Alomomola
|-damage|p1a: Alomomola|29/100
|move|p1a: Alomomola|Flip Turn|p2a: Dragapult
|-resisted|p2a: Dragapult
|-damage|p2a: Dragapult|0 fnt
|faint|p2a: Dragapult
|
|t:|1758265831
|switch|p1a: Gallade|Gallade, M, shiny|25/100|[from] Flip Turn
|
|upkeep
|
|t:|1758265835
|switch|p2a: Dragonite|Dragonite, F, tera:Normal|53/100
|turn|27
|
|t:|1758265839
|switch|p1a: Landorus|Landorus-Therian, M|84/100
|-ability|p1a: Landorus|Intimidate|boost
|-unboost|p2a: Dragonite|atk|1
|move|p2a: Dragonite|Extreme Speed|p1a: Landorus
|-damage|p1a: Landorus|64/100
|-damage|p2a: Dragonite|36/100|[from] item: Rocky Helmet|[of] p1a: Landorus
|
|upkeep
|turn|28
|
|t:|1758265850
|move|p2a: Dragonite|Ice Spinner|p1a: Landorus
|-supereffective|p1a: Landorus
|-damage|p1a: Landorus|1/100
|-damage|p2a: Dragonite|20/100|[from] item: Rocky Helmet|[of] p1a: Landorus
|move|p1a: Landorus|Earthquake|p2a: Dragonite
|-damage|p2a: Dragonite|0 fnt
|faint|p2a: Dragonite
|
|upkeep
|
|t:|1758265858
|switch|p2a: Great Tusk|Great Tusk|100/100
|turn|29
|
|t:|1758265862
|switch|p1a: Alomomola|Alomomola, F, shiny|62/100
|move|p2a: Great Tusk|Rapid Spin|p1a: Alomomola
|-damage|p1a: Alomomola|53/100
|-boost|p2a: Great Tusk|spe|1
|
|upkeep
|turn|30
|c|☆GFYSYDAR|Dunce
|
|t:|1758265878
|switch|p1a: Landorus|Landorus-Therian, M|1/100
|-ability|p1a: Landorus|Intimidate|boost
|-unboost|p2a: Great Tusk|atk|1
|move|p2a: Great Tusk|Headlong Rush|p1a: Landorus
|-immune|p1a: Landorus
|
|upkeep
|turn|31
|
|t:|1758265886
|switch|p1a: Alomomola|Alomomola, F, shiny|87/100
|move|p2a: Great Tusk|Rapid Spin|p1a: Alomomola
|-damage|p1a: Alomomola|80/100
|-boost|p2a: Great Tusk|spe|1
|
|upkeep
|turn|32
|
|t:|1758265893
|move|p2a: Great Tusk|Close Combat|p1a: Alomomola
|-damage|p1a: Alomomola|59/100
|-unboost|p2a: Great Tusk|def|1
|-unboost|p2a: Great Tusk|spd|1
|move|p1a: Alomomola|Wish|p1a: Alomomola
|
|upkeep
|turn|33
|-message|gleeblepl forfeited.
|
|win|GFYSYDAR
|raw|GFYSYDAR's rating: 1150 &rarr; <strong>1175</strong><br />(+25 for winning)
|raw|gleeblepl's rating: 1156 &rarr; <strong>1131</strong><br />(-25 for losing)
|l|☆gleeblepl
|player|p2|
|l|☆GFYSYDAR
|player|p1|
