|j|☆Dlturner1911
|j|☆hifbi66
|t:|1758344627
|gametype|singles
|player|p1|Dlturner1911|ltsurge|1438
|player|p2|hifbi66|cyclist|1473
|gen|9
|tier|[Gen 9] OU
|rated|
|rule|HP Percentage Mod: HP is shown in percentages
|rule|Endless Battle Clause: Forcing endless battles is banned
|rule|Species Clause: Limit one of each Pokémon
|rule|OHKO Clause: OHKO moves are banned
|rule|Evasion Items Clause: Evasion items are banned
|rule|Evasion Moves Clause: Evasion moves are banned
|rule|Evasion Abilities Clause: Evasion abilities are banned
|rule|Sleep Moves Clause: Sleep-inducing moves are banned
|clearpoke
|poke|p1|Serperior, M|
|poke|p1|Iron Moth|
|poke|p1|Dragonite, M|
|poke|p1|Walking Wake|
|poke|p1|Ting-Lu|
|poke|p1|Zamazenta-*|
|poke|p2|Arcanine-Hisui, M|
|poke|p2|Rillaboom, F|
|poke|p2|Kingambit, F|
|poke|p2|Great Tusk|
|poke|p2|Zapdos|
|poke|p2|Iron Boulder|
|teampreview
|inactive|Battle timer is ON: inactive players will automatically lose when time's up. (requested by hifbi66)
|inactive|hifbi66 has 120 seconds left.
|inactive|hifbi66 has 90 seconds left.
|
|t:|1758344710
|teamsize|p1|6
|teamsize|p2|6
|start
|switch|p1a: Ting-Lu|Ting-Lu|100/100
|switch|p2a: Anti-Zama|Zapdos|100/100
|-ability|p1a: Ting-Lu|Vessel of Ruin
|turn|1
|
|t:|1758344719
|switch|p2a: Rillaboom|Rillaboom, F|100/100
|-fieldstart|move: Grassy Terrain|[from] ability: Grassy Surge|[of] p2a: Rillaboom
|move|p1a: Ting-Lu|Stealth Rock|p2a: Rillaboom
|-sidestart|p2: hifbi66|move: Stealth Rock
|
|upkeep
|turn|2
|
|t:|1758344746
|move|p2a: Rillaboom|U-turn|p1a: Ting-Lu
|-supereffective|p1a: Ting-Lu
|-damage|p1a: Ting-Lu|59/100
|
|t:|1758344751
|switch|p2a: Boom BOom POWW|Arcanine-Hisui, M|100/100|[from] U-turn
|-damage|p2a: Boom BOom POWW|76/100|[from] Stealth Rock
|move|p1a: Ting-Lu|Ruination|p2a: Boom BOom POWW
|-damage|p2a: Boom BOom POWW|38/100
|-damage|p1a: Ting-Lu|49/100|[from] item: Life Orb
|
|-heal|p2a: Boom BOom POWW|44/100|[from] Grassy Terrain
|-heal|p1a: Ting-Lu|55/100|[from] Grassy Terrain
|upkeep
|turn|3
|
|t:|1758344762
|move|p2a: Boom BOom POWW|Close Combat|p1a: Ting-Lu
|-supereffective|p1a: Ting-Lu
|-damage|p1a: Ting-Lu|1/100
|-unboost|p2a: Boom BOom POWW|def|1
|-unboost|p2a: Boom BOom POWW|spd|1
|move|p1a: Ting-Lu|Earthquake|p2a: Boom BOom POWW
|-supereffective|p2a: Boom BOom POWW
|-damage|p2a: Boom BOom POWW|0 fnt
|faint|p2a: Boom BOom POWW
|-damage|p1a: Ting-Lu|0 fnt|[from] item: Life Orb
|faint|p1a: Ting-Lu
|
|upkeep
|
|t:|1758344774
|switch|p2a: Anti-Zama|Zapdos|100/100
|switch|p1a: Walking Wake|Walking Wake|100/100
|-enditem|p1a: Walking Wake|Booster Energy
|-activate|p1a: Walking Wake|ability: Protosynthesis|[fromitem]
|-start|p1a: Walking Wake|protosynthesisspa
|turn|4
|
|t:|1758344787
|-terastallize|p1a: Walking Wake|Steel
|-terastallize|p2a: Anti-Zama|Fairy
|move|p1a: Walking Wake|Flamethrower|p2a: Anti-Zama
|-damage|p2a: Anti-Zama|63/100
|move|p2a: Anti-Zama|Thunder Wave|p1a: Walking Wake
|-status|p1a: Walking Wake|par
|
|-heal|p2a: Anti-Zama|69/100|[from] Grassy Terrain
|upkeep
|turn|5
|
|t:|1758344807
|move|p2a: Anti-Zama|Volt Switch|p1a: Walking Wake
|-damage|p1a: Walking Wake|66/100 par
|inactive|hifbi66 has 120 seconds left.
|
|t:|1758344820
|switch|p2a: Justin Long|Great Tusk|100/100|[from] Volt Switch
|move|p1a: Walking Wake|Tera Blast|p2a: Justin Long|[anim] Tera Blast Steel
|-damage|p2a: Justin Long|37/100
|
|-heal|p2a: Justin Long|44/100|[from] Grassy Terrain
|-heal|p1a: Walking Wake|72/100 par|[from] Grassy Terrain
|-fieldend|move: Grassy Terrain
|upkeep
|turn|6
|
|t:|1758344829
|move|p2a: Justin Long|Headlong Rush|p1a: Walking Wake
|-supereffective|p1a: Walking Wake
|-damage|p1a: Walking Wake|0 fnt
|-unboost|p2a: Justin Long|def|1
|-unboost|p2a: Justin Long|spd|1
|faint|p1a: Walking Wake
|-end|p1a: Walking Wake|Protosynthesis|[silent]
|
|upkeep
|
|t:|1758344838
|switch|p1a: Serperior|Serperior, M|100/100
|turn|7
|
|t:|1758344843
|move|p1a: Serperior|Leaf Storm|p2a: Justin Long|[miss]
|-miss|p1a: Serperior|p2a: Justin Long
|move|p2a: Justin Long|Ice Spinner|p1a: Serperior
|-supereffective|p1a: Serperior
|-damage|p1a: Serperior|46/100
|
|upkeep
|turn|8
|
|t:|1758344848
|move|p1a: Serperior|Leaf Storm|p2a: Justin Long
|-supereffective|p2a: Justin Long
|-damage|p2a: Justin Long|0 fnt
|-boost|p1a: Serperior|spa|2
|faint|p2a: Justin Long
|-end|p2a: Justin Long|Protosynthesis|[silent]
|
|upkeep
|
|t:|1758344852
|switch|p2a: Kingambit|Kingambit, F|100/100
|-damage|p2a: Kingambit|95/100|[from] Stealth Rock
|-activate|p2a: Kingambit|ability: Supreme Overlord
|-start|p2a: Kingambit|fallen2|[silent]
|turn|9
|
|t:|1758344859
|switch|p1a: Iron Moth|Iron Moth|100/100
|-enditem|p1a: Iron Moth|Booster Energy
|-activate|p1a: Iron Moth|ability: Quark Drive|[fromitem]
|-start|p1a: Iron Moth|quarkdrivespa
|move|p2a: Kingambit|Kowtow Cleave|p1a: Iron Moth
|-damage|p1a: Iron Moth|2/100
|
|-heal|p2a: Kingambit|100/100|[from] item: Leftovers
|upkeep
|turn|10
|
|t:|1758344868
|move|p2a: Kingambit|Sucker Punch|p1a: Iron Moth
|-damage|p1a: Iron Moth|0 fnt
|faint|p1a: Iron Moth
|-end|p1a: Iron Moth|Quark Drive|[silent]
|
|upkeep
|
|t:|1758344872
|switch|p1a: Zamazenta|Zamazenta|100/100
|-ability|p1a: Zamazenta|Dauntless Shield|boost
|-boost|p1a: Zamazenta|def|1
|turn|11
|
|t:|1758344874
|-end|p2a: Kingambit|fallen2|[silent]
|switch|p2a: Anti-Zama|Zapdos, tera:Fairy|69/100
|move|p1a: Zamazenta|Close Combat|p2a: Anti-Zama
|-resisted|p2a: Anti-Zama
|-damage|p2a: Anti-Zama|43/100
|-unboost|p1a: Zamazenta|def|1
|-unboost|p1a: Zamazenta|spd|1
|-damage|p1a: Zamazenta|91/100|[from] item: Life Orb
|
|upkeep
|turn|12
|
|t:|1758344881
|move|p1a: Zamazenta|Iron Head|p2a: Anti-Zama
|-supereffective|p2a: Anti-Zama
|-damage|p2a: Anti-Zama|0 fnt
|-status|p1a: Zamazenta|par|[from] ability: Static|[of] p2a: Anti-Zama
|faint|p2a: Anti-Zama
|-damage|p1a: Zamazenta|81/100 par|[from] item: Life Orb
|
|upkeep
|
|t:|1758344895
|switch|p2a: Rillaboom|Rillaboom, F|100/100
|-damage|p2a: Rillaboom|88/100|[from] Stealth Rock
|-fieldstart|move: Grassy Terrain|[from] ability: Grassy Surge|[of] p2a: Rillaboom
|turn|13
|
|t:|1758344910
|move|p2a: Rillaboom|U-turn|p1a: Zamazenta
|-resisted|p1a: Zamazenta
|-damage|p1a: Zamazenta|63/100 par
|
|t:|1758344913
|switch|p2a: Iron Boulder|Iron Boulder|100/100|[from] U-turn
|-damage|p2a: Iron Boulder|88/100|[from] Stealth Rock
|-enditem|p2a: Iron Boulder|Booster Energy
|-activate|p2a: Iron Boulder|ability: Quark Drive|[fromitem]
|-start|p2a: Iron Boulder|quarkdrivespe
|cant|p1a: Zamazenta|par
|
|-heal|p2a: Iron Boulder|94/100|[from] Grassy Terrain
|-heal|p1a: Zamazenta|69/100 par|[from] Grassy Terrain
|upkeep
|turn|14
|
|t:|1758344921
|move|p2a: Iron Boulder|Zen Headbutt|p1a: Zamazenta
|-supereffective|p1a: Zamazenta
|-damage|p1a: Zamazenta|0 fnt
|faint|p1a: Zamazenta
|
|-heal|p2a: Iron Boulder|100/100|[from] Grassy Terrain
|upkeep
|
|t:|1758344925
|switch|p1a: Serperior|Serperior, M|46/100
|turn|15
|
|t:|1758344930
|move|p2a: Iron Boulder|Mighty Cleave|p1a: Serperior
|-damage|p1a: Serperior|0 fnt
|faint|p1a: Serperior
|
|upkeep
|
|t:|1758344935
|switch|p1a: Dragonite|Dragonite, M|100/100
|turn|16
|
|t:|1758344938
|move|p2a: Iron Boulder|Mighty Cleave|p1a: Dragonite
|-supereffective|p1a: Dragonite
|-damage|p1a: Dragonite|49/100
|move|p1a: Dragonite|Dragon Dance|p1a: Dragonite
|-boost|p1a: Dragonite|atk|1
|-boost|p1a: Dragonite|spe|1
|
|upkeep
|turn|17
|
|t:|1758344944
|move|p2a: Iron Boulder|Mighty Cleave|p1a: Dragonite
|-supereffective|p1a: Dragonite
|-damage|p1a: Dragonite|0 fnt
|faint|p1a: Dragonite
|
|win|hifbi66
|raw|Dlturner1911's rating: 1438 &rarr; <strong>1420</strong><br />(-18 for losing)
|raw|hifbi66's rating: 1473 &rarr; <strong>1491</strong><br />(+18 for winning)
|l|☆Dlturner1911
|player|p1|
|l|☆hifbi66
|player|p2|
