|j|☆fadingstrawberry
|j|☆Bigg♥Chunggus♥
|t:|1758238096
|gametype|singles
|player|p1|fadingstrawberry|swimmerf-gen4|1418
|player|p2|Bigg♥Chunggus♥|1|1429
|gen|9
|tier|[Gen 9] OU
|rated|
|rule|HP Percentage Mod: HP is shown in percentages
|rule|Endless Battle Clause: Forcing endless battles is banned
|rule|Species Clause: Limit one of each Pokémon
|rule|OHKO Clause: OHKO moves are banned
|rule|Evasion Items Clause: Evasion items are banned
|rule|Evasion Moves Clause: Evasion moves are banned
|rule|Evasion Abilities Clause: Evasion abilities are banned
|rule|Sleep Moves Clause: Sleep-inducing moves are banned
|clearpoke
|poke|p1|Mimikyu, F|
|poke|p1|Ursaluna, F|
|poke|p1|Indeedee, M|
|poke|p1|Hatterene, F|
|poke|p1|Scizor, F|
|poke|p1|Bronzong|
|poke|p2|Pelipper, F|
|poke|p2|Hatterene, F|
|poke|p2|Iron Treads|
|poke|p2|Toxicroak, F|
|poke|p2|Barraskewda, F|
|poke|p2|Zapdos|
|teampreview
|inactive|Battle timer is ON: inactive players will automatically lose when time's up. (requested by Bigg♥Chunggus♥)
|inactive|fadingstrawberry has 120 seconds left.
|
|t:|1758238135
|teamsize|p1|6
|teamsize|p2|6
|start
|switch|p1a: Indeedee|Indeedee, M|100/100
|switch|p2a: Pelipper|Pelipper, F|100/100
|-fieldstart|move: Psychic Terrain|[from] ability: Psychic Surge|[of] p1a: Indeedee
|-weather|RainDance|[from] ability: Drizzle|[of] p2a: Pelipper
|turn|1
|
|t:|1758238149
|move|p1a: Indeedee|Expanding Force|p2a: Pelipper
|-damage|p2a: Pelipper|22/100
|move|p2a: Pelipper|U-turn|p1a: Indeedee
|-supereffective|p1a: Indeedee
|-damage|p1a: Indeedee|62/100
|
|t:|1758238152
|switch|p2a: Barraskewda|Barraskewda, F|100/100|[from] U-turn
|
|-weather|RainDance|[upkeep]
|upkeep
|turn|2
|inactive|fadingstrawberry has 120 seconds left.
|
|t:|1758238199
|switch|p1a: Mimikyu|Mimikyu, F|100/100
|move|p2a: Barraskewda|Liquidation|p1a: Mimikyu
|-activate|p1a: Mimikyu|ability: Disguise
|-damage|p1a: Mimikyu|100/100
|detailschange|p1a: Mimikyu|Mimikyu-Busted, F
|-damage|p1a: Mimikyu|88/100|[from] pokemon: Mimikyu-Busted
|-enditem|p1a: Mimikyu|Red Card|[of] p2a: Barraskewda
|drag|p2a: Toxicroak|Toxicroak, F|100/100
|
|-weather|RainDance|[upkeep]
|upkeep
|turn|3
|
|t:|1758238227
|switch|p1a: Bronzong|Bronzong|100/100
|switch|p2a: Hatterene|Hatterene, F|100/100
|
|-weather|RainDance|[upkeep]
|upkeep
|turn|4
|inactive|fadingstrawberry has 90 seconds left.
|c|☆fadingstrawberry|!dt magic bounce
|raw|<ul class="utilichart"><li class="result"><span class="col namecol"><a href="https://dex.pokemonshowdown.com/abilities/magicbounce">Magic Bounce</a></span> <span class="col abilitydesccol">This Pokemon blocks certain Status moves and bounces them back to the user.</span> </li><li style="clear:both"></li></ul>
|raw|<font size="1"><font color="#686868">Gen:</font> 5&nbsp;|&ThickSpace;&#10003; Ignored by Mold Breaker</font>

|
|t:|1758238269
|switch|p1a: Hatterene|Hatterene, F|100/100
|-enditem|p1a: Hatterene|Psychic Seed
|-boost|p1a: Hatterene|spd|1|[from] item: Psychic Seed
|move|p2a: Hatterene|Nuzzle|p1a: Hatterene
|-crit|p1a: Hatterene
|-damage|p1a: Hatterene|95/100
|-status|p1a: Hatterene|par
|
|-weather|RainDance|[upkeep]
|upkeep
|turn|5
|
|t:|1758238283
|switch|p2a: Iron Treads|Iron Treads|100/100
|move|p1a: Hatterene|Trick Room|p1a: Hatterene
|-fieldstart|move: Trick Room|[of] p1a: Hatterene
|
|-weather|RainDance|[upkeep]
|-fieldend|move: Psychic Terrain
|upkeep
|turn|6
|
|t:|1758238293
|move|p1a: Hatterene|Calm Mind|p1a: Hatterene
|-boost|p1a: Hatterene|spa|1
|-boost|p1a: Hatterene|spd|1
|move|p2a: Iron Treads|Earthquake|p1a: Hatterene
|-damage|p1a: Hatterene|67/100 par
|
|-weather|RainDance|[upkeep]
|upkeep
|turn|7
|
|t:|1758238305
|move|p1a: Hatterene|Draining Kiss|p2a: Iron Treads
|-resisted|p2a: Iron Treads
|-damage|p2a: Iron Treads|86/100
|-heal|p1a: Hatterene|80/100 par|[from] drain|[of] p2a: Iron Treads
|move|p2a: Iron Treads|Earthquake|p1a: Hatterene
|-damage|p1a: Hatterene|48/100 par
|
|-weather|RainDance|[upkeep]
|-heal|p2a: Iron Treads|92/100|[from] item: Leftovers
|upkeep
|turn|8
|
|t:|1758238309
|switch|p1a: Bronzong|Bronzong|100/100
|move|p2a: Iron Treads|Earthquake|p1a: Bronzong
|-immune|p1a: Bronzong|[from] ability: Levitate
|
|-weather|none
|-heal|p2a: Iron Treads|98/100|[from] item: Leftovers
|upkeep
|turn|9
|
|t:|1758238316
|move|p1a: Bronzong|Block|p2a: Iron Treads
|-activate|p2a: Iron Treads|trapped
|move|p2a: Iron Treads|Stealth Rock|p1a: Bronzong
|-sidestart|p1: fadingstrawberry|move: Stealth Rock
|
|-heal|p2a: Iron Treads|100/100|[from] item: Leftovers
|-fieldend|move: Trick Room
|upkeep
|turn|10
|
|t:|1758238330
|move|p2a: Iron Treads|Volt Switch|p1a: Bronzong
|-damage|p1a: Bronzong|93/100
|
|t:|1758238333
|-end|p2a: Iron Treads|Quark Drive|[silent]
|switch|p2a: Hatterene|Hatterene, F|100/100|[from] Volt Switch
|move|p1a: Bronzong|Confuse Ray|p2a: Hatterene
|move|p2a: Hatterene|Confuse Ray|p1a: Bronzong|[from] ability: Magic Bounce
|-start|p1a: Bronzong|confusion
|
|-heal|p1a: Bronzong|99/100|[from] item: Leftovers
|upkeep
|turn|11
|inactive|fadingstrawberry has 120 seconds left.
|
|t:|1758238353
|switch|p2a: Zapdos|Zapdos|100/100
|switch|p1a: Scizor|Scizor, F|100/100
|-damage|p1a: Scizor|88/100|[from] Stealth Rock
|
|upkeep
|turn|12
|
|t:|1758238361
|move|p2a: Zapdos|Volt Switch|p1a: Scizor
|-damage|p1a: Scizor|17/100
|
|t:|1758238368
|switch|p2a: Toxicroak|Toxicroak, F|100/100|[from] Volt Switch
|move|p1a: Scizor|Knock Off|p2a: Toxicroak
|-resisted|p2a: Toxicroak
|-damage|p2a: Toxicroak|75/100
|-damage|p1a: Scizor|0 fnt|[from] item: Rocky Helmet|[of] p2a: Toxicroak
|faint|p1a: Scizor
|
|upkeep
|
|t:|1758238377
|switch|p1a: Indeedee|Indeedee, M|62/100
|-damage|p1a: Indeedee|50/100|[from] Stealth Rock
|-fieldstart|move: Psychic Terrain|[from] ability: Psychic Surge|[of] p1a: Indeedee
|turn|13
|
|t:|1758238384
|move|p1a: Indeedee|Expanding Force|p2a: Toxicroak
|-supereffective|p2a: Toxicroak
|-damage|p2a: Toxicroak|0 fnt
|faint|p2a: Toxicroak
|
|upkeep
|
|t:|1758238388
|switch|p2a: Barraskewda|Barraskewda, F|100/100
|turn|14
|
|t:|1758238392
|move|p1a: Indeedee|Expanding Force|p2a: Barraskewda
|-damage|p2a: Barraskewda|0 fnt
|faint|p2a: Barraskewda
|
|upkeep
|
|t:|1758238399
|switch|p2a: Hatterene|Hatterene, F|100/100
|turn|15
|
|t:|1758238408
|move|p1a: Indeedee|Expanding Force|p2a: Hatterene
|-resisted|p2a: Hatterene
|-damage|p2a: Hatterene|60/100
|-enditem|p2a: Hatterene|Eject Button
|
|t:|1758238412
|switch|p2a: Pelipper|Pelipper, F|22/100
|-weather|RainDance|[from] ability: Drizzle|[of] p2a: Pelipper
|
|-weather|RainDance|[upkeep]
|upkeep
|turn|16
|
|t:|1758238418
|switch|p2a: Iron Treads|Iron Treads|100/100
|move|p1a: Indeedee|Expanding Force|p2a: Iron Treads
|-resisted|p2a: Iron Treads
|-damage|p2a: Iron Treads|67/100
|
|-weather|RainDance|[upkeep]
|-heal|p2a: Iron Treads|73/100|[from] item: Leftovers
|upkeep
|turn|17
|
|t:|1758238424
|switch|p1a: Bronzong|Bronzong|99/100
|-damage|p1a: Bronzong|93/100|[from] Stealth Rock
|move|p2a: Iron Treads|Volt Switch|p1a: Bronzong
|-damage|p1a: Bronzong|86/100
|
|t:|1758238426
|-end|p2a: Iron Treads|Quark Drive|[silent]
|switch|p2a: Zapdos|Zapdos|100/100|[from] Volt Switch
|
|-weather|RainDance|[upkeep]
|-heal|p1a: Bronzong|92/100|[from] item: Leftovers
|-fieldend|move: Psychic Terrain
|upkeep
|turn|18
|
|t:|1758238434
|move|p1a: Bronzong|Protect|p1a: Bronzong
|-singleturn|p1a: Bronzong|Protect
|move|p2a: Zapdos|Weather Ball|p1a: Bronzong
|-activate|p1a: Bronzong|move: Protect
|
|-weather|RainDance|[upkeep]
|-heal|p1a: Bronzong|98/100|[from] item: Leftovers
|upkeep
|turn|19
|
|t:|1758238444
|move|p2a: Zapdos|Weather Ball|p1a: Bronzong
|-damage|p1a: Bronzong|45/100
|move|p1a: Bronzong|Block|p2a: Zapdos
|-activate|p2a: Zapdos|trapped
|
|-weather|RainDance|[upkeep]
|-heal|p1a: Bronzong|51/100|[from] item: Leftovers
|upkeep
|turn|20
|
|t:|1758238448
|move|p1a: Bronzong|Protect|p1a: Bronzong
|-singleturn|p1a: Bronzong|Protect
|move|p2a: Zapdos|Weather Ball|p1a: Bronzong
|-activate|p1a: Bronzong|move: Protect
|
|-weather|RainDance|[upkeep]
|-heal|p1a: Bronzong|57/100|[from] item: Leftovers
|upkeep
|turn|21
|
|t:|1758238450
|move|p2a: Zapdos|Weather Ball|p1a: Bronzong
|-damage|p1a: Bronzong|5/100
|move|p1a: Bronzong|Confuse Ray|p2a: Zapdos
|-start|p2a: Zapdos|confusion
|
|-weather|RainDance|[upkeep]
|-heal|p1a: Bronzong|11/100|[from] item: Leftovers
|upkeep
|turn|22
|
|t:|1758238453
|move|p1a: Bronzong|Protect|p1a: Bronzong
|-singleturn|p1a: Bronzong|Protect
|-activate|p2a: Zapdos|confusion
|move|p2a: Zapdos|Weather Ball|p1a: Bronzong
|-activate|p1a: Bronzong|move: Protect
|
|-weather|none
|-heal|p1a: Bronzong|17/100|[from] item: Leftovers
|upkeep
|turn|23
|
|t:|1758238460
|move|p1a: Bronzong|Protect||[still]
|-fail|p1a: Bronzong
|-activate|p2a: Zapdos|confusion
|move|p2a: Zapdos|Weather Ball|p1a: Bronzong
|-resisted|p1a: Bronzong
|-damage|p1a: Bronzong|9/100
|
|-heal|p1a: Bronzong|15/100|[from] item: Leftovers
|upkeep
|turn|24
|
|t:|1758238465
|move|p1a: Bronzong|Protect|p1a: Bronzong
|-singleturn|p1a: Bronzong|Protect
|-activate|p2a: Zapdos|confusion
|move|p2a: Zapdos|Weather Ball|p1a: Bronzong
|-activate|p1a: Bronzong|move: Protect
|
|-heal|p1a: Bronzong|21/100|[from] item: Leftovers
|upkeep
|turn|25
|
|t:|1758238470
|move|p1a: Bronzong|Protect||[still]
|-fail|p1a: Bronzong
|-end|p2a: Zapdos|confusion
|move|p2a: Zapdos|Weather Ball|p1a: Bronzong
|-resisted|p1a: Bronzong
|-damage|p1a: Bronzong|13/100
|
|-heal|p1a: Bronzong|19/100|[from] item: Leftovers
|upkeep
|turn|26
|
|t:|1758238477
|move|p1a: Bronzong|Protect|p1a: Bronzong
|-singleturn|p1a: Bronzong|Protect
|move|p2a: Zapdos|Weather Ball|p1a: Bronzong
|-activate|p1a: Bronzong|move: Protect
|
|-heal|p1a: Bronzong|25/100|[from] item: Leftovers
|upkeep
|turn|27
|-message|Bigg♥Chunggus♥ forfeited.
|
|win|fadingstrawberry
|raw|fadingstrawberry's rating: 1418 &rarr; <strong>1439</strong><br />(+21 for winning)
|raw|Bigg♥Chunggus♥'s rating: 1429 &rarr; <strong>1408</strong><br />(-21 for losing)
|l|☆Bigg♥Chunggus♥
|player|p2|
|l|☆fadingstrawberry
|player|p1|
|j|☆fadingstrawberry
|player|p1|fadingstrawberry|swimmerf-gen4|
|l|☆fadingstrawberry
|player|p1|
|j|☆fadingstrawberry
|player|p1|fadingstrawberry|swimmerf-gen4|
