|j|‽donmove$
|j|☆jslo32193
|t:|1758313355
|gametype|singles
|player|p1|donmove$|red|1199
|player|p2|jslo32193|lance|1199
|gen|9
|tier|[Gen 9] OU
|rated|
|rule|HP Percentage Mod: HP is shown in percentages
|rule|Endless Battle Clause: Forcing endless battles is banned
|rule|Species Clause: Limit one of each Pokémon
|rule|OHKO Clause: OHKO moves are banned
|rule|Evasion Items Clause: Evasion items are banned
|rule|Evasion Moves Clause: Evasion moves are banned
|rule|Evasion Abilities Clause: Evasion abilities are banned
|rule|Sleep Moves Clause: Sleep-inducing moves are banned
|clearpoke
|poke|p1|Zapdos-Galar|
|poke|p1|Kyurem|
|poke|p1|Araquanid, F|
|poke|p1|Toxicroak, F|
|poke|p1|Arcanine-Hisui, M|
|poke|p1|Rillaboom, F|
|poke|p2|Dragonite, F|
|poke|p2|Articuno|
|poke|p2|Forretress, F|
|poke|p2|Greninja-*, M|
|poke|p2|Zapdos|
|poke|p2|Blaziken, M|
|teampreview
|inactive|Battle timer is ON: inactive players will automatically lose when time's up. (requested by donmove$)
|
|t:|1758313359
|teamsize|p1|6
|teamsize|p2|6
|start
|switch|p1a: Araquanid|Araquanid, F|100/100
|switch|p2a: Zapdos|Zapdos, shiny|100/100
|turn|1
|
|t:|1758313367
|switch|p1a: Arcanine|Arcanine-Hisui, M, shiny|100/100
|move|p2a: Zapdos|Volt Switch|p1a: Arcanine
|-damage|p1a: Arcanine|56/100
|
|t:|1758313380
|switch|p2a: Luke|Dragonite, F, shiny|100/100|[from] Volt Switch
|
|upkeep
|turn|2
|
|t:|1758313392
|-terastallize|p2a: Luke|Normal
|move|p1a: Arcanine|Head Smash|p2a: Luke
|-crit|p2a: Luke
|-damage|p2a: Luke|21/100
|move|p2a: Luke|Dragon Dance|p2a: Luke
|-boost|p2a: Luke|atk|1
|-boost|p2a: Luke|spe|1
|
|-heal|p2a: Luke|27/100|[from] item: Leftovers
|upkeep
|turn|3
|
|t:|1758313404
|switch|p1a: Rillaboom|Rillaboom, F|100/100
|-fieldstart|move: Grassy Terrain|[from] ability: Grassy Surge|[of] p1a: Rillaboom
|move|p2a: Luke|Earthquake|p1a: Rillaboom
|-resisted|p1a: Rillaboom
|-damage|p1a: Rillaboom|84/100
|
|-heal|p1a: Rillaboom|90/100|[from] Grassy Terrain
|-heal|p2a: Luke|34/100|[from] Grassy Terrain
|-heal|p2a: Luke|40/100|[from] item: Leftovers
|upkeep
|turn|4
|
|t:|1758313420
|switch|p2a: Forretress|Forretress, F|100/100
|move|p1a: Rillaboom|Grassy Glide|p2a: Forretress
|-resisted|p2a: Forretress
|-damage|p2a: Forretress|92/100
|
|-heal|p1a: Rillaboom|96/100|[from] Grassy Terrain
|-heal|p2a: Forretress|99/100|[from] Grassy Terrain
|-heal|p2a: Forretress|100/100|[from] item: Leftovers
|upkeep
|turn|5
|
|t:|1758313432
|switch|p1a: Araquanid|Araquanid, F|100/100
|move|p2a: Forretress|Toxic Spikes|p1a: Araquanid
|-sidestart|p1: donmove$|move: Toxic Spikes
|
|upkeep
|turn|6
|
|t:|1758313436
|move|p1a: Araquanid|Sticky Web|p2a: Forretress
|-sidestart|p2: jslo32193|move: Sticky Web
|move|p2a: Forretress|Toxic Spikes|p1a: Araquanid
|-sidestart|p1: donmove$|move: Toxic Spikes
|
|upkeep
|turn|7
|
|t:|1758313440
|move|p1a: Araquanid|Iron Defense|p1a: Araquanid
|-boost|p1a: Araquanid|def|2
|move|p2a: Forretress|Spikes|p1a: Araquanid
|-sidestart|p1: donmove$|Spikes
|
|-fieldend|move: Grassy Terrain
|upkeep
|turn|8
|
|t:|1758313445
|move|p1a: Araquanid|Iron Defense|p1a: Araquanid
|-boost|p1a: Araquanid|def|2
|move|p2a: Forretress|Spikes|p1a: Araquanid
|-sidestart|p1: donmove$|Spikes
|
|upkeep
|turn|9
|
|t:|1758313450
|move|p1a: Araquanid|Waterfall|p2a: Forretress
|-damage|p2a: Forretress|67/100
|move|p2a: Forretress|Spikes|p1a: Araquanid
|-sidestart|p1: donmove$|Spikes
|
|-heal|p2a: Forretress|73/100|[from] item: Leftovers
|upkeep
|turn|10
|
|t:|1758313456
|move|p1a: Araquanid|Waterfall|p2a: Forretress
|-damage|p2a: Forretress|42/100
|move|p2a: Forretress|Rapid Spin|p1a: Araquanid
|-damage|p1a: Araquanid|97/100
|-boost|p2a: Forretress|spe|1
|-sideend|p2: jslo32193|Sticky Web|[from] move: Rapid Spin|[of] p2a: Forretress
|
|-heal|p2a: Forretress|48/100|[from] item: Leftovers
|-heal|p1a: Araquanid|100/100|[from] item: Leftovers
|upkeep
|turn|11
|
|t:|1758313482
|switch|p2a: Zapdos|Zapdos, shiny|100/100
|move|p1a: Araquanid|Waterfall|p2a: Zapdos
|-damage|p2a: Zapdos|26/100
|
|upkeep
|turn|12
|
|t:|1758313490
|-terastallize|p1a: Araquanid|Steel
|move|p2a: Zapdos|Volt Switch|p1a: Araquanid
|-damage|p1a: Araquanid|75/100
|
|t:|1758313499
|switch|p2a: Articuno|Articuno|100/100|[from] Volt Switch
|-ability|p2a: Articuno|Pressure
|move|p1a: Araquanid|Sticky Web|p2a: Articuno
|-sidestart|p2: jslo32193|move: Sticky Web
|
|-heal|p1a: Araquanid|81/100|[from] item: Leftovers
|upkeep
|turn|13
|
|t:|1758313507
|move|p1a: Araquanid|Waterfall|p2a: Articuno
|-damage|p2a: Articuno|43/100
|move|p2a: Articuno|Roar|p1a: Araquanid
|drag|p1a: Arcanine|Arcanine-Hisui, M, shiny|56/100
|-status|p1a: Arcanine|tox
|-damage|p1a: Arcanine|31/100 tox|[from] Spikes
|
|-heal|p2a: Articuno|49/100|[from] item: Leftovers
|-damage|p1a: Arcanine|25/100 tox|[from] psn
|upkeep
|turn|14
|inactive|jslo32193 has 120 seconds left.
|
|t:|1758313536
|switch|p2a: Forretress|Forretress, F|48/100
|-activate|p2a: Forretress|move: Sticky Web
|-unboost|p2a: Forretress|spe|1
|move|p1a: Arcanine|Close Combat|p2a: Forretress
|-damage|p2a: Forretress|13/100
|-unboost|p1a: Arcanine|def|1
|-unboost|p1a: Arcanine|spd|1
|
|-heal|p2a: Forretress|20/100|[from] item: Leftovers
|-damage|p1a: Arcanine|13/100 tox|[from] psn
|upkeep
|turn|15
|inactive|jslo32193 has 120 seconds left.
|
|t:|1758313551
|move|p1a: Arcanine|Close Combat|p2a: Forretress
|-damage|p2a: Forretress|0 fnt
|-unboost|p1a: Arcanine|def|1
|-unboost|p1a: Arcanine|spd|1
|faint|p2a: Forretress
|
|-damage|p1a: Arcanine|0 fnt|[from] psn
|faint|p1a: Arcanine
|upkeep
|inactive|jslo32193 has 120 seconds left.
|
|t:|1758313570
|switch|p1a: Toxicroak|Toxicroak, F|100/100
|switch|p2a: Articuno|Articuno|49/100
|-sideend|p1: donmove$|move: Toxic Spikes|[of] p1a: Toxicroak
|-damage|p1a: Toxicroak|76/100|[from] Spikes
|-ability|p2a: Articuno|Pressure
|turn|16
|
|t:|1758313578
|move|p1a: Toxicroak|Drain Punch|p2a: Articuno
|-damage|p2a: Articuno|19/100
|-heal|p1a: Toxicroak|94/100|[from] drain|[of] p2a: Articuno
|move|p2a: Articuno|Roost|p2a: Articuno
|-heal|p2a: Articuno|69/100
|-singleturn|p2a: Articuno|move: Roost
|
|-heal|p1a: Toxicroak|100/100|[from] item: Leftovers
|-heal|p2a: Articuno|75/100|[from] item: Leftovers
|upkeep
|turn|17
|inactive|jslo32193 has 120 seconds left.
|
|t:|1758313589
|move|p1a: Toxicroak|Thunder Punch|p2a: Articuno
|-supereffective|p2a: Articuno
|-damage|p2a: Articuno|37/100
|-status|p2a: Articuno|par
|cant|p2a: Articuno|par
|
|-heal|p2a: Articuno|44/100 par|[from] item: Leftovers
|upkeep
|turn|18
|inactive|jslo32193 has 120 seconds left.
|
|t:|1758313603
|switch|p2a: Luke|Dragonite, F, shiny, tera:Normal|40/100
|-activate|p2a: Luke|move: Sticky Web
|-unboost|p2a: Luke|spe|1
|move|p1a: Toxicroak|Thunder Punch|p2a: Luke
|-damage|p2a: Luke|19/100
|
|-heal|p2a: Luke|26/100|[from] item: Leftovers
|upkeep
|turn|19
|inactive|jslo32193 has 120 seconds left.
|
|t:|1758313616
|move|p2a: Luke|Extreme Speed|p1a: Toxicroak
|-damage|p1a: Toxicroak|25/100
|move|p1a: Toxicroak|Drain Punch|p2a: Luke
|-supereffective|p2a: Luke
|-damage|p2a: Luke|0 fnt
|-heal|p1a: Toxicroak|41/100|[from] drain|[of] p2a: Luke
|faint|p2a: Luke
|
|-heal|p1a: Toxicroak|47/100|[from] item: Leftovers
|upkeep
|
|t:|1758313628
|switch|p2a: Zapdos|Zapdos, shiny|26/100
|turn|20
|
|t:|1758313635
|move|p1a: Toxicroak|Sucker Punch|p2a: Zapdos
|-damage|p2a: Zapdos|0 fnt
|faint|p2a: Zapdos
|
|-heal|p1a: Toxicroak|53/100|[from] item: Leftovers
|upkeep
|
|t:|1758313643
|switch|p2a: Articuno|Articuno|44/100 par
|-ability|p2a: Articuno|Pressure
|turn|21
|
|t:|1758313647
|move|p1a: Toxicroak|Drain Punch|p2a: Articuno
|-damage|p2a: Articuno|13/100 par
|-heal|p1a: Toxicroak|72/100|[from] drain|[of] p2a: Articuno
|cant|p2a: Articuno|par
|
|-heal|p1a: Toxicroak|79/100|[from] item: Leftovers
|-heal|p2a: Articuno|20/100 par|[from] item: Leftovers
|upkeep
|turn|22
|
|t:|1758313654
|move|p1a: Toxicroak|Drain Punch|p2a: Articuno
|-damage|p2a: Articuno|0 fnt
|-heal|p1a: Toxicroak|91/100|[from] drain|[of] p2a: Articuno
|faint|p2a: Articuno
|
|-heal|p1a: Toxicroak|97/100|[from] item: Leftovers
|upkeep
|
|t:|1758313661
|switch|p2a: Greninja|Greninja, M|100/100
|-activate|p2a: Greninja|move: Sticky Web
|-unboost|p2a: Greninja|spe|1
|turn|23
|
|t:|1758313675
|move|p1a: Toxicroak|Thunder Punch|p2a: Greninja
|-supereffective|p2a: Greninja
|-damage|p2a: Greninja|20/100
|move|p2a: Greninja|Surf|p1a: Toxicroak
|-heal|p1a: Toxicroak|100/100|[from] ability: Dry Skin|[of] p2a: Greninja
|
|upkeep
|turn|24
|
|t:|1758313687
|move|p1a: Toxicroak|Thunder Punch|p2a: Greninja
|-supereffective|p2a: Greninja
|-damage|p2a: Greninja|0 fnt
|faint|p2a: Greninja
|
|upkeep
|
|t:|1758313691
|switch|p2a: Blaziken|Blaziken, M, shiny|100/100
|-activate|p2a: Blaziken|move: Sticky Web
|-unboost|p2a: Blaziken|spe|1
|turn|25
|
|t:|1758313698
|move|p1a: Toxicroak|Gunk Shot|p2a: Blaziken|[miss]
|-miss|p1a: Toxicroak|p2a: Blaziken
|move|p2a: Blaziken|Swords Dance|p2a: Blaziken
|-boost|p2a: Blaziken|atk|2
|
|-ability|p2a: Blaziken|Speed Boost|boost
|-boost|p2a: Blaziken|spe|1
|upkeep
|turn|26
|
|t:|1758313719
|move|p1a: Toxicroak|Gunk Shot|p2a: Blaziken
|-damage|p2a: Blaziken|17/100
|move|p2a: Blaziken|Close Combat|p1a: Toxicroak
|-resisted|p1a: Toxicroak
|-damage|p1a: Toxicroak|0 fnt
|-unboost|p2a: Blaziken|def|1
|-unboost|p2a: Blaziken|spd|1
|faint|p1a: Toxicroak
|
|-heal|p2a: Blaziken|23/100|[from] item: Leftovers
|-ability|p2a: Blaziken|Speed Boost|boost
|-boost|p2a: Blaziken|spe|1
|upkeep
|
|t:|1758313724
|switch|p1a: Rillaboom|Rillaboom, F|96/100
|-damage|p1a: Rillaboom|71/100|[from] Spikes
|-fieldstart|move: Grassy Terrain|[from] ability: Grassy Surge|[of] p1a: Rillaboom
|turn|27
|
|t:|1758313737
|move|p1a: Rillaboom|Grassy Glide|p2a: Blaziken
|-resisted|p2a: Blaziken
|-damage|p2a: Blaziken|0 fnt
|faint|p2a: Blaziken
|
|win|donmove$
|raw|donmove$'s rating: 1199 &rarr; <strong>1224</strong><br />(+25 for winning)
|raw|jslo32193's rating: 1199 &rarr; <strong>1174</strong><br />(-25 for losing)
|l|☆jslo32193
|player|p2|
|l|‽donmove$
|player|p1|
