|j|☆peakmindset
|j|☆SlayerArceus25
|t:|1758344509
|gametype|singles
|player|p1|peakmindset|byron|1486
|player|p2|SlayerArceus25|lusamine-nihilego|1503
|gen|9
|tier|[Gen 9] OU
|rated|
|rule|HP Percentage Mod: HP is shown in percentages
|rule|Endless Battle Clause: Forcing endless battles is banned
|rule|Species Clause: Limit one of each Pokémon
|rule|OHKO Clause: OHKO moves are banned
|rule|Evasion Items Clause: Evasion items are banned
|rule|Evasion Moves Clause: Evasion moves are banned
|rule|Evasion Abilities Clause: Evasion abilities are banned
|rule|Sleep Moves Clause: Sleep-inducing moves are banned
|clearpoke
|poke|p1|Pelipper, F|
|poke|p1|Hatterene, F|
|poke|p1|Iron Treads|
|poke|p1|Toxicroak, F|
|poke|p1|Barraskewda, F|
|poke|p1|Zapdos|
|poke|p2|Ceruledge, M|
|poke|p2|Deoxys-Speed|
|poke|p2|Ambipom, M|
|poke|p2|Zamazenta-*|
|poke|p2|Weezing-Galar, F|
|poke|p2|Iron Crown|
|teampreview
|inactive|Battle timer is ON: inactive players will automatically lose when time's up. (requested by SlayerArceus25)
|
|t:|1758344530
|teamsize|p1|6
|teamsize|p2|6
|start
|switch|p1a: Pelipper|Pelipper, F|100/100
|switch|p2a: Ambipom|Ambipom, M|100/100
|-weather|RainDance|[from] ability: Drizzle|[of] p1a: Pelipper
|turn|1
|
|t:|1758344536
|switch|p1a: Toxicroak|Toxicroak, F|100/100
|move|p2a: Ambipom|Fake Out|p1a: Toxicroak
|-damage|p1a: Toxicroak|64/100
|-damage|p2a: Ambipom|84/100|[from] item: Rocky Helmet|[of] p1a: Toxicroak
|
|-weather|RainDance|[upkeep]
|-heal|p1a: Toxicroak|76/100|[from] ability: Dry Skin
|upkeep
|turn|2
|
|t:|1758344545
|switch|p2a: Weezing|Weezing-Galar, F|100/100
|-ability|p2a: Weezing|Neutralizing Gas
|switch|p1a: Barraskewda|Barraskewda, F|100/100
|
|-weather|RainDance|[upkeep]
|upkeep
|turn|3
|
|t:|1758344551
|move|p1a: Barraskewda|Flip Turn|p2a: Weezing
|-crit|p2a: Weezing
|-damage|p2a: Weezing|25/100
|
|t:|1758344554
|switch|p1a: Hatterene|Hatterene, F|100/100|[from] Flip Turn
|move|p2a: Weezing|Will-O-Wisp|p1a: Hatterene
|-status|p1a: Hatterene|brn
|
|-weather|RainDance|[upkeep]
|-damage|p1a: Hatterene|95/100 brn|[from] brn
|upkeep
|turn|4
|
|t:|1758344561
|move|p2a: Weezing|Pain Split|p1a: Hatterene
|-sethp|p1a: Hatterene|60/100 brn|[from] move: Pain Split|[silent]
|-sethp|p2a: Weezing|57/100|[from] move: Pain Split
|move|p1a: Hatterene|Psychic Noise|p2a: Weezing
|-supereffective|p2a: Weezing
|-damage|p2a: Weezing|0 fnt
|faint|p2a: Weezing
|-end|p2a: Weezing|ability: Neutralizing Gas
|
|-weather|RainDance|[upkeep]
|-damage|p1a: Hatterene|54/100 brn|[from] brn
|upkeep
|
|t:|1758344565
|switch|p2a: Iron Crown|Iron Crown|100/100
|turn|5
|
|t:|1758344571
|switch|p1a: Iron Treads|Iron Treads|100/100
|move|p2a: Iron Crown|Calm Mind|p2a: Iron Crown
|-boost|p2a: Iron Crown|spa|1
|-boost|p2a: Iron Crown|spd|1
|
|-weather|RainDance|[upkeep]
|upkeep
|turn|6
|
|t:|1758344576
|move|p1a: Iron Treads|Volt Switch|p2a: Iron Crown
|-damage|p2a: Iron Crown|93/100
|
|t:|1758344582
|-end|p1a: Iron Treads|Quark Drive|[silent]
|switch|p1a: Hatterene|Hatterene, F|54/100 brn|[from] Volt Switch
|move|p2a: Iron Crown|Tachyon Cutter|p1a: Hatterene
|-supereffective|p1a: Hatterene
|-crit|p1a: Hatterene
|-damage|p1a: Hatterene|0 fnt
|faint|p1a: Hatterene
|-hitcount|p1: Hatterene|1
|
|-weather|RainDance|[upkeep]
|-heal|p2a: Iron Crown|99/100|[from] item: Leftovers
|upkeep
|
|t:|1758344584
|switch|p1a: Barraskewda|Barraskewda, F|100/100
|turn|7
|
|t:|1758344592
|-terastallize|p1a: Barraskewda|Water
|move|p1a: Barraskewda|Flip Turn|p2a: Iron Crown
|-damage|p2a: Iron Crown|10/100
|
|t:|1758344596
|switch|p1a: Iron Treads|Iron Treads|100/100|[from] Flip Turn
|move|p2a: Iron Crown|Psychic Noise|p1a: Iron Treads
|-resisted|p1a: Iron Treads
|-damage|p1a: Iron Treads|74/100
|-start|p1a: Iron Treads|move: Heal Block
|
|-weather|RainDance|[upkeep]
|-heal|p2a: Iron Crown|16/100|[from] item: Leftovers
|upkeep
|turn|8
|
|t:|1758344604
|move|p1a: Iron Treads|Rapid Spin|p2a: Iron Crown
|-resisted|p2a: Iron Crown
|-damage|p2a: Iron Crown|11/100
|-boost|p1a: Iron Treads|spe|1
|move|p2a: Iron Crown|Tachyon Cutter|p1a: Iron Treads
|-resisted|p1a: Iron Treads
|-crit|p1a: Iron Treads
|-damage|p1a: Iron Treads|50/100
|-resisted|p1a: Iron Treads
|-damage|p1a: Iron Treads|34/100
|-hitcount|p1a: Iron Treads|2
|
|-weather|none
|-heal|p2a: Iron Crown|17/100|[from] item: Leftovers
|-end|p1a: Iron Treads|move: Heal Block
|upkeep
|turn|9
|
|t:|1758344610
|move|p1a: Iron Treads|Earthquake|p2a: Iron Crown
|-supereffective|p2a: Iron Crown
|-damage|p2a: Iron Crown|0 fnt
|faint|p2a: Iron Crown
|-end|p2a: Iron Crown|Quark Drive|[silent]
|
|-heal|p1a: Iron Treads|40/100|[from] item: Leftovers
|upkeep
|
|t:|1758344627
|switch|p2a: Ceruledge|Ceruledge, M|100/100
|turn|10
|
|t:|1758344629
|move|p1a: Iron Treads|Volt Switch|p2a: Ceruledge
|-damage|p2a: Ceruledge|91/100
|
|t:|1758344631
|-end|p1a: Iron Treads|Quark Drive|[silent]
|switch|p1a: Pelipper|Pelipper, F|100/100|[from] Volt Switch
|-weather|RainDance|[from] ability: Drizzle|[of] p1a: Pelipper
|move|p2a: Ceruledge|Bulk Up|p2a: Ceruledge
|-boost|p2a: Ceruledge|atk|1
|-boost|p2a: Ceruledge|def|1
|
|-weather|RainDance|[upkeep]
|upkeep
|turn|11
|
|t:|1758344639
|move|p2a: Ceruledge|Bulk Up|p2a: Ceruledge
|-boost|p2a: Ceruledge|atk|1
|-boost|p2a: Ceruledge|def|1
|move|p1a: Pelipper|Hurricane|p2a: Ceruledge
|-damage|p2a: Ceruledge|64/100
|
|-weather|RainDance|[upkeep]
|upkeep
|turn|12
|
|t:|1758344642
|move|p2a: Ceruledge|Bitter Blade|p1a: Pelipper
|-resisted|p1a: Pelipper
|-damage|p1a: Pelipper|79/100
|-heal|p2a: Ceruledge|74/100|[from] drain|[of] p1a: Pelipper
|move|p1a: Pelipper|U-turn|p2a: Ceruledge
|-resisted|p2a: Ceruledge
|-damage|p2a: Ceruledge|73/100
|
|t:|1758344646
|switch|p1a: Zapdos|Zapdos|100/100|[from] U-turn
|
|-weather|RainDance|[upkeep]
|upkeep
|turn|13
|
|t:|1758344652
|move|p2a: Ceruledge|Shadow Sneak|p1a: Zapdos
|-damage|p1a: Zapdos|63/100
|move|p1a: Zapdos|Hurricane|p2a: Ceruledge
|-damage|p2a: Ceruledge|15/100
|
|-weather|RainDance|[upkeep]
|upkeep
|turn|14
|
|t:|1758344657
|move|p1a: Zapdos|Hurricane|p2a: Ceruledge
|-damage|p2a: Ceruledge|0 fnt
|faint|p2a: Ceruledge
|
|-weather|RainDance|[upkeep]
|upkeep
|
|t:|1758344662
|switch|p2a: Deoxys|Deoxys-Speed|100/100
|-ability|p2a: Deoxys|Pressure
|turn|15
|
|t:|1758344673
|switch|p1a: Iron Treads|Iron Treads|40/100
|move|p2a: Deoxys|Psychic|p1a: Iron Treads
|-resisted|p1a: Iron Treads
|-damage|p1a: Iron Treads|24/100
|
|-weather|RainDance|[upkeep]
|-heal|p1a: Iron Treads|30/100|[from] item: Leftovers
|upkeep
|turn|16
|
|t:|1758344682
|move|p2a: Deoxys|Nasty Plot|p2a: Deoxys
|-boost|p2a: Deoxys|spa|2
|move|p1a: Iron Treads|Stealth Rock|p2a: Deoxys
|-sidestart|p2: SlayerArceus25|move: Stealth Rock
|
|-weather|RainDance|[upkeep]
|-heal|p1a: Iron Treads|36/100|[from] item: Leftovers
|upkeep
|turn|17
|
|t:|1758344684
|move|p2a: Deoxys|Psychic|p1a: Iron Treads
|-resisted|p1a: Iron Treads
|-damage|p1a: Iron Treads|5/100
|move|p1a: Iron Treads|Volt Switch|p2a: Deoxys
|-damage|p2a: Deoxys|82/100
|
|t:|1758344693
|-end|p1a: Iron Treads|Quark Drive|[silent]
|switch|p1a: Toxicroak|Toxicroak, F|76/100|[from] Volt Switch
|
|-weather|none
|upkeep
|turn|18
|
|t:|1758344697
|switch|p1a: Iron Treads|Iron Treads|5/100
|move|p2a: Deoxys|Psychic|p1a: Iron Treads
|-resisted|p1a: Iron Treads
|-damage|p1a: Iron Treads|0 fnt
|faint|p1a: Iron Treads
|-end|p1a: Iron Treads|Quark Drive|[silent]
|
|upkeep
|
|t:|1758344699
|switch|p1a: Pelipper|Pelipper, F|79/100
|-weather|RainDance|[from] ability: Drizzle|[of] p1a: Pelipper
|turn|19
|
|t:|1758344705
|move|p2a: Deoxys|Psychic|p1a: Pelipper
|-damage|p1a: Pelipper|5/100
|-unboost|p1a: Pelipper|spd|1
|move|p1a: Pelipper|U-turn|p2a: Deoxys
|-supereffective|p2a: Deoxys
|-damage|p2a: Deoxys|52/100
|
|t:|1758344707
|switch|p1a: Barraskewda|Barraskewda, F, tera:Water|100/100|[from] U-turn
|
|-weather|RainDance|[upkeep]
|upkeep
|turn|20
|
|t:|1758344712
|move|p1a: Barraskewda|Liquidation|p2a: Deoxys
|-damage|p2a: Deoxys|0 fnt
|faint|p2a: Deoxys
|
|-weather|RainDance|[upkeep]
|upkeep
|
|t:|1758344720
|switch|p2a: Ambipom|Ambipom, M|84/100
|-damage|p2a: Ambipom|72/100|[from] Stealth Rock
|turn|21
|
|t:|1758344726
|switch|p1a: Pelipper|Pelipper, F|5/100
|-terastallize|p2a: Ambipom|Normal
|move|p2a: Ambipom|Fake Out|p1a: Pelipper
|-damage|p1a: Pelipper|0 fnt
|faint|p1a: Pelipper
|
|-weather|RainDance|[upkeep]
|upkeep
|
|t:|1758344728
|switch|p1a: Barraskewda|Barraskewda, F, tera:Water|100/100
|turn|22
|
|t:|1758344731
|move|p2a: Ambipom|Fake Out||[still]
|-hint|Fake Out only works on your first turn out.
|-fail|p2a: Ambipom
|move|p1a: Barraskewda|Liquidation|p2a: Ambipom
|-damage|p2a: Ambipom|0 fnt
|faint|p2a: Ambipom
|
|-weather|RainDance|[upkeep]
|upkeep
|
|t:|1758344732
|switch|p2a: Zamazenta|Zamazenta|100/100
|-damage|p2a: Zamazenta|94/100|[from] Stealth Rock
|-ability|p2a: Zamazenta|Dauntless Shield|boost
|-boost|p2a: Zamazenta|def|1
|turn|23
|
|t:|1758344734
|move|p1a: Barraskewda|Liquidation|p2a: Zamazenta
|-damage|p2a: Zamazenta|25/100
|move|p2a: Zamazenta|Iron Defense|p2a: Zamazenta
|-boost|p2a: Zamazenta|def|2
|
|-weather|RainDance|[upkeep]
|-heal|p2a: Zamazenta|31/100|[from] item: Leftovers
|upkeep
|turn|24
|
|t:|1758344737
|move|p1a: Barraskewda|Liquidation|p2a: Zamazenta
|-damage|p2a: Zamazenta|0 fnt
|faint|p2a: Zamazenta
|
|win|peakmindset
|raw|peakmindset's rating: 1486 &rarr; <strong>1507</strong><br />(+21 for winning)
|raw|SlayerArceus25's rating: 1503 &rarr; <strong>1482</strong><br />(-21 for losing)
|l|☆SlayerArceus25
|player|p2|
|c|☆peakmindset|Gg
|l|☆peakmindset
|player|p1|
