|j|☆weixingzhu
|j|☆john pork the 1st
|t:|1758343991
|gametype|singles
|player|p1|weixingzhu|caitlin|1612
|player|p2|john pork the 1st|crasherwake|1609
|gen|9
|tier|[Gen 9] OU
|rated|
|rule|HP Percentage Mod: HP is shown in percentages
|rule|Endless Battle Clause: Forcing endless battles is banned
|rule|Species Clause: Limit one of each Pokémon
|rule|OHKO Clause: OHKO moves are banned
|rule|Evasion Items Clause: Evasion items are banned
|rule|Evasion Moves Clause: Evasion moves are banned
|rule|Evasion Abilities Clause: Evasion abilities are banned
|rule|Sleep Moves Clause: Sleep-inducing moves are banned
|clearpoke
|poke|p1|Dragonite, F|
|poke|p1|Samurott-Hisui, M|
|poke|p1|Landorus-Therian, M|
|poke|p1|Gholdengo|
|poke|p1|Kyurem|
|poke|p1|Darkrai|
|poke|p2|Ogerpon-Wellspring, F|
|poke|p2|Kingambit, F|
|poke|p2|Landorus-Therian, M|
|poke|p2|Glimmora, M|
|poke|p2|Dragapult, M|
|poke|p2|Iron Valiant|
|teampreview
|inactive|Battle timer is ON: inactive players will automatically lose when time's up. (requested by weixingzhu)
|
|t:|1758344007
|teamsize|p1|6
|teamsize|p2|6
|start
|switch|p1a: Darkrai|Darkrai|100/100
|switch|p2a: Dragapult|Dragapult, M|100/100
|turn|1
|
|t:|1758344016
|switch|p2a: Kingambit|Kingambit, F|100/100
|move|p1a: Darkrai|Dark Pulse|p2a: Kingambit
|-resisted|p2a: Kingambit
|-damage|p2a: Kingambit|83/100
|
|-heal|p2a: Kingambit|90/100|[from] item: Leftovers
|upkeep
|turn|2
|
|t:|1758344022
|-end|p2a: Kingambit|fallenundefined|[silent]
|switch|p2a: Ogerpon|Ogerpon-Wellspring, F|100/100
|move|p1a: Darkrai|Will-O-Wisp|p2a: Ogerpon
|-status|p2a: Ogerpon|brn
|
|-damage|p2a: Ogerpon|95/100 brn|[from] brn
|upkeep
|turn|3
|
|t:|1758344029
|move|p1a: Darkrai|Dark Pulse|p2a: Ogerpon
|-damage|p2a: Ogerpon|50/100 brn
|move|p2a: Ogerpon|Play Rough|p1a: Darkrai
|-supereffective|p1a: Darkrai
|-damage|p1a: Darkrai|63/100
|
|-heal|p1a: Darkrai|69/100|[from] item: Leftovers
|-damage|p2a: Ogerpon|44/100 brn|[from] brn
|upkeep
|turn|4
|
|t:|1758344035
|switch|p2a: Iron Valiant|Iron Valiant|100/100
|-enditem|p2a: Iron Valiant|Booster Energy
|-activate|p2a: Iron Valiant|ability: Quark Drive|[fromitem]
|-start|p2a: Iron Valiant|quarkdrivespe
|move|p1a: Darkrai|Dark Pulse|p2a: Iron Valiant
|-resisted|p2a: Iron Valiant
|-damage|p2a: Iron Valiant|85/100
|
|-heal|p1a: Darkrai|75/100|[from] item: Leftovers
|upkeep
|turn|5
|
|t:|1758344039
|switch|p1a: Gholdengo|Gholdengo|100/100
|-item|p1a: Gholdengo|Air Balloon
|move|p2a: Iron Valiant|Swords Dance|p2a: Iron Valiant
|-boost|p2a: Iron Valiant|atk|2
|
|upkeep
|turn|6
|
|t:|1758344049
|-terastallize|p2a: Iron Valiant|Steel
|move|p2a: Iron Valiant|Swords Dance|p2a: Iron Valiant
|-boost|p2a: Iron Valiant|atk|2
|move|p1a: Gholdengo|Make It Rain|p2a: Iron Valiant
|-resisted|p2a: Iron Valiant
|-damage|p2a: Iron Valiant|40/100
|-unboost|p1a: Gholdengo|spa|1
|
|upkeep
|turn|7
|
|t:|1758344065
|move|p2a: Iron Valiant|Knock Off|p1a: Gholdengo
|-supereffective|p1a: Gholdengo
|-crit|p1a: Gholdengo
|-damage|p1a: Gholdengo|0 fnt
|-enditem|p1a: Gholdengo|Air Balloon
|faint|p1a: Gholdengo
|
|upkeep
|
|t:|1758344081
|switch|p1a: Samurott|Samurott-Hisui, M|100/100
|turn|8
|
|t:|1758344092
|switch|p1a: Landorus|Landorus-Therian, M|100/100
|-ability|p1a: Landorus|Intimidate|boost
|-unboost|p2a: Iron Valiant|atk|1
|move|p2a: Iron Valiant|Spirit Break|p1a: Landorus
|-damage|p1a: Landorus|0 fnt
|faint|p1a: Landorus
|
|upkeep
|
|t:|1758344098
|switch|p1a: Samurott|Samurott-Hisui, M|100/100
|turn|9
|
|t:|1758344100
|-terastallize|p1a: Samurott|Poison
|move|p2a: Iron Valiant|Spirit Break|p1a: Samurott
|-resisted|p1a: Samurott
|-damage|p1a: Samurott|38/100
|-unboost|p1a: Samurott|spa|1
|move|p1a: Samurott|Ceaseless Edge|p2a: Iron Valiant
|-damage|p2a: Iron Valiant|0 fnt
|-sidestart|p2: john pork the 1st|Spikes
|faint|p2a: Iron Valiant
|-end|p2a: Iron Valiant|Quark Drive|[silent]
|
|upkeep
|
|t:|1758344108
|switch|p2a: Landorus|Landorus-Therian, M|100/100
|-ability|p2a: Landorus|Intimidate|boost
|-unboost|p1a: Samurott|atk|1
|turn|10
|
|t:|1758344122
|switch|p1a: Dragonite|Dragonite, F|100/100
|move|p2a: Landorus|Stealth Rock|p1a: Dragonite
|-sidestart|p1: weixingzhu|move: Stealth Rock
|
|upkeep
|turn|11
|
|t:|1758344127
|move|p2a: Landorus|Taunt|p1a: Dragonite
|-start|p1a: Dragonite|move: Taunt
|cant|p1a: Dragonite|move: Taunt|Encore
|
|upkeep
|turn|12
|
|t:|1758344141
|switch|p1a: Kyurem|Kyurem|100/100
|-ability|p1a: Kyurem|Pressure
|move|p2a: Landorus|U-turn|p1a: Kyurem
|-damage|p1a: Kyurem|78/100
|
|t:|1758344146
|switch|p2a: Dragapult|Dragapult, M|100/100|[from] U-turn
|-damage|p2a: Dragapult|88/100|[from] Spikes
|
|upkeep
|turn|13
|
|t:|1758344152
|switch|p1a: Samurott|Samurott-Hisui, M, tera:Poison|38/100
|-damage|p1a: Samurott|25/100|[from] Stealth Rock
|move|p2a: Dragapult|Draco Meteor|p1a: Samurott|[miss]
|-miss|p2a: Dragapult|p1a: Samurott
|
|upkeep
|turn|14
|
|t:|1758344158
|switch|p2a: Ogerpon|Ogerpon-Wellspring, F|44/100 brn
|-damage|p2a: Ogerpon|31/100 brn|[from] Spikes
|move|p1a: Samurott|Ceaseless Edge|p2a: Ogerpon
|-damage|p2a: Ogerpon|0 fnt
|-sidestart|p2: john pork the 1st|Spikes
|faint|p2a: Ogerpon
|
|upkeep
|
|t:|1758344160
|switch|p2a: Glimmora|Glimmora, M|100/100
|-damage|p2a: Glimmora|84/100|[from] Spikes
|turn|15
|
|t:|1758344166
|move|p1a: Samurott|Razor Shell|p2a: Glimmora
|-supereffective|p2a: Glimmora
|-damage|p2a: Glimmora|0 fnt
|-activate|p2a: Glimmora|ability: Toxic Debris
|-sidestart|p1: weixingzhu|move: Toxic Spikes
|faint|p2a: Glimmora
|
|upkeep
|
|t:|1758344170
|switch|p2a: Landorus|Landorus-Therian, M|100/100
|-ability|p2a: Landorus|Intimidate|boost
|-unboost|p1a: Samurott|atk|1
|turn|16
|
|t:|1758344189
|move|p1a: Samurott|Aqua Jet|p2a: Landorus
|-supereffective|p2a: Landorus
|-damage|p2a: Landorus|75/100
|-damage|p1a: Samurott|9/100|[from] item: Rocky Helmet|[of] p2a: Landorus
|move|p2a: Landorus|Earthquake|p1a: Samurott
|-supereffective|p1a: Samurott
|-crit|p1a: Samurott
|-damage|p1a: Samurott|0 fnt
|faint|p1a: Samurott
|
|upkeep
|
|t:|1758344208
|switch|p1a: Darkrai|Darkrai|75/100
|-damage|p1a: Darkrai|63/100|[from] Stealth Rock
|-status|p1a: Darkrai|psn
|turn|17
|
|t:|1758344210
|move|p1a: Darkrai|Will-O-Wisp|p2a: Landorus
|-status|p2a: Landorus|brn
|move|p2a: Landorus|U-turn|p1a: Darkrai
|-supereffective|p1a: Darkrai
|-damage|p1a: Darkrai|39/100 psn
|
|t:|1758344214
|switch|p2a: Dragapult|Dragapult, M|88/100|[from] U-turn
|-damage|p2a: Dragapult|72/100|[from] Spikes
|
|-heal|p1a: Darkrai|45/100 psn|[from] item: Leftovers
|-damage|p1a: Darkrai|33/100 psn|[from] psn
|upkeep
|turn|18
|
|t:|1758344217
|move|p2a: Dragapult|Shadow Ball|p1a: Darkrai
|-resisted|p1a: Darkrai
|-damage|p1a: Darkrai|5/100 psn
|move|p1a: Darkrai|Dark Pulse|p2a: Dragapult
|-supereffective|p2a: Dragapult
|-damage|p2a: Dragapult|0 fnt
|faint|p2a: Dragapult
|
|-heal|p1a: Darkrai|11/100 psn|[from] item: Leftovers
|-damage|p1a: Darkrai|0 fnt|[from] psn
|faint|p1a: Darkrai
|upkeep
|
|t:|1758344230
|switch|p2a: Landorus|Landorus-Therian, M|75/100 brn
|switch|p1a: Dragonite|Dragonite, F|100/100
|-ability|p2a: Landorus|Intimidate|boost
|-unboost|p1a: Dragonite|atk|1
|turn|19
|
|t:|1758344234
|switch|p1a: Kyurem|Kyurem|78/100
|-ability|p1a: Kyurem|Pressure
|move|p2a: Landorus|Taunt|p1a: Kyurem
|-start|p1a: Kyurem|move: Taunt
|
|-damage|p2a: Landorus|69/100 brn|[from] brn
|upkeep
|turn|20
|
|t:|1758344240
|move|p1a: Kyurem|Earth Power|p2a: Landorus
|-immune|p2a: Landorus
|move|p2a: Landorus|U-turn|p1a: Kyurem
|-damage|p1a: Kyurem|68/100
|
|t:|1758344243
|switch|p2a: Kingambit|Kingambit, F|90/100|[from] U-turn
|-damage|p2a: Kingambit|73/100|[from] Spikes
|-activate|p2a: Kingambit|ability: Supreme Overlord
|-start|p2a: Kingambit|fallen4|[silent]
|
|-heal|p2a: Kingambit|79/100|[from] item: Leftovers
|upkeep
|turn|21
|
|t:|1758344246
|move|p1a: Kyurem|Earth Power|p2a: Kingambit
|-supereffective|p2a: Kingambit
|-damage|p2a: Kingambit|16/100
|move|p2a: Kingambit|Iron Head|p1a: Kyurem
|-supereffective|p1a: Kyurem
|-damage|p1a: Kyurem|0 fnt
|faint|p1a: Kyurem
|
|-heal|p2a: Kingambit|22/100|[from] item: Leftovers
|upkeep
|
|t:|1758344250
|switch|p1a: Dragonite|Dragonite, F|100/100
|turn|22
|
|t:|1758344256
|move|p1a: Dragonite|Low Kick|p2a: Kingambit
|-supereffective|p2a: Kingambit
|-damage|p2a: Kingambit|0 fnt
|faint|p2a: Kingambit
|-end|p2a: Kingambit|fallen4|[silent]
|
|upkeep
|
|t:|1758344258
|switch|p2a: Landorus|Landorus-Therian, M|69/100 brn
|-ability|p2a: Landorus|Intimidate|boost
|-unboost|p1a: Dragonite|atk|1
|turn|23
|-message|john pork the 1st forfeited.
|
|win|weixingzhu
|raw|weixingzhu's rating: 1612 &rarr; <strong>1632</strong><br />(+20 for winning)
|raw|john pork the 1st's rating: 1609 &rarr; <strong>1589</strong><br />(-20 for losing)
|l|☆john pork the 1st
|player|p2|
|l|☆weixingzhu
|player|p1|
