|j|☆lowiadder
|j|☆Oreoinabox
|t:|1758243081
|gametype|singles
|player|p1|lowiadder|roxie|1495
|player|p2|Oreoinabox|266|1434
|gen|9
|tier|[Gen 9] OU
|rated|
|rule|HP Percentage Mod: HP is shown in percentages
|rule|Endless Battle Clause: Forcing endless battles is banned
|rule|Species Clause: Limit one of each Pokémon
|rule|OHKO Clause: OHKO moves are banned
|rule|Evasion Items Clause: Evasion items are banned
|rule|Evasion Moves Clause: Evasion moves are banned
|rule|Evasion Abilities Clause: Evasion abilities are banned
|rule|Sleep Moves Clause: Sleep-inducing moves are banned
|clearpoke
|poke|p1|Suicune|
|poke|p1|Ting-Lu|
|poke|p1|Corviknight, M|
|poke|p1|Garganacl, F|
|poke|p1|Meowscarada, M|
|poke|p1|Pecharunt|
|poke|p2|Iron Thorns|
|poke|p2|Araquanid, M|
|poke|p2|Blastoise, M|
|poke|p2|Corviknight, F|
|poke|p2|Great Tusk|
|poke|p2|Meowscarada, M|
|teampreview
|inactive|Battle timer is ON: inactive players will automatically lose when time's up. (requested by Oreoinabox)
|
|t:|1758243117
|teamsize|p1|6
|teamsize|p2|6
|start
|switch|p1a: Suicune|Suicune|100/100
|switch|p2a: Araquanid|Araquanid, M|100/100
|-ability|p1a: Suicune|Pressure
|turn|1
|
|t:|1758243121
|move|p1a: Suicune|Substitute|p1a: Suicune
|-start|p1a: Suicune|Substitute
|-damage|p1a: Suicune|75/100
|move|p2a: Araquanid|Sticky Web|p1a: Suicune
|-sidestart|p1: lowiadder|move: Sticky Web
|
|-heal|p1a: Suicune|82/100|[from] item: Leftovers
|upkeep
|turn|2
|
|t:|1758243128
|move|p1a: Suicune|Calm Mind|p1a: Suicune
|-boost|p1a: Suicune|spa|1
|-boost|p1a: Suicune|spd|1
|move|p2a: Araquanid|Liquidation|p1a: Suicune
|-resisted|p1a: Suicune
|-activate|p1a: Suicune|move: Substitute|[damage]
|
|-heal|p1a: Suicune|88/100|[from] item: Leftovers
|upkeep
|turn|3
|
|t:|1758243132
|move|p1a: Suicune|Protect|p1a: Suicune
|-singleturn|p1a: Suicune|Protect
|move|p2a: Araquanid|Lunge|p1a: Suicune
|-activate|p1a: Suicune|move: Protect
|
|-heal|p1a: Suicune|94/100|[from] item: Leftovers
|upkeep
|turn|4
|
|t:|1758243141
|move|p1a: Suicune|Calm Mind|p1a: Suicune
|-boost|p1a: Suicune|spa|1
|-boost|p1a: Suicune|spd|1
|move|p2a: Araquanid|Lunge|p1a: Suicune
|-end|p1a: Suicune|Substitute
|
|-heal|p1a: Suicune|99/100|[from] item: Leftovers
|upkeep
|turn|5
|
|t:|1758243150
|move|p1a: Suicune|Substitute|p1a: Suicune
|-start|p1a: Suicune|Substitute
|-damage|p1a: Suicune|75/100
|move|p2a: Araquanid|Lunge|p1a: Suicune
|-activate|p1a: Suicune|move: Substitute|[damage]
|
|-heal|p1a: Suicune|81/100|[from] item: Leftovers
|upkeep
|turn|6
|
|t:|1758243162
|switch|p2a: Meowscarada|Meowscarada, M|100/100
|move|p1a: Suicune|Protect||[still]
|-fail|p1a: Suicune
|
|-heal|p1a: Suicune|88/100|[from] item: Leftovers
|upkeep
|turn|7
|
|t:|1758243169
|move|p1a: Suicune|Protect|p1a: Suicune
|-singleturn|p1a: Suicune|Protect
|move|p2a: Meowscarada|U-turn|p1a: Suicune
|-start|p2a: Meowscarada|typechange|Bug|[from] ability: Protean
|-activate|p1a: Suicune|move: Protect
|
|-heal|p1a: Suicune|94/100|[from] item: Leftovers
|upkeep
|turn|8
|
|t:|1758243177
|move|p2a: Meowscarada|U-turn|p1a: Suicune
|-end|p1a: Suicune|Substitute
|
|t:|1758243181
|switch|p2a: Iron Thorns|Iron Thorns|100/100|[from] U-turn
|-enditem|p2a: Iron Thorns|Booster Energy
|-activate|p2a: Iron Thorns|ability: Quark Drive|[fromitem]
|-start|p2a: Iron Thorns|quarkdriveatk
|move|p1a: Suicune|Substitute|p1a: Suicune
|-start|p1a: Suicune|Substitute
|-damage|p1a: Suicune|69/100
|
|-heal|p1a: Suicune|75/100|[from] item: Leftovers
|upkeep
|turn|9
|
|t:|1758243190
|-terastallize|p2a: Iron Thorns|Flying
|move|p1a: Suicune|Protect|p1a: Suicune
|-singleturn|p1a: Suicune|Protect
|move|p2a: Iron Thorns|Supercell Slam|p1a: Suicune
|-activate|p1a: Suicune|move: Protect
|-damage|p2a: Iron Thorns|51/100|[from] supercellslam
|
|-heal|p1a: Suicune|81/100|[from] item: Leftovers
|upkeep
|turn|10
|
|t:|1758243198
|move|p2a: Iron Thorns|Dragon Dance|p2a: Iron Thorns
|-boost|p2a: Iron Thorns|atk|1
|-boost|p2a: Iron Thorns|spe|1
|move|p1a: Suicune|Scald|p2a: Iron Thorns
|-damage|p2a: Iron Thorns|0 fnt
|faint|p2a: Iron Thorns
|-end|p2a: Iron Thorns|Quark Drive|[silent]
|
|-heal|p1a: Suicune|87/100|[from] item: Leftovers
|upkeep
|
|t:|1758243203
|switch|p2a: Meowscarada|Meowscarada, M|100/100
|turn|11
|
|t:|1758243207
|move|p1a: Suicune|Protect|p1a: Suicune
|-singleturn|p1a: Suicune|Protect
|move|p2a: Meowscarada|Flower Trick|p1a: Suicune
|-start|p2a: Meowscarada|typechange|Grass|[from] ability: Protean
|-activate|p1a: Suicune|move: Protect
|
|-heal|p1a: Suicune|94/100|[from] item: Leftovers
|upkeep
|turn|12
|
|t:|1758243216
|move|p2a: Meowscarada|Flower Trick|p1a: Suicune
|-supereffective|p1a: Suicune
|-crit|p1a: Suicune
|-end|p1a: Suicune|Substitute
|move|p1a: Suicune|Substitute|p1a: Suicune
|-start|p1a: Suicune|Substitute
|-damage|p1a: Suicune|69/100
|
|-heal|p1a: Suicune|75/100|[from] item: Leftovers
|upkeep
|turn|13
|
|t:|1758243223
|move|p1a: Suicune|Protect|p1a: Suicune
|-singleturn|p1a: Suicune|Protect
|move|p2a: Meowscarada|Flower Trick|p1a: Suicune
|-activate|p1a: Suicune|move: Protect
|
|-heal|p1a: Suicune|81/100|[from] item: Leftovers
|upkeep
|turn|14
|
|t:|1758243245
|move|p2a: Meowscarada|Flower Trick|p1a: Suicune
|-supereffective|p1a: Suicune
|-crit|p1a: Suicune
|-end|p1a: Suicune|Substitute
|move|p1a: Suicune|Substitute|p1a: Suicune
|-start|p1a: Suicune|Substitute
|-damage|p1a: Suicune|56/100
|
|-heal|p1a: Suicune|62/100|[from] item: Leftovers
|upkeep
|turn|15
|
|t:|1758243250
|move|p1a: Suicune|Protect|p1a: Suicune
|-singleturn|p1a: Suicune|Protect
|move|p2a: Meowscarada|Flower Trick|p1a: Suicune
|-activate|p1a: Suicune|move: Protect
|
|-heal|p1a: Suicune|68/100|[from] item: Leftovers
|upkeep
|turn|16
|-message|Oreoinabox forfeited.
|
|win|lowiadder
|raw|lowiadder's rating: 1495 &rarr; <strong>1512</strong><br />(+17 for winning)
|raw|Oreoinabox's rating: 1434 &rarr; <strong>1417</strong><br />(-17 for losing)
|l|☆Oreoinabox
|player|p2|
|l|☆lowiadder
|player|p1|
