|j|☆cmarky
|j|☆Nickthenickthenick
|t:|1758264526
|gametype|singles
|player|p1|cmarky|hilbert|1304
|player|p2|Nickthenickthenick|102|1339
|gen|9
|tier|[Gen 9] OU
|rated|
|rule|HP Percentage Mod: HP is shown in percentages
|rule|Endless Battle Clause: Forcing endless battles is banned
|rule|Species Clause: Limit one of each Pokémon
|rule|OHKO Clause: OHKO moves are banned
|rule|Evasion Items Clause: Evasion items are banned
|rule|Evasion Moves Clause: Evasion moves are banned
|rule|Evasion Abilities Clause: Evasion abilities are banned
|rule|Sleep Moves Clause: Sleep-inducing moves are banned
|clearpoke
|poke|p1|Toxapex, F|
|poke|p1|Incineroar, M|
|poke|p1|Garganacl, M|
|poke|p1|Corviknight, M|
|poke|p1|Eelektross, M|
|poke|p1|Salazzle, F|
|poke|p2|Torkoal, M|
|poke|p2|Typhlosion-Hisui, M|
|poke|p2|Venusaur, M|
|poke|p2|Alomomola, F|
|poke|p2|Zapdos|
|poke|p2|Great Tusk|
|teampreview
|inactive|Battle timer is ON: inactive players will automatically lose when time's up. (requested by cmarky)
|
|t:|1758264541
|teamsize|p1|6
|teamsize|p2|6
|start
|switch|p1a: Incineroar|Incineroar, M|100/100
|switch|p2a: Torkoal|Torkoal, M|100/100
|-ability|p1a: Incineroar|Intimidate|boost
|-unboost|p2a: Torkoal|atk|1
|-weather|SunnyDay|[from] ability: Drought|[of] p2a: Torkoal
|turn|1
|inactive|Nickthenickthenick has 120 seconds left.
|
|t:|1758264571
|move|p1a: Incineroar|Parting Shot|p2a: Torkoal
|-unboost|p2a: Torkoal|atk|1
|-unboost|p2a: Torkoal|spa|1
|
|t:|1758264575
|switch|p1a: Toxapex|Toxapex, F|100/100|[from] Parting Shot
|move|p2a: Torkoal|Stealth Rock|p1a: Toxapex
|-sidestart|p1: cmarky|move: Stealth Rock
|
|-weather|SunnyDay|[upkeep]
|upkeep
|turn|2
|inactive|Nickthenickthenick has 120 seconds left.
|
|t:|1758264600
|move|p1a: Toxapex|Toxic|p2a: Torkoal
|-status|p2a: Torkoal|tox
|move|p2a: Torkoal|Will-O-Wisp|p1a: Toxapex
|-status|p1a: Toxapex|brn
|
|-weather|SunnyDay|[upkeep]
|-damage|p2a: Torkoal|94/100 tox|[from] psn
|-damage|p1a: Toxapex|94/100 brn|[from] brn
|upkeep
|turn|3
|inactive|Nickthenickthenick has 120 seconds left.
|
|t:|1758264612
|switch|p1a: Incineroar|Incineroar, M|100/100
|-damage|p1a: Incineroar|76/100|[from] Stealth Rock
|-ability|p1a: Incineroar|Intimidate|boost
|-unboost|p2a: Torkoal|atk|1
|switch|p2a: Zapdos|Zapdos|100/100
|
|-weather|SunnyDay|[upkeep]
|-heal|p1a: Incineroar|82/100|[from] item: Leftovers
|upkeep
|turn|4
|inactive|Nickthenickthenick has 120 seconds left.
|
|t:|1758264630
|move|p2a: Zapdos|Volt Switch|p1a: Incineroar
|-damage|p1a: Incineroar|53/100
|
|t:|1758264636
|switch|p2a: Alomomola|Alomomola, F|100/100|[from] Volt Switch
|move|p1a: Incineroar|Knock Off|p2a: Alomomola
|-damage|p2a: Alomomola|70/100
|-enditem|p2a: Alomomola|Heavy-Duty Boots|[from] move: Knock Off|[of] p1a: Incineroar
|
|-weather|SunnyDay|[upkeep]
|-heal|p1a: Incineroar|59/100|[from] item: Leftovers
|upkeep
|turn|5
|inactive|Nickthenickthenick has 120 seconds left.
|
|t:|1758264646
|switch|p1a: Corviknight|Corviknight, M, shiny|100/100
|-damage|p1a: Corviknight|88/100|[from] Stealth Rock
|-ability|p1a: Corviknight|Pressure
|move|p2a: Alomomola|Flip Turn|p1a: Corviknight
|-damage|p1a: Corviknight|83/100
|inactive|Nickthenickthenick has 120 seconds left.
|
|t:|1758264654
|switch|p2a: Typhlosion|Typhlosion-Hisui, M|100/100|[from] Flip Turn
|
|-weather|SunnyDay|[upkeep]
|-heal|p1a: Corviknight|90/100|[from] item: Leftovers
|upkeep
|turn|6
|
|t:|1758264660
|switch|p1a: Toxapex|Toxapex, F|100/100 brn
|-damage|p1a: Toxapex|88/100 brn|[from] Stealth Rock
|move|p2a: Typhlosion|Eruption|p1a: Toxapex
|-resisted|p1a: Toxapex
|-damage|p1a: Toxapex|55/100 brn
|
|-weather|SunnyDay|[upkeep]
|-heal|p1a: Toxapex|62/100 brn|[from] item: Black Sludge
|-damage|p1a: Toxapex|55/100 brn|[from] brn
|upkeep
|turn|7
|
|t:|1758264673
|switch|p2a: Zapdos|Zapdos|100/100
|move|p1a: Toxapex|Toxic|p2a: Zapdos
|-status|p2a: Zapdos|tox
|
|-weather|SunnyDay|[upkeep]
|-heal|p1a: Toxapex|62/100 brn|[from] item: Black Sludge
|-damage|p2a: Zapdos|94/100 tox|[from] psn
|-damage|p1a: Toxapex|55/100 brn|[from] brn
|upkeep
|turn|8
|
|t:|1758264684
|switch|p1a: Eelektross|Eelektross, M, shiny|100/100
|-damage|p1a: Eelektross|88/100|[from] Stealth Rock
|move|p2a: Zapdos|Thunderbolt|p1a: Eelektross
|-resisted|p1a: Eelektross
|-damage|p1a: Eelektross|69/100
|
|-weather|none
|-heal|p1a: Eelektross|75/100|[from] item: Leftovers
|-damage|p2a: Zapdos|82/100 tox|[from] psn
|upkeep
|turn|9
|
|t:|1758264694
|move|p2a: Zapdos|Volt Switch|p1a: Eelektross
|-resisted|p1a: Eelektross
|-damage|p1a: Eelektross|60/100
|
|t:|1758264697
|switch|p2a: Torkoal|Torkoal, M|94/100 tox|[from] Volt Switch
|-weather|SunnyDay|[from] ability: Drought|[of] p2a: Torkoal
|move|p1a: Eelektross|Volt Switch|p2a: Torkoal
|-damage|p2a: Torkoal|65/100 tox
|
|t:|1758264704
|switch|p1a: Garganacl|Garganacl, M|100/100|[from] Volt Switch
|-damage|p1a: Garganacl|88/100|[from] Stealth Rock
|
|-weather|SunnyDay|[upkeep]
|-heal|p1a: Garganacl|94/100|[from] item: Leftovers
|-damage|p2a: Torkoal|59/100 tox|[from] psn
|upkeep
|turn|10
|
|t:|1758264713
|switch|p2a: Venusaur|Venusaur, M|100/100
|move|p1a: Garganacl|Salt Cure|p2a: Venusaur
|-damage|p2a: Venusaur|81/100
|-start|p2a: Venusaur|Salt Cure
|
|-weather|SunnyDay|[upkeep]
|-heal|p1a: Garganacl|100/100|[from] item: Leftovers
|-damage|p2a: Venusaur|68/100|[from] Salt Cure
|upkeep
|turn|11
|
|t:|1758264722
|move|p1a: Garganacl|Protect|p1a: Garganacl
|-singleturn|p1a: Garganacl|Protect
|move|p2a: Venusaur|Growth|p2a: Venusaur
|-boost|p2a: Venusaur|atk|2
|-boost|p2a: Venusaur|spa|2
|
|-weather|SunnyDay|[upkeep]
|-damage|p2a: Venusaur|56/100|[from] Salt Cure
|upkeep
|turn|12
|
|t:|1758264734
|switch|p1a: Corviknight|Corviknight, M, shiny|90/100
|-damage|p1a: Corviknight|77/100|[from] Stealth Rock
|-ability|p1a: Corviknight|Pressure
|move|p2a: Venusaur|Giga Drain|p1a: Corviknight
|-resisted|p1a: Corviknight
|-damage|p1a: Corviknight|54/100
|-heal|p2a: Venusaur|71/100|[from] drain|[of] p1a: Corviknight
|-damage|p2a: Venusaur|61/100|[from] item: Life Orb
|
|-weather|SunnyDay|[upkeep]
|-heal|p1a: Corviknight|60/100|[from] item: Leftovers
|-damage|p2a: Venusaur|49/100|[from] Salt Cure
|upkeep
|turn|13
|
|t:|1758264759
|switch|p2a: Alomomola|Alomomola, F|100/100
|switch|p1a: Toxapex|Toxapex, F|89/100 brn
|-damage|p1a: Toxapex|76/100 brn|[from] Stealth Rock
|
|-weather|SunnyDay|[upkeep]
|-heal|p1a: Toxapex|82/100 brn|[from] item: Black Sludge
|-damage|p1a: Toxapex|76/100 brn|[from] brn
|upkeep
|turn|14
|inactive|Nickthenickthenick has 120 seconds left.
|
|t:|1758264780
|move|p2a: Alomomola|Wish|p2a: Alomomola
|move|p1a: Toxapex|Toxic|p2a: Alomomola
|-status|p2a: Alomomola|tox
|
|-weather|SunnyDay|[upkeep]
|-heal|p1a: Toxapex|82/100 brn|[from] item: Black Sludge
|-damage|p2a: Alomomola|94/100 tox|[from] psn
|-damage|p1a: Toxapex|76/100 brn|[from] brn
|upkeep
|turn|15
|inactive|Nickthenickthenick has 120 seconds left.
|
|t:|1758264790
|switch|p1a: Corviknight|Corviknight, M, shiny|60/100
|-damage|p1a: Corviknight|48/100|[from] Stealth Rock
|-ability|p1a: Corviknight|Pressure
|move|p2a: Alomomola|Flip Turn|p1a: Corviknight
|-damage|p1a: Corviknight|43/100
|inactive|Nickthenickthenick has 120 seconds left.
|
|t:|1758264798
|switch|p2a: Typhlosion|Typhlosion-Hisui, M|100/100|[from] Flip Turn
|
|-weather|SunnyDay|[upkeep]
|-heal|p1a: Corviknight|50/100|[from] item: Leftovers
|upkeep
|turn|16
|
|t:|1758264806
|switch|p1a: Toxapex|Toxapex, F|100/100 brn
|-damage|p1a: Toxapex|88/100 brn|[from] Stealth Rock
|move|p2a: Typhlosion|Infernal Parade|p1a: Toxapex
|-damage|p1a: Toxapex|48/100 brn
|
|-weather|none
|-heal|p1a: Toxapex|54/100 brn|[from] item: Black Sludge
|-damage|p1a: Toxapex|48/100 brn|[from] brn
|upkeep
|turn|17
|
|t:|1758264819
|move|p2a: Typhlosion|Infernal Parade|p1a: Toxapex
|-damage|p1a: Toxapex|11/100 brn
|move|p1a: Toxapex|Toxic|p2a: Typhlosion
|-status|p2a: Typhlosion|tox
|
|-heal|p1a: Toxapex|17/100 brn|[from] item: Black Sludge
|-damage|p2a: Typhlosion|95/100 tox|[from] psn
|-damage|p1a: Toxapex|11/100 brn|[from] brn
|upkeep
|turn|18
|
|t:|1758264828
|switch|p1a: Incineroar|Incineroar, M|59/100
|-damage|p1a: Incineroar|34/100|[from] Stealth Rock
|-ability|p1a: Incineroar|Intimidate|boost
|-unboost|p2a: Typhlosion|atk|1
|move|p2a: Typhlosion|Infernal Parade|p1a: Incineroar
|-resisted|p1a: Incineroar
|-damage|p1a: Incineroar|20/100
|
|-heal|p1a: Incineroar|26/100|[from] item: Leftovers
|-damage|p2a: Typhlosion|83/100 tox|[from] psn
|upkeep
|turn|19
|
|t:|1758264839
|switch|p2a: Torkoal|Torkoal, M|59/100 tox
|-weather|SunnyDay|[from] ability: Drought|[of] p2a: Torkoal
|move|p1a: Incineroar|Parting Shot|p2a: Torkoal
|-unboost|p2a: Torkoal|atk|1
|-unboost|p2a: Torkoal|spa|1
|
|t:|1758264846
|switch|p1a: Garganacl|Garganacl, M|100/100|[from] Parting Shot
|-damage|p1a: Garganacl|88/100|[from] Stealth Rock
|
|-weather|SunnyDay|[upkeep]
|-heal|p1a: Garganacl|94/100|[from] item: Leftovers
|-damage|p2a: Torkoal|53/100 tox|[from] psn
|upkeep
|turn|20
|
|t:|1758264854
|switch|p2a: Alomomola|Alomomola, F|100/100 tox
|move|p1a: Garganacl|Salt Cure|p2a: Alomomola
|-damage|p2a: Alomomola|91/100 tox
|-start|p2a: Alomomola|Salt Cure
|
|-weather|SunnyDay|[upkeep]
|-heal|p1a: Garganacl|100/100|[from] item: Leftovers
|-damage|p2a: Alomomola|85/100 tox|[from] psn
|-damage|p2a: Alomomola|60/100 tox|[from] Salt Cure
|upkeep
|turn|21
|
|t:|1758264865
|move|p2a: Alomomola|Flip Turn|p1a: Garganacl
|-supereffective|p1a: Garganacl
|-damage|p1a: Garganacl|91/100
|
|t:|1758264869
|switch|p2a: Venusaur|Venusaur, M|49/100|[from] Flip Turn
|move|p1a: Garganacl|Curse|p1a: Garganacl
|-unboost|p1a: Garganacl|spe|1
|-boost|p1a: Garganacl|atk|1
|-boost|p1a: Garganacl|def|1
|
|-weather|SunnyDay|[upkeep]
|-heal|p1a: Garganacl|97/100|[from] item: Leftovers
|upkeep
|turn|22
|
|t:|1758264879
|-terastallize|p1a: Garganacl|Fairy
|move|p2a: Venusaur|Growth|p2a: Venusaur
|-boost|p2a: Venusaur|atk|2
|-boost|p2a: Venusaur|spa|2
|move|p1a: Garganacl|Salt Cure|p2a: Venusaur
|-damage|p2a: Venusaur|17/100
|-start|p2a: Venusaur|Salt Cure
|
|-weather|SunnyDay|[upkeep]
|-heal|p1a: Garganacl|100/100|[from] item: Leftovers
|-damage|p2a: Venusaur|4/100|[from] Salt Cure
|upkeep
|turn|23
|
|t:|1758264892
|switch|p2a: Great Tusk|Great Tusk|100/100
|-activate|p2a: Great Tusk|ability: Protosynthesis
|-start|p2a: Great Tusk|protosynthesisatk
|move|p1a: Garganacl|Protect||[still]
|-fail|p1a: Garganacl
|
|-weather|SunnyDay|[upkeep]
|upkeep
|turn|24
|
|t:|1758264904
|move|p2a: Great Tusk|Headlong Rush|p1a: Garganacl
|-damage|p1a: Garganacl|58/100
|-unboost|p2a: Great Tusk|def|1
|-unboost|p2a: Great Tusk|spd|1
|move|p1a: Garganacl|Salt Cure|p2a: Great Tusk
|-resisted|p2a: Great Tusk
|-damage|p2a: Great Tusk|95/100
|-start|p2a: Great Tusk|Salt Cure
|
|-weather|SunnyDay|[upkeep]
|-heal|p1a: Garganacl|64/100|[from] item: Leftovers
|-damage|p2a: Great Tusk|83/100|[from] Salt Cure
|upkeep
|turn|25
|
|t:|1758264918
|move|p1a: Garganacl|Protect|p1a: Garganacl
|-singleturn|p1a: Garganacl|Protect
|move|p2a: Great Tusk|Ice Spinner|p1a: Garganacl
|-activate|p1a: Garganacl|move: Protect
|
|-weather|SunnyDay|[upkeep]
|-heal|p1a: Garganacl|71/100|[from] item: Leftovers
|-damage|p2a: Great Tusk|70/100|[from] Salt Cure
|upkeep
|turn|26
|
|t:|1758264926
|move|p2a: Great Tusk|Headlong Rush|p1a: Garganacl
|-damage|p1a: Garganacl|31/100
|-unboost|p2a: Great Tusk|def|1
|-unboost|p2a: Great Tusk|spd|1
|move|p1a: Garganacl|Curse|p1a: Garganacl
|-unboost|p1a: Garganacl|spe|1
|-boost|p1a: Garganacl|atk|1
|-boost|p1a: Garganacl|def|1
|
|-weather|none
|-end|p2a: Great Tusk|Protosynthesis
|-heal|p1a: Garganacl|37/100|[from] item: Leftovers
|-damage|p2a: Great Tusk|58/100|[from] Salt Cure
|upkeep
|turn|27
|
|t:|1758264944
|-end|p2a: Great Tusk|Protosynthesis|[silent]
|switch|p2a: Torkoal|Torkoal, M|53/100 tox
|-weather|SunnyDay|[from] ability: Drought|[of] p2a: Torkoal
|move|p1a: Garganacl|Recover|p1a: Garganacl
|-heal|p1a: Garganacl|87/100
|
|-weather|SunnyDay|[upkeep]
|-heal|p1a: Garganacl|94/100|[from] item: Leftovers
|-damage|p2a: Torkoal|46/100 tox|[from] psn
|upkeep
|turn|28
|
|t:|1758264953
|move|p2a: Torkoal|Lava Plume|p1a: Garganacl
|-damage|p1a: Garganacl|71/100
|move|p1a: Garganacl|Salt Cure|p2a: Torkoal
|-supereffective|p2a: Torkoal
|-damage|p2a: Torkoal|7/100 tox
|-start|p2a: Torkoal|Salt Cure
|
|-weather|SunnyDay|[upkeep]
|-heal|p1a: Garganacl|77/100|[from] item: Leftovers
|-damage|p2a: Torkoal|0 fnt|[from] psn
|faint|p2a: Torkoal
|upkeep
|
|t:|1758264963
|switch|p2a: Typhlosion|Typhlosion-Hisui, M|83/100 tox
|turn|29
|
|t:|1758264967
|move|p1a: Garganacl|Protect|p1a: Garganacl
|-singleturn|p1a: Garganacl|Protect
|move|p2a: Typhlosion|Eruption|p1a: Garganacl
|-activate|p1a: Garganacl|move: Protect
|
|-weather|SunnyDay|[upkeep]
|-heal|p1a: Garganacl|84/100|[from] item: Leftovers
|-damage|p2a: Typhlosion|77/100 tox|[from] psn
|upkeep
|turn|30
|
|t:|1758264987
|switch|p1a: Incineroar|Incineroar, M|26/100
|-damage|p1a: Incineroar|2/100|[from] Stealth Rock
|-ability|p1a: Incineroar|Intimidate|boost
|-unboost|p2a: Typhlosion|atk|1
|move|p2a: Typhlosion|Eruption|p1a: Incineroar
|-resisted|p1a: Incineroar
|-damage|p1a: Incineroar|0 fnt
|faint|p1a: Incineroar
|
|-weather|SunnyDay|[upkeep]
|-damage|p2a: Typhlosion|65/100 tox|[from] psn
|upkeep
|
|t:|1758264998
|switch|p1a: Toxapex|Toxapex, F|44/100 brn
|-damage|p1a: Toxapex|32/100 brn|[from] Stealth Rock
|turn|31
|inactive|Nickthenickthenick has 120 seconds left.
|
|t:|1758265026
|move|p2a: Typhlosion|Eruption|p1a: Toxapex
|-resisted|p1a: Toxapex
|-damage|p1a: Toxapex|9/100 brn
|move|p1a: Toxapex|Recover|p1a: Toxapex
|-heal|p1a: Toxapex|59/100 brn
|
|-weather|SunnyDay|[upkeep]
|-heal|p1a: Toxapex|65/100 brn|[from] item: Black Sludge
|-damage|p2a: Typhlosion|47/100 tox|[from] psn
|-damage|p1a: Toxapex|59/100 brn|[from] brn
|upkeep
|turn|32
|-message|Nickthenickthenick forfeited.
|
|win|cmarky
|raw|cmarky's rating: 1304 &rarr; <strong>1326</strong><br />(+22 for winning)
|raw|Nickthenickthenick's rating: 1339 &rarr; <strong>1317</strong><br />(-22 for losing)
|l|☆Nickthenickthenick
|player|p2|
|l|☆cmarky
|player|p1|
