|j|☆adinos
|j|☆aex27
|t:|1758245097
|gametype|singles
|player|p1|adinos|riley|1301
|player|p2|aex27|rosa|1241
|gen|9
|tier|[Gen 9] OU
|rated|
|rule|HP Percentage Mod: HP is shown in percentages
|rule|Endless Battle Clause: Forcing endless battles is banned
|rule|Species Clause: Limit one of each Pokémon
|rule|OHKO Clause: OHKO moves are banned
|rule|Evasion Items Clause: Evasion items are banned
|rule|Evasion Moves Clause: Evasion moves are banned
|rule|Evasion Abilities Clause: Evasion abilities are banned
|rule|Sleep Moves Clause: Sleep-inducing moves are banned
|clearpoke
|poke|p1|Dragonite, F|
|poke|p1|Zamazenta-*|
|poke|p1|Landorus-Therian, M|
|poke|p1|Gholdengo|
|poke|p1|Darkrai|
|poke|p1|Hatterene, F|
|poke|p2|Serperior, F|
|poke|p2|Ribombee, F|
|poke|p2|Gholdengo|
|poke|p2|Kyurem|
|poke|p2|Moltres|
|poke|p2|Great Tusk|
|teampreview
|
|t:|1758245107
|teamsize|p1|6
|teamsize|p2|6
|start
|switch|p1a: Hatterene|Hatterene, F|100/100
|switch|p2a: Ribombee|Ribombee, F|100/100
|turn|1
|
|t:|1758245113
|move|p2a: Ribombee|Skill Swap|p1a: Hatterene
|-activate|p2a: Ribombee|move: Skill Swap|Magic Bounce|Shield Dust|[of] p1a: Hatterene
|move|p1a: Hatterene|Mystical Fire|p2a: Ribombee
|-supereffective|p2a: Ribombee
|-damage|p2a: Ribombee|10/100
|-unboost|p2a: Ribombee|spa|1
|
|upkeep
|turn|2
|
|t:|1758245121
|move|p2a: Ribombee|Sticky Web|p1a: Hatterene
|-sidestart|p1: adinos|move: Sticky Web
|move|p1a: Hatterene|Mystical Fire|p2a: Ribombee
|-supereffective|p2a: Ribombee
|-crit|p2a: Ribombee
|-damage|p2a: Ribombee|0 fnt
|faint|p2a: Ribombee
|
|upkeep
|
|t:|1758245124
|switch|p2a: Gholdengo|Gholdengo|100/100
|turn|3
|
|t:|1758245127
|move|p2a: Gholdengo|Make It Rain|p1a: Hatterene
|-supereffective|p1a: Hatterene
|-damage|p1a: Hatterene|19/100
|-unboost|p2a: Gholdengo|spa|1
|move|p1a: Hatterene|Mystical Fire|p2a: Gholdengo
|-supereffective|p2a: Gholdengo
|-damage|p2a: Gholdengo|37/100
|-unboost|p2a: Gholdengo|spa|1
|
|upkeep
|turn|4
|
|t:|1758245136
|switch|p2a: Moltres|Moltres|100/100
|move|p1a: Hatterene|Mystical Fire|p2a: Moltres
|-resisted|p2a: Moltres
|-damage|p2a: Moltres|91/100
|-unboost|p2a: Moltres|spa|1
|
|upkeep
|turn|5
|
|t:|1758245143
|move|p2a: Moltres|Flamethrower|p1a: Hatterene
|-damage|p1a: Hatterene|2/100
|move|p1a: Hatterene|Psyshock|p2a: Moltres
|-damage|p2a: Moltres|50/100
|
|upkeep
|turn|6
|
|t:|1758245148
|move|p2a: Moltres|Flamethrower|p1a: Hatterene
|-damage|p1a: Hatterene|0 fnt
|faint|p1a: Hatterene
|
|upkeep
|
|t:|1758245162
|switch|p1a: Dragonite|Dragonite, F|100/100
|turn|7
|
|t:|1758245166
|move|p1a: Dragonite|Dragon Dance|p1a: Dragonite
|-boost|p1a: Dragonite|atk|1
|-boost|p1a: Dragonite|spe|1
|move|p2a: Moltres|Will-O-Wisp|p1a: Dragonite
|-status|p1a: Dragonite|brn
|-enditem|p1a: Dragonite|Lum Berry|[eat]
|-curestatus|p1a: Dragonite|brn|[msg]
|
|upkeep
|turn|8
|
|t:|1758245175
|-terastallize|p1a: Dragonite|Flying
|move|p1a: Dragonite|Tera Blast|p2a: Moltres|[anim] Tera Blast Flying
|-damage|p2a: Moltres|0 fnt
|faint|p2a: Moltres
|
|upkeep
|
|t:|1758245190
|switch|p2a: Great Tusk|Great Tusk|100/100
|turn|9
|
|t:|1758245194
|-terastallize|p2a: Great Tusk|Steel
|move|p1a: Dragonite|Tera Blast|p2a: Great Tusk|[anim] Tera Blast Flying
|-resisted|p2a: Great Tusk
|-crit|p2a: Great Tusk
|-damage|p2a: Great Tusk|52/100
|move|p2a: Great Tusk|Ice Spinner|p1a: Dragonite
|-supereffective|p1a: Dragonite
|-damage|p1a: Dragonite|69/100
|
|upkeep
|turn|10
|
|t:|1758245203
|move|p1a: Dragonite|Earthquake|p2a: Great Tusk
|-supereffective|p2a: Great Tusk
|-damage|p2a: Great Tusk|0 fnt
|faint|p2a: Great Tusk
|-end|p2a: Great Tusk|Protosynthesis|[silent]
|
|upkeep
|
|t:|1758245208
|switch|p2a: Gholdengo|Gholdengo|37/100
|turn|11
|
|t:|1758245212
|move|p2a: Gholdengo|Make It Rain|p1a: Dragonite
|-damage|p1a: Dragonite|0 fnt
|-unboost|p2a: Gholdengo|spa|1
|faint|p1a: Dragonite
|
|upkeep
|
|t:|1758245222
|switch|p1a: Landorus|Landorus-Therian, M|100/100
|-ability|p1a: Landorus|Intimidate|boost
|-unboost|p2a: Gholdengo|atk|1
|turn|12
|
|t:|1758245229
|move|p2a: Gholdengo|Make It Rain|p1a: Landorus
|-crit|p1a: Landorus
|-damage|p1a: Landorus|12/100
|-unboost|p2a: Gholdengo|spa|1
|move|p1a: Landorus|Earthquake|p2a: Gholdengo
|-supereffective|p2a: Gholdengo
|-damage|p2a: Gholdengo|0 fnt
|faint|p2a: Gholdengo
|
|upkeep
|
|t:|1758245230
|switch|p2a: Serperior|Serperior, F|100/100
|turn|13
|
|t:|1758245237
|move|p2a: Serperior|Leaf Storm|p1a: Landorus
|-crit|p1a: Landorus
|-damage|p1a: Landorus|0 fnt
|-boost|p2a: Serperior|spa|2
|faint|p1a: Landorus
|
|upkeep
|inactive|Battle timer is ON: inactive players will automatically lose when time's up. (requested by aex27)
|
|t:|1758245247
|switch|p1a: Darkrai|Darkrai|100/100
|turn|14
|
|t:|1758245253
|move|p1a: Darkrai|Ice Beam|p2a: Serperior
|-supereffective|p2a: Serperior
|-damage|p2a: Serperior|30/100
|move|p2a: Serperior|Leaf Storm|p1a: Darkrai
|-damage|p1a: Darkrai|0 fnt
|-boost|p2a: Serperior|spa|2
|faint|p1a: Darkrai
|
|upkeep
|
|t:|1758245261
|switch|p1a: Gholdengo|Gholdengo|100/100
|-activate|p1a: Gholdengo|move: Sticky Web
|-unboost|p1a: Gholdengo|spe|1
|turn|15
|
|t:|1758245265
|move|p2a: Serperior|Leaf Storm|p1a: Gholdengo
|-resisted|p1a: Gholdengo
|-damage|p1a: Gholdengo|0 fnt
|-boost|p2a: Serperior|spa|2
|faint|p1a: Gholdengo
|
|upkeep
|
|t:|1758245268
|switch|p1a: Zamazenta|Zamazenta|100/100
|-activate|p1a: Zamazenta|move: Sticky Web
|-unboost|p1a: Zamazenta|spe|1
|-ability|p1a: Zamazenta|Dauntless Shield|boost
|-boost|p1a: Zamazenta|def|1
|turn|16
|
|t:|1758245271
|move|p2a: Serperior|Leaf Storm|p1a: Zamazenta
|-damage|p1a: Zamazenta|0 fnt
|faint|p1a: Zamazenta
|
|win|aex27
|raw|adinos's rating: 1301 &rarr; <strong>1278</strong><br />(-23 for losing)
|raw|aex27's rating: 1241 &rarr; <strong>1270</strong><br />(+29 for winning)
