|j|☆trimac1
|j|☆GraphLegion
|t:|1758343637
|gametype|singles
|player|p1|trimac1|flannery|1291
|player|p2|GraphLegion|265|1364
|gen|9
|tier|[Gen 9] OU
|rated|
|rule|HP Percentage Mod: HP is shown in percentages
|rule|Endless Battle Clause: Forcing endless battles is banned
|rule|Species Clause: Limit one of each Pokémon
|rule|OHKO Clause: OHKO moves are banned
|rule|Evasion Items Clause: Evasion items are banned
|rule|Evasion Moves Clause: Evasion moves are banned
|rule|Evasion Abilities Clause: Evasion abilities are banned
|rule|Sleep Moves Clause: Sleep-inducing moves are banned
|clearpoke
|poke|p1|Dragonite, M|
|poke|p1|Gliscor, M|
|poke|p1|Kingambit, F|
|poke|p1|Corviknight, M|
|poke|p1|Primarina, M|
|poke|p1|Raging Bolt|
|poke|p2|Frosmoth, M|
|poke|p2|Maushold-Four|
|poke|p2|Mamoswine, M|
|poke|p2|Sinistcha|
|poke|p2|Alomomola, M|
|poke|p2|Weezing-Galar, F|
|teampreview
|inactive|Battle timer is ON: inactive players will automatically lose when time's up. (requested by trimac1)
|inactive|GraphLegion has 120 seconds left.
|
|t:|1758343669
|teamsize|p1|6
|teamsize|p2|6
|start
|switch|p1a: Primarina|Primarina, M|100/100
|switch|p2a: Mamoswine|Mamoswine, M|100/100
|turn|1
|
|t:|1758343678
|move|p2a: Mamoswine|Earthquake|p1a: Primarina
|-damage|p1a: Primarina|28/100
|move|p1a: Primarina|Surf|p2a: Mamoswine
|-supereffective|p2a: Mamoswine
|-enditem|p2a: Mamoswine|Focus Sash
|-damage|p2a: Mamoswine|1/100
|
|upkeep
|turn|2
|
|t:|1758343686
|switch|p1a: Corviknight|Corviknight, M|100/100
|-ability|p1a: Corviknight|Pressure
|move|p2a: Mamoswine|Earthquake|p1a: Corviknight
|-immune|p1a: Corviknight
|
|upkeep
|turn|3
|
|t:|1758343693
|move|p2a: Mamoswine|Endeavor|p1a: Corviknight
|-damage|p1a: Corviknight|1/100
|move|p1a: Corviknight|U-turn|p2a: Mamoswine
|-damage|p2a: Mamoswine|0 fnt
|faint|p2a: Mamoswine
|
|t:|1758343705
|switch|p1a: Kingambit|Kingambit, F|100/100|[from] U-turn
|
|upkeep
|
|t:|1758343728
|switch|p2a: Maushold|Maushold-Four|100/100
|turn|4
|
|t:|1758343736
|move|p2a: Maushold|Population Bomb|p1a: Kingambit
|-resisted|p1a: Kingambit
|-damage|p1a: Kingambit|97/100
|-resisted|p1a: Kingambit
|-damage|p1a: Kingambit|92/100
|-resisted|p1a: Kingambit
|-damage|p1a: Kingambit|89/100
|-resisted|p1a: Kingambit
|-damage|p1a: Kingambit|85/100
|-resisted|p1a: Kingambit
|-damage|p1a: Kingambit|81/100
|-resisted|p1a: Kingambit
|-damage|p1a: Kingambit|77/100
|-resisted|p1a: Kingambit
|-damage|p1a: Kingambit|73/100
|-resisted|p1a: Kingambit
|-damage|p1a: Kingambit|69/100
|-resisted|p1a: Kingambit
|-damage|p1a: Kingambit|64/100
|-resisted|p1a: Kingambit
|-damage|p1a: Kingambit|60/100
|-hitcount|p1a: Kingambit|10
|move|p1a: Kingambit|Kowtow Cleave|p2a: Maushold
|-damage|p2a: Maushold|22/100
|
|-heal|p1a: Kingambit|66/100|[from] item: Leftovers
|upkeep
|turn|5
|
|t:|1758343757
|move|p1a: Kingambit|Sucker Punch|p2a: Maushold
|-damage|p2a: Maushold|0 fnt
|faint|p2a: Maushold
|
|-heal|p1a: Kingambit|72/100|[from] item: Leftovers
|upkeep
|
|t:|1758343768
|switch|p2a: Sinistcha|Sinistcha|100/100
|turn|6
|
|t:|1758343774
|move|p2a: Sinistcha|Strength Sap|p1a: Kingambit
|-unboost|p1a: Kingambit|atk|1
|move|p1a: Kingambit|Kowtow Cleave|p2a: Sinistcha
|-supereffective|p2a: Sinistcha
|-damage|p2a: Sinistcha|55/100
|
|-heal|p1a: Kingambit|78/100|[from] item: Leftovers
|upkeep
|turn|7
|
|t:|1758343781
|move|p1a: Kingambit|Sucker Punch||[still]
|-fail|p1a: Kingambit
|move|p2a: Sinistcha|Strength Sap|p1a: Kingambit
|-unboost|p1a: Kingambit|atk|1
|-heal|p2a: Sinistcha|100/100
|
|-heal|p1a: Kingambit|84/100|[from] item: Leftovers
|upkeep
|turn|8
|
|t:|1758343796
|-end|p1a: Kingambit|fallenundefined|[silent]
|switch|p1a: Dragonite|Dragonite, M|100/100
|move|p2a: Sinistcha|Calm Mind|p2a: Sinistcha
|-boost|p2a: Sinistcha|spa|1
|-boost|p2a: Sinistcha|spd|1
|
|upkeep
|turn|9
|
|t:|1758343801
|move|p1a: Dragonite|Ice Spinner|p2a: Sinistcha
|-supereffective|p2a: Sinistcha
|-damage|p2a: Sinistcha|59/100
|move|p2a: Sinistcha|Shadow Ball|p1a: Dragonite
|-damage|p1a: Dragonite|74/100
|
|upkeep
|turn|10
|
|t:|1758343807
|move|p1a: Dragonite|Ice Spinner|p2a: Sinistcha
|-supereffective|p2a: Sinistcha
|-damage|p2a: Sinistcha|16/100
|move|p2a: Sinistcha|Strength Sap|p1a: Dragonite
|-unboost|p1a: Dragonite|atk|1
|-heal|p2a: Sinistcha|100/100
|
|upkeep
|turn|11
|
|t:|1758343818
|switch|p1a: Kingambit|Kingambit, F|84/100
|move|p2a: Sinistcha|Shadow Ball|p1a: Kingambit
|-resisted|p1a: Kingambit
|-damage|p1a: Kingambit|61/100
|
|-heal|p1a: Kingambit|68/100|[from] item: Leftovers
|upkeep
|turn|12
|
|t:|1758343829
|move|p2a: Sinistcha|Matcha Gotcha|p1a: Kingambit
|-resisted|p1a: Kingambit
|-damage|p1a: Kingambit|45/100
|move|p1a: Kingambit|Swords Dance|p1a: Kingambit
|-boost|p1a: Kingambit|atk|2
|
|-heal|p1a: Kingambit|52/100|[from] item: Leftovers
|upkeep
|turn|13
|
|t:|1758343849
|-terastallize|p2a: Sinistcha|Poison
|move|p2a: Sinistcha|Matcha Gotcha|p1a: Kingambit
|-resisted|p1a: Kingambit
|-damage|p1a: Kingambit|26/100
|move|p1a: Kingambit|Swords Dance|p1a: Kingambit
|-boost|p1a: Kingambit|atk|2
|
|-heal|p1a: Kingambit|32/100|[from] item: Leftovers
|upkeep
|turn|14
|
|t:|1758343863
|move|p2a: Sinistcha|Matcha Gotcha|p1a: Kingambit
|-resisted|p1a: Kingambit
|-damage|p1a: Kingambit|9/100
|move|p1a: Kingambit|Kowtow Cleave|p2a: Sinistcha
|-damage|p2a: Sinistcha|7/100
|
|-heal|p1a: Kingambit|15/100|[from] item: Leftovers
|upkeep
|turn|15
|
|t:|1758343875
|move|p2a: Sinistcha|Strength Sap|p1a: Kingambit
|-unboost|p1a: Kingambit|atk|1
|-heal|p2a: Sinistcha|100/100
|move|p1a: Kingambit|Kowtow Cleave|p2a: Sinistcha
|-damage|p2a: Sinistcha|22/100
|
|-heal|p1a: Kingambit|21/100|[from] item: Leftovers
|upkeep
|turn|16
|
|t:|1758343886
|move|p2a: Sinistcha|Matcha Gotcha|p1a: Kingambit|[miss]
|-miss|p2a: Sinistcha|p1a: Kingambit
|move|p1a: Kingambit|Kowtow Cleave|p2a: Sinistcha
|-damage|p2a: Sinistcha|0 fnt
|faint|p2a: Sinistcha
|
|-heal|p1a: Kingambit|27/100|[from] item: Leftovers
|upkeep
|
|t:|1758343891
|switch|p2a: Alomomola|Alomomola, M|100/100
|turn|17
|
|t:|1758343898
|move|p2a: Alomomola|Flip Turn|p1a: Kingambit
|-damage|p1a: Kingambit|14/100
|
|t:|1758343900
|switch|p2a: Weezing|Weezing-Galar, F|100/100|[from] Flip Turn
|move|p1a: Kingambit|Kowtow Cleave|p2a: Weezing
|-resisted|p2a: Weezing
|-damage|p2a: Weezing|57/100
|
|-heal|p1a: Kingambit|20/100|[from] item: Leftovers
|upkeep
|turn|18
|
|t:|1758343908
|move|p2a: Weezing|Strange Steam|p1a: Kingambit
|-damage|p1a: Kingambit|0 fnt
|faint|p1a: Kingambit
|-end|p1a: Kingambit|fallenundefined|[silent]
|
|upkeep
|
|t:|1758343924
|switch|p1a: Raging Bolt|Raging Bolt|100/100
|-enditem|p1a: Raging Bolt|Booster Energy
|-activate|p1a: Raging Bolt|ability: Protosynthesis|[fromitem]
|-start|p1a: Raging Bolt|protosynthesisspa
|turn|19
|
|t:|1758343929
|move|p1a: Raging Bolt|Thunderbolt|p2a: Weezing
|-damage|p2a: Weezing|0 fnt
|faint|p2a: Weezing
|
|upkeep
|
|t:|1758343932
|switch|p2a: Frosmoth|Frosmoth, M|100/100
|turn|20
|
|t:|1758343936
|move|p1a: Raging Bolt|Thunderbolt|p2a: Frosmoth
|-damage|p2a: Frosmoth|58/100
|move|p2a: Frosmoth|Quiver Dance|p2a: Frosmoth
|-boost|p2a: Frosmoth|spa|1
|-boost|p2a: Frosmoth|spd|1
|-boost|p2a: Frosmoth|spe|1
|
|-heal|p2a: Frosmoth|64/100|[from] item: Leftovers
|upkeep
|turn|21
|
|t:|1758343945
|move|p2a: Frosmoth|Ice Beam|p1a: Raging Bolt
|-supereffective|p1a: Raging Bolt
|-damage|p1a: Raging Bolt|0 fnt
|faint|p1a: Raging Bolt
|-end|p1a: Raging Bolt|Protosynthesis|[silent]
|
|-heal|p2a: Frosmoth|70/100|[from] item: Leftovers
|upkeep
|
|t:|1758343954
|switch|p1a: Dragonite|Dragonite, M|74/100
|turn|22
|
|t:|1758343963
|switch|p2a: Alomomola|Alomomola, M|100/100
|-terastallize|p1a: Dragonite|Normal
|move|p1a: Dragonite|Extreme Speed|p2a: Alomomola
|-damage|p2a: Alomomola|69/100
|
|upkeep
|turn|23
|
|t:|1758343978
|switch|p1a: Gliscor|Gliscor, M|100/100
|move|p2a: Alomomola|Scald|p1a: Gliscor
|-supereffective|p1a: Gliscor
|-damage|p1a: Gliscor|77/100
|
|-status|p1a: Gliscor|tox|[from] item: Toxic Orb
|upkeep
|turn|24
|
|t:|1758343989
|move|p1a: Gliscor|Toxic|p2a: Alomomola
|-status|p2a: Alomomola|tox
|move|p2a: Alomomola|Flip Turn|p1a: Gliscor
|-supereffective|p1a: Gliscor
|-damage|p1a: Gliscor|49/100 tox
|
|t:|1758343992
|switch|p2a: Frosmoth|Frosmoth, M|70/100|[from] Flip Turn
|
|-heal|p2a: Frosmoth|76/100|[from] item: Leftovers
|-heal|p1a: Gliscor|61/100 tox|[from] ability: Poison Heal
|upkeep
|turn|25
|
|t:|1758343999
|move|p1a: Gliscor|Protect|p1a: Gliscor
|-singleturn|p1a: Gliscor|Protect
|move|p2a: Frosmoth|Substitute|p2a: Frosmoth
|-start|p2a: Frosmoth|Substitute
|-damage|p2a: Frosmoth|51/100
|
|-heal|p2a: Frosmoth|57/100|[from] item: Leftovers
|-heal|p1a: Gliscor|74/100 tox|[from] ability: Poison Heal
|upkeep
|turn|26
|
|t:|1758344010
|move|p2a: Frosmoth|Ice Beam|p1a: Gliscor
|-supereffective|p1a: Gliscor
|-crit|p1a: Gliscor
|-damage|p1a: Gliscor|0 fnt
|faint|p1a: Gliscor
|
|-heal|p2a: Frosmoth|63/100|[from] item: Leftovers
|upkeep
|
|t:|1758344016
|switch|p1a: Primarina|Primarina, M|28/100
|turn|27
|
|t:|1758344032
|move|p2a: Frosmoth|Tera Blast|p1a: Primarina
|-damage|p1a: Primarina|10/100
|move|p1a: Primarina|Surf|p2a: Frosmoth
|-end|p2a: Frosmoth|Substitute
|
|-heal|p2a: Frosmoth|69/100|[from] item: Leftovers
|upkeep
|turn|28
|
|t:|1758344042
|move|p2a: Frosmoth|Quiver Dance|p2a: Frosmoth
|-boost|p2a: Frosmoth|spa|1
|-boost|p2a: Frosmoth|spd|1
|-boost|p2a: Frosmoth|spe|1
|move|p1a: Primarina|Surf|p2a: Frosmoth
|-damage|p2a: Frosmoth|35/100
|
|-heal|p2a: Frosmoth|41/100|[from] item: Leftovers
|upkeep
|turn|29
|
|t:|1758344055
|move|p2a: Frosmoth|Tera Blast|p1a: Primarina
|-damage|p1a: Primarina|0 fnt
|faint|p1a: Primarina
|
|-heal|p2a: Frosmoth|47/100|[from] item: Leftovers
|upkeep
|
|t:|1758344061
|switch|p1a: Dragonite|Dragonite, M, tera:Normal|74/100
|turn|30
|
|t:|1758344069
|switch|p2a: Alomomola|Alomomola, M|100/100 tox
|move|p1a: Dragonite|Extreme Speed|p2a: Alomomola
|-damage|p2a: Alomomola|68/100 tox
|
|-damage|p2a: Alomomola|62/100 tox|[from] psn
|upkeep
|turn|31
|
|t:|1758344078
|move|p1a: Dragonite|Extreme Speed|p2a: Alomomola
|-damage|p2a: Alomomola|31/100 tox
|move|p2a: Alomomola|Scald|p1a: Dragonite
|-damage|p1a: Dragonite|58/100
|
|-damage|p2a: Alomomola|19/100 tox|[from] psn
|upkeep
|turn|32
|
|t:|1758344088
|switch|p2a: Frosmoth|Frosmoth, M|47/100
|move|p1a: Dragonite|Extreme Speed|p2a: Frosmoth
|-damage|p2a: Frosmoth|0 fnt
|faint|p2a: Frosmoth
|
|upkeep
|
|t:|1758344090
|switch|p2a: Alomomola|Alomomola, M|52/100 tox
|turn|33
|
|t:|1758344100
|move|p1a: Dragonite|Extreme Speed|p2a: Alomomola
|-damage|p2a: Alomomola|20/100 tox
|move|p2a: Alomomola|Scald|p1a: Dragonite
|-damage|p1a: Dragonite|44/100
|-status|p1a: Dragonite|brn
|
|-damage|p2a: Alomomola|14/100 tox|[from] psn
|-damage|p1a: Dragonite|38/100 brn|[from] brn
|upkeep
|turn|34
|
|t:|1758344109
|move|p1a: Dragonite|Extreme Speed|p2a: Alomomola
|-damage|p2a: Alomomola|0 fnt
|faint|p2a: Alomomola
|
|win|trimac1
|raw|trimac1's rating: 1291 &rarr; <strong>1321</strong><br />(+30 for winning)
|raw|GraphLegion's rating: 1364 &rarr; <strong>1340</strong><br />(-24 for losing)
|l|☆GraphLegion
|player|p2|
|l|☆trimac1
|player|p1|
