|j|☆Tom5283
|j|☆manupama
|t:|1758277909
|gametype|singles
|player|p1|Tom5283|hilbert|1199
|player|p2|manupama|169|1227
|gen|9
|tier|[Gen 9] OU
|rated|
|rule|HP Percentage Mod: HP is shown in percentages
|rule|Endless Battle Clause: Forcing endless battles is banned
|rule|Species Clause: Limit one of each Pokémon
|rule|OHKO Clause: OHKO moves are banned
|rule|Evasion Items Clause: Evasion items are banned
|rule|Evasion Moves Clause: Evasion moves are banned
|rule|Evasion Abilities Clause: Evasion abilities are banned
|rule|Sleep Moves Clause: Sleep-inducing moves are banned
|clearpoke
|poke|p1|Lucario, M|
|poke|p1|Hydreigon, M|
|poke|p1|Minior-Orange|
|poke|p1|Dondozo, M|
|poke|p1|Delphox, F|
|poke|p1|Clodsire, M|
|poke|p2|Ambipom, M|
|poke|p2|Landorus-Therian, M|
|poke|p2|Chandelure, M|
|poke|p2|Ogerpon, F|
|poke|p2|Toxapex, F|
|poke|p2|Wo-Chien|
|teampreview
|inactive|Battle timer is ON: inactive players will automatically lose when time's up. (requested by Tom5283)
|
|t:|1758277920
|teamsize|p1|6
|teamsize|p2|6
|start
|switch|p1a: Namazu|Dondozo, M|100/100
|switch|p2a: Ambipom|Ambipom, M, shiny|100/100
|turn|1
|
|t:|1758277932
|move|p2a: Ambipom|Fake Out|p1a: Namazu
|-damage|p1a: Namazu|83/100
|-damage|p2a: Ambipom|84/100|[from] item: Rocky Helmet|[of] p1a: Namazu
|-damage|p2a: Ambipom|74/100|[from] item: Life Orb
|cant|p1a: Namazu|flinch
|
|upkeep
|turn|2
|
|t:|1758277943
|move|p2a: Ambipom|Taunt|p1a: Namazu
|-start|p1a: Namazu|move: Taunt
|move|p1a: Namazu|Avalanche|p2a: Ambipom
|-damage|p2a: Ambipom|49/100
|
|upkeep
|turn|3
|
|t:|1758277952
|move|p2a: Ambipom|Knock Off|p1a: Namazu
|-damage|p1a: Namazu|61/100
|-damage|p2a: Ambipom|33/100|[from] item: Rocky Helmet|[of] p1a: Namazu
|-enditem|p1a: Namazu|Rocky Helmet|[from] move: Knock Off|[of] p2a: Ambipom
|-damage|p2a: Ambipom|23/100|[from] item: Life Orb
|move|p1a: Namazu|Avalanche|p2a: Ambipom
|-damage|p2a: Ambipom|0 fnt
|faint|p2a: Ambipom
|
|upkeep
|
|t:|1758277966
|switch|p2a: Ogerpon|Ogerpon, F|100/100
|turn|4
|
|t:|1758277995
|switch|p1a: Ghidorah|Hydreigon, M|100/100
|-terastallize|p2a: Ogerpon|Grass
|detailschange|p2a: Ogerpon|Ogerpon-Teal-Tera, F, tera:Grass
|-ability|p2a: Ogerpon|Embody Aspect (Teal)|boost
|-boost|p2a: Ogerpon|spe|1
|move|p2a: Ogerpon|Ivy Cudgel|p1a: Ghidorah
|-resisted|p1a: Ghidorah
|-damage|p1a: Ghidorah|54/100
|
|upkeep
|turn|5
|
|t:|1758278007
|move|p2a: Ogerpon|Ivy Cudgel|p1a: Ghidorah
|-resisted|p1a: Ghidorah
|-damage|p1a: Ghidorah|6/100
|move|p1a: Ghidorah|Flamethrower|p2a: Ogerpon
|-supereffective|p2a: Ogerpon
|-damage|p2a: Ogerpon|18/100
|
|upkeep
|turn|6
|
|t:|1758278019
|move|p2a: Ogerpon|Ivy Cudgel|p1a: Ghidorah
|-resisted|p1a: Ghidorah
|-damage|p1a: Ghidorah|0 fnt
|faint|p1a: Ghidorah
|
|upkeep
|
|t:|1758278025
|switch|p1a: David|Lucario, M|100/100
|turn|7
|
|t:|1758278030
|switch|p2a: Landorus|Landorus-Therian, M|100/100
|-ability|p2a: Landorus|Intimidate|boost
|-fail|p1a: David|unboost|Attack|[from] ability: Inner Focus|[of] p1a: David
|move|p1a: David|Extreme Speed|p2a: Landorus
|-damage|p2a: Landorus|79/100
|
|-heal|p2a: Landorus|85/100|[from] item: Leftovers
|upkeep
|turn|8
|
|t:|1758278052
|switch|p1a: Namazu|Dondozo, M|61/100
|move|p2a: Landorus|Stealth Rock|p1a: Namazu
|-sidestart|p1: Tom5283|move: Stealth Rock
|
|-heal|p2a: Landorus|91/100|[from] item: Leftovers
|upkeep
|turn|9
|
|t:|1758278062
|move|p2a: Landorus|U-turn|p1a: Namazu
|-damage|p1a: Namazu|49/100
|
|t:|1758278065
|switch|p2a: Toxapex|Toxapex, F|100/100|[from] U-turn
|move|p1a: Namazu|Rest|p1a: Namazu
|-status|p1a: Namazu|slp|[from] move: Rest
|-heal|p1a: Namazu|100/100 slp|[silent]
|
|upkeep
|turn|10
|
|t:|1758278075
|switch|p2a: Wo-Chien|Wo-Chien|100/100
|-ability|p2a: Wo-Chien|Tablets of Ruin
|cant|p1a: Namazu|slp
|move|p1a: Namazu|Sleep Talk|p1a: Namazu
|move|p1a: Namazu|Rest||[from] move: Sleep Talk|[still]
|-fail|p1a: Namazu
|
|upkeep
|turn|11
|
|t:|1758278094
|switch|p1a: Bob|Clodsire, M|100/100
|-damage|p1a: Bob|94/100|[from] Stealth Rock
|move|p2a: Wo-Chien|Leech Seed|p1a: Bob
|-start|p1a: Bob|move: Leech Seed
|
|-heal|p1a: Bob|100/100|[from] item: Leftovers
|-damage|p1a: Bob|88/100|[from] Leech Seed|[of] p2a: Wo-Chien
|upkeep
|turn|12
|
|t:|1758278105
|switch|p2a: Landorus|Landorus-Therian, M|91/100
|-ability|p2a: Landorus|Intimidate|boost
|-unboost|p1a: Bob|atk|1
|move|p1a: Bob|Toxic|p2a: Landorus
|-status|p2a: Landorus|tox
|
|-heal|p2a: Landorus|97/100 tox|[from] item: Leftovers
|-heal|p1a: Bob|94/100|[from] item: Leftovers
|-damage|p1a: Bob|82/100|[from] Leech Seed|[of] p2a: Landorus
|-heal|p2a: Landorus|100/100 tox|[silent]
|-damage|p2a: Landorus|94/100 tox|[from] psn
|upkeep
|turn|13
|
|t:|1758278119
|move|p1a: Bob|Protect|p1a: Bob
|-singleturn|p1a: Bob|Protect
|move|p2a: Landorus|Earthquake|p1a: Bob
|-activate|p1a: Bob|move: Protect
|
|-heal|p2a: Landorus|100/100 tox|[from] item: Leftovers
|-heal|p1a: Bob|88/100|[from] item: Leftovers
|-damage|p1a: Bob|75/100|[from] Leech Seed|[of] p2a: Landorus
|-damage|p2a: Landorus|88/100 tox|[from] psn
|upkeep
|turn|14
|
|t:|1758278133
|switch|p1a: Namazu|Dondozo, M|100/100 slp
|-damage|p1a: Namazu|88/100 slp|[from] Stealth Rock
|move|p2a: Landorus|U-turn|p1a: Namazu
|-damage|p1a: Namazu|76/100 slp
|
|t:|1758278139
|switch|p2a: Ogerpon|Ogerpon-Teal-Tera, F, tera:Grass|18/100|[from] U-turn
|-ability|p2a: Ogerpon|Embody Aspect (Teal)|boost
|-boost|p2a: Ogerpon|spe|1
|
|upkeep
|turn|15
|
|t:|1758278148
|-terastallize|p1a: Namazu|Grass
|move|p2a: Ogerpon|Ivy Cudgel|p1a: Namazu
|-resisted|p1a: Namazu
|-damage|p1a: Namazu|50/100 slp
|cant|p1a: Namazu|slp
|move|p1a: Namazu|Sleep Talk|p1a: Namazu
|move|p1a: Namazu|Earthquake|p2a: Ogerpon|[from] move: Sleep Talk
|-resisted|p2a: Ogerpon
|-damage|p2a: Ogerpon|0 fnt
|faint|p2a: Ogerpon
|detailschange|p2: Ogerpon|Ogerpon, F|[silent]
|
|upkeep
|
|t:|1758278160
|switch|p2a: Chandelure|Chandelure, M, shiny|100/100
|turn|16
|
|t:|1758278171
|move|p2a: Chandelure|Flamethrower|p1a: Namazu
|-supereffective|p1a: Namazu
|-damage|p1a: Namazu|0 fnt
|faint|p1a: Namazu
|
|upkeep
|
|t:|1758278187
|switch|p1a: Chicxulub|Minior-Orange, shiny|100/100
|-damage|p1a: Chicxulub|75/100|[from] Stealth Rock
|-formechange|p1a: Chicxulub|Minior-Meteor||[from] ability: Shields Down
|turn|17
|
|t:|1758278199
|switch|p2a: Toxapex|Toxapex, F|100/100
|move|p1a: Chicxulub|Shell Smash|p1a: Chicxulub
|-unboost|p1a: Chicxulub|def|1
|-unboost|p1a: Chicxulub|spd|1
|-boost|p1a: Chicxulub|atk|2
|-boost|p1a: Chicxulub|spa|2
|-boost|p1a: Chicxulub|spe|2
|-enditem|p1a: Chicxulub|White Herb
|-clearnegativeboost|p1a: Chicxulub|[silent]
|
|upkeep
|turn|18
|inactive|Tom5283 has 120 seconds left.
|
|t:|1758278221
|move|p1a: Chicxulub|Power Gem|p2a: Toxapex
|-damage|p2a: Toxapex|77/100
|move|p2a: Toxapex|Toxic|p1a: Chicxulub
|-immune|p1a: Chicxulub|[from] ability: Shields Down
|
|-heal|p2a: Toxapex|84/100|[from] item: Black Sludge
|upkeep
|turn|19
|inactive|Tom5283 has 120 seconds left.
|
|t:|1758278235
|move|p1a: Chicxulub|Cosmic Power|p1a: Chicxulub
|-boost|p1a: Chicxulub|def|1
|-boost|p1a: Chicxulub|spd|1
|move|p2a: Toxapex|Sludge Bomb|p1a: Chicxulub
|-resisted|p1a: Chicxulub
|-damage|p1a: Chicxulub|69/100
|
|-heal|p2a: Toxapex|90/100|[from] item: Black Sludge
|upkeep
|turn|20
|inactive|manupama has 120 seconds left.
|
|t:|1758278294
|switch|p2a: Landorus|Landorus-Therian, M|88/100 tox
|-ability|p2a: Landorus|Intimidate|boost
|-unboost|p1a: Chicxulub|atk|1
|move|p1a: Chicxulub|Shell Smash|p1a: Chicxulub
|-unboost|p1a: Chicxulub|def|1
|-unboost|p1a: Chicxulub|spd|1
|-boost|p1a: Chicxulub|atk|2
|-boost|p1a: Chicxulub|spa|2
|-boost|p1a: Chicxulub|spe|2
|
|-heal|p2a: Landorus|94/100 tox|[from] item: Leftovers
|-damage|p2a: Landorus|88/100 tox|[from] psn
|upkeep
|turn|21
|
|t:|1758278308
|switch|p2a: Toxapex|Toxapex, F|100/100
|move|p1a: Chicxulub|Cosmic Power|p1a: Chicxulub
|-boost|p1a: Chicxulub|def|1
|-boost|p1a: Chicxulub|spd|1
|
|upkeep
|turn|22
|
|t:|1758278318
|move|p1a: Chicxulub|Shell Smash|p1a: Chicxulub
|-unboost|p1a: Chicxulub|def|1
|-unboost|p1a: Chicxulub|spd|1
|-boost|p1a: Chicxulub|atk|2
|-boost|p1a: Chicxulub|spa|2
|-boost|p1a: Chicxulub|spe|2
|move|p2a: Toxapex|Sludge Bomb|p1a: Chicxulub
|-resisted|p1a: Chicxulub
|-damage|p1a: Chicxulub|59/100
|
|upkeep
|turn|23
|
|t:|1758278327
|move|p1a: Chicxulub|Cosmic Power|p1a: Chicxulub
|-boost|p1a: Chicxulub|def|1
|-boost|p1a: Chicxulub|spd|1
|move|p2a: Toxapex|Sludge Bomb|p1a: Chicxulub
|-resisted|p1a: Chicxulub
|-damage|p1a: Chicxulub|53/100
|
|upkeep
|turn|24
|
|t:|1758278335
|move|p1a: Chicxulub|Cosmic Power|p1a: Chicxulub
|-boost|p1a: Chicxulub|def|1
|-boost|p1a: Chicxulub|spd|1
|move|p2a: Toxapex|Sludge Bomb|p1a: Chicxulub
|-resisted|p1a: Chicxulub
|-damage|p1a: Chicxulub|48/100
|
|-formechange|p1a: Chicxulub|Minior-Orange||[from] ability: Shields Down
|upkeep
|turn|25
|
|t:|1758278347
|move|p1a: Chicxulub|Power Gem|p2a: Toxapex
|-damage|p2a: Toxapex|23/100
|move|p2a: Toxapex|Toxic|p1a: Chicxulub
|-status|p1a: Chicxulub|tox
|
|-heal|p2a: Toxapex|29/100|[from] item: Black Sludge
|-damage|p1a: Chicxulub|42/100 tox|[from] psn
|upkeep
|turn|26
|
|t:|1758278356
|move|p2a: Toxapex|Baneful Bunker|p2a: Toxapex
|-singleturn|p2a: Toxapex|move: Protect
|move|p1a: Chicxulub|Power Gem|p2a: Toxapex
|-activate|p2a: Toxapex|move: Protect
|
|-heal|p2a: Toxapex|36/100|[from] item: Black Sludge
|-damage|p1a: Chicxulub|30/100 tox|[from] psn
|upkeep
|turn|27
|inactive|manupama has 120 seconds left.
|
|t:|1758278365
|switch|p2a: Wo-Chien|Wo-Chien|100/100
|-ability|p2a: Wo-Chien|Tablets of Ruin
|move|p1a: Chicxulub|Power Gem|p2a: Wo-Chien
|-crit|p2a: Wo-Chien
|-damage|p2a: Wo-Chien|0 fnt
|faint|p2a: Wo-Chien
|
|-damage|p1a: Chicxulub|11/100 tox|[from] psn
|upkeep
|inactive|manupama has 120 seconds left.
|
|t:|1758278375
|switch|p2a: Toxapex|Toxapex, F|69/100
|turn|28
|
|t:|1758278379
|move|p2a: Toxapex|Baneful Bunker|p2a: Toxapex
|-singleturn|p2a: Toxapex|move: Protect
|move|p1a: Chicxulub|Power Gem|p2a: Toxapex
|-activate|p2a: Toxapex|move: Protect
|
|-heal|p2a: Toxapex|75/100|[from] item: Black Sludge
|-damage|p1a: Chicxulub|0 fnt|[from] psn
|faint|p1a: Chicxulub
|upkeep
|
|t:|1758278389
|switch|p1a: Twilight|Delphox, F, shiny|100/100
|turn|29
|
|t:|1758278405
|move|p1a: Twilight|Fire Spin|p2a: Toxapex
|-resisted|p2a: Toxapex
|-damage|p2a: Toxapex|70/100
|-activate|p2a: Toxapex|move: Fire Spin|[of] p1a: Twilight
|move|p2a: Toxapex|Toxic|p1a: Twilight
|-status|p1a: Twilight|tox
|
|-heal|p2a: Toxapex|76/100|[from] item: Black Sludge
|-damage|p1a: Twilight|94/100 tox|[from] psn
|-damage|p2a: Toxapex|64/100|[from] move: Fire Spin|[partiallytrapped]
|upkeep
|turn|30
|
|t:|1758278420
|move|p1a: Twilight|Psychic Noise|p2a: Toxapex
|-supereffective|p2a: Toxapex
|-damage|p2a: Toxapex|23/100
|-start|p2a: Toxapex|move: Heal Block
|cant|p2a: Toxapex|move: Heal Block|Recover
|
|-damage|p1a: Twilight|82/100 tox|[from] psn
|-damage|p2a: Toxapex|10/100|[from] move: Fire Spin|[partiallytrapped]
|upkeep
|turn|31
|
|t:|1758278432
|move|p2a: Toxapex|Baneful Bunker|p2a: Toxapex
|-singleturn|p2a: Toxapex|move: Protect
|move|p1a: Twilight|Wish|p1a: Twilight
|
|-damage|p1a: Twilight|63/100 tox|[from] psn
|-damage|p2a: Toxapex|0 fnt|[from] move: Fire Spin|[partiallytrapped]
|faint|p2a: Toxapex
|upkeep
|
|t:|1758278446
|switch|p2a: Chandelure|Chandelure, M, shiny|100/100
|turn|32
|
|t:|1758278456
|switch|p1a: Bob|Clodsire, M|75/100
|-damage|p1a: Bob|69/100|[from] Stealth Rock
|move|p2a: Chandelure|Shadow Ball|p1a: Bob
|-damage|p1a: Bob|46/100
|
|-heal|p1a: Bob|81/100|[from] move: Wish|[wisher] Twilight
|-heal|p1a: Bob|87/100|[from] item: Leftovers
|upkeep
|turn|33
|
|t:|1758278471
|switch|p2a: Landorus|Landorus-Therian, M|88/100 tox
|-ability|p2a: Landorus|Intimidate|boost
|-unboost|p1a: Bob|atk|1
|move|p1a: Bob|Toxic|p2a: Landorus
|-fail|p2a: Landorus|tox
|
|-heal|p2a: Landorus|94/100 tox|[from] item: Leftovers
|-heal|p1a: Bob|93/100|[from] item: Leftovers
|-damage|p2a: Landorus|88/100 tox|[from] psn
|upkeep
|turn|34
|
|t:|1758278481
|move|p2a: Landorus|Earthquake|p1a: Bob
|-supereffective|p1a: Bob
|-damage|p1a: Bob|0 fnt
|faint|p1a: Bob
|
|-heal|p2a: Landorus|94/100 tox|[from] item: Leftovers
|-damage|p2a: Landorus|82/100 tox|[from] psn
|upkeep
|
|t:|1758278490
|switch|p1a: Twilight|Delphox, F, shiny|63/100 tox
|turn|35
|
|t:|1758278498
|move|p1a: Twilight|Protect|p1a: Twilight
|-singleturn|p1a: Twilight|Protect
|move|p2a: Landorus|Earthquake|p1a: Twilight
|-activate|p1a: Twilight|move: Protect
|
|-heal|p2a: Landorus|88/100 tox|[from] item: Leftovers
|-damage|p1a: Twilight|57/100 tox|[from] psn
|-damage|p2a: Landorus|70/100 tox|[from] psn
|upkeep
|turn|36
|
|t:|1758278509
|move|p1a: Twilight|Protect|p1a: Twilight
|-singleturn|p1a: Twilight|Protect
|move|p2a: Landorus|Earthquake|p1a: Twilight
|-activate|p1a: Twilight|move: Protect
|
|-heal|p2a: Landorus|76/100 tox|[from] item: Leftovers
|-damage|p1a: Twilight|45/100 tox|[from] psn
|-damage|p2a: Landorus|52/100 tox|[from] psn
|upkeep
|turn|37
|
|t:|1758278520
|move|p1a: Twilight|Protect||[still]
|-fail|p1a: Twilight
|move|p2a: Landorus|Earthquake|p1a: Twilight
|-supereffective|p1a: Twilight
|-damage|p1a: Twilight|0 fnt
|faint|p1a: Twilight
|
|-heal|p2a: Landorus|58/100 tox|[from] item: Leftovers
|-damage|p2a: Landorus|28/100 tox|[from] psn
|upkeep
|
|t:|1758278531
|switch|p1a: David|Lucario, M|100/100
|-damage|p1a: David|98/100|[from] Stealth Rock
|turn|38
|
|t:|1758278542
|move|p1a: David|Extreme Speed|p2a: Landorus
|-damage|p2a: Landorus|7/100 tox
|move|p2a: Landorus|Earthquake|p1a: David
|-supereffective|p1a: David
|-damage|p1a: David|0 fnt
|faint|p1a: David
|
|win|manupama
|raw|Tom5283's rating: 1199 &rarr; <strong>1176</strong><br />(-23 for losing)
|raw|manupama's rating: 1227 &rarr; <strong>1250</strong><br />(+23 for winning)
|c|☆Tom5283|Ggs
|l|☆Tom5283
|player|p1|
