|j|☆tea chai
|j|☆WallBreak4
|t:|1758266933
|gametype|singles
|player|p1|tea chai|iris|1407
|player|p2|WallBreak4|265|1405
|gen|9
|tier|[Gen 9] OU
|rated|
|rule|HP Percentage Mod: HP is shown in percentages
|rule|Endless Battle Clause: Forcing endless battles is banned
|rule|Species Clause: Limit one of each Pokémon
|rule|OHKO Clause: OHKO moves are banned
|rule|Evasion Items Clause: Evasion items are banned
|rule|Evasion Moves Clause: Evasion moves are banned
|rule|Evasion Abilities Clause: Evasion abilities are banned
|rule|Sleep Moves Clause: Sleep-inducing moves are banned
|clearpoke
|poke|p1|Corviknight, M|
|poke|p1|Rillaboom, F|
|poke|p1|Iron Moth|
|poke|p1|Iron Treads|
|poke|p1|Primarina, M|
|poke|p1|Scyther, F|
|poke|p2|Iron Crown|
|poke|p2|Samurott-Hisui, F|
|poke|p2|Zapdos|
|poke|p2|Dragapult, M|
|poke|p2|Great Tusk|
|poke|p2|Iron Boulder|
|teampreview
|inactive|Battle timer is ON: inactive players will automatically lose when time's up. (requested by tea chai)
|
|t:|1758266954
|teamsize|p1|6
|teamsize|p2|6
|start
|switch|p1a: Primarina|Primarina, M|100/100
|switch|p2a: Hurikan|Zapdos|100/100
|turn|1
|
|t:|1758266971
|switch|p1a: Iron Treads|Iron Treads|100/100
|move|p2a: Hurikan|Discharge|p1a: Iron Treads
|-immune|p1a: Iron Treads
|
|upkeep
|turn|2
|inactive|WallBreak4 has 120 seconds left.
|inactive|tea chai has 120 seconds left.
|
|t:|1758267011
|move|p1a: Iron Treads|Ice Spinner|p2a: Hurikan
|-supereffective|p2a: Hurikan
|-damage|p2a: Hurikan|64/100
|move|p2a: Hurikan|U-turn|p1a: Iron Treads
|-resisted|p1a: Iron Treads
|-damage|p1a: Iron Treads|94/100
|
|t:|1758267027
|switch|p2a: Pump It|Great Tusk|100/100|[from] U-turn
|
|upkeep
|turn|3
|
|t:|1758267034
|-end|p1a: Iron Treads|Quark Drive|[silent]
|switch|p1a: Scyther|Scyther, F|100/100
|move|p2a: Pump It|Headlong Rush|p1a: Scyther
|-immune|p1a: Scyther
|
|upkeep
|turn|4
|inactive|tea chai has 120 seconds left.
|inactive|WallBreak4 has 90 seconds left.
|
|t:|1758267065
|switch|p1a: Iron Moth|Iron Moth|100/100
|-end|p2a: Pump It|Protosynthesis|[silent]
|switch|p2a: Hurikan|Zapdos|64/100
|
|upkeep
|turn|5
|inactive|WallBreak4 has 90 seconds left.
|inactive|tea chai has 120 seconds left.
|
|t:|1758267076
|move|p1a: Iron Moth|Fiery Dance|p2a: Hurikan
|-damage|p2a: Hurikan|25/100
|-boost|p1a: Iron Moth|spa|1
|move|p2a: Hurikan|Hurricane|p1a: Iron Moth|[miss]
|-miss|p2a: Hurikan|p1a: Iron Moth
|
|upkeep
|turn|6
|inactive|tea chai has 120 seconds left.
|
|t:|1758267103
|switch|p2a: Everytime We Touch|Samurott-Hisui, F|100/100
|move|p1a: Iron Moth|Fiery Dance|p2a: Everytime We Touch
|-resisted|p2a: Everytime We Touch
|-damage|p2a: Everytime We Touch|52/100
|-boost|p1a: Iron Moth|spa|1
|
|upkeep
|turn|7
|inactive|tea chai has 90 seconds left.
|
|t:|1758267135
|move|p2a: Everytime We Touch|Razor Shell|p1a: Iron Moth
|-supereffective|p1a: Iron Moth
|-damage|p1a: Iron Moth|0 fnt
|faint|p1a: Iron Moth
|-end|p1a: Iron Moth|Quark Drive|[silent]
|
|upkeep
|
|t:|1758267140
|switch|p1a: Rillaboom|Rillaboom, F|100/100
|-fieldstart|move: Grassy Terrain|[from] ability: Grassy Surge|[of] p1a: Rillaboom
|turn|8
|
|t:|1758267151
|switch|p2a: Mindreader|Iron Crown|100/100
|move|p1a: Rillaboom|Knock Off|p2a: Mindreader
|-supereffective|p2a: Mindreader
|-damage|p2a: Mindreader|28/100
|-enditem|p2a: Mindreader|Choice Specs|[from] move: Knock Off|[of] p1a: Rillaboom
|
|-heal|p2a: Mindreader|34/100|[from] Grassy Terrain
|upkeep
|turn|9
|
|t:|1758267166
|move|p2a: Mindreader|Volt Switch|p1a: Rillaboom
|-resisted|p1a: Rillaboom
|-damage|p1a: Rillaboom|90/100
|
|t:|1758267170
|-end|p2a: Mindreader|Quark Drive|[silent]
|switch|p2a: Hurikan|Zapdos|25/100|[from] Volt Switch
|move|p1a: Rillaboom|Knock Off|p2a: Hurikan
|-damage|p2a: Hurikan|0 fnt
|-status|p1a: Rillaboom|par|[from] ability: Static|[of] p2a: Hurikan
|-enditem|p2a: Hurikan|Heavy-Duty Boots|[from] move: Knock Off|[of] p1a: Rillaboom
|faint|p2a: Hurikan
|
|-heal|p1a: Rillaboom|96/100 par|[from] Grassy Terrain
|upkeep
|
|t:|1758267188
|switch|p2a: Pump It|Great Tusk|100/100
|turn|10
|
|t:|1758267193
|switch|p1a: Scyther|Scyther, F|100/100
|-terastallize|p2a: Pump It|Fire
|move|p2a: Pump It|Ice Spinner|p1a: Scyther
|-supereffective|p1a: Scyther
|-damage|p1a: Scyther|17/100
|-fieldend|move: Grassy Terrain
|
|upkeep
|turn|11
|
|t:|1758267206
|move|p1a: Scyther|Dual Wingbeat|p2a: Pump It
|-damage|p2a: Pump It|80/100
|-damage|p2a: Pump It|60/100
|-hitcount|p2a: Pump It|2
|move|p2a: Pump It|Ice Spinner|p1a: Scyther
|-supereffective|p1a: Scyther
|-damage|p1a: Scyther|0 fnt
|faint|p1a: Scyther
|
|upkeep
|inactive|tea chai has 120 seconds left.
|
|t:|1758267236
|switch|p1a: Iron Treads|Iron Treads|94/100
|turn|12
|inactive|WallBreak4 has 120 seconds left.
|
|t:|1758267258
|-end|p2a: Pump It|Protosynthesis|[silent]
|switch|p2a: Everytime We Touch|Samurott-Hisui, F|52/100
|move|p1a: Iron Treads|High Horsepower|p2a: Everytime We Touch
|-damage|p2a: Everytime We Touch|0 fnt
|faint|p2a: Everytime We Touch
|
|upkeep
|inactive|WallBreak4 has 90 seconds left.
|
|t:|1758267291
|switch|p2a: Revery|Iron Boulder|100/100
|-enditem|p2a: Revery|Booster Energy
|-activate|p2a: Revery|ability: Quark Drive|[fromitem]
|-start|p2a: Revery|quarkdrivespe
|turn|13
|inactive|WallBreak4 has 90 seconds left.
|inactive|tea chai has 120 seconds left.
|inactive|tea chai has 90 seconds left.
|
|t:|1758267338
|move|p2a: Revery|Close Combat|p1a: Iron Treads
|-supereffective|p1a: Iron Treads
|-damage|p1a: Iron Treads|25/100
|-unboost|p2a: Revery|def|1
|-unboost|p2a: Revery|spd|1
|move|p1a: Iron Treads|Iron Head|p2a: Revery
|-supereffective|p2a: Revery
|-damage|p2a: Revery|0 fnt
|faint|p2a: Revery
|-end|p2a: Revery|Quark Drive|[silent]
|
|upkeep
|inactive|WallBreak4 has 90 seconds left.
|
|t:|1758267350
|switch|p2a: Parasite|Dragapult, M|100/100
|turn|14
|inactive|WallBreak4 has 90 seconds left.
|
|t:|1758267357
|move|p2a: Parasite|U-turn|p1a: Iron Treads
|-resisted|p1a: Iron Treads
|-damage|p1a: Iron Treads|10/100
|inactive|WallBreak4 has 90 seconds left.
|
|t:|1758267365
|switch|p2a: Pump It|Great Tusk, tera:Fire|60/100|[from] U-turn
|move|p1a: Iron Treads|Ice Spinner|p2a: Pump It
|-resisted|p2a: Pump It
|-damage|p2a: Pump It|50/100
|
|upkeep
|turn|15
|
|t:|1758267374
|move|p1a: Iron Treads|High Horsepower|p2a: Pump It
|-supereffective|p2a: Pump It
|-damage|p2a: Pump It|0 fnt
|faint|p2a: Pump It
|-end|p2a: Pump It|Protosynthesis|[silent]
|
|upkeep
|
|t:|1758267380
|switch|p2a: Parasite|Dragapult, M|100/100
|turn|16
|inactive|tea chai has 90 seconds left.
|
|t:|1758267433
|move|p2a: Parasite|U-turn|p1a: Iron Treads
|-resisted|p1a: Iron Treads
|-damage|p1a: Iron Treads|0 fnt
|faint|p1a: Iron Treads
|-end|p1a: Iron Treads|Quark Drive|[silent]
|
|t:|1758267441
|switch|p2a: Mindreader|Iron Crown|34/100|[from] U-turn
|
|upkeep
|
|t:|1758267445
|switch|p1a: Rillaboom|Rillaboom, F|96/100 par
|-fieldstart|move: Grassy Terrain|[from] ability: Grassy Surge|[of] p1a: Rillaboom
|turn|17
|
|t:|1758267453
|move|p2a: Mindreader|Tachyon Cutter|p1a: Rillaboom
|-damage|p1a: Rillaboom|75/100 par
|-damage|p1a: Rillaboom|53/100 par
|-hitcount|p1a: Rillaboom|2
|move|p1a: Rillaboom|Knock Off|p2a: Mindreader
|-supereffective|p2a: Mindreader
|-damage|p2a: Mindreader|0 fnt
|faint|p2a: Mindreader
|-end|p2a: Mindreader|Quark Drive|[silent]
|
|-heal|p1a: Rillaboom|59/100 par|[from] Grassy Terrain
|upkeep
|
|t:|1758267461
|switch|p2a: Parasite|Dragapult, M|100/100
|turn|18
|inactive|WallBreak4 has 120 seconds left.
|c|☆WallBreak4|gg
|inactive|tea chai has 90 seconds left.
|
|t:|1758267494
|move|p2a: Parasite|Tera Blast|p1a: Rillaboom
|-damage|p1a: Rillaboom|44/100 par
|move|p1a: Rillaboom|Knock Off|p2a: Parasite
|-supereffective|p2a: Parasite
|-damage|p2a: Parasite|0 fnt
|-enditem|p2a: Parasite|Choice Band|[from] move: Knock Off|[of] p1a: Rillaboom
|faint|p2a: Parasite
|
|win|tea chai
|raw|tea chai's rating: 1407 &rarr; <strong>1427</strong><br />(+20 for winning)
|raw|WallBreak4's rating: 1405 &rarr; <strong>1385</strong><br />(-20 for losing)
|l|☆tea chai
|player|p1|
|l|☆WallBreak4
|player|p2|
