|j|☆pepepoopoop
|j|☆Aldrick C
|t:|1758263929
|gametype|singles
|player|p1|pepepoopoop|265|1312
|player|p2|Aldrick C|2|1291
|gen|9
|tier|[Gen 9] OU
|rated|
|rule|HP Percentage Mod: HP is shown in percentages
|rule|Endless Battle Clause: Forcing endless battles is banned
|rule|Species Clause: Limit one of each Pokémon
|rule|OHKO Clause: OHKO moves are banned
|rule|Evasion Items Clause: Evasion items are banned
|rule|Evasion Moves Clause: Evasion moves are banned
|rule|Evasion Abilities Clause: Evasion abilities are banned
|rule|Sleep Moves Clause: Sleep-inducing moves are banned
|clearpoke
|poke|p1|Jolteon, M|
|poke|p1|Slowking-Galar, F|
|poke|p1|Great Tusk|
|poke|p1|Hydrapple, M|
|poke|p1|Kingambit, M|
|poke|p1|Moltres|
|poke|p2|Dragapult, F|
|poke|p2|Raging Bolt|
|poke|p2|Ogerpon-Wellspring, F|
|poke|p2|Slowking-Galar, F|
|poke|p2|Moltres|
|poke|p2|Great Tusk|
|teampreview
|inactive|Battle timer is ON: inactive players will automatically lose when time's up. (requested by Aldrick C)
|
|t:|1758263944
|teamsize|p1|6
|teamsize|p2|6
|start
|switch|p1a: Great Tusk|Great Tusk|100/100
|switch|p2a: Dragapult|Dragapult, F|100/100
|turn|1
|
|t:|1758263950
|switch|p2a: Moltres|Moltres|100/100
|-end|p1a: Great Tusk|Protosynthesis|[silent]
|switch|p1a: Slowking|Slowking-Galar, F|100/100
|
|upkeep
|turn|2
|
|t:|1758263955
|move|p2a: Moltres|U-turn|p1a: Slowking
|-damage|p1a: Slowking|89/100
|
|t:|1758263960
|switch|p2a: Slowking|Slowking-Galar, F|100/100|[from] U-turn
|move|p1a: Slowking|Sludge Bomb|p2a: Slowking
|-resisted|p2a: Slowking
|-damage|p2a: Slowking|91/100
|
|upkeep
|turn|3
|
|t:|1758263965
|move|p1a: Slowking|Psyshock|p2a: Slowking
|-damage|p2a: Slowking|59/100
|move|p2a: Slowking|Thunder Wave|p1a: Slowking
|-status|p1a: Slowking|par
|
|upkeep
|turn|4
|
|t:|1758263972
|-prepare|p2a: Slowking|Chilly Reception|[premajor]
|move|p2a: Slowking|Chilly Reception|p2a: Slowking
|-weather|Snowscape
|
|t:|1758263979
|switch|p2a: Moltres|Moltres|100/100|[from] Chilly Reception
|move|p1a: Slowking|Psyshock|p2a: Moltres
|-damage|p2a: Moltres|81/100
|
|-weather|Snowscape|[upkeep]
|upkeep
|turn|5
|
|t:|1758263987
|move|p2a: Moltres|U-turn|p1a: Slowking
|-damage|p1a: Slowking|78/100 par
|
|t:|1758263996
|switch|p2a: Great Tusk|Great Tusk|100/100|[from] U-turn
|move|p1a: Slowking|Sludge Bomb|p2a: Great Tusk
|-resisted|p2a: Great Tusk
|-damage|p2a: Great Tusk|78/100
|
|-weather|Snowscape|[upkeep]
|upkeep
|turn|6
|
|t:|1758264003
|switch|p1a: Moltres|Moltres|100/100
|move|p2a: Great Tusk|Headlong Rush|p1a: Moltres
|-immune|p1a: Moltres
|
|-weather|Snowscape|[upkeep]
|upkeep
|turn|7
|
|t:|1758264028
|-end|p2a: Great Tusk|Protosynthesis|[silent]
|switch|p2a: Slowking|Slowking-Galar, F|93/100
|move|p1a: Moltres|Flamethrower|p2a: Slowking
|-crit|p2a: Slowking
|-damage|p2a: Slowking|62/100
|
|-weather|Snowscape|[upkeep]
|upkeep
|turn|8
|
|t:|1758264043
|move|p1a: Moltres|Will-O-Wisp|p2a: Slowking
|-status|p2a: Slowking|brn
|move|p2a: Slowking|Thunder Wave|p1a: Moltres
|-status|p1a: Moltres|par
|
|-weather|none
|-damage|p2a: Slowking|56/100 brn|[from] brn
|upkeep
|turn|9
|
|t:|1758264058
|switch|p1a: Jolteon|Jolteon, M|100/100
|-prepare|p2a: Slowking|Chilly Reception|[premajor]
|move|p2a: Slowking|Chilly Reception|p2a: Slowking
|-weather|Snowscape
|
|t:|1758264068
|switch|p2a: Raging Bolt|Raging Bolt|100/100|[from] Chilly Reception
|-enditem|p2a: Raging Bolt|Booster Energy
|-activate|p2a: Raging Bolt|ability: Protosynthesis|[fromitem]
|-start|p2a: Raging Bolt|protosynthesisspa
|
|-weather|Snowscape|[upkeep]
|upkeep
|turn|10
|
|t:|1758264077
|-terastallize|p1a: Jolteon|Fairy
|move|p1a: Jolteon|Calm Mind|p1a: Jolteon
|-boost|p1a: Jolteon|spa|1
|-boost|p1a: Jolteon|spd|1
|move|p2a: Raging Bolt|Dragon Pulse|p1a: Jolteon
|-immune|p1a: Jolteon
|
|-weather|Snowscape|[upkeep]
|upkeep
|turn|11
|
|t:|1758264084
|-end|p2a: Raging Bolt|Protosynthesis|[silent]
|switch|p2a: Slowking|Slowking-Galar, F|89/100 brn
|move|p1a: Jolteon|Calm Mind|p1a: Jolteon
|-boost|p1a: Jolteon|spa|1
|-boost|p1a: Jolteon|spd|1
|
|-weather|Snowscape|[upkeep]
|-damage|p2a: Slowking|83/100 brn|[from] brn
|upkeep
|turn|12
|
|t:|1758264089
|move|p1a: Jolteon|Thunderbolt|p2a: Slowking
|-damage|p2a: Slowking|32/100 brn
|move|p2a: Slowking|Thunder Wave|p1a: Jolteon
|-immune|p1a: Jolteon|[from] ability: Volt Absorb
|
|-weather|Snowscape|[upkeep]
|-damage|p2a: Slowking|26/100 brn|[from] brn
|upkeep
|turn|13
|
|t:|1758264093
|move|p1a: Jolteon|Thunderbolt|p2a: Slowking
|-damage|p2a: Slowking|0 fnt
|faint|p2a: Slowking
|
|-weather|none
|upkeep
|
|t:|1758264099
|switch|p2a: Great Tusk|Great Tusk|78/100
|turn|14
|
|t:|1758264105
|move|p1a: Jolteon|Alluring Voice|p2a: Great Tusk
|-supereffective|p2a: Great Tusk
|-damage|p2a: Great Tusk|0 fnt
|faint|p2a: Great Tusk
|-end|p2a: Great Tusk|Protosynthesis|[silent]
|
|upkeep
|-message|Aldrick C forfeited.
|
|win|pepepoopoop
|raw|pepepoopoop's rating: 1312 &rarr; <strong>1331</strong><br />(+19 for winning)
|raw|Aldrick C's rating: 1291 &rarr; <strong>1268</strong><br />(-23 for losing)
|l|☆Aldrick C
|player|p2|
|l|☆pepepoopoop
|player|p1|
