|j|‽malk tyme
|j|☆Smiley icecream
|t:|1758330742
|gametype|singles
|player|p1|malk tyme|265|1626
|player|p2|Smiley icecream|265|1494
|gen|9
|tier|[Gen 9] OU
|rated|
|rule|HP Percentage Mod: HP is shown in percentages
|rule|Endless Battle Clause: Forcing endless battles is banned
|rule|Species Clause: Limit one of each Pokémon
|rule|OHKO Clause: OHKO moves are banned
|rule|Evasion Items Clause: Evasion items are banned
|rule|Evasion Moves Clause: Evasion moves are banned
|rule|Evasion Abilities Clause: Evasion abilities are banned
|rule|Sleep Moves Clause: Sleep-inducing moves are banned
|clearpoke
|poke|p1|Blaziken, F|
|poke|p1|Salamence, F|
|poke|p1|Dondozo, F|
|poke|p1|Meloetta|
|poke|p1|Iron Treads|
|poke|p1|Veluza, M|
|poke|p2|Ribombee, F|
|poke|p2|Manaphy|
|poke|p2|Pecharunt|
|poke|p2|Iron Moth|
|poke|p2|Samurott-Hisui, M|
|poke|p2|Great Tusk|
|teampreview
|inactive|Battle timer is ON: inactive players will automatically lose when time's up. (requested by Smiley icecream)
|
|t:|1758330754
|teamsize|p1|6
|teamsize|p2|6
|start
|switch|p1a: Iron Treads|Iron Treads|100/100
|switch|p2a: Samurott|Samurott-Hisui, M|100/100
|turn|1
|
|t:|1758330762
|move|p1a: Iron Treads|Stealth Rock|p2a: Samurott
|-sidestart|p2: Smiley icecream|move: Stealth Rock
|move|p2a: Samurott|Aqua Cutter|p1a: Iron Treads
|-supereffective|p1a: Iron Treads
|-damage|p1a: Iron Treads|33/100
|
|upkeep
|turn|2
|
|t:|1758330766
|move|p1a: Iron Treads|Endeavor|p2a: Samurott
|-damage|p2a: Samurott|39/100
|move|p2a: Samurott|Ceaseless Edge|p1a: Iron Treads
|-damage|p1a: Iron Treads|0 fnt
|-sidestart|p1: malk tyme|Spikes
|faint|p1a: Iron Treads
|-end|p1a: Iron Treads|Quark Drive|[silent]
|
|upkeep
|
|t:|1758330772
|switch|p1a: Salamence|Salamence, F|100/100
|turn|3
|
|t:|1758330779
|move|p1a: Salamence|Earthquake|p2a: Samurott
|-damage|p2a: Samurott|0 fnt
|faint|p2a: Samurott
|-ability|p1a: Salamence|Moxie|boost
|-boost|p1a: Salamence|atk|1
|
|upkeep
|
|t:|1758330783
|switch|p2a: Great Tusk|Great Tusk|100/100
|-damage|p2a: Great Tusk|98/100|[from] Stealth Rock
|-enditem|p2a: Great Tusk|Booster Energy
|-activate|p2a: Great Tusk|ability: Protosynthesis|[fromitem]
|-start|p2a: Great Tusk|protosynthesisatk
|turn|4
|
|t:|1758330788
|switch|p1a: Dondozo|Dondozo, F|100/100
|-damage|p1a: Dondozo|88/100|[from] Spikes
|move|p2a: Great Tusk|Ice Spinner|p1a: Dondozo
|-resisted|p1a: Dondozo
|-damage|p1a: Dondozo|78/100
|
|-heal|p1a: Dondozo|84/100|[from] item: Leftovers
|upkeep
|turn|5
|
|t:|1758330795
|move|p2a: Great Tusk|Rapid Spin|p1a: Dondozo
|-damage|p1a: Dondozo|70/100
|-boost|p2a: Great Tusk|spe|1
|-sideend|p2: Smiley icecream|Stealth Rock|[from] move: Rapid Spin|[of] p2a: Great Tusk
|move|p1a: Dondozo|Wave Crash|p2a: Great Tusk
|-supereffective|p2a: Great Tusk
|-damage|p2a: Great Tusk|36/100
|-damage|p1a: Dondozo|55/100|[from] Recoil
|
|-heal|p1a: Dondozo|61/100|[from] item: Leftovers
|upkeep
|turn|6
|
|t:|1758330816
|switch|p1a: Salamence|Salamence, F|100/100
|move|p2a: Great Tusk|Headlong Rush|p1a: Salamence
|-immune|p1a: Salamence
|
|upkeep
|turn|7
|
|t:|1758330824
|-terastallize|p1a: Salamence|Fairy
|move|p1a: Salamence|Tera Blast|p2a: Great Tusk|[anim] Tera Blast Fairy
|-supereffective|p2a: Great Tusk
|-damage|p2a: Great Tusk|0 fnt
|faint|p2a: Great Tusk
|-end|p2a: Great Tusk|Protosynthesis|[silent]
|-ability|p1a: Salamence|Moxie|boost
|-boost|p1a: Salamence|atk|1
|
|upkeep
|
|t:|1758330834
|switch|p2a: Iron Moth|Iron Moth|100/100
|-enditem|p2a: Iron Moth|Booster Energy
|-activate|p2a: Iron Moth|ability: Quark Drive|[fromitem]
|-start|p2a: Iron Moth|quarkdrivespe
|turn|8
|
|t:|1758330841
|switch|p1a: Meloetta|Meloetta|100/100
|-damage|p1a: Meloetta|88/100|[from] Spikes
|move|p2a: Iron Moth|Fiery Dance|p1a: Meloetta
|-damage|p1a: Meloetta|61/100
|
|upkeep
|turn|9
|
|t:|1758330846
|move|p2a: Iron Moth|Fiery Dance|p1a: Meloetta
|-damage|p1a: Meloetta|32/100
|move|p1a: Meloetta|Trick Room|p1a: Meloetta
|-fieldstart|move: Trick Room|[of] p1a: Meloetta
|
|upkeep
|turn|10
|
|t:|1758330853
|move|p1a: Meloetta|Psychic|p2a: Iron Moth
|-supereffective|p2a: Iron Moth
|-damage|p2a: Iron Moth|0 fnt
|faint|p2a: Iron Moth
|-end|p2a: Iron Moth|Quark Drive|[silent]
|
|upkeep
|
|t:|1758330858
|switch|p2a: Ribombee|Ribombee, F|100/100
|turn|11
|
|t:|1758330861
|move|p1a: Meloetta|Psychic|p2a: Ribombee
|-damage|p2a: Ribombee|6/100
|move|p2a: Ribombee|Sticky Web|p1a: Meloetta
|-sidestart|p1: malk tyme|move: Sticky Web
|
|upkeep
|turn|12
|
|t:|1758330864
|move|p1a: Meloetta|Tera Blast|p2a: Ribombee
|-damage|p2a: Ribombee|0 fnt
|faint|p2a: Ribombee
|
|upkeep
|
|t:|1758330866
|switch|p2a: Manaphy|Manaphy|100/100
|turn|13
|
|t:|1758330869
|move|p1a: Meloetta|Energy Ball|p2a: Manaphy
|-supereffective|p2a: Manaphy
|-damage|p2a: Manaphy|31/100
|move|p2a: Manaphy|Tail Glow|p2a: Manaphy
|-boost|p2a: Manaphy|spa|3
|
|-heal|p2a: Manaphy|37/100|[from] item: Leftovers
|-fieldend|move: Trick Room
|upkeep
|turn|14
|
|t:|1758330873
|move|p2a: Manaphy|Surf|p1a: Meloetta
|-damage|p1a: Meloetta|0 fnt
|faint|p1a: Meloetta
|
|-heal|p2a: Manaphy|43/100|[from] item: Leftovers
|upkeep
|
|t:|1758330888
|switch|p1a: Salamence|Salamence, F, tera:Fairy|100/100
|-damage|p1a: Salamence|88/100|[from] Spikes
|-activate|p1a: Salamence|move: Sticky Web
|-unboost|p1a: Salamence|spe|1
|turn|15
|
|t:|1758330905
|switch|p1a: Veluza|Veluza, M|100/100
|-damage|p1a: Veluza|88/100|[from] Spikes
|-activate|p1a: Veluza|move: Sticky Web
|-unboost|p1a: Veluza|spe|1
|move|p2a: Manaphy|Surf|p1a: Veluza
|-resisted|p1a: Veluza
|-damage|p1a: Veluza|25/100
|
|-heal|p2a: Manaphy|49/100|[from] item: Leftovers
|upkeep
|turn|16
|
|t:|1758330907
|move|p2a: Manaphy|Surf|p1a: Veluza
|-resisted|p1a: Veluza
|-damage|p1a: Veluza|0 fnt
|faint|p1a: Veluza
|
|-heal|p2a: Manaphy|55/100|[from] item: Leftovers
|upkeep
|
|t:|1758330909
|switch|p1a: Dondozo|Dondozo, F|61/100
|-damage|p1a: Dondozo|49/100|[from] Spikes
|-activate|p1a: Dondozo|move: Sticky Web
|-unboost|p1a: Dondozo|spe|1
|turn|17
|
|t:|1758330912
|move|p2a: Manaphy|Energy Ball|p1a: Dondozo
|-supereffective|p1a: Dondozo
|-damage|p1a: Dondozo|14/100
|-unboost|p1a: Dondozo|spd|1
|move|p1a: Dondozo|Rest|p1a: Dondozo
|-status|p1a: Dondozo|slp|[from] move: Rest
|-heal|p1a: Dondozo|100/100 slp|[silent]
|
|-heal|p2a: Manaphy|61/100|[from] item: Leftovers
|upkeep
|turn|18
|
|t:|1758330920
|switch|p1a: Salamence|Salamence, F, tera:Fairy|88/100
|-damage|p1a: Salamence|76/100|[from] Spikes
|-activate|p1a: Salamence|move: Sticky Web
|-unboost|p1a: Salamence|spe|1
|move|p2a: Manaphy|Energy Ball|p1a: Salamence
|-damage|p1a: Salamence|0 fnt
|faint|p1a: Salamence
|
|-heal|p2a: Manaphy|68/100|[from] item: Leftovers
|upkeep
|
|t:|1758330922
|switch|p1a: Dondozo|Dondozo, F|100/100 slp
|-damage|p1a: Dondozo|88/100 slp|[from] Spikes
|-activate|p1a: Dondozo|move: Sticky Web
|-unboost|p1a: Dondozo|spe|1
|turn|19
|
|t:|1758330925
|-terastallize|p2a: Manaphy|Grass
|move|p2a: Manaphy|Energy Ball|p1a: Dondozo
|-supereffective|p1a: Dondozo
|-damage|p1a: Dondozo|40/100 slp
|cant|p1a: Dondozo|slp
|
|-heal|p2a: Manaphy|74/100|[from] item: Leftovers
|-heal|p1a: Dondozo|46/100 slp|[from] item: Leftovers
|upkeep
|turn|20
|-message|malk tyme forfeited.
|
|win|Smiley icecream
|raw|malk tyme's rating: 1626 &rarr; <strong>1599</strong><br />(-27 for losing)
|raw|Smiley icecream's rating: 1494 &rarr; <strong>1521</strong><br />(+27 for winning)
|l|‽malk tyme
|player|p1|
|l|☆Smiley icecream
|player|p2|
