|j|☆John Kritter
|j|☆Argentide
|t:|1758334784
|gametype|singles
|player|p1|John Kritter|pokemaniac|1621
|player|p2|Argentide|lady|1595
|gen|9
|tier|[Gen 9] OU
|rated|
|rule|HP Percentage Mod: HP is shown in percentages
|rule|Endless Battle Clause: Forcing endless battles is banned
|rule|Species Clause: Limit one of each Pokémon
|rule|OHKO Clause: OHKO moves are banned
|rule|Evasion Items Clause: Evasion items are banned
|rule|Evasion Moves Clause: Evasion moves are banned
|rule|Evasion Abilities Clause: Evasion abilities are banned
|rule|Sleep Moves Clause: Sleep-inducing moves are banned
|clearpoke
|poke|p1|Torkoal, F|
|poke|p1|Walking Wake|
|poke|p1|Hatterene, F|
|poke|p1|Great Tusk|
|poke|p1|Ceruledge, M|
|poke|p1|Enamorus, F|
|poke|p2|Dragonite, M|
|poke|p2|Enamorus, F|
|poke|p2|Samurott-Hisui, F|
|poke|p2|Great Tusk|
|poke|p2|Raging Bolt|
|poke|p2|Kyurem|
|teampreview
|inactive|Battle timer is ON: inactive players will automatically lose when time's up. (requested by John Kritter)
|
|t:|1758334802
|teamsize|p1|6
|teamsize|p2|6
|start
|switch|p1a: Enamorus|Enamorus, F|100/100
|switch|p2a: Dragonite|Dragonite, M|100/100
|turn|1
|
|t:|1758334811
|-terastallize|p2a: Dragonite|Normal
|move|p2a: Dragonite|Extreme Speed|p1a: Enamorus
|-damage|p1a: Enamorus|0 fnt
|faint|p1a: Enamorus
|
|upkeep
|
|t:|1758334829
|switch|p1a: Don|Great Tusk, shiny|100/100
|turn|2
|
|t:|1758334843
|switch|p2a: Samurott|Samurott-Hisui, F|100/100
|move|p1a: Don|Rapid Spin|p2a: Samurott
|-damage|p2a: Samurott|76/100
|-boost|p1a: Don|spe|1
|
|upkeep
|turn|3
|
|t:|1758334859
|move|p1a: Don|Rapid Spin|p2a: Samurott
|-damage|p2a: Samurott|49/100
|-boost|p1a: Don|spe|1
|move|p2a: Samurott|Razor Shell|p1a: Don
|-supereffective|p1a: Don
|-damage|p1a: Don|21/100
|-damage|p2a: Samurott|33/100|[from] item: Rocky Helmet|[of] p1a: Don
|
|upkeep
|turn|4
|
|t:|1758334868
|move|p2a: Samurott|Aqua Jet|p1a: Don
|-supereffective|p1a: Don
|-damage|p1a: Don|0 fnt
|-damage|p2a: Samurott|16/100|[from] item: Rocky Helmet|[of] p1a: Don
|faint|p1a: Don
|-end|p1a: Don|Protosynthesis|[silent]
|
|upkeep
|
|t:|1758334882
|switch|p1a: Torkoal|Torkoal, F|100/100
|-weather|SunnyDay|[from] ability: Drought|[of] p1a: Torkoal
|turn|5
|
|t:|1758334887
|move|p2a: Samurott|Razor Shell|p1a: Torkoal
|-supereffective|p1a: Torkoal
|-damage|p1a: Torkoal|56/100
|move|p1a: Torkoal|Stealth Rock|p2a: Samurott
|-sidestart|p2: Argentide|move: Stealth Rock
|
|-weather|SunnyDay|[upkeep]
|upkeep
|turn|6
|
|t:|1758334896
|move|p2a: Samurott|Ceaseless Edge|p1a: Torkoal
|-damage|p1a: Torkoal|19/100
|-sidestart|p1: John Kritter|Spikes
|move|p1a: Torkoal|Flamethrower|p2a: Samurott
|-resisted|p2a: Samurott
|-damage|p2a: Samurott|0 fnt
|faint|p2a: Samurott
|
|-weather|SunnyDay|[upkeep]
|upkeep
|
|t:|1758334903
|switch|p2a: Great Tusk|Great Tusk|100/100
|-activate|p2a: Great Tusk|ability: Protosynthesis
|-start|p2a: Great Tusk|protosynthesisatk
|turn|7
|
|t:|1758334914
|switch|p1a: Ceruledge|Ceruledge, M|100/100
|-damage|p1a: Ceruledge|88/100|[from] Spikes
|move|p2a: Great Tusk|Rapid Spin|p1a: Ceruledge
|-immune|p1a: Ceruledge
|
|-weather|SunnyDay|[upkeep]
|upkeep
|turn|8
|
|t:|1758334922
|-terastallize|p1a: Ceruledge|Grass
|move|p2a: Great Tusk|Headlong Rush|p1a: Ceruledge
|-resisted|p1a: Ceruledge
|-damage|p1a: Ceruledge|37/100
|-unboost|p2a: Great Tusk|def|1
|-unboost|p2a: Great Tusk|spd|1
|-ability|p1a: Ceruledge|Weak Armor|boost
|-unboost|p1a: Ceruledge|def|1
|-boost|p1a: Ceruledge|spe|2
|move|p1a: Ceruledge|Swords Dance|p1a: Ceruledge
|-boost|p1a: Ceruledge|atk|2
|
|-weather|SunnyDay|[upkeep]
|upkeep
|turn|9
|
|t:|1758334952
|move|p1a: Ceruledge|Bitter Blade|p2a: Great Tusk
|-damage|p2a: Great Tusk|0 fnt
|-heal|p1a: Ceruledge|100/100|[from] drain|[of] p2a: Great Tusk
|faint|p2a: Great Tusk
|-end|p2a: Great Tusk|Protosynthesis|[silent]
|
|-weather|SunnyDay|[upkeep]
|upkeep
|inactive|Argentide has 120 seconds left.
|
|t:|1758334968
|switch|p2a: Dragonite|Dragonite, M, tera:Normal|100/100
|-damage|p2a: Dragonite|88/100|[from] Stealth Rock
|turn|10
|
|t:|1758334973
|move|p2a: Dragonite|Extreme Speed|p1a: Ceruledge
|-enditem|p1a: Ceruledge|Focus Sash
|-damage|p1a: Ceruledge|1/100
|-ability|p1a: Ceruledge|Weak Armor|boost
|-unboost|p1a: Ceruledge|def|1
|-boost|p1a: Ceruledge|spe|2
|move|p1a: Ceruledge|Bitter Blade|p2a: Dragonite
|-damage|p2a: Dragonite|0 fnt
|-heal|p1a: Ceruledge|50/100|[from] drain|[of] p2a: Dragonite
|faint|p2a: Dragonite
|
|-weather|SunnyDay|[upkeep]
|upkeep
|
|t:|1758334979
|switch|p2a: Raging Bolt|Raging Bolt|100/100
|-damage|p2a: Raging Bolt|88/100|[from] Stealth Rock
|-activate|p2a: Raging Bolt|ability: Protosynthesis
|-start|p2a: Raging Bolt|protosynthesisspa
|turn|11
|
|t:|1758334987
|move|p1a: Ceruledge|Shadow Sneak|p2a: Raging Bolt
|-damage|p2a: Raging Bolt|49/100
|move|p2a: Raging Bolt|Thunderclap||[still]
|-fail|p2a: Raging Bolt
|
|-weather|SunnyDay|[upkeep]
|upkeep
|turn|12
|
|t:|1758334991
|move|p2a: Raging Bolt|Thunderclap|p1a: Ceruledge
|-resisted|p1a: Ceruledge
|-damage|p1a: Ceruledge|19/100
|move|p1a: Ceruledge|Bitter Blade|p2a: Raging Bolt
|-resisted|p2a: Raging Bolt
|-damage|p2a: Raging Bolt|0 fnt
|-heal|p1a: Ceruledge|52/100|[from] drain|[of] p2a: Raging Bolt
|faint|p2a: Raging Bolt
|-end|p2a: Raging Bolt|Protosynthesis|[silent]
|
|-weather|none
|upkeep
|
|t:|1758334995
|switch|p2a: Enamorus|Enamorus, F|100/100
|-damage|p2a: Enamorus|76/100|[from] Stealth Rock
|turn|13
|
|t:|1758335003
|move|p1a: Ceruledge|Bitter Blade|p2a: Enamorus
|-damage|p2a: Enamorus|0 fnt
|-heal|p1a: Ceruledge|89/100|[from] drain|[of] p2a: Enamorus
|faint|p2a: Enamorus
|
|upkeep
|-message|Argentide forfeited.
|
|win|John Kritter
|raw|John Kritter's rating: 1621 &rarr; <strong>1640</strong><br />(+19 for winning)
|raw|Argentide's rating: 1595 &rarr; <strong>1576</strong><br />(-19 for losing)
|l|☆Argentide
|player|p2|
