|j|☆Latenightcraving
|j|☆Gentai_Kiajo
|t:|1758353212
|gametype|singles
|player|p1|Latenightcraving|169|1080
|player|p2|Gentai_Kiajo|steven|1079
|gen|9
|tier|[Gen 9] OU
|rated|
|rule|HP Percentage Mod: HP is shown in percentages
|rule|Endless Battle Clause: Forcing endless battles is banned
|rule|Species Clause: Limit one of each Pokémon
|rule|OHKO Clause: OHKO moves are banned
|rule|Evasion Items Clause: Evasion items are banned
|rule|Evasion Moves Clause: Evasion moves are banned
|rule|Evasion Abilities Clause: Evasion abilities are banned
|rule|Sleep Moves Clause: Sleep-inducing moves are banned
|clearpoke
|poke|p1|Garganacl, F|
|poke|p1|Ting-Lu|
|poke|p1|Chesnaught, F|
|poke|p1|Zapdos|
|poke|p1|Gholdengo|
|poke|p1|Dragapult, M|
|poke|p2|Whimsicott, M|
|poke|p2|Gallade, M|
|poke|p2|Ninetales, F|
|poke|p2|Camerupt, M|
|poke|p2|Carbink|
|poke|p2|Noivern, F|
|teampreview
|inactive|Battle timer is ON: inactive players will automatically lose when time's up. (requested by Gentai_Kiajo)
|
|t:|1758353234
|teamsize|p1|6
|teamsize|p2|6
|start
|switch|p1a: Ting-Lu|Ting-Lu|100/100
|switch|p2a: Mozilla|Ninetales, F|100/100
|-weather|SunnyDay|[from] ability: Drought|[of] p2a: Mozilla
|-ability|p1a: Ting-Lu|Vessel of Ruin
|turn|1
|inactive|Gentai_Kiajo has 120 seconds left.
|
|t:|1758353273
|move|p2a: Mozilla|Will-O-Wisp|p1a: Ting-Lu
|-status|p1a: Ting-Lu|brn
|move|p1a: Ting-Lu|Stealth Rock|p2a: Mozilla
|-sidestart|p2: Gentai_Kiajo|move: Stealth Rock
|
|-weather|SunnyDay|[upkeep]
|-damage|p1a: Ting-Lu|94/100 brn|[from] brn
|upkeep
|turn|2
|inactive|Gentai_Kiajo has 120 seconds left.
|
|t:|1758353281
|switch|p1a: Dragapult|Dragapult, M|100/100
|move|p2a: Mozilla|Healing Wish|p2a: Mozilla
|faint|p2a: Mozilla
|
|-weather|SunnyDay|[upkeep]
|upkeep
|inactive|Gentai_Kiajo has 120 seconds left.
|
|t:|1758353287
|switch|p2a: Puffle|Whimsicott, M|100/100
|-damage|p2a: Puffle|88/100|[from] Stealth Rock
|turn|3
|
|t:|1758353293
|move|p2a: Puffle|Growth|p2a: Puffle
|-boost|p2a: Puffle|atk|2
|-boost|p2a: Puffle|spa|2
|move|p1a: Dragapult|U-turn|p2a: Puffle
|-damage|p2a: Puffle|58/100
|
|t:|1758353298
|switch|p1a: Ting-Lu|Ting-Lu|94/100 brn|[from] U-turn
|-ability|p1a: Ting-Lu|Vessel of Ruin
|
|-weather|SunnyDay|[upkeep]
|-heal|p1a: Ting-Lu|100/100 brn|[from] item: Leftovers
|-damage|p1a: Ting-Lu|94/100 brn|[from] brn
|upkeep
|turn|4
|
|t:|1758353305
|-terastallize|p1a: Ting-Lu|Poison
|move|p2a: Puffle|Solar Beam||[still]
|-prepare|p2a: Puffle|Solar Beam
|-anim|p2a: Puffle|Solar Beam|p1a: Ting-Lu
|-resisted|p1a: Ting-Lu
|-damage|p1a: Ting-Lu|69/100 brn
|-damage|p2a: Puffle|48/100|[from] item: Life Orb
|move|p1a: Ting-Lu|Whirlwind|p2a: Puffle
|drag|p2a: RockCandy|Carbink|100/100
|-damage|p2a: RockCandy|88/100|[from] Stealth Rock
|
|-weather|SunnyDay|[upkeep]
|-heal|p1a: Ting-Lu|75/100 brn|[from] item: Leftovers
|-damage|p1a: Ting-Lu|69/100 brn|[from] brn
|upkeep
|turn|5
|
|t:|1758353318
|switch|p1a: Gholdengo|Gholdengo|100/100
|-item|p1a: Gholdengo|Air Balloon
|move|p2a: RockCandy|Reflect|p2a: RockCandy
|-sidestart|p2: Gentai_Kiajo|Reflect
|
|-weather|SunnyDay|[upkeep]
|upkeep
|turn|6
|
|t:|1758353324
|move|p1a: Gholdengo|Make It Rain|p2a: RockCandy
|-supereffective|p2a: RockCandy
|-damage|p2a: RockCandy|0 fnt
|-unboost|p1a: Gholdengo|spa|1
|faint|p2a: RockCandy
|
|-weather|SunnyDay|[upkeep]
|upkeep
|
|t:|1758353328
|switch|p2a: Humphrey|Camerupt, M, shiny|100/100
|-damage|p2a: Humphrey|88/100|[from] Stealth Rock
|turn|7
|
|t:|1758353335
|switch|p1a: Dragapult|Dragapult, M|100/100
|move|p2a: Humphrey|Growth|p2a: Humphrey
|-boost|p2a: Humphrey|atk|2
|-boost|p2a: Humphrey|spa|2
|
|-weather|SunnyDay|[upkeep]
|-heal|p2a: Humphrey|94/100|[from] item: Leftovers
|upkeep
|turn|8
|
|t:|1758353343
|move|p1a: Dragapult|Hex|p2a: Humphrey
|-damage|p2a: Humphrey|57/100
|move|p2a: Humphrey|Earth Power|p1a: Dragapult
|-damage|p1a: Dragapult|0 fnt
|faint|p1a: Dragapult
|
|-weather|none
|-heal|p2a: Humphrey|63/100|[from] item: Leftovers
|upkeep
|
|t:|1758353352
|switch|p1a: Zapdos|Zapdos|100/100
|turn|9
|
|t:|1758353375
|move|p1a: Zapdos|Hurricane|p2a: Humphrey|[miss]
|-miss|p1a: Zapdos|p2a: Humphrey
|move|p2a: Humphrey|Lava Plume|p1a: Zapdos
|-damage|p1a: Zapdos|20/100
|
|-heal|p2a: Humphrey|69/100|[from] item: Leftovers
|upkeep
|turn|10
|
|t:|1758353382
|move|p1a: Zapdos|Hurricane|p2a: Humphrey|[miss]
|-miss|p1a: Zapdos|p2a: Humphrey
|move|p2a: Humphrey|Lava Plume|p1a: Zapdos
|-damage|p1a: Zapdos|0 fnt
|faint|p1a: Zapdos
|
|-heal|p2a: Humphrey|75/100|[from] item: Leftovers
|upkeep
|-message|Latenightcraving forfeited.
|
|win|Gentai_Kiajo
|raw|Latenightcraving's rating: 1080 &rarr; <strong>1058</strong><br />(-22 for losing)
|raw|Gentai_Kiajo's rating: 1079 &rarr; <strong>1107</strong><br />(+28 for winning)
|l|☆Latenightcraving
|player|p1|
|l|☆Gentai_Kiajo
|player|p2|
