|j|☆vbfewbufi
|j|☆PlexyF
|t:|1758289240
|gametype|singles
|player|p1|vbfewbufi|170|1121
|player|p2|PlexyF|2|1153
|gen|9
|tier|[Gen 9] OU
|rated|
|rule|HP Percentage Mod: HP is shown in percentages
|rule|Endless Battle Clause: Forcing endless battles is banned
|rule|Species Clause: Limit one of each Pokémon
|rule|OHKO Clause: OHKO moves are banned
|rule|Evasion Items Clause: Evasion items are banned
|rule|Evasion Moves Clause: Evasion moves are banned
|rule|Evasion Abilities Clause: Evasion abilities are banned
|rule|Sleep Moves Clause: Sleep-inducing moves are banned
|clearpoke
|poke|p1|Sinistea|
|poke|p1|Poliwag, M|
|poke|p1|Murkrow, M|
|poke|p1|Torchic, M|
|poke|p1|Pineco, L1, M|
|poke|p1|Cranidos, M|
|poke|p2|Tyranitar, F|
|poke|p2|Excadrill, F|
|poke|p2|Kingambit, M|
|poke|p2|Garchomp, F|
|poke|p2|Pecharunt|
|poke|p2|Rotom-Wash|
|teampreview
|inactive|Battle timer is ON: inactive players will automatically lose when time's up. (requested by vbfewbufi)
|
|t:|1758289250
|teamsize|p1|6
|teamsize|p2|6
|start
|switch|p1a: Murkrow|Murkrow, M|100/100
|switch|p2a: Tyranitar|Tyranitar, F|100/100
|-weather|Sandstorm|[from] ability: Sand Stream|[of] p2a: Tyranitar
|turn|1
|
|t:|1758289262
|move|p1a: Murkrow|Perish Song|p1a: Murkrow
|-start|p1a: Murkrow|perish3|[silent]
|-start|p2a: Tyranitar|perish3|[silent]
|-fieldactivate|move: Perish Song
|move|p2a: Tyranitar|Ice Beam|p1a: Murkrow
|-supereffective|p1a: Murkrow
|-crit|p1a: Murkrow
|-damage|p1a: Murkrow|21/100
|
|-weather|Sandstorm|[upkeep]
|-damage|p1a: Murkrow|15/100|[from] Sandstorm
|-start|p1a: Murkrow|perish3
|-start|p2a: Tyranitar|perish3
|upkeep
|turn|2
|
|t:|1758289269
|move|p1a: Murkrow|Tailwind|p1a: Murkrow
|-sidestart|p1: vbfewbufi|move: Tailwind
|move|p2a: Tyranitar|Ice Beam|p1a: Murkrow
|-supereffective|p1a: Murkrow
|-damage|p1a: Murkrow|0 fnt
|faint|p1a: Murkrow
|
|-weather|Sandstorm|[upkeep]
|-start|p2a: Tyranitar|perish2
|upkeep
|
|t:|1758289277
|switch|p1a: Cranidos|Cranidos, M|100/100
|turn|3
|
|t:|1758289299
|switch|p2a: Rotom|Rotom-Wash|100/100
|move|p1a: Cranidos|Head Smash|p2a: Rotom
|-damage|p2a: Rotom|41/100
|-damage|p1a: Cranidos|68/100|[from] Recoil
|
|-weather|Sandstorm|[upkeep]
|-damage|p2a: Rotom|35/100|[from] Sandstorm
|-heal|p2a: Rotom|41/100|[from] item: Leftovers
|upkeep
|turn|4
|
|t:|1758289313
|-terastallize|p2a: Rotom|Steel
|move|p1a: Cranidos|Head Smash|p2a: Rotom
|-resisted|p2a: Rotom
|-damage|p2a: Rotom|14/100
|-damage|p1a: Cranidos|53/100|[from] Recoil
|move|p2a: Rotom|Will-O-Wisp|p1a: Cranidos|[miss]
|-miss|p2a: Rotom|p1a: Cranidos
|
|-weather|Sandstorm|[upkeep]
|-heal|p2a: Rotom|20/100|[from] item: Leftovers
|upkeep
|turn|5
|
|t:|1758289318
|move|p1a: Cranidos|Head Smash|p2a: Rotom
|-resisted|p2a: Rotom
|-damage|p2a: Rotom|0 fnt
|faint|p2a: Rotom
|-damage|p1a: Cranidos|42/100|[from] Recoil
|
|-weather|Sandstorm|[upkeep]
|-sideend|p1: vbfewbufi|move: Tailwind
|upkeep
|
|t:|1758289323
|switch|p2a: Garchomp|Garchomp, F|100/100
|turn|6
|
|t:|1758289329
|move|p1a: Cranidos|Head Smash|p2a: Garchomp
|-resisted|p2a: Garchomp
|-damage|p2a: Garchomp|61/100
|-damage|p1a: Cranidos|29/100|[from] ability: Rough Skin|[of] p2a: Garchomp
|-damage|p1a: Cranidos|4/100|[from] Recoil
|move|p2a: Garchomp|Earthquake|p1a: Cranidos
|-supereffective|p1a: Cranidos
|-damage|p1a: Cranidos|0 fnt
|faint|p1a: Cranidos
|
|-weather|Sandstorm|[upkeep]
|upkeep
|
|t:|1758289343
|switch|p1a: Torchic|Torchic, M|100/100
|turn|7
|
|t:|1758289349
|move|p1a: Torchic|Protect|p1a: Torchic
|-singleturn|p1a: Torchic|Protect
|move|p2a: Garchomp|Earthquake|p1a: Torchic
|-activate|p1a: Torchic|move: Protect
|
|-weather|Sandstorm|[upkeep]
|-damage|p1a: Torchic|94/100|[from] Sandstorm
|-ability|p1a: Torchic|Speed Boost|boost
|-boost|p1a: Torchic|spe|1
|upkeep
|turn|8
|
|t:|1758289353
|move|p1a: Torchic|Protect||[still]
|-fail|p1a: Torchic
|move|p2a: Garchomp|Earthquake|p1a: Torchic
|-supereffective|p1a: Torchic
|-damage|p1a: Torchic|0 fnt
|faint|p1a: Torchic
|
|-weather|none
|upkeep
|
|t:|1758289360
|switch|p1a: Sinistea|Sinistea|100/100
|turn|9
|
|t:|1758289373
|move|p2a: Garchomp|Scale Shot|p1a: Sinistea
|-damage|p1a: Sinistea|61/100
|-ability|p1a: Sinistea|Weak Armor|boost
|-unboost|p1a: Sinistea|def|1
|-boost|p1a: Sinistea|spe|2
|-damage|p1a: Sinistea|1/100
|-ability|p1a: Sinistea|Weak Armor|boost
|-unboost|p1a: Sinistea|def|1
|-boost|p1a: Sinistea|spe|2
|-damage|p1a: Sinistea|0 fnt
|faint|p1a: Sinistea
|-hitcount|p1: Sinistea|3
|-unboost|p2a: Garchomp|def|1
|-boost|p2a: Garchomp|spe|1
|
|upkeep
|-message|vbfewbufi forfeited.
|
|win|PlexyF
|raw|vbfewbufi's rating: 1121 &rarr; <strong>1098</strong><br />(-23 for losing)
|raw|PlexyF's rating: 1153 &rarr; <strong>1176</strong><br />(+23 for winning)
|l|☆vbfewbufi
|player|p1|
|l|☆PlexyF
|player|p2|
