|j|☆Italian Film Score
|j|☆1shy9
|t:|1758300409
|gametype|singles
|player|p1|Italian Film Score|2|1808
|player|p2|1shy9|acetrainerf-gen4|1815
|gen|9
|tier|[Gen 9] OU
|rated|
|rule|HP Percentage Mod: HP is shown in percentages
|rule|Endless Battle Clause: Forcing endless battles is banned
|rule|Species Clause: Limit one of each Pokémon
|rule|OHKO Clause: OHKO moves are banned
|rule|Evasion Items Clause: Evasion items are banned
|rule|Evasion Moves Clause: Evasion moves are banned
|rule|Evasion Abilities Clause: Evasion abilities are banned
|rule|Sleep Moves Clause: Sleep-inducing moves are banned
|clearpoke
|poke|p1|Gholdengo|
|poke|p1|Zamazenta-*|
|poke|p1|Ting-Lu|
|poke|p1|Clefable, F|
|poke|p1|Dragonite, M|
|poke|p1|Porygon-Z|
|poke|p2|Iron Moth|
|poke|p2|Gholdengo|
|poke|p2|Great Tusk|
|poke|p2|Kyurem|
|poke|p2|Zamazenta-*|
|poke|p2|Dragonite, F|
|teampreview
|inactive|Battle timer is ON: inactive players will automatically lose when time's up. (requested by 1shy9)
|
|t:|1758300425
|teamsize|p1|6
|teamsize|p2|6
|start
|switch|p1a: Ting-Lu|Ting-Lu|100/100
|switch|p2a: Gholdengo|Gholdengo|100/100
|-item|p2a: Gholdengo|Air Balloon
|-ability|p1a: Ting-Lu|Vessel of Ruin
|turn|1
|c|☆Italian Film Score|hf
|j| Cello L.
|
|t:|1758300434
|switch|p2a: Great Tusk|Great Tusk|100/100
|move|p1a: Ting-Lu|Spikes|p2a: Great Tusk
|-sidestart|p2: 1shy9|Spikes
|
|upkeep
|turn|2
|
|t:|1758300439
|switch|p1a: Clefable|Clefable, F|100/100
|move|p2a: Great Tusk|Rapid Spin|p1a: Clefable
|-damage|p1a: Clefable|87/100
|-boost|p2a: Great Tusk|spe|1
|-damage|p2a: Great Tusk|84/100|[from] item: Rocky Helmet|[of] p1a: Clefable
|-sideend|p2: 1shy9|Spikes|[from] move: Rapid Spin|[of] p2a: Great Tusk
|
|upkeep
|turn|3
|
|t:|1758300447
|-end|p2a: Great Tusk|Protosynthesis|[silent]
|switch|p2a: Gholdengo|Gholdengo|100/100
|-item|p2a: Gholdengo|Air Balloon
|move|p1a: Clefable|Moonblast|p2a: Gholdengo
|-resisted|p2a: Gholdengo
|-damage|p2a: Gholdengo|81/100
|-enditem|p2a: Gholdengo|Air Balloon
|
|upkeep
|turn|4
|
|t:|1758300450
|switch|p1a: Ting-Lu|Ting-Lu|100/100
|-ability|p1a: Ting-Lu|Vessel of Ruin
|move|p2a: Gholdengo|Make It Rain|p1a: Ting-Lu
|-damage|p1a: Ting-Lu|70/100
|-unboost|p2a: Gholdengo|spa|1
|
|-heal|p1a: Ting-Lu|76/100|[from] item: Leftovers
|upkeep
|turn|5
|
|t:|1758300458
|switch|p2a: Great Tusk|Great Tusk|84/100
|move|p1a: Ting-Lu|Ruination|p2a: Great Tusk
|-damage|p2a: Great Tusk|42/100
|
|-heal|p1a: Ting-Lu|83/100|[from] item: Leftovers
|upkeep
|turn|6
|
|t:|1758300462
|switch|p1a: Clefable|Clefable, F|87/100
|move|p2a: Great Tusk|Stealth Rock|p1a: Clefable
|-sidestart|p1: Italian Film Score|move: Stealth Rock
|
|upkeep
|turn|7
|
|t:|1758300467
|-end|p2a: Great Tusk|Protosynthesis|[silent]
|switch|p2a: Gholdengo|Gholdengo|81/100
|move|p1a: Clefable|Stealth Rock|p2a: Gholdengo
|-sidestart|p2: 1shy9|move: Stealth Rock
|
|upkeep
|turn|8
|
|t:|1758300470
|switch|p1a: Ting-Lu|Ting-Lu|83/100
|-damage|p1a: Ting-Lu|76/100|[from] Stealth Rock
|-ability|p1a: Ting-Lu|Vessel of Ruin
|move|p2a: Gholdengo|Make It Rain|p1a: Ting-Lu
|-damage|p1a: Ting-Lu|48/100
|-unboost|p2a: Gholdengo|spa|1
|
|-heal|p1a: Ting-Lu|54/100|[from] item: Leftovers
|upkeep
|turn|9
|
|t:|1758300477
|switch|p2a: Great Tusk|Great Tusk|42/100
|move|p1a: Ting-Lu|Whirlwind|p2a: Great Tusk
|-end|p2a: Great Tusk|Protosynthesis|[silent]
|drag|p2a: Dragonite|Dragonite, F|100/100
|
|-heal|p1a: Ting-Lu|60/100|[from] item: Leftovers
|upkeep
|turn|10
|
|t:|1758300488
|switch|p1a: Clefable|Clefable, F|87/100
|move|p2a: Dragonite|Earthquake|p1a: Clefable
|-damage|p1a: Clefable|57/100
|
|upkeep
|turn|11
|j| Mr.villains
|
|t:|1758300508
|-terastallize|p2a: Dragonite|Flying
|move|p2a: Dragonite|Dragon Dance|p2a: Dragonite
|-boost|p2a: Dragonite|atk|1
|-boost|p2a: Dragonite|spe|1
|move|p1a: Clefable|Moonlight|p1a: Clefable
|-heal|p1a: Clefable|100/100
|
|upkeep
|turn|12
|inactive|Italian Film Score has 120 seconds left.
|
|t:|1758300543
|switch|p1a: Gholdengo|Gholdengo|100/100
|move|p2a: Dragonite|Dragon Dance|p2a: Dragonite
|-boost|p2a: Dragonite|atk|1
|-boost|p2a: Dragonite|spe|1
|
|upkeep
|turn|13
|inactive|Italian Film Score has 120 seconds left.
|
|t:|1758300555
|move|p2a: Dragonite|Tera Blast|p1a: Gholdengo|[anim] Tera Blast Flying
|-resisted|p1a: Gholdengo
|-damage|p1a: Gholdengo|56/100
|move|p1a: Gholdengo|Shadow Ball|p2a: Dragonite
|-damage|p2a: Dragonite|83/100
|
|upkeep
|turn|14
|
|t:|1758300560
|move|p2a: Dragonite|Earthquake|p1a: Gholdengo
|-supereffective|p1a: Gholdengo
|-damage|p1a: Gholdengo|0 fnt
|faint|p1a: Gholdengo
|
|upkeep
|
|t:|1758300562
|switch|p1a: Dragonite|Dragonite, M|100/100
|turn|15
|
|t:|1758300568
|move|p2a: Dragonite|Tera Blast|p1a: Dragonite|[anim] Tera Blast Flying
|-damage|p1a: Dragonite|43/100
|move|p1a: Dragonite|Dragon Tail|p2a: Dragonite|[miss]
|-miss|p1a: Dragonite|p2a: Dragonite
|
|upkeep
|turn|16
|c|☆1shy9|sorry
|
|t:|1758300577
|move|p1a: Dragonite|Extreme Speed|p2a: Dragonite
|-damage|p2a: Dragonite|50/100
|move|p2a: Dragonite|Tera Blast|p1a: Dragonite|[anim] Tera Blast Flying
|-damage|p1a: Dragonite|0 fnt
|faint|p1a: Dragonite
|
|upkeep
|j| Diegogris
|
|t:|1758300588
|switch|p1a: Clefable|Clefable, F|100/100
|turn|17
|
|t:|1758300594
|move|p2a: Dragonite|Roost|p2a: Dragonite
|-heal|p2a: Dragonite|100/100
|-hint|If a Terastallized Pokemon uses Roost, it remains Flying-type.
|move|p1a: Clefable|Moonblast|p2a: Dragonite
|-damage|p2a: Dragonite|83/100
|
|upkeep
|turn|18
|c|☆Italian Film Score|gg
|-message|Italian Film Score forfeited.
|
|win|1shy9
|raw|Italian Film Score's rating: 1808 &rarr; <strong>1788</strong><br />(-20 for losing)
|raw|1shy9's rating: 1815 &rarr; <strong>1835</strong><br />(+20 for winning)
|l|☆Italian Film Score
|player|p1|
|c|☆1shy9|gg
|l| Mr.villains
|l|☆1shy9
|player|p2|
|l| Cello L.
|l| Diegogris
