|badge|p2|bronze|gen9monotype|100-6
|badge|p2|bronze|gen9ru|100-6
|uhtml|medal-msg|<div class="broadcast-blue">Curious what those medals under the avatar are? PS now has Ladder Seasons! For more information, check out the <a href="https://www.smogon.com/forums/threads/3740067/">thread on Smogon.</a></div>
|j|☆Acastillo631
|j|☆domingo a noite
|t:|1758314309
|gametype|singles
|player|p1|Acastillo631|silver|1655
|player|p2|domingo a noite|miku-ice|1728
|gen|9
|tier|[Gen 9] OU
|rated|
|rule|HP Percentage Mod: HP is shown in percentages
|rule|Endless Battle Clause: Forcing endless battles is banned
|rule|Species Clause: Limit one of each Pokémon
|rule|OHKO Clause: OHKO moves are banned
|rule|Evasion Items Clause: Evasion items are banned
|rule|Evasion Moves Clause: Evasion moves are banned
|rule|Evasion Abilities Clause: Evasion abilities are banned
|rule|Sleep Moves Clause: Sleep-inducing moves are banned
|clearpoke
|poke|p1|Iron Valiant|
|poke|p1|Tyranitar, M|
|poke|p1|Corviknight, F|
|poke|p1|Sinistcha|
|poke|p1|Garchomp, M|
|poke|p1|Muk-Alola, F|
|poke|p2|Araquanid, F|
|poke|p2|Iron Treads|
|poke|p2|Kingambit, F|
|poke|p2|Enamorus, F|
|poke|p2|Iron Valiant|
|poke|p2|Iron Moth|
|teampreview
|inactive|Battle timer is ON: inactive players will automatically lose when time's up. (requested by Acastillo631)
|
|t:|1758314332
|teamsize|p1|6
|teamsize|p2|6
|start
|switch|p1a: Wire Sponge|Sinistcha|100/100
|switch|p2a: 10:36|Iron Treads|100/100
|-enditem|p2a: 10:36|Booster Energy
|-activate|p2a: 10:36|ability: Quark Drive|[fromitem]
|-start|p2a: 10:36|quarkdrivespe
|turn|1
|
|t:|1758314341
|move|p2a: 10:36|Stealth Rock|p1a: Wire Sponge
|-sidestart|p1: Acastillo631|move: Stealth Rock
|move|p1a: Wire Sponge|Calm Mind|p1a: Wire Sponge
|-boost|p1a: Wire Sponge|spa|1
|-boost|p1a: Wire Sponge|spd|1
|
|upkeep
|turn|2
|
|t:|1758314346
|-end|p2a: 10:36|Quark Drive|[silent]
|switch|p2a: Everest|Kingambit, F|100/100
|-item|p2a: Everest|Air Balloon
|move|p1a: Wire Sponge|Shadow Ball|p2a: Everest
|-resisted|p2a: Everest
|-damage|p2a: Everest|72/100
|-enditem|p2a: Everest|Air Balloon
|
|upkeep
|turn|3
|
|t:|1758314349
|move|p1a: Wire Sponge|Matcha Gotcha|p2a: Everest
|-resisted|p2a: Everest
|-damage|p2a: Everest|46/100
|-status|p2a: Everest|brn
|move|p2a: Everest|Kowtow Cleave|p1a: Wire Sponge
|-supereffective|p1a: Wire Sponge
|-damage|p1a: Wire Sponge|62/100
|
|-damage|p2a: Everest|40/100 brn|[from] brn
|upkeep
|turn|4
|
|t:|1758314355
|move|p1a: Wire Sponge|Strength Sap|p2a: Everest
|-unboost|p2a: Everest|atk|1
|-heal|p1a: Wire Sponge|100/100
|move|p2a: Everest|Kowtow Cleave|p1a: Wire Sponge
|-supereffective|p1a: Wire Sponge
|-damage|p1a: Wire Sponge|75/100
|
|-damage|p2a: Everest|33/100 brn|[from] brn
|upkeep
|turn|5
|
|t:|1758314356
|-end|p2a: Everest|fallenundefined|[silent]
|switch|p2a: Yoshimi|Enamorus, F|100/100
|move|p1a: Wire Sponge|Calm Mind|p1a: Wire Sponge
|-boost|p1a: Wire Sponge|spa|1
|-boost|p1a: Wire Sponge|spd|1
|
|upkeep
|turn|6
|
|t:|1758314362
|move|p2a: Yoshimi|Moonblast|p1a: Wire Sponge
|-damage|p1a: Wire Sponge|28/100
|move|p1a: Wire Sponge|Matcha Gotcha|p2a: Yoshimi
|-resisted|p2a: Yoshimi
|-damage|p2a: Yoshimi|57/100
|-heal|p1a: Wire Sponge|46/100|[from] drain|[of] p2a: Yoshimi
|
|upkeep
|turn|7
|
|t:|1758314368
|switch|p1a: Wind Crowrang|Corviknight, F|100/100
|-damage|p1a: Wind Crowrang|88/100|[from] Stealth Rock
|move|p2a: Yoshimi|Moonblast|p1a: Wind Crowrang
|-resisted|p1a: Wind Crowrang
|-damage|p1a: Wind Crowrang|45/100
|-ability|p1a: Wind Crowrang|Mirror Armor
|-boost|p2a: Yoshimi|spa|1
|
|upkeep
|turn|8
|
|t:|1758314375
|move|p2a: Yoshimi|Moonblast|p1a: Wind Crowrang
|-resisted|p1a: Wind Crowrang
|-damage|p1a: Wind Crowrang|0 fnt
|faint|p1a: Wind Crowrang
|
|upkeep
|
|t:|1758314381
|switch|p1a: Muk|Muk-Alola, F|100/100
|-damage|p1a: Muk|88/100|[from] Stealth Rock
|turn|9
|
|t:|1758314385
|switch|p2a: 10:36|Iron Treads|100/100
|move|p1a: Muk|Poison Fang|p2a: 10:36
|-immune|p2a: 10:36
|
|-heal|p1a: Muk|94/100|[from] item: Leftovers
|upkeep
|turn|10
|
|t:|1758314390
|move|p2a: 10:36|Stealth Rock||[still]
|-fail|p2a: 10:36
|move|p1a: Muk|Drain Punch|p2a: 10:36
|-supereffective|p2a: 10:36
|-damage|p2a: 10:36|65/100
|-heal|p1a: Muk|100/100|[from] drain|[of] p2a: 10:36
|
|upkeep
|turn|11
|
|t:|1758314399
|move|p1a: Muk|Protect|p1a: Muk
|-singleturn|p1a: Muk|Protect
|move|p2a: 10:36|Earth Power|p1a: Muk
|-activate|p1a: Muk|move: Protect
|
|upkeep
|turn|12
|
|t:|1758314404
|move|p2a: 10:36|Earth Power|p1a: Muk
|-supereffective|p1a: Muk
|-damage|p1a: Muk|61/100
|move|p1a: Muk|Drain Punch|p2a: 10:36
|-supereffective|p2a: 10:36
|-damage|p2a: 10:36|30/100
|-heal|p1a: Muk|75/100|[from] drain|[of] p2a: 10:36
|
|-heal|p1a: Muk|81/100|[from] item: Leftovers
|upkeep
|turn|13
|
|t:|1758314407
|-end|p2a: 10:36|Quark Drive|[silent]
|switch|p2a: Beaches|Araquanid, F|100/100
|move|p1a: Muk|Protect||[still]
|-fail|p1a: Muk
|
|-heal|p1a: Muk|87/100|[from] item: Leftovers
|upkeep
|turn|14
|
|t:|1758314412
|switch|p1a: Wire Sponge|Sinistcha|46/100
|move|p2a: Beaches|Sticky Web|p1a: Wire Sponge
|-sidestart|p1: Acastillo631|move: Sticky Web
|
|upkeep
|turn|15
|
|t:|1758314416
|switch|p2a: Yoshimi|Enamorus, F|57/100
|move|p1a: Wire Sponge|Strength Sap|p2a: Yoshimi
|-boost|p2a: Yoshimi|atk|1
|-heal|p1a: Wire Sponge|100/100
|
|upkeep
|turn|16
|
|t:|1758314430
|switch|p1a: Muk|Muk-Alola, F|87/100
|-damage|p1a: Muk|75/100|[from] Stealth Rock
|-activate|p1a: Muk|move: Sticky Web
|-unboost|p1a: Muk|spe|1
|move|p2a: Yoshimi|Moonblast|p1a: Muk
|-damage|p1a: Muk|26/100
|-unboost|p1a: Muk|spa|1
|
|-heal|p1a: Muk|32/100|[from] item: Leftovers
|upkeep
|turn|17
|inactive|domingo a noite has 120 seconds left.
|l|☆Acastillo631
|inactive|Acastillo631 disconnected and has a minute to reconnect!
|player|p1|
|j|☆Acastillo631
|inactive|Acastillo631 reconnected.
|player|p1|Acastillo631|silver|
|inactive|domingo a noite has 90 seconds left.
|
|t:|1758314514
|move|p1a: Muk|Protect|p1a: Muk
|-singleturn|p1a: Muk|Protect
|move|p2a: Yoshimi|Moonblast|p1a: Muk
|-activate|p1a: Muk|move: Protect
|
|-heal|p1a: Muk|38/100|[from] item: Leftovers
|upkeep
|turn|18
|inactive|Acastillo631 has 120 seconds left.
|
|t:|1758314547
|-terastallize|p1a: Muk|Poison
|move|p2a: Yoshimi|Moonblast|p1a: Muk
|-resisted|p1a: Muk
|-damage|p1a: Muk|12/100
|move|p1a: Muk|Poison Fang|p2a: Yoshimi
|-supereffective|p2a: Yoshimi
|-damage|p2a: Yoshimi|0 fnt
|faint|p2a: Yoshimi
|
|-heal|p1a: Muk|18/100|[from] item: Leftovers
|upkeep
|
|t:|1758314558
|switch|p2a: 10:36|Iron Treads|30/100
|turn|19
|
|t:|1758314568
|switch|p1a: Wire Sponge|Sinistcha|100/100
|move|p2a: 10:36|Earth Power|p1a: Wire Sponge
|-resisted|p1a: Wire Sponge
|-damage|p1a: Wire Sponge|80/100
|
|upkeep
|turn|20
|
|t:|1758314576
|move|p2a: 10:36|Steel Beam|p1a: Wire Sponge|[miss]
|-miss|p2a: 10:36|p1a: Wire Sponge
|-damage|p2a: 10:36|0 fnt|[from] steelbeam
|faint|p2a: 10:36
|-end|p2a: 10:36|Quark Drive|[silent]
|move|p1a: Wire Sponge|Shadow Ball|p2: 10:36|[notarget]
|-fail|p1a: Wire Sponge
|
|upkeep
|inactive|domingo a noite has 90 seconds left.
|
|t:|1758314595
|switch|p2a: Magdalene|Iron Moth|100/100
|-enditem|p2a: Magdalene|Booster Energy
|-activate|p2a: Magdalene|ability: Quark Drive|[fromitem]
|-start|p2a: Magdalene|quarkdrivespa
|turn|21
|
|t:|1758314619
|switch|p1a: Eregion|Tyranitar, M|100/100
|-damage|p1a: Eregion|88/100|[from] Stealth Rock
|-activate|p1a: Eregion|move: Sticky Web
|-unboost|p1a: Eregion|spe|1
|-weather|Sandstorm|[from] ability: Sand Stream|[of] p1a: Eregion
|move|p2a: Magdalene|Fiery Dance|p1a: Eregion
|-resisted|p1a: Eregion
|-damage|p1a: Eregion|76/100
|
|-weather|Sandstorm|[upkeep]
|-damage|p2a: Magdalene|95/100|[from] Sandstorm
|-heal|p1a: Eregion|82/100|[from] item: Leftovers
|upkeep
|turn|22
|inactive|domingo a noite has 90 seconds left.
|
|t:|1758314657
|move|p2a: Magdalene|Energy Ball|p1a: Eregion
|-supereffective|p1a: Eregion
|-damage|p1a: Eregion|47/100
|move|p1a: Eregion|Roar|p2a: Magdalene
|-end|p2a: Magdalene|Quark Drive|[silent]
|drag|p2a: Beaches|Araquanid, F|100/100
|
|-weather|Sandstorm|[upkeep]
|-damage|p2a: Beaches|94/100|[from] Sandstorm
|-heal|p1a: Eregion|53/100|[from] item: Leftovers
|upkeep
|turn|23
|
|t:|1758314667
|switch|p1a: Wire Sponge|Sinistcha|80/100
|move|p2a: Beaches|Surf|p1a: Wire Sponge
|-resisted|p1a: Wire Sponge
|-damage|p1a: Wire Sponge|50/100
|
|-weather|Sandstorm|[upkeep]
|-damage|p1a: Wire Sponge|44/100|[from] Sandstorm
|-damage|p2a: Beaches|88/100|[from] Sandstorm
|upkeep
|turn|24
|inactive|domingo a noite has 60 seconds left.
|
|t:|1758314701
|switch|p2a: Magdalene|Iron Moth|95/100
|move|p1a: Wire Sponge|Strength Sap|p2a: Magdalene
|-unboost|p2a: Magdalene|atk|1
|-heal|p1a: Wire Sponge|82/100
|
|-weather|Sandstorm|[upkeep]
|-damage|p2a: Magdalene|89/100|[from] Sandstorm
|-damage|p1a: Wire Sponge|76/100|[from] Sandstorm
|upkeep
|turn|25
|
|t:|1758314710
|switch|p1a: Muk|Muk-Alola, F, tera:Poison|18/100
|-damage|p1a: Muk|6/100|[from] Stealth Rock
|-activate|p1a: Muk|move: Sticky Web
|-unboost|p1a: Muk|spe|1
|move|p2a: Magdalene|Fiery Dance|p1a: Muk
|-damage|p1a: Muk|0 fnt
|-boost|p2a: Magdalene|spa|1
|faint|p1a: Muk
|
|-weather|none
|upkeep
|
|t:|1758314718
|switch|p1a: Garchomp|Garchomp, M|100/100
|-damage|p1a: Garchomp|94/100|[from] Stealth Rock
|-activate|p1a: Garchomp|move: Sticky Web
|-unboost|p1a: Garchomp|spe|1
|turn|26
|
|t:|1758314730
|move|p2a: Magdalene|Energy Ball|p1a: Garchomp
|-damage|p1a: Garchomp|32/100
|move|p1a: Garchomp|Earthquake|p2a: Magdalene
|-supereffective|p2a: Magdalene
|-damage|p2a: Magdalene|0 fnt
|faint|p2a: Magdalene
|-end|p2a: Magdalene|Quark Drive|[silent]
|-damage|p1a: Garchomp|22/100|[from] item: Life Orb
|
|upkeep
|
|t:|1758314742
|switch|p2a: Forest|Iron Valiant|100/100
|-enditem|p2a: Forest|Booster Energy
|-activate|p2a: Forest|ability: Quark Drive|[fromitem]
|-start|p2a: Forest|quarkdrivespa
|turn|27
|
|t:|1758314747
|move|p2a: Forest|Shadow Ball|p1a: Garchomp
|-damage|p1a: Garchomp|0 fnt
|faint|p1a: Garchomp
|
|upkeep
|
|t:|1758314751
|switch|p1a: Eregion|Tyranitar, M|53/100
|-damage|p1a: Eregion|41/100|[from] Stealth Rock
|-activate|p1a: Eregion|move: Sticky Web
|-unboost|p1a: Eregion|spe|1
|-weather|Sandstorm|[from] ability: Sand Stream|[of] p1a: Eregion
|turn|28
|inactive|domingo a noite has 90 seconds left.
|
|t:|1758314756
|-end|p2a: Forest|Quark Drive|[silent]
|switch|p2a: Beaches|Araquanid, F|88/100
|move|p1a: Eregion|Roar|p2a: Beaches
|drag|p2a: Forest|Iron Valiant|100/100
|
|-weather|Sandstorm|[upkeep]
|-damage|p2a: Forest|94/100|[from] Sandstorm
|-heal|p1a: Eregion|47/100|[from] item: Leftovers
|upkeep
|turn|29
|
|t:|1758314761
|move|p2a: Forest|Moonblast|p1a: Eregion
|-supereffective|p1a: Eregion
|-damage|p1a: Eregion|7/100
|move|p1a: Eregion|Roar|p2a: Forest
|-end|p2a: Forest|Quark Drive|[silent]
|drag|p2a: Beaches|Araquanid, F|88/100
|
|-weather|Sandstorm|[upkeep]
|-damage|p2a: Beaches|82/100|[from] Sandstorm
|-heal|p1a: Eregion|13/100|[from] item: Leftovers
|upkeep
|turn|30
|
|t:|1758314766
|switch|p2a: Everest|Kingambit, F|33/100 brn
|-activate|p2a: Everest|ability: Supreme Overlord
|-start|p2a: Everest|fallen3|[silent]
|move|p1a: Eregion|Stealth Rock|p2a: Everest
|-sidestart|p2: domingo a noite|move: Stealth Rock
|
|-weather|Sandstorm|[upkeep]
|-heal|p1a: Eregion|19/100|[from] item: Leftovers
|-damage|p2a: Everest|27/100 brn|[from] brn
|upkeep
|turn|31
|
|t:|1758314772
|move|p2a: Everest|Iron Head|p1a: Eregion
|-supereffective|p1a: Eregion
|-damage|p1a: Eregion|0 fnt
|faint|p1a: Eregion
|
|-weather|Sandstorm|[upkeep]
|-damage|p2a: Everest|21/100 brn|[from] brn
|upkeep
|
|t:|1758314779
|switch|p1a: Wire Sponge|Sinistcha|76/100
|turn|32
|
|t:|1758314785
|move|p1a: Wire Sponge|Calm Mind|p1a: Wire Sponge
|-boost|p1a: Wire Sponge|spa|1
|-boost|p1a: Wire Sponge|spd|1
|move|p2a: Everest|Swords Dance|p2a: Everest
|-boost|p2a: Everest|atk|2
|
|-weather|none
|-damage|p2a: Everest|15/100 brn|[from] brn
|upkeep
|turn|33
|
|t:|1758314790
|move|p1a: Wire Sponge|Strength Sap|p2a: Everest
|-unboost|p2a: Everest|atk|1
|-heal|p1a: Wire Sponge|100/100
|move|p2a: Everest|Kowtow Cleave|p1a: Wire Sponge
|-supereffective|p1a: Wire Sponge
|-damage|p1a: Wire Sponge|25/100
|
|-damage|p2a: Everest|9/100 brn|[from] brn
|upkeep
|turn|34
|
|t:|1758314798
|move|p1a: Wire Sponge|Strength Sap|p2a: Everest
|-unboost|p2a: Everest|atk|1
|-heal|p1a: Wire Sponge|100/100
|move|p2a: Everest|Kowtow Cleave|p1a: Wire Sponge
|-supereffective|p1a: Wire Sponge
|-damage|p1a: Wire Sponge|50/100
|
|-damage|p2a: Everest|3/100 brn|[from] brn
|upkeep
|turn|35
|
|t:|1758314804
|move|p1a: Wire Sponge|Strength Sap|p2a: Everest
|-unboost|p2a: Everest|atk|1
|-heal|p1a: Wire Sponge|100/100
|move|p2a: Everest|Kowtow Cleave|p1a: Wire Sponge
|-supereffective|p1a: Wire Sponge
|-damage|p1a: Wire Sponge|66/100
|
|-damage|p2a: Everest|0 fnt|[from] brn
|faint|p2a: Everest
|-end|p2a: Everest|fallen3|[silent]
|upkeep
|
|t:|1758314806
|switch|p2a: Forest|Iron Valiant|94/100
|-damage|p2a: Forest|88/100|[from] Stealth Rock
|turn|36
|
|t:|1758314809
|-terastallize|p2a: Forest|Ghost
|move|p2a: Forest|Shadow Ball|p1a: Wire Sponge
|-supereffective|p1a: Wire Sponge
|-damage|p1a: Wire Sponge|0 fnt
|faint|p1a: Wire Sponge
|
|upkeep
|-message|Acastillo631 forfeited.
|
|win|domingo a noite
|raw|Acastillo631's rating: 1655 &rarr; <strong>1638</strong><br />(-17 for losing)
|raw|domingo a noite's rating: 1710 &rarr; <strong>1727</strong><br />(+17 for winning)
|l|☆Acastillo631
|player|p1|
|l|☆domingo a noite
|player|p2|
