|j|☆JayQualin
|j|☆RatClaw
|t:|1758291091
|gametype|singles
|player|p1|JayQualin|266|1275
|player|p2|RatClaw|skyla|1260
|gen|9
|tier|[Gen 9] OU
|rated|
|rule|HP Percentage Mod: HP is shown in percentages
|rule|Endless Battle Clause: Forcing endless battles is banned
|rule|Species Clause: Limit one of each Pokémon
|rule|OHKO Clause: OHKO moves are banned
|rule|Evasion Items Clause: Evasion items are banned
|rule|Evasion Moves Clause: Evasion moves are banned
|rule|Evasion Abilities Clause: Evasion abilities are banned
|rule|Sleep Moves Clause: Sleep-inducing moves are banned
|clearpoke
|poke|p1|Arcanine-Hisui, M|
|poke|p1|Weavile, F|
|poke|p1|Gholdengo|
|poke|p1|Iron Valiant|
|poke|p1|Great Tusk|
|poke|p1|Dragonite, F|
|poke|p2|Meowscarada, F|
|poke|p2|Dragapult, F|
|poke|p2|Gholdengo|
|poke|p2|Great Tusk|
|poke|p2|Samurott-Hisui, F|
|poke|p2|Weezing-Galar, M|
|teampreview
|inactive|Battle timer is ON: inactive players will automatically lose when time's up. (requested by JayQualin)
|
|t:|1758291115
|teamsize|p1|6
|teamsize|p2|6
|start
|switch|p1a: Dragonite|Dragonite, F|100/100
|switch|p2a: Dragapult|Dragapult, F|100/100
|turn|1
|
|t:|1758291135
|switch|p1a: Arcanine|Arcanine-Hisui, M|100/100
|move|p2a: Dragapult|Will-O-Wisp|p1a: Arcanine
|-immune|p1a: Arcanine
|
|upkeep
|turn|2
|
|t:|1758291145
|move|p2a: Dragapult|U-turn|p1a: Arcanine
|-resisted|p1a: Arcanine
|-damage|p1a: Arcanine|87/100
|
|t:|1758291162
|switch|p2a: Great Tusk|Great Tusk|100/100|[from] U-turn
|move|p1a: Arcanine|Head Smash|p2a: Great Tusk
|-resisted|p2a: Great Tusk
|-damage|p2a: Great Tusk|83/100
|
|-heal|p2a: Great Tusk|89/100|[from] item: Leftovers
|upkeep
|turn|3
|inactive|JayQualin has 120 seconds left.
|
|t:|1758291194
|switch|p1a: Gholdengo|Gholdengo|100/100
|-item|p1a: Gholdengo|Air Balloon
|move|p2a: Great Tusk|Bulk Up|p2a: Great Tusk
|-boost|p2a: Great Tusk|atk|1
|-boost|p2a: Great Tusk|def|1
|
|-heal|p2a: Great Tusk|96/100|[from] item: Leftovers
|upkeep
|turn|4
|
|t:|1758291206
|move|p2a: Great Tusk|Ice Spinner|p1a: Gholdengo
|-resisted|p1a: Gholdengo
|-damage|p1a: Gholdengo|80/100
|-enditem|p1a: Gholdengo|Air Balloon
|move|p1a: Gholdengo|Make It Rain|p2a: Great Tusk
|-damage|p2a: Great Tusk|13/100
|-unboost|p1a: Gholdengo|spa|1
|
|-heal|p2a: Great Tusk|19/100|[from] item: Leftovers
|upkeep
|turn|5
|inactive|JayQualin has 120 seconds left.
|inactive|RatClaw has 120 seconds left.
|
|t:|1758291234
|switch|p1a: Dragonite|Dragonite, F|100/100
|move|p2a: Great Tusk|Headlong Rush|p1a: Dragonite
|-immune|p1a: Dragonite
|
|-heal|p2a: Great Tusk|25/100|[from] item: Leftovers
|upkeep
|turn|6
|inactive|JayQualin has 120 seconds left.
|
|t:|1758291241
|-terastallize|p1a: Dragonite|Normal
|move|p2a: Great Tusk|Ice Spinner|p1a: Dragonite
|-damage|p1a: Dragonite|82/100
|move|p1a: Dragonite|Dragon Dance|p1a: Dragonite
|-boost|p1a: Dragonite|atk|1
|-boost|p1a: Dragonite|spe|1
|
|-heal|p2a: Great Tusk|31/100|[from] item: Leftovers
|upkeep
|turn|7
|
|t:|1758291247
|move|p1a: Dragonite|Dragon Dance|p1a: Dragonite
|-boost|p1a: Dragonite|atk|1
|-boost|p1a: Dragonite|spe|1
|move|p2a: Great Tusk|Headlong Rush|p1a: Dragonite
|-damage|p1a: Dragonite|0 fnt
|-unboost|p2a: Great Tusk|def|1
|-unboost|p2a: Great Tusk|spd|1
|faint|p1a: Dragonite
|
|-heal|p2a: Great Tusk|38/100|[from] item: Leftovers
|upkeep
|
|t:|1758291257
|switch|p1a: Iron Valiant|Iron Valiant|100/100
|-enditem|p1a: Iron Valiant|Booster Energy
|-activate|p1a: Iron Valiant|ability: Quark Drive|[fromitem]
|-start|p1a: Iron Valiant|quarkdrivespe
|turn|8
|
|t:|1758291264
|-end|p2a: Great Tusk|Protosynthesis|[silent]
|switch|p2a: Weezing|Weezing-Galar, M|100/100
|-ability|p2a: Weezing|Neutralizing Gas
|move|p1a: Iron Valiant|Moonblast|p2a: Weezing
|-resisted|p2a: Weezing
|-damage|p2a: Weezing|66/100
|
|upkeep
|turn|9
|
|t:|1758291276
|move|p1a: Iron Valiant|Calm Mind|p1a: Iron Valiant
|-boost|p1a: Iron Valiant|spa|1
|-boost|p1a: Iron Valiant|spd|1
|move|p2a: Weezing|Pain Split|p1a: Iron Valiant
|-sethp|p1a: Iron Valiant|88/100|[from] move: Pain Split|[silent]
|-sethp|p2a: Weezing|77/100|[from] move: Pain Split
|
|upkeep
|turn|10
|
|t:|1758291280
|move|p1a: Iron Valiant|Encore|p2a: Weezing
|-start|p2a: Weezing|Encore
|move|p2a: Weezing|Pain Split|p1a: Iron Valiant
|-sethp|p1a: Iron Valiant|88/100|[from] move: Pain Split|[silent]
|-sethp|p2a: Weezing|77/100|[from] move: Pain Split
|
|upkeep
|turn|11
|
|t:|1758291288
|-end|p2a: Weezing|ability: Neutralizing Gas
|switch|p2a: Gholdengo|Gholdengo|100/100
|move|p1a: Iron Valiant|Calm Mind|p1a: Iron Valiant
|-boost|p1a: Iron Valiant|spa|1
|-boost|p1a: Iron Valiant|spd|1
|
|upkeep
|turn|12
|
|t:|1758291299
|move|p1a: Iron Valiant|Shadow Ball|p2a: Gholdengo
|-supereffective|p2a: Gholdengo
|-damage|p2a: Gholdengo|0 fnt
|faint|p2a: Gholdengo
|
|upkeep
|
|t:|1758291314
|switch|p2a: Samurott|Samurott-Hisui, F|100/100
|turn|13
|
|t:|1758291319
|move|p1a: Iron Valiant|Moonblast|p2a: Samurott
|-supereffective|p2a: Samurott
|-enditem|p2a: Samurott|Focus Sash
|-damage|p2a: Samurott|1/100
|-unboost|p2a: Samurott|spa|1
|move|p2a: Samurott|Razor Shell|p1a: Iron Valiant
|-damage|p1a: Iron Valiant|16/100
|-unboost|p1a: Iron Valiant|def|1
|
|upkeep
|turn|14
|
|t:|1758291330
|move|p2a: Samurott|Sucker Punch||[still]
|-fail|p2a: Samurott
|move|p1a: Iron Valiant|Encore|p2a: Samurott
|-start|p2a: Samurott|Encore
|
|upkeep
|turn|15
|
|t:|1758291334
|move|p2a: Samurott|Sucker Punch||[still]
|-fail|p2a: Samurott
|move|p1a: Iron Valiant|Calm Mind|p1a: Iron Valiant
|-boost|p1a: Iron Valiant|spa|1
|-boost|p1a: Iron Valiant|spd|1
|
|upkeep
|turn|16
|
|t:|1758291337
|move|p2a: Samurott|Sucker Punch||[still]
|-fail|p2a: Samurott
|move|p1a: Iron Valiant|Calm Mind|p1a: Iron Valiant
|-boost|p1a: Iron Valiant|spa|1
|-boost|p1a: Iron Valiant|spd|1
|
|upkeep
|turn|17
|
|t:|1758291342
|move|p2a: Samurott|Sucker Punch||[still]
|-fail|p2a: Samurott
|move|p1a: Iron Valiant|Calm Mind|p1a: Iron Valiant
|-boost|p1a: Iron Valiant|spa|1
|-boost|p1a: Iron Valiant|spd|1
|
|-end|p2a: Samurott|Encore
|upkeep
|turn|18
|
|t:|1758291347
|move|p2a: Samurott|Sucker Punch||[still]
|-fail|p2a: Samurott
|move|p1a: Iron Valiant|Encore|p2a: Samurott
|-start|p2a: Samurott|Encore
|
|upkeep
|turn|19
|
|t:|1758291355
|switch|p2a: Dragapult|Dragapult, F|100/100
|move|p1a: Iron Valiant|Calm Mind|p1a: Iron Valiant
|-boost|p1a: Iron Valiant|spa|1
|-boost|p1a: Iron Valiant|spd|1
|
|upkeep
|turn|20
|
|t:|1758291365
|move|p1a: Iron Valiant|Moonblast|p2a: Dragapult
|-supereffective|p2a: Dragapult
|-damage|p2a: Dragapult|0 fnt
|faint|p2a: Dragapult
|
|upkeep
|
|t:|1758291367
|switch|p2a: Samurott|Samurott-Hisui, F|1/100
|turn|21
|
|t:|1758291376
|move|p1a: Iron Valiant|Moonblast|p2a: Samurott
|-supereffective|p2a: Samurott
|-damage|p2a: Samurott|0 fnt
|faint|p2a: Samurott
|
|upkeep
|-message|RatClaw forfeited.
|
|win|JayQualin
|raw|JayQualin's rating: 1275 &rarr; <strong>1299</strong><br />(+24 for winning)
|raw|RatClaw's rating: 1260 &rarr; <strong>1236</strong><br />(-24 for losing)
|l|☆RatClaw
|player|p2|
