|j|☆TheEnma
|j|☆slowbro named paul
|t:|1758291934
|gametype|singles
|player|p1|TheEnma|miku-ghost|1264
|player|p2|slowbro named paul|skierf|1246
|gen|9
|tier|[Gen 9] OU
|rated|
|rule|HP Percentage Mod: HP is shown in percentages
|rule|Endless Battle Clause: Forcing endless battles is banned
|rule|Species Clause: Limit one of each Pokémon
|rule|OHKO Clause: OHKO moves are banned
|rule|Evasion Items Clause: Evasion items are banned
|rule|Evasion Moves Clause: Evasion moves are banned
|rule|Evasion Abilities Clause: Evasion abilities are banned
|rule|Sleep Moves Clause: Sleep-inducing moves are banned
|clearpoke
|poke|p1|Slowking-Galar, M|
|poke|p1|Landorus-Therian, M|
|poke|p1|Kyurem|
|poke|p1|Alomomola, F|
|poke|p1|Dragapult, F|
|poke|p1|Iron Treads|
|poke|p2|Comfey, M|
|poke|p2|Vileplume, M|
|poke|p2|Hydreigon, M|
|poke|p2|Keldeo-Resolute|
|poke|p2|Metagross|
|poke|p2|Kleavor, F|
|teampreview
|inactive|Battle timer is ON: inactive players will automatically lose when time's up. (requested by slowbro named paul)
|inactive|TheEnma also wants the timer to be on.
|
|t:|1758291944
|teamsize|p1|6
|teamsize|p2|6
|start
|switch|p1a: Terminator|Iron Treads|100/100
|switch|p2a: Comfey|Comfey, M|100/100
|turn|1
|
|t:|1758291950
|-terastallize|p2a: Comfey|Ground
|move|p1a: Terminator|Knock Off|p2a: Comfey
|-damage|p2a: Comfey|61/100
|-enditem|p2a: Comfey|Life Orb|[from] move: Knock Off|[of] p1a: Terminator
|move|p2a: Comfey|Tera Blast|p1a: Terminator|[anim] Tera Blast Ground
|-supereffective|p1a: Terminator
|-damage|p1a: Terminator|1/100
|
|-heal|p1a: Terminator|7/100|[from] item: Leftovers
|upkeep
|turn|2
|
|t:|1758291960
|-end|p1a: Terminator|Quark Drive|[silent]
|switch|p1a: LIKE A DRAGON|Alomomola, F|100/100
|move|p2a: Comfey|Calm Mind|p2a: Comfey
|-boost|p2a: Comfey|spa|1
|-boost|p2a: Comfey|spd|1
|
|upkeep
|turn|3
|
|t:|1758291970
|move|p2a: Comfey|Calm Mind|p2a: Comfey
|-boost|p2a: Comfey|spa|1
|-boost|p2a: Comfey|spd|1
|move|p1a: LIKE A DRAGON|Flip Turn|p2a: Comfey
|-supereffective|p2a: Comfey
|-damage|p2a: Comfey|18/100
|
|t:|1758291981
|switch|p1a: peter|Dragapult, F|100/100|[from] Flip Turn
|
|upkeep
|turn|4
|
|t:|1758291985
|-terastallize|p1a: peter|Fairy
|move|p2a: Comfey|Draining Kiss|p1a: peter
|-damage|p1a: peter|33/100
|-heal|p2a: Comfey|70/100|[from] drain|[of] p1a: peter
|move|p1a: peter|Dragon Darts|p2a: Comfey
|-damage|p2a: Comfey|42/100
|-anim|p1a: peter|Dragon Darts|p2a: Comfey
|-damage|p2a: Comfey|17/100
|
|upkeep
|turn|5
|
|t:|1758291993
|switch|p1a: LIKE A DRAGON|Alomomola, F|100/100
|move|p2a: Comfey|Draining Kiss|p1a: LIKE A DRAGON
|-damage|p1a: LIKE A DRAGON|67/100
|-heal|p2a: Comfey|56/100|[from] drain|[of] p1a: LIKE A DRAGON
|
|upkeep
|turn|6
|
|t:|1758291996
|move|p2a: Comfey|Draining Kiss|p1a: LIKE A DRAGON
|-damage|p1a: LIKE A DRAGON|34/100
|-heal|p2a: Comfey|94/100|[from] drain|[of] p1a: LIKE A DRAGON
|move|p1a: LIKE A DRAGON|Flip Turn|p2a: Comfey
|-supereffective|p2a: Comfey
|-damage|p2a: Comfey|57/100
|
|t:|1758292003
|switch|p1a: frfr|Slowking-Galar, M, shiny|100/100|[from] Flip Turn
|
|upkeep
|turn|7
|
|t:|1758292005
|switch|p1a: that dawg in him|Landorus-Therian, M|100/100
|-ability|p1a: that dawg in him|Intimidate|boost
|-unboost|p2a: Comfey|atk|1
|move|p2a: Comfey|Tera Blast|p1a: that dawg in him|[anim] Tera Blast Ground
|-immune|p1a: that dawg in him
|
|upkeep
|turn|8
|
|t:|1758292010
|move|p2a: Comfey|Draining Kiss|p1a: that dawg in him
|-damage|p1a: that dawg in him|59/100
|-heal|p2a: Comfey|96/100|[from] drain|[of] p1a: that dawg in him
|-damage|p2a: Comfey|79/100|[from] item: Rocky Helmet|[of] p1a: that dawg in him
|move|p1a: that dawg in him|Earthquake|p2a: Comfey
|-damage|p2a: Comfey|19/100
|
|upkeep
|turn|9
|
|t:|1758292018
|switch|p2a: Hydreigon|Hydreigon, M|100/100
|move|p1a: that dawg in him|Earthquake|p2a: Hydreigon
|-immune|p2a: Hydreigon|[from] ability: Levitate
|
|upkeep
|turn|10
|
|t:|1758292023
|switch|p1a: frfr|Slowking-Galar, M, shiny|100/100
|move|p2a: Hydreigon|Dark Pulse|p1a: frfr
|-supereffective|p1a: frfr
|-damage|p1a: frfr|32/100
|-damage|p2a: Hydreigon|91/100|[from] item: Life Orb
|
|upkeep
|turn|11
|
|t:|1758292032
|switch|p1a: Terminator|Iron Treads|7/100
|move|p2a: Hydreigon|Dark Pulse|p1a: Terminator
|-damage|p1a: Terminator|0 fnt
|faint|p1a: Terminator
|-end|p1a: Terminator|Quark Drive|[silent]
|-damage|p2a: Hydreigon|81/100|[from] item: Life Orb
|
|upkeep
|
|t:|1758292034
|switch|p1a: peter|Dragapult, F, tera:Fairy|33/100
|turn|12
|
|t:|1758292039
|switch|p2a: Metagross|Metagross, shiny|100/100
|move|p1a: peter|Dragon Darts|p2a: Metagross
|-resisted|p2a: Metagross
|-crit|p2a: Metagross
|-damage|p2a: Metagross|88/100
|-anim|p1a: peter|Dragon Darts|p2a: Metagross
|-resisted|p2a: Metagross
|-crit|p2a: Metagross
|-damage|p2a: Metagross|77/100
|
|upkeep
|turn|13
|
|t:|1758292044
|switch|p1a: that dawg in him|Landorus-Therian, M|59/100
|-ability|p1a: that dawg in him|Intimidate|boost
|-fail|p2a: Metagross|unboost|[from] ability: Clear Body|[of] p2a: Metagross
|move|p2a: Metagross|Bullet Punch|p1a: that dawg in him
|-damage|p1a: that dawg in him|36/100
|-damage|p2a: Metagross|60/100|[from] item: Rocky Helmet|[of] p1a: that dawg in him
|
|upkeep
|turn|14
|
|t:|1758292047
|move|p2a: Metagross|Bullet Punch|p1a: that dawg in him
|-damage|p1a: that dawg in him|10/100
|-damage|p2a: Metagross|44/100|[from] item: Rocky Helmet|[of] p1a: that dawg in him
|move|p1a: that dawg in him|Stealth Rock|p2a: Metagross
|-sidestart|p2: slowbro named paul|move: Stealth Rock
|
|upkeep
|turn|15
|
|t:|1758292050
|switch|p1a: LIKE A DRAGON|Alomomola, F|68/100
|move|p2a: Metagross|Bullet Punch|p1a: LIKE A DRAGON
|-resisted|p1a: LIKE A DRAGON
|-damage|p1a: LIKE A DRAGON|57/100
|
|upkeep
|turn|16
|
|t:|1758292055
|switch|p2a: Vileplume|Vileplume, M, shiny|100/100
|-damage|p2a: Vileplume|88/100|[from] Stealth Rock
|move|p1a: LIKE A DRAGON|Wish|p1a: LIKE A DRAGON
|
|upkeep
|turn|17
|
|t:|1758292058
|move|p2a: Vileplume|Leech Seed|p1a: LIKE A DRAGON
|-start|p1a: LIKE A DRAGON|move: Leech Seed
|move|p1a: LIKE A DRAGON|Flip Turn|p2a: Vileplume
|-resisted|p2a: Vileplume
|-damage|p2a: Vileplume|82/100
|-damage|p1a: LIKE A DRAGON|40/100|[from] item: Rocky Helmet|[of] p2a: Vileplume
|
|t:|1758292062
|switch|p1a: that dawg in him|Landorus-Therian, M|10/100|[from] Flip Turn
|-ability|p1a: that dawg in him|Intimidate|boost
|-unboost|p2a: Vileplume|atk|1
|
|-heal|p1a: that dawg in him|72/100|[from] move: Wish|[wisher] LIKE A DRAGON
|upkeep
|turn|18
|
|t:|1758292064
|move|p1a: that dawg in him|Taunt|p2a: Vileplume
|-start|p2a: Vileplume|move: Taunt
|cant|p2a: Vileplume|move: Taunt|Strength Sap
|
|upkeep
|turn|19
|
|t:|1758292068
|move|p1a: that dawg in him|U-turn|p2a: Vileplume
|-damage|p2a: Vileplume|64/100
|-damage|p1a: that dawg in him|56/100|[from] item: Rocky Helmet|[of] p2a: Vileplume
|
|t:|1758292071
|switch|p1a: LIKE A DRAGON|Alomomola, F|73/100|[from] U-turn
|move|p2a: Vileplume|Sludge Bomb|p1a: LIKE A DRAGON
|-damage|p1a: LIKE A DRAGON|46/100
|-status|p1a: LIKE A DRAGON|psn
|
|-damage|p1a: LIKE A DRAGON|33/100 psn|[from] psn
|upkeep
|turn|20
|
|t:|1758292075
|switch|p1a: frfr|Slowking-Galar, M, shiny|66/100
|move|p2a: Vileplume|Giga Drain|p1a: frfr
|-resisted|p1a: frfr
|-damage|p1a: frfr|58/100
|-heal|p2a: Vileplume|68/100|[from] drain|[of] p1a: frfr
|
|-end|p2a: Vileplume|move: Taunt
|upkeep
|turn|21
|
|t:|1758292079
|move|p2a: Vileplume|Leech Seed|p1a: frfr
|-start|p1a: frfr|move: Leech Seed
|move|p1a: frfr|Future Sight|p2a: Vileplume
|-start|p1a: frfr|move: Future Sight
|
|-damage|p1a: frfr|45/100|[from] Leech Seed|[of] p2a: Vileplume
|-heal|p2a: Vileplume|82/100|[silent]
|upkeep
|turn|22
|
|t:|1758292082
|move|p2a: Vileplume|Sludge Bomb|p1a: frfr
|-resisted|p1a: frfr
|-damage|p1a: frfr|35/100
|-prepare|p1a: frfr|Chilly Reception|[premajor]
|move|p1a: frfr|Chilly Reception|p1a: frfr
|-weather|Snowscape
|
|t:|1758292086
|switch|p1a: super suit?|Kyurem|100/100|[from] Chilly Reception
|-ability|p1a: super suit?|Pressure
|
|-weather|Snowscape|[upkeep]
|upkeep
|turn|23
|
|t:|1758292088
|move|p1a: super suit?|Blizzard|p2a: Vileplume
|-supereffective|p2a: Vileplume
|-damage|p2a: Vileplume|0 fnt
|faint|p2a: Vileplume
|
|-weather|Snowscape|[upkeep]
|-hint|Future Sight did not hit because the target is fainted.
|upkeep
|
|t:|1758292090
|switch|p2a: Kleavor|Kleavor, F|100/100
|-damage|p2a: Kleavor|76/100|[from] Stealth Rock
|turn|24
|
|t:|1758292095
|switch|p1a: LIKE A DRAGON|Alomomola, F|66/100 psn
|move|p2a: Kleavor|Stone Axe|p1a: LIKE A DRAGON
|-damage|p1a: LIKE A DRAGON|31/100 psn
|-sidestart|p1: TheEnma|move: Stealth Rock
|
|-weather|Snowscape|[upkeep]
|-damage|p1a: LIKE A DRAGON|19/100 psn|[from] psn
|upkeep
|turn|25
|
|t:|1758292100
|move|p1a: LIKE A DRAGON|Protect|p1a: LIKE A DRAGON
|-singleturn|p1a: LIKE A DRAGON|Protect
|move|p2a: Kleavor|Stone Axe|p1a: LIKE A DRAGON
|-activate|p1a: LIKE A DRAGON|move: Protect
|
|-weather|Snowscape|[upkeep]
|-damage|p1a: LIKE A DRAGON|6/100 psn|[from] psn
|upkeep
|turn|26
|
|t:|1758292104
|switch|p1a: that dawg in him|Landorus-Therian, M|56/100
|-damage|p1a: that dawg in him|43/100|[from] Stealth Rock
|-ability|p1a: that dawg in him|Intimidate|boost
|-unboost|p2a: Kleavor|atk|1
|move|p2a: Kleavor|Stone Axe|p1a: that dawg in him
|-damage|p1a: that dawg in him|20/100
|-damage|p2a: Kleavor|59/100|[from] item: Rocky Helmet|[of] p1a: that dawg in him
|
|-weather|none
|upkeep
|turn|27
|
|t:|1758292109
|move|p2a: Kleavor|Stone Axe|p1a: that dawg in him
|-damage|p1a: that dawg in him|0 fnt
|-damage|p2a: Kleavor|43/100|[from] item: Rocky Helmet|[of] p1a: that dawg in him
|faint|p1a: that dawg in him
|
|upkeep
|
|t:|1758292117
|switch|p1a: peter|Dragapult, F, tera:Fairy|33/100
|turn|28
|
|t:|1758292122
|switch|p2a: Hydreigon|Hydreigon, M|81/100
|-damage|p2a: Hydreigon|68/100|[from] Stealth Rock
|move|p1a: peter|Dragon Darts|p2a: Hydreigon
|-supereffective|p2a: Hydreigon
|-damage|p2a: Hydreigon|24/100
|-anim|p1a: peter|Dragon Darts|p2a: Hydreigon
|-supereffective|p2a: Hydreigon
|-damage|p2a: Hydreigon|0 fnt
|faint|p2a: Hydreigon
|
|upkeep
|
|t:|1758292124
|switch|p2a: Metagross|Metagross, shiny|44/100
|-damage|p2a: Metagross|38/100|[from] Stealth Rock
|turn|29
|
|t:|1758292132
|switch|p1a: LIKE A DRAGON|Alomomola, F|40/100 psn
|move|p2a: Metagross|Bullet Punch|p1a: LIKE A DRAGON
|-resisted|p1a: LIKE A DRAGON
|-damage|p1a: LIKE A DRAGON|27/100 psn
|
|-damage|p1a: LIKE A DRAGON|15/100 psn|[from] psn
|upkeep
|turn|30
|
|t:|1758292136
|switch|p1a: frfr|Slowking-Galar, M, shiny|68/100
|move|p2a: Metagross|Bullet Punch|p1a: frfr
|-damage|p1a: frfr|34/100
|
|upkeep
|turn|31
|
|t:|1758292139
|switch|p1a: LIKE A DRAGON|Alomomola, F|48/100 psn
|move|p2a: Metagross|Bullet Punch|p1a: LIKE A DRAGON
|-resisted|p1a: LIKE A DRAGON
|-damage|p1a: LIKE A DRAGON|37/100 psn
|
|-damage|p1a: LIKE A DRAGON|25/100 psn|[from] psn
|upkeep
|turn|32
|
|t:|1758292144
|switch|p2a: Keldeo|Keldeo-Resolute|100/100
|-damage|p2a: Keldeo|94/100|[from] Stealth Rock
|move|p1a: LIKE A DRAGON|Wish|p1a: LIKE A DRAGON
|
|-damage|p1a: LIKE A DRAGON|12/100 psn|[from] psn
|upkeep
|turn|33
|
|t:|1758292148
|move|p1a: LIKE A DRAGON|Protect|p1a: LIKE A DRAGON
|-singleturn|p1a: LIKE A DRAGON|Protect
|move|p2a: Keldeo|Secret Sword|p1a: LIKE A DRAGON
|-activate|p1a: LIKE A DRAGON|move: Protect
|
|-heal|p1a: LIKE A DRAGON|62/100 psn|[from] move: Wish|[wisher] LIKE A DRAGON
|-damage|p1a: LIKE A DRAGON|50/100 psn|[from] psn
|upkeep
|turn|34
|
|t:|1758292155
|switch|p1a: frfr|Slowking-Galar, M, shiny|67/100
|move|p2a: Keldeo|Secret Sword|p1a: frfr
|-resisted|p1a: frfr
|-damage|p1a: frfr|49/100
|
|upkeep
|turn|35
|
|t:|1758292160
|switch|p2a: Metagross|Metagross, shiny|38/100
|-damage|p2a: Metagross|32/100|[from] Stealth Rock
|-prepare|p1a: frfr|Chilly Reception|[premajor]
|move|p1a: frfr|Chilly Reception|p1a: frfr
|-weather|Snowscape
|
|t:|1758292165
|switch|p1a: LIKE A DRAGON|Alomomola, F|83/100 psn|[from] Chilly Reception
|
|-weather|Snowscape|[upkeep]
|-damage|p1a: LIKE A DRAGON|70/100 psn|[from] psn
|upkeep
|turn|36
|
|t:|1758292168
|move|p1a: LIKE A DRAGON|Protect|p1a: LIKE A DRAGON
|-singleturn|p1a: LIKE A DRAGON|Protect
|move|p2a: Metagross|Knock Off|p1a: LIKE A DRAGON
|-activate|p1a: LIKE A DRAGON|move: Protect
|
|-weather|Snowscape|[upkeep]
|-damage|p1a: LIKE A DRAGON|58/100 psn|[from] psn
|upkeep
|turn|37
|
|t:|1758292175
|move|p2a: Metagross|Knock Off|p1a: LIKE A DRAGON
|-damage|p1a: LIKE A DRAGON|18/100 psn
|-enditem|p1a: LIKE A DRAGON|Heavy-Duty Boots|[from] move: Knock Off|[of] p2a: Metagross
|move|p1a: LIKE A DRAGON|Flip Turn|p2a: Metagross
|-damage|p2a: Metagross|20/100
|
|t:|1758292176
|switch|p1a: peter|Dragapult, F, tera:Fairy|33/100|[from] Flip Turn
|
|-weather|Snowscape|[upkeep]
|upkeep
|turn|38
|
|t:|1758292180
|switch|p2a: Comfey|Comfey, M, tera:Ground|19/100
|-damage|p2a: Comfey|13/100|[from] Stealth Rock
|move|p1a: peter|Hex|p2a: Comfey
|-damage|p2a: Comfey|0 fnt
|faint|p2a: Comfey
|
|-weather|Snowscape|[upkeep]
|upkeep
|
|t:|1758292182
|switch|p2a: Metagross|Metagross, shiny|20/100
|-damage|p2a: Metagross|14/100|[from] Stealth Rock
|turn|39
|
|t:|1758292184
|switch|p1a: LIKE A DRAGON|Alomomola, F|51/100 psn
|-damage|p1a: LIKE A DRAGON|38/100 psn|[from] Stealth Rock
|move|p2a: Metagross|Bullet Punch|p1a: LIKE A DRAGON
|-resisted|p1a: LIKE A DRAGON
|-damage|p1a: LIKE A DRAGON|26/100 psn
|
|-weather|none
|-damage|p1a: LIKE A DRAGON|13/100 psn|[from] psn
|upkeep
|turn|40
|
|t:|1758292188
|switch|p1a: frfr|Slowking-Galar, M, shiny|83/100
|move|p2a: Metagross|Bullet Punch|p1a: frfr
|-damage|p1a: frfr|47/100
|
|upkeep
|turn|41
|
|t:|1758292190
|move|p2a: Metagross|Bullet Punch|p1a: frfr
|-damage|p1a: frfr|10/100
|-prepare|p1a: frfr|Chilly Reception|[premajor]
|move|p1a: frfr|Chilly Reception|p1a: frfr
|-weather|Snowscape
|
|t:|1758292194
|switch|p1a: LIKE A DRAGON|Alomomola, F|47/100 psn|[from] Chilly Reception
|-damage|p1a: LIKE A DRAGON|34/100 psn|[from] Stealth Rock
|
|-weather|Snowscape|[upkeep]
|-damage|p1a: LIKE A DRAGON|22/100 psn|[from] psn
|upkeep
|turn|42
|
|t:|1758292197
|move|p2a: Metagross|Bullet Punch|p1a: LIKE A DRAGON
|-resisted|p1a: LIKE A DRAGON
|-damage|p1a: LIKE A DRAGON|11/100 psn
|move|p1a: LIKE A DRAGON|Flip Turn|p2a: Metagross
|-crit|p2a: Metagross
|-damage|p2a: Metagross|0 fnt
|faint|p2a: Metagross
|
|t:|1758292200
|switch|p1a: super suit?|Kyurem|100/100|[from] Flip Turn
|-damage|p1a: super suit?|76/100|[from] Stealth Rock
|-ability|p1a: super suit?|Pressure
|
|-weather|Snowscape|[upkeep]
|upkeep
|
|t:|1758292201
|switch|p2a: Kleavor|Kleavor, F|43/100
|-damage|p2a: Kleavor|18/100|[from] Stealth Rock
|turn|43
|
|t:|1758292205
|move|p2a: Kleavor|X-Scissor|p1a: super suit?
|-damage|p1a: super suit?|32/100
|move|p1a: super suit?|Blizzard|p2a: Kleavor
|-damage|p2a: Kleavor|0 fnt
|faint|p2a: Kleavor
|
|-weather|Snowscape|[upkeep]
|upkeep
|
|t:|1758292207
|switch|p2a: Keldeo|Keldeo-Resolute|94/100
|-damage|p2a: Keldeo|88/100|[from] Stealth Rock
|turn|44
|
|t:|1758292218
|move|p2a: Keldeo|Surf|p1a: super suit?
|-resisted|p1a: super suit?
|-damage|p1a: super suit?|0 fnt
|faint|p1a: super suit?
|
|-weather|Snowscape|[upkeep]
|upkeep
|
|t:|1758292221
|switch|p1a: LIKE A DRAGON|Alomomola, F|44/100 psn
|-damage|p1a: LIKE A DRAGON|32/100 psn|[from] Stealth Rock
|turn|45
|
|t:|1758292223
|move|p2a: Keldeo|Surf|p1a: LIKE A DRAGON
|-resisted|p1a: LIKE A DRAGON
|-damage|p1a: LIKE A DRAGON|1/100 psn
|move|p1a: LIKE A DRAGON|Flip Turn|p2a: Keldeo
|-resisted|p2a: Keldeo
|-damage|p2a: Keldeo|79/100
|
|t:|1758292225
|switch|p1a: frfr|Slowking-Galar, M, shiny|43/100|[from] Flip Turn
|
|-weather|none
|upkeep
|turn|46
|
|t:|1758292227
|move|p2a: Keldeo|Surf|p1a: frfr
|-damage|p1a: frfr|4/100
|move|p1a: frfr|Thunder Wave|p2a: Keldeo|[miss]
|-miss|p1a: frfr|p2a: Keldeo
|
|upkeep
|turn|47
|
|t:|1758292231
|switch|p1a: LIKE A DRAGON|Alomomola, F|34/100 psn
|-damage|p1a: LIKE A DRAGON|21/100 psn|[from] Stealth Rock
|move|p2a: Keldeo|Surf|p1a: LIKE A DRAGON
|-resisted|p1a: LIKE A DRAGON
|-damage|p1a: LIKE A DRAGON|0 fnt
|faint|p1a: LIKE A DRAGON
|
|upkeep
|
|t:|1758292233
|switch|p1a: frfr|Slowking-Galar, M, shiny|37/100
|turn|48
|
|t:|1758292238
|move|p2a: Keldeo|Surf|p1a: frfr
|-damage|p1a: frfr|0 fnt
|faint|p1a: frfr
|
|upkeep
|
|t:|1758292240
|switch|p1a: peter|Dragapult, F, tera:Fairy|33/100
|turn|49
|
|t:|1758292241
|move|p1a: peter|Dragon Darts|p2a: Keldeo
|-damage|p2a: Keldeo|54/100
|-anim|p1a: peter|Dragon Darts|p2a: Keldeo
|-damage|p2a: Keldeo|31/100
|move|p2a: Keldeo|Surf|p1a: peter
|-damage|p1a: peter|0 fnt
|faint|p1a: peter
|
|win|slowbro named paul
|raw|TheEnma's rating: 1264 &rarr; <strong>1238</strong><br />(-26 for losing)
|raw|slowbro named paul's rating: 1246 &rarr; <strong>1272</strong><br />(+26 for winning)
