|j|☆apotato135
|j|☆prudentash
|t:|1758326386
|gametype|singles
|player|p1|apotato135|swimmer-gen4dp|1442
|player|p2|prudentash|swimmer-gen4|1520
|gen|9
|tier|[Gen 9] OU
|rated|
|rule|HP Percentage Mod: HP is shown in percentages
|rule|Endless Battle Clause: Forcing endless battles is banned
|rule|Species Clause: Limit one of each Pokémon
|rule|OHKO Clause: OHKO moves are banned
|rule|Evasion Items Clause: Evasion items are banned
|rule|Evasion Moves Clause: Evasion moves are banned
|rule|Evasion Abilities Clause: Evasion abilities are banned
|rule|Sleep Moves Clause: Sleep-inducing moves are banned
|clearpoke
|poke|p1|Ninetales-Alola, F|
|poke|p1|Kyurem|
|poke|p1|Cloyster, F|
|poke|p1|Enamorus, F|
|poke|p1|Primeape, F|
|poke|p1|Iron Treads|
|poke|p2|Ogerpon-Wellspring, F|
|poke|p2|Kingambit, M|
|poke|p2|Barraskewda, M|
|poke|p2|Zapdos|
|poke|p2|Iron Treads|
|poke|p2|Pelipper, M|
|teampreview
|
|t:|1758326413
|teamsize|p1|6
|teamsize|p2|6
|start
|switch|p1a: Cloyster|Cloyster, F|100/100
|switch|p2a: Ogerpon|Ogerpon-Wellspring, F|100/100
|turn|1
|inactive|Battle timer is ON: inactive players will automatically lose when time's up. (requested by prudentash)
|
|t:|1758326425
|move|p2a: Ogerpon|U-turn|p1a: Cloyster
|-crit|p1a: Cloyster
|-damage|p1a: Cloyster|67/100
|
|t:|1758326428
|switch|p2a: Zapdos|Zapdos|100/100|[from] U-turn
|move|p1a: Cloyster|Shell Smash|p1a: Cloyster
|-unboost|p1a: Cloyster|def|1
|-unboost|p1a: Cloyster|spd|1
|-boost|p1a: Cloyster|atk|2
|-boost|p1a: Cloyster|spa|2
|-boost|p1a: Cloyster|spe|2
|
|upkeep
|turn|2
|
|t:|1758326443
|-terastallize|p2a: Zapdos|Fairy
|move|p1a: Cloyster|Icicle Spear|p2a: Zapdos
|-damage|p2a: Zapdos|68/100
|-damage|p2a: Zapdos|31/100
|-crit|p2a: Zapdos
|-damage|p2a: Zapdos|0 fnt
|faint|p2a: Zapdos
|-hitcount|p2: Zapdos|3
|
|upkeep
|
|t:|1758326455
|switch|p2a: Kingambit|Kingambit, M|100/100
|-activate|p2a: Kingambit|ability: Supreme Overlord
|-start|p2a: Kingambit|fallen1|[silent]
|turn|3
|
|t:|1758326459
|switch|p1a: Primeape|Primeape, F|100/100
|move|p2a: Kingambit|Sucker Punch||[still]
|-fail|p2a: Kingambit
|
|upkeep
|turn|4
|
|t:|1758326466
|switch|p1a: Ninetales|Ninetales-Alola, F|100/100
|-weather|Snowscape|[from] ability: Snow Warning|[of] p1a: Ninetales
|-end|p2a: Kingambit|fallen1|[silent]
|switch|p2a: Pelipper|Pelipper, M|100/100
|-weather|RainDance|[from] ability: Drizzle|[of] p2a: Pelipper
|
|-weather|RainDance|[upkeep]
|upkeep
|turn|5
|
|t:|1758326481
|switch|p2a: Iron Treads|Iron Treads|100/100
|move|p1a: Ninetales|Freeze-Dry|p2a: Iron Treads
|-damage|p2a: Iron Treads|74/100
|
|-weather|RainDance|[upkeep]
|-heal|p2a: Iron Treads|81/100|[from] item: Leftovers
|upkeep
|turn|6
|
|t:|1758326489
|switch|p1a: Primeape|Primeape, F|100/100
|move|p2a: Iron Treads|Stealth Rock|p1a: Primeape
|-sidestart|p1: apotato135|move: Stealth Rock
|
|-weather|RainDance|[upkeep]
|-heal|p2a: Iron Treads|87/100|[from] item: Leftovers
|upkeep
|turn|7
|
|t:|1758326501
|-end|p2a: Iron Treads|Quark Drive|[silent]
|switch|p2a: Ogerpon|Ogerpon-Wellspring, F|100/100
|move|p1a: Primeape|Drain Punch|p2a: Ogerpon
|-damage|p2a: Ogerpon|64/100
|
|-weather|RainDance|[upkeep]
|upkeep
|turn|8
|
|t:|1758326525
|switch|p1a: Ninetales|Ninetales-Alola, F|100/100
|-damage|p1a: Ninetales|76/100|[from] Stealth Rock
|-weather|Snowscape|[from] ability: Snow Warning|[of] p1a: Ninetales
|move|p2a: Ogerpon|Ivy Cudgel|p1a: Ninetales|[anim] Ivy Cudgel Water
|-damage|p1a: Ninetales|31/100
|
|-weather|Snowscape|[upkeep]
|upkeep
|turn|9
|
|t:|1758326536
|switch|p1a: Kyurem|Kyurem|100/100
|-damage|p1a: Kyurem|76/100|[from] Stealth Rock
|-ability|p1a: Kyurem|Pressure
|move|p2a: Ogerpon|Ivy Cudgel|p1a: Kyurem|[anim] Ivy Cudgel Water
|-resisted|p1a: Kyurem
|-damage|p1a: Kyurem|58/100
|
|-weather|Snowscape|[upkeep]
|upkeep
|turn|10
|inactive|prudentash has 120 seconds left.
|
|t:|1758326575
|switch|p2a: Iron Treads|Iron Treads|87/100
|move|p1a: Kyurem|Dragon Dance|p1a: Kyurem
|-boost|p1a: Kyurem|atk|1
|-boost|p1a: Kyurem|spe|1
|
|-weather|Snowscape|[upkeep]
|-heal|p2a: Iron Treads|93/100|[from] item: Leftovers
|upkeep
|turn|11
|inactive|prudentash has 120 seconds left.
|
|t:|1758326583
|move|p1a: Kyurem|Icicle Spear|p2a: Iron Treads
|-damage|p2a: Iron Treads|73/100
|-damage|p2a: Iron Treads|54/100
|-damage|p2a: Iron Treads|36/100
|-damage|p2a: Iron Treads|15/100
|-hitcount|p2a: Iron Treads|4
|move|p2a: Iron Treads|Earthquake|p1a: Kyurem
|-damage|p1a: Kyurem|29/100
|
|-weather|Snowscape|[upkeep]
|-heal|p2a: Iron Treads|21/100|[from] item: Leftovers
|upkeep
|turn|12
|inactive|prudentash has 120 seconds left.
|
|t:|1758326595
|move|p1a: Kyurem|Icicle Spear|p2a: Iron Treads
|-damage|p2a: Iron Treads|1/100
|-damage|p2a: Iron Treads|0 fnt
|faint|p2a: Iron Treads
|-end|p2a: Iron Treads|Quark Drive|[silent]
|-hitcount|p2: Iron Treads|2
|
|-weather|none
|upkeep
|inactive|prudentash has 120 seconds left.
|
|t:|1758326604
|switch|p2a: Kingambit|Kingambit, M|100/100
|-activate|p2a: Kingambit|ability: Supreme Overlord
|-start|p2a: Kingambit|fallen2|[silent]
|turn|13
|
|t:|1758326613
|switch|p1a: Iron Treads|Iron Treads|100/100
|-damage|p1a: Iron Treads|97/100|[from] Stealth Rock
|-enditem|p1a: Iron Treads|Booster Energy
|-activate|p1a: Iron Treads|ability: Quark Drive|[fromitem]
|-start|p1a: Iron Treads|quarkdrivespe
|move|p2a: Kingambit|Sucker Punch||[still]
|-fail|p2a: Kingambit
|
|upkeep
|turn|14
|
|t:|1758326621
|-end|p2a: Kingambit|fallen2|[silent]
|switch|p2a: Pelipper|Pelipper, M|100/100
|-weather|RainDance|[from] ability: Drizzle|[of] p2a: Pelipper
|move|p1a: Iron Treads|Stealth Rock|p2a: Pelipper
|-sidestart|p2: prudentash|move: Stealth Rock
|
|-weather|RainDance|[upkeep]
|upkeep
|turn|15
|
|t:|1758326630
|switch|p2a: Ogerpon|Ogerpon-Wellspring, F|64/100
|-damage|p2a: Ogerpon|52/100|[from] Stealth Rock
|move|p1a: Iron Treads|Rapid Spin|p2a: Ogerpon
|-damage|p2a: Ogerpon|37/100
|-boost|p1a: Iron Treads|spe|1
|-sideend|p1: apotato135|Stealth Rock|[from] move: Rapid Spin|[of] p1a: Iron Treads
|
|-weather|RainDance|[upkeep]
|upkeep
|turn|16
|
|t:|1758326641
|move|p1a: Iron Treads|Steel Beam|p2a: Ogerpon
|-resisted|p2a: Ogerpon
|-damage|p2a: Ogerpon|7/100
|-damage|p1a: Iron Treads|47/100|[from] steelbeam
|move|p2a: Ogerpon|U-turn|p1a: Iron Treads
|-resisted|p1a: Iron Treads
|-crit|p1a: Iron Treads
|-damage|p1a: Iron Treads|27/100
|
|t:|1758326650
|switch|p2a: Barraskewda|Barraskewda, M|100/100|[from] U-turn
|-damage|p2a: Barraskewda|88/100|[from] Stealth Rock
|
|-weather|RainDance|[upkeep]
|upkeep
|turn|17
|
|t:|1758326659
|move|p1a: Iron Treads|Steel Beam|p2a: Barraskewda
|-resisted|p2a: Barraskewda
|-damage|p2a: Barraskewda|37/100
|-damage|p1a: Iron Treads|0 fnt|[from] steelbeam
|faint|p1a: Iron Treads
|-end|p1a: Iron Treads|Quark Drive|[silent]
|move|p2a: Barraskewda|Liquidation|p1: Iron Treads|[notarget]
|-fail|p2a: Barraskewda
|
|-weather|RainDance|[upkeep]
|upkeep
|
|t:|1758326668
|switch|p1a: Ninetales|Ninetales-Alola, F|31/100
|-weather|Snowscape|[from] ability: Snow Warning|[of] p1a: Ninetales
|turn|18
|
|t:|1758326673
|switch|p1a: Cloyster|Cloyster, F|67/100
|move|p2a: Barraskewda|Poison Jab|p1a: Cloyster
|-damage|p1a: Cloyster|51/100
|
|-weather|Snowscape|[upkeep]
|upkeep
|turn|19
|
|t:|1758326695
|move|p1a: Cloyster|Ice Shard|p2a: Barraskewda
|-resisted|p2a: Barraskewda
|-damage|p2a: Barraskewda|16/100
|move|p2a: Barraskewda|Flip Turn|p1a: Cloyster
|-resisted|p1a: Cloyster
|-damage|p1a: Cloyster|41/100
|
|t:|1758326702
|switch|p2a: Kingambit|Kingambit, M|100/100|[from] Flip Turn
|-damage|p2a: Kingambit|94/100|[from] Stealth Rock
|-activate|p2a: Kingambit|ability: Supreme Overlord
|-start|p2a: Kingambit|fallen2|[silent]
|
|-weather|Snowscape|[upkeep]
|upkeep
|turn|20
|
|t:|1758326715
|move|p1a: Cloyster|Icicle Spear|p2a: Kingambit
|-resisted|p2a: Kingambit
|-damage|p2a: Kingambit|88/100
|-resisted|p2a: Kingambit
|-damage|p2a: Kingambit|82/100
|-resisted|p2a: Kingambit
|-damage|p2a: Kingambit|76/100
|-resisted|p2a: Kingambit
|-damage|p2a: Kingambit|70/100
|-resisted|p2a: Kingambit
|-damage|p2a: Kingambit|64/100
|-hitcount|p2a: Kingambit|5
|move|p2a: Kingambit|Kowtow Cleave|p1a: Cloyster
|-damage|p1a: Cloyster|7/100
|
|-weather|Snowscape|[upkeep]
|upkeep
|turn|21
|
|t:|1758326727
|move|p1a: Cloyster|Ice Shard|p2a: Kingambit
|-resisted|p2a: Kingambit
|-damage|p2a: Kingambit|55/100
|move|p2a: Kingambit|Sucker Punch||[still]
|-fail|p2a: Kingambit
|
|-weather|Snowscape|[upkeep]
|upkeep
|turn|22
|
|t:|1758326733
|move|p1a: Cloyster|Icicle Spear|p2a: Kingambit
|-resisted|p2a: Kingambit
|-damage|p2a: Kingambit|49/100
|-resisted|p2a: Kingambit
|-damage|p2a: Kingambit|43/100
|-resisted|p2a: Kingambit
|-damage|p2a: Kingambit|37/100
|-resisted|p2a: Kingambit
|-damage|p2a: Kingambit|31/100
|-resisted|p2a: Kingambit
|-damage|p2a: Kingambit|25/100
|-hitcount|p2a: Kingambit|5
|move|p2a: Kingambit|Kowtow Cleave|p1a: Cloyster
|-damage|p1a: Cloyster|0 fnt
|faint|p1a: Cloyster
|
|-weather|none
|upkeep
|
|t:|1758326738
|switch|p1a: Enamorus|Enamorus, F|100/100
|turn|23
|
|t:|1758326751
|-end|p2a: Kingambit|fallen2|[silent]
|switch|p2a: Pelipper|Pelipper, M|100/100
|-damage|p2a: Pelipper|76/100|[from] Stealth Rock
|-weather|RainDance|[from] ability: Drizzle|[of] p2a: Pelipper
|move|p1a: Enamorus|Moonblast|p2a: Pelipper
|-crit|p2a: Pelipper
|-damage|p2a: Pelipper|0 fnt
|faint|p2a: Pelipper
|
|-weather|RainDance|[upkeep]
|upkeep
|
|t:|1758326764
|switch|p2a: Ogerpon|Ogerpon-Wellspring, F|7/100
|-damage|p2a: Ogerpon|0 fnt|[from] Stealth Rock
|faint|p2a: Ogerpon
|
|t:|1758326769
|switch|p2a: Barraskewda|Barraskewda, M|16/100
|-damage|p2a: Barraskewda|4/100|[from] Stealth Rock
|turn|24
|
|t:|1758326774
|switch|p1a: Ninetales|Ninetales-Alola, F|31/100
|-weather|Snowscape|[from] ability: Snow Warning|[of] p1a: Ninetales
|move|p2a: Barraskewda|Liquidation|p1a: Ninetales
|-damage|p1a: Ninetales|0 fnt
|faint|p1a: Ninetales
|
|-weather|Snowscape|[upkeep]
|upkeep
|
|t:|1758326779
|switch|p1a: Enamorus|Enamorus, F|100/100
|turn|25
|
|t:|1758326785
|move|p1a: Enamorus|Superpower|p2a: Barraskewda
|-damage|p2a: Barraskewda|0 fnt
|-boost|p1a: Enamorus|atk|1
|-boost|p1a: Enamorus|def|1
|faint|p2a: Barraskewda
|
|-weather|Snowscape|[upkeep]
|upkeep
|
|t:|1758326792
|switch|p2a: Kingambit|Kingambit, M|25/100
|-damage|p2a: Kingambit|19/100|[from] Stealth Rock
|-activate|p2a: Kingambit|ability: Supreme Overlord
|-start|p2a: Kingambit|fallen5|[silent]
|turn|26
|
|t:|1758326797
|move|p2a: Kingambit|Sucker Punch|p1a: Enamorus
|-resisted|p1a: Enamorus
|-damage|p1a: Enamorus|62/100
|move|p1a: Enamorus|Superpower|p2a: Kingambit
|-supereffective|p2a: Kingambit
|-damage|p2a: Kingambit|0 fnt
|-boost|p1a: Enamorus|atk|1
|-boost|p1a: Enamorus|def|1
|faint|p2a: Kingambit
|-end|p2a: Kingambit|fallen5|[silent]
|
|win|apotato135
|raw|apotato135's rating: 1442 &rarr; <strong>1466</strong><br />(+24 for winning)
|raw|prudentash's rating: 1520 &rarr; <strong>1496</strong><br />(-24 for losing)
|l|☆prudentash
|player|p2|
|l|☆apotato135
|player|p1|
