|j|☆risky dicky
|j|‽stephadobo
|t:|1758245933
|gametype|singles
|player|p1|risky dicky|169|1045
|player|p2|stephadobo|170|1062
|gen|9
|tier|[Gen 9] OU
|rated|
|rule|HP Percentage Mod: HP is shown in percentages
|rule|Endless Battle Clause: Forcing endless battles is banned
|rule|Species Clause: Limit one of each Pokémon
|rule|OHKO Clause: OHKO moves are banned
|rule|Evasion Items Clause: Evasion items are banned
|rule|Evasion Moves Clause: Evasion moves are banned
|rule|Evasion Abilities Clause: Evasion abilities are banned
|rule|Sleep Moves Clause: Sleep-inducing moves are banned
|clearpoke
|poke|p1|Charizard, M|
|poke|p1|Pikachu, M|
|poke|p1|Squirtle, F|
|poke|p1|Bulbasaur, M|
|poke|p1|Lapras, F|
|poke|p1|Snorlax, F|
|poke|p2|Dragonite, F|
|poke|p2|Kingambit, M|
|poke|p2|Gliscor, F|
|poke|p2|Heatran, F|
|poke|p2|Clefable, M|
|poke|p2|Sinistcha|
|teampreview
|inactive|Battle timer is ON: inactive players will automatically lose when time's up. (requested by stephadobo)
|
|t:|1758245948
|teamsize|p1|6
|teamsize|p2|6
|start
|switch|p1a: Squirtle|Squirtle, F|100/100
|switch|p2a: Gliscor|Gliscor, F, shiny|100/100
|turn|1
|
|t:|1758245966
|switch|p2a: Sinistcha|Sinistcha, shiny|100/100
|move|p1a: Squirtle|Shell Smash|p1a: Squirtle
|-unboost|p1a: Squirtle|def|1
|-unboost|p1a: Squirtle|spd|1
|-boost|p1a: Squirtle|atk|2
|-boost|p1a: Squirtle|spa|2
|-boost|p1a: Squirtle|spe|2
|
|upkeep
|turn|2
|
|t:|1758245978
|move|p1a: Squirtle|Shell Smash|p1a: Squirtle
|-unboost|p1a: Squirtle|def|1
|-unboost|p1a: Squirtle|spd|1
|-boost|p1a: Squirtle|atk|2
|-boost|p1a: Squirtle|spa|2
|-boost|p1a: Squirtle|spe|2
|move|p2a: Sinistcha|Calm Mind|p2a: Sinistcha
|-boost|p2a: Sinistcha|spa|1
|-boost|p2a: Sinistcha|spd|1
|
|upkeep
|turn|3
|
|t:|1758245992
|move|p1a: Squirtle|Shell Smash|p1a: Squirtle
|-unboost|p1a: Squirtle|def|1
|-unboost|p1a: Squirtle|spd|1
|-boost|p1a: Squirtle|atk|2
|-boost|p1a: Squirtle|spa|2
|-boost|p1a: Squirtle|spe|2
|move|p2a: Sinistcha|Calm Mind|p2a: Sinistcha
|-boost|p2a: Sinistcha|spa|1
|-boost|p2a: Sinistcha|spd|1
|
|upkeep
|turn|4
|
|t:|1758246001
|move|p1a: Squirtle|Ice Spinner|p2a: Sinistcha
|-supereffective|p2a: Sinistcha
|-damage|p2a: Sinistcha|17/100
|move|p2a: Sinistcha|Matcha Gotcha|p1a: Squirtle
|-supereffective|p1a: Squirtle
|-enditem|p1a: Squirtle|Focus Sash
|-damage|p1a: Squirtle|1/100
|-heal|p2a: Sinistcha|50/100|[from] drain|[of] p1a: Squirtle
|
|-heal|p2a: Sinistcha|56/100|[from] item: Leftovers
|upkeep
|turn|5
|
|t:|1758246017
|-terastallize|p2a: Sinistcha|Poison
|move|p1a: Squirtle|Ice Spinner|p2a: Sinistcha
|-damage|p2a: Sinistcha|15/100
|move|p2a: Sinistcha|Matcha Gotcha|p1a: Squirtle
|-supereffective|p1a: Squirtle
|-damage|p1a: Squirtle|0 fnt
|-heal|p2a: Sinistcha|16/100|[from] drain|[of] p1a: Squirtle
|faint|p1a: Squirtle
|
|-heal|p2a: Sinistcha|22/100|[from] item: Leftovers
|upkeep
|
|t:|1758246034
|switch|p1a: Pikachu|Pikachu, M|100/100
|turn|6
|
|t:|1758246038
|move|p1a: Pikachu|Thunderbolt|p2a: Sinistcha
|-damage|p2a: Sinistcha|0 fnt
|faint|p2a: Sinistcha
|
|upkeep
|
|t:|1758246044
|switch|p2a: Gliscor|Gliscor, F, shiny|100/100
|turn|7
|
|t:|1758246051
|move|p1a: Pikachu|Nasty Plot|p1a: Pikachu
|-boost|p1a: Pikachu|spa|2
|move|p2a: Gliscor|Toxic|p1a: Pikachu
|-status|p1a: Pikachu|tox
|
|-damage|p1a: Pikachu|94/100 tox|[from] psn
|-status|p2a: Gliscor|tox|[from] item: Toxic Orb
|upkeep
|turn|8
|
|t:|1758246062
|-terastallize|p1a: Pikachu|Water
|move|p1a: Pikachu|Agility|p1a: Pikachu
|-boost|p1a: Pikachu|spe|2
|move|p2a: Gliscor|Swords Dance|p2a: Gliscor
|-boost|p2a: Gliscor|atk|2
|
|-damage|p1a: Pikachu|82/100 tox|[from] psn
|upkeep
|turn|9
|
|t:|1758246076
|move|p2a: Gliscor|Protect|p2a: Gliscor
|-singleturn|p2a: Gliscor|Protect
|move|p1a: Pikachu|Nasty Plot|p1a: Pikachu
|-boost|p1a: Pikachu|spa|2
|
|-damage|p1a: Pikachu|64/100 tox|[from] psn
|upkeep
|turn|10
|
|t:|1758246084
|move|p1a: Pikachu|Surf|p2a: Gliscor
|-supereffective|p2a: Gliscor
|-damage|p2a: Gliscor|0 fnt
|faint|p2a: Gliscor
|
|-damage|p1a: Pikachu|39/100 tox|[from] psn
|upkeep
|
|t:|1758246087
|switch|p2a: Clefable|Clefable, M|100/100
|turn|11
|
|t:|1758246094
|move|p1a: Pikachu|Surf|p2a: Clefable
|-damage|p2a: Clefable|0 fnt
|faint|p2a: Clefable
|
|-damage|p1a: Pikachu|8/100 tox|[from] psn
|upkeep
|
|t:|1758246099
|switch|p2a: Dragonite|Dragonite, F|100/100
|turn|12
|
|t:|1758246103
|move|p2a: Dragonite|Extreme Speed|p1a: Pikachu
|-damage|p1a: Pikachu|0 fnt
|faint|p1a: Pikachu
|
|upkeep
|
|t:|1758246109
|switch|p1a: Bulbasaur|Bulbasaur, M|100/100
|turn|13
|
|t:|1758246118
|move|p2a: Dragonite|Fire Punch|p1a: Bulbasaur
|-supereffective|p1a: Bulbasaur
|-damage|p1a: Bulbasaur|38/100
|move|p1a: Bulbasaur|Leech Seed|p2a: Dragonite
|-start|p2a: Dragonite|move: Leech Seed
|
|-damage|p2a: Dragonite|88/100|[from] Leech Seed|[of] p1a: Bulbasaur
|-heal|p1a: Bulbasaur|56/100|[silent]
|upkeep
|turn|14
|
|t:|1758246127
|move|p1a: Bulbasaur|Protect|p1a: Bulbasaur
|-singleturn|p1a: Bulbasaur|Protect
|move|p2a: Dragonite|Fire Punch|p1a: Bulbasaur
|-activate|p1a: Bulbasaur|move: Protect
|
|-damage|p2a: Dragonite|76/100|[from] Leech Seed|[of] p1a: Bulbasaur
|-heal|p1a: Bulbasaur|73/100|[silent]
|upkeep
|turn|15
|
|t:|1758246135
|switch|p2a: Heatran|Heatran, F, shiny|100/100
|move|p1a: Bulbasaur|Toxic|p2a: Heatran
|-immune|p2a: Heatran
|
|upkeep
|turn|16
|
|t:|1758246143
|move|p1a: Bulbasaur|Protect|p1a: Bulbasaur
|-singleturn|p1a: Bulbasaur|Protect
|move|p2a: Heatran|Magma Storm|p1a: Bulbasaur
|-activate|p1a: Bulbasaur|move: Protect
|
|upkeep
|turn|17
|
|t:|1758246150
|move|p2a: Heatran|Magma Storm|p1a: Bulbasaur
|-supereffective|p1a: Bulbasaur
|-damage|p1a: Bulbasaur|0 fnt
|faint|p1a: Bulbasaur
|
|upkeep
|
|t:|1758246157
|switch|p1a: Charizard|Charizard, M|100/100
|turn|18
|
|t:|1758246165
|switch|p2a: Dragonite|Dragonite, F|76/100
|move|p1a: Charizard|Dragon Pulse|p2a: Dragonite
|-supereffective|p2a: Dragonite
|-damage|p2a: Dragonite|16/100
|
|upkeep
|turn|19
|
|t:|1758246172
|move|p2a: Dragonite|Extreme Speed|p1a: Charizard
|-damage|p1a: Charizard|59/100
|move|p1a: Charizard|Dragon Pulse|p2a: Dragonite
|-supereffective|p2a: Dragonite
|-damage|p2a: Dragonite|0 fnt
|faint|p2a: Dragonite
|
|upkeep
|
|t:|1758246175
|switch|p2a: Heatran|Heatran, F, shiny|100/100
|turn|20
|
|t:|1758246182
|switch|p1a: Lapras|Lapras, F|100/100
|move|p2a: Heatran|Magma Storm|p1a: Lapras
|-damage|p1a: Lapras|71/100
|-activate|p1a: Lapras|move: Magma Storm|[of] p2a: Heatran
|
|-heal|p1a: Lapras|77/100|[from] item: Leftovers
|-damage|p1a: Lapras|64/100|[from] move: Magma Storm|[partiallytrapped]
|upkeep
|turn|21
|
|t:|1758246194
|move|p2a: Heatran|Protect|p2a: Heatran
|-singleturn|p2a: Heatran|Protect
|move|p1a: Lapras|Hydro Pump|p2a: Heatran
|-activate|p2a: Heatran|move: Protect
|
|-heal|p1a: Lapras|71/100|[from] item: Leftovers
|-damage|p1a: Lapras|58/100|[from] move: Magma Storm|[partiallytrapped]
|upkeep
|turn|22
|
|t:|1758246206
|move|p2a: Heatran|Earth Power|p1a: Lapras
|-damage|p1a: Lapras|39/100
|move|p1a: Lapras|Hydro Pump|p2a: Heatran
|-supereffective|p2a: Heatran
|-damage|p2a: Heatran|30/100
|
|-heal|p2a: Heatran|36/100|[from] item: Leftovers
|-heal|p1a: Lapras|46/100|[from] item: Leftovers
|-damage|p1a: Lapras|33/100|[from] move: Magma Storm|[partiallytrapped]
|upkeep
|turn|23
|
|t:|1758246217
|move|p2a: Heatran|Magma Storm|p1a: Lapras|[miss]
|-miss|p2a: Heatran|p1a: Lapras
|move|p1a: Lapras|Hydro Pump|p2a: Heatran
|-supereffective|p2a: Heatran
|-damage|p2a: Heatran|0 fnt
|faint|p2a: Heatran
|
|-heal|p1a: Lapras|39/100|[from] item: Leftovers
|-end|p1a: Lapras|Magma Storm|[partiallytrapped]|[silent]
|upkeep
|
|t:|1758246219
|switch|p2a: Kingambit|Kingambit, M, shiny|100/100
|-activate|p2a: Kingambit|ability: Supreme Overlord
|-start|p2a: Kingambit|fallen5|[silent]
|turn|24
|
|t:|1758246231
|move|p2a: Kingambit|Sucker Punch||[still]
|-fail|p2a: Kingambit
|move|p1a: Lapras|Perish Song|p1a: Lapras
|-start|p1a: Lapras|perish3|[silent]
|-start|p2a: Kingambit|perish3|[silent]
|-fieldactivate|move: Perish Song
|
|-heal|p1a: Lapras|46/100|[from] item: Leftovers
|-start|p1a: Lapras|perish3
|-start|p2a: Kingambit|perish3
|upkeep
|turn|25
|
|t:|1758246245
|move|p1a: Lapras|Protect|p1a: Lapras
|-singleturn|p1a: Lapras|Protect
|move|p2a: Kingambit|Sucker Punch||[still]
|-fail|p2a: Kingambit
|
|-heal|p1a: Lapras|52/100|[from] item: Leftovers
|-start|p1a: Lapras|perish2
|-start|p2a: Kingambit|perish2
|upkeep
|turn|26
|
|t:|1758246255
|move|p2a: Kingambit|Sucker Punch|p1a: Lapras
|-damage|p1a: Lapras|0 fnt
|faint|p1a: Lapras
|
|-start|p2a: Kingambit|perish1
|upkeep
|
|t:|1758246261
|switch|p1a: Snorlax|Snorlax, F|100/100
|turn|27
|
|t:|1758246265
|move|p2a: Kingambit|Sucker Punch||[still]
|-fail|p2a: Kingambit
|move|p1a: Snorlax|Curse|p1a: Snorlax
|-unboost|p1a: Snorlax|spe|1
|-boost|p1a: Snorlax|atk|1
|-boost|p1a: Snorlax|def|1
|
|-start|p2a: Kingambit|perish0
|upkeep
|faint|p2a: Kingambit
|-end|p2a: Kingambit|fallen5|[silent]
|
|win|risky dicky
|raw|risky dicky's rating: 1045 &rarr; <strong>1080</strong><br />(+35 for winning)
|raw|stephadobo's rating: 1062 &rarr; <strong>1042</strong><br />(-20 for losing)
|l|‽stephadobo
|player|p2|
