|j|☆jank_city.mp4
|j|☆HotWalnuts
|t:|1758340667
|gametype|singles
|player|p1|jank_city.mp4|colress|1474
|player|p2|HotWalnuts|101|1527
|gen|9
|tier|[Gen 9] OU
|rated|
|rule|HP Percentage Mod: HP is shown in percentages
|rule|Endless Battle Clause: Forcing endless battles is banned
|rule|Species Clause: Limit one of each Pokémon
|rule|OHKO Clause: OHKO moves are banned
|rule|Evasion Items Clause: Evasion items are banned
|rule|Evasion Moves Clause: Evasion moves are banned
|rule|Evasion Abilities Clause: Evasion abilities are banned
|rule|Sleep Moves Clause: Sleep-inducing moves are banned
|clearpoke
|poke|p1|Amoonguss, M|
|poke|p1|Great Tusk|
|poke|p1|Corviknight, M|
|poke|p1|Kingambit, F|
|poke|p1|Cinderace, F|
|poke|p1|Dragapult, M|
|poke|p2|Ninetales, M|
|poke|p2|Ceruledge, M|
|poke|p2|Venusaur, M|
|poke|p2|Hatterene, F|
|poke|p2|Great Tusk|
|poke|p2|Walking Wake|
|teampreview
|inactive|Battle timer is ON: inactive players will automatically lose when time's up. (requested by jank_city.mp4)
|
|t:|1758340696
|teamsize|p1|6
|teamsize|p2|6
|start
|switch|p1a: Cinderace|Cinderace, F|100/100
|switch|p2a: Ninetales|Ninetales, M|100/100
|-weather|SunnyDay|[from] ability: Drought|[of] p2a: Ninetales
|turn|1
|
|t:|1758340711
|switch|p2a: Walking Wake|Walking Wake|100/100
|-activate|p2a: Walking Wake|ability: Protosynthesis
|-start|p2a: Walking Wake|protosynthesisspa
|move|p1a: Cinderace|Pyro Ball|p2a: Walking Wake
|-resisted|p2a: Walking Wake
|-damage|p2a: Walking Wake|65/100
|-status|p2a: Walking Wake|brn
|
|-weather|SunnyDay|[upkeep]
|-damage|p2a: Walking Wake|59/100 brn|[from] brn
|upkeep
|turn|2
|
|t:|1758340718
|switch|p1a: Amoonguss|Amoonguss, M|100/100
|move|p2a: Walking Wake|Hydro Steam|p1a: Amoonguss
|-resisted|p1a: Amoonguss
|-damage|p1a: Amoonguss|71/100
|
|-weather|SunnyDay|[upkeep]
|-damage|p2a: Walking Wake|52/100 brn|[from] brn
|upkeep
|turn|3
|
|t:|1758340732
|-end|p2a: Walking Wake|Protosynthesis|[silent]
|switch|p2a: Hatterene|Hatterene, F|100/100
|move|p1a: Amoonguss|Sludge Bomb|p2a: Hatterene
|-supereffective|p2a: Hatterene
|-damage|p2a: Hatterene|53/100
|-enditem|p2a: Hatterene|Eject Button
|
|t:|1758340734
|switch|p2a: Ceruledge|Ceruledge, M|100/100
|
|-weather|SunnyDay|[upkeep]
|upkeep
|turn|4
|
|t:|1758340743
|switch|p1a: Cinderace|Cinderace, F|100/100
|move|p2a: Ceruledge|Swords Dance|p2a: Ceruledge
|-boost|p2a: Ceruledge|atk|2
|
|-weather|SunnyDay|[upkeep]
|upkeep
|turn|5
|
|t:|1758340751
|move|p1a: Cinderace|U-turn|p2a: Ceruledge
|-start|p1a: Cinderace|typechange|Bug|[from] ability: Libero
|-resisted|p2a: Ceruledge
|-damage|p2a: Ceruledge|81/100
|-ability|p2a: Ceruledge|Weak Armor|boost
|-unboost|p2a: Ceruledge|def|1
|-boost|p2a: Ceruledge|spe|2
|
|t:|1758340758
|switch|p1a: Kingambit|Kingambit, F|100/100|[from] U-turn
|move|p2a: Ceruledge|Bitter Blade|p1a: Kingambit
|-supereffective|p1a: Kingambit
|-damage|p1a: Kingambit|0 fnt
|-heal|p2a: Ceruledge|100/100|[from] drain|[of] p1a: Kingambit
|faint|p1a: Kingambit
|-end|p1a: Kingambit|fallenundefined|[silent]
|
|-weather|SunnyDay|[upkeep]
|upkeep
|
|t:|1758340774
|switch|p1a: Amoonguss|Amoonguss, M|100/100
|turn|6
|
|t:|1758340777
|-terastallize|p1a: Amoonguss|Water
|move|p2a: Ceruledge|Bitter Blade|p1a: Amoonguss
|-resisted|p1a: Amoonguss
|-damage|p1a: Amoonguss|28/100
|move|p1a: Amoonguss|Clear Smog|p2a: Ceruledge
|-resisted|p2a: Ceruledge
|-damage|p2a: Ceruledge|92/100
|-clearboost|p2a: Ceruledge
|
|-weather|SunnyDay|[upkeep]
|upkeep
|turn|7
|
|t:|1758340790
|switch|p1a: Dragapult|Dragapult, M|100/100
|move|p2a: Ceruledge|Solar Blade||[still]
|-prepare|p2a: Ceruledge|Solar Blade
|-anim|p2a: Ceruledge|Solar Blade|p1a: Dragapult
|-resisted|p1a: Dragapult
|-damage|p1a: Dragapult|71/100
|
|-weather|SunnyDay|[upkeep]
|upkeep
|turn|8
|
|t:|1758340797
|switch|p2a: Hatterene|Hatterene, F|53/100
|move|p1a: Dragapult|Dragon Darts|p2a: Hatterene
|-immune|p2a: Hatterene
|
|-weather|none
|upkeep
|turn|9
|
|t:|1758340804
|move|p1a: Dragapult|Hex|p2a: Hatterene
|-supereffective|p2a: Hatterene
|-damage|p2a: Hatterene|0 fnt
|faint|p2a: Hatterene
|
|upkeep
|
|t:|1758340809
|switch|p2a: Ninetales|Ninetales, M|100/100
|-weather|SunnyDay|[from] ability: Drought|[of] p2a: Ninetales
|turn|10
|
|t:|1758340831
|switch|p2a: Great Tusk|Great Tusk|100/100
|-activate|p2a: Great Tusk|ability: Protosynthesis
|-start|p2a: Great Tusk|protosynthesisspe
|move|p1a: Dragapult|Dragon Darts|p2a: Great Tusk
|-damage|p2a: Great Tusk|86/100
|-anim|p1a: Dragapult|Dragon Darts|p2a: Great Tusk
|-damage|p2a: Great Tusk|72/100
|
|-weather|SunnyDay|[upkeep]
|upkeep
|turn|11
|
|t:|1758340845
|move|p2a: Great Tusk|Stealth Rock|p1a: Dragapult
|-sidestart|p1: jank_city.mp4|move: Stealth Rock
|move|p1a: Dragapult|Will-O-Wisp|p2a: Great Tusk
|-status|p2a: Great Tusk|brn
|
|-weather|SunnyDay|[upkeep]
|-damage|p2a: Great Tusk|66/100 brn|[from] brn
|upkeep
|turn|12
|
|t:|1758340851
|switch|p1a: Corviknight|Corviknight, M|100/100
|-damage|p1a: Corviknight|88/100|[from] Stealth Rock
|-ability|p1a: Corviknight|Pressure
|move|p2a: Great Tusk|Headlong Rush|p1a: Corviknight
|-immune|p1a: Corviknight
|
|-weather|SunnyDay|[upkeep]
|-damage|p2a: Great Tusk|59/100 brn|[from] brn
|upkeep
|turn|13
|
|t:|1758340863
|-end|p2a: Great Tusk|Protosynthesis|[silent]
|switch|p2a: Ceruledge|Ceruledge, M|92/100
|move|p1a: Corviknight|Defog|p2a: Ceruledge
|-unboost|p2a: Ceruledge|evasion|1
|-sideend|p1: jank_city.mp4|Stealth Rock|[from] move: Defog|[of] p1a: Corviknight
|
|-weather|SunnyDay|[upkeep]
|upkeep
|turn|14
|
|t:|1758340868
|switch|p1a: Cinderace|Cinderace, F|100/100
|move|p2a: Ceruledge|Swords Dance|p2a: Ceruledge
|-boost|p2a: Ceruledge|atk|2
|
|-weather|SunnyDay|[upkeep]
|upkeep
|turn|15
|
|t:|1758340885
|-terastallize|p2a: Ceruledge|Fairy
|move|p1a: Cinderace|Pyro Ball|p2a: Ceruledge
|-damage|p2a: Ceruledge|0 fnt
|faint|p2a: Ceruledge
|
|-weather|SunnyDay|[upkeep]
|upkeep
|
|t:|1758340890
|switch|p2a: Walking Wake|Walking Wake|52/100 brn
|-activate|p2a: Walking Wake|ability: Protosynthesis
|-start|p2a: Walking Wake|protosynthesisspa
|turn|16
|
|t:|1758340897
|switch|p1a: Amoonguss|Amoonguss, M, tera:Water|61/100
|move|p2a: Walking Wake|Hydro Steam|p1a: Amoonguss
|-resisted|p1a: Amoonguss
|-damage|p1a: Amoonguss|32/100
|
|-weather|SunnyDay|[upkeep]
|-damage|p2a: Walking Wake|46/100 brn|[from] brn
|upkeep
|turn|17
|
|t:|1758340908
|-end|p2a: Walking Wake|Protosynthesis|[silent]
|switch|p2a: Great Tusk|Great Tusk|59/100 brn
|-activate|p2a: Great Tusk|ability: Protosynthesis
|-start|p2a: Great Tusk|protosynthesisspe
|move|p1a: Amoonguss|Sludge Bomb|p2a: Great Tusk
|-resisted|p2a: Great Tusk
|-damage|p2a: Great Tusk|43/100 brn
|
|-weather|none
|-end|p2a: Great Tusk|Protosynthesis
|-damage|p2a: Great Tusk|37/100 brn|[from] brn
|upkeep
|turn|18
|
|t:|1758340911
|switch|p1a: Corviknight|Corviknight, M|88/100
|-ability|p1a: Corviknight|Pressure
|move|p2a: Great Tusk|Stealth Rock|p1a: Corviknight
|-sidestart|p1: jank_city.mp4|move: Stealth Rock
|
|-damage|p2a: Great Tusk|30/100 brn|[from] brn
|upkeep
|turn|19
|
|t:|1758340914
|-end|p2a: Great Tusk|Protosynthesis|[silent]
|switch|p2a: Ninetales|Ninetales, M|100/100
|-weather|SunnyDay|[from] ability: Drought|[of] p2a: Ninetales
|move|p1a: Corviknight|Defog|p2a: Ninetales
|-unboost|p2a: Ninetales|evasion|1
|-sideend|p1: jank_city.mp4|Stealth Rock|[from] move: Defog|[of] p1a: Corviknight
|
|-weather|SunnyDay|[upkeep]
|upkeep
|turn|20
|
|t:|1758340926
|switch|p2a: Great Tusk|Great Tusk|30/100 brn
|-activate|p2a: Great Tusk|ability: Protosynthesis
|-start|p2a: Great Tusk|protosynthesisspe
|switch|p1a: Dragapult|Dragapult, M|71/100
|
|-weather|SunnyDay|[upkeep]
|-damage|p2a: Great Tusk|24/100 brn|[from] brn
|upkeep
|turn|21
|
|t:|1758340931
|switch|p1a: Corviknight|Corviknight, M|88/100
|-ability|p1a: Corviknight|Pressure
|move|p2a: Great Tusk|Ice Spinner|p1a: Corviknight
|-crit|p1a: Corviknight
|-damage|p1a: Corviknight|79/100
|-damage|p2a: Great Tusk|8/100 brn|[from] item: Rocky Helmet|[of] p1a: Corviknight
|
|-weather|SunnyDay|[upkeep]
|-damage|p2a: Great Tusk|1/100 brn|[from] brn
|upkeep
|turn|22
|
|t:|1758340937
|move|p2a: Great Tusk|Stealth Rock|p1a: Corviknight
|-sidestart|p1: jank_city.mp4|move: Stealth Rock
|move|p1a: Corviknight|Defog|p2a: Great Tusk
|-unboost|p2a: Great Tusk|evasion|1
|-sideend|p1: jank_city.mp4|Stealth Rock|[from] move: Defog|[of] p1a: Corviknight
|
|-weather|SunnyDay|[upkeep]
|-damage|p2a: Great Tusk|0 fnt|[from] brn
|faint|p2a: Great Tusk
|-end|p2a: Great Tusk|Protosynthesis|[silent]
|upkeep
|
|t:|1758340939
|switch|p2a: Venusaur|Venusaur, M|100/100
|turn|23
|
|t:|1758340945
|switch|p1a: Dragapult|Dragapult, M|71/100
|move|p2a: Venusaur|Weather Ball|p1a: Dragapult
|-resisted|p1a: Dragapult
|-damage|p1a: Dragapult|25/100
|-damage|p2a: Venusaur|91/100|[from] item: Life Orb
|
|-weather|SunnyDay|[upkeep]
|upkeep
|turn|24
|
|t:|1758340952
|switch|p1a: Cinderace|Cinderace, F|100/100
|move|p2a: Venusaur|Weather Ball|p1a: Cinderace
|-resisted|p1a: Cinderace
|-damage|p1a: Cinderace|57/100
|-damage|p2a: Venusaur|81/100|[from] item: Life Orb
|
|-weather|SunnyDay|[upkeep]
|upkeep
|turn|25
|
|t:|1758340959
|switch|p1a: Corviknight|Corviknight, M|79/100
|-ability|p1a: Corviknight|Pressure
|move|p2a: Venusaur|Sludge Bomb|p1a: Corviknight
|-immune|p1a: Corviknight
|
|-weather|SunnyDay|[upkeep]
|upkeep
|turn|26
|
|t:|1758340964
|move|p2a: Venusaur|Weather Ball|p1a: Corviknight
|-supereffective|p1a: Corviknight
|-damage|p1a: Corviknight|0 fnt
|faint|p1a: Corviknight
|-damage|p2a: Venusaur|71/100|[from] item: Life Orb
|
|-weather|none
|upkeep
|
|t:|1758340972
|switch|p1a: Cinderace|Cinderace, F|57/100
|turn|27
|
|t:|1758340978
|switch|p2a: Ninetales|Ninetales, M|100/100
|-weather|SunnyDay|[from] ability: Drought|[of] p2a: Ninetales
|move|p1a: Cinderace|Pyro Ball|p2a: Ninetales
|-resisted|p2a: Ninetales
|-damage|p2a: Ninetales|28/100
|
|-weather|SunnyDay|[upkeep]
|upkeep
|turn|28
|
|t:|1758340997
|switch|p2a: Walking Wake|Walking Wake|46/100 brn
|-activate|p2a: Walking Wake|ability: Protosynthesis
|-start|p2a: Walking Wake|protosynthesisspa
|move|p1a: Cinderace|Pyro Ball|p2a: Walking Wake
|-resisted|p2a: Walking Wake
|-damage|p2a: Walking Wake|11/100 brn
|
|-weather|SunnyDay|[upkeep]
|-damage|p2a: Walking Wake|5/100 brn|[from] brn
|upkeep
|turn|29
|
|t:|1758341003
|switch|p1a: Amoonguss|Amoonguss, M, tera:Water|65/100
|move|p2a: Walking Wake|Hydro Steam|p1a: Amoonguss
|-resisted|p1a: Amoonguss
|-damage|p1a: Amoonguss|37/100
|
|-weather|SunnyDay|[upkeep]
|-damage|p2a: Walking Wake|0 fnt|[from] brn
|faint|p2a: Walking Wake
|-end|p2a: Walking Wake|Protosynthesis|[silent]
|upkeep
|
|t:|1758341007
|switch|p2a: Venusaur|Venusaur, M|71/100
|turn|30
|inactive|jank_city.mp4 has 120 seconds left.
|inactive|jank_city.mp4 has 90 seconds left.
|
|t:|1758341093
|move|p2a: Venusaur|Giga Drain|p1a: Amoonguss
|-supereffective|p1a: Amoonguss
|-damage|p1a: Amoonguss|0 fnt
|-heal|p2a: Venusaur|97/100|[from] drain|[of] p1a: Amoonguss
|faint|p1a: Amoonguss
|-damage|p2a: Venusaur|87/100|[from] item: Life Orb
|
|-weather|SunnyDay|[upkeep]
|upkeep
|
|t:|1758341100
|switch|p1a: Cinderace|Cinderace, F|57/100
|turn|31
|
|t:|1758341112
|move|p1a: Cinderace|Sucker Punch|p2a: Venusaur
|-start|p1a: Cinderace|typechange|Dark|[from] ability: Libero
|-damage|p2a: Venusaur|22/100
|move|p2a: Venusaur|Sludge Bomb|p1a: Cinderace
|-damage|p1a: Cinderace|0 fnt
|faint|p1a: Cinderace
|-damage|p2a: Venusaur|12/100|[from] item: Life Orb
|
|-weather|SunnyDay|[upkeep]
|upkeep
|
|t:|1758341119
|switch|p1a: Great Tusk|Great Tusk|100/100
|-activate|p1a: Great Tusk|ability: Protosynthesis
|-start|p1a: Great Tusk|protosynthesisspe
|turn|32
|
|t:|1758341130
|-end|p1a: Great Tusk|Protosynthesis|[silent]
|switch|p1a: Dragapult|Dragapult, M|25/100
|move|p2a: Venusaur|Giga Drain|p1a: Dragapult
|-resisted|p1a: Dragapult
|-damage|p1a: Dragapult|0 fnt
|-heal|p2a: Venusaur|25/100|[from] drain|[of] p1a: Dragapult
|faint|p1a: Dragapult
|-damage|p2a: Venusaur|15/100|[from] item: Life Orb
|
|-weather|SunnyDay|[upkeep]
|upkeep
|c|☆jank_city.mp4|gg
|
|t:|1758341135
|switch|p1a: Great Tusk|Great Tusk|100/100
|-activate|p1a: Great Tusk|ability: Protosynthesis
|-start|p1a: Great Tusk|protosynthesisspe
|turn|33
|c|☆HotWalnuts|gg
|
|t:|1758341140
|move|p2a: Venusaur|Giga Drain|p1a: Great Tusk
|-supereffective|p1a: Great Tusk
|-damage|p1a: Great Tusk|0 fnt
|-heal|p2a: Venusaur|87/100|[from] drain|[of] p1a: Great Tusk
|faint|p1a: Great Tusk
|-end|p1a: Great Tusk|Protosynthesis|[silent]
|-damage|p2a: Venusaur|77/100|[from] item: Life Orb
|
|win|HotWalnuts
|raw|jank_city.mp4's rating: 1474 &rarr; <strong>1457</strong><br />(-17 for losing)
|raw|HotWalnuts's rating: 1527 &rarr; <strong>1544</strong><br />(+17 for winning)
|l|☆jank_city.mp4
|player|p1|
|l|☆HotWalnuts
|player|p2|
