|j|☆ElisD24
|j|‽XIXINANA
|t:|1758267169
|gametype|singles
|player|p1|ElisD24|266|1294
|player|p2|XIXINANA|nate|1341
|gen|9
|tier|[Gen 9] OU
|rated|
|rule|HP Percentage Mod: HP is shown in percentages
|rule|Endless Battle Clause: Forcing endless battles is banned
|rule|Species Clause: Limit one of each Pokémon
|rule|OHKO Clause: OHKO moves are banned
|rule|Evasion Items Clause: Evasion items are banned
|rule|Evasion Moves Clause: Evasion moves are banned
|rule|Evasion Abilities Clause: Evasion abilities are banned
|rule|Sleep Moves Clause: Sleep-inducing moves are banned
|clearpoke
|poke|p1|Landorus-Therian, M|
|poke|p1|Samurott-Hisui, M|
|poke|p1|Pecharunt|
|poke|p1|Scizor, M|
|poke|p1|Latios, M|
|poke|p1|Zamazenta-*|
|poke|p2|Mew|
|poke|p2|Lycanroc-Midnight, F|
|poke|p2|Sinistcha-Masterpiece|
|poke|p2|Polteageist-Antique|
|poke|p2|Typhlosion-Hisui, F|
|poke|p2|Regidrago|
|teampreview
|inactive|Battle timer is ON: inactive players will automatically lose when time's up. (requested by XIXINANA)
|
|t:|1758267187
|teamsize|p1|6
|teamsize|p2|6
|start
|switch|p1a: Pecharunt|Pecharunt|100/100
|switch|p2a: Mew|Mew|100/100
|turn|1
|
|t:|1758267199
|switch|p2a: Lycanroc|Lycanroc-Midnight, F|100/100
|move|p1a: Pecharunt|Shadow Ball|p2a: Lycanroc
|-damage|p2a: Lycanroc|66/100
|
|upkeep
|turn|2
|
|t:|1758267207
|move|p1a: Pecharunt|Parting Shot|p2a: Lycanroc
|-unboost|p2a: Lycanroc|atk|1
|-unboost|p2a: Lycanroc|spa|1
|
|t:|1758267211
|switch|p1a: Landorus|Landorus-Therian, M|100/100|[from] Parting Shot
|-ability|p1a: Landorus|Intimidate|boost
|-unboost|p2a: Lycanroc|atk|1
|move|p2a: Lycanroc|Stone Edge|p1a: Landorus
|-crit|p1a: Landorus
|-damage|p1a: Landorus|3/100
|-damage|p2a: Lycanroc|56/100|[from] item: Life Orb
|
|upkeep
|turn|3
|
|t:|1758267221
|move|p1a: Landorus|Stealth Rock|p2a: Lycanroc
|-sidestart|p2: XIXINANA|move: Stealth Rock
|move|p2a: Lycanroc|Stone Edge|p1a: Landorus
|-damage|p1a: Landorus|0 fnt
|faint|p1a: Landorus
|-damage|p2a: Lycanroc|46/100|[from] item: Life Orb
|
|upkeep
|
|t:|1758267232
|switch|p1a: Samurott|Samurott-Hisui, M|100/100
|turn|4
|
|t:|1758267236
|move|p2a: Lycanroc|Close Combat|p1a: Samurott
|-supereffective|p1a: Samurott
|-damage|p1a: Samurott|29/100
|-unboost|p2a: Lycanroc|def|1
|-unboost|p2a: Lycanroc|spd|1
|-damage|p2a: Lycanroc|37/100|[from] item: Life Orb
|move|p1a: Samurott|Ceaseless Edge|p2a: Lycanroc
|-damage|p2a: Lycanroc|0 fnt
|-sidestart|p2: XIXINANA|Spikes
|faint|p2a: Lycanroc
|
|upkeep
|
|t:|1758267255
|switch|p2a: Mew|Mew|100/100
|-damage|p2a: Mew|88/100|[from] Stealth Rock
|-damage|p2a: Mew|76/100|[from] Spikes
|turn|5
|
|t:|1758267261
|move|p2a: Mew|U-turn|p1a: Samurott
|-supereffective|p1a: Samurott
|-damage|p1a: Samurott|0 fnt
|faint|p1a: Samurott
|
|t:|1758267268
|switch|p2a: Regidrago|Regidrago|100/100|[from] U-turn
|-damage|p2a: Regidrago|88/100|[from] Stealth Rock
|-damage|p2a: Regidrago|76/100|[from] Spikes
|
|upkeep
|
|t:|1758267278
|switch|p1a: Scizor|Scizor, M|100/100
|turn|6
|
|t:|1758267287
|move|p2a: Regidrago|Draco Meteor|p1a: Scizor
|-resisted|p1a: Scizor
|-damage|p1a: Scizor|33/100
|-unboost|p2a: Regidrago|spa|2
|move|p1a: Scizor|Swords Dance|p1a: Scizor
|-boost|p1a: Scizor|atk|2
|
|upkeep
|turn|7
|
|t:|1758267295
|move|p1a: Scizor|Bullet Punch|p2a: Regidrago
|-damage|p2a: Regidrago|0 fnt
|faint|p2a: Regidrago
|
|upkeep
|
|t:|1758267300
|switch|p2a: Typhlosion|Typhlosion-Hisui, F|100/100
|-damage|p2a: Typhlosion|76/100|[from] Stealth Rock
|-damage|p2a: Typhlosion|64/100|[from] Spikes
|-item|p1a: Scizor|Heavy-Duty Boots|[from] ability: Frisk|[of] p2a: Typhlosion
|turn|8
|
|t:|1758267308
|move|p1a: Scizor|Bullet Punch|p2a: Typhlosion
|-resisted|p2a: Typhlosion
|-damage|p2a: Typhlosion|13/100
|move|p2a: Typhlosion|Overheat|p1a: Scizor|[miss]
|-miss|p2a: Typhlosion|p1a: Scizor
|
|upkeep
|turn|9
|
|t:|1758267313
|move|p1a: Scizor|Bullet Punch|p2a: Typhlosion
|-resisted|p2a: Typhlosion
|-damage|p2a: Typhlosion|0 fnt
|faint|p2a: Typhlosion
|
|upkeep
|
|t:|1758267327
|switch|p2a: Sinistcha|Sinistcha-Masterpiece|100/100
|-damage|p2a: Sinistcha|88/100|[from] Stealth Rock
|-damage|p2a: Sinistcha|76/100|[from] Spikes
|turn|10
|
|t:|1758267333
|move|p1a: Scizor|Knock Off|p2a: Sinistcha
|-supereffective|p2a: Sinistcha
|-damage|p2a: Sinistcha|0 fnt
|-enditem|p2a: Sinistcha|Leftovers|[from] move: Knock Off|[of] p1a: Scizor
|faint|p2a: Sinistcha
|
|upkeep
|-message|XIXINANA forfeited.
|
|win|ElisD24
|raw|ElisD24's rating: 1294 &rarr; <strong>1322</strong><br />(+28 for winning)
|raw|XIXINANA's rating: 1341 &rarr; <strong>1318</strong><br />(-23 for losing)
|l|‽XIXINANA
|player|p2|
|l|☆ElisD24
|player|p1|
