|j|☆XXXXXCD
|j|☆Jolt.mvp_
|t:|1758347237
|gametype|singles
|player|p1|XXXXXCD|pokemonranger-gen4|1071
|player|p2|Jolt.mvp_|archer|1134
|gen|9
|tier|[Gen 9] OU
|rated|
|rule|HP Percentage Mod: HP is shown in percentages
|rule|Endless Battle Clause: Forcing endless battles is banned
|rule|Species Clause: Limit one of each Pokémon
|rule|OHKO Clause: OHKO moves are banned
|rule|Evasion Items Clause: Evasion items are banned
|rule|Evasion Moves Clause: Evasion moves are banned
|rule|Evasion Abilities Clause: Evasion abilities are banned
|rule|Sleep Moves Clause: Sleep-inducing moves are banned
|clearpoke
|poke|p1|Gallade, M|
|poke|p1|Trevenant, M|
|poke|p1|Garganacl, M|
|poke|p1|Kingambit, M|
|poke|p1|Cyclizar, M|
|poke|p1|Vikavolt, M|
|poke|p2|Ursaluna, F|
|poke|p2|Whimsicott, F|
|poke|p2|Pelipper, M|
|poke|p2|Gholdengo|
|poke|p2|Rotom-Wash|
|poke|p2|Clodsire, F|
|teampreview
|inactive|Battle timer is ON: inactive players will automatically lose when time's up. (requested by XXXXXCD)
|
|t:|1758347256
|teamsize|p1|6
|teamsize|p2|6
|start
|switch|p1a: Cyclizar|Cyclizar, M|100/100
|switch|p2a: Whimsicott|Whimsicott, F, shiny|100/100
|turn|1
|
|t:|1758347268
|-terastallize|p1a: Cyclizar|Poison
|move|p1a: Cyclizar|Substitute|p1a: Cyclizar
|-start|p1a: Cyclizar|Substitute
|-damage|p1a: Cyclizar|76/100
|move|p2a: Whimsicott|Trick Room|p2a: Whimsicott
|-fieldstart|move: Trick Room|[of] p2a: Whimsicott
|
|-heal|p1a: Cyclizar|82/100|[from] item: Leftovers
|upkeep
|turn|2
|
|t:|1758347278
|switch|p2a: Ursaluna|Ursaluna, F, shiny|100/100
|move|p1a: Cyclizar|Shift Gear|p1a: Cyclizar
|-boost|p1a: Cyclizar|spe|2
|-boost|p1a: Cyclizar|atk|1
|
|-heal|p1a: Cyclizar|88/100|[from] item: Leftovers
|-status|p2a: Ursaluna|brn|[from] item: Flame Orb
|upkeep
|turn|3
|
|t:|1758347290
|move|p2a: Ursaluna|Facade|p1a: Cyclizar
|-end|p1a: Cyclizar|Substitute
|move|p1a: Cyclizar|Dragon Tail|p2a: Ursaluna
|-damage|p2a: Ursaluna|73/100 brn
|drag|p2a: Pelipper|Pelipper, M|100/100
|-weather|RainDance|[from] ability: Drizzle|[of] p2a: Pelipper
|
|-weather|RainDance|[upkeep]
|-heal|p1a: Cyclizar|94/100|[from] item: Leftovers
|upkeep
|turn|4
|
|t:|1758347303
|move|p2a: Pelipper|Surf|p1a: Cyclizar
|-damage|p1a: Cyclizar|0 fnt
|faint|p1a: Cyclizar
|
|-weather|RainDance|[upkeep]
|upkeep
|
|t:|1758347314
|switch|p1a: Kingambit|Kingambit, M|100/100
|-activate|p1a: Kingambit|ability: Supreme Overlord
|-start|p1a: Kingambit|fallen1|[silent]
|turn|5
|
|t:|1758347326
|switch|p2a: Clodsire|Clodsire, F|100/100
|move|p1a: Kingambit|Kowtow Cleave|p2a: Clodsire
|-damage|p2a: Clodsire|54/100
|
|-weather|RainDance|[upkeep]
|-heal|p2a: Clodsire|60/100|[from] item: Leftovers
|-fieldend|move: Trick Room
|upkeep
|turn|6
|
|t:|1758347342
|-end|p1a: Kingambit|fallen1|[silent]
|switch|p1a: Gallade|Gallade, M, shiny|100/100
|move|p2a: Clodsire|Body Press|p1a: Gallade
|-resisted|p1a: Gallade
|-damage|p1a: Gallade|86/100
|
|-weather|RainDance|[upkeep]
|-heal|p2a: Clodsire|66/100|[from] item: Leftovers
|upkeep
|turn|7
|
|t:|1758347358
|move|p1a: Gallade|Psycho Cut|p2a: Clodsire
|-supereffective|p2a: Clodsire
|-damage|p2a: Clodsire|0 fnt
|faint|p2a: Clodsire
|
|-weather|none
|upkeep
|
|t:|1758347364
|switch|p2a: Whimsicott|Whimsicott, F, shiny|100/100
|turn|8
|
|t:|1758347369
|move|p1a: Gallade|X-Scissor|p2a: Whimsicott
|-damage|p2a: Whimsicott|45/100
|move|p2a: Whimsicott|Trick Room|p2a: Whimsicott
|-fieldstart|move: Trick Room|[of] p2a: Whimsicott
|
|upkeep
|turn|9
|
|t:|1758347378
|switch|p1a: Garganacl|Garganacl, M, shiny|100/100
|move|p2a: Whimsicott|Leech Seed|p1a: Garganacl|[miss]
|-miss|p2a: Whimsicott|p1a: Garganacl
|
|upkeep
|turn|10
|
|t:|1758347390
|switch|p2a: Ursaluna|Ursaluna, F, shiny|73/100 brn
|move|p1a: Garganacl|Earthquake|p2a: Ursaluna
|-damage|p2a: Ursaluna|56/100 brn
|
|-damage|p2a: Ursaluna|50/100 brn|[from] brn
|upkeep
|turn|11
|
|t:|1758347402
|move|p1a: Garganacl|Salt Cure|p2a: Ursaluna
|-resisted|p2a: Ursaluna
|-damage|p2a: Ursaluna|44/100 brn
|-start|p2a: Ursaluna|Salt Cure
|move|p2a: Ursaluna|Headlong Rush|p1a: Garganacl
|-supereffective|p1a: Garganacl
|-damage|p1a: Garganacl|0 fnt
|-unboost|p2a: Ursaluna|def|1
|-unboost|p2a: Ursaluna|spd|1
|faint|p1a: Garganacl
|
|-damage|p2a: Ursaluna|38/100 brn|[from] brn
|-damage|p2a: Ursaluna|26/100 brn|[from] Salt Cure
|upkeep
|
|t:|1758347416
|switch|p1a: Trevenant|Trevenant, M|100/100
|turn|12
|
|t:|1758347422
|move|p2a: Ursaluna|Headlong Rush|p1a: Trevenant
|-resisted|p1a: Trevenant
|-damage|p1a: Trevenant|42/100
|-unboost|p2a: Ursaluna|def|1
|-unboost|p2a: Ursaluna|spd|1
|move|p1a: Trevenant|Horn Leech|p2a: Ursaluna
|-supereffective|p2a: Ursaluna
|-damage|p2a: Ursaluna|0 fnt
|-heal|p1a: Trevenant|58/100|[from] drain|[of] p2a: Ursaluna
|faint|p2a: Ursaluna
|
|-fieldend|move: Trick Room
|upkeep
|
|t:|1758347446
|switch|p2a: Gholdengo|Gholdengo|100/100
|-item|p2a: Gholdengo|Air Balloon
|turn|13
|
|t:|1758347451
|-terastallize|p2a: Gholdengo|Steel
|move|p1a: Trevenant|Endure|p1a: Trevenant
|-singleturn|p1a: Trevenant|move: Endure
|move|p2a: Gholdengo|Nasty Plot|p2a: Gholdengo
|-boost|p2a: Gholdengo|spa|2
|
|upkeep
|turn|14
|
|t:|1758347466
|move|p2a: Gholdengo|Nasty Plot|p2a: Gholdengo
|-boost|p2a: Gholdengo|spa|2
|move|p1a: Trevenant|Destiny Bond|p1a: Trevenant
|-singlemove|p1a: Trevenant|Destiny Bond
|
|upkeep
|turn|15
|
|t:|1758347480
|move|p1a: Trevenant|Endure|p1a: Trevenant
|-singleturn|p1a: Trevenant|move: Endure
|move|p2a: Gholdengo|Nasty Plot|p2a: Gholdengo
|-boost|p2a: Gholdengo|spa|2
|
|upkeep
|turn|16
|
|t:|1758347490
|switch|p1a: Gallade|Gallade, M, shiny|86/100
|move|p2a: Gholdengo|Nasty Plot|p2a: Gholdengo
|-boost|p2a: Gholdengo|spa|0
|
|upkeep
|turn|17
|
|t:|1758347497
|move|p2a: Gholdengo|Shadow Ball|p1a: Gallade
|-supereffective|p1a: Gallade
|-damage|p1a: Gallade|0 fnt
|faint|p1a: Gallade
|
|upkeep
|
|t:|1758347504
|switch|p1a: Trevenant|Trevenant, M|58/100
|turn|18
|
|t:|1758347507
|move|p1a: Trevenant|Endure|p1a: Trevenant
|-singleturn|p1a: Trevenant|move: Endure
|move|p2a: Gholdengo|Shadow Ball|p1a: Trevenant
|-supereffective|p1a: Trevenant
|-activate|p1a: Trevenant|move: Endure
|-damage|p1a: Trevenant|1/100
|
|upkeep
|turn|19
|-enditem|p1a: Trevenant|Custap Berry|[eat]
|-activate|p1a: Trevenant|item: Custap Berry|[consumed]
|
|t:|1758347515
|move|p1a: Trevenant|Destiny Bond|p1a: Trevenant
|-singlemove|p1a: Trevenant|Destiny Bond
|move|p2a: Gholdengo|Nasty Plot|p2a: Gholdengo
|-boost|p2a: Gholdengo|spa|0
|
|upkeep
|turn|20
|
|t:|1758347529
|move|p2a: Gholdengo|Shadow Ball|p1a: Trevenant
|-supereffective|p1a: Trevenant
|-damage|p1a: Trevenant|0 fnt
|faint|p1a: Trevenant
|-activate|p1a: Trevenant|move: Destiny Bond
|faint|p2a: Gholdengo
|
|upkeep
|
|t:|1758347550
|switch|p2a: Whimsicott|Whimsicott, F, shiny|45/100
|switch|p1a: Vikavolt|Vikavolt, M|100/100
|turn|21
|
|t:|1758347558
|switch|p2a: Rotom|Rotom-Wash, shiny|100/100
|move|p1a: Vikavolt|Thunderbolt|p2a: Rotom
|-damage|p2a: Rotom|29/100
|
|upkeep
|turn|22
|
|t:|1758347568
|move|p1a: Vikavolt|Thunderbolt|p2a: Rotom
|-damage|p2a: Rotom|0 fnt
|faint|p2a: Rotom
|
|upkeep
|
|t:|1758347574
|switch|p2a: Pelipper|Pelipper, M|100/100
|-weather|RainDance|[from] ability: Drizzle|[of] p2a: Pelipper
|turn|23
|
|t:|1758347579
|move|p1a: Vikavolt|Thunderbolt|p2a: Pelipper
|-supereffective|p2a: Pelipper
|-damage|p2a: Pelipper|0 fnt
|faint|p2a: Pelipper
|
|-weather|RainDance|[upkeep]
|upkeep
|
|t:|1758347584
|switch|p2a: Whimsicott|Whimsicott, F, shiny|45/100
|turn|24
|
|t:|1758347590
|move|p2a: Whimsicott|Light Screen|p2a: Whimsicott
|-sidestart|p2: Jolt.mvp_|move: Light Screen
|move|p1a: Vikavolt|Thunderbolt|p2a: Whimsicott
|-resisted|p2a: Whimsicott
|-damage|p2a: Whimsicott|28/100
|
|-weather|RainDance|[upkeep]
|upkeep
|turn|25
|
|t:|1758347598
|move|p2a: Whimsicott|Leech Seed|p1a: Vikavolt|[miss]
|-miss|p2a: Whimsicott|p1a: Vikavolt
|move|p1a: Vikavolt|Thunderbolt|p2a: Whimsicott
|-resisted|p2a: Whimsicott
|-damage|p2a: Whimsicott|12/100
|
|-weather|RainDance|[upkeep]
|upkeep
|turn|26
|
|t:|1758347607
|move|p2a: Whimsicott|Leech Seed|p1a: Vikavolt
|-start|p1a: Vikavolt|move: Leech Seed
|move|p1a: Vikavolt|Thunderbolt|p2a: Whimsicott
|-resisted|p2a: Whimsicott
|-damage|p2a: Whimsicott|0 fnt
|faint|p2a: Whimsicott
|
|win|XXXXXCD
|raw|XXXXXCD's rating: 1071 &rarr; <strong>1106</strong><br />(+35 for winning)
|raw|Jolt.mvp_'s rating: 1134 &rarr; <strong>1105</strong><br />(-29 for losing)
|l|☆Jolt.mvp_
|player|p2|
|l|☆XXXXXCD
|player|p1|
