|j|☆PapsIGuess31
|j|☆yk12138
|t:|1758265296
|gametype|singles
|player|p1|PapsIGuess31|ingo|1265
|player|p2|yk12138|265|1322
|gen|9
|tier|[Gen 9] OU
|rated|
|rule|HP Percentage Mod: HP is shown in percentages
|rule|Endless Battle Clause: Forcing endless battles is banned
|rule|Species Clause: Limit one of each Pokémon
|rule|OHKO Clause: OHKO moves are banned
|rule|Evasion Items Clause: Evasion items are banned
|rule|Evasion Moves Clause: Evasion moves are banned
|rule|Evasion Abilities Clause: Evasion abilities are banned
|rule|Sleep Moves Clause: Sleep-inducing moves are banned
|clearpoke
|poke|p1|Hydrapple, M|
|poke|p1|Dragapult, M|
|poke|p1|Tinkaton, F|
|poke|p1|Blaziken, M|
|poke|p1|Oricorio-Pom-Pom, M|
|poke|p1|Crawdaunt, M|
|poke|p2|Ninetales-Alola, F|
|poke|p2|Heatran, F|
|poke|p2|Kyurem|
|poke|p2|Maushold-Four|
|poke|p2|Iron Moth|
|poke|p2|Cloyster, F|
|teampreview
|c|☆PapsIGuess31|glhf!
|
|t:|1758265306
|teamsize|p1|6
|teamsize|p2|6
|start
|switch|p1a: Tinkaton|Tinkaton, F|100/100
|switch|p2a: Ninetales|Ninetales-Alola, F|100/100
|-weather|Snowscape|[from] ability: Snow Warning|[of] p2a: Ninetales
|-ability|p1a: Tinkaton|Mold Breaker
|-item|p1a: Tinkaton|Air Balloon
|turn|1
|
|t:|1758265322
|move|p2a: Ninetales|Aurora Veil|p2a: Ninetales
|-sidestart|p2: yk12138|move: Aurora Veil
|move|p1a: Tinkaton|Thunder Wave|p2a: Ninetales
|-status|p2a: Ninetales|par
|
|-weather|Snowscape|[upkeep]
|upkeep
|turn|2
|
|t:|1758265330
|move|p1a: Tinkaton|Stealth Rock|p2a: Ninetales
|-sidestart|p2: yk12138|move: Stealth Rock
|cant|p2a: Ninetales|par
|
|-weather|Snowscape|[upkeep]
|upkeep
|turn|3
|
|t:|1758265335
|move|p1a: Tinkaton|Gigaton Hammer|p2a: Ninetales
|-supereffective|p2a: Ninetales
|-damage|p2a: Ninetales|17/100 par
|cant|p2a: Ninetales|par
|
|-weather|Snowscape|[upkeep]
|upkeep
|turn|4
|
|t:|1758265344
|switch|p2a: Iron Moth|Iron Moth|100/100
|-damage|p2a: Iron Moth|76/100|[from] Stealth Rock
|-enditem|p2a: Iron Moth|Booster Energy
|-activate|p2a: Iron Moth|ability: Quark Drive|[fromitem]
|-start|p2a: Iron Moth|quarkdrivespe
|move|p1a: Tinkaton|Knock Off|p2a: Iron Moth
|-damage|p2a: Iron Moth|69/100
|
|-weather|Snowscape|[upkeep]
|upkeep
|turn|5
|
|t:|1758265358
|move|p2a: Iron Moth|Fiery Dance|p1a: Tinkaton
|-supereffective|p1a: Tinkaton
|-damage|p1a: Tinkaton|31/100
|-enditem|p1a: Tinkaton|Air Balloon
|move|p1a: Tinkaton|Thunder Wave|p2a: Iron Moth
|-status|p2a: Iron Moth|par
|
|-weather|none
|upkeep
|turn|6
|
|t:|1758265367
|move|p2a: Iron Moth|Fiery Dance|p1a: Tinkaton
|-supereffective|p1a: Tinkaton
|-damage|p1a: Tinkaton|0 fnt
|faint|p1a: Tinkaton
|
|upkeep
|
|t:|1758265370
|switch|p1a: Crawdaunt|Crawdaunt, M|100/100
|turn|7
|
|t:|1758265390
|-end|p2a: Iron Moth|Quark Drive|[silent]
|switch|p2a: Cloyster|Cloyster, F|100/100
|-damage|p2a: Cloyster|76/100|[from] Stealth Rock
|move|p1a: Crawdaunt|Aqua Jet|p2a: Cloyster
|-resisted|p2a: Cloyster
|-damage|p2a: Cloyster|67/100
|
|upkeep
|turn|8
|
|t:|1758265399
|switch|p1a: Dragapult|Dragapult, M|100/100
|move|p2a: Cloyster|Shell Smash|p2a: Cloyster
|-unboost|p2a: Cloyster|def|1
|-unboost|p2a: Cloyster|spd|1
|-boost|p2a: Cloyster|atk|2
|-boost|p2a: Cloyster|spa|2
|-boost|p2a: Cloyster|spe|2
|-enditem|p2a: Cloyster|White Herb
|-clearnegativeboost|p2a: Cloyster|[silent]
|
|-sideend|p2: yk12138|move: Aurora Veil
|upkeep
|turn|9
|
|t:|1758265413
|-terastallize|p1a: Dragapult|Steel
|move|p2a: Cloyster|Icicle Spear|p1a: Dragapult
|-resisted|p1a: Dragapult
|-damage|p1a: Dragapult|84/100
|-resisted|p1a: Dragapult
|-damage|p1a: Dragapult|70/100
|-resisted|p1a: Dragapult
|-damage|p1a: Dragapult|55/100
|-resisted|p1a: Dragapult
|-damage|p1a: Dragapult|38/100
|-resisted|p1a: Dragapult
|-damage|p1a: Dragapult|22/100
|-hitcount|p1a: Dragapult|5
|move|p1a: Dragapult|Dragon Darts|p2a: Cloyster
|-damage|p2a: Cloyster|39/100
|-anim|p1a: Dragapult|Dragon Darts|p2a: Cloyster
|-damage|p2a: Cloyster|13/100
|-damage|p1a: Dragapult|12/100|[from] item: Life Orb
|
|upkeep
|turn|10
|
|t:|1758265429
|move|p2a: Cloyster|Icicle Spear|p1a: Dragapult
|-resisted|p1a: Dragapult
|-damage|p1a: Dragapult|0 fnt
|faint|p1a: Dragapult
|-hitcount|p1: Dragapult|1
|
|upkeep
|
|t:|1758265436
|switch|p1a: Crawdaunt|Crawdaunt, M|100/100
|turn|11
|
|t:|1758265468
|move|p1a: Crawdaunt|Aqua Jet|p2a: Cloyster
|-resisted|p2a: Cloyster
|-damage|p2a: Cloyster|0 fnt
|faint|p2a: Cloyster
|
|upkeep
|
|t:|1758265475
|switch|p2a: Maushold|Maushold-Four|100/100
|-damage|p2a: Maushold|88/100|[from] Stealth Rock
|turn|12
|
|t:|1758265480
|switch|p1a: Blaziken|Blaziken, M|100/100
|move|p2a: Maushold|Tidy Up|p2a: Maushold
|-sideend|p2: yk12138|Stealth Rock
|-activate|p2a: Maushold|move: Tidy Up
|-boost|p2a: Maushold|atk|1
|-boost|p2a: Maushold|spe|1
|
|upkeep
|turn|13
|
|t:|1758265489
|move|p2a: Maushold|Population Bomb|p1a: Blaziken
|-damage|p1a: Blaziken|74/100
|-damage|p1a: Blaziken|48/100
|-damage|p1a: Blaziken|20/100
|-damage|p1a: Blaziken|0 fnt
|faint|p1a: Blaziken
|-hitcount|p1: Blaziken|4
|
|upkeep
|
|t:|1758265492
|switch|p1a: Crawdaunt|Crawdaunt, M|100/100
|turn|14
|
|t:|1758265504
|move|p1a: Crawdaunt|Aqua Jet|p2a: Maushold
|-damage|p2a: Maushold|17/100
|move|p2a: Maushold|Population Bomb|p1a: Crawdaunt
|-crit|p1a: Crawdaunt
|-damage|p1a: Crawdaunt|68/100
|-crit|p1a: Crawdaunt
|-damage|p1a: Crawdaunt|38/100
|-damage|p1a: Crawdaunt|18/100
|-damage|p1a: Crawdaunt|0 fnt
|faint|p1a: Crawdaunt
|-hitcount|p1: Crawdaunt|4
|
|upkeep
|
|t:|1758265506
|switch|p1a: Oricorio|Oricorio-Pom-Pom, M|100/100
|turn|15
|
|t:|1758265518
|move|p2a: Maushold|Population Bomb|p1a: Oricorio
|-damage|p1a: Oricorio|85/100
|-damage|p1a: Oricorio|71/100
|-damage|p1a: Oricorio|56/100
|-damage|p1a: Oricorio|41/100
|-damage|p1a: Oricorio|26/100
|-damage|p1a: Oricorio|11/100
|-damage|p1a: Oricorio|0 fnt
|faint|p1a: Oricorio
|-hitcount|p1: Oricorio|7
|
|upkeep
|
|t:|1758265520
|switch|p1a: Hydrapple|Hydrapple, M, shiny|100/100
|turn|16
|
|t:|1758265532
|move|p2a: Maushold|Population Bomb|p1a: Hydrapple
|-damage|p1a: Hydrapple|88/100
|-damage|p1a: Hydrapple|74/100
|-damage|p1a: Hydrapple|61/100
|-damage|p1a: Hydrapple|47/100
|-damage|p1a: Hydrapple|34/100
|-damage|p1a: Hydrapple|21/100
|-damage|p1a: Hydrapple|9/100
|-damage|p1a: Hydrapple|0 fnt
|faint|p1a: Hydrapple
|-hitcount|p1: Hydrapple|8
|
|win|yk12138
|raw|PapsIGuess31's rating: 1265 &rarr; <strong>1244</strong><br />(-21 for losing)
|raw|yk12138's rating: 1322 &rarr; <strong>1339</strong><br />(+17 for winning)
|c|☆PapsIGuess31|gg wp
|l|☆PapsIGuess31
|player|p1|
|l|☆yk12138
|player|p2|
