|j|☆whichjuanz
|j|☆teamskullenoxa
|t:|1758316776
|gametype|singles
|player|p1|whichjuanz|hiker-gen4|1468
|player|p2|teamskullenoxa|102|1546
|gen|9
|tier|[Gen 9] OU
|rated|
|rule|HP Percentage Mod: HP is shown in percentages
|rule|Endless Battle Clause: Forcing endless battles is banned
|rule|Species Clause: Limit one of each Pokémon
|rule|OHKO Clause: OHKO moves are banned
|rule|Evasion Items Clause: Evasion items are banned
|rule|Evasion Moves Clause: Evasion moves are banned
|rule|Evasion Abilities Clause: Evasion abilities are banned
|rule|Sleep Moves Clause: Sleep-inducing moves are banned
|clearpoke
|poke|p1|Glimmora, F|
|poke|p1|Greninja-*, M|
|poke|p1|Dragonite, F|
|poke|p1|Avalugg, F|
|poke|p1|Scream Tail|
|poke|p1|Azumarill, F|
|poke|p2|Lokix, M|
|poke|p2|Slowking-Galar, F|
|poke|p2|Weavile, M|
|poke|p2|Enamorus, F|
|poke|p2|Alomomola, M|
|poke|p2|Cinderace, F|
|teampreview
|inactive|Battle timer is ON: inactive players will automatically lose when time's up. (requested by whichjuanz)
|inactive|whichjuanz has 120 seconds left.
|inactive|teamskullenoxa has 120 seconds left.
|inactive|teamskullenoxa has 90 seconds left.
|
|t:|1758316845
|teamsize|p1|6
|teamsize|p2|6
|start
|switch|p1a: Scream Tail|Scream Tail|100/100
|switch|p2a: Slowking|Slowking-Galar, F|100/100
|turn|1
|
|t:|1758316861
|move|p1a: Scream Tail|Trick|p2a: Slowking
|-activate|p1a: Scream Tail|move: Trick|[of] p2a: Slowking
|-item|p2a: Slowking|Choice Scarf|[from] move: Trick
|-item|p1a: Scream Tail|Shuca Berry|[from] move: Trick
|move|p2a: Slowking|Sludge Bomb|p1a: Scream Tail
|-supereffective|p1a: Scream Tail
|-damage|p1a: Scream Tail|63/100
|
|upkeep
|turn|2
|
|t:|1758316867
|move|p1a: Scream Tail|Stealth Rock|p2a: Slowking
|-sidestart|p2: teamskullenoxa|move: Stealth Rock
|move|p2a: Slowking|Sludge Bomb|p1a: Scream Tail
|-supereffective|p1a: Scream Tail
|-damage|p1a: Scream Tail|30/100
|
|upkeep
|turn|3
|inactive|whichjuanz has 120 seconds left.
|
|t:|1758316904
|move|p1a: Scream Tail|Wish|p1a: Scream Tail
|move|p2a: Slowking|Sludge Bomb|p1a: Scream Tail
|-supereffective|p1a: Scream Tail
|-damage|p1a: Scream Tail|0 fnt
|faint|p1a: Scream Tail
|-end|p1a: Scream Tail|Protosynthesis|[silent]
|
|upkeep
|
|t:|1758316908
|switch|p1a: Glimmora|Glimmora, F|100/100
|turn|4
|
|t:|1758316914
|switch|p2a: Alomomola|Alomomola, M|100/100
|-damage|p2a: Alomomola|88/100|[from] Stealth Rock
|move|p1a: Glimmora|Substitute|p1a: Glimmora
|-start|p1a: Glimmora|Substitute
|-damage|p1a: Glimmora|76/100
|
|-heal|p1a: Glimmora|100/100|[from] move: Wish|[wisher] Scream Tail
|upkeep
|turn|5
|
|t:|1758316917
|move|p1a: Glimmora|Toxic|p2a: Alomomola
|-status|p2a: Alomomola|tox
|move|p2a: Alomomola|Flip Turn|p1a: Glimmora
|-supereffective|p1a: Glimmora
|-end|p1a: Glimmora|Substitute
|
|t:|1758316924
|switch|p2a: Cinderace|Cinderace, F|100/100|[from] Flip Turn
|
|upkeep
|turn|6
|inactive|whichjuanz has 120 seconds left.
|inactive|teamskullenoxa has 120 seconds left.
|
|t:|1758316966
|switch|p2a: Alomomola|Alomomola, M|100/100 tox
|-damage|p2a: Alomomola|88/100 tox|[from] Stealth Rock
|move|p1a: Glimmora|Toxic|p2a: Alomomola
|-fail|p2a: Alomomola|tox
|
|-damage|p2a: Alomomola|82/100 tox|[from] psn
|upkeep
|turn|7
|inactive|whichjuanz has 120 seconds left.
|
|t:|1758317004
|move|p1a: Glimmora|Substitute|p1a: Glimmora
|-start|p1a: Glimmora|Substitute
|-damage|p1a: Glimmora|76/100
|move|p2a: Alomomola|Flip Turn|p1a: Glimmora
|-supereffective|p1a: Glimmora
|-end|p1a: Glimmora|Substitute
|
|t:|1758317012
|switch|p2a: Slowking|Slowking-Galar, F|100/100|[from] Flip Turn
|-damage|p2a: Slowking|88/100|[from] Stealth Rock
|
|-heal|p1a: Glimmora|82/100|[from] item: Black Sludge
|upkeep
|turn|8
|
|t:|1758317026
|move|p1a: Glimmora|Toxic|p2a: Slowking
|-status|p2a: Slowking|tox
|move|p2a: Slowking|Future Sight|p1a: Glimmora
|-start|p2a: Slowking|move: Future Sight
|
|-heal|p1a: Glimmora|88/100|[from] item: Black Sludge
|-damage|p2a: Slowking|82/100 tox|[from] psn
|upkeep
|turn|9
|
|t:|1758317029
|switch|p2a: Alomomola|Alomomola, M|100/100 tox
|-damage|p2a: Alomomola|88/100 tox|[from] Stealth Rock
|move|p1a: Glimmora|Substitute|p1a: Glimmora
|-start|p1a: Glimmora|Substitute
|-damage|p1a: Glimmora|63/100
|
|-heal|p1a: Glimmora|69/100|[from] item: Black Sludge
|-damage|p2a: Alomomola|82/100 tox|[from] psn
|upkeep
|turn|10
|
|t:|1758317033
|move|p1a: Glimmora|Protect|p1a: Glimmora
|-singleturn|p1a: Glimmora|Protect
|move|p2a: Alomomola|Flip Turn|p1a: Glimmora
|-activate|p1a: Glimmora|move: Protect
|
|-end|p1a: Glimmora|move: Future Sight
|-supereffective|p1a: Glimmora
|-end|p1a: Glimmora|Substitute
|-heal|p1a: Glimmora|76/100|[from] item: Black Sludge
|-damage|p2a: Alomomola|70/100 tox|[from] psn
|upkeep
|turn|11
|
|t:|1758317039
|move|p1a: Glimmora|Substitute|p1a: Glimmora
|-start|p1a: Glimmora|Substitute
|-damage|p1a: Glimmora|51/100
|move|p2a: Alomomola|Flip Turn|p1a: Glimmora
|-supereffective|p1a: Glimmora
|-end|p1a: Glimmora|Substitute
|
|t:|1758317041
|switch|p2a: Slowking|Slowking-Galar, F|100/100 tox|[from] Flip Turn
|-damage|p2a: Slowking|88/100 tox|[from] Stealth Rock
|
|-heal|p1a: Glimmora|57/100|[from] item: Black Sludge
|-damage|p2a: Slowking|82/100 tox|[from] psn
|upkeep
|turn|12
|inactive|teamskullenoxa has 120 seconds left.
|
|t:|1758317074
|move|p1a: Glimmora|Protect|p1a: Glimmora
|-singleturn|p1a: Glimmora|Protect
|-prepare|p2a: Slowking|Chilly Reception|[premajor]
|move|p2a: Slowking|Chilly Reception|p2a: Slowking
|-weather|Snowscape
|
|t:|1758317076
|switch|p2a: Alomomola|Alomomola, M|100/100 tox|[from] Chilly Reception
|-damage|p2a: Alomomola|88/100 tox|[from] Stealth Rock
|
|-weather|Snowscape|[upkeep]
|-heal|p1a: Glimmora|63/100|[from] item: Black Sludge
|-damage|p2a: Alomomola|82/100 tox|[from] psn
|upkeep
|turn|13
|
|t:|1758317091
|move|p1a: Glimmora|Protect||[still]
|-fail|p1a: Glimmora
|move|p2a: Alomomola|Flip Turn|p1a: Glimmora
|-supereffective|p1a: Glimmora
|-damage|p1a: Glimmora|30/100
|
|t:|1758317105
|switch|p2a: Cinderace|Cinderace, F|100/100|[from] Flip Turn
|
|-weather|Snowscape|[upkeep]
|-heal|p1a: Glimmora|36/100|[from] item: Black Sludge
|upkeep
|turn|14
|
|t:|1758317114
|switch|p2a: Alomomola|Alomomola, M|100/100 tox
|-damage|p2a: Alomomola|88/100 tox|[from] Stealth Rock
|move|p1a: Glimmora|Mortal Spin|p2a: Alomomola
|-damage|p2a: Alomomola|83/100 tox
|
|-weather|Snowscape|[upkeep]
|-heal|p1a: Glimmora|43/100|[from] item: Black Sludge
|-damage|p2a: Alomomola|77/100 tox|[from] psn
|upkeep
|turn|15
|
|t:|1758317124
|move|p1a: Glimmora|Protect|p1a: Glimmora
|-singleturn|p1a: Glimmora|Protect
|move|p2a: Alomomola|Flip Turn|p1a: Glimmora
|-activate|p1a: Glimmora|move: Protect
|
|-weather|Snowscape|[upkeep]
|-heal|p1a: Glimmora|49/100|[from] item: Black Sludge
|-damage|p2a: Alomomola|64/100 tox|[from] psn
|upkeep
|turn|16
|
|t:|1758317131
|switch|p1a: Azumarill|Azumarill, F|100/100
|move|p2a: Alomomola|Flip Turn|p1a: Azumarill
|-resisted|p1a: Azumarill
|-damage|p1a: Azumarill|92/100
|
|t:|1758317139
|switch|p2a: Slowking|Slowking-Galar, F|100/100 tox|[from] Flip Turn
|-damage|p2a: Slowking|88/100 tox|[from] Stealth Rock
|
|-weather|none
|-damage|p2a: Slowking|82/100 tox|[from] psn
|upkeep
|turn|17
|
|t:|1758317145
|move|p1a: Azumarill|Liquidation|p2a: Slowking
|-damage|p2a: Slowking|21/100 tox
|move|p2a: Slowking|Sludge Bomb|p1a: Azumarill
|-supereffective|p1a: Azumarill
|-damage|p1a: Azumarill|22/100
|
|-damage|p2a: Slowking|9/100 tox|[from] psn
|upkeep
|turn|18
|
|t:|1758317148
|switch|p2a: Alomomola|Alomomola, M|98/100 tox
|-damage|p2a: Alomomola|85/100 tox|[from] Stealth Rock
|move|p1a: Azumarill|Liquidation|p2a: Alomomola
|-resisted|p2a: Alomomola
|-damage|p2a: Alomomola|54/100 tox
|
|-damage|p2a: Alomomola|48/100 tox|[from] psn
|upkeep
|turn|19
|
|t:|1758317159
|-terastallize|p1a: Azumarill|Water
|move|p1a: Azumarill|Liquidation|p2a: Alomomola
|-resisted|p2a: Alomomola
|-damage|p2a: Alomomola|8/100 tox
|-unboost|p2a: Alomomola|def|1
|move|p2a: Alomomola|Flip Turn|p1a: Azumarill
|-resisted|p1a: Azumarill
|-damage|p1a: Azumarill|14/100
|
|t:|1758317165
|switch|p2a: Cinderace|Cinderace, F|100/100|[from] Flip Turn
|
|upkeep
|turn|20
|
|t:|1758317168
|switch|p1a: Glimmora|Glimmora, F|49/100
|move|p2a: Cinderace|Pyro Ball|p1a: Glimmora
|-resisted|p1a: Glimmora
|-damage|p1a: Glimmora|18/100
|
|-heal|p1a: Glimmora|25/100|[from] item: Black Sludge
|upkeep
|turn|21
|
|t:|1758317181
|move|p2a: Cinderace|U-turn|p1a: Glimmora
|-resisted|p1a: Glimmora
|-damage|p1a: Glimmora|12/100
|
|t:|1758317186
|switch|p2a: Slowking|Slowking-Galar, F|42/100 tox|[from] U-turn
|-damage|p2a: Slowking|30/100 tox|[from] Stealth Rock
|move|p1a: Glimmora|Mortal Spin|p2a: Slowking
|-resisted|p2a: Slowking
|-damage|p2a: Slowking|28/100 tox
|
|-heal|p1a: Glimmora|19/100|[from] item: Black Sludge
|-damage|p2a: Slowking|22/100 tox|[from] psn
|upkeep
|turn|22
|
|t:|1758317191
|move|p1a: Glimmora|Protect|p1a: Glimmora
|-singleturn|p1a: Glimmora|Protect
|-prepare|p2a: Slowking|Chilly Reception|[premajor]
|move|p2a: Slowking|Chilly Reception|p2a: Slowking
|-weather|Snowscape
|
|t:|1758317194
|switch|p2a: Alomomola|Alomomola, M|41/100 tox|[from] Chilly Reception
|-damage|p2a: Alomomola|29/100 tox|[from] Stealth Rock
|
|-weather|Snowscape|[upkeep]
|-heal|p1a: Glimmora|25/100|[from] item: Black Sludge
|-damage|p2a: Alomomola|23/100 tox|[from] psn
|upkeep
|turn|23
|
|t:|1758317200
|switch|p1a: Greninja|Greninja, M|100/100
|switch|p2a: Slowking|Slowking-Galar, F|55/100 tox
|-damage|p2a: Slowking|43/100 tox|[from] Stealth Rock
|
|-weather|Snowscape|[upkeep]
|-damage|p2a: Slowking|37/100 tox|[from] psn
|upkeep
|turn|24
|
|t:|1758317214
|switch|p2a: Alomomola|Alomomola, M|56/100 tox
|-damage|p2a: Alomomola|43/100 tox|[from] Stealth Rock
|move|p1a: Greninja|Ice Beam|p2a: Alomomola
|-resisted|p2a: Alomomola
|-damage|p2a: Alomomola|37/100 tox
|
|-weather|Snowscape|[upkeep]
|-damage|p2a: Alomomola|31/100 tox|[from] psn
|upkeep
|turn|25
|
|t:|1758317222
|move|p1a: Greninja|Sludge Wave|p2a: Alomomola
|-damage|p2a: Alomomola|18/100 tox
|move|p2a: Alomomola|Flip Turn|p1a: Greninja
|-resisted|p1a: Greninja
|-damage|p1a: Greninja|88/100
|
|t:|1758317230
|switch|p2a: Lokix|Lokix, M|100/100|[from] Flip Turn
|-damage|p2a: Lokix|76/100|[from] Stealth Rock
|
|-weather|Snowscape|[upkeep]
|upkeep
|turn|26
|
|t:|1758317234
|switch|p1a: Avalugg|Avalugg, F|100/100
|move|p2a: Lokix|First Impression|p1a: Avalugg
|-damage|p1a: Avalugg|85/100
|
|-weather|none
|-heal|p1a: Avalugg|91/100|[from] item: Leftovers
|upkeep
|turn|27
|
|t:|1758317240
|switch|p2a: Cinderace|Cinderace, F|100/100
|move|p1a: Avalugg|Recover|p1a: Avalugg
|-heal|p1a: Avalugg|100/100
|
|upkeep
|turn|28
|
|t:|1758317243
|move|p2a: Cinderace|Court Change|p2a: Cinderace
|-swapsideconditions
|-activate|p2a: Cinderace|move: Court Change
|move|p1a: Avalugg|Mirror Coat||[still]
|-fail|p1a: Avalugg
|
|upkeep
|turn|29
|
|t:|1758317247
|move|p2a: Cinderace|Pyro Ball|p1a: Avalugg|[miss]
|-miss|p2a: Cinderace|p1a: Avalugg
|move|p1a: Avalugg|Curse|p1a: Avalugg
|-unboost|p1a: Avalugg|spe|1
|-boost|p1a: Avalugg|atk|1
|-boost|p1a: Avalugg|def|1
|
|upkeep
|turn|30
|
|t:|1758317253
|move|p2a: Cinderace|Pyro Ball|p1a: Avalugg
|-supereffective|p1a: Avalugg
|-damage|p1a: Avalugg|68/100
|move|p1a: Avalugg|Curse|p1a: Avalugg
|-unboost|p1a: Avalugg|spe|1
|-boost|p1a: Avalugg|atk|1
|-boost|p1a: Avalugg|def|1
|
|-heal|p1a: Avalugg|74/100|[from] item: Leftovers
|upkeep
|turn|31
|
|t:|1758317258
|switch|p2a: Slowking|Slowking-Galar, F|70/100 tox
|move|p1a: Avalugg|Recover|p1a: Avalugg
|-heal|p1a: Avalugg|100/100
|
|-damage|p2a: Slowking|64/100 tox|[from] psn
|upkeep
|turn|32
|
|t:|1758317263
|move|p2a: Slowking|Sludge Bomb|p1a: Avalugg
|-damage|p1a: Avalugg|49/100
|move|p1a: Avalugg|Body Press|p2a: Slowking
|-resisted|p2a: Slowking
|-damage|p2a: Slowking|50/100 tox
|
|-heal|p1a: Avalugg|55/100|[from] item: Leftovers
|-damage|p2a: Slowking|38/100 tox|[from] psn
|upkeep
|turn|33
|
|t:|1758317268
|move|p2a: Slowking|Sludge Bomb|p1a: Avalugg
|-damage|p1a: Avalugg|3/100
|move|p1a: Avalugg|Mirror Coat|p2a: Slowking
|-damage|p2a: Slowking|0 fnt
|faint|p2a: Slowking
|
|-heal|p1a: Avalugg|9/100|[from] item: Leftovers
|upkeep
|
|t:|1758317293
|switch|p2a: Enamorus|Enamorus, F|100/100
|turn|34
|inactive|teamskullenoxa has 120 seconds left.
|
|t:|1758317321
|move|p2a: Enamorus|Moonblast|p1a: Avalugg
|-damage|p1a: Avalugg|0 fnt
|faint|p1a: Avalugg
|
|upkeep
|
|t:|1758317325
|switch|p1a: Glimmora|Glimmora, F|25/100
|-damage|p1a: Glimmora|12/100|[from] Stealth Rock
|turn|35
|inactive|teamskullenoxa has 120 seconds left.
|
|t:|1758317340
|-terastallize|p2a: Enamorus|Stellar
|move|p2a: Enamorus|Moonblast|p1a: Glimmora
|-resisted|p1a: Glimmora
|-damage|p1a: Glimmora|0 fnt
|faint|p1a: Glimmora
|
|upkeep
|
|t:|1758317349
|switch|p1a: Azumarill|Azumarill, F, tera:Water|14/100
|-damage|p1a: Azumarill|1/100|[from] Stealth Rock
|turn|36
|
|t:|1758317353
|switch|p2a: Alomomola|Alomomola, M|52/100 tox
|move|p1a: Azumarill|Aqua Jet|p2a: Alomomola
|-resisted|p2a: Alomomola
|-damage|p2a: Alomomola|33/100 tox
|
|-damage|p2a: Alomomola|27/100 tox|[from] psn
|upkeep
|turn|37
|
|t:|1758317356
|move|p1a: Azumarill|Aqua Jet|p2a: Alomomola
|-resisted|p2a: Alomomola
|-damage|p2a: Alomomola|8/100 tox
|move|p2a: Alomomola|Aqua Jet|p1a: Azumarill
|-resisted|p1a: Azumarill
|-damage|p1a: Azumarill|0 fnt
|faint|p1a: Azumarill
|
|-damage|p2a: Alomomola|0 fnt|[from] psn
|faint|p2a: Alomomola
|upkeep
|inactive|teamskullenoxa has 120 seconds left.
|
|t:|1758317385
|switch|p1a: Dragonite|Dragonite, F|100/100
|switch|p2a: Weavile|Weavile, M|100/100
|-ability|p2a: Weavile|Pressure
|turn|38
|
|t:|1758317396
|move|p1a: Dragonite|Extreme Speed|p2a: Weavile
|-damage|p2a: Weavile|42/100
|move|p2a: Weavile|Triple Axel|p1a: Dragonite
|-supereffective|p1a: Dragonite
|-damage|p1a: Dragonite|66/100
|-hitcount|p1a: Dragonite|1
|
|upkeep
|turn|39
|
|t:|1758317400
|move|p1a: Dragonite|Extreme Speed|p2a: Weavile
|-damage|p2a: Weavile|0 fnt
|faint|p2a: Weavile
|
|upkeep
|
|t:|1758317404
|switch|p2a: Enamorus|Enamorus, F, tera:Stellar|100/100
|turn|40
|
|t:|1758317407
|move|p1a: Dragonite|Extreme Speed|p2a: Enamorus
|-damage|p2a: Enamorus|49/100
|move|p2a: Enamorus|Moonblast|p1a: Dragonite
|-supereffective|p1a: Dragonite
|-damage|p1a: Dragonite|0 fnt
|faint|p1a: Dragonite
|
|upkeep
|
|t:|1758317409
|switch|p1a: Greninja|Greninja, M|88/100
|-damage|p1a: Greninja|76/100|[from] Stealth Rock
|turn|41
|
|t:|1758317412
|move|p1a: Greninja|Water Shuriken|p2a: Enamorus
|-damage|p2a: Enamorus|41/100
|-damage|p2a: Enamorus|31/100
|-damage|p2a: Enamorus|21/100
|-damage|p2a: Enamorus|11/100
|-damage|p2a: Enamorus|2/100
|-hitcount|p2a: Enamorus|5
|move|p2a: Enamorus|Moonblast|p1a: Greninja
|-supereffective|p1a: Greninja
|-damage|p1a: Greninja|0 fnt
|faint|p1a: Greninja
|
|win|teamskullenoxa
|raw|whichjuanz's rating: 1468 &rarr; <strong>1452</strong><br />(-16 for losing)
|raw|teamskullenoxa's rating: 1546 &rarr; <strong>1562</strong><br />(+16 for winning)
|l|☆whichjuanz
|player|p1|
