|j|☆egjp
|j|☆Minoluck
|t:|1758345045
|gametype|singles
|player|p1|egjp|170|1228
|player|p2|Minoluck|gentleman-gen4dp|1228
|gen|9
|tier|[Gen 9] OU
|rated|
|rule|HP Percentage Mod: HP is shown in percentages
|rule|Endless Battle Clause: Forcing endless battles is banned
|rule|Species Clause: Limit one of each Pokémon
|rule|OHKO Clause: OHKO moves are banned
|rule|Evasion Items Clause: Evasion items are banned
|rule|Evasion Moves Clause: Evasion moves are banned
|rule|Evasion Abilities Clause: Evasion abilities are banned
|rule|Sleep Moves Clause: Sleep-inducing moves are banned
|clearpoke
|poke|p1|Corviknight, M|
|poke|p1|Slowking-Galar, M|
|poke|p1|Ting-Lu|
|poke|p1|Gholdengo|
|poke|p1|Samurott-Hisui, M|
|poke|p1|Grimmsnarl, M|
|poke|p2|Staraptor, F|
|poke|p2|Iron Valiant|
|poke|p2|Arcanine-Hisui, F|
|poke|p2|Raging Bolt|
|poke|p2|Pincurchin, F|
|poke|p2|Iron Treads|
|teampreview
|
|t:|1758345064
|teamsize|p1|6
|teamsize|p2|6
|start
|switch|p1a: Grimmsnarl|Grimmsnarl, M, shiny|100/100
|switch|p2a: Iron Valiant|Iron Valiant|100/100
|turn|1
|
|t:|1758345070
|move|p1a: Grimmsnarl|Fake Out|p2a: Iron Valiant
|-damage|p2a: Iron Valiant|86/100
|cant|p2a: Iron Valiant|flinch
|
|upkeep
|turn|2
|
|t:|1758345085
|move|p1a: Grimmsnarl|Parting Shot|p2a: Iron Valiant
|-unboost|p2a: Iron Valiant|atk|1
|-unboost|p2a: Iron Valiant|spa|1
|
|t:|1758345091
|switch|p1a: Corviknight|Corviknight, M, shiny|100/100|[from] Parting Shot
|move|p2a: Iron Valiant|Moonblast|p1a: Corviknight
|-resisted|p1a: Corviknight
|-damage|p1a: Corviknight|86/100
|-damage|p2a: Iron Valiant|76/100|[from] item: Life Orb
|
|upkeep
|turn|3
|inactive|Battle timer is ON: inactive players will automatically lose when time's up. (requested by egjp)
|
|t:|1758345099
|-end|p2a: Iron Valiant|Quark Drive|[silent]
|switch|p2a: Pincurchin|Pincurchin, F|100/100
|-fieldstart|move: Electric Terrain|[from] ability: Electric Surge|[of] p2a: Pincurchin
|move|p1a: Corviknight|U-turn|p2a: Pincurchin
|-damage|p2a: Pincurchin|82/100
|
|t:|1758345106
|switch|p1a: Ting-Lu|Ting-Lu|100/100|[from] U-turn
|-ability|p1a: Ting-Lu|Vessel of Ruin
|
|upkeep
|turn|4
|
|t:|1758345110
|switch|p2a: Staraptor|Staraptor, F|100/100
|move|p1a: Ting-Lu|Earthquake|p2a: Staraptor
|-immune|p2a: Staraptor
|
|upkeep
|turn|5
|
|t:|1758345120
|switch|p1a: Corviknight|Corviknight, M, shiny|86/100
|move|p2a: Staraptor|U-turn|p1a: Corviknight
|-resisted|p1a: Corviknight
|-damage|p1a: Corviknight|79/100
|
|t:|1758345128
|switch|p2a: Raging Bolt|Raging Bolt|100/100|[from] U-turn
|
|upkeep
|turn|6
|
|t:|1758345137
|switch|p1a: Ting-Lu|Ting-Lu|100/100
|-ability|p1a: Ting-Lu|Vessel of Ruin
|move|p2a: Raging Bolt|Draco Meteor|p1a: Ting-Lu
|-damage|p1a: Ting-Lu|28/100
|-unboost|p2a: Raging Bolt|spa|2
|
|upkeep
|turn|7
|
|t:|1758345158
|switch|p1a: Grimmsnarl|Grimmsnarl, M, shiny|100/100
|move|p2a: Raging Bolt|Draco Meteor|p1a: Grimmsnarl
|-immune|p1a: Grimmsnarl
|
|upkeep
|turn|8
|
|t:|1758345175
|-end|p2a: Raging Bolt|Protosynthesis|[silent]
|switch|p2a: Iron Treads|Iron Treads|100/100
|-activate|p2a: Iron Treads|ability: Quark Drive
|-start|p2a: Iron Treads|quarkdriveatk
|move|p1a: Grimmsnarl|Fake Out|p2a: Iron Treads
|-resisted|p2a: Iron Treads
|-damage|p2a: Iron Treads|96/100
|
|upkeep
|turn|9
|
|t:|1758345190
|move|p1a: Grimmsnarl|Parting Shot|p2a: Iron Treads
|-unboost|p2a: Iron Treads|atk|1
|-unboost|p2a: Iron Treads|spa|1
|inactive|egjp has 120 seconds left.
|
|t:|1758345216
|switch|p1a: Corviknight|Corviknight, M, shiny|79/100|[from] Parting Shot
|move|p2a: Iron Treads|Iron Head|p1a: Corviknight
|-resisted|p1a: Corviknight
|-damage|p1a: Corviknight|66/100
|
|upkeep
|turn|10
|inactive|egjp has 120 seconds left.
|
|t:|1758345225
|move|p2a: Iron Treads|Knock Off|p1a: Corviknight
|-damage|p1a: Corviknight|45/100
|-enditem|p1a: Corviknight|Covert Cloak|[from] move: Knock Off|[of] p2a: Iron Treads
|move|p1a: Corviknight|U-turn|p2a: Iron Treads
|-resisted|p2a: Iron Treads
|-damage|p2a: Iron Treads|90/100
|inactive|egjp has 120 seconds left.
|
|t:|1758345244
|switch|p1a: Samurott|Samurott-Hisui, M|100/100|[from] U-turn
|
|-fieldend|move: Electric Terrain
|-end|p2a: Iron Treads|Quark Drive
|upkeep
|turn|11
|inactive|Minoluck has 120 seconds left.
|
|t:|1758345285
|-end|p2a: Iron Treads|Quark Drive|[silent]
|switch|p2a: Raging Bolt|Raging Bolt|100/100
|move|p1a: Samurott|Ceaseless Edge|p2a: Raging Bolt
|-damage|p2a: Raging Bolt|61/100
|-sidestart|p2: Minoluck|Spikes
|
|upkeep
|turn|12
|inactive|egjp has 120 seconds left.
|
|t:|1758345306
|-terastallize|p1a: Samurott|Dark
|move|p1a: Samurott|Ceaseless Edge|p2a: Raging Bolt
|-damage|p2a: Raging Bolt|10/100
|-sidestart|p2: Minoluck|Spikes
|move|p2a: Raging Bolt|Hyper Voice|p1a: Samurott
|-damage|p1a: Samurott|47/100
|
|upkeep
|turn|13
|
|t:|1758345315
|move|p1a: Samurott|Ceaseless Edge|p2a: Raging Bolt
|-damage|p2a: Raging Bolt|0 fnt
|-sidestart|p2: Minoluck|Spikes
|faint|p2a: Raging Bolt
|-end|p2a: Raging Bolt|Protosynthesis|[silent]
|
|upkeep
|
|t:|1758345321
|switch|p2a: Iron Treads|Iron Treads|90/100
|turn|14
|inactive|egjp has 120 seconds left.
|
|t:|1758345347
|move|p2a: Iron Treads|Earthquake|p1a: Samurott
|-damage|p1a: Samurott|0 fnt
|faint|p1a: Samurott
|
|upkeep
|
|t:|1758345360
|switch|p1a: Gholdengo|Gholdengo|100/100
|turn|15
|
|t:|1758345369
|move|p1a: Gholdengo|Focus Blast|p2a: Iron Treads|[miss]
|-miss|p1a: Gholdengo|p2a: Iron Treads
|move|p2a: Iron Treads|Earthquake|p1a: Gholdengo
|-supereffective|p1a: Gholdengo
|-damage|p1a: Gholdengo|0 fnt
|faint|p1a: Gholdengo
|
|upkeep
|-message|egjp forfeited.
|
|win|Minoluck
|raw|egjp's rating: 1228 &rarr; <strong>1203</strong><br />(-25 for losing)
|raw|Minoluck's rating: 1228 &rarr; <strong>1253</strong><br />(+25 for winning)
|l|☆egjp
|player|p1|
|l|☆Minoluck
|player|p2|
