|j|☆Danxsh17
|j|☆biryanilover
|t:|1758360749
|gametype|singles
|player|p1|Danxsh17|2|1584
|player|p2|biryanilover|266|1473
|gen|9
|tier|[Gen 9] OU
|rated|
|rule|HP Percentage Mod: HP is shown in percentages
|rule|Endless Battle Clause: Forcing endless battles is banned
|rule|Species Clause: Limit one of each Pokémon
|rule|OHKO Clause: OHKO moves are banned
|rule|Evasion Items Clause: Evasion items are banned
|rule|Evasion Moves Clause: Evasion moves are banned
|rule|Evasion Abilities Clause: Evasion abilities are banned
|rule|Sleep Moves Clause: Sleep-inducing moves are banned
|clearpoke
|poke|p1|Ogerpon-Wellspring, F|
|poke|p1|Kingambit, M|
|poke|p1|Landorus-Therian, M|
|poke|p1|Glimmora, M|
|poke|p1|Dragapult, M|
|poke|p1|Iron Valiant|
|poke|p2|Darkrai|
|poke|p2|Empoleon, M|
|poke|p2|Garchomp, M|
|poke|p2|Rillaboom, F|
|poke|p2|Moltres|
|poke|p2|Slowking-Galar, M|
|teampreview
|inactive|Battle timer is ON: inactive players will automatically lose when time's up. (requested by biryanilover)
|
|t:|1758360759
|teamsize|p1|6
|teamsize|p2|6
|start
|switch|p1a: Glimmora|Glimmora, M|100/100
|switch|p2a: Garchomp|Garchomp, M|100/100
|turn|1
|
|t:|1758360766
|switch|p1a: Landorus|Landorus-Therian, M|100/100
|-ability|p1a: Landorus|Intimidate|boost
|-unboost|p2a: Garchomp|atk|1
|move|p2a: Garchomp|Stealth Rock|p1a: Landorus
|-sidestart|p1: Danxsh17|move: Stealth Rock
|
|upkeep
|turn|2
|
|t:|1758360770
|switch|p2a: Moltres|Moltres|100/100
|move|p1a: Landorus|Taunt|p2a: Moltres
|-start|p2a: Moltres|move: Taunt
|
|upkeep
|turn|3
|
|t:|1758360775
|move|p1a: Landorus|Stealth Rock|p2a: Moltres
|-sidestart|p2: biryanilover|move: Stealth Rock
|move|p2a: Moltres|Air Slash|p1a: Landorus
|-damage|p1a: Landorus|68/100
|
|upkeep
|turn|4
|
|t:|1758360783
|switch|p1a: Glimmora|Glimmora, M|100/100
|-damage|p1a: Glimmora|88/100|[from] Stealth Rock
|switch|p2a: Garchomp|Garchomp, M|100/100
|-damage|p2a: Garchomp|94/100|[from] Stealth Rock
|
|upkeep
|turn|5
|
|t:|1758360790
|switch|p1a: Landorus|Landorus-Therian, M|68/100
|-damage|p1a: Landorus|56/100|[from] Stealth Rock
|-ability|p1a: Landorus|Intimidate|boost
|-unboost|p2a: Garchomp|atk|1
|move|p2a: Garchomp|Earthquake|p1a: Landorus
|-immune|p1a: Landorus
|
|upkeep
|turn|6
|
|t:|1758360793
|move|p1a: Landorus|Taunt|p2a: Garchomp
|-start|p2a: Garchomp|move: Taunt
|move|p2a: Garchomp|Dragon Tail|p1a: Landorus
|-damage|p1a: Landorus|41/100
|-damage|p2a: Garchomp|78/100|[from] item: Rocky Helmet|[of] p1a: Landorus
|drag|p1a: Ogerpon|Ogerpon-Wellspring, F|100/100
|-damage|p1a: Ogerpon|88/100|[from] Stealth Rock
|
|upkeep
|turn|7
|
|t:|1758360802
|move|p1a: Ogerpon|Ivy Cudgel|p2a: Garchomp|[anim] Ivy Cudgel Water
|-damage|p2a: Garchomp|40/100
|move|p2a: Garchomp|Dragon Tail|p1a: Ogerpon
|-damage|p1a: Ogerpon|67/100
|drag|p1a: Kingambit|Kingambit, M|100/100
|-damage|p1a: Kingambit|94/100|[from] Stealth Rock
|
|-heal|p1a: Kingambit|100/100|[from] item: Leftovers
|upkeep
|turn|8
|
|t:|1758360809
|-end|p1a: Kingambit|fallenundefined|[silent]
|switch|p1a: Landorus|Landorus-Therian, M|41/100
|-damage|p1a: Landorus|28/100|[from] Stealth Rock
|-ability|p1a: Landorus|Intimidate|boost
|-unboost|p2a: Garchomp|atk|1
|move|p2a: Garchomp|Earthquake|p1a: Landorus
|-immune|p1a: Landorus
|
|-end|p2a: Garchomp|move: Taunt
|upkeep
|turn|9
|
|t:|1758360812
|switch|p2a: Moltres|Moltres|100/100
|move|p1a: Landorus|Taunt|p2a: Moltres
|-start|p2a: Moltres|move: Taunt
|
|upkeep
|turn|10
|
|t:|1758360817
|move|p1a: Landorus|U-turn|p2a: Moltres
|-resisted|p2a: Moltres
|-damage|p2a: Moltres|97/100
|-status|p1a: Landorus|brn|[from] ability: Flame Body|[of] p2a: Moltres
|
|t:|1758360819
|switch|p1a: Glimmora|Glimmora, M|88/100|[from] U-turn
|-damage|p1a: Glimmora|76/100|[from] Stealth Rock
|move|p2a: Moltres|Flamethrower|p1a: Glimmora
|-resisted|p1a: Glimmora
|-damage|p1a: Glimmora|51/100
|-status|p1a: Glimmora|brn
|
|-damage|p1a: Glimmora|45/100 brn|[from] brn
|upkeep
|turn|11
|
|t:|1758360827
|switch|p2a: Empoleon|Empoleon, M|100/100
|-damage|p2a: Empoleon|94/100|[from] Stealth Rock
|move|p1a: Glimmora|Meteor Beam||[still]
|-prepare|p1a: Glimmora|Meteor Beam
|-boost|p1a: Glimmora|spa|1
|-enditem|p1a: Glimmora|Power Herb
|-anim|p1a: Glimmora|Meteor Beam|p2a: Empoleon
|-resisted|p2a: Empoleon
|-damage|p2a: Empoleon|61/100
|
|-heal|p2a: Empoleon|67/100|[from] item: Leftovers
|-damage|p1a: Glimmora|39/100 brn|[from] brn
|upkeep
|turn|12
|
|t:|1758360833
|move|p1a: Glimmora|Spikes|p2a: Empoleon
|-sidestart|p2: biryanilover|Spikes
|move|p2a: Empoleon|Surf|p1a: Glimmora
|-supereffective|p1a: Glimmora
|-damage|p1a: Glimmora|0 fnt
|faint|p1a: Glimmora
|
|-heal|p2a: Empoleon|73/100|[from] item: Leftovers
|upkeep
|
|t:|1758360845
|switch|p1a: Landorus|Landorus-Therian, M|28/100 brn
|-damage|p1a: Landorus|16/100 brn|[from] Stealth Rock
|-ability|p1a: Landorus|Intimidate|boost
|-unboost|p2a: Empoleon|atk|1
|-ability|p2a: Empoleon|Competitive|boost
|-boost|p2a: Empoleon|spa|2
|turn|13
|
|t:|1758360850
|move|p1a: Landorus|Earthquake|p2a: Empoleon
|-supereffective|p2a: Empoleon
|-damage|p2a: Empoleon|24/100
|move|p2a: Empoleon|Surf|p1a: Landorus
|-supereffective|p1a: Landorus
|-damage|p1a: Landorus|0 fnt
|faint|p1a: Landorus
|
|-heal|p2a: Empoleon|30/100|[from] item: Leftovers
|upkeep
|
|t:|1758360855
|switch|p1a: Ogerpon|Ogerpon-Wellspring, F|67/100
|-damage|p1a: Ogerpon|55/100|[from] Stealth Rock
|turn|14
|
|t:|1758360859
|switch|p2a: Garchomp|Garchomp, M|40/100
|-damage|p2a: Garchomp|33/100|[from] Stealth Rock
|-damage|p2a: Garchomp|21/100|[from] Spikes
|move|p1a: Ogerpon|Horn Leech|p2a: Garchomp
|-damage|p2a: Garchomp|0 fnt
|-heal|p1a: Ogerpon|69/100|[from] drain|[of] p2a: Garchomp
|-damage|p1a: Ogerpon|57/100|[from] ability: Rough Skin|[of] p2a: Garchomp
|-damage|p1a: Ogerpon|40/100|[from] item: Rocky Helmet|[of] p2a: Garchomp
|faint|p2a: Garchomp
|
|upkeep
|
|t:|1758360866
|switch|p2a: Rillaboom|Rillaboom, F|100/100
|-damage|p2a: Rillaboom|88/100|[from] Stealth Rock
|-damage|p2a: Rillaboom|75/100|[from] Spikes
|-fieldstart|move: Grassy Terrain|[from] ability: Grassy Surge|[of] p2a: Rillaboom
|turn|15
|
|t:|1758360870
|switch|p1a: Kingambit|Kingambit, M|100/100
|-damage|p1a: Kingambit|94/100|[from] Stealth Rock
|-activate|p1a: Kingambit|ability: Supreme Overlord
|-start|p1a: Kingambit|fallen2|[silent]
|move|p2a: Rillaboom|Grassy Glide|p1a: Kingambit
|-resisted|p1a: Kingambit
|-damage|p1a: Kingambit|79/100
|
|-heal|p2a: Rillaboom|82/100|[from] Grassy Terrain
|-heal|p1a: Kingambit|86/100|[from] Grassy Terrain
|-heal|p1a: Kingambit|92/100|[from] item: Leftovers
|upkeep
|turn|16
|
|t:|1758360878
|switch|p2a: Moltres|Moltres|97/100
|-end|p1a: Kingambit|fallen2|[silent]
|switch|p1a: Dragapult|Dragapult, M|100/100
|-damage|p1a: Dragapult|88/100|[from] Stealth Rock
|
|-heal|p1a: Dragapult|94/100|[from] Grassy Terrain
|upkeep
|turn|17
|
|t:|1758360883
|move|p1a: Dragapult|Shadow Ball|p2a: Moltres
|-damage|p2a: Moltres|40/100
|-unboost|p2a: Moltres|spd|1
|move|p2a: Moltres|Air Slash|p1a: Dragapult|[miss]
|-miss|p2a: Moltres|p1a: Dragapult
|
|-heal|p1a: Dragapult|99/100|[from] Grassy Terrain
|upkeep
|turn|18
|
|t:|1758360890
|switch|p2a: Darkrai|Darkrai|100/100
|-damage|p2a: Darkrai|88/100|[from] Stealth Rock
|-damage|p2a: Darkrai|76/100|[from] Spikes
|move|p1a: Dragapult|Shadow Ball|p2a: Darkrai
|-resisted|p2a: Darkrai
|-damage|p2a: Darkrai|44/100
|
|-heal|p1a: Dragapult|100/100|[from] Grassy Terrain
|-heal|p2a: Darkrai|50/100|[from] Grassy Terrain
|upkeep
|turn|19
|
|t:|1758360897
|switch|p1a: Kingambit|Kingambit, M|92/100
|-damage|p1a: Kingambit|86/100|[from] Stealth Rock
|-activate|p1a: Kingambit|ability: Supreme Overlord
|-start|p1a: Kingambit|fallen2|[silent]
|move|p2a: Darkrai|Sludge Bomb|p1a: Kingambit
|-immune|p1a: Kingambit
|
|-heal|p2a: Darkrai|56/100|[from] Grassy Terrain
|-heal|p1a: Kingambit|92/100|[from] Grassy Terrain
|-heal|p1a: Kingambit|98/100|[from] item: Leftovers
|-fieldend|move: Grassy Terrain
|upkeep
|turn|20
|
|t:|1758360900
|-end|p1a: Kingambit|fallen2|[silent]
|switch|p1a: Dragapult|Dragapult, M|100/100
|-damage|p1a: Dragapult|88/100|[from] Stealth Rock
|move|p2a: Darkrai|Will-O-Wisp|p1a: Dragapult
|-status|p1a: Dragapult|brn
|
|-damage|p1a: Dragapult|82/100 brn|[from] brn
|upkeep
|turn|21
|
|t:|1758360904
|switch|p2a: Empoleon|Empoleon, M|30/100
|-damage|p2a: Empoleon|24/100|[from] Stealth Rock
|-damage|p2a: Empoleon|12/100|[from] Spikes
|move|p1a: Dragapult|U-turn|p2a: Empoleon
|-resisted|p2a: Empoleon
|-damage|p2a: Empoleon|8/100
|
|t:|1758360906
|switch|p1a: Ogerpon|Ogerpon-Wellspring, F|40/100|[from] U-turn
|-damage|p1a: Ogerpon|28/100|[from] Stealth Rock
|
|-heal|p2a: Empoleon|14/100|[from] item: Leftovers
|upkeep
|turn|22
|
|t:|1758360912
|switch|p2a: Moltres|Moltres|40/100
|move|p1a: Ogerpon|Ivy Cudgel|p2a: Moltres|[anim] Ivy Cudgel Water
|-supereffective|p2a: Moltres
|-damage|p2a: Moltres|0 fnt
|faint|p2a: Moltres
|
|upkeep
|
|t:|1758360918
|switch|p2a: Darkrai|Darkrai|56/100
|-damage|p2a: Darkrai|44/100|[from] Stealth Rock
|-damage|p2a: Darkrai|31/100|[from] Spikes
|turn|23
|
|t:|1758360929
|move|p2a: Darkrai|Dark Pulse|p1a: Ogerpon
|-damage|p1a: Ogerpon|0 fnt
|faint|p1a: Ogerpon
|
|upkeep
|
|t:|1758360932
|switch|p1a: Dragapult|Dragapult, M|82/100 brn
|-damage|p1a: Dragapult|70/100 brn|[from] Stealth Rock
|turn|24
|
|t:|1758360937
|switch|p2a: Empoleon|Empoleon, M|14/100
|-damage|p2a: Empoleon|8/100|[from] Stealth Rock
|-damage|p2a: Empoleon|0 fnt|[from] Spikes
|faint|p2a: Empoleon
|move|p1a: Dragapult|Flamethrower|p2: Empoleon|[notarget]
|-fail|p1a: Dragapult
|
|-damage|p1a: Dragapult|64/100 brn|[from] brn
|upkeep
|
|t:|1758360943
|switch|p2a: Slowking|Slowking-Galar, M|100/100
|-damage|p2a: Slowking|88/100|[from] Stealth Rock
|-damage|p2a: Slowking|76/100|[from] Spikes
|turn|25
|
|t:|1758360947
|switch|p1a: Kingambit|Kingambit, M|98/100
|-damage|p1a: Kingambit|92/100|[from] Stealth Rock
|-activate|p1a: Kingambit|ability: Supreme Overlord
|-start|p1a: Kingambit|fallen3|[silent]
|move|p2a: Slowking|Flamethrower|p1a: Kingambit
|-supereffective|p1a: Kingambit
|-damage|p1a: Kingambit|36/100
|
|-heal|p1a: Kingambit|43/100|[from] item: Leftovers
|upkeep
|turn|26
|
|t:|1758360954
|-terastallize|p2a: Slowking|Water
|move|p1a: Kingambit|Kowtow Cleave|p2a: Slowking
|-damage|p2a: Slowking|10/100
|move|p2a: Slowking|Flamethrower|p1a: Kingambit
|-supereffective|p1a: Kingambit
|-damage|p1a: Kingambit|0 fnt
|faint|p1a: Kingambit
|-end|p1a: Kingambit|fallen3|[silent]
|
|upkeep
|
|t:|1758360959
|switch|p1a: Dragapult|Dragapult, M|64/100 brn
|-damage|p1a: Dragapult|52/100 brn|[from] Stealth Rock
|turn|27
|
|t:|1758360963
|switch|p2a: Darkrai|Darkrai|31/100
|-damage|p2a: Darkrai|19/100|[from] Stealth Rock
|-damage|p2a: Darkrai|6/100|[from] Spikes
|move|p1a: Dragapult|Shadow Ball|p2a: Darkrai
|-resisted|p2a: Darkrai
|-damage|p2a: Darkrai|0 fnt
|faint|p2a: Darkrai
|
|-damage|p1a: Dragapult|46/100 brn|[from] brn
|upkeep
|
|t:|1758360970
|switch|p2a: Rillaboom|Rillaboom, F|82/100
|-damage|p2a: Rillaboom|69/100|[from] Stealth Rock
|-damage|p2a: Rillaboom|57/100|[from] Spikes
|-fieldstart|move: Grassy Terrain|[from] ability: Grassy Surge|[of] p2a: Rillaboom
|turn|28
|
|t:|1758360972
|move|p2a: Rillaboom|Grassy Glide|p1a: Dragapult
|-resisted|p1a: Dragapult
|-damage|p1a: Dragapult|17/100 brn
|move|p1a: Dragapult|Shadow Ball|p2a: Rillaboom
|-damage|p2a: Rillaboom|14/100
|-unboost|p2a: Rillaboom|spd|1
|
|-heal|p1a: Dragapult|23/100 brn|[from] Grassy Terrain
|-heal|p2a: Rillaboom|20/100|[from] Grassy Terrain
|-damage|p1a: Dragapult|17/100 brn|[from] brn
|upkeep
|turn|29
|
|t:|1758360976
|move|p2a: Rillaboom|Grassy Glide|p1a: Dragapult
|-resisted|p1a: Dragapult
|-damage|p1a: Dragapult|0 fnt
|faint|p1a: Dragapult
|
|-heal|p2a: Rillaboom|27/100|[from] Grassy Terrain
|upkeep
|
|t:|1758360977
|switch|p1a: Iron Valiant|Iron Valiant|100/100
|-damage|p1a: Iron Valiant|94/100|[from] Stealth Rock
|-enditem|p1a: Iron Valiant|Booster Energy
|-activate|p1a: Iron Valiant|ability: Quark Drive|[fromitem]
|-start|p1a: Iron Valiant|quarkdrivespe
|turn|30
|
|t:|1758360981
|-terastallize|p1a: Iron Valiant|Steel
|move|p2a: Rillaboom|Grassy Glide|p1a: Iron Valiant
|-resisted|p1a: Iron Valiant
|-damage|p1a: Iron Valiant|68/100
|move|p1a: Iron Valiant|Swords Dance|p1a: Iron Valiant
|-boost|p1a: Iron Valiant|atk|2
|
|-heal|p1a: Iron Valiant|75/100|[from] Grassy Terrain
|-heal|p2a: Rillaboom|33/100|[from] Grassy Terrain
|upkeep
|turn|31
|
|t:|1758360984
|move|p2a: Rillaboom|Grassy Glide|p1a: Iron Valiant
|-resisted|p1a: Iron Valiant
|-damage|p1a: Iron Valiant|50/100
|move|p1a: Iron Valiant|Knock Off|p2a: Rillaboom
|-damage|p2a: Rillaboom|0 fnt
|-enditem|p2a: Rillaboom|Assault Vest|[from] move: Knock Off|[of] p1a: Iron Valiant
|faint|p2a: Rillaboom
|
|-heal|p1a: Iron Valiant|57/100|[from] Grassy Terrain
|upkeep
|
|t:|1758360987
|switch|p2a: Slowking|Slowking-Galar, M, tera:Water|43/100
|-damage|p2a: Slowking|31/100|[from] Stealth Rock
|-damage|p2a: Slowking|19/100|[from] Spikes
|turn|32
|
|t:|1758361009
|move|p1a: Iron Valiant|Knock Off|p2a: Slowking
|-damage|p2a: Slowking|0 fnt
|-enditem|p2a: Slowking|Assault Vest|[from] move: Knock Off|[of] p1a: Iron Valiant
|faint|p2a: Slowking
|
|win|Danxsh17
|raw|Danxsh17's rating: 1584 &rarr; <strong>1598</strong><br />(+14 for winning)
|raw|biryanilover's rating: 1473 &rarr; <strong>1459</strong><br />(-14 for losing)
|l|☆biryanilover
|player|p2|
|l|☆Danxsh17
|player|p1|
