|j|☆skidi2689
|j|☆Blackpandore
|t:|1758285545
|gametype|singles
|player|p1|skidi2689|169|1318
|player|p2|Blackpandore|170|1271
|gen|9
|tier|[Gen 9] OU
|rated|
|rule|HP Percentage Mod: HP is shown in percentages
|rule|Endless Battle Clause: Forcing endless battles is banned
|rule|Species Clause: Limit one of each Pokémon
|rule|OHKO Clause: OHKO moves are banned
|rule|Evasion Items Clause: Evasion items are banned
|rule|Evasion Moves Clause: Evasion moves are banned
|rule|Evasion Abilities Clause: Evasion abilities are banned
|rule|Sleep Moves Clause: Sleep-inducing moves are banned
|clearpoke
|poke|p1|Pelipper, M|
|poke|p1|Volcanion|
|poke|p1|Ribombee, F|
|poke|p1|Kyurem|
|poke|p1|Ogerpon-Wellspring, F|
|poke|p1|Gligar, M|
|poke|p2|Cloyster, F|
|poke|p2|Blissey, F|
|poke|p2|Gliscor, F|
|poke|p2|Iron Valiant|
|poke|p2|Lokix, M|
|poke|p2|Alomomola, F|
|teampreview
|inactive|Battle timer is ON: inactive players will automatically lose when time's up. (requested by Blackpandore)
|inactive|skidi2689 has 120 seconds left.
|
|t:|1758285597
|teamsize|p1|6
|teamsize|p2|6
|start
|switch|p1a: Kyurem|Kyurem|100/100
|switch|p2a: Cloyster|Cloyster, F|100/100
|-ability|p1a: Kyurem|Pressure
|turn|1
|
|t:|1758285606
|switch|p2a: Alomomola|Alomomola, F|100/100
|move|p1a: Kyurem|Dragon Dance|p1a: Kyurem
|-boost|p1a: Kyurem|atk|1
|-boost|p1a: Kyurem|spe|1
|
|upkeep
|turn|2
|
|t:|1758285613
|move|p1a: Kyurem|Protect|p1a: Kyurem
|-singleturn|p1a: Kyurem|Protect
|move|p2a: Alomomola|Scald|p1a: Kyurem
|-activate|p1a: Kyurem|move: Protect
|
|upkeep
|turn|3
|
|t:|1758285620
|move|p1a: Kyurem|Dragon Dance|p1a: Kyurem
|-boost|p1a: Kyurem|atk|1
|-boost|p1a: Kyurem|spe|1
|move|p2a: Alomomola|Scald|p1a: Kyurem
|-resisted|p1a: Kyurem
|-damage|p1a: Kyurem|94/100
|
|upkeep
|turn|4
|
|t:|1758285626
|move|p1a: Kyurem|Scale Shot|p2a: Alomomola
|-damage|p2a: Alomomola|83/100
|-damage|p2a: Alomomola|66/100
|-damage|p2a: Alomomola|50/100
|-damage|p2a: Alomomola|33/100
|-hitcount|p2a: Alomomola|4
|-unboost|p1a: Kyurem|def|1
|-boost|p1a: Kyurem|spe|1
|move|p2a: Alomomola|Scald|p1a: Kyurem
|-resisted|p1a: Kyurem
|-damage|p1a: Kyurem|88/100
|-status|p1a: Kyurem|brn
|
|-damage|p1a: Kyurem|82/100 brn|[from] brn
|upkeep
|turn|5
|
|t:|1758285641
|move|p1a: Kyurem|Dragon Dance|p1a: Kyurem
|-boost|p1a: Kyurem|atk|1
|-boost|p1a: Kyurem|spe|1
|move|p2a: Alomomola|Wish|p2a: Alomomola
|
|-damage|p1a: Kyurem|76/100 brn|[from] brn
|upkeep
|turn|6
|
|t:|1758285648
|move|p2a: Alomomola|Protect|p2a: Alomomola
|-singleturn|p2a: Alomomola|Protect
|move|p1a: Kyurem|Icicle Spear|p2a: Alomomola
|-activate|p2a: Alomomola|move: Protect
|
|-heal|p2a: Alomomola|83/100|[from] move: Wish|[wisher] Alomomola
|-damage|p1a: Kyurem|70/100 brn|[from] brn
|upkeep
|turn|7
|
|t:|1758285657
|move|p1a: Kyurem|Dragon Dance|p1a: Kyurem
|-boost|p1a: Kyurem|atk|1
|-boost|p1a: Kyurem|spe|1
|move|p2a: Alomomola|Flip Turn|p1a: Kyurem
|-resisted|p1a: Kyurem
|-damage|p1a: Kyurem|59/100 brn
|
|t:|1758285663
|switch|p2a: Cloyster|Cloyster, F|100/100|[from] Flip Turn
|
|-damage|p1a: Kyurem|53/100 brn|[from] brn
|upkeep
|turn|8
|
|t:|1758285668
|move|p1a: Kyurem|Scale Shot|p2a: Cloyster
|-crit|p2a: Cloyster
|-damage|p2a: Cloyster|75/100
|-damage|p2a: Cloyster|55/100
|-damage|p2a: Cloyster|37/100
|-damage|p2a: Cloyster|19/100
|-hitcount|p2a: Cloyster|4
|-unboost|p1a: Kyurem|def|1
|-boost|p1a: Kyurem|spe|1
|move|p2a: Cloyster|Shell Smash|p2a: Cloyster
|-unboost|p2a: Cloyster|def|1
|-unboost|p2a: Cloyster|spd|1
|-boost|p2a: Cloyster|atk|2
|-boost|p2a: Cloyster|spa|2
|-boost|p2a: Cloyster|spe|2
|-enditem|p2a: Cloyster|White Herb
|-clearnegativeboost|p2a: Cloyster|[silent]
|
|-damage|p1a: Kyurem|47/100 brn|[from] brn
|upkeep
|turn|9
|
|t:|1758285685
|move|p1a: Kyurem|Icicle Spear|p2a: Cloyster
|-resisted|p2a: Cloyster
|-damage|p2a: Cloyster|15/100
|-resisted|p2a: Cloyster
|-damage|p2a: Cloyster|10/100
|-resisted|p2a: Cloyster
|-damage|p2a: Cloyster|6/100
|-resisted|p2a: Cloyster
|-damage|p2a: Cloyster|1/100
|-hitcount|p2a: Cloyster|4
|move|p2a: Cloyster|Rock Blast|p1a: Kyurem
|-supereffective|p1a: Kyurem
|-damage|p1a: Kyurem|0 fnt
|faint|p1a: Kyurem
|-hitcount|p1: Kyurem|1
|
|upkeep
|
|t:|1758285697
|switch|p1a: Ribombee|Ribombee, F|100/100
|turn|10
|
|t:|1758285702
|move|p2a: Cloyster|Rock Blast|p1a: Ribombee
|-supereffective|p1a: Ribombee
|-damage|p1a: Ribombee|45/100
|-supereffective|p1a: Ribombee
|-damage|p1a: Ribombee|0 fnt
|faint|p1a: Ribombee
|-hitcount|p1: Ribombee|2
|
|upkeep
|
|t:|1758285706
|switch|p1a: Gligar|Gligar, M|100/100
|turn|11
|
|t:|1758285710
|move|p2a: Cloyster|Icicle Spear|p1a: Gligar
|-supereffective|p1a: Gligar
|-damage|p1a: Gligar|33/100
|-supereffective|p1a: Gligar
|-damage|p1a: Gligar|0 fnt
|faint|p1a: Gligar
|-hitcount|p1: Gligar|2
|
|upkeep
|
|t:|1758285713
|switch|p1a: Pelipper|Pelipper, M|100/100
|-weather|RainDance|[from] ability: Drizzle|[of] p1a: Pelipper
|turn|12
|
|t:|1758285718
|move|p2a: Cloyster|Rock Blast|p1a: Pelipper
|-supereffective|p1a: Pelipper
|-damage|p1a: Pelipper|58/100
|-supereffective|p1a: Pelipper
|-damage|p1a: Pelipper|17/100
|-supereffective|p1a: Pelipper
|-damage|p1a: Pelipper|0 fnt
|faint|p1a: Pelipper
|-hitcount|p1: Pelipper|3
|
|-weather|RainDance|[upkeep]
|upkeep
|
|t:|1758285721
|switch|p1a: Volcanion|Volcanion|100/100
|turn|13
|
|t:|1758285728
|move|p2a: Cloyster|Rock Blast|p1a: Volcanion
|-supereffective|p1a: Volcanion
|-damage|p1a: Volcanion|74/100
|-supereffective|p1a: Volcanion
|-damage|p1a: Volcanion|51/100
|-supereffective|p1a: Volcanion
|-damage|p1a: Volcanion|27/100
|-supereffective|p1a: Volcanion
|-damage|p1a: Volcanion|1/100
|-supereffective|p1a: Volcanion
|-damage|p1a: Volcanion|0 fnt
|faint|p1a: Volcanion
|-hitcount|p1: Volcanion|5
|
|-weather|RainDance|[upkeep]
|upkeep
|
|t:|1758285730
|switch|p1a: Ogerpon|Ogerpon-Wellspring, F|100/100
|turn|14
|
|t:|1758285740
|move|p2a: Cloyster|Icicle Spear|p1a: Ogerpon
|-damage|p1a: Ogerpon|67/100
|-damage|p1a: Ogerpon|35/100
|-damage|p1a: Ogerpon|3/100
|-damage|p1a: Ogerpon|0 fnt
|faint|p1a: Ogerpon
|-hitcount|p1: Ogerpon|4
|
|win|Blackpandore
|raw|skidi2689's rating: 1318 &rarr; <strong>1295</strong><br />(-23 for losing)
|raw|Blackpandore's rating: 1271 &rarr; <strong>1299</strong><br />(+28 for winning)
|l|☆skidi2689
|player|p1|
|l|☆Blackpandore
|player|p2|
