|j|☆MegaEuler
|j|☆ay cheu
|t:|1758369995
|gametype|singles
|player|p1|MegaEuler|266|1591
|player|p2|ay cheu|riley|1542
|gen|9
|tier|[Gen 9] OU
|rated|
|rule|HP Percentage Mod: HP is shown in percentages
|rule|Endless Battle Clause: Forcing endless battles is banned
|rule|Species Clause: Limit one of each Pokémon
|rule|OHKO Clause: OHKO moves are banned
|rule|Evasion Items Clause: Evasion items are banned
|rule|Evasion Moves Clause: Evasion moves are banned
|rule|Evasion Abilities Clause: Evasion abilities are banned
|rule|Sleep Moves Clause: Sleep-inducing moves are banned
|clearpoke
|poke|p1|Great Tusk|
|poke|p1|Rillaboom, F|
|poke|p1|Gholdengo|
|poke|p1|Slowbro, F|
|poke|p1|Heatran, F|
|poke|p1|Darkrai|
|poke|p2|Arcanine-Hisui, M|
|poke|p2|Zapdos-Galar|
|poke|p2|Metagross|
|poke|p2|Milotic, F|
|poke|p2|Venusaur, F|
|poke|p2|Sandy Shocks|
|teampreview
|inactive|Battle timer is ON: inactive players will automatically lose when time's up. (requested by ay cheu)
|
|t:|1758370002
|teamsize|p1|6
|teamsize|p2|6
|start
|switch|p1a: Great Tusk|Great Tusk|100/100
|switch|p2a: 火|Zapdos-Galar|100/100
|turn|1
|
|t:|1758370007
|-end|p1a: Great Tusk|Protosynthesis|[silent]
|switch|p1a: Slowbro|Slowbro, F|100/100
|move|p2a: 火|U-turn|p1a: Slowbro
|-supereffective|p1a: Slowbro
|-damage|p1a: Slowbro|73/100
|-damage|p2a: 火|84/100|[from] item: Rocky Helmet|[of] p1a: Slowbro
|
|t:|1758370013
|switch|p2a: Sandy Shocks|Sandy Shocks|100/100|[from] U-turn
|
|upkeep
|turn|2
|
|t:|1758370018
|switch|p1a: Rillaboom|Rillaboom, F|100/100
|-fieldstart|move: Grassy Terrain|[from] ability: Grassy Surge|[of] p1a: Rillaboom
|move|p2a: Sandy Shocks|Volt Switch|p1a: Rillaboom
|-resisted|p1a: Rillaboom
|-damage|p1a: Rillaboom|80/100
|-damage|p2a: Sandy Shocks|91/100|[from] item: Life Orb
|
|t:|1758370025
|-end|p2a: Sandy Shocks|Protosynthesis|[silent]
|switch|p2a: 灰灰|Arcanine-Hisui, M|100/100|[from] Volt Switch
|
|-heal|p1a: Rillaboom|86/100|[from] Grassy Terrain
|upkeep
|turn|3
|
|t:|1758370032
|switch|p1a: Slowbro|Slowbro, F|100/100
|-terastallize|p2a: 灰灰|Rock
|move|p2a: 灰灰|Head Smash|p1a: Slowbro
|-damage|p1a: Slowbro|13/100
|-damage|p2a: 灰灰|84/100|[from] item: Rocky Helmet|[of] p1a: Slowbro
|
|-heal|p2a: 灰灰|90/100|[from] Grassy Terrain
|-heal|p1a: Slowbro|19/100|[from] Grassy Terrain
|upkeep
|turn|4
|
|t:|1758370047
|switch|p2a: 火|Zapdos-Galar|84/100
|switch|p1a: Heatran|Heatran, F|100/100
|
|upkeep
|turn|5
|
|t:|1758370055
|switch|p1a: Gholdengo|Gholdengo|100/100
|move|p2a: 火|Close Combat|p1a: Gholdengo
|-immune|p1a: Gholdengo
|
|upkeep
|turn|6
|
|t:|1758370065
|switch|p2a: Milotic|Milotic, F, shiny|100/100
|move|p1a: Gholdengo|Shadow Ball|p2a: Milotic
|-damage|p2a: Milotic|69/100
|
|-heal|p2a: Milotic|75/100|[from] Grassy Terrain
|-heal|p2a: Milotic|81/100|[from] item: Leftovers
|-fieldend|move: Grassy Terrain
|upkeep
|turn|7
|
|t:|1758370083
|switch|p1a: Slowbro|Slowbro, F|52/100
|move|p2a: Milotic|Flip Turn|p1a: Slowbro
|-resisted|p1a: Slowbro
|-damage|p1a: Slowbro|48/100
|-damage|p2a: Milotic|64/100|[from] item: Rocky Helmet|[of] p1a: Slowbro
|
|t:|1758370086
|switch|p2a: 灰灰|Arcanine-Hisui, M, tera:Rock|90/100|[from] Flip Turn
|
|upkeep
|turn|8
|
|t:|1758370096
|switch|p1a: Gholdengo|Gholdengo|100/100
|move|p2a: 灰灰|Flare Blitz|p1a: Gholdengo
|-supereffective|p1a: Gholdengo
|-damage|p1a: Gholdengo|0 fnt
|faint|p1a: Gholdengo
|
|upkeep
|
|t:|1758370103
|switch|p1a: Rillaboom|Rillaboom, F|86/100
|-fieldstart|move: Grassy Terrain|[from] ability: Grassy Surge|[of] p1a: Rillaboom
|turn|9
|
|t:|1758370108
|switch|p2a: Venusaur|Venusaur, F|100/100
|move|p1a: Rillaboom|Wood Hammer|p2a: Venusaur
|-resisted|p2a: Venusaur
|-damage|p2a: Venusaur|74/100
|-damage|p1a: Rillaboom|77/100|[from] Recoil
|
|-heal|p1a: Rillaboom|83/100|[from] Grassy Terrain
|-heal|p2a: Venusaur|80/100|[from] Grassy Terrain
|upkeep
|turn|10
|
|t:|1758370117
|switch|p1a: Heatran|Heatran, F|100/100
|move|p2a: Venusaur|Sunny Day|p2a: Venusaur
|-weather|SunnyDay
|
|-weather|SunnyDay|[upkeep]
|-heal|p2a: Venusaur|86/100|[from] Grassy Terrain
|upkeep
|turn|11
|
|t:|1758370124
|switch|p2a: Sandy Shocks|Sandy Shocks|91/100
|-activate|p2a: Sandy Shocks|ability: Protosynthesis
|-start|p2a: Sandy Shocks|protosynthesisspe
|move|p1a: Heatran|Stealth Rock|p2a: Sandy Shocks
|-sidestart|p2: ay cheu|move: Stealth Rock
|
|-weather|SunnyDay|[upkeep]
|-heal|p2a: Sandy Shocks|97/100|[from] Grassy Terrain
|upkeep
|turn|12
|
|t:|1758370135
|move|p1a: Heatran|Protect|p1a: Heatran
|-singleturn|p1a: Heatran|Protect
|move|p2a: Sandy Shocks|Spikes|p1a: Heatran
|-sidestart|p1: MegaEuler|Spikes
|
|-weather|SunnyDay|[upkeep]
|-heal|p2a: Sandy Shocks|100/100|[from] Grassy Terrain
|upkeep
|turn|13
|
|t:|1758370141
|move|p2a: Sandy Shocks|Earth Power|p1a: Heatran
|-supereffective|p1a: Heatran
|-damage|p1a: Heatran|0 fnt
|faint|p1a: Heatran
|-damage|p2a: Sandy Shocks|91/100|[from] item: Life Orb
|
|-weather|SunnyDay|[upkeep]
|-heal|p2a: Sandy Shocks|97/100|[from] Grassy Terrain
|-fieldend|move: Grassy Terrain
|upkeep
|
|t:|1758370152
|switch|p1a: Rillaboom|Rillaboom, F|83/100
|-damage|p1a: Rillaboom|71/100|[from] Spikes
|-fieldstart|move: Grassy Terrain|[from] ability: Grassy Surge|[of] p1a: Rillaboom
|turn|14
|
|t:|1758370160
|-end|p2a: Sandy Shocks|Protosynthesis|[silent]
|switch|p2a: Venusaur|Venusaur, F|86/100
|move|p1a: Rillaboom|U-turn|p2a: Venusaur
|-damage|p2a: Venusaur|59/100
|
|t:|1758370166
|switch|p1a: Darkrai|Darkrai|100/100|[from] U-turn
|
|-weather|none
|-heal|p2a: Venusaur|65/100|[from] Grassy Terrain
|upkeep
|turn|15
|
|t:|1758370172
|move|p1a: Darkrai|Nasty Plot|p1a: Darkrai
|-boost|p1a: Darkrai|spa|2
|move|p2a: Venusaur|Sunny Day|p2a: Venusaur
|-weather|SunnyDay
|
|-weather|SunnyDay|[upkeep]
|-heal|p2a: Venusaur|71/100|[from] Grassy Terrain
|upkeep
|turn|16
|
|t:|1758370183
|move|p2a: Venusaur|Weather Ball|p1a: Darkrai
|-damage|p1a: Darkrai|59/100
|move|p1a: Darkrai|Ice Beam|p2a: Venusaur
|-supereffective|p2a: Venusaur
|-damage|p2a: Venusaur|0 fnt
|faint|p2a: Venusaur
|
|-weather|SunnyDay|[upkeep]
|-heal|p1a: Darkrai|65/100|[from] Grassy Terrain
|upkeep
|j| Qiiiii
|
|t:|1758370187
|switch|p2a: Sandy Shocks|Sandy Shocks|97/100
|-damage|p2a: Sandy Shocks|91/100|[from] Stealth Rock
|-activate|p2a: Sandy Shocks|ability: Protosynthesis
|-start|p2a: Sandy Shocks|protosynthesisspe
|turn|17
|
|t:|1758370207
|move|p2a: Sandy Shocks|Volt Switch|p1a: Darkrai
|-damage|p1a: Darkrai|9/100
|-damage|p2a: Sandy Shocks|81/100|[from] item: Life Orb
|
|t:|1758370214
|-end|p2a: Sandy Shocks|Protosynthesis|[silent]
|switch|p2a: Milotic|Milotic, F, shiny|64/100|[from] Volt Switch
|-damage|p2a: Milotic|52/100|[from] Stealth Rock
|move|p1a: Darkrai|Ice Beam|p2a: Milotic
|-resisted|p2a: Milotic
|-damage|p2a: Milotic|30/100
|
|-weather|SunnyDay|[upkeep]
|-heal|p1a: Darkrai|15/100|[from] Grassy Terrain
|-heal|p2a: Milotic|36/100|[from] Grassy Terrain
|-heal|p2a: Milotic|42/100|[from] item: Leftovers
|upkeep
|turn|18
|
|t:|1758370225
|move|p1a: Darkrai|Dark Pulse|p2a: Milotic
|-damage|p2a: Milotic|0 fnt
|faint|p2a: Milotic
|
|-weather|SunnyDay|[upkeep]
|-heal|p1a: Darkrai|21/100|[from] Grassy Terrain
|-fieldend|move: Grassy Terrain
|upkeep
|
|t:|1758370228
|switch|p2a: 火|Zapdos-Galar|84/100
|-damage|p2a: 火|72/100|[from] Stealth Rock
|turn|19
|
|t:|1758370236
|move|p2a: 火|Knock Off|p1a: Darkrai
|-resisted|p1a: Darkrai
|-damage|p1a: Darkrai|0 fnt
|-enditem|p1a: Darkrai|Heavy-Duty Boots|[from] move: Knock Off|[of] p2a: 火
|faint|p1a: Darkrai
|
|-weather|none
|upkeep
|
|t:|1758370243
|switch|p1a: Great Tusk|Great Tusk|100/100
|-damage|p1a: Great Tusk|88/100|[from] Spikes
|turn|20
|
|t:|1758370249
|switch|p2a: Metagross|Metagross, shiny|100/100
|-damage|p2a: Metagross|94/100|[from] Stealth Rock
|move|p1a: Great Tusk|Rapid Spin|p2a: Metagross
|-resisted|p2a: Metagross
|-damage|p2a: Metagross|89/100
|-boost|p1a: Great Tusk|spe|1
|-damage|p1a: Great Tusk|72/100|[from] item: Rocky Helmet|[of] p2a: Metagross
|-sideend|p1: MegaEuler|Spikes|[from] move: Rapid Spin|[of] p1a: Great Tusk
|
|upkeep
|turn|21
|
|t:|1758370259
|move|p1a: Great Tusk|High Horsepower|p2a: Metagross
|-supereffective|p2a: Metagross
|-damage|p2a: Metagross|27/100
|-damage|p1a: Great Tusk|55/100|[from] item: Rocky Helmet|[of] p2a: Metagross
|move|p2a: Metagross|Psychic Noise|p1a: Great Tusk
|-supereffective|p1a: Great Tusk
|-damage|p1a: Great Tusk|0 fnt
|faint|p1a: Great Tusk
|-end|p1a: Great Tusk|Protosynthesis|[silent]
|
|upkeep
|
|t:|1758370269
|switch|p1a: Slowbro|Slowbro, F|81/100
|turn|22
|
|t:|1758370273
|move|p2a: Metagross|Stealth Rock|p1a: Slowbro
|-sidestart|p1: MegaEuler|move: Stealth Rock
|move|p1a: Slowbro|Trick Room|p1a: Slowbro
|-fieldstart|move: Trick Room|[of] p1a: Slowbro
|
|upkeep
|turn|23
|
|t:|1758370277
|move|p1a: Slowbro|Scald|p2a: Metagross
|-damage|p2a: Metagross|1/100
|move|p2a: Metagross|Psychic Noise|p1a: Slowbro
|-resisted|p1a: Slowbro
|-damage|p1a: Slowbro|70/100
|-start|p1a: Slowbro|move: Heal Block
|
|upkeep
|turn|24
|
|t:|1758370285
|move|p1a: Slowbro|Scald|p2a: Metagross
|-damage|p2a: Metagross|0 fnt
|faint|p2a: Metagross
|
|-end|p1a: Slowbro|move: Heal Block
|upkeep
|
|t:|1758370292
|switch|p2a: Sandy Shocks|Sandy Shocks|81/100
|-damage|p2a: Sandy Shocks|74/100|[from] Stealth Rock
|turn|25
|
|t:|1758370305
|-terastallize|p1a: Slowbro|Water
|move|p1a: Slowbro|Scald|p2a: Sandy Shocks
|-supereffective|p2a: Sandy Shocks
|-damage|p2a: Sandy Shocks|0 fnt
|faint|p2a: Sandy Shocks
|-end|p2a: Sandy Shocks|Protosynthesis|[silent]
|
|upkeep
|
|t:|1758370313
|switch|p2a: 火|Zapdos-Galar|72/100
|-damage|p2a: 火|59/100|[from] Stealth Rock
|turn|26
|
|t:|1758370320
|move|p1a: Slowbro|Slack Off|p1a: Slowbro
|-heal|p1a: Slowbro|100/100
|move|p2a: 火|U-turn|p1a: Slowbro
|-damage|p1a: Slowbro|87/100
|-damage|p2a: 火|43/100|[from] item: Rocky Helmet|[of] p1a: Slowbro
|
|t:|1758370322
|switch|p2a: 灰灰|Arcanine-Hisui, M, tera:Rock|90/100|[from] U-turn
|-damage|p2a: 灰灰|78/100|[from] Stealth Rock
|
|-fieldend|move: Trick Room
|upkeep
|turn|27
|
|t:|1758370331
|move|p2a: 灰灰|Head Smash|p1a: Slowbro|[miss]
|-miss|p2a: 灰灰|p1a: Slowbro
|move|p1a: Slowbro|Trick Room|p1a: Slowbro
|-fieldstart|move: Trick Room|[of] p1a: Slowbro
|
|upkeep
|turn|28
|-message|ay cheu forfeited.
|
|win|MegaEuler
|raw|MegaEuler's rating: 1591 &rarr; <strong>1608</strong><br />(+17 for winning)
|raw|ay cheu's rating: 1542 &rarr; <strong>1525</strong><br />(-17 for losing)
|l|☆ay cheu
|player|p2|
|l| Qiiiii
|l|☆MegaEuler
|player|p1|
