|j|☆vywxiwjxjwk
|j|☆NeWtOx15
|t:|1758267136
|gametype|singles
|player|p1|vywxiwjxjwk|n|1400
|player|p2|NeWtOx15|roughneck|1350
|gen|9
|tier|[Gen 9] OU
|rated|
|rule|HP Percentage Mod: HP is shown in percentages
|rule|Endless Battle Clause: Forcing endless battles is banned
|rule|Species Clause: Limit one of each Pokémon
|rule|OHKO Clause: OHKO moves are banned
|rule|Evasion Items Clause: Evasion items are banned
|rule|Evasion Moves Clause: Evasion moves are banned
|rule|Evasion Abilities Clause: Evasion abilities are banned
|rule|Sleep Moves Clause: Sleep-inducing moves are banned
|clearpoke
|poke|p1|Samurott-Hisui, M|
|poke|p1|Great Tusk|
|poke|p1|Volcanion|
|poke|p1|Hydrapple, M|
|poke|p1|Gholdengo|
|poke|p1|Landorus-Therian, M|
|poke|p2|Tyranitar, F|
|poke|p2|Excadrill, M|
|poke|p2|Keldeo-Resolute|
|poke|p2|Latios, M|
|poke|p2|Heatran, M|
|poke|p2|Rotom-Wash|
|teampreview
|inactive|Battle timer is ON: inactive players will automatically lose when time's up. (requested by vywxiwjxjwk)
|
|t:|1758267147
|teamsize|p1|6
|teamsize|p2|6
|start
|switch|p1a: Great Mustache|Landorus-Therian, M|100/100
|switch|p2a: Rotom|Rotom-Wash, shiny|100/100
|-ability|p1a: Great Mustache|Intimidate|boost
|-unboost|p2a: Rotom|atk|1
|turn|1
|
|t:|1758267154
|move|p1a: Great Mustache|U-turn|p2a: Rotom
|-damage|p2a: Rotom|77/100
|-damage|p1a: Great Mustache|84/100|[from] item: Rocky Helmet|[of] p2a: Rotom
|
|t:|1758267160
|switch|p1a: The Fickle Heart|Hydrapple, M|100/100|[from] U-turn
|move|p2a: Rotom|Hydro Pump|p1a: The Fickle Heart|[miss]
|-miss|p2a: Rotom|p1a: The Fickle Heart
|
|upkeep
|turn|2
|
|t:|1758267168
|move|p2a: Rotom|Volt Switch|p1a: The Fickle Heart
|-resisted|p1a: The Fickle Heart
|-damage|p1a: The Fickle Heart|94/100
|
|t:|1758267175
|switch|p2a: Heatran|Heatran, M, shiny|100/100|[from] Volt Switch
|move|p1a: The Fickle Heart|Fickle Beam|p2a: Heatran
|-resisted|p2a: Heatran
|-damage|p2a: Heatran|90/100
|
|-heal|p2a: Heatran|96/100|[from] item: Leftovers
|upkeep
|turn|3
|
|t:|1758267183
|move|p2a: Heatran|Magma Storm|p1a: The Fickle Heart
|-damage|p1a: The Fickle Heart|47/100
|-activate|p1a: The Fickle Heart|move: Magma Storm|[of] p2a: Heatran
|move|p1a: The Fickle Heart|Earth Power|p2a: Heatran
|-supereffective|p2a: Heatran
|-damage|p2a: Heatran|33/100
|
|-heal|p2a: Heatran|39/100|[from] item: Leftovers
|-damage|p1a: The Fickle Heart|34/100|[from] move: Magma Storm|[partiallytrapped]
|upkeep
|turn|4
|
|t:|1758267193
|move|p2a: Heatran|Magma Storm|p1a: The Fickle Heart|[miss]
|-miss|p2a: Heatran|p1a: The Fickle Heart
|move|p1a: The Fickle Heart|Earth Power|p2a: Heatran
|-supereffective|p2a: Heatran
|-damage|p2a: Heatran|0 fnt
|faint|p2a: Heatran
|
|-end|p1a: The Fickle Heart|Magma Storm|[partiallytrapped]|[silent]
|upkeep
|
|t:|1758267202
|switch|p2a: Latios|Latios, M, shiny|100/100
|turn|5
|
|t:|1758267222
|switch|p1a: The Last Ronin|Samurott-Hisui, M|100/100
|move|p2a: Latios|Draco Meteor|p1a: The Last Ronin
|-damage|p1a: The Last Ronin|47/100
|-unboost|p2a: Latios|spa|2
|
|upkeep
|turn|6
|
|t:|1758267231
|switch|p2a: Keldeo|Keldeo-Resolute, shiny|100/100
|move|p1a: The Last Ronin|Knock Off|p2a: Keldeo
|-resisted|p2a: Keldeo
|-damage|p2a: Keldeo|75/100
|-ability|p2a: Keldeo|Justified|boost
|-boost|p2a: Keldeo|atk|1
|-enditem|p2a: Keldeo|Choice Specs|[from] move: Knock Off|[of] p1a: The Last Ronin
|
|upkeep
|turn|7
|
|t:|1758267241
|switch|p1a: Erupting Star|Volcanion|100/100
|move|p2a: Keldeo|Secret Sword|p1a: Erupting Star
|-damage|p1a: Erupting Star|64/100
|
|upkeep
|turn|8
|
|t:|1758267250
|switch|p2a: Tyranitar|Tyranitar, F, shiny|100/100
|-weather|Sandstorm|[from] ability: Sand Stream|[of] p2a: Tyranitar
|move|p1a: Erupting Star|Steam Eruption|p2a: Tyranitar
|-supereffective|p2a: Tyranitar
|-damage|p2a: Tyranitar|70/100
|-status|p2a: Tyranitar|brn
|
|-weather|Sandstorm|[upkeep]
|-damage|p1a: Erupting Star|58/100|[from] Sandstorm
|-damage|p2a: Tyranitar|64/100 brn|[from] brn
|upkeep
|turn|9
|
|t:|1758267263
|switch|p1a: King Tusk|Great Tusk|100/100
|move|p2a: Tyranitar|Knock Off|p1a: King Tusk
|-resisted|p1a: King Tusk
|-damage|p1a: King Tusk|93/100
|-enditem|p1a: King Tusk|Heavy-Duty Boots|[from] move: Knock Off|[of] p2a: Tyranitar
|
|-weather|Sandstorm|[upkeep]
|-damage|p2a: Tyranitar|58/100 brn|[from] brn
|upkeep
|turn|10
|
|t:|1758267279
|switch|p2a: Latios|Latios, M, shiny|100/100
|move|p1a: King Tusk|Stealth Rock|p2a: Latios
|-sidestart|p2: NeWtOx15|move: Stealth Rock
|
|-weather|Sandstorm|[upkeep]
|-damage|p2a: Latios|95/100|[from] Sandstorm
|upkeep
|turn|11
|
|t:|1758267295
|-end|p1a: King Tusk|Protosynthesis|[silent]
|switch|p1a: The Last Ronin|Samurott-Hisui, M|47/100
|move|p2a: Latios|Luster Purge|p1a: The Last Ronin
|-immune|p1a: The Last Ronin
|
|-weather|Sandstorm|[upkeep]
|-damage|p2a: Latios|89/100|[from] Sandstorm
|-damage|p1a: The Last Ronin|41/100|[from] Sandstorm
|upkeep
|turn|12
|-message|NeWtOx15 forfeited.
|
|win|vywxiwjxjwk
|raw|vywxiwjxjwk's rating: 1400 &rarr; <strong>1417</strong><br />(+17 for winning)
|raw|NeWtOx15's rating: 1350 &rarr; <strong>1333</strong><br />(-17 for losing)
|l|☆NeWtOx15
|player|p2|
