|j|‽Chahess03
|j|☆YourlocalLoser72
|t:|1758347660
|gametype|singles
|player|p1|Chahess03|265|1131
|player|p2|YourlocalLoser72|crasherwake|1189
|gen|9
|tier|[Gen 9] OU
|rated|
|rule|HP Percentage Mod: HP is shown in percentages
|rule|Endless Battle Clause: Forcing endless battles is banned
|rule|Species Clause: Limit one of each Pokémon
|rule|OHKO Clause: OHKO moves are banned
|rule|Evasion Items Clause: Evasion items are banned
|rule|Evasion Moves Clause: Evasion moves are banned
|rule|Evasion Abilities Clause: Evasion abilities are banned
|rule|Sleep Moves Clause: Sleep-inducing moves are banned
|clearpoke
|poke|p1|Flamigo, M|
|poke|p1|Dodrio, M|
|poke|p1|Zapdos-Galar|
|poke|p1|Hitmonlee, M|
|poke|p1|Tsareena, F|
|poke|p1|Iron Valiant|
|poke|p2|Zamazenta-*|
|poke|p2|Ogerpon-Wellspring, F|
|poke|p2|Landorus-Therian, M|
|poke|p2|Raging Bolt|
|poke|p2|Kingambit, M|
|poke|p2|Hatterene, F|
|teampreview
|inactive|Battle timer is ON: inactive players will automatically lose when time's up. (requested by YourlocalLoser72)
|
|t:|1758347672
|teamsize|p1|6
|teamsize|p2|6
|start
|switch|p1a: Zapdos|Zapdos-Galar|100/100
|switch|p2a: Ground Man|Landorus-Therian, M|100/100
|-ability|p2a: Ground Man|Intimidate|boost
|-unboost|p1a: Zapdos|atk|1
|-ability|p1a: Zapdos|Defiant|boost
|-boost|p1a: Zapdos|atk|2
|turn|1
|
|t:|1758347685
|move|p1a: Zapdos|Thunderous Kick|p2a: Ground Man
|-resisted|p2a: Ground Man
|-damage|p2a: Ground Man|67/100
|-unboost|p2a: Ground Man|def|1
|-damage|p1a: Zapdos|84/100|[from] item: Rocky Helmet|[of] p2a: Ground Man
|move|p2a: Ground Man|Taunt|p1a: Zapdos
|-start|p1a: Zapdos|move: Taunt
|
|upkeep
|turn|2
|
|t:|1758347691
|move|p1a: Zapdos|Thunderous Kick|p2a: Ground Man
|-resisted|p2a: Ground Man
|-damage|p2a: Ground Man|10/100
|-unboost|p2a: Ground Man|def|1
|-damage|p1a: Zapdos|67/100|[from] item: Rocky Helmet|[of] p2a: Ground Man
|move|p2a: Ground Man|Stealth Rock|p1a: Zapdos
|-sidestart|p1: Chahess03|move: Stealth Rock
|
|upkeep
|turn|3
|
|t:|1758347710
|move|p1a: Zapdos|Thunderous Kick|p2a: Ground Man
|-resisted|p2a: Ground Man
|-damage|p2a: Ground Man|0 fnt
|-damage|p1a: Zapdos|51/100|[from] item: Rocky Helmet|[of] p2a: Ground Man
|faint|p2a: Ground Man
|
|upkeep
|
|t:|1758347712
|switch|p2a: Hat Kid|Hatterene, F|100/100
|turn|4
|
|t:|1758347721
|switch|p1a: Tsareena|Tsareena, F|100/100
|move|p2a: Hat Kid|Draining Kiss|p1a: Tsareena
|-damage|p1a: Tsareena|67/100
|
|upkeep
|turn|5
|
|t:|1758347727
|move|p1a: Tsareena|Rapid Spin|p2a: Hat Kid
|-damage|p2a: Hat Kid|82/100
|-boost|p1a: Tsareena|spe|1
|-sideend|p1: Chahess03|Stealth Rock|[from] move: Rapid Spin|[of] p1a: Tsareena
|move|p2a: Hat Kid|Nuzzle|p1a: Tsareena
|-resisted|p1a: Tsareena
|-damage|p1a: Tsareena|64/100
|-status|p1a: Tsareena|par
|
|upkeep
|turn|6
|
|t:|1758347733
|move|p1a: Tsareena|Knock Off|p2a: Hat Kid
|-damage|p2a: Hat Kid|42/100
|-enditem|p2a: Hat Kid|Assault Vest|[from] move: Knock Off|[of] p1a: Tsareena
|move|p2a: Hat Kid|Draining Kiss|p1a: Tsareena
|-damage|p1a: Tsareena|32/100 par
|-heal|p2a: Hat Kid|64/100|[from] drain|[of] p1a: Tsareena
|
|upkeep
|turn|7
|
|t:|1758347743
|move|p1a: Tsareena|Trop Kick|p2a: Hat Kid
|-damage|p2a: Hat Kid|24/100
|-unboost|p2a: Hat Kid|atk|1
|move|p2a: Hat Kid|Draining Kiss|p1a: Tsareena
|-damage|p1a: Tsareena|0 fnt
|-heal|p2a: Hat Kid|45/100|[from] drain|[of] p1a: Tsareena
|faint|p1a: Tsareena
|
|upkeep
|
|t:|1758347754
|switch|p1a: Dodrio|Dodrio, M|100/100
|turn|8
|
|t:|1758347758
|move|p1a: Dodrio|Thrash|p2a: Hat Kid
|-damage|p2a: Hat Kid|0 fnt
|faint|p2a: Hat Kid
|
|upkeep
|
|t:|1758347770
|switch|p2a: Good Boy|Zamazenta|100/100
|-ability|p2a: Good Boy|Dauntless Shield|boost
|-boost|p2a: Good Boy|def|1
|turn|9
|
|t:|1758347773
|move|p2a: Good Boy|Iron Defense|p2a: Good Boy
|-boost|p2a: Good Boy|def|2
|move|p1a: Dodrio|Thrash|p2a: Good Boy|[from] lockedmove
|-damage|p2a: Good Boy|83/100
|
|-heal|p2a: Good Boy|90/100|[from] item: Leftovers
|upkeep
|turn|10
|
|t:|1758347776
|move|p2a: Good Boy|Iron Defense|p2a: Good Boy
|-boost|p2a: Good Boy|def|2
|move|p1a: Dodrio|Thrash|p2a: Good Boy|[from] lockedmove
|-damage|p2a: Good Boy|79/100
|-start|p1a: Dodrio|confusion|[fatigue]
|
|-heal|p2a: Good Boy|85/100|[from] item: Leftovers
|upkeep
|turn|11
|
|t:|1758347779
|move|p2a: Good Boy|Body Press|p1a: Dodrio
|-enditem|p1a: Dodrio|Focus Sash
|-damage|p1a: Dodrio|1/100
|-activate|p1a: Dodrio|confusion
|move|p1a: Dodrio|Tailwind|p1a: Dodrio
|-sidestart|p1: Chahess03|move: Tailwind
|
|-heal|p2a: Good Boy|91/100|[from] item: Leftovers
|upkeep
|turn|12
|
|t:|1758347812
|-activate|p1a: Dodrio|confusion
|move|p1a: Dodrio|Low Kick|p2a: Good Boy
|-damage|p2a: Good Boy|83/100
|move|p2a: Good Boy|Body Press|p1a: Dodrio
|-damage|p1a: Dodrio|0 fnt
|faint|p1a: Dodrio
|
|-heal|p2a: Good Boy|89/100|[from] item: Leftovers
|upkeep
|
|t:|1758347818
|switch|p1a: Iron Valiant|Iron Valiant|100/100
|-enditem|p1a: Iron Valiant|Booster Energy
|-activate|p1a: Iron Valiant|ability: Quark Drive|[fromitem]
|-start|p1a: Iron Valiant|quarkdrivespe
|turn|13
|
|t:|1758347824
|-terastallize|p2a: Good Boy|Fire
|move|p1a: Iron Valiant|Calm Mind|p1a: Iron Valiant
|-boost|p1a: Iron Valiant|spa|1
|-boost|p1a: Iron Valiant|spd|1
|move|p2a: Good Boy|Body Press|p1a: Iron Valiant
|-resisted|p1a: Iron Valiant
|-damage|p1a: Iron Valiant|27/100
|
|-heal|p2a: Good Boy|95/100|[from] item: Leftovers
|upkeep
|turn|14
|
|t:|1758347841
|move|p1a: Iron Valiant|Moonblast|p2a: Good Boy
|-resisted|p2a: Good Boy
|-damage|p2a: Good Boy|69/100
|-unboost|p2a: Good Boy|spa|1
|move|p2a: Good Boy|Body Press|p1a: Iron Valiant
|-resisted|p1a: Iron Valiant
|-damage|p1a: Iron Valiant|0 fnt
|faint|p1a: Iron Valiant
|-end|p1a: Iron Valiant|Quark Drive|[silent]
|
|-heal|p2a: Good Boy|75/100|[from] item: Leftovers
|-sideend|p1: Chahess03|move: Tailwind
|upkeep
|
|t:|1758347858
|switch|p1a: Zapdos|Zapdos-Galar|51/100
|turn|15
|
|t:|1758347862
|move|p1a: Zapdos|Thunderous Kick|p2a: Good Boy
|-damage|p2a: Good Boy|65/100
|-unboost|p2a: Good Boy|def|1
|move|p2a: Good Boy|Body Press|p1a: Zapdos
|-resisted|p1a: Zapdos
|-damage|p1a: Zapdos|0 fnt
|faint|p1a: Zapdos
|
|-heal|p2a: Good Boy|71/100|[from] item: Leftovers
|upkeep
|
|t:|1758347865
|switch|p1a: Flamigo|Flamigo, M|100/100
|turn|16
|
|t:|1758347872
|move|p1a: Flamigo|Close Combat|p2a: Good Boy
|-damage|p2a: Good Boy|58/100
|-unboost|p1a: Flamigo|def|1
|-unboost|p1a: Flamigo|spd|1
|move|p2a: Good Boy|Iron Defense|p2a: Good Boy
|-boost|p2a: Good Boy|def|2
|
|-heal|p2a: Good Boy|64/100|[from] item: Leftovers
|upkeep
|turn|17
|
|t:|1758347879
|move|p1a: Flamigo|Close Combat|p2a: Good Boy
|-damage|p2a: Good Boy|54/100
|-unboost|p1a: Flamigo|def|1
|-unboost|p1a: Flamigo|spd|1
|move|p2a: Good Boy|Body Press|p1a: Flamigo
|-resisted|p1a: Flamigo
|-damage|p1a: Flamigo|0 fnt
|faint|p1a: Flamigo
|
|-heal|p2a: Good Boy|60/100|[from] item: Leftovers
|upkeep
|
|t:|1758347881
|switch|p1a: Hitmonlee|Hitmonlee, M|100/100
|turn|18
|
|t:|1758347883
|move|p1a: Hitmonlee|Fake Out|p2a: Good Boy
|-enditem|p1a: Hitmonlee|Normal Gem|[from] gem
|-damage|p2a: Good Boy|56/100
|cant|p2a: Good Boy|flinch
|
|-heal|p2a: Good Boy|63/100|[from] item: Leftovers
|upkeep
|turn|19
|
|t:|1758347887
|move|p1a: Hitmonlee|Earthquake|p2a: Good Boy
|-supereffective|p2a: Good Boy
|-damage|p2a: Good Boy|49/100
|move|p2a: Good Boy|Body Press|p1a: Hitmonlee
|-damage|p1a: Hitmonlee|0 fnt
|faint|p1a: Hitmonlee
|
|win|YourlocalLoser72
|raw|Chahess03's rating: 1131 &rarr; <strong>1110</strong><br />(-21 for losing)
|raw|YourlocalLoser72's rating: 1189 &rarr; <strong>1210</strong><br />(+21 for winning)
|l|‽Chahess03
|player|p1|
|l|☆YourlocalLoser72
|player|p2|
