|j|☆GruesomeLovelies
|j|☆findmyhair
|t:|1758346800
|gametype|singles
|player|p1|GruesomeLovelies|whitney|
|player|p2|findmyhair|acetrainercouple|
|gen|9
|tier|[Gen 9] OU
|rule|HP Percentage Mod: HP is shown in percentages
|rule|Endless Battle Clause: Forcing endless battles is banned
|rule|Species Clause: Limit one of each Pokémon
|rule|OHKO Clause: OHKO moves are banned
|rule|Evasion Items Clause: Evasion items are banned
|rule|Evasion Moves Clause: Evasion moves are banned
|rule|Evasion Abilities Clause: Evasion abilities are banned
|rule|Sleep Moves Clause: Sleep-inducing moves are banned
|clearpoke
|poke|p1|Kyurem|
|poke|p1|Scream Tail|
|poke|p1|Pecharunt|
|poke|p1|Walking Wake|
|poke|p1|Volcanion|
|poke|p1|Whimsicott, M|
|poke|p2|Hitmonlee, M|
|poke|p2|Hitmontop, M|
|poke|p2|Hitmonchan, M|
|poke|p2|Landorus-Therian, M|
|poke|p2|Gholdengo|
|poke|p2|Dragapult, M|
|teampreview
|inactive|Battle timer is ON: inactive players will automatically lose when time's up. (requested by findmyhair)
|
|t:|1758346809
|teamsize|p1|6
|teamsize|p2|6
|start
|switch|p1a: Whimsicott|Whimsicott, M, shiny|100/100
|switch|p2a: Landorus|Landorus-Therian, M|100/100
|-ability|p2a: Landorus|Intimidate|boost
|-unboost|p1a: Whimsicott|atk|1
|turn|1
|
|t:|1758346841
|move|p1a: Whimsicott|Stun Spore|p2a: Landorus|[miss]
|-miss|p1a: Whimsicott|p2a: Landorus
|move|p2a: Landorus|Stealth Rock|p1a: Whimsicott
|-sidestart|p1: GruesomeLovelies|move: Stealth Rock
|
|upkeep
|turn|2
|inactive|findmyhair has 270 seconds left.
|inactive|findmyhair has 240 seconds left.
|
|t:|1758346896
|move|p1a: Whimsicott|Stun Spore|p2a: Landorus|[miss]
|-miss|p1a: Whimsicott|p2a: Landorus
|move|p2a: Landorus|U-turn|p1a: Whimsicott
|-damage|p1a: Whimsicott|72/100
|
|t:|1758346901
|switch|p2a: Gholdengo|Gholdengo|100/100|[from] U-turn
|
|-heal|p1a: Whimsicott|78/100|[from] item: Leftovers
|upkeep
|turn|3
|inactive|findmyhair has 240 seconds left.
|
|t:|1758346907
|move|p1a: Whimsicott|Stun Spore|p2a: Gholdengo
|-immune|p2a: Gholdengo|[from] ability: Good as Gold
|move|p2a: Gholdengo|Make It Rain|p1a: Whimsicott
|-supereffective|p1a: Whimsicott
|-damage|p1a: Whimsicott|0 fnt
|-unboost|p2a: Gholdengo|spa|1
|faint|p1a: Whimsicott
|
|upkeep
|
|t:|1758346928
|switch|p1a: Volcanion|Volcanion|100/100
|-damage|p1a: Volcanion|76/100|[from] Stealth Rock
|turn|4
|
|t:|1758346937
|switch|p2a: Landorus|Landorus-Therian, M|100/100
|-ability|p2a: Landorus|Intimidate|boost
|-unboost|p1a: Volcanion|atk|1
|move|p1a: Volcanion|Flame Charge|p2a: Landorus
|-damage|p2a: Landorus|91/100
|-boost|p1a: Volcanion|spe|1
|-damage|p1a: Volcanion|59/100|[from] item: Rocky Helmet|[of] p2a: Landorus
|
|upkeep
|turn|5
|
|t:|1758346947
|-terastallize|p2a: Landorus|Water
|move|p1a: Volcanion|Steam Eruption|p2a: Landorus
|-resisted|p2a: Landorus
|-damage|p2a: Landorus|59/100
|move|p2a: Landorus|Earthquake|p1a: Volcanion
|-supereffective|p1a: Volcanion
|-damage|p1a: Volcanion|0 fnt
|faint|p1a: Volcanion
|
|upkeep
|
|t:|1758346962
|switch|p1a: Pecharunt|Pecharunt|100/100
|-damage|p1a: Pecharunt|88/100|[from] Stealth Rock
|turn|6
|
|t:|1758346966
|move|p1a: Pecharunt|Substitute|p1a: Pecharunt
|-start|p1a: Pecharunt|Substitute
|-damage|p1a: Pecharunt|63/100
|move|p2a: Landorus|Earthquake|p1a: Pecharunt
|-supereffective|p1a: Pecharunt
|-crit|p1a: Pecharunt
|-end|p1a: Pecharunt|Substitute
|
|-heal|p1a: Pecharunt|69/100|[from] item: Black Sludge
|upkeep
|turn|7
|
|t:|1758346973
|move|p1a: Pecharunt|Toxic|p2a: Landorus
|-status|p2a: Landorus|tox
|-start|p2a: Landorus|confusion|[from] ability: Poison Puppeteer|[of] p1a: Pecharunt
|-activate|p2a: Landorus|confusion
|move|p2a: Landorus|Earthquake|p1a: Pecharunt
|-supereffective|p1a: Pecharunt
|-damage|p1a: Pecharunt|0 fnt
|faint|p1a: Pecharunt
|
|-damage|p2a: Landorus|53/100 tox|[from] psn
|upkeep
|
|t:|1758346984
|switch|p1a: Kyurem|Kyurem, shiny|100/100
|-damage|p1a: Kyurem|76/100|[from] Stealth Rock
|-ability|p1a: Kyurem|Pressure
|turn|8
|
|t:|1758347000
|move|p1a: Kyurem|Draco Meteor|p2a: Landorus
|-damage|p2a: Landorus|0 fnt
|-unboost|p1a: Kyurem|spa|2
|faint|p2a: Landorus
|
|-heal|p1a: Kyurem|82/100|[from] item: Leftovers
|upkeep
|
|t:|1758347009
|switch|p2a: Gholdengo|Gholdengo|100/100
|turn|9
|
|t:|1758347018
|move|p1a: Kyurem|Icy Wind|p2a: Gholdengo
|-resisted|p2a: Gholdengo
|-damage|p2a: Gholdengo|92/100
|-unboost|p2a: Gholdengo|spe|1
|move|p2a: Gholdengo|Make It Rain|p1a: Kyurem
|-supereffective|p1a: Kyurem
|-damage|p1a: Kyurem|0 fnt
|-unboost|p2a: Gholdengo|spa|1
|faint|p1a: Kyurem
|
|-heal|p2a: Gholdengo|98/100|[from] item: Leftovers
|upkeep
|
|t:|1758347031
|switch|p1a: Walking Wake|Walking Wake|100/100
|-damage|p1a: Walking Wake|88/100|[from] Stealth Rock
|-enditem|p1a: Walking Wake|Booster Energy
|-activate|p1a: Walking Wake|ability: Protosynthesis|[fromitem]
|-start|p1a: Walking Wake|protosynthesisspa
|turn|10
|inactive|findmyhair has 270 seconds left.
|
|t:|1758347069
|switch|p2a: Hitmonchan|Hitmonchan, M|100/100
|move|p1a: Walking Wake|Flamethrower|p2a: Hitmonchan
|-damage|p2a: Hitmonchan|66/100
|
|upkeep
|turn|11
|inactive|findmyhair has 270 seconds left.
|
|t:|1758347092
|move|p1a: Walking Wake|Flamethrower|p2a: Hitmonchan
|-damage|p2a: Hitmonchan|34/100
|move|p2a: Hitmonchan|Drain Punch|p1a: Walking Wake
|-damage|p1a: Walking Wake|38/100
|-heal|p2a: Hitmonchan|69/100|[from] drain|[of] p1a: Walking Wake
|
|upkeep
|turn|12
|
|t:|1758347102
|-end|p1a: Walking Wake|Protosynthesis|[silent]
|switch|p1a: Scream Tail|Scream Tail|100/100
|-damage|p1a: Scream Tail|88/100|[from] Stealth Rock
|-enditem|p1a: Scream Tail|Booster Energy
|-activate|p1a: Scream Tail|ability: Protosynthesis|[fromitem]
|-start|p1a: Scream Tail|protosynthesisdef
|move|p2a: Hitmonchan|Drain Punch|p1a: Scream Tail
|-resisted|p1a: Scream Tail
|-damage|p1a: Scream Tail|83/100
|-heal|p2a: Hitmonchan|74/100|[from] drain|[of] p1a: Scream Tail
|
|upkeep
|turn|13
|
|t:|1758347118
|move|p1a: Scream Tail|Light Screen|p1a: Scream Tail
|-sidestart|p1: GruesomeLovelies|move: Light Screen
|move|p2a: Hitmonchan|Thunder Punch|p1a: Scream Tail
|-damage|p1a: Scream Tail|69/100
|
|upkeep
|turn|14
|
|t:|1758347123
|move|p1a: Scream Tail|Stealth Rock|p2a: Hitmonchan
|-sidestart|p2: findmyhair|move: Stealth Rock
|move|p2a: Hitmonchan|Ice Punch|p1a: Scream Tail
|-damage|p1a: Scream Tail|55/100
|
|upkeep
|turn|15
|inactive|findmyhair has 270 seconds left.
|
|t:|1758347136
|switch|p2a: Gholdengo|Gholdengo|98/100
|-damage|p2a: Gholdengo|92/100|[from] Stealth Rock
|move|p1a: Scream Tail|Play Rough|p2a: Gholdengo
|-resisted|p2a: Gholdengo
|-damage|p2a: Gholdengo|81/100
|
|-heal|p2a: Gholdengo|87/100|[from] item: Leftovers
|upkeep
|turn|16
|inactive|findmyhair has 270 seconds left.
|
|t:|1758347146
|-end|p1a: Scream Tail|Protosynthesis|[silent]
|switch|p1a: Walking Wake|Walking Wake|38/100
|-damage|p1a: Walking Wake|25/100|[from] Stealth Rock
|move|p2a: Gholdengo|Make It Rain|p1a: Walking Wake
|-resisted|p1a: Walking Wake
|-damage|p1a: Walking Wake|6/100
|-unboost|p2a: Gholdengo|spa|1
|
|-heal|p2a: Gholdengo|94/100|[from] item: Leftovers
|upkeep
|turn|17
|
|t:|1758347156
|switch|p2a: Hitmonchan|Hitmonchan, M|74/100
|-damage|p2a: Hitmonchan|68/100|[from] Stealth Rock
|move|p1a: Walking Wake|Flamethrower|p2a: Hitmonchan
|-damage|p2a: Hitmonchan|42/100
|
|-sideend|p1: GruesomeLovelies|move: Light Screen
|upkeep
|turn|18
|
|t:|1758347173
|move|p2a: Hitmonchan|Mach Punch|p1a: Walking Wake
|-damage|p1a: Walking Wake|0 fnt
|faint|p1a: Walking Wake
|-end|p1a: Walking Wake|Protosynthesis|[silent]
|
|upkeep
|
|t:|1758347175
|switch|p1a: Scream Tail|Scream Tail|55/100
|-damage|p1a: Scream Tail|43/100|[from] Stealth Rock
|turn|19
|
|t:|1758347181
|move|p1a: Scream Tail|Play Rough|p2a: Hitmonchan
|-supereffective|p2a: Hitmonchan
|-damage|p2a: Hitmonchan|0 fnt
|faint|p2a: Hitmonchan
|
|upkeep
|
|t:|1758347190
|switch|p2a: Gholdengo|Gholdengo|94/100
|-damage|p2a: Gholdengo|87/100|[from] Stealth Rock
|turn|20
|
|t:|1758347200
|move|p2a: Gholdengo|Make It Rain|p1a: Scream Tail
|-supereffective|p1a: Scream Tail
|-damage|p1a: Scream Tail|0 fnt
|-unboost|p2a: Gholdengo|spa|1
|faint|p1a: Scream Tail
|-end|p1a: Scream Tail|Protosynthesis|[silent]
|
|win|findmyhair
|l|☆GruesomeLovelies
|player|p1|
