|j|☆pbjojo
|j|☆pokemon prefect
|t:|1758255229
|gametype|singles
|player|p1|pbjojo|hoopster|1339
|player|p2|pokemon prefect|170|1346
|gen|9
|tier|[Gen 9] OU
|rated|
|rule|HP Percentage Mod: HP is shown in percentages
|rule|Endless Battle Clause: Forcing endless battles is banned
|rule|Species Clause: Limit one of each Pokémon
|rule|OHKO Clause: OHKO moves are banned
|rule|Evasion Items Clause: Evasion items are banned
|rule|Evasion Moves Clause: Evasion moves are banned
|rule|Evasion Abilities Clause: Evasion abilities are banned
|rule|Sleep Moves Clause: Sleep-inducing moves are banned
|clearpoke
|poke|p1|Zamazenta-*|
|poke|p1|Pecharunt|
|poke|p1|Kyurem|
|poke|p1|Ninetales-Alola, M|
|poke|p1|Araquanid, M|
|poke|p1|Avalugg, M|
|poke|p2|Glimmora, M|
|poke|p2|Samurott-Hisui, F|
|poke|p2|Gholdengo|
|poke|p2|Hatterene, F|
|poke|p2|Kyurem|
|poke|p2|Ting-Lu|
|teampreview
|inactive|Battle timer is ON: inactive players will automatically lose when time's up. (requested by pokemon prefect)
|
|t:|1758255250
|teamsize|p1|6
|teamsize|p2|6
|start
|switch|p1a: hehe|Ninetales-Alola, M, shiny|100/100
|switch|p2a: Glimmora|Glimmora, M|100/100
|-weather|Snowscape|[from] ability: Snow Warning|[of] p1a: hehe
|turn|1
|
|t:|1758255262
|switch|p1a: kaiju|Kyurem, shiny|100/100
|-ability|p1a: kaiju|Pressure
|move|p2a: Glimmora|Stealth Rock|p1a: kaiju
|-sidestart|p1: pbjojo|move: Stealth Rock
|
|-weather|Snowscape|[upkeep]
|upkeep
|turn|2
|
|t:|1758255274
|move|p1a: kaiju|Earth Power|p2a: Glimmora
|-supereffective|p2a: Glimmora
|-enditem|p2a: Glimmora|Focus Sash
|-damage|p2a: Glimmora|1/100
|-unboost|p2a: Glimmora|spd|1
|move|p2a: Glimmora|Power Gem|p1a: kaiju
|-supereffective|p1a: kaiju
|-damage|p1a: kaiju|33/100
|
|-weather|Snowscape|[upkeep]
|upkeep
|turn|3
|
|t:|1758255285
|move|p1a: kaiju|Earth Power|p2a: Glimmora
|-supereffective|p2a: Glimmora
|-damage|p2a: Glimmora|0 fnt
|faint|p2a: Glimmora
|
|-weather|Snowscape|[upkeep]
|upkeep
|
|t:|1758255289
|switch|p2a: Samurott|Samurott-Hisui, F|100/100
|turn|4
|
|t:|1758255298
|switch|p1a: TABLE|Avalugg, M|100/100
|-damage|p1a: TABLE|76/100|[from] Stealth Rock
|move|p2a: Samurott|Ceaseless Edge|p1a: TABLE
|-damage|p1a: TABLE|63/100
|-sidestart|p1: pbjojo|Spikes
|
|-weather|Snowscape|[upkeep]
|-heal|p1a: TABLE|70/100|[from] ability: Ice Body
|-heal|p1a: TABLE|76/100|[from] item: Leftovers
|upkeep
|turn|5
|
|t:|1758255306
|switch|p2a: Hatterene|Hatterene, F|100/100
|move|p1a: TABLE|Rapid Spin|p2a: Hatterene
|-damage|p2a: Hatterene|89/100
|-boost|p1a: TABLE|spe|1
|-sideend|p1: pbjojo|Spikes|[from] move: Rapid Spin|[of] p1a: TABLE
|-sideend|p1: pbjojo|Stealth Rock|[from] move: Rapid Spin|[of] p1a: TABLE
|
|-weather|Snowscape|[upkeep]
|-heal|p1a: TABLE|82/100|[from] ability: Ice Body
|-heal|p1a: TABLE|88/100|[from] item: Leftovers
|-heal|p2a: Hatterene|95/100|[from] item: Leftovers
|upkeep
|turn|6
|
|t:|1758255328
|switch|p1a: spidy|Araquanid, M, shiny|100/100
|move|p2a: Hatterene|Calm Mind|p2a: Hatterene
|-boost|p2a: Hatterene|spa|1
|-boost|p2a: Hatterene|spd|1
|
|-weather|Snowscape|[upkeep]
|-heal|p2a: Hatterene|100/100|[from] item: Leftovers
|upkeep
|turn|7
|
|t:|1758255333
|move|p1a: spidy|Liquidation|p2a: Hatterene
|-damage|p2a: Hatterene|63/100
|move|p2a: Hatterene|Psychic Noise|p1a: spidy
|-damage|p1a: spidy|69/100
|-start|p1a: spidy|move: Heal Block
|
|-weather|Snowscape|[upkeep]
|-heal|p2a: Hatterene|69/100|[from] item: Leftovers
|upkeep
|turn|8
|
|t:|1758255339
|move|p1a: spidy|Liquidation|p2a: Hatterene
|-damage|p2a: Hatterene|30/100
|move|p2a: Hatterene|Draining Kiss|p1a: spidy
|-damage|p1a: spidy|47/100
|-heal|p2a: Hatterene|48/100|[from] drain|[of] p1a: spidy
|
|-weather|none
|-heal|p2a: Hatterene|54/100|[from] item: Leftovers
|-end|p1a: spidy|move: Heal Block
|upkeep
|turn|9
|
|t:|1758255344
|move|p1a: spidy|Liquidation|p2a: Hatterene
|-damage|p2a: Hatterene|16/100
|move|p2a: Hatterene|Draining Kiss|p1a: spidy
|-damage|p1a: spidy|27/100
|-heal|p2a: Hatterene|32/100|[from] drain|[of] p1a: spidy
|
|-heal|p2a: Hatterene|38/100|[from] item: Leftovers
|upkeep
|turn|10
|
|t:|1758255352
|move|p1a: spidy|Liquidation|p2a: Hatterene
|-damage|p2a: Hatterene|0 fnt
|faint|p2a: Hatterene
|
|upkeep
|
|t:|1758255363
|switch|p2a: Gholdengo|Gholdengo|100/100
|-item|p2a: Gholdengo|Air Balloon
|turn|11
|
|t:|1758255370
|move|p2a: Gholdengo|Hex|p1a: spidy
|-damage|p1a: spidy|5/100
|move|p1a: spidy|Liquidation|p2a: Gholdengo
|-damage|p2a: Gholdengo|50/100
|-enditem|p2a: Gholdengo|Air Balloon
|
|upkeep
|turn|12
|-enditem|p1a: spidy|Custap Berry|[eat]
|-activate|p1a: spidy|item: Custap Berry|[consumed]
|
|t:|1758255375
|move|p1a: spidy|Liquidation|p2a: Gholdengo
|-damage|p2a: Gholdengo|3/100
|move|p2a: Gholdengo|Hex|p1a: spidy
|-damage|p1a: spidy|0 fnt
|faint|p1a: spidy
|
|upkeep
|
|t:|1758255389
|switch|p1a: zaza|Zamazenta, shiny|100/100
|-ability|p1a: zaza|Dauntless Shield|boost
|-boost|p1a: zaza|def|1
|turn|13
|
|t:|1758255397
|switch|p2a: Ting-Lu|Ting-Lu|100/100
|-ability|p2a: Ting-Lu|Vessel of Ruin
|move|p1a: zaza|Iron Head|p2a: Ting-Lu
|-damage|p2a: Ting-Lu|86/100
|-damage|p1a: zaza|84/100|[from] item: Rocky Helmet|[of] p2a: Ting-Lu
|-damage|p1a: zaza|74/100|[from] item: Life Orb
|
|upkeep
|turn|14
|
|t:|1758255408
|switch|p1a: hehe|Ninetales-Alola, M, shiny|100/100
|-weather|Snowscape|[from] ability: Snow Warning|[of] p1a: hehe
|-terastallize|p2a: Ting-Lu|Ghost
|move|p2a: Ting-Lu|Earthquake|p1a: hehe
|-damage|p1a: hehe|60/100
|
|-weather|Snowscape|[upkeep]
|upkeep
|turn|15
|
|t:|1758255426
|switch|p2a: Samurott|Samurott-Hisui, F|100/100
|move|p1a: hehe|Aurora Veil|p1a: hehe
|-sidestart|p1: pbjojo|move: Aurora Veil
|
|-weather|Snowscape|[upkeep]
|upkeep
|turn|16
|
|t:|1758255432
|move|p2a: Samurott|Ceaseless Edge|p1a: hehe
|-resisted|p1a: hehe
|-damage|p1a: hehe|49/100
|-sidestart|p1: pbjojo|Spikes
|move|p1a: hehe|Moonblast|p2a: Samurott
|-supereffective|p2a: Samurott
|-damage|p2a: Samurott|0 fnt
|faint|p2a: Samurott
|
|-weather|Snowscape|[upkeep]
|upkeep
|
|t:|1758255438
|switch|p2a: Ting-Lu|Ting-Lu, tera:Ghost|86/100
|-ability|p2a: Ting-Lu|Vessel of Ruin
|turn|17
|
|t:|1758255454
|move|p1a: hehe|Blizzard|p2a: Ting-Lu
|-damage|p2a: Ting-Lu|62/100
|move|p2a: Ting-Lu|Earthquake|p1a: hehe
|-damage|p1a: hehe|31/100
|
|-weather|Snowscape|[upkeep]
|upkeep
|turn|18
|
|t:|1758255476
|move|p1a: hehe|Blizzard|p2a: Ting-Lu
|-damage|p2a: Ting-Lu|38/100
|move|p2a: Ting-Lu|Rest|p2a: Ting-Lu
|-status|p2a: Ting-Lu|slp|[from] move: Rest
|-heal|p2a: Ting-Lu|100/100 slp|[silent]
|
|-weather|Snowscape|[upkeep]
|upkeep
|turn|19
|
|t:|1758255482
|move|p1a: hehe|Encore|p2a: Ting-Lu
|-start|p2a: Ting-Lu|Encore
|cant|p2a: Ting-Lu|slp
|
|-weather|Snowscape|[upkeep]
|-sideend|p1: pbjojo|move: Aurora Veil
|upkeep
|turn|20
|
|t:|1758255493
|switch|p1a: fukmedry|Pecharunt|100/100
|cant|p2a: Ting-Lu|slp
|
|-weather|Snowscape|[upkeep]
|upkeep
|turn|21
|
|t:|1758255502
|move|p1a: fukmedry|Hex|p2a: Ting-Lu
|-supereffective|p2a: Ting-Lu
|-damage|p2a: Ting-Lu|51/100 slp
|-curestatus|p2a: Ting-Lu|slp|[msg]
|move|p2a: Ting-Lu|Rest|p2a: Ting-Lu
|-status|p2a: Ting-Lu|slp|[from] move: Rest
|-heal|p2a: Ting-Lu|100/100 slp|[silent]
|
|-weather|none
|-end|p2a: Ting-Lu|Encore
|upkeep
|turn|22
|
|t:|1758255506
|move|p1a: fukmedry|Hex|p2a: Ting-Lu
|-supereffective|p2a: Ting-Lu
|-crit|p2a: Ting-Lu
|-damage|p2a: Ting-Lu|23/100 slp
|cant|p2a: Ting-Lu|slp
|
|upkeep
|turn|23
|
|t:|1758255512
|move|p1a: fukmedry|Hex|p2a: Ting-Lu
|-supereffective|p2a: Ting-Lu
|-damage|p2a: Ting-Lu|0 fnt
|faint|p2a: Ting-Lu
|
|upkeep
|
|t:|1758255513
|switch|p2a: Kyurem|Kyurem|100/100
|-ability|p2a: Kyurem|Pressure
|turn|24
|
|t:|1758255524
|move|p2a: Kyurem|Substitute|p2a: Kyurem
|-start|p2a: Kyurem|Substitute
|-damage|p2a: Kyurem|76/100
|move|p1a: fukmedry|Parting Shot|p2a: Kyurem
|-unboost|p2a: Kyurem|atk|1
|-unboost|p2a: Kyurem|spa|1
|
|t:|1758255533
|switch|p1a: hehe|Ninetales-Alola, M, shiny|31/100|[from] Parting Shot
|-damage|p1a: hehe|19/100|[from] Spikes
|-weather|Snowscape|[from] ability: Snow Warning|[of] p1a: hehe
|
|-weather|Snowscape|[upkeep]
|-heal|p2a: Kyurem|82/100|[from] item: Leftovers
|upkeep
|turn|25
|
|t:|1758255540
|move|p1a: hehe|Encore|p2a: Kyurem
|-start|p2a: Kyurem|Encore
|move|p2a: Kyurem|Substitute|p2a: Kyurem
|-fail|p2a: Kyurem|move: Substitute
|
|-weather|Snowscape|[upkeep]
|-heal|p2a: Kyurem|88/100|[from] item: Leftovers
|upkeep
|turn|26
|-message|pokemon prefect forfeited.
|
|win|pbjojo
|raw|pbjojo's rating: 1339 &rarr; <strong>1359</strong><br />(+20 for winning)
|raw|pokemon prefect's rating: 1346 &rarr; <strong>1326</strong><br />(-20 for losing)
|l|☆pokemon prefect
|player|p2|
|l|☆pbjojo
|player|p1|
