|j|☆Nem3sitalkr
|j|☆Zodiac Senpai
|t:|1758287709
|gametype|singles
|player|p1|Nem3sitalkr|twins-gen4|1240
|player|p2|Zodiac Senpai|265|1314
|gen|9
|tier|[Gen 9] OU
|rated|
|rule|HP Percentage Mod: HP is shown in percentages
|rule|Endless Battle Clause: Forcing endless battles is banned
|rule|Species Clause: Limit one of each Pokémon
|rule|OHKO Clause: OHKO moves are banned
|rule|Evasion Items Clause: Evasion items are banned
|rule|Evasion Moves Clause: Evasion moves are banned
|rule|Evasion Abilities Clause: Evasion abilities are banned
|rule|Sleep Moves Clause: Sleep-inducing moves are banned
|clearpoke
|poke|p1|Incineroar, F|
|poke|p1|Lycanroc-Dusk, M|
|poke|p1|Gliscor, F|
|poke|p1|Clodsire, M|
|poke|p1|Clefable, F|
|poke|p1|Kingambit, F|
|poke|p2|Dragapult, M|
|poke|p2|Corviknight, F|
|poke|p2|Cinderace, F|
|poke|p2|Samurott-Hisui, M|
|poke|p2|Great Tusk|
|poke|p2|Primarina, F|
|teampreview
|inactive|Battle timer is ON: inactive players will automatically lose when time's up. (requested by Zodiac Senpai)
|
|t:|1758287715
|teamsize|p1|6
|teamsize|p2|6
|start
|switch|p1a: Gliscor|Gliscor, F|100/100
|switch|p2a: Cinderace|Cinderace, F, shiny|100/100
|turn|1
|
|t:|1758287721
|move|p1a: Gliscor|Protect|p1a: Gliscor
|-singleturn|p1a: Gliscor|Protect
|move|p2a: Cinderace|U-turn|p1a: Gliscor
|-start|p2a: Cinderace|typechange|Bug|[from] ability: Libero
|-activate|p1a: Gliscor|move: Protect
|
|-status|p1a: Gliscor|tox|[from] item: Toxic Orb
|upkeep
|turn|2
|
|t:|1758287729
|switch|p1a: Clodsire|Clodsire, M|100/100
|move|p2a: Cinderace|U-turn|p1a: Clodsire
|-resisted|p1a: Clodsire
|-damage|p1a: Clodsire|72/100
|
|t:|1758287734
|switch|p2a: Great Tusk|Great Tusk, shiny|100/100|[from] U-turn
|-enditem|p2a: Great Tusk|Booster Energy
|-activate|p2a: Great Tusk|ability: Protosynthesis|[fromitem]
|-start|p2a: Great Tusk|protosynthesisatk
|
|-heal|p1a: Clodsire|78/100|[from] item: Black Sludge
|upkeep
|turn|3
|
|t:|1758287742
|switch|p1a: Gliscor|Gliscor, F|100/100 tox
|move|p2a: Great Tusk|Knock Off|p1a: Gliscor
|-damage|p1a: Gliscor|72/100 tox
|-enditem|p1a: Gliscor|Toxic Orb|[from] move: Knock Off|[of] p2a: Great Tusk
|
|-heal|p1a: Gliscor|84/100 tox|[from] ability: Poison Heal
|upkeep
|turn|4
|
|t:|1758287750
|move|p2a: Great Tusk|Ice Spinner|p1a: Gliscor
|-supereffective|p1a: Gliscor
|-damage|p1a: Gliscor|0 fnt
|faint|p1a: Gliscor
|
|upkeep
|
|t:|1758287770
|switch|p1a: Lycanroc|Lycanroc-Dusk, M|100/100
|turn|5
|
|t:|1758287774
|move|p1a: Lycanroc|Play Rough|p2a: Great Tusk|[miss]
|-miss|p1a: Lycanroc|p2a: Great Tusk
|move|p2a: Great Tusk|Earthquake|p1a: Lycanroc
|-supereffective|p1a: Lycanroc
|-damage|p1a: Lycanroc|0 fnt
|faint|p1a: Lycanroc
|
|upkeep
|-message|Nem3sitalkr forfeited.
|
|win|Zodiac Senpai
|raw|Nem3sitalkr's rating: 1240 &rarr; <strong>1220</strong><br />(-20 for losing)
|raw|Zodiac Senpai's rating: 1314 &rarr; <strong>1330</strong><br />(+16 for winning)
|l|☆Nem3sitalkr
|player|p1|
|l|☆Zodiac Senpai
|player|p2|
