|j|☆mabzac
|j|☆acon0001
|t:|1758308193
|gametype|singles
|player|p1|mabzac|nate|1215
|player|p2|acon0001|pokemaniac|1174
|gen|9
|tier|[Gen 9] OU
|rated|
|rule|HP Percentage Mod: HP is shown in percentages
|rule|Endless Battle Clause: Forcing endless battles is banned
|rule|Species Clause: Limit one of each Pokémon
|rule|OHKO Clause: OHKO moves are banned
|rule|Evasion Items Clause: Evasion items are banned
|rule|Evasion Moves Clause: Evasion moves are banned
|rule|Evasion Abilities Clause: Evasion abilities are banned
|rule|Sleep Moves Clause: Sleep-inducing moves are banned
|clearpoke
|poke|p1|Brambleghast, M|
|poke|p1|Vaporeon, M|
|poke|p1|Flygon, M|
|poke|p1|Kilowattrel, M|
|poke|p1|Infernape, M|
|poke|p1|Pyroar, M|
|poke|p2|Milotic, M|
|poke|p2|Gliscor, F|
|poke|p2|Sylveon, M|
|poke|p2|Dragapult, F|
|poke|p2|Great Tusk|
|poke|p2|Kingambit, M|
|teampreview
|inactive|Battle timer is ON: inactive players will automatically lose when time's up. (requested by acon0001)
|
|t:|1758308209
|teamsize|p1|6
|teamsize|p2|6
|start
|switch|p1a: Vaporeon|Vaporeon, M|100/100
|switch|p2a: Gliscor|Gliscor, F, shiny|100/100
|turn|1
|
|t:|1758308217
|-terastallize|p2a: Gliscor|Water
|move|p2a: Gliscor|Toxic|p1a: Vaporeon
|-status|p1a: Vaporeon|tox
|move|p1a: Vaporeon|Ice Beam|p2a: Gliscor
|-resisted|p2a: Gliscor
|-damage|p2a: Gliscor|90/100
|
|-damage|p1a: Vaporeon|94/100 tox|[from] psn
|-status|p2a: Gliscor|tox|[from] item: Toxic Orb
|upkeep
|turn|2
|
|t:|1758308229
|switch|p1a: Kilowattrel|Kilowattrel, M|100/100
|move|p2a: Gliscor|Toxic|p1a: Kilowattrel
|-status|p1a: Kilowattrel|tox
|
|-damage|p1a: Kilowattrel|94/100 tox|[from] psn
|-heal|p2a: Gliscor|100/100 tox|[from] ability: Poison Heal
|upkeep
|turn|3
|
|t:|1758308238
|move|p1a: Kilowattrel|Thunderbolt|p2a: Gliscor
|-supereffective|p2a: Gliscor
|-damage|p2a: Gliscor|4/100 tox
|-damage|p1a: Kilowattrel|84/100 tox|[from] item: Life Orb
|move|p2a: Gliscor|Knock Off|p1a: Kilowattrel
|-damage|p1a: Kilowattrel|44/100 tox
|-enditem|p1a: Kilowattrel|Life Orb|[from] move: Knock Off|[of] p2a: Gliscor
|
|-damage|p1a: Kilowattrel|32/100 tox|[from] psn
|-heal|p2a: Gliscor|16/100 tox|[from] ability: Poison Heal
|upkeep
|turn|4
|
|t:|1758308250
|move|p2a: Gliscor|Protect|p2a: Gliscor
|-singleturn|p2a: Gliscor|Protect
|move|p1a: Kilowattrel|Air Slash|p2a: Gliscor
|-activate|p2a: Gliscor|move: Protect
|
|-damage|p1a: Kilowattrel|14/100 tox|[from] psn
|-heal|p2a: Gliscor|29/100 tox|[from] ability: Poison Heal
|upkeep
|turn|5
|
|t:|1758308260
|switch|p2a: Sylveon|Sylveon, M, shiny|100/100
|move|p1a: Kilowattrel|Air Slash|p2a: Sylveon
|-damage|p2a: Sylveon|76/100
|
|-heal|p2a: Sylveon|82/100|[from] item: Leftovers
|-damage|p1a: Kilowattrel|0 fnt|[from] psn
|faint|p1a: Kilowattrel
|upkeep
|
|t:|1758308276
|switch|p1a: Brambleghast|Brambleghast, M|100/100
|turn|6
|
|t:|1758308280
|move|p1a: Brambleghast|Substitute|p1a: Brambleghast
|-start|p1a: Brambleghast|Substitute
|-damage|p1a: Brambleghast|75/100
|move|p2a: Sylveon|Wish|p2a: Sylveon
|
|-heal|p1a: Brambleghast|81/100|[from] item: Leftovers
|-heal|p2a: Sylveon|88/100|[from] item: Leftovers
|upkeep
|turn|7
|
|t:|1758308290
|move|p1a: Brambleghast|Leech Seed|p2a: Sylveon|[miss]
|-miss|p1a: Brambleghast|p2a: Sylveon
|move|p2a: Sylveon|Hyper Voice|p1a: Brambleghast
|-damage|p1a: Brambleghast|5/100
|
|-heal|p2a: Sylveon|100/100|[from] move: Wish|[wisher] Sylveon
|-heal|p1a: Brambleghast|11/100|[from] item: Leftovers
|upkeep
|turn|8
|
|t:|1758308303
|move|p1a: Brambleghast|Phantom Force||[still]
|-prepare|p1a: Brambleghast|Phantom Force
|move|p2a: Sylveon|Hyper Voice|p1a: Brambleghast|[miss]
|-miss|p2a: Sylveon|p1a: Brambleghast
|
|-heal|p1a: Brambleghast|17/100|[from] item: Leftovers
|upkeep
|turn|9
|
|t:|1758308310
|move|p1a: Brambleghast|Phantom Force|p2a: Sylveon|[from] lockedmove
|-crit|p2a: Sylveon
|-damage|p2a: Sylveon|48/100
|move|p2a: Sylveon|Calm Mind|p2a: Sylveon
|-boost|p2a: Sylveon|spa|1
|-boost|p2a: Sylveon|spd|1
|
|-heal|p1a: Brambleghast|23/100|[from] item: Leftovers
|-heal|p2a: Sylveon|54/100|[from] item: Leftovers
|upkeep
|turn|10
|
|t:|1758308321
|move|p1a: Brambleghast|Phantom Force||[still]
|-prepare|p1a: Brambleghast|Phantom Force
|move|p2a: Sylveon|Hyper Voice|p1a: Brambleghast|[miss]
|-miss|p2a: Sylveon|p1a: Brambleghast
|
|-heal|p1a: Brambleghast|29/100|[from] item: Leftovers
|-heal|p2a: Sylveon|60/100|[from] item: Leftovers
|upkeep
|turn|11
|
|t:|1758308329
|move|p1a: Brambleghast|Phantom Force|p2a: Sylveon|[from] lockedmove
|-damage|p2a: Sylveon|25/100
|move|p2a: Sylveon|Hyper Voice|p1a: Brambleghast
|-damage|p1a: Brambleghast|0 fnt
|faint|p1a: Brambleghast
|
|-heal|p2a: Sylveon|31/100|[from] item: Leftovers
|upkeep
|
|t:|1758308340
|switch|p1a: Infernape|Infernape, M|100/100
|turn|12
|
|t:|1758308345
|move|p1a: Infernape|Earthquake|p2a: Sylveon
|-damage|p2a: Sylveon|2/100
|-damage|p1a: Infernape|91/100|[from] item: Life Orb
|move|p2a: Sylveon|Wish|p2a: Sylveon
|
|-heal|p2a: Sylveon|8/100|[from] item: Leftovers
|upkeep
|turn|13
|
|t:|1758308354
|move|p2a: Sylveon|Protect|p2a: Sylveon
|-singleturn|p2a: Sylveon|Protect
|move|p1a: Infernape|Earthquake|p2a: Sylveon
|-activate|p2a: Sylveon|move: Protect
|
|-heal|p2a: Sylveon|58/100|[from] move: Wish|[wisher] Sylveon
|-heal|p2a: Sylveon|64/100|[from] item: Leftovers
|upkeep
|turn|14
|
|t:|1758308365
|move|p1a: Infernape|Earthquake|p2a: Sylveon
|-damage|p2a: Sylveon|33/100
|-damage|p1a: Infernape|81/100|[from] item: Life Orb
|move|p2a: Sylveon|Hyper Voice|p1a: Infernape
|-damage|p1a: Infernape|0 fnt
|faint|p1a: Infernape
|
|-heal|p2a: Sylveon|39/100|[from] item: Leftovers
|upkeep
|
|t:|1758308377
|switch|p1a: Flygon|Flygon, M|100/100
|turn|15
|
|t:|1758308381
|-terastallize|p1a: Flygon|Steel
|move|p1a: Flygon|Dragon Dance|p1a: Flygon
|-boost|p1a: Flygon|atk|1
|-boost|p1a: Flygon|spe|1
|move|p2a: Sylveon|Hyper Voice|p1a: Flygon
|-resisted|p1a: Flygon
|-damage|p1a: Flygon|55/100
|
|-heal|p2a: Sylveon|45/100|[from] item: Leftovers
|upkeep
|turn|16
|
|t:|1758308392
|move|p1a: Flygon|Earthquake|p2a: Sylveon
|-damage|p2a: Sylveon|0 fnt
|faint|p2a: Sylveon
|-damage|p1a: Flygon|45/100|[from] item: Life Orb
|
|upkeep
|
|t:|1758308400
|switch|p2a: Milotic|Milotic, M, shiny|100/100
|turn|17
|
|t:|1758308408
|move|p1a: Flygon|Earthquake|p2a: Milotic
|-damage|p2a: Milotic|36/100
|-damage|p1a: Flygon|35/100|[from] item: Life Orb
|move|p2a: Milotic|Dragon Tail|p1a: Flygon
|-resisted|p1a: Flygon
|-damage|p1a: Flygon|29/100
|drag|p1a: Vaporeon|Vaporeon, M|94/100 tox
|
|-heal|p1a: Vaporeon|100/100 tox|[from] item: Leftovers
|-damage|p1a: Vaporeon|94/100 tox|[from] psn
|upkeep
|turn|18
|
|t:|1758308421
|switch|p1a: Flygon|Flygon, M, tera:Steel|29/100
|move|p2a: Milotic|Recover|p2a: Milotic
|-heal|p2a: Milotic|86/100
|
|upkeep
|turn|19
|
|t:|1758308428
|move|p1a: Flygon|Earthquake|p2a: Milotic
|-damage|p2a: Milotic|42/100
|-damage|p1a: Flygon|19/100|[from] item: Life Orb
|move|p2a: Milotic|Scald|p1a: Flygon
|-damage|p1a: Flygon|0 fnt
|faint|p1a: Flygon
|
|upkeep
|
|t:|1758308436
|switch|p1a: Pyroar|Pyroar, M|100/100
|-ability|p1a: Pyroar|Unnerve
|turn|20
|
|t:|1758308441
|move|p1a: Pyroar|Sunny Day|p1a: Pyroar
|-weather|SunnyDay
|move|p2a: Milotic|Scald|p1a: Pyroar
|-supereffective|p1a: Pyroar
|-damage|p1a: Pyroar|60/100
|
|-weather|SunnyDay|[upkeep]
|upkeep
|turn|21
|
|t:|1758308448
|move|p1a: Pyroar|Hyper Voice|p2a: Milotic
|-damage|p2a: Milotic|14/100
|-enditem|p1a: Pyroar|Throat Spray
|-boost|p1a: Pyroar|spa|1|[from] item: Throat Spray
|move|p2a: Milotic|Dragon Tail|p1a: Pyroar|[miss]
|-miss|p2a: Milotic|p1a: Pyroar
|
|-weather|SunnyDay|[upkeep]
|upkeep
|turn|22
|
|t:|1758308458
|move|p1a: Pyroar|Solar Beam||[still]
|-prepare|p1a: Pyroar|Solar Beam
|-anim|p1a: Pyroar|Solar Beam|p2a: Milotic
|-supereffective|p2a: Milotic
|-damage|p2a: Milotic|0 fnt
|faint|p2a: Milotic
|
|-weather|SunnyDay|[upkeep]
|upkeep
|
|t:|1758308469
|switch|p2a: Dragapult|Dragapult, F, shiny|100/100
|turn|23
|
|t:|1758308473
|move|p2a: Dragapult|Draco Meteor|p1a: Pyroar
|-damage|p1a: Pyroar|0 fnt
|-unboost|p2a: Dragapult|spa|2
|faint|p1a: Pyroar
|
|-weather|SunnyDay|[upkeep]
|upkeep
|
|t:|1758308481
|switch|p1a: Vaporeon|Vaporeon, M|94/100 tox
|turn|24
|
|t:|1758308484
|switch|p2a: Gliscor|Gliscor, F, shiny, tera:Water|29/100 tox
|move|p1a: Vaporeon|Ice Beam|p2a: Gliscor
|-resisted|p2a: Gliscor
|-damage|p2a: Gliscor|19/100 tox
|
|-weather|none
|-heal|p1a: Vaporeon|100/100 tox|[from] item: Leftovers
|-heal|p2a: Gliscor|31/100 tox|[from] ability: Poison Heal
|-damage|p1a: Vaporeon|94/100 tox|[from] psn
|upkeep
|turn|25
|l|☆mabzac
|inactive|mabzac disconnected and has a minute to reconnect!
|player|p1|
|c|☆acon0001|super cool of you
|inactive|mabzac has 30 seconds to reconnect!
|inactive|mabzac has 20 seconds to reconnect!
|inactive|mabzac has 15 seconds to reconnect!
|inactive|mabzac has 10 seconds to reconnect!
|inactive|mabzac has 5 seconds to reconnect!
|-message|mabzac lost due to inactivity.
|
|win|acon0001
|raw|mabzac's rating: 1215 &rarr; <strong>1187</strong><br />(-28 for losing)
|raw|acon0001's rating: 1174 &rarr; <strong>1202</strong><br />(+28 for winning)
|l|☆acon0001
|player|p2|
