|j|☆healorant
|j|☆Rj yoip
|t:|1758231842
|gametype|singles
|player|p1|healorant|alder|1776
|player|p2|Rj yoip|caitlin-masters|1790
|gen|9
|tier|[Gen 9] OU
|rated|
|rule|HP Percentage Mod: HP is shown in percentages
|rule|Endless Battle Clause: Forcing endless battles is banned
|rule|Species Clause: Limit one of each Pokémon
|rule|OHKO Clause: OHKO moves are banned
|rule|Evasion Items Clause: Evasion items are banned
|rule|Evasion Moves Clause: Evasion moves are banned
|rule|Evasion Abilities Clause: Evasion abilities are banned
|rule|Sleep Moves Clause: Sleep-inducing moves are banned
|clearpoke
|poke|p1|Meowscarada, F|
|poke|p1|Great Tusk|
|poke|p1|Alomomola, M|
|poke|p1|Iron Crown|
|poke|p1|Dragonite, F|
|poke|p1|Dragapult, M|
|poke|p2|Zapdos-Galar|
|poke|p2|Darkrai|
|poke|p2|Clefable, F|
|poke|p2|Gliscor, M|
|poke|p2|Dragapult, F|
|poke|p2|Kingambit, M|
|teampreview
|inactive|Battle timer is ON: inactive players will automatically lose when time's up. (requested by healorant)
|
|t:|1758231862
|teamsize|p1|6
|teamsize|p2|6
|start
|switch|p1a: Iron Crown|Iron Crown|100/100
|switch|p2a: Clefable|Clefable, F|100/100
|turn|1
|
|t:|1758231867
|switch|p2a: Gliscor|Gliscor, M|100/100
|move|p1a: Iron Crown|Tachyon Cutter|p2a: Gliscor
|-damage|p2a: Gliscor|70/100
|-damage|p2a: Gliscor|36/100
|-hitcount|p2a: Gliscor|2
|
|-status|p2a: Gliscor|tox|[from] item: Toxic Orb
|upkeep
|turn|2
|
|t:|1758231872
|move|p2a: Gliscor|Protect|p2a: Gliscor
|-singleturn|p2a: Gliscor|Protect
|move|p1a: Iron Crown|Tachyon Cutter|p2a: Gliscor
|-activate|p2a: Gliscor|move: Protect
|
|-heal|p2a: Gliscor|49/100 tox|[from] ability: Poison Heal
|upkeep
|turn|3
|
|t:|1758231875
|-terastallize|p2a: Gliscor|Water
|move|p1a: Iron Crown|Tachyon Cutter|p2a: Gliscor
|-resisted|p2a: Gliscor
|-damage|p2a: Gliscor|33/100 tox
|-resisted|p2a: Gliscor
|-damage|p2a: Gliscor|17/100 tox
|-hitcount|p2a: Gliscor|2
|move|p2a: Gliscor|Spikes|p1a: Iron Crown
|-sidestart|p1: healorant|Spikes
|
|-heal|p2a: Gliscor|29/100 tox|[from] ability: Poison Heal
|upkeep
|turn|4
|
|t:|1758231885
|move|p2a: Gliscor|Protect|p2a: Gliscor
|-singleturn|p2a: Gliscor|Protect
|move|p1a: Iron Crown|Tachyon Cutter|p2a: Gliscor
|-activate|p2a: Gliscor|move: Protect
|
|-heal|p2a: Gliscor|42/100 tox|[from] ability: Poison Heal
|upkeep
|turn|5
|
|t:|1758231888
|-terastallize|p1a: Iron Crown|Steel
|move|p1a: Iron Crown|Tachyon Cutter|p2a: Gliscor
|-resisted|p2a: Gliscor
|-damage|p2a: Gliscor|22/100 tox
|-resisted|p2a: Gliscor
|-damage|p2a: Gliscor|1/100 tox
|-hitcount|p2a: Gliscor|2
|move|p2a: Gliscor|Spikes|p1a: Iron Crown
|-sidestart|p1: healorant|Spikes
|
|-heal|p2a: Gliscor|13/100 tox|[from] ability: Poison Heal
|upkeep
|turn|6
|
|t:|1758231892
|move|p2a: Gliscor|Protect|p2a: Gliscor
|-singleturn|p2a: Gliscor|Protect
|move|p1a: Iron Crown|Tachyon Cutter|p2a: Gliscor
|-activate|p2a: Gliscor|move: Protect
|
|-heal|p2a: Gliscor|26/100 tox|[from] ability: Poison Heal
|upkeep
|turn|7
|
|t:|1758231896
|switch|p2a: Kingambit|Kingambit, M|100/100
|-item|p2a: Kingambit|Air Balloon
|move|p1a: Iron Crown|Tachyon Cutter|p2a: Kingambit
|-resisted|p2a: Kingambit
|-damage|p2a: Kingambit|74/100
|-enditem|p2a: Kingambit|Air Balloon
|-resisted|p2a: Kingambit
|-damage|p2a: Kingambit|45/100
|-hitcount|p2a: Kingambit|2
|
|upkeep
|turn|8
|
|t:|1758231905
|-end|p1a: Iron Crown|Quark Drive|[silent]
|switch|p1a: Great Tusk|Great Tusk|100/100
|-damage|p1a: Great Tusk|84/100|[from] Spikes
|move|p2a: Kingambit|Sucker Punch||[still]
|-fail|p2a: Kingambit
|
|upkeep
|turn|9
|
|t:|1758231907
|-end|p2a: Kingambit|fallenundefined|[silent]
|switch|p2a: Gliscor|Gliscor, M, tera:Water|26/100 tox
|move|p1a: Great Tusk|Stealth Rock|p2a: Gliscor
|-sidestart|p2: Rj yoip|move: Stealth Rock
|
|-heal|p2a: Gliscor|38/100 tox|[from] ability: Poison Heal
|upkeep
|turn|10
|
|t:|1758231910
|move|p2a: Gliscor|Protect|p2a: Gliscor
|-singleturn|p2a: Gliscor|Protect
|move|p1a: Great Tusk|Rapid Spin|p2a: Gliscor
|-activate|p2a: Gliscor|move: Protect
|
|-heal|p2a: Gliscor|51/100 tox|[from] ability: Poison Heal
|upkeep
|turn|11
|
|t:|1758231912
|move|p1a: Great Tusk|Rapid Spin|p2a: Gliscor
|-damage|p2a: Gliscor|39/100 tox
|-boost|p1a: Great Tusk|spe|1
|-sideend|p1: healorant|Spikes|[from] move: Rapid Spin|[of] p1a: Great Tusk
|move|p2a: Gliscor|Toxic|p1a: Great Tusk
|-status|p1a: Great Tusk|tox
|
|-damage|p1a: Great Tusk|78/100 tox|[from] psn
|-heal|p2a: Gliscor|52/100 tox|[from] ability: Poison Heal
|upkeep
|turn|12
|j| switchblade0719
|
|t:|1758231915
|-end|p1a: Great Tusk|Protosynthesis|[silent]
|switch|p1a: Alomomola|Alomomola, M|100/100
|move|p2a: Gliscor|Spikes|p1a: Alomomola
|-sidestart|p1: healorant|Spikes
|
|-heal|p2a: Gliscor|64/100 tox|[from] ability: Poison Heal
|upkeep
|turn|13
|
|t:|1758231917
|move|p2a: Gliscor|Toxic|p1a: Alomomola
|-status|p1a: Alomomola|tox
|move|p1a: Alomomola|Flip Turn|p2a: Gliscor
|-resisted|p2a: Gliscor
|-damage|p2a: Gliscor|57/100 tox
|
|t:|1758231919
|switch|p1a: Meowscarada|Meowscarada, F|100/100|[from] Flip Turn
|-damage|p1a: Meowscarada|88/100|[from] Spikes
|
|-heal|p2a: Gliscor|70/100 tox|[from] ability: Poison Heal
|upkeep
|turn|14
|
|t:|1758231920
|move|p2a: Gliscor|Protect|p2a: Gliscor
|-singleturn|p2a: Gliscor|Protect
|move|p1a: Meowscarada|Flower Trick|p2a: Gliscor
|-start|p1a: Meowscarada|typechange|Grass|[from] ability: Protean
|-activate|p2a: Gliscor|move: Protect
|
|-heal|p2a: Gliscor|82/100 tox|[from] ability: Poison Heal
|upkeep
|turn|15
|
|t:|1758231925
|switch|p2a: Dragapult|Dragapult, F|100/100
|move|p1a: Meowscarada|Flower Trick|p2a: Dragapult
|-resisted|p2a: Dragapult
|-crit|p2a: Dragapult
|-damage|p2a: Dragapult|74/100
|
|upkeep
|turn|16
|
|t:|1758231930
|switch|p1a: Alomomola|Alomomola, M|100/100 tox
|-damage|p1a: Alomomola|88/100 tox|[from] Spikes
|move|p2a: Dragapult|Will-O-Wisp||[still]
|-fail|p2a: Dragapult
|
|-damage|p1a: Alomomola|82/100 tox|[from] psn
|upkeep
|turn|17
|
|t:|1758231932
|move|p2a: Dragapult|Hex|p1a: Alomomola
|-damage|p1a: Alomomola|59/100 tox
|move|p1a: Alomomola|Flip Turn|p2a: Dragapult
|-resisted|p2a: Dragapult
|-damage|p2a: Dragapult|65/100
|
|t:|1758231936
|switch|p1a: Iron Crown|Iron Crown, tera:Steel|100/100|[from] Flip Turn
|-damage|p1a: Iron Crown|88/100|[from] Spikes
|
|upkeep
|turn|18
|
|t:|1758231938
|move|p2a: Dragapult|Will-O-Wisp|p1a: Iron Crown
|-status|p1a: Iron Crown|brn
|move|p1a: Iron Crown|Tachyon Cutter|p2a: Dragapult
|-damage|p2a: Dragapult|0 fnt
|faint|p2a: Dragapult
|-hitcount|p2: Dragapult|1
|
|-damage|p1a: Iron Crown|82/100 brn|[from] brn
|upkeep
|
|t:|1758231940
|switch|p2a: Gliscor|Gliscor, M, tera:Water|82/100 tox
|-damage|p2a: Gliscor|70/100 tox|[from] Stealth Rock
|turn|19
|
|t:|1758231943
|-end|p1a: Iron Crown|Quark Drive|[silent]
|switch|p1a: Alomomola|Alomomola, M|92/100 tox
|-damage|p1a: Alomomola|79/100 tox|[from] Spikes
|move|p2a: Gliscor|Protect||[still]
|-fail|p2a: Gliscor
|
|-heal|p2a: Gliscor|82/100 tox|[from] ability: Poison Heal
|-damage|p1a: Alomomola|73/100 tox|[from] psn
|upkeep
|turn|20
|
|t:|1758231946
|move|p2a: Gliscor|Spikes|p1a: Alomomola
|-sidestart|p1: healorant|Spikes
|move|p1a: Alomomola|Flip Turn|p2a: Gliscor
|-resisted|p2a: Gliscor
|-damage|p2a: Gliscor|75/100 tox
|
|t:|1758231951
|switch|p1a: Meowscarada|Meowscarada, F|88/100|[from] Flip Turn
|-damage|p1a: Meowscarada|72/100|[from] Spikes
|
|-heal|p2a: Gliscor|88/100 tox|[from] ability: Poison Heal
|upkeep
|turn|21
|
|t:|1758231953
|move|p2a: Gliscor|Protect|p2a: Gliscor
|-singleturn|p2a: Gliscor|Protect
|move|p1a: Meowscarada|Flower Trick|p2a: Gliscor
|-start|p1a: Meowscarada|typechange|Grass|[from] ability: Protean
|-activate|p2a: Gliscor|move: Protect
|
|-heal|p2a: Gliscor|100/100 tox|[from] ability: Poison Heal
|upkeep
|turn|22
|
|t:|1758231955
|switch|p2a: Clefable|Clefable, F|100/100
|move|p1a: Meowscarada|Flower Trick|p2a: Clefable
|-crit|p2a: Clefable
|-damage|p2a: Clefable|64/100
|
|upkeep
|turn|23
|
|t:|1758231960
|switch|p1a: Alomomola|Alomomola, M|100/100 tox
|-damage|p1a: Alomomola|84/100 tox|[from] Spikes
|move|p2a: Clefable|Moonlight|p2a: Clefable
|-heal|p2a: Clefable|100/100
|
|-damage|p1a: Alomomola|78/100 tox|[from] psn
|upkeep
|turn|24
|
|t:|1758231963
|move|p2a: Clefable|Knock Off|p1a: Alomomola
|-damage|p1a: Alomomola|67/100 tox
|-enditem|p1a: Alomomola|Assault Vest|[from] move: Knock Off|[of] p2a: Clefable
|move|p1a: Alomomola|Flip Turn|p2a: Clefable
|-crit|p2a: Clefable
|-damage|p2a: Clefable|82/100
|
|t:|1758231974
|switch|p1a: Dragonite|Dragonite, F|100/100|[from] Flip Turn
|
|upkeep
|turn|25
|
|t:|1758231976
|move|p1a: Dragonite|Dragon Dance|p1a: Dragonite
|-boost|p1a: Dragonite|atk|1
|-boost|p1a: Dragonite|spe|1
|move|p2a: Clefable|Moonblast|p1a: Dragonite
|-supereffective|p1a: Dragonite
|-damage|p1a: Dragonite|64/100
|
|upkeep
|turn|26
|
|t:|1758231979
|move|p1a: Dragonite|Earthquake|p2a: Clefable
|-damage|p2a: Clefable|41/100
|move|p2a: Clefable|Moonblast|p1a: Dragonite
|-supereffective|p1a: Dragonite
|-damage|p1a: Dragonite|2/100
|
|upkeep
|turn|27
|
|t:|1758231983
|move|p1a: Dragonite|Earthquake|p2a: Clefable
|-damage|p2a: Clefable|0 fnt
|faint|p2a: Clefable
|
|upkeep
|
|t:|1758231985
|switch|p2a: Gliscor|Gliscor, M, tera:Water|100/100 tox
|-damage|p2a: Gliscor|88/100 tox|[from] Stealth Rock
|turn|28
|
|t:|1758231987
|move|p1a: Dragonite|Earthquake|p2a: Gliscor
|-damage|p2a: Gliscor|49/100 tox
|move|p2a: Gliscor|Toxic|p1a: Dragonite
|-status|p1a: Dragonite|tox
|
|-damage|p1a: Dragonite|0 fnt|[from] psn
|faint|p1a: Dragonite
|-heal|p2a: Gliscor|62/100 tox|[from] ability: Poison Heal
|upkeep
|
|t:|1758231994
|switch|p1a: Great Tusk|Great Tusk|78/100 tox
|-damage|p1a: Great Tusk|61/100 tox|[from] Spikes
|turn|29
|
|t:|1758231996
|move|p2a: Gliscor|Protect|p2a: Gliscor
|-singleturn|p2a: Gliscor|Protect
|move|p1a: Great Tusk|Headlong Rush|p2a: Gliscor
|-activate|p2a: Gliscor|move: Protect
|
|-damage|p1a: Great Tusk|55/100 tox|[from] psn
|-heal|p2a: Gliscor|74/100 tox|[from] ability: Poison Heal
|upkeep
|turn|30
|l| switchblade0719
|
|t:|1758231999
|move|p1a: Great Tusk|Headlong Rush|p2a: Gliscor
|-damage|p2a: Gliscor|33/100 tox
|-unboost|p1a: Great Tusk|def|1
|-unboost|p1a: Great Tusk|spd|1
|move|p2a: Gliscor|Spikes|p1a: Great Tusk
|-sidestart|p1: healorant|Spikes
|
|-damage|p1a: Great Tusk|42/100 tox|[from] psn
|-heal|p2a: Gliscor|46/100 tox|[from] ability: Poison Heal
|upkeep
|turn|31
|
|t:|1758232005
|-end|p1a: Great Tusk|Protosynthesis|[silent]
|switch|p1a: Alomomola|Alomomola, M|100/100 tox
|-damage|p1a: Alomomola|75/100 tox|[from] Spikes
|move|p2a: Gliscor|Protect||[still]
|-fail|p2a: Gliscor
|
|-heal|p2a: Gliscor|58/100 tox|[from] ability: Poison Heal
|-damage|p1a: Alomomola|69/100 tox|[from] psn
|-damage|p1a: Alomomola|57/100 tox|[from] item: Sticky Barb
|upkeep
|turn|32
|
|t:|1758232007
|move|p2a: Gliscor|Earthquake|p1a: Alomomola
|-damage|p1a: Alomomola|36/100 tox
|move|p1a: Alomomola|Flip Turn|p2a: Gliscor
|-resisted|p2a: Gliscor
|-damage|p2a: Gliscor|52/100 tox
|
|t:|1758232013
|switch|p1a: Great Tusk|Great Tusk|42/100 tox|[from] Flip Turn
|-damage|p1a: Great Tusk|18/100 tox|[from] Spikes
|
|-damage|p1a: Great Tusk|11/100 tox|[from] psn
|-heal|p2a: Gliscor|64/100 tox|[from] ability: Poison Heal
|upkeep
|turn|33
|
|t:|1758232037
|move|p2a: Gliscor|Protect|p2a: Gliscor
|-singleturn|p2a: Gliscor|Protect
|move|p1a: Great Tusk|Rapid Spin|p2a: Gliscor
|-activate|p2a: Gliscor|move: Protect
|
|-damage|p1a: Great Tusk|0 fnt|[from] psn
|faint|p1a: Great Tusk
|-end|p1a: Great Tusk|Protosynthesis|[silent]
|-heal|p2a: Gliscor|77/100 tox|[from] ability: Poison Heal
|upkeep
|j| babyshark974
|j| oRinNeGa7V1
|
|t:|1758232056
|switch|p1a: Dragapult|Dragapult, M|100/100
|turn|34
|
|t:|1758232060
|move|p1a: Dragapult|Hex|p2a: Gliscor
|-damage|p2a: Gliscor|32/100 tox
|move|p2a: Gliscor|Toxic|p1a: Dragapult
|-status|p1a: Dragapult|tox
|
|-damage|p1a: Dragapult|95/100 tox|[from] psn
|-heal|p2a: Gliscor|45/100 tox|[from] ability: Poison Heal
|upkeep
|turn|35
|
|t:|1758232064
|move|p2a: Gliscor|Protect|p2a: Gliscor
|-singleturn|p2a: Gliscor|Protect
|move|p1a: Dragapult|Hex|p2a: Gliscor
|-activate|p2a: Gliscor|move: Protect
|
|-damage|p1a: Dragapult|83/100 tox|[from] psn
|-heal|p2a: Gliscor|57/100 tox|[from] ability: Poison Heal
|upkeep
|turn|36
|
|t:|1758232066
|switch|p2a: Kingambit|Kingambit, M|45/100
|-damage|p2a: Kingambit|39/100|[from] Stealth Rock
|-activate|p2a: Kingambit|ability: Supreme Overlord
|-start|p2a: Kingambit|fallen2|[silent]
|move|p1a: Dragapult|Hex|p2a: Kingambit
|-resisted|p2a: Kingambit
|-damage|p2a: Kingambit|24/100
|
|-damage|p1a: Dragapult|65/100 tox|[from] psn
|upkeep
|turn|37
|
|t:|1758232068
|move|p2a: Kingambit|Sucker Punch||[still]
|-fail|p2a: Kingambit
|move|p1a: Dragapult|Will-O-Wisp|p2a: Kingambit
|-status|p2a: Kingambit|brn
|
|-damage|p1a: Dragapult|41/100 tox|[from] psn
|-damage|p2a: Kingambit|18/100 brn|[from] brn
|upkeep
|turn|38
|
|t:|1758232071
|move|p2a: Kingambit|Sucker Punch|p1a: Dragapult
|-supereffective|p1a: Dragapult
|-damage|p1a: Dragapult|0 fnt
|faint|p1a: Dragapult
|
|-damage|p2a: Kingambit|12/100 brn|[from] brn
|upkeep
|
|t:|1758232073
|switch|p1a: Alomomola|Alomomola, M|69/100 tox
|-damage|p1a: Alomomola|44/100 tox|[from] Spikes
|turn|39
|
|t:|1758232075
|move|p2a: Kingambit|Low Kick|p1a: Alomomola
|-damage|p1a: Alomomola|35/100 tox
|move|p1a: Alomomola|Flip Turn|p2a: Kingambit
|-crit|p2a: Kingambit
|-damage|p2a: Kingambit|0 fnt
|faint|p2a: Kingambit
|-end|p2a: Kingambit|fallen2|[silent]
|
|t:|1758232080
|switch|p1a: Iron Crown|Iron Crown, tera:Steel|82/100 brn|[from] Flip Turn
|-damage|p1a: Iron Crown|57/100 brn|[from] Spikes
|
|-damage|p1a: Iron Crown|51/100 brn|[from] brn
|upkeep
|
|t:|1758232087
|switch|p2a: Zapdos|Zapdos-Galar|100/100
|-damage|p2a: Zapdos|88/100|[from] Stealth Rock
|turn|40
|
|t:|1758232089
|-end|p1a: Iron Crown|Quark Drive|[silent]
|switch|p1a: Alomomola|Alomomola, M|68/100 tox
|-damage|p1a: Alomomola|43/100 tox|[from] Spikes
|move|p2a: Zapdos|Thunderous Kick|p1a: Alomomola
|-damage|p1a: Alomomola|10/100 tox
|-unboost|p1a: Alomomola|def|1
|
|-damage|p1a: Alomomola|4/100 tox|[from] psn
|-damage|p1a: Alomomola|0 fnt|[from] item: Sticky Barb
|faint|p1a: Alomomola
|upkeep
|
|t:|1758232091
|switch|p1a: Meowscarada|Meowscarada, F|72/100
|-damage|p1a: Meowscarada|47/100|[from] Spikes
|turn|41
|
|t:|1758232093
|move|p1a: Meowscarada|Triple Axel|p2a: Zapdos
|-start|p1a: Meowscarada|typechange|Ice|[from] ability: Protean
|-supereffective|p2a: Zapdos
|-damage|p2a: Zapdos|67/100
|-supereffective|p2a: Zapdos
|-damage|p2a: Zapdos|26/100
|-supereffective|p2a: Zapdos
|-damage|p2a: Zapdos|0 fnt
|faint|p2a: Zapdos
|-hitcount|p2: Zapdos|3
|
|upkeep
|
|t:|1758232096
|switch|p2a: Gliscor|Gliscor, M, tera:Water|57/100 tox
|-damage|p2a: Gliscor|45/100 tox|[from] Stealth Rock
|turn|42
|
|t:|1758232104
|move|p1a: Meowscarada|Triple Axel|p2a: Gliscor
|-resisted|p2a: Gliscor
|-damage|p2a: Gliscor|41/100 tox
|-resisted|p2a: Gliscor
|-damage|p2a: Gliscor|34/100 tox
|-resisted|p2a: Gliscor
|-damage|p2a: Gliscor|22/100 tox
|-hitcount|p2a: Gliscor|3
|move|p2a: Gliscor|Earthquake|p1a: Meowscarada
|-damage|p1a: Meowscarada|0 fnt
|faint|p1a: Meowscarada
|
|-heal|p2a: Gliscor|35/100 tox|[from] ability: Poison Heal
|upkeep
|
|t:|1758232108
|switch|p1a: Iron Crown|Iron Crown, tera:Steel|51/100 brn
|-damage|p1a: Iron Crown|26/100 brn|[from] Spikes
|turn|43
|
|t:|1758232110
|move|p2a: Gliscor|Protect|p2a: Gliscor
|-singleturn|p2a: Gliscor|Protect
|move|p1a: Iron Crown|Tachyon Cutter|p2a: Gliscor
|-activate|p2a: Gliscor|move: Protect
|
|-heal|p2a: Gliscor|47/100 tox|[from] ability: Poison Heal
|-damage|p1a: Iron Crown|20/100 brn|[from] brn
|upkeep
|turn|44
|c|☆healorant|i hate gliscor beyond words
|
|t:|1758232113
|move|p1a: Iron Crown|Tachyon Cutter|p2a: Gliscor
|-resisted|p2a: Gliscor
|-damage|p2a: Gliscor|25/100 tox
|-resisted|p2a: Gliscor
|-damage|p2a: Gliscor|4/100 tox
|-hitcount|p2a: Gliscor|2
|move|p2a: Gliscor|Earthquake|p1a: Iron Crown
|-supereffective|p1a: Iron Crown
|-crit|p1a: Iron Crown
|-damage|p1a: Iron Crown|0 fnt
|faint|p1a: Iron Crown
|-end|p1a: Iron Crown|Quark Drive|[silent]
|
|win|Rj yoip
|raw|healorant's rating: 1776 &rarr; <strong>1757</strong><br />(-19 for losing)
|raw|Rj yoip's rating: 1790 &rarr; <strong>1809</strong><br />(+19 for winning)
|c|☆Rj yoip|Lmao
|c|☆Rj yoip|well
|l| oRinNeGa7V1
|c|☆Rj yoip|the Tera steel probbaly wasn’t wise
|l|☆healorant
|player|p1|
|l|☆Rj yoip
|player|p2|
|l| babyshark974
