|j|☆pedrinho77778
|j|‽duke fronterra
|t:|1758299439
|gametype|singles
|player|p1|pedrinho77778|red|1368
|player|p2|duke fronterra|170|1389
|gen|9
|tier|[Gen 9] OU
|rated|
|rule|HP Percentage Mod: HP is shown in percentages
|rule|Endless Battle Clause: Forcing endless battles is banned
|rule|Species Clause: Limit one of each Pokémon
|rule|OHKO Clause: OHKO moves are banned
|rule|Evasion Items Clause: Evasion items are banned
|rule|Evasion Moves Clause: Evasion moves are banned
|rule|Evasion Abilities Clause: Evasion abilities are banned
|rule|Sleep Moves Clause: Sleep-inducing moves are banned
|clearpoke
|poke|p1|Garganacl, M|
|poke|p1|Murkrow, M|
|poke|p1|Iron Moth|
|poke|p1|Meowscarada, M|
|poke|p1|Great Tusk|
|poke|p1|Moltres|
|poke|p2|Pelipper, F|
|poke|p2|Hatterene, F|
|poke|p2|Iron Treads|
|poke|p2|Toxicroak, F|
|poke|p2|Barraskewda, F|
|poke|p2|Zapdos|
|teampreview
|
|t:|1758299450
|teamsize|p1|6
|teamsize|p2|6
|start
|switch|p1a: Garganacl|Garganacl, M|100/100
|switch|p2a: Zapdos|Zapdos|100/100
|turn|1
|
|t:|1758299458
|move|p2a: Zapdos|Volt Switch|p1a: Garganacl
|-damage|p1a: Garganacl|68/100
|
|t:|1758299465
|switch|p2a: Toxicroak|Toxicroak, F|100/100|[from] Volt Switch
|move|p1a: Garganacl|Salt Cure|p2a: Toxicroak
|-resisted|p2a: Toxicroak
|-damage|p2a: Toxicroak|94/100
|-start|p2a: Toxicroak|Salt Cure
|
|-heal|p1a: Garganacl|74/100|[from] item: Leftovers
|-damage|p2a: Toxicroak|82/100|[from] Salt Cure
|upkeep
|turn|2
|
|t:|1758299470
|move|p1a: Garganacl|Protect|p1a: Garganacl
|-singleturn|p1a: Garganacl|Protect
|move|p2a: Toxicroak|Knock Off|p1a: Garganacl
|-activate|p1a: Garganacl|move: Protect
|
|-heal|p1a: Garganacl|80/100|[from] item: Leftovers
|-damage|p2a: Toxicroak|69/100|[from] Salt Cure
|upkeep
|turn|3
|
|t:|1758299476
|switch|p1a: Moltres|Moltres|100/100
|move|p2a: Toxicroak|Knock Off|p1a: Moltres
|-damage|p1a: Moltres|84/100
|-status|p2a: Toxicroak|brn|[from] ability: Flame Body|[of] p1a: Moltres
|-enditem|p1a: Moltres|Heavy-Duty Boots|[from] move: Knock Off|[of] p2a: Toxicroak
|
|-damage|p2a: Toxicroak|63/100 brn|[from] brn
|-damage|p2a: Toxicroak|51/100 brn|[from] Salt Cure
|upkeep
|turn|4
|
|t:|1758299489
|switch|p2a: Pelipper|Pelipper, F|100/100
|-weather|RainDance|[from] ability: Drizzle|[of] p2a: Pelipper
|switch|p1a: Garganacl|Garganacl, M|80/100
|
|-weather|RainDance|[upkeep]
|-heal|p1a: Garganacl|86/100|[from] item: Leftovers
|upkeep
|turn|5
|
|t:|1758299495
|-terastallize|p1a: Garganacl|Ghost
|move|p2a: Pelipper|Knock Off|p1a: Garganacl
|-supereffective|p1a: Garganacl
|-damage|p1a: Garganacl|69/100
|-enditem|p1a: Garganacl|Leftovers|[from] move: Knock Off|[of] p2a: Pelipper
|move|p1a: Garganacl|Stealth Rock|p2a: Pelipper
|-sidestart|p2: duke fronterra|move: Stealth Rock
|
|-weather|RainDance|[upkeep]
|upkeep
|turn|6
|
|t:|1758299503
|move|p2a: Pelipper|U-turn|p1a: Garganacl
|-resisted|p1a: Garganacl
|-damage|p1a: Garganacl|66/100
|
|t:|1758299506
|switch|p2a: Iron Treads|Iron Treads|100/100|[from] U-turn
|-damage|p2a: Iron Treads|98/100|[from] Stealth Rock
|move|p1a: Garganacl|Salt Cure|p2a: Iron Treads
|-resisted|p2a: Iron Treads
|-damage|p2a: Iron Treads|95/100
|-start|p2a: Iron Treads|Salt Cure
|
|-weather|RainDance|[upkeep]
|-heal|p2a: Iron Treads|100/100|[from] item: Leftovers
|-damage|p2a: Iron Treads|76/100|[from] Salt Cure
|upkeep
|turn|7
|
|t:|1758299511
|move|p2a: Iron Treads|Stealth Rock|p1a: Garganacl
|-sidestart|p1: pedrinho77778|move: Stealth Rock
|move|p1a: Garganacl|Recover|p1a: Garganacl
|-heal|p1a: Garganacl|100/100
|
|-weather|RainDance|[upkeep]
|-heal|p2a: Iron Treads|82/100|[from] item: Leftovers
|-damage|p2a: Iron Treads|57/100|[from] Salt Cure
|upkeep
|turn|8
|
|t:|1758299514
|-end|p2a: Iron Treads|Quark Drive|[silent]
|switch|p2a: Toxicroak|Toxicroak, F|51/100 brn
|-damage|p2a: Toxicroak|44/100 brn|[from] Stealth Rock
|switch|p1a: Great Tusk|Great Tusk|100/100
|
|-weather|RainDance|[upkeep]
|-heal|p2a: Toxicroak|57/100 brn|[from] ability: Dry Skin
|-damage|p2a: Toxicroak|51/100 brn|[from] brn
|upkeep
|turn|9
|
|t:|1758299519
|-terastallize|p2a: Toxicroak|Ghost
|move|p1a: Great Tusk|Rapid Spin|p2a: Toxicroak
|-immune|p2a: Toxicroak
|move|p2a: Toxicroak|Toxic|p1a: Great Tusk
|-status|p1a: Great Tusk|tox
|
|-weather|RainDance|[upkeep]
|-heal|p2a: Toxicroak|63/100 brn|[from] ability: Dry Skin
|-damage|p1a: Great Tusk|94/100 tox|[from] psn
|-damage|p2a: Toxicroak|57/100 brn|[from] brn
|upkeep
|turn|10
|
|t:|1758299529
|switch|p2a: Hatterene|Hatterene, F|100/100
|-damage|p2a: Hatterene|88/100|[from] Stealth Rock
|move|p1a: Great Tusk|Headlong Rush|p2a: Hatterene
|-damage|p2a: Hatterene|33/100
|-unboost|p1a: Great Tusk|def|1
|-unboost|p1a: Great Tusk|spd|1
|-enditem|p2a: Hatterene|Eject Button
|
|t:|1758299532
|switch|p2a: Barraskewda|Barraskewda, F|100/100
|-damage|p2a: Barraskewda|88/100|[from] Stealth Rock
|
|-weather|RainDance|[upkeep]
|-damage|p1a: Great Tusk|82/100 tox|[from] psn
|upkeep
|turn|11
|
|t:|1758299539
|-end|p1a: Great Tusk|Protosynthesis|[silent]
|switch|p1a: Moltres|Moltres|84/100
|-damage|p1a: Moltres|34/100|[from] Stealth Rock
|move|p2a: Barraskewda|Flip Turn|p1a: Moltres
|-supereffective|p1a: Moltres
|-damage|p1a: Moltres|0 fnt
|faint|p1a: Moltres
|
|t:|1758299545
|switch|p2a: Iron Treads|Iron Treads|57/100|[from] Flip Turn
|-damage|p2a: Iron Treads|54/100|[from] Stealth Rock
|
|-weather|none
|-heal|p2a: Iron Treads|60/100|[from] item: Leftovers
|upkeep
|
|t:|1758299550
|switch|p1a: Great Tusk|Great Tusk|82/100 tox
|turn|12
|
|t:|1758299557
|-end|p2a: Iron Treads|Quark Drive|[silent]
|switch|p2a: Pelipper|Pelipper, F|100/100
|-damage|p2a: Pelipper|76/100|[from] Stealth Rock
|-weather|RainDance|[from] ability: Drizzle|[of] p2a: Pelipper
|move|p1a: Great Tusk|Headlong Rush|p2a: Pelipper
|-immune|p2a: Pelipper
|
|-weather|RainDance|[upkeep]
|-damage|p1a: Great Tusk|76/100 tox|[from] psn
|upkeep
|turn|13
|
|t:|1758299563
|switch|p2a: Toxicroak|Toxicroak, F, tera:Ghost|57/100 brn
|-damage|p2a: Toxicroak|44/100 brn|[from] Stealth Rock
|move|p1a: Great Tusk|Rapid Spin|p2a: Toxicroak
|-immune|p2a: Toxicroak
|
|-weather|RainDance|[upkeep]
|-heal|p2a: Toxicroak|57/100 brn|[from] ability: Dry Skin
|-damage|p1a: Great Tusk|63/100 tox|[from] psn
|-damage|p2a: Toxicroak|51/100 brn|[from] brn
|upkeep
|turn|14
|
|t:|1758299577
|move|p1a: Great Tusk|Rapid Spin|p2a: Toxicroak
|-immune|p2a: Toxicroak
|move|p2a: Toxicroak|Drain Punch|p1a: Great Tusk
|-damage|p1a: Great Tusk|53/100 tox
|-heal|p2a: Toxicroak|56/100 brn|[from] drain|[of] p1a: Great Tusk
|
|-weather|RainDance|[upkeep]
|-heal|p2a: Toxicroak|69/100 brn|[from] ability: Dry Skin
|-damage|p1a: Great Tusk|34/100 tox|[from] psn
|-damage|p2a: Toxicroak|62/100 brn|[from] brn
|upkeep
|turn|15
|
|t:|1758299589
|-end|p1a: Great Tusk|Protosynthesis|[silent]
|switch|p1a: Garganacl|Garganacl, M, tera:Ghost|100/100
|-damage|p1a: Garganacl|88/100|[from] Stealth Rock
|move|p2a: Toxicroak|Drain Punch|p1a: Garganacl
|-immune|p1a: Garganacl
|
|-weather|RainDance|[upkeep]
|-heal|p2a: Toxicroak|75/100 brn|[from] ability: Dry Skin
|-damage|p2a: Toxicroak|69/100 brn|[from] brn
|upkeep
|turn|16
|
|t:|1758299597
|move|p2a: Toxicroak|Encore||[still]
|-fail|p2a: Toxicroak
|move|p1a: Garganacl|Salt Cure|p2a: Toxicroak
|-damage|p2a: Toxicroak|56/100 brn
|-start|p2a: Toxicroak|Salt Cure
|
|-weather|RainDance|[upkeep]
|-heal|p2a: Toxicroak|69/100 brn|[from] ability: Dry Skin
|-damage|p2a: Toxicroak|62/100 brn|[from] brn
|-damage|p2a: Toxicroak|50/100 brn|[from] Salt Cure
|upkeep
|turn|17
|
|t:|1758299610
|switch|p2a: Barraskewda|Barraskewda, F|88/100
|-damage|p2a: Barraskewda|76/100|[from] Stealth Rock
|move|p1a: Garganacl|Salt Cure|p2a: Barraskewda
|-damage|p2a: Barraskewda|50/100
|-start|p2a: Barraskewda|Salt Cure
|
|-weather|RainDance|[upkeep]
|-damage|p2a: Barraskewda|25/100|[from] Salt Cure
|upkeep
|turn|18
|
|t:|1758299621
|switch|p2a: Zapdos|Zapdos|100/100
|-damage|p2a: Zapdos|76/100|[from] Stealth Rock
|move|p1a: Garganacl|Salt Cure|p2a: Zapdos
|-supereffective|p2a: Zapdos
|-damage|p2a: Zapdos|41/100
|-start|p2a: Zapdos|Salt Cure
|
|-weather|RainDance|[upkeep]
|-damage|p2a: Zapdos|29/100|[from] Salt Cure
|upkeep
|turn|19
|
|t:|1758299633
|move|p1a: Garganacl|Protect|p1a: Garganacl
|-singleturn|p1a: Garganacl|Protect
|move|p2a: Zapdos|Volt Switch|p1a: Garganacl
|-activate|p1a: Garganacl|move: Protect
|
|-weather|none
|-damage|p2a: Zapdos|16/100|[from] Salt Cure
|upkeep
|turn|20
|
|t:|1758299644
|move|p2a: Zapdos|Volt Switch|p1a: Garganacl
|-damage|p1a: Garganacl|55/100
|
|t:|1758299657
|switch|p2a: Hatterene|Hatterene, F|33/100|[from] Volt Switch
|-damage|p2a: Hatterene|21/100|[from] Stealth Rock
|move|p1a: Garganacl|Recover|p1a: Garganacl
|-heal|p1a: Garganacl|100/100
|
|upkeep
|turn|21
|
|t:|1758299667
|switch|p1a: Great Tusk|Great Tusk|34/100 tox
|move|p2a: Hatterene|Healing Wish|p2a: Hatterene
|faint|p2a: Hatterene
|
|-damage|p1a: Great Tusk|28/100 tox|[from] psn
|upkeep
|
|t:|1758299690
|switch|p2a: Barraskewda|Barraskewda, F|25/100
|-heal|p2a: Barraskewda|100/100|[from] move: Healing Wish
|-damage|p2a: Barraskewda|88/100|[from] Stealth Rock
|turn|22
|
|t:|1758299719
|move|p2a: Barraskewda|Flip Turn|p1a: Great Tusk
|-supereffective|p1a: Great Tusk
|-damage|p1a: Great Tusk|0 fnt
|faint|p1a: Great Tusk
|-end|p1a: Great Tusk|Protosynthesis|[silent]
|
|t:|1758299726
|switch|p2a: Pelipper|Pelipper, F|76/100|[from] Flip Turn
|-damage|p2a: Pelipper|51/100|[from] Stealth Rock
|-weather|RainDance|[from] ability: Drizzle|[of] p2a: Pelipper
|
|-weather|RainDance|[upkeep]
|upkeep
|
|t:|1758299740
|switch|p1a: Meowscarada|Meowscarada, M|100/100
|-damage|p1a: Meowscarada|88/100|[from] Stealth Rock
|turn|23
|
|t:|1758299754
|move|p1a: Meowscarada|Flower Trick|p2a: Pelipper
|-start|p1a: Meowscarada|typechange|Grass|[from] ability: Protean
|-crit|p2a: Pelipper
|-damage|p2a: Pelipper|1/100
|move|p2a: Pelipper|U-turn|p1a: Meowscarada
|-supereffective|p1a: Meowscarada
|-damage|p1a: Meowscarada|60/100
|
|t:|1758299772
|switch|p2a: Barraskewda|Barraskewda, F|88/100|[from] U-turn
|-damage|p2a: Barraskewda|76/100|[from] Stealth Rock
|
|-weather|RainDance|[upkeep]
|upkeep
|turn|24
|
|t:|1758299787
|switch|p1a: Murkrow|Murkrow, M|100/100
|-damage|p1a: Murkrow|75/100|[from] Stealth Rock
|move|p2a: Barraskewda|Liquidation|p1a: Murkrow
|-damage|p1a: Murkrow|0 fnt
|faint|p1a: Murkrow
|
|-weather|RainDance|[upkeep]
|upkeep
|
|t:|1758299795
|switch|p1a: Garganacl|Garganacl, M, tera:Ghost|100/100
|-damage|p1a: Garganacl|88/100|[from] Stealth Rock
|turn|25
|
|t:|1758299802
|move|p2a: Barraskewda|Liquidation|p1a: Garganacl
|-damage|p1a: Garganacl|13/100
|move|p1a: Garganacl|Salt Cure|p2a: Barraskewda
|-damage|p2a: Barraskewda|51/100
|-start|p2a: Barraskewda|Salt Cure
|
|-weather|RainDance|[upkeep]
|-damage|p2a: Barraskewda|26/100|[from] Salt Cure
|upkeep
|turn|26
|
|t:|1758299809
|switch|p2a: Iron Treads|Iron Treads|60/100
|-damage|p2a: Iron Treads|57/100|[from] Stealth Rock
|move|p1a: Garganacl|Protect||[still]
|-fail|p1a: Garganacl
|
|-weather|RainDance|[upkeep]
|-heal|p2a: Iron Treads|63/100|[from] item: Leftovers
|upkeep
|turn|27
|
|t:|1758299817
|move|p2a: Iron Treads|Rapid Spin|p1a: Garganacl
|-immune|p1a: Garganacl
|move|p1a: Garganacl|Recover|p1a: Garganacl
|-heal|p1a: Garganacl|63/100
|
|-weather|RainDance|[upkeep]
|-heal|p2a: Iron Treads|69/100|[from] item: Leftovers
|upkeep
|turn|28
|
|t:|1758299823
|move|p2a: Iron Treads|Earthquake|p1a: Garganacl
|-crit|p1a: Garganacl
|-damage|p1a: Garganacl|24/100
|move|p1a: Garganacl|Recover|p1a: Garganacl
|-heal|p1a: Garganacl|74/100
|
|-weather|RainDance|[upkeep]
|-heal|p2a: Iron Treads|75/100|[from] item: Leftovers
|upkeep
|turn|29
|
|t:|1758299826
|move|p2a: Iron Treads|Earthquake|p1a: Garganacl
|-damage|p1a: Garganacl|50/100
|move|p1a: Garganacl|Salt Cure|p2a: Iron Treads
|-resisted|p2a: Iron Treads
|-damage|p2a: Iron Treads|72/100
|-start|p2a: Iron Treads|Salt Cure
|
|-weather|none
|-heal|p2a: Iron Treads|78/100|[from] item: Leftovers
|-damage|p2a: Iron Treads|54/100|[from] Salt Cure
|upkeep
|turn|30
|-message|duke fronterra forfeited.
|
|win|pedrinho77778
|raw|pedrinho77778's rating: 1368 &rarr; <strong>1389</strong><br />(+21 for winning)
|raw|duke fronterra's rating: 1389 &rarr; <strong>1368</strong><br />(-21 for losing)
|l|‽duke fronterra
|player|p2|
|l|☆pedrinho77778
|player|p1|
