|j|☆matougris
|j|☆spudcutter
|t:|1758270939
|gametype|singles
|player|p1|matougris|cameraman|1581
|player|p2|spudcutter|ghetsis-gen5bw|1604
|gen|9
|tier|[Gen 9] OU
|rated|
|rule|HP Percentage Mod: HP is shown in percentages
|rule|Endless Battle Clause: Forcing endless battles is banned
|rule|Species Clause: Limit one of each Pokémon
|rule|OHKO Clause: OHKO moves are banned
|rule|Evasion Items Clause: Evasion items are banned
|rule|Evasion Moves Clause: Evasion moves are banned
|rule|Evasion Abilities Clause: Evasion abilities are banned
|rule|Sleep Moves Clause: Sleep-inducing moves are banned
|clearpoke
|poke|p1|Torkoal, M|
|poke|p1|Walking Wake|
|poke|p1|Iron Moth|
|poke|p1|Kingambit, F|
|poke|p1|Lilligant-Hisui, F|
|poke|p1|Great Tusk|
|poke|p2|Kingambit, F|
|poke|p2|Dragapult, M|
|poke|p2|Great Tusk|
|poke|p2|Slowking-Galar, F|
|poke|p2|Darkrai|
|poke|p2|Dondozo, F|
|teampreview
|inactive|Battle timer is ON: inactive players will automatically lose when time's up. (requested by spudcutter)
|
|t:|1758270945
|teamsize|p1|6
|teamsize|p2|6
|start
|switch|p1a: tapfort 1|Great Tusk, shiny|100/100
|switch|p2a: Great Tusk|Great Tusk|100/100
|turn|1
|
|t:|1758270950
|-end|p1a: tapfort 1|Protosynthesis|[silent]
|switch|p1a: long queue|Walking Wake|100/100
|move|p2a: Great Tusk|Ice Spinner|p1a: long queue
|-damage|p1a: long queue|72/100
|
|upkeep
|turn|2
|
|t:|1758270957
|-end|p1a: long queue|Protosynthesis|[silent]
|switch|p1a: tapfort 1|Great Tusk, shiny|100/100
|-end|p2a: Great Tusk|Protosynthesis|[silent]
|switch|p2a: Slowking|Slowking-Galar, F|100/100
|
|upkeep
|turn|3
|
|t:|1758270961
|switch|p2a: Dondozo|Dondozo, F|100/100
|move|p1a: tapfort 1|Headlong Rush|p2a: Dondozo
|-damage|p2a: Dondozo|60/100
|-unboost|p1a: tapfort 1|def|1
|-unboost|p1a: tapfort 1|spd|1
|-damage|p1a: tapfort 1|84/100|[from] item: Rocky Helmet|[of] p2a: Dondozo
|-damage|p1a: tapfort 1|74/100|[from] item: Life Orb
|
|upkeep
|turn|4
|
|t:|1758270968
|-end|p1a: tapfort 1|Protosynthesis|[silent]
|switch|p1a: long queue|Walking Wake|72/100
|move|p2a: Dondozo|Rest|p2a: Dondozo
|-status|p2a: Dondozo|slp|[from] move: Rest
|-heal|p2a: Dondozo|100/100 slp|[silent]
|
|upkeep
|turn|5
|
|t:|1758270972
|switch|p2a: Slowking|Slowking-Galar, F|100/100
|move|p1a: long queue|Dragon Pulse|p2a: Slowking
|-damage|p2a: Slowking|73/100
|-damage|p1a: long queue|62/100|[from] item: Life Orb
|
|upkeep
|turn|6
|
|t:|1758270975
|move|p1a: long queue|Hydro Steam|p2a: Slowking
|-damage|p2a: Slowking|43/100
|-damage|p1a: long queue|53/100|[from] item: Life Orb
|move|p2a: Slowking|Sludge Bomb|p1a: long queue
|-damage|p1a: long queue|0 fnt
|faint|p1a: long queue
|-end|p1a: long queue|Protosynthesis|[silent]
|
|upkeep
|
|t:|1758270982
|switch|p1a: tapfort 1|Great Tusk, shiny|74/100
|turn|7
|
|t:|1758270986
|switch|p2a: Darkrai|Darkrai|100/100
|move|p1a: tapfort 1|Headlong Rush|p2a: Darkrai
|-damage|p2a: Darkrai|0 fnt
|-unboost|p1a: tapfort 1|def|1
|-unboost|p1a: tapfort 1|spd|1
|faint|p2a: Darkrai
|-damage|p1a: tapfort 1|64/100|[from] item: Life Orb
|
|upkeep
|
|t:|1758270988
|switch|p2a: Dragapult|Dragapult, M|100/100
|turn|8
|
|t:|1758270991
|-end|p1a: tapfort 1|Protosynthesis|[silent]
|switch|p1a: frapfort 2|Kingambit, F, shiny|100/100
|-activate|p1a: frapfort 2|ability: Supreme Overlord
|-start|p1a: frapfort 2|fallen1|[silent]
|move|p2a: Dragapult|U-turn|p1a: frapfort 2
|-damage|p1a: frapfort 2|83/100
|
|t:|1758270994
|switch|p2a: Great Tusk|Great Tusk|100/100|[from] U-turn
|
|-heal|p1a: frapfort 2|89/100|[from] item: Leftovers
|upkeep
|turn|9
|
|t:|1758270997
|-terastallize|p1a: frapfort 2|Fairy
|move|p2a: Great Tusk|Rapid Spin|p1a: frapfort 2
|-damage|p1a: frapfort 2|76/100
|-boost|p2a: Great Tusk|spe|1
|move|p1a: frapfort 2|Tera Blast|p2a: Great Tusk|[anim] Tera Blast Fairy
|-supereffective|p2a: Great Tusk
|-damage|p2a: Great Tusk|26/100
|
|-heal|p2a: Great Tusk|32/100|[from] item: Leftovers
|-heal|p1a: frapfort 2|82/100|[from] item: Leftovers
|upkeep
|turn|10
|
|t:|1758271003
|-end|p2a: Great Tusk|Protosynthesis|[silent]
|switch|p2a: Dondozo|Dondozo, F|100/100 slp
|move|p1a: frapfort 2|Tera Blast|p2a: Dondozo|[anim] Tera Blast Fairy
|-damage|p2a: Dondozo|77/100 slp
|
|-heal|p1a: frapfort 2|88/100|[from] item: Leftovers
|upkeep
|turn|11
|
|t:|1758271008
|-end|p1a: frapfort 2|fallen1|[silent]
|switch|p1a: streapteaseuse|Lilligant-Hisui, F, shiny|100/100
|cant|p2a: Dondozo|slp
|move|p2a: Dondozo|Sleep Talk|p2a: Dondozo
|move|p2a: Dondozo|Curse|p2a: Dondozo|[from] move: Sleep Talk
|-unboost|p2a: Dondozo|spe|1
|-boost|p2a: Dondozo|atk|1
|-boost|p2a: Dondozo|def|1
|
|upkeep
|turn|12
|
|t:|1758271016
|switch|p1a: here comes the|Torkoal, M, shiny|100/100
|-weather|SunnyDay|[from] ability: Drought|[of] p1a: here comes the
|cant|p2a: Dondozo|slp
|move|p2a: Dondozo|Sleep Talk|p2a: Dondozo
|move|p2a: Dondozo|Rest||[from] move: Sleep Talk|[still]
|-fail|p2a: Dondozo
|
|-weather|SunnyDay|[upkeep]
|upkeep
|turn|13
|
|t:|1758271020
|switch|p2a: Slowking|Slowking-Galar, F|76/100
|move|p1a: here comes the|Stealth Rock|p2a: Slowking
|-sidestart|p2: spudcutter|move: Stealth Rock
|
|-weather|SunnyDay|[upkeep]
|upkeep
|turn|14
|
|t:|1758271024
|switch|p1a: frapfort 2|Kingambit, F, shiny, tera:Fairy|88/100
|-activate|p1a: frapfort 2|ability: Supreme Overlord
|-start|p1a: frapfort 2|fallen1|[silent]
|move|p2a: Slowking|Sludge Bomb|p1a: frapfort 2
|-supereffective|p1a: frapfort 2
|-damage|p1a: frapfort 2|0 fnt
|faint|p1a: frapfort 2
|-end|p1a: frapfort 2|fallen1|[silent]
|
|-weather|SunnyDay|[upkeep]
|upkeep
|
|t:|1758271029
|switch|p1a: tapfort 1|Great Tusk, shiny|64/100
|-activate|p1a: tapfort 1|ability: Protosynthesis
|-start|p1a: tapfort 1|protosynthesisatk
|turn|15
|
|t:|1758271038
|switch|p2a: Kingambit|Kingambit, F|100/100
|-damage|p2a: Kingambit|94/100|[from] Stealth Rock
|move|p1a: tapfort 1|Headlong Rush|p2a: Kingambit
|-supereffective|p2a: Kingambit
|-damage|p2a: Kingambit|0 fnt
|-unboost|p1a: tapfort 1|def|1
|-unboost|p1a: tapfort 1|spd|1
|faint|p2a: Kingambit
|-damage|p1a: tapfort 1|54/100|[from] item: Life Orb
|
|-weather|SunnyDay|[upkeep]
|upkeep
|
|t:|1758271041
|switch|p2a: Dragapult|Dragapult, M|100/100
|turn|16
|
|t:|1758271053
|-end|p1a: tapfort 1|Protosynthesis|[silent]
|switch|p1a: la mite|Iron Moth|100/100
|-enditem|p1a: la mite|Booster Energy
|-activate|p1a: la mite|ability: Quark Drive|[fromitem]
|-start|p1a: la mite|quarkdrivespe
|move|p2a: Dragapult|Dragon Darts|p1a: la mite
|-damage|p1a: la mite|66/100
|-anim|p2a: Dragapult|Dragon Darts|p1a: la mite
|-damage|p1a: la mite|31/100
|
|-weather|SunnyDay|[upkeep]
|upkeep
|turn|17
|
|t:|1758271056
|move|p1a: la mite|Sludge Wave|p2a: Dragapult
|-resisted|p2a: Dragapult
|-damage|p2a: Dragapult|68/100
|move|p2a: Dragapult|Dragon Darts|p1a: la mite
|-damage|p1a: la mite|0 fnt
|faint|p1a: la mite
|-end|p1a: la mite|Quark Drive|[silent]
|
|-weather|SunnyDay|[upkeep]
|upkeep
|
|t:|1758271060
|switch|p1a: streapteaseuse|Lilligant-Hisui, F, shiny|100/100
|turn|18
|
|t:|1758271064
|switch|p1a: tapfort 1|Great Tusk, shiny|54/100
|-activate|p1a: tapfort 1|ability: Protosynthesis
|-start|p1a: tapfort 1|protosynthesisatk
|switch|p2a: Dondozo|Dondozo, F|77/100 slp
|-damage|p2a: Dondozo|65/100 slp|[from] Stealth Rock
|
|-weather|SunnyDay|[upkeep]
|upkeep
|turn|19
|
|t:|1758271068
|move|p1a: tapfort 1|Headlong Rush|p2a: Dondozo
|-damage|p2a: Dondozo|12/100 slp
|-unboost|p1a: tapfort 1|def|1
|-unboost|p1a: tapfort 1|spd|1
|-damage|p1a: tapfort 1|38/100|[from] item: Rocky Helmet|[of] p2a: Dondozo
|-damage|p1a: tapfort 1|28/100|[from] item: Life Orb
|-curestatus|p2a: Dondozo|slp|[msg]
|move|p2a: Dondozo|Rest|p2a: Dondozo
|-status|p2a: Dondozo|slp|[from] move: Rest
|-heal|p2a: Dondozo|100/100 slp|[silent]
|
|-weather|none
|-end|p1a: tapfort 1|Protosynthesis
|upkeep
|turn|20
|
|t:|1758271073
|-end|p1a: tapfort 1|Protosynthesis|[silent]
|switch|p1a: here comes the|Torkoal, M, shiny|100/100
|-weather|SunnyDay|[from] ability: Drought|[of] p1a: here comes the
|cant|p2a: Dondozo|slp
|move|p2a: Dondozo|Sleep Talk|p2a: Dondozo
|move|p2a: Dondozo|Curse|p2a: Dondozo|[from] move: Sleep Talk
|-unboost|p2a: Dondozo|spe|1
|-boost|p2a: Dondozo|atk|1
|-boost|p2a: Dondozo|def|1
|
|-weather|SunnyDay|[upkeep]
|upkeep
|turn|21
|
|t:|1758271077
|switch|p1a: streapteaseuse|Lilligant-Hisui, F, shiny|100/100
|switch|p2a: Great Tusk|Great Tusk|32/100
|-damage|p2a: Great Tusk|29/100|[from] Stealth Rock
|-activate|p2a: Great Tusk|ability: Protosynthesis
|-start|p2a: Great Tusk|protosynthesisatk
|
|-weather|SunnyDay|[upkeep]
|-heal|p2a: Great Tusk|36/100|[from] item: Leftovers
|upkeep
|turn|22
|
|t:|1758271082
|move|p1a: streapteaseuse|Solar Blade||[still]
|-prepare|p1a: streapteaseuse|Solar Blade
|-anim|p1a: streapteaseuse|Solar Blade|p2a: Great Tusk
|-supereffective|p2a: Great Tusk
|-damage|p2a: Great Tusk|0 fnt
|faint|p2a: Great Tusk
|-end|p2a: Great Tusk|Protosynthesis|[silent]
|-damage|p1a: streapteaseuse|91/100|[from] item: Life Orb
|
|-weather|SunnyDay|[upkeep]
|upkeep
|
|t:|1758271085
|switch|p2a: Slowking|Slowking-Galar, F|100/100
|-damage|p2a: Slowking|88/100|[from] Stealth Rock
|turn|23
|
|t:|1758271091
|switch|p1a: here comes the|Torkoal, M, shiny|100/100
|move|p2a: Slowking|Sludge Bomb|p1a: here comes the
|-damage|p1a: here comes the|62/100
|
|-weather|SunnyDay|[upkeep]
|upkeep
|turn|24
|
|t:|1758271095
|move|p2a: Slowking|Sludge Bomb|p1a: here comes the
|-damage|p1a: here comes the|19/100
|move|p1a: here comes the|Lava Plume|p2a: Slowking
|-damage|p2a: Slowking|68/100
|-status|p2a: Slowking|brn
|
|-weather|SunnyDay|[upkeep]
|-damage|p2a: Slowking|62/100 brn|[from] brn
|upkeep
|turn|25
|
|t:|1758271101
|move|p2a: Slowking|Grass Knot|p1a: here comes the
|-resisted|p1a: here comes the
|-damage|p1a: here comes the|7/100
|move|p1a: here comes the|Lava Plume|p2a: Slowking
|-damage|p2a: Slowking|43/100 brn
|
|-weather|SunnyDay|[upkeep]
|-damage|p2a: Slowking|37/100 brn|[from] brn
|upkeep
|turn|26
|
|t:|1758271108
|move|p2a: Slowking|Sludge Bomb|p1a: here comes the
|-crit|p1a: here comes the
|-damage|p1a: here comes the|0 fnt
|faint|p1a: here comes the
|
|-weather|SunnyDay|[upkeep]
|-damage|p2a: Slowking|31/100 brn|[from] brn
|upkeep
|
|t:|1758271116
|switch|p1a: tapfort 1|Great Tusk, shiny|28/100
|-activate|p1a: tapfort 1|ability: Protosynthesis
|-start|p1a: tapfort 1|protosynthesisatk
|turn|27
|
|t:|1758271121
|move|p1a: tapfort 1|Rapid Spin|p2a: Slowking
|-damage|p2a: Slowking|0 fnt
|-boost|p1a: tapfort 1|spe|1
|faint|p2a: Slowking
|-damage|p1a: tapfort 1|18/100|[from] item: Life Orb
|
|-weather|none
|-end|p1a: tapfort 1|Protosynthesis
|upkeep
|
|t:|1758271124
|switch|p2a: Dondozo|Dondozo, F|100/100 slp
|-damage|p2a: Dondozo|88/100 slp|[from] Stealth Rock
|turn|28
|
|t:|1758271135
|move|p1a: tapfort 1|Headlong Rush|p2a: Dondozo
|-damage|p2a: Dondozo|49/100 slp
|-unboost|p1a: tapfort 1|def|1
|-unboost|p1a: tapfort 1|spd|1
|-damage|p1a: tapfort 1|1/100|[from] item: Rocky Helmet|[of] p2a: Dondozo
|-damage|p1a: tapfort 1|0 fnt|[from] item: Life Orb
|faint|p1a: tapfort 1
|-end|p1a: tapfort 1|Protosynthesis|[silent]
|cant|p2a: Dondozo|slp
|move|p2a: Dondozo|Sleep Talk|p2a: Dondozo
|move|p2a: Dondozo|Rest||[from] move: Sleep Talk|[still]
|-fail|p2a: Dondozo
|
|upkeep
|
|t:|1758271138
|switch|p1a: streapteaseuse|Lilligant-Hisui, F, shiny|91/100
|turn|29
|
|t:|1758271142
|move|p1a: streapteaseuse|Close Combat|p2a: Dondozo
|-damage|p2a: Dondozo|12/100 slp
|-unboost|p1a: streapteaseuse|def|1
|-unboost|p1a: streapteaseuse|spd|1
|-damage|p1a: streapteaseuse|74/100|[from] item: Rocky Helmet|[of] p2a: Dondozo
|-damage|p1a: streapteaseuse|64/100|[from] item: Life Orb
|-curestatus|p2a: Dondozo|slp|[msg]
|move|p2a: Dondozo|Rest|p2a: Dondozo
|-status|p2a: Dondozo|slp|[from] move: Rest
|-heal|p2a: Dondozo|100/100 slp|[silent]
|
|upkeep
|turn|30
|c|☆matougris|gg
|
|t:|1758271151
|move|p1a: streapteaseuse|Solar Blade||[still]
|-prepare|p1a: streapteaseuse|Solar Blade
|cant|p2a: Dondozo|slp
|move|p2a: Dondozo|Sleep Talk|p2a: Dondozo
|move|p2a: Dondozo|Rest||[from] move: Sleep Talk|[still]
|-fail|p2a: Dondozo
|
|upkeep
|turn|31
|c|☆spudcutter|Gg
|
|t:|1758271160
|move|p1a: streapteaseuse|Solar Blade|p2a: Dondozo|[from] lockedmove
|-supereffective|p2a: Dondozo
|-damage|p2a: Dondozo|35/100 slp
|-damage|p1a: streapteaseuse|48/100|[from] item: Rocky Helmet|[of] p2a: Dondozo
|-damage|p1a: streapteaseuse|38/100|[from] item: Life Orb
|cant|p2a: Dondozo|slp
|move|p2a: Dondozo|Sleep Talk|p2a: Dondozo
|move|p2a: Dondozo|Rest||[from] move: Sleep Talk|[still]
|-fail|p2a: Dondozo
|
|upkeep
|turn|32
|
|t:|1758271168
|move|p1a: streapteaseuse|Close Combat|p2a: Dondozo
|-damage|p2a: Dondozo|4/100 slp
|-unboost|p1a: streapteaseuse|def|1
|-unboost|p1a: streapteaseuse|spd|1
|-damage|p1a: streapteaseuse|21/100|[from] item: Rocky Helmet|[of] p2a: Dondozo
|-damage|p1a: streapteaseuse|12/100|[from] item: Life Orb
|-curestatus|p2a: Dondozo|slp|[msg]
|move|p2a: Dondozo|Rest|p2a: Dondozo
|-status|p2a: Dondozo|slp|[from] move: Rest
|-heal|p2a: Dondozo|100/100 slp|[silent]
|
|upkeep
|turn|33
|-message|matougris forfeited.
|
|win|spudcutter
|raw|matougris's rating: 1581 &rarr; <strong>1562</strong><br />(-19 for losing)
|raw|spudcutter's rating: 1604 &rarr; <strong>1623</strong><br />(+19 for winning)
|l|☆matougris
|player|p1|
|l|☆spudcutter
|player|p2|
