|j|☆avenacaroni
|j|‽gottaketchupyall
|t:|1758271371
|gametype|singles
|player|p1|avenacaroni|caitlin|1337
|player|p2|gottaketchupyall|102|1279
|gen|9
|tier|[Gen 9] OU
|rated|
|rule|HP Percentage Mod: HP is shown in percentages
|rule|Endless Battle Clause: Forcing endless battles is banned
|rule|Species Clause: Limit one of each Pokémon
|rule|OHKO Clause: OHKO moves are banned
|rule|Evasion Items Clause: Evasion items are banned
|rule|Evasion Moves Clause: Evasion moves are banned
|rule|Evasion Abilities Clause: Evasion abilities are banned
|rule|Sleep Moves Clause: Sleep-inducing moves are banned
|clearpoke
|poke|p1|Infernape, M|
|poke|p1|Garchomp, M|
|poke|p1|Gyarados, M|
|poke|p1|Electivire, F|
|poke|p1|Scizor, F|
|poke|p1|Gengar, M|
|poke|p2|Politoed, F|
|poke|p2|Brambleghast, F|
|poke|p2|Vileplume, M|
|poke|p2|Hydrapple, F|
|poke|p2|Ludicolo, M|
|poke|p2|Overqwil, F|
|teampreview
|
|t:|1758271407
|teamsize|p1|6
|teamsize|p2|6
|start
|switch|p1a: Evie|Electivire, F|100/100
|switch|p2a: Hydrapple|Hydrapple, F|100/100
|turn|1
|
|t:|1758271459
|switch|p1a: Sasha|Scizor, F|100/100
|move|p2a: Hydrapple|Dragon Tail|p1a: Sasha
|-resisted|p1a: Sasha
|-damage|p1a: Sasha|91/100
|drag|p1a: Clover|Gengar, M|100/100
|-item|p1a: Clover|Air Balloon
|
|upkeep
|turn|2
|
|t:|1758271484
|move|p1a: Clover|Dazzling Gleam|p2a: Hydrapple
|-supereffective|p2a: Hydrapple
|-damage|p2a: Hydrapple|65/100
|move|p2a: Hydrapple|Fickle Beam|p1a: Clover
|-damage|p1a: Clover|29/100
|-start|p2a: Hydrapple|Disable|Fickle Beam|[from] ability: Cursed Body|[of] p1a: Clover
|-enditem|p1a: Clover|Air Balloon
|
|upkeep
|turn|3
|
|t:|1758271496
|move|p1a: Clover|Thunder Wave|p2a: Hydrapple
|-status|p2a: Hydrapple|par
|move|p2a: Hydrapple|Dragon Tail|p1a: Clover
|-damage|p1a: Clover|0 fnt
|faint|p1a: Clover
|
|upkeep
|
|t:|1758271518
|switch|p1a: Sasha|Scizor, F|91/100
|turn|4
|
|t:|1758271524
|move|p1a: Sasha|U-turn|p2a: Hydrapple
|-supereffective|p2a: Hydrapple
|-damage|p2a: Hydrapple|0 fnt
|faint|p2a: Hydrapple
|
|t:|1758271532
|switch|p1a: Evie|Electivire, F|100/100|[from] U-turn
|
|upkeep
|
|t:|1758271538
|switch|p2a: Overqwil|Overqwil, F|100/100
|-ability|p2a: Overqwil|Intimidate|boost
|-unboost|p1a: Evie|atk|1
|turn|5
|
|t:|1758271582
|switch|p1a: Garrus|Garchomp, M|100/100
|move|p2a: Overqwil|Toxic Spikes|p1a: Garrus
|-sidestart|p1: avenacaroni|move: Toxic Spikes
|
|upkeep
|turn|6
|
|t:|1758271612
|switch|p2a: Politoed|Politoed, F|100/100
|-weather|RainDance|[from] ability: Drizzle|[of] p2a: Politoed
|move|p1a: Garrus|Swords Dance|p1a: Garrus
|-boost|p1a: Garrus|atk|2
|
|-weather|RainDance|[upkeep]
|upkeep
|turn|7
|
|t:|1758271653
|-terastallize|p1a: Garrus|Steel
|move|p1a: Garrus|Earthquake|p2a: Politoed
|-damage|p2a: Politoed|0 fnt
|faint|p2a: Politoed
|
|-weather|RainDance|[upkeep]
|upkeep
|
|t:|1758271683
|switch|p2a: Ludicolo|Ludicolo, M|100/100
|turn|8
|
|t:|1758271696
|-terastallize|p2a: Ludicolo|Fighting
|move|p2a: Ludicolo|Drain Punch|p1a: Garrus
|-supereffective|p1a: Garrus
|-damage|p1a: Garrus|32/100
|-damage|p2a: Ludicolo|88/100|[from] ability: Rough Skin|[of] p1a: Garrus
|move|p1a: Garrus|Scale Shot|p2a: Ludicolo
|-damage|p2a: Ludicolo|52/100
|-damage|p2a: Ludicolo|10/100
|-damage|p2a: Ludicolo|0 fnt
|faint|p2a: Ludicolo
|-hitcount|p2: Ludicolo|3
|-unboost|p1a: Garrus|def|1
|-boost|p1a: Garrus|spe|1
|
|-weather|RainDance|[upkeep]
|upkeep
|-message|gottaketchupyall forfeited.
|
|win|avenacaroni
|raw|avenacaroni's rating: 1337 &rarr; <strong>1354</strong><br />(+17 for winning)
|raw|gottaketchupyall's rating: 1279 &rarr; <strong>1258</strong><br />(-21 for losing)
|l|‽gottaketchupyall
|player|p2|
|l|☆avenacaroni
|player|p1|
