|j|☆prettiprincess
|j|☆Yung Whx
|t:|1758321090
|gametype|singles
|player|p1|prettiprincess|idol|1072
|player|p2|Yung Whx|cynthia|1134
|gen|9
|tier|[Gen 9] OU
|rated|
|rule|HP Percentage Mod: HP is shown in percentages
|rule|Endless Battle Clause: Forcing endless battles is banned
|rule|Species Clause: Limit one of each Pokémon
|rule|OHKO Clause: OHKO moves are banned
|rule|Evasion Items Clause: Evasion items are banned
|rule|Evasion Moves Clause: Evasion moves are banned
|rule|Evasion Abilities Clause: Evasion abilities are banned
|rule|Sleep Moves Clause: Sleep-inducing moves are banned
|clearpoke
|poke|p1|Meloetta|
|poke|p1|Rotom|
|poke|p1|Forretress, M|
|poke|p1|Komala, F|
|poke|p1|Phione|
|poke|p1|Pelipper, F|
|poke|p2|Garchomp, M|
|poke|p2|Araquanid, M|
|poke|p2|Glimmora, F|
|poke|p2|Meowscarada, F|
|poke|p2|Blaziken, M|
|poke|p2|Hatterene, F|
|teampreview
|inactive|Battle timer is ON: inactive players will automatically lose when time's up. (requested by Yung Whx)
|
|t:|1758321108
|teamsize|p1|6
|teamsize|p2|6
|start
|switch|p1a: Forretress|Forretress, M|100/100
|switch|p2a: Blaziken|Blaziken, M, shiny|100/100
|turn|1
|
|t:|1758321119
|switch|p1a: Pelipper|Pelipper, F|100/100
|-weather|RainDance|[from] ability: Drizzle|[of] p1a: Pelipper
|move|p2a: Blaziken|Thunder Punch|p1a: Pelipper
|-supereffective|p1a: Pelipper
|-damage|p1a: Pelipper|0 fnt
|faint|p1a: Pelipper
|-damage|p2a: Blaziken|91/100|[from] item: Life Orb
|
|-weather|RainDance|[upkeep]
|-ability|p2a: Blaziken|Speed Boost|boost
|-boost|p2a: Blaziken|spe|1
|upkeep
|inactive|prettiprincess has 120 seconds left.
|
|t:|1758321144
|switch|p1a: Rotom|Rotom|100/100
|turn|2
|
|t:|1758321155
|switch|p2a: Meowscarada|Meowscarada, F, shiny|100/100
|move|p1a: Rotom|Thunderbolt|p2a: Meowscarada
|-resisted|p2a: Meowscarada
|-damage|p2a: Meowscarada|73/100
|
|-weather|RainDance|[upkeep]
|upkeep
|turn|3
|
|t:|1758321167
|switch|p1a: Komala|Komala, F|100/100
|-ability|p1a: Komala|Comatose
|move|p2a: Meowscarada|Knock Off|p1a: Komala
|-start|p2a: Meowscarada|typechange|Dark|[from] ability: Protean
|-damage|p1a: Komala|4/100
|-enditem|p1a: Komala|Assault Vest|[from] move: Knock Off|[of] p2a: Meowscarada
|
|-weather|RainDance|[upkeep]
|upkeep
|turn|4
|
|t:|1758321181
|move|p1a: Komala|Sucker Punch|p2a: Meowscarada
|-resisted|p2a: Meowscarada
|-damage|p2a: Meowscarada|53/100
|move|p2a: Meowscarada|Knock Off|p1a: Komala
|-damage|p1a: Komala|0 fnt
|faint|p1a: Komala
|
|-weather|RainDance|[upkeep]
|upkeep
|
|t:|1758321190
|switch|p1a: Phione|Phione, shiny|100/100
|turn|5
|
|t:|1758321202
|switch|p2a: Araquanid|Araquanid, M, shiny|100/100
|-terastallize|p1a: Phione|Grass
|move|p1a: Phione|Take Heart|p1a: Phione
|-boost|p1a: Phione|spa|1
|-boost|p1a: Phione|spd|1
|
|-weather|RainDance|[upkeep]
|upkeep
|turn|6
|
|t:|1758321226
|move|p1a: Phione|Surf|p2a: Araquanid
|-immune|p2a: Araquanid|[from] ability: Water Absorb
|move|p2a: Araquanid|Leech Life|p1a: Phione
|-supereffective|p1a: Phione
|-damage|p1a: Phione|66/100
|
|-weather|RainDance|[upkeep]
|-heal|p1a: Phione|72/100|[from] item: Leftovers
|upkeep
|turn|7
|
|t:|1758321235
|move|p1a: Phione|Ice Beam|p2a: Araquanid
|-resisted|p2a: Araquanid
|-damage|p2a: Araquanid|88/100
|move|p2a: Araquanid|Sticky Web|p1a: Phione
|-sidestart|p1: prettiprincess|move: Sticky Web
|
|-weather|RainDance|[upkeep]
|-heal|p1a: Phione|78/100|[from] item: Leftovers
|-heal|p2a: Araquanid|94/100|[from] item: Leftovers
|upkeep
|turn|8
|
|t:|1758321243
|move|p1a: Phione|Take Heart|p1a: Phione
|-boost|p1a: Phione|spa|1
|-boost|p1a: Phione|spd|1
|move|p2a: Araquanid|Leech Life|p1a: Phione
|-supereffective|p1a: Phione
|-damage|p1a: Phione|42/100
|-heal|p2a: Araquanid|100/100|[from] drain|[of] p1a: Phione
|
|-weather|none
|-heal|p1a: Phione|48/100|[from] item: Leftovers
|upkeep
|turn|9
|-message|prettiprincess forfeited.
|
|win|Yung Whx
|raw|prettiprincess's rating: 1072 &rarr; <strong>1055</strong><br />(-17 for losing)
|raw|Yung Whx's rating: 1134 &rarr; <strong>1155</strong><br />(+21 for winning)
|l|☆prettiprincess
|player|p1|
|l|☆Yung Whx
|player|p2|
