|j|☆ihateclodsire
|j|☆Eevee Bake Oven
|t:|1758288196
|gametype|singles
|player|p1|ihateclodsire|red|1427
|player|p2|Eevee Bake Oven|265|1386
|gen|9
|tier|[Gen 9] OU
|rated|
|rule|HP Percentage Mod: HP is shown in percentages
|rule|Endless Battle Clause: Forcing endless battles is banned
|rule|Species Clause: Limit one of each Pokémon
|rule|OHKO Clause: OHKO moves are banned
|rule|Evasion Items Clause: Evasion items are banned
|rule|Evasion Moves Clause: Evasion moves are banned
|rule|Evasion Abilities Clause: Evasion abilities are banned
|rule|Sleep Moves Clause: Sleep-inducing moves are banned
|clearpoke
|poke|p1|Venusaur, M|
|poke|p1|Torkoal, M|
|poke|p1|Meowscarada, F|
|poke|p1|Blaziken, F|
|poke|p1|Primarina, F|
|poke|p1|Skeledirge, F|
|poke|p2|Ting-Lu|
|poke|p2|Gliscor, M|
|poke|p2|Sinistcha-Masterpiece|
|poke|p2|Keldeo|
|poke|p2|Tinkaton, F|
|poke|p2|Dragonite, F|
|teampreview
|inactive|Battle timer is ON: inactive players will automatically lose when time's up. (requested by ihateclodsire)
|
|t:|1758288222
|teamsize|p1|6
|teamsize|p2|6
|start
|switch|p1a: Black Lung|Torkoal, M|100/100
|switch|p2a: Tinkki Minaj|Tinkaton, F|100/100
|-ability|p2a: Tinkki Minaj|Mold Breaker
|-item|p2a: Tinkki Minaj|Air Balloon
|-weather|SunnyDay|[from] ability: Drought|[of] p1a: Black Lung
|turn|1
|
|t:|1758288236
|move|p2a: Tinkki Minaj|Stealth Rock|p1a: Black Lung
|-sidestart|p1: ihateclodsire|move: Stealth Rock
|move|p1a: Black Lung|Weather Ball|p2a: Tinkki Minaj
|-supereffective|p2a: Tinkki Minaj
|-damage|p2a: Tinkki Minaj|18/100
|-enditem|p2a: Tinkki Minaj|Air Balloon
|
|-weather|SunnyDay|[upkeep]
|upkeep
|turn|2
|
|t:|1758288242
|move|p2a: Tinkki Minaj|Encore|p1a: Black Lung
|-start|p1a: Black Lung|Encore
|move|p1a: Black Lung|Weather Ball|p2a: Tinkki Minaj
|-supereffective|p2a: Tinkki Minaj
|-damage|p2a: Tinkki Minaj|0 fnt
|faint|p2a: Tinkki Minaj
|
|-weather|SunnyDay|[upkeep]
|upkeep
|
|t:|1758288256
|switch|p2a: Jarhead|Ting-Lu|100/100
|-ability|p2a: Jarhead|Vessel of Ruin
|turn|3
|
|t:|1758288259
|switch|p1a: Meowscarada|Meowscarada, F|100/100
|-damage|p1a: Meowscarada|88/100|[from] Stealth Rock
|move|p2a: Jarhead|Spikes|p1a: Meowscarada
|-sidestart|p1: ihateclodsire|Spikes
|
|-weather|SunnyDay|[upkeep]
|upkeep
|turn|4
|
|t:|1758288267
|switch|p2a: My Little Pwny|Keldeo|100/100
|move|p1a: Meowscarada|Knock Off|p2a: My Little Pwny
|-start|p1a: Meowscarada|typechange|Dark|[from] ability: Protean
|-resisted|p2a: My Little Pwny
|-damage|p2a: My Little Pwny|74/100
|-ability|p2a: My Little Pwny|Justified|boost
|-boost|p2a: My Little Pwny|atk|1
|-enditem|p2a: My Little Pwny|Heavy-Duty Boots|[from] move: Knock Off|[of] p1a: Meowscarada
|
|-weather|SunnyDay|[upkeep]
|upkeep
|turn|5
|
|t:|1758288281
|move|p2a: My Little Pwny|Vacuum Wave|p1a: Meowscarada
|-supereffective|p1a: Meowscarada
|-damage|p1a: Meowscarada|19/100
|move|p1a: Meowscarada|Flower Trick|p2a: My Little Pwny
|-supereffective|p2a: My Little Pwny
|-crit|p2a: My Little Pwny
|-damage|p2a: My Little Pwny|0 fnt
|faint|p2a: My Little Pwny
|
|-weather|SunnyDay|[upkeep]
|upkeep
|
|t:|1758288286
|switch|p2a: Secret Service|Dragonite, F|100/100
|turn|6
|
|t:|1758288293
|move|p1a: Meowscarada|Triple Axel|p2a: Secret Service
|-supereffective|p2a: Secret Service
|-damage|p2a: Secret Service|88/100
|-supereffective|p2a: Secret Service
|-damage|p2a: Secret Service|45/100
|-supereffective|p2a: Secret Service
|-damage|p2a: Secret Service|0 fnt
|faint|p2a: Secret Service
|-hitcount|p2: Secret Service|3
|
|-weather|SunnyDay|[upkeep]
|upkeep
|
|t:|1758288297
|switch|p2a: Jarhead|Ting-Lu|100/100
|-ability|p2a: Jarhead|Vessel of Ruin
|turn|7
|
|t:|1758288306
|move|p1a: Meowscarada|Low Kick|p2a: Jarhead
|-supereffective|p2a: Jarhead
|-damage|p2a: Jarhead|62/100
|move|p2a: Jarhead|Earthquake|p1a: Meowscarada
|-damage|p1a: Meowscarada|0 fnt
|faint|p1a: Meowscarada
|
|-weather|SunnyDay|[upkeep]
|-heal|p2a: Jarhead|68/100|[from] item: Leftovers
|upkeep
|
|t:|1758288315
|switch|p1a: PU for some reason|Venusaur, M|100/100
|-damage|p1a: PU for some reason|88/100|[from] Stealth Rock
|-damage|p1a: PU for some reason|76/100|[from] Spikes
|turn|8
|
|t:|1758288344
|-terastallize|p2a: Jarhead|Ghost
|move|p1a: PU for some reason|Weather Ball|p2a: Jarhead
|-damage|p2a: Jarhead|41/100
|-damage|p1a: PU for some reason|66/100|[from] item: Life Orb
|move|p2a: Jarhead|Spikes|p1a: PU for some reason
|-sidestart|p1: ihateclodsire|Spikes
|
|-weather|none
|-heal|p2a: Jarhead|48/100|[from] item: Leftovers
|upkeep
|turn|9
|
|t:|1758288359
|move|p1a: PU for some reason|Growth|p1a: PU for some reason
|-boost|p1a: PU for some reason|atk|1
|-boost|p1a: PU for some reason|spa|1
|move|p2a: Jarhead|Whirlwind|p1a: PU for some reason
|drag|p1a: Black Lung|Torkoal, M|100/100
|-damage|p1a: Black Lung|76/100|[from] Stealth Rock
|-damage|p1a: Black Lung|59/100|[from] Spikes
|-weather|SunnyDay|[from] ability: Drought|[of] p1a: Black Lung
|
|-weather|SunnyDay|[upkeep]
|-heal|p2a: Jarhead|54/100|[from] item: Leftovers
|upkeep
|turn|10
|
|t:|1758288378
|move|p2a: Jarhead|Earthquake|p1a: Black Lung
|-supereffective|p1a: Black Lung
|-damage|p1a: Black Lung|1/100
|move|p1a: Black Lung|Weather Ball|p2a: Jarhead
|-damage|p2a: Jarhead|35/100
|
|-weather|SunnyDay|[upkeep]
|-heal|p2a: Jarhead|41/100|[from] item: Leftovers
|upkeep
|turn|11
|
|t:|1758288385
|move|p2a: Jarhead|Spikes|p1a: Black Lung
|-sidestart|p1: ihateclodsire|Spikes
|move|p1a: Black Lung|Weather Ball|p2a: Jarhead
|-damage|p2a: Jarhead|22/100
|
|-weather|SunnyDay|[upkeep]
|-heal|p2a: Jarhead|29/100|[from] item: Leftovers
|upkeep
|turn|12
|
|t:|1758288387
|move|p2a: Jarhead|Earthquake|p1a: Black Lung
|-supereffective|p1a: Black Lung
|-damage|p1a: Black Lung|0 fnt
|faint|p1a: Black Lung
|
|-weather|SunnyDay|[upkeep]
|-heal|p2a: Jarhead|35/100|[from] item: Leftovers
|upkeep
|
|t:|1758288389
|switch|p1a: Skeledirge|Skeledirge, F|100/100
|turn|13
|
|t:|1758288392
|move|p1a: Skeledirge|Will-O-Wisp|p2a: Jarhead
|-status|p2a: Jarhead|brn
|move|p2a: Jarhead|Whirlwind|p1a: Skeledirge
|drag|p1a: PU for some reason|Venusaur, M|66/100
|-damage|p1a: PU for some reason|54/100|[from] Stealth Rock
|-damage|p1a: PU for some reason|29/100|[from] Spikes
|
|-weather|SunnyDay|[upkeep]
|-heal|p2a: Jarhead|41/100 brn|[from] item: Leftovers
|-damage|p2a: Jarhead|35/100 brn|[from] brn
|upkeep
|turn|14
|
|t:|1758288401
|move|p1a: PU for some reason|Giga Drain|p2a: Jarhead
|-damage|p2a: Jarhead|16/100 brn
|-heal|p1a: PU for some reason|45/100|[from] drain|[of] p2a: Jarhead
|-damage|p1a: PU for some reason|35/100|[from] item: Life Orb
|move|p2a: Jarhead|Earthquake|p1a: PU for some reason
|-damage|p1a: PU for some reason|11/100
|
|-weather|SunnyDay|[upkeep]
|-heal|p2a: Jarhead|22/100 brn|[from] item: Leftovers
|-damage|p2a: Jarhead|16/100 brn|[from] brn
|upkeep
|turn|15
|
|t:|1758288403
|move|p1a: PU for some reason|Weather Ball|p2a: Jarhead
|-damage|p2a: Jarhead|0 fnt
|faint|p2a: Jarhead
|-damage|p1a: PU for some reason|1/100|[from] item: Life Orb
|
|-weather|SunnyDay|[upkeep]
|upkeep
|
|t:|1758288421
|switch|p2a: Dance Armstrong|Gliscor, M|100/100
|turn|16
|
|t:|1758288424
|move|p2a: Dance Armstrong|Protect|p2a: Dance Armstrong
|-singleturn|p2a: Dance Armstrong|Protect
|move|p1a: PU for some reason|Weather Ball|p2a: Dance Armstrong
|-activate|p2a: Dance Armstrong|move: Protect
|
|-weather|none
|-status|p2a: Dance Armstrong|tox|[from] item: Toxic Orb
|upkeep
|turn|17
|
|t:|1758288444
|move|p2a: Dance Armstrong|Swords Dance|p2a: Dance Armstrong
|-boost|p2a: Dance Armstrong|atk|2
|move|p1a: PU for some reason|Giga Drain|p2a: Dance Armstrong
|-damage|p2a: Dance Armstrong|41/100 tox
|-heal|p1a: PU for some reason|36/100|[from] drain|[of] p2a: Dance Armstrong
|-damage|p1a: PU for some reason|26/100|[from] item: Life Orb
|
|-heal|p2a: Dance Armstrong|53/100 tox|[from] ability: Poison Heal
|upkeep
|turn|18
|
|t:|1758288451
|move|p2a: Dance Armstrong|Knock Off|p1a: PU for some reason
|-damage|p1a: PU for some reason|0 fnt
|-enditem|p1a: PU for some reason|Life Orb|[from] move: Knock Off|[of] p2a: Dance Armstrong
|faint|p1a: PU for some reason
|
|-heal|p2a: Dance Armstrong|66/100 tox|[from] ability: Poison Heal
|upkeep
|
|t:|1758288452
|switch|p1a: Blaziken|Blaziken, F|100/100
|-damage|p1a: Blaziken|88/100|[from] Stealth Rock
|-damage|p1a: Blaziken|63/100|[from] Spikes
|turn|19
|
|t:|1758288457
|move|p1a: Blaziken|Protect|p1a: Blaziken
|-singleturn|p1a: Blaziken|Protect
|move|p2a: Dance Armstrong|Facade|p1a: Blaziken
|-activate|p1a: Blaziken|move: Protect
|
|-heal|p2a: Dance Armstrong|78/100 tox|[from] ability: Poison Heal
|-ability|p1a: Blaziken|Speed Boost|boost
|-boost|p1a: Blaziken|spe|1
|upkeep
|turn|20
|
|t:|1758288463
|-terastallize|p1a: Blaziken|Fire
|move|p2a: Dance Armstrong|Protect|p2a: Dance Armstrong
|-singleturn|p2a: Dance Armstrong|Protect
|move|p1a: Blaziken|Overheat|p2a: Dance Armstrong
|-activate|p2a: Dance Armstrong|move: Protect
|
|-heal|p2a: Dance Armstrong|91/100 tox|[from] ability: Poison Heal
|-ability|p1a: Blaziken|Speed Boost|boost
|-boost|p1a: Blaziken|spe|1
|upkeep
|turn|21
|
|t:|1758288471
|move|p1a: Blaziken|Protect|p1a: Blaziken
|-singleturn|p1a: Blaziken|Protect
|move|p2a: Dance Armstrong|Facade|p1a: Blaziken
|-activate|p1a: Blaziken|move: Protect
|
|-heal|p2a: Dance Armstrong|100/100 tox|[from] ability: Poison Heal
|-ability|p1a: Blaziken|Speed Boost|boost
|-boost|p1a: Blaziken|spe|1
|upkeep
|turn|22
|
|t:|1758288478
|move|p2a: Dance Armstrong|Protect|p2a: Dance Armstrong
|-singleturn|p2a: Dance Armstrong|Protect
|move|p1a: Blaziken|Focus Energy|p1a: Blaziken
|-start|p1a: Blaziken|move: Focus Energy
|
|-ability|p1a: Blaziken|Speed Boost|boost
|-boost|p1a: Blaziken|spe|1
|upkeep
|turn|23
|
|t:|1758288482
|move|p1a: Blaziken|Overheat|p2a: Dance Armstrong
|-crit|p2a: Dance Armstrong
|-damage|p2a: Dance Armstrong|0 fnt
|-unboost|p1a: Blaziken|spa|2
|faint|p2a: Dance Armstrong
|
|-ability|p1a: Blaziken|Speed Boost|boost
|-boost|p1a: Blaziken|spe|1
|upkeep
|-message|Eevee Bake Oven forfeited.
|
|win|ihateclodsire
|raw|ihateclodsire's rating: 1427 &rarr; <strong>1445</strong><br />(+18 for winning)
|raw|Eevee Bake Oven's rating: 1386 &rarr; <strong>1368</strong><br />(-18 for losing)
|l|☆Eevee Bake Oven
|player|p2|
