|j|‽Robin6766
|j|☆deusyancha
|t:|1758316333
|gametype|singles
|player|p1|Robin6766|red|1288
|player|p2|deusyancha|hiker|1279
|gen|9
|tier|[Gen 9] OU
|rated|
|rule|HP Percentage Mod: HP is shown in percentages
|rule|Endless Battle Clause: Forcing endless battles is banned
|rule|Species Clause: Limit one of each Pokémon
|rule|OHKO Clause: OHKO moves are banned
|rule|Evasion Items Clause: Evasion items are banned
|rule|Evasion Moves Clause: Evasion moves are banned
|rule|Evasion Abilities Clause: Evasion abilities are banned
|rule|Sleep Moves Clause: Sleep-inducing moves are banned
|clearpoke
|poke|p1|Great Tusk|
|poke|p1|Ogerpon-Cornerstone, F|
|poke|p1|Quaquaval, M|
|poke|p1|Zapdos-Galar|
|poke|p1|Pecharunt|
|poke|p1|Meowscarada, F|
|poke|p2|Thundurus, M|
|poke|p2|Iron Moth|
|poke|p2|Hawlucha, F|
|poke|p2|Iron Treads|
|poke|p2|Iron Crown|
|poke|p2|Hatterene, F|
|teampreview
|inactive|Battle timer is ON: inactive players will automatically lose when time's up. (requested by Robin6766)
|
|t:|1758316355
|teamsize|p1|6
|teamsize|p2|6
|start
|switch|p1a: Pecharunt|Pecharunt|100/100
|switch|p2a: Thundurus|Thundurus, M|100/100
|turn|1
|
|t:|1758316368
|move|p2a: Thundurus|Electric Terrain|p2a: Thundurus
|-fieldstart|move: Electric Terrain
|move|p1a: Pecharunt|Malignant Chain|p2a: Thundurus
|-damage|p2a: Thundurus|74/100
|-status|p2a: Thundurus|tox
|-start|p2a: Thundurus|confusion|[from] ability: Poison Puppeteer|[of] p1a: Pecharunt
|
|-damage|p2a: Thundurus|68/100 tox|[from] psn
|upkeep
|turn|2
|
|t:|1758316382
|-activate|p2a: Thundurus|confusion
|move|p2a: Thundurus|Volt Switch|p1a: Pecharunt
|-damage|p1a: Pecharunt|69/100
|
|t:|1758316393
|switch|p2a: Iron Moth|Iron Moth|100/100|[from] Volt Switch
|-activate|p2a: Iron Moth|ability: Quark Drive
|-start|p2a: Iron Moth|quarkdrivespa
|move|p1a: Pecharunt|Hex|p2a: Iron Moth
|-damage|p2a: Iron Moth|78/100
|
|upkeep
|turn|3
|
|t:|1758316413
|move|p2a: Iron Moth|Fiery Dance|p1a: Pecharunt
|-damage|p1a: Pecharunt|10/100
|move|p1a: Pecharunt|Parting Shot|p2a: Iron Moth
|-unboost|p2a: Iron Moth|atk|1
|-unboost|p2a: Iron Moth|spa|1
|
|t:|1758316420
|switch|p1a: Ogerpon|Ogerpon-Cornerstone, F|100/100|[from] Parting Shot
|
|upkeep
|turn|4
|
|t:|1758316427
|-end|p2a: Iron Moth|Quark Drive|[silent]
|switch|p2a: Iron Treads|Iron Treads|100/100
|-activate|p2a: Iron Treads|ability: Quark Drive
|-start|p2a: Iron Treads|quarkdrivespe
|move|p1a: Ogerpon|Ivy Cudgel|p2a: Iron Treads|[anim] Ivy Cudgel Rock
|-resisted|p2a: Iron Treads
|-crit|p2a: Iron Treads
|-damage|p2a: Iron Treads|81/100
|
|-heal|p2a: Iron Treads|87/100|[from] item: Leftovers
|upkeep
|turn|5
|
|t:|1758316450
|move|p2a: Iron Treads|Stealth Rock|p1a: Ogerpon
|-sidestart|p1: Robin6766|move: Stealth Rock
|move|p1a: Ogerpon|Low Kick|p2a: Iron Treads
|-supereffective|p2a: Iron Treads
|-damage|p2a: Iron Treads|6/100
|
|-heal|p2a: Iron Treads|12/100|[from] item: Leftovers
|upkeep
|turn|6
|
|t:|1758316464
|switch|p1a: Quaquaval|Quaquaval, M|100/100
|move|p2a: Iron Treads|Earthquake|p1a: Quaquaval
|-damage|p1a: Quaquaval|37/100
|
|-heal|p2a: Iron Treads|19/100|[from] item: Leftovers
|upkeep
|turn|7
|
|t:|1758316473
|move|p2a: Iron Treads|Earthquake|p1a: Quaquaval
|-damage|p1a: Quaquaval|0 fnt
|faint|p1a: Quaquaval
|
|-heal|p2a: Iron Treads|25/100|[from] item: Leftovers
|upkeep
|
|t:|1758316477
|switch|p1a: Great Tusk|Great Tusk|100/100
|-damage|p1a: Great Tusk|98/100|[from] Stealth Rock
|turn|8
|
|t:|1758316483
|move|p2a: Iron Treads|Knock Off|p1a: Great Tusk
|-resisted|p1a: Great Tusk
|-damage|p1a: Great Tusk|88/100
|-enditem|p1a: Great Tusk|Assault Vest|[from] move: Knock Off|[of] p2a: Iron Treads
|move|p1a: Great Tusk|Rapid Spin|p2a: Iron Treads
|-resisted|p2a: Iron Treads
|-damage|p2a: Iron Treads|16/100
|-boost|p1a: Great Tusk|spe|1
|-sideend|p1: Robin6766|Stealth Rock|[from] move: Rapid Spin|[of] p1a: Great Tusk
|
|-heal|p2a: Iron Treads|22/100|[from] item: Leftovers
|-fieldend|move: Electric Terrain
|-end|p2a: Iron Treads|Quark Drive
|upkeep
|turn|9
|
|t:|1758316493
|move|p2a: Iron Treads|Earthquake|p1a: Great Tusk
|-damage|p1a: Great Tusk|58/100
|move|p1a: Great Tusk|Knock Off|p2a: Iron Treads
|-damage|p2a: Iron Treads|0 fnt
|-enditem|p2a: Iron Treads|Leftovers|[from] move: Knock Off|[of] p1a: Great Tusk
|faint|p2a: Iron Treads
|-end|p2a: Iron Treads|Quark Drive|[silent]
|
|upkeep
|
|t:|1758316500
|switch|p2a: Hatterene|Hatterene, F|100/100
|turn|10
|
|t:|1758316505
|-end|p1a: Great Tusk|Protosynthesis|[silent]
|switch|p1a: Pecharunt|Pecharunt|10/100
|move|p2a: Hatterene|Psychic Noise|p1a: Pecharunt
|-supereffective|p1a: Pecharunt
|-damage|p1a: Pecharunt|0 fnt
|faint|p1a: Pecharunt
|
|upkeep
|
|t:|1758316516
|switch|p1a: Ogerpon|Ogerpon-Cornerstone, F|100/100
|turn|11
|
|t:|1758316520
|move|p1a: Ogerpon|Swords Dance|p1a: Ogerpon
|-boost|p1a: Ogerpon|atk|2
|move|p2a: Hatterene|Nuzzle|p1a: Ogerpon
|-resisted|p1a: Ogerpon
|-damage|p1a: Ogerpon|98/100
|-status|p1a: Ogerpon|par
|
|upkeep
|turn|12
|
|t:|1758316537
|cant|p1a: Ogerpon|par
|move|p2a: Hatterene|Psychic Noise|p1a: Ogerpon
|-damage|p1a: Ogerpon|60/100 par
|-start|p1a: Ogerpon|move: Heal Block
|
|upkeep
|turn|13
|
|t:|1758316543
|cant|p1a: Ogerpon|par
|move|p2a: Hatterene|Psychic Noise|p1a: Ogerpon
|-damage|p1a: Ogerpon|17/100 par
|
|-end|p1a: Ogerpon|move: Heal Block
|upkeep
|turn|14
|-message|Robin6766 forfeited.
|
|win|deusyancha
|raw|Robin6766's rating: 1288 &rarr; <strong>1262</strong><br />(-26 for losing)
|raw|deusyancha's rating: 1279 &rarr; <strong>1305</strong><br />(+26 for winning)
|l|‽Robin6766
|player|p1|
|l|☆deusyancha
|player|p2|
