|j|☆Nameless Moron
|j|☆gransuru
|t:|1758302255
|gametype|singles
|player|p1|Nameless Moron|unknown|1193
|player|p2|gransuru|acetrainer|1175
|gen|9
|tier|[Gen 9] OU
|rated|
|rule|HP Percentage Mod: HP is shown in percentages
|rule|Endless Battle Clause: Forcing endless battles is banned
|rule|Species Clause: Limit one of each Pokémon
|rule|OHKO Clause: OHKO moves are banned
|rule|Evasion Items Clause: Evasion items are banned
|rule|Evasion Moves Clause: Evasion moves are banned
|rule|Evasion Abilities Clause: Evasion abilities are banned
|rule|Sleep Moves Clause: Sleep-inducing moves are banned
|clearpoke
|poke|p1|Slowking-Galar, M|
|poke|p1|Zamazenta-*|
|poke|p1|Kyurem|
|poke|p1|Cinderace, M|
|poke|p1|Enamorus, F|
|poke|p1|Great Tusk|
|poke|p2|Garchomp, F|
|poke|p2|Dragapult, M|
|poke|p2|Kingambit, F|
|poke|p2|Toxapex, F|
|poke|p2|Iron Valiant|
|poke|p2|Great Tusk|
|teampreview
|inactive|Battle timer is ON: inactive players will automatically lose when time's up. (requested by Nameless Moron)
|inactive|gransuru also wants the timer to be on.
|
|t:|1758302278
|teamsize|p1|6
|teamsize|p2|6
|start
|switch|p1a: Enamorus|Enamorus, F|100/100
|switch|p2a: T.R Motto|Toxapex, F|100/100
|turn|1
|
|t:|1758302295
|switch|p1a: Slowking|Slowking-Galar, M|100/100
|move|p2a: T.R Motto|Ice Beam|p1a: Slowking
|-damage|p1a: Slowking|93/100
|
|-heal|p1a: Slowking|99/100|[from] item: Black Sludge
|upkeep
|turn|2
|
|t:|1758302303
|switch|p2a: Bone-braker|Kingambit, F, shiny|100/100
|move|p1a: Slowking|Eerie Spell|p2a: Bone-braker
|-immune|p2a: Bone-braker
|
|-heal|p1a: Slowking|100/100|[from] item: Black Sludge
|upkeep
|turn|3
|
|t:|1758302309
|move|p2a: Bone-braker|Swords Dance|p2a: Bone-braker
|-boost|p2a: Bone-braker|atk|2
|-prepare|p1a: Slowking|Chilly Reception|[premajor]
|move|p1a: Slowking|Chilly Reception|p1a: Slowking
|-weather|Snowscape
|
|t:|1758302324
|switch|p1a: Great Tusk|Great Tusk|100/100|[from] Chilly Reception
|
|-weather|Snowscape|[upkeep]
|upkeep
|turn|4
|
|t:|1758302334
|-terastallize|p2a: Bone-braker|Flying
|move|p1a: Great Tusk|Headlong Rush|p2a: Bone-braker
|-immune|p2a: Bone-braker
|move|p2a: Bone-braker|Iron Head|p1a: Great Tusk
|-damage|p1a: Great Tusk|28/100
|
|-weather|Snowscape|[upkeep]
|-heal|p1a: Great Tusk|34/100|[from] item: Leftovers
|upkeep
|turn|5
|
|t:|1758302343
|move|p2a: Bone-braker|Sucker Punch|p1a: Great Tusk
|-resisted|p1a: Great Tusk
|-crit|p1a: Great Tusk
|-damage|p1a: Great Tusk|0 fnt
|faint|p1a: Great Tusk
|-end|p1a: Great Tusk|Protosynthesis|[silent]
|
|-weather|Snowscape|[upkeep]
|upkeep
|
|t:|1758302356
|switch|p1a: Kyurem|Kyurem, shiny|100/100
|-ability|p1a: Kyurem|Pressure
|turn|6
|
|t:|1758302362
|move|p1a: Kyurem|Blizzard|p2a: Bone-braker
|-supereffective|p2a: Bone-braker
|-damage|p2a: Bone-braker|0 fnt
|faint|p2a: Bone-braker
|-end|p2a: Bone-braker|fallenundefined|[silent]
|
|-weather|Snowscape|[upkeep]
|upkeep
|
|t:|1758302374
|switch|p2a: Lionel|Dragapult, M, shiny|100/100
|turn|7
|
|t:|1758302381
|switch|p1a: Slowking|Slowking-Galar, M|100/100
|move|p2a: Lionel|Thunderbolt|p1a: Slowking
|-damage|p1a: Slowking|78/100
|
|-weather|none
|-heal|p1a: Slowking|84/100|[from] item: Black Sludge
|upkeep
|turn|8
|
|t:|1758302409
|switch|p2a: Cynthia|Garchomp, F|100/100
|move|p1a: Slowking|Eerie Spell|p2a: Cynthia
|-damage|p2a: Cynthia|66/100
|
|-heal|p1a: Slowking|90/100|[from] item: Black Sludge
|upkeep
|turn|9
|
|t:|1758302417
|switch|p1a: Enamorus|Enamorus, F|100/100
|move|p2a: Cynthia|Stealth Rock|p1a: Enamorus
|-sidestart|p1: Nameless Moron|move: Stealth Rock
|
|upkeep
|turn|10
|
|t:|1758302422
|switch|p2a: T.R Motto|Toxapex, F|100/100
|move|p1a: Enamorus|Moonblast|p2a: T.R Motto
|-resisted|p2a: T.R Motto
|-damage|p2a: T.R Motto|75/100
|
|-heal|p2a: T.R Motto|81/100|[from] item: Leftovers
|upkeep
|turn|11
|
|t:|1758302432
|switch|p1a: Slowking|Slowking-Galar, M|100/100
|-damage|p1a: Slowking|88/100|[from] Stealth Rock
|move|p2a: T.R Motto|Ice Beam|p1a: Slowking
|-damage|p1a: Slowking|80/100
|
|-heal|p2a: T.R Motto|88/100|[from] item: Leftovers
|-heal|p1a: Slowking|86/100|[from] item: Black Sludge
|upkeep
|turn|12
|
|t:|1758302448
|switch|p2a: Cynthia|Garchomp, F|66/100
|move|p1a: Slowking|Sludge Bomb|p2a: Cynthia
|-resisted|p2a: Cynthia
|-damage|p2a: Cynthia|48/100
|-status|p2a: Cynthia|psn
|
|-heal|p1a: Slowking|92/100|[from] item: Black Sludge
|-damage|p2a: Cynthia|36/100 psn|[from] psn
|upkeep
|turn|13
|
|t:|1758302458
|move|p2a: Cynthia|Poison Jab|p1a: Slowking
|-resisted|p1a: Slowking
|-damage|p1a: Slowking|79/100
|-prepare|p1a: Slowking|Chilly Reception|[premajor]
|move|p1a: Slowking|Chilly Reception|p1a: Slowking
|-weather|Snowscape
|-message|gransuru forfeited.
|
|win|Nameless Moron
|raw|Nameless Moron's rating: 1193 &rarr; <strong>1217</strong><br />(+24 for winning)
|raw|gransuru's rating: 1175 &rarr; <strong>1151</strong><br />(-24 for losing)
|l|☆gransuru
|player|p2|
