|j|☆RiaSingh2121
|j|☆luketheidiot
|t:|1758297768
|gametype|singles
|player|p1|RiaSingh2121|101|1186
|player|p2|luketheidiot|iris-gen5bw2|1138
|gen|9
|tier|[Gen 9] OU
|rated|
|rule|HP Percentage Mod: HP is shown in percentages
|rule|Endless Battle Clause: Forcing endless battles is banned
|rule|Species Clause: Limit one of each Pokémon
|rule|OHKO Clause: OHKO moves are banned
|rule|Evasion Items Clause: Evasion items are banned
|rule|Evasion Moves Clause: Evasion moves are banned
|rule|Evasion Abilities Clause: Evasion abilities are banned
|rule|Sleep Moves Clause: Sleep-inducing moves are banned
|clearpoke
|poke|p1|Hatterene, F|
|poke|p1|Torkoal, F|
|poke|p1|Corviknight, M|
|poke|p1|Ursaluna, F|
|poke|p1|Hattrem, F|
|poke|p1|Iron Hands|
|poke|p2|Inkay, M|
|poke|p2|Servine, F|
|poke|p2|Serperior, F|
|poke|p2|Enamorus, F|
|poke|p2|Lurantis, M|
|poke|p2|Malamar, M|
|teampreview
|
|t:|1758297780
|teamsize|p1|6
|teamsize|p2|6
|start
|switch|p1a: Hattrem|Hattrem, F|100/100
|switch|p2a: Servine|Servine, F|100/100
|turn|1
|
|t:|1758297790
|move|p2a: Servine|Leaf Storm|p1a: Hattrem
|-damage|p1a: Hattrem|62/100
|-boost|p2a: Servine|spa|2
|move|p1a: Hattrem|Trick Room|p1a: Hattrem
|-fieldstart|move: Trick Room|[of] p1a: Hattrem
|
|upkeep
|turn|2
|inactive|Battle timer is ON: inactive players will automatically lose when time's up. (requested by luketheidiot)
|
|t:|1758297799
|move|p1a: Hattrem|Healing Wish|p1a: Hattrem
|faint|p1a: Hattrem
|move|p2a: Servine|Mirror Coat|p1: Hattrem|[notarget]
|-fail|p2a: Servine
|
|upkeep
|
|t:|1758297817
|switch|p1a: Torkoal|Torkoal, F|100/100
|-weather|SunnyDay|[from] ability: Drought|[of] p1a: Torkoal
|turn|3
|
|t:|1758297823
|move|p1a: Torkoal|Eruption|p2a: Servine
|-supereffective|p2a: Servine
|-enditem|p2a: Servine|Focus Sash
|-damage|p2a: Servine|1/100
|move|p2a: Servine|Glare|p1a: Torkoal
|-status|p1a: Torkoal|par
|
|-weather|SunnyDay|[upkeep]
|upkeep
|turn|4
|
|t:|1758297832
|move|p1a: Torkoal|Lava Plume|p2a: Servine
|-supereffective|p2a: Servine
|-damage|p2a: Servine|0 fnt
|faint|p2a: Servine
|
|-weather|SunnyDay|[upkeep]
|upkeep
|
|t:|1758297843
|switch|p2a: Malamar|Malamar, M|100/100
|turn|5
|
|t:|1758297848
|move|p1a: Torkoal|Eruption|p2a: Malamar
|-damage|p2a: Malamar|7/100
|move|p2a: Malamar|Rest|p2a: Malamar
|-status|p2a: Malamar|slp|[from] move: Rest
|-heal|p2a: Malamar|100/100 slp|[silent]
|
|-weather|SunnyDay|[upkeep]
|-fieldend|move: Trick Room
|upkeep
|turn|6
|
|t:|1758297858
|switch|p1a: Corviknight|Corviknight, M|100/100
|cant|p2a: Malamar|slp
|move|p2a: Malamar|Sleep Talk|p2a: Malamar
|move|p2a: Malamar|Superpower|p1a: Corviknight|[from] move: Sleep Talk
|-damage|p1a: Corviknight|77/100
|-boost|p2a: Malamar|atk|1
|-boost|p2a: Malamar|def|1
|-damage|p2a: Malamar|84/100 slp|[from] item: Rocky Helmet|[of] p1a: Corviknight
|
|-weather|SunnyDay|[upkeep]
|-heal|p2a: Malamar|90/100 slp|[from] item: Leftovers
|upkeep
|turn|7
|
|t:|1758297872
|move|p1a: Corviknight|U-turn|p2a: Malamar
|-supereffective|p2a: Malamar
|-damage|p2a: Malamar|45/100 slp
|l|☆RiaSingh2121
|inactive|RiaSingh2121 disconnected and has a minute to reconnect!
|player|p1|
|l|☆luketheidiot
|inactive|luketheidiot disconnected and has a minute to reconnect!
|player|p2|
|inactive|RiaSingh2121 has 30 seconds to reconnect!
|inactive|RiaSingh2121 has 20 seconds to reconnect!
|j|☆RiaSingh2121
|inactive|RiaSingh2121 reconnected and has 90 seconds left.
|player|p1|RiaSingh2121|101|
|
|t:|1758297937
|switch|p1a: Iron Hands|Iron Hands|100/100|[from] U-turn
|cant|p2a: Malamar|slp
|move|p2a: Malamar|Sleep Talk|p2a: Malamar
|move|p2a: Malamar|Knock Off|p1a: Iron Hands|[from] move: Sleep Talk
|-resisted|p1a: Iron Hands
|-damage|p1a: Iron Hands|82/100
|-enditem|p1a: Iron Hands|Assault Vest|[from] move: Knock Off|[of] p2a: Malamar
|
|-weather|none
|-heal|p2a: Malamar|51/100 slp|[from] item: Leftovers
|upkeep
|turn|8
|inactive|RiaSingh2121 has 90 seconds left.
|inactive|luketheidiot has 30 seconds to reconnect!
|inactive|luketheidiot has 20 seconds to reconnect!
|inactive|luketheidiot has 15 seconds to reconnect!
|inactive|luketheidiot has 10 seconds to reconnect!
|inactive|luketheidiot has 5 seconds to reconnect!
|-message|luketheidiot lost due to inactivity.
|
|win|RiaSingh2121
|raw|RiaSingh2121's rating: 1186 &rarr; <strong>1208</strong><br />(+22 for winning)
|raw|luketheidiot's rating: 1138 &rarr; <strong>1116</strong><br />(-22 for losing)
|c|☆RiaSingh2121|Server crash?
|l|☆RiaSingh2121
|player|p1|
