|j|☆Obito 2001
|j|☆powerfull_rock
|t:|1758283959
|gametype|singles
|player|p1|Obito 2001|blue-gen3two|1767
|player|p2|powerfull_rock|blackbelt|1749
|gen|9
|tier|[Gen 9] OU
|rated|
|rule|HP Percentage Mod: HP is shown in percentages
|rule|Endless Battle Clause: Forcing endless battles is banned
|rule|Species Clause: Limit one of each Pokémon
|rule|OHKO Clause: OHKO moves are banned
|rule|Evasion Items Clause: Evasion items are banned
|rule|Evasion Moves Clause: Evasion moves are banned
|rule|Evasion Abilities Clause: Evasion abilities are banned
|rule|Sleep Moves Clause: Sleep-inducing moves are banned
|clearpoke
|poke|p1|Kingambit, F|
|poke|p1|Landorus-Therian, M|
|poke|p1|Grimmsnarl, M|
|poke|p1|Empoleon, F|
|poke|p1|Weezing-Galar, M|
|poke|p1|Polteageist|
|poke|p2|Iron Crown|
|poke|p2|Enamorus, F|
|poke|p2|Ting-Lu|
|poke|p2|Sinistcha|
|poke|p2|Hatterene, F|
|poke|p2|Great Tusk|
|teampreview
|inactive|Battle timer is ON: inactive players will automatically lose when time's up. (requested by Obito 2001)
|
|t:|1758283972
|teamsize|p1|6
|teamsize|p2|6
|start
|switch|p1a: Always Relevant|Landorus-Therian, M|100/100
|switch|p2a: Enamorus|Enamorus, F|100/100
|-ability|p1a: Always Relevant|Intimidate|boost
|-unboost|p2a: Enamorus|atk|1
|turn|1
|
|t:|1758283982
|move|p2a: Enamorus|Earth Power|p1a: Always Relevant
|-immune|p1a: Always Relevant
|move|p1a: Always Relevant|U-turn|p2a: Enamorus
|-resisted|p2a: Enamorus
|-crit|p2a: Enamorus
|-damage|p2a: Enamorus|81/100
|
|t:|1758283987
|switch|p1a: Kinguin|Empoleon, F|100/100|[from] U-turn
|-item|p1a: Kinguin|Air Balloon
|
|-heal|p2a: Enamorus|87/100|[from] item: Leftovers
|upkeep
|turn|2
|
|t:|1758283992
|move|p2a: Enamorus|Calm Mind|p2a: Enamorus
|-boost|p2a: Enamorus|spa|1
|-boost|p2a: Enamorus|spd|1
|move|p1a: Kinguin|Flip Turn|p2a: Enamorus
|-damage|p2a: Enamorus|60/100
|
|t:|1758284004
|switch|p1a: Screen Goblin|Grimmsnarl, M|100/100|[from] Flip Turn
|
|-heal|p2a: Enamorus|66/100|[from] item: Leftovers
|upkeep
|turn|3
|
|t:|1758284010
|move|p1a: Screen Goblin|Parting Shot|p2a: Enamorus
|-unboost|p2a: Enamorus|atk|1
|-unboost|p2a: Enamorus|spa|1
|
|t:|1758284012
|switch|p1a: Kinguin|Empoleon, F|100/100|[from] Parting Shot
|-item|p1a: Kinguin|Air Balloon
|move|p2a: Enamorus|Moonblast|p1a: Kinguin
|-resisted|p1a: Kinguin
|-damage|p1a: Kinguin|84/100
|-unboost|p1a: Kinguin|spa|1
|-ability|p1a: Kinguin|Competitive|boost
|-boost|p1a: Kinguin|spa|2
|-enditem|p1a: Kinguin|Air Balloon
|
|-heal|p2a: Enamorus|72/100|[from] item: Leftovers
|upkeep
|turn|4
|
|t:|1758284019
|move|p2a: Enamorus|Earth Power|p1a: Kinguin
|-supereffective|p1a: Kinguin
|-damage|p1a: Kinguin|45/100
|-unboost|p1a: Kinguin|spd|1
|-ability|p1a: Kinguin|Competitive|boost
|-boost|p1a: Kinguin|spa|2
|move|p1a: Kinguin|Surf|p2a: Enamorus
|-damage|p2a: Enamorus|0 fnt
|faint|p2a: Enamorus
|
|upkeep
|
|t:|1758284026
|switch|p2a: Great Tusk|Great Tusk|100/100
|turn|5
|
|t:|1758284041
|-terastallize|p1a: Kinguin|Flying
|move|p2a: Great Tusk|Headlong Rush|p1a: Kinguin
|-immune|p1a: Kinguin
|move|p1a: Kinguin|Surf|p2a: Great Tusk
|-supereffective|p2a: Great Tusk
|-damage|p2a: Great Tusk|0 fnt
|faint|p2a: Great Tusk
|-end|p2a: Great Tusk|Protosynthesis|[silent]
|
|upkeep
|
|t:|1758284048
|switch|p2a: Hatterene|Hatterene, F|100/100
|turn|6
|
|t:|1758284052
|move|p1a: Kinguin|Surf|p2a: Hatterene
|-damage|p2a: Hatterene|4/100
|move|p2a: Hatterene|Nuzzle|p1a: Kinguin
|-supereffective|p1a: Kinguin
|-damage|p1a: Kinguin|37/100
|-status|p1a: Kinguin|par
|
|-heal|p2a: Hatterene|10/100|[from] item: Leftovers
|upkeep
|turn|7
|
|t:|1758284063
|move|p2a: Hatterene|Dazzling Gleam|p1a: Kinguin
|-damage|p1a: Kinguin|3/100 par
|move|p1a: Kinguin|Surf|p2a: Hatterene
|-damage|p2a: Hatterene|0 fnt
|faint|p2a: Hatterene
|
|upkeep
|
|t:|1758284069
|switch|p2a: Sinistcha|Sinistcha|100/100
|turn|8
|
|t:|1758284072
|move|p2a: Sinistcha|Shadow Ball|p1a: Kinguin
|-damage|p1a: Kinguin|0 fnt
|faint|p1a: Kinguin
|
|upkeep
|
|t:|1758284081
|switch|p1a: Aizen|Kingambit, F, shiny|100/100
|-activate|p1a: Aizen|ability: Supreme Overlord
|-start|p1a: Aizen|fallen1|[silent]
|turn|9
|
|t:|1758284084
|move|p1a: Aizen|Swords Dance|p1a: Aizen
|-boost|p1a: Aizen|atk|2
|move|p2a: Sinistcha|Iron Defense|p2a: Sinistcha
|-boost|p2a: Sinistcha|def|2
|
|upkeep
|turn|10
|
|t:|1758284098
|-end|p1a: Aizen|fallen1|[silent]
|switch|p1a: Fk hazard noobs|Weezing-Galar, M|100/100
|-ability|p1a: Fk hazard noobs|Neutralizing Gas
|move|p2a: Sinistcha|Iron Defense|p2a: Sinistcha
|-boost|p2a: Sinistcha|def|2
|
|upkeep
|turn|11
|
|t:|1758284101
|switch|p2a: Ting-Lu|Ting-Lu|100/100
|move|p1a: Fk hazard noobs|Will-O-Wisp|p2a: Ting-Lu
|-status|p2a: Ting-Lu|brn
|
|-damage|p2a: Ting-Lu|94/100 brn|[from] brn
|upkeep
|turn|12
|
|t:|1758284105
|-end|p1a: Fk hazard noobs|ability: Neutralizing Gas
|-ability|p2a: Ting-Lu|Vessel of Ruin
|switch|p1a: Always Relevant|Landorus-Therian, M|100/100
|-ability|p1a: Always Relevant|Intimidate|boost
|-unboost|p2a: Ting-Lu|atk|1
|move|p2a: Ting-Lu|Stealth Rock|p1a: Always Relevant
|-sidestart|p1: Obito 2001|move: Stealth Rock
|
|-heal|p2a: Ting-Lu|100/100 brn|[from] item: Leftovers
|-damage|p2a: Ting-Lu|94/100 brn|[from] brn
|upkeep
|turn|13
|
|t:|1758284109
|move|p1a: Always Relevant|Earthquake|p2a: Ting-Lu
|-damage|p2a: Ting-Lu|46/100 brn
|move|p2a: Ting-Lu|Ruination|p1a: Always Relevant
|-damage|p1a: Always Relevant|50/100
|
|-heal|p2a: Ting-Lu|52/100 brn|[from] item: Leftovers
|-damage|p2a: Ting-Lu|46/100 brn|[from] brn
|upkeep
|turn|14
|
|t:|1758284113
|switch|p2a: Sinistcha|Sinistcha|100/100
|move|p1a: Always Relevant|Earthquake|p2a: Sinistcha
|-resisted|p2a: Sinistcha
|-damage|p2a: Sinistcha|70/100
|
|-heal|p2a: Sinistcha|76/100|[from] item: Leftovers
|upkeep
|turn|15
|
|t:|1758284117
|switch|p1a: Fk hazard noobs|Weezing-Galar, M|100/100
|-ability|p1a: Fk hazard noobs|Neutralizing Gas
|move|p2a: Sinistcha|Matcha Gotcha|p1a: Fk hazard noobs
|-resisted|p1a: Fk hazard noobs
|-damage|p1a: Fk hazard noobs|78/100
|-heal|p2a: Sinistcha|87/100|[from] drain|[of] p1a: Fk hazard noobs
|
|-heal|p2a: Sinistcha|93/100|[from] item: Leftovers
|upkeep
|turn|16
|
|t:|1758284121
|move|p2a: Sinistcha|Shadow Ball|p1a: Fk hazard noobs
|-damage|p1a: Fk hazard noobs|30/100
|-unboost|p1a: Fk hazard noobs|spd|1
|move|p1a: Fk hazard noobs|Defog|p2a: Sinistcha
|-unboost|p2a: Sinistcha|evasion|1
|-sideend|p1: Obito 2001|Stealth Rock|[from] move: Defog|[of] p1a: Fk hazard noobs
|
|-heal|p2a: Sinistcha|99/100|[from] item: Leftovers
|upkeep
|turn|17
|
|t:|1758284128
|switch|p2a: Ting-Lu|Ting-Lu|46/100 brn
|-end|p1a: Fk hazard noobs|ability: Neutralizing Gas
|-ability|p2a: Ting-Lu|Vessel of Ruin
|switch|p1a: Screen Goblin|Grimmsnarl, M|100/100
|
|-heal|p2a: Ting-Lu|52/100 brn|[from] item: Leftovers
|-damage|p2a: Ting-Lu|46/100 brn|[from] brn
|upkeep
|turn|18
|j| wgw2333
|
|t:|1758284132
|switch|p1a: Aizen|Kingambit, F, shiny|100/100
|-activate|p1a: Aizen|ability: Supreme Overlord
|-start|p1a: Aizen|fallen1|[silent]
|move|p2a: Ting-Lu|Stealth Rock|p1a: Aizen
|-sidestart|p1: Obito 2001|move: Stealth Rock
|
|-heal|p2a: Ting-Lu|52/100 brn|[from] item: Leftovers
|-damage|p2a: Ting-Lu|46/100 brn|[from] brn
|upkeep
|turn|19
|
|t:|1758284134
|move|p1a: Aizen|Low Kick|p2a: Ting-Lu
|-supereffective|p2a: Ting-Lu
|-damage|p2a: Ting-Lu|0 fnt
|faint|p2a: Ting-Lu
|
|upkeep
|
|t:|1758284136
|switch|p2a: Sinistcha|Sinistcha|99/100
|turn|20
|
|t:|1758284138
|-end|p1a: Aizen|fallen1|[silent]
|switch|p1a: Screen Goblin|Grimmsnarl, M|100/100
|-damage|p1a: Screen Goblin|88/100|[from] Stealth Rock
|move|p2a: Sinistcha|Matcha Gotcha|p1a: Screen Goblin
|-damage|p1a: Screen Goblin|58/100
|-heal|p2a: Sinistcha|100/100|[from] drain|[of] p1a: Screen Goblin
|
|upkeep
|turn|21
|
|t:|1758284142
|move|p1a: Screen Goblin|Light Screen|p1a: Screen Goblin
|-sidestart|p1: Obito 2001|move: Light Screen
|move|p2a: Sinistcha|Matcha Gotcha|p1a: Screen Goblin
|-damage|p1a: Screen Goblin|42/100
|-status|p1a: Screen Goblin|brn
|
|-damage|p1a: Screen Goblin|36/100 brn|[from] brn
|upkeep
|turn|22
|
|t:|1758284145
|move|p2a: Sinistcha|Iron Defense|p2a: Sinistcha
|-boost|p2a: Sinistcha|def|2
|move|p1a: Screen Goblin|Spirit Break|p2a: Sinistcha
|-damage|p2a: Sinistcha|94/100
|-unboost|p2a: Sinistcha|spa|1
|
|-heal|p2a: Sinistcha|100/100|[from] item: Leftovers
|-damage|p1a: Screen Goblin|30/100 brn|[from] brn
|upkeep
|turn|23
|
|t:|1758284150
|switch|p2a: Iron Crown|Iron Crown|100/100
|-enditem|p2a: Iron Crown|Booster Energy
|-activate|p2a: Iron Crown|ability: Quark Drive|[fromitem]
|-start|p2a: Iron Crown|quarkdrivespa
|move|p1a: Screen Goblin|Spirit Break|p2a: Iron Crown
|-resisted|p2a: Iron Crown
|-damage|p2a: Iron Crown|92/100
|-unboost|p2a: Iron Crown|spa|1
|
|-damage|p1a: Screen Goblin|24/100 brn|[from] brn
|upkeep
|turn|24
|
|t:|1758284156
|move|p1a: Screen Goblin|Parting Shot|p2a: Iron Crown
|-unboost|p2a: Iron Crown|atk|1
|-unboost|p2a: Iron Crown|spa|1
|
|t:|1758284158
|switch|p1a: Yuna|Polteageist|100/100|[from] Parting Shot
|-damage|p1a: Yuna|88/100|[from] Stealth Rock
|move|p2a: Iron Crown|Calm Mind|p2a: Iron Crown
|-boost|p2a: Iron Crown|spa|1
|-boost|p2a: Iron Crown|spd|1
|
|upkeep
|turn|25
|
|t:|1758284168
|move|p2a: Iron Crown|Calm Mind|p2a: Iron Crown
|-boost|p2a: Iron Crown|spa|1
|-boost|p2a: Iron Crown|spd|1
|move|p1a: Yuna|Shell Smash|p1a: Yuna
|-unboost|p1a: Yuna|def|1
|-unboost|p1a: Yuna|spd|1
|-boost|p1a: Yuna|atk|2
|-boost|p1a: Yuna|spa|2
|-boost|p1a: Yuna|spe|2
|-enditem|p1a: Yuna|White Herb
|-clearnegativeboost|p1a: Yuna|[silent]
|
|upkeep
|turn|26
|
|t:|1758284177
|move|p1a: Yuna|Shell Smash|p1a: Yuna
|-unboost|p1a: Yuna|def|1
|-unboost|p1a: Yuna|spd|1
|-boost|p1a: Yuna|atk|2
|-boost|p1a: Yuna|spa|2
|-boost|p1a: Yuna|spe|2
|move|p2a: Iron Crown|Agility|p2a: Iron Crown
|-boost|p2a: Iron Crown|spe|2
|
|upkeep
|turn|27
|
|t:|1758284186
|move|p1a: Yuna|Shadow Ball|p2a: Iron Crown
|-supereffective|p2a: Iron Crown
|-damage|p2a: Iron Crown|0 fnt
|faint|p2a: Iron Crown
|-end|p2a: Iron Crown|Quark Drive|[silent]
|
|upkeep
|-message|powerfull_rock forfeited.
|
|win|Obito 2001
|raw|Obito 2001's rating: 1767 &rarr; <strong>1786</strong><br />(+19 for winning)
|raw|powerfull_rock's rating: 1749 &rarr; <strong>1730</strong><br />(-19 for losing)
|l|☆powerfull_rock
|player|p2|
|l|☆Obito 2001
|player|p1|
