|j|☆uihjvb
|j|☆mattsprojectlife
|t:|1758351768
|gametype|singles
|player|p1|uihjvb|266|1191
|player|p2|mattsprojectlife|101|1115
|gen|9
|tier|[Gen 9] OU
|rated|
|rule|HP Percentage Mod: HP is shown in percentages
|rule|Endless Battle Clause: Forcing endless battles is banned
|rule|Species Clause: Limit one of each Pokémon
|rule|OHKO Clause: OHKO moves are banned
|rule|Evasion Items Clause: Evasion items are banned
|rule|Evasion Moves Clause: Evasion moves are banned
|rule|Evasion Abilities Clause: Evasion abilities are banned
|rule|Sleep Moves Clause: Sleep-inducing moves are banned
|clearpoke
|poke|p1|Ceruledge, M|
|poke|p1|Dondozo, M|
|poke|p1|Reuniclus, F|
|poke|p1|Conkeldurr, F|
|poke|p1|Hatterene, F|
|poke|p1|Gliscor, F|
|poke|p2|Primarina, F|
|poke|p2|Dragonite, F|
|poke|p2|Serperior, F|
|poke|p2|Toxapex, F|
|poke|p2|Ludicolo, M|
|poke|p2|Flareon, F|
|teampreview
|
|t:|1758351776
|teamsize|p1|6
|teamsize|p2|6
|start
|switch|p1a: Hatterene|Hatterene, F|100/100
|switch|p2a: Toxapex|Toxapex, F|100/100
|turn|1
|
|t:|1758351792
|move|p2a: Toxapex|Toxic Spikes|p1a: Hatterene
|move|p1a: Hatterene|Toxic Spikes|p2a: Toxapex|[from] ability: Magic Bounce
|-sidestart|p2: mattsprojectlife|move: Toxic Spikes
|move|p1a: Hatterene|Light Screen|p1a: Hatterene
|-sidestart|p1: uihjvb|move: Light Screen
|
|upkeep
|turn|2
|
|t:|1758351800
|move|p2a: Toxapex|Rain Dance|p2a: Toxapex
|-weather|RainDance
|move|p1a: Hatterene|Reflect|p1a: Hatterene
|-sidestart|p1: uihjvb|Reflect
|
|-weather|RainDance|[upkeep]
|upkeep
|turn|3
|
|t:|1758351807
|move|p2a: Toxapex|Toxic Spikes|p1a: Hatterene
|move|p1a: Hatterene|Toxic Spikes|p2a: Toxapex|[from] ability: Magic Bounce
|-sidestart|p2: mattsprojectlife|move: Toxic Spikes
|move|p1a: Hatterene|Trick Room|p1a: Hatterene
|-fieldstart|move: Trick Room|[of] p1a: Hatterene
|
|-weather|RainDance|[upkeep]
|upkeep
|turn|4
|
|t:|1758351820
|switch|p1a: Reuniclus|Reuniclus, F, shiny|100/100
|switch|p2a: Flareon|Flareon, F|100/100
|-status|p2a: Flareon|tox
|
|-weather|RainDance|[upkeep]
|-damage|p2a: Flareon|94/100 tox|[from] psn
|upkeep
|turn|5
|inactive|Battle timer is ON: inactive players will automatically lose when time's up. (requested by uihjvb)
|j| Pastor2x
|
|t:|1758351833
|move|p1a: Reuniclus|Acid Armor|p1a: Reuniclus
|-boost|p1a: Reuniclus|def|2
|move|p2a: Flareon|Flare Blitz|p1a: Reuniclus
|-damage|p1a: Reuniclus|88/100
|-damage|p2a: Flareon|88/100 tox|[from] Recoil
|
|-weather|RainDance|[upkeep]
|-heal|p1a: Reuniclus|94/100|[from] item: Leftovers
|-damage|p2a: Flareon|75/100 tox|[from] psn
|-sideend|p1: uihjvb|move: Light Screen
|upkeep
|turn|6
|c| Pastor2x|matts a sore loser
|
|t:|1758351844
|move|p1a: Reuniclus|Acid Armor|p1a: Reuniclus
|-boost|p1a: Reuniclus|def|2
|move|p2a: Flareon|Will-O-Wisp|p1a: Reuniclus
|-status|p1a: Reuniclus|brn
|
|-weather|RainDance|[upkeep]
|-heal|p1a: Reuniclus|100/100 brn|[from] item: Leftovers
|-damage|p2a: Flareon|57/100 tox|[from] psn
|-sideend|p1: uihjvb|Reflect
|upkeep
|turn|7
|
|t:|1758351858
|move|p1a: Reuniclus|Calm Mind|p1a: Reuniclus
|-boost|p1a: Reuniclus|spa|1
|-boost|p1a: Reuniclus|spd|1
|move|p2a: Flareon|Flare Blitz|p1a: Reuniclus
|-damage|p1a: Reuniclus|86/100 brn
|-damage|p2a: Flareon|49/100 tox|[from] Recoil
|
|-weather|RainDance|[upkeep]
|-heal|p1a: Reuniclus|92/100 brn|[from] item: Leftovers
|-damage|p2a: Flareon|24/100 tox|[from] psn
|-fieldend|move: Trick Room
|upkeep
|turn|8
|
|t:|1758351874
|switch|p2a: Ludicolo|Ludicolo, M|100/100
|-status|p2a: Ludicolo|tox
|move|p1a: Reuniclus|Calm Mind|p1a: Reuniclus
|-boost|p1a: Reuniclus|spa|1
|-boost|p1a: Reuniclus|spd|1
|
|-weather|RainDance|[upkeep]
|-heal|p1a: Reuniclus|98/100 brn|[from] item: Leftovers
|-damage|p2a: Ludicolo|94/100 tox|[from] psn
|upkeep
|turn|9
|
|t:|1758351886
|move|p2a: Ludicolo|Weather Ball|p1a: Reuniclus
|-damage|p1a: Reuniclus|63/100 brn
|move|p1a: Reuniclus|Calm Mind|p1a: Reuniclus
|-boost|p1a: Reuniclus|spa|1
|-boost|p1a: Reuniclus|spd|1
|
|-weather|none
|-heal|p1a: Reuniclus|69/100 brn|[from] item: Leftovers
|-damage|p2a: Ludicolo|82/100 tox|[from] psn
|upkeep
|turn|10
|c| Pastor2x|b2b Ls
|
|t:|1758351903
|switch|p2a: Toxapex|Toxapex, F|100/100
|-sideend|p2: mattsprojectlife|move: Toxic Spikes|[of] p2a: Toxapex
|move|p1a: Reuniclus|Calm Mind|p1a: Reuniclus
|-boost|p1a: Reuniclus|spa|1
|-boost|p1a: Reuniclus|spd|1
|
|-heal|p1a: Reuniclus|75/100 brn|[from] item: Leftovers
|upkeep
|turn|11
|
|t:|1758351914
|move|p2a: Toxapex|Rain Dance|p2a: Toxapex
|-weather|RainDance
|move|p1a: Reuniclus|Calm Mind|p1a: Reuniclus
|-boost|p1a: Reuniclus|spa|1
|-boost|p1a: Reuniclus|spd|1
|
|-weather|RainDance|[upkeep]
|-heal|p1a: Reuniclus|82/100 brn|[from] item: Leftovers
|upkeep
|turn|12
|inactive|mattsprojectlife has 120 seconds left.
|
|t:|1758351936
|move|p2a: Toxapex|Toxic Spikes|p1a: Reuniclus
|-sidestart|p1: uihjvb|move: Toxic Spikes
|move|p1a: Reuniclus|Calm Mind|p1a: Reuniclus
|-boost|p1a: Reuniclus|spa|1
|-boost|p1a: Reuniclus|spd|1
|
|-weather|RainDance|[upkeep]
|-heal|p1a: Reuniclus|88/100 brn|[from] item: Leftovers
|upkeep
|turn|13
|inactive|mattsprojectlife has 120 seconds left.
|
|t:|1758351947
|move|p2a: Toxapex|Baneful Bunker|p2a: Toxapex
|-singleturn|p2a: Toxapex|move: Protect
|move|p1a: Reuniclus|Acid Armor|p1a: Reuniclus
|-boost|p1a: Reuniclus|def|2
|
|-weather|RainDance|[upkeep]
|-heal|p1a: Reuniclus|94/100 brn|[from] item: Leftovers
|upkeep
|turn|14
|
|t:|1758351956
|move|p2a: Toxapex|Pain Split|p1a: Reuniclus
|-sethp|p1a: Reuniclus|75/100 brn|[from] move: Pain Split|[silent]
|-sethp|p2a: Toxapex|100/100|[from] move: Pain Split
|move|p1a: Reuniclus|Flash Cannon|p2a: Toxapex
|-resisted|p2a: Toxapex
|-damage|p2a: Toxapex|60/100
|
|-weather|RainDance|[upkeep]
|-heal|p1a: Reuniclus|82/100 brn|[from] item: Leftovers
|upkeep
|turn|15
|
|t:|1758351966
|move|p2a: Toxapex|Pain Split|p1a: Reuniclus
|-sethp|p1a: Reuniclus|58/100 brn|[from] move: Pain Split|[silent]
|-sethp|p2a: Toxapex|100/100|[from] move: Pain Split
|move|p1a: Reuniclus|Flash Cannon|p2a: Toxapex
|-resisted|p2a: Toxapex
|-damage|p2a: Toxapex|62/100
|
|-weather|RainDance|[upkeep]
|-heal|p1a: Reuniclus|64/100 brn|[from] item: Leftovers
|upkeep
|turn|16
|
|t:|1758351977
|move|p2a: Toxapex|Pain Split|p1a: Reuniclus
|-sethp|p1a: Reuniclus|50/100 brn|[from] move: Pain Split|[silent]
|-sethp|p2a: Toxapex|87/100|[from] move: Pain Split
|move|p1a: Reuniclus|Flash Cannon|p2a: Toxapex
|-resisted|p2a: Toxapex
|-damage|p2a: Toxapex|47/100
|
|-weather|RainDance|[upkeep]
|-heal|p1a: Reuniclus|56/100 brn|[from] item: Leftovers
|upkeep
|turn|17
|
|t:|1758351987
|move|p2a: Toxapex|Pain Split|p1a: Reuniclus
|-sethp|p1a: Reuniclus|42/100 brn|[from] move: Pain Split|[silent]
|-sethp|p2a: Toxapex|73/100|[from] move: Pain Split
|move|p1a: Reuniclus|Flash Cannon|p2a: Toxapex
|-resisted|p2a: Toxapex
|-damage|p2a: Toxapex|31/100
|
|-weather|RainDance|[upkeep]
|-heal|p1a: Reuniclus|48/100 brn|[from] item: Leftovers
|upkeep
|turn|18
|
|t:|1758352000
|switch|p2a: Flareon|Flareon, F|24/100 tox
|move|p1a: Reuniclus|Flash Cannon|p2a: Flareon
|-resisted|p2a: Flareon
|-damage|p2a: Flareon|0 fnt
|faint|p2a: Flareon
|
|-weather|none
|-heal|p1a: Reuniclus|54/100 brn|[from] item: Leftovers
|upkeep
|inactive|mattsprojectlife has 120 seconds left.
|
|t:|1758352034
|switch|p2a: Serperior|Serperior, F|100/100
|turn|19
|
|t:|1758352043
|-terastallize|p1a: Reuniclus|Steel
|move|p2a: Serperior|Leaf Storm|p1a: Reuniclus
|-resisted|p1a: Reuniclus
|-damage|p1a: Reuniclus|49/100 brn
|-boost|p2a: Serperior|spa|2
|move|p1a: Reuniclus|Flash Cannon|p2a: Serperior
|-damage|p2a: Serperior|0 fnt
|faint|p2a: Serperior
|
|-heal|p1a: Reuniclus|55/100 brn|[from] item: Leftovers
|upkeep
|
|t:|1758352066
|switch|p2a: Toxapex|Toxapex, F|64/100
|turn|20
|
|t:|1758352074
|move|p2a: Toxapex|Rain Dance|p2a: Toxapex
|-weather|RainDance
|move|p1a: Reuniclus|Flash Cannon|p2a: Toxapex
|-resisted|p2a: Toxapex
|-damage|p2a: Toxapex|7/100
|
|-weather|RainDance|[upkeep]
|-heal|p1a: Reuniclus|62/100 brn|[from] item: Leftovers
|upkeep
|turn|21
|
|t:|1758352082
|move|p2a: Toxapex|Pain Split|p1a: Reuniclus
|-sethp|p1a: Reuniclus|33/100 brn|[from] move: Pain Split|[silent]
|-sethp|p2a: Toxapex|57/100|[from] move: Pain Split
|move|p1a: Reuniclus|Flash Cannon|p2a: Toxapex
|-resisted|p2a: Toxapex
|-damage|p2a: Toxapex|0 fnt
|faint|p2a: Toxapex
|
|-weather|RainDance|[upkeep]
|-heal|p1a: Reuniclus|39/100 brn|[from] item: Leftovers
|upkeep
|
|t:|1758352092
|switch|p2a: Ludicolo|Ludicolo, M|82/100 tox
|turn|22
|
|t:|1758352098
|-terastallize|p2a: Ludicolo|Water
|move|p2a: Ludicolo|Weather Ball|p1a: Reuniclus
|-damage|p1a: Reuniclus|16/100 brn
|move|p1a: Reuniclus|Recover|p1a: Reuniclus
|-heal|p1a: Reuniclus|66/100 brn
|
|-weather|RainDance|[upkeep]
|-heal|p1a: Reuniclus|72/100 brn|[from] item: Leftovers
|-damage|p2a: Ludicolo|76/100 tox|[from] psn
|upkeep
|turn|23
|inactive|mattsprojectlife has 90 seconds left.
|c| Pastor2x|he's not coming back
|inactive|mattsprojectlife has 60 seconds left.
|inactive|mattsprojectlife has 30 seconds left.
|inactive|mattsprojectlife has 20 seconds left.
|c| Pastor2x|bro doesnt know how to just accept defeat
|inactive|mattsprojectlife has 15 seconds left.
|inactive|mattsprojectlife has 10 seconds left.
|inactive|mattsprojectlife has 5 seconds left.
|-message|mattsprojectlife lost due to inactivity.
|
|win|uihjvb
|raw|uihjvb's rating: 1191 &rarr; <strong>1209</strong><br />(+18 for winning)
|raw|mattsprojectlife's rating: 1087 &rarr; <strong>1071</strong><br />(-16 for losing)
|l| Pastor2x
|j| Pastor2x
|l| Pastor2x
