|j|☆sly_skip
|j|☆peakmindset
|t:|1758342872
|gametype|singles
|player|p1|sly_skip|265|1579
|player|p2|peakmindset|byron|1567
|gen|9
|tier|[Gen 9] OU
|rated|
|rule|HP Percentage Mod: HP is shown in percentages
|rule|Endless Battle Clause: Forcing endless battles is banned
|rule|Species Clause: Limit one of each Pokémon
|rule|OHKO Clause: OHKO moves are banned
|rule|Evasion Items Clause: Evasion items are banned
|rule|Evasion Moves Clause: Evasion moves are banned
|rule|Evasion Abilities Clause: Evasion abilities are banned
|rule|Sleep Moves Clause: Sleep-inducing moves are banned
|clearpoke
|poke|p1|Great Tusk|
|poke|p1|Darkrai|
|poke|p1|Garganacl, M|
|poke|p1|Kyurem|
|poke|p1|Zamazenta-*|
|poke|p1|Slowking-Galar, F|
|poke|p2|Pelipper, F|
|poke|p2|Hatterene, F|
|poke|p2|Iron Treads|
|poke|p2|Toxicroak, F|
|poke|p2|Barraskewda, F|
|poke|p2|Zapdos|
|teampreview
|inactive|Battle timer is ON: inactive players will automatically lose when time's up. (requested by sly_skip)
|
|t:|1758342880
|teamsize|p1|6
|teamsize|p2|6
|start
|switch|p1a: Slowking|Slowking-Galar, F|100/100
|switch|p2a: Zapdos|Zapdos|100/100
|turn|1
|
|t:|1758342902
|move|p2a: Zapdos|Hurricane|p1a: Slowking
|-damage|p1a: Slowking|50/100
|-start|p1a: Slowking|confusion
|-prepare|p1a: Slowking|Chilly Reception|[premajor]
|-activate|p1a: Slowking|confusion
|move|p1a: Slowking|Chilly Reception|p1a: Slowking
|-weather|Snowscape
|
|t:|1758342907
|switch|p1a: Darkrai|Darkrai|100/100|[from] Chilly Reception
|
|-weather|Snowscape|[upkeep]
|upkeep
|turn|2
|
|t:|1758342910
|switch|p2a: Pelipper|Pelipper, F|100/100
|-weather|RainDance|[from] ability: Drizzle|[of] p2a: Pelipper
|move|p1a: Darkrai|Knock Off|p2a: Pelipper
|-damage|p2a: Pelipper|70/100
|-enditem|p2a: Pelipper|Damp Rock|[from] move: Knock Off|[of] p1a: Darkrai
|
|-weather|RainDance|[upkeep]
|upkeep
|turn|3
|
|t:|1758342916
|move|p1a: Darkrai|Dark Pulse|p2a: Pelipper
|-damage|p2a: Pelipper|30/100
|move|p2a: Pelipper|U-turn|p1a: Darkrai
|-supereffective|p1a: Darkrai
|-crit|p1a: Darkrai
|-damage|p1a: Darkrai|65/100
|
|t:|1758342920
|switch|p2a: Barraskewda|Barraskewda, F|100/100|[from] U-turn
|
|-weather|RainDance|[upkeep]
|upkeep
|turn|4
|j| ssaasas
|l| ssaasas
|
|t:|1758342944
|switch|p1a: Kyurem|Kyurem|100/100
|-ability|p1a: Kyurem|Pressure
|move|p2a: Barraskewda|Liquidation|p1a: Kyurem
|-resisted|p1a: Kyurem
|-damage|p1a: Kyurem|48/100
|-unboost|p1a: Kyurem|def|1
|
|-weather|RainDance|[upkeep]
|upkeep
|turn|5
|
|t:|1758342947
|move|p2a: Barraskewda|Liquidation|p1a: Kyurem
|-resisted|p1a: Kyurem
|-damage|p1a: Kyurem|0 fnt
|faint|p1a: Kyurem
|
|-weather|RainDance|[upkeep]
|upkeep
|
|t:|1758342950
|switch|p1a: Garganacl|Garganacl, M|100/100
|turn|6
|
|t:|1758342959
|switch|p2a: Toxicroak|Toxicroak, F|100/100
|-terastallize|p1a: Garganacl|Water
|move|p1a: Garganacl|Salt Cure|p2a: Toxicroak
|-resisted|p2a: Toxicroak
|-damage|p2a: Toxicroak|94/100
|-start|p2a: Toxicroak|Salt Cure
|
|-weather|RainDance|[upkeep]
|-heal|p2a: Toxicroak|100/100|[from] ability: Dry Skin
|-damage|p2a: Toxicroak|88/100|[from] Salt Cure
|upkeep
|turn|7
|
|t:|1758342975
|switch|p2a: Hatterene|Hatterene, F|100/100
|move|p1a: Garganacl|Earthquake|p2a: Hatterene
|-damage|p2a: Hatterene|80/100
|-enditem|p2a: Hatterene|Eject Button
|
|t:|1758342979
|switch|p2a: Zapdos|Zapdos|100/100
|
|-weather|RainDance|[upkeep]
|upkeep
|turn|8
|
|t:|1758342989
|switch|p1a: Great Tusk|Great Tusk|100/100
|move|p2a: Zapdos|Hurricane|p1a: Great Tusk
|-supereffective|p1a: Great Tusk
|-damage|p1a: Great Tusk|0 fnt
|faint|p1a: Great Tusk
|-end|p1a: Great Tusk|Protosynthesis|[silent]
|
|-weather|RainDance|[upkeep]
|upkeep
|
|t:|1758342992
|switch|p1a: Slowking|Slowking-Galar, F|83/100
|turn|9
|
|t:|1758342999
|move|p2a: Zapdos|Hurricane|p1a: Slowking
|-damage|p1a: Slowking|38/100
|move|p1a: Slowking|Toxic|p2a: Zapdos
|-status|p2a: Zapdos|tox
|
|-weather|none
|-damage|p2a: Zapdos|94/100 tox|[from] psn
|upkeep
|turn|10
|
|t:|1758343010
|switch|p1a: Garganacl|Garganacl, M, tera:Water|100/100
|move|p2a: Zapdos|Hurricane|p1a: Garganacl
|-damage|p1a: Garganacl|41/100
|
|-heal|p1a: Garganacl|47/100|[from] item: Leftovers
|-damage|p2a: Zapdos|82/100 tox|[from] psn
|upkeep
|turn|11
|
|t:|1758343028
|switch|p1a: Slowking|Slowking-Galar, F|71/100
|move|p2a: Zapdos|Hurricane|p1a: Slowking
|-damage|p1a: Slowking|24/100
|
|-damage|p2a: Zapdos|63/100 tox|[from] psn
|upkeep
|turn|12
|
|t:|1758343037
|move|p2a: Zapdos|Hurricane|p1a: Slowking
|-damage|p1a: Slowking|0 fnt
|faint|p1a: Slowking
|
|-damage|p2a: Zapdos|38/100 tox|[from] psn
|upkeep
|
|t:|1758343047
|switch|p1a: Darkrai|Darkrai|65/100
|turn|13
|
|t:|1758343054
|switch|p2a: Pelipper|Pelipper, F|30/100
|-weather|RainDance|[from] ability: Drizzle|[of] p2a: Pelipper
|move|p1a: Darkrai|Dark Pulse|p2a: Pelipper
|-damage|p2a: Pelipper|0 fnt
|faint|p2a: Pelipper
|
|-weather|RainDance|[upkeep]
|upkeep
|
|t:|1758343075
|switch|p2a: Barraskewda|Barraskewda, F|100/100
|turn|14
|
|t:|1758343085
|move|p2a: Barraskewda|Flip Turn|p1a: Darkrai
|-damage|p1a: Darkrai|0 fnt
|faint|p1a: Darkrai
|
|t:|1758343108
|switch|p2a: Hatterene|Hatterene, F|80/100|[from] Flip Turn
|
|-weather|RainDance|[upkeep]
|upkeep
|
|t:|1758343113
|switch|p1a: Zamazenta|Zamazenta|100/100
|-ability|p1a: Zamazenta|Dauntless Shield|boost
|-boost|p1a: Zamazenta|def|1
|turn|15
|
|t:|1758343118
|move|p1a: Zamazenta|Heavy Slam|p2a: Hatterene
|-supereffective|p2a: Hatterene
|-damage|p2a: Hatterene|21/100
|move|p2a: Hatterene|Healing Wish|p2a: Hatterene
|faint|p2a: Hatterene
|
|-weather|RainDance|[upkeep]
|upkeep
|
|t:|1758343120
|switch|p2a: Zapdos|Zapdos|38/100 tox
|-heal|p2a: Zapdos|100/100|[from] move: Healing Wish
|turn|16
|-message|sly_skip forfeited.
|
|win|peakmindset
|raw|sly_skip's rating: 1579 &rarr; <strong>1558</strong><br />(-21 for losing)
|raw|peakmindset's rating: 1567 &rarr; <strong>1588</strong><br />(+21 for winning)
|l|☆sly_skip
|player|p1|
|l|☆peakmindset
|player|p2|
