|j|☆ml vmgol
|j|☆shuppetlover
|t:|1758345684
|gametype|singles
|player|p1|ml vmgol|policeman-gen4|1070
|player|p2|shuppetlover|workerice|1018
|gen|9
|tier|[Gen 9] OU
|rated|
|rule|HP Percentage Mod: HP is shown in percentages
|rule|Endless Battle Clause: Forcing endless battles is banned
|rule|Species Clause: Limit one of each Pokémon
|rule|OHKO Clause: OHKO moves are banned
|rule|Evasion Items Clause: Evasion items are banned
|rule|Evasion Moves Clause: Evasion moves are banned
|rule|Evasion Abilities Clause: Evasion abilities are banned
|rule|Sleep Moves Clause: Sleep-inducing moves are banned
|clearpoke
|poke|p1|Cramorant, M|
|poke|p1|Excadrill, F|
|poke|p1|Raging Bolt|
|poke|p1|Heatran, M|
|poke|p1|Hydreigon, M|
|poke|p1|Primarina, F|
|poke|p2|Venusaur, M|
|poke|p2|Umbreon, F|
|poke|p2|Latios, M|
|poke|p2|Torkoal, M|
|poke|p2|Flygon, M|
|poke|p2|Blaziken, M|
|teampreview
|inactive|Battle timer is ON: inactive players will automatically lose when time's up. (requested by ml vmgol)
|
|t:|1758345713
|teamsize|p1|6
|teamsize|p2|6
|start
|switch|p1a: Cramorant|Cramorant, M|100/100
|switch|p2a: Umbreon|Umbreon, F|100/100
|turn|1
|
|t:|1758345718
|move|p1a: Cramorant|Surf|p2a: Umbreon
|-formechange|p1a: Cramorant|Cramorant-Gulping|
|-damage|p2a: Umbreon|71/100
|move|p2a: Umbreon|Body Slam|p1a: Cramorant
|-damage|p1a: Cramorant|71/100
|-status|p1a: Cramorant|par
|-damage|p2a: Umbreon|46/100|[from] ability: Gulp Missile|[of] p1a: Cramorant
|-unboost|p2a: Umbreon|def|1
|-formechange|p1a: Cramorant|Cramorant|
|
|-heal|p2a: Umbreon|52/100|[from] item: Leftovers
|upkeep
|turn|2
|
|t:|1758345730
|move|p2a: Umbreon|Wish|p2a: Umbreon
|cant|p1a: Cramorant|par
|
|-heal|p2a: Umbreon|59/100|[from] item: Leftovers
|upkeep
|turn|3
|
|t:|1758345739
|move|p2a: Umbreon|Body Slam|p1a: Cramorant
|-damage|p1a: Cramorant|37/100 par
|move|p1a: Cramorant|Surf|p2a: Umbreon
|-formechange|p1a: Cramorant|Cramorant-Gorging|
|-damage|p2a: Umbreon|28/100
|
|-heal|p2a: Umbreon|78/100|[from] move: Wish|[wisher] Umbreon
|-heal|p2a: Umbreon|84/100|[from] item: Leftovers
|upkeep
|turn|4
|
|t:|1758345753
|move|p2a: Umbreon|Assurance|p1a: Cramorant
|-crit|p1a: Cramorant
|-damage|p1a: Cramorant|0 fnt
|-damage|p2a: Umbreon|59/100|[from] ability: Gulp Missile|[of] p1a: Cramorant
|-status|p2a: Umbreon|par
|-activate|p2a: Umbreon|ability: Synchronize
|-formechange|p1a: Cramorant|Cramorant|
|faint|p1a: Cramorant
|
|-heal|p2a: Umbreon|65/100 par|[from] item: Leftovers
|upkeep
|
|t:|1758345765
|switch|p1a: Primarina|Primarina, F|100/100
|turn|5
|
|t:|1758345793
|move|p1a: Primarina|Substitute|p1a: Primarina
|-start|p1a: Primarina|Substitute
|-damage|p1a: Primarina|76/100
|move|p2a: Umbreon|Body Slam|p1a: Primarina
|-end|p1a: Primarina|Substitute
|
|-heal|p2a: Umbreon|71/100 par|[from] item: Leftovers
|upkeep
|turn|6
|
|t:|1758345808
|move|p1a: Primarina|Moonblast|p2a: Umbreon
|-supereffective|p2a: Umbreon
|-damage|p2a: Umbreon|0 fnt
|faint|p2a: Umbreon
|
|upkeep
|
|t:|1758345819
|switch|p2a: Flyeon|Flygon, M|100/100
|turn|7
|
|t:|1758345824
|-terastallize|p2a: Flyeon|Steel
|move|p2a: Flyeon|Agility|p2a: Flyeon
|-boost|p2a: Flyeon|spe|2
|move|p1a: Primarina|Moonblast|p2a: Flyeon
|-resisted|p2a: Flyeon
|-damage|p2a: Flyeon|68/100
|
|upkeep
|turn|8
|
|t:|1758345832
|move|p2a: Flyeon|Psychic Noise|p1a: Primarina
|-damage|p1a: Primarina|55/100
|-start|p1a: Primarina|move: Heal Block
|-enditem|p2a: Flyeon|Throat Spray
|-boost|p2a: Flyeon|spa|1|[from] item: Throat Spray
|move|p1a: Primarina|Surf|p2a: Flyeon
|-damage|p2a: Flyeon|9/100
|
|upkeep
|turn|9
|
|t:|1758345841
|move|p2a: Flyeon|Boomburst|p1a: Primarina
|-damage|p1a: Primarina|0 fnt
|faint|p1a: Primarina
|
|upkeep
|
|t:|1758345848
|switch|p1a: Raging Bolt|Raging Bolt|100/100
|-enditem|p1a: Raging Bolt|Booster Energy
|-activate|p1a: Raging Bolt|ability: Protosynthesis|[fromitem]
|-start|p1a: Raging Bolt|protosynthesisspa
|turn|10
|
|t:|1758345853
|move|p1a: Raging Bolt|Thunderclap|p2a: Flyeon
|-damage|p2a: Flyeon|0 fnt
|faint|p2a: Flyeon
|
|upkeep
|
|t:|1758345859
|switch|p2a: Latios|Latios, M|100/100
|turn|11
|
|t:|1758345863
|switch|p2a: Kelleon|Torkoal, M|100/100
|-weather|SunnyDay|[from] ability: Drought|[of] p2a: Kelleon
|move|p1a: Raging Bolt|Dragon Pulse|p2a: Kelleon
|-crit|p2a: Kelleon
|-damage|p2a: Kelleon|4/100
|
|-weather|SunnyDay|[upkeep]
|upkeep
|turn|12
|
|t:|1758345871
|move|p1a: Raging Bolt|Dragon Pulse|p2a: Kelleon
|-damage|p2a: Kelleon|0 fnt
|faint|p2a: Kelleon
|
|-weather|SunnyDay|[upkeep]
|upkeep
|
|t:|1758345877
|switch|p2a: Venusaur|Venusaur, M|100/100
|turn|13
|
|t:|1758345880
|move|p2a: Venusaur|Growth|p2a: Venusaur
|-boost|p2a: Venusaur|atk|2
|-boost|p2a: Venusaur|spa|2
|move|p1a: Raging Bolt|Dragon Pulse|p2a: Venusaur
|-damage|p2a: Venusaur|36/100
|
|-weather|SunnyDay|[upkeep]
|-heal|p2a: Venusaur|42/100|[from] item: Leftovers
|upkeep
|turn|14
|
|t:|1758345888
|move|p2a: Venusaur|Earthquake|p1a: Raging Bolt
|-supereffective|p1a: Raging Bolt
|-damage|p1a: Raging Bolt|6/100
|move|p1a: Raging Bolt|Dragon Pulse|p2a: Venusaur
|-damage|p2a: Venusaur|0 fnt
|faint|p2a: Venusaur
|
|-weather|SunnyDay|[upkeep]
|upkeep
|c|☆shuppetlover|...
|
|t:|1758345898
|switch|p2a: Flareon standing|Blaziken, M|100/100
|turn|15
|
|t:|1758345903
|move|p2a: Flareon standing|Upper Hand|p1a: Raging Bolt
|-damage|p1a: Raging Bolt|0 fnt
|faint|p1a: Raging Bolt
|-end|p1a: Raging Bolt|Protosynthesis|[silent]
|
|-weather|none
|-ability|p2a: Flareon standing|Speed Boost|boost
|-boost|p2a: Flareon standing|spe|1
|upkeep
|
|t:|1758345917
|switch|p1a: Heatran|Heatran, M|100/100
|-item|p1a: Heatran|Air Balloon
|turn|16
|
|t:|1758345924
|-terastallize|p1a: Heatran|Fairy
|move|p2a: Flareon standing|Close Combat|p1a: Heatran
|-resisted|p1a: Heatran
|-damage|p1a: Heatran|74/100
|-unboost|p2a: Flareon standing|def|1
|-unboost|p2a: Flareon standing|spd|1
|-enditem|p1a: Heatran|Air Balloon
|move|p1a: Heatran|Earth Power|p2a: Flareon standing
|-supereffective|p2a: Flareon standing
|-damage|p2a: Flareon standing|0 fnt
|faint|p2a: Flareon standing
|
|upkeep
|
|t:|1758345927
|switch|p2a: Latios|Latios, M|100/100
|turn|17
|
|t:|1758345939
|move|p2a: Latios|Dragon Dance|p2a: Latios
|-boost|p2a: Latios|atk|1
|-boost|p2a: Latios|spe|1
|move|p1a: Heatran|Magma Storm|p2a: Latios|[miss]
|-miss|p1a: Heatran|p2a: Latios
|
|upkeep
|turn|18
|
|t:|1758345945
|move|p2a: Latios|Dragon Dance|p2a: Latios
|-boost|p2a: Latios|atk|1
|-boost|p2a: Latios|spe|1
|move|p1a: Heatran|Magma Storm|p2a: Latios
|-resisted|p2a: Latios
|-damage|p2a: Latios|71/100
|-activate|p2a: Latios|move: Magma Storm|[of] p1a: Heatran
|
|-damage|p2a: Latios|59/100|[from] move: Magma Storm|[partiallytrapped]
|upkeep
|turn|19
|
|t:|1758345954
|move|p2a: Latios|Zen Headbutt|p1a: Heatran|[miss]
|-miss|p2a: Latios|p1a: Heatran
|move|p1a: Heatran|Taunt|p2a: Latios
|-start|p2a: Latios|move: Taunt
|
|-damage|p2a: Latios|46/100|[from] move: Magma Storm|[partiallytrapped]
|upkeep
|turn|20
|
|t:|1758345961
|move|p2a: Latios|Zen Headbutt|p1a: Heatran
|-damage|p1a: Heatran|0 fnt
|faint|p1a: Heatran
|
|-end|p2a: Latios|Magma Storm|[partiallytrapped]|[silent]
|upkeep
|
|t:|1758345970
|switch|p1a: Excadrill|Excadrill, F|100/100
|-ability|p1a: Excadrill|Mold Breaker
|-item|p1a: Excadrill|Air Balloon
|turn|21
|
|t:|1758345983
|move|p2a: Latios|Zen Headbutt|p1a: Excadrill
|-resisted|p1a: Excadrill
|-damage|p1a: Excadrill|41/100
|-enditem|p1a: Excadrill|Air Balloon
|move|p1a: Excadrill|Iron Head|p2a: Latios
|-damage|p2a: Latios|1/100
|
|upkeep
|turn|22
|
|t:|1758345990
|move|p2a: Latios|Zen Headbutt|p1a: Excadrill
|-resisted|p1a: Excadrill
|-damage|p1a: Excadrill|0 fnt
|faint|p1a: Excadrill
|
|-end|p2a: Latios|move: Taunt
|upkeep
|c|☆shuppetlover|Nice
|c|☆shuppetlover|ggs
|
|t:|1758345996
|switch|p1a: Hydreigon|Hydreigon, M|100/100
|turn|23
|
|t:|1758346000
|move|p2a: Latios|Dragon Claw|p1a: Hydreigon
|-supereffective|p1a: Hydreigon
|-damage|p1a: Hydreigon|0 fnt
|faint|p1a: Hydreigon
|
|win|shuppetlover
|raw|ml vmgol's rating: 1070 &rarr; <strong>1046</strong><br />(-24 for losing)
|raw|shuppetlover's rating: 1018 &rarr; <strong>1061</strong><br />(+43 for winning)
|l|☆ml vmgol
|player|p1|
