|j|☆mailman2
|j|☆fadingstrawberry
|t:|1758260448
|gametype|singles
|player|p1|mailman2|265|1383
|player|p2|fadingstrawberry|swimmerf-gen4|1407
|gen|9
|tier|[Gen 9] OU
|rated|
|rule|HP Percentage Mod: HP is shown in percentages
|rule|Endless Battle Clause: Forcing endless battles is banned
|rule|Species Clause: Limit one of each Pokémon
|rule|OHKO Clause: OHKO moves are banned
|rule|Evasion Items Clause: Evasion items are banned
|rule|Evasion Moves Clause: Evasion moves are banned
|rule|Evasion Abilities Clause: Evasion abilities are banned
|rule|Sleep Moves Clause: Sleep-inducing moves are banned
|clearpoke
|poke|p1|Kyurem|
|poke|p1|Great Tusk|
|poke|p1|Ceruledge, M|
|poke|p1|Ninetales-Alola, M|
|poke|p1|Dragapult, F|
|poke|p1|Manaphy|
|poke|p2|Pelipper, F|
|poke|p2|Barraskewda, M|
|poke|p2|Beartic, F|
|poke|p2|Hatterene, F|
|poke|p2|Zapdos|
|poke|p2|Great Tusk|
|teampreview
|
|t:|1758260460
|teamsize|p1|6
|teamsize|p2|6
|start
|switch|p1a: Dragapult|Dragapult, F|100/100
|switch|p2a: Barraskewda|Barraskewda, M|100/100
|turn|1
|
|t:|1758260468
|switch|p2a: Zapdos|Zapdos|100/100
|move|p1a: Dragapult|Will-O-Wisp|p2a: Zapdos|[miss]
|-miss|p1a: Dragapult|p2a: Zapdos
|
|upkeep
|turn|2
|
|t:|1758260488
|switch|p1a: Ninetales|Ninetales-Alola, M|100/100
|-weather|Snowscape|[from] ability: Snow Warning|[of] p1a: Ninetales
|move|p2a: Zapdos|Volt Switch|p1a: Ninetales
|-damage|p1a: Ninetales|46/100
|
|t:|1758260491
|switch|p2a: Pelipper|Pelipper, F|100/100|[from] Volt Switch
|-weather|RainDance|[from] ability: Drizzle|[of] p2a: Pelipper
|
|-weather|RainDance|[upkeep]
|upkeep
|turn|3
|
|t:|1758260496
|switch|p2a: Beartic|Beartic, F|100/100
|move|p1a: Ninetales|Freeze-Dry|p2a: Beartic
|-resisted|p2a: Beartic
|-damage|p2a: Beartic|88/100
|
|-weather|RainDance|[upkeep]
|upkeep
|turn|4
|
|t:|1758260507
|switch|p1a: Manaphy|Manaphy|100/100
|move|p2a: Beartic|Swords Dance|p2a: Beartic
|-boost|p2a: Beartic|atk|2
|
|-weather|RainDance|[upkeep]
|upkeep
|turn|5
|
|t:|1758260523
|move|p2a: Beartic|Earthquake|p1a: Manaphy
|-damage|p1a: Manaphy|36/100
|move|p1a: Manaphy|Alluring Voice|p2a: Beartic
|-damage|p2a: Beartic|61/100
|
|-weather|RainDance|[upkeep]
|-heal|p1a: Manaphy|42/100|[from] item: Leftovers
|upkeep
|turn|6
|
|t:|1758260531
|move|p2a: Beartic|Earthquake|p1a: Manaphy
|-damage|p1a: Manaphy|0 fnt
|faint|p1a: Manaphy
|
|-weather|RainDance|[upkeep]
|upkeep
|
|t:|1758260534
|switch|p1a: Ninetales|Ninetales-Alola, M|46/100
|-weather|Snowscape|[from] ability: Snow Warning|[of] p1a: Ninetales
|turn|7
|
|t:|1758260542
|move|p1a: Ninetales|Aurora Veil|p1a: Ninetales
|-sidestart|p1: mailman2|move: Aurora Veil
|move|p2a: Beartic|Earthquake|p1a: Ninetales
|-damage|p1a: Ninetales|18/100
|
|-weather|Snowscape|[upkeep]
|upkeep
|turn|8
|
|t:|1758260550
|move|p1a: Ninetales|Freeze-Dry|p2a: Beartic
|-resisted|p2a: Beartic
|-damage|p2a: Beartic|49/100
|move|p2a: Beartic|Icicle Spear|p1a: Ninetales
|-resisted|p1a: Ninetales
|-damage|p1a: Ninetales|13/100
|-resisted|p1a: Ninetales
|-damage|p1a: Ninetales|7/100
|-resisted|p1a: Ninetales
|-damage|p1a: Ninetales|2/100
|-resisted|p1a: Ninetales
|-damage|p1a: Ninetales|0 fnt
|faint|p1a: Ninetales
|-hitcount|p1: Ninetales|4
|
|-weather|Snowscape|[upkeep]
|upkeep
|
|t:|1758260571
|switch|p1a: Ceruledge|Ceruledge, M|100/100
|turn|9
|
|t:|1758260576
|move|p1a: Ceruledge|Swords Dance|p1a: Ceruledge
|-boost|p1a: Ceruledge|atk|2
|move|p2a: Beartic|Icicle Spear|p1a: Ceruledge
|-resisted|p1a: Ceruledge
|-damage|p1a: Ceruledge|92/100
|-ability|p1a: Ceruledge|Weak Armor|boost
|-unboost|p1a: Ceruledge|def|1
|-boost|p1a: Ceruledge|spe|2
|-resisted|p1a: Ceruledge
|-damage|p1a: Ceruledge|77/100
|-ability|p1a: Ceruledge|Weak Armor|boost
|-unboost|p1a: Ceruledge|def|1
|-boost|p1a: Ceruledge|spe|2
|-resisted|p1a: Ceruledge
|-damage|p1a: Ceruledge|58/100
|-ability|p1a: Ceruledge|Weak Armor|boost
|-unboost|p1a: Ceruledge|def|1
|-boost|p1a: Ceruledge|spe|2
|-resisted|p1a: Ceruledge
|-damage|p1a: Ceruledge|34/100
|-ability|p1a: Ceruledge|Weak Armor|boost
|-unboost|p1a: Ceruledge|def|1
|-hitcount|p1a: Ceruledge|4
|
|-weather|Snowscape|[upkeep]
|upkeep
|turn|10
|
|t:|1758260583
|move|p1a: Ceruledge|Bitter Blade|p2a: Beartic
|-supereffective|p2a: Beartic
|-damage|p2a: Beartic|0 fnt
|-heal|p1a: Ceruledge|62/100|[from] drain|[of] p2a: Beartic
|faint|p2a: Beartic
|
|-weather|Snowscape|[upkeep]
|upkeep
|
|t:|1758260587
|switch|p2a: Pelipper|Pelipper, F|100/100
|-weather|RainDance|[from] ability: Drizzle|[of] p2a: Pelipper
|turn|11
|
|t:|1758260596
|-terastallize|p1a: Ceruledge|Ghost
|move|p1a: Ceruledge|Poltergeist|p2a: Pelipper
|-activate|p2a: Pelipper|move: Poltergeist|Damp Rock
|-damage|p2a: Pelipper|0 fnt
|faint|p2a: Pelipper
|
|-weather|RainDance|[upkeep]
|upkeep
|
|t:|1758260602
|switch|p2a: Barraskewda|Barraskewda, M|100/100
|turn|12
|
|t:|1758260607
|move|p2a: Barraskewda|Aqua Jet|p1a: Ceruledge
|-damage|p1a: Ceruledge|0 fnt
|faint|p1a: Ceruledge
|
|-weather|RainDance|[upkeep]
|upkeep
|
|t:|1758260635
|switch|p1a: Dragapult|Dragapult, F|100/100
|turn|13
|
|t:|1758260642
|switch|p2a: Hatterene|Hatterene, F|100/100
|move|p1a: Dragapult|Shadow Ball|p2a: Hatterene
|-supereffective|p2a: Hatterene
|-damage|p2a: Hatterene|2/100
|-enditem|p2a: Hatterene|Eject Button
|-damage|p1a: Dragapult|91/100|[from] item: Life Orb
|
|t:|1758260657
|switch|p2a: Zapdos|Zapdos|100/100
|
|-weather|RainDance|[upkeep]
|upkeep
|turn|14
|
|t:|1758260665
|move|p1a: Dragapult|Dragon Darts|p2a: Zapdos
|-damage|p2a: Zapdos|65/100
|-anim|p1a: Dragapult|Dragon Darts|p2a: Zapdos
|-damage|p2a: Zapdos|33/100
|-damage|p1a: Dragapult|81/100|[from] item: Life Orb
|move|p2a: Zapdos|Hurricane|p1a: Dragapult
|-damage|p1a: Dragapult|17/100
|-start|p1a: Dragapult|confusion
|
|-weather|RainDance|[upkeep]
|-sideend|p1: mailman2|move: Aurora Veil
|upkeep
|turn|15
|
|t:|1758260681
|switch|p1a: Great Tusk|Great Tusk|100/100
|-enditem|p1a: Great Tusk|Booster Energy
|-activate|p1a: Great Tusk|ability: Protosynthesis|[fromitem]
|-start|p1a: Great Tusk|protosynthesisspe
|switch|p2a: Hatterene|Hatterene, F|2/100
|
|-weather|RainDance|[upkeep]
|upkeep
|turn|16
|
|t:|1758260693
|move|p1a: Great Tusk|Rapid Spin|p2a: Hatterene
|-damage|p2a: Hatterene|0 fnt
|-boost|p1a: Great Tusk|spe|1
|faint|p2a: Hatterene
|
|-weather|RainDance|[upkeep]
|upkeep
|
|t:|1758260697
|switch|p2a: Barraskewda|Barraskewda, M|100/100
|turn|17
|
|t:|1758260729
|move|p2a: Barraskewda|Liquidation|p1a: Great Tusk
|-supereffective|p1a: Great Tusk
|-damage|p1a: Great Tusk|0 fnt
|faint|p1a: Great Tusk
|-end|p1a: Great Tusk|Protosynthesis|[silent]
|
|-weather|RainDance|[upkeep]
|upkeep
|
|t:|1758260733
|switch|p1a: Kyurem|Kyurem|100/100
|-ability|p1a: Kyurem|Pressure
|turn|18
|
|t:|1758260758
|-terastallize|p2a: Barraskewda|Water
|move|p2a: Barraskewda|Liquidation|p1a: Kyurem
|-resisted|p1a: Kyurem
|-damage|p1a: Kyurem|33/100
|move|p1a: Kyurem|Dragon Dance|p1a: Kyurem
|-boost|p1a: Kyurem|atk|1
|-boost|p1a: Kyurem|spe|1
|
|-weather|none
|upkeep
|turn|19
|
|t:|1758260769
|switch|p2a: Zapdos|Zapdos|33/100
|move|p1a: Kyurem|Icicle Spear|p2a: Zapdos
|-supereffective|p2a: Zapdos
|-damage|p2a: Zapdos|0 fnt
|faint|p2a: Zapdos
|-hitcount|p2: Zapdos|1
|
|upkeep
|
|t:|1758260774
|switch|p2a: Great Tusk|Great Tusk|100/100
|turn|20
|
|t:|1758260777
|move|p1a: Kyurem|Icicle Spear|p2a: Great Tusk
|-supereffective|p2a: Great Tusk
|-damage|p2a: Great Tusk|77/100
|-supereffective|p2a: Great Tusk
|-damage|p2a: Great Tusk|50/100
|-supereffective|p2a: Great Tusk
|-damage|p2a: Great Tusk|26/100
|-supereffective|p2a: Great Tusk
|-damage|p2a: Great Tusk|3/100
|-hitcount|p2a: Great Tusk|4
|move|p2a: Great Tusk|Headlong Rush|p1a: Kyurem
|-damage|p1a: Kyurem|0 fnt
|-unboost|p2a: Great Tusk|def|1
|-unboost|p2a: Great Tusk|spd|1
|faint|p1a: Kyurem
|
|-heal|p2a: Great Tusk|9/100|[from] item: Leftovers
|upkeep
|
|t:|1758260782
|switch|p1a: Dragapult|Dragapult, F|17/100
|turn|21
|
|t:|1758260794
|move|p1a: Dragapult|Dragon Darts|p2a: Great Tusk
|-damage|p2a: Great Tusk|0 fnt
|faint|p2a: Great Tusk
|-end|p2a: Great Tusk|Protosynthesis|[silent]
|-damage|p1a: Dragapult|7/100|[from] item: Life Orb
|
|upkeep
|
|t:|1758260796
|switch|p2a: Barraskewda|Barraskewda, M, tera:Water|100/100
|turn|22
|
|t:|1758260799
|move|p2a: Barraskewda|Aqua Jet|p1a: Dragapult
|-resisted|p1a: Dragapult
|-damage|p1a: Dragapult|0 fnt
|faint|p1a: Dragapult
|
|win|fadingstrawberry
|raw|mailman2's rating: 1383 &rarr; <strong>1364</strong><br />(-19 for losing)
|raw|fadingstrawberry's rating: 1407 &rarr; <strong>1426</strong><br />(+19 for winning)
|l|☆mailman2
|player|p1|
|l|☆fadingstrawberry
|player|p2|
