|j|☆peixedentrod'agua
|j|☆yzyang
|t:|1758319864
|gametype|singles
|player|p1|peixedentrod'agua|265|1164
|player|p2|yzyang|dawn|1126
|gen|9
|tier|[Gen 9] OU
|rated|
|rule|HP Percentage Mod: HP is shown in percentages
|rule|Endless Battle Clause: Forcing endless battles is banned
|rule|Species Clause: Limit one of each Pokémon
|rule|OHKO Clause: OHKO moves are banned
|rule|Evasion Items Clause: Evasion items are banned
|rule|Evasion Moves Clause: Evasion moves are banned
|rule|Evasion Abilities Clause: Evasion abilities are banned
|rule|Sleep Moves Clause: Sleep-inducing moves are banned
|clearpoke
|poke|p1|Skarmory, M|
|poke|p1|Cryogonal|
|poke|p1|Skuntank, M|
|poke|p1|Iron Crown|
|poke|p1|Mimikyu, F|
|poke|p1|Raichu, M|
|poke|p2|Alomomola, M|
|poke|p2|Gliscor, F|
|poke|p2|Meowscarada, M|
|poke|p2|Ambipom, M|
|poke|p2|Blaziken, F|
|poke|p2|Corviknight, F|
|teampreview
|inactive|Battle timer is ON: inactive players will automatically lose when time's up. (requested by peixedentrod'agua)
|
|t:|1758319878
|teamsize|p1|6
|teamsize|p2|6
|start
|switch|p1a: Iron Crown|Iron Crown|100/100
|switch|p2a: Ambipom|Ambipom, M|100/100
|turn|1
|
|t:|1758319885
|move|p2a: Ambipom|Fake Out|p1a: Iron Crown
|-resisted|p1a: Iron Crown
|-damage|p1a: Iron Crown|81/100
|cant|p1a: Iron Crown|flinch
|
|upkeep
|turn|2
|
|t:|1758319891
|switch|p2a: Alomomola|Alomomola, M|100/100
|move|p1a: Iron Crown|Volt Switch|p2a: Alomomola
|-supereffective|p2a: Alomomola
|-damage|p2a: Alomomola|72/100
|
|t:|1758319910
|-end|p1a: Iron Crown|Quark Drive|[silent]
|switch|p1a: Skarmory|Skarmory, M|100/100|[from] Volt Switch
|
|upkeep
|turn|3
|
|t:|1758319916
|move|p1a: Skarmory|Stealth Rock|p2a: Alomomola
|-sidestart|p2: yzyang|move: Stealth Rock
|move|p2a: Alomomola|Flip Turn|p1a: Skarmory
|-damage|p1a: Skarmory|89/100
|
|t:|1758319921
|switch|p2a: Corviknight|Corviknight, F|100/100|[from] Flip Turn
|-ability|p2a: Corviknight|Pressure
|
|-heal|p1a: Skarmory|95/100|[from] item: Leftovers
|upkeep
|turn|4
|
|t:|1758319932
|switch|p1a: Skuntank|Skuntank, M, shiny|100/100
|move|p2a: Corviknight|Defog|p1a: Skuntank
|-unboost|p1a: Skuntank|evasion|1
|-sideend|p2: yzyang|Stealth Rock|[from] move: Defog|[of] p2a: Corviknight
|
|upkeep
|turn|5
|
|t:|1758319941
|move|p1a: Skuntank|Knock Off|p2a: Corviknight
|-damage|p2a: Corviknight|80/100
|-enditem|p2a: Corviknight|Heavy-Duty Boots|[from] move: Knock Off|[of] p1a: Skuntank
|move|p2a: Corviknight|U-turn|p1a: Skuntank
|-damage|p1a: Skuntank|86/100
|
|t:|1758319952
|switch|p2a: Gliscor|Gliscor, F|100/100|[from] U-turn
|
|-status|p2a: Gliscor|tox|[from] item: Toxic Orb
|upkeep
|turn|6
|
|t:|1758319962
|switch|p1a: Cryogonal|Cryogonal, shiny|100/100
|move|p2a: Gliscor|Earthquake|p1a: Cryogonal
|-immune|p1a: Cryogonal|[from] ability: Levitate
|
|upkeep
|turn|7
|
|t:|1758319972
|switch|p2a: Alomomola|Alomomola, M|100/100
|move|p1a: Cryogonal|Confuse Ray|p2a: Alomomola
|-start|p2a: Alomomola|confusion
|
|upkeep
|turn|8
|
|t:|1758319979
|move|p1a: Cryogonal|Freeze-Dry|p2a: Alomomola
|-supereffective|p2a: Alomomola
|-damage|p2a: Alomomola|74/100
|-activate|p2a: Alomomola|confusion
|-damage|p2a: Alomomola|69/100|[from] confusion
|
|upkeep
|turn|9
|
|t:|1758319987
|switch|p1a: Skarmory|Skarmory, M|95/100
|-activate|p2a: Alomomola|confusion
|-damage|p2a: Alomomola|65/100|[from] confusion
|
|-heal|p1a: Skarmory|100/100|[from] item: Leftovers
|upkeep
|turn|10
|
|t:|1758319995
|switch|p2a: Corviknight|Corviknight, F|80/100
|-ability|p2a: Corviknight|Pressure
|move|p1a: Skarmory|Stealth Rock|p2a: Corviknight
|-sidestart|p2: yzyang|move: Stealth Rock
|
|upkeep
|turn|11
|
|t:|1758320015
|switch|p1a: Raichu|Raichu, M|100/100
|move|p2a: Corviknight|Defog|p1a: Raichu
|-unboost|p1a: Raichu|evasion|1
|-sideend|p2: yzyang|Stealth Rock|[from] move: Defog|[of] p2a: Corviknight
|
|upkeep
|turn|12
|
|t:|1758320023
|switch|p2a: Gliscor|Gliscor, F|100/100 tox
|move|p1a: Raichu|Surf|p2a: Gliscor
|-supereffective|p2a: Gliscor
|-damage|p2a: Gliscor|0 fnt
|faint|p2a: Gliscor
|
|upkeep
|
|t:|1758320035
|switch|p2a: Ambipom|Ambipom, M|100/100
|turn|13
|
|t:|1758320040
|switch|p1a: Mimikyu|Mimikyu, F, shiny|100/100
|move|p2a: Ambipom|Double Hit|p1a: Mimikyu
|-immune|p1a: Mimikyu
|
|upkeep
|turn|14
|
|t:|1758320048
|switch|p2a: Alomomola|Alomomola, M|98/100
|move|p1a: Mimikyu|Swords Dance|p1a: Mimikyu
|-boost|p1a: Mimikyu|atk|2
|
|upkeep
|turn|15
|
|t:|1758320062
|move|p1a: Mimikyu|Shadow Claw|p2a: Alomomola
|-damage|p2a: Alomomola|53/100
|-damage|p1a: Mimikyu|91/100|[from] item: Life Orb
|move|p2a: Alomomola|Flip Turn|p1a: Mimikyu
|-activate|p1a: Mimikyu|ability: Disguise
|-damage|p1a: Mimikyu|91/100
|detailschange|p1a: Mimikyu|Mimikyu-Busted, F, shiny
|-damage|p1a: Mimikyu|78/100|[from] pokemon: Mimikyu-Busted
|
|t:|1758320073
|switch|p2a: Meowscarada|Meowscarada, M|100/100|[from] Flip Turn
|
|upkeep
|turn|16
|
|t:|1758320086
|switch|p1a: Skuntank|Skuntank, M, shiny|86/100
|move|p2a: Meowscarada|Knock Off|p1a: Skuntank
|-start|p2a: Meowscarada|typechange|Dark|[from] ability: Protean
|-resisted|p1a: Skuntank
|-damage|p1a: Skuntank|66/100
|-enditem|p1a: Skuntank|Assault Vest|[from] move: Knock Off|[of] p2a: Meowscarada
|
|upkeep
|turn|17
|
|t:|1758320096
|switch|p2a: Alomomola|Alomomola, M|86/100
|move|p1a: Skuntank|Knock Off|p2a: Alomomola
|-damage|p2a: Alomomola|66/100
|-enditem|p2a: Alomomola|Assault Vest|[from] move: Knock Off|[of] p1a: Skuntank
|
|upkeep
|turn|18
|
|t:|1758320105
|move|p1a: Skuntank|Poison Jab|p2a: Alomomola
|-damage|p2a: Alomomola|51/100
|move|p2a: Alomomola|Flip Turn|p1a: Skuntank
|-damage|p1a: Skuntank|51/100
|
|t:|1758320112
|switch|p2a: Ambipom|Ambipom, M|100/100|[from] Flip Turn
|
|upkeep
|turn|19
|
|t:|1758320118
|move|p1a: Skuntank|Sucker Punch|p2a: Ambipom
|-damage|p2a: Ambipom|60/100
|move|p2a: Ambipom|Knock Off|p1a: Skuntank
|-resisted|p1a: Skuntank
|-damage|p1a: Skuntank|39/100
|
|upkeep
|turn|20
|
|t:|1758320126
|switch|p2a: Alomomola|Alomomola, M|84/100
|move|p1a: Skuntank|Knock Off|p2a: Alomomola
|-crit|p2a: Alomomola
|-damage|p2a: Alomomola|63/100
|
|upkeep
|turn|21
|
|t:|1758320133
|move|p1a: Skuntank|Poison Jab|p2a: Alomomola
|-crit|p2a: Alomomola
|-damage|p2a: Alomomola|38/100
|-status|p2a: Alomomola|psn
|move|p2a: Alomomola|Flip Turn|p1a: Skuntank
|-damage|p1a: Skuntank|26/100
|
|t:|1758320140
|switch|p2a: Ambipom|Ambipom, M|60/100|[from] Flip Turn
|
|upkeep
|turn|22
|
|t:|1758320144
|move|p2a: Ambipom|Fake Out|p1a: Skuntank
|-damage|p1a: Skuntank|0 fnt
|-damage|p2a: Ambipom|36/100|[from] ability: Aftermath|[of] p1a: Skuntank
|faint|p1a: Skuntank
|
|upkeep
|
|t:|1758320151
|switch|p1a: Iron Crown|Iron Crown|81/100
|turn|23
|
|t:|1758320155
|switch|p2a: Alomomola|Alomomola, M|71/100 psn
|move|p1a: Iron Crown|Volt Switch|p2a: Alomomola
|-supereffective|p2a: Alomomola
|-damage|p2a: Alomomola|30/100 psn
|
|t:|1758320163
|-end|p1a: Iron Crown|Quark Drive|[silent]
|switch|p1a: Raichu|Raichu, M|100/100|[from] Volt Switch
|
|-damage|p2a: Alomomola|18/100 psn|[from] psn
|upkeep
|turn|24
|
|t:|1758320177
|switch|p2a: Corviknight|Corviknight, F|80/100
|-ability|p2a: Corviknight|Pressure
|move|p1a: Raichu|Volt Switch|p2a: Corviknight
|-supereffective|p2a: Corviknight
|-damage|p2a: Corviknight|0 fnt
|faint|p2a: Corviknight
|
|t:|1758320186
|switch|p1a: Iron Crown|Iron Crown|81/100|[from] Volt Switch
|
|upkeep
|
|t:|1758320195
|switch|p2a: Meowscarada|Meowscarada, M|100/100
|turn|25
|
|t:|1758320204
|-terastallize|p1a: Iron Crown|Flying
|move|p2a: Meowscarada|Knock Off|p1a: Iron Crown
|-start|p2a: Meowscarada|typechange|Dark|[from] ability: Protean
|-damage|p1a: Iron Crown|31/100
|-enditem|p1a: Iron Crown|Choice Scarf|[from] move: Knock Off|[of] p2a: Meowscarada
|move|p1a: Iron Crown|Tachyon Cutter|p2a: Meowscarada
|-damage|p2a: Meowscarada|60/100
|-damage|p2a: Meowscarada|18/100
|-hitcount|p2a: Meowscarada|2
|
|upkeep
|turn|26
|
|t:|1758320218
|move|p2a: Meowscarada|Knock Off|p1a: Iron Crown
|-damage|p1a: Iron Crown|0 fnt
|faint|p1a: Iron Crown
|-end|p1a: Iron Crown|Quark Drive|[silent]
|
|upkeep
|
|t:|1758320227
|switch|p1a: Skarmory|Skarmory, M|100/100
|turn|27
|
|t:|1758320232
|switch|p2a: Blaziken|Blaziken, F|100/100
|move|p1a: Skarmory|Iron Defense|p1a: Skarmory
|-boost|p1a: Skarmory|def|2
|
|upkeep
|turn|28
|
|t:|1758320240
|move|p2a: Blaziken|Flamethrower|p1a: Skarmory
|-supereffective|p1a: Skarmory
|-damage|p1a: Skarmory|17/100
|move|p1a: Skarmory|Body Press|p2a: Blaziken
|-damage|p2a: Blaziken|23/100
|
|-heal|p1a: Skarmory|23/100|[from] item: Leftovers
|-ability|p2a: Blaziken|Speed Boost|boost
|-boost|p2a: Blaziken|spe|1
|upkeep
|turn|29
|
|t:|1758320256
|switch|p1a: Mimikyu|Mimikyu-Busted, F, shiny|78/100
|move|p2a: Blaziken|Flamethrower|p1a: Mimikyu
|-damage|p1a: Mimikyu|27/100
|
|-ability|p2a: Blaziken|Speed Boost|boost
|-boost|p2a: Blaziken|spe|1
|upkeep
|turn|30
|
|t:|1758320264
|move|p2a: Blaziken|Protect|p2a: Blaziken
|-singleturn|p2a: Blaziken|Protect
|move|p1a: Mimikyu|Shadow Sneak|p2a: Blaziken
|-activate|p2a: Blaziken|move: Protect
|
|-ability|p2a: Blaziken|Speed Boost|boost
|-boost|p2a: Blaziken|spe|1
|upkeep
|turn|31
|
|t:|1758320274
|switch|p2a: Ambipom|Ambipom, M|36/100
|move|p1a: Mimikyu|Shadow Sneak|p2a: Ambipom
|-immune|p2a: Ambipom
|
|upkeep
|turn|32
|
|t:|1758320280
|move|p2a: Ambipom|Knock Off|p1a: Mimikyu
|-damage|p1a: Mimikyu|0 fnt
|-enditem|p1a: Mimikyu|Life Orb|[from] move: Knock Off|[of] p2a: Ambipom
|faint|p1a: Mimikyu
|
|upkeep
|
|t:|1758320284
|switch|p1a: Skarmory|Skarmory, M|23/100
|turn|33
|
|t:|1758320287
|move|p2a: Ambipom|Knock Off|p1a: Skarmory
|-crit|p1a: Skarmory
|-damage|p1a: Skarmory|0 fnt
|-enditem|p1a: Skarmory|Leftovers|[from] move: Knock Off|[of] p2a: Ambipom
|faint|p1a: Skarmory
|
|upkeep
|
|t:|1758320295
|switch|p1a: Raichu|Raichu, M|100/100
|turn|34
|
|t:|1758320311
|switch|p2a: Alomomola|Alomomola, M|51/100 psn
|move|p1a: Raichu|Alluring Voice|p2a: Alomomola
|-damage|p2a: Alomomola|25/100 psn
|
|-damage|p2a: Alomomola|13/100 psn|[from] psn
|upkeep
|turn|35
|
|t:|1758320320
|move|p1a: Raichu|Alluring Voice|p2a: Alomomola
|-damage|p2a: Alomomola|0 fnt
|faint|p2a: Alomomola
|
|upkeep
|
|t:|1758320330
|switch|p2a: Ambipom|Ambipom, M|36/100
|turn|36
|
|t:|1758320338
|switch|p1a: Cryogonal|Cryogonal, shiny|100/100
|-terastallize|p2a: Ambipom|Normal
|move|p2a: Ambipom|Double Hit|p1a: Cryogonal
|-damage|p1a: Cryogonal|27/100
|-damage|p1a: Cryogonal|0 fnt
|faint|p1a: Cryogonal
|-hitcount|p1: Cryogonal|2
|
|upkeep
|
|t:|1758320346
|switch|p1a: Raichu|Raichu, M|100/100
|turn|37
|
|t:|1758320349
|move|p2a: Ambipom|Double Hit|p1a: Raichu
|-damage|p1a: Raichu|3/100
|-damage|p1a: Raichu|0 fnt
|faint|p1a: Raichu
|-hitcount|p1: Raichu|2
|
|win|yzyang
|raw|peixedentrod&apos;agua's rating: 1164 &rarr; <strong>1136</strong><br />(-28 for losing)
|raw|yzyang's rating: 1126 &rarr; <strong>1154</strong><br />(+28 for winning)
|l|☆peixedentrod'agua
|player|p1|
|l|☆yzyang
|player|p2|
