|j|☆suhayb1910
|j|☆YOSHlNlAN
|t:|1758315800
|gametype|singles
|player|p1|suhayb1910|volo|1707
|player|p2|YOSHlNlAN|richboy|1676
|gen|9
|tier|[Gen 9] OU
|rated|
|rule|HP Percentage Mod: HP is shown in percentages
|rule|Endless Battle Clause: Forcing endless battles is banned
|rule|Species Clause: Limit one of each Pokémon
|rule|OHKO Clause: OHKO moves are banned
|rule|Evasion Items Clause: Evasion items are banned
|rule|Evasion Moves Clause: Evasion moves are banned
|rule|Evasion Abilities Clause: Evasion abilities are banned
|rule|Sleep Moves Clause: Sleep-inducing moves are banned
|clearpoke
|poke|p1|Pelipper, M|
|poke|p1|Hatterene, F|
|poke|p1|Iron Treads|
|poke|p1|Toxicroak, F|
|poke|p1|Barraskewda, F|
|poke|p1|Zapdos|
|poke|p2|Corviknight, M|
|poke|p2|Primarina, F|
|poke|p2|Darkrai|
|poke|p2|Moltres|
|poke|p2|Iron Thorns|
|poke|p2|Scizor, M|
|teampreview
|inactive|Battle timer is ON: inactive players will automatically lose when time's up. (requested by YOSHlNlAN)
|
|t:|1758315825
|teamsize|p1|6
|teamsize|p2|6
|start
|switch|p1a: Barraskewda|Barraskewda, F|100/100
|switch|p2a: Darkrai|Darkrai|100/100
|turn|1
|j| Disscratch
|
|t:|1758315833
|switch|p1a: Iron Treads|Iron Treads|100/100
|move|p2a: Darkrai|Dark Pulse|p1a: Iron Treads
|-damage|p1a: Iron Treads|60/100
|
|-heal|p1a: Iron Treads|66/100|[from] item: Leftovers
|upkeep
|turn|2
|
|t:|1758315841
|move|p2a: Darkrai|Focus Blast|p1a: Iron Treads
|-supereffective|p1a: Iron Treads
|-damage|p1a: Iron Treads|3/100
|move|p1a: Iron Treads|Volt Switch|p2a: Darkrai
|-damage|p2a: Darkrai|85/100
|
|t:|1758315845
|-end|p1a: Iron Treads|Quark Drive|[silent]
|switch|p1a: Pelipper|Pelipper, M|100/100|[from] Volt Switch
|-weather|RainDance|[from] ability: Drizzle|[of] p1a: Pelipper
|
|-weather|RainDance|[upkeep]
|upkeep
|turn|3
|
|t:|1758315848
|move|p2a: Darkrai|Dark Pulse|p1a: Pelipper
|-damage|p1a: Pelipper|56/100
|move|p1a: Pelipper|U-turn|p2a: Darkrai
|-supereffective|p2a: Darkrai
|-damage|p2a: Darkrai|61/100
|
|t:|1758315855
|switch|p1a: Barraskewda|Barraskewda, F|100/100|[from] U-turn
|
|-weather|RainDance|[upkeep]
|upkeep
|turn|4
|
|t:|1758315861
|move|p1a: Barraskewda|Liquidation|p2a: Darkrai
|-damage|p2a: Darkrai|0 fnt
|faint|p2a: Darkrai
|
|-weather|RainDance|[upkeep]
|upkeep
|
|t:|1758315865
|switch|p2a: Corviknight|Corviknight, M, shiny|100/100
|-ability|p2a: Corviknight|Pressure
|turn|5
|inactive|suhayb1910 has 120 seconds left.
|
|t:|1758315914
|-terastallize|p1a: Barraskewda|Water
|move|p1a: Barraskewda|Liquidation|p2a: Corviknight
|-damage|p2a: Corviknight|24/100
|-damage|p1a: Barraskewda|84/100|[from] item: Rocky Helmet|[of] p2a: Corviknight
|move|p2a: Corviknight|U-turn|p1a: Barraskewda
|-damage|p1a: Barraskewda|55/100
|
|t:|1758315919
|switch|p2a: Moltres|Moltres|100/100|[from] U-turn
|
|-weather|RainDance|[upkeep]
|upkeep
|turn|6
|
|t:|1758315923
|-terastallize|p2a: Moltres|Dragon
|move|p1a: Barraskewda|Liquidation|p2a: Moltres
|-resisted|p2a: Moltres
|-damage|p2a: Moltres|55/100
|move|p2a: Moltres|Hurricane|p1a: Barraskewda
|-damage|p1a: Barraskewda|0 fnt
|faint|p1a: Barraskewda
|
|-weather|RainDance|[upkeep]
|upkeep
|inactive|suhayb1910 has 120 seconds left.
|
|t:|1758315929
|switch|p1a: Zapdos|Zapdos|100/100
|turn|7
|
|t:|1758315936
|switch|p2a: Corviknight|Corviknight, M, shiny|24/100
|-ability|p2a: Corviknight|Pressure
|move|p1a: Zapdos|Hurricane|p2a: Corviknight
|-resisted|p2a: Corviknight
|-damage|p2a: Corviknight|0 fnt
|faint|p2a: Corviknight
|
|-weather|RainDance|[upkeep]
|upkeep
|
|t:|1758315940
|switch|p2a: Primarina|Primarina, F|100/100
|turn|8
|
|t:|1758315948
|switch|p1a: Hatterene|Hatterene, F|100/100
|move|p2a: Primarina|Sparkling Aria|p1a: Hatterene
|-damage|p1a: Hatterene|37/100
|-enditem|p1a: Hatterene|Eject Button
|
|t:|1758315954
|switch|p1a: Zapdos|Zapdos|100/100
|
|-weather|RainDance|[upkeep]
|upkeep
|turn|9
|
|t:|1758315963
|move|p1a: Zapdos|Volt Switch|p2a: Primarina
|-supereffective|p2a: Primarina
|-damage|p2a: Primarina|52/100
|
|t:|1758315968
|switch|p1a: Toxicroak|Toxicroak, F|100/100|[from] Volt Switch
|move|p2a: Primarina|Psychic Noise|p1a: Toxicroak
|-supereffective|p1a: Toxicroak
|-damage|p1a: Toxicroak|0 fnt
|faint|p1a: Toxicroak
|
|-weather|none
|upkeep
|
|t:|1758315974
|switch|p1a: Iron Treads|Iron Treads|3/100
|turn|10
|
|t:|1758315977
|move|p1a: Iron Treads|Stealth Rock|p2a: Primarina
|-sidestart|p2: YOSHlNlAN|move: Stealth Rock
|move|p2a: Primarina|Flip Turn|p1a: Iron Treads
|-supereffective|p1a: Iron Treads
|-damage|p1a: Iron Treads|0 fnt
|faint|p1a: Iron Treads
|-end|p1a: Iron Treads|Quark Drive|[silent]
|
|t:|1758315981
|switch|p2a: Scizor|Scizor, M, shiny|100/100|[from] Flip Turn
|-damage|p2a: Scizor|88/100|[from] Stealth Rock
|
|upkeep
|
|t:|1758315986
|switch|p1a: Pelipper|Pelipper, M|56/100
|-weather|RainDance|[from] ability: Drizzle|[of] p1a: Pelipper
|turn|11
|
|t:|1758315989
|move|p2a: Scizor|Swords Dance|p2a: Scizor
|-boost|p2a: Scizor|atk|2
|move|p1a: Pelipper|U-turn|p2a: Scizor
|-resisted|p2a: Scizor
|-damage|p2a: Scizor|83/100
|
|t:|1758315991
|switch|p1a: Zapdos|Zapdos|100/100|[from] U-turn
|
|-weather|RainDance|[upkeep]
|upkeep
|turn|12
|
|t:|1758315999
|move|p1a: Zapdos|Hurricane|p2a: Scizor
|-damage|p2a: Scizor|0 fnt
|faint|p2a: Scizor
|
|-weather|RainDance|[upkeep]
|upkeep
|
|t:|1758316002
|switch|p2a: Iron Thorns|Iron Thorns, shiny|100/100
|-damage|p2a: Iron Thorns|88/100|[from] Stealth Rock
|-enditem|p2a: Iron Thorns|Booster Energy
|-activate|p2a: Iron Thorns|ability: Quark Drive|[fromitem]
|-start|p2a: Iron Thorns|quarkdriveatk
|turn|13
|
|t:|1758316008
|move|p1a: Zapdos|Hurricane|p2a: Iron Thorns
|-resisted|p2a: Iron Thorns
|-damage|p2a: Iron Thorns|63/100
|move|p2a: Iron Thorns|Dragon Dance|p2a: Iron Thorns
|-boost|p2a: Iron Thorns|atk|1
|-boost|p2a: Iron Thorns|spe|1
|
|-weather|RainDance|[upkeep]
|upkeep
|turn|14
|
|t:|1758316014
|switch|p1a: Hatterene|Hatterene, F|37/100
|move|p2a: Iron Thorns|Ice Punch|p1a: Hatterene
|-damage|p1a: Hatterene|0 fnt
|faint|p1a: Hatterene
|
|-weather|RainDance|[upkeep]
|upkeep
|
|t:|1758316017
|switch|p1a: Pelipper|Pelipper, M|56/100
|turn|15
|
|t:|1758316020
|move|p2a: Iron Thorns|Wild Charge|p1a: Pelipper
|-supereffective|p1a: Pelipper
|-damage|p1a: Pelipper|0 fnt
|faint|p1a: Pelipper
|-damage|p2a: Iron Thorns|49/100|[from] Recoil
|
|-weather|RainDance|[upkeep]
|upkeep
|
|t:|1758316022
|switch|p1a: Zapdos|Zapdos|100/100
|turn|16
|
|t:|1758316034
|move|p2a: Iron Thorns|Ice Punch|p1a: Zapdos
|-supereffective|p1a: Zapdos
|-damage|p1a: Zapdos|0 fnt
|faint|p1a: Zapdos
|
|win|YOSHlNlAN
|raw|suhayb1910's rating: 1707 &rarr; <strong>1685</strong><br />(-22 for losing)
|raw|YOSHlNlAN's rating: 1676 &rarr; <strong>1698</strong><br />(+22 for winning)
|l|☆YOSHlNlAN
|player|p2|
|l|☆suhayb1910
|player|p1|
|l| Disscratch
