|j|☆magical leaves
|j|☆Florian_RE
|t:|1758357990
|gametype|singles
|player|p1|magical leaves|aromalady|1187
|player|p2|Florian_RE|102|1140
|gen|9
|tier|[Gen 9] OU
|rated|
|rule|HP Percentage Mod: HP is shown in percentages
|rule|Endless Battle Clause: Forcing endless battles is banned
|rule|Species Clause: Limit one of each Pokémon
|rule|OHKO Clause: OHKO moves are banned
|rule|Evasion Items Clause: Evasion items are banned
|rule|Evasion Moves Clause: Evasion moves are banned
|rule|Evasion Abilities Clause: Evasion abilities are banned
|rule|Sleep Moves Clause: Sleep-inducing moves are banned
|clearpoke
|poke|p1|Iron Crown|
|poke|p1|Grimmsnarl, M|
|poke|p1|Kyurem|
|poke|p1|Great Tusk|
|poke|p1|Grafaiai, F|
|poke|p1|Lilligant-Hisui, F|
|poke|p2|Alomomola, F|
|poke|p2|Slowking-Galar, M|
|poke|p2|Raging Bolt|
|poke|p2|Landorus-Therian, M|
|poke|p2|Greninja-*, M|
|poke|p2|Kyurem|
|teampreview
|
|t:|1758358003
|teamsize|p1|6
|teamsize|p2|6
|start
|switch|p1a: hambo|Grimmsnarl, M, shiny|100/100
|switch|p2a: Landorus|Landorus-Therian, M|100/100
|-ability|p2a: Landorus|Intimidate|boost
|-unboost|p1a: hambo|atk|1
|turn|1
|
|t:|1758358010
|move|p1a: hambo|Reflect|p1a: hambo
|-sidestart|p1: magical leaves|Reflect
|move|p2a: Landorus|Stealth Rock|p1a: hambo
|-sidestart|p1: magical leaves|move: Stealth Rock
|
|upkeep
|turn|2
|
|t:|1758358018
|switch|p2a: Slowking|Slowking-Galar, M|100/100
|move|p1a: hambo|Light Screen|p1a: hambo
|-sidestart|p1: magical leaves|move: Light Screen
|
|upkeep
|turn|3
|
|t:|1758358036
|move|p1a: hambo|Parting Shot|p2a: Slowking
|-unboost|p2a: Slowking|atk|1
|-unboost|p2a: Slowking|spa|1
|
|t:|1758358041
|switch|p1a: crush|Great Tusk|100/100|[from] Parting Shot
|move|p2a: Slowking|Sludge Bomb|p1a: crush
|-resisted|p1a: crush
|-damage|p1a: crush|92/100
|-status|p1a: crush|psn
|
|-damage|p1a: crush|80/100 psn|[from] psn
|upkeep
|turn|4
|
|t:|1758358052
|switch|p2a: Alomomola|Alomomola, F|100/100
|move|p1a: crush|Rapid Spin|p2a: Alomomola
|-damage|p2a: Alomomola|92/100
|-boost|p1a: crush|spe|1
|-damage|p1a: crush|63/100 psn|[from] item: Rocky Helmet|[of] p2a: Alomomola
|-sideend|p1: magical leaves|Stealth Rock|[from] move: Rapid Spin|[of] p1a: crush
|
|-damage|p1a: crush|50/100 psn|[from] psn
|upkeep
|turn|5
|
|t:|1758358063
|move|p1a: crush|Stealth Rock|p2a: Alomomola
|-sidestart|p2: Florian_RE|move: Stealth Rock
|move|p2a: Alomomola|Flip Turn|p1a: crush
|-supereffective|p1a: crush
|-damage|p1a: crush|40/100 psn
|
|t:|1758358076
|switch|p2a: Landorus|Landorus-Therian, M|100/100|[from] Flip Turn
|-damage|p2a: Landorus|88/100|[from] Stealth Rock
|-ability|p2a: Landorus|Intimidate|boost
|-unboost|p1a: crush|atk|1
|
|-damage|p1a: crush|28/100 psn|[from] psn
|upkeep
|turn|6
|
|t:|1758358086
|-end|p1a: crush|Protosynthesis|[silent]
|switch|p1a: ivy|Kyurem|100/100
|-ability|p1a: ivy|Pressure
|move|p2a: Landorus|Earthquake|p1a: ivy
|-damage|p1a: ivy|77/100
|
|upkeep
|turn|7
|
|t:|1758358098
|switch|p2a: Slowking|Slowking-Galar, M|100/100
|move|p1a: ivy|Dragon Dance|p1a: ivy
|-boost|p1a: ivy|atk|1
|-boost|p1a: ivy|spe|1
|
|upkeep
|turn|8
|
|t:|1758358114
|move|p1a: ivy|Dragon Dance|p1a: ivy
|-boost|p1a: ivy|atk|1
|-boost|p1a: ivy|spe|1
|move|p2a: Slowking|Future Sight|p1a: ivy
|-start|p2a: Slowking|move: Future Sight
|
|-sideend|p1: magical leaves|Reflect
|upkeep
|turn|9
|
|t:|1758358130
|-terastallize|p1a: ivy|Ground
|move|p1a: ivy|Tera Blast|p2a: Slowking|[anim] Tera Blast Ground
|-supereffective|p2a: Slowking
|-damage|p2a: Slowking|0 fnt
|faint|p2a: Slowking
|
|-sideend|p1: magical leaves|move: Light Screen
|upkeep
|
|t:|1758358138
|switch|p2a: Greninja|Greninja, M|100/100
|-damage|p2a: Greninja|88/100|[from] Stealth Rock
|turn|10
|
|t:|1758358153
|switch|p1a: hambo|Grimmsnarl, M, shiny|100/100
|-terastallize|p2a: Greninja|Water
|move|p2a: Greninja|Water Shuriken|p1a: hambo
|-damage|p1a: hambo|85/100
|-damage|p1a: hambo|70/100
|-damage|p1a: hambo|55/100
|-damage|p1a: hambo|41/100
|-damage|p1a: hambo|27/100
|-hitcount|p1a: hambo|5
|
|-end|p1a: hambo|move: Future Sight
|-immune|p1a: hambo
|upkeep
|turn|11
|
|t:|1758358170
|move|p2a: Greninja|Water Shuriken|p1a: hambo
|-damage|p1a: hambo|14/100
|-damage|p1a: hambo|0 fnt
|faint|p1a: hambo
|-ability|p2a: Greninja|Battle Bond|boost
|-boost|p2a: Greninja|atk|1
|-boost|p2a: Greninja|spa|1
|-boost|p2a: Greninja|spe|1
|-activate|p2a: Greninja|ability: Battle Bond
|-hitcount|p1: hambo|2
|
|upkeep
|
|t:|1758358180
|switch|p1a: dennis schröder|Grafaiai, F|100/100
|turn|12
|
|t:|1758358183
|move|p2a: Greninja|Water Shuriken|p1a: dennis schröder
|-damage|p1a: dennis schröder|80/100
|-damage|p1a: dennis schröder|63/100
|-damage|p1a: dennis schröder|44/100
|-hitcount|p1a: dennis schröder|3
|move|p1a: dennis schröder|Sunny Day|p1a: dennis schröder
|-weather|SunnyDay
|
|-weather|SunnyDay|[upkeep]
|upkeep
|turn|13
|
|t:|1758358192
|move|p2a: Greninja|Water Shuriken|p1a: dennis schröder
|-damage|p1a: dennis schröder|34/100
|-damage|p1a: dennis schröder|25/100
|-hitcount|p1a: dennis schröder|2
|move|p1a: dennis schröder|U-turn|p2a: Greninja
|-damage|p2a: Greninja|62/100
|
|t:|1758358199
|switch|p1a: atopos|Lilligant-Hisui, F|100/100|[from] U-turn
|
|-weather|SunnyDay|[upkeep]
|upkeep
|turn|14
|
|t:|1758358206
|switch|p2a: Raging Bolt|Raging Bolt|100/100
|-damage|p2a: Raging Bolt|88/100|[from] Stealth Rock
|-activate|p2a: Raging Bolt|ability: Protosynthesis
|-start|p2a: Raging Bolt|protosynthesisspa
|move|p1a: atopos|Solar Blade||[still]
|-prepare|p1a: atopos|Solar Blade
|-anim|p1a: atopos|Solar Blade|p2a: Raging Bolt
|-resisted|p2a: Raging Bolt
|-damage|p2a: Raging Bolt|56/100
|-damage|p1a: atopos|91/100|[from] item: Life Orb
|
|-weather|SunnyDay|[upkeep]
|-heal|p2a: Raging Bolt|63/100|[from] item: Leftovers
|upkeep
|turn|15
|
|t:|1758358221
|move|p1a: atopos|Triple Axel|p2a: Raging Bolt
|-supereffective|p2a: Raging Bolt
|-crit|p2a: Raging Bolt
|-damage|p2a: Raging Bolt|40/100
|-hitcount|p2a: Raging Bolt|1
|-damage|p1a: atopos|81/100|[from] item: Life Orb
|move|p2a: Raging Bolt|Weather Ball|p1a: atopos
|-supereffective|p1a: atopos
|-damage|p1a: atopos|0 fnt
|faint|p1a: atopos
|
|-weather|SunnyDay|[upkeep]
|-heal|p2a: Raging Bolt|47/100|[from] item: Leftovers
|upkeep
|
|t:|1758358247
|switch|p1a: ivy|Kyurem, tera:Ground|77/100
|-ability|p1a: ivy|Pressure
|turn|16
|
|t:|1758358278
|-end|p2a: Raging Bolt|Protosynthesis|[silent]
|switch|p2a: Alomomola|Alomomola, F|100/100
|-damage|p2a: Alomomola|88/100|[from] Stealth Rock
|move|p1a: ivy|Scale Shot|p2a: Alomomola
|-crit|p2a: Alomomola
|-damage|p2a: Alomomola|76/100
|-damage|p2a: Alomomola|69/100
|-damage|p2a: Alomomola|62/100
|-damage|p2a: Alomomola|54/100
|-damage|p2a: Alomomola|47/100
|-hitcount|p2a: Alomomola|5
|-unboost|p1a: ivy|def|1
|-boost|p1a: ivy|spe|1
|
|-weather|SunnyDay|[upkeep]
|upkeep
|turn|17
|
|t:|1758358314
|move|p1a: ivy|Dragon Dance|p1a: ivy
|-boost|p1a: ivy|atk|1
|-boost|p1a: ivy|spe|1
|move|p2a: Alomomola|Wish|p2a: Alomomola
|
|-weather|SunnyDay|[upkeep]
|upkeep
|turn|18
|
|t:|1758358324
|move|p1a: ivy|Scale Shot|p2a: Alomomola|[miss]
|-miss|p1a: ivy|p2a: Alomomola
|move|p2a: Alomomola|Flip Turn|p1a: ivy
|-supereffective|p1a: ivy
|-damage|p1a: ivy|57/100
|
|t:|1758358337
|switch|p2a: Raging Bolt|Raging Bolt|47/100|[from] Flip Turn
|-damage|p2a: Raging Bolt|34/100|[from] Stealth Rock
|-activate|p2a: Raging Bolt|ability: Protosynthesis
|-start|p2a: Raging Bolt|protosynthesisspa
|
|-weather|SunnyDay|[upkeep]
|-heal|p2a: Raging Bolt|93/100|[from] move: Wish|[wisher] Alomomola
|-heal|p2a: Raging Bolt|99/100|[from] item: Leftovers
|upkeep
|turn|19
|
|t:|1758358348
|-end|p2a: Raging Bolt|Protosynthesis|[silent]
|switch|p2a: Alomomola|Alomomola, F|80/100
|-damage|p2a: Alomomola|68/100|[from] Stealth Rock
|move|p1a: ivy|Scale Shot|p2a: Alomomola|[miss]
|-miss|p1a: ivy|p2a: Alomomola
|
|-weather|none
|upkeep
|turn|20
|inactive|Battle timer is ON: inactive players will automatically lose when time's up. (requested by magical leaves)
|inactive|Florian_RE has 120 seconds left.
|
|t:|1758358421
|move|p1a: ivy|Dragon Dance|p1a: ivy
|-boost|p1a: ivy|atk|1
|-boost|p1a: ivy|spe|1
|move|p2a: Alomomola|Flip Turn|p1a: ivy
|-supereffective|p1a: ivy
|-damage|p1a: ivy|15/100
|
|t:|1758358424
|switch|p2a: Greninja|Greninja, M, tera:Water|62/100|[from] Flip Turn
|-damage|p2a: Greninja|50/100|[from] Stealth Rock
|
|upkeep
|turn|21
|
|t:|1758358433
|move|p2a: Greninja|Water Shuriken|p1a: ivy
|-supereffective|p1a: ivy
|-damage|p1a: ivy|0 fnt
|faint|p1a: ivy
|-hitcount|p1: ivy|1
|
|upkeep
|
|t:|1758358442
|switch|p1a: dennis schröder|Grafaiai, F|25/100
|turn|22
|
|t:|1758358446
|move|p2a: Greninja|Water Shuriken|p1a: dennis schröder
|-damage|p1a: dennis schröder|11/100
|-damage|p1a: dennis schröder|0 fnt
|faint|p1a: dennis schröder
|-hitcount|p1: dennis schröder|2
|
|upkeep
|
|t:|1758358453
|switch|p1a: MCQUEEN|Iron Crown|100/100
|turn|23
|
|t:|1758358459
|switch|p2a: Landorus|Landorus-Therian, M|88/100
|-damage|p2a: Landorus|76/100|[from] Stealth Rock
|-ability|p2a: Landorus|Intimidate|boost
|-unboost|p1a: MCQUEEN|atk|1
|move|p1a: MCQUEEN|Calm Mind|p1a: MCQUEEN
|-boost|p1a: MCQUEEN|spa|1
|-boost|p1a: MCQUEEN|spd|1
|
|upkeep
|turn|24
|
|t:|1758358480
|move|p2a: Landorus|Earthquake|p1a: MCQUEEN
|-supereffective|p1a: MCQUEEN
|-damage|p1a: MCQUEEN|0 fnt
|faint|p1a: MCQUEEN
|-end|p1a: MCQUEEN|Quark Drive|[silent]
|
|upkeep
|c|☆Florian_RE|gg
|
|t:|1758358505
|switch|p1a: crush|Great Tusk|28/100 psn
|turn|25
|
|t:|1758358509
|switch|p2a: Alomomola|Alomomola, F|100/100
|-damage|p2a: Alomomola|88/100|[from] Stealth Rock
|move|p1a: crush|Ice Spinner|p2a: Alomomola
|-resisted|p2a: Alomomola
|-damage|p2a: Alomomola|81/100
|-damage|p1a: crush|11/100 psn|[from] item: Rocky Helmet|[of] p2a: Alomomola
|
|-damage|p1a: crush|0 fnt|[from] psn
|faint|p1a: crush
|-end|p1a: crush|Protosynthesis|[silent]
|
|win|Florian_RE
|raw|magical leaves's rating: 1187 &rarr; <strong>1159</strong><br />(-28 for losing)
|raw|Florian_RE's rating: 1140 &rarr; <strong>1168</strong><br />(+28 for winning)
|l|☆magical leaves
|player|p1|
|l|☆Florian_RE
|player|p2|
