|j|☆yummygrapes
|j|☆dadadadaxiji
|t:|1758371611
|gametype|singles
|player|p1|yummygrapes|101|1611
|player|p2|dadadadaxiji|dawn|1547
|gen|9
|tier|[Gen 9] OU
|rated|
|rule|HP Percentage Mod: HP is shown in percentages
|rule|Endless Battle Clause: Forcing endless battles is banned
|rule|Species Clause: Limit one of each Pokémon
|rule|OHKO Clause: OHKO moves are banned
|rule|Evasion Items Clause: Evasion items are banned
|rule|Evasion Moves Clause: Evasion moves are banned
|rule|Evasion Abilities Clause: Evasion abilities are banned
|rule|Sleep Moves Clause: Sleep-inducing moves are banned
|clearpoke
|poke|p1|Scizor, F|
|poke|p1|Pelipper, M|
|poke|p1|Barraskewda, M|
|poke|p1|Darkrai|
|poke|p1|Ogerpon-Wellspring, F|
|poke|p1|Clodsire, F|
|poke|p2|Gliscor, F|
|poke|p2|Grafaiai, F|
|poke|p2|Alomomola, M|
|poke|p2|Cinderace, M|
|poke|p2|Garganacl, F|
|poke|p2|Ursaluna, M|
|teampreview
|inactive|Battle timer is ON: inactive players will automatically lose when time's up. (requested by dadadadaxiji)
|
|t:|1758371633
|teamsize|p1|6
|teamsize|p2|6
|start
|switch|p1a: Pelipper|Pelipper, M|100/100
|switch|p2a: Gliscor|Gliscor, F|100/100
|-weather|RainDance|[from] ability: Drizzle|[of] p1a: Pelipper
|turn|1
|
|t:|1758371642
|move|p2a: Gliscor|Protect|p2a: Gliscor
|-singleturn|p2a: Gliscor|Protect
|move|p1a: Pelipper|Surf|p2a: Gliscor
|-activate|p2a: Gliscor|move: Protect
|
|-weather|RainDance|[upkeep]
|-status|p2a: Gliscor|tox|[from] item: Toxic Orb
|upkeep
|turn|2
|
|t:|1758371649
|switch|p2a: Alomomola|Alomomola, M|100/100
|move|p1a: Pelipper|U-turn|p2a: Alomomola
|-damage|p2a: Alomomola|95/100
|-damage|p1a: Pelipper|84/100|[from] item: Rocky Helmet|[of] p2a: Alomomola
|
|t:|1758371655
|switch|p1a: Ogerpon|Ogerpon-Wellspring, F|100/100|[from] U-turn
|
|-weather|RainDance|[upkeep]
|upkeep
|turn|3
|
|t:|1758371663
|switch|p2a: Ursaluna|Ursaluna, M|100/100
|move|p1a: Ogerpon|Swords Dance|p1a: Ogerpon
|-boost|p1a: Ogerpon|atk|2
|
|-weather|RainDance|[upkeep]
|-status|p2a: Ursaluna|brn|[from] item: Flame Orb
|upkeep
|turn|4
|
|t:|1758371673
|move|p1a: Ogerpon|Ivy Cudgel|p2a: Ursaluna|[anim] Ivy Cudgel Water
|-supereffective|p2a: Ursaluna
|-damage|p2a: Ursaluna|0 fnt
|faint|p2a: Ursaluna
|
|-weather|RainDance|[upkeep]
|upkeep
|
|t:|1758371679
|switch|p2a: Cinderace|Cinderace, M|100/100
|turn|5
|
|t:|1758371684
|-terastallize|p1a: Ogerpon|Water
|detailschange|p1a: Ogerpon|Ogerpon-Wellspring-Tera, F, tera:Water
|-ability|p1a: Ogerpon|Embody Aspect (Wellspring)|boost
|-boost|p1a: Ogerpon|spd|1
|move|p2a: Cinderace|Will-O-Wisp|p1a: Ogerpon
|-status|p1a: Ogerpon|brn
|move|p1a: Ogerpon|Ivy Cudgel|p2a: Cinderace|[anim] Ivy Cudgel Water
|-supereffective|p2a: Cinderace
|-damage|p2a: Cinderace|0 fnt
|faint|p2a: Cinderace
|
|-weather|RainDance|[upkeep]
|-damage|p1a: Ogerpon|95/100 brn|[from] brn
|upkeep
|
|t:|1758371691
|switch|p2a: Garganacl|Garganacl, F|100/100
|turn|6
|
|t:|1758371704
|-terastallize|p2a: Garganacl|Dragon
|move|p1a: Ogerpon|Swords Dance|p1a: Ogerpon
|-boost|p1a: Ogerpon|atk|2
|move|p2a: Garganacl|Salt Cure|p1a: Ogerpon
|-damage|p1a: Ogerpon|77/100 brn
|-start|p1a: Ogerpon|Salt Cure
|
|-weather|RainDance|[upkeep]
|-damage|p1a: Ogerpon|71/100 brn|[from] brn
|-damage|p1a: Ogerpon|46/100 brn|[from] Salt Cure
|upkeep
|turn|7
|
|t:|1758371714
|move|p1a: Ogerpon|U-turn|p2a: Garganacl
|-damage|p2a: Garganacl|72/100
|
|t:|1758371723
|switch|p1a: Darkrai|Darkrai|100/100|[from] U-turn
|move|p2a: Garganacl|Recover|p2a: Garganacl
|-heal|p2a: Garganacl|100/100
|
|-weather|RainDance|[upkeep]
|upkeep
|turn|8
|
|t:|1758371743
|switch|p2a: Alomomola|Alomomola, M|100/100
|move|p1a: Darkrai|Dark Pulse|p2a: Alomomola
|-damage|p2a: Alomomola|26/100
|
|-weather|none
|upkeep
|turn|9
|
|t:|1758371754
|switch|p2a: Gliscor|Gliscor, F|100/100 tox
|move|p1a: Darkrai|Dark Pulse|p2a: Gliscor
|-damage|p2a: Gliscor|16/100 tox
|
|-heal|p2a: Gliscor|28/100 tox|[from] ability: Poison Heal
|upkeep
|turn|10
|
|t:|1758371761
|move|p1a: Darkrai|Dark Pulse|p2a: Gliscor
|-damage|p2a: Gliscor|0 fnt
|faint|p2a: Gliscor
|
|upkeep
|
|t:|1758371767
|switch|p2a: Grafaiai|Grafaiai, F|100/100
|turn|11
|
|t:|1758371773
|switch|p1a: Clodsire|Clodsire, F|100/100
|move|p2a: Grafaiai|Dig||[still]
|-prepare|p2a: Grafaiai|Dig
|
|upkeep
|turn|12
|
|t:|1758371779
|move|p2a: Grafaiai|Dig|p1a: Clodsire|[from] lockedmove
|-supereffective|p1a: Clodsire
|-damage|p1a: Clodsire|44/100
|move|p1a: Clodsire|Stealth Rock|p2a: Grafaiai
|-sidestart|p2: dadadadaxiji|move: Stealth Rock
|
|-heal|p1a: Clodsire|50/100|[from] item: Leftovers
|upkeep
|turn|13
|
|t:|1758371789
|switch|p1a: Pelipper|Pelipper, M|84/100
|-weather|RainDance|[from] ability: Drizzle|[of] p1a: Pelipper
|move|p2a: Grafaiai|Copycat|p2a: Grafaiai
|move|p2a: Grafaiai|Stealth Rock|p1a: Pelipper|[from] move: Copycat
|-sidestart|p1: yummygrapes|move: Stealth Rock
|
|-weather|RainDance|[upkeep]
|upkeep
|turn|14
|
|t:|1758371803
|move|p2a: Grafaiai|Toxic|p1a: Pelipper
|-status|p1a: Pelipper|tox
|move|p1a: Pelipper|U-turn|p2a: Grafaiai
|-resisted|p2a: Grafaiai
|-damage|p2a: Grafaiai|94/100
|
|t:|1758371808
|switch|p1a: Barraskewda|Barraskewda, M|100/100|[from] U-turn
|-damage|p1a: Barraskewda|88/100|[from] Stealth Rock
|
|-weather|RainDance|[upkeep]
|upkeep
|turn|15
|
|t:|1758371814
|move|p2a: Grafaiai|Copycat|p2a: Grafaiai
|move|p2a: Grafaiai|U-turn|p1a: Barraskewda|[from] move: Copycat
|-damage|p1a: Barraskewda|48/100
|
|t:|1758371818
|switch|p2a: Alomomola|Alomomola, M|59/100|[from] U-turn
|-damage|p2a: Alomomola|47/100|[from] Stealth Rock
|move|p1a: Barraskewda|Flip Turn|p2a: Alomomola
|-resisted|p2a: Alomomola
|-damage|p2a: Alomomola|27/100
|-damage|p1a: Barraskewda|31/100|[from] item: Rocky Helmet|[of] p2a: Alomomola
|l|☆yummygrapes
|inactive|yummygrapes disconnected and has a minute to reconnect!
|player|p1|
|j|☆yummygrapes
|inactive|yummygrapes reconnected and has 115 seconds left.
|player|p1|yummygrapes|101|
|
|t:|1758371861
|switch|p1a: Darkrai|Darkrai|100/100|[from] Flip Turn
|-damage|p1a: Darkrai|88/100|[from] Stealth Rock
|
|-weather|RainDance|[upkeep]
|upkeep
|turn|16
|inactive|yummygrapes has 120 seconds left.
|
|t:|1758371888
|move|p2a: Alomomola|Protect|p2a: Alomomola
|-singleturn|p2a: Alomomola|Protect
|move|p1a: Darkrai|Dark Pulse|p2a: Alomomola
|-activate|p2a: Alomomola|move: Protect
|
|-weather|RainDance|[upkeep]
|upkeep
|turn|17
|
|t:|1758371895
|move|p2a: Alomomola|Aqua Jet|p1a: Darkrai
|-damage|p1a: Darkrai|66/100
|move|p1a: Darkrai|Dark Pulse|p2a: Alomomola
|-damage|p2a: Alomomola|0 fnt
|faint|p2a: Alomomola
|
|-weather|RainDance|[upkeep]
|upkeep
|
|t:|1758371902
|switch|p2a: Grafaiai|Grafaiai, F|94/100
|turn|18
|
|t:|1758371909
|switch|p1a: Scizor|Scizor, F|100/100
|-damage|p1a: Scizor|88/100|[from] Stealth Rock
|move|p2a: Grafaiai|Dig||[still]
|-prepare|p2a: Grafaiai|Dig
|
|-weather|RainDance|[upkeep]
|-heal|p1a: Scizor|94/100|[from] item: Leftovers
|upkeep
|turn|19
|
|t:|1758371916
|move|p2a: Grafaiai|Dig|p1a: Scizor|[from] lockedmove
|-damage|p1a: Scizor|68/100
|move|p1a: Scizor|Defog|p2a: Grafaiai
|-unboost|p2a: Grafaiai|evasion|1
|-sideend|p2: dadadadaxiji|Stealth Rock|[from] move: Defog|[of] p1a: Scizor
|-sideend|p1: yummygrapes|Stealth Rock|[from] move: Defog|[of] p1a: Scizor
|
|-weather|RainDance|[upkeep]
|-heal|p1a: Scizor|74/100|[from] item: Leftovers
|upkeep
|turn|20
|
|t:|1758371923
|move|p2a: Grafaiai|Copycat|p2a: Grafaiai
|move|p2a: Grafaiai|Defog|p1a: Scizor|[from] move: Copycat
|-unboost|p1a: Scizor|evasion|1
|move|p1a: Scizor|Knock Off|p2a: Grafaiai
|-damage|p2a: Grafaiai|54/100
|-enditem|p2a: Grafaiai|Heavy-Duty Boots|[from] move: Knock Off|[of] p1a: Scizor
|
|-weather|none
|-heal|p1a: Scizor|80/100|[from] item: Leftovers
|upkeep
|turn|21
|
|t:|1758371933
|move|p2a: Grafaiai|Dig||[still]
|-prepare|p2a: Grafaiai|Dig
|move|p1a: Scizor|Knock Off|p2a: Grafaiai|[miss]
|-miss|p1a: Scizor|p2a: Grafaiai
|
|-heal|p1a: Scizor|86/100|[from] item: Leftovers
|upkeep
|turn|22
|
|t:|1758371945
|move|p2a: Grafaiai|Dig|p1a: Scizor|[from] lockedmove
|-damage|p1a: Scizor|60/100
|move|p1a: Scizor|Knock Off|p2a: Grafaiai
|-damage|p2a: Grafaiai|26/100
|
|-heal|p1a: Scizor|66/100|[from] item: Leftovers
|upkeep
|turn|23
|
|t:|1758371953
|move|p2a: Grafaiai|Copycat|p2a: Grafaiai
|move|p2a: Grafaiai|Knock Off|p1a: Scizor|[from] move: Copycat
|-damage|p1a: Scizor|38/100
|-enditem|p1a: Scizor|Leftovers|[from] move: Knock Off|[of] p2a: Grafaiai
|move|p1a: Scizor|Bullet Punch|p2a: Grafaiai
|-damage|p2a: Grafaiai|0 fnt
|faint|p2a: Grafaiai
|
|upkeep
|
|t:|1758371957
|switch|p2a: Garganacl|Garganacl, F, tera:Dragon|100/100
|turn|24
|
|t:|1758371967
|move|p1a: Scizor|Knock Off|p2a: Garganacl
|-damage|p2a: Garganacl|80/100
|-enditem|p2a: Garganacl|Leftovers|[from] move: Knock Off|[of] p1a: Scizor
|move|p2a: Garganacl|Curse|p2a: Garganacl
|-unboost|p2a: Garganacl|spe|1
|-boost|p2a: Garganacl|atk|1
|-boost|p2a: Garganacl|def|1
|
|upkeep
|turn|25
|
|t:|1758371975
|move|p1a: Scizor|U-turn|p2a: Garganacl
|-damage|p2a: Garganacl|67/100
|
|t:|1758371983
|switch|p1a: Pelipper|Pelipper, M|84/100 tox|[from] U-turn
|-weather|RainDance|[from] ability: Drizzle|[of] p1a: Pelipper
|move|p2a: Garganacl|Curse|p2a: Garganacl
|-unboost|p2a: Garganacl|spe|1
|-boost|p2a: Garganacl|atk|1
|-boost|p2a: Garganacl|def|1
|
|-weather|RainDance|[upkeep]
|-damage|p1a: Pelipper|78/100 tox|[from] psn
|upkeep
|turn|26
|
|t:|1758371994
|move|p1a: Pelipper|Hurricane|p2a: Garganacl
|-damage|p2a: Garganacl|44/100
|move|p2a: Garganacl|Recover|p2a: Garganacl
|-heal|p2a: Garganacl|94/100
|
|-weather|RainDance|[upkeep]
|-damage|p1a: Pelipper|65/100 tox|[from] psn
|upkeep
|turn|27
|
|t:|1758372002
|switch|p1a: Darkrai|Darkrai|66/100
|move|p2a: Garganacl|Protect||[still]
|-fail|p2a: Garganacl
|
|-weather|RainDance|[upkeep]
|upkeep
|turn|28
|
|t:|1758372007
|move|p2a: Garganacl|Protect|p2a: Garganacl
|-singleturn|p2a: Garganacl|Protect
|move|p1a: Darkrai|Trick|p2a: Garganacl
|-activate|p2a: Garganacl|move: Protect
|
|-weather|RainDance|[upkeep]
|upkeep
|turn|29
|
|t:|1758372015
|move|p1a: Darkrai|Trick|p2a: Garganacl
|-activate|p1a: Darkrai|move: Trick|[of] p2a: Garganacl
|-item|p2a: Garganacl|Choice Specs|[from] move: Trick
|-enditem|p1a: Darkrai|Choice Specs|[silent]|[from] move: Trick
|move|p2a: Garganacl|Salt Cure|p1a: Darkrai
|-damage|p1a: Darkrai|29/100
|-start|p1a: Darkrai|Salt Cure
|
|-weather|RainDance|[upkeep]
|-damage|p1a: Darkrai|17/100|[from] Salt Cure
|upkeep
|turn|30
|
|t:|1758372030
|move|p1a: Darkrai|Dark Pulse|p2a: Garganacl
|-damage|p2a: Garganacl|64/100
|move|p2a: Garganacl|Salt Cure|p1a: Darkrai
|-crit|p1a: Darkrai
|-damage|p1a: Darkrai|0 fnt
|faint|p1a: Darkrai
|
|-weather|RainDance|[upkeep]
|upkeep
|
|t:|1758372050
|switch|p1a: Pelipper|Pelipper, M|65/100 tox
|turn|31
|
|t:|1758372059
|move|p1a: Pelipper|Hurricane|p2a: Garganacl
|-damage|p2a: Garganacl|41/100
|move|p2a: Garganacl|Salt Cure|p1a: Pelipper
|-supereffective|p1a: Pelipper
|-damage|p1a: Pelipper|22/100 tox
|-start|p1a: Pelipper|Salt Cure
|
|-weather|RainDance|[upkeep]
|-damage|p1a: Pelipper|16/100 tox|[from] psn
|-damage|p1a: Pelipper|0 fnt|[from] Salt Cure
|faint|p1a: Pelipper
|upkeep
|inactive|yummygrapes has 120 seconds left.
|
|t:|1758372079
|switch|p1a: Barraskewda|Barraskewda, M|31/100
|turn|32
|
|t:|1758372083
|move|p1a: Barraskewda|Waterfall|p2a: Garganacl
|-resisted|p2a: Garganacl
|-damage|p2a: Garganacl|24/100
|move|p2a: Garganacl|Salt Cure|p1a: Barraskewda
|-damage|p1a: Barraskewda|0 fnt
|faint|p1a: Barraskewda
|
|-weather|none
|upkeep
|inactive|yummygrapes has 120 seconds left.
|
|t:|1758372101
|switch|p1a: Ogerpon|Ogerpon-Wellspring-Tera, F, tera:Water|46/100 brn
|-ability|p1a: Ogerpon|Embody Aspect (Wellspring)|boost
|-boost|p1a: Ogerpon|spd|1
|turn|33
|inactive|yummygrapes has 120 seconds left.
|inactive|dadadadaxiji has 120 seconds left.
|
|t:|1758372146
|move|p1a: Ogerpon|Ivy Cudgel|p2a: Garganacl|[anim] Ivy Cudgel Water
|-resisted|p2a: Garganacl
|-damage|p2a: Garganacl|18/100
|move|p2a: Garganacl|Salt Cure|p1a: Ogerpon
|-damage|p1a: Ogerpon|8/100 brn
|-start|p1a: Ogerpon|Salt Cure
|
|-damage|p1a: Ogerpon|2/100 brn|[from] brn
|-damage|p1a: Ogerpon|0 fnt|[from] Salt Cure
|faint|p1a: Ogerpon
|detailschange|p1: Ogerpon|Ogerpon-Wellspring, F|[silent]
|upkeep
|
|t:|1758372155
|switch|p1a: Scizor|Scizor, F|38/100
|turn|34
|
|t:|1758372159
|move|p1a: Scizor|Bullet Punch|p2a: Garganacl
|-damage|p2a: Garganacl|8/100
|move|p2a: Garganacl|Salt Cure|p1a: Scizor
|-damage|p1a: Scizor|12/100
|-start|p1a: Scizor|Salt Cure
|
|-damage|p1a: Scizor|0 fnt|[from] Salt Cure
|faint|p1a: Scizor
|upkeep
|
|t:|1758372167
|switch|p1a: Clodsire|Clodsire, F|50/100
|turn|35
|
|t:|1758372171
|move|p1a: Clodsire|Recover|p1a: Clodsire
|-heal|p1a: Clodsire|99/100
|move|p2a: Garganacl|Salt Cure|p1a: Clodsire
|-resisted|p1a: Clodsire
|-damage|p1a: Clodsire|85/100
|-start|p1a: Clodsire|Salt Cure
|
|-heal|p1a: Clodsire|91/100|[from] item: Leftovers
|-damage|p1a: Clodsire|79/100|[from] Salt Cure
|upkeep
|turn|36
|
|t:|1758372179
|move|p1a: Clodsire|Earthquake|p2a: Garganacl
|-damage|p2a: Garganacl|0 fnt
|faint|p2a: Garganacl
|
|win|yummygrapes
|raw|yummygrapes's rating: 1611 &rarr; <strong>1627</strong><br />(+16 for winning)
|raw|dadadadaxiji's rating: 1547 &rarr; <strong>1531</strong><br />(-16 for losing)
|l|☆yummygrapes
|player|p1|
|l|☆dadadadaxiji
|player|p2|
