|j|☆Yz99999
|j|☆sonic superstars
|t:|1758291470
|gametype|singles
|player|p1|Yz99999|169|1618
|player|p2|sonic superstars|acetrainer-gen4|1671
|gen|9
|tier|[Gen 9] OU
|rated|
|rule|HP Percentage Mod: HP is shown in percentages
|rule|Endless Battle Clause: Forcing endless battles is banned
|rule|Species Clause: Limit one of each Pokémon
|rule|OHKO Clause: OHKO moves are banned
|rule|Evasion Items Clause: Evasion items are banned
|rule|Evasion Moves Clause: Evasion moves are banned
|rule|Evasion Abilities Clause: Evasion abilities are banned
|rule|Sleep Moves Clause: Sleep-inducing moves are banned
|clearpoke
|poke|p1|Garganacl, F|
|poke|p1|Corviknight, F|
|poke|p1|Great Tusk|
|poke|p1|Scizor, F|
|poke|p1|Raging Bolt|
|poke|p1|Maushold-Four|
|poke|p2|Crabominable, F|
|poke|p2|Slowking-Galar, M|
|poke|p2|Hoopa-Unbound|
|poke|p2|Ursaluna, M|
|poke|p2|Hatterene, F|
|poke|p2|Kingambit, M|
|teampreview
|inactive|Battle timer is ON: inactive players will automatically lose when time's up. (requested by sonic superstars)
|j| FaronAan
|
|t:|1758291492
|teamsize|p1|6
|teamsize|p2|6
|start
|switch|p1a: Maushold|Maushold-Four|100/100
|switch|p2a: Slowking|Slowking-Galar, M|100/100
|turn|1
|j| Liker of Mudkips
|
|t:|1758291502
|move|p1a: Maushold|Population Bomb|p2a: Slowking
|-damage|p2a: Slowking|92/100
|-damage|p2a: Slowking|83/100
|-damage|p2a: Slowking|76/100
|-damage|p2a: Slowking|67/100
|-damage|p2a: Slowking|60/100
|-damage|p2a: Slowking|52/100
|-damage|p2a: Slowking|44/100
|-damage|p2a: Slowking|36/100
|-damage|p2a: Slowking|28/100
|-damage|p2a: Slowking|20/100
|-hitcount|p2a: Slowking|10
|move|p2a: Slowking|Trick Room|p2a: Slowking
|-fieldstart|move: Trick Room|[of] p2a: Slowking
|
|upkeep
|turn|2
|
|t:|1758291510
|switch|p2a: Kingambit|Kingambit, M|100/100
|move|p1a: Maushold|Population Bomb|p2a: Kingambit
|-resisted|p2a: Kingambit
|-damage|p2a: Kingambit|96/100
|-resisted|p2a: Kingambit
|-damage|p2a: Kingambit|93/100
|-resisted|p2a: Kingambit
|-damage|p2a: Kingambit|89/100
|-resisted|p2a: Kingambit
|-damage|p2a: Kingambit|85/100
|-resisted|p2a: Kingambit
|-damage|p2a: Kingambit|81/100
|-resisted|p2a: Kingambit
|-damage|p2a: Kingambit|77/100
|-resisted|p2a: Kingambit
|-damage|p2a: Kingambit|73/100
|-resisted|p2a: Kingambit
|-damage|p2a: Kingambit|69/100
|-resisted|p2a: Kingambit
|-damage|p2a: Kingambit|65/100
|-resisted|p2a: Kingambit
|-damage|p2a: Kingambit|62/100
|-hitcount|p2a: Kingambit|10
|
|upkeep
|turn|3
|j| HOMIxIDE LANGUAGE
|
|t:|1758291523
|-end|p2a: Kingambit|fallenundefined|[silent]
|switch|p2a: Ursaluna|Ursaluna, M|100/100
|switch|p1a: Great Tusk|Great Tusk|100/100
|
|-status|p2a: Ursaluna|brn|[from] item: Flame Orb
|upkeep
|turn|4
|
|t:|1758291527
|move|p2a: Ursaluna|Swords Dance|p2a: Ursaluna
|-boost|p2a: Ursaluna|atk|2
|move|p1a: Great Tusk|Ice Spinner|p2a: Ursaluna
|-supereffective|p2a: Ursaluna
|-damage|p2a: Ursaluna|63/100 brn
|
|-damage|p2a: Ursaluna|57/100 brn|[from] brn
|upkeep
|turn|5
|j| king of spycrabs
|
|t:|1758291538
|-end|p1a: Great Tusk|Protosynthesis|[silent]
|switch|p1a: Corviknight|Corviknight, F|100/100
|-ability|p1a: Corviknight|Pressure
|move|p2a: Ursaluna|Facade|p1a: Corviknight
|-resisted|p1a: Corviknight
|-damage|p1a: Corviknight|0 fnt
|-damage|p2a: Ursaluna|41/100 brn|[from] item: Rocky Helmet|[of] p1a: Corviknight
|faint|p1a: Corviknight
|
|-damage|p2a: Ursaluna|34/100 brn|[from] brn
|-fieldend|move: Trick Room
|upkeep
|
|t:|1758291540
|switch|p1a: Maushold|Maushold-Four|100/100
|turn|6
|inactive|sonic superstars has 120 seconds left.
|
|t:|1758291573
|move|p1a: Maushold|Population Bomb|p2a: Ursaluna
|-damage|p2a: Ursaluna|26/100 brn
|-damage|p2a: Ursaluna|18/100 brn
|-damage|p2a: Ursaluna|10/100 brn
|-damage|p2a: Ursaluna|2/100 brn
|-damage|p2a: Ursaluna|0 fnt
|faint|p2a: Ursaluna
|-hitcount|p2: Ursaluna|5
|
|upkeep
|
|t:|1758291576
|switch|p2a: Kingambit|Kingambit, M|62/100
|-activate|p2a: Kingambit|ability: Supreme Overlord
|-start|p2a: Kingambit|fallen1|[silent]
|turn|7
|
|t:|1758291585
|-end|p2a: Kingambit|fallen1|[silent]
|switch|p2a: Hatterene|Hatterene, F|100/100
|move|p1a: Maushold|Low Kick|p2a: Hatterene
|-resisted|p2a: Hatterene
|-damage|p2a: Hatterene|99/100
|
|upkeep
|turn|8
|
|t:|1758291592
|-terastallize|p1a: Maushold|Normal
|move|p1a: Maushold|Population Bomb|p2a: Hatterene
|-damage|p2a: Hatterene|82/100
|-damage|p2a: Hatterene|65/100
|-damage|p2a: Hatterene|48/100
|-damage|p2a: Hatterene|31/100
|-damage|p2a: Hatterene|15/100
|-damage|p2a: Hatterene|0 fnt
|faint|p2a: Hatterene
|-hitcount|p2: Hatterene|6
|
|upkeep
|
|t:|1758291596
|switch|p2a: Kingambit|Kingambit, M|62/100
|-activate|p2a: Kingambit|ability: Supreme Overlord
|-start|p2a: Kingambit|fallen2|[silent]
|turn|9
|
|t:|1758291599
|switch|p1a: Great Tusk|Great Tusk|100/100
|-terastallize|p2a: Kingambit|Dark
|move|p2a: Kingambit|Sucker Punch||[still]
|-fail|p2a: Kingambit
|
|upkeep
|turn|10
|
|t:|1758291605
|-end|p2a: Kingambit|fallen2|[silent]
|switch|p2a: Hoopa|Hoopa-Unbound|100/100
|move|p1a: Great Tusk|Headlong Rush|p2a: Hoopa
|-damage|p2a: Hoopa|13/100
|-unboost|p1a: Great Tusk|def|1
|-unboost|p1a: Great Tusk|spd|1
|
|upkeep
|turn|11
|
|t:|1758291621
|move|p1a: Great Tusk|Headlong Rush|p2a: Hoopa
|-damage|p2a: Hoopa|0 fnt
|-unboost|p1a: Great Tusk|def|1
|-unboost|p1a: Great Tusk|spd|1
|faint|p2a: Hoopa
|
|upkeep
|l| HOMIxIDE LANGUAGE
|
|t:|1758291634
|switch|p2a: ICE HAMMA 🔨🧊|Crabominable, F|100/100
|turn|12
|
|t:|1758291638
|-end|p1a: Great Tusk|Protosynthesis|[silent]
|switch|p1a: Scizor|Scizor, F|100/100
|move|p2a: ICE HAMMA 🔨🧊|Ice Hammer|p1a: Scizor
|-resisted|p1a: Scizor
|-damage|p1a: Scizor|49/100
|-unboost|p2a: ICE HAMMA 🔨🧊|spe|1
|
|upkeep
|turn|13
|
|t:|1758291642
|switch|p2a: Slowking|Slowking-Galar, M|54/100
|move|p1a: Scizor|Bullet Punch|p2a: Slowking
|-damage|p2a: Slowking|15/100
|
|upkeep
|turn|14
|j| LT124YH Ghoul
|
|t:|1758291649
|move|p1a: Scizor|Bullet Punch|p2a: Slowking
|-damage|p2a: Slowking|0 fnt
|faint|p2a: Slowking
|
|upkeep
|
|t:|1758291650
|switch|p2a: Kingambit|Kingambit, M, tera:Dark|62/100
|-activate|p2a: Kingambit|ability: Supreme Overlord
|-start|p2a: Kingambit|fallen4|[silent]
|turn|15
|j| HOMIxIDE LANGUAGE
|
|t:|1758291655
|move|p1a: Scizor|Bullet Punch|p2a: Kingambit
|-damage|p2a: Kingambit|26/100
|move|p2a: Kingambit|Swords Dance|p2a: Kingambit
|-boost|p2a: Kingambit|atk|2
|
|upkeep
|turn|16
|-message|sonic superstars forfeited.
|
|win|Yz99999
|raw|Yz99999's rating: 1618 &rarr; <strong>1641</strong><br />(+23 for winning)
|raw|sonic superstars's rating: 1671 &rarr; <strong>1648</strong><br />(-23 for losing)
|l|☆sonic superstars
|player|p2|
|l| FaronAan
|l| Liker of Mudkips
|l| HOMIxIDE LANGUAGE
|c| LT124YH Ghoul|Common sonic L
|l|☆Yz99999
|player|p1|
|l| LT124YH Ghoul
