|j|☆snoppp
|j|☆castillo919
|t:|1758341842
|gametype|singles
|player|p1|snoppp|bruno|1325
|player|p2|castillo919|1|1312
|gen|9
|tier|[Gen 9] OU
|rated|
|rule|HP Percentage Mod: HP is shown in percentages
|rule|Endless Battle Clause: Forcing endless battles is banned
|rule|Species Clause: Limit one of each Pokémon
|rule|OHKO Clause: OHKO moves are banned
|rule|Evasion Items Clause: Evasion items are banned
|rule|Evasion Moves Clause: Evasion moves are banned
|rule|Evasion Abilities Clause: Evasion abilities are banned
|rule|Sleep Moves Clause: Sleep-inducing moves are banned
|clearpoke
|poke|p1|Venusaur, F|
|poke|p1|Ninetales, M|
|poke|p1|Walking Wake|
|poke|p1|Raging Bolt|
|poke|p1|Arcanine-Hisui, F|
|poke|p1|Great Tusk|
|poke|p2|Samurott-Hisui, M|
|poke|p2|Clodsire, F|
|poke|p2|Sinistcha-Masterpiece|
|poke|p2|Moltres|
|poke|p2|Deoxys-Speed|
|poke|p2|Cyclizar, F|
|teampreview
|
|t:|1758341858
|teamsize|p1|6
|teamsize|p2|6
|start
|switch|p1a: Ninetales|Ninetales, M|100/100
|switch|p2a: Cyclizar|Cyclizar, F|100/100
|-weather|SunnyDay|[from] ability: Drought|[of] p1a: Ninetales
|turn|1
|
|t:|1758341868
|move|p2a: Cyclizar|Rapid Spin|p1a: Ninetales
|-damage|p1a: Ninetales|80/100
|-boost|p2a: Cyclizar|spe|1
|move|p1a: Ninetales|Flamethrower|p2a: Cyclizar
|-resisted|p2a: Cyclizar
|-damage|p2a: Cyclizar|89/100
|
|-weather|SunnyDay|[upkeep]
|upkeep
|turn|2
|
|t:|1758341879
|move|p2a: Cyclizar|Knock Off|p1a: Ninetales
|-damage|p1a: Ninetales|52/100
|-enditem|p1a: Ninetales|Heat Rock|[from] move: Knock Off|[of] p2a: Cyclizar
|move|p1a: Ninetales|Will-O-Wisp|p2a: Cyclizar
|-status|p2a: Cyclizar|brn
|
|-weather|SunnyDay|[upkeep]
|-damage|p2a: Cyclizar|82/100 brn|[from] brn
|upkeep
|turn|3
|
|t:|1758341895
|switch|p1a: Raging Bolt|Raging Bolt|100/100
|-activate|p1a: Raging Bolt|ability: Protosynthesis
|-start|p1a: Raging Bolt|protosynthesisspa
|move|p2a: Cyclizar|Rapid Spin|p1a: Raging Bolt
|-damage|p1a: Raging Bolt|92/100
|-boost|p2a: Cyclizar|spe|1
|
|-weather|SunnyDay|[upkeep]
|-damage|p2a: Cyclizar|76/100 brn|[from] brn
|upkeep
|turn|4
|
|t:|1758341907
|-terastallize|p2a: Cyclizar|Fairy
|move|p1a: Raging Bolt|Draco Meteor|p2a: Cyclizar
|-immune|p2a: Cyclizar
|move|p2a: Cyclizar|Dragon Tail|p1a: Raging Bolt
|-supereffective|p1a: Raging Bolt
|-damage|p1a: Raging Bolt|74/100
|-end|p1a: Raging Bolt|Protosynthesis|[silent]
|drag|p1a: Walking Wake|Walking Wake|100/100
|-activate|p1a: Walking Wake|ability: Protosynthesis
|-start|p1a: Walking Wake|protosynthesisspa
|
|-weather|SunnyDay|[upkeep]
|-damage|p2a: Cyclizar|70/100 brn|[from] brn
|upkeep
|turn|5
|
|t:|1758341923
|move|p2a: Cyclizar|U-turn|p1a: Walking Wake
|-damage|p1a: Walking Wake|92/100
|
|t:|1758341926
|switch|p2a: Samurott|Samurott-Hisui, M|100/100|[from] U-turn
|move|p1a: Walking Wake|Hydro Steam|p2a: Samurott
|-resisted|p2a: Samurott
|-damage|p2a: Samurott|68/100
|
|-weather|SunnyDay|[upkeep]
|upkeep
|turn|6
|
|t:|1758341943
|-end|p1a: Walking Wake|Protosynthesis|[silent]
|switch|p1a: Great Tusk|Great Tusk|100/100
|-activate|p1a: Great Tusk|ability: Protosynthesis
|-start|p1a: Great Tusk|protosynthesisatk
|switch|p2a: Cyclizar|Cyclizar, F, tera:Fairy|100/100 brn
|
|-weather|SunnyDay|[upkeep]
|-damage|p2a: Cyclizar|94/100 brn|[from] brn
|upkeep
|turn|7
|
|t:|1758341954
|switch|p2a: Sinistcha|Sinistcha-Masterpiece|100/100
|move|p1a: Great Tusk|Knock Off|p2a: Sinistcha
|-supereffective|p2a: Sinistcha
|-damage|p2a: Sinistcha|44/100
|-enditem|p2a: Sinistcha|Leftovers|[from] move: Knock Off|[of] p1a: Great Tusk
|
|-weather|SunnyDay|[upkeep]
|upkeep
|turn|8
|
|t:|1758341964
|-end|p1a: Great Tusk|Protosynthesis|[silent]
|switch|p1a: Raging Bolt|Raging Bolt|74/100
|-activate|p1a: Raging Bolt|ability: Protosynthesis
|-start|p1a: Raging Bolt|protosynthesisspa
|move|p2a: Sinistcha|Strength Sap|p1a: Raging Bolt
|-unboost|p1a: Raging Bolt|atk|1
|-heal|p2a: Sinistcha|88/100
|
|-weather|none
|-end|p1a: Raging Bolt|Protosynthesis
|upkeep
|turn|9
|
|t:|1758341976
|switch|p2a: Clodsire|Clodsire, F, shiny|100/100
|move|p1a: Raging Bolt|Volt Switch|p2a: Clodsire
|-immune|p2a: Clodsire
|
|upkeep
|turn|10
|
|t:|1758341984
|-end|p1a: Raging Bolt|Protosynthesis|[silent]
|switch|p1a: Ninetales|Ninetales, M|52/100
|-weather|SunnyDay|[from] ability: Drought|[of] p1a: Ninetales
|move|p2a: Clodsire|Stealth Rock|p1a: Ninetales
|-sidestart|p1: snoppp|move: Stealth Rock
|
|-weather|SunnyDay|[upkeep]
|upkeep
|turn|11
|
|t:|1758341995
|switch|p2a: Cyclizar|Cyclizar, F, tera:Fairy|100/100 brn
|move|p1a: Ninetales|Encore||[still]
|-fail|p1a: Ninetales
|
|-weather|SunnyDay|[upkeep]
|-damage|p2a: Cyclizar|94/100 brn|[from] brn
|upkeep
|turn|12
|
|t:|1758342004
|move|p1a: Ninetales|Flamethrower|p2a: Cyclizar
|-damage|p2a: Cyclizar|68/100 brn
|move|p2a: Cyclizar|Dragon Tail|p1a: Ninetales
|-damage|p1a: Ninetales|39/100
|drag|p1a: Walking Wake|Walking Wake|92/100
|-damage|p1a: Walking Wake|79/100|[from] Stealth Rock
|-activate|p1a: Walking Wake|ability: Protosynthesis
|-start|p1a: Walking Wake|protosynthesisspa
|
|-weather|SunnyDay|[upkeep]
|-damage|p2a: Cyclizar|62/100 brn|[from] brn
|upkeep
|turn|13
|
|t:|1758342028
|move|p1a: Walking Wake|Weather Ball|p2a: Cyclizar
|-damage|p2a: Cyclizar|0 fnt
|faint|p2a: Cyclizar
|
|-weather|SunnyDay|[upkeep]
|upkeep
|
|t:|1758342036
|switch|p2a: Samurott|Samurott-Hisui, M|68/100
|turn|14
|
|t:|1758342041
|-end|p1a: Walking Wake|Protosynthesis|[silent]
|switch|p1a: Venusaur|Venusaur, F|100/100
|-damage|p1a: Venusaur|88/100|[from] Stealth Rock
|move|p2a: Samurott|Ceaseless Edge|p1a: Venusaur
|-damage|p1a: Venusaur|45/100
|-sidestart|p1: snoppp|Spikes
|
|-weather|none
|-heal|p1a: Venusaur|51/100|[from] item: Black Sludge
|upkeep
|turn|15
|
|t:|1758342060
|switch|p2a: Moltres|Moltres|100/100
|move|p1a: Venusaur|Giga Drain|p2a: Moltres
|-resisted|p2a: Moltres
|-damage|p2a: Moltres|92/100
|-heal|p1a: Venusaur|57/100|[from] drain|[of] p2a: Moltres
|
|-heal|p1a: Venusaur|63/100|[from] item: Black Sludge
|upkeep
|turn|16
|
|t:|1758342074
|switch|p1a: Ninetales|Ninetales, M|39/100
|-damage|p1a: Ninetales|14/100|[from] Stealth Rock
|-damage|p1a: Ninetales|2/100|[from] Spikes
|-weather|SunnyDay|[from] ability: Drought|[of] p1a: Ninetales
|move|p2a: Moltres|Flamethrower|p1a: Ninetales
|-resisted|p1a: Ninetales
|-damage|p1a: Ninetales|0 fnt
|faint|p1a: Ninetales
|
|-weather|SunnyDay|[upkeep]
|upkeep
|
|t:|1758342084
|switch|p1a: Arcanine|Arcanine-Hisui, F|100/100
|-damage|p1a: Arcanine|76/100|[from] Stealth Rock
|-damage|p1a: Arcanine|63/100|[from] Spikes
|turn|17
|
|t:|1758342094
|switch|p2a: Clodsire|Clodsire, F, shiny|100/100
|move|p1a: Arcanine|Head Smash|p2a: Clodsire
|-resisted|p2a: Clodsire
|-damage|p2a: Clodsire|55/100
|
|-weather|SunnyDay|[upkeep]
|-heal|p2a: Clodsire|61/100|[from] item: Black Sludge
|upkeep
|turn|18
|
|t:|1758342104
|switch|p1a: Venusaur|Venusaur, F|63/100
|-damage|p1a: Venusaur|50/100|[from] Stealth Rock
|-damage|p1a: Venusaur|38/100|[from] Spikes
|move|p2a: Clodsire|Recover|p2a: Clodsire
|-heal|p2a: Clodsire|100/100
|
|-weather|SunnyDay|[upkeep]
|-heal|p1a: Venusaur|44/100|[from] item: Black Sludge
|upkeep
|turn|19
|
|t:|1758342116
|switch|p2a: Moltres|Moltres|92/100
|move|p1a: Venusaur|Growth|p1a: Venusaur
|-boost|p1a: Venusaur|atk|2
|-boost|p1a: Venusaur|spa|2
|
|-weather|SunnyDay|[upkeep]
|-heal|p1a: Venusaur|50/100|[from] item: Black Sludge
|upkeep
|turn|20
|
|t:|1758342126
|move|p1a: Venusaur|Sludge Bomb|p2a: Moltres
|-damage|p2a: Moltres|0 fnt
|faint|p2a: Moltres
|
|-weather|none
|-heal|p1a: Venusaur|56/100|[from] item: Black Sludge
|upkeep
|
|t:|1758342135
|switch|p2a: Deoxys|Deoxys-Speed|100/100
|-ability|p2a: Deoxys|Pressure
|turn|21
|
|t:|1758342142
|move|p2a: Deoxys|Ice Beam|p1a: Venusaur
|-supereffective|p1a: Venusaur
|-damage|p1a: Venusaur|0 fnt
|faint|p1a: Venusaur
|-damage|p2a: Deoxys|91/100|[from] item: Life Orb
|
|upkeep
|
|t:|1758342149
|switch|p1a: Raging Bolt|Raging Bolt|74/100
|-damage|p1a: Raging Bolt|61/100|[from] Stealth Rock
|-damage|p1a: Raging Bolt|49/100|[from] Spikes
|turn|22
|
|t:|1758342155
|switch|p2a: Clodsire|Clodsire, F, shiny|100/100
|move|p1a: Raging Bolt|Draco Meteor|p2a: Clodsire|[miss]
|-miss|p1a: Raging Bolt|p2a: Clodsire
|
|upkeep
|turn|23
|
|t:|1758342165
|-end|p1a: Raging Bolt|Protosynthesis|[silent]
|switch|p1a: Great Tusk|Great Tusk|100/100
|move|p2a: Clodsire|Recover||[still]
|-fail|p2a: Clodsire|heal
|
|upkeep
|turn|24
|
|t:|1758342172
|-end|p1a: Great Tusk|Protosynthesis|[silent]
|switch|p1a: Arcanine|Arcanine-Hisui, F|63/100
|-damage|p1a: Arcanine|39/100|[from] Stealth Rock
|-damage|p1a: Arcanine|26/100|[from] Spikes
|switch|p2a: Sinistcha|Sinistcha-Masterpiece|88/100
|
|upkeep
|turn|25
|
|t:|1758342182
|switch|p2a: Clodsire|Clodsire, F, shiny|100/100
|move|p1a: Arcanine|Flare Blitz|p2a: Clodsire
|-damage|p2a: Clodsire|35/100
|
|-heal|p2a: Clodsire|41/100|[from] item: Black Sludge
|upkeep
|turn|26
|
|t:|1758342199
|move|p1a: Arcanine|Flare Blitz|p2a: Clodsire
|-damage|p2a: Clodsire|0 fnt
|faint|p2a: Clodsire
|
|upkeep
|
|t:|1758342204
|switch|p2a: Samurott|Samurott-Hisui, M|68/100
|turn|27
|
|t:|1758342213
|switch|p1a: Raging Bolt|Raging Bolt|49/100
|-damage|p1a: Raging Bolt|37/100|[from] Stealth Rock
|-damage|p1a: Raging Bolt|25/100|[from] Spikes
|move|p2a: Samurott|Aqua Jet|p1a: Raging Bolt
|-resisted|p1a: Raging Bolt
|-damage|p1a: Raging Bolt|18/100
|
|upkeep
|turn|28
|
|t:|1758342226
|move|p2a: Samurott|Aqua Jet|p1a: Raging Bolt
|-resisted|p1a: Raging Bolt
|-damage|p1a: Raging Bolt|11/100
|move|p1a: Raging Bolt|Thunderbolt|p2a: Samurott
|-supereffective|p2a: Samurott
|-damage|p2a: Samurott|12/100
|
|upkeep
|turn|29
|
|t:|1758342237
|move|p2a: Samurott|Aqua Jet|p1a: Raging Bolt
|-resisted|p1a: Raging Bolt
|-damage|p1a: Raging Bolt|4/100
|move|p1a: Raging Bolt|Thunderbolt|p2a: Samurott
|-supereffective|p2a: Samurott
|-damage|p2a: Samurott|0 fnt
|faint|p2a: Samurott
|
|upkeep
|
|t:|1758342250
|switch|p2a: Sinistcha|Sinistcha-Masterpiece|88/100
|turn|30
|
|t:|1758342254
|move|p1a: Raging Bolt|Thunderbolt|p2a: Sinistcha
|-resisted|p2a: Sinistcha
|-damage|p2a: Sinistcha|61/100
|move|p2a: Sinistcha|Strength Sap|p1a: Raging Bolt
|-unboost|p1a: Raging Bolt|atk|1
|-heal|p2a: Sinistcha|100/100
|
|upkeep
|turn|31
|
|t:|1758342263
|move|p1a: Raging Bolt|Thunderbolt|p2a: Sinistcha
|-resisted|p2a: Sinistcha
|-damage|p2a: Sinistcha|72/100
|move|p2a: Sinistcha|Calm Mind|p2a: Sinistcha
|-boost|p2a: Sinistcha|spa|1
|-boost|p2a: Sinistcha|spd|1
|
|upkeep
|turn|32
|
|t:|1758342271
|-end|p1a: Raging Bolt|Protosynthesis|[silent]
|switch|p1a: Arcanine|Arcanine-Hisui, F|26/100
|-damage|p1a: Arcanine|1/100|[from] Stealth Rock
|-damage|p1a: Arcanine|0 fnt|[from] Spikes
|faint|p1a: Arcanine
|move|p2a: Sinistcha|Strength Sap|p1: Arcanine|[notarget]
|-fail|p2a: Sinistcha
|
|upkeep
|
|t:|1758342281
|switch|p1a: Walking Wake|Walking Wake|79/100
|-damage|p1a: Walking Wake|67/100|[from] Stealth Rock
|-damage|p1a: Walking Wake|54/100|[from] Spikes
|turn|33
|
|t:|1758342287
|move|p1a: Walking Wake|Draco Meteor|p2a: Sinistcha
|-damage|p2a: Sinistcha|0 fnt
|-unboost|p1a: Walking Wake|spa|2
|faint|p2a: Sinistcha
|
|upkeep
|
|t:|1758342309
|switch|p2a: Deoxys|Deoxys-Speed|91/100
|-ability|p2a: Deoxys|Pressure
|turn|34
|
|t:|1758342327
|-end|p1a: Walking Wake|Protosynthesis|[silent]
|switch|p1a: Raging Bolt|Raging Bolt|4/100
|-damage|p1a: Raging Bolt|0 fnt|[from] Stealth Rock
|faint|p1a: Raging Bolt
|-end|p1a: Raging Bolt|Protosynthesis|[silent]
|move|p2a: Deoxys|Nasty Plot|p2a: Deoxys
|-boost|p2a: Deoxys|spa|2
|
|upkeep
|
|t:|1758342334
|switch|p1a: Great Tusk|Great Tusk|100/100
|turn|35
|
|t:|1758342340
|-terastallize|p1a: Great Tusk|Ground
|move|p2a: Deoxys|Energy Ball|p1a: Great Tusk
|-supereffective|p1a: Great Tusk
|-damage|p1a: Great Tusk|0 fnt
|faint|p1a: Great Tusk
|-end|p1a: Great Tusk|Protosynthesis|[silent]
|-damage|p2a: Deoxys|81/100|[from] item: Life Orb
|
|upkeep
|
|t:|1758342342
|switch|p1a: Walking Wake|Walking Wake|54/100
|-damage|p1a: Walking Wake|42/100|[from] Stealth Rock
|-damage|p1a: Walking Wake|30/100|[from] Spikes
|turn|36
|
|t:|1758342357
|move|p2a: Deoxys|Energy Ball|p1a: Walking Wake
|-damage|p1a: Walking Wake|0 fnt
|faint|p1a: Walking Wake
|-end|p1a: Walking Wake|Protosynthesis|[silent]
|-damage|p2a: Deoxys|71/100|[from] item: Life Orb
|
|win|castillo919
|raw|snoppp's rating: 1325 &rarr; <strong>1304</strong><br />(-21 for losing)
|raw|castillo919's rating: 1312 &rarr; <strong>1333</strong><br />(+21 for winning)
|l|☆snoppp
|player|p1|
|l|☆castillo919
|player|p2|
