|j|☆gxld09
|j|☆Silky2smooth
|t:|1758377890
|gametype|singles
|player|p1|gxld09|marley|1428
|player|p2|Silky2smooth|169|1425
|gen|9
|tier|[Gen 9] OU
|rated|
|rule|HP Percentage Mod: HP is shown in percentages
|rule|Endless Battle Clause: Forcing endless battles is banned
|rule|Species Clause: Limit one of each Pokémon
|rule|OHKO Clause: OHKO moves are banned
|rule|Evasion Items Clause: Evasion items are banned
|rule|Evasion Moves Clause: Evasion moves are banned
|rule|Evasion Abilities Clause: Evasion abilities are banned
|rule|Sleep Moves Clause: Sleep-inducing moves are banned
|clearpoke
|poke|p1|Toxtricity, F|
|poke|p1|Blissey, F|
|poke|p1|Clefable, F|
|poke|p1|Zapdos|
|poke|p1|Dragonite, F|
|poke|p1|Garganacl, F|
|poke|p2|Pelipper, F|
|poke|p2|Toxicroak, F|
|poke|p2|Slowking-Galar, M|
|poke|p2|Zapdos|
|poke|p2|Iron Treads|
|poke|p2|Barraskewda, F|
|teampreview
|
|t:|1758377899
|teamsize|p1|6
|teamsize|p2|6
|start
|switch|p1a: Clefable|Clefable, F|100/100
|switch|p2a: Iron Treads|Iron Treads|100/100
|turn|1
|inactive|Battle timer is ON: inactive players will automatically lose when time's up. (requested by gxld09)
|
|t:|1758377906
|move|p2a: Iron Treads|Stealth Rock|p1a: Clefable
|-sidestart|p1: gxld09|move: Stealth Rock
|move|p1a: Clefable|Knock Off|p2a: Iron Treads
|-damage|p2a: Iron Treads|89/100
|-enditem|p2a: Iron Treads|Leftovers|[from] move: Knock Off|[of] p1a: Clefable
|
|upkeep
|turn|2
|
|t:|1758377936
|switch|p1a: Zapdos|Zapdos|100/100
|move|p2a: Iron Treads|Volt Switch|p1a: Zapdos
|-damage|p1a: Zapdos|91/100
|inactive|Silky2smooth has 120 seconds left.
|inactive|Silky2smooth has 90 seconds left.
|
|t:|1758378018
|-end|p2a: Iron Treads|Quark Drive|[silent]
|switch|p2a: Slowking|Slowking-Galar, M|100/100|[from] Volt Switch
|
|upkeep
|turn|3
|
|t:|1758378031
|move|p1a: Zapdos|U-turn|p2a: Slowking
|-damage|p2a: Slowking|86/100
|
|t:|1758378037
|switch|p1a: Blissey|Blissey, F|100/100|[from] U-turn
|move|p2a: Slowking|Psychic Noise|p1a: Blissey
|-damage|p1a: Blissey|88/100
|-start|p1a: Blissey|move: Heal Block
|
|upkeep
|turn|4
|
|t:|1758378047
|move|p1a: Blissey|Thunder Wave|p2a: Slowking
|-status|p2a: Slowking|par
|cant|p2a: Slowking|par
|
|-end|p1a: Blissey|move: Heal Block
|upkeep
|turn|5
|
|t:|1758378056
|move|p1a: Blissey|Seismic Toss|p2a: Slowking
|-damage|p2a: Slowking|60/100 par
|move|p2a: Slowking|Sludge Bomb|p1a: Blissey
|-damage|p1a: Blissey|72/100
|-status|p1a: Blissey|psn
|
|-damage|p1a: Blissey|60/100 psn|[from] psn
|upkeep
|turn|6
|inactive|Silky2smooth has 90 seconds left.
|
|t:|1758378079
|-curestatus|p1a: Blissey|psn|[from] ability: Natural Cure
|switch|p1a: Garganacl|Garganacl, F|100/100
|-damage|p1a: Garganacl|88/100|[from] Stealth Rock
|switch|p2a: Pelipper|Pelipper, F|100/100
|-weather|RainDance|[from] ability: Drizzle|[of] p2a: Pelipper
|
|-weather|RainDance|[upkeep]
|-heal|p1a: Garganacl|94/100|[from] item: Leftovers
|upkeep
|turn|7
|inactive|Silky2smooth has 90 seconds left.
|
|t:|1758378097
|move|p2a: Pelipper|Weather Ball|p1a: Garganacl
|-supereffective|p1a: Garganacl
|-damage|p1a: Garganacl|14/100
|move|p1a: Garganacl|Salt Cure|p2a: Pelipper
|-supereffective|p2a: Pelipper
|-damage|p2a: Pelipper|79/100
|-start|p2a: Pelipper|Salt Cure
|
|-weather|RainDance|[upkeep]
|-heal|p1a: Garganacl|20/100|[from] item: Leftovers
|-damage|p2a: Pelipper|55/100|[from] Salt Cure
|upkeep
|turn|8
|
|t:|1758378109
|switch|p2a: Zapdos|Zapdos|100/100
|-ability|p2a: Zapdos|Pressure
|switch|p1a: Blissey|Blissey, F|60/100
|
|-weather|RainDance|[upkeep]
|upkeep
|turn|9
|
|t:|1758378122
|-terastallize|p2a: Zapdos|Flying
|move|p2a: Zapdos|Hurricane|p1a: Blissey
|-damage|p1a: Blissey|23/100
|-start|p1a: Blissey|confusion
|-activate|p1a: Blissey|confusion
|-damage|p1a: Blissey|23/100|[from] confusion
|
|-weather|RainDance|[upkeep]
|upkeep
|turn|10
|
|t:|1758378132
|switch|p1a: Zapdos|Zapdos|91/100
|move|p2a: Zapdos|Hurricane|p1a: Zapdos
|-resisted|p1a: Zapdos
|-damage|p1a: Zapdos|32/100
|
|-weather|RainDance|[upkeep]
|upkeep
|turn|11
|
|t:|1758378140
|move|p2a: Zapdos|Hurricane|p1a: Zapdos
|-resisted|p1a: Zapdos
|-damage|p1a: Zapdos|0 fnt
|faint|p1a: Zapdos
|
|-weather|RainDance|[upkeep]
|upkeep
|
|t:|1758378145
|switch|p1a: Toxtricity|Toxtricity, F|100/100
|-damage|p1a: Toxtricity|88/100|[from] Stealth Rock
|turn|12
|
|t:|1758378154
|move|p1a: Toxtricity|Overdrive|p2a: Zapdos
|-supereffective|p2a: Zapdos
|-damage|p2a: Zapdos|0 fnt
|faint|p2a: Zapdos
|
|-weather|RainDance|[upkeep]
|upkeep
|
|t:|1758378161
|switch|p2a: Barraskewda|Barraskewda, F|100/100
|turn|13
|
|t:|1758378170
|switch|p1a: Clefable|Clefable, F|100/100
|move|p2a: Barraskewda|Flip Turn|p1a: Clefable
|-damage|p1a: Clefable|47/100
|
|t:|1758378181
|switch|p2a: Slowking|Slowking-Galar, M|94/100 par|[from] Flip Turn
|
|-weather|none
|-heal|p1a: Clefable|53/100|[from] item: Leftovers
|upkeep
|turn|14
|
|t:|1758378192
|switch|p1a: Blissey|Blissey, F|23/100
|switch|p2a: Pelipper|Pelipper, F|55/100
|-weather|RainDance|[from] ability: Drizzle|[of] p2a: Pelipper
|
|-weather|RainDance|[upkeep]
|upkeep
|turn|15
|
|t:|1758378204
|switch|p2a: Barraskewda|Barraskewda, F|100/100
|move|p1a: Blissey|Soft-Boiled|p1a: Blissey
|-heal|p1a: Blissey|73/100
|
|-weather|RainDance|[upkeep]
|upkeep
|turn|16
|
|t:|1758378212
|switch|p1a: Garganacl|Garganacl, F|20/100
|-damage|p1a: Garganacl|7/100|[from] Stealth Rock
|move|p2a: Barraskewda|Liquidation|p1a: Garganacl
|-supereffective|p1a: Garganacl
|-damage|p1a: Garganacl|0 fnt
|faint|p1a: Garganacl
|
|-weather|RainDance|[upkeep]
|upkeep
|
|t:|1758378227
|switch|p1a: Dragonite|Dragonite, F|100/100
|turn|17
|
|t:|1758378233
|switch|p2a: Toxicroak|Toxicroak, F|100/100
|move|p1a: Dragonite|Dragon Dance|p1a: Dragonite
|-boost|p1a: Dragonite|atk|1
|-boost|p1a: Dragonite|spe|1
|
|-weather|RainDance|[upkeep]
|upkeep
|turn|18
|inactive|Silky2smooth has 120 seconds left.
|
|t:|1758378248
|switch|p1a: Toxtricity|Toxtricity, F|88/100
|-damage|p1a: Toxtricity|76/100|[from] Stealth Rock
|move|p2a: Toxicroak|Encore||[still]
|-fail|p2a: Toxicroak
|
|-weather|RainDance|[upkeep]
|upkeep
|turn|19
|
|t:|1758378258
|switch|p2a: Iron Treads|Iron Treads|89/100
|move|p1a: Toxtricity|Boomburst|p2a: Iron Treads
|-resisted|p2a: Iron Treads
|-damage|p2a: Iron Treads|67/100
|
|-weather|RainDance|[upkeep]
|upkeep
|turn|20
|
|t:|1758378271
|switch|p1a: Clefable|Clefable, F|53/100
|move|p2a: Iron Treads|Volt Switch|p1a: Clefable
|-damage|p1a: Clefable|43/100
|
|t:|1758378278
|-end|p2a: Iron Treads|Quark Drive|[silent]
|switch|p2a: Barraskewda|Barraskewda, F|100/100|[from] Volt Switch
|
|-weather|RainDance|[upkeep]
|-heal|p1a: Clefable|49/100|[from] item: Leftovers
|upkeep
|turn|21
|
|t:|1758378292
|-terastallize|p1a: Clefable|Water
|move|p2a: Barraskewda|Flip Turn|p1a: Clefable
|-resisted|p1a: Clefable
|-damage|p1a: Clefable|18/100
|
|t:|1758378299
|switch|p2a: Iron Treads|Iron Treads|67/100|[from] Flip Turn
|move|p1a: Clefable|Thunder Wave|p2a: Iron Treads
|-immune|p2a: Iron Treads
|
|-weather|none
|-heal|p1a: Clefable|24/100|[from] item: Leftovers
|upkeep
|turn|22
|
|t:|1758378311
|move|p2a: Iron Treads|Volt Switch|p1a: Clefable
|-supereffective|p1a: Clefable
|-damage|p1a: Clefable|4/100
|
|t:|1758378319
|-end|p2a: Iron Treads|Quark Drive|[silent]
|switch|p2a: Pelipper|Pelipper, F|55/100|[from] Volt Switch
|-weather|RainDance|[from] ability: Drizzle|[of] p2a: Pelipper
|move|p1a: Clefable|Moonlight|p1a: Clefable
|-heal|p1a: Clefable|28/100
|
|-weather|RainDance|[upkeep]
|-heal|p1a: Clefable|35/100|[from] item: Leftovers
|upkeep
|turn|23
|inactive|Silky2smooth has 120 seconds left.
|
|t:|1758378342
|move|p1a: Clefable|Knock Off|p2a: Pelipper
|-damage|p2a: Pelipper|42/100
|-enditem|p2a: Pelipper|Damp Rock|[from] move: Knock Off|[of] p1a: Clefable
|move|p2a: Pelipper|U-turn|p1a: Clefable
|-damage|p1a: Clefable|27/100
|inactive|Silky2smooth has 120 seconds left.
|
|t:|1758378351
|switch|p2a: Barraskewda|Barraskewda, F|100/100|[from] U-turn
|
|-weather|RainDance|[upkeep]
|-heal|p1a: Clefable|33/100|[from] item: Leftovers
|upkeep
|turn|24
|inactive|Silky2smooth has 120 seconds left.
|
|t:|1758378376
|move|p2a: Barraskewda|Flip Turn|p1a: Clefable
|-resisted|p1a: Clefable
|-damage|p1a: Clefable|5/100
|
|t:|1758378381
|switch|p2a: Iron Treads|Iron Treads|67/100|[from] Flip Turn
|move|p1a: Clefable|Knock Off|p2a: Iron Treads
|-damage|p2a: Iron Treads|59/100
|
|-weather|RainDance|[upkeep]
|-heal|p1a: Clefable|11/100|[from] item: Leftovers
|upkeep
|turn|25
|
|t:|1758378390
|switch|p1a: Toxtricity|Toxtricity, F|76/100
|-damage|p1a: Toxtricity|63/100|[from] Stealth Rock
|move|p2a: Iron Treads|Volt Switch|p1a: Toxtricity
|-resisted|p1a: Toxtricity
|-damage|p1a: Toxtricity|54/100
|
|t:|1758378400
|-end|p2a: Iron Treads|Quark Drive|[silent]
|switch|p2a: Barraskewda|Barraskewda, F|100/100|[from] Volt Switch
|
|-weather|RainDance|[upkeep]
|upkeep
|turn|26
|
|t:|1758378407
|move|p2a: Barraskewda|Flip Turn|p1a: Toxtricity
|-damage|p1a: Toxtricity|0 fnt
|faint|p1a: Toxtricity
|
|t:|1758378414
|switch|p2a: Toxicroak|Toxicroak, F|100/100|[from] Flip Turn
|
|-weather|RainDance|[upkeep]
|upkeep
|
|t:|1758378426
|switch|p1a: Dragonite|Dragonite, F|100/100
|turn|27
|
|t:|1758378436
|switch|p1a: Clefable|Clefable, F, tera:Water|11/100
|move|p2a: Toxicroak|Toxic|p1a: Clefable
|-status|p1a: Clefable|tox
|
|-weather|RainDance|[upkeep]
|-heal|p1a: Clefable|18/100 tox|[from] item: Leftovers
|upkeep
|turn|28
|inactive|Silky2smooth has 120 seconds left.
|
|t:|1758378475
|switch|p2a: Slowking|Slowking-Galar, M|100/100 par
|move|p1a: Clefable|Thunder Wave|p2a: Slowking
|-fail|p2a: Slowking|par
|
|-weather|RainDance|[upkeep]
|-heal|p1a: Clefable|24/100 tox|[from] item: Leftovers
|upkeep
|turn|29
|
|t:|1758378486
|switch|p1a: Blissey|Blissey, F|73/100
|move|p2a: Slowking|Sludge Bomb|p1a: Blissey
|-damage|p1a: Blissey|59/100
|-status|p1a: Blissey|psn
|
|-weather|none
|-damage|p1a: Blissey|46/100 psn|[from] psn
|upkeep
|turn|30
|
|t:|1758378497
|switch|p2a: Pelipper|Pelipper, F|42/100
|-weather|RainDance|[from] ability: Drizzle|[of] p2a: Pelipper
|move|p1a: Blissey|Thunder Wave|p2a: Pelipper
|-status|p2a: Pelipper|par
|
|-weather|RainDance|[upkeep]
|-damage|p1a: Blissey|34/100 psn|[from] psn
|upkeep
|turn|31
|
|t:|1758378507
|-curestatus|p1a: Blissey|psn|[from] ability: Natural Cure
|switch|p1a: Clefable|Clefable, F, tera:Water|24/100 tox
|move|p2a: Pelipper|U-turn|p1a: Clefable
|-damage|p1a: Clefable|16/100 tox
|
|t:|1758378514
|switch|p2a: Barraskewda|Barraskewda, F|100/100|[from] U-turn
|
|-weather|RainDance|[upkeep]
|-heal|p1a: Clefable|22/100 tox|[from] item: Leftovers
|upkeep
|turn|32
|
|t:|1758378538
|move|p2a: Barraskewda|Flip Turn|p1a: Clefable
|-resisted|p1a: Clefable
|-damage|p1a: Clefable|0 fnt
|faint|p1a: Clefable
|
|t:|1758378544
|switch|p2a: Toxicroak|Toxicroak, F|100/100|[from] Flip Turn
|
|-weather|RainDance|[upkeep]
|upkeep
|
|t:|1758378555
|switch|p1a: Dragonite|Dragonite, F|100/100
|turn|33
|
|t:|1758378561
|switch|p1a: Blissey|Blissey, F|34/100
|move|p2a: Toxicroak|Toxic|p1a: Blissey
|-status|p1a: Blissey|tox
|
|-weather|RainDance|[upkeep]
|-damage|p1a: Blissey|28/100 tox|[from] psn
|upkeep
|turn|34
|
|t:|1758378571
|move|p2a: Toxicroak|Drain Punch|p1a: Blissey
|-supereffective|p1a: Blissey
|-damage|p1a: Blissey|0 fnt
|faint|p1a: Blissey
|
|-weather|none
|upkeep
|
|t:|1758378573
|switch|p1a: Dragonite|Dragonite, F|100/100
|turn|35
|
|t:|1758378582
|move|p1a: Dragonite|Dragon Dance|p1a: Dragonite
|-boost|p1a: Dragonite|atk|1
|-boost|p1a: Dragonite|spe|1
|move|p2a: Toxicroak|Toxic|p1a: Dragonite
|-status|p1a: Dragonite|tox
|
|-damage|p1a: Dragonite|94/100 tox|[from] psn
|upkeep
|turn|36
|
|t:|1758378592
|move|p1a: Dragonite|Fire Punch|p2a: Toxicroak
|-damage|p2a: Toxicroak|56/100
|-damage|p1a: Dragonite|78/100 tox|[from] item: Rocky Helmet|[of] p2a: Toxicroak
|move|p2a: Toxicroak|Encore|p1a: Dragonite
|-start|p1a: Dragonite|Encore
|
|-damage|p1a: Dragonite|66/100 tox|[from] psn
|upkeep
|turn|37
|-message|gxld09 forfeited.
|
|win|Silky2smooth
|raw|gxld09's rating: 1428 &rarr; <strong>1408</strong><br />(-20 for losing)
|raw|Silky2smooth's rating: 1425 &rarr; <strong>1445</strong><br />(+20 for winning)
|l|☆gxld09
|player|p1|
|l|☆Silky2smooth
|player|p2|
