|j|☆OscarGamble
|j|☆will1994
|t:|1758290035
|gametype|singles
|player|p1|OscarGamble|266|1456
|player|p2|will1994|red|1508
|gen|9
|tier|[Gen 9] OU
|rated|
|rule|HP Percentage Mod: HP is shown in percentages
|rule|Endless Battle Clause: Forcing endless battles is banned
|rule|Species Clause: Limit one of each Pokémon
|rule|OHKO Clause: OHKO moves are banned
|rule|Evasion Items Clause: Evasion items are banned
|rule|Evasion Moves Clause: Evasion moves are banned
|rule|Evasion Abilities Clause: Evasion abilities are banned
|rule|Sleep Moves Clause: Sleep-inducing moves are banned
|clearpoke
|poke|p1|Alomomola, M|
|poke|p1|Hydrapple, F|
|poke|p1|Scizor, M|
|poke|p1|Gholdengo|
|poke|p1|Great Tusk|
|poke|p1|Kyurem|
|poke|p2|Rillaboom, M|
|poke|p2|Charizard, F|
|poke|p2|Corviknight, M|
|poke|p2|Kleavor, M|
|poke|p2|Clodsire, F|
|poke|p2|Samurott-Hisui, F|
|teampreview
|inactive|Battle timer is ON: inactive players will automatically lose when time's up. (requested by will1994)
|
|t:|1758290062
|teamsize|p1|6
|teamsize|p2|6
|start
|switch|p1a: Alomomola|Alomomola, M|100/100
|switch|p2a: Kleavor|Kleavor, M|100/100
|turn|1
|
|t:|1758290068
|move|p2a: Kleavor|Stone Axe|p1a: Alomomola
|-damage|p1a: Alomomola|69/100
|-sidestart|p1: OscarGamble|move: Stealth Rock
|move|p1a: Alomomola|Scald|p2a: Kleavor
|-supereffective|p2a: Kleavor
|-damage|p2a: Kleavor|53/100
|
|upkeep
|turn|2
|
|t:|1758290094
|switch|p2a: Charizard|Charizard, F|100/100
|move|p1a: Alomomola|Flip Turn|p2a: Charizard
|-supereffective|p2a: Charizard
|-damage|p2a: Charizard|50/100
|
|t:|1758290104
|switch|p1a: Hydrapple|Hydrapple, F|100/100|[from] Flip Turn
|-damage|p1a: Hydrapple|88/100|[from] Stealth Rock
|
|upkeep
|turn|3
|
|t:|1758290108
|switch|p1a: Alomomola|Alomomola, M|100/100
|-damage|p1a: Alomomola|88/100|[from] Stealth Rock
|-terastallize|p2a: Charizard|Fire
|move|p2a: Charizard|Overheat|p1a: Alomomola|[miss]
|-miss|p2a: Charizard|p1a: Alomomola
|
|upkeep
|turn|4
|
|t:|1758290116
|switch|p2a: Samurott|Samurott-Hisui, F|100/100
|move|p1a: Alomomola|Flip Turn|p2a: Samurott
|-resisted|p2a: Samurott
|-damage|p2a: Samurott|91/100
|
|t:|1758290123
|switch|p1a: Great Tusk|Great Tusk|100/100|[from] Flip Turn
|
|upkeep
|turn|5
|
|t:|1758290127
|switch|p2a: Corviknight|Corviknight, M|100/100
|-ability|p2a: Corviknight|Pressure
|move|p1a: Great Tusk|Rapid Spin|p2a: Corviknight
|-resisted|p2a: Corviknight
|-damage|p2a: Corviknight|96/100
|-boost|p1a: Great Tusk|spe|1
|-damage|p1a: Great Tusk|84/100|[from] item: Rocky Helmet|[of] p2a: Corviknight
|-sideend|p1: OscarGamble|Stealth Rock|[from] move: Rapid Spin|[of] p1a: Great Tusk
|
|upkeep
|turn|6
|
|t:|1758290133
|-end|p1a: Great Tusk|Protosynthesis|[silent]
|switch|p1a: Hydrapple|Hydrapple, F|100/100
|move|p2a: Corviknight|U-turn|p1a: Hydrapple
|-supereffective|p1a: Hydrapple
|-damage|p1a: Hydrapple|85/100
|-damage|p2a: Corviknight|80/100|[from] item: Rocky Helmet|[of] p1a: Hydrapple
|
|t:|1758290136
|switch|p2a: Charizard|Charizard, F, tera:Fire|50/100|[from] U-turn
|
|upkeep
|turn|7
|
|t:|1758290139
|switch|p1a: Alomomola|Alomomola, M|100/100
|move|p2a: Charizard|Overheat|p1a: Alomomola
|-resisted|p1a: Alomomola
|-damage|p1a: Alomomola|68/100
|-unboost|p2a: Charizard|spa|2
|
|upkeep
|turn|8
|
|t:|1758290144
|switch|p2a: Samurott|Samurott-Hisui, F|91/100
|move|p1a: Alomomola|Flip Turn|p2a: Samurott
|-resisted|p2a: Samurott
|-damage|p2a: Samurott|81/100
|
|t:|1758290153
|switch|p1a: Hydrapple|Hydrapple, F|100/100|[from] Flip Turn
|
|upkeep
|turn|9
|
|t:|1758290158
|switch|p2a: Corviknight|Corviknight, M|80/100
|-ability|p2a: Corviknight|Pressure
|move|p1a: Hydrapple|Fickle Beam|p2a: Corviknight|[anim] Fickle Beam All Out
|-activate|p1a: Hydrapple|move: Fickle Beam
|-resisted|p2a: Corviknight
|-damage|p2a: Corviknight|50/100
|
|upkeep
|turn|10
|
|t:|1758290163
|move|p2a: Corviknight|Roost|p2a: Corviknight
|-heal|p2a: Corviknight|99/100
|-singleturn|p2a: Corviknight|move: Roost
|move|p1a: Hydrapple|Nasty Plot|p1a: Hydrapple
|-boost|p1a: Hydrapple|spa|2
|
|upkeep
|turn|11
|
|t:|1758290166
|move|p2a: Corviknight|U-turn|p1a: Hydrapple
|-supereffective|p1a: Hydrapple
|-damage|p1a: Hydrapple|84/100
|-damage|p2a: Corviknight|84/100|[from] item: Rocky Helmet|[of] p1a: Hydrapple
|
|t:|1758290170
|switch|p2a: Clodsire|Clodsire, F|100/100|[from] U-turn
|move|p1a: Hydrapple|Nasty Plot|p1a: Hydrapple
|-boost|p1a: Hydrapple|spa|2
|
|upkeep
|turn|12
|
|t:|1758290178
|move|p1a: Hydrapple|Earth Power|p2a: Clodsire
|-supereffective|p2a: Clodsire
|-damage|p2a: Clodsire|63/100
|move|p2a: Clodsire|Stockpile|p2a: Clodsire
|-start|p2a: Clodsire|stockpile1
|-boost|p2a: Clodsire|def|1
|-boost|p2a: Clodsire|spd|1
|
|-heal|p2a: Clodsire|70/100|[from] item: Leftovers
|upkeep
|turn|13
|
|t:|1758290184
|move|p1a: Hydrapple|Fickle Beam|p2a: Clodsire|[anim] Fickle Beam All Out
|-activate|p1a: Hydrapple|move: Fickle Beam
|-damage|p2a: Clodsire|35/100
|move|p2a: Clodsire|Toxic|p1a: Hydrapple
|-status|p1a: Hydrapple|tox
|
|-heal|p2a: Clodsire|41/100|[from] item: Leftovers
|-damage|p1a: Hydrapple|78/100 tox|[from] psn
|upkeep
|turn|14
|
|t:|1758290192
|switch|p1a: Great Tusk|Great Tusk|84/100
|move|p2a: Clodsire|Recover|p2a: Clodsire
|-heal|p2a: Clodsire|91/100
|
|-heal|p2a: Clodsire|98/100|[from] item: Leftovers
|upkeep
|turn|15
|
|t:|1758290200
|-end|p1a: Great Tusk|Protosynthesis|[silent]
|switch|p1a: Scizor|Scizor, M|100/100
|move|p2a: Clodsire|Toxic|p1a: Scizor
|-immune|p1a: Scizor
|
|-heal|p2a: Clodsire|100/100|[from] item: Leftovers
|upkeep
|turn|16
|
|t:|1758290202
|move|p1a: Scizor|Knock Off|p2a: Clodsire
|-damage|p2a: Clodsire|82/100
|-enditem|p2a: Clodsire|Leftovers|[from] move: Knock Off|[of] p1a: Scizor
|move|p2a: Clodsire|Stockpile|p2a: Clodsire
|-start|p2a: Clodsire|stockpile2
|-boost|p2a: Clodsire|def|1
|-boost|p2a: Clodsire|spd|1
|
|upkeep
|turn|17
|
|t:|1758290209
|move|p1a: Scizor|Bullet Punch|p2a: Clodsire
|-crit|p2a: Clodsire
|-damage|p2a: Clodsire|46/100
|move|p2a: Clodsire|Body Press|p1a: Scizor
|-damage|p1a: Scizor|61/100
|
|upkeep
|turn|18
|
|t:|1758290216
|move|p1a: Scizor|U-turn|p2a: Clodsire
|-resisted|p2a: Clodsire
|-damage|p2a: Clodsire|39/100
|
|t:|1758290219
|switch|p1a: Kyurem|Kyurem|100/100|[from] U-turn
|-ability|p1a: Kyurem|Pressure
|move|p2a: Clodsire|Recover|p2a: Clodsire
|-heal|p2a: Clodsire|89/100
|
|upkeep
|turn|19
|
|t:|1758290226
|switch|p1a: Gholdengo|Gholdengo|100/100
|move|p2a: Clodsire|Toxic|p1a: Gholdengo
|-immune|p1a: Gholdengo|[from] ability: Good as Gold
|
|upkeep
|turn|20
|
|t:|1758290230
|switch|p2a: Samurott|Samurott-Hisui, F|81/100
|move|p1a: Gholdengo|Trick|p2a: Samurott
|-activate|p1a: Gholdengo|move: Trick|[of] p2a: Samurott
|-item|p2a: Samurott|Choice Scarf|[from] move: Trick
|-item|p1a: Gholdengo|Assault Vest|[from] move: Trick
|
|upkeep
|turn|21
|
|t:|1758290236
|switch|p1a: Hydrapple|Hydrapple, F|100/100 tox
|move|p2a: Samurott|Ceaseless Edge|p1a: Hydrapple
|-damage|p1a: Hydrapple|79/100 tox
|-damage|p2a: Samurott|65/100|[from] item: Rocky Helmet|[of] p1a: Hydrapple
|-sidestart|p1: OscarGamble|Spikes
|
|-damage|p1a: Hydrapple|73/100 tox|[from] psn
|upkeep
|turn|22
|
|t:|1758290246
|switch|p2a: Corviknight|Corviknight, M|84/100
|-ability|p2a: Corviknight|Pressure
|switch|p1a: Great Tusk|Great Tusk|84/100
|
|upkeep
|turn|23
|
|t:|1758290250
|move|p1a: Great Tusk|Rapid Spin|p2a: Corviknight
|-resisted|p2a: Corviknight
|-damage|p2a: Corviknight|80/100
|-boost|p1a: Great Tusk|spe|1
|-damage|p1a: Great Tusk|67/100|[from] item: Rocky Helmet|[of] p2a: Corviknight
|-sideend|p1: OscarGamble|Spikes|[from] move: Rapid Spin|[of] p1a: Great Tusk
|move|p2a: Corviknight|Brave Bird|p1a: Great Tusk
|-supereffective|p1a: Great Tusk
|-damage|p1a: Great Tusk|24/100
|-damage|p2a: Corviknight|64/100|[from] Recoil
|
|upkeep
|turn|24
|
|t:|1758290256
|-end|p1a: Great Tusk|Protosynthesis|[silent]
|switch|p1a: Gholdengo|Gholdengo|100/100
|move|p2a: Corviknight|Roost|p2a: Corviknight
|-heal|p2a: Corviknight|100/100
|-singleturn|p2a: Corviknight|move: Roost
|
|upkeep
|turn|25
|
|t:|1758290262
|switch|p2a: Samurott|Samurott-Hisui, F|65/100
|move|p1a: Gholdengo|Thunderbolt|p2a: Samurott
|-supereffective|p2a: Samurott
|-damage|p2a: Samurott|10/100
|
|upkeep
|turn|26
|
|t:|1758290269
|switch|p1a: Hydrapple|Hydrapple, F|100/100 tox
|move|p2a: Samurott|Ceaseless Edge|p1a: Hydrapple
|-damage|p1a: Hydrapple|82/100 tox
|-damage|p2a: Samurott|0 fnt|[from] item: Rocky Helmet|[of] p1a: Hydrapple
|faint|p2a: Samurott
|
|-damage|p1a: Hydrapple|76/100 tox|[from] psn
|upkeep
|
|t:|1758290280
|switch|p2a: Rillaboom|Rillaboom, M|100/100
|-fieldstart|move: Grassy Terrain|[from] ability: Grassy Surge|[of] p2a: Rillaboom
|turn|27
|
|t:|1758290297
|move|p2a: Rillaboom|U-turn|p1a: Hydrapple
|-supereffective|p1a: Hydrapple
|-damage|p1a: Hydrapple|34/100 tox
|-damage|p2a: Rillaboom|84/100|[from] item: Rocky Helmet|[of] p1a: Hydrapple
|
|t:|1758290300
|switch|p2a: Corviknight|Corviknight, M|100/100|[from] U-turn
|-ability|p2a: Corviknight|Pressure
|move|p1a: Hydrapple|Fickle Beam|p2a: Corviknight|[anim] Fickle Beam All Out
|-activate|p1a: Hydrapple|move: Fickle Beam
|-resisted|p2a: Corviknight
|-damage|p2a: Corviknight|68/100
|
|-heal|p1a: Hydrapple|40/100 tox|[from] Grassy Terrain
|-damage|p1a: Hydrapple|28/100 tox|[from] psn
|upkeep
|turn|28
|
|t:|1758290305
|switch|p1a: Gholdengo|Gholdengo|100/100
|move|p2a: Corviknight|U-turn|p1a: Gholdengo
|-resisted|p1a: Gholdengo
|-damage|p1a: Gholdengo|96/100
|
|t:|1758290325
|switch|p2a: Rillaboom|Rillaboom, M|84/100|[from] U-turn
|
|-heal|p1a: Gholdengo|100/100|[from] Grassy Terrain
|-heal|p2a: Rillaboom|90/100|[from] Grassy Terrain
|upkeep
|turn|29
|
|t:|1758290342
|switch|p1a: Hydrapple|Hydrapple, F|61/100 tox
|move|p2a: Rillaboom|Knock Off|p1a: Hydrapple
|-damage|p1a: Hydrapple|30/100 tox
|-damage|p2a: Rillaboom|74/100|[from] item: Rocky Helmet|[of] p1a: Hydrapple
|-enditem|p1a: Hydrapple|Rocky Helmet|[from] move: Knock Off|[of] p2a: Rillaboom
|
|-heal|p2a: Rillaboom|80/100|[from] Grassy Terrain
|-heal|p1a: Hydrapple|36/100 tox|[from] Grassy Terrain
|-damage|p1a: Hydrapple|30/100 tox|[from] psn
|upkeep
|turn|30
|
|t:|1758290354
|switch|p1a: Alomomola|Alomomola, M|100/100
|move|p2a: Rillaboom|Knock Off|p1a: Alomomola
|-damage|p1a: Alomomola|63/100
|-enditem|p1a: Alomomola|Assault Vest|[from] move: Knock Off|[of] p2a: Rillaboom
|
|-heal|p2a: Rillaboom|86/100|[from] Grassy Terrain
|-heal|p1a: Alomomola|69/100|[from] Grassy Terrain
|upkeep
|turn|31
|
|t:|1758290373
|switch|p2a: Corviknight|Corviknight, M|68/100
|-ability|p2a: Corviknight|Pressure
|move|p1a: Alomomola|Flip Turn|p2a: Corviknight
|-damage|p2a: Corviknight|59/100
|-damage|p1a: Alomomola|53/100|[from] item: Rocky Helmet|[of] p2a: Corviknight
|
|t:|1758290385
|switch|p1a: Gholdengo|Gholdengo|100/100|[from] Flip Turn
|
|-fieldend|move: Grassy Terrain
|upkeep
|turn|32
|
|t:|1758290391
|switch|p2a: Clodsire|Clodsire, F|89/100
|move|p1a: Gholdengo|Shadow Ball|p2a: Clodsire
|-damage|p2a: Clodsire|55/100
|
|upkeep
|turn|33
|
|t:|1758290397
|move|p1a: Gholdengo|Shadow Ball|p2a: Clodsire
|-damage|p2a: Clodsire|22/100
|move|p2a: Clodsire|Recover|p2a: Clodsire
|-heal|p2a: Clodsire|72/100
|
|upkeep
|turn|34
|
|t:|1758290402
|move|p1a: Gholdengo|Shadow Ball|p2a: Clodsire
|-damage|p2a: Clodsire|40/100
|-unboost|p2a: Clodsire|spd|1
|move|p2a: Clodsire|Stockpile|p2a: Clodsire
|-start|p2a: Clodsire|stockpile1
|-boost|p2a: Clodsire|def|1
|-boost|p2a: Clodsire|spd|1
|
|upkeep
|turn|35
|
|t:|1758290407
|move|p1a: Gholdengo|Shadow Ball|p2a: Clodsire
|-crit|p2a: Clodsire
|-damage|p2a: Clodsire|0 fnt
|faint|p2a: Clodsire
|
|upkeep
|
|t:|1758290411
|switch|p2a: Charizard|Charizard, F, tera:Fire|50/100
|turn|36
|
|t:|1758290421
|switch|p1a: Alomomola|Alomomola, M|86/100
|move|p2a: Charizard|Scorching Sands|p1a: Alomomola
|-damage|p1a: Alomomola|60/100
|
|upkeep
|turn|37
|
|t:|1758290430
|switch|p2a: Corviknight|Corviknight, M|59/100
|-ability|p2a: Corviknight|Pressure
|move|p1a: Alomomola|Flip Turn|p2a: Corviknight
|-damage|p2a: Corviknight|48/100
|-damage|p1a: Alomomola|43/100|[from] item: Rocky Helmet|[of] p2a: Corviknight
|
|t:|1758290434
|switch|p1a: Gholdengo|Gholdengo|100/100|[from] Flip Turn
|
|upkeep
|turn|38
|
|t:|1758290437
|switch|p2a: Rillaboom|Rillaboom, M|86/100
|-fieldstart|move: Grassy Terrain|[from] ability: Grassy Surge|[of] p2a: Rillaboom
|move|p1a: Gholdengo|Shadow Ball|p2a: Rillaboom
|-damage|p2a: Rillaboom|24/100
|
|-heal|p2a: Rillaboom|30/100|[from] Grassy Terrain
|upkeep
|turn|39
|
|t:|1758290448
|switch|p1a: Hydrapple|Hydrapple, F|63/100 tox
|move|p2a: Rillaboom|Knock Off|p1a: Hydrapple
|-damage|p1a: Hydrapple|44/100 tox
|
|-heal|p2a: Rillaboom|37/100|[from] Grassy Terrain
|-heal|p1a: Hydrapple|50/100 tox|[from] Grassy Terrain
|-damage|p1a: Hydrapple|44/100 tox|[from] psn
|upkeep
|turn|40
|
|t:|1758290456
|switch|p2a: Corviknight|Corviknight, M|48/100
|-ability|p2a: Corviknight|Pressure
|switch|p1a: Great Tusk|Great Tusk|24/100
|
|-heal|p1a: Great Tusk|30/100|[from] Grassy Terrain
|upkeep
|turn|41
|
|t:|1758290460
|move|p1a: Great Tusk|Stealth Rock|p2a: Corviknight
|-sidestart|p2: will1994|move: Stealth Rock
|move|p2a: Corviknight|Roost|p2a: Corviknight
|-heal|p2a: Corviknight|98/100
|-singleturn|p2a: Corviknight|move: Roost
|
|-heal|p1a: Great Tusk|36/100|[from] Grassy Terrain
|-heal|p2a: Corviknight|100/100|[from] Grassy Terrain
|upkeep
|turn|42
|
|t:|1758290465
|-end|p1a: Great Tusk|Protosynthesis|[silent]
|switch|p1a: Gholdengo|Gholdengo|100/100
|move|p2a: Corviknight|Defog|p1a: Gholdengo
|-immune|p1a: Gholdengo|[from] ability: Good as Gold
|
|-fieldend|move: Grassy Terrain
|upkeep
|turn|43
|
|t:|1758290473
|move|p1a: Gholdengo|Shadow Ball|p2a: Corviknight
|-damage|p2a: Corviknight|55/100
|move|p2a: Corviknight|U-turn|p1a: Gholdengo
|-resisted|p1a: Gholdengo
|-damage|p1a: Gholdengo|97/100
|
|t:|1758290482
|switch|p2a: Rillaboom|Rillaboom, M|37/100|[from] U-turn
|-damage|p2a: Rillaboom|24/100|[from] Stealth Rock
|-fieldstart|move: Grassy Terrain|[from] ability: Grassy Surge|[of] p2a: Rillaboom
|
|-heal|p1a: Gholdengo|100/100|[from] Grassy Terrain
|-heal|p2a: Rillaboom|30/100|[from] Grassy Terrain
|upkeep
|turn|44
|
|t:|1758290488
|switch|p1a: Hydrapple|Hydrapple, F|77/100 tox
|move|p2a: Rillaboom|U-turn|p1a: Hydrapple
|-supereffective|p1a: Hydrapple
|-damage|p1a: Hydrapple|30/100 tox
|
|t:|1758290496
|switch|p2a: Corviknight|Corviknight, M|55/100|[from] U-turn
|-damage|p2a: Corviknight|43/100|[from] Stealth Rock
|-ability|p2a: Corviknight|Pressure
|
|-heal|p1a: Hydrapple|36/100 tox|[from] Grassy Terrain
|-damage|p1a: Hydrapple|30/100 tox|[from] psn
|upkeep
|turn|45
|
|t:|1758290500
|switch|p1a: Gholdengo|Gholdengo|100/100
|move|p2a: Corviknight|Roost|p2a: Corviknight
|-heal|p2a: Corviknight|93/100
|-singleturn|p2a: Corviknight|move: Roost
|
|-heal|p2a: Corviknight|99/100|[from] Grassy Terrain
|upkeep
|turn|46
|
|t:|1758290506
|move|p1a: Gholdengo|Thunderbolt|p2a: Corviknight
|-supereffective|p2a: Corviknight
|-damage|p2a: Corviknight|33/100
|move|p2a: Corviknight|U-turn|p1a: Gholdengo
|-resisted|p1a: Gholdengo
|-damage|p1a: Gholdengo|96/100
|
|t:|1758290511
|switch|p2a: Rillaboom|Rillaboom, M|30/100|[from] U-turn
|-damage|p2a: Rillaboom|18/100|[from] Stealth Rock
|
|-heal|p1a: Gholdengo|100/100|[from] Grassy Terrain
|-heal|p2a: Rillaboom|24/100|[from] Grassy Terrain
|upkeep
|turn|47
|
|t:|1758290515
|switch|p1a: Hydrapple|Hydrapple, F|63/100 tox
|move|p2a: Rillaboom|Knock Off|p1a: Hydrapple
|-damage|p1a: Hydrapple|44/100 tox
|
|-heal|p2a: Rillaboom|30/100|[from] Grassy Terrain
|-heal|p1a: Hydrapple|50/100 tox|[from] Grassy Terrain
|-damage|p1a: Hydrapple|44/100 tox|[from] psn
|-fieldend|move: Grassy Terrain
|upkeep
|turn|48
|
|t:|1758290527
|switch|p1a: Scizor|Scizor, M|61/100
|move|p2a: Rillaboom|Knock Off|p1a: Scizor
|-damage|p1a: Scizor|5/100
|-enditem|p1a: Scizor|Sitrus Berry|[from] move: Knock Off|[of] p2a: Rillaboom
|
|upkeep
|turn|49
|
|t:|1758290534
|switch|p2a: Corviknight|Corviknight, M|33/100
|-damage|p2a: Corviknight|21/100|[from] Stealth Rock
|-ability|p2a: Corviknight|Pressure
|move|p1a: Scizor|Knock Off|p2a: Corviknight
|-damage|p2a: Corviknight|0 fnt
|-damage|p1a: Scizor|0 fnt|[from] item: Rocky Helmet|[of] p2a: Corviknight
|faint|p2a: Corviknight
|faint|p1a: Scizor
|
|upkeep
|
|t:|1758290541
|switch|p2a: Kleavor|Kleavor, M|53/100
|switch|p1a: Kyurem|Kyurem|100/100
|-damage|p2a: Kleavor|28/100|[from] Stealth Rock
|-ability|p1a: Kyurem|Pressure
|turn|50
|
|t:|1758290548
|move|p2a: Kleavor|Stone Axe|p1a: Kyurem
|-supereffective|p1a: Kyurem
|-damage|p1a: Kyurem|8/100
|-sidestart|p1: OscarGamble|move: Stealth Rock
|move|p1a: Kyurem|Icicle Spear|p2a: Kleavor
|-damage|p2a: Kleavor|10/100
|-damage|p2a: Kleavor|0 fnt
|faint|p2a: Kleavor
|-hitcount|p2: Kleavor|2
|
|upkeep
|
|t:|1758290554
|switch|p2a: Rillaboom|Rillaboom, M|30/100
|-damage|p2a: Rillaboom|18/100|[from] Stealth Rock
|-fieldstart|move: Grassy Terrain|[from] ability: Grassy Surge|[of] p2a: Rillaboom
|turn|51
|
|t:|1758290558
|move|p2a: Rillaboom|Grassy Glide|p1a: Kyurem
|-resisted|p1a: Kyurem
|-damage|p1a: Kyurem|0 fnt
|faint|p1a: Kyurem
|
|-heal|p2a: Rillaboom|24/100|[from] Grassy Terrain
|upkeep
|
|t:|1758290567
|switch|p1a: Hydrapple|Hydrapple, F|77/100 tox
|-damage|p1a: Hydrapple|65/100 tox|[from] Stealth Rock
|turn|52
|
|t:|1758290572
|switch|p2a: Charizard|Charizard, F, tera:Fire|50/100
|-damage|p2a: Charizard|25/100|[from] Stealth Rock
|move|p1a: Hydrapple|Fickle Beam|p2a: Charizard
|-damage|p2a: Charizard|0 fnt
|faint|p2a: Charizard
|
|-heal|p1a: Hydrapple|71/100 tox|[from] Grassy Terrain
|-damage|p1a: Hydrapple|65/100 tox|[from] psn
|upkeep
|
|t:|1758290574
|switch|p2a: Rillaboom|Rillaboom, M|24/100
|-damage|p2a: Rillaboom|12/100|[from] Stealth Rock
|turn|53
|-message|will1994 forfeited.
|
|win|OscarGamble
|raw|OscarGamble's rating: 1456 &rarr; <strong>1479</strong><br />(+23 for winning)
|raw|will1994's rating: 1508 &rarr; <strong>1485</strong><br />(-23 for losing)
|l|☆will1994
|player|p2|
|l|☆OscarGamble
|player|p1|
