|j|☆Archpop2
|j|☆TrivagoGuy
|t:|1758341155
|gametype|singles
|player|p1|Archpop2|ninjaboy|1499
|player|p2|TrivagoGuy|worker|1502
|gen|9
|tier|[Gen 9] OU
|rated|
|rule|HP Percentage Mod: HP is shown in percentages
|rule|Endless Battle Clause: Forcing endless battles is banned
|rule|Species Clause: Limit one of each Pokémon
|rule|OHKO Clause: OHKO moves are banned
|rule|Evasion Items Clause: Evasion items are banned
|rule|Evasion Moves Clause: Evasion moves are banned
|rule|Evasion Abilities Clause: Evasion abilities are banned
|rule|Sleep Moves Clause: Sleep-inducing moves are banned
|clearpoke
|poke|p1|Glimmora, F|
|poke|p1|Garganacl, F|
|poke|p1|Scizor, F|
|poke|p1|Weezing-Galar, F|
|poke|p1|Zamazenta-*|
|poke|p1|Ogerpon-Wellspring, F|
|poke|p2|Blaziken, F|
|poke|p2|Ninetales, F|
|poke|p2|Shiftry, F|
|poke|p2|Dragonite, F|
|poke|p2|Walking Wake|
|poke|p2|Sandy Shocks|
|teampreview
|inactive|Battle timer is ON: inactive players will automatically lose when time's up. (requested by Archpop2)
|
|t:|1758341169
|teamsize|p1|6
|teamsize|p2|6
|start
|switch|p1a: Garganacl|Garganacl, F|100/100
|switch|p2a: Sandy Shocks|Sandy Shocks|100/100
|turn|1
|
|t:|1758341182
|move|p2a: Sandy Shocks|Volt Switch|p1a: Garganacl
|-damage|p1a: Garganacl|66/100
|
|t:|1758341185
|-end|p2a: Sandy Shocks|Protosynthesis|[silent]
|switch|p2a: Ninetales|Ninetales, F|100/100|[from] Volt Switch
|-weather|SunnyDay|[from] ability: Drought|[of] p2a: Ninetales
|move|p1a: Garganacl|Stealth Rock|p2a: Ninetales
|-sidestart|p2: TrivagoGuy|move: Stealth Rock
|
|-weather|SunnyDay|[upkeep]
|-heal|p1a: Garganacl|72/100|[from] item: Leftovers
|upkeep
|turn|2
|
|t:|1758341193
|move|p2a: Ninetales|Encore|p1a: Garganacl
|-start|p1a: Garganacl|Encore
|move|p1a: Garganacl|Stealth Rock||[still]
|-fail|p1a: Garganacl
|
|-weather|SunnyDay|[upkeep]
|-heal|p1a: Garganacl|78/100|[from] item: Leftovers
|upkeep
|turn|3
|
|t:|1758341201
|switch|p1a: Glimmora|Glimmora, F|100/100
|move|p2a: Ninetales|Flamethrower|p1a: Glimmora
|-resisted|p1a: Glimmora
|-damage|p1a: Glimmora|68/100
|
|-weather|SunnyDay|[upkeep]
|upkeep
|turn|4
|
|t:|1758341209
|move|p1a: Glimmora|Power Gem|p2a: Ninetales
|-supereffective|p2a: Ninetales
|-damage|p2a: Ninetales|0 fnt
|faint|p2a: Ninetales
|
|-weather|SunnyDay|[upkeep]
|upkeep
|
|t:|1758341214
|switch|p2a: Sandy Shocks|Sandy Shocks|100/100
|-damage|p2a: Sandy Shocks|94/100|[from] Stealth Rock
|-activate|p2a: Sandy Shocks|ability: Protosynthesis
|-start|p2a: Sandy Shocks|protosynthesisspa
|turn|5
|
|t:|1758341223
|switch|p1a: Zamazenta|Zamazenta|100/100
|-ability|p1a: Zamazenta|Dauntless Shield|boost
|-boost|p1a: Zamazenta|def|1
|move|p2a: Sandy Shocks|Earth Power|p1a: Zamazenta
|-damage|p1a: Zamazenta|39/100
|
|-weather|SunnyDay|[upkeep]
|-heal|p1a: Zamazenta|45/100|[from] item: Leftovers
|upkeep
|turn|6
|
|t:|1758341233
|move|p1a: Zamazenta|Close Combat|p2a: Sandy Shocks
|-damage|p2a: Sandy Shocks|37/100
|-unboost|p1a: Zamazenta|def|1
|-unboost|p1a: Zamazenta|spd|1
|move|p2a: Sandy Shocks|Earth Power|p1a: Zamazenta
|-damage|p1a: Zamazenta|0 fnt
|faint|p1a: Zamazenta
|
|-weather|SunnyDay|[upkeep]
|upkeep
|
|t:|1758341244
|switch|p1a: Glimmora|Glimmora, F|68/100
|turn|7
|
|t:|1758341255
|-end|p2a: Sandy Shocks|Protosynthesis|[silent]
|switch|p2a: Shiftry|Shiftry, F, shiny|100/100
|-damage|p2a: Shiftry|88/100|[from] Stealth Rock
|move|p1a: Glimmora|Earth Power|p2a: Shiftry
|-resisted|p2a: Shiftry
|-damage|p2a: Shiftry|61/100
|
|-weather|SunnyDay|[upkeep]
|upkeep
|turn|8
|
|t:|1758341263
|switch|p2a: Dragonite|Dragonite, F|100/100
|switch|p1a: Weezing|Weezing-Galar, F|100/100
|
|-weather|none
|upkeep
|turn|9
|
|t:|1758341269
|switch|p2a: Sandy Shocks|Sandy Shocks|37/100
|-damage|p2a: Sandy Shocks|31/100|[from] Stealth Rock
|move|p1a: Weezing|Will-O-Wisp|p2a: Sandy Shocks|[miss]
|-miss|p1a: Weezing|p2a: Sandy Shocks
|
|upkeep
|turn|10
|
|t:|1758341280
|move|p2a: Sandy Shocks|Thunderbolt|p1a: Weezing
|-damage|p1a: Weezing|16/100
|move|p1a: Weezing|Sludge Bomb|p2a: Sandy Shocks
|-resisted|p2a: Sandy Shocks
|-damage|p2a: Sandy Shocks|13/100
|
|-heal|p1a: Weezing|22/100|[from] item: Black Sludge
|upkeep
|turn|11
|
|t:|1758341291
|switch|p1a: Garganacl|Garganacl, F|78/100
|move|p2a: Sandy Shocks|Thunderbolt|p1a: Garganacl
|-damage|p1a: Garganacl|34/100
|
|-heal|p1a: Garganacl|40/100|[from] item: Leftovers
|upkeep
|turn|12
|
|t:|1758341300
|move|p2a: Sandy Shocks|Thunderbolt|p1a: Garganacl
|-damage|p1a: Garganacl|0 fnt
|faint|p1a: Garganacl
|
|upkeep
|
|t:|1758341304
|switch|p1a: Glimmora|Glimmora, F|68/100
|turn|13
|
|t:|1758341308
|move|p1a: Glimmora|Power Gem|p2a: Sandy Shocks
|-resisted|p2a: Sandy Shocks
|-damage|p2a: Sandy Shocks|0 fnt
|faint|p2a: Sandy Shocks
|-end|p2a: Sandy Shocks|Protosynthesis|[silent]
|
|upkeep
|
|t:|1758341317
|switch|p2a: Blaziken|Blaziken, F, shiny|100/100
|-damage|p2a: Blaziken|88/100|[from] Stealth Rock
|turn|14
|
|t:|1758341325
|move|p1a: Glimmora|Power Gem|p2a: Blaziken
|-damage|p2a: Blaziken|24/100
|-enditem|p2a: Blaziken|Lansat Berry|[eat]
|-start|p2a: Blaziken|move: Focus Energy
|move|p2a: Blaziken|Swords Dance|p2a: Blaziken
|-boost|p2a: Blaziken|atk|2
|
|-ability|p2a: Blaziken|Speed Boost|boost
|-boost|p2a: Blaziken|spe|1
|upkeep
|turn|15
|
|t:|1758341334
|move|p2a: Blaziken|Endure|p2a: Blaziken
|-singleturn|p2a: Blaziken|move: Endure
|move|p1a: Glimmora|Power Gem|p2a: Blaziken
|-activate|p2a: Blaziken|move: Endure
|-damage|p2a: Blaziken|1/100
|
|-ability|p2a: Blaziken|Speed Boost|boost
|-boost|p2a: Blaziken|spe|1
|upkeep
|turn|16
|
|t:|1758341341
|move|p2a: Blaziken|Blaze Kick|p1a: Glimmora
|-resisted|p1a: Glimmora
|-crit|p1a: Glimmora
|-damage|p1a: Glimmora|0 fnt
|-activate|p1a: Glimmora|ability: Toxic Debris
|-sidestart|p2: TrivagoGuy|move: Toxic Spikes
|faint|p1a: Glimmora
|
|-ability|p2a: Blaziken|Speed Boost|boost
|-boost|p2a: Blaziken|spe|1
|upkeep
|
|t:|1758341349
|switch|p1a: Scizor|Scizor, F|100/100
|turn|17
|
|t:|1758341354
|move|p2a: Blaziken|Upper Hand|p1a: Scizor
|-crit|p1a: Scizor
|-damage|p1a: Scizor|0 fnt
|faint|p1a: Scizor
|
|-ability|p2a: Blaziken|Speed Boost|boost
|-boost|p2a: Blaziken|spe|1
|upkeep
|
|t:|1758341365
|switch|p1a: Ogerpon|Ogerpon-Wellspring, F|100/100
|turn|18
|c|☆Archpop2|wtf is upper hand
|c|☆Archpop2|Literally never heard of that move
|
|t:|1758341385
|move|p2a: Blaziken|Blaze Kick|p1a: Ogerpon
|-crit|p1a: Ogerpon
|-damage|p1a: Ogerpon|0 fnt
|faint|p1a: Ogerpon
|
|-ability|p2a: Blaziken|Speed Boost|boost
|-boost|p2a: Blaziken|spe|1
|upkeep
|c|☆TrivagoGuy|It gives me the upper hand
|-message|Archpop2 forfeited.
|
|win|TrivagoGuy
|raw|Archpop2's rating: 1499 &rarr; <strong>1479</strong><br />(-20 for losing)
|raw|TrivagoGuy's rating: 1502 &rarr; <strong>1522</strong><br />(+20 for winning)
|l|☆Archpop2
|player|p1|
|l|☆TrivagoGuy
|player|p2|
