|j|☆hifbi66
|j|☆beuhiam
|t:|1758344953
|gametype|singles
|player|p1|hifbi66|cyclist|1491
|player|p2|beuhiam|cogita|1521
|gen|9
|tier|[Gen 9] OU
|rated|
|rule|HP Percentage Mod: HP is shown in percentages
|rule|Endless Battle Clause: Forcing endless battles is banned
|rule|Species Clause: Limit one of each Pokémon
|rule|OHKO Clause: OHKO moves are banned
|rule|Evasion Items Clause: Evasion items are banned
|rule|Evasion Moves Clause: Evasion moves are banned
|rule|Evasion Abilities Clause: Evasion abilities are banned
|rule|Sleep Moves Clause: Sleep-inducing moves are banned
|clearpoke
|poke|p1|Arcanine-Hisui, F|
|poke|p1|Rillaboom, M|
|poke|p1|Kingambit, F|
|poke|p1|Great Tusk|
|poke|p1|Zapdos|
|poke|p1|Iron Boulder|
|poke|p2|Samurott-Hisui, M|
|poke|p2|Zapdos|
|poke|p2|Dragapult, M|
|poke|p2|Great Tusk|
|poke|p2|Scizor, F|
|poke|p2|Kyurem|
|teampreview
|inactive|Battle timer is ON: inactive players will automatically lose when time's up. (requested by hifbi66)
|inactive|beuhiam has 120 seconds left.
|j| ChaudAgoni
|l| ChaudAgoni
|inactive|beuhiam has 90 seconds left.
|
|t:|1758345016
|teamsize|p1|6
|teamsize|p2|6
|start
|switch|p1a: Iron Boulder|Iron Boulder|100/100
|switch|p2a: Samurott|Samurott-Hisui, M|100/100
|-enditem|p1a: Iron Boulder|Booster Energy
|-activate|p1a: Iron Boulder|ability: Quark Drive|[fromitem]
|-start|p1a: Iron Boulder|quarkdrivespe
|turn|1
|
|t:|1758345023
|move|p1a: Iron Boulder|Close Combat|p2a: Samurott
|-supereffective|p2a: Samurott
|-damage|p2a: Samurott|0 fnt
|-unboost|p1a: Iron Boulder|def|1
|-unboost|p1a: Iron Boulder|spd|1
|faint|p2a: Samurott
|
|upkeep
|
|t:|1758345027
|switch|p2a: Scizor|Scizor, F|100/100
|turn|2
|
|t:|1758345034
|-end|p1a: Iron Boulder|Quark Drive|[silent]
|switch|p1a: Anti-Zama|Zapdos|100/100
|switch|p2a: Kyurem|Kyurem|100/100
|-ability|p2a: Kyurem|Pressure
|
|upkeep
|turn|3
|
|t:|1758345038
|-terastallize|p1a: Anti-Zama|Fairy
|move|p2a: Kyurem|Substitute|p2a: Kyurem
|-start|p2a: Kyurem|Substitute
|-damage|p2a: Kyurem|75/100
|move|p1a: Anti-Zama|Thunder Wave||[still]
|-fail|p1a: Anti-Zama
|
|-heal|p2a: Kyurem|82/100|[from] item: Leftovers
|upkeep
|turn|4
|
|t:|1758345049
|move|p2a: Kyurem|Freeze-Dry|p1a: Anti-Zama
|-damage|p1a: Anti-Zama|64/100
|move|p1a: Anti-Zama|Hurricane|p2a: Kyurem|[miss]
|-miss|p1a: Anti-Zama|p2a: Kyurem
|
|-heal|p2a: Kyurem|88/100|[from] item: Leftovers
|upkeep
|turn|5
|
|t:|1758345054
|move|p2a: Kyurem|Protect|p2a: Kyurem
|-singleturn|p2a: Kyurem|Protect
|move|p1a: Anti-Zama|Hurricane|p2a: Kyurem
|-activate|p2a: Kyurem|move: Protect
|
|-heal|p2a: Kyurem|94/100|[from] item: Leftovers
|upkeep
|turn|6
|
|t:|1758345061
|move|p2a: Kyurem|Freeze-Dry|p1a: Anti-Zama
|-damage|p1a: Anti-Zama|30/100
|-status|p1a: Anti-Zama|frz
|cant|p1a: Anti-Zama|frz
|
|-heal|p2a: Kyurem|99/100|[from] item: Leftovers
|upkeep
|turn|7
|
|t:|1758345075
|switch|p1a: Iron Boulder|Iron Boulder|100/100
|move|p2a: Kyurem|Freeze-Dry|p1a: Iron Boulder
|-damage|p1a: Iron Boulder|67/100
|
|-heal|p2a: Kyurem|100/100|[from] item: Leftovers
|upkeep
|turn|8
|
|t:|1758345088
|move|p1a: Iron Boulder|Mighty Cleave|p2a: Kyurem
|-supereffective|p2a: Kyurem
|-end|p2a: Kyurem|Substitute
|move|p2a: Kyurem|Earth Power|p1a: Iron Boulder
|-supereffective|p1a: Iron Boulder
|-damage|p1a: Iron Boulder|10/100
|
|upkeep
|turn|9
|
|t:|1758345093
|move|p2a: Kyurem|Protect|p2a: Kyurem
|-singleturn|p2a: Kyurem|Protect
|move|p1a: Iron Boulder|Mighty Cleave|p2a: Kyurem
|-supereffective|p2a: Kyurem
|-damage|p2a: Kyurem|8/100
|
|-heal|p2a: Kyurem|14/100|[from] item: Leftovers
|upkeep
|turn|10
|c|☆beuhiam|Whoops I forgot
|c|☆hifbi66|i didnt even know that did that lol
|
|t:|1758345122
|-end|p1a: Iron Boulder|Quark Drive|[silent]
|switch|p1a: Anti-Zama|Zapdos, tera:Fairy|30/100 frz
|move|p2a: Kyurem|Freeze-Dry|p1a: Anti-Zama
|-damage|p1a: Anti-Zama|0 fnt
|faint|p1a: Anti-Zama
|
|-heal|p2a: Kyurem|20/100|[from] item: Leftovers
|upkeep
|
|t:|1758345129
|switch|p1a: Iron Boulder|Iron Boulder|10/100
|turn|11
|
|t:|1758345133
|switch|p2a: Great Tusk|Great Tusk|100/100
|-enditem|p2a: Great Tusk|Booster Energy
|-activate|p2a: Great Tusk|ability: Protosynthesis|[fromitem]
|-start|p2a: Great Tusk|protosynthesisatk
|move|p1a: Iron Boulder|Mighty Cleave|p2a: Great Tusk
|-resisted|p2a: Great Tusk
|-damage|p2a: Great Tusk|93/100
|
|upkeep
|turn|12
|
|t:|1758345140
|-end|p1a: Iron Boulder|Quark Drive|[silent]
|switch|p1a: Rillaboom|Rillaboom, M|100/100
|-fieldstart|move: Grassy Terrain|[from] ability: Grassy Surge|[of] p1a: Rillaboom
|move|p2a: Great Tusk|Rapid Spin|p1a: Rillaboom
|-damage|p1a: Rillaboom|74/100
|-boost|p2a: Great Tusk|spe|1
|
|-heal|p2a: Great Tusk|99/100|[from] Grassy Terrain
|-heal|p1a: Rillaboom|80/100|[from] Grassy Terrain
|upkeep
|turn|13
|
|t:|1758345144
|move|p1a: Rillaboom|Grassy Glide|p2a: Great Tusk
|-supereffective|p2a: Great Tusk
|-damage|p2a: Great Tusk|11/100
|move|p2a: Great Tusk|Ice Spinner|p1a: Rillaboom
|-supereffective|p1a: Rillaboom
|-damage|p1a: Rillaboom|0 fnt
|-fieldend|move: Grassy Terrain
|faint|p1a: Rillaboom
|
|upkeep
|
|t:|1758345151
|switch|p1a: Justin Long|Great Tusk|100/100
|turn|14
|
|t:|1758345157
|move|p2a: Great Tusk|Headlong Rush|p1a: Justin Long
|-damage|p1a: Justin Long|53/100
|-unboost|p2a: Great Tusk|def|1
|-unboost|p2a: Great Tusk|spd|1
|move|p1a: Justin Long|Stealth Rock|p2a: Great Tusk
|-sidestart|p2: beuhiam|move: Stealth Rock
|
|upkeep
|turn|15
|
|t:|1758345162
|move|p2a: Great Tusk|Rapid Spin|p1a: Justin Long
|-damage|p1a: Justin Long|39/100
|-boost|p2a: Great Tusk|spe|1
|-sideend|p2: beuhiam|Stealth Rock|[from] move: Rapid Spin|[of] p2a: Great Tusk
|move|p1a: Justin Long|Ice Spinner|p2a: Great Tusk
|-supereffective|p2a: Great Tusk
|-damage|p2a: Great Tusk|0 fnt
|faint|p2a: Great Tusk
|-end|p2a: Great Tusk|Protosynthesis|[silent]
|
|upkeep
|
|t:|1758345170
|switch|p2a: Kyurem|Kyurem|20/100
|-ability|p2a: Kyurem|Pressure
|turn|16
|
|t:|1758345179
|move|p2a: Kyurem|Earth Power|p1a: Justin Long
|-damage|p1a: Justin Long|2/100
|move|p1a: Justin Long|Headlong Rush|p2a: Kyurem
|-damage|p2a: Kyurem|0 fnt
|-unboost|p1a: Justin Long|def|1
|-unboost|p1a: Justin Long|spd|1
|faint|p2a: Kyurem
|
|upkeep
|
|t:|1758345189
|switch|p2a: Dragapult|Dragapult, M|100/100
|turn|17
|
|t:|1758345192
|move|p2a: Dragapult|Shadow Ball|p1a: Justin Long
|-damage|p1a: Justin Long|0 fnt
|faint|p1a: Justin Long
|-end|p1a: Justin Long|Protosynthesis|[silent]
|
|upkeep
|
|t:|1758345199
|switch|p1a: Kingambit|Kingambit, F|100/100
|-activate|p1a: Kingambit|ability: Supreme Overlord
|-start|p1a: Kingambit|fallen3|[silent]
|turn|18
|
|t:|1758345204
|switch|p2a: Zapdos|Zapdos|100/100
|move|p1a: Kingambit|Kowtow Cleave|p2a: Zapdos
|-crit|p2a: Zapdos
|-damage|p2a: Zapdos|0 fnt
|faint|p2a: Zapdos
|
|upkeep
|
|t:|1758345211
|switch|p2a: Scizor|Scizor, F|100/100
|turn|19
|
|t:|1758345225
|-end|p1a: Kingambit|fallen3|[silent]
|switch|p1a: Iron Boulder|Iron Boulder|10/100
|move|p2a: Scizor|U-turn|p1a: Iron Boulder
|-supereffective|p1a: Iron Boulder
|-damage|p1a: Iron Boulder|0 fnt
|faint|p1a: Iron Boulder
|-end|p1a: Iron Boulder|Quark Drive|[silent]
|
|t:|1758345227
|switch|p2a: Dragapult|Dragapult, M|100/100|[from] U-turn
|
|upkeep
|
|t:|1758345232
|switch|p1a: Boom BOom POWW|Arcanine-Hisui, F|100/100
|turn|20
|
|t:|1758345245
|move|p2a: Dragapult|Draco Meteor|p1a: Boom BOom POWW
|-damage|p1a: Boom BOom POWW|25/100
|-unboost|p2a: Dragapult|spa|2
|move|p1a: Boom BOom POWW|Flare Blitz|p2a: Dragapult
|-resisted|p2a: Dragapult
|-damage|p2a: Dragapult|40/100
|
|-heal|p2a: Dragapult|46/100|[from] item: Leftovers
|upkeep
|turn|21
|
|t:|1758345258
|move|p2a: Dragapult|Shadow Ball|p1a: Boom BOom POWW
|-damage|p1a: Boom BOom POWW|5/100
|move|p1a: Boom BOom POWW|Flare Blitz|p2a: Dragapult
|-resisted|p2a: Dragapult
|-damage|p2a: Dragapult|0 fnt
|faint|p2a: Dragapult
|
|upkeep
|
|t:|1758345263
|switch|p2a: Scizor|Scizor, F|100/100
|turn|22
|
|t:|1758345269
|-terastallize|p2a: Scizor|Steel
|move|p2a: Scizor|Bullet Punch|p1a: Boom BOom POWW
|-damage|p1a: Boom BOom POWW|0 fnt
|faint|p1a: Boom BOom POWW
|
|upkeep
|
|t:|1758345272
|switch|p1a: Kingambit|Kingambit, F|100/100
|-activate|p1a: Kingambit|ability: Supreme Overlord
|-start|p1a: Kingambit|fallen5|[silent]
|turn|23
|
|t:|1758345294
|move|p2a: Scizor|Bullet Punch|p1a: Kingambit
|-resisted|p1a: Kingambit
|-damage|p1a: Kingambit|74/100
|move|p1a: Kingambit|Low Kick|p2a: Scizor
|-supereffective|p2a: Scizor
|-damage|p2a: Scizor|0 fnt
|faint|p2a: Scizor
|
|win|hifbi66
|raw|hifbi66's rating: 1491 &rarr; <strong>1513</strong><br />(+22 for winning)
|raw|beuhiam's rating: 1521 &rarr; <strong>1499</strong><br />(-22 for losing)
|l|☆beuhiam
|player|p2|
|l|☆hifbi66
|player|p1|
