|j|☆JesusSavedMe_04
|j|☆hbwb
|t:|1758309465
|gametype|singles
|player|p1|JesusSavedMe_04|hilbert-wonderlauncher|1137
|player|p2|hbwb|170|1098
|gen|9
|tier|[Gen 9] OU
|rated|
|rule|HP Percentage Mod: HP is shown in percentages
|rule|Endless Battle Clause: Forcing endless battles is banned
|rule|Species Clause: Limit one of each Pokémon
|rule|OHKO Clause: OHKO moves are banned
|rule|Evasion Items Clause: Evasion items are banned
|rule|Evasion Moves Clause: Evasion moves are banned
|rule|Evasion Abilities Clause: Evasion abilities are banned
|rule|Sleep Moves Clause: Sleep-inducing moves are banned
|clearpoke
|poke|p1|Ninetales-Alola, F|
|poke|p1|Deoxys-Speed|
|poke|p1|Kingambit, F|
|poke|p1|Iron Valiant|
|poke|p1|Great Tusk|
|poke|p1|Dragapult, M|
|poke|p2|Great Tusk|
|poke|p2|Hoopa-Unbound|
|poke|p2|Slowking-Galar, M|
|poke|p2|Clodsire, M|
|poke|p2|Ogerpon-Wellspring, F|
|poke|p2|Gholdengo|
|teampreview
|
|t:|1758309485
|teamsize|p1|6
|teamsize|p2|6
|start
|switch|p1a: Ninetales|Ninetales-Alola, F|100/100
|switch|p2a: Hoopa|Hoopa-Unbound|100/100
|-weather|Snowscape|[from] ability: Snow Warning|[of] p1a: Ninetales
|turn|1
|
|t:|1758309510
|move|p1a: Ninetales|Aurora Veil|p1a: Ninetales
|-sidestart|p1: JesusSavedMe_04|move: Aurora Veil
|move|p2a: Hoopa|Taunt|p1a: Ninetales
|-start|p1a: Ninetales|move: Taunt
|
|-weather|Snowscape|[upkeep]
|upkeep
|turn|2
|
|t:|1758309533
|switch|p2a: Ogerpon|Ogerpon-Wellspring, F|100/100
|move|p1a: Ninetales|Moonblast|p2a: Ogerpon
|-damage|p2a: Ogerpon|71/100
|
|-weather|Snowscape|[upkeep]
|upkeep
|turn|3
|inactive|Battle timer is ON: inactive players will automatically lose when time's up. (requested by hbwb)
|
|t:|1758309562
|move|p2a: Ogerpon|Knock Off|p1a: Ninetales
|-resisted|p1a: Ninetales
|-damage|p1a: Ninetales|93/100
|-enditem|p1a: Ninetales|Icy Rock|[from] move: Knock Off|[of] p2a: Ogerpon
|move|p1a: Ninetales|Moonblast|p2a: Ogerpon
|-damage|p2a: Ogerpon|40/100
|
|-weather|Snowscape|[upkeep]
|upkeep
|turn|4
|
|t:|1758309571
|move|p2a: Ogerpon|Ivy Cudgel|p1a: Ninetales|[anim] Ivy Cudgel Water
|-damage|p1a: Ninetales|68/100
|move|p1a: Ninetales|Moonblast|p2a: Ogerpon
|-crit|p2a: Ogerpon
|-damage|p2a: Ogerpon|0 fnt
|faint|p2a: Ogerpon
|
|-weather|Snowscape|[upkeep]
|-end|p1a: Ninetales|move: Taunt
|upkeep
|
|t:|1758309584
|switch|p2a: Slowking|Slowking-Galar, M|100/100
|turn|5
|
|t:|1758309613
|switch|p1a: Ngolo|Great Tusk|100/100
|-enditem|p1a: Ngolo|Booster Energy
|-activate|p1a: Ngolo|ability: Protosynthesis|[fromitem]
|-start|p1a: Ngolo|protosynthesisatk
|move|p2a: Slowking|Future Sight|p1a: Ngolo
|-start|p2a: Slowking|move: Future Sight
|
|-weather|Snowscape|[upkeep]
|-sideend|p1: JesusSavedMe_04|move: Aurora Veil
|upkeep
|turn|6
|inactive|JesusSavedMe_04 has 120 seconds left.
|inactive|hbwb has 120 seconds left.
|
|t:|1758309647
|move|p1a: Ngolo|Headlong Rush|p2a: Slowking
|-supereffective|p2a: Slowking
|-damage|p2a: Slowking|0 fnt
|-unboost|p1a: Ngolo|def|1
|-unboost|p1a: Ngolo|spd|1
|faint|p2a: Slowking
|
|-weather|Snowscape|[upkeep]
|upkeep
|inactive|hbwb has 120 seconds left.
|
|t:|1758309656
|switch|p2a: Hoopa|Hoopa-Unbound|100/100
|turn|7
|inactive|JesusSavedMe_04 has 120 seconds left.
|inactive|JesusSavedMe_04 has 90 seconds left.
|
|t:|1758309714
|-terastallize|p2a: Hoopa|Dark
|move|p1a: Ngolo|Headlong Rush|p2a: Hoopa
|-crit|p2a: Hoopa
|-damage|p2a: Hoopa|0 fnt
|-unboost|p1a: Ngolo|def|1
|-unboost|p1a: Ngolo|spd|1
|faint|p2a: Hoopa
|
|-weather|Snowscape|[upkeep]
|-end|p1a: Ngolo|move: Future Sight
|-supereffective|p1a: Ngolo
|-damage|p1a: Ngolo|0 fnt
|faint|p1a: Ngolo
|-end|p1a: Ngolo|Protosynthesis|[silent]
|upkeep
|-message|hbwb forfeited.
|
|win|JesusSavedMe_04
|raw|JesusSavedMe_04's rating: 1137 &rarr; <strong>1159</strong><br />(+22 for winning)
|raw|hbwb's rating: 1098 &rarr; <strong>1076</strong><br />(-22 for losing)
|l|☆hbwb
|player|p2|
