|j|☆GFYSYDAR
|j|☆LovingsArtfulPupil
|t:|1758297975
|gametype|singles
|player|p1|GFYSYDAR|scientist-gen4dp|1256
|player|p2|LovingsArtfulPupil|170|1214
|gen|9
|tier|[Gen 9] OU
|rated|
|rule|HP Percentage Mod: HP is shown in percentages
|rule|Endless Battle Clause: Forcing endless battles is banned
|rule|Species Clause: Limit one of each Pokémon
|rule|OHKO Clause: OHKO moves are banned
|rule|Evasion Items Clause: Evasion items are banned
|rule|Evasion Moves Clause: Evasion moves are banned
|rule|Evasion Abilities Clause: Evasion abilities are banned
|rule|Sleep Moves Clause: Sleep-inducing moves are banned
|clearpoke
|poke|p1|Electrode-Hisui|
|poke|p1|Gallade, M|
|poke|p1|Slowking-Galar, M|
|poke|p1|Alomomola, F|
|poke|p1|Great Tusk|
|poke|p1|Landorus-Therian, M|
|poke|p2|Alomomola, F|
|poke|p2|Hoopa-Unbound|
|poke|p2|Cinderace, F|
|poke|p2|Dragapult, F|
|poke|p2|Great Tusk|
|poke|p2|Iron Valiant|
|teampreview
|inactive|Battle timer is ON: inactive players will automatically lose when time's up. (requested by LovingsArtfulPupil)
|
|t:|1758297983
|teamsize|p1|6
|teamsize|p2|6
|start
|switch|p1a: Gallade|Gallade, M, shiny|100/100
|switch|p2a: Great Tusk|Great Tusk|100/100
|turn|1
|
|t:|1758298001
|switch|p1a: Landorus|Landorus-Therian, M|100/100
|-ability|p1a: Landorus|Intimidate|boost
|-unboost|p2a: Great Tusk|atk|1
|move|p2a: Great Tusk|Stealth Rock|p1a: Landorus
|-sidestart|p1: GFYSYDAR|move: Stealth Rock
|
|upkeep
|turn|2
|c|☆GFYSYDAR|Dunce
|
|t:|1758298014
|move|p2a: Great Tusk|Ice Spinner|p1a: Landorus
|-supereffective|p1a: Landorus
|-damage|p1a: Landorus|48/100
|-damage|p2a: Great Tusk|84/100|[from] item: Rocky Helmet|[of] p1a: Landorus
|move|p1a: Landorus|U-turn|p2a: Great Tusk
|-resisted|p2a: Great Tusk
|-damage|p2a: Great Tusk|76/100
|
|t:|1758298021
|switch|p1a: Alomomola|Alomomola, F, shiny|100/100|[from] U-turn
|
|upkeep
|turn|3
|
|t:|1758298037
|-end|p2a: Great Tusk|Protosynthesis|[silent]
|switch|p2a: Hoopa|Hoopa-Unbound|100/100
|move|p1a: Alomomola|Wish|p1a: Alomomola
|
|upkeep
|turn|4
|
|t:|1758298045
|move|p2a: Hoopa|Knock Off|p1a: Alomomola
|-damage|p1a: Alomomola|71/100
|-enditem|p1a: Alomomola|Heavy-Duty Boots|[from] move: Knock Off|[of] p2a: Hoopa
|move|p1a: Alomomola|Flip Turn|p2a: Hoopa
|-damage|p2a: Hoopa|81/100
|
|t:|1758298052
|switch|p1a: Landorus|Landorus-Therian, M|48/100|[from] Flip Turn
|-damage|p1a: Landorus|35/100|[from] Stealth Rock
|-ability|p1a: Landorus|Intimidate|boost
|-unboost|p2a: Hoopa|atk|1
|
|-heal|p1a: Landorus|100/100|[from] move: Wish|[wisher] Alomomola
|upkeep
|turn|5
|
|t:|1758298068
|move|p1a: Landorus|U-turn|p2a: Hoopa
|-supereffective|p2a: Hoopa
|-damage|p2a: Hoopa|0 fnt
|faint|p2a: Hoopa
|
|t:|1758298075
|switch|p1a: Slowking|Slowking-Galar, M|100/100|[from] U-turn
|
|upkeep
|
|t:|1758298097
|switch|p2a: Dragapult|Dragapult, F|100/100
|turn|6
|
|t:|1758298103
|switch|p1a: Alomomola|Alomomola, F, shiny|100/100
|-damage|p1a: Alomomola|88/100|[from] Stealth Rock
|move|p2a: Dragapult|Dragon Darts|p1a: Alomomola
|-damage|p1a: Alomomola|69/100
|-anim|p2a: Dragapult|Dragon Darts|p1a: Alomomola
|-damage|p1a: Alomomola|50/100
|
|upkeep
|turn|7
|
|t:|1758298114
|switch|p1a: Landorus|Landorus-Therian, M|100/100
|-damage|p1a: Landorus|88/100|[from] Stealth Rock
|-ability|p1a: Landorus|Intimidate|boost
|-fail|p2a: Dragapult|unboost|[from] ability: Clear Body|[of] p2a: Dragapult
|move|p2a: Dragapult|Dragon Darts|p1a: Landorus
|-damage|p1a: Landorus|61/100
|-anim|p2a: Dragapult|Dragon Darts|p1a: Landorus
|-damage|p1a: Landorus|34/100
|
|upkeep
|turn|8
|
|t:|1758298129
|switch|p1a: Alomomola|Alomomola, F, shiny|83/100
|-damage|p1a: Alomomola|71/100|[from] Stealth Rock
|move|p2a: Dragapult|Dragon Darts|p1a: Alomomola
|-damage|p1a: Alomomola|50/100
|-anim|p2a: Dragapult|Dragon Darts|p1a: Alomomola
|-damage|p1a: Alomomola|31/100
|
|upkeep
|turn|9
|
|t:|1758298139
|switch|p1a: Landorus|Landorus-Therian, M|34/100
|-damage|p1a: Landorus|22/100|[from] Stealth Rock
|-ability|p1a: Landorus|Intimidate|boost
|-fail|p2a: Dragapult|unboost|[from] ability: Clear Body|[of] p2a: Dragapult
|move|p2a: Dragapult|Dragon Darts|p1a: Landorus
|-damage|p1a: Landorus|0 fnt
|faint|p1a: Landorus
|
|upkeep
|
|t:|1758298149
|switch|p1a: Electrode|Electrode-Hisui, shiny|100/100
|-damage|p1a: Electrode|88/100|[from] Stealth Rock
|turn|10
|inactive|LovingsArtfulPupil has 120 seconds left.
|
|t:|1758298184
|switch|p2a: Great Tusk|Great Tusk|76/100
|move|p1a: Electrode|Volt Switch|p2a: Great Tusk
|-immune|p2a: Great Tusk
|
|upkeep
|turn|11
|inactive|LovingsArtfulPupil has 120 seconds left.
|
|t:|1758298197
|switch|p1a: Great Tusk|Great Tusk|100/100
|move|p2a: Great Tusk|Headlong Rush|p1a: Great Tusk
|-damage|p1a: Great Tusk|51/100
|-unboost|p2a: Great Tusk|def|1
|-unboost|p2a: Great Tusk|spd|1
|
|upkeep
|turn|12
|inactive|LovingsArtfulPupil has 120 seconds left.
|
|t:|1758298229
|move|p2a: Great Tusk|Headlong Rush|p1a: Great Tusk
|-damage|p1a: Great Tusk|7/100
|-unboost|p2a: Great Tusk|def|1
|-unboost|p2a: Great Tusk|spd|1
|move|p1a: Great Tusk|Rapid Spin|p2a: Great Tusk
|-damage|p2a: Great Tusk|50/100
|-boost|p1a: Great Tusk|spe|1
|-sideend|p1: GFYSYDAR|Stealth Rock|[from] move: Rapid Spin|[of] p1a: Great Tusk
|
|upkeep
|turn|13
|
|t:|1758298241
|-end|p2a: Great Tusk|Protosynthesis|[silent]
|switch|p2a: Alomomola|Alomomola, F, shiny|100/100
|move|p1a: Great Tusk|Headlong Rush|p2a: Alomomola
|-damage|p2a: Alomomola|65/100
|-unboost|p1a: Great Tusk|def|1
|-unboost|p1a: Great Tusk|spd|1
|-damage|p1a: Great Tusk|0 fnt|[from] item: Rocky Helmet|[of] p2a: Alomomola
|faint|p1a: Great Tusk
|-end|p1a: Great Tusk|Protosynthesis|[silent]
|
|upkeep
|
|t:|1758298252
|switch|p1a: Electrode|Electrode-Hisui, shiny|88/100
|turn|14
|
|t:|1758298259
|-terastallize|p2a: Alomomola|Dragon
|move|p1a: Electrode|Leaf Storm|p2a: Alomomola
|-resisted|p2a: Alomomola
|-damage|p2a: Alomomola|22/100
|-unboost|p1a: Electrode|spa|2
|move|p2a: Alomomola|Wish|p2a: Alomomola
|
|upkeep
|turn|15
|
|t:|1758298279
|switch|p2a: Dragapult|Dragapult, F|100/100
|move|p1a: Electrode|Leaf Storm|p2a: Dragapult
|-resisted|p2a: Dragapult
|-damage|p2a: Dragapult|77/100
|-unboost|p1a: Electrode|spa|2
|
|-heal|p2a: Dragapult|100/100|[from] move: Wish|[wisher] Alomomola
|upkeep
|turn|16
|inactive|LovingsArtfulPupil has 90 seconds left.
|
|t:|1758298304
|switch|p1a: Gallade|Gallade, M, shiny|100/100
|move|p2a: Dragapult|Dragon Darts|p1a: Gallade
|-damage|p1a: Gallade|30/100
|-anim|p2a: Dragapult|Dragon Darts|p1a: Gallade
|-damage|p1a: Gallade|0 fnt
|faint|p1a: Gallade
|
|upkeep
|
|t:|1758298313
|switch|p1a: Electrode|Electrode-Hisui, shiny|88/100
|turn|17
|
|t:|1758298326
|switch|p2a: Great Tusk|Great Tusk|50/100
|-terastallize|p1a: Electrode|Ice
|move|p1a: Electrode|Tera Blast|p2a: Great Tusk|[anim] Tera Blast Ice
|-supereffective|p2a: Great Tusk
|-damage|p2a: Great Tusk|0 fnt
|faint|p2a: Great Tusk
|-end|p2a: Great Tusk|Protosynthesis|[silent]
|
|upkeep
|inactive|LovingsArtfulPupil has 90 seconds left.
|
|t:|1758298336
|switch|p2a: Cinderace|Cinderace, F|100/100
|turn|18
|
|t:|1758298342
|switch|p1a: Alomomola|Alomomola, F, shiny|64/100
|move|p2a: Cinderace|Pyro Ball|p1a: Alomomola
|-resisted|p1a: Alomomola
|-damage|p1a: Alomomola|50/100
|
|upkeep
|turn|19
|
|t:|1758298355
|move|p2a: Cinderace|Sucker Punch|p1a: Alomomola
|-start|p2a: Cinderace|typechange|Dark|[from] ability: Libero
|-damage|p1a: Alomomola|32/100
|move|p1a: Alomomola|Flip Turn|p2a: Cinderace
|-damage|p2a: Cinderace|78/100
|
|t:|1758298363
|switch|p1a: Electrode|Electrode-Hisui, shiny, tera:Ice|88/100|[from] Flip Turn
|
|upkeep
|turn|20
|
|t:|1758298369
|move|p1a: Electrode|Volt Switch|p2a: Cinderace
|-damage|p2a: Cinderace|16/100
|
|t:|1758298372
|switch|p1a: Alomomola|Alomomola, F, shiny|65/100|[from] Volt Switch
|move|p2a: Cinderace|Pyro Ball|p1a: Alomomola
|-resisted|p1a: Alomomola
|-crit|p1a: Alomomola
|-damage|p1a: Alomomola|49/100
|
|upkeep
|turn|21
|inactive|LovingsArtfulPupil has 120 seconds left.
|
|t:|1758298381
|move|p2a: Cinderace|U-turn|p1a: Alomomola
|-damage|p1a: Alomomola|38/100
|inactive|LovingsArtfulPupil has 120 seconds left.
|
|t:|1758298396
|switch|p2a: Dragapult|Dragapult, F|100/100|[from] U-turn
|move|p1a: Alomomola|Flip Turn|p2a: Dragapult
|-resisted|p2a: Dragapult
|-damage|p2a: Dragapult|89/100
|
|t:|1758298402
|switch|p1a: Electrode|Electrode-Hisui, shiny, tera:Ice|88/100|[from] Flip Turn
|
|upkeep
|turn|22
|inactive|LovingsArtfulPupil has 120 seconds left.
|
|t:|1758298438
|move|p2a: Dragapult|Sucker Punch|p1a: Electrode
|-damage|p1a: Electrode|33/100
|move|p1a: Electrode|Tera Blast|p2a: Dragapult|[anim] Tera Blast Ice
|-supereffective|p2a: Dragapult
|-crit|p2a: Dragapult
|-damage|p2a: Dragapult|0 fnt
|faint|p2a: Dragapult
|
|upkeep
|
|t:|1758298446
|switch|p2a: Iron Valiant|Iron Valiant|100/100
|turn|23
|
|t:|1758298454
|switch|p1a: Slowking|Slowking-Galar, M|100/100
|move|p2a: Iron Valiant|Moonblast|p1a: Slowking
|-resisted|p1a: Slowking
|-damage|p1a: Slowking|80/100
|
|upkeep
|turn|24
|
|t:|1758298462
|-end|p2a: Iron Valiant|Quark Drive|[silent]
|switch|p2a: Alomomola|Alomomola, F, shiny, tera:Dragon|55/100
|move|p1a: Slowking|Sludge Bomb|p2a: Alomomola
|-damage|p2a: Alomomola|18/100
|
|upkeep
|turn|25
|
|t:|1758298473
|move|p2a: Alomomola|Tickle|p1a: Slowking
|-unboost|p1a: Slowking|atk|1
|-unboost|p1a: Slowking|def|1
|-prepare|p1a: Slowking|Chilly Reception|[premajor]
|move|p1a: Slowking|Chilly Reception|p1a: Slowking
|-weather|Snowscape
|
|t:|1758298481
|switch|p1a: Electrode|Electrode-Hisui, shiny, tera:Ice|33/100|[from] Chilly Reception
|
|-weather|Snowscape|[upkeep]
|upkeep
|turn|26
|
|t:|1758298489
|move|p1a: Electrode|Volt Switch|p2a: Alomomola
|-resisted|p2a: Alomomola
|-crit|p2a: Alomomola
|-damage|p2a: Alomomola|0 fnt
|faint|p2a: Alomomola
|
|t:|1758298496
|switch|p1a: Alomomola|Alomomola, F, shiny|71/100|[from] Volt Switch
|
|-weather|Snowscape|[upkeep]
|upkeep
|inactive|LovingsArtfulPupil has 120 seconds left.
|
|t:|1758298502
|switch|p2a: Iron Valiant|Iron Valiant|100/100
|turn|27
|
|t:|1758298509
|switch|p1a: Slowking|Slowking-Galar, M|100/100
|move|p2a: Iron Valiant|Thunderbolt|p1a: Slowking
|-damage|p1a: Slowking|72/100
|
|-weather|Snowscape|[upkeep]
|upkeep
|turn|28
|c|☆GFYSYDAR|Dunce
|
|t:|1758298520
|-end|p2a: Iron Valiant|Quark Drive|[silent]
|switch|p2a: Cinderace|Cinderace, F|16/100
|move|p1a: Slowking|Sludge Bomb|p2a: Cinderace
|-damage|p2a: Cinderace|0 fnt
|faint|p2a: Cinderace
|
|-weather|Snowscape|[upkeep]
|upkeep
|
|t:|1758298529
|switch|p2a: Iron Valiant|Iron Valiant|100/100
|turn|29
|
|t:|1758298534
|move|p2a: Iron Valiant|Shadow Ball|p1a: Slowking
|-supereffective|p1a: Slowking
|-damage|p1a: Slowking|26/100
|move|p1a: Slowking|Sludge Bomb|p2a: Iron Valiant
|-supereffective|p2a: Iron Valiant
|-damage|p2a: Iron Valiant|0 fnt
|faint|p2a: Iron Valiant
|-end|p2a: Iron Valiant|Quark Drive|[silent]
|
|win|GFYSYDAR
|raw|GFYSYDAR's rating: 1256 &rarr; <strong>1278</strong><br />(+22 for winning)
|raw|LovingsArtfulPupil's rating: 1214 &rarr; <strong>1192</strong><br />(-22 for losing)
|l|☆LovingsArtfulPupil
|player|p2|
