|j|☆no woobat no cry
|j|☆CountryBoyz
|t:|1758276564
|gametype|singles
|player|p1|no woobat no cry|medium|1424
|player|p2|CountryBoyz|101|1390
|gen|9
|tier|[Gen 9] OU
|rated|
|rule|HP Percentage Mod: HP is shown in percentages
|rule|Endless Battle Clause: Forcing endless battles is banned
|rule|Species Clause: Limit one of each Pokémon
|rule|OHKO Clause: OHKO moves are banned
|rule|Evasion Items Clause: Evasion items are banned
|rule|Evasion Moves Clause: Evasion moves are banned
|rule|Evasion Abilities Clause: Evasion abilities are banned
|rule|Sleep Moves Clause: Sleep-inducing moves are banned
|clearpoke
|poke|p1|Ogerpon-Cornerstone, F|
|poke|p1|Greninja-*, M|
|poke|p1|Iron Moth|
|poke|p1|Gholdengo|
|poke|p1|Glimmora, F|
|poke|p1|Landorus-Therian, M|
|poke|p2|Landorus-Therian, M|
|poke|p2|Cloyster, M|
|poke|p2|Raikou|
|poke|p2|Dragonite, M|
|poke|p2|Suicune|
|poke|p2|Skarmory, M|
|teampreview
|l|☆CountryBoyz
|player|p2|
|j|☆CountryBoyz
|player|p2|CountryBoyz|101|
|
|t:|1758276598
|teamsize|p1|6
|teamsize|p2|6
|start
|switch|p1a: Greninja|Greninja, M|100/100
|switch|p2a: Suicune|Suicune|100/100
|-ability|p2a: Suicune|Pressure
|turn|1
|
|t:|1758276613
|switch|p1a: Gholdengo|Gholdengo|100/100
|move|p2a: Suicune|Scald|p1a: Gholdengo
|-damage|p1a: Gholdengo|69/100
|
|upkeep
|turn|2
|
|t:|1758276624
|move|p1a: Gholdengo|Shadow Ball|p2a: Suicune
|-damage|p2a: Suicune|75/100
|move|p2a: Suicune|Scald|p1a: Gholdengo
|-damage|p1a: Gholdengo|40/100
|-status|p1a: Gholdengo|brn
|
|-damage|p1a: Gholdengo|34/100 brn|[from] brn
|upkeep
|turn|3
|
|t:|1758276635
|move|p1a: Gholdengo|Shadow Ball|p2a: Suicune
|-damage|p2a: Suicune|50/100
|move|p2a: Suicune|Calm Mind|p2a: Suicune
|-boost|p2a: Suicune|spa|1
|-boost|p2a: Suicune|spd|1
|
|-damage|p1a: Gholdengo|28/100 brn|[from] brn
|upkeep
|turn|4
|
|t:|1758276643
|move|p1a: Gholdengo|Shadow Ball|p2a: Suicune
|-damage|p2a: Suicune|35/100
|move|p2a: Suicune|Scald|p1a: Gholdengo
|-damage|p1a: Gholdengo|0 fnt
|faint|p1a: Gholdengo
|
|upkeep
|
|t:|1758276653
|switch|p1a: Ogerpon|Ogerpon-Cornerstone, F|100/100
|turn|5
|
|t:|1758276656
|move|p1a: Ogerpon|Trailblaze|p2a: Suicune
|-supereffective|p2a: Suicune
|-damage|p2a: Suicune|0 fnt
|-boost|p1a: Ogerpon|spe|1
|-damage|p1a: Ogerpon|84/100|[from] item: Rocky Helmet|[of] p2a: Suicune
|faint|p2a: Suicune
|
|upkeep
|
|t:|1758276661
|switch|p2a: Landorus|Landorus-Therian, M, shiny|100/100
|-ability|p2a: Landorus|Intimidate|boost
|-unboost|p1a: Ogerpon|atk|1
|turn|6
|
|t:|1758276681
|switch|p1a: Landorus|Landorus-Therian, M|100/100
|-ability|p1a: Landorus|Intimidate|boost
|-unboost|p2a: Landorus|atk|1
|move|p2a: Landorus|U-turn|p1a: Landorus
|-resisted|p1a: Landorus
|-crit|p1a: Landorus
|-damage|p1a: Landorus|68/100
|
|t:|1758276694
|switch|p2a: Raikou|Raikou, shiny|100/100|[from] U-turn
|
|upkeep
|turn|7
|
|t:|1758276699
|move|p2a: Raikou|Scald|p1a: Landorus
|-supereffective|p1a: Landorus
|-damage|p1a: Landorus|30/100
|move|p1a: Landorus|Earthquake|p2a: Raikou
|-supereffective|p2a: Raikou
|-damage|p2a: Raikou|0 fnt
|faint|p2a: Raikou
|
|upkeep
|
|t:|1758276709
|switch|p2a: Cloyster|Cloyster, M, shiny|100/100
|turn|8
|
|t:|1758276743
|move|p2a: Cloyster|Shell Smash|p2a: Cloyster
|-unboost|p2a: Cloyster|def|1
|-unboost|p2a: Cloyster|spd|1
|-boost|p2a: Cloyster|atk|2
|-boost|p2a: Cloyster|spa|2
|-boost|p2a: Cloyster|spe|2
|-enditem|p2a: Cloyster|White Herb
|-clearnegativeboost|p2a: Cloyster|[silent]
|move|p1a: Landorus|Brick Break|p2a: Cloyster
|-supereffective|p2a: Cloyster
|-damage|p2a: Cloyster|45/100
|
|upkeep
|turn|9
|
|t:|1758276758
|switch|p1a: Ogerpon|Ogerpon-Cornerstone, F|84/100
|move|p2a: Cloyster|Surf|p1a: Ogerpon
|-damage|p1a: Ogerpon|4/100
|
|upkeep
|turn|10
|
|t:|1758276766
|move|p2a: Cloyster|Icicle Spear|p1a: Ogerpon
|-supereffective|p1a: Ogerpon
|-damage|p1a: Ogerpon|0 fnt
|faint|p1a: Ogerpon
|-hitcount|p1: Ogerpon|1
|
|upkeep
|
|t:|1758276783
|switch|p1a: Glimmora|Glimmora, F|100/100
|turn|11
|
|t:|1758276792
|move|p2a: Cloyster|Surf|p1a: Glimmora
|-supereffective|p1a: Glimmora
|-enditem|p1a: Glimmora|Focus Sash
|-damage|p1a: Glimmora|1/100
|move|p1a: Glimmora|Energy Ball|p2a: Cloyster
|-supereffective|p2a: Cloyster
|-damage|p2a: Cloyster|0 fnt
|faint|p2a: Cloyster
|
|upkeep
|
|t:|1758276799
|switch|p2a: Landorus|Landorus-Therian, M, shiny|100/100
|-ability|p2a: Landorus|Intimidate|boost
|-unboost|p1a: Glimmora|atk|1
|turn|12
|
|t:|1758276806
|move|p2a: Landorus|U-turn|p1a: Glimmora
|-resisted|p1a: Glimmora
|-damage|p1a: Glimmora|0 fnt
|-activate|p1a: Glimmora|ability: Toxic Debris
|-sidestart|p2: CountryBoyz|move: Toxic Spikes
|faint|p1a: Glimmora
|
|t:|1758276816
|switch|p2a: Skarmory|Skarmory, M|100/100|[from] U-turn
|
|upkeep
|
|t:|1758276827
|switch|p1a: Iron Moth|Iron Moth|100/100
|-enditem|p1a: Iron Moth|Booster Energy
|-activate|p1a: Iron Moth|ability: Quark Drive|[fromitem]
|-start|p1a: Iron Moth|quarkdrivespe
|turn|13
|
|t:|1758276831
|move|p1a: Iron Moth|Fiery Dance|p2a: Skarmory
|-supereffective|p2a: Skarmory
|-damage|p2a: Skarmory|0 fnt
|faint|p2a: Skarmory
|
|upkeep
|
|t:|1758276835
|switch|p2a: Dragonite|Dragonite, M, shiny|100/100
|turn|14
|inactive|Battle timer is ON: inactive players will automatically lose when time's up. (requested by CountryBoyz)
|c|☆CountryBoyz|Bro
|
|t:|1758276905
|-terastallize|p2a: Dragonite|Normal
|move|p2a: Dragonite|Extreme Speed|p1a: Iron Moth
|-damage|p1a: Iron Moth|0 fnt
|faint|p1a: Iron Moth
|-end|p1a: Iron Moth|Quark Drive|[silent]
|
|upkeep
|
|t:|1758276915
|switch|p1a: Landorus|Landorus-Therian, M|30/100
|-ability|p1a: Landorus|Intimidate|boost
|-unboost|p2a: Dragonite|atk|1
|turn|15
|
|t:|1758276924
|move|p2a: Dragonite|Extreme Speed|p1a: Landorus
|-damage|p1a: Landorus|0 fnt
|faint|p1a: Landorus
|
|upkeep
|
|t:|1758276927
|switch|p1a: Greninja|Greninja, M|100/100
|turn|16
|
|t:|1758276935
|-terastallize|p1a: Greninja|Water
|move|p2a: Dragonite|Extreme Speed|p1a: Greninja
|-damage|p1a: Greninja|19/100
|move|p1a: Greninja|Tera Blast|p2a: Dragonite|[anim] Tera Blast Water
|-damage|p2a: Dragonite|79/100
|
|upkeep
|turn|17
|
|t:|1758276940
|move|p2a: Dragonite|Extreme Speed|p1a: Greninja
|-damage|p1a: Greninja|0 fnt
|faint|p1a: Greninja
|
|win|CountryBoyz
|raw|no woobat no cry's rating: 1424 &rarr; <strong>1402</strong><br />(-22 for losing)
|raw|CountryBoyz's rating: 1390 &rarr; <strong>1412</strong><br />(+22 for winning)
|l|☆no woobat no cry
|player|p1|
|l|☆CountryBoyz
|player|p2|
