|j|☆2xDaddy
|j|☆bianyuanren
|t:|1758266307
|gametype|singles
|player|p1|2xDaddy|170|1178
|player|p2|bianyuanren|dawn|1197
|gen|9
|tier|[Gen 9] OU
|rated|
|rule|HP Percentage Mod: HP is shown in percentages
|rule|Endless Battle Clause: Forcing endless battles is banned
|rule|Species Clause: Limit one of each Pokémon
|rule|OHKO Clause: OHKO moves are banned
|rule|Evasion Items Clause: Evasion items are banned
|rule|Evasion Moves Clause: Evasion moves are banned
|rule|Evasion Abilities Clause: Evasion abilities are banned
|rule|Sleep Moves Clause: Sleep-inducing moves are banned
|clearpoke
|poke|p1|Necrozma|
|poke|p1|Darkrai|
|poke|p1|Swampert, M|
|poke|p1|Raging Bolt|
|poke|p1|Scizor, M|
|poke|p1|Okidogi, M|
|poke|p2|Ogerpon-Wellspring, F|
|poke|p2|Ribombee, M|
|poke|p2|Manaphy|
|poke|p2|Rillaboom, F|
|poke|p2|Dragonite, M|
|poke|p2|Pelipper, F|
|teampreview
|
|t:|1758266334
|teamsize|p1|6
|teamsize|p2|6
|start
|switch|p1a: Necrozma|Necrozma|100/100
|switch|p2a: Ribombee|Ribombee, M, shiny|100/100
|turn|1
|
|t:|1758266349
|move|p2a: Ribombee|Sticky Web|p1a: Necrozma
|-sidestart|p1: 2xDaddy|move: Sticky Web
|move|p1a: Necrozma|Dragon Dance|p1a: Necrozma
|-boost|p1a: Necrozma|atk|1
|-boost|p1a: Necrozma|spe|1
|
|upkeep
|turn|2
|
|t:|1758266367
|move|p1a: Necrozma|Dragon Dance|p1a: Necrozma
|-boost|p1a: Necrozma|atk|1
|-boost|p1a: Necrozma|spe|1
|move|p2a: Ribombee|Moonblast|p1a: Necrozma
|-damage|p1a: Necrozma|53/100
|
|upkeep
|turn|3
|
|t:|1758266375
|move|p1a: Necrozma|Photon Geyser|p2a: Ribombee
|-enditem|p2a: Ribombee|Focus Sash
|-damage|p2a: Ribombee|1/100
|move|p2a: Ribombee|Moonblast|p1a: Necrozma
|-damage|p1a: Necrozma|10/100
|
|upkeep
|turn|4
|
|t:|1758266387
|move|p1a: Necrozma|Brick Break|p2a: Ribombee
|-resisted|p2a: Ribombee
|-crit|p2a: Ribombee
|-damage|p2a: Ribombee|0 fnt
|faint|p2a: Ribombee
|
|upkeep
|
|t:|1758266395
|switch|p2a: Rillaboom|Rillaboom, F, shiny|100/100
|-fieldstart|move: Grassy Terrain|[from] ability: Grassy Surge|[of] p2a: Rillaboom
|turn|5
|
|t:|1758266403
|move|p2a: Rillaboom|Grassy Glide|p1a: Necrozma
|-damage|p1a: Necrozma|0 fnt
|faint|p1a: Necrozma
|
|upkeep
|
|t:|1758266424
|switch|p1a: Darkrai|Darkrai|100/100
|-activate|p1a: Darkrai|move: Sticky Web
|-unboost|p1a: Darkrai|spe|1
|turn|6
|
|t:|1758266442
|-terastallize|p1a: Darkrai|Poison
|move|p2a: Rillaboom|Grassy Glide|p1a: Darkrai
|-resisted|p1a: Darkrai
|-damage|p1a: Darkrai|62/100
|move|p1a: Darkrai|Nasty Plot|p1a: Darkrai
|-boost|p1a: Darkrai|spa|2
|
|-heal|p1a: Darkrai|68/100|[from] Grassy Terrain
|upkeep
|turn|7
|
|t:|1758266454
|move|p2a: Rillaboom|Grassy Glide|p1a: Darkrai
|-resisted|p1a: Darkrai
|-damage|p1a: Darkrai|31/100
|move|p1a: Darkrai|Sludge Bomb|p2a: Rillaboom
|-supereffective|p2a: Rillaboom
|-damage|p2a: Rillaboom|0 fnt
|faint|p2a: Rillaboom
|
|-heal|p1a: Darkrai|37/100|[from] Grassy Terrain
|upkeep
|
|t:|1758266466
|switch|p2a: Dragonite|Dragonite, M, shiny|100/100
|turn|8
|
|t:|1758266483
|-terastallize|p2a: Dragonite|Normal
|move|p2a: Dragonite|Extreme Speed|p1a: Darkrai
|-damage|p1a: Darkrai|0 fnt
|faint|p1a: Darkrai
|
|upkeep
|
|t:|1758266515
|switch|p1a: Okidogi|Okidogi, M|100/100
|-activate|p1a: Okidogi|move: Sticky Web
|-unboost|p1a: Okidogi|spe|1
|turn|9
|
|t:|1758266522
|switch|p2a: Pelipper|Pelipper, F, shiny|100/100
|-weather|RainDance|[from] ability: Drizzle|[of] p2a: Pelipper
|move|p1a: Okidogi|Drain Punch|p2a: Pelipper
|-resisted|p2a: Pelipper
|-damage|p2a: Pelipper|84/100
|
|-weather|RainDance|[upkeep]
|-fieldend|move: Grassy Terrain
|upkeep
|turn|10
|
|t:|1758266535
|switch|p1a: Swampert|Swampert, M|100/100
|-activate|p1a: Swampert|move: Sticky Web
|-unboost|p1a: Swampert|spe|1
|move|p2a: Pelipper|U-turn|p1a: Swampert
|-damage|p1a: Swampert|91/100
|
|t:|1758266547
|switch|p2a: Ogerpon|Ogerpon-Wellspring, F|100/100|[from] U-turn
|
|-weather|RainDance|[upkeep]
|-heal|p1a: Swampert|97/100|[from] item: Leftovers
|upkeep
|turn|11
|
|t:|1758266557
|move|p2a: Ogerpon|Horn Leech|p1a: Swampert
|-supereffective|p1a: Swampert
|-damage|p1a: Swampert|0 fnt
|faint|p1a: Swampert
|
|-weather|RainDance|[upkeep]
|upkeep
|
|t:|1758266575
|switch|p1a: Okidogi|Okidogi, M|100/100
|-activate|p1a: Okidogi|move: Sticky Web
|-unboost|p1a: Okidogi|spe|1
|turn|12
|
|t:|1758266582
|move|p2a: Ogerpon|Ivy Cudgel|p1a: Okidogi|[anim] Ivy Cudgel Water
|-damage|p1a: Okidogi|39/100
|move|p1a: Okidogi|Poison Jab|p2a: Ogerpon
|-supereffective|p2a: Ogerpon
|-damage|p2a: Ogerpon|0 fnt
|faint|p2a: Ogerpon
|
|-weather|RainDance|[upkeep]
|upkeep
|
|t:|1758266594
|switch|p2a: Manaphy|Manaphy, shiny|100/100
|turn|13
|
|t:|1758266602
|move|p2a: Manaphy|Tail Glow|p2a: Manaphy
|-boost|p2a: Manaphy|spa|3
|move|p1a: Okidogi|Poison Jab|p2a: Manaphy
|-damage|p2a: Manaphy|59/100
|-status|p2a: Manaphy|psn
|
|-weather|RainDance|[upkeep]
|-activate|p2a: Manaphy|ability: Hydration
|-curestatus|p2a: Manaphy|psn|[msg]
|upkeep
|turn|14
|
|t:|1758266618
|move|p2a: Manaphy|Surf|p1a: Okidogi
|-damage|p1a: Okidogi|0 fnt
|faint|p1a: Okidogi
|
|-weather|RainDance|[upkeep]
|upkeep
|
|t:|1758266625
|switch|p1a: Raging Bolt|Raging Bolt|100/100
|-activate|p1a: Raging Bolt|move: Sticky Web
|-unboost|p1a: Raging Bolt|spe|1
|turn|15
|
|t:|1758266631
|switch|p2a: Dragonite|Dragonite, M, shiny, tera:Normal|100/100
|move|p1a: Raging Bolt|Volt Switch|p2a: Dragonite
|-damage|p2a: Dragonite|83/100
|
|t:|1758266648
|-end|p1a: Raging Bolt|Protosynthesis|[silent]
|switch|p1a: Scizor|Scizor, M, shiny|100/100|[from] Volt Switch
|-activate|p1a: Scizor|move: Sticky Web
|-unboost|p1a: Scizor|spe|1
|
|-weather|RainDance|[upkeep]
|upkeep
|turn|16
|
|t:|1758266660
|move|p2a: Dragonite|Extreme Speed|p1a: Scizor
|-resisted|p1a: Scizor
|-damage|p1a: Scizor|64/100
|move|p1a: Scizor|Swords Dance|p1a: Scizor
|-boost|p1a: Scizor|atk|2
|
|-weather|none
|upkeep
|turn|17
|
|t:|1758266674
|move|p2a: Dragonite|Extreme Speed|p1a: Scizor
|-resisted|p1a: Scizor
|-damage|p1a: Scizor|28/100
|move|p1a: Scizor|Bullet Punch|p2a: Dragonite
|-damage|p2a: Dragonite|3/100
|
|upkeep
|turn|18
|
|t:|1758266681
|move|p2a: Dragonite|Extreme Speed|p1a: Scizor
|-resisted|p1a: Scizor
|-damage|p1a: Scizor|0 fnt
|faint|p1a: Scizor
|
|upkeep
|
|t:|1758266689
|switch|p1a: Raging Bolt|Raging Bolt|100/100
|-activate|p1a: Raging Bolt|move: Sticky Web
|-unboost|p1a: Raging Bolt|spe|1
|turn|19
|
|t:|1758266694
|move|p2a: Dragonite|Extreme Speed|p1a: Raging Bolt
|-damage|p1a: Raging Bolt|56/100
|move|p1a: Raging Bolt|Thunderclap||[still]
|-fail|p1a: Raging Bolt
|
|upkeep
|turn|20
|
|t:|1758266703
|move|p2a: Dragonite|Extreme Speed|p1a: Raging Bolt
|-damage|p1a: Raging Bolt|13/100
|move|p1a: Raging Bolt|Volt Switch|p2a: Dragonite
|-damage|p2a: Dragonite|0 fnt
|faint|p2a: Dragonite
|
|upkeep
|
|t:|1758266714
|switch|p2a: Pelipper|Pelipper, F, shiny|84/100
|-weather|RainDance|[from] ability: Drizzle|[of] p2a: Pelipper
|turn|21
|
|t:|1758266723
|move|p1a: Raging Bolt|Thunderclap||[still]
|-fail|p1a: Raging Bolt
|move|p2a: Pelipper|Roost|p2a: Pelipper
|-heal|p2a: Pelipper|100/100
|-singleturn|p2a: Pelipper|move: Roost
|
|-weather|RainDance|[upkeep]
|upkeep
|turn|22
|
|t:|1758266733
|move|p1a: Raging Bolt|Thunderclap|p2a: Pelipper
|-supereffective|p2a: Pelipper
|-damage|p2a: Pelipper|0 fnt
|faint|p2a: Pelipper
|
|-weather|RainDance|[upkeep]
|upkeep
|
|t:|1758266740
|switch|p2a: Manaphy|Manaphy, shiny|59/100
|turn|23
|
|t:|1758266755
|move|p2a: Manaphy|Ice Beam|p1a: Raging Bolt
|-supereffective|p1a: Raging Bolt
|-damage|p1a: Raging Bolt|0 fnt
|faint|p1a: Raging Bolt
|-end|p1a: Raging Bolt|Protosynthesis|[silent]
|
|win|bianyuanren
|raw|2xDaddy's rating: 1178 &rarr; <strong>1154</strong><br />(-24 for losing)
|raw|bianyuanren's rating: 1197 &rarr; <strong>1221</strong><br />(+24 for winning)
|l|☆2xDaddy
|player|p1|
|l|☆bianyuanren
|player|p2|
