|j|☆mattsprojectlife
|j|☆Pastor2x
|t:|1758351482
|gametype|singles
|player|p1|mattsprojectlife|101|1115
|player|p2|Pastor2x|tuber|1078
|gen|9
|tier|[Gen 9] OU
|rated|
|rule|HP Percentage Mod: HP is shown in percentages
|rule|Endless Battle Clause: Forcing endless battles is banned
|rule|Species Clause: Limit one of each Pokémon
|rule|OHKO Clause: OHKO moves are banned
|rule|Evasion Items Clause: Evasion items are banned
|rule|Evasion Moves Clause: Evasion moves are banned
|rule|Evasion Abilities Clause: Evasion abilities are banned
|rule|Sleep Moves Clause: Sleep-inducing moves are banned
|clearpoke
|poke|p1|Primarina, F|
|poke|p1|Dragonite, F|
|poke|p1|Serperior, F|
|poke|p1|Toxapex, M|
|poke|p1|Ludicolo, M|
|poke|p1|Flareon, M|
|poke|p2|Rillaboom, F|
|poke|p2|Vulpix, L1, M|
|poke|p2|Shiftry, M|
|poke|p2|Walking Wake|
|poke|p2|Great Tusk|
|poke|p2|Hawlucha, F|
|teampreview
|
|t:|1758351493
|teamsize|p1|6
|teamsize|p2|6
|start
|switch|p1a: Toxapex|Toxapex, M|100/100
|switch|p2a: Vulpix|Vulpix, L1, M|100/100
|-weather|SunnyDay|[from] ability: Drought|[of] p2a: Vulpix
|turn|1
|inactive|Battle timer is ON: inactive players will automatically lose when time's up. (requested by mattsprojectlife)
|
|t:|1758351523
|switch|p2a: Great Tusk|Great Tusk|100/100
|-activate|p2a: Great Tusk|ability: Protosynthesis
|-start|p2a: Great Tusk|protosynthesisspe
|move|p1a: Toxapex|Rain Dance|p1a: Toxapex
|-weather|RainDance
|-end|p2a: Great Tusk|Protosynthesis
|
|-weather|RainDance|[upkeep]
|upkeep
|turn|2
|
|t:|1758351534
|move|p2a: Great Tusk|Earthquake|p1a: Toxapex
|-supereffective|p1a: Toxapex
|-damage|p1a: Toxapex|28/100
|move|p1a: Toxapex|Toxic Spikes|p2a: Great Tusk
|-sidestart|p2: Pastor2x|move: Toxic Spikes
|
|-weather|RainDance|[upkeep]
|upkeep
|turn|3
|
|t:|1758351543
|switch|p1a: Dragonite|Dragonite, F|100/100
|move|p2a: Great Tusk|Rapid Spin|p1a: Dragonite
|-damage|p1a: Dragonite|93/100
|-boost|p2a: Great Tusk|spe|1
|-sideend|p2: Pastor2x|Toxic Spikes|[from] move: Rapid Spin|[of] p2a: Great Tusk
|
|-weather|RainDance|[upkeep]
|upkeep
|turn|4
|
|t:|1758351561
|switch|p1a: Ludicolo|Ludicolo, M|100/100
|move|p2a: Great Tusk|Stealth Rock|p1a: Ludicolo
|-sidestart|p1: mattsprojectlife|move: Stealth Rock
|
|-weather|RainDance|[upkeep]
|upkeep
|turn|5
|
|t:|1758351581
|-end|p2a: Great Tusk|Protosynthesis|[silent]
|switch|p2a: Rillaboom|Rillaboom, F|100/100
|-fieldstart|move: Grassy Terrain|[from] ability: Grassy Surge|[of] p2a: Rillaboom
|move|p1a: Ludicolo|Weather Ball|p2a: Rillaboom
|-resisted|p2a: Rillaboom
|-damage|p2a: Rillaboom|33/100
|
|-weather|RainDance|[upkeep]
|-heal|p2a: Rillaboom|39/100|[from] Grassy Terrain
|-heal|p2a: Rillaboom|45/100|[from] item: Leftovers
|upkeep
|turn|6
|
|t:|1758351605
|move|p1a: Ludicolo|Weather Ball|p2a: Rillaboom
|-resisted|p2a: Rillaboom
|-damage|p2a: Rillaboom|0 fnt
|faint|p2a: Rillaboom
|
|-weather|RainDance|[upkeep]
|upkeep
|
|t:|1758351615
|switch|p2a: Hawlucha|Hawlucha, F|100/100
|-enditem|p2a: Hawlucha|Grassy Seed
|-boost|p2a: Hawlucha|def|1|[from] item: Grassy Seed
|turn|7
|
|t:|1758351621
|move|p2a: Hawlucha|Acrobatics|p1a: Ludicolo
|-supereffective|p1a: Ludicolo
|-damage|p1a: Ludicolo|0 fnt
|faint|p1a: Ludicolo
|
|-weather|RainDance|[upkeep]
|upkeep
|
|t:|1758351634
|switch|p1a: Toxapex|Toxapex, M|61/100
|-damage|p1a: Toxapex|49/100|[from] Stealth Rock
|turn|8
|
|t:|1758351655
|move|p2a: Hawlucha|Swords Dance|p2a: Hawlucha
|-boost|p2a: Hawlucha|atk|2
|move|p1a: Toxapex|Pain Split|p2a: Hawlucha
|-sethp|p2a: Hawlucha|70/100|[from] move: Pain Split|[silent]
|-sethp|p1a: Toxapex|86/100|[from] move: Pain Split
|
|-weather|none
|-heal|p1a: Toxapex|93/100|[from] Grassy Terrain
|upkeep
|turn|9
|
|t:|1758351668
|move|p1a: Toxapex|Baneful Bunker|p1a: Toxapex
|-singleturn|p1a: Toxapex|move: Protect
|move|p2a: Hawlucha|Swords Dance|p2a: Hawlucha
|-boost|p2a: Hawlucha|atk|2
|
|-heal|p1a: Toxapex|99/100|[from] Grassy Terrain
|-fieldend|move: Grassy Terrain
|upkeep
|turn|10
|
|t:|1758351696
|move|p2a: Hawlucha|Acrobatics|p1a: Toxapex
|-damage|p1a: Toxapex|0 fnt
|faint|p1a: Toxapex
|
|upkeep
|
|t:|1758351703
|switch|p1a: Dragonite|Dragonite, F|93/100
|-damage|p1a: Dragonite|68/100|[from] Stealth Rock
|turn|11
|
|t:|1758351718
|move|p1a: Dragonite|Extreme Speed|p2a: Hawlucha
|-damage|p2a: Hawlucha|45/100
|move|p2a: Hawlucha|Acrobatics|p1a: Dragonite
|-damage|p1a: Dragonite|0 fnt
|faint|p1a: Dragonite
|
|upkeep
|
|t:|1758351726
|switch|p1a: Flareon|Flareon, M|100/100
|-damage|p1a: Flareon|75/100|[from] Stealth Rock
|turn|12
|
|t:|1758351736
|move|p1a: Flareon|Quick Attack|p2a: Hawlucha
|-damage|p2a: Hawlucha|33/100
|move|p2a: Hawlucha|Acrobatics|p1a: Flareon
|-damage|p1a: Flareon|0 fnt
|faint|p1a: Flareon
|
|upkeep
|inactive|mattsprojectlife has 120 seconds left.
|inactive|mattsprojectlife has 90 seconds left.
|c|☆Pastor2x|lol
|inactive|mattsprojectlife has 60 seconds left.
|inactive|mattsprojectlife has 30 seconds left.
|inactive|mattsprojectlife has 20 seconds left.
|inactive|mattsprojectlife has 15 seconds left.
|inactive|mattsprojectlife has 10 seconds left.
|inactive|mattsprojectlife has 5 seconds left.
|-message|mattsprojectlife lost due to inactivity.
|
|win|Pastor2x
|raw|mattsprojectlife's rating: 1115 &rarr; <strong>1087</strong><br />(-28 for losing)
|raw|Pastor2x's rating: 1078 &rarr; <strong>1109</strong><br />(+31 for winning)
