|j|☆bloodyregina
|j|☆maxbiatch
|t:|1758334607
|gametype|singles
|player|p1|bloodyregina|266|1498
|player|p2|maxbiatch|102|1484
|gen|9
|tier|[Gen 9] OU
|rated|
|rule|HP Percentage Mod: HP is shown in percentages
|rule|Endless Battle Clause: Forcing endless battles is banned
|rule|Species Clause: Limit one of each Pokémon
|rule|OHKO Clause: OHKO moves are banned
|rule|Evasion Items Clause: Evasion items are banned
|rule|Evasion Moves Clause: Evasion moves are banned
|rule|Evasion Abilities Clause: Evasion abilities are banned
|rule|Sleep Moves Clause: Sleep-inducing moves are banned
|clearpoke
|poke|p1|Samurott-Hisui, F|
|poke|p1|Gholdengo|
|poke|p1|Landorus-Therian, M|
|poke|p1|Hydrapple, F|
|poke|p1|Skeledirge, M|
|poke|p1|Iron Valiant|
|poke|p2|Zapdos|
|poke|p2|Slowking-Galar, M|
|poke|p2|Iron Valiant|
|poke|p2|Great Tusk|
|poke|p2|Ogerpon-Wellspring, F|
|poke|p2|Kingambit, M|
|teampreview
|
|t:|1758334613
|teamsize|p1|6
|teamsize|p2|6
|start
|switch|p1a: Samurott|Samurott-Hisui, F|100/100
|switch|p2a: Zapdos|Zapdos, shiny|100/100
|turn|1
|
|t:|1758334628
|switch|p1a: Landorus|Landorus-Therian, M|100/100
|-ability|p1a: Landorus|Intimidate|boost
|-unboost|p2a: Zapdos|atk|1
|move|p2a: Zapdos|Discharge|p1a: Landorus
|-immune|p1a: Landorus
|
|upkeep
|turn|2
|
|t:|1758334641
|move|p1a: Landorus|Stealth Rock|p2a: Zapdos
|-sidestart|p2: maxbiatch|move: Stealth Rock
|move|p2a: Zapdos|Hurricane|p1a: Landorus
|-damage|p1a: Landorus|44/100
|-start|p1a: Landorus|confusion
|
|upkeep
|turn|3
|
|t:|1758334667
|switch|p1a: Gholdengo|Gholdengo|100/100
|-item|p1a: Gholdengo|Air Balloon
|move|p2a: Zapdos|U-turn|p1a: Gholdengo
|-resisted|p1a: Gholdengo
|-damage|p1a: Gholdengo|99/100
|-enditem|p1a: Gholdengo|Air Balloon
|
|t:|1758334696
|switch|p2a: Great Tusk|Great Tusk, shiny|100/100|[from] U-turn
|-damage|p2a: Great Tusk|98/100|[from] Stealth Rock
|
|upkeep
|turn|4
|
|t:|1758334729
|-end|p2a: Great Tusk|Protosynthesis|[silent]
|switch|p2a: Slowking|Slowking-Galar, M, shiny|100/100
|switch|p1a: Hydrapple|Hydrapple, F|100/100
|
|upkeep
|turn|5
|
|t:|1758334739
|switch|p1a: Gholdengo|Gholdengo|99/100
|-prepare|p2a: Slowking|Chilly Reception|[premajor]
|move|p2a: Slowking|Chilly Reception|p2a: Slowking
|-weather|Snowscape
|
|t:|1758334745
|switch|p2a: Great Tusk|Great Tusk, shiny|98/100|[from] Chilly Reception
|-damage|p2a: Great Tusk|95/100|[from] Stealth Rock
|
|-weather|Snowscape|[upkeep]
|upkeep
|turn|6
|
|t:|1758334754
|switch|p1a: Landorus|Landorus-Therian, M|44/100
|-ability|p1a: Landorus|Intimidate|boost
|-unboost|p2a: Great Tusk|atk|1
|move|p2a: Great Tusk|Headlong Rush|p1a: Landorus
|-immune|p1a: Landorus
|
|-weather|Snowscape|[upkeep]
|upkeep
|turn|7
|
|t:|1758334766
|move|p1a: Landorus|Earthquake|p2a: Great Tusk
|-damage|p2a: Great Tusk|34/100
|move|p2a: Great Tusk|Rapid Spin|p1a: Landorus
|-damage|p1a: Landorus|29/100
|-boost|p2a: Great Tusk|spe|1
|-sideend|p2: maxbiatch|Stealth Rock|[from] move: Rapid Spin|[of] p2a: Great Tusk
|
|-weather|Snowscape|[upkeep]
|upkeep
|turn|8
|
|t:|1758334775
|move|p2a: Great Tusk|Ice Spinner|p1a: Landorus
|-supereffective|p1a: Landorus
|-damage|p1a: Landorus|0 fnt
|faint|p1a: Landorus
|
|-weather|Snowscape|[upkeep]
|upkeep
|
|t:|1758334808
|switch|p1a: Iron Valiant|Iron Valiant|100/100
|-enditem|p1a: Iron Valiant|Booster Energy
|-activate|p1a: Iron Valiant|ability: Quark Drive|[fromitem]
|-start|p1a: Iron Valiant|quarkdrivespe
|turn|9
|
|t:|1758334823
|move|p1a: Iron Valiant|Swords Dance|p1a: Iron Valiant
|-boost|p1a: Iron Valiant|atk|2
|move|p2a: Great Tusk|Headlong Rush|p1a: Iron Valiant
|-damage|p1a: Iron Valiant|45/100
|-unboost|p2a: Great Tusk|def|1
|-unboost|p2a: Great Tusk|spd|1
|
|-weather|none
|upkeep
|turn|10
|
|t:|1758334838
|move|p1a: Iron Valiant|Close Combat|p2a: Great Tusk
|-damage|p2a: Great Tusk|0 fnt
|-unboost|p1a: Iron Valiant|def|1
|-unboost|p1a: Iron Valiant|spd|1
|-damage|p1a: Iron Valiant|29/100|[from] item: Rocky Helmet|[of] p2a: Great Tusk
|faint|p2a: Great Tusk
|-end|p2a: Great Tusk|Protosynthesis|[silent]
|
|upkeep
|
|t:|1758334841
|switch|p2a: Zapdos|Zapdos, shiny|100/100
|turn|11
|
|t:|1758334852
|move|p1a: Iron Valiant|Knock Off|p2a: Zapdos
|-damage|p2a: Zapdos|56/100
|-enditem|p2a: Zapdos|Heavy-Duty Boots|[from] move: Knock Off|[of] p1a: Iron Valiant
|move|p2a: Zapdos|Discharge|p1a: Iron Valiant
|-damage|p1a: Iron Valiant|0 fnt
|faint|p1a: Iron Valiant
|-end|p1a: Iron Valiant|Quark Drive|[silent]
|
|upkeep
|
|t:|1758334865
|switch|p1a: Gholdengo|Gholdengo|99/100
|turn|12
|
|t:|1758334882
|switch|p2a: Kingambit|Kingambit, M, shiny|100/100
|-activate|p2a: Kingambit|ability: Supreme Overlord
|-start|p2a: Kingambit|fallen1|[silent]
|move|p1a: Gholdengo|Hex|p2a: Kingambit
|-resisted|p2a: Kingambit
|-damage|p2a: Kingambit|86/100
|
|-heal|p2a: Kingambit|92/100|[from] item: Leftovers
|upkeep
|turn|13
|
|t:|1758334897
|switch|p1a: Hydrapple|Hydrapple, F|100/100
|move|p2a: Kingambit|Kowtow Cleave|p1a: Hydrapple
|-damage|p1a: Hydrapple|69/100
|-damage|p2a: Kingambit|75/100|[from] item: Rocky Helmet|[of] p1a: Hydrapple
|
|-heal|p2a: Kingambit|81/100|[from] item: Leftovers
|upkeep
|turn|14
|
|t:|1758334914
|-end|p2a: Kingambit|fallen1|[silent]
|switch|p2a: Slowking|Slowking-Galar, M, shiny|100/100
|move|p1a: Hydrapple|Nasty Plot|p1a: Hydrapple
|-boost|p1a: Hydrapple|spa|2
|
|upkeep
|turn|15
|
|t:|1758334929
|move|p1a: Hydrapple|Earth Power|p2a: Slowking
|-supereffective|p2a: Slowking
|-damage|p2a: Slowking|43/100
|-unboost|p2a: Slowking|spd|1
|move|p2a: Slowking|Sludge Bomb|p1a: Hydrapple
|-supereffective|p1a: Hydrapple
|-damage|p1a: Hydrapple|1/100
|-status|p1a: Hydrapple|psn
|
|-damage|p1a: Hydrapple|0 fnt|[from] psn
|faint|p1a: Hydrapple
|upkeep
|
|t:|1758334941
|switch|p1a: Samurott|Samurott-Hisui, F|100/100
|turn|16
|
|t:|1758334954
|move|p1a: Samurott|Ceaseless Edge|p2a: Slowking
|-supereffective|p2a: Slowking
|-damage|p2a: Slowking|0 fnt
|-sidestart|p2: maxbiatch|Spikes
|faint|p2a: Slowking
|
|upkeep
|
|t:|1758334958
|switch|p2a: Zapdos|Zapdos, shiny|56/100
|turn|17
|
|t:|1758334963
|move|p2a: Zapdos|Roost|p2a: Zapdos
|-heal|p2a: Zapdos|100/100
|-singleturn|p2a: Zapdos|move: Roost
|move|p1a: Samurott|Ceaseless Edge|p2a: Zapdos
|-damage|p2a: Zapdos|65/100
|-status|p1a: Samurott|par|[from] ability: Static|[of] p2a: Zapdos
|-sidestart|p2: maxbiatch|Spikes
|
|upkeep
|turn|18
|
|t:|1758334976
|move|p2a: Zapdos|Roost|p2a: Zapdos
|-heal|p2a: Zapdos|100/100
|-singleturn|p2a: Zapdos|move: Roost
|move|p1a: Samurott|Ceaseless Edge|p2a: Zapdos
|-damage|p2a: Zapdos|70/100
|-sidestart|p2: maxbiatch|Spikes
|
|upkeep
|turn|19
|
|t:|1758334983
|move|p2a: Zapdos|Discharge|p1a: Samurott
|-supereffective|p1a: Samurott
|-damage|p1a: Samurott|17/100 par
|move|p1a: Samurott|Aqua Cutter|p2a: Zapdos
|-damage|p2a: Zapdos|35/100
|
|upkeep
|turn|20
|
|t:|1758334997
|switch|p1a: Gholdengo|Gholdengo|99/100
|move|p2a: Zapdos|Roost|p2a: Zapdos
|-heal|p2a: Zapdos|85/100
|-singleturn|p2a: Zapdos|move: Roost
|
|upkeep
|turn|21
|
|t:|1758335002
|move|p2a: Zapdos|Discharge|p1a: Gholdengo
|-damage|p1a: Gholdengo|71/100
|-status|p1a: Gholdengo|par
|move|p1a: Gholdengo|Hex|p2a: Zapdos
|-damage|p2a: Zapdos|57/100
|
|upkeep
|turn|22
|
|t:|1758335012
|move|p2a: Zapdos|Discharge|p1a: Gholdengo
|-crit|p1a: Gholdengo
|-damage|p1a: Gholdengo|33/100 par
|move|p1a: Gholdengo|Recover|p1a: Gholdengo
|-heal|p1a: Gholdengo|83/100 par
|
|upkeep
|turn|23
|
|t:|1758335023
|move|p2a: Zapdos|Discharge|p1a: Gholdengo
|-damage|p1a: Gholdengo|55/100 par
|move|p1a: Gholdengo|Hex|p2a: Zapdos
|-damage|p2a: Zapdos|26/100
|
|upkeep
|turn|24
|
|t:|1758335043
|move|p2a: Zapdos|Roost|p2a: Zapdos
|-heal|p2a: Zapdos|76/100
|-singleturn|p2a: Zapdos|move: Roost
|move|p1a: Gholdengo|Hex|p2a: Zapdos
|-damage|p2a: Zapdos|45/100
|
|upkeep
|turn|25
|
|t:|1758335051
|move|p2a: Zapdos|Roost|p2a: Zapdos
|-heal|p2a: Zapdos|96/100
|-singleturn|p2a: Zapdos|move: Roost
|cant|p1a: Gholdengo|par
|
|upkeep
|turn|26
|
|t:|1758335057
|move|p2a: Zapdos|Discharge|p1a: Gholdengo
|-damage|p1a: Gholdengo|29/100 par
|move|p1a: Gholdengo|Recover|p1a: Gholdengo
|-heal|p1a: Gholdengo|79/100 par
|
|upkeep
|turn|27
|
|t:|1758335063
|move|p2a: Zapdos|Discharge|p1a: Gholdengo
|-damage|p1a: Gholdengo|50/100 par
|move|p1a: Gholdengo|Hex|p2a: Zapdos
|-damage|p2a: Zapdos|66/100
|
|upkeep
|turn|28
|
|t:|1758335067
|move|p2a: Zapdos|Discharge|p1a: Gholdengo
|-damage|p1a: Gholdengo|24/100 par
|move|p1a: Gholdengo|Recover|p1a: Gholdengo
|-heal|p1a: Gholdengo|74/100 par
|
|upkeep
|turn|29
|
|t:|1758335072
|move|p2a: Zapdos|Discharge|p1a: Gholdengo
|-damage|p1a: Gholdengo|46/100 par
|cant|p1a: Gholdengo|par
|
|upkeep
|turn|30
|
|t:|1758335081
|move|p2a: Zapdos|Discharge|p1a: Gholdengo
|-damage|p1a: Gholdengo|20/100 par
|move|p1a: Gholdengo|Recover|p1a: Gholdengo
|-heal|p1a: Gholdengo|70/100 par
|
|upkeep
|turn|31
|
|t:|1758335086
|move|p2a: Zapdos|Discharge|p1a: Gholdengo
|-damage|p1a: Gholdengo|43/100 par
|move|p1a: Gholdengo|Hex|p2a: Zapdos
|-damage|p2a: Zapdos|35/100
|
|upkeep
|turn|32
|
|t:|1758335099
|move|p2a: Zapdos|Discharge|p1a: Gholdengo
|-damage|p1a: Gholdengo|17/100 par
|move|p1a: Gholdengo|Recover|p1a: Gholdengo
|-heal|p1a: Gholdengo|67/100 par
|
|upkeep
|turn|33
|
|t:|1758335106
|move|p2a: Zapdos|Roost|p2a: Zapdos
|-heal|p2a: Zapdos|85/100
|-singleturn|p2a: Zapdos|move: Roost
|move|p1a: Gholdengo|Hex|p2a: Zapdos
|-damage|p2a: Zapdos|54/100
|
|upkeep
|turn|34
|
|t:|1758335112
|move|p2a: Zapdos|Discharge|p1a: Gholdengo
|-damage|p1a: Gholdengo|41/100 par
|move|p1a: Gholdengo|Hex|p2a: Zapdos
|-damage|p2a: Zapdos|23/100
|
|upkeep
|turn|35
|
|t:|1758335118
|move|p2a: Zapdos|Discharge|p1a: Gholdengo
|-damage|p1a: Gholdengo|14/100 par
|move|p1a: Gholdengo|Hex|p2a: Zapdos
|-damage|p2a: Zapdos|0 fnt
|faint|p2a: Zapdos
|
|upkeep
|
|t:|1758335143
|switch|p2a: Ogerpon|Ogerpon-Wellspring, F|100/100
|-damage|p2a: Ogerpon|76/100|[from] Spikes
|turn|36
|
|t:|1758335148
|move|p2a: Ogerpon|Ivy Cudgel|p1a: Gholdengo|[anim] Ivy Cudgel Water
|-crit|p1a: Gholdengo
|-damage|p1a: Gholdengo|0 fnt
|faint|p1a: Gholdengo
|
|upkeep
|
|t:|1758335158
|switch|p1a: Skeledirge|Skeledirge, M|100/100
|turn|37
|
|t:|1758335163
|move|p2a: Ogerpon|Knock Off|p1a: Skeledirge
|-supereffective|p1a: Skeledirge
|-damage|p1a: Skeledirge|52/100
|-enditem|p1a: Skeledirge|Heavy-Duty Boots|[from] move: Knock Off|[of] p2a: Ogerpon
|move|p1a: Skeledirge|Will-O-Wisp|p2a: Ogerpon
|-status|p2a: Ogerpon|brn
|
|-damage|p2a: Ogerpon|70/100 brn|[from] brn
|upkeep
|turn|38
|
|t:|1758335171
|move|p2a: Ogerpon|U-turn|p1a: Skeledirge
|-resisted|p1a: Skeledirge
|-damage|p1a: Skeledirge|50/100
|
|t:|1758335182
|switch|p2a: Kingambit|Kingambit, M, shiny|81/100|[from] U-turn
|-damage|p2a: Kingambit|56/100|[from] Spikes
|-activate|p2a: Kingambit|ability: Supreme Overlord
|-start|p2a: Kingambit|fallen3|[silent]
|move|p1a: Skeledirge|Slack Off|p1a: Skeledirge
|-heal|p1a: Skeledirge|99/100
|
|-heal|p2a: Kingambit|62/100|[from] item: Leftovers
|upkeep
|turn|39
|
|t:|1758335196
|-terastallize|p1a: Skeledirge|Fire
|move|p1a: Skeledirge|Will-O-Wisp|p2a: Kingambit
|-status|p2a: Kingambit|brn
|move|p2a: Kingambit|Swords Dance|p2a: Kingambit
|-boost|p2a: Kingambit|atk|2
|
|-heal|p2a: Kingambit|69/100 brn|[from] item: Leftovers
|-damage|p2a: Kingambit|62/100 brn|[from] brn
|upkeep
|turn|40
|
|t:|1758335207
|move|p1a: Skeledirge|Torch Song|p2a: Kingambit
|-supereffective|p2a: Kingambit
|-damage|p2a: Kingambit|0 fnt
|-boost|p1a: Skeledirge|spa|1
|faint|p2a: Kingambit
|-end|p2a: Kingambit|fallen3|[silent]
|
|upkeep
|
|t:|1758335215
|switch|p2a: Ogerpon|Ogerpon-Wellspring, F|70/100 brn
|-damage|p2a: Ogerpon|45/100 brn|[from] Spikes
|turn|41
|
|t:|1758335221
|move|p2a: Ogerpon|Ivy Cudgel|p1a: Skeledirge|[anim] Ivy Cudgel Water
|-supereffective|p1a: Skeledirge
|-damage|p1a: Skeledirge|61/100
|move|p1a: Skeledirge|Hex|p2a: Ogerpon
|-damage|p2a: Ogerpon|0 fnt
|faint|p2a: Ogerpon
|
|upkeep
|
|t:|1758335226
|switch|p2a: Iron Valiant|Iron Valiant, shiny|100/100
|-damage|p2a: Iron Valiant|76/100|[from] Spikes
|-enditem|p2a: Iron Valiant|Booster Energy
|-activate|p2a: Iron Valiant|ability: Quark Drive|[fromitem]
|-start|p2a: Iron Valiant|quarkdrivespe
|turn|42
|
|t:|1758335232
|move|p2a: Iron Valiant|Close Combat|p1a: Skeledirge
|-damage|p1a: Skeledirge|28/100
|-unboost|p2a: Iron Valiant|def|1
|-unboost|p2a: Iron Valiant|spd|1
|move|p1a: Skeledirge|Torch Song|p2a: Iron Valiant
|-damage|p2a: Iron Valiant|0 fnt
|-boost|p1a: Skeledirge|spa|1
|faint|p2a: Iron Valiant
|-end|p2a: Iron Valiant|Quark Drive|[silent]
|
|win|bloodyregina
|raw|bloodyregina's rating: 1498 &rarr; <strong>1517</strong><br />(+19 for winning)
|raw|maxbiatch's rating: 1484 &rarr; <strong>1465</strong><br />(-19 for losing)
|l|☆maxbiatch
|player|p2|
