|j|☆mo007001
|j|☆guanghua66
|t:|1758277549
|gametype|singles
|player|p1|mo007001|clerk|1139
|player|p2|guanghua66|1|1099
|gen|9
|tier|[Gen 9] OU
|rated|
|rule|HP Percentage Mod: HP is shown in percentages
|rule|Endless Battle Clause: Forcing endless battles is banned
|rule|Species Clause: Limit one of each Pokémon
|rule|OHKO Clause: OHKO moves are banned
|rule|Evasion Items Clause: Evasion items are banned
|rule|Evasion Moves Clause: Evasion moves are banned
|rule|Evasion Abilities Clause: Evasion abilities are banned
|rule|Sleep Moves Clause: Sleep-inducing moves are banned
|clearpoke
|poke|p1|Pelipper, F|
|poke|p1|Azumarill, M|
|poke|p1|Floatzel, M|
|poke|p1|Kingdra, M|
|poke|p1|Torterra, M|
|poke|p1|Scizor, M|
|poke|p2|Noivern, F|
|poke|p2|Tauros-Paldea-Blaze, M|
|poke|p2|Corviknight, F|
|poke|p2|Raichu, F|
|poke|p2|Alomomola, M|
|poke|p2|Slowking-Galar, F|
|teampreview
|
|t:|1758277553
|teamsize|p1|6
|teamsize|p2|6
|start
|switch|p1a: 大嘴丸|Pelipper, F|100/100
|switch|p2a: Noivern|Noivern, F|100/100
|-weather|RainDance|[from] ability: Drizzle|[of] p1a: 大嘴丸
|turn|1
|
|t:|1758277561
|switch|p1a: 勘九螂|Scizor, M|100/100
|move|p2a: Noivern|Draco Meteor|p1a: 勘九螂
|-resisted|p1a: 勘九螂
|-damage|p1a: 勘九螂|53/100
|-unboost|p2a: Noivern|spa|2
|
|-weather|RainDance|[upkeep]
|-heal|p1a: 勘九螂|59/100|[from] item: Leftovers
|upkeep
|turn|2
|
|t:|1758277572
|switch|p2a: Corviknight|Corviknight, F, shiny|100/100
|-ability|p2a: Corviknight|Pressure
|move|p1a: 勘九螂|U-turn|p2a: Corviknight
|-resisted|p2a: Corviknight
|-damage|p2a: Corviknight|96/100
|-damage|p1a: 勘九螂|43/100|[from] item: Rocky Helmet|[of] p2a: Corviknight
|
|t:|1758277581
|switch|p1a: 日向宁刺|Kingdra, M|100/100|[from] U-turn
|
|-weather|RainDance|[upkeep]
|upkeep
|turn|3
|
|t:|1758277587
|switch|p2a: Slowking|Slowking-Galar, F|100/100
|move|p1a: 日向宁刺|Surf|p2a: Slowking
|-damage|p2a: Slowking|66/100
|-damage|p1a: 日向宁刺|91/100|[from] item: Life Orb
|
|-weather|RainDance|[upkeep]
|upkeep
|turn|4
|
|t:|1758277597
|move|p1a: 日向宁刺|Surf|p2a: Slowking
|-damage|p2a: Slowking|30/100
|-damage|p1a: 日向宁刺|81/100|[from] item: Life Orb
|move|p2a: Slowking|Future Sight|p1a: 日向宁刺
|-start|p2a: Slowking|move: Future Sight
|
|-weather|RainDance|[upkeep]
|upkeep
|turn|5
|
|t:|1758277613
|switch|p2a: Alomomola|Alomomola, M|100/100
|move|p1a: 日向宁刺|Surf|p2a: Alomomola
|-resisted|p2a: Alomomola
|-crit|p2a: Alomomola
|-damage|p2a: Alomomola|34/100
|-damage|p1a: 日向宁刺|71/100|[from] item: Life Orb
|
|-weather|RainDance|[upkeep]
|upkeep
|turn|6
|
|t:|1758277623
|switch|p1a: 勘九螂|Scizor, M|43/100
|move|p2a: Alomomola|Protect||[still]
|-fail|p2a: Alomomola
|
|-weather|RainDance|[upkeep]
|-end|p1a: 勘九螂|move: Future Sight
|-resisted|p1a: 勘九螂
|-damage|p1a: 勘九螂|13/100
|-heal|p1a: 勘九螂|19/100|[from] item: Leftovers
|upkeep
|turn|7
|
|t:|1758277634
|move|p1a: 勘九螂|U-turn|p2a: Alomomola
|-damage|p2a: Alomomola|17/100
|
|t:|1758277639
|switch|p1a: 宇智波鼬|Floatzel, M|100/100|[from] U-turn
|move|p2a: Alomomola|Wish|p2a: Alomomola
|
|-weather|RainDance|[upkeep]
|upkeep
|turn|8
|
|t:|1758277646
|move|p2a: Alomomola|Protect|p2a: Alomomola
|-singleturn|p2a: Alomomola|Protect
|move|p1a: 宇智波鼬|Wave Crash|p2a: Alomomola
|-activate|p2a: Alomomola|move: Protect
|
|-weather|none
|-heal|p2a: Alomomola|67/100|[from] move: Wish|[wisher] Alomomola
|upkeep
|turn|9
|
|t:|1758277659
|switch|p1a: 大嘴丸|Pelipper, F|100/100
|-weather|RainDance|[from] ability: Drizzle|[of] p1a: 大嘴丸
|move|p2a: Alomomola|Flip Turn|p1a: 大嘴丸
|-resisted|p1a: 大嘴丸
|-damage|p1a: 大嘴丸|89/100
|
|t:|1758277669
|switch|p2a: Noivern|Noivern, F|100/100|[from] Flip Turn
|
|-weather|RainDance|[upkeep]
|upkeep
|turn|10
|
|t:|1758277675
|switch|p1a: 勘九螂|Scizor, M|19/100
|move|p2a: Noivern|Draco Meteor|p1a: 勘九螂
|-resisted|p1a: 勘九螂
|-damage|p1a: 勘九螂|0 fnt
|-unboost|p2a: Noivern|spa|2
|faint|p1a: 勘九螂
|
|-weather|RainDance|[upkeep]
|upkeep
|
|t:|1758277694
|switch|p1a: 日向宁刺|Kingdra, M|71/100
|turn|11
|
|t:|1758277705
|switch|p2a: Alomomola|Alomomola, M|100/100
|move|p1a: 日向宁刺|Dragon Pulse|p2a: Alomomola
|-damage|p2a: Alomomola|39/100
|-damage|p1a: 日向宁刺|61/100|[from] item: Life Orb
|
|-weather|RainDance|[upkeep]
|upkeep
|turn|12
|
|t:|1758277714
|move|p2a: Alomomola|Protect|p2a: Alomomola
|-singleturn|p2a: Alomomola|Protect
|move|p1a: 日向宁刺|Dragon Pulse|p2a: Alomomola
|-activate|p2a: Alomomola|move: Protect
|
|-weather|RainDance|[upkeep]
|upkeep
|turn|13
|
|t:|1758277721
|switch|p2a: Slowking|Slowking-Galar, F|63/100
|move|p1a: 日向宁刺|Surf|p2a: Slowking
|-damage|p2a: Slowking|30/100
|-damage|p1a: 日向宁刺|51/100|[from] item: Life Orb
|
|-weather|RainDance|[upkeep]
|upkeep
|turn|14
|
|t:|1758277737
|switch|p2a: Alomomola|Alomomola, M|72/100
|move|p1a: 日向宁刺|Surf|p2a: Alomomola
|-resisted|p2a: Alomomola
|-damage|p2a: Alomomola|23/100
|-damage|p1a: 日向宁刺|41/100|[from] item: Life Orb
|
|-weather|RainDance|[upkeep]
|upkeep
|turn|15
|
|t:|1758277746
|move|p2a: Alomomola|Protect|p2a: Alomomola
|-singleturn|p2a: Alomomola|Protect
|move|p1a: 日向宁刺|Surf|p2a: Alomomola
|-activate|p2a: Alomomola|move: Protect
|
|-weather|RainDance|[upkeep]
|upkeep
|turn|16
|
|t:|1758277756
|switch|p2a: Slowking|Slowking-Galar, F|63/100
|move|p1a: 日向宁刺|Surf|p2a: Slowking
|-damage|p2a: Slowking|29/100
|-damage|p1a: 日向宁刺|31/100|[from] item: Life Orb
|
|-weather|none
|upkeep
|turn|17
|
|t:|1758277777
|switch|p2a: Noivern|Noivern, F|100/100
|move|p1a: 日向宁刺|Dragon Pulse|p2a: Noivern
|-supereffective|p2a: Noivern
|-damage|p2a: Noivern|0 fnt
|faint|p2a: Noivern
|-damage|p1a: 日向宁刺|21/100|[from] item: Life Orb
|
|upkeep
|
|t:|1758277791
|switch|p2a: Raichu|Raichu, F|100/100
|turn|18
|
|t:|1758277796
|switch|p1a: 大嘴丸|Pelipper, F|89/100
|-weather|RainDance|[from] ability: Drizzle|[of] p1a: 大嘴丸
|-terastallize|p2a: Raichu|Fairy
|move|p2a: Raichu|Thunderbolt|p1a: 大嘴丸
|-supereffective|p1a: 大嘴丸
|-damage|p1a: 大嘴丸|0 fnt
|faint|p1a: 大嘴丸
|-damage|p2a: Raichu|91/100|[from] item: Life Orb
|
|-weather|RainDance|[upkeep]
|upkeep
|
|t:|1758277810
|switch|p1a: 宇智波鼬|Floatzel, M|100/100
|turn|19
|
|t:|1758277817
|switch|p2a: Corviknight|Corviknight, F, shiny|96/100
|-ability|p2a: Corviknight|Pressure
|move|p1a: 宇智波鼬|Wave Crash|p2a: Corviknight
|-damage|p2a: Corviknight|14/100
|-damage|p1a: 宇智波鼬|84/100|[from] item: Rocky Helmet|[of] p2a: Corviknight
|-damage|p1a: 宇智波鼬|49/100|[from] Recoil
|
|-weather|RainDance|[upkeep]
|upkeep
|turn|20
|
|t:|1758277828
|move|p1a: 宇智波鼬|Wave Crash|p2a: Corviknight
|-damage|p2a: Corviknight|0 fnt
|-damage|p1a: 宇智波鼬|33/100|[from] item: Rocky Helmet|[of] p2a: Corviknight
|faint|p2a: Corviknight
|-damage|p1a: 宇智波鼬|28/100|[from] Recoil
|
|-weather|RainDance|[upkeep]
|upkeep
|
|t:|1758277835
|switch|p2a: Alomomola|Alomomola, M|56/100
|turn|21
|
|t:|1758277842
|-terastallize|p1a: 宇智波鼬|Water
|move|p2a: Alomomola|Protect|p2a: Alomomola
|-singleturn|p2a: Alomomola|Protect
|move|p1a: 宇智波鼬|Wave Crash|p2a: Alomomola
|-activate|p2a: Alomomola|move: Protect
|
|-weather|RainDance|[upkeep]
|upkeep
|turn|22
|
|t:|1758277851
|move|p1a: 宇智波鼬|Wave Crash|p2a: Alomomola
|-resisted|p2a: Alomomola
|-damage|p2a: Alomomola|6/100
|-damage|p1a: 宇智波鼬|0 fnt|[from] Recoil
|faint|p1a: 宇智波鼬
|move|p2a: Alomomola|Wish|p2a: Alomomola
|
|-weather|RainDance|[upkeep]
|upkeep
|
|t:|1758277861
|switch|p1a: 阿斯玛|Azumarill, M|100/100
|turn|23
|
|t:|1758277868
|move|p2a: Alomomola|Protect|p2a: Alomomola
|-singleturn|p2a: Alomomola|Protect
|move|p1a: 阿斯玛|Belly Drum|p1a: 阿斯玛
|-damage|p1a: 阿斯玛|51/100
|-setboost|p1a: 阿斯玛|atk|6|[from] move: Belly Drum
|
|-weather|RainDance|[upkeep]
|-heal|p2a: Alomomola|56/100|[from] move: Wish|[wisher] Alomomola
|upkeep
|turn|24
|
|t:|1758277878
|move|p1a: 阿斯玛|Play Rough|p2a: Alomomola
|-damage|p2a: Alomomola|0 fnt
|faint|p2a: Alomomola
|
|-weather|RainDance|[upkeep]
|upkeep
|
|t:|1758277890
|switch|p2a: Raichu|Raichu, F, tera:Fairy|91/100
|turn|25
|
|t:|1758277893
|move|p1a: 阿斯玛|Aqua Jet|p2a: Raichu
|-damage|p2a: Raichu|0 fnt
|faint|p2a: Raichu
|
|-weather|none
|upkeep
|-message|guanghua66 forfeited.
|
|win|mo007001
|raw|mo007001's rating: 1139 &rarr; <strong>1161</strong><br />(+22 for winning)
|raw|guanghua66's rating: 1099 &rarr; <strong>1077</strong><br />(-22 for losing)
|l|☆guanghua66
|player|p2|
|l|☆mo007001
|player|p1|
