|j|☆bobamarley
|j|☆john webs
|t:|1758300621
|gametype|singles
|player|p1|bobamarley|red|1246
|player|p2|john webs|parasollady|1206
|gen|9
|tier|[Gen 9] OU
|rated|
|rule|HP Percentage Mod: HP is shown in percentages
|rule|Endless Battle Clause: Forcing endless battles is banned
|rule|Species Clause: Limit one of each Pokémon
|rule|OHKO Clause: OHKO moves are banned
|rule|Evasion Items Clause: Evasion items are banned
|rule|Evasion Moves Clause: Evasion moves are banned
|rule|Evasion Abilities Clause: Evasion abilities are banned
|rule|Sleep Moves Clause: Sleep-inducing moves are banned
|clearpoke
|poke|p1|Typhlosion, F|
|poke|p1|Torkoal, M|
|poke|p1|Venusaur, M|
|poke|p1|Dragonite, F|
|poke|p1|Kingambit, M|
|poke|p1|Great Tusk|
|poke|p2|Ribombee, F|
|poke|p2|Samurott-Hisui, M|
|poke|p2|Ogerpon-Wellspring, F|
|poke|p2|Raging Bolt|
|poke|p2|Scizor, F|
|poke|p2|Rotom|
|teampreview
|inactive|Battle timer is ON: inactive players will automatically lose when time's up. (requested by bobamarley)
|inactive|john webs has 120 seconds left.
|
|t:|1758300655
|teamsize|p1|6
|teamsize|p2|6
|start
|switch|p1a: Churrasqueira|Torkoal, M|100/100
|switch|p2a: Samurott|Samurott-Hisui, M|100/100
|-weather|SunnyDay|[from] ability: Drought|[of] p1a: Churrasqueira
|turn|1
|
|t:|1758300668
|move|p2a: Samurott|Swords Dance|p2a: Samurott
|-boost|p2a: Samurott|atk|2
|move|p1a: Churrasqueira|Stealth Rock|p2a: Samurott
|-sidestart|p2: john webs|move: Stealth Rock
|
|-weather|SunnyDay|[upkeep]
|upkeep
|turn|2
|
|t:|1758300682
|switch|p1a: Happy frog|Venusaur, M|100/100
|move|p2a: Samurott|Ceaseless Edge|p1a: Happy frog
|-damage|p1a: Happy frog|0 fnt
|-sidestart|p1: bobamarley|Spikes
|faint|p1a: Happy frog
|
|-weather|SunnyDay|[upkeep]
|upkeep
|
|t:|1758300692
|switch|p1a: Titan|Great Tusk|100/100
|-damage|p1a: Titan|88/100|[from] Spikes
|-activate|p1a: Titan|ability: Protosynthesis
|-start|p1a: Titan|protosynthesisatk
|turn|3
|
|t:|1758300697
|move|p1a: Titan|Close Combat|p2a: Samurott
|-supereffective|p2a: Samurott
|-damage|p2a: Samurott|0 fnt
|-unboost|p1a: Titan|def|1
|-unboost|p1a: Titan|spd|1
|faint|p2a: Samurott
|
|-weather|SunnyDay|[upkeep]
|upkeep
|
|t:|1758300701
|switch|p2a: Ribombee|Ribombee, F|100/100
|turn|4
|
|t:|1758300717
|switch|p2a: Rotom|Rotom|100/100
|-damage|p2a: Rotom|88/100|[from] Stealth Rock
|-end|p1a: Titan|Protosynthesis|[silent]
|switch|p1a: Churrasqueira|Torkoal, M|100/100
|-damage|p1a: Churrasqueira|88/100|[from] Spikes
|
|-weather|SunnyDay|[upkeep]
|-heal|p2a: Rotom|94/100|[from] item: Leftovers
|upkeep
|turn|5
|
|t:|1758300727
|move|p2a: Rotom|Thunderbolt|p1a: Churrasqueira
|-damage|p1a: Churrasqueira|28/100
|move|p1a: Churrasqueira|Lava Plume|p2a: Rotom
|-damage|p2a: Rotom|18/100
|
|-weather|SunnyDay|[upkeep]
|-heal|p2a: Rotom|24/100|[from] item: Leftovers
|upkeep
|turn|6
|
|t:|1758300741
|switch|p1a: Titan|Great Tusk|88/100
|-damage|p1a: Titan|76/100|[from] Spikes
|-activate|p1a: Titan|ability: Protosynthesis
|-start|p1a: Titan|protosynthesisatk
|move|p2a: Rotom|Shadow Ball|p1a: Titan
|-damage|p1a: Titan|29/100
|
|-weather|SunnyDay|[upkeep]
|-heal|p2a: Rotom|30/100|[from] item: Leftovers
|upkeep
|turn|7
|
|t:|1758300752
|move|p2a: Rotom|Shadow Ball|p1a: Titan
|-damage|p1a: Titan|0 fnt
|faint|p1a: Titan
|-end|p1a: Titan|Protosynthesis|[silent]
|
|-weather|SunnyDay|[upkeep]
|-heal|p2a: Rotom|37/100|[from] item: Leftovers
|upkeep
|
|t:|1758300767
|switch|p1a: Canceled|Typhlosion, F|100/100
|-damage|p1a: Canceled|88/100|[from] Spikes
|turn|8
|
|t:|1758300773
|move|p1a: Canceled|Eruption|p2a: Rotom
|-damage|p2a: Rotom|0 fnt
|faint|p2a: Rotom
|
|-weather|none
|upkeep
|
|t:|1758300779
|switch|p2a: Raging Bolt|Raging Bolt|100/100
|-damage|p2a: Raging Bolt|88/100|[from] Stealth Rock
|-enditem|p2a: Raging Bolt|Booster Energy
|-activate|p2a: Raging Bolt|ability: Protosynthesis|[fromitem]
|-start|p2a: Raging Bolt|protosynthesisspa
|turn|9
|
|t:|1758300784
|switch|p1a: Churrasqueira|Torkoal, M|28/100
|-damage|p1a: Churrasqueira|15/100|[from] Spikes
|-weather|SunnyDay|[from] ability: Drought|[of] p1a: Churrasqueira
|move|p2a: Raging Bolt|Thunderbolt|p1a: Churrasqueira
|-damage|p1a: Churrasqueira|0 fnt
|faint|p1a: Churrasqueira
|
|-weather|SunnyDay|[upkeep]
|upkeep
|
|t:|1758300789
|switch|p1a: Fat dragon|Dragonite, F|100/100
|turn|10
|
|t:|1758300794
|-end|p2a: Raging Bolt|Protosynthesis|[silent]
|switch|p2a: Ribombee|Ribombee, F|100/100
|move|p1a: Fat dragon|Dragon Dance|p1a: Fat dragon
|-boost|p1a: Fat dragon|atk|1
|-boost|p1a: Fat dragon|spe|1
|
|-weather|SunnyDay|[upkeep]
|upkeep
|turn|11
|
|t:|1758300798
|move|p2a: Ribombee|Sticky Web|p1a: Fat dragon
|-sidestart|p1: bobamarley|move: Sticky Web
|move|p1a: Fat dragon|Dragon Dance|p1a: Fat dragon
|-boost|p1a: Fat dragon|atk|1
|-boost|p1a: Fat dragon|spe|1
|
|-weather|SunnyDay|[upkeep]
|upkeep
|turn|12
|
|t:|1758300802
|move|p1a: Fat dragon|Dragon Dance|p1a: Fat dragon
|-boost|p1a: Fat dragon|atk|1
|-boost|p1a: Fat dragon|spe|1
|move|p2a: Ribombee|Moonblast|p1a: Fat dragon
|-supereffective|p1a: Fat dragon
|-damage|p1a: Fat dragon|68/100
|-enditem|p1a: Fat dragon|Weakness Policy
|-boost|p1a: Fat dragon|atk|2|[from] item: Weakness Policy
|-boost|p1a: Fat dragon|spa|2|[from] item: Weakness Policy
|
|-weather|SunnyDay|[upkeep]
|upkeep
|turn|13
|
|t:|1758300808
|move|p1a: Fat dragon|Extreme Speed|p2a: Ribombee
|-damage|p2a: Ribombee|0 fnt
|faint|p2a: Ribombee
|
|-weather|SunnyDay|[upkeep]
|upkeep
|
|t:|1758300811
|switch|p2a: Scizor|Scizor, F|100/100
|-damage|p2a: Scizor|88/100|[from] Stealth Rock
|turn|14
|
|t:|1758300814
|-terastallize|p2a: Scizor|Steel
|move|p2a: Scizor|Bullet Punch|p1a: Fat dragon
|-damage|p1a: Fat dragon|17/100
|-damage|p2a: Scizor|78/100|[from] item: Life Orb
|move|p1a: Fat dragon|Fire Punch|p2a: Scizor
|-supereffective|p2a: Scizor
|-damage|p2a: Scizor|0 fnt
|faint|p2a: Scizor
|
|-weather|SunnyDay|[upkeep]
|upkeep
|
|t:|1758300824
|switch|p2a: Raging Bolt|Raging Bolt|88/100
|-damage|p2a: Raging Bolt|76/100|[from] Stealth Rock
|-activate|p2a: Raging Bolt|ability: Protosynthesis
|-start|p2a: Raging Bolt|protosynthesisspa
|turn|15
|
|t:|1758300827
|-terastallize|p1a: Fat dragon|Normal
|move|p1a: Fat dragon|Extreme Speed|p2a: Raging Bolt
|-damage|p2a: Raging Bolt|0 fnt
|faint|p2a: Raging Bolt
|-end|p2a: Raging Bolt|Protosynthesis|[silent]
|
|-weather|SunnyDay|[upkeep]
|upkeep
|-message|john webs forfeited.
|
|win|bobamarley
|raw|bobamarley's rating: 1246 &rarr; <strong>1268</strong><br />(+22 for winning)
|raw|john webs's rating: 1206 &rarr; <strong>1184</strong><br />(-22 for losing)
|l|☆john webs
|player|p2|
|l|☆bobamarley
|player|p1|
