|j|☆firecharmander004
|j|☆sack800
|t:|1758370812
|gametype|singles
|player|p1|firecharmander004|1|1409
|player|p2|sack800|burglar|1391
|gen|9
|tier|[Gen 9] OU
|rated|
|rule|HP Percentage Mod: HP is shown in percentages
|rule|Endless Battle Clause: Forcing endless battles is banned
|rule|Species Clause: Limit one of each Pokémon
|rule|OHKO Clause: OHKO moves are banned
|rule|Evasion Items Clause: Evasion items are banned
|rule|Evasion Moves Clause: Evasion moves are banned
|rule|Evasion Abilities Clause: Evasion abilities are banned
|rule|Sleep Moves Clause: Sleep-inducing moves are banned
|clearpoke
|poke|p1|Iron Treads|
|poke|p1|Ogerpon-Wellspring, F|
|poke|p1|Kingambit, M|
|poke|p1|Dragapult, F|
|poke|p1|Arcanine-Hisui, M|
|poke|p1|Iron Valiant|
|poke|p2|Clefable, M|
|poke|p2|Dondozo, M|
|poke|p2|Blissey, F|
|poke|p2|Clodsire, M|
|poke|p2|Corviknight, M|
|poke|p2|Gliscor, F|
|teampreview
|inactive|Battle timer is ON: inactive players will automatically lose when time's up. (requested by firecharmander004)
|
|t:|1758370820
|teamsize|p1|6
|teamsize|p2|6
|start
|switch|p1a: Iron Treads|Iron Treads|100/100
|switch|p2a: Gliscor|Gliscor, F|100/100
|-enditem|p1a: Iron Treads|Booster Energy
|-activate|p1a: Iron Treads|ability: Quark Drive|[fromitem]
|-start|p1a: Iron Treads|quarkdrivespe
|turn|1
|
|t:|1758370824
|move|p2a: Gliscor|Protect|p2a: Gliscor
|-singleturn|p2a: Gliscor|Protect
|move|p1a: Iron Treads|Stealth Rock|p2a: Gliscor
|-sidestart|p2: sack800|move: Stealth Rock
|
|-status|p2a: Gliscor|tox|[from] item: Toxic Orb
|upkeep
|turn|2
|
|t:|1758370828
|move|p1a: Iron Treads|Steel Beam|p2a: Gliscor
|-damage|p2a: Gliscor|38/100 tox
|-damage|p1a: Iron Treads|50/100|[from] steelbeam
|move|p2a: Gliscor|Earthquake|p1a: Iron Treads
|-supereffective|p1a: Iron Treads
|-damage|p1a: Iron Treads|0 fnt
|faint|p1a: Iron Treads
|-end|p1a: Iron Treads|Quark Drive|[silent]
|
|-heal|p2a: Gliscor|50/100 tox|[from] ability: Poison Heal
|upkeep
|
|t:|1758370832
|switch|p1a: Arcanine|Arcanine-Hisui, M|100/100
|turn|3
|
|t:|1758370837
|-terastallize|p1a: Arcanine|Rock
|move|p2a: Gliscor|Protect|p2a: Gliscor
|-singleturn|p2a: Gliscor|Protect
|move|p1a: Arcanine|Head Smash|p2a: Gliscor
|-activate|p2a: Gliscor|move: Protect
|
|-heal|p2a: Gliscor|63/100 tox|[from] ability: Poison Heal
|upkeep
|turn|4
|
|t:|1758370847
|switch|p2a: Corviknight|Corviknight, M|100/100
|-damage|p2a: Corviknight|88/100|[from] Stealth Rock
|-ability|p2a: Corviknight|Pressure
|move|p1a: Arcanine|Head Smash|p2a: Corviknight
|-damage|p2a: Corviknight|0 fnt
|-damage|p1a: Arcanine|84/100|[from] item: Rocky Helmet|[of] p2a: Corviknight
|faint|p2a: Corviknight
|
|upkeep
|c|☆sack800|What a beast!!!
|
|t:|1758370869
|switch|p2a: Dondozo|Dondozo, M|100/100
|-damage|p2a: Dondozo|88/100|[from] Stealth Rock
|turn|5
|
|t:|1758370875
|switch|p1a: Iron Valiant|Iron Valiant|100/100
|-enditem|p1a: Iron Valiant|Booster Energy
|-activate|p1a: Iron Valiant|ability: Quark Drive|[fromitem]
|-start|p1a: Iron Valiant|quarkdrivespe
|move|p2a: Dondozo|Waterfall|p1a: Iron Valiant
|-damage|p1a: Iron Valiant|63/100
|
|-heal|p2a: Dondozo|94/100|[from] item: Leftovers
|upkeep
|turn|6
|
|t:|1758370888
|switch|p2a: Clodsire|Clodsire, M|100/100
|move|p1a: Iron Valiant|Knock Off|p2a: Clodsire
|-damage|p2a: Clodsire|67/100
|-enditem|p2a: Clodsire|Heavy-Duty Boots|[from] move: Knock Off|[of] p1a: Iron Valiant
|
|upkeep
|turn|7
|
|t:|1758370903
|move|p1a: Iron Valiant|Moonblast|p2a: Clodsire
|-resisted|p2a: Clodsire
|-damage|p2a: Clodsire|54/100
|move|p2a: Clodsire|Poison Jab|p1a: Iron Valiant
|-supereffective|p1a: Iron Valiant
|-damage|p1a: Iron Valiant|8/100
|
|upkeep
|turn|8
|
|t:|1758370909
|move|p1a: Iron Valiant|Encore|p2a: Clodsire
|-start|p2a: Clodsire|Encore
|move|p2a: Clodsire|Poison Jab|p1a: Iron Valiant
|-supereffective|p1a: Iron Valiant
|-damage|p1a: Iron Valiant|0 fnt
|faint|p1a: Iron Valiant
|-end|p1a: Iron Valiant|Quark Drive|[silent]
|
|upkeep
|
|t:|1758370925
|switch|p1a: Arcanine|Arcanine-Hisui, M, tera:Rock|84/100
|turn|9
|
|t:|1758370930
|move|p1a: Arcanine|Head Smash|p2a: Clodsire
|-resisted|p2a: Clodsire
|-damage|p2a: Clodsire|0 fnt
|faint|p2a: Clodsire
|
|upkeep
|
|t:|1758370934
|switch|p2a: Dondozo|Dondozo, M|94/100
|-damage|p2a: Dondozo|82/100|[from] Stealth Rock
|turn|10
|
|t:|1758370940
|switch|p1a: Dragapult|Dragapult, F|100/100
|switch|p2a: Clefable|Clefable, M|100/100
|
|upkeep
|turn|11
|
|t:|1758370951
|move|p1a: Dragapult|U-turn|p2a: Clefable
|-resisted|p2a: Clefable
|-damage|p2a: Clefable|94/100
|
|t:|1758370960
|switch|p1a: Ogerpon|Ogerpon-Wellspring, F|100/100|[from] U-turn
|move|p2a: Clefable|Knock Off|p1a: Ogerpon
|-damage|p1a: Ogerpon|88/100
|
|-heal|p2a: Clefable|99/100|[from] item: Leftovers
|upkeep
|turn|12
|
|t:|1758370967
|move|p1a: Ogerpon|Swords Dance|p1a: Ogerpon
|-boost|p1a: Ogerpon|atk|2
|move|p2a: Clefable|Moonblast|p1a: Ogerpon
|-damage|p1a: Ogerpon|53/100
|
|-heal|p2a: Clefable|100/100|[from] item: Leftovers
|upkeep
|turn|13
|
|t:|1758370971
|-terastallize|p2a: Clefable|Water
|move|p1a: Ogerpon|Ivy Cudgel|p2a: Clefable|[anim] Ivy Cudgel Water
|-resisted|p2a: Clefable
|-damage|p2a: Clefable|54/100
|move|p2a: Clefable|Moonblast|p1a: Ogerpon
|-damage|p1a: Ogerpon|17/100
|
|-heal|p2a: Clefable|60/100|[from] item: Leftovers
|upkeep
|turn|14
|
|t:|1758370984
|move|p1a: Ogerpon|Power Whip|p2a: Clefable
|-supereffective|p2a: Clefable
|-damage|p2a: Clefable|0 fnt
|faint|p2a: Clefable
|
|upkeep
|
|t:|1758370989
|switch|p2a: Blissey|Blissey, F|100/100
|turn|15
|
|t:|1758370993
|move|p1a: Ogerpon|Ivy Cudgel|p2a: Blissey|[anim] Ivy Cudgel Water
|-damage|p2a: Blissey|0 fnt
|faint|p2a: Blissey
|
|upkeep
|
|t:|1758370996
|switch|p2a: Gliscor|Gliscor, F|63/100 tox
|-damage|p2a: Gliscor|50/100 tox|[from] Stealth Rock
|turn|16
|
|t:|1758370999
|move|p1a: Ogerpon|Ivy Cudgel|p2a: Gliscor|[anim] Ivy Cudgel Water
|-supereffective|p2a: Gliscor
|-damage|p2a: Gliscor|0 fnt
|faint|p2a: Gliscor
|
|upkeep
|
|t:|1758371001
|switch|p2a: Dondozo|Dondozo, M|82/100
|-damage|p2a: Dondozo|69/100|[from] Stealth Rock
|turn|17
|
|t:|1758371002
|move|p1a: Ogerpon|Power Whip|p2a: Dondozo
|-supereffective|p2a: Dondozo
|-damage|p2a: Dondozo|5/100
|move|p2a: Dondozo|Waterfall|p1a: Ogerpon
|-heal|p1a: Ogerpon|42/100|[from] ability: Water Absorb|[of] p2a: Dondozo
|
|-heal|p2a: Dondozo|11/100|[from] item: Leftovers
|upkeep
|turn|18
|
|t:|1758371006
|move|p1a: Ogerpon|Power Whip|p2a: Dondozo
|-supereffective|p2a: Dondozo
|-damage|p2a: Dondozo|0 fnt
|faint|p2a: Dondozo
|
|win|firecharmander004
|raw|firecharmander004's rating: 1409 &rarr; <strong>1428</strong><br />(+19 for winning)
|raw|sack800's rating: 1391 &rarr; <strong>1372</strong><br />(-19 for losing)
|c|☆firecharmander004|lmao
|c|☆sack800|Gg
|c|☆firecharmander004|gg
|l|☆sack800
|player|p2|
|c|☆firecharmander004|whyd you waterfall into ogerpon tho
