|j|☆itssree
|j|☆Chibighost<3
|t:|1758263170
|gametype|singles
|player|p1|itssree|unknown|1000
|player|p2|Chibighost<3|shauntal|1057
|gen|9
|tier|[Gen 9] OU
|rated|
|rule|HP Percentage Mod: HP is shown in percentages
|rule|Endless Battle Clause: Forcing endless battles is banned
|rule|Species Clause: Limit one of each Pokémon
|rule|OHKO Clause: OHKO moves are banned
|rule|Evasion Items Clause: Evasion items are banned
|rule|Evasion Moves Clause: Evasion moves are banned
|rule|Evasion Abilities Clause: Evasion abilities are banned
|rule|Sleep Moves Clause: Sleep-inducing moves are banned
|clearpoke
|poke|p1|Chesnaught, F|
|poke|p1|Rillaboom, M|
|poke|p1|Rotom-Wash|
|poke|p1|Great Tusk|
|poke|p1|Skeledirge, F|
|poke|p1|Iron Valiant|
|poke|p2|Heracross, M|
|poke|p2|Vileplume, F|
|poke|p2|Houndstone, M|
|poke|p2|Sylveon, F|
|poke|p2|Sableye, M|
|poke|p2|Ceruledge, F|
|teampreview
|
|t:|1758263175
|teamsize|p1|6
|teamsize|p2|6
|start
|switch|p1a: Rillaboom|Rillaboom, M|100/100
|switch|p2a: Heracross|Heracross, M|100/100
|-fieldstart|move: Grassy Terrain|[from] ability: Grassy Surge|[of] p1a: Rillaboom
|turn|1
|
|t:|1758263185
|move|p2a: Heracross|Swords Dance|p2a: Heracross
|-boost|p2a: Heracross|atk|2
|move|p1a: Rillaboom|U-turn|p2a: Heracross
|-resisted|p2a: Heracross
|-damage|p2a: Heracross|74/100
|
|t:|1758263191
|switch|p1a: Chesnaught|Chesnaught, F|100/100|[from] U-turn
|
|-heal|p2a: Heracross|80/100|[from] Grassy Terrain
|upkeep
|turn|2
|
|t:|1758263201
|move|p2a: Heracross|Upper Hand||[still]
|-fail|p2a: Heracross
|move|p1a: Chesnaught|Belly Drum|p1a: Chesnaught
|-damage|p1a: Chesnaught|50/100
|-setboost|p1a: Chesnaught|atk|6|[from] move: Belly Drum
|-enditem|p1a: Chesnaught|Sitrus Berry|[eat]
|-heal|p1a: Chesnaught|75/100|[from] item: Sitrus Berry
|
|-heal|p2a: Heracross|86/100|[from] Grassy Terrain
|-heal|p1a: Chesnaught|82/100|[from] Grassy Terrain
|upkeep
|turn|3
|
|t:|1758263215
|move|p1a: Chesnaught|Spiky Shield|p1a: Chesnaught
|-singleturn|p1a: Chesnaught|move: Protect
|move|p2a: Heracross|Lunge|p1a: Chesnaught
|-activate|p1a: Chesnaught|move: Protect
|-damage|p2a: Heracross|74/100|[from] Spiky Shield|[of] p1a: Chesnaught
|
|-heal|p2a: Heracross|80/100|[from] Grassy Terrain
|-heal|p1a: Chesnaught|88/100|[from] Grassy Terrain
|upkeep
|turn|4
|
|t:|1758263225
|-terastallize|p1a: Chesnaught|Water
|move|p2a: Heracross|Lunge|p1a: Chesnaught
|-damage|p1a: Chesnaught|30/100
|-unboost|p1a: Chesnaught|atk|1
|move|p1a: Chesnaught|Drain Punch|p2a: Heracross
|-resisted|p2a: Heracross
|-damage|p2a: Heracross|0 fnt
|-heal|p1a: Chesnaught|62/100|[from] drain|[of] p2a: Heracross
|faint|p2a: Heracross
|
|-heal|p1a: Chesnaught|68/100|[from] Grassy Terrain
|upkeep
|
|t:|1758263240
|switch|p2a: Ceruledge|Ceruledge, F|100/100
|turn|5
|
|t:|1758263246
|move|p1a: Chesnaught|Spiky Shield|p1a: Chesnaught
|-singleturn|p1a: Chesnaught|move: Protect
|move|p2a: Ceruledge|Swords Dance|p2a: Ceruledge
|-boost|p2a: Ceruledge|atk|2
|
|-heal|p1a: Chesnaught|74/100|[from] Grassy Terrain
|-fieldend|move: Grassy Terrain
|upkeep
|turn|6
|-message|itssree forfeited.
|
|win|Chibighost<3
|raw|itssree's rating: 1000 &rarr; <strong>1000</strong><br />(+0 for losing)
|raw|Chibighost&lt;3's rating: 1057 &rarr; <strong>1083</strong><br />(+26 for winning)
|l|☆itssree
|player|p1|
