|j|☆Enrique2103
|j|☆Laughrjx
|t:|1758291826
|gametype|singles
|player|p1|Enrique2103|lucas|1387
|player|p2|Laughrjx|n|1397
|gen|9
|tier|[Gen 9] OU
|rated|
|rule|HP Percentage Mod: HP is shown in percentages
|rule|Endless Battle Clause: Forcing endless battles is banned
|rule|Species Clause: Limit one of each Pokémon
|rule|OHKO Clause: OHKO moves are banned
|rule|Evasion Items Clause: Evasion items are banned
|rule|Evasion Moves Clause: Evasion moves are banned
|rule|Evasion Abilities Clause: Evasion abilities are banned
|rule|Sleep Moves Clause: Sleep-inducing moves are banned
|clearpoke
|poke|p1|Raging Bolt|
|poke|p1|Enamorus, F|
|poke|p1|Alomomola, F|
|poke|p1|Heatran, M|
|poke|p1|Great Tusk|
|poke|p1|Corviknight, F|
|poke|p2|Ceruledge, F|
|poke|p2|Grimmsnarl, M|
|poke|p2|Kingambit, F|
|poke|p2|Greninja-*, M|
|poke|p2|Goodra, F|
|poke|p2|Great Tusk|
|teampreview
|inactive|Battle timer is ON: inactive players will automatically lose when time's up. (requested by Laughrjx)
|
|t:|1758291850
|teamsize|p1|6
|teamsize|p2|6
|start
|switch|p1a: Enamorus|Enamorus, F|100/100
|switch|p2a: Green Goblin|Grimmsnarl, M|100/100
|turn|1
|
|t:|1758291856
|move|p2a: Green Goblin|Light Screen|p2a: Green Goblin
|-sidestart|p2: Laughrjx|move: Light Screen
|move|p1a: Enamorus|Superpower|p2a: Green Goblin
|-damage|p2a: Green Goblin|63/100
|-boost|p1a: Enamorus|atk|1
|-boost|p1a: Enamorus|def|1
|
|upkeep
|turn|2
|
|t:|1758291864
|move|p2a: Green Goblin|Reflect|p2a: Green Goblin
|-sidestart|p2: Laughrjx|Reflect
|move|p1a: Enamorus|Moonblast|p2a: Green Goblin
|-supereffective|p2a: Green Goblin
|-damage|p2a: Green Goblin|23/100
|-unboost|p2a: Green Goblin|spa|1
|
|upkeep
|turn|3
|
|t:|1758291868
|move|p1a: Enamorus|Superpower|p2a: Green Goblin
|-damage|p2a: Green Goblin|0 fnt
|-boost|p1a: Enamorus|atk|1
|-boost|p1a: Enamorus|def|1
|faint|p2a: Green Goblin
|
|upkeep
|
|t:|1758291873
|switch|p2a: TT|Goodra, F|100/100
|turn|4
|
|t:|1758291883
|move|p1a: Enamorus|Moonblast|p2a: TT
|-supereffective|p2a: TT
|-damage|p2a: TT|78/100
|move|p2a: TT|Sludge Wave|p1a: Enamorus
|-supereffective|p1a: Enamorus
|-damage|p1a: Enamorus|2/100
|
|upkeep
|turn|5
|
|t:|1758291891
|switch|p1a: Corviknight|Corviknight, F|100/100
|move|p2a: TT|Sludge Wave|p1a: Corviknight
|-immune|p1a: Corviknight
|
|upkeep
|turn|6
|
|t:|1758291894
|move|p2a: TT|Thunderbolt|p1a: Corviknight
|-supereffective|p1a: Corviknight
|-damage|p1a: Corviknight|41/100
|move|p1a: Corviknight|Defog|p2a: TT
|-unboost|p2a: TT|evasion|1
|-sideend|p2: Laughrjx|Reflect
|-sideend|p2: Laughrjx|move: Light Screen
|
|upkeep
|turn|7
|
|t:|1758291898
|switch|p1a: Great Tusk|Great Tusk|100/100
|move|p2a: TT|Flamethrower|p1a: Great Tusk
|-damage|p1a: Great Tusk|71/100
|
|upkeep
|turn|8
|
|t:|1758291905
|switch|p2a: Dark bull|Great Tusk|100/100
|-enditem|p2a: Dark bull|Booster Energy
|-activate|p2a: Dark bull|ability: Protosynthesis|[fromitem]
|-start|p2a: Dark bull|protosynthesisatk
|move|p1a: Great Tusk|Ice Spinner|p2a: Dark bull
|-supereffective|p2a: Dark bull
|-damage|p2a: Dark bull|61/100
|
|upkeep
|turn|9
|
|t:|1758291909
|-end|p1a: Great Tusk|Protosynthesis|[silent]
|switch|p1a: Alomomola|Alomomola, F|100/100
|move|p2a: Dark bull|Rapid Spin|p1a: Alomomola
|-damage|p1a: Alomomola|87/100
|-boost|p2a: Dark bull|spe|1
|
|-heal|p1a: Alomomola|93/100|[from] item: Leftovers
|upkeep
|turn|10
|
|t:|1758291919
|move|p2a: Dark bull|Close Combat|p1a: Alomomola
|-damage|p1a: Alomomola|50/100
|-unboost|p2a: Dark bull|def|1
|-unboost|p2a: Dark bull|spd|1
|move|p1a: Alomomola|Flip Turn|p2a: Dark bull
|-supereffective|p2a: Dark bull
|-damage|p2a: Dark bull|27/100
|
|t:|1758291925
|switch|p1a: Corviknight|Corviknight, F|41/100|[from] Flip Turn
|
|upkeep
|turn|11
|
|t:|1758291930
|move|p2a: Dark bull|Close Combat|p1a: Corviknight
|-damage|p1a: Corviknight|0 fnt
|-unboost|p2a: Dark bull|def|1
|-unboost|p2a: Dark bull|spd|1
|-damage|p2a: Dark bull|10/100|[from] item: Rocky Helmet|[of] p1a: Corviknight
|faint|p1a: Corviknight
|
|upkeep
|
|t:|1758291933
|switch|p1a: Alomomola|Alomomola, F|83/100
|turn|12
|
|t:|1758291935
|move|p2a: Dark bull|Close Combat|p1a: Alomomola
|-damage|p1a: Alomomola|37/100
|-unboost|p2a: Dark bull|def|1
|-unboost|p2a: Dark bull|spd|1
|move|p1a: Alomomola|Flip Turn|p2a: Dark bull
|-supereffective|p2a: Dark bull
|-damage|p2a: Dark bull|0 fnt
|faint|p2a: Dark bull
|-end|p2a: Dark bull|Protosynthesis|[silent]
|
|t:|1758291942
|switch|p1a: Raging Bolt|Raging Bolt|100/100|[from] Flip Turn
|
|upkeep
|
|t:|1758291947
|switch|p2a: TT|Goodra, F|78/100
|turn|13
|
|t:|1758291949
|move|p1a: Raging Bolt|Volt Switch|p2a: TT
|-resisted|p2a: TT
|-damage|p2a: TT|64/100
|
|t:|1758291951
|-end|p1a: Raging Bolt|Protosynthesis|[silent]
|switch|p1a: Heatran|Heatran, M|100/100|[from] Volt Switch
|-item|p1a: Heatran|Air Balloon
|move|p2a: TT|Dragon Pulse|p1a: Heatran
|-resisted|p1a: Heatran
|-damage|p1a: Heatran|87/100
|-enditem|p1a: Heatran|Air Balloon
|
|upkeep
|turn|14
|
|t:|1758291958
|move|p2a: TT|Thunderbolt|p1a: Heatran
|-damage|p1a: Heatran|70/100
|move|p1a: Heatran|Stealth Rock|p2a: TT
|-sidestart|p2: Laughrjx|move: Stealth Rock
|
|upkeep
|turn|15
|
|t:|1758291963
|switch|p1a: Great Tusk|Great Tusk|71/100
|move|p2a: TT|Thunderbolt|p1a: Great Tusk
|-immune|p1a: Great Tusk
|
|upkeep
|turn|16
|
|t:|1758291970
|move|p1a: Great Tusk|Headlong Rush|p2a: TT
|-damage|p2a: TT|0 fnt
|-unboost|p1a: Great Tusk|def|1
|-unboost|p1a: Great Tusk|spd|1
|-ability|p2a: TT|Gooey
|-unboost|p1a: Great Tusk|spe|1
|faint|p2a: TT
|
|upkeep
|
|t:|1758291974
|switch|p2a: Starforce|Ceruledge, F|100/100
|-damage|p2a: Starforce|76/100|[from] Stealth Rock
|turn|17
|
|t:|1758291984
|-end|p1a: Great Tusk|Protosynthesis|[silent]
|switch|p1a: Alomomola|Alomomola, F|70/100
|-terastallize|p2a: Starforce|Flying
|move|p2a: Starforce|Swords Dance|p2a: Starforce
|-boost|p2a: Starforce|atk|2
|
|-heal|p1a: Alomomola|76/100|[from] item: Leftovers
|upkeep
|turn|18
|
|t:|1758291991
|move|p2a: Starforce|Swords Dance|p2a: Starforce
|-boost|p2a: Starforce|atk|2
|move|p1a: Alomomola|Scald|p2a: Starforce
|-damage|p2a: Starforce|60/100
|
|-heal|p1a: Alomomola|83/100|[from] item: Leftovers
|upkeep
|turn|19
|
|t:|1758291995
|move|p2a: Starforce|Bitter Blade|p1a: Alomomola
|-resisted|p1a: Alomomola
|-damage|p1a: Alomomola|45/100
|-heal|p2a: Starforce|95/100|[from] drain|[of] p1a: Alomomola
|move|p1a: Alomomola|Scald|p2a: Starforce
|-damage|p2a: Starforce|80/100
|
|-heal|p1a: Alomomola|51/100|[from] item: Leftovers
|upkeep
|turn|20
|
|t:|1758292006
|move|p2a: Starforce|Bitter Blade|p1a: Alomomola
|-resisted|p1a: Alomomola
|-damage|p1a: Alomomola|13/100
|-heal|p2a: Starforce|100/100|[from] drain|[of] p1a: Alomomola
|move|p1a: Alomomola|Wish|p1a: Alomomola
|
|-heal|p1a: Alomomola|20/100|[from] item: Leftovers
|upkeep
|turn|21
|
|t:|1758292012
|move|p2a: Starforce|Close Combat|p1a: Alomomola
|-damage|p1a: Alomomola|0 fnt
|-unboost|p2a: Starforce|def|1
|-unboost|p2a: Starforce|spd|1
|faint|p1a: Alomomola
|
|upkeep
|
|t:|1758292014
|switch|p1a: Raging Bolt|Raging Bolt|100/100
|turn|22
|
|t:|1758292018
|move|p1a: Raging Bolt|Thunderclap|p2a: Starforce
|-supereffective|p2a: Starforce
|-enditem|p2a: Starforce|Focus Sash
|-damage|p2a: Starforce|1/100
|move|p2a: Starforce|Close Combat|p1a: Raging Bolt
|-damage|p1a: Raging Bolt|0 fnt
|-unboost|p2a: Starforce|def|1
|-unboost|p2a: Starforce|spd|1
|faint|p1a: Raging Bolt
|-end|p1a: Raging Bolt|Protosynthesis|[silent]
|
|upkeep
|
|t:|1758292029
|switch|p1a: Enamorus|Enamorus, F|2/100
|turn|23
|
|t:|1758292032
|move|p2a: Starforce|Shadow Sneak|p1a: Enamorus
|-damage|p1a: Enamorus|0 fnt
|faint|p1a: Enamorus
|
|upkeep
|-message|Enrique2103 forfeited.
|
|win|Laughrjx
|raw|Enrique2103's rating: 1387 &rarr; <strong>1368</strong><br />(-19 for losing)
|raw|Laughrjx's rating: 1397 &rarr; <strong>1416</strong><br />(+19 for winning)
|l|☆Enrique2103
|player|p1|
|l|☆Laughrjx
|player|p2|
