|j|☆MVA Monotype
|j|☆huang_zong
|t:|1758376271
|gametype|singles
|player|p1|MVA Monotype|riley|1266
|player|p2|huang_zong|1|1284
|gen|9
|tier|[Gen 9] OU
|rated|
|rule|HP Percentage Mod: HP is shown in percentages
|rule|Endless Battle Clause: Forcing endless battles is banned
|rule|Species Clause: Limit one of each Pokémon
|rule|OHKO Clause: OHKO moves are banned
|rule|Evasion Items Clause: Evasion items are banned
|rule|Evasion Moves Clause: Evasion moves are banned
|rule|Evasion Abilities Clause: Evasion abilities are banned
|rule|Sleep Moves Clause: Sleep-inducing moves are banned
|clearpoke
|poke|p1|Dragapult, M|
|poke|p1|Hydreigon, M|
|poke|p1|Dragalge, F|
|poke|p1|Goodra-Hisui, M|
|poke|p1|Latios, M|
|poke|p1|Haxorus, M|
|poke|p2|Torkoal, M|
|poke|p2|Walking Wake|
|poke|p2|Great Tusk|
|poke|p2|Brute Bonnet|
|poke|p2|Scizor, F|
|poke|p2|Corviknight, F|
|teampreview
|inactive|Battle timer is ON: inactive players will automatically lose when time's up. (requested by MVA Monotype)
|
|t:|1758376297
|teamsize|p1|6
|teamsize|p2|6
|start
|switch|p1a: Latios|Latios, M|100/100
|switch|p2a: Great Tusk|Great Tusk|100/100
|turn|1
|
|t:|1758376306
|-end|p2a: Great Tusk|Protosynthesis|[silent]
|switch|p2a: Torkoal|Torkoal, M|100/100
|-weather|SunnyDay|[from] ability: Drought|[of] p2a: Torkoal
|move|p1a: Latios|Trick|p2a: Torkoal
|-activate|p1a: Latios|move: Trick|[of] p2a: Torkoal
|-item|p2a: Torkoal|Choice Scarf|[from] move: Trick
|-item|p1a: Latios|Heat Rock|[from] move: Trick
|
|-weather|SunnyDay|[upkeep]
|upkeep
|turn|2
|
|t:|1758376320
|move|p1a: Latios|Luster Purge|p2a: Torkoal
|-damage|p2a: Torkoal|36/100
|move|p2a: Torkoal|Stealth Rock|p1a: Latios
|-sidestart|p1: MVA Monotype|move: Stealth Rock
|
|-weather|SunnyDay|[upkeep]
|upkeep
|turn|3
|
|t:|1758376329
|switch|p2a: Scizor|Scizor, F|100/100
|move|p1a: Latios|Luster Purge|p2a: Scizor
|-resisted|p2a: Scizor
|-damage|p2a: Scizor|73/100
|-unboost|p2a: Scizor|spd|1
|
|-weather|SunnyDay|[upkeep]
|-heal|p2a: Scizor|79/100|[from] item: Leftovers
|upkeep
|turn|4
|
|t:|1758376344
|-terastallize|p1a: Latios|Fire
|move|p1a: Latios|Tera Blast|p2a: Scizor|[anim] Tera Blast Fire
|-supereffective|p2a: Scizor
|-damage|p2a: Scizor|0 fnt
|faint|p2a: Scizor
|
|-weather|SunnyDay|[upkeep]
|upkeep
|
|t:|1758376358
|switch|p2a: Walking Wake|Walking Wake|100/100
|-activate|p2a: Walking Wake|ability: Protosynthesis
|-start|p2a: Walking Wake|protosynthesisspa
|turn|5
|inactive|MVA Monotype has 120 seconds left.
|
|t:|1758376389
|switch|p1a: Dragalge|Dragalge, F, shiny|100/100
|-damage|p1a: Dragalge|88/100|[from] Stealth Rock
|move|p2a: Walking Wake|Draco Meteor|p1a: Dragalge
|-supereffective|p1a: Dragalge
|-damage|p1a: Dragalge|0 fnt
|-unboost|p2a: Walking Wake|spa|2
|faint|p1a: Dragalge
|
|-weather|SunnyDay|[upkeep]
|upkeep
|inactive|MVA Monotype has 120 seconds left.
|
|t:|1758376405
|switch|p1a: Latios|Latios, M, tera:Fire|100/100
|-damage|p1a: Latios|76/100|[from] Stealth Rock
|turn|6
|
|t:|1758376416
|-end|p2a: Walking Wake|Protosynthesis|[silent]
|switch|p2a: Corviknight|Corviknight, F|100/100
|move|p1a: Latios|Luster Purge|p2a: Corviknight
|-resisted|p2a: Corviknight
|-damage|p2a: Corviknight|80/100
|-ability|p2a: Corviknight|Mirror Armor
|-unboost|p1a: Latios|spd|1
|
|-weather|SunnyDay|[upkeep]
|-heal|p2a: Corviknight|86/100|[from] item: Leftovers
|upkeep
|turn|7
|
|t:|1758376429
|switch|p2a: Walking Wake|Walking Wake|100/100
|-activate|p2a: Walking Wake|ability: Protosynthesis
|-start|p2a: Walking Wake|protosynthesisspa
|move|p1a: Latios|Draco Meteor|p2a: Walking Wake|[miss]
|-miss|p1a: Latios|p2a: Walking Wake
|
|-weather|SunnyDay|[upkeep]
|upkeep
|turn|8
|inactive|MVA Monotype has 120 seconds left.
|
|t:|1758376445
|move|p2a: Walking Wake|Draco Meteor|p1a: Latios
|-damage|p1a: Latios|0 fnt
|-unboost|p2a: Walking Wake|spa|2
|faint|p1a: Latios
|
|-weather|none
|-end|p2a: Walking Wake|Protosynthesis
|upkeep
|inactive|MVA Monotype has 120 seconds left.
|
|t:|1758376450
|switch|p1a: Goodra|Goodra-Hisui, M|100/100
|-damage|p1a: Goodra|94/100|[from] Stealth Rock
|turn|9
|
|t:|1758376456
|-end|p2a: Walking Wake|Protosynthesis|[silent]
|switch|p2a: Great Tusk|Great Tusk|100/100
|move|p1a: Goodra|Flamethrower|p2a: Great Tusk
|-damage|p2a: Great Tusk|60/100
|
|-heal|p2a: Great Tusk|66/100|[from] item: Leftovers
|upkeep
|turn|10
|
|t:|1758376474
|move|p2a: Great Tusk|Headlong Rush|p1a: Goodra
|-supereffective|p1a: Goodra
|-damage|p1a: Goodra|0 fnt
|-unboost|p2a: Great Tusk|def|1
|-unboost|p2a: Great Tusk|spd|1
|faint|p1a: Goodra
|
|-heal|p2a: Great Tusk|72/100|[from] item: Leftovers
|upkeep
|
|t:|1758376478
|switch|p1a: Hydreigon|Hydreigon, M|100/100
|-damage|p1a: Hydreigon|88/100|[from] Stealth Rock
|turn|11
|
|t:|1758376487
|move|p1a: Hydreigon|Draco Meteor|p2a: Great Tusk
|-damage|p2a: Great Tusk|0 fnt
|-unboost|p1a: Hydreigon|spa|2
|faint|p2a: Great Tusk
|-end|p2a: Great Tusk|Protosynthesis|[silent]
|-enditem|p1a: Hydreigon|White Herb
|-clearnegativeboost|p1a: Hydreigon|[silent]
|
|upkeep
|
|t:|1758376491
|switch|p2a: Torkoal|Torkoal, M|36/100
|-weather|SunnyDay|[from] ability: Drought|[of] p2a: Torkoal
|turn|12
|
|t:|1758376509
|move|p1a: Hydreigon|Dark Pulse|p2a: Torkoal
|-damage|p2a: Torkoal|0 fnt
|faint|p2a: Torkoal
|
|-weather|SunnyDay|[upkeep]
|upkeep
|
|t:|1758376516
|switch|p2a: Walking Wake|Walking Wake|100/100
|-activate|p2a: Walking Wake|ability: Protosynthesis
|-start|p2a: Walking Wake|protosynthesisspa
|turn|13
|
|t:|1758376523
|move|p2a: Walking Wake|Dragon Pulse|p1a: Hydreigon
|-supereffective|p1a: Hydreigon
|-damage|p1a: Hydreigon|0 fnt
|faint|p1a: Hydreigon
|
|-weather|SunnyDay|[upkeep]
|upkeep
|
|t:|1758376526
|switch|p1a: Haxorus|Haxorus, M, shiny|100/100
|-damage|p1a: Haxorus|88/100|[from] Stealth Rock
|-ability|p1a: Haxorus|Mold Breaker
|turn|14
|
|t:|1758376537
|-end|p2a: Walking Wake|Protosynthesis|[silent]
|switch|p2a: Brute Bonnet|Brute Bonnet|100/100
|-activate|p2a: Brute Bonnet|ability: Protosynthesis
|-start|p2a: Brute Bonnet|protosynthesisatk
|move|p1a: Haxorus|Outrage|p2a: Brute Bonnet
|-damage|p2a: Brute Bonnet|20/100
|-damage|p1a: Haxorus|78/100|[from] item: Life Orb
|
|-weather|SunnyDay|[upkeep]
|-heal|p2a: Brute Bonnet|26/100|[from] item: Leftovers
|upkeep
|turn|15
|
|t:|1758376551
|move|p2a: Brute Bonnet|Protect|p2a: Brute Bonnet
|-singleturn|p2a: Brute Bonnet|Protect
|move|p1a: Haxorus|Outrage|p2a: Brute Bonnet|[from] lockedmove
|-activate|p2a: Brute Bonnet|move: Protect
|
|-weather|SunnyDay|[upkeep]
|-heal|p2a: Brute Bonnet|32/100|[from] item: Leftovers
|upkeep
|turn|16
|
|t:|1758376561
|-end|p2a: Brute Bonnet|Protosynthesis|[silent]
|switch|p2a: Corviknight|Corviknight, F|86/100
|move|p1a: Haxorus|Outrage|p2a: Corviknight
|-resisted|p2a: Corviknight
|-damage|p2a: Corviknight|56/100
|-damage|p1a: Haxorus|68/100|[from] item: Life Orb
|
|-weather|none
|-heal|p2a: Corviknight|63/100|[from] item: Leftovers
|upkeep
|turn|17
|
|t:|1758376573
|move|p1a: Haxorus|Outrage|p2a: Corviknight|[from] lockedmove
|-resisted|p2a: Corviknight
|-damage|p2a: Corviknight|34/100
|-damage|p1a: Haxorus|59/100|[from] item: Life Orb
|-start|p1a: Haxorus|confusion|[fatigue]
|move|p2a: Corviknight|Iron Defense|p2a: Corviknight
|-boost|p2a: Corviknight|def|2
|
|-heal|p2a: Corviknight|40/100|[from] item: Leftovers
|upkeep
|turn|18
|
|t:|1758376596
|-activate|p1a: Haxorus|confusion
|move|p1a: Haxorus|Swords Dance|p1a: Haxorus
|-boost|p1a: Haxorus|atk|2
|move|p2a: Corviknight|Roost|p2a: Corviknight
|-heal|p2a: Corviknight|90/100
|-singleturn|p2a: Corviknight|move: Roost
|
|-heal|p2a: Corviknight|96/100|[from] item: Leftovers
|upkeep
|turn|19
|
|t:|1758376606
|-activate|p1a: Haxorus|confusion
|move|p1a: Haxorus|Close Combat|p2a: Corviknight
|-damage|p2a: Corviknight|52/100
|-unboost|p1a: Haxorus|def|1
|-unboost|p1a: Haxorus|spd|1
|-damage|p1a: Haxorus|49/100|[from] item: Life Orb
|move|p2a: Corviknight|Iron Defense|p2a: Corviknight
|-boost|p2a: Corviknight|def|2
|
|-heal|p2a: Corviknight|58/100|[from] item: Leftovers
|upkeep
|turn|20
|inactive|huang_zong has 120 seconds left.
|
|t:|1758376636
|-activate|p1a: Haxorus|confusion
|move|p1a: Haxorus|Close Combat|p2a: Corviknight
|-damage|p2a: Corviknight|31/100
|-unboost|p1a: Haxorus|def|1
|-unboost|p1a: Haxorus|spd|1
|-damage|p1a: Haxorus|39/100|[from] item: Life Orb
|move|p2a: Corviknight|Roost|p2a: Corviknight
|-heal|p2a: Corviknight|81/100
|-singleturn|p2a: Corviknight|move: Roost
|
|-heal|p2a: Corviknight|87/100|[from] item: Leftovers
|upkeep
|turn|21
|
|t:|1758376653
|-activate|p1a: Haxorus|confusion
|move|p1a: Haxorus|Swords Dance|p1a: Haxorus
|-boost|p1a: Haxorus|atk|2
|move|p2a: Corviknight|Body Press|p1a: Haxorus
|-damage|p1a: Haxorus|0 fnt
|faint|p1a: Haxorus
|
|-heal|p2a: Corviknight|93/100|[from] item: Leftovers
|upkeep
|
|t:|1758376658
|switch|p1a: Dragapult|Dragapult, M|100/100
|-damage|p1a: Dragapult|88/100|[from] Stealth Rock
|turn|22
|
|t:|1758376663
|move|p1a: Dragapult|Fire Blast|p2a: Corviknight
|-supereffective|p2a: Corviknight
|-damage|p2a: Corviknight|28/100
|-damage|p1a: Dragapult|78/100|[from] item: Life Orb
|move|p2a: Corviknight|Iron Head|p1a: Dragapult
|-damage|p1a: Dragapult|40/100
|
|-heal|p2a: Corviknight|35/100|[from] item: Leftovers
|upkeep
|turn|23
|inactive|huang_zong has 120 seconds left.
|
|t:|1758376673
|move|p1a: Dragapult|Fire Blast|p2a: Corviknight
|-supereffective|p2a: Corviknight
|-damage|p2a: Corviknight|0 fnt
|faint|p2a: Corviknight
|-damage|p1a: Dragapult|30/100|[from] item: Life Orb
|
|upkeep
|
|t:|1758376677
|switch|p2a: Walking Wake|Walking Wake|100/100
|turn|24
|
|t:|1758376682
|move|p2a: Walking Wake|Dragon Pulse|p1a: Dragapult
|-supereffective|p1a: Dragapult
|-damage|p1a: Dragapult|0 fnt
|faint|p1a: Dragapult
|
|win|huang_zong
|raw|MVA Monotype's rating: 1266 &rarr; <strong>1242</strong><br />(-24 for losing)
|raw|huang_zong's rating: 1284 &rarr; <strong>1308</strong><br />(+24 for winning)
|l|☆MVA Monotype
|player|p1|
|l|☆huang_zong
|player|p2|
