|j|☆arreat summit
|j|‽v1n001
|t:|1758247389
|gametype|singles
|player|p1|arreat summit|ninjaboy|1653
|player|p2|v1n001|266|1682
|gen|9
|tier|[Gen 9] OU
|rated|
|rule|HP Percentage Mod: HP is shown in percentages
|rule|Endless Battle Clause: Forcing endless battles is banned
|rule|Species Clause: Limit one of each Pokémon
|rule|OHKO Clause: OHKO moves are banned
|rule|Evasion Items Clause: Evasion items are banned
|rule|Evasion Moves Clause: Evasion moves are banned
|rule|Evasion Abilities Clause: Evasion abilities are banned
|rule|Sleep Moves Clause: Sleep-inducing moves are banned
|clearpoke
|poke|p1|Dragonite, M|
|poke|p1|Samurott-Hisui, M|
|poke|p1|Gholdengo|
|poke|p1|Iron Treads|
|poke|p1|Iron Valiant|
|poke|p1|Raging Bolt|
|poke|p2|Rillaboom, F|
|poke|p2|Hawlucha, F|
|poke|p2|Gholdengo|
|poke|p2|Heatran, F|
|poke|p2|Glimmora, F|
|poke|p2|Ogerpon-Wellspring, F|
|teampreview
|inactive|Battle timer is ON: inactive players will automatically lose when time's up. (requested by v1n001)
|inactive|v1n001 has 120 seconds left.
|
|t:|1758247427
|teamsize|p1|6
|teamsize|p2|6
|start
|switch|p1a: Iron Treads|Iron Treads, shiny|100/100
|switch|p2a: Rillaboom|Rillaboom, F, shiny|100/100
|-fieldstart|move: Grassy Terrain|[from] ability: Grassy Surge|[of] p2a: Rillaboom
|-enditem|p1a: Iron Treads|Booster Energy
|-activate|p1a: Iron Treads|ability: Quark Drive|[fromitem]
|-start|p1a: Iron Treads|quarkdrivespe
|turn|1
|
|t:|1758247431
|move|p1a: Iron Treads|Stealth Rock|p2a: Rillaboom
|-sidestart|p2: v1n001|move: Stealth Rock
|move|p2a: Rillaboom|Low Kick|p1a: Iron Treads
|-supereffective|p1a: Iron Treads
|-damage|p1a: Iron Treads|23/100
|
|-heal|p1a: Iron Treads|29/100|[from] Grassy Terrain
|upkeep
|turn|2
|
|t:|1758247441
|move|p2a: Rillaboom|Grassy Glide|p1a: Iron Treads
|-damage|p1a: Iron Treads|0 fnt
|faint|p1a: Iron Treads
|-end|p1a: Iron Treads|Quark Drive|[silent]
|
|upkeep
|
|t:|1758247448
|switch|p1a: Raging Bolt|Raging Bolt|100/100
|-enditem|p1a: Raging Bolt|Booster Energy
|-activate|p1a: Raging Bolt|ability: Protosynthesis|[fromitem]
|-start|p1a: Raging Bolt|protosynthesisspa
|turn|3
|
|t:|1758247451
|move|p2a: Rillaboom|U-turn|p1a: Raging Bolt
|-damage|p1a: Raging Bolt|77/100
|
|t:|1758247453
|switch|p2a: Heatran|Heatran, F, shiny|100/100|[from] U-turn
|-damage|p2a: Heatran|88/100|[from] Stealth Rock
|move|p1a: Raging Bolt|Calm Mind|p1a: Raging Bolt
|-boost|p1a: Raging Bolt|spa|1
|-boost|p1a: Raging Bolt|spd|1
|
|-heal|p1a: Raging Bolt|83/100|[from] Grassy Terrain
|-heal|p2a: Heatran|94/100|[from] Grassy Terrain
|-heal|p2a: Heatran|100/100|[from] item: Leftovers
|upkeep
|turn|4
|
|t:|1758247457
|move|p2a: Heatran|Taunt|p1a: Raging Bolt
|-start|p1a: Raging Bolt|move: Taunt
|move|p1a: Raging Bolt|Thunderbolt|p2a: Heatran
|-damage|p2a: Heatran|37/100
|
|-heal|p1a: Raging Bolt|89/100|[from] Grassy Terrain
|-heal|p2a: Heatran|44/100|[from] Grassy Terrain
|-heal|p2a: Heatran|50/100|[from] item: Leftovers
|upkeep
|turn|5
|
|t:|1758247462
|move|p1a: Raging Bolt|Thunderbolt|p2a: Heatran
|-damage|p2a: Heatran|0 fnt
|faint|p2a: Heatran
|
|-heal|p1a: Raging Bolt|96/100|[from] Grassy Terrain
|upkeep
|
|t:|1758247467
|switch|p2a: Hawlucha|Hawlucha, F, shiny|100/100
|-damage|p2a: Hawlucha|88/100|[from] Stealth Rock
|-enditem|p2a: Hawlucha|Grassy Seed
|-boost|p2a: Hawlucha|def|1|[from] item: Grassy Seed
|turn|6
|
|t:|1758247469
|-terastallize|p2a: Hawlucha|Ground
|move|p2a: Hawlucha|Encore|p1a: Raging Bolt
|-start|p1a: Raging Bolt|Encore
|move|p1a: Raging Bolt|Thunderbolt|p2a: Hawlucha
|-immune|p2a: Hawlucha
|
|-heal|p2a: Hawlucha|94/100|[from] Grassy Terrain
|-heal|p1a: Raging Bolt|100/100|[from] Grassy Terrain
|-end|p1a: Raging Bolt|move: Taunt
|upkeep
|turn|7
|
|t:|1758247479
|-end|p1a: Raging Bolt|Protosynthesis|[silent]
|switch|p1a: Gholdengo|Gholdengo, shiny|100/100
|-item|p1a: Gholdengo|Air Balloon
|move|p2a: Hawlucha|Swords Dance|p2a: Hawlucha
|-boost|p2a: Hawlucha|atk|2
|
|-heal|p2a: Hawlucha|99/100|[from] Grassy Terrain
|upkeep
|turn|8
|
|t:|1758247484
|move|p2a: Hawlucha|Acrobatics|p1a: Gholdengo
|-resisted|p1a: Gholdengo
|-damage|p1a: Gholdengo|49/100
|-enditem|p1a: Gholdengo|Air Balloon
|move|p1a: Gholdengo|Make It Rain|p2a: Hawlucha
|-damage|p2a: Hawlucha|8/100
|-unboost|p1a: Gholdengo|spa|1
|
|-heal|p2a: Hawlucha|14/100|[from] Grassy Terrain
|-heal|p1a: Gholdengo|55/100|[from] Grassy Terrain
|-fieldend|move: Grassy Terrain
|upkeep
|turn|9
|
|t:|1758247492
|move|p2a: Hawlucha|Acrobatics|p1a: Gholdengo
|-resisted|p1a: Gholdengo
|-damage|p1a: Gholdengo|0 fnt
|faint|p1a: Gholdengo
|
|upkeep
|
|t:|1758247494
|switch|p1a: Dragonite|Dragonite, M, shiny|100/100
|turn|10
|
|t:|1758247498
|switch|p2a: Glimmora|Glimmora, F, shiny|100/100
|-damage|p2a: Glimmora|88/100|[from] Stealth Rock
|move|p1a: Dragonite|Extreme Speed|p2a: Glimmora
|-resisted|p2a: Glimmora
|-damage|p2a: Glimmora|67/100
|-activate|p2a: Glimmora|ability: Toxic Debris
|-sidestart|p1: arreat summit|move: Toxic Spikes
|
|upkeep
|turn|11
|
|t:|1758247515
|switch|p1a: Iron Valiant|Iron Valiant, shiny|100/100
|-status|p1a: Iron Valiant|psn
|-enditem|p1a: Iron Valiant|Booster Energy
|-activate|p1a: Iron Valiant|ability: Quark Drive|[fromitem]
|-start|p1a: Iron Valiant|quarkdrivespe
|move|p2a: Glimmora|Meteor Beam||[still]
|-prepare|p2a: Glimmora|Meteor Beam
|-boost|p2a: Glimmora|spa|1
|-enditem|p2a: Glimmora|Power Herb
|-anim|p2a: Glimmora|Meteor Beam|p1a: Iron Valiant
|-resisted|p1a: Iron Valiant
|-damage|p1a: Iron Valiant|24/100 psn
|
|-damage|p1a: Iron Valiant|12/100 psn|[from] psn
|upkeep
|turn|12
|
|t:|1758247525
|switch|p2a: Hawlucha|Hawlucha, F, shiny, tera:Ground|14/100
|-damage|p2a: Hawlucha|8/100|[from] Stealth Rock
|move|p1a: Iron Valiant|Knock Off|p2a: Hawlucha
|-damage|p2a: Hawlucha|0 fnt
|faint|p2a: Hawlucha
|
|-damage|p1a: Iron Valiant|0 fnt|[from] psn
|faint|p1a: Iron Valiant
|-end|p1a: Iron Valiant|Quark Drive|[silent]
|upkeep
|
|t:|1758247535
|switch|p1a: Samurott|Samurott-Hisui, M, shiny|100/100
|switch|p2a: Rillaboom|Rillaboom, F, shiny|100/100
|-status|p1a: Samurott|psn
|-damage|p2a: Rillaboom|88/100|[from] Stealth Rock
|-fieldstart|move: Grassy Terrain|[from] ability: Grassy Surge|[of] p2a: Rillaboom
|turn|13
|
|t:|1758247539
|move|p1a: Samurott|Sucker Punch|p2a: Rillaboom
|-damage|p2a: Rillaboom|48/100
|move|p2a: Rillaboom|Grassy Glide|p1a: Samurott
|-supereffective|p1a: Samurott
|-damage|p1a: Samurott|0 fnt
|faint|p1a: Samurott
|
|-heal|p2a: Rillaboom|54/100|[from] Grassy Terrain
|upkeep
|
|t:|1758247545
|switch|p1a: Raging Bolt|Raging Bolt|100/100
|-status|p1a: Raging Bolt|psn
|turn|14
|
|t:|1758247551
|move|p2a: Rillaboom|Low Kick|p1a: Raging Bolt
|-damage|p1a: Raging Bolt|66/100 psn
|move|p1a: Raging Bolt|Calm Mind|p1a: Raging Bolt
|-boost|p1a: Raging Bolt|spa|1
|-boost|p1a: Raging Bolt|spd|1
|
|-heal|p2a: Rillaboom|60/100|[from] Grassy Terrain
|-heal|p1a: Raging Bolt|72/100 psn|[from] Grassy Terrain
|-damage|p1a: Raging Bolt|59/100 psn|[from] psn
|upkeep
|turn|15
|
|t:|1758247557
|move|p2a: Rillaboom|U-turn|p1a: Raging Bolt
|-damage|p1a: Raging Bolt|36/100 psn
|
|t:|1758247559
|switch|p2a: Glimmora|Glimmora, F, shiny|67/100|[from] U-turn
|-damage|p2a: Glimmora|55/100|[from] Stealth Rock
|move|p1a: Raging Bolt|Dragon Pulse|p2a: Glimmora
|-damage|p2a: Glimmora|0 fnt
|faint|p2a: Glimmora
|
|-heal|p1a: Raging Bolt|42/100 psn|[from] Grassy Terrain
|-damage|p1a: Raging Bolt|29/100 psn|[from] psn
|upkeep
|
|t:|1758247560
|switch|p2a: Rillaboom|Rillaboom, F, shiny|60/100
|-damage|p2a: Rillaboom|48/100|[from] Stealth Rock
|turn|16
|
|t:|1758247563
|move|p1a: Raging Bolt|Thunderclap|p2a: Rillaboom
|-resisted|p2a: Rillaboom
|-crit|p2a: Rillaboom
|-damage|p2a: Rillaboom|0 fnt
|faint|p2a: Rillaboom
|
|-heal|p1a: Raging Bolt|35/100 psn|[from] Grassy Terrain
|-damage|p1a: Raging Bolt|23/100 psn|[from] psn
|upkeep
|
|t:|1758247570
|switch|p2a: Ogerpon|Ogerpon-Wellspring, F|100/100
|-damage|p2a: Ogerpon|88/100|[from] Stealth Rock
|turn|17
|
|t:|1758247573
|move|p2a: Ogerpon|Trailblaze|p1a: Raging Bolt
|-resisted|p1a: Raging Bolt
|-damage|p1a: Raging Bolt|7/100 psn
|-boost|p2a: Ogerpon|spe|1
|move|p1a: Raging Bolt|Thunderbolt|p2a: Ogerpon
|-damage|p2a: Ogerpon|0 fnt
|faint|p2a: Ogerpon
|
|-heal|p1a: Raging Bolt|13/100 psn|[from] Grassy Terrain
|-damage|p1a: Raging Bolt|1/100 psn|[from] psn
|upkeep
|
|t:|1758247575
|switch|p2a: Gholdengo|Gholdengo|100/100
|-damage|p2a: Gholdengo|94/100|[from] Stealth Rock
|-enditem|p2a: Gholdengo|Grassy Seed
|-boost|p2a: Gholdengo|def|1|[from] item: Grassy Seed
|turn|18
|
|t:|1758247578
|move|p2a: Gholdengo|Recover|p2a: Gholdengo
|-heal|p2a: Gholdengo|100/100
|move|p1a: Raging Bolt|Thunderbolt|p2a: Gholdengo
|-damage|p2a: Gholdengo|22/100
|-status|p2a: Gholdengo|par
|
|-heal|p1a: Raging Bolt|7/100 psn|[from] Grassy Terrain
|-heal|p2a: Gholdengo|29/100 par|[from] Grassy Terrain
|-damage|p1a: Raging Bolt|0 fnt|[from] psn
|faint|p1a: Raging Bolt
|-end|p1a: Raging Bolt|Protosynthesis|[silent]
|upkeep
|
|t:|1758247580
|switch|p1a: Dragonite|Dragonite, M, shiny|100/100
|turn|19
|
|t:|1758247589
|-terastallize|p1a: Dragonite|Normal
|move|p1a: Dragonite|Dragon Dance|p1a: Dragonite
|-boost|p1a: Dragonite|atk|1
|-boost|p1a: Dragonite|spe|1
|move|p2a: Gholdengo|Recover|p2a: Gholdengo
|-heal|p2a: Gholdengo|79/100 par
|
|-heal|p2a: Gholdengo|85/100 par|[from] Grassy Terrain
|upkeep
|turn|20
|
|t:|1758247593
|move|p1a: Dragonite|Dragon Dance|p1a: Dragonite
|-boost|p1a: Dragonite|atk|1
|-boost|p1a: Dragonite|spe|1
|move|p2a: Gholdengo|Nasty Plot|p2a: Gholdengo
|-boost|p2a: Gholdengo|spa|2
|
|-heal|p2a: Gholdengo|91/100 par|[from] Grassy Terrain
|-fieldend|move: Grassy Terrain
|upkeep
|turn|21
|
|t:|1758247596
|move|p1a: Dragonite|Earthquake|p2a: Gholdengo
|-supereffective|p2a: Gholdengo
|-damage|p2a: Gholdengo|17/100 par
|move|p2a: Gholdengo|Make It Rain|p1a: Dragonite
|-damage|p1a: Dragonite|44/100
|-unboost|p2a: Gholdengo|spa|1
|
|upkeep
|turn|22
|-message|v1n001 forfeited.
|
|win|arreat summit
|raw|arreat summit's rating: 1653 &rarr; <strong>1674</strong><br />(+21 for winning)
|raw|v1n001's rating: 1668 &rarr; <strong>1647</strong><br />(-21 for losing)
|l|‽v1n001
|player|p2|
