|j|☆lpdfwfwfw
|j|☆Tg3loading
|t:|1758345419
|gametype|singles
|player|p1|lpdfwfwfw|dawn-gen4pt|1202
|player|p2|Tg3loading|101|1241
|gen|9
|tier|[Gen 9] OU
|rated|
|rule|HP Percentage Mod: HP is shown in percentages
|rule|Endless Battle Clause: Forcing endless battles is banned
|rule|Species Clause: Limit one of each Pokémon
|rule|OHKO Clause: OHKO moves are banned
|rule|Evasion Items Clause: Evasion items are banned
|rule|Evasion Moves Clause: Evasion moves are banned
|rule|Evasion Abilities Clause: Evasion abilities are banned
|rule|Sleep Moves Clause: Sleep-inducing moves are banned
|clearpoke
|poke|p1|Zapdos|
|poke|p1|Scizor, F|
|poke|p1|Basculegion, M|
|poke|p1|Pelipper, F|
|poke|p1|Greninja-*, M|
|poke|p1|Sandy Shocks|
|poke|p2|Kommo-o, F|
|poke|p2|Tinkaton, F|
|poke|p2|Iron Moth|
|poke|p2|Staraptor, M|
|poke|p2|Swampert, M|
|poke|p2|Ogerpon-Wellspring, F|
|teampreview
|inactive|Battle timer is ON: inactive players will automatically lose when time's up. (requested by lpdfwfwfw)
|
|t:|1758345440
|teamsize|p1|6
|teamsize|p2|6
|start
|switch|p1a: Sandy Shocks|Sandy Shocks|100/100
|switch|p2a: Swampert|Swampert, M|100/100
|-enditem|p1a: Sandy Shocks|Booster Energy
|-activate|p1a: Sandy Shocks|ability: Protosynthesis|[fromitem]
|-start|p1a: Sandy Shocks|protosynthesisspa
|turn|1
|inactive|lpdfwfwfw has 120 seconds left.
|
|t:|1758345477
|-end|p1a: Sandy Shocks|Protosynthesis|[silent]
|switch|p1a: Zapdos|Zapdos|100/100
|move|p2a: Swampert|Liquidation|p1a: Zapdos
|-damage|p1a: Zapdos|25/100
|-status|p2a: Swampert|par|[from] ability: Static|[of] p1a: Zapdos
|
|upkeep
|turn|2
|inactive|lpdfwfwfw has 120 seconds left.
|
|t:|1758345493
|move|p1a: Zapdos|Roost|p1a: Zapdos
|-heal|p1a: Zapdos|75/100
|-singleturn|p1a: Zapdos|move: Roost
|move|p2a: Swampert|Liquidation|p1a: Zapdos
|-damage|p1a: Zapdos|0 fnt
|faint|p1a: Zapdos
|
|upkeep
|
|t:|1758345502
|switch|p1a: Pelipper|Pelipper, F|100/100
|-weather|RainDance|[from] ability: Drizzle|[of] p1a: Pelipper
|turn|3
|
|t:|1758345511
|move|p1a: Pelipper|Weather Ball|p2a: Swampert
|-damage|p2a: Swampert|39/100 par
|cant|p2a: Swampert|par
|
|-weather|RainDance|[upkeep]
|upkeep
|turn|4
|inactive|lpdfwfwfw has 120 seconds left.
|
|t:|1758345519
|switch|p2a: Ogerpon|Ogerpon-Wellspring, F|100/100
|move|p1a: Pelipper|Weather Ball|p2a: Ogerpon
|-immune|p2a: Ogerpon|[from] ability: Water Absorb
|
|-weather|RainDance|[upkeep]
|upkeep
|turn|5
|inactive|lpdfwfwfw has 120 seconds left.
|
|t:|1758345534
|switch|p2a: Tinkaton|Tinkaton, F|100/100
|-ability|p2a: Tinkaton|Mold Breaker
|move|p1a: Pelipper|Ice Beam|p2a: Tinkaton
|-resisted|p2a: Tinkaton
|-damage|p2a: Tinkaton|86/100
|
|-weather|RainDance|[upkeep]
|-heal|p2a: Tinkaton|92/100|[from] item: Leftovers
|upkeep
|turn|6
|inactive|lpdfwfwfw has 120 seconds left.
|inactive|lpdfwfwfw has 90 seconds left.
|
|t:|1758345577
|switch|p1a: Sandy Shocks|Sandy Shocks|100/100
|move|p2a: Tinkaton|Thunder Wave|p1a: Sandy Shocks
|-immune|p1a: Sandy Shocks
|
|-weather|RainDance|[upkeep]
|-heal|p2a: Tinkaton|99/100|[from] item: Leftovers
|upkeep
|turn|7
|inactive|lpdfwfwfw has 90 seconds left.
|
|t:|1758345586
|move|p1a: Sandy Shocks|Stealth Rock|p2a: Tinkaton
|-sidestart|p2: Tg3loading|move: Stealth Rock
|move|p2a: Tinkaton|Stealth Rock|p1a: Sandy Shocks
|-sidestart|p1: lpdfwfwfw|move: Stealth Rock
|
|-weather|RainDance|[upkeep]
|-heal|p2a: Tinkaton|100/100|[from] item: Leftovers
|upkeep
|turn|8
|
|t:|1758345594
|switch|p2a: Swampert|Swampert, M|39/100 par
|-damage|p2a: Swampert|33/100 par|[from] Stealth Rock
|move|p1a: Sandy Shocks|Earth Power|p2a: Swampert
|-damage|p2a: Swampert|0 fnt
|faint|p2a: Swampert
|
|-weather|RainDance|[upkeep]
|upkeep
|inactive|Tg3loading has 120 seconds left.
|
|t:|1758345625
|switch|p2a: Ogerpon|Ogerpon-Wellspring, F|100/100
|-damage|p2a: Ogerpon|88/100|[from] Stealth Rock
|turn|9
|
|t:|1758345632
|move|p2a: Ogerpon|Ivy Cudgel|p1a: Sandy Shocks|[anim] Ivy Cudgel Water
|-supereffective|p1a: Sandy Shocks
|-damage|p1a: Sandy Shocks|0 fnt
|faint|p1a: Sandy Shocks
|-end|p1a: Sandy Shocks|Protosynthesis|[silent]
|
|-weather|RainDance|[upkeep]
|upkeep
|
|t:|1758345641
|switch|p1a: Pelipper|Pelipper, F|100/100
|-damage|p1a: Pelipper|75/100|[from] Stealth Rock
|turn|10
|
|t:|1758345648
|switch|p2a: Tinkaton|Tinkaton, F|100/100
|-damage|p2a: Tinkaton|94/100|[from] Stealth Rock
|-ability|p2a: Tinkaton|Mold Breaker
|move|p1a: Pelipper|Hurricane|p2a: Tinkaton
|-resisted|p2a: Tinkaton
|-damage|p2a: Tinkaton|69/100
|
|-weather|none
|-heal|p2a: Tinkaton|75/100|[from] item: Leftovers
|upkeep
|turn|11
|
|t:|1758345670
|switch|p1a: Scizor|Scizor, F|100/100
|-damage|p1a: Scizor|88/100|[from] Stealth Rock
|move|p2a: Tinkaton|Thunder Wave|p1a: Scizor
|-status|p1a: Scizor|par
|
|-heal|p2a: Tinkaton|81/100|[from] item: Leftovers
|upkeep
|turn|12
|
|t:|1758345687
|move|p2a: Tinkaton|Gigaton Hammer|p1a: Scizor
|-resisted|p1a: Scizor
|-damage|p1a: Scizor|66/100 par
|move|p1a: Scizor|Close Combat|p2a: Tinkaton
|-damage|p2a: Tinkaton|27/100
|-unboost|p1a: Scizor|def|1
|-unboost|p1a: Scizor|spd|1
|
|-heal|p2a: Tinkaton|33/100|[from] item: Leftovers
|upkeep
|turn|13
|
|t:|1758345703
|move|p2a: Tinkaton|Encore|p1a: Scizor
|-start|p1a: Scizor|Encore
|move|p1a: Scizor|Close Combat|p2a: Tinkaton
|-crit|p2a: Tinkaton
|-damage|p2a: Tinkaton|0 fnt
|-unboost|p1a: Scizor|def|1
|-unboost|p1a: Scizor|spd|1
|faint|p2a: Tinkaton
|
|upkeep
|
|t:|1758345707
|switch|p2a: Kommo-o|Kommo-o, F, shiny|100/100
|-damage|p2a: Kommo-o|94/100|[from] Stealth Rock
|turn|14
|
|t:|1758345721
|move|p2a: Kommo-o|Clangorous Soul|p2a: Kommo-o
|-boost|p2a: Kommo-o|atk|1
|-boost|p2a: Kommo-o|def|1
|-boost|p2a: Kommo-o|spa|1
|-boost|p2a: Kommo-o|spd|1
|-boost|p2a: Kommo-o|spe|1
|-damage|p2a: Kommo-o|61/100
|-enditem|p2a: Kommo-o|Throat Spray
|-boost|p2a: Kommo-o|spa|1|[from] item: Throat Spray
|move|p1a: Scizor|Close Combat|p2a: Kommo-o
|-damage|p2a: Kommo-o|36/100
|-unboost|p1a: Scizor|def|1
|-unboost|p1a: Scizor|spd|1
|
|upkeep
|turn|15
|
|t:|1758345735
|-terastallize|p2a: Kommo-o|Normal
|move|p2a: Kommo-o|Boomburst|p1a: Scizor
|-resisted|p1a: Scizor
|-damage|p1a: Scizor|0 fnt
|faint|p1a: Scizor
|
|upkeep
|
|t:|1758345745
|switch|p1a: Pelipper|Pelipper, F|75/100
|-damage|p1a: Pelipper|50/100|[from] Stealth Rock
|-weather|RainDance|[from] ability: Drizzle|[of] p1a: Pelipper
|turn|16
|
|t:|1758345756
|move|p2a: Kommo-o|Boomburst|p1a: Pelipper
|-damage|p1a: Pelipper|0 fnt
|faint|p1a: Pelipper
|
|-weather|RainDance|[upkeep]
|upkeep
|
|t:|1758345762
|switch|p1a: Greninja|Greninja, M|100/100
|-damage|p1a: Greninja|88/100|[from] Stealth Rock
|turn|17
|
|t:|1758345768
|move|p1a: Greninja|Water Shuriken|p2a: Kommo-o
|-damage|p2a: Kommo-o|24/100
|-damage|p2a: Kommo-o|13/100
|-damage|p2a: Kommo-o|1/100
|-hitcount|p2a: Kommo-o|3
|-damage|p1a: Greninja|78/100|[from] item: Life Orb
|move|p2a: Kommo-o|Boomburst|p1a: Greninja
|-damage|p1a: Greninja|0 fnt
|faint|p1a: Greninja
|
|-weather|RainDance|[upkeep]
|upkeep
|
|t:|1758345776
|switch|p1a: Basculegion|Basculegion, M|100/100
|-damage|p1a: Basculegion|88/100|[from] Stealth Rock
|turn|18
|-message|lpdfwfwfw forfeited.
|
|win|Tg3loading
|raw|lpdfwfwfw's rating: 1202 &rarr; <strong>1180</strong><br />(-22 for losing)
|raw|Tg3loading's rating: 1241 &rarr; <strong>1263</strong><br />(+22 for winning)
|l|☆lpdfwfwfw
|player|p1|
|l|☆Tg3loading
|player|p2|
