|j|☆GiovanniFYT
|j|☆SDK04
|inactive|Battle timer is ON: inactive players will automatically lose when time's up.
|html|<table width="100%"><tr><td align="left">GiovanniFYT</td><td align="right">SDK04</tr><tr><td align="left"><i class="fa fa-circle"></i> <i class="fa fa-circle-o"></i> </td><td align="right"><i class="fa fa-circle-o"></i> <i class="fa fa-circle"></i> </tr></table>
|uhtml|bestof|<h2><strong>Game 3</strong> of <a href="/game-bestof3-gen9ou-2445354620">a best-of-3</a></h2>
|t:|1758333826
|gametype|singles
|player|p1|GiovanniFYT|shadowtriad|
|player|p2|SDK04|miku-ground|
|gen|9
|tier|[Gen 9] OU
|rated|Tournament battle
|rule|HP Percentage Mod: HP is shown in percentages
|rule|Endless Battle Clause: Forcing endless battles is banned
|rule|Species Clause: Limit one of each Pokémon
|rule|OHKO Clause: OHKO moves are banned
|rule|Evasion Items Clause: Evasion items are banned
|rule|Evasion Moves Clause: Evasion moves are banned
|rule|Evasion Abilities Clause: Evasion abilities are banned
|rule|Sleep Moves Clause: Sleep-inducing moves are banned
|raw|<div class="infobox"><details class="readmore" open><summary><strong>1 custom rule:</strong></summary> Best Of=3</details></div>
|clearpoke
|poke|p1|Great Tusk|
|poke|p1|Kingambit, F|
|poke|p1|Raging Bolt|
|poke|p1|Walking Wake|
|poke|p1|Ninetales, M|
|poke|p1|Ceruledge, M|
|poke|p2|Pelipper, F|
|poke|p2|Hatterene, F|
|poke|p2|Iron Treads|
|poke|p2|Toxicroak, F|
|poke|p2|Barraskewda, F|
|poke|p2|Zapdos|
|teampreview
|inactive|GiovanniFYT also wants the timer to be on.
|j| amefurikoneko
|j| fulls
|
|t:|1758333845
|teamsize|p1|6
|teamsize|p2|6
|start
|switch|p1a: Raging Bolt|Raging Bolt|100/100
|switch|p2a: Barraskewda|Barraskewda, F|100/100
|turn|1
|
|t:|1758333849
|switch|p2a: Iron Treads|Iron Treads|100/100
|move|p1a: Raging Bolt|Thunderclap||[still]
|-fail|p1a: Raging Bolt
|
|upkeep
|turn|2
|
|t:|1758333872
|-end|p1a: Raging Bolt|Protosynthesis|[silent]
|switch|p1a: Walking Wake|Walking Wake|100/100
|move|p2a: Iron Treads|Earthquake|p1a: Walking Wake
|-damage|p1a: Walking Wake|57/100
|
|upkeep
|turn|3
|
|t:|1758333880
|-end|p2a: Iron Treads|Quark Drive|[silent]
|switch|p2a: Hatterene|Hatterene, F|100/100
|move|p1a: Walking Wake|Flip Turn|p2a: Hatterene
|-damage|p2a: Hatterene|87/100
|-enditem|p2a: Hatterene|Eject Button
|
|t:|1758333893
|switch|p2a: Barraskewda|Barraskewda, F|100/100
|
|upkeep
|turn|4
|
|t:|1758333906
|-end|p1a: Walking Wake|Protosynthesis|[silent]
|switch|p1a: Kingambit|Kingambit, F|100/100
|-item|p1a: Kingambit|Air Balloon
|move|p2a: Barraskewda|Close Combat|p1a: Kingambit
|-supereffective|p1a: Kingambit
|-damage|p1a: Kingambit|0 fnt
|-unboost|p2a: Barraskewda|def|1
|-unboost|p2a: Barraskewda|spd|1
|-enditem|p1a: Kingambit|Air Balloon
|faint|p1a: Kingambit
|-end|p1a: Kingambit|fallenundefined|[silent]
|
|upkeep
|
|t:|1758333920
|switch|p1a: Raging Bolt|Raging Bolt|100/100
|turn|5
|
|t:|1758333926
|switch|p2a: Iron Treads|Iron Treads|100/100
|-end|p1a: Raging Bolt|Protosynthesis|[silent]
|switch|p1a: Walking Wake|Walking Wake|57/100
|
|upkeep
|turn|6
|
|t:|1758333937
|-end|p2a: Iron Treads|Quark Drive|[silent]
|switch|p2a: Toxicroak|Toxicroak, F|100/100
|move|p1a: Walking Wake|Hydro Steam|p2a: Toxicroak
|-immune|p2a: Toxicroak|[from] ability: Dry Skin
|
|upkeep
|turn|7
|
|t:|1758333943
|switch|p2a: Hatterene|Hatterene, F|87/100
|move|p1a: Walking Wake|Draco Meteor|p2a: Hatterene
|-immune|p2a: Hatterene
|
|upkeep
|turn|8
|
|t:|1758333950
|-end|p1a: Walking Wake|Protosynthesis|[silent]
|switch|p1a: Ninetales|Ninetales, M|100/100
|-weather|SunnyDay|[from] ability: Drought|[of] p1a: Ninetales
|move|p2a: Hatterene|Draining Kiss|p1a: Ninetales
|-resisted|p1a: Ninetales
|-damage|p1a: Ninetales|86/100
|-heal|p2a: Hatterene|97/100|[from] drain|[of] p1a: Ninetales
|
|-weather|SunnyDay|[upkeep]
|upkeep
|turn|9
|j|#Setsu
|l|☆SDK04
|inactive|SDK04 disconnected and has a minute to reconnect!
|player|p2|
|j|☆SDK04
|inactive|SDK04 reconnected and has 105 seconds left.
|player|p2|SDK04|miku-ground|
|inactive|GiovanniFYT has 120 seconds left.
|inactive|SDK04 has 90 seconds left.
|
|t:|1758334013
|move|p1a: Ninetales|Overheat|p2a: Hatterene
|-damage|p2a: Hatterene|24/100
|-unboost|p1a: Ninetales|spa|2
|move|p2a: Hatterene|Psychic Noise|p1a: Ninetales
|-damage|p1a: Ninetales|46/100
|-start|p1a: Ninetales|move: Heal Block
|
|-weather|SunnyDay|[upkeep]
|upkeep
|turn|10
|inactive|GiovanniFYT has 120 seconds left.
|
|t:|1758334024
|switch|p1a: Raging Bolt|Raging Bolt|100/100
|-activate|p1a: Raging Bolt|ability: Protosynthesis
|-start|p1a: Raging Bolt|protosynthesisspa
|switch|p2a: Pelipper|Pelipper, F|100/100
|-weather|RainDance|[from] ability: Drizzle|[of] p2a: Pelipper
|-end|p1a: Raging Bolt|Protosynthesis
|
|-weather|RainDance|[upkeep]
|upkeep
|turn|11
|inactive|GiovanniFYT has 120 seconds left.
|
|t:|1758334031
|switch|p2a: Hatterene|Hatterene, F|24/100
|move|p1a: Raging Bolt|Solar Beam||[still]
|-prepare|p1a: Raging Bolt|Solar Beam
|
|-weather|RainDance|[upkeep]
|upkeep
|turn|12
|
|t:|1758334046
|move|p1a: Raging Bolt|Solar Beam|p2a: Hatterene|[from] lockedmove
|-damage|p2a: Hatterene|0 fnt
|faint|p2a: Hatterene
|-damage|p1a: Raging Bolt|91/100|[from] item: Life Orb
|
|-weather|RainDance|[upkeep]
|upkeep
|
|t:|1758334048
|switch|p2a: Iron Treads|Iron Treads|100/100
|turn|13
|
|t:|1758334064
|move|p2a: Iron Treads|Earthquake|p1a: Raging Bolt
|-supereffective|p1a: Raging Bolt
|-damage|p1a: Raging Bolt|23/100
|move|p1a: Raging Bolt|Weather Ball|p2a: Iron Treads
|-supereffective|p2a: Iron Treads
|-damage|p2a: Iron Treads|0 fnt
|faint|p2a: Iron Treads
|-end|p2a: Iron Treads|Quark Drive|[silent]
|-damage|p1a: Raging Bolt|13/100|[from] item: Life Orb
|
|-weather|RainDance|[upkeep]
|upkeep
|
|t:|1758334070
|switch|p2a: Barraskewda|Barraskewda, F|100/100
|turn|14
|
|t:|1758334079
|move|p2a: Barraskewda|Aqua Jet|p1a: Raging Bolt
|-resisted|p1a: Raging Bolt
|-damage|p1a: Raging Bolt|0 fnt
|faint|p1a: Raging Bolt
|-end|p1a: Raging Bolt|Protosynthesis|[silent]
|
|-weather|RainDance|[upkeep]
|upkeep
|
|t:|1758334090
|switch|p1a: Walking Wake|Walking Wake|57/100
|turn|15
|
|t:|1758334105
|switch|p2a: Toxicroak|Toxicroak, F|100/100
|move|p1a: Walking Wake|Draco Meteor|p2a: Toxicroak
|-damage|p2a: Toxicroak|0 fnt
|-unboost|p1a: Walking Wake|spa|2
|faint|p2a: Toxicroak
|
|-weather|RainDance|[upkeep]
|upkeep
|
|t:|1758334108
|switch|p2a: Zapdos|Zapdos|100/100
|turn|16
|
|t:|1758334116
|-end|p1a: Walking Wake|Protosynthesis|[silent]
|switch|p1a: Ninetales|Ninetales, M|46/100
|-weather|SunnyDay|[from] ability: Drought|[of] p1a: Ninetales
|move|p2a: Zapdos|Hurricane|p1a: Ninetales
|-damage|p1a: Ninetales|0 fnt
|faint|p1a: Ninetales
|
|-weather|SunnyDay|[upkeep]
|upkeep
|
|t:|1758334122
|switch|p1a: Ceruledge|Ceruledge, M|100/100
|turn|17
|c|☆SDK04|Damn, won the 50/50
|
|t:|1758334150
|switch|p2a: Pelipper|Pelipper, F|100/100
|-weather|RainDance|[from] ability: Drizzle|[of] p2a: Pelipper
|move|p1a: Ceruledge|Swords Dance|p1a: Ceruledge
|-boost|p1a: Ceruledge|atk|2
|
|-weather|RainDance|[upkeep]
|upkeep
|turn|18
|
|t:|1758334164
|-terastallize|p2a: Pelipper|Normal
|move|p1a: Ceruledge|Poltergeist|p2a: Pelipper
|-immune|p2a: Pelipper
|move|p2a: Pelipper|Hurricane|p1a: Ceruledge
|-damage|p1a: Ceruledge|68/100
|
|-weather|RainDance|[upkeep]
|upkeep
|turn|19
|
|t:|1758334177
|move|p1a: Ceruledge|Swords Dance|p1a: Ceruledge
|-boost|p1a: Ceruledge|atk|2
|move|p2a: Pelipper|Hurricane|p1a: Ceruledge
|-damage|p1a: Ceruledge|35/100
|-start|p1a: Ceruledge|confusion
|
|-weather|RainDance|[upkeep]
|upkeep
|turn|20
|
|t:|1758334181
|-activate|p1a: Ceruledge|confusion
|move|p1a: Ceruledge|Bitter Blade|p2a: Pelipper
|-damage|p2a: Pelipper|17/100
|-heal|p1a: Ceruledge|74/100|[from] drain|[of] p2a: Pelipper
|move|p2a: Pelipper|Hurricane|p1a: Ceruledge
|-damage|p1a: Ceruledge|41/100
|
|-weather|RainDance|[upkeep]
|upkeep
|turn|21
|
|t:|1758334187
|-activate|p1a: Ceruledge|confusion
|-damage|p1a: Ceruledge|0 fnt|[from] confusion
|faint|p1a: Ceruledge
|move|p2a: Pelipper|Hurricane|p1: Ceruledge|[notarget]
|-fail|p2a: Pelipper
|
|-weather|RainDance|[upkeep]
|upkeep
|
|t:|1758334196
|switch|p1a: Walking Wake|Walking Wake|57/100
|turn|22
|
|t:|1758334214
|move|p1a: Walking Wake|Weather Ball|p2a: Pelipper
|-damage|p2a: Pelipper|0 fnt
|faint|p2a: Pelipper
|
|-weather|RainDance|[upkeep]
|upkeep
|
|t:|1758334231
|switch|p2a: Barraskewda|Barraskewda, F|100/100
|turn|23
|
|t:|1758334252
|move|p2a: Barraskewda|Close Combat|p1a: Walking Wake
|-damage|p1a: Walking Wake|0 fnt
|-unboost|p2a: Barraskewda|def|1
|-unboost|p2a: Barraskewda|spd|1
|faint|p1a: Walking Wake
|-end|p1a: Walking Wake|Protosynthesis|[silent]
|
|-weather|RainDance|[upkeep]
|upkeep
|
|t:|1758334255
|switch|p1a: Great Tusk|Great Tusk|100/100
|turn|24
|inactive|GiovanniFYT has 120 seconds left.
|
|t:|1758334309
|move|p2a: Barraskewda|Close Combat|p1a: Great Tusk
|-damage|p1a: Great Tusk|55/100
|-unboost|p2a: Barraskewda|def|1
|-unboost|p2a: Barraskewda|spd|1
|move|p1a: Great Tusk|Headlong Rush|p2a: Barraskewda
|-damage|p2a: Barraskewda|0 fnt
|-unboost|p1a: Great Tusk|def|1
|-unboost|p1a: Great Tusk|spd|1
|faint|p2a: Barraskewda
|
|-weather|none
|upkeep
|
|t:|1758334312
|switch|p2a: Zapdos|Zapdos|100/100
|turn|25
|
|t:|1758334318
|-terastallize|p1a: Great Tusk|Fire
|move|p2a: Zapdos|Weather Ball|p1a: Great Tusk
|-damage|p1a: Great Tusk|22/100
|move|p1a: Great Tusk|Ice Spinner|p2a: Zapdos
|-supereffective|p2a: Zapdos
|-crit|p2a: Zapdos
|-damage|p2a: Zapdos|0 fnt
|-status|p1a: Great Tusk|par|[from] ability: Static|[of] p2a: Zapdos
|faint|p2a: Zapdos
|
|win|GiovanniFYT
|c|☆SDK04|wtf
|c|☆GiovanniFYT|gg
|l| fulls
|l|~Setsu
|l| amefurikoneko
|c|☆SDK04|I was afraid to risk Hurricane missing so I clicked WB
|l|☆GiovanniFYT
|player|p1|
|c|☆SDK04|And if that didn’t crit I would have just won
