|j|☆NekroBlasphemer
|j|‽coping walrus
|t:|1758324079
|gametype|singles
|player|p1|NekroBlasphemer|fisherman-gen4|1201
|player|p2|coping walrus|wattson|1176
|gen|9
|tier|[Gen 9] OU
|rated|
|rule|HP Percentage Mod: HP is shown in percentages
|rule|Endless Battle Clause: Forcing endless battles is banned
|rule|Species Clause: Limit one of each Pokémon
|rule|OHKO Clause: OHKO moves are banned
|rule|Evasion Items Clause: Evasion items are banned
|rule|Evasion Moves Clause: Evasion moves are banned
|rule|Evasion Abilities Clause: Evasion abilities are banned
|rule|Sleep Moves Clause: Sleep-inducing moves are banned
|clearpoke
|poke|p1|Quagsire, M|
|poke|p1|Murkrow, F|
|poke|p1|Araquanid, F|
|poke|p1|Magnezone|
|poke|p1|Salamence, M|
|poke|p1|Bisharp, F|
|poke|p2|Abomasnow, F|
|poke|p2|Maushold|
|poke|p2|Diancie|
|poke|p2|Staraptor, F|
|poke|p2|Volcanion|
|poke|p2|Polteageist|
|teampreview
|inactive|Battle timer is ON: inactive players will automatically lose when time's up. (requested by coping walrus)
|inactive|coping walrus has 120 seconds left.
|
|t:|1758324110
|teamsize|p1|6
|teamsize|p2|6
|start
|switch|p1a: Araquanid|Araquanid, F|100/100
|switch|p2a: Staraptor|Staraptor, F|100/100
|turn|1
|
|t:|1758324118
|move|p2a: Staraptor|Brave Bird|p1a: Araquanid
|-supereffective|p1a: Araquanid
|-damage|p1a: Araquanid|0 fnt
|faint|p1a: Araquanid
|-damage|p2a: Staraptor|65/100|[from] Recoil
|
|upkeep
|
|t:|1758324126
|switch|p1a: Magnezone|Magnezone|100/100
|turn|2
|
|t:|1758324133
|switch|p2a: Diancie|Diancie, shiny|100/100
|move|p1a: Magnezone|Volt Switch|p2a: Diancie
|-damage|p2a: Diancie|66/100
|
|t:|1758324138
|switch|p1a: Quagsire|Quagsire, M|100/100|[from] Volt Switch
|
|-heal|p2a: Diancie|72/100|[from] item: Leftovers
|upkeep
|turn|3
|
|t:|1758324147
|-terastallize|p2a: Diancie|Flying
|move|p2a: Diancie|Calm Mind|p2a: Diancie
|-boost|p2a: Diancie|spa|1
|-boost|p2a: Diancie|spd|1
|move|p1a: Quagsire|Amnesia|p1a: Quagsire
|-boost|p1a: Quagsire|spd|2
|
|-heal|p2a: Diancie|78/100|[from] item: Leftovers
|upkeep
|turn|4
|
|t:|1758324155
|move|p2a: Diancie|Calm Mind|p2a: Diancie
|-boost|p2a: Diancie|spa|1
|-boost|p2a: Diancie|spd|1
|move|p1a: Quagsire|Amnesia|p1a: Quagsire
|-boost|p1a: Quagsire|spd|2
|
|-heal|p2a: Diancie|84/100|[from] item: Leftovers
|upkeep
|turn|5
|
|t:|1758324161
|move|p2a: Diancie|Calm Mind|p2a: Diancie
|-boost|p2a: Diancie|spa|1
|-boost|p2a: Diancie|spd|1
|move|p1a: Quagsire|Amnesia|p1a: Quagsire
|-boost|p1a: Quagsire|spd|2
|
|-heal|p2a: Diancie|91/100|[from] item: Leftovers
|upkeep
|turn|6
|
|t:|1758324168
|move|p2a: Diancie|Calm Mind|p2a: Diancie
|-boost|p2a: Diancie|spa|1
|-boost|p2a: Diancie|spd|1
|move|p1a: Quagsire|Whirlpool|p2a: Diancie
|-damage|p2a: Diancie|84/100
|-activate|p2a: Diancie|move: Whirlpool|[of] p1a: Quagsire
|
|-heal|p2a: Diancie|90/100|[from] item: Leftovers
|-damage|p2a: Diancie|78/100|[from] move: Whirlpool|[partiallytrapped]
|upkeep
|turn|7
|
|t:|1758324177
|move|p2a: Diancie|Diamond Storm|p1a: Quagsire
|-resisted|p1a: Quagsire
|-damage|p1a: Quagsire|89/100
|move|p1a: Quagsire|Whirlpool|p2a: Diancie
|-damage|p2a: Diancie|70/100
|
|-heal|p2a: Diancie|76/100|[from] item: Leftovers
|-heal|p1a: Quagsire|95/100|[from] item: Leftovers
|-damage|p2a: Diancie|64/100|[from] move: Whirlpool|[partiallytrapped]
|upkeep
|turn|8
|
|t:|1758324187
|move|p1a: Quagsire|Protect|p1a: Quagsire
|-singleturn|p1a: Quagsire|Protect
|move|p2a: Diancie|Calm Mind|p2a: Diancie
|-boost|p2a: Diancie|spa|1
|-boost|p2a: Diancie|spd|1
|
|-heal|p2a: Diancie|70/100|[from] item: Leftovers
|-heal|p1a: Quagsire|100/100|[from] item: Leftovers
|-damage|p2a: Diancie|58/100|[from] move: Whirlpool|[partiallytrapped]
|upkeep
|turn|9
|
|t:|1758324195
|move|p2a: Diancie|Draining Kiss|p1a: Quagsire
|-damage|p1a: Quagsire|96/100
|-heal|p2a: Diancie|63/100|[from] drain|[of] p1a: Quagsire
|move|p1a: Quagsire|Whirlpool|p2a: Diancie
|-damage|p2a: Diancie|57/100
|
|-heal|p2a: Diancie|63/100|[from] item: Leftovers
|-heal|p1a: Quagsire|100/100|[from] item: Leftovers
|-damage|p2a: Diancie|50/100|[from] move: Whirlpool|[partiallytrapped]
|upkeep
|turn|10
|
|t:|1758324204
|move|p1a: Quagsire|Protect|p1a: Quagsire
|-singleturn|p1a: Quagsire|Protect
|move|p2a: Diancie|Calm Mind|p2a: Diancie
|-boost|p2a: Diancie|spa|1
|-boost|p2a: Diancie|spd|1
|
|-heal|p2a: Diancie|57/100|[from] item: Leftovers
|-end|p2a: Diancie|Whirlpool|[partiallytrapped]
|upkeep
|turn|11
|
|t:|1758324211
|move|p2a: Diancie|Draining Kiss|p1a: Quagsire
|-damage|p1a: Quagsire|95/100
|-heal|p2a: Diancie|64/100|[from] drain|[of] p1a: Quagsire
|move|p1a: Quagsire|Whirlpool|p2a: Diancie
|-damage|p2a: Diancie|56/100
|-activate|p2a: Diancie|move: Whirlpool|[of] p1a: Quagsire
|
|-heal|p2a: Diancie|62/100|[from] item: Leftovers
|-heal|p1a: Quagsire|100/100|[from] item: Leftovers
|-damage|p2a: Diancie|50/100|[from] move: Whirlpool|[partiallytrapped]
|upkeep
|turn|12
|
|t:|1758324222
|move|p2a: Diancie|Draining Kiss|p1a: Quagsire
|-damage|p1a: Quagsire|95/100
|-heal|p2a: Diancie|57/100|[from] drain|[of] p1a: Quagsire
|move|p1a: Quagsire|Whirlpool|p2a: Diancie|[miss]
|-miss|p1a: Quagsire|p2a: Diancie
|
|-heal|p2a: Diancie|63/100|[from] item: Leftovers
|-heal|p1a: Quagsire|100/100|[from] item: Leftovers
|-damage|p2a: Diancie|50/100|[from] move: Whirlpool|[partiallytrapped]
|upkeep
|turn|13
|
|t:|1758324231
|move|p2a: Diancie|Diamond Storm|p1a: Quagsire
|-resisted|p1a: Quagsire
|-damage|p1a: Quagsire|89/100
|move|p1a: Quagsire|Whirlpool|p2a: Diancie
|-damage|p2a: Diancie|44/100
|
|-heal|p2a: Diancie|50/100|[from] item: Leftovers
|-heal|p1a: Quagsire|95/100|[from] item: Leftovers
|-damage|p2a: Diancie|38/100|[from] move: Whirlpool|[partiallytrapped]
|upkeep
|turn|14
|
|t:|1758324240
|move|p1a: Quagsire|Protect|p1a: Quagsire
|-singleturn|p1a: Quagsire|Protect
|move|p2a: Diancie|Moonblast|p1a: Quagsire
|-activate|p1a: Quagsire|move: Protect
|
|-heal|p2a: Diancie|44/100|[from] item: Leftovers
|-heal|p1a: Quagsire|100/100|[from] item: Leftovers
|-damage|p2a: Diancie|31/100|[from] move: Whirlpool|[partiallytrapped]
|upkeep
|turn|15
|
|t:|1758324248
|move|p2a: Diancie|Moonblast|p1a: Quagsire
|-damage|p1a: Quagsire|90/100
|move|p1a: Quagsire|Whirlpool|p2a: Diancie
|-damage|p2a: Diancie|24/100
|
|-heal|p2a: Diancie|30/100|[from] item: Leftovers
|-heal|p1a: Quagsire|96/100|[from] item: Leftovers
|-end|p2a: Diancie|Whirlpool|[partiallytrapped]
|upkeep
|turn|16
|
|t:|1758324258
|move|p1a: Quagsire|Protect|p1a: Quagsire
|-singleturn|p1a: Quagsire|Protect
|move|p2a: Diancie|Draining Kiss|p1a: Quagsire
|-activate|p1a: Quagsire|move: Protect
|
|-heal|p2a: Diancie|36/100|[from] item: Leftovers
|-heal|p1a: Quagsire|100/100|[from] item: Leftovers
|upkeep
|turn|17
|
|t:|1758324265
|move|p2a: Diancie|Draining Kiss|p1a: Quagsire
|-damage|p1a: Quagsire|95/100
|-heal|p2a: Diancie|43/100|[from] drain|[of] p1a: Quagsire
|move|p1a: Quagsire|Whirlpool|p2a: Diancie
|-damage|p2a: Diancie|36/100
|-activate|p2a: Diancie|move: Whirlpool|[of] p1a: Quagsire
|
|-heal|p2a: Diancie|43/100|[from] item: Leftovers
|-heal|p1a: Quagsire|100/100|[from] item: Leftovers
|-damage|p2a: Diancie|30/100|[from] move: Whirlpool|[partiallytrapped]
|upkeep
|turn|18
|
|t:|1758324279
|move|p2a: Diancie|Draining Kiss|p1a: Quagsire
|-damage|p1a: Quagsire|94/100
|-heal|p2a: Diancie|38/100|[from] drain|[of] p1a: Quagsire
|move|p1a: Quagsire|Amnesia|p1a: Quagsire
|-boost|p1a: Quagsire|spd|0
|
|-heal|p2a: Diancie|44/100|[from] item: Leftovers
|-heal|p1a: Quagsire|100/100|[from] item: Leftovers
|-damage|p2a: Diancie|31/100|[from] move: Whirlpool|[partiallytrapped]
|upkeep
|turn|19
|
|t:|1758324288
|move|p2a: Diancie|Draining Kiss|p1a: Quagsire
|-damage|p1a: Quagsire|94/100
|-heal|p2a: Diancie|39/100|[from] drain|[of] p1a: Quagsire
|move|p1a: Quagsire|Whirlpool|p2a: Diancie
|-damage|p2a: Diancie|31/100
|
|-heal|p2a: Diancie|38/100|[from] item: Leftovers
|-heal|p1a: Quagsire|100/100|[from] item: Leftovers
|-damage|p2a: Diancie|25/100|[from] move: Whirlpool|[partiallytrapped]
|upkeep
|turn|20
|inactive|NekroBlasphemer has 120 seconds left.
|
|t:|1758324322
|move|p1a: Quagsire|Protect|p1a: Quagsire
|-singleturn|p1a: Quagsire|Protect
|move|p2a: Diancie|Draining Kiss|p1a: Quagsire
|-activate|p1a: Quagsire|move: Protect
|
|-heal|p2a: Diancie|31/100|[from] item: Leftovers
|-damage|p2a: Diancie|19/100|[from] move: Whirlpool|[partiallytrapped]
|upkeep
|turn|21
|
|t:|1758324332
|move|p2a: Diancie|Draining Kiss|p1a: Quagsire
|-damage|p1a: Quagsire|95/100
|-heal|p2a: Diancie|26/100|[from] drain|[of] p1a: Quagsire
|move|p1a: Quagsire|Whirlpool|p2a: Diancie
|-damage|p2a: Diancie|19/100
|
|-heal|p2a: Diancie|25/100|[from] item: Leftovers
|-heal|p1a: Quagsire|100/100|[from] item: Leftovers
|-damage|p2a: Diancie|12/100|[from] move: Whirlpool|[partiallytrapped]
|upkeep
|turn|22
|
|t:|1758324341
|move|p2a: Diancie|Draining Kiss|p1a: Quagsire
|-damage|p1a: Quagsire|95/100
|-heal|p2a: Diancie|20/100|[from] drain|[of] p1a: Quagsire
|move|p1a: Quagsire|Whirlpool|p2a: Diancie
|-crit|p2a: Diancie
|-damage|p2a: Diancie|8/100
|
|-heal|p2a: Diancie|15/100|[from] item: Leftovers
|-heal|p1a: Quagsire|100/100|[from] item: Leftovers
|-end|p2a: Diancie|Whirlpool|[partiallytrapped]
|upkeep
|turn|23
|
|t:|1758324354
|switch|p2a: Staraptor|Staraptor, F|65/100
|move|p1a: Quagsire|Whirlpool|p2a: Staraptor
|-damage|p2a: Staraptor|50/100
|-activate|p2a: Staraptor|move: Whirlpool|[of] p1a: Quagsire
|
|-damage|p2a: Staraptor|37/100|[from] move: Whirlpool|[partiallytrapped]
|upkeep
|turn|24
|
|t:|1758324365
|move|p1a: Quagsire|Protect|p1a: Quagsire
|-singleturn|p1a: Quagsire|Protect
|move|p2a: Staraptor|Brave Bird|p1a: Quagsire
|-activate|p1a: Quagsire|move: Protect
|
|-damage|p2a: Staraptor|25/100|[from] move: Whirlpool|[partiallytrapped]
|upkeep
|turn|25
|
|t:|1758324372
|move|p2a: Staraptor|Brave Bird|p1a: Quagsire
|-damage|p1a: Quagsire|30/100
|-damage|p2a: Staraptor|0 fnt|[from] Recoil
|faint|p2a: Staraptor
|move|p1a: Quagsire|Amnesia|p1a: Quagsire
|-boost|p1a: Quagsire|spd|0
|
|-heal|p1a: Quagsire|36/100|[from] item: Leftovers
|upkeep
|
|t:|1758324387
|switch|p2a: Abomasnow|Abomasnow, F, shiny|100/100
|-weather|Snowscape|[from] ability: Snow Warning|[of] p2a: Abomasnow
|turn|26
|
|t:|1758324399
|-terastallize|p1a: Quagsire|Poison
|move|p2a: Abomasnow|Giga Drain|p1a: Quagsire
|-resisted|p1a: Quagsire
|-damage|p1a: Quagsire|30/100
|move|p1a: Quagsire|Recover|p1a: Quagsire
|-heal|p1a: Quagsire|80/100
|
|-weather|Snowscape|[upkeep]
|-heal|p1a: Quagsire|86/100|[from] item: Leftovers
|upkeep
|turn|27
|
|t:|1758324408
|move|p2a: Abomasnow|Aurora Veil|p2a: Abomasnow
|-sidestart|p2: coping walrus|move: Aurora Veil
|move|p1a: Quagsire|Whirlpool|p2a: Abomasnow
|-resisted|p2a: Abomasnow
|-damage|p2a: Abomasnow|99/100
|-activate|p2a: Abomasnow|move: Whirlpool|[of] p1a: Quagsire
|
|-weather|Snowscape|[upkeep]
|-heal|p1a: Quagsire|92/100|[from] item: Leftovers
|-damage|p2a: Abomasnow|86/100|[from] move: Whirlpool|[partiallytrapped]
|upkeep
|turn|28
|
|t:|1758324423
|move|p1a: Quagsire|Protect|p1a: Quagsire
|-singleturn|p1a: Quagsire|Protect
|move|p2a: Abomasnow|Earth Power|p1a: Quagsire
|-activate|p1a: Quagsire|move: Protect
|
|-weather|Snowscape|[upkeep]
|-heal|p1a: Quagsire|98/100|[from] item: Leftovers
|-damage|p2a: Abomasnow|74/100|[from] move: Whirlpool|[partiallytrapped]
|upkeep
|turn|29
|
|t:|1758324431
|move|p2a: Abomasnow|Earth Power|p1a: Quagsire
|-supereffective|p1a: Quagsire
|-damage|p1a: Quagsire|80/100
|move|p1a: Quagsire|Whirlpool|p2a: Abomasnow
|-resisted|p2a: Abomasnow
|-damage|p2a: Abomasnow|72/100
|
|-weather|Snowscape|[upkeep]
|-heal|p1a: Quagsire|87/100|[from] item: Leftovers
|-damage|p2a: Abomasnow|60/100|[from] move: Whirlpool|[partiallytrapped]
|upkeep
|turn|30
|
|t:|1758324455
|move|p1a: Quagsire|Protect|p1a: Quagsire
|-singleturn|p1a: Quagsire|Protect
|move|p2a: Abomasnow|Earth Power|p1a: Quagsire
|-activate|p1a: Quagsire|move: Protect
|
|-weather|none
|-heal|p1a: Quagsire|93/100|[from] item: Leftovers
|-damage|p2a: Abomasnow|47/100|[from] move: Whirlpool|[partiallytrapped]
|upkeep
|turn|31
|
|t:|1758324464
|move|p2a: Abomasnow|Earth Power|p1a: Quagsire
|-supereffective|p1a: Quagsire
|-damage|p1a: Quagsire|74/100
|move|p1a: Quagsire|Whirlpool|p2a: Abomasnow
|-resisted|p2a: Abomasnow
|-damage|p2a: Abomasnow|45/100
|
|-heal|p1a: Quagsire|80/100|[from] item: Leftovers
|-end|p2a: Abomasnow|Whirlpool|[partiallytrapped]
|upkeep
|turn|32
|
|t:|1758324473
|switch|p2a: Polteageist|Polteageist, shiny|100/100
|move|p1a: Quagsire|Whirlpool|p2a: Polteageist
|-damage|p2a: Polteageist|96/100
|-activate|p2a: Polteageist|move: Whirlpool|[of] p1a: Quagsire
|
|-heal|p1a: Quagsire|86/100|[from] item: Leftovers
|-damage|p2a: Polteageist|84/100|[from] move: Whirlpool|[partiallytrapped]
|upkeep
|turn|33
|
|t:|1758324500
|move|p1a: Quagsire|Protect|p1a: Quagsire
|-singleturn|p1a: Quagsire|Protect
|move|p2a: Polteageist|Shell Smash|p2a: Polteageist
|-unboost|p2a: Polteageist|def|1
|-unboost|p2a: Polteageist|spd|1
|-boost|p2a: Polteageist|atk|2
|-boost|p2a: Polteageist|spa|2
|-boost|p2a: Polteageist|spe|2
|
|-heal|p1a: Quagsire|92/100|[from] item: Leftovers
|-damage|p2a: Polteageist|71/100|[from] move: Whirlpool|[partiallytrapped]
|upkeep
|turn|34
|inactive|NekroBlasphemer has 120 seconds left.
|
|t:|1758324515
|move|p2a: Polteageist|Stored Power|p1a: Quagsire
|-supereffective|p1a: Quagsire
|-damage|p1a: Quagsire|60/100
|move|p1a: Quagsire|Amnesia|p1a: Quagsire
|-boost|p1a: Quagsire|spd|0
|
|-heal|p1a: Quagsire|66/100|[from] item: Leftovers
|-damage|p2a: Polteageist|59/100|[from] move: Whirlpool|[partiallytrapped]
|-sideend|p2: coping walrus|move: Aurora Veil
|upkeep
|turn|35
|
|t:|1758324523
|move|p2a: Polteageist|Shell Smash|p2a: Polteageist
|-unboost|p2a: Polteageist|def|1
|-unboost|p2a: Polteageist|spd|1
|-boost|p2a: Polteageist|atk|2
|-boost|p2a: Polteageist|spa|2
|-boost|p2a: Polteageist|spe|2
|move|p1a: Quagsire|Recover|p1a: Quagsire
|-heal|p1a: Quagsire|100/100
|
|-damage|p2a: Polteageist|47/100|[from] move: Whirlpool|[partiallytrapped]
|upkeep
|turn|36
|
|t:|1758324537
|move|p1a: Quagsire|Protect|p1a: Quagsire
|-singleturn|p1a: Quagsire|Protect
|move|p2a: Polteageist|Strength Sap|p1a: Quagsire
|-activate|p1a: Quagsire|move: Protect
|
|-end|p2a: Polteageist|Whirlpool|[partiallytrapped]
|upkeep
|turn|37
|inactive|NekroBlasphemer has 120 seconds left.
|inactive|NekroBlasphemer has 90 seconds left.
|inactive|NekroBlasphemer has 60 seconds left.
|
|t:|1758324635
|move|p1a: Quagsire|Protect|p1a: Quagsire
|-singleturn|p1a: Quagsire|Protect
|move|p2a: Polteageist|Strength Sap|p1a: Quagsire
|-activate|p1a: Quagsire|move: Protect
|
|upkeep
|turn|38
|
|t:|1758324640
|move|p2a: Polteageist|Strength Sap|p1a: Quagsire
|-unboost|p1a: Quagsire|atk|1
|-heal|p2a: Polteageist|100/100
|move|p1a: Quagsire|Whirlpool|p2a: Polteageist
|-damage|p2a: Polteageist|91/100
|-activate|p2a: Polteageist|move: Whirlpool|[of] p1a: Quagsire
|
|-damage|p2a: Polteageist|79/100|[from] move: Whirlpool|[partiallytrapped]
|upkeep
|turn|39
|inactive|NekroBlasphemer has 60 seconds left.
|
|t:|1758324653
|move|p2a: Polteageist|Shell Smash|p2a: Polteageist
|-unboost|p2a: Polteageist|def|1
|-unboost|p2a: Polteageist|spd|1
|-boost|p2a: Polteageist|atk|2
|-boost|p2a: Polteageist|spa|2
|-boost|p2a: Polteageist|spe|2
|move|p1a: Quagsire|Whirlpool|p2a: Polteageist|[miss]
|-miss|p1a: Quagsire|p2a: Polteageist
|
|-damage|p2a: Polteageist|66/100|[from] move: Whirlpool|[partiallytrapped]
|upkeep
|turn|40
|
|t:|1758324663
|move|p1a: Quagsire|Protect|p1a: Quagsire
|-singleturn|p1a: Quagsire|Protect
|move|p2a: Polteageist|Stored Power|p1a: Quagsire
|-activate|p1a: Quagsire|move: Protect
|
|-damage|p2a: Polteageist|54/100|[from] move: Whirlpool|[partiallytrapped]
|upkeep
|turn|41
|inactive|NekroBlasphemer has 60 seconds left.
|
|t:|1758324682
|move|p2a: Polteageist|Stored Power|p1a: Quagsire
|-supereffective|p1a: Quagsire
|-damage|p1a: Quagsire|16/100
|move|p1a: Quagsire|Recover|p1a: Quagsire
|-heal|p1a: Quagsire|66/100
|
|-heal|p1a: Quagsire|72/100|[from] item: Leftovers
|-damage|p2a: Polteageist|42/100|[from] move: Whirlpool|[partiallytrapped]
|upkeep
|turn|42
|
|t:|1758324690
|move|p1a: Quagsire|Protect|p1a: Quagsire
|-singleturn|p1a: Quagsire|Protect
|move|p2a: Polteageist|Strength Sap|p1a: Quagsire
|-activate|p1a: Quagsire|move: Protect
|
|-heal|p1a: Quagsire|78/100|[from] item: Leftovers
|-damage|p2a: Polteageist|30/100|[from] move: Whirlpool|[partiallytrapped]
|upkeep
|turn|43
|
|t:|1758324706
|move|p1a: Quagsire|Protect||[still]
|-fail|p1a: Quagsire
|move|p2a: Polteageist|Strength Sap|p1a: Quagsire
|-unboost|p1a: Quagsire|atk|1
|-heal|p2a: Polteageist|69/100
|
|-heal|p1a: Quagsire|84/100|[from] item: Leftovers
|-end|p2a: Polteageist|Whirlpool|[partiallytrapped]
|upkeep
|turn|44
|
|t:|1758324715
|move|p2a: Polteageist|Strength Sap|p1a: Quagsire
|-unboost|p1a: Quagsire|atk|1
|-heal|p2a: Polteageist|99/100
|move|p1a: Quagsire|Whirlpool|p2a: Polteageist
|-damage|p2a: Polteageist|90/100
|-activate|p2a: Polteageist|move: Whirlpool|[of] p1a: Quagsire
|
|-heal|p1a: Quagsire|90/100|[from] item: Leftovers
|-damage|p2a: Polteageist|78/100|[from] move: Whirlpool|[partiallytrapped]
|upkeep
|turn|45
|
|t:|1758324734
|move|p1a: Quagsire|Protect|p1a: Quagsire
|-singleturn|p1a: Quagsire|Protect
|move|p2a: Polteageist|Stored Power|p1a: Quagsire
|-activate|p1a: Quagsire|move: Protect
|
|-heal|p1a: Quagsire|96/100|[from] item: Leftovers
|-damage|p2a: Polteageist|65/100|[from] move: Whirlpool|[partiallytrapped]
|upkeep
|turn|46
|
|t:|1758324742
|move|p2a: Polteageist|Stored Power|p1a: Quagsire
|-supereffective|p1a: Quagsire
|-damage|p1a: Quagsire|0 fnt
|faint|p1a: Quagsire
|
|-end|p2a: Polteageist|Whirlpool|[partiallytrapped]|[silent]
|upkeep
|
|t:|1758324748
|switch|p1a: Murkrow|Murkrow, F|100/100
|turn|47
|
|t:|1758324753
|move|p2a: Polteageist|Shadow Ball|p1a: Murkrow
|-resisted|p1a: Murkrow
|-crit|p1a: Murkrow
|-damage|p1a: Murkrow|0 fnt
|faint|p1a: Murkrow
|
|upkeep
|
|t:|1758324760
|switch|p1a: Bisharp|Bisharp, F|100/100
|turn|48
|
|t:|1758324765
|move|p1a: Bisharp|Sucker Punch||[still]
|-fail|p1a: Bisharp
|move|p2a: Polteageist|Strength Sap|p1a: Bisharp
|-unboost|p1a: Bisharp|atk|1
|-ability|p1a: Bisharp|Defiant|boost
|-boost|p1a: Bisharp|atk|2
|-heal|p2a: Polteageist|100/100
|
|upkeep
|turn|49
|
|t:|1758324773
|move|p1a: Bisharp|Sucker Punch|p2a: Polteageist
|-supereffective|p2a: Polteageist
|-enditem|p2a: Polteageist|Focus Sash
|-damage|p2a: Polteageist|1/100
|-ability|p2a: Polteageist|Weak Armor|boost
|-unboost|p2a: Polteageist|def|1
|move|p2a: Polteageist|Shadow Ball|p1a: Bisharp
|-resisted|p1a: Bisharp
|-damage|p1a: Bisharp|15/100
|
|upkeep
|turn|50
|
|t:|1758324782
|move|p1a: Bisharp|Sucker Punch||[still]
|-fail|p1a: Bisharp
|move|p2a: Polteageist|Strength Sap|p1a: Bisharp
|-unboost|p1a: Bisharp|atk|1
|-ability|p1a: Bisharp|Defiant|boost
|-boost|p1a: Bisharp|atk|2
|-heal|p2a: Polteageist|100/100
|
|upkeep
|turn|51
|
|t:|1758324794
|move|p1a: Bisharp|Sucker Punch||[still]
|-fail|p1a: Bisharp
|move|p2a: Polteageist|Strength Sap|p1a: Bisharp
|-unboost|p1a: Bisharp|atk|1
|-ability|p1a: Bisharp|Defiant|boost
|-boost|p1a: Bisharp|atk|2
|
|upkeep
|turn|52
|
|t:|1758324803
|move|p2a: Polteageist|Shadow Ball|p1a: Bisharp
|-resisted|p1a: Bisharp
|-damage|p1a: Bisharp|0 fnt
|faint|p1a: Bisharp
|
|upkeep
|inactive|NekroBlasphemer has 120 seconds left.
|
|t:|1758324814
|switch|p1a: Magnezone|Magnezone|100/100
|turn|53
|
|t:|1758324817
|move|p2a: Polteageist|Stored Power|p1a: Magnezone
|-resisted|p1a: Magnezone
|-damage|p1a: Magnezone|0 fnt
|faint|p1a: Magnezone
|
|upkeep
|-message|NekroBlasphemer forfeited.
|
|win|coping walrus
|raw|NekroBlasphemer's rating: 1201 &rarr; <strong>1174</strong><br />(-27 for losing)
|raw|coping walrus's rating: 1176 &rarr; <strong>1203</strong><br />(+27 for winning)
|l|☆NekroBlasphemer
|player|p1|
|l|‽coping walrus
|player|p2|
