|j|☆KingSebyus
|j|☆RK Earth 9000
|t:|1758254671
|gametype|singles
|player|p1|KingSebyus|265|1063
|player|p2|RK Earth 9000|volkner|1086
|gen|9
|tier|[Gen 9] OU
|rated|
|rule|HP Percentage Mod: HP is shown in percentages
|rule|Endless Battle Clause: Forcing endless battles is banned
|rule|Species Clause: Limit one of each Pokémon
|rule|OHKO Clause: OHKO moves are banned
|rule|Evasion Items Clause: Evasion items are banned
|rule|Evasion Moves Clause: Evasion moves are banned
|rule|Evasion Abilities Clause: Evasion abilities are banned
|rule|Sleep Moves Clause: Sleep-inducing moves are banned
|clearpoke
|poke|p1|Glimmora, M|
|poke|p1|Gholdengo|
|poke|p1|Great Tusk|
|poke|p1|Kingambit, M|
|poke|p1|Greninja-*, F|
|poke|p1|Ursaluna, F|
|poke|p2|Gyarados, M|
|poke|p2|Tentacruel, F|
|poke|p2|Heatran, M|
|poke|p2|Incineroar, F|
|poke|p2|Meowscarada, M|
|poke|p2|Landorus-Therian, M|
|teampreview
|
|t:|1758254682
|teamsize|p1|6
|teamsize|p2|6
|start
|switch|p1a: Glimmora|Glimmora, M|100/100
|switch|p2a: Heatran|Heatran, M, shiny|100/100
|turn|1
|
|t:|1758254700
|switch|p2a: Landorus|Landorus-Therian, M, shiny|100/100
|-ability|p2a: Landorus|Intimidate|boost
|-unboost|p1a: Glimmora|atk|1
|move|p1a: Glimmora|Stealth Rock|p2a: Landorus
|-sidestart|p2: RK Earth 9000|move: Stealth Rock
|
|upkeep
|turn|2
|
|t:|1758254710
|move|p2a: Landorus|Psychic|p1a: Glimmora
|-supereffective|p1a: Glimmora
|-damage|p1a: Glimmora|19/100
|move|p1a: Glimmora|Spikes|p2a: Landorus
|-sidestart|p2: RK Earth 9000|Spikes
|
|upkeep
|turn|3
|
|t:|1758254740
|switch|p1a: Ursaluna|Ursaluna, F|100/100
|move|p2a: Landorus|Psychic|p1a: Ursaluna
|-damage|p1a: Ursaluna|62/100
|
|-status|p1a: Ursaluna|brn|[from] item: Flame Orb
|upkeep
|turn|4
|
|t:|1758254752
|switch|p2a: Gyarados|Gyarados, M, shiny|100/100
|-damage|p2a: Gyarados|76/100|[from] Stealth Rock
|-ability|p2a: Gyarados|Intimidate|boost
|-unboost|p1a: Ursaluna|atk|1
|move|p1a: Ursaluna|Ice Punch|p2a: Gyarados
|-damage|p2a: Gyarados|35/100
|
|-damage|p1a: Ursaluna|56/100 brn|[from] brn
|upkeep
|turn|5
|
|t:|1758254768
|move|p2a: Gyarados|Waterfall|p1a: Ursaluna
|-supereffective|p1a: Ursaluna
|-damage|p1a: Ursaluna|0 fnt
|faint|p1a: Ursaluna
|
|upkeep
|
|t:|1758254782
|switch|p1a: Gholdengo|Gholdengo|100/100
|-item|p1a: Gholdengo|Air Balloon
|turn|6
|
|t:|1758254796
|switch|p2a: Tentacruel|Tentacruel, F|100/100
|-damage|p2a: Tentacruel|88/100|[from] Stealth Rock
|-damage|p2a: Tentacruel|76/100|[from] Spikes
|move|p1a: Gholdengo|Make It Rain|p2a: Tentacruel
|-resisted|p2a: Tentacruel
|-damage|p2a: Tentacruel|49/100
|-unboost|p1a: Gholdengo|spa|1
|
|-heal|p2a: Tentacruel|55/100|[from] item: Leftovers
|upkeep
|turn|7
|
|t:|1758254816
|move|p1a: Gholdengo|Nasty Plot|p1a: Gholdengo
|-boost|p1a: Gholdengo|spa|2
|move|p2a: Tentacruel|Knock Off|p1a: Gholdengo
|-supereffective|p1a: Gholdengo
|-damage|p1a: Gholdengo|67/100
|-enditem|p1a: Gholdengo|Air Balloon
|
|-heal|p2a: Tentacruel|61/100|[from] item: Leftovers
|upkeep
|turn|8
|
|t:|1758254837
|switch|p2a: Heatran|Heatran, M, shiny|100/100
|-damage|p2a: Heatran|88/100|[from] Stealth Rock
|-damage|p2a: Heatran|76/100|[from] Spikes
|move|p1a: Gholdengo|Make It Rain|p2a: Heatran
|-resisted|p2a: Heatran
|-damage|p2a: Heatran|53/100
|-unboost|p1a: Gholdengo|spa|1
|
|upkeep
|turn|9
|
|t:|1758254868
|move|p1a: Gholdengo|Shadow Ball|p2a: Heatran
|-damage|p2a: Heatran|10/100
|move|p2a: Heatran|Earth Power|p1a: Gholdengo
|-supereffective|p1a: Gholdengo
|-damage|p1a: Gholdengo|0 fnt
|faint|p1a: Gholdengo
|
|upkeep
|
|t:|1758254897
|switch|p1a: Greninja|Greninja, F|100/100
|turn|10
|
|t:|1758254903
|switch|p2a: Gyarados|Gyarados, M, shiny|35/100
|-damage|p2a: Gyarados|10/100|[from] Stealth Rock
|-ability|p2a: Gyarados|Intimidate|boost
|-unboost|p1a: Greninja|atk|1
|move|p1a: Greninja|Ice Beam|p2a: Gyarados
|-start|p1a: Greninja|typechange|Ice|[from] ability: Protean
|-damage|p2a: Gyarados|0 fnt
|faint|p2a: Gyarados
|-damage|p1a: Greninja|91/100|[from] item: Life Orb
|
|upkeep
|
|t:|1758254916
|switch|p2a: Tentacruel|Tentacruel, F|61/100
|-damage|p2a: Tentacruel|49/100|[from] Stealth Rock
|-damage|p2a: Tentacruel|37/100|[from] Spikes
|turn|11
|inactive|Battle timer is ON: inactive players will automatically lose when time's up. (requested by RK Earth 9000)
|
|t:|1758254951
|move|p1a: Greninja|Ice Beam|p2a: Tentacruel
|-resisted|p2a: Tentacruel
|-damage|p2a: Tentacruel|17/100
|-damage|p1a: Greninja|81/100|[from] item: Life Orb
|move|p2a: Tentacruel|Rapid Spin|p1a: Greninja
|-damage|p1a: Greninja|66/100
|-boost|p2a: Tentacruel|spe|1
|-sideend|p2: RK Earth 9000|Spikes|[from] move: Rapid Spin|[of] p2a: Tentacruel
|-sideend|p2: RK Earth 9000|Stealth Rock|[from] move: Rapid Spin|[of] p2a: Tentacruel
|
|-heal|p2a: Tentacruel|23/100|[from] item: Leftovers
|upkeep
|turn|12
|
|t:|1758254966
|move|p1a: Greninja|Hydro Pump|p2a: Tentacruel|[miss]
|-miss|p1a: Greninja|p2a: Tentacruel
|move|p2a: Tentacruel|Knock Off|p1a: Greninja
|-damage|p1a: Greninja|40/100
|-enditem|p1a: Greninja|Life Orb|[from] move: Knock Off|[of] p2a: Tentacruel
|
|-heal|p2a: Tentacruel|29/100|[from] item: Leftovers
|upkeep
|turn|13
|
|t:|1758254976
|move|p1a: Greninja|Hydro Pump|p2a: Tentacruel
|-resisted|p2a: Tentacruel
|-damage|p2a: Tentacruel|17/100
|move|p2a: Tentacruel|Toxic|p1a: Greninja
|-status|p1a: Greninja|tox
|
|-heal|p2a: Tentacruel|23/100|[from] item: Leftovers
|-damage|p1a: Greninja|34/100 tox|[from] psn
|upkeep
|turn|14
|
|t:|1758254987
|move|p1a: Greninja|Dark Pulse|p2a: Tentacruel
|-damage|p2a: Tentacruel|5/100
|move|p2a: Tentacruel|Knock Off|p1a: Greninja
|-damage|p1a: Greninja|18/100 tox
|
|-heal|p2a: Tentacruel|11/100|[from] item: Leftovers
|-damage|p1a: Greninja|6/100 tox|[from] psn
|upkeep
|turn|15
|
|t:|1758255004
|switch|p2a: Incineroar|Incineroar, F, shiny|100/100
|-ability|p2a: Incineroar|Intimidate|boost
|-unboost|p1a: Greninja|atk|1
|move|p1a: Greninja|U-turn|p2a: Incineroar
|-damage|p2a: Incineroar|93/100
|
|t:|1758255012
|switch|p1a: Great Tusk|Great Tusk|100/100|[from] U-turn
|
|upkeep
|turn|16
|
|t:|1758255024
|move|p2a: Incineroar|Fake Out|p1a: Great Tusk
|-damage|p1a: Great Tusk|94/100
|cant|p1a: Great Tusk|flinch
|
|upkeep
|turn|17
|
|t:|1758255035
|switch|p2a: Landorus|Landorus-Therian, M, shiny|100/100
|-ability|p2a: Landorus|Intimidate|boost
|-unboost|p1a: Great Tusk|atk|1
|move|p1a: Great Tusk|Close Combat|p2a: Landorus
|-resisted|p2a: Landorus
|-damage|p2a: Landorus|80/100
|-unboost|p1a: Great Tusk|def|1
|-unboost|p1a: Great Tusk|spd|1
|
|upkeep
|turn|18
|
|t:|1758255054
|move|p2a: Landorus|Psychic|p1a: Great Tusk
|-supereffective|p1a: Great Tusk
|-damage|p1a: Great Tusk|0 fnt
|faint|p1a: Great Tusk
|-end|p1a: Great Tusk|Protosynthesis|[silent]
|
|upkeep
|
|t:|1758255062
|switch|p1a: Kingambit|Kingambit, M|100/100
|-activate|p1a: Kingambit|ability: Supreme Overlord
|-start|p1a: Kingambit|fallen3|[silent]
|turn|19
|
|t:|1758255070
|switch|p2a: Incineroar|Incineroar, F, shiny|93/100
|-ability|p2a: Incineroar|Intimidate|boost
|-unboost|p1a: Kingambit|atk|1
|move|p1a: Kingambit|Swords Dance|p1a: Kingambit
|-boost|p1a: Kingambit|atk|2
|
|upkeep
|turn|20
|inactive|KingSebyus has 120 seconds left.
|
|t:|1758255109
|move|p2a: Incineroar|Fake Out|p1a: Kingambit
|-resisted|p1a: Kingambit
|-damage|p1a: Kingambit|95/100
|cant|p1a: Kingambit|flinch
|
|upkeep
|turn|21
|
|t:|1758255115
|move|p2a: Incineroar|Close Combat|p1a: Kingambit
|-supereffective|p1a: Kingambit
|-damage|p1a: Kingambit|0 fnt
|-unboost|p2a: Incineroar|def|1
|-unboost|p2a: Incineroar|spd|1
|faint|p1a: Kingambit
|-end|p1a: Kingambit|fallen3|[silent]
|
|upkeep
|
|t:|1758255123
|switch|p1a: Greninja|Greninja, F|6/100 tox
|turn|22
|
|t:|1758255128
|switch|p2a: Tentacruel|Tentacruel, F|11/100
|move|p1a: Greninja|Hydro Pump|p2a: Tentacruel|[miss]
|-start|p1a: Greninja|typechange|Water|[from] ability: Protean
|-miss|p1a: Greninja|p2a: Tentacruel
|
|-heal|p2a: Tentacruel|17/100|[from] item: Leftovers
|-damage|p1a: Greninja|0 fnt|[from] psn
|faint|p1a: Greninja
|upkeep
|
|t:|1758255139
|switch|p1a: Glimmora|Glimmora, M|19/100
|turn|23
|
|t:|1758255145
|switch|p2a: Landorus|Landorus-Therian, M, shiny|80/100
|-ability|p2a: Landorus|Intimidate|boost
|-unboost|p1a: Glimmora|atk|1
|move|p1a: Glimmora|Earth Power|p2a: Landorus
|-immune|p2a: Landorus
|
|upkeep
|turn|24
|
|t:|1758255153
|move|p2a: Landorus|Psychic|p1a: Glimmora
|-supereffective|p1a: Glimmora
|-damage|p1a: Glimmora|0 fnt
|faint|p1a: Glimmora
|
|win|RK Earth 9000
|raw|KingSebyus's rating: 1063 &rarr; <strong>1045</strong><br />(-18 for losing)
|raw|RK Earth 9000's rating: 1086 &rarr; <strong>1111</strong><br />(+25 for winning)
|l|☆KingSebyus
|player|p1|
