|j|☆Alethino
|j|‽geigeidragon
|t:|1758345389
|gametype|singles
|player|p1|Alethino|170|1631
|player|p2|geigeidragon|dawn-gen4pt|1625
|gen|9
|tier|[Gen 9] OU
|rated|
|rule|HP Percentage Mod: HP is shown in percentages
|rule|Endless Battle Clause: Forcing endless battles is banned
|rule|Species Clause: Limit one of each Pokémon
|rule|OHKO Clause: OHKO moves are banned
|rule|Evasion Items Clause: Evasion items are banned
|rule|Evasion Moves Clause: Evasion moves are banned
|rule|Evasion Abilities Clause: Evasion abilities are banned
|rule|Sleep Moves Clause: Sleep-inducing moves are banned
|clearpoke
|poke|p1|Serperior, M|
|poke|p1|Primarina, F|
|poke|p1|Iron Treads|
|poke|p1|Zamazenta-*|
|poke|p1|Pecharunt|
|poke|p1|Rillaboom, F|
|poke|p2|Ogerpon-Wellspring, F|
|poke|p2|Ting-Lu|
|poke|p2|Dragonite, F|
|poke|p2|Scizor, F|
|poke|p2|Iron Valiant|
|poke|p2|Great Tusk|
|teampreview
|inactive|Battle timer is ON: inactive players will automatically lose when time's up. (requested by Alethino)
|
|t:|1758345415
|teamsize|p1|6
|teamsize|p2|6
|start
|switch|p1a: Rillaboom|Rillaboom, F|100/100
|switch|p2a: Scizor|Scizor, F|100/100
|-fieldstart|move: Grassy Terrain|[from] ability: Grassy Surge|[of] p1a: Rillaboom
|turn|1
|
|t:|1758345418
|switch|p1a: Pecharunt|Pecharunt|100/100
|move|p2a: Scizor|U-turn|p1a: Pecharunt
|-resisted|p1a: Pecharunt
|-crit|p1a: Pecharunt
|-damage|p1a: Pecharunt|92/100
|-damage|p2a: Scizor|84/100|[from] item: Rocky Helmet|[of] p1a: Pecharunt
|
|t:|1758345436
|switch|p2a: Ting-Lu|Ting-Lu|100/100|[from] U-turn
|-ability|p2a: Ting-Lu|Vessel of Ruin
|
|-heal|p1a: Pecharunt|98/100|[from] Grassy Terrain
|upkeep
|turn|2
|
|t:|1758345440
|move|p1a: Pecharunt|Malignant Chain|p2a: Ting-Lu
|-resisted|p2a: Ting-Lu
|-damage|p2a: Ting-Lu|92/100
|-status|p2a: Ting-Lu|tox
|-start|p2a: Ting-Lu|confusion|[from] ability: Poison Puppeteer|[of] p1a: Pecharunt
|-activate|p2a: Ting-Lu|confusion
|-damage|p2a: Ting-Lu|88/100 tox|[from] confusion
|
|-heal|p1a: Pecharunt|100/100|[from] Grassy Terrain
|-heal|p2a: Ting-Lu|94/100 tox|[from] Grassy Terrain
|-heal|p2a: Ting-Lu|100/100 tox|[from] item: Leftovers
|-damage|p2a: Ting-Lu|94/100 tox|[from] psn
|upkeep
|turn|3
|j| Ctannn
|
|t:|1758345463
|move|p1a: Pecharunt|Parting Shot|p2a: Ting-Lu
|-unboost|p2a: Ting-Lu|atk|1
|-unboost|p2a: Ting-Lu|spa|1
|
|t:|1758345465
|switch|p1a: Iron Treads|Iron Treads|100/100|[from] Parting Shot
|-activate|p2a: Ting-Lu|confusion
|-damage|p2a: Ting-Lu|92/100 tox|[from] confusion
|
|-heal|p2a: Ting-Lu|98/100 tox|[from] Grassy Terrain
|-heal|p2a: Ting-Lu|100/100 tox|[from] item: Leftovers
|-damage|p2a: Ting-Lu|88/100 tox|[from] psn
|upkeep
|turn|4
|
|t:|1758345476
|switch|p2a: Ogerpon|Ogerpon-Wellspring, F|100/100
|move|p1a: Iron Treads|Earthquake|p2a: Ogerpon
|-resisted|p2a: Ogerpon
|-damage|p2a: Ogerpon|86/100
|
|-heal|p2a: Ogerpon|92/100|[from] Grassy Terrain
|upkeep
|turn|5
|j| banana6666
|
|t:|1758345483
|-end|p1a: Iron Treads|Quark Drive|[silent]
|switch|p1a: Pecharunt|Pecharunt|100/100
|move|p2a: Ogerpon|Swords Dance|p2a: Ogerpon
|-boost|p2a: Ogerpon|atk|2
|
|-heal|p2a: Ogerpon|98/100|[from] Grassy Terrain
|-fieldend|move: Grassy Terrain
|upkeep
|turn|6
|
|t:|1758345497
|-terastallize|p2a: Ogerpon|Water
|detailschange|p2a: Ogerpon|Ogerpon-Wellspring-Tera, F, tera:Water
|-ability|p2a: Ogerpon|Embody Aspect (Wellspring)|boost
|-boost|p2a: Ogerpon|spd|1
|move|p2a: Ogerpon|Ivy Cudgel|p1a: Pecharunt|[anim] Ivy Cudgel Water
|-damage|p1a: Pecharunt|9/100
|move|p1a: Pecharunt|Malignant Chain|p2a: Ogerpon
|-damage|p2a: Ogerpon|72/100
|
|upkeep
|turn|7
|j| Shucklepilled
|
|t:|1758345515
|switch|p1a: Rillaboom|Rillaboom, F|100/100
|-fieldstart|move: Grassy Terrain|[from] ability: Grassy Surge|[of] p1a: Rillaboom
|move|p2a: Ogerpon|Ivy Cudgel|p1a: Rillaboom|[anim] Ivy Cudgel Water
|-resisted|p1a: Rillaboom
|-damage|p1a: Rillaboom|11/100
|
|-heal|p2a: Ogerpon|78/100|[from] Grassy Terrain
|-heal|p1a: Rillaboom|17/100|[from] Grassy Terrain
|upkeep
|turn|8
|
|t:|1758345530
|move|p1a: Rillaboom|Grassy Glide|p2a: Ogerpon
|-supereffective|p2a: Ogerpon
|-damage|p2a: Ogerpon|0 fnt
|faint|p2a: Ogerpon
|detailschange|p2: Ogerpon|Ogerpon-Wellspring, F|[silent]
|
|-heal|p1a: Rillaboom|23/100|[from] Grassy Terrain
|upkeep
|
|t:|1758345539
|switch|p2a: Scizor|Scizor, F|84/100
|turn|9
|
|t:|1758345544
|switch|p1a: Iron Treads|Iron Treads|100/100
|move|p2a: Scizor|U-turn|p1a: Iron Treads
|-resisted|p1a: Iron Treads
|-damage|p1a: Iron Treads|85/100
|
|t:|1758345560
|switch|p2a: Great Tusk|Great Tusk|100/100|[from] U-turn
|
|-heal|p1a: Iron Treads|91/100|[from] Grassy Terrain
|upkeep
|turn|10
|
|t:|1758345588
|-end|p1a: Iron Treads|Quark Drive|[silent]
|switch|p1a: Serperior|Serperior, M|100/100
|move|p2a: Great Tusk|Ice Spinner|p1a: Serperior
|-supereffective|p1a: Serperior
|-damage|p1a: Serperior|47/100
|-fieldend|move: Grassy Terrain
|
|upkeep
|turn|11
|
|t:|1758345595
|-end|p2a: Great Tusk|Protosynthesis|[silent]
|switch|p2a: Scizor|Scizor, F|84/100
|move|p1a: Serperior|Leaf Storm|p2a: Scizor
|-resisted|p2a: Scizor
|-damage|p2a: Scizor|62/100
|-boost|p1a: Serperior|spa|2
|
|upkeep
|turn|12
|
|t:|1758345600
|switch|p1a: Pecharunt|Pecharunt|9/100
|move|p2a: Scizor|Bullet Punch|p1a: Pecharunt
|-damage|p1a: Pecharunt|0 fnt
|-damage|p2a: Scizor|45/100|[from] item: Rocky Helmet|[of] p1a: Pecharunt
|faint|p1a: Pecharunt
|
|upkeep
|
|t:|1758345605
|switch|p1a: Iron Treads|Iron Treads|91/100
|turn|13
|
|t:|1758345613
|move|p1a: Iron Treads|Ice Spinner|p2a: Scizor
|-resisted|p2a: Scizor
|-damage|p2a: Scizor|34/100
|move|p2a: Scizor|Close Combat|p1a: Iron Treads
|-supereffective|p1a: Iron Treads
|-damage|p1a: Iron Treads|23/100
|-unboost|p2a: Scizor|def|1
|-unboost|p2a: Scizor|spd|1
|
|upkeep
|turn|14
|
|t:|1758345624
|switch|p2a: Great Tusk|Great Tusk|100/100
|move|p1a: Iron Treads|Earthquake|p2a: Great Tusk
|-crit|p2a: Great Tusk
|-damage|p2a: Great Tusk|71/100
|
|upkeep
|turn|15
|
|t:|1758345632
|move|p1a: Iron Treads|Ice Spinner|p2a: Great Tusk
|-supereffective|p2a: Great Tusk
|-damage|p2a: Great Tusk|47/100
|move|p2a: Great Tusk|Rapid Spin|p1a: Iron Treads
|-resisted|p1a: Iron Treads
|-damage|p1a: Iron Treads|17/100
|-boost|p2a: Great Tusk|spe|1
|
|upkeep
|turn|16
|
|t:|1758345638
|move|p2a: Great Tusk|Earthquake|p1a: Iron Treads
|-supereffective|p1a: Iron Treads
|-damage|p1a: Iron Treads|0 fnt
|faint|p1a: Iron Treads
|-end|p1a: Iron Treads|Quark Drive|[silent]
|
|upkeep
|
|t:|1758345641
|switch|p1a: Rillaboom|Rillaboom, F|23/100
|-fieldstart|move: Grassy Terrain|[from] ability: Grassy Surge|[of] p1a: Rillaboom
|turn|17
|
|t:|1758345653
|move|p1a: Rillaboom|Grassy Glide|p2a: Great Tusk
|-supereffective|p2a: Great Tusk
|-damage|p2a: Great Tusk|0 fnt
|faint|p2a: Great Tusk
|-end|p2a: Great Tusk|Protosynthesis|[silent]
|
|-heal|p1a: Rillaboom|30/100|[from] Grassy Terrain
|upkeep
|
|t:|1758345660
|switch|p2a: Dragonite|Dragonite, F|100/100
|turn|18
|
|t:|1758345681
|switch|p1a: Primarina|Primarina, F|100/100
|switch|p2a: Iron Valiant|Iron Valiant|100/100
|
|upkeep
|turn|19
|
|t:|1758345694
|move|p2a: Iron Valiant|Moonblast|p1a: Primarina
|-damage|p1a: Primarina|57/100
|move|p1a: Primarina|Moonblast|p2a: Iron Valiant
|-supereffective|p2a: Iron Valiant
|-damage|p2a: Iron Valiant|0 fnt
|faint|p2a: Iron Valiant
|-end|p2a: Iron Valiant|Quark Drive|[silent]
|
|-heal|p1a: Primarina|63/100|[from] Grassy Terrain
|upkeep
|
|t:|1758345704
|switch|p2a: Scizor|Scizor, F|34/100
|turn|20
|l| Ctannn
|
|t:|1758345708
|move|p2a: Scizor|Bullet Punch|p1a: Primarina
|-damage|p1a: Primarina|17/100
|move|p1a: Primarina|Surf|p2a: Scizor
|-crit|p2a: Scizor
|-damage|p2a: Scizor|0 fnt
|faint|p2a: Scizor
|
|-heal|p1a: Primarina|23/100|[from] Grassy Terrain
|upkeep
|-message|geigeidragon forfeited.
|
|win|Alethino
|raw|Alethino's rating: 1631 &rarr; <strong>1651</strong><br />(+20 for winning)
|raw|geigeidragon's rating: 1625 &rarr; <strong>1605</strong><br />(-20 for losing)
|l|‽geigeidragon
|player|p2|
|l|☆Alethino
|player|p1|
|l| banana6666
|l| Shucklepilled
