|j|☆txumelhas
|j|☆Plug Kristmas
|t:|1758322965
|gametype|singles
|player|p1|txumelhas|pryce|1146
|player|p2|Plug Kristmas|rood|1085
|gen|9
|tier|[Gen 9] OU
|rated|
|rule|HP Percentage Mod: HP is shown in percentages
|rule|Endless Battle Clause: Forcing endless battles is banned
|rule|Species Clause: Limit one of each Pokémon
|rule|OHKO Clause: OHKO moves are banned
|rule|Evasion Items Clause: Evasion items are banned
|rule|Evasion Moves Clause: Evasion moves are banned
|rule|Evasion Abilities Clause: Evasion abilities are banned
|rule|Sleep Moves Clause: Sleep-inducing moves are banned
|clearpoke
|poke|p1|Toxapex, M|
|poke|p1|Incineroar, M|
|poke|p1|Muk-Alola, F|
|poke|p1|Mimikyu, M|
|poke|p1|Ninetales-Alola, M|
|poke|p1|Araquanid, M|
|poke|p2|Alcremie-Rainbow-Swirl, F|
|poke|p2|Hariyama, F|
|poke|p2|Forretress, F|
|poke|p2|Manaphy|
|poke|p2|Iron Valiant|
|poke|p2|Heatran, M|
|teampreview
|
|t:|1758322978
|teamsize|p1|6
|teamsize|p2|6
|start
|switch|p1a: Ninetales|Ninetales-Alola, M|100/100
|switch|p2a: Forretress|Forretress, F|100/100
|-weather|Snowscape|[from] ability: Snow Warning|[of] p1a: Ninetales
|turn|1
|
|t:|1758322986
|move|p1a: Ninetales|Aurora Veil|p1a: Ninetales
|-sidestart|p1: txumelhas|move: Aurora Veil
|move|p2a: Forretress|Spikes|p1a: Ninetales
|-sidestart|p1: txumelhas|Spikes
|
|-weather|Snowscape|[upkeep]
|upkeep
|turn|2
|
|t:|1758322993
|switch|p1a: Incineroar|Incineroar, M|100/100
|-damage|p1a: Incineroar|88/100|[from] Spikes
|-ability|p1a: Incineroar|Intimidate|boost
|-unboost|p2a: Forretress|atk|1
|switch|p2a: Heatran|Heatran, M|100/100
|-item|p2a: Heatran|Air Balloon
|
|-weather|Snowscape|[upkeep]
|upkeep
|turn|3
|
|t:|1758323005
|move|p1a: Incineroar|Earthquake|p2a: Heatran
|-immune|p2a: Heatran
|move|p2a: Heatran|Earth Power|p1a: Incineroar
|-supereffective|p1a: Incineroar
|-damage|p1a: Incineroar|48/100
|
|-weather|Snowscape|[upkeep]
|upkeep
|turn|4
|inactive|Battle timer is ON: inactive players will automatically lose when time's up. (requested by txumelhas)
|
|t:|1758323043
|move|p1a: Incineroar|Close Combat|p2a: Heatran
|-supereffective|p2a: Heatran
|-damage|p2a: Heatran|27/100
|-unboost|p1a: Incineroar|def|1
|-unboost|p1a: Incineroar|spd|1
|-enditem|p2a: Heatran|Air Balloon
|move|p2a: Heatran|Earth Power|p1a: Incineroar
|-supereffective|p1a: Incineroar
|-damage|p1a: Incineroar|0 fnt
|faint|p1a: Incineroar
|
|-weather|Snowscape|[upkeep]
|upkeep
|
|t:|1758323056
|switch|p1a: Araquanid|Araquanid, M|100/100
|-damage|p1a: Araquanid|88/100|[from] Spikes
|turn|5
|
|t:|1758323061
|switch|p2a: Manaphy|Manaphy|100/100
|move|p1a: Araquanid|Sticky Web|p2a: Manaphy
|-sidestart|p2: Plug Kristmas|move: Sticky Web
|
|-weather|none
|-heal|p1a: Araquanid|94/100|[from] item: Leftovers
|upkeep
|turn|6
|
|t:|1758323069
|move|p2a: Manaphy|Tail Glow|p2a: Manaphy
|-boost|p2a: Manaphy|spa|3
|move|p1a: Araquanid|Poison Jab|p2a: Manaphy
|-damage|p2a: Manaphy|81/100
|
|-heal|p2a: Manaphy|88/100|[from] item: Leftovers
|-heal|p1a: Araquanid|100/100|[from] item: Leftovers
|upkeep
|turn|7
|
|t:|1758323078
|move|p2a: Manaphy|Tail Glow|p2a: Manaphy
|-boost|p2a: Manaphy|spa|3
|move|p1a: Araquanid|Poison Jab|p2a: Manaphy
|-damage|p2a: Manaphy|69/100
|
|-heal|p2a: Manaphy|75/100|[from] item: Leftovers
|upkeep
|turn|8
|
|t:|1758323087
|move|p2a: Manaphy|Blizzard|p1a: Araquanid|[miss]
|-miss|p2a: Manaphy|p1a: Araquanid
|move|p1a: Araquanid|Poison Jab|p2a: Manaphy
|-damage|p2a: Manaphy|57/100
|
|-heal|p2a: Manaphy|64/100|[from] item: Leftovers
|-sideend|p1: txumelhas|move: Aurora Veil
|upkeep
|turn|9
|
|t:|1758323099
|move|p2a: Manaphy|Surf|p1a: Araquanid
|-resisted|p1a: Araquanid
|-damage|p1a: Araquanid|42/100
|move|p1a: Araquanid|Poison Jab|p2a: Manaphy
|-damage|p2a: Manaphy|46/100
|
|-heal|p2a: Manaphy|52/100|[from] item: Leftovers
|-heal|p1a: Araquanid|48/100|[from] item: Leftovers
|upkeep
|turn|10
|
|t:|1758323108
|move|p2a: Manaphy|Surf|p1a: Araquanid
|-resisted|p1a: Araquanid
|-damage|p1a: Araquanid|0 fnt
|faint|p1a: Araquanid
|
|-heal|p2a: Manaphy|58/100|[from] item: Leftovers
|upkeep
|
|t:|1758323115
|switch|p1a: Ninetales|Ninetales-Alola, M|100/100
|-damage|p1a: Ninetales|88/100|[from] Spikes
|-weather|Snowscape|[from] ability: Snow Warning|[of] p1a: Ninetales
|turn|11
|
|t:|1758323123
|move|p1a: Ninetales|Freeze-Dry|p2a: Manaphy
|-supereffective|p2a: Manaphy
|-damage|p2a: Manaphy|9/100
|move|p2a: Manaphy|Surf|p1a: Ninetales
|-damage|p1a: Ninetales|0 fnt
|faint|p1a: Ninetales
|
|-weather|Snowscape|[upkeep]
|-heal|p2a: Manaphy|15/100|[from] item: Leftovers
|upkeep
|
|t:|1758323135
|switch|p1a: Mimikyu|Mimikyu, M|100/100
|-damage|p1a: Mimikyu|88/100|[from] Spikes
|turn|12
|
|t:|1758323141
|move|p1a: Mimikyu|Shadow Sneak|p2a: Manaphy
|-damage|p2a: Manaphy|0 fnt
|faint|p2a: Manaphy
|
|-weather|Snowscape|[upkeep]
|-heal|p1a: Mimikyu|94/100|[from] item: Leftovers
|upkeep
|
|t:|1758323159
|switch|p2a: Heatran|Heatran, M|27/100
|-activate|p2a: Heatran|move: Sticky Web
|-unboost|p2a: Heatran|spe|1
|turn|13
|
|t:|1758323165
|move|p1a: Mimikyu|Swords Dance|p1a: Mimikyu
|-boost|p1a: Mimikyu|atk|2
|move|p2a: Heatran|Flamethrower|p1a: Mimikyu
|-activate|p1a: Mimikyu|ability: Disguise
|-damage|p1a: Mimikyu|94/100
|detailschange|p1a: Mimikyu|Mimikyu-Busted, M
|-damage|p1a: Mimikyu|82/100|[from] pokemon: Mimikyu-Busted
|
|-weather|Snowscape|[upkeep]
|-heal|p1a: Mimikyu|88/100|[from] item: Leftovers
|upkeep
|turn|14
|
|t:|1758323177
|move|p1a: Mimikyu|Shadow Claw|p2a: Heatran
|-damage|p2a: Heatran|0 fnt
|faint|p2a: Heatran
|
|-weather|Snowscape|[upkeep]
|-heal|p1a: Mimikyu|94/100|[from] item: Leftovers
|upkeep
|
|t:|1758323187
|switch|p2a: Hariyama|Hariyama, F|100/100
|-activate|p2a: Hariyama|move: Sticky Web
|-unboost|p2a: Hariyama|spe|1
|turn|15
|
|t:|1758323193
|move|p1a: Mimikyu|Play Rough|p2a: Hariyama
|-supereffective|p2a: Hariyama
|-damage|p2a: Hariyama|0 fnt
|faint|p2a: Hariyama
|
|-weather|none
|-heal|p1a: Mimikyu|99/100|[from] item: Leftovers
|upkeep
|
|t:|1758323202
|switch|p2a: Alcremie|Alcremie-Rainbow-Swirl, F|100/100
|-activate|p2a: Alcremie|move: Sticky Web
|-unboost|p2a: Alcremie|spe|1
|turn|16
|
|t:|1758323209
|move|p1a: Mimikyu|Shadow Claw|p2a: Alcremie
|-damage|p2a: Alcremie|31/100
|move|p2a: Alcremie|Calm Mind|p2a: Alcremie
|-boost|p2a: Alcremie|spa|1
|-boost|p2a: Alcremie|spd|1
|
|-heal|p1a: Mimikyu|100/100|[from] item: Leftovers
|-heal|p2a: Alcremie|37/100|[from] item: Leftovers
|upkeep
|turn|17
|
|t:|1758323219
|move|p1a: Mimikyu|Shadow Claw|p2a: Alcremie
|-damage|p2a: Alcremie|0 fnt
|faint|p2a: Alcremie
|
|upkeep
|
|t:|1758323229
|switch|p2a: Iron Valiant|Iron Valiant|100/100
|-activate|p2a: Iron Valiant|move: Sticky Web
|-unboost|p2a: Iron Valiant|spe|1
|-enditem|p2a: Iron Valiant|Booster Energy
|-activate|p2a: Iron Valiant|ability: Quark Drive|[fromitem]
|-start|p2a: Iron Valiant|quarkdriveatk
|turn|18
|
|t:|1758323236
|move|p1a: Mimikyu|Play Rough|p2a: Iron Valiant
|-supereffective|p2a: Iron Valiant
|-damage|p2a: Iron Valiant|0 fnt
|faint|p2a: Iron Valiant
|-end|p2a: Iron Valiant|Quark Drive|[silent]
|
|upkeep
|
|t:|1758323246
|switch|p2a: Forretress|Forretress, F|100/100
|-activate|p2a: Forretress|move: Sticky Web
|-unboost|p2a: Forretress|spe|1
|turn|19
|
|t:|1758323263
|move|p1a: Mimikyu|Swords Dance|p1a: Mimikyu
|-boost|p1a: Mimikyu|atk|2
|move|p2a: Forretress|Spikes|p1a: Mimikyu
|-sidestart|p1: txumelhas|Spikes
|
|upkeep
|turn|20
|
|t:|1758323269
|move|p1a: Mimikyu|Swords Dance|p1a: Mimikyu
|-boost|p1a: Mimikyu|atk|2
|move|p2a: Forretress|Spikes|p1a: Mimikyu
|-sidestart|p1: txumelhas|Spikes
|
|upkeep
|turn|21
|
|t:|1758323279
|move|p1a: Mimikyu|Shadow Claw|p2a: Forretress
|-damage|p2a: Forretress|38/100
|-damage|p1a: Mimikyu|84/100|[from] item: Rocky Helmet|[of] p2a: Forretress
|move|p2a: Forretress|Toxic Spikes|p1a: Mimikyu
|-sidestart|p1: txumelhas|move: Toxic Spikes
|
|-heal|p1a: Mimikyu|90/100|[from] item: Leftovers
|upkeep
|turn|22
|
|t:|1758323289
|move|p1a: Mimikyu|Shadow Claw|p2a: Forretress
|-crit|p2a: Forretress
|-damage|p2a: Forretress|0 fnt
|-damage|p1a: Mimikyu|73/100|[from] item: Rocky Helmet|[of] p2a: Forretress
|faint|p2a: Forretress
|
|win|txumelhas
|raw|txumelhas's rating: 1146 &rarr; <strong>1167</strong><br />(+21 for winning)
|raw|Plug Kristmas's rating: 1085 &rarr; <strong>1066</strong><br />(-19 for losing)
|l|☆Plug Kristmas
|player|p2|
|l|☆txumelhas
|player|p1|
