|j|☆otto114
|j|☆Disanbe
|t:|1758261713
|gametype|singles
|player|p1|otto114|170|1054
|player|p2|Disanbe|hiker-gen4|1062
|gen|9
|tier|[Gen 9] OU
|rated|
|rule|HP Percentage Mod: HP is shown in percentages
|rule|Endless Battle Clause: Forcing endless battles is banned
|rule|Species Clause: Limit one of each Pokémon
|rule|OHKO Clause: OHKO moves are banned
|rule|Evasion Items Clause: Evasion items are banned
|rule|Evasion Moves Clause: Evasion moves are banned
|rule|Evasion Abilities Clause: Evasion abilities are banned
|rule|Sleep Moves Clause: Sleep-inducing moves are banned
|clearpoke
|poke|p1|Garganacl, F|
|poke|p1|Glimmora, M|
|poke|p1|Ninetales-Alola, F|
|poke|p1|Eiscue, F|
|poke|p1|Regice|
|poke|p1|Glaceon, M|
|poke|p2|Garchomp, M|
|poke|p2|Magnezone|
|poke|p2|Serperior, M|
|poke|p2|Milotic, M|
|poke|p2|Weezing-Galar, M|
|poke|p2|Ceruledge, M|
|teampreview
|inactive|Battle timer is ON: inactive players will automatically lose when time's up. (requested by otto114)
|
|t:|1758261732
|teamsize|p1|6
|teamsize|p2|6
|start
|switch|p1a: Garganacl|Garganacl, F|100/100
|switch|p2a: Ceruledge|Ceruledge, M|100/100
|turn|1
|
|t:|1758261756
|move|p2a: Ceruledge|Swords Dance|p2a: Ceruledge
|-boost|p2a: Ceruledge|atk|2
|move|p1a: Garganacl|Salt Cure|p2a: Ceruledge
|-supereffective|p2a: Ceruledge
|-damage|p2a: Ceruledge|61/100
|-start|p2a: Ceruledge|Salt Cure
|-ability|p2a: Ceruledge|Weak Armor|boost
|-unboost|p2a: Ceruledge|def|1
|-boost|p2a: Ceruledge|spe|2
|
|-damage|p2a: Ceruledge|49/100|[from] Salt Cure
|upkeep
|turn|2
|
|t:|1758261771
|-terastallize|p2a: Ceruledge|Ghost
|move|p2a: Ceruledge|Poltergeist|p1a: Garganacl|[miss]
|-miss|p2a: Ceruledge|p1a: Garganacl
|move|p1a: Garganacl|Recover||[still]
|-fail|p1a: Garganacl|heal
|
|-damage|p2a: Ceruledge|37/100|[from] Salt Cure
|upkeep
|turn|3
|
|t:|1758261781
|move|p2a: Ceruledge|Poltergeist|p1a: Garganacl|[miss]
|-miss|p2a: Ceruledge|p1a: Garganacl
|move|p1a: Garganacl|Recover||[still]
|-fail|p1a: Garganacl|heal
|
|-damage|p2a: Ceruledge|24/100|[from] Salt Cure
|upkeep
|turn|4
|
|t:|1758261788
|move|p2a: Ceruledge|Poltergeist|p1a: Garganacl
|-activate|p1a: Garganacl|move: Poltergeist|Leftovers
|-damage|p1a: Garganacl|58/100
|move|p1a: Garganacl|Stealth Rock|p2a: Ceruledge
|-sidestart|p2: Disanbe|move: Stealth Rock
|
|-heal|p1a: Garganacl|64/100|[from] item: Leftovers
|-damage|p2a: Ceruledge|12/100|[from] Salt Cure
|upkeep
|turn|5
|
|t:|1758261797
|move|p2a: Ceruledge|Bitter Blade|p1a: Garganacl
|-resisted|p1a: Garganacl
|-damage|p1a: Garganacl|38/100
|-heal|p2a: Ceruledge|30/100|[from] drain|[of] p1a: Garganacl
|move|p1a: Garganacl|Recover|p1a: Garganacl
|-heal|p1a: Garganacl|88/100
|
|-heal|p1a: Garganacl|94/100|[from] item: Leftovers
|-damage|p2a: Ceruledge|18/100|[from] Salt Cure
|upkeep
|turn|6
|
|t:|1758261809
|move|p2a: Ceruledge|Swords Dance|p2a: Ceruledge
|-boost|p2a: Ceruledge|atk|2
|move|p1a: Garganacl|Salt Cure|p2a: Ceruledge
|-damage|p2a: Ceruledge|0 fnt
|faint|p2a: Ceruledge
|
|-heal|p1a: Garganacl|99/100|[from] item: Leftovers
|upkeep
|
|t:|1758261819
|switch|p2a: Serperior|Serperior, M|100/100
|-damage|p2a: Serperior|88/100|[from] Stealth Rock
|turn|7
|
|t:|1758261828
|switch|p1a: Glimmora|Glimmora, M|100/100
|move|p2a: Serperior|Leaf Storm|p1a: Glimmora
|-damage|p1a: Glimmora|14/100
|-boost|p2a: Serperior|spa|2
|
|upkeep
|turn|8
|
|t:|1758261835
|move|p2a: Serperior|Leaf Storm|p1a: Glimmora
|-damage|p1a: Glimmora|0 fnt
|-boost|p2a: Serperior|spa|2
|faint|p1a: Glimmora
|
|upkeep
|
|t:|1758261838
|switch|p1a: Regice|Regice|100/100
|turn|9
|
|t:|1758261843
|switch|p1a: Ninetales|Ninetales-Alola, F|100/100
|-weather|Snowscape|[from] ability: Snow Warning|[of] p1a: Ninetales
|move|p2a: Serperior|Leaf Storm|p1a: Ninetales
|-damage|p1a: Ninetales|0 fnt
|-boost|p2a: Serperior|spa|2
|faint|p1a: Ninetales
|
|-weather|Snowscape|[upkeep]
|upkeep
|
|t:|1758261849
|switch|p1a: Regice|Regice|100/100
|turn|10
|
|t:|1758261853
|-terastallize|p1a: Regice|Ice
|move|p2a: Serperior|Leaf Storm|p1a: Regice
|-damage|p1a: Regice|0 fnt
|faint|p1a: Regice
|
|-weather|Snowscape|[upkeep]
|upkeep
|-message|otto114 forfeited.
|
|win|Disanbe
|raw|otto114's rating: 1054 &rarr; <strong>1036</strong><br />(-18 for losing)
|raw|Disanbe's rating: 1062 &rarr; <strong>1092</strong><br />(+30 for winning)
|l|☆otto114
|player|p1|
|l|☆Disanbe
|player|p2|
