|j|☆RiaSingh2121
|j|☆Shark_enjoyer1
|t:|1758287857
|gametype|singles
|player|p1|RiaSingh2121|1|1254
|player|p2|Shark_enjoyer1|ingo|1300
|gen|9
|tier|[Gen 9] OU
|rated|
|rule|HP Percentage Mod: HP is shown in percentages
|rule|Endless Battle Clause: Forcing endless battles is banned
|rule|Species Clause: Limit one of each Pokémon
|rule|OHKO Clause: OHKO moves are banned
|rule|Evasion Items Clause: Evasion items are banned
|rule|Evasion Moves Clause: Evasion moves are banned
|rule|Evasion Abilities Clause: Evasion abilities are banned
|rule|Sleep Moves Clause: Sleep-inducing moves are banned
|clearpoke
|poke|p1|Hatterene, F|
|poke|p1|Torkoal, M|
|poke|p1|Corviknight, M|
|poke|p1|Ursaluna, M|
|poke|p1|Hattrem, F|
|poke|p1|Iron Hands|
|poke|p2|Kingambit, M|
|poke|p2|Cinderace, F|
|poke|p2|Weezing-Galar, M|
|poke|p2|Zapdos|
|poke|p2|Garchomp, F|
|poke|p2|Scizor, M|
|teampreview
|
|t:|1758287879
|teamsize|p1|6
|teamsize|p2|6
|start
|switch|p1a: Hattrem|Hattrem, F|100/100
|switch|p2a: Kingambit|Kingambit, M|100/100
|turn|1
|
|t:|1758287886
|move|p2a: Kingambit|Swords Dance|p2a: Kingambit
|-boost|p2a: Kingambit|atk|2
|move|p1a: Hattrem|Trick Room|p1a: Hattrem
|-fieldstart|move: Trick Room|[of] p1a: Hattrem
|
|upkeep
|turn|2
|
|t:|1758287901
|move|p1a: Hattrem|Healing Wish|p1a: Hattrem
|faint|p1a: Hattrem
|move|p2a: Kingambit|Swords Dance|p2a: Kingambit
|-boost|p2a: Kingambit|atk|2
|
|upkeep
|
|t:|1758287907
|switch|p1a: Torkoal|Torkoal, M|100/100
|-weather|SunnyDay|[from] ability: Drought|[of] p1a: Torkoal
|turn|3
|
|t:|1758287913
|move|p2a: Kingambit|Sucker Punch|p1a: Torkoal
|-damage|p1a: Torkoal|20/100
|move|p1a: Torkoal|Lava Plume|p2a: Kingambit
|-supereffective|p2a: Kingambit
|-damage|p2a: Kingambit|0 fnt
|faint|p2a: Kingambit
|-end|p2a: Kingambit|fallenundefined|[silent]
|
|-weather|SunnyDay|[upkeep]
|upkeep
|
|t:|1758287927
|switch|p2a: Garchomp|Garchomp, F|100/100
|turn|4
|
|t:|1758287942
|switch|p1a: Corviknight|Corviknight, M|100/100
|move|p2a: Garchomp|Stealth Rock|p1a: Corviknight
|-sidestart|p1: RiaSingh2121|move: Stealth Rock
|
|-weather|SunnyDay|[upkeep]
|upkeep
|turn|5
|
|t:|1758287949
|move|p1a: Corviknight|Defog|p2a: Garchomp
|-unboost|p2a: Garchomp|evasion|1
|-sideend|p1: RiaSingh2121|Stealth Rock|[from] move: Defog|[of] p1a: Corviknight
|move|p2a: Garchomp|Dragon Tail|p1a: Corviknight
|-resisted|p1a: Corviknight
|-damage|p1a: Corviknight|93/100
|-damage|p2a: Garchomp|84/100|[from] item: Rocky Helmet|[of] p1a: Corviknight
|drag|p1a: Iron Hands|Iron Hands|100/100
|
|-weather|SunnyDay|[upkeep]
|-fieldend|move: Trick Room
|upkeep
|turn|6
|
|t:|1758287963
|move|p2a: Garchomp|Spikes|p1a: Iron Hands
|-sidestart|p1: RiaSingh2121|Spikes
|move|p1a: Iron Hands|Ice Punch|p2a: Garchomp
|-supereffective|p2a: Garchomp
|-damage|p2a: Garchomp|4/100
|-damage|p1a: Iron Hands|88/100|[from] ability: Rough Skin|[of] p2a: Garchomp
|-damage|p1a: Iron Hands|71/100|[from] item: Rocky Helmet|[of] p2a: Garchomp
|
|-weather|SunnyDay|[upkeep]
|upkeep
|turn|7
|
|t:|1758287972
|move|p2a: Garchomp|Earthquake|p1a: Iron Hands
|-supereffective|p1a: Iron Hands
|-damage|p1a: Iron Hands|23/100
|move|p1a: Iron Hands|Drain Punch|p2a: Garchomp
|-damage|p2a: Garchomp|0 fnt
|-heal|p1a: Iron Hands|25/100|[from] drain|[of] p2a: Garchomp
|-damage|p1a: Iron Hands|12/100|[from] ability: Rough Skin|[of] p2a: Garchomp
|-damage|p1a: Iron Hands|0 fnt|[from] item: Rocky Helmet|[of] p2a: Garchomp
|faint|p2a: Garchomp
|faint|p1a: Iron Hands
|-end|p1a: Iron Hands|Quark Drive|[silent]
|
|-weather|none
|upkeep
|
|t:|1758287987
|switch|p2a: Cinderace|Cinderace, F|100/100
|switch|p1a: Torkoal|Torkoal, M|20/100
|-heal|p1a: Torkoal|100/100|[from] move: Healing Wish
|-weather|SunnyDay|[from] ability: Drought|[of] p1a: Torkoal
|turn|8
|
|t:|1758287996
|move|p2a: Cinderace|Pyro Ball|p1a: Torkoal|[miss]
|-miss|p2a: Cinderace|p1a: Torkoal
|move|p1a: Torkoal|Lava Plume|p2a: Cinderace
|-resisted|p2a: Cinderace
|-damage|p2a: Cinderace|60/100
|
|-weather|SunnyDay|[upkeep]
|upkeep
|turn|9
|
|t:|1758288004
|move|p2a: Cinderace|Pyro Ball|p1a: Torkoal
|-resisted|p1a: Torkoal
|-damage|p1a: Torkoal|66/100
|move|p1a: Torkoal|Scorching Sands|p2a: Cinderace
|-supereffective|p2a: Cinderace
|-crit|p2a: Cinderace
|-damage|p2a: Cinderace|0 fnt
|faint|p2a: Cinderace
|
|-weather|SunnyDay|[upkeep]
|upkeep
|
|t:|1758288008
|switch|p2a: Zapdos|Zapdos|100/100
|turn|10
|
|t:|1758288018
|move|p2a: Zapdos|U-turn|p1a: Torkoal
|-resisted|p1a: Torkoal
|-damage|p1a: Torkoal|61/100
|
|t:|1758288023
|switch|p2a: Weezing|Weezing-Galar, M|100/100|[from] U-turn
|-ability|p2a: Weezing|Neutralizing Gas
|move|p1a: Torkoal|Lava Plume|p2a: Weezing
|-damage|p2a: Weezing|27/100
|-status|p2a: Weezing|brn
|
|-weather|SunnyDay|[upkeep]
|-damage|p2a: Weezing|21/100 brn|[from] brn
|upkeep
|turn|11
|
|t:|1758288035
|move|p2a: Weezing|Pain Split|p1a: Torkoal
|-sethp|p1a: Torkoal|40/100|[from] move: Pain Split|[silent]
|-sethp|p2a: Weezing|42/100 brn|[from] move: Pain Split
|move|p1a: Torkoal|Lava Plume|p2a: Weezing
|-damage|p2a: Weezing|0 fnt
|faint|p2a: Weezing
|-end|p2a: Weezing|ability: Neutralizing Gas
|
|-weather|SunnyDay|[upkeep]
|upkeep
|
|t:|1758288039
|switch|p2a: Zapdos|Zapdos|100/100
|turn|12
|
|t:|1758288047
|move|p2a: Zapdos|Thunderbolt|p1a: Torkoal
|-damage|p1a: Torkoal|0 fnt
|faint|p1a: Torkoal
|
|-weather|none
|upkeep
|
|t:|1758288053
|switch|p1a: Hatterene|Hatterene, F|100/100
|-damage|p1a: Hatterene|88/100|[from] Spikes
|turn|13
|
|t:|1758288060
|move|p2a: Zapdos|U-turn|p1a: Hatterene
|-damage|p1a: Hatterene|73/100
|
|t:|1758288063
|switch|p2a: Scizor|Scizor, M|100/100|[from] U-turn
|move|p1a: Hatterene|Trick Room|p1a: Hatterene
|-fieldstart|move: Trick Room|[of] p1a: Hatterene
|
|upkeep
|turn|14
|
|t:|1758288079
|-terastallize|p1a: Hatterene|Water
|move|p2a: Scizor|Bullet Punch|p1a: Hatterene
|-resisted|p1a: Hatterene
|-damage|p1a: Hatterene|54/100
|move|p1a: Hatterene|Mystical Fire|p2a: Scizor
|-supereffective|p2a: Scizor
|-damage|p2a: Scizor|0 fnt
|faint|p2a: Scizor
|
|upkeep
|
|t:|1758288083
|switch|p2a: Zapdos|Zapdos|100/100
|turn|15
|
|t:|1758288096
|move|p1a: Hatterene|Healing Wish|p1a: Hatterene
|faint|p1a: Hatterene
|move|p2a: Zapdos|Thunderbolt|p1: Hatterene|[notarget]
|-fail|p2a: Zapdos
|
|upkeep
|
|t:|1758288101
|switch|p1a: Ursaluna|Ursaluna, M|100/100
|-damage|p1a: Ursaluna|88/100|[from] Spikes
|turn|16
|
|t:|1758288108
|move|p1a: Ursaluna|Swords Dance|p1a: Ursaluna
|-boost|p1a: Ursaluna|atk|2
|move|p2a: Zapdos|Hurricane|p1a: Ursaluna
|-damage|p1a: Ursaluna|47/100
|
|-status|p1a: Ursaluna|brn|[from] item: Flame Orb
|upkeep
|turn|17
|
|t:|1758288116
|move|p1a: Ursaluna|Facade|p2a: Zapdos
|-damage|p2a: Zapdos|0 fnt
|faint|p2a: Zapdos
|
|win|RiaSingh2121
|raw|RiaSingh2121's rating: 1254 &rarr; <strong>1282</strong><br />(+28 for winning)
|raw|Shark_enjoyer1's rating: 1300 &rarr; <strong>1272</strong><br />(-28 for losing)
|l|☆Shark_enjoyer1
|player|p2|
|l|☆RiaSingh2121
|player|p1|
