|j|☆FunTeamsAgain
|j|☆VeeReeX
|t:|1758358545
|gametype|singles
|player|p1|FunTeamsAgain|brock|1314
|player|p2|VeeReeX|lance|1355
|gen|9
|tier|[Gen 9] OU
|rated|
|rule|HP Percentage Mod: HP is shown in percentages
|rule|Endless Battle Clause: Forcing endless battles is banned
|rule|Species Clause: Limit one of each Pokémon
|rule|OHKO Clause: OHKO moves are banned
|rule|Evasion Items Clause: Evasion items are banned
|rule|Evasion Moves Clause: Evasion moves are banned
|rule|Evasion Abilities Clause: Evasion abilities are banned
|rule|Sleep Moves Clause: Sleep-inducing moves are banned
|clearpoke
|poke|p1|Ninetales-Alola, F|
|poke|p1|Samurott-Hisui, F|
|poke|p1|Gholdengo|
|poke|p1|Chandelure, F|
|poke|p1|Frosmoth, F|
|poke|p1|Quaquaval, M|
|poke|p2|Gholdengo|
|poke|p2|Iron Treads|
|poke|p2|Samurott-Hisui, M|
|poke|p2|Moltres|
|poke|p2|Ting-Lu|
|poke|p2|Dragapult, M|
|teampreview
|
|t:|1758358553
|teamsize|p1|6
|teamsize|p2|6
|start
|switch|p1a: Ninetales|Ninetales-Alola, F, shiny|100/100
|switch|p2a: Gholdengo|Gholdengo|100/100
|-weather|Snowscape|[from] ability: Snow Warning|[of] p1a: Ninetales
|-item|p2a: Gholdengo|Air Balloon
|turn|1
|inactive|Battle timer is ON: inactive players will automatically lose when time's up. (requested by FunTeamsAgain)
|
|t:|1758358565
|move|p1a: Ninetales|Aurora Veil|p1a: Ninetales
|-sidestart|p1: FunTeamsAgain|move: Aurora Veil
|move|p2a: Gholdengo|Make It Rain|p1a: Ninetales
|-supereffective|p1a: Ninetales
|-damage|p1a: Ninetales|0 fnt
|-unboost|p2a: Gholdengo|spa|1
|faint|p1a: Ninetales
|
|-weather|Snowscape|[upkeep]
|upkeep
|
|t:|1758358578
|switch|p1a: Samurott|Samurott-Hisui, F|100/100
|turn|2
|
|t:|1758358584
|switch|p2a: Moltres|Moltres, shiny|100/100
|move|p1a: Samurott|Ceaseless Edge|p2a: Moltres
|-damage|p2a: Moltres|68/100
|-sidestart|p2: VeeReeX|Spikes
|
|-weather|Snowscape|[upkeep]
|upkeep
|turn|3
|
|t:|1758358595
|switch|p1a: Chandelure|Chandelure, F|100/100
|move|p2a: Moltres|Hurricane|p1a: Chandelure
|-damage|p1a: Chandelure|65/100
|
|-weather|Snowscape|[upkeep]
|upkeep
|turn|4
|
|t:|1758358606
|switch|p2a: Ting-Lu|Ting-Lu, shiny|100/100
|-damage|p2a: Ting-Lu|88/100|[from] Spikes
|-ability|p2a: Ting-Lu|Vessel of Ruin
|move|p1a: Chandelure|Inferno|p2a: Ting-Lu|[miss]
|-miss|p1a: Chandelure|p2a: Ting-Lu
|-enditem|p1a: Chandelure|Blunder Policy
|-boost|p1a: Chandelure|spe|2
|
|-weather|Snowscape|[upkeep]
|-heal|p2a: Ting-Lu|94/100|[from] item: Leftovers
|upkeep
|turn|5
|
|t:|1758358619
|-terastallize|p1a: Chandelure|Grass
|move|p1a: Chandelure|Energy Ball|p2a: Ting-Lu
|-supereffective|p2a: Ting-Lu
|-damage|p2a: Ting-Lu|44/100
|-unboost|p2a: Ting-Lu|spd|1
|move|p2a: Ting-Lu|Stealth Rock|p1a: Chandelure
|-sidestart|p1: FunTeamsAgain|move: Stealth Rock
|
|-weather|none
|-heal|p2a: Ting-Lu|50/100|[from] item: Leftovers
|upkeep
|turn|6
|
|t:|1758358641
|switch|p2a: Moltres|Moltres, shiny|68/100
|move|p1a: Chandelure|Energy Ball|p2a: Moltres
|-resisted|p2a: Moltres
|-damage|p2a: Moltres|55/100
|
|upkeep
|turn|7
|
|t:|1758358649
|move|p1a: Chandelure|Shadow Ball|p2a: Moltres
|-damage|p2a: Moltres|0 fnt
|faint|p2a: Moltres
|
|upkeep
|inactive|VeeReeX has 120 seconds left.
|
|t:|1758358670
|switch|p2a: Ting-Lu|Ting-Lu, shiny|50/100
|-damage|p2a: Ting-Lu|38/100|[from] Spikes
|-ability|p2a: Ting-Lu|Vessel of Ruin
|turn|8
|inactive|VeeReeX has 120 seconds left.
|
|t:|1758358680
|move|p1a: Chandelure|Energy Ball|p2a: Ting-Lu
|-supereffective|p2a: Ting-Lu
|-damage|p2a: Ting-Lu|0 fnt
|faint|p2a: Ting-Lu
|
|-sideend|p1: FunTeamsAgain|move: Aurora Veil
|upkeep
|inactive|VeeReeX has 120 seconds left.
|
|t:|1758358707
|switch|p2a: Samurott|Samurott-Hisui, M, shiny|100/100
|-damage|p2a: Samurott|88/100|[from] Spikes
|turn|9
|
|t:|1758358723
|-terastallize|p2a: Samurott|Ghost
|move|p1a: Chandelure|Energy Ball|p2a: Samurott
|-damage|p2a: Samurott|10/100
|move|p2a: Samurott|Ceaseless Edge|p1a: Chandelure
|-damage|p1a: Chandelure|0 fnt
|-sidestart|p1: FunTeamsAgain|Spikes
|faint|p1a: Chandelure
|
|upkeep
|
|t:|1758358736
|switch|p1a: Samurott|Samurott-Hisui, F|100/100
|-damage|p1a: Samurott|88/100|[from] Stealth Rock
|-damage|p1a: Samurott|76/100|[from] Spikes
|turn|10
|
|t:|1758358744
|move|p1a: Samurott|Ceaseless Edge|p2a: Samurott
|-supereffective|p2a: Samurott
|-damage|p2a: Samurott|0 fnt
|-sidestart|p2: VeeReeX|Spikes
|faint|p2a: Samurott
|
|upkeep
|
|t:|1758358751
|switch|p2a: Iron Treads|Iron Treads|100/100
|-damage|p2a: Iron Treads|84/100|[from] Spikes
|-enditem|p2a: Iron Treads|Booster Energy
|-activate|p2a: Iron Treads|ability: Quark Drive|[fromitem]
|-start|p2a: Iron Treads|quarkdrivedef
|turn|11
|inactive|VeeReeX has 120 seconds left.
|
|t:|1758358762
|switch|p1a: Quaquaval|Quaquaval, M|100/100
|-damage|p1a: Quaquaval|94/100|[from] Stealth Rock
|-damage|p1a: Quaquaval|82/100|[from] Spikes
|move|p2a: Iron Treads|Rapid Spin|p1a: Quaquaval
|-damage|p1a: Quaquaval|66/100
|-boost|p2a: Iron Treads|spe|1
|-sideend|p2: VeeReeX|Spikes|[from] move: Rapid Spin|[of] p2a: Iron Treads
|
|upkeep
|turn|12
|inactive|VeeReeX has 120 seconds left.
|
|t:|1758358779
|move|p2a: Iron Treads|Earthquake|p1a: Quaquaval
|-damage|p1a: Quaquaval|17/100
|move|p1a: Quaquaval|Aqua Step|p2a: Iron Treads
|-supereffective|p2a: Iron Treads
|-damage|p2a: Iron Treads|46/100
|-boost|p1a: Quaquaval|spe|1
|
|upkeep
|turn|13
|
|t:|1758358791
|move|p1a: Quaquaval|Rapid Spin|p2a: Iron Treads
|-resisted|p2a: Iron Treads
|-damage|p2a: Iron Treads|43/100
|-boost|p1a: Quaquaval|spe|1
|-sideend|p1: FunTeamsAgain|Spikes|[from] move: Rapid Spin|[of] p1a: Quaquaval
|-sideend|p1: FunTeamsAgain|Stealth Rock|[from] move: Rapid Spin|[of] p1a: Quaquaval
|move|p2a: Iron Treads|Earthquake|p1a: Quaquaval
|-damage|p1a: Quaquaval|0 fnt
|faint|p1a: Quaquaval
|
|upkeep
|
|t:|1758358813
|switch|p1a: Samurott|Samurott-Hisui, F|76/100
|turn|14
|inactive|VeeReeX has 120 seconds left.
|
|t:|1758358826
|move|p1a: Samurott|Flip Turn|p2a: Iron Treads
|-supereffective|p2a: Iron Treads
|-damage|p2a: Iron Treads|17/100
|
|t:|1758358830
|switch|p1a: Frosmoth|Frosmoth, F|100/100|[from] Flip Turn
|move|p2a: Iron Treads|Body Press|p1a: Frosmoth
|-damage|p1a: Frosmoth|71/100
|
|-heal|p1a: Frosmoth|77/100|[from] item: Leftovers
|upkeep
|turn|15
|inactive|VeeReeX has 120 seconds left.
|
|t:|1758358843
|move|p2a: Iron Treads|Body Press|p1a: Frosmoth
|-damage|p1a: Frosmoth|48/100
|move|p1a: Frosmoth|Ice Beam|p2a: Iron Treads
|-damage|p2a: Iron Treads|0 fnt
|faint|p2a: Iron Treads
|-end|p2a: Iron Treads|Quark Drive|[silent]
|
|-heal|p1a: Frosmoth|54/100|[from] item: Leftovers
|upkeep
|inactive|VeeReeX has 120 seconds left.
|
|t:|1758358854
|switch|p2a: Gholdengo|Gholdengo|100/100
|-item|p2a: Gholdengo|Air Balloon
|turn|16
|
|t:|1758358862
|switch|p1a: Gholdengo|Gholdengo|100/100
|move|p2a: Gholdengo|Make It Rain|p1a: Gholdengo
|-resisted|p1a: Gholdengo
|-damage|p1a: Gholdengo|61/100
|-unboost|p2a: Gholdengo|spa|1
|
|upkeep
|turn|17
|inactive|VeeReeX has 120 seconds left.
|
|t:|1758358887
|switch|p1a: Frosmoth|Frosmoth, F|54/100
|move|p2a: Gholdengo|Make It Rain|p1a: Frosmoth
|-supereffective|p1a: Frosmoth
|-damage|p1a: Frosmoth|4/100
|-unboost|p2a: Gholdengo|spa|1
|
|-heal|p1a: Frosmoth|10/100|[from] item: Leftovers
|upkeep
|turn|18
|
|t:|1758358896
|move|p2a: Gholdengo|Make It Rain|p1a: Frosmoth
|-supereffective|p1a: Frosmoth
|-damage|p1a: Frosmoth|0 fnt
|-unboost|p2a: Gholdengo|spa|1
|faint|p1a: Frosmoth
|
|upkeep
|
|t:|1758358903
|switch|p1a: Samurott|Samurott-Hisui, F|76/100
|turn|19
|inactive|VeeReeX has 120 seconds left.
|
|t:|1758358917
|move|p1a: Samurott|Ceaseless Edge|p2a: Gholdengo
|-supereffective|p2a: Gholdengo
|-damage|p2a: Gholdengo|0 fnt
|-enditem|p2a: Gholdengo|Air Balloon
|-sidestart|p2: VeeReeX|Spikes
|faint|p2a: Gholdengo
|
|upkeep
|inactive|VeeReeX has 120 seconds left.
|
|t:|1758358923
|switch|p2a: Dragapult|Dragapult, M, shiny|100/100
|turn|20
|
|t:|1758358932
|move|p1a: Samurott|Ceaseless Edge|p2a: Dragapult
|-supereffective|p2a: Dragapult
|-damage|p2a: Dragapult|0 fnt
|-sidestart|p2: VeeReeX|Spikes
|faint|p2a: Dragapult
|
|win|FunTeamsAgain
|raw|FunTeamsAgain's rating: 1314 &rarr; <strong>1336</strong><br />(+22 for winning)
|raw|VeeReeX's rating: 1355 &rarr; <strong>1333</strong><br />(-22 for losing)
|c|☆FunTeamsAgain|Gg
|l|☆VeeReeX
|player|p2|
|l|☆FunTeamsAgain
|player|p1|
