|j|‽socaselectah
|j|☆matougris
|t:|1758276319
|gametype|singles
|player|p1|socaselectah|2|1495
|player|p2|matougris|cameraman|1526
|gen|9
|tier|[Gen 9] OU
|rated|
|rule|HP Percentage Mod: HP is shown in percentages
|rule|Endless Battle Clause: Forcing endless battles is banned
|rule|Species Clause: Limit one of each Pokémon
|rule|OHKO Clause: OHKO moves are banned
|rule|Evasion Items Clause: Evasion items are banned
|rule|Evasion Moves Clause: Evasion moves are banned
|rule|Evasion Abilities Clause: Evasion abilities are banned
|rule|Sleep Moves Clause: Sleep-inducing moves are banned
|clearpoke
|poke|p1|Torkoal, F|
|poke|p1|Clefable, F|
|poke|p1|Mandibuzz, F|
|poke|p1|Walking Wake|
|poke|p1|Iron Moth|
|poke|p1|Brute Bonnet|
|poke|p2|Torkoal, M|
|poke|p2|Walking Wake|
|poke|p2|Iron Moth|
|poke|p2|Kingambit, F|
|poke|p2|Lilligant-Hisui, F|
|poke|p2|Great Tusk|
|teampreview
|inactive|Battle timer is ON: inactive players will automatically lose when time's up. (requested by socaselectah)
|inactive|socaselectah has 120 seconds left.
|
|t:|1758276365
|teamsize|p1|6
|teamsize|p2|6
|start
|switch|p1a: Clefable|Clefable, F|100/100
|switch|p2a: long queue|Walking Wake|100/100
|turn|1
|
|t:|1758276386
|-end|p2a: long queue|Protosynthesis|[silent]
|switch|p2a: frapfort 2|Kingambit, F, shiny|100/100
|move|p1a: Clefable|Trick|p2a: frapfort 2
|-activate|p1a: Clefable|move: Trick|[of] p2a: frapfort 2
|-item|p2a: frapfort 2|Choice Scarf|[from] move: Trick
|-item|p1a: Clefable|Leftovers|[from] move: Trick
|
|upkeep
|turn|2
|
|t:|1758276391
|switch|p1a: Mandibuzz|Mandibuzz, F|100/100
|move|p2a: frapfort 2|Iron Head|p1a: Mandibuzz
|-damage|p1a: Mandibuzz|73/100
|
|-heal|p1a: Mandibuzz|80/100|[from] item: Leftovers
|upkeep
|turn|3
|
|t:|1758276399
|-end|p2a: frapfort 2|fallenundefined|[silent]
|switch|p2a: tapfort 1|Great Tusk, shiny|100/100
|move|p1a: Mandibuzz|Whirlwind|p2a: tapfort 1
|-end|p2a: tapfort 1|Protosynthesis|[silent]
|drag|p2a: long queue|Walking Wake|100/100
|
|-heal|p1a: Mandibuzz|86/100|[from] item: Leftovers
|upkeep
|turn|4
|
|t:|1758276402
|move|p2a: long queue|Hydro Steam|p1a: Mandibuzz
|-damage|p1a: Mandibuzz|45/100
|-damage|p2a: long queue|91/100|[from] item: Life Orb
|move|p1a: Mandibuzz|Knock Off|p2a: long queue
|-damage|p2a: long queue|65/100
|-enditem|p2a: long queue|Life Orb|[from] move: Knock Off|[of] p1a: Mandibuzz
|
|-heal|p1a: Mandibuzz|51/100|[from] item: Leftovers
|upkeep
|turn|5
|
|t:|1758276407
|move|p2a: long queue|Draco Meteor|p1a: Mandibuzz|[miss]
|-miss|p2a: long queue|p1a: Mandibuzz
|move|p1a: Mandibuzz|Roost|p1a: Mandibuzz
|-heal|p1a: Mandibuzz|100/100
|-singleturn|p1a: Mandibuzz|move: Roost
|
|upkeep
|turn|6
|
|t:|1758276431
|-end|p2a: long queue|Protosynthesis|[silent]
|switch|p2a: here comes the|Torkoal, M, shiny|100/100
|-weather|SunnyDay|[from] ability: Drought|[of] p2a: here comes the
|move|p1a: Mandibuzz|Whirlwind|p2a: here comes the
|drag|p2a: long queue|Walking Wake|65/100
|-activate|p2a: long queue|ability: Protosynthesis
|-start|p2a: long queue|protosynthesisspe
|
|-weather|SunnyDay|[upkeep]
|upkeep
|turn|7
|
|t:|1758276435
|move|p2a: long queue|Hydro Steam|p1a: Mandibuzz
|-damage|p1a: Mandibuzz|53/100
|move|p1a: Mandibuzz|Whirlwind|p2a: long queue
|-end|p2a: long queue|Protosynthesis|[silent]
|drag|p2a: la mite|Iron Moth|100/100
|-enditem|p2a: la mite|Booster Energy
|-activate|p2a: la mite|ability: Quark Drive|[fromitem]
|-start|p2a: la mite|quarkdrivespe
|
|-weather|SunnyDay|[upkeep]
|-heal|p1a: Mandibuzz|59/100|[from] item: Leftovers
|upkeep
|turn|8
|
|t:|1758276439
|move|p2a: la mite|Sludge Wave|p1a: Mandibuzz
|-damage|p1a: Mandibuzz|22/100
|-status|p1a: Mandibuzz|psn
|move|p1a: Mandibuzz|Whirlwind|p2a: la mite
|-end|p2a: la mite|Quark Drive|[silent]
|drag|p2a: streapteaseuse|Lilligant-Hisui, F, shiny|100/100
|
|-weather|SunnyDay|[upkeep]
|-heal|p1a: Mandibuzz|28/100 psn|[from] item: Leftovers
|-damage|p1a: Mandibuzz|16/100 psn|[from] psn
|upkeep
|turn|9
|
|t:|1758276442
|move|p2a: streapteaseuse|Ice Spinner|p1a: Mandibuzz
|-supereffective|p1a: Mandibuzz
|-damage|p1a: Mandibuzz|0 fnt
|faint|p1a: Mandibuzz
|-damage|p2a: streapteaseuse|91/100|[from] item: Life Orb
|
|-weather|SunnyDay|[upkeep]
|upkeep
|
|t:|1758276452
|switch|p1a: Iron Moth|Iron Moth|100/100
|-enditem|p1a: Iron Moth|Booster Energy
|-activate|p1a: Iron Moth|ability: Quark Drive|[fromitem]
|-start|p1a: Iron Moth|quarkdrivespe
|turn|10
|
|t:|1758276454
|switch|p2a: la mite|Iron Moth|100/100
|move|p1a: Iron Moth|Fiery Dance|p2a: la mite
|-resisted|p2a: la mite
|-damage|p2a: la mite|71/100
|-boost|p1a: Iron Moth|spa|1
|
|-weather|SunnyDay|[upkeep]
|upkeep
|turn|11
|
|t:|1758276461
|move|p1a: Iron Moth|Fiery Dance|p2a: la mite
|-resisted|p2a: la mite
|-damage|p2a: la mite|19/100
|move|p2a: la mite|Psychic|p1a: Iron Moth
|-supereffective|p1a: Iron Moth
|-damage|p1a: Iron Moth|39/100
|
|-weather|SunnyDay|[upkeep]
|upkeep
|turn|12
|
|t:|1758276483
|move|p1a: Iron Moth|Fiery Dance|p2a: la mite
|-resisted|p2a: la mite
|-damage|p2a: la mite|0 fnt
|-boost|p1a: Iron Moth|spa|1
|faint|p2a: la mite
|-end|p2a: la mite|Quark Drive|[silent]
|
|-weather|SunnyDay|[upkeep]
|upkeep
|
|t:|1758276487
|switch|p2a: streapteaseuse|Lilligant-Hisui, F, shiny|91/100
|turn|13
|
|t:|1758276489
|move|p2a: streapteaseuse|Close Combat|p1a: Iron Moth
|-resisted|p1a: Iron Moth
|-damage|p1a: Iron Moth|0 fnt
|-unboost|p2a: streapteaseuse|def|1
|-unboost|p2a: streapteaseuse|spd|1
|faint|p1a: Iron Moth
|-end|p1a: Iron Moth|Quark Drive|[silent]
|-damage|p2a: streapteaseuse|81/100|[from] item: Life Orb
|
|-weather|none
|upkeep
|
|t:|1758276496
|switch|p1a: Walking Wake|Walking Wake|100/100
|turn|14
|
|t:|1758276502
|switch|p2a: here comes the|Torkoal, M, shiny|100/100
|-weather|SunnyDay|[from] ability: Drought|[of] p2a: here comes the
|-activate|p1a: Walking Wake|ability: Protosynthesis
|-start|p1a: Walking Wake|protosynthesisspe
|move|p1a: Walking Wake|Draco Meteor|p2a: here comes the
|-damage|p2a: here comes the|19/100
|-unboost|p1a: Walking Wake|spa|2
|
|-weather|SunnyDay|[upkeep]
|upkeep
|turn|15
|
|t:|1758276505
|move|p1a: Walking Wake|Draco Meteor|p2a: here comes the
|-damage|p2a: here comes the|0 fnt
|-unboost|p1a: Walking Wake|spa|2
|faint|p2a: here comes the
|
|-weather|SunnyDay|[upkeep]
|upkeep
|
|t:|1758276510
|switch|p2a: streapteaseuse|Lilligant-Hisui, F, shiny|81/100
|turn|16
|
|t:|1758276512
|-end|p1a: Walking Wake|Protosynthesis|[silent]
|switch|p1a: Clefable|Clefable, F|100/100
|-terastallize|p2a: streapteaseuse|Grass
|move|p2a: streapteaseuse|Solar Blade||[still]
|-prepare|p2a: streapteaseuse|Solar Blade
|-anim|p2a: streapteaseuse|Solar Blade|p1a: Clefable
|-crit|p1a: Clefable
|-damage|p1a: Clefable|0 fnt
|faint|p1a: Clefable
|-damage|p2a: streapteaseuse|71/100|[from] item: Life Orb
|
|-weather|SunnyDay|[upkeep]
|upkeep
|
|t:|1758276520
|switch|p1a: Walking Wake|Walking Wake|100/100
|-activate|p1a: Walking Wake|ability: Protosynthesis
|-start|p1a: Walking Wake|protosynthesisspe
|turn|17
|
|t:|1758276534
|move|p2a: streapteaseuse|Solar Blade||[still]
|-prepare|p2a: streapteaseuse|Solar Blade
|-anim|p2a: streapteaseuse|Solar Blade|p1a: Walking Wake
|-damage|p1a: Walking Wake|0 fnt
|faint|p1a: Walking Wake
|-end|p1a: Walking Wake|Protosynthesis|[silent]
|-damage|p2a: streapteaseuse|61/100|[from] item: Life Orb
|
|-weather|SunnyDay|[upkeep]
|upkeep
|
|t:|1758276546
|switch|p1a: Brute Bonnet|Brute Bonnet|100/100
|-activate|p1a: Brute Bonnet|ability: Protosynthesis
|-start|p1a: Brute Bonnet|protosynthesisatk
|turn|18
|
|t:|1758276550
|-terastallize|p1a: Brute Bonnet|Grass
|move|p2a: streapteaseuse|Close Combat|p1a: Brute Bonnet
|-damage|p1a: Brute Bonnet|32/100
|-unboost|p2a: streapteaseuse|def|1
|-unboost|p2a: streapteaseuse|spd|1
|-damage|p2a: streapteaseuse|51/100|[from] item: Life Orb
|move|p1a: Brute Bonnet|Growth|p1a: Brute Bonnet
|-boost|p1a: Brute Bonnet|atk|2
|-boost|p1a: Brute Bonnet|spa|2
|
|-weather|SunnyDay|[upkeep]
|upkeep
|turn|19
|inactive|matougris has 120 seconds left.
|
|t:|1758276604
|move|p1a: Brute Bonnet|Sucker Punch|p2a: streapteaseuse
|-damage|p2a: streapteaseuse|0 fnt
|faint|p2a: streapteaseuse
|
|-weather|SunnyDay|[upkeep]
|upkeep
|
|t:|1758276613
|switch|p2a: long queue|Walking Wake|65/100
|-activate|p2a: long queue|ability: Protosynthesis
|-start|p2a: long queue|protosynthesisspe
|turn|20
|
|t:|1758276619
|move|p1a: Brute Bonnet|Sucker Punch|p2a: long queue
|-damage|p2a: long queue|0 fnt
|faint|p2a: long queue
|-end|p2a: long queue|Protosynthesis|[silent]
|
|-weather|SunnyDay|[upkeep]
|upkeep
|
|t:|1758276621
|switch|p2a: tapfort 1|Great Tusk, shiny|100/100
|-activate|p2a: tapfort 1|ability: Protosynthesis
|-start|p2a: tapfort 1|protosynthesisatk
|turn|21
|
|t:|1758276625
|move|p1a: Brute Bonnet|Sucker Punch|p2a: tapfort 1
|-resisted|p2a: tapfort 1
|-damage|p2a: tapfort 1|63/100
|move|p2a: tapfort 1|Ice Spinner|p1a: Brute Bonnet
|-supereffective|p1a: Brute Bonnet
|-damage|p1a: Brute Bonnet|0 fnt
|faint|p1a: Brute Bonnet
|-end|p1a: Brute Bonnet|Protosynthesis|[silent]
|-damage|p2a: tapfort 1|53/100|[from] item: Life Orb
|
|-weather|none
|-end|p2a: tapfort 1|Protosynthesis
|upkeep
|c|☆matougris|gg
|
|t:|1758276630
|switch|p1a: Torkoal|Torkoal, F|100/100
|-weather|SunnyDay|[from] ability: Drought|[of] p1a: Torkoal
|-activate|p2a: tapfort 1|ability: Protosynthesis
|-start|p2a: tapfort 1|protosynthesisatk
|turn|22
|
|t:|1758276632
|move|p2a: tapfort 1|Headlong Rush|p1a: Torkoal
|-supereffective|p1a: Torkoal
|-damage|p1a: Torkoal|0 fnt
|-unboost|p2a: tapfort 1|def|1
|-unboost|p2a: tapfort 1|spd|1
|faint|p1a: Torkoal
|-damage|p2a: tapfort 1|43/100|[from] item: Life Orb
|
|win|matougris
|raw|socaselectah's rating: 1495 &rarr; <strong>1477</strong><br />(-18 for losing)
|raw|matougris's rating: 1526 &rarr; <strong>1544</strong><br />(+18 for winning)
|l|‽socaselectah
|player|p1|
|l|☆matougris
|player|p2|
