|j|☆rookie22
|j|☆ENTER THE HERO
|t:|1758293718
|gametype|singles
|player|p1|rookie22|iris-gen5bw2|1760
|player|p2|ENTER THE HERO|nate-pokestar3|1696
|gen|9
|tier|[Gen 9] OU
|rated|
|rule|HP Percentage Mod: HP is shown in percentages
|rule|Endless Battle Clause: Forcing endless battles is banned
|rule|Species Clause: Limit one of each Pokémon
|rule|OHKO Clause: OHKO moves are banned
|rule|Evasion Items Clause: Evasion items are banned
|rule|Evasion Moves Clause: Evasion moves are banned
|rule|Evasion Abilities Clause: Evasion abilities are banned
|rule|Sleep Moves Clause: Sleep-inducing moves are banned
|clearpoke
|poke|p1|Dragonite, F|
|poke|p1|Meowscarada, F|
|poke|p1|Keldeo|
|poke|p1|Iron Crown|
|poke|p1|Raging Bolt|
|poke|p1|Great Tusk|
|poke|p2|Pelipper, F|
|poke|p2|Toxicroak, F|
|poke|p2|Ogerpon-Wellspring, F|
|poke|p2|Manaphy|
|poke|p2|Excadrill, M|
|poke|p2|Barraskewda, M|
|teampreview
|inactive|Battle timer is ON: inactive players will automatically lose when time's up. (requested by ENTER THE HERO)
|inactive|rookie22 also wants the timer to be on.
|
|t:|1758293737
|teamsize|p1|6
|teamsize|p2|6
|start
|switch|p1a: Bene Gesserit|Iron Crown|100/100
|switch|p2a: Mawsynram|Pelipper, F|100/100
|-weather|RainDance|[from] ability: Drizzle|[of] p2a: Mawsynram
|turn|1
|
|t:|1758293743
|switch|p2a: Excadrill|Excadrill, M|100/100
|-ability|p2a: Excadrill|Mold Breaker
|move|p1a: Bene Gesserit|Focus Blast|p2a: Excadrill|[miss]
|-miss|p1a: Bene Gesserit|p2a: Excadrill
|
|-weather|RainDance|[upkeep]
|upkeep
|turn|2
|
|t:|1758293750
|-end|p1a: Bene Gesserit|Quark Drive|[silent]
|switch|p1a: Great Tusk|Great Tusk|100/100
|move|p2a: Excadrill|Stealth Rock|p1a: Great Tusk
|-sidestart|p1: rookie22|move: Stealth Rock
|
|-weather|RainDance|[upkeep]
|upkeep
|turn|3
|
|t:|1758293754
|move|p1a: Great Tusk|Rapid Spin|p2a: Excadrill
|-resisted|p2a: Excadrill
|-damage|p2a: Excadrill|90/100
|-boost|p1a: Great Tusk|spe|1
|-sideend|p1: rookie22|Stealth Rock|[from] move: Rapid Spin|[of] p1a: Great Tusk
|-enditem|p2a: Excadrill|Eject Button
|
|t:|1758293758
|switch|p2a: Barraskewda|Barraskewda, M|100/100
|
|-weather|RainDance|[upkeep]
|upkeep
|turn|4
|
|t:|1758293761
|-end|p1a: Great Tusk|Protosynthesis|[silent]
|switch|p1a: Raging Bolt|Raging Bolt|100/100
|move|p2a: Barraskewda|Liquidation|p1a: Raging Bolt
|-resisted|p1a: Raging Bolt
|-damage|p1a: Raging Bolt|57/100
|
|-weather|RainDance|[upkeep]
|-heal|p1a: Raging Bolt|64/100|[from] item: Leftovers
|upkeep
|turn|5
|
|t:|1758293766
|switch|p2a: Excadrill|Excadrill, M|90/100
|-ability|p2a: Excadrill|Mold Breaker
|move|p1a: Raging Bolt|Dragon Pulse|p2a: Excadrill
|-resisted|p2a: Excadrill
|-damage|p2a: Excadrill|71/100
|
|-weather|RainDance|[upkeep]
|-heal|p1a: Raging Bolt|70/100|[from] item: Leftovers
|upkeep
|turn|6
|inactive|rookie22 has 120 seconds left.
|inactive|rookie22 has 90 seconds left.
|inactive|rookie22 has 60 seconds left.
|
|t:|1758293867
|-end|p1a: Raging Bolt|Protosynthesis|[silent]
|switch|p1a: Great Tusk|Great Tusk|100/100
|move|p2a: Excadrill|Stealth Rock|p1a: Great Tusk
|-sidestart|p1: rookie22|move: Stealth Rock
|
|-weather|RainDance|[upkeep]
|upkeep
|turn|7
|
|t:|1758293886
|switch|p2a: Ogerpon|Ogerpon-Wellspring, F|100/100
|move|p1a: Great Tusk|Rapid Spin|p2a: Ogerpon
|-damage|p2a: Ogerpon|73/100
|-boost|p1a: Great Tusk|spe|1
|-sideend|p1: rookie22|Stealth Rock|[from] move: Rapid Spin|[of] p1a: Great Tusk
|
|-weather|RainDance|[upkeep]
|upkeep
|turn|8
|
|t:|1758293896
|-end|p1a: Great Tusk|Protosynthesis|[silent]
|switch|p1a: Raging Bolt|Raging Bolt|70/100
|move|p2a: Ogerpon|Ivy Cudgel|p1a: Raging Bolt|[anim] Ivy Cudgel Water
|-resisted|p1a: Raging Bolt
|-damage|p1a: Raging Bolt|32/100
|
|-weather|none
|-heal|p1a: Raging Bolt|38/100|[from] item: Leftovers
|upkeep
|turn|9
|
|t:|1758293901
|move|p1a: Raging Bolt|Thunderclap|p2a: Ogerpon
|-damage|p2a: Ogerpon|26/100
|move|p2a: Ogerpon|Play Rough|p1a: Raging Bolt
|-supereffective|p1a: Raging Bolt
|-damage|p1a: Raging Bolt|0 fnt
|faint|p1a: Raging Bolt
|-end|p1a: Raging Bolt|Protosynthesis|[silent]
|
|upkeep
|
|t:|1758293909
|switch|p1a: Meowscarada|Meowscarada, F|100/100
|turn|10
|j| Nikator98
|
|t:|1758293921
|switch|p2a: Toxicroak|Toxicroak, F|100/100
|move|p1a: Meowscarada|Knock Off|p2a: Toxicroak
|-start|p1a: Meowscarada|typechange|Dark|[from] ability: Protean
|-resisted|p2a: Toxicroak
|-damage|p2a: Toxicroak|80/100
|-enditem|p2a: Toxicroak|Eject Pack|[from] move: Knock Off|[of] p1a: Meowscarada
|
|upkeep
|turn|11
|
|t:|1758293941
|switch|p1a: Great Tusk|Great Tusk|100/100
|move|p2a: Toxicroak|Close Combat|p1a: Great Tusk
|-damage|p1a: Great Tusk|71/100
|-unboost|p2a: Toxicroak|def|1
|-unboost|p2a: Toxicroak|spd|1
|
|-heal|p1a: Great Tusk|77/100|[from] item: Leftovers
|upkeep
|turn|12
|inactive|rookie22 has 60 seconds left.
|inactive|rookie22 has 30 seconds left.
|inactive|rookie22 has 20 seconds left.
|inactive|rookie22 has 15 seconds left.
|inactive|rookie22 has 10 seconds left.
|inactive|rookie22 has 5 seconds left.
|-message|rookie22 lost due to inactivity.
|
|win|ENTER THE HERO
|raw|rookie22's rating: 1760 &rarr; <strong>1736</strong><br />(-24 for losing)
|raw|ENTER THE HERO's rating: 1696 &rarr; <strong>1720</strong><br />(+24 for winning)
|c|☆ENTER THE HERO|gg
|l|☆ENTER THE HERO
|player|p2|
|c|☆rookie22|sorry
|c|☆rookie22|i was on my phone
|l|☆rookie22
|player|p1|
