|j|☆vampyfiy
|j|☆Nez4hal
|t:|1758256778
|gametype|singles
|player|p1|vampyfiy|roxie|1112
|player|p2|Nez4hal|2|1128
|gen|9
|tier|[Gen 9] OU
|rated|
|rule|HP Percentage Mod: HP is shown in percentages
|rule|Endless Battle Clause: Forcing endless battles is banned
|rule|Species Clause: Limit one of each Pokémon
|rule|OHKO Clause: OHKO moves are banned
|rule|Evasion Items Clause: Evasion items are banned
|rule|Evasion Moves Clause: Evasion moves are banned
|rule|Evasion Abilities Clause: Evasion abilities are banned
|rule|Sleep Moves Clause: Sleep-inducing moves are banned
|clearpoke
|poke|p1|Tyranitar, M|
|poke|p1|Excadrill, F|
|poke|p1|Kingambit, M|
|poke|p1|Garchomp, F|
|poke|p1|Pecharunt|
|poke|p1|Rotom-Wash|
|poke|p2|Gliscor, F|
|poke|p2|Mimikyu, F|
|poke|p2|Grimmsnarl, M|
|poke|p2|Dragonite, F|
|poke|p2|Eelektross, M|
|poke|p2|Corviknight, F|
|teampreview
|inactive|Battle timer is ON: inactive players will automatically lose when time's up. (requested by Nez4hal)
|
|t:|1758256832
|teamsize|p1|6
|teamsize|p2|6
|start
|switch|p1a: Rotom|Rotom-Wash|100/100
|switch|p2a: Grimmsnarl|Grimmsnarl, M, shiny|100/100
|turn|1
|
|t:|1758256842
|move|p2a: Grimmsnarl|Parting Shot|p1a: Rotom
|-unboost|p1a: Rotom|atk|1
|-unboost|p1a: Rotom|spa|1
|
|t:|1758256856
|switch|p2a: Gliscor|Gliscor, F, shiny|100/100|[from] Parting Shot
|move|p1a: Rotom|Volt Switch|p2a: Gliscor
|-immune|p2a: Gliscor
|
|-status|p2a: Gliscor|tox|[from] item: Toxic Orb
|upkeep
|turn|2
|
|t:|1758256865
|move|p2a: Gliscor|Toxic|p1a: Rotom
|-status|p1a: Rotom|tox
|move|p1a: Rotom|Will-O-Wisp||[still]
|-fail|p1a: Rotom
|
|-damage|p1a: Rotom|94/100 tox|[from] psn
|upkeep
|turn|3
|
|t:|1758256879
|switch|p1a: Tyranitar|Tyranitar, M|100/100
|-weather|Sandstorm|[from] ability: Sand Stream|[of] p1a: Tyranitar
|move|p2a: Gliscor|U-turn|p1a: Tyranitar
|-supereffective|p1a: Tyranitar
|-damage|p1a: Tyranitar|76/100
|
|t:|1758256888
|switch|p2a: Eelektross|Eelektross, M|100/100|[from] U-turn
|
|-weather|Sandstorm|[upkeep]
|-damage|p2a: Eelektross|94/100|[from] Sandstorm
|-heal|p2a: Eelektross|100/100|[from] item: Leftovers
|upkeep
|turn|4
|
|t:|1758256896
|move|p1a: Tyranitar|Stealth Rock|p2a: Eelektross
|-sidestart|p2: Nez4hal|move: Stealth Rock
|move|p2a: Eelektross|Coil|p2a: Eelektross
|-boost|p2a: Eelektross|atk|1
|-boost|p2a: Eelektross|def|1
|-boost|p2a: Eelektross|accuracy|1
|
|-weather|Sandstorm|[upkeep]
|-damage|p2a: Eelektross|94/100|[from] Sandstorm
|-heal|p2a: Eelektross|100/100|[from] item: Leftovers
|upkeep
|turn|5
|
|t:|1758256906
|move|p1a: Tyranitar|Knock Off|p2a: Eelektross
|-damage|p2a: Eelektross|66/100
|-enditem|p2a: Eelektross|Leftovers|[from] move: Knock Off|[of] p1a: Tyranitar
|move|p2a: Eelektross|Coil|p2a: Eelektross
|-boost|p2a: Eelektross|atk|1
|-boost|p2a: Eelektross|def|1
|-boost|p2a: Eelektross|accuracy|1
|
|-weather|Sandstorm|[upkeep]
|-damage|p2a: Eelektross|60/100|[from] Sandstorm
|upkeep
|turn|6
|
|t:|1758256917
|move|p1a: Tyranitar|Ice Beam|p2a: Eelektross
|-damage|p2a: Eelektross|39/100
|move|p2a: Eelektross|Drain Punch|p1a: Tyranitar
|-supereffective|p1a: Tyranitar
|-damage|p1a: Tyranitar|0 fnt
|-heal|p2a: Eelektross|80/100|[from] drain|[of] p1a: Tyranitar
|faint|p1a: Tyranitar
|
|-weather|Sandstorm|[upkeep]
|-damage|p2a: Eelektross|73/100|[from] Sandstorm
|upkeep
|
|t:|1758256922
|switch|p1a: Excadrill|Excadrill, F|100/100
|turn|7
|
|t:|1758256933
|-terastallize|p1a: Excadrill|Ground
|move|p1a: Excadrill|Swords Dance|p1a: Excadrill
|-boost|p1a: Excadrill|atk|2
|move|p2a: Eelektross|Drain Punch|p1a: Excadrill
|-damage|p1a: Excadrill|38/100
|-heal|p2a: Eelektross|100/100|[from] drain|[of] p1a: Excadrill
|
|-weather|Sandstorm|[upkeep]
|-damage|p2a: Eelektross|94/100|[from] Sandstorm
|upkeep
|turn|8
|
|t:|1758256945
|move|p1a: Excadrill|Rock Slide|p2a: Eelektross
|-damage|p2a: Eelektross|55/100
|-damage|p1a: Excadrill|28/100|[from] item: Life Orb
|move|p2a: Eelektross|Drain Punch|p1a: Excadrill
|-damage|p1a: Excadrill|0 fnt
|-heal|p2a: Eelektross|68/100|[from] drain|[of] p1a: Excadrill
|faint|p1a: Excadrill
|
|-weather|Sandstorm|[upkeep]
|-damage|p2a: Eelektross|62/100|[from] Sandstorm
|upkeep
|
|t:|1758256959
|switch|p1a: Garchomp|Garchomp, F|100/100
|turn|9
|
|t:|1758256966
|move|p1a: Garchomp|Swords Dance|p1a: Garchomp
|-boost|p1a: Garchomp|atk|2
|move|p2a: Eelektross|Knock Off|p1a: Garchomp
|-damage|p1a: Garchomp|34/100
|-damage|p2a: Eelektross|50/100|[from] ability: Rough Skin|[of] p1a: Garchomp
|-enditem|p1a: Garchomp|Loaded Dice|[from] move: Knock Off|[of] p2a: Eelektross
|
|-weather|Sandstorm|[upkeep]
|-damage|p2a: Eelektross|44/100|[from] Sandstorm
|upkeep
|turn|10
|
|t:|1758256978
|move|p1a: Garchomp|Scale Shot|p2a: Eelektross
|-damage|p2a: Eelektross|29/100
|-damage|p2a: Eelektross|15/100
|-damage|p2a: Eelektross|0 fnt
|faint|p2a: Eelektross
|-hitcount|p2: Eelektross|3
|-unboost|p1a: Garchomp|def|1
|-boost|p1a: Garchomp|spe|1
|
|-weather|none
|upkeep
|
|t:|1758256994
|switch|p2a: Gliscor|Gliscor, F, shiny|100/100 tox
|-damage|p2a: Gliscor|88/100 tox|[from] Stealth Rock
|turn|11
|
|t:|1758257001
|move|p1a: Garchomp|Scale Shot|p2a: Gliscor
|-damage|p2a: Gliscor|69/100 tox
|-damage|p2a: Gliscor|52/100 tox
|-damage|p2a: Gliscor|35/100 tox
|-hitcount|p2a: Gliscor|3
|-unboost|p1a: Garchomp|def|1
|-boost|p1a: Garchomp|spe|1
|move|p2a: Gliscor|Toxic|p1a: Garchomp
|-status|p1a: Garchomp|tox
|
|-damage|p1a: Garchomp|28/100 tox|[from] psn
|-heal|p2a: Gliscor|47/100 tox|[from] ability: Poison Heal
|upkeep
|turn|12
|
|t:|1758257016
|move|p2a: Gliscor|Protect|p2a: Gliscor
|-singleturn|p2a: Gliscor|Protect
|move|p1a: Garchomp|Scale Shot|p2a: Gliscor
|-activate|p2a: Gliscor|move: Protect
|
|-damage|p1a: Garchomp|16/100 tox|[from] psn
|-heal|p2a: Gliscor|60/100 tox|[from] ability: Poison Heal
|upkeep
|turn|13
|
|t:|1758257028
|switch|p2a: Mimikyu|Mimikyu, F|100/100
|-damage|p2a: Mimikyu|88/100|[from] Stealth Rock
|move|p1a: Garchomp|Fire Fang|p2a: Mimikyu|[miss]
|-miss|p1a: Garchomp|p2a: Mimikyu
|
|-damage|p1a: Garchomp|0 fnt|[from] psn
|faint|p1a: Garchomp
|upkeep
|c|☆vampyfiy|crazy
|c|☆vampyfiy|was predicting the mimikyuu too
|
|t:|1758257048
|switch|p1a: Kingambit|Kingambit, M|100/100
|-activate|p1a: Kingambit|ability: Supreme Overlord
|-start|p1a: Kingambit|fallen3|[silent]
|turn|14
|
|t:|1758257069
|switch|p2a: Grimmsnarl|Grimmsnarl, M, shiny|100/100
|move|p1a: Kingambit|Iron Head|p2a: Grimmsnarl
|-supereffective|p2a: Grimmsnarl
|-damage|p2a: Grimmsnarl|0 fnt
|faint|p2a: Grimmsnarl
|
|upkeep
|
|t:|1758257083
|switch|p2a: Gliscor|Gliscor, F, shiny|60/100 tox
|-damage|p2a: Gliscor|47/100 tox|[from] Stealth Rock
|turn|15
|
|t:|1758257088
|move|p1a: Kingambit|Sucker Punch|p2a: Gliscor
|-damage|p2a: Gliscor|6/100 tox
|move|p2a: Gliscor|Earthquake|p1a: Kingambit
|-supereffective|p1a: Kingambit
|-damage|p1a: Kingambit|44/100
|
|-heal|p2a: Gliscor|19/100 tox|[from] ability: Poison Heal
|upkeep
|turn|16
|
|t:|1758257099
|move|p2a: Gliscor|Protect|p2a: Gliscor
|-singleturn|p2a: Gliscor|Protect
|move|p1a: Kingambit|Sucker Punch||[still]
|-fail|p1a: Kingambit
|
|-heal|p2a: Gliscor|31/100 tox|[from] ability: Poison Heal
|upkeep
|turn|17
|
|t:|1758257114
|move|p2a: Gliscor|Toxic|p1a: Kingambit|[miss]
|-miss|p2a: Gliscor|p1a: Kingambit
|move|p1a: Kingambit|Swords Dance|p1a: Kingambit
|-boost|p1a: Kingambit|atk|2
|
|-heal|p2a: Gliscor|44/100 tox|[from] ability: Poison Heal
|upkeep
|turn|18
|
|t:|1758257124
|move|p2a: Gliscor|Protect|p2a: Gliscor
|-singleturn|p2a: Gliscor|Protect
|move|p1a: Kingambit|Swords Dance|p1a: Kingambit
|-boost|p1a: Kingambit|atk|2
|
|-heal|p2a: Gliscor|56/100 tox|[from] ability: Poison Heal
|upkeep
|turn|19
|
|t:|1758257136
|move|p2a: Gliscor|Earthquake|p1a: Kingambit
|-supereffective|p1a: Kingambit
|-damage|p1a: Kingambit|0 fnt
|faint|p1a: Kingambit
|-end|p1a: Kingambit|fallen3|[silent]
|
|-heal|p2a: Gliscor|69/100 tox|[from] ability: Poison Heal
|upkeep
|c|☆vampyfiy|wp
|-message|vampyfiy forfeited.
|
|win|Nez4hal
|raw|vampyfiy's rating: 1112 &rarr; <strong>1088</strong><br />(-24 for losing)
|raw|Nez4hal's rating: 1128 &rarr; <strong>1152</strong><br />(+24 for winning)
|l|☆vampyfiy
|player|p1|
|l|☆Nez4hal
|player|p2|
