|j|☆Po1soned
|j|☆jyterw
|t:|1758262170
|gametype|singles
|player|p1|Po1soned|janine|1103
|player|p2|jyterw|acetrainer-gen1|1000
|gen|9
|tier|[Gen 9] OU
|rated|
|rule|HP Percentage Mod: HP is shown in percentages
|rule|Endless Battle Clause: Forcing endless battles is banned
|rule|Species Clause: Limit one of each Pokémon
|rule|OHKO Clause: OHKO moves are banned
|rule|Evasion Items Clause: Evasion items are banned
|rule|Evasion Moves Clause: Evasion moves are banned
|rule|Evasion Abilities Clause: Evasion abilities are banned
|rule|Sleep Moves Clause: Sleep-inducing moves are banned
|clearpoke
|poke|p1|Toxapex, F|
|poke|p1|Gengar, F|
|poke|p1|Amoonguss, F|
|poke|p1|Overqwil, M|
|poke|p1|Glimmora, M|
|poke|p1|Iron Moth|
|poke|p2|Gholdengo|
|poke|p2|Rillaboom, F|
|poke|p2|Great Tusk|
|poke|p2|Weezing-Galar, F|
|poke|p2|Ogerpon-Wellspring, F|
|poke|p2|Tornadus-Therian, M|
|teampreview
|
|t:|1758262187
|teamsize|p1|6
|teamsize|p2|6
|start
|switch|p1a: Glimmora|Glimmora, M|100/100
|switch|p2a: Rillaboom|Rillaboom, F|100/100
|-fieldstart|move: Grassy Terrain|[from] ability: Grassy Surge|[of] p2a: Rillaboom
|turn|1
|
|t:|1758262194
|move|p1a: Glimmora|Stealth Rock|p2a: Rillaboom
|-sidestart|p2: jyterw|move: Stealth Rock
|move|p2a: Rillaboom|Wood Hammer|p1a: Glimmora
|-damage|p1a: Glimmora|1/100
|-activate|p1a: Glimmora|ability: Toxic Debris
|-sidestart|p2: jyterw|move: Toxic Spikes
|-damage|p2a: Rillaboom|75/100|[from] Recoil
|
|-heal|p1a: Glimmora|8/100|[from] Grassy Terrain
|-heal|p2a: Rillaboom|81/100|[from] Grassy Terrain
|upkeep
|turn|2
|
|t:|1758262203
|move|p2a: Rillaboom|Grassy Glide|p1a: Glimmora
|-damage|p1a: Glimmora|0 fnt
|-activate|p1a: Glimmora|ability: Toxic Debris
|-sidestart|p2: jyterw|move: Toxic Spikes
|faint|p1a: Glimmora
|
|-heal|p2a: Rillaboom|87/100|[from] Grassy Terrain
|upkeep
|
|t:|1758262214
|switch|p1a: Amoonguss|Amoonguss, F|100/100
|turn|3
|
|t:|1758262218
|switch|p2a: Weezing|Weezing-Galar, F|100/100
|-ability|p2a: Weezing|Neutralizing Gas
|-damage|p2a: Weezing|88/100|[from] Stealth Rock
|-sideend|p2: jyterw|move: Toxic Spikes|[of] p2a: Weezing
|move|p1a: Amoonguss|Sludge Bomb|p2a: Weezing
|-damage|p2a: Weezing|52/100
|
|-heal|p2a: Weezing|58/100|[from] Grassy Terrain
|-heal|p2a: Weezing|64/100|[from] item: Black Sludge
|upkeep
|turn|4
|
|t:|1758262231
|move|p2a: Weezing|Will-O-Wisp|p1a: Amoonguss
|-status|p1a: Amoonguss|brn
|move|p1a: Amoonguss|Sludge Bomb|p2a: Weezing
|-damage|p2a: Weezing|25/100
|
|-heal|p2a: Weezing|31/100|[from] Grassy Terrain
|-heal|p2a: Weezing|37/100|[from] item: Black Sludge
|-damage|p1a: Amoonguss|94/100 brn|[from] brn
|upkeep
|turn|5
|
|t:|1758262240
|move|p2a: Weezing|Pain Split|p1a: Amoonguss
|-sethp|p1a: Amoonguss|61/100 brn|[from] move: Pain Split|[silent]
|-sethp|p2a: Weezing|79/100|[from] move: Pain Split
|move|p1a: Amoonguss|Sludge Bomb|p2a: Weezing
|-damage|p2a: Weezing|45/100
|
|-heal|p2a: Weezing|51/100|[from] Grassy Terrain
|-heal|p2a: Weezing|57/100|[from] item: Black Sludge
|-heal|p1a: Amoonguss|68/100 brn|[from] Grassy Terrain
|-damage|p1a: Amoonguss|61/100 brn|[from] brn
|upkeep
|turn|6
|inactive|Battle timer is ON: inactive players will automatically lose when time's up. (requested by jyterw)
|
|t:|1758262250
|-end|p2a: Weezing|ability: Neutralizing Gas
|switch|p2a: Gholdengo|Gholdengo|100/100
|-damage|p2a: Gholdengo|94/100|[from] Stealth Rock
|move|p1a: Amoonguss|Sludge Bomb|p2a: Gholdengo
|-immune|p2a: Gholdengo
|
|-heal|p2a: Gholdengo|100/100|[from] Grassy Terrain
|-heal|p1a: Amoonguss|68/100 brn|[from] Grassy Terrain
|-damage|p1a: Amoonguss|61/100 brn|[from] brn
|upkeep
|turn|7
|
|t:|1758262262
|move|p2a: Gholdengo|Shadow Ball|p1a: Amoonguss
|-damage|p1a: Amoonguss|44/100 brn
|-unboost|p1a: Amoonguss|spd|1
|move|p1a: Amoonguss|Foul Play|p2a: Gholdengo
|-supereffective|p2a: Gholdengo
|-damage|p2a: Gholdengo|93/100
|
|-heal|p2a: Gholdengo|99/100|[from] Grassy Terrain
|-heal|p2a: Gholdengo|100/100|[from] item: Leftovers
|-heal|p1a: Amoonguss|50/100 brn|[from] Grassy Terrain
|-damage|p1a: Amoonguss|44/100 brn|[from] brn
|upkeep
|turn|8
|
|t:|1758262277
|move|p2a: Gholdengo|Shadow Ball|p1a: Amoonguss
|-damage|p1a: Amoonguss|16/100 brn
|-unboost|p1a: Amoonguss|spd|1
|move|p1a: Amoonguss|Giga Drain|p2a: Gholdengo
|-resisted|p2a: Gholdengo
|-damage|p2a: Gholdengo|86/100
|-heal|p1a: Amoonguss|22/100 brn|[from] drain|[of] p2a: Gholdengo
|
|-heal|p2a: Gholdengo|92/100|[from] Grassy Terrain
|-heal|p2a: Gholdengo|98/100|[from] item: Leftovers
|-heal|p1a: Amoonguss|29/100 brn|[from] Grassy Terrain
|-damage|p1a: Amoonguss|22/100 brn|[from] brn
|-fieldend|move: Grassy Terrain
|upkeep
|turn|9
|
|t:|1758262289
|move|p2a: Gholdengo|Shadow Ball|p1a: Amoonguss
|-damage|p1a: Amoonguss|0 fnt
|faint|p1a: Amoonguss
|
|-heal|p2a: Gholdengo|100/100|[from] item: Leftovers
|upkeep
|
|t:|1758262298
|switch|p1a: Iron Moth|Iron Moth|100/100
|-enditem|p1a: Iron Moth|Booster Energy
|-activate|p1a: Iron Moth|ability: Quark Drive|[fromitem]
|-start|p1a: Iron Moth|quarkdrivespa
|turn|10
|
|t:|1758262309
|switch|p2a: Tornadus|Tornadus-Therian, M|100/100
|-damage|p2a: Tornadus|76/100|[from] Stealth Rock
|move|p1a: Iron Moth|Fiery Dance|p2a: Tornadus
|-damage|p2a: Tornadus|38/100
|
|upkeep
|turn|11
|
|t:|1758262325
|move|p2a: Tornadus|Bleakwind Storm|p1a: Iron Moth
|-damage|p1a: Iron Moth|62/100
|move|p1a: Iron Moth|Fiery Dance|p2a: Tornadus
|-damage|p2a: Tornadus|0 fnt
|faint|p2a: Tornadus
|
|upkeep
|
|t:|1758262333
|switch|p2a: Great Tusk|Great Tusk|100/100
|turn|12
|
|t:|1758262338
|-terastallize|p2a: Great Tusk|Fire
|move|p1a: Iron Moth|Energy Ball|p2a: Great Tusk
|-resisted|p2a: Great Tusk
|-damage|p2a: Great Tusk|71/100
|move|p2a: Great Tusk|Rapid Spin|p1a: Iron Moth
|-damage|p1a: Iron Moth|33/100
|-boost|p2a: Great Tusk|spe|1
|-sideend|p2: jyterw|Stealth Rock|[from] move: Rapid Spin|[of] p2a: Great Tusk
|
|upkeep
|turn|13
|
|t:|1758262359
|move|p2a: Great Tusk|Headlong Rush|p1a: Iron Moth
|-supereffective|p1a: Iron Moth
|-damage|p1a: Iron Moth|0 fnt
|-unboost|p2a: Great Tusk|def|1
|-unboost|p2a: Great Tusk|spd|1
|faint|p1a: Iron Moth
|-end|p1a: Iron Moth|Quark Drive|[silent]
|
|upkeep
|
|t:|1758262373
|switch|p1a: Gengar|Gengar, F|100/100
|turn|14
|
|t:|1758262384
|move|p1a: Gengar|Shadow Ball|p2a: Great Tusk
|-damage|p2a: Great Tusk|0 fnt
|faint|p2a: Great Tusk
|-end|p2a: Great Tusk|Protosynthesis|[silent]
|
|upkeep
|
|t:|1758262393
|switch|p2a: Rillaboom|Rillaboom, F|87/100
|-fieldstart|move: Grassy Terrain|[from] ability: Grassy Surge|[of] p2a: Rillaboom
|turn|15
|
|t:|1758262398
|move|p1a: Gengar|Shadow Ball|p2a: Rillaboom
|-damage|p2a: Rillaboom|42/100
|move|p2a: Rillaboom|Knock Off|p1a: Gengar
|-supereffective|p1a: Gengar
|-damage|p1a: Gengar|0 fnt
|-enditem|p1a: Gengar|Choice Scarf|[from] move: Knock Off|[of] p2a: Rillaboom
|faint|p1a: Gengar
|
|-heal|p2a: Rillaboom|48/100|[from] Grassy Terrain
|upkeep
|
|t:|1758262413
|switch|p1a: Overqwil|Overqwil, M|100/100
|-ability|p1a: Overqwil|Intimidate|boost
|-unboost|p2a: Rillaboom|atk|1
|turn|16
|
|t:|1758262421
|switch|p2a: Weezing|Weezing-Galar, F|57/100
|-ability|p2a: Weezing|Neutralizing Gas
|move|p1a: Overqwil|Poison Jab|p2a: Weezing
|-damage|p2a: Weezing|32/100
|
|-heal|p2a: Weezing|38/100|[from] Grassy Terrain
|-heal|p2a: Weezing|44/100|[from] item: Black Sludge
|upkeep
|turn|17
|
|t:|1758262432
|move|p1a: Overqwil|Crunch|p2a: Weezing
|-resisted|p2a: Weezing
|-damage|p2a: Weezing|29/100
|move|p2a: Weezing|Will-O-Wisp|p1a: Overqwil
|-status|p1a: Overqwil|brn
|
|-heal|p2a: Weezing|35/100|[from] Grassy Terrain
|-heal|p2a: Weezing|41/100|[from] item: Black Sludge
|-damage|p1a: Overqwil|94/100 brn|[from] brn
|upkeep
|turn|18
|
|t:|1758262443
|move|p1a: Overqwil|Swords Dance|p1a: Overqwil
|-boost|p1a: Overqwil|atk|2
|move|p2a: Weezing|Pain Split|p1a: Overqwil
|-sethp|p1a: Overqwil|69/100 brn|[from] move: Pain Split|[silent]
|-sethp|p2a: Weezing|64/100|[from] move: Pain Split
|
|-heal|p1a: Overqwil|75/100 brn|[from] Grassy Terrain
|-heal|p2a: Weezing|70/100|[from] Grassy Terrain
|-heal|p2a: Weezing|76/100|[from] item: Black Sludge
|-damage|p1a: Overqwil|69/100 brn|[from] brn
|upkeep
|turn|19
|
|t:|1758262453
|move|p1a: Overqwil|Poison Jab|p2a: Weezing
|-damage|p2a: Weezing|52/100
|move|p2a: Weezing|Sludge Bomb|p1a: Overqwil
|-resisted|p1a: Overqwil
|-damage|p1a: Overqwil|46/100 brn
|
|-heal|p1a: Overqwil|52/100 brn|[from] Grassy Terrain
|-heal|p2a: Weezing|58/100|[from] Grassy Terrain
|-heal|p2a: Weezing|64/100|[from] item: Black Sludge
|-damage|p1a: Overqwil|46/100 brn|[from] brn
|upkeep
|turn|20
|
|t:|1758262467
|move|p1a: Overqwil|Poison Jab|p2a: Weezing
|-damage|p2a: Weezing|38/100
|move|p2a: Weezing|Sludge Bomb|p1a: Overqwil
|-resisted|p1a: Overqwil
|-damage|p1a: Overqwil|26/100 brn
|
|-heal|p1a: Overqwil|32/100 brn|[from] Grassy Terrain
|-heal|p2a: Weezing|44/100|[from] Grassy Terrain
|-heal|p2a: Weezing|50/100|[from] item: Black Sludge
|-damage|p1a: Overqwil|26/100 brn|[from] brn
|upkeep
|turn|21
|
|t:|1758262474
|switch|p1a: Toxapex|Toxapex, F|100/100
|move|p2a: Weezing|Sludge Bomb|p1a: Toxapex
|-resisted|p1a: Toxapex
|-damage|p1a: Toxapex|90/100
|
|-heal|p2a: Weezing|56/100|[from] Grassy Terrain
|-heal|p2a: Weezing|62/100|[from] item: Black Sludge
|-heal|p1a: Toxapex|96/100|[from] Grassy Terrain
|upkeep
|turn|22
|
|t:|1758262485
|move|p2a: Weezing|Will-O-Wisp|p1a: Toxapex
|-status|p1a: Toxapex|brn
|move|p1a: Toxapex|Chilling Water|p2a: Weezing
|-damage|p2a: Weezing|48/100
|-unboost|p2a: Weezing|atk|1
|
|-heal|p2a: Weezing|53/100|[from] Grassy Terrain
|-heal|p2a: Weezing|59/100|[from] item: Black Sludge
|-heal|p1a: Toxapex|100/100 brn|[from] Grassy Terrain
|-damage|p1a: Toxapex|94/100 brn|[from] brn
|-fieldend|move: Grassy Terrain
|upkeep
|turn|23
|
|t:|1758262499
|-end|p2a: Weezing|ability: Neutralizing Gas
|switch|p2a: Rillaboom|Rillaboom, F|48/100
|-fieldstart|move: Grassy Terrain|[from] ability: Grassy Surge|[of] p2a: Rillaboom
|move|p1a: Toxapex|Chilling Water|p2a: Rillaboom
|-resisted|p2a: Rillaboom
|-damage|p2a: Rillaboom|43/100
|-unboost|p2a: Rillaboom|atk|1
|
|-heal|p2a: Rillaboom|49/100|[from] Grassy Terrain
|-heal|p1a: Toxapex|100/100 brn|[from] Grassy Terrain
|-damage|p1a: Toxapex|94/100 brn|[from] brn
|upkeep
|turn|24
|
|t:|1758262511
|move|p2a: Rillaboom|U-turn|p1a: Toxapex
|-resisted|p1a: Toxapex
|-damage|p1a: Toxapex|89/100 brn
|-damage|p2a: Rillaboom|32/100|[from] item: Rocky Helmet|[of] p1a: Toxapex
|
|t:|1758262513
|switch|p2a: Gholdengo|Gholdengo|100/100|[from] U-turn
|move|p1a: Toxapex|Toxic|p2a: Gholdengo
|-immune|p2a: Gholdengo|[from] ability: Good as Gold
|
|-heal|p1a: Toxapex|96/100 brn|[from] Grassy Terrain
|-damage|p1a: Toxapex|89/100 brn|[from] brn
|upkeep
|turn|25
|c|☆Po1soned|dang gg
|-message|Po1soned forfeited.
|
|win|jyterw
|raw|Po1soned's rating: 1103 &rarr; <strong>1071</strong><br />(-32 for losing)
|raw|jyterw's rating: 1000 &rarr; <strong>1052</strong><br />(+52 for winning)
|l|☆Po1soned
|player|p1|
