|j|☆gian_stifler
|j|☆wrdonawing
|t:|1758366196
|gametype|singles
|player|p1|gian_stifler|169|1220
|player|p2|wrdonawing|lana|1230
|gen|9
|tier|[Gen 9] OU
|rated|
|rule|HP Percentage Mod: HP is shown in percentages
|rule|Endless Battle Clause: Forcing endless battles is banned
|rule|Species Clause: Limit one of each Pokémon
|rule|OHKO Clause: OHKO moves are banned
|rule|Evasion Items Clause: Evasion items are banned
|rule|Evasion Moves Clause: Evasion moves are banned
|rule|Evasion Abilities Clause: Evasion abilities are banned
|rule|Sleep Moves Clause: Sleep-inducing moves are banned
|clearpoke
|poke|p1|Politoed, F|
|poke|p1|Overqwil, M|
|poke|p1|Scizor, M|
|poke|p1|Toxapex, F|
|poke|p1|Zapdos|
|poke|p1|Porygon2|
|poke|p2|Iron Moth|
|poke|p2|Decidueye-Hisui, F|
|poke|p2|Hoopa-Unbound|
|poke|p2|Comfey, F|
|poke|p2|Pecharunt|
|poke|p2|Scyther, M|
|teampreview
|inactive|Battle timer is ON: inactive players will automatically lose when time's up. (requested by wrdonawing)
|
|t:|1758366211
|teamsize|p1|6
|teamsize|p2|6
|start
|switch|p1a: Politoed|Politoed, F|100/100
|switch|p2a: Pecharunt|Pecharunt|100/100
|-weather|RainDance|[from] ability: Drizzle|[of] p1a: Politoed
|turn|1
|
|t:|1758366226
|switch|p1a: Overqwil|Overqwil, M|100/100
|move|p2a: Pecharunt|Malignant Chain|p1a: Overqwil
|-resisted|p1a: Overqwil
|-damage|p1a: Overqwil|72/100
|
|-weather|RainDance|[upkeep]
|upkeep
|turn|2
|
|t:|1758366235
|move|p1a: Overqwil|Swords Dance|p1a: Overqwil
|-boost|p1a: Overqwil|atk|2
|move|p2a: Pecharunt|Nasty Plot|p2a: Pecharunt
|-boost|p2a: Pecharunt|spa|2
|
|-weather|RainDance|[upkeep]
|upkeep
|turn|3
|
|t:|1758366243
|move|p1a: Overqwil|Crunch|p2a: Pecharunt
|-supereffective|p2a: Pecharunt
|-damage|p2a: Pecharunt|0 fnt
|faint|p2a: Pecharunt
|
|-weather|RainDance|[upkeep]
|upkeep
|
|t:|1758366252
|switch|p2a: Scyther|Scyther, M|100/100
|turn|4
|
|t:|1758366260
|move|p1a: Overqwil|Liquidation|p2a: Scyther
|-damage|p2a: Scyther|20/100
|move|p2a: Scyther|Dual Wingbeat|p1a: Overqwil
|-damage|p1a: Overqwil|42/100
|-damage|p1a: Overqwil|12/100
|-hitcount|p1a: Overqwil|2
|
|-weather|RainDance|[upkeep]
|upkeep
|turn|5
|
|t:|1758366268
|move|p1a: Overqwil|Liquidation|p2a: Scyther
|-damage|p2a: Scyther|0 fnt
|faint|p2a: Scyther
|
|-weather|RainDance|[upkeep]
|upkeep
|
|t:|1758366279
|switch|p2a: Comfey|Comfey, F|100/100
|turn|6
|
|t:|1758366283
|move|p2a: Comfey|Draining Kiss|p1a: Overqwil
|-damage|p1a: Overqwil|0 fnt
|faint|p1a: Overqwil
|
|-weather|RainDance|[upkeep]
|upkeep
|
|t:|1758366291
|switch|p1a: Scizor|Scizor, M|100/100
|turn|7
|
|t:|1758366300
|switch|p2a: Hoopa|Hoopa-Unbound|100/100
|move|p1a: Scizor|Swords Dance|p1a: Scizor
|-boost|p1a: Scizor|atk|2
|
|-weather|RainDance|[upkeep]
|upkeep
|turn|8
|
|t:|1758366311
|move|p2a: Hoopa|Fling|p1a: Scizor
|-damage|p1a: Scizor|23/100
|-enditem|p2a: Hoopa|Big Nugget|[from] move: Fling
|move|p1a: Scizor|Bug Bite|p2a: Hoopa
|-supereffective|p2a: Hoopa
|-damage|p2a: Hoopa|0 fnt
|faint|p2a: Hoopa
|-damage|p1a: Scizor|13/100|[from] item: Life Orb
|
|-weather|none
|upkeep
|
|t:|1758366317
|switch|p2a: Iron Moth|Iron Moth|100/100
|-enditem|p2a: Iron Moth|Booster Energy
|-activate|p2a: Iron Moth|ability: Quark Drive|[fromitem]
|-start|p2a: Iron Moth|quarkdrivespa
|turn|9
|
|t:|1758366325
|move|p1a: Scizor|Bullet Punch|p2a: Iron Moth
|-resisted|p2a: Iron Moth
|-damage|p2a: Iron Moth|29/100
|-damage|p1a: Scizor|3/100|[from] item: Life Orb
|move|p2a: Iron Moth|Fiery Dance|p1a: Scizor
|-supereffective|p1a: Scizor
|-crit|p1a: Scizor
|-damage|p1a: Scizor|0 fnt
|-boost|p2a: Iron Moth|spa|1
|faint|p1a: Scizor
|
|upkeep
|
|t:|1758366343
|switch|p1a: Politoed|Politoed, F|100/100
|-weather|RainDance|[from] ability: Drizzle|[of] p1a: Politoed
|turn|10
|
|t:|1758366365
|move|p2a: Iron Moth|Energy Ball|p1a: Politoed
|-supereffective|p1a: Politoed
|-damage|p1a: Politoed|0 fnt
|faint|p1a: Politoed
|
|-weather|RainDance|[upkeep]
|upkeep
|inactive|gian_stifler has 120 seconds left.
|
|t:|1758366387
|switch|p1a: Zapdos|Zapdos|100/100
|turn|11
|
|t:|1758366392
|move|p2a: Iron Moth|Sludge Wave|p1a: Zapdos
|-damage|p1a: Zapdos|0 fnt
|faint|p1a: Zapdos
|
|-weather|RainDance|[upkeep]
|upkeep
|inactive|gian_stifler has 120 seconds left.
|
|t:|1758366397
|switch|p1a: Porygon2|Porygon2|100/100
|turn|12
|inactive|gian_stifler has 120 seconds left.
|
|t:|1758366412
|move|p2a: Iron Moth|Psychic|p1a: Porygon2
|-damage|p1a: Porygon2|60/100
|move|p1a: Porygon2|Ice Beam|p2a: Iron Moth
|-resisted|p2a: Iron Moth
|-damage|p2a: Iron Moth|8/100
|-status|p2a: Iron Moth|frz
|
|-weather|RainDance|[upkeep]
|upkeep
|turn|13
|inactive|gian_stifler has 120 seconds left.
|
|t:|1758366420
|cant|p2a: Iron Moth|frz
|move|p1a: Porygon2|Ice Beam|p2a: Iron Moth
|-resisted|p2a: Iron Moth
|-damage|p2a: Iron Moth|0 fnt
|faint|p2a: Iron Moth
|-end|p2a: Iron Moth|Quark Drive|[silent]
|
|-weather|RainDance|[upkeep]
|upkeep
|
|t:|1758366426
|switch|p2a: Decidueye|Decidueye-Hisui, F|100/100
|turn|14
|
|t:|1758366434
|-terastallize|p2a: Decidueye|Steel
|-terastallize|p1a: Porygon2|Fairy
|move|p2a: Decidueye|Swords Dance|p2a: Decidueye
|-boost|p2a: Decidueye|atk|2
|move|p1a: Porygon2|Tera Blast|p2a: Decidueye|[anim] Tera Blast Fairy
|-resisted|p2a: Decidueye
|-damage|p2a: Decidueye|76/100
|
|-weather|RainDance|[upkeep]
|upkeep
|turn|15
|
|t:|1758366444
|switch|p1a: Toxapex|Toxapex, F|100/100
|move|p2a: Decidueye|Leaf Blade|p1a: Toxapex
|-damage|p1a: Toxapex|22/100
|
|-weather|RainDance|[upkeep]
|-heal|p1a: Toxapex|28/100|[from] item: Leftovers
|upkeep
|turn|16
|
|t:|1758366454
|move|p1a: Toxapex|Baneful Bunker|p1a: Toxapex
|-singleturn|p1a: Toxapex|move: Protect
|move|p2a: Decidueye|Leaf Blade|p1a: Toxapex
|-activate|p1a: Toxapex|move: Protect
|
|-weather|RainDance|[upkeep]
|-heal|p1a: Toxapex|35/100|[from] item: Leftovers
|upkeep
|turn|17
|-message|gian_stifler forfeited.
|
|win|wrdonawing
|raw|gian_stifler's rating: 1220 &rarr; <strong>1196</strong><br />(-24 for losing)
|raw|wrdonawing's rating: 1230 &rarr; <strong>1254</strong><br />(+24 for winning)
|l|☆gian_stifler
|player|p1|
|l|☆wrdonawing
|player|p2|
