|j|☆Matho
|j|☆owlbearmancer
|t:|1758254540
|gametype|singles
|player|p1|Matho|101|1136
|player|p2|owlbearmancer|1|1182
|gen|9
|tier|[Gen 9] OU
|rated|
|rule|HP Percentage Mod: HP is shown in percentages
|rule|Endless Battle Clause: Forcing endless battles is banned
|rule|Species Clause: Limit one of each Pokémon
|rule|OHKO Clause: OHKO moves are banned
|rule|Evasion Items Clause: Evasion items are banned
|rule|Evasion Moves Clause: Evasion moves are banned
|rule|Evasion Abilities Clause: Evasion abilities are banned
|rule|Sleep Moves Clause: Sleep-inducing moves are banned
|clearpoke
|poke|p1|Gholdengo|
|poke|p1|Ursaluna, M|
|poke|p1|Corviknight, M|
|poke|p1|Rotom-Wash|
|poke|p1|Dragapult, F|
|poke|p1|Okidogi, M|
|poke|p2|Dragonite, M|
|poke|p2|Iron Crown|
|poke|p2|Hatterene, F|
|poke|p2|Garganacl, M|
|poke|p2|Pecharunt|
|poke|p2|Moltres|
|teampreview
|
|t:|1758254573
|teamsize|p1|6
|teamsize|p2|6
|start
|switch|p1a: Dragapult|Dragapult, F|100/100
|switch|p2a: Iron Crown|Iron Crown|100/100
|turn|1
|
|t:|1758254603
|move|p2a: Iron Crown|Tachyon Cutter|p1a: Dragapult
|-damage|p1a: Dragapult|71/100
|-damage|p1a: Dragapult|39/100
|-hitcount|p1a: Dragapult|2
|move|p1a: Dragapult|Phantom Force||[still]
|-prepare|p1a: Dragapult|Phantom Force
|-enditem|p1a: Dragapult|Power Herb
|-anim|p1a: Dragapult|Phantom Force|p2a: Iron Crown
|-supereffective|p2a: Iron Crown
|-damage|p2a: Iron Crown|30/100
|
|upkeep
|turn|2
|
|t:|1758254629
|switch|p1a: Gholdengo|Gholdengo|100/100
|move|p2a: Iron Crown|Tachyon Cutter|p1a: Gholdengo
|-resisted|p1a: Gholdengo
|-damage|p1a: Gholdengo|88/100
|-resisted|p1a: Gholdengo
|-damage|p1a: Gholdengo|75/100
|-hitcount|p1a: Gholdengo|2
|
|-heal|p1a: Gholdengo|81/100|[from] item: Leftovers
|upkeep
|turn|3
|
|t:|1758254647
|-end|p2a: Iron Crown|Quark Drive|[silent]
|switch|p2a: Garganacl|Garganacl, M|100/100
|move|p1a: Gholdengo|Shadow Ball|p2a: Garganacl
|-damage|p2a: Garganacl|82/100
|-unboost|p2a: Garganacl|spd|1
|
|-heal|p1a: Gholdengo|87/100|[from] item: Leftovers
|-heal|p2a: Garganacl|89/100|[from] item: Leftovers
|upkeep
|turn|4
|
|t:|1758254667
|switch|p1a: Rotom|Rotom-Wash|100/100
|move|p2a: Garganacl|Salt Cure|p1a: Rotom
|-damage|p1a: Rotom|84/100
|-start|p1a: Rotom|Salt Cure
|
|-heal|p1a: Rotom|91/100|[from] item: Leftovers
|-heal|p2a: Garganacl|95/100|[from] item: Leftovers
|-damage|p1a: Rotom|66/100|[from] Salt Cure
|upkeep
|turn|5
|
|t:|1758254679
|move|p1a: Rotom|Hydro Pump|p2a: Garganacl
|-supereffective|p2a: Garganacl
|-damage|p2a: Garganacl|0 fnt
|faint|p2a: Garganacl
|
|-heal|p1a: Rotom|72/100|[from] item: Leftovers
|-damage|p1a: Rotom|47/100|[from] Salt Cure
|upkeep
|
|t:|1758254688
|switch|p2a: Dragonite|Dragonite, M, shiny|100/100
|turn|6
|
|t:|1758254710
|switch|p1a: Corviknight|Corviknight, M|100/100
|move|p2a: Dragonite|Dragon Dance|p2a: Dragonite
|-boost|p2a: Dragonite|atk|1
|-boost|p2a: Dragonite|spe|1
|
|upkeep
|turn|7
|
|t:|1758254721
|move|p2a: Dragonite|Dragon Dance|p2a: Dragonite
|-boost|p2a: Dragonite|atk|1
|-boost|p2a: Dragonite|spe|1
|move|p1a: Corviknight|Tailwind|p1a: Corviknight
|-sidestart|p1: Matho|move: Tailwind
|
|upkeep
|turn|8
|
|t:|1758254734
|switch|p1a: Rotom|Rotom-Wash|47/100
|move|p2a: Dragonite|Dragon Dance|p2a: Dragonite
|-boost|p2a: Dragonite|atk|1
|-boost|p2a: Dragonite|spe|1
|
|-heal|p1a: Rotom|53/100|[from] item: Leftovers
|upkeep
|turn|9
|
|t:|1758254749
|move|p2a: Dragonite|Extreme Speed|p1a: Rotom
|-damage|p1a: Rotom|0 fnt
|faint|p1a: Rotom
|
|upkeep
|
|t:|1758254766
|switch|p1a: Ursaluna|Ursaluna, M|100/100
|turn|10
|
|t:|1758254775
|-terastallize|p1a: Ursaluna|Ghost
|move|p2a: Dragonite|Earthquake|p1a: Ursaluna
|-damage|p1a: Ursaluna|18/100
|move|p1a: Ursaluna|Facade|p2a: Dragonite
|-damage|p2a: Dragonite|82/100
|
|-sideend|p1: Matho|move: Tailwind
|-status|p1a: Ursaluna|brn|[from] item: Flame Orb
|upkeep
|turn|11
|
|t:|1758254805
|move|p2a: Dragonite|Earthquake|p1a: Ursaluna
|-damage|p1a: Ursaluna|0 fnt
|faint|p1a: Ursaluna
|
|upkeep
|-message|Matho forfeited.
|
|win|owlbearmancer
|raw|Matho's rating: 1136 &rarr; <strong>1114</strong><br />(-22 for losing)
|raw|owlbearmancer's rating: 1182 &rarr; <strong>1204</strong><br />(+22 for winning)
|l|☆Matho
|player|p1|
|l|☆owlbearmancer
|player|p2|
