|j|☆Mossful
|j|☆Deasonator
|t:|1758236206
|gametype|singles
|player|p1|Mossful|evelyn|1541
|player|p2|Deasonator|1|1611
|gen|9
|tier|[Gen 9] OU
|rated|
|rule|HP Percentage Mod: HP is shown in percentages
|rule|Endless Battle Clause: Forcing endless battles is banned
|rule|Species Clause: Limit one of each Pokémon
|rule|OHKO Clause: OHKO moves are banned
|rule|Evasion Items Clause: Evasion items are banned
|rule|Evasion Moves Clause: Evasion moves are banned
|rule|Evasion Abilities Clause: Evasion abilities are banned
|rule|Sleep Moves Clause: Sleep-inducing moves are banned
|clearpoke
|poke|p1|Smeargle, F|
|poke|p1|Malamar, M|
|poke|p1|Great Tusk|
|poke|p1|Empoleon, M|
|poke|p1|Comfey, F|
|poke|p1|Dragonite, M|
|poke|p2|Tyranitar, F|
|poke|p2|Excadrill, M|
|poke|p2|Keldeo-Resolute|
|poke|p2|Tornadus-Therian, M|
|poke|p2|Heatran, M|
|poke|p2|Hydrapple, F|
|teampreview
|inactive|Battle timer is ON: inactive players will automatically lose when time's up. (requested by Mossful)
|
|t:|1758236222
|teamsize|p1|6
|teamsize|p2|6
|start
|switch|p1a: MeansToAnEnd|Smeargle, F, shiny|100/100
|switch|p2a: Tornadus|Tornadus-Therian, M|100/100
|turn|1
|
|t:|1758236230
|switch|p1a: Kanata Shinkai|Empoleon, M, shiny|100/100
|move|p2a: Tornadus|Taunt|p1a: Kanata Shinkai
|-start|p1a: Kanata Shinkai|move: Taunt
|
|upkeep
|turn|2
|
|t:|1758236236
|move|p2a: Tornadus|U-turn|p1a: Kanata Shinkai
|-resisted|p1a: Kanata Shinkai
|-damage|p1a: Kanata Shinkai|94/100
|
|t:|1758236246
|switch|p2a: Keldeo|Keldeo-Resolute|100/100|[from] U-turn
|move|p1a: Kanata Shinkai|Ice Beam|p2a: Keldeo
|-resisted|p2a: Keldeo
|-damage|p2a: Keldeo|83/100
|
|upkeep
|turn|3
|
|t:|1758236260
|move|p2a: Keldeo|Surf|p1a: Kanata Shinkai
|-resisted|p1a: Kanata Shinkai
|-damage|p1a: Kanata Shinkai|74/100
|move|p1a: Kanata Shinkai|Air Slash|p2a: Keldeo
|-supereffective|p2a: Keldeo
|-damage|p2a: Keldeo|20/100
|
|-end|p1a: Kanata Shinkai|move: Taunt
|upkeep
|turn|4
|
|t:|1758236269
|switch|p2a: Heatran|Heatran, M|100/100
|switch|p1a: Mind Explode Ray|Comfey, F, shiny|100/100
|
|upkeep
|turn|5
|
|t:|1758236279
|switch|p1a: Kanata Shinkai|Empoleon, M, shiny|74/100
|move|p2a: Heatran|Magma Storm|p1a: Kanata Shinkai|[miss]
|-miss|p2a: Heatran|p1a: Kanata Shinkai
|
|upkeep
|turn|6
|
|t:|1758236286
|move|p2a: Heatran|Magma Storm|p1a: Kanata Shinkai|[miss]
|-miss|p2a: Heatran|p1a: Kanata Shinkai
|move|p1a: Kanata Shinkai|Flip Turn|p2a: Heatran
|-supereffective|p2a: Heatran
|-damage|p2a: Heatran|74/100
|
|t:|1758236288
|switch|p1a: MeansToAnEnd|Smeargle, F, shiny|100/100|[from] Flip Turn
|
|-heal|p2a: Heatran|80/100|[from] item: Leftovers
|upkeep
|turn|7
|
|t:|1758236297
|move|p1a: MeansToAnEnd|Sticky Web|p2a: Heatran
|-sidestart|p2: Deasonator|move: Sticky Web
|move|p2a: Heatran|Magma Storm|p1a: MeansToAnEnd|[miss]
|-miss|p2a: Heatran|p1a: MeansToAnEnd
|
|-heal|p2a: Heatran|87/100|[from] item: Leftovers
|upkeep
|turn|8
|
|t:|1758236304
|move|p1a: MeansToAnEnd|Court Change|p1a: MeansToAnEnd
|-swapsideconditions
|-activate|p1a: MeansToAnEnd|move: Court Change
|move|p2a: Heatran|Stealth Rock|p1a: MeansToAnEnd
|-sidestart|p1: Mossful|move: Stealth Rock
|
|-heal|p2a: Heatran|93/100|[from] item: Leftovers
|upkeep
|turn|9
|
|t:|1758236312
|move|p1a: MeansToAnEnd|Sticky Web|p2a: Heatran
|-sidestart|p2: Deasonator|move: Sticky Web
|move|p2a: Heatran|Magma Storm|p1a: MeansToAnEnd
|-damage|p1a: MeansToAnEnd|10/100
|-activate|p1a: MeansToAnEnd|move: Magma Storm|[of] p2a: Heatran
|
|-heal|p2a: Heatran|99/100|[from] item: Leftovers
|-damage|p1a: MeansToAnEnd|0 fnt|[from] move: Magma Storm|[partiallytrapped]
|faint|p1a: MeansToAnEnd
|upkeep
|
|t:|1758236316
|switch|p1a: Kanata Shinkai|Empoleon, M, shiny|74/100
|-activate|p1a: Kanata Shinkai|move: Sticky Web
|-unboost|p1a: Kanata Shinkai|spe|1
|-ability|p1a: Kanata Shinkai|Competitive|boost
|-boost|p1a: Kanata Shinkai|spa|2
|-damage|p1a: Kanata Shinkai|67/100|[from] Stealth Rock
|turn|10
|
|t:|1758236325
|move|p2a: Heatran|Magma Storm|p1a: Kanata Shinkai
|-damage|p1a: Kanata Shinkai|42/100
|-activate|p1a: Kanata Shinkai|move: Magma Storm|[of] p2a: Heatran
|move|p1a: Kanata Shinkai|Surf|p2a: Heatran
|-supereffective|p2a: Heatran
|-damage|p2a: Heatran|0 fnt
|faint|p2a: Heatran
|
|-end|p1a: Kanata Shinkai|Magma Storm|[partiallytrapped]|[silent]
|upkeep
|
|t:|1758236334
|switch|p2a: Keldeo|Keldeo-Resolute|20/100
|-activate|p2a: Keldeo|move: Sticky Web
|-unboost|p2a: Keldeo|spe|1
|turn|11
|
|t:|1758236343
|move|p2a: Keldeo|Secret Sword|p1a: Kanata Shinkai
|-supereffective|p1a: Kanata Shinkai
|-damage|p1a: Kanata Shinkai|0 fnt
|faint|p1a: Kanata Shinkai
|
|upkeep
|
|t:|1758236346
|switch|p1a: My Friend|Malamar, M, shiny|100/100
|-activate|p1a: My Friend|move: Sticky Web
|-boost|p1a: My Friend|spe|1
|-damage|p1a: My Friend|88/100|[from] Stealth Rock
|turn|12
|
|t:|1758236369
|switch|p2a: Hydrapple|Hydrapple, F|100/100
|-activate|p2a: Hydrapple|move: Sticky Web
|-unboost|p2a: Hydrapple|spe|1
|move|p1a: My Friend|Superpower|p2a: Hydrapple
|-crit|p2a: Hydrapple
|-damage|p2a: Hydrapple|74/100
|-boost|p1a: My Friend|atk|1
|-boost|p1a: My Friend|def|1
|-damage|p1a: My Friend|72/100|[from] item: Rocky Helmet|[of] p2a: Hydrapple
|
|-heal|p1a: My Friend|78/100|[from] item: Leftovers
|upkeep
|turn|13
|
|t:|1758236384
|-terastallize|p2a: Hydrapple|Fairy
|move|p1a: My Friend|Superpower|p2a: Hydrapple
|-resisted|p2a: Hydrapple
|-damage|p2a: Hydrapple|60/100
|-boost|p1a: My Friend|atk|1
|-boost|p1a: My Friend|def|1
|-damage|p1a: My Friend|61/100|[from] item: Rocky Helmet|[of] p2a: Hydrapple
|move|p2a: Hydrapple|Fickle Beam|p1a: My Friend
|-damage|p1a: My Friend|15/100
|
|-heal|p1a: My Friend|21/100|[from] item: Leftovers
|upkeep
|turn|14
|
|t:|1758236395
|move|p1a: My Friend|Psycho Cut|p2a: Hydrapple
|-damage|p2a: Hydrapple|28/100
|move|p2a: Hydrapple|Giga Drain|p1a: My Friend
|-damage|p1a: My Friend|0 fnt
|-heal|p2a: Hydrapple|36/100|[from] drain|[of] p1a: My Friend
|faint|p1a: My Friend
|
|upkeep
|
|t:|1758236408
|switch|p1a: Old Head|Great Tusk|100/100
|-activate|p1a: Old Head|move: Sticky Web
|-unboost|p1a: Old Head|spe|1
|-damage|p1a: Old Head|98/100|[from] Stealth Rock
|turn|15
|
|t:|1758236417
|switch|p2a: Keldeo|Keldeo-Resolute|20/100
|-activate|p2a: Keldeo|move: Sticky Web
|-unboost|p2a: Keldeo|spe|1
|move|p1a: Old Head|Headlong Rush|p2a: Keldeo
|-damage|p2a: Keldeo|0 fnt
|-unboost|p1a: Old Head|def|1
|-unboost|p1a: Old Head|spd|1
|faint|p2a: Keldeo
|
|upkeep
|
|t:|1758236427
|switch|p2a: Hydrapple|Hydrapple, F, tera:Fairy|69/100
|-activate|p2a: Hydrapple|move: Sticky Web
|-unboost|p2a: Hydrapple|spe|1
|turn|16
|
|t:|1758236431
|move|p1a: Old Head|Headlong Rush|p2a: Hydrapple
|-damage|p2a: Hydrapple|33/100
|-unboost|p1a: Old Head|def|1
|-unboost|p1a: Old Head|spd|1
|-damage|p1a: Old Head|81/100|[from] item: Rocky Helmet|[of] p2a: Hydrapple
|move|p2a: Hydrapple|Giga Drain|p1a: Old Head
|-supereffective|p1a: Old Head
|-damage|p1a: Old Head|0 fnt
|-heal|p2a: Hydrapple|69/100|[from] drain|[of] p1a: Old Head
|faint|p1a: Old Head
|-end|p1a: Old Head|Protosynthesis|[silent]
|
|upkeep
|
|t:|1758236435
|switch|p1a: Mind Explode Ray|Comfey, F, shiny|100/100
|-activate|p1a: Mind Explode Ray|move: Sticky Web
|-unboost|p1a: Mind Explode Ray|spe|1
|-damage|p1a: Mind Explode Ray|88/100|[from] Stealth Rock
|turn|17
|
|t:|1758236446
|switch|p2a: Excadrill|Excadrill, M|100/100
|-item|p2a: Excadrill|Air Balloon
|move|p1a: Mind Explode Ray|Calm Mind|p1a: Mind Explode Ray
|-boost|p1a: Mind Explode Ray|spa|1
|-boost|p1a: Mind Explode Ray|spd|1
|
|-heal|p1a: Mind Explode Ray|94/100|[from] item: Leftovers
|upkeep
|turn|18
|
|t:|1758236456
|move|p2a: Excadrill|Iron Head|p1a: Mind Explode Ray
|-supereffective|p1a: Mind Explode Ray
|-damage|p1a: Mind Explode Ray|0 fnt
|faint|p1a: Mind Explode Ray
|
|upkeep
|
|t:|1758236459
|switch|p1a: Round Meal|Dragonite, M, shiny|100/100
|turn|19
|
|t:|1758236467
|move|p2a: Excadrill|Iron Head|p1a: Round Meal
|-damage|p1a: Round Meal|74/100
|move|p1a: Round Meal|Dragon Dance|p1a: Round Meal
|-boost|p1a: Round Meal|atk|1
|-boost|p1a: Round Meal|spe|1
|
|upkeep
|turn|20
|
|t:|1758236489
|move|p1a: Round Meal|Fire Punch|p2a: Excadrill
|-supereffective|p2a: Excadrill
|-damage|p2a: Excadrill|0 fnt
|-enditem|p2a: Excadrill|Air Balloon
|faint|p2a: Excadrill
|
|upkeep
|
|t:|1758236495
|switch|p2a: Hydrapple|Hydrapple, F, tera:Fairy|100/100
|-activate|p2a: Hydrapple|move: Sticky Web
|-unboost|p2a: Hydrapple|spe|1
|turn|21
|
|t:|1758236509
|-terastallize|p1a: Round Meal|Normal
|move|p1a: Round Meal|Extreme Speed|p2a: Hydrapple
|-damage|p2a: Hydrapple|62/100
|-damage|p1a: Round Meal|58/100|[from] item: Rocky Helmet|[of] p2a: Hydrapple
|move|p2a: Hydrapple|Fickle Beam|p1a: Round Meal
|-damage|p1a: Round Meal|25/100
|
|upkeep
|turn|22
|
|t:|1758236517
|move|p1a: Round Meal|Extreme Speed|p2a: Hydrapple
|-damage|p2a: Hydrapple|22/100
|-damage|p1a: Round Meal|9/100|[from] item: Rocky Helmet|[of] p2a: Hydrapple
|move|p2a: Hydrapple|Fickle Beam|p1a: Round Meal
|-damage|p1a: Round Meal|0 fnt
|faint|p1a: Round Meal
|
|win|Deasonator
|raw|Mossful's rating: 1541 &rarr; <strong>1525</strong><br />(-16 for losing)
|raw|Deasonator's rating: 1611 &rarr; <strong>1627</strong><br />(+16 for winning)
|l|☆Mossful
|player|p1|
|l|☆Deasonator
|player|p2|
