|j|☆mudkip76lol
|j|☆jslo32193
|t:|1758312154
|gametype|singles
|player|p1|mudkip76lol|clair|1176
|player|p2|jslo32193|lance|1180
|gen|9
|tier|[Gen 9] OU
|rated|
|rule|HP Percentage Mod: HP is shown in percentages
|rule|Endless Battle Clause: Forcing endless battles is banned
|rule|Species Clause: Limit one of each Pokémon
|rule|OHKO Clause: OHKO moves are banned
|rule|Evasion Items Clause: Evasion items are banned
|rule|Evasion Moves Clause: Evasion moves are banned
|rule|Evasion Abilities Clause: Evasion abilities are banned
|rule|Sleep Moves Clause: Sleep-inducing moves are banned
|clearpoke
|poke|p1|Blaziken, M|
|poke|p1|Torkoal, M|
|poke|p1|Raging Bolt|
|poke|p1|Walking Wake|
|poke|p1|Slowking-Galar, F|
|poke|p1|Golurk|
|poke|p2|Dragonite, F|
|poke|p2|Articuno|
|poke|p2|Forretress, M|
|poke|p2|Greninja-*, M|
|poke|p2|Zapdos|
|poke|p2|Blaziken, M|
|teampreview
|inactive|Battle timer is ON: inactive players will automatically lose when time's up. (requested by mudkip76lol)
|
|t:|1758312168
|teamsize|p1|6
|teamsize|p2|6
|start
|switch|p1a: Torkoal|Torkoal, M|100/100
|switch|p2a: Greninja|Greninja, M|100/100
|-weather|SunnyDay|[from] ability: Drought|[of] p1a: Torkoal
|turn|1
|
|t:|1758312180
|move|p2a: Greninja|Dark Pulse|p1a: Torkoal
|-damage|p1a: Torkoal|34/100
|-damage|p2a: Greninja|91/100|[from] item: Life Orb
|move|p1a: Torkoal|Stealth Rock|p2a: Greninja
|-sidestart|p2: jslo32193|move: Stealth Rock
|
|-weather|SunnyDay|[upkeep]
|upkeep
|turn|2
|
|t:|1758312188
|move|p2a: Greninja|Surf|p1a: Torkoal
|-supereffective|p1a: Torkoal
|-damage|p1a: Torkoal|0 fnt
|faint|p1a: Torkoal
|-ability|p2a: Greninja|Battle Bond|boost
|-boost|p2a: Greninja|atk|1
|-boost|p2a: Greninja|spa|1
|-boost|p2a: Greninja|spe|1
|-activate|p2a: Greninja|ability: Battle Bond
|-damage|p2a: Greninja|81/100|[from] item: Life Orb
|
|-weather|SunnyDay|[upkeep]
|upkeep
|
|t:|1758312199
|switch|p1a: Walking Wake|Walking Wake|100/100
|-activate|p1a: Walking Wake|ability: Protosynthesis
|-start|p1a: Walking Wake|protosynthesisspa
|turn|3
|
|t:|1758312207
|move|p2a: Greninja|Ice Beam|p1a: Walking Wake
|-damage|p1a: Walking Wake|43/100
|-damage|p2a: Greninja|71/100|[from] item: Life Orb
|move|p1a: Walking Wake|Agility|p1a: Walking Wake
|-boost|p1a: Walking Wake|spe|2
|
|-weather|SunnyDay|[upkeep]
|-heal|p1a: Walking Wake|49/100|[from] item: Leftovers
|upkeep
|turn|4
|
|t:|1758312222
|move|p1a: Walking Wake|Dragon Pulse|p2a: Greninja
|-damage|p2a: Greninja|0 fnt
|faint|p2a: Greninja
|
|-weather|SunnyDay|[upkeep]
|-heal|p1a: Walking Wake|56/100|[from] item: Leftovers
|upkeep
|
|t:|1758312228
|switch|p2a: Forretress|Forretress, M|100/100
|-damage|p2a: Forretress|88/100|[from] Stealth Rock
|turn|5
|
|t:|1758312232
|move|p1a: Walking Wake|Weather Ball|p2a: Forretress
|-supereffective|p2a: Forretress
|-damage|p2a: Forretress|0 fnt
|faint|p2a: Forretress
|
|-weather|none
|-end|p1a: Walking Wake|Protosynthesis
|-heal|p1a: Walking Wake|62/100|[from] item: Leftovers
|upkeep
|
|t:|1758312243
|switch|p2a: Luke|Dragonite, F, shiny|100/100
|-damage|p2a: Luke|76/100|[from] Stealth Rock
|turn|6
|
|t:|1758312250
|-terastallize|p2a: Luke|Normal
|move|p1a: Walking Wake|Dragon Pulse|p2a: Luke
|-crit|p2a: Luke
|-damage|p2a: Luke|18/100
|move|p2a: Luke|Dragon Dance|p2a: Luke
|-boost|p2a: Luke|atk|1
|-boost|p2a: Luke|spe|1
|
|-heal|p1a: Walking Wake|68/100|[from] item: Leftovers
|-heal|p2a: Luke|24/100|[from] item: Leftovers
|upkeep
|turn|7
|
|t:|1758312259
|move|p2a: Luke|Extreme Speed|p1a: Walking Wake
|-damage|p1a: Walking Wake|0 fnt
|faint|p1a: Walking Wake
|-end|p1a: Walking Wake|Protosynthesis|[silent]
|
|-heal|p2a: Luke|31/100|[from] item: Leftovers
|upkeep
|
|t:|1758312265
|switch|p1a: Golurk|Golurk|100/100
|turn|8
|
|t:|1758312279
|move|p2a: Luke|Dragon Claw|p1a: Golurk
|-damage|p1a: Golurk|21/100
|move|p1a: Golurk|Dynamic Punch|p2a: Luke
|-supereffective|p2a: Luke
|-damage|p2a: Luke|0 fnt
|faint|p2a: Luke
|
|upkeep
|
|t:|1758312289
|switch|p2a: Zapdos|Zapdos, shiny|100/100
|-damage|p2a: Zapdos|76/100|[from] Stealth Rock
|turn|9
|
|t:|1758312294
|switch|p1a: Slowking|Slowking-Galar, F|100/100
|move|p2a: Zapdos|Heat Wave|p1a: Slowking
|-damage|p1a: Slowking|74/100
|
|-heal|p2a: Zapdos|82/100|[from] item: Leftovers
|-heal|p1a: Slowking|80/100|[from] item: Black Sludge
|upkeep
|turn|10
|
|t:|1758312307
|move|p2a: Zapdos|Thunderbolt|p1a: Slowking
|-damage|p1a: Slowking|43/100
|move|p1a: Slowking|Trick|p2a: Zapdos
|-activate|p1a: Slowking|move: Trick|[of] p2a: Zapdos
|-item|p2a: Zapdos|Black Sludge|[from] move: Trick
|-item|p1a: Slowking|Leftovers|[from] move: Trick
|
|-damage|p2a: Zapdos|69/100|[from] item: Black Sludge
|-heal|p1a: Slowking|49/100|[from] item: Leftovers
|upkeep
|turn|11
|
|t:|1758312315
|switch|p1a: Golurk|Golurk|21/100
|move|p2a: Zapdos|Thunderbolt|p1a: Golurk
|-immune|p1a: Golurk
|
|-damage|p2a: Zapdos|57/100|[from] item: Black Sludge
|upkeep
|turn|12
|
|t:|1758312327
|switch|p1a: Slowking|Slowking-Galar, F|83/100
|move|p2a: Zapdos|Roost|p2a: Zapdos
|-heal|p2a: Zapdos|100/100
|-singleturn|p2a: Zapdos|move: Roost
|
|-damage|p2a: Zapdos|88/100|[from] item: Black Sludge
|-heal|p1a: Slowking|89/100|[from] item: Leftovers
|upkeep
|turn|13
|
|t:|1758312337
|move|p2a: Zapdos|Volt Switch|p1a: Slowking
|-crit|p1a: Slowking
|-damage|p1a: Slowking|50/100
|
|t:|1758312341
|switch|p2a: Articuno|Articuno|100/100|[from] Volt Switch
|-damage|p2a: Articuno|50/100|[from] Stealth Rock
|-ability|p2a: Articuno|Pressure
|move|p1a: Slowking|Future Sight|p2a: Articuno
|-start|p1a: Slowking|move: Future Sight
|
|-heal|p2a: Articuno|57/100|[from] item: Leftovers
|-heal|p1a: Slowking|56/100|[from] item: Leftovers
|upkeep
|turn|14
|
|t:|1758312349
|switch|p1a: Blaziken|Blaziken, M|100/100
|move|p2a: Articuno|Roost|p2a: Articuno
|-heal|p2a: Articuno|100/100
|-singleturn|p2a: Articuno|move: Roost
|
|upkeep
|turn|15
|
|t:|1758312358
|move|p1a: Blaziken|Swords Dance|p1a: Blaziken
|-boost|p1a: Blaziken|atk|2
|move|p2a: Articuno|Roar|p1a: Blaziken
|drag|p1a: Raging Bolt|Raging Bolt|100/100
|-item|p1a: Raging Bolt|Air Balloon
|
|-end|p2a: Articuno|move: Future Sight
|-damage|p2a: Articuno|66/100
|-heal|p2a: Articuno|72/100|[from] item: Leftovers
|upkeep
|turn|16
|
|t:|1758312370
|move|p2a: Articuno|Ice Beam|p1a: Raging Bolt
|-supereffective|p1a: Raging Bolt
|-damage|p1a: Raging Bolt|54/100
|-enditem|p1a: Raging Bolt|Air Balloon
|move|p1a: Raging Bolt|Thunderbolt|p2a: Articuno
|-supereffective|p2a: Articuno
|-damage|p2a: Articuno|17/100
|
|-heal|p2a: Articuno|24/100|[from] item: Leftovers
|upkeep
|turn|17
|
|t:|1758312378
|move|p1a: Raging Bolt|Thunderclap||[still]
|-fail|p1a: Raging Bolt
|move|p2a: Articuno|Roost|p2a: Articuno
|-heal|p2a: Articuno|74/100
|-singleturn|p2a: Articuno|move: Roost
|
|-heal|p2a: Articuno|80/100|[from] item: Leftovers
|upkeep
|turn|18
|
|t:|1758312386
|-terastallize|p1a: Raging Bolt|Electric
|move|p2a: Articuno|Ice Beam|p1a: Raging Bolt
|-damage|p1a: Raging Bolt|28/100
|move|p1a: Raging Bolt|Calm Mind|p1a: Raging Bolt
|-boost|p1a: Raging Bolt|spa|1
|-boost|p1a: Raging Bolt|spd|1
|
|-heal|p2a: Articuno|86/100|[from] item: Leftovers
|upkeep
|turn|19
|
|t:|1758312398
|move|p1a: Raging Bolt|Thunderbolt|p2a: Articuno
|-supereffective|p2a: Articuno
|-damage|p2a: Articuno|0 fnt
|faint|p2a: Articuno
|
|upkeep
|
|t:|1758312404
|switch|p2a: Zapdos|Zapdos, shiny|88/100
|-damage|p2a: Zapdos|63/100|[from] Stealth Rock
|turn|20
|
|t:|1758312417
|move|p1a: Raging Bolt|Thunderclap|p2a: Zapdos
|-damage|p2a: Zapdos|0 fnt
|faint|p2a: Zapdos
|
|upkeep
|
|t:|1758312420
|switch|p2a: Blaziken|Blaziken, M, shiny|100/100
|-damage|p2a: Blaziken|88/100|[from] Stealth Rock
|turn|21
|
|t:|1758312428
|move|p2a: Blaziken|Close Combat|p1a: Raging Bolt
|-damage|p1a: Raging Bolt|0 fnt
|-unboost|p2a: Blaziken|def|1
|-unboost|p2a: Blaziken|spd|1
|faint|p1a: Raging Bolt
|-end|p1a: Raging Bolt|Protosynthesis|[silent]
|
|-heal|p2a: Blaziken|94/100|[from] item: Leftovers
|-ability|p2a: Blaziken|Speed Boost|boost
|-boost|p2a: Blaziken|spe|1
|upkeep
|
|t:|1758312434
|switch|p1a: Slowking|Slowking-Galar, F|89/100
|turn|22
|
|t:|1758312444
|move|p2a: Blaziken|Knock Off|p1a: Slowking
|-supereffective|p1a: Slowking
|-damage|p1a: Slowking|10/100
|-enditem|p1a: Slowking|Leftovers|[from] move: Knock Off|[of] p2a: Blaziken
|move|p1a: Slowking|Future Sight|p2a: Blaziken
|-start|p1a: Slowking|move: Future Sight
|
|-heal|p2a: Blaziken|99/100|[from] item: Leftovers
|-ability|p2a: Blaziken|Speed Boost|boost
|-boost|p2a: Blaziken|spe|1
|upkeep
|turn|23
|
|t:|1758312461
|move|p2a: Blaziken|Swords Dance|p2a: Blaziken
|-boost|p2a: Blaziken|atk|2
|move|p1a: Slowking|Sludge Bomb|p2a: Blaziken
|-damage|p2a: Blaziken|0 fnt
|faint|p2a: Blaziken
|
|win|mudkip76lol
|raw|mudkip76lol's rating: 1176 &rarr; <strong>1201</strong><br />(+25 for winning)
|raw|jslo32193's rating: 1180 &rarr; <strong>1155</strong><br />(-25 for losing)
|l|☆mudkip76lol
|player|p1|
|l|☆jslo32193
|player|p2|
