|j|☆kulaanmey v.5
|j|☆minunzz
|t:|1758315860
|gametype|singles
|player|p1|kulaanmey v.5|sage|1327
|player|p2|minunzz|101|1315
|gen|9
|tier|[Gen 9] OU
|rated|
|rule|HP Percentage Mod: HP is shown in percentages
|rule|Endless Battle Clause: Forcing endless battles is banned
|rule|Species Clause: Limit one of each Pokémon
|rule|OHKO Clause: OHKO moves are banned
|rule|Evasion Items Clause: Evasion items are banned
|rule|Evasion Moves Clause: Evasion moves are banned
|rule|Evasion Abilities Clause: Evasion abilities are banned
|rule|Sleep Moves Clause: Sleep-inducing moves are banned
|clearpoke
|poke|p1|Rillaboom, M|
|poke|p1|Iron Hands|
|poke|p1|Arboliva, F|
|poke|p1|Moltres|
|poke|p1|Persian-Alola, M|
|poke|p1|Garchomp, M|
|poke|p2|Toxapex, F|
|poke|p2|Blissey, F|
|poke|p2|Tornadus-Therian, M|
|poke|p2|Corviknight, M|
|poke|p2|Ting-Lu|
|poke|p2|Skeledirge, F|
|teampreview
|
|t:|1758315880
|teamsize|p1|6
|teamsize|p2|6
|start
|switch|p1a: Persian|Persian-Alola, M|100/100
|switch|p2a: Toxapex|Toxapex, F, shiny|100/100
|turn|1
|
|t:|1758315895
|move|p1a: Persian|Taunt|p2a: Toxapex
|-start|p2a: Toxapex|move: Taunt
|cant|p2a: Toxapex|move: Taunt|Toxic
|
|upkeep
|turn|2
|
|t:|1758315901
|move|p1a: Persian|Thunder Wave|p2a: Toxapex
|-status|p2a: Toxapex|par
|move|p2a: Toxapex|Liquidation|p1a: Persian
|-damage|p1a: Persian|88/100
|-damage|p2a: Toxapex|84/100 par|[from] item: Rocky Helmet|[of] p1a: Persian
|
|upkeep
|turn|3
|
|t:|1758315912
|move|p1a: Persian|Foul Play|p2a: Toxapex
|-damage|p2a: Toxapex|71/100 par
|move|p2a: Toxapex|Liquidation|p1a: Persian
|-damage|p1a: Persian|75/100
|-damage|p2a: Toxapex|54/100 par|[from] item: Rocky Helmet|[of] p1a: Persian
|
|-end|p2a: Toxapex|move: Taunt
|upkeep
|turn|4
|
|t:|1758315918
|switch|p2a: Corviknight|Corviknight, M|100/100
|-ability|p2a: Corviknight|Pressure
|move|p1a: Persian|Taunt|p2a: Corviknight
|-start|p2a: Corviknight|move: Taunt
|
|upkeep
|turn|5
|
|t:|1758315925
|switch|p2a: Toxapex|Toxapex, F, shiny|88/100 par
|move|p1a: Persian|Thunder Wave|p2a: Toxapex
|-fail|p2a: Toxapex|par
|
|upkeep
|turn|6
|
|t:|1758315932
|switch|p2a: Corviknight|Corviknight, M|100/100
|-ability|p2a: Corviknight|Pressure
|move|p1a: Persian|Taunt|p2a: Corviknight
|-start|p2a: Corviknight|move: Taunt
|
|upkeep
|turn|7
|
|t:|1758315939
|switch|p2a: Toxapex|Toxapex, F, shiny|100/100 par
|move|p1a: Persian|Parting Shot|p2a: Toxapex
|-unboost|p2a: Toxapex|atk|1
|-unboost|p2a: Toxapex|spa|1
|
|t:|1758315952
|switch|p1a: Iron Hands|Iron Hands|100/100|[from] Parting Shot
|
|upkeep
|turn|8
|
|t:|1758315968
|-terastallize|p1a: Iron Hands|Steel
|-terastallize|p2a: Toxapex|Grass
|move|p1a: Iron Hands|Charge|p1a: Iron Hands
|-boost|p1a: Iron Hands|spd|1
|-start|p1a: Iron Hands|Charge
|cant|p2a: Toxapex|par
|
|upkeep
|turn|9
|c|☆minunzz|im scared lol
|inactive|Battle timer is ON: inactive players will automatically lose when time's up. (requested by kulaanmey v.5)
|
|t:|1758316008
|move|p1a: Iron Hands|Drain Punch|p2a: Toxapex
|-damage|p2a: Toxapex|79/100 par
|cant|p2a: Toxapex|par
|
|upkeep
|turn|10
|
|t:|1758316019
|move|p1a: Iron Hands|Drain Punch|p2a: Toxapex
|-damage|p2a: Toxapex|59/100 par
|move|p2a: Toxapex|Toxic Spikes|p1a: Iron Hands
|-sidestart|p1: kulaanmey v.5|move: Toxic Spikes
|
|upkeep
|turn|11
|
|t:|1758316028
|move|p1a: Iron Hands|Drain Punch|p2a: Toxapex
|-damage|p2a: Toxapex|35/100 par
|cant|p2a: Toxapex|par
|
|upkeep
|turn|12
|
|t:|1758316034
|move|p1a: Iron Hands|Drain Punch|p2a: Toxapex
|-damage|p2a: Toxapex|14/100 par
|move|p2a: Toxapex|Recover|p2a: Toxapex
|-heal|p2a: Toxapex|64/100 par
|
|upkeep
|turn|13
|
|t:|1758316045
|-end|p1a: Iron Hands|Quark Drive|[silent]
|switch|p1a: Moltres|Moltres|100/100
|move|p2a: Toxapex|Toxic Spikes|p1a: Moltres
|-sidestart|p1: kulaanmey v.5|move: Toxic Spikes
|
|upkeep
|turn|14
|
|t:|1758316051
|switch|p2a: Skeledirge|Skeledirge, F|100/100
|move|p1a: Moltres|Flamethrower|p2a: Skeledirge
|-resisted|p2a: Skeledirge
|-damage|p2a: Skeledirge|80/100
|
|upkeep
|turn|15
|
|t:|1758316056
|move|p1a: Moltres|Scorching Sands|p2a: Skeledirge
|-supereffective|p2a: Skeledirge
|-crit|p2a: Skeledirge
|-damage|p2a: Skeledirge|20/100
|move|p2a: Skeledirge|Torch Song|p1a: Moltres
|-resisted|p1a: Moltres
|-damage|p1a: Moltres|90/100
|-boost|p2a: Skeledirge|spa|1
|
|upkeep
|turn|16
|
|t:|1758316079
|switch|p2a: Blissey|Blissey, F|100/100
|move|p1a: Moltres|Scorching Sands|p2a: Blissey
|-damage|p2a: Blissey|95/100
|-status|p2a: Blissey|brn
|
|-damage|p2a: Blissey|89/100 brn|[from] brn
|upkeep
|turn|17
|
|t:|1758316087
|switch|p1a: Iron Hands|Iron Hands, tera:Steel|100/100
|move|p2a: Blissey|Seismic Toss|p1a: Iron Hands
|-damage|p1a: Iron Hands|81/100
|
|-heal|p1a: Iron Hands|87/100|[from] item: Leftovers
|-damage|p2a: Blissey|83/100 brn|[from] brn
|upkeep
|turn|18
|
|t:|1758316103
|-curestatus|p2a: Blissey|brn|[from] ability: Natural Cure
|switch|p2a: Skeledirge|Skeledirge, F|20/100
|move|p1a: Iron Hands|Charge|p1a: Iron Hands
|-boost|p1a: Iron Hands|spd|1
|-start|p1a: Iron Hands|Charge
|
|-heal|p1a: Iron Hands|93/100|[from] item: Leftovers
|upkeep
|turn|19
|
|t:|1758316108
|move|p2a: Skeledirge|Slack Off|p2a: Skeledirge
|-heal|p2a: Skeledirge|70/100
|move|p1a: Iron Hands|Thunder Punch|p2a: Skeledirge
|-damage|p2a: Skeledirge|26/100
|-end|p1a: Iron Hands|Charge|[silent]
|
|-heal|p1a: Iron Hands|99/100|[from] item: Leftovers
|upkeep
|turn|20
|
|t:|1758316114
|-end|p1a: Iron Hands|Quark Drive|[silent]
|switch|p1a: Moltres|Moltres|90/100
|move|p2a: Skeledirge|Slack Off|p2a: Skeledirge
|-heal|p2a: Skeledirge|76/100
|
|upkeep
|turn|21
|
|t:|1758316120
|switch|p2a: Blissey|Blissey, F|83/100
|move|p1a: Moltres|Scorching Sands|p2a: Blissey
|-damage|p2a: Blissey|76/100
|
|upkeep
|turn|22
|inactive|minunzz has 120 seconds left.
|
|t:|1758316157
|switch|p1a: Arboliva|Arboliva, F|100/100
|-status|p1a: Arboliva|tox
|move|p2a: Blissey|Seismic Toss|p1a: Arboliva
|-damage|p1a: Arboliva|70/100 tox
|-fieldstart|move: Grassy Terrain|[from] ability: Seed Sower|[of] p1a: Arboliva
|
|-heal|p2a: Blissey|82/100|[from] Grassy Terrain
|-heal|p1a: Arboliva|76/100 tox|[from] Grassy Terrain
|-damage|p1a: Arboliva|70/100 tox|[from] psn
|upkeep
|turn|23
|inactive|minunzz has 120 seconds left.
|inactive|kulaanmey v.5 has 120 seconds left.
|inactive|kulaanmey v.5 has 90 seconds left.
|inactive|kulaanmey v.5 has 60 seconds left.
|inactive|kulaanmey v.5 has 30 seconds left.
|inactive|kulaanmey v.5 has 20 seconds left.
|inactive|kulaanmey v.5 has 15 seconds left.
|inactive|kulaanmey v.5 has 10 seconds left.
|c|☆minunzz|timer
|inactive|kulaanmey v.5 has 5 seconds left.
|-message|kulaanmey v.5 lost due to inactivity.
|
|win|minunzz
|raw|kulaanmey v.5's rating: 1327 &rarr; <strong>1306</strong><br />(-21 for losing)
|raw|minunzz's rating: 1315 &rarr; <strong>1336</strong><br />(+21 for winning)
|l|☆kulaanmey v.5
|player|p1|
|l|☆minunzz
|player|p2|
