|j|☆Lonelyenders
|j|☆omgdas1
|t:|1758289938
|gametype|singles
|player|p1|Lonelyenders|acetrainer|1348
|player|p2|omgdas1|170|1297
|gen|9
|tier|[Gen 9] OU
|rated|
|rule|HP Percentage Mod: HP is shown in percentages
|rule|Endless Battle Clause: Forcing endless battles is banned
|rule|Species Clause: Limit one of each Pokémon
|rule|OHKO Clause: OHKO moves are banned
|rule|Evasion Items Clause: Evasion items are banned
|rule|Evasion Moves Clause: Evasion moves are banned
|rule|Evasion Abilities Clause: Evasion abilities are banned
|rule|Sleep Moves Clause: Sleep-inducing moves are banned
|clearpoke
|poke|p1|Great Tusk|
|poke|p1|Kingambit, F|
|poke|p1|Dragonite, M|
|poke|p1|Zapdos|
|poke|p1|Heatran, M|
|poke|p1|Primarina, F|
|poke|p2|Scream Tail|
|poke|p2|Torkoal, M|
|poke|p2|Walking Wake|
|poke|p2|Great Tusk|
|poke|p2|Raging Bolt|
|poke|p2|Ogerpon-Wellspring, F|
|teampreview
|inactive|Battle timer is ON: inactive players will automatically lose when time's up. (requested by Lonelyenders)
|
|t:|1758289954
|teamsize|p1|6
|teamsize|p2|6
|start
|switch|p1a: Primarina|Primarina, F|100/100
|switch|p2a: Torkoal|Torkoal, M|100/100
|-weather|SunnyDay|[from] ability: Drought|[of] p2a: Torkoal
|turn|1
|
|t:|1758289961
|move|p1a: Primarina|Surf|p2a: Torkoal
|-supereffective|p2a: Torkoal
|-damage|p2a: Torkoal|53/100
|move|p2a: Torkoal|Stealth Rock|p1a: Primarina
|-sidestart|p1: Lonelyenders|move: Stealth Rock
|
|-weather|SunnyDay|[upkeep]
|upkeep
|turn|2
|
|t:|1758289967
|move|p1a: Primarina|Moonblast|p2a: Torkoal
|-resisted|p2a: Torkoal
|-damage|p2a: Torkoal|30/100
|move|p2a: Torkoal|Clear Smog|p1a: Primarina
|-supereffective|p1a: Primarina
|-crit|p1a: Primarina
|-damage|p1a: Primarina|81/100
|-clearboost|p1a: Primarina
|
|-weather|SunnyDay|[upkeep]
|upkeep
|turn|3
|
|t:|1758289977
|switch|p2a: Ogerpon|Ogerpon-Wellspring, F|100/100
|move|p1a: Primarina|Surf|p2a: Ogerpon
|-immune|p2a: Ogerpon|[from] ability: Water Absorb
|
|-weather|SunnyDay|[upkeep]
|upkeep
|turn|4
|
|t:|1758289985
|switch|p1a: Zapdos|Zapdos, shiny|100/100
|move|p2a: Ogerpon|Horn Leech|p1a: Zapdos
|-resisted|p1a: Zapdos
|-damage|p1a: Zapdos|77/100
|-status|p2a: Ogerpon|par|[from] ability: Static|[of] p1a: Zapdos
|
|-weather|SunnyDay|[upkeep]
|upkeep
|turn|5
|
|t:|1758289994
|switch|p2a: Raging Bolt|Raging Bolt|100/100
|-activate|p2a: Raging Bolt|ability: Protosynthesis
|-start|p2a: Raging Bolt|protosynthesisspa
|move|p1a: Zapdos|Hurricane|p2a: Raging Bolt|[miss]
|-miss|p1a: Zapdos|p2a: Raging Bolt
|
|-weather|SunnyDay|[upkeep]
|upkeep
|turn|6
|
|t:|1758290004
|move|p1a: Zapdos|Volt Switch|p2a: Raging Bolt
|-resisted|p2a: Raging Bolt
|-damage|p2a: Raging Bolt|94/100
|
|t:|1758290011
|switch|p1a: Primarina|Primarina, F|81/100|[from] Volt Switch
|-damage|p1a: Primarina|69/100|[from] Stealth Rock
|move|p2a: Raging Bolt|Weather Ball|p1a: Primarina
|-resisted|p1a: Primarina
|-damage|p1a: Primarina|43/100
|
|-weather|SunnyDay|[upkeep]
|-heal|p2a: Raging Bolt|99/100|[from] item: Leftovers
|upkeep
|turn|7
|
|t:|1758290023
|-terastallize|p1a: Primarina|Steel
|move|p2a: Raging Bolt|Thunderclap|p1a: Primarina
|-damage|p1a: Primarina|11/100
|move|p1a: Primarina|Moonblast|p2a: Raging Bolt
|-supereffective|p2a: Raging Bolt
|-damage|p2a: Raging Bolt|2/100
|
|-weather|SunnyDay|[upkeep]
|-heal|p2a: Raging Bolt|8/100|[from] item: Leftovers
|upkeep
|turn|8
|
|t:|1758290035
|move|p2a: Raging Bolt|Weather Ball|p1a: Primarina
|-supereffective|p1a: Primarina
|-damage|p1a: Primarina|0 fnt
|faint|p1a: Primarina
|
|-weather|none
|-end|p2a: Raging Bolt|Protosynthesis
|-heal|p2a: Raging Bolt|15/100|[from] item: Leftovers
|upkeep
|
|t:|1758290037
|switch|p1a: Great Tusk|Great Tusk|100/100
|-damage|p1a: Great Tusk|98/100|[from] Stealth Rock
|turn|9
|
|t:|1758290045
|-end|p2a: Raging Bolt|Protosynthesis|[silent]
|switch|p2a: Torkoal|Torkoal, M|30/100
|-weather|SunnyDay|[from] ability: Drought|[of] p2a: Torkoal
|-activate|p1a: Great Tusk|ability: Protosynthesis
|-start|p1a: Great Tusk|protosynthesisspe
|move|p1a: Great Tusk|Headlong Rush|p2a: Torkoal
|-supereffective|p2a: Torkoal
|-damage|p2a: Torkoal|0 fnt
|-unboost|p1a: Great Tusk|def|1
|-unboost|p1a: Great Tusk|spd|1
|faint|p2a: Torkoal
|
|-weather|SunnyDay|[upkeep]
|-heal|p1a: Great Tusk|100/100|[from] item: Leftovers
|upkeep
|
|t:|1758290058
|switch|p2a: Walking Wake|Walking Wake|100/100
|-activate|p2a: Walking Wake|ability: Protosynthesis
|-start|p2a: Walking Wake|protosynthesisspe
|turn|10
|
|t:|1758290066
|-terastallize|p2a: Walking Wake|Water
|move|p2a: Walking Wake|Hydro Steam|p1a: Great Tusk
|-supereffective|p1a: Great Tusk
|-damage|p1a: Great Tusk|0 fnt
|faint|p1a: Great Tusk
|-end|p1a: Great Tusk|Protosynthesis|[silent]
|
|-weather|SunnyDay|[upkeep]
|upkeep
|
|t:|1758290075
|switch|p1a: Dragonite|Dragonite, M|100/100
|turn|11
|
|t:|1758290078
|move|p2a: Walking Wake|Hydro Steam|p1a: Dragonite
|-resisted|p1a: Dragonite
|-damage|p1a: Dragonite|69/100
|move|p1a: Dragonite|Dragon Dance|p1a: Dragonite
|-boost|p1a: Dragonite|atk|1
|-boost|p1a: Dragonite|spe|1
|
|-weather|SunnyDay|[upkeep]
|upkeep
|turn|12
|
|t:|1758290085
|move|p2a: Walking Wake|Hydro Steam|p1a: Dragonite
|-resisted|p1a: Dragonite
|-damage|p1a: Dragonite|7/100
|move|p1a: Dragonite|Earthquake|p2a: Walking Wake
|-damage|p2a: Walking Wake|41/100
|
|-weather|SunnyDay|[upkeep]
|upkeep
|turn|13
|
|t:|1758290092
|move|p1a: Dragonite|Extreme Speed|p2a: Walking Wake
|-damage|p2a: Walking Wake|0 fnt
|faint|p2a: Walking Wake
|-end|p2a: Walking Wake|Protosynthesis|[silent]
|
|-weather|SunnyDay|[upkeep]
|upkeep
|
|t:|1758290100
|switch|p2a: Raging Bolt|Raging Bolt|15/100
|-activate|p2a: Raging Bolt|ability: Protosynthesis
|-start|p2a: Raging Bolt|protosynthesisspa
|turn|14
|
|t:|1758290105
|move|p1a: Dragonite|Extreme Speed|p2a: Raging Bolt
|-damage|p2a: Raging Bolt|0 fnt
|faint|p2a: Raging Bolt
|-end|p2a: Raging Bolt|Protosynthesis|[silent]
|
|-weather|SunnyDay|[upkeep]
|upkeep
|
|t:|1758290112
|switch|p2a: Scream Tail|Scream Tail|100/100
|-activate|p2a: Scream Tail|ability: Protosynthesis
|-start|p2a: Scream Tail|protosynthesisspe
|turn|15
|
|t:|1758290118
|switch|p1a: Heatran|Heatran, M|100/100
|-damage|p1a: Heatran|88/100|[from] Stealth Rock
|move|p2a: Scream Tail|Dazzling Gleam|p1a: Heatran
|-resisted|p1a: Heatran
|-damage|p1a: Heatran|85/100
|
|-weather|SunnyDay|[upkeep]
|-heal|p1a: Heatran|91/100|[from] item: Leftovers
|upkeep
|turn|16
|
|t:|1758290128
|-end|p2a: Scream Tail|Protosynthesis|[silent]
|switch|p2a: Great Tusk|Great Tusk|100/100
|-activate|p2a: Great Tusk|ability: Protosynthesis
|-start|p2a: Great Tusk|protosynthesisspe
|move|p1a: Heatran|Will-O-Wisp|p2a: Great Tusk|[miss]
|-miss|p1a: Heatran|p2a: Great Tusk
|
|-weather|none
|-end|p2a: Great Tusk|Protosynthesis
|-heal|p1a: Heatran|97/100|[from] item: Leftovers
|upkeep
|turn|17
|
|t:|1758290137
|switch|p1a: Zapdos|Zapdos, shiny|77/100
|move|p2a: Great Tusk|Headlong Rush|p1a: Zapdos
|-immune|p1a: Zapdos
|
|upkeep
|turn|18
|
|t:|1758290144
|-end|p2a: Great Tusk|Protosynthesis|[silent]
|switch|p2a: Scream Tail|Scream Tail|100/100
|move|p1a: Zapdos|Hurricane|p2a: Scream Tail
|-damage|p2a: Scream Tail|64/100
|
|-heal|p2a: Scream Tail|70/100|[from] item: Leftovers
|upkeep
|turn|19
|
|t:|1758290152
|move|p2a: Scream Tail|Wish|p2a: Scream Tail
|move|p1a: Zapdos|Volt Switch|p2a: Scream Tail
|-damage|p2a: Scream Tail|48/100
|
|t:|1758290154
|switch|p1a: Dragonite|Dragonite, M|7/100|[from] Volt Switch
|
|-heal|p2a: Scream Tail|54/100|[from] item: Leftovers
|upkeep
|turn|20
|
|t:|1758290161
|switch|p1a: Heatran|Heatran, M|97/100
|-damage|p1a: Heatran|85/100|[from] Stealth Rock
|move|p2a: Scream Tail|Dazzling Gleam|p1a: Heatran
|-resisted|p1a: Heatran
|-damage|p1a: Heatran|82/100
|
|-heal|p2a: Scream Tail|100/100|[from] move: Wish|[wisher] Scream Tail
|-heal|p1a: Heatran|88/100|[from] item: Leftovers
|upkeep
|turn|21
|
|t:|1758290172
|-end|p2a: Scream Tail|Protosynthesis|[silent]
|switch|p2a: Great Tusk|Great Tusk|100/100
|move|p1a: Heatran|Will-O-Wisp|p2a: Great Tusk
|-status|p2a: Great Tusk|brn
|
|-heal|p1a: Heatran|94/100|[from] item: Leftovers
|-damage|p2a: Great Tusk|94/100 brn|[from] brn
|upkeep
|turn|22
|
|t:|1758290181
|switch|p1a: Zapdos|Zapdos, shiny|77/100
|move|p2a: Great Tusk|Close Combat|p1a: Zapdos
|-resisted|p1a: Zapdos
|-damage|p1a: Zapdos|64/100
|-unboost|p2a: Great Tusk|def|1
|-unboost|p2a: Great Tusk|spd|1
|
|-damage|p2a: Great Tusk|88/100 brn|[from] brn
|upkeep
|turn|23
|
|t:|1758290190
|-end|p2a: Great Tusk|Protosynthesis|[silent]
|switch|p2a: Scream Tail|Scream Tail|100/100
|move|p1a: Zapdos|Hurricane|p2a: Scream Tail
|-damage|p2a: Scream Tail|63/100
|
|-heal|p2a: Scream Tail|69/100|[from] item: Leftovers
|upkeep
|turn|24
|
|t:|1758290198
|move|p2a: Scream Tail|Dazzling Gleam|p1a: Zapdos
|-damage|p1a: Zapdos|40/100
|move|p1a: Zapdos|Discharge|p2a: Scream Tail
|-damage|p2a: Scream Tail|44/100
|
|-heal|p2a: Scream Tail|50/100|[from] item: Leftovers
|upkeep
|turn|25
|
|t:|1758290205
|move|p2a: Scream Tail|Wish|p2a: Scream Tail
|move|p1a: Zapdos|Roost|p1a: Zapdos
|-heal|p1a: Zapdos|90/100
|-singleturn|p1a: Zapdos|move: Roost
|
|-heal|p2a: Scream Tail|56/100|[from] item: Leftovers
|upkeep
|turn|26
|
|t:|1758290213
|move|p2a: Scream Tail|Encore|p1a: Zapdos
|-start|p1a: Zapdos|Encore
|move|p1a: Zapdos|Roost|p1a: Zapdos
|-heal|p1a: Zapdos|100/100
|-singleturn|p1a: Zapdos|move: Roost
|
|-heal|p2a: Scream Tail|100/100|[from] move: Wish|[wisher] Scream Tail
|upkeep
|turn|27
|
|t:|1758290224
|switch|p1a: Heatran|Heatran, M|94/100
|-damage|p1a: Heatran|82/100|[from] Stealth Rock
|move|p2a: Scream Tail|Calm Mind|p2a: Scream Tail
|-boost|p2a: Scream Tail|spa|1
|-boost|p2a: Scream Tail|spd|1
|
|-heal|p1a: Heatran|88/100|[from] item: Leftovers
|upkeep
|turn|28
|
|t:|1758290232
|-end|p2a: Scream Tail|Protosynthesis|[silent]
|switch|p2a: Great Tusk|Great Tusk|88/100 brn
|move|p1a: Heatran|Magma Storm|p2a: Great Tusk
|-damage|p2a: Great Tusk|46/100 brn
|-activate|p2a: Great Tusk|move: Magma Storm|[of] p1a: Heatran
|
|-heal|p1a: Heatran|94/100|[from] item: Leftovers
|-damage|p2a: Great Tusk|40/100 brn|[from] brn
|-damage|p2a: Great Tusk|27/100 brn|[from] move: Magma Storm|[partiallytrapped]
|upkeep
|turn|29
|
|t:|1758290241
|switch|p1a: Zapdos|Zapdos, shiny|100/100
|move|p2a: Great Tusk|Headlong Rush|p1a: Zapdos
|-immune|p1a: Zapdos
|
|-damage|p2a: Great Tusk|21/100 brn|[from] brn
|-end|p2a: Great Tusk|Magma Storm|[partiallytrapped]|[silent]
|upkeep
|turn|30
|
|t:|1758290250
|-end|p2a: Great Tusk|Protosynthesis|[silent]
|switch|p2a: Scream Tail|Scream Tail|100/100
|move|p1a: Zapdos|Hurricane|p2a: Scream Tail|[miss]
|-miss|p1a: Zapdos|p2a: Scream Tail
|
|upkeep
|turn|31
|
|t:|1758290256
|move|p2a: Scream Tail|Wish|p2a: Scream Tail
|move|p1a: Zapdos|Discharge|p2a: Scream Tail
|-damage|p2a: Scream Tail|77/100
|
|-heal|p2a: Scream Tail|83/100|[from] item: Leftovers
|upkeep
|turn|32
|
|t:|1758290262
|-end|p2a: Scream Tail|Protosynthesis|[silent]
|switch|p2a: Great Tusk|Great Tusk|21/100 brn
|move|p1a: Zapdos|Discharge|p2a: Great Tusk
|-immune|p2a: Great Tusk
|
|-heal|p2a: Great Tusk|79/100 brn|[from] move: Wish|[wisher] Scream Tail
|-damage|p2a: Great Tusk|73/100 brn|[from] brn
|upkeep
|turn|33
|
|t:|1758290272
|-end|p2a: Great Tusk|Protosynthesis|[silent]
|switch|p2a: Scream Tail|Scream Tail|83/100
|move|p1a: Zapdos|Hurricane|p2a: Scream Tail
|-damage|p2a: Scream Tail|49/100
|
|-heal|p2a: Scream Tail|55/100|[from] item: Leftovers
|upkeep
|turn|34
|
|t:|1758290280
|move|p2a: Scream Tail|Wish|p2a: Scream Tail
|move|p1a: Zapdos|Discharge|p2a: Scream Tail
|-damage|p2a: Scream Tail|30/100
|
|-heal|p2a: Scream Tail|36/100|[from] item: Leftovers
|upkeep
|turn|35
|
|t:|1758290290
|move|p2a: Scream Tail|Encore|p1a: Zapdos
|-start|p1a: Zapdos|Encore
|move|p1a: Zapdos|Discharge|p2a: Scream Tail
|-damage|p2a: Scream Tail|12/100
|
|-heal|p2a: Scream Tail|62/100|[from] move: Wish|[wisher] Scream Tail
|-heal|p2a: Scream Tail|68/100|[from] item: Leftovers
|upkeep
|turn|36
|
|t:|1758290300
|move|p2a: Scream Tail|Wish|p2a: Scream Tail
|move|p1a: Zapdos|Discharge|p2a: Scream Tail
|-damage|p2a: Scream Tail|45/100
|-status|p2a: Scream Tail|par
|
|-heal|p2a: Scream Tail|51/100 par|[from] item: Leftovers
|upkeep
|turn|37
|
|t:|1758290309
|switch|p1a: Heatran|Heatran, M|94/100
|-damage|p1a: Heatran|82/100|[from] Stealth Rock
|move|p2a: Scream Tail|Dazzling Gleam|p1a: Heatran
|-resisted|p1a: Heatran
|-damage|p1a: Heatran|78/100
|
|-heal|p2a: Scream Tail|100/100 par|[from] move: Wish|[wisher] Scream Tail
|-heal|p1a: Heatran|84/100|[from] item: Leftovers
|upkeep
|turn|38
|
|t:|1758290321
|move|p1a: Heatran|Magma Storm|p2a: Scream Tail
|-damage|p2a: Scream Tail|71/100 par
|-activate|p2a: Scream Tail|move: Magma Storm|[of] p1a: Heatran
|move|p2a: Scream Tail|Encore|p1a: Heatran
|-start|p1a: Heatran|Encore
|
|-heal|p1a: Heatran|91/100|[from] item: Leftovers
|-heal|p2a: Scream Tail|77/100 par|[from] item: Leftovers
|-damage|p2a: Scream Tail|65/100 par|[from] move: Magma Storm|[partiallytrapped]
|upkeep
|turn|39
|
|t:|1758290330
|switch|p1a: Kingambit|Kingambit, F|100/100
|-damage|p1a: Kingambit|94/100|[from] Stealth Rock
|-activate|p1a: Kingambit|ability: Supreme Overlord
|-start|p1a: Kingambit|fallen2|[silent]
|-item|p1a: Kingambit|Air Balloon
|move|p2a: Scream Tail|Wish|p2a: Scream Tail
|
|-heal|p2a: Scream Tail|71/100 par|[from] item: Leftovers
|-end|p2a: Scream Tail|Magma Storm|[partiallytrapped]|[silent]
|upkeep
|turn|40
|
|t:|1758290340
|move|p1a: Kingambit|Iron Head|p2a: Scream Tail
|-supereffective|p2a: Scream Tail
|-damage|p2a: Scream Tail|0 fnt
|faint|p2a: Scream Tail
|-end|p2a: Scream Tail|Protosynthesis|[silent]
|
|upkeep
|
|t:|1758290345
|switch|p2a: Great Tusk|Great Tusk|73/100 brn
|turn|41
|
|t:|1758290350
|move|p2a: Great Tusk|Temper Flare|p1a: Kingambit
|-supereffective|p1a: Kingambit
|-damage|p1a: Kingambit|74/100
|-enditem|p1a: Kingambit|Air Balloon
|move|p1a: Kingambit|Iron Head|p2a: Great Tusk
|-damage|p2a: Great Tusk|37/100 brn
|
|-damage|p2a: Great Tusk|31/100 brn|[from] brn
|upkeep
|turn|42
|
|t:|1758290359
|-end|p1a: Kingambit|fallen2|[silent]
|switch|p1a: Zapdos|Zapdos, shiny|100/100
|move|p2a: Great Tusk|Temper Flare|p1a: Zapdos
|-damage|p1a: Zapdos|90/100
|
|-damage|p2a: Great Tusk|24/100 brn|[from] brn
|upkeep
|turn|43
|
|t:|1758290367
|move|p1a: Zapdos|Hurricane|p2a: Great Tusk
|-supereffective|p2a: Great Tusk
|-damage|p2a: Great Tusk|0 fnt
|faint|p2a: Great Tusk
|-end|p2a: Great Tusk|Protosynthesis|[silent]
|
|upkeep
|
|t:|1758290372
|switch|p2a: Ogerpon|Ogerpon-Wellspring, F|100/100 par
|turn|44
|
|t:|1758290375
|move|p2a: Ogerpon|Spiky Shield|p2a: Ogerpon
|-singleturn|p2a: Ogerpon|move: Protect
|move|p1a: Zapdos|Hurricane|p2a: Ogerpon
|-activate|p2a: Ogerpon|move: Protect
|
|upkeep
|turn|45
|
|t:|1758290381
|move|p1a: Zapdos|Hurricane|p2a: Ogerpon
|-supereffective|p2a: Ogerpon
|-damage|p2a: Ogerpon|0 fnt
|faint|p2a: Ogerpon
|
|win|Lonelyenders
|raw|Lonelyenders's rating: 1348 &rarr; <strong>1365</strong><br />(+17 for winning)
|raw|omgdas1's rating: 1297 &rarr; <strong>1276</strong><br />(-21 for losing)
|l|☆omgdas1
|player|p2|
|l|☆Lonelyenders
|player|p1|
