|j|☆imjjjyyyhhh
|j|☆Oreoinabox
|t:|1758251184
|gametype|singles
|player|p1|imjjjyyyhhh|101|1556
|player|p2|Oreoinabox|266|1511
|gen|9
|tier|[Gen 9] OU
|rated|
|rule|HP Percentage Mod: HP is shown in percentages
|rule|Endless Battle Clause: Forcing endless battles is banned
|rule|Species Clause: Limit one of each Pokémon
|rule|OHKO Clause: OHKO moves are banned
|rule|Evasion Items Clause: Evasion items are banned
|rule|Evasion Moves Clause: Evasion moves are banned
|rule|Evasion Abilities Clause: Evasion abilities are banned
|rule|Sleep Moves Clause: Sleep-inducing moves are banned
|clearpoke
|poke|p1|Enamorus, F|
|poke|p1|Staraptor, F|
|poke|p1|Great Tusk|
|poke|p1|Ting-Lu|
|poke|p1|Kyurem|
|poke|p1|Scizor, F|
|poke|p2|Iron Thorns|
|poke|p2|Araquanid, M|
|poke|p2|Blastoise, M|
|poke|p2|Corviknight, M|
|poke|p2|Meowscarada, F|
|poke|p2|Great Tusk|
|teampreview
|inactive|Battle timer is ON: inactive players will automatically lose when time's up. (requested by Oreoinabox)
|l|☆imjjjyyyhhh
|inactive|imjjjyyyhhh disconnected and has a minute to reconnect!
|player|p1|
|inactive|Oreoinabox has 120 seconds left.
|
|t:|1758251224
|teamsize|p1|6
|teamsize|p2|6
|start
|switch|p1a: Staraptor|Staraptor, F|100/100
|switch|p2a: Araquanid|Araquanid, M|100/100
|turn|1
|j|☆imjjjyyyhhh
|inactive|imjjjyyyhhh reconnected and has 135 seconds left.
|player|p1|imjjjyyyhhh|101|
|l|☆imjjjyyyhhh
|inactive|imjjjyyyhhh disconnected and has a minute to reconnect!
|player|p1|
|j|☆imjjjyyyhhh
|inactive|imjjjyyyhhh reconnected and has 120 seconds left.
|player|p1|imjjjyyyhhh|101|
|
|t:|1758251260
|move|p1a: Staraptor|Brave Bird|p2a: Araquanid
|-supereffective|p2a: Araquanid
|-enditem|p2a: Araquanid|Focus Sash
|-damage|p2a: Araquanid|1/100
|-damage|p1a: Staraptor|64/100|[from] Recoil
|move|p2a: Araquanid|Liquidation|p1a: Staraptor
|-damage|p1a: Staraptor|0 fnt
|faint|p1a: Staraptor
|
|upkeep
|
|t:|1758251282
|switch|p1a: Scizor|Scizor, F|100/100
|turn|2
|
|t:|1758251287
|switch|p2a: Corviknight|Corviknight, M|100/100
|-ability|p2a: Corviknight|Pressure
|move|p1a: Scizor|Bullet Punch|p2a: Corviknight
|-resisted|p2a: Corviknight
|-damage|p2a: Corviknight|85/100
|-damage|p1a: Scizor|84/100|[from] item: Rocky Helmet|[of] p2a: Corviknight
|
|upkeep
|turn|3
|
|t:|1758251302
|switch|p1a: Great Tusk|Great Tusk|100/100
|-enditem|p1a: Great Tusk|Booster Energy
|-activate|p1a: Great Tusk|ability: Protosynthesis|[fromitem]
|-start|p1a: Great Tusk|protosynthesisdef
|move|p2a: Corviknight|U-turn|p1a: Great Tusk
|-resisted|p1a: Great Tusk
|-damage|p1a: Great Tusk|98/100
|
|t:|1758251312
|switch|p2a: Blastoise|Blastoise, M|100/100|[from] U-turn
|
|upkeep
|turn|4
|
|t:|1758251326
|-end|p1a: Great Tusk|Protosynthesis|[silent]
|switch|p1a: Enamorus|Enamorus, F|100/100
|move|p2a: Blastoise|Shell Smash|p2a: Blastoise
|-unboost|p2a: Blastoise|def|1
|-unboost|p2a: Blastoise|spd|1
|-boost|p2a: Blastoise|atk|2
|-boost|p2a: Blastoise|spa|2
|-boost|p2a: Blastoise|spe|2
|-enditem|p2a: Blastoise|White Herb
|-clearnegativeboost|p2a: Blastoise|[silent]
|
|upkeep
|turn|5
|
|t:|1758251336
|move|p1a: Enamorus|Moonblast|p2a: Blastoise
|-damage|p2a: Blastoise|47/100
|move|p2a: Blastoise|Ice Beam|p1a: Enamorus
|-supereffective|p1a: Enamorus
|-damage|p1a: Enamorus|0 fnt
|faint|p1a: Enamorus
|
|upkeep
|
|t:|1758251341
|switch|p1a: Ting-Lu|Ting-Lu|100/100
|-ability|p1a: Ting-Lu|Vessel of Ruin
|turn|6
|
|t:|1758251361
|-terastallize|p1a: Ting-Lu|Poison
|move|p2a: Blastoise|Surf|p1a: Ting-Lu
|-damage|p1a: Ting-Lu|71/100
|move|p1a: Ting-Lu|Whirlwind|p2a: Blastoise
|drag|p2a: Great Tusk|Great Tusk|100/100
|
|-heal|p1a: Ting-Lu|77/100|[from] item: Leftovers
|upkeep
|turn|7
|inactive|imjjjyyyhhh has 120 seconds left.
|
|t:|1758251373
|switch|p1a: Great Tusk|Great Tusk|98/100
|move|p2a: Great Tusk|Headlong Rush|p1a: Great Tusk
|-damage|p1a: Great Tusk|64/100
|-unboost|p2a: Great Tusk|def|1
|-unboost|p2a: Great Tusk|spd|1
|
|upkeep
|turn|8
|inactive|imjjjyyyhhh has 120 seconds left.
|
|t:|1758251380
|-end|p2a: Great Tusk|Protosynthesis|[silent]
|switch|p2a: Blastoise|Blastoise, M|47/100
|move|p1a: Great Tusk|Stealth Rock|p2a: Blastoise
|-sidestart|p2: Oreoinabox|move: Stealth Rock
|
|upkeep
|turn|9
|
|t:|1758251385
|move|p2a: Blastoise|Surf|p1a: Great Tusk
|-supereffective|p1a: Great Tusk
|-damage|p1a: Great Tusk|0 fnt
|faint|p1a: Great Tusk
|-end|p1a: Great Tusk|Protosynthesis|[silent]
|
|upkeep
|
|t:|1758251389
|switch|p1a: Kyurem|Kyurem|100/100
|-ability|p1a: Kyurem|Pressure
|turn|10
|
|t:|1758251396
|move|p1a: Kyurem|Dragon Dance|p1a: Kyurem
|-boost|p1a: Kyurem|atk|1
|-boost|p1a: Kyurem|spe|1
|move|p2a: Blastoise|Shell Smash|p2a: Blastoise
|-unboost|p2a: Blastoise|def|1
|-unboost|p2a: Blastoise|spd|1
|-boost|p2a: Blastoise|atk|2
|-boost|p2a: Blastoise|spa|2
|-boost|p2a: Blastoise|spe|2
|
|upkeep
|turn|11
|
|t:|1758251402
|-terastallize|p2a: Blastoise|Fighting
|move|p2a: Blastoise|Aura Sphere|p1a: Kyurem
|-supereffective|p1a: Kyurem
|-damage|p1a: Kyurem|0 fnt
|faint|p1a: Kyurem
|
|upkeep
|
|t:|1758251412
|switch|p1a: Ting-Lu|Ting-Lu, tera:Poison|77/100
|-ability|p1a: Ting-Lu|Vessel of Ruin
|turn|12
|
|t:|1758251418
|move|p2a: Blastoise|Surf|p1a: Ting-Lu
|-damage|p1a: Ting-Lu|44/100
|move|p1a: Ting-Lu|Whirlwind|p2a: Blastoise
|drag|p2a: Meowscarada|Meowscarada, F|100/100
|-damage|p2a: Meowscarada|88/100|[from] Stealth Rock
|
|-heal|p1a: Ting-Lu|51/100|[from] item: Leftovers
|upkeep
|turn|13
|inactive|Oreoinabox has 120 seconds left.
|
|t:|1758251451
|move|p2a: Meowscarada|U-turn|p1a: Ting-Lu
|-start|p2a: Meowscarada|typechange|Bug|[from] ability: Protean
|-resisted|p1a: Ting-Lu
|-damage|p1a: Ting-Lu|37/100
|inactive|Oreoinabox has 120 seconds left.
|
|t:|1758251481
|switch|p2a: Great Tusk|Great Tusk|100/100|[from] U-turn
|-damage|p2a: Great Tusk|98/100|[from] Stealth Rock
|move|p1a: Ting-Lu|Spikes|p2a: Great Tusk
|-sidestart|p2: Oreoinabox|Spikes
|
|-heal|p1a: Ting-Lu|43/100|[from] item: Leftovers
|upkeep
|turn|14
|
|t:|1758251493
|move|p2a: Great Tusk|Headlong Rush|p1a: Ting-Lu
|-supereffective|p1a: Ting-Lu
|-damage|p1a: Ting-Lu|0 fnt
|-unboost|p2a: Great Tusk|def|1
|-unboost|p2a: Great Tusk|spd|1
|faint|p1a: Ting-Lu
|
|upkeep
|
|t:|1758251495
|switch|p1a: Scizor|Scizor, F|84/100
|turn|15
|inactive|Oreoinabox has 120 seconds left.
|
|t:|1758251527
|-end|p2a: Great Tusk|Protosynthesis|[silent]
|switch|p2a: Araquanid|Araquanid, M|1/100
|-damage|p2a: Araquanid|0 fnt|[from] Stealth Rock
|faint|p2a: Araquanid
|move|p1a: Scizor|Swords Dance|p1a: Scizor
|-boost|p1a: Scizor|atk|2
|
|upkeep
|
|t:|1758251532
|switch|p2a: Great Tusk|Great Tusk|98/100
|-damage|p2a: Great Tusk|95/100|[from] Stealth Rock
|-damage|p2a: Great Tusk|82/100|[from] Spikes
|turn|16
|
|t:|1758251537
|move|p2a: Great Tusk|Headlong Rush|p1a: Scizor
|-damage|p1a: Scizor|9/100
|-unboost|p2a: Great Tusk|def|1
|-unboost|p2a: Great Tusk|spd|1
|move|p1a: Scizor|Swords Dance|p1a: Scizor
|-boost|p1a: Scizor|atk|2
|
|upkeep
|turn|17
|
|t:|1758251542
|move|p1a: Scizor|Bullet Punch|p2a: Great Tusk
|-damage|p2a: Great Tusk|0 fnt
|faint|p2a: Great Tusk
|-end|p2a: Great Tusk|Protosynthesis|[silent]
|
|upkeep
|
|t:|1758251544
|switch|p2a: Corviknight|Corviknight, M|85/100
|-damage|p2a: Corviknight|73/100|[from] Stealth Rock
|-ability|p2a: Corviknight|Pressure
|turn|18
|
|t:|1758251549
|move|p1a: Scizor|Bullet Punch|p2a: Corviknight
|-resisted|p2a: Corviknight
|-damage|p2a: Corviknight|28/100
|-damage|p1a: Scizor|0 fnt|[from] item: Rocky Helmet|[of] p2a: Corviknight
|faint|p1a: Scizor
|
|win|Oreoinabox
|raw|imjjjyyyhhh's rating: 1556 &rarr; <strong>1533</strong><br />(-23 for losing)
|raw|Oreoinabox's rating: 1511 &rarr; <strong>1534</strong><br />(+23 for winning)
|l|☆Oreoinabox
|player|p2|
