|j|☆Shibuya Arc
|j|☆Kyommunism
|t:|1758251286
|gametype|singles
|player|p1|Shibuya Arc|265|1537
|player|p2|Kyommunism|iris-gen5bw2|1525
|gen|9
|tier|[Gen 9] OU
|rated|
|rule|HP Percentage Mod: HP is shown in percentages
|rule|Endless Battle Clause: Forcing endless battles is banned
|rule|Species Clause: Limit one of each Pokémon
|rule|OHKO Clause: OHKO moves are banned
|rule|Evasion Items Clause: Evasion items are banned
|rule|Evasion Moves Clause: Evasion moves are banned
|rule|Evasion Abilities Clause: Evasion abilities are banned
|rule|Sleep Moves Clause: Sleep-inducing moves are banned
|clearpoke
|poke|p1|Dragapult, F|
|poke|p1|Dragonite, F|
|poke|p1|Ting-Lu|
|poke|p1|Weezing-Galar, F|
|poke|p1|Iron Crown|
|poke|p1|Zapdos|
|poke|p2|Skeledirge, M|
|poke|p2|Ribombee, M|
|poke|p2|Goodra-Hisui, M|
|poke|p2|Raging Bolt|
|poke|p2|Trevenant, M|
|poke|p2|Corviknight, M|
|teampreview
|inactive|Battle timer is ON: inactive players will automatically lose when time's up. (requested by Kyommunism)
|
|t:|1758251298
|teamsize|p1|6
|teamsize|p2|6
|start
|switch|p1a: Ting-Lu|Ting-Lu|100/100
|switch|p2a: MourningWood|Trevenant, M, shiny|100/100
|-ability|p1a: Ting-Lu|Vessel of Ruin
|turn|1
|inactive|Shibuya Arc also wants the timer to be on.
|
|t:|1758251303
|switch|p2a: Corviknight|Corviknight, M, shiny|100/100
|-ability|p2a: Corviknight|Pressure
|move|p1a: Ting-Lu|Stealth Rock|p2a: Corviknight
|-sidestart|p2: Kyommunism|move: Stealth Rock
|
|upkeep
|turn|2
|
|t:|1758251307
|move|p2a: Corviknight|Defog|p1a: Ting-Lu
|-unboost|p1a: Ting-Lu|evasion|1
|-sideend|p2: Kyommunism|Stealth Rock|[from] move: Defog|[of] p2a: Corviknight
|move|p1a: Ting-Lu|Ruination|p2a: Corviknight
|-damage|p2a: Corviknight|50/100
|
|-heal|p2a: Corviknight|57/100|[from] item: Leftovers
|upkeep
|turn|3
|
|t:|1758251322
|move|p2a: Corviknight|Body Press|p1a: Ting-Lu
|-supereffective|p1a: Ting-Lu
|-damage|p1a: Ting-Lu|79/100
|move|p1a: Ting-Lu|Stealth Rock|p2a: Corviknight
|-sidestart|p2: Kyommunism|move: Stealth Rock
|
|-heal|p2a: Corviknight|63/100|[from] item: Leftovers
|-heal|p1a: Ting-Lu|85/100|[from] item: Leftovers
|upkeep
|turn|4
|
|t:|1758251336
|move|p2a: Corviknight|Defog|p1a: Ting-Lu
|-unboost|p1a: Ting-Lu|evasion|1
|-sideend|p2: Kyommunism|Stealth Rock|[from] move: Defog|[of] p2a: Corviknight
|move|p1a: Ting-Lu|Whirlwind|p2a: Corviknight
|drag|p2a: Ribombee|Ribombee, M, shiny|100/100
|
|-heal|p1a: Ting-Lu|92/100|[from] item: Leftovers
|upkeep
|turn|5
|
|t:|1758251343
|switch|p2a: Corviknight|Corviknight, M, shiny|63/100
|-ability|p2a: Corviknight|Pressure
|move|p1a: Ting-Lu|Ruination|p2a: Corviknight
|-damage|p2a: Corviknight|32/100
|
|-heal|p2a: Corviknight|38/100|[from] item: Leftovers
|-heal|p1a: Ting-Lu|98/100|[from] item: Leftovers
|upkeep
|turn|6
|
|t:|1758251351
|move|p2a: Corviknight|Roost|p2a: Corviknight
|-heal|p2a: Corviknight|88/100
|-singleturn|p2a: Corviknight|move: Roost
|move|p1a: Ting-Lu|Earthquake|p2a: Corviknight
|-supereffective|p2a: Corviknight
|-damage|p2a: Corviknight|26/100
|
|-heal|p2a: Corviknight|33/100|[from] item: Leftovers
|-heal|p1a: Ting-Lu|100/100|[from] item: Leftovers
|upkeep
|turn|7
|
|t:|1758251358
|move|p2a: Corviknight|Iron Defense|p2a: Corviknight
|-boost|p2a: Corviknight|def|2
|move|p1a: Ting-Lu|Earthquake|p2a: Corviknight
|-immune|p2a: Corviknight
|
|-heal|p2a: Corviknight|39/100|[from] item: Leftovers
|upkeep
|turn|8
|
|t:|1758251363
|move|p2a: Corviknight|Roost|p2a: Corviknight
|-heal|p2a: Corviknight|89/100
|-singleturn|p2a: Corviknight|move: Roost
|move|p1a: Ting-Lu|Whirlwind|p2a: Corviknight
|drag|p2a: Ribombee|Ribombee, M, shiny|100/100
|
|upkeep
|turn|9
|
|t:|1758251368
|switch|p2a: Corviknight|Corviknight, M, shiny|89/100
|-ability|p2a: Corviknight|Pressure
|move|p1a: Ting-Lu|Ruination|p2a: Corviknight
|-damage|p2a: Corviknight|45/100
|
|-heal|p2a: Corviknight|51/100|[from] item: Leftovers
|upkeep
|turn|10
|
|t:|1758251375
|move|p2a: Corviknight|Iron Defense|p2a: Corviknight
|-boost|p2a: Corviknight|def|2
|move|p1a: Ting-Lu|Stealth Rock|p2a: Corviknight
|-sidestart|p2: Kyommunism|move: Stealth Rock
|
|-heal|p2a: Corviknight|57/100|[from] item: Leftovers
|upkeep
|turn|11
|
|t:|1758251379
|move|p2a: Corviknight|Defog|p1a: Ting-Lu
|-unboost|p1a: Ting-Lu|evasion|1
|-sideend|p2: Kyommunism|Stealth Rock|[from] move: Defog|[of] p2a: Corviknight
|move|p1a: Ting-Lu|Whirlwind|p2a: Corviknight
|drag|p2a: MourningWood|Trevenant, M, shiny|100/100
|
|upkeep
|turn|12
|
|t:|1758251384
|switch|p2a: Corviknight|Corviknight, M, shiny|57/100
|-ability|p2a: Corviknight|Pressure
|move|p1a: Ting-Lu|Stealth Rock|p2a: Corviknight
|-sidestart|p2: Kyommunism|move: Stealth Rock
|
|-heal|p2a: Corviknight|63/100|[from] item: Leftovers
|upkeep
|turn|13
|
|t:|1758251389
|move|p2a: Corviknight|Defog|p1a: Ting-Lu
|-unboost|p1a: Ting-Lu|evasion|1
|-sideend|p2: Kyommunism|Stealth Rock|[from] move: Defog|[of] p2a: Corviknight
|move|p1a: Ting-Lu|Whirlwind|p2a: Corviknight
|drag|p2a: Raging Bolt|Raging Bolt|100/100
|
|upkeep
|turn|14
|
|t:|1758251394
|-end|p2a: Raging Bolt|Protosynthesis|[silent]
|switch|p2a: MourningWood|Trevenant, M, shiny|100/100
|move|p1a: Ting-Lu|Ruination|p2a: MourningWood
|-damage|p2a: MourningWood|50/100
|
|upkeep
|turn|15
|
|t:|1758251407
|switch|p2a: Corviknight|Corviknight, M, shiny|63/100
|-ability|p2a: Corviknight|Pressure
|move|p1a: Ting-Lu|Stealth Rock|p2a: Corviknight
|-sidestart|p2: Kyommunism|move: Stealth Rock
|
|-heal|p2a: Corviknight|70/100|[from] item: Leftovers
|upkeep
|turn|16
|
|t:|1758251412
|move|p2a: Corviknight|Defog|p1a: Ting-Lu
|-unboost|p1a: Ting-Lu|evasion|1
|-sideend|p2: Kyommunism|Stealth Rock|[from] move: Defog|[of] p2a: Corviknight
|move|p1a: Ting-Lu|Ruination|p2a: Corviknight
|-damage|p2a: Corviknight|35/100
|
|-heal|p2a: Corviknight|41/100|[from] item: Leftovers
|upkeep
|turn|17
|
|t:|1758251418
|move|p2a: Corviknight|Iron Defense|p2a: Corviknight
|-boost|p2a: Corviknight|def|2
|move|p1a: Ting-Lu|Stealth Rock|p2a: Corviknight
|-sidestart|p2: Kyommunism|move: Stealth Rock
|
|-heal|p2a: Corviknight|48/100|[from] item: Leftovers
|upkeep
|turn|18
|
|t:|1758251423
|move|p2a: Corviknight|Defog|p1a: Ting-Lu
|-unboost|p1a: Ting-Lu|evasion|1
|-sideend|p2: Kyommunism|Stealth Rock|[from] move: Defog|[of] p2a: Corviknight
|move|p1a: Ting-Lu|Whirlwind|p2a: Corviknight
|drag|p2a: Goodra|Goodra-Hisui, M, shiny|100/100
|
|upkeep
|turn|19
|
|t:|1758251428
|switch|p2a: Corviknight|Corviknight, M, shiny|48/100
|-ability|p2a: Corviknight|Pressure
|move|p1a: Ting-Lu|Stealth Rock|p2a: Corviknight
|-sidestart|p2: Kyommunism|move: Stealth Rock
|
|-heal|p2a: Corviknight|54/100|[from] item: Leftovers
|upkeep
|turn|20
|
|t:|1758251433
|move|p2a: Corviknight|Defog|p1a: Ting-Lu
|-unboost|p1a: Ting-Lu|evasion|0
|-sideend|p2: Kyommunism|Stealth Rock|[from] move: Defog|[of] p2a: Corviknight
|move|p1a: Ting-Lu|Whirlwind|p2a: Corviknight
|drag|p2a: MourningWood|Trevenant, M, shiny|50/100
|
|upkeep
|turn|21
|
|t:|1758251437
|switch|p2a: Corviknight|Corviknight, M, shiny|54/100
|-ability|p2a: Corviknight|Pressure
|move|p1a: Ting-Lu|Stealth Rock|p2a: Corviknight
|-sidestart|p2: Kyommunism|move: Stealth Rock
|
|-heal|p2a: Corviknight|60/100|[from] item: Leftovers
|upkeep
|turn|22
|
|t:|1758251444
|move|p2a: Corviknight|Defog|p1a: Ting-Lu
|-unboost|p1a: Ting-Lu|evasion|0
|-sideend|p2: Kyommunism|Stealth Rock|[from] move: Defog|[of] p2a: Corviknight
|move|p1a: Ting-Lu|Ruination|p2a: Corviknight|[miss]
|-miss|p1a: Ting-Lu|p2a: Corviknight
|
|-heal|p2a: Corviknight|66/100|[from] item: Leftovers
|upkeep
|turn|23
|
|t:|1758251449
|move|p2a: Corviknight|Body Press|p1a: Ting-Lu
|-supereffective|p1a: Ting-Lu
|-damage|p1a: Ting-Lu|77/100
|move|p1a: Ting-Lu|Stealth Rock|p2a: Corviknight
|-sidestart|p2: Kyommunism|move: Stealth Rock
|
|-heal|p2a: Corviknight|73/100|[from] item: Leftovers
|-heal|p1a: Ting-Lu|83/100|[from] item: Leftovers
|upkeep
|turn|24
|
|t:|1758251456
|move|p2a: Corviknight|Defog|p1a: Ting-Lu
|-unboost|p1a: Ting-Lu|evasion|0
|-sideend|p2: Kyommunism|Stealth Rock|[from] move: Defog|[of] p2a: Corviknight
|move|p1a: Ting-Lu|Ruination|p2a: Corviknight
|-damage|p2a: Corviknight|37/100
|
|-heal|p2a: Corviknight|43/100|[from] item: Leftovers
|-heal|p1a: Ting-Lu|90/100|[from] item: Leftovers
|upkeep
|turn|25
|
|t:|1758251462
|move|p2a: Corviknight|Body Press|p1a: Ting-Lu
|-supereffective|p1a: Ting-Lu
|-damage|p1a: Ting-Lu|67/100
|move|p1a: Ting-Lu|Stealth Rock|p2a: Corviknight
|-sidestart|p2: Kyommunism|move: Stealth Rock
|
|-heal|p2a: Corviknight|49/100|[from] item: Leftovers
|-heal|p1a: Ting-Lu|73/100|[from] item: Leftovers
|upkeep
|turn|26
|
|t:|1758251468
|move|p2a: Corviknight|Defog|p1a: Ting-Lu
|-unboost|p1a: Ting-Lu|evasion|0
|-sideend|p2: Kyommunism|Stealth Rock|[from] move: Defog|[of] p2a: Corviknight
|move|p1a: Ting-Lu|Whirlwind|p2a: Corviknight
|drag|p2a: Skeledirge|Skeledirge, M, shiny|100/100
|
|-heal|p1a: Ting-Lu|79/100|[from] item: Leftovers
|upkeep
|turn|27
|
|t:|1758251474
|switch|p2a: Corviknight|Corviknight, M, shiny|49/100
|-ability|p2a: Corviknight|Pressure
|move|p1a: Ting-Lu|Stealth Rock|p2a: Corviknight
|-sidestart|p2: Kyommunism|move: Stealth Rock
|
|-heal|p2a: Corviknight|55/100|[from] item: Leftovers
|-heal|p1a: Ting-Lu|86/100|[from] item: Leftovers
|upkeep
|turn|28
|
|t:|1758251479
|move|p2a: Corviknight|Defog|p1a: Ting-Lu
|-unboost|p1a: Ting-Lu|evasion|0
|-sideend|p2: Kyommunism|Stealth Rock|[from] move: Defog|[of] p2a: Corviknight
|move|p1a: Ting-Lu|Whirlwind|p2a: Corviknight
|drag|p2a: MourningWood|Trevenant, M, shiny|50/100
|
|-heal|p1a: Ting-Lu|92/100|[from] item: Leftovers
|upkeep
|turn|29
|
|t:|1758251484
|switch|p2a: Corviknight|Corviknight, M, shiny|55/100
|-ability|p2a: Corviknight|Pressure
|move|p1a: Ting-Lu|Stealth Rock|p2a: Corviknight
|-sidestart|p2: Kyommunism|move: Stealth Rock
|
|-heal|p2a: Corviknight|62/100|[from] item: Leftovers
|-heal|p1a: Ting-Lu|98/100|[from] item: Leftovers
|upkeep
|turn|30
|
|t:|1758251489
|move|p2a: Corviknight|Defog|p1a: Ting-Lu
|-unboost|p1a: Ting-Lu|evasion|0
|-sideend|p2: Kyommunism|Stealth Rock|[from] move: Defog|[of] p2a: Corviknight
|move|p1a: Ting-Lu|Ruination|p2a: Corviknight|[miss]
|-miss|p1a: Ting-Lu|p2a: Corviknight
|
|-heal|p2a: Corviknight|68/100|[from] item: Leftovers
|-heal|p1a: Ting-Lu|100/100|[from] item: Leftovers
|upkeep
|turn|31
|
|t:|1758251494
|move|p2a: Corviknight|Body Press|p1a: Ting-Lu
|-supereffective|p1a: Ting-Lu
|-damage|p1a: Ting-Lu|79/100
|move|p1a: Ting-Lu|Stealth Rock|p2a: Corviknight
|-sidestart|p2: Kyommunism|move: Stealth Rock
|
|-heal|p2a: Corviknight|74/100|[from] item: Leftovers
|-heal|p1a: Ting-Lu|85/100|[from] item: Leftovers
|upkeep
|turn|32
|
|t:|1758251500
|move|p2a: Corviknight|Defog|p1a: Ting-Lu
|-unboost|p1a: Ting-Lu|evasion|0
|-sideend|p2: Kyommunism|Stealth Rock|[from] move: Defog|[of] p2a: Corviknight
|move|p1a: Ting-Lu|Ruination|p2a: Corviknight
|-damage|p2a: Corviknight|37/100
|
|-heal|p2a: Corviknight|44/100|[from] item: Leftovers
|-heal|p1a: Ting-Lu|91/100|[from] item: Leftovers
|upkeep
|turn|33
|
|t:|1758251507
|move|p2a: Corviknight|Iron Defense|p2a: Corviknight
|-boost|p2a: Corviknight|def|2
|move|p1a: Ting-Lu|Earthquake|p2a: Corviknight
|-immune|p2a: Corviknight
|
|-heal|p2a: Corviknight|50/100|[from] item: Leftovers
|-heal|p1a: Ting-Lu|97/100|[from] item: Leftovers
|upkeep
|turn|34
|
|t:|1758251511
|move|p2a: Corviknight|Body Press|p1a: Ting-Lu
|-supereffective|p1a: Ting-Lu
|-damage|p1a: Ting-Lu|53/100
|move|p1a: Ting-Lu|Stealth Rock|p2a: Corviknight
|-sidestart|p2: Kyommunism|move: Stealth Rock
|
|-heal|p2a: Corviknight|56/100|[from] item: Leftovers
|-heal|p1a: Ting-Lu|59/100|[from] item: Leftovers
|upkeep
|turn|35
|
|t:|1758251518
|move|p2a: Corviknight|Defog|p1a: Ting-Lu
|-unboost|p1a: Ting-Lu|evasion|0
|-sideend|p2: Kyommunism|Stealth Rock|[from] move: Defog|[of] p2a: Corviknight
|move|p1a: Ting-Lu|Whirlwind|p2a: Corviknight
|drag|p2a: MourningWood|Trevenant, M, shiny|50/100
|
|-heal|p1a: Ting-Lu|65/100|[from] item: Leftovers
|upkeep
|turn|36
|
|t:|1758251522
|switch|p2a: Corviknight|Corviknight, M, shiny|56/100
|-ability|p2a: Corviknight|Pressure
|move|p1a: Ting-Lu|Stealth Rock|p2a: Corviknight
|-sidestart|p2: Kyommunism|move: Stealth Rock
|
|-heal|p2a: Corviknight|62/100|[from] item: Leftovers
|-heal|p1a: Ting-Lu|71/100|[from] item: Leftovers
|upkeep
|turn|37
|
|t:|1758251528
|move|p2a: Corviknight|Defog|p1a: Ting-Lu
|-unboost|p1a: Ting-Lu|evasion|0
|-sideend|p2: Kyommunism|Stealth Rock|[from] move: Defog|[of] p2a: Corviknight
|move|p1a: Ting-Lu|Whirlwind|p2a: Corviknight
|drag|p2a: MourningWood|Trevenant, M, shiny|50/100
|
|-heal|p1a: Ting-Lu|77/100|[from] item: Leftovers
|upkeep
|turn|38
|
|t:|1758251533
|switch|p2a: Corviknight|Corviknight, M, shiny|62/100
|-ability|p2a: Corviknight|Pressure
|move|p1a: Ting-Lu|Stealth Rock|p2a: Corviknight
|-sidestart|p2: Kyommunism|move: Stealth Rock
|
|-heal|p2a: Corviknight|69/100|[from] item: Leftovers
|-heal|p1a: Ting-Lu|84/100|[from] item: Leftovers
|upkeep
|turn|39
|
|t:|1758251537
|move|p2a: Corviknight|Defog|p1a: Ting-Lu
|-unboost|p1a: Ting-Lu|evasion|0
|-sideend|p2: Kyommunism|Stealth Rock|[from] move: Defog|[of] p2a: Corviknight
|move|p1a: Ting-Lu|Whirlwind|p2a: Corviknight
|drag|p2a: MourningWood|Trevenant, M, shiny|50/100
|
|-heal|p1a: Ting-Lu|90/100|[from] item: Leftovers
|upkeep
|turn|40
|
|t:|1758251542
|move|p2a: MourningWood|Earthquake|p1a: Ting-Lu
|-damage|p1a: Ting-Lu|70/100
|move|p1a: Ting-Lu|Whirlwind|p2a: MourningWood
|drag|p2a: Corviknight|Corviknight, M, shiny|69/100
|-ability|p2a: Corviknight|Pressure
|
|-heal|p2a: Corviknight|75/100|[from] item: Leftovers
|-heal|p1a: Ting-Lu|76/100|[from] item: Leftovers
|upkeep
|turn|41
|
|t:|1758251558
|move|p2a: Corviknight|Iron Defense|p2a: Corviknight
|-boost|p2a: Corviknight|def|2
|move|p1a: Ting-Lu|Whirlwind|p2a: Corviknight
|drag|p2a: Ribombee|Ribombee, M, shiny|100/100
|
|-heal|p1a: Ting-Lu|82/100|[from] item: Leftovers
|upkeep
|turn|42
|
|t:|1758251562
|switch|p2a: Corviknight|Corviknight, M, shiny|75/100
|-ability|p2a: Corviknight|Pressure
|move|p1a: Ting-Lu|Earthquake|p2a: Corviknight
|-immune|p2a: Corviknight
|
|-heal|p2a: Corviknight|81/100|[from] item: Leftovers
|-heal|p1a: Ting-Lu|88/100|[from] item: Leftovers
|upkeep
|turn|43
|
|t:|1758251567
|move|p2a: Corviknight|Iron Defense|p2a: Corviknight
|-boost|p2a: Corviknight|def|2
|move|p1a: Ting-Lu|Whirlwind|p2a: Corviknight
|drag|p2a: MourningWood|Trevenant, M, shiny|50/100
|
|-heal|p1a: Ting-Lu|95/100|[from] item: Leftovers
|upkeep
|turn|44
|
|t:|1758251572
|switch|p2a: Corviknight|Corviknight, M, shiny|81/100
|-ability|p2a: Corviknight|Pressure
|move|p1a: Ting-Lu|Whirlwind|p2a: Corviknight
|drag|p2a: Goodra|Goodra-Hisui, M, shiny|100/100
|
|-heal|p1a: Ting-Lu|100/100|[from] item: Leftovers
|upkeep
|turn|45
|
|t:|1758251576
|switch|p2a: Corviknight|Corviknight, M, shiny|81/100
|-ability|p2a: Corviknight|Pressure
|move|p1a: Ting-Lu|Earthquake|p2a: Corviknight
|-immune|p2a: Corviknight
|
|-heal|p2a: Corviknight|87/100|[from] item: Leftovers
|upkeep
|turn|46
|
|t:|1758251581
|move|p2a: Corviknight|Iron Defense|p2a: Corviknight
|-boost|p2a: Corviknight|def|2
|move|p1a: Ting-Lu|Whirlwind|p2a: Corviknight
|drag|p2a: Goodra|Goodra-Hisui, M, shiny|100/100
|
|upkeep
|turn|47
|
|t:|1758251586
|switch|p2a: Corviknight|Corviknight, M, shiny|87/100
|-ability|p2a: Corviknight|Pressure
|move|p1a: Ting-Lu|Earthquake|p2a: Corviknight
|-immune|p2a: Corviknight
|
|-heal|p2a: Corviknight|94/100|[from] item: Leftovers
|upkeep
|turn|48
|
|t:|1758251591
|move|p2a: Corviknight|Body Press|p1a: Ting-Lu
|-supereffective|p1a: Ting-Lu
|-damage|p1a: Ting-Lu|78/100
|move|p1a: Ting-Lu|Whirlwind|p2a: Corviknight
|drag|p2a: Goodra|Goodra-Hisui, M, shiny|100/100
|
|-heal|p1a: Ting-Lu|85/100|[from] item: Leftovers
|upkeep
|turn|49
|
|t:|1758251597
|switch|p2a: MourningWood|Trevenant, M, shiny|50/100
|move|p1a: Ting-Lu|Earthquake|p2a: MourningWood
|-resisted|p2a: MourningWood
|-damage|p2a: MourningWood|29/100
|
|-heal|p1a: Ting-Lu|91/100|[from] item: Leftovers
|upkeep
|turn|50
|
|t:|1758251603
|switch|p2a: Corviknight|Corviknight, M, shiny|94/100
|-ability|p2a: Corviknight|Pressure
|move|p1a: Ting-Lu|Earthquake|p2a: Corviknight
|-immune|p2a: Corviknight
|
|-heal|p2a: Corviknight|99/100|[from] item: Leftovers
|-heal|p1a: Ting-Lu|97/100|[from] item: Leftovers
|upkeep
|turn|51
|
|t:|1758251607
|switch|p2a: Ribombee|Ribombee, M, shiny|100/100
|switch|p1a: Iron Crown|Iron Crown|100/100
|
|upkeep
|turn|52
|
|t:|1758251612
|switch|p2a: Skeledirge|Skeledirge, M, shiny|100/100
|move|p1a: Iron Crown|Volt Switch|p2a: Skeledirge
|-damage|p2a: Skeledirge|73/100
|
|t:|1758251621
|-end|p1a: Iron Crown|Quark Drive|[silent]
|switch|p1a: Dragonite|Dragonite, F|100/100|[from] Volt Switch
|
|-heal|p2a: Skeledirge|79/100|[from] item: Leftovers
|upkeep
|turn|53
|
|t:|1758251626
|move|p1a: Dragonite|Earthquake|p2a: Skeledirge
|-supereffective|p2a: Skeledirge
|-damage|p2a: Skeledirge|21/100
|move|p2a: Skeledirge|Will-O-Wisp|p1a: Dragonite
|-status|p1a: Dragonite|brn
|
|-heal|p2a: Skeledirge|28/100|[from] item: Leftovers
|-damage|p1a: Dragonite|94/100 brn|[from] brn
|upkeep
|turn|54
|
|t:|1758251632
|switch|p2a: Ribombee|Ribombee, M, shiny|100/100
|move|p1a: Dragonite|Earthquake|p2a: Ribombee
|-resisted|p2a: Ribombee
|-damage|p2a: Ribombee|91/100
|-enditem|p2a: Ribombee|Kee Berry|[eat]
|-boost|p2a: Ribombee|def|1|[from] item: Kee Berry
|
|-damage|p1a: Dragonite|88/100 brn|[from] brn
|upkeep
|turn|55
|
|t:|1758251647
|switch|p1a: Iron Crown|Iron Crown|100/100
|move|p2a: Ribombee|Quiver Dance|p2a: Ribombee
|-boost|p2a: Ribombee|spa|1
|-boost|p2a: Ribombee|spd|1
|-boost|p2a: Ribombee|spe|1
|
|upkeep
|turn|56
|
|t:|1758251651
|-terastallize|p2a: Ribombee|Fire
|move|p2a: Ribombee|Quiver Dance|p2a: Ribombee
|-boost|p2a: Ribombee|spa|1
|-boost|p2a: Ribombee|spd|1
|-boost|p2a: Ribombee|spe|1
|move|p1a: Iron Crown|Psyshock|p2a: Ribombee
|-damage|p2a: Ribombee|49/100
|
|upkeep
|turn|57
|
|t:|1758251658
|-end|p1a: Iron Crown|Quark Drive|[silent]
|switch|p1a: Ting-Lu|Ting-Lu|97/100
|-ability|p1a: Ting-Lu|Vessel of Ruin
|move|p2a: Ribombee|Tera Blast|p1a: Ting-Lu|[anim] Tera Blast Fire
|-damage|p1a: Ting-Lu|76/100
|
|-heal|p1a: Ting-Lu|83/100|[from] item: Leftovers
|upkeep
|turn|58
|
|t:|1758251662
|switch|p1a: Zapdos|Zapdos|100/100
|move|p2a: Ribombee|Draining Kiss|p1a: Zapdos
|-damage|p1a: Zapdos|66/100
|-heal|p2a: Ribombee|75/100|[from] drain|[of] p1a: Zapdos
|-status|p2a: Ribombee|par|[from] ability: Static|[of] p1a: Zapdos
|
|upkeep
|turn|59
|
|t:|1758251668
|move|p1a: Zapdos|Roost|p1a: Zapdos
|-heal|p1a: Zapdos|100/100
|-singleturn|p1a: Zapdos|move: Roost
|move|p2a: Ribombee|Quiver Dance|p2a: Ribombee
|-boost|p2a: Ribombee|spa|1
|-boost|p2a: Ribombee|spd|1
|-boost|p2a: Ribombee|spe|1
|
|upkeep
|turn|60
|
|t:|1758251672
|move|p2a: Ribombee|Quiver Dance|p2a: Ribombee
|-boost|p2a: Ribombee|spa|1
|-boost|p2a: Ribombee|spd|1
|-boost|p2a: Ribombee|spe|1
|move|p1a: Zapdos|Volt Switch|p2a: Ribombee
|-damage|p2a: Ribombee|59/100 par
|
|t:|1758251677
|switch|p1a: Ting-Lu|Ting-Lu|83/100|[from] Volt Switch
|-ability|p1a: Ting-Lu|Vessel of Ruin
|
|-heal|p1a: Ting-Lu|89/100|[from] item: Leftovers
|upkeep
|turn|61
|
|t:|1758251682
|move|p2a: Ribombee|Draining Kiss|p1a: Ting-Lu
|-supereffective|p1a: Ting-Lu
|-damage|p1a: Ting-Lu|44/100
|-heal|p2a: Ribombee|100/100 par|[from] drain|[of] p1a: Ting-Lu
|move|p1a: Ting-Lu|Earthquake|p2a: Ribombee
|-supereffective|p2a: Ribombee
|-crit|p2a: Ribombee
|-damage|p2a: Ribombee|0 fnt
|faint|p2a: Ribombee
|
|-heal|p1a: Ting-Lu|50/100|[from] item: Leftovers
|upkeep
|
|t:|1758251690
|switch|p2a: Goodra|Goodra-Hisui, M, shiny|100/100
|turn|62
|
|t:|1758251694
|switch|p1a: Iron Crown|Iron Crown|100/100
|move|p2a: Goodra|Curse|p2a: Goodra
|-unboost|p2a: Goodra|spe|1
|-boost|p2a: Goodra|atk|1
|-boost|p2a: Goodra|def|1
|
|upkeep
|turn|63
|
|t:|1758251699
|move|p1a: Iron Crown|Focus Blast|p2a: Goodra|[miss]
|-miss|p1a: Iron Crown|p2a: Goodra
|move|p2a: Goodra|Earthquake|p1a: Iron Crown
|-supereffective|p1a: Iron Crown
|-damage|p1a: Iron Crown|29/100
|
|upkeep
|turn|64
|
|t:|1758251711
|move|p1a: Iron Crown|Focus Blast|p2a: Goodra|[miss]
|-miss|p1a: Iron Crown|p2a: Goodra
|move|p2a: Goodra|Earthquake|p1a: Iron Crown
|-supereffective|p1a: Iron Crown
|-damage|p1a: Iron Crown|0 fnt
|faint|p1a: Iron Crown
|-end|p1a: Iron Crown|Quark Drive|[silent]
|
|upkeep
|
|t:|1758251725
|switch|p1a: Dragonite|Dragonite, F|88/100 brn
|turn|65
|
|t:|1758251729
|move|p1a: Dragonite|Roost|p1a: Dragonite
|-heal|p1a: Dragonite|100/100 brn
|-singleturn|p1a: Dragonite|move: Roost
|move|p2a: Goodra|Curse|p2a: Goodra
|-unboost|p2a: Goodra|spe|1
|-boost|p2a: Goodra|atk|1
|-boost|p2a: Goodra|def|1
|
|-damage|p1a: Dragonite|94/100 brn|[from] brn
|upkeep
|turn|66
|
|t:|1758251734
|-terastallize|p1a: Dragonite|Normal
|move|p1a: Dragonite|Dragon Dance|p1a: Dragonite
|-boost|p1a: Dragonite|atk|1
|-boost|p1a: Dragonite|spe|1
|move|p2a: Goodra|Curse|p2a: Goodra
|-unboost|p2a: Goodra|spe|1
|-boost|p2a: Goodra|atk|1
|-boost|p2a: Goodra|def|1
|
|-damage|p1a: Dragonite|88/100 brn|[from] brn
|upkeep
|turn|67
|
|t:|1758251738
|move|p1a: Dragonite|Roost|p1a: Dragonite
|-heal|p1a: Dragonite|100/100 brn
|move|p2a: Goodra|Curse|p2a: Goodra
|-unboost|p2a: Goodra|spe|1
|-boost|p2a: Goodra|atk|1
|-boost|p2a: Goodra|def|1
|
|-damage|p1a: Dragonite|94/100 brn|[from] brn
|upkeep
|turn|68
|
|t:|1758251743
|switch|p1a: Zapdos|Zapdos|100/100
|move|p2a: Goodra|Curse|p2a: Goodra
|-unboost|p2a: Goodra|spe|1
|-boost|p2a: Goodra|atk|1
|-boost|p2a: Goodra|def|1
|
|upkeep
|turn|69
|
|t:|1758251748
|switch|p1a: Dragonite|Dragonite, F, tera:Normal|94/100 brn
|move|p2a: Goodra|Curse|p2a: Goodra
|-unboost|p2a: Goodra|spe|1
|-boost|p2a: Goodra|atk|1
|-boost|p2a: Goodra|def|1
|
|-damage|p1a: Dragonite|88/100 brn|[from] brn
|upkeep
|turn|70
|
|t:|1758251752
|switch|p1a: Zapdos|Zapdos|100/100
|move|p2a: Goodra|Gyro Ball|p1a: Zapdos
|-resisted|p1a: Zapdos
|-damage|p1a: Zapdos|0 fnt
|faint|p1a: Zapdos
|
|upkeep
|
|t:|1758251764
|switch|p1a: Weezing|Weezing-Galar, F|100/100
|-ability|p1a: Weezing|Neutralizing Gas
|turn|71
|
|t:|1758251769
|-end|p1a: Weezing|ability: Neutralizing Gas
|switch|p1a: Dragonite|Dragonite, F, tera:Normal|88/100 brn
|move|p2a: Goodra|Gyro Ball|p1a: Dragonite
|-damage|p1a: Dragonite|0 fnt
|faint|p1a: Dragonite
|
|upkeep
|c|☆Kyommunism|gg
|
|t:|1758251783
|switch|p1a: Weezing|Weezing-Galar, F|100/100
|-ability|p1a: Weezing|Neutralizing Gas
|turn|72
|
|t:|1758251788
|-end|p1a: Weezing|ability: Neutralizing Gas
|switch|p1a: Dragapult|Dragapult, F|100/100
|move|p2a: Goodra|Gyro Ball|p1a: Dragapult
|-damage|p1a: Dragapult|0 fnt
|faint|p1a: Dragapult
|
|upkeep
|
|t:|1758251800
|switch|p1a: Weezing|Weezing-Galar, F|100/100
|-ability|p1a: Weezing|Neutralizing Gas
|turn|73
|
|t:|1758251804
|move|p1a: Weezing|Pain Split|p2a: Goodra
|-sethp|p2a: Goodra|96/100|[from] move: Pain Split|[silent]
|-sethp|p1a: Weezing|100/100|[from] move: Pain Split
|move|p2a: Goodra|Gyro Ball|p1a: Weezing
|-supereffective|p1a: Weezing
|-damage|p1a: Weezing|0 fnt
|faint|p1a: Weezing
|-end|p1a: Weezing|ability: Neutralizing Gas
|
|upkeep
|
|t:|1758251816
|switch|p1a: Ting-Lu|Ting-Lu|50/100
|-ability|p1a: Ting-Lu|Vessel of Ruin
|turn|74
|
|t:|1758251820
|-activate|p1a: Ting-Lu|move: Struggle
|move|p1a: Ting-Lu|Struggle|p2a: Goodra
|-damage|p2a: Goodra|93/100
|-damage|p1a: Ting-Lu|25/100|[from] recoil
|move|p2a: Goodra|Rest|p2a: Goodra
|-status|p2a: Goodra|slp|[from] move: Rest
|-heal|p2a: Goodra|100/100 slp|[silent]
|-enditem|p2a: Goodra|Chesto Berry|[eat]
|-curestatus|p2a: Goodra|slp|[msg]
|
|-heal|p1a: Ting-Lu|31/100|[from] item: Leftovers
|upkeep
|turn|75
|
|t:|1758251825
|-activate|p1a: Ting-Lu|move: Struggle
|move|p1a: Ting-Lu|Struggle|p2a: Goodra
|-damage|p2a: Goodra|97/100
|-damage|p1a: Ting-Lu|7/100|[from] recoil
|move|p2a: Goodra|Rest|p2a: Goodra
|-status|p2a: Goodra|slp|[from] move: Rest
|-heal|p2a: Goodra|100/100 slp|[silent]
|
|-heal|p1a: Ting-Lu|13/100|[from] item: Leftovers
|upkeep
|turn|76
|
|t:|1758251829
|-activate|p1a: Ting-Lu|move: Struggle
|move|p1a: Ting-Lu|Struggle|p2a: Goodra
|-damage|p2a: Goodra|97/100 slp
|-damage|p1a: Ting-Lu|0 fnt|[from] recoil
|faint|p1a: Ting-Lu
|
|win|Kyommunism
|raw|Shibuya Arc's rating: 1537 &rarr; <strong>1516</strong><br />(-21 for losing)
|raw|Kyommunism's rating: 1525 &rarr; <strong>1546</strong><br />(+21 for winning)
|l|☆Shibuya Arc
|player|p1|
|l|☆Kyommunism
|player|p2|
