|j|☆quixic4
|j|☆brock the og
|t:|1758263044
|gametype|singles
|player|p1|quixic4|ingo|1108
|player|p2|brock the og|brock|1147
|gen|9
|tier|[Gen 9] OU
|rated|
|rule|HP Percentage Mod: HP is shown in percentages
|rule|Endless Battle Clause: Forcing endless battles is banned
|rule|Species Clause: Limit one of each Pokémon
|rule|OHKO Clause: OHKO moves are banned
|rule|Evasion Items Clause: Evasion items are banned
|rule|Evasion Moves Clause: Evasion moves are banned
|rule|Evasion Abilities Clause: Evasion abilities are banned
|rule|Sleep Moves Clause: Sleep-inducing moves are banned
|clearpoke
|poke|p1|Polteageist|
|poke|p1|Sinistcha|
|poke|p1|Appletun, M|
|poke|p1|Hydrapple, F|
|poke|p1|Lurantis, M|
|poke|p1|Comfey, M|
|poke|p2|Iron Hands|
|poke|p2|Pecharunt|
|poke|p2|Lokix, F|
|poke|p2|Hatterene, F|
|poke|p2|Great Tusk|
|poke|p2|Iron Valiant|
|teampreview
|inactive|Battle timer is ON: inactive players will automatically lose when time's up. (requested by brock the og)
|
|t:|1758263052
|teamsize|p1|6
|teamsize|p2|6
|start
|switch|p1a: Polteageist|Polteageist|100/100
|switch|p2a: Lokix|Lokix, F|100/100
|turn|1
|
|t:|1758263064
|move|p2a: Lokix|First Impression|p1a: Polteageist
|-resisted|p1a: Polteageist
|-damage|p1a: Polteageist|10/100
|-ability|p1a: Polteageist|Weak Armor|boost
|-unboost|p1a: Polteageist|def|1
|-boost|p1a: Polteageist|spe|2
|-damage|p2a: Lokix|91/100|[from] item: Life Orb
|move|p1a: Polteageist|Shell Smash|p1a: Polteageist
|-unboost|p1a: Polteageist|def|1
|-unboost|p1a: Polteageist|spd|1
|-boost|p1a: Polteageist|atk|2
|-boost|p1a: Polteageist|spa|2
|-boost|p1a: Polteageist|spe|2
|
|upkeep
|turn|2
|
|t:|1758263081
|-terastallize|p1a: Polteageist|Bug
|move|p2a: Lokix|Sucker Punch|p1a: Polteageist
|-damage|p1a: Polteageist|0 fnt
|faint|p1a: Polteageist
|-damage|p2a: Lokix|81/100|[from] item: Life Orb
|
|upkeep
|
|t:|1758263089
|switch|p1a: Comfey|Comfey, M|100/100
|turn|3
|
|t:|1758263092
|move|p2a: Lokix|U-turn|p1a: Comfey
|-resisted|p1a: Comfey
|-damage|p1a: Comfey|52/100
|-damage|p2a: Lokix|71/100|[from] item: Life Orb
|
|t:|1758263094
|switch|p2a: Hatterene|Hatterene, F|100/100|[from] U-turn
|move|p1a: Comfey|Calm Mind|p1a: Comfey
|-boost|p1a: Comfey|spa|1
|-boost|p1a: Comfey|spd|1
|
|upkeep
|turn|4
|
|t:|1758263101
|move|p1a: Comfey|Giga Drain|p2a: Hatterene
|-damage|p2a: Hatterene|67/100
|-heal|p1a: Comfey|75/100|[from] drain|[of] p2a: Hatterene
|move|p2a: Hatterene|Nuzzle|p1a: Comfey
|-damage|p1a: Comfey|70/100
|-status|p1a: Comfey|par
|
|-heal|p2a: Hatterene|73/100|[from] item: Leftovers
|upkeep
|turn|5
|
|t:|1758263111
|move|p1a: Comfey|Calm Mind|p1a: Comfey
|-boost|p1a: Comfey|spa|1
|-boost|p1a: Comfey|spd|1
|move|p2a: Hatterene|Psychic Noise|p1a: Comfey
|-damage|p1a: Comfey|49/100 par
|-start|p1a: Comfey|move: Heal Block
|
|-heal|p2a: Hatterene|79/100|[from] item: Leftovers
|upkeep
|turn|6
|
|t:|1758263120
|move|p1a: Comfey|Stored Power|p2a: Hatterene
|-resisted|p2a: Hatterene
|-damage|p2a: Hatterene|50/100
|move|p2a: Hatterene|Psychic Noise|p1a: Comfey
|-damage|p1a: Comfey|27/100 par
|
|-heal|p2a: Hatterene|56/100|[from] item: Leftovers
|-end|p1a: Comfey|move: Heal Block
|upkeep
|turn|7
|
|t:|1758263130
|cant|p1a: Comfey|par
|move|p2a: Hatterene|Psychic Noise|p1a: Comfey
|-damage|p1a: Comfey|1/100 par
|-start|p1a: Comfey|move: Heal Block
|
|-heal|p2a: Hatterene|62/100|[from] item: Leftovers
|upkeep
|turn|8
|
|t:|1758263138
|cant|p1a: Comfey|par
|move|p2a: Hatterene|Calm Mind|p2a: Hatterene
|-boost|p2a: Hatterene|spa|1
|-boost|p2a: Hatterene|spd|1
|
|-heal|p2a: Hatterene|68/100|[from] item: Leftovers
|-end|p1a: Comfey|move: Heal Block
|upkeep
|turn|9
|
|t:|1758263145
|move|p1a: Comfey|Draining Kiss|p2a: Hatterene
|-damage|p2a: Hatterene|41/100
|-heal|p1a: Comfey|29/100 par|[from] drain|[of] p2a: Hatterene
|move|p2a: Hatterene|Draining Kiss|p1a: Comfey
|-damage|p1a: Comfey|7/100 par
|-heal|p2a: Hatterene|57/100|[from] drain|[of] p1a: Comfey
|
|-heal|p2a: Hatterene|63/100|[from] item: Leftovers
|upkeep
|turn|10
|
|t:|1758263154
|cant|p1a: Comfey|par
|move|p2a: Hatterene|Draining Kiss|p1a: Comfey
|-damage|p1a: Comfey|0 fnt
|-heal|p2a: Hatterene|68/100|[from] drain|[of] p1a: Comfey
|faint|p1a: Comfey
|
|-heal|p2a: Hatterene|74/100|[from] item: Leftovers
|upkeep
|
|t:|1758263161
|switch|p1a: Lurantis|Lurantis, M|100/100
|turn|11
|
|t:|1758263169
|move|p1a: Lurantis|Superpower|p2a: Hatterene
|-resisted|p2a: Hatterene
|-crit|p2a: Hatterene
|-damage|p2a: Hatterene|58/100
|-boost|p1a: Lurantis|atk|1
|-boost|p1a: Lurantis|def|1
|move|p2a: Hatterene|Nuzzle|p1a: Lurantis
|-resisted|p1a: Lurantis
|-damage|p1a: Lurantis|99/100
|-status|p1a: Lurantis|par
|
|-heal|p2a: Hatterene|64/100|[from] item: Leftovers
|-heal|p1a: Lurantis|100/100 par|[from] item: Leftovers
|upkeep
|turn|12
|
|t:|1758263180
|move|p2a: Hatterene|Calm Mind|p2a: Hatterene
|-boost|p2a: Hatterene|spa|1
|-boost|p2a: Hatterene|spd|1
|move|p1a: Lurantis|Superpower|p2a: Hatterene
|-resisted|p2a: Hatterene
|-damage|p2a: Hatterene|49/100
|-boost|p1a: Lurantis|atk|1
|-boost|p1a: Lurantis|def|1
|
|-heal|p2a: Hatterene|55/100|[from] item: Leftovers
|upkeep
|turn|13
|
|t:|1758263189
|move|p2a: Hatterene|Draining Kiss|p1a: Lurantis
|-damage|p1a: Lurantis|38/100 par
|-heal|p2a: Hatterene|100/100|[from] drain|[of] p1a: Lurantis
|move|p1a: Lurantis|Superpower|p2a: Hatterene
|-resisted|p2a: Hatterene
|-damage|p2a: Hatterene|79/100
|-boost|p1a: Lurantis|atk|1
|-boost|p1a: Lurantis|def|1
|
|-heal|p2a: Hatterene|85/100|[from] item: Leftovers
|-heal|p1a: Lurantis|44/100 par|[from] item: Leftovers
|upkeep
|turn|14
|
|t:|1758263199
|move|p2a: Hatterene|Draining Kiss|p1a: Lurantis
|-damage|p1a: Lurantis|0 fnt
|-heal|p2a: Hatterene|100/100|[from] drain|[of] p1a: Lurantis
|faint|p1a: Lurantis
|
|upkeep
|
|t:|1758263207
|switch|p1a: Appletun|Appletun, M|100/100
|turn|15
|
|t:|1758263212
|move|p1a: Appletun|Light Screen|p1a: Appletun
|-sidestart|p1: quixic4|move: Light Screen
|move|p2a: Hatterene|Draining Kiss|p1a: Appletun
|-supereffective|p1a: Appletun
|-damage|p1a: Appletun|62/100
|
|-heal|p1a: Appletun|68/100|[from] item: Leftovers
|upkeep
|turn|16
|
|t:|1758263218
|move|p1a: Appletun|Amnesia|p1a: Appletun
|-boost|p1a: Appletun|spd|2
|move|p2a: Hatterene|Calm Mind|p2a: Hatterene
|-boost|p2a: Hatterene|spa|1
|-boost|p2a: Hatterene|spd|1
|
|-heal|p1a: Appletun|74/100|[from] item: Leftovers
|upkeep
|turn|17
|
|t:|1758263225
|move|p1a: Appletun|Leech Seed|p2a: Hatterene
|move|p2a: Hatterene|Leech Seed|p1a: Appletun|[from] ability: Magic Bounce
|-immune|p1a: Appletun
|move|p2a: Hatterene|Nuzzle|p1a: Appletun
|-resisted|p1a: Appletun
|-damage|p1a: Appletun|74/100
|-status|p1a: Appletun|par
|
|-heal|p1a: Appletun|80/100 par|[from] item: Leftovers
|upkeep
|turn|18
|
|t:|1758263235
|move|p2a: Hatterene|Calm Mind|p2a: Hatterene
|-boost|p2a: Hatterene|spa|1
|-boost|p2a: Hatterene|spd|1
|move|p1a: Appletun|Amnesia|p1a: Appletun
|-boost|p1a: Appletun|spd|2
|
|-heal|p1a: Appletun|86/100 par|[from] item: Leftovers
|upkeep
|turn|19
|
|t:|1758263245
|move|p2a: Hatterene|Calm Mind|p2a: Hatterene
|-boost|p2a: Hatterene|spa|1
|-boost|p2a: Hatterene|spd|1
|move|p1a: Appletun|Apple Acid|p2a: Hatterene
|-damage|p2a: Hatterene|93/100
|-unboost|p2a: Hatterene|spd|1
|
|-heal|p2a: Hatterene|99/100|[from] item: Leftovers
|-heal|p1a: Appletun|92/100 par|[from] item: Leftovers
|-sideend|p1: quixic4|move: Light Screen
|upkeep
|turn|20
|
|t:|1758263253
|move|p2a: Hatterene|Calm Mind|p2a: Hatterene
|-boost|p2a: Hatterene|spa|1
|-boost|p2a: Hatterene|spd|1
|cant|p1a: Appletun|par
|
|-heal|p2a: Hatterene|100/100|[from] item: Leftovers
|-heal|p1a: Appletun|98/100 par|[from] item: Leftovers
|upkeep
|turn|21
|
|t:|1758263260
|move|p2a: Hatterene|Draining Kiss|p1a: Appletun
|-supereffective|p1a: Appletun
|-damage|p1a: Appletun|44/100 par
|move|p1a: Appletun|Light Screen|p1a: Appletun
|-sidestart|p1: quixic4|move: Light Screen
|
|-heal|p1a: Appletun|50/100 par|[from] item: Leftovers
|upkeep
|turn|22
|
|t:|1758263267
|move|p2a: Hatterene|Draining Kiss|p1a: Appletun
|-supereffective|p1a: Appletun
|-damage|p1a: Appletun|25/100 par
|cant|p1a: Appletun|par
|
|-heal|p1a: Appletun|31/100 par|[from] item: Leftovers
|upkeep
|turn|23
|
|t:|1758263275
|move|p2a: Hatterene|Draining Kiss|p1a: Appletun
|-supereffective|p1a: Appletun
|-damage|p1a: Appletun|2/100 par
|move|p1a: Appletun|Apple Acid|p2a: Hatterene
|-damage|p2a: Hatterene|93/100
|-unboost|p2a: Hatterene|spd|1
|
|-heal|p2a: Hatterene|99/100|[from] item: Leftovers
|-heal|p1a: Appletun|9/100 par|[from] item: Leftovers
|upkeep
|turn|24
|
|t:|1758263285
|move|p2a: Hatterene|Draining Kiss|p1a: Appletun
|-supereffective|p1a: Appletun
|-crit|p1a: Appletun
|-damage|p1a: Appletun|0 fnt
|-heal|p2a: Hatterene|100/100|[from] drain|[of] p1a: Appletun
|faint|p1a: Appletun
|
|upkeep
|
|t:|1758263292
|switch|p1a: Sinistcha|Sinistcha|100/100
|turn|25
|
|t:|1758263295
|move|p1a: Sinistcha|Calm Mind|p1a: Sinistcha
|-boost|p1a: Sinistcha|spa|1
|-boost|p1a: Sinistcha|spd|1
|move|p2a: Hatterene|Draining Kiss|p1a: Sinistcha
|-damage|p1a: Sinistcha|53/100
|
|-heal|p1a: Sinistcha|59/100|[from] item: Leftovers
|-sideend|p1: quixic4|move: Light Screen
|upkeep
|turn|26
|
|t:|1758263303
|move|p1a: Sinistcha|Calm Mind|p1a: Sinistcha
|-boost|p1a: Sinistcha|spa|1
|-boost|p1a: Sinistcha|spd|1
|move|p2a: Hatterene|Nuzzle|p1a: Sinistcha
|-resisted|p1a: Sinistcha
|-damage|p1a: Sinistcha|57/100
|-status|p1a: Sinistcha|par
|
|-heal|p1a: Sinistcha|63/100 par|[from] item: Leftovers
|upkeep
|turn|27
|
|t:|1758263312
|move|p2a: Hatterene|Psychic Noise|p1a: Sinistcha
|-damage|p1a: Sinistcha|0 fnt
|faint|p1a: Sinistcha
|
|upkeep
|
|t:|1758263316
|switch|p1a: Hydrapple|Hydrapple, F|100/100
|turn|28
|
|t:|1758263319
|move|p1a: Hydrapple|Nasty Plot|p1a: Hydrapple
|-boost|p1a: Hydrapple|spa|2
|move|p2a: Hatterene|Nuzzle|p1a: Hydrapple
|-resisted|p1a: Hydrapple
|-damage|p1a: Hydrapple|99/100
|-status|p1a: Hydrapple|par
|
|upkeep
|turn|29
|
|t:|1758263326
|move|p2a: Hatterene|Draining Kiss|p1a: Hydrapple
|-supereffective|p1a: Hydrapple
|-damage|p1a: Hydrapple|0 fnt
|faint|p1a: Hydrapple
|
|win|brock the og
|raw|quixic4's rating: 1108 &rarr; <strong>1086</strong><br />(-22 for losing)
|raw|brock the og's rating: 1147 &rarr; <strong>1169</strong><br />(+22 for winning)
|l|☆quixic4
|player|p1|
|l|☆brock the og
|player|p2|
