|j|☆ripwal11
|j|☆LOUSINETCOKI
|t:|1758298315
|gametype|singles
|player|p1|ripwal11|169|1456
|player|p2|LOUSINETCOKI|2|1483
|gen|9
|tier|[Gen 9] OU
|rated|
|rule|HP Percentage Mod: HP is shown in percentages
|rule|Endless Battle Clause: Forcing endless battles is banned
|rule|Species Clause: Limit one of each Pokémon
|rule|OHKO Clause: OHKO moves are banned
|rule|Evasion Items Clause: Evasion items are banned
|rule|Evasion Moves Clause: Evasion moves are banned
|rule|Evasion Abilities Clause: Evasion abilities are banned
|rule|Sleep Moves Clause: Sleep-inducing moves are banned
|clearpoke
|poke|p1|Indeedee, M|
|poke|p1|Hatterene, F|
|poke|p1|Ursaluna, F|
|poke|p1|Iron Hands|
|poke|p1|Hoopa-Unbound|
|poke|p1|Mimikyu, F|
|poke|p2|Torkoal, F|
|poke|p2|Hatterene, F|
|poke|p2|Walking Wake|
|poke|p2|Iron Moth|
|poke|p2|Great Tusk|
|poke|p2|Lilligant-Hisui, F|
|teampreview
|inactive|Battle timer is ON: inactive players will automatically lose when time's up. (requested by LOUSINETCOKI)
|
|t:|1758298348
|teamsize|p1|6
|teamsize|p2|6
|start
|switch|p1a: Crashout YN|Ursaluna, F, shiny|100/100
|switch|p2a: Torkoal|Torkoal, F|100/100
|-weather|SunnyDay|[from] ability: Drought|[of] p2a: Torkoal
|turn|1
|
|t:|1758298354
|switch|p2a: Hatterene|Hatterene, F|100/100
|move|p1a: Crashout YN|Headlong Rush|p2a: Hatterene
|-damage|p2a: Hatterene|25/100
|-unboost|p1a: Crashout YN|def|1
|-unboost|p1a: Crashout YN|spd|1
|-enditem|p2a: Hatterene|Eject Button
|
|t:|1758298361
|switch|p2a: Walking Wake|Walking Wake|100/100
|-activate|p2a: Walking Wake|ability: Protosynthesis
|-start|p2a: Walking Wake|protosynthesisspe
|
|-weather|SunnyDay|[upkeep]
|-status|p1a: Crashout YN|brn|[from] item: Flame Orb
|upkeep
|turn|2
|
|t:|1758298368
|switch|p1a: Mimi|Mimikyu, F, shiny|100/100
|move|p2a: Walking Wake|Hydro Steam|p1a: Mimi
|-activate|p1a: Mimi|ability: Disguise
|-damage|p1a: Mimi|100/100
|detailschange|p1a: Mimi|Mimikyu-Busted, F, shiny
|-damage|p1a: Mimi|88/100|[from] pokemon: Mimikyu-Busted
|-enditem|p1a: Mimi|Red Card|[of] p2a: Walking Wake
|-end|p2a: Walking Wake|Protosynthesis|[silent]
|drag|p2a: Great Tusk|Great Tusk|100/100
|-activate|p2a: Great Tusk|ability: Protosynthesis
|-start|p2a: Great Tusk|protosynthesisspe
|
|-weather|SunnyDay|[upkeep]
|upkeep
|turn|3
|c|☆ripwal11|hehe xd
|
|t:|1758298390
|-end|p2a: Great Tusk|Protosynthesis|[silent]
|switch|p2a: Iron Moth|Iron Moth|100/100
|-enditem|p2a: Iron Moth|Booster Energy
|-activate|p2a: Iron Moth|ability: Quark Drive|[fromitem]
|-start|p2a: Iron Moth|quarkdrivespe
|move|p1a: Mimi|Trick Room|p1a: Mimi
|-fieldstart|move: Trick Room|[of] p1a: Mimi
|
|-weather|SunnyDay|[upkeep]
|upkeep
|turn|4
|
|t:|1758298414
|switch|p1a: Crashout YN|Ursaluna, F, shiny|100/100 brn
|move|p2a: Iron Moth|Sludge Wave|p1a: Crashout YN
|-resisted|p1a: Crashout YN
|-damage|p1a: Crashout YN|78/100 brn
|
|-weather|SunnyDay|[upkeep]
|-damage|p1a: Crashout YN|72/100 brn|[from] brn
|upkeep
|turn|5
|inactive|LOUSINETCOKI has 120 seconds left.
|
|t:|1758298444
|-end|p2a: Iron Moth|Quark Drive|[silent]
|switch|p2a: Great Tusk|Great Tusk|100/100
|-activate|p2a: Great Tusk|ability: Protosynthesis
|-start|p2a: Great Tusk|protosynthesisspe
|-terastallize|p1a: Crashout YN|Normal
|move|p1a: Crashout YN|Facade|p2a: Great Tusk
|-damage|p2a: Great Tusk|1/100
|-damage|p1a: Crashout YN|56/100 brn|[from] item: Rocky Helmet|[of] p2a: Great Tusk
|
|-weather|SunnyDay|[upkeep]
|-damage|p1a: Crashout YN|50/100 brn|[from] brn
|upkeep
|turn|6
|c|☆ripwal11|WHAT
|c|☆ripwal11|THE FUCK
|inactive|LOUSINETCOKI has 120 seconds left.
|
|t:|1758298458
|move|p1a: Crashout YN|Facade|p2a: Great Tusk
|-damage|p2a: Great Tusk|0 fnt
|-damage|p1a: Crashout YN|33/100 brn|[from] item: Rocky Helmet|[of] p2a: Great Tusk
|faint|p2a: Great Tusk
|-end|p2a: Great Tusk|Protosynthesis|[silent]
|
|-weather|SunnyDay|[upkeep]
|-damage|p1a: Crashout YN|27/100 brn|[from] brn
|upkeep
|c|☆ripwal11|THAT'S EXACTLY WHY I TERA'D
|c|☆ripwal11|SO THAT WOULDN'T HAPPEN
|
|t:|1758298465
|switch|p2a: Torkoal|Torkoal, F|100/100
|turn|7
|inactive|LOUSINETCOKI has 120 seconds left.
|
|t:|1758298486
|switch|p2a: Walking Wake|Walking Wake|100/100
|-activate|p2a: Walking Wake|ability: Protosynthesis
|-start|p2a: Walking Wake|protosynthesisspe
|switch|p1a: Subaru|Indeedee, M, shiny|100/100
|-fieldstart|move: Psychic Terrain|[from] ability: Psychic Surge|[of] p1a: Subaru
|
|-weather|SunnyDay|[upkeep]
|-fieldend|move: Trick Room
|upkeep
|turn|8
|
|t:|1758298498
|switch|p1a: King Von|Hoopa-Unbound|100/100
|-enditem|p1a: King Von|Psychic Seed
|-boost|p1a: King Von|spd|1|[from] item: Psychic Seed
|-terastallize|p2a: Walking Wake|Water
|move|p2a: Walking Wake|Hydro Steam|p1a: King Von
|-damage|p1a: King Von|41/100
|
|-weather|none
|-end|p2a: Walking Wake|Protosynthesis
|upkeep
|turn|9
|
|t:|1758298511
|-end|p2a: Walking Wake|Protosynthesis|[silent]
|switch|p2a: Hatterene|Hatterene, F|25/100
|move|p1a: King Von|Trick Room|p1a: King Von
|-fieldstart|move: Trick Room|[of] p1a: King Von
|
|upkeep
|turn|10
|
|t:|1758298524
|move|p2a: Hatterene|Draining Kiss|p1a: King Von
|-supereffective|p1a: King Von
|-damage|p1a: King Von|16/100
|-heal|p2a: Hatterene|46/100|[from] drain|[of] p1a: King Von
|move|p1a: King Von|Expanding Force|p2a: Hatterene
|-resisted|p2a: Hatterene
|-damage|p2a: Hatterene|5/100
|
|upkeep
|turn|11
|inactive|ripwal11 has 120 seconds left.
|
|t:|1758298583
|switch|p1a: Mimi|Mimikyu-Busted, F, shiny|88/100
|move|p2a: Hatterene|Draining Kiss|p1a: Mimi
|-damage|p1a: Mimi|66/100
|-heal|p2a: Hatterene|22/100|[from] drain|[of] p1a: Mimi
|
|upkeep
|turn|12
|
|t:|1758298593
|switch|p2a: Torkoal|Torkoal, F|100/100
|-weather|SunnyDay|[from] ability: Drought|[of] p2a: Torkoal
|move|p1a: Mimi|Curse|p2a: Torkoal
|-start|p2a: Torkoal|Curse|[of] p1a: Mimi
|-damage|p1a: Mimi|16/100
|
|-weather|SunnyDay|[upkeep]
|-damage|p2a: Torkoal|76/100|[from] Curse
|upkeep
|turn|13
|
|t:|1758298604
|move|p2a: Torkoal|Lava Plume|p1a: Mimi
|-damage|p1a: Mimi|0 fnt
|faint|p1a: Mimi
|
|-weather|SunnyDay|[upkeep]
|-damage|p2a: Torkoal|51/100|[from] Curse
|-fieldend|move: Trick Room
|upkeep
|
|t:|1758298615
|switch|p1a: Subaru|Indeedee, M, shiny|100/100
|turn|14
|
|t:|1758298624
|switch|p2a: Walking Wake|Walking Wake, tera:Water|100/100
|-activate|p2a: Walking Wake|ability: Protosynthesis
|-start|p2a: Walking Wake|protosynthesisspe
|move|p1a: Subaru|Trick Room|p1a: Subaru
|-fieldstart|move: Trick Room|[of] p1a: Subaru
|
|-weather|SunnyDay|[upkeep]
|-fieldend|move: Psychic Terrain
|upkeep
|turn|15
|inactive|ripwal11 has 120 seconds left.
|
|t:|1758298637
|move|p1a: Subaru|Healing Wish|p1a: Subaru
|faint|p1a: Subaru
|move|p2a: Walking Wake|Hydro Steam|p1: Subaru|[notarget]
|-fail|p2a: Walking Wake
|
|-weather|SunnyDay|[upkeep]
|upkeep
|
|t:|1758298642
|switch|p1a: LEBRON|Iron Hands, shiny|100/100
|-enditem|p1a: LEBRON|Booster Energy
|-activate|p1a: LEBRON|ability: Quark Drive|[fromitem]
|-start|p1a: LEBRON|quarkdriveatk
|turn|16
|inactive|ripwal11 has 120 seconds left.
|inactive|LOUSINETCOKI has 120 seconds left.
|
|t:|1758298684
|-end|p2a: Walking Wake|Protosynthesis|[silent]
|switch|p2a: Lilligant|Lilligant-Hisui, F|100/100
|move|p1a: LEBRON|Close Combat|p2a: Lilligant
|-damage|p2a: Lilligant|0 fnt
|-unboost|p1a: LEBRON|def|1
|-unboost|p1a: LEBRON|spd|1
|faint|p2a: Lilligant
|
|-weather|SunnyDay|[upkeep]
|upkeep
|
|t:|1758298694
|switch|p2a: Hatterene|Hatterene, F|22/100
|turn|17
|inactive|ripwal11 has 120 seconds left.
|
|t:|1758298701
|move|p2a: Hatterene|Draining Kiss|p1a: LEBRON
|-supereffective|p1a: LEBRON
|-damage|p1a: LEBRON|50/100
|-heal|p2a: Hatterene|75/100|[from] drain|[of] p1a: LEBRON
|move|p1a: LEBRON|Heavy Slam|p2a: Hatterene
|-supereffective|p2a: Hatterene
|-damage|p2a: Hatterene|0 fnt
|faint|p2a: Hatterene
|
|-weather|SunnyDay|[upkeep]
|upkeep
|
|t:|1758298713
|switch|p2a: Torkoal|Torkoal, F|51/100
|turn|18
|
|t:|1758298725
|-end|p1a: LEBRON|Quark Drive|[silent]
|switch|p1a: King Von|Hoopa-Unbound|16/100
|-heal|p1a: King Von|100/100|[from] move: Healing Wish
|move|p2a: Torkoal|Lava Plume|p1a: King Von
|-damage|p1a: King Von|74/100
|-status|p1a: King Von|brn
|
|-weather|SunnyDay|[upkeep]
|-damage|p1a: King Von|68/100 brn|[from] brn
|-fieldend|move: Trick Room
|upkeep
|turn|19
|inactive|LOUSINETCOKI has 120 seconds left.
|
|t:|1758298746
|move|p2a: Torkoal|Lava Plume|p1a: King Von
|-damage|p1a: King Von|41/100 brn
|move|p1a: King Von|Trick Room|p1a: King Von
|-fieldstart|move: Trick Room|[of] p1a: King Von
|
|-weather|none
|-damage|p1a: King Von|35/100 brn|[from] brn
|upkeep
|turn|20
|
|t:|1758298758
|move|p2a: Torkoal|Lava Plume|p1a: King Von
|-crit|p1a: King Von
|-damage|p1a: King Von|7/100 brn
|move|p1a: King Von|Expanding Force|p2a: Torkoal
|-damage|p2a: Torkoal|0 fnt
|faint|p2a: Torkoal
|-item|p1a: King Von|Heat Rock|[from] ability: Magician|[of] p2: Torkoal
|
|-damage|p1a: King Von|1/100 brn|[from] brn
|upkeep
|
|t:|1758298770
|switch|p2a: Walking Wake|Walking Wake, tera:Water|100/100
|turn|21
|
|t:|1758298775
|move|p1a: King Von|Expanding Force|p2a: Walking Wake
|-damage|p2a: Walking Wake|41/100
|move|p2a: Walking Wake|Hydro Steam|p1a: King Von
|-damage|p1a: King Von|0 fnt
|faint|p1a: King Von
|
|upkeep
|
|t:|1758298779
|switch|p1a: Crashout YN|Ursaluna, F, shiny, tera:Normal|27/100 brn
|turn|22
|c|☆LOUSINETCOKI|gg
|
|t:|1758298784
|move|p1a: Crashout YN|Headlong Rush|p2a: Walking Wake
|-damage|p2a: Walking Wake|0 fnt
|-unboost|p1a: Crashout YN|def|1
|-unboost|p1a: Crashout YN|spd|1
|faint|p2a: Walking Wake
|-end|p2a: Walking Wake|Protosynthesis|[silent]
|
|-damage|p1a: Crashout YN|21/100 brn|[from] brn
|upkeep
|c|☆ripwal11|gg
|-message|LOUSINETCOKI forfeited.
|
|win|ripwal11
|raw|ripwal11's rating: 1456 &rarr; <strong>1478</strong><br />(+22 for winning)
|raw|LOUSINETCOKI's rating: 1483 &rarr; <strong>1461</strong><br />(-22 for losing)
|l|☆LOUSINETCOKI
|player|p2|
