|j|☆ExecutiveExeggcute
|j|☆sanshater12
|t:|1758236306
|gametype|singles
|player|p1|ExecutiveExeggcute|265|1408
|player|p2|sanshater12|1|1451
|gen|9
|tier|[Gen 9] OU
|rated|
|rule|HP Percentage Mod: HP is shown in percentages
|rule|Endless Battle Clause: Forcing endless battles is banned
|rule|Species Clause: Limit one of each Pokémon
|rule|OHKO Clause: OHKO moves are banned
|rule|Evasion Items Clause: Evasion items are banned
|rule|Evasion Moves Clause: Evasion moves are banned
|rule|Evasion Abilities Clause: Evasion abilities are banned
|rule|Sleep Moves Clause: Sleep-inducing moves are banned
|clearpoke
|poke|p1|Indeedee, M|
|poke|p1|Armarouge, M|
|poke|p1|Hawlucha, M|
|poke|p1|Polteageist-Antique|
|poke|p1|Morpeko, M|
|poke|p1|Glaceon, F|
|poke|p2|Alomomola, M|
|poke|p2|Iron Hands|
|poke|p2|Dragonite, M|
|poke|p2|Kyurem|
|poke|p2|Weezing-Galar, M|
|poke|p2|Iron Valiant|
|teampreview
|inactive|Battle timer is ON: inactive players will automatically lose when time's up. (requested by sanshater12)
|inactive|sanshater12 has 120 seconds left.
|
|t:|1758236336
|teamsize|p1|6
|teamsize|p2|6
|start
|switch|p1a: Emma Frost|Glaceon, F, shiny|100/100
|switch|p2a: Iron Hands|Iron Hands|100/100
|-enditem|p2a: Iron Hands|Booster Energy
|-activate|p2a: Iron Hands|ability: Quark Drive|[fromitem]
|-start|p2a: Iron Hands|quarkdriveatk
|turn|1
|
|t:|1758236346
|switch|p1a: Gacha Eyes|Armarouge, M, shiny|100/100
|move|p2a: Iron Hands|Supercell Slam|p1a: Gacha Eyes
|-damage|p1a: Gacha Eyes|20/100
|-ability|p1a: Gacha Eyes|Weak Armor|boost
|-unboost|p1a: Gacha Eyes|def|1
|-boost|p1a: Gacha Eyes|spe|2
|
|upkeep
|turn|2
|
|t:|1758236358
|-end|p2a: Iron Hands|Quark Drive|[silent]
|switch|p2a: Alomomola|Alomomola, M|100/100
|move|p1a: Gacha Eyes|Expanding Force|p2a: Alomomola
|-damage|p2a: Alomomola|65/100
|
|upkeep
|turn|3
|
|t:|1758236372
|switch|p1a: Femboy Maid|Indeedee, M|100/100
|-fieldstart|move: Psychic Terrain|[from] ability: Psychic Surge|[of] p1a: Femboy Maid
|move|p2a: Alomomola|Flip Turn|p1a: Femboy Maid
|-damage|p1a: Femboy Maid|64/100
|
|t:|1758236382
|switch|p2a: Kyurem|Kyurem|100/100|[from] Flip Turn
|-ability|p2a: Kyurem|Pressure
|
|upkeep
|turn|4
|
|t:|1758236394
|switch|p1a: Gacha Eyes|Armarouge, M, shiny|20/100
|move|p2a: Kyurem|Freeze-Dry|p1a: Gacha Eyes
|-resisted|p1a: Gacha Eyes
|-damage|p1a: Gacha Eyes|0 fnt
|faint|p1a: Gacha Eyes
|
|upkeep
|
|t:|1758236400
|switch|p1a: Short King|Hawlucha, M|100/100
|-enditem|p1a: Short King|Psychic Seed
|-boost|p1a: Short King|spd|1|[from] item: Psychic Seed
|turn|5
|
|t:|1758236404
|move|p1a: Short King|Swords Dance|p1a: Short King
|-boost|p1a: Short King|atk|2
|move|p2a: Kyurem|Freeze-Dry|p1a: Short King
|-supereffective|p1a: Short King
|-damage|p1a: Short King|26/100
|-status|p1a: Short King|frz
|
|upkeep
|turn|6
|
|t:|1758236411
|-curestatus|p1a: Short King|frz|[msg]
|move|p1a: Short King|Close Combat|p2a: Kyurem
|-supereffective|p2a: Kyurem
|-damage|p2a: Kyurem|0 fnt
|-unboost|p1a: Short King|def|1
|-unboost|p1a: Short King|spd|1
|faint|p2a: Kyurem
|
|upkeep
|
|t:|1758236419
|switch|p2a: Weezing|Weezing-Galar, M|100/100
|turn|7
|
|t:|1758236423
|move|p1a: Short King|Acrobatics|p2a: Weezing
|-crit|p2a: Weezing
|-damage|p2a: Weezing|3/100
|move|p2a: Weezing|Strange Steam|p1a: Short King
|-supereffective|p1a: Short King
|-damage|p1a: Short King|0 fnt
|faint|p1a: Short King
|
|upkeep
|
|t:|1758236429
|switch|p1a: Hampter|Morpeko, M, shiny|100/100
|turn|8
|
|t:|1758236443
|move|p1a: Hampter|Aura Wheel|p2a: Weezing
|-damage|p2a: Weezing|0 fnt
|-boost|p1a: Hampter|spe|1
|faint|p2a: Weezing
|
|-formechange|p1a: Hampter|Morpeko-Hangry||[from] ability: Hunger Switch
|upkeep
|
|t:|1758236444
|switch|p2a: Iron Hands|Iron Hands|100/100
|turn|9
|
|t:|1758236461
|move|p1a: Hampter|Taunt|p2a: Iron Hands
|-start|p2a: Iron Hands|move: Taunt
|move|p2a: Iron Hands|Close Combat|p1a: Hampter
|-supereffective|p1a: Hampter
|-enditem|p1a: Hampter|Focus Sash
|-damage|p1a: Hampter|1/100
|-unboost|p2a: Iron Hands|def|1
|-unboost|p2a: Iron Hands|spd|1
|
|-formechange|p1a: Hampter|Morpeko||[from] ability: Hunger Switch
|upkeep
|turn|10
|
|t:|1758236471
|move|p1a: Hampter|Aura Wheel|p2a: Iron Hands
|-resisted|p2a: Iron Hands
|-damage|p2a: Iron Hands|76/100
|-boost|p1a: Hampter|spe|1
|move|p2a: Iron Hands|Supercell Slam|p1a: Hampter
|-resisted|p1a: Hampter
|-damage|p1a: Hampter|0 fnt
|faint|p1a: Hampter
|
|-fieldend|move: Psychic Terrain
|upkeep
|
|t:|1758236473
|switch|p1a: Femboy Maid|Indeedee, M|64/100
|-fieldstart|move: Psychic Terrain|[from] ability: Psychic Surge|[of] p1a: Femboy Maid
|turn|11
|
|t:|1758236479
|-end|p2a: Iron Hands|Quark Drive|[silent]
|switch|p2a: Alomomola|Alomomola, M|98/100
|move|p1a: Femboy Maid|Healing Wish|p1a: Femboy Maid
|faint|p1a: Femboy Maid
|
|upkeep
|
|t:|1758236481
|switch|p1a: Body Tea|Polteageist-Antique, shiny|100/100
|turn|12
|
|t:|1758236486
|move|p1a: Body Tea|Shell Smash|p1a: Body Tea
|-unboost|p1a: Body Tea|def|1
|-unboost|p1a: Body Tea|spd|1
|-boost|p1a: Body Tea|atk|2
|-boost|p1a: Body Tea|spa|2
|-boost|p1a: Body Tea|spe|2
|move|p2a: Alomomola|Flip Turn|p1a: Body Tea
|-damage|p1a: Body Tea|55/100
|-ability|p1a: Body Tea|Weak Armor|boost
|-unboost|p1a: Body Tea|def|1
|-boost|p1a: Body Tea|spe|2
|
|t:|1758236492
|switch|p2a: Iron Hands|Iron Hands|76/100|[from] Flip Turn
|
|upkeep
|turn|13
|
|t:|1758236497
|-terastallize|p2a: Iron Hands|Flying
|move|p1a: Body Tea|Stored Power|p2a: Iron Hands
|-damage|p2a: Iron Hands|0 fnt
|faint|p2a: Iron Hands
|-end|p2a: Iron Hands|Quark Drive|[silent]
|
|upkeep
|
|t:|1758236505
|switch|p2a: Dragonite|Dragonite, M|100/100
|turn|14
|
|t:|1758236509
|move|p1a: Body Tea|Stored Power|p2a: Dragonite
|-damage|p2a: Dragonite|22/100
|move|p2a: Dragonite|Earthquake|p1a: Body Tea
|-damage|p1a: Body Tea|0 fnt
|faint|p1a: Body Tea
|
|-heal|p2a: Dragonite|28/100|[from] item: Leftovers
|upkeep
|
|t:|1758236515
|switch|p1a: Emma Frost|Glaceon, F, shiny|100/100
|turn|15
|
|t:|1758236524
|switch|p2a: Iron Valiant|Iron Valiant|100/100
|-enditem|p2a: Iron Valiant|Booster Energy
|-activate|p2a: Iron Valiant|ability: Quark Drive|[fromitem]
|-start|p2a: Iron Valiant|quarkdrivespe
|move|p1a: Emma Frost|Freeze-Dry|p2a: Iron Valiant
|-damage|p2a: Iron Valiant|36/100
|
|upkeep
|turn|16
|
|t:|1758236533
|-terastallize|p1a: Emma Frost|Ground
|move|p2a: Iron Valiant|Moonblast|p1a: Emma Frost
|-damage|p1a: Emma Frost|41/100
|move|p1a: Emma Frost|Freeze-Dry|p2a: Iron Valiant
|-damage|p2a: Iron Valiant|0 fnt
|faint|p2a: Iron Valiant
|-end|p2a: Iron Valiant|Quark Drive|[silent]
|
|upkeep
|
|t:|1758236540
|switch|p2a: Alomomola|Alomomola, M|100/100
|turn|17
|
|t:|1758236542
|move|p1a: Emma Frost|Freeze-Dry|p2a: Alomomola
|-supereffective|p2a: Alomomola
|-damage|p2a: Alomomola|63/100
|move|p2a: Alomomola|Mirror Coat|p1a: Emma Frost
|-damage|p1a: Emma Frost|0 fnt
|faint|p1a: Emma Frost
|
|win|sanshater12
|raw|ExecutiveExeggcute's rating: 1408 &rarr; <strong>1390</strong><br />(-18 for losing)
|raw|sanshater12's rating: 1451 &rarr; <strong>1469</strong><br />(+18 for winning)
|l|☆sanshater12
|player|p2|
|l|☆ExecutiveExeggcute
|player|p1|
