|j|☆Psycho16
|j|☆Bobforce1
|t:|1758248355
|gametype|singles
|player|p1|Psycho16|petrel|1357
|player|p2|Bobforce1|hoopster|1331
|gen|9
|tier|[Gen 9] OU
|rated|
|rule|HP Percentage Mod: HP is shown in percentages
|rule|Endless Battle Clause: Forcing endless battles is banned
|rule|Species Clause: Limit one of each Pokémon
|rule|OHKO Clause: OHKO moves are banned
|rule|Evasion Items Clause: Evasion items are banned
|rule|Evasion Moves Clause: Evasion moves are banned
|rule|Evasion Abilities Clause: Evasion abilities are banned
|rule|Sleep Moves Clause: Sleep-inducing moves are banned
|clearpoke
|poke|p1|Toxapex, F|
|poke|p1|Incineroar, F|
|poke|p1|Dragonite, M|
|poke|p1|Kilowattrel, F|
|poke|p1|Ditto|
|poke|p1|Cinderace, M|
|poke|p2|Indeedee, M|
|poke|p2|Cinderace, M|
|poke|p2|Iron Boulder|
|poke|p2|Hatterene, F|
|poke|p2|Iron Valiant|
|poke|p2|Iron Treads|
|teampreview
|inactive|Battle timer is ON: inactive players will automatically lose when time's up. (requested by Psycho16)
|
|t:|1758248366
|teamsize|p1|6
|teamsize|p2|6
|start
|switch|p1a: Kilowattrel|Kilowattrel, F|100/100
|switch|p2a: Cinderace|Cinderace, M|100/100
|turn|1
|
|t:|1758248383
|move|p2a: Cinderace|Sucker Punch|p1a: Kilowattrel
|-start|p2a: Cinderace|typechange|Dark|[from] ability: Libero
|-damage|p1a: Kilowattrel|15/100
|move|p1a: Kilowattrel|Volt Switch|p2a: Cinderace
|-damage|p2a: Cinderace|33/100
|
|t:|1758248394
|switch|p1a: Incineroar|Incineroar, F, shiny|100/100|[from] Volt Switch
|-ability|p1a: Incineroar|Intimidate|boost
|-unboost|p2a: Cinderace|atk|1
|
|upkeep
|turn|2
|
|t:|1758248405
|switch|p2a: Hatterene|Hatterene, F|100/100
|move|p1a: Incineroar|Parting Shot|p2a: Hatterene
|move|p2a: Hatterene|Parting Shot|p1a: Incineroar|[from] ability: Magic Bounce
|-unboost|p1a: Incineroar|atk|1
|-unboost|p1a: Incineroar|spa|1
|
|t:|1758248423
|switch|p2a: Indeedee|Indeedee, M|100/100|[from] Parting Shot
|-fieldstart|move: Psychic Terrain|[from] ability: Psychic Surge|[of] p2a: Indeedee
|
|upkeep
|turn|3
|
|t:|1758248435
|switch|p2a: Hatterene|Hatterene, F|100/100
|move|p1a: Incineroar|Parting Shot|p2a: Hatterene
|move|p2a: Hatterene|Parting Shot|p1a: Incineroar|[from] ability: Magic Bounce
|-unboost|p1a: Incineroar|atk|1
|-unboost|p1a: Incineroar|spa|1
|inactive|Bobforce1 has 120 seconds left.
|
|t:|1758248451
|switch|p2a: Iron Treads|Iron Treads|100/100|[from] Parting Shot
|-enditem|p2a: Iron Treads|Booster Energy
|-activate|p2a: Iron Treads|ability: Quark Drive|[fromitem]
|-start|p2a: Iron Treads|quarkdrivespe
|
|upkeep
|turn|4
|inactive|Bobforce1 has 120 seconds left.
|
|t:|1758248466
|move|p2a: Iron Treads|Stealth Rock|p1a: Incineroar
|-sidestart|p1: Psycho16|move: Stealth Rock
|move|p1a: Incineroar|Parting Shot|p2a: Iron Treads
|-unboost|p2a: Iron Treads|atk|1
|-unboost|p2a: Iron Treads|spa|1
|
|t:|1758248469
|switch|p1a: Cinderace|Cinderace, M|100/100|[from] Parting Shot
|
|upkeep
|turn|5
|inactive|Bobforce1 has 120 seconds left.
|
|t:|1758248505
|-end|p2a: Iron Treads|Quark Drive|[silent]
|switch|p2a: Hatterene|Hatterene, F|100/100
|move|p1a: Cinderace|Pyro Ball|p2a: Hatterene|[miss]
|-miss|p1a: Cinderace|p2a: Hatterene
|
|upkeep
|turn|6
|
|t:|1758248513
|move|p1a: Cinderace|Court Change|p1a: Cinderace
|-start|p1a: Cinderace|typechange|Normal|[from] ability: Libero
|-swapsideconditions
|-activate|p1a: Cinderace|move: Court Change
|move|p2a: Hatterene|Nuzzle|p1a: Cinderace
|-damage|p1a: Cinderace|95/100
|-status|p1a: Cinderace|par
|
|upkeep
|turn|7
|
|t:|1758248525
|cant|p1a: Cinderace|par
|move|p2a: Hatterene|Psychic Noise|p1a: Cinderace
|-damage|p1a: Cinderace|27/100 par
|-start|p1a: Cinderace|move: Heal Block
|
|upkeep
|turn|8
|
|t:|1758248533
|move|p1a: Cinderace|U-turn|p2a: Hatterene
|-damage|p2a: Hatterene|81/100
|-enditem|p2a: Hatterene|Eject Button
|
|t:|1758248549
|switch|p2a: Iron Treads|Iron Treads|100/100
|-damage|p2a: Iron Treads|97/100|[from] Stealth Rock
|
|-end|p1a: Cinderace|move: Heal Block
|upkeep
|turn|9
|inactive|Psycho16 has 120 seconds left.
|
|t:|1758248579
|switch|p1a: Incineroar|Incineroar, F, shiny|100/100
|-ability|p1a: Incineroar|Intimidate|boost
|-unboost|p2a: Iron Treads|atk|1
|move|p2a: Iron Treads|Knock Off|p1a: Incineroar
|-resisted|p1a: Incineroar
|-damage|p1a: Incineroar|94/100
|-enditem|p1a: Incineroar|Sitrus Berry|[from] move: Knock Off|[of] p2a: Iron Treads
|
|-fieldend|move: Psychic Terrain
|upkeep
|turn|10
|
|t:|1758248590
|move|p2a: Iron Treads|Rapid Spin|p1a: Incineroar
|-damage|p1a: Incineroar|87/100
|-boost|p2a: Iron Treads|spe|1
|-sideend|p2: Bobforce1|Stealth Rock|[from] move: Rapid Spin|[of] p2a: Iron Treads
|move|p1a: Incineroar|Flare Blitz|p2a: Iron Treads
|-supereffective|p2a: Iron Treads
|-damage|p2a: Iron Treads|5/100
|-damage|p1a: Incineroar|56/100|[from] Recoil
|
|upkeep
|turn|11
|inactive|Bobforce1 has 90 seconds left.
|
|t:|1758248608
|switch|p1a: Dragonite|Dragonite, M|100/100
|move|p2a: Iron Treads|Stealth Rock|p1a: Dragonite
|-sidestart|p1: Psycho16|move: Stealth Rock
|
|upkeep
|turn|12
|inactive|Bobforce1 has 90 seconds left.
|
|t:|1758248627
|-end|p2a: Iron Treads|Quark Drive|[silent]
|switch|p2a: Hatterene|Hatterene, F|81/100
|move|p1a: Dragonite|Extreme Speed|p2a: Hatterene
|-damage|p2a: Hatterene|54/100
|
|upkeep
|turn|13
|inactive|Bobforce1 has 90 seconds left.
|
|t:|1758248641
|move|p1a: Dragonite|Iron Head|p2a: Hatterene
|-supereffective|p2a: Hatterene
|-damage|p2a: Hatterene|5/100
|cant|p2a: Hatterene|flinch
|
|upkeep
|turn|14
|inactive|Bobforce1 has 90 seconds left.
|
|t:|1758248651
|move|p1a: Dragonite|Iron Head|p2a: Hatterene
|-supereffective|p2a: Hatterene
|-damage|p2a: Hatterene|0 fnt
|faint|p2a: Hatterene
|
|upkeep
|inactive|Bobforce1 has 90 seconds left.
|inactive|Bobforce1 has 60 seconds left.
|
|t:|1758248691
|switch|p2a: Iron Treads|Iron Treads|5/100
|turn|15
|
|t:|1758248701
|move|p1a: Dragonite|Extreme Speed|p2a: Iron Treads
|-resisted|p2a: Iron Treads
|-damage|p2a: Iron Treads|0 fnt
|faint|p2a: Iron Treads
|-end|p2a: Iron Treads|Quark Drive|[silent]
|
|upkeep
|
|t:|1758248706
|switch|p2a: Indeedee|Indeedee, M|100/100
|-fieldstart|move: Psychic Terrain|[from] ability: Psychic Surge|[of] p2a: Indeedee
|turn|16
|
|t:|1758248717
|move|p2a: Indeedee|Encore|p1a: Dragonite
|-start|p1a: Dragonite|Encore
|move|p1a: Dragonite|Extreme Speed|p2a: Indeedee
|-damage|p2a: Indeedee|37/100
|
|upkeep
|turn|17
|
|t:|1758248740
|switch|p2a: Cinderace|Cinderace, M|33/100
|move|p1a: Dragonite|Extreme Speed|p2a: Cinderace
|-activate|p2a: Cinderace|move: Psychic Terrain
|
|upkeep
|turn|18
|inactive|Bobforce1 has 60 seconds left.
|
|t:|1758248772
|switch|p1a: Incineroar|Incineroar, F, shiny|56/100
|-damage|p1a: Incineroar|31/100|[from] Stealth Rock
|-ability|p1a: Incineroar|Intimidate|boost
|-unboost|p2a: Cinderace|atk|1
|move|p2a: Cinderace|U-turn|p1a: Incineroar
|-start|p2a: Cinderace|typechange|Bug|[from] ability: Libero
|-damage|p1a: Incineroar|2/100
|
|t:|1758248790
|switch|p2a: Indeedee|Indeedee, M|37/100|[from] U-turn
|
|upkeep
|turn|19
|
|t:|1758248796
|move|p2a: Indeedee|Tera Blast|p1a: Incineroar
|-damage|p1a: Incineroar|0 fnt
|faint|p1a: Incineroar
|
|upkeep
|
|t:|1758248799
|switch|p1a: Cinderace|Cinderace, M|27/100 par
|turn|20
|
|t:|1758248805
|move|p1a: Cinderace|Sucker Punch|p2a: Indeedee
|-start|p1a: Cinderace|typechange|Dark|[from] ability: Libero
|-activate|p2a: Indeedee|move: Psychic Terrain
|move|p2a: Indeedee|Expanding Force|p1a: Cinderace
|-immune|p1a: Cinderace
|
|upkeep
|turn|21
|
|t:|1758248822
|move|p2a: Indeedee|Tera Blast|p1a: Cinderace
|-damage|p1a: Cinderace|0 fnt
|faint|p1a: Cinderace
|
|upkeep
|
|t:|1758248827
|switch|p1a: Kilowattrel|Kilowattrel, F|15/100
|-damage|p1a: Kilowattrel|0 fnt|[from] Stealth Rock
|faint|p1a: Kilowattrel
|
|t:|1758248831
|switch|p1a: Dragonite|Dragonite, M|100/100
|-damage|p1a: Dragonite|76/100|[from] Stealth Rock
|turn|22
|inactive|Bobforce1 has 60 seconds left.
|
|t:|1758248842
|switch|p2a: Iron Valiant|Iron Valiant|100/100
|-enditem|p2a: Iron Valiant|Booster Energy
|-activate|p2a: Iron Valiant|ability: Quark Drive|[fromitem]
|-start|p2a: Iron Valiant|quarkdrivespe
|move|p1a: Dragonite|Scale Shot|p2a: Iron Valiant
|-immune|p2a: Iron Valiant
|
|upkeep
|turn|23
|inactive|Bobforce1 has 60 seconds left.
|
|t:|1758248854
|-terastallize|p1a: Dragonite|Steel
|move|p2a: Iron Valiant|Moonblast|p1a: Dragonite
|-resisted|p1a: Dragonite
|-crit|p1a: Dragonite
|-damage|p1a: Dragonite|44/100
|-unboost|p1a: Dragonite|spa|1
|move|p1a: Dragonite|Iron Head|p2a: Iron Valiant
|-supereffective|p2a: Iron Valiant
|-damage|p2a: Iron Valiant|0 fnt
|faint|p2a: Iron Valiant
|-end|p2a: Iron Valiant|Quark Drive|[silent]
|
|-fieldend|move: Psychic Terrain
|upkeep
|inactive|Bobforce1 has 60 seconds left.
|
|t:|1758248867
|switch|p2a: Indeedee|Indeedee, M|37/100
|-fieldstart|move: Psychic Terrain|[from] ability: Psychic Surge|[of] p2a: Indeedee
|turn|24
|inactive|Bobforce1 has 60 seconds left.
|
|t:|1758248883
|move|p2a: Indeedee|Expanding Force|p1a: Dragonite
|-resisted|p1a: Dragonite
|-damage|p1a: Dragonite|12/100
|move|p1a: Dragonite|Iron Head|p2a: Indeedee
|-damage|p2a: Indeedee|0 fnt
|faint|p2a: Indeedee
|
|upkeep
|
|t:|1758248889
|switch|p2a: Cinderace|Cinderace, M|33/100
|turn|25
|inactive|Bobforce1 has 60 seconds left.
|
|t:|1758248895
|switch|p1a: Toxapex|Toxapex, F|100/100
|-damage|p1a: Toxapex|88/100|[from] Stealth Rock
|move|p2a: Cinderace|Pyro Ball|p1a: Toxapex
|-resisted|p1a: Toxapex
|-damage|p1a: Toxapex|53/100
|
|-heal|p1a: Toxapex|60/100|[from] item: Black Sludge
|upkeep
|turn|26
|inactive|Bobforce1 has 60 seconds left.
|
|t:|1758248906
|switch|p2a: Iron Boulder|Iron Boulder|100/100
|-enditem|p2a: Iron Boulder|Booster Energy
|-activate|p2a: Iron Boulder|ability: Quark Drive|[fromitem]
|-start|p2a: Iron Boulder|quarkdrivespe
|move|p1a: Toxapex|Recover|p1a: Toxapex
|-heal|p1a: Toxapex|100/100
|
|upkeep
|turn|27
|inactive|Bobforce1 has 60 seconds left.
|
|t:|1758248933
|move|p2a: Iron Boulder|Zen Headbutt|p1a: Toxapex
|-supereffective|p1a: Toxapex
|-damage|p1a: Toxapex|11/100
|move|p1a: Toxapex|Toxic|p2a: Iron Boulder
|-status|p2a: Iron Boulder|tox
|
|-heal|p1a: Toxapex|17/100|[from] item: Black Sludge
|-damage|p2a: Iron Boulder|94/100 tox|[from] psn
|upkeep
|turn|28
|inactive|Bobforce1 has 30 seconds left.
|
|t:|1758248960
|move|p2a: Iron Boulder|Zen Headbutt|p1a: Toxapex
|-supereffective|p1a: Toxapex
|-damage|p1a: Toxapex|0 fnt
|faint|p1a: Toxapex
|
|-damage|p2a: Iron Boulder|82/100 tox|[from] psn
|upkeep
|
|t:|1758248962
|switch|p1a: Ditto|Ditto|100/100
|-damage|p1a: Ditto|88/100|[from] Stealth Rock
|-transform|p1a: Ditto|p2a: Iron Boulder|[from] ability: Imposter
|turn|29
|inactive|Bobforce1 has 30 seconds left.
|inactive|Bobforce1 has 20 seconds left.
|inactive|Bobforce1 has 15 seconds left.
|inactive|Bobforce1 has 10 seconds left.
|inactive|Bobforce1 has 5 seconds left.
|
|t:|1758249004
|-terastallize|p2a: Iron Boulder|Fighting
|move|p2a: Iron Boulder|Close Combat|p1a: Ditto
|-damage|p1a: Ditto|8/100
|-unboost|p2a: Iron Boulder|def|1
|-unboost|p2a: Iron Boulder|spd|1
|move|p1a: Ditto|Mighty Cleave|p2a: Iron Boulder
|-resisted|p2a: Iron Boulder
|-damage|p2a: Iron Boulder|37/100 tox
|
|-damage|p2a: Iron Boulder|18/100 tox|[from] psn
|upkeep
|turn|30
|inactive|Bobforce1 has 15 seconds left this turn.
|inactive|Bobforce1 has 10 seconds left.
|inactive|Bobforce1 has 5 seconds left.
|
|t:|1758249018
|move|p1a: Ditto|Mighty Cleave|p2a: Iron Boulder
|-resisted|p2a: Iron Boulder
|-damage|p2a: Iron Boulder|0 fnt
|faint|p2a: Iron Boulder
|-end|p2a: Iron Boulder|Quark Drive|[silent]
|
|upkeep
|inactive|Bobforce1 has 10 seconds left this turn.
|
|t:|1758249023
|switch|p2a: Cinderace|Cinderace, M|33/100
|turn|31
|inactive|Bobforce1 has 20 seconds left this turn.
|inactive|Bobforce1 has 15 seconds left.
|
|t:|1758249031
|move|p1a: Ditto|Mighty Cleave|p2a: Cinderace
|-supereffective|p2a: Cinderace
|-damage|p2a: Cinderace|0 fnt
|faint|p2a: Cinderace
|
|win|Psycho16
|raw|Psycho16's rating: 1357 &rarr; <strong>1376</strong><br />(+19 for winning)
|raw|Bobforce1's rating: 1331 &rarr; <strong>1312</strong><br />(-19 for losing)
|c|☆Psycho16|Noob
|l|☆Bobforce1
|player|p2|
|c|☆Psycho16|Loser
|l|☆Psycho16
|player|p1|
