|j|☆JPBuck
|j|☆kekeyu
|t:|1758262995
|gametype|singles
|player|p1|JPBuck|cynthia-gen4|1371
|player|p2|kekeyu|backersf|1360
|gen|9
|tier|[Gen 9] OU
|rated|
|rule|HP Percentage Mod: HP is shown in percentages
|rule|Endless Battle Clause: Forcing endless battles is banned
|rule|Species Clause: Limit one of each Pokémon
|rule|OHKO Clause: OHKO moves are banned
|rule|Evasion Items Clause: Evasion items are banned
|rule|Evasion Moves Clause: Evasion moves are banned
|rule|Evasion Abilities Clause: Evasion abilities are banned
|rule|Sleep Moves Clause: Sleep-inducing moves are banned
|clearpoke
|poke|p1|Serperior, F|
|poke|p1|Moltres-Galar|
|poke|p1|Garganacl, M|
|poke|p1|Slowking-Galar, F|
|poke|p1|Iron Hands|
|poke|p1|Landorus-Therian, M|
|poke|p2|Torkoal, F|
|poke|p2|Walking Wake|
|poke|p2|Great Tusk|
|poke|p2|Rillaboom, M|
|poke|p2|Slowking-Galar, M|
|poke|p2|Kleavor, M|
|teampreview
|
|t:|1758263017
|teamsize|p1|6
|teamsize|p2|6
|start
|switch|p1a: Landorus|Landorus-Therian, M|100/100
|switch|p2a: Kleavor|Kleavor, M|100/100
|-ability|p1a: Landorus|Intimidate|boost
|-unboost|p2a: Kleavor|atk|1
|turn|1
|
|t:|1758263027
|move|p2a: Kleavor|U-turn|p1a: Landorus
|-resisted|p1a: Landorus
|-damage|p1a: Landorus|85/100
|-damage|p2a: Kleavor|84/100|[from] item: Rocky Helmet|[of] p1a: Landorus
|
|t:|1758263038
|switch|p2a: Great Tusk|Great Tusk|100/100|[from] U-turn
|move|p1a: Landorus|Taunt|p2a: Great Tusk
|-start|p2a: Great Tusk|move: Taunt
|
|upkeep
|turn|2
|
|t:|1758263048
|move|p1a: Landorus|U-turn|p2a: Great Tusk
|-resisted|p2a: Great Tusk
|-damage|p2a: Great Tusk|95/100
|inactive|Battle timer is ON: inactive players will automatically lose when time's up. (requested by kekeyu)
|inactive|JPBuck has 120 seconds left.
|l|☆kekeyu
|inactive|kekeyu disconnected and has a minute to reconnect!
|player|p2|
|j|☆kekeyu
|inactive|kekeyu reconnected.
|player|p2|kekeyu|backersf|
|inactive|JPBuck has 90 seconds left.
|
|t:|1758263145
|switch|p1a: Slowking|Slowking-Galar, F|100/100|[from] U-turn
|move|p2a: Great Tusk|Rapid Spin|p1a: Slowking
|-damage|p1a: Slowking|86/100
|-boost|p2a: Great Tusk|spe|1
|
|-heal|p2a: Great Tusk|100/100|[from] item: Leftovers
|-heal|p1a: Slowking|92/100|[from] item: Leftovers
|upkeep
|turn|3
|
|t:|1758263153
|-end|p2a: Great Tusk|Protosynthesis|[silent]
|switch|p2a: Slowking|Slowking-Galar, M|100/100
|move|p1a: Slowking|Future Sight|p2a: Slowking
|-start|p1a: Slowking|move: Future Sight
|
|-heal|p1a: Slowking|98/100|[from] item: Leftovers
|upkeep
|turn|4
|
|t:|1758263166
|switch|p1a: Garganacl|Garganacl, M|100/100
|move|p2a: Slowking|Sludge Bomb|p1a: Garganacl
|-resisted|p1a: Garganacl
|-damage|p1a: Garganacl|79/100
|
|-heal|p1a: Garganacl|85/100|[from] item: Leftovers
|upkeep
|turn|5
|inactive|JPBuck has 120 seconds left.
|inactive|JPBuck has 90 seconds left.
|c|☆kekeyu|1
|
|t:|1758263243
|move|p1a: Garganacl|Curse|p1a: Garganacl
|-unboost|p1a: Garganacl|spe|1
|-boost|p1a: Garganacl|atk|1
|-boost|p1a: Garganacl|def|1
|move|p2a: Slowking|Psychic|p1a: Garganacl
|-damage|p1a: Garganacl|39/100
|
|-end|p2a: Slowking|move: Future Sight
|-damage|p2a: Slowking|76/100
|-heal|p1a: Garganacl|46/100|[from] item: Leftovers
|upkeep
|turn|6
|
|t:|1758263262
|move|p2a: Slowking|Psychic|p1a: Garganacl
|-damage|p1a: Garganacl|2/100
|move|p1a: Garganacl|Recover|p1a: Garganacl
|-heal|p1a: Garganacl|52/100
|
|-heal|p1a: Garganacl|58/100|[from] item: Leftovers
|upkeep
|turn|7
|
|t:|1758263271
|move|p2a: Slowking|Psychic|p1a: Garganacl
|-damage|p1a: Garganacl|15/100
|move|p1a: Garganacl|Recover|p1a: Garganacl
|-heal|p1a: Garganacl|65/100
|
|-heal|p1a: Garganacl|72/100|[from] item: Leftovers
|upkeep
|turn|8
|
|t:|1758263274
|move|p2a: Slowking|Psychic|p1a: Garganacl
|-damage|p1a: Garganacl|30/100
|move|p1a: Garganacl|Salt Cure|p2a: Slowking
|-damage|p2a: Slowking|55/100
|-start|p2a: Slowking|Salt Cure
|
|-heal|p1a: Garganacl|36/100|[from] item: Leftovers
|-damage|p2a: Slowking|42/100|[from] Salt Cure
|upkeep
|turn|9
|
|t:|1758263279
|switch|p1a: Moltres|Moltres-Galar|100/100
|move|p2a: Slowking|Psychic|p1a: Moltres
|-immune|p1a: Moltres
|
|-damage|p2a: Slowking|30/100|[from] Salt Cure
|upkeep
|turn|10
|
|t:|1758263288
|switch|p2a: Kleavor|Kleavor, M|84/100
|move|p1a: Moltres|Nasty Plot|p1a: Moltres
|-boost|p1a: Moltres|spa|2
|
|upkeep
|turn|11
|
|t:|1758263309
|move|p2a: Kleavor|Stone Axe|p1a: Moltres
|-supereffective|p1a: Moltres
|-damage|p1a: Moltres|0 fnt
|-sidestart|p1: JPBuck|move: Stealth Rock
|faint|p1a: Moltres
|
|upkeep
|inactive|JPBuck has 90 seconds left.
|
|t:|1758263321
|switch|p1a: Iron Hands|Iron Hands|100/100
|-damage|p1a: Iron Hands|94/100|[from] Stealth Rock
|-enditem|p1a: Iron Hands|Booster Energy
|-activate|p1a: Iron Hands|ability: Quark Drive|[fromitem]
|-start|p1a: Iron Hands|quarkdriveatk
|turn|12
|
|t:|1758263330
|switch|p2a: Torkoal|Torkoal, F, shiny|100/100
|-weather|SunnyDay|[from] ability: Drought|[of] p2a: Torkoal
|move|p1a: Iron Hands|Close Combat|p2a: Torkoal
|-damage|p2a: Torkoal|45/100
|-unboost|p1a: Iron Hands|def|1
|-unboost|p1a: Iron Hands|spd|1
|
|-weather|SunnyDay|[upkeep]
|upkeep
|turn|13
|
|t:|1758263337
|switch|p2a: Great Tusk|Great Tusk|100/100
|-activate|p2a: Great Tusk|ability: Protosynthesis
|-start|p2a: Great Tusk|protosynthesisdef
|move|p1a: Iron Hands|Close Combat|p2a: Great Tusk
|-damage|p2a: Great Tusk|67/100
|-unboost|p1a: Iron Hands|def|1
|-unboost|p1a: Iron Hands|spd|1
|
|-weather|SunnyDay|[upkeep]
|-heal|p2a: Great Tusk|73/100|[from] item: Leftovers
|upkeep
|turn|14
|
|t:|1758263344
|-terastallize|p1a: Iron Hands|Flying
|move|p2a: Great Tusk|Rapid Spin|p1a: Iron Hands
|-damage|p1a: Iron Hands|75/100
|-boost|p2a: Great Tusk|spe|1
|move|p1a: Iron Hands|Close Combat|p2a: Great Tusk
|-damage|p2a: Great Tusk|41/100
|-unboost|p1a: Iron Hands|def|1
|-unboost|p1a: Iron Hands|spd|1
|
|-weather|SunnyDay|[upkeep]
|-heal|p2a: Great Tusk|47/100|[from] item: Leftovers
|upkeep
|turn|15
|
|t:|1758263350
|move|p2a: Great Tusk|Bulk Up|p2a: Great Tusk
|-boost|p2a: Great Tusk|atk|1
|-boost|p2a: Great Tusk|def|1
|move|p1a: Iron Hands|Close Combat|p2a: Great Tusk
|-damage|p2a: Great Tusk|25/100
|-unboost|p1a: Iron Hands|def|1
|-unboost|p1a: Iron Hands|spd|1
|
|-weather|SunnyDay|[upkeep]
|-heal|p2a: Great Tusk|31/100|[from] item: Leftovers
|upkeep
|turn|16
|
|t:|1758263362
|-end|p1a: Iron Hands|Quark Drive|[silent]
|switch|p1a: Serperior|Serperior, F|100/100
|-damage|p1a: Serperior|88/100|[from] Stealth Rock
|move|p2a: Great Tusk|Body Press|p1a: Serperior
|-damage|p1a: Serperior|0 fnt
|faint|p1a: Serperior
|
|-weather|SunnyDay|[upkeep]
|-heal|p2a: Great Tusk|37/100|[from] item: Leftovers
|upkeep
|
|t:|1758263373
|switch|p1a: Landorus|Landorus-Therian, M|85/100
|-damage|p1a: Landorus|73/100|[from] Stealth Rock
|-ability|p1a: Landorus|Intimidate|boost
|-unboost|p2a: Great Tusk|atk|1
|turn|17
|
|t:|1758263384
|move|p2a: Great Tusk|Bulk Up|p2a: Great Tusk
|-boost|p2a: Great Tusk|atk|1
|-boost|p2a: Great Tusk|def|1
|move|p1a: Landorus|Earthquake|p2a: Great Tusk
|-damage|p2a: Great Tusk|26/100
|
|-weather|SunnyDay|[upkeep]
|-heal|p2a: Great Tusk|32/100|[from] item: Leftovers
|upkeep
|turn|18
|
|t:|1758263392
|move|p2a: Great Tusk|Bulk Up|p2a: Great Tusk
|-boost|p2a: Great Tusk|atk|1
|-boost|p2a: Great Tusk|def|1
|move|p1a: Landorus|Earthquake|p2a: Great Tusk
|-damage|p2a: Great Tusk|24/100
|
|-weather|SunnyDay|[upkeep]
|-heal|p2a: Great Tusk|30/100|[from] item: Leftovers
|upkeep
|turn|19
|
|t:|1758263410
|-terastallize|p2a: Great Tusk|Dark
|move|p2a: Great Tusk|Knock Off|p1a: Landorus
|-damage|p1a: Landorus|0 fnt
|-damage|p2a: Great Tusk|13/100|[from] item: Rocky Helmet|[of] p1a: Landorus
|-enditem|p1a: Landorus|Rocky Helmet|[from] move: Knock Off|[of] p2a: Great Tusk
|faint|p1a: Landorus
|
|-weather|none
|-end|p2a: Great Tusk|Protosynthesis
|-heal|p2a: Great Tusk|20/100|[from] item: Leftovers
|upkeep
|
|t:|1758263413
|switch|p1a: Iron Hands|Iron Hands, tera:Flying|75/100
|-damage|p1a: Iron Hands|50/100|[from] Stealth Rock
|turn|20
|
|t:|1758263416
|move|p2a: Great Tusk|Body Press|p1a: Iron Hands
|-resisted|p1a: Iron Hands
|-damage|p1a: Iron Hands|17/100
|move|p1a: Iron Hands|Close Combat|p2a: Great Tusk
|-supereffective|p2a: Great Tusk
|-damage|p2a: Great Tusk|0 fnt
|-unboost|p1a: Iron Hands|def|1
|-unboost|p1a: Iron Hands|spd|1
|faint|p2a: Great Tusk
|-end|p2a: Great Tusk|Protosynthesis|[silent]
|
|upkeep
|
|t:|1758263426
|switch|p2a: Kleavor|Kleavor, M|84/100
|turn|21
|inactive|JPBuck has 120 seconds left.
|inactive|JPBuck has 90 seconds left.
|
|t:|1758263513
|move|p2a: Kleavor|Night Slash|p1a: Iron Hands
|-damage|p1a: Iron Hands|0 fnt
|faint|p1a: Iron Hands
|-end|p1a: Iron Hands|Quark Drive|[silent]
|
|upkeep
|
|t:|1758263516
|switch|p1a: Slowking|Slowking-Galar, F|100/100
|-damage|p1a: Slowking|88/100|[from] Stealth Rock
|turn|22
|
|t:|1758263519
|move|p2a: Kleavor|Night Slash|p1a: Slowking
|-supereffective|p1a: Slowking
|-damage|p1a: Slowking|9/100
|move|p1a: Slowking|Future Sight|p2a: Kleavor
|-start|p1a: Slowking|move: Future Sight
|
|-heal|p1a: Slowking|15/100|[from] item: Leftovers
|upkeep
|turn|23
|-message|JPBuck forfeited.
|
|win|kekeyu
|raw|JPBuck's rating: 1371 &rarr; <strong>1350</strong><br />(-21 for losing)
|raw|kekeyu's rating: 1360 &rarr; <strong>1381</strong><br />(+21 for winning)
|l|☆JPBuck
|player|p1|
|l|☆kekeyu
|player|p2|
