|j|☆YungTruth513rd
|j|☆Absetia
|t:|1758231900
|gametype|singles
|player|p1|YungTruth513rd|giovanni|1214
|player|p2|Absetia|bellelba|1218
|gen|9
|tier|[Gen 9] OU
|rated|
|rule|HP Percentage Mod: HP is shown in percentages
|rule|Endless Battle Clause: Forcing endless battles is banned
|rule|Species Clause: Limit one of each Pokémon
|rule|OHKO Clause: OHKO moves are banned
|rule|Evasion Items Clause: Evasion items are banned
|rule|Evasion Moves Clause: Evasion moves are banned
|rule|Evasion Abilities Clause: Evasion abilities are banned
|rule|Sleep Moves Clause: Sleep-inducing moves are banned
|clearpoke
|poke|p1|Dragonite, M|
|poke|p1|Metagross|
|poke|p1|Tauros-Paldea-Aqua, M|
|poke|p1|Pelipper, F|
|poke|p1|Indeedee, M|
|poke|p1|Great Tusk|
|poke|p2|Breloom, F|
|poke|p2|Samurott-Hisui, F|
|poke|p2|Zapdos|
|poke|p2|Zamazenta-*|
|poke|p2|Weezing-Galar, F|
|poke|p2|Dragonite, F|
|teampreview
|inactive|Battle timer is ON: inactive players will automatically lose when time's up. (requested by YungTruth513rd)
|inactive|YungTruth513rd has 120 seconds left.
|
|t:|1758231944
|teamsize|p1|6
|teamsize|p2|6
|start
|switch|p1a: Indeedee|Indeedee, M|100/100
|switch|p2a: Weezing|Weezing-Galar, F|100/100
|-ability|p2a: Weezing|Neutralizing Gas
|turn|1
|
|t:|1758231958
|-end|p2a: Weezing|ability: Neutralizing Gas
|-fieldstart|move: Psychic Terrain|[from] ability: Psychic Surge|[of] p1a: Indeedee
|switch|p2a: Samurott|Samurott-Hisui, F|100/100
|move|p1a: Indeedee|Trick|p2a: Samurott
|-activate|p1a: Indeedee|move: Trick|[of] p2a: Samurott
|-item|p2a: Samurott|Choice Scarf|[from] move: Trick
|-item|p1a: Indeedee|Choice Scarf|[from] move: Trick
|
|upkeep
|turn|2
|
|t:|1758231982
|switch|p1a: Tauros|Tauros-Paldea-Aqua, M|100/100
|-ability|p1a: Tauros|Intimidate|boost
|-unboost|p2a: Samurott|atk|1
|move|p2a: Samurott|Aqua Cutter|p1a: Tauros
|-resisted|p1a: Tauros
|-damage|p1a: Tauros|88/100
|
|-heal|p1a: Tauros|94/100|[from] item: Leftovers
|upkeep
|turn|3
|inactive|YungTruth513rd has 120 seconds left.
|
|t:|1758232009
|switch|p2a: Zapdos|Zapdos|100/100
|switch|p1a: Dragonite|Dragonite, M|100/100
|
|upkeep
|turn|4
|inactive|YungTruth513rd has 120 seconds left.
|
|t:|1758232027
|move|p2a: Zapdos|Thunderbolt|p1a: Dragonite
|-damage|p1a: Dragonite|87/100
|move|p1a: Dragonite|Dragon Dance|p1a: Dragonite
|-boost|p1a: Dragonite|atk|1
|-boost|p1a: Dragonite|spe|1
|
|-heal|p1a: Dragonite|93/100|[from] item: Leftovers
|upkeep
|turn|5
|
|t:|1758232035
|move|p2a: Zapdos|Hurricane|p1a: Dragonite
|-damage|p1a: Dragonite|64/100
|move|p1a: Dragonite|Dragon Dance|p1a: Dragonite
|-boost|p1a: Dragonite|atk|1
|-boost|p1a: Dragonite|spe|1
|
|-heal|p1a: Dragonite|70/100|[from] item: Leftovers
|-fieldend|move: Psychic Terrain
|upkeep
|turn|6
|
|t:|1758232043
|move|p1a: Dragonite|Dragon Dance|p1a: Dragonite
|-boost|p1a: Dragonite|atk|1
|-boost|p1a: Dragonite|spe|1
|move|p2a: Zapdos|Hurricane|p1a: Dragonite
|-damage|p1a: Dragonite|39/100
|-start|p1a: Dragonite|confusion
|
|-heal|p1a: Dragonite|45/100|[from] item: Leftovers
|upkeep
|turn|7
|
|t:|1758232051
|-activate|p1a: Dragonite|confusion
|move|p1a: Dragonite|Roost|p1a: Dragonite
|-heal|p1a: Dragonite|95/100
|-singleturn|p1a: Dragonite|move: Roost
|move|p2a: Zapdos|Hurricane|p1a: Dragonite
|-damage|p1a: Dragonite|63/100
|
|-heal|p1a: Dragonite|69/100|[from] item: Leftovers
|upkeep
|turn|8
|
|t:|1758232062
|-activate|p1a: Dragonite|confusion
|-damage|p1a: Dragonite|38/100|[from] confusion
|move|p2a: Zapdos|U-turn|p1a: Dragonite
|-resisted|p1a: Dragonite
|-damage|p1a: Dragonite|30/100
|
|t:|1758232065
|switch|p2a: Weezing|Weezing-Galar, F|100/100|[from] U-turn
|-ability|p2a: Weezing|Neutralizing Gas
|
|-heal|p1a: Dragonite|37/100|[from] item: Leftovers
|upkeep
|turn|9
|
|t:|1758232088
|-end|p1a: Dragonite|confusion
|move|p1a: Dragonite|Ice Spinner|p2a: Weezing
|-damage|p2a: Weezing|46/100
|move|p2a: Weezing|Clear Smog|p1a: Dragonite
|-damage|p1a: Dragonite|26/100
|-clearboost|p1a: Dragonite
|
|-heal|p1a: Dragonite|32/100|[from] item: Leftovers
|-heal|p2a: Weezing|52/100|[from] item: Leftovers
|upkeep
|turn|10
|
|t:|1758232101
|move|p1a: Dragonite|Roost|p1a: Dragonite
|-heal|p1a: Dragonite|82/100
|-singleturn|p1a: Dragonite|move: Roost
|move|p2a: Weezing|Will-O-Wisp|p1a: Dragonite
|-status|p1a: Dragonite|brn
|
|-heal|p1a: Dragonite|89/100 brn|[from] item: Leftovers
|-heal|p2a: Weezing|58/100|[from] item: Leftovers
|-damage|p1a: Dragonite|82/100 brn|[from] brn
|upkeep
|turn|11
|inactive|YungTruth513rd has 120 seconds left.
|
|t:|1758232122
|move|p1a: Dragonite|Roost|p1a: Dragonite
|-heal|p1a: Dragonite|100/100 brn
|-singleturn|p1a: Dragonite|move: Roost
|move|p2a: Weezing|Strange Steam|p1a: Dragonite
|-supereffective|p1a: Dragonite
|-damage|p1a: Dragonite|63/100 brn
|-start|p1a: Dragonite|confusion
|
|-heal|p1a: Dragonite|69/100 brn|[from] item: Leftovers
|-heal|p2a: Weezing|64/100|[from] item: Leftovers
|-damage|p1a: Dragonite|63/100 brn|[from] brn
|upkeep
|turn|12
|inactive|YungTruth513rd has 120 seconds left.
|
|t:|1758232141
|switch|p1a: Metagross|Metagross|100/100
|move|p2a: Weezing|Will-O-Wisp|p1a: Metagross|[miss]
|-miss|p2a: Weezing|p1a: Metagross
|
|-heal|p2a: Weezing|70/100|[from] item: Leftovers
|upkeep
|turn|13
|inactive|YungTruth513rd has 120 seconds left.
|
|t:|1758232155
|-end|p2a: Weezing|ability: Neutralizing Gas
|switch|p2a: Zapdos|Zapdos|100/100
|move|p1a: Metagross|Psychic Fangs|p2a: Zapdos
|-damage|p2a: Zapdos|55/100
|-status|p1a: Metagross|par|[from] ability: Static|[of] p2a: Zapdos
|
|upkeep
|turn|14
|inactive|YungTruth513rd has 120 seconds left.
|
|t:|1758232163
|move|p2a: Zapdos|Roost|p2a: Zapdos
|-heal|p2a: Zapdos|100/100
|-singleturn|p2a: Zapdos|move: Roost
|move|p1a: Metagross|Ice Punch|p2a: Zapdos
|-damage|p2a: Zapdos|75/100
|
|upkeep
|turn|15
|
|t:|1758232171
|move|p2a: Zapdos|U-turn|p1a: Metagross
|-damage|p1a: Metagross|90/100 par
|
|t:|1758232174
|switch|p2a: Samurott|Samurott-Hisui, F|100/100|[from] U-turn
|move|p1a: Metagross|Psychic Fangs|p2a: Samurott
|-immune|p2a: Samurott
|
|upkeep
|turn|16
|
|t:|1758232184
|switch|p1a: Tauros|Tauros-Paldea-Aqua, M|94/100
|-ability|p1a: Tauros|Intimidate|boost
|-unboost|p2a: Samurott|atk|1
|move|p2a: Samurott|Ceaseless Edge|p1a: Tauros
|-resisted|p1a: Tauros
|-damage|p1a: Tauros|81/100
|-sidestart|p1: YungTruth513rd|Spikes
|
|-heal|p1a: Tauros|88/100|[from] item: Leftovers
|upkeep
|turn|17
|
|t:|1758232197
|switch|p2a: Zamazenta|Zamazenta|100/100
|-ability|p2a: Zamazenta|Dauntless Shield|boost
|-boost|p2a: Zamazenta|def|1
|move|p1a: Tauros|Bulk Up|p1a: Tauros
|-boost|p1a: Tauros|atk|1
|-boost|p1a: Tauros|def|1
|
|-heal|p1a: Tauros|94/100|[from] item: Leftovers
|upkeep
|turn|18
|
|t:|1758232206
|move|p1a: Tauros|Bulk Up|p1a: Tauros
|-boost|p1a: Tauros|atk|1
|-boost|p1a: Tauros|def|1
|move|p2a: Zamazenta|Roar|p1a: Tauros
|drag|p1a: Metagross|Metagross|90/100 par
|-damage|p1a: Metagross|78/100 par|[from] Spikes
|
|upkeep
|turn|19
|
|t:|1758232216
|switch|p2a: Samurott|Samurott-Hisui, F|100/100
|move|p1a: Metagross|Earthquake|p2a: Samurott
|-damage|p2a: Samurott|53/100
|
|upkeep
|turn|20
|
|t:|1758232221
|move|p2a: Samurott|Ceaseless Edge|p1a: Metagross
|-supereffective|p1a: Metagross
|-damage|p1a: Metagross|18/100 par
|-sidestart|p1: YungTruth513rd|Spikes
|move|p1a: Metagross|Earthquake|p2a: Samurott
|-damage|p2a: Samurott|0 fnt
|faint|p2a: Samurott
|
|upkeep
|
|t:|1758232235
|switch|p2a: Zapdos|Zapdos|75/100
|turn|21
|
|t:|1758232259
|move|p1a: Metagross|Bullet Punch|p2a: Zapdos
|-resisted|p2a: Zapdos
|-damage|p2a: Zapdos|64/100
|move|p2a: Zapdos|Thunderbolt|p1a: Metagross
|-damage|p1a: Metagross|0 fnt
|faint|p1a: Metagross
|
|upkeep
|inactive|YungTruth513rd has 120 seconds left.
|
|t:|1758232280
|switch|p1a: Indeedee|Indeedee, M|100/100
|-damage|p1a: Indeedee|84/100|[from] Spikes
|-fieldstart|move: Psychic Terrain|[from] ability: Psychic Surge|[of] p1a: Indeedee
|turn|22
|inactive|YungTruth513rd has 120 seconds left.
|
|t:|1758232285
|move|p1a: Indeedee|Expanding Force|p2a: Zapdos
|-damage|p2a: Zapdos|0 fnt
|faint|p2a: Zapdos
|
|upkeep
|
|t:|1758232294
|switch|p2a: Dragonite|Dragonite, F|100/100
|turn|23
|
|t:|1758232302
|switch|p1a: Tauros|Tauros-Paldea-Aqua, M|94/100
|-damage|p1a: Tauros|77/100|[from] Spikes
|-ability|p1a: Tauros|Intimidate|boost
|-unboost|p2a: Dragonite|atk|1
|move|p2a: Dragonite|Ice Spinner|p1a: Tauros
|-resisted|p1a: Tauros
|-damage|p1a: Tauros|70/100
|-fieldend|move: Psychic Terrain
|
|-heal|p1a: Tauros|76/100|[from] item: Leftovers
|upkeep
|turn|24
|
|t:|1758232317
|switch|p2a: Zamazenta|Zamazenta|100/100
|move|p1a: Tauros|Bulk Up|p1a: Tauros
|-boost|p1a: Tauros|atk|1
|-boost|p1a: Tauros|def|1
|
|-heal|p1a: Tauros|82/100|[from] item: Leftovers
|upkeep
|turn|25
|
|t:|1758232325
|move|p1a: Tauros|Raging Bull|p2a: Zamazenta
|-damage|p2a: Zamazenta|57/100
|move|p2a: Zamazenta|Roar|p1a: Tauros
|drag|p1a: Great Tusk|Great Tusk|100/100
|-damage|p1a: Great Tusk|84/100|[from] Spikes
|-enditem|p1a: Great Tusk|Booster Energy
|-activate|p1a: Great Tusk|ability: Protosynthesis|[fromitem]
|-start|p1a: Great Tusk|protosynthesisspe
|
|-heal|p2a: Zamazenta|63/100|[from] item: Leftovers
|upkeep
|turn|26
|
|t:|1758232344
|move|p1a: Great Tusk|Headlong Rush|p2a: Zamazenta
|-damage|p2a: Zamazenta|20/100
|-unboost|p1a: Great Tusk|def|1
|-unboost|p1a: Great Tusk|spd|1
|move|p2a: Zamazenta|Roar|p1a: Great Tusk
|-end|p1a: Great Tusk|Protosynthesis|[silent]
|drag|p1a: Dragonite|Dragonite, M|63/100 brn
|
|-heal|p2a: Zamazenta|26/100|[from] item: Leftovers
|-heal|p1a: Dragonite|69/100 brn|[from] item: Leftovers
|-damage|p1a: Dragonite|63/100 brn|[from] brn
|upkeep
|turn|27
|
|t:|1758232355
|move|p2a: Zamazenta|Play Rough|p1a: Dragonite
|-supereffective|p1a: Dragonite
|-damage|p1a: Dragonite|12/100 brn
|move|p1a: Dragonite|Roost|p1a: Dragonite
|-heal|p1a: Dragonite|62/100 brn
|-singleturn|p1a: Dragonite|move: Roost
|
|-heal|p2a: Zamazenta|32/100|[from] item: Leftovers
|-heal|p1a: Dragonite|69/100 brn|[from] item: Leftovers
|-damage|p1a: Dragonite|62/100 brn|[from] brn
|upkeep
|turn|28
|
|t:|1758232364
|move|p2a: Zamazenta|Play Rough|p1a: Dragonite
|-supereffective|p1a: Dragonite
|-damage|p1a: Dragonite|13/100 brn
|move|p1a: Dragonite|Dragon Dance|p1a: Dragonite
|-boost|p1a: Dragonite|atk|1
|-boost|p1a: Dragonite|spe|1
|
|-heal|p2a: Zamazenta|39/100|[from] item: Leftovers
|-heal|p1a: Dragonite|19/100 brn|[from] item: Leftovers
|-damage|p1a: Dragonite|13/100 brn|[from] brn
|upkeep
|turn|29
|
|t:|1758232376
|move|p1a: Dragonite|Extreme Speed|p2a: Zamazenta
|-damage|p2a: Zamazenta|24/100
|move|p2a: Zamazenta|Play Rough|p1a: Dragonite
|-supereffective|p1a: Dragonite
|-damage|p1a: Dragonite|0 fnt
|faint|p1a: Dragonite
|
|-heal|p2a: Zamazenta|30/100|[from] item: Leftovers
|upkeep
|inactive|YungTruth513rd has 120 seconds left.
|
|t:|1758232407
|switch|p1a: Pelipper|Pelipper, F|100/100
|-weather|RainDance|[from] ability: Drizzle|[of] p1a: Pelipper
|turn|30
|
|t:|1758232427
|switch|p2a: Weezing|Weezing-Galar, F|70/100
|-ability|p2a: Weezing|Neutralizing Gas
|move|p1a: Pelipper|Tailwind|p1a: Pelipper
|-sidestart|p1: YungTruth513rd|move: Tailwind
|
|-weather|RainDance|[upkeep]
|-heal|p2a: Weezing|76/100|[from] item: Leftovers
|upkeep
|turn|31
|
|t:|1758232435
|move|p1a: Pelipper|Weather Ball|p2a: Weezing
|-damage|p2a: Weezing|17/100
|move|p2a: Weezing|Defog|p1a: Pelipper
|-unboost|p1a: Pelipper|evasion|1
|-sideend|p1: YungTruth513rd|Spikes|[from] move: Defog|[of] p2a: Weezing
|
|-weather|RainDance|[upkeep]
|-heal|p2a: Weezing|23/100|[from] item: Leftovers
|upkeep
|turn|32
|
|t:|1758232449
|move|p1a: Pelipper|Weather Ball|p2a: Weezing
|-damage|p2a: Weezing|0 fnt
|faint|p2a: Weezing
|-end|p2a: Weezing|ability: Neutralizing Gas
|
|-weather|RainDance|[upkeep]
|upkeep
|
|t:|1758232451
|switch|p2a: Dragonite|Dragonite, F|100/100
|turn|33
|
|t:|1758232456
|move|p1a: Pelipper|Ice Beam|p2a: Dragonite
|-supereffective|p2a: Dragonite
|-damage|p2a: Dragonite|63/100
|move|p2a: Dragonite|Dragon Dance|p2a: Dragonite
|-boost|p2a: Dragonite|atk|1
|-boost|p2a: Dragonite|spe|1
|
|-weather|RainDance|[upkeep]
|-sideend|p1: YungTruth513rd|move: Tailwind
|upkeep
|turn|34
|
|t:|1758232463
|-terastallize|p2a: Dragonite|Dragon
|move|p2a: Dragonite|Dragon Dance|p2a: Dragonite
|-boost|p2a: Dragonite|atk|1
|-boost|p2a: Dragonite|spe|1
|move|p1a: Pelipper|Ice Beam|p2a: Dragonite
|-supereffective|p2a: Dragonite
|-damage|p2a: Dragonite|30/100
|-status|p2a: Dragonite|frz
|
|-weather|none
|upkeep
|turn|35
|
|t:|1758232473
|cant|p2a: Dragonite|frz
|move|p1a: Pelipper|Ice Beam|p2a: Dragonite
|-supereffective|p2a: Dragonite
|-damage|p2a: Dragonite|0 fnt
|faint|p2a: Dragonite
|
|upkeep
|-message|Absetia forfeited.
|
|win|YungTruth513rd
|raw|YungTruth513rd's rating: 1214 &rarr; <strong>1239</strong><br />(+25 for winning)
|raw|Absetia's rating: 1218 &rarr; <strong>1193</strong><br />(-25 for losing)
|l|☆Absetia
|player|p2|
|l|☆YungTruth513rd
|player|p1|
