|j|☆mr satalit
|j|☆thurinus
|t:|1758313237
|gametype|singles
|player|p1|mr satalit|pokemonranger-gen4|
|player|p2|thurinus|palmer|
|gen|9
|tier|[Gen 9] OU
|rule|HP Percentage Mod: HP is shown in percentages
|rule|Endless Battle Clause: Forcing endless battles is banned
|rule|Species Clause: Limit one of each Pokémon
|rule|OHKO Clause: OHKO moves are banned
|rule|Evasion Items Clause: Evasion items are banned
|rule|Evasion Moves Clause: Evasion moves are banned
|rule|Evasion Abilities Clause: Evasion abilities are banned
|rule|Sleep Moves Clause: Sleep-inducing moves are banned
|clearpoke
|poke|p1|Ogerpon-Wellspring, F|
|poke|p1|Kingambit, F|
|poke|p1|Landorus-Therian, M|
|poke|p1|Glimmora, F|
|poke|p1|Dragapult, F|
|poke|p1|Iron Valiant|
|poke|p2|Tinkaton, F|
|poke|p2|Talonflame, M|
|poke|p2|Salamence, M|
|poke|p2|Dragonite, F|
|poke|p2|Rillaboom, M|
|poke|p2|Primarina, F|
|teampreview
|inactive|Battle timer is ON: inactive players will automatically lose when time's up. (requested by mr satalit)
|c|☆mr satalit|Oh nice
|
|t:|1758313263
|teamsize|p1|6
|teamsize|p2|6
|start
|switch|p1a: incin old husband|Landorus-Therian, M|100/100
|switch|p2a: Cornelius|Rillaboom, M, shiny|100/100
|-ability|p1a: incin old husband|Intimidate|boost
|-unboost|p2a: Cornelius|atk|1
|-fieldstart|move: Grassy Terrain|[from] ability: Grassy Surge|[of] p2a: Cornelius
|turn|1
|
|t:|1758313281
|move|p2a: Cornelius|Fake Out|p1a: incin old husband
|-damage|p1a: incin old husband|92/100
|-damage|p2a: Cornelius|84/100|[from] item: Rocky Helmet|[of] p1a: incin old husband
|cant|p1a: incin old husband|flinch
|
|-heal|p2a: Cornelius|90/100|[from] Grassy Terrain
|upkeep
|turn|2
|
|t:|1758313303
|move|p1a: incin old husband|Stealth Rock|p2a: Cornelius
|-sidestart|p2: thurinus|move: Stealth Rock
|move|p2a: Cornelius|U-turn|p1a: incin old husband
|-resisted|p1a: incin old husband
|-damage|p1a: incin old husband|83/100
|-damage|p2a: Cornelius|74/100|[from] item: Rocky Helmet|[of] p1a: incin old husband
|
|t:|1758313311
|switch|p2a: Primarina|Primarina, F|100/100|[from] U-turn
|-damage|p2a: Primarina|88/100|[from] Stealth Rock
|
|-heal|p2a: Primarina|94/100|[from] Grassy Terrain
|upkeep
|turn|3
|inactive|thurinus has 270 seconds left.
|
|t:|1758313332
|move|p1a: incin old husband|U-turn|p2a: Primarina
|-resisted|p2a: Primarina
|-damage|p2a: Primarina|83/100
|
|t:|1758313339
|switch|p1a: Dragapult|Dragapult, F, shiny|100/100|[from] U-turn
|move|p2a: Primarina|Hyper Voice|p1a: Dragapult
|-resisted|p1a: Dragapult
|-damage|p1a: Dragapult|75/100
|-enditem|p2a: Primarina|Throat Spray
|-boost|p2a: Primarina|spa|1|[from] item: Throat Spray
|
|-heal|p1a: Dragapult|81/100|[from] Grassy Terrain
|-heal|p2a: Primarina|89/100|[from] Grassy Terrain
|upkeep
|turn|4
|inactive|mr satalit has 270 seconds left.
|
|t:|1758313374
|move|p1a: Dragapult|U-turn|p2a: Primarina
|-resisted|p2a: Primarina
|-damage|p2a: Primarina|80/100
|
|t:|1758313382
|switch|p1a: Glimmora|Glimmora, F|100/100|[from] U-turn
|move|p2a: Primarina|Perish Song|p2a: Primarina
|-start|p1a: Glimmora|perish3|[silent]
|-start|p2a: Primarina|perish3|[silent]
|-fieldactivate|move: Perish Song
|
|-heal|p2a: Primarina|86/100|[from] Grassy Terrain
|-start|p2a: Primarina|perish3
|-start|p1a: Glimmora|perish3
|upkeep
|turn|5
|
|t:|1758313400
|move|p2a: Primarina|Sparkling Aria|p1a: Glimmora
|-supereffective|p1a: Glimmora
|-damage|p1a: Glimmora|0 fnt
|faint|p1a: Glimmora
|
|-heal|p2a: Primarina|92/100|[from] Grassy Terrain
|-start|p2a: Primarina|perish2
|-fieldend|move: Grassy Terrain
|upkeep
|
|t:|1758313411
|switch|p1a: not freeze dry!|Ogerpon-Wellspring, F|100/100
|turn|6
|
|t:|1758313419
|move|p1a: not freeze dry!|Horn Leech|p2a: Primarina
|-supereffective|p2a: Primarina
|-damage|p2a: Primarina|0 fnt
|faint|p2a: Primarina
|
|upkeep
|
|t:|1758313433
|switch|p2a: Cornelius|Rillaboom, M, shiny|74/100
|-damage|p2a: Cornelius|61/100|[from] Stealth Rock
|-fieldstart|move: Grassy Terrain|[from] ability: Grassy Surge|[of] p2a: Cornelius
|turn|7
|
|t:|1758313443
|switch|p1a: incin old husband|Landorus-Therian, M|83/100
|-ability|p1a: incin old husband|Intimidate|boost
|-unboost|p2a: Cornelius|atk|1
|move|p2a: Cornelius|Grassy Glide|p1a: incin old husband
|-damage|p1a: incin old husband|60/100
|-damage|p2a: Cornelius|45/100|[from] item: Rocky Helmet|[of] p1a: incin old husband
|
|-heal|p2a: Cornelius|51/100|[from] Grassy Terrain
|upkeep
|turn|8
|inactive|thurinus has 270 seconds left.
|
|t:|1758313470
|switch|p2a: Talonflame|Talonflame, M|100/100
|-damage|p2a: Talonflame|51/100|[from] Stealth Rock
|move|p1a: incin old husband|U-turn|p2a: Talonflame
|-resisted|p2a: Talonflame
|-damage|p2a: Talonflame|42/100
|
|t:|1758313482
|switch|p1a: Iron Valiant|Iron Valiant|100/100|[from] U-turn
|-enditem|p1a: Iron Valiant|Booster Energy
|-activate|p1a: Iron Valiant|ability: Quark Drive|[fromitem]
|-start|p1a: Iron Valiant|quarkdrivespe
|
|upkeep
|turn|9
|
|t:|1758313501
|move|p1a: Iron Valiant|Swords Dance|p1a: Iron Valiant
|-boost|p1a: Iron Valiant|atk|2
|move|p2a: Talonflame|Tailwind|p2a: Talonflame
|-sidestart|p2: thurinus|move: Tailwind
|
|upkeep
|turn|10
|
|t:|1758313515
|move|p2a: Talonflame|Brave Bird|p1a: Iron Valiant
|-supereffective|p1a: Iron Valiant
|-damage|p1a: Iron Valiant|0 fnt
|faint|p1a: Iron Valiant
|-end|p1a: Iron Valiant|Quark Drive|[silent]
|-damage|p2a: Talonflame|10/100|[from] Recoil
|
|upkeep
|
|t:|1758313522
|switch|p1a: to s.punch or not|Kingambit, F|100/100
|-activate|p1a: to s.punch or not|ability: Supreme Overlord
|-start|p1a: to s.punch or not|fallen2|[silent]
|turn|11
|
|t:|1758313537
|move|p1a: to s.punch or not|Sucker Punch|p2a: Talonflame
|-damage|p2a: Talonflame|0 fnt
|faint|p2a: Talonflame
|
|-fieldend|move: Grassy Terrain
|upkeep
|
|t:|1758313549
|switch|p2a: Salamence|Salamence, M|100/100
|-damage|p2a: Salamence|75/100|[from] Stealth Rock
|-ability|p2a: Salamence|Intimidate|boost
|-unboost|p1a: to s.punch or not|atk|1
|turn|12
|inactive|mr satalit has 270 seconds left.
|
|t:|1758313564
|-end|p1a: to s.punch or not|fallen2|[silent]
|switch|p1a: incin old husband|Landorus-Therian, M|60/100
|-ability|p1a: incin old husband|Intimidate|boost
|-unboost|p2a: Salamence|atk|1
|move|p2a: Salamence|Heat Wave|p1a: incin old husband
|-damage|p1a: incin old husband|34/100
|
|-sideend|p2: thurinus|move: Tailwind
|upkeep
|turn|13
|
|t:|1758313578
|move|p1a: incin old husband|U-turn|p2a: Salamence
|-resisted|p2a: Salamence
|-damage|p2a: Salamence|63/100
|
|t:|1758313584
|switch|p1a: not freeze dry!|Ogerpon-Wellspring, F|100/100|[from] U-turn
|move|p2a: Salamence|Crunch|p1a: not freeze dry!
|-damage|p1a: not freeze dry!|76/100
|
|upkeep
|turn|14
|inactive|mr satalit has 270 seconds left.
|
|t:|1758313603
|-terastallize|p1a: not freeze dry!|Water
|detailschange|p1a: not freeze dry!|Ogerpon-Wellspring-Tera, F, tera:Water
|-ability|p1a: not freeze dry!|Embody Aspect (Wellspring)|boost
|-boost|p1a: not freeze dry!|spd|1
|move|p2a: Salamence|Protect|p2a: Salamence
|-singleturn|p2a: Salamence|Protect
|move|p1a: not freeze dry!|Play Rough|p2a: Salamence
|-activate|p2a: Salamence|move: Protect
|
|upkeep
|turn|15
|
|t:|1758313618
|move|p1a: not freeze dry!|Play Rough|p2a: Salamence
|-supereffective|p2a: Salamence
|-damage|p2a: Salamence|0 fnt
|faint|p2a: Salamence
|
|upkeep
|
|t:|1758313628
|switch|p2a: Cornelius|Rillaboom, M, shiny|51/100
|-damage|p2a: Cornelius|39/100|[from] Stealth Rock
|-fieldstart|move: Grassy Terrain|[from] ability: Grassy Surge|[of] p2a: Cornelius
|turn|16
|
|t:|1758313641
|switch|p1a: incin old husband|Landorus-Therian, M|34/100
|-ability|p1a: incin old husband|Intimidate|boost
|-unboost|p2a: Cornelius|atk|1
|move|p2a: Cornelius|Grassy Glide|p1a: incin old husband
|-damage|p1a: incin old husband|9/100
|-damage|p2a: Cornelius|22/100|[from] item: Rocky Helmet|[of] p1a: incin old husband
|
|-heal|p2a: Cornelius|29/100|[from] Grassy Terrain
|upkeep
|turn|17
|
|t:|1758313652
|move|p2a: Cornelius|Grassy Glide|p1a: incin old husband
|-damage|p1a: incin old husband|0 fnt
|-damage|p2a: Cornelius|12/100|[from] item: Rocky Helmet|[of] p1a: incin old husband
|faint|p1a: incin old husband
|
|-heal|p2a: Cornelius|18/100|[from] Grassy Terrain
|upkeep
|
|t:|1758313662
|switch|p1a: Dragapult|Dragapult, F, shiny|81/100
|turn|18
|
|t:|1758313677
|switch|p2a: Tinkaton|Tinkaton, F|100/100
|-damage|p2a: Tinkaton|94/100|[from] Stealth Rock
|-ability|p2a: Tinkaton|Mold Breaker
|move|p1a: Dragapult|U-turn|p2a: Tinkaton
|-resisted|p2a: Tinkaton
|-damage|p2a: Tinkaton|89/100
|-damage|p1a: Dragapult|65/100|[from] item: Rocky Helmet|[of] p2a: Tinkaton
|
|t:|1758313693
|switch|p1a: not freeze dry!|Ogerpon-Wellspring-Tera, F, tera:Water|76/100|[from] U-turn
|-ability|p1a: not freeze dry!|Embody Aspect (Wellspring)|boost
|-boost|p1a: not freeze dry!|spd|1
|
|-heal|p1a: not freeze dry!|82/100|[from] Grassy Terrain
|-heal|p2a: Tinkaton|96/100|[from] Grassy Terrain
|upkeep
|turn|19
|
|t:|1758313703
|-terastallize|p2a: Tinkaton|Steel
|move|p1a: not freeze dry!|Ivy Cudgel|p2a: Tinkaton|[anim] Ivy Cudgel Water
|-damage|p2a: Tinkaton|5/100
|move|p2a: Tinkaton|Gigaton Hammer|p1a: not freeze dry!
|-resisted|p1a: not freeze dry!
|-damage|p1a: not freeze dry!|34/100
|
|-heal|p1a: not freeze dry!|40/100|[from] Grassy Terrain
|-heal|p2a: Tinkaton|11/100|[from] Grassy Terrain
|upkeep
|turn|20
|c|☆mr satalit|1hko?
|
|t:|1758313720
|move|p2a: Tinkaton|Feint|p1a: not freeze dry!
|-crit|p1a: not freeze dry!
|-damage|p1a: not freeze dry!|28/100
|move|p1a: not freeze dry!|Ivy Cudgel|p2a: Tinkaton|[anim] Ivy Cudgel Water
|-damage|p2a: Tinkaton|0 fnt
|faint|p2a: Tinkaton
|
|-heal|p1a: not freeze dry!|34/100|[from] Grassy Terrain
|-fieldend|move: Grassy Terrain
|upkeep
|c|☆mr satalit|There was a chance
|c|☆mr satalit|Didn't get it tho
|
|t:|1758313729
|switch|p2a: Cornelius|Rillaboom, M, shiny|18/100
|-damage|p2a: Cornelius|6/100|[from] Stealth Rock
|-fieldstart|move: Grassy Terrain|[from] ability: Grassy Surge|[of] p2a: Cornelius
|turn|21
|
|t:|1758313737
|move|p2a: Cornelius|Grassy Glide|p1a: not freeze dry!
|-supereffective|p1a: not freeze dry!
|-damage|p1a: not freeze dry!|0 fnt
|faint|p1a: not freeze dry!
|detailschange|p1: not freeze dry!|Ogerpon-Wellspring, F|[silent]
|
|-heal|p2a: Cornelius|12/100|[from] Grassy Terrain
|upkeep
|
|t:|1758313741
|switch|p1a: to s.punch or not|Kingambit, F|100/100
|-activate|p1a: to s.punch or not|ability: Supreme Overlord
|-start|p1a: to s.punch or not|fallen4|[silent]
|turn|22
|
|t:|1758313751
|move|p1a: to s.punch or not|Sucker Punch|p2a: Cornelius
|-damage|p2a: Cornelius|0 fnt
|faint|p2a: Cornelius
|
|upkeep
|
|t:|1758313755
|switch|p2a: Dragonite|Dragonite, F|100/100
|-damage|p2a: Dragonite|76/100|[from] Stealth Rock
|turn|23
|
|t:|1758313769
|move|p2a: Dragonite|Stomping Tantrum|p1a: to s.punch or not
|-supereffective|p1a: to s.punch or not
|-damage|p1a: to s.punch or not|54/100
|move|p1a: to s.punch or not|Kowtow Cleave|p2a: Dragonite
|-damage|p2a: Dragonite|1/100
|
|-heal|p1a: to s.punch or not|60/100|[from] Grassy Terrain
|-heal|p1a: to s.punch or not|66/100|[from] item: Leftovers
|upkeep
|turn|24
|c|☆mr satalit|Barley
|
|t:|1758313783
|move|p1a: to s.punch or not|Sucker Punch|p2a: Dragonite
|-damage|p2a: Dragonite|0 fnt
|faint|p2a: Dragonite
|
|win|mr satalit
|c|☆thurinus|Yeah... lol
|c|☆mr satalit|Gg, you did pretty well considering your team wasn't fully built for ou
|c|☆thurinus|Not bad for a team I cobbled together on the spot from a few other teams, yeah, lol
|c|☆thurinus|I had decent coverage, but that stealth rock did me in, lol
|c|☆thurinus|I probably could have done more with Rilla without it
|c|☆mr satalit|Ye lol
|c|☆thurinus|Anyway, I'm going to call it for now. I need a nap, lol
|c|☆mr satalit|That's fair,i probably should too, it's almost midnight
|c|☆mr satalit|Goodnight bro
|c|☆thurinus|Oh, it's like 1:30 pm here, lol
|c|☆thurinus|I just pulled an allnighter working on something, though, lol
|c|☆thurinus|night though
