|j|☆cozyprincemshroom
|j|‽bhbhkib
|t:|1758257831
|gametype|singles
|player|p1|cozyprincemshroom|waiter|1099
|player|p2|bhbhkib|266|1151
|gen|9
|tier|[Gen 9] OU
|rated|
|rule|HP Percentage Mod: HP is shown in percentages
|rule|Endless Battle Clause: Forcing endless battles is banned
|rule|Species Clause: Limit one of each Pokémon
|rule|OHKO Clause: OHKO moves are banned
|rule|Evasion Items Clause: Evasion items are banned
|rule|Evasion Moves Clause: Evasion moves are banned
|rule|Evasion Abilities Clause: Evasion abilities are banned
|rule|Sleep Moves Clause: Sleep-inducing moves are banned
|clearpoke
|poke|p1|Inteleon, M|
|poke|p1|Munkidori, M|
|poke|p1|Lycanroc-Dusk, F|
|poke|p1|Altaria, M|
|poke|p1|Poliwrath, F|
|poke|p1|Meganium, F|
|poke|p2|Slowking-Galar, F|
|poke|p2|Alomomola, M|
|poke|p2|Hydrapple, M|
|poke|p2|Klawf, F|
|poke|p2|Tornadus-Therian, M|
|poke|p2|Kingambit, F|
|teampreview
|inactive|Battle timer is ON: inactive players will automatically lose when time's up. (requested by cozyprincemshroom)
|
|t:|1758257841
|teamsize|p1|6
|teamsize|p2|6
|start
|switch|p1a: Munkidori|Munkidori, M|100/100
|switch|p2a: Slowking|Slowking-Galar, F|100/100
|turn|1
|
|t:|1758257849
|move|p1a: Munkidori|Trick|p2a: Slowking
|-activate|p1a: Munkidori|move: Trick|[of] p2a: Slowking
|-item|p2a: Slowking|Choice Scarf|[from] move: Trick
|-item|p1a: Munkidori|Heavy-Duty Boots|[from] move: Trick
|move|p2a: Slowking|Thunder Wave|p1a: Munkidori
|-status|p1a: Munkidori|par
|
|upkeep
|turn|2
|j| gensenguu
|
|t:|1758257859
|switch|p2a: Alomomola|Alomomola, M|100/100
|move|p1a: Munkidori|Nasty Plot|p1a: Munkidori
|-boost|p1a: Munkidori|spa|2
|
|upkeep
|turn|3
|
|t:|1758257865
|switch|p2a: Slowking|Slowking-Galar, F|100/100
|cant|p1a: Munkidori|par
|
|upkeep
|turn|4
|
|t:|1758257870
|move|p1a: Munkidori|Nasty Plot|p1a: Munkidori
|-boost|p1a: Munkidori|spa|2
|move|p2a: Slowking|Future Sight|p1a: Munkidori
|-start|p2a: Slowking|move: Future Sight
|
|upkeep
|turn|5
|
|t:|1758257876
|switch|p2a: Kingambit|Kingambit, F|100/100
|move|p1a: Munkidori|Psychic|p2a: Kingambit
|-immune|p2a: Kingambit
|
|upkeep
|turn|6
|
|t:|1758257882
|-terastallize|p1a: Munkidori|Fire
|move|p2a: Kingambit|Sucker Punch|p1a: Munkidori
|-damage|p1a: Munkidori|37/100 par
|move|p1a: Munkidori|Tera Blast|p2a: Kingambit|[anim] Tera Blast Fire
|-supereffective|p2a: Kingambit
|-damage|p2a: Kingambit|0 fnt
|faint|p2a: Kingambit
|-end|p2a: Kingambit|fallenundefined|[silent]
|
|-end|p1a: Munkidori|move: Future Sight
|-damage|p1a: Munkidori|0 fnt
|faint|p1a: Munkidori
|upkeep
|
|t:|1758257896
|switch|p1a: Lycanroc|Lycanroc-Dusk, F|100/100
|switch|p2a: Slowking|Slowking-Galar, F|100/100
|turn|7
|
|t:|1758257902
|move|p1a: Lycanroc|Swords Dance|p1a: Lycanroc
|-boost|p1a: Lycanroc|atk|2
|move|p2a: Slowking|Future Sight|p1a: Lycanroc
|-start|p2a: Slowking|move: Future Sight
|
|upkeep
|turn|8
|
|t:|1758257909
|switch|p2a: Alomomola|Alomomola, M|100/100
|move|p1a: Lycanroc|Play Rough|p2a: Alomomola|[miss]
|-miss|p1a: Lycanroc|p2a: Alomomola
|
|upkeep
|turn|9
|
|t:|1758257917
|move|p1a: Lycanroc|Play Rough|p2a: Alomomola
|-damage|p2a: Alomomola|45/100
|-damage|p1a: Lycanroc|91/100|[from] item: Life Orb
|move|p2a: Alomomola|Flip Turn|p1a: Lycanroc
|-supereffective|p1a: Lycanroc
|-damage|p1a: Lycanroc|32/100
|
|t:|1758257923
|switch|p2a: Klawf|Klawf, F|100/100|[from] Flip Turn
|
|-end|p1a: Lycanroc|move: Future Sight
|-damage|p1a: Lycanroc|0 fnt
|faint|p1a: Lycanroc
|upkeep
|
|t:|1758257932
|switch|p1a: Altaria|Altaria, M|100/100
|turn|10
|
|t:|1758257937
|move|p1a: Altaria|Will-O-Wisp|p2a: Klawf
|-status|p2a: Klawf|brn
|move|p2a: Klawf|Stealth Rock|p1a: Altaria
|-sidestart|p1: cozyprincemshroom|move: Stealth Rock
|
|-damage|p2a: Klawf|94/100 brn|[from] brn
|upkeep
|turn|11
|
|t:|1758257946
|switch|p2a: Slowking|Slowking-Galar, F|100/100
|move|p1a: Altaria|Defog|p2a: Slowking
|-unboost|p2a: Slowking|evasion|1
|-sideend|p1: cozyprincemshroom|Stealth Rock|[from] move: Defog|[of] p1a: Altaria
|
|upkeep
|turn|12
|
|t:|1758257952
|switch|p1a: Poliwrath|Poliwrath, F|100/100
|move|p2a: Slowking|Future Sight|p1a: Poliwrath
|-start|p2a: Slowking|move: Future Sight
|
|upkeep
|turn|13
|
|t:|1758257960
|switch|p1a: Altaria|Altaria, M|100/100
|switch|p2a: Alomomola|Alomomola, M|78/100
|
|upkeep
|turn|14
|
|t:|1758257966
|move|p1a: Altaria|Will-O-Wisp|p2a: Alomomola
|-status|p2a: Alomomola|brn
|move|p2a: Alomomola|Flip Turn|p1a: Altaria
|-resisted|p1a: Altaria
|-damage|p1a: Altaria|96/100
|
|t:|1758257971
|switch|p2a: Slowking|Slowking-Galar, F|100/100|[from] Flip Turn
|
|-end|p1a: Altaria|move: Future Sight
|-damage|p1a: Altaria|52/100
|-heal|p1a: Altaria|58/100|[from] item: Leftovers
|upkeep
|turn|15
|
|t:|1758257980
|move|p1a: Altaria|Moonblast|p2a: Slowking
|-resisted|p2a: Slowking
|-damage|p2a: Slowking|94/100
|move|p2a: Slowking|Future Sight|p1a: Altaria
|-start|p2a: Slowking|move: Future Sight
|
|-heal|p1a: Altaria|65/100|[from] item: Leftovers
|upkeep
|turn|16
|
|t:|1758257989
|switch|p2a: Alomomola|Alomomola, M|100/100 brn
|move|p1a: Altaria|Draco Meteor|p2a: Alomomola
|-damage|p2a: Alomomola|47/100 brn
|-unboost|p1a: Altaria|spa|2
|
|-heal|p1a: Altaria|71/100|[from] item: Leftovers
|-damage|p2a: Alomomola|40/100 brn|[from] brn
|upkeep
|turn|17
|
|t:|1758258000
|switch|p2a: Slowking|Slowking-Galar, F|100/100
|move|p1a: Altaria|Moonblast|p2a: Slowking
|-resisted|p2a: Slowking
|-damage|p2a: Slowking|97/100
|
|-end|p1a: Altaria|move: Future Sight
|-damage|p1a: Altaria|32/100
|-heal|p1a: Altaria|39/100|[from] item: Leftovers
|upkeep
|turn|18
|
|t:|1758258012
|switch|p1a: Inteleon|Inteleon, M|100/100
|move|p2a: Slowking|Future Sight|p1a: Inteleon
|-start|p2a: Slowking|move: Future Sight
|
|upkeep
|turn|19
|
|t:|1758258018
|switch|p1a: Altaria|Altaria, M|39/100
|switch|p2a: Alomomola|Alomomola, M|74/100 brn
|
|-heal|p1a: Altaria|45/100|[from] item: Leftovers
|-damage|p2a: Alomomola|68/100 brn|[from] brn
|upkeep
|turn|20
|
|t:|1758258027
|switch|p2a: Slowking|Slowking-Galar, F|100/100
|move|p1a: Altaria|Moonblast|p2a: Slowking
|-resisted|p2a: Slowking
|-damage|p2a: Slowking|94/100
|-unboost|p2a: Slowking|spa|1
|
|-end|p1a: Altaria|move: Future Sight
|-damage|p1a: Altaria|19/100
|-heal|p1a: Altaria|25/100|[from] item: Leftovers
|upkeep
|turn|21
|
|t:|1758258053
|move|p1a: Altaria|Moonblast|p2a: Slowking
|-resisted|p2a: Slowking
|-damage|p2a: Slowking|87/100
|move|p2a: Slowking|Future Sight|p1a: Altaria
|-start|p2a: Slowking|move: Future Sight
|
|-heal|p1a: Altaria|32/100|[from] item: Leftovers
|upkeep
|turn|22
|
|t:|1758258062
|switch|p2a: Alomomola|Alomomola, M|100/100 brn
|move|p1a: Altaria|Moonblast|p2a: Alomomola
|-damage|p2a: Alomomola|70/100 brn
|-unboost|p2a: Alomomola|spa|1
|
|-heal|p1a: Altaria|38/100|[from] item: Leftovers
|-damage|p2a: Alomomola|64/100 brn|[from] brn
|upkeep
|turn|23
|
|t:|1758258080
|switch|p2a: Slowking|Slowking-Galar, F|100/100
|move|p1a: Altaria|Moonblast|p2a: Slowking
|-resisted|p2a: Slowking
|-damage|p2a: Slowking|93/100
|
|-end|p1a: Altaria|move: Future Sight
|-damage|p1a: Altaria|0 fnt
|faint|p1a: Altaria
|upkeep
|
|t:|1758258090
|switch|p1a: Poliwrath|Poliwrath, F|100/100
|turn|24
|
|t:|1758258095
|move|p1a: Poliwrath|Bulk Up|p1a: Poliwrath
|-boost|p1a: Poliwrath|atk|1
|-boost|p1a: Poliwrath|def|1
|move|p2a: Slowking|Future Sight|p1a: Poliwrath
|-start|p2a: Slowking|move: Future Sight
|
|upkeep
|turn|25
|
|t:|1758258100
|switch|p2a: Hydrapple|Hydrapple, M|100/100
|move|p1a: Poliwrath|Bulk Up|p1a: Poliwrath
|-boost|p1a: Poliwrath|atk|1
|-boost|p1a: Poliwrath|def|1
|
|upkeep
|turn|26
|
|t:|1758258108
|switch|p2a: Alomomola|Alomomola, M|98/100 brn
|move|p1a: Poliwrath|Rock Slide|p2a: Alomomola
|-damage|p2a: Alomomola|74/100 brn
|
|-end|p1a: Poliwrath|move: Future Sight
|-supereffective|p1a: Poliwrath
|-damage|p1a: Poliwrath|20/100
|-heal|p1a: Poliwrath|27/100|[from] item: Leftovers
|-damage|p2a: Alomomola|68/100 brn|[from] brn
|upkeep
|turn|27
|
|t:|1758258122
|switch|p2a: Slowking|Slowking-Galar, F|100/100
|move|p1a: Poliwrath|Drain Punch|p2a: Slowking
|-resisted|p2a: Slowking
|-damage|p2a: Slowking|82/100
|-heal|p1a: Poliwrath|36/100|[from] drain|[of] p2a: Slowking
|
|-heal|p1a: Poliwrath|42/100|[from] item: Leftovers
|upkeep
|turn|28
|
|t:|1758258132
|move|p1a: Poliwrath|Rock Slide|p2a: Slowking
|-damage|p2a: Slowking|38/100
|move|p2a: Slowking|Future Sight|p1a: Poliwrath
|-start|p2a: Slowking|move: Future Sight
|
|-heal|p1a: Poliwrath|48/100|[from] item: Leftovers
|upkeep
|turn|29
|
|t:|1758258140
|switch|p2a: Alomomola|Alomomola, M|100/100 brn
|move|p1a: Poliwrath|Drain Punch|p2a: Alomomola
|-damage|p2a: Alomomola|67/100 brn
|-heal|p1a: Poliwrath|72/100|[from] drain|[of] p2a: Alomomola
|
|-heal|p1a: Poliwrath|78/100|[from] item: Leftovers
|-damage|p2a: Alomomola|61/100 brn|[from] brn
|upkeep
|turn|30
|
|t:|1758258150
|move|p2a: Alomomola|Protect|p2a: Alomomola
|-singleturn|p2a: Alomomola|Protect
|move|p1a: Poliwrath|Drain Punch|p2a: Alomomola
|-activate|p2a: Alomomola|move: Protect
|
|-end|p1a: Poliwrath|move: Future Sight
|-supereffective|p1a: Poliwrath
|-damage|p1a: Poliwrath|0 fnt
|faint|p1a: Poliwrath
|-damage|p2a: Alomomola|54/100 brn|[from] brn
|upkeep
|-message|cozyprincemshroom forfeited.
|
|win|bhbhkib
|raw|cozyprincemshroom's rating: 1099 &rarr; <strong>1078</strong><br />(-21 for losing)
|raw|bhbhkib's rating: 1151 &rarr; <strong>1172</strong><br />(+21 for winning)
|l|☆cozyprincemshroom
|player|p1|
|l|‽bhbhkib
|player|p2|
|l| gensenguu
