|j|☆scarfwake
|j|☆peefan53
|t:|1758339012
|gametype|singles
|player|p1|scarfwake|miku-flying|1486
|player|p2|peefan53|smasher|1508
|gen|9
|tier|[Gen 9] OU
|rated|
|rule|HP Percentage Mod: HP is shown in percentages
|rule|Endless Battle Clause: Forcing endless battles is banned
|rule|Species Clause: Limit one of each Pokémon
|rule|OHKO Clause: OHKO moves are banned
|rule|Evasion Items Clause: Evasion items are banned
|rule|Evasion Moves Clause: Evasion moves are banned
|rule|Evasion Abilities Clause: Evasion abilities are banned
|rule|Sleep Moves Clause: Sleep-inducing moves are banned
|clearpoke
|poke|p1|Samurott-Hisui, F|
|poke|p1|Rillaboom, F|
|poke|p1|Heatran, F|
|poke|p1|Weezing-Galar, M|
|poke|p1|Landorus-Therian, M|
|poke|p1|Primarina, M|
|poke|p2|Garganacl, F|
|poke|p2|Dragapult, F|
|poke|p2|Ogerpon-Wellspring, F|
|poke|p2|Moltres|
|poke|p2|Malamar, F|
|poke|p2|Iron Treads|
|teampreview
|
|t:|1758339021
|teamsize|p1|6
|teamsize|p2|6
|start
|switch|p1a: Primarina|Primarina, M|100/100
|switch|p2a: Ogerpon-Simpson|Ogerpon-Wellspring, F|100/100
|turn|1
|inactive|Battle timer is ON: inactive players will automatically lose when time's up. (requested by scarfwake)
|
|t:|1758339025
|move|p2a: Ogerpon-Simpson|Ivy Cudgel|p1a: Primarina|[anim] Ivy Cudgel Water
|-resisted|p1a: Primarina
|-damage|p1a: Primarina|66/100
|move|p1a: Primarina|Moonblast|p2a: Ogerpon-Simpson
|-damage|p2a: Ogerpon-Simpson|17/100
|
|upkeep
|turn|2
|
|t:|1758339029
|switch|p2a: MoltLisa|Moltres|100/100
|move|p1a: Primarina|Moonblast|p2a: MoltLisa
|-resisted|p2a: MoltLisa
|-damage|p2a: MoltLisa|63/100
|
|upkeep
|turn|3
|
|t:|1758339040
|move|p2a: MoltLisa|Roost|p2a: MoltLisa
|-heal|p2a: MoltLisa|100/100
|-singleturn|p2a: MoltLisa|move: Roost
|move|p1a: Primarina|Moonblast|p2a: MoltLisa
|-resisted|p2a: MoltLisa
|-damage|p2a: MoltLisa|64/100
|
|upkeep
|turn|4
|
|t:|1758339043
|switch|p2a: Iron Bart|Iron Treads|100/100
|move|p1a: Primarina|Moonblast|p2a: Iron Bart
|-resisted|p2a: Iron Bart
|-damage|p2a: Iron Bart|69/100
|
|-heal|p2a: Iron Bart|75/100|[from] item: Leftovers
|upkeep
|turn|5
|
|t:|1758339048
|switch|p1a: Samurott|Samurott-Hisui, F|100/100
|move|p2a: Iron Bart|Earthquake|p1a: Samurott
|-damage|p1a: Samurott|57/100
|
|-heal|p2a: Iron Bart|81/100|[from] item: Leftovers
|upkeep
|turn|6
|
|t:|1758339052
|-end|p2a: Iron Bart|Quark Drive|[silent]
|switch|p2a: MoltLisa|Moltres|64/100
|move|p1a: Samurott|Ceaseless Edge|p2a: MoltLisa
|-damage|p2a: MoltLisa|3/100
|-sidestart|p2: peefan53|Spikes
|
|upkeep
|turn|7
|
|t:|1758339058
|move|p1a: Samurott|Ceaseless Edge|p2a: MoltLisa
|-damage|p2a: MoltLisa|0 fnt
|-sidestart|p2: peefan53|Spikes
|faint|p2a: MoltLisa
|
|upkeep
|
|t:|1758339061
|switch|p2a: Iron Bart|Iron Treads|81/100
|-damage|p2a: Iron Bart|64/100|[from] Spikes
|turn|8
|
|t:|1758339065
|move|p2a: Iron Bart|Rapid Spin|p1a: Samurott
|-damage|p1a: Samurott|43/100
|-boost|p2a: Iron Bart|spe|1
|-sideend|p2: peefan53|Spikes|[from] move: Rapid Spin|[of] p2a: Iron Bart
|move|p1a: Samurott|Ceaseless Edge|p2a: Iron Bart
|-damage|p2a: Iron Bart|12/100
|-sidestart|p2: peefan53|Spikes
|
|-heal|p2a: Iron Bart|19/100|[from] item: Leftovers
|upkeep
|turn|9
|
|t:|1758339068
|move|p2a: Iron Bart|Earthquake|p1a: Samurott
|-damage|p1a: Samurott|0 fnt
|faint|p1a: Samurott
|
|-heal|p2a: Iron Bart|25/100|[from] item: Leftovers
|upkeep
|
|t:|1758339072
|switch|p1a: Rillaboom|Rillaboom, F|100/100
|-fieldstart|move: Grassy Terrain|[from] ability: Grassy Surge|[of] p1a: Rillaboom
|turn|10
|
|t:|1758339075
|-end|p2a: Iron Bart|Quark Drive|[silent]
|switch|p2a: Ogerpon-Simpson|Ogerpon-Wellspring, F|17/100
|-damage|p2a: Ogerpon-Simpson|5/100|[from] Spikes
|move|p1a: Rillaboom|Grassy Glide|p2a: Ogerpon-Simpson
|-damage|p2a: Ogerpon-Simpson|0 fnt
|faint|p2a: Ogerpon-Simpson
|
|upkeep
|
|t:|1758339079
|switch|p2a: Homernacl|Garganacl, F|100/100
|-damage|p2a: Homernacl|88/100|[from] Spikes
|turn|11
|
|t:|1758339090
|-terastallize|p1a: Rillaboom|Grass
|-terastallize|p2a: Homernacl|Electric
|move|p1a: Rillaboom|Grassy Glide|p2a: Homernacl
|-damage|p2a: Homernacl|30/100
|move|p2a: Homernacl|Iron Defense|p2a: Homernacl
|-boost|p2a: Homernacl|def|2
|
|-heal|p2a: Homernacl|36/100|[from] Grassy Terrain
|-heal|p2a: Homernacl|42/100|[from] item: Leftovers
|upkeep
|turn|12
|
|t:|1758339092
|move|p1a: Rillaboom|Grassy Glide|p2a: Homernacl
|-damage|p2a: Homernacl|15/100
|move|p2a: Homernacl|Recover|p2a: Homernacl
|-heal|p2a: Homernacl|65/100
|
|-heal|p2a: Homernacl|71/100|[from] Grassy Terrain
|-heal|p2a: Homernacl|78/100|[from] item: Leftovers
|upkeep
|turn|13
|
|t:|1758339099
|switch|p1a: Weezing|Weezing-Galar, M|100/100
|-ability|p1a: Weezing|Neutralizing Gas
|move|p2a: Homernacl|Iron Defense|p2a: Homernacl
|-boost|p2a: Homernacl|def|2
|
|-heal|p2a: Homernacl|84/100|[from] Grassy Terrain
|-heal|p2a: Homernacl|90/100|[from] item: Leftovers
|upkeep
|turn|14
|
|t:|1758339103
|move|p1a: Weezing|Will-O-Wisp|p2a: Homernacl
|-status|p2a: Homernacl|brn
|move|p2a: Homernacl|Salt Cure|p1a: Weezing
|-damage|p1a: Weezing|96/100
|-start|p1a: Weezing|Salt Cure
|
|-heal|p1a: Weezing|100/100|[from] Grassy Terrain
|-heal|p2a: Homernacl|96/100 brn|[from] Grassy Terrain
|-heal|p2a: Homernacl|100/100 brn|[from] item: Leftovers
|-damage|p2a: Homernacl|94/100 brn|[from] brn
|-damage|p1a: Weezing|88/100|[from] Salt Cure
|-fieldend|move: Grassy Terrain
|upkeep
|turn|15
|
|t:|1758339114
|move|p1a: Weezing|Toxic Spikes|p2a: Homernacl
|-sidestart|p2: peefan53|move: Toxic Spikes
|move|p2a: Homernacl|Iron Defense|p2a: Homernacl
|-boost|p2a: Homernacl|def|2
|
|-heal|p1a: Weezing|94/100|[from] item: Leftovers
|-heal|p2a: Homernacl|100/100 brn|[from] item: Leftovers
|-damage|p2a: Homernacl|94/100 brn|[from] brn
|-damage|p1a: Weezing|82/100|[from] Salt Cure
|upkeep
|turn|16
|
|t:|1758339119
|move|p1a: Weezing|Strange Steam|p2a: Homernacl|[miss]
|-miss|p1a: Weezing|p2a: Homernacl
|move|p2a: Homernacl|Body Press|p1a: Weezing
|-resisted|p1a: Weezing
|-damage|p1a: Weezing|74/100
|
|-heal|p1a: Weezing|80/100|[from] item: Leftovers
|-heal|p2a: Homernacl|100/100 brn|[from] item: Leftovers
|-damage|p2a: Homernacl|94/100 brn|[from] brn
|-damage|p1a: Weezing|68/100|[from] Salt Cure
|upkeep
|turn|17
|
|t:|1758339122
|move|p1a: Weezing|Strange Steam|p2a: Homernacl|[miss]
|-miss|p1a: Weezing|p2a: Homernacl
|move|p2a: Homernacl|Salt Cure|p1a: Weezing
|-damage|p1a: Weezing|64/100
|
|-heal|p1a: Weezing|70/100|[from] item: Leftovers
|-heal|p2a: Homernacl|100/100 brn|[from] item: Leftovers
|-damage|p2a: Homernacl|94/100 brn|[from] brn
|-damage|p1a: Weezing|57/100|[from] Salt Cure
|upkeep
|turn|18
|
|t:|1758339125
|move|p1a: Weezing|Strange Steam|p2a: Homernacl
|-damage|p2a: Homernacl|77/100 brn
|move|p2a: Homernacl|Salt Cure|p1a: Weezing
|-damage|p1a: Weezing|53/100
|
|-heal|p1a: Weezing|59/100|[from] item: Leftovers
|-heal|p2a: Homernacl|83/100 brn|[from] item: Leftovers
|-damage|p2a: Homernacl|77/100 brn|[from] brn
|-damage|p1a: Weezing|46/100|[from] Salt Cure
|upkeep
|turn|19
|
|t:|1758339128
|move|p1a: Weezing|Strange Steam|p2a: Homernacl
|-damage|p2a: Homernacl|61/100 brn
|-start|p2a: Homernacl|confusion
|-activate|p2a: Homernacl|confusion
|-damage|p2a: Homernacl|59/100 brn|[from] confusion
|
|-heal|p1a: Weezing|52/100|[from] item: Leftovers
|-heal|p2a: Homernacl|65/100 brn|[from] item: Leftovers
|-damage|p2a: Homernacl|59/100 brn|[from] brn
|-damage|p1a: Weezing|40/100|[from] Salt Cure
|upkeep
|turn|20
|
|t:|1758339133
|move|p1a: Weezing|Strange Steam|p2a: Homernacl
|-damage|p2a: Homernacl|42/100 brn
|-activate|p2a: Homernacl|confusion
|move|p2a: Homernacl|Salt Cure|p1a: Weezing
|-damage|p1a: Weezing|36/100
|
|-heal|p1a: Weezing|42/100|[from] item: Leftovers
|-heal|p2a: Homernacl|49/100 brn|[from] item: Leftovers
|-damage|p2a: Homernacl|42/100 brn|[from] brn
|-damage|p1a: Weezing|29/100|[from] Salt Cure
|upkeep
|turn|21
|
|t:|1758339135
|move|p1a: Weezing|Strange Steam|p2a: Homernacl
|-damage|p2a: Homernacl|24/100 brn
|-activate|p2a: Homernacl|confusion
|-damage|p2a: Homernacl|22/100 brn|[from] confusion
|
|-heal|p1a: Weezing|35/100|[from] item: Leftovers
|-heal|p2a: Homernacl|28/100 brn|[from] item: Leftovers
|-damage|p2a: Homernacl|22/100 brn|[from] brn
|-damage|p1a: Weezing|23/100|[from] Salt Cure
|upkeep
|turn|22
|
|t:|1758339139
|move|p1a: Weezing|Strange Steam|p2a: Homernacl
|-damage|p2a: Homernacl|3/100 brn
|-end|p2a: Homernacl|confusion
|move|p2a: Homernacl|Recover|p2a: Homernacl
|-heal|p2a: Homernacl|53/100 brn
|
|-heal|p1a: Weezing|29/100|[from] item: Leftovers
|-heal|p2a: Homernacl|60/100 brn|[from] item: Leftovers
|-damage|p2a: Homernacl|53/100 brn|[from] brn
|-damage|p1a: Weezing|17/100|[from] Salt Cure
|upkeep
|turn|23
|
|t:|1758339144
|move|p1a: Weezing|Strange Steam|p2a: Homernacl
|-damage|p2a: Homernacl|35/100 brn
|move|p2a: Homernacl|Recover|p2a: Homernacl
|-heal|p2a: Homernacl|85/100 brn
|
|-heal|p1a: Weezing|23/100|[from] item: Leftovers
|-heal|p2a: Homernacl|92/100 brn|[from] item: Leftovers
|-damage|p2a: Homernacl|85/100 brn|[from] brn
|-damage|p1a: Weezing|10/100|[from] Salt Cure
|upkeep
|turn|24
|
|t:|1758339153
|move|p1a: Weezing|Destiny Bond|p1a: Weezing
|-singlemove|p1a: Weezing|Destiny Bond
|move|p2a: Homernacl|Salt Cure|p1a: Weezing
|-crit|p1a: Weezing
|-damage|p1a: Weezing|4/100
|
|-heal|p1a: Weezing|10/100|[from] item: Leftovers
|-heal|p2a: Homernacl|92/100 brn|[from] item: Leftovers
|-damage|p2a: Homernacl|85/100 brn|[from] brn
|-damage|p1a: Weezing|0 fnt|[from] Salt Cure
|faint|p1a: Weezing
|-end|p1a: Weezing|ability: Neutralizing Gas
|upkeep
|
|t:|1758339162
|switch|p1a: Primarina|Primarina, M|66/100
|turn|25
|
|t:|1758339167
|move|p1a: Primarina|Moonblast|p2a: Homernacl
|-damage|p2a: Homernacl|34/100 brn
|move|p2a: Homernacl|Salt Cure|p1a: Primarina
|-damage|p1a: Primarina|58/100
|-start|p1a: Primarina|Salt Cure
|
|-heal|p2a: Homernacl|40/100 brn|[from] item: Leftovers
|-damage|p2a: Homernacl|34/100 brn|[from] brn
|-damage|p1a: Primarina|33/100|[from] Salt Cure
|upkeep
|turn|26
|
|t:|1758339185
|move|p1a: Primarina|Moonblast|p2a: Homernacl
|-damage|p2a: Homernacl|0 fnt
|faint|p2a: Homernacl
|
|-damage|p1a: Primarina|8/100|[from] Salt Cure
|upkeep
|
|t:|1758339190
|switch|p2a: Iron Bart|Iron Treads|25/100
|-damage|p2a: Iron Bart|12/100|[from] Spikes
|turn|27
|
|t:|1758339192
|move|p2a: Iron Bart|Rapid Spin|p1a: Primarina
|-damage|p1a: Primarina|0 fnt
|-boost|p2a: Iron Bart|spe|1
|-sideend|p2: peefan53|Spikes|[from] move: Rapid Spin|[of] p2a: Iron Bart
|-sideend|p2: peefan53|Toxic Spikes|[from] move: Rapid Spin|[of] p2a: Iron Bart
|faint|p1a: Primarina
|
|-heal|p2a: Iron Bart|18/100|[from] item: Leftovers
|upkeep
|
|t:|1758339195
|switch|p1a: Rillaboom|Rillaboom, F, tera:Grass|100/100
|-fieldstart|move: Grassy Terrain|[from] ability: Grassy Surge|[of] p1a: Rillaboom
|turn|28
|
|t:|1758339198
|move|p1a: Rillaboom|Grassy Glide|p2a: Iron Bart
|-damage|p2a: Iron Bart|0 fnt
|faint|p2a: Iron Bart
|-end|p2a: Iron Bart|Quark Drive|[silent]
|
|upkeep
|
|t:|1758339200
|switch|p2a: Maggie-pult|Dragapult, F|100/100
|turn|29
|
|t:|1758339207
|switch|p1a: Heatran|Heatran, F|100/100
|move|p2a: Maggie-pult|U-turn|p1a: Heatran
|-resisted|p1a: Heatran
|-damage|p1a: Heatran|97/100
|
|t:|1758339209
|switch|p2a: MalaMarge|Malamar, F|100/100|[from] U-turn
|
|-heal|p1a: Heatran|100/100|[from] Grassy Terrain
|upkeep
|turn|30
|
|t:|1758339212
|move|p2a: MalaMarge|Superpower|p1a: Heatran
|-supereffective|p1a: Heatran
|-damage|p1a: Heatran|34/100
|-boost|p2a: MalaMarge|atk|1
|-boost|p2a: MalaMarge|def|1
|move|p1a: Heatran|Lunge|p2a: MalaMarge
|-supereffective|p2a: MalaMarge
|-damage|p2a: MalaMarge|13/100
|-boost|p2a: MalaMarge|atk|1
|
|-heal|p2a: MalaMarge|19/100|[from] Grassy Terrain
|-heal|p1a: Heatran|40/100|[from] Grassy Terrain
|upkeep
|turn|31
|
|t:|1758339223
|move|p2a: MalaMarge|Rest|p2a: MalaMarge
|-status|p2a: MalaMarge|slp|[from] move: Rest
|-heal|p2a: MalaMarge|100/100 slp|[silent]
|-enditem|p2a: MalaMarge|Chesto Berry|[eat]
|-curestatus|p2a: MalaMarge|slp|[msg]
|move|p1a: Heatran|Lunge|p2a: MalaMarge
|-supereffective|p2a: MalaMarge
|-damage|p2a: MalaMarge|21/100
|-boost|p2a: MalaMarge|atk|1
|
|-heal|p2a: MalaMarge|27/100|[from] Grassy Terrain
|-heal|p1a: Heatran|47/100|[from] Grassy Terrain
|upkeep
|turn|32
|
|t:|1758339226
|move|p2a: MalaMarge|Superpower|p1a: Heatran
|-supereffective|p1a: Heatran
|-damage|p1a: Heatran|0 fnt
|-boost|p2a: MalaMarge|atk|1
|-boost|p2a: MalaMarge|def|1
|faint|p1a: Heatran
|
|-heal|p2a: MalaMarge|33/100|[from] Grassy Terrain
|-fieldend|move: Grassy Terrain
|upkeep
|
|t:|1758339231
|switch|p1a: Rillaboom|Rillaboom, F, tera:Grass|100/100
|-fieldstart|move: Grassy Terrain|[from] ability: Grassy Surge|[of] p1a: Rillaboom
|turn|33
|
|t:|1758339236
|move|p1a: Rillaboom|Grassy Glide|p2a: MalaMarge
|-damage|p2a: MalaMarge|0 fnt
|faint|p2a: MalaMarge
|
|upkeep
|
|t:|1758339238
|switch|p2a: Maggie-pult|Dragapult, F|100/100
|turn|34
|
|t:|1758339242
|switch|p1a: Landorus|Landorus-Therian, M|100/100
|-ability|p1a: Landorus|Intimidate|boost
|-unboost|p2a: Maggie-pult|atk|1
|move|p2a: Maggie-pult|Will-O-Wisp|p1a: Landorus
|-status|p1a: Landorus|brn
|
|-damage|p1a: Landorus|94/100 brn|[from] brn
|upkeep
|turn|35
|
|t:|1758339247
|move|p2a: Maggie-pult|Hex|p1a: Landorus
|-damage|p1a: Landorus|32/100 brn
|move|p1a: Landorus|Taunt|p2a: Maggie-pult
|-start|p2a: Maggie-pult|move: Taunt
|
|-damage|p1a: Landorus|26/100 brn|[from] brn
|upkeep
|turn|36
|
|t:|1758339253
|move|p2a: Maggie-pult|U-turn|p1a: Landorus
|-resisted|p1a: Landorus
|-damage|p1a: Landorus|20/100 brn
|move|p1a: Landorus|U-turn|p2a: Maggie-pult
|-resisted|p2a: Maggie-pult
|-damage|p2a: Maggie-pult|91/100
|
|t:|1758339255
|switch|p1a: Rillaboom|Rillaboom, F, tera:Grass|100/100|[from] U-turn
|
|-heal|p2a: Maggie-pult|97/100|[from] Grassy Terrain
|upkeep
|turn|37
|
|t:|1758339259
|move|p2a: Maggie-pult|U-turn|p1a: Rillaboom
|-supereffective|p1a: Rillaboom
|-damage|p1a: Rillaboom|80/100
|move|p1a: Rillaboom|Knock Off|p2a: Maggie-pult
|-supereffective|p2a: Maggie-pult
|-damage|p2a: Maggie-pult|0 fnt
|-enditem|p2a: Maggie-pult|Heavy-Duty Boots|[from] move: Knock Off|[of] p1a: Rillaboom
|faint|p2a: Maggie-pult
|
|win|scarfwake
|raw|scarfwake's rating: 1486 &rarr; <strong>1507</strong><br />(+21 for winning)
|raw|peefan53's rating: 1508 &rarr; <strong>1487</strong><br />(-21 for losing)
|c|☆scarfwake|gg
