|j|☆not a gator
|j|☆bailuTV
|t:|1758378080
|gametype|singles
|player|p1|not a gator|1|1475
|player|p2|bailuTV|2|1522
|gen|9
|tier|[Gen 9] OU
|rated|
|rule|HP Percentage Mod: HP is shown in percentages
|rule|Endless Battle Clause: Forcing endless battles is banned
|rule|Species Clause: Limit one of each Pokémon
|rule|OHKO Clause: OHKO moves are banned
|rule|Evasion Items Clause: Evasion items are banned
|rule|Evasion Moves Clause: Evasion moves are banned
|rule|Evasion Abilities Clause: Evasion abilities are banned
|rule|Sleep Moves Clause: Sleep-inducing moves are banned
|clearpoke
|poke|p1|Kyurem|
|poke|p1|Corviknight, F|
|poke|p1|Ting-Lu|
|poke|p1|Dondozo, F|
|poke|p1|Slowking-Galar, L99, M|
|poke|p1|Cinderace, M|
|poke|p2|Zamazenta-*|
|poke|p2|Walking Wake|
|poke|p2|Raging Bolt|
|poke|p2|Ninetales, M|
|poke|p2|Jirachi|
|poke|p2|Torkoal, M|
|teampreview
|inactive|Battle timer is ON: inactive players will automatically lose when time's up. (requested by not a gator)
|
|t:|1758378110
|teamsize|p1|6
|teamsize|p2|6
|start
|switch|p1a: Kyurem|Kyurem|100/100
|switch|p2a: Torkoal|Torkoal, M|100/100
|-ability|p1a: Kyurem|Pressure
|-weather|SunnyDay|[from] ability: Drought|[of] p2a: Torkoal
|turn|1
|
|t:|1758378121
|move|p1a: Kyurem|Earth Power|p2a: Torkoal
|-supereffective|p2a: Torkoal
|-damage|p2a: Torkoal|24/100
|move|p2a: Torkoal|Overheat|p1a: Kyurem
|-damage|p1a: Kyurem|19/100
|-unboost|p2a: Torkoal|spa|2
|-enditem|p2a: Torkoal|Eject Pack
|
|t:|1758378138
|switch|p2a: Walking Wake|Walking Wake|100/100
|-activate|p2a: Walking Wake|ability: Protosynthesis
|-start|p2a: Walking Wake|protosynthesisspe
|
|-weather|SunnyDay|[upkeep]
|-heal|p1a: Kyurem|25/100|[from] item: Leftovers
|upkeep
|turn|2
|
|t:|1758378141
|move|p1a: Kyurem|Protect|p1a: Kyurem
|-singleturn|p1a: Kyurem|Protect
|move|p2a: Walking Wake|Hydro Steam|p1a: Kyurem
|-activate|p1a: Kyurem|move: Protect
|
|-weather|SunnyDay|[upkeep]
|-heal|p1a: Kyurem|32/100|[from] item: Leftovers
|upkeep
|turn|3
|
|t:|1758378152
|switch|p1a: Slowking|Slowking-Galar, L99, M|100/100
|move|p2a: Walking Wake|Hydro Steam|p1a: Slowking
|-damage|p1a: Slowking|42/100
|
|-weather|SunnyDay|[upkeep]
|upkeep
|turn|4
|
|t:|1758378162
|-terastallize|p1a: Slowking|Water
|move|p2a: Walking Wake|Hydro Steam|p1a: Slowking
|-resisted|p1a: Slowking
|-damage|p1a: Slowking|13/100
|-prepare|p1a: Slowking|Chilly Reception|[premajor]
|move|p1a: Slowking|Chilly Reception|p1a: Slowking
|-weather|Snowscape
|-end|p2a: Walking Wake|Protosynthesis
|
|t:|1758378173
|switch|p1a: Cinderace|Cinderace, M|100/100|[from] Chilly Reception
|
|-weather|Snowscape|[upkeep]
|upkeep
|turn|5
|
|t:|1758378180
|move|p1a: Cinderace|U-turn|p2a: Walking Wake
|-damage|p2a: Walking Wake|79/100
|
|t:|1758378183
|switch|p1a: Slowking|Slowking-Galar, L99, M, tera:Water|47/100|[from] U-turn
|move|p2a: Walking Wake|Hydro Steam|p1a: Slowking
|-resisted|p1a: Slowking
|-damage|p1a: Slowking|27/100
|
|-weather|Snowscape|[upkeep]
|upkeep
|turn|6
|
|t:|1758378204
|-end|p2a: Walking Wake|Protosynthesis|[silent]
|switch|p2a: Torkoal|Torkoal, M|24/100
|-weather|SunnyDay|[from] ability: Drought|[of] p2a: Torkoal
|switch|p1a: Dondozo|Dondozo, F|100/100
|
|-weather|SunnyDay|[upkeep]
|upkeep
|turn|7
|
|t:|1758378221
|switch|p1a: Slowking|Slowking-Galar, L99, M, tera:Water|61/100
|move|p2a: Torkoal|Stealth Rock|p1a: Slowking
|-sidestart|p1: not a gator|move: Stealth Rock
|
|-weather|SunnyDay|[upkeep]
|upkeep
|turn|8
|
|t:|1758378233
|switch|p2a: Raging Bolt|Raging Bolt|100/100
|-activate|p2a: Raging Bolt|ability: Protosynthesis
|-start|p2a: Raging Bolt|protosynthesisspa
|move|p1a: Slowking|Future Sight|p2a: Raging Bolt
|-start|p1a: Slowking|move: Future Sight
|
|-weather|SunnyDay|[upkeep]
|upkeep
|turn|9
|
|t:|1758378254
|switch|p1a: Ting-Lu|Ting-Lu|100/100
|-damage|p1a: Ting-Lu|94/100|[from] Stealth Rock
|-ability|p1a: Ting-Lu|Vessel of Ruin
|move|p2a: Raging Bolt|Draco Meteor|p1a: Ting-Lu
|-damage|p1a: Ting-Lu|56/100
|-unboost|p2a: Raging Bolt|spa|2
|
|-weather|SunnyDay|[upkeep]
|-heal|p1a: Ting-Lu|62/100|[from] item: Leftovers
|upkeep
|turn|10
|
|t:|1758378266
|-end|p2a: Raging Bolt|Protosynthesis|[silent]
|switch|p2a: Jirachi|Jirachi|100/100
|-item|p2a: Jirachi|Air Balloon
|move|p1a: Ting-Lu|Earthquake|p2a: Jirachi
|-immune|p2a: Jirachi
|
|-weather|none
|-end|p2a: Jirachi|move: Future Sight
|-resisted|p2a: Jirachi
|-damage|p2a: Jirachi|93/100
|-enditem|p2a: Jirachi|Air Balloon
|-heal|p1a: Ting-Lu|69/100|[from] item: Leftovers
|upkeep
|turn|11
|
|t:|1758378278
|move|p2a: Jirachi|Iron Head|p1a: Ting-Lu
|-damage|p1a: Ting-Lu|52/100
|cant|p1a: Ting-Lu|flinch
|
|-heal|p1a: Ting-Lu|58/100|[from] item: Leftovers
|upkeep
|turn|12
|
|t:|1758378283
|move|p2a: Jirachi|Iron Head|p1a: Ting-Lu
|-damage|p1a: Ting-Lu|43/100
|cant|p1a: Ting-Lu|flinch
|
|-heal|p1a: Ting-Lu|49/100|[from] item: Leftovers
|upkeep
|turn|13
|
|t:|1758378290
|move|p2a: Jirachi|Iron Head|p1a: Ting-Lu
|-damage|p1a: Ting-Lu|31/100
|cant|p1a: Ting-Lu|flinch
|
|-heal|p1a: Ting-Lu|37/100|[from] item: Leftovers
|upkeep
|turn|14
|
|t:|1758378296
|move|p2a: Jirachi|Iron Head|p1a: Ting-Lu
|-damage|p1a: Ting-Lu|21/100
|cant|p1a: Ting-Lu|flinch
|
|-heal|p1a: Ting-Lu|28/100|[from] item: Leftovers
|upkeep
|turn|15
|c|☆bailuTV|haha
|
|t:|1758378316
|move|p2a: Jirachi|Iron Head|p1a: Ting-Lu
|-damage|p1a: Ting-Lu|10/100
|cant|p1a: Ting-Lu|flinch
|
|-heal|p1a: Ting-Lu|17/100|[from] item: Leftovers
|upkeep
|turn|16
|c|☆not a gator|lol
|
|t:|1758378321
|switch|p1a: Corviknight|Corviknight, F|100/100
|-damage|p1a: Corviknight|88/100|[from] Stealth Rock
|-ability|p1a: Corviknight|Pressure
|move|p2a: Jirachi|Iron Head|p1a: Corviknight
|-resisted|p1a: Corviknight
|-damage|p1a: Corviknight|78/100
|-damage|p2a: Jirachi|77/100|[from] item: Rocky Helmet|[of] p1a: Corviknight
|
|upkeep
|turn|17
|
|t:|1758378332
|switch|p2a: Torkoal|Torkoal, M|24/100
|-weather|SunnyDay|[from] ability: Drought|[of] p2a: Torkoal
|move|p1a: Corviknight|Defog|p2a: Torkoal
|-unboost|p2a: Torkoal|evasion|1
|-sideend|p1: not a gator|Stealth Rock|[from] move: Defog|[of] p1a: Corviknight
|
|-weather|SunnyDay|[upkeep]
|upkeep
|turn|18
|
|t:|1758378347
|move|p1a: Corviknight|Brave Bird|p2a: Torkoal
|-damage|p2a: Torkoal|0 fnt
|faint|p2a: Torkoal
|-damage|p1a: Corviknight|72/100|[from] Recoil
|
|-weather|SunnyDay|[upkeep]
|upkeep
|
|t:|1758378354
|switch|p2a: Walking Wake|Walking Wake|79/100
|-activate|p2a: Walking Wake|ability: Protosynthesis
|-start|p2a: Walking Wake|protosynthesisspe
|turn|19
|
|t:|1758378359
|switch|p1a: Slowking|Slowking-Galar, L99, M, tera:Water|94/100
|move|p2a: Walking Wake|Hydro Steam|p1a: Slowking
|-resisted|p1a: Slowking
|-damage|p1a: Slowking|65/100
|
|-weather|SunnyDay|[upkeep]
|upkeep
|turn|20
|
|t:|1758378374
|-end|p2a: Walking Wake|Protosynthesis|[silent]
|switch|p2a: Raging Bolt|Raging Bolt|100/100
|-activate|p2a: Raging Bolt|ability: Protosynthesis
|-start|p2a: Raging Bolt|protosynthesisspa
|move|p1a: Slowking|Future Sight|p2a: Raging Bolt
|-start|p1a: Slowking|move: Future Sight
|
|-weather|SunnyDay|[upkeep]
|upkeep
|turn|21
|
|t:|1758378393
|switch|p1a: Ting-Lu|Ting-Lu|17/100
|-ability|p1a: Ting-Lu|Vessel of Ruin
|move|p2a: Raging Bolt|Volt Switch|p1a: Ting-Lu
|-immune|p1a: Ting-Lu
|
|-weather|none
|-end|p2a: Raging Bolt|Protosynthesis
|-heal|p1a: Ting-Lu|23/100|[from] item: Leftovers
|upkeep
|turn|22
|
|t:|1758378398
|move|p2a: Raging Bolt|Draco Meteor|p1a: Ting-Lu
|-damage|p1a: Ting-Lu|0 fnt
|-unboost|p2a: Raging Bolt|spa|2
|faint|p1a: Ting-Lu
|
|-end|p2a: Raging Bolt|move: Future Sight
|-damage|p2a: Raging Bolt|75/100
|upkeep
|
|t:|1758378413
|switch|p1a: Kyurem|Kyurem|32/100
|-ability|p1a: Kyurem|Pressure
|turn|23
|
|t:|1758378422
|-end|p2a: Raging Bolt|Protosynthesis|[silent]
|switch|p2a: Ninetales|Ninetales, M|100/100
|-weather|SunnyDay|[from] ability: Drought|[of] p2a: Ninetales
|move|p1a: Kyurem|Earth Power|p2a: Ninetales
|-supereffective|p2a: Ninetales
|-damage|p2a: Ninetales|32/100
|
|-weather|SunnyDay|[upkeep]
|-heal|p1a: Kyurem|38/100|[from] item: Leftovers
|upkeep
|turn|24
|
|t:|1758378436
|move|p1a: Kyurem|Protect|p1a: Kyurem
|-singleturn|p1a: Kyurem|Protect
|move|p2a: Ninetales|Overheat|p1a: Kyurem
|-activate|p1a: Kyurem|move: Protect
|
|-weather|SunnyDay|[upkeep]
|-heal|p1a: Kyurem|44/100|[from] item: Leftovers
|upkeep
|turn|25
|
|t:|1758378446
|switch|p2a: Raging Bolt|Raging Bolt|75/100
|-activate|p2a: Raging Bolt|ability: Protosynthesis
|-start|p2a: Raging Bolt|protosynthesisspa
|switch|p1a: Slowking|Slowking-Galar, L99, M, tera:Water|98/100
|
|-weather|SunnyDay|[upkeep]
|upkeep
|turn|26
|
|t:|1758378456
|move|p2a: Raging Bolt|Volt Switch|p1a: Slowking
|-supereffective|p1a: Slowking
|-damage|p1a: Slowking|29/100
|
|t:|1758378467
|-end|p2a: Raging Bolt|Protosynthesis|[silent]
|switch|p2a: Ninetales|Ninetales, M|32/100|[from] Volt Switch
|-prepare|p1a: Slowking|Chilly Reception|[premajor]
|move|p1a: Slowking|Chilly Reception|p1a: Slowking
|-weather|Snowscape
|
|t:|1758378488
|switch|p1a: Cinderace|Cinderace, M|100/100|[from] Chilly Reception
|
|-weather|Snowscape|[upkeep]
|upkeep
|turn|27
|
|t:|1758378508
|switch|p2a: Zamazenta|Zamazenta|100/100
|-ability|p2a: Zamazenta|Dauntless Shield|boost
|-boost|p2a: Zamazenta|def|1
|move|p1a: Cinderace|U-turn|p2a: Zamazenta
|-resisted|p2a: Zamazenta
|-damage|p2a: Zamazenta|95/100
|
|t:|1758378515
|switch|p1a: Slowking|Slowking-Galar, L99, M, tera:Water|62/100|[from] U-turn
|
|-weather|Snowscape|[upkeep]
|-heal|p2a: Zamazenta|100/100|[from] item: Leftovers
|upkeep
|turn|28
|
|t:|1758378530
|move|p2a: Zamazenta|Body Press|p1a: Slowking
|-damage|p1a: Slowking|15/100
|move|p1a: Slowking|Future Sight|p2a: Zamazenta
|-start|p1a: Slowking|move: Future Sight
|
|-weather|Snowscape|[upkeep]
|upkeep
|turn|29
|
|t:|1758378543
|switch|p2a: Ninetales|Ninetales, M|32/100
|-weather|SunnyDay|[from] ability: Drought|[of] p2a: Ninetales
|switch|p1a: Corviknight|Corviknight, F|72/100
|-ability|p1a: Corviknight|Pressure
|
|-weather|SunnyDay|[upkeep]
|upkeep
|turn|30
|
|t:|1758378555
|switch|p2a: Raging Bolt|Raging Bolt|75/100
|-activate|p2a: Raging Bolt|ability: Protosynthesis
|-start|p2a: Raging Bolt|protosynthesisspa
|switch|p1a: Cinderace|Cinderace, M|100/100
|
|-weather|SunnyDay|[upkeep]
|-end|p2a: Raging Bolt|move: Future Sight
|-damage|p2a: Raging Bolt|47/100
|upkeep
|turn|31
|
|t:|1758378567
|move|p2a: Raging Bolt|Thunderclap|p1a: Cinderace
|-damage|p1a: Cinderace|32/100
|move|p1a: Cinderace|U-turn|p2a: Raging Bolt
|-damage|p2a: Raging Bolt|30/100
|
|t:|1758378575
|switch|p1a: Kyurem|Kyurem|44/100|[from] U-turn
|-ability|p1a: Kyurem|Pressure
|
|-weather|SunnyDay|[upkeep]
|-heal|p1a: Kyurem|50/100|[from] item: Leftovers
|upkeep
|turn|32
|
|t:|1758378584
|-end|p2a: Raging Bolt|Protosynthesis|[silent]
|switch|p2a: Jirachi|Jirachi|77/100
|move|p1a: Kyurem|Substitute|p1a: Kyurem
|-start|p1a: Kyurem|Substitute
|-damage|p1a: Kyurem|25/100
|
|-weather|SunnyDay|[upkeep]
|-heal|p1a: Kyurem|31/100|[from] item: Leftovers
|upkeep
|turn|33
|
|t:|1758378589
|move|p1a: Kyurem|Protect|p1a: Kyurem
|-singleturn|p1a: Kyurem|Protect
|move|p2a: Jirachi|Iron Head|p1a: Kyurem
|-activate|p1a: Kyurem|move: Protect
|
|-weather|SunnyDay|[upkeep]
|-heal|p1a: Kyurem|38/100|[from] item: Leftovers
|upkeep
|turn|34
|
|t:|1758378594
|move|p2a: Jirachi|Iron Head|p1a: Kyurem
|-supereffective|p1a: Kyurem
|-end|p1a: Kyurem|Substitute
|move|p1a: Kyurem|Earth Power|p2a: Jirachi
|-supereffective|p2a: Jirachi
|-damage|p2a: Jirachi|29/100
|
|-weather|SunnyDay|[upkeep]
|-heal|p1a: Kyurem|44/100|[from] item: Leftovers
|upkeep
|turn|35
|
|t:|1758378602
|move|p1a: Kyurem|Protect|p1a: Kyurem
|-singleturn|p1a: Kyurem|Protect
|move|p2a: Jirachi|Stealth Rock|p1a: Kyurem
|-sidestart|p1: not a gator|move: Stealth Rock
|
|-weather|SunnyDay|[upkeep]
|-heal|p1a: Kyurem|50/100|[from] item: Leftovers
|upkeep
|turn|36
|
|t:|1758378612
|switch|p1a: Corviknight|Corviknight, F|72/100
|-damage|p1a: Corviknight|59/100|[from] Stealth Rock
|-ability|p1a: Corviknight|Pressure
|move|p2a: Jirachi|Iron Head|p1a: Corviknight
|-resisted|p1a: Corviknight
|-damage|p1a: Corviknight|50/100
|-damage|p2a: Jirachi|12/100|[from] item: Rocky Helmet|[of] p1a: Corviknight
|
|-weather|none
|upkeep
|turn|37
|
|t:|1758378620
|switch|p2a: Ninetales|Ninetales, M|32/100
|-weather|SunnyDay|[from] ability: Drought|[of] p2a: Ninetales
|move|p1a: Corviknight|Roost|p1a: Corviknight
|-heal|p1a: Corviknight|99/100
|-singleturn|p1a: Corviknight|move: Roost
|
|-weather|SunnyDay|[upkeep]
|upkeep
|turn|38
|
|t:|1758378629
|switch|p1a: Slowking|Slowking-Galar, L99, M, tera:Water|48/100
|move|p2a: Ninetales|Overheat|p1a: Slowking
|-resisted|p1a: Slowking
|-damage|p1a: Slowking|27/100
|-unboost|p2a: Ninetales|spa|2
|
|-weather|SunnyDay|[upkeep]
|upkeep
|turn|39
|
|t:|1758378641
|move|p2a: Ninetales|Will-O-Wisp|p1a: Slowking
|-status|p1a: Slowking|brn
|-prepare|p1a: Slowking|Chilly Reception|[premajor]
|move|p1a: Slowking|Chilly Reception|p1a: Slowking
|-weather|Snowscape
|
|t:|1758378648
|switch|p1a: Cinderace|Cinderace, M|32/100|[from] Chilly Reception
|
|-weather|Snowscape|[upkeep]
|upkeep
|turn|40
|
|t:|1758378654
|switch|p2a: Zamazenta|Zamazenta|100/100
|move|p1a: Cinderace|Court Change|p1a: Cinderace
|-swapsideconditions
|-activate|p1a: Cinderace|move: Court Change
|
|-weather|Snowscape|[upkeep]
|upkeep
|turn|41
|
|t:|1758378673
|switch|p2a: Ninetales|Ninetales, M|32/100
|-damage|p2a: Ninetales|7/100|[from] Stealth Rock
|-weather|SunnyDay|[from] ability: Drought|[of] p2a: Ninetales
|switch|p1a: Corviknight|Corviknight, F|99/100
|-ability|p1a: Corviknight|Pressure
|
|-weather|SunnyDay|[upkeep]
|upkeep
|turn|42
|
|t:|1758378696
|switch|p1a: Slowking|Slowking-Galar, L99, M, tera:Water|60/100 brn
|move|p2a: Ninetales|Healing Wish|p2a: Ninetales
|faint|p2a: Ninetales
|
|-weather|SunnyDay|[upkeep]
|-damage|p1a: Slowking|54/100 brn|[from] brn
|upkeep
|
|t:|1758378702
|switch|p2a: Jirachi|Jirachi|12/100
|-heal|p2a: Jirachi|100/100|[from] move: Healing Wish
|-damage|p2a: Jirachi|94/100|[from] Stealth Rock
|turn|43
|
|t:|1758378713
|switch|p1a: Corviknight|Corviknight, F|99/100
|-ability|p1a: Corviknight|Pressure
|move|p2a: Jirachi|Stealth Rock|p1a: Corviknight
|-sidestart|p1: not a gator|move: Stealth Rock
|
|-weather|SunnyDay|[upkeep]
|upkeep
|turn|44
|
|t:|1758378729
|switch|p2a: Zamazenta|Zamazenta|100/100
|-damage|p2a: Zamazenta|94/100|[from] Stealth Rock
|move|p1a: Corviknight|Defog|p2a: Zamazenta
|-unboost|p2a: Zamazenta|evasion|1
|-sideend|p2: bailuTV|Stealth Rock|[from] move: Defog|[of] p1a: Corviknight
|-sideend|p1: not a gator|Stealth Rock|[from] move: Defog|[of] p1a: Corviknight
|
|-weather|SunnyDay|[upkeep]
|-heal|p2a: Zamazenta|100/100|[from] item: Leftovers
|upkeep
|turn|45
|
|t:|1758378737
|move|p2a: Zamazenta|Iron Defense|p2a: Zamazenta
|-boost|p2a: Zamazenta|def|2
|move|p1a: Corviknight|U-turn|p2a: Zamazenta
|-resisted|p2a: Zamazenta
|-damage|p2a: Zamazenta|98/100
|
|t:|1758378748
|switch|p1a: Dondozo|Dondozo, F|100/100|[from] U-turn
|
|-weather|SunnyDay|[upkeep]
|-heal|p2a: Zamazenta|100/100|[from] item: Leftovers
|upkeep
|turn|46
|
|t:|1758378760
|switch|p2a: Walking Wake|Walking Wake|79/100
|-activate|p2a: Walking Wake|ability: Protosynthesis
|-start|p2a: Walking Wake|protosynthesisspe
|move|p1a: Dondozo|Curse|p1a: Dondozo
|-unboost|p1a: Dondozo|spe|1
|-boost|p1a: Dondozo|atk|1
|-boost|p1a: Dondozo|def|1
|
|-weather|SunnyDay|[upkeep]
|upkeep
|turn|47
|
|t:|1758378771
|move|p2a: Walking Wake|Draco Meteor|p1a: Dondozo|[miss]
|-miss|p2a: Walking Wake|p1a: Dondozo
|move|p1a: Dondozo|Body Press|p2a: Walking Wake
|-damage|p2a: Walking Wake|30/100
|
|-weather|SunnyDay|[upkeep]
|upkeep
|turn|48
|
|t:|1758378782
|switch|p1a: Cinderace|Cinderace, M|32/100
|move|p2a: Walking Wake|Draco Meteor|p1a: Cinderace
|-damage|p1a: Cinderace|0 fnt
|-unboost|p2a: Walking Wake|spa|2
|faint|p1a: Cinderace
|
|-weather|none
|-end|p2a: Walking Wake|Protosynthesis
|upkeep
|
|t:|1758378795
|switch|p1a: Slowking|Slowking-Galar, L99, M, tera:Water|87/100 brn
|turn|49
|
|t:|1758378802
|-end|p2a: Walking Wake|Protosynthesis|[silent]
|switch|p2a: Jirachi|Jirachi|94/100
|move|p1a: Slowking|Future Sight|p2a: Jirachi
|-start|p1a: Slowking|move: Future Sight
|
|-damage|p1a: Slowking|81/100 brn|[from] brn
|upkeep
|turn|50
|
|t:|1758378809
|switch|p1a: Corviknight|Corviknight, F|99/100
|-ability|p1a: Corviknight|Pressure
|move|p2a: Jirachi|Encore||[still]
|-fail|p2a: Jirachi
|
|upkeep
|turn|51
|
|t:|1758378813
|move|p2a: Jirachi|Stealth Rock|p1a: Corviknight
|-sidestart|p1: not a gator|move: Stealth Rock
|move|p1a: Corviknight|U-turn|p2a: Jirachi
|-damage|p2a: Jirachi|81/100
|
|t:|1758378823
|switch|p1a: Slowking|Slowking-Galar, L99, M, tera:Water|100/100 brn|[from] U-turn
|
|-end|p2a: Jirachi|move: Future Sight
|-resisted|p2a: Jirachi
|-damage|p2a: Jirachi|71/100
|-damage|p1a: Slowking|94/100 brn|[from] brn
|upkeep
|turn|52
|
|t:|1758378831
|switch|p2a: Zamazenta|Zamazenta|100/100
|-prepare|p1a: Slowking|Chilly Reception|[premajor]
|move|p1a: Slowking|Chilly Reception|p1a: Slowking
|-weather|Snowscape
|
|t:|1758378840
|switch|p1a: Dondozo|Dondozo, F|100/100|[from] Chilly Reception
|-damage|p1a: Dondozo|88/100|[from] Stealth Rock
|
|-weather|Snowscape|[upkeep]
|-heal|p1a: Dondozo|94/100|[from] item: Leftovers
|upkeep
|turn|53
|
|t:|1758378848
|switch|p2a: Raging Bolt|Raging Bolt|30/100
|move|p1a: Dondozo|Curse|p1a: Dondozo
|-unboost|p1a: Dondozo|spe|1
|-boost|p1a: Dondozo|atk|1
|-boost|p1a: Dondozo|def|1
|
|-weather|Snowscape|[upkeep]
|-heal|p1a: Dondozo|100/100|[from] item: Leftovers
|upkeep
|turn|54
|
|t:|1758378858
|move|p2a: Raging Bolt|Volt Switch|p1a: Dondozo
|-supereffective|p1a: Dondozo
|-damage|p1a: Dondozo|27/100
|
|t:|1758378862
|-end|p2a: Raging Bolt|Protosynthesis|[silent]
|switch|p2a: Zamazenta|Zamazenta|100/100|[from] Volt Switch
|move|p1a: Dondozo|Body Press|p2a: Zamazenta
|-damage|p2a: Zamazenta|70/100
|
|-weather|Snowscape|[upkeep]
|-heal|p2a: Zamazenta|76/100|[from] item: Leftovers
|-heal|p1a: Dondozo|34/100|[from] item: Leftovers
|upkeep
|turn|55
|
|t:|1758378874
|switch|p2a: Jirachi|Jirachi|71/100
|move|p1a: Dondozo|Body Press|p2a: Jirachi
|-damage|p2a: Jirachi|31/100
|
|-weather|Snowscape|[upkeep]
|-heal|p1a: Dondozo|40/100|[from] item: Leftovers
|upkeep
|turn|56
|
|t:|1758378892
|switch|p2a: Walking Wake|Walking Wake|30/100
|move|p1a: Dondozo|Rest|p1a: Dondozo
|-status|p1a: Dondozo|slp|[from] move: Rest
|-heal|p1a: Dondozo|100/100 slp|[silent]
|
|-weather|none
|upkeep
|turn|57
|
|t:|1758378897
|move|p2a: Walking Wake|Draco Meteor|p1a: Dondozo
|-damage|p1a: Dondozo|1/100 slp
|-unboost|p2a: Walking Wake|spa|2
|cant|p1a: Dondozo|slp
|
|-heal|p1a: Dondozo|7/100 slp|[from] item: Leftovers
|upkeep
|turn|58
|
|t:|1758378902
|move|p2a: Walking Wake|Draco Meteor|p1a: Dondozo
|-damage|p1a: Dondozo|0 fnt
|-unboost|p2a: Walking Wake|spa|2
|faint|p1a: Dondozo
|
|upkeep
|
|t:|1758378905
|switch|p1a: Kyurem|Kyurem|50/100
|-damage|p1a: Kyurem|25/100|[from] Stealth Rock
|-ability|p1a: Kyurem|Pressure
|turn|59
|
|t:|1758378911
|move|p2a: Walking Wake|Draco Meteor|p1a: Kyurem
|-supereffective|p1a: Kyurem
|-damage|p1a: Kyurem|0 fnt
|-unboost|p2a: Walking Wake|spa|2
|faint|p1a: Kyurem
|
|upkeep
|c|☆not a gator|gg
|l|☆not a gator
|inactive|not a gator disconnected and has a minute to reconnect!
|player|p1|
|inactive|not a gator has 30 seconds to reconnect!
|inactive|not a gator has 20 seconds to reconnect!
|inactive|not a gator has 15 seconds to reconnect!
|inactive|not a gator has 10 seconds to reconnect!
|inactive|not a gator has 5 seconds to reconnect!
|-message|not a gator lost due to inactivity.
|
|win|bailuTV
|raw|not a gator's rating: 1475 &rarr; <strong>1458</strong><br />(-17 for losing)
|raw|bailuTV's rating: 1522 &rarr; <strong>1539</strong><br />(+17 for winning)
