|j|☆ibraahiim
|j|☆basic_name
|t:|1758305365
|gametype|singles
|player|p1|ibraahiim|pokemonbreeder-gen4|1324
|player|p2|basic_name|collector|1360
|gen|9
|tier|[Gen 9] OU
|rated|
|rule|HP Percentage Mod: HP is shown in percentages
|rule|Endless Battle Clause: Forcing endless battles is banned
|rule|Species Clause: Limit one of each Pokémon
|rule|OHKO Clause: OHKO moves are banned
|rule|Evasion Items Clause: Evasion items are banned
|rule|Evasion Moves Clause: Evasion moves are banned
|rule|Evasion Abilities Clause: Evasion abilities are banned
|rule|Sleep Moves Clause: Sleep-inducing moves are banned
|clearpoke
|poke|p1|Torkoal, M|
|poke|p1|Blaziken, M|
|poke|p1|Walking Wake|
|poke|p1|Raging Bolt|
|poke|p1|Great Tusk|
|poke|p1|Ceruledge, M|
|poke|p2|Maushold|
|poke|p2|Gastrodon, M|
|poke|p2|Zamazenta-*|
|poke|p2|Ting-Lu|
|poke|p2|Serperior, M|
|poke|p2|Weavile, F|
|teampreview
|inactive|Battle timer is ON: inactive players will automatically lose when time's up. (requested by ibraahiim)
|
|t:|1758305383
|teamsize|p1|6
|teamsize|p2|6
|start
|switch|p1a: Torkoal|Torkoal, M|100/100
|switch|p2a: Ting-Lu|Ting-Lu|100/100
|-ability|p2a: Ting-Lu|Vessel of Ruin
|-weather|SunnyDay|[from] ability: Drought|[of] p1a: Torkoal
|turn|1
|
|t:|1758305389
|move|p2a: Ting-Lu|Earthquake|p1a: Torkoal
|-supereffective|p1a: Torkoal
|-damage|p1a: Torkoal|46/100
|move|p1a: Torkoal|Stealth Rock|p2a: Ting-Lu
|-sidestart|p2: basic_name|move: Stealth Rock
|
|-weather|SunnyDay|[upkeep]
|upkeep
|turn|2
|
|t:|1758305410
|switch|p1a: Walking Wake|Walking Wake|100/100
|-activate|p1a: Walking Wake|ability: Protosynthesis
|-start|p1a: Walking Wake|protosynthesisspa
|move|p2a: Ting-Lu|Stealth Rock|p1a: Walking Wake
|-sidestart|p1: ibraahiim|move: Stealth Rock
|
|-weather|SunnyDay|[upkeep]
|upkeep
|turn|3
|
|t:|1758305421
|-terastallize|p2a: Ting-Lu|Water
|move|p1a: Walking Wake|Hydro Steam|p2a: Ting-Lu
|-resisted|p2a: Ting-Lu
|-damage|p2a: Ting-Lu|79/100
|-damage|p1a: Walking Wake|91/100|[from] item: Life Orb
|move|p2a: Ting-Lu|Ruination|p1a: Walking Wake
|-damage|p1a: Walking Wake|46/100
|
|-weather|SunnyDay|[upkeep]
|-heal|p2a: Ting-Lu|85/100|[from] item: Leftovers
|upkeep
|turn|4
|
|t:|1758305426
|move|p1a: Walking Wake|Flip Turn|p2a: Ting-Lu
|-resisted|p2a: Ting-Lu
|-damage|p2a: Ting-Lu|83/100
|-damage|p1a: Walking Wake|36/100|[from] item: Life Orb
|
|t:|1758305436
|-end|p1a: Walking Wake|Protosynthesis|[silent]
|switch|p1a: Great Tusk|Great Tusk|100/100|[from] Flip Turn
|-damage|p1a: Great Tusk|98/100|[from] Stealth Rock
|-activate|p1a: Great Tusk|ability: Protosynthesis
|-start|p1a: Great Tusk|protosynthesisspe
|move|p2a: Ting-Lu|Spikes|p1a: Great Tusk
|-sidestart|p1: ibraahiim|Spikes
|
|-weather|SunnyDay|[upkeep]
|-heal|p2a: Ting-Lu|89/100|[from] item: Leftovers
|upkeep
|turn|5
|
|t:|1758305444
|switch|p2a: Gastrodon|Gastrodon, M|100/100
|-damage|p2a: Gastrodon|94/100|[from] Stealth Rock
|move|p1a: Great Tusk|Rapid Spin|p2a: Gastrodon
|-damage|p2a: Gastrodon|83/100
|-boost|p1a: Great Tusk|spe|1
|-damage|p1a: Great Tusk|81/100|[from] item: Rocky Helmet|[of] p2a: Gastrodon
|-sideend|p1: ibraahiim|Spikes|[from] move: Rapid Spin|[of] p1a: Great Tusk
|-sideend|p1: ibraahiim|Stealth Rock|[from] move: Rapid Spin|[of] p1a: Great Tusk
|
|-weather|SunnyDay|[upkeep]
|upkeep
|turn|6
|
|t:|1758305450
|move|p2a: Gastrodon|Stealth Rock|p1a: Great Tusk
|-sidestart|p1: ibraahiim|move: Stealth Rock
|move|p1a: Great Tusk|Roar|p2a: Gastrodon
|drag|p2a: Ting-Lu|Ting-Lu, tera:Water|89/100
|-damage|p2a: Ting-Lu|76/100|[from] Stealth Rock
|-ability|p2a: Ting-Lu|Vessel of Ruin
|
|-weather|SunnyDay|[upkeep]
|-heal|p2a: Ting-Lu|83/100|[from] item: Leftovers
|upkeep
|turn|7
|
|t:|1758305457
|move|p1a: Great Tusk|Rapid Spin|p2a: Ting-Lu
|-damage|p2a: Ting-Lu|75/100
|-boost|p1a: Great Tusk|spe|1
|-sideend|p1: ibraahiim|Stealth Rock|[from] move: Rapid Spin|[of] p1a: Great Tusk
|move|p2a: Ting-Lu|Spikes|p1a: Great Tusk
|-sidestart|p1: ibraahiim|Spikes
|
|-weather|SunnyDay|[upkeep]
|-heal|p2a: Ting-Lu|81/100|[from] item: Leftovers
|upkeep
|turn|8
|
|t:|1758305460
|switch|p2a: Gastrodon|Gastrodon, M|83/100
|-damage|p2a: Gastrodon|77/100|[from] Stealth Rock
|move|p1a: Great Tusk|Rapid Spin|p2a: Gastrodon
|-damage|p2a: Gastrodon|67/100
|-boost|p1a: Great Tusk|spe|1
|-damage|p1a: Great Tusk|64/100|[from] item: Rocky Helmet|[of] p2a: Gastrodon
|-sideend|p1: ibraahiim|Spikes|[from] move: Rapid Spin|[of] p1a: Great Tusk
|
|-weather|none
|-end|p1a: Great Tusk|Protosynthesis
|upkeep
|turn|9
|
|t:|1758305465
|move|p1a: Great Tusk|Earthquake|p2a: Gastrodon
|-damage|p2a: Gastrodon|32/100
|move|p2a: Gastrodon|Recover|p2a: Gastrodon
|-heal|p2a: Gastrodon|82/100
|
|upkeep
|turn|10
|
|t:|1758305468
|move|p2a: Gastrodon|Stealth Rock|p1a: Great Tusk
|-sidestart|p1: ibraahiim|move: Stealth Rock
|move|p1a: Great Tusk|Roar|p2a: Gastrodon
|drag|p2a: Maushold|Maushold|100/100
|-damage|p2a: Maushold|88/100|[from] Stealth Rock
|
|upkeep
|turn|11
|
|t:|1758305477
|switch|p2a: Gastrodon|Gastrodon, M|82/100
|-damage|p2a: Gastrodon|76/100|[from] Stealth Rock
|move|p1a: Great Tusk|Rapid Spin|p2a: Gastrodon
|-damage|p2a: Gastrodon|65/100
|-boost|p1a: Great Tusk|spe|1
|-damage|p1a: Great Tusk|48/100|[from] item: Rocky Helmet|[of] p2a: Gastrodon
|-sideend|p1: ibraahiim|Stealth Rock|[from] move: Rapid Spin|[of] p1a: Great Tusk
|
|upkeep
|turn|12
|
|t:|1758305489
|move|p1a: Great Tusk|Earthquake|p2a: Gastrodon
|-crit|p2a: Gastrodon
|-damage|p2a: Gastrodon|18/100
|move|p2a: Gastrodon|Recover|p2a: Gastrodon
|-heal|p2a: Gastrodon|68/100
|
|upkeep
|turn|13
|
|t:|1758305493
|move|p1a: Great Tusk|Earthquake|p2a: Gastrodon
|-damage|p2a: Gastrodon|37/100
|move|p2a: Gastrodon|Recover|p2a: Gastrodon
|-heal|p2a: Gastrodon|87/100
|
|upkeep
|turn|14
|
|t:|1758305496
|move|p2a: Gastrodon|Stealth Rock|p1a: Great Tusk
|-sidestart|p1: ibraahiim|move: Stealth Rock
|move|p1a: Great Tusk|Roar|p2a: Gastrodon
|drag|p2a: Zamazenta|Zamazenta|100/100
|-ability|p2a: Zamazenta|Dauntless Shield|boost
|-boost|p2a: Zamazenta|def|1
|
|upkeep
|turn|15
|
|t:|1758305504
|move|p2a: Zamazenta|Close Combat|p1a: Great Tusk
|-damage|p1a: Great Tusk|9/100
|-unboost|p2a: Zamazenta|def|1
|-unboost|p2a: Zamazenta|spd|1
|-damage|p2a: Zamazenta|84/100|[from] item: Rocky Helmet|[of] p1a: Great Tusk
|move|p1a: Great Tusk|Roar|p2a: Zamazenta
|drag|p2a: Weavile|Weavile, F|100/100
|-ability|p2a: Weavile|Pressure
|
|upkeep
|turn|16
|
|t:|1758305509
|move|p2a: Weavile|Ice Shard|p1a: Great Tusk
|-supereffective|p1a: Great Tusk
|-damage|p1a: Great Tusk|0 fnt
|faint|p1a: Great Tusk
|-end|p1a: Great Tusk|Protosynthesis|[silent]
|
|upkeep
|
|t:|1758305515
|switch|p1a: Torkoal|Torkoal, M|46/100
|-damage|p1a: Torkoal|21/100|[from] Stealth Rock
|-weather|SunnyDay|[from] ability: Drought|[of] p1a: Torkoal
|turn|17
|
|t:|1758305518
|move|p2a: Weavile|Knock Off|p1a: Torkoal
|-damage|p1a: Torkoal|0 fnt
|-enditem|p1a: Torkoal|Heat Rock|[from] move: Knock Off|[of] p2a: Weavile
|faint|p1a: Torkoal
|
|-weather|SunnyDay|[upkeep]
|upkeep
|
|t:|1758305533
|switch|p1a: Ceruledge|Ceruledge, M|100/100
|-damage|p1a: Ceruledge|76/100|[from] Stealth Rock
|turn|18
|
|t:|1758305536
|-terastallize|p1a: Ceruledge|Fairy
|move|p2a: Weavile|Knock Off|p1a: Ceruledge
|-resisted|p1a: Ceruledge
|-damage|p1a: Ceruledge|44/100
|-ability|p1a: Ceruledge|Weak Armor|boost
|-unboost|p1a: Ceruledge|def|1
|-boost|p1a: Ceruledge|spe|2
|-enditem|p1a: Ceruledge|Focus Sash|[from] move: Knock Off|[of] p2a: Weavile
|move|p1a: Ceruledge|Bitter Blade|p2a: Weavile
|-supereffective|p2a: Weavile
|-damage|p2a: Weavile|0 fnt
|-heal|p1a: Ceruledge|93/100|[from] drain|[of] p2a: Weavile
|faint|p2a: Weavile
|
|-weather|SunnyDay|[upkeep]
|upkeep
|
|t:|1758305545
|switch|p2a: Gastrodon|Gastrodon, M|87/100
|-damage|p2a: Gastrodon|81/100|[from] Stealth Rock
|turn|19
|
|t:|1758305570
|switch|p2a: Ting-Lu|Ting-Lu, tera:Water|81/100
|-damage|p2a: Ting-Lu|69/100|[from] Stealth Rock
|-ability|p2a: Ting-Lu|Vessel of Ruin
|move|p1a: Ceruledge|Swords Dance|p1a: Ceruledge
|-boost|p1a: Ceruledge|atk|2
|
|-weather|SunnyDay|[upkeep]
|-heal|p2a: Ting-Lu|75/100|[from] item: Leftovers
|upkeep
|turn|20
|
|t:|1758305574
|move|p1a: Ceruledge|Poltergeist|p2a: Ting-Lu
|-activate|p2a: Ting-Lu|move: Poltergeist|Leftovers
|-damage|p2a: Ting-Lu|9/100
|move|p2a: Ting-Lu|Earthquake|p1a: Ceruledge
|-damage|p1a: Ceruledge|10/100
|-ability|p1a: Ceruledge|Weak Armor|boost
|-unboost|p1a: Ceruledge|def|1
|-boost|p1a: Ceruledge|spe|2
|
|-weather|SunnyDay|[upkeep]
|-heal|p2a: Ting-Lu|15/100|[from] item: Leftovers
|upkeep
|turn|21
|
|t:|1758305583
|switch|p2a: Gastrodon|Gastrodon, M|81/100
|-damage|p2a: Gastrodon|75/100|[from] Stealth Rock
|move|p1a: Ceruledge|Bitter Blade|p2a: Gastrodon
|-resisted|p2a: Gastrodon
|-damage|p2a: Gastrodon|24/100
|-heal|p1a: Ceruledge|47/100|[from] drain|[of] p2a: Gastrodon
|-damage|p1a: Ceruledge|31/100|[from] item: Rocky Helmet|[of] p2a: Gastrodon
|
|-weather|SunnyDay|[upkeep]
|upkeep
|turn|22
|
|t:|1758305591
|move|p2a: Gastrodon|Endure|p2a: Gastrodon
|-singleturn|p2a: Gastrodon|move: Endure
|move|p1a: Ceruledge|Bitter Blade|p2a: Gastrodon
|-resisted|p2a: Gastrodon
|-activate|p2a: Gastrodon|move: Endure
|-damage|p2a: Gastrodon|1/100
|-heal|p1a: Ceruledge|48/100|[from] drain|[of] p2a: Gastrodon
|-damage|p1a: Ceruledge|31/100|[from] item: Rocky Helmet|[of] p2a: Gastrodon
|
|-weather|SunnyDay|[upkeep]
|upkeep
|turn|23
|
|t:|1758305597
|move|p1a: Ceruledge|Bitter Blade|p2a: Gastrodon
|-resisted|p2a: Gastrodon
|-damage|p2a: Gastrodon|0 fnt
|-heal|p1a: Ceruledge|31/100|[from] drain|[of] p2a: Gastrodon
|-damage|p1a: Ceruledge|15/100|[from] item: Rocky Helmet|[of] p2a: Gastrodon
|faint|p2a: Gastrodon
|
|-weather|SunnyDay|[upkeep]
|upkeep
|
|t:|1758305615
|switch|p2a: Serperior|Serperior, M|100/100
|-damage|p2a: Serperior|88/100|[from] Stealth Rock
|turn|24
|
|t:|1758305618
|move|p1a: Ceruledge|Bitter Blade|p2a: Serperior
|-supereffective|p2a: Serperior
|-damage|p2a: Serperior|0 fnt
|-heal|p1a: Ceruledge|68/100|[from] drain|[of] p2a: Serperior
|faint|p2a: Serperior
|
|-weather|none
|upkeep
|
|t:|1758305620
|switch|p2a: Zamazenta|Zamazenta|84/100
|turn|25
|
|t:|1758305625
|move|p1a: Ceruledge|Poltergeist|p2a: Zamazenta
|-activate|p2a: Zamazenta|move: Poltergeist|Heavy-Duty Boots
|-damage|p2a: Zamazenta|0 fnt
|faint|p2a: Zamazenta
|
|upkeep
|-message|basic_name forfeited.
|
|win|ibraahiim
|raw|ibraahiim's rating: 1324 &rarr; <strong>1346</strong><br />(+22 for winning)
|raw|basic_name's rating: 1360 &rarr; <strong>1338</strong><br />(-22 for losing)
|l|☆basic_name
|player|p2|
|l|☆ibraahiim
|player|p1|
