|j|☆xcPurple
|j|☆kargreyy
|t:|1758376641
|gametype|singles
|player|p1|xcPurple|rosa|1375
|player|p2|kargreyy|266|1311
|gen|9
|tier|[Gen 9] OU
|rated|
|rule|HP Percentage Mod: HP is shown in percentages
|rule|Endless Battle Clause: Forcing endless battles is banned
|rule|Species Clause: Limit one of each Pokémon
|rule|OHKO Clause: OHKO moves are banned
|rule|Evasion Items Clause: Evasion items are banned
|rule|Evasion Moves Clause: Evasion moves are banned
|rule|Evasion Abilities Clause: Evasion abilities are banned
|rule|Sleep Moves Clause: Sleep-inducing moves are banned
|clearpoke
|poke|p1|Pelipper, F|
|poke|p1|Greninja-*, M|
|poke|p1|Basculegion, M|
|poke|p1|Zapdos|
|poke|p1|Sandy Shocks|
|poke|p1|Scizor, F|
|poke|p2|Slowking-Galar, F|
|poke|p2|Cinderace, M|
|poke|p2|Alomomola, F|
|poke|p2|Enamorus, F|
|poke|p2|Skeledirge, M|
|poke|p2|Persian-Alola, F|
|teampreview
|inactive|Battle timer is ON: inactive players will automatically lose when time's up. (requested by xcPurple)
|
|t:|1758376664
|teamsize|p1|6
|teamsize|p2|6
|start
|switch|p1a: Sandy Shocks|Sandy Shocks, shiny|100/100
|switch|p2a: Slowking|Slowking-Galar, F|100/100
|-enditem|p1a: Sandy Shocks|Booster Energy
|-activate|p1a: Sandy Shocks|ability: Protosynthesis|[fromitem]
|-start|p1a: Sandy Shocks|protosynthesisspe
|turn|1
|
|t:|1758376678
|move|p1a: Sandy Shocks|Earth Power|p2a: Slowking
|-supereffective|p2a: Slowking
|-damage|p2a: Slowking|56/100
|move|p2a: Slowking|Psyshock|p1a: Sandy Shocks
|-damage|p1a: Sandy Shocks|57/100
|
|upkeep
|turn|2
|
|t:|1758376692
|switch|p2a: Enamorus|Enamorus, F|100/100
|move|p1a: Sandy Shocks|Earth Power|p2a: Enamorus
|-immune|p2a: Enamorus
|
|upkeep
|turn|3
|
|t:|1758376696
|switch|p2a: Slowking|Slowking-Galar, F|90/100
|move|p1a: Sandy Shocks|Thunderbolt|p2a: Slowking
|-damage|p2a: Slowking|68/100
|
|upkeep
|turn|4
|
|t:|1758376701
|move|p1a: Sandy Shocks|Earth Power|p2a: Slowking
|-supereffective|p2a: Slowking
|-damage|p2a: Slowking|23/100
|move|p2a: Slowking|Psyshock|p1a: Sandy Shocks
|-damage|p1a: Sandy Shocks|14/100
|
|upkeep
|turn|5
|
|t:|1758376710
|switch|p2a: Skeledirge|Skeledirge, M|100/100
|move|p1a: Sandy Shocks|Thunderbolt|p2a: Skeledirge
|-damage|p2a: Skeledirge|63/100
|
|upkeep
|turn|6
|
|t:|1758376721
|move|p1a: Sandy Shocks|Earth Power|p2a: Skeledirge
|-supereffective|p2a: Skeledirge
|-damage|p2a: Skeledirge|0 fnt
|faint|p2a: Skeledirge
|
|upkeep
|
|t:|1758376727
|switch|p2a: Cinderace|Cinderace, M|100/100
|turn|7
|
|t:|1758376730
|move|p2a: Cinderace|Sucker Punch|p1a: Sandy Shocks
|-start|p2a: Cinderace|typechange|Dark|[from] ability: Libero
|-damage|p1a: Sandy Shocks|0 fnt
|faint|p1a: Sandy Shocks
|-end|p1a: Sandy Shocks|Protosynthesis|[silent]
|
|upkeep
|
|t:|1758376746
|switch|p1a: Pelipper|Pelipper, F|100/100
|-weather|RainDance|[from] ability: Drizzle|[of] p1a: Pelipper
|turn|8
|
|t:|1758376763
|switch|p2a: Slowking|Slowking-Galar, F|56/100
|move|p1a: Pelipper|Weather Ball|p2a: Slowking
|-damage|p2a: Slowking|18/100
|
|-weather|RainDance|[upkeep]
|upkeep
|turn|9
|
|t:|1758376769
|switch|p2a: Alomomola|Alomomola, F|100/100
|move|p1a: Pelipper|U-turn|p2a: Alomomola
|-damage|p2a: Alomomola|96/100
|-damage|p1a: Pelipper|84/100|[from] item: Rocky Helmet|[of] p2a: Alomomola
|
|t:|1758376774
|switch|p1a: Zapdos|Zapdos, shiny|100/100|[from] U-turn
|
|-weather|RainDance|[upkeep]
|upkeep
|turn|10
|
|t:|1758376784
|-terastallize|p2a: Alomomola|Grass
|move|p1a: Zapdos|Thunder|p2a: Alomomola
|-resisted|p2a: Alomomola
|-damage|p2a: Alomomola|68/100
|move|p2a: Alomomola|Mirror Coat|p1a: Zapdos
|-damage|p1a: Zapdos|24/100
|
|-weather|RainDance|[upkeep]
|upkeep
|turn|11
|
|t:|1758376797
|move|p1a: Zapdos|Hurricane|p2a: Alomomola
|-supereffective|p2a: Alomomola
|-damage|p2a: Alomomola|0 fnt
|faint|p2a: Alomomola
|
|-weather|RainDance|[upkeep]
|upkeep
|
|t:|1758376802
|switch|p2a: Enamorus|Enamorus, F|100/100
|turn|12
|inactive|kargreyy has 120 seconds left.
|
|t:|1758376842
|move|p2a: Enamorus|Moonblast|p1a: Zapdos
|-damage|p1a: Zapdos|0 fnt
|faint|p1a: Zapdos
|
|-weather|RainDance|[upkeep]
|upkeep
|
|t:|1758376861
|switch|p1a: Greninja|Greninja, M|100/100
|turn|13
|inactive|kargreyy has 120 seconds left.
|
|t:|1758376873
|move|p2a: Enamorus|Moonblast|p1a: Greninja
|-supereffective|p1a: Greninja
|-damage|p1a: Greninja|0 fnt
|faint|p1a: Greninja
|
|-weather|RainDance|[upkeep]
|upkeep
|
|t:|1758376878
|switch|p1a: Scizor|Scizor, F|100/100
|turn|14
|
|t:|1758376882
|switch|p2a: Persian|Persian-Alola, F|100/100
|move|p1a: Scizor|Bullet Punch|p2a: Persian
|-crit|p2a: Persian
|-damage|p2a: Persian|73/100
|-damage|p1a: Scizor|84/100|[from] item: Rocky Helmet|[of] p2a: Persian
|
|-weather|RainDance|[upkeep]
|upkeep
|turn|15
|
|t:|1758376897
|move|p2a: Persian|Foul Play|p1a: Scizor
|-damage|p1a: Scizor|38/100
|move|p1a: Scizor|Close Combat|p2a: Persian
|-supereffective|p2a: Persian
|-damage|p2a: Persian|13/100
|-unboost|p1a: Scizor|def|1
|-unboost|p1a: Scizor|spd|1
|-damage|p1a: Scizor|21/100|[from] item: Rocky Helmet|[of] p2a: Persian
|
|-weather|none
|upkeep
|turn|16
|
|t:|1758376905
|switch|p2a: Cinderace|Cinderace, M|100/100
|move|p1a: Scizor|Bullet Punch|p2a: Cinderace
|-resisted|p2a: Cinderace
|-damage|p2a: Cinderace|79/100
|
|upkeep
|turn|17
|
|t:|1758376918
|switch|p1a: Pelipper|Pelipper, F|84/100
|-weather|RainDance|[from] ability: Drizzle|[of] p1a: Pelipper
|move|p2a: Cinderace|U-turn|p1a: Pelipper
|-start|p2a: Cinderace|typechange|Bug|[from] ability: Libero
|-resisted|p1a: Pelipper
|-damage|p1a: Pelipper|58/100
|
|t:|1758376929
|switch|p2a: Slowking|Slowking-Galar, F|52/100|[from] U-turn
|
|-weather|RainDance|[upkeep]
|upkeep
|turn|18
|
|t:|1758376936
|move|p1a: Pelipper|Weather Ball|p2a: Slowking
|-damage|p2a: Slowking|17/100
|move|p2a: Slowking|Future Sight|p1a: Pelipper
|-start|p2a: Slowking|move: Future Sight
|
|-weather|RainDance|[upkeep]
|upkeep
|turn|19
|
|t:|1758376946
|move|p1a: Pelipper|U-turn|p2a: Slowking
|-damage|p2a: Slowking|10/100
|
|t:|1758376948
|switch|p1a: Scizor|Scizor, F|21/100|[from] U-turn
|move|p2a: Slowking|Sludge Bomb|p1a: Scizor
|-immune|p1a: Scizor
|
|-weather|RainDance|[upkeep]
|upkeep
|turn|20
|
|t:|1758376957
|switch|p2a: Persian|Persian-Alola, F|13/100
|move|p1a: Scizor|Close Combat|p2a: Persian
|-supereffective|p2a: Persian
|-damage|p2a: Persian|0 fnt
|-unboost|p1a: Scizor|def|1
|-unboost|p1a: Scizor|spd|1
|-damage|p1a: Scizor|5/100|[from] item: Rocky Helmet|[of] p2a: Persian
|faint|p2a: Persian
|
|-weather|RainDance|[upkeep]
|-end|p1a: Scizor|move: Future Sight
|-resisted|p1a: Scizor
|-damage|p1a: Scizor|0 fnt
|faint|p1a: Scizor
|upkeep
|
|t:|1758376973
|switch|p2a: Slowking|Slowking-Galar, F|43/100
|switch|p1a: Basculegion|Basculegion, M|100/100
|turn|21
|
|t:|1758376981
|-terastallize|p1a: Basculegion|Water
|move|p1a: Basculegion|Wave Crash|p2a: Slowking
|-damage|p2a: Slowking|0 fnt
|faint|p2a: Slowking
|-damage|p1a: Basculegion|87/100|[from] Recoil
|
|-weather|RainDance|[upkeep]
|upkeep
|
|t:|1758376991
|switch|p2a: Cinderace|Cinderace, M|79/100
|turn|22
|
|t:|1758376995
|move|p2a: Cinderace|Sucker Punch|p1a: Basculegion
|-start|p2a: Cinderace|typechange|Dark|[from] ability: Libero
|-damage|p1a: Basculegion|32/100
|move|p1a: Basculegion|Wave Crash|p2a: Cinderace
|-damage|p2a: Cinderace|0 fnt
|faint|p2a: Cinderace
|-damage|p1a: Basculegion|13/100|[from] Recoil
|
|-weather|RainDance|[upkeep]
|upkeep
|-message|kargreyy forfeited.
|
|win|xcPurple
|raw|xcPurple's rating: 1375 &rarr; <strong>1391</strong><br />(+16 for winning)
|raw|kargreyy's rating: 1311 &rarr; <strong>1295</strong><br />(-16 for losing)
|l|☆kargreyy
|player|p2|
|l|☆xcPurple
|player|p1|
