|j|☆Shampoogini
|j|☆DonovanIsNotHere
|t:|1758281723
|gametype|singles
|player|p1|Shampoogini|hilda|1336
|player|p2|DonovanIsNotHere|266|1425
|gen|9
|tier|[Gen 9] OU
|rated|
|rule|HP Percentage Mod: HP is shown in percentages
|rule|Endless Battle Clause: Forcing endless battles is banned
|rule|Species Clause: Limit one of each Pokémon
|rule|OHKO Clause: OHKO moves are banned
|rule|Evasion Items Clause: Evasion items are banned
|rule|Evasion Moves Clause: Evasion moves are banned
|rule|Evasion Abilities Clause: Evasion abilities are banned
|rule|Sleep Moves Clause: Sleep-inducing moves are banned
|clearpoke
|poke|p1|Skeledirge, F|
|poke|p1|Clodsire, M|
|poke|p1|Dondozo, M|
|poke|p1|Serperior, M|
|poke|p1|Corviknight, F|
|poke|p1|Grimmsnarl, M|
|poke|p2|Rampardos, M|
|poke|p2|Slowking-Galar, M|
|poke|p2|Hatterene, F|
|poke|p2|Ting-Lu|
|poke|p2|Hoopa-Unbound|
|poke|p2|Hydrapple, M|
|teampreview
|inactive|Battle timer is ON: inactive players will automatically lose when time's up. (requested by Shampoogini)
|inactive|DonovanIsNotHere has 120 seconds left.
|
|t:|1758281765
|teamsize|p1|6
|teamsize|p2|6
|start
|switch|p1a: Grimmsnarl|Grimmsnarl, M|100/100
|switch|p2a: Slowking|Slowking-Galar, M|100/100
|turn|1
|
|t:|1758281773
|move|p1a: Grimmsnarl|Parting Shot|p2a: Slowking
|-unboost|p2a: Slowking|atk|1
|-unboost|p2a: Slowking|spa|1
|
|t:|1758281777
|switch|p1a: Corviknight|Corviknight, F|100/100|[from] Parting Shot
|move|p2a: Slowking|Trick Room|p2a: Slowking
|-fieldstart|move: Trick Room|[of] p2a: Slowking
|
|upkeep
|turn|2
|
|t:|1758281794
|switch|p1a: Clodsire|Clodsire, M|100/100
|move|p2a: Slowking|Trick Room|p2a: Slowking
|-fieldend|move: Trick Room
|
|upkeep
|turn|3
|c|☆DonovanIsNotHere|oops
|c|☆DonovanIsNotHere|LMAO
|
|t:|1758281806
|move|p1a: Clodsire|Earthquake|p2a: Slowking
|-supereffective|p2a: Slowking
|-enditem|p2a: Slowking|Shuca Berry|[eat]
|-enditem|p2a: Slowking|Shuca Berry|[weaken]
|-damage|p2a: Slowking|80/100
|move|p2a: Slowking|Future Sight|p1a: Clodsire
|-start|p2a: Slowking|move: Future Sight
|
|upkeep
|turn|4
|
|t:|1758281811
|switch|p2a: Hydrapple|Hydrapple, M|100/100
|move|p1a: Clodsire|Earthquake|p2a: Hydrapple
|-resisted|p2a: Hydrapple
|-damage|p2a: Hydrapple|93/100
|
|upkeep
|turn|5
|
|t:|1758281817
|switch|p1a: Grimmsnarl|Grimmsnarl, M|100/100
|move|p2a: Hydrapple|Earth Power|p1a: Grimmsnarl
|-damage|p1a: Grimmsnarl|78/100
|-unboost|p1a: Grimmsnarl|spd|1
|
|-end|p1a: Grimmsnarl|move: Future Sight
|-immune|p1a: Grimmsnarl
|upkeep
|turn|6
|
|t:|1758281822
|move|p1a: Grimmsnarl|Parting Shot|p2a: Hydrapple
|-unboost|p2a: Hydrapple|atk|1
|-unboost|p2a: Hydrapple|spa|1
|
|t:|1758281829
|switch|p1a: Snek|Serperior, M|100/100|[from] Parting Shot
|move|p2a: Hydrapple|Nasty Plot|p2a: Hydrapple
|-boost|p2a: Hydrapple|spa|2
|
|upkeep
|turn|7
|
|t:|1758281834
|switch|p1a: Grimmsnarl|Grimmsnarl, M|78/100
|move|p2a: Hydrapple|Fickle Beam|p1a: Grimmsnarl
|-immune|p1a: Grimmsnarl
|
|upkeep
|turn|8
|
|t:|1758281839
|move|p1a: Grimmsnarl|Light Screen|p1a: Grimmsnarl
|-sidestart|p1: Shampoogini|move: Light Screen
|move|p2a: Hydrapple|Giga Drain|p1a: Grimmsnarl
|-damage|p1a: Grimmsnarl|57/100
|-heal|p2a: Hydrapple|100/100|[from] drain|[of] p1a: Grimmsnarl
|
|upkeep
|turn|9
|
|t:|1758281842
|move|p1a: Grimmsnarl|Reflect|p1a: Grimmsnarl
|-sidestart|p1: Shampoogini|Reflect
|move|p2a: Hydrapple|Nasty Plot|p2a: Hydrapple
|-boost|p2a: Hydrapple|spa|2
|
|upkeep
|turn|10
|
|t:|1758281847
|move|p1a: Grimmsnarl|Parting Shot|p2a: Hydrapple
|-unboost|p2a: Hydrapple|atk|1
|-unboost|p2a: Hydrapple|spa|1
|
|t:|1758281851
|switch|p1a: Skeledirge|Skeledirge, F|100/100|[from] Parting Shot
|move|p2a: Hydrapple|Nasty Plot|p2a: Hydrapple
|-boost|p2a: Hydrapple|spa|2
|
|upkeep
|turn|11
|
|t:|1758281856
|move|p1a: Skeledirge|Torch Song|p2a: Hydrapple
|-damage|p2a: Hydrapple|70/100
|-boost|p1a: Skeledirge|spa|1
|move|p2a: Hydrapple|Earth Power|p1a: Skeledirge
|-supereffective|p1a: Skeledirge
|-damage|p1a: Skeledirge|82/100
|
|-heal|p1a: Skeledirge|88/100|[from] item: Leftovers
|upkeep
|turn|12
|
|t:|1758281871
|switch|p2a: Ting-Lu|Ting-Lu|100/100
|-ability|p2a: Ting-Lu|Vessel of Ruin
|move|p1a: Skeledirge|Torch Song|p2a: Ting-Lu
|-damage|p2a: Ting-Lu|72/100
|-boost|p1a: Skeledirge|spa|1
|
|-heal|p1a: Skeledirge|94/100|[from] item: Leftovers
|-heal|p2a: Ting-Lu|79/100|[from] item: Leftovers
|upkeep
|turn|13
|
|t:|1758281875
|move|p1a: Skeledirge|Torch Song|p2a: Ting-Lu
|-damage|p2a: Ting-Lu|43/100
|-boost|p1a: Skeledirge|spa|1
|move|p2a: Ting-Lu|Throat Chop|p1a: Skeledirge
|-supereffective|p1a: Skeledirge
|-damage|p1a: Skeledirge|63/100
|-start|p1a: Skeledirge|Throat Chop|[silent]
|
|-heal|p1a: Skeledirge|69/100|[from] item: Leftovers
|-heal|p2a: Ting-Lu|50/100|[from] item: Leftovers
|upkeep
|turn|14
|
|t:|1758281884
|move|p1a: Skeledirge|Shadow Ball|p2a: Ting-Lu
|-resisted|p2a: Ting-Lu
|-damage|p2a: Ting-Lu|26/100
|move|p2a: Ting-Lu|Earthquake|p1a: Skeledirge
|-supereffective|p1a: Skeledirge
|-crit|p1a: Skeledirge
|-damage|p1a: Skeledirge|0 fnt
|faint|p1a: Skeledirge
|
|-heal|p2a: Ting-Lu|32/100|[from] item: Leftovers
|upkeep
|
|t:|1758281894
|switch|p1a: Snek|Serperior, M|100/100
|turn|15
|
|t:|1758281897
|switch|p2a: Hydrapple|Hydrapple, M|100/100
|move|p1a: Snek|Leaf Storm|p2a: Hydrapple
|-resisted|p2a: Hydrapple
|-damage|p2a: Hydrapple|92/100
|-boost|p1a: Snek|spa|2
|
|-sideend|p1: Shampoogini|move: Light Screen
|upkeep
|turn|16
|
|t:|1758281902
|move|p1a: Snek|Glare|p2a: Hydrapple
|-status|p2a: Hydrapple|par
|move|p2a: Hydrapple|Nasty Plot|p2a: Hydrapple
|-boost|p2a: Hydrapple|spa|2
|
|-sideend|p1: Shampoogini|Reflect
|upkeep
|turn|17
|
|t:|1758281906
|switch|p1a: Grimmsnarl|Grimmsnarl, M|57/100
|cant|p2a: Hydrapple|par
|
|upkeep
|turn|18
|
|t:|1758281908
|move|p1a: Grimmsnarl|Light Screen|p1a: Grimmsnarl
|-sidestart|p1: Shampoogini|move: Light Screen
|move|p2a: Hydrapple|Nasty Plot|p2a: Hydrapple
|-boost|p2a: Hydrapple|spa|2
|
|upkeep
|turn|19
|
|t:|1758281915
|move|p1a: Grimmsnarl|Play Rough|p2a: Hydrapple
|-supereffective|p2a: Hydrapple
|-damage|p2a: Hydrapple|53/100 par
|-damage|p1a: Grimmsnarl|40/100|[from] item: Rocky Helmet|[of] p2a: Hydrapple
|move|p2a: Hydrapple|Nasty Plot|p2a: Hydrapple
|-boost|p2a: Hydrapple|spa|2
|
|upkeep
|turn|20
|
|t:|1758281918
|move|p1a: Grimmsnarl|Play Rough|p2a: Hydrapple
|-supereffective|p2a: Hydrapple
|-damage|p2a: Hydrapple|11/100 par
|-damage|p1a: Grimmsnarl|24/100|[from] item: Rocky Helmet|[of] p2a: Hydrapple
|move|p2a: Hydrapple|Giga Drain|p1a: Grimmsnarl
|-damage|p1a: Grimmsnarl|0 fnt
|-heal|p2a: Hydrapple|22/100 par|[from] drain|[of] p1a: Grimmsnarl
|faint|p1a: Grimmsnarl
|
|upkeep
|
|t:|1758281929
|switch|p1a: Snek|Serperior, M|100/100
|turn|21
|
|t:|1758281932
|move|p1a: Snek|Leaf Storm|p2a: Hydrapple
|-resisted|p2a: Hydrapple
|-damage|p2a: Hydrapple|13/100 par
|-boost|p1a: Snek|spa|2
|move|p2a: Hydrapple|Fickle Beam|p1a: Snek|[anim] Fickle Beam All Out
|-activate|p2a: Hydrapple|move: Fickle Beam
|-damage|p1a: Snek|0 fnt
|faint|p1a: Snek
|
|upkeep
|-message|Shampoogini forfeited.
|
|win|DonovanIsNotHere
|raw|Shampoogini's rating: 1336 &rarr; <strong>1321</strong><br />(-15 for losing)
|raw|DonovanIsNotHere's rating: 1425 &rarr; <strong>1440</strong><br />(+15 for winning)
|l|☆Shampoogini
|player|p1|
