|j|☆LogicaVietii
|j|☆surprise blissey
|t:|1758281703
|gametype|singles
|player|p1|LogicaVietii|alder|1530
|player|p2|surprise blissey|lucian|1495
|gen|9
|tier|[Gen 9] OU
|rated|
|rule|HP Percentage Mod: HP is shown in percentages
|rule|Endless Battle Clause: Forcing endless battles is banned
|rule|Species Clause: Limit one of each Pokémon
|rule|OHKO Clause: OHKO moves are banned
|rule|Evasion Items Clause: Evasion items are banned
|rule|Evasion Moves Clause: Evasion moves are banned
|rule|Evasion Abilities Clause: Evasion abilities are banned
|rule|Sleep Moves Clause: Sleep-inducing moves are banned
|clearpoke
|poke|p1|Latios, M|
|poke|p1|Dragonite, M|
|poke|p1|Great Tusk|
|poke|p1|Weezing-Galar, M|
|poke|p1|Gholdengo|
|poke|p1|Alomomola, M|
|poke|p2|Pelipper, F|
|poke|p2|Toxicroak, F|
|poke|p2|Barraskewda, F|
|poke|p2|Hatterene, F|
|poke|p2|Iron Treads|
|poke|p2|Moltres|
|teampreview
|inactive|Battle timer is ON: inactive players will automatically lose when time's up. (requested by surprise blissey)
|
|t:|1758281714
|teamsize|p1|6
|teamsize|p2|6
|start
|switch|p1a: Latios|Latios, M|100/100
|switch|p2a: Iron Treads|Iron Treads, shiny|100/100
|turn|1
|
|t:|1758281719
|switch|p1a: Great Tusk|Great Tusk|100/100
|move|p2a: Iron Treads|Knock Off|p1a: Great Tusk
|-resisted|p1a: Great Tusk
|-damage|p1a: Great Tusk|90/100
|-damage|p2a: Iron Treads|84/100|[from] item: Rocky Helmet|[of] p1a: Great Tusk
|-enditem|p1a: Great Tusk|Rocky Helmet|[from] move: Knock Off|[of] p2a: Iron Treads
|
|-heal|p2a: Iron Treads|90/100|[from] item: Leftovers
|upkeep
|turn|2
|
|t:|1758281734
|-end|p2a: Iron Treads|Quark Drive|[silent]
|switch|p2a: Moltres|Moltres, shiny|100/100
|move|p1a: Great Tusk|Stealth Rock|p2a: Moltres
|-sidestart|p2: surprise blissey|move: Stealth Rock
|
|upkeep
|turn|3
|
|t:|1758281746
|-end|p1a: Great Tusk|Protosynthesis|[silent]
|switch|p1a: Alomomola|Alomomola, M|100/100
|move|p2a: Moltres|U-turn|p1a: Alomomola
|-damage|p1a: Alomomola|90/100
|
|t:|1758281750
|switch|p2a: Pelipper|Pelipper, F, shiny|100/100|[from] U-turn
|-damage|p2a: Pelipper|76/100|[from] Stealth Rock
|-weather|RainDance|[from] ability: Drizzle|[of] p2a: Pelipper
|
|-weather|RainDance|[upkeep]
|upkeep
|turn|4
|
|t:|1758281754
|switch|p2a: Toxicroak|Toxicroak, F, shiny|100/100
|-damage|p2a: Toxicroak|94/100|[from] Stealth Rock
|move|p1a: Alomomola|Flip Turn|p2a: Toxicroak
|-heal|p2a: Toxicroak|100/100|[from] ability: Dry Skin|[of] p1a: Alomomola
|
|-weather|RainDance|[upkeep]
|upkeep
|turn|5
|
|t:|1758281758
|move|p2a: Toxicroak|Knock Off|p1a: Alomomola
|-damage|p1a: Alomomola|71/100
|-enditem|p1a: Alomomola|Assault Vest|[from] move: Knock Off|[of] p2a: Toxicroak
|move|p1a: Alomomola|Body Slam|p2a: Toxicroak
|-damage|p2a: Toxicroak|87/100
|-damage|p1a: Alomomola|55/100|[from] item: Rocky Helmet|[of] p2a: Toxicroak
|
|-weather|RainDance|[upkeep]
|-heal|p2a: Toxicroak|99/100|[from] ability: Dry Skin
|upkeep
|turn|6
|
|t:|1758281765
|move|p2a: Toxicroak|Toxic|p1a: Alomomola
|-status|p1a: Alomomola|tox
|move|p1a: Alomomola|Body Slam|p2a: Toxicroak
|-damage|p2a: Toxicroak|87/100
|-damage|p1a: Alomomola|38/100 tox|[from] item: Rocky Helmet|[of] p2a: Toxicroak
|
|-weather|RainDance|[upkeep]
|-heal|p2a: Toxicroak|99/100|[from] ability: Dry Skin
|-damage|p1a: Alomomola|32/100 tox|[from] psn
|upkeep
|turn|7
|
|t:|1758281768
|switch|p1a: Gholdengo|Gholdengo|100/100
|move|p2a: Toxicroak|Knock Off|p1a: Gholdengo
|-supereffective|p1a: Gholdengo
|-damage|p1a: Gholdengo|45/100
|-enditem|p1a: Gholdengo|Choice Scarf|[from] move: Knock Off|[of] p2a: Toxicroak
|
|-weather|RainDance|[upkeep]
|-heal|p2a: Toxicroak|100/100|[from] ability: Dry Skin
|upkeep
|turn|8
|
|t:|1758281774
|switch|p2a: Iron Treads|Iron Treads, shiny|90/100
|-damage|p2a: Iron Treads|87/100|[from] Stealth Rock
|move|p1a: Gholdengo|Shadow Ball|p2a: Iron Treads
|-damage|p2a: Iron Treads|37/100
|
|-weather|RainDance|[upkeep]
|-heal|p2a: Iron Treads|44/100|[from] item: Leftovers
|upkeep
|turn|9
|
|t:|1758281779
|move|p2a: Iron Treads|Earthquake|p1a: Gholdengo
|-supereffective|p1a: Gholdengo
|-damage|p1a: Gholdengo|0 fnt
|faint|p1a: Gholdengo
|
|-weather|RainDance|[upkeep]
|-heal|p2a: Iron Treads|50/100|[from] item: Leftovers
|upkeep
|
|t:|1758281787
|switch|p1a: Great Tusk|Great Tusk|90/100
|turn|10
|
|t:|1758281791
|-end|p2a: Iron Treads|Quark Drive|[silent]
|switch|p2a: Moltres|Moltres, shiny|100/100
|move|p1a: Great Tusk|Headlong Rush|p2a: Moltres
|-immune|p2a: Moltres
|
|-weather|none
|upkeep
|turn|11
|
|t:|1758281794
|-end|p1a: Great Tusk|Protosynthesis|[silent]
|switch|p1a: Alomomola|Alomomola, M|65/100 tox
|move|p2a: Moltres|U-turn|p1a: Alomomola
|-damage|p1a: Alomomola|53/100 tox
|
|t:|1758281801
|switch|p2a: Hatterene|Hatterene, F, shiny|100/100|[from] U-turn
|-damage|p2a: Hatterene|88/100|[from] Stealth Rock
|
|-damage|p1a: Alomomola|47/100 tox|[from] psn
|upkeep
|turn|12
|
|t:|1758281806
|move|p1a: Alomomola|Flip Turn|p2a: Hatterene
|-damage|p2a: Hatterene|75/100
|-enditem|p2a: Hatterene|Eject Button
|
|t:|1758281810
|switch|p2a: Iron Treads|Iron Treads, shiny|50/100
|-damage|p2a: Iron Treads|47/100|[from] Stealth Rock
|
|-heal|p2a: Iron Treads|53/100|[from] item: Leftovers
|-damage|p1a: Alomomola|35/100 tox|[from] psn
|upkeep
|turn|13
|
|t:|1758281815
|-end|p2a: Iron Treads|Quark Drive|[silent]
|switch|p2a: Toxicroak|Toxicroak, F, shiny|100/100
|-damage|p2a: Toxicroak|94/100|[from] Stealth Rock
|move|p1a: Alomomola|Scald|p2a: Toxicroak
|-heal|p2a: Toxicroak|100/100|[from] ability: Dry Skin|[of] p1a: Alomomola
|
|-damage|p1a: Alomomola|16/100 tox|[from] psn
|upkeep
|turn|14
|
|t:|1758281824
|switch|p1a: Dragonite|Dragonite, M|100/100
|move|p2a: Toxicroak|Toxic|p1a: Dragonite
|-status|p1a: Dragonite|tox
|
|-damage|p1a: Dragonite|94/100 tox|[from] psn
|upkeep
|turn|15
|
|t:|1758281829
|move|p2a: Toxicroak|Encore||[still]
|-fail|p2a: Toxicroak
|move|p1a: Dragonite|Dragon Tail|p2a: Toxicroak
|-damage|p2a: Toxicroak|69/100
|-damage|p1a: Dragonite|78/100 tox|[from] item: Rocky Helmet|[of] p2a: Toxicroak
|drag|p2a: Hatterene|Hatterene, F, shiny|75/100
|-damage|p2a: Hatterene|62/100|[from] Stealth Rock
|
|-damage|p1a: Dragonite|65/100 tox|[from] psn
|upkeep
|turn|16
|
|t:|1758281836
|switch|p1a: Alomomola|Alomomola, M|50/100 tox
|move|p2a: Hatterene|Psychic Noise|p1a: Alomomola
|-damage|p1a: Alomomola|25/100 tox
|-start|p1a: Alomomola|move: Heal Block
|
|-damage|p1a: Alomomola|19/100 tox|[from] psn
|upkeep
|turn|17
|
|t:|1758281841
|move|p2a: Hatterene|Psychic Noise|p1a: Alomomola
|-damage|p1a: Alomomola|0 fnt
|faint|p1a: Alomomola
|
|upkeep
|
|t:|1758281845
|switch|p1a: Great Tusk|Great Tusk|90/100
|turn|18
|
|t:|1758281851
|-end|p1a: Great Tusk|Protosynthesis|[silent]
|switch|p1a: Latios|Latios, M|100/100
|move|p2a: Hatterene|Dazzling Gleam|p1a: Latios
|-supereffective|p1a: Latios
|-damage|p1a: Latios|19/100
|
|upkeep
|turn|19
|-message|LogicaVietii forfeited.
|
|win|surprise blissey
|raw|LogicaVietii's rating: 1530 &rarr; <strong>1508</strong><br />(-22 for losing)
|raw|surprise blissey's rating: 1495 &rarr; <strong>1517</strong><br />(+22 for winning)
|l|☆LogicaVietii
|player|p1|
