|j|☆Battousai9419
|j|☆1need2p
|t:|1758334795
|gametype|singles
|player|p1|Battousai9419|sage|1145
|player|p2|1need2p|266|1206
|gen|9
|tier|[Gen 9] OU
|rated|
|rule|HP Percentage Mod: HP is shown in percentages
|rule|Endless Battle Clause: Forcing endless battles is banned
|rule|Species Clause: Limit one of each Pokémon
|rule|OHKO Clause: OHKO moves are banned
|rule|Evasion Items Clause: Evasion items are banned
|rule|Evasion Moves Clause: Evasion moves are banned
|rule|Evasion Abilities Clause: Evasion abilities are banned
|rule|Sleep Moves Clause: Sleep-inducing moves are banned
|clearpoke
|poke|p1|Dipplin, F|
|poke|p1|Toucannon, M|
|poke|p1|Slowking-Galar, M|
|poke|p1|Heracross, M|
|poke|p1|Bastiodon, M|
|poke|p1|Basculegion, M|
|poke|p2|Iron Moth|
|poke|p2|Gliscor, M|
|poke|p2|Alomomola, M|
|poke|p2|Zoroark-Hisui, M|
|poke|p2|Blissey, F|
|poke|p2|Mandibuzz, F|
|teampreview
|inactive|Battle timer is ON: inactive players will automatically lose when time's up. (requested by 1need2p)
|inactive|Battousai9419 also wants the timer to be on.
|inactive|1need2p has 120 seconds left.
|inactive|Battousai9419 has 120 seconds left.
|
|t:|1758334835
|teamsize|p1|6
|teamsize|p2|6
|start
|switch|p1a: Bastiodon|Bastiodon, M|100/100
|switch|p2a: Gliscor|Gliscor, M, shiny|100/100
|turn|1
|
|t:|1758334855
|move|p2a: Gliscor|Taunt|p1a: Bastiodon
|-start|p1a: Bastiodon|move: Taunt
|cant|p1a: Bastiodon|move: Taunt|Stealth Rock
|
|-status|p2a: Gliscor|tox|[from] item: Toxic Orb
|upkeep
|turn|2
|
|t:|1758334874
|switch|p1a: Dipplin|Dipplin, F|100/100
|move|p2a: Gliscor|Knock Off|p1a: Dipplin
|-damage|p1a: Dipplin|82/100
|-activate|p1a: Dipplin|ability: Sticky Hold
|
|upkeep
|turn|3
|
|t:|1758334884
|move|p2a: Gliscor|Toxic|p1a: Dipplin|[miss]
|-miss|p2a: Gliscor|p1a: Dipplin
|move|p1a: Dipplin|Grassy Glide|p2a: Gliscor
|-damage|p2a: Gliscor|86/100 tox
|
|-heal|p2a: Gliscor|98/100 tox|[from] ability: Poison Heal
|upkeep
|turn|4
|
|t:|1758334903
|move|p2a: Gliscor|Toxic|p1a: Dipplin
|-status|p1a: Dipplin|tox
|move|p1a: Dipplin|Grassy Terrain|p1a: Dipplin
|-fieldstart|move: Grassy Terrain
|
|-heal|p1a: Dipplin|88/100 tox|[from] Grassy Terrain
|-heal|p2a: Gliscor|100/100 tox|[from] ability: Poison Heal
|-damage|p1a: Dipplin|82/100 tox|[from] psn
|upkeep
|turn|5
|
|t:|1758334922
|switch|p1a: Bastiodon|Bastiodon, M|100/100
|move|p2a: Gliscor|Protect||[still]
|-fail|p2a: Gliscor
|
|upkeep
|turn|6
|
|t:|1758334936
|move|p2a: Gliscor|Taunt|p1a: Bastiodon
|-start|p1a: Bastiodon|move: Taunt
|cant|p1a: Bastiodon|move: Taunt|Stealth Rock
|
|upkeep
|turn|7
|
|t:|1758334945
|move|p2a: Gliscor|Knock Off|p1a: Bastiodon
|-damage|p1a: Bastiodon|86/100
|-enditem|p1a: Bastiodon|Leftovers|[from] move: Knock Off|[of] p2a: Gliscor
|move|p1a: Bastiodon|Metal Burst|p2a: Gliscor
|-damage|p2a: Gliscor|81/100 tox
|
|-heal|p1a: Bastiodon|92/100|[from] Grassy Terrain
|-heal|p2a: Gliscor|93/100 tox|[from] ability: Poison Heal
|upkeep
|turn|8
|
|t:|1758334965
|switch|p1a: Basculegion|Basculegion, M|100/100
|move|p2a: Gliscor|Protect||[still]
|-fail|p2a: Gliscor
|
|-heal|p2a: Gliscor|100/100 tox|[from] ability: Poison Heal
|upkeep
|turn|9
|
|t:|1758334972
|switch|p2a: Alomomola|Alomomola, M, shiny|100/100
|move|p1a: Basculegion|Wave Crash|p2a: Alomomola
|-resisted|p2a: Alomomola
|-damage|p2a: Alomomola|67/100
|-damage|p1a: Basculegion|87/100|[from] Recoil
|
|-heal|p1a: Basculegion|93/100|[from] Grassy Terrain
|-heal|p2a: Alomomola|73/100|[from] Grassy Terrain
|-heal|p2a: Alomomola|79/100|[from] item: Leftovers
|upkeep
|turn|10
|
|t:|1758334983
|switch|p1a: Dipplin|Dipplin, F|82/100 tox
|move|p2a: Alomomola|Wish|p2a: Alomomola
|
|-heal|p2a: Alomomola|85/100|[from] Grassy Terrain
|-heal|p2a: Alomomola|92/100|[from] item: Leftovers
|-heal|p1a: Dipplin|88/100 tox|[from] Grassy Terrain
|-damage|p1a: Dipplin|82/100 tox|[from] psn
|upkeep
|turn|11
|
|t:|1758334998
|switch|p2a: Iron Moth|Iron Moth, shiny|100/100
|switch|p1a: Bastiodon|Bastiodon, M|92/100
|
|-heal|p1a: Bastiodon|98/100|[from] Grassy Terrain
|-fieldend|move: Grassy Terrain
|upkeep
|turn|12
|
|t:|1758335005
|move|p2a: Iron Moth|Flamethrower|p1a: Bastiodon
|-damage|p1a: Bastiodon|70/100
|move|p1a: Bastiodon|Stealth Rock|p2a: Iron Moth
|-sidestart|p2: 1need2p|move: Stealth Rock
|
|upkeep
|turn|13
|
|t:|1758335020
|switch|p1a: Slowking|Slowking-Galar, M|100/100
|move|p2a: Iron Moth|U-turn|p1a: Slowking
|-damage|p1a: Slowking|89/100
|
|t:|1758335027
|-end|p2a: Iron Moth|Quark Drive|[silent]
|switch|p2a: Blissey|Blissey, F, shiny|100/100|[from] U-turn
|-damage|p2a: Blissey|88/100|[from] Stealth Rock
|
|-heal|p2a: Blissey|94/100|[from] item: Leftovers
|-heal|p1a: Slowking|95/100|[from] item: Black Sludge
|upkeep
|turn|14
|
|t:|1758335036
|move|p2a: Blissey|Thunder Wave|p1a: Slowking
|-status|p1a: Slowking|par
|cant|p1a: Slowking|par
|
|-heal|p2a: Blissey|99/100|[from] item: Leftovers
|-heal|p1a: Slowking|100/100 par|[from] item: Black Sludge
|upkeep
|turn|15
|
|t:|1758335044
|move|p2a: Blissey|Seismic Toss|p1a: Slowking
|-damage|p1a: Slowking|75/100 par
|move|p1a: Slowking|Future Sight|p2a: Blissey
|-start|p1a: Slowking|move: Future Sight
|
|-heal|p2a: Blissey|100/100|[from] item: Leftovers
|-heal|p1a: Slowking|81/100 par|[from] item: Black Sludge
|upkeep
|turn|16
|
|t:|1758335059
|switch|p1a: Heracross|Heracross, M|100/100
|move|p2a: Blissey|Seismic Toss|p1a: Heracross
|-damage|p1a: Heracross|67/100
|
|upkeep
|turn|17
|
|t:|1758335071
|switch|p2a: Alomomola|Alomomola, M, shiny|100/100
|-damage|p2a: Alomomola|88/100|[from] Stealth Rock
|move|p1a: Heracross|Knock Off|p2a: Alomomola
|-damage|p2a: Alomomola|69/100
|-enditem|p2a: Alomomola|Leftovers|[from] move: Knock Off|[of] p1a: Heracross
|
|-end|p2a: Alomomola|move: Future Sight
|-damage|p2a: Alomomola|0 fnt
|faint|p2a: Alomomola
|upkeep
|
|t:|1758335085
|switch|p2a: Iron Moth|Iron Moth, shiny|100/100
|-damage|p2a: Iron Moth|88/100|[from] Stealth Rock
|turn|18
|
|t:|1758335095
|switch|p1a: Slowking|Slowking-Galar, M|100/100 par
|move|p2a: Iron Moth|Nasty Plot|p2a: Iron Moth
|-boost|p2a: Iron Moth|spa|2
|
|upkeep
|turn|19
|
|t:|1758335104
|move|p2a: Iron Moth|Shadow Ball|p1a: Slowking
|-supereffective|p1a: Slowking
|-damage|p1a: Slowking|0 fnt
|faint|p1a: Slowking
|
|upkeep
|
|t:|1758335125
|switch|p1a: Heracross|Heracross, M|67/100
|turn|20
|
|t:|1758335139
|move|p1a: Heracross|Endure|p1a: Heracross
|-singleturn|p1a: Heracross|move: Endure
|move|p2a: Iron Moth|Psychic|p1a: Heracross
|-supereffective|p1a: Heracross
|-activate|p1a: Heracross|move: Endure
|-damage|p1a: Heracross|1/100
|-enditem|p1a: Heracross|Salac Berry|[eat]
|-boost|p1a: Heracross|spe|1|[from] item: Salac Berry
|
|upkeep
|turn|21
|
|t:|1758335147
|move|p1a: Heracross|Knock Off|p2a: Iron Moth
|-supereffective|p2a: Iron Moth
|-damage|p2a: Iron Moth|0 fnt
|replace|p2a: Zoroark|Zoroark-Hisui, M, shiny
|-end|p2a: Zoroark|Illusion
|-enditem|p2a: Zoroark|Focus Sash|[from] move: Knock Off|[of] p1a: Heracross
|faint|p2a: Zoroark
|-ability|p1a: Heracross|Moxie|boost
|-boost|p1a: Heracross|atk|1
|
|upkeep
|
|t:|1758335156
|switch|p2a: Gliscor|Gliscor, M, shiny|100/100 tox
|-damage|p2a: Gliscor|88/100 tox|[from] Stealth Rock
|turn|22
|
|t:|1758335167
|move|p2a: Gliscor|Protect|p2a: Gliscor
|-singleturn|p2a: Gliscor|Protect
|move|p1a: Heracross|Knock Off|p2a: Gliscor
|-activate|p2a: Gliscor|move: Protect
|
|-heal|p2a: Gliscor|100/100 tox|[from] ability: Poison Heal
|upkeep
|turn|23
|
|t:|1758335182
|move|p1a: Heracross|Reversal|p2a: Gliscor
|-resisted|p2a: Gliscor
|-damage|p2a: Gliscor|50/100 tox
|move|p2a: Gliscor|Knock Off|p1a: Heracross
|-resisted|p1a: Heracross
|-damage|p1a: Heracross|0 fnt
|faint|p1a: Heracross
|
|-heal|p2a: Gliscor|62/100 tox|[from] ability: Poison Heal
|upkeep
|
|t:|1758335190
|switch|p1a: Basculegion|Basculegion, M|93/100
|turn|24
|
|t:|1758335195
|move|p2a: Gliscor|Protect|p2a: Gliscor
|-singleturn|p2a: Gliscor|Protect
|move|p1a: Basculegion|Aqua Jet|p2a: Gliscor
|-activate|p2a: Gliscor|move: Protect
|
|-heal|p2a: Gliscor|75/100 tox|[from] ability: Poison Heal
|upkeep
|turn|25
|
|t:|1758335202
|switch|p2a: Mandibuzz|Mandibuzz, F|100/100
|move|p1a: Basculegion|Aqua Jet|p2a: Mandibuzz
|-damage|p2a: Mandibuzz|68/100
|
|upkeep
|turn|26
|
|t:|1758335211
|switch|p1a: Bastiodon|Bastiodon, M|70/100
|move|p2a: Mandibuzz|Roost|p2a: Mandibuzz
|-heal|p2a: Mandibuzz|100/100
|-singleturn|p2a: Mandibuzz|move: Roost
|
|upkeep
|turn|27
|
|t:|1758335219
|move|p2a: Mandibuzz|Defog|p1a: Bastiodon
|-unboost|p1a: Bastiodon|evasion|1
|-sideend|p2: 1need2p|Stealth Rock|[from] move: Defog|[of] p2a: Mandibuzz
|move|p1a: Bastiodon|Roar|p2a: Mandibuzz
|drag|p2a: Gliscor|Gliscor, M, shiny|75/100 tox
|
|-heal|p2a: Gliscor|87/100 tox|[from] ability: Poison Heal
|upkeep
|turn|28
|
|t:|1758335227
|move|p2a: Gliscor|Taunt|p1a: Bastiodon
|-start|p1a: Bastiodon|move: Taunt
|cant|p1a: Bastiodon|move: Taunt|Stealth Rock
|
|-heal|p2a: Gliscor|99/100 tox|[from] ability: Poison Heal
|upkeep
|turn|29
|
|t:|1758335236
|switch|p2a: Blissey|Blissey, F, shiny|100/100
|switch|p1a: Basculegion|Basculegion, M|93/100
|
|upkeep
|turn|30
|
|t:|1758335244
|switch|p2a: Mandibuzz|Mandibuzz, F|100/100
|move|p1a: Basculegion|Wave Crash|p2a: Mandibuzz
|-damage|p2a: Mandibuzz|7/100
|-damage|p1a: Basculegion|64/100|[from] Recoil
|
|upkeep
|turn|31
|
|t:|1758335256
|move|p2a: Mandibuzz|Dark Pulse|p1a: Basculegion
|-supereffective|p1a: Basculegion
|-damage|p1a: Basculegion|20/100
|cant|p1a: Basculegion|flinch
|
|upkeep
|turn|32
|
|t:|1758335264
|switch|p1a: Toucannon|Toucannon, M|100/100
|move|p2a: Mandibuzz|Dark Pulse|p1a: Toucannon
|-damage|p1a: Toucannon|71/100
|
|upkeep
|turn|33
|
|t:|1758335275
|move|p2a: Mandibuzz|Roost|p2a: Mandibuzz
|-heal|p2a: Mandibuzz|57/100
|-singleturn|p2a: Mandibuzz|move: Roost
|move|p1a: Toucannon|Bullet Seed|p2a: Mandibuzz
|-damage|p2a: Mandibuzz|50/100
|-damage|p2a: Mandibuzz|44/100
|-damage|p2a: Mandibuzz|36/100
|-damage|p2a: Mandibuzz|29/100
|-damage|p2a: Mandibuzz|22/100
|-hitcount|p2a: Mandibuzz|5
|
|upkeep
|turn|34
|
|t:|1758335287
|move|p2a: Mandibuzz|Roost|p2a: Mandibuzz
|-heal|p2a: Mandibuzz|73/100
|-singleturn|p2a: Mandibuzz|move: Roost
|move|p1a: Toucannon|Rock Blast|p2a: Mandibuzz
|-damage|p2a: Mandibuzz|66/100
|-damage|p2a: Mandibuzz|59/100
|-damage|p2a: Mandibuzz|51/100
|-damage|p2a: Mandibuzz|44/100
|-damage|p2a: Mandibuzz|37/100
|-hitcount|p2a: Mandibuzz|5
|
|upkeep
|turn|35
|
|t:|1758335300
|-singleturn|p1a: Toucannon|move: Beak Blast
|move|p2a: Mandibuzz|Roost|p2a: Mandibuzz
|-heal|p2a: Mandibuzz|87/100
|-singleturn|p2a: Mandibuzz|move: Roost
|move|p1a: Toucannon|Beak Blast|p2a: Mandibuzz
|-crit|p2a: Mandibuzz
|-damage|p2a: Mandibuzz|24/100
|
|upkeep
|turn|36
|
|t:|1758335309
|-singleturn|p1a: Toucannon|move: Beak Blast
|move|p2a: Mandibuzz|Roost|p2a: Mandibuzz
|-heal|p2a: Mandibuzz|74/100
|-singleturn|p2a: Mandibuzz|move: Roost
|move|p1a: Toucannon|Beak Blast|p2a: Mandibuzz
|-damage|p2a: Mandibuzz|31/100
|
|upkeep
|turn|37
|
|t:|1758335321
|switch|p2a: Gliscor|Gliscor, M, shiny|99/100 tox
|-singleturn|p1a: Toucannon|move: Beak Blast
|move|p1a: Toucannon|Beak Blast|p2a: Gliscor
|-damage|p2a: Gliscor|66/100 tox
|
|-heal|p2a: Gliscor|78/100 tox|[from] ability: Poison Heal
|upkeep
|turn|38
|
|t:|1758335335
|switch|p1a: Basculegion|Basculegion, M|20/100
|move|p2a: Gliscor|Knock Off|p1a: Basculegion
|-supereffective|p1a: Basculegion
|-damage|p1a: Basculegion|0 fnt
|-enditem|p1a: Basculegion|Choice Band|[from] move: Knock Off|[of] p2a: Gliscor
|faint|p1a: Basculegion
|
|-heal|p2a: Gliscor|91/100 tox|[from] ability: Poison Heal
|upkeep
|-message|Battousai9419 forfeited.
|
|win|1need2p
|raw|Battousai9419's rating: 1145 &rarr; <strong>1124</strong><br />(-21 for losing)
|raw|1need2p's rating: 1206 &rarr; <strong>1227</strong><br />(+21 for winning)
|l|☆Battousai9419
|player|p1|
|l|☆1need2p
|player|p2|
