|j|☆MK5
|j|☆TheGrustler
|t:|1758256878
|gametype|singles
|player|p1|MK5|hiker-gen4|1452
|player|p2|TheGrustler|101|1431
|gen|9
|tier|[Gen 9] OU
|rated|
|rule|HP Percentage Mod: HP is shown in percentages
|rule|Endless Battle Clause: Forcing endless battles is banned
|rule|Species Clause: Limit one of each Pokémon
|rule|OHKO Clause: OHKO moves are banned
|rule|Evasion Items Clause: Evasion items are banned
|rule|Evasion Moves Clause: Evasion moves are banned
|rule|Evasion Abilities Clause: Evasion abilities are banned
|rule|Sleep Moves Clause: Sleep-inducing moves are banned
|clearpoke
|poke|p1|Dragonite, F|
|poke|p1|Ting-Lu|
|poke|p1|Gholdengo|
|poke|p1|Moltres|
|poke|p1|Great Tusk|
|poke|p1|Dragapult, M|
|poke|p2|Porygon-Z|
|poke|p2|Zamazenta-*|
|poke|p2|Pecharunt|
|poke|p2|Iron Treads|
|poke|p2|Alomomola, M|
|poke|p2|Rillaboom, F|
|teampreview
|
|t:|1758256886
|teamsize|p1|6
|teamsize|p2|6
|start
|switch|p1a: Dragapult|Dragapult, M|100/100
|switch|p2a: Porygon-Z|Porygon-Z|100/100
|-ability|p2a: Porygon-Z|Download|boost
|-boost|p2a: Porygon-Z|spa|1
|turn|1
|
|t:|1758256893
|switch|p1a: Ting-Lu|Ting-Lu|100/100
|-ability|p1a: Ting-Lu|Vessel of Ruin
|switch|p2a: Alomomola|Alomomola, M|100/100
|
|upkeep
|turn|2
|
|t:|1758256899
|move|p1a: Ting-Lu|Stealth Rock|p2a: Alomomola
|-sidestart|p2: TheGrustler|move: Stealth Rock
|move|p2a: Alomomola|Scald|p1a: Ting-Lu
|-supereffective|p1a: Ting-Lu
|-damage|p1a: Ting-Lu|90/100
|
|-heal|p1a: Ting-Lu|96/100|[from] item: Leftovers
|upkeep
|turn|3
|
|t:|1758256911
|move|p1a: Ting-Lu|Spikes|p2a: Alomomola
|-sidestart|p2: TheGrustler|Spikes
|move|p2a: Alomomola|Scald|p1a: Ting-Lu
|-supereffective|p1a: Ting-Lu
|-damage|p1a: Ting-Lu|85/100
|-status|p1a: Ting-Lu|brn
|
|-heal|p1a: Ting-Lu|92/100 brn|[from] item: Leftovers
|-damage|p1a: Ting-Lu|85/100 brn|[from] brn
|upkeep
|turn|4
|
|t:|1758256921
|move|p1a: Ting-Lu|Earthquake|p2a: Alomomola
|-damage|p2a: Alomomola|86/100
|move|p2a: Alomomola|Flip Turn|p1a: Ting-Lu
|-supereffective|p1a: Ting-Lu
|-damage|p1a: Ting-Lu|69/100 brn
|
|t:|1758256927
|switch|p2a: Rillaboom|Rillaboom, F|100/100|[from] Flip Turn
|-damage|p2a: Rillaboom|88/100|[from] Stealth Rock
|-damage|p2a: Rillaboom|76/100|[from] Spikes
|-fieldstart|move: Grassy Terrain|[from] ability: Grassy Surge|[of] p2a: Rillaboom
|
|-heal|p2a: Rillaboom|82/100|[from] Grassy Terrain
|-heal|p1a: Ting-Lu|75/100 brn|[from] Grassy Terrain
|-heal|p1a: Ting-Lu|81/100 brn|[from] item: Leftovers
|-damage|p1a: Ting-Lu|75/100 brn|[from] brn
|upkeep
|turn|5
|
|t:|1758256938
|switch|p1a: Moltres|Moltres|100/100
|move|p2a: Rillaboom|U-turn|p1a: Moltres
|-resisted|p1a: Moltres
|-damage|p1a: Moltres|94/100
|-status|p2a: Rillaboom|brn|[from] ability: Flame Body|[of] p1a: Moltres
|inactive|Battle timer is ON: inactive players will automatically lose when time's up. (requested by TheGrustler)
|
|t:|1758256941
|switch|p2a: Porygon-Z|Porygon-Z|100/100|[from] U-turn
|-damage|p2a: Porygon-Z|88/100|[from] Stealth Rock
|-damage|p2a: Porygon-Z|76/100|[from] Spikes
|-ability|p2a: Porygon-Z|Download|boost
|-boost|p2a: Porygon-Z|spa|1
|
|-heal|p2a: Porygon-Z|82/100|[from] Grassy Terrain
|upkeep
|turn|6
|
|t:|1758256955
|switch|p1a: Ting-Lu|Ting-Lu|75/100 brn
|-ability|p1a: Ting-Lu|Vessel of Ruin
|move|p2a: Porygon-Z|Ice Beam|p1a: Ting-Lu
|-supereffective|p1a: Ting-Lu
|-damage|p1a: Ting-Lu|20/100 brn
|
|-heal|p2a: Porygon-Z|88/100|[from] Grassy Terrain
|-heal|p1a: Ting-Lu|27/100 brn|[from] Grassy Terrain
|-heal|p1a: Ting-Lu|33/100 brn|[from] item: Leftovers
|-damage|p1a: Ting-Lu|27/100 brn|[from] brn
|upkeep
|turn|7
|
|t:|1758256969
|switch|p1a: Gholdengo|Gholdengo|100/100
|move|p2a: Porygon-Z|Ice Beam|p1a: Gholdengo
|-resisted|p1a: Gholdengo
|-crit|p1a: Gholdengo
|-damage|p1a: Gholdengo|39/100
|-status|p1a: Gholdengo|frz
|
|-heal|p1a: Gholdengo|45/100 frz|[from] Grassy Terrain
|-heal|p2a: Porygon-Z|94/100|[from] Grassy Terrain
|upkeep
|turn|8
|c|☆MK5|crit and freeze hha
|
|t:|1758256992
|cant|p1a: Gholdengo|frz
|move|p2a: Porygon-Z|Ice Beam|p1a: Gholdengo
|-resisted|p1a: Gholdengo
|-damage|p1a: Gholdengo|0 fnt
|faint|p1a: Gholdengo
|
|-heal|p2a: Porygon-Z|100/100|[from] Grassy Terrain
|-fieldend|move: Grassy Terrain
|upkeep
|inactive|MK5 has 120 seconds left.
|
|t:|1758257018
|switch|p1a: Dragonite|Dragonite, F|100/100
|turn|9
|inactive|TheGrustler has 120 seconds left.
|
|t:|1758257057
|-terastallize|p1a: Dragonite|Normal
|move|p1a: Dragonite|Extreme Speed|p2a: Porygon-Z
|-damage|p2a: Porygon-Z|31/100
|move|p2a: Porygon-Z|Ice Beam|p1a: Dragonite
|-damage|p1a: Dragonite|61/100
|-status|p1a: Dragonite|frz
|
|upkeep
|turn|10
|c|☆MK5|omg
|inactive|MK5 has 120 seconds left.
|
|t:|1758257068
|cant|p1a: Dragonite|frz
|move|p2a: Porygon-Z|Ice Beam|p1a: Dragonite
|-damage|p1a: Dragonite|0 fnt
|faint|p1a: Dragonite
|
|upkeep
|c|☆MK5|gg
|inactive|MK5 has 120 seconds left.
|
|t:|1758257075
|switch|p1a: Dragapult|Dragapult, M|100/100
|turn|11
|
|t:|1758257079
|switch|p2a: Alomomola|Alomomola, M|100/100
|-damage|p2a: Alomomola|88/100|[from] Stealth Rock
|-damage|p2a: Alomomola|76/100|[from] Spikes
|move|p1a: Dragapult|Dragon Darts|p2a: Alomomola
|-damage|p2a: Alomomola|61/100
|-anim|p1a: Dragapult|Dragon Darts|p2a: Alomomola
|-damage|p2a: Alomomola|46/100
|
|upkeep
|turn|12
|
|t:|1758257091
|move|p1a: Dragapult|Will-O-Wisp|p2a: Alomomola|[miss]
|-miss|p1a: Dragapult|p2a: Alomomola
|move|p2a: Alomomola|Flip Turn|p1a: Dragapult
|-resisted|p1a: Dragapult
|-damage|p1a: Dragapult|89/100
|
|t:|1758257098
|switch|p2a: Iron Treads|Iron Treads|100/100|[from] Flip Turn
|-damage|p2a: Iron Treads|98/100|[from] Stealth Rock
|-damage|p2a: Iron Treads|85/100|[from] Spikes
|
|-heal|p2a: Iron Treads|91/100|[from] item: Leftovers
|upkeep
|turn|13
|
|t:|1758257106
|switch|p1a: Moltres|Moltres|94/100
|move|p2a: Iron Treads|Rapid Spin|p1a: Moltres
|-damage|p1a: Moltres|85/100
|-boost|p2a: Iron Treads|spe|1
|-sideend|p2: TheGrustler|Spikes|[from] move: Rapid Spin|[of] p2a: Iron Treads
|-sideend|p2: TheGrustler|Stealth Rock|[from] move: Rapid Spin|[of] p2a: Iron Treads
|
|-heal|p2a: Iron Treads|97/100|[from] item: Leftovers
|upkeep
|turn|14
|
|t:|1758257115
|-end|p2a: Iron Treads|Quark Drive|[silent]
|switch|p2a: Alomomola|Alomomola, M|79/100
|move|p1a: Moltres|Flamethrower|p2a: Alomomola
|-resisted|p2a: Alomomola
|-damage|p2a: Alomomola|69/100
|
|upkeep
|turn|15
|
|t:|1758257123
|move|p1a: Moltres|U-turn|p2a: Alomomola
|-damage|p2a: Alomomola|58/100
|
|t:|1758257126
|switch|p1a: Dragapult|Dragapult, M|89/100|[from] U-turn
|move|p2a: Alomomola|Flip Turn|p1a: Dragapult
|-resisted|p1a: Dragapult
|-damage|p1a: Dragapult|77/100
|
|t:|1758257131
|switch|p2a: Iron Treads|Iron Treads|97/100|[from] Flip Turn
|
|-heal|p2a: Iron Treads|100/100|[from] item: Leftovers
|upkeep
|turn|16
|
|t:|1758257137
|move|p1a: Dragapult|Will-O-Wisp|p2a: Iron Treads
|-status|p2a: Iron Treads|brn
|move|p2a: Iron Treads|Stealth Rock|p1a: Dragapult
|-sidestart|p1: MK5|move: Stealth Rock
|
|-damage|p2a: Iron Treads|94/100 brn|[from] brn
|upkeep
|turn|17
|
|t:|1758257144
|-end|p2a: Iron Treads|Quark Drive|[silent]
|switch|p2a: Alomomola|Alomomola, M|92/100
|move|p1a: Dragapult|Dragon Darts|p2a: Alomomola
|-damage|p2a: Alomomola|77/100
|-anim|p1a: Dragapult|Dragon Darts|p2a: Alomomola
|-damage|p2a: Alomomola|62/100
|
|upkeep
|turn|18
|
|t:|1758257151
|switch|p2a: Iron Treads|Iron Treads|94/100 brn
|move|p1a: Dragapult|Will-O-Wisp|p2a: Iron Treads
|-fail|p2a: Iron Treads|brn
|
|-heal|p2a: Iron Treads|100/100 brn|[from] item: Leftovers
|-damage|p2a: Iron Treads|94/100 brn|[from] brn
|upkeep
|turn|19
|
|t:|1758257159
|move|p1a: Dragapult|Hex|p2a: Iron Treads
|-damage|p2a: Iron Treads|48/100 brn
|move|p2a: Iron Treads|Ice Spinner|p1a: Dragapult
|-supereffective|p1a: Dragapult
|-damage|p1a: Dragapult|49/100
|
|-heal|p2a: Iron Treads|54/100 brn|[from] item: Leftovers
|-damage|p2a: Iron Treads|48/100 brn|[from] brn
|upkeep
|turn|20
|
|t:|1758257168
|move|p1a: Dragapult|Dragon Darts|p2a: Iron Treads
|-resisted|p2a: Iron Treads
|-crit|p2a: Iron Treads
|-damage|p2a: Iron Treads|37/100 brn
|-anim|p1a: Dragapult|Dragon Darts|p2a: Iron Treads
|-resisted|p2a: Iron Treads
|-damage|p2a: Iron Treads|28/100 brn
|move|p2a: Iron Treads|Ice Spinner|p1a: Dragapult
|-supereffective|p1a: Dragapult
|-damage|p1a: Dragapult|20/100
|
|-heal|p2a: Iron Treads|34/100 brn|[from] item: Leftovers
|-damage|p2a: Iron Treads|28/100 brn|[from] brn
|upkeep
|turn|21
|
|t:|1758257181
|move|p1a: Dragapult|Hex|p2a: Iron Treads
|-damage|p2a: Iron Treads|0 fnt
|faint|p2a: Iron Treads
|-end|p2a: Iron Treads|Quark Drive|[silent]
|
|upkeep
|
|t:|1758257188
|switch|p2a: Alomomola|Alomomola, M|95/100
|turn|22
|
|t:|1758257192
|move|p1a: Dragapult|Will-O-Wisp|p2a: Alomomola
|-status|p2a: Alomomola|brn
|move|p2a: Alomomola|Flip Turn|p1a: Dragapult
|-resisted|p1a: Dragapult
|-damage|p1a: Dragapult|15/100
|
|t:|1758257201
|switch|p2a: Pecharunt|Pecharunt|100/100|[from] Flip Turn
|
|upkeep
|turn|23
|
|t:|1758257208
|switch|p1a: Ting-Lu|Ting-Lu|27/100 brn
|-damage|p1a: Ting-Lu|20/100 brn|[from] Stealth Rock
|-ability|p1a: Ting-Lu|Vessel of Ruin
|switch|p2a: Alomomola|Alomomola, M|100/100 brn
|
|-heal|p1a: Ting-Lu|27/100 brn|[from] item: Leftovers
|-damage|p1a: Ting-Lu|20/100 brn|[from] brn
|-damage|p2a: Alomomola|94/100 brn|[from] brn
|upkeep
|turn|24
|
|t:|1758257218
|move|p1a: Ting-Lu|Stealth Rock|p2a: Alomomola
|-sidestart|p2: TheGrustler|move: Stealth Rock
|move|p2a: Alomomola|Flip Turn|p1a: Ting-Lu
|-supereffective|p1a: Ting-Lu
|-damage|p1a: Ting-Lu|11/100 brn
|
|t:|1758257221
|switch|p2a: Rillaboom|Rillaboom, F|82/100 brn|[from] Flip Turn
|-damage|p2a: Rillaboom|70/100 brn|[from] Stealth Rock
|-fieldstart|move: Grassy Terrain|[from] ability: Grassy Surge|[of] p2a: Rillaboom
|
|-heal|p2a: Rillaboom|76/100 brn|[from] Grassy Terrain
|-heal|p1a: Ting-Lu|17/100 brn|[from] Grassy Terrain
|-heal|p1a: Ting-Lu|23/100 brn|[from] item: Leftovers
|-damage|p2a: Rillaboom|70/100 brn|[from] brn
|-damage|p1a: Ting-Lu|17/100 brn|[from] brn
|upkeep
|turn|25
|
|t:|1758257233
|move|p2a: Rillaboom|U-turn|p1a: Ting-Lu
|-supereffective|p1a: Ting-Lu
|-damage|p1a: Ting-Lu|0 fnt
|faint|p1a: Ting-Lu
|
|t:|1758257241
|switch|p2a: Alomomola|Alomomola, M|100/100 brn|[from] U-turn
|-damage|p2a: Alomomola|88/100 brn|[from] Stealth Rock
|
|-heal|p2a: Alomomola|94/100 brn|[from] Grassy Terrain
|-damage|p2a: Alomomola|88/100 brn|[from] brn
|upkeep
|
|t:|1758257248
|switch|p1a: Dragapult|Dragapult, M|15/100
|turn|26
|
|t:|1758257252
|move|p1a: Dragapult|Hex|p2a: Alomomola
|-damage|p2a: Alomomola|61/100 brn
|move|p2a: Alomomola|Mirror Coat|p1a: Dragapult
|-damage|p1a: Dragapult|0 fnt
|faint|p1a: Dragapult
|
|-heal|p2a: Alomomola|67/100 brn|[from] Grassy Terrain
|-damage|p2a: Alomomola|61/100 brn|[from] brn
|upkeep
|-message|MK5 forfeited.
|
|win|TheGrustler
|raw|MK5's rating: 1452 &rarr; <strong>1431</strong><br />(-21 for losing)
|raw|TheGrustler's rating: 1431 &rarr; <strong>1452</strong><br />(+21 for winning)
|l|☆MK5
|player|p1|
|l|☆TheGrustler
|player|p2|
