|j|☆ChessDennis
|j|☆ablazekicked
|t:|1758255358
|gametype|singles
|player|p1|ChessDennis|169|1371
|player|p2|ablazekicked|byron|1437
|gen|9
|tier|[Gen 9] OU
|rated|
|rule|HP Percentage Mod: HP is shown in percentages
|rule|Endless Battle Clause: Forcing endless battles is banned
|rule|Species Clause: Limit one of each Pokémon
|rule|OHKO Clause: OHKO moves are banned
|rule|Evasion Items Clause: Evasion items are banned
|rule|Evasion Moves Clause: Evasion moves are banned
|rule|Evasion Abilities Clause: Evasion abilities are banned
|rule|Sleep Moves Clause: Sleep-inducing moves are banned
|clearpoke
|poke|p1|Glimmora, M|
|poke|p1|Gholdengo|
|poke|p1|Walking Wake|
|poke|p1|Clefable, F|
|poke|p1|Raging Bolt|
|poke|p1|Ting-Lu|
|poke|p2|Kyurem|
|poke|p2|Ambipom, M|
|poke|p2|Cinderace, F|
|poke|p2|Rillaboom, M|
|poke|p2|Landorus-Therian, M|
|poke|p2|Alomomola, F|
|teampreview
|
|t:|1758255380
|teamsize|p1|6
|teamsize|p2|6
|start
|switch|p1a: Gholdengo|Gholdengo|100/100
|switch|p2a: Alomomola|Alomomola, F|100/100
|turn|1
|
|t:|1758255388
|switch|p1a: Clefable|Clefable, F|100/100
|move|p2a: Alomomola|Mirror Coat||[still]
|-fail|p2a: Alomomola
|
|upkeep
|turn|2
|
|t:|1758255393
|move|p1a: Clefable|Knock Off|p2a: Alomomola
|-damage|p2a: Alomomola|90/100
|-enditem|p2a: Alomomola|Assault Vest|[from] move: Knock Off|[of] p1a: Clefable
|move|p2a: Alomomola|Flip Turn|p1a: Clefable
|-damage|p1a: Clefable|82/100
|-damage|p2a: Alomomola|73/100|[from] item: Rocky Helmet|[of] p1a: Clefable
|
|t:|1758255402
|switch|p2a: Ambipom|Ambipom, M|100/100|[from] Flip Turn
|
|upkeep
|turn|3
|
|t:|1758255410
|move|p2a: Ambipom|U-turn|p1a: Clefable
|-resisted|p1a: Clefable
|-damage|p1a: Clefable|70/100
|-damage|p2a: Ambipom|84/100|[from] item: Rocky Helmet|[of] p1a: Clefable
|
|t:|1758255414
|switch|p2a: Alomomola|Alomomola, F|100/100|[from] U-turn
|move|p1a: Clefable|Moonblast|p2a: Alomomola
|-damage|p2a: Alomomola|71/100
|-unboost|p2a: Alomomola|spa|1
|
|upkeep
|turn|4
|
|t:|1758255426
|move|p1a: Clefable|Knock Off|p2a: Alomomola
|-damage|p2a: Alomomola|63/100
|move|p2a: Alomomola|Mirror Coat||[still]
|-fail|p2a: Alomomola
|
|upkeep
|turn|5
|
|t:|1758255429
|move|p1a: Clefable|Encore|p2a: Alomomola
|-start|p2a: Alomomola|Encore
|move|p2a: Alomomola|Mirror Coat||[still]
|-fail|p2a: Alomomola
|
|upkeep
|turn|6
|
|t:|1758255436
|switch|p1a: Ting-Lu|Ting-Lu|100/100
|-ability|p1a: Ting-Lu|Vessel of Ruin
|move|p2a: Alomomola|Mirror Coat||[still]
|-fail|p2a: Alomomola
|
|upkeep
|turn|7
|
|t:|1758255463
|switch|p2a: Landorus|Landorus-Therian, M|100/100
|-ability|p2a: Landorus|Intimidate|boost
|-unboost|p1a: Ting-Lu|atk|1
|move|p1a: Ting-Lu|Stealth Rock|p2a: Landorus
|-sidestart|p2: ablazekicked|move: Stealth Rock
|
|upkeep
|turn|8
|
|t:|1758255468
|switch|p1a: Clefable|Clefable, F|70/100
|move|p2a: Landorus|U-turn|p1a: Clefable
|-resisted|p1a: Clefable
|-damage|p1a: Clefable|55/100
|-damage|p2a: Landorus|84/100|[from] item: Rocky Helmet|[of] p1a: Clefable
|
|t:|1758255478
|switch|p2a: Rillaboom|Rillaboom, M|100/100|[from] U-turn
|-damage|p2a: Rillaboom|88/100|[from] Stealth Rock
|-fieldstart|move: Grassy Terrain|[from] ability: Grassy Surge|[of] p2a: Rillaboom
|
|-heal|p2a: Rillaboom|94/100|[from] Grassy Terrain
|-heal|p1a: Clefable|61/100|[from] Grassy Terrain
|upkeep
|turn|9
|
|t:|1758255488
|move|p2a: Rillaboom|Wood Hammer|p1a: Clefable
|-damage|p1a: Clefable|0 fnt
|-damage|p2a: Rillaboom|78/100|[from] item: Rocky Helmet|[of] p1a: Clefable
|faint|p1a: Clefable
|-damage|p2a: Rillaboom|57/100|[from] Recoil
|
|-heal|p2a: Rillaboom|63/100|[from] Grassy Terrain
|upkeep
|
|t:|1758255497
|switch|p1a: Gholdengo|Gholdengo|100/100
|turn|10
|
|t:|1758255506
|switch|p2a: Alomomola|Alomomola, F|96/100
|-damage|p2a: Alomomola|84/100|[from] Stealth Rock
|move|p1a: Gholdengo|Shadow Ball|p2a: Alomomola
|-damage|p2a: Alomomola|54/100
|
|-heal|p2a: Alomomola|60/100|[from] Grassy Terrain
|upkeep
|turn|11
|
|t:|1758255513
|switch|p1a: Walking Wake|Walking Wake|100/100
|move|p2a: Alomomola|Flip Turn|p1a: Walking Wake
|-resisted|p1a: Walking Wake
|-damage|p1a: Walking Wake|96/100
|
|t:|1758255520
|switch|p2a: Kyurem|Kyurem|100/100|[from] Flip Turn
|-damage|p2a: Kyurem|76/100|[from] Stealth Rock
|-ability|p2a: Kyurem|Pressure
|
|-heal|p1a: Walking Wake|100/100|[from] Grassy Terrain
|-heal|p2a: Kyurem|82/100|[from] Grassy Terrain
|upkeep
|turn|12
|
|t:|1758255529
|-end|p1a: Walking Wake|Protosynthesis|[silent]
|switch|p1a: Gholdengo|Gholdengo|100/100
|-terastallize|p2a: Kyurem|Steel
|move|p2a: Kyurem|Freeze-Dry|p1a: Gholdengo
|-resisted|p1a: Gholdengo
|-damage|p1a: Gholdengo|72/100
|
|-heal|p1a: Gholdengo|78/100|[from] Grassy Terrain
|-heal|p2a: Kyurem|88/100|[from] Grassy Terrain
|-fieldend|move: Grassy Terrain
|upkeep
|turn|13
|-message|ablazekicked forfeited.
|
|win|ChessDennis
|raw|ChessDennis's rating: 1371 &rarr; <strong>1395</strong><br />(+24 for winning)
|raw|ablazekicked's rating: 1437 &rarr; <strong>1413</strong><br />(-24 for losing)
|l|☆ablazekicked
|player|p2|
|l|☆ChessDennis
|player|p1|
