|j|☆apparatus70
|j|☆waadows
|t:|1758285905
|gametype|singles
|player|p1|apparatus70|candice|1103
|player|p2|waadows|colress|1154
|gen|9
|tier|[Gen 9] OU
|rated|
|rule|HP Percentage Mod: HP is shown in percentages
|rule|Endless Battle Clause: Forcing endless battles is banned
|rule|Species Clause: Limit one of each Pokémon
|rule|OHKO Clause: OHKO moves are banned
|rule|Evasion Items Clause: Evasion items are banned
|rule|Evasion Moves Clause: Evasion moves are banned
|rule|Evasion Abilities Clause: Evasion abilities are banned
|rule|Sleep Moves Clause: Sleep-inducing moves are banned
|clearpoke
|poke|p1|Ceruledge, F|
|poke|p1|Iron Moth|
|poke|p1|Haxorus, F|
|poke|p1|Ogerpon-Wellspring, F|
|poke|p1|Pecharunt|
|poke|p1|Minun, F|
|poke|p2|Toxapex, F|
|poke|p2|Zoroark-Hisui, M|
|poke|p2|Kingambit, M|
|poke|p2|Slowking-Galar, M|
|poke|p2|Dragapult, M|
|poke|p2|Hatterene, F|
|teampreview
|
|t:|1758285914
|teamsize|p1|6
|teamsize|p2|6
|start
|switch|p1a: Pecharunt|Pecharunt|100/100
|switch|p2a: Win Con|Toxapex, F, shiny|100/100
|turn|1
|
|t:|1758285926
|move|p1a: Pecharunt|Nasty Plot|p1a: Pecharunt
|-boost|p1a: Pecharunt|spa|2
|move|p2a: Win Con|Toxic Spikes|p1a: Pecharunt
|-sidestart|p1: apparatus70|move: Toxic Spikes
|
|upkeep
|turn|2
|
|t:|1758285932
|move|p1a: Pecharunt|Night Shade|p2a: Win Con
|-damage|p2a: Win Con|67/100
|-damage|p1a: Pecharunt|91/100|[from] item: Life Orb
|move|p2a: Win Con|Haze|p2a: Win Con
|-clearallboost
|
|-heal|p2a: Win Con|73/100|[from] item: Black Sludge
|upkeep
|turn|3
|
|t:|1758285939
|move|p1a: Pecharunt|Parting Shot|p2a: Win Con
|-unboost|p2a: Win Con|atk|1
|-unboost|p2a: Win Con|spa|1
|
|t:|1758285944
|switch|p1a: LITTERAL GOD|Iron Moth|100/100|[from] Parting Shot
|-sideend|p1: apparatus70|move: Toxic Spikes|[of] p1a: LITTERAL GOD
|-enditem|p1a: LITTERAL GOD|Booster Energy
|-activate|p1a: LITTERAL GOD|ability: Quark Drive|[fromitem]
|-start|p1a: LITTERAL GOD|quarkdrivespa
|move|p2a: Win Con|Toxic Spikes|p1a: LITTERAL GOD
|-sidestart|p1: apparatus70|move: Toxic Spikes
|
|-heal|p2a: Win Con|79/100|[from] item: Black Sludge
|upkeep
|turn|4
|
|t:|1758285954
|move|p1a: LITTERAL GOD|Psychic|p2a: Win Con
|-supereffective|p2a: Win Con
|-damage|p2a: Win Con|3/100
|-unboost|p2a: Win Con|spd|1
|move|p2a: Win Con|Haze|p2a: Win Con
|-clearallboost
|
|-heal|p2a: Win Con|9/100|[from] item: Black Sludge
|upkeep
|turn|5
|
|t:|1758285963
|switch|p2a: Intimidate Me|Kingambit, M, shiny|100/100
|move|p1a: LITTERAL GOD|Psychic|p2a: Intimidate Me
|-immune|p2a: Intimidate Me
|
|upkeep
|turn|6
|
|t:|1758285970
|move|p2a: Intimidate Me|Sucker Punch|p1a: LITTERAL GOD
|-damage|p1a: LITTERAL GOD|28/100
|move|p1a: LITTERAL GOD|Fiery Dance|p2a: Intimidate Me
|-supereffective|p2a: Intimidate Me
|-damage|p2a: Intimidate Me|0 fnt
|faint|p2a: Intimidate Me
|
|upkeep
|
|t:|1758285978
|switch|p2a: Try Harder|Dragapult, M, shiny|100/100
|turn|7
|
|t:|1758285996
|move|p2a: Try Harder|Dragon Darts|p1a: LITTERAL GOD
|-damage|p1a: LITTERAL GOD|0 fnt
|faint|p1a: LITTERAL GOD
|-end|p1a: LITTERAL GOD|Quark Drive|[silent]
|
|upkeep
|
|t:|1758285999
|switch|p1a: Haxorus|Haxorus, F|100/100
|-status|p1a: Haxorus|psn
|-ability|p1a: Haxorus|Mold Breaker
|turn|8
|
|t:|1758286005
|-terastallize|p1a: Haxorus|Fairy
|move|p2a: Try Harder|Dragon Darts|p1a: Haxorus
|-immune|p1a: Haxorus
|move|p1a: Haxorus|Scale Shot|p2a: Try Harder
|-supereffective|p2a: Try Harder
|-damage|p2a: Try Harder|60/100
|-supereffective|p2a: Try Harder
|-damage|p2a: Try Harder|18/100
|-supereffective|p2a: Try Harder
|-damage|p2a: Try Harder|0 fnt
|faint|p2a: Try Harder
|-hitcount|p2: Try Harder|3
|-unboost|p1a: Haxorus|def|1
|-boost|p1a: Haxorus|spe|1
|
|-damage|p1a: Haxorus|88/100 psn|[from] psn
|upkeep
|
|t:|1758286011
|switch|p2a: Let's Trade|Slowking-Galar, M, shiny|100/100
|turn|9
|
|t:|1758286023
|move|p1a: Haxorus|Scale Shot|p2a: Let's Trade
|-damage|p2a: Let's Trade|84/100
|-damage|p2a: Let's Trade|68/100
|-damage|p2a: Let's Trade|52/100
|-damage|p2a: Let's Trade|35/100
|-damage|p2a: Let's Trade|19/100
|-hitcount|p2a: Let's Trade|5
|-unboost|p1a: Haxorus|def|1
|-boost|p1a: Haxorus|spe|1
|move|p2a: Let's Trade|Sludge Wave|p1a: Haxorus
|-supereffective|p1a: Haxorus
|-damage|p1a: Haxorus|0 fnt
|faint|p1a: Haxorus
|
|upkeep
|
|t:|1758286048
|switch|p1a: Ceruledge|Ceruledge, F|100/100
|-item|p1a: Ceruledge|Air Balloon
|turn|10
|
|t:|1758286058
|switch|p2a: Right Back At You|Hatterene, F, shiny|100/100
|move|p1a: Ceruledge|Shadow Claw|p2a: Right Back At You
|-supereffective|p2a: Right Back At You
|-damage|p2a: Right Back At You|23/100
|
|-heal|p2a: Right Back At You|29/100|[from] item: Leftovers
|upkeep
|turn|11
|
|t:|1758286075
|switch|p2a: Win Con|Toxapex, F, shiny|100/100
|move|p1a: Ceruledge|Shadow Claw|p2a: Win Con
|-immune|p2a: Win Con
|
|upkeep
|turn|12
|
|t:|1758286088
|switch|p1a: Minun|Minun, F|100/100
|-status|p1a: Minun|psn
|move|p2a: Win Con|Hex|p1a: Minun
|-damage|p1a: Minun|2/100 psn
|
|-damage|p1a: Minun|0 fnt|[from] psn
|faint|p1a: Minun
|upkeep
|
|t:|1758286102
|switch|p1a: Pecharunt|Pecharunt|91/100
|-sideend|p1: apparatus70|move: Toxic Spikes|[of] p1a: Pecharunt
|turn|13
|
|t:|1758286108
|move|p2a: Win Con|Will-O-Wisp|p1a: Pecharunt
|-status|p1a: Pecharunt|brn
|move|p1a: Pecharunt|Nasty Plot|p1a: Pecharunt
|-boost|p1a: Pecharunt|spa|2
|
|-damage|p1a: Pecharunt|85/100 brn|[from] brn
|upkeep
|turn|14
|
|t:|1758286112
|move|p2a: Win Con|Hex|p1a: Pecharunt
|-supereffective|p1a: Pecharunt
|-damage|p1a: Pecharunt|0 fnt
|faint|p1a: Pecharunt
|
|upkeep
|-message|apparatus70 forfeited.
|
|win|waadows
|raw|apparatus70's rating: 1103 &rarr; <strong>1082</strong><br />(-21 for losing)
|raw|waadows's rating: 1154 &rarr; <strong>1175</strong><br />(+21 for winning)
|l|☆apparatus70
|player|p1|
|l|☆waadows
|player|p2|
