|j|☆noob1877
|j|☆SlimyTime
|t:|1758321448
|gametype|singles
|player|p1|noob1877|1|1735
|player|p2|SlimyTime|ltsurge|1762
|gen|9
|tier|[Gen 9] OU
|rated|
|rule|HP Percentage Mod: HP is shown in percentages
|rule|Endless Battle Clause: Forcing endless battles is banned
|rule|Species Clause: Limit one of each Pokémon
|rule|OHKO Clause: OHKO moves are banned
|rule|Evasion Items Clause: Evasion items are banned
|rule|Evasion Moves Clause: Evasion moves are banned
|rule|Evasion Abilities Clause: Evasion abilities are banned
|rule|Sleep Moves Clause: Sleep-inducing moves are banned
|clearpoke
|poke|p1|Ninetales-Alola, M|
|poke|p1|Deoxys-Speed|
|poke|p1|Heatran, M|
|poke|p1|Iron Hands|
|poke|p1|Okidogi, M|
|poke|p1|Ogerpon-Wellspring, F|
|poke|p2|Pelipper, F|
|poke|p2|Hatterene, F|
|poke|p2|Iron Treads|
|poke|p2|Toxicroak, F|
|poke|p2|Barraskewda, F|
|poke|p2|Zapdos|
|teampreview
|j| Powerpuff moves
|
|t:|1758321472
|teamsize|p1|6
|teamsize|p2|6
|start
|switch|p1a: Deoxys|Deoxys-Speed|100/100
|switch|p2a: Iron Treads|Iron Treads|100/100
|-ability|p1a: Deoxys|Pressure
|turn|1
|j| KappaHalo
|
|t:|1758321482
|move|p1a: Deoxys|Nasty Plot|p1a: Deoxys
|-boost|p1a: Deoxys|spa|2
|move|p2a: Iron Treads|Stealth Rock|p1a: Deoxys
|-sidestart|p1: noob1877|move: Stealth Rock
|
|upkeep
|turn|2
|
|t:|1758321486
|-end|p2a: Iron Treads|Quark Drive|[silent]
|switch|p2a: Pelipper|Pelipper, F|100/100
|-weather|RainDance|[from] ability: Drizzle|[of] p2a: Pelipper
|move|p1a: Deoxys|Focus Blast|p2a: Pelipper|[miss]
|-miss|p1a: Deoxys|p2a: Pelipper
|
|-weather|RainDance|[upkeep]
|upkeep
|turn|3
|
|t:|1758321490
|switch|p2a: Hatterene|Hatterene, F|100/100
|move|p1a: Deoxys|Shadow Ball|p2a: Hatterene
|-supereffective|p2a: Hatterene
|-damage|p2a: Hatterene|0 fnt
|faint|p2a: Hatterene
|-damage|p1a: Deoxys|91/100|[from] item: Life Orb
|
|-weather|RainDance|[upkeep]
|upkeep
|
|t:|1758321493
|switch|p2a: Barraskewda|Barraskewda, F|100/100
|turn|4
|
|t:|1758321497
|switch|p1a: Ogerpon|Ogerpon-Wellspring, F|100/100
|-damage|p1a: Ogerpon|88/100|[from] Stealth Rock
|move|p2a: Barraskewda|Flip Turn|p1a: Ogerpon
|-heal|p1a: Ogerpon|100/100|[from] ability: Water Absorb|[of] p2a: Barraskewda
|
|-weather|RainDance|[upkeep]
|upkeep
|turn|5
|
|t:|1758321507
|switch|p2a: Toxicroak|Toxicroak, F|100/100
|switch|p1a: Okidogi|Okidogi, M|100/100
|-damage|p1a: Okidogi|95/100|[from] Stealth Rock
|
|-weather|RainDance|[upkeep]
|upkeep
|turn|6
|j| Nikator98
|
|t:|1758321513
|switch|p2a: Zapdos|Zapdos|100/100
|move|p1a: Okidogi|Gunk Shot|p2a: Zapdos|[miss]
|-miss|p1a: Okidogi|p2a: Zapdos
|-enditem|p1a: Okidogi|Blunder Policy
|-boost|p1a: Okidogi|spe|2
|
|-weather|RainDance|[upkeep]
|upkeep
|turn|7
|
|t:|1758321557
|move|p1a: Okidogi|Gunk Shot|p2a: Zapdos|[miss]
|-miss|p1a: Okidogi|p2a: Zapdos
|move|p2a: Zapdos|Hurricane|p1a: Okidogi
|-supereffective|p1a: Okidogi
|-damage|p1a: Okidogi|0 fnt
|faint|p1a: Okidogi
|
|-weather|RainDance|[upkeep]
|upkeep
|
|t:|1758321563
|switch|p1a: Ninetales|Ninetales-Alola, M|100/100
|-damage|p1a: Ninetales|76/100|[from] Stealth Rock
|-weather|Snowscape|[from] ability: Snow Warning|[of] p1a: Ninetales
|turn|8
|
|t:|1758321571
|switch|p1a: Heatran|Heatran, M|100/100
|-damage|p1a: Heatran|88/100|[from] Stealth Rock
|switch|p2a: Pelipper|Pelipper, F|100/100
|-weather|RainDance|[from] ability: Drizzle|[of] p2a: Pelipper
|
|-weather|RainDance|[upkeep]
|upkeep
|turn|9
|
|t:|1758321600
|move|p1a: Heatran|Magma Storm|p2a: Pelipper|[miss]
|-miss|p1a: Heatran|p2a: Pelipper
|move|p2a: Pelipper|U-turn|p1a: Heatran
|-resisted|p1a: Heatran
|-damage|p1a: Heatran|86/100
|
|t:|1758321611
|switch|p2a: Barraskewda|Barraskewda, F|100/100|[from] U-turn
|
|-weather|RainDance|[upkeep]
|upkeep
|turn|10
|
|t:|1758321619
|-terastallize|p1a: Heatran|Bug
|move|p2a: Barraskewda|Close Combat|p1a: Heatran
|-resisted|p1a: Heatran
|-damage|p1a: Heatran|53/100
|-unboost|p2a: Barraskewda|def|1
|-unboost|p2a: Barraskewda|spd|1
|move|p1a: Heatran|Magma Storm|p2a: Barraskewda
|-resisted|p2a: Barraskewda
|-damage|p2a: Barraskewda|49/100
|-activate|p2a: Barraskewda|move: Magma Storm|[of] p1a: Heatran
|
|-weather|RainDance|[upkeep]
|-damage|p2a: Barraskewda|37/100|[from] move: Magma Storm|[partiallytrapped]
|upkeep
|turn|11
|
|t:|1758321630
|move|p2a: Barraskewda|Close Combat|p1a: Heatran
|-resisted|p1a: Heatran
|-damage|p1a: Heatran|21/100
|-unboost|p2a: Barraskewda|def|1
|-unboost|p2a: Barraskewda|spd|1
|move|p1a: Heatran|Earth Power|p2a: Barraskewda
|-damage|p2a: Barraskewda|0 fnt
|faint|p2a: Barraskewda
|
|-weather|RainDance|[upkeep]
|upkeep
|
|t:|1758321635
|switch|p2a: Zapdos|Zapdos|100/100
|turn|12
|
|t:|1758321645
|move|p2a: Zapdos|Thunder|p1a: Heatran
|-damage|p1a: Heatran|0 fnt
|faint|p1a: Heatran
|
|-weather|RainDance|[upkeep]
|upkeep
|
|t:|1758321647
|switch|p1a: Ninetales|Ninetales-Alola, M|76/100
|-damage|p1a: Ninetales|51/100|[from] Stealth Rock
|-weather|Snowscape|[from] ability: Snow Warning|[of] p1a: Ninetales
|turn|13
|
|t:|1758321652
|switch|p2a: Iron Treads|Iron Treads|100/100
|move|p1a: Ninetales|Freeze-Dry|p2a: Iron Treads
|-damage|p2a: Iron Treads|85/100
|
|-weather|Snowscape|[upkeep]
|-heal|p2a: Iron Treads|91/100|[from] item: Leftovers
|upkeep
|turn|14
|
|t:|1758321656
|-end|p2a: Iron Treads|Quark Drive|[silent]
|switch|p2a: Pelipper|Pelipper, F|100/100
|-weather|RainDance|[from] ability: Drizzle|[of] p2a: Pelipper
|move|p1a: Ninetales|Aurora Veil||[still]
|-fail|p1a: Ninetales
|
|-weather|RainDance|[upkeep]
|upkeep
|turn|15
|
|t:|1758321664
|switch|p2a: Iron Treads|Iron Treads|91/100
|move|p1a: Ninetales|Freeze-Dry|p2a: Iron Treads
|-damage|p2a: Iron Treads|74/100
|
|-weather|RainDance|[upkeep]
|-heal|p2a: Iron Treads|80/100|[from] item: Leftovers
|upkeep
|turn|16
|
|t:|1758321669
|switch|p1a: Ogerpon|Ogerpon-Wellspring, F|100/100
|-damage|p1a: Ogerpon|88/100|[from] Stealth Rock
|move|p2a: Iron Treads|Volt Switch|p1a: Ogerpon
|-damage|p1a: Ogerpon|75/100
|
|t:|1758321673
|-end|p2a: Iron Treads|Quark Drive|[silent]
|switch|p2a: Toxicroak|Toxicroak, F|100/100|[from] Volt Switch
|
|-weather|RainDance|[upkeep]
|upkeep
|turn|17
|
|t:|1758321680
|move|p1a: Ogerpon|Swords Dance|p1a: Ogerpon
|-boost|p1a: Ogerpon|atk|2
|move|p2a: Toxicroak|Knock Off|p1a: Ogerpon
|-damage|p1a: Ogerpon|54/100
|
|-weather|RainDance|[upkeep]
|upkeep
|turn|18
|
|t:|1758321683
|move|p1a: Ogerpon|Power Whip|p2a: Toxicroak
|-resisted|p2a: Toxicroak
|-damage|p2a: Toxicroak|31/100
|-damage|p1a: Ogerpon|37/100|[from] item: Rocky Helmet|[of] p2a: Toxicroak
|move|p2a: Toxicroak|Drain Punch|p1a: Ogerpon
|-damage|p1a: Ogerpon|0 fnt
|-heal|p2a: Toxicroak|46/100|[from] drain|[of] p1a: Ogerpon
|faint|p1a: Ogerpon
|
|-weather|RainDance|[upkeep]
|-heal|p2a: Toxicroak|59/100|[from] ability: Dry Skin
|upkeep
|
|t:|1758321690
|switch|p1a: Deoxys|Deoxys-Speed|91/100
|-damage|p1a: Deoxys|78/100|[from] Stealth Rock
|-ability|p1a: Deoxys|Pressure
|turn|19
|
|t:|1758321696
|switch|p2a: Iron Treads|Iron Treads|80/100
|move|p1a: Deoxys|Psycho Boost|p2a: Iron Treads
|-resisted|p2a: Iron Treads
|-damage|p2a: Iron Treads|49/100
|-unboost|p1a: Deoxys|spa|2
|-damage|p1a: Deoxys|68/100|[from] item: Life Orb
|
|-weather|RainDance|[upkeep]
|-heal|p2a: Iron Treads|55/100|[from] item: Leftovers
|upkeep
|turn|20
|
|t:|1758321700
|switch|p1a: Ninetales|Ninetales-Alola, M|51/100
|-damage|p1a: Ninetales|26/100|[from] Stealth Rock
|-weather|Snowscape|[from] ability: Snow Warning|[of] p1a: Ninetales
|move|p2a: Iron Treads|Volt Switch|p1a: Ninetales
|-damage|p1a: Ninetales|15/100
|
|t:|1758321704
|-end|p2a: Iron Treads|Quark Drive|[silent]
|switch|p2a: Pelipper|Pelipper, F|100/100|[from] Volt Switch
|-weather|RainDance|[from] ability: Drizzle|[of] p2a: Pelipper
|
|-weather|RainDance|[upkeep]
|upkeep
|turn|21
|
|t:|1758321709
|switch|p1a: Deoxys|Deoxys-Speed|68/100
|-damage|p1a: Deoxys|56/100|[from] Stealth Rock
|-ability|p1a: Deoxys|Pressure
|switch|p2a: Iron Treads|Iron Treads|55/100
|
|-weather|RainDance|[upkeep]
|-heal|p2a: Iron Treads|61/100|[from] item: Leftovers
|upkeep
|turn|22
|
|t:|1758321713
|-end|p2a: Iron Treads|Quark Drive|[silent]
|switch|p2a: Toxicroak|Toxicroak, F|59/100
|move|p1a: Deoxys|Focus Blast|p2a: Toxicroak|[miss]
|-miss|p1a: Deoxys|p2a: Toxicroak
|
|-weather|RainDance|[upkeep]
|-heal|p2a: Toxicroak|71/100|[from] ability: Dry Skin
|upkeep
|turn|23
|
|t:|1758321726
|switch|p2a: Pelipper|Pelipper, F|100/100
|move|p1a: Deoxys|Psycho Boost|p2a: Pelipper
|-damage|p2a: Pelipper|23/100
|-unboost|p1a: Deoxys|spa|2
|-damage|p1a: Deoxys|46/100|[from] item: Life Orb
|
|-weather|RainDance|[upkeep]
|upkeep
|turn|24
|
|t:|1758321731
|switch|p1a: Iron Hands|Iron Hands|100/100
|-damage|p1a: Iron Hands|94/100|[from] Stealth Rock
|-enditem|p1a: Iron Hands|Booster Energy
|-activate|p1a: Iron Hands|ability: Quark Drive|[fromitem]
|-start|p1a: Iron Hands|quarkdriveatk
|move|p2a: Pelipper|U-turn|p1a: Iron Hands
|-resisted|p1a: Iron Hands
|-damage|p1a: Iron Hands|91/100
|
|t:|1758321735
|switch|p2a: Zapdos|Zapdos|100/100|[from] U-turn
|
|-weather|RainDance|[upkeep]
|upkeep
|turn|25
|
|t:|1758321743
|move|p2a: Zapdos|Hurricane|p1a: Iron Hands
|-damage|p1a: Iron Hands|24/100
|move|p1a: Iron Hands|Ice Punch|p2a: Zapdos
|-supereffective|p2a: Zapdos
|-damage|p2a: Zapdos|0 fnt
|faint|p2a: Zapdos
|
|-weather|RainDance|[upkeep]
|upkeep
|
|t:|1758321747
|switch|p2a: Iron Treads|Iron Treads|61/100
|turn|26
|
|t:|1758321751
|move|p2a: Iron Treads|Earthquake|p1a: Iron Hands
|-supereffective|p1a: Iron Hands
|-damage|p1a: Iron Hands|0 fnt
|faint|p1a: Iron Hands
|-end|p1a: Iron Hands|Quark Drive|[silent]
|
|-weather|RainDance|[upkeep]
|-heal|p2a: Iron Treads|67/100|[from] item: Leftovers
|upkeep
|
|t:|1758321753
|switch|p1a: Deoxys|Deoxys-Speed|46/100
|-damage|p1a: Deoxys|33/100|[from] Stealth Rock
|-ability|p1a: Deoxys|Pressure
|turn|27
|
|t:|1758321771
|-end|p2a: Iron Treads|Quark Drive|[silent]
|switch|p2a: Pelipper|Pelipper, F|23/100
|move|p1a: Deoxys|Nasty Plot|p1a: Deoxys
|-boost|p1a: Deoxys|spa|2
|
|-weather|none
|upkeep
|turn|28
|
|t:|1758321778
|move|p1a: Deoxys|Shadow Ball|p2a: Pelipper
|-damage|p2a: Pelipper|0 fnt
|faint|p2a: Pelipper
|-damage|p1a: Deoxys|23/100|[from] item: Life Orb
|
|upkeep
|
|t:|1758321781
|switch|p2a: Toxicroak|Toxicroak, F|71/100
|turn|29
|
|t:|1758321786
|move|p1a: Deoxys|Psycho Boost|p2a: Toxicroak
|-supereffective|p2a: Toxicroak
|-damage|p2a: Toxicroak|0 fnt
|-unboost|p1a: Deoxys|spa|2
|faint|p2a: Toxicroak
|-damage|p1a: Deoxys|13/100|[from] item: Life Orb
|
|upkeep
|
|t:|1758321790
|switch|p2a: Iron Treads|Iron Treads|67/100
|turn|30
|
|t:|1758321795
|move|p1a: Deoxys|Focus Blast|p2a: Iron Treads
|-supereffective|p2a: Iron Treads
|-damage|p2a: Iron Treads|0 fnt
|faint|p2a: Iron Treads
|-end|p2a: Iron Treads|Quark Drive|[silent]
|-damage|p1a: Deoxys|3/100|[from] item: Life Orb
|
|win|noob1877
|raw|noob1877's rating: 1735 &rarr; <strong>1757</strong><br />(+22 for winning)
|raw|SlimyTime's rating: 1762 &rarr; <strong>1740</strong><br />(-22 for losing)
|l| KappaHalo
|l|☆SlimyTime
|player|p2|
|l|☆noob1877
|player|p1|
|l| Powerpuff moves
