|j|☆jlce
|j|☆VelvetSucubbus
|t:|1758316936
|gametype|singles
|player|p1|jlce|101|1441
|player|p2|VelvetSucubbus|cyclistf-gen4|1504
|gen|9
|tier|[Gen 9] OU
|rated|
|rule|HP Percentage Mod: HP is shown in percentages
|rule|Endless Battle Clause: Forcing endless battles is banned
|rule|Species Clause: Limit one of each Pokémon
|rule|OHKO Clause: OHKO moves are banned
|rule|Evasion Items Clause: Evasion items are banned
|rule|Evasion Moves Clause: Evasion moves are banned
|rule|Evasion Abilities Clause: Evasion abilities are banned
|rule|Sleep Moves Clause: Sleep-inducing moves are banned
|clearpoke
|poke|p1|Dragapult, F|
|poke|p1|Weavile, F|
|poke|p1|Tentacruel, F|
|poke|p1|Samurott-Hisui, M|
|poke|p1|Sinistcha|
|poke|p1|Arcanine-Hisui, F|
|poke|p2|Ogerpon-Wellspring, F|
|poke|p2|Kingambit, M|
|poke|p2|Landorus-Therian, M|
|poke|p2|Glimmora, F|
|poke|p2|Dragapult, M|
|poke|p2|Iron Valiant|
|teampreview
|
|t:|1758316947
|teamsize|p1|6
|teamsize|p2|6
|start
|switch|p1a: Samurott|Samurott-Hisui, M|100/100
|switch|p2a: Glimmora|Glimmora, F|100/100
|turn|1
|
|t:|1758316954
|move|p1a: Samurott|Razor Shell|p2a: Glimmora
|-supereffective|p2a: Glimmora
|-damage|p2a: Glimmora|0 fnt
|-activate|p2a: Glimmora|ability: Toxic Debris
|-sidestart|p1: jlce|move: Toxic Spikes
|faint|p2a: Glimmora
|
|upkeep
|
|t:|1758316960
|switch|p2a: Iron Valiant|Iron Valiant, shiny|100/100
|-enditem|p2a: Iron Valiant|Booster Energy
|-activate|p2a: Iron Valiant|ability: Quark Drive|[fromitem]
|-start|p2a: Iron Valiant|quarkdrivespe
|turn|2
|
|t:|1758316965
|move|p2a: Iron Valiant|Swords Dance|p2a: Iron Valiant
|-boost|p2a: Iron Valiant|atk|2
|move|p1a: Samurott|Razor Shell|p2a: Iron Valiant
|-damage|p2a: Iron Valiant|34/100
|
|upkeep
|turn|3
|
|t:|1758316972
|move|p2a: Iron Valiant|Spirit Break|p1a: Samurott
|-supereffective|p1a: Samurott
|-enditem|p1a: Samurott|Focus Sash
|-damage|p1a: Samurott|1/100
|-unboost|p1a: Samurott|spa|1
|move|p1a: Samurott|Razor Shell|p2a: Iron Valiant
|-damage|p2a: Iron Valiant|0 fnt
|faint|p2a: Iron Valiant
|-end|p2a: Iron Valiant|Quark Drive|[silent]
|
|upkeep
|
|t:|1758316982
|switch|p2a: Dragapult|Dragapult, M|100/100
|turn|4
|
|t:|1758316985
|move|p1a: Samurott|Sucker Punch|p2a: Dragapult
|-supereffective|p2a: Dragapult
|-damage|p2a: Dragapult|11/100
|move|p2a: Dragapult|U-turn|p1a: Samurott
|-supereffective|p1a: Samurott
|-crit|p1a: Samurott
|-damage|p1a: Samurott|0 fnt
|faint|p1a: Samurott
|
|t:|1758316993
|switch|p2a: Landorus|Landorus-Therian, M|100/100|[from] U-turn
|
|upkeep
|
|t:|1758316999
|switch|p1a: Tentacruel|Tentacruel, F|100/100
|-sideend|p1: jlce|move: Toxic Spikes|[of] p1a: Tentacruel
|turn|5
|
|t:|1758317004
|switch|p1a: Sinistcha|Sinistcha|100/100
|move|p2a: Landorus|Taunt|p1a: Sinistcha
|-start|p1a: Sinistcha|move: Taunt
|
|upkeep
|turn|6
|
|t:|1758317010
|move|p2a: Landorus|U-turn|p1a: Sinistcha
|-damage|p1a: Sinistcha|86/100
|
|t:|1758317013
|switch|p2a: Kingambit|Kingambit, M|100/100|[from] U-turn
|-activate|p2a: Kingambit|ability: Supreme Overlord
|-start|p2a: Kingambit|fallen2|[silent]
|move|p1a: Sinistcha|Matcha Gotcha|p2a: Kingambit
|-resisted|p2a: Kingambit
|-damage|p2a: Kingambit|85/100
|-heal|p1a: Sinistcha|95/100|[from] drain|[of] p2a: Kingambit
|-status|p2a: Kingambit|brn
|
|-heal|p1a: Sinistcha|100/100|[from] item: Leftovers
|-heal|p2a: Kingambit|91/100 brn|[from] item: Leftovers
|-damage|p2a: Kingambit|85/100 brn|[from] brn
|upkeep
|turn|7
|
|t:|1758317029
|switch|p1a: Tentacruel|Tentacruel, F|100/100
|move|p2a: Kingambit|Swords Dance|p2a: Kingambit
|-boost|p2a: Kingambit|atk|2
|
|-heal|p2a: Kingambit|91/100 brn|[from] item: Leftovers
|-damage|p2a: Kingambit|85/100 brn|[from] brn
|upkeep
|turn|8
|
|t:|1758317037
|move|p1a: Tentacruel|Toxic Spikes|p2a: Kingambit
|-sidestart|p2: VelvetSucubbus|move: Toxic Spikes
|move|p2a: Kingambit|Kowtow Cleave|p1a: Tentacruel
|-damage|p1a: Tentacruel|16/100
|
|-heal|p2a: Kingambit|91/100 brn|[from] item: Leftovers
|-damage|p2a: Kingambit|85/100 brn|[from] brn
|upkeep
|turn|9
|
|t:|1758317051
|move|p1a: Tentacruel|Flip Turn|p2a: Kingambit
|-damage|p2a: Kingambit|74/100 brn
|
|t:|1758317063
|switch|p1a: Dragapult|Dragapult, F|100/100|[from] Flip Turn
|move|p2a: Kingambit|Kowtow Cleave|p1a: Dragapult
|-supereffective|p1a: Dragapult
|-damage|p1a: Dragapult|0 fnt
|faint|p1a: Dragapult
|
|-heal|p2a: Kingambit|81/100 brn|[from] item: Leftovers
|-damage|p2a: Kingambit|74/100 brn|[from] brn
|upkeep
|
|t:|1758317064
|switch|p1a: Arcanine|Arcanine-Hisui, F|100/100
|turn|10
|
|t:|1758317075
|move|p2a: Kingambit|Sucker Punch|p1a: Arcanine
|-damage|p1a: Arcanine|34/100
|move|p1a: Arcanine|Flame Charge|p2a: Kingambit
|-supereffective|p2a: Kingambit
|-damage|p2a: Kingambit|32/100 brn
|-boost|p1a: Arcanine|spe|1
|
|-heal|p2a: Kingambit|39/100 brn|[from] item: Leftovers
|-damage|p2a: Kingambit|32/100 brn|[from] brn
|upkeep
|turn|11
|
|t:|1758317086
|move|p1a: Arcanine|Extreme Speed|p2a: Kingambit
|-resisted|p2a: Kingambit
|-damage|p2a: Kingambit|23/100 brn
|move|p2a: Kingambit|Sucker Punch||[still]
|-fail|p2a: Kingambit
|
|-heal|p2a: Kingambit|29/100 brn|[from] item: Leftovers
|-damage|p2a: Kingambit|23/100 brn|[from] brn
|upkeep
|turn|12
|
|t:|1758317095
|move|p1a: Arcanine|Extreme Speed|p2a: Kingambit
|-resisted|p2a: Kingambit
|-damage|p2a: Kingambit|12/100 brn
|move|p2a: Kingambit|Sucker Punch||[still]
|-fail|p2a: Kingambit
|
|-heal|p2a: Kingambit|19/100 brn|[from] item: Leftovers
|-damage|p2a: Kingambit|12/100 brn|[from] brn
|upkeep
|turn|13
|
|t:|1758317104
|move|p1a: Arcanine|Flame Charge|p2a: Kingambit
|-supereffective|p2a: Kingambit
|-damage|p2a: Kingambit|0 fnt
|-boost|p1a: Arcanine|spe|1
|faint|p2a: Kingambit
|-end|p2a: Kingambit|fallen2|[silent]
|
|upkeep
|
|t:|1758317112
|switch|p2a: Landorus|Landorus-Therian, M|100/100
|-ability|p2a: Landorus|Intimidate|boost
|-unboost|p1a: Arcanine|atk|1
|turn|14
|
|t:|1758317118
|move|p1a: Arcanine|Flare Blitz|p2a: Landorus
|-damage|p2a: Landorus|58/100
|-damage|p1a: Arcanine|18/100|[from] item: Rocky Helmet|[of] p2a: Landorus
|move|p2a: Landorus|U-turn|p1a: Arcanine
|-resisted|p1a: Arcanine
|-damage|p1a: Arcanine|4/100
|
|t:|1758317126
|switch|p2a: Dragapult|Dragapult, M|11/100|[from] U-turn
|-status|p2a: Dragapult|psn
|
|-damage|p2a: Dragapult|0 fnt|[from] psn
|faint|p2a: Dragapult
|upkeep
|
|t:|1758317133
|switch|p2a: Landorus|Landorus-Therian, M|58/100
|-ability|p2a: Landorus|Intimidate|boost
|-unboost|p1a: Arcanine|atk|1
|turn|15
|
|t:|1758317138
|move|p1a: Arcanine|Flare Blitz|p2a: Landorus
|-damage|p2a: Landorus|28/100
|-damage|p1a: Arcanine|0 fnt|[from] item: Rocky Helmet|[of] p2a: Landorus
|faint|p1a: Arcanine
|move|p2a: Landorus|Stealth Rock|p1: Arcanine
|-sidestart|p1: jlce|move: Stealth Rock
|
|upkeep
|
|t:|1758317145
|switch|p1a: Weavile|Weavile, F|100/100
|-damage|p1a: Weavile|76/100|[from] Stealth Rock
|turn|16
|
|t:|1758317153
|move|p1a: Weavile|Knock Off|p2a: Landorus
|-damage|p2a: Landorus|0 fnt
|-damage|p1a: Weavile|59/100|[from] item: Rocky Helmet|[of] p2a: Landorus
|-enditem|p2a: Landorus|Rocky Helmet|[from] move: Knock Off|[of] p1a: Weavile
|faint|p2a: Landorus
|-damage|p1a: Weavile|49/100|[from] item: Life Orb
|
|upkeep
|
|t:|1758317160
|switch|p2a: Ogerpon|Ogerpon-Wellspring, F|100/100
|-status|p2a: Ogerpon|psn
|turn|17
|
|t:|1758317169
|move|p1a: Weavile|Knock Off|p2a: Ogerpon
|-damage|p2a: Ogerpon|47/100 psn
|-damage|p1a: Weavile|39/100|[from] item: Life Orb
|move|p2a: Ogerpon|Swords Dance|p2a: Ogerpon
|-boost|p2a: Ogerpon|atk|2
|
|-damage|p2a: Ogerpon|35/100 psn|[from] psn
|upkeep
|turn|18
|
|t:|1758317178
|-terastallize|p2a: Ogerpon|Water
|detailschange|p2a: Ogerpon|Ogerpon-Wellspring-Tera, F, tera:Water
|-ability|p2a: Ogerpon|Embody Aspect (Wellspring)|boost
|-boost|p2a: Ogerpon|spd|1
|move|p1a: Weavile|Ice Shard|p2a: Ogerpon
|-resisted|p2a: Ogerpon
|-damage|p2a: Ogerpon|19/100 psn
|-damage|p1a: Weavile|29/100|[from] item: Life Orb
|move|p2a: Ogerpon|Horn Leech|p1a: Weavile
|-damage|p1a: Weavile|0 fnt
|-heal|p2a: Ogerpon|33/100 psn|[from] drain|[of] p1a: Weavile
|faint|p1a: Weavile
|
|-damage|p2a: Ogerpon|20/100 psn|[from] psn
|upkeep
|
|t:|1758317182
|switch|p1a: Tentacruel|Tentacruel, F|16/100
|turn|19
|
|t:|1758317194
|move|p2a: Ogerpon|Horn Leech|p1a: Tentacruel
|-damage|p1a: Tentacruel|0 fnt
|-damage|p2a: Ogerpon|11/100 psn|[from] ability: Liquid Ooze|[of] p1a: Tentacruel
|faint|p1a: Tentacruel
|
|-damage|p2a: Ogerpon|0 fnt|[from] psn
|faint|p2a: Ogerpon
|detailschange|p2: Ogerpon|Ogerpon-Wellspring, F|[silent]
|
|win|jlce
|raw|jlce's rating: 1441 &rarr; <strong>1465</strong><br />(+24 for winning)
|raw|VelvetSucubbus's rating: 1504 &rarr; <strong>1480</strong><br />(-24 for losing)
|l|☆VelvetSucubbus
|player|p2|
|l|☆jlce
|player|p1|
