|j|☆Celestial_dubkun
|j|☆CherylBush
|t:|1758256156
|gametype|singles
|player|p1|Celestial_dubkun|hiker-gen4|1604
|player|p2|CherylBush|mallow-masters|1646
|gen|9
|tier|[Gen 9] OU
|rated|
|rule|HP Percentage Mod: HP is shown in percentages
|rule|Endless Battle Clause: Forcing endless battles is banned
|rule|Species Clause: Limit one of each Pokémon
|rule|OHKO Clause: OHKO moves are banned
|rule|Evasion Items Clause: Evasion items are banned
|rule|Evasion Moves Clause: Evasion moves are banned
|rule|Evasion Abilities Clause: Evasion abilities are banned
|rule|Sleep Moves Clause: Sleep-inducing moves are banned
|clearpoke
|poke|p1|Toxapex, M|
|poke|p1|Goodra-Hisui, F|
|poke|p1|Corviknight, M|
|poke|p1|Great Tusk|
|poke|p1|Enamorus, F|
|poke|p1|Darkrai|
|poke|p2|Landorus-Therian, M|
|poke|p2|Skeledirge, M|
|poke|p2|Skarmory, M|
|poke|p2|Hydrapple, M|
|poke|p2|Samurott-Hisui, M|
|poke|p2|Fezandipiti, M|
|teampreview
|
|t:|1758256167
|teamsize|p1|6
|teamsize|p2|6
|start
|switch|p1a: Enamorus|Enamorus, F|100/100
|switch|p2a: Samurott|Samurott-Hisui, M, shiny|100/100
|turn|1
|
|t:|1758256173
|switch|p2a: Fez Boi|Fezandipiti, M|100/100
|move|p1a: Enamorus|Moonblast|p2a: Fez Boi
|-resisted|p2a: Fez Boi
|-damage|p2a: Fez Boi|77/100
|
|upkeep
|turn|2
|
|t:|1758256178
|switch|p1a: Goodra|Goodra-Hisui, F|100/100
|move|p2a: Fez Boi|Moonblast|p1a: Goodra
|-damage|p1a: Goodra|89/100
|
|upkeep
|turn|3
|
|t:|1758256185
|switch|p2a: Skeledirge|Skeledirge, M, shiny|100/100
|move|p1a: Goodra|Knock Off|p2a: Skeledirge
|-supereffective|p2a: Skeledirge
|-damage|p2a: Skeledirge|57/100
|-enditem|p2a: Skeledirge|Heavy-Duty Boots|[from] move: Knock Off|[of] p1a: Goodra
|
|upkeep
|turn|4
|
|t:|1758256197
|switch|p1a: Darkrai|Darkrai|100/100
|move|p2a: Skeledirge|Slack Off|p2a: Skeledirge
|-heal|p2a: Skeledirge|100/100
|
|upkeep
|turn|5
|
|t:|1758256203
|switch|p2a: Fez Boi|Fezandipiti, M|77/100
|move|p1a: Darkrai|Dark Pulse|p2a: Fez Boi
|-resisted|p2a: Fez Boi
|-damage|p2a: Fez Boi|64/100
|
|upkeep
|turn|6
|
|t:|1758256208
|switch|p1a: Corviknight|Corviknight, M|100/100
|-ability|p1a: Corviknight|Pressure
|move|p2a: Fez Boi|Moonblast|p1a: Corviknight
|-resisted|p1a: Corviknight
|-damage|p1a: Corviknight|89/100
|
|upkeep
|turn|7
|
|t:|1758256212
|switch|p2a: Skarmory|Skarmory, M, shiny|100/100
|move|p1a: Corviknight|U-turn|p2a: Skarmory
|-resisted|p2a: Skarmory
|-damage|p2a: Skarmory|99/100
|-damage|p1a: Corviknight|73/100|[from] item: Rocky Helmet|[of] p2a: Skarmory
|
|t:|1758256220
|switch|p1a: Enamorus|Enamorus, F|100/100|[from] U-turn
|
|upkeep
|turn|8
|
|t:|1758256232
|switch|p2a: Skeledirge|Skeledirge, M, shiny|100/100
|-terastallize|p1a: Enamorus|Fairy
|move|p1a: Enamorus|Moonblast|p2a: Skeledirge
|-resisted|p2a: Skeledirge
|-damage|p2a: Skeledirge|56/100
|-unboost|p2a: Skeledirge|spa|1
|
|upkeep
|turn|9
|
|t:|1758256236
|move|p1a: Enamorus|Moonblast|p2a: Skeledirge
|-resisted|p2a: Skeledirge
|-damage|p2a: Skeledirge|12/100
|move|p2a: Skeledirge|Slack Off|p2a: Skeledirge
|-heal|p2a: Skeledirge|63/100
|
|upkeep
|turn|10
|
|t:|1758256244
|move|p1a: Enamorus|Moonblast|p2a: Skeledirge
|-resisted|p2a: Skeledirge
|-damage|p2a: Skeledirge|22/100
|move|p2a: Skeledirge|Slack Off|p2a: Skeledirge
|-heal|p2a: Skeledirge|72/100
|
|upkeep
|turn|11
|
|t:|1758256247
|move|p1a: Enamorus|Moonblast|p2a: Skeledirge
|-resisted|p2a: Skeledirge
|-damage|p2a: Skeledirge|31/100
|move|p2a: Skeledirge|Slack Off|p2a: Skeledirge
|-heal|p2a: Skeledirge|82/100
|
|upkeep
|turn|12
|
|t:|1758256252
|move|p1a: Enamorus|Moonblast|p2a: Skeledirge
|-resisted|p2a: Skeledirge
|-damage|p2a: Skeledirge|43/100
|move|p2a: Skeledirge|Slack Off|p2a: Skeledirge
|-heal|p2a: Skeledirge|93/100
|
|upkeep
|turn|13
|
|t:|1758256257
|move|p1a: Enamorus|Moonblast|p2a: Skeledirge
|-resisted|p2a: Skeledirge
|-damage|p2a: Skeledirge|53/100
|move|p2a: Skeledirge|Torch Song|p1a: Enamorus
|-damage|p1a: Enamorus|71/100
|-boost|p2a: Skeledirge|spa|1
|
|upkeep
|turn|14
|
|t:|1758256261
|move|p1a: Enamorus|Moonblast|p2a: Skeledirge
|-resisted|p2a: Skeledirge
|-damage|p2a: Skeledirge|14/100
|move|p2a: Skeledirge|Slack Off|p2a: Skeledirge
|-heal|p2a: Skeledirge|64/100
|
|upkeep
|turn|15
|
|t:|1758256265
|move|p1a: Enamorus|Moonblast|p2a: Skeledirge
|-resisted|p2a: Skeledirge
|-damage|p2a: Skeledirge|20/100
|move|p2a: Skeledirge|Torch Song|p1a: Enamorus
|-damage|p1a: Enamorus|29/100
|-boost|p2a: Skeledirge|spa|1
|
|upkeep
|turn|16
|
|t:|1758256268
|move|p1a: Enamorus|Moonblast|p2a: Skeledirge
|-resisted|p2a: Skeledirge
|-damage|p2a: Skeledirge|0 fnt
|faint|p2a: Skeledirge
|
|upkeep
|
|t:|1758256275
|switch|p2a: Fez Boi|Fezandipiti, M|64/100
|turn|17
|
|t:|1758256279
|switch|p1a: Corviknight|Corviknight, M|73/100
|-ability|p1a: Corviknight|Pressure
|move|p2a: Fez Boi|Roost|p2a: Fez Boi
|-heal|p2a: Fez Boi|100/100
|-singleturn|p2a: Fez Boi|move: Roost
|
|upkeep
|turn|18
|
|t:|1758256283
|switch|p2a: Skarmory|Skarmory, M, shiny|99/100
|move|p1a: Corviknight|U-turn|p2a: Skarmory
|-resisted|p2a: Skarmory
|-damage|p2a: Skarmory|97/100
|-damage|p1a: Corviknight|56/100|[from] item: Rocky Helmet|[of] p2a: Skarmory
|
|t:|1758256287
|switch|p1a: Enamorus|Enamorus, F, tera:Fairy|29/100|[from] U-turn
|
|upkeep
|turn|19
|
|t:|1758256290
|switch|p2a: Fez Boi|Fezandipiti, M|100/100
|move|p1a: Enamorus|Mystical Fire|p2a: Fez Boi
|-damage|p2a: Fez Boi|75/100
|-unboost|p2a: Fez Boi|spa|1
|
|upkeep
|turn|20
|
|t:|1758256296
|switch|p1a: Corviknight|Corviknight, M|56/100
|-ability|p1a: Corviknight|Pressure
|switch|p2a: Samurott|Samurott-Hisui, M, shiny|100/100
|
|upkeep
|turn|21
|
|t:|1758256301
|move|p2a: Samurott|Knock Off|p1a: Corviknight
|-damage|p1a: Corviknight|22/100
|-damage|p2a: Samurott|84/100|[from] item: Rocky Helmet|[of] p1a: Corviknight
|-enditem|p1a: Corviknight|Rocky Helmet|[from] move: Knock Off|[of] p2a: Samurott
|move|p1a: Corviknight|Roost|p1a: Corviknight
|-heal|p1a: Corviknight|72/100
|-singleturn|p1a: Corviknight|move: Roost
|
|upkeep
|turn|22
|
|t:|1758256305
|move|p2a: Samurott|Ceaseless Edge|p1a: Corviknight
|-damage|p1a: Corviknight|37/100
|-sidestart|p1: Celestial_dubkun|Spikes
|move|p1a: Corviknight|Roost|p1a: Corviknight
|-heal|p1a: Corviknight|87/100
|-singleturn|p1a: Corviknight|move: Roost
|
|upkeep
|turn|23
|
|t:|1758256309
|move|p2a: Samurott|Ceaseless Edge|p1a: Corviknight|[miss]
|-miss|p2a: Samurott|p1a: Corviknight
|move|p1a: Corviknight|Defog|p2a: Samurott
|-unboost|p2a: Samurott|evasion|1
|-sideend|p1: Celestial_dubkun|Spikes|[from] move: Defog|[of] p1a: Corviknight
|
|upkeep
|turn|24
|
|t:|1758256313
|move|p2a: Samurott|Flip Turn|p1a: Corviknight
|-damage|p1a: Corviknight|68/100
|
|t:|1758256314
|switch|p2a: Skarmory|Skarmory, M, shiny|97/100|[from] Flip Turn
|move|p1a: Corviknight|U-turn|p2a: Skarmory
|-resisted|p2a: Skarmory
|-damage|p2a: Skarmory|95/100
|-damage|p1a: Corviknight|52/100|[from] item: Rocky Helmet|[of] p2a: Skarmory
|
|t:|1758256319
|switch|p1a: Enamorus|Enamorus, F, tera:Fairy|29/100|[from] U-turn
|
|upkeep
|turn|25
|
|t:|1758256327
|move|p1a: Enamorus|Mystical Fire|p2a: Skarmory
|-supereffective|p2a: Skarmory
|-damage|p2a: Skarmory|0 fnt
|faint|p2a: Skarmory
|
|upkeep
|
|t:|1758256330
|switch|p2a: Samurott|Samurott-Hisui, M, shiny|84/100
|turn|26
|
|t:|1758256356
|switch|p1a: Corviknight|Corviknight, M|52/100
|-ability|p1a: Corviknight|Pressure
|move|p2a: Samurott|Ceaseless Edge|p1a: Corviknight
|-damage|p1a: Corviknight|21/100
|-sidestart|p1: Celestial_dubkun|Spikes
|
|upkeep
|turn|27
|
|t:|1758256363
|switch|p1a: Great Tusk|Great Tusk|100/100
|move|p2a: Samurott|Knock Off|p1a: Great Tusk
|-resisted|p1a: Great Tusk
|-damage|p1a: Great Tusk|83/100
|-enditem|p1a: Great Tusk|Heavy-Duty Boots|[from] move: Knock Off|[of] p2a: Samurott
|
|upkeep
|turn|28
|
|t:|1758256372
|switch|p2a: Leviathan|Hydrapple, M, shiny|100/100
|move|p1a: Great Tusk|Close Combat|p2a: Leviathan
|-damage|p2a: Leviathan|59/100
|-unboost|p1a: Great Tusk|def|1
|-unboost|p1a: Great Tusk|spd|1
|
|upkeep
|turn|29
|
|t:|1758256377
|switch|p2a: Landorus|Landorus-Therian, M, shiny|100/100
|-ability|p2a: Landorus|Intimidate|boost
|-unboost|p1a: Great Tusk|atk|1
|move|p1a: Great Tusk|Ice Spinner|p2a: Landorus
|-supereffective|p2a: Landorus
|-damage|p2a: Landorus|19/100
|
|upkeep
|turn|30
|
|t:|1758256384
|move|p2a: Landorus|Earthquake|p1a: Great Tusk
|-damage|p1a: Great Tusk|22/100
|move|p1a: Great Tusk|Rapid Spin|p2a: Landorus
|-damage|p2a: Landorus|4/100
|-boost|p1a: Great Tusk|spe|1
|-sideend|p1: Celestial_dubkun|Spikes|[from] move: Rapid Spin|[of] p1a: Great Tusk
|
|upkeep
|turn|31
|
|t:|1758256391
|move|p2a: Landorus|Earthquake|p1a: Great Tusk
|-crit|p1a: Great Tusk
|-damage|p1a: Great Tusk|0 fnt
|faint|p1a: Great Tusk
|-end|p1a: Great Tusk|Protosynthesis|[silent]
|
|upkeep
|
|t:|1758256398
|switch|p1a: Corviknight|Corviknight, M|21/100
|-ability|p1a: Corviknight|Pressure
|turn|32
|
|t:|1758256404
|switch|p2a: Fez Boi|Fezandipiti, M|75/100
|move|p1a: Corviknight|Roost|p1a: Corviknight
|-heal|p1a: Corviknight|71/100
|-singleturn|p1a: Corviknight|move: Roost
|
|upkeep
|turn|33
|
|t:|1758256408
|move|p2a: Fez Boi|Moonblast|p1a: Corviknight
|-resisted|p1a: Corviknight
|-damage|p1a: Corviknight|60/100
|move|p1a: Corviknight|U-turn|p2a: Fez Boi
|-resisted|p2a: Fez Boi
|-damage|p2a: Fez Boi|72/100
|
|t:|1758256412
|switch|p1a: Goodra|Goodra-Hisui, F|89/100|[from] U-turn
|
|upkeep
|turn|34
|
|t:|1758256418
|switch|p2a: Samurott|Samurott-Hisui, M, shiny|84/100
|move|p1a: Goodra|Knock Off|p2a: Samurott
|-resisted|p2a: Samurott
|-damage|p2a: Samurott|65/100
|-enditem|p2a: Samurott|Heavy-Duty Boots|[from] move: Knock Off|[of] p1a: Goodra
|
|upkeep
|turn|35
|j| iamfrhaan007
|
|t:|1758256437
|switch|p1a: Toxapex|Toxapex, M|100/100
|move|p2a: Samurott|Ceaseless Edge|p1a: Toxapex
|-damage|p1a: Toxapex|67/100
|-sidestart|p1: Celestial_dubkun|Spikes
|
|-heal|p1a: Toxapex|73/100|[from] item: Leftovers
|upkeep
|turn|36
|
|t:|1758256446
|move|p2a: Samurott|Knock Off|p1a: Toxapex
|-damage|p1a: Toxapex|44/100
|-enditem|p1a: Toxapex|Leftovers|[from] move: Knock Off|[of] p2a: Samurott
|move|p1a: Toxapex|Toxic|p2a: Samurott
|-status|p2a: Samurott|tox
|
|-damage|p2a: Samurott|59/100 tox|[from] psn
|upkeep
|turn|37
|
|t:|1758256451
|move|p2a: Samurott|Flip Turn|p1a: Toxapex
|-resisted|p1a: Toxapex
|-damage|p1a: Toxapex|35/100
|
|t:|1758256454
|switch|p2a: Fez Boi|Fezandipiti, M|72/100|[from] Flip Turn
|move|p1a: Toxapex|Recover|p1a: Toxapex
|-heal|p1a: Toxapex|85/100
|
|upkeep
|turn|38
|
|t:|1758256458
|switch|p1a: Corviknight|Corviknight, M|60/100
|-ability|p1a: Corviknight|Pressure
|move|p2a: Fez Boi|Roost|p2a: Fez Boi
|-heal|p2a: Fez Boi|100/100
|-singleturn|p2a: Fez Boi|move: Roost
|
|upkeep
|turn|39
|
|t:|1758256464
|move|p2a: Fez Boi|Calm Mind|p2a: Fez Boi
|-boost|p2a: Fez Boi|spa|1
|-boost|p2a: Fez Boi|spd|1
|move|p1a: Corviknight|Defog|p2a: Fez Boi
|-unboost|p2a: Fez Boi|evasion|1
|-sideend|p1: Celestial_dubkun|Spikes|[from] move: Defog|[of] p1a: Corviknight
|
|upkeep
|turn|40
|
|t:|1758256467
|move|p2a: Fez Boi|Heat Wave|p1a: Corviknight
|-supereffective|p1a: Corviknight
|-damage|p1a: Corviknight|15/100
|move|p1a: Corviknight|U-turn|p2a: Fez Boi
|-resisted|p2a: Fez Boi
|-damage|p2a: Fez Boi|97/100
|
|t:|1758256474
|switch|p1a: Goodra|Goodra-Hisui, F|89/100|[from] U-turn
|
|upkeep
|turn|41
|
|t:|1758256484
|switch|p2a: Samurott|Samurott-Hisui, M, shiny|59/100 tox
|move|p1a: Goodra|Heavy Slam|p2a: Samurott
|-resisted|p2a: Samurott
|-damage|p2a: Samurott|24/100 tox
|
|-damage|p2a: Samurott|18/100 tox|[from] psn
|upkeep
|turn|42
|
|t:|1758256491
|switch|p1a: Toxapex|Toxapex, M|100/100
|move|p2a: Samurott|Ceaseless Edge|p1a: Toxapex
|-damage|p1a: Toxapex|70/100
|-sidestart|p1: Celestial_dubkun|Spikes
|
|-damage|p2a: Samurott|5/100 tox|[from] psn
|upkeep
|turn|43
|
|t:|1758256499
|move|p2a: Samurott|Flip Turn|p1a: Toxapex
|-resisted|p1a: Toxapex
|-damage|p1a: Toxapex|59/100
|
|t:|1758256501
|switch|p2a: Fez Boi|Fezandipiti, M|97/100|[from] Flip Turn
|move|p1a: Toxapex|Recover|p1a: Toxapex
|-heal|p1a: Toxapex|100/100
|
|upkeep
|turn|44
|
|t:|1758256505
|switch|p1a: Goodra|Goodra-Hisui, F|89/100
|-damage|p1a: Goodra|77/100|[from] Spikes
|move|p2a: Fez Boi|Moonblast|p1a: Goodra
|-damage|p1a: Goodra|66/100
|
|upkeep
|turn|45
|
|t:|1758256515
|switch|p2a: Leviathan|Hydrapple, M, shiny|92/100
|move|p1a: Goodra|Knock Off|p2a: Leviathan
|-damage|p2a: Leviathan|73/100
|-enditem|p2a: Leviathan|Heavy-Duty Boots|[from] move: Knock Off|[of] p1a: Goodra
|
|upkeep
|turn|46
|
|t:|1758256526
|switch|p1a: Corviknight|Corviknight, M|15/100
|-ability|p1a: Corviknight|Pressure
|-terastallize|p2a: Leviathan|Fairy
|move|p2a: Leviathan|Earth Power|p1a: Corviknight
|-immune|p1a: Corviknight
|
|upkeep
|turn|47
|
|t:|1758256533
|move|p1a: Corviknight|Roost|p1a: Corviknight
|-heal|p1a: Corviknight|65/100
|-singleturn|p1a: Corviknight|move: Roost
|move|p2a: Leviathan|Earth Power|p1a: Corviknight
|-supereffective|p1a: Corviknight
|-damage|p1a: Corviknight|14/100
|
|upkeep
|turn|48
|
|t:|1758256544
|move|p1a: Corviknight|Roost|p1a: Corviknight
|-heal|p1a: Corviknight|64/100
|-singleturn|p1a: Corviknight|move: Roost
|move|p2a: Leviathan|Fickle Beam|p1a: Corviknight
|-resisted|p1a: Corviknight
|-damage|p1a: Corviknight|49/100
|
|upkeep
|turn|49
|
|t:|1758256547
|move|p1a: Corviknight|Defog|p2a: Leviathan
|-unboost|p2a: Leviathan|evasion|1
|-sideend|p1: Celestial_dubkun|Spikes|[from] move: Defog|[of] p1a: Corviknight
|move|p2a: Leviathan|Nasty Plot|p2a: Leviathan
|-boost|p2a: Leviathan|spa|2
|
|upkeep
|turn|50
|
|t:|1758256554
|move|p1a: Corviknight|Brave Bird|p2a: Leviathan
|-damage|p2a: Leviathan|49/100
|-damage|p1a: Corviknight|41/100|[from] Recoil
|move|p2a: Leviathan|Earth Power|p1a: Corviknight
|-immune|p1a: Corviknight
|
|upkeep
|turn|51
|
|t:|1758256567
|move|p1a: Corviknight|Roost|p1a: Corviknight
|-heal|p1a: Corviknight|91/100
|-singleturn|p1a: Corviknight|move: Roost
|move|p2a: Leviathan|Giga Drain|p1a: Corviknight
|-resisted|p1a: Corviknight
|-damage|p1a: Corviknight|63/100
|-heal|p2a: Leviathan|63/100|[from] drain|[of] p1a: Corviknight
|
|upkeep
|turn|52
|
|t:|1758256577
|move|p1a: Corviknight|Brave Bird|p2a: Leviathan
|-damage|p2a: Leviathan|40/100
|-damage|p1a: Corviknight|55/100|[from] Recoil
|move|p2a: Leviathan|Fickle Beam|p1a: Corviknight
|-resisted|p1a: Corviknight
|-damage|p1a: Corviknight|23/100
|
|upkeep
|turn|53
|
|t:|1758256584
|move|p1a: Corviknight|Brave Bird|p2a: Leviathan
|-damage|p2a: Leviathan|17/100
|-damage|p1a: Corviknight|15/100|[from] Recoil
|move|p2a: Leviathan|Nasty Plot|p2a: Leviathan
|-boost|p2a: Leviathan|spa|2
|
|upkeep
|turn|54
|
|t:|1758256589
|switch|p2a: Fez Boi|Fezandipiti, M|97/100
|move|p1a: Corviknight|Brave Bird|p2a: Fez Boi
|-damage|p2a: Fez Boi|60/100
|-damage|p1a: Corviknight|3/100|[from] Recoil
|
|upkeep
|turn|55
|
|t:|1758256600
|switch|p1a: Goodra|Goodra-Hisui, F|66/100
|move|p2a: Fez Boi|Moonblast|p1a: Goodra
|-damage|p1a: Goodra|56/100
|
|upkeep
|turn|56
|
|t:|1758256610
|switch|p2a: Samurott|Samurott-Hisui, M, shiny|5/100 tox
|move|p1a: Goodra|Heavy Slam|p2a: Samurott
|-resisted|p2a: Samurott
|-damage|p2a: Samurott|0 fnt
|faint|p2a: Samurott
|
|upkeep
|
|t:|1758256615
|switch|p2a: Landorus|Landorus-Therian, M, shiny|4/100
|-ability|p2a: Landorus|Intimidate|boost
|-unboost|p1a: Goodra|atk|1
|turn|57
|
|t:|1758256625
|switch|p1a: Corviknight|Corviknight, M|3/100
|-ability|p1a: Corviknight|Pressure
|move|p2a: Landorus|Brick Break|p1a: Corviknight
|-damage|p1a: Corviknight|0 fnt
|faint|p1a: Corviknight
|
|upkeep
|
|t:|1758256632
|switch|p1a: Toxapex|Toxapex, M|100/100
|turn|58
|
|t:|1758256645
|switch|p2a: Leviathan|Hydrapple, M, shiny, tera:Fairy|50/100
|move|p1a: Toxapex|Infestation|p2a: Leviathan
|-resisted|p2a: Leviathan
|-damage|p2a: Leviathan|49/100
|-activate|p2a: Leviathan|move: Infestation|[of] p1a: Toxapex
|
|-damage|p2a: Leviathan|37/100|[from] move: Infestation|[partiallytrapped]
|upkeep
|turn|59
|
|t:|1758256651
|move|p1a: Toxapex|Toxic|p2a: Leviathan
|-status|p2a: Leviathan|tox
|move|p2a: Leviathan|Nasty Plot|p2a: Leviathan
|-boost|p2a: Leviathan|spa|2
|
|-damage|p2a: Leviathan|31/100 tox|[from] psn
|-damage|p2a: Leviathan|18/100 tox|[from] move: Infestation|[partiallytrapped]
|upkeep
|turn|60
|
|t:|1758256657
|move|p1a: Toxapex|Haze|p1a: Toxapex
|-clearallboost
|move|p2a: Leviathan|Earth Power|p1a: Toxapex
|-supereffective|p1a: Toxapex
|-damage|p1a: Toxapex|52/100
|
|-damage|p2a: Leviathan|6/100 tox|[from] psn
|-damage|p2a: Leviathan|0 fnt|[from] move: Infestation|[partiallytrapped]
|faint|p2a: Leviathan
|upkeep
|
|t:|1758256662
|switch|p2a: Landorus|Landorus-Therian, M, shiny|4/100
|-ability|p2a: Landorus|Intimidate|boost
|-unboost|p1a: Toxapex|atk|1
|turn|61
|l| iamfrhaan007
|
|t:|1758256672
|move|p2a: Landorus|U-turn|p1a: Toxapex
|-resisted|p1a: Toxapex
|-damage|p1a: Toxapex|44/100
|
|t:|1758256674
|switch|p2a: Fez Boi|Fezandipiti, M|60/100|[from] U-turn
|move|p1a: Toxapex|Infestation|p2a: Fez Boi
|-resisted|p2a: Fez Boi
|-damage|p2a: Fez Boi|60/100
|-activate|p2a: Fez Boi|move: Infestation|[of] p1a: Toxapex
|
|-damage|p2a: Fez Boi|47/100|[from] move: Infestation|[partiallytrapped]
|upkeep
|turn|62
|
|t:|1758256680
|switch|p1a: Goodra|Goodra-Hisui, F|56/100
|move|p2a: Fez Boi|Roost|p2a: Fez Boi
|-heal|p2a: Fez Boi|98/100
|-singleturn|p2a: Fez Boi|move: Roost
|
|-end|p2a: Fez Boi|Infestation|[partiallytrapped]|[silent]
|upkeep
|turn|63
|
|t:|1758256685
|move|p2a: Fez Boi|Moonblast|p1a: Goodra
|-damage|p1a: Goodra|45/100
|move|p1a: Goodra|Heavy Slam|p2a: Fez Boi
|-supereffective|p2a: Fez Boi
|-damage|p2a: Fez Boi|0 fnt
|faint|p2a: Fez Boi
|
|upkeep
|
|t:|1758256686
|switch|p2a: Landorus|Landorus-Therian, M, shiny|4/100
|-ability|p2a: Landorus|Intimidate|boost
|-unboost|p1a: Goodra|atk|1
|turn|64
|
|t:|1758256691
|move|p2a: Landorus|Earthquake|p1a: Goodra
|-supereffective|p1a: Goodra
|-damage|p1a: Goodra|0 fnt
|faint|p1a: Goodra
|
|upkeep
|
|t:|1758256694
|switch|p1a: Darkrai|Darkrai|100/100
|turn|65
|
|t:|1758256696
|move|p2a: Landorus|Earthquake|p1a: Darkrai
|-damage|p1a: Darkrai|28/100
|move|p1a: Darkrai|Ice Beam|p2a: Landorus
|-supereffective|p2a: Landorus
|-damage|p2a: Landorus|0 fnt
|faint|p2a: Landorus
|
|win|Celestial_dubkun
|raw|Celestial_dubkun's rating: 1604 &rarr; <strong>1626</strong><br />(+22 for winning)
|raw|CherylBush's rating: 1646 &rarr; <strong>1624</strong><br />(-22 for losing)
|c|☆Celestial_dubkun|Gg
|c|☆CherylBush|gg my brain forgot you Tera'd lol
|l|☆CherylBush
|player|p2|
|l|☆Celestial_dubkun
|player|p1|
