|j|☆lul nn
|j|‽Sacred Quill
|t:|1758262575
|gametype|singles
|player|p1|lul nn|cynthia|1280
|player|p2|Sacred Quill|clerk|1316
|gen|9
|tier|[Gen 9] OU
|rated|
|rule|HP Percentage Mod: HP is shown in percentages
|rule|Endless Battle Clause: Forcing endless battles is banned
|rule|Species Clause: Limit one of each Pokémon
|rule|OHKO Clause: OHKO moves are banned
|rule|Evasion Items Clause: Evasion items are banned
|rule|Evasion Moves Clause: Evasion moves are banned
|rule|Evasion Abilities Clause: Evasion abilities are banned
|rule|Sleep Moves Clause: Sleep-inducing moves are banned
|clearpoke
|poke|p1|Iron Valiant|
|poke|p1|Araquanid, F|
|poke|p1|Landorus-Therian, M|
|poke|p1|Iron Moth|
|poke|p1|Dragapult, F|
|poke|p1|Dragonite, F|
|poke|p2|Araquanid, F|
|poke|p2|Weavile, F|
|poke|p2|Gliscor, F|
|poke|p2|Pecharunt|
|poke|p2|Rotom-Wash|
|poke|p2|Donphan, M|
|teampreview
|
|t:|1758262584
|teamsize|p1|6
|teamsize|p2|6
|start
|switch|p1a: Dragonite|Dragonite, F|100/100
|switch|p2a: Araquanid|Araquanid, F|100/100
|turn|1
|
|t:|1758262593
|switch|p1a: Araquanid|Araquanid, F|100/100
|move|p2a: Araquanid|Sticky Web|p1a: Araquanid
|-sidestart|p1: lul nn|move: Sticky Web
|
|upkeep
|turn|2
|
|t:|1758262598
|switch|p2a: Rotom|Rotom-Wash, shiny|100/100
|move|p1a: Araquanid|Sticky Web|p2a: Rotom
|-sidestart|p2: Sacred Quill|move: Sticky Web
|
|upkeep
|turn|3
|
|t:|1758262606
|move|p2a: Rotom|Will-O-Wisp|p1a: Araquanid
|-immune|p1a: Araquanid|[from] ability: Water Bubble
|move|p1a: Araquanid|Surf|p2a: Rotom
|-resisted|p2a: Rotom
|-crit|p2a: Rotom
|-damage|p2a: Rotom|74/100
|
|-heal|p2a: Rotom|80/100|[from] item: Leftovers
|upkeep
|turn|4
|
|t:|1758262616
|move|p2a: Rotom|Volt Switch|p1a: Araquanid
|-supereffective|p1a: Araquanid
|-damage|p1a: Araquanid|68/100
|
|t:|1758262625
|switch|p2a: Araquanid|Araquanid, F|100/100|[from] Volt Switch
|-activate|p2a: Araquanid|move: Sticky Web
|-unboost|p2a: Araquanid|spe|1
|move|p1a: Araquanid|Surf|p2a: Araquanid
|-resisted|p2a: Araquanid
|-damage|p2a: Araquanid|86/100
|
|upkeep
|turn|5
|
|t:|1758262635
|move|p1a: Araquanid|Surf|p2a: Araquanid
|-resisted|p2a: Araquanid
|-damage|p2a: Araquanid|72/100
|move|p2a: Araquanid|Surf|p1a: Araquanid
|-resisted|p1a: Araquanid
|-damage|p1a: Araquanid|53/100
|
|upkeep
|turn|6
|
|t:|1758262640
|move|p1a: Araquanid|Surf|p2a: Araquanid
|-resisted|p2a: Araquanid
|-damage|p2a: Araquanid|59/100
|move|p2a: Araquanid|Leech Life|p1a: Araquanid
|-damage|p1a: Araquanid|34/100
|-heal|p2a: Araquanid|68/100|[from] drain|[of] p1a: Araquanid
|
|upkeep
|turn|7
|
|t:|1758262651
|move|p1a: Araquanid|Surf|p2a: Araquanid
|-resisted|p2a: Araquanid
|-damage|p2a: Araquanid|54/100
|move|p2a: Araquanid|Leech Life|p1a: Araquanid
|-crit|p1a: Araquanid
|-damage|p1a: Araquanid|3/100
|-heal|p2a: Araquanid|70/100|[from] drain|[of] p1a: Araquanid
|
|upkeep
|turn|8
|-enditem|p1a: Araquanid|Custap Berry|[eat]
|-activate|p1a: Araquanid|item: Custap Berry|[consumed]
|
|t:|1758262660
|switch|p2a: Pecharunt|Pecharunt|100/100
|move|p1a: Araquanid|Endeavor|p2a: Pecharunt
|-immune|p2a: Pecharunt
|
|upkeep
|turn|9
|
|t:|1758262670
|move|p2a: Pecharunt|Hex|p1a: Araquanid
|-damage|p1a: Araquanid|0 fnt
|faint|p1a: Araquanid
|
|upkeep
|
|t:|1758262676
|switch|p1a: Landorus|Landorus-Therian, M|100/100
|-ability|p1a: Landorus|Intimidate|boost
|-unboost|p2a: Pecharunt|atk|1
|turn|10
|
|t:|1758262681
|switch|p2a: Rotom|Rotom-Wash, shiny|80/100
|move|p1a: Landorus|Earthquake|p2a: Rotom
|-immune|p2a: Rotom|[from] ability: Levitate
|
|-heal|p2a: Rotom|86/100|[from] item: Leftovers
|upkeep
|turn|11
|
|t:|1758262686
|move|p1a: Landorus|Taunt|p2a: Rotom
|-start|p2a: Rotom|move: Taunt
|move|p2a: Rotom|Hydro Pump|p1a: Landorus
|-supereffective|p1a: Landorus
|-damage|p1a: Landorus|0 fnt
|faint|p1a: Landorus
|
|-heal|p2a: Rotom|93/100|[from] item: Leftovers
|upkeep
|
|t:|1758262694
|switch|p1a: Dragapult|Dragapult, F|100/100
|-activate|p1a: Dragapult|move: Sticky Web
|-fail|p1a: Dragapult|unboost|[from] ability: Clear Body|[of] p1a: Dragapult
|turn|12
|
|t:|1758262699
|move|p1a: Dragapult|Dragon Darts|p2a: Rotom
|-damage|p2a: Rotom|65/100
|-anim|p1a: Dragapult|Dragon Darts|p2a: Rotom
|-damage|p2a: Rotom|37/100
|move|p2a: Rotom|Volt Switch|p1a: Dragapult
|-resisted|p1a: Dragapult
|-damage|p1a: Dragapult|83/100
|
|t:|1758262705
|switch|p2a: Weavile|Weavile, F|100/100|[from] Volt Switch
|-ability|p2a: Weavile|Pressure
|
|upkeep
|turn|13
|
|t:|1758262711
|move|p1a: Dragapult|Dragon Darts|p2a: Weavile
|-damage|p2a: Weavile|33/100
|-anim|p1a: Dragapult|Dragon Darts|p2a: Weavile
|-damage|p2a: Weavile|0 fnt
|faint|p2a: Weavile
|
|upkeep
|
|t:|1758262716
|switch|p2a: Gliscor|Gliscor, F|100/100
|turn|14
|
|t:|1758262722
|move|p1a: Dragapult|Dragon Darts|p2a: Gliscor
|-damage|p2a: Gliscor|72/100
|-anim|p1a: Dragapult|Dragon Darts|p2a: Gliscor
|-damage|p2a: Gliscor|42/100
|move|p2a: Gliscor|Toxic|p1a: Dragapult
|-status|p1a: Dragapult|tox
|
|-damage|p1a: Dragapult|77/100 tox|[from] psn
|-status|p2a: Gliscor|tox|[from] item: Toxic Orb
|upkeep
|turn|15
|
|t:|1758262729
|move|p2a: Gliscor|Protect|p2a: Gliscor
|-singleturn|p2a: Gliscor|Protect
|move|p1a: Dragapult|Dragon Darts|p2a: Gliscor
|-activate|p2a: Gliscor|move: Protect
|
|-damage|p1a: Dragapult|65/100 tox|[from] psn
|-heal|p2a: Gliscor|55/100 tox|[from] ability: Poison Heal
|upkeep
|turn|16
|
|t:|1758262738
|switch|p2a: Pecharunt|Pecharunt|100/100
|move|p1a: Dragapult|Dragon Darts|p2a: Pecharunt
|-damage|p2a: Pecharunt|76/100
|-anim|p1a: Dragapult|Dragon Darts|p2a: Pecharunt
|-crit|p2a: Pecharunt
|-damage|p2a: Pecharunt|39/100
|
|-damage|p1a: Dragapult|47/100 tox|[from] psn
|upkeep
|turn|17
|
|t:|1758262743
|switch|p2a: Araquanid|Araquanid, F|70/100
|-activate|p2a: Araquanid|move: Sticky Web
|-unboost|p2a: Araquanid|spe|1
|move|p1a: Dragapult|Dragon Darts|p2a: Araquanid
|-damage|p2a: Araquanid|31/100
|-anim|p1a: Dragapult|Dragon Darts|p2a: Araquanid
|-damage|p2a: Araquanid|0 fnt
|faint|p2a: Araquanid
|
|-damage|p1a: Dragapult|23/100 tox|[from] psn
|upkeep
|
|t:|1758262745
|switch|p2a: Gliscor|Gliscor, F|55/100 tox
|turn|18
|
|t:|1758262749
|move|p2a: Gliscor|Protect|p2a: Gliscor
|-singleturn|p2a: Gliscor|Protect
|move|p1a: Dragapult|Dragon Darts|p2a: Gliscor
|-activate|p2a: Gliscor|move: Protect
|
|-damage|p1a: Dragapult|0 fnt|[from] psn
|faint|p1a: Dragapult
|-heal|p2a: Gliscor|67/100 tox|[from] ability: Poison Heal
|upkeep
|
|t:|1758262756
|switch|p1a: Iron Moth|Iron Moth|100/100
|-activate|p1a: Iron Moth|move: Sticky Web
|-unboost|p1a: Iron Moth|spe|1
|-enditem|p1a: Iron Moth|Booster Energy
|-activate|p1a: Iron Moth|ability: Quark Drive|[fromitem]
|-start|p1a: Iron Moth|quarkdrivespa
|turn|19
|
|t:|1758262765
|move|p1a: Iron Moth|Substitute|p1a: Iron Moth
|-start|p1a: Iron Moth|Substitute
|-damage|p1a: Iron Moth|75/100
|move|p2a: Gliscor|Earthquake|p1a: Iron Moth
|-supereffective|p1a: Iron Moth
|-end|p1a: Iron Moth|Substitute
|
|-heal|p2a: Gliscor|80/100 tox|[from] ability: Poison Heal
|upkeep
|turn|20
|
|t:|1758262769
|-end|p1a: Iron Moth|Quark Drive|[silent]
|switch|p1a: Dragonite|Dragonite, F|100/100
|move|p2a: Gliscor|Earthquake|p1a: Dragonite
|-immune|p1a: Dragonite
|
|-heal|p2a: Gliscor|92/100 tox|[from] ability: Poison Heal
|upkeep
|turn|21
|
|t:|1758262774
|move|p1a: Dragonite|Dragon Dance|p1a: Dragonite
|-boost|p1a: Dragonite|atk|1
|-boost|p1a: Dragonite|spe|1
|move|p2a: Gliscor|Knock Off|p1a: Dragonite
|-damage|p1a: Dragonite|90/100
|-enditem|p1a: Dragonite|Heavy-Duty Boots|[from] move: Knock Off|[of] p2a: Gliscor
|
|-heal|p2a: Gliscor|100/100 tox|[from] ability: Poison Heal
|upkeep
|turn|22
|
|t:|1758262783
|move|p1a: Dragonite|Dragon Dance|p1a: Dragonite
|-boost|p1a: Dragonite|atk|1
|-boost|p1a: Dragonite|spe|1
|move|p2a: Gliscor|Toxic|p1a: Dragonite|[miss]
|-miss|p2a: Gliscor|p1a: Dragonite
|
|upkeep
|turn|23
|
|t:|1758262802
|move|p1a: Dragonite|Dragon Dance|p1a: Dragonite
|-boost|p1a: Dragonite|atk|1
|-boost|p1a: Dragonite|spe|1
|move|p2a: Gliscor|Toxic|p1a: Dragonite
|-status|p1a: Dragonite|tox
|
|-damage|p1a: Dragonite|83/100 tox|[from] psn
|upkeep
|turn|24
|
|t:|1758262809
|move|p1a: Dragonite|Dragon Dance|p1a: Dragonite
|-boost|p1a: Dragonite|atk|1
|-boost|p1a: Dragonite|spe|1
|move|p2a: Gliscor|Knock Off|p1a: Dragonite
|-damage|p1a: Dragonite|67/100 tox
|
|-damage|p1a: Dragonite|55/100 tox|[from] psn
|upkeep
|turn|25
|
|t:|1758262814
|-terastallize|p1a: Dragonite|Normal
|move|p2a: Gliscor|Protect|p2a: Gliscor
|-singleturn|p2a: Gliscor|Protect
|move|p1a: Dragonite|Extreme Speed|p2a: Gliscor
|-activate|p2a: Gliscor|move: Protect
|
|-damage|p1a: Dragonite|36/100 tox|[from] psn
|upkeep
|turn|26
|
|t:|1758262822
|switch|p2a: Pecharunt|Pecharunt|39/100
|move|p1a: Dragonite|Extreme Speed|p2a: Pecharunt
|-immune|p2a: Pecharunt
|
|-damage|p1a: Dragonite|11/100 tox|[from] psn
|upkeep
|turn|27
|
|t:|1758262830
|move|p1a: Dragonite|Earthquake|p2a: Pecharunt
|-supereffective|p2a: Pecharunt
|-damage|p2a: Pecharunt|0 fnt
|faint|p2a: Pecharunt
|
|-damage|p1a: Dragonite|0 fnt|[from] psn
|faint|p1a: Dragonite
|upkeep
|
|t:|1758262836
|switch|p2a: Donphan|Donphan, M, shiny|100/100
|switch|p1a: Iron Valiant|Iron Valiant|100/100
|-activate|p1a: Iron Valiant|move: Sticky Web
|-unboost|p1a: Iron Valiant|spe|1
|-activate|p2a: Donphan|move: Sticky Web
|-unboost|p2a: Donphan|spe|1
|-enditem|p1a: Iron Valiant|Booster Energy
|-activate|p1a: Iron Valiant|ability: Quark Drive|[fromitem]
|-start|p1a: Iron Valiant|quarkdrivespa
|turn|28
|
|t:|1758262840
|move|p1a: Iron Valiant|Moonblast|p2a: Donphan
|-damage|p2a: Donphan|12/100
|-unboost|p2a: Donphan|spa|1
|move|p2a: Donphan|Rapid Spin|p1a: Iron Valiant
|-damage|p1a: Iron Valiant|84/100
|-boost|p2a: Donphan|spe|1
|-sideend|p2: Sacred Quill|Sticky Web|[from] move: Rapid Spin|[of] p2a: Donphan
|
|-heal|p2a: Donphan|18/100|[from] item: Leftovers
|upkeep
|turn|29
|
|t:|1758262848
|move|p1a: Iron Valiant|Moonblast|p2a: Donphan
|-damage|p2a: Donphan|0 fnt
|faint|p2a: Donphan
|
|upkeep
|
|t:|1758262852
|switch|p2a: Gliscor|Gliscor, F|100/100 tox
|turn|30
|
|t:|1758262858
|move|p1a: Iron Valiant|Moonblast|p2a: Gliscor
|-damage|p2a: Gliscor|50/100 tox
|move|p2a: Gliscor|Toxic|p1a: Iron Valiant
|-status|p1a: Iron Valiant|tox
|
|-damage|p1a: Iron Valiant|78/100 tox|[from] psn
|-heal|p2a: Gliscor|63/100 tox|[from] ability: Poison Heal
|upkeep
|turn|31
|
|t:|1758262865
|move|p2a: Gliscor|Protect|p2a: Gliscor
|-singleturn|p2a: Gliscor|Protect
|move|p1a: Iron Valiant|Moonblast|p2a: Gliscor
|-activate|p2a: Gliscor|move: Protect
|
|-damage|p1a: Iron Valiant|65/100 tox|[from] psn
|-heal|p2a: Gliscor|75/100 tox|[from] ability: Poison Heal
|upkeep
|turn|32
|
|t:|1758262870
|move|p1a: Iron Valiant|Moonblast|p2a: Gliscor
|-damage|p2a: Gliscor|20/100 tox
|move|p2a: Gliscor|Earthquake|p1a: Iron Valiant
|-damage|p1a: Iron Valiant|23/100 tox
|
|-damage|p1a: Iron Valiant|4/100 tox|[from] psn
|-heal|p2a: Gliscor|32/100 tox|[from] ability: Poison Heal
|upkeep
|turn|33
|
|t:|1758262873
|move|p2a: Gliscor|Protect|p2a: Gliscor
|-singleturn|p2a: Gliscor|Protect
|move|p1a: Iron Valiant|Moonblast|p2a: Gliscor
|-activate|p2a: Gliscor|move: Protect
|
|-damage|p1a: Iron Valiant|0 fnt|[from] psn
|faint|p1a: Iron Valiant
|-end|p1a: Iron Valiant|Quark Drive|[silent]
|-heal|p2a: Gliscor|45/100 tox|[from] ability: Poison Heal
|upkeep
|
|t:|1758262875
|switch|p1a: Iron Moth|Iron Moth|75/100
|-activate|p1a: Iron Moth|move: Sticky Web
|-unboost|p1a: Iron Moth|spe|1
|turn|34
|
|t:|1758262882
|move|p1a: Iron Moth|Fiery Dance|p2a: Gliscor
|-damage|p2a: Gliscor|9/100 tox
|move|p2a: Gliscor|Earthquake|p1a: Iron Moth
|-supereffective|p1a: Iron Moth
|-damage|p1a: Iron Moth|0 fnt
|faint|p1a: Iron Moth
|-end|p1a: Iron Moth|Quark Drive|[silent]
|
|win|Sacred Quill
|raw|lul nn's rating: 1280 &rarr; <strong>1258</strong><br />(-22 for losing)
|raw|Sacred Quill's rating: 1316 &rarr; <strong>1334</strong><br />(+18 for winning)
