|j|☆YumeKasumi76
|j|☆sanribos
|t:|1758274533
|gametype|singles
|player|p1|YumeKasumi76|169|1457
|player|p2|sanribos|veteran|1447
|gen|9
|tier|[Gen 9] OU
|rated|
|rule|HP Percentage Mod: HP is shown in percentages
|rule|Endless Battle Clause: Forcing endless battles is banned
|rule|Species Clause: Limit one of each Pokémon
|rule|OHKO Clause: OHKO moves are banned
|rule|Evasion Items Clause: Evasion items are banned
|rule|Evasion Moves Clause: Evasion moves are banned
|rule|Evasion Abilities Clause: Evasion abilities are banned
|rule|Sleep Moves Clause: Sleep-inducing moves are banned
|clearpoke
|poke|p1|Cobalion|
|poke|p1|Weezing-Galar, M|
|poke|p1|Lokix, F|
|poke|p1|Arboliva, M|
|poke|p1|Ceruledge, F|
|poke|p1|Latios, M|
|poke|p2|Landorus-Therian, M|
|poke|p2|Samurott-Hisui, M|
|poke|p2|Pecharunt|
|poke|p2|Scizor, M|
|poke|p2|Latios, M|
|poke|p2|Zamazenta-*|
|teampreview
|inactive|Battle timer is ON: inactive players will automatically lose when time's up. (requested by YumeKasumi76)
|
|t:|1758274547
|teamsize|p1|6
|teamsize|p2|6
|start
|switch|p1a: Iverson|Latios, M|100/100
|switch|p2a: Samurott|Samurott-Hisui, M|100/100
|turn|1
|
|t:|1758274555
|move|p1a: Iverson|Flip Turn|p2a: Samurott
|-resisted|p2a: Samurott
|-damage|p2a: Samurott|93/100
|
|t:|1758274563
|switch|p1a: M'affald|Weezing-Galar, M|100/100|[from] Flip Turn
|-ability|p1a: M'affald|Neutralizing Gas
|move|p2a: Samurott|Ceaseless Edge|p1a: M'affald
|-resisted|p1a: M'affald
|-damage|p1a: M'affald|90/100
|-sidestart|p1: YumeKasumi76|Spikes
|
|upkeep
|turn|2
|
|t:|1758274578
|switch|p2a: Pecharunt|Pecharunt|100/100
|move|p1a: M'affald|Will-O-Wisp|p2a: Pecharunt
|-status|p2a: Pecharunt|brn
|
|-damage|p2a: Pecharunt|94/100 brn|[from] brn
|upkeep
|turn|3
|
|t:|1758274598
|move|p2a: Pecharunt|Parting Shot|p1a: M'affald
|-unboost|p1a: M'affald|atk|1
|-unboost|p1a: M'affald|spa|1
|
|t:|1758274600
|switch|p2a: Latios|Latios, M|100/100|[from] Parting Shot
|move|p1a: M'affald|Defog|p2a: Latios
|-unboost|p2a: Latios|evasion|1
|-sideend|p1: YumeKasumi76|Spikes|[from] move: Defog|[of] p1a: M'affald
|
|upkeep
|turn|4
|
|t:|1758274616
|-end|p1a: M'affald|ability: Neutralizing Gas
|switch|p1a: Pantheon|Arboliva, M|100/100
|move|p2a: Latios|Calm Mind|p2a: Latios
|-boost|p2a: Latios|spa|1
|-boost|p2a: Latios|spd|1
|
|upkeep
|turn|5
|
|t:|1758274627
|move|p2a: Latios|Calm Mind|p2a: Latios
|-boost|p2a: Latios|spa|1
|-boost|p2a: Latios|spd|1
|move|p1a: Pantheon|Mirror Coat||[still]
|-fail|p1a: Pantheon
|
|upkeep
|turn|6
|
|t:|1758274633
|move|p2a: Latios|Calm Mind|p2a: Latios
|-boost|p2a: Latios|spa|1
|-boost|p2a: Latios|spd|1
|move|p1a: Pantheon|Mirror Coat||[still]
|-fail|p1a: Pantheon
|
|upkeep
|turn|7
|
|t:|1758274644
|move|p2a: Latios|Calm Mind|p2a: Latios
|-boost|p2a: Latios|spa|1
|-boost|p2a: Latios|spd|1
|move|p1a: Pantheon|Mirror Coat||[still]
|-fail|p1a: Pantheon
|
|upkeep
|turn|8
|
|t:|1758274649
|move|p2a: Latios|Calm Mind|p2a: Latios
|-boost|p2a: Latios|spa|1
|-boost|p2a: Latios|spd|1
|move|p1a: Pantheon|Mirror Coat||[still]
|-fail|p1a: Pantheon
|
|upkeep
|turn|9
|
|t:|1758274655
|move|p2a: Latios|Calm Mind|p2a: Latios
|-boost|p2a: Latios|spa|1
|-boost|p2a: Latios|spd|1
|move|p1a: Pantheon|Mirror Coat||[still]
|-fail|p1a: Pantheon
|
|upkeep
|turn|10
|
|t:|1758274658
|move|p2a: Latios|Psychic Noise|p1a: Pantheon
|-damage|p1a: Pantheon|0 fnt
|-fieldstart|move: Grassy Terrain|[from] ability: Seed Sower|[of] p1a: Pantheon
|faint|p1a: Pantheon
|
|upkeep
|
|t:|1758274661
|switch|p1a: Satsuki|Lokix, F, shiny|100/100
|turn|11
|
|t:|1758274666
|switch|p2a: Landorus|Landorus-Therian, M|100/100
|-ability|p2a: Landorus|Intimidate|boost
|-unboost|p1a: Satsuki|atk|1
|-terastallize|p1a: Satsuki|Bug
|move|p1a: Satsuki|First Impression|p2a: Landorus
|-resisted|p2a: Landorus
|-damage|p2a: Landorus|44/100
|-damage|p1a: Satsuki|84/100|[from] item: Rocky Helmet|[of] p2a: Landorus
|
|-heal|p1a: Satsuki|90/100|[from] Grassy Terrain
|upkeep
|turn|12
|
|t:|1758274673
|switch|p1a: Ironhyde|Cobalion|100/100
|move|p2a: Landorus|U-turn|p1a: Ironhyde
|-resisted|p1a: Ironhyde
|-damage|p1a: Ironhyde|97/100
|-damage|p2a: Landorus|28/100|[from] item: Rocky Helmet|[of] p1a: Ironhyde
|
|t:|1758274684
|switch|p2a: Latios|Latios, M|100/100|[from] U-turn
|
|-heal|p1a: Ironhyde|100/100|[from] Grassy Terrain
|upkeep
|turn|13
|
|t:|1758274689
|move|p1a: Ironhyde|Volt Switch|p2a: Latios
|-resisted|p2a: Latios
|-damage|p2a: Latios|93/100
|
|t:|1758274695
|switch|p1a: Jalter|Ceruledge, F|100/100|[from] Volt Switch
|move|p2a: Latios|Psychic Noise|p1a: Jalter
|-damage|p1a: Jalter|61/100
|-start|p1a: Jalter|move: Heal Block
|
|upkeep
|turn|14
|
|t:|1758274703
|switch|p2a: Samurott|Samurott-Hisui, M|93/100
|move|p1a: Jalter|Poltergeist|p2a: Samurott
|-activate|p2a: Samurott|move: Poltergeist|Assault Vest
|-resisted|p2a: Samurott
|-damage|p2a: Samurott|62/100
|
|-heal|p2a: Samurott|68/100|[from] Grassy Terrain
|-end|p1a: Jalter|move: Heal Block
|-fieldend|move: Grassy Terrain
|upkeep
|turn|15
|
|t:|1758274713
|switch|p1a: Ironhyde|Cobalion|100/100
|move|p2a: Samurott|Knock Off|p1a: Ironhyde
|-resisted|p1a: Ironhyde
|-damage|p1a: Ironhyde|84/100
|-damage|p2a: Samurott|52/100|[from] item: Rocky Helmet|[of] p1a: Ironhyde
|-ability|p1a: Ironhyde|Justified|boost
|-boost|p1a: Ironhyde|atk|1
|-enditem|p1a: Ironhyde|Rocky Helmet|[from] move: Knock Off|[of] p2a: Samurott
|
|upkeep
|turn|16
|
|t:|1758274721
|switch|p2a: Landorus|Landorus-Therian, M|28/100
|-ability|p2a: Landorus|Intimidate|boost
|-unboost|p1a: Ironhyde|atk|1
|move|p1a: Ironhyde|Stealth Rock|p2a: Landorus
|-sidestart|p2: sanribos|move: Stealth Rock
|
|upkeep
|turn|17
|
|t:|1758274728
|move|p1a: Ironhyde|Body Press|p2a: Landorus
|-resisted|p2a: Landorus
|-damage|p2a: Landorus|10/100
|-damage|p1a: Ironhyde|67/100|[from] item: Rocky Helmet|[of] p2a: Landorus
|move|p2a: Landorus|Stealth Rock|p1a: Ironhyde
|-sidestart|p1: YumeKasumi76|move: Stealth Rock
|
|upkeep
|turn|18
|
|t:|1758274735
|move|p1a: Ironhyde|Body Press|p2a: Landorus
|-resisted|p2a: Landorus
|-damage|p2a: Landorus|0 fnt
|-damage|p1a: Ironhyde|51/100|[from] item: Rocky Helmet|[of] p2a: Landorus
|faint|p2a: Landorus
|
|upkeep
|
|t:|1758274741
|switch|p2a: Pecharunt|Pecharunt|94/100 brn
|turn|19
|
|t:|1758274748
|move|p1a: Ironhyde|Steel Beam|p2a: Pecharunt
|-damage|p2a: Pecharunt|47/100 brn
|-damage|p1a: Ironhyde|1/100|[from] steelbeam
|move|p2a: Pecharunt|Hex|p1a: Ironhyde
|-damage|p1a: Ironhyde|0 fnt
|faint|p1a: Ironhyde
|
|-damage|p2a: Pecharunt|41/100 brn|[from] brn
|upkeep
|
|t:|1758274755
|switch|p1a: Satsuki|Lokix, F, shiny, tera:Bug|90/100
|-damage|p1a: Satsuki|65/100|[from] Stealth Rock
|turn|20
|
|t:|1758274764
|move|p1a: Satsuki|Knock Off|p2a: Pecharunt
|-supereffective|p2a: Pecharunt
|-damage|p2a: Pecharunt|0 fnt
|-enditem|p2a: Pecharunt|Heavy-Duty Boots|[from] move: Knock Off|[of] p1a: Satsuki
|faint|p2a: Pecharunt
|
|upkeep
|
|t:|1758274779
|switch|p2a: Zamazenta|Zamazenta|100/100
|-damage|p2a: Zamazenta|94/100|[from] Stealth Rock
|-ability|p2a: Zamazenta|Dauntless Shield|boost
|-boost|p2a: Zamazenta|def|1
|turn|21
|
|t:|1758274784
|move|p1a: Satsuki|Knock Off|p2a: Zamazenta
|-resisted|p2a: Zamazenta
|-damage|p2a: Zamazenta|60/100
|-enditem|p2a: Zamazenta|Leftovers|[from] move: Knock Off|[of] p1a: Satsuki
|move|p2a: Zamazenta|Roar|p1a: Satsuki
|drag|p1a: Jalter|Ceruledge, F|61/100
|-damage|p1a: Jalter|37/100|[from] Stealth Rock
|
|-heal|p1a: Jalter|43/100|[from] item: Leftovers
|upkeep
|turn|22
|
|t:|1758274792
|move|p2a: Zamazenta|Crunch|p1a: Jalter
|-supereffective|p1a: Jalter
|-damage|p1a: Jalter|0 fnt
|faint|p1a: Jalter
|
|upkeep
|
|t:|1758274795
|switch|p1a: M'affald|Weezing-Galar, M|90/100
|-ability|p1a: M'affald|Neutralizing Gas
|turn|23
|
|t:|1758274802
|-terastallize|p2a: Zamazenta|Fire
|move|p1a: M'affald|Sludge Bomb|p2a: Zamazenta
|-damage|p2a: Zamazenta|34/100
|move|p2a: Zamazenta|Roar|p1a: M'affald
|-end|p1a: M'affald|ability: Neutralizing Gas
|drag|p1a: Satsuki|Lokix, F, shiny, tera:Bug|65/100
|-damage|p1a: Satsuki|40/100|[from] Stealth Rock
|
|upkeep
|turn|24
|
|t:|1758274812
|move|p1a: Satsuki|First Impression|p2a: Zamazenta
|-resisted|p2a: Zamazenta
|-damage|p2a: Zamazenta|0 fnt
|faint|p2a: Zamazenta
|
|upkeep
|
|t:|1758274820
|switch|p2a: Scizor|Scizor, M|100/100
|turn|25
|
|t:|1758274826
|switch|p1a: M'affald|Weezing-Galar, M|90/100
|-ability|p1a: M'affald|Neutralizing Gas
|move|p2a: Scizor|Swords Dance|p2a: Scizor
|-boost|p2a: Scizor|atk|2
|
|upkeep
|turn|26
|
|t:|1758274831
|move|p2a: Scizor|Swords Dance|p2a: Scizor
|-boost|p2a: Scizor|atk|2
|move|p1a: M'affald|Will-O-Wisp|p2a: Scizor
|-status|p2a: Scizor|brn
|
|-damage|p2a: Scizor|94/100 brn|[from] brn
|upkeep
|turn|27
|
|t:|1758274836
|move|p2a: Scizor|Swords Dance|p2a: Scizor
|-boost|p2a: Scizor|atk|2
|move|p1a: M'affald|Pain Split|p2a: Scizor
|-sethp|p2a: Scizor|100/100 brn|[from] move: Pain Split|[silent]
|-sethp|p1a: M'affald|85/100|[from] move: Pain Split
|
|-damage|p2a: Scizor|94/100 brn|[from] brn
|upkeep
|turn|28
|
|t:|1758274840
|move|p2a: Scizor|Bullet Punch|p1a: M'affald
|-supereffective|p1a: M'affald
|-damage|p1a: M'affald|21/100
|move|p1a: M'affald|Defog|p2a: Scizor
|-unboost|p2a: Scizor|evasion|1
|-sideend|p2: sanribos|Stealth Rock|[from] move: Defog|[of] p1a: M'affald
|-sideend|p1: YumeKasumi76|Stealth Rock|[from] move: Defog|[of] p1a: M'affald
|
|-damage|p2a: Scizor|88/100 brn|[from] brn
|upkeep
|turn|29
|
|t:|1758274845
|move|p2a: Scizor|Bullet Punch|p1a: M'affald
|-supereffective|p1a: M'affald
|-damage|p1a: M'affald|0 fnt
|faint|p1a: M'affald
|-end|p1a: M'affald|ability: Neutralizing Gas
|
|-damage|p2a: Scizor|82/100 brn|[from] brn
|upkeep
|
|t:|1758274847
|switch|p1a: Satsuki|Lokix, F, shiny, tera:Bug|40/100
|turn|30
|
|t:|1758274861
|switch|p2a: Samurott|Samurott-Hisui, M|52/100
|move|p1a: Satsuki|First Impression|p2a: Samurott
|-supereffective|p2a: Samurott
|-damage|p2a: Samurott|0 fnt
|faint|p2a: Samurott
|
|upkeep
|
|t:|1758274864
|switch|p2a: Latios|Latios, M|93/100
|turn|31
|
|t:|1758274867
|switch|p1a: Iverson|Latios, M|100/100
|move|p2a: Latios|Calm Mind|p2a: Latios
|-boost|p2a: Latios|spa|1
|-boost|p2a: Latios|spd|1
|
|upkeep
|turn|32
|
|t:|1758274876
|move|p1a: Iverson|Draco Meteor|p2a: Latios
|-supereffective|p2a: Latios
|-damage|p2a: Latios|0 fnt
|-unboost|p1a: Iverson|spa|2
|faint|p2a: Latios
|
|upkeep
|
|t:|1758274882
|switch|p2a: Scizor|Scizor, M|82/100 brn
|turn|33
|
|t:|1758274886
|move|p1a: Iverson|Draco Meteor|p2a: Scizor
|-resisted|p2a: Scizor
|-damage|p2a: Scizor|57/100 brn
|-unboost|p1a: Iverson|spa|2
|move|p2a: Scizor|Swords Dance|p2a: Scizor
|-boost|p2a: Scizor|atk|2
|
|-damage|p2a: Scizor|51/100 brn|[from] brn
|upkeep
|turn|34
|-message|sanribos forfeited.
|
|win|YumeKasumi76
|raw|YumeKasumi76's rating: 1457 &rarr; <strong>1476</strong><br />(+19 for winning)
|raw|sanribos's rating: 1447 &rarr; <strong>1428</strong><br />(-19 for losing)
|l|☆YumeKasumi76
|player|p1|
|l|☆sanribos
|player|p2|
