|badge|p1|bronze|gen9monotype|100-6
|badge|p1|bronze|gen9uu|100-6
|uhtml|medal-msg|<div class="broadcast-blue">Curious what those medals under the avatar are? PS now has Ladder Seasons! For more information, check out the <a href="https://www.smogon.com/forums/threads/3740067/">thread on Smogon.</a></div>
|j|☆domingo a noite
|j|☆44iu
|t:|1758276152
|gametype|singles
|player|p1|domingo a noite|miku-ice|1666
|player|p2|44iu|170|1596
|gen|9
|tier|[Gen 9] OU
|rated|
|rule|HP Percentage Mod: HP is shown in percentages
|rule|Endless Battle Clause: Forcing endless battles is banned
|rule|Species Clause: Limit one of each Pokémon
|rule|OHKO Clause: OHKO moves are banned
|rule|Evasion Items Clause: Evasion items are banned
|rule|Evasion Moves Clause: Evasion moves are banned
|rule|Evasion Abilities Clause: Evasion abilities are banned
|rule|Sleep Moves Clause: Sleep-inducing moves are banned
|clearpoke
|poke|p1|Kyurem|
|poke|p1|Slowking-Galar, F|
|poke|p1|Landorus-Therian, M|
|poke|p1|Great Tusk|
|poke|p1|Samurott-Hisui, F|
|poke|p1|Kingambit, F|
|poke|p2|Hatterene, F|
|poke|p2|Pelipper, M|
|poke|p2|Tornadus-Therian, M|
|poke|p2|Ogerpon-Wellspring, F|
|poke|p2|Iron Valiant|
|poke|p2|Basculegion, M|
|teampreview
|inactive|Battle timer is ON: inactive players will automatically lose when time's up. (requested by 44iu)
|
|t:|1758276156
|teamsize|p1|6
|teamsize|p2|6
|start
|switch|p1a: Absolute Zero|Kyurem|100/100
|switch|p2a: Pelipper|Pelipper, M|100/100
|-ability|p1a: Absolute Zero|Pressure
|-weather|RainDance|[from] ability: Drizzle|[of] p2a: Pelipper
|turn|1
|
|t:|1758276159
|switch|p2a: Hatterene|Hatterene, F|100/100
|move|p1a: Absolute Zero|Freeze-Dry|p2a: Hatterene
|-damage|p2a: Hatterene|58/100
|-enditem|p2a: Hatterene|Eject Button
|
|t:|1758276179
|switch|p2a: Tornadus|Tornadus-Therian, M|100/100
|
|-weather|RainDance|[upkeep]
|upkeep
|turn|2
|
|t:|1758276183
|move|p2a: Tornadus|Hurricane|p1a: Absolute Zero
|-damage|p1a: Absolute Zero|32/100
|-damage|p2a: Tornadus|91/100|[from] item: Life Orb
|move|p1a: Absolute Zero|Freeze-Dry|p2a: Tornadus
|-supereffective|p2a: Tornadus
|-damage|p2a: Tornadus|0 fnt
|faint|p2a: Tornadus
|
|-weather|RainDance|[upkeep]
|upkeep
|
|t:|1758276197
|switch|p2a: Ogerpon|Ogerpon-Wellspring, F|100/100
|turn|3
|
|t:|1758276207
|switch|p1a: Grax|Great Tusk|100/100
|move|p2a: Ogerpon|Ivy Cudgel|p1a: Grax|[anim] Ivy Cudgel Water
|-supereffective|p1a: Grax
|-damage|p1a: Grax|0 fnt
|faint|p1a: Grax
|-end|p1a: Grax|Protosynthesis|[silent]
|
|-weather|RainDance|[upkeep]
|upkeep
|
|t:|1758276212
|switch|p1a: Earth|Landorus-Therian, M|100/100
|-ability|p1a: Earth|Intimidate|boost
|-unboost|p2a: Ogerpon|atk|1
|turn|4
|
|t:|1758276227
|move|p1a: Earth|U-turn|p2a: Ogerpon
|-supereffective|p2a: Ogerpon
|-damage|p2a: Ogerpon|29/100
|
|t:|1758276229
|switch|p1a: Valediction|Samurott-Hisui, F|100/100|[from] U-turn
|move|p2a: Ogerpon|Ivy Cudgel|p1a: Valediction|[anim] Ivy Cudgel Water
|-resisted|p1a: Valediction
|-damage|p1a: Valediction|70/100
|
|-weather|RainDance|[upkeep]
|upkeep
|turn|5
|inactive|44iu has 120 seconds left.
|
|t:|1758276261
|switch|p2a: Pelipper|Pelipper, M|100/100
|move|p1a: Valediction|Sucker Punch||[still]
|-fail|p1a: Valediction
|
|-weather|RainDance|[upkeep]
|upkeep
|turn|6
|inactive|44iu has 120 seconds left.
|
|t:|1758276274
|move|p1a: Valediction|Ceaseless Edge|p2a: Pelipper|[miss]
|-miss|p1a: Valediction|p2a: Pelipper
|move|p2a: Pelipper|Hurricane|p1a: Valediction
|-damage|p1a: Valediction|46/100
|-start|p1a: Valediction|confusion
|
|-weather|RainDance|[upkeep]
|upkeep
|turn|7
|
|t:|1758276282
|-activate|p1a: Valediction|confusion
|move|p1a: Valediction|Ceaseless Edge|p2a: Pelipper
|-damage|p2a: Pelipper|72/100
|-sidestart|p2: 44iu|Spikes
|move|p2a: Pelipper|U-turn|p1a: Valediction
|-supereffective|p1a: Valediction
|-damage|p1a: Valediction|27/100
|inactive|44iu has 120 seconds left.
|
|t:|1758276303
|switch|p2a: Iron Valiant|Iron Valiant|100/100|[from] U-turn
|-damage|p2a: Iron Valiant|88/100|[from] Spikes
|-enditem|p2a: Iron Valiant|Booster Energy
|-activate|p2a: Iron Valiant|ability: Quark Drive|[fromitem]
|-start|p2a: Iron Valiant|quarkdrivespe
|
|-weather|RainDance|[upkeep]
|upkeep
|turn|8
|
|t:|1758276309
|move|p2a: Iron Valiant|Knock Off|p1a: Valediction
|-resisted|p1a: Valediction
|-damage|p1a: Valediction|13/100
|-enditem|p1a: Valediction|Assault Vest|[from] move: Knock Off|[of] p2a: Iron Valiant
|-activate|p1a: Valediction|confusion
|-damage|p1a: Valediction|1/100|[from] confusion
|
|-weather|none
|upkeep
|turn|9
|
|t:|1758276313
|-end|p1a: Valediction|confusion
|move|p1a: Valediction|Aqua Jet|p2a: Iron Valiant
|-damage|p2a: Iron Valiant|67/100
|move|p2a: Iron Valiant|Knock Off|p1a: Valediction
|-resisted|p1a: Valediction
|-damage|p1a: Valediction|0 fnt
|faint|p1a: Valediction
|
|upkeep
|
|t:|1758276323
|switch|p1a: Murasama|Kingambit, F|100/100
|-activate|p1a: Murasama|ability: Supreme Overlord
|-start|p1a: Murasama|fallen2|[silent]
|turn|10
|
|t:|1758276327
|-terastallize|p1a: Murasama|Ghost
|move|p2a: Iron Valiant|Close Combat|p1a: Murasama
|-immune|p1a: Murasama
|move|p1a: Murasama|Iron Head|p2a: Iron Valiant
|-supereffective|p2a: Iron Valiant
|-damage|p2a: Iron Valiant|0 fnt
|faint|p2a: Iron Valiant
|-end|p2a: Iron Valiant|Quark Drive|[silent]
|
|upkeep
|
|t:|1758276332
|switch|p2a: Pelipper|Pelipper, M|72/100
|-weather|RainDance|[from] ability: Drizzle|[of] p2a: Pelipper
|turn|11
|
|t:|1758276346
|move|p1a: Murasama|Kowtow Cleave|p2a: Pelipper
|-damage|p2a: Pelipper|25/100
|move|p2a: Pelipper|Surf|p1a: Murasama
|-damage|p1a: Murasama|56/100
|
|-weather|RainDance|[upkeep]
|-heal|p1a: Murasama|62/100|[from] item: Leftovers
|upkeep
|turn|12
|
|t:|1758276359
|move|p1a: Murasama|Kowtow Cleave|p2a: Pelipper
|-damage|p2a: Pelipper|0 fnt
|faint|p2a: Pelipper
|
|-weather|RainDance|[upkeep]
|-heal|p1a: Murasama|68/100|[from] item: Leftovers
|upkeep
|
|t:|1758276361
|switch|p2a: Basculegion|Basculegion, M|100/100
|-damage|p2a: Basculegion|88/100|[from] Spikes
|turn|13
|inactive|domingo a noite has 120 seconds left.
|
|t:|1758276411
|-end|p1a: Murasama|fallen2|[silent]
|switch|p1a: Absolute Zero|Kyurem|32/100
|-ability|p1a: Absolute Zero|Pressure
|-terastallize|p2a: Basculegion|Water
|move|p2a: Basculegion|Liquidation|p1a: Absolute Zero
|-resisted|p1a: Absolute Zero
|-damage|p1a: Absolute Zero|0 fnt
|faint|p1a: Absolute Zero
|
|-weather|RainDance|[upkeep]
|upkeep
|
|t:|1758276420
|switch|p1a: Contagion|Slowking-Galar, F|100/100
|turn|14
|
|t:|1758276425
|move|p2a: Basculegion|Liquidation|p1a: Contagion
|-damage|p1a: Contagion|0 fnt
|faint|p1a: Contagion
|
|-weather|RainDance|[upkeep]
|upkeep
|
|t:|1758276427
|switch|p1a: Murasama|Kingambit, F, tera:Ghost|68/100
|-activate|p1a: Murasama|ability: Supreme Overlord
|-start|p1a: Murasama|fallen4|[silent]
|turn|15
|
|t:|1758276435
|-end|p1a: Murasama|fallen4|[silent]
|switch|p1a: Earth|Landorus-Therian, M|100/100
|-ability|p1a: Earth|Intimidate|boost
|-unboost|p2a: Basculegion|atk|1
|move|p2a: Basculegion|Liquidation|p1a: Earth
|-supereffective|p1a: Earth
|-damage|p1a: Earth|0 fnt
|faint|p1a: Earth
|
|-weather|RainDance|[upkeep]
|upkeep
|
|t:|1758276437
|switch|p1a: Murasama|Kingambit, F, tera:Ghost|68/100
|-activate|p1a: Murasama|ability: Supreme Overlord
|-start|p1a: Murasama|fallen5|[silent]
|turn|16
|
|t:|1758276441
|move|p1a: Murasama|Sucker Punch|p2a: Basculegion
|-damage|p2a: Basculegion|10/100
|move|p2a: Basculegion|Liquidation|p1a: Murasama
|-damage|p1a: Murasama|7/100
|
|-weather|RainDance|[upkeep]
|-heal|p1a: Murasama|13/100|[from] item: Leftovers
|upkeep
|turn|17
|
|t:|1758276449
|switch|p2a: Hatterene|Hatterene, F|58/100
|-damage|p2a: Hatterene|45/100|[from] Spikes
|move|p1a: Murasama|Sucker Punch||[still]
|-fail|p1a: Murasama
|
|-weather|RainDance|[upkeep]
|-heal|p1a: Murasama|19/100|[from] item: Leftovers
|upkeep
|turn|18
|
|t:|1758276453
|move|p1a: Murasama|Iron Head|p2a: Hatterene
|-supereffective|p2a: Hatterene
|-damage|p2a: Hatterene|0 fnt
|faint|p2a: Hatterene
|
|-weather|none
|-heal|p1a: Murasama|25/100|[from] item: Leftovers
|upkeep
|
|t:|1758276461
|switch|p2a: Ogerpon|Ogerpon-Wellspring, F|29/100
|-damage|p2a: Ogerpon|17/100|[from] Spikes
|turn|19
|
|t:|1758276467
|move|p1a: Murasama|Sucker Punch||[still]
|-fail|p1a: Murasama
|move|p2a: Ogerpon|Swords Dance|p2a: Ogerpon
|-boost|p2a: Ogerpon|atk|2
|
|-heal|p1a: Murasama|31/100|[from] item: Leftovers
|upkeep
|turn|20
|
|t:|1758276470
|move|p1a: Murasama|Sucker Punch|p2a: Ogerpon
|-damage|p2a: Ogerpon|0 fnt
|faint|p2a: Ogerpon
|
|-heal|p1a: Murasama|37/100|[from] item: Leftovers
|upkeep
|
|t:|1758276475
|switch|p2a: Basculegion|Basculegion, M, tera:Water|10/100
|-damage|p2a: Basculegion|0 fnt|[from] Spikes
|faint|p2a: Basculegion
|
|win|domingo a noite
|raw|domingo a noite's rating: 1666 &rarr; <strong>1682</strong><br />(+16 for winning)
|raw|44iu's rating: 1596 &rarr; <strong>1580</strong><br />(-16 for losing)
|l|☆44iu
|player|p2|
|l|☆domingo a noite
|player|p1|
