|j|☆EV1SU
|j|☆Bandersnatch34
|t:|1758262193
|gametype|singles
|player|p1|EV1SU|unknown|1190
|player|p2|Bandersnatch34|gardenia|1200
|gen|9
|tier|[Gen 9] OU
|rated|
|rule|HP Percentage Mod: HP is shown in percentages
|rule|Endless Battle Clause: Forcing endless battles is banned
|rule|Species Clause: Limit one of each Pokémon
|rule|OHKO Clause: OHKO moves are banned
|rule|Evasion Items Clause: Evasion items are banned
|rule|Evasion Moves Clause: Evasion moves are banned
|rule|Evasion Abilities Clause: Evasion abilities are banned
|rule|Sleep Moves Clause: Sleep-inducing moves are banned
|clearpoke
|poke|p1|Raging Bolt|
|poke|p1|Ninetales, M|
|poke|p1|Dragapult, M|
|poke|p1|Hatterene, F|
|poke|p1|Great Tusk|
|poke|p1|Walking Wake|
|poke|p2|Heatran, F|
|poke|p2|Great Tusk|
|poke|p2|Primarina, M|
|poke|p2|Gliscor, M|
|poke|p2|Alomomola, F|
|poke|p2|Munkidori, M|
|teampreview
|inactive|Battle timer is ON: inactive players will automatically lose when time's up. (requested by EV1SU)
|
|t:|1758262218
|teamsize|p1|6
|teamsize|p2|6
|start
|switch|p1a: 岩の呼吸|Great Tusk|100/100
|switch|p2a: Heatran|Heatran, F|100/100
|turn|1
|
|t:|1758262226
|-terastallize|p2a: Heatran|Grass
|move|p1a: 岩の呼吸|Stealth Rock|p2a: Heatran
|-sidestart|p2: Bandersnatch34|move: Stealth Rock
|move|p2a: Heatran|Lava Plume|p1a: 岩の呼吸
|-damage|p1a: 岩の呼吸|46/100
|
|upkeep
|turn|2
|
|t:|1758262234
|-end|p1a: 岩の呼吸|Protosynthesis|[silent]
|switch|p1a: 炎の呼吸|Ninetales, M|100/100
|-weather|SunnyDay|[from] ability: Drought|[of] p1a: 炎の呼吸
|move|p2a: Heatran|Stealth Rock|p1a: 炎の呼吸
|-sidestart|p1: EV1SU|move: Stealth Rock
|
|-weather|SunnyDay|[upkeep]
|upkeep
|turn|3
|
|t:|1758262242
|move|p1a: 炎の呼吸|Flamethrower|p2a: Heatran
|-start|p2a: Heatran|ability: Flash Fire
|move|p2a: Heatran|Lava Plume|p1a: 炎の呼吸
|-resisted|p1a: 炎の呼吸
|-damage|p1a: 炎の呼吸|59/100
|
|-weather|SunnyDay|[upkeep]
|upkeep
|turn|4
|
|t:|1758262250
|switch|p1a: 蛇の呼吸|Walking Wake|100/100
|-damage|p1a: 蛇の呼吸|88/100|[from] Stealth Rock
|-activate|p1a: 蛇の呼吸|ability: Protosynthesis
|-start|p1a: 蛇の呼吸|protosynthesisspe
|move|p2a: Heatran|Lava Plume|p1a: 蛇の呼吸
|-resisted|p1a: 蛇の呼吸
|-damage|p1a: 蛇の呼吸|66/100
|
|-weather|SunnyDay|[upkeep]
|upkeep
|turn|5
|
|t:|1758262261
|-end|p2a: Heatran|ability: Flash Fire|[silent]
|switch|p2a: Primarina|Primarina, M|100/100
|-damage|p2a: Primarina|88/100|[from] Stealth Rock
|move|p1a: 蛇の呼吸|Draco Meteor|p2a: Primarina
|-immune|p2a: Primarina
|
|-weather|SunnyDay|[upkeep]
|upkeep
|turn|6
|
|t:|1758262269
|-end|p1a: 蛇の呼吸|Protosynthesis|[silent]
|switch|p1a: 雷の呼吸|Raging Bolt|100/100
|-damage|p1a: 雷の呼吸|88/100|[from] Stealth Rock
|-activate|p1a: 雷の呼吸|ability: Protosynthesis
|-start|p1a: 雷の呼吸|protosynthesisspa
|move|p2a: Primarina|Flip Turn|p1a: 雷の呼吸
|-resisted|p1a: 雷の呼吸
|-damage|p1a: 雷の呼吸|85/100
|
|t:|1758262278
|switch|p2a: Great Tusk|Great Tusk|100/100|[from] Flip Turn
|-activate|p2a: Great Tusk|ability: Protosynthesis
|-start|p2a: Great Tusk|protosynthesisatk
|
|-weather|SunnyDay|[upkeep]
|upkeep
|turn|7
|
|t:|1758262284
|-terastallize|p1a: 雷の呼吸|Flying
|move|p2a: Great Tusk|Headlong Rush|p1a: 雷の呼吸
|-immune|p1a: 雷の呼吸
|move|p1a: 雷の呼吸|Calm Mind|p1a: 雷の呼吸
|-boost|p1a: 雷の呼吸|spa|1
|-boost|p1a: 雷の呼吸|spd|1
|
|-weather|SunnyDay|[upkeep]
|upkeep
|turn|8
|
|t:|1758262293
|move|p2a: Great Tusk|Ice Spinner|p1a: 雷の呼吸
|-supereffective|p1a: 雷の呼吸
|-damage|p1a: 雷の呼吸|20/100
|move|p1a: 雷の呼吸|Draco Meteor|p2a: Great Tusk
|-damage|p2a: Great Tusk|0 fnt
|-unboost|p1a: 雷の呼吸|spa|2
|faint|p2a: Great Tusk
|-end|p2a: Great Tusk|Protosynthesis|[silent]
|-damage|p1a: 雷の呼吸|10/100|[from] item: Life Orb
|
|-weather|SunnyDay|[upkeep]
|upkeep
|
|t:|1758262304
|switch|p2a: Munkidori|Munkidori, M|100/100
|-damage|p2a: Munkidori|88/100|[from] Stealth Rock
|turn|9
|
|t:|1758262308
|move|p1a: 雷の呼吸|Thunderclap|p2a: Munkidori
|-damage|p2a: Munkidori|33/100
|-damage|p1a: 雷の呼吸|0 fnt|[from] item: Life Orb
|faint|p1a: 雷の呼吸
|-end|p1a: 雷の呼吸|Protosynthesis|[silent]
|move|p2a: Munkidori|Psychic Noise|p1: 雷の呼吸|[notarget]
|-fail|p2a: Munkidori
|
|-weather|none
|upkeep
|
|t:|1758262313
|switch|p1a: 霞の呼吸|Dragapult, M, shiny|100/100
|-damage|p1a: 霞の呼吸|88/100|[from] Stealth Rock
|turn|10
|
|t:|1758262320
|switch|p2a: Primarina|Primarina, M|88/100
|-damage|p2a: Primarina|76/100|[from] Stealth Rock
|move|p1a: 霞の呼吸|Sucker Punch||[still]
|-fail|p1a: 霞の呼吸
|
|upkeep
|turn|11
|
|t:|1758262328
|move|p1a: 霞の呼吸|U-turn|p2a: Primarina
|-resisted|p2a: Primarina
|-damage|p2a: Primarina|61/100
|
|t:|1758262335
|switch|p1a: 炎の呼吸|Ninetales, M|59/100|[from] U-turn
|-damage|p1a: 炎の呼吸|34/100|[from] Stealth Rock
|-weather|SunnyDay|[from] ability: Drought|[of] p1a: 炎の呼吸
|move|p2a: Primarina|Draining Kiss|p1a: 炎の呼吸
|-resisted|p1a: 炎の呼吸
|-damage|p1a: 炎の呼吸|20/100
|-heal|p2a: Primarina|72/100|[from] drain|[of] p1a: 炎の呼吸
|
|-weather|SunnyDay|[upkeep]
|upkeep
|turn|12
|
|t:|1758262345
|switch|p2a: Heatran|Heatran, F, tera:Grass|100/100
|-damage|p2a: Heatran|88/100|[from] Stealth Rock
|move|p1a: 炎の呼吸|Will-O-Wisp|p2a: Heatran
|-start|p2a: Heatran|ability: Flash Fire
|
|-weather|SunnyDay|[upkeep]
|-heal|p2a: Heatran|94/100|[from] item: Leftovers
|upkeep
|turn|13
|
|t:|1758262354
|move|p1a: 炎の呼吸|Healing Wish|p1a: 炎の呼吸
|faint|p1a: 炎の呼吸
|move|p2a: Heatran|Earth Power|p1: 炎の呼吸|[notarget]
|-fail|p2a: Heatran
|
|-weather|SunnyDay|[upkeep]
|-heal|p2a: Heatran|100/100|[from] item: Leftovers
|upkeep
|
|t:|1758262360
|switch|p1a: 岩の呼吸|Great Tusk|46/100
|-heal|p1a: 岩の呼吸|100/100|[from] move: Healing Wish
|-damage|p1a: 岩の呼吸|98/100|[from] Stealth Rock
|-activate|p1a: 岩の呼吸|ability: Protosynthesis
|-start|p1a: 岩の呼吸|protosynthesisatk
|turn|14
|
|t:|1758262368
|move|p1a: 岩の呼吸|Rapid Spin|p2a: Heatran
|-damage|p2a: Heatran|80/100
|-boost|p1a: 岩の呼吸|spe|1
|-sideend|p1: EV1SU|Stealth Rock|[from] move: Rapid Spin|[of] p1a: 岩の呼吸
|move|p2a: Heatran|Lava Plume|p1a: 岩の呼吸
|-damage|p1a: 岩の呼吸|0 fnt
|faint|p1a: 岩の呼吸
|-end|p1a: 岩の呼吸|Protosynthesis|[silent]
|
|-weather|SunnyDay|[upkeep]
|-heal|p2a: Heatran|86/100|[from] item: Leftovers
|upkeep
|
|t:|1758262383
|switch|p1a: 恋の呼吸|Hatterene, F|100/100
|turn|15
|
|t:|1758262391
|move|p2a: Heatran|Lava Plume|p1a: 恋の呼吸
|-damage|p1a: 恋の呼吸|24/100
|move|p1a: 恋の呼吸|Draining Kiss|p2a: Heatran
|-damage|p2a: Heatran|72/100
|-heal|p1a: 恋の呼吸|37/100|[from] drain|[of] p2a: Heatran
|
|-weather|SunnyDay|[upkeep]
|-heal|p2a: Heatran|78/100|[from] item: Leftovers
|upkeep
|turn|16
|-message|EV1SU forfeited.
|
|win|Bandersnatch34
|raw|EV1SU's rating: 1190 &rarr; <strong>1166</strong><br />(-24 for losing)
|raw|Bandersnatch34's rating: 1200 &rarr; <strong>1224</strong><br />(+24 for winning)
|l|☆EV1SU
|player|p1|
