|j|☆peefan53
|j|☆henry151th
|t:|1758312182
|gametype|singles
|player|p1|peefan53|smasher|1564
|player|p2|henry151th|wallace|1718
|gen|9
|tier|[Gen 9] OU
|rated|
|rule|HP Percentage Mod: HP is shown in percentages
|rule|Endless Battle Clause: Forcing endless battles is banned
|rule|Species Clause: Limit one of each Pokémon
|rule|OHKO Clause: OHKO moves are banned
|rule|Evasion Items Clause: Evasion items are banned
|rule|Evasion Moves Clause: Evasion moves are banned
|rule|Evasion Abilities Clause: Evasion abilities are banned
|rule|Sleep Moves Clause: Sleep-inducing moves are banned
|clearpoke
|poke|p1|Garganacl, F|
|poke|p1|Dragapult, F|
|poke|p1|Ogerpon-Wellspring, F|
|poke|p1|Moltres|
|poke|p1|Malamar, F|
|poke|p1|Iron Treads|
|poke|p2|Great Tusk|
|poke|p2|Cinderace, F|
|poke|p2|Alomomola, F|
|poke|p2|Zapdos|
|poke|p2|Slowking-Galar, F|
|poke|p2|Iron Valiant|
|teampreview
|
|t:|1758312201
|teamsize|p1|6
|teamsize|p2|6
|start
|switch|p1a: MalaMarge|Malamar, F|100/100
|switch|p2a: Cinderace|Cinderace, F|100/100
|turn|1
|
|t:|1758312204
|switch|p1a: MoltLisa|Moltres|100/100
|move|p2a: Cinderace|U-turn|p1a: MoltLisa
|-resisted|p1a: MoltLisa
|-damage|p1a: MoltLisa|97/100
|
|t:|1758312207
|switch|p2a: Zapdos|Zapdos|100/100|[from] U-turn
|
|upkeep
|turn|2
|
|t:|1758312212
|switch|p1a: Iron Bart|Iron Treads|100/100
|move|p2a: Zapdos|Hurricane|p1a: Iron Bart
|-resisted|p1a: Iron Bart
|-damage|p1a: Iron Bart|83/100
|
|-heal|p1a: Iron Bart|89/100|[from] item: Leftovers
|upkeep
|turn|3
|
|t:|1758312218
|move|p1a: Iron Bart|Stealth Rock|p2a: Zapdos
|-sidestart|p2: henry151th|move: Stealth Rock
|move|p2a: Zapdos|Hurricane|p1a: Iron Bart
|-resisted|p1a: Iron Bart
|-damage|p1a: Iron Bart|69/100
|-start|p1a: Iron Bart|confusion
|
|-heal|p1a: Iron Bart|75/100|[from] item: Leftovers
|upkeep
|turn|4
|
|t:|1758312223
|-activate|p1a: Iron Bart|confusion
|move|p1a: Iron Bart|Knock Off|p2a: Zapdos
|-damage|p2a: Zapdos|83/100
|-damage|p1a: Iron Bart|59/100|[from] item: Rocky Helmet|[of] p2a: Zapdos
|-enditem|p2a: Zapdos|Rocky Helmet|[from] move: Knock Off|[of] p1a: Iron Bart
|move|p2a: Zapdos|Volt Switch|p1a: Iron Bart
|-immune|p1a: Iron Bart
|
|-heal|p1a: Iron Bart|65/100|[from] item: Leftovers
|upkeep
|turn|5
|
|t:|1758312232
|-activate|p1a: Iron Bart|confusion
|-damage|p1a: Iron Bart|57/100|[from] confusion
|move|p2a: Zapdos|Volt Switch|p1a: Iron Bart
|-immune|p1a: Iron Bart
|
|-heal|p1a: Iron Bart|63/100|[from] item: Leftovers
|upkeep
|turn|6
|
|t:|1758312239
|-end|p1a: Iron Bart|confusion
|move|p1a: Iron Bart|Earthquake|p2a: Zapdos
|-immune|p2a: Zapdos
|move|p2a: Zapdos|Hurricane|p1a: Iron Bart|[miss]
|-miss|p2a: Zapdos|p1a: Iron Bart
|
|-heal|p1a: Iron Bart|69/100|[from] item: Leftovers
|upkeep
|turn|7
|
|t:|1758312245
|move|p1a: Iron Bart|Stealth Rock||[still]
|-fail|p1a: Iron Bart
|move|p2a: Zapdos|Volt Switch|p1a: Iron Bart
|-immune|p1a: Iron Bart
|
|-heal|p1a: Iron Bart|76/100|[from] item: Leftovers
|upkeep
|turn|8
|
|t:|1758312247
|move|p1a: Iron Bart|Stealth Rock||[still]
|-fail|p1a: Iron Bart
|move|p2a: Zapdos|Hurricane|p1a: Iron Bart
|-resisted|p1a: Iron Bart
|-damage|p1a: Iron Bart|57/100
|
|-heal|p1a: Iron Bart|63/100|[from] item: Leftovers
|upkeep
|turn|9
|
|t:|1758312251
|-end|p1a: Iron Bart|Quark Drive|[silent]
|switch|p1a: Homernacl|Garganacl, F|100/100
|move|p2a: Zapdos|Hurricane|p1a: Homernacl
|-resisted|p1a: Homernacl
|-damage|p1a: Homernacl|86/100
|-start|p1a: Homernacl|confusion
|
|-heal|p1a: Homernacl|93/100|[from] item: Leftovers
|upkeep
|turn|10
|
|t:|1758312253
|switch|p1a: Iron Bart|Iron Treads|63/100
|move|p2a: Zapdos|Volt Switch|p1a: Iron Bart
|-immune|p1a: Iron Bart
|
|-heal|p1a: Iron Bart|69/100|[from] item: Leftovers
|upkeep
|turn|11
|
|t:|1758312256
|-end|p1a: Iron Bart|Quark Drive|[silent]
|switch|p1a: Homernacl|Garganacl, F|93/100
|move|p2a: Zapdos|Volt Switch|p1a: Homernacl
|-damage|p1a: Homernacl|72/100
|
|t:|1758312261
|switch|p2a: Great Tusk|Great Tusk|100/100|[from] Volt Switch
|-damage|p2a: Great Tusk|98/100|[from] Stealth Rock
|
|-heal|p1a: Homernacl|78/100|[from] item: Leftovers
|upkeep
|turn|12
|
|t:|1758312264
|switch|p1a: MoltLisa|Moltres|97/100
|move|p2a: Great Tusk|Rapid Spin|p1a: MoltLisa
|-crit|p1a: MoltLisa
|-damage|p1a: MoltLisa|75/100
|-boost|p2a: Great Tusk|spe|1
|-status|p2a: Great Tusk|brn|[from] ability: Flame Body|[of] p1a: MoltLisa
|-sideend|p2: henry151th|Stealth Rock|[from] move: Rapid Spin|[of] p2a: Great Tusk
|
|-damage|p2a: Great Tusk|91/100 brn|[from] brn
|upkeep
|turn|13
|
|t:|1758312267
|-end|p2a: Great Tusk|Protosynthesis|[silent]
|switch|p2a: Alomomola|Alomomola, F|100/100
|move|p1a: MoltLisa|Flamethrower|p2a: Alomomola
|-resisted|p2a: Alomomola
|-damage|p2a: Alomomola|92/100
|
|upkeep
|turn|14
|
|t:|1758312271
|switch|p1a: Ogerpon-Simpson|Ogerpon-Wellspring, F|100/100
|move|p2a: Alomomola|Body Slam|p1a: Ogerpon-Simpson
|-damage|p1a: Ogerpon-Simpson|84/100
|
|upkeep
|turn|15
|inactive|Battle timer is ON: inactive players will automatically lose when time's up. (requested by peefan53)
|l|☆henry151th
|inactive|henry151th disconnected and has a minute to reconnect!
|player|p2|
|inactive|henry151th has 30 seconds to reconnect!
|inactive|henry151th has 20 seconds to reconnect!
|inactive|henry151th has 15 seconds to reconnect!
|inactive|henry151th has 10 seconds to reconnect!
|inactive|henry151th has 5 seconds to reconnect!
|-message|henry151th lost due to inactivity.
|
|win|peefan53
|raw|peefan53's rating: 1564 &rarr; <strong>1592</strong><br />(+28 for winning)
|raw|henry151th's rating: 1718 &rarr; <strong>1690</strong><br />(-28 for losing)
|l|☆peefan53
|player|p1|
