|j|☆modegobelin
|j|☆itoshiflwr
|t:|1758303933
|gametype|singles
|player|p1|modegobelin|169|1585
|player|p2|itoshiflwr|burnet|1513
|gen|9
|tier|[Gen 9] OU
|rated|
|rule|HP Percentage Mod: HP is shown in percentages
|rule|Endless Battle Clause: Forcing endless battles is banned
|rule|Species Clause: Limit one of each Pokémon
|rule|OHKO Clause: OHKO moves are banned
|rule|Evasion Items Clause: Evasion items are banned
|rule|Evasion Moves Clause: Evasion moves are banned
|rule|Evasion Abilities Clause: Evasion abilities are banned
|rule|Sleep Moves Clause: Sleep-inducing moves are banned
|clearpoke
|poke|p1|Iron Hands|
|poke|p1|Great Tusk|
|poke|p1|Ting-Lu|
|poke|p1|Clefable, F|
|poke|p1|Hydrapple, F|
|poke|p1|Scizor, F|
|poke|p2|Dragapult, M|
|poke|p2|Glastrier|
|poke|p2|Tinkaton, F|
|poke|p2|Ting-Lu|
|poke|p2|Iron Hands|
|poke|p2|Moltres|
|teampreview
|
|t:|1758303940
|teamsize|p1|6
|teamsize|p2|6
|start
|switch|p1a: Iron Hands|Iron Hands|100/100
|switch|p2a: Iron Hands|Iron Hands|100/100
|turn|1
|
|t:|1758303944
|move|p1a: Iron Hands|Earthquake|p2a: Iron Hands
|-supereffective|p2a: Iron Hands
|-damage|p2a: Iron Hands|32/100
|move|p2a: Iron Hands|Swords Dance|p2a: Iron Hands
|-boost|p2a: Iron Hands|atk|2
|
|upkeep
|turn|2
|
|t:|1758303948
|-terastallize|p2a: Iron Hands|Flying
|move|p1a: Iron Hands|Earthquake|p2a: Iron Hands
|-immune|p2a: Iron Hands
|move|p2a: Iron Hands|Drain Punch|p1a: Iron Hands
|-damage|p1a: Iron Hands|38/100
|-heal|p2a: Iron Hands|62/100|[from] drain|[of] p1a: Iron Hands
|
|upkeep
|turn|3
|l|☆modegobelin
|player|p1|
|inactive|Battle timer is ON: inactive players will automatically lose when time's up. (requested by itoshiflwr)
|inactive|modegobelin has 30 seconds to reconnect!
|inactive|itoshiflwr has 120 seconds left.
|inactive|modegobelin has 20 seconds to reconnect!
|j|☆modegobelin
|inactive|modegobelin reconnected and has 110 seconds left.
|player|p1|modegobelin|169|
|
|t:|1758304043
|-end|p1a: Iron Hands|Quark Drive|[silent]
|switch|p1a: Clefable|Clefable, F|100/100
|-end|p2a: Iron Hands|Quark Drive|[silent]
|switch|p2a: Dragapult|Dragapult, M|100/100
|
|upkeep
|turn|4
|
|t:|1758304047
|move|p2a: Dragapult|U-turn|p1a: Clefable
|-resisted|p1a: Clefable
|-damage|p1a: Clefable|94/100
|
|t:|1758304049
|switch|p2a: Tinkaton|Tinkaton, F|100/100|[from] U-turn
|-item|p2a: Tinkaton|Air Balloon
|move|p1a: Clefable|Stealth Rock|p2a: Tinkaton
|-sidestart|p2: itoshiflwr|move: Stealth Rock
|
|upkeep
|turn|5
|
|t:|1758304055
|switch|p1a: Iron Hands|Iron Hands|38/100
|move|p2a: Tinkaton|Stealth Rock|p1a: Iron Hands
|-sidestart|p1: modegobelin|move: Stealth Rock
|
|upkeep
|turn|6
|
|t:|1758304058
|move|p2a: Tinkaton|Knock Off|p1a: Iron Hands
|-resisted|p1a: Iron Hands
|-damage|p1a: Iron Hands|32/100
|-enditem|p1a: Iron Hands|Choice Band|[from] move: Knock Off|[of] p2a: Tinkaton
|move|p1a: Iron Hands|Close Combat|p2a: Tinkaton
|-damage|p2a: Tinkaton|22/100
|-unboost|p1a: Iron Hands|def|1
|-unboost|p1a: Iron Hands|spd|1
|-enditem|p2a: Tinkaton|Air Balloon
|
|upkeep
|turn|7
|
|t:|1758304065
|move|p2a: Tinkaton|Gigaton Hammer|p1a: Iron Hands
|-resisted|p1a: Iron Hands
|-damage|p1a: Iron Hands|10/100
|move|p1a: Iron Hands|Supercell Slam|p2a: Tinkaton
|-damage|p2a: Tinkaton|0 fnt
|faint|p2a: Tinkaton
|
|upkeep
|
|t:|1758304071
|switch|p2a: Dragapult|Dragapult, M|100/100
|turn|8
|
|t:|1758304074
|-end|p1a: Iron Hands|Quark Drive|[silent]
|switch|p1a: Clefable|Clefable, F|94/100
|move|p2a: Dragapult|Hex|p1a: Clefable
|-damage|p1a: Clefable|65/100
|
|upkeep
|turn|9
|
|t:|1758304077
|move|p2a: Dragapult|Thunder Wave|p1a: Clefable
|-status|p1a: Clefable|par
|move|p1a: Clefable|Moonlight|p1a: Clefable
|-heal|p1a: Clefable|100/100 par
|
|upkeep
|turn|10
|
|t:|1758304082
|switch|p1a: Ting-Lu|Ting-Lu|100/100
|-damage|p1a: Ting-Lu|94/100|[from] Stealth Rock
|-ability|p1a: Ting-Lu|Vessel of Ruin
|move|p2a: Dragapult|Hex|p1a: Ting-Lu
|-resisted|p1a: Ting-Lu
|-damage|p1a: Ting-Lu|88/100
|
|-heal|p1a: Ting-Lu|94/100|[from] item: Leftovers
|upkeep
|turn|11
|
|t:|1758304087
|move|p2a: Dragapult|U-turn|p1a: Ting-Lu
|-supereffective|p1a: Ting-Lu
|-damage|p1a: Ting-Lu|77/100
|
|t:|1758304090
|switch|p2a: Iron Hands|Iron Hands, tera:Flying|62/100|[from] U-turn
|move|p1a: Ting-Lu|Ruination|p2a: Iron Hands
|-damage|p2a: Iron Hands|31/100
|
|-heal|p1a: Ting-Lu|83/100|[from] item: Leftovers
|upkeep
|turn|12
|
|t:|1758304094
|switch|p1a: Great Tusk|Great Tusk|100/100
|move|p2a: Iron Hands|Drain Punch|p1a: Great Tusk
|-damage|p1a: Great Tusk|66/100
|-heal|p2a: Iron Hands|44/100|[from] drain|[of] p1a: Great Tusk
|
|upkeep
|turn|13
|
|t:|1758304101
|-end|p2a: Iron Hands|Quark Drive|[silent]
|switch|p2a: Moltres|Moltres|100/100
|move|p1a: Great Tusk|Rapid Spin|p2a: Moltres
|-damage|p2a: Moltres|89/100
|-boost|p1a: Great Tusk|spe|1
|-sideend|p1: modegobelin|Stealth Rock|[from] move: Rapid Spin|[of] p1a: Great Tusk
|
|upkeep
|turn|14
|
|t:|1758304110
|-end|p1a: Great Tusk|Protosynthesis|[silent]
|switch|p1a: Clefable|Clefable, F|100/100 par
|move|p2a: Moltres|Flamethrower|p1a: Clefable
|-damage|p1a: Clefable|63/100 par
|
|upkeep
|turn|15
|
|t:|1758304115
|switch|p1a: Ting-Lu|Ting-Lu|83/100
|-ability|p1a: Ting-Lu|Vessel of Ruin
|move|p2a: Moltres|Flamethrower|p1a: Ting-Lu
|-damage|p1a: Ting-Lu|66/100
|
|-heal|p1a: Ting-Lu|73/100|[from] item: Leftovers
|upkeep
|turn|16
|
|t:|1758304119
|move|p2a: Moltres|U-turn|p1a: Ting-Lu
|-supereffective|p1a: Ting-Lu
|-damage|p1a: Ting-Lu|56/100
|
|t:|1758304122
|switch|p2a: Iron Hands|Iron Hands, tera:Flying|44/100|[from] U-turn
|move|p1a: Ting-Lu|Ruination|p2a: Iron Hands
|-damage|p2a: Iron Hands|22/100
|
|-heal|p1a: Ting-Lu|63/100|[from] item: Leftovers
|upkeep
|turn|17
|
|t:|1758304127
|switch|p1a: Great Tusk|Great Tusk|66/100
|move|p2a: Iron Hands|Drain Punch|p1a: Great Tusk
|-damage|p1a: Great Tusk|35/100
|-heal|p2a: Iron Hands|35/100|[from] drain|[of] p1a: Great Tusk
|
|upkeep
|turn|18
|
|t:|1758304134
|-end|p1a: Great Tusk|Protosynthesis|[silent]
|switch|p1a: Iron Hands|Iron Hands|10/100
|move|p2a: Iron Hands|Ice Punch|p1a: Iron Hands
|-damage|p1a: Iron Hands|0 fnt
|faint|p1a: Iron Hands
|-end|p1a: Iron Hands|Quark Drive|[silent]
|
|upkeep
|
|t:|1758304141
|switch|p1a: Scizor|Scizor, F|100/100
|turn|19
|
|t:|1758304146
|-end|p2a: Iron Hands|Quark Drive|[silent]
|switch|p2a: Ting-Lu|Ting-Lu|100/100
|-damage|p2a: Ting-Lu|94/100|[from] Stealth Rock
|-ability|p2a: Ting-Lu|Vessel of Ruin
|move|p1a: Scizor|Knock Off|p2a: Ting-Lu
|-resisted|p2a: Ting-Lu
|-damage|p2a: Ting-Lu|84/100
|-enditem|p2a: Ting-Lu|Leftovers|[from] move: Knock Off|[of] p1a: Scizor
|
|upkeep
|turn|20
|
|t:|1758304153
|move|p1a: Scizor|Close Combat|p2a: Ting-Lu
|-supereffective|p2a: Ting-Lu
|-damage|p2a: Ting-Lu|32/100
|-unboost|p1a: Scizor|def|1
|-unboost|p1a: Scizor|spd|1
|move|p2a: Ting-Lu|Spikes|p1a: Scizor
|-sidestart|p1: modegobelin|Spikes
|
|upkeep
|turn|21
|
|t:|1758304157
|move|p1a: Scizor|Knock Off|p2a: Ting-Lu
|-resisted|p2a: Ting-Lu
|-damage|p2a: Ting-Lu|25/100
|move|p2a: Ting-Lu|Earthquake|p1a: Scizor
|-damage|p1a: Scizor|39/100
|-enditem|p1a: Scizor|Sitrus Berry|[eat]
|-heal|p1a: Scizor|64/100|[from] item: Sitrus Berry
|
|upkeep
|turn|22
|
|t:|1758304163
|switch|p2a: Dragapult|Dragapult, M|100/100
|move|p1a: Scizor|U-turn|p2a: Dragapult
|-resisted|p2a: Dragapult
|-damage|p2a: Dragapult|73/100
|
|t:|1758304167
|switch|p1a: Ting-Lu|Ting-Lu|63/100|[from] U-turn
|-damage|p1a: Ting-Lu|50/100|[from] Spikes
|-ability|p1a: Ting-Lu|Vessel of Ruin
|
|-heal|p1a: Ting-Lu|56/100|[from] item: Leftovers
|upkeep
|turn|23
|
|t:|1758304174
|move|p2a: Dragapult|U-turn|p1a: Ting-Lu
|-supereffective|p1a: Ting-Lu
|-damage|p1a: Ting-Lu|39/100
|
|t:|1758304176
|switch|p2a: Iron Hands|Iron Hands, tera:Flying|35/100|[from] U-turn
|move|p1a: Ting-Lu|Ruination|p2a: Iron Hands
|-damage|p2a: Iron Hands|18/100
|
|-heal|p1a: Ting-Lu|45/100|[from] item: Leftovers
|upkeep
|turn|24
|
|t:|1758304181
|switch|p1a: Hydrapple|Hydrapple, F|100/100
|move|p2a: Iron Hands|Drain Punch|p1a: Hydrapple
|-damage|p1a: Hydrapple|73/100
|-heal|p2a: Iron Hands|29/100|[from] drain|[of] p1a: Hydrapple
|
|upkeep
|turn|25
|
|t:|1758304185
|switch|p1a: Scizor|Scizor, F|64/100
|-damage|p1a: Scizor|51/100|[from] Spikes
|move|p2a: Iron Hands|Ice Punch|p1a: Scizor
|-resisted|p1a: Scizor
|-damage|p1a: Scizor|35/100
|
|upkeep
|turn|26
|
|t:|1758304191
|-end|p2a: Iron Hands|Quark Drive|[silent]
|switch|p2a: Ting-Lu|Ting-Lu|25/100
|-damage|p2a: Ting-Lu|19/100|[from] Stealth Rock
|-ability|p2a: Ting-Lu|Vessel of Ruin
|move|p1a: Scizor|Bullet Punch|p2a: Ting-Lu
|-damage|p2a: Ting-Lu|2/100
|
|upkeep
|turn|27
|
|t:|1758304194
|move|p1a: Scizor|Knock Off|p2a: Ting-Lu
|-resisted|p2a: Ting-Lu
|-damage|p2a: Ting-Lu|0 fnt
|faint|p2a: Ting-Lu
|
|upkeep
|
|t:|1758304196
|switch|p2a: Moltres|Moltres|89/100
|turn|28
|
|t:|1758304202
|move|p2a: Moltres|Flamethrower|p1a: Scizor
|-supereffective|p1a: Scizor
|-damage|p1a: Scizor|0 fnt
|faint|p1a: Scizor
|
|upkeep
|
|t:|1758304211
|switch|p1a: Hydrapple|Hydrapple, F|100/100
|turn|29
|
|t:|1758304214
|move|p2a: Moltres|Flamethrower|p1a: Hydrapple
|-damage|p1a: Hydrapple|66/100
|move|p1a: Hydrapple|Nasty Plot|p1a: Hydrapple
|-boost|p1a: Hydrapple|spa|2
|
|upkeep
|turn|30
|
|t:|1758304221
|move|p2a: Moltres|Flamethrower|p1a: Hydrapple
|-damage|p1a: Hydrapple|29/100
|move|p1a: Hydrapple|Fickle Beam|p2a: Moltres|[anim] Fickle Beam All Out
|-activate|p1a: Hydrapple|move: Fickle Beam
|-damage|p2a: Moltres|0 fnt
|faint|p2a: Moltres
|
|upkeep
|
|t:|1758304229
|switch|p2a: Iron Hands|Iron Hands, tera:Flying|29/100
|turn|31
|
|t:|1758304246
|switch|p1a: Clefable|Clefable, F|63/100 par
|move|p2a: Iron Hands|Ice Punch|p1a: Clefable
|-crit|p1a: Clefable
|-damage|p1a: Clefable|26/100 par
|
|upkeep
|turn|32
|
|t:|1758304250
|move|p2a: Iron Hands|Ice Punch|p1a: Clefable
|-damage|p1a: Clefable|1/100 par
|move|p1a: Clefable|Moonblast|p2a: Iron Hands
|-damage|p2a: Iron Hands|0 fnt
|faint|p2a: Iron Hands
|-end|p2a: Iron Hands|Quark Drive|[silent]
|
|upkeep
|
|t:|1758304254
|switch|p2a: Glastrier|Glastrier|100/100
|turn|33
|
|t:|1758304260
|move|p2a: Glastrier|Icicle Crash|p1a: Clefable
|-damage|p1a: Clefable|0 fnt
|faint|p1a: Clefable
|-ability|p2a: Glastrier|Chilling Neigh|boost
|-boost|p2a: Glastrier|atk|1
|
|upkeep
|
|t:|1758304278
|switch|p1a: Great Tusk|Great Tusk|35/100
|turn|34
|
|t:|1758304282
|move|p1a: Great Tusk|Headlong Rush|p2a: Glastrier
|-damage|p2a: Glastrier|57/100
|-unboost|p1a: Great Tusk|def|1
|-unboost|p1a: Great Tusk|spd|1
|move|p2a: Glastrier|High Horsepower|p1a: Great Tusk
|-damage|p1a: Great Tusk|0 fnt
|faint|p1a: Great Tusk
|-end|p1a: Great Tusk|Protosynthesis|[silent]
|-ability|p2a: Glastrier|Chilling Neigh|boost
|-boost|p2a: Glastrier|atk|1
|
|upkeep
|
|t:|1758304286
|switch|p1a: Hydrapple|Hydrapple, F|62/100
|turn|35
|
|t:|1758304301
|-terastallize|p1a: Hydrapple|Fairy
|move|p2a: Glastrier|Icicle Crash|p1a: Hydrapple
|-damage|p1a: Hydrapple|7/100
|move|p1a: Hydrapple|Fickle Beam|p2a: Glastrier
|-damage|p2a: Glastrier|30/100
|
|upkeep
|turn|36
|-message|modegobelin forfeited.
|
|win|itoshiflwr
|raw|modegobelin's rating: 1585 &rarr; <strong>1561</strong><br />(-24 for losing)
|raw|itoshiflwr's rating: 1513 &rarr; <strong>1537</strong><br />(+24 for winning)
|l|☆modegobelin
|player|p1|
|l|☆itoshiflwr
|player|p2|
