|j|☆Jute main
|j|☆gossipshadow
|t:|1758301856
|gametype|singles
|player|p1|Jute main|riley|1358
|player|p2|gossipshadow|policeman-gen4|1320
|gen|9
|tier|[Gen 9] OU
|rated|
|rule|HP Percentage Mod: HP is shown in percentages
|rule|Endless Battle Clause: Forcing endless battles is banned
|rule|Species Clause: Limit one of each Pokémon
|rule|OHKO Clause: OHKO moves are banned
|rule|Evasion Items Clause: Evasion items are banned
|rule|Evasion Moves Clause: Evasion moves are banned
|rule|Evasion Abilities Clause: Evasion abilities are banned
|rule|Sleep Moves Clause: Sleep-inducing moves are banned
|clearpoke
|poke|p1|Primarina, M|
|poke|p1|Great Tusk|
|poke|p1|Clefable, M|
|poke|p1|Iron Moth|
|poke|p1|Raging Bolt|
|poke|p1|Ogerpon-Wellspring, F|
|poke|p2|Salazzle, F|
|poke|p2|Kyurem|
|poke|p2|Cacturne, F|
|poke|p2|Talonflame, F|
|poke|p2|Ting-Lu|
|poke|p2|Alomomola, M|
|teampreview
|c|☆Jute main|cool team
|c|☆Jute main|gl
|c|☆gossipshadow|cacturne
|c|☆Jute main|Cacturne is sick, so is salazle
|
|t:|1758301906
|teamsize|p1|6
|teamsize|p2|6
|start
|switch|p1a: Ogerpon|Ogerpon-Wellspring, F|100/100
|switch|p2a: Alomomola|Alomomola, M|100/100
|turn|1
|
|t:|1758301915
|move|p2a: Alomomola|Protect|p2a: Alomomola
|-singleturn|p2a: Alomomola|Protect
|move|p1a: Ogerpon|Knock Off|p2a: Alomomola
|-activate|p2a: Alomomola|move: Protect
|
|upkeep
|turn|2
|
|t:|1758301927
|switch|p2a: the turn|Cacturne, F|100/100
|move|p1a: Ogerpon|Spikes|p2a: the turn
|-sidestart|p2: gossipshadow|Spikes
|
|upkeep
|turn|3
|
|t:|1758301935
|move|p2a: the turn|Spiky Shield|p2a: the turn
|-singleturn|p2a: the turn|move: Protect
|move|p1a: Ogerpon|Knock Off|p2a: the turn
|-activate|p2a: the turn|move: Protect
|-damage|p1a: Ogerpon|88/100|[from] Spiky Shield|[of] p2a: the turn
|
|upkeep
|turn|4
|
|t:|1758301942
|move|p2a: the turn|Sucker Punch|p1a: Ogerpon
|-damage|p1a: Ogerpon|37/100
|move|p1a: Ogerpon|Superpower|p2a: the turn
|-supereffective|p2a: the turn
|-damage|p2a: the turn|0 fnt
|-unboost|p1a: Ogerpon|atk|1
|-unboost|p1a: Ogerpon|def|1
|faint|p2a: the turn
|
|upkeep
|
|t:|1758301953
|switch|p2a: Salazzle|Salazzle, F|100/100
|-damage|p2a: Salazzle|88/100|[from] Spikes
|turn|5
|
|t:|1758301969
|move|p2a: Salazzle|Flamethrower|p1a: Ogerpon
|-damage|p1a: Ogerpon|0 fnt
|faint|p1a: Ogerpon
|
|-heal|p2a: Salazzle|94/100|[from] item: Leftovers
|upkeep
|
|t:|1758301979
|switch|p1a: Raging Bolt|Raging Bolt|100/100
|turn|6
|
|t:|1758301984
|move|p2a: Salazzle|Toxic|p1a: Raging Bolt
|-status|p1a: Raging Bolt|tox
|move|p1a: Raging Bolt|Draco Meteor|p2a: Salazzle
|-damage|p2a: Salazzle|0 fnt
|-unboost|p1a: Raging Bolt|spa|2
|faint|p2a: Salazzle
|
|-damage|p1a: Raging Bolt|94/100 tox|[from] psn
|upkeep
|
|t:|1758301991
|switch|p2a: Kyurem|Kyurem|100/100
|-ability|p2a: Kyurem|Pressure
|turn|7
|
|t:|1758302001
|-terastallize|p1a: Raging Bolt|Fairy
|move|p2a: Kyurem|Substitute|p2a: Kyurem
|-start|p2a: Kyurem|Substitute
|-damage|p2a: Kyurem|76/100
|move|p1a: Raging Bolt|Draco Meteor|p2a: Kyurem
|-supereffective|p2a: Kyurem
|-end|p2a: Kyurem|Substitute
|-unboost|p1a: Raging Bolt|spa|2
|
|-damage|p1a: Raging Bolt|82/100 tox|[from] psn
|upkeep
|turn|8
|
|t:|1758302019
|-end|p1a: Raging Bolt|Protosynthesis|[silent]
|switch|p1a: Primarina|Primarina, M|100/100
|move|p2a: Kyurem|Freeze-Dry|p1a: Primarina
|-supereffective|p1a: Primarina
|-damage|p1a: Primarina|37/100
|
|-heal|p1a: Primarina|43/100|[from] item: Leftovers
|upkeep
|turn|9
|
|t:|1758302033
|move|p2a: Kyurem|Substitute|p2a: Kyurem
|-start|p2a: Kyurem|Substitute
|-damage|p2a: Kyurem|51/100
|move|p1a: Primarina|Moonblast|p2a: Kyurem
|-supereffective|p2a: Kyurem
|-end|p2a: Kyurem|Substitute
|
|-heal|p1a: Primarina|49/100|[from] item: Leftovers
|upkeep
|turn|10
|
|t:|1758302038
|move|p2a: Kyurem|Freeze-Dry|p1a: Primarina
|-supereffective|p1a: Primarina
|-damage|p1a: Primarina|0 fnt
|faint|p1a: Primarina
|
|upkeep
|
|t:|1758302041
|switch|p1a: Clefable|Clefable, M|100/100
|turn|11
|
|t:|1758302047
|switch|p2a: Alomomola|Alomomola, M|100/100
|move|p1a: Clefable|Moonblast|p2a: Alomomola
|-damage|p2a: Alomomola|62/100
|
|upkeep
|turn|12
|
|t:|1758302055
|switch|p1a: Raging Bolt|Raging Bolt, tera:Fairy|82/100 tox
|move|p2a: Alomomola|Wish|p2a: Alomomola
|
|-damage|p1a: Raging Bolt|76/100 tox|[from] psn
|upkeep
|turn|13
|
|t:|1758302069
|switch|p2a: Ting-Lu|Ting-Lu|100/100
|-damage|p2a: Ting-Lu|88/100|[from] Spikes
|-ability|p2a: Ting-Lu|Vessel of Ruin
|move|p1a: Raging Bolt|Draco Meteor|p2a: Ting-Lu
|-damage|p2a: Ting-Lu|41/100
|-unboost|p1a: Raging Bolt|spa|2
|
|-heal|p2a: Ting-Lu|93/100|[from] move: Wish|[wisher] Alomomola
|-heal|p2a: Ting-Lu|99/100|[from] item: Leftovers
|-damage|p1a: Raging Bolt|63/100 tox|[from] psn
|upkeep
|turn|14
|
|t:|1758302094
|-end|p1a: Raging Bolt|Protosynthesis|[silent]
|switch|p1a: Great Tusk|Great Tusk|100/100
|move|p2a: Ting-Lu|Ruination|p1a: Great Tusk
|-damage|p1a: Great Tusk|51/100
|
|-heal|p2a: Ting-Lu|100/100|[from] item: Leftovers
|upkeep
|turn|15
|
|t:|1758302103
|switch|p2a: Talonflame|Talonflame, F|100/100
|move|p1a: Great Tusk|Knock Off|p2a: Talonflame
|-damage|p2a: Talonflame|71/100
|-enditem|p2a: Talonflame|Heavy-Duty Boots|[from] move: Knock Off|[of] p1a: Great Tusk
|
|upkeep
|turn|16
|
|t:|1758302112
|-end|p1a: Great Tusk|Protosynthesis|[silent]
|switch|p1a: Raging Bolt|Raging Bolt, tera:Fairy|63/100 tox
|move|p2a: Talonflame|Will-O-Wisp||[still]
|-fail|p2a: Talonflame
|
|-damage|p1a: Raging Bolt|57/100 tox|[from] psn
|upkeep
|turn|17
|
|t:|1758302122
|switch|p2a: Ting-Lu|Ting-Lu|100/100
|-damage|p2a: Ting-Lu|88/100|[from] Spikes
|-ability|p2a: Ting-Lu|Vessel of Ruin
|move|p1a: Raging Bolt|Draco Meteor|p2a: Ting-Lu
|-damage|p2a: Ting-Lu|37/100
|-unboost|p1a: Raging Bolt|spa|2
|
|-heal|p2a: Ting-Lu|43/100|[from] item: Leftovers
|-damage|p1a: Raging Bolt|45/100 tox|[from] psn
|upkeep
|turn|18
|
|t:|1758302142
|-end|p1a: Raging Bolt|Protosynthesis|[silent]
|switch|p1a: Great Tusk|Great Tusk|51/100
|switch|p2a: Alomomola|Alomomola, M|95/100
|
|upkeep
|turn|19
|
|t:|1758302149
|move|p1a: Great Tusk|Knock Off|p2a: Alomomola
|-damage|p2a: Alomomola|79/100
|-enditem|p2a: Alomomola|Heavy-Duty Boots|[from] move: Knock Off|[of] p1a: Great Tusk
|move|p2a: Alomomola|Wish|p2a: Alomomola
|
|upkeep
|turn|20
|
|t:|1758302164
|move|p1a: Great Tusk|Close Combat|p2a: Alomomola
|-damage|p2a: Alomomola|46/100
|-unboost|p1a: Great Tusk|def|1
|-unboost|p1a: Great Tusk|spd|1
|move|p2a: Alomomola|Scald|p1a: Great Tusk
|-supereffective|p1a: Great Tusk
|-damage|p1a: Great Tusk|0 fnt
|faint|p1a: Great Tusk
|-end|p1a: Great Tusk|Protosynthesis|[silent]
|
|-heal|p2a: Alomomola|96/100|[from] move: Wish|[wisher] Alomomola
|upkeep
|
|t:|1758302168
|switch|p1a: Raging Bolt|Raging Bolt, tera:Fairy|45/100 tox
|turn|21
|
|t:|1758302178
|move|p2a: Alomomola|Protect|p2a: Alomomola
|-singleturn|p2a: Alomomola|Protect
|move|p1a: Raging Bolt|Draco Meteor|p2a: Alomomola
|-activate|p2a: Alomomola|move: Protect
|
|-damage|p1a: Raging Bolt|39/100 tox|[from] psn
|upkeep
|turn|22
|
|t:|1758302186
|move|p1a: Raging Bolt|Draco Meteor|p2a: Alomomola|[miss]
|-miss|p1a: Raging Bolt|p2a: Alomomola
|move|p2a: Alomomola|Wish|p2a: Alomomola
|
|-damage|p1a: Raging Bolt|26/100 tox|[from] psn
|upkeep
|turn|23
|
|t:|1758302202
|move|p1a: Raging Bolt|Draco Meteor|p2a: Alomomola
|-damage|p2a: Alomomola|0 fnt
|-unboost|p1a: Raging Bolt|spa|2
|faint|p2a: Alomomola
|
|-damage|p1a: Raging Bolt|8/100 tox|[from] psn
|upkeep
|
|t:|1758302208
|switch|p2a: Kyurem|Kyurem|51/100
|-ability|p2a: Kyurem|Pressure
|turn|24
|
|t:|1758302214
|move|p2a: Kyurem|Freeze-Dry|p1a: Raging Bolt
|-damage|p1a: Raging Bolt|0 fnt
|faint|p1a: Raging Bolt
|-end|p1a: Raging Bolt|Protosynthesis|[silent]
|
|upkeep
|
|t:|1758302221
|switch|p1a: Clefable|Clefable, M|100/100
|turn|25
|
|t:|1758302228
|switch|p2a: Talonflame|Talonflame, F|71/100
|move|p1a: Clefable|Moonblast|p2a: Talonflame
|-resisted|p2a: Talonflame
|-damage|p2a: Talonflame|50/100
|
|upkeep
|turn|26
|
|t:|1758302235
|move|p2a: Talonflame|Will-O-Wisp|p1a: Clefable
|-status|p1a: Clefable|brn
|move|p1a: Clefable|Thunder Wave|p2a: Talonflame
|-status|p2a: Talonflame|par
|
|-damage|p1a: Clefable|94/100 brn|[from] brn
|upkeep
|turn|27
|
|t:|1758302242
|move|p2a: Talonflame|Roost|p2a: Talonflame
|-heal|p2a: Talonflame|99/100 par
|-singleturn|p2a: Talonflame|move: Roost
|move|p1a: Clefable|Wish|p1a: Clefable
|
|-damage|p1a: Clefable|88/100 brn|[from] brn
|upkeep
|turn|28
|
|t:|1758302256
|move|p2a: Talonflame|U-turn|p1a: Clefable
|-resisted|p1a: Clefable
|-damage|p1a: Clefable|83/100 brn
|
|t:|1758302262
|switch|p2a: Ting-Lu|Ting-Lu|43/100|[from] U-turn
|-damage|p2a: Ting-Lu|31/100|[from] Spikes
|-ability|p2a: Ting-Lu|Vessel of Ruin
|move|p1a: Clefable|Moonblast|p2a: Ting-Lu
|-supereffective|p2a: Ting-Lu
|-damage|p2a: Ting-Lu|6/100
|-unboost|p2a: Ting-Lu|spa|1
|
|-heal|p1a: Clefable|100/100 brn|[from] move: Wish|[wisher] Clefable
|-heal|p2a: Ting-Lu|13/100|[from] item: Leftovers
|-damage|p1a: Clefable|94/100 brn|[from] brn
|upkeep
|turn|29
|
|t:|1758302277
|move|p1a: Clefable|Moonblast|p2a: Ting-Lu
|-supereffective|p2a: Ting-Lu
|-damage|p2a: Ting-Lu|0 fnt
|faint|p2a: Ting-Lu
|
|-damage|p1a: Clefable|88/100 brn|[from] brn
|upkeep
|
|t:|1758302279
|switch|p2a: Talonflame|Talonflame, F|99/100 par
|turn|30
|
|t:|1758302285
|move|p2a: Talonflame|Brave Bird|p1a: Clefable
|-damage|p1a: Clefable|63/100 brn
|-damage|p2a: Talonflame|91/100 par|[from] Recoil
|move|p1a: Clefable|Wish|p1a: Clefable
|
|-damage|p1a: Clefable|57/100 brn|[from] brn
|upkeep
|turn|31
|
|t:|1758302297
|cant|p2a: Talonflame|par
|move|p1a: Clefable|Moonblast|p2a: Talonflame
|-resisted|p2a: Talonflame
|-damage|p2a: Talonflame|71/100 par
|
|-heal|p1a: Clefable|100/100 brn|[from] move: Wish|[wisher] Clefable
|-damage|p1a: Clefable|94/100 brn|[from] brn
|upkeep
|turn|32
|
|t:|1758302312
|move|p2a: Talonflame|U-turn|p1a: Clefable
|-resisted|p1a: Clefable
|-damage|p1a: Clefable|90/100 brn
|
|t:|1758302315
|switch|p2a: Kyurem|Kyurem|51/100|[from] U-turn
|-ability|p2a: Kyurem|Pressure
|move|p1a: Clefable|Moonblast|p2a: Kyurem
|-supereffective|p2a: Kyurem
|-damage|p2a: Kyurem|0 fnt
|faint|p2a: Kyurem
|
|-damage|p1a: Clefable|83/100 brn|[from] brn
|upkeep
|-message|gossipshadow forfeited.
|
|win|Jute main
|raw|Jute main's rating: 1358 &rarr; <strong>1376</strong><br />(+18 for winning)
|raw|gossipshadow's rating: 1320 &rarr; <strong>1302</strong><br />(-18 for losing)
|l|☆gossipshadow
|player|p2|
|l|☆Jute main
|player|p1|
