|j|☆sahsingh
|j|☆Rj yoip
|t:|1758302396
|gametype|singles
|player|p1|sahsingh|101|1731
|player|p2|Rj yoip|caitlin-masters|1776
|gen|9
|tier|[Gen 9] OU
|rated|
|rule|HP Percentage Mod: HP is shown in percentages
|rule|Endless Battle Clause: Forcing endless battles is banned
|rule|Species Clause: Limit one of each Pokémon
|rule|OHKO Clause: OHKO moves are banned
|rule|Evasion Items Clause: Evasion items are banned
|rule|Evasion Moves Clause: Evasion moves are banned
|rule|Evasion Abilities Clause: Evasion abilities are banned
|rule|Sleep Moves Clause: Sleep-inducing moves are banned
|clearpoke
|poke|p1|Pelipper, F|
|poke|p1|Hatterene, F|
|poke|p1|Iron Treads|
|poke|p1|Toxicroak, F|
|poke|p1|Barraskewda, F|
|poke|p1|Zapdos|
|poke|p2|Zapdos-Galar|
|poke|p2|Darkrai|
|poke|p2|Clefable, F|
|poke|p2|Gliscor, M|
|poke|p2|Dragapult, M|
|poke|p2|Kingambit, M|
|teampreview
|inactive|Battle timer is ON: inactive players will automatically lose when time's up. (requested by Rj yoip)
|
|t:|1758302420
|teamsize|p1|6
|teamsize|p2|6
|start
|switch|p1a: Iron Treads|Iron Treads|100/100
|switch|p2a: Clefable|Clefable, F|100/100
|turn|1
|
|t:|1758302424
|move|p1a: Iron Treads|Stealth Rock|p2a: Clefable
|-sidestart|p2: Rj yoip|move: Stealth Rock
|move|p2a: Clefable|Knock Off|p1a: Iron Treads
|-damage|p1a: Iron Treads|89/100
|-enditem|p1a: Iron Treads|Leftovers|[from] move: Knock Off|[of] p2a: Clefable
|
|upkeep
|turn|2
|
|t:|1758302433
|move|p1a: Iron Treads|Volt Switch|p2a: Clefable
|-damage|p2a: Clefable|91/100
|
|t:|1758302437
|-end|p1a: Iron Treads|Quark Drive|[silent]
|switch|p1a: Hatterene|Hatterene, F|100/100|[from] Volt Switch
|move|p2a: Clefable|Stealth Rock|p1a: Hatterene
|move|p1a: Hatterene|Stealth Rock||[from] ability: Magic Bounce|[still]
|-fail|p1a: Hatterene
|
|upkeep
|turn|3
|
|t:|1758302441
|move|p2a: Clefable|Knock Off|p1a: Hatterene
|-damage|p1a: Hatterene|86/100
|-enditem|p1a: Hatterene|Eject Button|[from] move: Knock Off|[of] p2a: Clefable
|move|p1a: Hatterene|Nuzzle|p2a: Clefable
|-damage|p2a: Clefable|88/100
|-status|p2a: Clefable|par
|
|-damage|p1a: Hatterene|74/100|[from] item: Sticky Barb
|upkeep
|turn|4
|
|t:|1758302458
|move|p1a: Hatterene|Psychic Noise|p2a: Clefable
|-damage|p2a: Clefable|54/100 par
|-start|p2a: Clefable|move: Heal Block
|move|p2a: Clefable|Stealth Rock|p1a: Hatterene
|move|p1a: Hatterene|Stealth Rock||[from] ability: Magic Bounce|[still]
|-fail|p1a: Hatterene
|
|-damage|p1a: Hatterene|62/100|[from] item: Sticky Barb
|upkeep
|turn|5
|
|t:|1758302467
|switch|p2a: Gliscor|Gliscor, M|100/100
|-damage|p2a: Gliscor|88/100|[from] Stealth Rock
|move|p1a: Hatterene|Draining Kiss|p2a: Gliscor
|-damage|p2a: Gliscor|68/100
|-heal|p1a: Hatterene|79/100|[from] drain|[of] p2a: Gliscor
|
|-status|p2a: Gliscor|tox|[from] item: Toxic Orb
|-damage|p1a: Hatterene|66/100|[from] item: Sticky Barb
|upkeep
|turn|6
|
|t:|1758302474
|switch|p1a: Pelipper|Pelipper, F|100/100
|-weather|RainDance|[from] ability: Drizzle|[of] p1a: Pelipper
|move|p2a: Gliscor|Protect||[still]
|-fail|p2a: Gliscor
|
|-weather|RainDance|[upkeep]
|-heal|p2a: Gliscor|80/100 tox|[from] ability: Poison Heal
|upkeep
|turn|7
|
|t:|1758302479
|move|p2a: Gliscor|Protect|p2a: Gliscor
|-singleturn|p2a: Gliscor|Protect
|move|p1a: Pelipper|U-turn|p2a: Gliscor
|-activate|p2a: Gliscor|move: Protect
|
|-weather|RainDance|[upkeep]
|-heal|p2a: Gliscor|93/100 tox|[from] ability: Poison Heal
|upkeep
|turn|8
|
|t:|1758302481
|move|p2a: Gliscor|Toxic|p1a: Pelipper
|-status|p1a: Pelipper|tox
|move|p1a: Pelipper|U-turn|p2a: Gliscor
|-resisted|p2a: Gliscor
|-damage|p2a: Gliscor|89/100 tox
|
|t:|1758302485
|switch|p1a: Barraskewda|Barraskewda, F|100/100|[from] U-turn
|
|-weather|RainDance|[upkeep]
|-heal|p2a: Gliscor|100/100 tox|[from] ability: Poison Heal
|upkeep
|turn|9
|
|t:|1758302489
|move|p2a: Gliscor|Protect|p2a: Gliscor
|-singleturn|p2a: Gliscor|Protect
|move|p1a: Barraskewda|Flip Turn|p2a: Gliscor
|-activate|p2a: Gliscor|move: Protect
|
|-weather|RainDance|[upkeep]
|upkeep
|turn|10
|
|t:|1758302493
|switch|p2a: Clefable|Clefable, F|54/100 par
|move|p1a: Barraskewda|Flip Turn|p2a: Clefable
|-damage|p2a: Clefable|0 fnt
|faint|p2a: Clefable
|
|t:|1758302503
|switch|p1a: Zapdos|Zapdos|100/100|[from] Flip Turn
|
|-weather|RainDance|[upkeep]
|upkeep
|
|t:|1758302505
|switch|p2a: Gliscor|Gliscor, M|100/100 tox
|-damage|p2a: Gliscor|88/100 tox|[from] Stealth Rock
|turn|11
|
|t:|1758302510
|move|p2a: Gliscor|Protect|p2a: Gliscor
|-singleturn|p2a: Gliscor|Protect
|move|p1a: Zapdos|Hurricane|p2a: Gliscor
|-activate|p2a: Gliscor|move: Protect
|
|-weather|RainDance|[upkeep]
|-heal|p2a: Gliscor|100/100 tox|[from] ability: Poison Heal
|upkeep
|turn|12
|
|t:|1758302538
|move|p1a: Zapdos|Hurricane|p2a: Gliscor
|-damage|p2a: Gliscor|29/100 tox
|move|p2a: Gliscor|Toxic|p1a: Zapdos
|-status|p1a: Zapdos|tox
|
|-weather|RainDance|[upkeep]
|-damage|p1a: Zapdos|94/100 tox|[from] psn
|-heal|p2a: Gliscor|41/100 tox|[from] ability: Poison Heal
|upkeep
|turn|13
|
|t:|1758302543
|move|p2a: Gliscor|Protect|p2a: Gliscor
|-singleturn|p2a: Gliscor|Protect
|move|p1a: Zapdos|Hurricane|p2a: Gliscor
|-activate|p2a: Gliscor|move: Protect
|
|-weather|none
|-damage|p1a: Zapdos|82/100 tox|[from] psn
|-heal|p2a: Gliscor|54/100 tox|[from] ability: Poison Heal
|upkeep
|turn|14
|
|t:|1758302546
|switch|p2a: Darkrai|Darkrai|100/100
|move|p1a: Zapdos|Hurricane|p2a: Darkrai
|-damage|p2a: Darkrai|0 fnt
|faint|p2a: Darkrai
|
|-damage|p1a: Zapdos|63/100 tox|[from] psn
|upkeep
|
|t:|1758302551
|switch|p2a: Gliscor|Gliscor, M|54/100 tox
|-damage|p2a: Gliscor|41/100 tox|[from] Stealth Rock
|turn|15
|
|t:|1758302558
|switch|p1a: Pelipper|Pelipper, F|100/100 tox
|-weather|RainDance|[from] ability: Drizzle|[of] p1a: Pelipper
|move|p2a: Gliscor|Spikes|p1a: Pelipper
|-sidestart|p1: sahsingh|Spikes
|
|-weather|RainDance|[upkeep]
|-heal|p2a: Gliscor|54/100 tox|[from] ability: Poison Heal
|-damage|p1a: Pelipper|94/100 tox|[from] psn
|upkeep
|turn|16
|
|t:|1758302564
|switch|p1a: Hatterene|Hatterene, F|66/100
|-damage|p1a: Hatterene|54/100|[from] Spikes
|move|p2a: Gliscor|Protect||[still]
|-fail|p2a: Gliscor
|
|-weather|RainDance|[upkeep]
|-heal|p2a: Gliscor|66/100 tox|[from] ability: Poison Heal
|-damage|p1a: Hatterene|42/100|[from] item: Sticky Barb
|upkeep
|turn|17
|
|t:|1758302571
|move|p2a: Gliscor|Protect|p2a: Gliscor
|-singleturn|p2a: Gliscor|Protect
|move|p1a: Hatterene|Healing Wish|p1a: Hatterene
|faint|p1a: Hatterene
|
|-weather|RainDance|[upkeep]
|-heal|p2a: Gliscor|79/100 tox|[from] ability: Poison Heal
|upkeep
|
|t:|1758302578
|switch|p1a: Barraskewda|Barraskewda, F|100/100
|-damage|p1a: Barraskewda|88/100|[from] Spikes
|turn|18
|
|t:|1758302585
|-terastallize|p2a: Gliscor|Water
|move|p1a: Barraskewda|Liquidation|p2a: Gliscor
|-resisted|p2a: Gliscor
|-damage|p2a: Gliscor|40/100 tox
|-unboost|p2a: Gliscor|def|1
|move|p2a: Gliscor|Toxic|p1a: Barraskewda
|-status|p1a: Barraskewda|tox
|
|-weather|RainDance|[upkeep]
|-damage|p1a: Barraskewda|82/100 tox|[from] psn
|-heal|p2a: Gliscor|52/100 tox|[from] ability: Poison Heal
|upkeep
|turn|19
|
|t:|1758302592
|move|p1a: Barraskewda|Liquidation|p2a: Gliscor
|-resisted|p2a: Gliscor
|-damage|p2a: Gliscor|0 fnt
|faint|p2a: Gliscor
|
|-weather|RainDance|[upkeep]
|-damage|p1a: Barraskewda|70/100 tox|[from] psn
|upkeep
|
|t:|1758302594
|switch|p2a: Kingambit|Kingambit, M|100/100
|-damage|p2a: Kingambit|94/100|[from] Stealth Rock
|-activate|p2a: Kingambit|ability: Supreme Overlord
|-start|p2a: Kingambit|fallen3|[silent]
|-item|p2a: Kingambit|Air Balloon
|turn|20
|
|t:|1758302604
|switch|p1a: Toxicroak|Toxicroak, F|100/100
|-damage|p1a: Toxicroak|88/100|[from] Spikes
|-end|p2a: Kingambit|fallen3|[silent]
|switch|p2a: Dragapult|Dragapult, M|100/100
|
|-weather|RainDance|[upkeep]
|-heal|p1a: Toxicroak|100/100|[from] ability: Dry Skin
|upkeep
|turn|21
|
|t:|1758302610
|switch|p1a: Iron Treads|Iron Treads|89/100
|-heal|p1a: Iron Treads|100/100|[from] move: Healing Wish
|-damage|p1a: Iron Treads|88/100|[from] Spikes
|move|p2a: Dragapult|Will-O-Wisp|p1a: Iron Treads
|-status|p1a: Iron Treads|brn
|
|-weather|RainDance|[upkeep]
|-damage|p1a: Iron Treads|82/100 brn|[from] brn
|upkeep
|turn|22
|
|t:|1758302615
|move|p2a: Dragapult|Hex|p1a: Iron Treads
|-damage|p1a: Iron Treads|48/100 brn
|move|p1a: Iron Treads|Volt Switch|p2a: Dragapult
|-resisted|p2a: Dragapult
|-damage|p2a: Dragapult|93/100
|
|t:|1758302628
|-end|p1a: Iron Treads|Quark Drive|[silent]
|switch|p1a: Zapdos|Zapdos|63/100 tox|[from] Volt Switch
|
|-weather|none
|-damage|p1a: Zapdos|57/100 tox|[from] psn
|upkeep
|turn|23
|inactive|sahsingh has 120 seconds left.
|
|t:|1758302660
|switch|p1a: Iron Treads|Iron Treads|48/100 brn
|-damage|p1a: Iron Treads|35/100 brn|[from] Spikes
|move|p2a: Dragapult|Hex|p1a: Iron Treads
|-damage|p1a: Iron Treads|2/100 brn
|
|-damage|p1a: Iron Treads|0 fnt|[from] brn
|faint|p1a: Iron Treads
|-end|p1a: Iron Treads|Quark Drive|[silent]
|upkeep
|
|t:|1758302662
|switch|p1a: Toxicroak|Toxicroak, F|100/100
|-damage|p1a: Toxicroak|88/100|[from] Spikes
|turn|24
|
|t:|1758302669
|move|p2a: Dragapult|Will-O-Wisp|p1a: Toxicroak
|-status|p1a: Toxicroak|brn
|move|p1a: Toxicroak|Knock Off|p2a: Dragapult
|-supereffective|p2a: Dragapult
|-damage|p2a: Dragapult|65/100
|-enditem|p2a: Dragapult|Heavy-Duty Boots|[from] move: Knock Off|[of] p1a: Toxicroak
|
|-damage|p1a: Toxicroak|82/100 brn|[from] brn
|upkeep
|turn|25
|
|t:|1758302682
|switch|p1a: Pelipper|Pelipper, F|94/100 tox
|-weather|RainDance|[from] ability: Drizzle|[of] p1a: Pelipper
|move|p2a: Dragapult|Hex|p1a: Pelipper
|-damage|p1a: Pelipper|50/100 tox
|
|-weather|RainDance|[upkeep]
|-damage|p1a: Pelipper|44/100 tox|[from] psn
|upkeep
|turn|26
|
|t:|1758302686
|move|p2a: Dragapult|Hex|p1a: Pelipper
|-damage|p1a: Pelipper|5/100 tox
|move|p1a: Pelipper|U-turn|p2a: Dragapult
|-resisted|p2a: Dragapult
|-crit|p2a: Dragapult
|-damage|p2a: Dragapult|57/100
|
|t:|1758302689
|switch|p1a: Barraskewda|Barraskewda, F|70/100 tox|[from] U-turn
|-damage|p1a: Barraskewda|58/100 tox|[from] Spikes
|
|-weather|RainDance|[upkeep]
|-damage|p1a: Barraskewda|52/100 tox|[from] psn
|upkeep
|turn|27
|l|☆Rj yoip
|inactive|Rj yoip disconnected and has a minute to reconnect!
|player|p2|
|j|☆Rj yoip
|inactive|Rj yoip reconnected and has 120 seconds left.
|player|p2|Rj yoip|caitlin-masters|
|
|t:|1758302723
|move|p1a: Barraskewda|Liquidation|p2a: Dragapult
|-resisted|p2a: Dragapult
|-damage|p2a: Dragapult|0 fnt
|faint|p2a: Dragapult
|
|-weather|RainDance|[upkeep]
|-damage|p1a: Barraskewda|40/100 tox|[from] psn
|upkeep
|
|t:|1758302726
|switch|p2a: Kingambit|Kingambit, M|94/100
|-damage|p2a: Kingambit|88/100|[from] Stealth Rock
|-activate|p2a: Kingambit|ability: Supreme Overlord
|-start|p2a: Kingambit|fallen4|[silent]
|-item|p2a: Kingambit|Air Balloon
|turn|28
|
|t:|1758302732
|switch|p1a: Toxicroak|Toxicroak, F|82/100 brn
|-damage|p1a: Toxicroak|69/100 brn|[from] Spikes
|move|p2a: Kingambit|Sucker Punch||[still]
|-fail|p2a: Kingambit
|
|-weather|RainDance|[upkeep]
|-heal|p1a: Toxicroak|82/100 brn|[from] ability: Dry Skin
|-damage|p1a: Toxicroak|76/100 brn|[from] brn
|upkeep
|turn|29
|
|t:|1758302738
|-end|p2a: Kingambit|fallen4|[silent]
|switch|p2a: Zapdos|Zapdos-Galar|100/100
|-damage|p2a: Zapdos|88/100|[from] Stealth Rock
|move|p1a: Toxicroak|Knock Off|p2a: Zapdos
|-resisted|p2a: Zapdos
|-damage|p2a: Zapdos|82/100
|-enditem|p2a: Zapdos|Protective Pads|[from] move: Knock Off|[of] p1a: Toxicroak
|
|-weather|RainDance|[upkeep]
|-heal|p1a: Toxicroak|88/100 brn|[from] ability: Dry Skin
|-damage|p1a: Toxicroak|82/100 brn|[from] brn
|upkeep
|turn|30
|
|t:|1758302758
|switch|p1a: Barraskewda|Barraskewda, F|40/100 tox
|-damage|p1a: Barraskewda|27/100 tox|[from] Spikes
|move|p2a: Zapdos|Knock Off|p1a: Barraskewda
|-damage|p1a: Barraskewda|0 fnt
|-enditem|p1a: Barraskewda|Choice Band|[from] move: Knock Off|[of] p2a: Zapdos
|faint|p1a: Barraskewda
|
|-weather|RainDance|[upkeep]
|upkeep
|
|t:|1758302764
|switch|p1a: Zapdos|Zapdos|57/100 tox
|turn|31
|
|t:|1758302768
|move|p1a: Zapdos|Thunder|p2a: Zapdos
|-supereffective|p2a: Zapdos
|-damage|p2a: Zapdos|0 fnt
|faint|p2a: Zapdos
|
|-weather|RainDance|[upkeep]
|-damage|p1a: Zapdos|51/100 tox|[from] psn
|upkeep
|
|t:|1758302771
|switch|p2a: Kingambit|Kingambit, M|88/100
|-damage|p2a: Kingambit|82/100|[from] Stealth Rock
|-activate|p2a: Kingambit|ability: Supreme Overlord
|-start|p2a: Kingambit|fallen5|[silent]
|-item|p2a: Kingambit|Air Balloon
|turn|32
|
|t:|1758302773
|move|p2a: Kingambit|Sucker Punch|p1a: Zapdos
|-damage|p1a: Zapdos|0 fnt
|-status|p2a: Kingambit|par|[from] ability: Static|[of] p1a: Zapdos
|faint|p1a: Zapdos
|
|-weather|none
|upkeep
|
|t:|1758302776
|switch|p1a: Toxicroak|Toxicroak, F|82/100 brn
|-damage|p1a: Toxicroak|69/100 brn|[from] Spikes
|turn|33
|
|t:|1758302783
|switch|p1a: Pelipper|Pelipper, F|5/100 tox
|-weather|RainDance|[from] ability: Drizzle|[of] p1a: Pelipper
|move|p2a: Kingambit|Iron Head|p1a: Pelipper
|-resisted|p1a: Pelipper
|-damage|p1a: Pelipper|0 fnt
|faint|p1a: Pelipper
|
|-weather|RainDance|[upkeep]
|upkeep
|
|t:|1758302786
|switch|p1a: Toxicroak|Toxicroak, F|69/100 brn
|-damage|p1a: Toxicroak|57/100 brn|[from] Spikes
|turn|34
|
|t:|1758302788
|move|p1a: Toxicroak|Drain Punch|p2a: Kingambit
|-supereffective|p2a: Kingambit
|-damage|p2a: Kingambit|35/100 par
|-heal|p1a: Toxicroak|79/100 brn|[from] drain|[of] p2a: Kingambit
|-enditem|p2a: Kingambit|Air Balloon
|move|p2a: Kingambit|Iron Head|p1a: Toxicroak
|-damage|p1a: Toxicroak|17/100 brn
|-damage|p2a: Kingambit|18/100 par|[from] item: Rocky Helmet|[of] p1a: Toxicroak
|
|-weather|RainDance|[upkeep]
|-heal|p1a: Toxicroak|29/100 brn|[from] ability: Dry Skin
|-damage|p1a: Toxicroak|23/100 brn|[from] brn
|upkeep
|turn|35
|
|t:|1758302804
|cant|p2a: Kingambit|par
|move|p1a: Toxicroak|Toxic||[still]
|-fail|p1a: Toxicroak
|
|-weather|RainDance|[upkeep]
|-heal|p1a: Toxicroak|36/100 brn|[from] ability: Dry Skin
|-damage|p1a: Toxicroak|29/100 brn|[from] brn
|upkeep
|turn|36
|
|t:|1758302811
|move|p1a: Toxicroak|Drain Punch|p2a: Kingambit
|-supereffective|p2a: Kingambit
|-damage|p2a: Kingambit|0 fnt
|-heal|p1a: Toxicroak|38/100 brn|[from] drain|[of] p2a: Kingambit
|faint|p2a: Kingambit
|-end|p2a: Kingambit|fallen5|[silent]
|
|win|sahsingh
|raw|sahsingh's rating: 1731 &rarr; <strong>1754</strong><br />(+23 for winning)
|raw|Rj yoip's rating: 1776 &rarr; <strong>1753</strong><br />(-23 for losing)
|l|☆Rj yoip
|player|p2|
|l|☆sahsingh
|player|p1|
