|j|☆caijin
|j|☆Penguin23434
|t:|1758286586
|gametype|singles
|player|p1|caijin|bianca|1079
|player|p2|Penguin23434|lucas-gen4pt|1100
|gen|9
|tier|[Gen 9] OU
|rated|
|rule|HP Percentage Mod: HP is shown in percentages
|rule|Endless Battle Clause: Forcing endless battles is banned
|rule|Species Clause: Limit one of each Pokémon
|rule|OHKO Clause: OHKO moves are banned
|rule|Evasion Items Clause: Evasion items are banned
|rule|Evasion Moves Clause: Evasion moves are banned
|rule|Evasion Abilities Clause: Evasion abilities are banned
|rule|Sleep Moves Clause: Sleep-inducing moves are banned
|clearpoke
|poke|p1|Serperior, F|
|poke|p1|Meowstic, M|
|poke|p1|Chandelure, M|
|poke|p1|Pawmot, F|
|poke|p1|Noivern, M|
|poke|p1|Florges-Blue, F|
|poke|p2|Gliscor, M|
|poke|p2|Ogerpon-Wellspring, F|
|poke|p2|Ting-Lu|
|poke|p2|Gholdengo|
|poke|p2|Clefable, M|
|poke|p2|Zamazenta-*|
|teampreview
|inactive|Battle timer is ON: inactive players will automatically lose when time's up. (requested by caijin)
|
|t:|1758286591
|teamsize|p1|6
|teamsize|p2|6
|start
|switch|p1a: Mirror|Meowstic, M|100/100
|switch|p2a: Ogerpon|Ogerpon-Wellspring, F|100/100
|turn|1
|
|t:|1758286598
|move|p1a: Mirror|Thunder Wave|p2a: Ogerpon
|-status|p2a: Ogerpon|par
|move|p2a: Ogerpon|Swords Dance|p2a: Ogerpon
|-boost|p2a: Ogerpon|atk|2
|
|upkeep
|turn|2
|
|t:|1758286606
|move|p1a: Mirror|Reflect|p1a: Mirror
|-sidestart|p1: caijin|Reflect
|move|p2a: Ogerpon|Ivy Cudgel|p1a: Mirror|[anim] Ivy Cudgel Water
|-damage|p1a: Mirror|27/100
|
|upkeep
|turn|3
|
|t:|1758286612
|switch|p1a: Camellia|Serperior, F|100/100
|move|p2a: Ogerpon|Ivy Cudgel|p1a: Camellia|[anim] Ivy Cudgel Water
|-resisted|p1a: Camellia
|-damage|p1a: Camellia|63/100
|
|upkeep
|turn|4
|
|t:|1758286620
|move|p1a: Camellia|Bullet Seed|p2a: Ogerpon
|-damage|p2a: Ogerpon|88/100 par
|-damage|p2a: Ogerpon|76/100 par
|-crit|p2a: Ogerpon
|-damage|p2a: Ogerpon|59/100 par
|-damage|p2a: Ogerpon|47/100 par
|-damage|p2a: Ogerpon|34/100 par
|-hitcount|p2a: Ogerpon|5
|move|p2a: Ogerpon|Play Rough|p1a: Camellia
|-damage|p1a: Camellia|23/100
|
|upkeep
|turn|5
|
|t:|1758286632
|move|p1a: Camellia|Bullet Seed|p2a: Ogerpon
|-damage|p2a: Ogerpon|16/100 par
|-damage|p2a: Ogerpon|0 fnt
|faint|p2a: Ogerpon
|-hitcount|p2: Ogerpon|2
|
|upkeep
|
|t:|1758286642
|switch|p2a: Gholdengo|Gholdengo|100/100
|turn|6
|
|t:|1758286652
|switch|p1a: Mirror|Meowstic, M|27/100
|move|p2a: Gholdengo|Shadow Ball|p1a: Mirror
|-supereffective|p1a: Mirror
|-damage|p1a: Mirror|0 fnt
|faint|p1a: Mirror
|
|upkeep
|
|t:|1758286661
|switch|p1a: Apricot|Pawmot, F|100/100
|turn|7
|
|t:|1758286665
|move|p2a: Gholdengo|Shadow Ball|p1a: Apricot
|-damage|p1a: Apricot|22/100
|move|p1a: Apricot|Fire Punch|p2a: Gholdengo
|-supereffective|p2a: Gholdengo
|-damage|p2a: Gholdengo|29/100
|
|upkeep
|turn|8
|
|t:|1758286677
|move|p2a: Gholdengo|Shadow Ball|p1a: Apricot
|-damage|p1a: Apricot|0 fnt
|faint|p1a: Apricot
|
|upkeep
|
|t:|1758286683
|switch|p1a: Misty|Noivern, M|100/100
|turn|9
|
|t:|1758286688
|switch|p2a: Clefable|Clefable, M|100/100
|move|p1a: Misty|Draco Meteor|p2a: Clefable
|-immune|p2a: Clefable
|
|-sideend|p1: caijin|Reflect
|upkeep
|turn|10
|
|t:|1758286706
|move|p2a: Clefable|Calm Mind|p2a: Clefable
|-boost|p2a: Clefable|spa|1
|-boost|p2a: Clefable|spd|1
|move|p1a: Misty|Whirlwind|p2a: Clefable
|drag|p2a: Gholdengo|Gholdengo|29/100
|
|upkeep
|turn|11
|
|t:|1758286716
|move|p2a: Gholdengo|Trick|p1a: Misty
|-activate|p2a: Gholdengo|move: Trick|[of] p1a: Misty
|-item|p1a: Misty|Choice Scarf|[from] move: Trick
|-item|p2a: Gholdengo|Heavy-Duty Boots|[from] move: Trick
|move|p1a: Misty|Draco Meteor|p2a: Gholdengo
|-resisted|p2a: Gholdengo
|-damage|p2a: Gholdengo|0 fnt
|-unboost|p1a: Misty|spa|2
|faint|p2a: Gholdengo
|
|upkeep
|
|t:|1758286727
|switch|p2a: Clefable|Clefable, M|100/100
|turn|12
|
|t:|1758286732
|switch|p1a: Lisianthus|Florges-Blue, F|100/100
|move|p2a: Clefable|Calm Mind|p2a: Clefable
|-boost|p2a: Clefable|spa|1
|-boost|p2a: Clefable|spd|1
|
|upkeep
|turn|13
|
|t:|1758286744
|move|p1a: Lisianthus|Calm Mind|p1a: Lisianthus
|-boost|p1a: Lisianthus|spa|1
|-boost|p1a: Lisianthus|spd|1
|move|p2a: Clefable|Thunder Wave|p1a: Lisianthus
|-status|p1a: Lisianthus|par
|-enditem|p1a: Lisianthus|Lum Berry|[eat]
|-curestatus|p1a: Lisianthus|par|[msg]
|
|upkeep
|turn|14
|
|t:|1758286753
|-terastallize|p1a: Lisianthus|Grass
|move|p1a: Lisianthus|Calm Mind|p1a: Lisianthus
|-boost|p1a: Lisianthus|spa|1
|-boost|p1a: Lisianthus|spd|1
|move|p2a: Clefable|Thunder Wave|p1a: Lisianthus
|-block|p1a: Lisianthus|ability: Flower Veil|[of] p1a: Lisianthus
|
|upkeep
|turn|15
|
|t:|1758286767
|move|p1a: Lisianthus|Calm Mind|p1a: Lisianthus
|-boost|p1a: Lisianthus|spa|1
|-boost|p1a: Lisianthus|spd|1
|move|p2a: Clefable|Calm Mind|p2a: Clefable
|-boost|p2a: Clefable|spa|1
|-boost|p2a: Clefable|spd|1
|
|upkeep
|turn|16
|
|t:|1758286789
|move|p1a: Lisianthus|Moonblast|p2a: Clefable
|-damage|p2a: Clefable|77/100
|move|p2a: Clefable|Calm Mind|p2a: Clefable
|-boost|p2a: Clefable|spa|1
|-boost|p2a: Clefable|spd|1
|
|-heal|p2a: Clefable|83/100|[from] item: Leftovers
|upkeep
|turn|17
|
|t:|1758286798
|move|p1a: Lisianthus|Calm Mind|p1a: Lisianthus
|-boost|p1a: Lisianthus|spa|1
|-boost|p1a: Lisianthus|spd|1
|move|p2a: Clefable|Calm Mind|p2a: Clefable
|-boost|p2a: Clefable|spa|1
|-boost|p2a: Clefable|spd|1
|
|-heal|p2a: Clefable|89/100|[from] item: Leftovers
|upkeep
|turn|18
|c|☆Penguin23434|Im unaware
|
|t:|1758286815
|move|p1a: Lisianthus|Calm Mind|p1a: Lisianthus
|-boost|p1a: Lisianthus|spa|1
|-boost|p1a: Lisianthus|spd|1
|move|p2a: Clefable|Calm Mind|p2a: Clefable
|-boost|p2a: Clefable|spa|1
|-boost|p2a: Clefable|spd|1
|
|-heal|p2a: Clefable|95/100|[from] item: Leftovers
|upkeep
|turn|19
|c|☆Penguin23434|I ignore your stat boosts
|
|t:|1758286841
|move|p1a: Lisianthus|Moonblast|p2a: Clefable
|-damage|p2a: Clefable|84/100
|-unboost|p2a: Clefable|spa|1
|move|p2a: Clefable|Calm Mind|p2a: Clefable
|-boost|p2a: Clefable|spa|1
|-boost|p2a: Clefable|spd|1
|
|-heal|p2a: Clefable|90/100|[from] item: Leftovers
|upkeep
|turn|20
|
|t:|1758286852
|move|p1a: Lisianthus|Moonblast|p2a: Clefable
|-damage|p2a: Clefable|79/100
|move|p2a: Clefable|Calm Mind|p2a: Clefable
|-boost|p2a: Clefable|spa|1
|-boost|p2a: Clefable|spd|0
|
|-heal|p2a: Clefable|85/100|[from] item: Leftovers
|upkeep
|turn|21
|
|t:|1758286862
|move|p1a: Lisianthus|Calm Mind|p1a: Lisianthus
|-boost|p1a: Lisianthus|spa|1
|-boost|p1a: Lisianthus|spd|1
|move|p2a: Clefable|Moonblast|p1a: Lisianthus
|-damage|p1a: Lisianthus|2/100
|
|-heal|p2a: Clefable|91/100|[from] item: Leftovers
|upkeep
|turn|22
|
|t:|1758286873
|move|p1a: Lisianthus|Giga Drain|p2a: Clefable
|-damage|p2a: Clefable|82/100
|-heal|p1a: Lisianthus|7/100|[from] drain|[of] p2a: Clefable
|move|p2a: Clefable|Moonblast|p1a: Lisianthus
|-damage|p1a: Lisianthus|0 fnt
|faint|p1a: Lisianthus
|
|-heal|p2a: Clefable|88/100|[from] item: Leftovers
|upkeep
|
|t:|1758286887
|switch|p1a: Camellia|Serperior, F|23/100
|turn|23
|-message|caijin forfeited.
|
|win|Penguin23434
|raw|caijin's rating: 1079 &rarr; <strong>1058</strong><br />(-21 for losing)
|raw|Penguin23434's rating: 1100 &rarr; <strong>1123</strong><br />(+23 for winning)
|l|☆caijin
|player|p1|
|l|☆Penguin23434
|player|p2|
|j|☆Penguin23434
|player|p2|Penguin23434|lucas-gen4pt|
