|j|☆Trumpismessiah
|j|☆Durianelitemandem
|t:|1758247055
|gametype|singles
|player|p1|Trumpismessiah|102|1439
|player|p2|Durianelitemandem|lucas|1402
|gen|9
|tier|[Gen 9] OU
|rated|
|rule|HP Percentage Mod: HP is shown in percentages
|rule|Endless Battle Clause: Forcing endless battles is banned
|rule|Species Clause: Limit one of each Pokémon
|rule|OHKO Clause: OHKO moves are banned
|rule|Evasion Items Clause: Evasion items are banned
|rule|Evasion Moves Clause: Evasion moves are banned
|rule|Evasion Abilities Clause: Evasion abilities are banned
|rule|Sleep Moves Clause: Sleep-inducing moves are banned
|clearpoke
|poke|p1|Snorlax, F|
|poke|p1|Gengar, M|
|poke|p1|Moltres|
|poke|p1|Vileplume, F|
|poke|p1|Vaporeon, M|
|poke|p1|Sandslash-Alola, F|
|poke|p2|Lycanroc, F|
|poke|p2|Cloyster, M|
|poke|p2|Weavile, F|
|poke|p2|Oricorio-Pom-Pom, F|
|poke|p2|Iron Thorns|
|poke|p2|Krookodile, F|
|teampreview
|inactive|Battle timer is ON: inactive players will automatically lose when time's up. (requested by Durianelitemandem)
|inactive|Durianelitemandem has 120 seconds left.
|
|t:|1758247091
|teamsize|p1|6
|teamsize|p2|6
|start
|switch|p1a: Gengar|Gengar, M|100/100
|switch|p2a: Lycanroc|Lycanroc, F|100/100
|turn|1
|
|t:|1758247099
|switch|p1a: Vileplume|Vileplume, F|100/100
|move|p2a: Lycanroc|Stealth Rock|p1a: Vileplume
|-sidestart|p1: Trumpismessiah|move: Stealth Rock
|
|upkeep
|turn|2
|
|t:|1758247104
|move|p2a: Lycanroc|Taunt|p1a: Vileplume
|-start|p1a: Vileplume|move: Taunt
|cant|p1a: Vileplume|move: Taunt|Leech Seed
|
|upkeep
|turn|3
|
|t:|1758247108
|move|p2a: Lycanroc|Rock Blast|p1a: Vileplume
|-damage|p1a: Vileplume|91/100
|-damage|p1a: Vileplume|82/100
|-hitcount|p1a: Vileplume|2
|move|p1a: Vileplume|Giga Drain|p2a: Lycanroc
|-supereffective|p2a: Lycanroc
|-enditem|p2a: Lycanroc|Focus Sash
|-damage|p2a: Lycanroc|1/100
|-heal|p1a: Vileplume|100/100|[from] drain|[of] p2a: Lycanroc
|
|upkeep
|turn|4
|
|t:|1758247114
|move|p2a: Lycanroc|Endeavor|p1a: Vileplume
|-damage|p1a: Vileplume|1/100
|-damage|p2a: Lycanroc|0 fnt|[from] item: Rocky Helmet|[of] p1a: Vileplume
|faint|p2a: Lycanroc
|move|p1a: Vileplume|Giga Drain|p2: Lycanroc|[notarget]
|-fail|p1a: Vileplume
|
|-end|p1a: Vileplume|move: Taunt
|upkeep
|
|t:|1758247119
|switch|p2a: Krookodile|Krookodile, F|100/100
|turn|5
|
|t:|1758247126
|switch|p1a: Moltres|Moltres|100/100
|move|p2a: Krookodile|Stone Edge|p1a: Moltres
|-supereffective|p1a: Moltres
|-damage|p1a: Moltres|11/100
|
|upkeep
|turn|6
|
|t:|1758247132
|move|p2a: Krookodile|Stone Edge|p1a: Moltres
|-supereffective|p1a: Moltres
|-damage|p1a: Moltres|0 fnt
|faint|p1a: Moltres
|-ability|p2a: Krookodile|Moxie|boost
|-boost|p2a: Krookodile|atk|1
|
|upkeep
|
|t:|1758247148
|switch|p1a: Sandslash|Sandslash-Alola, F|100/100
|-damage|p1a: Sandslash|88/100|[from] Stealth Rock
|turn|7
|
|t:|1758247153
|move|p2a: Krookodile|Stone Edge|p1a: Sandslash
|-damage|p1a: Sandslash|51/100
|move|p1a: Sandslash|Icicle Spear|p2a: Krookodile
|-supereffective|p2a: Krookodile
|-damage|p2a: Krookodile|70/100
|-supereffective|p2a: Krookodile
|-damage|p2a: Krookodile|42/100
|-hitcount|p2a: Krookodile|2
|
|upkeep
|turn|8
|
|t:|1758247158
|move|p2a: Krookodile|Stone Edge|p1a: Sandslash
|-damage|p1a: Sandslash|9/100
|move|p1a: Sandslash|Icicle Spear|p2a: Krookodile
|-supereffective|p2a: Krookodile
|-damage|p2a: Krookodile|14/100
|-supereffective|p2a: Krookodile
|-damage|p2a: Krookodile|0 fnt
|faint|p2a: Krookodile
|-hitcount|p2: Krookodile|2
|
|upkeep
|
|t:|1758247167
|switch|p2a: Weavile|Weavile, F|100/100
|-ability|p2a: Weavile|Pressure
|turn|9
|
|t:|1758247174
|switch|p1a: Vileplume|Vileplume, F|1/100
|-damage|p1a: Vileplume|0 fnt|[from] Stealth Rock
|faint|p1a: Vileplume
|move|p2a: Weavile|Swords Dance|p2a: Weavile
|-boost|p2a: Weavile|atk|2
|
|upkeep
|
|t:|1758247185
|switch|p1a: Vaporeon|Vaporeon, M|100/100
|-damage|p1a: Vaporeon|88/100|[from] Stealth Rock
|turn|10
|
|t:|1758247196
|switch|p2a: Cloyster|Cloyster, M|100/100
|move|p1a: Vaporeon|Protect||[still]
|-fail|p1a: Vaporeon
|
|-heal|p1a: Vaporeon|94/100|[from] item: Leftovers
|upkeep
|turn|11
|
|t:|1758247201
|move|p2a: Cloyster|Shell Smash|p2a: Cloyster
|-unboost|p2a: Cloyster|def|1
|-unboost|p2a: Cloyster|spd|1
|-boost|p2a: Cloyster|atk|2
|-boost|p2a: Cloyster|spa|2
|-boost|p2a: Cloyster|spe|2
|move|p1a: Vaporeon|Scald|p2a: Cloyster
|-resisted|p2a: Cloyster
|-damage|p2a: Cloyster|36/100
|-status|p2a: Cloyster|brn
|
|-heal|p1a: Vaporeon|100/100|[from] item: Leftovers
|-damage|p2a: Cloyster|30/100 brn|[from] brn
|upkeep
|turn|12
|
|t:|1758247223
|move|p2a: Cloyster|Tera Blast|p1a: Vaporeon
|-damage|p1a: Vaporeon|84/100
|move|p1a: Vaporeon|Wish|p1a: Vaporeon
|
|-heal|p1a: Vaporeon|90/100|[from] item: Leftovers
|-damage|p2a: Cloyster|24/100 brn|[from] brn
|upkeep
|turn|13
|
|t:|1758247229
|move|p2a: Cloyster|Icicle Spear|p1a: Vaporeon
|-resisted|p1a: Vaporeon
|-damage|p1a: Vaporeon|85/100
|-resisted|p1a: Vaporeon
|-damage|p1a: Vaporeon|78/100
|-resisted|p1a: Vaporeon
|-damage|p1a: Vaporeon|72/100
|-resisted|p1a: Vaporeon
|-damage|p1a: Vaporeon|65/100
|-resisted|p1a: Vaporeon
|-damage|p1a: Vaporeon|58/100
|-hitcount|p1a: Vaporeon|5
|move|p1a: Vaporeon|Scald|p2a: Cloyster
|-resisted|p2a: Cloyster
|-damage|p2a: Cloyster|0 fnt
|faint|p2a: Cloyster
|
|-heal|p1a: Vaporeon|100/100|[from] move: Wish|[wisher] Vaporeon
|upkeep
|
|t:|1758247241
|switch|p2a: Iron Thorns|Iron Thorns|100/100
|turn|14
|
|t:|1758247247
|move|p2a: Iron Thorns|Dragon Dance|p2a: Iron Thorns
|-boost|p2a: Iron Thorns|atk|1
|-boost|p2a: Iron Thorns|spe|1
|move|p1a: Vaporeon|Scald|p2a: Iron Thorns
|-supereffective|p2a: Iron Thorns
|-damage|p2a: Iron Thorns|37/100
|-status|p2a: Iron Thorns|brn
|
|-damage|p2a: Iron Thorns|31/100 brn|[from] brn
|upkeep
|turn|15
|
|t:|1758247252
|move|p1a: Vaporeon|Protect|p1a: Vaporeon
|-singleturn|p1a: Vaporeon|Protect
|move|p2a: Iron Thorns|Rock Blast|p1a: Vaporeon
|-activate|p1a: Vaporeon|move: Protect
|
|-damage|p2a: Iron Thorns|25/100 brn|[from] brn
|upkeep
|turn|16
|
|t:|1758247256
|move|p2a: Iron Thorns|Rock Blast|p1a: Vaporeon
|-damage|p1a: Vaporeon|89/100
|-damage|p1a: Vaporeon|76/100
|-damage|p1a: Vaporeon|65/100
|-damage|p1a: Vaporeon|52/100
|-damage|p1a: Vaporeon|40/100
|-hitcount|p1a: Vaporeon|5
|move|p1a: Vaporeon|Wish|p1a: Vaporeon
|
|-heal|p1a: Vaporeon|46/100|[from] item: Leftovers
|-damage|p2a: Iron Thorns|19/100 brn|[from] brn
|upkeep
|turn|17
|
|t:|1758247264
|move|p1a: Vaporeon|Protect|p1a: Vaporeon
|-singleturn|p1a: Vaporeon|Protect
|move|p2a: Iron Thorns|Dragon Dance|p2a: Iron Thorns
|-boost|p2a: Iron Thorns|atk|1
|-boost|p2a: Iron Thorns|spe|1
|
|-heal|p1a: Vaporeon|96/100|[from] move: Wish|[wisher] Vaporeon
|-heal|p1a: Vaporeon|100/100|[from] item: Leftovers
|-damage|p2a: Iron Thorns|13/100 brn|[from] brn
|upkeep
|turn|18
|
|t:|1758247273
|move|p2a: Iron Thorns|Rock Blast|p1a: Vaporeon
|-damage|p1a: Vaporeon|83/100
|-damage|p1a: Vaporeon|68/100
|-damage|p1a: Vaporeon|52/100
|-damage|p1a: Vaporeon|36/100
|-hitcount|p1a: Vaporeon|4
|move|p1a: Vaporeon|Wish|p1a: Vaporeon
|
|-heal|p1a: Vaporeon|43/100|[from] item: Leftovers
|-damage|p2a: Iron Thorns|6/100 brn|[from] brn
|upkeep
|turn|19
|
|t:|1758247283
|move|p1a: Vaporeon|Protect|p1a: Vaporeon
|-singleturn|p1a: Vaporeon|Protect
|move|p2a: Iron Thorns|Rock Blast|p1a: Vaporeon
|-activate|p1a: Vaporeon|move: Protect
|
|-heal|p1a: Vaporeon|93/100|[from] move: Wish|[wisher] Vaporeon
|-heal|p1a: Vaporeon|99/100|[from] item: Leftovers
|-damage|p2a: Iron Thorns|0 fnt|[from] brn
|faint|p2a: Iron Thorns
|-end|p2a: Iron Thorns|Quark Drive|[silent]
|upkeep
|
|t:|1758247285
|switch|p2a: Oricorio|Oricorio-Pom-Pom, F|100/100
|turn|20
|
|t:|1758247308
|move|p2a: Oricorio|Quiver Dance|p2a: Oricorio
|-boost|p2a: Oricorio|spa|1
|-boost|p2a: Oricorio|spd|1
|-boost|p2a: Oricorio|spe|1
|move|p1a: Vaporeon|Scald|p2a: Oricorio
|-damage|p2a: Oricorio|66/100
|
|-heal|p1a: Vaporeon|100/100|[from] item: Leftovers
|upkeep
|turn|21
|
|t:|1758247315
|switch|p1a: Sandslash|Sandslash-Alola, F|9/100
|-damage|p1a: Sandslash|0 fnt|[from] Stealth Rock
|faint|p1a: Sandslash
|move|p2a: Oricorio|Quiver Dance|p2a: Oricorio
|-boost|p2a: Oricorio|spa|1
|-boost|p2a: Oricorio|spd|1
|-boost|p2a: Oricorio|spe|1
|
|upkeep
|
|t:|1758247317
|switch|p1a: Snorlax|Snorlax, F|100/100
|-damage|p1a: Snorlax|88/100|[from] Stealth Rock
|turn|22
|
|t:|1758247320
|move|p2a: Oricorio|Roost|p2a: Oricorio
|-heal|p2a: Oricorio|100/100
|-singleturn|p2a: Oricorio|move: Roost
|move|p1a: Snorlax|Body Slam|p2a: Oricorio
|-damage|p2a: Oricorio|31/100
|
|upkeep
|turn|23
|
|t:|1758247331
|move|p2a: Oricorio|Hurricane|p1a: Snorlax
|-damage|p1a: Snorlax|28/100
|move|p1a: Snorlax|Body Slam|p2a: Oricorio
|-damage|p2a: Oricorio|0 fnt
|faint|p2a: Oricorio
|
|upkeep
|
|t:|1758247336
|switch|p2a: Weavile|Weavile, F|100/100
|-ability|p2a: Weavile|Pressure
|turn|24
|-enditem|p1a: Snorlax|Custap Berry|[eat]
|-activate|p1a: Snorlax|item: Custap Berry|[consumed]
|
|t:|1758247341
|move|p1a: Snorlax|Heat Crash|p2a: Weavile
|-supereffective|p2a: Weavile
|-damage|p2a: Weavile|0 fnt
|faint|p2a: Weavile
|
|win|Trumpismessiah
|raw|Trumpismessiah's rating: 1439 &rarr; <strong>1457</strong><br />(+18 for winning)
|raw|Durianelitemandem's rating: 1402 &rarr; <strong>1384</strong><br />(-18 for losing)
|l|☆Durianelitemandem
|player|p2|
