|j|☆naxduck
|j|☆sonic superstars
|t:|1758231612
|gametype|singles
|player|p1|naxduck|dawn-gen4pt|1563
|player|p2|sonic superstars|morty-masters|1628
|gen|9
|tier|[Gen 9] OU
|rated|
|rule|HP Percentage Mod: HP is shown in percentages
|rule|Endless Battle Clause: Forcing endless battles is banned
|rule|Species Clause: Limit one of each Pokémon
|rule|OHKO Clause: OHKO moves are banned
|rule|Evasion Items Clause: Evasion items are banned
|rule|Evasion Moves Clause: Evasion moves are banned
|rule|Evasion Abilities Clause: Evasion abilities are banned
|rule|Sleep Moves Clause: Sleep-inducing moves are banned
|clearpoke
|poke|p1|Rillaboom, F|
|poke|p1|Raging Bolt|
|poke|p1|Iron Crown|
|poke|p1|Zamazenta-*|
|poke|p1|Weezing-Galar, F|
|poke|p1|Gliscor, F|
|poke|p2|Crabominable, F|
|poke|p2|Slowking-Galar, M|
|poke|p2|Hoopa-Unbound|
|poke|p2|Ursaluna, F|
|poke|p2|Hatterene, F|
|poke|p2|Kingambit, F|
|teampreview
|inactive|Battle timer is ON: inactive players will automatically lose when time's up. (requested by sonic superstars)
|inactive|naxduck also wants the timer to be on.
|
|t:|1758231624
|teamsize|p1|6
|teamsize|p2|6
|start
|switch|p1a: Iron Crown|Iron Crown|100/100
|switch|p2a: Slowking|Slowking-Galar, M|100/100
|turn|1
|
|t:|1758231629
|move|p1a: Iron Crown|Future Sight|p2a: Slowking
|-start|p1a: Iron Crown|move: Future Sight
|move|p2a: Slowking|Trick Room|p2a: Slowking
|-fieldstart|move: Trick Room|[of] p2a: Slowking
|
|upkeep
|turn|2
|
|t:|1758231632
|move|p1a: Iron Crown|Volt Switch|p2a: Slowking
|-damage|p2a: Slowking|82/100
|
|t:|1758231635
|-end|p1a: Iron Crown|Quark Drive|[silent]
|switch|p1a: Weezing|Weezing-Galar, F|100/100|[from] Volt Switch
|-ability|p1a: Weezing|Neutralizing Gas
|-prepare|p2a: Slowking|Chilly Reception|[premajor]
|move|p2a: Slowking|Chilly Reception|p2a: Slowking
|-weather|Snowscape
|
|t:|1758231650
|switch|p2a: Hoopa|Hoopa-Unbound|100/100|[from] Chilly Reception
|
|-weather|Snowscape|[upkeep]
|upkeep
|turn|3
|
|t:|1758231656
|-end|p1a: Weezing|ability: Neutralizing Gas
|switch|p1a: Iron Crown|Iron Crown|100/100
|move|p2a: Hoopa|Psychic Noise|p1a: Iron Crown
|-resisted|p1a: Iron Crown
|-damage|p1a: Iron Crown|94/100
|-start|p1a: Iron Crown|move: Heal Block
|
|-weather|Snowscape|[upkeep]
|-end|p2a: Hoopa|move: Future Sight
|-immune|p2a: Hoopa
|upkeep
|turn|4
|j| oRinNeGa7V1
|
|t:|1758231660
|-end|p1a: Iron Crown|Quark Drive|[silent]
|switch|p1a: Gliscor|Gliscor, F|100/100
|move|p2a: Hoopa|Hyperspace Fury|p1a: Gliscor
|-damage|p1a: Gliscor|50/100
|-unboost|p2a: Hoopa|def|1
|-enditem|p2a: Hoopa|Eject Pack
|j| babyshark974
|
|t:|1758231675
|switch|p2a: Crabominable|Crabominable, F|100/100
|
|-weather|Snowscape|[upkeep]
|-status|p1a: Gliscor|tox|[from] item: Toxic Orb
|upkeep
|turn|5
|
|t:|1758231684
|move|p1a: Gliscor|Protect|p1a: Gliscor
|-singleturn|p1a: Gliscor|Protect
|move|p2a: Crabominable|Ice Hammer|p1a: Gliscor
|-activate|p1a: Gliscor|move: Protect
|
|-weather|Snowscape|[upkeep]
|-heal|p1a: Gliscor|63/100 tox|[from] ability: Poison Heal
|-fieldend|move: Trick Room
|upkeep
|turn|6
|
|t:|1758231693
|switch|p1a: Zamazenta|Zamazenta|100/100
|-ability|p1a: Zamazenta|Dauntless Shield|boost
|-boost|p1a: Zamazenta|def|1
|move|p2a: Crabominable|Ice Hammer|p1a: Zamazenta
|-damage|p1a: Zamazenta|38/100
|-unboost|p2a: Crabominable|spe|1
|
|-weather|none
|upkeep
|turn|7
|
|t:|1758231706
|switch|p2a: Slowking|Slowking-Galar, M|82/100
|move|p1a: Zamazenta|Close Combat|p2a: Slowking
|-resisted|p2a: Slowking
|-damage|p2a: Slowking|69/100
|-unboost|p1a: Zamazenta|def|1
|-unboost|p1a: Zamazenta|spd|1
|-damage|p1a: Zamazenta|28/100|[from] item: Life Orb
|
|upkeep
|turn|8
|
|t:|1758231713
|move|p1a: Zamazenta|Crunch|p2a: Slowking
|-supereffective|p2a: Slowking
|-damage|p2a: Slowking|22/100
|-damage|p1a: Zamazenta|18/100|[from] item: Life Orb
|move|p2a: Slowking|Trick Room|p2a: Slowking
|-fieldstart|move: Trick Room|[of] p2a: Slowking
|
|upkeep
|turn|9
|j| a9 gay9
|inactive|sonic superstars has 120 seconds left.
|
|t:|1758231759
|switch|p1a: Iron Crown|Iron Crown|94/100
|-prepare|p2a: Slowking|Chilly Reception|[premajor]
|move|p2a: Slowking|Chilly Reception|p2a: Slowking
|-weather|Snowscape
|
|t:|1758231777
|switch|p2a: Hoopa|Hoopa-Unbound|100/100|[from] Chilly Reception
|
|-weather|Snowscape|[upkeep]
|upkeep
|turn|10
|j| lt123vbrator
|
|t:|1758231792
|-end|p1a: Iron Crown|Quark Drive|[silent]
|switch|p1a: Weezing|Weezing-Galar, F|100/100
|-ability|p1a: Weezing|Neutralizing Gas
|move|p2a: Hoopa|Psychic Noise|p1a: Weezing
|-supereffective|p1a: Weezing
|-damage|p1a: Weezing|0 fnt
|faint|p1a: Weezing
|-end|p1a: Weezing|ability: Neutralizing Gas
|-item|p2a: Hoopa|Heavy-Duty Boots|[from] ability: Magician|[of] p1: Weezing
|
|-weather|Snowscape|[upkeep]
|upkeep
|j| glass shadows
|
|t:|1758231806
|switch|p1a: Rillaboom|Rillaboom, F|100/100
|-fieldstart|move: Grassy Terrain|[from] ability: Grassy Surge|[of] p1a: Rillaboom
|turn|11
|inactive|sonic superstars has 90 seconds left.
|
|t:|1758231830
|switch|p2a: Kingambit|Kingambit, F|100/100
|move|p1a: Rillaboom|Swords Dance|p1a: Rillaboom
|-boost|p1a: Rillaboom|atk|2
|
|-weather|Snowscape|[upkeep]
|upkeep
|turn|12
|inactive|sonic superstars has 90 seconds left.
|
|t:|1758231856
|move|p2a: Kingambit|Kowtow Cleave|p1a: Rillaboom
|-damage|p1a: Rillaboom|35/100
|move|p1a: Rillaboom|U-turn|p2a: Kingambit
|-damage|p2a: Kingambit|62/100
|
|t:|1758231864
|switch|p1a: Gliscor|Gliscor, F|63/100 tox|[from] U-turn
|
|-weather|Snowscape|[upkeep]
|-heal|p2a: Kingambit|69/100|[from] Grassy Terrain
|-heal|p1a: Gliscor|75/100 tox|[from] ability: Poison Heal
|-fieldend|move: Trick Room
|upkeep
|turn|13
|c|☆sonic superstars|mf thought he was ogerpon
|
|t:|1758231871
|move|p1a: Gliscor|High Horsepower|p2a: Kingambit
|-supereffective|p2a: Kingambit
|-damage|p2a: Kingambit|23/100
|move|p2a: Kingambit|Swords Dance|p2a: Kingambit
|-boost|p2a: Kingambit|atk|2
|
|-weather|none
|-heal|p2a: Kingambit|29/100|[from] Grassy Terrain
|-heal|p1a: Gliscor|88/100 tox|[from] ability: Poison Heal
|upkeep
|turn|14
|inactive|sonic superstars has 90 seconds left.
|
|t:|1758231879
|-terastallize|p2a: Kingambit|Dark
|move|p1a: Gliscor|High Horsepower|p2a: Kingambit
|-damage|p2a: Kingambit|4/100
|move|p2a: Kingambit|Kowtow Cleave|p1a: Gliscor
|-damage|p1a: Gliscor|0 fnt
|faint|p1a: Gliscor
|
|-heal|p2a: Kingambit|10/100|[from] Grassy Terrain
|upkeep
|
|t:|1758231883
|switch|p1a: Rillaboom|Rillaboom, F|35/100
|turn|15
|
|t:|1758231891
|-end|p2a: Kingambit|fallenundefined|[silent]
|switch|p2a: Slowking|Slowking-Galar, M|56/100
|move|p1a: Rillaboom|Grassy Glide|p2a: Slowking
|-resisted|p2a: Slowking
|-damage|p2a: Slowking|40/100
|
|-heal|p1a: Rillaboom|41/100|[from] Grassy Terrain
|-heal|p2a: Slowking|46/100|[from] Grassy Terrain
|-fieldend|move: Grassy Terrain
|upkeep
|turn|16
|
|t:|1758231908
|move|p1a: Rillaboom|U-turn|p2a: Slowking
|-crit|p2a: Slowking
|-damage|p2a: Slowking|19/100
|
|t:|1758231911
|switch|p1a: Iron Crown|Iron Crown|94/100|[from] U-turn
|move|p2a: Slowking|Trick Room|p2a: Slowking
|-fieldstart|move: Trick Room|[of] p2a: Slowking
|
|upkeep
|turn|17
|
|t:|1758231914
|move|p1a: Iron Crown|Future Sight|p2a: Slowking
|-start|p1a: Iron Crown|move: Future Sight
|-prepare|p2a: Slowking|Chilly Reception|[premajor]
|move|p2a: Slowking|Chilly Reception|p2a: Slowking
|-weather|Snowscape
|
|t:|1758231918
|switch|p2a: Kingambit|Kingambit, F, tera:Dark|10/100|[from] Chilly Reception
|
|-weather|Snowscape|[upkeep]
|upkeep
|turn|18
|
|t:|1758231922
|-terastallize|p1a: Iron Crown|Fighting
|move|p2a: Kingambit|Kowtow Cleave|p1a: Iron Crown
|-resisted|p1a: Iron Crown
|-damage|p1a: Iron Crown|54/100
|move|p1a: Iron Crown|Tachyon Cutter|p2a: Kingambit
|-damage|p2a: Kingambit|0 fnt
|faint|p2a: Kingambit
|-end|p2a: Kingambit|fallenundefined|[silent]
|-hitcount|p2: Kingambit|1
|
|-weather|Snowscape|[upkeep]
|upkeep
|
|t:|1758231925
|switch|p2a: Hoopa|Hoopa-Unbound|100/100
|turn|19
|
|t:|1758231927
|move|p2a: Hoopa|Psychic Noise|p1a: Iron Crown
|-supereffective|p1a: Iron Crown
|-crit|p1a: Iron Crown
|-damage|p1a: Iron Crown|0 fnt
|faint|p1a: Iron Crown
|-end|p1a: Iron Crown|Quark Drive|[silent]
|
|-weather|Snowscape|[upkeep]
|-end|p2a: Hoopa|move: Future Sight
|-immune|p2a: Hoopa
|upkeep
|
|t:|1758231929
|switch|p1a: Raging Bolt|Raging Bolt|100/100
|turn|20
|
|t:|1758231936
|move|p2a: Hoopa|Hyperspace Fury|p1a: Raging Bolt
|-damage|p1a: Raging Bolt|36/100
|-unboost|p2a: Hoopa|def|1
|move|p1a: Raging Bolt|Volt Switch|p2a: Hoopa
|-damage|p2a: Hoopa|68/100
|
|t:|1758231942
|-end|p1a: Raging Bolt|Protosynthesis|[silent]
|switch|p1a: Rillaboom|Rillaboom, F|41/100|[from] Volt Switch
|-fieldstart|move: Grassy Terrain|[from] ability: Grassy Surge|[of] p1a: Rillaboom
|
|-weather|Snowscape|[upkeep]
|-heal|p2a: Hoopa|74/100|[from] Grassy Terrain
|-heal|p1a: Rillaboom|47/100|[from] Grassy Terrain
|-fieldend|move: Trick Room
|upkeep
|turn|21
|
|t:|1758231961
|move|p1a: Rillaboom|U-turn|p2a: Hoopa
|-supereffective|p2a: Hoopa
|-damage|p2a: Hoopa|0 fnt
|faint|p2a: Hoopa
|
|t:|1758231964
|switch|p1a: Zamazenta|Zamazenta|18/100|[from] U-turn
|
|-weather|none
|-heal|p1a: Zamazenta|24/100|[from] Grassy Terrain
|upkeep
|
|t:|1758231970
|switch|p2a: Slowking|Slowking-Galar, M|52/100
|turn|22
|
|t:|1758231992
|switch|p1a: Raging Bolt|Raging Bolt|36/100
|move|p2a: Slowking|Trick Room|p2a: Slowking
|-fieldstart|move: Trick Room|[of] p2a: Slowking
|
|-heal|p2a: Slowking|58/100|[from] Grassy Terrain
|-heal|p1a: Raging Bolt|42/100|[from] Grassy Terrain
|upkeep
|turn|23
|
|t:|1758231996
|move|p1a: Raging Bolt|Draco Meteor|p2a: Slowking
|-damage|p2a: Slowking|0 fnt
|-unboost|p1a: Raging Bolt|spa|2
|faint|p2a: Slowking
|
|-heal|p1a: Raging Bolt|48/100|[from] Grassy Terrain
|upkeep
|
|t:|1758231999
|switch|p2a: Crabominable|Crabominable, F|100/100
|turn|24
|
|t:|1758232007
|-end|p1a: Raging Bolt|Protosynthesis|[silent]
|switch|p1a: Zamazenta|Zamazenta|24/100
|move|p2a: Crabominable|Ice Hammer|p1a: Zamazenta
|-damage|p1a: Zamazenta|0 fnt
|-unboost|p2a: Crabominable|spe|1
|faint|p1a: Zamazenta
|
|-fieldend|move: Grassy Terrain
|upkeep
|
|t:|1758232009
|switch|p1a: Raging Bolt|Raging Bolt|48/100
|turn|25
|
|t:|1758232013
|move|p1a: Raging Bolt|Thunderclap|p2a: Crabominable
|-damage|p2a: Crabominable|54/100
|move|p2a: Crabominable|Ice Hammer|p1a: Raging Bolt
|-supereffective|p1a: Raging Bolt
|-damage|p1a: Raging Bolt|0 fnt
|-unboost|p2a: Crabominable|spe|1
|faint|p1a: Raging Bolt
|-end|p1a: Raging Bolt|Protosynthesis|[silent]
|
|upkeep
|
|t:|1758232014
|switch|p1a: Rillaboom|Rillaboom, F|47/100
|-fieldstart|move: Grassy Terrain|[from] ability: Grassy Surge|[of] p1a: Rillaboom
|turn|26
|
|t:|1758232021
|move|p2a: Crabominable|Ice Hammer|p1a: Rillaboom
|-supereffective|p1a: Rillaboom
|-damage|p1a: Rillaboom|0 fnt
|-unboost|p2a: Crabominable|spe|1
|faint|p1a: Rillaboom
|
|win|sonic superstars
|raw|naxduck's rating: 1563 &rarr; <strong>1547</strong><br />(-16 for losing)
|raw|sonic superstars's rating: 1628 &rarr; <strong>1644</strong><br />(+16 for winning)
|l|☆naxduck
|player|p1|
|l| a9 gay9
