|j|☆Dragondeeznauts
|j|☆mastervelyk2
|t:|1758318216
|gametype|singles
|player|p1|Dragondeeznauts|169|1294
|player|p2|mastervelyk2|iris|1290
|gen|9
|tier|[Gen 9] OU
|rated|
|rule|HP Percentage Mod: HP is shown in percentages
|rule|Endless Battle Clause: Forcing endless battles is banned
|rule|Species Clause: Limit one of each Pokémon
|rule|OHKO Clause: OHKO moves are banned
|rule|Evasion Items Clause: Evasion items are banned
|rule|Evasion Moves Clause: Evasion moves are banned
|rule|Evasion Abilities Clause: Evasion abilities are banned
|rule|Sleep Moves Clause: Sleep-inducing moves are banned
|clearpoke
|poke|p1|Volcanion|
|poke|p1|Sandy Shocks|
|poke|p1|Walking Wake|
|poke|p1|Torkoal, F|
|poke|p1|Altaria, F|
|poke|p1|Pecharunt|
|poke|p2|Polteageist|
|poke|p2|Iron Treads|
|poke|p2|Iron Valiant|
|poke|p2|Dragapult, M|
|poke|p2|Kingambit, F|
|poke|p2|Ogerpon-Wellspring, F|
|teampreview
|inactive|Battle timer is ON: inactive players will automatically lose when time's up. (requested by mastervelyk2)
|
|t:|1758318230
|teamsize|p1|6
|teamsize|p2|6
|start
|switch|p1a: Sandy Shocks|Sandy Shocks|100/100
|switch|p2a: ICBM|Iron Treads, shiny|100/100
|-enditem|p2a: ICBM|Booster Energy
|-activate|p2a: ICBM|ability: Quark Drive|[fromitem]
|-start|p2a: ICBM|quarkdrivespe
|turn|1
|
|t:|1758318244
|-end|p1a: Sandy Shocks|Protosynthesis|[silent]
|switch|p1a: Altaria|Altaria, F|100/100
|move|p2a: ICBM|Stealth Rock|p1a: Altaria
|-sidestart|p1: Dragondeeznauts|move: Stealth Rock
|
|upkeep
|turn|2
|c|☆Dragondeeznauts|What is a missile doing in pokemon
|
|t:|1758318252
|move|p2a: ICBM|Steel Beam|p1a: Altaria
|-damage|p1a: Altaria|67/100
|-damage|p2a: ICBM|50/100|[from] steelbeam
|move|p1a: Altaria|Cotton Guard|p1a: Altaria
|-boost|p1a: Altaria|def|3
|
|-heal|p1a: Altaria|73/100|[from] item: Leftovers
|upkeep
|turn|3
|
|t:|1758318257
|move|p2a: ICBM|Steel Beam|p1a: Altaria
|-damage|p1a: Altaria|39/100
|-damage|p2a: ICBM|0 fnt|[from] steelbeam
|faint|p2a: ICBM
|-end|p2a: ICBM|Quark Drive|[silent]
|move|p1a: Altaria|Dragon Dance|p1a: Altaria
|-boost|p1a: Altaria|atk|1
|-boost|p1a: Altaria|spe|1
|
|-heal|p1a: Altaria|45/100|[from] item: Leftovers
|upkeep
|
|t:|1758318262
|switch|p2a: HTTP 418|Polteageist, shiny|100/100
|turn|4
|
|t:|1758318273
|move|p1a: Altaria|Roost|p1a: Altaria
|-heal|p1a: Altaria|95/100
|-singleturn|p1a: Altaria|move: Roost
|move|p2a: HTTP 418|Shell Smash|p2a: HTTP 418
|-unboost|p2a: HTTP 418|def|1
|-unboost|p2a: HTTP 418|spd|1
|-boost|p2a: HTTP 418|atk|2
|-boost|p2a: HTTP 418|spa|2
|-boost|p2a: HTTP 418|spe|2
|
|-heal|p1a: Altaria|100/100|[from] item: Leftovers
|upkeep
|turn|5
|
|t:|1758318278
|move|p2a: HTTP 418|Stored Power|p1a: Altaria
|-damage|p1a: Altaria|23/100
|move|p1a: Altaria|Brave Bird|p2a: HTTP 418
|-enditem|p2a: HTTP 418|Focus Sash
|-damage|p2a: HTTP 418|1/100
|-ability|p2a: HTTP 418|Weak Armor|boost
|-unboost|p2a: HTTP 418|def|1
|-boost|p2a: HTTP 418|spe|2
|-damage|p1a: Altaria|0 fnt|[from] Recoil
|faint|p1a: Altaria
|
|upkeep
|
|t:|1758318293
|switch|p1a: Torkoal|Torkoal, F|100/100
|-weather|SunnyDay|[from] ability: Drought|[of] p1a: Torkoal
|turn|6
|
|t:|1758318296
|move|p2a: HTTP 418|Stored Power|p1a: Torkoal
|-damage|p1a: Torkoal|0 fnt
|faint|p1a: Torkoal
|
|-weather|SunnyDay|[upkeep]
|upkeep
|
|t:|1758318298
|switch|p1a: Sandy Shocks|Sandy Shocks|100/100
|-damage|p1a: Sandy Shocks|94/100|[from] Stealth Rock
|-activate|p1a: Sandy Shocks|ability: Protosynthesis
|-start|p1a: Sandy Shocks|protosynthesisspa
|turn|7
|
|t:|1758318302
|move|p2a: HTTP 418|Stored Power|p1a: Sandy Shocks
|-damage|p1a: Sandy Shocks|0 fnt
|faint|p1a: Sandy Shocks
|-end|p1a: Sandy Shocks|Protosynthesis|[silent]
|
|-weather|SunnyDay|[upkeep]
|upkeep
|
|t:|1758318305
|switch|p1a: Volcanion|Volcanion|100/100
|-damage|p1a: Volcanion|76/100|[from] Stealth Rock
|turn|8
|
|t:|1758318306
|move|p2a: HTTP 418|Stored Power|p1a: Volcanion
|-damage|p1a: Volcanion|0 fnt
|faint|p1a: Volcanion
|
|-weather|SunnyDay|[upkeep]
|upkeep
|
|t:|1758318307
|switch|p1a: Walking Wake|Walking Wake|100/100
|-damage|p1a: Walking Wake|88/100|[from] Stealth Rock
|-activate|p1a: Walking Wake|ability: Protosynthesis
|-start|p1a: Walking Wake|protosynthesisspa
|turn|9
|
|t:|1758318309
|move|p2a: HTTP 418|Stored Power|p1a: Walking Wake
|-damage|p1a: Walking Wake|0 fnt
|faint|p1a: Walking Wake
|-end|p1a: Walking Wake|Protosynthesis|[silent]
|
|-weather|SunnyDay|[upkeep]
|upkeep
|
|t:|1758318310
|switch|p1a: Pecharunt|Pecharunt|100/100
|-damage|p1a: Pecharunt|88/100|[from] Stealth Rock
|-item|p1a: Pecharunt|Air Balloon
|turn|10
|
|t:|1758318313
|-terastallize|p1a: Pecharunt|Flying
|move|p2a: HTTP 418|Shadow Ball|p1a: Pecharunt
|-damage|p1a: Pecharunt|23/100
|-unboost|p1a: Pecharunt|spd|1
|-enditem|p1a: Pecharunt|Air Balloon
|move|p1a: Pecharunt|Hex|p2a: HTTP 418
|-supereffective|p2a: HTTP 418
|-damage|p2a: HTTP 418|0 fnt
|faint|p2a: HTTP 418
|
|-weather|none
|upkeep
|-message|Dragondeeznauts forfeited.
|
|win|mastervelyk2
|raw|Dragondeeznauts's rating: 1294 &rarr; <strong>1269</strong><br />(-25 for losing)
|raw|mastervelyk2's rating: 1290 &rarr; <strong>1315</strong><br />(+25 for winning)
|l|☆Dragondeeznauts
|player|p1|
|l|☆mastervelyk2
|player|p2|
