|j|☆thelocalhoodrat
|j|☆ChessDennis
|t:|1758256003
|gametype|singles
|player|p1|thelocalhoodrat|candice|1345
|player|p2|ChessDennis|169|1401
|gen|9
|tier|[Gen 9] OU
|rated|
|rule|HP Percentage Mod: HP is shown in percentages
|rule|Endless Battle Clause: Forcing endless battles is banned
|rule|Species Clause: Limit one of each Pokémon
|rule|OHKO Clause: OHKO moves are banned
|rule|Evasion Items Clause: Evasion items are banned
|rule|Evasion Moves Clause: Evasion moves are banned
|rule|Evasion Abilities Clause: Evasion abilities are banned
|rule|Sleep Moves Clause: Sleep-inducing moves are banned
|clearpoke
|poke|p1|Enamorus, F|
|poke|p1|Iron Treads|
|poke|p1|Kingambit, M|
|poke|p1|Dragapult, F|
|poke|p1|Serperior, M|
|poke|p1|Alomomola, M|
|poke|p2|Glimmora, M|
|poke|p2|Gholdengo|
|poke|p2|Walking Wake|
|poke|p2|Clefable, M|
|poke|p2|Raging Bolt|
|poke|p2|Ting-Lu|
|teampreview
|
|t:|1758256024
|teamsize|p1|6
|teamsize|p2|6
|start
|switch|p1a: Serperior|Serperior, M, shiny|100/100
|switch|p2a: Ting-Lu|Ting-Lu|100/100
|-ability|p2a: Ting-Lu|Vessel of Ruin
|turn|1
|
|t:|1758256035
|move|p1a: Serperior|Glare|p2a: Ting-Lu
|-status|p2a: Ting-Lu|par
|move|p2a: Ting-Lu|Whirlwind|p1a: Serperior
|drag|p1a: Alomomola|Alomomola, M|100/100
|
|upkeep
|turn|2
|
|t:|1758256047
|move|p1a: Alomomola|Wish|p1a: Alomomola
|cant|p2a: Ting-Lu|par
|
|upkeep
|turn|3
|
|t:|1758256052
|move|p1a: Alomomola|Flip Turn|p2a: Ting-Lu
|-supereffective|p2a: Ting-Lu
|-damage|p2a: Ting-Lu|83/100 par
|
|t:|1758256068
|switch|p1a: Enamorus|Enamorus, F|100/100|[from] Flip Turn
|move|p2a: Ting-Lu|Stealth Rock|p1a: Enamorus
|-sidestart|p1: thelocalhoodrat|move: Stealth Rock
|
|upkeep
|turn|4
|
|t:|1758256082
|move|p1a: Enamorus|Moonblast|p2a: Ting-Lu
|-supereffective|p2a: Ting-Lu
|-damage|p2a: Ting-Lu|28/100 par
|move|p2a: Ting-Lu|Whirlwind|p1a: Enamorus
|drag|p1a: Iron Treads|Iron Treads|100/100
|-damage|p1a: Iron Treads|97/100|[from] Stealth Rock
|
|-heal|p1a: Iron Treads|100/100|[from] item: Leftovers
|upkeep
|turn|5
|
|t:|1758256092
|switch|p2a: Clefable|Clefable, M|100/100
|move|p1a: Iron Treads|Rapid Spin|p2a: Clefable
|-damage|p2a: Clefable|83/100
|-boost|p1a: Iron Treads|spe|1
|-damage|p1a: Iron Treads|84/100|[from] item: Rocky Helmet|[of] p2a: Clefable
|-sideend|p1: thelocalhoodrat|Stealth Rock|[from] move: Rapid Spin|[of] p1a: Iron Treads
|
|-heal|p1a: Iron Treads|90/100|[from] item: Leftovers
|upkeep
|turn|6
|
|t:|1758256098
|move|p1a: Iron Treads|Knock Off|p2a: Clefable
|-resisted|p2a: Clefable
|-damage|p2a: Clefable|67/100
|-damage|p1a: Iron Treads|74/100|[from] item: Rocky Helmet|[of] p2a: Clefable
|-enditem|p2a: Clefable|Rocky Helmet|[from] move: Knock Off|[of] p1a: Iron Treads
|move|p2a: Clefable|Knock Off|p1a: Iron Treads
|-damage|p1a: Iron Treads|60/100
|-enditem|p1a: Iron Treads|Leftovers|[from] move: Knock Off|[of] p2a: Clefable
|
|upkeep
|turn|7
|
|t:|1758256107
|move|p1a: Iron Treads|Stealth Rock|p2a: Clefable
|-sidestart|p2: ChessDennis|move: Stealth Rock
|move|p2a: Clefable|Healing Wish|p2a: Clefable
|faint|p2a: Clefable
|
|upkeep
|
|t:|1758256111
|switch|p2a: Walking Wake|Walking Wake|100/100
|-damage|p2a: Walking Wake|88/100|[from] Stealth Rock
|turn|8
|
|t:|1758256123
|move|p1a: Iron Treads|Earthquake|p2a: Walking Wake
|-damage|p2a: Walking Wake|36/100
|move|p2a: Walking Wake|Hydro Steam|p1a: Iron Treads
|-supereffective|p1a: Iron Treads
|-damage|p1a: Iron Treads|0 fnt
|faint|p1a: Iron Treads
|-end|p1a: Iron Treads|Quark Drive|[silent]
|
|upkeep
|
|t:|1758256129
|switch|p1a: Enamorus|Enamorus, F|100/100
|turn|9
|
|t:|1758256181
|-terastallize|p1a: Enamorus|Stellar
|move|p1a: Enamorus|Tera Blast|p2a: Walking Wake|[anim] Tera Blast Stellar
|-damage|p2a: Walking Wake|0 fnt
|-boost|p1a: Enamorus|atk|1
|-boost|p1a: Enamorus|spa|1
|faint|p2a: Walking Wake
|-end|p2a: Walking Wake|Protosynthesis|[silent]
|
|upkeep
|
|t:|1758256197
|switch|p2a: Gholdengo|Gholdengo|100/100
|-damage|p2a: Gholdengo|94/100|[from] Stealth Rock
|turn|10
|
|t:|1758256201
|move|p1a: Enamorus|Tera Blast|p2a: Gholdengo|[anim] Tera Blast Stellar
|-damage|p2a: Gholdengo|38/100
|-boost|p1a: Enamorus|atk|1
|-boost|p1a: Enamorus|spa|1
|move|p2a: Gholdengo|Make It Rain|p1a: Enamorus
|-supereffective|p1a: Enamorus
|-damage|p1a: Enamorus|0 fnt
|-unboost|p2a: Gholdengo|spa|1
|faint|p1a: Enamorus
|
|upkeep
|
|t:|1758256211
|switch|p1a: Kingambit|Kingambit, M|100/100
|-activate|p1a: Kingambit|ability: Supreme Overlord
|-start|p1a: Kingambit|fallen2|[silent]
|turn|11
|
|t:|1758256216
|switch|p2a: Ting-Lu|Ting-Lu|28/100 par
|-heal|p2a: Ting-Lu|100/100|[from] move: Healing Wish
|-damage|p2a: Ting-Lu|94/100|[from] Stealth Rock
|-ability|p2a: Ting-Lu|Vessel of Ruin
|move|p1a: Kingambit|Swords Dance|p1a: Kingambit
|-boost|p1a: Kingambit|atk|2
|
|upkeep
|turn|12
|
|t:|1758256219
|move|p1a: Kingambit|Low Kick|p2a: Ting-Lu
|-supereffective|p2a: Ting-Lu
|-damage|p2a: Ting-Lu|0 fnt
|faint|p2a: Ting-Lu
|
|upkeep
|
|t:|1758256229
|switch|p2a: Gholdengo|Gholdengo|38/100
|-damage|p2a: Gholdengo|32/100|[from] Stealth Rock
|turn|13
|
|t:|1758256232
|move|p1a: Kingambit|Sucker Punch||[still]
|-fail|p1a: Kingambit
|move|p2a: Gholdengo|Trick|p1a: Kingambit
|-activate|p2a: Gholdengo|move: Trick|[of] p1a: Kingambit
|-item|p1a: Kingambit|Choice Scarf|[from] move: Trick
|-item|p2a: Gholdengo|Leftovers|[from] move: Trick
|
|-heal|p2a: Gholdengo|38/100|[from] item: Leftovers
|upkeep
|turn|14
|
|t:|1758256238
|move|p2a: Gholdengo|Nasty Plot|p2a: Gholdengo
|-boost|p2a: Gholdengo|spa|2
|move|p1a: Kingambit|Iron Head|p2a: Gholdengo
|-resisted|p2a: Gholdengo
|-damage|p2a: Gholdengo|0 fnt
|faint|p2a: Gholdengo
|
|upkeep
|
|t:|1758256252
|switch|p2a: Glimmora|Glimmora, M|100/100
|-damage|p2a: Glimmora|88/100|[from] Stealth Rock
|-item|p2a: Glimmora|Air Balloon
|turn|15
|c|☆thelocalhoodrat|gfg
|
|t:|1758256256
|move|p2a: Glimmora|Spikes|p1a: Kingambit
|-sidestart|p1: thelocalhoodrat|Spikes
|move|p1a: Kingambit|Iron Head|p2a: Glimmora
|-supereffective|p2a: Glimmora
|-damage|p2a: Glimmora|0 fnt
|-activate|p2a: Glimmora|ability: Toxic Debris
|-sidestart|p1: thelocalhoodrat|move: Toxic Spikes
|-enditem|p2a: Glimmora|Air Balloon
|faint|p2a: Glimmora
|
|upkeep
|
|t:|1758256258
|switch|p2a: Raging Bolt|Raging Bolt|100/100
|-damage|p2a: Raging Bolt|88/100|[from] Stealth Rock
|turn|16
|
|t:|1758256264
|-terastallize|p2a: Raging Bolt|Electric
|move|p1a: Kingambit|Iron Head|p2a: Raging Bolt
|-resisted|p2a: Raging Bolt
|-damage|p2a: Raging Bolt|44/100
|cant|p2a: Raging Bolt|flinch
|
|upkeep
|turn|17
|
|t:|1758256271
|move|p1a: Kingambit|Iron Head|p2a: Raging Bolt
|-resisted|p2a: Raging Bolt
|-damage|p2a: Raging Bolt|0 fnt
|faint|p2a: Raging Bolt
|-end|p2a: Raging Bolt|Protosynthesis|[silent]
|
|win|thelocalhoodrat
|raw|thelocalhoodrat's rating: 1345 &rarr; <strong>1368</strong><br />(+23 for winning)
|raw|ChessDennis's rating: 1401 &rarr; <strong>1378</strong><br />(-23 for losing)
|l|☆ChessDennis
|player|p2|
|l|☆thelocalhoodrat
|player|p1|
