|j|☆pantalonescondidos
|j|☆LunatoneSandd
|t:|1758308412
|gametype|singles
|player|p1|pantalonescondidos|169|1489
|player|p2|LunatoneSandd|veteran-gen4|1531
|gen|9
|tier|[Gen 9] OU
|rated|
|rule|HP Percentage Mod: HP is shown in percentages
|rule|Endless Battle Clause: Forcing endless battles is banned
|rule|Species Clause: Limit one of each Pokémon
|rule|OHKO Clause: OHKO moves are banned
|rule|Evasion Items Clause: Evasion items are banned
|rule|Evasion Moves Clause: Evasion moves are banned
|rule|Evasion Abilities Clause: Evasion abilities are banned
|rule|Sleep Moves Clause: Sleep-inducing moves are banned
|clearpoke
|poke|p1|Sylveon, F|
|poke|p1|Slowking-Galar, F|
|poke|p1|Toxapex, F|
|poke|p1|Great Tusk|
|poke|p1|Kingambit, M|
|poke|p1|Rotom-Heat|
|poke|p2|Glimmora, M|
|poke|p2|Great Tusk|
|poke|p2|Raging Bolt|
|poke|p2|Rillaboom, M|
|poke|p2|Araquanid, F|
|poke|p2|Alomomola, M|
|teampreview
|inactive|Battle timer is ON: inactive players will automatically lose when time's up. (requested by pantalonescondidos)
|inactive|pantalonescondidos has 120 seconds left.
|
|t:|1758308455
|teamsize|p1|6
|teamsize|p2|6
|start
|switch|p1a: Rotom|Rotom-Heat, shiny|100/100
|switch|p2a: Araquanid|Araquanid, F|100/100
|turn|1
|
|t:|1758308462
|move|p1a: Rotom|Volt Switch|p2a: Araquanid
|-supereffective|p2a: Araquanid
|-damage|p2a: Araquanid|58/100
|
|t:|1758308464
|switch|p1a: Toxapex|Toxapex, F|100/100|[from] Volt Switch
|move|p2a: Araquanid|Mirror Coat|p1a: Toxapex
|-damage|p1a: Toxapex|6/100
|
|upkeep
|turn|2
|
|t:|1758308472
|move|p1a: Toxapex|Baneful Bunker|p1a: Toxapex
|-singleturn|p1a: Toxapex|move: Protect
|move|p2a: Araquanid|Liquidation|p1a: Toxapex
|-activate|p1a: Toxapex|move: Protect
|-status|p2a: Araquanid|psn
|
|-damage|p2a: Araquanid|46/100 psn|[from] psn
|upkeep
|turn|3
|
|t:|1758308485
|switch|p1a: Slowking|Slowking-Galar, F, shiny|100/100
|move|p2a: Araquanid|Liquidation|p1a: Slowking
|-damage|p1a: Slowking|28/100
|
|-damage|p2a: Araquanid|33/100 psn|[from] psn
|upkeep
|turn|4
|
|t:|1758308494
|switch|p1a: Toxapex|Toxapex, F|39/100
|move|p2a: Araquanid|Liquidation|p1a: Toxapex
|-resisted|p1a: Toxapex
|-damage|p1a: Toxapex|20/100
|-damage|p2a: Araquanid|17/100 psn|[from] item: Rocky Helmet|[of] p1a: Toxapex
|
|-damage|p2a: Araquanid|5/100 psn|[from] psn
|upkeep
|turn|5
|
|t:|1758308509
|switch|p2a: Raging Bolt|Raging Bolt|100/100
|-enditem|p2a: Raging Bolt|Booster Energy
|-activate|p2a: Raging Bolt|ability: Protosynthesis|[fromitem]
|-start|p2a: Raging Bolt|protosynthesisspa
|move|p1a: Toxapex|Baneful Bunker||[still]
|-fail|p1a: Toxapex
|
|upkeep
|turn|6
|
|t:|1758308524
|switch|p1a: Sylveon|Sylveon, F, shiny|100/100
|move|p2a: Raging Bolt|Thunderbolt|p1a: Sylveon
|-damage|p1a: Sylveon|66/100
|
|-heal|p1a: Sylveon|72/100|[from] item: Leftovers
|upkeep
|turn|7
|
|t:|1758308533
|-terastallize|p2a: Raging Bolt|Fairy
|move|p2a: Raging Bolt|Tera Blast|p1a: Sylveon|[anim] Tera Blast Fairy
|-damage|p1a: Sylveon|40/100
|move|p1a: Sylveon|Wish|p1a: Sylveon
|
|-heal|p1a: Sylveon|46/100|[from] item: Leftovers
|upkeep
|turn|8
|
|t:|1758308548
|move|p2a: Raging Bolt|Thunderbolt|p1a: Sylveon
|-damage|p1a: Sylveon|11/100
|move|p1a: Sylveon|Roar|p2a: Raging Bolt
|-end|p2a: Raging Bolt|Protosynthesis|[silent]
|drag|p2a: Glimmora|Glimmora, M, shiny|100/100
|
|-heal|p1a: Sylveon|61/100|[from] move: Wish|[wisher] Sylveon
|-heal|p1a: Sylveon|67/100|[from] item: Leftovers
|upkeep
|turn|9
|
|t:|1758308564
|switch|p1a: Slowking|Slowking-Galar, F, shiny|61/100
|move|p2a: Glimmora|Mortal Spin|p1a: Slowking
|-resisted|p1a: Slowking
|-damage|p1a: Slowking|58/100
|
|upkeep
|turn|10
|
|t:|1758308571
|move|p2a: Glimmora|Earth Power|p1a: Slowking
|-supereffective|p1a: Slowking
|-damage|p1a: Slowking|31/100
|move|p1a: Slowking|Surf|p2a: Glimmora
|-supereffective|p2a: Glimmora
|-damage|p2a: Glimmora|29/100
|
|upkeep
|turn|11
|
|t:|1758308579
|switch|p2a: Rillaboom|Rillaboom, M|100/100
|-fieldstart|move: Grassy Terrain|[from] ability: Grassy Surge|[of] p2a: Rillaboom
|move|p1a: Slowking|Surf|p2a: Rillaboom
|-resisted|p2a: Rillaboom
|-damage|p2a: Rillaboom|86/100
|
|-heal|p2a: Rillaboom|92/100|[from] Grassy Terrain
|-heal|p1a: Slowking|37/100|[from] Grassy Terrain
|upkeep
|turn|12
|
|t:|1758308598
|switch|p1a: Kingambit|Kingambit, M|100/100
|move|p2a: Rillaboom|Drain Punch|p1a: Kingambit
|-supereffective|p1a: Kingambit
|-damage|p1a: Kingambit|0 fnt
|-heal|p2a: Rillaboom|100/100|[from] drain|[of] p1a: Kingambit
|faint|p1a: Kingambit
|-end|p1a: Kingambit|fallenundefined|[silent]
|
|upkeep
|
|t:|1758308605
|switch|p1a: Rotom|Rotom-Heat, shiny|100/100
|turn|13
|
|t:|1758308611
|switch|p2a: Araquanid|Araquanid, F|5/100 psn
|move|p1a: Rotom|Volt Switch|p2a: Araquanid
|-supereffective|p2a: Araquanid
|-damage|p2a: Araquanid|0 fnt
|faint|p2a: Araquanid
|
|t:|1758308614
|switch|p1a: Toxapex|Toxapex, F|53/100|[from] Volt Switch
|
|-heal|p1a: Toxapex|59/100|[from] Grassy Terrain
|upkeep
|
|t:|1758308626
|switch|p2a: Raging Bolt|Raging Bolt, tera:Fairy|100/100
|turn|14
|
|t:|1758308631
|switch|p1a: Sylveon|Sylveon, F, shiny|67/100
|move|p2a: Raging Bolt|Thunderbolt|p1a: Sylveon
|-damage|p1a: Sylveon|40/100
|
|-heal|p1a: Sylveon|46/100|[from] Grassy Terrain
|-heal|p1a: Sylveon|52/100|[from] item: Leftovers
|upkeep
|turn|15
|
|t:|1758308643
|-end|p2a: Raging Bolt|Protosynthesis|[silent]
|switch|p2a: Alomomola|Alomomola, M|100/100
|move|p1a: Sylveon|Wish|p1a: Sylveon
|
|-heal|p1a: Sylveon|58/100|[from] Grassy Terrain
|-heal|p1a: Sylveon|64/100|[from] item: Leftovers
|-fieldend|move: Grassy Terrain
|upkeep
|turn|16
|
|t:|1758308653
|move|p1a: Sylveon|Hyper Voice|p2a: Alomomola
|-damage|p2a: Alomomola|53/100
|move|p2a: Alomomola|Wish|p2a: Alomomola
|
|-heal|p1a: Sylveon|100/100|[from] move: Wish|[wisher] Sylveon
|upkeep
|turn|17
|
|t:|1758308667
|switch|p2a: Rillaboom|Rillaboom, M|100/100
|-fieldstart|move: Grassy Terrain|[from] ability: Grassy Surge|[of] p2a: Rillaboom
|move|p1a: Sylveon|Protect||[still]
|-fail|p1a: Sylveon
|
|upkeep
|turn|18
|
|t:|1758308683
|move|p1a: Sylveon|Protect|p1a: Sylveon
|-singleturn|p1a: Sylveon|Protect
|move|p2a: Rillaboom|Knock Off|p1a: Sylveon
|-activate|p1a: Sylveon|move: Protect
|
|upkeep
|turn|19
|
|t:|1758308697
|switch|p2a: Alomomola|Alomomola, M|86/100
|switch|p1a: Toxapex|Toxapex, F|92/100
|
|-heal|p2a: Alomomola|92/100|[from] Grassy Terrain
|-heal|p1a: Toxapex|99/100|[from] Grassy Terrain
|upkeep
|turn|20
|
|t:|1758308706
|move|p2a: Alomomola|Flip Turn|p1a: Toxapex
|-resisted|p1a: Toxapex
|-damage|p1a: Toxapex|93/100
|-damage|p2a: Alomomola|76/100|[from] item: Rocky Helmet|[of] p1a: Toxapex
|
|t:|1758308712
|switch|p2a: Raging Bolt|Raging Bolt, tera:Fairy|100/100|[from] Flip Turn
|move|p1a: Toxapex|Toxic|p2a: Raging Bolt
|-status|p2a: Raging Bolt|tox
|
|-heal|p1a: Toxapex|99/100|[from] Grassy Terrain
|-damage|p2a: Raging Bolt|94/100 tox|[from] psn
|upkeep
|turn|21
|
|t:|1758308731
|-end|p2a: Raging Bolt|Protosynthesis|[silent]
|switch|p2a: Alomomola|Alomomola, M|100/100
|switch|p1a: Sylveon|Sylveon, F, shiny|100/100
|
|-fieldend|move: Grassy Terrain
|upkeep
|turn|22
|
|t:|1758308745
|move|p1a: Sylveon|Hyper Voice|p2a: Alomomola
|-damage|p2a: Alomomola|56/100
|move|p2a: Alomomola|Wish|p2a: Alomomola
|
|upkeep
|turn|23
|
|t:|1758308751
|move|p1a: Sylveon|Hyper Voice|p2a: Alomomola
|-damage|p2a: Alomomola|6/100
|move|p2a: Alomomola|Flip Turn|p1a: Sylveon
|-damage|p1a: Sylveon|79/100
|
|t:|1758308757
|switch|p2a: Glimmora|Glimmora, M, shiny|29/100|[from] Flip Turn
|
|-heal|p2a: Glimmora|100/100|[from] move: Wish|[wisher] Alomomola
|-heal|p1a: Sylveon|85/100|[from] item: Leftovers
|upkeep
|turn|24
|
|t:|1758308767
|switch|p1a: Slowking|Slowking-Galar, F, shiny|71/100
|move|p2a: Glimmora|Mortal Spin|p1a: Slowking
|-resisted|p1a: Slowking
|-damage|p1a: Slowking|67/100
|
|upkeep
|turn|25
|
|t:|1758308776
|move|p2a: Glimmora|Earth Power|p1a: Slowking
|-supereffective|p1a: Slowking
|-damage|p1a: Slowking|42/100
|-unboost|p1a: Slowking|spd|1
|move|p1a: Slowking|Future Sight|p2a: Glimmora
|-start|p1a: Slowking|move: Future Sight
|
|upkeep
|turn|26
|
|t:|1758308786
|switch|p1a: Rotom|Rotom-Heat, shiny|100/100
|move|p2a: Glimmora|Power Gem|p1a: Rotom
|-supereffective|p1a: Rotom
|-damage|p1a: Rotom|0 fnt
|faint|p1a: Rotom
|
|upkeep
|
|t:|1758308792
|switch|p1a: Slowking|Slowking-Galar, F, shiny|75/100
|turn|27
|
|t:|1758308800
|move|p2a: Glimmora|Earth Power|p1a: Slowking
|-supereffective|p1a: Slowking
|-damage|p1a: Slowking|47/100
|move|p1a: Slowking|Sludge Bomb|p2a: Glimmora
|-resisted|p2a: Glimmora
|-damage|p2a: Glimmora|87/100
|
|-end|p2a: Glimmora|move: Future Sight
|-supereffective|p2a: Glimmora
|-damage|p2a: Glimmora|0 fnt
|faint|p2a: Glimmora
|upkeep
|
|t:|1758308811
|switch|p2a: Great Tusk|Great Tusk|100/100
|-enditem|p2a: Great Tusk|Booster Energy
|-activate|p2a: Great Tusk|ability: Protosynthesis|[fromitem]
|-start|p2a: Great Tusk|protosynthesisatk
|turn|28
|
|t:|1758308819
|switch|p1a: Great Tusk|Great Tusk|100/100
|move|p2a: Great Tusk|Headlong Rush|p1a: Great Tusk
|-damage|p1a: Great Tusk|33/100
|-unboost|p2a: Great Tusk|def|1
|-unboost|p2a: Great Tusk|spd|1
|
|upkeep
|turn|29
|
|t:|1758308828
|move|p1a: Great Tusk|Close Combat|p2a: Great Tusk
|-damage|p2a: Great Tusk|40/100
|-unboost|p1a: Great Tusk|def|1
|-unboost|p1a: Great Tusk|spd|1
|move|p2a: Great Tusk|Headlong Rush|p1a: Great Tusk
|-damage|p1a: Great Tusk|0 fnt
|-unboost|p2a: Great Tusk|def|1
|-unboost|p2a: Great Tusk|spd|1
|faint|p1a: Great Tusk
|-end|p1a: Great Tusk|Protosynthesis|[silent]
|
|upkeep
|
|t:|1758308831
|switch|p1a: Toxapex|Toxapex, F|100/100
|turn|30
|
|t:|1758308844
|-end|p2a: Great Tusk|Protosynthesis|[silent]
|switch|p2a: Alomomola|Alomomola, M|39/100
|move|p1a: Toxapex|Baneful Bunker||[still]
|-fail|p1a: Toxapex
|
|upkeep
|turn|31
|
|t:|1758308850
|move|p2a: Alomomola|Wish|p2a: Alomomola
|move|p1a: Toxapex|Toxic|p2a: Alomomola
|-status|p2a: Alomomola|tox
|
|-damage|p2a: Alomomola|33/100 tox|[from] psn
|upkeep
|turn|32
|
|t:|1758308858
|switch|p2a: Great Tusk|Great Tusk|40/100
|move|p1a: Toxapex|Surf|p2a: Great Tusk
|-supereffective|p2a: Great Tusk
|-damage|p2a: Great Tusk|0 fnt
|faint|p2a: Great Tusk
|-end|p2a: Great Tusk|Protosynthesis|[silent]
|
|upkeep
|
|t:|1758308867
|switch|p2a: Rillaboom|Rillaboom, M|100/100
|-fieldstart|move: Grassy Terrain|[from] ability: Grassy Surge|[of] p2a: Rillaboom
|turn|33
|
|t:|1758308871
|move|p1a: Toxapex|Baneful Bunker|p1a: Toxapex
|-singleturn|p1a: Toxapex|move: Protect
|move|p2a: Rillaboom|Wood Hammer|p1a: Toxapex
|-activate|p1a: Toxapex|move: Protect
|-status|p2a: Rillaboom|psn
|
|-damage|p2a: Rillaboom|88/100 psn|[from] psn
|upkeep
|turn|34
|
|t:|1758308881
|move|p2a: Rillaboom|Wood Hammer|p1a: Toxapex
|-damage|p1a: Toxapex|34/100
|-damage|p2a: Rillaboom|72/100 psn|[from] item: Rocky Helmet|[of] p1a: Toxapex
|-damage|p2a: Rillaboom|52/100 psn|[from] Recoil
|move|p1a: Toxapex|Recover|p1a: Toxapex
|-heal|p1a: Toxapex|84/100
|
|-heal|p2a: Rillaboom|58/100 psn|[from] Grassy Terrain
|-heal|p1a: Toxapex|90/100|[from] Grassy Terrain
|-damage|p2a: Rillaboom|46/100 psn|[from] psn
|upkeep
|turn|35
|
|t:|1758308894
|switch|p2a: Raging Bolt|Raging Bolt, tera:Fairy|94/100 tox
|move|p1a: Toxapex|Baneful Bunker||[still]
|-fail|p1a: Toxapex
|
|-heal|p2a: Raging Bolt|100/100 tox|[from] Grassy Terrain
|-heal|p1a: Toxapex|97/100|[from] Grassy Terrain
|-damage|p2a: Raging Bolt|94/100 tox|[from] psn
|upkeep
|turn|36
|
|t:|1758308906
|switch|p1a: Sylveon|Sylveon, F, shiny|85/100
|move|p2a: Raging Bolt|Thunderbolt|p1a: Sylveon
|-damage|p1a: Sylveon|56/100
|
|-heal|p2a: Raging Bolt|100/100 tox|[from] Grassy Terrain
|-heal|p1a: Sylveon|62/100|[from] Grassy Terrain
|-heal|p1a: Sylveon|68/100|[from] item: Leftovers
|-damage|p2a: Raging Bolt|88/100 tox|[from] psn
|upkeep
|turn|37
|
|t:|1758308920
|-end|p2a: Raging Bolt|Protosynthesis|[silent]
|switch|p2a: Alomomola|Alomomola, M|66/100 tox
|move|p1a: Sylveon|Wish|p1a: Sylveon
|
|-heal|p1a: Sylveon|74/100|[from] Grassy Terrain
|-heal|p1a: Sylveon|80/100|[from] item: Leftovers
|-heal|p2a: Alomomola|73/100 tox|[from] Grassy Terrain
|-damage|p2a: Alomomola|66/100 tox|[from] psn
|-fieldend|move: Grassy Terrain
|upkeep
|turn|38
|
|t:|1758308931
|switch|p1a: Toxapex|Toxapex, F|100/100
|move|p2a: Alomomola|Wish|p2a: Alomomola
|
|-damage|p2a: Alomomola|54/100 tox|[from] psn
|upkeep
|turn|39
|
|t:|1758308941
|move|p2a: Alomomola|Flip Turn|p1a: Toxapex
|-resisted|p1a: Toxapex
|-damage|p1a: Toxapex|96/100
|-damage|p2a: Alomomola|37/100 tox|[from] item: Rocky Helmet|[of] p1a: Toxapex
|
|t:|1758308945
|switch|p2a: Rillaboom|Rillaboom, M|46/100 psn|[from] Flip Turn
|-fieldstart|move: Grassy Terrain|[from] ability: Grassy Surge|[of] p2a: Rillaboom
|move|p1a: Toxapex|Surf|p2a: Rillaboom
|-resisted|p2a: Rillaboom
|-damage|p2a: Rillaboom|34/100 psn
|
|-heal|p2a: Rillaboom|100/100 psn|[from] move: Wish|[wisher] Alomomola
|-heal|p1a: Toxapex|100/100|[from] Grassy Terrain
|-damage|p2a: Rillaboom|88/100 psn|[from] psn
|upkeep
|turn|40
|
|t:|1758308961
|switch|p2a: Raging Bolt|Raging Bolt, tera:Fairy|88/100 tox
|move|p1a: Toxapex|Baneful Bunker||[still]
|-fail|p1a: Toxapex
|
|-heal|p2a: Raging Bolt|94/100 tox|[from] Grassy Terrain
|-damage|p2a: Raging Bolt|88/100 tox|[from] psn
|upkeep
|turn|41
|
|t:|1758308973
|-end|p2a: Raging Bolt|Protosynthesis|[silent]
|switch|p2a: Rillaboom|Rillaboom, M|88/100 psn
|switch|p1a: Slowking|Slowking-Galar, F, shiny|81/100
|
|-heal|p2a: Rillaboom|94/100 psn|[from] Grassy Terrain
|-heal|p1a: Slowking|87/100|[from] Grassy Terrain
|-damage|p2a: Rillaboom|82/100 psn|[from] psn
|upkeep
|turn|42
|
|t:|1758308985
|switch|p1a: Toxapex|Toxapex, F|100/100
|move|p2a: Rillaboom|Wood Hammer|p1a: Toxapex
|-damage|p1a: Toxapex|26/100
|-damage|p2a: Rillaboom|66/100 psn|[from] item: Rocky Helmet|[of] p1a: Toxapex
|-damage|p2a: Rillaboom|44/100 psn|[from] Recoil
|
|-heal|p2a: Rillaboom|50/100 psn|[from] Grassy Terrain
|-heal|p1a: Toxapex|32/100|[from] Grassy Terrain
|-damage|p2a: Rillaboom|37/100 psn|[from] psn
|upkeep
|turn|43
|
|t:|1758308998
|switch|p2a: Raging Bolt|Raging Bolt, tera:Fairy|88/100 tox
|move|p1a: Toxapex|Baneful Bunker||[still]
|-fail|p1a: Toxapex
|
|-heal|p2a: Raging Bolt|94/100 tox|[from] Grassy Terrain
|-heal|p1a: Toxapex|39/100|[from] Grassy Terrain
|-damage|p2a: Raging Bolt|88/100 tox|[from] psn
|-fieldend|move: Grassy Terrain
|upkeep
|turn|44
|
|t:|1758309011
|-end|p2a: Raging Bolt|Protosynthesis|[silent]
|switch|p2a: Rillaboom|Rillaboom, M|37/100 psn
|-fieldstart|move: Grassy Terrain|[from] ability: Grassy Surge|[of] p2a: Rillaboom
|switch|p1a: Slowking|Slowking-Galar, F, shiny|100/100
|
|-heal|p2a: Rillaboom|44/100 psn|[from] Grassy Terrain
|-damage|p2a: Rillaboom|31/100 psn|[from] psn
|upkeep
|turn|45
|
|t:|1758309029
|switch|p1a: Toxapex|Toxapex, F|72/100
|move|p2a: Rillaboom|Wood Hammer|p1a: Toxapex
|-damage|p1a: Toxapex|7/100
|-damage|p2a: Rillaboom|15/100 psn|[from] item: Rocky Helmet|[of] p1a: Toxapex
|-damage|p2a: Rillaboom|0 fnt|[from] Recoil
|faint|p2a: Rillaboom
|
|-heal|p1a: Toxapex|13/100|[from] Grassy Terrain
|upkeep
|c|☆pantalonescondidos|Gg
|
|t:|1758309041
|switch|p2a: Raging Bolt|Raging Bolt, tera:Fairy|88/100 tox
|turn|46
|
|t:|1758309045
|switch|p1a: Slowking|Slowking-Galar, F, shiny|100/100
|move|p2a: Raging Bolt|Thunderbolt|p1a: Slowking
|-crit|p1a: Slowking
|-damage|p1a: Slowking|68/100
|
|-heal|p2a: Raging Bolt|94/100 tox|[from] Grassy Terrain
|-heal|p1a: Slowking|74/100|[from] Grassy Terrain
|-damage|p2a: Raging Bolt|88/100 tox|[from] psn
|upkeep
|turn|47
|
|t:|1758309055
|move|p2a: Raging Bolt|Thunderbolt|p1a: Slowking
|-damage|p1a: Slowking|52/100
|move|p1a: Slowking|Sludge Bomb|p2a: Raging Bolt
|-supereffective|p2a: Raging Bolt
|-damage|p2a: Raging Bolt|31/100 tox
|
|-heal|p2a: Raging Bolt|37/100 tox|[from] Grassy Terrain
|-heal|p1a: Slowking|58/100|[from] Grassy Terrain
|-damage|p2a: Raging Bolt|25/100 tox|[from] psn
|upkeep
|turn|48
|-message|LunatoneSandd forfeited.
|
|win|pantalonescondidos
|raw|pantalonescondidos's rating: 1489 &rarr; <strong>1511</strong><br />(+22 for winning)
|raw|LunatoneSandd's rating: 1531 &rarr; <strong>1509</strong><br />(-22 for losing)
|l|☆pantalonescondidos
|player|p1|
|l|☆LunatoneSandd
|player|p2|
