|j|‽oehtwashere
|j|☆zeep vs zoop
|t:|1758376846
|gametype|singles
|player|p1|oehtwashere|supernerd|1802
|player|p2|zeep vs zoop|iris-gen5bw2|1750
|gen|9
|tier|[Gen 9] OU
|rated|
|rule|HP Percentage Mod: HP is shown in percentages
|rule|Endless Battle Clause: Forcing endless battles is banned
|rule|Species Clause: Limit one of each Pokémon
|rule|OHKO Clause: OHKO moves are banned
|rule|Evasion Items Clause: Evasion items are banned
|rule|Evasion Moves Clause: Evasion moves are banned
|rule|Evasion Abilities Clause: Evasion abilities are banned
|rule|Sleep Moves Clause: Sleep-inducing moves are banned
|clearpoke
|poke|p1|Iron Boulder|
|poke|p1|Samurott-Hisui, M|
|poke|p1|Moltres|
|poke|p1|Great Tusk|
|poke|p1|Corviknight, M|
|poke|p1|Dragapult, M|
|poke|p2|Zamazenta-*|
|poke|p2|Latios, M|
|poke|p2|Weezing-Galar, M|
|poke|p2|Moltres|
|poke|p2|Ting-Lu|
|poke|p2|Gholdengo|
|teampreview
|inactive|Battle timer is ON: inactive players will automatically lose when time's up. (requested by oehtwashere)
|j| cryyysneasel
|
|t:|1758376861
|teamsize|p1|6
|teamsize|p2|6
|start
|switch|p1a: Dragapult|Dragapult, M|100/100
|switch|p2a: Zamazenta|Zamazenta|100/100
|-ability|p2a: Zamazenta|Dauntless Shield|boost
|-boost|p2a: Zamazenta|def|1
|turn|1
|
|t:|1758376866
|move|p1a: Dragapult|Will-O-Wisp|p2a: Zamazenta
|-status|p2a: Zamazenta|brn
|move|p2a: Zamazenta|Stone Edge|p1a: Dragapult|[miss]
|-miss|p2a: Zamazenta|p1a: Dragapult
|
|-damage|p2a: Zamazenta|94/100 brn|[from] brn
|upkeep
|turn|2
|
|t:|1758376873
|switch|p2a: Moltres|Moltres|100/100
|move|p1a: Dragapult|Hex|p2a: Moltres
|-damage|p2a: Moltres|74/100
|
|upkeep
|turn|3
|
|t:|1758376880
|switch|p1a: Moltres|Moltres|100/100
|move|p2a: Moltres|Will-O-Wisp|p1a: Moltres
|-immune|p1a: Moltres
|
|upkeep
|turn|4
|
|t:|1758376884
|move|p2a: Moltres|Roost|p2a: Moltres
|-heal|p2a: Moltres|100/100
|-singleturn|p2a: Moltres|move: Roost
|move|p1a: Moltres|U-turn|p2a: Moltres
|-resisted|p2a: Moltres
|-damage|p2a: Moltres|95/100
|j| xmagic_247
|
|t:|1758376885
|switch|p1a: Iron Boulder|Iron Boulder|100/100|[from] U-turn
|
|upkeep
|turn|5
|
|t:|1758376888
|move|p1a: Iron Boulder|Mighty Cleave|p2a: Moltres
|-supereffective|p2a: Moltres
|-damage|p2a: Moltres|0 fnt
|faint|p2a: Moltres
|
|upkeep
|
|t:|1758376893
|switch|p2a: Ting-Lu|Ting-Lu|100/100
|-ability|p2a: Ting-Lu|Vessel of Ruin
|turn|6
|
|t:|1758376899
|-end|p1a: Iron Boulder|Quark Drive|[silent]
|switch|p1a: Corviknight|Corviknight, M|100/100
|-ability|p1a: Corviknight|Pressure
|move|p2a: Ting-Lu|Stealth Rock|p1a: Corviknight
|-sidestart|p1: oehtwashere|move: Stealth Rock
|
|upkeep
|turn|7
|
|t:|1758376902
|switch|p2a: Gholdengo|Gholdengo|100/100
|move|p1a: Corviknight|U-turn|p2a: Gholdengo
|-resisted|p2a: Gholdengo
|-damage|p2a: Gholdengo|96/100
|
|t:|1758376904
|switch|p1a: Great Tusk|Great Tusk|100/100|[from] U-turn
|
|upkeep
|turn|8
|l| xmagic_247
|
|t:|1758376911
|move|p2a: Gholdengo|Make It Rain|p1a: Great Tusk
|-damage|p1a: Great Tusk|23/100
|-unboost|p2a: Gholdengo|spa|1
|move|p1a: Great Tusk|Stealth Rock|p2a: Gholdengo
|-sidestart|p2: zeep vs zoop|move: Stealth Rock
|
|upkeep
|turn|9
|j| JasmineThia
|j| xmagic_247
|
|t:|1758376915
|-end|p1a: Great Tusk|Protosynthesis|[silent]
|switch|p1a: Moltres|Moltres|100/100
|move|p2a: Gholdengo|Make It Rain|p1a: Moltres
|-resisted|p1a: Moltres
|-damage|p1a: Moltres|86/100
|-unboost|p2a: Gholdengo|spa|1
|
|upkeep
|turn|10
|
|t:|1758376918
|switch|p2a: Zamazenta|Zamazenta|94/100 brn
|-damage|p2a: Zamazenta|88/100 brn|[from] Stealth Rock
|move|p1a: Moltres|U-turn|p2a: Zamazenta
|-resisted|p2a: Zamazenta
|-damage|p2a: Zamazenta|81/100 brn
|
|t:|1758376922
|switch|p1a: Dragapult|Dragapult, M|100/100|[from] U-turn
|
|-damage|p2a: Zamazenta|75/100 brn|[from] brn
|upkeep
|turn|11
|
|t:|1758376924
|move|p1a: Dragapult|Hex|p2a: Zamazenta
|-damage|p2a: Zamazenta|28/100 brn
|move|p2a: Zamazenta|Crunch|p1a: Dragapult
|-supereffective|p1a: Dragapult
|-damage|p1a: Dragapult|36/100
|
|-damage|p2a: Zamazenta|21/100 brn|[from] brn
|upkeep
|turn|12
|
|t:|1758376928
|switch|p2a: Ting-Lu|Ting-Lu|100/100
|-damage|p2a: Ting-Lu|94/100|[from] Stealth Rock
|-ability|p2a: Ting-Lu|Vessel of Ruin
|move|p1a: Dragapult|Hex|p2a: Ting-Lu
|-resisted|p2a: Ting-Lu
|-crit|p2a: Ting-Lu
|-damage|p2a: Ting-Lu|86/100
|
|upkeep
|turn|13
|
|t:|1758376932
|move|p1a: Dragapult|Will-O-Wisp|p2a: Ting-Lu
|-status|p2a: Ting-Lu|brn
|move|p2a: Ting-Lu|Ruination|p1a: Dragapult
|-damage|p1a: Dragapult|18/100
|
|-damage|p2a: Ting-Lu|80/100 brn|[from] brn
|upkeep
|turn|14
|
|t:|1758376939
|switch|p1a: Great Tusk|Great Tusk|23/100
|move|p2a: Ting-Lu|Earthquake|p1a: Great Tusk
|-damage|p1a: Great Tusk|11/100
|
|-damage|p2a: Ting-Lu|73/100 brn|[from] brn
|upkeep
|turn|15
|
|t:|1758376943
|move|p1a: Great Tusk|Rapid Spin|p2a: Ting-Lu
|-damage|p2a: Ting-Lu|65/100 brn
|-boost|p1a: Great Tusk|spe|1
|-damage|p1a: Great Tusk|0 fnt|[from] item: Rocky Helmet|[of] p2a: Ting-Lu
|faint|p1a: Great Tusk
|-end|p1a: Great Tusk|Protosynthesis|[silent]
|move|p2a: Ting-Lu|Earthquake|p1: Great Tusk|[notarget]
|-fail|p2a: Ting-Lu
|
|-damage|p2a: Ting-Lu|59/100 brn|[from] brn
|upkeep
|l| cryyysneasel
|
|t:|1758376947
|switch|p1a: Samurott|Samurott-Hisui, M|100/100
|turn|16
|
|t:|1758376951
|switch|p2a: Weezing|Weezing-Galar, M|100/100
|-ability|p2a: Weezing|Neutralizing Gas
|move|p1a: Samurott|Razor Shell|p2a: Weezing
|-damage|p2a: Weezing|77/100
|-unboost|p2a: Weezing|def|1
|
|upkeep
|turn|17
|
|t:|1758376958
|move|p1a: Samurott|Knock Off|p2a: Weezing
|-resisted|p2a: Weezing
|-damage|p2a: Weezing|55/100
|-enditem|p2a: Weezing|Heavy-Duty Boots|[from] move: Knock Off|[of] p1a: Samurott
|move|p2a: Weezing|Strange Steam|p1a: Samurott
|-supereffective|p1a: Samurott
|-damage|p1a: Samurott|16/100
|
|upkeep
|turn|18
|
|t:|1758376964
|-end|p2a: Weezing|ability: Neutralizing Gas
|switch|p2a: Ting-Lu|Ting-Lu|59/100 brn
|-damage|p2a: Ting-Lu|53/100 brn|[from] Stealth Rock
|-ability|p2a: Ting-Lu|Vessel of Ruin
|move|p1a: Samurott|Razor Shell|p2a: Ting-Lu
|-supereffective|p2a: Ting-Lu
|-damage|p2a: Ting-Lu|0 fnt
|-damage|p1a: Samurott|0 fnt|[from] item: Rocky Helmet|[of] p2a: Ting-Lu
|faint|p2a: Ting-Lu
|faint|p1a: Samurott
|
|upkeep
|
|t:|1758376971
|switch|p1a: Moltres|Moltres|86/100
|switch|p2a: Gholdengo|Gholdengo|96/100
|-damage|p2a: Gholdengo|90/100|[from] Stealth Rock
|turn|19
|l| JasmineThia
|
|t:|1758376979
|switch|p2a: Zamazenta|Zamazenta|21/100 brn
|-damage|p2a: Zamazenta|15/100 brn|[from] Stealth Rock
|move|p1a: Moltres|Flamethrower|p2a: Zamazenta
|-damage|p2a: Zamazenta|0 fnt
|faint|p2a: Zamazenta
|
|upkeep
|
|t:|1758376982
|switch|p2a: Latios|Latios, M|100/100
|-damage|p2a: Latios|88/100|[from] Stealth Rock
|turn|20
|
|t:|1758376987
|switch|p1a: Corviknight|Corviknight, M|100/100
|-damage|p1a: Corviknight|88/100|[from] Stealth Rock
|-ability|p1a: Corviknight|Pressure
|move|p2a: Latios|Luster Purge|p1a: Corviknight
|-resisted|p1a: Corviknight
|-damage|p1a: Corviknight|50/100
|-unboost|p1a: Corviknight|spd|1
|
|upkeep
|turn|21
|
|t:|1758376992
|move|p2a: Latios|Luster Purge|p1a: Corviknight
|-resisted|p1a: Corviknight
|-damage|p1a: Corviknight|0 fnt
|faint|p1a: Corviknight
|
|upkeep
|
|t:|1758376994
|switch|p1a: Iron Boulder|Iron Boulder|100/100
|-damage|p1a: Iron Boulder|88/100|[from] Stealth Rock
|turn|22
|
|t:|1758377000
|switch|p2a: Gholdengo|Gholdengo|90/100
|-damage|p2a: Gholdengo|84/100|[from] Stealth Rock
|move|p1a: Iron Boulder|Mighty Cleave|p2a: Gholdengo
|-resisted|p2a: Gholdengo
|-damage|p2a: Gholdengo|43/100
|
|upkeep
|turn|23
|
|t:|1758377005
|-end|p1a: Iron Boulder|Quark Drive|[silent]
|switch|p1a: Moltres|Moltres|86/100
|move|p2a: Gholdengo|Shadow Ball|p1a: Moltres
|-damage|p1a: Moltres|58/100
|
|upkeep
|turn|24
|j| wgw2333
|
|t:|1758377010
|switch|p2a: Latios|Latios, M|88/100
|-damage|p2a: Latios|76/100|[from] Stealth Rock
|move|p1a: Moltres|Roost|p1a: Moltres
|-heal|p1a: Moltres|100/100
|-singleturn|p1a: Moltres|move: Roost
|
|upkeep
|turn|25
|
|t:|1758377014
|move|p2a: Latios|Draco Meteor|p1a: Moltres
|-damage|p1a: Moltres|32/100
|-unboost|p2a: Latios|spa|2
|move|p1a: Moltres|U-turn|p2a: Latios
|-supereffective|p2a: Latios
|-damage|p2a: Latios|36/100
|
|t:|1758377018
|switch|p1a: Dragapult|Dragapult, M|18/100|[from] U-turn
|
|upkeep
|turn|26
|
|t:|1758377025
|switch|p2a: Weezing|Weezing-Galar, M|55/100
|-ability|p2a: Weezing|Neutralizing Gas
|-damage|p2a: Weezing|43/100|[from] Stealth Rock
|move|p1a: Dragapult|Hex|p2a: Weezing
|-damage|p2a: Weezing|9/100
|
|upkeep
|turn|27
|
|t:|1758377027
|move|p1a: Dragapult|Hex|p2a: Weezing
|-damage|p2a: Weezing|0 fnt
|faint|p2a: Weezing
|-end|p2a: Weezing|ability: Neutralizing Gas
|
|upkeep
|
|t:|1758377029
|switch|p2a: Gholdengo|Gholdengo|43/100
|-damage|p2a: Gholdengo|37/100|[from] Stealth Rock
|turn|28
|
|t:|1758377036
|switch|p1a: Iron Boulder|Iron Boulder|88/100
|-damage|p1a: Iron Boulder|76/100|[from] Stealth Rock
|move|p2a: Gholdengo|Shadow Ball|p1a: Iron Boulder
|-supereffective|p1a: Iron Boulder
|-damage|p1a: Iron Boulder|0 fnt
|faint|p1a: Iron Boulder
|-end|p1a: Iron Boulder|Quark Drive|[silent]
|
|upkeep
|
|t:|1758377040
|switch|p1a: Moltres|Moltres|32/100
|turn|29
|
|t:|1758377044
|switch|p2a: Latios|Latios, M|36/100
|-damage|p2a: Latios|24/100|[from] Stealth Rock
|move|p1a: Moltres|Roost|p1a: Moltres
|-heal|p1a: Moltres|82/100
|-singleturn|p1a: Moltres|move: Roost
|
|upkeep
|turn|30
|
|t:|1758377053
|-terastallize|p2a: Latios|Dragon
|move|p2a: Latios|Draco Meteor|p1a: Moltres
|-damage|p1a: Moltres|0 fnt
|-unboost|p2a: Latios|spa|2
|faint|p1a: Moltres
|
|upkeep
|
|t:|1758377055
|switch|p1a: Dragapult|Dragapult, M|18/100
|turn|31
|
|t:|1758377058
|move|p1a: Dragapult|Dragon Darts|p2a: Latios
|-supereffective|p2a: Latios
|-damage|p2a: Latios|0 fnt
|faint|p2a: Latios
|
|upkeep
|
|t:|1758377060
|switch|p2a: Gholdengo|Gholdengo|37/100
|-damage|p2a: Gholdengo|31/100|[from] Stealth Rock
|turn|32
|
|t:|1758377065
|move|p2a: Gholdengo|Make It Rain|p1a: Dragapult
|-damage|p1a: Dragapult|0 fnt
|-unboost|p2a: Gholdengo|spa|1
|faint|p1a: Dragapult
|
|win|zeep vs zoop
|raw|oehtwashere's rating: 1802 &rarr; <strong>1779</strong><br />(-23 for losing)
|raw|zeep vs zoop's rating: 1750 &rarr; <strong>1773</strong><br />(+23 for winning)
|l|‽oehtwashere
|player|p1|
|c|☆zeep vs zoop|gg ez
|l|☆zeep vs zoop
|player|p2|
|j| JasmineThia
|l| JasmineThia
|l| xmagic_247
