|j|☆satasfactor
|j|☆GFYSYDAR
|t:|1758313710
|gametype|singles
|player|p1|satasfactor|lacey|1396
|player|p2|GFYSYDAR|scientist-gen4dp|1371
|gen|9
|tier|[Gen 9] OU
|rated|
|rule|HP Percentage Mod: HP is shown in percentages
|rule|Endless Battle Clause: Forcing endless battles is banned
|rule|Species Clause: Limit one of each Pokémon
|rule|OHKO Clause: OHKO moves are banned
|rule|Evasion Items Clause: Evasion items are banned
|rule|Evasion Moves Clause: Evasion moves are banned
|rule|Evasion Abilities Clause: Evasion abilities are banned
|rule|Sleep Moves Clause: Sleep-inducing moves are banned
|clearpoke
|poke|p1|Glimmora, M|
|poke|p1|Gliscor, F|
|poke|p1|Araquanid, F|
|poke|p1|Iron Moth|
|poke|p1|Ogerpon-Wellspring, F|
|poke|p1|Gholdengo|
|poke|p2|Electrode-Hisui|
|poke|p2|Gallade, M|
|poke|p2|Slowking-Galar, F|
|poke|p2|Alomomola, F|
|poke|p2|Great Tusk|
|poke|p2|Landorus-Therian, M|
|teampreview
|
|t:|1758313718
|teamsize|p1|6
|teamsize|p2|6
|start
|switch|p1a: Araquanid|Araquanid, F, shiny|100/100
|switch|p2a: Great Tusk|Great Tusk|100/100
|turn|1
|
|t:|1758313724
|move|p2a: Great Tusk|Head Smash|p1a: Araquanid
|-supereffective|p1a: Araquanid
|-damage|p1a: Araquanid|0 fnt
|faint|p1a: Araquanid
|-damage|p2a: Great Tusk|55/100|[from] Recoil
|
|upkeep
|
|t:|1758313736
|switch|p1a: Ogerpon|Ogerpon-Wellspring, F|100/100
|turn|2
|
|t:|1758313739
|-end|p2a: Great Tusk|Protosynthesis|[silent]
|switch|p2a: Landorus|Landorus-Therian, M|100/100
|-ability|p2a: Landorus|Intimidate|boost
|-unboost|p1a: Ogerpon|atk|1
|move|p1a: Ogerpon|Ivy Cudgel|p2a: Landorus|[anim] Ivy Cudgel Water
|-supereffective|p2a: Landorus
|-damage|p2a: Landorus|36/100
|
|upkeep
|turn|3
|
|t:|1758313750
|switch|p2a: Alomomola|Alomomola, F, shiny|100/100
|move|p1a: Ogerpon|Ivy Cudgel|p2a: Alomomola|[anim] Ivy Cudgel Water
|-resisted|p2a: Alomomola
|-damage|p2a: Alomomola|89/100
|
|upkeep
|turn|4
|
|t:|1758313757
|switch|p1a: Gliscor|Gliscor, F|100/100
|move|p2a: Alomomola|Wish|p2a: Alomomola
|
|-status|p1a: Gliscor|tox|[from] item: Toxic Orb
|upkeep
|turn|5
|
|t:|1758313764
|move|p1a: Gliscor|Swords Dance|p1a: Gliscor
|-boost|p1a: Gliscor|atk|2
|move|p2a: Alomomola|Flip Turn|p1a: Gliscor
|-supereffective|p1a: Gliscor
|-crit|p1a: Gliscor
|-damage|p1a: Gliscor|62/100 tox
|
|t:|1758313771
|switch|p2a: Great Tusk|Great Tusk|55/100|[from] Flip Turn
|
|-heal|p2a: Great Tusk|100/100|[from] move: Wish|[wisher] Alomomola
|-heal|p1a: Gliscor|75/100 tox|[from] ability: Poison Heal
|upkeep
|turn|6
|
|t:|1758313780
|move|p1a: Gliscor|Protect|p1a: Gliscor
|-singleturn|p1a: Gliscor|Protect
|move|p2a: Great Tusk|Ice Spinner|p1a: Gliscor
|-activate|p1a: Gliscor|move: Protect
|
|-heal|p1a: Gliscor|87/100 tox|[from] ability: Poison Heal
|upkeep
|turn|7
|
|t:|1758313788
|-terastallize|p1a: Gliscor|Normal
|move|p2a: Great Tusk|Ice Spinner|p1a: Gliscor
|-damage|p1a: Gliscor|65/100 tox
|move|p1a: Gliscor|Facade|p2a: Great Tusk
|-damage|p2a: Great Tusk|39/100
|
|-heal|p1a: Gliscor|78/100 tox|[from] ability: Poison Heal
|upkeep
|turn|8
|
|t:|1758313799
|-end|p2a: Great Tusk|Protosynthesis|[silent]
|switch|p2a: Landorus|Landorus-Therian, M|36/100
|-ability|p2a: Landorus|Intimidate|boost
|-unboost|p1a: Gliscor|atk|1
|move|p1a: Gliscor|Facade|p2a: Landorus
|-damage|p2a: Landorus|0 fnt
|-damage|p1a: Gliscor|61/100 tox|[from] item: Rocky Helmet|[of] p2a: Landorus
|faint|p2a: Landorus
|
|-heal|p1a: Gliscor|74/100 tox|[from] ability: Poison Heal
|upkeep
|
|t:|1758313811
|switch|p2a: Gallade|Gallade, M, shiny|100/100
|turn|9
|
|t:|1758313818
|move|p1a: Gliscor|Protect|p1a: Gliscor
|-singleturn|p1a: Gliscor|Protect
|move|p2a: Gallade|Sacred Sword|p1a: Gliscor
|-activate|p1a: Gliscor|move: Protect
|
|-heal|p1a: Gliscor|86/100 tox|[from] ability: Poison Heal
|upkeep
|turn|10
|
|t:|1758313827
|switch|p2a: Alomomola|Alomomola, F, shiny|100/100
|switch|p1a: Gholdengo|Gholdengo|100/100
|
|upkeep
|turn|11
|
|t:|1758313833
|move|p1a: Gholdengo|Nasty Plot|p1a: Gholdengo
|-boost|p1a: Gholdengo|spa|2
|move|p2a: Alomomola|Flip Turn|p1a: Gholdengo
|-damage|p1a: Gholdengo|83/100
|
|t:|1758313839
|switch|p2a: Great Tusk|Great Tusk|39/100|[from] Flip Turn
|
|-heal|p1a: Gholdengo|89/100|[from] item: Leftovers
|upkeep
|turn|12
|
|t:|1758313846
|switch|p1a: Ogerpon|Ogerpon-Wellspring, F|100/100
|move|p2a: Great Tusk|Headlong Rush|p1a: Ogerpon
|-resisted|p1a: Ogerpon
|-damage|p1a: Ogerpon|61/100
|-unboost|p2a: Great Tusk|def|1
|-unboost|p2a: Great Tusk|spd|1
|
|upkeep
|turn|13
|
|t:|1758313864
|-terastallize|p2a: Great Tusk|Steel
|move|p1a: Ogerpon|Power Whip|p2a: Great Tusk
|-resisted|p2a: Great Tusk
|-damage|p2a: Great Tusk|0 fnt
|faint|p2a: Great Tusk
|-end|p2a: Great Tusk|Protosynthesis|[silent]
|
|upkeep
|
|t:|1758313872
|switch|p2a: Electrode|Electrode-Hisui, shiny|100/100
|turn|14
|
|t:|1758313881
|switch|p1a: Gliscor|Gliscor, F, tera:Normal|86/100 tox
|move|p2a: Electrode|Leaf Storm|p1a: Gliscor
|-damage|p1a: Gliscor|21/100 tox
|-unboost|p2a: Electrode|spa|2
|
|-heal|p1a: Gliscor|34/100 tox|[from] ability: Poison Heal
|upkeep
|turn|15
|
|t:|1758313890
|switch|p2a: Alomomola|Alomomola, F, shiny|100/100
|move|p1a: Gliscor|Protect||[still]
|-fail|p1a: Gliscor
|
|-heal|p1a: Gliscor|46/100 tox|[from] ability: Poison Heal
|upkeep
|turn|16
|
|t:|1758313903
|move|p1a: Gliscor|Facade|p2a: Alomomola
|-damage|p2a: Alomomola|78/100
|move|p2a: Alomomola|Flip Turn|p1a: Gliscor
|-damage|p1a: Gliscor|33/100 tox
|
|t:|1758313909
|switch|p2a: Gallade|Gallade, M, shiny|100/100|[from] Flip Turn
|
|-heal|p1a: Gliscor|46/100 tox|[from] ability: Poison Heal
|upkeep
|turn|17
|
|t:|1758313916
|switch|p1a: Gholdengo|Gholdengo|89/100
|move|p2a: Gallade|Knock Off|p1a: Gholdengo
|-supereffective|p1a: Gholdengo
|-damage|p1a: Gholdengo|0 fnt
|-enditem|p1a: Gholdengo|Leftovers|[from] move: Knock Off|[of] p2a: Gallade
|faint|p1a: Gholdengo
|
|upkeep
|
|t:|1758313924
|switch|p1a: Glimmora|Glimmora, M, shiny|100/100
|turn|18
|
|t:|1758313937
|switch|p2a: Slowking|Slowking-Galar, F|100/100
|move|p1a: Glimmora|Power Gem|p2a: Slowking
|-damage|p2a: Slowking|75/100
|
|upkeep
|turn|19
|
|t:|1758313943
|move|p1a: Glimmora|Earth Power|p2a: Slowking
|-supereffective|p2a: Slowking
|-damage|p2a: Slowking|36/100
|move|p2a: Slowking|Future Sight|p1a: Glimmora
|-start|p2a: Slowking|move: Future Sight
|
|upkeep
|turn|20
|
|t:|1758313949
|switch|p2a: Gallade|Gallade, M, shiny|100/100
|move|p1a: Glimmora|Earth Power|p2a: Gallade
|-damage|p2a: Gallade|67/100
|
|upkeep
|turn|21
|
|t:|1758313956
|move|p1a: Glimmora|Power Gem|p2a: Gallade
|-resisted|p2a: Gallade
|-damage|p2a: Gallade|45/100
|move|p2a: Gallade|Psycho Cut|p1a: Glimmora
|-supereffective|p1a: Glimmora
|-enditem|p1a: Glimmora|Focus Sash
|-damage|p1a: Glimmora|1/100
|-activate|p1a: Glimmora|ability: Toxic Debris
|-sidestart|p2: GFYSYDAR|move: Toxic Spikes
|
|-end|p1a: Glimmora|move: Future Sight
|-supereffective|p1a: Glimmora
|-damage|p1a: Glimmora|0 fnt
|faint|p1a: Glimmora
|upkeep
|
|t:|1758313971
|switch|p1a: Iron Moth|Iron Moth, shiny|100/100
|-enditem|p1a: Iron Moth|Booster Energy
|-activate|p1a: Iron Moth|ability: Quark Drive|[fromitem]
|-start|p1a: Iron Moth|quarkdrivespa
|turn|22
|
|t:|1758313977
|move|p1a: Iron Moth|Dazzling Gleam|p2a: Gallade
|-supereffective|p2a: Gallade
|-damage|p2a: Gallade|0 fnt
|faint|p2a: Gallade
|
|upkeep
|
|t:|1758313982
|switch|p2a: Slowking|Slowking-Galar, F|69/100
|-sideend|p2: GFYSYDAR|move: Toxic Spikes|[of] p2a: Slowking
|turn|23
|
|t:|1758313988
|move|p1a: Iron Moth|Fiery Dance|p2a: Slowking
|-damage|p2a: Slowking|36/100
|move|p2a: Slowking|Future Sight|p1a: Iron Moth
|-start|p2a: Slowking|move: Future Sight
|
|upkeep
|turn|24
|
|t:|1758313994
|move|p1a: Iron Moth|Substitute|p1a: Iron Moth
|-start|p1a: Iron Moth|Substitute
|-damage|p1a: Iron Moth|76/100
|-prepare|p2a: Slowking|Chilly Reception|[premajor]
|move|p2a: Slowking|Chilly Reception|p2a: Slowking
|-weather|Snowscape
|
|t:|1758314000
|switch|p2a: Electrode|Electrode-Hisui, shiny|100/100|[from] Chilly Reception
|
|-weather|Snowscape|[upkeep]
|upkeep
|turn|25
|
|t:|1758314007
|-end|p1a: Iron Moth|Quark Drive|[silent]
|switch|p1a: Gliscor|Gliscor, F, tera:Normal|46/100 tox
|move|p2a: Electrode|Volt Switch|p1a: Gliscor
|-damage|p1a: Gliscor|13/100 tox
|
|t:|1758314013
|switch|p2a: Alomomola|Alomomola, F, shiny|100/100|[from] Volt Switch
|
|-weather|Snowscape|[upkeep]
|-end|p1a: Gliscor|move: Future Sight
|-damage|p1a: Gliscor|0 fnt
|faint|p1a: Gliscor
|upkeep
|
|t:|1758314016
|switch|p1a: Ogerpon|Ogerpon-Wellspring, F|61/100
|turn|26
|
|t:|1758314027
|switch|p2a: Electrode|Electrode-Hisui, shiny|100/100
|move|p1a: Ogerpon|Power Whip|p2a: Electrode
|-resisted|p2a: Electrode
|-damage|p2a: Electrode|37/100
|
|-weather|Snowscape|[upkeep]
|upkeep
|turn|27
|
|t:|1758314035
|move|p2a: Electrode|Leaf Storm|p1a: Ogerpon|[miss]
|-miss|p2a: Electrode|p1a: Ogerpon
|move|p1a: Ogerpon|Ivy Cudgel|p2a: Electrode|[anim] Ivy Cudgel Water
|-resisted|p2a: Electrode
|-damage|p2a: Electrode|0 fnt
|faint|p2a: Electrode
|
|-weather|Snowscape|[upkeep]
|upkeep
|
|t:|1758314046
|switch|p2a: Slowking|Slowking-Galar, F|69/100
|turn|28
|
|t:|1758314050
|move|p1a: Ogerpon|Swords Dance|p1a: Ogerpon
|-boost|p1a: Ogerpon|atk|2
|move|p2a: Slowking|Sludge Bomb|p1a: Ogerpon
|-supereffective|p1a: Ogerpon
|-damage|p1a: Ogerpon|0 fnt
|faint|p1a: Ogerpon
|
|-weather|none
|upkeep
|
|t:|1758314053
|switch|p1a: Iron Moth|Iron Moth, shiny|76/100
|turn|29
|
|t:|1758314061
|move|p1a: Iron Moth|Fiery Dance|p2a: Slowking
|-damage|p2a: Slowking|40/100
|-boost|p1a: Iron Moth|spa|1
|move|p2a: Slowking|Future Sight|p1a: Iron Moth
|-start|p2a: Slowking|move: Future Sight
|
|upkeep
|turn|30
|
|t:|1758314068
|switch|p2a: Alomomola|Alomomola, F, shiny|100/100
|move|p1a: Iron Moth|Fiery Dance|p2a: Alomomola
|-resisted|p2a: Alomomola
|-damage|p2a: Alomomola|59/100
|-boost|p1a: Iron Moth|spa|1
|
|upkeep
|turn|31
|
|t:|1758314076
|move|p1a: Iron Moth|Substitute|p1a: Iron Moth
|-start|p1a: Iron Moth|Substitute
|-damage|p1a: Iron Moth|51/100
|move|p2a: Alomomola|Flip Turn|p1a: Iron Moth
|-supereffective|p1a: Iron Moth
|-end|p1a: Iron Moth|Substitute
|
|t:|1758314082
|switch|p2a: Slowking|Slowking-Galar, F|73/100|[from] Flip Turn
|
|-end|p1a: Iron Moth|move: Future Sight
|-supereffective|p1a: Iron Moth
|-damage|p1a: Iron Moth|0 fnt
|faint|p1a: Iron Moth
|-end|p1a: Iron Moth|Quark Drive|[silent]
|
|win|GFYSYDAR
|raw|satasfactor's rating: 1396 &rarr; <strong>1375</strong><br />(-21 for losing)
|raw|GFYSYDAR's rating: 1371 &rarr; <strong>1392</strong><br />(+21 for winning)
|l|☆satasfactor
|player|p1|
|l|☆GFYSYDAR
|player|p2|
