|j|☆Carpe Toadem
|j|☆dxBasti
|t:|1758272773
|gametype|singles
|player|p1|Carpe Toadem|blue|1337
|player|p2|dxBasti|n|1337
|gen|9
|tier|[Gen 9] OU
|rated|
|rule|HP Percentage Mod: HP is shown in percentages
|rule|Endless Battle Clause: Forcing endless battles is banned
|rule|Species Clause: Limit one of each Pokémon
|rule|OHKO Clause: OHKO moves are banned
|rule|Evasion Items Clause: Evasion items are banned
|rule|Evasion Moves Clause: Evasion moves are banned
|rule|Evasion Abilities Clause: Evasion abilities are banned
|rule|Sleep Moves Clause: Sleep-inducing moves are banned
|clearpoke
|poke|p1|Zapdos|
|poke|p1|Pelipper, M|
|poke|p1|Iron Crown|
|poke|p1|Garganacl, F|
|poke|p1|Enamorus-Therian, F|
|poke|p1|Barraskewda, F|
|poke|p2|Indeedee, M|
|poke|p2|Hatterene, F|
|poke|p2|Ursaluna, F|
|poke|p2|Iron Hands|
|poke|p2|Hoopa-Unbound|
|poke|p2|Mimikyu, M|
|teampreview
|inactive|Battle timer is ON: inactive players will automatically lose when time's up. (requested by Carpe Toadem)
|
|t:|1758272781
|teamsize|p1|6
|teamsize|p2|6
|start
|switch|p1a: Barraskewda|Barraskewda, F|100/100
|switch|p2a: Iron Hands|Iron Hands|100/100
|-enditem|p2a: Iron Hands|Booster Energy
|-activate|p2a: Iron Hands|ability: Quark Drive|[fromitem]
|-start|p2a: Iron Hands|quarkdriveatk
|turn|1
|
|t:|1758272790
|move|p1a: Barraskewda|Flip Turn|p2a: Iron Hands
|-damage|p2a: Iron Hands|66/100
|
|t:|1758272793
|switch|p1a: Zapdos|Zapdos|100/100|[from] Flip Turn
|move|p2a: Iron Hands|Supercell Slam|p1a: Zapdos
|-damage|p1a: Zapdos|39/100
|
|upkeep
|turn|2
|
|t:|1758272799
|-terastallize|p2a: Iron Hands|Flying
|move|p1a: Zapdos|Hurricane|p2a: Iron Hands
|-crit|p2a: Iron Hands
|-damage|p2a: Iron Hands|17/100
|move|p2a: Iron Hands|Ice Punch|p1a: Zapdos
|-supereffective|p1a: Zapdos
|-damage|p1a: Zapdos|0 fnt
|faint|p1a: Zapdos
|
|upkeep
|
|t:|1758272806
|switch|p1a: Iron Crown|Iron Crown|100/100
|turn|3
|
|t:|1758272809
|move|p1a: Iron Crown|Tachyon Cutter|p2a: Iron Hands
|-damage|p2a: Iron Hands|0 fnt
|faint|p2a: Iron Hands
|-end|p2a: Iron Hands|Quark Drive|[silent]
|-hitcount|p2: Iron Hands|1
|
|upkeep
|
|t:|1758272811
|switch|p2a: Indeedee|Indeedee, M|100/100
|-fieldstart|move: Psychic Terrain|[from] ability: Psychic Surge|[of] p2a: Indeedee
|turn|4
|
|t:|1758272824
|switch|p2a: Mimikyu|Mimikyu, M|100/100
|move|p1a: Iron Crown|Future Sight|p2a: Mimikyu
|-start|p1a: Iron Crown|move: Future Sight
|
|upkeep
|turn|5
|
|t:|1758272827
|move|p1a: Iron Crown|Volt Switch|p2a: Mimikyu
|-activate|p2a: Mimikyu|ability: Disguise
|-damage|p2a: Mimikyu|100/100
|detailschange|p2a: Mimikyu|Mimikyu-Busted, M
|-damage|p2a: Mimikyu|88/100|[from] pokemon: Mimikyu-Busted
|-enditem|p2a: Mimikyu|Red Card|[of] p1a: Iron Crown
|-end|p1a: Iron Crown|Quark Drive|[silent]
|drag|p1a: Barraskewda|Barraskewda, F|100/100
|move|p2a: Mimikyu|Trick Room|p2a: Mimikyu
|-fieldstart|move: Trick Room|[of] p2a: Mimikyu
|
|upkeep
|turn|6
|
|t:|1758272836
|switch|p2a: Ursaluna|Ursaluna, F|100/100
|move|p1a: Barraskewda|Flip Turn|p2a: Ursaluna
|-supereffective|p2a: Ursaluna
|-crit|p2a: Ursaluna
|-damage|p2a: Ursaluna|0 fnt
|faint|p2a: Ursaluna
|
|t:|1758272840
|switch|p1a: Pelipper|Pelipper, M|100/100|[from] Flip Turn
|-weather|RainDance|[from] ability: Drizzle|[of] p1a: Pelipper
|
|-weather|RainDance|[upkeep]
|-hint|Future Sight did not hit because the target is fainted.
|upkeep
|
|t:|1758272845
|switch|p2a: Hoopa|Hoopa-Unbound|100/100
|-enditem|p2a: Hoopa|Psychic Seed
|-boost|p2a: Hoopa|spd|1|[from] item: Psychic Seed
|turn|7
|
|t:|1758272852
|move|p1a: Pelipper|U-turn|p2a: Hoopa
|-supereffective|p2a: Hoopa
|-damage|p2a: Hoopa|60/100
|
|t:|1758272855
|switch|p1a: Garganacl|Garganacl, F|100/100|[from] U-turn
|move|p2a: Hoopa|Expanding Force|p1a: Garganacl
|-damage|p1a: Garganacl|37/100
|-item|p2a: Hoopa|Leftovers|[from] ability: Magician|[of] p1a: Garganacl
|
|-weather|RainDance|[upkeep]
|-heal|p2a: Hoopa|66/100|[from] item: Leftovers
|upkeep
|turn|8
|
|t:|1758272861
|move|p1a: Garganacl|Salt Cure|p2a: Hoopa
|-damage|p2a: Hoopa|50/100
|-start|p2a: Hoopa|Salt Cure
|move|p2a: Hoopa|Expanding Force|p1a: Garganacl
|-damage|p1a: Garganacl|0 fnt
|faint|p1a: Garganacl
|
|-weather|RainDance|[upkeep]
|-heal|p2a: Hoopa|56/100|[from] item: Leftovers
|-damage|p2a: Hoopa|44/100|[from] Salt Cure
|upkeep
|
|t:|1758272866
|switch|p1a: Enamorus|Enamorus-Therian, F|100/100
|turn|9
|
|t:|1758272870
|move|p1a: Enamorus|Draining Kiss|p2a: Hoopa
|-supereffective|p2a: Hoopa
|-damage|p2a: Hoopa|2/100
|move|p2a: Hoopa|Expanding Force|p1a: Enamorus
|-damage|p1a: Enamorus|0 fnt
|faint|p1a: Enamorus
|
|-weather|RainDance|[upkeep]
|-heal|p2a: Hoopa|8/100|[from] item: Leftovers
|-damage|p2a: Hoopa|0 fnt|[from] Salt Cure
|faint|p2a: Hoopa
|-fieldend|move: Trick Room
|upkeep
|
|t:|1758272879
|switch|p2a: Mimikyu|Mimikyu-Busted, M|88/100
|switch|p1a: Barraskewda|Barraskewda, F|100/100
|turn|10
|
|t:|1758272882
|move|p1a: Barraskewda|Liquidation|p2a: Mimikyu
|-damage|p2a: Mimikyu|0 fnt
|faint|p2a: Mimikyu
|
|-weather|RainDance|[upkeep]
|upkeep
|
|t:|1758272892
|switch|p2a: Indeedee|Indeedee, M|100/100
|turn|11
|
|t:|1758272896
|move|p1a: Barraskewda|Liquidation|p2a: Indeedee
|-damage|p2a: Indeedee|0 fnt
|faint|p2a: Indeedee
|
|-weather|RainDance|[upkeep]
|-fieldend|move: Psychic Terrain
|upkeep
|
|t:|1758272898
|switch|p2a: Hatterene|Hatterene, F|100/100
|turn|12
|
|t:|1758272900
|move|p1a: Barraskewda|Liquidation|p2a: Hatterene
|-crit|p2a: Hatterene
|-damage|p2a: Hatterene|0 fnt
|faint|p2a: Hatterene
|
|win|Carpe Toadem
|raw|Carpe Toadem's rating: 1337 &rarr; <strong>1357</strong><br />(+20 for winning)
|raw|dxBasti's rating: 1337 &rarr; <strong>1317</strong><br />(-20 for losing)
|l|☆dxBasti
|player|p2|
|c|☆Carpe Toadem|Gg
|l|☆Carpe Toadem
|player|p1|
