|j|☆lemontits1
|j|☆Typrim
|t:|1758307731
|gametype|singles
|player|p1|lemontits1|1|1206
|player|p2|Typrim|hilbert|1148
|gen|9
|tier|[Gen 9] OU
|rated|
|rule|HP Percentage Mod: HP is shown in percentages
|rule|Endless Battle Clause: Forcing endless battles is banned
|rule|Species Clause: Limit one of each Pokémon
|rule|OHKO Clause: OHKO moves are banned
|rule|Evasion Items Clause: Evasion items are banned
|rule|Evasion Moves Clause: Evasion moves are banned
|rule|Evasion Abilities Clause: Evasion abilities are banned
|rule|Sleep Moves Clause: Sleep-inducing moves are banned
|clearpoke
|poke|p1|Decidueye-Hisui, M|
|poke|p1|Zapdos|
|poke|p1|Garchomp, M|
|poke|p1|Arcanine, F|
|poke|p1|Hydrapple, F|
|poke|p1|Delibird, F|
|poke|p2|Scizor, M|
|poke|p2|Thundurus, M|
|poke|p2|Iron Treads|
|poke|p2|Keldeo-Resolute|
|poke|p2|Rillaboom, F|
|poke|p2|Latias, F|
|teampreview
|inactive|Battle timer is ON: inactive players will automatically lose when time's up. (requested by Typrim)
|inactive|Typrim has 120 seconds left.
|
|t:|1758307775
|teamsize|p1|6
|teamsize|p2|6
|start
|switch|p1a: Garchomp|Garchomp, M|100/100
|switch|p2a: Scizor|Scizor, M|100/100
|turn|1
|
|t:|1758307799
|move|p1a: Garchomp|Stealth Rock|p2a: Scizor
|-sidestart|p2: Typrim|move: Stealth Rock
|move|p2a: Scizor|Knock Off|p1a: Garchomp
|-damage|p1a: Garchomp|67/100
|-damage|p2a: Scizor|88/100|[from] ability: Rough Skin|[of] p1a: Garchomp
|-damage|p2a: Scizor|72/100|[from] item: Rocky Helmet|[of] p1a: Garchomp
|-enditem|p1a: Garchomp|Rocky Helmet|[from] move: Knock Off|[of] p2a: Scizor
|
|upkeep
|turn|2
|
|t:|1758307815
|switch|p2a: Thundurus|Thundurus, M|100/100
|move|p1a: Garchomp|Earthquake|p2a: Thundurus
|-immune|p2a: Thundurus
|
|upkeep
|turn|3
|
|t:|1758307828
|move|p2a: Thundurus|Rain Dance|p2a: Thundurus
|-weather|RainDance
|move|p1a: Garchomp|Dragon Tail|p2a: Thundurus
|-damage|p2a: Thundurus|57/100
|drag|p2a: Iron Treads|Iron Treads|100/100
|-damage|p2a: Iron Treads|97/100|[from] Stealth Rock
|
|-weather|RainDance|[upkeep]
|upkeep
|turn|4
|
|t:|1758307840
|move|p2a: Iron Treads|Rapid Spin|p1a: Garchomp
|-damage|p1a: Garchomp|57/100
|-boost|p2a: Iron Treads|spe|1
|-damage|p2a: Iron Treads|85/100|[from] ability: Rough Skin|[of] p1a: Garchomp
|-sideend|p2: Typrim|Stealth Rock|[from] move: Rapid Spin|[of] p2a: Iron Treads
|move|p1a: Garchomp|Dragon Tail|p2a: Iron Treads
|-resisted|p2a: Iron Treads
|-damage|p2a: Iron Treads|75/100
|-end|p2a: Iron Treads|Quark Drive|[silent]
|drag|p2a: Thundurus|Thundurus, M|57/100
|
|-weather|RainDance|[upkeep]
|upkeep
|turn|5
|
|t:|1758307846
|move|p2a: Thundurus|Weather Ball|p1a: Garchomp
|-crit|p1a: Garchomp
|-damage|p1a: Garchomp|0 fnt
|faint|p1a: Garchomp
|
|-weather|RainDance|[upkeep]
|upkeep
|
|t:|1758307858
|switch|p1a: Zapdos|Zapdos|100/100
|turn|6
|
|t:|1758307884
|move|p2a: Thundurus|Volt Switch|p1a: Zapdos
|-damage|p1a: Zapdos|63/100
|
|t:|1758307888
|switch|p2a: Iron Treads|Iron Treads|75/100|[from] Volt Switch
|move|p1a: Zapdos|Tailwind|p1a: Zapdos
|-sidestart|p1: lemontits1|move: Tailwind
|
|-weather|RainDance|[upkeep]
|upkeep
|turn|7
|
|t:|1758307897
|move|p1a: Zapdos|Roost|p1a: Zapdos
|-heal|p1a: Zapdos|100/100
|-singleturn|p1a: Zapdos|move: Roost
|move|p2a: Iron Treads|Ice Spinner|p1a: Zapdos
|-damage|p1a: Zapdos|74/100
|-status|p2a: Iron Treads|par|[from] ability: Static|[of] p1a: Zapdos
|
|-weather|none
|upkeep
|turn|8
|
|t:|1758307910
|switch|p1a: Arcanine|Arcanine, F|100/100
|-ability|p1a: Arcanine|Intimidate|boost
|-unboost|p2a: Iron Treads|atk|1
|move|p2a: Iron Treads|Earthquake|p1a: Arcanine
|-supereffective|p1a: Arcanine
|-damage|p1a: Arcanine|25/100
|
|-heal|p1a: Arcanine|32/100|[from] item: Leftovers
|upkeep
|turn|9
|
|t:|1758307922
|switch|p1a: Zapdos|Zapdos|74/100
|cant|p2a: Iron Treads|par
|
|-sideend|p1: lemontits1|move: Tailwind
|upkeep
|turn|10
|
|t:|1758307928
|move|p1a: Zapdos|Tailwind|p1a: Zapdos
|-sidestart|p1: lemontits1|move: Tailwind
|cant|p2a: Iron Treads|par
|
|upkeep
|turn|11
|
|t:|1758307938
|switch|p1a: Decidueye|Decidueye-Hisui, M|100/100
|move|p2a: Iron Treads|Earthquake|p1a: Decidueye
|-resisted|p1a: Decidueye
|-damage|p1a: Decidueye|78/100
|
|upkeep
|turn|12
|
|t:|1758307947
|move|p1a: Decidueye|Trailblaze|p2a: Iron Treads
|-damage|p2a: Iron Treads|54/100 par
|-boost|p1a: Decidueye|spe|1
|cant|p2a: Iron Treads|par
|
|upkeep
|turn|13
|
|t:|1758307953
|move|p1a: Decidueye|Triple Arrows|p2a: Iron Treads
|-supereffective|p2a: Iron Treads
|-damage|p2a: Iron Treads|0 fnt
|faint|p2a: Iron Treads
|-end|p2a: Iron Treads|Quark Drive|[silent]
|
|-sideend|p1: lemontits1|move: Tailwind
|upkeep
|
|t:|1758307969
|switch|p2a: Scizor|Scizor, M|72/100
|turn|14
|inactive|Typrim has 120 seconds left.
|
|t:|1758308011
|move|p2a: Scizor|Bullet Punch|p1a: Decidueye
|-damage|p1a: Decidueye|15/100
|move|p1a: Decidueye|Knock Off|p2a: Scizor
|-damage|p2a: Scizor|34/100
|-enditem|p2a: Scizor|Choice Band|[from] move: Knock Off|[of] p1a: Decidueye
|
|upkeep
|turn|15
|
|t:|1758308024
|switch|p1a: Zapdos|Zapdos|74/100
|move|p2a: Scizor|Bullet Punch|p1a: Zapdos
|-resisted|p1a: Zapdos
|-damage|p1a: Zapdos|58/100
|
|upkeep
|turn|16
|
|t:|1758308036
|switch|p2a: Rillaboom|Rillaboom, F|100/100
|-fieldstart|move: Grassy Terrain|[from] ability: Grassy Surge|[of] p2a: Rillaboom
|move|p1a: Zapdos|Roost|p1a: Zapdos
|-heal|p1a: Zapdos|100/100
|-singleturn|p1a: Zapdos|move: Roost
|
|upkeep
|turn|17
|
|t:|1758308051
|switch|p2a: Thundurus|Thundurus, M|57/100
|move|p1a: Zapdos|Tailwind|p1a: Zapdos
|-sidestart|p1: lemontits1|move: Tailwind
|
|upkeep
|turn|18
|
|t:|1758308058
|move|p2a: Thundurus|Rain Dance|p2a: Thundurus
|-weather|RainDance
|move|p1a: Zapdos|Volt Switch|p2a: Thundurus
|-damage|p2a: Thundurus|8/100
|
|t:|1758308071
|switch|p1a: Decidueye|Decidueye-Hisui, M|15/100|[from] Volt Switch
|
|-weather|RainDance|[upkeep]
|-heal|p1a: Decidueye|21/100|[from] Grassy Terrain
|upkeep
|turn|19
|inactive|Typrim has 120 seconds left.
|
|t:|1758308087
|move|p2a: Thundurus|Thunder Wave|p1a: Decidueye
|-status|p1a: Decidueye|par
|move|p1a: Decidueye|Knock Off|p2a: Thundurus
|-damage|p2a: Thundurus|0 fnt
|-enditem|p2a: Thundurus|Heavy-Duty Boots|[from] move: Knock Off|[of] p1a: Decidueye
|faint|p2a: Thundurus
|
|-weather|RainDance|[upkeep]
|-heal|p1a: Decidueye|27/100 par|[from] Grassy Terrain
|upkeep
|
|t:|1758308101
|switch|p2a: Keldeo|Keldeo-Resolute|100/100
|turn|20
|
|t:|1758308108
|move|p2a: Keldeo|Hydro Pump|p1a: Decidueye
|-resisted|p1a: Decidueye
|-damage|p1a: Decidueye|0 fnt
|faint|p1a: Decidueye
|
|-weather|RainDance|[upkeep]
|-sideend|p1: lemontits1|move: Tailwind
|-fieldend|move: Grassy Terrain
|upkeep
|
|t:|1758308112
|switch|p1a: Delibird|Delibird, F|100/100
|turn|21
|
|t:|1758308124
|move|p1a: Delibird|Fake Out|p2a: Keldeo
|-damage|p2a: Keldeo|91/100
|cant|p2a: Keldeo|flinch
|
|-weather|RainDance|[upkeep]
|upkeep
|turn|22
|
|t:|1758308129
|move|p2a: Keldeo|Hydro Pump|p1a: Delibird
|-damage|p1a: Delibird|0 fnt
|faint|p1a: Delibird
|
|-weather|none
|upkeep
|
|t:|1758308134
|switch|p1a: Hydrapple|Hydrapple, F|100/100
|turn|23
|
|t:|1758308150
|switch|p2a: Rillaboom|Rillaboom, F|100/100
|-fieldstart|move: Grassy Terrain|[from] ability: Grassy Surge|[of] p2a: Rillaboom
|move|p1a: Hydrapple|Nasty Plot|p1a: Hydrapple
|-boost|p1a: Hydrapple|spa|2
|
|upkeep
|turn|24
|
|t:|1758308167
|move|p2a: Rillaboom|Swords Dance|p2a: Rillaboom
|-boost|p2a: Rillaboom|atk|2
|move|p1a: Hydrapple|Fickle Beam|p2a: Rillaboom|[anim] Fickle Beam All Out
|-activate|p1a: Hydrapple|move: Fickle Beam
|-damage|p2a: Rillaboom|0 fnt
|faint|p2a: Rillaboom
|
|upkeep
|
|t:|1758308173
|switch|p2a: Latias|Latias, F|100/100
|turn|25
|
|t:|1758308181
|move|p2a: Latias|Ice Beam|p1a: Hydrapple
|-supereffective|p1a: Hydrapple
|-damage|p1a: Hydrapple|0 fnt
|faint|p1a: Hydrapple
|
|upkeep
|
|t:|1758308197
|switch|p1a: Zapdos|Zapdos|100/100
|turn|26
|
|t:|1758308206
|move|p2a: Latias|Ice Beam|p1a: Zapdos
|-supereffective|p1a: Zapdos
|-damage|p1a: Zapdos|49/100
|move|p1a: Zapdos|Tailwind|p1a: Zapdos
|-sidestart|p1: lemontits1|move: Tailwind
|
|upkeep
|turn|27
|
|t:|1758308221
|move|p1a: Zapdos|Hurricane|p2a: Latias
|-damage|p2a: Latias|45/100
|move|p2a: Latias|Mist Ball|p1a: Zapdos
|-damage|p1a: Zapdos|0 fnt
|faint|p1a: Zapdos
|
|-fieldend|move: Grassy Terrain
|upkeep
|
|t:|1758308226
|switch|p1a: Arcanine|Arcanine, F|32/100
|-ability|p1a: Arcanine|Intimidate|boost
|-unboost|p2a: Latias|atk|1
|turn|28
|
|t:|1758308236
|move|p1a: Arcanine|Play Rough|p2a: Latias
|-supereffective|p2a: Latias
|-damage|p2a: Latias|0 fnt
|faint|p2a: Latias
|
|-heal|p1a: Arcanine|38/100|[from] item: Leftovers
|upkeep
|
|t:|1758308242
|switch|p2a: Scizor|Scizor, M|34/100
|turn|29
|
|t:|1758308250
|move|p2a: Scizor|Bullet Punch|p1a: Arcanine
|-resisted|p1a: Arcanine
|-damage|p1a: Arcanine|19/100
|move|p1a: Arcanine|Flare Blitz|p2a: Scizor
|-supereffective|p2a: Scizor
|-damage|p2a: Scizor|0 fnt
|faint|p2a: Scizor
|-damage|p1a: Arcanine|11/100|[from] Recoil
|
|-heal|p1a: Arcanine|17/100|[from] item: Leftovers
|-sideend|p1: lemontits1|move: Tailwind
|upkeep
|c|☆lemontits1|gg
|
|t:|1758308255
|switch|p2a: Keldeo|Keldeo-Resolute|91/100
|turn|30
|
|t:|1758308260
|move|p2a: Keldeo|Vacuum Wave|p1a: Arcanine
|-damage|p1a: Arcanine|0 fnt
|faint|p1a: Arcanine
|
|win|Typrim
|raw|lemontits1's rating: 1206 &rarr; <strong>1177</strong><br />(-29 for losing)
|raw|Typrim's rating: 1148 &rarr; <strong>1177</strong><br />(+29 for winning)
|l|☆Typrim
|player|p2|
|l|☆lemontits1
|player|p1|
