|j|☆wiggilydiggily
|j|☆skidi2689
|t:|1758241107
|gametype|singles
|player|p1|wiggilydiggily|170|1280
|player|p2|skidi2689|101|1321
|gen|9
|tier|[Gen 9] OU
|rated|
|rule|HP Percentage Mod: HP is shown in percentages
|rule|Endless Battle Clause: Forcing endless battles is banned
|rule|Species Clause: Limit one of each Pokémon
|rule|OHKO Clause: OHKO moves are banned
|rule|Evasion Items Clause: Evasion items are banned
|rule|Evasion Moves Clause: Evasion moves are banned
|rule|Evasion Abilities Clause: Evasion abilities are banned
|rule|Sleep Moves Clause: Sleep-inducing moves are banned
|clearpoke
|poke|p1|Wigglytuff, M|
|poke|p1|Raging Bolt|
|poke|p1|Great Tusk|
|poke|p1|Heatran, M|
|poke|p1|Ogerpon-Wellspring, F|
|poke|p1|Moltres|
|poke|p2|Pelipper, F|
|poke|p2|Volcanion|
|poke|p2|Ribombee, F|
|poke|p2|Kyurem|
|poke|p2|Ogerpon-Wellspring, F|
|poke|p2|Gastrodon, F|
|teampreview
|
|t:|1758241119
|teamsize|p1|6
|teamsize|p2|6
|start
|switch|p1a: Wigglytuff|Wigglytuff, M|100/100
|switch|p2a: Pelipper|Pelipper, F|100/100
|-weather|RainDance|[from] ability: Drizzle|[of] p2a: Pelipper
|turn|1
|
|t:|1758241123
|move|p2a: Pelipper|Hydro Pump|p1a: Wigglytuff|[miss]
|-miss|p2a: Pelipper|p1a: Wigglytuff
|move|p1a: Wigglytuff|Thunderbolt|p2a: Pelipper
|-supereffective|p2a: Pelipper
|-damage|p2a: Pelipper|0 fnt
|faint|p2a: Pelipper
|
|-weather|RainDance|[upkeep]
|upkeep
|
|t:|1758241130
|switch|p2a: Ribombee|Ribombee, F|100/100
|turn|2
|inactive|Battle timer is ON: inactive players will automatically lose when time's up. (requested by wiggilydiggily)
|
|t:|1758241135
|move|p2a: Ribombee|Quiver Dance|p2a: Ribombee
|-boost|p2a: Ribombee|spa|1
|-boost|p2a: Ribombee|spd|1
|-boost|p2a: Ribombee|spe|1
|move|p1a: Wigglytuff|Alluring Voice|p2a: Ribombee
|-damage|p2a: Ribombee|63/100
|
|-weather|RainDance|[upkeep]
|upkeep
|turn|3
|
|t:|1758241144
|switch|p1a: Moltres|Moltres|100/100
|move|p2a: Ribombee|Quiver Dance|p2a: Ribombee
|-boost|p2a: Ribombee|spa|1
|-boost|p2a: Ribombee|spd|1
|-boost|p2a: Ribombee|spe|1
|
|-weather|RainDance|[upkeep]
|upkeep
|turn|4
|
|t:|1758241155
|move|p2a: Ribombee|Moonblast|p1a: Moltres
|-resisted|p1a: Moltres
|-damage|p1a: Moltres|51/100
|-unboost|p1a: Moltres|spa|1
|move|p1a: Moltres|Air Slash|p2a: Ribombee
|-supereffective|p2a: Ribombee
|-damage|p2a: Ribombee|20/100
|
|-weather|RainDance|[upkeep]
|upkeep
|turn|5
|
|t:|1758241162
|move|p2a: Ribombee|Moonblast|p1a: Moltres
|-resisted|p1a: Moltres
|-damage|p1a: Moltres|0 fnt
|faint|p1a: Moltres
|
|-weather|none
|upkeep
|
|t:|1758241170
|switch|p1a: Wigglytuff|Wigglytuff, M|100/100
|turn|6
|
|t:|1758241176
|move|p2a: Ribombee|Sticky Web|p1a: Wigglytuff
|-sidestart|p1: wiggilydiggily|move: Sticky Web
|move|p1a: Wigglytuff|Alluring Voice|p2a: Ribombee
|-crit|p2a: Ribombee
|-damage|p2a: Ribombee|0 fnt
|faint|p2a: Ribombee
|
|upkeep
|
|t:|1758241180
|switch|p2a: Gastrodon|Gastrodon, F|100/100
|turn|7
|
|t:|1758241192
|switch|p1a: Great Tusk|Great Tusk|100/100
|move|p2a: Gastrodon|Sludge Bomb|p1a: Great Tusk
|-resisted|p1a: Great Tusk
|-damage|p1a: Great Tusk|82/100
|-status|p1a: Great Tusk|psn
|
|-damage|p1a: Great Tusk|70/100 psn|[from] psn
|upkeep
|turn|8
|
|t:|1758241206
|move|p1a: Great Tusk|Rapid Spin|p2a: Gastrodon
|-damage|p2a: Gastrodon|82/100
|-boost|p1a: Great Tusk|spe|1
|-sideend|p1: wiggilydiggily|Sticky Web|[from] move: Rapid Spin|[of] p1a: Great Tusk
|move|p2a: Gastrodon|Ice Beam|p1a: Great Tusk
|-supereffective|p1a: Great Tusk
|-damage|p1a: Great Tusk|0 fnt
|faint|p1a: Great Tusk
|-end|p1a: Great Tusk|Protosynthesis|[silent]
|
|upkeep
|
|t:|1758241212
|switch|p1a: Ogerpon|Ogerpon-Wellspring, F|100/100
|turn|9
|
|t:|1758241217
|-terastallize|p2a: Gastrodon|Ice
|move|p1a: Ogerpon|Trailblaze|p2a: Gastrodon
|-damage|p2a: Gastrodon|54/100
|-boost|p1a: Ogerpon|spe|1
|move|p2a: Gastrodon|Ice Beam|p1a: Ogerpon
|-damage|p1a: Ogerpon|55/100
|
|upkeep
|turn|10
|
|t:|1758241229
|move|p1a: Ogerpon|Power Whip|p2a: Gastrodon
|-damage|p2a: Gastrodon|0 fnt
|faint|p2a: Gastrodon
|
|upkeep
|
|t:|1758241235
|switch|p2a: Kyurem|Kyurem|100/100
|-ability|p2a: Kyurem|Pressure
|turn|11
|
|t:|1758241247
|move|p1a: Ogerpon|Play Rough|p2a: Kyurem
|-supereffective|p2a: Kyurem
|-damage|p2a: Kyurem|33/100
|move|p2a: Kyurem|Dragon Dance|p2a: Kyurem
|-boost|p2a: Kyurem|atk|1
|-boost|p2a: Kyurem|spe|1
|
|upkeep
|turn|12
|
|t:|1758241266
|-terastallize|p1a: Ogerpon|Water
|detailschange|p1a: Ogerpon|Ogerpon-Wellspring-Tera, F, tera:Water
|-ability|p1a: Ogerpon|Embody Aspect (Wellspring)|boost
|-boost|p1a: Ogerpon|spd|1
|move|p1a: Ogerpon|Ivy Cudgel|p2a: Kyurem|[anim] Ivy Cudgel Water
|-resisted|p2a: Kyurem
|-damage|p2a: Kyurem|0 fnt
|faint|p2a: Kyurem
|
|upkeep
|
|t:|1758241274
|switch|p2a: Ogerpon|Ogerpon-Wellspring, F|100/100
|turn|13
|
|t:|1758241291
|move|p1a: Ogerpon|Power Whip|p2a: Ogerpon
|-damage|p2a: Ogerpon|5/100
|move|p2a: Ogerpon|Horn Leech|p1a: Ogerpon
|-supereffective|p1a: Ogerpon
|-damage|p1a: Ogerpon|0 fnt
|-heal|p2a: Ogerpon|32/100|[from] drain|[of] p1a: Ogerpon
|faint|p1a: Ogerpon
|detailschange|p1: Ogerpon|Ogerpon-Wellspring, F|[silent]
|
|upkeep
|
|t:|1758241301
|switch|p1a: Raging Bolt|Raging Bolt|100/100
|-enditem|p1a: Raging Bolt|Booster Energy
|-activate|p1a: Raging Bolt|ability: Protosynthesis|[fromitem]
|-start|p1a: Raging Bolt|protosynthesisspa
|turn|14
|
|t:|1758241311
|move|p2a: Ogerpon|Swords Dance|p2a: Ogerpon
|-boost|p2a: Ogerpon|atk|2
|move|p1a: Raging Bolt|Thunderbolt|p2a: Ogerpon
|-damage|p2a: Ogerpon|0 fnt
|faint|p2a: Ogerpon
|
|upkeep
|
|t:|1758241314
|switch|p2a: Volcanion|Volcanion|100/100
|turn|15
|
|t:|1758241316
|move|p1a: Raging Bolt|Thunderbolt|p2a: Volcanion
|-supereffective|p2a: Volcanion
|-damage|p2a: Volcanion|7/100
|move|p2a: Volcanion|Earth Power|p1a: Raging Bolt
|-supereffective|p1a: Raging Bolt
|-damage|p1a: Raging Bolt|33/100
|
|upkeep
|turn|16
|
|t:|1758241324
|move|p1a: Raging Bolt|Thunderbolt|p2a: Volcanion
|-supereffective|p2a: Volcanion
|-damage|p2a: Volcanion|0 fnt
|faint|p2a: Volcanion
|
|win|wiggilydiggily
|raw|wiggilydiggily's rating: 1280 &rarr; <strong>1308</strong><br />(+28 for winning)
|raw|skidi2689's rating: 1321 &rarr; <strong>1299</strong><br />(-22 for losing)
|l|☆skidi2689
|player|p2|
|l|☆wiggilydiggily
|player|p1|
