|j|☆Flex1255
|j|☆stockroomsupply
|t:|1758292598
|gametype|singles
|player|p1|Flex1255|wallace|1208
|player|p2|stockroomsupply|1|1207
|gen|9
|tier|[Gen 9] OU
|rated|
|rule|HP Percentage Mod: HP is shown in percentages
|rule|Endless Battle Clause: Forcing endless battles is banned
|rule|Species Clause: Limit one of each Pokémon
|rule|OHKO Clause: OHKO moves are banned
|rule|Evasion Items Clause: Evasion items are banned
|rule|Evasion Moves Clause: Evasion moves are banned
|rule|Evasion Abilities Clause: Evasion abilities are banned
|rule|Sleep Moves Clause: Sleep-inducing moves are banned
|clearpoke
|poke|p1|Kyurem|
|poke|p1|Iron Moth|
|poke|p1|Kingambit, F|
|poke|p1|Landorus-Therian, M|
|poke|p1|Hatterene, F|
|poke|p1|Zamazenta-*|
|poke|p2|Mudsdale, F|
|poke|p2|Glimmora, M|
|poke|p2|Dusclops, F|
|poke|p2|Tyranitar, F|
|poke|p2|Ditto|
|poke|p2|Hitmontop, M|
|teampreview
|c|☆stockroomsupply|good luck :)
|
|t:|1758292617
|teamsize|p1|6
|teamsize|p2|6
|start
|switch|p1a: Landorus|Landorus-Therian, M|100/100
|switch|p2a: Mudsdale|Mudsdale, F|100/100
|-ability|p1a: Landorus|Intimidate|boost
|-unboost|p2a: Mudsdale|atk|1
|turn|1
|
|t:|1758292625
|move|p1a: Landorus|Grass Knot|p2a: Mudsdale
|-supereffective|p2a: Mudsdale
|-damage|p2a: Mudsdale|50/100
|-ability|p2a: Mudsdale|Stamina|boost
|-boost|p2a: Mudsdale|def|1
|move|p2a: Mudsdale|Stealth Rock|p1a: Landorus
|-sidestart|p1: Flex1255|move: Stealth Rock
|
|-heal|p2a: Mudsdale|56/100|[from] item: Leftovers
|upkeep
|turn|2
|
|t:|1758292634
|switch|p2a: Glimmora|Glimmora, M|100/100
|move|p1a: Landorus|Grass Knot|p2a: Glimmora
|-damage|p2a: Glimmora|80/100
|
|upkeep
|turn|3
|
|t:|1758292642
|move|p2a: Glimmora|Power Gem|p1a: Landorus
|-damage|p1a: Landorus|54/100
|move|p1a: Landorus|Earthquake|p2a: Glimmora
|-supereffective|p2a: Glimmora
|-crit|p2a: Glimmora
|-damage|p2a: Glimmora|0 fnt
|-activate|p2a: Glimmora|ability: Toxic Debris
|-sidestart|p1: Flex1255|move: Toxic Spikes
|faint|p2a: Glimmora
|
|upkeep
|
|t:|1758292648
|switch|p2a: Tyranitar|Tyranitar, F|100/100
|-weather|Sandstorm|[from] ability: Sand Stream|[of] p2a: Tyranitar
|turn|4
|
|t:|1758292657
|move|p1a: Landorus|Earthquake|p2a: Tyranitar
|-supereffective|p2a: Tyranitar
|-damage|p2a: Tyranitar|27/100
|move|p2a: Tyranitar|Ice Beam|p1a: Landorus
|-supereffective|p1a: Landorus
|-damage|p1a: Landorus|0 fnt
|faint|p1a: Landorus
|
|-weather|Sandstorm|[upkeep]
|upkeep
|
|t:|1758292669
|switch|p1a: Iron Moth|Iron Moth|100/100
|-damage|p1a: Iron Moth|76/100|[from] Stealth Rock
|-sideend|p1: Flex1255|move: Toxic Spikes|[of] p1a: Iron Moth
|-enditem|p1a: Iron Moth|Booster Energy
|-activate|p1a: Iron Moth|ability: Quark Drive|[fromitem]
|-start|p1a: Iron Moth|quarkdrivespe
|turn|5
|inactive|Battle timer is ON: inactive players will automatically lose when time's up. (requested by Flex1255)
|
|t:|1758292739
|move|p1a: Iron Moth|Dazzling Gleam|p2a: Tyranitar
|-supereffective|p2a: Tyranitar
|-damage|p2a: Tyranitar|11/100
|move|p2a: Tyranitar|Power Gem|p1a: Iron Moth
|-supereffective|p1a: Iron Moth
|-damage|p1a: Iron Moth|22/100
|
|-weather|Sandstorm|[upkeep]
|-damage|p1a: Iron Moth|16/100|[from] Sandstorm
|upkeep
|turn|6
|
|t:|1758292749
|move|p1a: Iron Moth|Fiery Dance|p2a: Tyranitar
|-resisted|p2a: Tyranitar
|-damage|p2a: Tyranitar|6/100
|move|p2a: Tyranitar|Power Gem|p1a: Iron Moth
|-supereffective|p1a: Iron Moth
|-damage|p1a: Iron Moth|0 fnt
|faint|p1a: Iron Moth
|-end|p1a: Iron Moth|Quark Drive|[silent]
|
|-weather|Sandstorm|[upkeep]
|upkeep
|
|t:|1758292762
|switch|p1a: Kyurem|Kyurem|100/100
|-damage|p1a: Kyurem|76/100|[from] Stealth Rock
|-ability|p1a: Kyurem|Pressure
|turn|7
|c|☆stockroomsupply|ttar is bulky
|
|t:|1758292770
|move|p1a: Kyurem|Dragon Dance|p1a: Kyurem
|-boost|p1a: Kyurem|atk|1
|-boost|p1a: Kyurem|spe|1
|move|p2a: Tyranitar|Power Gem|p1a: Kyurem
|-supereffective|p1a: Kyurem
|-damage|p1a: Kyurem|27/100
|
|-weather|Sandstorm|[upkeep]
|-damage|p1a: Kyurem|20/100|[from] Sandstorm
|upkeep
|turn|8
|
|t:|1758292779
|move|p1a: Kyurem|Icicle Spear|p2a: Tyranitar
|-damage|p2a: Tyranitar|0 fnt
|faint|p2a: Tyranitar
|-hitcount|p2: Tyranitar|1
|
|-weather|none
|upkeep
|
|t:|1758292784
|switch|p2a: Hitmontop|Hitmontop, M|100/100
|turn|9
|
|t:|1758292788
|move|p2a: Hitmontop|Fake Out|p1a: Kyurem
|-damage|p1a: Kyurem|8/100
|cant|p1a: Kyurem|flinch
|
|upkeep
|turn|10
|
|t:|1758292793
|move|p2a: Hitmontop|Mach Punch|p1a: Kyurem
|-supereffective|p1a: Kyurem
|-damage|p1a: Kyurem|0 fnt
|faint|p1a: Kyurem
|
|upkeep
|
|t:|1758292797
|switch|p1a: Zamazenta|Zamazenta|100/100
|-damage|p1a: Zamazenta|95/100|[from] Stealth Rock
|-ability|p1a: Zamazenta|Dauntless Shield|boost
|-boost|p1a: Zamazenta|def|1
|turn|11
|
|t:|1758292803
|switch|p2a: Mudsdale|Mudsdale, F|56/100
|move|p1a: Zamazenta|Iron Defense|p1a: Zamazenta
|-boost|p1a: Zamazenta|def|2
|
|-heal|p1a: Zamazenta|100/100|[from] item: Leftovers
|-heal|p2a: Mudsdale|62/100|[from] item: Leftovers
|upkeep
|turn|12
|
|t:|1758292810
|move|p1a: Zamazenta|Body Press|p2a: Mudsdale
|-damage|p2a: Mudsdale|10/100
|-ability|p2a: Mudsdale|Stamina|boost
|-boost|p2a: Mudsdale|def|1
|move|p2a: Mudsdale|Roar|p1a: Zamazenta
|drag|p1a: Kingambit|Kingambit, F|100/100
|-damage|p1a: Kingambit|94/100|[from] Stealth Rock
|-activate|p1a: Kingambit|ability: Supreme Overlord
|-start|p1a: Kingambit|fallen3|[silent]
|
|-heal|p1a: Kingambit|100/100|[from] item: Leftovers
|-heal|p2a: Mudsdale|16/100|[from] item: Leftovers
|upkeep
|turn|13
|
|t:|1758292823
|move|p1a: Kingambit|Kowtow Cleave|p2a: Mudsdale
|-damage|p2a: Mudsdale|0 fnt
|faint|p2a: Mudsdale
|
|upkeep
|
|t:|1758292838
|switch|p2a: Hitmontop|Hitmontop, M|100/100
|turn|14
|
|t:|1758292849
|-end|p1a: Kingambit|fallen3|[silent]
|switch|p1a: Zamazenta|Zamazenta|100/100
|-damage|p1a: Zamazenta|95/100|[from] Stealth Rock
|move|p2a: Hitmontop|Bulldoze|p1a: Zamazenta
|-damage|p1a: Zamazenta|77/100
|-unboost|p1a: Zamazenta|spe|1
|
|-heal|p1a: Zamazenta|83/100|[from] item: Leftovers
|upkeep
|turn|15
|
|t:|1758292860
|switch|p2a: Dusclops|Dusclops, F|100/100
|-item|p1a: Zamazenta|Leftovers|[from] ability: Frisk|[of] p2a: Dusclops
|move|p1a: Zamazenta|Iron Defense|p1a: Zamazenta
|-boost|p1a: Zamazenta|def|2
|
|-heal|p1a: Zamazenta|89/100|[from] item: Leftovers
|upkeep
|turn|16
|
|t:|1758292870
|move|p1a: Zamazenta|Substitute|p1a: Zamazenta
|-start|p1a: Zamazenta|Substitute
|-damage|p1a: Zamazenta|64/100
|move|p2a: Dusclops|Will-O-Wisp||[still]
|-fail|p2a: Dusclops
|
|-heal|p1a: Zamazenta|70/100|[from] item: Leftovers
|upkeep
|turn|17
|
|t:|1758292876
|move|p1a: Zamazenta|Crunch|p2a: Dusclops
|-supereffective|p2a: Dusclops
|-damage|p2a: Dusclops|75/100
|move|p2a: Dusclops|Curse|p1a: Zamazenta
|-start|p1a: Zamazenta|Curse|[of] p2a: Dusclops
|-damage|p2a: Dusclops|25/100
|
|-heal|p1a: Zamazenta|76/100|[from] item: Leftovers
|-damage|p1a: Zamazenta|51/100|[from] Curse
|upkeep
|turn|18
|c|☆stockroomsupply|uh oh
|
|t:|1758292885
|move|p1a: Zamazenta|Crunch|p2a: Dusclops
|-supereffective|p2a: Dusclops
|-damage|p2a: Dusclops|0 fnt
|faint|p2a: Dusclops
|
|-heal|p1a: Zamazenta|57/100|[from] item: Leftovers
|-damage|p1a: Zamazenta|33/100|[from] Curse
|upkeep
|
|t:|1758292894
|switch|p2a: Ditto|Ditto|100/100
|turn|19
|
|t:|1758292899
|switch|p1a: Hatterene|Hatterene, F|100/100
|-damage|p1a: Hatterene|88/100|[from] Stealth Rock
|switch|p2a: Hitmontop|Hitmontop, M|100/100
|
|upkeep
|turn|20
|
|t:|1758292909
|move|p2a: Hitmontop|Fake Out|p1a: Hatterene
|-damage|p1a: Hatterene|78/100
|cant|p1a: Hatterene|flinch
|
|upkeep
|turn|21
|
|t:|1758292918
|move|p2a: Hitmontop|Bulldoze|p1a: Hatterene
|-damage|p1a: Hatterene|62/100
|-unboost|p1a: Hatterene|spe|1
|move|p1a: Hatterene|Healing Wish|p1a: Hatterene
|faint|p1a: Hatterene
|
|upkeep
|
|t:|1758292923
|switch|p1a: Zamazenta|Zamazenta|33/100
|-heal|p1a: Zamazenta|100/100|[from] move: Healing Wish
|-damage|p1a: Zamazenta|95/100|[from] Stealth Rock
|turn|22
|
|t:|1758292930
|switch|p2a: Ditto|Ditto|100/100
|-transform|p2a: Ditto|p1a: Zamazenta|[from] ability: Imposter
|-ability|p2a: Ditto|Dauntless Shield|boost
|-boost|p2a: Ditto|def|1
|move|p1a: Zamazenta|Substitute|p1a: Zamazenta
|-start|p1a: Zamazenta|Substitute
|-damage|p1a: Zamazenta|70/100
|
|-heal|p1a: Zamazenta|76/100|[from] item: Leftovers
|upkeep
|turn|23
|
|t:|1758292940
|move|p2a: Ditto|Body Press|p1a: Zamazenta
|-end|p1a: Zamazenta|Substitute
|move|p1a: Zamazenta|Iron Defense|p1a: Zamazenta
|-boost|p1a: Zamazenta|def|2
|
|-heal|p1a: Zamazenta|82/100|[from] item: Leftovers
|upkeep
|turn|24
|
|t:|1758292946
|move|p2a: Ditto|Body Press|p1a: Zamazenta
|-damage|p1a: Zamazenta|63/100
|move|p1a: Zamazenta|Iron Defense|p1a: Zamazenta
|-boost|p1a: Zamazenta|def|2
|
|-heal|p1a: Zamazenta|69/100|[from] item: Leftovers
|upkeep
|turn|25
|
|t:|1758292953
|switch|p2a: Hitmontop|Hitmontop, M|100/100
|move|p1a: Zamazenta|Iron Defense|p1a: Zamazenta
|-boost|p1a: Zamazenta|def|2
|
|-heal|p1a: Zamazenta|75/100|[from] item: Leftovers
|upkeep
|turn|26
|c|☆stockroomsupply|you got me
|
|t:|1758292960
|switch|p2a: Ditto|Ditto|100/100
|-transform|p2a: Ditto|p1a: Zamazenta|[from] ability: Imposter
|move|p1a: Zamazenta|Substitute|p1a: Zamazenta
|-start|p1a: Zamazenta|Substitute
|-damage|p1a: Zamazenta|50/100
|
|-heal|p1a: Zamazenta|56/100|[from] item: Leftovers
|upkeep
|turn|27
|c|☆stockroomsupply|maybe not lol
|
|t:|1758292971
|move|p2a: Ditto|Body Press|p1a: Zamazenta
|-end|p1a: Zamazenta|Substitute
|move|p1a: Zamazenta|Body Press|p2a: Ditto
|-damage|p2a: Ditto|66/100
|
|-heal|p1a: Zamazenta|62/100|[from] item: Leftovers
|upkeep
|turn|28
|
|t:|1758292978
|move|p2a: Ditto|Body Press|p1a: Zamazenta
|-crit|p1a: Zamazenta
|-damage|p1a: Zamazenta|0 fnt
|faint|p1a: Zamazenta
|
|upkeep
|
|t:|1758292982
|switch|p1a: Kingambit|Kingambit, F|100/100
|-damage|p1a: Kingambit|94/100|[from] Stealth Rock
|-activate|p1a: Kingambit|ability: Supreme Overlord
|-start|p1a: Kingambit|fallen5|[silent]
|turn|29
|
|t:|1758292988
|move|p1a: Kingambit|Sucker Punch|p2a: Ditto
|-resisted|p2a: Ditto
|-damage|p2a: Ditto|59/100
|move|p2a: Ditto|Body Press|p1a: Kingambit
|-supereffective|p1a: Kingambit
|-damage|p1a: Kingambit|0 fnt
|faint|p1a: Kingambit
|-end|p1a: Kingambit|fallen5|[silent]
|
|win|stockroomsupply
|raw|Flex1255's rating: 1208 &rarr; <strong>1183</strong><br />(-25 for losing)
|raw|stockroomsupply's rating: 1207 &rarr; <strong>1232</strong><br />(+25 for winning)
|c|☆stockroomsupply|gg
|c|☆Flex1255|gg
|l|☆Flex1255
|player|p1|
