|j|☆Saturation1
|j|☆izuku_mdrya
|t:|1758266125
|gametype|singles
|player|p1|Saturation1|brock|1514
|player|p2|izuku_mdrya|red|1481
|gen|9
|tier|[Gen 9] OU
|rated|
|rule|HP Percentage Mod: HP is shown in percentages
|rule|Endless Battle Clause: Forcing endless battles is banned
|rule|Species Clause: Limit one of each Pokémon
|rule|OHKO Clause: OHKO moves are banned
|rule|Evasion Items Clause: Evasion items are banned
|rule|Evasion Moves Clause: Evasion moves are banned
|rule|Evasion Abilities Clause: Evasion abilities are banned
|rule|Sleep Moves Clause: Sleep-inducing moves are banned
|clearpoke
|poke|p1|Pecharunt|
|poke|p1|Great Tusk|
|poke|p1|Ogerpon-Wellspring, F|
|poke|p1|Iron Crown|
|poke|p1|Landorus-Therian, M|
|poke|p1|Samurott-Hisui, F|
|poke|p2|Skeledirge, F|
|poke|p2|Ogerpon-Wellspring, F|
|poke|p2|Garchomp, M|
|poke|p2|Zapdos|
|poke|p2|Iron Valiant|
|poke|p2|Ribombee, M|
|teampreview
|inactive|Battle timer is ON: inactive players will automatically lose when time's up. (requested by izuku_mdrya)
|
|t:|1758266148
|teamsize|p1|6
|teamsize|p2|6
|start
|switch|p1a: Iron Crown|Iron Crown|100/100
|switch|p2a: Luka Modric|Ribombee, M|100/100
|turn|1
|l|☆Saturation1
|inactive|Saturation1 disconnected and has a minute to reconnect!
|player|p1|
|j|☆Saturation1
|inactive|Saturation1 reconnected and has 125 seconds left.
|player|p1|Saturation1|brock|
|inactive|Saturation1 has 120 seconds left.
|
|t:|1758266197
|switch|p2a: Sergio Ramos|Zapdos|100/100
|move|p1a: Iron Crown|Tachyon Cutter|p2a: Sergio Ramos
|-resisted|p2a: Sergio Ramos
|-damage|p2a: Sergio Ramos|81/100
|-resisted|p2a: Sergio Ramos
|-damage|p2a: Sergio Ramos|62/100
|-hitcount|p2a: Sergio Ramos|2
|
|-heal|p2a: Sergio Ramos|68/100|[from] item: Leftovers
|upkeep
|turn|2
|
|t:|1758266205
|-terastallize|p1a: Iron Crown|Steel
|move|p1a: Iron Crown|Tachyon Cutter|p2a: Sergio Ramos
|-resisted|p2a: Sergio Ramos
|-damage|p2a: Sergio Ramos|42/100
|-resisted|p2a: Sergio Ramos
|-crit|p2a: Sergio Ramos
|-damage|p2a: Sergio Ramos|4/100
|-hitcount|p2a: Sergio Ramos|2
|move|p2a: Sergio Ramos|Hurricane|p1a: Iron Crown
|-resisted|p1a: Iron Crown
|-damage|p1a: Iron Crown|72/100
|-start|p1a: Iron Crown|confusion
|
|-heal|p2a: Sergio Ramos|10/100|[from] item: Leftovers
|upkeep
|turn|3
|
|t:|1758266210
|-activate|p1a: Iron Crown|confusion
|-damage|p1a: Iron Crown|65/100|[from] confusion
|move|p2a: Sergio Ramos|Roost|p2a: Sergio Ramos
|-heal|p2a: Sergio Ramos|60/100
|-singleturn|p2a: Sergio Ramos|move: Roost
|
|-heal|p2a: Sergio Ramos|67/100|[from] item: Leftovers
|upkeep
|turn|4
|
|t:|1758266213
|-end|p1a: Iron Crown|confusion
|move|p1a: Iron Crown|Tachyon Cutter|p2a: Sergio Ramos
|-resisted|p2a: Sergio Ramos
|-damage|p2a: Sergio Ramos|42/100
|-resisted|p2a: Sergio Ramos
|-damage|p2a: Sergio Ramos|18/100
|-hitcount|p2a: Sergio Ramos|2
|move|p2a: Sergio Ramos|Roost|p2a: Sergio Ramos
|-heal|p2a: Sergio Ramos|68/100
|-singleturn|p2a: Sergio Ramos|move: Roost
|
|-heal|p2a: Sergio Ramos|74/100|[from] item: Leftovers
|upkeep
|turn|5
|
|t:|1758266219
|move|p1a: Iron Crown|Tachyon Cutter|p2a: Sergio Ramos
|-resisted|p2a: Sergio Ramos
|-damage|p2a: Sergio Ramos|52/100
|-resisted|p2a: Sergio Ramos
|-damage|p2a: Sergio Ramos|26/100
|-hitcount|p2a: Sergio Ramos|2
|move|p2a: Sergio Ramos|Heat Wave|p1a: Iron Crown
|-supereffective|p1a: Iron Crown
|-damage|p1a: Iron Crown|0 fnt
|faint|p1a: Iron Crown
|-end|p1a: Iron Crown|Quark Drive|[silent]
|
|-heal|p2a: Sergio Ramos|32/100|[from] item: Leftovers
|upkeep
|
|t:|1758266233
|switch|p1a: Landorus|Landorus-Therian, M|100/100
|-ability|p1a: Landorus|Intimidate|boost
|-unboost|p2a: Sergio Ramos|atk|1
|turn|6
|
|t:|1758266236
|move|p1a: Landorus|Stone Edge|p2a: Sergio Ramos|[miss]
|-miss|p1a: Landorus|p2a: Sergio Ramos
|move|p2a: Sergio Ramos|Roost|p2a: Sergio Ramos
|-heal|p2a: Sergio Ramos|82/100
|-singleturn|p2a: Sergio Ramos|move: Roost
|
|-heal|p2a: Sergio Ramos|89/100|[from] item: Leftovers
|upkeep
|turn|7
|-message|Saturation1 forfeited.
|
|win|izuku_mdrya
|raw|Saturation1's rating: 1514 &rarr; <strong>1492</strong><br />(-22 for losing)
|raw|izuku_mdrya's rating: 1481 &rarr; <strong>1503</strong><br />(+22 for winning)
|l|☆Saturation1
|player|p1|
|l|☆izuku_mdrya
|player|p2|
