|j|☆Winter escape
|j|☆Cruzrooni
|t:|1758269153
|gametype|singles
|player|p1|Winter escape|unknown|1238
|player|p2|Cruzrooni|pryce|1259
|gen|9
|tier|[Gen 9] OU
|rated|
|rule|HP Percentage Mod: HP is shown in percentages
|rule|Endless Battle Clause: Forcing endless battles is banned
|rule|Species Clause: Limit one of each Pokémon
|rule|OHKO Clause: OHKO moves are banned
|rule|Evasion Items Clause: Evasion items are banned
|rule|Evasion Moves Clause: Evasion moves are banned
|rule|Evasion Abilities Clause: Evasion abilities are banned
|rule|Sleep Moves Clause: Sleep-inducing moves are banned
|clearpoke
|poke|p1|Fezandipiti, M|
|poke|p1|Ceruledge, M|
|poke|p1|Hatterene, F|
|poke|p1|Great Tusk|
|poke|p1|Ogerpon-Wellspring, F|
|poke|p1|Weavile, F|
|poke|p2|Clodsire, F|
|poke|p2|Cetitan, M|
|poke|p2|Slowking, M|
|poke|p2|Great Tusk|
|poke|p2|Salamence, M|
|poke|p2|Frosmoth, M|
|teampreview
|inactive|Battle timer is ON: inactive players will automatically lose when time's up. (requested by Winter escape)
|
|t:|1758269171
|teamsize|p1|6
|teamsize|p2|6
|start
|switch|p1a: Weavile|Weavile, F|100/100
|switch|p2a: Salamence|Salamence, M|100/100
|-ability|p1a: Weavile|Pressure
|-ability|p2a: Salamence|Intimidate|boost
|-unboost|p1a: Weavile|atk|1
|turn|1
|
|t:|1758269179
|-terastallize|p2a: Salamence|Poison
|move|p1a: Weavile|Triple Axel|p2a: Salamence
|-damage|p2a: Salamence|92/100
|-damage|p2a: Salamence|75/100
|-damage|p2a: Salamence|49/100
|-hitcount|p2a: Salamence|3
|move|p2a: Salamence|Flamethrower|p1a: Weavile
|-supereffective|p1a: Weavile
|-damage|p1a: Weavile|0 fnt
|faint|p1a: Weavile
|
|upkeep
|inactive|Winter escape has 120 seconds left.
|
|t:|1758269211
|switch|p1a: Fezandipiti|Fezandipiti, M|100/100
|turn|2
|
|t:|1758269225
|switch|p2a: Slowking|Slowking, M|100/100
|move|p1a: Fezandipiti|U-turn|p2a: Slowking
|-supereffective|p2a: Slowking
|-damage|p2a: Slowking|80/100
|-status|p2a: Slowking|tox|[from] ability: Toxic Chain|[of] p1a: Fezandipiti
|inactive|Winter escape has 120 seconds left.
|
|t:|1758269237
|switch|p1a: Ceruledge|Ceruledge, M|100/100|[from] U-turn
|
|-damage|p2a: Slowking|74/100 tox|[from] psn
|upkeep
|turn|3
|
|t:|1758269243
|switch|p1a: Ogerpon|Ogerpon-Wellspring, F|100/100
|move|p2a: Slowking|Future Sight|p1a: Ogerpon
|-start|p2a: Slowking|move: Future Sight
|
|-damage|p2a: Slowking|61/100 tox|[from] psn
|upkeep
|turn|4
|inactive|Winter escape has 120 seconds left.
|
|t:|1758269264
|move|p1a: Ogerpon|Knock Off|p2a: Slowking
|-supereffective|p2a: Slowking
|-damage|p2a: Slowking|10/100 tox
|-enditem|p2a: Slowking|Icy Rock|[from] move: Knock Off|[of] p1a: Ogerpon
|-prepare|p2a: Slowking|Chilly Reception|[premajor]
|move|p2a: Slowking|Chilly Reception|p2a: Slowking
|-weather|Snowscape
|
|t:|1758269284
|switch|p2a: Clodsire|Clodsire, F|100/100|[from] Chilly Reception
|
|-weather|Snowscape|[upkeep]
|upkeep
|turn|5
|
|t:|1758269294
|move|p1a: Ogerpon|U-turn|p2a: Clodsire
|-resisted|p2a: Clodsire
|-damage|p2a: Clodsire|85/100
|
|t:|1758269300
|switch|p1a: Hatterene|Hatterene, F|100/100|[from] U-turn
|move|p2a: Clodsire|Stealth Rock|p1a: Hatterene
|move|p1a: Hatterene|Stealth Rock|p2a: Clodsire|[from] ability: Magic Bounce
|-sidestart|p2: Cruzrooni|move: Stealth Rock
|
|-weather|Snowscape|[upkeep]
|-end|p1a: Hatterene|move: Future Sight
|-resisted|p1a: Hatterene
|-damage|p1a: Hatterene|78/100
|-heal|p2a: Clodsire|91/100|[from] item: Black Sludge
|upkeep
|turn|6
|
|t:|1758269311
|move|p1a: Hatterene|Future Sight|p2a: Clodsire
|-start|p1a: Hatterene|move: Future Sight
|move|p2a: Clodsire|Earthquake|p1a: Hatterene
|-damage|p1a: Hatterene|55/100
|-enditem|p1a: Hatterene|Eject Button
|inactive|Winter escape has 120 seconds left.
|
|t:|1758269322
|switch|p1a: Ogerpon|Ogerpon-Wellspring, F|100/100
|
|-weather|Snowscape|[upkeep]
|-heal|p2a: Clodsire|97/100|[from] item: Black Sludge
|upkeep
|turn|7
|inactive|Winter escape has 120 seconds left.
|
|t:|1758269335
|move|p1a: Ogerpon|U-turn|p2a: Clodsire
|-resisted|p2a: Clodsire
|-damage|p2a: Clodsire|81/100
|
|t:|1758269338
|switch|p1a: Hatterene|Hatterene, F|55/100|[from] U-turn
|move|p2a: Clodsire|Stealth Rock|p1a: Hatterene
|move|p1a: Hatterene|Stealth Rock||[from] ability: Magic Bounce|[still]
|-fail|p1a: Hatterene
|
|-weather|Snowscape|[upkeep]
|-heal|p2a: Clodsire|88/100|[from] item: Black Sludge
|upkeep
|turn|8
|inactive|Winter escape has 120 seconds left.
|
|t:|1758269355
|move|p1a: Hatterene|Dazzling Gleam|p2a: Clodsire
|-resisted|p2a: Clodsire
|-damage|p2a: Clodsire|79/100
|move|p2a: Clodsire|Earthquake|p1a: Hatterene
|-damage|p1a: Hatterene|33/100
|
|-weather|none
|-end|p2a: Clodsire|move: Future Sight
|-supereffective|p2a: Clodsire
|-damage|p2a: Clodsire|23/100
|-heal|p2a: Clodsire|29/100|[from] item: Black Sludge
|upkeep
|turn|9
|inactive|Winter escape has 120 seconds left.
|
|t:|1758269366
|move|p1a: Hatterene|Future Sight|p2a: Clodsire
|-start|p1a: Hatterene|move: Future Sight
|move|p2a: Clodsire|Recover|p2a: Clodsire
|-heal|p2a: Clodsire|79/100
|
|-heal|p2a: Clodsire|85/100|[from] item: Black Sludge
|upkeep
|turn|10
|
|t:|1758269374
|switch|p1a: Ogerpon|Ogerpon-Wellspring, F|100/100
|move|p2a: Clodsire|Earthquake|p1a: Ogerpon
|-resisted|p1a: Ogerpon
|-damage|p1a: Ogerpon|82/100
|
|-heal|p2a: Clodsire|91/100|[from] item: Black Sludge
|upkeep
|turn|11
|
|t:|1758269382
|switch|p2a: Great Tusk|Great Tusk|100/100
|move|p1a: Ogerpon|Knock Off|p2a: Great Tusk
|-resisted|p2a: Great Tusk
|-damage|p2a: Great Tusk|88/100
|-enditem|p2a: Great Tusk|Heavy-Duty Boots|[from] move: Knock Off|[of] p1a: Ogerpon
|
|-end|p2a: Great Tusk|move: Future Sight
|-supereffective|p2a: Great Tusk
|-damage|p2a: Great Tusk|0 fnt
|faint|p2a: Great Tusk
|-end|p2a: Great Tusk|Protosynthesis|[silent]
|upkeep
|
|t:|1758269390
|switch|p2a: Slowking|Slowking, M|43/100 tox
|-damage|p2a: Slowking|30/100 tox|[from] Stealth Rock
|turn|12
|
|t:|1758269394
|switch|p2a: Clodsire|Clodsire, F|91/100
|-damage|p2a: Clodsire|85/100|[from] Stealth Rock
|move|p1a: Ogerpon|Power Whip|p2a: Clodsire
|-crit|p2a: Clodsire
|-damage|p2a: Clodsire|0 fnt
|faint|p2a: Clodsire
|
|upkeep
|
|t:|1758269402
|switch|p2a: Slowking|Slowking, M|64/100 tox
|-damage|p2a: Slowking|51/100 tox|[from] Stealth Rock
|turn|13
|
|t:|1758269413
|move|p1a: Ogerpon|Power Whip|p2a: Slowking
|-supereffective|p2a: Slowking
|-damage|p2a: Slowking|0 fnt
|faint|p2a: Slowking
|
|upkeep
|
|t:|1758269419
|switch|p2a: Cetitan|Cetitan, M, shiny|100/100
|-damage|p2a: Cetitan|76/100|[from] Stealth Rock
|turn|14
|-message|Cruzrooni forfeited.
|
|win|Winter escape
|raw|Winter escape's rating: 1238 &rarr; <strong>1265</strong><br />(+27 for winning)
|raw|Cruzrooni's rating: 1259 &rarr; <strong>1232</strong><br />(-27 for losing)
|l|☆Cruzrooni
|player|p2|
|l|☆Winter escape
|player|p1|
