|j|☆jamel1
|j|☆arreat summit
|t:|1758247625
|gametype|singles
|player|p1|jamel1|cyrus|1756
|player|p2|arreat summit|ninjaboy|1674
|gen|9
|tier|[Gen 9] OU
|rated|
|rule|HP Percentage Mod: HP is shown in percentages
|rule|Endless Battle Clause: Forcing endless battles is banned
|rule|Species Clause: Limit one of each Pokémon
|rule|OHKO Clause: OHKO moves are banned
|rule|Evasion Items Clause: Evasion items are banned
|rule|Evasion Moves Clause: Evasion moves are banned
|rule|Evasion Abilities Clause: Evasion abilities are banned
|rule|Sleep Moves Clause: Sleep-inducing moves are banned
|clearpoke
|poke|p1|Sandaconda, F|
|poke|p1|Deoxys-Defense|
|poke|p1|Gyarados, F|
|poke|p1|Maushold|
|poke|p1|Serperior, M|
|poke|p1|Kommo-o, F|
|poke|p2|Dragonite, M|
|poke|p2|Samurott-Hisui, M|
|poke|p2|Gholdengo|
|poke|p2|Iron Treads|
|poke|p2|Iron Valiant|
|poke|p2|Raging Bolt|
|teampreview
|
|t:|1758247633
|teamsize|p1|6
|teamsize|p2|6
|start
|switch|p1a: Sandaconda|Sandaconda, F|100/100
|switch|p2a: Iron Treads|Iron Treads, shiny|100/100
|-enditem|p2a: Iron Treads|Booster Energy
|-activate|p2a: Iron Treads|ability: Quark Drive|[fromitem]
|-start|p2a: Iron Treads|quarkdrivespe
|turn|1
|
|t:|1758247640
|move|p2a: Iron Treads|Stealth Rock|p1a: Sandaconda
|-sidestart|p1: jamel1|move: Stealth Rock
|move|p1a: Sandaconda|Glare|p2a: Iron Treads
|-status|p2a: Iron Treads|par
|
|upkeep
|turn|2
|
|t:|1758247644
|move|p1a: Sandaconda|Earthquake|p2a: Iron Treads
|-supereffective|p2a: Iron Treads
|-damage|p2a: Iron Treads|24/100 par
|cant|p2a: Iron Treads|par
|
|upkeep
|turn|3
|
|t:|1758247651
|-end|p2a: Iron Treads|Quark Drive|[silent]
|switch|p2a: Gholdengo|Gholdengo, shiny|100/100
|-item|p2a: Gholdengo|Air Balloon
|move|p1a: Sandaconda|Earthquake|p2a: Gholdengo
|-immune|p2a: Gholdengo
|
|upkeep
|turn|4
|
|t:|1758247656
|move|p2a: Gholdengo|Shadow Ball|p1a: Sandaconda
|-damage|p1a: Sandaconda|36/100
|move|p1a: Sandaconda|Iron Head|p2a: Gholdengo
|-resisted|p2a: Gholdengo
|-damage|p2a: Gholdengo|86/100
|-enditem|p2a: Gholdengo|Air Balloon
|
|upkeep
|turn|5
|
|t:|1758247659
|move|p2a: Gholdengo|Shadow Ball|p1a: Sandaconda
|-damage|p1a: Sandaconda|0 fnt
|faint|p1a: Sandaconda
|
|upkeep
|
|t:|1758247661
|switch|p1a: Maushold|Maushold|100/100
|-damage|p1a: Maushold|88/100|[from] Stealth Rock
|turn|6
|
|t:|1758247663
|switch|p2a: Iron Treads|Iron Treads, shiny|24/100 par
|move|p1a: Maushold|Tidy Up|p1a: Maushold
|-sideend|p1: jamel1|Stealth Rock
|-activate|p1a: Maushold|move: Tidy Up
|-boost|p1a: Maushold|atk|1
|-boost|p1a: Maushold|spe|1
|
|upkeep
|turn|7
|
|t:|1758247667
|move|p1a: Maushold|Population Bomb|p2a: Iron Treads
|-resisted|p2a: Iron Treads
|-damage|p2a: Iron Treads|16/100 par
|-resisted|p2a: Iron Treads
|-damage|p2a: Iron Treads|10/100 par
|-resisted|p2a: Iron Treads
|-damage|p2a: Iron Treads|3/100 par
|-resisted|p2a: Iron Treads
|-damage|p2a: Iron Treads|0 fnt
|faint|p2a: Iron Treads
|-end|p2a: Iron Treads|Quark Drive|[silent]
|-hitcount|p2: Iron Treads|4
|
|upkeep
|
|t:|1758247676
|switch|p2a: Gholdengo|Gholdengo, shiny|86/100
|turn|8
|
|t:|1758247677
|move|p1a: Maushold|Bite|p2a: Gholdengo
|-supereffective|p2a: Gholdengo
|-damage|p2a: Gholdengo|18/100
|move|p2a: Gholdengo|Shadow Ball|p1a: Maushold
|-immune|p1a: Maushold
|
|upkeep
|turn|9
|
|t:|1758247681
|move|p1a: Maushold|Bite|p2a: Gholdengo
|-supereffective|p2a: Gholdengo
|-damage|p2a: Gholdengo|0 fnt
|faint|p2a: Gholdengo
|
|upkeep
|c|☆arreat summit|misclicked
|c|☆arreat summit|damn
|
|t:|1758247687
|switch|p2a: Iron Valiant|Iron Valiant, shiny|100/100
|-enditem|p2a: Iron Valiant|Booster Energy
|-activate|p2a: Iron Valiant|ability: Quark Drive|[fromitem]
|-start|p2a: Iron Valiant|quarkdrivespe
|turn|10
|
|t:|1758247689
|move|p2a: Iron Valiant|Encore|p1a: Maushold
|-start|p1a: Maushold|Encore
|move|p1a: Maushold|Bite|p2a: Iron Valiant
|-resisted|p2a: Iron Valiant
|-damage|p2a: Iron Valiant|91/100
|
|upkeep
|turn|11
|
|t:|1758247692
|switch|p1a: Serperior|Serperior, M, shiny|100/100
|move|p2a: Iron Valiant|Swords Dance|p2a: Iron Valiant
|-boost|p2a: Iron Valiant|atk|2
|
|upkeep
|turn|12
|
|t:|1758247696
|move|p2a: Iron Valiant|Spirit Break|p1a: Serperior
|-damage|p1a: Serperior|6/100
|-boost|p1a: Serperior|spa|1
|move|p1a: Serperior|Reflect|p1a: Serperior
|-sidestart|p1: jamel1|Reflect
|
|upkeep
|turn|13
|
|t:|1758247701
|move|p2a: Iron Valiant|Encore|p1a: Serperior
|-start|p1a: Serperior|Encore
|move|p1a: Serperior|Reflect||[still]
|-fail|p1a: Serperior
|
|upkeep
|turn|14
|
|t:|1758247704
|switch|p1a: Maushold|Maushold|88/100
|move|p2a: Iron Valiant|Swords Dance|p2a: Iron Valiant
|-boost|p2a: Iron Valiant|atk|2
|
|upkeep
|turn|15
|
|t:|1758247716
|-terastallize|p2a: Iron Valiant|Steel
|move|p2a: Iron Valiant|Spirit Break|p1a: Maushold
|-damage|p1a: Maushold|25/100
|-unboost|p1a: Maushold|spa|1
|move|p1a: Maushold|Thunder Wave|p2a: Iron Valiant
|-status|p2a: Iron Valiant|par
|
|upkeep
|turn|16
|
|t:|1758247723
|move|p2a: Iron Valiant|Spirit Break|p1a: Maushold
|-damage|p1a: Maushold|0 fnt
|faint|p1a: Maushold
|
|upkeep
|
|t:|1758247724
|switch|p1a: Serperior|Serperior, M, shiny|6/100
|turn|17
|
|t:|1758247727
|move|p1a: Serperior|Leaf Storm|p2a: Iron Valiant
|-resisted|p2a: Iron Valiant
|-damage|p2a: Iron Valiant|50/100 par
|-boost|p1a: Serperior|spa|2
|move|p2a: Iron Valiant|Spirit Break|p1a: Serperior
|-damage|p1a: Serperior|0 fnt
|faint|p1a: Serperior
|
|upkeep
|
|t:|1758247732
|switch|p1a: Gyarados|Gyarados, F, shiny|100/100
|turn|18
|
|t:|1758247736
|move|p1a: Gyarados|Earthquake|p2a: Iron Valiant
|-supereffective|p2a: Iron Valiant
|-damage|p2a: Iron Valiant|0 fnt
|faint|p2a: Iron Valiant
|-end|p2a: Iron Valiant|Quark Drive|[silent]
|-ability|p1a: Gyarados|Moxie|boost
|-boost|p1a: Gyarados|atk|1
|
|upkeep
|
|t:|1758247742
|switch|p2a: Raging Bolt|Raging Bolt|100/100
|-enditem|p2a: Raging Bolt|Booster Energy
|-activate|p2a: Raging Bolt|ability: Protosynthesis|[fromitem]
|-start|p2a: Raging Bolt|protosynthesisspa
|turn|19
|
|t:|1758247745
|move|p1a: Gyarados|Substitute|p1a: Gyarados
|-start|p1a: Gyarados|Substitute
|-damage|p1a: Gyarados|76/100
|move|p2a: Raging Bolt|Thunderbolt|p1a: Gyarados
|-supereffective|p1a: Gyarados
|-end|p1a: Gyarados|Substitute
|
|-heal|p1a: Gyarados|82/100|[from] item: Leftovers
|-sideend|p1: jamel1|Reflect
|upkeep
|turn|20
|
|t:|1758247752
|move|p1a: Gyarados|Earthquake|p2a: Raging Bolt
|-supereffective|p2a: Raging Bolt
|-damage|p2a: Raging Bolt|20/100
|move|p2a: Raging Bolt|Thunderbolt|p1a: Gyarados
|-supereffective|p1a: Gyarados
|-damage|p1a: Gyarados|0 fnt
|faint|p1a: Gyarados
|
|upkeep
|
|t:|1758247756
|switch|p1a: Kommo-o|Kommo-o, F|100/100
|turn|21
|
|t:|1758247761
|move|p1a: Kommo-o|Earthquake|p2a: Raging Bolt
|-supereffective|p2a: Raging Bolt
|-damage|p2a: Raging Bolt|0 fnt
|faint|p2a: Raging Bolt
|-end|p2a: Raging Bolt|Protosynthesis|[silent]
|
|upkeep
|j| DarkCR7
|
|t:|1758247768
|switch|p2a: Dragonite|Dragonite, M, shiny|100/100
|turn|22
|l| DarkCR7
|
|t:|1758247773
|switch|p1a: Deoxys|Deoxys-Defense|100/100
|-ability|p1a: Deoxys|Pressure
|move|p2a: Dragonite|Dragon Dance|p2a: Dragonite
|-boost|p2a: Dragonite|atk|1
|-boost|p2a: Dragonite|spe|1
|
|upkeep
|turn|23
|
|t:|1758247776
|switch|p2a: Samurott|Samurott-Hisui, M, shiny|100/100
|move|p1a: Deoxys|Cosmic Power|p1a: Deoxys
|-boost|p1a: Deoxys|def|1
|-boost|p1a: Deoxys|spd|1
|
|upkeep
|turn|24
|
|t:|1758247778
|move|p2a: Samurott|Swords Dance|p2a: Samurott
|-boost|p2a: Samurott|atk|2
|move|p1a: Deoxys|Cosmic Power|p1a: Deoxys
|-boost|p1a: Deoxys|def|1
|-boost|p1a: Deoxys|spd|1
|
|upkeep
|turn|25
|
|t:|1758247781
|move|p2a: Samurott|Ceaseless Edge|p1a: Deoxys
|-supereffective|p1a: Deoxys
|-damage|p1a: Deoxys|22/100
|-enditem|p1a: Deoxys|Weakness Policy
|-boost|p1a: Deoxys|atk|2|[from] item: Weakness Policy
|-boost|p1a: Deoxys|spa|2|[from] item: Weakness Policy
|-sidestart|p1: jamel1|Spikes
|move|p1a: Deoxys|Cosmic Power|p1a: Deoxys
|-boost|p1a: Deoxys|def|1
|-boost|p1a: Deoxys|spd|1
|
|upkeep
|turn|26
|
|t:|1758247785
|-terastallize|p1a: Deoxys|Steel
|move|p2a: Samurott|Ceaseless Edge|p1a: Deoxys
|-damage|p1a: Deoxys|0 fnt
|-sidestart|p1: jamel1|Spikes
|faint|p1a: Deoxys
|
|upkeep
|
|t:|1758247789
|switch|p1a: Kommo-o|Kommo-o, F|100/100
|-damage|p1a: Kommo-o|84/100|[from] Spikes
|turn|27
|
|t:|1758247795
|move|p2a: Samurott|Razor Shell|p1a: Kommo-o
|-resisted|p1a: Kommo-o
|-damage|p1a: Kommo-o|33/100
|-unboost|p1a: Kommo-o|def|1
|move|p1a: Kommo-o|Drain Punch|p2a: Samurott
|-supereffective|p2a: Samurott
|-damage|p2a: Samurott|0 fnt
|-heal|p1a: Kommo-o|86/100|[from] drain|[of] p2a: Samurott
|faint|p2a: Samurott
|
|upkeep
|
|t:|1758247798
|switch|p2a: Dragonite|Dragonite, M, shiny|100/100
|turn|28
|
|t:|1758247807
|move|p2a: Dragonite|Dragon Dance|p2a: Dragonite
|-boost|p2a: Dragonite|atk|1
|-boost|p2a: Dragonite|spe|1
|move|p1a: Kommo-o|Belly Drum|p1a: Kommo-o
|-damage|p1a: Kommo-o|36/100
|-setboost|p1a: Kommo-o|atk|6|[from] move: Belly Drum
|
|upkeep
|turn|29
|
|t:|1758247810
|move|p2a: Dragonite|Extreme Speed|p1a: Kommo-o
|-damage|p1a: Kommo-o|0 fnt
|faint|p1a: Kommo-o
|
|win|arreat summit
|raw|jamel1's rating: 1756 &rarr; <strong>1731</strong><br />(-25 for losing)
|raw|arreat summit's rating: 1674 &rarr; <strong>1699</strong><br />(+25 for winning)
|l|☆jamel1
|player|p1|
|l|☆arreat summit
|player|p2|
