|j|☆playboisant
|j|☆the goobchamponing
|t:|1758326361
|gametype|singles
|player|p1|playboisant|roxie|1555
|player|p2|the goobchamponing|koga|1550
|gen|9
|tier|[Gen 9] OU
|rated|
|rule|HP Percentage Mod: HP is shown in percentages
|rule|Endless Battle Clause: Forcing endless battles is banned
|rule|Species Clause: Limit one of each Pokémon
|rule|OHKO Clause: OHKO moves are banned
|rule|Evasion Items Clause: Evasion items are banned
|rule|Evasion Moves Clause: Evasion moves are banned
|rule|Evasion Abilities Clause: Evasion abilities are banned
|rule|Sleep Moves Clause: Sleep-inducing moves are banned
|clearpoke
|poke|p1|Inteleon, F|
|poke|p1|Muk-Alola, M|
|poke|p1|Meloetta|
|poke|p1|Mudsdale, M|
|poke|p1|Hitmontop, M|
|poke|p1|Arbok, F|
|poke|p2|Scizor, M|
|poke|p2|Gholdengo|
|poke|p2|Ogerpon-Wellspring, F|
|poke|p2|Ting-Lu|
|poke|p2|Dragonite, F|
|poke|p2|Glimmora, F|
|teampreview
|inactive|Battle timer is ON: inactive players will automatically lose when time's up. (requested by the goobchamponing)
|
|t:|1758326369
|teamsize|p1|6
|teamsize|p2|6
|start
|switch|p1a: Inteleon|Inteleon, F|100/100
|switch|p2a: Glimmora|Glimmora, F|100/100
|turn|1
|
|t:|1758326374
|switch|p2a: Ogerpon|Ogerpon-Wellspring, F|100/100
|move|p1a: Inteleon|U-turn|p2a: Ogerpon
|-supereffective|p2a: Ogerpon
|-damage|p2a: Ogerpon|67/100
|
|t:|1758326380
|switch|p1a: Arbok|Arbok, F|100/100|[from] U-turn
|-ability|p1a: Arbok|Intimidate|boost
|-unboost|p2a: Ogerpon|atk|1
|
|upkeep
|turn|2
|
|t:|1758326384
|switch|p2a: Ting-Lu|Ting-Lu|100/100
|-ability|p2a: Ting-Lu|Vessel of Ruin
|move|p1a: Arbok|Coil|p1a: Arbok
|-boost|p1a: Arbok|atk|1
|-boost|p1a: Arbok|def|1
|-boost|p1a: Arbok|accuracy|1
|
|upkeep
|turn|3
|
|t:|1758326398
|switch|p1a: Hitmontop|Hitmontop, M|100/100
|move|p2a: Ting-Lu|Stealth Rock|p1a: Hitmontop
|-sidestart|p1: playboisant|move: Stealth Rock
|
|upkeep
|turn|4
|
|t:|1758326402
|move|p1a: Hitmontop|Bulk Up|p1a: Hitmontop
|-boost|p1a: Hitmontop|atk|1
|-boost|p1a: Hitmontop|def|1
|move|p2a: Ting-Lu|Ruination|p1a: Hitmontop
|-damage|p1a: Hitmontop|50/100
|
|-heal|p1a: Hitmontop|57/100|[from] item: Leftovers
|upkeep
|turn|5
|
|t:|1758326406
|switch|p2a: Glimmora|Glimmora, F|100/100
|move|p1a: Hitmontop|Triple Axel|p2a: Glimmora
|-crit|p2a: Glimmora
|-damage|p2a: Glimmora|80/100
|-damage|p1a: Hitmontop|40/100|[from] item: Rocky Helmet|[of] p2a: Glimmora
|-activate|p2a: Glimmora|ability: Toxic Debris
|-sidestart|p1: playboisant|move: Toxic Spikes
|-damage|p2a: Glimmora|53/100
|-damage|p1a: Hitmontop|24/100|[from] item: Rocky Helmet|[of] p2a: Glimmora
|-activate|p2a: Glimmora|ability: Toxic Debris
|-sidestart|p1: playboisant|move: Toxic Spikes
|-hitcount|p2a: Glimmora|2
|
|-heal|p1a: Hitmontop|30/100|[from] item: Leftovers
|upkeep
|turn|6
|j| Despote
|
|t:|1758326422
|move|p2a: Glimmora|Earth Power|p1a: Hitmontop
|-damage|p1a: Hitmontop|5/100
|move|p1a: Hitmontop|Rapid Spin|p2a: Glimmora
|-resisted|p2a: Glimmora
|-damage|p2a: Glimmora|37/100
|-boost|p1a: Hitmontop|spe|1
|-damage|p1a: Hitmontop|0 fnt|[from] item: Rocky Helmet|[of] p2a: Glimmora
|faint|p1a: Hitmontop
|
|upkeep
|
|t:|1758326429
|switch|p1a: Arbok|Arbok, F|100/100
|-damage|p1a: Arbok|88/100|[from] Stealth Rock
|-sideend|p1: playboisant|move: Toxic Spikes|[of] p1a: Arbok
|-ability|p1a: Arbok|Intimidate|boost
|-unboost|p2a: Glimmora|atk|1
|turn|7
|
|t:|1758326452
|move|p2a: Glimmora|Earth Power|p1a: Arbok
|-supereffective|p1a: Arbok
|-damage|p1a: Arbok|0 fnt
|faint|p1a: Arbok
|
|upkeep
|
|t:|1758326462
|switch|p1a: Inteleon|Inteleon, F|100/100
|-damage|p1a: Inteleon|88/100|[from] Stealth Rock
|turn|8
|
|t:|1758326468
|move|p1a: Inteleon|Ice Beam|p2a: Glimmora
|-damage|p2a: Glimmora|0 fnt
|faint|p2a: Glimmora
|
|upkeep
|
|t:|1758326471
|switch|p2a: Ogerpon|Ogerpon-Wellspring, F|67/100
|turn|9
|
|t:|1758326478
|move|p1a: Inteleon|U-turn|p2a: Ogerpon
|-supereffective|p2a: Ogerpon
|-damage|p2a: Ogerpon|33/100
|
|t:|1758326482
|switch|p1a: Muk|Muk-Alola, M|100/100|[from] U-turn
|-damage|p1a: Muk|88/100|[from] Stealth Rock
|move|p2a: Ogerpon|Trailblaze|p1a: Muk
|-resisted|p1a: Muk
|-damage|p1a: Muk|72/100
|-boost|p2a: Ogerpon|spe|1
|
|-heal|p1a: Muk|78/100|[from] item: Leftovers
|upkeep
|turn|10
|
|t:|1758326488
|switch|p2a: Scizor|Scizor, M|100/100
|move|p1a: Muk|Poison Jab|p2a: Scizor
|-immune|p2a: Scizor
|
|-heal|p1a: Muk|84/100|[from] item: Leftovers
|upkeep
|turn|11
|
|t:|1758326493
|move|p2a: Scizor|Swords Dance|p2a: Scizor
|-boost|p2a: Scizor|atk|2
|move|p1a: Muk|Knock Off|p2a: Scizor
|-damage|p2a: Scizor|68/100
|-enditem|p2a: Scizor|Heavy-Duty Boots|[from] move: Knock Off|[of] p1a: Muk
|
|-heal|p1a: Muk|90/100|[from] item: Leftovers
|upkeep
|turn|12
|
|t:|1758326498
|move|p2a: Scizor|Swords Dance|p2a: Scizor
|-boost|p2a: Scizor|atk|2
|move|p1a: Muk|Drain Punch|p2a: Scizor
|-damage|p2a: Scizor|51/100
|-heal|p1a: Muk|97/100|[from] drain|[of] p2a: Scizor
|
|-heal|p1a: Muk|100/100|[from] item: Leftovers
|upkeep
|turn|13
|
|t:|1758326501
|move|p2a: Scizor|Bullet Punch|p1a: Muk
|-damage|p1a: Muk|0 fnt
|faint|p1a: Muk
|
|upkeep
|
|t:|1758326505
|switch|p1a: Mudsdale|Mudsdale, M|100/100
|-damage|p1a: Mudsdale|94/100|[from] Stealth Rock
|turn|14
|
|t:|1758326509
|move|p2a: Scizor|Knock Off|p1a: Mudsdale
|-damage|p1a: Mudsdale|0 fnt
|-enditem|p1a: Mudsdale|Leftovers|[from] move: Knock Off|[of] p2a: Scizor
|faint|p1a: Mudsdale
|
|upkeep
|-message|playboisant forfeited.
|
|win|the goobchamponing
|raw|playboisant's rating: 1555 &rarr; <strong>1535</strong><br />(-20 for losing)
|raw|the goobchamponing's rating: 1550 &rarr; <strong>1570</strong><br />(+20 for winning)
|l|☆playboisant
|player|p1|
|l| Despote
