|j|☆Eggs Six Ways
|j|☆GobbleBot88
|t:|1758350236
|gametype|singles
|player|p1|Eggs Six Ways|ltsurge|1338
|player|p2|GobbleBot88|swimmer-gen4dp|1312
|gen|9
|tier|[Gen 9] OU
|rated|
|rule|HP Percentage Mod: HP is shown in percentages
|rule|Endless Battle Clause: Forcing endless battles is banned
|rule|Species Clause: Limit one of each Pokémon
|rule|OHKO Clause: OHKO moves are banned
|rule|Evasion Items Clause: Evasion items are banned
|rule|Evasion Moves Clause: Evasion moves are banned
|rule|Evasion Abilities Clause: Evasion abilities are banned
|rule|Sleep Moves Clause: Sleep-inducing moves are banned
|clearpoke
|poke|p1|Pelipper, F|
|poke|p1|Hatterene, F|
|poke|p1|Iron Treads|
|poke|p1|Toxicroak, F|
|poke|p1|Barraskewda, F|
|poke|p1|Zapdos|
|poke|p2|Crawdaunt, F|
|poke|p2|Deoxys-Speed|
|poke|p2|Breloom, M|
|poke|p2|Sableye, M|
|poke|p2|Blaziken, F|
|poke|p2|Latios, M|
|teampreview
|inactive|Battle timer is ON: inactive players will automatically lose when time's up. (requested by GobbleBot88)
|
|t:|1758350247
|teamsize|p1|6
|teamsize|p2|6
|start
|switch|p1a: Pelipper|Pelipper, F|100/100
|switch|p2a: Deoxycontin|Deoxys-Speed, shiny|100/100
|-ability|p2a: Deoxycontin|Pressure
|-weather|RainDance|[from] ability: Drizzle|[of] p1a: Pelipper
|turn|1
|
|t:|1758350256
|switch|p1a: Hatterene|Hatterene, F|100/100
|move|p2a: Deoxycontin|Thunderbolt|p1a: Hatterene
|-damage|p1a: Hatterene|73/100
|-enditem|p1a: Hatterene|Eject Button
|
|t:|1758350261
|switch|p1a: Barraskewda|Barraskewda, F|100/100
|
|-weather|RainDance|[upkeep]
|upkeep
|turn|2
|
|t:|1758350273
|move|p1a: Barraskewda|Flip Turn|p2a: Deoxycontin
|-damage|p2a: Deoxycontin|0 fnt
|faint|p2a: Deoxycontin
|
|t:|1758350284
|switch|p1a: Zapdos|Zapdos|100/100|[from] Flip Turn
|
|-weather|RainDance|[upkeep]
|upkeep
|
|t:|1758350303
|switch|p2a: Adios MFer|Latios, M, shiny|100/100
|turn|3
|
|t:|1758350314
|switch|p1a: Hatterene|Hatterene, F|73/100
|move|p2a: Adios MFer|Thunderbolt|p1a: Hatterene
|-damage|p1a: Hatterene|39/100
|-status|p1a: Hatterene|par
|
|-weather|RainDance|[upkeep]
|upkeep
|turn|4
|
|t:|1758350323
|move|p2a: Adios MFer|Calm Mind|p2a: Adios MFer
|-boost|p2a: Adios MFer|spa|1
|-boost|p2a: Adios MFer|spd|1
|cant|p1a: Hatterene|par
|
|-weather|RainDance|[upkeep]
|upkeep
|turn|5
|
|t:|1758350332
|move|p2a: Adios MFer|Luster Purge|p1a: Hatterene
|-resisted|p1a: Hatterene
|-damage|p1a: Hatterene|0 fnt
|faint|p1a: Hatterene
|
|-weather|RainDance|[upkeep]
|upkeep
|c|☆Eggs Six Ways|bruh
|
|t:|1758350338
|switch|p1a: Barraskewda|Barraskewda, F|100/100
|turn|6
|
|t:|1758350345
|move|p1a: Barraskewda|Flip Turn|p2a: Adios MFer
|-resisted|p2a: Adios MFer
|-damage|p2a: Adios MFer|50/100
|
|t:|1758350353
|switch|p1a: Iron Treads|Iron Treads|100/100|[from] Flip Turn
|move|p2a: Adios MFer|Luster Purge|p1a: Iron Treads
|-resisted|p1a: Iron Treads
|-damage|p1a: Iron Treads|63/100
|
|-weather|RainDance|[upkeep]
|-heal|p1a: Iron Treads|69/100|[from] item: Leftovers
|upkeep
|turn|7
|
|t:|1758350363
|move|p2a: Adios MFer|Draco Meteor|p1a: Iron Treads
|-resisted|p1a: Iron Treads
|-crit|p1a: Iron Treads
|-damage|p1a: Iron Treads|0 fnt
|-unboost|p2a: Adios MFer|spa|2
|faint|p1a: Iron Treads
|-end|p1a: Iron Treads|Quark Drive|[silent]
|
|-weather|RainDance|[upkeep]
|upkeep
|
|t:|1758350367
|switch|p1a: Barraskewda|Barraskewda, F|100/100
|turn|8
|
|t:|1758350376
|switch|p2a: Toad|Breloom, M, shiny|100/100
|move|p1a: Barraskewda|Flip Turn|p2a: Toad
|-resisted|p2a: Toad
|-damage|p2a: Toad|39/100
|
|t:|1758350382
|switch|p1a: Toxicroak|Toxicroak, F|100/100|[from] Flip Turn
|
|-weather|none
|upkeep
|turn|9
|
|t:|1758350390
|move|p2a: Toad|Bulldoze|p1a: Toxicroak
|-supereffective|p1a: Toxicroak
|-damage|p1a: Toxicroak|40/100
|-unboost|p1a: Toxicroak|spe|1
|move|p1a: Toxicroak|Drain Punch|p2a: Toad
|-damage|p2a: Toad|0 fnt
|-heal|p1a: Toxicroak|54/100|[from] drain|[of] p2a: Toad
|faint|p2a: Toad
|
|upkeep
|
|t:|1758350415
|switch|p2a: Adios MFer|Latios, M, shiny|50/100
|turn|10
|
|t:|1758350420
|switch|p1a: Pelipper|Pelipper, F|100/100
|-weather|RainDance|[from] ability: Drizzle|[of] p1a: Pelipper
|move|p2a: Adios MFer|Thunderbolt|p1a: Pelipper
|-supereffective|p1a: Pelipper
|-damage|p1a: Pelipper|0 fnt
|faint|p1a: Pelipper
|
|-weather|RainDance|[upkeep]
|upkeep
|
|t:|1758350427
|switch|p1a: Barraskewda|Barraskewda, F|100/100
|turn|11
|
|t:|1758350435
|move|p1a: Barraskewda|Liquidation|p2a: Adios MFer
|-resisted|p2a: Adios MFer
|-damage|p2a: Adios MFer|0 fnt
|faint|p2a: Adios MFer
|
|-weather|RainDance|[upkeep]
|upkeep
|
|t:|1758350439
|switch|p2a: Stitch|Sableye, M, shiny|100/100
|turn|12
|
|t:|1758350445
|switch|p1a: Zapdos|Zapdos|100/100
|move|p2a: Stitch|Thunder Wave|p1a: Zapdos
|-immune|p1a: Zapdos
|
|-weather|RainDance|[upkeep]
|upkeep
|turn|13
|
|t:|1758350451
|move|p1a: Zapdos|Thunder|p2a: Stitch
|-crit|p2a: Stitch
|-damage|p2a: Stitch|0 fnt
|faint|p2a: Stitch
|
|-weather|RainDance|[upkeep]
|upkeep
|
|t:|1758350455
|switch|p2a: Captain Falcon|Blaziken, F, shiny|100/100
|turn|14
|
|t:|1758350467
|-terastallize|p2a: Captain Falcon|Dragon
|move|p1a: Zapdos|Thunder|p2a: Captain Falcon
|-resisted|p2a: Captain Falcon
|-damage|p2a: Captain Falcon|33/100
|move|p2a: Captain Falcon|Swords Dance|p2a: Captain Falcon
|-boost|p2a: Captain Falcon|atk|2
|
|-weather|RainDance|[upkeep]
|-ability|p2a: Captain Falcon|Speed Boost|boost
|-boost|p2a: Captain Falcon|spe|1
|upkeep
|turn|15
|
|t:|1758350482
|move|p2a: Captain Falcon|Flare Blitz|p1a: Zapdos
|-damage|p1a: Zapdos|28/100
|-damage|p2a: Captain Falcon|7/100|[from] Recoil
|move|p1a: Zapdos|Thunder|p2a: Captain Falcon
|-resisted|p2a: Captain Falcon
|-damage|p2a: Captain Falcon|0 fnt
|faint|p2a: Captain Falcon
|
|-weather|RainDance|[upkeep]
|upkeep
|
|t:|1758350487
|switch|p2a: Rock Lobster|Crawdaunt, F|100/100
|turn|16
|
|t:|1758350492
|switch|p1a: Toxicroak|Toxicroak, F|54/100
|move|p2a: Rock Lobster|Aqua Jet|p1a: Toxicroak
|-heal|p1a: Toxicroak|79/100|[from] ability: Dry Skin|[of] p2a: Rock Lobster
|
|-weather|RainDance|[upkeep]
|-heal|p1a: Toxicroak|92/100|[from] ability: Dry Skin
|upkeep
|turn|17
|
|t:|1758350500
|move|p1a: Toxicroak|Drain Punch|p2a: Rock Lobster
|-supereffective|p2a: Rock Lobster
|-damage|p2a: Rock Lobster|35/100
|-heal|p1a: Toxicroak|100/100|[from] drain|[of] p2a: Rock Lobster
|move|p2a: Rock Lobster|Swords Dance|p2a: Rock Lobster
|-boost|p2a: Rock Lobster|atk|2
|
|-weather|none
|upkeep
|turn|18
|
|t:|1758350506
|move|p1a: Toxicroak|Drain Punch|p2a: Rock Lobster
|-supereffective|p2a: Rock Lobster
|-damage|p2a: Rock Lobster|0 fnt
|faint|p2a: Rock Lobster
|
|win|Eggs Six Ways
|raw|Eggs Six Ways's rating: 1338 &rarr; <strong>1357</strong><br />(+19 for winning)
|raw|GobbleBot88's rating: 1312 &rarr; <strong>1293</strong><br />(-19 for losing)
|c|☆GobbleBot88|Gg
|c|☆Eggs Six Ways|gg
|l|☆Eggs Six Ways
|player|p1|
|l|☆GobbleBot88
|player|p2|
