|j|☆findmyhair
|j|☆clarababylegs
|t:|1758245630
|gametype|singles
|player|p1|findmyhair|acetrainercouple|1132
|player|p2|clarababylegs|170|1095
|gen|9
|tier|[Gen 9] OU
|rated|
|rule|HP Percentage Mod: HP is shown in percentages
|rule|Endless Battle Clause: Forcing endless battles is banned
|rule|Species Clause: Limit one of each Pokémon
|rule|OHKO Clause: OHKO moves are banned
|rule|Evasion Items Clause: Evasion items are banned
|rule|Evasion Moves Clause: Evasion moves are banned
|rule|Evasion Abilities Clause: Evasion abilities are banned
|rule|Sleep Moves Clause: Sleep-inducing moves are banned
|clearpoke
|poke|p1|Cresselia, F|
|poke|p1|Slowking-Galar, M|
|poke|p1|Iron Hands|
|poke|p1|Ursaluna, F|
|poke|p1|Crawdaunt, M|
|poke|p1|Klefki, M|
|poke|p2|Cinderace, F|
|poke|p2|Darkrai|
|poke|p2|Dragapult, F|
|poke|p2|Primarina, M|
|poke|p2|Scizor, M|
|poke|p2|Weezing-Galar, M|
|teampreview
|inactive|Battle timer is ON: inactive players will automatically lose when time's up. (requested by findmyhair)
|
|t:|1758245639
|teamsize|p1|6
|teamsize|p2|6
|start
|switch|p1a: Klefki|Klefki, M|100/100
|switch|p2a: Darkrai|Darkrai|100/100
|turn|1
|
|t:|1758245650
|move|p1a: Klefki|Thunder Wave|p2a: Darkrai
|-hint|Since gen 7, Dark is immune to Prankster moves.
|-immune|p2a: Darkrai
|move|p2a: Darkrai|Trick|p1a: Klefki
|-activate|p2a: Darkrai|move: Trick|[of] p1a: Klefki
|-item|p1a: Klefki|Choice Specs|[from] move: Trick
|-item|p2a: Darkrai|Light Clay|[from] move: Trick
|
|upkeep
|turn|2
|
|t:|1758245663
|move|p1a: Klefki|Light Screen|p1a: Klefki
|-sidestart|p1: findmyhair|move: Light Screen
|move|p2a: Darkrai|Dark Pulse|p1a: Klefki
|-resisted|p1a: Klefki
|-damage|p1a: Klefki|87/100
|
|upkeep
|turn|3
|
|t:|1758245672
|switch|p1a: Slowking|Slowking-Galar, M|100/100
|move|p2a: Darkrai|Trick|p1a: Slowking
|-activate|p2a: Darkrai|move: Trick|[of] p1a: Slowking
|-item|p1a: Slowking|Light Clay|[from] move: Trick
|-item|p2a: Darkrai|Black Sludge|[from] move: Trick
|
|-damage|p2a: Darkrai|88/100|[from] item: Black Sludge
|upkeep
|turn|4
|
|t:|1758245686
|switch|p2a: Scizor|Scizor, M|100/100
|switch|p1a: Klefki|Klefki, M|87/100
|
|upkeep
|turn|5
|
|t:|1758245691
|switch|p2a: Darkrai|Darkrai|88/100
|move|p1a: Klefki|Reflect|p1a: Klefki
|-sidestart|p1: findmyhair|Reflect
|
|-damage|p2a: Darkrai|76/100|[from] item: Black Sludge
|upkeep
|turn|6
|
|t:|1758245698
|switch|p2a: Dragapult|Dragapult, F|100/100
|switch|p1a: Slowking|Slowking-Galar, M|100/100
|
|-sideend|p1: findmyhair|move: Light Screen
|upkeep
|turn|7
|
|t:|1758245705
|move|p2a: Dragapult|U-turn|p1a: Slowking
|-damage|p1a: Slowking|67/100
|
|t:|1758245713
|switch|p2a: Scizor|Scizor, M|100/100|[from] U-turn
|move|p1a: Slowking|Trick Room|p1a: Slowking
|-fieldstart|move: Trick Room|[of] p1a: Slowking
|
|upkeep
|turn|8
|
|t:|1758245722
|switch|p2a: Primarina|Primarina, M|100/100
|move|p1a: Slowking|Nasty Plot|p1a: Slowking
|-boost|p1a: Slowking|spa|2
|
|upkeep
|turn|9
|
|t:|1758245728
|switch|p2a: Scizor|Scizor, M|100/100
|move|p1a: Slowking|Sludge Bomb|p2a: Scizor
|-immune|p2a: Scizor
|
|-sideend|p1: findmyhair|Reflect
|upkeep
|turn|10
|
|t:|1758245739
|move|p2a: Scizor|Bullet Punch|p1a: Slowking
|-damage|p1a: Slowking|15/100
|move|p1a: Slowking|Fire Blast|p2a: Scizor
|-supereffective|p2a: Scizor
|-damage|p2a: Scizor|0 fnt
|faint|p2a: Scizor
|
|upkeep
|
|t:|1758245749
|switch|p2a: Darkrai|Darkrai|76/100
|turn|11
|
|t:|1758245753
|move|p1a: Slowking|Sludge Bomb|p2a: Darkrai
|-damage|p2a: Darkrai|0 fnt
|faint|p2a: Darkrai
|
|-fieldend|move: Trick Room
|upkeep
|
|t:|1758245760
|switch|p2a: Primarina|Primarina, M|100/100
|turn|12
|
|t:|1758245764
|switch|p1a: Klefki|Klefki, M|87/100
|move|p2a: Primarina|Psychic Noise|p1a: Klefki
|-damage|p1a: Klefki|34/100
|-start|p1a: Klefki|move: Heal Block
|
|upkeep
|turn|13
|
|t:|1758245772
|move|p1a: Klefki|Light Screen|p1a: Klefki
|-sidestart|p1: findmyhair|move: Light Screen
|move|p2a: Primarina|Calm Mind|p2a: Primarina
|-boost|p2a: Primarina|spa|1
|-boost|p2a: Primarina|spd|1
|
|-end|p1a: Klefki|move: Heal Block
|upkeep
|turn|14
|
|t:|1758245779
|switch|p1a: Slowking|Slowking-Galar, M|48/100
|move|p2a: Primarina|Calm Mind|p2a: Primarina
|-boost|p2a: Primarina|spa|1
|-boost|p2a: Primarina|spd|1
|
|upkeep
|turn|15
|
|t:|1758245788
|-terastallize|p2a: Primarina|Water
|move|p2a: Primarina|Psychic Noise|p1a: Slowking
|-damage|p1a: Slowking|6/100
|-start|p1a: Slowking|move: Heal Block
|move|p1a: Slowking|Trick Room|p1a: Slowking
|-fieldstart|move: Trick Room|[of] p1a: Slowking
|
|upkeep
|turn|16
|
|t:|1758245796
|switch|p1a: Crawdaunt|Crawdaunt, M|100/100
|move|p2a: Primarina|Psychic Noise|p1a: Crawdaunt
|-resisted|p1a: Crawdaunt
|-damage|p1a: Crawdaunt|50/100
|-start|p1a: Crawdaunt|move: Heal Block
|
|upkeep
|turn|17
|
|t:|1758245804
|move|p1a: Crawdaunt|Knock Off|p2a: Primarina
|-damage|p2a: Primarina|0 fnt
|-enditem|p2a: Primarina|Leftovers|[from] move: Knock Off|[of] p1a: Crawdaunt
|faint|p2a: Primarina
|-damage|p1a: Crawdaunt|40/100|[from] item: Life Orb
|
|-end|p1a: Crawdaunt|move: Heal Block
|-sideend|p1: findmyhair|move: Light Screen
|upkeep
|
|t:|1758245809
|switch|p2a: Weezing|Weezing-Galar, M|100/100
|turn|18
|
|t:|1758245814
|move|p1a: Crawdaunt|Knock Off|p2a: Weezing
|-resisted|p2a: Weezing
|-damage|p2a: Weezing|63/100
|-enditem|p2a: Weezing|Black Sludge|[from] move: Knock Off|[of] p1a: Crawdaunt
|-damage|p1a: Crawdaunt|30/100|[from] item: Life Orb
|move|p2a: Weezing|Toxic Spikes|p1a: Crawdaunt
|-sidestart|p1: findmyhair|move: Toxic Spikes
|
|upkeep
|turn|19
|
|t:|1758245824
|switch|p1a: Klefki|Klefki, M|34/100
|move|p2a: Weezing|Sludge Bomb|p1a: Klefki
|-immune|p1a: Klefki
|
|-fieldend|move: Trick Room
|upkeep
|turn|20
|
|t:|1758245831
|move|p1a: Klefki|Reflect|p1a: Klefki
|-sidestart|p1: findmyhair|Reflect
|move|p2a: Weezing|Heat Wave|p1a: Klefki|[miss]
|-miss|p2a: Weezing|p1a: Klefki
|
|upkeep
|turn|21
|
|t:|1758245837
|switch|p1a: Slowking|Slowking-Galar, M|40/100
|-sideend|p1: findmyhair|move: Toxic Spikes|[of] p1a: Slowking
|move|p2a: Weezing|Heat Wave|p1a: Slowking
|-damage|p1a: Slowking|25/100
|-status|p1a: Slowking|brn
|
|-damage|p1a: Slowking|19/100 brn|[from] brn
|upkeep
|turn|22
|
|t:|1758245847
|switch|p1a: Cresselia|Cresselia, F|100/100
|move|p2a: Weezing|Toxic Spikes|p1a: Cresselia
|-sidestart|p1: findmyhair|move: Toxic Spikes
|
|upkeep
|turn|23
|
|t:|1758245852
|move|p2a: Weezing|Will-O-Wisp|p1a: Cresselia|[miss]
|-miss|p2a: Weezing|p1a: Cresselia
|move|p1a: Cresselia|Trick Room|p1a: Cresselia
|-fieldstart|move: Trick Room|[of] p1a: Cresselia
|
|upkeep
|turn|24
|
|t:|1758245861
|switch|p1a: Slowking|Slowking-Galar, M|52/100 brn
|-sideend|p1: findmyhair|move: Toxic Spikes|[of] p1a: Slowking
|move|p2a: Weezing|Will-O-Wisp|p1a: Slowking
|-fail|p1a: Slowking|brn
|
|-damage|p1a: Slowking|46/100 brn|[from] brn
|-sideend|p1: findmyhair|Reflect
|upkeep
|turn|25
|-message|clarababylegs forfeited.
|
|win|findmyhair
|raw|findmyhair's rating: 1132 &rarr; <strong>1154</strong><br />(+22 for winning)
|raw|clarababylegs's rating: 1095 &rarr; <strong>1073</strong><br />(-22 for losing)
|l|☆clarababylegs
|player|p2|
