|j|☆thqrun
|j|☆ivon_neeeeeee
|t:|1758234093
|gametype|singles
|player|p1|thqrun|101|1465
|player|p2|ivon_neeeeeee|n|1497
|gen|9
|tier|[Gen 9] OU
|rated|
|rule|HP Percentage Mod: HP is shown in percentages
|rule|Endless Battle Clause: Forcing endless battles is banned
|rule|Species Clause: Limit one of each Pokémon
|rule|OHKO Clause: OHKO moves are banned
|rule|Evasion Items Clause: Evasion items are banned
|rule|Evasion Moves Clause: Evasion moves are banned
|rule|Evasion Abilities Clause: Evasion abilities are banned
|rule|Sleep Moves Clause: Sleep-inducing moves are banned
|clearpoke
|poke|p1|Gliscor, M|
|poke|p1|Bronzong|
|poke|p1|Blissey, F|
|poke|p1|Dondozo, F|
|poke|p1|Alomomola, F|
|poke|p1|Amoonguss, M|
|poke|p2|Latios, M|
|poke|p2|Ting-Lu|
|poke|p2|Gholdengo|
|poke|p2|Moltres|
|poke|p2|Great Tusk|
|poke|p2|Ogerpon-Wellspring, F|
|teampreview
|inactive|Battle timer is ON: inactive players will automatically lose when time's up. (requested by thqrun)
|
|t:|1758234103
|teamsize|p1|6
|teamsize|p2|6
|start
|switch|p1a: Amoonguss|Amoonguss, M|100/100
|switch|p2a: Latios|Latios, M|100/100
|turn|1
|inactive|ivon_neeeeeee has 120 seconds left.
|
|t:|1758234137
|switch|p1a: Bronzong|Bronzong|100/100
|move|p2a: Latios|Flip Turn|p1a: Bronzong
|-damage|p1a: Bronzong|92/100
|inactive|ivon_neeeeeee has 120 seconds left.
|
|t:|1758234143
|switch|p2a: Moltres|Moltres|100/100|[from] Flip Turn
|
|-heal|p1a: Bronzong|98/100|[from] item: Leftovers
|upkeep
|turn|2
|
|t:|1758234150
|move|p1a: Bronzong|Protect|p1a: Bronzong
|-singleturn|p1a: Bronzong|Protect
|move|p2a: Moltres|U-turn|p1a: Bronzong
|-activate|p1a: Bronzong|move: Protect
|
|-heal|p1a: Bronzong|100/100|[from] item: Leftovers
|upkeep
|turn|3
|
|t:|1758234159
|move|p2a: Moltres|U-turn|p1a: Bronzong
|-damage|p1a: Bronzong|89/100
|
|t:|1758234165
|switch|p2a: Ting-Lu|Ting-Lu|100/100|[from] U-turn
|-ability|p2a: Ting-Lu|Vessel of Ruin
|move|p1a: Bronzong|Stealth Rock|p2a: Ting-Lu
|-sidestart|p2: ivon_neeeeeee|move: Stealth Rock
|
|-heal|p1a: Bronzong|95/100|[from] item: Leftovers
|upkeep
|turn|4
|
|t:|1758234175
|switch|p1a: Gliscor|Gliscor, M|100/100
|move|p2a: Ting-Lu|Ruination|p1a: Gliscor
|-damage|p1a: Gliscor|50/100
|
|-status|p1a: Gliscor|tox|[from] item: Toxic Orb
|upkeep
|turn|5
|
|t:|1758234184
|switch|p2a: Gholdengo|Gholdengo|100/100
|-damage|p2a: Gholdengo|94/100|[from] Stealth Rock
|move|p1a: Gliscor|Knock Off|p2a: Gholdengo
|-supereffective|p2a: Gholdengo
|-damage|p2a: Gholdengo|45/100
|-enditem|p2a: Gholdengo|Choice Scarf|[from] move: Knock Off|[of] p1a: Gliscor
|
|-heal|p1a: Gliscor|63/100 tox|[from] ability: Poison Heal
|upkeep
|turn|6
|
|t:|1758234199
|move|p2a: Gholdengo|Make It Rain|p1a: Gliscor
|-damage|p1a: Gliscor|9/100 tox
|-unboost|p2a: Gholdengo|spa|1
|move|p1a: Gliscor|Earthquake|p2a: Gholdengo
|-supereffective|p2a: Gholdengo
|-damage|p2a: Gholdengo|0 fnt
|faint|p2a: Gholdengo
|
|-heal|p1a: Gliscor|22/100 tox|[from] ability: Poison Heal
|upkeep
|
|t:|1758234215
|switch|p2a: Ogerpon|Ogerpon-Wellspring, F|100/100
|-damage|p2a: Ogerpon|88/100|[from] Stealth Rock
|turn|7
|
|t:|1758234219
|switch|p1a: Amoonguss|Amoonguss, M|100/100
|move|p2a: Ogerpon|Knock Off|p1a: Amoonguss
|-damage|p1a: Amoonguss|71/100
|-enditem|p1a: Amoonguss|Heavy-Duty Boots|[from] move: Knock Off|[of] p2a: Ogerpon
|
|upkeep
|turn|8
|
|t:|1758234227
|move|p2a: Ogerpon|U-turn|p1a: Amoonguss
|-damage|p1a: Amoonguss|50/100
|
|t:|1758234229
|switch|p2a: Ting-Lu|Ting-Lu|100/100|[from] U-turn
|-damage|p2a: Ting-Lu|94/100|[from] Stealth Rock
|-ability|p2a: Ting-Lu|Vessel of Ruin
|move|p1a: Amoonguss|Toxic|p2a: Ting-Lu
|-status|p2a: Ting-Lu|tox
|
|-heal|p2a: Ting-Lu|100/100 tox|[from] item: Leftovers
|-damage|p2a: Ting-Lu|94/100 tox|[from] psn
|upkeep
|turn|9
|
|t:|1758234241
|switch|p1a: Gliscor|Gliscor, M|22/100 tox
|move|p2a: Ting-Lu|Spikes|p1a: Gliscor
|-sidestart|p1: thqrun|Spikes
|
|-heal|p2a: Ting-Lu|100/100 tox|[from] item: Leftovers
|-heal|p1a: Gliscor|34/100 tox|[from] ability: Poison Heal
|-damage|p2a: Ting-Lu|88/100 tox|[from] psn
|upkeep
|turn|10
|
|t:|1758234251
|move|p1a: Gliscor|Knock Off|p2a: Ting-Lu
|-resisted|p2a: Ting-Lu
|-damage|p2a: Ting-Lu|82/100 tox
|-enditem|p2a: Ting-Lu|Leftovers|[from] move: Knock Off|[of] p1a: Gliscor
|move|p2a: Ting-Lu|Spikes|p1a: Gliscor
|-sidestart|p1: thqrun|Spikes
|
|-heal|p1a: Gliscor|47/100 tox|[from] ability: Poison Heal
|-damage|p2a: Ting-Lu|64/100 tox|[from] psn
|upkeep
|turn|11
|
|t:|1758234262
|move|p1a: Gliscor|Spikes|p2a: Ting-Lu
|-sidestart|p2: ivon_neeeeeee|Spikes
|move|p2a: Ting-Lu|Spikes|p1a: Gliscor
|-sidestart|p1: thqrun|Spikes
|
|-heal|p1a: Gliscor|59/100 tox|[from] ability: Poison Heal
|-damage|p2a: Ting-Lu|39/100 tox|[from] psn
|upkeep
|turn|12
|
|t:|1758234270
|switch|p2a: Great Tusk|Great Tusk|100/100
|move|p1a: Gliscor|Spikes|p2a: Great Tusk
|-sidestart|p2: ivon_neeeeeee|Spikes
|
|-heal|p1a: Gliscor|72/100 tox|[from] ability: Poison Heal
|upkeep
|turn|13
|
|t:|1758234284
|move|p1a: Gliscor|Protect|p1a: Gliscor
|-singleturn|p1a: Gliscor|Protect
|move|p2a: Great Tusk|Stealth Rock|p1a: Gliscor
|-sidestart|p1: thqrun|move: Stealth Rock
|
|-heal|p1a: Gliscor|84/100 tox|[from] ability: Poison Heal
|upkeep
|turn|14
|
|t:|1758234295
|switch|p1a: Alomomola|Alomomola, F|100/100
|move|p2a: Great Tusk|Ice Spinner|p1a: Alomomola
|-resisted|p1a: Alomomola
|-damage|p1a: Alomomola|92/100
|
|upkeep
|turn|15
|
|t:|1758234302
|-end|p2a: Great Tusk|Protosynthesis|[silent]
|switch|p2a: Ogerpon|Ogerpon-Wellspring, F|88/100
|-damage|p2a: Ogerpon|76/100|[from] Stealth Rock
|-damage|p2a: Ogerpon|59/100|[from] Spikes
|move|p1a: Alomomola|Wish|p1a: Alomomola
|
|upkeep
|turn|16
|
|t:|1758234309
|switch|p1a: Amoonguss|Amoonguss, M|83/100
|-damage|p1a: Amoonguss|58/100|[from] Spikes
|-damage|p1a: Amoonguss|45/100|[from] Stealth Rock
|move|p2a: Ogerpon|Synthesis|p2a: Ogerpon
|-heal|p2a: Ogerpon|100/100
|
|-heal|p1a: Amoonguss|99/100|[from] move: Wish|[wisher] Alomomola
|upkeep
|turn|17
|
|t:|1758234320
|move|p2a: Ogerpon|U-turn|p1a: Amoonguss
|-crit|p1a: Amoonguss
|-damage|p1a: Amoonguss|71/100
|
|t:|1758234323
|switch|p2a: Ting-Lu|Ting-Lu|39/100 tox|[from] U-turn
|-damage|p2a: Ting-Lu|32/100 tox|[from] Stealth Rock
|-damage|p2a: Ting-Lu|16/100 tox|[from] Spikes
|-ability|p2a: Ting-Lu|Vessel of Ruin
|move|p1a: Amoonguss|Toxic|p2a: Ting-Lu
|-fail|p2a: Ting-Lu|tox
|
|-damage|p2a: Ting-Lu|10/100 tox|[from] psn
|upkeep
|turn|18
|
|t:|1758234336
|move|p2a: Ting-Lu|Ruination|p1a: Amoonguss|[miss]
|-miss|p2a: Ting-Lu|p1a: Amoonguss
|move|p1a: Amoonguss|Synthesis|p1a: Amoonguss
|-heal|p1a: Amoonguss|100/100
|
|-damage|p2a: Ting-Lu|0 fnt|[from] psn
|faint|p2a: Ting-Lu
|upkeep
|
|t:|1758234346
|switch|p2a: Latios|Latios, M|100/100
|-damage|p2a: Latios|88/100|[from] Stealth Rock
|turn|19
|
|t:|1758234353
|switch|p1a: Blissey|Blissey, F|100/100
|move|p2a: Latios|Psychic Noise|p1a: Blissey
|-damage|p1a: Blissey|87/100
|-start|p1a: Blissey|move: Heal Block
|
|upkeep
|turn|20
|
|t:|1758234362
|move|p2a: Latios|Flip Turn|p1a: Blissey
|-damage|p1a: Blissey|74/100
|
|t:|1758234365
|switch|p2a: Great Tusk|Great Tusk|100/100|[from] Flip Turn
|move|p1a: Blissey|Seismic Toss|p2a: Great Tusk
|-damage|p2a: Great Tusk|74/100
|
|-end|p1a: Blissey|move: Heal Block
|upkeep
|turn|21
|
|t:|1758234375
|switch|p1a: Alomomola|Alomomola, F|100/100
|move|p2a: Great Tusk|Rapid Spin|p1a: Alomomola
|-damage|p1a: Alomomola|91/100
|-boost|p2a: Great Tusk|spe|1
|-sideend|p2: ivon_neeeeeee|Spikes|[from] move: Rapid Spin|[of] p2a: Great Tusk
|-sideend|p2: ivon_neeeeeee|Stealth Rock|[from] move: Rapid Spin|[of] p2a: Great Tusk
|
|upkeep
|turn|22
|
|t:|1758234383
|-end|p2a: Great Tusk|Protosynthesis|[silent]
|switch|p2a: Ogerpon|Ogerpon-Wellspring, F|100/100
|move|p1a: Alomomola|Wish|p1a: Alomomola
|
|upkeep
|turn|23
|
|t:|1758234389
|switch|p1a: Amoonguss|Amoonguss, M|100/100
|-damage|p1a: Amoonguss|75/100|[from] Spikes
|-damage|p1a: Amoonguss|63/100|[from] Stealth Rock
|move|p2a: Ogerpon|U-turn|p1a: Amoonguss
|-damage|p1a: Amoonguss|43/100
|
|t:|1758234396
|switch|p2a: Latios|Latios, M|88/100|[from] U-turn
|
|-heal|p1a: Amoonguss|97/100|[from] move: Wish|[wisher] Alomomola
|upkeep
|turn|24
|
|t:|1758234403
|move|p2a: Latios|Flip Turn|p1a: Amoonguss
|-resisted|p1a: Amoonguss
|-damage|p1a: Amoonguss|93/100
|
|t:|1758234410
|switch|p2a: Moltres|Moltres|100/100|[from] Flip Turn
|move|p1a: Amoonguss|Toxic|p2a: Moltres
|-status|p2a: Moltres|tox
|
|-damage|p2a: Moltres|94/100 tox|[from] psn
|upkeep
|turn|25
|
|t:|1758234419
|switch|p1a: Gliscor|Gliscor, M|84/100 tox
|-damage|p1a: Gliscor|72/100 tox|[from] Stealth Rock
|move|p2a: Moltres|U-turn|p1a: Gliscor
|-resisted|p1a: Gliscor
|-damage|p1a: Gliscor|65/100 tox
|
|t:|1758234425
|switch|p2a: Latios|Latios, M|88/100|[from] U-turn
|
|-heal|p1a: Gliscor|78/100 tox|[from] ability: Poison Heal
|upkeep
|turn|26
|
|t:|1758234432
|-terastallize|p2a: Latios|Steel
|move|p1a: Gliscor|Protect|p1a: Gliscor
|-singleturn|p1a: Gliscor|Protect
|move|p2a: Latios|Psychic Noise|p1a: Gliscor
|-activate|p1a: Gliscor|move: Protect
|
|-heal|p1a: Gliscor|90/100 tox|[from] ability: Poison Heal
|upkeep
|turn|27
|
|t:|1758234444
|move|p2a: Latios|Flip Turn|p1a: Gliscor
|-supereffective|p1a: Gliscor
|-damage|p1a: Gliscor|73/100 tox
|
|t:|1758234447
|switch|p2a: Great Tusk|Great Tusk|74/100|[from] Flip Turn
|move|p1a: Gliscor|Knock Off|p2a: Great Tusk
|-resisted|p2a: Great Tusk
|-damage|p2a: Great Tusk|65/100
|-enditem|p2a: Great Tusk|Heavy-Duty Boots|[from] move: Knock Off|[of] p1a: Gliscor
|
|-heal|p1a: Gliscor|86/100 tox|[from] ability: Poison Heal
|upkeep
|turn|28
|
|t:|1758234458
|move|p1a: Gliscor|Protect|p1a: Gliscor
|-singleturn|p1a: Gliscor|Protect
|move|p2a: Great Tusk|Headlong Rush|p1a: Gliscor
|-activate|p1a: Gliscor|move: Protect
|
|-heal|p1a: Gliscor|98/100 tox|[from] ability: Poison Heal
|upkeep
|turn|29
|
|t:|1758234477
|switch|p1a: Alomomola|Alomomola, F|100/100
|move|p2a: Great Tusk|Headlong Rush|p1a: Alomomola
|-damage|p1a: Alomomola|60/100
|-unboost|p2a: Great Tusk|def|1
|-unboost|p2a: Great Tusk|spd|1
|
|upkeep
|turn|30
|
|t:|1758234487
|move|p2a: Great Tusk|Headlong Rush|p1a: Alomomola
|-damage|p1a: Alomomola|21/100
|-unboost|p2a: Great Tusk|def|1
|-unboost|p2a: Great Tusk|spd|1
|move|p1a: Alomomola|Wish|p1a: Alomomola
|
|upkeep
|turn|31
|
|t:|1758234494
|-end|p2a: Great Tusk|Protosynthesis|[silent]
|switch|p2a: Ogerpon|Ogerpon-Wellspring, F|100/100
|switch|p1a: Amoonguss|Amoonguss, M|100/100
|-damage|p1a: Amoonguss|75/100|[from] Spikes
|-damage|p1a: Amoonguss|63/100|[from] Stealth Rock
|
|-heal|p1a: Amoonguss|100/100|[from] move: Wish|[wisher] Alomomola
|upkeep
|turn|32
|
|t:|1758234510
|move|p2a: Ogerpon|U-turn|p1a: Amoonguss
|-damage|p1a: Amoonguss|80/100
|
|t:|1758234512
|switch|p2a: Latios|Latios, M, tera:Steel|88/100|[from] U-turn
|move|p1a: Amoonguss|Foul Play|p2a: Latios
|-damage|p2a: Latios|64/100
|
|upkeep
|turn|33
|
|t:|1758234521
|switch|p1a: Bronzong|Bronzong|95/100
|-damage|p1a: Bronzong|89/100|[from] Stealth Rock
|move|p2a: Latios|Psychic Noise|p1a: Bronzong
|-resisted|p1a: Bronzong
|-damage|p1a: Bronzong|80/100
|-start|p1a: Bronzong|move: Heal Block
|
|upkeep
|turn|34
|
|t:|1758234532
|move|p2a: Latios|Flip Turn|p1a: Bronzong
|-damage|p1a: Bronzong|72/100
|
|t:|1758234535
|switch|p2a: Ogerpon|Ogerpon-Wellspring, F|100/100|[from] Flip Turn
|move|p1a: Bronzong|Stealth Rock|p2a: Ogerpon
|-sidestart|p2: ivon_neeeeeee|move: Stealth Rock
|
|-end|p1a: Bronzong|move: Heal Block
|upkeep
|turn|35
|inactive|thqrun has 120 seconds left.
|
|t:|1758234565
|switch|p1a: Amoonguss|Amoonguss, M|100/100
|-damage|p1a: Amoonguss|75/100|[from] Spikes
|-damage|p1a: Amoonguss|63/100|[from] Stealth Rock
|move|p2a: Ogerpon|Knock Off|p1a: Amoonguss
|-damage|p1a: Amoonguss|46/100
|
|upkeep
|turn|36
|
|t:|1758234578
|move|p2a: Ogerpon|U-turn|p1a: Amoonguss
|-damage|p1a: Amoonguss|28/100
|
|t:|1758234580
|switch|p2a: Latios|Latios, M, tera:Steel|64/100|[from] U-turn
|-damage|p2a: Latios|58/100|[from] Stealth Rock
|move|p1a: Amoonguss|Synthesis|p1a: Amoonguss
|-heal|p1a: Amoonguss|78/100
|
|upkeep
|turn|37
|
|t:|1758234589
|switch|p1a: Bronzong|Bronzong|72/100
|-damage|p1a: Bronzong|65/100|[from] Stealth Rock
|move|p2a: Latios|Flip Turn|p1a: Bronzong
|-damage|p1a: Bronzong|56/100
|
|t:|1758234596
|switch|p2a: Ogerpon|Ogerpon-Wellspring, F|100/100|[from] Flip Turn
|-damage|p2a: Ogerpon|88/100|[from] Stealth Rock
|
|-heal|p1a: Bronzong|63/100|[from] item: Leftovers
|upkeep
|turn|38
|
|t:|1758234604
|switch|p1a: Amoonguss|Amoonguss, M|100/100
|-damage|p1a: Amoonguss|75/100|[from] Spikes
|-damage|p1a: Amoonguss|63/100|[from] Stealth Rock
|move|p2a: Ogerpon|U-turn|p1a: Amoonguss
|-damage|p1a: Amoonguss|42/100
|
|t:|1758234611
|switch|p2a: Great Tusk|Great Tusk|65/100|[from] U-turn
|-damage|p2a: Great Tusk|62/100|[from] Stealth Rock
|
|upkeep
|turn|39
|
|t:|1758234627
|switch|p1a: Dondozo|Dondozo, F|100/100
|move|p2a: Great Tusk|Headlong Rush|p1a: Dondozo
|-damage|p1a: Dondozo|71/100
|-unboost|p2a: Great Tusk|def|1
|-unboost|p2a: Great Tusk|spd|1
|
|upkeep
|turn|40
|
|t:|1758234635
|-end|p2a: Great Tusk|Protosynthesis|[silent]
|switch|p2a: Latios|Latios, M, tera:Steel|58/100
|-damage|p2a: Latios|52/100|[from] Stealth Rock
|move|p1a: Dondozo|Waterfall|p2a: Latios
|-damage|p2a: Latios|18/100
|
|upkeep
|turn|41
|
|t:|1758234644
|switch|p1a: Bronzong|Bronzong|63/100
|-damage|p1a: Bronzong|56/100|[from] Stealth Rock
|move|p2a: Latios|Recover|p2a: Latios
|-heal|p2a: Latios|68/100
|
|-heal|p1a: Bronzong|63/100|[from] item: Leftovers
|upkeep
|turn|42
|
|t:|1758234655
|move|p1a: Bronzong|Protect|p1a: Bronzong
|-singleturn|p1a: Bronzong|Protect
|move|p2a: Latios|Flip Turn|p1a: Bronzong
|-activate|p1a: Bronzong|move: Protect
|
|-heal|p1a: Bronzong|69/100|[from] item: Leftovers
|upkeep
|turn|43
|
|t:|1758234665
|switch|p2a: Moltres|Moltres|94/100 tox
|move|p1a: Bronzong|Body Press|p2a: Moltres
|-resisted|p2a: Moltres
|-damage|p2a: Moltres|86/100 tox
|-status|p1a: Bronzong|brn|[from] ability: Flame Body|[of] p2a: Moltres
|
|-heal|p1a: Bronzong|75/100 brn|[from] item: Leftovers
|-damage|p2a: Moltres|80/100 tox|[from] psn
|-damage|p1a: Bronzong|69/100 brn|[from] brn
|upkeep
|turn|44
|
|t:|1758234683
|move|p1a: Bronzong|Protect|p1a: Bronzong
|-singleturn|p1a: Bronzong|Protect
|move|p2a: Moltres|Flamethrower|p1a: Bronzong
|-activate|p1a: Bronzong|move: Protect
|
|-heal|p1a: Bronzong|75/100 brn|[from] item: Leftovers
|-damage|p2a: Moltres|68/100 tox|[from] psn
|-damage|p1a: Bronzong|69/100 brn|[from] brn
|upkeep
|turn|45
|
|t:|1758234698
|switch|p1a: Gliscor|Gliscor, M|98/100 tox
|-damage|p1a: Gliscor|86/100 tox|[from] Stealth Rock
|move|p2a: Moltres|U-turn|p1a: Gliscor
|-resisted|p1a: Gliscor
|-crit|p1a: Gliscor
|-damage|p1a: Gliscor|77/100 tox
|
|t:|1758234704
|switch|p2a: Great Tusk|Great Tusk|62/100|[from] U-turn
|-damage|p2a: Great Tusk|60/100|[from] Stealth Rock
|
|-heal|p1a: Gliscor|90/100 tox|[from] ability: Poison Heal
|upkeep
|turn|46
|
|t:|1758234719
|move|p2a: Great Tusk|Ice Spinner|p1a: Gliscor
|-supereffective|p1a: Gliscor
|-damage|p1a: Gliscor|0 fnt
|faint|p1a: Gliscor
|
|upkeep
|-message|thqrun forfeited.
|
|win|ivon_neeeeeee
|raw|thqrun's rating: 1465 &rarr; <strong>1447</strong><br />(-18 for losing)
|raw|ivon_neeeeeee's rating: 1497 &rarr; <strong>1515</strong><br />(+18 for winning)
|l|☆thqrun
|player|p1|
|l|☆ivon_neeeeeee
|player|p2|
