|j|☆ICElIED
|j|☆Shabooya1
|t:|1758284376
|gametype|singles
|player|p1|ICElIED|steven|1314
|player|p2|Shabooya1|unknown|1357
|gen|9
|tier|[Gen 9] OU
|rated|
|rule|HP Percentage Mod: HP is shown in percentages
|rule|Endless Battle Clause: Forcing endless battles is banned
|rule|Species Clause: Limit one of each Pokémon
|rule|OHKO Clause: OHKO moves are banned
|rule|Evasion Items Clause: Evasion items are banned
|rule|Evasion Moves Clause: Evasion moves are banned
|rule|Evasion Abilities Clause: Evasion abilities are banned
|rule|Sleep Moves Clause: Sleep-inducing moves are banned
|clearpoke
|poke|p1|Samurott-Hisui, F|
|poke|p1|Clodsire, M|
|poke|p1|Meloetta|
|poke|p1|Ceruledge, M|
|poke|p1|Hydrapple, F|
|poke|p1|Scizor, M|
|poke|p2|Cresselia, F|
|poke|p2|Torkoal, F|
|poke|p2|Mimikyu, M|
|poke|p2|Iron Hands|
|poke|p2|Hatterene, F|
|poke|p2|Glastrier|
|teampreview
|
|t:|1758284385
|teamsize|p1|6
|teamsize|p2|6
|start
|switch|p1a: Samurott|Samurott-Hisui, F|100/100
|switch|p2a: Hatterene|Hatterene, F, shiny|100/100
|turn|1
|
|t:|1758284388
|move|p1a: Samurott|Ceaseless Edge|p2a: Hatterene
|-damage|p2a: Hatterene|60/100
|-sidestart|p2: Shabooya1|Spikes
|move|p2a: Hatterene|Trick Room|p2a: Hatterene
|-fieldstart|move: Trick Room|[of] p2a: Hatterene
|
|upkeep
|turn|2
|
|t:|1758284392
|move|p2a: Hatterene|Misty Explosion|p1a: Samurott
|-supereffective|p1a: Samurott
|-damage|p1a: Samurott|0 fnt
|faint|p2a: Hatterene
|faint|p1a: Samurott
|
|upkeep
|
|t:|1758284402
|switch|p2a: EZAF|Torkoal, F, shiny|100/100
|switch|p1a: Ceruledge|Ceruledge, M|100/100
|-damage|p2a: EZAF|88/100|[from] Spikes
|-weather|SunnyDay|[from] ability: Drought|[of] p2a: EZAF
|turn|3
|
|t:|1758284407
|-terastallize|p2a: EZAF|Fire
|move|p2a: EZAF|Eruption|p1a: Ceruledge
|-start|p1a: Ceruledge|ability: Flash Fire
|move|p1a: Ceruledge|Bulk Up|p1a: Ceruledge
|-boost|p1a: Ceruledge|atk|1
|-boost|p1a: Ceruledge|def|1
|
|-weather|SunnyDay|[upkeep]
|upkeep
|turn|4
|
|t:|1758284412
|switch|p2a: Glastrier|Glastrier|100/100
|-damage|p2a: Glastrier|88/100|[from] Spikes
|move|p1a: Ceruledge|Bulk Up|p1a: Ceruledge
|-boost|p1a: Ceruledge|atk|1
|-boost|p1a: Ceruledge|def|1
|
|-weather|SunnyDay|[upkeep]
|upkeep
|turn|5
|
|t:|1758284420
|move|p2a: Glastrier|High Horsepower|p1a: Ceruledge
|-supereffective|p1a: Ceruledge
|-damage|p1a: Ceruledge|50/100
|move|p1a: Ceruledge|Bitter Blade|p2a: Glastrier
|-supereffective|p2a: Glastrier
|-damage|p2a: Glastrier|0 fnt
|-heal|p1a: Ceruledge|100/100|[from] drain|[of] p2a: Glastrier
|faint|p2a: Glastrier
|
|-weather|SunnyDay|[upkeep]
|-fieldend|move: Trick Room
|upkeep
|
|t:|1758284424
|switch|p2a: Hit me|Mimikyu, M, shiny|100/100
|-damage|p2a: Hit me|88/100|[from] Spikes
|turn|6
|
|t:|1758284431
|move|p1a: Ceruledge|Shadow Sneak|p2a: Hit me
|-activate|p2a: Hit me|ability: Disguise
|-damage|p2a: Hit me|88/100
|detailschange|p2a: Hit me|Mimikyu-Busted, M, shiny
|-damage|p2a: Hit me|76/100|[from] pokemon: Mimikyu-Busted
|-enditem|p2a: Hit me|Red Card|[of] p1a: Ceruledge
|-end|p1a: Ceruledge|ability: Flash Fire|[silent]
|drag|p1a: Clodsire|Clodsire, M|100/100
|move|p2a: Hit me|Shadow Sneak|p1a: Clodsire
|-damage|p1a: Clodsire|80/100
|
|-weather|SunnyDay|[upkeep]
|-heal|p1a: Clodsire|87/100|[from] item: Black Sludge
|upkeep
|turn|7
|
|t:|1758284442
|move|p1a: Clodsire|Stealth Rock|p2a: Hit me
|-sidestart|p2: Shabooya1|move: Stealth Rock
|move|p2a: Hit me|Trick Room|p2a: Hit me
|-fieldstart|move: Trick Room|[of] p2a: Hit me
|
|-weather|none
|-heal|p1a: Clodsire|93/100|[from] item: Black Sludge
|upkeep
|turn|8
|
|t:|1758284457
|switch|p2a: Iron Hands|Iron Hands|100/100
|-damage|p2a: Iron Hands|88/100|[from] Spikes
|-damage|p2a: Iron Hands|82/100|[from] Stealth Rock
|-enditem|p2a: Iron Hands|Booster Energy
|-activate|p2a: Iron Hands|ability: Quark Drive|[fromitem]
|-start|p2a: Iron Hands|quarkdriveatk
|move|p1a: Clodsire|Toxic|p2a: Iron Hands
|-status|p2a: Iron Hands|tox
|
|-heal|p1a: Clodsire|99/100|[from] item: Black Sludge
|-damage|p2a: Iron Hands|76/100 tox|[from] psn
|upkeep
|turn|9
|
|t:|1758284462
|move|p1a: Clodsire|Earthquake|p2a: Iron Hands
|-supereffective|p2a: Iron Hands
|-damage|p2a: Iron Hands|44/100 tox
|move|p2a: Iron Hands|Swords Dance|p2a: Iron Hands
|-boost|p2a: Iron Hands|atk|2
|
|-heal|p1a: Clodsire|100/100|[from] item: Black Sludge
|-damage|p2a: Iron Hands|32/100 tox|[from] psn
|upkeep
|turn|10
|
|t:|1758284467
|move|p1a: Clodsire|Earthquake|p2a: Iron Hands
|-supereffective|p2a: Iron Hands
|-damage|p2a: Iron Hands|0 fnt
|faint|p2a: Iron Hands
|-end|p2a: Iron Hands|Quark Drive|[silent]
|
|upkeep
|l|☆Shabooya1
|player|p2|
|inactive|Battle timer is ON: inactive players will automatically lose when time's up. (requested by ICElIED)
|j|☆Shabooya1
|inactive|Shabooya1 reconnected and has 125 seconds left.
|player|p2|Shabooya1|unknown|
|inactive|Shabooya1 has 120 seconds left.
|inactive|Shabooya1 has 90 seconds left.
|inactive|Shabooya1 has 60 seconds left.
|inactive|Shabooya1 has 30 seconds left.
|inactive|Shabooya1 has 20 seconds left.
|inactive|Shabooya1 has 15 seconds left.
|inactive|Shabooya1 has 10 seconds left.
|inactive|Shabooya1 has 5 seconds left.
|-message|Shabooya1 lost due to inactivity.
|
|win|ICElIED
|raw|ICElIED's rating: 1314 &rarr; <strong>1336</strong><br />(+22 for winning)
|raw|Shabooya1's rating: 1357 &rarr; <strong>1335</strong><br />(-22 for losing)
|l|☆ICElIED
|player|p1|
|l|☆Shabooya1
|player|p2|
