|j|☆smile65
|j|☆zfr Tiger8542
|t:|1758265837
|gametype|singles
|player|p1|smile65|102|1136
|player|p2|zfr Tiger8542|red|1151
|gen|9
|tier|[Gen 9] OU
|rated|
|rule|HP Percentage Mod: HP is shown in percentages
|rule|Endless Battle Clause: Forcing endless battles is banned
|rule|Species Clause: Limit one of each Pokémon
|rule|OHKO Clause: OHKO moves are banned
|rule|Evasion Items Clause: Evasion items are banned
|rule|Evasion Moves Clause: Evasion moves are banned
|rule|Evasion Abilities Clause: Evasion abilities are banned
|rule|Sleep Moves Clause: Sleep-inducing moves are banned
|clearpoke
|poke|p1|Hattrem, F|
|poke|p1|Latios, M|
|poke|p1|Thundurus-Therian, M|
|poke|p1|Meowscarada, M|
|poke|p1|Zoroark-Hisui, F|
|poke|p1|Mienshao, M|
|poke|p2|Landorus-Therian, M|
|poke|p2|Gholdengo|
|poke|p2|Samurott-Hisui, M|
|poke|p2|Zamazenta-*|
|poke|p2|Scizor, F|
|poke|p2|Dragapult, M|
|teampreview
|
|t:|1758265843
|teamsize|p1|6
|teamsize|p2|6
|start
|switch|p1a: Hattrem|Hattrem, F|100/100
|switch|p2a: Landorus|Landorus-Therian, M|100/100
|-ability|p2a: Landorus|Intimidate|boost
|-unboost|p1a: Hattrem|atk|1
|turn|1
|
|t:|1758265852
|move|p2a: Landorus|U-turn|p1a: Hattrem
|-supereffective|p1a: Hattrem
|-damage|p1a: Hattrem|64/100
|
|t:|1758265855
|switch|p2a: Scizor|Scizor, F|100/100|[from] U-turn
|move|p1a: Hattrem|Reflect|p1a: Hattrem
|-sidestart|p1: smile65|Reflect
|
|upkeep
|turn|2
|
|t:|1758265862
|move|p2a: Scizor|Knock Off|p1a: Hattrem
|-supereffective|p1a: Hattrem
|-damage|p1a: Hattrem|31/100
|-enditem|p1a: Hattrem|Eviolite|[from] move: Knock Off|[of] p2a: Scizor
|move|p1a: Hattrem|Nuzzle|p2a: Scizor
|-damage|p2a: Scizor|99/100
|-status|p2a: Scizor|par
|
|upkeep
|turn|3
|
|t:|1758265873
|switch|p1a: Latios|Latios, M|100/100
|move|p2a: Scizor|U-turn|p1a: Latios
|-supereffective|p1a: Latios
|-damage|p1a: Latios|42/100
|
|t:|1758265884
|switch|p2a: Samurott|Samurott-Hisui, M|100/100|[from] U-turn
|
|upkeep
|turn|4
|inactive|Battle timer is ON: inactive players will automatically lose when time's up. (requested by zfr Tiger8542)
|
|t:|1758265891
|move|p1a: Latios|Draco Meteor|p2a: Samurott
|-damage|p2a: Samurott|0 fnt
|-unboost|p1a: Latios|spa|2
|faint|p2a: Samurott
|
|upkeep
|
|t:|1758265897
|switch|p2a: Dragapult|Dragapult, M|100/100
|turn|5
|
|t:|1758265906
|switch|p1a: Hattrem|Hattrem, F|31/100
|move|p2a: Dragapult|Hex|p1a: Hattrem
|-supereffective|p1a: Hattrem
|-damage|p1a: Hattrem|0 fnt
|faint|p1a: Hattrem
|
|-sideend|p1: smile65|Reflect
|upkeep
|
|t:|1758265914
|switch|p1a: Mienshao|Mienshao, M|100/100
|turn|6
|
|t:|1758265919
|move|p2a: Dragapult|Will-O-Wisp|p1a: Mienshao
|-status|p1a: Mienshao|brn
|move|p1a: Mienshao|Fling|p2a: Dragapult
|-supereffective|p2a: Dragapult
|-damage|p2a: Dragapult|32/100
|-enditem|p1a: Mienshao|Big Nugget|[from] move: Fling
|
|-damage|p1a: Mienshao|95/100 brn|[from] brn
|upkeep
|turn|7
|
|t:|1758265934
|move|p2a: Dragapult|U-turn|p1a: Mienshao
|-resisted|p1a: Mienshao
|-damage|p1a: Mienshao|78/100 brn
|
|t:|1758265937
|switch|p2a: Landorus|Landorus-Therian, M|100/100|[from] U-turn
|-ability|p2a: Landorus|Intimidate|boost
|-unboost|p1a: Mienshao|atk|1
|move|p1a: Mienshao|U-turn|p2a: Landorus
|-resisted|p2a: Landorus
|-damage|p2a: Landorus|96/100
|-damage|p1a: Mienshao|61/100 brn|[from] item: Rocky Helmet|[of] p2a: Landorus
|-message|smile65 forfeited.
|
|win|zfr Tiger8542
|raw|smile65's rating: 1136 &rarr; <strong>1112</strong><br />(-24 for losing)
|raw|zfr Tiger8542's rating: 1151 &rarr; <strong>1175</strong><br />(+24 for winning)
|l|☆smile65
|player|p1|
|l|☆zfr Tiger8542
|player|p2|
