|j|☆AntonioG14
|j|☆Rohit-Majum
|t:|1758348361
|gametype|singles
|player|p1|AntonioG14|102|1363
|player|p2|Rohit-Majum|266|1410
|gen|9
|tier|[Gen 9] OU
|rated|
|rule|HP Percentage Mod: HP is shown in percentages
|rule|Endless Battle Clause: Forcing endless battles is banned
|rule|Species Clause: Limit one of each Pokémon
|rule|OHKO Clause: OHKO moves are banned
|rule|Evasion Items Clause: Evasion items are banned
|rule|Evasion Moves Clause: Evasion moves are banned
|rule|Evasion Abilities Clause: Evasion abilities are banned
|rule|Sleep Moves Clause: Sleep-inducing moves are banned
|clearpoke
|poke|p1|Raging Bolt|
|poke|p1|Landorus-Therian, M|
|poke|p1|Quaquaval, M|
|poke|p1|Incineroar, F|
|poke|p1|Amoonguss, M|
|poke|p1|Slowbro, F|
|poke|p2|Glimmora, F|
|poke|p2|Gholdengo|
|poke|p2|Iron Treads|
|poke|p2|Ogerpon-Wellspring, F|
|poke|p2|Iron Moth|
|poke|p2|Dragapult, M|
|teampreview
|inactive|Battle timer is ON: inactive players will automatically lose when time's up. (requested by AntonioG14)
|
|t:|1758348366
|teamsize|p1|6
|teamsize|p2|6
|start
|switch|p1a: Slowbro|Slowbro, F|100/100
|switch|p2a: Glimmora|Glimmora, F|100/100
|turn|1
|
|t:|1758348369
|move|p2a: Glimmora|Stealth Rock|p1a: Slowbro
|-sidestart|p1: AntonioG14|move: Stealth Rock
|move|p1a: Slowbro|Psychic|p2a: Glimmora
|-supereffective|p2a: Glimmora
|-damage|p2a: Glimmora|36/100
|
|upkeep
|turn|2
|
|t:|1758348379
|switch|p2a: Ogerpon|Ogerpon-Wellspring, F|100/100
|move|p1a: Slowbro|Scald|p2a: Ogerpon
|-immune|p2a: Ogerpon|[from] ability: Water Absorb
|
|upkeep
|turn|3
|
|t:|1758348386
|switch|p1a: Amoonguss|Amoonguss, M|100/100
|-damage|p1a: Amoonguss|88/100|[from] Stealth Rock
|move|p2a: Ogerpon|Encore||[still]
|-fail|p2a: Ogerpon
|
|-heal|p1a: Amoonguss|94/100|[from] item: Black Sludge
|upkeep
|turn|4
|
|t:|1758348395
|switch|p2a: Glimmora|Glimmora, F|36/100
|move|p1a: Amoonguss|Toxic|p2a: Glimmora
|-immune|p2a: Glimmora
|
|-heal|p1a: Amoonguss|100/100|[from] item: Black Sludge
|upkeep
|turn|5
|
|t:|1758348400
|move|p2a: Glimmora|Spikes|p1a: Amoonguss
|-sidestart|p1: AntonioG14|Spikes
|move|p1a: Amoonguss|Giga Drain|p2a: Glimmora
|-damage|p2a: Glimmora|10/100
|
|upkeep
|turn|6
|
|t:|1758348411
|move|p2a: Glimmora|Memento|p1a: Amoonguss
|-unboost|p1a: Amoonguss|atk|2
|-unboost|p1a: Amoonguss|spa|2
|faint|p2a: Glimmora
|move|p1a: Amoonguss|Giga Drain|p2: Glimmora|[notarget]
|-fail|p1a: Amoonguss
|
|upkeep
|
|t:|1758348418
|switch|p2a: Ogerpon|Ogerpon-Wellspring, F|100/100
|turn|7
|
|t:|1758348425
|move|p2a: Ogerpon|Swords Dance|p2a: Ogerpon
|-boost|p2a: Ogerpon|atk|2
|move|p1a: Amoonguss|Toxic|p2a: Ogerpon
|-status|p2a: Ogerpon|tox
|
|-damage|p2a: Ogerpon|95/100 tox|[from] psn
|upkeep
|turn|8
|
|t:|1758348434
|-terastallize|p2a: Ogerpon|Water
|detailschange|p2a: Ogerpon|Ogerpon-Wellspring-Tera, F, tera:Water
|-ability|p2a: Ogerpon|Embody Aspect (Wellspring)|boost
|-boost|p2a: Ogerpon|spd|1
|move|p2a: Ogerpon|Ivy Cudgel|p1a: Amoonguss|[anim] Ivy Cudgel Water
|-resisted|p1a: Amoonguss
|-crit|p1a: Amoonguss
|-damage|p1a: Amoonguss|0 fnt
|faint|p1a: Amoonguss
|
|-damage|p2a: Ogerpon|83/100 tox|[from] psn
|upkeep
|inactive|AntonioG14 has 120 seconds left.
|
|t:|1758348465
|switch|p1a: Raging Bolt|Raging Bolt|100/100
|-damage|p1a: Raging Bolt|88/100|[from] Stealth Rock
|-damage|p1a: Raging Bolt|76/100|[from] Spikes
|-enditem|p1a: Raging Bolt|Booster Energy
|-activate|p1a: Raging Bolt|ability: Protosynthesis|[fromitem]
|-start|p1a: Raging Bolt|protosynthesisspa
|turn|9
|
|t:|1758348475
|move|p1a: Raging Bolt|Thunderclap|p2a: Ogerpon
|-supereffective|p2a: Ogerpon
|-damage|p2a: Ogerpon|0 fnt
|faint|p2a: Ogerpon
|detailschange|p2: Ogerpon|Ogerpon-Wellspring, F|[silent]
|
|upkeep
|
|t:|1758348478
|switch|p2a: Iron Treads|Iron Treads|100/100
|turn|10
|
|t:|1758348483
|move|p2a: Iron Treads|Earthquake|p1a: Raging Bolt
|-supereffective|p1a: Raging Bolt
|-damage|p1a: Raging Bolt|0 fnt
|faint|p1a: Raging Bolt
|-end|p1a: Raging Bolt|Protosynthesis|[silent]
|
|upkeep
|
|t:|1758348488
|switch|p1a: Landorus|Landorus-Therian, M|100/100
|-damage|p1a: Landorus|88/100|[from] Stealth Rock
|-ability|p1a: Landorus|Intimidate|boost
|-unboost|p2a: Iron Treads|atk|1
|turn|11
|
|t:|1758348493
|move|p1a: Landorus|Earthquake|p2a: Iron Treads
|-supereffective|p2a: Iron Treads
|-damage|p2a: Iron Treads|0 fnt
|faint|p2a: Iron Treads
|-end|p2a: Iron Treads|Quark Drive|[silent]
|
|upkeep
|
|t:|1758348499
|switch|p2a: Dragapult|Dragapult, M|100/100
|turn|12
|
|t:|1758348503
|move|p1a: Landorus|Earthquake|p2a: Dragapult
|-damage|p2a: Dragapult|21/100
|move|p2a: Dragapult|Draco Meteor|p1a: Landorus
|-damage|p1a: Landorus|0 fnt
|-unboost|p2a: Dragapult|spa|2
|faint|p1a: Landorus
|
|upkeep
|
|t:|1758348512
|switch|p1a: Quaquaval|Quaquaval, M|100/100
|-damage|p1a: Quaquaval|94/100|[from] Stealth Rock
|-damage|p1a: Quaquaval|82/100|[from] Spikes
|turn|13
|
|t:|1758348517
|move|p2a: Dragapult|Draco Meteor|p1a: Quaquaval
|-damage|p1a: Quaquaval|46/100
|-unboost|p2a: Dragapult|spa|2
|move|p1a: Quaquaval|Aqua Step|p2a: Dragapult
|-resisted|p2a: Dragapult
|-damage|p2a: Dragapult|0 fnt
|-boost|p1a: Quaquaval|spe|1
|faint|p2a: Dragapult
|-ability|p1a: Quaquaval|Moxie|boost
|-boost|p1a: Quaquaval|atk|1
|
|upkeep
|
|t:|1758348531
|switch|p2a: Iron Moth|Iron Moth|100/100
|-enditem|p2a: Iron Moth|Booster Energy
|-activate|p2a: Iron Moth|ability: Quark Drive|[fromitem]
|-start|p2a: Iron Moth|quarkdrivespe
|turn|14
|
|t:|1758348547
|move|p2a: Iron Moth|Sludge Wave|p1a: Quaquaval
|-damage|p1a: Quaquaval|4/100
|move|p1a: Quaquaval|Aqua Step|p2a: Iron Moth
|-supereffective|p2a: Iron Moth
|-damage|p2a: Iron Moth|0 fnt
|-boost|p1a: Quaquaval|spe|1
|faint|p2a: Iron Moth
|-end|p2a: Iron Moth|Quark Drive|[silent]
|-ability|p1a: Quaquaval|Moxie|boost
|-boost|p1a: Quaquaval|atk|1
|
|upkeep
|
|t:|1758348550
|switch|p2a: Gholdengo|Gholdengo|100/100
|-item|p2a: Gholdengo|Air Balloon
|turn|15
|
|t:|1758348561
|-terastallize|p1a: Quaquaval|Water
|move|p1a: Quaquaval|Aqua Step|p2a: Gholdengo
|-damage|p2a: Gholdengo|15/100
|-boost|p1a: Quaquaval|spe|1
|-enditem|p2a: Gholdengo|Air Balloon
|move|p2a: Gholdengo|Hex|p1a: Quaquaval
|-damage|p1a: Quaquaval|0 fnt
|faint|p1a: Quaquaval
|
|upkeep
|
|t:|1758348572
|switch|p1a: Incineroar|Incineroar, F|100/100
|-ability|p1a: Incineroar|Intimidate|boost
|-unboost|p2a: Gholdengo|atk|1
|turn|16
|
|t:|1758348577
|move|p2a: Gholdengo|Recover|p2a: Gholdengo
|-heal|p2a: Gholdengo|65/100
|move|p1a: Incineroar|Flare Blitz|p2a: Gholdengo
|-supereffective|p2a: Gholdengo
|-damage|p2a: Gholdengo|0 fnt
|faint|p2a: Gholdengo
|-damage|p1a: Incineroar|80/100|[from] Recoil
|
|win|AntonioG14
|raw|AntonioG14's rating: 1363 &rarr; <strong>1386</strong><br />(+23 for winning)
|raw|Rohit-Majum's rating: 1410 &rarr; <strong>1387</strong><br />(-23 for losing)
|l|☆Rohit-Majum
|player|p2|
|l|☆AntonioG14
|player|p1|
