|j|☆addycedo
|j|☆chrovalis
|t:|1758313431
|gametype|singles
|player|p1|addycedo|hugh|1130
|player|p2|chrovalis|ethan|1172
|gen|9
|tier|[Gen 9] OU
|rated|
|rule|HP Percentage Mod: HP is shown in percentages
|rule|Endless Battle Clause: Forcing endless battles is banned
|rule|Species Clause: Limit one of each Pokémon
|rule|OHKO Clause: OHKO moves are banned
|rule|Evasion Items Clause: Evasion items are banned
|rule|Evasion Moves Clause: Evasion moves are banned
|rule|Evasion Abilities Clause: Evasion abilities are banned
|rule|Sleep Moves Clause: Sleep-inducing moves are banned
|clearpoke
|poke|p1|Glimmora, M|
|poke|p1|Iron Valiant|
|poke|p1|Gholdengo|
|poke|p1|Great Tusk|
|poke|p1|Kingambit, M|
|poke|p1|Kyurem|
|poke|p2|Arcanine-Hisui, F|
|poke|p2|Armarouge, F|
|poke|p2|Azumarill, F|
|poke|p2|Ursaluna, M|
|poke|p2|Cetitan, F|
|poke|p2|Slowking-Galar, F|
|teampreview
|inactive|Battle timer is ON: inactive players will automatically lose when time's up. (requested by chrovalis)
|
|t:|1758313439
|teamsize|p1|6
|teamsize|p2|6
|start
|switch|p1a: Lazuli|Glimmora, M, shiny|100/100
|switch|p2a: Slowking|Slowking-Galar, F|100/100
|turn|1
|
|t:|1758313446
|move|p1a: Lazuli|Stealth Rock|p2a: Slowking
|-sidestart|p2: chrovalis|move: Stealth Rock
|move|p2a: Slowking|Future Sight|p1a: Lazuli
|-start|p2a: Slowking|move: Future Sight
|
|upkeep
|turn|2
|
|t:|1758313457
|move|p1a: Lazuli|Spikes|p2a: Slowking
|-sidestart|p2: chrovalis|Spikes
|move|p2a: Slowking|Surf|p1a: Lazuli
|-supereffective|p1a: Lazuli
|-damage|p1a: Lazuli|43/100
|
|upkeep
|turn|3
|
|t:|1758313466
|move|p1a: Lazuli|Spikes|p2a: Slowking
|-sidestart|p2: chrovalis|Spikes
|-prepare|p2a: Slowking|Chilly Reception|[premajor]
|move|p2a: Slowking|Chilly Reception|p2a: Slowking
|-weather|Snowscape
|
|t:|1758313471
|switch|p2a: Cetitan|Cetitan, F, shiny|100/100|[from] Chilly Reception
|-damage|p2a: Cetitan|76/100|[from] Stealth Rock
|-damage|p2a: Cetitan|59/100|[from] Spikes
|
|-weather|Snowscape|[upkeep]
|-end|p1a: Lazuli|move: Future Sight
|-supereffective|p1a: Lazuli
|-damage|p1a: Lazuli|0 fnt
|faint|p1a: Lazuli
|upkeep
|
|t:|1758313491
|switch|p1a: Athena|Iron Valiant|100/100
|-enditem|p1a: Athena|Booster Energy
|-activate|p1a: Athena|ability: Quark Drive|[fromitem]
|-start|p1a: Athena|quarkdrivespe
|turn|4
|
|t:|1758313501
|move|p1a: Athena|Moonblast|p2a: Cetitan
|-crit|p2a: Cetitan
|-damage|p2a: Cetitan|0 fnt
|faint|p2a: Cetitan
|
|-weather|Snowscape|[upkeep]
|upkeep
|
|t:|1758313511
|switch|p2a: Slowking|Slowking-Galar, F|100/100
|turn|5
|
|t:|1758313528
|move|p1a: Athena|Knock Off|p2a: Slowking
|-supereffective|p2a: Slowking
|-damage|p2a: Slowking|46/100
|-enditem|p2a: Slowking|Heavy-Duty Boots|[from] move: Knock Off|[of] p1a: Athena
|move|p2a: Slowking|Sludge Bomb|p1a: Athena
|-supereffective|p1a: Athena
|-damage|p1a: Athena|0 fnt
|faint|p1a: Athena
|-end|p1a: Athena|Quark Drive|[silent]
|
|-weather|Snowscape|[upkeep]
|upkeep
|
|t:|1758313537
|switch|p1a: Gammoth|Great Tusk|100/100
|-enditem|p1a: Gammoth|Booster Energy
|-activate|p1a: Gammoth|ability: Protosynthesis|[fromitem]
|-start|p1a: Gammoth|protosynthesisspe
|turn|6
|
|t:|1758313552
|move|p1a: Gammoth|Earthquake|p2a: Slowking
|-supereffective|p2a: Slowking
|-crit|p2a: Slowking
|-damage|p2a: Slowking|0 fnt
|faint|p2a: Slowking
|
|-weather|Snowscape|[upkeep]
|upkeep
|
|t:|1758313559
|switch|p2a: Azumarill|Azumarill, F|100/100
|-damage|p2a: Azumarill|88/100|[from] Stealth Rock
|-damage|p2a: Azumarill|72/100|[from] Spikes
|turn|7
|
|t:|1758313578
|move|p1a: Gammoth|Bulk Up|p1a: Gammoth
|-boost|p1a: Gammoth|atk|1
|-boost|p1a: Gammoth|def|1
|move|p2a: Azumarill|Belly Drum|p2a: Azumarill
|-damage|p2a: Azumarill|22/100
|-setboost|p2a: Azumarill|atk|6|[from] move: Belly Drum
|-enditem|p2a: Azumarill|Sitrus Berry|[eat]
|-heal|p2a: Azumarill|47/100|[from] item: Sitrus Berry
|
|-weather|none
|upkeep
|turn|8
|
|t:|1758313592
|move|p2a: Azumarill|Aqua Jet|p1a: Gammoth
|-supereffective|p1a: Gammoth
|-damage|p1a: Gammoth|17/100
|move|p1a: Gammoth|Earthquake|p2a: Azumarill
|-damage|p2a: Azumarill|0 fnt
|faint|p2a: Azumarill
|
|upkeep
|
|t:|1758313596
|switch|p2a: Arcanine|Arcanine-Hisui, F|100/100
|-damage|p2a: Arcanine|76/100|[from] Stealth Rock
|-damage|p2a: Arcanine|59/100|[from] Spikes
|turn|9
|c|☆addycedo|bahahahahaha
|
|t:|1758313612
|move|p2a: Arcanine|Extreme Speed|p1a: Gammoth
|-damage|p1a: Gammoth|2/100
|-damage|p2a: Arcanine|49/100|[from] item: Life Orb
|move|p1a: Gammoth|Earthquake|p2a: Arcanine
|-supereffective|p2a: Arcanine
|-damage|p2a: Arcanine|0 fnt
|faint|p2a: Arcanine
|
|upkeep
|
|t:|1758313617
|switch|p2a: Armarouge|Armarouge, F|100/100
|-damage|p2a: Armarouge|75/100|[from] Stealth Rock
|-damage|p2a: Armarouge|59/100|[from] Spikes
|turn|10
|c|☆addycedo|LMAOOOOOOOOOOOOOOOOOOO
|-message|chrovalis forfeited.
|
|win|addycedo
|raw|addycedo's rating: 1130 &rarr; <strong>1158</strong><br />(+28 for winning)
|raw|chrovalis's rating: 1172 &rarr; <strong>1144</strong><br />(-28 for losing)
|l|☆chrovalis
|player|p2|
