|j|☆ZU Propaganda
|j|☆kemfys<3
|t:|1758322453
|gametype|singles
|player|p1|ZU Propaganda|pokemonbreeder-gen4|1040
|player|p2|kemfys<3|guitarist|1027
|gen|9
|tier|[Gen 9] OU
|rated|
|rule|HP Percentage Mod: HP is shown in percentages
|rule|Endless Battle Clause: Forcing endless battles is banned
|rule|Species Clause: Limit one of each Pokémon
|rule|OHKO Clause: OHKO moves are banned
|rule|Evasion Items Clause: Evasion items are banned
|rule|Evasion Moves Clause: Evasion moves are banned
|rule|Evasion Abilities Clause: Evasion abilities are banned
|rule|Sleep Moves Clause: Sleep-inducing moves are banned
|clearpoke
|poke|p1|Basculin-Blue-Striped, M|
|poke|p1|Beartic, M|
|poke|p1|Toedscruel, M|
|poke|p1|Persian-Alola, F|
|poke|p1|Mesprit|
|poke|p1|Magmortar, F|
|poke|p2|Maushold|
|poke|p2|Ribombee, F|
|poke|p2|Hatterene, F|
|poke|p2|Dragonite, M|
|poke|p2|Gholdengo|
|poke|p2|Lokix, M|
|teampreview
|
|t:|1758322471
|teamsize|p1|6
|teamsize|p2|6
|start
|switch|p1a: Persian|Persian-Alola, F|100/100
|switch|p2a: Ribombee|Ribombee, F|100/100
|turn|1
|
|t:|1758322476
|move|p1a: Persian|Fake Out|p2a: Ribombee
|-damage|p2a: Ribombee|91/100
|move|p2a: Ribombee|Sticky Web|p1a: Persian
|-sidestart|p1: ZU Propaganda|move: Sticky Web
|
|upkeep
|turn|2
|
|t:|1758322492
|move|p2a: Ribombee|Stun Spore|p1a: Persian
|-status|p1a: Persian|par
|cant|p1a: Persian|par
|
|upkeep
|turn|3
|
|t:|1758322500
|move|p2a: Ribombee|Stun Spore|p1a: Persian
|-fail|p1a: Persian|par
|move|p1a: Persian|Knock Off|p2a: Ribombee
|-resisted|p2a: Ribombee
|-damage|p2a: Ribombee|72/100
|-enditem|p2a: Ribombee|Focus Sash|[from] move: Knock Off|[of] p1a: Persian
|
|upkeep
|turn|4
|
|t:|1758322512
|move|p2a: Ribombee|Moonblast|p1a: Persian
|-supereffective|p1a: Persian
|-damage|p1a: Persian|39/100 par
|move|p1a: Persian|Tera Blast|p2a: Ribombee
|-damage|p2a: Ribombee|52/100
|
|upkeep
|turn|5
|
|t:|1758322532
|move|p2a: Ribombee|Moonblast|p1a: Persian
|-supereffective|p1a: Persian
|-damage|p1a: Persian|0 fnt
|faint|p1a: Persian
|
|upkeep
|
|t:|1758322539
|switch|p1a: Basculin|Basculin-Blue-Striped, M|100/100
|-activate|p1a: Basculin|move: Sticky Web
|-unboost|p1a: Basculin|spe|1
|turn|6
|
|t:|1758322546
|move|p1a: Basculin|Aqua Jet|p2a: Ribombee
|-damage|p2a: Ribombee|5/100
|-damage|p1a: Basculin|91/100|[from] item: Life Orb
|move|p2a: Ribombee|Stun Spore|p1a: Basculin
|-status|p1a: Basculin|par
|
|upkeep
|turn|7
|
|t:|1758322554
|move|p1a: Basculin|Aqua Jet|p2a: Ribombee
|-damage|p2a: Ribombee|0 fnt
|faint|p2a: Ribombee
|-damage|p1a: Basculin|81/100 par|[from] item: Life Orb
|
|upkeep
|
|t:|1758322564
|switch|p2a: Maushold|Maushold|100/100
|turn|8
|
|t:|1758322577
|switch|p1a: Magmortar|Magmortar, F|100/100
|-activate|p1a: Magmortar|move: Sticky Web
|-unboost|p1a: Magmortar|spe|1
|move|p2a: Maushold|Population Bomb|p1a: Magmortar
|-damage|p1a: Magmortar|90/100
|-damage|p2a: Maushold|84/100|[from] item: Rocky Helmet|[of] p1a: Magmortar
|-damage|p1a: Magmortar|81/100
|-damage|p2a: Maushold|67/100|[from] item: Rocky Helmet|[of] p1a: Magmortar
|-damage|p1a: Magmortar|71/100
|-damage|p2a: Maushold|51/100|[from] item: Rocky Helmet|[of] p1a: Magmortar
|-damage|p1a: Magmortar|62/100
|-damage|p2a: Maushold|34/100|[from] item: Rocky Helmet|[of] p1a: Magmortar
|-damage|p1a: Magmortar|52/100
|-damage|p2a: Maushold|18/100|[from] item: Rocky Helmet|[of] p1a: Magmortar
|-damage|p1a: Magmortar|42/100
|-damage|p2a: Maushold|1/100|[from] item: Rocky Helmet|[of] p1a: Magmortar
|-damage|p1a: Magmortar|32/100
|-damage|p2a: Maushold|0 fnt|[from] item: Rocky Helmet|[of] p1a: Magmortar
|faint|p2a: Maushold
|-hitcount|p1a: Magmortar|7
|
|upkeep
|-message|kemfys<3 forfeited.
|
|win|ZU Propaganda
|raw|ZU Propaganda's rating: 1040 &rarr; <strong>1073</strong><br />(+33 for winning)
|raw|kemfys&lt;3's rating: 1027 &rarr; <strong>1013</strong><br />(-14 for losing)
|l|☆kemfys<3
|player|p2|
|c|☆ZU Propaganda|????
