|j|☆bob cranium
|j|☆gateauaukebab
|t:|1758306142
|gametype|singles
|player|p1|bob cranium|scott|1548
|player|p2|gateauaukebab|265|1517
|gen|9
|tier|[Gen 9] OU
|rated|
|rule|HP Percentage Mod: HP is shown in percentages
|rule|Endless Battle Clause: Forcing endless battles is banned
|rule|Species Clause: Limit one of each Pokémon
|rule|OHKO Clause: OHKO moves are banned
|rule|Evasion Items Clause: Evasion items are banned
|rule|Evasion Moves Clause: Evasion moves are banned
|rule|Evasion Abilities Clause: Evasion abilities are banned
|rule|Sleep Moves Clause: Sleep-inducing moves are banned
|clearpoke
|poke|p1|Dragonite, M|
|poke|p1|Gholdengo|
|poke|p1|Regidrago|
|poke|p1|Scizor, M|
|poke|p1|Ting-Lu|
|poke|p1|Weezing-Galar, F|
|poke|p2|Dragapult, M|
|poke|p2|Enamorus, F|
|poke|p2|Glimmora, M|
|poke|p2|Iron Moth|
|poke|p2|Kingambit, M|
|poke|p2|Manaphy|
|teampreview
|inactive|Battle timer is ON: inactive players will automatically lose when time's up. (requested by gateauaukebab)
|
|t:|1758306161
|teamsize|p1|6
|teamsize|p2|6
|start
|switch|p1a: Ting-Lu|Ting-Lu|100/100
|switch|p2a: Glimmora|Glimmora, M|100/100
|-ability|p1a: Ting-Lu|Vessel of Ruin
|turn|1
|
|t:|1758306168
|move|p2a: Glimmora|Stealth Rock|p1a: Ting-Lu
|-sidestart|p1: bob cranium|move: Stealth Rock
|move|p1a: Ting-Lu|Earthquake|p2a: Glimmora
|-supereffective|p2a: Glimmora
|-enditem|p2a: Glimmora|Focus Sash
|-damage|p2a: Glimmora|1/100
|-activate|p2a: Glimmora|ability: Toxic Debris
|-sidestart|p1: bob cranium|move: Toxic Spikes
|
|upkeep
|turn|2
|
|t:|1758306187
|move|p2a: Glimmora|Mortal Spin|p1a: Ting-Lu
|-resisted|p1a: Ting-Lu
|-damage|p1a: Ting-Lu|99/100
|-status|p1a: Ting-Lu|psn
|move|p1a: Ting-Lu|Earthquake|p2a: Glimmora
|-supereffective|p2a: Glimmora
|-damage|p2a: Glimmora|0 fnt
|-activate|p2a: Glimmora|ability: Toxic Debris
|-sidestart|p1: bob cranium|move: Toxic Spikes
|faint|p2a: Glimmora
|
|-heal|p1a: Ting-Lu|100/100 psn|[from] item: Leftovers
|-damage|p1a: Ting-Lu|88/100 psn|[from] psn
|upkeep
|
|t:|1758306202
|switch|p2a: Enamorus|Enamorus, F|100/100
|turn|3
|
|t:|1758306212
|switch|p1a: Weezing|Weezing-Galar, F|100/100
|-ability|p1a: Weezing|Neutralizing Gas
|-sideend|p1: bob cranium|move: Toxic Spikes|[of] p1a: Weezing
|move|p2a: Enamorus|Moonblast|p1a: Weezing
|-resisted|p1a: Weezing
|-damage|p1a: Weezing|68/100
|-unboost|p1a: Weezing|spa|1
|
|upkeep
|turn|4
|
|t:|1758306237
|-terastallize|p2a: Enamorus|Steel
|move|p2a: Enamorus|Calm Mind|p2a: Enamorus
|-boost|p2a: Enamorus|spa|1
|-boost|p2a: Enamorus|spd|1
|move|p1a: Weezing|Defog|p2a: Enamorus
|-unboost|p2a: Enamorus|evasion|1
|-sideend|p1: bob cranium|Stealth Rock|[from] move: Defog|[of] p1a: Weezing
|
|upkeep
|turn|5
|
|t:|1758306256
|-end|p1a: Weezing|ability: Neutralizing Gas
|switch|p1a: Scizor|Scizor, M|100/100
|move|p2a: Enamorus|Earth Power|p1a: Scizor
|-damage|p1a: Scizor|41/100
|
|upkeep
|turn|6
|
|t:|1758306263
|move|p1a: Scizor|Bullet Punch|p2a: Enamorus
|-resisted|p2a: Enamorus
|-damage|p2a: Enamorus|58/100
|-start|p1a: Scizor|Attract|[from] ability: Cute Charm|[of] p2a: Enamorus
|move|p2a: Enamorus|Earth Power|p1a: Scizor
|-damage|p1a: Scizor|0 fnt
|faint|p1a: Scizor
|
|-heal|p2a: Enamorus|64/100|[from] item: Leftovers
|upkeep
|
|t:|1758306270
|switch|p1a: Ting-Lu|Ting-Lu|88/100 psn
|-ability|p1a: Ting-Lu|Vessel of Ruin
|turn|7
|
|t:|1758306285
|switch|p2a: Manaphy|Manaphy|100/100
|move|p1a: Ting-Lu|Earthquake|p2a: Manaphy
|-crit|p2a: Manaphy
|-damage|p2a: Manaphy|43/100
|
|-heal|p2a: Manaphy|49/100|[from] item: Leftovers
|-heal|p1a: Ting-Lu|94/100 psn|[from] item: Leftovers
|-damage|p1a: Ting-Lu|82/100 psn|[from] psn
|upkeep
|turn|8
|
|t:|1758306298
|move|p2a: Manaphy|Tail Glow|p2a: Manaphy
|-boost|p2a: Manaphy|spa|3
|move|p1a: Ting-Lu|Stealth Rock|p2a: Manaphy
|-sidestart|p2: gateauaukebab|move: Stealth Rock
|
|-heal|p2a: Manaphy|56/100|[from] item: Leftovers
|-heal|p1a: Ting-Lu|88/100 psn|[from] item: Leftovers
|-damage|p1a: Ting-Lu|76/100 psn|[from] psn
|upkeep
|turn|9
|
|t:|1758306301
|switch|p1a: Weezing|Weezing-Galar, F|68/100
|-ability|p1a: Weezing|Neutralizing Gas
|move|p2a: Manaphy|Surf|p1a: Weezing
|-damage|p1a: Weezing|0 fnt
|faint|p1a: Weezing
|-end|p1a: Weezing|ability: Neutralizing Gas
|
|-heal|p2a: Manaphy|62/100|[from] item: Leftovers
|upkeep
|
|t:|1758306304
|switch|p1a: Regidrago|Regidrago|100/100
|turn|10
|
|t:|1758306309
|move|p1a: Regidrago|Dragon Energy|p2a: Manaphy
|-crit|p2a: Manaphy
|-damage|p2a: Manaphy|0 fnt
|faint|p2a: Manaphy
|
|upkeep
|
|t:|1758306313
|switch|p2a: Enamorus|Enamorus, F, tera:Steel|64/100
|-damage|p2a: Enamorus|58/100|[from] Stealth Rock
|turn|11
|
|t:|1758306325
|switch|p1a: Gholdengo|Gholdengo|100/100
|move|p2a: Enamorus|Moonblast|p1a: Gholdengo
|-resisted|p1a: Gholdengo
|-damage|p1a: Gholdengo|69/100
|
|-heal|p2a: Enamorus|64/100|[from] item: Leftovers
|upkeep
|turn|12
|
|t:|1758306332
|move|p2a: Enamorus|Earth Power|p1a: Gholdengo
|-supereffective|p1a: Gholdengo
|-crit|p1a: Gholdengo
|-damage|p1a: Gholdengo|0 fnt
|faint|p1a: Gholdengo
|
|-heal|p2a: Enamorus|70/100|[from] item: Leftovers
|upkeep
|
|t:|1758306339
|switch|p1a: Dragonite|Dragonite, M|100/100
|turn|13
|
|t:|1758306343
|-terastallize|p1a: Dragonite|Normal
|move|p2a: Enamorus|Moonblast|p1a: Dragonite
|-damage|p1a: Dragonite|76/100
|-unboost|p1a: Dragonite|spa|1
|move|p1a: Dragonite|Dragon Dance|p1a: Dragonite
|-boost|p1a: Dragonite|atk|1
|-boost|p1a: Dragonite|spe|1
|
|-heal|p2a: Enamorus|77/100|[from] item: Leftovers
|upkeep
|turn|14
|
|t:|1758306366
|move|p1a: Dragonite|Dragon Dance|p1a: Dragonite
|-boost|p1a: Dragonite|atk|1
|-boost|p1a: Dragonite|spe|1
|move|p2a: Enamorus|Moonblast|p1a: Dragonite
|-damage|p1a: Dragonite|28/100
|
|-heal|p2a: Enamorus|83/100|[from] item: Leftovers
|upkeep
|turn|15
|
|t:|1758306374
|move|p1a: Dragonite|Earthquake|p2a: Enamorus
|-supereffective|p2a: Enamorus
|-damage|p2a: Enamorus|0 fnt
|faint|p2a: Enamorus
|
|upkeep
|
|t:|1758306376
|switch|p2a: Kingambit|Kingambit, M|100/100
|-damage|p2a: Kingambit|94/100|[from] Stealth Rock
|-activate|p2a: Kingambit|ability: Supreme Overlord
|-start|p2a: Kingambit|fallen3|[silent]
|turn|16
|
|t:|1758306384
|move|p1a: Dragonite|Earthquake|p2a: Kingambit
|-supereffective|p2a: Kingambit
|-damage|p2a: Kingambit|0 fnt
|faint|p2a: Kingambit
|-end|p2a: Kingambit|fallen3|[silent]
|
|upkeep
|
|t:|1758306394
|switch|p2a: Dragapult|Dragapult, M|100/100
|turn|17
|j| AntdonPokemon
|
|t:|1758306396
|move|p1a: Dragonite|Earthquake|p2a: Dragapult
|-damage|p2a: Dragapult|0 fnt
|faint|p2a: Dragapult
|
|upkeep
|l| AntdonPokemon
|-message|gateauaukebab forfeited.
|
|win|bob cranium
|raw|bob cranium's rating: 1548 &rarr; <strong>1566</strong><br />(+18 for winning)
|raw|gateauaukebab's rating: 1517 &rarr; <strong>1499</strong><br />(-18 for losing)
|l|☆gateauaukebab
|player|p2|
|l|☆bob cranium
|player|p1|
