|j|☆lontificus
|j|☆Phiirix
|t:|1758302707
|gametype|singles
|player|p1|lontificus|infielder|1316
|player|p2|Phiirix|colress|1284
|gen|9
|tier|[Gen 9] OU
|rated|
|rule|HP Percentage Mod: HP is shown in percentages
|rule|Endless Battle Clause: Forcing endless battles is banned
|rule|Species Clause: Limit one of each Pokémon
|rule|OHKO Clause: OHKO moves are banned
|rule|Evasion Items Clause: Evasion items are banned
|rule|Evasion Moves Clause: Evasion moves are banned
|rule|Evasion Abilities Clause: Evasion abilities are banned
|rule|Sleep Moves Clause: Sleep-inducing moves are banned
|clearpoke
|poke|p1|Great Tusk|
|poke|p1|Heatran, M|
|poke|p1|Weavile, M|
|poke|p1|Primarina, M|
|poke|p1|Ogerpon, F|
|poke|p1|Pecharunt|
|poke|p2|Slowking-Galar, M|
|poke|p2|Iron Crown|
|poke|p2|Zamazenta-*|
|poke|p2|Zoroark, F|
|poke|p2|Dragonite, M|
|poke|p2|Araquanid, F|
|teampreview
|
|t:|1758302726
|teamsize|p1|6
|teamsize|p2|6
|start
|switch|p1a: Pecharunt|Pecharunt|100/100
|switch|p2a: Araquanid|Araquanid, F, shiny|100/100
|turn|1
|
|t:|1758302743
|move|p2a: Araquanid|Trick|p1a: Pecharunt
|-activate|p2a: Araquanid|move: Trick|[of] p1a: Pecharunt
|-item|p1a: Pecharunt|Choice Scarf|[from] move: Trick
|-item|p2a: Araquanid|Rocky Helmet|[from] move: Trick
|move|p1a: Pecharunt|Malignant Chain|p2a: Araquanid
|-damage|p2a: Araquanid|38/100
|replace|p2a: Zoroark|Zoroark, F, shiny
|-end|p2a: Zoroark|Illusion
|
|upkeep
|turn|2
|
|t:|1758302757
|switch|p2a: Iron Crown|Iron Crown|100/100
|move|p1a: Pecharunt|Malignant Chain|p2a: Iron Crown
|-immune|p2a: Iron Crown
|
|upkeep
|turn|3
|
|t:|1758302764
|switch|p1a: Heatran|Heatran, M|100/100
|-item|p1a: Heatran|Air Balloon
|move|p2a: Iron Crown|Psychic|p1a: Heatran
|-resisted|p1a: Heatran
|-crit|p1a: Heatran
|-damage|p1a: Heatran|46/100
|-enditem|p1a: Heatran|Air Balloon
|
|upkeep
|turn|4
|inactive|Battle timer is ON: inactive players will automatically lose when time's up. (requested by lontificus)
|
|t:|1758302768
|move|p2a: Iron Crown|Psychic|p1a: Heatran
|-resisted|p1a: Heatran
|-damage|p1a: Heatran|11/100
|move|p1a: Heatran|Stealth Rock|p2a: Iron Crown
|-sidestart|p2: Phiirix|move: Stealth Rock
|
|upkeep
|turn|5
|
|t:|1758302773
|move|p2a: Iron Crown|Psychic|p1a: Heatran
|-resisted|p1a: Heatran
|-damage|p1a: Heatran|0 fnt
|faint|p1a: Heatran
|
|upkeep
|
|t:|1758302775
|switch|p1a: Weavile|Weavile, M|100/100
|-ability|p1a: Weavile|Pressure
|turn|6
|
|t:|1758302787
|-end|p2a: Iron Crown|Quark Drive|[silent]
|switch|p2a: Araquanid|Araquanid, F, shiny|100/100
|-damage|p2a: Araquanid|75/100|[from] Stealth Rock
|move|p1a: Weavile|Knock Off|p2a: Araquanid
|-damage|p2a: Araquanid|18/100
|-damage|p1a: Weavile|84/100|[from] item: Rocky Helmet|[of] p2a: Araquanid
|-enditem|p2a: Araquanid|Rocky Helmet|[from] move: Knock Off|[of] p1a: Weavile
|
|upkeep
|turn|7
|
|t:|1758302790
|move|p1a: Weavile|Knock Off|p2a: Araquanid
|-damage|p2a: Araquanid|0 fnt
|faint|p2a: Araquanid
|
|upkeep
|
|t:|1758302797
|switch|p2a: Zamazenta|Zamazenta, shiny|100/100
|-damage|p2a: Zamazenta|94/100|[from] Stealth Rock
|-ability|p2a: Zamazenta|Dauntless Shield|boost
|-boost|p2a: Zamazenta|def|1
|turn|8
|
|t:|1758302801
|switch|p1a: Pecharunt|Pecharunt|100/100
|move|p2a: Zamazenta|Iron Defense|p2a: Zamazenta
|-boost|p2a: Zamazenta|def|2
|
|-heal|p2a: Zamazenta|100/100|[from] item: Leftovers
|upkeep
|turn|9
|
|t:|1758302806
|-terastallize|p2a: Zamazenta|Steel
|move|p2a: Zamazenta|Iron Defense|p2a: Zamazenta
|-boost|p2a: Zamazenta|def|2
|move|p1a: Pecharunt|Malignant Chain|p2a: Zamazenta
|-immune|p2a: Zamazenta
|
|upkeep
|turn|10
|
|t:|1758302826
|switch|p1a: Primarina|Primarina, M|100/100
|move|p2a: Zamazenta|Heavy Slam|p1a: Primarina
|-damage|p1a: Primarina|50/100
|
|upkeep
|turn|11
|
|t:|1758302847
|-terastallize|p1a: Primarina|Ground
|move|p2a: Zamazenta|Heavy Slam|p1a: Primarina
|-damage|p1a: Primarina|2/100
|move|p1a: Primarina|Psychic Noise|p2a: Zamazenta
|-damage|p2a: Zamazenta|62/100
|-start|p2a: Zamazenta|move: Heal Block
|
|upkeep
|turn|12
|
|t:|1758302855
|move|p2a: Zamazenta|Body Press|p1a: Primarina
|-damage|p1a: Primarina|0 fnt
|faint|p1a: Primarina
|
|-end|p2a: Zamazenta|move: Heal Block
|upkeep
|
|t:|1758302865
|switch|p1a: Great Tusk|Great Tusk|100/100
|turn|13
|
|t:|1758302879
|move|p2a: Zamazenta|Body Press|p1a: Great Tusk
|-damage|p1a: Great Tusk|1/100
|move|p1a: Great Tusk|Headlong Rush|p2a: Zamazenta
|-supereffective|p2a: Zamazenta
|-damage|p2a: Zamazenta|34/100
|-unboost|p1a: Great Tusk|def|1
|-unboost|p1a: Great Tusk|spd|1
|
|-heal|p2a: Zamazenta|40/100|[from] item: Leftovers
|upkeep
|turn|14
|
|t:|1758302883
|move|p2a: Zamazenta|Heavy Slam|p1a: Great Tusk
|-damage|p1a: Great Tusk|0 fnt
|faint|p1a: Great Tusk
|-end|p1a: Great Tusk|Protosynthesis|[silent]
|
|-heal|p2a: Zamazenta|46/100|[from] item: Leftovers
|upkeep
|
|t:|1758302885
|switch|p1a: Pecharunt|Pecharunt|100/100
|turn|15
|
|t:|1758302888
|move|p2a: Zamazenta|Crunch|p1a: Pecharunt
|-supereffective|p1a: Pecharunt
|-damage|p1a: Pecharunt|79/100
|-unboost|p1a: Pecharunt|def|1
|move|p1a: Pecharunt|Shadow Ball|p2a: Zamazenta
|-damage|p2a: Zamazenta|23/100
|
|-heal|p2a: Zamazenta|29/100|[from] item: Leftovers
|upkeep
|turn|16
|
|t:|1758302891
|move|p2a: Zamazenta|Crunch|p1a: Pecharunt
|-supereffective|p1a: Pecharunt
|-damage|p1a: Pecharunt|50/100
|-unboost|p1a: Pecharunt|def|1
|move|p1a: Pecharunt|Shadow Ball|p2a: Zamazenta
|-crit|p2a: Zamazenta
|-damage|p2a: Zamazenta|0 fnt
|faint|p2a: Zamazenta
|
|upkeep
|
|t:|1758302903
|switch|p2a: Iron Crown|Iron Crown|100/100
|-damage|p2a: Iron Crown|94/100|[from] Stealth Rock
|turn|17
|
|t:|1758302905
|move|p2a: Iron Crown|Tachyon Cutter|p1a: Pecharunt
|-damage|p1a: Pecharunt|13/100
|-damage|p1a: Pecharunt|0 fnt
|faint|p1a: Pecharunt
|-hitcount|p1: Pecharunt|2
|
|upkeep
|
|t:|1758302909
|switch|p1a: Ogerpon|Ogerpon, F|100/100
|turn|18
|
|t:|1758302913
|move|p1a: Ogerpon|Knock Off|p2a: Iron Crown
|-supereffective|p2a: Iron Crown
|-damage|p2a: Iron Crown|0 fnt
|-enditem|p2a: Iron Crown|Choice Specs|[from] move: Knock Off|[of] p1a: Ogerpon
|faint|p2a: Iron Crown
|-end|p2a: Iron Crown|Quark Drive|[silent]
|
|upkeep
|
|t:|1758302918
|switch|p2a: Dragonite|Dragonite, M|100/100
|turn|19
|
|t:|1758302921
|move|p1a: Ogerpon|Knock Off|p2a: Dragonite
|-damage|p2a: Dragonite|75/100
|-enditem|p2a: Dragonite|Heavy-Duty Boots|[from] move: Knock Off|[of] p1a: Ogerpon
|move|p2a: Dragonite|Dragon Dance|p2a: Dragonite
|-boost|p2a: Dragonite|atk|1
|-boost|p2a: Dragonite|spe|1
|
|upkeep
|turn|20
|
|t:|1758302927
|switch|p1a: Weavile|Weavile, M|84/100
|-ability|p1a: Weavile|Pressure
|move|p2a: Dragonite|Ice Spinner|p1a: Weavile
|-resisted|p1a: Weavile
|-damage|p1a: Weavile|47/100
|
|upkeep
|turn|21
|
|t:|1758302929
|move|p2a: Dragonite|Extreme Speed|p1a: Weavile
|-damage|p1a: Weavile|0 fnt
|faint|p1a: Weavile
|
|upkeep
|
|t:|1758302931
|switch|p1a: Ogerpon|Ogerpon, F|100/100
|turn|22
|
|t:|1758302933
|move|p2a: Dragonite|Ice Spinner|p1a: Ogerpon
|-supereffective|p1a: Ogerpon
|-damage|p1a: Ogerpon|0 fnt
|faint|p1a: Ogerpon
|
|win|Phiirix
|raw|lontificus's rating: 1316 &rarr; <strong>1294</strong><br />(-22 for losing)
|raw|Phiirix's rating: 1284 &rarr; <strong>1311</strong><br />(+27 for winning)
|l|☆lontificus
|player|p1|
|l|☆Phiirix
|player|p2|
