|j|☆Bmce1
|j|☆randomx6
|t:|1758243491
|gametype|singles
|player|p1|Bmce1|proton|1029
|player|p2|randomx6|lucas|1040
|gen|9
|tier|[Gen 9] OU
|rated|
|rule|HP Percentage Mod: HP is shown in percentages
|rule|Endless Battle Clause: Forcing endless battles is banned
|rule|Species Clause: Limit one of each Pokémon
|rule|OHKO Clause: OHKO moves are banned
|rule|Evasion Items Clause: Evasion items are banned
|rule|Evasion Moves Clause: Evasion moves are banned
|rule|Evasion Abilities Clause: Evasion abilities are banned
|rule|Sleep Moves Clause: Sleep-inducing moves are banned
|clearpoke
|poke|p1|Sylveon, F|
|poke|p1|Quaquaval, M|
|poke|p1|Corviknight, F|
|poke|p1|Venusaur, M|
|poke|p1|Dragapult, F|
|poke|p1|Gliscor, F|
|poke|p2|Dedenne, M|
|poke|p2|Electivire, F|
|poke|p2|Iron Crown|
|poke|p2|Iron Thorns|
|poke|p2|Hippowdon, M|
|poke|p2|Honchkrow, M|
|teampreview
|
|t:|1758243500
|teamsize|p1|6
|teamsize|p2|6
|start
|switch|p1a: Quaquaval|Quaquaval, M|100/100
|switch|p2a: Electivire|Electivire, F|100/100
|turn|1
|
|t:|1758243524
|switch|p1a: Venusaur|Venusaur, M|100/100
|move|p2a: Electivire|Trailblaze|p1a: Venusaur
|-resisted|p1a: Venusaur
|-damage|p1a: Venusaur|97/100
|-boost|p2a: Electivire|spe|1
|
|-heal|p1a: Venusaur|100/100|[from] item: Leftovers
|upkeep
|turn|2
|
|t:|1758243557
|move|p2a: Electivire|Light Screen|p2a: Electivire
|-sidestart|p2: randomx6|move: Light Screen
|move|p1a: Venusaur|Earth Power|p2a: Electivire
|-supereffective|p2a: Electivire
|-damage|p2a: Electivire|66/100
|
|upkeep
|turn|3
|
|t:|1758243564
|move|p2a: Electivire|Reflect|p2a: Electivire
|-sidestart|p2: randomx6|Reflect
|move|p1a: Venusaur|Leech Seed|p2a: Electivire
|-start|p2a: Electivire|move: Leech Seed
|
|-damage|p2a: Electivire|53/100|[from] Leech Seed|[of] p1a: Venusaur
|upkeep
|turn|4
|
|t:|1758243571
|move|p2a: Electivire|Knock Off|p1a: Venusaur
|-damage|p1a: Venusaur|68/100
|-enditem|p1a: Venusaur|Leftovers|[from] move: Knock Off|[of] p2a: Electivire
|move|p1a: Venusaur|Giga Drain|p2a: Electivire
|-damage|p2a: Electivire|34/100
|-heal|p1a: Venusaur|80/100|[from] drain|[of] p2a: Electivire
|
|-damage|p2a: Electivire|21/100|[from] Leech Seed|[of] p1a: Venusaur
|-heal|p1a: Venusaur|95/100|[silent]
|upkeep
|turn|5
|
|t:|1758243582
|move|p2a: Electivire|Knock Off|p1a: Venusaur
|-damage|p1a: Venusaur|69/100
|move|p1a: Venusaur|Earth Power|p2a: Electivire
|-supereffective|p2a: Electivire
|-damage|p2a: Electivire|0 fnt
|faint|p2a: Electivire
|
|upkeep
|
|t:|1758243588
|switch|p2a: Iron Crown|Iron Crown|100/100
|turn|6
|
|t:|1758243611
|-terastallize|p2a: Iron Crown|Grass
|move|p2a: Iron Crown|Agility|p2a: Iron Crown
|-boost|p2a: Iron Crown|spe|2
|move|p1a: Venusaur|Earth Power|p2a: Iron Crown
|-resisted|p2a: Iron Crown
|-damage|p2a: Iron Crown|93/100
|
|upkeep
|turn|7
|
|t:|1758243652
|move|p2a: Iron Crown|Calm Mind|p2a: Iron Crown
|-boost|p2a: Iron Crown|spa|1
|-boost|p2a: Iron Crown|spd|1
|move|p1a: Venusaur|Sludge Bomb|p2a: Iron Crown
|-supereffective|p2a: Iron Crown
|-damage|p2a: Iron Crown|66/100
|-status|p2a: Iron Crown|psn
|-enditem|p2a: Iron Crown|Weakness Policy
|-boost|p2a: Iron Crown|atk|2|[from] item: Weakness Policy
|-boost|p2a: Iron Crown|spa|2|[from] item: Weakness Policy
|
|-damage|p2a: Iron Crown|53/100 psn|[from] psn
|upkeep
|turn|8
|inactive|Battle timer is ON: inactive players will automatically lose when time's up. (requested by randomx6)
|
|t:|1758243665
|move|p2a: Iron Crown|Stored Power|p1a: Venusaur
|-supereffective|p1a: Venusaur
|-damage|p1a: Venusaur|0 fnt
|faint|p1a: Venusaur
|
|-damage|p2a: Iron Crown|41/100 psn|[from] psn
|upkeep
|
|t:|1758243673
|switch|p1a: Sylveon|Sylveon, F|100/100
|turn|9
|inactive|randomx6 has 120 seconds left.
|inactive|randomx6 has 90 seconds left.
|
|t:|1758243737
|move|p2a: Iron Crown|Tachyon Cutter|p1a: Sylveon
|-supereffective|p1a: Sylveon
|-damage|p1a: Sylveon|37/100
|-supereffective|p1a: Sylveon
|-damage|p1a: Sylveon|0 fnt
|faint|p1a: Sylveon
|-hitcount|p1: Sylveon|2
|
|-damage|p2a: Iron Crown|29/100 psn|[from] psn
|-sideend|p2: randomx6|move: Light Screen
|upkeep
|inactive|Bmce1 has 120 seconds left.
|
|t:|1758243767
|switch|p1a: Corviknight|Corviknight, F|100/100
|turn|10
|
|t:|1758243774
|move|p2a: Iron Crown|Stored Power|p1a: Corviknight
|-resisted|p1a: Corviknight
|-damage|p1a: Corviknight|22/100
|move|p1a: Corviknight|Body Press|p2a: Iron Crown
|-damage|p2a: Iron Crown|18/100 psn
|
|-heal|p1a: Corviknight|28/100|[from] item: Leftovers
|-damage|p2a: Iron Crown|6/100 psn|[from] psn
|-sideend|p2: randomx6|Reflect
|upkeep
|turn|11
|
|t:|1758243785
|move|p2a: Iron Crown|Stored Power|p1a: Corviknight
|-resisted|p1a: Corviknight
|-damage|p1a: Corviknight|0 fnt
|faint|p1a: Corviknight
|
|-damage|p2a: Iron Crown|0 fnt|[from] psn
|faint|p2a: Iron Crown
|-end|p2a: Iron Crown|Quark Drive|[silent]
|upkeep
|inactive|Bmce1 has 120 seconds left.
|
|t:|1758243795
|switch|p2a: Dedenne|Dedenne, M|100/100
|switch|p1a: Gliscor|Gliscor, F|100/100
|turn|12
|
|t:|1758243804
|move|p2a: Dedenne|Super Fang|p1a: Gliscor
|-damage|p1a: Gliscor|51/100
|move|p1a: Gliscor|Earthquake|p2a: Dedenne
|-supereffective|p2a: Dedenne
|-damage|p2a: Dedenne|0 fnt
|faint|p2a: Dedenne
|
|-status|p1a: Gliscor|tox|[from] item: Toxic Orb
|upkeep
|inactive|randomx6 has 120 seconds left.
|
|t:|1758243827
|switch|p2a: Iron Thorns|Iron Thorns|100/100
|-item|p2a: Iron Thorns|Air Balloon
|turn|13
|
|t:|1758243835
|move|p1a: Gliscor|Brick Break|p2a: Iron Thorns
|-supereffective|p2a: Iron Thorns
|-damage|p2a: Iron Thorns|58/100
|-enditem|p2a: Iron Thorns|Air Balloon
|move|p2a: Iron Thorns|Dragon Dance|p2a: Iron Thorns
|-boost|p2a: Iron Thorns|atk|1
|-boost|p2a: Iron Thorns|spe|1
|
|-heal|p1a: Gliscor|63/100 tox|[from] ability: Poison Heal
|upkeep
|turn|14
|inactive|randomx6 has 120 seconds left.
|
|t:|1758243846
|move|p2a: Iron Thorns|Stone Edge|p1a: Gliscor
|-damage|p1a: Gliscor|0 fnt
|faint|p1a: Gliscor
|
|upkeep
|
|t:|1758243853
|switch|p1a: Quaquaval|Quaquaval, M|100/100
|turn|15
|
|t:|1758243858
|move|p2a: Iron Thorns|Wild Charge|p1a: Quaquaval
|-supereffective|p1a: Quaquaval
|-damage|p1a: Quaquaval|0 fnt
|faint|p1a: Quaquaval
|-damage|p2a: Iron Thorns|35/100|[from] Recoil
|
|upkeep
|
|t:|1758243865
|switch|p1a: Dragapult|Dragapult, F|100/100
|turn|16
|
|t:|1758243871
|move|p1a: Dragapult|Dragon Darts|p2a: Iron Thorns
|-damage|p2a: Iron Thorns|10/100
|-anim|p1a: Dragapult|Dragon Darts|p2a: Iron Thorns
|-damage|p2a: Iron Thorns|0 fnt
|faint|p2a: Iron Thorns
|-end|p2a: Iron Thorns|Quark Drive|[silent]
|
|upkeep
|
|t:|1758243874
|switch|p2a: Honchkrow|Honchkrow, M|100/100
|turn|17
|
|t:|1758243883
|move|p2a: Honchkrow|Sucker Punch|p1a: Dragapult
|-supereffective|p1a: Dragapult
|-damage|p1a: Dragapult|0 fnt
|faint|p1a: Dragapult
|
|win|randomx6
|raw|Bmce1's rating: 1029 &rarr; <strong>1015</strong><br />(-14 for losing)
|raw|randomx6's rating: 1040 &rarr; <strong>1073</strong><br />(+33 for winning)
|l|☆Bmce1
|player|p1|
