|j|☆NMZS Antilope
|j|☆venzapen
|t:|1758309408
|gametype|singles
|player|p1|NMZS Antilope|101|1274
|player|p2|venzapen|265|1286
|gen|9
|tier|[Gen 9] OU
|rated|
|rule|HP Percentage Mod: HP is shown in percentages
|rule|Endless Battle Clause: Forcing endless battles is banned
|rule|Species Clause: Limit one of each Pokémon
|rule|OHKO Clause: OHKO moves are banned
|rule|Evasion Items Clause: Evasion items are banned
|rule|Evasion Moves Clause: Evasion moves are banned
|rule|Evasion Abilities Clause: Evasion abilities are banned
|rule|Sleep Moves Clause: Sleep-inducing moves are banned
|clearpoke
|poke|p1|Scizor, M|
|poke|p1|Toxapex, F|
|poke|p1|Dusknoir, M|
|poke|p1|Great Tusk|
|poke|p1|Dragonite, M|
|poke|p1|Probopass, F|
|poke|p2|Clodsire, M|
|poke|p2|Dondozo, M|
|poke|p2|Alomomola, F|
|poke|p2|Talonflame, M|
|poke|p2|Toxapex, F|
|poke|p2|Blissey, F|
|teampreview
|inactive|Battle timer is ON: inactive players will automatically lose when time's up. (requested by NMZS Antilope)
|
|t:|1758309447
|teamsize|p1|6
|teamsize|p2|6
|start
|switch|p1a: Dusknoir|Dusknoir, M, shiny|100/100
|switch|p2a: Talonflame|Talonflame, M|100/100
|-item|p2a: Talonflame|Heavy-Duty Boots|[from] ability: Frisk|[of] p1a: Dusknoir
|turn|1
|
|t:|1758309467
|switch|p2a: Blissey|Blissey, F|100/100
|move|p1a: Dusknoir|Trick|p2a: Blissey
|-activate|p1a: Dusknoir|move: Trick|[of] p2a: Blissey
|-item|p2a: Blissey|Ring Target|[from] move: Trick
|-item|p1a: Dusknoir|Heavy-Duty Boots|[from] move: Trick
|
|upkeep
|turn|2
|
|t:|1758309488
|switch|p1a: Scizor|Scizor, M, shiny|100/100
|move|p2a: Blissey|Shadow Ball|p1a: Scizor
|-damage|p1a: Scizor|81/100
|-unboost|p1a: Scizor|spd|1
|
|upkeep
|turn|3
|
|t:|1758309503
|switch|p2a: Toxapex|Toxapex, F|100/100
|move|p1a: Scizor|U-turn|p2a: Toxapex
|-resisted|p2a: Toxapex
|-damage|p2a: Toxapex|89/100
|
|t:|1758309511
|switch|p1a: Great Tusk|Great Tusk|100/100|[from] U-turn
|
|upkeep
|turn|4
|
|t:|1758309514
|switch|p2a: Talonflame|Talonflame, M|100/100
|move|p1a: Great Tusk|Bulk Up|p1a: Great Tusk
|-boost|p1a: Great Tusk|atk|1
|-boost|p1a: Great Tusk|def|1
|
|upkeep
|turn|5
|
|t:|1758309529
|-end|p1a: Great Tusk|Protosynthesis|[silent]
|switch|p1a: Toxapex|Toxapex, F|100/100
|move|p2a: Talonflame|Will-O-Wisp|p1a: Toxapex|[miss]
|-miss|p2a: Talonflame|p1a: Toxapex
|
|upkeep
|turn|6
|
|t:|1758309544
|switch|p2a: Clodsire|Clodsire, M|100/100
|switch|p1a: Dusknoir|Dusknoir, M, shiny|100/100
|-item|p2a: Clodsire|Heavy-Duty Boots|[from] ability: Frisk|[of] p1a: Dusknoir
|
|upkeep
|turn|7
|
|t:|1758309549
|move|p1a: Dusknoir|Will-O-Wisp|p2a: Clodsire|[miss]
|-miss|p1a: Dusknoir|p2a: Clodsire
|move|p2a: Clodsire|Toxic|p1a: Dusknoir
|-status|p1a: Dusknoir|tox
|
|-damage|p1a: Dusknoir|94/100 tox|[from] psn
|upkeep
|turn|8
|
|t:|1758309559
|switch|p2a: Blissey|Blissey, F|100/100
|move|p1a: Dusknoir|Trick|p2a: Blissey
|-activate|p1a: Dusknoir|move: Trick|[of] p2a: Blissey
|-item|p2a: Blissey|Heavy-Duty Boots|[from] move: Trick
|-item|p1a: Dusknoir|Ring Target|[from] move: Trick
|
|-damage|p1a: Dusknoir|82/100 tox|[from] psn
|upkeep
|turn|9
|
|t:|1758309568
|switch|p1a: Probopass|Probopass, F|100/100
|move|p2a: Blissey|Stealth Rock|p1a: Probopass
|-sidestart|p1: NMZS Antilope|move: Stealth Rock
|
|upkeep
|turn|10
|
|t:|1758309575
|switch|p2a: Alomomola|Alomomola, F|100/100
|move|p1a: Probopass|Iron Defense|p1a: Probopass
|-boost|p1a: Probopass|def|2
|
|upkeep
|turn|11
|
|t:|1758309581
|move|p2a: Alomomola|Whirlpool|p1a: Probopass|[miss]
|-miss|p2a: Alomomola|p1a: Probopass
|move|p1a: Probopass|Iron Defense|p1a: Probopass
|-boost|p1a: Probopass|def|2
|
|upkeep
|turn|12
|
|t:|1758309587
|move|p2a: Alomomola|Whirlpool|p1a: Probopass
|-supereffective|p1a: Probopass
|-damage|p1a: Probopass|94/100
|-activate|p1a: Probopass|move: Whirlpool|[of] p2a: Alomomola
|move|p1a: Probopass|Iron Defense|p1a: Probopass
|-boost|p1a: Probopass|def|2
|
|-damage|p1a: Probopass|82/100|[from] move: Whirlpool|[partiallytrapped]
|upkeep
|turn|13
|
|t:|1758309597
|move|p2a: Alomomola|Protect|p2a: Alomomola
|-singleturn|p2a: Alomomola|Protect
|move|p1a: Probopass|Body Press|p2a: Alomomola
|-activate|p2a: Alomomola|move: Protect
|
|-damage|p1a: Probopass|70/100|[from] move: Whirlpool|[partiallytrapped]
|upkeep
|turn|14
|
|t:|1758309602
|move|p2a: Alomomola|Wish|p2a: Alomomola
|move|p1a: Probopass|Body Press|p2a: Alomomola
|-damage|p2a: Alomomola|44/100
|
|-damage|p1a: Probopass|57/100|[from] move: Whirlpool|[partiallytrapped]
|upkeep
|turn|15
|
|t:|1758309609
|move|p2a: Alomomola|Protect|p2a: Alomomola
|-singleturn|p2a: Alomomola|Protect
|move|p1a: Probopass|Body Press|p2a: Alomomola
|-activate|p2a: Alomomola|move: Protect
|
|-heal|p2a: Alomomola|94/100|[from] move: Wish|[wisher] Alomomola
|-damage|p1a: Probopass|45/100|[from] move: Whirlpool|[partiallytrapped]
|upkeep
|turn|16
|
|t:|1758309617
|move|p2a: Alomomola|Wish|p2a: Alomomola
|move|p1a: Probopass|Volt Switch|p2a: Alomomola
|-supereffective|p2a: Alomomola
|-damage|p2a: Alomomola|62/100
|
|t:|1758309622
|switch|p1a: Dragonite|Dragonite, M, shiny|100/100|[from] Volt Switch
|-damage|p1a: Dragonite|76/100|[from] Stealth Rock
|
|-heal|p1a: Dragonite|82/100|[from] item: Leftovers
|upkeep
|turn|17
|
|t:|1758309626
|move|p1a: Dragonite|Substitute|p1a: Dragonite
|-start|p1a: Dragonite|Substitute
|-damage|p1a: Dragonite|57/100
|move|p2a: Alomomola|Whirlpool|p1a: Dragonite
|-resisted|p1a: Dragonite
|-activate|p1a: Dragonite|move: Substitute|[damage]
|
|-heal|p2a: Alomomola|100/100|[from] move: Wish|[wisher] Alomomola
|-heal|p1a: Dragonite|63/100|[from] item: Leftovers
|upkeep
|turn|18
|
|t:|1758309631
|switch|p2a: Talonflame|Talonflame, M|100/100
|move|p1a: Dragonite|Wrap|p2a: Talonflame
|-damage|p2a: Talonflame|96/100
|-activate|p2a: Talonflame|move: Wrap|[of] p1a: Dragonite
|-status|p1a: Dragonite|brn|[from] ability: Flame Body|[of] p2a: Talonflame
|
|-heal|p1a: Dragonite|69/100 brn|[from] item: Leftovers
|-damage|p1a: Dragonite|63/100 brn|[from] brn
|-damage|p2a: Talonflame|83/100|[from] move: Wrap|[partiallytrapped]
|upkeep
|turn|19
|
|t:|1758309639
|move|p2a: Talonflame|Flamethrower|p1a: Dragonite
|-resisted|p1a: Dragonite
|-activate|p1a: Dragonite|move: Substitute|[damage]
|move|p1a: Dragonite|Substitute|p1a: Dragonite
|-fail|p1a: Dragonite|move: Substitute
|
|-heal|p1a: Dragonite|69/100 brn|[from] item: Leftovers
|-damage|p1a: Dragonite|63/100 brn|[from] brn
|-damage|p2a: Talonflame|71/100|[from] move: Wrap|[partiallytrapped]
|upkeep
|turn|20
|-message|NMZS Antilope forfeited.
|
|win|venzapen
|raw|NMZS Antilope's rating: 1274 &rarr; <strong>1250</strong><br />(-24 for losing)
|raw|venzapen's rating: 1286 &rarr; <strong>1310</strong><br />(+24 for winning)
|l|☆NMZS Antilope
|player|p1|
|l|☆venzapen
|player|p2|
