|j|☆Caesar nivis
|j|☆Mperlop
|t:|1758277279
|gametype|singles
|player|p1|Caesar nivis|lance|1357
|player|p2|Mperlop|169|1389
|gen|9
|tier|[Gen 9] OU
|rated|
|rule|HP Percentage Mod: HP is shown in percentages
|rule|Endless Battle Clause: Forcing endless battles is banned
|rule|Species Clause: Limit one of each Pokémon
|rule|OHKO Clause: OHKO moves are banned
|rule|Evasion Items Clause: Evasion items are banned
|rule|Evasion Moves Clause: Evasion moves are banned
|rule|Evasion Abilities Clause: Evasion abilities are banned
|rule|Sleep Moves Clause: Sleep-inducing moves are banned
|clearpoke
|poke|p1|Ninetales-Alola, M|
|poke|p1|Ursaluna, F|
|poke|p1|Moltres-Galar|
|poke|p1|Iron Treads|
|poke|p1|Glastrier|
|poke|p1|Dondozo, F|
|poke|p2|Tyranitar, F|
|poke|p2|Excadrill, M|
|poke|p2|Kingambit, F|
|poke|p2|Garchomp, M|
|poke|p2|Pecharunt|
|poke|p2|Rotom-Wash|
|teampreview
|inactive|Battle timer is ON: inactive players will automatically lose when time's up. (requested by Caesar nivis)
|
|t:|1758277287
|teamsize|p1|6
|teamsize|p2|6
|start
|switch|p1a: Glastrier|Glastrier|100/100
|switch|p2a: Rotom|Rotom-Wash|100/100
|turn|1
|
|t:|1758277292
|switch|p1a: Moltres|Moltres-Galar|100/100
|move|p2a: Rotom|Will-O-Wisp|p1a: Moltres
|-status|p1a: Moltres|brn
|
|-damage|p1a: Moltres|94/100 brn|[from] brn
|upkeep
|turn|2
|
|t:|1758277296
|switch|p1a: Ninetales|Ninetales-Alola, M|100/100
|-weather|Snowscape|[from] ability: Snow Warning|[of] p1a: Ninetales
|move|p2a: Rotom|Volt Switch|p1a: Ninetales
|-damage|p1a: Ninetales|70/100
|
|t:|1758277299
|switch|p2a: Tyranitar|Tyranitar, F|100/100|[from] Volt Switch
|-weather|Sandstorm|[from] ability: Sand Stream|[of] p2a: Tyranitar
|
|-weather|Sandstorm|[upkeep]
|-damage|p1a: Ninetales|64/100|[from] Sandstorm
|upkeep
|turn|3
|
|t:|1758277308
|switch|p1a: Ursaluna|Ursaluna, F|100/100
|move|p2a: Tyranitar|Stealth Rock|p1a: Ursaluna
|-sidestart|p1: Caesar nivis|move: Stealth Rock
|
|-weather|Sandstorm|[upkeep]
|-status|p1a: Ursaluna|brn|[from] item: Flame Orb
|upkeep
|turn|4
|
|t:|1758277317
|switch|p2a: Pecharunt|Pecharunt|100/100
|-item|p2a: Pecharunt|Air Balloon
|move|p1a: Ursaluna|Earthquake|p2a: Pecharunt
|-immune|p2a: Pecharunt
|
|-weather|Sandstorm|[upkeep]
|-damage|p2a: Pecharunt|94/100|[from] Sandstorm
|-damage|p1a: Ursaluna|94/100 brn|[from] brn
|upkeep
|turn|5
|
|t:|1758277326
|move|p2a: Pecharunt|Parting Shot|p1a: Ursaluna
|-unboost|p1a: Ursaluna|atk|1
|-unboost|p1a: Ursaluna|spa|1
|
|t:|1758277334
|switch|p2a: Rotom|Rotom-Wash|100/100|[from] Parting Shot
|move|p1a: Ursaluna|Crunch|p2a: Rotom
|-damage|p2a: Rotom|75/100
|
|-weather|Sandstorm|[upkeep]
|-damage|p2a: Rotom|69/100|[from] Sandstorm
|-heal|p2a: Rotom|75/100|[from] item: Leftovers
|-damage|p1a: Ursaluna|88/100 brn|[from] brn
|upkeep
|turn|6
|
|t:|1758277352
|move|p2a: Rotom|Volt Switch|p1a: Ursaluna
|-immune|p1a: Ursaluna
|move|p1a: Ursaluna|Facade|p2a: Rotom
|-damage|p2a: Rotom|4/100
|
|-weather|Sandstorm|[upkeep]
|-damage|p2a: Rotom|0 fnt|[from] Sandstorm
|faint|p2a: Rotom
|-damage|p1a: Ursaluna|82/100 brn|[from] brn
|upkeep
|
|t:|1758277363
|switch|p2a: Pecharunt|Pecharunt|94/100
|-item|p2a: Pecharunt|Air Balloon
|turn|7
|
|t:|1758277367
|move|p2a: Pecharunt|Malignant Chain|p1a: Ursaluna
|-resisted|p1a: Ursaluna
|-damage|p1a: Ursaluna|70/100 brn
|move|p1a: Ursaluna|Crunch|p2a: Pecharunt
|-supereffective|p2a: Pecharunt
|-damage|p2a: Pecharunt|66/100
|-enditem|p2a: Pecharunt|Air Balloon
|
|-weather|Sandstorm|[upkeep]
|-damage|p2a: Pecharunt|60/100|[from] Sandstorm
|-damage|p1a: Ursaluna|64/100 brn|[from] brn
|upkeep
|turn|8
|
|t:|1758277372
|switch|p1a: Iron Treads|Iron Treads|100/100
|-damage|p1a: Iron Treads|97/100|[from] Stealth Rock
|move|p2a: Pecharunt|Parting Shot|p1a: Iron Treads
|-unboost|p1a: Iron Treads|atk|1
|-unboost|p1a: Iron Treads|spa|1
|
|t:|1758277381
|switch|p2a: Excadrill|Excadrill, M|100/100|[from] Parting Shot
|
|-weather|Sandstorm|[upkeep]
|upkeep
|turn|9
|
|t:|1758277387
|-terastallize|p1a: Iron Treads|Ground
|move|p2a: Excadrill|Swords Dance|p2a: Excadrill
|-boost|p2a: Excadrill|atk|2
|move|p1a: Iron Treads|Earthquake|p2a: Excadrill
|-supereffective|p2a: Excadrill
|-damage|p2a: Excadrill|0 fnt
|faint|p2a: Excadrill
|
|-weather|none
|upkeep
|-message|Mperlop forfeited.
|
|win|Caesar nivis
|raw|Caesar nivis's rating: 1357 &rarr; <strong>1379</strong><br />(+22 for winning)
|raw|Mperlop's rating: 1389 &rarr; <strong>1367</strong><br />(-22 for losing)
|l|☆Mperlop
|player|p2|
|l|☆Caesar nivis
|player|p1|
