|j|☆dahzay
|j|☆alfymax
|t:|1758245078
|gametype|singles
|player|p1|dahzay|266|1322
|player|p2|alfymax|rocketgrunt|1322
|gen|9
|tier|[Gen 9] OU
|rated|
|rule|HP Percentage Mod: HP is shown in percentages
|rule|Endless Battle Clause: Forcing endless battles is banned
|rule|Species Clause: Limit one of each Pokémon
|rule|OHKO Clause: OHKO moves are banned
|rule|Evasion Items Clause: Evasion items are banned
|rule|Evasion Moves Clause: Evasion moves are banned
|rule|Evasion Abilities Clause: Evasion abilities are banned
|rule|Sleep Moves Clause: Sleep-inducing moves are banned
|clearpoke
|poke|p1|Bellibolt, M|
|poke|p1|Pelipper, F|
|poke|p1|Drednaw, F|
|poke|p1|Goodra-Hisui, M|
|poke|p1|Kingdra, F|
|poke|p1|Donphan, F|
|poke|p2|Dragonite, F|
|poke|p2|Rotom-Wash|
|poke|p2|Dragapult, F|
|poke|p2|Heatran, F|
|poke|p2|Mimikyu, M|
|poke|p2|Weezing-Galar, F|
|teampreview
|inactive|Battle timer is ON: inactive players will automatically lose when time's up. (requested by dahzay)
|
|t:|1758245108
|teamsize|p1|6
|teamsize|p2|6
|start
|switch|p1a: Goodra|Goodra-Hisui, M|100/100
|switch|p2a: Dragapult|Dragapult, F|100/100
|turn|1
|
|t:|1758245112
|move|p2a: Dragapult|U-turn|p1a: Goodra
|-resisted|p1a: Goodra
|-damage|p1a: Goodra|93/100
|
|t:|1758245117
|switch|p2a: Weezing|Weezing-Galar, F|100/100|[from] U-turn
|-ability|p2a: Weezing|Neutralizing Gas
|move|p1a: Goodra|Dragon Tail|p2a: Weezing
|-immune|p2a: Weezing
|
|upkeep
|turn|2
|
|t:|1758245126
|-end|p2a: Weezing|ability: Neutralizing Gas
|switch|p2a: Heatran|Heatran, F|100/100
|move|p1a: Goodra|Heavy Slam|p2a: Heatran
|-resisted|p2a: Heatran
|-damage|p2a: Heatran|96/100
|
|-heal|p2a: Heatran|100/100|[from] item: Leftovers
|upkeep
|turn|3
|
|t:|1758245133
|move|p2a: Heatran|Magma Storm|p1a: Goodra
|-damage|p1a: Goodra|68/100
|-activate|p1a: Goodra|move: Magma Storm|[of] p2a: Heatran
|move|p1a: Goodra|Earthquake|p2a: Heatran
|-supereffective|p2a: Heatran
|-damage|p2a: Heatran|0 fnt
|faint|p2a: Heatran
|
|-end|p1a: Goodra|Magma Storm|[partiallytrapped]|[silent]
|upkeep
|
|t:|1758245144
|switch|p2a: Rotom|Rotom-Wash|100/100
|turn|4
|
|t:|1758245147
|move|p2a: Rotom|Will-O-Wisp|p1a: Goodra
|-status|p1a: Goodra|brn
|move|p1a: Goodra|Dragon Tail|p2a: Rotom
|-damage|p2a: Rotom|89/100
|drag|p2a: Weezing|Weezing-Galar, F|100/100
|-ability|p2a: Weezing|Neutralizing Gas
|
|-damage|p1a: Goodra|62/100 brn|[from] brn
|upkeep
|turn|5
|
|t:|1758245160
|switch|p1a: Pelipper|Pelipper, F|100/100
|-end|p2a: Weezing|ability: Neutralizing Gas
|-weather|RainDance|[from] ability: Drizzle|[of] p1a: Pelipper
|switch|p2a: Rotom|Rotom-Wash|89/100
|
|-weather|RainDance|[upkeep]
|-heal|p2a: Rotom|95/100|[from] item: Leftovers
|upkeep
|turn|6
|
|t:|1758245171
|switch|p1a: Bellibolt|Bellibolt, M|100/100
|move|p2a: Rotom|Volt Switch|p1a: Bellibolt
|-resisted|p1a: Bellibolt
|-damage|p1a: Bellibolt|92/100
|-start|p1a: Bellibolt|Charge|Volt Switch|[from] ability: Electromorphosis
|
|t:|1758245175
|switch|p2a: Dragonite|Dragonite, F|100/100|[from] Volt Switch
|
|-weather|RainDance|[upkeep]
|upkeep
|turn|7
|
|t:|1758245183
|move|p2a: Dragonite|Dragon Dance|p2a: Dragonite
|-boost|p2a: Dragonite|atk|1
|-boost|p2a: Dragonite|spe|1
|move|p1a: Bellibolt|Thunder|p2a: Dragonite
|-damage|p2a: Dragonite|48/100
|-end|p1a: Bellibolt|Charge|[silent]
|
|-weather|RainDance|[upkeep]
|upkeep
|turn|8
|
|t:|1758245194
|move|p2a: Dragonite|Earthquake|p1a: Bellibolt
|-supereffective|p1a: Bellibolt
|-damage|p1a: Bellibolt|0 fnt
|faint|p1a: Bellibolt
|
|-weather|RainDance|[upkeep]
|upkeep
|
|t:|1758245204
|switch|p1a: Drednaw|Drednaw, F|100/100
|turn|9
|
|t:|1758245207
|move|p1a: Drednaw|Ice Spinner|p2a: Dragonite
|-supereffective|p2a: Dragonite
|-damage|p2a: Dragonite|0 fnt
|faint|p2a: Dragonite
|
|-weather|RainDance|[upkeep]
|upkeep
|
|t:|1758245213
|switch|p2a: Rotom|Rotom-Wash|95/100
|turn|10
|
|t:|1758245224
|switch|p1a: Goodra|Goodra-Hisui, M|62/100 brn
|move|p2a: Rotom|Volt Switch|p1a: Goodra
|-resisted|p1a: Goodra
|-damage|p1a: Goodra|57/100 brn
|
|t:|1758245230
|switch|p2a: Mimikyu|Mimikyu, M|100/100|[from] Volt Switch
|
|-weather|RainDance|[upkeep]
|-damage|p1a: Goodra|50/100 brn|[from] brn
|upkeep
|turn|11
|
|t:|1758245235
|move|p2a: Mimikyu|Play Rough|p1a: Goodra
|-damage|p1a: Goodra|6/100 brn
|-damage|p2a: Mimikyu|91/100|[from] item: Life Orb
|move|p1a: Goodra|Heavy Slam|p2a: Mimikyu
|-activate|p2a: Mimikyu|ability: Disguise
|-damage|p2a: Mimikyu|91/100
|detailschange|p2a: Mimikyu|Mimikyu-Busted, M
|-damage|p2a: Mimikyu|78/100|[from] pokemon: Mimikyu-Busted
|
|-weather|RainDance|[upkeep]
|-damage|p1a: Goodra|0 fnt|[from] brn
|faint|p1a: Goodra
|upkeep
|
|t:|1758245251
|switch|p1a: Drednaw|Drednaw, F|100/100
|turn|12
|
|t:|1758245267
|move|p1a: Drednaw|Liquidation|p2a: Mimikyu
|-damage|p2a: Mimikyu|0 fnt
|faint|p2a: Mimikyu
|
|-weather|none
|upkeep
|
|t:|1758245271
|switch|p2a: Rotom|Rotom-Wash|95/100
|turn|13
|
|t:|1758245276
|switch|p1a: Donphan|Donphan, F|100/100
|move|p2a: Rotom|Volt Switch|p1a: Donphan
|-immune|p1a: Donphan
|
|-heal|p2a: Rotom|100/100|[from] item: Leftovers
|upkeep
|turn|14
|
|t:|1758245283
|move|p2a: Rotom|Hydro Pump|p1a: Donphan
|-supereffective|p1a: Donphan
|-ability|p1a: Donphan|Sturdy
|-damage|p1a: Donphan|1/100
|move|p1a: Donphan|Stealth Rock|p2a: Rotom
|-sidestart|p2: alfymax|move: Stealth Rock
|
|-heal|p1a: Donphan|7/100|[from] item: Leftovers
|upkeep
|turn|15
|
|t:|1758245291
|move|p2a: Rotom|Will-O-Wisp|p1a: Donphan
|-status|p1a: Donphan|brn
|move|p1a: Donphan|Knock Off|p2a: Rotom
|-damage|p2a: Rotom|89/100
|-enditem|p2a: Rotom|Leftovers|[from] move: Knock Off|[of] p1a: Donphan
|
|-heal|p1a: Donphan|13/100 brn|[from] item: Leftovers
|-damage|p1a: Donphan|7/100 brn|[from] brn
|upkeep
|turn|16
|
|t:|1758245300
|switch|p2a: Weezing|Weezing-Galar, F|100/100
|-ability|p2a: Weezing|Neutralizing Gas
|move|p1a: Donphan|Knock Off|p2a: Weezing
|-resisted|p2a: Weezing
|-damage|p2a: Weezing|95/100
|-enditem|p2a: Weezing|Heavy-Duty Boots|[from] move: Knock Off|[of] p1a: Donphan
|
|-heal|p1a: Donphan|13/100 brn|[from] item: Leftovers
|-damage|p1a: Donphan|7/100 brn|[from] brn
|upkeep
|turn|17
|
|t:|1758245311
|move|p2a: Weezing|Defog|p1a: Donphan
|-unboost|p1a: Donphan|evasion|1
|-sideend|p2: alfymax|Stealth Rock|[from] move: Defog|[of] p2a: Weezing
|move|p1a: Donphan|Stealth Rock|p2a: Weezing
|-sidestart|p2: alfymax|move: Stealth Rock
|
|-heal|p1a: Donphan|13/100 brn|[from] item: Leftovers
|-damage|p1a: Donphan|7/100 brn|[from] brn
|upkeep
|turn|18
|
|t:|1758245319
|move|p2a: Weezing|Sludge Bomb|p1a: Donphan
|-resisted|p1a: Donphan
|-damage|p1a: Donphan|0 fnt
|faint|p1a: Donphan
|
|upkeep
|
|t:|1758245325
|switch|p1a: Pelipper|Pelipper, F|100/100
|turn|19
|
|t:|1758245328
|move|p1a: Pelipper|U-turn|p2a: Weezing
|-resisted|p2a: Weezing
|-damage|p2a: Weezing|94/100
|
|t:|1758245335
|switch|p1a: Drednaw|Drednaw, F|100/100|[from] U-turn
|move|p2a: Weezing|Defog|p1a: Drednaw
|-unboost|p1a: Drednaw|evasion|1
|-sideend|p2: alfymax|Stealth Rock|[from] move: Defog|[of] p2a: Weezing
|-enditem|p1a: Drednaw|White Herb
|-clearnegativeboost|p1a: Drednaw|[silent]
|
|upkeep
|turn|20
|
|t:|1758245348
|-terastallize|p2a: Weezing|Flying
|move|p1a: Drednaw|Liquidation|p2a: Weezing
|-damage|p2a: Weezing|63/100
|move|p2a: Weezing|Toxic|p1a: Drednaw
|-status|p1a: Drednaw|tox
|
|-damage|p1a: Drednaw|94/100 tox|[from] psn
|upkeep
|turn|21
|
|t:|1758245360
|move|p1a: Drednaw|Stone Edge|p2a: Weezing|[miss]
|-miss|p1a: Drednaw|p2a: Weezing
|move|p2a: Weezing|Pain Split|p1a: Drednaw
|-sethp|p1a: Drednaw|80/100 tox|[from] move: Pain Split|[silent]
|-sethp|p2a: Weezing|77/100|[from] move: Pain Split
|
|-damage|p1a: Drednaw|67/100 tox|[from] psn
|upkeep
|turn|22
|
|t:|1758245367
|-end|p2a: Weezing|ability: Neutralizing Gas
|switch|p2a: Rotom|Rotom-Wash|89/100
|move|p1a: Drednaw|Stone Edge|p2a: Rotom
|-damage|p2a: Rotom|43/100
|
|-damage|p1a: Drednaw|49/100 tox|[from] psn
|upkeep
|turn|23
|
|t:|1758245375
|move|p1a: Drednaw|Stone Edge|p2a: Rotom
|-damage|p2a: Rotom|0 fnt
|faint|p2a: Rotom
|
|-damage|p1a: Drednaw|24/100 tox|[from] psn
|upkeep
|
|t:|1758245380
|switch|p2a: Dragapult|Dragapult, F|100/100
|turn|24
|
|t:|1758245383
|move|p2a: Dragapult|Shadow Ball|p1a: Drednaw
|-damage|p1a: Drednaw|0 fnt
|faint|p1a: Drednaw
|
|upkeep
|
|t:|1758245387
|switch|p1a: Kingdra|Kingdra, F|100/100
|turn|25
|
|t:|1758245391
|switch|p2a: Weezing|Weezing-Galar, F, tera:Flying|77/100
|-ability|p2a: Weezing|Neutralizing Gas
|switch|p1a: Pelipper|Pelipper, F|100/100
|
|upkeep
|turn|26
|
|t:|1758245399
|move|p1a: Pelipper|U-turn|p2a: Weezing
|-resisted|p2a: Weezing
|-damage|p2a: Weezing|74/100
|
|t:|1758245403
|switch|p1a: Kingdra|Kingdra, F|100/100|[from] U-turn
|move|p2a: Weezing|Toxic|p1a: Kingdra
|-status|p1a: Kingdra|tox
|
|-damage|p1a: Kingdra|94/100 tox|[from] psn
|upkeep
|turn|27
|
|t:|1758245411
|move|p1a: Kingdra|Ice Beam|p2a: Weezing
|-supereffective|p2a: Weezing
|-damage|p2a: Weezing|0 fnt
|faint|p2a: Weezing
|-end|p2a: Weezing|ability: Neutralizing Gas
|
|-damage|p1a: Kingdra|82/100 tox|[from] psn
|upkeep
|
|t:|1758245415
|switch|p2a: Dragapult|Dragapult, F|100/100
|turn|28
|
|t:|1758245419
|switch|p1a: Pelipper|Pelipper, F|100/100
|-weather|RainDance|[from] ability: Drizzle|[of] p1a: Pelipper
|move|p2a: Dragapult|Draco Meteor|p1a: Pelipper
|-damage|p1a: Pelipper|0 fnt
|-unboost|p2a: Dragapult|spa|2
|faint|p1a: Pelipper
|
|-weather|RainDance|[upkeep]
|upkeep
|
|t:|1758245428
|switch|p1a: Kingdra|Kingdra, F|82/100 tox
|turn|29
|
|t:|1758245432
|-terastallize|p1a: Kingdra|Water
|move|p1a: Kingdra|Draco Meteor|p2a: Dragapult
|-supereffective|p2a: Dragapult
|-damage|p2a: Dragapult|0 fnt
|-unboost|p1a: Kingdra|spa|2
|faint|p2a: Dragapult
|
|win|dahzay
|raw|dahzay's rating: 1322 &rarr; <strong>1342</strong><br />(+20 for winning)
|raw|alfymax's rating: 1322 &rarr; <strong>1302</strong><br />(-20 for losing)
|l|☆alfymax
|player|p2|
|l|☆dahzay
|player|p1|
