|j|☆SushiRolll
|j|☆Mr.Jolt
|t:|1758289558
|gametype|singles
|player|p1|SushiRolll|liko|1186
|player|p2|Mr.Jolt|veteran|1214
|gen|9
|tier|[Gen 9] OU
|rated|
|rule|HP Percentage Mod: HP is shown in percentages
|rule|Endless Battle Clause: Forcing endless battles is banned
|rule|Species Clause: Limit one of each Pokémon
|rule|OHKO Clause: OHKO moves are banned
|rule|Evasion Items Clause: Evasion items are banned
|rule|Evasion Moves Clause: Evasion moves are banned
|rule|Evasion Abilities Clause: Evasion abilities are banned
|rule|Sleep Moves Clause: Sleep-inducing moves are banned
|clearpoke
|poke|p1|Araquanid, F|
|poke|p1|Dragapult, F|
|poke|p1|Iron Valiant|
|poke|p1|Great Tusk|
|poke|p1|Kingambit, F|
|poke|p1|Enamorus, F|
|poke|p2|Cinccino, F|
|poke|p2|Ninetales-Alola, F|
|poke|p2|Kommo-o, M|
|poke|p2|Gliscor, M|
|poke|p2|Weavile, M|
|poke|p2|Tsareena, F|
|teampreview
|
|t:|1758289571
|teamsize|p1|6
|teamsize|p2|6
|start
|switch|p1a: Iron Valiant|Iron Valiant|100/100
|switch|p2a: Sharon|Ninetales-Alola, F|100/100
|-weather|Snowscape|[from] ability: Snow Warning|[of] p2a: Sharon
|-enditem|p1a: Iron Valiant|Booster Energy
|-activate|p1a: Iron Valiant|ability: Quark Drive|[fromitem]
|-start|p1a: Iron Valiant|quarkdrivespe
|turn|1
|
|t:|1758289581
|move|p1a: Iron Valiant|Close Combat|p2a: Sharon
|-damage|p2a: Sharon|33/100
|-unboost|p1a: Iron Valiant|def|1
|-unboost|p1a: Iron Valiant|spd|1
|move|p2a: Sharon|Aurora Veil|p2a: Sharon
|-sidestart|p2: Mr.Jolt|move: Aurora Veil
|
|-weather|Snowscape|[upkeep]
|upkeep
|turn|2
|inactive|Battle timer is ON: inactive players will automatically lose when time's up. (requested by Mr.Jolt)
|
|t:|1758289588
|move|p1a: Iron Valiant|Close Combat|p2a: Sharon
|-crit|p2a: Sharon
|-damage|p2a: Sharon|0 fnt
|-unboost|p1a: Iron Valiant|def|1
|-unboost|p1a: Iron Valiant|spd|1
|faint|p2a: Sharon
|
|-weather|Snowscape|[upkeep]
|upkeep
|
|t:|1758289610
|switch|p2a: Vampire|Gliscor, M|100/100
|turn|3
|
|t:|1758289620
|-end|p1a: Iron Valiant|Quark Drive|[silent]
|switch|p1a: Araquanid|Araquanid, F, shiny|100/100
|move|p2a: Vampire|Earthquake|p1a: Araquanid
|-resisted|p1a: Araquanid
|-damage|p1a: Araquanid|77/100
|
|-weather|Snowscape|[upkeep]
|-status|p2a: Vampire|tox|[from] item: Toxic Orb
|upkeep
|turn|4
|
|t:|1758289636
|switch|p2a: Roulade|Cinccino, F, shiny|100/100
|-terastallize|p1a: Araquanid|Water
|move|p1a: Araquanid|Liquidation|p2a: Roulade
|-damage|p2a: Roulade|46/100
|
|-weather|Snowscape|[upkeep]
|upkeep
|turn|5
|
|t:|1758289645
|move|p2a: Roulade|Bullet Seed|p1a: Araquanid
|-supereffective|p1a: Araquanid
|-damage|p1a: Araquanid|61/100
|-supereffective|p1a: Araquanid
|-damage|p1a: Araquanid|44/100
|-supereffective|p1a: Araquanid
|-crit|p1a: Araquanid
|-damage|p1a: Araquanid|18/100
|-supereffective|p1a: Araquanid
|-damage|p1a: Araquanid|3/100
|-supereffective|p1a: Araquanid
|-damage|p1a: Araquanid|0 fnt
|faint|p1a: Araquanid
|-hitcount|p1: Araquanid|5
|
|-weather|none
|upkeep
|
|t:|1758289656
|switch|p1a: Iron Valiant|Iron Valiant|100/100
|turn|6
|
|t:|1758289665
|switch|p2a: Vampire|Gliscor, M|100/100 tox
|move|p1a: Iron Valiant|Close Combat|p2a: Vampire
|-resisted|p2a: Vampire
|-damage|p2a: Vampire|85/100 tox
|-unboost|p1a: Iron Valiant|def|1
|-unboost|p1a: Iron Valiant|spd|1
|
|-heal|p2a: Vampire|97/100 tox|[from] ability: Poison Heal
|upkeep
|turn|7
|
|t:|1758289674
|-end|p1a: Iron Valiant|Quark Drive|[silent]
|switch|p1a: Kingambit|Kingambit, F|100/100
|-activate|p1a: Kingambit|ability: Supreme Overlord
|-start|p1a: Kingambit|fallen1|[silent]
|move|p2a: Vampire|Swords Dance|p2a: Vampire
|-boost|p2a: Vampire|atk|2
|
|-heal|p2a: Vampire|100/100 tox|[from] ability: Poison Heal
|upkeep
|turn|8
|
|t:|1758289682
|move|p2a: Vampire|Earthquake|p1a: Kingambit
|-supereffective|p1a: Kingambit
|-damage|p1a: Kingambit|0 fnt
|faint|p1a: Kingambit
|-end|p1a: Kingambit|fallen1|[silent]
|
|-sideend|p2: Mr.Jolt|move: Aurora Veil
|upkeep
|
|t:|1758289688
|switch|p1a: Dragapult|Dragapult, F|100/100
|turn|9
|
|t:|1758289694
|move|p1a: Dragapult|Draco Meteor|p2a: Vampire
|-damage|p2a: Vampire|0 fnt
|-unboost|p1a: Dragapult|spa|2
|faint|p2a: Vampire
|
|upkeep
|
|t:|1758289703
|switch|p2a: Faul|Kommo-o, M, shiny|100/100
|turn|10
|
|t:|1758289707
|switch|p1a: Enamorus|Enamorus, F|100/100
|move|p2a: Faul|Dragon Dance|p2a: Faul
|-boost|p2a: Faul|atk|1
|-boost|p2a: Faul|spe|1
|
|upkeep
|turn|11
|
|t:|1758289717
|switch|p2a: Yekaterin|Tsareena, F, shiny|100/100
|move|p1a: Enamorus|Moonblast|p2a: Yekaterin
|-damage|p2a: Yekaterin|56/100
|-unboost|p2a: Yekaterin|spa|1
|
|upkeep
|turn|12
|
|t:|1758289733
|-terastallize|p2a: Yekaterin|Grass
|move|p1a: Enamorus|Moonblast|p2a: Yekaterin
|-damage|p2a: Yekaterin|15/100
|move|p2a: Yekaterin|Knock Off|p1a: Enamorus
|-resisted|p1a: Enamorus
|-damage|p1a: Enamorus|75/100
|-enditem|p1a: Enamorus|Heavy-Duty Boots|[from] move: Knock Off|[of] p2a: Yekaterin
|
|upkeep
|turn|13
|
|t:|1758289743
|move|p1a: Enamorus|Moonblast|p2a: Yekaterin
|-damage|p2a: Yekaterin|0 fnt
|faint|p2a: Yekaterin
|
|upkeep
|
|t:|1758289748
|switch|p2a: Wily|Weavile, M|100/100
|-ability|p2a: Wily|Pressure
|turn|14
|
|t:|1758289751
|move|p2a: Wily|Icicle Crash|p1a: Enamorus
|-supereffective|p1a: Enamorus
|-damage|p1a: Enamorus|0 fnt
|faint|p1a: Enamorus
|
|upkeep
|
|t:|1758289759
|switch|p1a: Dragapult|Dragapult, F|100/100
|turn|15
|
|t:|1758289766
|move|p2a: Wily|Ice Shard|p1a: Dragapult
|-supereffective|p1a: Dragapult
|-damage|p1a: Dragapult|43/100
|move|p1a: Dragapult|Draco Meteor|p2a: Wily|[miss]
|-miss|p1a: Dragapult|p2a: Wily
|
|upkeep
|turn|16
|
|t:|1758289778
|switch|p1a: Iron Valiant|Iron Valiant|100/100
|move|p2a: Wily|Ice Shard|p1a: Iron Valiant
|-damage|p1a: Iron Valiant|74/100
|
|upkeep
|turn|17
|
|t:|1758289790
|switch|p2a: Faul|Kommo-o, M, shiny|100/100
|move|p1a: Iron Valiant|Close Combat|p2a: Faul
|-damage|p2a: Faul|45/100
|-unboost|p1a: Iron Valiant|def|1
|-unboost|p1a: Iron Valiant|spd|1
|
|-heal|p2a: Faul|51/100|[from] item: Leftovers
|upkeep
|turn|18
|
|t:|1758289803
|move|p1a: Iron Valiant|Close Combat|p2a: Faul
|-damage|p2a: Faul|0 fnt
|-unboost|p1a: Iron Valiant|def|1
|-unboost|p1a: Iron Valiant|spd|1
|faint|p2a: Faul
|
|upkeep
|
|t:|1758289809
|switch|p2a: Roulade|Cinccino, F, shiny|46/100
|turn|19
|
|t:|1758289813
|-end|p1a: Iron Valiant|Quark Drive|[silent]
|switch|p1a: Great Tusk|Great Tusk|100/100
|move|p2a: Roulade|Tail Slap|p1a: Great Tusk
|-damage|p1a: Great Tusk|95/100
|-damage|p1a: Great Tusk|89/100
|-damage|p1a: Great Tusk|83/100
|-damage|p1a: Great Tusk|78/100
|-damage|p1a: Great Tusk|73/100
|-hitcount|p1a: Great Tusk|5
|
|-heal|p1a: Great Tusk|79/100|[from] item: Leftovers
|upkeep
|turn|20
|
|t:|1758289825
|move|p2a: Roulade|Tail Slap|p1a: Great Tusk
|-damage|p1a: Great Tusk|73/100
|-damage|p1a: Great Tusk|68/100
|-damage|p1a: Great Tusk|63/100
|-damage|p1a: Great Tusk|57/100
|-damage|p1a: Great Tusk|52/100
|-hitcount|p1a: Great Tusk|5
|move|p1a: Great Tusk|Stealth Rock|p2a: Roulade
|-sidestart|p2: Mr.Jolt|move: Stealth Rock
|
|-heal|p1a: Great Tusk|58/100|[from] item: Leftovers
|upkeep
|turn|21
|
|t:|1758289836
|move|p2a: Roulade|Tail Slap|p1a: Great Tusk
|-damage|p1a: Great Tusk|52/100
|-damage|p1a: Great Tusk|47/100
|-damage|p1a: Great Tusk|42/100
|-damage|p1a: Great Tusk|36/100
|-damage|p1a: Great Tusk|30/100
|-hitcount|p1a: Great Tusk|5
|move|p1a: Great Tusk|Earthquake|p2a: Roulade
|-damage|p2a: Roulade|0 fnt
|faint|p2a: Roulade
|
|-heal|p1a: Great Tusk|36/100|[from] item: Leftovers
|upkeep
|
|t:|1758289848
|switch|p2a: Wily|Weavile, M|100/100
|-damage|p2a: Wily|76/100|[from] Stealth Rock
|-ability|p2a: Wily|Pressure
|turn|22
|
|t:|1758289853
|move|p2a: Wily|Ice Shard|p1a: Great Tusk
|-supereffective|p1a: Great Tusk
|-damage|p1a: Great Tusk|18/100
|move|p1a: Great Tusk|Earthquake|p2a: Wily
|-damage|p2a: Wily|0 fnt
|faint|p2a: Wily
|
|win|SushiRolll
|raw|SushiRolll's rating: 1186 &rarr; <strong>1213</strong><br />(+27 for winning)
|raw|Mr.Jolt's rating: 1214 &rarr; <strong>1187</strong><br />(-27 for losing)
|l|☆Mr.Jolt
|player|p2|
|l|☆SushiRolll
|player|p1|
