|j|☆pawmot_cute
|j|☆DeFeNdvs
|t:|1758289442
|gametype|singles
|player|p1|pawmot_cute|101|1407
|player|p2|DeFeNdvs|266|1418
|gen|9
|tier|[Gen 9] OU
|rated|
|rule|HP Percentage Mod: HP is shown in percentages
|rule|Endless Battle Clause: Forcing endless battles is banned
|rule|Species Clause: Limit one of each Pokémon
|rule|OHKO Clause: OHKO moves are banned
|rule|Evasion Items Clause: Evasion items are banned
|rule|Evasion Moves Clause: Evasion moves are banned
|rule|Evasion Abilities Clause: Evasion abilities are banned
|rule|Sleep Moves Clause: Sleep-inducing moves are banned
|clearpoke
|poke|p1|Araquanid, M|
|poke|p1|Gholdengo|
|poke|p1|Slowking-Galar, F|
|poke|p1|Meowscarada, F|
|poke|p1|Kyurem|
|poke|p1|Great Tusk|
|poke|p2|Alomomola, F|
|poke|p2|Gliscor, F|
|poke|p2|Corviknight, M|
|poke|p2|Clodsire, M|
|poke|p2|Slowking-Galar, M|
|poke|p2|Skeledirge, F|
|teampreview
|inactive|Battle timer is ON: inactive players will automatically lose when time's up. (requested by pawmot_cute)
|
|t:|1758289458
|teamsize|p1|6
|teamsize|p2|6
|start
|switch|p1a: Araquanid|Araquanid, M|100/100
|switch|p2a: Gliscor|Gliscor, F|100/100
|turn|1
|
|t:|1758289468
|move|p2a: Gliscor|Toxic|p1a: Araquanid
|-status|p1a: Araquanid|tox
|move|p1a: Araquanid|Surf|p2a: Gliscor
|-supereffective|p2a: Gliscor
|-damage|p2a: Gliscor|11/100
|
|-damage|p1a: Araquanid|94/100 tox|[from] psn
|-status|p2a: Gliscor|tox|[from] item: Toxic Orb
|upkeep
|turn|2
|
|t:|1758289476
|move|p2a: Gliscor|Protect|p2a: Gliscor
|-singleturn|p2a: Gliscor|Protect
|move|p1a: Araquanid|Sticky Web|p2a: Gliscor
|-sidestart|p2: DeFeNdvs|move: Sticky Web
|
|-heal|p2a: Gliscor|23/100 tox|[from] ability: Poison Heal
|-damage|p1a: Araquanid|82/100 tox|[from] psn
|upkeep
|turn|3
|
|t:|1758289484
|switch|p2a: Alomomola|Alomomola, F|100/100
|-activate|p2a: Alomomola|move: Sticky Web
|-unboost|p2a: Alomomola|spe|1
|move|p1a: Araquanid|Surf|p2a: Alomomola
|-resisted|p2a: Alomomola
|-damage|p2a: Alomomola|87/100
|
|-damage|p1a: Araquanid|63/100 tox|[from] psn
|upkeep
|turn|4
|
|t:|1758289498
|move|p1a: Araquanid|Endeavor|p2a: Alomomola
|-damage|p2a: Alomomola|41/100
|move|p2a: Alomomola|Flip Turn|p1a: Araquanid
|-resisted|p1a: Araquanid
|-damage|p1a: Araquanid|55/100 tox
|
|t:|1758289505
|switch|p2a: Gliscor|Gliscor, F|23/100 tox|[from] Flip Turn
|
|-heal|p2a: Gliscor|36/100 tox|[from] ability: Poison Heal
|-damage|p1a: Araquanid|31/100 tox|[from] psn
|upkeep
|turn|5
|
|t:|1758289512
|switch|p1a: Kyurem|Kyurem|100/100
|-ability|p1a: Kyurem|Pressure
|move|p2a: Gliscor|Protect||[still]
|-fail|p2a: Gliscor
|
|-heal|p2a: Gliscor|48/100 tox|[from] ability: Poison Heal
|upkeep
|turn|6
|
|t:|1758289520
|move|p2a: Gliscor|Protect|p2a: Gliscor
|-singleturn|p2a: Gliscor|Protect
|move|p1a: Kyurem|Freeze-Dry|p2a: Gliscor
|-activate|p2a: Gliscor|move: Protect
|
|-heal|p2a: Gliscor|60/100 tox|[from] ability: Poison Heal
|upkeep
|turn|7
|
|t:|1758289533
|switch|p1a: Araquanid|Araquanid, M|31/100 tox
|switch|p2a: Skeledirge|Skeledirge, F|100/100
|-activate|p2a: Skeledirge|move: Sticky Web
|-unboost|p2a: Skeledirge|spe|1
|
|-damage|p1a: Araquanid|25/100 tox|[from] psn
|upkeep
|turn|8
|-enditem|p1a: Araquanid|Custap Berry|[eat]
|-activate|p1a: Araquanid|item: Custap Berry|[consumed]
|
|t:|1758289542
|switch|p2a: Alomomola|Alomomola, F|74/100
|-activate|p2a: Alomomola|move: Sticky Web
|-unboost|p2a: Alomomola|spe|1
|move|p1a: Araquanid|Surf|p2a: Alomomola
|-resisted|p2a: Alomomola
|-damage|p2a: Alomomola|60/100
|
|-damage|p1a: Araquanid|12/100 tox|[from] psn
|upkeep
|turn|9
|
|t:|1758289557
|move|p1a: Araquanid|Endeavor|p2a: Alomomola
|-damage|p2a: Alomomola|8/100
|move|p2a: Alomomola|Flip Turn|p1a: Araquanid
|-resisted|p1a: Araquanid
|-damage|p1a: Araquanid|3/100 tox
|
|t:|1758289564
|switch|p2a: Gliscor|Gliscor, F|60/100 tox|[from] Flip Turn
|
|-heal|p2a: Gliscor|73/100 tox|[from] ability: Poison Heal
|-damage|p1a: Araquanid|0 fnt|[from] psn
|faint|p1a: Araquanid
|upkeep
|
|t:|1758289574
|switch|p1a: Kyurem|Kyurem|100/100
|-ability|p1a: Kyurem|Pressure
|turn|10
|
|t:|1758289580
|switch|p2a: Skeledirge|Skeledirge, F|100/100
|-activate|p2a: Skeledirge|move: Sticky Web
|-unboost|p2a: Skeledirge|spe|1
|move|p1a: Kyurem|Draco Meteor|p2a: Skeledirge
|-crit|p2a: Skeledirge
|-damage|p2a: Skeledirge|0 fnt
|-unboost|p1a: Kyurem|spa|2
|faint|p2a: Skeledirge
|
|upkeep
|
|t:|1758289603
|switch|p2a: Slowking|Slowking-Galar, M|100/100
|-activate|p2a: Slowking|move: Sticky Web
|-unboost|p2a: Slowking|spe|1
|turn|11
|
|t:|1758289612
|switch|p1a: Slowking|Slowking-Galar, F|100/100
|move|p2a: Slowking|Future Sight|p1a: Slowking
|-start|p2a: Slowking|move: Future Sight
|
|upkeep
|turn|12
|
|t:|1758289619
|move|p2a: Slowking|Psyshock|p1a: Slowking
|-damage|p1a: Slowking|58/100
|move|p1a: Slowking|Future Sight|p2a: Slowking
|-start|p1a: Slowking|move: Future Sight
|
|upkeep
|turn|13
|
|t:|1758289628
|move|p2a: Slowking|Sludge Bomb|p1a: Slowking
|-resisted|p1a: Slowking
|-damage|p1a: Slowking|45/100
|-prepare|p1a: Slowking|Chilly Reception|[premajor]
|move|p1a: Slowking|Chilly Reception|p1a: Slowking
|-weather|Snowscape
|
|t:|1758289632
|switch|p1a: Magica|Meowscarada, F|100/100|[from] Chilly Reception
|
|-weather|Snowscape|[upkeep]
|-end|p1a: Magica|move: Future Sight
|-immune|p1a: Magica
|upkeep
|turn|14
|
|t:|1758289642
|switch|p2a: Corviknight|Corviknight, M|100/100
|-ability|p2a: Corviknight|Pressure
|move|p1a: Magica|Knock Off|p2a: Corviknight
|-start|p1a: Magica|typechange|Dark|[from] ability: Protean
|-crit|p2a: Corviknight
|-damage|p2a: Corviknight|44/100
|-enditem|p2a: Corviknight|Leftovers|[from] move: Knock Off|[of] p1a: Magica
|
|-weather|Snowscape|[upkeep]
|-end|p2a: Corviknight|move: Future Sight
|-resisted|p2a: Corviknight
|-damage|p2a: Corviknight|22/100
|upkeep
|turn|15
|
|t:|1758289655
|move|p1a: Magica|Knock Off|p2a: Corviknight
|-damage|p2a: Corviknight|0 fnt
|faint|p2a: Corviknight
|
|-weather|Snowscape|[upkeep]
|upkeep
|
|t:|1758289660
|switch|p2a: Gliscor|Gliscor, F|73/100 tox
|turn|16
|
|t:|1758289682
|switch|p1a: Gholdengo|Gholdengo|100/100
|move|p2a: Gliscor|Toxic|p1a: Gholdengo
|-immune|p1a: Gholdengo|[from] ability: Good as Gold
|
|-weather|Snowscape|[upkeep]
|-heal|p2a: Gliscor|85/100 tox|[from] ability: Poison Heal
|upkeep
|turn|17
|
|t:|1758289690
|move|p1a: Gholdengo|Nasty Plot|p1a: Gholdengo
|-boost|p1a: Gholdengo|spa|2
|move|p2a: Gliscor|Earthquake|p1a: Gholdengo
|-supereffective|p1a: Gholdengo
|-damage|p1a: Gholdengo|27/100
|
|-weather|none
|-heal|p2a: Gliscor|98/100 tox|[from] ability: Poison Heal
|upkeep
|turn|18
|
|t:|1758289699
|switch|p2a: Clodsire|Clodsire, M|100/100
|-activate|p2a: Clodsire|move: Sticky Web
|-unboost|p2a: Clodsire|spe|1
|move|p1a: Gholdengo|Make It Rain|p2a: Clodsire
|-damage|p2a: Clodsire|63/100
|-unboost|p1a: Gholdengo|spa|1
|
|-heal|p2a: Clodsire|70/100|[from] item: Leftovers
|upkeep
|turn|19
|
|t:|1758289713
|switch|p1a: Magica|Meowscarada, F|100/100
|move|p2a: Clodsire|Recover|p2a: Clodsire
|-heal|p2a: Clodsire|100/100
|
|upkeep
|turn|20
|
|t:|1758289723
|switch|p2a: Gliscor|Gliscor, F|98/100 tox
|move|p1a: Magica|Triple Axel|p2a: Gliscor
|-start|p1a: Magica|typechange|Ice|[from] ability: Protean
|-supereffective|p2a: Gliscor
|-damage|p2a: Gliscor|54/100 tox
|-supereffective|p2a: Gliscor
|-damage|p2a: Gliscor|0 fnt
|faint|p2a: Gliscor
|-hitcount|p2: Gliscor|2
|
|upkeep
|
|t:|1758289740
|switch|p2a: Alomomola|Alomomola, F|41/100
|-activate|p2a: Alomomola|move: Sticky Web
|-unboost|p2a: Alomomola|spe|1
|turn|21
|-message|DeFeNdvs forfeited.
|
|win|pawmot_cute
|raw|pawmot_cute's rating: 1407 &rarr; <strong>1428</strong><br />(+21 for winning)
|raw|DeFeNdvs's rating: 1418 &rarr; <strong>1397</strong><br />(-21 for losing)
|l|☆DeFeNdvs
|player|p2|
