|j|☆pastagirl !!
|j|☆Quiero mucho a Mar
|t:|1758273869
|gametype|singles
|player|p1|pastagirl !!|elesa|1688
|player|p2|Quiero mucho a Mar|firebreather-gen2|1681
|gen|9
|tier|[Gen 9] OU
|rated|
|rule|HP Percentage Mod: HP is shown in percentages
|rule|Endless Battle Clause: Forcing endless battles is banned
|rule|Species Clause: Limit one of each Pokémon
|rule|OHKO Clause: OHKO moves are banned
|rule|Evasion Items Clause: Evasion items are banned
|rule|Evasion Moves Clause: Evasion moves are banned
|rule|Evasion Abilities Clause: Evasion abilities are banned
|rule|Sleep Moves Clause: Sleep-inducing moves are banned
|clearpoke
|poke|p1|Cresselia, F|
|poke|p1|Hatterene, F|
|poke|p1|Porygon2|
|poke|p1|Ursaluna, F|
|poke|p1|Iron Hands|
|poke|p1|Enamorus-Therian, F|
|poke|p2|Slowking-Galar, F|
|poke|p2|Great Tusk|
|poke|p2|Arcanine-Hisui, F|
|poke|p2|Corviknight, M|
|poke|p2|Dragapult, F|
|poke|p2|Darkrai|
|teampreview
|j| jamel1
|inactive|Battle timer is ON: inactive players will automatically lose when time's up. (requested by pastagirl !!)
|j| amimec
|j| Pokeniceguy
|inactive|Quiero mucho a Mar has 120 seconds left.
|
|t:|1758273943
|teamsize|p1|6
|teamsize|p2|6
|start
|switch|p1a: ERASERHEAD|Porygon2|100/100
|switch|p2a: Dragapult|Dragapult, F|100/100
|-ability|p1a: ERASERHEAD|Download|boost
|-boost|p1a: ERASERHEAD|atk|1
|turn|1
|
|t:|1758273971
|move|p2a: Dragapult|U-turn|p1a: ERASERHEAD
|-damage|p1a: ERASERHEAD|77/100
|l| Pokeniceguy
|
|t:|1758273974
|switch|p2a: Slowking|Slowking-Galar, F|100/100|[from] U-turn
|move|p1a: ERASERHEAD|Trick Room|p1a: ERASERHEAD
|-fieldstart|move: Trick Room|[of] p1a: ERASERHEAD
|
|upkeep
|turn|2
|
|t:|1758273978
|switch|p1a: WILD AT HEART|Ursaluna, F|100/100
|move|p2a: Slowking|Future Sight|p1a: WILD AT HEART
|-start|p2a: Slowking|move: Future Sight
|
|-status|p1a: WILD AT HEART|brn|[from] item: Flame Orb
|upkeep
|turn|3
|
|t:|1758273987
|-prepare|p2a: Slowking|Chilly Reception|[premajor]
|move|p2a: Slowking|Chilly Reception|p2a: Slowking
|-weather|Snowscape
|
|t:|1758273991
|switch|p2a: Corviknight|Corviknight, M|100/100|[from] Chilly Reception
|-ability|p2a: Corviknight|Pressure
|move|p1a: WILD AT HEART|Fire Punch|p2a: Corviknight
|-supereffective|p2a: Corviknight
|-crit|p2a: Corviknight
|-damage|p2a: Corviknight|25/100
|-damage|p1a: WILD AT HEART|84/100 brn|[from] item: Rocky Helmet|[of] p2a: Corviknight
|
|-weather|Snowscape|[upkeep]
|-damage|p1a: WILD AT HEART|78/100 brn|[from] brn
|upkeep
|turn|4
|
|t:|1758274000
|move|p1a: WILD AT HEART|Fire Punch|p2a: Corviknight
|-supereffective|p2a: Corviknight
|-damage|p2a: Corviknight|0 fnt
|-damage|p1a: WILD AT HEART|61/100 brn|[from] item: Rocky Helmet|[of] p2a: Corviknight
|faint|p2a: Corviknight
|
|-weather|Snowscape|[upkeep]
|-end|p1a: WILD AT HEART|move: Future Sight
|-damage|p1a: WILD AT HEART|22/100 brn
|-damage|p1a: WILD AT HEART|16/100 brn|[from] brn
|upkeep
|
|t:|1758274004
|switch|p2a: Arcanine|Arcanine-Hisui, F|100/100
|turn|5
|inactive|pastagirl !! has 120 seconds left.
|inactive|pastagirl !! has 90 seconds left.
|
|t:|1758274091
|switch|p1a: ERASERHEAD|Porygon2|77/100
|-ability|p1a: ERASERHEAD|Download|boost
|-boost|p1a: ERASERHEAD|atk|1
|move|p2a: Arcanine|Flare Blitz|p1a: ERASERHEAD
|-damage|p1a: ERASERHEAD|13/100
|
|-weather|Snowscape|[upkeep]
|-fieldend|move: Trick Room
|upkeep
|turn|6
|l| jamel1
|
|t:|1758274100
|move|p2a: Arcanine|Flare Blitz|p1a: ERASERHEAD
|-damage|p1a: ERASERHEAD|0 fnt
|faint|p1a: ERASERHEAD
|
|-weather|Snowscape|[upkeep]
|upkeep
|j| MVA Monotype
|
|t:|1758274114
|switch|p1a: THE ELEPHANT MAN|Iron Hands|100/100
|turn|7
|
|t:|1758274119
|switch|p2a: Great Tusk|Great Tusk|100/100
|move|p1a: THE ELEPHANT MAN|Close Combat|p2a: Great Tusk
|-damage|p2a: Great Tusk|27/100
|-unboost|p1a: THE ELEPHANT MAN|def|1
|-unboost|p1a: THE ELEPHANT MAN|spd|1
|-damage|p1a: THE ELEPHANT MAN|91/100|[from] item: Life Orb
|
|-weather|none
|upkeep
|turn|8
|
|t:|1758274140
|-end|p1a: THE ELEPHANT MAN|Quark Drive|[silent]
|switch|p1a: LOST HIGHWAY|Cresselia, F|100/100
|move|p2a: Great Tusk|Stealth Rock|p1a: LOST HIGHWAY
|-sidestart|p1: pastagirl !!|move: Stealth Rock
|
|upkeep
|turn|9
|
|t:|1758274143
|-end|p2a: Great Tusk|Protosynthesis|[silent]
|switch|p2a: Slowking|Slowking-Galar, F|100/100
|move|p1a: LOST HIGHWAY|Trick Room|p1a: LOST HIGHWAY
|-fieldstart|move: Trick Room|[of] p1a: LOST HIGHWAY
|
|upkeep
|turn|10
|
|t:|1758274150
|switch|p1a: THE ELEPHANT MAN|Iron Hands|91/100
|-damage|p1a: THE ELEPHANT MAN|84/100|[from] Stealth Rock
|move|p2a: Slowking|Future Sight|p1a: THE ELEPHANT MAN
|-start|p2a: Slowking|move: Future Sight
|
|upkeep
|turn|11
|
|t:|1758274165
|move|p2a: Slowking|Sludge Bomb|p1a: THE ELEPHANT MAN
|-damage|p1a: THE ELEPHANT MAN|56/100
|-status|p1a: THE ELEPHANT MAN|psn
|move|p1a: THE ELEPHANT MAN|Close Combat|p2a: Slowking
|-resisted|p2a: Slowking
|-crit|p2a: Slowking
|-damage|p2a: Slowking|62/100
|-unboost|p1a: THE ELEPHANT MAN|def|1
|-unboost|p1a: THE ELEPHANT MAN|spd|1
|-damage|p1a: THE ELEPHANT MAN|46/100 psn|[from] item: Life Orb
|
|-damage|p1a: THE ELEPHANT MAN|34/100 psn|[from] psn
|upkeep
|turn|12
|inactive|pastagirl !! has 90 seconds left.
|
|t:|1758274177
|-end|p1a: THE ELEPHANT MAN|Quark Drive|[silent]
|switch|p1a: LOST HIGHWAY|Cresselia, F|100/100
|-damage|p1a: LOST HIGHWAY|88/100|[from] Stealth Rock
|move|p2a: Slowking|Sludge Bomb|p1a: LOST HIGHWAY
|-damage|p1a: LOST HIGHWAY|68/100
|
|-end|p1a: LOST HIGHWAY|move: Future Sight
|-resisted|p1a: LOST HIGHWAY
|-damage|p1a: LOST HIGHWAY|54/100
|upkeep
|turn|13
|inactive|pastagirl !! has 90 seconds left.
|l| MVA Monotype
|
|t:|1758274206
|move|p2a: Slowking|Future Sight|p1a: LOST HIGHWAY
|-start|p2a: Slowking|move: Future Sight
|move|p1a: LOST HIGHWAY|Moonlight|p1a: LOST HIGHWAY
|-heal|p1a: LOST HIGHWAY|100/100
|
|-fieldend|move: Trick Room
|upkeep
|turn|14
|
|t:|1758274212
|move|p2a: Slowking|Ice Beam|p1a: LOST HIGHWAY
|-damage|p1a: LOST HIGHWAY|85/100
|-status|p1a: LOST HIGHWAY|frz
|cant|p1a: LOST HIGHWAY|frz
|
|upkeep
|turn|15
|
|t:|1758274216
|switch|p2a: Dragapult|Dragapult, F|100/100
|-curestatus|p1a: LOST HIGHWAY|frz|[msg]
|move|p1a: LOST HIGHWAY|Trick Room|p1a: LOST HIGHWAY
|-fieldstart|move: Trick Room|[of] p1a: LOST HIGHWAY
|
|-end|p1a: LOST HIGHWAY|move: Future Sight
|-resisted|p1a: LOST HIGHWAY
|-damage|p1a: LOST HIGHWAY|70/100
|upkeep
|turn|16
|inactive|pastagirl !! has 90 seconds left.
|
|t:|1758274236
|move|p1a: LOST HIGHWAY|Lunar Dance|p1a: LOST HIGHWAY
|faint|p1a: LOST HIGHWAY
|move|p2a: Dragapult|U-turn|p1: LOST HIGHWAY|[notarget]
|-fail|p2a: Dragapult
|
|upkeep
|inactive|pastagirl !! has 90 seconds left.
|
|t:|1758274249
|switch|p1a: INLAND EMPIRE|Enamorus-Therian, F|100/100
|-damage|p1a: INLAND EMPIRE|76/100|[from] Stealth Rock
|turn|17
|
|t:|1758274255
|switch|p2a: Slowking|Slowking-Galar, F|95/100
|move|p1a: INLAND EMPIRE|Earth Power|p2a: Slowking
|-supereffective|p2a: Slowking
|-damage|p2a: Slowking|37/100
|-damage|p1a: INLAND EMPIRE|66/100|[from] item: Life Orb
|
|upkeep
|turn|18
|
|t:|1758274263
|switch|p2a: Great Tusk|Great Tusk|27/100
|move|p1a: INLAND EMPIRE|Moonblast|p2a: Great Tusk
|-supereffective|p2a: Great Tusk
|-damage|p2a: Great Tusk|0 fnt
|faint|p2a: Great Tusk
|-end|p2a: Great Tusk|Protosynthesis|[silent]
|-damage|p1a: INLAND EMPIRE|56/100|[from] item: Life Orb
|
|upkeep
|
|t:|1758274271
|switch|p2a: Arcanine|Arcanine-Hisui, F|100/100
|turn|19
|
|t:|1758274282
|-terastallize|p2a: Arcanine|Normal
|move|p2a: Arcanine|Extreme Speed|p1a: INLAND EMPIRE
|-damage|p1a: INLAND EMPIRE|1/100
|move|p1a: INLAND EMPIRE|Earth Power|p2a: Arcanine
|-damage|p2a: Arcanine|48/100
|-damage|p1a: INLAND EMPIRE|0 fnt|[from] item: Life Orb
|faint|p1a: INLAND EMPIRE
|
|-fieldend|move: Trick Room
|upkeep
|
|t:|1758274286
|switch|p1a: BLUE VELVET|Hatterene, F|100/100
|-damage|p1a: BLUE VELVET|88/100|[from] Stealth Rock
|turn|20
|
|t:|1758274289
|move|p2a: Arcanine|Extreme Speed|p1a: BLUE VELVET
|-damage|p1a: BLUE VELVET|38/100
|move|p1a: BLUE VELVET|Trick Room|p1a: BLUE VELVET
|-fieldstart|move: Trick Room|[of] p1a: BLUE VELVET
|
|upkeep
|turn|21
|
|t:|1758274293
|move|p2a: Arcanine|Extreme Speed|p1a: BLUE VELVET
|-damage|p1a: BLUE VELVET|0 fnt
|faint|p1a: BLUE VELVET
|
|upkeep
|-message|pastagirl !! forfeited.
|
|win|Quiero mucho a Mar
|raw|pastagirl !!'s rating: 1688 &rarr; <strong>1666</strong><br />(-22 for losing)
|raw|Quiero mucho a Mar's rating: 1655 &rarr; <strong>1677</strong><br />(+22 for winning)
|l|☆pastagirl !!
|player|p1|
|l|☆Quiero mucho a Mar
|player|p2|
