|j|☆ilytrix
|j|☆sergio.andres0211
|t:|1758271366
|gametype|singles
|player|p1|ilytrix|n-masters|1620
|player|p2|sergio.andres0211|hilbert-wonderlauncher|1506
|gen|9
|tier|[Gen 9] OU
|rated|
|rule|HP Percentage Mod: HP is shown in percentages
|rule|Endless Battle Clause: Forcing endless battles is banned
|rule|Species Clause: Limit one of each Pokémon
|rule|OHKO Clause: OHKO moves are banned
|rule|Evasion Items Clause: Evasion items are banned
|rule|Evasion Moves Clause: Evasion moves are banned
|rule|Evasion Abilities Clause: Evasion abilities are banned
|rule|Sleep Moves Clause: Sleep-inducing moves are banned
|clearpoke
|poke|p1|Ceruledge, M|
|poke|p1|Raging Bolt|
|poke|p1|Latias, F|
|poke|p1|Kyurem|
|poke|p1|Ninetales-Alola, F|
|poke|p1|Iron Moth|
|poke|p2|Meowscarada, F|
|poke|p2|Quaquaval, M|
|poke|p2|Ceruledge, M|
|poke|p2|Sandy Shocks|
|poke|p2|Enamorus, F|
|poke|p2|Glimmora, F|
|teampreview
|l|☆ilytrix
|player|p1|
|j|☆ilytrix
|player|p1|ilytrix|n-masters|
|
|t:|1758271396
|teamsize|p1|6
|teamsize|p2|6
|start
|switch|p1a: rng my ahh|Kyurem|100/100
|switch|p2a: Meowscarada|Meowscarada, F|100/100
|-ability|p1a: rng my ahh|Pressure
|turn|1
|
|t:|1758271398
|move|p2a: Meowscarada|Knock Off|p1a: rng my ahh
|-damage|p1a: rng my ahh|34/100
|-enditem|p1a: rng my ahh|Loaded Dice|[from] move: Knock Off|[of] p2a: Meowscarada
|-damage|p2a: Meowscarada|91/100|[from] item: Life Orb
|move|p1a: rng my ahh|Dragon Dance|p1a: rng my ahh
|-boost|p1a: rng my ahh|atk|1
|-boost|p1a: rng my ahh|spe|1
|
|upkeep
|turn|2
|
|t:|1758271404
|move|p2a: Meowscarada|Sucker Punch|p1a: rng my ahh
|-damage|p1a: rng my ahh|0 fnt
|faint|p1a: rng my ahh
|-damage|p2a: Meowscarada|81/100|[from] item: Life Orb
|
|upkeep
|
|t:|1758271408
|switch|p1a: MoveMerchant|Iron Moth|100/100
|-enditem|p1a: MoveMerchant|Booster Energy
|-activate|p1a: MoveMerchant|ability: Quark Drive|[fromitem]
|-start|p1a: MoveMerchant|quarkdrivespe
|turn|3
|
|t:|1758271411
|switch|p2a: Ceruledge|Ceruledge, M|100/100
|move|p1a: MoveMerchant|Fiery Dance|p2a: Ceruledge
|-start|p2a: Ceruledge|ability: Flash Fire
|
|upkeep
|turn|4
|
|t:|1758271414
|move|p1a: MoveMerchant|Sludge Wave|p2a: Ceruledge
|-resisted|p2a: Ceruledge
|-damage|p2a: Ceruledge|79/100
|move|p2a: Ceruledge|Bulk Up|p2a: Ceruledge
|-boost|p2a: Ceruledge|atk|1
|-boost|p2a: Ceruledge|def|1
|
|upkeep
|turn|5
|
|t:|1758271420
|move|p1a: MoveMerchant|Sludge Wave|p2a: Ceruledge
|-resisted|p2a: Ceruledge
|-damage|p2a: Ceruledge|59/100
|move|p2a: Ceruledge|Bitter Blade|p1a: MoveMerchant
|-resisted|p1a: MoveMerchant
|-damage|p1a: MoveMerchant|16/100
|-heal|p2a: Ceruledge|96/100|[from] drain|[of] p1a: MoveMerchant
|
|upkeep
|turn|6
|
|t:|1758271423
|move|p2a: Ceruledge|Shadow Sneak|p1a: MoveMerchant
|-damage|p1a: MoveMerchant|0 fnt
|faint|p1a: MoveMerchant
|-end|p1a: MoveMerchant|Quark Drive|[silent]
|
|upkeep
|
|t:|1758271425
|switch|p1a: 50/50|Raging Bolt|100/100
|-enditem|p1a: 50/50|Booster Energy
|-activate|p1a: 50/50|ability: Protosynthesis|[fromitem]
|-start|p1a: 50/50|protosynthesisspa
|turn|7
|
|t:|1758271428
|move|p2a: Ceruledge|Bitter Blade|p1a: 50/50
|-resisted|p1a: 50/50
|-damage|p1a: 50/50|59/100
|-heal|p2a: Ceruledge|100/100|[from] drain|[of] p1a: 50/50
|move|p1a: 50/50|Thunderbolt|p2a: Ceruledge
|-damage|p2a: Ceruledge|35/100
|
|upkeep
|turn|8
|
|t:|1758271431
|move|p2a: Ceruledge|Shadow Sneak|p1a: 50/50
|-damage|p1a: 50/50|36/100
|move|p1a: 50/50|Thunderbolt|p2a: Ceruledge
|-crit|p2a: Ceruledge
|-damage|p2a: Ceruledge|0 fnt
|faint|p2a: Ceruledge
|
|upkeep
|
|t:|1758271436
|switch|p2a: Sandy Shocks|Sandy Shocks|100/100
|-enditem|p2a: Sandy Shocks|Booster Energy
|-activate|p2a: Sandy Shocks|ability: Protosynthesis|[fromitem]
|-start|p2a: Sandy Shocks|protosynthesisspe
|turn|9
|
|t:|1758271438
|move|p2a: Sandy Shocks|Earth Power|p1a: 50/50
|-supereffective|p1a: 50/50
|-damage|p1a: 50/50|0 fnt
|faint|p1a: 50/50
|-end|p1a: 50/50|Protosynthesis|[silent]
|
|upkeep
|
|t:|1758271446
|switch|p1a: snow bunny|Ninetales-Alola, F|100/100
|-weather|Snowscape|[from] ability: Snow Warning|[of] p1a: snow bunny
|turn|10
|inactive|Battle timer is ON: inactive players will automatically lose when time's up. (requested by sergio.andres0211)
|
|t:|1758271450
|move|p2a: Sandy Shocks|Discharge|p1a: snow bunny
|-damage|p1a: snow bunny|59/100
|move|p1a: snow bunny|Aurora Veil|p1a: snow bunny
|-sidestart|p1: ilytrix|move: Aurora Veil
|
|-weather|Snowscape|[upkeep]
|upkeep
|turn|11
|
|t:|1758271454
|move|p2a: Sandy Shocks|Stealth Rock|p1a: snow bunny
|-sidestart|p1: ilytrix|move: Stealth Rock
|move|p1a: snow bunny|Encore|p2a: Sandy Shocks
|-start|p2a: Sandy Shocks|Encore
|
|-weather|Snowscape|[upkeep]
|upkeep
|turn|12
|
|t:|1758271461
|-end|p2a: Sandy Shocks|Protosynthesis|[silent]
|switch|p2a: Glimmora|Glimmora, F|100/100
|switch|p1a: bury the light|Ceruledge, M|100/100
|-damage|p1a: bury the light|76/100|[from] Stealth Rock
|
|-weather|Snowscape|[upkeep]
|upkeep
|turn|13
|
|t:|1758271466
|move|p1a: bury the light|Swords Dance|p1a: bury the light
|-boost|p1a: bury the light|atk|2
|move|p2a: Glimmora|Mortal Spin|p1a: bury the light
|-resisted|p1a: bury the light
|-damage|p1a: bury the light|74/100
|-status|p1a: bury the light|psn
|-ability|p1a: bury the light|Weak Armor|boost
|-unboost|p1a: bury the light|def|1
|-boost|p1a: bury the light|spe|2
|
|-weather|Snowscape|[upkeep]
|-damage|p1a: bury the light|61/100 psn|[from] psn
|upkeep
|turn|14
|
|t:|1758271471
|move|p1a: bury the light|Poltergeist|p2a: Glimmora
|-activate|p2a: Glimmora|move: Poltergeist|Leftovers
|-damage|p2a: Glimmora|11/100
|-activate|p2a: Glimmora|ability: Toxic Debris
|-sidestart|p1: ilytrix|move: Toxic Spikes
|move|p2a: Glimmora|Power Gem|p1a: bury the light
|-supereffective|p1a: bury the light
|-damage|p1a: bury the light|20/100 psn
|
|-weather|none
|-heal|p2a: Glimmora|17/100|[from] item: Leftovers
|-damage|p1a: bury the light|7/100 psn|[from] psn
|upkeep
|turn|15
|
|t:|1758271477
|move|p2a: Glimmora|Spiky Shield|p2a: Glimmora
|-singleturn|p2a: Glimmora|move: Protect
|move|p1a: bury the light|Shadow Sneak|p2a: Glimmora
|-activate|p2a: Glimmora|move: Protect
|-damage|p1a: bury the light|0 fnt|[from] Spiky Shield|[of] p2a: Glimmora
|faint|p1a: bury the light
|
|-heal|p2a: Glimmora|23/100|[from] item: Leftovers
|upkeep
|
|t:|1758271479
|switch|p1a: snow bunny|Ninetales-Alola, F|59/100
|-damage|p1a: snow bunny|34/100|[from] Stealth Rock
|-status|p1a: snow bunny|psn
|-weather|Snowscape|[from] ability: Snow Warning|[of] p1a: snow bunny
|turn|16
|
|t:|1758271491
|move|p1a: snow bunny|Freeze-Dry|p2a: Glimmora
|-damage|p2a: Glimmora|0 fnt
|faint|p2a: Glimmora
|
|-weather|Snowscape|[upkeep]
|-damage|p1a: snow bunny|22/100 psn|[from] psn
|upkeep
|
|t:|1758271497
|switch|p2a: Meowscarada|Meowscarada, F|81/100
|turn|17
|
|t:|1758271500
|move|p2a: Meowscarada|Flower Trick|p1a: snow bunny
|-crit|p1a: snow bunny
|-damage|p1a: snow bunny|0 fnt
|faint|p1a: snow bunny
|-damage|p2a: Meowscarada|71/100|[from] item: Life Orb
|
|-weather|Snowscape|[upkeep]
|-sideend|p1: ilytrix|move: Aurora Veil
|upkeep
|
|t:|1758271503
|switch|p1a: realpsyspam|Latias, F|100/100
|-damage|p1a: realpsyspam|88/100|[from] Stealth Rock
|turn|18
|
|t:|1758271505
|-terastallize|p1a: realpsyspam|Steel
|move|p2a: Meowscarada|Knock Off|p1a: realpsyspam
|-damage|p1a: realpsyspam|18/100
|-enditem|p1a: realpsyspam|Leftovers|[from] move: Knock Off|[of] p2a: Meowscarada
|-damage|p2a: Meowscarada|61/100|[from] item: Life Orb
|move|p1a: realpsyspam|Agility|p1a: realpsyspam
|-boost|p1a: realpsyspam|spe|2
|
|-weather|Snowscape|[upkeep]
|upkeep
|turn|19
|
|t:|1758271509
|move|p1a: realpsyspam|Aura Sphere|p2a: Meowscarada
|-supereffective|p2a: Meowscarada
|-damage|p2a: Meowscarada|0 fnt
|faint|p2a: Meowscarada
|
|-weather|Snowscape|[upkeep]
|upkeep
|
|t:|1758271518
|switch|p2a: Sandy Shocks|Sandy Shocks|100/100
|turn|20
|
|t:|1758271523
|move|p1a: realpsyspam|Calm Mind|p1a: realpsyspam
|-boost|p1a: realpsyspam|spa|1
|-boost|p1a: realpsyspam|spd|1
|move|p2a: Sandy Shocks|Discharge|p1a: realpsyspam
|-damage|p1a: realpsyspam|0 fnt
|faint|p1a: realpsyspam
|
|win|sergio.andres0211
|raw|ilytrix's rating: 1620 &rarr; <strong>1594</strong><br />(-26 for losing)
|raw|sergio.andres0211's rating: 1506 &rarr; <strong>1532</strong><br />(+26 for winning)
|l|☆ilytrix
|player|p1|
|l|☆sergio.andres0211
|player|p2|
