|j|☆Argentide
|j|☆IDKwht
|t:|1758370995
|gametype|singles
|player|p1|Argentide|selene-masters|1475
|player|p2|IDKwht|schoolkid|1440
|gen|9
|tier|[Gen 9] OU
|rated|
|rule|HP Percentage Mod: HP is shown in percentages
|rule|Endless Battle Clause: Forcing endless battles is banned
|rule|Species Clause: Limit one of each Pokémon
|rule|OHKO Clause: OHKO moves are banned
|rule|Evasion Items Clause: Evasion items are banned
|rule|Evasion Moves Clause: Evasion moves are banned
|rule|Evasion Abilities Clause: Evasion abilities are banned
|rule|Sleep Moves Clause: Sleep-inducing moves are banned
|clearpoke
|poke|p1|Gliscor, F|
|poke|p1|Blissey, F|
|poke|p1|Mandibuzz, F|
|poke|p1|Skarmory, M|
|poke|p1|Ditto|
|poke|p1|Salazzle, F|
|poke|p2|Ogerpon-Wellspring, F|
|poke|p2|Iron Moth|
|poke|p2|Gholdengo|
|poke|p2|Kingambit, F|
|poke|p2|Great Tusk|
|poke|p2|Zapdos|
|teampreview
|inactive|Battle timer is ON: inactive players will automatically lose when time's up. (requested by IDKwht)
|inactive|Argentide has 120 seconds left.
|
|t:|1758371035
|teamsize|p1|6
|teamsize|p2|6
|start
|switch|p1a: Salazzle|Salazzle, F|100/100
|switch|p2a: Zapdos|Zapdos, shiny|100/100
|turn|1
|
|t:|1758371045
|move|p1a: Salazzle|Toxic|p2a: Zapdos
|-status|p2a: Zapdos|tox
|move|p2a: Zapdos|Discharge|p1a: Salazzle
|-damage|p1a: Salazzle|27/100
|
|-heal|p1a: Salazzle|33/100|[from] item: Leftovers
|-damage|p2a: Zapdos|94/100 tox|[from] psn
|upkeep
|turn|2
|
|t:|1758371054
|move|p1a: Salazzle|Protect|p1a: Salazzle
|-singleturn|p1a: Salazzle|Protect
|move|p2a: Zapdos|Hurricane|p1a: Salazzle
|-activate|p1a: Salazzle|move: Protect
|
|-heal|p1a: Salazzle|39/100|[from] item: Leftovers
|-damage|p2a: Zapdos|82/100 tox|[from] psn
|upkeep
|turn|3
|
|t:|1758371066
|move|p1a: Salazzle|Substitute|p1a: Salazzle
|-start|p1a: Salazzle|Substitute
|-damage|p1a: Salazzle|15/100
|move|p2a: Zapdos|Volt Switch|p1a: Salazzle
|-end|p1a: Salazzle|Substitute
|
|t:|1758371071
|switch|p2a: Gholdengo|Gholdengo, shiny|100/100|[from] Volt Switch
|
|-heal|p1a: Salazzle|21/100|[from] item: Leftovers
|upkeep
|turn|4
|
|t:|1758371077
|move|p2a: Gholdengo|Dazzling Gleam|p1a: Salazzle
|-resisted|p1a: Salazzle
|-damage|p1a: Salazzle|10/100
|move|p1a: Salazzle|Flamethrower|p2a: Gholdengo
|-supereffective|p2a: Gholdengo
|-damage|p2a: Gholdengo|9/100
|
|-heal|p1a: Salazzle|16/100|[from] item: Leftovers
|upkeep
|turn|5
|
|t:|1758371084
|move|p2a: Gholdengo|Dazzling Gleam|p1a: Salazzle
|-resisted|p1a: Salazzle
|-damage|p1a: Salazzle|6/100
|move|p1a: Salazzle|Flamethrower|p2a: Gholdengo
|-supereffective|p2a: Gholdengo
|-damage|p2a: Gholdengo|0 fnt
|faint|p2a: Gholdengo
|
|-heal|p1a: Salazzle|12/100|[from] item: Leftovers
|upkeep
|
|t:|1758371087
|switch|p2a: Zapdos|Zapdos, shiny|82/100 tox
|turn|6
|
|t:|1758371100
|move|p1a: Salazzle|Protect|p1a: Salazzle
|-singleturn|p1a: Salazzle|Protect
|move|p2a: Zapdos|Hurricane|p1a: Salazzle
|-activate|p1a: Salazzle|move: Protect
|
|-heal|p1a: Salazzle|18/100|[from] item: Leftovers
|-damage|p2a: Zapdos|76/100 tox|[from] psn
|upkeep
|turn|7
|
|t:|1758371107
|switch|p1a: Blissey|Blissey, F|100/100
|move|p2a: Zapdos|Hurricane|p1a: Blissey
|-damage|p1a: Blissey|79/100
|
|-heal|p1a: Blissey|85/100|[from] item: Leftovers
|-damage|p2a: Zapdos|63/100 tox|[from] psn
|upkeep
|turn|8
|
|t:|1758371110
|move|p2a: Zapdos|Volt Switch|p1a: Blissey
|-damage|p1a: Blissey|70/100
|
|t:|1758371112
|switch|p2a: Great Tusk|Great Tusk, shiny|100/100|[from] Volt Switch
|move|p1a: Blissey|Stealth Rock|p2a: Great Tusk
|-sidestart|p2: IDKwht|move: Stealth Rock
|
|-heal|p1a: Blissey|76/100|[from] item: Leftovers
|upkeep
|turn|9
|
|t:|1758371120
|switch|p1a: Skarmory|Skarmory, M|100/100
|move|p2a: Great Tusk|Close Combat|p1a: Skarmory
|-damage|p1a: Skarmory|57/100
|-unboost|p2a: Great Tusk|def|1
|-unboost|p2a: Great Tusk|spd|1
|-damage|p2a: Great Tusk|84/100|[from] item: Rocky Helmet|[of] p1a: Skarmory
|
|upkeep
|turn|10
|
|t:|1758371140
|move|p2a: Great Tusk|Rapid Spin|p1a: Skarmory
|-resisted|p1a: Skarmory
|-damage|p1a: Skarmory|51/100
|-boost|p2a: Great Tusk|spe|1
|-damage|p2a: Great Tusk|67/100|[from] item: Rocky Helmet|[of] p1a: Skarmory
|-sideend|p2: IDKwht|Stealth Rock|[from] move: Rapid Spin|[of] p2a: Great Tusk
|move|p1a: Skarmory|Roost|p1a: Skarmory
|-heal|p1a: Skarmory|100/100
|-singleturn|p1a: Skarmory|move: Roost
|
|upkeep
|turn|11
|
|t:|1758371147
|-end|p2a: Great Tusk|Protosynthesis|[silent]
|switch|p2a: Iron Moth|Iron Moth|100/100
|-enditem|p2a: Iron Moth|Booster Energy
|-activate|p2a: Iron Moth|ability: Quark Drive|[fromitem]
|-start|p2a: Iron Moth|quarkdrivespa
|move|p1a: Skarmory|Spikes|p2a: Iron Moth
|-sidestart|p2: IDKwht|Spikes
|
|upkeep
|turn|12
|
|t:|1758371152
|switch|p1a: Blissey|Blissey, F|76/100
|move|p2a: Iron Moth|Fiery Dance|p1a: Blissey
|-damage|p1a: Blissey|54/100
|
|-heal|p1a: Blissey|61/100|[from] item: Leftovers
|upkeep
|turn|13
|
|t:|1758371159
|move|p2a: Iron Moth|Fiery Dance|p1a: Blissey
|-damage|p1a: Blissey|38/100
|-boost|p2a: Iron Moth|spa|1
|move|p1a: Blissey|Stealth Rock|p2a: Iron Moth
|-sidestart|p2: IDKwht|move: Stealth Rock
|
|-heal|p1a: Blissey|44/100|[from] item: Leftovers
|upkeep
|turn|14
|
|t:|1758371162
|move|p1a: Blissey|Protect|p1a: Blissey
|-singleturn|p1a: Blissey|Protect
|move|p2a: Iron Moth|Fiery Dance|p1a: Blissey
|-activate|p1a: Blissey|move: Protect
|
|-heal|p1a: Blissey|51/100|[from] item: Leftovers
|upkeep
|turn|15
|
|t:|1758371165
|move|p2a: Iron Moth|Fiery Dance|p1a: Blissey
|-damage|p1a: Blissey|17/100
|-boost|p2a: Iron Moth|spa|1
|move|p1a: Blissey|Soft-Boiled|p1a: Blissey
|-heal|p1a: Blissey|67/100
|
|-heal|p1a: Blissey|74/100|[from] item: Leftovers
|upkeep
|turn|16
|inactive|Argentide has 120 seconds left.
|
|t:|1758371205
|move|p1a: Blissey|Protect|p1a: Blissey
|-singleturn|p1a: Blissey|Protect
|move|p2a: Iron Moth|Fiery Dance|p1a: Blissey
|-activate|p1a: Blissey|move: Protect
|
|-heal|p1a: Blissey|80/100|[from] item: Leftovers
|upkeep
|turn|17
|
|t:|1758371209
|move|p2a: Iron Moth|Fiery Dance|p1a: Blissey
|-damage|p1a: Blissey|34/100
|move|p1a: Blissey|Seismic Toss|p2a: Iron Moth
|-damage|p2a: Iron Moth|67/100
|
|-heal|p1a: Blissey|40/100|[from] item: Leftovers
|upkeep
|turn|18
|
|t:|1758371215
|move|p1a: Blissey|Protect|p1a: Blissey
|-singleturn|p1a: Blissey|Protect
|move|p2a: Iron Moth|Fiery Dance|p1a: Blissey
|-activate|p1a: Blissey|move: Protect
|
|-heal|p1a: Blissey|47/100|[from] item: Leftovers
|upkeep
|turn|19
|
|t:|1758371226
|move|p2a: Iron Moth|Fiery Dance|p1a: Blissey
|-damage|p1a: Blissey|3/100
|move|p1a: Blissey|Soft-Boiled|p1a: Blissey
|-heal|p1a: Blissey|53/100
|
|-heal|p1a: Blissey|59/100|[from] item: Leftovers
|upkeep
|turn|20
|
|t:|1758371232
|move|p1a: Blissey|Protect|p1a: Blissey
|-singleturn|p1a: Blissey|Protect
|move|p2a: Iron Moth|Fiery Dance|p1a: Blissey
|-activate|p1a: Blissey|move: Protect
|
|-heal|p1a: Blissey|66/100|[from] item: Leftovers
|upkeep
|turn|21
|
|t:|1758371238
|move|p2a: Iron Moth|Fiery Dance|p1a: Blissey
|-damage|p1a: Blissey|24/100
|-boost|p2a: Iron Moth|spa|1
|move|p1a: Blissey|Soft-Boiled|p1a: Blissey
|-heal|p1a: Blissey|74/100
|
|-heal|p1a: Blissey|80/100|[from] item: Leftovers
|upkeep
|turn|22
|
|t:|1758371243
|move|p1a: Blissey|Protect|p1a: Blissey
|-singleturn|p1a: Blissey|Protect
|move|p2a: Iron Moth|Fiery Dance|p1a: Blissey
|-activate|p1a: Blissey|move: Protect
|
|-heal|p1a: Blissey|87/100|[from] item: Leftovers
|upkeep
|turn|23
|
|t:|1758371248
|move|p2a: Iron Moth|Fiery Dance|p1a: Blissey
|-damage|p1a: Blissey|31/100
|-boost|p2a: Iron Moth|spa|1
|move|p1a: Blissey|Soft-Boiled|p1a: Blissey
|-heal|p1a: Blissey|81/100
|
|-heal|p1a: Blissey|87/100|[from] item: Leftovers
|upkeep
|turn|24
|
|t:|1758371256
|move|p1a: Blissey|Protect|p1a: Blissey
|-singleturn|p1a: Blissey|Protect
|move|p2a: Iron Moth|Energy Ball|p1a: Blissey
|-activate|p1a: Blissey|move: Protect
|
|-heal|p1a: Blissey|93/100|[from] item: Leftovers
|upkeep
|turn|25
|
|t:|1758371277
|move|p2a: Iron Moth|Sludge Wave|p1a: Blissey
|-damage|p1a: Blissey|14/100
|move|p1a: Blissey|Soft-Boiled|p1a: Blissey
|-heal|p1a: Blissey|64/100
|
|-heal|p1a: Blissey|70/100|[from] item: Leftovers
|upkeep
|turn|26
|
|t:|1758371288
|move|p1a: Blissey|Protect|p1a: Blissey
|-singleturn|p1a: Blissey|Protect
|move|p2a: Iron Moth|Fiery Dance|p1a: Blissey
|-activate|p1a: Blissey|move: Protect
|
|-heal|p1a: Blissey|76/100|[from] item: Leftovers
|upkeep
|turn|27
|
|t:|1758371294
|switch|p1a: Salazzle|Salazzle, F|18/100
|move|p2a: Iron Moth|Sludge Wave|p1a: Salazzle
|-resisted|p1a: Salazzle
|-damage|p1a: Salazzle|0 fnt
|faint|p1a: Salazzle
|
|upkeep
|
|t:|1758371300
|switch|p1a: Ditto|Ditto|100/100
|-transform|p1a: Ditto|p2a: Iron Moth|[from] ability: Imposter
|turn|28
|
|t:|1758371309
|move|p1a: Ditto|Fiery Dance|p2a: Iron Moth
|-resisted|p2a: Iron Moth
|-damage|p2a: Iron Moth|0 fnt
|-boost|p1a: Ditto|spa|1
|faint|p2a: Iron Moth
|-end|p2a: Iron Moth|Quark Drive|[silent]
|
|upkeep
|
|t:|1758371317
|switch|p2a: Zapdos|Zapdos, shiny|63/100 tox
|turn|29
|
|t:|1758371321
|move|p1a: Ditto|Fiery Dance|p2a: Zapdos
|-damage|p2a: Zapdos|0 fnt
|-boost|p1a: Ditto|spa|1
|faint|p2a: Zapdos
|
|upkeep
|inactive|IDKwht has 120 seconds left.
|inactive|IDKwht has 90 seconds left.
|
|t:|1758371396
|switch|p2a: Ogerpon|Ogerpon-Wellspring, F|100/100
|-damage|p2a: Ogerpon|88/100|[from] Spikes
|-damage|p2a: Ogerpon|76/100|[from] Stealth Rock
|turn|30
|
|t:|1758371424
|move|p1a: Ditto|Fiery Dance|p2a: Ogerpon
|-damage|p2a: Ogerpon|0 fnt
|faint|p2a: Ogerpon
|
|upkeep
|
|t:|1758371428
|switch|p2a: Kingambit|Kingambit, F|100/100
|-damage|p2a: Kingambit|94/100|[from] Stealth Rock
|-activate|p2a: Kingambit|ability: Supreme Overlord
|-start|p2a: Kingambit|fallen4|[silent]
|-item|p2a: Kingambit|Air Balloon
|turn|31
|
|t:|1758371436
|-terastallize|p1a: Ditto|Fairy
|move|p2a: Kingambit|Sucker Punch|p1a: Ditto
|-resisted|p1a: Ditto
|-crit|p1a: Ditto
|-damage|p1a: Ditto|24/100
|move|p1a: Ditto|Fiery Dance|p2a: Kingambit
|-supereffective|p2a: Kingambit
|-damage|p2a: Kingambit|0 fnt
|-enditem|p2a: Kingambit|Air Balloon
|faint|p2a: Kingambit
|-end|p2a: Kingambit|fallen4|[silent]
|
|upkeep
|-message|IDKwht forfeited.
|
|win|Argentide
|raw|Argentide's rating: 1456 &rarr; <strong>1475</strong><br />(+19 for winning)
|raw|IDKwht's rating: 1440 &rarr; <strong>1421</strong><br />(-19 for losing)
|l|☆IDKwht
|player|p2|
|l|☆Argentide
|player|p1|
