|j|‽Conspiracy 9/11
|j|☆bena13
|t:|1758274442
|gametype|singles
|player|p1|Conspiracy 9/11|2|1305
|player|p2|bena13|2|1267
|gen|9
|tier|[Gen 9] OU
|rated|
|rule|HP Percentage Mod: HP is shown in percentages
|rule|Endless Battle Clause: Forcing endless battles is banned
|rule|Species Clause: Limit one of each Pokémon
|rule|OHKO Clause: OHKO moves are banned
|rule|Evasion Items Clause: Evasion items are banned
|rule|Evasion Moves Clause: Evasion moves are banned
|rule|Evasion Abilities Clause: Evasion abilities are banned
|rule|Sleep Moves Clause: Sleep-inducing moves are banned
|clearpoke
|poke|p1|Zamazenta-*|
|poke|p1|Ninetales-Alola, M|
|poke|p1|Darkrai|
|poke|p1|Ceruledge, M|
|poke|p1|Gliscor, M|
|poke|p1|Hatterene, F|
|poke|p2|Spiritomb, F|
|poke|p2|Okidogi, M|
|poke|p2|Gastrodon, M|
|poke|p2|Vileplume, F|
|poke|p2|Salazzle, F|
|poke|p2|Regidrago|
|teampreview
|inactive|Battle timer is ON: inactive players will automatically lose when time's up. (requested by bena13)
|
|t:|1758274455
|teamsize|p1|6
|teamsize|p2|6
|start
|switch|p1a: Ninetales|Ninetales-Alola, M|100/100
|switch|p2a: Salazzle|Salazzle, F|100/100
|-weather|Snowscape|[from] ability: Snow Warning|[of] p1a: Ninetales
|turn|1
|l|☆bena13
|inactive|bena13 disconnected and has a minute to reconnect!
|player|p2|
|j|☆bena13
|inactive|bena13 reconnected and has 125 seconds left.
|player|p2|bena13|2|
|inactive|bena13 has 120 seconds left.
|
|t:|1758274491
|switch|p1a: Gliscor|Gliscor, M|100/100
|move|p2a: Salazzle|Sludge Bomb|p1a: Gliscor
|-resisted|p1a: Gliscor
|-damage|p1a: Gliscor|72/100
|-damage|p2a: Salazzle|91/100|[from] item: Life Orb
|
|-weather|Snowscape|[upkeep]
|-status|p1a: Gliscor|tox|[from] item: Toxic Orb
|upkeep
|turn|2
|inactive|bena13 has 120 seconds left.
|
|t:|1758274504
|-terastallize|p2a: Salazzle|Water
|move|p2a: Salazzle|Tera Blast|p1a: Gliscor|[anim] Tera Blast Water
|-supereffective|p1a: Gliscor
|-damage|p1a: Gliscor|0 fnt
|faint|p1a: Gliscor
|-damage|p2a: Salazzle|81/100|[from] item: Life Orb
|
|-weather|Snowscape|[upkeep]
|upkeep
|
|t:|1758274521
|switch|p1a: Darkrai|Darkrai|100/100
|turn|3
|
|t:|1758274527
|switch|p2a: Okidogi|Okidogi, M|100/100
|move|p1a: Darkrai|Dark Pulse|p2a: Okidogi
|-resisted|p2a: Okidogi
|-damage|p2a: Okidogi|86/100
|
|-weather|Snowscape|[upkeep]
|-heal|p2a: Okidogi|92/100|[from] item: Leftovers
|upkeep
|turn|4
|
|t:|1758274537
|move|p1a: Darkrai|Psyshock|p2a: Okidogi
|-supereffective|p2a: Okidogi
|-damage|p2a: Okidogi|2/100
|move|p2a: Okidogi|Poison Jab|p1a: Darkrai
|-damage|p1a: Darkrai|51/100
|-status|p1a: Darkrai|psn
|
|-weather|Snowscape|[upkeep]
|-heal|p1a: Darkrai|57/100 psn|[from] item: Leftovers
|-heal|p2a: Okidogi|8/100|[from] item: Leftovers
|-damage|p1a: Darkrai|45/100 psn|[from] psn
|upkeep
|turn|5
|
|t:|1758274553
|switch|p2a: Gastrodon|Gastrodon, M|100/100
|move|p1a: Darkrai|Dark Pulse|p2a: Gastrodon
|-damage|p2a: Gastrodon|75/100
|
|-weather|none
|-heal|p1a: Darkrai|51/100 psn|[from] item: Leftovers
|-damage|p1a: Darkrai|38/100 psn|[from] psn
|upkeep
|turn|6
|inactive|bena13 has 120 seconds left.
|
|t:|1758274572
|switch|p1a: Hatterene|Hatterene, F|100/100
|switch|p2a: Salazzle|Salazzle, F, tera:Water|81/100
|
|upkeep
|turn|7
|
|t:|1758274579
|-terastallize|p1a: Hatterene|Water
|move|p2a: Salazzle|Sludge Bomb|p1a: Hatterene
|-damage|p1a: Hatterene|46/100
|-status|p1a: Hatterene|psn
|-damage|p2a: Salazzle|71/100|[from] item: Life Orb
|move|p1a: Hatterene|Calm Mind|p1a: Hatterene
|-boost|p1a: Hatterene|spa|1
|-boost|p1a: Hatterene|spd|1
|
|-heal|p1a: Hatterene|52/100 psn|[from] item: Leftovers
|-damage|p1a: Hatterene|40/100 psn|[from] psn
|upkeep
|turn|8
|inactive|bena13 has 120 seconds left.
|
|t:|1758274596
|move|p2a: Salazzle|Substitute|p2a: Salazzle
|-start|p2a: Salazzle|Substitute
|-damage|p2a: Salazzle|47/100
|move|p1a: Hatterene|Draining Kiss|p2a: Salazzle
|-end|p2a: Salazzle|Substitute
|-heal|p1a: Hatterene|56/100 psn|[from] drain|[of] p2a: Salazzle
|
|-heal|p1a: Hatterene|62/100 psn|[from] item: Leftovers
|-damage|p1a: Hatterene|50/100 psn|[from] psn
|upkeep
|turn|9
|inactive|bena13 has 120 seconds left.
|
|t:|1758274606
|move|p2a: Salazzle|Sludge Bomb|p1a: Hatterene
|-damage|p1a: Hatterene|12/100 psn
|-damage|p2a: Salazzle|37/100|[from] item: Life Orb
|move|p1a: Hatterene|Draining Kiss|p2a: Salazzle
|-damage|p2a: Salazzle|0 fnt
|-heal|p1a: Hatterene|36/100 psn|[from] drain|[of] p2a: Salazzle
|faint|p2a: Salazzle
|
|-heal|p1a: Hatterene|42/100 psn|[from] item: Leftovers
|-damage|p1a: Hatterene|30/100 psn|[from] psn
|upkeep
|inactive|bena13 has 120 seconds left.
|
|t:|1758274623
|switch|p2a: Okidogi|Okidogi, M|8/100
|turn|10
|
|t:|1758274628
|move|p2a: Okidogi|Drain Punch|p1a: Hatterene
|-damage|p1a: Hatterene|4/100 psn
|-heal|p2a: Okidogi|19/100|[from] drain|[of] p1a: Hatterene
|move|p1a: Hatterene|Draining Kiss|p2a: Okidogi
|-damage|p2a: Okidogi|0 fnt
|-heal|p1a: Hatterene|20/100 psn|[from] drain|[of] p2a: Okidogi
|faint|p2a: Okidogi
|
|-heal|p1a: Hatterene|26/100 psn|[from] item: Leftovers
|-damage|p1a: Hatterene|14/100 psn|[from] psn
|upkeep
|inactive|bena13 has 120 seconds left.
|
|t:|1758274644
|switch|p2a: Vileplume|Vileplume, F|100/100
|turn|11
|
|t:|1758274648
|move|p2a: Vileplume|Giga Drain|p1a: Hatterene
|-supereffective|p1a: Hatterene
|-damage|p1a: Hatterene|0 fnt
|faint|p1a: Hatterene
|
|upkeep
|
|t:|1758274652
|switch|p1a: Ninetales|Ninetales-Alola, M|100/100
|-weather|Snowscape|[from] ability: Snow Warning|[of] p1a: Ninetales
|turn|12
|-message|bena13 forfeited.
|
|win|Conspiracy 9/11
|raw|Conspiracy 9&#x2f;11's rating: 1329 &rarr; <strong>1345</strong><br />(+16 for winning)
|raw|bena13's rating: 1267 &rarr; <strong>1246</strong><br />(-21 for losing)
|l|☆bena13
|player|p2|
|l|‽Conspiracy 9/11
|player|p1|
