|j|☆Neggets
|j|☆ggdtzera
|t:|1758342349
|gametype|singles
|player|p1|Neggets|lucas-gen4pt|1065
|player|p2|ggdtzera|169|1079
|gen|9
|tier|[Gen 9] OU
|rated|
|rule|HP Percentage Mod: HP is shown in percentages
|rule|Endless Battle Clause: Forcing endless battles is banned
|rule|Species Clause: Limit one of each Pokémon
|rule|OHKO Clause: OHKO moves are banned
|rule|Evasion Items Clause: Evasion items are banned
|rule|Evasion Moves Clause: Evasion moves are banned
|rule|Evasion Abilities Clause: Evasion abilities are banned
|rule|Sleep Moves Clause: Sleep-inducing moves are banned
|clearpoke
|poke|p1|Virizion|
|poke|p1|Corviknight, F|
|poke|p1|Dondozo, M|
|poke|p1|Ting-Lu|
|poke|p1|Araquanid, M|
|poke|p1|Hatterene, F|
|poke|p2|Heatran, M|
|poke|p2|Chimecho, M|
|poke|p2|Corviknight, M|
|poke|p2|Ursaluna, M|
|poke|p2|Weezing-Galar, M|
|poke|p2|Salazzle, F|
|teampreview
|inactive|Battle timer is ON: inactive players will automatically lose when time's up. (requested by ggdtzera)
|inactive|Neggets has 120 seconds left.
|
|t:|1758342409
|teamsize|p1|6
|teamsize|p2|6
|start
|switch|p1a: Dondozo|Dondozo, M|100/100
|switch|p2a: Salazzle|Salazzle, F|100/100
|turn|1
|
|t:|1758342417
|move|p2a: Salazzle|Toxic|p1a: Dondozo
|-status|p1a: Dondozo|tox
|move|p1a: Dondozo|Noble Roar|p2a: Salazzle
|-unboost|p2a: Salazzle|atk|1
|-unboost|p2a: Salazzle|spa|1
|
|-damage|p1a: Dondozo|94/100 tox|[from] psn
|upkeep
|turn|2
|
|t:|1758342428
|switch|p2a: Corviknight|Corviknight, M|100/100
|-ability|p2a: Corviknight|Pressure
|switch|p1a: Corviknight|Corviknight, F|100/100
|
|upkeep
|turn|3
|inactive|Neggets has 120 seconds left.
|inactive|Neggets has 90 seconds left.
|
|t:|1758342516
|switch|p2a: Salazzle|Salazzle, F|100/100
|move|p1a: Corviknight|Brave Bird|p2a: Salazzle
|-damage|p2a: Salazzle|42/100
|-damage|p1a: Corviknight|83/100|[from] Recoil
|
|upkeep
|turn|4
|
|t:|1758342528
|switch|p1a: Dondozo|Dondozo, M|94/100 tox
|move|p2a: Salazzle|Will-O-Wisp||[still]
|-fail|p2a: Salazzle
|
|-heal|p1a: Dondozo|100/100 tox|[from] item: Leftovers
|-damage|p1a: Dondozo|94/100 tox|[from] psn
|upkeep
|turn|5
|inactive|Neggets has 60 seconds left.
|
|t:|1758342544
|move|p2a: Salazzle|Endeavor|p1a: Dondozo
|-damage|p1a: Dondozo|29/100 tox
|move|p1a: Dondozo|Wave Crash|p2a: Salazzle
|-supereffective|p2a: Salazzle
|-damage|p2a: Salazzle|0 fnt
|faint|p2a: Salazzle
|-damage|p1a: Dondozo|20/100 tox|[from] Recoil
|
|-heal|p1a: Dondozo|26/100 tox|[from] item: Leftovers
|-damage|p1a: Dondozo|14/100 tox|[from] psn
|upkeep
|inactive|ggdtzera has 120 seconds left.
|
|t:|1758342573
|switch|p2a: Chimecho|Chimecho, M|100/100
|turn|6
|inactive|ggdtzera has 120 seconds left.
|
|t:|1758342610
|move|p2a: Chimecho|Calm Mind|p2a: Chimecho
|-boost|p2a: Chimecho|spa|1
|-boost|p2a: Chimecho|spd|1
|move|p1a: Dondozo|Wave Crash|p2a: Chimecho
|-damage|p2a: Chimecho|50/100
|-damage|p1a: Dondozo|2/100 tox|[from] Recoil
|
|-heal|p2a: Chimecho|56/100|[from] item: Leftovers
|-heal|p1a: Dondozo|8/100 tox|[from] item: Leftovers
|-damage|p1a: Dondozo|0 fnt|[from] psn
|faint|p1a: Dondozo
|upkeep
|
|t:|1758342628
|switch|p1a: Ting-Lu|Ting-Lu|100/100
|-ability|p1a: Ting-Lu|Vessel of Ruin
|turn|7
|
|t:|1758342636
|move|p2a: Chimecho|Draining Kiss|p1a: Ting-Lu
|-supereffective|p1a: Ting-Lu
|-damage|p1a: Ting-Lu|85/100
|-heal|p2a: Chimecho|73/100|[from] drain|[of] p1a: Ting-Lu
|move|p1a: Ting-Lu|Payback|p2a: Chimecho
|-supereffective|p2a: Chimecho
|-damage|p2a: Chimecho|0 fnt
|faint|p2a: Chimecho
|
|upkeep
|
|t:|1758342645
|switch|p2a: Ursaluna|Ursaluna, M|100/100
|turn|8
|
|t:|1758342652
|move|p2a: Ursaluna|Bulk Up|p2a: Ursaluna
|-boost|p2a: Ursaluna|atk|1
|-boost|p2a: Ursaluna|def|1
|move|p1a: Ting-Lu|Body Press|p2a: Ursaluna
|-supereffective|p2a: Ursaluna
|-damage|p2a: Ursaluna|76/100
|
|-status|p2a: Ursaluna|brn|[from] item: Flame Orb
|upkeep
|turn|9
|inactive|Neggets has 90 seconds left.
|inactive|ggdtzera has 120 seconds left.
|
|t:|1758342669
|switch|p1a: Virizion|Virizion, shiny|100/100
|move|p2a: Ursaluna|Drain Punch|p1a: Virizion
|-damage|p1a: Virizion|9/100
|-heal|p2a: Ursaluna|100/100 brn|[from] drain|[of] p1a: Virizion
|
|-damage|p2a: Ursaluna|94/100 brn|[from] brn
|upkeep
|turn|10
|
|t:|1758342683
|move|p1a: Virizion|Focus Blast|p2a: Ursaluna|[miss]
|-miss|p1a: Virizion|p2a: Ursaluna
|move|p2a: Ursaluna|Drain Punch|p1a: Virizion
|-damage|p1a: Virizion|0 fnt
|-heal|p2a: Ursaluna|97/100 brn|[from] drain|[of] p1a: Virizion
|faint|p1a: Virizion
|
|-damage|p2a: Ursaluna|91/100 brn|[from] brn
|upkeep
|
|t:|1758342701
|switch|p1a: Araquanid|Araquanid, M|100/100
|turn|11
|inactive|ggdtzera has 120 seconds left.
|
|t:|1758342732
|-terastallize|p2a: Ursaluna|Normal
|-terastallize|p1a: Araquanid|Water
|move|p2a: Ursaluna|Facade|p1a: Araquanid
|-damage|p1a: Araquanid|0 fnt
|faint|p1a: Araquanid
|
|-damage|p2a: Ursaluna|85/100 brn|[from] brn
|upkeep
|
|t:|1758342741
|switch|p1a: Corviknight|Corviknight, F|83/100
|turn|12
|inactive|ggdtzera has 120 seconds left.
|c|☆Neggets|1 miss = loose ig
|
|t:|1758342760
|move|p1a: Corviknight|Iron Defense|p1a: Corviknight
|-boost|p1a: Corviknight|def|2
|move|p2a: Ursaluna|Drain Punch|p1a: Corviknight
|-damage|p1a: Corviknight|60/100
|-heal|p2a: Ursaluna|94/100 brn|[from] drain|[of] p1a: Corviknight
|-damage|p2a: Ursaluna|78/100 brn|[from] item: Rocky Helmet|[of] p1a: Corviknight
|
|-damage|p2a: Ursaluna|72/100 brn|[from] brn
|upkeep
|turn|13
|
|t:|1758342768
|switch|p2a: Weezing|Weezing-Galar, M|100/100
|-ability|p2a: Weezing|Neutralizing Gas
|move|p1a: Corviknight|Iron Defense|p1a: Corviknight
|-boost|p1a: Corviknight|def|2
|
|upkeep
|turn|14
|
|t:|1758342780
|move|p1a: Corviknight|Brave Bird|p2a: Weezing
|-damage|p2a: Weezing|72/100
|-damage|p1a: Corviknight|52/100|[from] Recoil
|move|p2a: Weezing|Haze|p2a: Weezing
|-clearallboost
|
|-heal|p2a: Weezing|78/100|[from] item: Leftovers
|upkeep
|turn|15
|inactive|ggdtzera has 120 seconds left.
|
|t:|1758342797
|-end|p2a: Weezing|ability: Neutralizing Gas
|switch|p2a: Heatran|Heatran, M|100/100
|move|p1a: Corviknight|Iron Defense|p1a: Corviknight
|-boost|p1a: Corviknight|def|2
|
|upkeep
|turn|16
|inactive|ggdtzera has 120 seconds left.
|
|t:|1758342815
|switch|p1a: Ting-Lu|Ting-Lu|85/100
|-ability|p1a: Ting-Lu|Vessel of Ruin
|move|p2a: Heatran|Will-O-Wisp|p1a: Ting-Lu
|-status|p1a: Ting-Lu|brn
|
|-damage|p1a: Ting-Lu|78/100 brn|[from] brn
|upkeep
|turn|17
|inactive|ggdtzera has 120 seconds left.
|
|t:|1758342828
|switch|p2a: Weezing|Weezing-Galar, M|78/100
|-ability|p2a: Weezing|Neutralizing Gas
|move|p1a: Ting-Lu|Rock Tomb|p2a: Weezing
|-damage|p2a: Weezing|72/100
|-unboost|p2a: Weezing|spe|1
|
|-heal|p2a: Weezing|78/100|[from] item: Leftovers
|-damage|p1a: Ting-Lu|72/100 brn|[from] brn
|upkeep
|turn|18
|inactive|ggdtzera has 120 seconds left.
|
|t:|1758342853
|-end|p2a: Weezing|ability: Neutralizing Gas
|-ability|p1a: Ting-Lu|Vessel of Ruin
|switch|p2a: Corviknight|Corviknight, M|100/100
|-ability|p2a: Corviknight|Pressure
|move|p1a: Ting-Lu|Earthquake|p2a: Corviknight
|-immune|p2a: Corviknight
|
|-damage|p1a: Ting-Lu|66/100 brn|[from] brn
|upkeep
|turn|19
|
|t:|1758342861
|move|p2a: Corviknight|Iron Defense|p2a: Corviknight
|-boost|p2a: Corviknight|def|2
|move|p1a: Ting-Lu|Rock Tomb|p2a: Corviknight
|-damage|p2a: Corviknight|98/100
|-unboost|p2a: Corviknight|spe|1
|
|-damage|p1a: Ting-Lu|60/100 brn|[from] brn
|upkeep
|turn|20
|inactive|ggdtzera has 120 seconds left.
|-message|Neggets forfeited.
|
|win|ggdtzera
|raw|Neggets's rating: 1065 &rarr; <strong>1046</strong><br />(-19 for losing)
|raw|ggdtzera's rating: 1079 &rarr; <strong>1106</strong><br />(+27 for winning)
|l|☆Neggets
|player|p1|
|l|☆ggdtzera
|player|p2|
