|j|☆LVL62Monoco
|j|☆Floop Noopulus
|t:|1758308698
|gametype|singles
|player|p1|LVL62Monoco|102|1456
|player|p2|Floop Noopulus|veteran|1497
|gen|9
|tier|[Gen 9] OU
|rated|
|rule|HP Percentage Mod: HP is shown in percentages
|rule|Endless Battle Clause: Forcing endless battles is banned
|rule|Species Clause: Limit one of each Pokémon
|rule|OHKO Clause: OHKO moves are banned
|rule|Evasion Items Clause: Evasion items are banned
|rule|Evasion Moves Clause: Evasion moves are banned
|rule|Evasion Abilities Clause: Evasion abilities are banned
|rule|Sleep Moves Clause: Sleep-inducing moves are banned
|clearpoke
|poke|p1|Rillaboom, F|
|poke|p1|Hawlucha, M|
|poke|p1|Feraligatr, M|
|poke|p1|Slowbro-Galar, M|
|poke|p1|Glimmora, F|
|poke|p1|Mew|
|poke|p2|Sandy Shocks|
|poke|p2|Torkoal, M|
|poke|p2|Raging Bolt|
|poke|p2|Great Tusk|
|poke|p2|Hatterene, F|
|poke|p2|Slither Wing|
|teampreview
|inactive|Battle timer is ON: inactive players will automatically lose when time's up. (requested by Floop Noopulus)
|inactive|Floop Noopulus has 120 seconds left.
|
|t:|1758308740
|teamsize|p1|6
|teamsize|p2|6
|start
|switch|p1a: Glimmora|Glimmora, F|100/100
|switch|p2a: Sandy Shocks|Sandy Shocks|100/100
|turn|1
|
|t:|1758308753
|switch|p1a: Rillaboom|Rillaboom, F, shiny|100/100
|-fieldstart|move: Grassy Terrain|[from] ability: Grassy Surge|[of] p1a: Rillaboom
|move|p2a: Sandy Shocks|Volt Switch|p1a: Rillaboom
|-resisted|p1a: Rillaboom
|-damage|p1a: Rillaboom|88/100
|
|t:|1758308759
|-end|p2a: Sandy Shocks|Protosynthesis|[silent]
|switch|p2a: Torkoal|Torkoal, M|100/100|[from] Volt Switch
|-weather|SunnyDay|[from] ability: Drought|[of] p2a: Torkoal
|
|-weather|SunnyDay|[upkeep]
|-heal|p1a: Rillaboom|94/100|[from] Grassy Terrain
|upkeep
|turn|2
|
|t:|1758308769
|move|p1a: Rillaboom|Knock Off|p2a: Torkoal
|-damage|p2a: Torkoal|79/100
|-enditem|p2a: Torkoal|Heat Rock|[from] move: Knock Off|[of] p1a: Rillaboom
|move|p2a: Torkoal|Will-O-Wisp|p1a: Rillaboom
|-status|p1a: Rillaboom|brn
|
|-weather|SunnyDay|[upkeep]
|-heal|p1a: Rillaboom|100/100 brn|[from] Grassy Terrain
|-heal|p2a: Torkoal|85/100|[from] Grassy Terrain
|-damage|p1a: Rillaboom|94/100 brn|[from] brn
|upkeep
|turn|3
|
|t:|1758308779
|switch|p2a: Slither Wing|Slither Wing|100/100
|-activate|p2a: Slither Wing|ability: Protosynthesis
|-start|p2a: Slither Wing|protosynthesisatk
|move|p1a: Rillaboom|U-turn|p2a: Slither Wing
|-resisted|p2a: Slither Wing
|-damage|p2a: Slither Wing|93/100
|
|t:|1758308795
|switch|p1a: Glimmora|Glimmora, F|100/100|[from] U-turn
|
|-weather|SunnyDay|[upkeep]
|-heal|p2a: Slither Wing|99/100|[from] Grassy Terrain
|upkeep
|turn|4
|
|t:|1758308801
|-end|p2a: Slither Wing|Protosynthesis|[silent]
|switch|p2a: Hatterene|Hatterene, F|100/100
|move|p1a: Glimmora|Meteor Beam||[still]
|-prepare|p1a: Glimmora|Meteor Beam
|-boost|p1a: Glimmora|spa|1
|-enditem|p1a: Glimmora|Power Herb
|-anim|p1a: Glimmora|Meteor Beam|p2a: Hatterene
|-damage|p2a: Hatterene|0 fnt
|faint|p2a: Hatterene
|
|-weather|SunnyDay|[upkeep]
|upkeep
|
|t:|1758308804
|switch|p2a: Sandy Shocks|Sandy Shocks|100/100
|-activate|p2a: Sandy Shocks|ability: Protosynthesis
|-start|p2a: Sandy Shocks|protosynthesisspa
|turn|5
|
|t:|1758308821
|-terastallize|p2a: Sandy Shocks|Ice
|-terastallize|p1a: Glimmora|Grass
|move|p2a: Sandy Shocks|Tera Blast|p1a: Glimmora|[anim] Tera Blast Ice
|-supereffective|p1a: Glimmora
|-damage|p1a: Glimmora|0 fnt
|faint|p1a: Glimmora
|
|-weather|SunnyDay|[upkeep]
|-fieldend|move: Grassy Terrain
|upkeep
|
|t:|1758308833
|switch|p1a: Slowbro|Slowbro-Galar, M, shiny|100/100
|turn|6
|
|t:|1758308838
|move|p2a: Sandy Shocks|Tera Blast|p1a: Slowbro|[anim] Tera Blast Ice
|-damage|p1a: Slowbro|23/100
|move|p1a: Slowbro|Flamethrower|p2a: Sandy Shocks
|-supereffective|p2a: Sandy Shocks
|-damage|p2a: Sandy Shocks|0 fnt
|faint|p2a: Sandy Shocks
|-end|p2a: Sandy Shocks|Protosynthesis|[silent]
|
|-weather|SunnyDay|[upkeep]
|upkeep
|
|t:|1758308842
|switch|p2a: Slither Wing|Slither Wing|99/100
|-activate|p2a: Slither Wing|ability: Protosynthesis
|-start|p2a: Slither Wing|protosynthesisatk
|turn|7
|-activate|p1a: Slowbro|ability: Quick Draw
|
|t:|1758308850
|move|p1a: Slowbro|Shell Side Arm|p2a: Slither Wing|[anim] Shell Side Arm Physical
|-damage|p2a: Slither Wing|50/100
|-hint|Physical Shell Side Arm
|move|p2a: Slither Wing|U-turn|p1a: Slowbro
|-damage|p1a: Slowbro|0 fnt
|faint|p1a: Slowbro
|
|t:|1758308856
|-end|p2a: Slither Wing|Protosynthesis|[silent]
|switch|p2a: Raging Bolt|Raging Bolt|100/100|[from] U-turn
|-activate|p2a: Raging Bolt|ability: Protosynthesis
|-start|p2a: Raging Bolt|protosynthesisspa
|
|-weather|SunnyDay|[upkeep]
|upkeep
|
|t:|1758308870
|switch|p1a: Rillaboom|Rillaboom, F, shiny|94/100 brn
|-fieldstart|move: Grassy Terrain|[from] ability: Grassy Surge|[of] p1a: Rillaboom
|turn|8
|
|t:|1758308882
|move|p2a: Raging Bolt|Weather Ball|p1a: Rillaboom
|-supereffective|p1a: Rillaboom
|-damage|p1a: Rillaboom|0 fnt
|faint|p1a: Rillaboom
|
|-weather|none
|-end|p2a: Raging Bolt|Protosynthesis
|upkeep
|
|t:|1758308897
|switch|p1a: Hawlucha|Hawlucha, M, shiny|100/100
|-enditem|p1a: Hawlucha|Grassy Seed
|-boost|p1a: Hawlucha|def|1|[from] item: Grassy Seed
|turn|9
|
|t:|1758308902
|move|p1a: Hawlucha|Substitute|p1a: Hawlucha
|-start|p1a: Hawlucha|Substitute
|-damage|p1a: Hawlucha|76/100
|move|p2a: Raging Bolt|Volt Switch|p1a: Hawlucha
|-supereffective|p1a: Hawlucha
|-end|p1a: Hawlucha|Substitute
|
|t:|1758308906
|-end|p2a: Raging Bolt|Protosynthesis|[silent]
|switch|p2a: Great Tusk|Great Tusk|100/100|[from] Volt Switch
|
|upkeep
|turn|10
|
|t:|1758308912
|move|p1a: Hawlucha|Acrobatics|p2a: Great Tusk
|-supereffective|p2a: Great Tusk
|-damage|p2a: Great Tusk|32/100
|move|p2a: Great Tusk|Ice Spinner|p1a: Hawlucha
|-supereffective|p1a: Hawlucha
|-crit|p1a: Hawlucha
|-damage|p1a: Hawlucha|0 fnt
|-fieldend|move: Grassy Terrain
|faint|p1a: Hawlucha
|
|upkeep
|
|t:|1758308938
|switch|p1a: Feraligatr|Feraligatr, M|100/100
|turn|11
|
|t:|1758308943
|-end|p2a: Great Tusk|Protosynthesis|[silent]
|switch|p2a: Torkoal|Torkoal, M|85/100
|-weather|SunnyDay|[from] ability: Drought|[of] p2a: Torkoal
|move|p1a: Feraligatr|Dragon Dance|p1a: Feraligatr
|-boost|p1a: Feraligatr|atk|1
|-boost|p1a: Feraligatr|spe|1
|
|-weather|SunnyDay|[upkeep]
|upkeep
|turn|12
|
|t:|1758308952
|move|p1a: Feraligatr|Liquidation|p2a: Torkoal
|-supereffective|p2a: Torkoal
|-damage|p2a: Torkoal|30/100
|move|p2a: Torkoal|Will-O-Wisp|p1a: Feraligatr
|-status|p1a: Feraligatr|brn
|
|-weather|SunnyDay|[upkeep]
|-damage|p1a: Feraligatr|94/100 brn|[from] brn
|upkeep
|turn|13
|
|t:|1758308960
|switch|p2a: Slither Wing|Slither Wing|50/100
|-activate|p2a: Slither Wing|ability: Protosynthesis
|-start|p2a: Slither Wing|protosynthesisatk
|move|p1a: Feraligatr|Dragon Dance|p1a: Feraligatr
|-boost|p1a: Feraligatr|atk|1
|-boost|p1a: Feraligatr|spe|1
|
|-weather|SunnyDay|[upkeep]
|-damage|p1a: Feraligatr|88/100 brn|[from] brn
|upkeep
|turn|14
|
|t:|1758308970
|move|p2a: Slither Wing|First Impression|p1a: Feraligatr
|-damage|p1a: Feraligatr|0 fnt
|faint|p1a: Feraligatr
|
|-weather|SunnyDay|[upkeep]
|upkeep
|
|t:|1758308975
|switch|p1a: Mew|Mew, shiny|100/100
|turn|15
|
|t:|1758308979
|-end|p2a: Slither Wing|Protosynthesis|[silent]
|switch|p2a: Great Tusk|Great Tusk|32/100
|-activate|p2a: Great Tusk|ability: Protosynthesis
|-start|p2a: Great Tusk|protosynthesisatk
|move|p1a: Mew|Agility|p1a: Mew
|-boost|p1a: Mew|spe|2
|
|-weather|none
|-end|p2a: Great Tusk|Protosynthesis
|upkeep
|turn|16
|
|t:|1758308993
|-end|p2a: Great Tusk|Protosynthesis|[silent]
|switch|p2a: Torkoal|Torkoal, M|30/100
|-weather|SunnyDay|[from] ability: Drought|[of] p2a: Torkoal
|move|p1a: Mew|Draining Kiss|p2a: Torkoal
|-resisted|p2a: Torkoal
|-damage|p2a: Torkoal|20/100
|
|-weather|SunnyDay|[upkeep]
|upkeep
|turn|17
|
|t:|1758309007
|switch|p2a: Great Tusk|Great Tusk|32/100
|-activate|p2a: Great Tusk|ability: Protosynthesis
|-start|p2a: Great Tusk|protosynthesisatk
|move|p1a: Mew|Stored Power|p2a: Great Tusk
|-supereffective|p2a: Great Tusk
|-damage|p2a: Great Tusk|0 fnt
|faint|p2a: Great Tusk
|-end|p2a: Great Tusk|Protosynthesis|[silent]
|
|-weather|SunnyDay|[upkeep]
|upkeep
|
|t:|1758309009
|switch|p2a: Slither Wing|Slither Wing|50/100
|-activate|p2a: Slither Wing|ability: Protosynthesis
|-start|p2a: Slither Wing|protosynthesisatk
|turn|18
|
|t:|1758309019
|move|p2a: Slither Wing|First Impression|p1a: Mew
|-supereffective|p1a: Mew
|-crit|p1a: Mew
|-damage|p1a: Mew|0 fnt
|faint|p1a: Mew
|
|win|Floop Noopulus
|raw|LVL62Monoco's rating: 1456 &rarr; <strong>1438</strong><br />(-18 for losing)
|raw|Floop Noopulus's rating: 1497 &rarr; <strong>1515</strong><br />(+18 for winning)
|l|☆LVL62Monoco
|player|p1|
|l|☆Floop Noopulus
|player|p2|
