|j|☆jtremes
|j|☆sanmedina
|t:|1758305805
|gametype|singles
|player|p1|jtremes|170|1297
|player|p2|sanmedina|ltsurge-gen2|1324
|gen|9
|tier|[Gen 9] OU
|rated|
|rule|HP Percentage Mod: HP is shown in percentages
|rule|Endless Battle Clause: Forcing endless battles is banned
|rule|Species Clause: Limit one of each Pokémon
|rule|OHKO Clause: OHKO moves are banned
|rule|Evasion Items Clause: Evasion items are banned
|rule|Evasion Moves Clause: Evasion moves are banned
|rule|Evasion Abilities Clause: Evasion abilities are banned
|rule|Sleep Moves Clause: Sleep-inducing moves are banned
|clearpoke
|poke|p1|Cinderace, F|
|poke|p1|Torkoal, F|
|poke|p1|Ursaluna, M|
|poke|p1|Great Tusk|
|poke|p1|Slowbro, M|
|poke|p1|Spiritomb, F|
|poke|p2|Glimmora, F|
|poke|p2|Ogerpon-Wellspring, F|
|poke|p2|Iron Valiant|
|poke|p2|Iron Moth|
|poke|p2|Dragonite, F|
|poke|p2|Kingambit, F|
|teampreview
|inactive|Battle timer is ON: inactive players will automatically lose when time's up. (requested by sanmedina)
|
|t:|1758305815
|teamsize|p1|6
|teamsize|p2|6
|start
|switch|p1a: Cinderace|Cinderace, F|100/100
|switch|p2a: Ogerpon|Ogerpon-Wellspring, F|100/100
|turn|1
|
|t:|1758305826
|-terastallize|p2a: Ogerpon|Water
|detailschange|p2a: Ogerpon|Ogerpon-Wellspring-Tera, F, tera:Water
|-ability|p2a: Ogerpon|Embody Aspect (Wellspring)|boost
|-boost|p2a: Ogerpon|spd|1
|move|p1a: Cinderace|U-turn|p2a: Ogerpon
|-start|p1a: Cinderace|typechange|Bug|[from] ability: Libero
|-damage|p2a: Ogerpon|58/100
|
|t:|1758305834
|switch|p1a: Slowbro|Slowbro, M|100/100|[from] U-turn
|move|p2a: Ogerpon|Ivy Cudgel|p1a: Slowbro|[anim] Ivy Cudgel Water
|-resisted|p1a: Slowbro
|-crit|p1a: Slowbro
|-damage|p1a: Slowbro|60/100
|
|upkeep
|turn|2
|
|t:|1758305841
|switch|p1a: Spiritomb|Spiritomb, F|100/100
|move|p2a: Ogerpon|Horn Leech|p1a: Spiritomb
|-damage|p1a: Spiritomb|56/100
|-heal|p2a: Ogerpon|80/100|[from] drain|[of] p1a: Spiritomb
|
|-heal|p1a: Spiritomb|62/100|[from] item: Leftovers
|upkeep
|turn|3
|
|t:|1758305849
|move|p2a: Ogerpon|Ivy Cudgel|p1a: Spiritomb|[anim] Ivy Cudgel Water
|-damage|p1a: Spiritomb|0 fnt
|faint|p1a: Spiritomb
|
|upkeep
|
|t:|1758305863
|switch|p1a: Cinderace|Cinderace, F|100/100
|turn|4
|
|t:|1758305867
|move|p1a: Cinderace|High Jump Kick|p2a: Ogerpon
|-start|p1a: Cinderace|typechange|Fighting|[from] ability: Libero
|-damage|p2a: Ogerpon|0 fnt
|faint|p2a: Ogerpon
|detailschange|p2: Ogerpon|Ogerpon-Wellspring, F|[silent]
|
|upkeep
|
|t:|1758305880
|switch|p2a: Dragonite|Dragonite, F|100/100
|turn|5
|inactive|jtremes has 120 seconds left.
|inactive|jtremes has 90 seconds left.
|
|t:|1758305943
|switch|p1a: Slowbro|Slowbro, M|93/100
|move|p2a: Dragonite|Earthquake|p1a: Slowbro
|-damage|p1a: Slowbro|66/100
|
|upkeep
|turn|6
|
|t:|1758305952
|move|p2a: Dragonite|Encore||[still]
|-fail|p2a: Dragonite
|move|p1a: Slowbro|Trick Room|p1a: Slowbro
|-fieldstart|move: Trick Room|[of] p1a: Slowbro
|
|upkeep
|turn|7
|
|t:|1758305972
|move|p1a: Slowbro|Ice Beam|p2a: Dragonite
|-supereffective|p2a: Dragonite
|-damage|p2a: Dragonite|54/100
|move|p2a: Dragonite|Earthquake|p1a: Slowbro
|-damage|p1a: Slowbro|36/100
|
|upkeep
|turn|8
|
|t:|1758305980
|move|p1a: Slowbro|Slack Off|p1a: Slowbro
|-heal|p1a: Slowbro|86/100
|move|p2a: Dragonite|Earthquake|p1a: Slowbro
|-damage|p1a: Slowbro|57/100
|
|upkeep
|turn|9
|inactive|jtremes has 90 seconds left.
|
|t:|1758306007
|move|p1a: Slowbro|Ice Beam|p2a: Dragonite
|-supereffective|p2a: Dragonite
|-damage|p2a: Dragonite|0 fnt
|faint|p2a: Dragonite
|
|upkeep
|
|t:|1758306019
|switch|p2a: Iron Valiant|Iron Valiant|100/100
|-enditem|p2a: Iron Valiant|Booster Energy
|-activate|p2a: Iron Valiant|ability: Quark Drive|[fromitem]
|-start|p2a: Iron Valiant|quarkdrivespe
|turn|10
|inactive|jtremes has 90 seconds left.
|inactive|jtremes has 60 seconds left.
|
|t:|1758306072
|move|p1a: Slowbro|Slack Off|p1a: Slowbro
|-heal|p1a: Slowbro|100/100
|move|p2a: Iron Valiant|Shadow Ball|p1a: Slowbro
|-supereffective|p1a: Slowbro
|-damage|p1a: Slowbro|56/100
|
|-fieldend|move: Trick Room
|upkeep
|turn|11
|inactive|jtremes has 60 seconds left.
|inactive|sanmedina has 120 seconds left.
|
|t:|1758306103
|-terastallize|p1a: Slowbro|Water
|move|p2a: Iron Valiant|Thunderbolt|p1a: Slowbro
|-supereffective|p1a: Slowbro
|-damage|p1a: Slowbro|8/100
|move|p1a: Slowbro|Trick Room|p1a: Slowbro
|-fieldstart|move: Trick Room|[of] p1a: Slowbro
|
|upkeep
|turn|12
|inactive|jtremes has 60 seconds left.
|inactive|jtremes has 30 seconds left.
|inactive|jtremes has 20 seconds left.
|inactive|jtremes has 15 seconds left.
|inactive|jtremes has 10 seconds left.
|inactive|jtremes has 5 seconds left.
|-message|jtremes lost due to inactivity.
|
|win|sanmedina
|raw|jtremes's rating: 1297 &rarr; <strong>1274</strong><br />(-23 for losing)
|raw|sanmedina's rating: 1324 &rarr; <strong>1342</strong><br />(+18 for winning)
|l|☆sanmedina
|player|p2|
