|j|☆Exxxn
|j|☆oficial matute
|t:|1758243512
|gametype|singles
|player|p1|Exxxn|2|1283
|player|p2|oficial matute|policeman-gen4|1263
|gen|9
|tier|[Gen 9] OU
|rated|
|rule|HP Percentage Mod: HP is shown in percentages
|rule|Endless Battle Clause: Forcing endless battles is banned
|rule|Species Clause: Limit one of each Pokémon
|rule|OHKO Clause: OHKO moves are banned
|rule|Evasion Items Clause: Evasion items are banned
|rule|Evasion Moves Clause: Evasion moves are banned
|rule|Evasion Abilities Clause: Evasion abilities are banned
|rule|Sleep Moves Clause: Sleep-inducing moves are banned
|clearpoke
|poke|p1|Gardevoir, F|
|poke|p1|Dondozo, F|
|poke|p1|Kingambit, F|
|poke|p1|Iron Valiant|
|poke|p1|Dragapult, F|
|poke|p1|Great Tusk|
|poke|p2|Noivern, F|
|poke|p2|Tropius, F|
|poke|p2|Garchomp, F|
|poke|p2|Hydrapple, F|
|poke|p2|Torterra, M|
|poke|p2|Landorus-Therian, M|
|teampreview
|inactive|Battle timer is ON: inactive players will automatically lose when time's up. (requested by oficial matute)
|
|t:|1758243517
|teamsize|p1|6
|teamsize|p2|6
|start
|switch|p1a: Iron Valiant|Iron Valiant|100/100
|switch|p2a: 👁👅👁|Noivern, F|100/100
|-item|p1a: Iron Valiant|Booster Energy|[from] ability: Frisk|[of] p2a: 👁👅👁
|-enditem|p1a: Iron Valiant|Booster Energy
|-activate|p1a: Iron Valiant|ability: Quark Drive|[fromitem]
|-start|p1a: Iron Valiant|quarkdrivespe
|turn|1
|
|t:|1758243527
|move|p2a: 👁👅👁|Air Slash|p1a: Iron Valiant
|-supereffective|p1a: Iron Valiant
|-damage|p1a: Iron Valiant|0 fnt
|faint|p1a: Iron Valiant
|-end|p1a: Iron Valiant|Quark Drive|[silent]
|
|upkeep
|
|t:|1758243537
|switch|p1a: Gardevoir|Gardevoir, F|100/100
|-ability|p1a: Gardevoir|Frisk|Trace|[from] ability: Trace|[of] p2a: 👁👅👁
|-item|p2a: 👁👅👁|Choice Scarf|[from] ability: Frisk|[of] p1a: Gardevoir
|turn|2
|
|t:|1758243545
|switch|p2a: 👁🐽👁|Tropius, F, shiny|100/100
|move|p1a: Gardevoir|Moonblast|p2a: 👁🐽👁
|-damage|p2a: 👁🐽👁|69/100
|
|upkeep
|turn|3
|
|t:|1758243560
|-terastallize|p2a: 👁🐽👁|Ghost
|move|p1a: Gardevoir|Mystical Fire|p2a: 👁🐽👁
|-damage|p2a: 👁🐽👁|53/100
|-unboost|p2a: 👁🐽👁|spa|1
|move|p2a: 👁🐽👁|Leech Seed|p1a: Gardevoir
|-start|p1a: Gardevoir|move: Leech Seed
|
|-damage|p1a: Gardevoir|88/100|[from] Leech Seed|[of] p2a: 👁🐽👁
|-heal|p2a: 👁🐽👁|63/100|[silent]
|upkeep
|turn|4
|
|t:|1758243572
|switch|p1a: Dragapult|Dragapult, F|100/100
|move|p2a: 👁🐽👁|Substitute|p2a: 👁🐽👁
|-start|p2a: 👁🐽👁|Substitute
|-damage|p2a: 👁🐽👁|38/100
|-enditem|p2a: 👁🐽👁|Sitrus Berry|[eat]
|-heal|p2a: 👁🐽👁|63/100|[from] item: Sitrus Berry
|
|upkeep
|turn|5
|
|t:|1758243580
|move|p2a: 👁🐽👁|Protect|p2a: 👁🐽👁
|-singleturn|p2a: 👁🐽👁|Protect
|move|p1a: Dragapult|Dragon Darts|p2a: 👁🐽👁
|-activate|p2a: 👁🐽👁|move: Protect
|
|-item|p2a: 👁🐽👁|Sitrus Berry|[from] ability: Harvest
|upkeep
|turn|6
|
|t:|1758243588
|move|p1a: Dragapult|Dragon Darts|p2a: 👁🐽👁
|-end|p2a: 👁🐽👁|Substitute
|-anim|p1a: Dragapult|Dragon Darts|p2a: 👁🐽👁
|-damage|p2a: 👁🐽👁|29/100
|-enditem|p2a: 👁🐽👁|Sitrus Berry|[eat]
|-heal|p2a: 👁🐽👁|54/100|[from] item: Sitrus Berry
|-damage|p1a: Dragapult|91/100|[from] item: Life Orb
|move|p2a: 👁🐽👁|Leech Seed|p1a: Dragapult
|-start|p1a: Dragapult|move: Leech Seed
|
|-damage|p1a: Dragapult|78/100|[from] Leech Seed|[of] p2a: 👁🐽👁
|-heal|p2a: 👁🐽👁|64/100|[silent]
|upkeep
|turn|7
|
|t:|1758243600
|move|p2a: 👁🐽👁|Protect|p2a: 👁🐽👁
|-singleturn|p2a: 👁🐽👁|Protect
|move|p1a: Dragapult|Shadow Ball|p2a: 👁🐽👁
|-activate|p2a: 👁🐽👁|move: Protect
|
|-damage|p1a: Dragapult|66/100|[from] Leech Seed|[of] p2a: 👁🐽👁
|-heal|p2a: 👁🐽👁|74/100|[silent]
|upkeep
|turn|8
|
|t:|1758243610
|switch|p1a: Kingambit|Kingambit, F|100/100
|-activate|p1a: Kingambit|ability: Supreme Overlord
|-start|p1a: Kingambit|fallen1|[silent]
|switch|p2a: 👁👅👁|Noivern, F|100/100
|-item|p1a: Kingambit|Black Glasses|[from] ability: Frisk|[of] p2a: 👁👅👁
|
|upkeep
|turn|9
|
|t:|1758243619
|move|p2a: 👁👅👁|Switcheroo|p1a: Kingambit
|-activate|p2a: 👁👅👁|move: Trick|[of] p1a: Kingambit
|-item|p1a: Kingambit|Choice Scarf|[from] move: Switcheroo
|-item|p2a: 👁👅👁|Black Glasses|[from] move: Switcheroo
|move|p1a: Kingambit|Swords Dance|p1a: Kingambit
|-boost|p1a: Kingambit|atk|2
|
|upkeep
|turn|10
|-message|Exxxn forfeited.
|
|win|oficial matute
|raw|Exxxn's rating: 1283 &rarr; <strong>1257</strong><br />(-26 for losing)
|raw|oficial matute's rating: 1263 &rarr; <strong>1289</strong><br />(+26 for winning)
|l|☆Exxxn
|player|p1|
|l|☆oficial matute
|player|p2|
