|j|☆TylerLiwan5
|j|☆heal_fire
|t:|1758316616
|gametype|singles
|player|p1|TylerLiwan5|volkner|1329
|player|p2|heal_fire|ghetsis|1362
|gen|9
|tier|[Gen 9] OU
|rated|
|rule|HP Percentage Mod: HP is shown in percentages
|rule|Endless Battle Clause: Forcing endless battles is banned
|rule|Species Clause: Limit one of each Pokémon
|rule|OHKO Clause: OHKO moves are banned
|rule|Evasion Items Clause: Evasion items are banned
|rule|Evasion Moves Clause: Evasion moves are banned
|rule|Evasion Abilities Clause: Evasion abilities are banned
|rule|Sleep Moves Clause: Sleep-inducing moves are banned
|clearpoke
|poke|p1|Cinderace, F|
|poke|p1|Kingambit, M|
|poke|p1|Ceruledge, M|
|poke|p1|Torkoal, M|
|poke|p1|Great Tusk|
|poke|p1|Walking Wake|
|poke|p2|Pelipper, M|
|poke|p2|Iron Treads|
|poke|p2|Ludicolo, F|
|poke|p2|Barraskewda, M|
|poke|p2|Raging Bolt|
|poke|p2|Gliscor, M|
|teampreview
|inactive|Battle timer is ON: inactive players will automatically lose when time's up. (requested by TylerLiwan5)
|c|☆heal_fire|rain vs sun
|c|☆heal_fire|the affrontement
|
|t:|1758316642
|teamsize|p1|6
|teamsize|p2|6
|start
|switch|p1a: Torkoal|Torkoal, M|100/100
|switch|p2a: Grosse mouette|Pelipper, M|100/100
|-weather|RainDance|[from] ability: Drizzle|[of] p2a: Grosse mouette
|-weather|SunnyDay|[from] ability: Drought|[of] p1a: Torkoal
|turn|1
|
|t:|1758316649
|move|p2a: Grosse mouette|U-turn|p1a: Torkoal
|-resisted|p1a: Torkoal
|-damage|p1a: Torkoal|97/100
|
|t:|1758316655
|switch|p2a: Scordrong|Gliscor, M|100/100|[from] U-turn
|move|p1a: Torkoal|Solar Beam||[still]
|-prepare|p1a: Torkoal|Solar Beam
|-anim|p1a: Torkoal|Solar Beam|p2a: Scordrong
|-crit|p2a: Scordrong
|-damage|p2a: Scordrong|39/100
|
|-weather|SunnyDay|[upkeep]
|-status|p2a: Scordrong|tox|[from] item: Toxic Orb
|upkeep
|turn|2
|
|t:|1758316666
|switch|p1a: Walking Wake|Walking Wake|100/100
|-activate|p1a: Walking Wake|ability: Protosynthesis
|-start|p1a: Walking Wake|protosynthesisspa
|move|p2a: Scordrong|Earthquake|p1a: Walking Wake
|-damage|p1a: Walking Wake|66/100
|
|-weather|SunnyDay|[upkeep]
|-heal|p2a: Scordrong|52/100 tox|[from] ability: Poison Heal
|upkeep
|turn|3
|
|t:|1758316678
|switch|p2a: Grosse mouette|Pelipper, M|100/100
|-weather|RainDance|[from] ability: Drizzle|[of] p2a: Grosse mouette
|-end|p1a: Walking Wake|Protosynthesis
|move|p1a: Walking Wake|Flip Turn|p2a: Grosse mouette
|-resisted|p2a: Grosse mouette
|-damage|p2a: Grosse mouette|92/100
|
|t:|1758316686
|-end|p1a: Walking Wake|Protosynthesis|[silent]
|switch|p1a: Great Tusk|Great Tusk|100/100|[from] Flip Turn
|
|-weather|RainDance|[upkeep]
|upkeep
|turn|4
|
|t:|1758316704
|-end|p1a: Great Tusk|Protosynthesis|[silent]
|switch|p1a: Torkoal|Torkoal, M|97/100
|-weather|SunnyDay|[from] ability: Drought|[of] p1a: Torkoal
|switch|p2a: Ananas|Ludicolo, F|100/100
|
|-weather|SunnyDay|[upkeep]
|upkeep
|turn|5
|
|t:|1758316721
|switch|p1a: Ceruledge|Ceruledge, M, shiny|100/100
|move|p2a: Ananas|Hydro Pump|p1a: Ceruledge|[miss]
|-miss|p2a: Ananas|p1a: Ceruledge
|
|-weather|SunnyDay|[upkeep]
|upkeep
|turn|6
|
|t:|1758316729
|switch|p2a: Scordrong|Gliscor, M|52/100 tox
|move|p1a: Ceruledge|Swords Dance|p1a: Ceruledge
|-boost|p1a: Ceruledge|atk|2
|
|-weather|SunnyDay|[upkeep]
|-heal|p2a: Scordrong|64/100 tox|[from] ability: Poison Heal
|upkeep
|turn|7
|
|t:|1758316736
|move|p2a: Scordrong|Toxic|p1a: Ceruledge|[miss]
|-miss|p2a: Scordrong|p1a: Ceruledge
|move|p1a: Ceruledge|Poltergeist|p2a: Scordrong
|-activate|p2a: Scordrong|move: Poltergeist|Toxic Orb
|-damage|p2a: Scordrong|0 fnt
|faint|p2a: Scordrong
|
|-weather|SunnyDay|[upkeep]
|upkeep
|c|☆heal_fire|ah…
|
|t:|1758316749
|switch|p2a: barracuda|Barraskewda, M|100/100
|turn|8
|
|t:|1758316759
|move|p2a: barracuda|Flip Turn|p1a: Ceruledge
|-supereffective|p1a: Ceruledge
|-damage|p1a: Ceruledge|32/100
|-ability|p1a: Ceruledge|Weak Armor|boost
|-unboost|p1a: Ceruledge|def|1
|-boost|p1a: Ceruledge|spe|2
|
|t:|1758316768
|switch|p2a: Assault vest|Raging Bolt|100/100|[from] Flip Turn
|-activate|p2a: Assault vest|ability: Protosynthesis
|-start|p2a: Assault vest|protosynthesisspa
|move|p1a: Ceruledge|Poltergeist|p2a: Assault vest
|-activate|p2a: Assault vest|move: Poltergeist|Choice Specs
|-damage|p2a: Assault vest|0 fnt
|faint|p2a: Assault vest
|-end|p2a: Assault vest|Protosynthesis|[silent]
|
|-weather|SunnyDay|[upkeep]
|upkeep
|
|t:|1758316775
|switch|p2a: barracuda|Barraskewda, M|100/100
|turn|9
|
|t:|1758316780
|move|p1a: Ceruledge|Poltergeist|p2a: barracuda
|-activate|p2a: barracuda|move: Poltergeist|Choice Band
|-damage|p2a: barracuda|0 fnt
|faint|p2a: barracuda
|
|-weather|SunnyDay|[upkeep]
|upkeep
|c|☆heal_fire|gg
|-message|heal_fire forfeited.
|
|win|TylerLiwan5
|raw|TylerLiwan5's rating: 1329 &rarr; <strong>1351</strong><br />(+22 for winning)
|raw|heal_fire's rating: 1362 &rarr; <strong>1340</strong><br />(-22 for losing)
|l|☆heal_fire
|player|p2|
|l|☆TylerLiwan5
|player|p1|
|j|☆TylerLiwan5
|player|p1|TylerLiwan5|volkner|
