|badge|p2|bronze|gen9ou|100-6
|uhtml|medal-msg|<div class="broadcast-blue">Curious what those medals under the avatar are? PS now has Ladder Seasons! For more information, check out the <a href="https://www.smogon.com/forums/threads/3740067/">thread on Smogon.</a></div>
|j|☆SlimyTime
|j|☆Auburn Hills
|t:|1758320077
|gametype|singles
|player|p1|SlimyTime|ltsurge|1713
|player|p2|Auburn Hills|alder|1883
|gen|9
|tier|[Gen 9] OU
|rated|
|rule|HP Percentage Mod: HP is shown in percentages
|rule|Endless Battle Clause: Forcing endless battles is banned
|rule|Species Clause: Limit one of each Pokémon
|rule|OHKO Clause: OHKO moves are banned
|rule|Evasion Items Clause: Evasion items are banned
|rule|Evasion Moves Clause: Evasion moves are banned
|rule|Evasion Abilities Clause: Evasion abilities are banned
|rule|Sleep Moves Clause: Sleep-inducing moves are banned
|clearpoke
|poke|p1|Pelipper, F|
|poke|p1|Hatterene, F|
|poke|p1|Iron Treads|
|poke|p1|Toxicroak, F|
|poke|p1|Barraskewda, F|
|poke|p1|Zapdos|
|poke|p2|Iron Moth|
|poke|p2|Umbreon, F|
|poke|p2|Garchomp, M|
|poke|p2|Glimmora, F|
|poke|p2|Gholdengo|
|poke|p2|Dragonite, F|
|teampreview
|
|t:|1758320129
|teamsize|p1|6
|teamsize|p2|6
|start
|switch|p1a: Barraskewda|Barraskewda, F|100/100
|switch|p2a: Julia Jacklin|Glimmora, F|100/100
|turn|1
|
|t:|1758320135
|move|p1a: Barraskewda|Flip Turn|p2a: Julia Jacklin
|-supereffective|p2a: Julia Jacklin
|-enditem|p2a: Julia Jacklin|Focus Sash
|-damage|p2a: Julia Jacklin|1/100
|-activate|p2a: Julia Jacklin|ability: Toxic Debris
|-sidestart|p1: SlimyTime|move: Toxic Spikes
|
|t:|1758320141
|switch|p1a: Iron Treads|Iron Treads|100/100|[from] Flip Turn
|move|p2a: Julia Jacklin|Stealth Rock|p1a: Iron Treads
|-sidestart|p1: SlimyTime|move: Stealth Rock
|
|upkeep
|turn|2
|
|t:|1758320145
|switch|p2a: Smino|Gholdengo|100/100
|move|p1a: Iron Treads|Earthquake|p2a: Smino
|-supereffective|p2a: Smino
|-damage|p2a: Smino|30/100
|
|upkeep
|turn|3
|
|t:|1758320150
|move|p2a: Smino|Shadow Ball|p1a: Iron Treads
|-damage|p1a: Iron Treads|69/100
|move|p1a: Iron Treads|Stealth Rock|p2a: Smino
|-sidestart|p2: Auburn Hills|move: Stealth Rock
|
|-heal|p1a: Iron Treads|75/100|[from] item: Leftovers
|upkeep
|turn|4
|
|t:|1758320155
|move|p2a: Smino|Shadow Ball|p1a: Iron Treads
|-damage|p1a: Iron Treads|40/100
|-unboost|p1a: Iron Treads|spd|1
|move|p1a: Iron Treads|Earthquake|p2a: Smino
|-supereffective|p2a: Smino
|-crit|p2a: Smino
|-damage|p2a: Smino|0 fnt
|faint|p2a: Smino
|
|-heal|p1a: Iron Treads|46/100|[from] item: Leftovers
|upkeep
|
|t:|1758320160
|switch|p2a: Carly Rae|Iron Moth|100/100
|-damage|p2a: Carly Rae|76/100|[from] Stealth Rock
|-enditem|p2a: Carly Rae|Booster Energy
|-activate|p2a: Carly Rae|ability: Quark Drive|[fromitem]
|-start|p2a: Carly Rae|quarkdrivespe
|turn|5
|
|t:|1758320164
|-end|p1a: Iron Treads|Quark Drive|[silent]
|switch|p1a: Hatterene|Hatterene, F|100/100
|-status|p1a: Hatterene|psn
|-damage|p1a: Hatterene|88/100 psn|[from] Stealth Rock
|move|p2a: Carly Rae|Fiery Dance|p1a: Hatterene
|-damage|p1a: Hatterene|48/100 psn
|-enditem|p1a: Hatterene|Eject Button
|
|t:|1758320171
|switch|p1a: Barraskewda|Barraskewda, F|100/100
|-status|p1a: Barraskewda|psn
|-damage|p1a: Barraskewda|88/100 psn|[from] Stealth Rock
|
|-damage|p1a: Barraskewda|76/100 psn|[from] psn
|upkeep
|turn|6
|
|t:|1758320175
|move|p1a: Barraskewda|Aqua Jet|p2a: Carly Rae
|-supereffective|p2a: Carly Rae
|-damage|p2a: Carly Rae|0 fnt
|faint|p2a: Carly Rae
|-end|p2a: Carly Rae|Quark Drive|[silent]
|
|-damage|p1a: Barraskewda|64/100 psn|[from] psn
|upkeep
|
|t:|1758320178
|switch|p2a: Elucid|Dragonite, F|100/100
|turn|7
|
|t:|1758320180
|switch|p1a: Toxicroak|Toxicroak, F|100/100
|-sideend|p1: SlimyTime|move: Toxic Spikes|[of] p1a: Toxicroak
|-damage|p1a: Toxicroak|94/100|[from] Stealth Rock
|move|p2a: Elucid|Dragon Dance|p2a: Elucid
|-boost|p2a: Elucid|atk|1
|-boost|p2a: Elucid|spe|1
|
|upkeep
|turn|8
|
|t:|1758320192
|-terastallize|p1a: Toxicroak|Ghost
|move|p2a: Elucid|Earthquake|p1a: Toxicroak
|-damage|p1a: Toxicroak|43/100
|move|p1a: Toxicroak|Toxic|p2a: Elucid
|-status|p2a: Elucid|tox
|
|-damage|p2a: Elucid|94/100 tox|[from] psn
|upkeep
|turn|9
|
|t:|1758320199
|switch|p1a: Hatterene|Hatterene, F|48/100 psn
|-damage|p1a: Hatterene|36/100 psn|[from] Stealth Rock
|move|p2a: Elucid|Ice Spinner|p1a: Hatterene
|-damage|p1a: Hatterene|0 fnt
|faint|p1a: Hatterene
|
|-damage|p2a: Elucid|82/100 tox|[from] psn
|upkeep
|
|t:|1758320208
|switch|p1a: Pelipper|Pelipper, F|100/100
|-damage|p1a: Pelipper|76/100|[from] Stealth Rock
|-weather|RainDance|[from] ability: Drizzle|[of] p1a: Pelipper
|turn|10
|
|t:|1758320212
|move|p2a: Elucid|Extreme Speed|p1a: Pelipper
|-damage|p1a: Pelipper|31/100
|move|p1a: Pelipper|Roost|p1a: Pelipper
|-heal|p1a: Pelipper|81/100
|-singleturn|p1a: Pelipper|move: Roost
|
|-weather|RainDance|[upkeep]
|-damage|p2a: Elucid|63/100 tox|[from] psn
|upkeep
|turn|11
|
|t:|1758320217
|switch|p2a: Rat Tally|Garchomp, M|100/100
|-damage|p2a: Rat Tally|94/100|[from] Stealth Rock
|move|p1a: Pelipper|Roost|p1a: Pelipper
|-heal|p1a: Pelipper|100/100
|-singleturn|p1a: Pelipper|move: Roost
|
|-weather|RainDance|[upkeep]
|upkeep
|turn|12
|
|t:|1758320221
|move|p2a: Rat Tally|Scale Shot|p1a: Pelipper
|-damage|p1a: Pelipper|87/100
|-damage|p1a: Pelipper|73/100
|-damage|p1a: Pelipper|59/100
|-damage|p1a: Pelipper|44/100
|-hitcount|p1a: Pelipper|4
|-unboost|p2a: Rat Tally|def|1
|-boost|p2a: Rat Tally|spe|1
|move|p1a: Pelipper|U-turn|p2a: Rat Tally
|-damage|p2a: Rat Tally|80/100
|-damage|p1a: Pelipper|32/100|[from] ability: Rough Skin|[of] p2a: Rat Tally
|
|t:|1758320225
|switch|p1a: Barraskewda|Barraskewda, F|64/100 psn|[from] U-turn
|-damage|p1a: Barraskewda|52/100 psn|[from] Stealth Rock
|
|-weather|RainDance|[upkeep]
|-damage|p1a: Barraskewda|40/100 psn|[from] psn
|upkeep
|turn|13
|
|t:|1758320229
|switch|p2a: Julia Jacklin|Glimmora, F|1/100
|-damage|p2a: Julia Jacklin|0 fnt|[from] Stealth Rock
|faint|p2a: Julia Jacklin
|move|p1a: Barraskewda|Flip Turn|p2: Julia Jacklin|[notarget]
|-fail|p1a: Barraskewda
|
|-weather|RainDance|[upkeep]
|-damage|p1a: Barraskewda|27/100 psn|[from] psn
|upkeep
|
|t:|1758320232
|switch|p2a: Elucid|Dragonite, F|63/100 tox
|turn|14
|
|t:|1758320238
|switch|p1a: Toxicroak|Toxicroak, F, tera:Ghost|43/100
|-damage|p1a: Toxicroak|30/100|[from] Stealth Rock
|move|p2a: Elucid|Earthquake|p1a: Toxicroak
|-damage|p1a: Toxicroak|0 fnt
|faint|p1a: Toxicroak
|
|-weather|RainDance|[upkeep]
|-damage|p2a: Elucid|57/100 tox|[from] psn
|upkeep
|
|t:|1758320241
|switch|p1a: Zapdos|Zapdos|100/100
|-damage|p1a: Zapdos|76/100|[from] Stealth Rock
|turn|15
|
|t:|1758320245
|switch|p2a: Alvvays|Umbreon, F|100/100
|-damage|p2a: Alvvays|88/100|[from] Stealth Rock
|move|p1a: Zapdos|Hurricane|p2a: Alvvays
|-damage|p2a: Alvvays|45/100
|
|-weather|RainDance|[upkeep]
|-heal|p2a: Alvvays|51/100|[from] item: Leftovers
|upkeep
|turn|16
|
|t:|1758320250
|switch|p1a: Iron Treads|Iron Treads|46/100
|-damage|p1a: Iron Treads|43/100|[from] Stealth Rock
|move|p2a: Alvvays|Wish|p2a: Alvvays
|
|-weather|RainDance|[upkeep]
|-heal|p1a: Iron Treads|49/100|[from] item: Leftovers
|-heal|p2a: Alvvays|57/100|[from] item: Leftovers
|upkeep
|turn|17
|
|t:|1758320253
|move|p1a: Iron Treads|Rapid Spin|p2a: Alvvays
|-damage|p2a: Alvvays|47/100
|-boost|p1a: Iron Treads|spe|1
|-sideend|p1: SlimyTime|Stealth Rock|[from] move: Rapid Spin|[of] p1a: Iron Treads
|move|p2a: Alvvays|Foul Play|p1a: Iron Treads
|-damage|p1a: Iron Treads|25/100
|
|-weather|none
|-heal|p2a: Alvvays|97/100|[from] move: Wish|[wisher] Alvvays
|-heal|p1a: Iron Treads|31/100|[from] item: Leftovers
|-heal|p2a: Alvvays|100/100|[from] item: Leftovers
|upkeep
|turn|18
|
|t:|1758320256
|move|p1a: Iron Treads|Volt Switch|p2a: Alvvays
|-damage|p2a: Alvvays|94/100
|
|t:|1758320259
|-end|p1a: Iron Treads|Quark Drive|[silent]
|switch|p1a: Pelipper|Pelipper, F|32/100|[from] Volt Switch
|-weather|RainDance|[from] ability: Drizzle|[of] p1a: Pelipper
|move|p2a: Alvvays|Wish|p2a: Alvvays
|
|-weather|RainDance|[upkeep]
|-heal|p2a: Alvvays|100/100|[from] item: Leftovers
|upkeep
|turn|19
|
|t:|1758320262
|move|p2a: Alvvays|Thunder Wave|p1a: Pelipper
|-status|p1a: Pelipper|par
|move|p1a: Pelipper|Knock Off|p2a: Alvvays
|-resisted|p2a: Alvvays
|-damage|p2a: Alvvays|96/100
|-enditem|p2a: Alvvays|Leftovers|[from] move: Knock Off|[of] p1a: Pelipper
|
|-weather|RainDance|[upkeep]
|-heal|p2a: Alvvays|100/100|[from] move: Wish|[wisher] Alvvays
|upkeep
|turn|20
|
|t:|1758320266
|move|p2a: Alvvays|Foul Play|p1a: Pelipper
|-damage|p1a: Pelipper|14/100 par
|cant|p1a: Pelipper|par
|
|-weather|RainDance|[upkeep]
|upkeep
|turn|21
|
|t:|1758320270
|move|p2a: Alvvays|Foul Play|p1a: Pelipper
|-damage|p1a: Pelipper|0 fnt
|faint|p1a: Pelipper
|
|-weather|RainDance|[upkeep]
|upkeep
|
|t:|1758320272
|switch|p1a: Barraskewda|Barraskewda, F|27/100 psn
|turn|22
|
|t:|1758320276
|move|p2a: Alvvays|Protect|p2a: Alvvays
|-singleturn|p2a: Alvvays|Protect
|move|p1a: Barraskewda|Close Combat|p2a: Alvvays
|-activate|p2a: Alvvays|move: Protect
|
|-weather|RainDance|[upkeep]
|-damage|p1a: Barraskewda|15/100 psn|[from] psn
|upkeep
|turn|23
|
|t:|1758320290
|switch|p1a: Zapdos|Zapdos|76/100
|switch|p2a: Elucid|Dragonite, F|57/100 tox
|
|-weather|RainDance|[upkeep]
|-damage|p2a: Elucid|51/100 tox|[from] psn
|upkeep
|turn|24
|
|t:|1758320294
|move|p2a: Elucid|Extreme Speed|p1a: Zapdos
|-damage|p1a: Zapdos|36/100
|move|p1a: Zapdos|Hurricane|p2a: Elucid
|-damage|p2a: Elucid|0 fnt
|faint|p2a: Elucid
|
|-weather|RainDance|[upkeep]
|upkeep
|
|t:|1758320299
|switch|p2a: Rat Tally|Garchomp, M|80/100
|-damage|p2a: Rat Tally|74/100|[from] Stealth Rock
|turn|25
|
|t:|1758320301
|move|p2a: Rat Tally|Scale Shot|p1a: Zapdos
|-damage|p1a: Zapdos|20/100
|-damage|p1a: Zapdos|4/100
|-damage|p1a: Zapdos|0 fnt
|faint|p1a: Zapdos
|-hitcount|p1: Zapdos|3
|-unboost|p2a: Rat Tally|def|1
|-boost|p2a: Rat Tally|spe|1
|
|-weather|none
|upkeep
|
|t:|1758320304
|switch|p1a: Barraskewda|Barraskewda, F|15/100 psn
|turn|26
|
|t:|1758320308
|move|p1a: Barraskewda|Aqua Jet|p2a: Rat Tally
|-damage|p2a: Rat Tally|23/100
|-damage|p1a: Barraskewda|3/100 psn|[from] ability: Rough Skin|[of] p2a: Rat Tally
|move|p2a: Rat Tally|Earthquake|p1a: Barraskewda
|-damage|p1a: Barraskewda|0 fnt
|faint|p1a: Barraskewda
|
|upkeep
|
|t:|1758320310
|switch|p1a: Iron Treads|Iron Treads|31/100
|turn|27
|c|☆SlimyTime|gg
|
|t:|1758320317
|move|p2a: Rat Tally|Earthquake|p1a: Iron Treads
|-supereffective|p1a: Iron Treads
|-damage|p1a: Iron Treads|0 fnt
|faint|p1a: Iron Treads
|-end|p1a: Iron Treads|Quark Drive|[silent]
|
|win|Auburn Hills
|raw|SlimyTime's rating: 1713 &rarr; <strong>1702</strong><br />(-11 for losing)
|raw|Auburn Hills's rating: 1883 &rarr; <strong>1894</strong><br />(+11 for winning)
|c|☆Auburn Hills|gg
|l|☆SlimyTime
|player|p1|
|l|☆Auburn Hills
|player|p2|
