|j|☆z12598765
|j|☆enigma96
|t:|1758257772
|gametype|singles
|player|p1|z12598765|169|1235
|player|p2|enigma96|jogger|1163
|gen|9
|tier|[Gen 9] OU
|rated|
|rule|HP Percentage Mod: HP is shown in percentages
|rule|Endless Battle Clause: Forcing endless battles is banned
|rule|Species Clause: Limit one of each Pokémon
|rule|OHKO Clause: OHKO moves are banned
|rule|Evasion Items Clause: Evasion items are banned
|rule|Evasion Moves Clause: Evasion moves are banned
|rule|Evasion Abilities Clause: Evasion abilities are banned
|rule|Sleep Moves Clause: Sleep-inducing moves are banned
|clearpoke
|poke|p1|Ninetales-Alola, M|
|poke|p1|Goodra-Hisui, F|
|poke|p1|Great Tusk|
|poke|p1|Skarmory, M|
|poke|p1|Landorus-Therian, M|
|poke|p1|Rotom-Wash|
|poke|p2|Salazzle, F|
|poke|p2|Slowking-Galar, M|
|poke|p2|Haunter, M|
|poke|p2|Dragalge, M|
|poke|p2|Arbok, M|
|poke|p2|Seviper, M|
|teampreview
|inactive|Battle timer is ON: inactive players will automatically lose when time's up. (requested by enigma96)
|
|t:|1758257783
|teamsize|p1|6
|teamsize|p2|6
|start
|switch|p1a: Landorus|Landorus-Therian, M, shiny|100/100
|switch|p2a: Arbok|Arbok, M|100/100
|-ability|p1a: Landorus|Intimidate|boost
|-unboost|p2a: Arbok|atk|1
|-ability|p2a: Arbok|Intimidate|boost
|-unboost|p1a: Landorus|atk|1
|turn|1
|
|t:|1758257799
|switch|p2a: Haunter|Haunter, M, shiny|100/100
|move|p1a: Landorus|Earthquake|p2a: Haunter
|-immune|p2a: Haunter|[from] ability: Levitate
|
|upkeep
|turn|2
|
|t:|1758257811
|switch|p1a: Goodra|Goodra-Hisui, F, shiny|100/100
|move|p2a: Haunter|Curse|p1a: Goodra
|-start|p1a: Goodra|Curse|[of] p2a: Haunter
|-damage|p2a: Haunter|50/100
|
|-damage|p1a: Goodra|76/100|[from] Curse
|upkeep
|turn|3
|
|t:|1758257824
|switch|p2a: Arbok|Arbok, M|100/100
|-ability|p2a: Arbok|Intimidate|boost
|-unboost|p1a: Goodra|atk|1
|move|p1a: Goodra|Draco Meteor|p2a: Arbok
|-damage|p2a: Arbok|18/100
|-unboost|p1a: Goodra|spa|2
|
|-damage|p1a: Goodra|51/100|[from] Curse
|upkeep
|turn|4
|
|t:|1758257835
|switch|p1a: Skarmory|Skarmory, M, shiny|100/100
|move|p2a: Arbok|Switcheroo|p1a: Skarmory
|-activate|p2a: Arbok|move: Trick|[of] p1a: Skarmory
|-item|p1a: Skarmory|Choice Band|[from] move: Switcheroo
|-item|p2a: Arbok|Heavy-Duty Boots|[from] move: Switcheroo
|
|upkeep
|turn|5
|
|t:|1758257845
|switch|p2a: Salazzle|Salazzle, F, shiny|100/100
|move|p1a: Skarmory|Brave Bird|p2a: Salazzle
|-damage|p2a: Salazzle|26/100
|-damage|p1a: Skarmory|76/100|[from] Recoil
|
|-heal|p2a: Salazzle|32/100|[from] item: Leftovers
|upkeep
|turn|6
|
|t:|1758257854
|switch|p1a: Goodra|Goodra-Hisui, F, shiny|51/100
|move|p2a: Salazzle|Flamethrower|p1a: Goodra
|-damage|p1a: Goodra|38/100
|
|-heal|p2a: Salazzle|39/100|[from] item: Leftovers
|upkeep
|turn|7
|
|t:|1758257868
|switch|p2a: Slowking|Slowking-Galar, M, shiny|100/100
|move|p1a: Goodra|Draco Meteor|p2a: Slowking
|-damage|p2a: Slowking|71/100
|-unboost|p1a: Goodra|spa|2
|
|-heal|p2a: Slowking|77/100|[from] item: Black Sludge
|upkeep
|turn|8
|
|t:|1758257878
|move|p1a: Goodra|Knock Off|p2a: Slowking
|-supereffective|p2a: Slowking
|-damage|p2a: Slowking|34/100
|-enditem|p2a: Slowking|Black Sludge|[from] move: Knock Off|[of] p1a: Goodra
|move|p2a: Slowking|Trick|p1a: Goodra
|-activate|p2a: Slowking|move: Trick|[of] p1a: Goodra
|-enditem|p1a: Goodra|Assault Vest|[silent]|[from] move: Trick
|-item|p2a: Slowking|Assault Vest|[from] move: Trick
|
|upkeep
|turn|9
|
|t:|1758257887
|move|p1a: Goodra|Knock Off|p2a: Slowking
|-supereffective|p2a: Slowking
|-damage|p2a: Slowking|0 fnt
|-enditem|p2a: Slowking|Assault Vest|[from] move: Knock Off|[of] p1a: Goodra
|faint|p2a: Slowking
|
|upkeep
|
|t:|1758257915
|switch|p2a: Haunter|Haunter, M, shiny|50/100
|turn|10
|
|t:|1758257924
|move|p2a: Haunter|Curse|p1a: Goodra
|-start|p1a: Goodra|Curse|[of] p2a: Haunter
|-damage|p2a: Haunter|0 fnt
|faint|p2a: Haunter
|move|p1a: Goodra|Knock Off|p2: Haunter|[notarget]
|-fail|p1a: Goodra
|
|-damage|p1a: Goodra|14/100|[from] Curse
|upkeep
|
|t:|1758257934
|switch|p2a: Arbok|Arbok, M|18/100
|-ability|p2a: Arbok|Intimidate|boost
|-unboost|p1a: Goodra|atk|1
|turn|11
|
|t:|1758257944
|switch|p1a: Skarmory|Skarmory, M, shiny|76/100
|move|p2a: Arbok|Earthquake|p1a: Skarmory
|-immune|p1a: Skarmory
|
|upkeep
|turn|12
|
|t:|1758257956
|switch|p2a: Dragalge|Dragalge, M, shiny|100/100
|move|p1a: Skarmory|Brave Bird|p2a: Dragalge
|-damage|p2a: Dragalge|41/100
|-damage|p1a: Skarmory|56/100|[from] Recoil
|
|upkeep
|turn|13
|
|t:|1758257963
|move|p1a: Skarmory|Brave Bird|p2a: Dragalge
|-damage|p2a: Dragalge|0 fnt
|faint|p2a: Dragalge
|-damage|p1a: Skarmory|42/100|[from] Recoil
|
|upkeep
|
|t:|1758257972
|switch|p2a: Seviper|Seviper, M, shiny|100/100
|turn|14
|
|t:|1758257980
|move|p2a: Seviper|Final Gambit|p1a: Skarmory
|-damage|p1a: Skarmory|0 fnt
|faint|p2a: Seviper
|faint|p1a: Skarmory
|
|upkeep
|
|t:|1758257986
|switch|p2a: Arbok|Arbok, M|18/100
|switch|p1a: Rotom|Rotom-Wash, shiny|100/100
|-ability|p2a: Arbok|Intimidate|boost
|-unboost|p1a: Rotom|atk|1
|turn|15
|
|t:|1758257992
|move|p2a: Arbok|Poison Jab|p1a: Rotom
|-damage|p1a: Rotom|64/100
|-status|p1a: Rotom|psn
|move|p1a: Rotom|Volt Switch|p2a: Arbok
|-damage|p2a: Arbok|0 fnt
|faint|p2a: Arbok
|
|t:|1758257999
|switch|p1a: Landorus|Landorus-Therian, M, shiny|100/100|[from] Volt Switch
|
|upkeep
|
|t:|1758258004
|switch|p2a: Salazzle|Salazzle, F, shiny|39/100
|turn|16
|
|t:|1758258006
|move|p1a: Landorus|Earthquake|p2a: Salazzle
|-supereffective|p2a: Salazzle
|-damage|p2a: Salazzle|0 fnt
|faint|p2a: Salazzle
|
|win|z12598765
|raw|z12598765's rating: 1235 &rarr; <strong>1255</strong><br />(+20 for winning)
|raw|enigma96's rating: 1163 &rarr; <strong>1143</strong><br />(-20 for losing)
|l|☆z12598765
|player|p1|
|l|☆enigma96
|player|p2|
