|j|☆uber-mom
|j|☆sophiebrouwer
|t:|1758332668
|gametype|singles
|player|p1|uber-mom|lucas|1580
|player|p2|sophiebrouwer|265|1609
|gen|9
|tier|[Gen 9] OU
|rated|
|rule|HP Percentage Mod: HP is shown in percentages
|rule|Endless Battle Clause: Forcing endless battles is banned
|rule|Species Clause: Limit one of each Pokémon
|rule|OHKO Clause: OHKO moves are banned
|rule|Evasion Items Clause: Evasion items are banned
|rule|Evasion Moves Clause: Evasion moves are banned
|rule|Evasion Abilities Clause: Evasion abilities are banned
|rule|Sleep Moves Clause: Sleep-inducing moves are banned
|clearpoke
|poke|p1|Indeedee, M|
|poke|p1|Hatterene, F|
|poke|p1|Ursaluna, M|
|poke|p1|Iron Hands|
|poke|p1|Hoopa-Unbound|
|poke|p1|Mimikyu, M|
|poke|p2|Ogerpon-Wellspring, F|
|poke|p2|Kingambit, M|
|poke|p2|Landorus-Therian, M|
|poke|p2|Glimmora, M|
|poke|p2|Dragapult, F|
|poke|p2|Iron Valiant|
|teampreview
|inactive|Battle timer is ON: inactive players will automatically lose when time's up. (requested by uber-mom)
|
|t:|1758332678
|teamsize|p1|6
|teamsize|p2|6
|start
|switch|p1a: Ronove|Indeedee, M|100/100
|switch|p2a: Dragapult|Dragapult, F|100/100
|-fieldstart|move: Psychic Terrain|[from] ability: Psychic Surge|[of] p1a: Ronove
|turn|1
|
|t:|1758332699
|switch|p1a: Dlanor|Iron Hands|100/100
|-enditem|p1a: Dlanor|Booster Energy
|-activate|p1a: Dlanor|ability: Quark Drive|[fromitem]
|-start|p1a: Dlanor|quarkdriveatk
|move|p2a: Dragapult|U-turn|p1a: Dlanor
|-resisted|p1a: Dlanor
|-damage|p1a: Dlanor|95/100
|inactive|sophiebrouwer has 120 seconds left.
|
|t:|1758332723
|switch|p2a: Landorus|Landorus-Therian, M|100/100|[from] U-turn
|-ability|p2a: Landorus|Intimidate|boost
|-unboost|p1a: Dlanor|atk|1
|
|upkeep
|turn|2
|inactive|sophiebrouwer has 120 seconds left.
|
|t:|1758332751
|move|p2a: Landorus|Earthquake|p1a: Dlanor
|-supereffective|p1a: Dlanor
|-damage|p1a: Dlanor|27/100
|move|p1a: Dlanor|Ice Punch|p2a: Landorus
|-supereffective|p2a: Landorus
|-damage|p2a: Landorus|1/100
|-damage|p1a: Dlanor|10/100|[from] item: Rocky Helmet|[of] p2a: Landorus
|
|upkeep
|turn|3
|inactive|sophiebrouwer has 120 seconds left.
|
|t:|1758332766
|move|p2a: Landorus|Earthquake|p1a: Dlanor
|-supereffective|p1a: Dlanor
|-crit|p1a: Dlanor
|-damage|p1a: Dlanor|0 fnt
|faint|p1a: Dlanor
|-end|p1a: Dlanor|Quark Drive|[silent]
|
|upkeep
|
|t:|1758332780
|switch|p1a: Ronove|Indeedee, M|100/100
|turn|4
|
|t:|1758332791
|switch|p2a: Kingambit|Kingambit, M|100/100
|move|p1a: Ronove|Trick Room|p1a: Ronove
|-fieldstart|move: Trick Room|[of] p1a: Ronove
|
|upkeep
|turn|5
|
|t:|1758332801
|switch|p1a: Battler|Ursaluna, M, shiny|100/100
|move|p2a: Kingambit|Kowtow Cleave|p1a: Battler
|-damage|p1a: Battler|63/100
|
|-status|p1a: Battler|brn|[from] item: Flame Orb
|upkeep
|turn|6
|inactive|sophiebrouwer has 120 seconds left.
|
|t:|1758332832
|-end|p2a: Kingambit|fallenundefined|[silent]
|switch|p2a: Landorus|Landorus-Therian, M|1/100
|-ability|p2a: Landorus|Intimidate|boost
|-unboost|p1a: Battler|atk|1
|move|p1a: Battler|Headlong Rush|p2a: Landorus
|-immune|p2a: Landorus
|
|-damage|p1a: Battler|57/100 brn|[from] brn
|upkeep
|turn|7
|
|t:|1758332858
|switch|p2a: Dragapult|Dragapult, F|100/100
|move|p1a: Battler|Ice Punch|p2a: Dragapult
|-supereffective|p2a: Dragapult
|-damage|p2a: Dragapult|22/100
|
|-damage|p1a: Battler|51/100 brn|[from] brn
|upkeep
|turn|8
|
|t:|1758332868
|switch|p2a: Landorus|Landorus-Therian, M|1/100
|-ability|p2a: Landorus|Intimidate|boost
|-unboost|p1a: Battler|atk|1
|move|p1a: Battler|Ice Punch|p2a: Landorus
|-supereffective|p2a: Landorus
|-damage|p2a: Landorus|0 fnt
|-damage|p1a: Battler|35/100 brn|[from] item: Rocky Helmet|[of] p2a: Landorus
|faint|p2a: Landorus
|
|-damage|p1a: Battler|29/100 brn|[from] brn
|-fieldend|move: Trick Room
|-fieldend|move: Psychic Terrain
|upkeep
|inactive|sophiebrouwer has 90 seconds left.
|
|t:|1758332893
|switch|p2a: Ogerpon|Ogerpon-Wellspring, F|100/100
|turn|9
|
|t:|1758332899
|switch|p1a: Sakutaro|Mimikyu, M|100/100
|move|p2a: Ogerpon|Ivy Cudgel|p1a: Sakutaro|[anim] Ivy Cudgel Water
|-activate|p1a: Sakutaro|ability: Disguise
|-damage|p1a: Sakutaro|100/100
|detailschange|p1a: Sakutaro|Mimikyu-Busted, M
|-damage|p1a: Sakutaro|88/100|[from] pokemon: Mimikyu-Busted
|-enditem|p1a: Sakutaro|Red Card|[of] p2a: Ogerpon
|drag|p2a: Glimmora|Glimmora, M|100/100
|
|upkeep
|turn|10
|
|t:|1758332913
|move|p2a: Glimmora|Meteor Beam||[still]
|-prepare|p2a: Glimmora|Meteor Beam
|-boost|p2a: Glimmora|spa|1
|-enditem|p2a: Glimmora|Power Herb
|-anim|p2a: Glimmora|Meteor Beam|p1a: Sakutaro|[miss]
|-miss|p2a: Glimmora|p1a: Sakutaro
|move|p1a: Sakutaro|Trick Room|p1a: Sakutaro
|-fieldstart|move: Trick Room|[of] p1a: Sakutaro
|
|upkeep
|turn|11
|
|t:|1758332928
|move|p1a: Sakutaro|Destiny Bond|p1a: Sakutaro
|-singlemove|p1a: Sakutaro|Destiny Bond
|move|p2a: Glimmora|Power Gem|p1a: Sakutaro
|-damage|p1a: Sakutaro|14/100
|
|upkeep
|turn|12
|
|t:|1758332935
|move|p2a: Glimmora|Earth Power|p1a: Sakutaro
|-damage|p1a: Sakutaro|0 fnt
|faint|p1a: Sakutaro
|-activate|p1a: Sakutaro|move: Destiny Bond
|faint|p2a: Glimmora
|
|upkeep
|c|☆sophiebrouwer|what
|c|☆sophiebrouwer|i thought destiny bond only works on same turn
|c|☆uber-mom|trick room has negative priority
|inactive|sophiebrouwer has 90 seconds left.
|
|t:|1758332975
|switch|p1a: Ronove|Indeedee, M|100/100
|switch|p2a: Kingambit|Kingambit, M|100/100
|-activate|p2a: Kingambit|ability: Supreme Overlord
|-start|p2a: Kingambit|fallen2|[silent]
|-fieldstart|move: Psychic Terrain|[from] ability: Psychic Surge|[of] p1a: Ronove
|turn|13
|c|☆uber-mom|dbond ends when you take your turn
|c|☆uber-mom|not at the end
|
|t:|1758333005
|move|p2a: Kingambit|Kowtow Cleave|p1a: Ronove
|-supereffective|p1a: Ronove
|-damage|p1a: Ronove|0 fnt
|faint|p1a: Ronove
|
|upkeep
|inactive|uber-mom has 120 seconds left.
|
|t:|1758333022
|switch|p1a: Battler|Ursaluna, M, shiny|29/100 brn
|turn|14
|
|t:|1758333027
|move|p2a: Kingambit|Sucker Punch|p1a: Battler
|-activate|p1a: Battler|move: Psychic Terrain
|move|p1a: Battler|Headlong Rush|p2a: Kingambit
|-supereffective|p2a: Kingambit
|-damage|p2a: Kingambit|0 fnt
|-unboost|p1a: Battler|def|1
|-unboost|p1a: Battler|spd|1
|faint|p2a: Kingambit
|-end|p2a: Kingambit|fallen2|[silent]
|
|-damage|p1a: Battler|23/100 brn|[from] brn
|-fieldend|move: Trick Room
|upkeep
|inactive|sophiebrouwer has 90 seconds left.
|
|t:|1758333043
|switch|p2a: Ogerpon|Ogerpon-Wellspring, F|100/100
|turn|15
|
|t:|1758333054
|move|p2a: Ogerpon|Ivy Cudgel|p1a: Battler|[anim] Ivy Cudgel Water
|-supereffective|p1a: Battler
|-damage|p1a: Battler|0 fnt
|faint|p1a: Battler
|
|upkeep
|
|t:|1758333056
|switch|p1a: Beato|Hatterene, F, shiny|100/100
|turn|16
|
|t:|1758333060
|move|p2a: Ogerpon|Ivy Cudgel|p1a: Beato|[anim] Ivy Cudgel Water
|-damage|p1a: Beato|37/100
|move|p1a: Beato|Trick Room|p1a: Beato
|-fieldstart|move: Trick Room|[of] p1a: Beato
|
|upkeep
|turn|17
|
|t:|1758333073
|-terastallize|p1a: Beato|Stellar
|-terastallize|p2a: Ogerpon|Water
|detailschange|p2a: Ogerpon|Ogerpon-Wellspring-Tera, F, tera:Water
|-ability|p2a: Ogerpon|Embody Aspect (Wellspring)|boost
|-boost|p2a: Ogerpon|spd|1
|move|p1a: Beato|Expanding Force|p2a: Ogerpon
|-damage|p2a: Ogerpon|0 fnt
|faint|p2a: Ogerpon
|detailschange|p2: Ogerpon|Ogerpon-Wellspring, F|[silent]
|-damage|p1a: Beato|27/100|[from] item: Life Orb
|
|upkeep
|
|t:|1758333078
|switch|p2a: Iron Valiant|Iron Valiant|100/100
|-enditem|p2a: Iron Valiant|Booster Energy
|-activate|p2a: Iron Valiant|ability: Quark Drive|[fromitem]
|-start|p2a: Iron Valiant|quarkdrivespe
|turn|18
|
|t:|1758333085
|move|p1a: Beato|Draining Kiss|p2a: Iron Valiant
|-supereffective|p2a: Iron Valiant
|-damage|p2a: Iron Valiant|0 fnt
|-heal|p1a: Beato|96/100|[from] drain|[of] p2a: Iron Valiant
|faint|p2a: Iron Valiant
|-end|p2a: Iron Valiant|Quark Drive|[silent]
|-damage|p1a: Beato|86/100|[from] item: Life Orb
|
|upkeep
|l|☆sophiebrouwer
|inactive|sophiebrouwer disconnected and has a minute to reconnect!
|player|p2|
|inactive|sophiebrouwer has 30 seconds to reconnect!
|inactive|sophiebrouwer has 20 seconds to reconnect!
|inactive|sophiebrouwer has 15 seconds to reconnect!
|inactive|sophiebrouwer has 10 seconds to reconnect!
|inactive|sophiebrouwer has 5 seconds to reconnect!
|-message|sophiebrouwer lost due to inactivity.
|
|win|uber-mom
|raw|uber-mom's rating: 1580 &rarr; <strong>1602</strong><br />(+22 for winning)
|raw|sophiebrouwer's rating: 1609 &rarr; <strong>1587</strong><br />(-22 for losing)
|l|☆uber-mom
|player|p1|
