|j|☆bigzawg
|j|☆mrgentwo
|t:|1758293762
|gametype|singles
|player|p1|bigzawg|skier|1122
|player|p2|mrgentwo|ethan|1156
|gen|9
|tier|[Gen 9] OU
|rated|
|rule|HP Percentage Mod: HP is shown in percentages
|rule|Endless Battle Clause: Forcing endless battles is banned
|rule|Species Clause: Limit one of each Pokémon
|rule|OHKO Clause: OHKO moves are banned
|rule|Evasion Items Clause: Evasion items are banned
|rule|Evasion Moves Clause: Evasion moves are banned
|rule|Evasion Abilities Clause: Evasion abilities are banned
|rule|Sleep Moves Clause: Sleep-inducing moves are banned
|clearpoke
|poke|p1|Great Tusk|
|poke|p1|Heatran, M|
|poke|p1|Weavile, M|
|poke|p1|Primarina, M|
|poke|p1|Ogerpon, F|
|poke|p1|Pecharunt|
|poke|p2|Espeon, F|
|poke|p2|Entei|
|poke|p2|Walking Wake|
|poke|p2|Suicune|
|poke|p2|Magcargo, M|
|poke|p2|Forretress, M|
|teampreview
|inactive|Battle timer is ON: inactive players will automatically lose when time's up. (requested by bigzawg)
|
|t:|1758293775
|teamsize|p1|6
|teamsize|p2|6
|start
|switch|p1a: Celestine|Primarina, M, shiny|100/100
|switch|p2a: Espeon|Espeon, F, shiny|100/100
|turn|1
|
|t:|1758293789
|move|p2a: Espeon|Trick|p1a: Celestine
|-activate|p2a: Espeon|move: Trick|[of] p1a: Celestine
|-item|p1a: Celestine|Choice Scarf|[from] move: Trick
|-item|p2a: Espeon|Assault Vest|[from] move: Trick
|move|p1a: Celestine|Whirlpool|p2a: Espeon
|-damage|p2a: Espeon|86/100
|-activate|p2a: Espeon|move: Whirlpool|[of] p1a: Celestine
|
|-damage|p2a: Espeon|74/100|[from] move: Whirlpool|[partiallytrapped]
|upkeep
|turn|2
|
|t:|1758293798
|move|p2a: Espeon|Psychic|p1a: Celestine
|-damage|p1a: Celestine|66/100
|move|p1a: Celestine|Whirlpool|p2a: Espeon
|-damage|p2a: Espeon|58/100
|
|-damage|p2a: Espeon|46/100|[from] move: Whirlpool|[partiallytrapped]
|upkeep
|turn|3
|
|t:|1758293802
|move|p2a: Espeon|Psychic|p1a: Celestine
|-damage|p1a: Celestine|31/100
|move|p1a: Celestine|Whirlpool|p2a: Espeon
|-damage|p2a: Espeon|31/100
|
|-damage|p2a: Espeon|19/100|[from] move: Whirlpool|[partiallytrapped]
|upkeep
|turn|4
|
|t:|1758293805
|move|p2a: Espeon|Psychic|p1a: Celestine
|-damage|p1a: Celestine|0 fnt
|faint|p1a: Celestine
|
|-end|p2a: Espeon|Whirlpool|[partiallytrapped]|[silent]
|upkeep
|
|t:|1758293812
|switch|p1a: Overseer|Pecharunt|100/100
|turn|5
|
|t:|1758293822
|switch|p2a: Forretress|Forretress, M|100/100
|move|p1a: Overseer|Shadow Ball|p2a: Forretress
|-damage|p2a: Forretress|67/100
|
|upkeep
|turn|6
|
|t:|1758293834
|move|p1a: Overseer|Parting Shot|p2a: Forretress
|-unboost|p2a: Forretress|atk|1
|-unboost|p2a: Forretress|spa|1
|
|t:|1758293838
|switch|p1a: Chaos|Heatran, M, shiny|100/100|[from] Parting Shot
|-item|p1a: Chaos|Air Balloon
|move|p2a: Forretress|Toxic Spikes|p1a: Chaos
|-sidestart|p1: bigzawg|move: Toxic Spikes
|
|upkeep
|turn|7
|
|t:|1758293849
|switch|p2a: Espeon|Espeon, F, shiny|19/100
|move|p1a: Chaos|Stealth Rock|p2a: Espeon
|move|p2a: Espeon|Stealth Rock|p1a: Chaos|[from] ability: Magic Bounce
|-sidestart|p1: bigzawg|move: Stealth Rock
|
|upkeep
|turn|8
|
|t:|1758293861
|switch|p2a: Suicune|Suicune, shiny|100/100
|-ability|p2a: Suicune|Pressure
|move|p1a: Chaos|Taunt|p2a: Suicune
|-start|p2a: Suicune|move: Taunt
|
|upkeep
|turn|9
|
|t:|1758293872
|switch|p1a: Anonymous|Ogerpon, F|100/100
|-status|p1a: Anonymous|psn
|-damage|p1a: Anonymous|88/100 psn|[from] Stealth Rock
|move|p2a: Suicune|Scald|p1a: Anonymous
|-resisted|p1a: Anonymous
|-damage|p1a: Anonymous|66/100 psn
|
|-damage|p1a: Anonymous|54/100 psn|[from] psn
|upkeep
|turn|10
|
|t:|1758293887
|switch|p2a: Espeon|Espeon, F, shiny|19/100
|move|p1a: Anonymous|Knock Off|p2a: Espeon
|-supereffective|p2a: Espeon
|-damage|p2a: Espeon|0 fnt
|-enditem|p2a: Espeon|Assault Vest|[from] move: Knock Off|[of] p1a: Anonymous
|faint|p2a: Espeon
|
|-damage|p1a: Anonymous|42/100 psn|[from] psn
|upkeep
|
|t:|1758293899
|switch|p2a: Entei|Entei, shiny|100/100
|-ability|p2a: Entei|Pressure
|turn|11
|
|t:|1758293905
|-terastallize|p2a: Entei|Normal
|move|p2a: Entei|Extreme Speed|p1a: Anonymous
|-damage|p1a: Anonymous|0 fnt
|faint|p1a: Anonymous
|
|upkeep
|
|t:|1758293909
|switch|p1a: Overseer|Pecharunt|100/100
|-sideend|p1: bigzawg|move: Toxic Spikes|[of] p1a: Overseer
|-damage|p1a: Overseer|88/100|[from] Stealth Rock
|turn|12
|
|t:|1758293917
|switch|p2a: Forretress|Forretress, M|67/100
|move|p1a: Overseer|Malignant Chain|p2a: Forretress
|-immune|p2a: Forretress
|
|upkeep
|turn|13
|
|t:|1758293926
|move|p1a: Overseer|Shadow Ball|p2a: Forretress
|-damage|p2a: Forretress|28/100
|-unboost|p2a: Forretress|spd|1
|move|p2a: Forretress|Thunder Wave|p1a: Overseer|[miss]
|-miss|p2a: Forretress|p1a: Overseer
|
|upkeep
|turn|14
|
|t:|1758293937
|move|p1a: Overseer|Malignant Chain|p2a: Forretress
|-immune|p2a: Forretress
|move|p2a: Forretress|Thunder Wave|p1a: Overseer
|-status|p1a: Overseer|par
|
|upkeep
|turn|15
|
|t:|1758293943
|move|p2a: Forretress|Toxic Spikes|p1a: Overseer
|-sidestart|p1: bigzawg|move: Toxic Spikes
|move|p1a: Overseer|Shadow Ball|p2a: Forretress
|-damage|p2a: Forretress|0 fnt
|faint|p2a: Forretress
|
|upkeep
|
|t:|1758293971
|switch|p2a: Entei|Entei, shiny, tera:Normal|100/100
|-ability|p2a: Entei|Pressure
|turn|16
|
|t:|1758293977
|move|p2a: Entei|Stone Edge|p1a: Overseer
|-damage|p1a: Overseer|66/100 par
|move|p1a: Overseer|Malignant Chain|p2a: Entei
|-damage|p2a: Entei|66/100
|
|upkeep
|turn|17
|
|t:|1758293990
|switch|p2a: Suicune|Suicune, shiny|100/100
|-ability|p2a: Suicune|Pressure
|move|p1a: Overseer|Malignant Chain|p2a: Suicune
|-damage|p2a: Suicune|77/100
|
|upkeep
|turn|18
|
|t:|1758293997
|move|p2a: Suicune|Calm Mind|p2a: Suicune
|-boost|p2a: Suicune|spa|1
|-boost|p2a: Suicune|spd|1
|move|p1a: Overseer|Parting Shot|p2a: Suicune
|-unboost|p2a: Suicune|atk|1
|-unboost|p2a: Suicune|spa|1
|
|t:|1758294004
|switch|p1a: Bandit|Weavile, M, shiny|100/100|[from] Parting Shot
|-damage|p1a: Bandit|76/100|[from] Stealth Rock
|-status|p1a: Bandit|psn
|-ability|p1a: Bandit|Pressure
|
|-damage|p1a: Bandit|63/100 psn|[from] psn
|upkeep
|turn|19
|
|t:|1758294024
|move|p1a: Bandit|Knock Off|p2a: Suicune
|-damage|p2a: Suicune|27/100
|-enditem|p2a: Suicune|Chesto Berry|[from] move: Knock Off|[of] p1a: Bandit
|move|p2a: Suicune|Scald|p1a: Bandit
|-damage|p1a: Bandit|17/100 psn
|
|-damage|p1a: Bandit|5/100 psn|[from] psn
|upkeep
|turn|20
|
|t:|1758294049
|switch|p2a: Entei|Entei, shiny, tera:Normal|66/100
|-ability|p2a: Entei|Pressure
|move|p1a: Bandit|Knock Off|p2a: Entei
|-damage|p2a: Entei|0 fnt
|-enditem|p2a: Entei|Choice Band|[from] move: Knock Off|[of] p1a: Bandit
|faint|p2a: Entei
|
|-damage|p1a: Bandit|0 fnt|[from] psn
|faint|p1a: Bandit
|upkeep
|inactive|mrgentwo has 120 seconds left.
|
|t:|1758294066
|switch|p1a: Behemoth|Great Tusk, shiny|100/100
|switch|p2a: Walking Wake|Walking Wake|100/100
|-enditem|p2a: Walking Wake|Booster Energy
|-activate|p2a: Walking Wake|ability: Protosynthesis|[fromitem]
|-start|p2a: Walking Wake|protosynthesisspa
|turn|21
|
|t:|1758294077
|move|p2a: Walking Wake|Hydro Steam|p1a: Behemoth
|-supereffective|p1a: Behemoth
|-damage|p1a: Behemoth|0 fnt
|faint|p1a: Behemoth
|-end|p1a: Behemoth|Protosynthesis|[silent]
|
|upkeep
|
|t:|1758294082
|switch|p1a: Overseer|Pecharunt|66/100 par
|-damage|p1a: Overseer|54/100 par|[from] Stealth Rock
|-sideend|p1: bigzawg|move: Toxic Spikes|[of] p1a: Overseer
|turn|22
|
|t:|1758294085
|move|p2a: Walking Wake|Hydro Steam|p1a: Overseer
|-damage|p1a: Overseer|3/100 par
|move|p1a: Overseer|Recover|p1a: Overseer
|-heal|p1a: Overseer|53/100 par
|
|upkeep
|turn|23
|
|t:|1758294092
|move|p2a: Walking Wake|Draco Meteor|p1a: Overseer
|-damage|p1a: Overseer|0 fnt
|-unboost|p2a: Walking Wake|spa|2
|faint|p1a: Overseer
|
|upkeep
|
|t:|1758294094
|switch|p1a: Chaos|Heatran, M, shiny|100/100
|-damage|p1a: Chaos|88/100|[from] Stealth Rock
|-item|p1a: Chaos|Air Balloon
|turn|24
|
|t:|1758294105
|-terastallize|p1a: Chaos|Fairy
|move|p2a: Walking Wake|Hydro Steam|p1a: Chaos
|-damage|p1a: Chaos|63/100
|-enditem|p1a: Chaos|Air Balloon
|move|p1a: Chaos|Earth Power|p2a: Walking Wake
|-damage|p2a: Walking Wake|58/100
|
|upkeep
|turn|25
|
|t:|1758294114
|move|p2a: Walking Wake|Hydro Steam|p1a: Chaos
|-damage|p1a: Chaos|35/100
|move|p1a: Chaos|Earth Power|p2a: Walking Wake
|-crit|p2a: Walking Wake
|-damage|p2a: Walking Wake|0 fnt
|faint|p2a: Walking Wake
|-end|p2a: Walking Wake|Protosynthesis|[silent]
|
|upkeep
|
|t:|1758294123
|switch|p2a: Magcargo|Magcargo, M|100/100
|turn|26
|
|t:|1758294133
|move|p1a: Chaos|Earth Power|p2a: Magcargo
|-supereffective|p2a: Magcargo
|-damage|p2a: Magcargo|0 fnt
|faint|p2a: Magcargo
|
|upkeep
|
|t:|1758294137
|switch|p2a: Suicune|Suicune, shiny|27/100
|-ability|p2a: Suicune|Pressure
|turn|27
|
|t:|1758294140
|move|p1a: Chaos|Earth Power|p2a: Suicune
|-damage|p2a: Suicune|3/100
|move|p2a: Suicune|Rest|p2a: Suicune
|-status|p2a: Suicune|slp|[from] move: Rest
|-heal|p2a: Suicune|100/100 slp|[silent]
|
|upkeep
|turn|28
|
|t:|1758294154
|move|p1a: Chaos|Earth Power|p2a: Suicune
|-damage|p2a: Suicune|78/100 slp
|cant|p2a: Suicune|slp
|
|upkeep
|turn|29
|
|t:|1758294160
|move|p1a: Chaos|Magma Storm|p2a: Suicune
|-resisted|p2a: Suicune
|-damage|p2a: Suicune|60/100 slp
|-activate|p2a: Suicune|move: Magma Storm|[of] p1a: Chaos
|cant|p2a: Suicune|slp
|
|-damage|p2a: Suicune|47/100 slp|[from] move: Magma Storm|[partiallytrapped]
|upkeep
|turn|30
|
|t:|1758294165
|move|p1a: Chaos|Earth Power|p2a: Suicune
|-damage|p2a: Suicune|23/100 slp
|-curestatus|p2a: Suicune|slp|[msg]
|move|p2a: Suicune|Scald|p1a: Chaos
|-damage|p1a: Chaos|0 fnt
|faint|p1a: Chaos
|
|win|mrgentwo
|raw|bigzawg's rating: 1122 &rarr; <strong>1099</strong><br />(-23 for losing)
|raw|mrgentwo's rating: 1156 &rarr; <strong>1179</strong><br />(+23 for winning)
|l|☆bigzawg
|player|p1|
