|j|☆ashy_tony
|j|☆ChanceMT
|t:|1758313953
|gametype|singles
|player|p1|ashy_tony|biker-gen4|1343
|player|p2|ChanceMT|266|1333
|gen|9
|tier|[Gen 9] OU
|rated|
|rule|HP Percentage Mod: HP is shown in percentages
|rule|Endless Battle Clause: Forcing endless battles is banned
|rule|Species Clause: Limit one of each Pokémon
|rule|OHKO Clause: OHKO moves are banned
|rule|Evasion Items Clause: Evasion items are banned
|rule|Evasion Moves Clause: Evasion moves are banned
|rule|Evasion Abilities Clause: Evasion abilities are banned
|rule|Sleep Moves Clause: Sleep-inducing moves are banned
|clearpoke
|poke|p1|Okidogi, M|
|poke|p1|Hatterene, F|
|poke|p1|Slowking, F|
|poke|p1|Arboliva, F|
|poke|p1|Incineroar, M|
|poke|p1|Dusclops, F|
|poke|p2|Slowking-Galar, M|
|poke|p2|Hydrapple, F|
|poke|p2|Tornadus-Therian, M|
|poke|p2|Ting-Lu|
|poke|p2|Corviknight, F|
|poke|p2|Dondozo, M|
|teampreview
|inactive|Battle timer is ON: inactive players will automatically lose when time's up. (requested by ChanceMT)
|inactive|ChanceMT has 120 seconds left.
|
|t:|1758313989
|teamsize|p1|6
|teamsize|p2|6
|start
|switch|p1a: Incineroar|Incineroar, M|100/100
|switch|p2a: Tornadus|Tornadus-Therian, M|100/100
|-ability|p1a: Incineroar|Intimidate|boost
|-unboost|p2a: Tornadus|atk|1
|turn|1
|
|t:|1758313999
|move|p2a: Tornadus|Bleakwind Storm|p1a: Incineroar
|-damage|p1a: Incineroar|73/100
|move|p1a: Incineroar|Knock Off|p2a: Tornadus
|-damage|p2a: Tornadus|61/100
|-enditem|p2a: Tornadus|Heavy-Duty Boots|[from] move: Knock Off|[of] p1a: Incineroar
|
|upkeep
|turn|2
|
|t:|1758314010
|move|p2a: Tornadus|Nasty Plot|p2a: Tornadus
|-boost|p2a: Tornadus|spa|2
|move|p1a: Incineroar|Parting Shot|p2a: Tornadus
|-unboost|p2a: Tornadus|atk|1
|-unboost|p2a: Tornadus|spa|1
|
|t:|1758314035
|switch|p1a: Slowking|Slowking, F|100/100|[from] Parting Shot
|
|upkeep
|turn|3
|
|t:|1758314043
|move|p2a: Tornadus|Taunt|p1a: Slowking
|-start|p1a: Slowking|move: Taunt
|cant|p1a: Slowking|move: Taunt|Trick Room
|
|upkeep
|turn|4
|
|t:|1758314055
|move|p2a: Tornadus|Dark Pulse|p1a: Slowking
|-supereffective|p1a: Slowking
|-damage|p1a: Slowking|68/100
|move|p1a: Slowking|Scald|p2a: Tornadus
|-damage|p2a: Tornadus|31/100
|
|upkeep
|turn|5
|
|t:|1758314067
|move|p2a: Tornadus|Nasty Plot|p2a: Tornadus
|-boost|p2a: Tornadus|spa|2
|move|p1a: Slowking|Scald|p2a: Tornadus
|-damage|p2a: Tornadus|2/100
|
|-end|p1a: Slowking|move: Taunt
|upkeep
|turn|6
|
|t:|1758314077
|move|p2a: Tornadus|Dark Pulse|p1a: Slowking
|-supereffective|p1a: Slowking
|-damage|p1a: Slowking|12/100
|move|p1a: Slowking|Scald|p2a: Tornadus
|-damage|p2a: Tornadus|0 fnt
|faint|p2a: Tornadus
|
|upkeep
|
|t:|1758314091
|switch|p2a: Hydrapple|Hydrapple, F|100/100
|turn|7
|
|t:|1758314107
|switch|p1a: Arboliva|Arboliva, F|100/100
|-terastallize|p2a: Hydrapple|Fairy
|move|p2a: Hydrapple|Tera Blast|p1a: Arboliva|[anim] Tera Blast Fairy
|-damage|p1a: Arboliva|57/100
|-fieldstart|move: Grassy Terrain|[from] ability: Seed Sower|[of] p1a: Arboliva
|-enditem|p1a: Arboliva|Eject Button
|inactive|ashy_tony has 120 seconds left.
|
|t:|1758314144
|switch|p1a: Hatterene|Hatterene, F|100/100
|
|upkeep
|turn|8
|
|t:|1758314153
|move|p2a: Hydrapple|Tera Blast|p1a: Hatterene|[anim] Tera Blast Fairy
|-damage|p1a: Hatterene|59/100
|move|p1a: Hatterene|Mystical Fire|p2a: Hydrapple
|-damage|p2a: Hydrapple|71/100
|-unboost|p2a: Hydrapple|spa|1
|
|-heal|p2a: Hydrapple|77/100|[from] Grassy Terrain
|-heal|p1a: Hatterene|65/100|[from] Grassy Terrain
|upkeep
|turn|9
|
|t:|1758314164
|switch|p2a: Ting-Lu|Ting-Lu|100/100
|-ability|p2a: Ting-Lu|Vessel of Ruin
|move|p1a: Hatterene|Draining Kiss|p2a: Ting-Lu
|-supereffective|p2a: Ting-Lu
|-damage|p2a: Ting-Lu|75/100
|-heal|p1a: Hatterene|96/100|[from] drain|[of] p2a: Ting-Lu
|
|-heal|p2a: Ting-Lu|81/100|[from] Grassy Terrain
|-heal|p1a: Hatterene|100/100|[from] Grassy Terrain
|upkeep
|turn|10
|
|t:|1758314176
|move|p2a: Ting-Lu|Heavy Slam|p1a: Hatterene
|-supereffective|p1a: Hatterene
|-damage|p1a: Hatterene|1/100
|move|p1a: Hatterene|Draining Kiss|p2a: Ting-Lu
|-supereffective|p2a: Ting-Lu
|-damage|p2a: Ting-Lu|58/100
|-heal|p1a: Hatterene|29/100|[from] drain|[of] p2a: Ting-Lu
|
|-heal|p2a: Ting-Lu|64/100|[from] Grassy Terrain
|-heal|p1a: Hatterene|35/100|[from] Grassy Terrain
|upkeep
|turn|11
|
|t:|1758314186
|switch|p1a: Incineroar|Incineroar, M|73/100
|-ability|p1a: Incineroar|Intimidate|boost
|-unboost|p2a: Ting-Lu|atk|1
|move|p2a: Ting-Lu|Heavy Slam|p1a: Incineroar
|-resisted|p1a: Incineroar
|-damage|p1a: Incineroar|60/100
|-damage|p2a: Ting-Lu|47/100|[from] item: Rocky Helmet|[of] p1a: Incineroar
|
|-heal|p1a: Incineroar|66/100|[from] Grassy Terrain
|-heal|p2a: Ting-Lu|54/100|[from] Grassy Terrain
|-fieldend|move: Grassy Terrain
|upkeep
|turn|12
|inactive|ashy_tony has 120 seconds left.
|
|t:|1758314206
|move|p1a: Incineroar|Parting Shot|p2a: Ting-Lu
|-unboost|p2a: Ting-Lu|atk|1
|-unboost|p2a: Ting-Lu|spa|1
|
|t:|1758314211
|switch|p1a: Arboliva|Arboliva, F|57/100|[from] Parting Shot
|move|p2a: Ting-Lu|Earthquake|p1a: Arboliva
|-resisted|p1a: Arboliva
|-damage|p1a: Arboliva|45/100
|-fieldstart|move: Grassy Terrain|[from] ability: Seed Sower|[of] p1a: Arboliva
|
|-heal|p2a: Ting-Lu|60/100|[from] Grassy Terrain
|-heal|p1a: Arboliva|51/100|[from] Grassy Terrain
|upkeep
|turn|13
|inactive|ashy_tony has 120 seconds left.
|
|t:|1758314225
|switch|p2a: Slowking|Slowking-Galar, M|100/100
|move|p1a: Arboliva|Strength Sap|p2a: Slowking
|-unboost|p2a: Slowking|atk|1
|-heal|p1a: Arboliva|97/100
|
|-heal|p1a: Arboliva|100/100|[from] Grassy Terrain
|upkeep
|turn|14
|inactive|ashy_tony has 120 seconds left.
|
|t:|1758314235
|switch|p1a: Okidogi|Okidogi, M|100/100
|move|p2a: Slowking|Sludge Bomb|p1a: Okidogi
|-resisted|p1a: Okidogi
|-damage|p1a: Okidogi|82/100
|
|-heal|p1a: Okidogi|88/100|[from] Grassy Terrain
|upkeep
|turn|15
|inactive|ashy_tony has 120 seconds left.
|
|t:|1758314248
|move|p1a: Okidogi|Knock Off|p2a: Slowking
|-supereffective|p2a: Slowking
|-damage|p2a: Slowking|27/100
|-enditem|p2a: Slowking|Heavy-Duty Boots|[from] move: Knock Off|[of] p1a: Okidogi
|move|p2a: Slowking|Future Sight|p1a: Okidogi
|-start|p2a: Slowking|move: Future Sight
|
|-heal|p1a: Okidogi|94/100|[from] Grassy Terrain
|-heal|p2a: Slowking|33/100|[from] Grassy Terrain
|upkeep
|turn|16
|inactive|ashy_tony has 120 seconds left.
|
|t:|1758314263
|switch|p2a: Corviknight|Corviknight, F|100/100
|-ability|p2a: Corviknight|Pressure
|move|p1a: Okidogi|Knock Off|p2a: Corviknight
|-damage|p2a: Corviknight|79/100
|-enditem|p2a: Corviknight|Leftovers|[from] move: Knock Off|[of] p1a: Okidogi
|
|-heal|p1a: Okidogi|100/100|[from] Grassy Terrain
|-fieldend|move: Grassy Terrain
|upkeep
|turn|17
|inactive|ashy_tony has 120 seconds left.
|
|t:|1758314273
|switch|p1a: Incineroar|Incineroar, M|66/100
|-ability|p1a: Incineroar|Intimidate|boost
|-unboost|p2a: Corviknight|atk|1
|move|p2a: Corviknight|Body Press|p1a: Incineroar
|-supereffective|p1a: Incineroar
|-damage|p1a: Incineroar|12/100
|-damage|p2a: Corviknight|63/100|[from] item: Rocky Helmet|[of] p1a: Incineroar
|
|-end|p1a: Incineroar|move: Future Sight
|-immune|p1a: Incineroar
|upkeep
|turn|18
|inactive|ashy_tony has 120 seconds left.
|
|t:|1758314289
|switch|p2a: Slowking|Slowking-Galar, M|66/100
|switch|p1a: Dusclops|Dusclops, F|100/100
|-ability|p1a: Dusclops|Pressure
|
|upkeep
|turn|19
|inactive|ashy_tony has 120 seconds left.
|
|t:|1758314299
|move|p2a: Slowking|Future Sight|p1a: Dusclops
|-start|p2a: Slowking|move: Future Sight
|move|p1a: Dusclops|Trick Room|p1a: Dusclops
|-fieldstart|move: Trick Room|[of] p1a: Dusclops
|
|upkeep
|turn|20
|inactive|ashy_tony has 120 seconds left.
|
|t:|1758314312
|-prepare|p2a: Slowking|Chilly Reception|[premajor]
|move|p2a: Slowking|Chilly Reception|p2a: Slowking
|-weather|Snowscape
|
|t:|1758314319
|switch|p2a: Hydrapple|Hydrapple, F, tera:Fairy|100/100|[from] Chilly Reception
|move|p1a: Dusclops|Will-O-Wisp|p2a: Hydrapple
|-status|p2a: Hydrapple|brn
|
|-weather|Snowscape|[upkeep]
|-damage|p2a: Hydrapple|94/100 brn|[from] brn
|upkeep
|turn|21
|
|t:|1758314332
|move|p1a: Dusclops|Poltergeist|p2a: Hydrapple
|-activate|p2a: Hydrapple|move: Poltergeist|Choice Specs
|-damage|p2a: Hydrapple|73/100 brn
|move|p2a: Hydrapple|Tera Blast|p1a: Dusclops|[anim] Tera Blast Fairy
|-damage|p1a: Dusclops|59/100
|
|-weather|Snowscape|[upkeep]
|-end|p1a: Dusclops|move: Future Sight
|-damage|p1a: Dusclops|28/100
|-damage|p2a: Hydrapple|67/100 brn|[from] brn
|upkeep
|turn|22
|inactive|ashy_tony has 120 seconds left.
|
|t:|1758314347
|switch|p1a: Okidogi|Okidogi, M|100/100
|move|p2a: Hydrapple|Tera Blast|p1a: Okidogi|[anim] Tera Blast Fairy
|-damage|p1a: Okidogi|30/100
|
|-weather|Snowscape|[upkeep]
|-damage|p2a: Hydrapple|61/100 brn|[from] brn
|upkeep
|turn|23
|
|t:|1758314356
|switch|p2a: Corviknight|Corviknight, F|63/100
|-ability|p2a: Corviknight|Pressure
|move|p1a: Okidogi|Ice Punch|p2a: Corviknight
|-damage|p2a: Corviknight|45/100
|
|-weather|Snowscape|[upkeep]
|-fieldend|move: Trick Room
|upkeep
|turn|24
|
|t:|1758314372
|move|p1a: Okidogi|Drain Punch|p2a: Corviknight
|-damage|p2a: Corviknight|19/100
|-heal|p1a: Okidogi|44/100|[from] drain|[of] p2a: Corviknight
|move|p2a: Corviknight|Roost|p2a: Corviknight
|-heal|p2a: Corviknight|69/100
|-singleturn|p2a: Corviknight|move: Roost
|
|-weather|none
|upkeep
|turn|25
|
|t:|1758314384
|move|p1a: Okidogi|Bulk Up|p1a: Okidogi
|-boost|p1a: Okidogi|atk|1
|-boost|p1a: Okidogi|def|1
|move|p2a: Corviknight|Iron Defense|p2a: Corviknight
|-boost|p2a: Corviknight|def|2
|
|upkeep
|turn|26
|
|t:|1758314392
|move|p1a: Okidogi|Drain Punch|p2a: Corviknight
|-damage|p2a: Corviknight|50/100
|-heal|p1a: Okidogi|54/100|[from] drain|[of] p2a: Corviknight
|move|p2a: Corviknight|Body Press|p1a: Okidogi
|-resisted|p1a: Okidogi
|-damage|p1a: Okidogi|39/100
|
|upkeep
|turn|27
|
|t:|1758314400
|move|p1a: Okidogi|Bulk Up|p1a: Okidogi
|-boost|p1a: Okidogi|atk|1
|-boost|p1a: Okidogi|def|1
|move|p2a: Corviknight|Iron Defense|p2a: Corviknight
|-boost|p2a: Corviknight|def|2
|
|upkeep
|turn|28
|
|t:|1758314408
|move|p1a: Okidogi|Bulk Up|p1a: Okidogi
|-boost|p1a: Okidogi|atk|1
|-boost|p1a: Okidogi|def|1
|move|p2a: Corviknight|Body Press|p1a: Okidogi
|-resisted|p1a: Okidogi
|-damage|p1a: Okidogi|25/100
|
|upkeep
|turn|29
|
|t:|1758314416
|move|p1a: Okidogi|Drain Punch|p2a: Corviknight
|-damage|p2a: Corviknight|29/100
|-heal|p1a: Okidogi|36/100|[from] drain|[of] p2a: Corviknight
|move|p2a: Corviknight|Roost|p2a: Corviknight
|-heal|p2a: Corviknight|79/100
|-singleturn|p2a: Corviknight|move: Roost
|
|upkeep
|turn|30
|
|t:|1758314424
|move|p1a: Okidogi|Bulk Up|p1a: Okidogi
|-boost|p1a: Okidogi|atk|1
|-boost|p1a: Okidogi|def|1
|move|p2a: Corviknight|Iron Defense|p2a: Corviknight
|-boost|p2a: Corviknight|def|2
|
|upkeep
|turn|31
|
|t:|1758314430
|move|p1a: Okidogi|Bulk Up|p1a: Okidogi
|-boost|p1a: Okidogi|atk|1
|-boost|p1a: Okidogi|def|1
|move|p2a: Corviknight|Body Press|p1a: Okidogi
|-resisted|p1a: Okidogi
|-damage|p1a: Okidogi|24/100
|
|upkeep
|turn|32
|
|t:|1758314438
|move|p1a: Okidogi|Drain Punch|p2a: Corviknight
|-damage|p2a: Corviknight|59/100
|-heal|p1a: Okidogi|34/100|[from] drain|[of] p2a: Corviknight
|move|p2a: Corviknight|Body Press|p1a: Okidogi
|-resisted|p1a: Okidogi
|-damage|p1a: Okidogi|22/100
|
|upkeep
|turn|33
|
|t:|1758314446
|move|p1a: Okidogi|Bulk Up|p1a: Okidogi
|-boost|p1a: Okidogi|atk|1
|-boost|p1a: Okidogi|def|1
|move|p2a: Corviknight|Body Press|p1a: Okidogi
|-resisted|p1a: Okidogi
|-damage|p1a: Okidogi|11/100
|
|upkeep
|turn|34
|
|t:|1758314453
|move|p1a: Okidogi|Drain Punch|p2a: Corviknight
|-damage|p2a: Corviknight|34/100
|-heal|p1a: Okidogi|24/100|[from] drain|[of] p2a: Corviknight
|move|p2a: Corviknight|Body Press|p1a: Okidogi
|-resisted|p1a: Okidogi
|-damage|p1a: Okidogi|14/100
|
|upkeep
|turn|35
|
|t:|1758314461
|move|p1a: Okidogi|Drain Punch|p2a: Corviknight
|-damage|p2a: Corviknight|8/100
|-heal|p1a: Okidogi|28/100|[from] drain|[of] p2a: Corviknight
|move|p2a: Corviknight|Roost|p2a: Corviknight
|-heal|p2a: Corviknight|58/100
|-singleturn|p2a: Corviknight|move: Roost
|
|upkeep
|turn|36
|
|t:|1758314469
|move|p1a: Okidogi|Ice Punch|p2a: Corviknight
|-damage|p2a: Corviknight|40/100
|move|p2a: Corviknight|Roost|p2a: Corviknight
|-heal|p2a: Corviknight|90/100
|-singleturn|p2a: Corviknight|move: Roost
|
|upkeep
|turn|37
|
|t:|1758314477
|move|p1a: Okidogi|Ice Punch|p2a: Corviknight
|-damage|p2a: Corviknight|73/100
|move|p2a: Corviknight|Body Press|p1a: Okidogi
|-resisted|p1a: Okidogi
|-damage|p1a: Okidogi|19/100
|
|upkeep
|turn|38
|
|t:|1758314484
|move|p1a: Okidogi|Drain Punch|p2a: Corviknight
|-damage|p2a: Corviknight|48/100
|-heal|p1a: Okidogi|32/100|[from] drain|[of] p2a: Corviknight
|move|p2a: Corviknight|Body Press|p1a: Okidogi
|-resisted|p1a: Okidogi
|-damage|p1a: Okidogi|22/100
|
|upkeep
|turn|39
|
|t:|1758314492
|move|p1a: Okidogi|Ice Punch|p2a: Corviknight
|-crit|p2a: Corviknight
|-damage|p2a: Corviknight|0 fnt
|faint|p2a: Corviknight
|
|upkeep
|
|t:|1758314500
|switch|p2a: Dondozo|Dondozo, M|100/100
|turn|40
|
|t:|1758314505
|move|p1a: Okidogi|Drain Punch|p2a: Dondozo
|-damage|p2a: Dondozo|81/100
|-heal|p1a: Okidogi|35/100|[from] drain|[of] p2a: Dondozo
|move|p2a: Dondozo|Curse|p2a: Dondozo
|-unboost|p2a: Dondozo|spe|1
|-boost|p2a: Dondozo|atk|1
|-boost|p2a: Dondozo|def|1
|
|-heal|p2a: Dondozo|87/100|[from] item: Leftovers
|upkeep
|turn|41
|
|t:|1758314516
|switch|p1a: Arboliva|Arboliva, F|100/100
|move|p2a: Dondozo|Waterfall|p1a: Arboliva
|-resisted|p1a: Arboliva
|-damage|p1a: Arboliva|78/100
|-fieldstart|move: Grassy Terrain|[from] ability: Seed Sower|[of] p1a: Arboliva
|
|-heal|p1a: Arboliva|84/100|[from] Grassy Terrain
|-heal|p2a: Dondozo|93/100|[from] Grassy Terrain
|-heal|p2a: Dondozo|99/100|[from] item: Leftovers
|upkeep
|turn|42
|
|t:|1758314528
|switch|p2a: Hydrapple|Hydrapple, F, tera:Fairy|94/100 brn
|move|p1a: Arboliva|Giga Drain|p2a: Hydrapple
|-damage|p2a: Hydrapple|57/100 brn
|-heal|p1a: Arboliva|100/100|[from] drain|[of] p2a: Hydrapple
|
|-heal|p2a: Hydrapple|63/100 brn|[from] Grassy Terrain
|-damage|p2a: Hydrapple|57/100 brn|[from] brn
|upkeep
|turn|43
|
|t:|1758314541
|move|p2a: Hydrapple|Tera Blast|p1a: Arboliva|[anim] Tera Blast Fairy
|-damage|p1a: Arboliva|58/100
|move|p1a: Arboliva|Giga Drain|p2a: Hydrapple
|-damage|p2a: Hydrapple|13/100 brn
|-heal|p1a: Arboliva|83/100|[from] drain|[of] p2a: Hydrapple
|
|-heal|p2a: Hydrapple|19/100 brn|[from] Grassy Terrain
|-heal|p1a: Arboliva|89/100|[from] Grassy Terrain
|-damage|p2a: Hydrapple|13/100 brn|[from] brn
|upkeep
|turn|44
|
|t:|1758314552
|switch|p2a: Slowking|Slowking-Galar, M|99/100
|move|p1a: Arboliva|Giga Drain|p2a: Slowking
|-resisted|p2a: Slowking
|-damage|p2a: Slowking|87/100
|-heal|p1a: Arboliva|96/100|[from] drain|[of] p2a: Slowking
|
|-heal|p1a: Arboliva|100/100|[from] Grassy Terrain
|-heal|p2a: Slowking|93/100|[from] Grassy Terrain
|upkeep
|turn|45
|
|t:|1758314563
|switch|p1a: Incineroar|Incineroar, M|12/100
|-ability|p1a: Incineroar|Intimidate|boost
|-unboost|p2a: Slowking|atk|1
|move|p2a: Slowking|Future Sight|p1a: Incineroar
|-start|p2a: Slowking|move: Future Sight
|
|-heal|p1a: Incineroar|18/100|[from] Grassy Terrain
|-heal|p2a: Slowking|99/100|[from] Grassy Terrain
|-fieldend|move: Grassy Terrain
|upkeep
|turn|46
|
|t:|1758314570
|move|p1a: Incineroar|Parting Shot|p2a: Slowking
|-unboost|p2a: Slowking|atk|1
|-unboost|p2a: Slowking|spa|1
|-message|ashy_tony forfeited.
|
|win|ChanceMT
|raw|ashy_tony's rating: 1343 &rarr; <strong>1322</strong><br />(-21 for losing)
|raw|ChanceMT's rating: 1333 &rarr; <strong>1354</strong><br />(+21 for winning)
|l|☆ashy_tony
|player|p1|
|l|☆ChanceMT
|player|p2|
