|j|☆Un Sospiro
|j|☆takeyouout
|t:|1758256303
|gametype|singles
|player|p1|Un Sospiro|266|1543
|player|p2|takeyouout|richboy|1533
|gen|9
|tier|[Gen 9] OU
|rated|
|rule|HP Percentage Mod: HP is shown in percentages
|rule|Endless Battle Clause: Forcing endless battles is banned
|rule|Species Clause: Limit one of each Pokémon
|rule|OHKO Clause: OHKO moves are banned
|rule|Evasion Items Clause: Evasion items are banned
|rule|Evasion Moves Clause: Evasion moves are banned
|rule|Evasion Abilities Clause: Evasion abilities are banned
|rule|Sleep Moves Clause: Sleep-inducing moves are banned
|clearpoke
|poke|p1|Torkoal, M|
|poke|p1|Walking Wake|
|poke|p1|Iron Moth|
|poke|p1|Rillaboom, F|
|poke|p1|Great Tusk|
|poke|p1|Hatterene, F|
|poke|p2|Tyranitar, F|
|poke|p2|Garganacl, M|
|poke|p2|Deoxys-Speed|
|poke|p2|Alomomola, F|
|poke|p2|Excadrill, M|
|poke|p2|Tornadus-Therian, M|
|teampreview
|
|t:|1758256306
|teamsize|p1|6
|teamsize|p2|6
|start
|switch|p1a: Banshoman|Torkoal, M|100/100
|switch|p2a: Sri Lanka|Tornadus-Therian, M|100/100
|-weather|SunnyDay|[from] ability: Drought|[of] p1a: Banshoman
|turn|1
|
|t:|1758256310
|switch|p1a: In-N-Out|Hatterene, F|100/100
|move|p2a: Sri Lanka|Bleakwind Storm|p1a: In-N-Out
|-damage|p1a: In-N-Out|35/100
|-enditem|p1a: In-N-Out|Eject Button
|-damage|p2a: Sri Lanka|90/100|[from] item: Life Orb
|
|t:|1758256314
|switch|p1a: Mr. Conductor|Walking Wake|100/100
|-activate|p1a: Mr. Conductor|ability: Protosynthesis
|-start|p1a: Mr. Conductor|protosynthesisspe
|
|-weather|SunnyDay|[upkeep]
|upkeep
|turn|2
|
|t:|1758256318
|-end|p1a: Mr. Conductor|Protosynthesis|[silent]
|switch|p1a: Metro|Rillaboom, F|100/100
|-fieldstart|move: Grassy Terrain|[from] ability: Grassy Surge|[of] p1a: Metro
|switch|p2a: Molllllyyyyy|Alomomola, F, shiny|100/100
|
|-weather|SunnyDay|[upkeep]
|upkeep
|turn|3
|
|t:|1758256322
|switch|p2a: Sri Lanka|Tornadus-Therian, M|100/100
|move|p1a: Metro|Swords Dance|p1a: Metro
|-boost|p1a: Metro|atk|2
|
|-weather|SunnyDay|[upkeep]
|upkeep
|turn|4
|
|t:|1758256328
|-terastallize|p1a: Metro|Grass
|move|p1a: Metro|Grassy Glide|p2a: Sri Lanka
|-resisted|p2a: Sri Lanka
|-damage|p2a: Sri Lanka|13/100
|-damage|p1a: Metro|91/100|[from] item: Life Orb
|move|p2a: Sri Lanka|Bleakwind Storm|p1a: Metro
|-supereffective|p1a: Metro
|-damage|p1a: Metro|0 fnt
|faint|p1a: Metro
|-damage|p2a: Sri Lanka|3/100|[from] item: Life Orb
|
|-weather|SunnyDay|[upkeep]
|upkeep
|
|t:|1758256335
|switch|p1a: Thimotée|Iron Moth|100/100
|-enditem|p1a: Thimotée|Booster Energy
|-activate|p1a: Thimotée|ability: Quark Drive|[fromitem]
|-start|p1a: Thimotée|quarkdrivespe
|turn|5
|
|t:|1758256347
|switch|p2a: Broomhilda|Tyranitar, F, shiny|100/100
|-weather|Sandstorm|[from] ability: Sand Stream|[of] p2a: Broomhilda
|move|p1a: Thimotée|Fiery Dance|p2a: Broomhilda
|-resisted|p2a: Broomhilda
|-damage|p2a: Broomhilda|92/100
|-boost|p1a: Thimotée|spa|1
|
|-weather|Sandstorm|[upkeep]
|-damage|p1a: Thimotée|95/100|[from] Sandstorm
|-heal|p1a: Thimotée|100/100|[from] Grassy Terrain
|-heal|p2a: Broomhilda|98/100|[from] Grassy Terrain
|upkeep
|turn|6
|
|t:|1758256350
|move|p1a: Thimotée|Dazzling Gleam|p2a: Broomhilda
|-supereffective|p2a: Broomhilda
|-damage|p2a: Broomhilda|60/100
|move|p2a: Broomhilda|Stealth Rock|p1a: Thimotée
|-sidestart|p1: Un Sospiro|move: Stealth Rock
|
|-weather|Sandstorm|[upkeep]
|-damage|p1a: Thimotée|95/100|[from] Sandstorm
|-heal|p1a: Thimotée|100/100|[from] Grassy Terrain
|-heal|p2a: Broomhilda|66/100|[from] Grassy Terrain
|-fieldend|move: Grassy Terrain
|upkeep
|turn|7
|
|t:|1758256352
|move|p1a: Thimotée|Dazzling Gleam|p2a: Broomhilda
|-supereffective|p2a: Broomhilda
|-damage|p2a: Broomhilda|32/100
|move|p2a: Broomhilda|Knock Off|p1a: Thimotée
|-damage|p1a: Thimotée|60/100
|
|-weather|Sandstorm|[upkeep]
|-damage|p1a: Thimotée|54/100|[from] Sandstorm
|upkeep
|turn|8
|
|t:|1758256354
|switch|p2a: Starscream|Excadrill, M|100/100
|move|p1a: Thimotée|Dazzling Gleam|p2a: Starscream
|-resisted|p2a: Starscream
|-damage|p2a: Starscream|74/100
|
|-weather|Sandstorm|[upkeep]
|-damage|p1a: Thimotée|48/100|[from] Sandstorm
|upkeep
|turn|9
|
|t:|1758256357
|move|p2a: Starscream|Earthquake|p1a: Thimotée
|-supereffective|p1a: Thimotée
|-damage|p1a: Thimotée|0 fnt
|faint|p1a: Thimotée
|-end|p1a: Thimotée|Quark Drive|[silent]
|
|-weather|none
|upkeep
|
|t:|1758256360
|switch|p1a: Mr. Conductor|Walking Wake|100/100
|-damage|p1a: Mr. Conductor|88/100|[from] Stealth Rock
|turn|10
|
|t:|1758256362
|switch|p2a: Molllllyyyyy|Alomomola, F, shiny|100/100
|move|p1a: Mr. Conductor|Dragon Pulse|p2a: Molllllyyyyy
|-damage|p2a: Molllllyyyyy|58/100
|
|upkeep
|turn|11
|
|t:|1758256364
|move|p1a: Mr. Conductor|Dragon Pulse|p2a: Molllllyyyyy
|-damage|p2a: Molllllyyyyy|16/100
|move|p2a: Molllllyyyyy|Flip Turn|p1a: Mr. Conductor
|-resisted|p1a: Mr. Conductor
|-damage|p1a: Mr. Conductor|84/100
|
|t:|1758256366
|switch|p2a: Broomhilda|Tyranitar, F, shiny|32/100|[from] Flip Turn
|-weather|Sandstorm|[from] ability: Sand Stream|[of] p2a: Broomhilda
|
|-weather|Sandstorm|[upkeep]
|-damage|p1a: Mr. Conductor|77/100|[from] Sandstorm
|upkeep
|turn|12
|
|t:|1758256370
|switch|p2a: RockIce|Garganacl, M|100/100
|move|p1a: Mr. Conductor|Hydro Steam|p2a: RockIce
|-supereffective|p2a: RockIce
|-damage|p2a: RockIce|63/100
|
|-weather|Sandstorm|[upkeep]
|-damage|p1a: Mr. Conductor|71/100|[from] Sandstorm
|-heal|p2a: RockIce|70/100|[from] item: Leftovers
|upkeep
|turn|13
|
|t:|1758256374
|move|p1a: Mr. Conductor|Hydro Steam|p2a: RockIce
|-supereffective|p2a: RockIce
|-crit|p2a: RockIce
|-damage|p2a: RockIce|11/100
|move|p2a: RockIce|Salt Cure|p1a: Mr. Conductor
|-damage|p1a: Mr. Conductor|55/100
|-start|p1a: Mr. Conductor|Salt Cure
|
|-weather|Sandstorm|[upkeep]
|-damage|p1a: Mr. Conductor|49/100|[from] Sandstorm
|-heal|p2a: RockIce|17/100|[from] item: Leftovers
|-damage|p1a: Mr. Conductor|24/100|[from] Salt Cure
|upkeep
|turn|14
|
|t:|1758256376
|-end|p1a: Mr. Conductor|Protosynthesis|[silent]
|switch|p1a: Diesel|Great Tusk|100/100
|-damage|p1a: Diesel|98/100|[from] Stealth Rock
|move|p2a: RockIce|Protect||[still]
|-fail|p2a: RockIce
|
|-weather|Sandstorm|[upkeep]
|-heal|p2a: RockIce|24/100|[from] item: Leftovers
|upkeep
|turn|15
|
|t:|1758256384
|move|p2a: RockIce|Protect|p2a: RockIce
|-singleturn|p2a: RockIce|Protect
|move|p1a: Diesel|Rapid Spin|p2a: RockIce
|-activate|p2a: RockIce|move: Protect
|
|-weather|none
|-heal|p2a: RockIce|30/100|[from] item: Leftovers
|upkeep
|turn|16
|
|t:|1758256390
|switch|p2a: 99|Deoxys-Speed|100/100
|-ability|p2a: 99|Pressure
|move|p1a: Diesel|Headlong Rush|p2a: 99
|-damage|p2a: 99|4/100
|-unboost|p1a: Diesel|def|1
|-unboost|p1a: Diesel|spd|1
|
|upkeep
|turn|17
|
|t:|1758256395
|switch|p2a: Molllllyyyyy|Alomomola, F, shiny|49/100
|-end|p1a: Diesel|Protosynthesis|[silent]
|switch|p1a: In-N-Out|Hatterene, F|35/100
|-damage|p1a: In-N-Out|23/100|[from] Stealth Rock
|
|upkeep
|turn|18
|
|t:|1758256397
|move|p2a: Molllllyyyyy|Flip Turn|p1a: In-N-Out
|-damage|p1a: In-N-Out|9/100
|
|t:|1758256401
|switch|p2a: Starscream|Excadrill, M|74/100|[from] Flip Turn
|move|p1a: In-N-Out|Healing Wish|p1a: In-N-Out
|faint|p1a: In-N-Out
|
|upkeep
|
|t:|1758256403
|switch|p1a: Mr. Conductor|Walking Wake|24/100
|-heal|p1a: Mr. Conductor|100/100|[from] move: Healing Wish
|-damage|p1a: Mr. Conductor|88/100|[from] Stealth Rock
|turn|19
|
|t:|1758256411
|switch|p2a: Molllllyyyyy|Alomomola, F, shiny|82/100
|move|p1a: Mr. Conductor|Substitute|p1a: Mr. Conductor
|-start|p1a: Mr. Conductor|Substitute
|-damage|p1a: Mr. Conductor|63/100
|
|upkeep
|turn|20
|
|t:|1758256414
|move|p1a: Mr. Conductor|Dragon Pulse|p2a: Molllllyyyyy
|-damage|p2a: Molllllyyyyy|33/100
|move|p2a: Molllllyyyyy|Light Screen|p2a: Molllllyyyyy
|-sidestart|p2: takeyouout|move: Light Screen
|
|upkeep
|turn|21
|
|t:|1758256419
|move|p1a: Mr. Conductor|Dragon Pulse|p2a: Molllllyyyyy
|-damage|p2a: Molllllyyyyy|12/100
|move|p2a: Molllllyyyyy|Flip Turn|p1a: Mr. Conductor
|-resisted|p1a: Mr. Conductor
|-crit|p1a: Mr. Conductor
|-activate|p1a: Mr. Conductor|move: Substitute|[damage]
|
|t:|1758256423
|switch|p2a: Broomhilda|Tyranitar, F, shiny|32/100|[from] Flip Turn
|-weather|Sandstorm|[from] ability: Sand Stream|[of] p2a: Broomhilda
|
|-weather|Sandstorm|[upkeep]
|-damage|p1a: Mr. Conductor|57/100|[from] Sandstorm
|upkeep
|turn|22
|
|t:|1758256425
|move|p1a: Mr. Conductor|Hydro Steam|p2a: Broomhilda
|-supereffective|p2a: Broomhilda
|-damage|p2a: Broomhilda|11/100
|move|p2a: Broomhilda|Knock Off|p1a: Mr. Conductor
|-end|p1a: Mr. Conductor|Substitute
|
|-weather|Sandstorm|[upkeep]
|-damage|p1a: Mr. Conductor|51/100|[from] Sandstorm
|upkeep
|turn|23
|
|t:|1758256428
|switch|p2a: Molllllyyyyy|Alomomola, F, shiny|45/100
|move|p1a: Mr. Conductor|Hydro Steam|p2a: Molllllyyyyy
|-resisted|p2a: Molllllyyyyy
|-damage|p2a: Molllllyyyyy|34/100
|
|-weather|Sandstorm|[upkeep]
|-damage|p1a: Mr. Conductor|45/100|[from] Sandstorm
|-damage|p2a: Molllllyyyyy|28/100|[from] Sandstorm
|upkeep
|turn|24
|
|t:|1758256431
|move|p1a: Mr. Conductor|Substitute|p1a: Mr. Conductor
|-start|p1a: Mr. Conductor|Substitute
|-damage|p1a: Mr. Conductor|20/100
|move|p2a: Molllllyyyyy|Wish|p2a: Molllllyyyyy
|
|-weather|Sandstorm|[upkeep]
|-damage|p1a: Mr. Conductor|14/100|[from] Sandstorm
|-damage|p2a: Molllllyyyyy|21/100|[from] Sandstorm
|-sideend|p2: takeyouout|move: Light Screen
|upkeep
|turn|25
|
|t:|1758256433
|move|p1a: Mr. Conductor|Dragon Pulse|p2a: Molllllyyyyy
|-damage|p2a: Molllllyyyyy|0 fnt
|faint|p2a: Molllllyyyyy
|
|-weather|none
|upkeep
|
|t:|1758256437
|switch|p2a: Broomhilda|Tyranitar, F, shiny|11/100
|-weather|Sandstorm|[from] ability: Sand Stream|[of] p2a: Broomhilda
|turn|26
|
|t:|1758256443
|switch|p2a: 99|Deoxys-Speed|4/100
|-ability|p2a: 99|Pressure
|move|p1a: Mr. Conductor|Hydro Steam|p2a: 99
|-damage|p2a: 99|0 fnt
|faint|p2a: 99
|
|-weather|Sandstorm|[upkeep]
|-damage|p1a: Mr. Conductor|8/100|[from] Sandstorm
|upkeep
|
|t:|1758256455
|switch|p2a: RockIce|Garganacl, M|30/100
|turn|27
|
|t:|1758256458
|-end|p1a: Mr. Conductor|Protosynthesis|[silent]
|switch|p1a: Banshoman|Torkoal, M|100/100
|-damage|p1a: Banshoman|76/100|[from] Stealth Rock
|-weather|SunnyDay|[from] ability: Drought|[of] p1a: Banshoman
|move|p2a: RockIce|Protect||[still]
|-fail|p2a: RockIce
|
|-weather|SunnyDay|[upkeep]
|-heal|p2a: RockIce|36/100|[from] item: Leftovers
|upkeep
|turn|28
|
|t:|1758256460
|move|p2a: RockIce|Recover|p2a: RockIce
|-heal|p2a: RockIce|86/100
|move|p1a: Banshoman|Rapid Spin|p2a: RockIce
|-resisted|p2a: RockIce
|-damage|p2a: RockIce|83/100
|-boost|p1a: Banshoman|spe|1
|-sideend|p1: Un Sospiro|Stealth Rock|[from] move: Rapid Spin|[of] p1a: Banshoman
|
|-weather|SunnyDay|[upkeep]
|-heal|p2a: RockIce|89/100|[from] item: Leftovers
|upkeep
|turn|29
|
|t:|1758256464
|move|p2a: RockIce|Salt Cure|p1a: Banshoman
|-supereffective|p1a: Banshoman
|-damage|p1a: Banshoman|60/100
|-start|p1a: Banshoman|Salt Cure
|move|p1a: Banshoman|Stealth Rock|p2a: RockIce
|-sidestart|p2: takeyouout|move: Stealth Rock
|
|-weather|SunnyDay|[upkeep]
|-heal|p2a: RockIce|95/100|[from] item: Leftovers
|-damage|p1a: Banshoman|48/100|[from] Salt Cure
|upkeep
|turn|30
|
|t:|1758256466
|switch|p1a: Diesel|Great Tusk|98/100
|-activate|p1a: Diesel|ability: Protosynthesis
|-start|p1a: Diesel|protosynthesisatk
|move|p2a: RockIce|Salt Cure|p1a: Diesel
|-resisted|p1a: Diesel
|-damage|p1a: Diesel|95/100
|-start|p1a: Diesel|Salt Cure
|
|-weather|SunnyDay|[upkeep]
|-heal|p2a: RockIce|100/100|[from] item: Leftovers
|-damage|p1a: Diesel|83/100|[from] Salt Cure
|upkeep
|turn|31
|
|t:|1758256469
|-terastallize|p2a: RockIce|Grass
|move|p1a: Diesel|Headlong Rush|p2a: RockIce
|-resisted|p2a: RockIce
|-damage|p2a: RockIce|72/100
|-unboost|p1a: Diesel|def|1
|-unboost|p1a: Diesel|spd|1
|move|p2a: RockIce|Curse|p2a: RockIce
|-unboost|p2a: RockIce|spe|1
|-boost|p2a: RockIce|atk|1
|-boost|p2a: RockIce|def|1
|
|-weather|SunnyDay|[upkeep]
|-heal|p2a: RockIce|78/100|[from] item: Leftovers
|-damage|p1a: Diesel|70/100|[from] Salt Cure
|upkeep
|turn|32
|
|t:|1758256473
|-end|p1a: Diesel|Protosynthesis|[silent]
|switch|p1a: Mr. Conductor|Walking Wake|8/100
|-activate|p1a: Mr. Conductor|ability: Protosynthesis
|-start|p1a: Mr. Conductor|protosynthesisspe
|move|p2a: RockIce|Curse|p2a: RockIce
|-unboost|p2a: RockIce|spe|1
|-boost|p2a: RockIce|atk|1
|-boost|p2a: RockIce|def|1
|
|-weather|SunnyDay|[upkeep]
|-heal|p2a: RockIce|84/100|[from] item: Leftovers
|upkeep
|turn|33
|
|t:|1758256477
|move|p2a: RockIce|Protect|p2a: RockIce
|-singleturn|p2a: RockIce|Protect
|move|p1a: Mr. Conductor|Weather Ball|p2a: RockIce
|-activate|p2a: RockIce|move: Protect
|
|-weather|SunnyDay|[upkeep]
|-heal|p2a: RockIce|90/100|[from] item: Leftovers
|upkeep
|turn|34
|
|t:|1758256479
|move|p1a: Mr. Conductor|Weather Ball|p2a: RockIce
|-supereffective|p2a: RockIce
|-damage|p2a: RockIce|16/100
|move|p2a: RockIce|Recover|p2a: RockIce
|-heal|p2a: RockIce|66/100
|
|-weather|none
|-end|p1a: Mr. Conductor|Protosynthesis
|-heal|p2a: RockIce|73/100|[from] item: Leftovers
|upkeep
|turn|35
|
|t:|1758256483
|-end|p1a: Mr. Conductor|Protosynthesis|[silent]
|switch|p1a: Banshoman|Torkoal, M|48/100
|-weather|SunnyDay|[from] ability: Drought|[of] p1a: Banshoman
|move|p2a: RockIce|Salt Cure|p1a: Banshoman
|-supereffective|p1a: Banshoman
|-damage|p1a: Banshoman|14/100
|-start|p1a: Banshoman|Salt Cure
|
|-weather|SunnyDay|[upkeep]
|-heal|p2a: RockIce|79/100|[from] item: Leftovers
|-damage|p1a: Banshoman|2/100|[from] Salt Cure
|upkeep
|turn|36
|
|t:|1758256487
|move|p1a: Banshoman|Lava Plume|p2a: RockIce
|-supereffective|p2a: RockIce
|-damage|p2a: RockIce|32/100
|move|p2a: RockIce|Salt Cure|p1a: Banshoman
|-supereffective|p1a: Banshoman
|-damage|p1a: Banshoman|0 fnt
|faint|p1a: Banshoman
|
|-weather|SunnyDay|[upkeep]
|-heal|p2a: RockIce|38/100|[from] item: Leftovers
|upkeep
|
|t:|1758256489
|switch|p1a: Mr. Conductor|Walking Wake|8/100
|-activate|p1a: Mr. Conductor|ability: Protosynthesis
|-start|p1a: Mr. Conductor|protosynthesisspe
|turn|37
|
|t:|1758256491
|move|p2a: RockIce|Protect|p2a: RockIce
|-singleturn|p2a: RockIce|Protect
|move|p1a: Mr. Conductor|Weather Ball|p2a: RockIce
|-activate|p2a: RockIce|move: Protect
|
|-weather|SunnyDay|[upkeep]
|-heal|p2a: RockIce|45/100|[from] item: Leftovers
|upkeep
|turn|38
|
|t:|1758256493
|switch|p2a: Broomhilda|Tyranitar, F, shiny|11/100
|-weather|Sandstorm|[from] ability: Sand Stream|[of] p2a: Broomhilda
|-end|p1a: Mr. Conductor|Protosynthesis
|move|p1a: Mr. Conductor|Weather Ball|p2a: Broomhilda
|-damage|p2a: Broomhilda|0 fnt
|faint|p2a: Broomhilda
|
|-weather|Sandstorm|[upkeep]
|-damage|p1a: Mr. Conductor|2/100|[from] Sandstorm
|upkeep
|
|t:|1758256495
|switch|p2a: Starscream|Excadrill, M|74/100
|-damage|p2a: Starscream|71/100|[from] Stealth Rock
|turn|39
|
|t:|1758256497
|move|p2a: Starscream|Earthquake|p1a: Mr. Conductor
|-damage|p1a: Mr. Conductor|0 fnt
|faint|p1a: Mr. Conductor
|-end|p1a: Mr. Conductor|Protosynthesis|[silent]
|
|-weather|Sandstorm|[upkeep]
|upkeep
|
|t:|1758256498
|switch|p1a: Diesel|Great Tusk|70/100
|turn|40
|
|t:|1758256505
|move|p2a: Starscream|Earthquake|p1a: Diesel
|-damage|p1a: Diesel|13/100
|move|p1a: Diesel|Temper Flare|p2a: Starscream
|-supereffective|p2a: Starscream
|-damage|p2a: Starscream|0 fnt
|faint|p2a: Starscream
|
|-weather|Sandstorm|[upkeep]
|upkeep
|
|t:|1758256507
|switch|p2a: Sri Lanka|Tornadus-Therian, M|36/100
|-damage|p2a: Sri Lanka|11/100|[from] Stealth Rock
|turn|41
|
|t:|1758256511
|move|p2a: Sri Lanka|Dark Pulse|p1a: Diesel
|-resisted|p1a: Diesel
|-damage|p1a: Diesel|0 fnt
|faint|p1a: Diesel
|-end|p1a: Diesel|Protosynthesis|[silent]
|-damage|p2a: Sri Lanka|1/100|[from] item: Life Orb
|
|win|takeyouout
|raw|Un Sospiro's rating: 1543 &rarr; <strong>1522</strong><br />(-21 for losing)
|raw|takeyouout's rating: 1533 &rarr; <strong>1554</strong><br />(+21 for winning)
|l|☆Un Sospiro
|player|p1|
|l|☆takeyouout
|player|p2|
|j| darkmoonllll
