|j|☆Playboydj101
|j|☆citral_hamidiye
|t:|1758370134
|gametype|singles
|player|p1|Playboydj101|2|1310
|player|p2|citral_hamidiye|2|1258
|gen|9
|tier|[Gen 9] OU
|rated|
|rule|HP Percentage Mod: HP is shown in percentages
|rule|Endless Battle Clause: Forcing endless battles is banned
|rule|Species Clause: Limit one of each Pokémon
|rule|OHKO Clause: OHKO moves are banned
|rule|Evasion Items Clause: Evasion items are banned
|rule|Evasion Moves Clause: Evasion moves are banned
|rule|Evasion Abilities Clause: Evasion abilities are banned
|rule|Sleep Moves Clause: Sleep-inducing moves are banned
|clearpoke
|poke|p1|Hatterene, F|
|poke|p1|Deoxys-Defense|
|poke|p1|Mesprit|
|poke|p1|Ursaluna, F|
|poke|p1|Torkoal, F|
|poke|p1|Iron Hands|
|poke|p2|Ogerpon-Wellspring, F|
|poke|p2|Gholdengo|
|poke|p2|Garchomp, F|
|poke|p2|Mandibuzz, F|
|poke|p2|Ninetales-Alola, F|
|poke|p2|Iron Valiant|
|teampreview
|inactive|Battle timer is ON: inactive players will automatically lose when time's up. (requested by Playboydj101)
|
|t:|1758370164
|teamsize|p1|6
|teamsize|p2|6
|start
|switch|p1a: Hatterene|Hatterene, F|100/100
|switch|p2a: Ninetales|Ninetales-Alola, F|100/100
|-weather|Snowscape|[from] ability: Snow Warning|[of] p2a: Ninetales
|turn|1
|
|t:|1758370170
|move|p2a: Ninetales|Aurora Veil|p2a: Ninetales
|-sidestart|p2: citral_hamidiye|move: Aurora Veil
|move|p1a: Hatterene|Trick Room|p1a: Hatterene
|-fieldstart|move: Trick Room|[of] p1a: Hatterene
|
|-weather|Snowscape|[upkeep]
|upkeep
|turn|2
|
|t:|1758370191
|move|p1a: Hatterene|Healing Wish|p1a: Hatterene
|faint|p1a: Hatterene
|move|p2a: Ninetales|Freeze-Dry|p1: Hatterene|[notarget]
|-fail|p2a: Ninetales
|
|-weather|Snowscape|[upkeep]
|upkeep
|
|t:|1758370196
|switch|p1a: Torkoal|Torkoal, F|100/100
|-weather|SunnyDay|[from] ability: Drought|[of] p1a: Torkoal
|turn|3
|
|t:|1758370217
|switch|p2a: Ogerpon|Ogerpon-Wellspring, F|100/100
|move|p1a: Torkoal|Eruption|p2a: Ogerpon
|-damage|p2a: Ogerpon|13/100
|
|-weather|SunnyDay|[upkeep]
|upkeep
|turn|4
|inactive|citral_hamidiye has 120 seconds left.
|
|t:|1758370233
|switch|p2a: Garchomp|Garchomp, F|100/100
|move|p1a: Torkoal|Eruption|p2a: Garchomp
|-resisted|p2a: Garchomp
|-damage|p2a: Garchomp|73/100
|
|-weather|SunnyDay|[upkeep]
|upkeep
|turn|5
|inactive|citral_hamidiye has 120 seconds left.
|
|t:|1758370245
|switch|p1a: Mesprit|Mesprit|100/100
|move|p2a: Garchomp|Scale Shot|p1a: Mesprit|[miss]
|-miss|p2a: Garchomp|p1a: Mesprit
|
|-weather|SunnyDay|[upkeep]
|-fieldend|move: Trick Room
|upkeep
|turn|6
|
|t:|1758370253
|move|p2a: Garchomp|Scale Shot|p1a: Mesprit
|-damage|p1a: Mesprit|90/100
|-damage|p1a: Mesprit|80/100
|-damage|p1a: Mesprit|70/100
|-damage|p1a: Mesprit|60/100
|-hitcount|p1a: Mesprit|4
|-unboost|p2a: Garchomp|def|1
|-boost|p2a: Garchomp|spe|1
|move|p1a: Mesprit|Trick Room|p1a: Mesprit
|-fieldstart|move: Trick Room|[of] p1a: Mesprit
|
|-weather|SunnyDay|[upkeep]
|upkeep
|turn|7
|inactive|Playboydj101 has 120 seconds left.
|
|t:|1758370297
|switch|p1a: Ursaluna|Ursaluna, F|100/100
|move|p2a: Garchomp|Swords Dance|p2a: Garchomp
|-boost|p2a: Garchomp|atk|2
|
|-weather|none
|-status|p1a: Ursaluna|brn|[from] item: Flame Orb
|upkeep
|turn|8
|inactive|citral_hamidiye has 120 seconds left.
|inactive|Playboydj101 has 90 seconds left.
|inactive|citral_hamidiye has 90 seconds left.
|inactive|citral_hamidiye has 60 seconds left.
|inactive|citral_hamidiye has 30 seconds left.
|
|t:|1758370407
|move|p1a: Ursaluna|Facade|p2a: Garchomp
|-damage|p2a: Garchomp|0 fnt
|-damage|p1a: Ursaluna|88/100 brn|[from] ability: Rough Skin|[of] p2a: Garchomp
|faint|p2a: Garchomp
|
|-damage|p1a: Ursaluna|82/100 brn|[from] brn
|-sideend|p2: citral_hamidiye|move: Aurora Veil
|upkeep
|inactive|citral_hamidiye has 30 seconds left this turn.
|
|t:|1758370412
|switch|p2a: Gholdengo|Gholdengo|100/100
|-item|p2a: Gholdengo|Air Balloon
|turn|9
|inactive|citral_hamidiye has 30 seconds left.
|
|t:|1758370417
|move|p1a: Ursaluna|Fire Punch|p2a: Gholdengo
|-supereffective|p2a: Gholdengo
|-damage|p2a: Gholdengo|16/100
|-enditem|p2a: Gholdengo|Air Balloon
|move|p2a: Gholdengo|Nasty Plot|p2a: Gholdengo
|-boost|p2a: Gholdengo|spa|2
|
|-damage|p1a: Ursaluna|76/100 brn|[from] brn
|upkeep
|turn|10
|
|t:|1758370426
|switch|p2a: Ninetales|Ninetales-Alola, F|100/100
|-weather|Snowscape|[from] ability: Snow Warning|[of] p2a: Ninetales
|move|p1a: Ursaluna|Fire Punch|p2a: Ninetales
|-supereffective|p2a: Ninetales
|-damage|p2a: Ninetales|7/100
|
|-weather|Snowscape|[upkeep]
|-damage|p1a: Ursaluna|69/100 brn|[from] brn
|-fieldend|move: Trick Room
|upkeep
|turn|11
|
|t:|1758370444
|switch|p1a: Deoxys|Deoxys-Defense|100/100
|-ability|p1a: Deoxys|Pressure
|move|p2a: Ninetales|Aurora Veil|p2a: Ninetales
|-sidestart|p2: citral_hamidiye|move: Aurora Veil
|
|-weather|Snowscape|[upkeep]
|upkeep
|turn|12
|
|t:|1758370459
|move|p2a: Ninetales|Moonblast|p1a: Deoxys
|-damage|p1a: Deoxys|74/100
|move|p1a: Deoxys|Trick Room|p1a: Deoxys
|-fieldstart|move: Trick Room|[of] p1a: Deoxys
|
|-weather|Snowscape|[upkeep]
|upkeep
|turn|13
|
|t:|1758370470
|move|p2a: Ninetales|Moonblast|p1a: Deoxys
|-damage|p1a: Deoxys|47/100
|move|p1a: Deoxys|Teleport|p1a: Deoxys
|
|t:|1758370474
|switch|p1a: Torkoal|Torkoal, F|100/100|[from] Teleport
|-weather|SunnyDay|[from] ability: Drought|[of] p1a: Torkoal
|
|-weather|SunnyDay|[upkeep]
|upkeep
|turn|14
|
|t:|1758370480
|move|p1a: Torkoal|Eruption|p2a: Ninetales
|-supereffective|p2a: Ninetales
|-damage|p2a: Ninetales|0 fnt
|faint|p2a: Ninetales
|
|-weather|SunnyDay|[upkeep]
|upkeep
|
|t:|1758370484
|switch|p2a: Mandibuzz|Mandibuzz, F|100/100
|turn|15
|inactive|citral_hamidiye has 60 seconds left.
|
|t:|1758370495
|-terastallize|p1a: Torkoal|Fire
|move|p1a: Torkoal|Eruption|p2a: Mandibuzz
|-damage|p2a: Mandibuzz|14/100
|move|p2a: Mandibuzz|Toxic|p1a: Torkoal
|-status|p1a: Torkoal|tox
|
|-weather|SunnyDay|[upkeep]
|-damage|p1a: Torkoal|94/100 tox|[from] psn
|upkeep
|turn|16
|inactive|citral_hamidiye has 60 seconds left.
|
|t:|1758370506
|switch|p2a: Ogerpon|Ogerpon-Wellspring, F|13/100
|move|p1a: Torkoal|Eruption|p2a: Ogerpon
|-damage|p2a: Ogerpon|0 fnt
|faint|p2a: Ogerpon
|
|-weather|SunnyDay|[upkeep]
|-damage|p1a: Torkoal|82/100 tox|[from] psn
|-fieldend|move: Trick Room
|upkeep
|inactive|citral_hamidiye has 60 seconds left.
|
|t:|1758370516
|switch|p2a: Mandibuzz|Mandibuzz, F|14/100
|turn|17
|
|t:|1758370533
|-terastallize|p2a: Mandibuzz|Water
|move|p2a: Mandibuzz|Roost|p2a: Mandibuzz
|-heal|p2a: Mandibuzz|65/100
|move|p1a: Torkoal|Eruption|p2a: Mandibuzz
|-resisted|p2a: Mandibuzz
|-damage|p2a: Mandibuzz|30/100
|
|-weather|none
|-damage|p1a: Torkoal|64/100 tox|[from] psn
|upkeep
|turn|18
|
|t:|1758370543
|switch|p1a: Mesprit|Mesprit|60/100
|-heal|p1a: Mesprit|100/100|[from] move: Healing Wish
|move|p2a: Mandibuzz|Roost|p2a: Mandibuzz
|-heal|p2a: Mandibuzz|80/100
|
|-sideend|p2: citral_hamidiye|move: Aurora Veil
|upkeep
|turn|19
|
|t:|1758370554
|move|p2a: Mandibuzz|Toxic|p1a: Mesprit
|-status|p1a: Mesprit|tox
|move|p1a: Mesprit|Light Screen|p1a: Mesprit
|-sidestart|p1: Playboydj101|move: Light Screen
|
|-damage|p1a: Mesprit|94/100 tox|[from] psn
|upkeep
|turn|20
|
|t:|1758370565
|switch|p2a: Iron Valiant|Iron Valiant|100/100
|move|p1a: Mesprit|Reflect|p1a: Mesprit
|-sidestart|p1: Playboydj101|Reflect
|
|-damage|p1a: Mesprit|82/100 tox|[from] psn
|upkeep
|turn|21
|
|t:|1758370574
|move|p2a: Iron Valiant|Hex|p1a: Mesprit
|-supereffective|p1a: Mesprit
|-damage|p1a: Mesprit|45/100 tox
|move|p1a: Mesprit|Trick Room|p1a: Mesprit
|-fieldstart|move: Trick Room|[of] p1a: Mesprit
|
|-damage|p1a: Mesprit|27/100 tox|[from] psn
|upkeep
|turn|22
|
|t:|1758370581
|move|p1a: Mesprit|Healing Wish|p1a: Mesprit
|faint|p1a: Mesprit
|move|p2a: Iron Valiant|Hex|p1: Mesprit|[notarget]
|-fail|p2a: Iron Valiant
|
|upkeep
|inactive|Playboydj101 has 120 seconds left.
|
|t:|1758370614
|switch|p1a: Torkoal|Torkoal, F, tera:Fire|64/100 tox
|-heal|p1a: Torkoal|100/100|[from] move: Healing Wish
|-weather|SunnyDay|[from] ability: Drought|[of] p1a: Torkoal
|turn|23
|
|t:|1758370624
|-end|p2a: Iron Valiant|Quark Drive|[silent]
|switch|p2a: Gholdengo|Gholdengo|16/100
|move|p1a: Torkoal|Eruption|p2a: Gholdengo
|-supereffective|p2a: Gholdengo
|-damage|p2a: Gholdengo|0 fnt
|faint|p2a: Gholdengo
|
|-weather|SunnyDay|[upkeep]
|upkeep
|
|t:|1758370629
|switch|p2a: Mandibuzz|Mandibuzz, F, tera:Water|80/100
|turn|24
|
|t:|1758370633
|move|p1a: Torkoal|Eruption|p2a: Mandibuzz
|-resisted|p2a: Mandibuzz
|-damage|p2a: Mandibuzz|6/100
|move|p2a: Mandibuzz|Toxic|p1a: Torkoal|[miss]
|-miss|p2a: Mandibuzz|p1a: Torkoal
|
|-weather|SunnyDay|[upkeep]
|upkeep
|turn|25
|
|t:|1758370646
|-activate|p1a: Torkoal|move: Struggle
|move|p1a: Torkoal|Struggle|p2a: Mandibuzz
|-damage|p2a: Mandibuzz|1/100
|-damage|p1a: Torkoal|75/100|[from] recoil
|move|p2a: Mandibuzz|Roost|p2a: Mandibuzz
|-heal|p2a: Mandibuzz|51/100
|
|-weather|SunnyDay|[upkeep]
|-fieldend|move: Trick Room
|upkeep
|turn|26
|
|t:|1758370653
|switch|p1a: Deoxys|Deoxys-Defense|47/100
|-ability|p1a: Deoxys|Pressure
|move|p2a: Mandibuzz|Toxic|p1a: Deoxys
|-status|p1a: Deoxys|tox
|
|-weather|SunnyDay|[upkeep]
|-damage|p1a: Deoxys|41/100 tox|[from] psn
|-sideend|p1: Playboydj101|move: Light Screen
|upkeep
|turn|27
|inactive|citral_hamidiye has 120 seconds left.
|
|t:|1758370659
|move|p2a: Mandibuzz|Roost|p2a: Mandibuzz
|-heal|p2a: Mandibuzz|100/100
|move|p1a: Deoxys|Recover|p1a: Deoxys
|-heal|p1a: Deoxys|91/100 tox
|
|-weather|none
|-damage|p1a: Deoxys|79/100 tox|[from] psn
|-sideend|p1: Playboydj101|Reflect
|upkeep
|turn|28
|
|t:|1758370666
|move|p2a: Mandibuzz|Foul Play|p1a: Deoxys
|-supereffective|p1a: Deoxys
|-damage|p1a: Deoxys|47/100 tox
|move|p1a: Deoxys|Trick Room|p1a: Deoxys
|-fieldstart|move: Trick Room|[of] p1a: Deoxys
|
|-damage|p1a: Deoxys|30/100 tox|[from] psn
|upkeep
|turn|29
|
|t:|1758370673
|switch|p1a: Iron Hands|Iron Hands|100/100
|move|p2a: Mandibuzz|Foul Play|p1a: Iron Hands
|-resisted|p1a: Iron Hands
|-damage|p1a: Iron Hands|80/100
|
|upkeep
|turn|30
|
|t:|1758370679
|move|p1a: Iron Hands|Swords Dance|p1a: Iron Hands
|-boost|p1a: Iron Hands|atk|2
|move|p2a: Mandibuzz|Toxic|p1a: Iron Hands
|-status|p1a: Iron Hands|tox
|
|-damage|p1a: Iron Hands|73/100 tox|[from] psn
|upkeep
|turn|31
|
|t:|1758370683
|move|p1a: Iron Hands|Supercell Slam|p2a: Mandibuzz
|-supereffective|p2a: Mandibuzz
|-damage|p2a: Mandibuzz|0 fnt
|faint|p2a: Mandibuzz
|
|-damage|p1a: Iron Hands|61/100 tox|[from] psn
|upkeep
|
|t:|1758370686
|switch|p2a: Iron Valiant|Iron Valiant|100/100
|turn|32
|
|t:|1758370696
|move|p1a: Iron Hands|Supercell Slam|p2a: Iron Valiant
|-damage|p2a: Iron Valiant|0 fnt
|faint|p2a: Iron Valiant
|-end|p2a: Iron Valiant|Quark Drive|[silent]
|
|win|Playboydj101
|raw|Playboydj101's rating: 1310 &rarr; <strong>1327</strong><br />(+17 for winning)
|raw|citral_hamidiye's rating: 1258 &rarr; <strong>1237</strong><br />(-21 for losing)
|l|☆citral_hamidiye
|player|p2|
|l|☆Playboydj101
|player|p1|
