|j|☆suhayb1910
|j|‽oehtwashere
|t:|1758378018
|gametype|singles
|player|p1|suhayb1910|volo|1726
|player|p2|oehtwashere|supernerd|1769
|gen|9
|tier|[Gen 9] OU
|rated|
|rule|HP Percentage Mod: HP is shown in percentages
|rule|Endless Battle Clause: Forcing endless battles is banned
|rule|Species Clause: Limit one of each Pokémon
|rule|OHKO Clause: OHKO moves are banned
|rule|Evasion Items Clause: Evasion items are banned
|rule|Evasion Moves Clause: Evasion moves are banned
|rule|Evasion Abilities Clause: Evasion abilities are banned
|rule|Sleep Moves Clause: Sleep-inducing moves are banned
|clearpoke
|poke|p1|Kyurem|
|poke|p1|Gliscor, M|
|poke|p1|Kingambit, M|
|poke|p1|Zamazenta-*|
|poke|p1|Great Tusk|
|poke|p1|Toxapex, M|
|poke|p2|Iron Boulder|
|poke|p2|Samurott-Hisui, F|
|poke|p2|Moltres|
|poke|p2|Great Tusk|
|poke|p2|Corviknight, F|
|poke|p2|Dragapult, F|
|teampreview
|inactive|Battle timer is ON: inactive players will automatically lose when time's up. (requested by oehtwashere)
|
|t:|1758378027
|teamsize|p1|6
|teamsize|p2|6
|start
|switch|p1a: Gliscor|Gliscor, M|100/100
|switch|p2a: Dragapult|Dragapult, F|100/100
|turn|1
|
|t:|1758378036
|move|p1a: Gliscor|Protect|p1a: Gliscor
|-singleturn|p1a: Gliscor|Protect
|move|p2a: Dragapult|Will-O-Wisp|p1a: Gliscor
|-activate|p1a: Gliscor|move: Protect
|
|-status|p1a: Gliscor|tox|[from] item: Toxic Orb
|upkeep
|turn|2
|
|t:|1758378042
|move|p2a: Dragapult|U-turn|p1a: Gliscor
|-resisted|p1a: Gliscor
|-damage|p1a: Gliscor|93/100 tox
|
|t:|1758378043
|switch|p2a: Corviknight|Corviknight, F|100/100|[from] U-turn
|-ability|p2a: Corviknight|Pressure
|move|p1a: Gliscor|Knock Off|p2a: Corviknight
|-damage|p2a: Corviknight|86/100
|-damage|p1a: Gliscor|76/100 tox|[from] item: Rocky Helmet|[of] p2a: Corviknight
|-enditem|p2a: Corviknight|Rocky Helmet|[from] move: Knock Off|[of] p1a: Gliscor
|
|-heal|p1a: Gliscor|89/100 tox|[from] ability: Poison Heal
|upkeep
|turn|3
|
|t:|1758378059
|move|p1a: Gliscor|Knock Off|p2a: Corviknight
|-damage|p2a: Corviknight|78/100
|move|p2a: Corviknight|U-turn|p1a: Gliscor
|-resisted|p1a: Gliscor
|-damage|p1a: Gliscor|83/100 tox
|
|t:|1758378062
|switch|p2a: Great Tusk|Great Tusk|100/100|[from] U-turn
|
|-heal|p1a: Gliscor|95/100 tox|[from] ability: Poison Heal
|upkeep
|turn|4
|
|t:|1758378066
|-end|p2a: Great Tusk|Protosynthesis|[silent]
|switch|p2a: Corviknight|Corviknight, F|78/100
|-ability|p2a: Corviknight|Pressure
|move|p1a: Gliscor|Toxic|p2a: Corviknight
|-immune|p2a: Corviknight
|
|-heal|p1a: Gliscor|100/100 tox|[from] ability: Poison Heal
|upkeep
|turn|5
|
|t:|1758378068
|move|p1a: Gliscor|Knock Off|p2a: Corviknight
|-damage|p2a: Corviknight|68/100
|move|p2a: Corviknight|U-turn|p1a: Gliscor
|-resisted|p1a: Gliscor
|-damage|p1a: Gliscor|95/100 tox
|
|t:|1758378070
|switch|p2a: Great Tusk|Great Tusk|100/100|[from] U-turn
|
|-heal|p1a: Gliscor|100/100 tox|[from] ability: Poison Heal
|upkeep
|turn|6
|
|t:|1758378073
|-end|p2a: Great Tusk|Protosynthesis|[silent]
|switch|p2a: Corviknight|Corviknight, F|68/100
|-ability|p2a: Corviknight|Pressure
|move|p1a: Gliscor|Toxic|p2a: Corviknight
|-immune|p2a: Corviknight
|
|upkeep
|turn|7
|
|t:|1758378083
|switch|p1a: Toxapex|Toxapex, M, shiny|100/100
|move|p2a: Corviknight|Brave Bird|p1a: Toxapex
|-damage|p1a: Toxapex|73/100
|-damage|p2a: Corviknight|61/100|[from] Recoil
|
|upkeep
|turn|8
|
|t:|1758378089
|move|p2a: Corviknight|Roost|p2a: Corviknight
|-heal|p2a: Corviknight|100/100
|-singleturn|p2a: Corviknight|move: Roost
|move|p1a: Toxapex|Surf|p2a: Corviknight
|-damage|p2a: Corviknight|70/100
|
|upkeep
|turn|9
|
|t:|1758378092
|move|p2a: Corviknight|U-turn|p1a: Toxapex
|-resisted|p1a: Toxapex
|-damage|p1a: Toxapex|67/100
|
|t:|1758378095
|switch|p2a: Dragapult|Dragapult, F|100/100|[from] U-turn
|move|p1a: Toxapex|Ice Beam|p2a: Dragapult
|-supereffective|p2a: Dragapult
|-damage|p2a: Dragapult|48/100
|
|upkeep
|turn|10
|
|t:|1758378100
|move|p2a: Dragapult|U-turn|p1a: Toxapex
|-resisted|p1a: Toxapex
|-damage|p1a: Toxapex|59/100
|
|t:|1758378107
|switch|p2a: Corviknight|Corviknight, F|70/100|[from] U-turn
|-ability|p2a: Corviknight|Pressure
|move|p1a: Toxapex|Sludge Bomb|p2a: Corviknight
|-immune|p2a: Corviknight
|
|upkeep
|turn|11
|
|t:|1758378122
|switch|p1a: Kyurem|Kyurem|100/100
|-ability|p1a: Kyurem|Pressure
|move|p2a: Corviknight|Brave Bird|p1a: Kyurem
|-damage|p1a: Kyurem|65/100
|-damage|p2a: Corviknight|58/100|[from] Recoil
|
|-heal|p1a: Kyurem|71/100|[from] item: Leftovers
|upkeep
|turn|12
|
|t:|1758378133
|move|p1a: Kyurem|Freeze-Dry|p2a: Corviknight
|-damage|p2a: Corviknight|21/100
|-status|p2a: Corviknight|frz
|cant|p2a: Corviknight|frz
|
|-heal|p1a: Kyurem|77/100|[from] item: Leftovers
|upkeep
|turn|13
|c|☆suhayb1910|my bad
|
|t:|1758378143
|switch|p2a: Moltres|Moltres|100/100
|move|p1a: Kyurem|Freeze-Dry|p2a: Moltres
|-damage|p2a: Moltres|74/100
|
|-heal|p1a: Kyurem|83/100|[from] item: Leftovers
|upkeep
|turn|14
|
|t:|1758378148
|move|p1a: Kyurem|Freeze-Dry|p2a: Moltres
|-damage|p2a: Moltres|46/100
|move|p2a: Moltres|U-turn|p1a: Kyurem
|-damage|p1a: Kyurem|71/100
|
|t:|1758378151
|switch|p2a: Dragapult|Dragapult, F|48/100|[from] U-turn
|
|-heal|p1a: Kyurem|77/100|[from] item: Leftovers
|upkeep
|turn|15
|
|t:|1758378158
|move|p1a: Kyurem|Protect|p1a: Kyurem
|-singleturn|p1a: Kyurem|Protect
|move|p2a: Dragapult|U-turn|p1a: Kyurem
|-activate|p1a: Kyurem|move: Protect
|
|-heal|p1a: Kyurem|83/100|[from] item: Leftovers
|upkeep
|turn|16
|
|t:|1758378166
|switch|p1a: Gliscor|Gliscor, M|100/100 tox
|move|p2a: Dragapult|U-turn|p1a: Gliscor
|-resisted|p1a: Gliscor
|-damage|p1a: Gliscor|92/100 tox
|
|t:|1758378169
|switch|p2a: Corviknight|Corviknight, F|21/100 frz|[from] U-turn
|-ability|p2a: Corviknight|Pressure
|
|-heal|p1a: Gliscor|100/100 tox|[from] ability: Poison Heal
|upkeep
|turn|17
|
|t:|1758378174
|move|p1a: Gliscor|Knock Off|p2a: Corviknight
|-damage|p2a: Corviknight|11/100 frz
|-curestatus|p2a: Corviknight|frz|[msg]
|move|p2a: Corviknight|Roost|p2a: Corviknight
|-heal|p2a: Corviknight|61/100
|-singleturn|p2a: Corviknight|move: Roost
|
|upkeep
|turn|18
|
|t:|1758378180
|switch|p1a: Toxapex|Toxapex, M, shiny|92/100
|move|p2a: Corviknight|U-turn|p1a: Toxapex
|-resisted|p1a: Toxapex
|-damage|p1a: Toxapex|86/100
|
|t:|1758378186
|switch|p2a: Great Tusk|Great Tusk|100/100|[from] U-turn
|
|upkeep
|turn|19
|
|t:|1758378197
|-terastallize|p1a: Toxapex|Water
|move|p2a: Great Tusk|Stealth Rock|p1a: Toxapex
|-sidestart|p1: suhayb1910|move: Stealth Rock
|move|p1a: Toxapex|Surf|p2a: Great Tusk
|-supereffective|p2a: Great Tusk
|-damage|p2a: Great Tusk|0 fnt
|faint|p2a: Great Tusk
|-end|p2a: Great Tusk|Protosynthesis|[silent]
|
|upkeep
|
|t:|1758378204
|switch|p2a: Samurott|Samurott-Hisui, F|100/100
|turn|20
|
|t:|1758378208
|switch|p1a: Great Tusk|Great Tusk|100/100
|move|p2a: Samurott|Razor Shell|p1a: Great Tusk
|-supereffective|p1a: Great Tusk
|-damage|p1a: Great Tusk|26/100
|-unboost|p1a: Great Tusk|def|1
|
|upkeep
|turn|21
|
|t:|1758378213
|-end|p1a: Great Tusk|Protosynthesis|[silent]
|switch|p1a: Toxapex|Toxapex, M, shiny, tera:Water|100/100
|-damage|p1a: Toxapex|88/100|[from] Stealth Rock
|move|p2a: Samurott|Ceaseless Edge|p1a: Toxapex
|-damage|p1a: Toxapex|52/100
|-sidestart|p1: suhayb1910|Spikes
|
|upkeep
|turn|22
|
|t:|1758378222
|move|p2a: Samurott|Ceaseless Edge|p1a: Toxapex
|-damage|p1a: Toxapex|19/100
|-sidestart|p1: suhayb1910|Spikes
|move|p1a: Toxapex|Sludge Bomb|p2a: Samurott
|-damage|p2a: Samurott|59/100
|
|upkeep
|turn|23
|j| Partynparadise
|
|t:|1758378230
|switch|p1a: Kingambit|Kingambit, M|100/100
|-damage|p1a: Kingambit|94/100|[from] Stealth Rock
|-damage|p1a: Kingambit|78/100|[from] Spikes
|move|p2a: Samurott|Ceaseless Edge|p1a: Kingambit
|-resisted|p1a: Kingambit
|-damage|p1a: Kingambit|62/100
|-sidestart|p1: suhayb1910|Spikes
|
|-heal|p1a: Kingambit|68/100|[from] item: Leftovers
|upkeep
|turn|24
|
|t:|1758378237
|switch|p2a: Corviknight|Corviknight, F|61/100
|-ability|p2a: Corviknight|Pressure
|-end|p1a: Kingambit|fallenundefined|[silent]
|switch|p1a: Great Tusk|Great Tusk|26/100
|
|upkeep
|turn|25
|
|t:|1758378241
|switch|p2a: Dragapult|Dragapult, F|48/100
|move|p1a: Great Tusk|Rapid Spin|p2a: Dragapult
|-immune|p2a: Dragapult
|
|upkeep
|turn|26
|
|t:|1758378246
|-end|p1a: Great Tusk|Protosynthesis|[silent]
|switch|p1a: Gliscor|Gliscor, M|100/100 tox
|-damage|p1a: Gliscor|88/100 tox|[from] Stealth Rock
|move|p2a: Dragapult|Dragon Darts|p1a: Gliscor
|-damage|p1a: Gliscor|70/100 tox
|-anim|p2a: Dragapult|Dragon Darts|p1a: Gliscor
|-damage|p1a: Gliscor|53/100 tox
|
|-heal|p1a: Gliscor|65/100 tox|[from] ability: Poison Heal
|upkeep
|turn|27
|
|t:|1758378257
|switch|p2a: Corviknight|Corviknight, F|61/100
|-ability|p2a: Corviknight|Pressure
|switch|p1a: Great Tusk|Great Tusk|26/100
|
|upkeep
|turn|28
|
|t:|1758378262
|switch|p2a: Dragapult|Dragapult, F|48/100
|move|p1a: Great Tusk|Rapid Spin|p2a: Dragapult
|-immune|p2a: Dragapult
|
|upkeep
|turn|29
|
|t:|1758378272
|-end|p1a: Great Tusk|Protosynthesis|[silent]
|switch|p1a: Kingambit|Kingambit, M|68/100
|-damage|p1a: Kingambit|62/100|[from] Stealth Rock
|-damage|p1a: Kingambit|38/100|[from] Spikes
|move|p2a: Dragapult|Hex|p1a: Kingambit
|-resisted|p1a: Kingambit
|-damage|p1a: Kingambit|23/100
|
|-heal|p1a: Kingambit|29/100|[from] item: Leftovers
|upkeep
|turn|30
|
|t:|1758378278
|move|p2a: Dragapult|U-turn|p1a: Kingambit
|-damage|p1a: Kingambit|13/100
|
|t:|1758378281
|switch|p2a: Corviknight|Corviknight, F|61/100|[from] U-turn
|-ability|p2a: Corviknight|Pressure
|move|p1a: Kingambit|Kowtow Cleave|p2a: Corviknight
|-damage|p2a: Corviknight|29/100
|
|-heal|p1a: Kingambit|19/100|[from] item: Leftovers
|upkeep
|turn|31
|
|t:|1758378286
|move|p2a: Corviknight|Roost|p2a: Corviknight
|-heal|p2a: Corviknight|79/100
|-singleturn|p2a: Corviknight|move: Roost
|move|p1a: Kingambit|Kowtow Cleave|p2a: Corviknight
|-damage|p2a: Corviknight|44/100
|
|-heal|p1a: Kingambit|25/100|[from] item: Leftovers
|upkeep
|turn|32
|
|t:|1758378291
|move|p2a: Corviknight|Roost|p2a: Corviknight
|-heal|p2a: Corviknight|94/100
|-singleturn|p2a: Corviknight|move: Roost
|move|p1a: Kingambit|Kowtow Cleave|p2a: Corviknight
|-damage|p2a: Corviknight|64/100
|
|-heal|p1a: Kingambit|31/100|[from] item: Leftovers
|upkeep
|turn|33
|
|t:|1758378298
|move|p2a: Corviknight|Brave Bird|p1a: Kingambit
|-resisted|p1a: Kingambit
|-damage|p1a: Kingambit|16/100
|-damage|p2a: Corviknight|60/100|[from] Recoil
|move|p1a: Kingambit|Swords Dance|p1a: Kingambit
|-boost|p1a: Kingambit|atk|2
|
|-heal|p1a: Kingambit|22/100|[from] item: Leftovers
|upkeep
|turn|34
|
|t:|1758378308
|move|p1a: Kingambit|Sucker Punch|p2a: Corviknight
|-damage|p2a: Corviknight|7/100
|move|p2a: Corviknight|Brave Bird|p1a: Kingambit
|-resisted|p1a: Kingambit
|-damage|p1a: Kingambit|8/100
|-damage|p2a: Corviknight|3/100|[from] Recoil
|
|-heal|p1a: Kingambit|14/100|[from] item: Leftovers
|upkeep
|turn|35
|j| Bill6pher
|
|t:|1758378318
|move|p2a: Corviknight|Brave Bird|p1a: Kingambit
|-resisted|p1a: Kingambit
|-damage|p1a: Kingambit|0 fnt
|faint|p1a: Kingambit
|-end|p1a: Kingambit|fallenundefined|[silent]
|-damage|p2a: Corviknight|0 fnt|[from] Recoil
|faint|p2a: Corviknight
|
|upkeep
|
|t:|1758378324
|switch|p2a: Dragapult|Dragapult, F|48/100
|switch|p1a: Gliscor|Gliscor, M|65/100 tox
|-damage|p1a: Gliscor|53/100 tox|[from] Stealth Rock
|turn|36
|
|t:|1758378328
|switch|p2a: Iron Boulder|Iron Boulder|100/100
|move|p1a: Gliscor|Protect||[still]
|-fail|p1a: Gliscor
|
|-heal|p1a: Gliscor|65/100 tox|[from] ability: Poison Heal
|upkeep
|turn|37
|
|t:|1758378332
|move|p2a: Iron Boulder|Mighty Cleave|p1a: Gliscor
|-crit|p1a: Gliscor
|-damage|p1a: Gliscor|0 fnt
|faint|p1a: Gliscor
|
|upkeep
|
|t:|1758378338
|switch|p1a: Zamazenta|Zamazenta|100/100
|-damage|p1a: Zamazenta|94/100|[from] Stealth Rock
|-damage|p1a: Zamazenta|69/100|[from] Spikes
|-ability|p1a: Zamazenta|Dauntless Shield|boost
|-boost|p1a: Zamazenta|def|1
|turn|38
|
|t:|1758378340
|-end|p2a: Iron Boulder|Quark Drive|[silent]
|switch|p2a: Moltres|Moltres|46/100
|move|p1a: Zamazenta|Iron Defense|p1a: Zamazenta
|-boost|p1a: Zamazenta|def|2
|
|upkeep
|turn|39
|
|t:|1758378343
|move|p1a: Zamazenta|Body Press|p2a: Moltres
|-resisted|p2a: Moltres
|-damage|p2a: Moltres|9/100
|move|p2a: Moltres|Roost|p2a: Moltres
|-heal|p2a: Moltres|59/100
|-singleturn|p2a: Moltres|move: Roost
|
|upkeep
|turn|40
|
|t:|1758378348
|move|p1a: Zamazenta|Iron Defense|p1a: Zamazenta
|-boost|p1a: Zamazenta|def|2
|move|p2a: Moltres|Roost|p2a: Moltres
|-heal|p2a: Moltres|100/100
|-singleturn|p2a: Moltres|move: Roost
|
|upkeep
|turn|41
|
|t:|1758378351
|move|p1a: Zamazenta|Iron Defense|p1a: Zamazenta
|-boost|p1a: Zamazenta|def|1
|move|p2a: Moltres|Roar|p1a: Zamazenta
|drag|p1a: Kyurem|Kyurem|83/100
|-damage|p1a: Kyurem|58/100|[from] Stealth Rock
|-damage|p1a: Kyurem|33/100|[from] Spikes
|-ability|p1a: Kyurem|Pressure
|
|-heal|p1a: Kyurem|40/100|[from] item: Leftovers
|upkeep
|turn|42
|
|t:|1758378355
|move|p1a: Kyurem|Freeze-Dry|p2a: Moltres
|-damage|p2a: Moltres|77/100
|move|p2a: Moltres|Flamethrower|p1a: Kyurem
|-damage|p1a: Kyurem|5/100
|
|-heal|p1a: Kyurem|11/100|[from] item: Leftovers
|upkeep
|turn|43
|
|t:|1758378360
|move|p1a: Kyurem|Freeze-Dry|p2a: Moltres
|-damage|p2a: Moltres|52/100
|move|p2a: Moltres|Flamethrower|p1a: Kyurem
|-damage|p1a: Kyurem|0 fnt
|faint|p1a: Kyurem
|
|upkeep
|
|t:|1758378363
|switch|p1a: Great Tusk|Great Tusk|26/100
|turn|44
|
|t:|1758378367
|switch|p2a: Dragapult|Dragapult, F|48/100
|move|p1a: Great Tusk|Rapid Spin|p2a: Dragapult
|-immune|p2a: Dragapult
|
|upkeep
|turn|45
|
|t:|1758378374
|-end|p1a: Great Tusk|Protosynthesis|[silent]
|switch|p1a: Zamazenta|Zamazenta|69/100
|-damage|p1a: Zamazenta|63/100|[from] Stealth Rock
|-damage|p1a: Zamazenta|38/100|[from] Spikes
|move|p2a: Dragapult|Hex|p1a: Zamazenta
|-damage|p1a: Zamazenta|15/100
|
|upkeep
|turn|46
|
|t:|1758378377
|move|p2a: Dragapult|Hex|p1a: Zamazenta
|-crit|p1a: Zamazenta
|-damage|p1a: Zamazenta|0 fnt
|faint|p1a: Zamazenta
|
|upkeep
|
|t:|1758378379
|switch|p1a: Toxapex|Toxapex, M, shiny, tera:Water|53/100
|-damage|p1a: Toxapex|40/100|[from] Stealth Rock
|-damage|p1a: Toxapex|16/100|[from] Spikes
|turn|47
|
|t:|1758378381
|move|p2a: Dragapult|Dragon Darts|p1a: Toxapex
|-crit|p1a: Toxapex
|-damage|p1a: Toxapex|0 fnt
|faint|p1a: Toxapex
|
|upkeep
|
|t:|1758378384
|switch|p1a: Great Tusk|Great Tusk|26/100
|turn|48
|
|t:|1758378387
|move|p2a: Dragapult|Hex|p1a: Great Tusk
|-damage|p1a: Great Tusk|0 fnt
|faint|p1a: Great Tusk
|-end|p1a: Great Tusk|Protosynthesis|[silent]
|
|win|oehtwashere
|raw|suhayb1910's rating: 1726 &rarr; <strong>1708</strong><br />(-18 for losing)
|raw|oehtwashere's rating: 1769 &rarr; <strong>1787</strong><br />(+18 for winning)
