|j|☆fusususiauajak
|j|☆Desyree
|t:|1758261755
|gametype|singles
|player|p1|fusususiauajak|265|1314
|player|p2|Desyree|dawn-gen4pt|1315
|gen|9
|tier|[Gen 9] OU
|rated|
|rule|HP Percentage Mod: HP is shown in percentages
|rule|Endless Battle Clause: Forcing endless battles is banned
|rule|Species Clause: Limit one of each Pokémon
|rule|OHKO Clause: OHKO moves are banned
|rule|Evasion Items Clause: Evasion items are banned
|rule|Evasion Moves Clause: Evasion moves are banned
|rule|Evasion Abilities Clause: Evasion abilities are banned
|rule|Sleep Moves Clause: Sleep-inducing moves are banned
|clearpoke
|poke|p1|Pelipper, F|
|poke|p1|Hatterene, F|
|poke|p1|Iron Treads|
|poke|p1|Toxicroak, F|
|poke|p1|Barraskewda, F|
|poke|p1|Zapdos|
|poke|p2|Porygon2|
|poke|p2|Corviknight, F|
|poke|p2|Moltres|
|poke|p2|Dragapult, M|
|poke|p2|Kyurem|
|poke|p2|Hatterene, F|
|teampreview
|inactive|Battle timer is ON: inactive players will automatically lose when time's up. (requested by fusususiauajak)
|
|t:|1758261770
|teamsize|p1|6
|teamsize|p2|6
|start
|switch|p1a: Pelipper|Pelipper, F|100/100
|switch|p2a: Porygon11|Porygon2, shiny|100/100
|-weather|RainDance|[from] ability: Drizzle|[of] p1a: Pelipper
|-ability|p2a: Porygon11|Download|boost
|-boost|p2a: Porygon11|atk|1
|turn|1
|
|t:|1758261786
|switch|p1a: Iron Treads|Iron Treads|100/100
|move|p2a: Porygon11|Trick Room|p2a: Porygon11
|-fieldstart|move: Trick Room|[of] p2a: Porygon11
|
|-weather|RainDance|[upkeep]
|upkeep
|turn|2
|
|t:|1758261796
|switch|p2a: Madeline Hatta|Hatterene, F, shiny|100/100
|move|p1a: Iron Treads|Stealth Rock|p2a: Madeline Hatta
|move|p2a: Madeline Hatta|Stealth Rock|p1a: Iron Treads|[from] ability: Magic Bounce
|-sidestart|p1: fusususiauajak|move: Stealth Rock
|
|-weather|RainDance|[upkeep]
|upkeep
|turn|3
|
|t:|1758261809
|move|p2a: Madeline Hatta|Calm Mind|p2a: Madeline Hatta
|-boost|p2a: Madeline Hatta|spa|1
|-boost|p2a: Madeline Hatta|spd|1
|move|p1a: Iron Treads|Rapid Spin|p2a: Madeline Hatta
|-damage|p2a: Madeline Hatta|90/100
|-boost|p1a: Iron Treads|spe|1
|-sideend|p1: fusususiauajak|Stealth Rock|[from] move: Rapid Spin|[of] p1a: Iron Treads
|
|-weather|RainDance|[upkeep]
|-heal|p2a: Madeline Hatta|96/100|[from] item: Leftovers
|upkeep
|turn|4
|
|t:|1758261816
|move|p2a: Madeline Hatta|Psychic Noise|p1a: Iron Treads
|-resisted|p1a: Iron Treads
|-damage|p1a: Iron Treads|82/100
|-start|p1a: Iron Treads|move: Heal Block
|move|p1a: Iron Treads|Earthquake|p2a: Madeline Hatta
|-damage|p2a: Madeline Hatta|66/100
|
|-weather|RainDance|[upkeep]
|-heal|p2a: Madeline Hatta|72/100|[from] item: Leftovers
|upkeep
|turn|5
|
|t:|1758261825
|move|p2a: Madeline Hatta|Calm Mind|p2a: Madeline Hatta
|-boost|p2a: Madeline Hatta|spa|1
|-boost|p2a: Madeline Hatta|spd|1
|move|p1a: Iron Treads|Earthquake|p2a: Madeline Hatta
|-damage|p2a: Madeline Hatta|42/100
|
|-weather|RainDance|[upkeep]
|-heal|p2a: Madeline Hatta|48/100|[from] item: Leftovers
|-end|p1a: Iron Treads|move: Heal Block
|-fieldend|move: Trick Room
|upkeep
|turn|6
|
|t:|1758261828
|move|p1a: Iron Treads|Earthquake|p2a: Madeline Hatta
|-damage|p2a: Madeline Hatta|17/100
|move|p2a: Madeline Hatta|Draining Kiss|p1a: Iron Treads
|-resisted|p1a: Iron Treads
|-damage|p1a: Iron Treads|63/100
|-heal|p2a: Madeline Hatta|33/100|[from] drain|[of] p1a: Iron Treads
|
|-weather|RainDance|[upkeep]
|-heal|p1a: Iron Treads|69/100|[from] item: Leftovers
|-heal|p2a: Madeline Hatta|39/100|[from] item: Leftovers
|upkeep
|turn|7
|
|t:|1758261837
|move|p1a: Iron Treads|Earthquake|p2a: Madeline Hatta
|-damage|p2a: Madeline Hatta|8/100
|move|p2a: Madeline Hatta|Draining Kiss|p1a: Iron Treads
|-resisted|p1a: Iron Treads
|-damage|p1a: Iron Treads|51/100
|-heal|p2a: Madeline Hatta|24/100|[from] drain|[of] p1a: Iron Treads
|
|-weather|RainDance|[upkeep]
|-heal|p1a: Iron Treads|57/100|[from] item: Leftovers
|-heal|p2a: Madeline Hatta|30/100|[from] item: Leftovers
|upkeep
|turn|8
|
|t:|1758261843
|switch|p2a: Moltres|Moltres, shiny|100/100
|move|p1a: Iron Treads|Earthquake|p2a: Moltres
|-immune|p2a: Moltres
|
|-weather|none
|-heal|p1a: Iron Treads|63/100|[from] item: Leftovers
|upkeep
|turn|9
|
|t:|1758261850
|move|p1a: Iron Treads|Volt Switch|p2a: Moltres
|-supereffective|p2a: Moltres
|-damage|p2a: Moltres|77/100
|
|t:|1758261852
|-end|p1a: Iron Treads|Quark Drive|[silent]
|switch|p1a: Pelipper|Pelipper, F|100/100|[from] Volt Switch
|-weather|RainDance|[from] ability: Drizzle|[of] p1a: Pelipper
|move|p2a: Moltres|U-turn|p1a: Pelipper
|-resisted|p1a: Pelipper
|-damage|p1a: Pelipper|93/100
|
|t:|1758261856
|switch|p2a: Madeline Hatta|Hatterene, F, shiny|30/100|[from] U-turn
|
|-weather|RainDance|[upkeep]
|-heal|p2a: Madeline Hatta|36/100|[from] item: Leftovers
|upkeep
|turn|10
|
|t:|1758261861
|switch|p2a: Porygon11|Porygon2, shiny|100/100
|-ability|p2a: Porygon11|Download|boost
|-boost|p2a: Porygon11|atk|1
|move|p1a: Pelipper|Hurricane|p2a: Porygon11
|-damage|p2a: Porygon11|76/100
|-start|p2a: Porygon11|confusion
|
|-weather|RainDance|[upkeep]
|upkeep
|turn|11
|
|t:|1758261869
|switch|p2a: Part II|Corviknight, F, shiny|100/100
|-ability|p2a: Part II|Pressure
|move|p1a: Pelipper|U-turn|p2a: Part II
|-resisted|p2a: Part II
|-damage|p2a: Part II|99/100
|
|t:|1758261873
|switch|p1a: Zapdos|Zapdos|100/100|[from] U-turn
|
|-weather|RainDance|[upkeep]
|-heal|p2a: Part II|100/100|[from] item: Leftovers
|upkeep
|turn|12
|
|t:|1758261896
|switch|p2a: Porygon11|Porygon2, shiny|76/100
|-ability|p2a: Porygon11|Download|boost
|-boost|p2a: Porygon11|atk|1
|move|p1a: Zapdos|Volt Switch|p2a: Porygon11
|-damage|p2a: Porygon11|40/100
|
|t:|1758261903
|switch|p1a: Barraskewda|Barraskewda, F|100/100|[from] Volt Switch
|
|-weather|RainDance|[upkeep]
|upkeep
|turn|13
|
|t:|1758261914
|switch|p2a: Madeline Hatta|Hatterene, F, shiny|36/100
|move|p1a: Barraskewda|Flip Turn|p2a: Madeline Hatta
|-damage|p2a: Madeline Hatta|0 fnt
|faint|p2a: Madeline Hatta
|
|t:|1758261935
|switch|p1a: Iron Treads|Iron Treads|63/100|[from] Flip Turn
|
|-weather|RainDance|[upkeep]
|-heal|p1a: Iron Treads|69/100|[from] item: Leftovers
|upkeep
|
|t:|1758261941
|switch|p2a: Porygon11|Porygon2, shiny|40/100
|-ability|p2a: Porygon11|Download|boost
|-boost|p2a: Porygon11|spa|1
|turn|14
|
|t:|1758261948
|move|p1a: Iron Treads|Stealth Rock|p2a: Porygon11
|-sidestart|p2: Desyree|move: Stealth Rock
|move|p2a: Porygon11|Recover|p2a: Porygon11
|-heal|p2a: Porygon11|91/100
|
|-weather|RainDance|[upkeep]
|-heal|p1a: Iron Treads|75/100|[from] item: Leftovers
|upkeep
|turn|15
|
|t:|1758261955
|move|p1a: Iron Treads|Earthquake|p2a: Porygon11
|-crit|p2a: Porygon11
|-damage|p2a: Porygon11|53/100
|move|p2a: Porygon11|Trick Room|p2a: Porygon11
|-fieldstart|move: Trick Room|[of] p2a: Porygon11
|
|-weather|RainDance|[upkeep]
|-heal|p1a: Iron Treads|81/100|[from] item: Leftovers
|upkeep
|turn|16
|
|t:|1758261962
|move|p2a: Porygon11|Recover|p2a: Porygon11
|-heal|p2a: Porygon11|100/100
|move|p1a: Iron Treads|Volt Switch|p2a: Porygon11
|-damage|p2a: Porygon11|92/100
|
|t:|1758261977
|-end|p1a: Iron Treads|Quark Drive|[silent]
|switch|p1a: Barraskewda|Barraskewda, F|100/100|[from] Volt Switch
|
|-weather|none
|upkeep
|turn|17
|
|t:|1758261983
|switch|p1a: Iron Treads|Iron Treads|81/100
|move|p2a: Porygon11|Tri Attack|p1a: Iron Treads
|-resisted|p1a: Iron Treads
|-damage|p1a: Iron Treads|58/100
|-status|p1a: Iron Treads|par
|
|-heal|p1a: Iron Treads|64/100 par|[from] item: Leftovers
|upkeep
|turn|18
|
|t:|1758261998
|move|p2a: Porygon11|Shadow Ball|p1a: Iron Treads
|-damage|p1a: Iron Treads|35/100 par
|move|p1a: Iron Treads|Volt Switch|p2a: Porygon11
|-damage|p2a: Porygon11|85/100
|
|t:|1758262003
|-end|p1a: Iron Treads|Quark Drive|[silent]
|switch|p1a: Pelipper|Pelipper, F|93/100|[from] Volt Switch
|-weather|RainDance|[from] ability: Drizzle|[of] p1a: Pelipper
|
|-weather|RainDance|[upkeep]
|upkeep
|turn|19
|
|t:|1758262011
|move|p2a: Porygon11|Tri Attack|p1a: Pelipper
|-damage|p1a: Pelipper|35/100
|move|p1a: Pelipper|Knock Off|p2a: Porygon11
|-damage|p2a: Porygon11|76/100
|-enditem|p2a: Porygon11|Eviolite|[from] move: Knock Off|[of] p1a: Pelipper
|
|-weather|RainDance|[upkeep]
|-fieldend|move: Trick Room
|upkeep
|turn|20
|
|t:|1758262024
|switch|p1a: Iron Treads|Iron Treads|35/100 par
|move|p2a: Porygon11|Trick Room|p2a: Porygon11
|-fieldstart|move: Trick Room|[of] p2a: Porygon11
|
|-weather|RainDance|[upkeep]
|-heal|p1a: Iron Treads|41/100 par|[from] item: Leftovers
|upkeep
|turn|21
|
|t:|1758262037
|-terastallize|p2a: Porygon11|Ghost
|move|p2a: Porygon11|Shadow Ball|p1a: Iron Treads
|-damage|p1a: Iron Treads|0 fnt
|faint|p1a: Iron Treads
|-end|p1a: Iron Treads|Quark Drive|[silent]
|
|-weather|RainDance|[upkeep]
|upkeep
|
|t:|1758262045
|switch|p1a: Barraskewda|Barraskewda, F|100/100
|turn|22
|
|t:|1758262047
|-terastallize|p1a: Barraskewda|Water
|move|p1a: Barraskewda|Aqua Jet|p2a: Porygon11
|-damage|p2a: Porygon11|11/100
|move|p2a: Porygon11|Shadow Ball|p1a: Barraskewda
|-damage|p1a: Barraskewda|0 fnt
|faint|p1a: Barraskewda
|
|-weather|RainDance|[upkeep]
|upkeep
|-message|fusususiauajak forfeited.
|
|win|Desyree
|raw|fusususiauajak's rating: 1314 &rarr; <strong>1294</strong><br />(-20 for losing)
|raw|Desyree's rating: 1315 &rarr; <strong>1335</strong><br />(+20 for winning)
|l|☆fusususiauajak
|player|p1|
|l|☆Desyree
|player|p2|
