|j|☆kookies&kilik
|j|☆RugzV
|t:|1758301587
|gametype|singles
|player|p1|kookies&kilik|iris-gen5bw2|1274
|player|p2|RugzV|gentleman-gen4|1236
|gen|9
|tier|[Gen 9] OU
|rated|
|rule|HP Percentage Mod: HP is shown in percentages
|rule|Endless Battle Clause: Forcing endless battles is banned
|rule|Species Clause: Limit one of each Pokémon
|rule|OHKO Clause: OHKO moves are banned
|rule|Evasion Items Clause: Evasion items are banned
|rule|Evasion Moves Clause: Evasion moves are banned
|rule|Evasion Abilities Clause: Evasion abilities are banned
|rule|Sleep Moves Clause: Sleep-inducing moves are banned
|clearpoke
|poke|p1|Slither Wing|
|poke|p1|Cinderace, M|
|poke|p1|Blastoise, M|
|poke|p1|Klefki, M|
|poke|p1|Thundurus-Therian, M|
|poke|p1|Krookodile, M|
|poke|p2|Clodsire, M|
|poke|p2|Meowscarada, M|
|poke|p2|Alomomola, F|
|poke|p2|Enamorus-Therian, F|
|poke|p2|Ceruledge, M|
|poke|p2|Reuniclus, M|
|teampreview
|inactive|Battle timer is ON: inactive players will automatically lose when time's up. (requested by kookies&kilik)
|
|t:|1758301601
|teamsize|p1|6
|teamsize|p2|6
|start
|switch|p1a: mighty moth|Slither Wing, shiny|100/100
|switch|p2a: Purrfecto|Meowscarada, M|100/100
|turn|1
|
|t:|1758301609
|move|p1a: mighty moth|First Impression|p2a: Purrfecto
|-supereffective|p2a: Purrfecto
|-damage|p2a: Purrfecto|0 fnt
|faint|p2a: Purrfecto
|
|upkeep
|
|t:|1758301619
|switch|p2a: Bigfish|Alomomola, F|100/100
|turn|2
|
|t:|1758301632
|move|p1a: mighty moth|Leech Life|p2a: Bigfish
|-damage|p2a: Bigfish|73/100
|-damage|p1a: mighty moth|84/100|[from] item: Rocky Helmet|[of] p2a: Bigfish
|move|p2a: Bigfish|Flip Turn|p1a: mighty moth
|-damage|p1a: mighty moth|65/100
|
|t:|1758301642
|switch|p2a: Notatortoise|Enamorus-Therian, F|100/100|[from] Flip Turn
|
|upkeep
|turn|3
|
|t:|1758301663
|-end|p1a: mighty moth|Protosynthesis|[silent]
|switch|p1a: Thundurus|Thundurus-Therian, M|100/100
|move|p2a: Notatortoise|Earth Power|p1a: Thundurus
|-immune|p1a: Thundurus
|
|upkeep
|turn|4
|
|t:|1758301675
|switch|p2a: Clodders|Clodsire, M|100/100
|move|p1a: Thundurus|Psychic|p2a: Clodders
|-supereffective|p2a: Clodders
|-damage|p2a: Clodders|57/100
|
|-heal|p2a: Clodders|63/100|[from] item: Leftovers
|upkeep
|turn|5
|
|t:|1758301683
|move|p1a: Thundurus|Nasty Plot|p1a: Thundurus
|-boost|p1a: Thundurus|spa|2
|move|p2a: Clodders|Toxic|p1a: Thundurus
|-status|p1a: Thundurus|tox
|
|-heal|p2a: Clodders|69/100|[from] item: Leftovers
|-damage|p1a: Thundurus|94/100 tox|[from] psn
|upkeep
|turn|6
|
|t:|1758301693
|switch|p2a: Embybro|Reuniclus, M|100/100
|move|p1a: Thundurus|Psychic|p2a: Embybro
|-resisted|p2a: Embybro
|-damage|p2a: Embybro|67/100
|
|-damage|p1a: Thundurus|82/100 tox|[from] psn
|upkeep
|turn|7
|
|t:|1758301705
|move|p1a: Thundurus|Thunderbolt|p2a: Embybro
|-damage|p2a: Embybro|0 fnt
|faint|p2a: Embybro
|
|-damage|p1a: Thundurus|64/100 tox|[from] psn
|upkeep
|
|t:|1758301716
|switch|p2a: Spookilla|Ceruledge, M|100/100
|turn|8
|
|t:|1758301722
|move|p1a: Thundurus|Thunderbolt|p2a: Spookilla
|-enditem|p2a: Spookilla|Focus Sash
|-damage|p2a: Spookilla|1/100
|move|p2a: Spookilla|Bitter Blade|p1a: Thundurus
|-damage|p1a: Thundurus|0 fnt
|-heal|p2a: Spookilla|34/100|[from] drain|[of] p1a: Thundurus
|faint|p1a: Thundurus
|
|upkeep
|
|t:|1758301730
|switch|p1a: Krookodile|Krookodile, M|100/100
|-ability|p1a: Krookodile|Intimidate|boost
|-unboost|p2a: Spookilla|atk|1
|turn|9
|
|t:|1758301741
|switch|p2a: Bigfish|Alomomola, F|100/100
|move|p1a: Krookodile|Knock Off|p2a: Bigfish
|-damage|p2a: Bigfish|74/100
|-damage|p1a: Krookodile|84/100|[from] item: Rocky Helmet|[of] p2a: Bigfish
|-enditem|p2a: Bigfish|Rocky Helmet|[from] move: Knock Off|[of] p1a: Krookodile
|
|upkeep
|turn|10
|
|t:|1758301751
|switch|p1a: Klefki|Klefki, M|100/100
|move|p2a: Bigfish|Wish|p2a: Bigfish
|
|upkeep
|turn|11
|
|t:|1758301756
|move|p1a: Klefki|Light Screen|p1a: Klefki
|-sidestart|p1: kookies&kilik|move: Light Screen
|move|p2a: Bigfish|Flip Turn|p1a: Klefki
|-crit|p1a: Klefki
|-damage|p1a: Klefki|81/100
|
|t:|1758301761
|switch|p2a: Spookilla|Ceruledge, M|34/100|[from] Flip Turn
|
|-heal|p2a: Spookilla|100/100|[from] move: Wish|[wisher] Bigfish
|upkeep
|turn|12
|
|t:|1758301769
|move|p1a: Klefki|Reflect|p1a: Klefki
|-sidestart|p1: kookies&kilik|Reflect
|move|p2a: Spookilla|Swords Dance|p2a: Spookilla
|-boost|p2a: Spookilla|atk|2
|
|upkeep
|turn|13
|
|t:|1758301777
|move|p1a: Klefki|Thunder Wave|p2a: Spookilla
|-status|p2a: Spookilla|par
|move|p2a: Spookilla|Bitter Blade|p1a: Klefki
|-supereffective|p1a: Klefki
|-damage|p1a: Klefki|2/100
|
|upkeep
|turn|14
|
|t:|1758301787
|switch|p1a: Krookodile|Krookodile, M|84/100
|-ability|p1a: Krookodile|Intimidate|boost
|-unboost|p2a: Spookilla|atk|1
|move|p2a: Spookilla|Swords Dance|p2a: Spookilla
|-boost|p2a: Spookilla|atk|2
|
|upkeep
|turn|15
|
|t:|1758301805
|cant|p2a: Spookilla|par
|move|p1a: Krookodile|Earthquake|p2a: Spookilla
|-supereffective|p2a: Spookilla
|-damage|p2a: Spookilla|0 fnt
|faint|p2a: Spookilla
|
|upkeep
|
|t:|1758301814
|switch|p2a: Notatortoise|Enamorus-Therian, F|100/100
|turn|16
|
|t:|1758301821
|switch|p1a: Blastoise|Blastoise, M|100/100
|move|p2a: Notatortoise|Moonblast|p1a: Blastoise
|-damage|p1a: Blastoise|57/100
|
|upkeep
|turn|17
|
|t:|1758301829
|switch|p2a: Bigfish|Alomomola, F|100/100
|move|p1a: Blastoise|Shell Smash|p1a: Blastoise
|-unboost|p1a: Blastoise|def|1
|-unboost|p1a: Blastoise|spd|1
|-boost|p1a: Blastoise|atk|2
|-boost|p1a: Blastoise|spa|2
|-boost|p1a: Blastoise|spe|2
|-enditem|p1a: Blastoise|White Herb
|-clearnegativeboost|p1a: Blastoise|[silent]
|
|upkeep
|turn|18
|
|t:|1758301845
|move|p1a: Blastoise|Aura Sphere|p2a: Bigfish
|-damage|p2a: Bigfish|48/100
|move|p2a: Bigfish|Flip Turn|p1a: Blastoise
|-resisted|p1a: Blastoise
|-damage|p1a: Blastoise|53/100
|
|t:|1758301852
|switch|p2a: Clodders|Clodsire, M|69/100|[from] Flip Turn
|
|-heal|p2a: Clodders|75/100|[from] item: Leftovers
|-sideend|p1: kookies&kilik|move: Light Screen
|upkeep
|turn|19
|
|t:|1758301865
|move|p1a: Blastoise|Ice Beam|p2a: Clodders
|-supereffective|p2a: Clodders
|-damage|p2a: Clodders|20/100
|move|p2a: Clodders|Earthquake|p1a: Blastoise
|-damage|p1a: Blastoise|37/100
|
|-heal|p2a: Clodders|26/100|[from] item: Leftovers
|-sideend|p1: kookies&kilik|Reflect
|upkeep
|turn|20
|
|t:|1758301879
|move|p1a: Blastoise|Ice Beam|p2a: Clodders
|-supereffective|p2a: Clodders
|-damage|p2a: Clodders|0 fnt
|faint|p2a: Clodders
|
|upkeep
|
|t:|1758301888
|switch|p2a: Bigfish|Alomomola, F|81/100
|turn|21
|
|t:|1758301897
|switch|p1a: Klefki|Klefki, M|2/100
|move|p2a: Bigfish|Flip Turn|p1a: Klefki
|-damage|p1a: Klefki|0 fnt
|faint|p1a: Klefki
|
|t:|1758301904
|switch|p2a: Notatortoise|Enamorus-Therian, F|100/100|[from] Flip Turn
|
|upkeep
|
|t:|1758301911
|switch|p1a: Cinderace|Cinderace, M|100/100
|turn|22
|
|t:|1758301916
|move|p1a: Cinderace|Gunk Shot|p2a: Notatortoise
|-start|p1a: Cinderace|typechange|Poison|[from] ability: Libero
|-supereffective|p2a: Notatortoise
|-damage|p2a: Notatortoise|0 fnt
|faint|p2a: Notatortoise
|
|upkeep
|-message|RugzV forfeited.
|
|win|kookies&kilik
|raw|kookies&amp;kilik's rating: 1274 &rarr; <strong>1296</strong><br />(+22 for winning)
|raw|RugzV's rating: 1236 &rarr; <strong>1214</strong><br />(-22 for losing)
|l|☆RugzV
|player|p2|
|l|☆kookies&kilik
|player|p1|
