|j|☆ICElIED
|j|☆Shpag
|t:|1758373375
|gametype|singles
|player|p1|ICElIED|steven|1375
|player|p2|Shpag|steven|1423
|gen|9
|tier|[Gen 9] OU
|rated|
|rule|HP Percentage Mod: HP is shown in percentages
|rule|Endless Battle Clause: Forcing endless battles is banned
|rule|Species Clause: Limit one of each Pokémon
|rule|OHKO Clause: OHKO moves are banned
|rule|Evasion Items Clause: Evasion items are banned
|rule|Evasion Moves Clause: Evasion moves are banned
|rule|Evasion Abilities Clause: Evasion abilities are banned
|rule|Sleep Moves Clause: Sleep-inducing moves are banned
|clearpoke
|poke|p1|Samurott-Hisui, F|
|poke|p1|Jirachi|
|poke|p1|Raikou|
|poke|p1|Hydrapple, M|
|poke|p1|Iron Moth|
|poke|p1|Mamoswine, M|
|poke|p2|Dragonite, M|
|poke|p2|Corviknight, F|
|poke|p2|Ting-Lu|
|poke|p2|Zamazenta-*|
|poke|p2|Slowking-Galar, M|
|poke|p2|Iron Valiant|
|teampreview
|inactive|Battle timer is ON: inactive players will automatically lose when time's up. (requested by Shpag)
|
|t:|1758373393
|teamsize|p1|6
|teamsize|p2|6
|start
|switch|p1a: Mamoswine|Mamoswine, M|100/100
|switch|p2a: Iron Valiant|Iron Valiant|100/100
|turn|1
|
|t:|1758373406
|switch|p1a: Jirachi|Jirachi|100/100
|move|p2a: Iron Valiant|Aura Sphere|p1a: Jirachi
|-damage|p1a: Jirachi|43/100
|
|-heal|p1a: Jirachi|50/100|[from] item: Leftovers
|upkeep
|turn|2
|
|t:|1758373414
|switch|p1a: Iron Moth|Iron Moth|100/100
|-enditem|p1a: Iron Moth|Booster Energy
|-activate|p1a: Iron Moth|ability: Quark Drive|[fromitem]
|-start|p1a: Iron Moth|quarkdrivespe
|move|p2a: Iron Valiant|Aura Sphere|p1a: Iron Moth
|-resisted|p1a: Iron Moth
|-damage|p1a: Iron Moth|70/100
|
|upkeep
|turn|3
|
|t:|1758373426
|-end|p2a: Iron Valiant|Quark Drive|[silent]
|switch|p2a: Slowking|Slowking-Galar, M|100/100
|move|p1a: Iron Moth|Fiery Dance|p2a: Slowking
|-damage|p2a: Slowking|73/100
|
|upkeep
|turn|4
|
|t:|1758373435
|move|p1a: Iron Moth|Fiery Dance|p2a: Slowking
|-damage|p2a: Slowking|48/100
|-boost|p1a: Iron Moth|spa|1
|move|p2a: Slowking|Future Sight|p1a: Iron Moth
|-start|p2a: Slowking|move: Future Sight
|
|upkeep
|turn|5
|
|t:|1758373442
|-terastallize|p1a: Iron Moth|Ground
|move|p1a: Iron Moth|Tera Blast|p2a: Slowking|[anim] Tera Blast Ground
|-supereffective|p2a: Slowking
|-damage|p2a: Slowking|0 fnt
|faint|p2a: Slowking
|
|upkeep
|
|t:|1758373451
|switch|p2a: Dragonite|Dragonite, M|100/100
|turn|6
|
|t:|1758373460
|move|p1a: Iron Moth|Sludge Wave|p2a: Dragonite
|-damage|p2a: Dragonite|61/100
|move|p2a: Dragonite|Dragon Dance|p2a: Dragonite
|-boost|p2a: Dragonite|atk|1
|-boost|p2a: Dragonite|spe|1
|
|-end|p1a: Iron Moth|move: Future Sight
|-damage|p1a: Iron Moth|30/100
|upkeep
|turn|7
|
|t:|1758373465
|move|p2a: Dragonite|Extreme Speed|p1a: Iron Moth
|-damage|p1a: Iron Moth|0 fnt
|faint|p1a: Iron Moth
|-end|p1a: Iron Moth|Quark Drive|[silent]
|
|upkeep
|
|t:|1758373468
|switch|p1a: Mamoswine|Mamoswine, M|100/100
|turn|8
|
|t:|1758373477
|-terastallize|p2a: Dragonite|Normal
|move|p2a: Dragonite|Extreme Speed|p1a: Mamoswine
|-damage|p1a: Mamoswine|22/100
|move|p1a: Mamoswine|Icicle Crash|p2a: Dragonite
|-damage|p2a: Dragonite|10/100
|
|upkeep
|turn|9
|
|t:|1758373487
|switch|p1a: Hydrapple|Hydrapple, M|100/100
|move|p2a: Dragonite|Extreme Speed|p1a: Hydrapple
|-damage|p1a: Hydrapple|61/100
|-damage|p2a: Dragonite|0 fnt|[from] item: Rocky Helmet|[of] p1a: Hydrapple
|faint|p2a: Dragonite
|
|upkeep
|
|t:|1758373511
|switch|p2a: Zamazenta|Zamazenta|100/100
|-ability|p2a: Zamazenta|Dauntless Shield|boost
|-boost|p2a: Zamazenta|def|1
|turn|10
|
|t:|1758373519
|move|p2a: Zamazenta|Close Combat|p1a: Hydrapple
|-damage|p1a: Hydrapple|9/100
|-unboost|p2a: Zamazenta|def|1
|-unboost|p2a: Zamazenta|spd|1
|-damage|p2a: Zamazenta|84/100|[from] item: Rocky Helmet|[of] p1a: Hydrapple
|move|p1a: Hydrapple|Nasty Plot|p1a: Hydrapple
|-boost|p1a: Hydrapple|spa|2
|
|upkeep
|turn|11
|
|t:|1758373525
|switch|p1a: Mamoswine|Mamoswine, M|22/100
|move|p2a: Zamazenta|Close Combat|p1a: Mamoswine
|-supereffective|p1a: Mamoswine
|-damage|p1a: Mamoswine|0 fnt
|-unboost|p2a: Zamazenta|def|1
|-unboost|p2a: Zamazenta|spd|1
|faint|p1a: Mamoswine
|
|upkeep
|
|t:|1758373529
|switch|p1a: Raikou|Raikou|100/100
|-ability|p1a: Raikou|Pressure
|turn|12
|
|t:|1758373531
|switch|p2a: Ting-Lu|Ting-Lu|100/100
|-ability|p2a: Ting-Lu|Vessel of Ruin
|move|p1a: Raikou|Scald|p2a: Ting-Lu
|-supereffective|p2a: Ting-Lu
|-damage|p2a: Ting-Lu|66/100
|
|-heal|p2a: Ting-Lu|72/100|[from] item: Leftovers
|upkeep
|turn|13
|
|t:|1758373539
|switch|p1a: Hydrapple|Hydrapple, M|42/100
|move|p2a: Ting-Lu|Earthquake|p1a: Hydrapple
|-resisted|p1a: Hydrapple
|-damage|p1a: Hydrapple|33/100
|
|-heal|p2a: Ting-Lu|78/100|[from] item: Leftovers
|upkeep
|turn|14
|
|t:|1758373545
|switch|p2a: Corviknight|Corviknight, F|100/100
|-ability|p2a: Corviknight|Pressure
|switch|p1a: Jirachi|Jirachi|50/100
|
|-heal|p1a: Jirachi|56/100|[from] item: Leftovers
|upkeep
|turn|15
|
|t:|1758373549
|move|p1a: Jirachi|Body Slam|p2a: Corviknight
|-resisted|p2a: Corviknight
|-damage|p2a: Corviknight|93/100
|-status|p2a: Corviknight|par
|-damage|p1a: Jirachi|39/100|[from] item: Rocky Helmet|[of] p2a: Corviknight
|cant|p2a: Corviknight|par
|
|-heal|p1a: Jirachi|45/100|[from] item: Leftovers
|upkeep
|turn|16
|
|t:|1758373556
|switch|p1a: Hydrapple|Hydrapple, M|66/100
|move|p2a: Corviknight|U-turn|p1a: Hydrapple
|-supereffective|p1a: Hydrapple
|-damage|p1a: Hydrapple|50/100
|-damage|p2a: Corviknight|76/100 par|[from] item: Rocky Helmet|[of] p1a: Hydrapple
|
|t:|1758373564
|switch|p2a: Iron Valiant|Iron Valiant|100/100|[from] U-turn
|
|upkeep
|turn|17
|
|t:|1758373576
|switch|p1a: Jirachi|Jirachi|45/100
|move|p2a: Iron Valiant|Moonblast|p1a: Jirachi
|-resisted|p1a: Jirachi
|-damage|p1a: Jirachi|9/100
|
|-heal|p1a: Jirachi|16/100|[from] item: Leftovers
|upkeep
|turn|18
|
|t:|1758373588
|move|p2a: Iron Valiant|Moonblast|p1a: Jirachi
|-resisted|p1a: Jirachi
|-damage|p1a: Jirachi|0 fnt
|faint|p1a: Jirachi
|
|upkeep
|
|t:|1758373589
|switch|p1a: Raikou|Raikou|100/100
|-ability|p1a: Raikou|Pressure
|turn|19
|
|t:|1758373595
|-end|p2a: Iron Valiant|Quark Drive|[silent]
|switch|p2a: Ting-Lu|Ting-Lu|78/100
|-ability|p2a: Ting-Lu|Vessel of Ruin
|move|p1a: Raikou|Scald|p2a: Ting-Lu
|-supereffective|p2a: Ting-Lu
|-damage|p2a: Ting-Lu|45/100
|-status|p2a: Ting-Lu|brn
|
|-heal|p2a: Ting-Lu|51/100 brn|[from] item: Leftovers
|-damage|p2a: Ting-Lu|45/100 brn|[from] brn
|upkeep
|turn|20
|
|t:|1758373602
|move|p1a: Raikou|Scald|p2a: Ting-Lu
|-supereffective|p2a: Ting-Lu
|-damage|p2a: Ting-Lu|15/100 brn
|move|p2a: Ting-Lu|Earthquake|p1a: Raikou
|-supereffective|p1a: Raikou
|-damage|p1a: Raikou|46/100
|
|-heal|p2a: Ting-Lu|22/100 brn|[from] item: Leftovers
|-damage|p2a: Ting-Lu|15/100 brn|[from] brn
|upkeep
|turn|21
|
|t:|1758373605
|move|p1a: Raikou|Scald|p2a: Ting-Lu
|-supereffective|p2a: Ting-Lu
|-damage|p2a: Ting-Lu|0 fnt
|faint|p2a: Ting-Lu
|
|upkeep
|
|t:|1758373607
|switch|p2a: Zamazenta|Zamazenta|84/100
|turn|22
|
|t:|1758373613
|move|p2a: Zamazenta|Close Combat|p1a: Raikou
|-damage|p1a: Raikou|0 fnt
|-unboost|p2a: Zamazenta|def|1
|-unboost|p2a: Zamazenta|spd|1
|faint|p1a: Raikou
|
|upkeep
|
|t:|1758373615
|switch|p1a: Hydrapple|Hydrapple, M|84/100
|turn|23
|
|t:|1758373619
|switch|p2a: Corviknight|Corviknight, F|76/100 par
|-ability|p2a: Corviknight|Pressure
|move|p1a: Hydrapple|Giga Drain|p2a: Corviknight
|-resisted|p2a: Corviknight
|-damage|p2a: Corviknight|69/100 par
|-heal|p1a: Hydrapple|87/100|[from] drain|[of] p2a: Corviknight
|
|upkeep
|turn|24
|
|t:|1758373629
|move|p1a: Hydrapple|Nasty Plot|p1a: Hydrapple
|-boost|p1a: Hydrapple|spa|2
|move|p2a: Corviknight|U-turn|p1a: Hydrapple
|-supereffective|p1a: Hydrapple
|-damage|p1a: Hydrapple|69/100
|-damage|p2a: Corviknight|53/100 par|[from] item: Rocky Helmet|[of] p1a: Hydrapple
|
|t:|1758373631
|switch|p2a: Iron Valiant|Iron Valiant|100/100|[from] U-turn
|
|upkeep
|turn|25
|
|t:|1758373633
|move|p2a: Iron Valiant|Moonblast|p1a: Hydrapple
|-supereffective|p1a: Hydrapple
|-damage|p1a: Hydrapple|0 fnt
|faint|p1a: Hydrapple
|
|upkeep
|
|t:|1758373635
|switch|p1a: Samurott|Samurott-Hisui, F|100/100
|turn|26
|
|t:|1758373637
|move|p2a: Iron Valiant|Moonblast|p1a: Samurott
|-supereffective|p1a: Samurott
|-damage|p1a: Samurott|0 fnt
|faint|p1a: Samurott
|
|win|Shpag
|raw|ICElIED's rating: 1375 &rarr; <strong>1358</strong><br />(-17 for losing)
|raw|Shpag's rating: 1423 &rarr; <strong>1440</strong><br />(+17 for winning)
|l|☆ICElIED
|player|p1|
|l|☆Shpag
|player|p2|
