|j|☆jalenbumson
|j|☆WonderGuardWill
|t:|1758307174
|gametype|singles
|player|p1|jalenbumson|mars|1368
|player|p2|WonderGuardWill|dancer|1376
|gen|9
|tier|[Gen 9] OU
|rated|
|rule|HP Percentage Mod: HP is shown in percentages
|rule|Endless Battle Clause: Forcing endless battles is banned
|rule|Species Clause: Limit one of each Pokémon
|rule|OHKO Clause: OHKO moves are banned
|rule|Evasion Items Clause: Evasion items are banned
|rule|Evasion Moves Clause: Evasion moves are banned
|rule|Evasion Abilities Clause: Evasion abilities are banned
|rule|Sleep Moves Clause: Sleep-inducing moves are banned
|clearpoke
|poke|p1|Gholdengo|
|poke|p1|Kingambit, M|
|poke|p1|Great Tusk|
|poke|p1|Latios, M|
|poke|p1|Primarina, M|
|poke|p1|Cinderace, F|
|poke|p2|Darkrai|
|poke|p2|Garganacl, M|
|poke|p2|Espeon, M|
|poke|p2|Clodsire, M|
|poke|p2|Heatran, M|
|poke|p2|Gholdengo|
|teampreview
|
|t:|1758307188
|teamsize|p1|6
|teamsize|p2|6
|start
|switch|p1a: Cinderace|Cinderace, F|100/100
|switch|p2a: Garganacl|Garganacl, M|100/100
|turn|1
|
|t:|1758307191
|move|p1a: Cinderace|U-turn|p2a: Garganacl
|-damage|p2a: Garganacl|90/100
|
|t:|1758307211
|switch|p1a: Great Tusk|Great Tusk|100/100|[from] U-turn
|move|p2a: Garganacl|Salt Cure|p1a: Great Tusk
|-resisted|p1a: Great Tusk
|-damage|p1a: Great Tusk|98/100
|-start|p1a: Great Tusk|Salt Cure
|
|-heal|p2a: Garganacl|96/100|[from] item: Leftovers
|-damage|p1a: Great Tusk|86/100|[from] Salt Cure
|upkeep
|turn|2
|
|t:|1758307217
|switch|p2a: Espeon|Espeon, M|100/100
|move|p1a: Great Tusk|Headlong Rush|p2a: Espeon
|-damage|p2a: Espeon|0 fnt
|-unboost|p1a: Great Tusk|def|1
|-unboost|p1a: Great Tusk|spd|1
|faint|p2a: Espeon
|
|-damage|p1a: Great Tusk|73/100|[from] Salt Cure
|upkeep
|
|t:|1758307220
|switch|p2a: Darkrai|Darkrai|100/100
|turn|3
|
|t:|1758307222
|-end|p1a: Great Tusk|Protosynthesis|[silent]
|switch|p1a: Primarina|Primarina, M|100/100
|move|p2a: Darkrai|Trick|p1a: Primarina
|-activate|p2a: Darkrai|move: Trick|[of] p1a: Primarina
|-item|p1a: Primarina|Choice Scarf|[from] move: Trick
|-item|p2a: Darkrai|Assault Vest|[from] move: Trick
|
|upkeep
|turn|4
|
|t:|1758307226
|switch|p2a: Clodsire|Clodsire, M|100/100
|move|p1a: Primarina|Flip Turn|p2a: Clodsire
|-immune|p2a: Clodsire|[from] ability: Water Absorb
|
|upkeep
|turn|5
|
|t:|1758307233
|switch|p1a: Great Tusk|Great Tusk|73/100
|switch|p2a: Gholdengo|Gholdengo|100/100
|
|upkeep
|turn|6
|
|t:|1758307245
|switch|p2a: Heatran|Heatran, M|100/100
|-item|p2a: Heatran|Air Balloon
|-end|p1a: Great Tusk|Protosynthesis|[silent]
|switch|p1a: Cinderace|Cinderace, F|100/100
|
|upkeep
|turn|7
|
|t:|1758307252
|switch|p2a: Garganacl|Garganacl, M|96/100
|move|p1a: Cinderace|U-turn|p2a: Garganacl
|-damage|p2a: Garganacl|86/100
|
|t:|1758307254
|switch|p1a: Primarina|Primarina, M|100/100|[from] U-turn
|
|-heal|p2a: Garganacl|92/100|[from] item: Leftovers
|upkeep
|turn|8
|
|t:|1758307256
|move|p2a: Garganacl|Protect|p2a: Garganacl
|-singleturn|p2a: Garganacl|Protect
|move|p1a: Primarina|Psychic Noise|p2a: Garganacl
|-activate|p2a: Garganacl|move: Protect
|
|-heal|p2a: Garganacl|98/100|[from] item: Leftovers
|upkeep
|turn|9
|
|t:|1758307270
|switch|p1a: Kingambit|Kingambit, M|100/100
|move|p2a: Garganacl|Salt Cure|p1a: Kingambit
|-resisted|p1a: Kingambit
|-damage|p1a: Kingambit|95/100
|-start|p1a: Kingambit|Salt Cure
|
|-heal|p1a: Kingambit|100/100|[from] item: Leftovers
|-heal|p2a: Garganacl|100/100|[from] item: Leftovers
|-damage|p1a: Kingambit|76/100|[from] Salt Cure
|upkeep
|turn|10
|
|t:|1758307277
|-end|p1a: Kingambit|fallenundefined|[silent]
|switch|p1a: Great Tusk|Great Tusk|73/100
|move|p2a: Garganacl|Body Press|p1a: Great Tusk
|-damage|p1a: Great Tusk|50/100
|
|upkeep
|turn|11
|
|t:|1758307280
|-terastallize|p2a: Garganacl|Flying
|move|p1a: Great Tusk|Stealth Rock|p2a: Garganacl
|-sidestart|p2: WonderGuardWill|move: Stealth Rock
|move|p2a: Garganacl|Salt Cure|p1a: Great Tusk
|-resisted|p1a: Great Tusk
|-damage|p1a: Great Tusk|48/100
|-start|p1a: Great Tusk|Salt Cure
|
|-damage|p1a: Great Tusk|36/100|[from] Salt Cure
|upkeep
|turn|12
|
|t:|1758307282
|-end|p1a: Great Tusk|Protosynthesis|[silent]
|switch|p1a: Latios|Latios, M|100/100
|move|p2a: Garganacl|Salt Cure|p1a: Latios
|-damage|p1a: Latios|80/100
|-start|p1a: Latios|Salt Cure
|
|-damage|p1a: Latios|68/100|[from] Salt Cure
|upkeep
|turn|13
|
|t:|1758307285
|switch|p2a: Gholdengo|Gholdengo|100/100
|-damage|p2a: Gholdengo|94/100|[from] Stealth Rock
|move|p1a: Latios|Draco Meteor|p2a: Gholdengo
|-resisted|p2a: Gholdengo
|-damage|p2a: Gholdengo|48/100
|-unboost|p1a: Latios|spa|2
|
|-damage|p1a: Latios|56/100|[from] Salt Cure
|upkeep
|turn|14
|
|t:|1758307288
|switch|p1a: Primarina|Primarina, M|100/100
|move|p2a: Gholdengo|Trick|p1a: Primarina
|-activate|p2a: Gholdengo|move: Trick|[of] p1a: Primarina
|-item|p1a: Primarina|Choice Scarf|[from] move: Trick
|-item|p2a: Gholdengo|Choice Scarf|[from] move: Trick
|
|upkeep
|turn|15
|
|t:|1758307290
|move|p2a: Gholdengo|Make It Rain|p1a: Primarina
|-crit|p1a: Primarina
|-damage|p1a: Primarina|8/100
|-unboost|p2a: Gholdengo|spa|1
|move|p1a: Primarina|Moonblast|p2a: Gholdengo
|-resisted|p2a: Gholdengo
|-damage|p2a: Gholdengo|17/100
|
|upkeep
|turn|16
|
|t:|1758307293
|move|p2a: Gholdengo|Make It Rain|p1a: Primarina
|-crit|p1a: Primarina
|-damage|p1a: Primarina|0 fnt
|-unboost|p2a: Gholdengo|spa|1
|faint|p1a: Primarina
|
|upkeep
|
|t:|1758307298
|switch|p1a: Latios|Latios, M|56/100
|turn|17
|
|t:|1758307300
|switch|p2a: Darkrai|Darkrai|100/100
|-damage|p2a: Darkrai|88/100|[from] Stealth Rock
|move|p1a: Latios|Calm Mind|p1a: Latios
|-boost|p1a: Latios|spa|1
|-boost|p1a: Latios|spd|1
|
|upkeep
|turn|18
|
|t:|1758307304
|-terastallize|p1a: Latios|Steel
|move|p2a: Darkrai|Dark Pulse|p1a: Latios
|-damage|p1a: Latios|24/100
|move|p1a: Latios|Recover|p1a: Latios
|-heal|p1a: Latios|74/100
|
|upkeep
|turn|19
|
|t:|1758307310
|switch|p2a: Heatran|Heatran, M|100/100
|-damage|p2a: Heatran|88/100|[from] Stealth Rock
|-item|p2a: Heatran|Air Balloon
|move|p1a: Latios|Calm Mind|p1a: Latios
|-boost|p1a: Latios|spa|1
|-boost|p1a: Latios|spd|1
|
|upkeep
|turn|20
|
|t:|1758307315
|move|p1a: Latios|Draco Meteor|p2a: Heatran
|-resisted|p2a: Heatran
|-damage|p2a: Heatran|21/100
|-unboost|p1a: Latios|spa|2
|-enditem|p2a: Heatran|Air Balloon
|move|p2a: Heatran|Magma Storm|p1a: Latios
|-supereffective|p1a: Latios
|-damage|p1a: Latios|10/100
|-activate|p1a: Latios|move: Magma Storm|[of] p2a: Heatran
|
|-damage|p1a: Latios|0 fnt|[from] move: Magma Storm|[partiallytrapped]
|faint|p1a: Latios
|upkeep
|
|t:|1758307321
|switch|p1a: Great Tusk|Great Tusk|36/100
|turn|21
|
|t:|1758307324
|move|p1a: Great Tusk|Headlong Rush|p2a: Heatran
|-supereffective|p2a: Heatran
|-damage|p2a: Heatran|0 fnt
|-unboost|p1a: Great Tusk|def|1
|-unboost|p1a: Great Tusk|spd|1
|faint|p2a: Heatran
|
|upkeep
|
|t:|1758307326
|switch|p2a: Garganacl|Garganacl, M, tera:Flying|100/100
|-damage|p2a: Garganacl|75/100|[from] Stealth Rock
|turn|22
|
|t:|1758307327
|move|p1a: Great Tusk|Ice Spinner|p2a: Garganacl
|-supereffective|p2a: Garganacl
|-damage|p2a: Garganacl|47/100
|move|p2a: Garganacl|Salt Cure|p1a: Great Tusk
|-resisted|p1a: Great Tusk
|-damage|p1a: Great Tusk|31/100
|-start|p1a: Great Tusk|Salt Cure
|
|-heal|p2a: Garganacl|53/100|[from] item: Leftovers
|-damage|p1a: Great Tusk|19/100|[from] Salt Cure
|upkeep
|turn|23
|
|t:|1758307330
|move|p1a: Great Tusk|Ice Spinner|p2a: Garganacl
|-supereffective|p2a: Garganacl
|-damage|p2a: Garganacl|24/100
|move|p2a: Garganacl|Recover|p2a: Garganacl
|-heal|p2a: Garganacl|74/100
|
|-heal|p2a: Garganacl|80/100|[from] item: Leftovers
|-damage|p1a: Great Tusk|7/100|[from] Salt Cure
|upkeep
|turn|24
|
|t:|1758307334
|-end|p1a: Great Tusk|Protosynthesis|[silent]
|switch|p1a: Gholdengo|Gholdengo|100/100
|-item|p1a: Gholdengo|Air Balloon
|move|p2a: Garganacl|Protect||[still]
|-fail|p2a: Garganacl
|
|-heal|p2a: Garganacl|86/100|[from] item: Leftovers
|upkeep
|turn|25
|
|t:|1758307338
|move|p1a: Gholdengo|Nasty Plot|p1a: Gholdengo
|-boost|p1a: Gholdengo|spa|2
|move|p2a: Garganacl|Salt Cure|p1a: Gholdengo
|-resisted|p1a: Gholdengo
|-damage|p1a: Gholdengo|95/100
|-start|p1a: Gholdengo|Salt Cure
|-enditem|p1a: Gholdengo|Air Balloon
|
|-heal|p2a: Garganacl|92/100|[from] item: Leftovers
|-damage|p1a: Gholdengo|71/100|[from] Salt Cure
|upkeep
|turn|26
|-message|jalenbumson forfeited.
|
|win|WonderGuardWill
|raw|jalenbumson's rating: 1368 &rarr; <strong>1348</strong><br />(-20 for losing)
|raw|WonderGuardWill's rating: 1376 &rarr; <strong>1396</strong><br />(+20 for winning)
|l|☆jalenbumson
|player|p1|
