|j|☆chaheed
|j|☆Celestial_dubkun
|t:|1758351975
|gametype|singles
|player|p1|chaheed|ninjaboy|1637
|player|p2|Celestial_dubkun|hiker-gen4|1645
|gen|9
|tier|[Gen 9] OU
|rated|
|rule|HP Percentage Mod: HP is shown in percentages
|rule|Endless Battle Clause: Forcing endless battles is banned
|rule|Species Clause: Limit one of each Pokémon
|rule|OHKO Clause: OHKO moves are banned
|rule|Evasion Items Clause: Evasion items are banned
|rule|Evasion Moves Clause: Evasion moves are banned
|rule|Evasion Abilities Clause: Evasion abilities are banned
|rule|Sleep Moves Clause: Sleep-inducing moves are banned
|clearpoke
|poke|p1|Dragonite, F|
|poke|p1|Dragapult, F|
|poke|p1|Iron Moth|
|poke|p1|Greninja-*, M|
|poke|p1|Serperior, M|
|poke|p1|Iron Treads|
|poke|p2|Toxapex, M|
|poke|p2|Goodra-Hisui, M|
|poke|p2|Corviknight, M|
|poke|p2|Great Tusk|
|poke|p2|Enamorus, F|
|poke|p2|Darkrai|
|teampreview
|inactive|Battle timer is ON: inactive players will automatically lose when time's up. (requested by chaheed)
|inactive|Celestial_dubkun has 120 seconds left.
|
|t:|1758352021
|teamsize|p1|6
|teamsize|p2|6
|start
|switch|p1a: Dragapult|Dragapult, F|100/100
|switch|p2a: Goodra|Goodra-Hisui, M|100/100
|turn|1
|
|t:|1758352027
|move|p1a: Dragapult|Will-O-Wisp|p2a: Goodra
|-status|p2a: Goodra|brn
|move|p2a: Goodra|Knock Off|p1a: Dragapult
|-supereffective|p1a: Dragapult
|-damage|p1a: Dragapult|54/100
|-enditem|p1a: Dragapult|Focus Sash|[from] move: Knock Off|[of] p2a: Goodra
|
|-damage|p2a: Goodra|94/100 brn|[from] brn
|upkeep
|turn|2
|
|t:|1758352037
|move|p1a: Dragapult|Dragon Darts|p2a: Goodra
|-damage|p2a: Goodra|75/100 brn
|-anim|p1a: Dragapult|Dragon Darts|p2a: Goodra
|-damage|p2a: Goodra|53/100 brn
|move|p2a: Goodra|Dragon Tail|p1a: Dragapult
|-supereffective|p1a: Dragapult
|-damage|p1a: Dragapult|11/100
|drag|p1a: Greninja|Greninja, M|100/100
|
|-damage|p2a: Goodra|47/100 brn|[from] brn
|upkeep
|turn|3
|
|t:|1758352047
|switch|p2a: Toxapex|Toxapex, M|100/100
|move|p1a: Greninja|Dark Pulse|p2a: Toxapex
|-damage|p2a: Toxapex|65/100
|-damage|p1a: Greninja|91/100|[from] item: Life Orb
|
|-heal|p2a: Toxapex|71/100|[from] item: Leftovers
|upkeep
|turn|4
|
|t:|1758352058
|switch|p2a: Great Tusk|Great Tusk|100/100
|move|p1a: Greninja|Dark Pulse|p2a: Great Tusk
|-resisted|p2a: Great Tusk
|-damage|p2a: Great Tusk|68/100
|-damage|p1a: Greninja|81/100|[from] item: Life Orb
|
|upkeep
|turn|5
|j| Ctannn
|
|t:|1758352066
|-end|p2a: Great Tusk|Protosynthesis|[silent]
|switch|p2a: Toxapex|Toxapex, M|100/100
|move|p1a: Greninja|Ice Beam|p2a: Toxapex
|-resisted|p2a: Toxapex
|-damage|p2a: Toxapex|86/100
|-damage|p1a: Greninja|71/100|[from] item: Life Orb
|
|-heal|p2a: Toxapex|93/100|[from] item: Leftovers
|upkeep
|turn|6
|
|t:|1758352075
|move|p1a: Greninja|Dark Pulse|p2a: Toxapex
|-damage|p2a: Toxapex|54/100
|-damage|p1a: Greninja|61/100|[from] item: Life Orb
|cant|p2a: Toxapex|flinch
|
|-heal|p2a: Toxapex|60/100|[from] item: Leftovers
|upkeep
|turn|7
|
|t:|1758352091
|move|p1a: Greninja|Dark Pulse|p2a: Toxapex
|-damage|p2a: Toxapex|24/100
|-damage|p1a: Greninja|52/100|[from] item: Life Orb
|cant|p2a: Toxapex|flinch
|
|-heal|p2a: Toxapex|30/100|[from] item: Leftovers
|upkeep
|turn|8
|
|t:|1758352098
|switch|p2a: Goodra|Goodra-Hisui, M|47/100 brn
|move|p1a: Greninja|Surf|p2a: Goodra
|-resisted|p2a: Goodra
|-damage|p2a: Goodra|36/100 brn
|-damage|p1a: Greninja|42/100|[from] item: Life Orb
|
|-damage|p2a: Goodra|30/100 brn|[from] brn
|upkeep
|turn|9
|
|t:|1758352106
|move|p1a: Greninja|Dark Pulse|p2a: Goodra
|-damage|p2a: Goodra|11/100 brn
|-damage|p1a: Greninja|32/100|[from] item: Life Orb
|move|p2a: Goodra|Knock Off|p1a: Greninja
|-resisted|p1a: Greninja
|-damage|p1a: Greninja|20/100
|-enditem|p1a: Greninja|Life Orb|[from] move: Knock Off|[of] p2a: Goodra
|
|-damage|p2a: Goodra|5/100 brn|[from] brn
|upkeep
|turn|10
|
|t:|1758352115
|move|p1a: Greninja|Dark Pulse|p2a: Goodra
|-damage|p2a: Goodra|0 fnt
|faint|p2a: Goodra
|-ability|p1a: Greninja|Battle Bond|boost
|-boost|p1a: Greninja|atk|1
|-boost|p1a: Greninja|spa|1
|-boost|p1a: Greninja|spe|1
|-activate|p1a: Greninja|ability: Battle Bond
|
|upkeep
|
|t:|1758352124
|switch|p2a: Corviknight|Corviknight, M|100/100
|-ability|p2a: Corviknight|Pressure
|turn|11
|
|t:|1758352128
|move|p1a: Greninja|Surf|p2a: Corviknight
|-damage|p2a: Corviknight|51/100
|move|p2a: Corviknight|U-turn|p1a: Greninja
|-supereffective|p1a: Greninja
|-damage|p1a: Greninja|0 fnt
|faint|p1a: Greninja
|
|t:|1758352142
|switch|p2a: Darkrai|Darkrai|100/100|[from] U-turn
|
|upkeep
|
|t:|1758352159
|switch|p1a: Dragapult|Dragapult, F|11/100
|turn|12
|
|t:|1758352163
|move|p1a: Dragapult|Dragon Darts|p2a: Darkrai
|-damage|p2a: Darkrai|71/100
|-anim|p1a: Dragapult|Dragon Darts|p2a: Darkrai
|-damage|p2a: Darkrai|40/100
|move|p2a: Darkrai|Dark Pulse|p1a: Dragapult
|-supereffective|p1a: Dragapult
|-damage|p1a: Dragapult|0 fnt
|faint|p1a: Dragapult
|
|upkeep
|j| HuaiYi0923
|
|t:|1758352173
|switch|p1a: Iron Moth|Iron Moth|100/100
|-enditem|p1a: Iron Moth|Booster Energy
|-activate|p1a: Iron Moth|ability: Quark Drive|[fromitem]
|-start|p1a: Iron Moth|quarkdrivespe
|turn|13
|j| biryanilover
|inactive|Celestial_dubkun has 120 seconds left.
|
|t:|1758352211
|switch|p2a: Corviknight|Corviknight, M|51/100
|-ability|p2a: Corviknight|Pressure
|move|p1a: Iron Moth|Fiery Dance|p2a: Corviknight
|-supereffective|p2a: Corviknight
|-damage|p2a: Corviknight|0 fnt
|-boost|p1a: Iron Moth|spa|1
|faint|p2a: Corviknight
|
|upkeep
|
|t:|1758352213
|switch|p2a: Great Tusk|Great Tusk|68/100
|turn|14
|
|t:|1758352221
|-terastallize|p2a: Great Tusk|Fire
|move|p1a: Iron Moth|Substitute|p1a: Iron Moth
|-start|p1a: Iron Moth|Substitute
|-damage|p1a: Iron Moth|76/100
|move|p2a: Great Tusk|Headlong Rush|p1a: Iron Moth
|-supereffective|p1a: Iron Moth
|-end|p1a: Iron Moth|Substitute
|-unboost|p2a: Great Tusk|def|1
|-unboost|p2a: Great Tusk|spd|1
|
|upkeep
|turn|15
|
|t:|1758352234
|-end|p2a: Great Tusk|Protosynthesis|[silent]
|switch|p2a: Toxapex|Toxapex, M|63/100
|move|p1a: Iron Moth|Substitute|p1a: Iron Moth
|-start|p1a: Iron Moth|Substitute
|-damage|p1a: Iron Moth|51/100
|
|-heal|p2a: Toxapex|70/100|[from] item: Leftovers
|upkeep
|turn|16
|-message|Celestial_dubkun forfeited.
|
|win|chaheed
|raw|chaheed's rating: 1637 &rarr; <strong>1657</strong><br />(+20 for winning)
|raw|Celestial_dubkun's rating: 1645 &rarr; <strong>1625</strong><br />(-20 for losing)
|l|☆Celestial_dubkun
|player|p2|
|l|☆chaheed
|player|p1|
|l| biryanilover
|l| Ctannn
