|j|☆Winter6097
|j|☆sgodxis
|t:|1758314024
|gametype|singles
|player|p1|Winter6097|falkner|1482
|player|p2|sgodxis|veteran|1515
|gen|9
|tier|[Gen 9] OU
|rated|
|rule|HP Percentage Mod: HP is shown in percentages
|rule|Endless Battle Clause: Forcing endless battles is banned
|rule|Species Clause: Limit one of each Pokémon
|rule|OHKO Clause: OHKO moves are banned
|rule|Evasion Items Clause: Evasion items are banned
|rule|Evasion Moves Clause: Evasion moves are banned
|rule|Evasion Abilities Clause: Evasion abilities are banned
|rule|Sleep Moves Clause: Sleep-inducing moves are banned
|clearpoke
|poke|p1|Ceruledge, F|
|poke|p1|Torkoal, F|
|poke|p1|Great Tusk|
|poke|p1|Walking Wake|
|poke|p1|Scream Tail|
|poke|p1|Venusaur, F|
|poke|p2|Torkoal, M|
|poke|p2|Walking Wake|
|poke|p2|Venusaur, F|
|poke|p2|Great Tusk|
|poke|p2|Slither Wing|
|poke|p2|Thundurus-Therian, M|
|teampreview
|inactive|Battle timer is ON: inactive players will automatically lose when time's up. (requested by sgodxis)
|inactive|Winter6097 also wants the timer to be on.
|
|t:|1758314036
|teamsize|p1|6
|teamsize|p2|6
|start
|switch|p1a: Literal nuke|Walking Wake|100/100
|switch|p2a: Great Tusk|Great Tusk|100/100
|turn|1
|
|t:|1758314040
|-end|p2a: Great Tusk|Protosynthesis|[silent]
|switch|p2a: Slither Wing|Slither Wing|100/100
|move|p1a: Literal nuke|Draco Meteor|p2a: Slither Wing
|-damage|p2a: Slither Wing|29/100
|-unboost|p1a: Literal nuke|spa|2
|
|upkeep
|turn|2
|
|t:|1758314047
|-end|p1a: Literal nuke|Protosynthesis|[silent]
|switch|p1a: Mr.Boombastic|Torkoal, F|100/100
|-weather|SunnyDay|[from] ability: Drought|[of] p1a: Mr.Boombastic
|-activate|p2a: Slither Wing|ability: Protosynthesis
|-start|p2a: Slither Wing|protosynthesisatk
|move|p2a: Slither Wing|U-turn|p1a: Mr.Boombastic
|-resisted|p1a: Mr.Boombastic
|-damage|p1a: Mr.Boombastic|82/100
|
|t:|1758314056
|-end|p2a: Slither Wing|Protosynthesis|[silent]
|switch|p2a: Great Tusk|Great Tusk|100/100|[from] U-turn
|-activate|p2a: Great Tusk|ability: Protosynthesis
|-start|p2a: Great Tusk|protosynthesisatk
|
|-weather|SunnyDay|[upkeep]
|upkeep
|turn|3
|
|t:|1758314063
|switch|p1a: AaAAAaaaaAhhHH|Scream Tail|100/100
|-activate|p1a: AaAAAaaaaAhhHH|ability: Protosynthesis
|-start|p1a: AaAAAaaaaAhhHH|protosynthesisspd
|move|p2a: Great Tusk|Headlong Rush|p1a: AaAAAaaaaAhhHH
|-damage|p1a: AaAAAaaaaAhhHH|39/100
|-unboost|p2a: Great Tusk|def|1
|-unboost|p2a: Great Tusk|spd|1
|
|-weather|SunnyDay|[upkeep]
|-heal|p1a: AaAAAaaaaAhhHH|45/100|[from] item: Leftovers
|upkeep
|turn|4
|
|t:|1758314079
|move|p1a: AaAAAaaaaAhhHH|Protect|p1a: AaAAAaaaaAhhHH
|-singleturn|p1a: AaAAAaaaaAhhHH|Protect
|move|p2a: Great Tusk|Headlong Rush|p1a: AaAAAaaaaAhhHH
|-activate|p1a: AaAAAaaaaAhhHH|move: Protect
|
|-weather|SunnyDay|[upkeep]
|-heal|p1a: AaAAAaaaaAhhHH|52/100|[from] item: Leftovers
|upkeep
|turn|5
|
|t:|1758314087
|-end|p1a: AaAAAaaaaAhhHH|Protosynthesis|[silent]
|switch|p1a: Donphan2.0|Great Tusk|100/100
|-activate|p1a: Donphan2.0|ability: Protosynthesis
|-start|p1a: Donphan2.0|protosynthesisatk
|move|p2a: Great Tusk|Headlong Rush|p1a: Donphan2.0
|-crit|p1a: Donphan2.0
|-damage|p1a: Donphan2.0|18/100
|-unboost|p2a: Great Tusk|def|1
|-unboost|p2a: Great Tusk|spd|1
|
|-weather|SunnyDay|[upkeep]
|-heal|p1a: Donphan2.0|24/100|[from] item: Leftovers
|upkeep
|turn|6
|
|t:|1758314090
|-end|p2a: Great Tusk|Protosynthesis|[silent]
|switch|p2a: Thundurus|Thundurus-Therian, M|100/100
|move|p1a: Donphan2.0|Headlong Rush|p2a: Thundurus
|-immune|p2a: Thundurus
|
|-weather|SunnyDay|[upkeep]
|-heal|p1a: Donphan2.0|30/100|[from] item: Leftovers
|upkeep
|turn|7
|
|t:|1758314099
|-end|p1a: Donphan2.0|Protosynthesis|[silent]
|switch|p1a: Literal nuke|Walking Wake|100/100
|-activate|p1a: Literal nuke|ability: Protosynthesis
|-start|p1a: Literal nuke|protosynthesisspe
|move|p2a: Thundurus|Grass Knot|p1a: Literal nuke
|-damage|p1a: Literal nuke|52/100
|
|-weather|SunnyDay|[upkeep]
|upkeep
|turn|8
|
|t:|1758314107
|move|p1a: Literal nuke|Hydro Steam|p2a: Thundurus
|-damage|p2a: Thundurus|0 fnt
|faint|p2a: Thundurus
|
|-weather|SunnyDay|[upkeep]
|upkeep
|
|t:|1758314109
|switch|p2a: Walking Wake|Walking Wake|100/100
|-activate|p2a: Walking Wake|ability: Protosynthesis
|-start|p2a: Walking Wake|protosynthesisspe
|turn|9
|
|t:|1758314112
|-end|p1a: Literal nuke|Protosynthesis|[silent]
|switch|p1a: AaAAAaaaaAhhHH|Scream Tail|52/100
|-activate|p1a: AaAAAaaaaAhhHH|ability: Protosynthesis
|-start|p1a: AaAAAaaaaAhhHH|protosynthesisspd
|move|p2a: Walking Wake|Hydro Steam|p1a: AaAAAaaaaAhhHH
|-damage|p1a: AaAAAaaaaAhhHH|10/100
|
|-weather|none
|-end|p2a: Walking Wake|Protosynthesis
|-end|p1a: AaAAAaaaaAhhHH|Protosynthesis
|-heal|p1a: AaAAAaaaaAhhHH|16/100|[from] item: Leftovers
|upkeep
|turn|10
|
|t:|1758314117
|-end|p1a: AaAAAaaaaAhhHH|Protosynthesis|[silent]
|switch|p1a: Literal nuke|Walking Wake|52/100
|move|p2a: Walking Wake|Hydro Steam|p1a: Literal nuke
|-resisted|p1a: Literal nuke
|-damage|p1a: Literal nuke|35/100
|
|upkeep
|turn|11
|
|t:|1758314124
|-end|p2a: Walking Wake|Protosynthesis|[silent]
|switch|p2a: Slither Wing|Slither Wing|29/100
|move|p1a: Literal nuke|Flip Turn|p2a: Slither Wing
|-damage|p2a: Slither Wing|9/100
|
|t:|1758314145
|-end|p1a: Literal nuke|Protosynthesis|[silent]
|switch|p1a: Bittersweet|Ceruledge, F|100/100|[from] Flip Turn
|
|upkeep
|turn|12
|
|t:|1758314158
|-end|p2a: Slither Wing|Protosynthesis|[silent]
|switch|p2a: Venusaur|Venusaur, F|100/100
|move|p1a: Bittersweet|Swords Dance|p1a: Bittersweet
|-boost|p1a: Bittersweet|atk|2
|
|upkeep
|turn|13
|
|t:|1758314165
|-terastallize|p2a: Venusaur|Fire
|move|p1a: Bittersweet|Bitter Blade|p2a: Venusaur
|-resisted|p2a: Venusaur
|-damage|p2a: Venusaur|36/100
|move|p2a: Venusaur|Earth Power|p1a: Bittersweet
|-supereffective|p1a: Bittersweet
|-damage|p1a: Bittersweet|12/100
|-damage|p2a: Venusaur|26/100|[from] item: Life Orb
|
|upkeep
|turn|14
|
|t:|1758314173
|move|p1a: Bittersweet|Bitter Blade|p2a: Venusaur
|-resisted|p2a: Venusaur
|-damage|p2a: Venusaur|0 fnt
|-heal|p1a: Bittersweet|26/100|[from] drain|[of] p2a: Venusaur
|faint|p2a: Venusaur
|
|upkeep
|
|t:|1758314178
|switch|p2a: Great Tusk|Great Tusk|100/100
|turn|15
|
|t:|1758314186
|move|p2a: Great Tusk|Headlong Rush|p1a: Bittersweet
|-supereffective|p1a: Bittersweet
|-damage|p1a: Bittersweet|0 fnt
|-unboost|p2a: Great Tusk|def|1
|-unboost|p2a: Great Tusk|spd|1
|faint|p1a: Bittersweet
|
|upkeep
|
|t:|1758314193
|switch|p1a: Literal nuke|Walking Wake|35/100
|turn|16
|
|t:|1758314197
|-end|p2a: Great Tusk|Protosynthesis|[silent]
|switch|p2a: Slither Wing|Slither Wing|9/100
|move|p1a: Literal nuke|Draco Meteor|p2a: Slither Wing
|-damage|p2a: Slither Wing|0 fnt
|-unboost|p1a: Literal nuke|spa|2
|faint|p2a: Slither Wing
|-end|p2a: Slither Wing|Protosynthesis|[silent]
|
|upkeep
|
|t:|1758314208
|switch|p2a: Walking Wake|Walking Wake|100/100
|turn|17
|
|t:|1758314215
|-end|p1a: Literal nuke|Protosynthesis|[silent]
|switch|p1a: AaAAAaaaaAhhHH|Scream Tail|16/100
|move|p2a: Walking Wake|Dragon Pulse|p1a: AaAAAaaaaAhhHH
|-immune|p1a: AaAAAaaaaAhhHH
|
|-heal|p1a: AaAAAaaaaAhhHH|22/100|[from] item: Leftovers
|upkeep
|turn|18
|
|t:|1758314221
|-end|p2a: Walking Wake|Protosynthesis|[silent]
|switch|p2a: Great Tusk|Great Tusk|100/100
|move|p1a: AaAAAaaaaAhhHH|Play Rough|p2a: Great Tusk
|-supereffective|p2a: Great Tusk
|-damage|p2a: Great Tusk|68/100
|
|-heal|p1a: AaAAAaaaaAhhHH|28/100|[from] item: Leftovers
|upkeep
|turn|19
|
|t:|1758314226
|move|p2a: Great Tusk|Rapid Spin|p1a: AaAAAaaaaAhhHH
|-damage|p1a: AaAAAaaaaAhhHH|15/100
|-boost|p2a: Great Tusk|spe|1
|move|p1a: AaAAAaaaaAhhHH|Play Rough|p2a: Great Tusk
|-supereffective|p2a: Great Tusk
|-damage|p2a: Great Tusk|39/100
|
|-heal|p1a: AaAAAaaaaAhhHH|21/100|[from] item: Leftovers
|upkeep
|turn|20
|
|t:|1758314233
|-end|p1a: AaAAAaaaaAhhHH|Protosynthesis|[silent]
|switch|p1a: Mr.Boombastic|Torkoal, F|82/100
|-weather|SunnyDay|[from] ability: Drought|[of] p1a: Mr.Boombastic
|-activate|p2a: Great Tusk|ability: Protosynthesis
|-start|p2a: Great Tusk|protosynthesisspe
|move|p2a: Great Tusk|Ice Spinner|p1a: Mr.Boombastic
|-resisted|p1a: Mr.Boombastic
|-damage|p1a: Mr.Boombastic|72/100
|
|-weather|SunnyDay|[upkeep]
|upkeep
|turn|21
|
|t:|1758314241
|-terastallize|p1a: Mr.Boombastic|Ghost
|move|p2a: Great Tusk|Headlong Rush|p1a: Mr.Boombastic
|-damage|p1a: Mr.Boombastic|24/100
|-unboost|p2a: Great Tusk|def|1
|-unboost|p2a: Great Tusk|spd|1
|move|p1a: Mr.Boombastic|Will-O-Wisp|p2a: Great Tusk
|-status|p2a: Great Tusk|brn
|
|-weather|SunnyDay|[upkeep]
|-damage|p2a: Great Tusk|32/100 brn|[from] brn
|upkeep
|turn|22
|
|t:|1758314247
|move|p2a: Great Tusk|Headlong Rush|p1a: Mr.Boombastic
|-damage|p1a: Mr.Boombastic|0 fnt
|-unboost|p2a: Great Tusk|def|1
|-unboost|p2a: Great Tusk|spd|1
|faint|p1a: Mr.Boombastic
|
|-weather|SunnyDay|[upkeep]
|-damage|p2a: Great Tusk|26/100 brn|[from] brn
|upkeep
|
|t:|1758314252
|switch|p1a: Gen 1 monster|Venusaur, F|100/100
|turn|23
|
|t:|1758314257
|move|p2a: Great Tusk|Ice Spinner|p1a: Gen 1 monster
|-supereffective|p1a: Gen 1 monster
|-damage|p1a: Gen 1 monster|62/100
|move|p1a: Gen 1 monster|Growth|p1a: Gen 1 monster
|-boost|p1a: Gen 1 monster|atk|2
|-boost|p1a: Gen 1 monster|spa|2
|
|-weather|SunnyDay|[upkeep]
|-damage|p2a: Great Tusk|20/100 brn|[from] brn
|upkeep
|turn|24
|
|t:|1758314260
|move|p2a: Great Tusk|Ice Spinner|p1a: Gen 1 monster
|-supereffective|p1a: Gen 1 monster
|-damage|p1a: Gen 1 monster|22/100
|move|p1a: Gen 1 monster|Giga Drain|p2a: Great Tusk
|-supereffective|p2a: Great Tusk
|-damage|p2a: Great Tusk|0 fnt
|-heal|p1a: Gen 1 monster|34/100|[from] drain|[of] p2a: Great Tusk
|faint|p2a: Great Tusk
|-end|p2a: Great Tusk|Protosynthesis|[silent]
|-damage|p1a: Gen 1 monster|24/100|[from] item: Life Orb
|
|-weather|SunnyDay|[upkeep]
|upkeep
|
|t:|1758314264
|switch|p2a: Walking Wake|Walking Wake|100/100
|-activate|p2a: Walking Wake|ability: Protosynthesis
|-start|p2a: Walking Wake|protosynthesisspe
|turn|25
|
|t:|1758314270
|move|p1a: Gen 1 monster|Sludge Bomb|p2a: Walking Wake
|-damage|p2a: Walking Wake|0 fnt
|faint|p2a: Walking Wake
|-end|p2a: Walking Wake|Protosynthesis|[silent]
|-damage|p1a: Gen 1 monster|14/100|[from] item: Life Orb
|
|-weather|SunnyDay|[upkeep]
|upkeep
|c|☆sgodxis|wp!
|-message|sgodxis forfeited.
|
|win|Winter6097
|raw|Winter6097's rating: 1482 &rarr; <strong>1504</strong><br />(+22 for winning)
|raw|sgodxis's rating: 1515 &rarr; <strong>1493</strong><br />(-22 for losing)
|l|☆sgodxis
|player|p2|
|c|☆Winter6097|Gg
