|j|☆grandmaster778
|j|☆BigBungusBong
|t:|1758342600
|gametype|singles
|player|p1|grandmaster778|265|1448
|player|p2|BigBungusBong|blackbelt-gen4dp|1381
|gen|9
|tier|[Gen 9] OU
|rated|
|rule|HP Percentage Mod: HP is shown in percentages
|rule|Endless Battle Clause: Forcing endless battles is banned
|rule|Species Clause: Limit one of each Pokémon
|rule|OHKO Clause: OHKO moves are banned
|rule|Evasion Items Clause: Evasion items are banned
|rule|Evasion Moves Clause: Evasion moves are banned
|rule|Evasion Abilities Clause: Evasion abilities are banned
|rule|Sleep Moves Clause: Sleep-inducing moves are banned
|clearpoke
|poke|p1|Arcanine-Hisui, F|
|poke|p1|Rillaboom, F|
|poke|p1|Kingambit, M|
|poke|p1|Great Tusk|
|poke|p1|Zapdos|
|poke|p1|Iron Boulder|
|poke|p2|Gliscor, M|
|poke|p2|Torkoal, F|
|poke|p2|Gholdengo|
|poke|p2|Great Tusk|
|poke|p2|Walking Wake|
|poke|p2|Rillaboom, F|
|teampreview
|inactive|Battle timer is ON: inactive players will automatically lose when time's up. (requested by BigBungusBong)
|inactive|grandmaster778 has 120 seconds left.
|
|t:|1758342690
|teamsize|p1|6
|teamsize|p2|6
|start
|switch|p1a: Great Tusk|Great Tusk|100/100
|switch|p2a: Torkoal|Torkoal, F|100/100
|-weather|SunnyDay|[from] ability: Drought|[of] p2a: Torkoal
|-activate|p1a: Great Tusk|ability: Protosynthesis
|-start|p1a: Great Tusk|protosynthesisspe
|turn|1
|
|t:|1758342710
|switch|p2a: Rillaboom|Rillaboom, F|100/100
|-fieldstart|move: Grassy Terrain|[from] ability: Grassy Surge|[of] p2a: Rillaboom
|move|p1a: Great Tusk|Headlong Rush|p2a: Rillaboom
|-resisted|p2a: Rillaboom
|-damage|p2a: Rillaboom|71/100
|-unboost|p1a: Great Tusk|def|1
|-unboost|p1a: Great Tusk|spd|1
|
|-weather|SunnyDay|[upkeep]
|-heal|p2a: Rillaboom|78/100|[from] Grassy Terrain
|upkeep
|turn|2
|
|t:|1758342715
|-end|p1a: Great Tusk|Protosynthesis|[silent]
|switch|p1a: Zapdos|Zapdos|100/100
|move|p2a: Rillaboom|U-turn|p1a: Zapdos
|-resisted|p1a: Zapdos
|-damage|p1a: Zapdos|86/100
|-status|p2a: Rillaboom|par|[from] ability: Static|[of] p1a: Zapdos
|
|t:|1758342731
|switch|p2a: Walking Wake|Walking Wake|100/100|[from] U-turn
|-activate|p2a: Walking Wake|ability: Protosynthesis
|-start|p2a: Walking Wake|protosynthesisspa
|
|-weather|SunnyDay|[upkeep]
|upkeep
|turn|3
|
|t:|1758342739
|switch|p1a: Rillaboom|Rillaboom, F|100/100
|move|p2a: Walking Wake|Hydro Steam|p1a: Rillaboom
|-resisted|p1a: Rillaboom
|-damage|p1a: Rillaboom|49/100
|
|-weather|SunnyDay|[upkeep]
|-heal|p1a: Rillaboom|56/100|[from] Grassy Terrain
|upkeep
|turn|4
|
|t:|1758342753
|-end|p2a: Walking Wake|Protosynthesis|[silent]
|switch|p2a: Torkoal|Torkoal, F|100/100
|move|p1a: Rillaboom|Knock Off|p2a: Torkoal
|-crit|p2a: Torkoal
|-damage|p2a: Torkoal|51/100
|-enditem|p2a: Torkoal|Heat Rock|[from] move: Knock Off|[of] p1a: Rillaboom
|
|-weather|SunnyDay|[upkeep]
|-heal|p1a: Rillaboom|62/100|[from] Grassy Terrain
|-heal|p2a: Torkoal|57/100|[from] Grassy Terrain
|upkeep
|turn|5
|
|t:|1758342765
|switch|p1a: Zapdos|Zapdos|86/100
|move|p2a: Torkoal|Stealth Rock|p1a: Zapdos
|-sidestart|p1: grandmaster778|move: Stealth Rock
|
|-weather|SunnyDay|[upkeep]
|-heal|p2a: Torkoal|63/100|[from] Grassy Terrain
|-fieldend|move: Grassy Terrain
|upkeep
|turn|6
|
|t:|1758342777
|switch|p2a: Gliscor|Gliscor, M|100/100
|move|p1a: Zapdos|Thunder Wave|p2a: Gliscor
|-immune|p2a: Gliscor
|
|-weather|SunnyDay|[upkeep]
|-status|p2a: Gliscor|tox|[from] item: Toxic Orb
|upkeep
|turn|7
|
|t:|1758342785
|switch|p1a: Great Tusk|Great Tusk|100/100
|-activate|p1a: Great Tusk|ability: Protosynthesis
|-start|p1a: Great Tusk|protosynthesisspe
|move|p2a: Gliscor|Swords Dance|p2a: Gliscor
|-boost|p2a: Gliscor|atk|2
|
|-weather|SunnyDay|[upkeep]
|upkeep
|turn|8
|
|t:|1758342792
|-terastallize|p2a: Gliscor|Normal
|move|p1a: Great Tusk|Ice Spinner|p2a: Gliscor
|-damage|p2a: Gliscor|81/100 tox
|move|p2a: Gliscor|Facade|p1a: Great Tusk
|-damage|p1a: Great Tusk|40/100
|
|-weather|none
|-end|p1a: Great Tusk|Protosynthesis
|-heal|p2a: Gliscor|93/100 tox|[from] ability: Poison Heal
|upkeep
|turn|9
|
|t:|1758342806
|move|p1a: Great Tusk|Rapid Spin|p2a: Gliscor
|-damage|p2a: Gliscor|81/100 tox
|-boost|p1a: Great Tusk|spe|1
|-sideend|p1: grandmaster778|Stealth Rock|[from] move: Rapid Spin|[of] p1a: Great Tusk
|move|p2a: Gliscor|Facade|p1a: Great Tusk
|-damage|p1a: Great Tusk|0 fnt
|faint|p1a: Great Tusk
|-end|p1a: Great Tusk|Protosynthesis|[silent]
|
|-heal|p2a: Gliscor|93/100 tox|[from] ability: Poison Heal
|upkeep
|
|t:|1758342830
|switch|p1a: Iron Boulder|Iron Boulder|100/100
|-enditem|p1a: Iron Boulder|Booster Energy
|-activate|p1a: Iron Boulder|ability: Quark Drive|[fromitem]
|-start|p1a: Iron Boulder|quarkdrivespe
|turn|10
|
|t:|1758342839
|-terastallize|p1a: Iron Boulder|Fighting
|move|p1a: Iron Boulder|Close Combat|p2a: Gliscor
|-supereffective|p2a: Gliscor
|-damage|p2a: Gliscor|2/100 tox
|-unboost|p1a: Iron Boulder|def|1
|-unboost|p1a: Iron Boulder|spd|1
|move|p2a: Gliscor|Knock Off|p1a: Iron Boulder
|-resisted|p1a: Iron Boulder
|-damage|p1a: Iron Boulder|73/100
|
|-heal|p2a: Gliscor|15/100 tox|[from] ability: Poison Heal
|upkeep
|turn|11
|
|t:|1758342850
|move|p2a: Gliscor|Protect|p2a: Gliscor
|-singleturn|p2a: Gliscor|Protect
|move|p1a: Iron Boulder|Close Combat|p2a: Gliscor
|-activate|p2a: Gliscor|move: Protect
|
|-heal|p2a: Gliscor|27/100 tox|[from] ability: Poison Heal
|upkeep
|turn|12
|
|t:|1758342859
|switch|p2a: Torkoal|Torkoal, F|63/100
|-weather|SunnyDay|[from] ability: Drought|[of] p2a: Torkoal
|move|p1a: Iron Boulder|Close Combat|p2a: Torkoal
|-damage|p2a: Torkoal|28/100
|-unboost|p1a: Iron Boulder|def|1
|-unboost|p1a: Iron Boulder|spd|1
|
|-weather|SunnyDay|[upkeep]
|upkeep
|turn|13
|
|t:|1758342865
|move|p1a: Iron Boulder|Close Combat|p2a: Torkoal
|-damage|p2a: Torkoal|0 fnt
|-unboost|p1a: Iron Boulder|def|1
|-unboost|p1a: Iron Boulder|spd|1
|faint|p2a: Torkoal
|
|-weather|SunnyDay|[upkeep]
|upkeep
|
|t:|1758342867
|switch|p2a: Walking Wake|Walking Wake|100/100
|-activate|p2a: Walking Wake|ability: Protosynthesis
|-start|p2a: Walking Wake|protosynthesisspa
|turn|14
|
|t:|1758342870
|move|p1a: Iron Boulder|Close Combat|p2a: Walking Wake
|-damage|p2a: Walking Wake|31/100
|-unboost|p1a: Iron Boulder|def|1
|-unboost|p1a: Iron Boulder|spd|1
|move|p2a: Walking Wake|Hydro Steam|p1a: Iron Boulder
|-damage|p1a: Iron Boulder|0 fnt
|faint|p1a: Iron Boulder
|-end|p1a: Iron Boulder|Quark Drive|[silent]
|
|-weather|SunnyDay|[upkeep]
|upkeep
|
|t:|1758342880
|switch|p1a: Rillaboom|Rillaboom, F|62/100
|-fieldstart|move: Grassy Terrain|[from] ability: Grassy Surge|[of] p1a: Rillaboom
|turn|15
|
|t:|1758342884
|-end|p2a: Walking Wake|Protosynthesis|[silent]
|switch|p2a: Gliscor|Gliscor, M, tera:Normal|27/100 tox
|move|p1a: Rillaboom|Grassy Glide|p2a: Gliscor
|-damage|p2a: Gliscor|0 fnt
|faint|p2a: Gliscor
|
|-weather|SunnyDay|[upkeep]
|-heal|p1a: Rillaboom|68/100|[from] Grassy Terrain
|upkeep
|
|t:|1758342890
|switch|p2a: Gholdengo|Gholdengo|100/100
|-item|p2a: Gholdengo|Air Balloon
|turn|16
|
|t:|1758342905
|switch|p1a: Zapdos|Zapdos|86/100
|switch|p2a: Great Tusk|Great Tusk|100/100
|-activate|p2a: Great Tusk|ability: Protosynthesis
|-start|p2a: Great Tusk|protosynthesisspe
|
|-weather|none
|-end|p2a: Great Tusk|Protosynthesis
|upkeep
|turn|17
|
|t:|1758342919
|move|p2a: Great Tusk|Ice Spinner|p1a: Zapdos
|-supereffective|p1a: Zapdos
|-damage|p1a: Zapdos|51/100
|-fieldend|move: Grassy Terrain
|move|p1a: Zapdos|Hurricane|p2a: Great Tusk|[miss]
|-miss|p1a: Zapdos|p2a: Great Tusk
|
|upkeep
|turn|18
|
|t:|1758342935
|-end|p2a: Great Tusk|Protosynthesis|[silent]
|switch|p2a: Gholdengo|Gholdengo|100/100
|-item|p2a: Gholdengo|Air Balloon
|move|p1a: Zapdos|Roost|p1a: Zapdos
|-heal|p1a: Zapdos|100/100
|-singleturn|p1a: Zapdos|move: Roost
|
|upkeep
|turn|19
|
|t:|1758342955
|move|p1a: Zapdos|Volt Switch|p2a: Gholdengo
|-damage|p2a: Gholdengo|70/100
|-enditem|p2a: Gholdengo|Air Balloon
|
|t:|1758342961
|switch|p1a: Arcanine|Arcanine-Hisui, F|100/100|[from] Volt Switch
|move|p2a: Gholdengo|Hex|p1a: Arcanine
|-damage|p1a: Arcanine|64/100
|
|upkeep
|turn|20
|
|t:|1758342970
|switch|p2a: Great Tusk|Great Tusk|100/100
|move|p1a: Arcanine|Flare Blitz|p2a: Great Tusk
|-damage|p2a: Great Tusk|42/100
|
|-heal|p2a: Great Tusk|49/100|[from] item: Leftovers
|upkeep
|turn|21
|inactive|grandmaster778 has 120 seconds left.
|
|t:|1758343009
|-end|p2a: Great Tusk|Protosynthesis|[silent]
|switch|p2a: Walking Wake|Walking Wake|31/100
|move|p1a: Arcanine|Flare Blitz|p2a: Walking Wake
|-resisted|p2a: Walking Wake
|-damage|p2a: Walking Wake|9/100
|
|upkeep
|turn|22
|
|t:|1758343031
|switch|p1a: Rillaboom|Rillaboom, F|68/100
|-fieldstart|move: Grassy Terrain|[from] ability: Grassy Surge|[of] p1a: Rillaboom
|move|p2a: Walking Wake|Flamethrower|p1a: Rillaboom
|-supereffective|p1a: Rillaboom
|-damage|p1a: Rillaboom|0 fnt
|faint|p1a: Rillaboom
|
|-heal|p2a: Walking Wake|16/100|[from] Grassy Terrain
|upkeep
|
|t:|1758343054
|switch|p1a: Kingambit|Kingambit, M|100/100
|-activate|p1a: Kingambit|ability: Supreme Overlord
|-start|p1a: Kingambit|fallen3|[silent]
|turn|23
|
|t:|1758343065
|move|p2a: Walking Wake|Flamethrower|p1a: Kingambit
|-supereffective|p1a: Kingambit
|-damage|p1a: Kingambit|32/100
|move|p1a: Kingambit|Swords Dance|p1a: Kingambit
|-boost|p1a: Kingambit|atk|2
|
|-heal|p2a: Walking Wake|22/100|[from] Grassy Terrain
|-heal|p1a: Kingambit|38/100|[from] Grassy Terrain
|-heal|p1a: Kingambit|44/100|[from] item: Leftovers
|upkeep
|turn|24
|
|t:|1758343069
|-end|p2a: Walking Wake|Protosynthesis|[silent]
|switch|p2a: Gholdengo|Gholdengo|70/100
|move|p1a: Kingambit|Sucker Punch||[still]
|-fail|p1a: Kingambit
|
|-heal|p2a: Gholdengo|76/100|[from] Grassy Terrain
|-heal|p1a: Kingambit|50/100|[from] Grassy Terrain
|-heal|p1a: Kingambit|56/100|[from] item: Leftovers
|upkeep
|turn|25
|
|t:|1758343074
|move|p1a: Kingambit|Sucker Punch||[still]
|-fail|p1a: Kingambit
|move|p2a: Gholdengo|Thunder Wave|p1a: Kingambit
|-status|p1a: Kingambit|par
|
|-heal|p2a: Gholdengo|83/100|[from] Grassy Terrain
|-heal|p1a: Kingambit|62/100 par|[from] Grassy Terrain
|-heal|p1a: Kingambit|68/100 par|[from] item: Leftovers
|upkeep
|turn|26
|
|t:|1758343088
|switch|p2a: Great Tusk|Great Tusk|49/100
|cant|p1a: Kingambit|par
|
|-heal|p2a: Great Tusk|55/100|[from] Grassy Terrain
|-heal|p2a: Great Tusk|61/100|[from] item: Leftovers
|-heal|p1a: Kingambit|74/100 par|[from] Grassy Terrain
|-heal|p1a: Kingambit|80/100 par|[from] item: Leftovers
|-fieldend|move: Grassy Terrain
|upkeep
|turn|27
|inactive|grandmaster778 has 120 seconds left.
|
|t:|1758343128
|move|p2a: Great Tusk|Substitute|p2a: Great Tusk
|-start|p2a: Great Tusk|Substitute
|-damage|p2a: Great Tusk|36/100
|cant|p1a: Kingambit|par
|
|-heal|p2a: Great Tusk|42/100|[from] item: Leftovers
|-heal|p1a: Kingambit|86/100 par|[from] item: Leftovers
|upkeep
|turn|28
|
|t:|1758343133
|move|p2a: Great Tusk|Bulk Up|p2a: Great Tusk
|-boost|p2a: Great Tusk|atk|1
|-boost|p2a: Great Tusk|def|1
|cant|p1a: Kingambit|par
|
|-heal|p2a: Great Tusk|49/100|[from] item: Leftovers
|-heal|p1a: Kingambit|92/100 par|[from] item: Leftovers
|upkeep
|turn|29
|-message|grandmaster778 forfeited.
|
|win|BigBungusBong
|raw|grandmaster778's rating: 1448 &rarr; <strong>1424</strong><br />(-24 for losing)
|raw|BigBungusBong's rating: 1381 &rarr; <strong>1405</strong><br />(+24 for winning)
|l|☆grandmaster778
|player|p1|
|l|☆BigBungusBong
|player|p2|
