|j|☆Everystaraneye
|j|☆bilfd
|t:|1758333595
|gametype|singles
|player|p1|Everystaraneye|hilda-wonderlauncher|1318
|player|p2|bilfd|miku-ghost|1276
|gen|9
|tier|[Gen 9] OU
|rated|
|rule|HP Percentage Mod: HP is shown in percentages
|rule|Endless Battle Clause: Forcing endless battles is banned
|rule|Species Clause: Limit one of each Pokémon
|rule|OHKO Clause: OHKO moves are banned
|rule|Evasion Items Clause: Evasion items are banned
|rule|Evasion Moves Clause: Evasion moves are banned
|rule|Evasion Abilities Clause: Evasion abilities are banned
|rule|Sleep Moves Clause: Sleep-inducing moves are banned
|clearpoke
|poke|p1|Great Tusk|
|poke|p1|Metagross|
|poke|p1|Ogerpon-Wellspring, F|
|poke|p1|Weezing-Galar, F|
|poke|p1|Darkrai|
|poke|p1|Clefable, M|
|poke|p2|Samurott-Hisui, F|
|poke|p2|Iron Treads|
|poke|p2|Hatterene, F|
|poke|p2|Kingambit, M|
|poke|p2|Iron Moth|
|poke|p2|Polteageist-Antique|
|teampreview
|inactive|Battle timer is ON: inactive players will automatically lose when time's up. (requested by bilfd)
|
|t:|1758333600
|teamsize|p1|6
|teamsize|p2|6
|start
|switch|p1a: Rand|Weezing-Galar, F|100/100
|switch|p2a: Samurott|Samurott-Hisui, F|100/100
|-ability|p1a: Rand|Neutralizing Gas
|turn|1
|
|t:|1758333611
|move|p2a: Samurott|Flip Turn|p1a: Rand
|-damage|p1a: Rand|81/100
|
|t:|1758333615
|switch|p2a: Iron Treads|Iron Treads|100/100|[from] Flip Turn
|move|p1a: Rand|Strange Steam|p2a: Iron Treads
|-resisted|p2a: Iron Treads
|-damage|p2a: Iron Treads|82/100
|
|upkeep
|turn|2
|
|t:|1758333629
|-end|p1a: Rand|ability: Neutralizing Gas
|switch|p1a: Machiavelli|Great Tusk|100/100
|-enditem|p2a: Iron Treads|Booster Energy
|-activate|p2a: Iron Treads|ability: Quark Drive|[fromitem]
|-start|p2a: Iron Treads|quarkdrivespe
|move|p2a: Iron Treads|Iron Head|p1a: Machiavelli
|-damage|p1a: Machiavelli|72/100
|
|upkeep
|turn|3
|
|t:|1758333651
|-end|p2a: Iron Treads|Quark Drive|[silent]
|switch|p2a: Samurott|Samurott-Hisui, F|100/100
|move|p1a: Machiavelli|Close Combat|p2a: Samurott
|-supereffective|p2a: Samurott
|-damage|p2a: Samurott|0 fnt
|-unboost|p1a: Machiavelli|def|1
|-unboost|p1a: Machiavelli|spd|1
|faint|p2a: Samurott
|
|upkeep
|
|t:|1758333657
|switch|p2a: Hatterene|Hatterene, F|100/100
|turn|4
|
|t:|1758333663
|-end|p1a: Machiavelli|Protosynthesis|[silent]
|switch|p1a: Aquinas|Metagross|100/100
|move|p2a: Hatterene|Draining Kiss|p1a: Aquinas
|-resisted|p1a: Aquinas
|-damage|p1a: Aquinas|93/100
|
|upkeep
|turn|5
|
|t:|1758333669
|switch|p2a: Iron Moth|Iron Moth|100/100
|-enditem|p2a: Iron Moth|Booster Energy
|-activate|p2a: Iron Moth|ability: Quark Drive|[fromitem]
|-start|p2a: Iron Moth|quarkdrivespe
|move|p1a: Aquinas|Heavy Slam|p2a: Iron Moth
|-resisted|p2a: Iron Moth
|-damage|p2a: Iron Moth|44/100
|
|upkeep
|turn|6
|
|t:|1758333678
|move|p2a: Iron Moth|Fiery Dance|p1a: Aquinas
|-supereffective|p1a: Aquinas
|-damage|p1a: Aquinas|37/100
|-boost|p2a: Iron Moth|spa|1
|move|p1a: Aquinas|Heavy Slam|p2a: Iron Moth
|-resisted|p2a: Iron Moth
|-damage|p2a: Iron Moth|0 fnt
|faint|p2a: Iron Moth
|-end|p2a: Iron Moth|Quark Drive|[silent]
|
|upkeep
|
|t:|1758333686
|switch|p2a: Iron Treads|Iron Treads|82/100
|turn|7
|
|t:|1758333689
|move|p2a: Iron Treads|Earthquake|p1a: Aquinas
|-supereffective|p1a: Aquinas
|-crit|p1a: Aquinas
|-damage|p1a: Aquinas|0 fnt
|faint|p1a: Aquinas
|
|upkeep
|
|t:|1758333694
|switch|p1a: Machiavelli|Great Tusk|72/100
|turn|8
|
|t:|1758333699
|move|p2a: Iron Treads|Earthquake|p1a: Machiavelli
|-damage|p1a: Machiavelli|38/100
|move|p1a: Machiavelli|Headlong Rush|p2a: Iron Treads
|-supereffective|p2a: Iron Treads
|-damage|p2a: Iron Treads|0 fnt
|-unboost|p1a: Machiavelli|def|1
|-unboost|p1a: Machiavelli|spd|1
|faint|p2a: Iron Treads
|-end|p2a: Iron Treads|Quark Drive|[silent]
|
|upkeep
|
|t:|1758333703
|switch|p2a: Hatterene|Hatterene, F|100/100
|turn|9
|
|t:|1758333707
|move|p1a: Machiavelli|Headlong Rush|p2a: Hatterene
|-damage|p2a: Hatterene|41/100
|-unboost|p1a: Machiavelli|def|1
|-unboost|p1a: Machiavelli|spd|1
|-enditem|p2a: Hatterene|Eject Button
|
|t:|1758333710
|switch|p2a: Polteageist|Polteageist-Antique|100/100
|
|upkeep
|turn|10
|
|t:|1758333716
|move|p1a: Machiavelli|Knock Off|p2a: Polteageist
|-supereffective|p2a: Polteageist
|-enditem|p2a: Polteageist|Focus Sash
|-damage|p2a: Polteageist|1/100
|-ability|p2a: Polteageist|Weak Armor|boost
|-unboost|p2a: Polteageist|def|1
|-boost|p2a: Polteageist|spe|2
|move|p2a: Polteageist|Shell Smash|p2a: Polteageist
|-unboost|p2a: Polteageist|def|1
|-unboost|p2a: Polteageist|spd|1
|-boost|p2a: Polteageist|atk|2
|-boost|p2a: Polteageist|spa|2
|-boost|p2a: Polteageist|spe|2
|
|upkeep
|turn|11
|
|t:|1758333728
|move|p2a: Polteageist|Shadow Ball|p1a: Machiavelli
|-damage|p1a: Machiavelli|0 fnt
|faint|p1a: Machiavelli
|-end|p1a: Machiavelli|Protosynthesis|[silent]
|
|upkeep
|
|t:|1758333731
|switch|p1a: Camus|Clefable, M|100/100
|turn|12
|
|t:|1758333735
|move|p2a: Polteageist|Stored Power|p1a: Camus
|-damage|p1a: Camus|36/100
|move|p1a: Camus|Moonblast|p2a: Polteageist
|-damage|p2a: Polteageist|0 fnt
|faint|p2a: Polteageist
|
|-heal|p1a: Camus|42/100|[from] item: Leftovers
|upkeep
|
|t:|1758333741
|switch|p2a: Hatterene|Hatterene, F|41/100
|turn|13
|
|t:|1758333746
|move|p1a: Camus|Moonlight|p1a: Camus
|-heal|p1a: Camus|92/100
|move|p2a: Hatterene|Nuzzle|p1a: Camus
|-damage|p1a: Camus|89/100
|-status|p1a: Camus|par
|
|-heal|p1a: Camus|95/100 par|[from] item: Leftovers
|upkeep
|turn|14
|
|t:|1758333752
|move|p2a: Hatterene|Psyshock|p1a: Camus
|-damage|p1a: Camus|70/100 par
|cant|p1a: Camus|par
|
|-heal|p1a: Camus|76/100 par|[from] item: Leftovers
|upkeep
|turn|15
|
|t:|1758333757
|move|p2a: Hatterene|Mystical Fire|p1a: Camus
|-damage|p1a: Camus|54/100 par
|-unboost|p1a: Camus|spa|1
|cant|p1a: Camus|par
|
|-heal|p1a: Camus|61/100 par|[from] item: Leftovers
|upkeep
|turn|16
|
|t:|1758333766
|move|p2a: Hatterene|Draining Kiss|p1a: Camus
|-damage|p1a: Camus|40/100 par
|-heal|p2a: Hatterene|60/100|[from] drain|[of] p1a: Camus
|move|p1a: Camus|Moonlight|p1a: Camus
|-heal|p1a: Camus|90/100 par
|
|-heal|p1a: Camus|96/100 par|[from] item: Leftovers
|upkeep
|turn|17
|
|t:|1758333771
|move|p2a: Hatterene|Draining Kiss|p1a: Camus
|-damage|p1a: Camus|72/100 par
|-heal|p2a: Hatterene|82/100|[from] drain|[of] p1a: Camus
|move|p1a: Camus|Moonblast|p2a: Hatterene
|-crit|p2a: Hatterene
|-damage|p2a: Hatterene|35/100
|
|-heal|p1a: Camus|78/100 par|[from] item: Leftovers
|upkeep
|turn|18
|
|t:|1758333778
|move|p2a: Hatterene|Draining Kiss|p1a: Camus
|-damage|p1a: Camus|55/100 par
|-heal|p2a: Hatterene|56/100|[from] drain|[of] p1a: Camus
|move|p1a: Camus|Moonblast|p2a: Hatterene
|-damage|p2a: Hatterene|38/100
|
|-heal|p1a: Camus|61/100 par|[from] item: Leftovers
|upkeep
|turn|19
|
|t:|1758333788
|switch|p1a: Rand|Weezing-Galar, F|81/100
|-ability|p1a: Rand|Neutralizing Gas
|move|p2a: Hatterene|Draining Kiss|p1a: Rand
|-resisted|p1a: Rand
|-damage|p1a: Rand|65/100
|-heal|p2a: Hatterene|50/100|[from] drain|[of] p1a: Rand
|
|upkeep
|turn|20
|
|t:|1758333794
|move|p1a: Rand|Strange Steam|p2a: Hatterene
|-damage|p2a: Hatterene|25/100
|move|p2a: Hatterene|Psyshock|p1a: Rand
|-supereffective|p1a: Rand
|-damage|p1a: Rand|20/100
|
|upkeep
|turn|21
|
|t:|1758333799
|move|p1a: Rand|Strange Steam|p2a: Hatterene
|-crit|p2a: Hatterene
|-damage|p2a: Hatterene|0 fnt
|faint|p2a: Hatterene
|
|upkeep
|
|t:|1758333801
|switch|p2a: Kingambit|Kingambit, M|100/100
|turn|22
|
|t:|1758333812
|move|p1a: Rand|Pain Split|p2a: Kingambit
|-sethp|p2a: Kingambit|58/100|[from] move: Pain Split|[silent]
|-sethp|p1a: Rand|71/100|[from] move: Pain Split
|move|p2a: Kingambit|Iron Head|p1a: Rand
|-supereffective|p1a: Rand
|-damage|p1a: Rand|11/100
|
|upkeep
|turn|23
|
|t:|1758333821
|move|p1a: Rand|Strange Steam|p2a: Kingambit
|-damage|p2a: Kingambit|29/100
|move|p2a: Kingambit|Swords Dance|p2a: Kingambit
|-boost|p2a: Kingambit|atk|2
|
|upkeep
|turn|24
|
|t:|1758333826
|move|p2a: Kingambit|Sucker Punch|p1a: Rand
|-resisted|p1a: Rand
|-damage|p1a: Rand|0 fnt
|faint|p1a: Rand
|-end|p1a: Rand|ability: Neutralizing Gas
|-activate|p2a: Kingambit|ability: Supreme Overlord
|-start|p2a: Kingambit|fallen5|[silent]
|
|upkeep
|
|t:|1758333834
|switch|p1a: Camus|Clefable, M|61/100 par
|turn|25
|
|t:|1758333842
|move|p2a: Kingambit|Iron Head|p1a: Camus
|-supereffective|p1a: Camus
|-damage|p1a: Camus|0 fnt
|faint|p1a: Camus
|
|upkeep
|
|t:|1758333853
|switch|p1a: Nietzsche|Darkrai|100/100
|turn|26
|
|t:|1758333865
|move|p1a: Nietzsche|Dark Pulse|p2a: Kingambit
|-resisted|p2a: Kingambit
|-damage|p2a: Kingambit|10/100
|move|p2a: Kingambit|Iron Head|p1a: Nietzsche
|-damage|p1a: Nietzsche|0 fnt
|faint|p1a: Nietzsche
|
|upkeep
|
|t:|1758333870
|switch|p1a: Hegel|Ogerpon-Wellspring, F|100/100
|turn|27
|inactive|bilfd has 120 seconds left.
|
|t:|1758333927
|-terastallize|p1a: Hegel|Water
|detailschange|p1a: Hegel|Ogerpon-Wellspring-Tera, F, tera:Water
|-ability|p1a: Hegel|Embody Aspect (Wellspring)|boost
|-boost|p1a: Hegel|spd|1
|move|p2a: Kingambit|Sucker Punch|p1a: Hegel
|-damage|p1a: Hegel|0 fnt
|faint|p1a: Hegel
|detailschange|p1: Hegel|Ogerpon-Wellspring, F|[silent]
|
|win|bilfd
|raw|Everystaraneye's rating: 1318 &rarr; <strong>1296</strong><br />(-22 for losing)
|raw|bilfd's rating: 1276 &rarr; <strong>1304</strong><br />(+28 for winning)
