|j|☆prhjrh
|j|☆schalo
|t:|1758371207
|gametype|singles
|player|p1|prhjrh|265|1303
|player|p2|schalo|harlequin|1357
|gen|9
|tier|[Gen 9] OU
|rated|
|rule|HP Percentage Mod: HP is shown in percentages
|rule|Endless Battle Clause: Forcing endless battles is banned
|rule|Species Clause: Limit one of each Pokémon
|rule|OHKO Clause: OHKO moves are banned
|rule|Evasion Items Clause: Evasion items are banned
|rule|Evasion Moves Clause: Evasion moves are banned
|rule|Evasion Abilities Clause: Evasion abilities are banned
|rule|Sleep Moves Clause: Sleep-inducing moves are banned
|clearpoke
|poke|p1|Ting-Lu|
|poke|p1|Latios, M|
|poke|p1|Corviknight, M|
|poke|p1|Goodra, F|
|poke|p1|Pecharunt|
|poke|p1|Scizor, F|
|poke|p2|Slowking, M|
|poke|p2|Thundurus, M|
|poke|p2|Kyurem|
|poke|p2|Iron Treads|
|poke|p2|Krookodile, F|
|poke|p2|Metagross|
|teampreview
|inactive|Battle timer is ON: inactive players will automatically lose when time's up. (requested by prhjrh)
|inactive|schalo has 120 seconds left.
|
|t:|1758371254
|teamsize|p1|6
|teamsize|p2|6
|start
|switch|p1a: Scizor|Scizor, F|100/100
|switch|p2a: Krookodile|Krookodile, F|100/100
|-ability|p2a: Krookodile|Intimidate|boost
|-unboost|p1a: Scizor|atk|1
|turn|1
|
|t:|1758371267
|switch|p2a: Slowking|Slowking, M|100/100
|move|p1a: Scizor|U-turn|p2a: Slowking
|-supereffective|p2a: Slowking
|-damage|p2a: Slowking|17/100
|
|t:|1758371280
|switch|p1a: Latios|Latios, M|100/100|[from] U-turn
|
|upkeep
|turn|2
|inactive|schalo has 120 seconds left.
|
|t:|1758371314
|switch|p2a: Metagross|Metagross|100/100
|move|p1a: Latios|Draco Meteor|p2a: Metagross
|-resisted|p2a: Metagross
|-damage|p2a: Metagross|60/100
|-unboost|p1a: Latios|spa|2
|
|upkeep
|turn|3
|inactive|schalo has 120 seconds left.
|
|t:|1758371335
|switch|p1a: Corviknight|Corviknight, M|100/100
|-ability|p1a: Corviknight|Pressure
|switch|p2a: Iron Treads|Iron Treads|100/100
|
|upkeep
|turn|4
|
|t:|1758371346
|move|p2a: Iron Treads|Volt Switch|p1a: Corviknight
|-supereffective|p1a: Corviknight
|-damage|p1a: Corviknight|75/100
|inactive|schalo has 90 seconds left.
|
|t:|1758371374
|-end|p2a: Iron Treads|Quark Drive|[silent]
|switch|p2a: Krookodile|Krookodile, F|100/100|[from] Volt Switch
|-ability|p2a: Krookodile|Intimidate|boost
|-unboost|p1a: Corviknight|atk|1
|move|p1a: Corviknight|Body Press|p2a: Krookodile
|-supereffective|p2a: Krookodile
|-damage|p2a: Krookodile|35/100
|
|upkeep
|turn|5
|inactive|schalo has 90 seconds left.
|
|t:|1758371387
|switch|p2a: Slowking|Slowking, M|50/100
|move|p1a: Corviknight|U-turn|p2a: Slowking
|-supereffective|p2a: Slowking
|-damage|p2a: Slowking|30/100
|
|t:|1758371394
|switch|p1a: Scizor|Scizor, F|100/100|[from] U-turn
|
|upkeep
|turn|6
|
|t:|1758371406
|switch|p2a: Krookodile|Krookodile, F|35/100
|-ability|p2a: Krookodile|Intimidate|boost
|-unboost|p1a: Scizor|atk|1
|move|p1a: Scizor|U-turn|p2a: Krookodile
|-supereffective|p2a: Krookodile
|-damage|p2a: Krookodile|0 fnt
|faint|p2a: Krookodile
|
|t:|1758371417
|switch|p1a: Latios|Latios, M|100/100|[from] U-turn
|
|upkeep
|
|t:|1758371425
|switch|p2a: Slowking|Slowking, M|63/100
|turn|7
|
|t:|1758371431
|move|p1a: Latios|Flip Turn|p2a: Slowking
|-resisted|p2a: Slowking
|-damage|p2a: Slowking|58/100
|
|t:|1758371434
|switch|p1a: Scizor|Scizor, F|100/100|[from] Flip Turn
|-prepare|p2a: Slowking|Chilly Reception|[premajor]
|move|p2a: Slowking|Chilly Reception|p2a: Slowking
|-weather|Snowscape
|inactive|schalo has 90 seconds left.
|
|t:|1758371468
|switch|p2a: Thundurus|Thundurus, M|100/100|[from] Chilly Reception
|
|-weather|Snowscape|[upkeep]
|upkeep
|turn|8
|
|t:|1758371476
|move|p2a: Thundurus|Thunderbolt|p1a: Scizor
|-damage|p1a: Scizor|47/100
|move|p1a: Scizor|U-turn|p2a: Thundurus
|-resisted|p2a: Thundurus
|-damage|p2a: Thundurus|53/100
|
|t:|1758371483
|switch|p1a: Latios|Latios, M|100/100|[from] U-turn
|
|-weather|Snowscape|[upkeep]
|upkeep
|turn|9
|inactive|schalo has 90 seconds left.
|
|t:|1758371516
|move|p2a: Thundurus|Volt Switch|p1a: Latios
|-resisted|p1a: Latios
|-damage|p1a: Latios|82/100
|
|t:|1758371520
|switch|p2a: Slowking|Slowking, M|91/100|[from] Volt Switch
|move|p1a: Latios|Flip Turn|p2a: Slowking
|-resisted|p2a: Slowking
|-damage|p2a: Slowking|85/100
|
|t:|1758371527
|switch|p1a: Scizor|Scizor, F|47/100|[from] Flip Turn
|
|-weather|Snowscape|[upkeep]
|upkeep
|turn|10
|inactive|schalo has 90 seconds left.
|
|t:|1758371547
|switch|p2a: Thundurus|Thundurus, M|53/100
|move|p1a: Scizor|U-turn|p2a: Thundurus
|-resisted|p2a: Thundurus
|-damage|p2a: Thundurus|4/100
|
|t:|1758371556
|switch|p1a: Goodra|Goodra, F|100/100|[from] U-turn
|
|-weather|Snowscape|[upkeep]
|upkeep
|turn|11
|inactive|schalo has 90 seconds left.
|
|t:|1758371568
|move|p2a: Thundurus|Volt Switch|p1a: Goodra
|-resisted|p1a: Goodra
|-damage|p1a: Goodra|92/100
|inactive|schalo has 90 seconds left.
|
|t:|1758371599
|switch|p2a: Slowking|Slowking, M|100/100|[from] Volt Switch
|move|p1a: Goodra|Fire Blast|p2a: Slowking
|-resisted|p2a: Slowking
|-damage|p2a: Slowking|90/100
|
|-weather|Snowscape|[upkeep]
|upkeep
|turn|12
|
|t:|1758371608
|move|p1a: Goodra|Thunderbolt|p2a: Slowking
|-supereffective|p2a: Slowking
|-damage|p2a: Slowking|56/100
|move|p2a: Slowking|Future Sight|p1a: Goodra
|-start|p2a: Slowking|move: Future Sight
|
|-weather|Snowscape|[upkeep]
|upkeep
|turn|13
|
|t:|1758371626
|move|p1a: Goodra|Thunderbolt|p2a: Slowking
|-supereffective|p2a: Slowking
|-damage|p2a: Slowking|26/100
|-status|p2a: Slowking|par
|-prepare|p2a: Slowking|Chilly Reception|[premajor]
|move|p2a: Slowking|Chilly Reception|p2a: Slowking
|
|t:|1758371633
|switch|p2a: Kyurem|Kyurem|100/100|[from] Chilly Reception
|-ability|p2a: Kyurem|Pressure
|
|-weather|Snowscape|[upkeep]
|upkeep
|turn|14
|inactive|schalo has 60 seconds left.
|
|t:|1758371669
|switch|p1a: Corviknight|Corviknight, M|75/100
|-ability|p1a: Corviknight|Pressure
|-terastallize|p2a: Kyurem|Ice
|move|p2a: Kyurem|Blizzard|p1a: Corviknight
|-damage|p1a: Corviknight|0 fnt
|faint|p1a: Corviknight
|
|-weather|none
|-hint|Future Sight did not hit because the target is fainted.
|upkeep
|
|t:|1758371682
|switch|p1a: Scizor|Scizor, F|47/100
|turn|15
|
|t:|1758371703
|-terastallize|p1a: Scizor|Steel
|move|p1a: Scizor|Bullet Punch|p2a: Kyurem
|-supereffective|p2a: Kyurem
|-damage|p2a: Kyurem|0 fnt
|faint|p2a: Kyurem
|
|upkeep
|inactive|schalo has 30 seconds left.
|inactive|schalo has 20 seconds left.
|
|t:|1758371724
|switch|p2a: Thundurus|Thundurus, M|4/100
|turn|16
|inactive|schalo has 30 seconds left this turn.
|
|t:|1758371729
|move|p2a: Thundurus|Thunder Wave|p1a: Scizor
|-status|p1a: Scizor|par
|move|p1a: Scizor|Bullet Punch|p2a: Thundurus
|-resisted|p2a: Thundurus
|-damage|p2a: Thundurus|0 fnt
|faint|p2a: Thundurus
|
|upkeep
|inactive|schalo has 30 seconds left.
|
|t:|1758371739
|switch|p2a: Metagross|Metagross|60/100
|turn|17
|
|t:|1758371745
|switch|p1a: Pecharunt|Pecharunt|100/100
|-item|p1a: Pecharunt|Air Balloon
|move|p2a: Metagross|Hammer Arm|p1a: Pecharunt
|-immune|p1a: Pecharunt
|
|upkeep
|turn|18
|
|t:|1758371757
|switch|p2a: Iron Treads|Iron Treads|100/100
|move|p1a: Pecharunt|Foul Play|p2a: Iron Treads
|-damage|p2a: Iron Treads|82/100
|-damage|p1a: Pecharunt|84/100|[from] item: Rocky Helmet|[of] p2a: Iron Treads
|
|upkeep
|turn|19
|
|t:|1758371765
|move|p2a: Iron Treads|Stealth Rock|p1a: Pecharunt
|-sidestart|p1: prhjrh|move: Stealth Rock
|move|p1a: Pecharunt|Parting Shot|p2a: Iron Treads
|-unboost|p2a: Iron Treads|atk|1
|-unboost|p2a: Iron Treads|spa|1
|
|t:|1758371772
|switch|p1a: Ting-Lu|Ting-Lu|100/100|[from] Parting Shot
|-damage|p1a: Ting-Lu|94/100|[from] Stealth Rock
|-ability|p1a: Ting-Lu|Vessel of Ruin
|
|-heal|p1a: Ting-Lu|100/100|[from] item: Leftovers
|upkeep
|turn|20
|inactive|schalo has 30 seconds left.
|
|t:|1758371803
|-end|p2a: Iron Treads|Quark Drive|[silent]
|switch|p2a: Metagross|Metagross|60/100
|move|p1a: Ting-Lu|Earthquake|p2a: Metagross
|-supereffective|p2a: Metagross
|-enditem|p2a: Metagross|Shuca Berry|[eat]
|-enditem|p2a: Metagross|Shuca Berry|[weaken]
|-damage|p2a: Metagross|32/100
|
|upkeep
|turn|21
|inactive|schalo has 30 seconds left.
|
|t:|1758371816
|move|p2a: Metagross|Hammer Arm|p1a: Ting-Lu
|-supereffective|p1a: Ting-Lu
|-damage|p1a: Ting-Lu|54/100
|-unboost|p2a: Metagross|spe|1
|move|p1a: Ting-Lu|Earthquake|p2a: Metagross
|-supereffective|p2a: Metagross
|-damage|p2a: Metagross|0 fnt
|faint|p2a: Metagross
|
|-heal|p1a: Ting-Lu|61/100|[from] item: Leftovers
|upkeep
|inactive|schalo has 30 seconds left this turn.
|inactive|schalo has 20 seconds left.
|inactive|schalo has 15 seconds left.
|
|t:|1758371831
|switch|p2a: Slowking|Slowking, M|59/100 par
|turn|22
|inactive|schalo has 25 seconds left this turn.
|
|t:|1758371844
|move|p1a: Ting-Lu|Ruination|p2a: Slowking|[miss]
|-miss|p1a: Ting-Lu|p2a: Slowking
|move|p2a: Slowking|Scald|p1a: Ting-Lu
|-supereffective|p1a: Ting-Lu
|-damage|p1a: Ting-Lu|39/100
|
|-heal|p1a: Ting-Lu|46/100|[from] item: Leftovers
|upkeep
|turn|23
|
|t:|1758371855
|switch|p1a: Goodra|Goodra, F|92/100
|-damage|p1a: Goodra|79/100|[from] Stealth Rock
|move|p2a: Slowking|Scald|p1a: Goodra
|-resisted|p1a: Goodra
|-damage|p1a: Goodra|73/100
|-status|p1a: Goodra|brn
|
|-damage|p1a: Goodra|67/100 brn|[from] brn
|upkeep
|turn|24
|
|t:|1758371868
|move|p1a: Goodra|Earthquake|p2a: Slowking
|-damage|p2a: Slowking|48/100 par
|cant|p2a: Slowking|par
|
|-damage|p1a: Goodra|60/100 brn|[from] brn
|upkeep
|turn|25
|
|t:|1758371876
|move|p1a: Goodra|Thunderbolt|p2a: Slowking
|-supereffective|p2a: Slowking
|-damage|p2a: Slowking|16/100 par
|move|p2a: Slowking|Future Sight|p1a: Goodra
|-start|p2a: Slowking|move: Future Sight
|
|-damage|p1a: Goodra|54/100 brn|[from] brn
|upkeep
|turn|26
|
|t:|1758371884
|switch|p2a: Iron Treads|Iron Treads|82/100
|move|p1a: Goodra|Thunderbolt|p2a: Iron Treads
|-immune|p2a: Iron Treads
|
|-damage|p1a: Goodra|48/100 brn|[from] brn
|upkeep
|turn|27
|inactive|schalo has 60 seconds left.
|inactive|prhjrh has 120 seconds left.
|j| jdhdbdj
|l|☆prhjrh
|inactive|prhjrh disconnected and has a minute to reconnect!
|player|p1|
|inactive|prhjrh has 30 seconds to reconnect!
|inactive|prhjrh has 20 seconds to reconnect!
|inactive|prhjrh has 15 seconds to reconnect!
|inactive|prhjrh has 10 seconds to reconnect!
|inactive|prhjrh has 5 seconds to reconnect!
|-message|prhjrh lost due to inactivity.
|
|win|schalo
|raw|prhjrh's rating: 1303 &rarr; <strong>1286</strong><br />(-17 for losing)
|raw|schalo's rating: 1357 &rarr; <strong>1374</strong><br />(+17 for winning)
|l|☆schalo
|player|p2|
