|j|☆DeFeNdvs
|j|☆Alpha_Star09
|t:|1758340344
|gametype|singles
|player|p1|DeFeNdvs|265|1389
|player|p2|Alpha_Star09|turo-ai|1451
|gen|9
|tier|[Gen 9] OU
|rated|
|rule|HP Percentage Mod: HP is shown in percentages
|rule|Endless Battle Clause: Forcing endless battles is banned
|rule|Species Clause: Limit one of each Pokémon
|rule|OHKO Clause: OHKO moves are banned
|rule|Evasion Items Clause: Evasion items are banned
|rule|Evasion Moves Clause: Evasion moves are banned
|rule|Evasion Abilities Clause: Evasion abilities are banned
|rule|Sleep Moves Clause: Sleep-inducing moves are banned
|clearpoke
|poke|p1|Alomomola, M|
|poke|p1|Gliscor, F|
|poke|p1|Corviknight, M|
|poke|p1|Clodsire, M|
|poke|p1|Slowking-Galar, F|
|poke|p1|Garganacl, F|
|poke|p2|Thundurus-Therian, M|
|poke|p2|Iron Valiant|
|poke|p2|Frosmoth, F|
|poke|p2|Sinistcha|
|poke|p2|Araquanid, F|
|poke|p2|Kleavor, M|
|teampreview
|inactive|Battle timer is ON: inactive players will automatically lose when time's up. (requested by DeFeNdvs)
|
|t:|1758340358
|teamsize|p1|6
|teamsize|p2|6
|start
|switch|p1a: Gliscor|Gliscor, F|100/100
|switch|p2a: Axe-Hand Morgan|Kleavor, M|100/100
|turn|1
|
|t:|1758340368
|move|p1a: Gliscor|Protect|p1a: Gliscor
|-singleturn|p1a: Gliscor|Protect
|move|p2a: Axe-Hand Morgan|Stone Axe|p1a: Gliscor
|-activate|p1a: Gliscor|move: Protect
|
|-status|p1a: Gliscor|tox|[from] item: Toxic Orb
|upkeep
|turn|2
|
|t:|1758340377
|move|p2a: Axe-Hand Morgan|Stone Axe|p1a: Gliscor
|-damage|p1a: Gliscor|43/100 tox
|-sidestart|p1: DeFeNdvs|move: Stealth Rock
|move|p1a: Gliscor|Toxic|p2a: Axe-Hand Morgan
|-status|p2a: Axe-Hand Morgan|tox
|
|-damage|p2a: Axe-Hand Morgan|94/100 tox|[from] psn
|-heal|p1a: Gliscor|55/100 tox|[from] ability: Poison Heal
|upkeep
|turn|3
|
|t:|1758340386
|move|p1a: Gliscor|Protect|p1a: Gliscor
|-singleturn|p1a: Gliscor|Protect
|move|p2a: Axe-Hand Morgan|Stone Axe|p1a: Gliscor
|-activate|p1a: Gliscor|move: Protect
|
|-damage|p2a: Axe-Hand Morgan|82/100 tox|[from] psn
|-heal|p1a: Gliscor|67/100 tox|[from] ability: Poison Heal
|upkeep
|turn|4
|
|t:|1758340397
|switch|p2a: Charlotte Ð Spider|Araquanid, F, shiny|100/100
|switch|p1a: Corviknight|Corviknight, M|100/100
|-damage|p1a: Corviknight|88/100|[from] Stealth Rock
|-ability|p1a: Corviknight|Pressure
|
|-heal|p1a: Corviknight|94/100|[from] item: Leftovers
|upkeep
|turn|5
|
|t:|1758340408
|switch|p1a: Alomomola|Alomomola, M|100/100
|-damage|p1a: Alomomola|88/100|[from] Stealth Rock
|switch|p2a: Zeus|Thundurus-Therian, M|100/100
|
|upkeep
|turn|6
|
|t:|1758340416
|move|p2a: Zeus|Psychic|p1a: Alomomola
|-damage|p1a: Alomomola|64/100
|move|p1a: Alomomola|Mirror Coat|p2a: Zeus
|-damage|p2a: Zeus|13/100
|
|upkeep
|turn|7
|
|t:|1758340427
|switch|p2a: Charlotte Ð Spider|Araquanid, F, shiny|100/100
|switch|p1a: Clodsire|Clodsire, M|100/100
|-damage|p1a: Clodsire|94/100|[from] Stealth Rock
|
|-heal|p1a: Clodsire|100/100|[from] item: Leftovers
|upkeep
|turn|8
|
|t:|1758340437
|switch|p1a: Alomomola|Alomomola, M|97/100
|-damage|p1a: Alomomola|85/100|[from] Stealth Rock
|move|p2a: Charlotte Ð Spider|Liquidation|p1a: Alomomola
|-resisted|p1a: Alomomola
|-damage|p1a: Alomomola|55/100
|
|upkeep
|turn|9
|
|t:|1758340461
|switch|p1a: Corviknight|Corviknight, M|94/100
|-damage|p1a: Corviknight|82/100|[from] Stealth Rock
|-ability|p1a: Corviknight|Pressure
|switch|p2a: Zeus|Thundurus-Therian, M|13/100
|
|-heal|p1a: Corviknight|88/100|[from] item: Leftovers
|upkeep
|turn|10
|
|t:|1758340473
|switch|p1a: Slowking|Slowking-Galar, F|100/100
|-damage|p1a: Slowking|88/100|[from] Stealth Rock
|move|p2a: Zeus|Psychic|p1a: Slowking
|-damage|p1a: Slowking|60/100
|
|upkeep
|turn|11
|
|t:|1758340483
|switch|p2a: Axe-Hand Morgan|Kleavor, M|82/100 tox
|move|p1a: Slowking|Future Sight|p2a: Axe-Hand Morgan
|-start|p1a: Slowking|move: Future Sight
|
|-damage|p2a: Axe-Hand Morgan|76/100 tox|[from] psn
|upkeep
|turn|12
|
|t:|1758340490
|switch|p1a: Corviknight|Corviknight, M|88/100
|-damage|p1a: Corviknight|75/100|[from] Stealth Rock
|-ability|p1a: Corviknight|Pressure
|move|p2a: Axe-Hand Morgan|Stone Axe|p1a: Corviknight
|-damage|p1a: Corviknight|29/100
|
|-heal|p1a: Corviknight|35/100|[from] item: Leftovers
|-damage|p2a: Axe-Hand Morgan|64/100 tox|[from] psn
|upkeep
|turn|13
|
|t:|1758340509
|switch|p1a: Garganacl|Garganacl, F|100/100
|-damage|p1a: Garganacl|88/100|[from] Stealth Rock
|move|p2a: Axe-Hand Morgan|Stone Axe|p1a: Garganacl
|-damage|p1a: Garganacl|36/100
|
|-end|p2a: Axe-Hand Morgan|move: Future Sight
|-damage|p2a: Axe-Hand Morgan|0 fnt
|faint|p2a: Axe-Hand Morgan
|-heal|p1a: Garganacl|42/100|[from] item: Leftovers
|upkeep
|
|t:|1758340528
|switch|p2a: 1Up Girl|Iron Valiant|100/100
|turn|14
|
|t:|1758340545
|switch|p1a: Clodsire|Clodsire, M|100/100
|-damage|p1a: Clodsire|94/100|[from] Stealth Rock
|move|p2a: 1Up Girl|Reflect|p2a: 1Up Girl
|-sidestart|p2: Alpha_Star09|Reflect
|
|-heal|p1a: Clodsire|100/100|[from] item: Leftovers
|upkeep
|turn|15
|
|t:|1758340567
|-end|p2a: 1Up Girl|Quark Drive|[silent]
|switch|p2a: Chai|Sinistcha|100/100
|switch|p1a: Alomomola|Alomomola, M|89/100
|-damage|p1a: Alomomola|76/100|[from] Stealth Rock
|
|upkeep
|turn|16
|
|t:|1758340577
|move|p2a: Chai|Memento|p1a: Alomomola
|-unboost|p1a: Alomomola|atk|2
|-unboost|p1a: Alomomola|spa|2
|faint|p2a: Chai
|move|p1a: Alomomola|Flip Turn|p2: Chai|[notarget]
|-fail|p1a: Alomomola
|
|upkeep
|
|t:|1758340580
|switch|p2a: Esdeath|Frosmoth, F|100/100
|turn|17
|
|t:|1758340590
|move|p2a: Esdeath|Quiver Dance|p2a: Esdeath
|-boost|p2a: Esdeath|spa|1
|-boost|p2a: Esdeath|spd|1
|-boost|p2a: Esdeath|spe|1
|move|p1a: Alomomola|Flip Turn|p2a: Esdeath
|-damage|p2a: Esdeath|93/100
|
|t:|1758340606
|switch|p1a: Gliscor|Gliscor, F|67/100 tox|[from] Flip Turn
|-damage|p1a: Gliscor|55/100 tox|[from] Stealth Rock
|
|-heal|p1a: Gliscor|67/100 tox|[from] ability: Poison Heal
|upkeep
|turn|18
|
|t:|1758340617
|-terastallize|p1a: Gliscor|Psychic
|move|p2a: Esdeath|Substitute|p2a: Esdeath
|-start|p2a: Esdeath|Substitute
|-damage|p2a: Esdeath|69/100
|move|p1a: Gliscor|Toxic||[still]
|-fail|p1a: Gliscor
|
|-heal|p1a: Gliscor|80/100 tox|[from] ability: Poison Heal
|upkeep
|turn|19
|
|t:|1758340630
|move|p2a: Esdeath|Ice Beam|p1a: Gliscor
|-damage|p1a: Gliscor|27/100 tox
|move|p1a: Gliscor|Earthquake|p2a: Esdeath
|-resisted|p2a: Esdeath
|-activate|p2a: Esdeath|move: Substitute|[damage]
|
|-heal|p1a: Gliscor|39/100 tox|[from] ability: Poison Heal
|upkeep
|turn|20
|
|t:|1758340643
|move|p1a: Gliscor|Protect|p1a: Gliscor
|-singleturn|p1a: Gliscor|Protect
|move|p2a: Esdeath|Quiver Dance|p2a: Esdeath
|-boost|p2a: Esdeath|spa|1
|-boost|p2a: Esdeath|spd|1
|-boost|p2a: Esdeath|spe|1
|
|-heal|p1a: Gliscor|52/100 tox|[from] ability: Poison Heal
|upkeep
|turn|21
|
|t:|1758340664
|switch|p1a: Slowking|Slowking-Galar, F|93/100
|-damage|p1a: Slowking|81/100|[from] Stealth Rock
|move|p2a: Esdeath|Ice Beam|p1a: Slowking
|-damage|p1a: Slowking|39/100
|
|-sideend|p2: Alpha_Star09|Reflect
|upkeep
|turn|22
|
|t:|1758340677
|switch|p1a: Alomomola|Alomomola, M|100/100
|-damage|p1a: Alomomola|88/100|[from] Stealth Rock
|move|p2a: Esdeath|Quiver Dance|p2a: Esdeath
|-boost|p2a: Esdeath|spa|1
|-boost|p2a: Esdeath|spd|1
|-boost|p2a: Esdeath|spe|1
|
|upkeep
|turn|23
|
|t:|1758340690
|move|p2a: Esdeath|Tera Blast|p1a: Alomomola
|-damage|p1a: Alomomola|60/100
|move|p1a: Alomomola|Flip Turn|p2a: Esdeath
|-end|p2a: Esdeath|Substitute
|inactive|DeFeNdvs has 120 seconds left.
|
|t:|1758340705
|switch|p1a: Clodsire|Clodsire, M|100/100|[from] Flip Turn
|-damage|p1a: Clodsire|94/100|[from] Stealth Rock
|
|-heal|p1a: Clodsire|100/100|[from] item: Leftovers
|upkeep
|turn|24
|
|t:|1758340713
|move|p2a: Esdeath|Substitute|p2a: Esdeath
|-start|p2a: Esdeath|Substitute
|-damage|p2a: Esdeath|44/100
|move|p1a: Clodsire|Poison Jab|p2a: Esdeath
|-end|p2a: Esdeath|Substitute
|
|upkeep
|turn|25
|
|t:|1758340719
|move|p2a: Esdeath|Ice Beam|p1a: Clodsire
|-supereffective|p1a: Clodsire
|-damage|p1a: Clodsire|55/100
|move|p1a: Clodsire|Poison Jab|p2a: Esdeath
|-damage|p2a: Esdeath|8/100
|-status|p2a: Esdeath|psn
|
|-heal|p1a: Clodsire|61/100|[from] item: Leftovers
|-damage|p2a: Esdeath|0 fnt|[from] psn
|faint|p2a: Esdeath
|upkeep
|
|t:|1758340747
|switch|p2a: Charlotte Ð Spider|Araquanid, F, shiny|100/100
|turn|26
|
|t:|1758340764
|switch|p1a: Alomomola|Alomomola, M|94/100
|-damage|p1a: Alomomola|81/100|[from] Stealth Rock
|-terastallize|p2a: Charlotte Ð Spider|Water
|move|p2a: Charlotte Ð Spider|Liquidation|p1a: Alomomola
|-resisted|p1a: Alomomola
|-damage|p1a: Alomomola|39/100
|
|upkeep
|turn|27
|inactive|Alpha_Star09 has 120 seconds left.
|inactive|DeFeNdvs has 120 seconds left.
|
|t:|1758340787
|switch|p1a: Garganacl|Garganacl, F|42/100
|-damage|p1a: Garganacl|30/100|[from] Stealth Rock
|move|p2a: Charlotte Ð Spider|Liquidation|p1a: Garganacl
|-supereffective|p1a: Garganacl
|-damage|p1a: Garganacl|0 fnt
|faint|p1a: Garganacl
|
|upkeep
|inactive|DeFeNdvs has 120 seconds left.
|
|t:|1758340798
|switch|p1a: Gliscor|Gliscor, F, tera:Psychic|52/100 tox
|-damage|p1a: Gliscor|39/100 tox|[from] Stealth Rock
|turn|28
|inactive|Alpha_Star09 has 120 seconds left.
|
|t:|1758340833
|move|p1a: Gliscor|Protect|p1a: Gliscor
|-singleturn|p1a: Gliscor|Protect
|move|p2a: Charlotte Ð Spider|Liquidation|p1a: Gliscor
|-activate|p1a: Gliscor|move: Protect
|
|-heal|p1a: Gliscor|52/100 tox|[from] ability: Poison Heal
|upkeep
|turn|29
|
|t:|1758340844
|move|p1a: Gliscor|Toxic|p2a: Charlotte Ð Spider
|-status|p2a: Charlotte Ð Spider|tox
|move|p2a: Charlotte Ð Spider|Liquidation|p1a: Gliscor
|-damage|p1a: Gliscor|0 fnt
|faint|p1a: Gliscor
|
|-damage|p2a: Charlotte Ð Spider|94/100 tox|[from] psn
|upkeep
|inactive|DeFeNdvs has 120 seconds left.
|
|t:|1758340866
|switch|p1a: Corviknight|Corviknight, M|35/100
|-damage|p1a: Corviknight|22/100|[from] Stealth Rock
|-ability|p1a: Corviknight|Pressure
|turn|30
|
|t:|1758340872
|switch|p2a: 1Up Girl|Iron Valiant|100/100
|move|p1a: Corviknight|Roost|p1a: Corviknight
|-heal|p1a: Corviknight|72/100
|-singleturn|p1a: Corviknight|move: Roost
|
|-heal|p1a: Corviknight|79/100|[from] item: Leftovers
|upkeep
|turn|31
|inactive|DeFeNdvs has 120 seconds left.
|
|t:|1758340886
|-end|p2a: 1Up Girl|Quark Drive|[silent]
|switch|p2a: Zeus|Thundurus-Therian, M|13/100
|move|p1a: Corviknight|Defog|p2a: Zeus
|-unboost|p2a: Zeus|evasion|1
|-sideend|p1: DeFeNdvs|Stealth Rock|[from] move: Defog|[of] p1a: Corviknight
|
|-heal|p1a: Corviknight|85/100|[from] item: Leftovers
|upkeep
|turn|32
|inactive|DeFeNdvs has 120 seconds left.
|
|t:|1758340899
|switch|p2a: Charlotte Ð Spider|Araquanid, F, shiny, tera:Water|94/100 tox
|switch|p1a: Alomomola|Alomomola, M|73/100
|
|-damage|p2a: Charlotte Ð Spider|88/100 tox|[from] psn
|upkeep
|turn|33
|inactive|DeFeNdvs has 120 seconds left.
|
|t:|1758340911
|move|p1a: Alomomola|Ice Beam|p2a: Charlotte Ð Spider
|-resisted|p2a: Charlotte Ð Spider
|-damage|p2a: Charlotte Ð Spider|84/100 tox
|move|p2a: Charlotte Ð Spider|Leech Life|p1a: Alomomola
|-damage|p1a: Alomomola|48/100
|-heal|p2a: Charlotte Ð Spider|100/100 tox|[from] drain|[of] p1a: Alomomola
|
|-damage|p2a: Charlotte Ð Spider|88/100 tox|[from] psn
|upkeep
|turn|34
|inactive|DeFeNdvs has 120 seconds left.
|
|t:|1758340922
|switch|p1a: Clodsire|Clodsire, M|61/100
|switch|p2a: 1Up Girl|Iron Valiant|100/100
|
|-heal|p1a: Clodsire|68/100|[from] item: Leftovers
|upkeep
|turn|35
|inactive|DeFeNdvs has 120 seconds left.
|
|t:|1758340939
|switch|p1a: Alomomola|Alomomola, M|81/100
|move|p2a: 1Up Girl|Reflect|p2a: 1Up Girl
|-sidestart|p2: Alpha_Star09|Reflect
|
|upkeep
|turn|36
|inactive|DeFeNdvs has 120 seconds left.
|
|t:|1758340953
|move|p2a: 1Up Girl|Moonblast|p1a: Alomomola
|-damage|p1a: Alomomola|57/100
|move|p1a: Alomomola|Scald|p2a: 1Up Girl
|-damage|p2a: 1Up Girl|77/100
|
|upkeep
|turn|37
|
|t:|1758340960
|move|p2a: 1Up Girl|Moonblast|p1a: Alomomola
|-damage|p1a: Alomomola|35/100
|move|p1a: Alomomola|Mirror Coat|p2a: 1Up Girl
|-damage|p2a: 1Up Girl|0 fnt
|faint|p2a: 1Up Girl
|-end|p2a: 1Up Girl|Quark Drive|[silent]
|
|upkeep
|
|t:|1758340967
|switch|p2a: Charlotte Ð Spider|Araquanid, F, shiny, tera:Water|88/100 tox
|turn|38
|
|t:|1758340970
|switch|p1a: Corviknight|Corviknight, M|85/100
|-ability|p1a: Corviknight|Pressure
|move|p2a: Charlotte Ð Spider|Liquidation|p1a: Corviknight
|-damage|p1a: Corviknight|19/100
|
|-heal|p1a: Corviknight|25/100|[from] item: Leftovers
|-damage|p2a: Charlotte Ð Spider|82/100 tox|[from] psn
|upkeep
|turn|39
|
|t:|1758340987
|switch|p1a: Alomomola|Alomomola, M|68/100
|move|p2a: Charlotte Ð Spider|Liquidation|p1a: Alomomola
|-resisted|p1a: Alomomola
|-damage|p1a: Alomomola|29/100
|
|-damage|p2a: Charlotte Ð Spider|70/100 tox|[from] psn
|upkeep
|turn|40
|
|t:|1758340996
|switch|p1a: Corviknight|Corviknight, M|25/100
|-ability|p1a: Corviknight|Pressure
|move|p2a: Charlotte Ð Spider|Liquidation|p1a: Corviknight
|-damage|p1a: Corviknight|0 fnt
|faint|p1a: Corviknight
|
|-damage|p2a: Charlotte Ð Spider|51/100 tox|[from] psn
|upkeep
|
|t:|1758341009
|switch|p1a: Alomomola|Alomomola, M|62/100
|turn|41
|
|t:|1758341014
|switch|p2a: Zeus|Thundurus-Therian, M|13/100
|move|p1a: Alomomola|Ice Beam|p2a: Zeus
|-supereffective|p2a: Zeus
|-damage|p2a: Zeus|0 fnt
|faint|p2a: Zeus
|
|upkeep
|
|t:|1758341019
|switch|p2a: Charlotte Ð Spider|Araquanid, F, shiny, tera:Water|51/100 tox
|turn|42
|
|t:|1758341041
|switch|p1a: Clodsire|Clodsire, M|68/100
|move|p2a: Charlotte Ð Spider|Liquidation|p1a: Clodsire
|-supereffective|p1a: Clodsire
|-damage|p1a: Clodsire|0 fnt
|faint|p1a: Clodsire
|
|-damage|p2a: Charlotte Ð Spider|45/100 tox|[from] psn
|-sideend|p2: Alpha_Star09|Reflect
|upkeep
|
|t:|1758341051
|switch|p1a: Alomomola|Alomomola, M|95/100
|turn|43
|
|t:|1758341055
|move|p1a: Alomomola|Ice Beam|p2a: Charlotte Ð Spider
|-resisted|p2a: Charlotte Ð Spider
|-damage|p2a: Charlotte Ð Spider|41/100 tox
|move|p2a: Charlotte Ð Spider|Leech Life|p1a: Alomomola
|-damage|p1a: Alomomola|72/100
|-heal|p2a: Charlotte Ð Spider|59/100 tox|[from] drain|[of] p1a: Alomomola
|
|-damage|p2a: Charlotte Ð Spider|47/100 tox|[from] psn
|upkeep
|turn|44
|
|t:|1758341067
|move|p1a: Alomomola|Scald|p2a: Charlotte Ð Spider
|-resisted|p2a: Charlotte Ð Spider
|-damage|p2a: Charlotte Ð Spider|42/100 tox
|move|p2a: Charlotte Ð Spider|Leech Life|p1a: Alomomola
|-damage|p1a: Alomomola|48/100
|-heal|p2a: Charlotte Ð Spider|61/100 tox|[from] drain|[of] p1a: Alomomola
|
|-damage|p2a: Charlotte Ð Spider|42/100 tox|[from] psn
|upkeep
|turn|45
|
|t:|1758341082
|switch|p1a: Slowking|Slowking-Galar, F|72/100
|move|p2a: Charlotte Ð Spider|Leech Life|p1a: Slowking
|-damage|p1a: Slowking|42/100
|-heal|p2a: Charlotte Ð Spider|59/100 tox|[from] drain|[of] p1a: Slowking
|
|-damage|p2a: Charlotte Ð Spider|35/100 tox|[from] psn
|upkeep
|turn|46
|inactive|DeFeNdvs has 120 seconds left.
|
|t:|1758341113
|move|p2a: Charlotte Ð Spider|Liquidation|p1a: Slowking
|-damage|p1a: Slowking|0 fnt
|faint|p1a: Slowking
|
|-damage|p2a: Charlotte Ð Spider|4/100 tox|[from] psn
|upkeep
|
|t:|1758341119
|switch|p1a: Alomomola|Alomomola, M|81/100
|turn|47
|-message|Alpha_Star09 forfeited.
|
|win|DeFeNdvs
|raw|DeFeNdvs's rating: 1389 &rarr; <strong>1414</strong><br />(+25 for winning)
|raw|Alpha_Star09's rating: 1470 &rarr; <strong>1445</strong><br />(-25 for losing)
|l|☆Alpha_Star09
|player|p2|
|l|☆DeFeNdvs
|player|p1|
