|j|☆itoshiflwr
|j|☆luca1996
|t:|1758300410
|gametype|singles
|player|p1|itoshiflwr|burnet|1457
|player|p2|luca1996|boarder|1397
|gen|9
|tier|[Gen 9] OU
|rated|
|rule|HP Percentage Mod: HP is shown in percentages
|rule|Endless Battle Clause: Forcing endless battles is banned
|rule|Species Clause: Limit one of each Pokémon
|rule|OHKO Clause: OHKO moves are banned
|rule|Evasion Items Clause: Evasion items are banned
|rule|Evasion Moves Clause: Evasion moves are banned
|rule|Evasion Abilities Clause: Evasion abilities are banned
|rule|Sleep Moves Clause: Sleep-inducing moves are banned
|clearpoke
|poke|p1|Dragapult, M|
|poke|p1|Glastrier|
|poke|p1|Tinkaton, F|
|poke|p1|Ting-Lu|
|poke|p1|Iron Hands|
|poke|p1|Moltres|
|poke|p2|Goodra, M|
|poke|p2|Snorlax, M|
|poke|p2|Primarina, M|
|poke|p2|Cinderace, F|
|poke|p2|Primeape, M|
|poke|p2|Iron Jugulis|
|teampreview
|inactive|Battle timer is ON: inactive players will automatically lose when time's up. (requested by luca1996)
|
|t:|1758300447
|teamsize|p1|6
|teamsize|p2|6
|start
|switch|p1a: Iron Hands|Iron Hands|100/100
|switch|p2a: Iron Jugulis|Iron Jugulis|100/100
|turn|1
|
|t:|1758300471
|move|p2a: Iron Jugulis|Air Slash|p1a: Iron Hands
|-damage|p1a: Iron Hands|63/100
|cant|p1a: Iron Hands|flinch
|
|upkeep
|turn|2
|
|t:|1758300492
|move|p2a: Iron Jugulis|Air Slash|p1a: Iron Hands
|-damage|p1a: Iron Hands|25/100
|move|p1a: Iron Hands|Thunder Punch|p2a: Iron Jugulis
|-supereffective|p2a: Iron Jugulis
|-damage|p2a: Iron Jugulis|0 fnt
|faint|p2a: Iron Jugulis
|-end|p2a: Iron Jugulis|Quark Drive|[silent]
|
|upkeep
|
|t:|1758300496
|switch|p2a: Primeape|Primeape, M|100/100
|turn|3
|
|t:|1758300501
|-end|p1a: Iron Hands|Quark Drive|[silent]
|switch|p1a: Tinkaton|Tinkaton, F|100/100
|-item|p1a: Tinkaton|Air Balloon
|move|p2a: Primeape|Bulk Up|p2a: Primeape
|-boost|p2a: Primeape|atk|1
|-boost|p2a: Primeape|def|1
|
|upkeep
|turn|4
|
|t:|1758300506
|move|p1a: Tinkaton|Encore|p2a: Primeape
|-start|p2a: Primeape|Encore
|move|p2a: Primeape|Bulk Up|p2a: Primeape
|-boost|p2a: Primeape|atk|1
|-boost|p2a: Primeape|def|1
|
|upkeep
|turn|5
|
|t:|1758300509
|move|p1a: Tinkaton|Stealth Rock|p2a: Primeape
|-sidestart|p2: luca1996|move: Stealth Rock
|move|p2a: Primeape|Bulk Up|p2a: Primeape
|-boost|p2a: Primeape|atk|1
|-boost|p2a: Primeape|def|1
|
|upkeep
|turn|6
|
|t:|1758300512
|move|p1a: Tinkaton|Knock Off|p2a: Primeape
|-resisted|p2a: Primeape
|-damage|p2a: Primeape|97/100
|-enditem|p2a: Primeape|Eviolite|[from] move: Knock Off|[of] p1a: Tinkaton
|move|p2a: Primeape|Bulk Up|p2a: Primeape
|-boost|p2a: Primeape|atk|1
|-boost|p2a: Primeape|def|1
|
|-end|p2a: Primeape|Encore
|upkeep
|turn|7
|
|t:|1758300515
|move|p1a: Tinkaton|Encore|p2a: Primeape
|-start|p2a: Primeape|Encore
|move|p2a: Primeape|Bulk Up|p2a: Primeape
|-boost|p2a: Primeape|atk|1
|-boost|p2a: Primeape|def|1
|
|upkeep
|turn|8
|
|t:|1758300520
|move|p1a: Tinkaton|Gigaton Hammer|p2a: Primeape
|-damage|p2a: Primeape|79/100
|move|p2a: Primeape|Bulk Up|p2a: Primeape
|-boost|p2a: Primeape|atk|1
|-boost|p2a: Primeape|def|1
|
|upkeep
|turn|9
|
|t:|1758300525
|switch|p2a: Cinderace|Cinderace, F|100/100
|-damage|p2a: Cinderace|76/100|[from] Stealth Rock
|move|p1a: Tinkaton|Knock Off|p2a: Cinderace
|-damage|p2a: Cinderace|52/100
|-enditem|p2a: Cinderace|Life Orb|[from] move: Knock Off|[of] p1a: Tinkaton
|
|upkeep
|turn|10
|
|t:|1758300531
|move|p2a: Cinderace|Pyro Ball|p1a: Tinkaton
|-supereffective|p1a: Tinkaton
|-damage|p1a: Tinkaton|0 fnt
|-enditem|p1a: Tinkaton|Air Balloon
|faint|p1a: Tinkaton
|
|upkeep
|
|t:|1758300536
|switch|p1a: Dragapult|Dragapult, M|100/100
|turn|11
|inactive|luca1996 has 120 seconds left.
|inactive|luca1996 has 90 seconds left.
|inactive|luca1996 has 60 seconds left.
|
|t:|1758300656
|move|p2a: Cinderace|Sucker Punch|p1a: Dragapult
|-start|p2a: Cinderace|typechange|Dark|[from] ability: Libero
|-supereffective|p1a: Dragapult
|-damage|p1a: Dragapult|13/100
|move|p1a: Dragapult|Draco Meteor|p2a: Cinderace
|-damage|p2a: Cinderace|0 fnt
|-unboost|p1a: Dragapult|spa|2
|faint|p2a: Cinderace
|
|upkeep
|inactive|luca1996 has 30 seconds left.
|
|t:|1758300667
|switch|p2a: Primeape|Primeape, M|79/100
|-damage|p2a: Primeape|73/100|[from] Stealth Rock
|turn|12
|
|t:|1758300669
|move|p1a: Dragapult|Thunder Wave|p2a: Primeape
|-status|p2a: Primeape|par
|move|p2a: Primeape|Rage Fist|p1a: Dragapult
|-supereffective|p1a: Dragapult
|-damage|p1a: Dragapult|0 fnt
|faint|p1a: Dragapult
|
|upkeep
|
|t:|1758300675
|switch|p1a: Moltres|Moltres|100/100
|turn|13
|
|t:|1758300678
|move|p1a: Moltres|Flamethrower|p2a: Primeape
|-damage|p2a: Primeape|38/100 par
|cant|p2a: Primeape|par
|
|upkeep
|turn|14
|
|t:|1758300682
|move|p1a: Moltres|Flamethrower|p2a: Primeape
|-damage|p2a: Primeape|3/100 par
|move|p2a: Primeape|Rage Fist|p1a: Moltres
|-crit|p1a: Moltres
|-damage|p1a: Moltres|38/100
|
|upkeep
|turn|15
|
|t:|1758300688
|move|p1a: Moltres|Roost|p1a: Moltres
|-heal|p1a: Moltres|88/100
|-singleturn|p1a: Moltres|move: Roost
|move|p2a: Primeape|Rage Fist|p1a: Moltres
|-damage|p1a: Moltres|41/100
|
|upkeep
|turn|16
|
|t:|1758300694
|move|p1a: Moltres|Roost|p1a: Moltres
|-heal|p1a: Moltres|91/100
|-singleturn|p1a: Moltres|move: Roost
|move|p2a: Primeape|Rage Fist|p1a: Moltres
|-damage|p1a: Moltres|48/100
|
|upkeep
|turn|17
|
|t:|1758300700
|move|p1a: Moltres|Roost|p1a: Moltres
|-heal|p1a: Moltres|98/100
|-singleturn|p1a: Moltres|move: Roost
|move|p2a: Primeape|Rage Fist|p1a: Moltres
|-damage|p1a: Moltres|49/100
|
|upkeep
|turn|18
|inactive|luca1996 has 90 seconds left.
|
|t:|1758300736
|move|p1a: Moltres|Flamethrower|p2a: Primeape
|-damage|p2a: Primeape|0 fnt
|faint|p2a: Primeape
|
|upkeep
|
|t:|1758300740
|switch|p2a: Primarina|Primarina, M|100/100
|-damage|p2a: Primarina|88/100|[from] Stealth Rock
|turn|19
|
|t:|1758300763
|move|p1a: Moltres|U-turn|p2a: Primarina
|-resisted|p2a: Primarina
|-damage|p2a: Primarina|79/100
|
|t:|1758300772
|switch|p1a: Iron Hands|Iron Hands|25/100|[from] U-turn
|move|p2a: Primarina|Calm Mind|p2a: Primarina
|-boost|p2a: Primarina|spa|1
|-boost|p2a: Primarina|spd|1
|
|-heal|p2a: Primarina|85/100|[from] item: Leftovers
|upkeep
|turn|20
|
|t:|1758300777
|move|p1a: Iron Hands|Thunder Punch|p2a: Primarina
|-supereffective|p2a: Primarina
|-damage|p2a: Primarina|0 fnt
|faint|p2a: Primarina
|
|upkeep
|c|☆luca1996|you spec for speed?????
|c|☆luca1996|wild haha
|inactive|luca1996 has 90 seconds left.
|
|t:|1758300792
|switch|p2a: Goodra|Goodra, M|100/100
|-damage|p2a: Goodra|88/100|[from] Stealth Rock
|turn|21
|
|t:|1758300813
|move|p2a: Goodra|Dragon Pulse|p1a: Iron Hands
|-damage|p1a: Iron Hands|0 fnt
|faint|p1a: Iron Hands
|-end|p1a: Iron Hands|Quark Drive|[silent]
|
|upkeep
|
|t:|1758300820
|switch|p1a: Glastrier|Glastrier|100/100
|turn|22
|
|t:|1758300829
|move|p2a: Goodra|Fire Blast|p1a: Glastrier
|-supereffective|p1a: Glastrier
|-damage|p1a: Glastrier|39/100
|move|p1a: Glastrier|Icicle Crash|p2a: Goodra
|-supereffective|p2a: Goodra
|-damage|p2a: Goodra|0 fnt
|faint|p2a: Goodra
|-ability|p1a: Glastrier|Chilling Neigh|boost
|-boost|p1a: Glastrier|atk|1
|
|upkeep
|
|t:|1758300832
|switch|p2a: Snorlax|Snorlax, M|100/100
|-damage|p2a: Snorlax|88/100|[from] Stealth Rock
|turn|23
|inactive|luca1996 has 120 seconds left.
|
|t:|1758300838
|move|p1a: Glastrier|Close Combat|p2a: Snorlax
|-supereffective|p2a: Snorlax
|-damage|p2a: Snorlax|0 fnt
|-unboost|p1a: Glastrier|def|1
|-unboost|p1a: Glastrier|spd|1
|faint|p2a: Snorlax
|
|win|itoshiflwr
|raw|itoshiflwr's rating: 1457 &rarr; <strong>1474</strong><br />(+17 for winning)
|raw|luca1996's rating: 1397 &rarr; <strong>1380</strong><br />(-17 for losing)
|c|☆luca1996|gg
|l|☆luca1996
|player|p2|
|c|☆itoshiflwr|gg]
|l|☆itoshiflwr
|player|p1|
