|j|‽Conspiracy 9/11
|j|☆sownse
|t:|1758278077
|gametype|singles
|player|p1|Conspiracy 9/11|2|1307
|player|p2|sownse|170|1269
|gen|9
|tier|[Gen 9] OU
|rated|
|rule|HP Percentage Mod: HP is shown in percentages
|rule|Endless Battle Clause: Forcing endless battles is banned
|rule|Species Clause: Limit one of each Pokémon
|rule|OHKO Clause: OHKO moves are banned
|rule|Evasion Items Clause: Evasion items are banned
|rule|Evasion Moves Clause: Evasion moves are banned
|rule|Evasion Abilities Clause: Evasion abilities are banned
|rule|Sleep Moves Clause: Sleep-inducing moves are banned
|clearpoke
|poke|p1|Zamazenta-*|
|poke|p1|Ninetales-Alola, F|
|poke|p1|Darkrai|
|poke|p1|Ceruledge, M|
|poke|p1|Gliscor, M|
|poke|p1|Hatterene, F|
|poke|p2|Porygon2|
|poke|p2|Yanmega, F|
|poke|p2|Dragapult, M|
|poke|p2|Iron Hands|
|poke|p2|Iron Moth|
|poke|p2|Keldeo-Resolute|
|teampreview
|inactive|Battle timer is ON: inactive players will automatically lose when time's up. (requested by Conspiracy 9/11)
|
|t:|1758278095
|teamsize|p1|6
|teamsize|p2|6
|start
|switch|p1a: Ninetales|Ninetales-Alola, F|100/100
|switch|p2a: Iron Hands|Iron Hands|100/100
|-weather|Snowscape|[from] ability: Snow Warning|[of] p1a: Ninetales
|turn|1
|
|t:|1758278100
|switch|p1a: Gliscor|Gliscor, M|100/100
|move|p2a: Iron Hands|Thunder Punch|p1a: Gliscor
|-immune|p1a: Gliscor
|
|-weather|Snowscape|[upkeep]
|-status|p1a: Gliscor|tox|[from] item: Toxic Orb
|upkeep
|turn|2
|
|t:|1758278104
|move|p1a: Gliscor|Agility|p1a: Gliscor
|-boost|p1a: Gliscor|spe|2
|move|p2a: Iron Hands|Ice Punch|p1a: Gliscor
|-supereffective|p1a: Gliscor
|-damage|p1a: Gliscor|0 fnt
|faint|p1a: Gliscor
|
|-weather|Snowscape|[upkeep]
|upkeep
|
|t:|1758278114
|switch|p1a: Zamazenta|Zamazenta|100/100
|-ability|p1a: Zamazenta|Dauntless Shield|boost
|-boost|p1a: Zamazenta|def|1
|turn|3
|
|t:|1758278124
|move|p2a: Iron Hands|Fake Out||[still]
|-hint|Fake Out only works on your first turn out.
|-fail|p2a: Iron Hands
|move|p1a: Zamazenta|Iron Defense|p1a: Zamazenta
|-boost|p1a: Zamazenta|def|2
|
|-weather|Snowscape|[upkeep]
|upkeep
|turn|4
|
|t:|1758278150
|-end|p2a: Iron Hands|Quark Drive|[silent]
|switch|p2a: Iron Moth|Iron Moth|100/100
|move|p1a: Zamazenta|Body Press|p2a: Iron Moth
|-resisted|p2a: Iron Moth
|-damage|p2a: Iron Moth|21/100
|
|-weather|Snowscape|[upkeep]
|upkeep
|turn|5
|
|t:|1758278158
|move|p1a: Zamazenta|Crunch|p2a: Iron Moth
|-damage|p2a: Iron Moth|0 fnt
|faint|p2a: Iron Moth
|-end|p2a: Iron Moth|Quark Drive|[silent]
|
|-weather|none
|upkeep
|
|t:|1758278161
|switch|p2a: Yanmega|Yanmega, F|100/100
|turn|6
|inactive|Conspiracy 9/11 has 120 seconds left.
|
|t:|1758278197
|switch|p1a: Ninetales|Ninetales-Alola, F|100/100
|-weather|Snowscape|[from] ability: Snow Warning|[of] p1a: Ninetales
|move|p2a: Yanmega|Air Slash|p1a: Ninetales
|-damage|p1a: Ninetales|64/100
|
|-weather|Snowscape|[upkeep]
|-ability|p2a: Yanmega|Speed Boost|boost
|-boost|p2a: Yanmega|spe|1
|upkeep
|turn|7
|
|t:|1758278206
|move|p2a: Yanmega|Bug Buzz|p1a: Ninetales
|-resisted|p1a: Ninetales
|-damage|p1a: Ninetales|42/100
|move|p1a: Ninetales|Freeze-Dry|p2a: Yanmega
|-supereffective|p2a: Yanmega
|-damage|p2a: Yanmega|58/100
|
|-weather|Snowscape|[upkeep]
|-ability|p2a: Yanmega|Speed Boost|boost
|-boost|p2a: Yanmega|spe|1
|upkeep
|turn|8
|
|t:|1758278213
|-terastallize|p2a: Yanmega|Flying
|move|p2a: Yanmega|Air Slash|p1a: Ninetales
|-damage|p1a: Ninetales|0 fnt
|faint|p1a: Ninetales
|
|-weather|Snowscape|[upkeep]
|-ability|p2a: Yanmega|Speed Boost|boost
|-boost|p2a: Yanmega|spe|1
|upkeep
|
|t:|1758278218
|switch|p1a: Hatterene|Hatterene, F|100/100
|turn|9
|
|t:|1758278227
|move|p2a: Yanmega|Bug Buzz|p1a: Hatterene
|-damage|p1a: Hatterene|52/100
|move|p1a: Hatterene|Draining Kiss|p2a: Yanmega
|-damage|p2a: Yanmega|32/100
|-heal|p1a: Hatterene|71/100|[from] drain|[of] p2a: Yanmega
|
|-weather|Snowscape|[upkeep]
|-heal|p1a: Hatterene|77/100|[from] item: Leftovers
|-ability|p2a: Yanmega|Speed Boost|boost
|-boost|p2a: Yanmega|spe|1
|upkeep
|turn|10
|
|t:|1758278238
|move|p2a: Yanmega|Air Slash|p1a: Hatterene
|-damage|p1a: Hatterene|28/100
|cant|p1a: Hatterene|flinch
|
|-weather|none
|-heal|p1a: Hatterene|34/100|[from] item: Leftovers
|-ability|p2a: Yanmega|Speed Boost|boost
|-boost|p2a: Yanmega|spe|1
|upkeep
|turn|11
|
|t:|1758278243
|move|p2a: Yanmega|Air Slash|p1a: Hatterene
|-damage|p1a: Hatterene|0 fnt
|faint|p1a: Hatterene
|
|-ability|p2a: Yanmega|Speed Boost|boost
|-boost|p2a: Yanmega|spe|1
|upkeep
|
|t:|1758278247
|switch|p1a: Darkrai|Darkrai|100/100
|turn|12
|
|t:|1758278256
|-terastallize|p1a: Darkrai|Poison
|move|p2a: Yanmega|Bug Buzz|p1a: Darkrai
|-resisted|p1a: Darkrai
|-damage|p1a: Darkrai|72/100
|-unboost|p1a: Darkrai|spd|1
|move|p1a: Darkrai|Dark Pulse|p2a: Yanmega
|-damage|p2a: Yanmega|0 fnt
|faint|p2a: Yanmega
|
|-heal|p1a: Darkrai|78/100|[from] item: Leftovers
|upkeep
|
|t:|1758278269
|switch|p2a: Porygon2|Porygon2|100/100
|turn|13
|
|t:|1758278278
|switch|p1a: Zamazenta|Zamazenta|100/100
|move|p2a: Porygon2|Psychic|p1a: Zamazenta
|-supereffective|p1a: Zamazenta
|-damage|p1a: Zamazenta|51/100
|
|upkeep
|turn|14
|
|t:|1758278289
|switch|p2a: Dragapult|Dragapult, M|100/100
|move|p1a: Zamazenta|Iron Defense|p1a: Zamazenta
|-boost|p1a: Zamazenta|def|2
|
|upkeep
|turn|15
|
|t:|1758278295
|move|p2a: Dragapult|Dragon Dance|p2a: Dragapult
|-boost|p2a: Dragapult|atk|1
|-boost|p2a: Dragapult|spe|1
|move|p1a: Zamazenta|Crunch|p2a: Dragapult
|-supereffective|p2a: Dragapult
|-crit|p2a: Dragapult
|-damage|p2a: Dragapult|7/100
|
|upkeep
|turn|16
|
|t:|1758278305
|move|p2a: Dragapult|Dragon Darts|p1a: Zamazenta
|-damage|p1a: Zamazenta|36/100
|-anim|p2a: Dragapult|Dragon Darts|p1a: Zamazenta
|-damage|p1a: Zamazenta|22/100
|move|p1a: Zamazenta|Rest|p1a: Zamazenta
|-status|p1a: Zamazenta|slp|[from] move: Rest
|-heal|p1a: Zamazenta|100/100 slp|[silent]
|-enditem|p1a: Zamazenta|Chesto Berry|[eat]
|-curestatus|p1a: Zamazenta|slp|[msg]
|
|upkeep
|turn|17
|
|t:|1758278316
|switch|p2a: Porygon2|Porygon2|100/100
|move|p1a: Zamazenta|Crunch|p2a: Porygon2
|-damage|p2a: Porygon2|90/100
|
|upkeep
|turn|18
|
|t:|1758278319
|move|p1a: Zamazenta|Body Press|p2a: Porygon2
|-supereffective|p2a: Porygon2
|-damage|p2a: Porygon2|24/100
|move|p2a: Porygon2|Psychic|p1a: Zamazenta
|-supereffective|p1a: Zamazenta
|-damage|p1a: Zamazenta|51/100
|
|upkeep
|turn|19
|
|t:|1758278327
|move|p1a: Zamazenta|Body Press|p2a: Porygon2
|-supereffective|p2a: Porygon2
|-damage|p2a: Porygon2|0 fnt
|faint|p2a: Porygon2
|
|upkeep
|
|t:|1758278331
|switch|p2a: Keldeo|Keldeo-Resolute|100/100
|turn|20
|
|t:|1758278334
|move|p1a: Zamazenta|Body Press|p2a: Keldeo
|-damage|p2a: Keldeo|24/100
|move|p2a: Keldeo|Surf|p1a: Zamazenta
|-crit|p1a: Zamazenta
|-damage|p1a: Zamazenta|0 fnt
|faint|p1a: Zamazenta
|
|upkeep
|
|t:|1758278337
|switch|p1a: Darkrai|Darkrai, tera:Poison|78/100
|turn|21
|
|t:|1758278354
|switch|p2a: Dragapult|Dragapult, M|7/100
|move|p1a: Darkrai|Psyshock|p2a: Dragapult
|-damage|p2a: Dragapult|0 fnt
|faint|p2a: Dragapult
|
|-heal|p1a: Darkrai|84/100|[from] item: Leftovers
|upkeep
|
|t:|1758278358
|switch|p2a: Iron Hands|Iron Hands|100/100
|turn|22
|
|t:|1758278365
|move|p1a: Darkrai|Psyshock|p2a: Iron Hands
|-supereffective|p2a: Iron Hands
|-crit|p2a: Iron Hands
|-damage|p2a: Iron Hands|42/100
|move|p2a: Iron Hands|Thunder Punch|p1a: Darkrai
|-damage|p1a: Darkrai|23/100
|
|-heal|p1a: Darkrai|29/100|[from] item: Leftovers
|upkeep
|turn|23
|
|t:|1758278374
|move|p1a: Darkrai|Psyshock|p2a: Iron Hands
|-supereffective|p2a: Iron Hands
|-damage|p2a: Iron Hands|9/100
|move|p2a: Iron Hands|Thunder Punch|p1a: Darkrai
|-damage|p1a: Darkrai|0 fnt
|faint|p1a: Darkrai
|
|upkeep
|
|t:|1758278378
|switch|p1a: Ceruledge|Ceruledge, M|100/100
|turn|24
|
|t:|1758278386
|move|p1a: Ceruledge|Bulk Up|p1a: Ceruledge
|-boost|p1a: Ceruledge|atk|1
|-boost|p1a: Ceruledge|def|1
|move|p2a: Iron Hands|Thunder Punch|p1a: Ceruledge
|-damage|p1a: Ceruledge|65/100
|
|upkeep
|turn|25
|
|t:|1758278392
|move|p1a: Ceruledge|Bulk Up|p1a: Ceruledge
|-boost|p1a: Ceruledge|atk|1
|-boost|p1a: Ceruledge|def|1
|move|p2a: Iron Hands|Thunder Punch|p1a: Ceruledge
|-damage|p1a: Ceruledge|39/100
|
|upkeep
|turn|26
|
|t:|1758278400
|move|p1a: Ceruledge|Bitter Blade|p2a: Iron Hands
|-damage|p2a: Iron Hands|0 fnt
|-heal|p1a: Ceruledge|45/100|[from] drain|[of] p2a: Iron Hands
|faint|p2a: Iron Hands
|-end|p2a: Iron Hands|Quark Drive|[silent]
|
|upkeep
|
|t:|1758278402
|switch|p2a: Keldeo|Keldeo-Resolute|24/100
|turn|27
|
|t:|1758278418
|move|p1a: Ceruledge|Shadow Sneak|p2a: Keldeo
|-damage|p2a: Keldeo|0 fnt
|faint|p2a: Keldeo
|
|win|Conspiracy 9/11
|raw|Conspiracy 9&#x2f;11's rating: 1270 &rarr; <strong>1295</strong><br />(+25 for winning)
|raw|sownse's rating: 1269 &rarr; <strong>1244</strong><br />(-25 for losing)
|l|‽Conspiracy 9/11
|player|p1|
|l|☆sownse
|player|p2|
