|j|☆Battlebot998
|j|☆kabutopzboy
|t:|1758323615
|gametype|singles
|player|p1|Battlebot998|kabu|1154
|player|p2|kabutopzboy|volkner|1190
|gen|9
|tier|[Gen 9] OU
|rated|
|rule|HP Percentage Mod: HP is shown in percentages
|rule|Endless Battle Clause: Forcing endless battles is banned
|rule|Species Clause: Limit one of each Pokémon
|rule|OHKO Clause: OHKO moves are banned
|rule|Evasion Items Clause: Evasion items are banned
|rule|Evasion Moves Clause: Evasion moves are banned
|rule|Evasion Abilities Clause: Evasion abilities are banned
|rule|Sleep Moves Clause: Sleep-inducing moves are banned
|clearpoke
|poke|p1|Crabominable, M|
|poke|p1|Grimmsnarl, M|
|poke|p1|Talonflame, M|
|poke|p1|Minior-Green|
|poke|p1|Gholdengo|
|poke|p1|Mew|
|poke|p2|Dragapult, M|
|poke|p2|Dragonite, M|
|poke|p2|Jolteon, M|
|poke|p2|Zapdos|
|poke|p2|Excadrill, M|
|poke|p2|Tinkaton, F|
|teampreview
|
|t:|1758323620
|teamsize|p1|6
|teamsize|p2|6
|start
|switch|p1a: Grimmsnarl|Grimmsnarl, M|100/100
|switch|p2a: Tinkaton|Tinkaton, F|100/100
|-item|p2a: Tinkaton|Air Balloon
|turn|1
|
|t:|1758323627
|move|p1a: Grimmsnarl|Reflect|p1a: Grimmsnarl
|-sidestart|p1: Battlebot998|Reflect
|move|p2a: Tinkaton|Stealth Rock|p1a: Grimmsnarl
|-sidestart|p1: Battlebot998|move: Stealth Rock
|
|upkeep
|turn|2
|
|t:|1758323631
|move|p1a: Grimmsnarl|Light Screen|p1a: Grimmsnarl
|-sidestart|p1: Battlebot998|move: Light Screen
|move|p2a: Tinkaton|Encore|p1a: Grimmsnarl
|-start|p1a: Grimmsnarl|Encore
|
|upkeep
|turn|3
|
|t:|1758323637
|switch|p1a: Gholdengo|Gholdengo|100/100
|-damage|p1a: Gholdengo|94/100|[from] Stealth Rock
|move|p2a: Tinkaton|Thunder Wave|p1a: Gholdengo
|-immune|p1a: Gholdengo|[from] ability: Good as Gold
|
|upkeep
|turn|4
|
|t:|1758323651
|switch|p2a: Dragapult|Dragapult, M|100/100
|move|p1a: Gholdengo|Shadow Ball|p2a: Dragapult
|-supereffective|p2a: Dragapult
|-damage|p2a: Dragapult|0 fnt
|faint|p2a: Dragapult
|
|upkeep
|
|t:|1758323664
|switch|p2a: Excadrill|Excadrill, M|100/100
|-item|p2a: Excadrill|Air Balloon
|turn|5
|
|t:|1758323677
|switch|p1a: Talonflame|Talonflame, M|100/100
|move|p2a: Excadrill|Swords Dance|p2a: Excadrill
|-boost|p2a: Excadrill|atk|2
|
|upkeep
|turn|6
|
|t:|1758323685
|switch|p2a: Zapdos|Zapdos|100/100
|move|p1a: Talonflame|Flare Blitz|p2a: Zapdos
|-damage|p2a: Zapdos|46/100
|-status|p1a: Talonflame|par|[from] ability: Static|[of] p2a: Zapdos
|-damage|p1a: Talonflame|81/100 par|[from] Recoil
|
|upkeep
|turn|7
|
|t:|1758323693
|switch|p1a: Mew|Mew|100/100
|-damage|p1a: Mew|88/100|[from] Stealth Rock
|move|p2a: Zapdos|Rain Dance|p2a: Zapdos
|-weather|RainDance
|
|-weather|RainDance|[upkeep]
|upkeep
|turn|8
|
|t:|1758323707
|switch|p2a: Tinkaton|Tinkaton, F|100/100
|-item|p2a: Tinkaton|Air Balloon
|move|p1a: Mew|Psychic|p2a: Tinkaton
|-resisted|p2a: Tinkaton
|-damage|p2a: Tinkaton|71/100
|-enditem|p2a: Tinkaton|Air Balloon
|
|-weather|RainDance|[upkeep]
|-sideend|p1: Battlebot998|Reflect
|upkeep
|turn|9
|
|t:|1758323718
|move|p1a: Mew|Psychic|p2a: Tinkaton
|-resisted|p2a: Tinkaton
|-damage|p2a: Tinkaton|40/100
|move|p2a: Tinkaton|Encore|p1a: Mew
|-start|p1a: Mew|Encore
|
|-weather|RainDance|[upkeep]
|-sideend|p1: Battlebot998|move: Light Screen
|upkeep
|turn|10
|
|t:|1758323725
|move|p1a: Mew|Psychic|p2a: Tinkaton
|-resisted|p2a: Tinkaton
|-damage|p2a: Tinkaton|11/100
|move|p2a: Tinkaton|Thunder Wave|p1a: Mew
|-status|p1a: Mew|par
|-activate|p1a: Mew|ability: Synchronize
|-status|p2a: Tinkaton|par
|
|-weather|RainDance|[upkeep]
|upkeep
|turn|11
|
|t:|1758323735
|move|p1a: Mew|Psychic|p2a: Tinkaton
|-resisted|p2a: Tinkaton
|-damage|p2a: Tinkaton|0 fnt
|faint|p2a: Tinkaton
|
|-weather|RainDance|[upkeep]
|upkeep
|
|t:|1758323740
|switch|p2a: Jolteon|Jolteon, M|100/100
|turn|12
|
|t:|1758323743
|move|p2a: Jolteon|Calm Mind|p2a: Jolteon
|-boost|p2a: Jolteon|spa|1
|-boost|p2a: Jolteon|spd|1
|move|p1a: Mew|Psychic|p2a: Jolteon
|-damage|p2a: Jolteon|48/100
|
|-weather|RainDance|[upkeep]
|-end|p1a: Mew|Encore
|upkeep
|turn|13
|
|t:|1758323751
|move|p2a: Jolteon|Thunder|p1a: Mew
|-damage|p1a: Mew|11/100 par
|move|p1a: Mew|Psychic|p2a: Jolteon
|-damage|p2a: Jolteon|0 fnt
|faint|p2a: Jolteon
|
|-weather|RainDance|[upkeep]
|upkeep
|
|t:|1758323758
|switch|p2a: Excadrill|Excadrill, M|100/100
|-item|p2a: Excadrill|Air Balloon
|turn|14
|
|t:|1758323765
|move|p2a: Excadrill|Swords Dance|p2a: Excadrill
|-boost|p2a: Excadrill|atk|2
|move|p1a: Mew|Psychic|p2a: Excadrill
|-resisted|p2a: Excadrill
|-damage|p2a: Excadrill|72/100
|-enditem|p2a: Excadrill|Air Balloon
|
|-weather|none
|upkeep
|turn|15
|
|t:|1758323773
|move|p2a: Excadrill|Rapid Spin|p1a: Mew
|-damage|p1a: Mew|0 fnt
|-boost|p2a: Excadrill|spe|1
|faint|p1a: Mew
|
|upkeep
|
|t:|1758323777
|switch|p1a: Grimmsnarl|Grimmsnarl, M|100/100
|-damage|p1a: Grimmsnarl|88/100|[from] Stealth Rock
|turn|16
|
|t:|1758323782
|move|p1a: Grimmsnarl|Reflect|p1a: Grimmsnarl
|-sidestart|p1: Battlebot998|Reflect
|move|p2a: Excadrill|Swords Dance|p2a: Excadrill
|-boost|p2a: Excadrill|atk|2
|
|upkeep
|turn|17
|
|t:|1758323789
|switch|p1a: Talonflame|Talonflame, M|81/100 par
|move|p2a: Excadrill|Iron Head|p1a: Talonflame
|-resisted|p1a: Talonflame
|-damage|p1a: Talonflame|41/100 par
|
|upkeep
|turn|18
|
|t:|1758323807
|move|p2a: Excadrill|Iron Head|p1a: Talonflame
|-resisted|p1a: Talonflame
|-damage|p1a: Talonflame|4/100 par
|cant|p1a: Talonflame|flinch
|
|upkeep
|turn|19
|
|t:|1758323822
|-terastallize|p2a: Excadrill|Flying
|move|p2a: Excadrill|Swords Dance|p2a: Excadrill
|-boost|p2a: Excadrill|atk|2
|move|p1a: Talonflame|Flare Blitz|p2a: Excadrill
|-damage|p2a: Excadrill|27/100
|-damage|p1a: Talonflame|0 fnt|[from] Recoil
|faint|p1a: Talonflame
|
|upkeep
|
|t:|1758323828
|switch|p1a: Crabominable|Crabominable, M|100/100
|-damage|p1a: Crabominable|88/100|[from] Stealth Rock
|turn|20
|
|t:|1758323837
|-terastallize|p1a: Crabominable|Water
|move|p2a: Excadrill|Iron Head|p1a: Crabominable
|-resisted|p1a: Crabominable
|-damage|p1a: Crabominable|51/100
|move|p1a: Crabominable|Crabhammer|p2a: Excadrill
|-damage|p2a: Excadrill|0 fnt
|faint|p2a: Excadrill
|
|upkeep
|
|t:|1758323849
|switch|p2a: Zapdos|Zapdos|46/100
|turn|21
|
|t:|1758323853
|switch|p1a: Grimmsnarl|Grimmsnarl, M|88/100
|-damage|p1a: Grimmsnarl|76/100|[from] Stealth Rock
|move|p2a: Zapdos|Thunder|p1a: Grimmsnarl|[miss]
|-miss|p2a: Zapdos|p1a: Grimmsnarl
|
|upkeep
|turn|22
|
|t:|1758323860
|move|p1a: Grimmsnarl|Light Screen|p1a: Grimmsnarl
|-sidestart|p1: Battlebot998|move: Light Screen
|move|p2a: Zapdos|Rain Dance|p2a: Zapdos
|-weather|RainDance
|
|-weather|RainDance|[upkeep]
|upkeep
|turn|23
|
|t:|1758323864
|move|p2a: Zapdos|Thunder|p1a: Grimmsnarl
|-damage|p1a: Grimmsnarl|55/100
|-status|p1a: Grimmsnarl|par
|move|p1a: Grimmsnarl|Spirit Break|p2a: Zapdos
|-damage|p2a: Zapdos|10/100
|-unboost|p2a: Zapdos|spa|1
|
|-weather|RainDance|[upkeep]
|-sideend|p1: Battlebot998|Reflect
|upkeep
|turn|24
|
|t:|1758323874
|move|p2a: Zapdos|Hurricane|p1a: Grimmsnarl
|-damage|p1a: Grimmsnarl|40/100 par
|move|p1a: Grimmsnarl|Spirit Break|p2a: Zapdos
|-damage|p2a: Zapdos|0 fnt
|faint|p2a: Zapdos
|
|-weather|RainDance|[upkeep]
|upkeep
|
|t:|1758323882
|switch|p2a: Dragonite|Dragonite, M|100/100
|turn|25
|
|t:|1758323889
|cant|p1a: Grimmsnarl|par
|move|p2a: Dragonite|Dragon Dance|p2a: Dragonite
|-boost|p2a: Dragonite|atk|1
|-boost|p2a: Dragonite|spe|1
|
|-weather|RainDance|[upkeep]
|upkeep
|turn|26
|
|t:|1758323898
|move|p1a: Grimmsnarl|Thunder Wave|p2a: Dragonite
|-status|p2a: Dragonite|par
|-enditem|p2a: Dragonite|Lum Berry|[eat]
|-curestatus|p2a: Dragonite|par|[msg]
|move|p2a: Dragonite|Earthquake|p1a: Grimmsnarl
|-damage|p1a: Grimmsnarl|0 fnt
|faint|p1a: Grimmsnarl
|
|-weather|RainDance|[upkeep]
|upkeep
|
|t:|1758323903
|switch|p1a: Minior|Minior-Green|100/100
|-damage|p1a: Minior|76/100|[from] Stealth Rock
|-formechange|p1a: Minior|Minior-Meteor||[from] ability: Shields Down
|turn|27
|
|t:|1758323915
|move|p2a: Dragonite|Ice Spinner|p1a: Minior
|-supereffective|p1a: Minior
|-damage|p1a: Minior|0 fnt
|faint|p1a: Minior
|
|-weather|RainDance|[upkeep]
|upkeep
|
|t:|1758323917
|switch|p1a: Gholdengo|Gholdengo|94/100
|-damage|p1a: Gholdengo|88/100|[from] Stealth Rock
|turn|28
|
|t:|1758323926
|move|p1a: Gholdengo|Make It Rain|p2a: Dragonite
|-damage|p2a: Dragonite|66/100
|-unboost|p1a: Gholdengo|spa|1
|move|p2a: Dragonite|Earthquake|p1a: Gholdengo
|-supereffective|p1a: Gholdengo
|-damage|p1a: Gholdengo|0 fnt
|faint|p1a: Gholdengo
|
|-weather|RainDance|[upkeep]
|upkeep
|
|t:|1758323928
|switch|p1a: Crabominable|Crabominable, M, tera:Water|51/100
|-damage|p1a: Crabominable|39/100|[from] Stealth Rock
|turn|29
|
|t:|1758323939
|move|p2a: Dragonite|Earthquake|p1a: Crabominable
|-damage|p1a: Crabominable|0 fnt
|faint|p1a: Crabominable
|
|win|kabutopzboy
|raw|Battlebot998's rating: 1154 &rarr; <strong>1132</strong><br />(-22 for losing)
|raw|kabutopzboy's rating: 1190 &rarr; <strong>1212</strong><br />(+22 for winning)
|l|☆Battlebot998
|player|p1|
|l|☆kabutopzboy
|player|p2|
