|j|☆frankjob
|j|☆ooo01w
|t:|1758357802
|gametype|singles
|player|p1|frankjob|cheren|1489
|player|p2|ooo01w|169|1495
|gen|9
|tier|[Gen 9] OU
|rated|
|rule|HP Percentage Mod: HP is shown in percentages
|rule|Endless Battle Clause: Forcing endless battles is banned
|rule|Species Clause: Limit one of each Pokémon
|rule|OHKO Clause: OHKO moves are banned
|rule|Evasion Items Clause: Evasion items are banned
|rule|Evasion Moves Clause: Evasion moves are banned
|rule|Evasion Abilities Clause: Evasion abilities are banned
|rule|Sleep Moves Clause: Sleep-inducing moves are banned
|clearpoke
|poke|p1|Ursaluna, F|
|poke|p1|Carbink|
|poke|p1|Cresselia, F|
|poke|p1|Kingambit, F|
|poke|p1|Hatterene, F|
|poke|p1|Raging Bolt|
|poke|p2|Raging Bolt|
|poke|p2|Iron Moth|
|poke|p2|Great Tusk|
|poke|p2|Gholdengo|
|poke|p2|Kingambit, M|
|poke|p2|Darkrai|
|teampreview
|inactive|Battle timer is ON: inactive players will automatically lose when time's up. (requested by frankjob)
|
|t:|1758357819
|teamsize|p1|6
|teamsize|p2|6
|start
|switch|p1a: Carbink|Carbink|100/100
|switch|p2a: Gholdengo|Gholdengo|100/100
|-item|p2a: Gholdengo|Air Balloon
|turn|1
|
|t:|1758357831
|move|p2a: Gholdengo|Nasty Plot|p2a: Gholdengo
|-boost|p2a: Gholdengo|spa|2
|move|p1a: Carbink|Trick Room|p1a: Carbink
|-fieldstart|move: Trick Room|[of] p1a: Carbink
|
|upkeep
|turn|2
|
|t:|1758357837
|move|p1a: Carbink|Stealth Rock|p2a: Gholdengo
|-sidestart|p2: ooo01w|move: Stealth Rock
|move|p2a: Gholdengo|Dazzling Gleam|p1a: Carbink
|-damage|p1a: Carbink|61/100
|
|upkeep
|turn|3
|
|t:|1758357854
|move|p1a: Carbink|Misty Explosion|p2a: Gholdengo
|-resisted|p2a: Gholdengo
|-damage|p2a: Gholdengo|89/100
|-enditem|p2a: Gholdengo|Air Balloon
|faint|p1a: Carbink
|move|p2a: Gholdengo|Dazzling Gleam|p1: Carbink|[notarget]
|-fail|p2a: Gholdengo
|
|upkeep
|
|t:|1758357861
|switch|p1a: Ursaluna|Ursaluna, F|100/100
|turn|4
|inactive|ooo01w has 120 seconds left.
|
|t:|1758357906
|switch|p2a: Great Tusk|Great Tusk|100/100
|-damage|p2a: Great Tusk|98/100|[from] Stealth Rock
|-enditem|p2a: Great Tusk|Booster Energy
|-activate|p2a: Great Tusk|ability: Protosynthesis|[fromitem]
|-start|p2a: Great Tusk|protosynthesisatk
|move|p1a: Ursaluna|Headlong Rush|p2a: Great Tusk
|-damage|p2a: Great Tusk|43/100
|-unboost|p1a: Ursaluna|def|1
|-unboost|p1a: Ursaluna|spd|1
|
|-status|p1a: Ursaluna|brn|[from] item: Flame Orb
|upkeep
|turn|5
|
|t:|1758357923
|-end|p2a: Great Tusk|Protosynthesis|[silent]
|switch|p2a: Gholdengo|Gholdengo|89/100
|-damage|p2a: Gholdengo|83/100|[from] Stealth Rock
|move|p1a: Ursaluna|Headlong Rush|p2a: Gholdengo
|-supereffective|p2a: Gholdengo
|-damage|p2a: Gholdengo|0 fnt
|-unboost|p1a: Ursaluna|def|1
|-unboost|p1a: Ursaluna|spd|1
|faint|p2a: Gholdengo
|
|-damage|p1a: Ursaluna|94/100 brn|[from] brn
|-fieldend|move: Trick Room
|upkeep
|inactive|ooo01w has 90 seconds left.
|
|t:|1758357949
|switch|p2a: Iron Moth|Iron Moth|100/100
|-damage|p2a: Iron Moth|76/100|[from] Stealth Rock
|-enditem|p2a: Iron Moth|Booster Energy
|-activate|p2a: Iron Moth|ability: Quark Drive|[fromitem]
|-start|p2a: Iron Moth|quarkdrivespa
|turn|6
|inactive|ooo01w has 90 seconds left.
|
|t:|1758357962
|switch|p1a: Raging Bolt|Raging Bolt|100/100
|-enditem|p1a: Raging Bolt|Booster Energy
|-activate|p1a: Raging Bolt|ability: Protosynthesis|[fromitem]
|-start|p1a: Raging Bolt|protosynthesisspa
|move|p2a: Iron Moth|Fiery Dance|p1a: Raging Bolt
|-resisted|p1a: Raging Bolt
|-damage|p1a: Raging Bolt|75/100
|
|upkeep
|turn|7
|
|t:|1758357975
|move|p1a: Raging Bolt|Thunderclap|p2a: Iron Moth
|-damage|p2a: Iron Moth|19/100
|move|p2a: Iron Moth|Dazzling Gleam|p1a: Raging Bolt
|-supereffective|p1a: Raging Bolt
|-damage|p1a: Raging Bolt|9/100
|
|upkeep
|turn|8
|
|t:|1758357981
|move|p1a: Raging Bolt|Thunderclap|p2a: Iron Moth
|-damage|p2a: Iron Moth|0 fnt
|faint|p2a: Iron Moth
|-end|p2a: Iron Moth|Quark Drive|[silent]
|
|upkeep
|
|t:|1758357986
|switch|p2a: Great Tusk|Great Tusk|43/100
|-damage|p2a: Great Tusk|40/100|[from] Stealth Rock
|turn|9
|
|t:|1758357990
|-end|p1a: Raging Bolt|Protosynthesis|[silent]
|switch|p1a: Cresselia|Cresselia, F|100/100
|move|p2a: Great Tusk|Rapid Spin|p1a: Cresselia
|-damage|p1a: Cresselia|91/100
|-boost|p2a: Great Tusk|spe|1
|-sideend|p2: ooo01w|Stealth Rock|[from] move: Rapid Spin|[of] p2a: Great Tusk
|
|upkeep
|turn|10
|inactive|ooo01w has 120 seconds left.
|
|t:|1758358000
|move|p2a: Great Tusk|Head Smash|p1a: Cresselia
|-damage|p1a: Cresselia|65/100
|-damage|p2a: Great Tusk|24/100|[from] Recoil
|move|p1a: Cresselia|Trick Room|p1a: Cresselia
|-fieldstart|move: Trick Room|[of] p1a: Cresselia
|
|upkeep
|turn|11
|inactive|ooo01w has 120 seconds left.
|
|t:|1758358021
|move|p1a: Cresselia|Ice Beam|p2a: Great Tusk
|-supereffective|p2a: Great Tusk
|-damage|p2a: Great Tusk|0 fnt
|faint|p2a: Great Tusk
|-end|p2a: Great Tusk|Protosynthesis|[silent]
|
|upkeep
|inactive|ooo01w has 90 seconds left.
|
|t:|1758358061
|switch|p2a: Kingambit|Kingambit, M|100/100
|-activate|p2a: Kingambit|ability: Supreme Overlord
|-start|p2a: Kingambit|fallen3|[silent]
|turn|12
|
|t:|1758358080
|move|p1a: Cresselia|Lunar Dance|p1a: Cresselia
|faint|p1a: Cresselia
|move|p2a: Kingambit|Kowtow Cleave|p1: Cresselia|[notarget]
|-fail|p2a: Kingambit
|
|upkeep
|
|t:|1758358088
|switch|p1a: Ursaluna|Ursaluna, F|94/100 brn
|-heal|p1a: Ursaluna|100/100|[from] move: Lunar Dance
|turn|13
|inactive|ooo01w has 90 seconds left.
|
|t:|1758358104
|-terastallize|p2a: Kingambit|Dark
|move|p1a: Ursaluna|Headlong Rush|p2a: Kingambit
|-damage|p2a: Kingambit|43/100
|-unboost|p1a: Ursaluna|def|1
|-unboost|p1a: Ursaluna|spd|1
|move|p2a: Kingambit|Brick Break|p1a: Ursaluna
|-supereffective|p1a: Ursaluna
|-damage|p1a: Ursaluna|19/100
|
|-status|p1a: Ursaluna|brn|[from] item: Flame Orb
|upkeep
|turn|14
|
|t:|1758358118
|switch|p1a: Raging Bolt|Raging Bolt|9/100
|move|p2a: Kingambit|Sucker Punch||[still]
|-fail|p2a: Kingambit
|
|-fieldend|move: Trick Room
|upkeep
|turn|15
|
|t:|1758358126
|-end|p2a: Kingambit|fallen3|[silent]
|switch|p2a: Raging Bolt|Raging Bolt|100/100
|-enditem|p2a: Raging Bolt|Booster Energy
|-activate|p2a: Raging Bolt|ability: Protosynthesis|[fromitem]
|-start|p2a: Raging Bolt|protosynthesisspa
|move|p1a: Raging Bolt|Thunderclap||[still]
|-fail|p1a: Raging Bolt
|
|upkeep
|turn|16
|inactive|ooo01w has 90 seconds left.
|
|t:|1758358141
|move|p2a: Raging Bolt|Thunderbolt|p1a: Raging Bolt
|-resisted|p1a: Raging Bolt
|-damage|p1a: Raging Bolt|0 fnt
|faint|p1a: Raging Bolt
|-end|p1a: Raging Bolt|Protosynthesis|[silent]
|
|upkeep
|
|t:|1758358145
|switch|p1a: Hatterene|Hatterene, F|100/100
|turn|17
|
|t:|1758358156
|move|p2a: Raging Bolt|Thunderbolt|p1a: Hatterene
|-damage|p1a: Hatterene|33/100
|move|p1a: Hatterene|Trick Room|p1a: Hatterene
|-fieldstart|move: Trick Room|[of] p1a: Hatterene
|
|upkeep
|turn|18
|inactive|ooo01w has 90 seconds left.
|
|t:|1758358181
|move|p2a: Raging Bolt|Thunderclap|p1a: Hatterene
|-damage|p1a: Hatterene|0 fnt
|faint|p1a: Hatterene
|
|upkeep
|
|t:|1758358187
|switch|p1a: Ursaluna|Ursaluna, F|19/100 brn
|turn|19
|inactive|ooo01w has 90 seconds left.
|
|t:|1758358196
|-end|p2a: Raging Bolt|Protosynthesis|[silent]
|switch|p2a: Darkrai|Darkrai|100/100
|move|p1a: Ursaluna|Facade|p2a: Darkrai
|-damage|p2a: Darkrai|0 fnt
|faint|p2a: Darkrai
|
|-damage|p1a: Ursaluna|13/100 brn|[from] brn
|upkeep
|inactive|ooo01w has 90 seconds left.
|
|t:|1758358204
|switch|p2a: Kingambit|Kingambit, M, tera:Dark|43/100
|-activate|p2a: Kingambit|ability: Supreme Overlord
|-start|p2a: Kingambit|fallen4|[silent]
|turn|20
|inactive|frankjob has 120 seconds left.
|
|t:|1758358243
|switch|p1a: Kingambit|Kingambit, F|100/100
|-activate|p1a: Kingambit|ability: Supreme Overlord
|-start|p1a: Kingambit|fallen4|[silent]
|move|p2a: Kingambit|Sucker Punch||[still]
|-fail|p2a: Kingambit
|
|upkeep
|turn|21
|inactive|frankjob has 120 seconds left.
|
|t:|1758358257
|-end|p2a: Kingambit|fallen4|[silent]
|switch|p2a: Raging Bolt|Raging Bolt|100/100
|move|p1a: Kingambit|Low Kick|p2a: Raging Bolt
|-damage|p2a: Raging Bolt|34/100
|
|-fieldend|move: Trick Room
|upkeep
|turn|22
|inactive|frankjob has 120 seconds left.
|
|t:|1758358268
|move|p2a: Raging Bolt|Thunderclap|p1a: Kingambit
|-damage|p1a: Kingambit|57/100
|move|p1a: Kingambit|Kowtow Cleave|p2a: Raging Bolt
|-damage|p2a: Raging Bolt|0 fnt
|faint|p2a: Raging Bolt
|-end|p2a: Raging Bolt|Protosynthesis|[silent]
|
|upkeep
|
|t:|1758358275
|switch|p2a: Kingambit|Kingambit, M, tera:Dark|43/100
|-activate|p2a: Kingambit|ability: Supreme Overlord
|-start|p2a: Kingambit|fallen5|[silent]
|turn|23
|
|t:|1758358280
|move|p2a: Kingambit|Brick Break|p1a: Kingambit
|-supereffective|p1a: Kingambit
|-damage|p1a: Kingambit|0 fnt
|faint|p1a: Kingambit
|-end|p1a: Kingambit|fallen4|[silent]
|
|upkeep
|
|t:|1758358284
|switch|p1a: Ursaluna|Ursaluna, F|13/100 brn
|turn|24
|
|t:|1758358291
|move|p2a: Kingambit|Brick Break|p1a: Ursaluna
|-supereffective|p1a: Ursaluna
|-damage|p1a: Ursaluna|0 fnt
|faint|p1a: Ursaluna
|
|win|ooo01w
|raw|frankjob's rating: 1489 &rarr; <strong>1469</strong><br />(-20 for losing)
|raw|ooo01w's rating: 1495 &rarr; <strong>1515</strong><br />(+20 for winning)
|l|☆ooo01w
|player|p2|
|l|☆frankjob
|player|p1|
