|j|☆I will eat another
|j|☆dxBasti
|t:|1758273956
|gametype|singles
|player|p1|I will eat another|plasmagrunt|1307
|player|p2|dxBasti|n|1343
|gen|9
|tier|[Gen 9] OU
|rated|
|rule|HP Percentage Mod: HP is shown in percentages
|rule|Endless Battle Clause: Forcing endless battles is banned
|rule|Species Clause: Limit one of each Pokémon
|rule|OHKO Clause: OHKO moves are banned
|rule|Evasion Items Clause: Evasion items are banned
|rule|Evasion Moves Clause: Evasion moves are banned
|rule|Evasion Abilities Clause: Evasion abilities are banned
|rule|Sleep Moves Clause: Sleep-inducing moves are banned
|clearpoke
|poke|p1|Breloom, F|
|poke|p1|Swinub, F|
|poke|p1|Iron Crown|
|poke|p1|Glimmora, F|
|poke|p1|Talonflame, F|
|poke|p1|Greninja-*, F|
|poke|p2|Indeedee, M|
|poke|p2|Hatterene, F|
|poke|p2|Ursaluna, M|
|poke|p2|Iron Hands|
|poke|p2|Hoopa-Unbound|
|poke|p2|Mimikyu, F|
|teampreview
|inactive|Battle timer is ON: inactive players will automatically lose when time's up. (requested by I will eat another)
|
|t:|1758273972
|teamsize|p1|6
|teamsize|p2|6
|start
|switch|p1a: Lumiflora|Glimmora, F|100/100
|switch|p2a: Iron Hands|Iron Hands|100/100
|-enditem|p2a: Iron Hands|Booster Energy
|-activate|p2a: Iron Hands|ability: Quark Drive|[fromitem]
|-start|p2a: Iron Hands|quarkdriveatk
|turn|1
|
|t:|1758273983
|move|p1a: Lumiflora|Meteor Beam||[still]
|-prepare|p1a: Lumiflora|Meteor Beam
|-boost|p1a: Lumiflora|spa|1
|-enditem|p1a: Lumiflora|Power Herb
|-anim|p1a: Lumiflora|Meteor Beam|p2a: Iron Hands
|-resisted|p2a: Iron Hands
|-crit|p2a: Iron Hands
|-damage|p2a: Iron Hands|44/100
|move|p2a: Iron Hands|Close Combat|p1a: Lumiflora
|-damage|p1a: Lumiflora|0 fnt
|-unboost|p2a: Iron Hands|def|1
|-unboost|p2a: Iron Hands|spd|1
|-activate|p1a: Lumiflora|ability: Toxic Debris
|-sidestart|p2: dxBasti|move: Toxic Spikes
|faint|p1a: Lumiflora
|
|upkeep
|
|t:|1758274006
|switch|p1a: Quiekel|Swinub, F|100/100
|turn|2
|l|☆dxBasti
|inactive|dxBasti disconnected and has a minute to reconnect!
|player|p2|
|j|☆dxBasti
|inactive|dxBasti reconnected and has 115 seconds left.
|player|p2|dxBasti|n|
|
|t:|1758274049
|move|p1a: Quiekel|Earthquake|p2a: Iron Hands
|-supereffective|p2a: Iron Hands
|-damage|p2a: Iron Hands|0 fnt
|faint|p2a: Iron Hands
|-end|p2a: Iron Hands|Quark Drive|[silent]
|
|upkeep
|
|t:|1758274053
|switch|p2a: Indeedee|Indeedee, M|100/100
|-status|p2a: Indeedee|psn
|-fieldstart|move: Psychic Terrain|[from] ability: Psychic Surge|[of] p2a: Indeedee
|turn|3
|
|t:|1758274060
|switch|p2a: Hatterene|Hatterene, F|100/100
|-status|p2a: Hatterene|psn
|move|p1a: Quiekel|Endeavor|p2a: Hatterene
|-damage|p2a: Hatterene|77/100 psn
|
|-damage|p2a: Hatterene|64/100 psn|[from] psn
|upkeep
|turn|4
|
|t:|1758274071
|move|p1a: Quiekel|Earthquake|p2a: Hatterene
|-damage|p2a: Hatterene|30/100 psn
|move|p2a: Hatterene|Trick Room|p2a: Hatterene
|-fieldstart|move: Trick Room|[of] p2a: Hatterene
|
|-damage|p2a: Hatterene|18/100 psn|[from] psn
|upkeep
|turn|5
|
|t:|1758274078
|move|p1a: Quiekel|Ice Shard|p2a: Hatterene
|-activate|p2a: Hatterene|move: Psychic Terrain
|move|p2a: Hatterene|Expanding Force|p1a: Quiekel
|-enditem|p1a: Quiekel|Focus Sash
|-damage|p1a: Quiekel|1/100
|-damage|p2a: Hatterene|8/100 psn|[from] item: Life Orb
|
|-damage|p2a: Hatterene|0 fnt|[from] psn
|faint|p2a: Hatterene
|upkeep
|
|t:|1758274083
|switch|p2a: Hoopa|Hoopa-Unbound|100/100
|-status|p2a: Hoopa|psn
|-enditem|p2a: Hoopa|Psychic Seed
|-boost|p2a: Hoopa|spd|1|[from] item: Psychic Seed
|turn|6
|
|t:|1758274096
|move|p1a: Quiekel|Endeavor|p2a: Hoopa
|-damage|p2a: Hoopa|1/100 psn
|move|p2a: Hoopa|Expanding Force|p1a: Quiekel
|-damage|p1a: Quiekel|0 fnt
|faint|p1a: Quiekel
|
|-damage|p2a: Hoopa|0 fnt|[from] psn
|faint|p2a: Hoopa
|upkeep
|
|t:|1758274110
|switch|p1a: Fiaro|Talonflame, F|100/100
|switch|p2a: Ursaluna|Ursaluna, M|100/100
|-status|p2a: Ursaluna|psn
|turn|7
|
|t:|1758274133
|move|p2a: Ursaluna|Facade|p1a: Fiaro
|-damage|p1a: Fiaro|0 fnt
|faint|p1a: Fiaro
|
|-damage|p2a: Ursaluna|88/100 psn|[from] psn
|upkeep
|
|t:|1758274139
|switch|p1a: Kapilz|Breloom, F|100/100
|turn|8
|
|t:|1758274147
|move|p1a: Kapilz|Mach Punch|p2a: Ursaluna
|-activate|p2a: Ursaluna|move: Psychic Terrain
|move|p2a: Ursaluna|Facade|p1a: Kapilz
|-damage|p1a: Kapilz|0 fnt
|faint|p1a: Kapilz
|
|-damage|p2a: Ursaluna|76/100 psn|[from] psn
|-fieldend|move: Trick Room
|upkeep
|
|t:|1758274159
|switch|p1a: Quajutsu|Greninja, F|100/100
|turn|9
|
|t:|1758274164
|switch|p2a: Mimikyu|Mimikyu, F|100/100
|-status|p2a: Mimikyu|psn
|move|p1a: Quajutsu|Surf|p2a: Mimikyu
|-start|p1a: Quajutsu|typechange|Water|[from] ability: Protean
|-activate|p2a: Mimikyu|ability: Disguise
|-damage|p2a: Mimikyu|100/100 psn
|detailschange|p2a: Mimikyu|Mimikyu-Busted, F
|-damage|p2a: Mimikyu|88/100 psn|[from] pokemon: Mimikyu-Busted
|-enditem|p2a: Mimikyu|Red Card|[of] p1a: Quajutsu
|drag|p1a: Eisenkrone|Iron Crown|100/100
|-enditem|p1a: Eisenkrone|Booster Energy
|-activate|p1a: Eisenkrone|ability: Quark Drive|[fromitem]
|-start|p1a: Eisenkrone|quarkdrivespe
|
|-damage|p2a: Mimikyu|76/100 psn|[from] psn
|upkeep
|turn|10
|
|t:|1758274181
|move|p1a: Eisenkrone|Tachyon Cutter|p2a: Mimikyu
|-supereffective|p2a: Mimikyu
|-damage|p2a: Mimikyu|28/100 psn
|-supereffective|p2a: Mimikyu
|-damage|p2a: Mimikyu|0 fnt
|faint|p2a: Mimikyu
|-hitcount|p2: Mimikyu|2
|
|-fieldend|move: Psychic Terrain
|upkeep
|
|t:|1758274185
|switch|p2a: Indeedee|Indeedee, M|100/100 psn
|-fieldstart|move: Psychic Terrain|[from] ability: Psychic Surge|[of] p2a: Indeedee
|turn|11
|
|t:|1758274193
|move|p1a: Eisenkrone|Calm Mind|p1a: Eisenkrone
|-boost|p1a: Eisenkrone|spa|1
|-boost|p1a: Eisenkrone|spd|1
|move|p2a: Indeedee|Trick Room|p2a: Indeedee
|-fieldstart|move: Trick Room|[of] p2a: Indeedee
|
|-damage|p2a: Indeedee|88/100 psn|[from] psn
|upkeep
|turn|12
|
|t:|1758274202
|move|p2a: Indeedee|Encore|p1a: Eisenkrone
|-start|p1a: Eisenkrone|Encore
|move|p1a: Eisenkrone|Calm Mind|p1a: Eisenkrone
|-boost|p1a: Eisenkrone|spa|1
|-boost|p1a: Eisenkrone|spd|1
|
|-damage|p2a: Indeedee|76/100 psn|[from] psn
|upkeep
|turn|13
|
|t:|1758274209
|move|p2a: Indeedee|Healing Wish|p2a: Indeedee
|faint|p2a: Indeedee
|move|p1a: Eisenkrone|Calm Mind|p1a: Eisenkrone
|-boost|p1a: Eisenkrone|spa|1
|-boost|p1a: Eisenkrone|spd|1
|
|upkeep
|
|t:|1758274210
|switch|p2a: Ursaluna|Ursaluna, M|76/100 psn
|-heal|p2a: Ursaluna|100/100|[from] move: Healing Wish
|-status|p2a: Ursaluna|psn
|turn|14
|
|t:|1758274222
|-terastallize|p1a: Eisenkrone|Fighting
|move|p2a: Ursaluna|Headlong Rush|p1a: Eisenkrone
|-crit|p1a: Eisenkrone
|-damage|p1a: Eisenkrone|0 fnt
|-unboost|p2a: Ursaluna|def|1
|-unboost|p2a: Ursaluna|spd|1
|faint|p1a: Eisenkrone
|-end|p1a: Eisenkrone|Quark Drive|[silent]
|
|-damage|p2a: Ursaluna|88/100 psn|[from] psn
|upkeep
|
|t:|1758274231
|switch|p1a: Quajutsu|Greninja, F|100/100
|turn|15
|
|t:|1758274235
|move|p2a: Ursaluna|Headlong Rush|p1a: Quajutsu
|-damage|p1a: Quajutsu|0 fnt
|-unboost|p2a: Ursaluna|def|1
|-unboost|p2a: Ursaluna|spd|1
|faint|p1a: Quajutsu
|
|win|dxBasti
|raw|I will eat another's rating: 1307 &rarr; <strong>1289</strong><br />(-18 for losing)
|raw|dxBasti's rating: 1343 &rarr; <strong>1361</strong><br />(+18 for winning)
|l|☆I will eat another
|player|p1|
|l|☆dxBasti
|player|p2|
