|j|☆Gucci Buddha
|j|☆kenjihibiki
|t:|1758259562
|gametype|singles
|player|p1|Gucci Buddha|volkner|1377
|player|p2|kenjihibiki|hilbert|1459
|gen|9
|tier|[Gen 9] OU
|rated|
|rule|HP Percentage Mod: HP is shown in percentages
|rule|Endless Battle Clause: Forcing endless battles is banned
|rule|Species Clause: Limit one of each Pokémon
|rule|OHKO Clause: OHKO moves are banned
|rule|Evasion Items Clause: Evasion items are banned
|rule|Evasion Moves Clause: Evasion moves are banned
|rule|Evasion Abilities Clause: Evasion abilities are banned
|rule|Sleep Moves Clause: Sleep-inducing moves are banned
|clearpoke
|poke|p1|Glimmora, M|
|poke|p1|Zamazenta-*|
|poke|p1|Latias, F|
|poke|p1|Gholdengo|
|poke|p1|Dragonite, F|
|poke|p1|Weavile, F|
|poke|p2|Pelipper, F|
|poke|p2|Kingdra, M|
|poke|p2|Feraligatr, M|
|poke|p2|Scizor, M|
|poke|p2|Ogerpon-Wellspring, F|
|poke|p2|Great Tusk|
|teampreview
|inactive|Battle timer is ON: inactive players will automatically lose when time's up. (requested by Gucci Buddha)
|
|t:|1758259570
|teamsize|p1|6
|teamsize|p2|6
|start
|switch|p1a: Weavile|Weavile, F|100/100
|switch|p2a: Ogerpon|Ogerpon-Wellspring, F|100/100
|turn|1
|
|t:|1758259581
|switch|p1a: Gholdengo|Gholdengo|100/100
|-terastallize|p2a: Ogerpon|Water
|detailschange|p2a: Ogerpon|Ogerpon-Wellspring-Tera, F, tera:Water
|-ability|p2a: Ogerpon|Embody Aspect (Wellspring)|boost
|-boost|p2a: Ogerpon|spd|1
|move|p2a: Ogerpon|Horn Leech|p1a: Gholdengo
|-resisted|p1a: Gholdengo
|-damage|p1a: Gholdengo|79/100
|
|upkeep
|turn|2
|
|t:|1758259590
|move|p2a: Ogerpon|Ivy Cudgel|p1a: Gholdengo|[anim] Ivy Cudgel Water
|-damage|p1a: Gholdengo|7/100
|move|p1a: Gholdengo|Thunderbolt|p2a: Ogerpon
|-supereffective|p2a: Ogerpon
|-damage|p2a: Ogerpon|48/100
|
|upkeep
|turn|3
|
|t:|1758259597
|switch|p1a: Zamazenta|Zamazenta|100/100
|-ability|p1a: Zamazenta|Dauntless Shield|boost
|-boost|p1a: Zamazenta|def|1
|move|p2a: Ogerpon|Horn Leech|p1a: Zamazenta
|-damage|p1a: Zamazenta|76/100
|-heal|p2a: Ogerpon|62/100|[from] drain|[of] p1a: Zamazenta
|
|-heal|p1a: Zamazenta|83/100|[from] item: Leftovers
|upkeep
|turn|4
|
|t:|1758259607
|switch|p2a: Pelipper|Pelipper, F|100/100
|-weather|RainDance|[from] ability: Drizzle|[of] p2a: Pelipper
|move|p1a: Zamazenta|Substitute|p1a: Zamazenta
|-start|p1a: Zamazenta|Substitute
|-damage|p1a: Zamazenta|58/100
|
|-weather|RainDance|[upkeep]
|-heal|p1a: Zamazenta|64/100|[from] item: Leftovers
|upkeep
|turn|5
|
|t:|1758259616
|move|p1a: Zamazenta|Iron Defense|p1a: Zamazenta
|-boost|p1a: Zamazenta|def|2
|move|p2a: Pelipper|Weather Ball|p1a: Zamazenta
|-end|p1a: Zamazenta|Substitute
|
|-weather|RainDance|[upkeep]
|-heal|p1a: Zamazenta|70/100|[from] item: Leftovers
|upkeep
|turn|6
|
|t:|1758259623
|move|p1a: Zamazenta|Crunch|p2a: Pelipper
|-damage|p2a: Pelipper|83/100
|move|p2a: Pelipper|Hurricane|p1a: Zamazenta
|-supereffective|p1a: Zamazenta
|-damage|p1a: Zamazenta|12/100
|
|-weather|RainDance|[upkeep]
|-heal|p1a: Zamazenta|18/100|[from] item: Leftovers
|upkeep
|turn|7
|
|t:|1758259630
|switch|p1a: Gholdengo|Gholdengo|7/100
|move|p2a: Pelipper|U-turn|p1a: Gholdengo
|-resisted|p1a: Gholdengo
|-damage|p1a: Gholdengo|5/100
|
|t:|1758259640
|switch|p2a: Kingdra|Kingdra, M|100/100|[from] U-turn
|
|-weather|RainDance|[upkeep]
|upkeep
|turn|8
|-enditem|p1a: Gholdengo|Custap Berry|[eat]
|-activate|p1a: Gholdengo|item: Custap Berry|[consumed]
|
|t:|1758259645
|move|p1a: Gholdengo|Dazzling Gleam|p2a: Kingdra
|-supereffective|p2a: Kingdra
|-damage|p2a: Kingdra|30/100
|move|p2a: Kingdra|Dragon Pulse|p1a: Gholdengo
|-resisted|p1a: Gholdengo
|-damage|p1a: Gholdengo|0 fnt
|faint|p1a: Gholdengo
|
|-weather|RainDance|[upkeep]
|upkeep
|
|t:|1758259653
|switch|p1a: Glimmora|Glimmora, M|100/100
|turn|9
|
|t:|1758259656
|move|p2a: Kingdra|Dragon Pulse|p1a: Glimmora
|-damage|p1a: Glimmora|54/100
|-enditem|p1a: Glimmora|Red Card|[of] p2a: Kingdra
|drag|p2a: Scizor|Scizor, M|100/100
|move|p1a: Glimmora|Stealth Rock|p2a: Scizor
|-sidestart|p2: kenjihibiki|move: Stealth Rock
|
|-weather|RainDance|[upkeep]
|upkeep
|turn|10
|
|t:|1758259663
|move|p2a: Scizor|Bullet Punch|p1a: Glimmora
|-supereffective|p1a: Glimmora
|-damage|p1a: Glimmora|0 fnt
|-activate|p1a: Glimmora|ability: Toxic Debris
|-sidestart|p2: kenjihibiki|move: Toxic Spikes
|faint|p1a: Glimmora
|
|-weather|RainDance|[upkeep]
|upkeep
|
|t:|1758259670
|switch|p1a: Zamazenta|Zamazenta|18/100
|turn|11
|
|t:|1758259674
|move|p2a: Scizor|Bullet Punch|p1a: Zamazenta
|-damage|p1a: Zamazenta|0 fnt
|faint|p1a: Zamazenta
|
|-weather|none
|upkeep
|
|t:|1758259690
|switch|p1a: Dragonite|Dragonite, F|100/100
|turn|12
|
|t:|1758259692
|move|p1a: Dragonite|Dragon Dance|p1a: Dragonite
|-boost|p1a: Dragonite|atk|1
|-boost|p1a: Dragonite|spe|1
|move|p2a: Scizor|Knock Off|p1a: Dragonite
|-crit|p1a: Dragonite
|-damage|p1a: Dragonite|69/100
|-enditem|p1a: Dragonite|Heavy-Duty Boots|[from] move: Knock Off|[of] p2a: Scizor
|
|upkeep
|turn|13
|
|t:|1758259699
|move|p1a: Dragonite|Earthquake|p2a: Scizor
|-damage|p2a: Scizor|43/100
|move|p2a: Scizor|Swords Dance|p2a: Scizor
|-boost|p2a: Scizor|atk|2
|
|-heal|p2a: Scizor|49/100|[from] item: Leftovers
|upkeep
|turn|14
|
|t:|1758259705
|move|p2a: Scizor|Bullet Punch|p1a: Dragonite
|-damage|p1a: Dragonite|0 fnt
|faint|p1a: Dragonite
|
|-heal|p2a: Scizor|55/100|[from] item: Leftovers
|upkeep
|
|t:|1758259708
|switch|p1a: Latias|Latias, F|100/100
|turn|15
|
|t:|1758259714
|move|p2a: Scizor|Bullet Punch|p1a: Latias
|-damage|p1a: Latias|35/100
|move|p1a: Latias|Draining Kiss|p2a: Scizor
|-resisted|p2a: Scizor
|-damage|p2a: Scizor|48/100
|-heal|p1a: Latias|41/100|[from] drain|[of] p2a: Scizor
|
|-heal|p1a: Latias|47/100|[from] item: Leftovers
|-heal|p2a: Scizor|54/100|[from] item: Leftovers
|upkeep
|turn|16
|
|t:|1758259723
|move|p2a: Scizor|Bullet Punch|p1a: Latias
|-damage|p1a: Latias|0 fnt
|faint|p1a: Latias
|
|-heal|p2a: Scizor|60/100|[from] item: Leftovers
|upkeep
|
|t:|1758259724
|switch|p1a: Weavile|Weavile, F|100/100
|turn|17
|
|t:|1758259729
|move|p1a: Weavile|Upper Hand|p2a: Scizor
|-damage|p2a: Scizor|30/100
|-damage|p1a: Weavile|91/100|[from] item: Life Orb
|cant|p2a: Scizor|flinch
|
|-heal|p2a: Scizor|36/100|[from] item: Leftovers
|upkeep
|turn|18
|
|t:|1758259736
|move|p1a: Weavile|Upper Hand|p2a: Scizor
|-damage|p2a: Scizor|7/100
|-damage|p1a: Weavile|81/100|[from] item: Life Orb
|cant|p2a: Scizor|flinch
|
|-heal|p2a: Scizor|13/100|[from] item: Leftovers
|upkeep
|turn|19
|
|t:|1758259744
|move|p1a: Weavile|Upper Hand|p2a: Scizor
|-damage|p2a: Scizor|0 fnt
|faint|p2a: Scizor
|-damage|p1a: Weavile|71/100|[from] item: Life Orb
|
|upkeep
|
|t:|1758259750
|switch|p2a: Great Tusk|Great Tusk|100/100
|turn|20
|
|t:|1758259752
|move|p1a: Weavile|Triple Axel|p2a: Great Tusk
|-supereffective|p2a: Great Tusk
|-damage|p2a: Great Tusk|82/100
|-supereffective|p2a: Great Tusk
|-damage|p2a: Great Tusk|43/100
|-supereffective|p2a: Great Tusk
|-damage|p2a: Great Tusk|0 fnt
|faint|p2a: Great Tusk
|-end|p2a: Great Tusk|Protosynthesis|[silent]
|-hitcount|p2: Great Tusk|3
|-damage|p1a: Weavile|61/100|[from] item: Life Orb
|
|upkeep
|
|t:|1758259762
|switch|p2a: Pelipper|Pelipper, F|83/100
|-damage|p2a: Pelipper|58/100|[from] Stealth Rock
|-weather|RainDance|[from] ability: Drizzle|[of] p2a: Pelipper
|turn|21
|
|t:|1758259768
|-terastallize|p1a: Weavile|Ice
|move|p1a: Weavile|Triple Axel|p2a: Pelipper
|-damage|p2a: Pelipper|44/100
|-damage|p2a: Pelipper|13/100
|-damage|p2a: Pelipper|0 fnt
|faint|p2a: Pelipper
|-hitcount|p2: Pelipper|3
|-damage|p1a: Weavile|51/100|[from] item: Life Orb
|
|-weather|RainDance|[upkeep]
|upkeep
|
|t:|1758259778
|switch|p2a: Kingdra|Kingdra, M|30/100
|-damage|p2a: Kingdra|18/100|[from] Stealth Rock
|-status|p2a: Kingdra|psn
|turn|22
|
|t:|1758259783
|move|p2a: Kingdra|Surf|p1a: Weavile
|-damage|p1a: Weavile|0 fnt
|faint|p1a: Weavile
|
|win|kenjihibiki
|raw|Gucci Buddha's rating: 1397 &rarr; <strong>1381</strong><br />(-16 for losing)
|raw|kenjihibiki's rating: 1459 &rarr; <strong>1475</strong><br />(+16 for winning)
|l|☆Gucci Buddha
|player|p1|
|l|☆kenjihibiki
|player|p2|
