|j|☆mahehh
|j|☆natsuzamaki
|inactive|Battle timer is ON: inactive players will automatically lose when time's up.
|t:|1758310703
|gametype|singles
|player|p1|mahehh|101|
|player|p2|natsuzamaki|elesa|
|gen|9
|tier|[Gen 9] OU
|rated|Tournament battle
|rule|HP Percentage Mod: HP is shown in percentages
|rule|Endless Battle Clause: Forcing endless battles is banned
|rule|Species Clause: Limit one of each Pokémon
|rule|OHKO Clause: OHKO moves are banned
|rule|Evasion Items Clause: Evasion items are banned
|rule|Evasion Moves Clause: Evasion moves are banned
|rule|Evasion Abilities Clause: Evasion abilities are banned
|rule|Sleep Moves Clause: Sleep-inducing moves are banned
|clearpoke
|poke|p1|Manaphy|
|poke|p1|Kingambit, F|
|poke|p1|Araquanid, M|
|poke|p1|Gholdengo|
|poke|p1|Iron Valiant|
|poke|p1|Altaria, M|
|poke|p2|Ribombee, F|
|poke|p2|Great Tusk|
|poke|p2|Gholdengo|
|poke|p2|Manaphy|
|poke|p2|Kingambit, M|
|poke|p2|Iron Valiant|
|teampreview
|j|*Lady Monita ☀
|inactive|natsuzamaki also wants the timer to be on.
|inactive|mahehh has 120 seconds left.
|j| Albrtix
|
|t:|1758310743
|teamsize|p1|6
|teamsize|p2|6
|start
|switch|p1a: Araquanid|Araquanid, M|100/100
|switch|p2a: Great Tusk|Great Tusk|100/100
|-enditem|p2a: Great Tusk|Booster Energy
|-activate|p2a: Great Tusk|ability: Protosynthesis|[fromitem]
|-start|p2a: Great Tusk|protosynthesisatk
|turn|1
|
|t:|1758310755
|move|p2a: Great Tusk|Head Smash|p1a: Araquanid
|-supereffective|p1a: Araquanid
|-crit|p1a: Araquanid
|-damage|p1a: Araquanid|0 fnt
|faint|p1a: Araquanid
|-damage|p2a: Great Tusk|55/100|[from] Recoil
|
|upkeep
|
|t:|1758310782
|switch|p1a: Iron Valiant|Iron Valiant|100/100
|-enditem|p1a: Iron Valiant|Booster Energy
|-activate|p1a: Iron Valiant|ability: Quark Drive|[fromitem]
|-start|p1a: Iron Valiant|quarkdrivespe
|turn|2
|
|t:|1758310795
|move|p1a: Iron Valiant|Spirit Break|p2a: Great Tusk
|-supereffective|p2a: Great Tusk
|-damage|p2a: Great Tusk|1/100
|-unboost|p2a: Great Tusk|spa|1
|move|p2a: Great Tusk|Headlong Rush|p1a: Iron Valiant
|-damage|p1a: Iron Valiant|0 fnt
|-unboost|p2a: Great Tusk|def|1
|-unboost|p2a: Great Tusk|spd|1
|faint|p1a: Iron Valiant
|-end|p1a: Iron Valiant|Quark Drive|[silent]
|
|upkeep
|inactive|mahehh has 120 seconds left.
|
|t:|1758310812
|switch|p1a: Kingambit|Kingambit, F|100/100
|-activate|p1a: Kingambit|ability: Supreme Overlord
|-start|p1a: Kingambit|fallen2|[silent]
|turn|3
|
|t:|1758310817
|move|p1a: Kingambit|Sucker Punch|p2a: Great Tusk
|-resisted|p2a: Great Tusk
|-damage|p2a: Great Tusk|0 fnt
|faint|p2a: Great Tusk
|-end|p2a: Great Tusk|Protosynthesis|[silent]
|
|upkeep
|
|t:|1758310828
|switch|p2a: Iron Valiant|Iron Valiant|100/100
|-enditem|p2a: Iron Valiant|Booster Energy
|-activate|p2a: Iron Valiant|ability: Quark Drive|[fromitem]
|-start|p2a: Iron Valiant|quarkdrivespe
|turn|4
|inactive|mahehh has 120 seconds left.
|
|t:|1758310855
|-terastallize|p1a: Kingambit|Dark
|move|p2a: Iron Valiant|Calm Mind|p2a: Iron Valiant
|-boost|p2a: Iron Valiant|spa|1
|-boost|p2a: Iron Valiant|spd|1
|move|p1a: Kingambit|Iron Head|p2a: Iron Valiant
|-supereffective|p2a: Iron Valiant
|-damage|p2a: Iron Valiant|0 fnt
|faint|p2a: Iron Valiant
|-end|p2a: Iron Valiant|Quark Drive|[silent]
|
|upkeep
|
|t:|1758310871
|switch|p2a: Manaphy|Manaphy|100/100
|turn|5
|
|t:|1758310876
|move|p2a: Manaphy|Tail Glow|p2a: Manaphy
|-boost|p2a: Manaphy|spa|3
|move|p1a: Kingambit|Kowtow Cleave|p2a: Manaphy
|-damage|p2a: Manaphy|7/100
|
|-heal|p2a: Manaphy|13/100|[from] item: Leftovers
|upkeep
|turn|6
|
|t:|1758310886
|move|p1a: Kingambit|Sucker Punch||[still]
|-fail|p1a: Kingambit
|move|p2a: Manaphy|Substitute|p2a: Manaphy
|-fail|p2a: Manaphy|move: Substitute|[weak]
|
|-heal|p2a: Manaphy|19/100|[from] item: Leftovers
|upkeep
|turn|7
|
|t:|1758310893
|move|p2a: Manaphy|Alluring Voice|p1a: Kingambit
|-supereffective|p1a: Kingambit
|-damage|p1a: Kingambit|0 fnt
|faint|p1a: Kingambit
|-end|p1a: Kingambit|fallen2|[silent]
|
|-heal|p2a: Manaphy|25/100|[from] item: Leftovers
|upkeep
|
|t:|1758310898
|switch|p1a: Gholdengo|Gholdengo|100/100
|turn|8
|
|t:|1758310901
|move|p2a: Manaphy|Surf|p1a: Gholdengo
|-damage|p1a: Gholdengo|0 fnt
|faint|p1a: Gholdengo
|
|-heal|p2a: Manaphy|31/100|[from] item: Leftovers
|upkeep
|-message|mahehh forfeited.
|
|win|natsuzamaki
|n|☆mahehh|mahehh
|n|☆natsuzamaki|natsuzamaki
|n|*Lady Monita ☀|ladymonita
|n| Albrtix|albrtix
|l|*Lady Monita ☀
|l|☆mahehh
|player|p1|
|l|☆natsuzamaki
|player|p2|
