|j|☆mingkuo
|j|☆rafa_gamer241
|t:|1758363541
|gametype|singles
|player|p1|mingkuo|alder|1328
|player|p2|rafa_gamer241|red|1256
|gen|9
|tier|[Gen 9] OU
|rated|
|rule|HP Percentage Mod: HP is shown in percentages
|rule|Endless Battle Clause: Forcing endless battles is banned
|rule|Species Clause: Limit one of each Pokémon
|rule|OHKO Clause: OHKO moves are banned
|rule|Evasion Items Clause: Evasion items are banned
|rule|Evasion Moves Clause: Evasion moves are banned
|rule|Evasion Abilities Clause: Evasion abilities are banned
|rule|Sleep Moves Clause: Sleep-inducing moves are banned
|clearpoke
|poke|p1|Volcanion|
|poke|p1|Araquanid, F|
|poke|p1|Great Tusk|
|poke|p1|Gholdengo|
|poke|p1|Zapdos|
|poke|p1|Dragapult, F|
|poke|p2|Skeledirge, F|
|poke|p2|Altaria, M|
|poke|p2|Ambipom, F|
|poke|p2|Iron Valiant|
|poke|p2|Manaphy|
|poke|p2|Ting-Lu|
|teampreview
|
|t:|1758363558
|teamsize|p1|6
|teamsize|p2|6
|start
|switch|p1a: Araquanid|Araquanid, F|100/100
|switch|p2a: Ambipom|Ambipom, F|100/100
|turn|1
|
|t:|1758363566
|move|p2a: Ambipom|Double Hit|p1a: Araquanid
|-damage|p1a: Araquanid|62/100
|-damage|p1a: Araquanid|24/100
|-hitcount|p1a: Araquanid|2
|move|p1a: Araquanid|Sticky Web|p2a: Ambipom
|-sidestart|p2: rafa_gamer241|move: Sticky Web
|
|upkeep
|turn|2
|-enditem|p1a: Araquanid|Custap Berry|[eat]
|-activate|p1a: Araquanid|item: Custap Berry|[consumed]
|
|t:|1758363577
|move|p1a: Araquanid|Liquidation|p2a: Ambipom
|-damage|p2a: Ambipom|3/100
|-unboost|p2a: Ambipom|def|1
|move|p2a: Ambipom|Double Hit|p1a: Araquanid
|-damage|p1a: Araquanid|0 fnt
|faint|p1a: Araquanid
|-hitcount|p1: Araquanid|1
|
|upkeep
|
|t:|1758363595
|switch|p1a: Dragapult|Dragapult, F|100/100
|turn|3
|
|t:|1758363600
|switch|p2a: Ting-Lu|Ting-Lu, shiny|100/100
|-activate|p2a: Ting-Lu|move: Sticky Web
|-unboost|p2a: Ting-Lu|spe|1
|-ability|p2a: Ting-Lu|Vessel of Ruin
|move|p1a: Dragapult|U-turn|p2a: Ting-Lu
|-supereffective|p2a: Ting-Lu
|-crit|p2a: Ting-Lu
|-damage|p2a: Ting-Lu|40/100
|
|t:|1758363614
|switch|p1a: Great Tusk|Great Tusk|100/100|[from] U-turn
|
|upkeep
|turn|4
|
|t:|1758363621
|switch|p2a: Altaria|Altaria, M|100/100
|move|p1a: Great Tusk|Close Combat|p2a: Altaria
|-resisted|p2a: Altaria
|-damage|p2a: Altaria|64/100
|-unboost|p1a: Great Tusk|def|1
|-unboost|p1a: Great Tusk|spd|1
|
|upkeep
|turn|5
|
|t:|1758363636
|-end|p1a: Great Tusk|Protosynthesis|[silent]
|switch|p1a: Zapdos|Zapdos|100/100
|-terastallize|p2a: Altaria|Steel
|move|p2a: Altaria|Will-O-Wisp|p1a: Zapdos
|-status|p1a: Zapdos|brn
|
|-damage|p1a: Zapdos|94/100 brn|[from] brn
|upkeep
|turn|6
|
|t:|1758363645
|move|p1a: Zapdos|Volt Switch|p2a: Altaria
|-crit|p2a: Altaria
|-damage|p2a: Altaria|33/100
|
|t:|1758363658
|switch|p1a: Gholdengo|Gholdengo|100/100|[from] Volt Switch
|-item|p1a: Gholdengo|Air Balloon
|move|p2a: Altaria|Roost|p2a: Altaria
|-heal|p2a: Altaria|84/100
|
|upkeep
|turn|7
|
|t:|1758363672
|switch|p1a: Zapdos|Zapdos|94/100 brn
|move|p2a: Altaria|Fire Spin|p1a: Zapdos
|-damage|p1a: Zapdos|89/100 brn
|-activate|p1a: Zapdos|move: Fire Spin|[of] p2a: Altaria
|
|-damage|p1a: Zapdos|83/100 brn|[from] brn
|-damage|p1a: Zapdos|70/100 brn|[from] move: Fire Spin|[partiallytrapped]
|upkeep
|turn|8
|
|t:|1758363681
|move|p1a: Zapdos|Volt Switch|p2a: Altaria
|-damage|p2a: Altaria|63/100
|
|t:|1758363684
|switch|p1a: Dragapult|Dragapult, F|100/100|[from] Volt Switch
|move|p2a: Altaria|Fire Spin|p1a: Dragapult
|-resisted|p1a: Dragapult
|-damage|p1a: Dragapult|96/100
|-activate|p1a: Dragapult|move: Fire Spin|[of] p2a: Altaria
|
|-damage|p1a: Dragapult|84/100|[from] move: Fire Spin|[partiallytrapped]
|upkeep
|turn|9
|
|t:|1758363695
|move|p1a: Dragapult|U-turn|p2a: Altaria
|-resisted|p2a: Altaria
|-damage|p2a: Altaria|47/100
|
|t:|1758363697
|switch|p1a: Volcanion|Volcanion|100/100|[from] U-turn
|move|p2a: Altaria|Roost|p2a: Altaria
|-heal|p2a: Altaria|97/100
|
|upkeep
|turn|10
|
|t:|1758363708
|switch|p2a: Manaphy|Manaphy|100/100
|-activate|p2a: Manaphy|move: Sticky Web
|-unboost|p2a: Manaphy|spe|1
|move|p1a: Volcanion|Steam Eruption|p2a: Manaphy
|-resisted|p2a: Manaphy
|-damage|p2a: Manaphy|71/100
|-status|p2a: Manaphy|brn
|
|-heal|p2a: Manaphy|77/100 brn|[from] item: Leftovers
|-damage|p2a: Manaphy|71/100 brn|[from] brn
|upkeep
|turn|11
|
|t:|1758363717
|switch|p1a: Zapdos|Zapdos|70/100 brn
|move|p2a: Manaphy|Take Heart|p2a: Manaphy
|-boost|p2a: Manaphy|spa|1
|-boost|p2a: Manaphy|spd|1
|-curestatus|p2a: Manaphy|brn|[msg]
|
|-heal|p2a: Manaphy|77/100|[from] item: Leftovers
|-damage|p1a: Zapdos|64/100 brn|[from] brn
|upkeep
|turn|12
|
|t:|1758363725
|move|p1a: Zapdos|Volt Switch|p2a: Manaphy
|-supereffective|p2a: Manaphy
|-damage|p2a: Manaphy|53/100
|
|t:|1758363731
|switch|p1a: Dragapult|Dragapult, F|84/100|[from] Volt Switch
|move|p2a: Manaphy|Acid Armor|p2a: Manaphy
|-boost|p2a: Manaphy|def|2
|
|-heal|p2a: Manaphy|59/100|[from] item: Leftovers
|upkeep
|turn|13
|
|t:|1758363745
|move|p1a: Dragapult|Dragon Darts|p2a: Manaphy
|-damage|p2a: Manaphy|44/100
|-anim|p1a: Dragapult|Dragon Darts|p2a: Manaphy
|-damage|p2a: Manaphy|29/100
|move|p2a: Manaphy|Stored Power|p1a: Dragapult
|-damage|p1a: Dragapult|39/100
|
|-heal|p2a: Manaphy|35/100|[from] item: Leftovers
|upkeep
|turn|14
|
|t:|1758363756
|move|p1a: Dragapult|Dragon Darts|p2a: Manaphy
|-damage|p2a: Manaphy|21/100
|-anim|p1a: Dragapult|Dragon Darts|p2a: Manaphy
|-damage|p2a: Manaphy|6/100
|move|p2a: Manaphy|Stored Power|p1a: Dragapult
|-damage|p1a: Dragapult|0 fnt
|faint|p1a: Dragapult
|
|-heal|p2a: Manaphy|12/100|[from] item: Leftovers
|upkeep
|
|t:|1758363760
|switch|p1a: Volcanion|Volcanion|100/100
|turn|15
|
|t:|1758363769
|move|p1a: Volcanion|Steam Eruption|p2a: Manaphy
|-resisted|p2a: Manaphy
|-damage|p2a: Manaphy|0 fnt
|faint|p2a: Manaphy
|
|upkeep
|
|t:|1758363777
|switch|p2a: Altaria|Altaria, M, tera:Steel|97/100
|turn|16
|
|t:|1758363780
|move|p1a: Volcanion|Steam Eruption|p2a: Altaria
|-damage|p2a: Altaria|38/100
|-status|p2a: Altaria|brn
|move|p2a: Altaria|Defog|p1a: Volcanion
|-unboost|p1a: Volcanion|evasion|1
|-sideend|p2: rafa_gamer241|Sticky Web|[from] move: Defog|[of] p2a: Altaria
|
|-damage|p2a: Altaria|31/100 brn|[from] brn
|upkeep
|turn|17
|
|t:|1758363793
|-curestatus|p2a: Altaria|brn|[from] ability: Natural Cure
|switch|p2a: Skeledirge|Skeledirge, F|100/100
|move|p1a: Volcanion|Steam Eruption|p2a: Skeledirge
|-supereffective|p2a: Skeledirge
|-damage|p2a: Skeledirge|0 fnt
|faint|p2a: Skeledirge
|
|upkeep
|
|t:|1758363801
|switch|p2a: Ambipom|Ambipom, F|3/100
|turn|18
|
|t:|1758363810
|switch|p1a: Zapdos|Zapdos|64/100 brn
|move|p2a: Ambipom|U-turn|p1a: Zapdos
|-resisted|p1a: Zapdos
|-damage|p1a: Zapdos|54/100 brn
|
|t:|1758363815
|switch|p2a: Ting-Lu|Ting-Lu, shiny|40/100|[from] U-turn
|-ability|p2a: Ting-Lu|Vessel of Ruin
|
|-damage|p1a: Zapdos|48/100 brn|[from] brn
|upkeep
|turn|19
|
|t:|1758363830
|move|p1a: Zapdos|Roost|p1a: Zapdos
|-heal|p1a: Zapdos|98/100 brn
|-singleturn|p1a: Zapdos|move: Roost
|move|p2a: Ting-Lu|Earthquake|p1a: Zapdos
|-supereffective|p1a: Zapdos
|-damage|p1a: Zapdos|32/100 brn
|
|-damage|p1a: Zapdos|26/100 brn|[from] brn
|upkeep
|turn|20
|
|t:|1758363849
|switch|p1a: Gholdengo|Gholdengo|100/100
|-item|p1a: Gholdengo|Air Balloon
|move|p2a: Ting-Lu|Throat Chop|p1a: Gholdengo
|-supereffective|p1a: Gholdengo
|-damage|p1a: Gholdengo|39/100
|-start|p1a: Gholdengo|Throat Chop|[silent]
|-enditem|p1a: Gholdengo|Air Balloon
|
|upkeep
|turn|21
|
|t:|1758363864
|move|p1a: Gholdengo|Make It Rain|p2a: Ting-Lu
|-damage|p2a: Ting-Lu|19/100
|-unboost|p1a: Gholdengo|spa|1
|move|p2a: Ting-Lu|Throat Chop|p1a: Gholdengo
|-supereffective|p1a: Gholdengo
|-damage|p1a: Gholdengo|0 fnt
|faint|p1a: Gholdengo
|
|upkeep
|
|t:|1758363873
|switch|p1a: Great Tusk|Great Tusk|100/100
|turn|22
|
|t:|1758363891
|switch|p2a: Altaria|Altaria, M, tera:Steel|31/100
|move|p1a: Great Tusk|Headlong Rush|p2a: Altaria
|-supereffective|p2a: Altaria
|-damage|p2a: Altaria|0 fnt
|-unboost|p1a: Great Tusk|def|1
|-unboost|p1a: Great Tusk|spd|1
|faint|p2a: Altaria
|
|upkeep
|
|t:|1758363894
|switch|p2a: Iron Valiant|Iron Valiant|100/100
|-enditem|p2a: Iron Valiant|Booster Energy
|-activate|p2a: Iron Valiant|ability: Quark Drive|[fromitem]
|-start|p2a: Iron Valiant|quarkdrivespe
|turn|23
|
|t:|1758363898
|-end|p1a: Great Tusk|Protosynthesis|[silent]
|switch|p1a: Zapdos|Zapdos|26/100 brn
|move|p2a: Iron Valiant|Swords Dance|p2a: Iron Valiant
|-boost|p2a: Iron Valiant|atk|2
|
|-damage|p1a: Zapdos|20/100 brn|[from] brn
|upkeep
|turn|24
|
|t:|1758363905
|move|p2a: Iron Valiant|Knock Off|p1a: Zapdos
|-damage|p1a: Zapdos|0 fnt
|-enditem|p1a: Zapdos|Heavy-Duty Boots|[from] move: Knock Off|[of] p2a: Iron Valiant
|faint|p1a: Zapdos
|
|upkeep
|
|t:|1758363909
|switch|p1a: Great Tusk|Great Tusk|100/100
|turn|25
|
|t:|1758363913
|-terastallize|p1a: Great Tusk|Steel
|move|p2a: Iron Valiant|Spirit Break|p1a: Great Tusk
|-resisted|p1a: Great Tusk
|-damage|p1a: Great Tusk|74/100
|-unboost|p1a: Great Tusk|spa|1
|move|p1a: Great Tusk|Headlong Rush|p2a: Iron Valiant
|-damage|p2a: Iron Valiant|10/100
|-unboost|p1a: Great Tusk|def|1
|-unboost|p1a: Great Tusk|spd|1
|
|upkeep
|turn|26
|
|t:|1758363931
|-end|p1a: Great Tusk|Protosynthesis|[silent]
|switch|p1a: Volcanion|Volcanion|100/100
|move|p2a: Iron Valiant|Close Combat|p1a: Volcanion
|-damage|p1a: Volcanion|0 fnt
|-unboost|p2a: Iron Valiant|def|1
|-unboost|p2a: Iron Valiant|spd|1
|faint|p1a: Volcanion
|
|upkeep
|
|t:|1758363936
|switch|p1a: Great Tusk|Great Tusk, tera:Steel|74/100
|turn|27
|
|t:|1758363938
|move|p2a: Iron Valiant|Close Combat|p1a: Great Tusk
|-supereffective|p1a: Great Tusk
|-damage|p1a: Great Tusk|0 fnt
|-unboost|p2a: Iron Valiant|def|1
|-unboost|p2a: Iron Valiant|spd|1
|faint|p1a: Great Tusk
|-end|p1a: Great Tusk|Protosynthesis|[silent]
|
|win|rafa_gamer241
|raw|mingkuo's rating: 1328 &rarr; <strong>1304</strong><br />(-24 for losing)
|raw|rafa_gamer241's rating: 1256 &rarr; <strong>1286</strong><br />(+30 for winning)
|c|☆rafa_gamer241|ggs
|l|☆mingkuo
|player|p1|
|l|☆rafa_gamer241
|player|p2|
|j|☆rafa_gamer241
|player|p2|rafa_gamer241|red|
