|j|☆TsekaiAndIncognito
|j|☆pyrax69
|t:|1758284234
|gametype|singles
|player|p1|TsekaiAndIncognito|102|1386
|player|p2|pyrax69|170|1336
|gen|9
|tier|[Gen 9] OU
|rated|
|rule|HP Percentage Mod: HP is shown in percentages
|rule|Endless Battle Clause: Forcing endless battles is banned
|rule|Species Clause: Limit one of each Pokémon
|rule|OHKO Clause: OHKO moves are banned
|rule|Evasion Items Clause: Evasion items are banned
|rule|Evasion Moves Clause: Evasion moves are banned
|rule|Evasion Abilities Clause: Evasion abilities are banned
|rule|Sleep Moves Clause: Sleep-inducing moves are banned
|clearpoke
|poke|p1|Kingambit, M|
|poke|p1|Zoroark-Hisui, M|
|poke|p1|Iron Hands|
|poke|p1|Cinderace, F|
|poke|p1|Magnezone|
|poke|p1|Medicham, M|
|poke|p2|Weavile, M|
|poke|p2|Raging Bolt|
|poke|p2|Iron Valiant|
|poke|p2|Glimmora, F|
|poke|p2|Pecharunt|
|poke|p2|Iron Crown|
|teampreview
|inactive|Battle timer is ON: inactive players will automatically lose when time's up. (requested by TsekaiAndIncognito)
|j| Xiaoyyy
|
|t:|1758284246
|teamsize|p1|6
|teamsize|p2|6
|start
|switch|p1a: Medicham|Medicham, M|100/100
|switch|p2a: Glimmora|Glimmora, F|100/100
|turn|1
|
|t:|1758284264
|move|p2a: Glimmora|Stealth Rock|p1a: Medicham
|-sidestart|p1: TsekaiAndIncognito|move: Stealth Rock
|move|p1a: Medicham|Zen Headbutt|p2a: Glimmora|[miss]
|-miss|p1a: Medicham|p2a: Glimmora
|
|upkeep
|turn|2
|
|t:|1758284272
|move|p2a: Glimmora|Spikes|p1a: Medicham
|-sidestart|p1: TsekaiAndIncognito|Spikes
|move|p1a: Medicham|Zen Headbutt|p2a: Glimmora
|-supereffective|p2a: Glimmora
|-enditem|p2a: Glimmora|Focus Sash
|-damage|p2a: Glimmora|1/100
|-activate|p2a: Glimmora|ability: Toxic Debris
|-sidestart|p1: TsekaiAndIncognito|move: Toxic Spikes
|
|upkeep
|turn|3
|
|t:|1758284284
|move|p2a: Glimmora|Earth Power|p1a: Medicham
|-crit|p1a: Medicham
|-damage|p1a: Medicham|17/100
|move|p1a: Medicham|Zen Headbutt|p2a: Glimmora
|-supereffective|p2a: Glimmora
|-damage|p2a: Glimmora|0 fnt
|-activate|p2a: Glimmora|ability: Toxic Debris
|-sidestart|p1: TsekaiAndIncognito|move: Toxic Spikes
|faint|p2a: Glimmora
|
|upkeep
|c|☆TsekaiAndIncognito|lucky bzstzrd
|
|t:|1758284295
|switch|p2a: Iron Valiant|Iron Valiant|100/100
|-enditem|p2a: Iron Valiant|Booster Energy
|-activate|p2a: Iron Valiant|ability: Quark Drive|[fromitem]
|-start|p2a: Iron Valiant|quarkdrivespe
|turn|4
|
|t:|1758284302
|move|p2a: Iron Valiant|Moonblast|p1a: Medicham
|-supereffective|p1a: Medicham
|-damage|p1a: Medicham|0 fnt
|faint|p1a: Medicham
|
|upkeep
|
|t:|1758284307
|switch|p1a: Magnezone|Magnezone|100/100
|-damage|p1a: Magnezone|88/100|[from] Stealth Rock
|-damage|p1a: Magnezone|76/100|[from] Spikes
|-status|p1a: Magnezone|tox
|turn|5
|
|t:|1758284315
|move|p2a: Iron Valiant|Shadow Ball|p1a: Magnezone
|-immune|p1a: Magnezone
|move|p1a: Magnezone|Psychic|p2a: Iron Valiant
|-supereffective|p2a: Iron Valiant
|-damage|p2a: Iron Valiant|0 fnt
|faint|p2a: Iron Valiant
|-end|p2a: Iron Valiant|Quark Drive|[silent]
|
|-damage|p1a: Magnezone|70/100 tox|[from] psn
|upkeep
|
|t:|1758284325
|switch|p2a: Raging Bolt|Raging Bolt|100/100
|-enditem|p2a: Raging Bolt|Booster Energy
|-activate|p2a: Raging Bolt|ability: Protosynthesis|[fromitem]
|-start|p2a: Raging Bolt|protosynthesisspa
|turn|6
|
|t:|1758284333
|move|p1a: Magnezone|Hyper Voice|p2a: Raging Bolt
|-damage|p2a: Raging Bolt|53/100
|move|p2a: Raging Bolt|Thunderbolt|p1a: Magnezone
|-damage|p1a: Magnezone|0 fnt
|replace|p1a: Zoroark|Zoroark-Hisui, M
|-end|p1a: Zoroark|Illusion
|faint|p1a: Zoroark
|
|upkeep
|
|t:|1758284341
|switch|p1a: Iron Hands|Iron Hands|100/100
|-damage|p1a: Iron Hands|94/100|[from] Stealth Rock
|-damage|p1a: Iron Hands|82/100|[from] Spikes
|-status|p1a: Iron Hands|tox
|turn|7
|
|t:|1758284348
|move|p2a: Raging Bolt|Dragon Pulse|p1a: Iron Hands
|-damage|p1a: Iron Hands|25/100 tox
|move|p1a: Iron Hands|Earthquake|p2a: Raging Bolt
|-supereffective|p2a: Raging Bolt
|-damage|p2a: Raging Bolt|0 fnt
|faint|p2a: Raging Bolt
|-end|p2a: Raging Bolt|Protosynthesis|[silent]
|
|-damage|p1a: Iron Hands|19/100 tox|[from] psn
|upkeep
|
|t:|1758284360
|switch|p2a: Iron Crown|Iron Crown|100/100
|-enditem|p2a: Iron Crown|Booster Energy
|-activate|p2a: Iron Crown|ability: Quark Drive|[fromitem]
|-start|p2a: Iron Crown|quarkdrivespe
|turn|8
|
|t:|1758284366
|-terastallize|p2a: Iron Crown|Fighting
|move|p2a: Iron Crown|Calm Mind|p2a: Iron Crown
|-boost|p2a: Iron Crown|spa|1
|-boost|p2a: Iron Crown|spd|1
|move|p1a: Iron Hands|Earthquake|p2a: Iron Crown
|-damage|p2a: Iron Crown|61/100
|
|-damage|p1a: Iron Hands|6/100 tox|[from] psn
|upkeep
|turn|9
|
|t:|1758284377
|move|p2a: Iron Crown|Tachyon Cutter|p1a: Iron Hands
|-resisted|p1a: Iron Hands
|-damage|p1a: Iron Hands|0 fnt
|faint|p1a: Iron Hands
|-end|p1a: Iron Hands|Quark Drive|[silent]
|-hitcount|p1: Iron Hands|1
|
|upkeep
|
|t:|1758284386
|switch|p1a: Cinderace|Cinderace, F|100/100
|turn|10
|
|t:|1758284394
|move|p2a: Iron Crown|Psyshock|p1a: Cinderace
|-damage|p1a: Cinderace|20/100
|move|p1a: Cinderace|Pyro Ball|p2a: Iron Crown
|-damage|p2a: Iron Crown|7/100
|
|upkeep
|turn|11
|inactive|TsekaiAndIncognito has 120 seconds left.
|inactive|TsekaiAndIncognito has 90 seconds left.
|inactive|TsekaiAndIncognito has 60 seconds left.
|l| Xiaoyyy
|inactive|TsekaiAndIncognito has 30 seconds left.
|inactive|TsekaiAndIncognito has 20 seconds left.
|inactive|TsekaiAndIncognito has 15 seconds left.
|inactive|TsekaiAndIncognito has 10 seconds left.
|inactive|TsekaiAndIncognito has 5 seconds left.
|-message|TsekaiAndIncognito lost due to inactivity.
|
|win|pyrax69
|raw|TsekaiAndIncognito's rating: 1386 &rarr; <strong>1363</strong><br />(-23 for losing)
|raw|pyrax69's rating: 1336 &rarr; <strong>1359</strong><br />(+23 for winning)
|l|☆pyrax69
|player|p2|
