|j|☆TCML
|j|☆SharKayarr
|t:|1758291910
|gametype|singles
|player|p1|TCML|hugh|1131
|player|p2|SharKayarr|unknownf|1134
|gen|9
|tier|[Gen 9] OU
|rated|
|rule|HP Percentage Mod: HP is shown in percentages
|rule|Endless Battle Clause: Forcing endless battles is banned
|rule|Species Clause: Limit one of each Pokémon
|rule|OHKO Clause: OHKO moves are banned
|rule|Evasion Items Clause: Evasion items are banned
|rule|Evasion Moves Clause: Evasion moves are banned
|rule|Evasion Abilities Clause: Evasion abilities are banned
|rule|Sleep Moves Clause: Sleep-inducing moves are banned
|clearpoke
|poke|p1|Araquanid, M|
|poke|p1|Hatterene, F|
|poke|p1|Landorus-Therian, M|
|poke|p1|Duraludon, M|
|poke|p1|Tentacruel, F|
|poke|p1|Hydrapple, F|
|poke|p2|Araquanid, F|
|poke|p2|Gholdengo|
|poke|p2|Great Tusk|
|poke|p2|Kyurem|
|poke|p2|Rillaboom, M|
|poke|p2|Ogerpon-Wellspring, F|
|teampreview
|j| something0000
|inactive|Battle timer is ON: inactive players will automatically lose when time's up. (requested by TCML)
|
|t:|1758291919
|teamsize|p1|6
|teamsize|p2|6
|start
|switch|p1a: Landorus|Landorus-Therian, M|100/100
|switch|p2a: Araquanid|Araquanid, F|100/100
|-ability|p1a: Landorus|Intimidate|boost
|-unboost|p2a: Araquanid|atk|1
|turn|1
|
|t:|1758291929
|move|p1a: Landorus|U-turn|p2a: Araquanid
|-damage|p2a: Araquanid|75/100
|
|t:|1758291934
|switch|p1a: Tentacruel|Tentacruel, F|100/100|[from] U-turn
|move|p2a: Araquanid|Surf|p1a: Tentacruel
|-resisted|p1a: Tentacruel
|-damage|p1a: Tentacruel|84/100
|
|-heal|p1a: Tentacruel|90/100|[from] item: Black Sludge
|upkeep
|turn|2
|
|t:|1758291951
|switch|p2a: Kyurem|Kyurem|100/100
|-ability|p2a: Kyurem|Pressure
|move|p1a: Tentacruel|Toxic Spikes|p2a: Kyurem
|-sidestart|p2: SharKayarr|move: Toxic Spikes
|
|-heal|p1a: Tentacruel|96/100|[from] item: Black Sludge
|upkeep
|turn|3
|
|t:|1758291960
|move|p2a: Kyurem|Freeze-Dry|p1a: Tentacruel
|-supereffective|p1a: Tentacruel
|-damage|p1a: Tentacruel|30/100
|move|p1a: Tentacruel|Toxic|p2a: Kyurem
|-status|p2a: Kyurem|tox
|
|-heal|p1a: Tentacruel|36/100|[from] item: Black Sludge
|-damage|p2a: Kyurem|94/100 tox|[from] psn
|upkeep
|turn|4
|
|t:|1758291977
|switch|p1a: Duraludon|Duraludon, M|100/100
|move|p2a: Kyurem|Freeze-Dry|p1a: Duraludon
|-damage|p1a: Duraludon|53/100
|
|-damage|p2a: Kyurem|82/100 tox|[from] psn
|upkeep
|turn|5
|
|t:|1758292004
|switch|p2a: Araquanid|Araquanid, F|75/100
|-status|p2a: Araquanid|psn
|-terastallize|p1a: Duraludon|Steel
|move|p1a: Duraludon|Iron Head|p2a: Araquanid
|-resisted|p2a: Araquanid
|-damage|p2a: Araquanid|58/100 psn
|
|-damage|p2a: Araquanid|45/100 psn|[from] psn
|upkeep
|turn|6
|
|t:|1758292013
|move|p2a: Araquanid|Sticky Web|p1a: Duraludon
|-sidestart|p1: TCML|move: Sticky Web
|move|p1a: Duraludon|Dragon Tail|p2a: Araquanid
|-damage|p2a: Araquanid|25/100 psn
|drag|p2a: Great Tusk|Great Tusk|100/100
|-status|p2a: Great Tusk|psn
|
|-damage|p2a: Great Tusk|88/100 psn|[from] psn
|upkeep
|turn|7
|
|t:|1758292024
|switch|p1a: Landorus|Landorus-Therian, M|100/100
|-ability|p1a: Landorus|Intimidate|boost
|-unboost|p2a: Great Tusk|atk|1
|move|p2a: Great Tusk|Rapid Spin|p1a: Landorus
|-crit|p1a: Landorus
|-damage|p1a: Landorus|69/100
|-boost|p2a: Great Tusk|spe|1
|-sideend|p2: SharKayarr|Toxic Spikes|[from] move: Rapid Spin|[of] p2a: Great Tusk
|
|-heal|p2a: Great Tusk|94/100 psn|[from] item: Leftovers
|-damage|p2a: Great Tusk|82/100 psn|[from] psn
|upkeep
|turn|8
|
|t:|1758292034
|move|p1a: Landorus|Earthquake|p2a: Great Tusk
|-crit|p2a: Great Tusk
|-damage|p2a: Great Tusk|18/100 psn
|move|p2a: Great Tusk|Bulk Up|p2a: Great Tusk
|-boost|p2a: Great Tusk|atk|1
|-boost|p2a: Great Tusk|def|1
|
|-heal|p2a: Great Tusk|24/100 psn|[from] item: Leftovers
|-damage|p2a: Great Tusk|12/100 psn|[from] psn
|upkeep
|turn|9
|
|t:|1758292053
|move|p1a: Landorus|Earthquake|p2a: Great Tusk
|-damage|p2a: Great Tusk|0 fnt
|faint|p2a: Great Tusk
|-end|p2a: Great Tusk|Protosynthesis|[silent]
|
|upkeep
|
|t:|1758292056
|switch|p2a: Gholdengo|Gholdengo|100/100
|-item|p2a: Gholdengo|Air Balloon
|turn|10
|
|t:|1758292062
|switch|p1a: Duraludon|Duraludon, M, tera:Steel|53/100
|-activate|p1a: Duraludon|move: Sticky Web
|-unboost|p1a: Duraludon|spe|1
|move|p2a: Gholdengo|Nasty Plot|p2a: Gholdengo
|-boost|p2a: Gholdengo|spa|2
|
|upkeep
|turn|11
|
|t:|1758292073
|move|p2a: Gholdengo|Shadow Ball|p1a: Duraludon
|-damage|p1a: Duraludon|0 fnt
|faint|p1a: Duraludon
|
|upkeep
|
|t:|1758292095
|switch|p1a: Landorus|Landorus-Therian, M|69/100
|-ability|p1a: Landorus|Intimidate|boost
|-unboost|p2a: Gholdengo|atk|1
|turn|12
|
|t:|1758292120
|switch|p2a: Araquanid|Araquanid, F|25/100 psn
|move|p1a: Landorus|Crunch|p2a: Araquanid
|-damage|p2a: Araquanid|0 fnt
|faint|p2a: Araquanid
|
|upkeep
|inactive|SharKayarr has 120 seconds left.
|
|t:|1758292132
|switch|p2a: Kyurem|Kyurem|82/100 tox
|-ability|p2a: Kyurem|Pressure
|turn|13
|
|t:|1758292151
|move|p1a: Landorus|Crunch|p2a: Kyurem
|-damage|p2a: Kyurem|53/100 tox
|move|p2a: Kyurem|Freeze-Dry|p1a: Landorus
|-supereffective|p1a: Landorus
|-crit|p1a: Landorus
|-damage|p1a: Landorus|0 fnt
|faint|p1a: Landorus
|
|-damage|p2a: Kyurem|47/100 tox|[from] psn
|upkeep
|
|t:|1758292156
|switch|p1a: Tentacruel|Tentacruel, F|36/100
|-activate|p1a: Tentacruel|move: Sticky Web
|-fail|p1a: Tentacruel|unboost|[from] ability: Clear Body|[of] p1a: Tentacruel
|turn|14
|
|t:|1758292160
|move|p2a: Kyurem|Freeze-Dry|p1a: Tentacruel
|-supereffective|p1a: Tentacruel
|-damage|p1a: Tentacruel|0 fnt
|faint|p1a: Tentacruel
|
|-damage|p2a: Kyurem|34/100 tox|[from] psn
|upkeep
|
|t:|1758292164
|switch|p1a: Araquanid|Araquanid, M|100/100
|turn|15
|
|t:|1758292167
|move|p2a: Kyurem|Freeze-Dry|p1a: Araquanid
|-supereffective|p1a: Araquanid
|-damage|p1a: Araquanid|16/100
|-status|p1a: Araquanid|frz
|-curestatus|p1a: Araquanid|frz|[msg]
|move|p1a: Araquanid|Sticky Web|p2a: Kyurem
|-sidestart|p2: SharKayarr|move: Sticky Web
|
|-damage|p2a: Kyurem|16/100 tox|[from] psn
|upkeep
|turn|16
|
|t:|1758292172
|move|p2a: Kyurem|Freeze-Dry|p1a: Araquanid
|-supereffective|p1a: Araquanid
|-damage|p1a: Araquanid|0 fnt
|faint|p1a: Araquanid
|
|-damage|p2a: Kyurem|0 fnt|[from] psn
|faint|p2a: Kyurem
|upkeep
|
|t:|1758292183
|switch|p2a: Gholdengo|Gholdengo|100/100
|switch|p1a: Hatterene|Hatterene, F|100/100
|-item|p2a: Gholdengo|Air Balloon
|-activate|p1a: Hatterene|move: Sticky Web
|-unboost|p1a: Hatterene|spe|1
|turn|17
|
|t:|1758292193
|move|p2a: Gholdengo|Nasty Plot|p2a: Gholdengo
|-boost|p2a: Gholdengo|spa|2
|move|p1a: Hatterene|Mystical Fire|p2a: Gholdengo
|-supereffective|p2a: Gholdengo
|-damage|p2a: Gholdengo|52/100
|-unboost|p2a: Gholdengo|spa|1
|-enditem|p2a: Gholdengo|Air Balloon
|
|upkeep
|turn|18
|
|t:|1758292202
|move|p2a: Gholdengo|Shadow Ball|p1a: Hatterene
|-supereffective|p1a: Hatterene
|-damage|p1a: Hatterene|0 fnt
|faint|p1a: Hatterene
|
|upkeep
|
|t:|1758292205
|switch|p1a: Hydrapple|Hydrapple, F|100/100
|-activate|p1a: Hydrapple|move: Sticky Web
|-unboost|p1a: Hydrapple|spe|1
|turn|19
|
|t:|1758292214
|move|p2a: Gholdengo|Make It Rain|p1a: Hydrapple
|-damage|p1a: Hydrapple|42/100
|-unboost|p2a: Gholdengo|spa|1
|move|p1a: Hydrapple|Earth Power|p2a: Gholdengo
|-supereffective|p2a: Gholdengo
|-damage|p2a: Gholdengo|0 fnt
|faint|p2a: Gholdengo
|
|upkeep
|
|t:|1758292223
|switch|p2a: Ogerpon|Ogerpon-Wellspring, F|100/100
|-activate|p2a: Ogerpon|move: Sticky Web
|-unboost|p2a: Ogerpon|spe|1
|turn|20
|inactive|TCML has 120 seconds left.
|
|t:|1758292261
|move|p2a: Ogerpon|U-turn|p1a: Hydrapple
|-supereffective|p1a: Hydrapple
|-damage|p1a: Hydrapple|1/100
|
|t:|1758292265
|switch|p2a: Rillaboom|Rillaboom, M|100/100|[from] U-turn
|-activate|p2a: Rillaboom|move: Sticky Web
|-unboost|p2a: Rillaboom|spe|1
|-fieldstart|move: Grassy Terrain|[from] ability: Grassy Surge|[of] p2a: Rillaboom
|move|p1a: Hydrapple|Fickle Beam|p2a: Rillaboom
|-damage|p2a: Rillaboom|46/100
|
|-heal|p2a: Rillaboom|52/100|[from] Grassy Terrain
|-heal|p1a: Hydrapple|7/100|[from] Grassy Terrain
|upkeep
|turn|21
|-message|TCML forfeited.
|
|win|SharKayarr
|raw|TCML's rating: 1131 &rarr; <strong>1106</strong><br />(-25 for losing)
|raw|SharKayarr's rating: 1134 &rarr; <strong>1159</strong><br />(+25 for winning)
|l|☆TCML
|player|p1|
|l|☆SharKayarr
|player|p2|
|l| something0000
