|j|☆levi6969
|j|☆fengbingyuan520
|t:|1758252193
|gametype|singles
|player|p1|levi6969|102|1250
|player|p2|fengbingyuan520|266|1172
|gen|9
|tier|[Gen 9] OU
|rated|
|rule|HP Percentage Mod: HP is shown in percentages
|rule|Endless Battle Clause: Forcing endless battles is banned
|rule|Species Clause: Limit one of each Pokémon
|rule|OHKO Clause: OHKO moves are banned
|rule|Evasion Items Clause: Evasion items are banned
|rule|Evasion Moves Clause: Evasion moves are banned
|rule|Evasion Abilities Clause: Evasion abilities are banned
|rule|Sleep Moves Clause: Sleep-inducing moves are banned
|clearpoke
|poke|p1|Empoleon, F|
|poke|p1|Kingambit, M|
|poke|p1|Hoopa-Unbound|
|poke|p1|Landorus-Therian, M|
|poke|p1|Dragapult, M|
|poke|p1|Great Tusk|
|poke|p2|Pecharunt|
|poke|p2|Great Tusk|
|poke|p2|Ogerpon-Wellspring, F|
|poke|p2|Iron Crown|
|poke|p2|Landorus-Therian, M|
|poke|p2|Samurott-Hisui, F|
|teampreview
|inactive|Battle timer is ON: inactive players will automatically lose when time's up. (requested by levi6969)
|
|t:|1758252222
|teamsize|p1|6
|teamsize|p2|6
|start
|switch|p1a: Dragapult|Dragapult, M|100/100
|switch|p2a: Landorus|Landorus-Therian, M|100/100
|-ability|p2a: Landorus|Intimidate|boost
|-unboost|p1a: Dragapult|atk|1
|turn|1
|
|t:|1758252225
|move|p1a: Dragapult|Will-O-Wisp|p2a: Landorus
|-status|p2a: Landorus|brn
|move|p2a: Landorus|U-turn|p1a: Dragapult
|-resisted|p1a: Dragapult
|-damage|p1a: Dragapult|91/100
|
|t:|1758252237
|switch|p2a: Samurott|Samurott-Hisui, F|100/100|[from] U-turn
|
|upkeep
|turn|2
|
|t:|1758252245
|move|p1a: Dragapult|Will-O-Wisp|p2a: Samurott
|-status|p2a: Samurott|brn
|move|p2a: Samurott|Ceaseless Edge|p1a: Dragapult
|-supereffective|p1a: Dragapult
|-damage|p1a: Dragapult|26/100
|-sidestart|p1: levi6969|Spikes
|
|-damage|p2a: Samurott|94/100 brn|[from] brn
|upkeep
|turn|3
|
|t:|1758252265
|switch|p2a: Pecharunt|Pecharunt|100/100
|move|p1a: Dragapult|U-turn|p2a: Pecharunt
|-resisted|p2a: Pecharunt
|-damage|p2a: Pecharunt|99/100
|-damage|p1a: Dragapult|10/100|[from] item: Rocky Helmet|[of] p2a: Pecharunt
|
|t:|1758252274
|switch|p1a: Landorus|Landorus-Therian, M|100/100|[from] U-turn
|-ability|p1a: Landorus|Intimidate|boost
|-unboost|p2a: Pecharunt|atk|1
|
|upkeep
|turn|4
|
|t:|1758252282
|switch|p2a: Landorus|Landorus-Therian, M|100/100 brn
|-ability|p2a: Landorus|Intimidate|boost
|-unboost|p1a: Landorus|atk|1
|move|p1a: Landorus|Stealth Rock|p2a: Landorus
|-sidestart|p2: fengbingyuan520|move: Stealth Rock
|
|-damage|p2a: Landorus|95/100 brn|[from] brn
|upkeep
|turn|5
|
|t:|1758252293
|move|p2a: Landorus|U-turn|p1a: Landorus
|-resisted|p1a: Landorus
|-damage|p1a: Landorus|94/100
|-damage|p2a: Landorus|78/100 brn|[from] item: Rocky Helmet|[of] p1a: Landorus
|
|t:|1758252302
|switch|p2a: Samurott|Samurott-Hisui, F|94/100 brn|[from] U-turn
|-damage|p2a: Samurott|82/100 brn|[from] Stealth Rock
|move|p1a: Landorus|Taunt|p2a: Samurott
|-start|p2a: Samurott|move: Taunt
|
|-damage|p2a: Samurott|76/100 brn|[from] brn
|upkeep
|turn|6
|
|t:|1758252308
|move|p1a: Landorus|U-turn|p2a: Samurott
|-supereffective|p2a: Samurott
|-damage|p2a: Samurott|39/100 brn
|
|t:|1758252313
|switch|p1a: Kingambit|Kingambit, M|100/100|[from] U-turn
|-damage|p1a: Kingambit|88/100|[from] Spikes
|move|p2a: Samurott|Ceaseless Edge|p1a: Kingambit
|-resisted|p1a: Kingambit
|-damage|p1a: Kingambit|78/100
|-sidestart|p1: levi6969|Spikes
|
|-damage|p2a: Samurott|33/100 brn|[from] brn
|upkeep
|turn|7
|
|t:|1758252328
|switch|p2a: Great Tusk|Great Tusk|100/100
|-damage|p2a: Great Tusk|98/100|[from] Stealth Rock
|-enditem|p2a: Great Tusk|Booster Energy
|-activate|p2a: Great Tusk|ability: Protosynthesis|[fromitem]
|-start|p2a: Great Tusk|protosynthesisspe
|move|p1a: Kingambit|Iron Head|p2a: Great Tusk
|-damage|p2a: Great Tusk|55/100
|
|upkeep
|turn|8
|inactive|fengbingyuan520 has 120 seconds left.
|
|t:|1758252365
|move|p2a: Great Tusk|Knock Off|p1a: Kingambit
|-resisted|p1a: Kingambit
|-damage|p1a: Kingambit|66/100
|-enditem|p1a: Kingambit|Choice Band|[from] move: Knock Off|[of] p2a: Great Tusk
|move|p1a: Kingambit|Iron Head|p2a: Great Tusk
|-damage|p2a: Great Tusk|29/100
|
|upkeep
|turn|9
|
|t:|1758252371
|move|p1a: Kingambit|Sucker Punch|p2a: Great Tusk
|-resisted|p2a: Great Tusk
|-damage|p2a: Great Tusk|17/100
|move|p2a: Great Tusk|Headlong Rush|p1a: Kingambit
|-supereffective|p1a: Kingambit
|-damage|p1a: Kingambit|0 fnt
|-unboost|p2a: Great Tusk|def|1
|-unboost|p2a: Great Tusk|spd|1
|faint|p1a: Kingambit
|-end|p1a: Kingambit|fallenundefined|[silent]
|
|upkeep
|
|t:|1758252376
|switch|p1a: Empoleon|Empoleon, F|100/100
|-damage|p1a: Empoleon|84/100|[from] Spikes
|turn|10
|inactive|fengbingyuan520 has 120 seconds left.
|
|t:|1758252404
|move|p1a: Empoleon|Vacuum Wave|p2a: Great Tusk
|-damage|p2a: Great Tusk|0 fnt
|faint|p2a: Great Tusk
|-end|p2a: Great Tusk|Protosynthesis|[silent]
|
|upkeep
|
|t:|1758252406
|switch|p2a: Landorus|Landorus-Therian, M|78/100 brn
|-damage|p2a: Landorus|66/100 brn|[from] Stealth Rock
|-ability|p2a: Landorus|Intimidate|boost
|-unboost|p1a: Empoleon|atk|1
|-ability|p1a: Empoleon|Competitive|boost
|-boost|p1a: Empoleon|spa|2
|turn|11
|
|t:|1758252412
|switch|p1a: Landorus|Landorus-Therian, M|94/100
|-ability|p1a: Landorus|Intimidate|boost
|-unboost|p2a: Landorus|atk|1
|move|p2a: Landorus|U-turn|p1a: Landorus
|-resisted|p1a: Landorus
|-damage|p1a: Landorus|89/100
|-damage|p2a: Landorus|49/100 brn|[from] item: Rocky Helmet|[of] p1a: Landorus
|inactive|fengbingyuan520 has 120 seconds left.
|
|t:|1758252421
|switch|p2a: Samurott|Samurott-Hisui, F|33/100 brn|[from] U-turn
|-damage|p2a: Samurott|20/100 brn|[from] Stealth Rock
|
|-damage|p2a: Samurott|14/100 brn|[from] brn
|upkeep
|turn|12
|
|t:|1758252432
|move|p1a: Landorus|Earth Power|p2a: Samurott
|-damage|p2a: Samurott|0 fnt
|faint|p2a: Samurott
|
|upkeep
|inactive|fengbingyuan520 has 120 seconds left.
|inactive|fengbingyuan520 has 90 seconds left.
|
|t:|1758252488
|switch|p2a: Ogerpon|Ogerpon-Wellspring, F|100/100
|-damage|p2a: Ogerpon|88/100|[from] Stealth Rock
|turn|13
|
|t:|1758252504
|-terastallize|p1a: Landorus|Water
|move|p1a: Landorus|U-turn|p2a: Ogerpon
|-supereffective|p2a: Ogerpon
|-damage|p2a: Ogerpon|51/100
|
|t:|1758252511
|switch|p1a: Empoleon|Empoleon, F|84/100|[from] U-turn
|-damage|p1a: Empoleon|67/100|[from] Spikes
|move|p2a: Ogerpon|Trailblaze|p1a: Empoleon
|-damage|p1a: Empoleon|34/100
|-boost|p2a: Ogerpon|spe|1
|
|upkeep
|turn|14
|
|t:|1758252524
|move|p1a: Empoleon|Vacuum Wave|p2a: Ogerpon
|-damage|p2a: Ogerpon|31/100
|move|p2a: Ogerpon|Synthesis|p2a: Ogerpon
|-heal|p2a: Ogerpon|81/100
|
|upkeep
|turn|15
|
|t:|1758252530
|switch|p1a: Landorus|Landorus-Therian, M, tera:Water|89/100
|-damage|p1a: Landorus|73/100|[from] Spikes
|-ability|p1a: Landorus|Intimidate|boost
|-unboost|p2a: Ogerpon|atk|1
|move|p2a: Ogerpon|Swords Dance|p2a: Ogerpon
|-boost|p2a: Ogerpon|atk|2
|
|upkeep
|turn|16
|inactive|fengbingyuan520 has 90 seconds left.
|
|t:|1758252543
|-terastallize|p2a: Ogerpon|Water
|detailschange|p2a: Ogerpon|Ogerpon-Wellspring-Tera, F, tera:Water
|-ability|p2a: Ogerpon|Embody Aspect (Wellspring)|boost
|-boost|p2a: Ogerpon|spd|1
|move|p2a: Ogerpon|Swords Dance|p2a: Ogerpon
|-boost|p2a: Ogerpon|atk|2
|move|p1a: Landorus|Taunt|p2a: Ogerpon
|-start|p2a: Ogerpon|move: Taunt
|
|upkeep
|turn|17
|inactive|fengbingyuan520 has 90 seconds left.
|
|t:|1758252560
|switch|p1a: Empoleon|Empoleon, F|34/100
|-damage|p1a: Empoleon|18/100|[from] Spikes
|move|p2a: Ogerpon|Trailblaze|p1a: Empoleon
|-damage|p1a: Empoleon|0 fnt
|-boost|p2a: Ogerpon|spe|1
|faint|p1a: Empoleon
|
|upkeep
|
|t:|1758252563
|switch|p1a: Great Tusk|Great Tusk|100/100
|-damage|p1a: Great Tusk|84/100|[from] Spikes
|turn|18
|
|t:|1758252571
|move|p2a: Ogerpon|Ivy Cudgel|p1a: Great Tusk|[anim] Ivy Cudgel Water
|-supereffective|p1a: Great Tusk
|-damage|p1a: Great Tusk|0 fnt
|faint|p1a: Great Tusk
|-end|p1a: Great Tusk|Protosynthesis|[silent]
|
|upkeep
|-message|levi6969 forfeited.
|
|win|fengbingyuan520
|raw|levi6969's rating: 1250 &rarr; <strong>1219</strong><br />(-31 for losing)
|raw|fengbingyuan520's rating: 1172 &rarr; <strong>1203</strong><br />(+31 for winning)
|l|☆levi6969
|player|p1|
|c|☆fengbingyuan520|gg
