|j|☆carloss prates
|j|☆Truffle buddah
|t:|1758272786
|gametype|singles
|player|p1|carloss prates|bruno|1675
|player|p2|Truffle buddah|li|1732
|gen|9
|tier|[Gen 9] OU
|rated|
|rule|HP Percentage Mod: HP is shown in percentages
|rule|Endless Battle Clause: Forcing endless battles is banned
|rule|Species Clause: Limit one of each Pokémon
|rule|OHKO Clause: OHKO moves are banned
|rule|Evasion Items Clause: Evasion items are banned
|rule|Evasion Moves Clause: Evasion moves are banned
|rule|Evasion Abilities Clause: Evasion abilities are banned
|rule|Sleep Moves Clause: Sleep-inducing moves are banned
|clearpoke
|poke|p1|Ninetales-Alola, F|
|poke|p1|Dondozo, F|
|poke|p1|Iron Treads|
|poke|p1|Kyurem|
|poke|p1|Comfey, F|
|poke|p1|Polteageist|
|poke|p2|Hydrapple, F|
|poke|p2|Hatterene, F|
|poke|p2|Iron Hands|
|poke|p2|Diancie|
|poke|p2|Scizor, F|
|poke|p2|Dragonite, F|
|teampreview
|
|t:|1758272817
|teamsize|p1|6
|teamsize|p2|6
|start
|switch|p1a: Iron Treads|Iron Treads|100/100
|switch|p2a: Iron Hands|Iron Hands|100/100
|-enditem|p1a: Iron Treads|Booster Energy
|-activate|p1a: Iron Treads|ability: Quark Drive|[fromitem]
|-start|p1a: Iron Treads|quarkdrivespe
|turn|1
|
|t:|1758272821
|move|p1a: Iron Treads|Stealth Rock|p2a: Iron Hands
|-sidestart|p2: Truffle buddah|move: Stealth Rock
|move|p2a: Iron Hands|Swords Dance|p2a: Iron Hands
|-boost|p2a: Iron Hands|atk|2
|
|upkeep
|turn|2
|
|t:|1758272827
|move|p1a: Iron Treads|Earth Power|p2a: Iron Hands
|-supereffective|p2a: Iron Hands
|-damage|p2a: Iron Hands|52/100
|move|p2a: Iron Hands|Drain Punch|p1a: Iron Treads
|-supereffective|p1a: Iron Treads
|-crit|p1a: Iron Treads
|-damage|p1a: Iron Treads|0 fnt
|-heal|p2a: Iron Hands|86/100|[from] drain|[of] p1a: Iron Treads
|faint|p1a: Iron Treads
|-end|p1a: Iron Treads|Quark Drive|[silent]
|
|-heal|p2a: Iron Hands|92/100|[from] item: Leftovers
|upkeep
|
|t:|1758272831
|switch|p1a: Ninetales|Ninetales-Alola, F|100/100
|-weather|Snowscape|[from] ability: Snow Warning|[of] p1a: Ninetales
|turn|3
|
|t:|1758272839
|-end|p2a: Iron Hands|Quark Drive|[silent]
|switch|p2a: Scizor|Scizor, F|100/100
|move|p1a: Ninetales|Aurora Veil|p1a: Ninetales
|-sidestart|p1: carloss prates|move: Aurora Veil
|
|-weather|Snowscape|[upkeep]
|upkeep
|turn|4
|
|t:|1758272843
|switch|p1a: Dondozo|Dondozo, F|100/100
|move|p2a: Scizor|Defog|p1a: Dondozo
|-unboost|p1a: Dondozo|evasion|1
|-sideend|p1: carloss prates|move: Aurora Veil
|-sideend|p2: Truffle buddah|Stealth Rock|[from] move: Defog|[of] p2a: Scizor
|
|-weather|Snowscape|[upkeep]
|upkeep
|turn|5
|
|t:|1758272849
|move|p2a: Scizor|Knock Off|p1a: Dondozo
|-damage|p1a: Dondozo|80/100
|-enditem|p1a: Dondozo|Leftovers|[from] move: Knock Off|[of] p2a: Scizor
|move|p1a: Dondozo|Wave Crash|p2a: Scizor
|-damage|p2a: Scizor|59/100
|-damage|p1a: Dondozo|71/100|[from] Recoil
|
|-weather|Snowscape|[upkeep]
|upkeep
|turn|6
|
|t:|1758272852
|switch|p1a: Ninetales|Ninetales-Alola, F|100/100
|move|p2a: Scizor|U-turn|p1a: Ninetales
|-resisted|p1a: Ninetales
|-damage|p1a: Ninetales|82/100
|
|t:|1758272857
|switch|p2a: Diancie|Diancie|100/100|[from] U-turn
|
|-weather|Snowscape|[upkeep]
|upkeep
|turn|7
|
|t:|1758272860
|switch|p2a: Scizor|Scizor, F|59/100
|move|p1a: Ninetales|Aurora Veil|p1a: Ninetales
|-sidestart|p1: carloss prates|move: Aurora Veil
|
|-weather|none
|upkeep
|turn|8
|
|t:|1758272887
|switch|p1a: Dondozo|Dondozo, F|71/100
|move|p2a: Scizor|Defog|p1a: Dondozo
|-unboost|p1a: Dondozo|evasion|1
|-sideend|p1: carloss prates|move: Aurora Veil
|
|upkeep
|turn|9
|
|t:|1758272916
|move|p2a: Scizor|U-turn|p1a: Dondozo
|-damage|p1a: Dondozo|47/100
|
|t:|1758272921
|switch|p2a: Hydrapple|Hydrapple, F|100/100|[from] U-turn
|move|p1a: Dondozo|Wave Crash|p2a: Hydrapple
|-resisted|p2a: Hydrapple
|-damage|p2a: Hydrapple|94/100
|-damage|p1a: Dondozo|31/100|[from] item: Rocky Helmet|[of] p2a: Hydrapple
|-damage|p1a: Dondozo|29/100|[from] Recoil
|
|upkeep
|turn|10
|
|t:|1758272925
|switch|p1a: Kyurem|Kyurem|100/100
|-ability|p1a: Kyurem|Pressure
|move|p2a: Hydrapple|Giga Drain|p1a: Kyurem
|-resisted|p1a: Kyurem
|-damage|p1a: Kyurem|87/100
|-heal|p2a: Hydrapple|100/100|[from] drain|[of] p1a: Kyurem
|
|upkeep
|turn|11
|
|t:|1758272938
|switch|p2a: Scizor|Scizor, F|59/100
|move|p1a: Kyurem|Icicle Spear|p2a: Scizor
|-resisted|p2a: Scizor
|-damage|p2a: Scizor|51/100
|-resisted|p2a: Scizor
|-damage|p2a: Scizor|44/100
|-resisted|p2a: Scizor
|-damage|p2a: Scizor|36/100
|-resisted|p2a: Scizor
|-damage|p2a: Scizor|28/100
|-hitcount|p2a: Scizor|4
|
|upkeep
|turn|12
|
|t:|1758272944
|move|p2a: Scizor|Bullet Punch|p1a: Kyurem
|-supereffective|p1a: Kyurem
|-damage|p1a: Kyurem|10/100
|move|p1a: Kyurem|Earth Power|p2a: Scizor
|-damage|p2a: Scizor|0 fnt
|faint|p2a: Scizor
|
|upkeep
|
|t:|1758272947
|switch|p2a: Diancie|Diancie|100/100
|turn|13
|
|t:|1758272951
|move|p1a: Kyurem|Earth Power|p2a: Diancie
|-supereffective|p2a: Diancie
|-damage|p2a: Diancie|58/100
|move|p2a: Diancie|Trick Room|p2a: Diancie
|-fieldstart|move: Trick Room|[of] p2a: Diancie
|
|upkeep
|turn|14
|
|t:|1758272963
|switch|p1a: Dondozo|Dondozo, F|29/100
|move|p2a: Diancie|Moonblast|p1a: Dondozo
|-damage|p1a: Dondozo|1/100
|
|upkeep
|turn|15
|
|t:|1758272967
|move|p2a: Diancie|Moonblast|p1a: Dondozo
|-damage|p1a: Dondozo|0 fnt
|faint|p1a: Dondozo
|
|upkeep
|
|t:|1758272971
|switch|p1a: Comfey|Comfey, F|100/100
|turn|16
|inactive|Battle timer is ON: inactive players will automatically lose when time's up. (requested by carloss prates)
|
|t:|1758272997
|move|p2a: Diancie|Meteor Beam||[still]
|-prepare|p2a: Diancie|Meteor Beam
|-boost|p2a: Diancie|spa|1
|-enditem|p2a: Diancie|Power Herb
|-anim|p2a: Diancie|Meteor Beam|p1a: Comfey
|-damage|p1a: Comfey|18/100
|move|p1a: Comfey|Calm Mind|p1a: Comfey
|-boost|p1a: Comfey|spa|1
|-boost|p1a: Comfey|spd|1
|
|upkeep
|turn|17
|
|t:|1758273005
|move|p1a: Comfey|Synthesis|p1a: Comfey
|-heal|p1a: Comfey|68/100
|move|p2a: Diancie|Moonblast|p1a: Comfey
|-damage|p1a: Comfey|22/100
|
|-fieldend|move: Trick Room
|upkeep
|turn|18
|
|t:|1758273008
|move|p1a: Comfey|Synthesis|p1a: Comfey
|-heal|p1a: Comfey|72/100
|move|p2a: Diancie|Moonblast|p1a: Comfey
|-damage|p1a: Comfey|28/100
|
|upkeep
|turn|19
|
|t:|1758273010
|move|p1a: Comfey|Synthesis|p1a: Comfey
|-heal|p1a: Comfey|78/100
|move|p2a: Diancie|Moonblast|p1a: Comfey
|-damage|p1a: Comfey|30/100
|
|upkeep
|turn|20
|
|t:|1758273013
|move|p1a: Comfey|Synthesis|p1a: Comfey
|-heal|p1a: Comfey|80/100
|move|p2a: Diancie|Moonblast|p1a: Comfey
|-damage|p1a: Comfey|35/100
|
|upkeep
|turn|21
|
|t:|1758273014
|move|p1a: Comfey|Synthesis|p1a: Comfey
|-heal|p1a: Comfey|85/100
|move|p2a: Diancie|Moonblast|p1a: Comfey
|-damage|p1a: Comfey|39/100
|-unboost|p1a: Comfey|spa|1
|
|upkeep
|turn|22
|
|t:|1758273018
|move|p1a: Comfey|Synthesis|p1a: Comfey
|-heal|p1a: Comfey|89/100
|move|p2a: Diancie|Moonblast|p1a: Comfey
|-damage|p1a: Comfey|43/100
|
|upkeep
|turn|23
|
|t:|1758273021
|move|p1a: Comfey|Calm Mind|p1a: Comfey
|-boost|p1a: Comfey|spa|1
|-boost|p1a: Comfey|spd|1
|move|p2a: Diancie|Moonblast|p1a: Comfey
|-damage|p1a: Comfey|11/100
|-unboost|p1a: Comfey|spa|1
|
|upkeep
|turn|24
|
|t:|1758273025
|move|p1a: Comfey|Synthesis|p1a: Comfey
|-heal|p1a: Comfey|61/100
|move|p2a: Diancie|Moonblast|p1a: Comfey
|-damage|p1a: Comfey|25/100
|
|upkeep
|turn|25
|
|t:|1758273027
|move|p1a: Comfey|Synthesis|p1a: Comfey
|-heal|p1a: Comfey|75/100
|move|p2a: Diancie|Moonblast|p1a: Comfey
|-damage|p1a: Comfey|42/100
|-unboost|p1a: Comfey|spa|1
|
|upkeep
|turn|26
|
|t:|1758273034
|move|p1a: Comfey|Calm Mind|p1a: Comfey
|-boost|p1a: Comfey|spa|1
|-boost|p1a: Comfey|spd|1
|move|p2a: Diancie|Moonblast|p1a: Comfey
|-damage|p1a: Comfey|12/100
|
|upkeep
|turn|27
|
|t:|1758273038
|move|p1a: Comfey|Draining Kiss|p2a: Diancie
|-damage|p2a: Diancie|42/100
|-heal|p1a: Comfey|24/100|[from] drain|[of] p2a: Diancie
|move|p2a: Diancie|Moonblast|p1a: Comfey
|-damage|p1a: Comfey|0 fnt
|faint|p1a: Comfey
|
|upkeep
|
|t:|1758273042
|switch|p1a: Ninetales|Ninetales-Alola, F|82/100
|-weather|Snowscape|[from] ability: Snow Warning|[of] p1a: Ninetales
|turn|28
|
|t:|1758273045
|move|p1a: Ninetales|Aurora Veil|p1a: Ninetales
|-sidestart|p1: carloss prates|move: Aurora Veil
|move|p2a: Diancie|Trick Room|p2a: Diancie
|-fieldstart|move: Trick Room|[of] p2a: Diancie
|
|-weather|Snowscape|[upkeep]
|upkeep
|turn|29
|
|t:|1758273049
|switch|p1a: Kyurem|Kyurem|10/100
|-ability|p1a: Kyurem|Pressure
|move|p2a: Diancie|Moonblast|p1a: Kyurem
|-supereffective|p1a: Kyurem
|-damage|p1a: Kyurem|0 fnt
|faint|p1a: Kyurem
|
|-weather|Snowscape|[upkeep]
|upkeep
|
|t:|1758273052
|switch|p1a: Ninetales|Ninetales-Alola, F|82/100
|turn|30
|
|t:|1758273058
|move|p2a: Diancie|Moonblast|p1a: Ninetales
|-damage|p1a: Ninetales|50/100
|move|p1a: Ninetales|Freeze-Dry|p2a: Diancie
|-damage|p2a: Diancie|25/100
|
|-weather|Snowscape|[upkeep]
|upkeep
|turn|31
|
|t:|1758273060
|move|p2a: Diancie|Moonblast|p1a: Ninetales
|-damage|p1a: Ninetales|16/100
|move|p1a: Ninetales|Freeze-Dry|p2a: Diancie
|-crit|p2a: Diancie
|-damage|p2a: Diancie|0 fnt
|faint|p2a: Diancie
|
|-weather|Snowscape|[upkeep]
|upkeep
|
|t:|1758273079
|switch|p2a: Dragonite|Dragonite, F|100/100
|turn|32
|
|t:|1758273085
|-terastallize|p2a: Dragonite|Fire
|move|p2a: Dragonite|Dragon Dance|p2a: Dragonite
|-boost|p2a: Dragonite|atk|1
|-boost|p2a: Dragonite|spe|1
|move|p1a: Ninetales|Freeze-Dry|p2a: Dragonite
|-resisted|p2a: Dragonite
|-damage|p2a: Dragonite|95/100
|-status|p2a: Dragonite|frz
|
|-weather|none
|-fieldend|move: Trick Room
|upkeep
|turn|33
|
|t:|1758273089
|switch|p1a: Polteageist|Polteageist|100/100
|cant|p2a: Dragonite|frz
|
|upkeep
|turn|34
|
|t:|1758273097
|-curestatus|p2a: Dragonite|frz|[msg]
|move|p2a: Dragonite|Scale Shot|p1a: Polteageist
|-damage|p1a: Polteageist|88/100
|-damage|p1a: Polteageist|75/100
|-start|p2a: Dragonite|Disable|Scale Shot|[from] ability: Cursed Body|[of] p1a: Polteageist
|-damage|p1a: Polteageist|62/100
|-damage|p1a: Polteageist|49/100
|-hitcount|p1a: Polteageist|4
|-unboost|p2a: Dragonite|def|1
|-boost|p2a: Dragonite|spe|1
|move|p1a: Polteageist|Shell Smash|p1a: Polteageist
|-unboost|p1a: Polteageist|def|1
|-unboost|p1a: Polteageist|spd|1
|-boost|p1a: Polteageist|atk|2
|-boost|p1a: Polteageist|spa|2
|-boost|p1a: Polteageist|spe|2
|-enditem|p1a: Polteageist|White Herb
|-clearnegativeboost|p1a: Polteageist|[silent]
|
|upkeep
|turn|35
|
|t:|1758273108
|move|p2a: Dragonite|Fire Punch|p1a: Polteageist
|-damage|p1a: Polteageist|14/100
|move|p1a: Polteageist|Strength Sap|p2a: Dragonite
|-unboost|p2a: Dragonite|atk|1
|-heal|p1a: Polteageist|100/100
|
|-sideend|p1: carloss prates|move: Aurora Veil
|upkeep
|turn|36
|
|t:|1758273117
|move|p2a: Dragonite|Encore|p1a: Polteageist
|-start|p1a: Polteageist|Encore
|move|p1a: Polteageist|Strength Sap|p2a: Dragonite
|-unboost|p2a: Dragonite|atk|1
|
|upkeep
|turn|37
|
|t:|1758273140
|switch|p1a: Ninetales|Ninetales-Alola, F|16/100
|-weather|Snowscape|[from] ability: Snow Warning|[of] p1a: Ninetales
|move|p2a: Dragonite|Dragon Dance|p2a: Dragonite
|-boost|p2a: Dragonite|atk|1
|-boost|p2a: Dragonite|spe|1
|
|-weather|Snowscape|[upkeep]
|-end|p2a: Dragonite|Disable
|upkeep
|turn|38
|
|t:|1758273147
|move|p2a: Dragonite|Fire Punch|p1a: Ninetales
|-supereffective|p1a: Ninetales
|-damage|p1a: Ninetales|0 fnt
|faint|p1a: Ninetales
|
|-weather|Snowscape|[upkeep]
|upkeep
|
|t:|1758273148
|switch|p1a: Polteageist|Polteageist|100/100
|turn|39
|
|t:|1758273160
|move|p2a: Dragonite|Scale Shot|p1a: Polteageist|[miss]
|-miss|p2a: Dragonite|p1a: Polteageist
|move|p1a: Polteageist|Strength Sap|p2a: Dragonite
|-unboost|p2a: Dragonite|atk|1
|
|-weather|Snowscape|[upkeep]
|upkeep
|turn|40
|
|t:|1758273163
|move|p2a: Dragonite|Encore|p1a: Polteageist
|-start|p1a: Polteageist|Encore
|move|p1a: Polteageist|Strength Sap|p2a: Dragonite
|-unboost|p2a: Dragonite|atk|1
|
|-weather|Snowscape|[upkeep]
|upkeep
|turn|41
|
|t:|1758273164
|move|p2a: Dragonite|Dragon Dance|p2a: Dragonite
|-boost|p2a: Dragonite|atk|1
|-boost|p2a: Dragonite|spe|1
|move|p1a: Polteageist|Strength Sap|p2a: Dragonite
|-unboost|p2a: Dragonite|atk|1
|
|-weather|none
|upkeep
|turn|42
|
|t:|1758273167
|move|p2a: Dragonite|Dragon Dance|p2a: Dragonite
|-boost|p2a: Dragonite|atk|1
|-boost|p2a: Dragonite|spe|1
|move|p1a: Polteageist|Strength Sap|p2a: Dragonite
|-unboost|p2a: Dragonite|atk|1
|
|-end|p1a: Polteageist|Encore
|upkeep
|turn|43
|
|t:|1758273170
|move|p2a: Dragonite|Encore|p1a: Polteageist
|-start|p1a: Polteageist|Encore
|move|p1a: Polteageist|Strength Sap|p2a: Dragonite
|-unboost|p2a: Dragonite|atk|1
|
|upkeep
|turn|44
|
|t:|1758273171
|move|p2a: Dragonite|Dragon Dance|p2a: Dragonite
|-boost|p2a: Dragonite|atk|1
|-boost|p2a: Dragonite|spe|1
|move|p1a: Polteageist|Strength Sap|p2a: Dragonite
|-unboost|p2a: Dragonite|atk|1
|
|upkeep
|turn|45
|
|t:|1758273173
|move|p2a: Dragonite|Dragon Dance|p2a: Dragonite
|-boost|p2a: Dragonite|atk|1
|-boost|p2a: Dragonite|spe|0
|move|p1a: Polteageist|Strength Sap|p2a: Dragonite
|-unboost|p2a: Dragonite|atk|1
|
|-end|p1a: Polteageist|Encore
|upkeep
|turn|46
|
|t:|1758273176
|move|p2a: Dragonite|Encore|p1a: Polteageist
|-start|p1a: Polteageist|Encore
|move|p1a: Polteageist|Strength Sap|p2a: Dragonite
|-unboost|p2a: Dragonite|atk|1
|
|upkeep
|turn|47
|
|t:|1758273188
|move|p2a: Dragonite|Dragon Dance|p2a: Dragonite
|-boost|p2a: Dragonite|atk|1
|-boost|p2a: Dragonite|spe|0
|move|p1a: Polteageist|Strength Sap|p2a: Dragonite
|-unboost|p2a: Dragonite|atk|1
|
|upkeep
|turn|48
|
|t:|1758273190
|move|p2a: Dragonite|Dragon Dance|p2a: Dragonite
|-boost|p2a: Dragonite|atk|1
|-boost|p2a: Dragonite|spe|0
|move|p1a: Polteageist|Strength Sap|p2a: Dragonite
|-unboost|p2a: Dragonite|atk|1
|
|-end|p1a: Polteageist|Encore
|upkeep
|turn|49
|
|t:|1758273193
|move|p2a: Dragonite|Encore|p1a: Polteageist
|-start|p1a: Polteageist|Encore
|move|p1a: Polteageist|Strength Sap|p2a: Dragonite
|-unboost|p2a: Dragonite|atk|1
|
|upkeep
|turn|50
|
|t:|1758273196
|move|p2a: Dragonite|Dragon Dance|p2a: Dragonite
|-boost|p2a: Dragonite|atk|1
|-boost|p2a: Dragonite|spe|0
|move|p1a: Polteageist|Strength Sap|p2a: Dragonite
|-unboost|p2a: Dragonite|atk|1
|
|upkeep
|turn|51
|
|t:|1758273198
|move|p2a: Dragonite|Dragon Dance|p2a: Dragonite
|-boost|p2a: Dragonite|atk|1
|-boost|p2a: Dragonite|spe|0
|move|p1a: Polteageist|Strength Sap|p2a: Dragonite
|-unboost|p2a: Dragonite|atk|1
|
|-end|p1a: Polteageist|Encore
|upkeep
|turn|52
|
|t:|1758273200
|move|p2a: Dragonite|Encore|p1a: Polteageist
|-start|p1a: Polteageist|Encore
|move|p1a: Polteageist|Strength Sap|p2a: Dragonite
|-unboost|p2a: Dragonite|atk|1
|
|-end|p1a: Polteageist|Encore
|upkeep
|turn|53
|
|t:|1758273213
|move|p2a: Dragonite|Encore||[still]
|-fail|p2a: Dragonite
|move|p1a: Polteageist|Shell Smash|p1a: Polteageist
|-unboost|p1a: Polteageist|def|1
|-unboost|p1a: Polteageist|spd|1
|-boost|p1a: Polteageist|atk|2
|-boost|p1a: Polteageist|spa|2
|-boost|p1a: Polteageist|spe|2
|
|upkeep
|turn|54
|j| Nitro611
|
|t:|1758273222
|move|p2a: Dragonite|Scale Shot|p1a: Polteageist
|-damage|p1a: Polteageist|95/100
|-damage|p1a: Polteageist|88/100
|-start|p2a: Dragonite|Disable|Scale Shot|[from] ability: Cursed Body|[of] p1a: Polteageist
|-damage|p1a: Polteageist|81/100
|-damage|p1a: Polteageist|75/100
|-damage|p1a: Polteageist|69/100
|-hitcount|p1a: Polteageist|5
|-unboost|p2a: Dragonite|def|1
|move|p1a: Polteageist|Shadow Ball|p2a: Dragonite
|-damage|p2a: Dragonite|14/100
|
|upkeep
|turn|55
|
|t:|1758273245
|move|p2a: Dragonite|Encore|p1a: Polteageist
|-start|p1a: Polteageist|Encore
|move|p1a: Polteageist|Shadow Ball|p2a: Dragonite
|-damage|p2a: Dragonite|0 fnt
|faint|p2a: Dragonite
|
|upkeep
|
|t:|1758273247
|switch|p2a: Iron Hands|Iron Hands|92/100
|turn|56
|
|t:|1758273250
|move|p1a: Polteageist|Shadow Ball|p2a: Iron Hands
|-damage|p2a: Iron Hands|37/100
|move|p2a: Iron Hands|Wild Charge|p1a: Polteageist
|-damage|p1a: Polteageist|0 fnt
|-start|p2a: Iron Hands|Disable|Wild Charge|[from] ability: Cursed Body|[of] p1a: Polteageist
|faint|p1a: Polteageist
|-damage|p2a: Iron Hands|25/100|[from] Recoil
|
|win|Truffle buddah
|raw|carloss prates's rating: 1675 &rarr; <strong>1658</strong><br />(-17 for losing)
|raw|Truffle buddah's rating: 1732 &rarr; <strong>1749</strong><br />(+17 for winning)
|l|☆carloss prates
|player|p1|
|l| Nitro611
|l|☆Truffle buddah
|player|p2|
