|j|☆DomCat
|j|☆Shampoogini
|t:|1758246624
|gametype|singles
|player|p1|DomCat|lady-gen4|1403
|player|p2|Shampoogini|2|1347
|gen|9
|tier|[Gen 9] OU
|rated|
|rule|HP Percentage Mod: HP is shown in percentages
|rule|Endless Battle Clause: Forcing endless battles is banned
|rule|Species Clause: Limit one of each Pokémon
|rule|OHKO Clause: OHKO moves are banned
|rule|Evasion Items Clause: Evasion items are banned
|rule|Evasion Moves Clause: Evasion moves are banned
|rule|Evasion Abilities Clause: Evasion abilities are banned
|rule|Sleep Moves Clause: Sleep-inducing moves are banned
|clearpoke
|poke|p1|Heatran, F|
|poke|p1|Quaquaval, M|
|poke|p1|Garganacl, F|
|poke|p1|Gliscor, M|
|poke|p1|Zapdos|
|poke|p1|Walking Wake|
|poke|p2|Skeledirge, F|
|poke|p2|Clodsire, M|
|poke|p2|Dondozo, M|
|poke|p2|Serperior, M|
|poke|p2|Corviknight, M|
|poke|p2|Grimmsnarl, M|
|teampreview
|inactive|Battle timer is ON: inactive players will automatically lose when time's up. (requested by DomCat)
|
|t:|1758246648
|teamsize|p1|6
|teamsize|p2|6
|start
|switch|p1a: Sparkuno|Zapdos|100/100
|switch|p2a: Grimmsnarl|Grimmsnarl, M|100/100
|turn|1
|
|t:|1758246654
|move|p2a: Grimmsnarl|Light Screen|p2a: Grimmsnarl
|-sidestart|p2: Shampoogini|move: Light Screen
|move|p1a: Sparkuno|Volt Switch|p2a: Grimmsnarl
|-damage|p2a: Grimmsnarl|82/100
|
|t:|1758246661
|switch|p1a: Chop Chop|Gliscor, M|100/100|[from] Volt Switch
|
|-status|p1a: Chop Chop|tox|[from] item: Toxic Orb
|upkeep
|turn|2
|
|t:|1758246667
|switch|p1a: Sparkuno|Zapdos|100/100
|move|p2a: Grimmsnarl|Reflect|p2a: Grimmsnarl
|-sidestart|p2: Shampoogini|Reflect
|
|upkeep
|turn|3
|
|t:|1758246674
|move|p2a: Grimmsnarl|Parting Shot|p1a: Sparkuno
|-unboost|p1a: Sparkuno|atk|1
|-unboost|p1a: Sparkuno|spa|1
|
|t:|1758246679
|switch|p2a: Skeledirge|Skeledirge, F|100/100|[from] Parting Shot
|move|p1a: Sparkuno|Hurricane|p2a: Skeledirge
|-damage|p2a: Skeledirge|76/100
|-start|p2a: Skeledirge|confusion
|
|-heal|p2a: Skeledirge|82/100|[from] item: Leftovers
|upkeep
|turn|4
|
|t:|1758246691
|switch|p1a: Chop Chop|Gliscor, M|100/100 tox
|-activate|p2a: Skeledirge|confusion
|-damage|p2a: Skeledirge|78/100|[from] confusion
|
|-heal|p2a: Skeledirge|84/100|[from] item: Leftovers
|upkeep
|turn|5
|
|t:|1758246697
|-terastallize|p2a: Skeledirge|Flying
|move|p1a: Chop Chop|Toxic|p2a: Skeledirge
|-status|p2a: Skeledirge|tox
|-end|p2a: Skeledirge|confusion
|move|p2a: Skeledirge|Torch Song|p1a: Chop Chop
|-crit|p1a: Chop Chop
|-damage|p1a: Chop Chop|60/100 tox
|-boost|p2a: Skeledirge|spa|1
|
|-heal|p2a: Skeledirge|90/100 tox|[from] item: Leftovers
|-heal|p1a: Chop Chop|73/100 tox|[from] ability: Poison Heal
|-damage|p2a: Skeledirge|84/100 tox|[from] psn
|upkeep
|turn|6
|
|t:|1758246710
|move|p1a: Chop Chop|Knock Off|p2a: Skeledirge
|-damage|p2a: Skeledirge|75/100 tox
|-enditem|p2a: Skeledirge|Leftovers|[from] move: Knock Off|[of] p1a: Chop Chop
|move|p2a: Skeledirge|Slack Off|p2a: Skeledirge
|-heal|p2a: Skeledirge|100/100 tox
|
|-heal|p1a: Chop Chop|85/100 tox|[from] ability: Poison Heal
|-damage|p2a: Skeledirge|88/100 tox|[from] psn
|upkeep
|turn|7
|
|t:|1758246720
|switch|p1a: Sparkuno|Zapdos|100/100
|move|p2a: Skeledirge|Torch Song|p1a: Sparkuno
|-damage|p1a: Sparkuno|57/100
|-boost|p2a: Skeledirge|spa|1
|
|-damage|p2a: Skeledirge|70/100 tox|[from] psn
|upkeep
|turn|8
|
|t:|1758246729
|move|p1a: Sparkuno|Volt Switch|p2a: Skeledirge
|-supereffective|p2a: Skeledirge
|-damage|p2a: Skeledirge|42/100 tox
|
|t:|1758246732
|switch|p1a: Boiling Dragon|Walking Wake|100/100|[from] Volt Switch
|move|p2a: Skeledirge|Torch Song|p1a: Boiling Dragon
|-resisted|p1a: Boiling Dragon
|-damage|p1a: Boiling Dragon|84/100
|-boost|p2a: Skeledirge|spa|1
|
|-damage|p2a: Skeledirge|17/100 tox|[from] psn
|-sideend|p2: Shampoogini|move: Light Screen
|upkeep
|turn|9
|-message|Shampoogini forfeited.
|
|win|DomCat
|raw|DomCat's rating: 1403 &rarr; <strong>1420</strong><br />(+17 for winning)
|raw|Shampoogini's rating: 1347 &rarr; <strong>1330</strong><br />(-17 for losing)
|l|☆Shampoogini
|player|p2|
