|j|☆Apolliyon
|j|☆Wiz.mii
|t:|1758286986
|gametype|singles
|player|p1|Apolliyon|101|1230
|player|p2|Wiz.mii|steven|1246
|gen|9
|tier|[Gen 9] OU
|rated|
|rule|HP Percentage Mod: HP is shown in percentages
|rule|Endless Battle Clause: Forcing endless battles is banned
|rule|Species Clause: Limit one of each Pokémon
|rule|OHKO Clause: OHKO moves are banned
|rule|Evasion Items Clause: Evasion items are banned
|rule|Evasion Moves Clause: Evasion moves are banned
|rule|Evasion Abilities Clause: Evasion abilities are banned
|rule|Sleep Moves Clause: Sleep-inducing moves are banned
|clearpoke
|poke|p1|Walking Wake|
|poke|p1|Scizor, M|
|poke|p1|Kingambit, M|
|poke|p1|Mandibuzz, F|
|poke|p1|Primarina, M|
|poke|p1|Great Tusk|
|poke|p2|Braviary-Hisui, M|
|poke|p2|Politoed, F|
|poke|p2|Hatterene, F|
|poke|p2|Araquanid, F|
|poke|p2|Sandy Shocks|
|poke|p2|Corviknight, M|
|teampreview
|inactive|Battle timer is ON: inactive players will automatically lose when time's up. (requested by Apolliyon)
|
|t:|1758286999
|teamsize|p1|6
|teamsize|p2|6
|start
|switch|p1a: Walking Wake|Walking Wake|100/100
|switch|p2a: Sandy Shocks|Sandy Shocks|100/100
|turn|1
|
|t:|1758287014
|move|p2a: Sandy Shocks|Volt Switch|p1a: Walking Wake
|-damage|p1a: Walking Wake|58/100
|
|t:|1758287018
|-end|p2a: Sandy Shocks|Protosynthesis|[silent]
|switch|p2a: Araquanid|Araquanid, F, shiny|100/100|[from] Volt Switch
|move|p1a: Walking Wake|Hydro Pump|p2a: Araquanid|[miss]
|-miss|p1a: Walking Wake|p2a: Araquanid
|
|upkeep
|turn|2
|
|t:|1758287039
|-end|p1a: Walking Wake|Protosynthesis|[silent]
|switch|p1a: Mandibuzz|Mandibuzz, F|100/100
|move|p2a: Araquanid|Sticky Web|p1a: Mandibuzz
|-sidestart|p1: Apolliyon|move: Sticky Web
|
|upkeep
|turn|3
|l|☆Wiz.mii
|inactive|Wiz.mii disconnected and has a minute to reconnect!
|player|p2|
|j|☆Wiz.mii
|inactive|Wiz.mii reconnected and has 140 seconds left.
|player|p2|Wiz.mii|steven|
|
|t:|1758287050
|switch|p2a: Politoed|Politoed, F, shiny|100/100
|-weather|RainDance|[from] ability: Drizzle|[of] p2a: Politoed
|move|p1a: Mandibuzz|Foul Play|p2a: Politoed
|-damage|p2a: Politoed|80/100
|
|-weather|RainDance|[upkeep]
|upkeep
|turn|4
|
|t:|1758287063
|move|p1a: Mandibuzz|Defog|p2a: Politoed
|-unboost|p2a: Politoed|evasion|1
|-sideend|p1: Apolliyon|Sticky Web|[from] move: Defog|[of] p1a: Mandibuzz
|move|p2a: Politoed|Weather Ball|p1a: Mandibuzz
|-damage|p1a: Mandibuzz|46/100
|
|-weather|RainDance|[upkeep]
|-heal|p1a: Mandibuzz|53/100|[from] item: Leftovers
|upkeep
|turn|5
|
|t:|1758287072
|switch|p2a: Braviary|Braviary-Hisui, M|100/100
|move|p1a: Mandibuzz|Roost|p1a: Mandibuzz
|-heal|p1a: Mandibuzz|100/100
|-singleturn|p1a: Mandibuzz|move: Roost
|
|-weather|RainDance|[upkeep]
|upkeep
|turn|6
|
|t:|1758287079
|move|p2a: Braviary|Hurricane|p1a: Mandibuzz
|-damage|p1a: Mandibuzz|33/100
|move|p1a: Mandibuzz|Knock Off|p2a: Braviary
|-supereffective|p2a: Braviary
|-damage|p2a: Braviary|39/100
|-enditem|p2a: Braviary|Life Orb|[from] move: Knock Off|[of] p1a: Mandibuzz
|
|-weather|RainDance|[upkeep]
|-heal|p1a: Mandibuzz|39/100|[from] item: Leftovers
|upkeep
|turn|7
|l|☆Wiz.mii
|inactive|Wiz.mii disconnected and has a minute to reconnect!
|player|p2|
|
|t:|1758287106
|switch|p1a: Scizor|Scizor, M|100/100
|move|p2a: Braviary|Hurricane|p1a: Scizor
|-damage|p1a: Scizor|18/100
|
|-weather|RainDance|[upkeep]
|upkeep
|turn|8
|j|☆Wiz.mii
|inactive|Wiz.mii reconnected and has 145 seconds left.
|player|p2|Wiz.mii|steven|
|
|t:|1758287119
|move|p2a: Braviary|Vacuum Wave|p1a: Scizor
|-damage|p1a: Scizor|2/100
|move|p1a: Scizor|Bullet Punch|p2a: Braviary
|-damage|p2a: Braviary|0 fnt
|faint|p2a: Braviary
|
|-weather|RainDance|[upkeep]
|upkeep
|
|t:|1758287125
|switch|p2a: Araquanid|Araquanid, F, shiny|100/100
|turn|9
|
|t:|1758287129
|move|p1a: Scizor|Bullet Punch|p2a: Araquanid
|-resisted|p2a: Araquanid
|-damage|p2a: Araquanid|79/100
|move|p2a: Araquanid|Hydro Pump|p1a: Scizor|[miss]
|-miss|p2a: Araquanid|p1a: Scizor
|
|-weather|RainDance|[upkeep]
|upkeep
|turn|10
|
|t:|1758287136
|move|p1a: Scizor|Bullet Punch|p2a: Araquanid
|-resisted|p2a: Araquanid
|-damage|p2a: Araquanid|59/100
|move|p2a: Araquanid|Sticky Web|p1a: Scizor
|-sidestart|p1: Apolliyon|move: Sticky Web
|
|-weather|none
|upkeep
|turn|11
|
|t:|1758287141
|move|p1a: Scizor|Bullet Punch|p2a: Araquanid
|-resisted|p2a: Araquanid
|-crit|p2a: Araquanid
|-damage|p2a: Araquanid|29/100
|move|p2a: Araquanid|Hydro Pump|p1a: Scizor
|-damage|p1a: Scizor|0 fnt
|faint|p1a: Scizor
|
|upkeep
|
|t:|1758287149
|switch|p1a: Mandibuzz|Mandibuzz, F|39/100
|turn|12
|l|☆Wiz.mii
|inactive|Wiz.mii disconnected and has a minute to reconnect!
|player|p2|
|j|☆Wiz.mii
|inactive|Wiz.mii reconnected and has 145 seconds left.
|player|p2|Wiz.mii|steven|
|
|t:|1758287160
|move|p1a: Mandibuzz|Roost|p1a: Mandibuzz
|-heal|p1a: Mandibuzz|89/100
|-singleturn|p1a: Mandibuzz|move: Roost
|move|p2a: Araquanid|Hydro Pump|p1a: Mandibuzz
|-damage|p1a: Mandibuzz|36/100
|
|-heal|p1a: Mandibuzz|42/100|[from] item: Leftovers
|upkeep
|turn|13
|
|t:|1758287168
|move|p1a: Mandibuzz|Roost|p1a: Mandibuzz
|-heal|p1a: Mandibuzz|92/100
|-singleturn|p1a: Mandibuzz|move: Roost
|move|p2a: Araquanid|Hydro Pump|p1a: Mandibuzz|[miss]
|-miss|p2a: Araquanid|p1a: Mandibuzz
|
|-heal|p1a: Mandibuzz|98/100|[from] item: Leftovers
|upkeep
|turn|14
|
|t:|1758287178
|move|p1a: Mandibuzz|Knock Off|p2a: Araquanid
|-damage|p2a: Araquanid|6/100
|-enditem|p2a: Araquanid|Focus Sash|[from] move: Knock Off|[of] p1a: Mandibuzz
|move|p2a: Araquanid|Endeavor|p1a: Mandibuzz
|-damage|p1a: Mandibuzz|5/100
|
|-heal|p1a: Mandibuzz|11/100|[from] item: Leftovers
|upkeep
|turn|15
|l|☆Wiz.mii
|inactive|Wiz.mii disconnected and has a minute to reconnect!
|player|p2|
|j|☆Wiz.mii
|inactive|Wiz.mii reconnected and has 140 seconds left.
|player|p2|Wiz.mii|steven|
|inactive|Apolliyon has 120 seconds left.
|
|t:|1758287210
|switch|p2a: Corviknight|Corviknight, M, shiny|100/100
|move|p1a: Mandibuzz|Foul Play|p2a: Corviknight
|-damage|p2a: Corviknight|77/100
|
|-heal|p1a: Mandibuzz|17/100|[from] item: Leftovers
|upkeep
|turn|16
|
|t:|1758287217
|move|p1a: Mandibuzz|Roost|p1a: Mandibuzz
|-heal|p1a: Mandibuzz|67/100
|-singleturn|p1a: Mandibuzz|move: Roost
|move|p2a: Corviknight|Bulk Up|p2a: Corviknight
|-boost|p2a: Corviknight|atk|1
|-boost|p2a: Corviknight|def|1
|
|-heal|p1a: Mandibuzz|73/100|[from] item: Leftovers
|upkeep
|turn|17
|
|t:|1758287227
|move|p1a: Mandibuzz|Roost|p1a: Mandibuzz
|-heal|p1a: Mandibuzz|100/100
|-singleturn|p1a: Mandibuzz|move: Roost
|move|p2a: Corviknight|Bulk Up|p2a: Corviknight
|-boost|p2a: Corviknight|atk|1
|-boost|p2a: Corviknight|def|1
|
|upkeep
|turn|18
|
|t:|1758287236
|move|p1a: Mandibuzz|Foul Play|p2a: Corviknight
|-damage|p2a: Corviknight|53/100
|move|p2a: Corviknight|Bulk Up|p2a: Corviknight
|-boost|p2a: Corviknight|atk|1
|-boost|p2a: Corviknight|def|1
|
|upkeep
|turn|19
|
|t:|1758287244
|move|p1a: Mandibuzz|Defog|p2a: Corviknight
|-ability|p2a: Corviknight|Mirror Armor
|-unboost|p1a: Mandibuzz|evasion|1
|-sideend|p1: Apolliyon|Sticky Web|[from] move: Defog|[of] p1a: Mandibuzz
|move|p2a: Corviknight|Roost|p2a: Corviknight
|-heal|p2a: Corviknight|100/100
|-singleturn|p2a: Corviknight|move: Roost
|
|upkeep
|turn|20
|
|t:|1758287252
|move|p1a: Mandibuzz|Knock Off|p2a: Corviknight
|-damage|p2a: Corviknight|93/100
|-enditem|p2a: Corviknight|Mental Herb|[from] move: Knock Off|[of] p1a: Mandibuzz
|move|p2a: Corviknight|Bulk Up|p2a: Corviknight
|-boost|p2a: Corviknight|atk|1
|-boost|p2a: Corviknight|def|1
|
|upkeep
|turn|21
|
|t:|1758287264
|switch|p1a: Walking Wake|Walking Wake|58/100
|move|p2a: Corviknight|Bulk Up|p2a: Corviknight
|-boost|p2a: Corviknight|atk|1
|-boost|p2a: Corviknight|def|1
|
|upkeep
|turn|22
|l|☆Wiz.mii
|inactive|Wiz.mii disconnected and has a minute to reconnect!
|player|p2|
|j|☆Wiz.mii
|inactive|Wiz.mii reconnected and has 145 seconds left.
|player|p2|Wiz.mii|steven|
|
|t:|1758287276
|move|p1a: Walking Wake|Flamethrower|p2a: Corviknight
|-supereffective|p2a: Corviknight
|-damage|p2a: Corviknight|26/100
|move|p2a: Corviknight|Power Trip|p1a: Walking Wake
|-damage|p1a: Walking Wake|0 fnt
|faint|p1a: Walking Wake
|-end|p1a: Walking Wake|Protosynthesis|[silent]
|
|upkeep
|
|t:|1758287284
|switch|p1a: Primarina|Primarina, M|100/100
|turn|23
|
|t:|1758287289
|move|p2a: Corviknight|Roost|p2a: Corviknight
|-heal|p2a: Corviknight|76/100
|-singleturn|p2a: Corviknight|move: Roost
|move|p1a: Primarina|Hyper Voice|p2a: Corviknight
|-damage|p2a: Corviknight|42/100
|
|upkeep
|turn|24
|
|t:|1758287300
|move|p2a: Corviknight|Roost|p2a: Corviknight
|-heal|p2a: Corviknight|92/100
|-singleturn|p2a: Corviknight|move: Roost
|move|p1a: Primarina|Hyper Voice|p2a: Corviknight
|-damage|p2a: Corviknight|61/100
|
|upkeep
|turn|25
|
|t:|1758287307
|move|p2a: Corviknight|Roost|p2a: Corviknight
|-heal|p2a: Corviknight|100/100
|-singleturn|p2a: Corviknight|move: Roost
|move|p1a: Primarina|Hyper Voice|p2a: Corviknight
|-damage|p2a: Corviknight|69/100
|
|upkeep
|turn|26
|
|t:|1758287313
|move|p2a: Corviknight|Power Trip|p1a: Primarina
|-resisted|p1a: Primarina
|-damage|p1a: Primarina|1/100
|move|p1a: Primarina|Hyper Voice|p2a: Corviknight
|-crit|p2a: Corviknight
|-damage|p2a: Corviknight|21/100
|
|upkeep
|turn|27
|
|t:|1758287324
|switch|p1a: Kingambit|Kingambit, M|100/100
|-activate|p1a: Kingambit|ability: Supreme Overlord
|-start|p1a: Kingambit|fallen2|[silent]
|move|p2a: Corviknight|Roost|p2a: Corviknight
|-heal|p2a: Corviknight|71/100
|-singleturn|p2a: Corviknight|move: Roost
|
|upkeep
|turn|28
|
|t:|1758287334
|-terastallize|p2a: Corviknight|Dark
|move|p2a: Corviknight|Power Trip|p1a: Kingambit
|-resisted|p1a: Kingambit
|-damage|p1a: Kingambit|23/100
|move|p1a: Kingambit|Swords Dance|p1a: Kingambit
|-boost|p1a: Kingambit|atk|2
|
|upkeep
|turn|29
|
|t:|1758287343
|move|p2a: Corviknight|Power Trip|p1a: Kingambit
|-resisted|p1a: Kingambit
|-damage|p1a: Kingambit|0 fnt
|faint|p1a: Kingambit
|-end|p1a: Kingambit|fallen2|[silent]
|
|upkeep
|-message|Apolliyon forfeited.
|
|win|Wiz.mii
|raw|Apolliyon's rating: 1230 &rarr; <strong>1206</strong><br />(-24 for losing)
|raw|Wiz.mii's rating: 1246 &rarr; <strong>1270</strong><br />(+24 for winning)
|l|☆Apolliyon
|player|p1|
|l|☆Wiz.mii
|player|p2|
|j|☆Wiz.mii
|player|p2|Wiz.mii|steven|
|l|☆Wiz.mii
|player|p2|
|j|☆Wiz.mii
|player|p2|Wiz.mii|steven|
