|j|‽errmmm
|j|☆regifq
|t:|1758299649
|gametype|singles
|player|p1|errmmm|ethan|1000
|player|p2|regifq|102|1000
|gen|9
|tier|[Gen 9] OU
|rated|
|rule|HP Percentage Mod: HP is shown in percentages
|rule|Endless Battle Clause: Forcing endless battles is banned
|rule|Species Clause: Limit one of each Pokémon
|rule|OHKO Clause: OHKO moves are banned
|rule|Evasion Items Clause: Evasion items are banned
|rule|Evasion Moves Clause: Evasion moves are banned
|rule|Evasion Abilities Clause: Evasion abilities are banned
|rule|Sleep Moves Clause: Sleep-inducing moves are banned
|clearpoke
|poke|p1|Samurott-Hisui, M|
|poke|p1|Corviknight, F|
|poke|p1|Tyranitar, F|
|poke|p1|Chandelure, M|
|poke|p1|Abomasnow, F|
|poke|p1|Raichu-Alola, F|
|poke|p2|Regice|
|poke|p2|Regirock|
|poke|p2|Registeel|
|poke|p2|Regigigas|
|poke|p2|Regidrago|
|teampreview
|
|t:|1758299662
|teamsize|p1|6
|teamsize|p2|5
|start
|switch|p1a: Tyranitar|Tyranitar, F|100/100
|switch|p2a: Registeel|Registeel|100/100
|-weather|Sandstorm|[from] ability: Sand Stream|[of] p1a: Tyranitar
|turn|1
|
|t:|1758299672
|move|p1a: Tyranitar|Stealth Rock|p2a: Registeel
|-sidestart|p2: regifq|move: Stealth Rock
|move|p2a: Registeel|Thunder Wave|p1a: Tyranitar|[miss]
|-miss|p2a: Registeel|p1a: Tyranitar
|
|-weather|Sandstorm|[upkeep]
|upkeep
|turn|2
|
|t:|1758299679
|move|p1a: Tyranitar|Stealth Rock||[still]
|-fail|p1a: Tyranitar
|move|p2a: Registeel|Thunder Wave|p1a: Tyranitar
|-status|p1a: Tyranitar|par
|
|-weather|Sandstorm|[upkeep]
|upkeep
|turn|3
|
|t:|1758299692
|switch|p2a: Regirock|Regirock|100/100
|move|p1a: Tyranitar|Earthquake|p2a: Regirock
|-supereffective|p2a: Regirock
|-damage|p2a: Regirock|69/100
|
|-weather|Sandstorm|[upkeep]
|upkeep
|turn|4
|
|t:|1758299704
|move|p2a: Regirock|Iron Defense|p2a: Regirock
|-boost|p2a: Regirock|def|2
|cant|p1a: Tyranitar|par
|
|-weather|Sandstorm|[upkeep]
|upkeep
|turn|5
|
|t:|1758299714
|move|p2a: Regirock|Earthquake|p1a: Tyranitar
|-supereffective|p1a: Tyranitar
|-damage|p1a: Tyranitar|64/100 par
|move|p1a: Tyranitar|Crunch|p2a: Regirock
|-damage|p2a: Regirock|60/100
|
|-weather|none
|-heal|p1a: Tyranitar|70/100 par|[from] item: Leftovers
|upkeep
|turn|6
|
|t:|1758299723
|switch|p1a: Samurott|Samurott-Hisui, M|100/100
|move|p2a: Regirock|Earthquake|p1a: Samurott
|-damage|p1a: Samurott|77/100
|
|upkeep
|turn|7
|
|t:|1758299730
|move|p1a: Samurott|Waterfall|p2a: Regirock
|-supereffective|p2a: Regirock
|-damage|p2a: Regirock|45/100
|move|p2a: Regirock|Rock Slide|p1a: Samurott
|-damage|p1a: Samurott|48/100
|
|upkeep
|turn|8
|
|t:|1758299740
|-terastallize|p2a: Regirock|Rock
|move|p1a: Samurott|Waterfall|p2a: Regirock
|-supereffective|p2a: Regirock
|-damage|p2a: Regirock|30/100
|move|p2a: Regirock|Rock Slide|p1a: Samurott
|-crit|p1a: Samurott
|-damage|p1a: Samurott|0 fnt
|faint|p1a: Samurott
|
|upkeep
|
|t:|1758299751
|switch|p1a: Abomasnow|Abomasnow, F|100/100
|-weather|Snowscape|[from] ability: Snow Warning|[of] p1a: Abomasnow
|turn|9
|
|t:|1758299759
|move|p1a: Abomasnow|Grass Knot|p2a: Regirock
|-supereffective|p2a: Regirock
|-damage|p2a: Regirock|0 fnt
|faint|p2a: Regirock
|
|-weather|Snowscape|[upkeep]
|upkeep
|
|t:|1758299766
|switch|p2a: Regice|Regice|100/100
|-damage|p2a: Regice|76/100|[from] Stealth Rock
|turn|10
|
|t:|1758299783
|switch|p1a: Chandelure|Chandelure, M|100/100
|move|p2a: Regice|Amnesia|p2a: Regice
|-boost|p2a: Regice|spd|2
|
|-weather|Snowscape|[upkeep]
|-heal|p2a: Regice|82/100|[from] ability: Ice Body
|-heal|p2a: Regice|88/100|[from] item: Leftovers
|upkeep
|turn|11
|
|t:|1758299798
|move|p1a: Chandelure|Fire Blast|p2a: Regice
|-supereffective|p2a: Regice
|-damage|p2a: Regice|60/100
|move|p2a: Regice|Ice Beam|p1a: Chandelure
|-resisted|p1a: Chandelure
|-damage|p1a: Chandelure|76/100
|
|-weather|Snowscape|[upkeep]
|-heal|p2a: Regice|66/100|[from] ability: Ice Body
|-heal|p2a: Regice|72/100|[from] item: Leftovers
|upkeep
|turn|12
|
|t:|1758299812
|move|p1a: Chandelure|Calm Mind|p1a: Chandelure
|-boost|p1a: Chandelure|spa|1
|-boost|p1a: Chandelure|spd|1
|move|p2a: Regice|Amnesia|p2a: Regice
|-boost|p2a: Regice|spd|2
|
|-weather|Snowscape|[upkeep]
|-heal|p2a: Regice|78/100|[from] ability: Ice Body
|-heal|p2a: Regice|84/100|[from] item: Leftovers
|upkeep
|turn|13
|
|t:|1758299823
|move|p1a: Chandelure|Calm Mind|p1a: Chandelure
|-boost|p1a: Chandelure|spa|1
|-boost|p1a: Chandelure|spd|1
|move|p2a: Regice|Thunderbolt|p1a: Chandelure
|-damage|p1a: Chandelure|60/100
|
|-weather|none
|-heal|p2a: Regice|90/100|[from] item: Leftovers
|upkeep
|turn|14
|
|t:|1758299831
|move|p1a: Chandelure|Calm Mind|p1a: Chandelure
|-boost|p1a: Chandelure|spa|1
|-boost|p1a: Chandelure|spd|1
|move|p2a: Regice|Ice Beam|p1a: Chandelure
|-resisted|p1a: Chandelure
|-damage|p1a: Chandelure|52/100
|
|-heal|p2a: Regice|96/100|[from] item: Leftovers
|upkeep
|turn|15
|
|t:|1758299839
|move|p1a: Chandelure|Calm Mind|p1a: Chandelure
|-boost|p1a: Chandelure|spa|1
|-boost|p1a: Chandelure|spd|1
|move|p2a: Regice|Amnesia|p2a: Regice
|-boost|p2a: Regice|spd|2
|
|-heal|p2a: Regice|100/100|[from] item: Leftovers
|upkeep
|turn|16
|
|t:|1758299846
|move|p1a: Chandelure|Calm Mind|p1a: Chandelure
|-boost|p1a: Chandelure|spa|1
|-boost|p1a: Chandelure|spd|1
|move|p2a: Regice|Amnesia|p2a: Regice
|-boost|p2a: Regice|spd|0
|
|upkeep
|turn|17
|
|t:|1758299852
|move|p1a: Chandelure|Fire Blast|p2a: Regice
|-supereffective|p2a: Regice
|-damage|p2a: Regice|53/100
|move|p2a: Regice|Ice Beam|p1a: Chandelure
|-resisted|p1a: Chandelure
|-damage|p1a: Chandelure|45/100
|
|-heal|p2a: Regice|59/100|[from] item: Leftovers
|upkeep
|turn|18
|
|t:|1758299861
|move|p1a: Chandelure|Fire Blast|p2a: Regice
|-supereffective|p2a: Regice
|-damage|p2a: Regice|11/100
|move|p2a: Regice|Ice Beam|p1a: Chandelure
|-resisted|p1a: Chandelure
|-damage|p1a: Chandelure|38/100
|
|-heal|p2a: Regice|17/100|[from] item: Leftovers
|upkeep
|turn|19
|
|t:|1758299874
|move|p1a: Chandelure|Fire Blast|p2a: Regice
|-supereffective|p2a: Regice
|-damage|p2a: Regice|0 fnt
|faint|p2a: Regice
|
|upkeep
|
|t:|1758299881
|switch|p2a: Regidrago|Regidrago, shiny|100/100
|-damage|p2a: Regidrago|88/100|[from] Stealth Rock
|turn|20
|
|t:|1758299894
|move|p2a: Regidrago|Dragon Energy|p1a: Chandelure
|-damage|p1a: Chandelure|2/100
|move|p1a: Chandelure|Fire Blast|p2a: Regidrago
|-resisted|p2a: Regidrago
|-damage|p2a: Regidrago|0 fnt
|faint|p2a: Regidrago
|
|upkeep
|
|t:|1758299899
|switch|p2a: Registeel|Registeel|100/100
|-damage|p2a: Registeel|95/100|[from] Stealth Rock
|turn|21
|
|t:|1758299904
|move|p1a: Chandelure|Fire Blast|p2a: Registeel
|-supereffective|p2a: Registeel
|-damage|p2a: Registeel|0 fnt
|faint|p2a: Registeel
|
|upkeep
|
|t:|1758299907
|switch|p2a: Regigigas|Regigigas|100/100
|-start|p2a: Regigigas|ability: Slow Start
|turn|22
|
|t:|1758299912
|move|p2a: Regigigas|Protect|p2a: Regigigas
|-singleturn|p2a: Regigigas|Protect
|move|p1a: Chandelure|Fire Blast|p2a: Regigigas
|-activate|p2a: Regigigas|move: Protect
|
|upkeep
|turn|23
|
|t:|1758299922
|move|p2a: Regigigas|Protect|p2a: Regigigas
|-singleturn|p2a: Regigigas|Protect
|move|p1a: Chandelure|Fire Blast|p2a: Regigigas
|-activate|p2a: Regigigas|move: Protect
|
|upkeep
|turn|24
|
|t:|1758299938
|switch|p1a: Abomasnow|Abomasnow, F|100/100
|-weather|Snowscape|[from] ability: Snow Warning|[of] p1a: Abomasnow
|move|p2a: Regigigas|Protect||[still]
|-fail|p2a: Regigigas
|
|-weather|Snowscape|[upkeep]
|upkeep
|turn|25
|
|t:|1758299945
|move|p1a: Abomasnow|Grass Knot|p2a: Regigigas
|-damage|p2a: Regigigas|63/100
|move|p2a: Regigigas|Substitute|p2a: Regigigas
|-start|p2a: Regigigas|Substitute
|-damage|p2a: Regigigas|38/100
|
|-weather|Snowscape|[upkeep]
|upkeep
|turn|26
|
|t:|1758299953
|move|p1a: Abomasnow|Protect|p1a: Abomasnow
|-singleturn|p1a: Abomasnow|Protect
|move|p2a: Regigigas|Drain Punch|p1a: Abomasnow
|-activate|p1a: Abomasnow|move: Protect
|
|-weather|Snowscape|[upkeep]
|-end|p2a: Regigigas|Slow Start
|upkeep
|turn|27
|
|t:|1758299963
|move|p2a: Regigigas|Drain Punch|p1a: Abomasnow
|-supereffective|p1a: Abomasnow
|-damage|p1a: Abomasnow|47/100
|-heal|p2a: Regigigas|62/100|[from] drain|[of] p1a: Abomasnow
|move|p1a: Abomasnow|Giga Drain|p2a: Regigigas
|-end|p2a: Regigigas|Substitute
|-heal|p1a: Abomasnow|61/100|[from] drain|[of] p2a: Regigigas
|
|-weather|Snowscape|[upkeep]
|upkeep
|turn|28
|
|t:|1758299976
|move|p1a: Abomasnow|Protect|p1a: Abomasnow
|-singleturn|p1a: Abomasnow|Protect
|move|p2a: Regigigas|Crush Grip|p1a: Abomasnow
|-activate|p1a: Abomasnow|move: Protect
|
|-weather|none
|upkeep
|turn|29
|
|t:|1758299982
|move|p2a: Regigigas|Drain Punch|p1a: Abomasnow
|-supereffective|p1a: Abomasnow
|-damage|p1a: Abomasnow|0 fnt
|-heal|p2a: Regigigas|89/100|[from] drain|[of] p1a: Abomasnow
|faint|p1a: Abomasnow
|
|upkeep
|
|t:|1758299991
|switch|p1a: Corviknight|Corviknight, F|100/100
|turn|30
|
|t:|1758299998
|-terastallize|p1a: Corviknight|Flying
|move|p2a: Regigigas|Crush Grip|p1a: Corviknight
|-damage|p1a: Corviknight|41/100
|move|p1a: Corviknight|Brave Bird|p2a: Regigigas
|-damage|p2a: Regigigas|37/100
|-damage|p1a: Corviknight|22/100|[from] Recoil
|
|upkeep
|turn|31
|
|t:|1758300010
|move|p2a: Regigigas|Protect|p2a: Regigigas
|-singleturn|p2a: Regigigas|Protect
|move|p1a: Corviknight|Body Slam|p2a: Regigigas
|-activate|p2a: Regigigas|move: Protect
|
|upkeep
|turn|32
|
|t:|1758300018
|move|p2a: Regigigas|Drain Punch|p1a: Corviknight
|-resisted|p1a: Corviknight
|-damage|p1a: Corviknight|8/100
|-heal|p2a: Regigigas|44/100|[from] drain|[of] p1a: Corviknight
|move|p1a: Corviknight|Iron Head|p2a: Regigigas
|-damage|p2a: Regigigas|20/100
|
|upkeep
|turn|33
|
|t:|1758300026
|move|p2a: Regigigas|Protect|p2a: Regigigas
|-singleturn|p2a: Regigigas|Protect
|move|p1a: Corviknight|Drill Peck|p2a: Regigigas
|-activate|p2a: Regigigas|move: Protect
|
|upkeep
|turn|34
|
|t:|1758300034
|move|p2a: Regigigas|Crush Grip|p1a: Corviknight
|-damage|p1a: Corviknight|3/100
|move|p1a: Corviknight|Drill Peck|p2a: Regigigas
|-damage|p2a: Regigigas|0 fnt
|faint|p2a: Regigigas
|
|win|errmmm
|raw|errmmm's rating: 1000 &rarr; <strong>1040</strong><br />(+40 for winning)
|raw|regifq's rating: 1000 &rarr; <strong>1000</strong><br />(+0 for losing)
