|j|☆ccncn123
|j|☆krookodile fangirl
|t:|1758264324
|gametype|singles
|player|p1|ccncn123|swimmerf-gen4|1181
|player|p2|krookodile fangirl|roughneck|1224
|gen|9
|tier|[Gen 9] OU
|rated|
|rule|HP Percentage Mod: HP is shown in percentages
|rule|Endless Battle Clause: Forcing endless battles is banned
|rule|Species Clause: Limit one of each Pokémon
|rule|OHKO Clause: OHKO moves are banned
|rule|Evasion Items Clause: Evasion items are banned
|rule|Evasion Moves Clause: Evasion moves are banned
|rule|Evasion Abilities Clause: Evasion abilities are banned
|rule|Sleep Moves Clause: Sleep-inducing moves are banned
|clearpoke
|poke|p1|Gholdengo|
|poke|p1|Dragapult, F|
|poke|p1|Alomomola, F|
|poke|p1|Ogerpon-Wellspring, F|
|poke|p1|Iron Treads|
|poke|p1|Pecharunt|
|poke|p2|Krookodile, M|
|poke|p2|Ogerpon-Wellspring, F|
|poke|p2|Pecharunt|
|poke|p2|Cyclizar, M|
|poke|p2|Iron Valiant|
|poke|p2|Skarmory, M|
|teampreview
|inactive|Battle timer is ON: inactive players will automatically lose when time's up. (requested by ccncn123)
|
|t:|1758264331
|teamsize|p1|6
|teamsize|p2|6
|start
|switch|p1a: Iron Treads|Iron Treads|100/100
|switch|p2a: Baconator|Krookodile, M, shiny|100/100
|-enditem|p1a: Iron Treads|Booster Energy
|-activate|p1a: Iron Treads|ability: Quark Drive|[fromitem]
|-start|p1a: Iron Treads|quarkdrivespe
|turn|1
|
|t:|1758264340
|move|p1a: Iron Treads|Stealth Rock|p2a: Baconator
|-sidestart|p2: krookodile fangirl|move: Stealth Rock
|move|p2a: Baconator|Earthquake|p1a: Iron Treads
|-supereffective|p1a: Iron Treads
|-damage|p1a: Iron Treads|20/100
|
|upkeep
|turn|2
|
|t:|1758264348
|-end|p1a: Iron Treads|Quark Drive|[silent]
|switch|p1a: Ogerpon|Ogerpon-Wellspring, F|100/100
|move|p2a: Baconator|Earthquake|p1a: Ogerpon
|-resisted|p1a: Ogerpon
|-damage|p1a: Ogerpon|73/100
|
|upkeep
|turn|3
|
|t:|1758264354
|switch|p2a: Pizza Delivery Guy|Cyclizar, M|100/100
|move|p1a: Ogerpon|Ivy Cudgel|p2a: Pizza Delivery Guy|[anim] Ivy Cudgel Water
|-resisted|p2a: Pizza Delivery Guy
|-damage|p2a: Pizza Delivery Guy|59/100
|
|upkeep
|turn|4
|
|t:|1758264364
|switch|p1a: Alomomola|Alomomola, F|100/100
|move|p2a: Pizza Delivery Guy|Rapid Spin|p1a: Alomomola
|-damage|p1a: Alomomola|89/100
|-boost|p2a: Pizza Delivery Guy|spe|1
|-damage|p2a: Pizza Delivery Guy|43/100|[from] item: Rocky Helmet|[of] p1a: Alomomola
|-sideend|p2: krookodile fangirl|Stealth Rock|[from] move: Rapid Spin|[of] p2a: Pizza Delivery Guy
|
|upkeep
|turn|5
|
|t:|1758264370
|move|p2a: Pizza Delivery Guy|U-turn|p1a: Alomomola
|-crit|p1a: Alomomola
|-damage|p1a: Alomomola|74/100
|-damage|p2a: Pizza Delivery Guy|26/100|[from] item: Rocky Helmet|[of] p1a: Alomomola
|
|t:|1758264373
|switch|p2a: T-800|Iron Valiant|100/100|[from] U-turn
|-enditem|p2a: T-800|Booster Energy
|-activate|p2a: T-800|ability: Quark Drive|[fromitem]
|-start|p2a: T-800|quarkdrivespe
|move|p1a: Alomomola|Play Rough|p2a: T-800
|-supereffective|p2a: T-800
|-damage|p2a: T-800|55/100
|
|upkeep
|turn|6
|
|t:|1758264383
|move|p1a: Alomomola|Protect|p1a: Alomomola
|-singleturn|p1a: Alomomola|Protect
|move|p2a: T-800|Thunderbolt|p1a: Alomomola
|-activate|p1a: Alomomola|move: Protect
|
|upkeep
|turn|7
|
|t:|1758264391
|switch|p1a: Iron Treads|Iron Treads|20/100
|move|p2a: T-800|Calm Mind|p2a: T-800
|-boost|p2a: T-800|spa|1
|-boost|p2a: T-800|spd|1
|
|upkeep
|turn|8
|
|t:|1758264398
|-end|p1a: Iron Treads|Quark Drive|[silent]
|switch|p1a: Alomomola|Alomomola, F|100/100
|move|p2a: T-800|Moonblast|p1a: Alomomola
|-damage|p1a: Alomomola|45/100
|
|upkeep
|turn|9
|
|t:|1758264404
|-terastallize|p1a: Alomomola|Fairy
|move|p2a: T-800|Thunderbolt|p1a: Alomomola
|-damage|p1a: Alomomola|9/100
|move|p1a: Alomomola|Play Rough|p2a: T-800
|-supereffective|p2a: T-800
|-damage|p2a: T-800|0 fnt
|faint|p2a: T-800
|-end|p2a: T-800|Quark Drive|[silent]
|
|upkeep
|
|t:|1758264409
|switch|p2a: Baconator|Krookodile, M, shiny|100/100
|turn|10
|
|t:|1758264415
|switch|p1a: Ogerpon|Ogerpon-Wellspring, F|73/100
|move|p2a: Baconator|Knock Off|p1a: Ogerpon
|-damage|p1a: Ogerpon|35/100
|
|upkeep
|turn|11
|
|t:|1758264424
|move|p2a: Baconator|Knock Off|p1a: Ogerpon
|-damage|p1a: Ogerpon|0 fnt
|faint|p1a: Ogerpon
|-ability|p2a: Baconator|Moxie|boost
|-boost|p2a: Baconator|atk|1
|
|upkeep
|
|t:|1758264435
|switch|p1a: Alomomola|Alomomola, F, tera:Fairy|42/100
|turn|12
|
|t:|1758264441
|switch|p2a: Geek Bar|Pecharunt|100/100
|move|p1a: Alomomola|Protect||[still]
|-fail|p1a: Alomomola
|
|upkeep
|turn|13
|
|t:|1758264448
|switch|p1a: Iron Treads|Iron Treads|20/100
|move|p2a: Geek Bar|Hex|p1a: Iron Treads
|-damage|p1a: Iron Treads|0 fnt
|faint|p1a: Iron Treads
|-end|p1a: Iron Treads|Quark Drive|[silent]
|
|upkeep
|
|t:|1758264457
|switch|p1a: Gholdengo|Gholdengo|100/100
|-item|p1a: Gholdengo|Air Balloon
|turn|14
|
|t:|1758264461
|move|p2a: Geek Bar|Hex|p1a: Gholdengo
|-supereffective|p1a: Gholdengo
|-damage|p1a: Gholdengo|56/100
|-enditem|p1a: Gholdengo|Air Balloon
|move|p1a: Gholdengo|Thunder Wave|p2a: Geek Bar
|-status|p2a: Geek Bar|par
|
|upkeep
|turn|15
|
|t:|1758264468
|move|p1a: Gholdengo|Recover|p1a: Gholdengo
|-heal|p1a: Gholdengo|100/100
|move|p2a: Geek Bar|Hex|p1a: Gholdengo
|-supereffective|p1a: Gholdengo
|-damage|p1a: Gholdengo|54/100
|
|upkeep
|turn|16
|
|t:|1758264474
|move|p1a: Gholdengo|Hex|p2a: Geek Bar
|-supereffective|p2a: Geek Bar
|-damage|p2a: Geek Bar|0 fnt
|faint|p2a: Geek Bar
|
|upkeep
|
|t:|1758264477
|switch|p2a: Baconator|Krookodile, M, shiny|100/100
|turn|17
|
|t:|1758264501
|switch|p1a: Alomomola|Alomomola, F, tera:Fairy|75/100
|move|p2a: Baconator|Earthquake|p1a: Alomomola
|-damage|p1a: Alomomola|42/100
|
|upkeep
|turn|18
|
|t:|1758264513
|switch|p2a: Majora|Ogerpon-Wellspring, F|100/100
|move|p1a: Alomomola|Wish|p1a: Alomomola
|
|upkeep
|turn|19
|
|t:|1758264518
|switch|p1a: Pecharunt|Pecharunt|100/100
|-terastallize|p2a: Majora|Water
|detailschange|p2a: Majora|Ogerpon-Wellspring-Tera, F, tera:Water
|-ability|p2a: Majora|Embody Aspect (Wellspring)|boost
|-boost|p2a: Majora|spd|1
|move|p2a: Majora|Ivy Cudgel|p1a: Pecharunt|[anim] Ivy Cudgel Water
|-damage|p1a: Pecharunt|54/100
|
|-heal|p1a: Pecharunt|100/100|[from] move: Wish|[wisher] Alomomola
|upkeep
|turn|20
|
|t:|1758264533
|move|p2a: Majora|Swords Dance|p2a: Majora
|-boost|p2a: Majora|atk|2
|move|p1a: Pecharunt|Parting Shot|p2a: Majora
|-unboost|p2a: Majora|atk|1
|-unboost|p2a: Majora|spa|1
|
|t:|1758264542
|switch|p1a: Dragapult|Dragapult, F|100/100|[from] Parting Shot
|
|upkeep
|turn|21
|
|t:|1758264544
|move|p1a: Dragapult|Will-O-Wisp|p2a: Majora
|-status|p2a: Majora|brn
|move|p2a: Majora|Ivy Cudgel|p1a: Dragapult|[anim] Ivy Cudgel Water
|-resisted|p1a: Dragapult
|-damage|p1a: Dragapult|55/100
|
|-damage|p2a: Majora|94/100 brn|[from] brn
|upkeep
|turn|22
|
|t:|1758264551
|move|p1a: Dragapult|Hex|p2a: Majora
|-damage|p2a: Majora|52/100 brn
|move|p2a: Majora|U-turn|p1a: Dragapult
|-resisted|p1a: Dragapult
|-damage|p1a: Dragapult|41/100
|
|t:|1758264553
|switch|p2a: Baconator|Krookodile, M, shiny|100/100|[from] U-turn
|
|upkeep
|turn|23
|
|t:|1758264561
|move|p2a: Baconator|Knock Off|p1a: Dragapult
|-supereffective|p1a: Dragapult
|-damage|p1a: Dragapult|0 fnt
|-enditem|p1a: Dragapult|Heavy-Duty Boots|[from] move: Knock Off|[of] p2a: Baconator
|faint|p1a: Dragapult
|-ability|p2a: Baconator|Moxie|boost
|-boost|p2a: Baconator|atk|1
|
|upkeep
|
|t:|1758264564
|switch|p1a: Alomomola|Alomomola, F, tera:Fairy|75/100
|turn|24
|
|t:|1758264570
|switch|p2a: John The Fisherman|Skarmory, M|100/100
|move|p1a: Alomomola|Flip Turn|p2a: John The Fisherman
|-damage|p2a: John The Fisherman|89/100
|-enditem|p2a: John The Fisherman|Red Card|[of] p1a: Alomomola
|drag|p1a: Gholdengo|Gholdengo|54/100
|
|upkeep
|turn|25
|
|t:|1758264577
|move|p1a: Gholdengo|Recover|p1a: Gholdengo
|-heal|p1a: Gholdengo|100/100
|move|p2a: John The Fisherman|Stealth Rock|p1a: Gholdengo
|-sidestart|p1: ccncn123|move: Stealth Rock
|
|upkeep
|turn|26
|
|t:|1758264582
|switch|p2a: Pizza Delivery Guy|Cyclizar, M|59/100
|move|p1a: Gholdengo|Thunder Wave|p2a: Pizza Delivery Guy
|-status|p2a: Pizza Delivery Guy|par
|
|upkeep
|turn|27
|
|t:|1758264592
|switch|p2a: Majora|Ogerpon-Wellspring-Tera, F, tera:Water|52/100 brn
|-ability|p2a: Majora|Embody Aspect (Wellspring)|boost
|-boost|p2a: Majora|spd|1
|move|p1a: Gholdengo|Make It Rain|p2a: Majora
|-resisted|p2a: Majora
|-damage|p2a: Majora|33/100 brn
|-unboost|p1a: Gholdengo|spa|1
|
|-damage|p2a: Majora|27/100 brn|[from] brn
|upkeep
|turn|28
|
|t:|1758264601
|move|p2a: Majora|Ivy Cudgel|p1a: Gholdengo|[anim] Ivy Cudgel Water
|-damage|p1a: Gholdengo|75/100
|move|p1a: Gholdengo|Hex|p2a: Majora
|-damage|p2a: Majora|0 fnt
|faint|p2a: Majora
|detailschange|p2: Majora|Ogerpon-Wellspring, F|[silent]
|
|upkeep
|
|t:|1758264604
|switch|p2a: Baconator|Krookodile, M, shiny|100/100
|turn|29
|
|t:|1758264608
|switch|p1a: Alomomola|Alomomola, F, tera:Fairy|100/100
|-damage|p1a: Alomomola|88/100|[from] Stealth Rock
|move|p2a: Baconator|Earthquake|p1a: Alomomola
|-damage|p1a: Alomomola|52/100
|
|upkeep
|turn|30
|
|t:|1758264618
|switch|p2a: John The Fisherman|Skarmory, M|89/100
|move|p1a: Alomomola|Flip Turn|p2a: John The Fisherman
|-damage|p2a: John The Fisherman|79/100
|
|t:|1758264624
|switch|p1a: Gholdengo|Gholdengo|75/100|[from] Flip Turn
|-damage|p1a: Gholdengo|69/100|[from] Stealth Rock
|
|upkeep
|turn|31
|
|t:|1758264630
|switch|p2a: Pizza Delivery Guy|Cyclizar, M|93/100 par
|move|p1a: Gholdengo|Make It Rain|p2a: Pizza Delivery Guy
|-damage|p2a: Pizza Delivery Guy|9/100 par
|-unboost|p1a: Gholdengo|spa|1
|
|upkeep
|turn|32
|
|t:|1758264642
|move|p1a: Gholdengo|Make It Rain|p2a: Pizza Delivery Guy
|-damage|p2a: Pizza Delivery Guy|0 fnt
|-unboost|p1a: Gholdengo|spa|1
|faint|p2a: Pizza Delivery Guy
|
|upkeep
|
|t:|1758264646
|switch|p2a: John The Fisherman|Skarmory, M|79/100
|turn|33
|
|t:|1758264650
|move|p1a: Gholdengo|Thunder Wave|p2a: John The Fisherman
|-status|p2a: John The Fisherman|par
|cant|p2a: John The Fisherman|par
|
|upkeep
|turn|34
|
|t:|1758264656
|switch|p1a: Alomomola|Alomomola, F, tera:Fairy|85/100
|-damage|p1a: Alomomola|73/100|[from] Stealth Rock
|move|p2a: John The Fisherman|Spikes|p1a: Alomomola
|-sidestart|p1: ccncn123|Spikes
|
|upkeep
|turn|35
|
|t:|1758264663
|move|p1a: Alomomola|Flip Turn|p2a: John The Fisherman
|-damage|p2a: John The Fisherman|69/100 par
|
|t:|1758264667
|switch|p1a: Pecharunt|Pecharunt|100/100|[from] Flip Turn
|move|p2a: John The Fisherman|Spikes|p1a: Pecharunt
|-sidestart|p1: ccncn123|Spikes
|
|upkeep
|turn|36
|
|t:|1758264671
|move|p1a: Pecharunt|Hex|p2a: John The Fisherman
|-damage|p2a: John The Fisherman|12/100 par
|cant|p2a: John The Fisherman|par
|
|upkeep
|turn|37
|
|t:|1758264675
|move|p1a: Pecharunt|Hex|p2a: John The Fisherman
|-damage|p2a: John The Fisherman|0 fnt
|faint|p2a: John The Fisherman
|
|upkeep
|
|t:|1758264677
|switch|p2a: Baconator|Krookodile, M, shiny|100/100
|turn|38
|
|t:|1758264680
|switch|p1a: Alomomola|Alomomola, F, tera:Fairy|100/100
|-damage|p1a: Alomomola|88/100|[from] Stealth Rock
|-damage|p1a: Alomomola|72/100|[from] Spikes
|move|p2a: Baconator|Earthquake|p1a: Alomomola
|-damage|p1a: Alomomola|38/100
|
|upkeep
|turn|39
|
|t:|1758264689
|move|p2a: Baconator|Earthquake|p1a: Alomomola
|-damage|p1a: Alomomola|6/100
|move|p1a: Alomomola|Play Rough|p2a: Baconator
|-supereffective|p2a: Baconator
|-damage|p2a: Baconator|44/100
|
|upkeep
|turn|40
|
|t:|1758264696
|move|p1a: Alomomola|Protect|p1a: Alomomola
|-singleturn|p1a: Alomomola|Protect
|move|p2a: Baconator|Earthquake|p1a: Alomomola
|-activate|p1a: Alomomola|move: Protect
|
|upkeep
|turn|41
|
|t:|1758264707
|move|p2a: Baconator|Earthquake|p1a: Alomomola
|-damage|p1a: Alomomola|0 fnt
|faint|p1a: Alomomola
|-ability|p2a: Baconator|Moxie|boost
|-boost|p2a: Baconator|atk|1
|
|upkeep
|
|t:|1758264712
|switch|p1a: Pecharunt|Pecharunt|100/100
|turn|42
|
|t:|1758264716
|move|p2a: Baconator|Earthquake|p1a: Pecharunt
|-supereffective|p1a: Pecharunt
|-damage|p1a: Pecharunt|15/100
|move|p1a: Pecharunt|Parting Shot|p2a: Baconator
|-unboost|p2a: Baconator|atk|1
|-unboost|p2a: Baconator|spa|1
|
|t:|1758264719
|switch|p1a: Gholdengo|Gholdengo|69/100|[from] Parting Shot
|-damage|p1a: Gholdengo|63/100|[from] Stealth Rock
|-damage|p1a: Gholdengo|46/100|[from] Spikes
|
|upkeep
|turn|43
|
|t:|1758264723
|move|p2a: Baconator|Earthquake|p1a: Gholdengo
|-supereffective|p1a: Gholdengo
|-damage|p1a: Gholdengo|0 fnt
|faint|p1a: Gholdengo
|-ability|p2a: Baconator|Moxie|boost
|-boost|p2a: Baconator|atk|1
|
|upkeep
|-message|ccncn123 forfeited.
|
|win|krookodile fangirl
|raw|ccncn123's rating: 1181 &rarr; <strong>1159</strong><br />(-22 for losing)
|raw|krookodile fangirl's rating: 1224 &rarr; <strong>1246</strong><br />(+22 for winning)
|l|☆ccncn123
|player|p1|
|l|☆krookodile fangirl
|player|p2|
