|j|‽SkyN64
|j|☆pikachuplanet
|t:|1758349447
|gametype|singles
|player|p1|SkyN64|roxie|1200
|player|p2|pikachuplanet|pokekid|1234
|gen|9
|tier|[Gen 9] OU
|rated|
|rule|HP Percentage Mod: HP is shown in percentages
|rule|Endless Battle Clause: Forcing endless battles is banned
|rule|Species Clause: Limit one of each Pokémon
|rule|OHKO Clause: OHKO moves are banned
|rule|Evasion Items Clause: Evasion items are banned
|rule|Evasion Moves Clause: Evasion moves are banned
|rule|Evasion Abilities Clause: Evasion abilities are banned
|rule|Sleep Moves Clause: Sleep-inducing moves are banned
|clearpoke
|poke|p1|Salamence, F|
|poke|p1|Mienshao, M|
|poke|p1|Darkrai|
|poke|p1|Hatterene, F|
|poke|p1|Corviknight, M|
|poke|p1|Primarina, F|
|poke|p2|Ogerpon-Wellspring, F|
|poke|p2|Cloyster, M|
|poke|p2|Ninetales-Alola, M|
|poke|p2|Iron Treads|
|poke|p2|Dragonite, M|
|poke|p2|Lucario, M|
|teampreview
|inactive|Battle timer is ON: inactive players will automatically lose when time's up. (requested by SkyN64)
|
|t:|1758349454
|teamsize|p1|6
|teamsize|p2|6
|start
|switch|p1a: Mienshao|Mienshao, M|100/100
|switch|p2a: Ninetales|Ninetales-Alola, M|100/100
|-weather|Snowscape|[from] ability: Snow Warning|[of] p2a: Ninetales
|turn|1
|
|t:|1758349463
|move|p1a: Mienshao|Fake Out|p2a: Ninetales
|-damage|p2a: Ninetales|83/100
|-damage|p1a: Mienshao|91/100|[from] item: Life Orb
|cant|p2a: Ninetales|flinch
|
|-weather|Snowscape|[upkeep]
|upkeep
|turn|2
|
|t:|1758349471
|move|p2a: Ninetales|Aurora Veil|p2a: Ninetales
|-sidestart|p2: pikachuplanet|move: Aurora Veil
|move|p1a: Mienshao|Poison Jab|p2a: Ninetales
|-supereffective|p2a: Ninetales
|-crit|p2a: Ninetales
|-damage|p2a: Ninetales|0 fnt
|faint|p2a: Ninetales
|-damage|p1a: Mienshao|81/100|[from] item: Life Orb
|
|-weather|Snowscape|[upkeep]
|upkeep
|
|t:|1758349480
|switch|p2a: Cloyster|Cloyster, M|100/100
|turn|3
|
|t:|1758349483
|move|p1a: Mienshao|Knock Off|p2a: Cloyster
|-damage|p2a: Cloyster|89/100
|-enditem|p2a: Cloyster|Never-Melt Ice|[from] move: Knock Off|[of] p1a: Mienshao
|-damage|p1a: Mienshao|71/100|[from] item: Life Orb
|move|p2a: Cloyster|Shell Smash|p2a: Cloyster
|-unboost|p2a: Cloyster|def|1
|-unboost|p2a: Cloyster|spd|1
|-boost|p2a: Cloyster|atk|2
|-boost|p2a: Cloyster|spa|2
|-boost|p2a: Cloyster|spe|2
|
|-weather|Snowscape|[upkeep]
|upkeep
|turn|4
|
|t:|1758349501
|move|p2a: Cloyster|Shell Smash|p2a: Cloyster
|-unboost|p2a: Cloyster|def|1
|-unboost|p2a: Cloyster|spd|1
|-boost|p2a: Cloyster|atk|2
|-boost|p2a: Cloyster|spa|2
|-boost|p2a: Cloyster|spe|2
|move|p1a: Mienshao|High Jump Kick|p2a: Cloyster
|-supereffective|p2a: Cloyster
|-damage|p2a: Cloyster|0 fnt
|faint|p2a: Cloyster
|-damage|p1a: Mienshao|61/100|[from] item: Life Orb
|
|-weather|Snowscape|[upkeep]
|upkeep
|
|t:|1758349504
|switch|p2a: Lucario|Lucario, M|100/100
|turn|5
|
|t:|1758349516
|move|p1a: Mienshao|High Jump Kick|p2a: Lucario
|-supereffective|p2a: Lucario
|-crit|p2a: Lucario
|-damage|p2a: Lucario|0 fnt
|faint|p2a: Lucario
|-damage|p1a: Mienshao|51/100|[from] item: Life Orb
|
|-weather|none
|upkeep
|-message|pikachuplanet forfeited.
|
|win|SkyN64
|raw|SkyN64's rating: 1200 &rarr; <strong>1227</strong><br />(+27 for winning)
|raw|pikachuplanet's rating: 1234 &rarr; <strong>1207</strong><br />(-27 for losing)
|l|☆pikachuplanet
|player|p2|
|l|‽SkyN64
|player|p1|
