|j|☆gang696969
|j|☆electricityy
|t:|1758254496
|gametype|singles
|player|p1|gang696969|265|1191
|player|p2|electricityy|twins-gen4dp|1204
|gen|9
|tier|[Gen 9] OU
|rated|
|rule|HP Percentage Mod: HP is shown in percentages
|rule|Endless Battle Clause: Forcing endless battles is banned
|rule|Species Clause: Limit one of each Pokémon
|rule|OHKO Clause: OHKO moves are banned
|rule|Evasion Items Clause: Evasion items are banned
|rule|Evasion Moves Clause: Evasion moves are banned
|rule|Evasion Abilities Clause: Evasion abilities are banned
|rule|Sleep Moves Clause: Sleep-inducing moves are banned
|clearpoke
|poke|p1|Great Tusk|
|poke|p1|Zapdos|
|poke|p1|Moltres|
|poke|p1|Dondozo, M|
|poke|p1|Dragonite, M|
|poke|p1|Kingambit, F|
|poke|p2|Ditto|
|poke|p2|Glimmora, M|
|poke|p2|Scizor, M|
|poke|p2|Kingambit, F|
|poke|p2|Garganacl, F|
|poke|p2|Zapdos|
|teampreview
|
|t:|1758254510
|teamsize|p1|6
|teamsize|p2|6
|start
|switch|p1a: Great Tusk|Great Tusk|100/100
|switch|p2a: poison|Glimmora, M, shiny|100/100
|turn|1
|
|t:|1758254533
|move|p2a: poison|Stealth Rock|p1a: Great Tusk
|-sidestart|p1: gang696969|move: Stealth Rock
|move|p1a: Great Tusk|Rapid Spin|p2a: poison
|-resisted|p2a: poison
|-crit|p2a: poison
|-damage|p2a: poison|83/100
|-boost|p1a: Great Tusk|spe|1
|-activate|p2a: poison|ability: Toxic Debris
|-sidestart|p1: gang696969|move: Toxic Spikes
|-sideend|p1: gang696969|Toxic Spikes|[from] move: Rapid Spin|[of] p1a: Great Tusk
|-sideend|p1: gang696969|Stealth Rock|[from] move: Rapid Spin|[of] p1a: Great Tusk
|-enditem|p2a: poison|Red Card|[of] p1a: Great Tusk
|-end|p1a: Great Tusk|Protosynthesis|[silent]
|drag|p1a: Dondozo|Dondozo, M|100/100
|
|upkeep
|turn|2
|
|t:|1758254562
|move|p2a: poison|Stealth Rock|p1a: Dondozo
|-sidestart|p1: gang696969|move: Stealth Rock
|move|p1a: Dondozo|Liquidation|p2a: poison
|-supereffective|p2a: poison
|-damage|p2a: poison|0 fnt
|-activate|p2a: poison|ability: Toxic Debris
|-sidestart|p1: gang696969|move: Toxic Spikes
|faint|p2a: poison
|
|upkeep
|
|t:|1758254605
|switch|p2a: Zapdos|Zapdos, shiny|100/100
|turn|3
|
|t:|1758254627
|move|p2a: Zapdos|Thunder|p1a: Dondozo|[miss]
|-miss|p2a: Zapdos|p1a: Dondozo
|move|p1a: Dondozo|Liquidation|p2a: Zapdos
|-damage|p2a: Zapdos|66/100
|-damage|p1a: Dondozo|84/100|[from] item: Rocky Helmet|[of] p2a: Zapdos
|
|upkeep
|turn|4
|
|t:|1758254664
|move|p2a: Zapdos|Thunder|p1a: Dondozo
|-supereffective|p1a: Dondozo
|-damage|p1a: Dondozo|15/100
|move|p1a: Dondozo|Liquidation|p2a: Zapdos
|-damage|p2a: Zapdos|31/100
|-unboost|p2a: Zapdos|def|1
|-damage|p1a: Dondozo|0 fnt|[from] item: Rocky Helmet|[of] p2a: Zapdos
|faint|p1a: Dondozo
|
|upkeep
|
|t:|1758254675
|switch|p1a: Great Tusk|Great Tusk|100/100
|-damage|p1a: Great Tusk|98/100|[from] Stealth Rock
|-status|p1a: Great Tusk|psn
|turn|5
|
|t:|1758254693
|move|p2a: Zapdos|Roost|p2a: Zapdos
|-heal|p2a: Zapdos|81/100
|-singleturn|p2a: Zapdos|move: Roost
|move|p1a: Great Tusk|Rapid Spin|p2a: Zapdos
|-damage|p2a: Zapdos|50/100
|-boost|p1a: Great Tusk|spe|1
|-damage|p1a: Great Tusk|81/100 psn|[from] item: Rocky Helmet|[of] p2a: Zapdos
|-sideend|p1: gang696969|Toxic Spikes|[from] move: Rapid Spin|[of] p1a: Great Tusk
|-sideend|p1: gang696969|Stealth Rock|[from] move: Rapid Spin|[of] p1a: Great Tusk
|
|-damage|p1a: Great Tusk|68/100 psn|[from] psn
|upkeep
|turn|6
|
|t:|1758254705
|move|p1a: Great Tusk|Ice Spinner|p2a: Zapdos
|-supereffective|p2a: Zapdos
|-damage|p2a: Zapdos|0 fnt
|-damage|p1a: Great Tusk|52/100 psn|[from] item: Rocky Helmet|[of] p2a: Zapdos
|faint|p2a: Zapdos
|
|-damage|p1a: Great Tusk|39/100 psn|[from] psn
|upkeep
|
|t:|1758254719
|switch|p2a: Ditto|Ditto, shiny|100/100
|-transform|p2a: Ditto|p1a: Great Tusk|[from] ability: Imposter
|turn|7
|
|t:|1758254737
|move|p1a: Great Tusk|Headlong Rush|p2a: Ditto
|-damage|p2a: Ditto|41/100
|-unboost|p1a: Great Tusk|def|1
|-unboost|p1a: Great Tusk|spd|1
|move|p2a: Ditto|Close Combat|p1a: Great Tusk
|-damage|p1a: Great Tusk|0 fnt
|-unboost|p2a: Ditto|def|1
|-unboost|p2a: Ditto|spd|1
|faint|p1a: Great Tusk
|-end|p1a: Great Tusk|Protosynthesis|[silent]
|
|upkeep
|
|t:|1758254756
|switch|p1a: Dragonite|Dragonite, M|100/100
|turn|8
|
|t:|1758254777
|move|p2a: Ditto|Ice Spinner|p1a: Dragonite
|-supereffective|p1a: Dragonite
|-damage|p1a: Dragonite|42/100
|move|p1a: Dragonite|Earthquake|p2a: Ditto
|-damage|p2a: Ditto|0 fnt
|faint|p2a: Ditto
|-end|p2a: Ditto|Protosynthesis|[silent]
|
|upkeep
|
|t:|1758254784
|switch|p2a: Scizor|Scizor, M, shiny|100/100
|turn|9
|
|t:|1758254797
|move|p1a: Dragonite|Earthquake|p2a: Scizor
|-damage|p2a: Scizor|60/100
|move|p2a: Scizor|Swords Dance|p2a: Scizor
|-boost|p2a: Scizor|atk|2
|
|upkeep
|turn|10
|
|t:|1758254805
|move|p2a: Scizor|Bullet Punch|p1a: Dragonite
|-damage|p1a: Dragonite|0 fnt
|faint|p1a: Dragonite
|-damage|p2a: Scizor|50/100|[from] item: Life Orb
|
|upkeep
|
|t:|1758254822
|switch|p1a: Moltres|Moltres|100/100
|turn|11
|
|t:|1758254858
|-terastallize|p1a: Moltres|Steel
|move|p2a: Scizor|Bullet Punch|p1a: Moltres
|-resisted|p1a: Moltres
|-damage|p1a: Moltres|56/100
|-status|p2a: Scizor|brn|[from] ability: Flame Body|[of] p1a: Moltres
|-damage|p2a: Scizor|40/100 brn|[from] item: Life Orb
|move|p1a: Moltres|Flame Charge|p2a: Scizor
|-supereffective|p2a: Scizor
|-damage|p2a: Scizor|0 fnt
|-boost|p1a: Moltres|spe|1
|faint|p2a: Scizor
|
|-heal|p1a: Moltres|62/100|[from] item: Leftovers
|upkeep
|
|t:|1758254874
|switch|p2a: rock|Garganacl, F, shiny|100/100
|turn|12
|
|t:|1758254883
|move|p1a: Moltres|Will-O-Wisp|p2a: rock
|-immune|p2a: rock|[from] ability: Purifying Salt
|move|p2a: rock|Salt Cure|p1a: Moltres
|-resisted|p1a: Moltres
|-damage|p1a: Moltres|56/100
|-start|p1a: Moltres|Salt Cure
|
|-heal|p1a: Moltres|62/100|[from] item: Leftovers
|-damage|p1a: Moltres|37/100|[from] Salt Cure
|upkeep
|turn|13
|
|t:|1758254897
|move|p1a: Moltres|Roost|p1a: Moltres
|-heal|p1a: Moltres|87/100
|move|p2a: rock|Iron Defense|p2a: rock
|-boost|p2a: rock|def|2
|
|-heal|p1a: Moltres|94/100|[from] item: Leftovers
|-damage|p1a: Moltres|69/100|[from] Salt Cure
|upkeep
|turn|14
|
|t:|1758254917
|switch|p1a: Zapdos|Zapdos|100/100
|move|p2a: rock|Iron Defense|p2a: rock
|-boost|p2a: rock|def|2
|
|upkeep
|turn|15
|j| zw1321
|
|t:|1758254929
|move|p1a: Zapdos|Thunder|p2a: rock
|-damage|p2a: rock|63/100
|move|p2a: rock|Body Press|p1a: Zapdos
|-resisted|p1a: Zapdos
|-damage|p1a: Zapdos|63/100
|-damage|p2a: rock|47/100|[from] item: Rocky Helmet|[of] p1a: Zapdos
|
|-heal|p2a: rock|53/100|[from] item: Leftovers
|upkeep
|turn|16
|
|t:|1758254949
|move|p1a: Zapdos|Thunder|p2a: rock
|-damage|p2a: rock|13/100
|move|p2a: rock|Salt Cure|p1a: Zapdos
|-supereffective|p1a: Zapdos
|-damage|p1a: Zapdos|34/100
|-start|p1a: Zapdos|Salt Cure
|
|-heal|p2a: rock|19/100|[from] item: Leftovers
|-damage|p1a: Zapdos|22/100|[from] Salt Cure
|upkeep
|turn|17
|
|t:|1758254968
|move|p1a: Zapdos|Roost|p1a: Zapdos
|-heal|p1a: Zapdos|72/100
|-singleturn|p1a: Zapdos|move: Roost
|move|p2a: rock|Recover|p2a: rock
|-heal|p2a: rock|69/100
|
|-heal|p2a: rock|75/100|[from] item: Leftovers
|-damage|p1a: Zapdos|59/100|[from] Salt Cure
|upkeep
|turn|18
|
|t:|1758254994
|move|p1a: Zapdos|Roost|p1a: Zapdos
|-heal|p1a: Zapdos|100/100
|-singleturn|p1a: Zapdos|move: Roost
|move|p2a: rock|Recover|p2a: rock
|-heal|p2a: rock|100/100
|
|-damage|p1a: Zapdos|88/100|[from] Salt Cure
|upkeep
|turn|19
|
|t:|1758255008
|switch|p1a: Kingambit|Kingambit, F|100/100
|-activate|p1a: Kingambit|ability: Supreme Overlord
|-start|p1a: Kingambit|fallen3|[silent]
|move|p2a: rock|Iron Defense|p2a: rock
|-boost|p2a: rock|def|2
|
|upkeep
|turn|20
|
|t:|1758255022
|move|p1a: Kingambit|Kowtow Cleave|p2a: rock
|-damage|p2a: rock|89/100
|move|p2a: rock|Body Press|p1a: Kingambit
|-supereffective|p1a: Kingambit
|-crit|p1a: Kingambit
|-damage|p1a: Kingambit|0 fnt
|faint|p1a: Kingambit
|-end|p1a: Kingambit|fallen3|[silent]
|
|-heal|p2a: rock|95/100|[from] item: Leftovers
|upkeep
|
|t:|1758255034
|switch|p1a: Moltres|Moltres, tera:Steel|69/100
|turn|21
|
|t:|1758255040
|move|p1a: Moltres|Flame Charge|p2a: rock
|-resisted|p2a: rock
|-damage|p2a: rock|94/100
|-boost|p1a: Moltres|spe|1
|move|p2a: rock|Salt Cure|p1a: Moltres
|-resisted|p1a: Moltres
|-damage|p1a: Moltres|62/100
|-start|p1a: Moltres|Salt Cure
|
|-heal|p1a: Moltres|68/100|[from] item: Leftovers
|-heal|p2a: rock|99/100|[from] item: Leftovers
|-damage|p1a: Moltres|43/100|[from] Salt Cure
|upkeep
|turn|22
|
|t:|1758255056
|move|p1a: Moltres|Brave Bird|p2a: rock
|-resisted|p2a: rock
|-damage|p2a: rock|96/100
|-damage|p1a: Moltres|41/100|[from] Recoil
|move|p2a: rock|Body Press|p1a: Moltres
|-supereffective|p1a: Moltres
|-damage|p1a: Moltres|0 fnt
|faint|p1a: Moltres
|
|-heal|p2a: rock|100/100|[from] item: Leftovers
|upkeep
|
|t:|1758255066
|switch|p1a: Zapdos|Zapdos|88/100
|turn|23
|
|t:|1758255072
|move|p1a: Zapdos|Rain Dance|p1a: Zapdos
|-weather|RainDance
|move|p2a: rock|Salt Cure|p1a: Zapdos
|-supereffective|p1a: Zapdos
|-damage|p1a: Zapdos|57/100
|-start|p1a: Zapdos|Salt Cure
|
|-weather|RainDance|[upkeep]
|-damage|p1a: Zapdos|44/100|[from] Salt Cure
|upkeep
|turn|24
|
|t:|1758255081
|move|p1a: Zapdos|Thunder|p2a: rock
|-damage|p2a: rock|63/100
|move|p2a: rock|Salt Cure|p1a: Zapdos
|-supereffective|p1a: Zapdos
|-damage|p1a: Zapdos|18/100
|
|-weather|RainDance|[upkeep]
|-heal|p2a: rock|69/100|[from] item: Leftovers
|-damage|p1a: Zapdos|5/100|[from] Salt Cure
|upkeep
|turn|25
|
|t:|1758255092
|move|p1a: Zapdos|Roost|p1a: Zapdos
|-heal|p1a: Zapdos|55/100
|-singleturn|p1a: Zapdos|move: Roost
|move|p2a: rock|Salt Cure|p1a: Zapdos
|-damage|p1a: Zapdos|41/100
|
|-weather|RainDance|[upkeep]
|-heal|p2a: rock|75/100|[from] item: Leftovers
|-damage|p1a: Zapdos|29/100|[from] Salt Cure
|upkeep
|turn|26
|
|t:|1758255107
|move|p1a: Zapdos|Thunder|p2a: rock
|-damage|p2a: rock|38/100
|move|p2a: rock|Recover|p2a: rock
|-heal|p2a: rock|88/100
|
|-weather|RainDance|[upkeep]
|-heal|p2a: rock|94/100|[from] item: Leftovers
|-damage|p1a: Zapdos|16/100|[from] Salt Cure
|upkeep
|turn|27
|
|t:|1758255116
|move|p1a: Zapdos|Roost|p1a: Zapdos
|-heal|p1a: Zapdos|66/100
|-singleturn|p1a: Zapdos|move: Roost
|move|p2a: rock|Salt Cure|p1a: Zapdos
|-damage|p1a: Zapdos|53/100
|
|-weather|none
|-heal|p2a: rock|100/100|[from] item: Leftovers
|-damage|p1a: Zapdos|40/100|[from] Salt Cure
|upkeep
|turn|28
|
|t:|1758255126
|move|p1a: Zapdos|Roost|p1a: Zapdos
|-heal|p1a: Zapdos|90/100
|-singleturn|p1a: Zapdos|move: Roost
|move|p2a: rock|Salt Cure|p1a: Zapdos
|-crit|p1a: Zapdos
|-damage|p1a: Zapdos|69/100
|
|-damage|p1a: Zapdos|56/100|[from] Salt Cure
|upkeep
|turn|29
|
|t:|1758255136
|move|p1a: Zapdos|Roost|p1a: Zapdos
|-heal|p1a: Zapdos|100/100
|-singleturn|p1a: Zapdos|move: Roost
|move|p2a: rock|Body Press|p1a: Zapdos
|-damage|p1a: Zapdos|9/100
|-damage|p2a: rock|84/100|[from] item: Rocky Helmet|[of] p1a: Zapdos
|
|-heal|p2a: rock|90/100|[from] item: Leftovers
|-damage|p1a: Zapdos|0 fnt|[from] Salt Cure
|faint|p1a: Zapdos
|
|win|electricityy
|raw|gang696969's rating: 1191 &rarr; <strong>1167</strong><br />(-24 for losing)
|raw|electricityy's rating: 1204 &rarr; <strong>1228</strong><br />(+24 for winning)
|l|☆electricityy
|player|p2|
|l|☆gang696969
|player|p1|
