|j|☆etude_suzuki
|j|☆TigerGhosty
|t:|1758275009
|gametype|singles
|player|p1|etude_suzuki|265|1158
|player|p2|TigerGhosty|cheryl|1086
|gen|9
|tier|[Gen 9] OU
|rated|
|rule|HP Percentage Mod: HP is shown in percentages
|rule|Endless Battle Clause: Forcing endless battles is banned
|rule|Species Clause: Limit one of each Pokémon
|rule|OHKO Clause: OHKO moves are banned
|rule|Evasion Items Clause: Evasion items are banned
|rule|Evasion Moves Clause: Evasion moves are banned
|rule|Evasion Abilities Clause: Evasion abilities are banned
|rule|Sleep Moves Clause: Sleep-inducing moves are banned
|clearpoke
|poke|p1|Pikachu, M|
|poke|p1|Lucario, M|
|poke|p1|Zoroark, F|
|poke|p1|Gardevoir, F|
|poke|p1|Lapras, F|
|poke|p1|Charizard, M|
|poke|p2|Porygon2|
|poke|p2|Garganacl, M|
|poke|p2|Kingambit, M|
|poke|p2|Slowking-Galar, M|
|poke|p2|Dusclops, F|
|poke|p2|Weezing-Galar, M|
|teampreview
|inactive|Battle timer is ON: inactive players will automatically lose when time's up. (requested by etude_suzuki)
|l|☆TigerGhosty
|inactive|TigerGhosty disconnected and has a minute to reconnect!
|player|p2|
|j|☆TigerGhosty
|inactive|TigerGhosty reconnected and has 140 seconds left.
|player|p2|TigerGhosty|cheryl|
|
|t:|1758275035
|teamsize|p1|6
|teamsize|p2|6
|start
|switch|p1a: Lucario|Lucario, M|100/100
|switch|p2a: Dusclops|Dusclops, F|100/100
|-item|p1a: Lucario|Choice Scarf|[from] ability: Frisk|[of] p2a: Dusclops
|turn|1
|
|t:|1758275048
|switch|p1a: Lapras|Lapras, F|100/100
|move|p2a: Dusclops|Trick Room|p2a: Dusclops
|-fieldstart|move: Trick Room|[of] p2a: Dusclops
|
|upkeep
|turn|2
|
|t:|1758275076
|switch|p2a: Porygon2|Porygon2|100/100
|-ability|p2a: Porygon2|Download|boost
|-boost|p2a: Porygon2|atk|1
|move|p1a: Lapras|Surf|p2a: Porygon2
|-damage|p2a: Porygon2|77/100
|
|upkeep
|turn|3
|
|t:|1758275088
|switch|p1a: Pikachu|Pikachu, M|100/100
|move|p2a: Porygon2|Tera Blast|p1a: Pikachu
|-damage|p1a: Pikachu|0 fnt
|faint|p1a: Pikachu
|
|upkeep
|
|t:|1758275095
|switch|p1a: Gardevoir|Gardevoir, F|100/100
|-ability|p1a: Gardevoir|Download|Trace|[from] ability: Trace|[of] p2a: Porygon2
|-ability|p1a: Gardevoir|Download|boost
|-boost|p1a: Gardevoir|atk|1
|turn|4
|inactive|TigerGhosty has 120 seconds left.
|
|t:|1758275117
|switch|p2a: Slowking|Slowking-Galar, M|100/100
|move|p1a: Gardevoir|Protect||[still]
|-fail|p1a: Gardevoir
|
|upkeep
|turn|5
|
|t:|1758275123
|switch|p1a: Lucario|Lucario, M|100/100
|move|p2a: Slowking|Sludge Bomb|p1a: Lucario
|-immune|p1a: Lucario
|
|-fieldend|move: Trick Room
|upkeep
|turn|6
|
|t:|1758275133
|switch|p1a: Gardevoir|Gardevoir, F|100/100
|move|p2a: Slowking|Flamethrower|p1a: Gardevoir
|-damage|p1a: Gardevoir|42/100
|replace|p1a: Zoroark|Zoroark, F
|-end|p1a: Zoroark|Illusion
|
|upkeep
|turn|7
|
|t:|1758275146
|switch|p2a: Weezing|Weezing-Galar, M|100/100
|-ability|p2a: Weezing|Neutralizing Gas
|move|p1a: Zoroark|Knock Off|p2a: Weezing
|-resisted|p2a: Weezing
|-damage|p2a: Weezing|87/100
|-enditem|p2a: Weezing|Heavy-Duty Boots|[from] move: Knock Off|[of] p1a: Zoroark
|
|upkeep
|turn|8
|
|t:|1758275168
|switch|p1a: Gardevoir|Gardevoir, F|100/100
|move|p2a: Weezing|Will-O-Wisp|p1a: Gardevoir
|-status|p1a: Gardevoir|brn
|
|-damage|p1a: Gardevoir|94/100 brn|[from] brn
|upkeep
|turn|9
|
|t:|1758275186
|-end|p2a: Weezing|ability: Neutralizing Gas
|switch|p2a: Porygon2|Porygon2|77/100
|-ability|p1a: Gardevoir|Download|Trace|[from] ability: Trace|[of] p2a: Porygon2
|-ability|p1a: Gardevoir|Download|boost
|-boost|p1a: Gardevoir|atk|1
|-ability|p2a: Porygon2|Download|boost
|-boost|p2a: Porygon2|atk|1
|move|p1a: Gardevoir|Psyshock|p2a: Porygon2
|-damage|p2a: Porygon2|47/100
|
|-heal|p1a: Gardevoir|100/100 brn|[from] item: Leftovers
|-damage|p1a: Gardevoir|94/100 brn|[from] brn
|upkeep
|turn|10
|
|t:|1758275201
|move|p1a: Gardevoir|Moonblast|p2a: Porygon2
|-damage|p2a: Porygon2|14/100
|move|p2a: Porygon2|Recover|p2a: Porygon2
|-heal|p2a: Porygon2|64/100
|
|-heal|p1a: Gardevoir|100/100 brn|[from] item: Leftovers
|-damage|p1a: Gardevoir|94/100 brn|[from] brn
|upkeep
|turn|11
|
|t:|1758275209
|move|p1a: Gardevoir|Protect|p1a: Gardevoir
|-singleturn|p1a: Gardevoir|Protect
|move|p2a: Porygon2|Recover|p2a: Porygon2
|-heal|p2a: Porygon2|100/100
|
|-heal|p1a: Gardevoir|100/100 brn|[from] item: Leftovers
|-damage|p1a: Gardevoir|94/100 brn|[from] brn
|upkeep
|turn|12
|
|t:|1758275216
|move|p1a: Gardevoir|Mystical Fire|p2a: Porygon2
|-damage|p2a: Porygon2|82/100
|-unboost|p2a: Porygon2|spa|1
|move|p2a: Porygon2|Trick Room|p2a: Porygon2
|-fieldstart|move: Trick Room|[of] p2a: Porygon2
|
|-heal|p1a: Gardevoir|100/100 brn|[from] item: Leftovers
|-damage|p1a: Gardevoir|94/100 brn|[from] brn
|upkeep
|turn|13
|
|t:|1758275225
|move|p1a: Gardevoir|Protect|p1a: Gardevoir
|-singleturn|p1a: Gardevoir|Protect
|move|p2a: Porygon2|Tera Blast|p1a: Gardevoir
|-activate|p1a: Gardevoir|move: Protect
|
|-heal|p1a: Gardevoir|100/100 brn|[from] item: Leftovers
|-damage|p1a: Gardevoir|94/100 brn|[from] brn
|upkeep
|turn|14
|
|t:|1758275235
|switch|p1a: Lucario|Lucario, M|100/100
|move|p2a: Porygon2|Tera Blast|p1a: Lucario
|-resisted|p1a: Lucario
|-damage|p1a: Lucario|77/100
|
|upkeep
|turn|15
|
|t:|1758275245
|switch|p2a: Dusclops|Dusclops, F|100/100
|-item|p1a: Lucario|Choice Scarf|[from] ability: Frisk|[of] p2a: Dusclops
|move|p1a: Lucario|Meteor Mash|p2a: Dusclops
|-damage|p2a: Dusclops|75/100
|
|upkeep
|turn|16
|
|t:|1758275256
|switch|p1a: Lapras|Lapras, F|100/100
|move|p2a: Dusclops|Night Shade|p1a: Lapras
|-damage|p1a: Lapras|77/100
|
|-fieldend|move: Trick Room
|upkeep
|turn|17
|
|t:|1758275265
|switch|p1a: Lapras|Lapras, F|42/100
|move|p2a: Dusclops|Trick Room|p2a: Dusclops
|-fieldstart|move: Trick Room|[of] p2a: Dusclops
|
|upkeep
|turn|18
|
|t:|1758275275
|move|p2a: Dusclops|Will-O-Wisp|p1a: Lapras
|-status|p1a: Lapras|brn
|move|p1a: Lapras|Knock Off|p2a: Dusclops
|-supereffective|p2a: Dusclops
|-damage|p2a: Dusclops|47/100
|-enditem|p2a: Dusclops|Eviolite|[from] move: Knock Off|[of] p1a: Lapras
|
|-damage|p1a: Lapras|36/100 brn|[from] brn
|upkeep
|turn|19
|
|t:|1758275285
|move|p2a: Dusclops|Night Shade|p1a: Lapras
|-damage|p1a: Lapras|0 fnt
|replace|p1a: Zoroark|Zoroark, F
|-end|p1a: Zoroark|Illusion
|faint|p1a: Zoroark
|
|upkeep
|-message|etude_suzuki forfeited.
|
|win|TigerGhosty
|raw|etude_suzuki's rating: 1158 &rarr; <strong>1128</strong><br />(-30 for losing)
|raw|TigerGhosty's rating: 1086 &rarr; <strong>1119</strong><br />(+33 for winning)
|l|☆etude_suzuki
|player|p1|
|l|☆TigerGhosty
|player|p2|
