|j|☆ReturnOfMX
|j|☆syk1307
|t:|1758341761
|gametype|singles
|player|p1|ReturnOfMX|2|1428
|player|p2|syk1307|giovanni|1432
|gen|9
|tier|[Gen 9] OU
|rated|
|rule|HP Percentage Mod: HP is shown in percentages
|rule|Endless Battle Clause: Forcing endless battles is banned
|rule|Species Clause: Limit one of each Pokémon
|rule|OHKO Clause: OHKO moves are banned
|rule|Evasion Items Clause: Evasion items are banned
|rule|Evasion Moves Clause: Evasion moves are banned
|rule|Evasion Abilities Clause: Evasion abilities are banned
|rule|Sleep Moves Clause: Sleep-inducing moves are banned
|clearpoke
|poke|p1|Pelipper, F|
|poke|p1|Tornadus-Therian, M|
|poke|p1|Barraskewda, F|
|poke|p1|Iron Treads|
|poke|p1|Raging Bolt|
|poke|p1|Overqwil, M|
|poke|p2|Jolteon, M|
|poke|p2|Quaquaval, M|
|poke|p2|Arcanine, M|
|poke|p2|Scizor, M|
|poke|p2|Corviknight, M|
|poke|p2|Mew|
|teampreview
|inactive|Battle timer is ON: inactive players will automatically lose when time's up. (requested by ReturnOfMX)
|
|t:|1758341804
|teamsize|p1|6
|teamsize|p2|6
|start
|switch|p1a: Overqwil|Overqwil, M|100/100
|switch|p2a: Arcanine|Arcanine, M|100/100
|turn|1
|
|t:|1758341828
|switch|p2a: Corviknight|Corviknight, M|100/100
|switch|p1a: Pelipper|Pelipper, F|100/100
|-weather|RainDance|[from] ability: Drizzle|[of] p1a: Pelipper
|
|-weather|RainDance|[upkeep]
|upkeep
|turn|2
|
|t:|1758341838
|move|p1a: Pelipper|U-turn|p2a: Corviknight
|-resisted|p2a: Corviknight
|-damage|p2a: Corviknight|99/100
|-damage|p1a: Pelipper|84/100|[from] item: Rocky Helmet|[of] p2a: Corviknight
|
|t:|1758341844
|switch|p1a: Raging Bolt|Raging Bolt|100/100|[from] U-turn
|-enditem|p1a: Raging Bolt|Booster Energy
|-activate|p1a: Raging Bolt|ability: Protosynthesis|[fromitem]
|-start|p1a: Raging Bolt|protosynthesisspa
|move|p2a: Corviknight|U-turn|p1a: Raging Bolt
|-damage|p1a: Raging Bolt|88/100
|
|t:|1758341854
|switch|p2a: Jolteon|Jolteon, M|100/100|[from] U-turn
|
|-weather|RainDance|[upkeep]
|upkeep
|turn|3
|inactive|syk1307 has 120 seconds left.
|
|t:|1758341897
|move|p2a: Jolteon|Alluring Voice|p1a: Raging Bolt
|-supereffective|p1a: Raging Bolt
|-damage|p1a: Raging Bolt|22/100
|move|p1a: Raging Bolt|Dragon Pulse|p2a: Jolteon
|-damage|p2a: Jolteon|10/100
|
|-weather|RainDance|[upkeep]
|upkeep
|turn|4
|
|t:|1758341912
|-end|p1a: Raging Bolt|Protosynthesis|[silent]
|switch|p1a: Iron Treads|Iron Treads|100/100
|move|p2a: Jolteon|Alluring Voice|p1a: Iron Treads
|-resisted|p1a: Iron Treads
|-damage|p1a: Iron Treads|85/100
|
|-weather|RainDance|[upkeep]
|-heal|p1a: Iron Treads|91/100|[from] item: Leftovers
|upkeep
|turn|5
|
|t:|1758341935
|switch|p2a: Corviknight|Corviknight, M|99/100
|move|p1a: Iron Treads|Stealth Rock|p2a: Corviknight
|-sidestart|p2: syk1307|move: Stealth Rock
|
|-weather|RainDance|[upkeep]
|-heal|p1a: Iron Treads|97/100|[from] item: Leftovers
|upkeep
|turn|6
|
|t:|1758341951
|-end|p1a: Iron Treads|Quark Drive|[silent]
|switch|p1a: Tornadus|Tornadus-Therian, M|100/100
|move|p2a: Corviknight|Defog|p1a: Tornadus
|-unboost|p1a: Tornadus|evasion|1
|-sideend|p2: syk1307|Stealth Rock|[from] move: Defog|[of] p2a: Corviknight
|
|-weather|RainDance|[upkeep]
|upkeep
|turn|7
|
|t:|1758341966
|move|p1a: Tornadus|Nasty Plot|p1a: Tornadus
|-boost|p1a: Tornadus|spa|2
|move|p2a: Corviknight|U-turn|p1a: Tornadus
|-resisted|p1a: Tornadus
|-damage|p1a: Tornadus|93/100
|
|t:|1758341971
|switch|p2a: Jolteon|Jolteon, M|10/100|[from] U-turn
|
|-weather|RainDance|[upkeep]
|upkeep
|turn|8
|
|t:|1758341978
|switch|p1a: Iron Treads|Iron Treads|97/100
|move|p2a: Jolteon|Thunderbolt|p1a: Iron Treads
|-immune|p1a: Iron Treads
|
|-weather|none
|-heal|p1a: Iron Treads|100/100|[from] item: Leftovers
|upkeep
|turn|9
|
|t:|1758341993
|switch|p2a: Corviknight|Corviknight, M|99/100
|-end|p1a: Iron Treads|Quark Drive|[silent]
|switch|p1a: Raging Bolt|Raging Bolt|22/100
|
|upkeep
|turn|10
|inactive|syk1307 has 120 seconds left.
|inactive|syk1307 has 90 seconds left.
|inactive|syk1307 has 60 seconds left.
|
|t:|1758342085
|move|p1a: Raging Bolt|Dragon Pulse|p2a: Corviknight
|-resisted|p2a: Corviknight
|-damage|p2a: Corviknight|73/100
|move|p2a: Corviknight|U-turn|p1a: Raging Bolt
|-damage|p1a: Raging Bolt|9/100
|inactive|syk1307 has 30 seconds left.
|inactive|syk1307 has 20 seconds left.
|
|t:|1758342106
|switch|p2a: Arcanine|Arcanine, M|100/100|[from] U-turn
|
|upkeep
|turn|11
|inactive|syk1307 has 30 seconds left this turn.
|
|t:|1758342110
|-end|p1a: Raging Bolt|Protosynthesis|[silent]
|switch|p1a: Pelipper|Pelipper, F|84/100
|-weather|RainDance|[from] ability: Drizzle|[of] p1a: Pelipper
|move|p2a: Arcanine|Extreme Speed|p1a: Pelipper
|-damage|p1a: Pelipper|52/100
|
|-weather|RainDance|[upkeep]
|upkeep
|turn|12
|inactive|syk1307 has 30 seconds left.
|inactive|syk1307 has 20 seconds left.
|inactive|syk1307 has 15 seconds left.
|inactive|syk1307 has 10 seconds left.
|
|t:|1758342140
|-terastallize|p2a: Arcanine|Normal
|move|p2a: Arcanine|Extreme Speed|p1a: Pelipper
|-damage|p1a: Pelipper|4/100
|move|p1a: Pelipper|Hurricane|p2a: Arcanine
|-damage|p2a: Arcanine|55/100
|
|-weather|RainDance|[upkeep]
|upkeep
|turn|13
|inactive|syk1307 has 20 seconds left this turn.
|inactive|syk1307 has 15 seconds left.
|
|t:|1758342153
|switch|p1a: Tornadus|Tornadus-Therian, M|100/100
|move|p2a: Arcanine|Extreme Speed|p1a: Tornadus
|-damage|p1a: Tornadus|29/100
|
|-weather|RainDance|[upkeep]
|upkeep
|turn|14
|inactive|syk1307 has 25 seconds left this turn.
|inactive|syk1307 has 20 seconds left.
|
|t:|1758342161
|switch|p1a: Pelipper|Pelipper, F|4/100
|move|p2a: Arcanine|Extreme Speed|p1a: Pelipper
|-damage|p1a: Pelipper|0 fnt
|faint|p1a: Pelipper
|
|-weather|RainDance|[upkeep]
|upkeep
|
|t:|1758342164
|switch|p1a: Barraskewda|Barraskewda, F|100/100
|turn|15
|inactive|syk1307 has 30 seconds left.
|
|t:|1758342171
|switch|p2a: Corviknight|Corviknight, M|73/100
|move|p1a: Barraskewda|Flip Turn|p2a: Corviknight
|-crit|p2a: Corviknight
|-damage|p2a: Corviknight|8/100
|-damage|p1a: Barraskewda|84/100|[from] item: Rocky Helmet|[of] p2a: Corviknight
|
|t:|1758342180
|switch|p1a: Raging Bolt|Raging Bolt|9/100|[from] Flip Turn
|
|-weather|RainDance|[upkeep]
|upkeep
|turn|16
|
|t:|1758342191
|move|p1a: Raging Bolt|Dragon Pulse|p2a: Corviknight
|-resisted|p2a: Corviknight
|-damage|p2a: Corviknight|0 fnt
|faint|p2a: Corviknight
|
|-weather|RainDance|[upkeep]
|upkeep
|
|t:|1758342197
|switch|p2a: Jolteon|Jolteon, M|10/100
|turn|17
|
|t:|1758342201
|-end|p1a: Raging Bolt|Protosynthesis|[silent]
|switch|p1a: Iron Treads|Iron Treads|100/100
|move|p2a: Jolteon|Shadow Ball|p1a: Iron Treads
|-damage|p1a: Iron Treads|72/100
|-unboost|p1a: Iron Treads|spd|1
|
|-weather|RainDance|[upkeep]
|-heal|p1a: Iron Treads|78/100|[from] item: Leftovers
|upkeep
|turn|18
|inactive|syk1307 has 30 seconds left.
|inactive|syk1307 has 20 seconds left.
|inactive|syk1307 has 15 seconds left.
|
|t:|1758342246
|move|p2a: Jolteon|Shadow Ball|p1a: Iron Treads
|-damage|p1a: Iron Treads|37/100
|move|p1a: Iron Treads|Earthquake|p2a: Jolteon
|-supereffective|p2a: Jolteon
|-damage|p2a: Jolteon|0 fnt
|faint|p2a: Jolteon
|
|-weather|none
|-heal|p1a: Iron Treads|43/100|[from] item: Leftovers
|upkeep
|inactive|syk1307 has 20 seconds left this turn.
|inactive|syk1307 has 15 seconds left.
|inactive|syk1307 has 10 seconds left.
|
|t:|1758342259
|switch|p2a: Mew|Mew, shiny|100/100
|turn|19
|inactive|syk1307 has 20 seconds left this turn.
|inactive|syk1307 has 15 seconds left.
|inactive|syk1307 has 10 seconds left.
|
|t:|1758342270
|-end|p1a: Iron Treads|Quark Drive|[silent]
|switch|p1a: Overqwil|Overqwil, M|100/100
|move|p2a: Mew|Nasty Plot|p2a: Mew
|-boost|p2a: Mew|spa|2
|
|upkeep
|turn|20
|inactive|syk1307 has 20 seconds left this turn.
|inactive|syk1307 has 15 seconds left.
|inactive|syk1307 has 10 seconds left.
|
|t:|1758342281
|move|p1a: Overqwil|Throat Chop|p2a: Mew
|-supereffective|p2a: Mew
|-damage|p2a: Mew|15/100
|-start|p2a: Mew|Throat Chop|[silent]
|-enditem|p2a: Mew|Sitrus Berry|[eat]
|-heal|p2a: Mew|40/100|[from] item: Sitrus Berry
|move|p2a: Mew|Earth Power|p1a: Overqwil
|-supereffective|p1a: Overqwil
|-damage|p1a: Overqwil|0 fnt
|faint|p1a: Overqwil
|
|upkeep
|
|t:|1758342292
|switch|p1a: Tornadus|Tornadus-Therian, M|62/100
|turn|21
|inactive|syk1307 has 25 seconds left this turn.
|
|t:|1758342296
|move|p1a: Tornadus|Hurricane|p2a: Mew|[miss]
|-miss|p1a: Tornadus|p2a: Mew
|move|p2a: Mew|Draining Kiss|p1a: Tornadus
|-damage|p1a: Tornadus|28/100
|-heal|p2a: Mew|68/100|[from] drain|[of] p1a: Tornadus
|
|-end|p2a: Mew|Throat Chop|[silent]
|upkeep
|turn|22
|inactive|syk1307 has 30 seconds left.
|
|t:|1758342304
|move|p1a: Tornadus|Hurricane|p2a: Mew
|-damage|p2a: Mew|30/100
|move|p2a: Mew|Draining Kiss|p1a: Tornadus
|-damage|p1a: Tornadus|0 fnt
|-heal|p2a: Mew|52/100|[from] drain|[of] p1a: Tornadus
|faint|p1a: Tornadus
|
|upkeep
|
|t:|1758342309
|switch|p1a: Iron Treads|Iron Treads|43/100
|turn|23
|
|t:|1758342313
|move|p1a: Iron Treads|Earthquake|p2a: Mew
|-damage|p2a: Mew|19/100
|move|p2a: Mew|Earth Power|p1a: Iron Treads
|-supereffective|p1a: Iron Treads
|-damage|p1a: Iron Treads|0 fnt
|faint|p1a: Iron Treads
|-end|p1a: Iron Treads|Quark Drive|[silent]
|
|upkeep
|
|t:|1758342318
|switch|p1a: Raging Bolt|Raging Bolt|9/100
|turn|24
|
|t:|1758342323
|move|p1a: Raging Bolt|Thunderclap|p2a: Mew
|-damage|p2a: Mew|0 fnt
|faint|p2a: Mew
|
|upkeep
|
|t:|1758342327
|switch|p2a: Arcanine|Arcanine, M, tera:Normal|55/100
|turn|25
|
|t:|1758342331
|move|p2a: Arcanine|Extreme Speed|p1a: Raging Bolt
|-damage|p1a: Raging Bolt|0 fnt
|faint|p1a: Raging Bolt
|-end|p1a: Raging Bolt|Protosynthesis|[silent]
|
|upkeep
|
|t:|1758342333
|switch|p1a: Barraskewda|Barraskewda, F|84/100
|turn|26
|
|t:|1758342338
|move|p2a: Arcanine|Extreme Speed|p1a: Barraskewda
|-damage|p1a: Barraskewda|0 fnt
|faint|p1a: Barraskewda
|
|win|syk1307
|raw|ReturnOfMX's rating: 1428 &rarr; <strong>1408</strong><br />(-20 for losing)
|raw|syk1307's rating: 1432 &rarr; <strong>1452</strong><br />(+20 for winning)
|l|☆ReturnOfMX
|player|p1|
|l|☆syk1307
|player|p2|
