|j|☆DontMissMantine
|j|☆rookie22
|t:|1758295282
|gametype|singles
|player|p1|DontMissMantine|lucas|1719
|player|p2|rookie22|iris-gen5bw2|1775
|gen|9
|tier|[Gen 9] OU
|rated|
|rule|HP Percentage Mod: HP is shown in percentages
|rule|Endless Battle Clause: Forcing endless battles is banned
|rule|Species Clause: Limit one of each Pokémon
|rule|OHKO Clause: OHKO moves are banned
|rule|Evasion Items Clause: Evasion items are banned
|rule|Evasion Moves Clause: Evasion moves are banned
|rule|Evasion Abilities Clause: Evasion abilities are banned
|rule|Sleep Moves Clause: Sleep-inducing moves are banned
|clearpoke
|poke|p1|Pelipper, F|
|poke|p1|Beartic, M|
|poke|p1|Barraskewda, F|
|poke|p1|Ogerpon-Wellspring, F|
|poke|p1|Zapdos|
|poke|p1|Hatterene, F|
|poke|p2|Dragonite, M|
|poke|p2|Meowscarada, F|
|poke|p2|Keldeo|
|poke|p2|Iron Crown|
|poke|p2|Raging Bolt|
|poke|p2|Great Tusk|
|teampreview
|inactive|Battle timer is ON: inactive players will automatically lose when time's up. (requested by rookie22)
|c|☆DontMissMantine|Hello again
|c|☆DontMissMantine|glhf
|c|☆rookie22|oh hey
|inactive|DontMissMantine has 120 seconds left.
|
|t:|1758295315
|teamsize|p1|6
|teamsize|p2|6
|start
|switch|p1a: Pelipper|Pelipper, F|100/100
|switch|p2a: Raging Bolt|Raging Bolt|100/100
|-weather|RainDance|[from] ability: Drizzle|[of] p1a: Pelipper
|turn|1
|
|t:|1758295328
|switch|p1a: Hatterene|Hatterene, F|100/100
|move|p2a: Raging Bolt|Calm Mind|p2a: Raging Bolt
|-boost|p2a: Raging Bolt|spa|1
|-boost|p2a: Raging Bolt|spd|1
|
|-weather|RainDance|[upkeep]
|upkeep
|turn|2
|
|t:|1758295335
|move|p2a: Raging Bolt|Thunderbolt|p1a: Hatterene
|-damage|p1a: Hatterene|17/100
|-enditem|p1a: Hatterene|Eject Button
|
|t:|1758295338
|switch|p1a: Beartic|Beartic, M|100/100
|
|-weather|RainDance|[upkeep]
|upkeep
|turn|3
|inactive|DontMissMantine has 120 seconds left.
|
|t:|1758295380
|-terastallize|p2a: Raging Bolt|Fairy
|move|p1a: Beartic|Swords Dance|p1a: Beartic
|-boost|p1a: Beartic|atk|2
|move|p2a: Raging Bolt|Dragon Pulse|p1a: Beartic
|-damage|p1a: Beartic|13/100
|
|-weather|RainDance|[upkeep]
|upkeep
|turn|4
|inactive|DontMissMantine has 120 seconds left.
|
|t:|1758295395
|switch|p1a: Ogerpon|Ogerpon-Wellspring, F|100/100
|move|p2a: Raging Bolt|Thunderclap||[still]
|-fail|p2a: Raging Bolt
|
|-weather|RainDance|[upkeep]
|upkeep
|turn|5
|inactive|DontMissMantine has 120 seconds left.
|inactive|rookie22 has 120 seconds left.
|
|t:|1758295413
|move|p1a: Ogerpon|Ivy Cudgel|p2a: Raging Bolt|[anim] Ivy Cudgel Water
|-damage|p2a: Raging Bolt|26/100
|move|p2a: Raging Bolt|Thunderbolt|p1a: Ogerpon
|-crit|p1a: Ogerpon
|-damage|p1a: Ogerpon|0 fnt
|faint|p1a: Ogerpon
|
|-weather|RainDance|[upkeep]
|-heal|p2a: Raging Bolt|32/100|[from] item: Leftovers
|upkeep
|
|t:|1758295423
|switch|p1a: Zapdos|Zapdos|100/100
|turn|6
|inactive|DontMissMantine has 120 seconds left.
|
|t:|1758295432
|move|p2a: Raging Bolt|Thunderclap|p1a: Zapdos
|-damage|p1a: Zapdos|55/100
|move|p1a: Zapdos|Thunder|p2a: Raging Bolt
|-damage|p2a: Raging Bolt|0 fnt
|faint|p2a: Raging Bolt
|-end|p2a: Raging Bolt|Protosynthesis|[silent]
|
|-weather|RainDance|[upkeep]
|upkeep
|
|t:|1758295438
|switch|p2a: Bene Gesserit|Iron Crown|100/100
|turn|7
|
|t:|1758295451
|switch|p1a: Hatterene|Hatterene, F|17/100
|move|p2a: Bene Gesserit|Psyshock|p1a: Hatterene
|-resisted|p1a: Hatterene
|-damage|p1a: Hatterene|1/100
|
|-weather|RainDance|[upkeep]
|upkeep
|turn|8
|
|t:|1758295463
|move|p2a: Bene Gesserit|Volt Switch|p1a: Hatterene
|-damage|p1a: Hatterene|0 fnt
|faint|p1a: Hatterene
|
|t:|1758295475
|-end|p2a: Bene Gesserit|Quark Drive|[silent]
|switch|p2a: Lisan Al Gaib|Keldeo|100/100|[from] Volt Switch
|
|-weather|none
|upkeep
|
|t:|1758295486
|switch|p1a: Zapdos|Zapdos|55/100
|turn|9
|inactive|rookie22 has 120 seconds left.
|inactive|rookie22 has 90 seconds left.
|j| WalkingLake
|
|t:|1758295552
|switch|p2a: Bene Gesserit|Iron Crown|100/100
|move|p1a: Zapdos|Volt Switch|p2a: Bene Gesserit
|-damage|p2a: Bene Gesserit|78/100
|
|t:|1758295557
|switch|p1a: Pelipper|Pelipper, F|100/100|[from] Volt Switch
|-weather|RainDance|[from] ability: Drizzle|[of] p1a: Pelipper
|
|-weather|RainDance|[upkeep]
|upkeep
|turn|10
|inactive|DontMissMantine has 120 seconds left.
|
|t:|1758295590
|switch|p1a: Zapdos|Zapdos|55/100
|move|p2a: Bene Gesserit|Volt Switch|p1a: Zapdos
|-damage|p1a: Zapdos|39/100
|inactive|rookie22 has 90 seconds left.
|
|t:|1758295606
|-end|p2a: Bene Gesserit|Quark Drive|[silent]
|switch|p2a: Meowscarada|Meowscarada, F|100/100|[from] Volt Switch
|
|-weather|RainDance|[upkeep]
|upkeep
|turn|11
|inactive|rookie22 has 90 seconds left.
|
|t:|1758295644
|switch|p2a: Bene Gesserit|Iron Crown|78/100
|move|p1a: Zapdos|Hurricane|p2a: Bene Gesserit
|-resisted|p2a: Bene Gesserit
|-damage|p2a: Bene Gesserit|58/100
|
|-weather|RainDance|[upkeep]
|upkeep
|turn|12
|
|t:|1758295653
|move|p2a: Bene Gesserit|Psyshock|p1a: Zapdos
|-damage|p1a: Zapdos|0 fnt
|faint|p1a: Zapdos
|
|-weather|RainDance|[upkeep]
|upkeep
|
|t:|1758295659
|switch|p1a: Barraskewda|Barraskewda, F|100/100
|turn|13
|
|t:|1758295678
|-end|p2a: Bene Gesserit|Quark Drive|[silent]
|switch|p2a: MEGA DRAGONITE|Dragonite, M|100/100
|move|p1a: Barraskewda|Liquidation|p2a: MEGA DRAGONITE
|-resisted|p2a: MEGA DRAGONITE
|-damage|p2a: MEGA DRAGONITE|76/100
|-unboost|p2a: MEGA DRAGONITE|def|1
|
|-weather|RainDance|[upkeep]
|upkeep
|turn|14
|
|t:|1758295689
|-terastallize|p1a: Barraskewda|Water
|move|p1a: Barraskewda|Liquidation|p2a: MEGA DRAGONITE
|-resisted|p2a: MEGA DRAGONITE
|-damage|p2a: MEGA DRAGONITE|0 fnt
|faint|p2a: MEGA DRAGONITE
|
|-weather|RainDance|[upkeep]
|upkeep
|j| jiotave
|
|t:|1758295700
|switch|p2a: Lisan Al Gaib|Keldeo|100/100
|turn|15
|
|t:|1758295707
|switch|p1a: Pelipper|Pelipper, F|100/100
|move|p2a: Lisan Al Gaib|Surf|p1a: Pelipper
|-resisted|p1a: Pelipper
|-damage|p1a: Pelipper|21/100
|
|-weather|RainDance|[upkeep]
|upkeep
|turn|16
|
|t:|1758295715
|switch|p1a: Beartic|Beartic, M|13/100
|move|p2a: Lisan Al Gaib|Surf|p1a: Beartic
|-damage|p1a: Beartic|0 fnt
|faint|p1a: Beartic
|
|-weather|none
|upkeep
|
|t:|1758295725
|switch|p1a: Barraskewda|Barraskewda, F, tera:Water|100/100
|turn|17
|inactive|rookie22 has 90 seconds left.
|j| lknnnk
|inactive|rookie22 has 60 seconds left.
|
|t:|1758295765
|switch|p2a: Great Tusk|Great Tusk|100/100
|move|p1a: Barraskewda|Flip Turn|p2a: Great Tusk
|-supereffective|p2a: Great Tusk
|-damage|p2a: Great Tusk|36/100
|
|t:|1758295771
|switch|p1a: Pelipper|Pelipper, F|21/100|[from] Flip Turn
|-weather|RainDance|[from] ability: Drizzle|[of] p1a: Pelipper
|
|-weather|RainDance|[upkeep]
|-heal|p2a: Great Tusk|42/100|[from] item: Leftovers
|upkeep
|turn|18
|
|t:|1758295779
|move|p2a: Great Tusk|Ice Spinner|p1a: Pelipper
|-damage|p1a: Pelipper|0 fnt
|faint|p1a: Pelipper
|
|-weather|RainDance|[upkeep]
|-heal|p2a: Great Tusk|48/100|[from] item: Leftovers
|upkeep
|c|☆DontMissMantine|Gg
|c|☆rookie22|gg
|
|t:|1758295788
|switch|p1a: Barraskewda|Barraskewda, F, tera:Water|100/100
|turn|19
|inactive|rookie22 has 60 seconds left.
|
|t:|1758295831
|move|p1a: Barraskewda|Liquidation|p2a: Great Tusk
|-supereffective|p2a: Great Tusk
|-damage|p2a: Great Tusk|0 fnt
|faint|p2a: Great Tusk
|-end|p2a: Great Tusk|Protosynthesis|[silent]
|
|-weather|RainDance|[upkeep]
|upkeep
|
|t:|1758295832
|switch|p2a: Lisan Al Gaib|Keldeo|100/100
|turn|20
|
|t:|1758295839
|move|p1a: Barraskewda|Liquidation|p2a: Lisan Al Gaib
|-resisted|p2a: Lisan Al Gaib
|-damage|p2a: Lisan Al Gaib|34/100
|-unboost|p2a: Lisan Al Gaib|def|1
|move|p2a: Lisan Al Gaib|Aura Sphere|p1a: Barraskewda
|-damage|p1a: Barraskewda|0 fnt
|faint|p1a: Barraskewda
|
|win|rookie22
|raw|DontMissMantine's rating: 1719 &rarr; <strong>1702</strong><br />(-17 for losing)
|raw|rookie22's rating: 1775 &rarr; <strong>1792</strong><br />(+17 for winning)
|c|☆rookie22|I generally dont like playing against the same ppl because they know my sets
|c|☆rookie22|but i used that against you haha
|c|☆DontMissMantine|Same haha
|c|☆rookie22|especially keldeo
|c|☆DontMissMantine|Yea I’ve got nothing for Keldeo when you know the bears set
|c|☆rookie22|exactly
|c|☆DontMissMantine|zap is the best answer but that’s very tough in rain
|c|☆rookie22|are you max speed ?
|c|☆DontMissMantine|On zap no
|c|☆rookie22|oh okay
|l| WalkingLake
