|j|☆l1kewheezy
|j|☆beigeking11
|t:|1758266443
|gametype|singles
|player|p1|l1kewheezy|elesa|1378
|player|p2|beigeking11|lucas|1383
|gen|9
|tier|[Gen 9] OU
|rated|
|rule|HP Percentage Mod: HP is shown in percentages
|rule|Endless Battle Clause: Forcing endless battles is banned
|rule|Species Clause: Limit one of each Pokémon
|rule|OHKO Clause: OHKO moves are banned
|rule|Evasion Items Clause: Evasion items are banned
|rule|Evasion Moves Clause: Evasion moves are banned
|rule|Evasion Abilities Clause: Evasion abilities are banned
|rule|Sleep Moves Clause: Sleep-inducing moves are banned
|clearpoke
|poke|p1|Garchomp, F|
|poke|p1|Gholdengo|
|poke|p1|Slowking-Galar, M|
|poke|p1|Scizor, M|
|poke|p1|Iron Valiant|
|poke|p1|Gliscor, F|
|poke|p2|Pelipper, M|
|poke|p2|Greninja-*, M|
|poke|p2|Basculegion, M|
|poke|p2|Zapdos|
|poke|p2|Sandy Shocks|
|poke|p2|Scizor, M|
|teampreview
|inactive|Battle timer is ON: inactive players will automatically lose when time's up. (requested by beigeking11)
|
|t:|1758266459
|teamsize|p1|6
|teamsize|p2|6
|start
|switch|p1a: Iron Valiant|Iron Valiant|100/100
|switch|p2a: Sandy Shocks|Sandy Shocks|100/100
|-enditem|p2a: Sandy Shocks|Booster Energy
|-activate|p2a: Sandy Shocks|ability: Protosynthesis|[fromitem]
|-start|p2a: Sandy Shocks|protosynthesisspe
|turn|1
|
|t:|1758266469
|-end|p1a: Iron Valiant|Quark Drive|[silent]
|switch|p1a: Gliscor|Gliscor, F|100/100
|move|p2a: Sandy Shocks|Stealth Rock|p1a: Gliscor
|-sidestart|p1: l1kewheezy|move: Stealth Rock
|
|-status|p1a: Gliscor|tox|[from] item: Toxic Orb
|upkeep
|turn|2
|inactive|beigeking11 has 120 seconds left.
|
|t:|1758266521
|-terastallize|p2a: Sandy Shocks|Ice
|move|p2a: Sandy Shocks|Tera Blast|p1a: Gliscor|[anim] Tera Blast Ice
|-supereffective|p1a: Gliscor
|-damage|p1a: Gliscor|0 fnt
|faint|p1a: Gliscor
|
|upkeep
|
|t:|1758266534
|switch|p1a: Scizor|Scizor, M|100/100
|turn|3
|inactive|beigeking11 has 90 seconds left.
|inactive|l1kewheezy has 120 seconds left.
|
|t:|1758266583
|-end|p2a: Sandy Shocks|Protosynthesis|[silent]
|switch|p2a: Pelipper|Pelipper, M|100/100
|-weather|RainDance|[from] ability: Drizzle|[of] p2a: Pelipper
|move|p1a: Scizor|Bullet Punch|p2a: Pelipper
|-resisted|p2a: Pelipper
|-damage|p2a: Pelipper|85/100
|
|-weather|RainDance|[upkeep]
|upkeep
|turn|4
|
|t:|1758266593
|move|p1a: Scizor|U-turn|p2a: Pelipper
|-resisted|p2a: Pelipper
|-damage|p2a: Pelipper|64/100
|
|t:|1758266595
|switch|p1a: Slowking|Slowking-Galar, M|100/100|[from] U-turn
|move|p2a: Pelipper|Surf|p1a: Slowking
|-damage|p1a: Slowking|65/100
|
|-weather|RainDance|[upkeep]
|upkeep
|turn|5
|inactive|beigeking11 has 90 seconds left.
|
|t:|1758266605
|move|p2a: Pelipper|U-turn|p1a: Slowking
|-damage|p1a: Slowking|57/100
|
|t:|1758266606
|switch|p2a: Scizor|Scizor, M|100/100|[from] U-turn
|-prepare|p1a: Slowking|Chilly Reception|[premajor]
|move|p1a: Slowking|Chilly Reception|p1a: Slowking
|-weather|Snowscape
|
|t:|1758266624
|switch|p1a: Scizor|Scizor, M|100/100|[from] Chilly Reception
|
|-weather|Snowscape|[upkeep]
|upkeep
|turn|6
|
|t:|1758266629
|move|p1a: Scizor|Defog|p2a: Scizor
|-unboost|p2a: Scizor|evasion|1
|-sideend|p1: l1kewheezy|Stealth Rock|[from] move: Defog|[of] p1a: Scizor
|move|p2a: Scizor|U-turn|p1a: Scizor
|-resisted|p1a: Scizor
|-damage|p1a: Scizor|86/100
|
|t:|1758266632
|switch|p2a: Pelipper|Pelipper, M|64/100|[from] U-turn
|-weather|RainDance|[from] ability: Drizzle|[of] p2a: Pelipper
|
|-weather|RainDance|[upkeep]
|upkeep
|turn|7
|
|t:|1758266644
|move|p1a: Scizor|U-turn|p2a: Pelipper
|-resisted|p2a: Pelipper
|-damage|p2a: Pelipper|45/100
|
|t:|1758266646
|switch|p1a: Garchomp|Garchomp, F|100/100|[from] U-turn
|move|p2a: Pelipper|U-turn|p1a: Garchomp
|-crit|p1a: Garchomp
|-damage|p1a: Garchomp|87/100
|-damage|p2a: Pelipper|33/100|[from] ability: Rough Skin|[of] p1a: Garchomp
|
|t:|1758266662
|switch|p2a: Basculegion|Basculegion, M|100/100|[from] U-turn
|
|-weather|RainDance|[upkeep]
|upkeep
|turn|8
|inactive|l1kewheezy has 120 seconds left.
|
|t:|1758266693
|switch|p1a: Scizor|Scizor, M|86/100
|move|p2a: Basculegion|Wave Crash|p1a: Scizor
|-damage|p1a: Scizor|0 fnt
|faint|p1a: Scizor
|-damage|p2a: Basculegion|75/100|[from] Recoil
|
|-weather|RainDance|[upkeep]
|upkeep
|inactive|l1kewheezy has 120 seconds left.
|
|t:|1758266710
|switch|p1a: Gholdengo|Gholdengo|100/100
|-item|p1a: Gholdengo|Air Balloon
|turn|9
|-message|l1kewheezy forfeited.
|
|win|beigeking11
|raw|l1kewheezy's rating: 1378 &rarr; <strong>1358</strong><br />(-20 for losing)
|raw|beigeking11's rating: 1383 &rarr; <strong>1403</strong><br />(+20 for winning)
|l|☆l1kewheezy
|player|p1|
