|j|☆tateredprince
|j|☆likiko
|t:|1758287250
|gametype|singles
|player|p1|tateredprince|brycenman|1379
|player|p2|likiko|hilbert|1330
|gen|9
|tier|[Gen 9] OU
|rated|
|rule|HP Percentage Mod: HP is shown in percentages
|rule|Endless Battle Clause: Forcing endless battles is banned
|rule|Species Clause: Limit one of each Pokémon
|rule|OHKO Clause: OHKO moves are banned
|rule|Evasion Items Clause: Evasion items are banned
|rule|Evasion Moves Clause: Evasion moves are banned
|rule|Evasion Abilities Clause: Evasion abilities are banned
|rule|Sleep Moves Clause: Sleep-inducing moves are banned
|clearpoke
|poke|p1|Toxapex, M|
|poke|p1|Slowking-Galar, F|
|poke|p1|Samurott-Hisui, M|
|poke|p1|Kyurem|
|poke|p1|Scizor, F|
|poke|p1|Ditto|
|poke|p2|Glimmora, M|
|poke|p2|Kingambit, M|
|poke|p2|Darkrai|
|poke|p2|Zamazenta-*|
|poke|p2|Dragonite, F|
|poke|p2|Iron Valiant|
|teampreview
|
|t:|1758287276
|teamsize|p1|6
|teamsize|p2|6
|start
|switch|p1a: Samurott|Samurott-Hisui, M, shiny|100/100
|switch|p2a: Glimmora|Glimmora, M|100/100
|turn|1
|
|t:|1758287295
|switch|p2a: Iron Valiant|Iron Valiant|100/100
|-enditem|p2a: Iron Valiant|Booster Energy
|-activate|p2a: Iron Valiant|ability: Quark Drive|[fromitem]
|-start|p2a: Iron Valiant|quarkdrivespe
|move|p1a: Samurott|Aqua Cutter|p2a: Iron Valiant
|-damage|p2a: Iron Valiant|36/100
|
|upkeep
|turn|2
|
|t:|1758287303
|switch|p1a: Slowking|Slowking-Galar, F, shiny|100/100
|move|p2a: Iron Valiant|Moonblast|p1a: Slowking
|-resisted|p1a: Slowking
|-damage|p1a: Slowking|91/100
|
|upkeep
|turn|3
|
|t:|1758287318
|-end|p2a: Iron Valiant|Quark Drive|[silent]
|switch|p2a: Kingambit|Kingambit, M|100/100
|move|p1a: Slowking|Sludge Wave|p2a: Kingambit
|-immune|p2a: Kingambit
|
|upkeep
|turn|4
|
|t:|1758287325
|move|p2a: Kingambit|Iron Head|p1a: Slowking
|-damage|p1a: Slowking|43/100
|move|p1a: Slowking|Flamethrower|p2a: Kingambit
|-supereffective|p2a: Kingambit
|-damage|p2a: Kingambit|39/100
|
|upkeep
|turn|5
|
|t:|1758287331
|switch|p1a: Toxapex|Toxapex, M, shiny|100/100
|move|p2a: Kingambit|Iron Head|p1a: Toxapex
|-resisted|p1a: Toxapex
|-damage|p1a: Toxapex|87/100
|-damage|p2a: Kingambit|22/100|[from] item: Rocky Helmet|[of] p1a: Toxapex
|
|upkeep
|turn|6
|
|t:|1758287349
|move|p2a: Kingambit|Kowtow Cleave|p1a: Toxapex
|-damage|p1a: Toxapex|54/100
|-damage|p2a: Kingambit|6/100|[from] item: Rocky Helmet|[of] p1a: Toxapex
|move|p1a: Toxapex|Infestation|p2a: Kingambit
|-damage|p2a: Kingambit|3/100
|-activate|p2a: Kingambit|move: Infestation|[of] p1a: Toxapex
|
|-damage|p2a: Kingambit|0 fnt|[from] move: Infestation|[partiallytrapped]
|faint|p2a: Kingambit
|-end|p2a: Kingambit|fallenundefined|[silent]
|upkeep
|
|t:|1758287355
|switch|p2a: Glimmora|Glimmora, M|100/100
|turn|7
|
|t:|1758287361
|switch|p1a: Slowking|Slowking-Galar, F, shiny|77/100
|move|p2a: Glimmora|Earth Power|p1a: Slowking
|-supereffective|p1a: Slowking
|-damage|p1a: Slowking|49/100
|-unboost|p1a: Slowking|spd|1
|
|upkeep
|turn|8
|
|t:|1758287371
|move|p2a: Glimmora|Earth Power|p1a: Slowking
|-supereffective|p1a: Slowking
|-damage|p1a: Slowking|8/100
|move|p1a: Slowking|Eerie Spell|p2a: Glimmora
|-supereffective|p2a: Glimmora
|-damage|p2a: Glimmora|13/100
|-activate|p2a: Glimmora|move: Eerie Spell|Earth Power|3
|
|upkeep
|turn|9
|
|t:|1758287378
|switch|p1a: Scizor|Scizor, F|100/100
|move|p2a: Glimmora|Power Gem|p1a: Scizor
|-damage|p1a: Scizor|55/100
|
|upkeep
|turn|10
|
|t:|1758287384
|switch|p1a: Slowking|Slowking-Galar, F, shiny|41/100
|move|p2a: Glimmora|Earth Power|p1a: Slowking
|-supereffective|p1a: Slowking
|-damage|p1a: Slowking|16/100
|
|upkeep
|turn|11
|
|t:|1758287390
|switch|p1a: Scizor|Scizor, F|55/100
|move|p2a: Glimmora|Earth Power|p1a: Scizor
|-damage|p1a: Scizor|20/100
|-enditem|p1a: Scizor|Sitrus Berry|[eat]
|-heal|p1a: Scizor|45/100|[from] item: Sitrus Berry
|
|upkeep
|turn|12
|
|t:|1758287397
|move|p1a: Scizor|Bullet Punch|p2a: Glimmora
|-supereffective|p2a: Glimmora
|-damage|p2a: Glimmora|0 fnt
|-activate|p2a: Glimmora|ability: Toxic Debris
|-sidestart|p1: tateredprince|move: Toxic Spikes
|faint|p2a: Glimmora
|
|upkeep
|
|t:|1758287404
|switch|p2a: Dragonite|Dragonite, F|100/100
|turn|13
|
|t:|1758287407
|move|p2a: Dragonite|Earthquake|p1a: Scizor
|-damage|p1a: Scizor|5/100
|move|p1a: Scizor|Knock Off|p2a: Dragonite
|-damage|p2a: Dragonite|80/100
|-enditem|p2a: Dragonite|Heavy-Duty Boots|[from] move: Knock Off|[of] p1a: Scizor
|
|upkeep
|turn|14
|
|t:|1758287414
|move|p2a: Dragonite|Extreme Speed|p1a: Scizor
|-resisted|p1a: Scizor
|-damage|p1a: Scizor|0 fnt
|faint|p1a: Scizor
|
|upkeep
|
|t:|1758287419
|switch|p1a: Toxapex|Toxapex, M, shiny|87/100
|-sideend|p1: tateredprince|move: Toxic Spikes|[of] p1a: Toxapex
|turn|15
|
|t:|1758287437
|-terastallize|p2a: Dragonite|Normal
|move|p2a: Dragonite|Dragon Dance|p2a: Dragonite
|-boost|p2a: Dragonite|atk|1
|-boost|p2a: Dragonite|spe|1
|move|p1a: Toxapex|Toxic|p2a: Dragonite
|-status|p2a: Dragonite|tox
|
|-damage|p2a: Dragonite|74/100 tox|[from] psn
|upkeep
|turn|16
|
|t:|1758287469
|move|p1a: Toxapex|Baneful Bunker|p1a: Toxapex
|-singleturn|p1a: Toxapex|move: Protect
|move|p2a: Dragonite|Extreme Speed|p1a: Toxapex
|-activate|p1a: Toxapex|move: Protect
|
|-damage|p2a: Dragonite|62/100 tox|[from] psn
|upkeep
|turn|17
|
|t:|1758287477
|move|p2a: Dragonite|Extreme Speed|p1a: Toxapex
|-damage|p1a: Toxapex|41/100
|-damage|p2a: Dragonite|45/100 tox|[from] item: Rocky Helmet|[of] p1a: Toxapex
|move|p1a: Toxapex|Infestation|p2a: Dragonite
|-damage|p2a: Dragonite|42/100 tox
|-activate|p2a: Dragonite|move: Infestation|[of] p1a: Toxapex
|
|-damage|p2a: Dragonite|24/100 tox|[from] psn
|-damage|p2a: Dragonite|11/100 tox|[from] move: Infestation|[partiallytrapped]
|upkeep
|turn|18
|
|t:|1758287486
|move|p1a: Toxapex|Baneful Bunker|p1a: Toxapex
|-singleturn|p1a: Toxapex|move: Protect
|move|p2a: Dragonite|Extreme Speed|p1a: Toxapex
|-activate|p1a: Toxapex|move: Protect
|
|-damage|p2a: Dragonite|0 fnt|[from] psn
|faint|p2a: Dragonite
|upkeep
|
|t:|1758287490
|switch|p2a: Darkrai|Darkrai|100/100
|turn|19
|
|t:|1758287496
|move|p2a: Darkrai|Dark Pulse|p1a: Toxapex
|-damage|p1a: Toxapex|8/100
|cant|p1a: Toxapex|flinch
|
|upkeep
|turn|20
|
|t:|1758287503
|switch|p1a: Samurott|Samurott-Hisui, M, shiny|100/100
|move|p2a: Darkrai|Dark Pulse|p1a: Samurott
|-resisted|p1a: Samurott
|-damage|p1a: Samurott|69/100
|
|upkeep
|turn|21
|
|t:|1758287509
|switch|p2a: Iron Valiant|Iron Valiant|36/100
|move|p1a: Samurott|Aqua Cutter|p2a: Iron Valiant
|-damage|p2a: Iron Valiant|0 fnt
|faint|p2a: Iron Valiant
|-end|p2a: Iron Valiant|Quark Drive|[silent]
|
|upkeep
|
|t:|1758287511
|switch|p2a: Zamazenta|Zamazenta|100/100
|-ability|p2a: Zamazenta|Dauntless Shield|boost
|-boost|p2a: Zamazenta|def|1
|turn|22
|
|t:|1758287518
|switch|p1a: Slowking|Slowking-Galar, F, shiny|49/100
|move|p2a: Zamazenta|Body Press|p1a: Slowking
|-resisted|p1a: Slowking
|-damage|p1a: Slowking|38/100
|
|upkeep
|turn|23
|
|t:|1758287525
|move|p2a: Zamazenta|Crunch|p1a: Slowking
|-supereffective|p1a: Slowking
|-damage|p1a: Slowking|0 fnt
|faint|p1a: Slowking
|
|upkeep
|
|t:|1758287529
|switch|p1a: Toxapex|Toxapex, M, shiny|42/100
|turn|24
|
|t:|1758287539
|move|p2a: Zamazenta|Iron Defense|p2a: Zamazenta
|-boost|p2a: Zamazenta|def|2
|move|p1a: Toxapex|Toxic|p2a: Zamazenta
|-status|p2a: Zamazenta|tox
|
|-damage|p2a: Zamazenta|94/100 tox|[from] psn
|upkeep
|turn|25
|
|t:|1758287546
|move|p2a: Zamazenta|Body Press|p1a: Toxapex
|-resisted|p1a: Toxapex
|-damage|p1a: Toxapex|17/100
|-damage|p2a: Zamazenta|78/100 tox|[from] item: Rocky Helmet|[of] p1a: Toxapex
|move|p1a: Toxapex|Recover|p1a: Toxapex
|-heal|p1a: Toxapex|67/100
|
|-heal|p2a: Zamazenta|84/100 tox|[from] item: Leftovers
|-damage|p2a: Zamazenta|72/100 tox|[from] psn
|upkeep
|turn|26
|
|t:|1758287555
|move|p1a: Toxapex|Recover|p1a: Toxapex
|-heal|p1a: Toxapex|100/100
|move|p2a: Zamazenta|Roar|p1a: Toxapex
|drag|p1a: Ditto|Ditto|100/100
|-transform|p1a: Ditto|p2a: Zamazenta|[from] ability: Imposter
|-ability|p1a: Ditto|Dauntless Shield|boost
|-boost|p1a: Ditto|def|1
|
|-heal|p2a: Zamazenta|78/100 tox|[from] item: Leftovers
|-damage|p2a: Zamazenta|59/100 tox|[from] psn
|upkeep
|turn|27
|
|t:|1758287572
|move|p2a: Zamazenta|Body Press|p1a: Ditto
|-damage|p1a: Ditto|76/100
|-enditem|p1a: Ditto|Red Card|[of] p2a: Zamazenta
|drag|p2a: Darkrai|Darkrai|100/100
|move|p1a: Ditto|Body Press|p2a: Darkrai
|-supereffective|p2a: Darkrai
|-damage|p2a: Darkrai|0 fnt
|faint|p2a: Darkrai
|
|upkeep
|
|t:|1758287575
|switch|p2a: Zamazenta|Zamazenta|59/100 tox
|turn|28
|c|☆tateredprince|gg
|c|☆likiko|gg
|
|t:|1758287582
|move|p1a: Ditto|Body Press|p2a: Zamazenta
|-damage|p2a: Zamazenta|0 fnt
|faint|p2a: Zamazenta
|
|win|tateredprince
|raw|tateredprince's rating: 1379 &rarr; <strong>1396</strong><br />(+17 for winning)
|raw|likiko's rating: 1330 &rarr; <strong>1313</strong><br />(-17 for losing)
|l|☆likiko
|player|p2|
|l|☆tateredprince
|player|p1|
