|j|☆sonic superstars
|j|☆inthestation
|t:|1758313358
|gametype|singles
|player|p1|sonic superstars|palmer|1636
|player|p2|inthestation|pokemonbreeder|1690
|gen|9
|tier|[Gen 9] OU
|rated|
|rule|HP Percentage Mod: HP is shown in percentages
|rule|Endless Battle Clause: Forcing endless battles is banned
|rule|Species Clause: Limit one of each Pokémon
|rule|OHKO Clause: OHKO moves are banned
|rule|Evasion Items Clause: Evasion items are banned
|rule|Evasion Moves Clause: Evasion moves are banned
|rule|Evasion Abilities Clause: Evasion abilities are banned
|rule|Sleep Moves Clause: Sleep-inducing moves are banned
|clearpoke
|poke|p1|Garganacl, M|
|poke|p1|Great Tusk|
|poke|p1|Chesnaught, M|
|poke|p1|Dragapult, F|
|poke|p1|Moltres|
|poke|p1|Kingambit, M|
|poke|p2|Ninetales-Alola, M|
|poke|p2|Kyurem|
|poke|p2|Hatterene, F|
|poke|p2|Weezing-Galar, F|
|poke|p2|Kingambit, F|
|poke|p2|Iron Moth|
|teampreview
|inactive|Battle timer is ON: inactive players will automatically lose when time's up. (requested by sonic superstars)
|c|☆inthestation|glhf
|c|☆sonic superstars|glhf
|
|t:|1758313372
|teamsize|p1|6
|teamsize|p2|6
|start
|switch|p1a: Garganacl|Garganacl, M|100/100
|switch|p2a: Ninetales|Ninetales-Alola, M|100/100
|-weather|Snowscape|[from] ability: Snow Warning|[of] p2a: Ninetales
|turn|1
|
|t:|1758313377
|switch|p2a: Hatterene|Hatterene, F|100/100
|move|p1a: Garganacl|Stealth Rock|p2a: Hatterene
|move|p2a: Hatterene|Stealth Rock|p1a: Garganacl|[from] ability: Magic Bounce
|-sidestart|p1: sonic superstars|move: Stealth Rock
|
|-weather|Snowscape|[upkeep]
|upkeep
|turn|2
|
|t:|1758313382
|move|p2a: Hatterene|Calm Mind|p2a: Hatterene
|-boost|p2a: Hatterene|spa|1
|-boost|p2a: Hatterene|spd|1
|move|p1a: Garganacl|Salt Cure|p2a: Hatterene
|-damage|p2a: Hatterene|88/100
|-start|p2a: Hatterene|Salt Cure
|
|-weather|Snowscape|[upkeep]
|-heal|p2a: Hatterene|94/100|[from] item: Leftovers
|-damage|p2a: Hatterene|82/100|[from] Salt Cure
|upkeep
|turn|3
|
|t:|1758313386
|switch|p1a: Moltres|Moltres|100/100
|move|p2a: Hatterene|Calm Mind|p2a: Hatterene
|-boost|p2a: Hatterene|spa|1
|-boost|p2a: Hatterene|spd|1
|
|-weather|Snowscape|[upkeep]
|-heal|p2a: Hatterene|88/100|[from] item: Leftovers
|-damage|p2a: Hatterene|76/100|[from] Salt Cure
|upkeep
|turn|4
|
|t:|1758313391
|move|p1a: Moltres|Flamethrower|p2a: Hatterene
|-crit|p2a: Hatterene
|-damage|p2a: Hatterene|14/100
|-status|p2a: Hatterene|brn
|move|p2a: Hatterene|Psyshock|p1a: Moltres
|-damage|p1a: Moltres|27/100
|
|-weather|Snowscape|[upkeep]
|-heal|p2a: Hatterene|20/100 brn|[from] item: Leftovers
|-damage|p2a: Hatterene|14/100 brn|[from] brn
|-damage|p2a: Hatterene|2/100 brn|[from] Salt Cure
|upkeep
|turn|5
|
|t:|1758313400
|move|p1a: Moltres|Flamethrower|p2a: Hatterene
|-damage|p2a: Hatterene|0 fnt
|faint|p2a: Hatterene
|
|-weather|none
|upkeep
|
|t:|1758313406
|switch|p2a: Ninetales|Ninetales-Alola, M|100/100
|-weather|Snowscape|[from] ability: Snow Warning|[of] p2a: Ninetales
|turn|6
|
|t:|1758313412
|move|p2a: Ninetales|Aurora Veil|p2a: Ninetales
|-sidestart|p2: inthestation|move: Aurora Veil
|move|p1a: Moltres|Roost|p1a: Moltres
|-heal|p1a: Moltres|77/100
|-singleturn|p1a: Moltres|move: Roost
|
|-weather|Snowscape|[upkeep]
|upkeep
|turn|7
|
|t:|1758313415
|move|p2a: Ninetales|Encore|p1a: Moltres
|-start|p1a: Moltres|Encore
|move|p1a: Moltres|Roost|p1a: Moltres
|-heal|p1a: Moltres|100/100
|-singleturn|p1a: Moltres|move: Roost
|
|-weather|Snowscape|[upkeep]
|upkeep
|turn|8
|
|t:|1758313424
|switch|p2a: Kingambit|Kingambit, F|100/100
|-activate|p2a: Kingambit|ability: Supreme Overlord
|-start|p2a: Kingambit|fallen1|[silent]
|switch|p1a: Dragapult|Dragapult, F|100/100
|
|-weather|Snowscape|[upkeep]
|upkeep
|turn|9
|
|t:|1758313427
|move|p1a: Dragapult|Will-O-Wisp|p2a: Kingambit
|-status|p2a: Kingambit|brn
|move|p2a: Kingambit|Swords Dance|p2a: Kingambit
|-boost|p2a: Kingambit|atk|2
|
|-weather|Snowscape|[upkeep]
|-damage|p2a: Kingambit|94/100 brn|[from] brn
|upkeep
|turn|10
|
|t:|1758313433
|move|p1a: Dragapult|U-turn|p2a: Kingambit
|-damage|p2a: Kingambit|81/100 brn
|
|t:|1758313435
|switch|p1a: Chesnaught|Chesnaught, M|100/100|[from] U-turn
|-damage|p1a: Chesnaught|94/100|[from] Stealth Rock
|move|p2a: Kingambit|Kowtow Cleave|p1a: Chesnaught
|-resisted|p1a: Chesnaught
|-damage|p1a: Chesnaught|80/100
|-damage|p2a: Kingambit|64/100 brn|[from] item: Rocky Helmet|[of] p1a: Chesnaught
|
|-weather|none
|-heal|p2a: Kingambit|71/100 brn|[from] item: Leftovers
|-damage|p2a: Kingambit|64/100 brn|[from] brn
|upkeep
|turn|11
|
|t:|1758313440
|-end|p2a: Kingambit|fallen1|[silent]
|switch|p2a: Iron Moth|Iron Moth|100/100
|-enditem|p2a: Iron Moth|Booster Energy
|-activate|p2a: Iron Moth|ability: Quark Drive|[fromitem]
|-start|p2a: Iron Moth|quarkdrivespe
|move|p1a: Chesnaught|Spikes|p2a: Iron Moth
|-sidestart|p2: inthestation|Spikes
|
|upkeep
|turn|12
|
|t:|1758313445
|switch|p1a: Garganacl|Garganacl, M|100/100
|-damage|p1a: Garganacl|88/100|[from] Stealth Rock
|move|p2a: Iron Moth|Substitute|p2a: Iron Moth
|-start|p2a: Iron Moth|Substitute
|-damage|p2a: Iron Moth|76/100
|
|-heal|p1a: Garganacl|94/100|[from] item: Leftovers
|upkeep
|turn|13
|j| pokerus11
|
|t:|1758313456
|switch|p1a: Moltres|Moltres|100/100
|-terastallize|p2a: Iron Moth|Grass
|move|p2a: Iron Moth|Fiery Dance|p1a: Moltres
|-resisted|p1a: Moltres
|-damage|p1a: Moltres|85/100
|-boost|p2a: Iron Moth|spa|1
|
|-sideend|p2: inthestation|move: Aurora Veil
|upkeep
|turn|14
|
|t:|1758313462
|move|p2a: Iron Moth|Sludge Wave|p1a: Moltres
|-damage|p1a: Moltres|31/100
|move|p1a: Moltres|Roar|p2a: Iron Moth
|-end|p2a: Iron Moth|Quark Drive|[silent]
|drag|p2a: Kingambit|Kingambit, F|64/100 brn
|-damage|p2a: Kingambit|52/100 brn|[from] Spikes
|-activate|p2a: Kingambit|ability: Supreme Overlord
|-start|p2a: Kingambit|fallen1|[silent]
|
|-heal|p2a: Kingambit|58/100 brn|[from] item: Leftovers
|-damage|p2a: Kingambit|52/100 brn|[from] brn
|upkeep
|turn|15
|
|t:|1758313468
|move|p1a: Moltres|Roost|p1a: Moltres
|-heal|p1a: Moltres|81/100
|-singleturn|p1a: Moltres|move: Roost
|move|p2a: Kingambit|Swords Dance|p2a: Kingambit
|-boost|p2a: Kingambit|atk|2
|
|-heal|p2a: Kingambit|58/100 brn|[from] item: Leftovers
|-damage|p2a: Kingambit|52/100 brn|[from] brn
|upkeep
|turn|16
|
|t:|1758313475
|switch|p1a: Great Tusk|Great Tusk|100/100
|move|p2a: Kingambit|Iron Head|p1a: Great Tusk
|-damage|p1a: Great Tusk|66/100
|
|-heal|p2a: Kingambit|58/100 brn|[from] item: Leftovers
|-damage|p2a: Kingambit|52/100 brn|[from] brn
|upkeep
|turn|17
|
|t:|1758313480
|move|p1a: Great Tusk|Rapid Spin|p2a: Kingambit
|-resisted|p2a: Kingambit
|-damage|p2a: Kingambit|46/100 brn
|-boost|p1a: Great Tusk|spe|1
|-sideend|p1: sonic superstars|Stealth Rock|[from] move: Rapid Spin|[of] p1a: Great Tusk
|move|p2a: Kingambit|Iron Head|p1a: Great Tusk
|-damage|p1a: Great Tusk|31/100
|
|-heal|p2a: Kingambit|52/100 brn|[from] item: Leftovers
|-damage|p2a: Kingambit|46/100 brn|[from] brn
|upkeep
|turn|18
|
|t:|1758313483
|move|p2a: Kingambit|Sucker Punch|p1a: Great Tusk
|-resisted|p1a: Great Tusk
|-damage|p1a: Great Tusk|15/100
|move|p1a: Great Tusk|Headlong Rush|p2a: Kingambit
|-supereffective|p2a: Kingambit
|-damage|p2a: Kingambit|0 fnt
|-unboost|p1a: Great Tusk|def|1
|-unboost|p1a: Great Tusk|spd|1
|faint|p2a: Kingambit
|-end|p2a: Kingambit|fallen1|[silent]
|
|upkeep
|
|t:|1758313497
|switch|p2a: Ninetales|Ninetales-Alola, M|100/100
|-damage|p2a: Ninetales|88/100|[from] Spikes
|-weather|Snowscape|[from] ability: Snow Warning|[of] p2a: Ninetales
|turn|19
|
|t:|1758313500
|move|p1a: Great Tusk|Knock Off|p2a: Ninetales
|-resisted|p2a: Ninetales
|-damage|p2a: Ninetales|74/100
|-enditem|p2a: Ninetales|Light Clay|[from] move: Knock Off|[of] p1a: Great Tusk
|move|p2a: Ninetales|Aurora Veil|p2a: Ninetales
|-sidestart|p2: inthestation|move: Aurora Veil
|
|-weather|Snowscape|[upkeep]
|upkeep
|turn|20
|
|t:|1758313507
|-end|p1a: Great Tusk|Protosynthesis|[silent]
|switch|p1a: Garganacl|Garganacl, M|94/100
|move|p2a: Ninetales|Freeze-Dry|p1a: Garganacl
|-damage|p1a: Garganacl|81/100
|
|-weather|Snowscape|[upkeep]
|-heal|p1a: Garganacl|87/100|[from] item: Leftovers
|upkeep
|turn|21
|
|t:|1758313511
|switch|p2a: Weezing|Weezing-Galar, F|100/100
|-ability|p2a: Weezing|Neutralizing Gas
|move|p1a: Garganacl|Salt Cure|p2a: Weezing
|-damage|p2a: Weezing|96/100
|-start|p2a: Weezing|Salt Cure
|
|-weather|Snowscape|[upkeep]
|-heal|p1a: Garganacl|93/100|[from] item: Leftovers
|-damage|p2a: Weezing|83/100|[from] Salt Cure
|upkeep
|turn|22
|
|t:|1758313518
|switch|p1a: Moltres|Moltres|81/100
|move|p2a: Weezing|Will-O-Wisp|p1a: Moltres
|-immune|p1a: Moltres
|
|-weather|Snowscape|[upkeep]
|-damage|p2a: Weezing|71/100|[from] Salt Cure
|upkeep
|turn|23
|
|t:|1758313525
|switch|p1a: Great Tusk|Great Tusk|15/100
|move|p2a: Weezing|Defog|p1a: Great Tusk
|-unboost|p1a: Great Tusk|evasion|1
|-sideend|p2: inthestation|Spikes|[from] move: Defog|[of] p2a: Weezing
|
|-weather|none
|-damage|p2a: Weezing|59/100|[from] Salt Cure
|-sideend|p2: inthestation|move: Aurora Veil
|upkeep
|turn|24
|
|t:|1758313531
|-end|p2a: Weezing|ability: Neutralizing Gas
|switch|p2a: Ninetales|Ninetales-Alola, M|74/100
|-weather|Snowscape|[from] ability: Snow Warning|[of] p2a: Ninetales
|move|p1a: Great Tusk|Headlong Rush|p2a: Ninetales
|-damage|p2a: Ninetales|22/100
|-unboost|p1a: Great Tusk|def|1
|-unboost|p1a: Great Tusk|spd|1
|
|-weather|Snowscape|[upkeep]
|upkeep
|turn|25
|
|t:|1758313535
|-end|p1a: Great Tusk|Protosynthesis|[silent]
|switch|p1a: Garganacl|Garganacl, M|93/100
|move|p2a: Ninetales|Aurora Veil|p2a: Ninetales
|-sidestart|p2: inthestation|move: Aurora Veil
|
|-weather|Snowscape|[upkeep]
|-heal|p1a: Garganacl|99/100|[from] item: Leftovers
|upkeep
|turn|26
|
|t:|1758313538
|switch|p2a: Iron Moth|Iron Moth, tera:Grass|76/100
|move|p1a: Garganacl|Stealth Rock|p2a: Iron Moth
|-sidestart|p2: inthestation|move: Stealth Rock
|
|-weather|Snowscape|[upkeep]
|-heal|p1a: Garganacl|100/100|[from] item: Leftovers
|upkeep
|turn|27
|
|t:|1758313541
|switch|p1a: Moltres|Moltres|81/100
|move|p2a: Iron Moth|Substitute|p2a: Iron Moth
|-start|p2a: Iron Moth|Substitute
|-damage|p2a: Iron Moth|51/100
|
|-weather|Snowscape|[upkeep]
|upkeep
|turn|28
|
|t:|1758313544
|move|p2a: Iron Moth|Sludge Wave|p1a: Moltres
|-damage|p1a: Moltres|46/100
|move|p1a: Moltres|Roar|p2a: Iron Moth
|-end|p2a: Iron Moth|Quark Drive|[silent]
|drag|p2a: Weezing|Weezing-Galar, F|59/100
|-ability|p2a: Weezing|Neutralizing Gas
|
|-weather|none
|upkeep
|turn|29
|
|t:|1758313548
|move|p1a: Moltres|Roost|p1a: Moltres
|-heal|p1a: Moltres|96/100
|-singleturn|p1a: Moltres|move: Roost
|move|p2a: Weezing|Defog|p1a: Moltres
|-unboost|p1a: Moltres|evasion|1
|-sideend|p2: inthestation|Stealth Rock|[from] move: Defog|[of] p2a: Weezing
|
|-sideend|p2: inthestation|move: Aurora Veil
|upkeep
|turn|30
|c|☆inthestation|gg
|c|☆inthestation|wp
|c|☆sonic superstars|gg
|-message|inthestation forfeited.
|
|win|sonic superstars
|raw|sonic superstars's rating: 1636 &rarr; <strong>1659</strong><br />(+23 for winning)
|raw|inthestation's rating: 1690 &rarr; <strong>1667</strong><br />(-23 for losing)
|l|☆sonic superstars
|player|p1|
|l|☆inthestation
|player|p2|
|l| pokerus11
