|j|☆jarrodbennett
|j|☆GhostOfKraken
|t:|1758367097
|gametype|singles
|player|p1|jarrodbennett|1|1426
|player|p2|GhostOfKraken|harlequin|1366
|gen|9
|tier|[Gen 9] OU
|rated|
|rule|HP Percentage Mod: HP is shown in percentages
|rule|Endless Battle Clause: Forcing endless battles is banned
|rule|Species Clause: Limit one of each Pokémon
|rule|OHKO Clause: OHKO moves are banned
|rule|Evasion Items Clause: Evasion items are banned
|rule|Evasion Moves Clause: Evasion moves are banned
|rule|Evasion Abilities Clause: Evasion abilities are banned
|rule|Sleep Moves Clause: Sleep-inducing moves are banned
|clearpoke
|poke|p1|Ribombee, M|
|poke|p1|Cinderace, F|
|poke|p1|Serperior, M|
|poke|p1|Hitmonlee, M|
|poke|p1|Empoleon, M|
|poke|p1|Kingambit, F|
|poke|p2|Samurott-Hisui, M|
|poke|p2|Toxapex, F|
|poke|p2|Gholdengo|
|poke|p2|Kyurem|
|poke|p2|Great Tusk|
|poke|p2|Kingambit, M|
|teampreview
|inactive|Battle timer is ON: inactive players will automatically lose when time's up. (requested by GhostOfKraken)
|
|t:|1758367105
|teamsize|p1|6
|teamsize|p2|6
|start
|switch|p1a: Ya Like Jazz?|Ribombee, M|100/100
|switch|p2a: Chill Unicorn|Samurott-Hisui, M, shiny|100/100
|turn|1
|
|t:|1758367119
|move|p1a: Ya Like Jazz?|Sticky Web|p2a: Chill Unicorn
|-sidestart|p2: GhostOfKraken|move: Sticky Web
|move|p2a: Chill Unicorn|Razor Shell|p1a: Ya Like Jazz?
|-enditem|p1a: Ya Like Jazz?|Focus Sash
|-damage|p1a: Ya Like Jazz?|1/100
|
|upkeep
|turn|2
|
|t:|1758367126
|move|p2a: Chill Unicorn|Sucker Punch||[still]
|-fail|p2a: Chill Unicorn
|move|p1a: Ya Like Jazz?|Charm|p2a: Chill Unicorn
|-unboost|p2a: Chill Unicorn|atk|2
|
|upkeep
|turn|3
|
|t:|1758367131
|move|p1a: Ya Like Jazz?|Charm|p2a: Chill Unicorn
|-unboost|p2a: Chill Unicorn|atk|2
|move|p2a: Chill Unicorn|Ceaseless Edge|p1a: Ya Like Jazz?
|-resisted|p1a: Ya Like Jazz?
|-damage|p1a: Ya Like Jazz?|0 fnt
|-sidestart|p1: jarrodbennett|Spikes
|faint|p1a: Ya Like Jazz?
|
|upkeep
|
|t:|1758367140
|switch|p1a: What's Up Doc?|Cinderace, F|100/100
|turn|4
|
|t:|1758367145
|switch|p2a: You shall not pass|Great Tusk|100/100
|move|p1a: What's Up Doc?|High Jump Kick|p2a: You shall not pass
|-start|p1a: What's Up Doc?|typechange|Fighting|[from] ability: Libero
|-damage|p2a: You shall not pass|57/100
|
|upkeep
|turn|5
|
|t:|1758367155
|move|p1a: What's Up Doc?|Court Change|p1a: What's Up Doc?
|-swapsideconditions
|-activate|p1a: What's Up Doc?|move: Court Change
|move|p2a: You shall not pass|Rapid Spin|p1a: What's Up Doc?
|-damage|p1a: What's Up Doc?|76/100
|-boost|p2a: You shall not pass|spe|1
|-sideend|p2: GhostOfKraken|Spikes|[from] move: Rapid Spin|[of] p2a: You shall not pass
|
|upkeep
|turn|6
|
|t:|1758367176
|move|p2a: You shall not pass|Ice Spinner|p1a: What's Up Doc?
|-damage|p1a: What's Up Doc?|35/100
|move|p1a: What's Up Doc?|High Jump Kick|p2a: You shall not pass
|-damage|p2a: You shall not pass|8/100
|
|upkeep
|turn|7
|
|t:|1758367184
|move|p2a: You shall not pass|Ice Spinner|p1a: What's Up Doc?
|-damage|p1a: What's Up Doc?|0 fnt
|faint|p1a: What's Up Doc?
|
|upkeep
|
|t:|1758367192
|switch|p1a: Slytherin|Serperior, M|100/100
|-activate|p1a: Slytherin|move: Sticky Web
|-boost|p1a: Slytherin|spe|1
|turn|8
|
|t:|1758367197
|move|p1a: Slytherin|Leaf Storm|p2a: You shall not pass
|-supereffective|p2a: You shall not pass
|-damage|p2a: You shall not pass|0 fnt
|-boost|p1a: Slytherin|spa|2
|faint|p2a: You shall not pass
|-end|p2a: You shall not pass|Protosynthesis|[silent]
|
|upkeep
|
|t:|1758367207
|switch|p2a: Blockhaus|Toxapex, F|100/100
|turn|9
|
|t:|1758367212
|move|p1a: Slytherin|Substitute|p1a: Slytherin
|-start|p1a: Slytherin|Substitute
|-damage|p1a: Slytherin|76/100
|move|p2a: Blockhaus|Liquidation|p1a: Slytherin
|-resisted|p1a: Slytherin
|-activate|p1a: Slytherin|move: Substitute|[damage]
|
|upkeep
|turn|10
|
|t:|1758367219
|switch|p2a: Spliff de Weed|Gholdengo|100/100
|-item|p2a: Spliff de Weed|Air Balloon
|move|p1a: Slytherin|Leaf Storm|p2a: Spliff de Weed
|-resisted|p2a: Spliff de Weed
|-damage|p2a: Spliff de Weed|51/100
|-boost|p1a: Slytherin|spa|2
|-enditem|p2a: Spliff de Weed|Air Balloon
|
|upkeep
|turn|11
|
|t:|1758367229
|move|p1a: Slytherin|Leaf Storm|p2a: Spliff de Weed
|-resisted|p2a: Spliff de Weed
|-damage|p2a: Spliff de Weed|0 fnt
|-boost|p1a: Slytherin|spa|2
|faint|p2a: Spliff de Weed
|
|upkeep
|
|t:|1758367235
|switch|p2a: Alduin|Kyurem|100/100
|-ability|p2a: Alduin|Pressure
|turn|12
|
|t:|1758367241
|-terastallize|p1a: Slytherin|Stellar
|move|p1a: Slytherin|Tera Blast|p2a: Alduin|[anim] Tera Blast Stellar
|-damage|p2a: Alduin|0 fnt
|-boost|p1a: Slytherin|atk|1
|faint|p2a: Alduin
|
|upkeep
|
|t:|1758367248
|switch|p2a: Chill Unicorn|Samurott-Hisui, M, shiny|100/100
|turn|13
|
|t:|1758367252
|move|p1a: Slytherin|Tera Blast|p2a: Chill Unicorn|[anim] Tera Blast Stellar
|-enditem|p2a: Chill Unicorn|Focus Sash
|-damage|p2a: Chill Unicorn|1/100
|-boost|p1a: Slytherin|atk|1
|move|p2a: Chill Unicorn|Ceaseless Edge|p1a: Slytherin
|-end|p1a: Slytherin|Substitute
|-sidestart|p1: jarrodbennett|Spikes
|
|upkeep
|turn|14
|
|t:|1758367261
|move|p2a: Chill Unicorn|Sucker Punch|p1a: Slytherin
|-damage|p1a: Slytherin|34/100
|move|p1a: Slytherin|Tera Blast|p2a: Chill Unicorn|[anim] Tera Blast Stellar
|-damage|p2a: Chill Unicorn|0 fnt
|-boost|p1a: Slytherin|atk|1
|faint|p2a: Chill Unicorn
|
|upkeep
|
|t:|1758367268
|switch|p2a: Overlord|Kingambit, M, shiny|100/100
|-activate|p2a: Overlord|ability: Supreme Overlord
|-start|p2a: Overlord|fallen4|[silent]
|turn|15
|
|t:|1758367277
|move|p1a: Slytherin|Substitute|p1a: Slytherin
|-start|p1a: Slytherin|Substitute
|-damage|p1a: Slytherin|9/100
|move|p2a: Overlord|Kowtow Cleave|p1a: Slytherin
|-end|p1a: Slytherin|Substitute
|
|upkeep
|turn|16
|
|t:|1758367285
|move|p2a: Overlord|Sucker Punch||[still]
|-fail|p2a: Overlord
|move|p1a: Slytherin|Gastro Acid|p2a: Overlord
|-endability|p2a: Overlord
|-end|p2a: Overlord|fallen4|[silent]
|
|upkeep
|turn|17
|
|t:|1758367292
|move|p1a: Slytherin|Substitute|p1a: Slytherin
|-fail|p1a: Slytherin|move: Substitute|[weak]
|move|p2a: Overlord|Kowtow Cleave|p1a: Slytherin
|-crit|p1a: Slytherin
|-damage|p1a: Slytherin|0 fnt
|faint|p1a: Slytherin
|
|upkeep
|
|t:|1758367302
|switch|p1a: Big Z|Empoleon, M|100/100
|-activate|p1a: Big Z|move: Sticky Web
|-unboost|p1a: Big Z|spe|1
|-ability|p1a: Big Z|Competitive|boost
|-boost|p1a: Big Z|spa|2
|-damage|p1a: Big Z|88/100|[from] Spikes
|turn|18
|
|t:|1758367310
|-end|p2a: Overlord|fallen4|[silent]
|switch|p2a: Blockhaus|Toxapex, F|100/100
|move|p1a: Big Z|Vacuum Wave|p2a: Blockhaus
|-resisted|p2a: Blockhaus
|-damage|p2a: Blockhaus|90/100
|
|upkeep
|turn|19
|
|t:|1758367317
|move|p2a: Blockhaus|Liquidation|p1a: Big Z
|-resisted|p1a: Big Z
|-crit|p1a: Big Z
|-damage|p1a: Big Z|73/100
|move|p1a: Big Z|Surf|p2a: Blockhaus
|-resisted|p2a: Blockhaus
|-damage|p2a: Blockhaus|55/100
|
|upkeep
|turn|20
|
|t:|1758367325
|move|p2a: Blockhaus|Recover|p2a: Blockhaus
|-heal|p2a: Blockhaus|100/100
|move|p1a: Big Z|Surf|p2a: Blockhaus
|-resisted|p2a: Blockhaus
|-damage|p2a: Blockhaus|67/100
|
|upkeep
|turn|21
|
|t:|1758367332
|move|p2a: Blockhaus|Liquidation|p1a: Big Z
|-resisted|p1a: Big Z
|-damage|p1a: Big Z|63/100
|move|p1a: Big Z|Flash Cannon|p2a: Blockhaus
|-resisted|p2a: Blockhaus
|-damage|p2a: Blockhaus|36/100
|
|upkeep
|turn|22
|
|t:|1758367340
|move|p2a: Blockhaus|Recover|p2a: Blockhaus
|-heal|p2a: Blockhaus|86/100
|move|p1a: Big Z|Surf|p2a: Blockhaus
|-resisted|p2a: Blockhaus
|-damage|p2a: Blockhaus|49/100
|
|upkeep
|turn|23
|
|t:|1758367346
|move|p2a: Blockhaus|Recover|p2a: Blockhaus
|-heal|p2a: Blockhaus|99/100
|move|p1a: Big Z|Flash Cannon|p2a: Blockhaus
|-resisted|p2a: Blockhaus
|-damage|p2a: Blockhaus|67/100
|
|upkeep
|turn|24
|
|t:|1758367354
|move|p2a: Blockhaus|Baneful Bunker|p2a: Blockhaus
|-singleturn|p2a: Blockhaus|move: Protect
|move|p1a: Big Z|Flash Cannon|p2a: Blockhaus
|-activate|p2a: Blockhaus|move: Protect
|
|upkeep
|turn|25
|
|t:|1758367361
|move|p2a: Blockhaus|Liquidation|p1a: Big Z
|-resisted|p1a: Big Z
|-damage|p1a: Big Z|54/100
|move|p1a: Big Z|Flash Cannon|p2a: Blockhaus
|-resisted|p2a: Blockhaus
|-damage|p2a: Blockhaus|34/100
|
|upkeep
|turn|26
|
|t:|1758367368
|move|p2a: Blockhaus|Baneful Bunker|p2a: Blockhaus
|-singleturn|p2a: Blockhaus|move: Protect
|move|p1a: Big Z|Flash Cannon|p2a: Blockhaus
|-activate|p2a: Blockhaus|move: Protect
|
|upkeep
|turn|27
|
|t:|1758367376
|move|p2a: Blockhaus|Recover|p2a: Blockhaus
|-heal|p2a: Blockhaus|84/100
|move|p1a: Big Z|Surf|p2a: Blockhaus
|-resisted|p2a: Blockhaus
|-crit|p2a: Blockhaus
|-damage|p2a: Blockhaus|34/100
|
|upkeep
|turn|28
|
|t:|1758367384
|move|p2a: Blockhaus|Recover|p2a: Blockhaus
|-heal|p2a: Blockhaus|84/100
|move|p1a: Big Z|Flash Cannon|p2a: Blockhaus
|-resisted|p2a: Blockhaus
|-crit|p2a: Blockhaus
|-damage|p2a: Blockhaus|34/100
|
|upkeep
|turn|29
|
|t:|1758367391
|move|p2a: Blockhaus|Baneful Bunker|p2a: Blockhaus
|-singleturn|p2a: Blockhaus|move: Protect
|move|p1a: Big Z|Surf|p2a: Blockhaus
|-activate|p2a: Blockhaus|move: Protect
|
|upkeep
|turn|30
|
|t:|1758367398
|move|p2a: Blockhaus|Recover|p2a: Blockhaus
|-heal|p2a: Blockhaus|84/100
|move|p1a: Big Z|Surf|p2a: Blockhaus
|-resisted|p2a: Blockhaus
|-damage|p2a: Blockhaus|51/100
|
|upkeep
|turn|31
|
|t:|1758367405
|move|p2a: Blockhaus|Baneful Bunker|p2a: Blockhaus
|-singleturn|p2a: Blockhaus|move: Protect
|move|p1a: Big Z|Surf|p2a: Blockhaus
|-activate|p2a: Blockhaus|move: Protect
|
|upkeep
|turn|32
|
|t:|1758367411
|move|p2a: Blockhaus|Recover|p2a: Blockhaus
|-heal|p2a: Blockhaus|100/100
|move|p1a: Big Z|Surf|p2a: Blockhaus
|-resisted|p2a: Blockhaus
|-damage|p2a: Blockhaus|65/100
|
|upkeep
|turn|33
|
|t:|1758367418
|move|p2a: Blockhaus|Baneful Bunker|p2a: Blockhaus
|-singleturn|p2a: Blockhaus|move: Protect
|move|p1a: Big Z|Surf|p2a: Blockhaus
|-activate|p2a: Blockhaus|move: Protect
|
|upkeep
|turn|34
|
|t:|1758367424
|move|p2a: Blockhaus|Liquidation|p1a: Big Z
|-resisted|p1a: Big Z
|-damage|p1a: Big Z|44/100
|move|p1a: Big Z|Flash Cannon|p2a: Blockhaus
|-resisted|p2a: Blockhaus
|-damage|p2a: Blockhaus|32/100
|
|upkeep
|turn|35
|
|t:|1758367431
|move|p2a: Blockhaus|Baneful Bunker|p2a: Blockhaus
|-singleturn|p2a: Blockhaus|move: Protect
|move|p1a: Big Z|Surf|p2a: Blockhaus
|-activate|p2a: Blockhaus|move: Protect
|
|upkeep
|turn|36
|
|t:|1758367437
|move|p2a: Blockhaus|Recover|p2a: Blockhaus
|-heal|p2a: Blockhaus|82/100
|move|p1a: Big Z|Surf|p2a: Blockhaus
|-resisted|p2a: Blockhaus
|-damage|p2a: Blockhaus|46/100
|
|upkeep
|turn|37
|c|☆jarrodbennett|Now you're like my ex-girlfriend.
|c|☆jarrodbennett|Out of PP.
|
|t:|1758367458
|move|p2a: Blockhaus|Baneful Bunker|p2a: Blockhaus
|-singleturn|p2a: Blockhaus|move: Protect
|move|p1a: Big Z|Flash Cannon|p2a: Blockhaus
|-activate|p2a: Blockhaus|move: Protect
|
|upkeep
|turn|38
|
|t:|1758367468
|move|p2a: Blockhaus|Liquidation|p1a: Big Z
|-resisted|p1a: Big Z
|-damage|p1a: Big Z|34/100
|move|p1a: Big Z|Flash Cannon|p2a: Blockhaus
|-resisted|p2a: Blockhaus
|-damage|p2a: Blockhaus|12/100
|
|upkeep
|turn|39
|c|☆GhostOfKraken|LOL
|
|t:|1758367487
|move|p2a: Blockhaus|Liquidation|p1a: Big Z
|-resisted|p1a: Big Z
|-damage|p1a: Big Z|24/100
|move|p1a: Big Z|Surf|p2a: Blockhaus
|-resisted|p2a: Blockhaus
|-damage|p2a: Blockhaus|0 fnt
|faint|p2a: Blockhaus
|
|upkeep
|
|t:|1758367493
|switch|p2a: Overlord|Kingambit, M, shiny|100/100
|-activate|p2a: Overlord|ability: Supreme Overlord
|-start|p2a: Overlord|fallen5|[silent]
|turn|40
|
|t:|1758367504
|-terastallize|p2a: Overlord|Ghost
|move|p1a: Big Z|Vacuum Wave|p2a: Overlord
|-immune|p2a: Overlord
|move|p2a: Overlord|Swords Dance|p2a: Overlord
|-boost|p2a: Overlord|atk|2
|
|upkeep
|turn|41
|
|t:|1758367511
|move|p2a: Overlord|Kowtow Cleave|p1a: Big Z
|-damage|p1a: Big Z|0 fnt
|faint|p1a: Big Z
|
|upkeep
|
|t:|1758367517
|switch|p1a: Kickin' Nugget|Hitmonlee, M|100/100
|-activate|p1a: Kickin' Nugget|move: Sticky Web
|-unboost|p1a: Kickin' Nugget|spe|1
|-damage|p1a: Kickin' Nugget|88/100|[from] Spikes
|-enditem|p1a: Kickin' Nugget|White Herb
|-clearnegativeboost|p1a: Kickin' Nugget|[silent]
|turn|42
|
|t:|1758367526
|move|p1a: Kickin' Nugget|Knock Off|p2a: Overlord
|-supereffective|p2a: Overlord
|-damage|p2a: Overlord|38/100
|-enditem|p2a: Overlord|Leftovers|[from] move: Knock Off|[of] p1a: Kickin' Nugget
|move|p2a: Overlord|Low Kick|p1a: Kickin' Nugget
|-damage|p1a: Kickin' Nugget|0 fnt
|faint|p1a: Kickin' Nugget
|
|upkeep
|
|t:|1758367534
|switch|p1a: Taking a Dump|Kingambit, F|100/100
|-activate|p1a: Taking a Dump|move: Sticky Web
|-unboost|p1a: Taking a Dump|spe|1
|-ability|p1a: Taking a Dump|Defiant|boost
|-boost|p1a: Taking a Dump|atk|2
|-damage|p1a: Taking a Dump|88/100|[from] Spikes
|turn|43
|
|t:|1758367545
|move|p2a: Overlord|Low Kick|p1a: Taking a Dump
|-supereffective|p1a: Taking a Dump
|-damage|p1a: Taking a Dump|0 fnt
|faint|p1a: Taking a Dump
|
|win|GhostOfKraken
|raw|jarrodbennett's rating: 1426 &rarr; <strong>1403</strong><br />(-23 for losing)
|raw|GhostOfKraken's rating: 1366 &rarr; <strong>1389</strong><br />(+23 for winning)
|c|☆jarrodbennett|Dang. Gg
|c|☆GhostOfKraken|GG WP
|l|☆jarrodbennett
|player|p1|
|l|☆GhostOfKraken
|player|p2|
