|j|☆Dylphin
|j|☆Crocodile E
|t:|1758344687
|gametype|singles
|player|p1|Dylphin|sailor|1354
|player|p2|Crocodile E|depotagent|1397
|gen|9
|tier|[Gen 9] OU
|rated|
|rule|HP Percentage Mod: HP is shown in percentages
|rule|Endless Battle Clause: Forcing endless battles is banned
|rule|Species Clause: Limit one of each Pokémon
|rule|OHKO Clause: OHKO moves are banned
|rule|Evasion Items Clause: Evasion items are banned
|rule|Evasion Moves Clause: Evasion moves are banned
|rule|Evasion Abilities Clause: Evasion abilities are banned
|rule|Sleep Moves Clause: Sleep-inducing moves are banned
|clearpoke
|poke|p1|Azumarill, F|
|poke|p1|Dragonite, F|
|poke|p1|Raging Bolt|
|poke|p1|Cinderace, M|
|poke|p1|Iron Jugulis|
|poke|p1|Gholdengo|
|poke|p2|Deoxys-Speed|
|poke|p2|Gholdengo|
|poke|p2|Ting-Lu|
|poke|p2|Ogerpon-Wellspring, F|
|poke|p2|Kingambit, F|
|poke|p2|Raging Bolt|
|teampreview
|inactive|Battle timer is ON: inactive players will automatically lose when time's up. (requested by Dylphin)
|
|t:|1758344694
|teamsize|p1|6
|teamsize|p2|6
|start
|switch|p1a: iJugs|Iron Jugulis|100/100
|switch|p2a: Deoxys|Deoxys-Speed|100/100
|-ability|p2a: Deoxys|Pressure
|turn|1
|
|t:|1758344700
|move|p2a: Deoxys|Ice Beam|p1a: iJugs
|-supereffective|p1a: iJugs
|-damage|p1a: iJugs|25/100
|-status|p1a: iJugs|frz
|cant|p1a: iJugs|frz
|
|upkeep
|turn|2
|
|t:|1758344710
|move|p2a: Deoxys|Ice Beam|p1a: iJugs
|-supereffective|p1a: iJugs
|-damage|p1a: iJugs|0 fnt
|faint|p1a: iJugs
|-end|p1a: iJugs|Quark Drive|[silent]
|
|upkeep
|
|t:|1758344716
|switch|p1a: Bring da Boom|Azumarill, F, shiny|100/100
|turn|3
|
|t:|1758344723
|switch|p2a: Gholdengo|Gholdengo|100/100
|-item|p2a: Gholdengo|Air Balloon
|move|p1a: Bring da Boom|Belly Drum|p1a: Bring da Boom
|-damage|p1a: Bring da Boom|50/100
|-setboost|p1a: Bring da Boom|atk|6|[from] move: Belly Drum
|-enditem|p1a: Bring da Boom|Sitrus Berry|[eat]
|-heal|p1a: Bring da Boom|75/100|[from] item: Sitrus Berry
|
|upkeep
|turn|4
|
|t:|1758344730
|switch|p2a: Ogerpon|Ogerpon-Wellspring, F|100/100
|move|p1a: Bring da Boom|Aqua Jet|p2a: Ogerpon
|-immune|p2a: Ogerpon|[from] ability: Water Absorb
|
|upkeep
|turn|5
|
|t:|1758344735
|move|p2a: Ogerpon|Horn Leech|p1a: Bring da Boom
|-supereffective|p1a: Bring da Boom
|-damage|p1a: Bring da Boom|0 fnt
|faint|p1a: Bring da Boom
|
|upkeep
|
|t:|1758344740
|switch|p1a: Bugs|Cinderace, M|100/100
|turn|6
|
|t:|1758344742
|move|p1a: Bugs|Will-O-Wisp|p2a: Ogerpon
|-status|p2a: Ogerpon|brn
|move|p2a: Ogerpon|Ivy Cudgel|p1a: Bugs|[anim] Ivy Cudgel Water
|-supereffective|p1a: Bugs
|-damage|p1a: Bugs|22/100
|
|-damage|p2a: Ogerpon|95/100 brn|[from] brn
|upkeep
|turn|7
|
|t:|1758344745
|move|p1a: Bugs|U-turn|p2a: Ogerpon
|-start|p1a: Bugs|typechange|Bug|[from] ability: Libero
|-supereffective|p2a: Ogerpon
|-damage|p2a: Ogerpon|10/100 brn
|
|t:|1758344748
|switch|p1a: Neverender|Raging Bolt|100/100|[from] U-turn
|-enditem|p1a: Neverender|Booster Energy
|-activate|p1a: Neverender|ability: Protosynthesis|[fromitem]
|-start|p1a: Neverender|protosynthesisspa
|move|p2a: Ogerpon|Ivy Cudgel|p1a: Neverender|[anim] Ivy Cudgel Water
|-resisted|p1a: Neverender
|-crit|p1a: Neverender
|-damage|p1a: Neverender|82/100
|
|-damage|p2a: Ogerpon|4/100 brn|[from] brn
|upkeep
|turn|8
|
|t:|1758344753
|switch|p2a: Ting-Lu|Ting-Lu|100/100
|-ability|p2a: Ting-Lu|Vessel of Ruin
|move|p1a: Neverender|Calm Mind|p1a: Neverender
|-boost|p1a: Neverender|spa|1
|-boost|p1a: Neverender|spd|1
|
|upkeep
|turn|9
|
|t:|1758344755
|move|p1a: Neverender|Dragon Pulse|p2a: Ting-Lu
|-damage|p2a: Ting-Lu|60/100
|move|p2a: Ting-Lu|Whirlwind|p1a: Neverender
|-end|p1a: Neverender|Protosynthesis|[silent]
|drag|p1a: Apple Jack|Gholdengo|100/100
|
|-heal|p2a: Ting-Lu|66/100|[from] item: Leftovers
|upkeep
|turn|10
|
|t:|1758344759
|move|p1a: Apple Jack|Trick|p2a: Ting-Lu
|-activate|p1a: Apple Jack|move: Trick|[of] p2a: Ting-Lu
|-item|p2a: Ting-Lu|Choice Scarf|[from] move: Trick
|-item|p1a: Apple Jack|Leftovers|[from] move: Trick
|move|p2a: Ting-Lu|Stealth Rock|p1a: Apple Jack
|-sidestart|p1: Dylphin|move: Stealth Rock
|
|upkeep
|turn|11
|
|t:|1758344764
|switch|p1a: Neverender|Raging Bolt|82/100
|-damage|p1a: Neverender|69/100|[from] Stealth Rock
|switch|p2a: Ogerpon|Ogerpon-Wellspring, F|4/100 brn
|
|-damage|p2a: Ogerpon|0 fnt|[from] brn
|faint|p2a: Ogerpon
|upkeep
|
|t:|1758344769
|switch|p2a: Raging Bolt|Raging Bolt|100/100
|turn|12
|
|t:|1758344772
|move|p2a: Raging Bolt|Draco Meteor|p1a: Neverender
|-supereffective|p1a: Neverender
|-damage|p1a: Neverender|0 fnt
|-unboost|p2a: Raging Bolt|spa|2
|faint|p1a: Neverender
|-end|p1a: Neverender|Protosynthesis|[silent]
|
|upkeep
|
|t:|1758344775
|switch|p1a: Bugs|Cinderace, M|22/100
|turn|13
|
|t:|1758344777
|move|p2a: Raging Bolt|Thunderclap||[still]
|-fail|p2a: Raging Bolt
|move|p1a: Bugs|Court Change|p1a: Bugs
|-start|p1a: Bugs|typechange|Normal|[from] ability: Libero
|-swapsideconditions
|-activate|p1a: Bugs|move: Court Change
|
|upkeep
|turn|14
|
|t:|1758344781
|move|p2a: Raging Bolt|Thunderclap||[still]
|-fail|p2a: Raging Bolt
|move|p1a: Bugs|Will-O-Wisp|p2a: Raging Bolt
|-status|p2a: Raging Bolt|brn
|
|-damage|p2a: Raging Bolt|94/100 brn|[from] brn
|upkeep
|turn|15
|
|t:|1758344783
|move|p2a: Raging Bolt|Thunderclap|p1a: Bugs
|-damage|p1a: Bugs|0 fnt
|faint|p1a: Bugs
|
|-heal|p2a: Raging Bolt|100/100 brn|[from] item: Leftovers
|-damage|p2a: Raging Bolt|94/100 brn|[from] brn
|upkeep
|
|t:|1758344784
|switch|p1a: Apple Jack|Gholdengo|100/100
|turn|16
|
|t:|1758344788
|-end|p2a: Raging Bolt|Protosynthesis|[silent]
|switch|p2a: Ting-Lu|Ting-Lu|66/100
|-damage|p2a: Ting-Lu|60/100|[from] Stealth Rock
|-ability|p2a: Ting-Lu|Vessel of Ruin
|move|p1a: Apple Jack|Shadow Ball|p2a: Ting-Lu
|-resisted|p2a: Ting-Lu
|-damage|p2a: Ting-Lu|51/100
|
|upkeep
|turn|17
|
|t:|1758344790
|move|p1a: Apple Jack|Focus Blast|p2a: Ting-Lu
|-supereffective|p2a: Ting-Lu
|-damage|p2a: Ting-Lu|12/100
|move|p2a: Ting-Lu|Ruination|p1a: Apple Jack
|-damage|p1a: Apple Jack|51/100
|
|-heal|p1a: Apple Jack|57/100|[from] item: Leftovers
|upkeep
|turn|18
|
|t:|1758344796
|move|p1a: Apple Jack|Shadow Ball|p2a: Ting-Lu
|-resisted|p2a: Ting-Lu
|-damage|p2a: Ting-Lu|4/100
|move|p2a: Ting-Lu|Ruination|p1a: Apple Jack
|-damage|p1a: Apple Jack|29/100
|
|-heal|p1a: Apple Jack|35/100|[from] item: Leftovers
|upkeep
|turn|19
|
|t:|1758344798
|move|p1a: Apple Jack|Shadow Ball|p2a: Ting-Lu
|-resisted|p2a: Ting-Lu
|-crit|p2a: Ting-Lu
|-damage|p2a: Ting-Lu|0 fnt
|faint|p2a: Ting-Lu
|
|-heal|p1a: Apple Jack|41/100|[from] item: Leftovers
|upkeep
|
|t:|1758344800
|switch|p2a: Deoxys|Deoxys-Speed|100/100
|-damage|p2a: Deoxys|88/100|[from] Stealth Rock
|-ability|p2a: Deoxys|Pressure
|turn|20
|
|t:|1758344802
|move|p2a: Deoxys|Knock Off|p1a: Apple Jack
|-supereffective|p1a: Apple Jack
|-damage|p1a: Apple Jack|0 fnt
|-enditem|p1a: Apple Jack|Leftovers|[from] move: Knock Off|[of] p2a: Deoxys
|faint|p1a: Apple Jack
|
|upkeep
|
|t:|1758344804
|switch|p1a: Puff|Dragonite, F|100/100
|turn|21
|
|t:|1758344806
|move|p2a: Deoxys|Ice Beam|p1a: Puff
|-supereffective|p1a: Puff
|-damage|p1a: Puff|31/100
|move|p1a: Puff|Dragon Dance|p1a: Puff
|-boost|p1a: Puff|atk|1
|-boost|p1a: Puff|spe|1
|
|upkeep
|turn|22
|
|t:|1758344811
|-terastallize|p1a: Puff|Normal
|move|p1a: Puff|Extreme Speed|p2a: Deoxys
|-damage|p2a: Deoxys|0 fnt
|faint|p2a: Deoxys
|
|upkeep
|
|t:|1758344817
|switch|p2a: Gholdengo|Gholdengo|100/100
|-damage|p2a: Gholdengo|94/100|[from] Stealth Rock
|-item|p2a: Gholdengo|Air Balloon
|turn|23
|
|t:|1758344820
|move|p1a: Puff|Iron Head|p2a: Gholdengo
|-resisted|p2a: Gholdengo
|-damage|p2a: Gholdengo|77/100
|-enditem|p2a: Gholdengo|Air Balloon
|move|p2a: Gholdengo|Make It Rain|p1a: Puff
|-damage|p1a: Puff|0 fnt
|-unboost|p2a: Gholdengo|spa|1
|faint|p1a: Puff
|
|win|Crocodile E
|raw|Dylphin's rating: 1354 &rarr; <strong>1336</strong><br />(-18 for losing)
|raw|Crocodile E's rating: 1397 &rarr; <strong>1415</strong><br />(+18 for winning)
|l|☆Dylphin
|player|p1|
|l|☆Crocodile E
|player|p2|
