|j|☆Shibuya Arc
|j|☆Obito 2001
|t:|1758367550
|gametype|singles
|player|p1|Shibuya Arc|101|1764
|player|p2|Obito 2001|blue-gen3two|1732
|gen|9
|tier|[Gen 9] OU
|rated|
|rule|HP Percentage Mod: HP is shown in percentages
|rule|Endless Battle Clause: Forcing endless battles is banned
|rule|Species Clause: Limit one of each Pokémon
|rule|OHKO Clause: OHKO moves are banned
|rule|Evasion Items Clause: Evasion items are banned
|rule|Evasion Moves Clause: Evasion moves are banned
|rule|Evasion Abilities Clause: Evasion abilities are banned
|rule|Sleep Moves Clause: Sleep-inducing moves are banned
|clearpoke
|poke|p1|Dragapult, M|
|poke|p1|Dragonite, F|
|poke|p1|Ting-Lu|
|poke|p1|Weezing-Galar, F|
|poke|p1|Iron Crown|
|poke|p1|Zapdos|
|poke|p2|Iron Crown|
|poke|p2|Primarina, F|
|poke|p2|Great Tusk|
|poke|p2|Rillaboom, M|
|poke|p2|Ogerpon-Wellspring, F|
|poke|p2|Pecharunt|
|teampreview
|inactive|Battle timer is ON: inactive players will automatically lose when time's up. (requested by Obito 2001)
|inactive|Shibuya Arc also wants the timer to be on.
|
|t:|1758367565
|teamsize|p1|6
|teamsize|p2|6
|start
|switch|p1a: Iron Crown|Iron Crown|100/100
|switch|p2a: Minari|Primarina, F, shiny|100/100
|turn|1
|
|t:|1758367571
|switch|p2a: Ban me|Ogerpon-Wellspring, F|100/100
|move|p1a: Iron Crown|Psyshock|p2a: Ban me
|-damage|p2a: Ban me|27/100
|
|upkeep
|turn|2
|
|t:|1758367577
|-end|p1a: Iron Crown|Quark Drive|[silent]
|switch|p1a: Dragonite|Dragonite, F|100/100
|move|p2a: Ban me|U-turn|p1a: Dragonite
|-resisted|p1a: Dragonite
|-damage|p1a: Dragonite|94/100
|
|t:|1758367584
|switch|p2a: Minari|Primarina, F, shiny|100/100|[from] U-turn
|
|upkeep
|turn|3
|
|t:|1758367591
|-terastallize|p1a: Dragonite|Normal
|move|p1a: Dragonite|Extreme Speed|p2a: Minari
|-damage|p2a: Minari|30/100
|move|p2a: Minari|Substitute|p2a: Minari
|-start|p2a: Minari|Substitute
|-damage|p2a: Minari|5/100
|
|-heal|p2a: Minari|11/100|[from] item: Leftovers
|upkeep
|turn|4
|
|t:|1758367599
|move|p1a: Dragonite|Earthquake|p2a: Minari
|-end|p2a: Minari|Substitute
|move|p2a: Minari|Moonblast|p1a: Dragonite
|-damage|p1a: Dragonite|42/100
|
|-heal|p2a: Minari|17/100|[from] item: Leftovers
|upkeep
|turn|5
|
|t:|1758367607
|move|p1a: Dragonite|Earthquake|p2a: Minari
|-crit|p2a: Minari
|-damage|p2a: Minari|0 fnt
|faint|p2a: Minari
|
|upkeep
|
|t:|1758367618
|switch|p2a: Rillaboom|Rillaboom, M|100/100
|-fieldstart|move: Grassy Terrain|[from] ability: Grassy Surge|[of] p2a: Rillaboom
|turn|6
|
|t:|1758367624
|move|p1a: Dragonite|Extreme Speed|p2a: Rillaboom
|-damage|p2a: Rillaboom|53/100
|move|p2a: Rillaboom|Knock Off|p1a: Dragonite
|-damage|p1a: Dragonite|8/100
|-enditem|p1a: Dragonite|Heavy-Duty Boots|[from] move: Knock Off|[of] p2a: Rillaboom
|
|-heal|p1a: Dragonite|14/100|[from] Grassy Terrain
|-heal|p2a: Rillaboom|59/100|[from] Grassy Terrain
|upkeep
|turn|7
|
|t:|1758367636
|switch|p2a: Pecharunt|Pecharunt|100/100
|move|p1a: Dragonite|Extreme Speed|p2a: Pecharunt
|-immune|p2a: Pecharunt
|
|-heal|p1a: Dragonite|20/100|[from] Grassy Terrain
|upkeep
|turn|8
|
|t:|1758367642
|move|p1a: Dragonite|Roost|p1a: Dragonite
|-heal|p1a: Dragonite|70/100
|move|p2a: Pecharunt|Parting Shot|p1a: Dragonite
|-unboost|p1a: Dragonite|atk|1
|-unboost|p1a: Dragonite|spa|1
|
|t:|1758367646
|switch|p2a: Ban me|Ogerpon-Wellspring, F|27/100|[from] Parting Shot
|
|-heal|p2a: Ban me|33/100|[from] Grassy Terrain
|-heal|p1a: Dragonite|76/100|[from] Grassy Terrain
|upkeep
|turn|9
|
|t:|1758367652
|switch|p2a: Pecharunt|Pecharunt|100/100
|move|p1a: Dragonite|Extreme Speed|p2a: Pecharunt
|-immune|p2a: Pecharunt
|
|-heal|p1a: Dragonite|82/100|[from] Grassy Terrain
|upkeep
|turn|10
|
|t:|1758367659
|switch|p1a: Iron Crown|Iron Crown|100/100
|move|p2a: Pecharunt|Malignant Chain|p1a: Iron Crown
|-immune|p1a: Iron Crown
|
|upkeep
|turn|11
|
|t:|1758367670
|move|p1a: Iron Crown|Tachyon Cutter|p2a: Pecharunt
|-damage|p2a: Pecharunt|61/100
|-damage|p2a: Pecharunt|24/100
|-hitcount|p2a: Pecharunt|2
|move|p2a: Pecharunt|Parting Shot|p1a: Iron Crown
|-unboost|p1a: Iron Crown|atk|1
|-unboost|p1a: Iron Crown|spa|1
|
|t:|1758367674
|switch|p2a: Ban me|Ogerpon-Wellspring, F|33/100|[from] Parting Shot
|
|-heal|p2a: Ban me|39/100|[from] Grassy Terrain
|upkeep
|turn|12
|
|t:|1758367681
|-end|p1a: Iron Crown|Quark Drive|[silent]
|switch|p1a: Weezing|Weezing-Galar, F|100/100
|-ability|p1a: Weezing|Neutralizing Gas
|move|p2a: Ban me|Ivy Cudgel|p1a: Weezing|[anim] Ivy Cudgel Water
|-crit|p1a: Weezing
|-damage|p1a: Weezing|45/100
|
|-heal|p2a: Ban me|45/100|[from] Grassy Terrain
|-heal|p1a: Weezing|51/100|[from] Grassy Terrain
|upkeep
|turn|13
|
|t:|1758367687
|move|p2a: Ban me|U-turn|p1a: Weezing
|-resisted|p1a: Weezing
|-damage|p1a: Weezing|47/100
|
|t:|1758367690
|switch|p2a: Pecharunt|Pecharunt|24/100|[from] U-turn
|move|p1a: Weezing|Will-O-Wisp|p2a: Pecharunt
|-status|p2a: Pecharunt|brn
|
|-heal|p2a: Pecharunt|30/100 brn|[from] Grassy Terrain
|-heal|p1a: Weezing|53/100|[from] Grassy Terrain
|-damage|p2a: Pecharunt|24/100 brn|[from] brn
|-fieldend|move: Grassy Terrain
|upkeep
|turn|14
|j| jonbilbaobi
|
|t:|1758367696
|move|p2a: Pecharunt|Shadow Ball|p1a: Weezing
|-damage|p1a: Weezing|18/100
|move|p1a: Weezing|Toxic Spikes|p2a: Pecharunt
|-sidestart|p2: Obito 2001|move: Toxic Spikes
|
|-damage|p2a: Pecharunt|18/100 brn|[from] brn
|upkeep
|turn|15
|
|t:|1758367704
|move|p2a: Pecharunt|Shadow Ball|p1a: Weezing
|-damage|p1a: Weezing|0 fnt
|faint|p1a: Weezing
|-end|p1a: Weezing|ability: Neutralizing Gas
|
|-damage|p2a: Pecharunt|12/100 brn|[from] brn
|upkeep
|
|t:|1758367711
|switch|p1a: Dragapult|Dragapult, M|100/100
|turn|16
|
|t:|1758367718
|switch|p2a: Mega Donphan|Great Tusk|100/100
|move|p1a: Dragapult|Hex|p2a: Mega Donphan
|-damage|p2a: Mega Donphan|62/100
|
|upkeep
|turn|17
|j| idjsyfudsjh
|
|t:|1758367726
|-end|p2a: Mega Donphan|Protosynthesis|[silent]
|switch|p2a: Pecharunt|Pecharunt|12/100 brn
|-sideend|p2: Obito 2001|move: Toxic Spikes|[of] p2a: Pecharunt
|move|p1a: Dragapult|Will-O-Wisp|p2a: Pecharunt
|-fail|p2a: Pecharunt|brn
|
|-damage|p2a: Pecharunt|6/100 brn|[from] brn
|upkeep
|turn|18
|
|t:|1758367732
|move|p1a: Dragapult|Hex|p2a: Pecharunt
|-supereffective|p2a: Pecharunt
|-damage|p2a: Pecharunt|0 fnt
|faint|p2a: Pecharunt
|
|upkeep
|
|t:|1758367742
|switch|p2a: Mega Donphan|Great Tusk|62/100
|turn|19
|
|t:|1758367748
|move|p1a: Dragapult|Will-O-Wisp|p2a: Mega Donphan
|-status|p2a: Mega Donphan|brn
|move|p2a: Mega Donphan|Ice Spinner|p1a: Dragapult
|-supereffective|p1a: Dragapult
|-damage|p1a: Dragapult|64/100
|
|-damage|p2a: Mega Donphan|56/100 brn|[from] brn
|upkeep
|turn|20
|
|t:|1758367756
|move|p1a: Dragapult|Hex|p2a: Mega Donphan
|-damage|p2a: Mega Donphan|0 fnt
|faint|p2a: Mega Donphan
|-end|p2a: Mega Donphan|Protosynthesis|[silent]
|
|upkeep
|
|t:|1758367758
|switch|p2a: Rillaboom|Rillaboom, M|59/100
|-fieldstart|move: Grassy Terrain|[from] ability: Grassy Surge|[of] p2a: Rillaboom
|turn|21
|
|t:|1758367772
|move|p1a: Dragapult|U-turn|p2a: Rillaboom
|-supereffective|p2a: Rillaboom
|-damage|p2a: Rillaboom|18/100
|
|t:|1758367780
|switch|p1a: Zapdos|Zapdos|100/100|[from] U-turn
|move|p2a: Rillaboom|Knock Off|p1a: Zapdos
|-damage|p1a: Zapdos|58/100
|-enditem|p1a: Zapdos|Heavy-Duty Boots|[from] move: Knock Off|[of] p2a: Rillaboom
|
|-heal|p2a: Rillaboom|24/100|[from] Grassy Terrain
|upkeep
|turn|22
|
|t:|1758367792
|move|p1a: Zapdos|Heat Wave|p2a: Rillaboom
|-supereffective|p2a: Rillaboom
|-damage|p2a: Rillaboom|0 fnt
|faint|p2a: Rillaboom
|
|upkeep
|
|t:|1758367794
|switch|p2a: Ban me|Ogerpon-Wellspring, F|45/100
|turn|23
|
|t:|1758367801
|move|p2a: Ban me|Ivy Cudgel|p1a: Zapdos|[anim] Ivy Cudgel Water
|-damage|p1a: Zapdos|0 fnt
|faint|p1a: Zapdos
|
|-heal|p2a: Ban me|51/100|[from] Grassy Terrain
|upkeep
|
|t:|1758367807
|switch|p1a: Dragapult|Dragapult, M|64/100
|turn|24
|
|t:|1758367813
|move|p1a: Dragapult|Dragon Darts|p2a: Ban me
|-damage|p2a: Ban me|20/100
|-anim|p1a: Dragapult|Dragon Darts|p2a: Ban me
|-damage|p2a: Ban me|0 fnt
|faint|p2a: Ban me
|
|-heal|p1a: Dragapult|70/100|[from] Grassy Terrain
|upkeep
|
|t:|1758367816
|switch|p2a: Zanpakuto|Iron Crown|100/100
|-enditem|p2a: Zanpakuto|Booster Energy
|-activate|p2a: Zanpakuto|ability: Quark Drive|[fromitem]
|-start|p2a: Zanpakuto|quarkdrivespe
|turn|25
|
|t:|1758367822
|switch|p1a: Ting-Lu|Ting-Lu|100/100
|-ability|p1a: Ting-Lu|Vessel of Ruin
|move|p2a: Zanpakuto|Calm Mind|p2a: Zanpakuto
|-boost|p2a: Zanpakuto|spa|1
|-boost|p2a: Zanpakuto|spd|1
|
|upkeep
|turn|26
|
|t:|1758367828
|move|p2a: Zanpakuto|Calm Mind|p2a: Zanpakuto
|-boost|p2a: Zanpakuto|spa|1
|-boost|p2a: Zanpakuto|spd|1
|move|p1a: Ting-Lu|Ruination|p2a: Zanpakuto
|-damage|p2a: Zanpakuto|50/100
|
|-heal|p2a: Zanpakuto|57/100|[from] Grassy Terrain
|upkeep
|turn|27
|
|t:|1758367835
|-terastallize|p2a: Zanpakuto|Fighting
|move|p2a: Zanpakuto|Focus Blast|p1a: Ting-Lu|[miss]
|-miss|p2a: Zanpakuto|p1a: Ting-Lu
|move|p1a: Ting-Lu|Ruination|p2a: Zanpakuto
|-damage|p2a: Zanpakuto|29/100
|
|-heal|p2a: Zanpakuto|35/100|[from] Grassy Terrain
|upkeep
|turn|28
|
|t:|1758367842
|switch|p1a: Dragonite|Dragonite, F, tera:Normal|82/100
|move|p2a: Zanpakuto|Focus Blast|p1a: Dragonite
|-supereffective|p1a: Dragonite
|-damage|p1a: Dragonite|0 fnt
|faint|p1a: Dragonite
|
|-heal|p2a: Zanpakuto|41/100|[from] Grassy Terrain
|-fieldend|move: Grassy Terrain
|upkeep
|
|t:|1758367849
|switch|p1a: Ting-Lu|Ting-Lu|100/100
|-ability|p1a: Ting-Lu|Vessel of Ruin
|turn|29
|
|t:|1758367855
|move|p2a: Zanpakuto|Focus Blast|p1a: Ting-Lu
|-supereffective|p1a: Ting-Lu
|-damage|p1a: Ting-Lu|1/100
|move|p1a: Ting-Lu|Earthquake|p2a: Zanpakuto
|-damage|p2a: Zanpakuto|2/100
|
|-heal|p1a: Ting-Lu|7/100|[from] item: Leftovers
|upkeep
|turn|30
|
|t:|1758367863
|switch|p1a: Dragapult|Dragapult, M|70/100
|move|p2a: Zanpakuto|Tachyon Cutter|p1a: Dragapult
|-damage|p1a: Dragapult|0 fnt
|faint|p1a: Dragapult
|-hitcount|p1: Dragapult|1
|
|upkeep
|
|t:|1758367870
|switch|p1a: Iron Crown|Iron Crown|100/100
|turn|31
|
|t:|1758367875
|move|p2a: Zanpakuto|Focus Blast|p1a: Iron Crown|[miss]
|-miss|p2a: Zanpakuto|p1a: Iron Crown
|move|p1a: Iron Crown|Psyshock|p2a: Zanpakuto
|-supereffective|p2a: Zanpakuto
|-damage|p2a: Zanpakuto|0 fnt
|faint|p2a: Zanpakuto
|-end|p2a: Zanpakuto|Quark Drive|[silent]
|
|win|Shibuya Arc
|raw|Shibuya Arc's rating: 1764 &rarr; <strong>1782</strong><br />(+18 for winning)
|raw|Obito 2001's rating: 1732 &rarr; <strong>1714</strong><br />(-18 for losing)
|l|☆Shibuya Arc
|player|p1|
|l|☆Obito 2001
|player|p2|
|l| idjsyfudsjh
