|j|☆AP Precalculus
|j|☆MK5
|t:|1758258699
|gametype|singles
|player|p1|AP Precalculus|gentleman|1437
|player|p2|MK5|hiker-gen4|1494
|gen|9
|tier|[Gen 9] OU
|rated|
|rule|HP Percentage Mod: HP is shown in percentages
|rule|Endless Battle Clause: Forcing endless battles is banned
|rule|Species Clause: Limit one of each Pokémon
|rule|OHKO Clause: OHKO moves are banned
|rule|Evasion Items Clause: Evasion items are banned
|rule|Evasion Moves Clause: Evasion moves are banned
|rule|Evasion Abilities Clause: Evasion abilities are banned
|rule|Sleep Moves Clause: Sleep-inducing moves are banned
|clearpoke
|poke|p1|Grimmsnarl, M|
|poke|p1|Latios, M|
|poke|p1|Glimmora, M|
|poke|p1|Iron Moth|
|poke|p1|Kommo-o, M|
|poke|p1|Iron Hands|
|poke|p2|Dragonite, F|
|poke|p2|Ting-Lu|
|poke|p2|Gholdengo|
|poke|p2|Moltres|
|poke|p2|Great Tusk|
|poke|p2|Dragapult, F|
|teampreview
|inactive|Battle timer is ON: inactive players will automatically lose when time's up. (requested by AP Precalculus)
|
|t:|1758258708
|teamsize|p1|6
|teamsize|p2|6
|start
|switch|p1a: Bing Bong|Glimmora, M|100/100
|switch|p2a: Gholdengo|Gholdengo|100/100
|turn|1
|
|t:|1758258713
|move|p2a: Gholdengo|Shadow Ball|p1a: Bing Bong
|-damage|p1a: Bing Bong|36/100
|-unboost|p1a: Bing Bong|spd|1
|move|p1a: Bing Bong|Earth Power|p2a: Gholdengo
|-supereffective|p2a: Gholdengo
|-damage|p2a: Gholdengo|27/100
|
|upkeep
|turn|2
|
|t:|1758258721
|switch|p1a: Mr Grimm|Grimmsnarl, M|100/100
|move|p2a: Gholdengo|Shadow Ball|p1a: Mr Grimm
|-resisted|p1a: Mr Grimm
|-damage|p1a: Mr Grimm|85/100
|
|upkeep
|turn|3
|
|t:|1758258731
|switch|p2a: Ting-Lu|Ting-Lu|100/100
|-ability|p2a: Ting-Lu|Vessel of Ruin
|move|p1a: Mr Grimm|Light Screen|p1a: Mr Grimm
|-sidestart|p1: AP Precalculus|move: Light Screen
|
|upkeep
|turn|4
|
|t:|1758258742
|move|p1a: Mr Grimm|Spirit Break|p2a: Ting-Lu
|-supereffective|p2a: Ting-Lu
|-crit|p2a: Ting-Lu
|-damage|p2a: Ting-Lu|53/100
|-unboost|p2a: Ting-Lu|spa|1
|move|p2a: Ting-Lu|Stealth Rock|p1a: Mr Grimm
|-sidestart|p1: AP Precalculus|move: Stealth Rock
|
|-heal|p2a: Ting-Lu|60/100|[from] item: Leftovers
|upkeep
|turn|5
|
|t:|1758258751
|move|p1a: Mr Grimm|Reflect|p1a: Mr Grimm
|-sidestart|p1: AP Precalculus|Reflect
|move|p2a: Ting-Lu|Spikes|p1a: Mr Grimm
|-sidestart|p1: AP Precalculus|Spikes
|
|-heal|p2a: Ting-Lu|66/100|[from] item: Leftovers
|upkeep
|turn|6
|
|t:|1758258756
|move|p1a: Mr Grimm|Spirit Break|p2a: Ting-Lu
|-supereffective|p2a: Ting-Lu
|-damage|p2a: Ting-Lu|34/100
|-unboost|p2a: Ting-Lu|spa|1
|move|p2a: Ting-Lu|Whirlwind|p1a: Mr Grimm
|drag|p1a: Kommoko's Basilisk|Kommo-o, M|100/100
|-damage|p1a: Kommoko's Basilisk|94/100|[from] Stealth Rock
|-damage|p1a: Kommoko's Basilisk|82/100|[from] Spikes
|
|-heal|p2a: Ting-Lu|40/100|[from] item: Leftovers
|upkeep
|turn|7
|
|t:|1758258767
|move|p1a: Kommoko's Basilisk|Substitute|p1a: Kommoko's Basilisk
|-start|p1a: Kommoko's Basilisk|Substitute
|-damage|p1a: Kommoko's Basilisk|57/100
|move|p2a: Ting-Lu|Whirlwind|p1a: Kommoko's Basilisk
|drag|p1a: Bing Bong|Glimmora, M|36/100
|-damage|p1a: Bing Bong|24/100|[from] Stealth Rock
|-damage|p1a: Bing Bong|11/100|[from] Spikes
|
|-heal|p2a: Ting-Lu|46/100|[from] item: Leftovers
|upkeep
|turn|8
|
|t:|1758258777
|switch|p2a: Gholdengo|Gholdengo|27/100
|move|p1a: Bing Bong|Mortal Spin|p2a: Gholdengo
|-immune|p2a: Gholdengo
|
|upkeep
|turn|9
|
|t:|1758258783
|move|p2a: Gholdengo|Shadow Ball|p1a: Bing Bong
|-damage|p1a: Bing Bong|0 fnt
|faint|p1a: Bing Bong
|
|upkeep
|
|t:|1758258787
|switch|p1a: a bug?|Iron Moth|100/100
|-damage|p1a: a bug?|76/100|[from] Stealth Rock
|-damage|p1a: a bug?|63/100|[from] Spikes
|-enditem|p1a: a bug?|Booster Energy
|-activate|p1a: a bug?|ability: Quark Drive|[fromitem]
|-start|p1a: a bug?|quarkdrivespa
|turn|10
|
|t:|1758258807
|switch|p2a: Dragapult|Dragapult, F|100/100
|move|p1a: a bug?|Fiery Dance|p2a: Dragapult
|-resisted|p2a: Dragapult
|-damage|p2a: Dragapult|59/100
|
|-sideend|p1: AP Precalculus|move: Light Screen
|upkeep
|turn|11
|
|t:|1758258815
|move|p2a: Dragapult|Dragon Darts|p1a: a bug?
|-damage|p1a: a bug?|27/100
|-anim|p2a: Dragapult|Dragon Darts|p1a: a bug?
|-damage|p1a: a bug?|0 fnt
|faint|p1a: a bug?
|-end|p1a: a bug?|Quark Drive|[silent]
|
|upkeep
|
|t:|1758258818
|switch|p1a: Mr Grimm|Grimmsnarl, M|85/100
|-damage|p1a: Mr Grimm|73/100|[from] Stealth Rock
|-damage|p1a: Mr Grimm|60/100|[from] Spikes
|turn|12
|
|t:|1758258830
|switch|p2a: Moltres|Moltres|100/100
|move|p1a: Mr Grimm|Light Screen|p1a: Mr Grimm
|-sidestart|p1: AP Precalculus|move: Light Screen
|
|-sideend|p1: AP Precalculus|Reflect
|upkeep
|turn|13
|
|t:|1758258841
|move|p1a: Mr Grimm|Taunt|p2a: Moltres
|-start|p2a: Moltres|move: Taunt
|move|p2a: Moltres|Flamethrower|p1a: Mr Grimm
|-damage|p1a: Mr Grimm|47/100
|
|upkeep
|turn|14
|
|t:|1758258849
|switch|p1a: Which One|Latios, M, shiny|100/100
|-damage|p1a: Which One|88/100|[from] Stealth Rock
|move|p2a: Moltres|U-turn|p1a: Which One
|-supereffective|p1a: Which One
|-damage|p1a: Which One|64/100
|-enditem|p1a: Which One|Weakness Policy
|-boost|p1a: Which One|atk|2|[from] item: Weakness Policy
|-boost|p1a: Which One|spa|2|[from] item: Weakness Policy
|
|t:|1758258857
|switch|p2a: Dragapult|Dragapult, F|59/100|[from] U-turn
|
|upkeep
|turn|15
|
|t:|1758258873
|move|p2a: Dragapult|U-turn|p1a: Which One
|-supereffective|p1a: Which One
|-damage|p1a: Which One|28/100
|
|t:|1758258876
|switch|p2a: Ting-Lu|Ting-Lu|46/100|[from] U-turn
|-ability|p2a: Ting-Lu|Vessel of Ruin
|move|p1a: Which One|Agility|p1a: Which One
|-boost|p1a: Which One|spe|2
|
|-heal|p2a: Ting-Lu|53/100|[from] item: Leftovers
|upkeep
|turn|16
|
|t:|1758258885
|move|p1a: Which One|Aura Sphere|p2a: Ting-Lu
|-supereffective|p2a: Ting-Lu
|-damage|p2a: Ting-Lu|14/100
|move|p2a: Ting-Lu|Whirlwind|p1a: Which One
|drag|p1a: Mr Grimm|Grimmsnarl, M|47/100
|-damage|p1a: Mr Grimm|34/100|[from] Stealth Rock
|-damage|p1a: Mr Grimm|22/100|[from] Spikes
|
|-heal|p2a: Ting-Lu|20/100|[from] item: Leftovers
|upkeep
|turn|17
|
|t:|1758258896
|move|p1a: Mr Grimm|Spirit Break|p2a: Ting-Lu
|-supereffective|p2a: Ting-Lu
|-damage|p2a: Ting-Lu|0 fnt
|faint|p2a: Ting-Lu
|
|upkeep
|inactive|MK5 has 120 seconds left.
|
|t:|1758258923
|switch|p2a: Great Tusk|Great Tusk|100/100
|turn|18
|
|t:|1758258928
|move|p1a: Mr Grimm|Reflect|p1a: Mr Grimm
|-sidestart|p1: AP Precalculus|Reflect
|move|p2a: Great Tusk|Rapid Spin|p1a: Mr Grimm
|-damage|p1a: Mr Grimm|13/100
|-boost|p2a: Great Tusk|spe|1
|
|upkeep
|turn|19
|
|t:|1758258937
|move|p2a: Great Tusk|Ice Spinner|p1a: Mr Grimm
|-damage|p1a: Mr Grimm|0 fnt
|faint|p1a: Mr Grimm
|
|-sideend|p1: AP Precalculus|move: Light Screen
|upkeep
|-message|AP Precalculus forfeited.
|
|win|MK5
|raw|AP Precalculus's rating: 1457 &rarr; <strong>1439</strong><br />(-18 for losing)
|raw|MK5's rating: 1494 &rarr; <strong>1512</strong><br />(+18 for winning)
|l|☆AP Precalculus
|player|p1|
|l|☆MK5
|player|p2|
