|j|☆GFYSYDAR
|j|☆imprisonpaulgeorge
|t:|1758310836
|gametype|singles
|player|p1|GFYSYDAR|scientist-gen4dp|1337
|player|p2|imprisonpaulgeorge|265|1287
|gen|9
|tier|[Gen 9] OU
|rated|
|rule|HP Percentage Mod: HP is shown in percentages
|rule|Endless Battle Clause: Forcing endless battles is banned
|rule|Species Clause: Limit one of each Pokémon
|rule|OHKO Clause: OHKO moves are banned
|rule|Evasion Items Clause: Evasion items are banned
|rule|Evasion Moves Clause: Evasion moves are banned
|rule|Evasion Abilities Clause: Evasion abilities are banned
|rule|Sleep Moves Clause: Sleep-inducing moves are banned
|clearpoke
|poke|p1|Electrode-Hisui|
|poke|p1|Gallade, M|
|poke|p1|Slowking-Galar, F|
|poke|p1|Alomomola, F|
|poke|p1|Great Tusk|
|poke|p1|Landorus-Therian, M|
|poke|p2|Samurott-Hisui, M|
|poke|p2|Great Tusk|
|poke|p2|Volcanion|
|poke|p2|Hydrapple, F|
|poke|p2|Gholdengo|
|poke|p2|Landorus-Therian, M|
|teampreview
|inactive|Battle timer is ON: inactive players will automatically lose when time's up. (requested by imprisonpaulgeorge)
|
|t:|1758310857
|teamsize|p1|6
|teamsize|p2|6
|start
|switch|p1a: Electrode|Electrode-Hisui, shiny|100/100
|switch|p2a: Great Tusk|Great Tusk|100/100
|turn|1
|l|☆imprisonpaulgeorge
|inactive|imprisonpaulgeorge disconnected and has a minute to reconnect!
|player|p2|
|j|☆imprisonpaulgeorge
|inactive|imprisonpaulgeorge reconnected and has 140 seconds left.
|player|p2|imprisonpaulgeorge|265|
|
|t:|1758310876
|-end|p2a: Great Tusk|Protosynthesis|[silent]
|switch|p2a: Hydrapple|Hydrapple, F|100/100
|-terastallize|p1a: Electrode|Ice
|move|p1a: Electrode|Tera Blast|p2a: Hydrapple|[anim] Tera Blast Ice
|-supereffective|p2a: Hydrapple
|-damage|p2a: Hydrapple|0 fnt
|faint|p2a: Hydrapple
|
|upkeep
|
|t:|1758310883
|switch|p2a: Gholdengo|Gholdengo|100/100
|-item|p2a: Gholdengo|Air Balloon
|turn|2
|
|t:|1758310890
|switch|p1a: Landorus|Landorus-Therian, M|100/100
|-ability|p1a: Landorus|Intimidate|boost
|-unboost|p2a: Gholdengo|atk|1
|switch|p2a: Great Tusk|Great Tusk|100/100
|
|upkeep
|turn|3
|
|t:|1758310899
|switch|p1a: Electrode|Electrode-Hisui, shiny, tera:Ice|100/100
|move|p2a: Great Tusk|Stealth Rock|p1a: Electrode
|-sidestart|p1: GFYSYDAR|move: Stealth Rock
|
|upkeep
|turn|4
|
|t:|1758310905
|-end|p2a: Great Tusk|Protosynthesis|[silent]
|switch|p2a: Gholdengo|Gholdengo|100/100
|-item|p2a: Gholdengo|Air Balloon
|move|p1a: Electrode|Leaf Storm|p2a: Gholdengo
|-resisted|p2a: Gholdengo
|-damage|p2a: Gholdengo|65/100
|-unboost|p1a: Electrode|spa|2
|-enditem|p2a: Gholdengo|Air Balloon
|
|upkeep
|turn|5
|
|t:|1758310915
|switch|p1a: Great Tusk|Great Tusk|100/100
|move|p2a: Gholdengo|Recover|p2a: Gholdengo
|-heal|p2a: Gholdengo|100/100
|
|upkeep
|turn|6
|
|t:|1758310924
|-end|p1a: Great Tusk|Protosynthesis|[silent]
|switch|p1a: Slowking|Slowking-Galar, F|100/100
|move|p2a: Gholdengo|Make It Rain|p1a: Slowking
|-damage|p1a: Slowking|67/100
|-unboost|p2a: Gholdengo|spa|1
|
|upkeep
|turn|7
|
|t:|1758310932
|move|p2a: Gholdengo|Shadow Ball|p1a: Slowking
|-supereffective|p1a: Slowking
|-crit|p1a: Slowking
|-damage|p1a: Slowking|0 fnt
|faint|p1a: Slowking
|
|upkeep
|
|t:|1758310941
|switch|p1a: Great Tusk|Great Tusk|100/100
|turn|8
|
|t:|1758310945
|switch|p2a: Great Tusk|Great Tusk|100/100
|move|p1a: Great Tusk|Headlong Rush|p2a: Great Tusk
|-damage|p2a: Great Tusk|54/100
|-unboost|p1a: Great Tusk|def|1
|-unboost|p1a: Great Tusk|spd|1
|
|upkeep
|turn|9
|
|t:|1758310953
|move|p2a: Great Tusk|Ice Spinner|p1a: Great Tusk
|-supereffective|p1a: Great Tusk
|-damage|p1a: Great Tusk|40/100
|move|p1a: Great Tusk|Rapid Spin|p2a: Great Tusk
|-damage|p2a: Great Tusk|41/100
|-boost|p1a: Great Tusk|spe|1
|-sideend|p1: GFYSYDAR|Stealth Rock|[from] move: Rapid Spin|[of] p1a: Great Tusk
|
|upkeep
|turn|10
|
|t:|1758310964
|move|p1a: Great Tusk|Ice Spinner|p2a: Great Tusk
|-supereffective|p2a: Great Tusk
|-damage|p2a: Great Tusk|0 fnt
|faint|p2a: Great Tusk
|-end|p2a: Great Tusk|Protosynthesis|[silent]
|
|upkeep
|
|t:|1758310969
|switch|p2a: Samurott|Samurott-Hisui, M|100/100
|turn|11
|
|t:|1758310972
|-end|p1a: Great Tusk|Protosynthesis|[silent]
|switch|p1a: Alomomola|Alomomola, F, shiny|100/100
|move|p2a: Samurott|Razor Shell|p1a: Alomomola
|-resisted|p1a: Alomomola
|-damage|p1a: Alomomola|88/100
|
|upkeep
|turn|12
|
|t:|1758310979
|move|p2a: Samurott|Ceaseless Edge|p1a: Alomomola
|-damage|p1a: Alomomola|65/100
|-sidestart|p1: GFYSYDAR|Spikes
|move|p1a: Alomomola|Wish|p1a: Alomomola
|
|upkeep
|turn|13
|
|t:|1758310985
|switch|p2a: Volcanion|Volcanion|100/100
|switch|p1a: Great Tusk|Great Tusk|40/100
|
|-heal|p1a: Great Tusk|100/100|[from] move: Wish|[wisher] Alomomola
|upkeep
|turn|14
|
|t:|1758310994
|move|p1a: Great Tusk|Headlong Rush|p2a: Volcanion
|-supereffective|p2a: Volcanion
|-damage|p2a: Volcanion|0 fnt
|-unboost|p1a: Great Tusk|def|1
|-unboost|p1a: Great Tusk|spd|1
|faint|p2a: Volcanion
|
|upkeep
|
|t:|1758311002
|switch|p2a: Gholdengo|Gholdengo|100/100
|turn|15
|
|t:|1758311006
|-end|p1a: Great Tusk|Protosynthesis|[silent]
|switch|p1a: Landorus|Landorus-Therian, M|100/100
|-ability|p1a: Landorus|Intimidate|boost
|-unboost|p2a: Gholdengo|atk|1
|-terastallize|p2a: Gholdengo|Water
|move|p2a: Gholdengo|Make It Rain|p1a: Landorus
|-damage|p1a: Landorus|33/100
|-unboost|p2a: Gholdengo|spa|1
|
|upkeep
|turn|16
|c|☆GFYSYDAR|Gg
|
|t:|1758311022
|move|p2a: Gholdengo|Shadow Ball|p1a: Landorus
|-damage|p1a: Landorus|6/100
|-unboost|p1a: Landorus|spd|1
|move|p1a: Landorus|Stealth Rock|p2a: Gholdengo
|-sidestart|p2: imprisonpaulgeorge|move: Stealth Rock
|
|upkeep
|turn|17
|
|t:|1758311029
|move|p2a: Gholdengo|Shadow Ball|p1a: Landorus
|-crit|p1a: Landorus
|-damage|p1a: Landorus|0 fnt
|faint|p1a: Landorus
|
|upkeep
|
|t:|1758311038
|switch|p1a: Electrode|Electrode-Hisui, shiny, tera:Ice|100/100
|-damage|p1a: Electrode|88/100|[from] Spikes
|turn|18
|
|t:|1758311042
|switch|p2a: Landorus|Landorus-Therian, M|100/100
|-damage|p2a: Landorus|88/100|[from] Stealth Rock
|-ability|p2a: Landorus|Intimidate|boost
|-unboost|p1a: Electrode|atk|1
|move|p1a: Electrode|Leaf Storm|p2a: Landorus
|-damage|p2a: Landorus|0 fnt
|-unboost|p1a: Electrode|spa|2
|faint|p2a: Landorus
|
|upkeep
|
|t:|1758311045
|switch|p2a: Samurott|Samurott-Hisui, M|100/100
|-damage|p2a: Samurott|88/100|[from] Stealth Rock
|turn|19
|
|t:|1758311056
|switch|p1a: Alomomola|Alomomola, F, shiny|98/100
|move|p2a: Samurott|Sucker Punch||[still]
|-fail|p2a: Samurott
|
|upkeep
|turn|20
|
|t:|1758311062
|switch|p2a: Gholdengo|Gholdengo, tera:Water|100/100
|-damage|p2a: Gholdengo|88/100|[from] Stealth Rock
|move|p1a: Alomomola|Scald|p2a: Gholdengo
|-resisted|p2a: Gholdengo
|-damage|p2a: Gholdengo|81/100
|-status|p2a: Gholdengo|brn
|
|-damage|p2a: Gholdengo|75/100 brn|[from] brn
|upkeep
|turn|21
|
|t:|1758311073
|move|p2a: Gholdengo|Make It Rain|p1a: Alomomola
|-resisted|p1a: Alomomola
|-damage|p1a: Alomomola|64/100
|-unboost|p2a: Gholdengo|spa|1
|move|p1a: Alomomola|Flip Turn|p2a: Gholdengo
|-resisted|p2a: Gholdengo
|-damage|p2a: Gholdengo|67/100 brn
|
|t:|1758311081
|switch|p1a: Electrode|Electrode-Hisui, shiny, tera:Ice|88/100|[from] Flip Turn
|-damage|p1a: Electrode|76/100|[from] Spikes
|
|-damage|p2a: Gholdengo|61/100 brn|[from] brn
|upkeep
|turn|22
|
|t:|1758311088
|move|p1a: Electrode|Leaf Storm|p2a: Gholdengo
|-supereffective|p2a: Gholdengo
|-damage|p2a: Gholdengo|0 fnt
|-unboost|p1a: Electrode|spa|2
|faint|p2a: Gholdengo
|
|upkeep
|-message|imprisonpaulgeorge forfeited.
|
|win|GFYSYDAR
|raw|GFYSYDAR's rating: 1337 &rarr; <strong>1354</strong><br />(+17 for winning)
|raw|imprisonpaulgeorge's rating: 1287 &rarr; <strong>1266</strong><br />(-21 for losing)
|l|☆imprisonpaulgeorge
|player|p2|
