|j|☆ShutMario23
|j|☆Zolesto
|t:|1758255920
|gametype|singles
|player|p1|ShutMario23|101|1224
|player|p2|Zolesto|steven|1203
|gen|9
|tier|[Gen 9] OU
|rated|
|rule|HP Percentage Mod: HP is shown in percentages
|rule|Endless Battle Clause: Forcing endless battles is banned
|rule|Species Clause: Limit one of each Pokémon
|rule|OHKO Clause: OHKO moves are banned
|rule|Evasion Items Clause: Evasion items are banned
|rule|Evasion Moves Clause: Evasion moves are banned
|rule|Evasion Abilities Clause: Evasion abilities are banned
|rule|Sleep Moves Clause: Sleep-inducing moves are banned
|clearpoke
|poke|p1|Zapdos|
|poke|p1|Cyclizar, F|
|poke|p1|Araquanid, F|
|poke|p1|Jirachi|
|poke|p1|Sinistcha|
|poke|p1|Coalossal, F|
|poke|p2|Kingambit, M|
|poke|p2|Gholdengo|
|poke|p2|Iron Valiant|
|poke|p2|Dragapult, F|
|poke|p2|Dragonite, F|
|poke|p2|Cinderace, F|
|teampreview
|inactive|Battle timer is ON: inactive players will automatically lose when time's up. (requested by ShutMario23)
|
|t:|1758255928
|teamsize|p1|6
|teamsize|p2|6
|start
|switch|p1a: Cyclizar|Cyclizar, F, shiny|100/100
|switch|p2a: Dragapult|Dragapult, F|100/100
|turn|1
|
|t:|1758255939
|move|p2a: Dragapult|U-turn|p1a: Cyclizar
|-damage|p1a: Cyclizar|77/100
|
|t:|1758255942
|switch|p2a: Iron Valiant|Iron Valiant|100/100|[from] U-turn
|move|p1a: Cyclizar|Knock Off|p2a: Iron Valiant
|-resisted|p2a: Iron Valiant
|-damage|p2a: Iron Valiant|94/100
|-enditem|p2a: Iron Valiant|Life Orb|[from] move: Knock Off|[of] p1a: Cyclizar
|
|upkeep
|turn|2
|
|t:|1758255958
|switch|p1a: Araquanid|Araquanid, F, shiny|100/100
|move|p2a: Iron Valiant|Moonblast|p1a: Araquanid
|-damage|p1a: Araquanid|70/100
|
|-heal|p1a: Araquanid|77/100|[from] item: Leftovers
|upkeep
|turn|3
|
|t:|1758255979
|move|p2a: Iron Valiant|Moonblast|p1a: Araquanid
|-damage|p1a: Araquanid|48/100
|move|p1a: Araquanid|Sticky Web|p2a: Iron Valiant
|-sidestart|p2: Zolesto|move: Sticky Web
|
|-heal|p1a: Araquanid|55/100|[from] item: Leftovers
|upkeep
|turn|4
|
|t:|1758255987
|move|p2a: Iron Valiant|Moonblast|p1a: Araquanid
|-damage|p1a: Araquanid|27/100
|-unboost|p1a: Araquanid|spa|1
|move|p1a: Araquanid|Leech Life|p2a: Iron Valiant
|-resisted|p2a: Iron Valiant
|-damage|p2a: Iron Valiant|88/100
|-heal|p1a: Araquanid|30/100|[from] drain|[of] p2a: Iron Valiant
|
|-heal|p1a: Araquanid|36/100|[from] item: Leftovers
|upkeep
|turn|5
|
|t:|1758256000
|move|p2a: Iron Valiant|Moonblast|p1a: Araquanid
|-damage|p1a: Araquanid|7/100
|-unboost|p1a: Araquanid|spa|1
|move|p1a: Araquanid|Liquidation|p2a: Iron Valiant
|-damage|p2a: Iron Valiant|27/100
|
|-heal|p1a: Araquanid|13/100|[from] item: Leftovers
|upkeep
|turn|6
|
|t:|1758256013
|switch|p1a: Sinistcha|Sinistcha, shiny|100/100
|move|p2a: Iron Valiant|Moonblast|p1a: Sinistcha
|-damage|p1a: Sinistcha|58/100
|
|-heal|p1a: Sinistcha|64/100|[from] item: Leftovers
|upkeep
|turn|7
|
|t:|1758256027
|move|p2a: Iron Valiant|Knock Off|p1a: Sinistcha
|-supereffective|p1a: Sinistcha
|-crit|p1a: Sinistcha
|-damage|p1a: Sinistcha|0 fnt
|-enditem|p1a: Sinistcha|Leftovers|[from] move: Knock Off|[of] p2a: Iron Valiant
|faint|p1a: Sinistcha
|
|upkeep
|
|t:|1758256036
|switch|p1a: Cyclizar|Cyclizar, F, shiny|100/100
|turn|8
|
|t:|1758256043
|move|p1a: Cyclizar|U-turn|p2a: Iron Valiant
|-resisted|p2a: Iron Valiant
|-damage|p2a: Iron Valiant|22/100
|
|t:|1758256046
|switch|p1a: Araquanid|Araquanid, F, shiny|13/100|[from] U-turn
|move|p2a: Iron Valiant|Moonblast|p1a: Araquanid
|-damage|p1a: Araquanid|0 fnt
|faint|p1a: Araquanid
|
|upkeep
|
|t:|1758256052
|switch|p1a: Zapdos|Zapdos, shiny|100/100
|turn|9
|
|t:|1758256060
|move|p2a: Iron Valiant|Moonblast|p1a: Zapdos
|-damage|p1a: Zapdos|56/100
|move|p1a: Zapdos|Discharge|p2a: Iron Valiant
|-damage|p2a: Iron Valiant|0 fnt
|faint|p2a: Iron Valiant
|-end|p2a: Iron Valiant|Quark Drive|[silent]
|
|-heal|p1a: Zapdos|62/100|[from] item: Leftovers
|upkeep
|
|t:|1758256072
|switch|p2a: Cinderace|Cinderace, F|100/100
|turn|10
|
|t:|1758256088
|move|p2a: Cinderace|Court Change|p2a: Cinderace
|-start|p2a: Cinderace|typechange|Normal|[from] ability: Libero
|-swapsideconditions
|-activate|p2a: Cinderace|move: Court Change
|move|p1a: Zapdos|U-turn|p2a: Cinderace
|-damage|p2a: Cinderace|83/100
|
|t:|1758256093
|switch|p1a: Coalossal|Coalossal, F|100/100|[from] U-turn
|-activate|p1a: Coalossal|move: Sticky Web
|-unboost|p1a: Coalossal|spe|1
|
|upkeep
|turn|11
|
|t:|1758256103
|move|p2a: Cinderace|High Jump Kick|p1a: Coalossal
|-supereffective|p1a: Coalossal
|-damage|p1a: Coalossal|60/100
|move|p1a: Coalossal|Rapid Spin|p2a: Cinderace
|-damage|p2a: Cinderace|69/100
|-boost|p1a: Coalossal|spe|1
|-sideend|p1: ShutMario23|Sticky Web|[from] move: Rapid Spin|[of] p1a: Coalossal
|
|-heal|p1a: Coalossal|66/100|[from] item: Leftovers
|upkeep
|turn|12
|
|t:|1758256114
|move|p2a: Cinderace|High Jump Kick|p1a: Coalossal
|-supereffective|p1a: Coalossal
|-damage|p1a: Coalossal|25/100
|move|p1a: Coalossal|Body Press|p2a: Cinderace
|-supereffective|p2a: Cinderace
|-damage|p2a: Cinderace|0 fnt
|faint|p2a: Cinderace
|
|-heal|p1a: Coalossal|31/100|[from] item: Leftovers
|upkeep
|
|t:|1758256129
|switch|p2a: Gholdengo|Gholdengo|100/100
|turn|13
|
|t:|1758256135
|move|p2a: Gholdengo|Nasty Plot|p2a: Gholdengo
|-boost|p2a: Gholdengo|spa|2
|move|p1a: Coalossal|Flamethrower|p2a: Gholdengo
|-supereffective|p2a: Gholdengo
|-damage|p2a: Gholdengo|35/100
|
|-heal|p1a: Coalossal|38/100|[from] item: Leftovers
|upkeep
|turn|14
|
|t:|1758256145
|move|p2a: Gholdengo|Shadow Ball|p1a: Coalossal
|-damage|p1a: Coalossal|0 fnt
|faint|p1a: Coalossal
|
|upkeep
|
|t:|1758256150
|switch|p1a: Cyclizar|Cyclizar, F, shiny|100/100
|turn|15
|
|t:|1758256159
|move|p1a: Cyclizar|Knock Off|p2a: Gholdengo
|-supereffective|p2a: Gholdengo
|-damage|p2a: Gholdengo|0 fnt
|-enditem|p2a: Gholdengo|Heavy-Duty Boots|[from] move: Knock Off|[of] p1a: Cyclizar
|faint|p2a: Gholdengo
|
|upkeep
|
|t:|1758256165
|switch|p2a: Dragapult|Dragapult, F|100/100
|turn|16
|
|t:|1758256170
|move|p2a: Dragapult|Draco Meteor|p1a: Cyclizar
|-supereffective|p1a: Cyclizar
|-damage|p1a: Cyclizar|0 fnt
|-unboost|p2a: Dragapult|spa|2
|faint|p1a: Cyclizar
|
|upkeep
|
|t:|1758256178
|switch|p1a: Zapdos|Zapdos, shiny|62/100
|turn|17
|
|t:|1758256183
|switch|p2a: Dragonite|Dragonite, F|100/100
|move|p1a: Zapdos|Roost|p1a: Zapdos
|-heal|p1a: Zapdos|100/100
|-singleturn|p1a: Zapdos|move: Roost
|
|upkeep
|turn|18
|
|t:|1758256190
|move|p2a: Dragonite|Earthquake|p1a: Zapdos
|-immune|p1a: Zapdos
|move|p1a: Zapdos|Discharge|p2a: Dragonite
|-crit|p2a: Dragonite
|-damage|p2a: Dragonite|75/100
|
|upkeep
|turn|19
|
|t:|1758256198
|move|p2a: Dragonite|Dragon Dance|p2a: Dragonite
|-boost|p2a: Dragonite|atk|1
|-boost|p2a: Dragonite|spe|1
|move|p1a: Zapdos|Discharge|p2a: Dragonite
|-damage|p2a: Dragonite|40/100
|
|upkeep
|turn|20
|
|t:|1758256209
|move|p2a: Dragonite|Outrage|p1a: Zapdos
|-damage|p1a: Zapdos|22/100
|-status|p2a: Dragonite|par|[from] ability: Static|[of] p1a: Zapdos
|move|p1a: Zapdos|Discharge|p2a: Dragonite
|-damage|p2a: Dragonite|6/100 par
|
|-heal|p1a: Zapdos|28/100|[from] item: Leftovers
|upkeep
|turn|21
|
|t:|1758256227
|move|p1a: Zapdos|Roost|p1a: Zapdos
|-heal|p1a: Zapdos|78/100
|-singleturn|p1a: Zapdos|move: Roost
|cant|p2a: Dragonite|par
|
|-heal|p1a: Zapdos|85/100|[from] item: Leftovers
|upkeep
|turn|22
|
|t:|1758256236
|move|p2a: Dragonite|Extreme Speed|p1a: Zapdos
|-damage|p1a: Zapdos|53/100
|move|p1a: Zapdos|Discharge|p2a: Dragonite
|-damage|p2a: Dragonite|0 fnt
|faint|p2a: Dragonite
|
|-heal|p1a: Zapdos|59/100|[from] item: Leftovers
|upkeep
|
|t:|1758256246
|switch|p2a: Dragapult|Dragapult, F|100/100
|turn|23
|
|t:|1758256264
|move|p2a: Dragapult|Draco Meteor|p1a: Zapdos
|-damage|p1a: Zapdos|2/100
|-unboost|p2a: Dragapult|spa|2
|move|p1a: Zapdos|Roost|p1a: Zapdos
|-heal|p1a: Zapdos|52/100
|-singleturn|p1a: Zapdos|move: Roost
|
|-heal|p1a: Zapdos|59/100|[from] item: Leftovers
|upkeep
|turn|24
|inactive|Zolesto has 120 seconds left.
|
|t:|1758256299
|move|p2a: Dragapult|Draco Meteor|p1a: Zapdos
|-damage|p1a: Zapdos|30/100
|-unboost|p2a: Dragapult|spa|2
|move|p1a: Zapdos|Roost|p1a: Zapdos
|-heal|p1a: Zapdos|80/100
|-singleturn|p1a: Zapdos|move: Roost
|
|-heal|p1a: Zapdos|86/100|[from] item: Leftovers
|upkeep
|turn|25
|inactive|Zolesto has 120 seconds left.
|
|t:|1758256315
|move|p2a: Dragapult|Draco Meteor|p1a: Zapdos
|-damage|p1a: Zapdos|68/100
|-unboost|p2a: Dragapult|spa|2
|move|p1a: Zapdos|Heat Wave|p2a: Dragapult
|-resisted|p2a: Dragapult
|-damage|p2a: Dragapult|83/100
|
|-heal|p1a: Zapdos|74/100|[from] item: Leftovers
|upkeep
|turn|26
|inactive|Zolesto has 120 seconds left.
|
|t:|1758256326
|move|p2a: Dragapult|Draco Meteor|p1a: Zapdos
|-damage|p1a: Zapdos|60/100
|move|p1a: Zapdos|Roost|p1a: Zapdos
|-heal|p1a: Zapdos|100/100
|-singleturn|p1a: Zapdos|move: Roost
|
|upkeep
|turn|27
|inactive|Zolesto has 120 seconds left.
|
|t:|1758256340
|move|p2a: Dragapult|Draco Meteor|p1a: Zapdos
|-damage|p1a: Zapdos|87/100
|move|p1a: Zapdos|U-turn|p2a: Dragapult
|-resisted|p2a: Dragapult
|-damage|p2a: Dragapult|74/100
|
|t:|1758256345
|switch|p1a: Jirachi|Jirachi|100/100|[from] U-turn
|
|upkeep
|turn|28
|
|t:|1758256351
|move|p2a: Dragapult|Draco Meteor|p1a: Jirachi|[miss]
|-miss|p2a: Dragapult|p1a: Jirachi
|move|p1a: Jirachi|U-turn|p2a: Dragapult
|-resisted|p2a: Dragapult
|-damage|p2a: Dragapult|60/100
|
|t:|1758256357
|switch|p1a: Zapdos|Zapdos, shiny|87/100|[from] U-turn
|
|-heal|p1a: Zapdos|93/100|[from] item: Leftovers
|upkeep
|turn|29
|
|t:|1758256374
|move|p2a: Dragapult|Draco Meteor|p1a: Zapdos|[miss]
|-miss|p2a: Dragapult|p1a: Zapdos
|move|p1a: Zapdos|U-turn|p2a: Dragapult
|-resisted|p2a: Dragapult
|-damage|p2a: Dragapult|51/100
|
|t:|1758256379
|switch|p1a: Jirachi|Jirachi|100/100|[from] U-turn
|
|upkeep
|turn|30
|
|t:|1758256386
|-activate|p2a: Dragapult|move: Struggle
|move|p2a: Dragapult|Struggle|p1a: Jirachi
|-damage|p1a: Jirachi|88/100
|-damage|p2a: Dragapult|26/100|[from] recoil
|move|p1a: Jirachi|Iron Head|p2a: Dragapult
|-damage|p2a: Dragapult|0 fnt
|faint|p2a: Dragapult
|
|-heal|p1a: Jirachi|94/100|[from] item: Leftovers
|upkeep
|
|t:|1758256397
|switch|p2a: Kingambit|Kingambit, M|100/100
|-activate|p2a: Kingambit|ability: Supreme Overlord
|-start|p2a: Kingambit|fallen5|[silent]
|turn|31
|
|t:|1758256403
|-terastallize|p2a: Kingambit|Dark
|move|p1a: Jirachi|Iron Head|p2a: Kingambit
|-damage|p2a: Kingambit|73/100
|move|p2a: Kingambit|Swords Dance|p2a: Kingambit
|-boost|p2a: Kingambit|atk|2
|
|-heal|p1a: Jirachi|99/100|[from] item: Leftovers
|upkeep
|turn|32
|
|t:|1758256414
|move|p1a: Jirachi|Iron Head|p2a: Kingambit
|-damage|p2a: Kingambit|45/100
|cant|p2a: Kingambit|flinch
|
|-heal|p1a: Jirachi|100/100|[from] item: Leftovers
|upkeep
|turn|33
|
|t:|1758256432
|move|p2a: Kingambit|Sucker Punch|p1a: Jirachi
|-supereffective|p1a: Jirachi
|-damage|p1a: Jirachi|0 fnt
|faint|p1a: Jirachi
|
|upkeep
|
|t:|1758256436
|switch|p1a: Zapdos|Zapdos, shiny|93/100
|turn|34
|
|t:|1758256444
|move|p2a: Kingambit|Sucker Punch|p1a: Zapdos
|-damage|p1a: Zapdos|0 fnt
|-status|p2a: Kingambit|par|[from] ability: Static|[of] p1a: Zapdos
|faint|p1a: Zapdos
|
|win|Zolesto
|raw|ShutMario23's rating: 1224 &rarr; <strong>1197</strong><br />(-27 for losing)
|raw|Zolesto's rating: 1203 &rarr; <strong>1230</strong><br />(+27 for winning)
|l|☆ShutMario23
|player|p1|
