|j|☆leezee-yy
|j|☆Arizona Lardass
|t:|1758277553
|gametype|singles
|player|p1|leezee-yy|steven|1441
|player|p2|Arizona Lardass|hiker-gen4|1427
|gen|9
|tier|[Gen 9] OU
|rated|
|rule|HP Percentage Mod: HP is shown in percentages
|rule|Endless Battle Clause: Forcing endless battles is banned
|rule|Species Clause: Limit one of each Pokémon
|rule|OHKO Clause: OHKO moves are banned
|rule|Evasion Items Clause: Evasion items are banned
|rule|Evasion Moves Clause: Evasion moves are banned
|rule|Evasion Abilities Clause: Evasion abilities are banned
|rule|Sleep Moves Clause: Sleep-inducing moves are banned
|clearpoke
|poke|p1|Gengar, M|
|poke|p1|Conkeldurr, F|
|poke|p1|Metagross|
|poke|p1|Zapdos|
|poke|p1|Meowscarada, F|
|poke|p1|Zamazenta-*|
|poke|p2|Pelipper, F|
|poke|p2|Hatterene, F|
|poke|p2|Iron Treads|
|poke|p2|Toxicroak, F|
|poke|p2|Barraskewda, F|
|poke|p2|Zapdos|
|teampreview
|inactive|Battle timer is ON: inactive players will automatically lose when time's up. (requested by leezee-yy)
|
|t:|1758277582
|teamsize|p1|6
|teamsize|p2|6
|start
|switch|p1a: Meowscarada|Meowscarada, F|100/100
|switch|p2a: Cranjus Mc. BB|Pelipper, F|100/100
|-weather|RainDance|[from] ability: Drizzle|[of] p2a: Cranjus Mc. BB
|turn|1
|
|t:|1758277587
|move|p1a: Meowscarada|U-turn|p2a: Cranjus Mc. BB
|-start|p1a: Meowscarada|typechange|Bug|[from] ability: Protean
|-resisted|p2a: Cranjus Mc. BB
|-damage|p2a: Cranjus Mc. BB|77/100
|
|t:|1758277591
|switch|p1a: Zapdos|Zapdos|100/100|[from] U-turn
|move|p2a: Cranjus Mc. BB|Hurricane|p1a: Zapdos
|-resisted|p1a: Zapdos
|-damage|p1a: Zapdos|84/100
|
|-weather|RainDance|[upkeep]
|upkeep
|turn|2
|
|t:|1758277602
|switch|p2a: Hattrick Steve|Hatterene, F|100/100
|move|p1a: Zapdos|U-turn|p2a: Hattrick Steve
|-damage|p2a: Hattrick Steve|88/100
|-enditem|p2a: Hattrick Steve|Eject Button
|
|t:|1758277604
|switch|p2a: Zapplardin|Zapdos|100/100
|
|-weather|RainDance|[upkeep]
|upkeep
|turn|3
|
|t:|1758277613
|move|p2a: Zapplardin|Volt Switch|p1a: Zapdos
|-damage|p1a: Zapdos|36/100
|
|t:|1758277615
|switch|p2a: Yao Ming|Iron Treads|100/100|[from] Volt Switch
|move|p1a: Zapdos|U-turn|p2a: Yao Ming
|-resisted|p2a: Yao Ming
|-damage|p2a: Yao Ming|96/100
|
|t:|1758277623
|switch|p1a: Conkeldurr|Conkeldurr, F|100/100|[from] U-turn
|
|-weather|RainDance|[upkeep]
|-heal|p2a: Yao Ming|100/100|[from] item: Leftovers
|upkeep
|turn|4
|
|t:|1758277632
|-end|p2a: Yao Ming|Quark Drive|[silent]
|switch|p2a: Hattrick Steve|Hatterene, F|88/100
|move|p1a: Conkeldurr|Ice Punch|p2a: Hattrick Steve
|-crit|p2a: Hattrick Steve
|-damage|p2a: Hattrick Steve|42/100
|
|-weather|RainDance|[upkeep]
|upkeep
|turn|5
|
|t:|1758277639
|switch|p1a: Metagross|Metagross, shiny|100/100
|move|p2a: Hattrick Steve|Draining Kiss|p1a: Metagross
|-resisted|p1a: Metagross
|-damage|p1a: Metagross|90/100
|-heal|p2a: Hattrick Steve|52/100|[from] drain|[of] p1a: Metagross
|
|-weather|RainDance|[upkeep]
|-heal|p1a: Metagross|96/100|[from] item: Leftovers
|upkeep
|turn|6
|
|t:|1758277642
|move|p1a: Metagross|Ice Punch|p2a: Hattrick Steve
|-damage|p2a: Hattrick Steve|23/100
|move|p2a: Hattrick Steve|Nuzzle|p1a: Metagross
|-damage|p1a: Metagross|93/100
|-status|p1a: Metagross|par
|
|-weather|RainDance|[upkeep]
|-heal|p1a: Metagross|99/100 par|[from] item: Leftovers
|upkeep
|turn|7
|
|t:|1758277649
|switch|p2a: Yao Ming|Iron Treads|100/100
|move|p1a: Metagross|Bullet Punch|p2a: Yao Ming
|-resisted|p2a: Yao Ming
|-damage|p2a: Yao Ming|92/100
|
|-weather|RainDance|[upkeep]
|-heal|p2a: Yao Ming|98/100|[from] item: Leftovers
|-heal|p1a: Metagross|100/100 par|[from] item: Leftovers
|upkeep
|turn|8
|
|t:|1758277656
|switch|p1a: Conkeldurr|Conkeldurr, F|100/100
|move|p2a: Yao Ming|Stealth Rock|p1a: Conkeldurr
|-sidestart|p1: leezee-yy|move: Stealth Rock
|
|-weather|none
|-heal|p2a: Yao Ming|100/100|[from] item: Leftovers
|upkeep
|turn|9
|
|t:|1758277658
|-end|p2a: Yao Ming|Quark Drive|[silent]
|switch|p2a: Hattrick Steve|Hatterene, F|23/100
|move|p1a: Conkeldurr|Defog|p2a: Hattrick Steve
|move|p2a: Hattrick Steve|Defog|p1a: Conkeldurr|[from] ability: Magic Bounce
|-unboost|p1a: Conkeldurr|evasion|1
|-sideend|p1: leezee-yy|Stealth Rock|[from] move: Defog|[of] p2a: Hattrick Steve
|
|upkeep
|turn|10
|
|t:|1758277660
|move|p1a: Conkeldurr|Fire Punch|p2a: Hattrick Steve
|-damage|p2a: Hattrick Steve|0 fnt
|faint|p2a: Hattrick Steve
|
|upkeep
|
|t:|1758277663
|switch|p2a: Cranjus Mc. BB|Pelipper, F|77/100
|-weather|RainDance|[from] ability: Drizzle|[of] p2a: Cranjus Mc. BB
|turn|11
|
|t:|1758277673
|switch|p1a: Metagross|Metagross, shiny|100/100 par
|move|p2a: Cranjus Mc. BB|U-turn|p1a: Metagross
|-damage|p1a: Metagross|94/100 par
|
|t:|1758277699
|switch|p2a: Ms. Fish|Barraskewda, F|100/100|[from] U-turn
|
|-weather|RainDance|[upkeep]
|-heal|p1a: Metagross|99/100 par|[from] item: Leftovers
|upkeep
|turn|12
|
|t:|1758277704
|-terastallize|p2a: Ms. Fish|Water
|move|p2a: Ms. Fish|Liquidation|p1a: Metagross
|-damage|p1a: Metagross|0 fnt
|faint|p1a: Metagross
|
|-weather|RainDance|[upkeep]
|upkeep
|
|t:|1758277708
|switch|p1a: Zapdos|Zapdos|36/100
|turn|13
|
|t:|1758277716
|switch|p2a: Zapplardin|Zapdos|100/100
|move|p1a: Zapdos|Roost|p1a: Zapdos
|-heal|p1a: Zapdos|86/100
|-singleturn|p1a: Zapdos|move: Roost
|
|-weather|RainDance|[upkeep]
|upkeep
|turn|14
|
|t:|1758277721
|move|p2a: Zapplardin|Hurricane|p1a: Zapdos
|-resisted|p1a: Zapdos
|-damage|p1a: Zapdos|46/100
|-start|p1a: Zapdos|confusion
|-activate|p1a: Zapdos|confusion
|move|p1a: Zapdos|U-turn|p2a: Zapplardin
|-resisted|p2a: Zapplardin
|-damage|p2a: Zapplardin|92/100
|
|t:|1758277730
|switch|p1a: Meowscarada|Meowscarada, F|100/100|[from] U-turn
|
|-weather|RainDance|[upkeep]
|upkeep
|turn|15
|
|t:|1758277738
|move|p1a: Meowscarada|Triple Axel|p2a: Zapplardin
|-start|p1a: Meowscarada|typechange|Ice|[from] ability: Protean
|-supereffective|p2a: Zapplardin
|-damage|p2a: Zapplardin|58/100
|-supereffective|p2a: Zapplardin
|-crit|p2a: Zapplardin
|-damage|p2a: Zapplardin|0 fnt
|faint|p2a: Zapplardin
|-hitcount|p2: Zapplardin|2
|
|-weather|RainDance|[upkeep]
|upkeep
|
|t:|1758277741
|switch|p2a: Ms. Fish|Barraskewda, F, tera:Water|100/100
|turn|16
|
|t:|1758277746
|switch|p1a: Zapdos|Zapdos|46/100
|move|p2a: Ms. Fish|Liquidation|p1a: Zapdos
|-damage|p1a: Zapdos|0 fnt
|-damage|p2a: Ms. Fish|84/100|[from] item: Rocky Helmet|[of] p1a: Zapdos
|faint|p1a: Zapdos
|
|-weather|RainDance|[upkeep]
|upkeep
|
|t:|1758277751
|switch|p1a: Gengar|Gengar, M|100/100
|turn|17
|
|t:|1758277759
|switch|p2a: Yao Ming|Iron Treads|100/100
|move|p1a: Gengar|Shadow Ball|p2a: Yao Ming
|-damage|p2a: Yao Ming|68/100
|
|-weather|RainDance|[upkeep]
|-heal|p2a: Yao Ming|74/100|[from] item: Leftovers
|upkeep
|turn|18
|
|t:|1758277762
|move|p1a: Gengar|Focus Blast|p2a: Yao Ming
|-supereffective|p2a: Yao Ming
|-damage|p2a: Yao Ming|0 fnt
|faint|p2a: Yao Ming
|-end|p2a: Yao Ming|Quark Drive|[silent]
|
|-weather|none
|upkeep
|
|t:|1758277769
|switch|p2a: Cranjus Mc. BB|Pelipper, F|77/100
|-weather|RainDance|[from] ability: Drizzle|[of] p2a: Cranjus Mc. BB
|turn|19
|
|t:|1758277776
|switch|p1a: Conkeldurr|Conkeldurr, F|100/100
|move|p2a: Cranjus Mc. BB|Knock Off|p1a: Conkeldurr
|-resisted|p1a: Conkeldurr
|-damage|p1a: Conkeldurr|95/100
|-enditem|p1a: Conkeldurr|Leftovers|[from] move: Knock Off|[of] p2a: Cranjus Mc. BB
|
|-weather|RainDance|[upkeep]
|upkeep
|turn|20
|
|t:|1758277783
|move|p1a: Conkeldurr|Ice Punch|p2a: Cranjus Mc. BB
|-damage|p2a: Cranjus Mc. BB|40/100
|move|p2a: Cranjus Mc. BB|Hurricane|p1a: Conkeldurr
|-supereffective|p1a: Conkeldurr
|-damage|p1a: Conkeldurr|11/100
|-start|p1a: Conkeldurr|confusion
|
|-weather|RainDance|[upkeep]
|upkeep
|turn|21
|
|t:|1758277789
|-activate|p1a: Conkeldurr|confusion
|move|p1a: Conkeldurr|Ice Punch|p2a: Cranjus Mc. BB
|-damage|p2a: Cranjus Mc. BB|3/100
|move|p2a: Cranjus Mc. BB|Hurricane|p1a: Conkeldurr
|-supereffective|p1a: Conkeldurr
|-damage|p1a: Conkeldurr|0 fnt
|faint|p1a: Conkeldurr
|
|-weather|RainDance|[upkeep]
|upkeep
|
|t:|1758277793
|switch|p1a: Meowscarada|Meowscarada, F|100/100
|turn|22
|
|t:|1758277794
|move|p1a: Meowscarada|U-turn|p2a: Cranjus Mc. BB
|-start|p1a: Meowscarada|typechange|Bug|[from] ability: Protean
|-resisted|p2a: Cranjus Mc. BB
|-damage|p2a: Cranjus Mc. BB|0 fnt
|faint|p2a: Cranjus Mc. BB
|
|t:|1758277800
|switch|p1a: Zamazenta|Zamazenta|100/100|[from] U-turn
|-ability|p1a: Zamazenta|Dauntless Shield|boost
|-boost|p1a: Zamazenta|def|1
|
|-weather|RainDance|[upkeep]
|upkeep
|
|t:|1758277802
|switch|p2a: Gunk Provider|Toxicroak, F|100/100
|turn|23
|
|t:|1758277806
|move|p1a: Zamazenta|Psychic Fangs|p2a: Gunk Provider
|-supereffective|p2a: Gunk Provider
|-damage|p2a: Gunk Provider|0 fnt
|-damage|p1a: Zamazenta|84/100|[from] item: Rocky Helmet|[of] p2a: Gunk Provider
|faint|p2a: Gunk Provider
|
|-weather|RainDance|[upkeep]
|upkeep
|
|t:|1758277817
|switch|p2a: Ms. Fish|Barraskewda, F, tera:Water|84/100
|turn|24
|
|t:|1758277819
|move|p2a: Ms. Fish|Liquidation|p1a: Zamazenta
|-damage|p1a: Zamazenta|9/100
|move|p1a: Zamazenta|Close Combat|p2a: Ms. Fish
|-damage|p2a: Ms. Fish|0 fnt
|-unboost|p1a: Zamazenta|def|1
|-unboost|p1a: Zamazenta|spd|1
|faint|p2a: Ms. Fish
|
|win|leezee-yy
|raw|leezee-yy's rating: 1441 &rarr; <strong>1460</strong><br />(+19 for winning)
|raw|Arizona Lardass's rating: 1427 &rarr; <strong>1408</strong><br />(-19 for losing)
|l|☆leezee-yy
|player|p1|
|l|☆Arizona Lardass
|player|p2|
