|j|☆x793211
|j|☆8daniel8
|t:|1758255759
|gametype|singles
|player|p1|x793211|hilbert-wonderlauncher|1377
|player|p2|8daniel8|koga|1399
|gen|9
|tier|[Gen 9] OU
|rated|
|rule|HP Percentage Mod: HP is shown in percentages
|rule|Endless Battle Clause: Forcing endless battles is banned
|rule|Species Clause: Limit one of each Pokémon
|rule|OHKO Clause: OHKO moves are banned
|rule|Evasion Items Clause: Evasion items are banned
|rule|Evasion Moves Clause: Evasion moves are banned
|rule|Evasion Abilities Clause: Evasion abilities are banned
|rule|Sleep Moves Clause: Sleep-inducing moves are banned
|clearpoke
|poke|p1|Venusaur, F|
|poke|p1|Great Tusk|
|poke|p1|Walking Wake|
|poke|p1|Ninetales, M|
|poke|p1|Raging Bolt|
|poke|p1|Cinderace, M|
|poke|p2|Dragapult, F|
|poke|p2|Mandibuzz, F|
|poke|p2|Empoleon, M|
|poke|p2|Okidogi, M|
|poke|p2|Electrode-Hisui|
|poke|p2|Slither Wing|
|teampreview
|inactive|Battle timer is ON: inactive players will automatically lose when time's up. (requested by 8daniel8)
|
|t:|1758255776
|teamsize|p1|6
|teamsize|p2|6
|start
|switch|p1a: Raging Bolt|Raging Bolt|100/100
|switch|p2a: Dragapult|Dragapult, F|100/100
|turn|1
|
|t:|1758255786
|-terastallize|p1a: Raging Bolt|Fairy
|move|p2a: Dragapult|Dragon Darts|p1a: Raging Bolt
|-immune|p1a: Raging Bolt
|move|p1a: Raging Bolt|Draco Meteor|p2a: Dragapult
|-supereffective|p2a: Dragapult
|-damage|p2a: Dragapult|0 fnt
|-unboost|p1a: Raging Bolt|spa|2
|faint|p2a: Dragapult
|
|upkeep
|
|t:|1758255797
|switch|p2a: Okidogi|Okidogi, M|100/100
|turn|2
|
|t:|1758255803
|-end|p1a: Raging Bolt|Protosynthesis|[silent]
|switch|p1a: Ninetales|Ninetales, M|100/100
|-weather|SunnyDay|[from] ability: Drought|[of] p1a: Ninetales
|move|p2a: Okidogi|Bulk Up|p2a: Okidogi
|-boost|p2a: Okidogi|atk|1
|-boost|p2a: Okidogi|def|1
|
|-weather|SunnyDay|[upkeep]
|upkeep
|turn|3
|
|t:|1758255811
|move|p1a: Ninetales|Will-O-Wisp|p2a: Okidogi
|-status|p2a: Okidogi|brn
|move|p2a: Okidogi|Gunk Shot|p1a: Ninetales
|-damage|p1a: Ninetales|49/100
|-status|p1a: Ninetales|psn
|
|-weather|SunnyDay|[upkeep]
|-damage|p1a: Ninetales|37/100 psn|[from] psn
|-damage|p2a: Okidogi|94/100 brn|[from] brn
|upkeep
|turn|4
|
|t:|1758255826
|switch|p1a: Great Tusk|Great Tusk|100/100
|-activate|p1a: Great Tusk|ability: Protosynthesis
|-start|p1a: Great Tusk|protosynthesisatk
|move|p2a: Okidogi|Bulk Up|p2a: Okidogi
|-boost|p2a: Okidogi|atk|1
|-boost|p2a: Okidogi|def|1
|
|-weather|SunnyDay|[upkeep]
|-heal|p2a: Okidogi|100/100 brn|[from] item: Leftovers
|-damage|p2a: Okidogi|94/100 brn|[from] brn
|upkeep
|turn|5
|
|t:|1758255838
|move|p2a: Okidogi|Drain Punch|p1a: Great Tusk
|-damage|p1a: Great Tusk|82/100
|-heal|p2a: Okidogi|100/100 brn|[from] drain|[of] p1a: Great Tusk
|move|p1a: Great Tusk|Headlong Rush|p2a: Okidogi
|-supereffective|p2a: Okidogi
|-crit|p2a: Okidogi
|-damage|p2a: Okidogi|0 fnt
|-unboost|p1a: Great Tusk|def|1
|-unboost|p1a: Great Tusk|spd|1
|faint|p2a: Okidogi
|-enditem|p1a: Great Tusk|Eject Pack
|
|t:|1758255853
|-end|p1a: Great Tusk|Protosynthesis|[silent]
|switch|p1a: Venusaur|Venusaur, F|100/100
|
|-weather|SunnyDay|[upkeep]
|upkeep
|
|t:|1758255860
|switch|p2a: Slither Wing|Slither Wing|100/100
|-activate|p2a: Slither Wing|ability: Protosynthesis
|-start|p2a: Slither Wing|protosynthesisatk
|turn|6
|
|t:|1758255870
|-terastallize|p2a: Slither Wing|Bug
|move|p2a: Slither Wing|First Impression|p1a: Venusaur
|-damage|p1a: Venusaur|0 fnt
|faint|p1a: Venusaur
|
|-weather|SunnyDay|[upkeep]
|upkeep
|
|t:|1758255876
|switch|p1a: Cinderace|Cinderace, M|100/100
|turn|7
|
|t:|1758255880
|-end|p2a: Slither Wing|Protosynthesis|[silent]
|switch|p2a: Mandibuzz|Mandibuzz, F|100/100
|move|p1a: Cinderace|Pyro Ball|p2a: Mandibuzz
|-damage|p2a: Mandibuzz|54/100
|
|-weather|SunnyDay|[upkeep]
|upkeep
|turn|8
|
|t:|1758255888
|move|p1a: Cinderace|U-turn|p2a: Mandibuzz
|-start|p1a: Cinderace|typechange|Bug|[from] ability: Libero
|-damage|p2a: Mandibuzz|36/100
|
|t:|1758255894
|switch|p1a: Raging Bolt|Raging Bolt, tera:Fairy|100/100|[from] U-turn
|-activate|p1a: Raging Bolt|ability: Protosynthesis
|-start|p1a: Raging Bolt|protosynthesisspa
|move|p2a: Mandibuzz|Roost|p2a: Mandibuzz
|-heal|p2a: Mandibuzz|86/100
|-singleturn|p2a: Mandibuzz|move: Roost
|
|-weather|SunnyDay|[upkeep]
|upkeep
|turn|9
|l|☆8daniel8
|inactive|8daniel8 disconnected and has a minute to reconnect!
|player|p2|
|inactive|8daniel8 has 30 seconds to reconnect!
|inactive|8daniel8 has 20 seconds to reconnect!
|inactive|8daniel8 has 15 seconds to reconnect!
|inactive|8daniel8 has 10 seconds to reconnect!
|inactive|8daniel8 has 5 seconds to reconnect!
|-message|8daniel8 lost due to inactivity.
|
|win|x793211
|raw|x793211's rating: 1377 &rarr; <strong>1398</strong><br />(+21 for winning)
|raw|8daniel8's rating: 1399 &rarr; <strong>1378</strong><br />(-21 for losing)
|l|☆x793211
|player|p1|
