|j|☆bingus100
|j|☆dicolibri
|t:|1758290064
|gametype|singles
|player|p1|bingus100|clay|1499
|player|p2|dicolibri|hiker|1541
|gen|9
|tier|[Gen 9] OU
|rated|
|rule|HP Percentage Mod: HP is shown in percentages
|rule|Endless Battle Clause: Forcing endless battles is banned
|rule|Species Clause: Limit one of each Pokémon
|rule|OHKO Clause: OHKO moves are banned
|rule|Evasion Items Clause: Evasion items are banned
|rule|Evasion Moves Clause: Evasion moves are banned
|rule|Evasion Abilities Clause: Evasion abilities are banned
|rule|Sleep Moves Clause: Sleep-inducing moves are banned
|clearpoke
|poke|p1|Heatran, M|
|poke|p1|Ogerpon-Wellspring, F|
|poke|p1|Rillaboom, M|
|poke|p1|Great Tusk|
|poke|p1|Dragapult, M|
|poke|p1|Bronzong|
|poke|p2|Mesprit|
|poke|p2|Hatterene, F|
|poke|p2|Iron Hands|
|poke|p2|Ursaluna, M|
|poke|p2|Volcanion|
|poke|p2|Hoopa-Unbound|
|teampreview
|
|t:|1758290075
|teamsize|p1|6
|teamsize|p2|6
|start
|switch|p1a: Ogerpon|Ogerpon-Wellspring, F|100/100
|switch|p2a: Volcanion|Volcanion|100/100
|turn|1
|
|t:|1758290089
|switch|p1a: Heatran|Heatran, M|100/100
|move|p2a: Volcanion|Fire Blast|p1a: Heatran
|-start|p1a: Heatran|ability: Flash Fire
|
|upkeep
|turn|2
|
|t:|1758290096
|move|p1a: Heatran|Earth Power|p2a: Volcanion
|-supereffective|p2a: Volcanion
|-enditem|p2a: Volcanion|Shuca Berry|[eat]
|-enditem|p2a: Volcanion|Shuca Berry|[weaken]
|-damage|p2a: Volcanion|74/100
|move|p2a: Volcanion|Steam Eruption|p1a: Heatran
|-supereffective|p1a: Heatran
|-damage|p1a: Heatran|16/100
|
|-heal|p1a: Heatran|22/100|[from] item: Leftovers
|upkeep
|turn|3
|
|t:|1758290120
|-end|p1a: Heatran|ability: Flash Fire|[silent]
|switch|p1a: Rillaboom|Rillaboom, M|100/100
|-fieldstart|move: Grassy Terrain|[from] ability: Grassy Surge|[of] p1a: Rillaboom
|move|p2a: Volcanion|Steam Eruption|p1a: Rillaboom
|-resisted|p1a: Rillaboom
|-damage|p1a: Rillaboom|65/100
|-status|p1a: Rillaboom|brn
|
|-heal|p1a: Rillaboom|71/100 brn|[from] Grassy Terrain
|-heal|p2a: Volcanion|80/100|[from] Grassy Terrain
|-damage|p1a: Rillaboom|65/100 brn|[from] brn
|upkeep
|turn|4
|
|t:|1758290134
|switch|p2a: Iron Hands|Iron Hands|100/100
|-enditem|p2a: Iron Hands|Booster Energy
|-activate|p2a: Iron Hands|ability: Quark Drive|[fromitem]
|-start|p2a: Iron Hands|quarkdriveatk
|move|p1a: Rillaboom|Grassy Glide|p2a: Iron Hands
|-damage|p2a: Iron Hands|88/100
|
|-heal|p1a: Rillaboom|71/100 brn|[from] Grassy Terrain
|-heal|p2a: Iron Hands|94/100|[from] Grassy Terrain
|-damage|p1a: Rillaboom|65/100 brn|[from] brn
|upkeep
|turn|5
|
|t:|1758290147
|switch|p1a: Bronzong|Bronzong, shiny|100/100
|move|p2a: Iron Hands|Swords Dance|p2a: Iron Hands
|-boost|p2a: Iron Hands|atk|2
|
|-heal|p2a: Iron Hands|99/100|[from] Grassy Terrain
|upkeep
|turn|6
|
|t:|1758290157
|move|p1a: Bronzong|Future Sight|p2a: Iron Hands
|-start|p1a: Bronzong|move: Future Sight
|move|p2a: Iron Hands|Thunder Punch|p1a: Bronzong
|-damage|p1a: Bronzong|28/100
|
|-heal|p2a: Iron Hands|100/100|[from] Grassy Terrain
|upkeep
|turn|7
|
|t:|1758290165
|switch|p1a: Great Tusk|Great Tusk|100/100
|move|p2a: Iron Hands|Drain Punch|p1a: Great Tusk
|-damage|p1a: Great Tusk|12/100
|
|-heal|p1a: Great Tusk|19/100|[from] Grassy Terrain
|upkeep
|turn|8
|
|t:|1758290173
|-end|p2a: Iron Hands|Quark Drive|[silent]
|switch|p2a: Mesprit|Mesprit|100/100
|move|p1a: Great Tusk|Headlong Rush|p2a: Mesprit
|-immune|p2a: Mesprit|[from] ability: Levitate
|
|-end|p2a: Mesprit|move: Future Sight
|-resisted|p2a: Mesprit
|-damage|p2a: Mesprit|90/100
|-heal|p1a: Great Tusk|25/100|[from] Grassy Terrain
|upkeep
|turn|9
|
|t:|1758290184
|-end|p1a: Great Tusk|Protosynthesis|[silent]
|switch|p1a: Bronzong|Bronzong, shiny|28/100
|move|p2a: Mesprit|Stealth Rock|p1a: Bronzong
|-sidestart|p1: bingus100|move: Stealth Rock
|
|upkeep
|turn|10
|
|t:|1758290188
|move|p2a: Mesprit|Psychic Noise|p1a: Bronzong
|-resisted|p1a: Bronzong
|-damage|p1a: Bronzong|22/100
|-start|p1a: Bronzong|move: Heal Block
|move|p1a: Bronzong|Stealth Rock|p2a: Mesprit
|-sidestart|p2: dicolibri|move: Stealth Rock
|
|-fieldend|move: Grassy Terrain
|upkeep
|turn|11
|
|t:|1758290201
|move|p2a: Mesprit|Psychic Noise|p1a: Bronzong
|-resisted|p1a: Bronzong
|-damage|p1a: Bronzong|15/100
|move|p1a: Bronzong|Future Sight|p2a: Mesprit
|-start|p1a: Bronzong|move: Future Sight
|
|-end|p1a: Bronzong|move: Heal Block
|upkeep
|turn|12
|
|t:|1758290211
|switch|p1a: Heatran|Heatran, M|22/100
|-damage|p1a: Heatran|10/100|[from] Stealth Rock
|move|p2a: Mesprit|Trick Room|p2a: Mesprit
|-fieldstart|move: Trick Room|[of] p2a: Mesprit
|
|-heal|p1a: Heatran|16/100|[from] item: Leftovers
|upkeep
|turn|13
|
|t:|1758290226
|move|p2a: Mesprit|Psychic Noise|p1a: Heatran
|-resisted|p1a: Heatran
|-damage|p1a: Heatran|7/100
|-start|p1a: Heatran|move: Heal Block
|move|p1a: Heatran|Magma Storm|p2a: Mesprit
|-damage|p2a: Mesprit|64/100
|-activate|p2a: Mesprit|move: Magma Storm|[of] p1a: Heatran
|
|-end|p2a: Mesprit|move: Future Sight
|-resisted|p2a: Mesprit
|-damage|p2a: Mesprit|52/100
|-damage|p2a: Mesprit|40/100|[from] move: Magma Storm|[partiallytrapped]
|upkeep
|turn|14
|
|t:|1758290244
|switch|p1a: Dragapult|Dragapult, M|100/100
|-damage|p1a: Dragapult|88/100|[from] Stealth Rock
|move|p2a: Mesprit|Psychic Noise|p1a: Dragapult
|-damage|p1a: Dragapult|54/100
|-start|p1a: Dragapult|move: Heal Block
|
|-end|p2a: Mesprit|Magma Storm|[partiallytrapped]|[silent]
|upkeep
|turn|15
|
|t:|1758290250
|move|p2a: Mesprit|Healing Wish|p2a: Mesprit
|faint|p2a: Mesprit
|move|p1a: Dragapult|Draco Meteor|p2: Mesprit|[notarget]
|-fail|p1a: Dragapult
|
|-end|p1a: Dragapult|move: Heal Block
|upkeep
|
|t:|1758290260
|switch|p2a: Iron Hands|Iron Hands|100/100
|-damage|p2a: Iron Hands|94/100|[from] Stealth Rock
|turn|16
|
|t:|1758290270
|switch|p1a: Bronzong|Bronzong, shiny|15/100
|-damage|p1a: Bronzong|9/100|[from] Stealth Rock
|move|p2a: Iron Hands|Ice Punch|p1a: Bronzong
|-resisted|p1a: Bronzong
|-damage|p1a: Bronzong|0 fnt
|faint|p1a: Bronzong
|
|-fieldend|move: Trick Room
|upkeep
|
|t:|1758290283
|switch|p1a: Great Tusk|Great Tusk|25/100
|turn|17
|
|t:|1758290288
|move|p1a: Great Tusk|Headlong Rush|p2a: Iron Hands
|-supereffective|p2a: Iron Hands
|-crit|p2a: Iron Hands
|-damage|p2a: Iron Hands|0 fnt
|-unboost|p1a: Great Tusk|def|1
|-unboost|p1a: Great Tusk|spd|1
|faint|p2a: Iron Hands
|-end|p2a: Iron Hands|Quark Drive|[silent]
|
|upkeep
|c|☆dicolibri|mattered
|
|t:|1758290306
|switch|p2a: Hatterene|Hatterene, F|100/100
|-damage|p2a: Hatterene|88/100|[from] Stealth Rock
|turn|18
|
|t:|1758290317
|move|p1a: Great Tusk|Headlong Rush|p2a: Hatterene
|-damage|p2a: Hatterene|37/100
|-unboost|p1a: Great Tusk|def|1
|-unboost|p1a: Great Tusk|spd|1
|move|p2a: Hatterene|Trick Room|p2a: Hatterene
|-fieldstart|move: Trick Room|[of] p2a: Hatterene
|
|-heal|p2a: Hatterene|43/100|[from] item: Leftovers
|upkeep
|turn|19
|
|t:|1758290334
|-end|p1a: Great Tusk|Protosynthesis|[silent]
|switch|p1a: Heatran|Heatran, M|7/100
|-damage|p1a: Heatran|0 fnt|[from] Stealth Rock
|faint|p1a: Heatran
|move|p2a: Hatterene|Dazzling Gleam|p1: Heatran|[notarget]
|-fail|p2a: Hatterene
|
|-heal|p2a: Hatterene|49/100|[from] item: Leftovers
|upkeep
|
|t:|1758290341
|switch|p1a: Rillaboom|Rillaboom, M|65/100 brn
|-damage|p1a: Rillaboom|53/100 brn|[from] Stealth Rock
|-fieldstart|move: Grassy Terrain|[from] ability: Grassy Surge|[of] p1a: Rillaboom
|turn|20
|
|t:|1758290357
|switch|p2a: Volcanion|Volcanion|80/100
|-heal|p2a: Volcanion|100/100|[from] move: Healing Wish
|-damage|p2a: Volcanion|76/100|[from] Stealth Rock
|move|p1a: Rillaboom|Knock Off|p2a: Volcanion
|-damage|p2a: Volcanion|66/100
|
|-heal|p2a: Volcanion|72/100|[from] Grassy Terrain
|-heal|p1a: Rillaboom|59/100 brn|[from] Grassy Terrain
|-damage|p1a: Rillaboom|53/100 brn|[from] brn
|upkeep
|turn|21
|
|t:|1758290383
|move|p2a: Volcanion|Sludge Wave|p1a: Rillaboom
|-supereffective|p1a: Rillaboom
|-damage|p1a: Rillaboom|0 fnt
|faint|p1a: Rillaboom
|
|-heal|p2a: Volcanion|78/100|[from] Grassy Terrain
|upkeep
|
|t:|1758290387
|switch|p1a: Dragapult|Dragapult, M|54/100
|-damage|p1a: Dragapult|42/100|[from] Stealth Rock
|turn|22
|
|t:|1758290396
|move|p2a: Volcanion|Sludge Wave|p1a: Dragapult
|-resisted|p1a: Dragapult
|-damage|p1a: Dragapult|15/100
|move|p1a: Dragapult|Draco Meteor|p2a: Volcanion
|-damage|p2a: Volcanion|0 fnt
|-unboost|p1a: Dragapult|spa|2
|faint|p2a: Volcanion
|
|-heal|p1a: Dragapult|21/100|[from] Grassy Terrain
|-fieldend|move: Trick Room
|upkeep
|
|t:|1758290405
|switch|p2a: Hatterene|Hatterene, F|49/100
|-damage|p2a: Hatterene|36/100|[from] Stealth Rock
|turn|23
|
|t:|1758290410
|switch|p1a: Ogerpon|Ogerpon-Wellspring, F|100/100
|-damage|p1a: Ogerpon|88/100|[from] Stealth Rock
|move|p2a: Hatterene|Trick Room|p2a: Hatterene
|-fieldstart|move: Trick Room|[of] p2a: Hatterene
|
|-heal|p2a: Hatterene|42/100|[from] Grassy Terrain
|-heal|p2a: Hatterene|48/100|[from] item: Leftovers
|-heal|p1a: Ogerpon|94/100|[from] Grassy Terrain
|upkeep
|turn|24
|
|t:|1758290424
|switch|p1a: Dragapult|Dragapult, M|21/100
|-damage|p1a: Dragapult|9/100|[from] Stealth Rock
|move|p2a: Hatterene|Dazzling Gleam|p1a: Dragapult
|-supereffective|p1a: Dragapult
|-damage|p1a: Dragapult|0 fnt
|faint|p1a: Dragapult
|
|-heal|p2a: Hatterene|54/100|[from] Grassy Terrain
|-heal|p2a: Hatterene|60/100|[from] item: Leftovers
|upkeep
|
|t:|1758290431
|switch|p1a: Ogerpon|Ogerpon-Wellspring, F|94/100
|-damage|p1a: Ogerpon|82/100|[from] Stealth Rock
|turn|25
|
|t:|1758290446
|-terastallize|p1a: Ogerpon|Water
|detailschange|p1a: Ogerpon|Ogerpon-Wellspring-Tera, F, tera:Water
|-ability|p1a: Ogerpon|Embody Aspect (Wellspring)|boost
|-boost|p1a: Ogerpon|spd|1
|move|p2a: Hatterene|Dazzling Gleam|p1a: Ogerpon
|-damage|p1a: Ogerpon|53/100
|move|p1a: Ogerpon|Ivy Cudgel|p2a: Hatterene|[anim] Ivy Cudgel Water
|-damage|p2a: Hatterene|0 fnt
|faint|p2a: Hatterene
|
|-heal|p1a: Ogerpon|59/100|[from] Grassy Terrain
|upkeep
|
|t:|1758290466
|switch|p2a: Hoopa|Hoopa-Unbound|100/100
|-damage|p2a: Hoopa|88/100|[from] Stealth Rock
|turn|26
|
|t:|1758290478
|move|p1a: Ogerpon|Grassy Glide|p2a: Hoopa
|-damage|p2a: Hoopa|22/100
|move|p2a: Hoopa|Hyperspace Fury|p1a: Ogerpon
|-damage|p1a: Ogerpon|0 fnt
|-unboost|p2a: Hoopa|def|1
|faint|p1a: Ogerpon
|detailschange|p1: Ogerpon|Ogerpon-Wellspring, F|[silent]
|-damage|p2a: Hoopa|12/100|[from] item: Life Orb
|
|-heal|p2a: Hoopa|18/100|[from] Grassy Terrain
|upkeep
|
|t:|1758290485
|switch|p1a: Great Tusk|Great Tusk|25/100
|turn|27
|
|t:|1758290488
|move|p2a: Hoopa|Psychic|p1a: Great Tusk
|-supereffective|p1a: Great Tusk
|-damage|p1a: Great Tusk|0 fnt
|faint|p1a: Great Tusk
|-end|p1a: Great Tusk|Protosynthesis|[silent]
|-damage|p2a: Hoopa|8/100|[from] item: Life Orb
|
|win|dicolibri
|raw|bingus100's rating: 1499 &rarr; <strong>1481</strong><br />(-18 for losing)
|raw|dicolibri's rating: 1541 &rarr; <strong>1559</strong><br />(+18 for winning)
|l|☆bingus100
|player|p1|
|l|☆dicolibri
|player|p2|
