|j|☆SickBRE12
|j|☆vbfewbufi
|t:|1758289381
|gametype|singles
|player|p1|SickBRE12|dragontamer|1102
|player|p2|vbfewbufi|170|1098
|gen|9
|tier|[Gen 9] OU
|rated|
|rule|HP Percentage Mod: HP is shown in percentages
|rule|Endless Battle Clause: Forcing endless battles is banned
|rule|Species Clause: Limit one of each Pokémon
|rule|OHKO Clause: OHKO moves are banned
|rule|Evasion Items Clause: Evasion items are banned
|rule|Evasion Moves Clause: Evasion moves are banned
|rule|Evasion Abilities Clause: Evasion abilities are banned
|rule|Sleep Moves Clause: Sleep-inducing moves are banned
|clearpoke
|poke|p1|Leafeon, M|
|poke|p1|Ogerpon-Wellspring, F|
|poke|p1|Polteageist|
|poke|p1|Blaziken, F|
|poke|p1|Glimmora, F|
|poke|p1|Tornadus, M|
|poke|p2|Sinistea|
|poke|p2|Poliwag, F|
|poke|p2|Murkrow, M|
|poke|p2|Torchic, M|
|poke|p2|Pineco, L1, M|
|poke|p2|Cranidos, M|
|teampreview
|inactive|Battle timer is ON: inactive players will automatically lose when time's up. (requested by vbfewbufi)
|inactive|SickBRE12 also wants the timer to be on.
|c|☆SickBRE12|yo
|
|t:|1758289400
|teamsize|p1|6
|teamsize|p2|6
|start
|switch|p1a: Tornadus|Tornadus, M|100/100
|switch|p2a: Murkrow|Murkrow, M|100/100
|turn|1
|
|t:|1758289407
|move|p1a: Tornadus|Tailwind|p1a: Tornadus
|-sidestart|p1: SickBRE12|move: Tailwind
|move|p2a: Murkrow|Taunt|p1a: Tornadus
|-start|p1a: Tornadus|move: Taunt
|
|upkeep
|turn|2
|
|t:|1758289412
|move|p2a: Murkrow|Perish Song|p2a: Murkrow
|-start|p1a: Tornadus|perish3|[silent]
|-start|p2a: Murkrow|perish3|[silent]
|-fieldactivate|move: Perish Song
|move|p1a: Tornadus|Bleakwind Storm|p2a: Murkrow
|-damage|p2a: Murkrow|21/100
|-unboost|p2a: Murkrow|spe|1
|
|-start|p1a: Tornadus|perish3
|-start|p2a: Murkrow|perish3
|upkeep
|turn|3
|
|t:|1758289419
|move|p2a: Murkrow|Thunder Wave|p1a: Tornadus
|-status|p1a: Tornadus|par
|move|p1a: Tornadus|Bleakwind Storm|p2a: Murkrow
|-damage|p2a: Murkrow|0 fnt
|faint|p2a: Murkrow
|
|-start|p1a: Tornadus|perish2
|upkeep
|
|t:|1758289428
|switch|p2a: Torchic|Torchic, M|100/100
|turn|4
|
|t:|1758289437
|move|p2a: Torchic|Protect|p2a: Torchic
|-singleturn|p2a: Torchic|Protect
|cant|p1a: Tornadus|par
|
|-end|p1a: Tornadus|move: Taunt
|-start|p1a: Tornadus|perish1
|-sideend|p1: SickBRE12|move: Tailwind
|-ability|p2a: Torchic|Speed Boost|boost
|-boost|p2a: Torchic|spe|1
|upkeep
|turn|5
|
|t:|1758289441
|switch|p1a: Glimmora|Glimmora, F|100/100
|move|p2a: Torchic|Swords Dance|p2a: Torchic
|-boost|p2a: Torchic|atk|2
|
|-ability|p2a: Torchic|Speed Boost|boost
|-boost|p2a: Torchic|spe|1
|upkeep
|turn|6
|
|t:|1758289455
|move|p2a: Torchic|Night Slash|p1a: Glimmora
|-damage|p1a: Glimmora|69/100
|-activate|p1a: Glimmora|ability: Toxic Debris
|-sidestart|p2: vbfewbufi|move: Toxic Spikes
|move|p1a: Glimmora|Toxic|p2a: Torchic
|-status|p2a: Torchic|tox
|
|-damage|p2a: Torchic|94/100 tox|[from] psn
|-ability|p2a: Torchic|Speed Boost|boost
|-boost|p2a: Torchic|spe|1
|upkeep
|turn|7
|
|t:|1758289478
|move|p2a: Torchic|Night Slash|p1a: Glimmora
|-damage|p1a: Glimmora|35/100
|-activate|p1a: Glimmora|ability: Toxic Debris
|-sidestart|p2: vbfewbufi|move: Toxic Spikes
|move|p1a: Glimmora|Earth Power|p2a: Torchic
|-supereffective|p2a: Torchic
|-damage|p2a: Torchic|0 fnt
|faint|p2a: Torchic
|
|upkeep
|
|t:|1758289481
|switch|p2a: Pineco|Pineco, L1, M|100/100
|turn|8
|
|t:|1758289491
|move|p2a: Pineco|Protect|p2a: Pineco
|-singleturn|p2a: Pineco|Protect
|move|p1a: Glimmora|Mortal Spin|p2a: Pineco
|-activate|p2a: Pineco|move: Protect
|
|upkeep
|turn|9
|-message|vbfewbufi forfeited.
|
|win|SickBRE12
|raw|SickBRE12's rating: 1102 &rarr; <strong>1127</strong><br />(+25 for winning)
|raw|vbfewbufi's rating: 1098 &rarr; <strong>1074</strong><br />(-24 for losing)
|l|☆vbfewbufi
|player|p2|
|l|☆SickBRE12
|player|p1|
