|j|☆bqhdvqh
|j|☆sonicsfgh
|t:|1758300867
|gametype|singles
|player|p1|bqhdvqh|1|1070
|player|p2|sonicsfgh|266|1130
|gen|9
|tier|[Gen 9] OU
|rated|
|rule|HP Percentage Mod: HP is shown in percentages
|rule|Endless Battle Clause: Forcing endless battles is banned
|rule|Species Clause: Limit one of each Pokémon
|rule|OHKO Clause: OHKO moves are banned
|rule|Evasion Items Clause: Evasion items are banned
|rule|Evasion Moves Clause: Evasion moves are banned
|rule|Evasion Abilities Clause: Evasion abilities are banned
|rule|Sleep Moves Clause: Sleep-inducing moves are banned
|clearpoke
|poke|p1|Greninja-*, F|
|poke|p1|Pikachu-Alola, M|
|poke|p1|Infernape, F|
|poke|p1|Sceptile, F|
|poke|p1|Snorlax, M|
|poke|p1|Lycanroc-Dusk, F|
|poke|p2|Pelipper, F|
|poke|p2|Zapdos|
|poke|p2|Dondozo, M|
|poke|p2|Gastrodon, M|
|poke|p2|Scizor, M|
|poke|p2|Kingambit, M|
|teampreview
|
|t:|1758300873
|teamsize|p1|6
|teamsize|p2|6
|start
|switch|p1a: Lycanroc|Lycanroc-Dusk, F|100/100
|switch|p2a: Pelipper|Pelipper, F|100/100
|-weather|RainDance|[from] ability: Drizzle|[of] p2a: Pelipper
|turn|1
|
|t:|1758300882
|move|p1a: Lycanroc|Stealth Rock|p2a: Pelipper
|-sidestart|p2: sonicsfgh|move: Stealth Rock
|move|p2a: Pelipper|Hydro Pump|p1a: Lycanroc|[miss]
|-miss|p2a: Pelipper|p1a: Lycanroc
|
|-weather|RainDance|[upkeep]
|upkeep
|turn|2
|
|t:|1758300894
|switch|p1a: Pikachu|Pikachu-Alola, M|100/100
|move|p2a: Pelipper|Hydro Pump|p1a: Pikachu
|-damage|p1a: Pikachu|0 fnt
|faint|p1a: Pikachu
|
|-weather|RainDance|[upkeep]
|upkeep
|
|t:|1758300902
|switch|p1a: Sceptile|Sceptile, F|100/100
|turn|3
|
|t:|1758300909
|-terastallize|p1a: Sceptile|Grass
|move|p1a: Sceptile|Energy Ball|p2a: Pelipper
|-damage|p2a: Pelipper|0 fnt
|faint|p2a: Pelipper
|
|-weather|RainDance|[upkeep]
|upkeep
|
|t:|1758300917
|switch|p2a: Gastrodon|Gastrodon, M|100/100
|-damage|p2a: Gastrodon|94/100|[from] Stealth Rock
|turn|4
|
|t:|1758300924
|-terastallize|p2a: Gastrodon|Fire
|move|p1a: Sceptile|Energy Ball|p2a: Gastrodon
|-resisted|p2a: Gastrodon
|-damage|p2a: Gastrodon|61/100
|move|p2a: Gastrodon|Tera Blast|p1a: Sceptile|[anim] Tera Blast Fire
|-supereffective|p1a: Sceptile
|-damage|p1a: Sceptile|52/100
|
|-weather|RainDance|[upkeep]
|upkeep
|turn|5
|
|t:|1758300934
|switch|p1a: Greninja|Greninja, F|100/100
|move|p2a: Gastrodon|Tera Blast|p1a: Greninja|[anim] Tera Blast Fire
|-resisted|p1a: Greninja
|-damage|p1a: Greninja|88/100
|
|-weather|RainDance|[upkeep]
|upkeep
|turn|6
|
|t:|1758300943
|move|p1a: Greninja|Dig||[still]
|-prepare|p1a: Greninja|Dig
|-start|p1a: Greninja|typechange|Ground|[from] ability: Protean
|move|p2a: Gastrodon|Weather Ball|p1a: Greninja|[miss]
|-miss|p2a: Gastrodon|p1a: Greninja
|
|-weather|RainDance|[upkeep]
|upkeep
|turn|7
|
|t:|1758300958
|switch|p2a: Dondozo|Dondozo, M|100/100
|-damage|p2a: Dondozo|88/100|[from] Stealth Rock
|move|p1a: Greninja|Dig|p2a: Dondozo|[from] lockedmove
|-damage|p2a: Dondozo|75/100
|
|-weather|RainDance|[upkeep]
|-heal|p2a: Dondozo|81/100|[from] item: Leftovers
|upkeep
|turn|8
|l|☆sonicsfgh
|player|p2|
|
|t:|1758300974
|switch|p1a: Sceptile|Sceptile, F, tera:Grass|52/100
|move|p2a: Dondozo|Liquidation|p1a: Sceptile
|-resisted|p1a: Sceptile
|-damage|p1a: Sceptile|22/100
|
|-weather|none
|-heal|p2a: Dondozo|88/100|[from] item: Leftovers
|upkeep
|turn|9
|j|☆sonicsfgh
|player|p2|sonicsfgh|266|
|
|t:|1758301002
|move|p1a: Sceptile|Energy Ball|p2a: Dondozo
|-supereffective|p2a: Dondozo
|-damage|p2a: Dondozo|0 fnt
|faint|p2a: Dondozo
|
|upkeep
|
|t:|1758301008
|switch|p2a: Scizor|Scizor, M|100/100
|-damage|p2a: Scizor|88/100|[from] Stealth Rock
|turn|10
|
|t:|1758301014
|switch|p1a: Infernape|Infernape, F|100/100
|move|p2a: Scizor|Swords Dance|p2a: Scizor
|-boost|p2a: Scizor|atk|2
|
|upkeep
|turn|11
|
|t:|1758301024
|move|p2a: Scizor|Vacuum Wave|p1a: Infernape
|-damage|p1a: Infernape|92/100
|move|p1a: Infernape|Nasty Plot|p1a: Infernape
|-boost|p1a: Infernape|spa|2
|
|upkeep
|turn|12
|
|t:|1758301036
|switch|p2a: Gastrodon|Gastrodon, M, tera:Fire|61/100
|-damage|p2a: Gastrodon|36/100|[from] Stealth Rock
|move|p1a: Infernape|Heat Wave|p2a: Gastrodon
|-resisted|p2a: Gastrodon
|-damage|p2a: Gastrodon|4/100
|
|upkeep
|turn|13
|
|t:|1758301045
|switch|p1a: Greninja|Greninja, F|88/100
|move|p2a: Gastrodon|Earth Power|p1a: Greninja
|-damage|p1a: Greninja|25/100
|
|upkeep
|turn|14
|
|t:|1758301052
|move|p1a: Greninja|Sludge Wave|p2a: Gastrodon
|-start|p1a: Greninja|typechange|Poison|[from] ability: Protean
|-crit|p2a: Gastrodon
|-damage|p2a: Gastrodon|0 fnt
|faint|p2a: Gastrodon
|
|upkeep
|
|t:|1758301060
|switch|p2a: Zapdos|Zapdos|100/100
|turn|15
|
|t:|1758301074
|move|p1a: Greninja|Sludge Wave|p2a: Zapdos
|-damage|p2a: Zapdos|51/100
|move|p2a: Zapdos|Hurricane|p1a: Greninja
|-damage|p1a: Greninja|0 fnt
|faint|p1a: Greninja
|
|upkeep
|
|t:|1758301081
|switch|p1a: Lycanroc|Lycanroc-Dusk, F|100/100
|turn|16
|
|t:|1758301086
|move|p1a: Lycanroc|Accelerock|p2a: Zapdos
|-supereffective|p2a: Zapdos
|-damage|p2a: Zapdos|0 fnt
|faint|p2a: Zapdos
|
|upkeep
|
|t:|1758301092
|switch|p2a: Kingambit|Kingambit, M|100/100
|-damage|p2a: Kingambit|94/100|[from] Stealth Rock
|-activate|p2a: Kingambit|ability: Supreme Overlord
|-start|p2a: Kingambit|fallen4|[silent]
|turn|17
|
|t:|1758301101
|move|p1a: Lycanroc|Fire Fang|p2a: Kingambit
|-supereffective|p2a: Kingambit
|-damage|p2a: Kingambit|56/100
|move|p2a: Kingambit|Swords Dance|p2a: Kingambit
|-boost|p2a: Kingambit|atk|2
|
|upkeep
|turn|18
|
|t:|1758301109
|move|p2a: Kingambit|Sucker Punch|p1a: Lycanroc
|-damage|p1a: Lycanroc|0 fnt
|-damage|p2a: Kingambit|40/100|[from] item: Rocky Helmet|[of] p1a: Lycanroc
|faint|p1a: Lycanroc
|-damage|p2a: Kingambit|30/100|[from] item: Life Orb
|
|upkeep
|
|t:|1758301116
|switch|p1a: Infernape|Infernape, F|92/100
|turn|19
|
|t:|1758301127
|move|p2a: Kingambit|Sucker Punch|p1a: Infernape
|-resisted|p1a: Infernape
|-damage|p1a: Infernape|0 fnt
|faint|p1a: Infernape
|-damage|p2a: Kingambit|20/100|[from] item: Life Orb
|
|upkeep
|
|t:|1758301132
|switch|p1a: Snorlax|Snorlax, M|100/100
|turn|20
|
|t:|1758301138
|move|p2a: Kingambit|Brick Break|p1a: Snorlax
|-supereffective|p1a: Snorlax
|-damage|p1a: Snorlax|0 fnt
|faint|p1a: Snorlax
|-damage|p2a: Kingambit|10/100|[from] item: Life Orb
|
|upkeep
|
|t:|1758301144
|switch|p1a: Sceptile|Sceptile, F, tera:Grass|22/100
|turn|21
|
|t:|1758301153
|move|p1a: Sceptile|Crunch|p2a: Kingambit
|-resisted|p2a: Kingambit
|-damage|p2a: Kingambit|4/100
|-unboost|p2a: Kingambit|def|1
|move|p2a: Kingambit|Brick Break|p1a: Sceptile
|-damage|p1a: Sceptile|0 fnt
|faint|p1a: Sceptile
|-damage|p2a: Kingambit|0 fnt|[from] item: Life Orb
|faint|p2a: Kingambit
|-end|p2a: Kingambit|fallen4|[silent]
|
|win|sonicsfgh
|raw|bqhdvqh's rating: 1070 &rarr; <strong>1052</strong><br />(-18 for losing)
|raw|sonicsfgh's rating: 1111 &rarr; <strong>1133</strong><br />(+22 for winning)
|l|☆bqhdvqh
|player|p1|
|l|☆sonicsfgh
|player|p2|
