|j|☆TrainerPineap
|j|☆R.para ti
|t:|1758332499
|gametype|singles
|player|p1|TrainerPineap|youngster|1159
|player|p2|R.para ti|2|1160
|gen|9
|tier|[Gen 9] OU
|rated|
|rule|HP Percentage Mod: HP is shown in percentages
|rule|Endless Battle Clause: Forcing endless battles is banned
|rule|Species Clause: Limit one of each Pokémon
|rule|OHKO Clause: OHKO moves are banned
|rule|Evasion Items Clause: Evasion items are banned
|rule|Evasion Moves Clause: Evasion moves are banned
|rule|Evasion Abilities Clause: Evasion abilities are banned
|rule|Sleep Moves Clause: Sleep-inducing moves are banned
|clearpoke
|poke|p1|Araquanid, F|
|poke|p1|Enamorus, F|
|poke|p1|Serperior, M|
|poke|p1|Cinderace, F|
|poke|p1|Milotic, F|
|poke|p1|Kingambit, F|
|poke|p2|Empoleon, M|
|poke|p2|Kingambit, F|
|poke|p2|Ogerpon, F|
|poke|p2|Meowstic-F, F|
|poke|p2|Cinderace, F|
|poke|p2|Ribombee, M|
|teampreview
|inactive|Battle timer is ON: inactive players will automatically lose when time's up. (requested by TrainerPineap)
|
|t:|1758332515
|teamsize|p1|6
|teamsize|p2|6
|start
|switch|p1a: Araquanid|Araquanid, F|100/100
|switch|p2a: Cinderace|Cinderace, F|100/100
|turn|1
|
|t:|1758332524
|move|p2a: Cinderace|U-turn|p1a: Araquanid
|-start|p2a: Cinderace|typechange|Bug|[from] ability: Libero
|-damage|p1a: Araquanid|68/100
|
|t:|1758332529
|switch|p2a: Meowstic|Meowstic-F, F|100/100|[from] U-turn
|move|p1a: Araquanid|Surf|p2a: Meowstic
|-damage|p2a: Meowstic|24/100
|
|upkeep
|turn|2
|
|t:|1758332535
|move|p2a: Meowstic|Thunderbolt|p1a: Araquanid
|-supereffective|p1a: Araquanid
|-damage|p1a: Araquanid|29/100
|move|p1a: Araquanid|Sticky Web|p2a: Meowstic
|-sidestart|p2: R.para ti|move: Sticky Web
|
|upkeep
|turn|3
|
|t:|1758332544
|switch|p1a: Serperior|Serperior, M|100/100
|move|p2a: Meowstic|Thunderbolt|p1a: Serperior
|-resisted|p1a: Serperior
|-damage|p1a: Serperior|87/100
|
|-heal|p1a: Serperior|93/100|[from] item: Leftovers
|upkeep
|turn|4
|
|t:|1758332568
|switch|p2a: Cinderace|Cinderace, F|100/100
|move|p1a: Serperior|Leaf Storm|p2a: Cinderace
|-resisted|p2a: Cinderace
|-damage|p2a: Cinderace|65/100
|-boost|p1a: Serperior|spa|2
|
|-heal|p1a: Serperior|99/100|[from] item: Leftovers
|upkeep
|turn|5
|
|t:|1758332576
|switch|p1a: Cinderace|Cinderace, F|100/100
|move|p2a: Cinderace|Pyro Ball|p1a: Cinderace
|-resisted|p1a: Cinderace
|-damage|p1a: Cinderace|57/100
|
|upkeep
|turn|6
|
|t:|1758332583
|move|p2a: Cinderace|High Jump Kick|p1a: Cinderace
|-start|p2a: Cinderace|typechange|Fighting|[from] ability: Libero
|-damage|p1a: Cinderace|0 fnt
|faint|p1a: Cinderace
|
|upkeep
|-message|TrainerPineap forfeited.
|
|win|R.para ti
|raw|TrainerPineap's rating: 1159 &rarr; <strong>1134</strong><br />(-25 for losing)
|raw|R.para ti's rating: 1160 &rarr; <strong>1185</strong><br />(+25 for winning)
|l|☆TrainerPineap
|player|p1|
