|j|☆a2356582673
|j|☆Hawks1235
|t:|1758348083
|gametype|singles
|player|p1|a2356582673|ethan|1097
|player|p2|Hawks1235|n|1094
|gen|9
|tier|[Gen 9] OU
|rated|
|rule|HP Percentage Mod: HP is shown in percentages
|rule|Endless Battle Clause: Forcing endless battles is banned
|rule|Species Clause: Limit one of each Pokémon
|rule|OHKO Clause: OHKO moves are banned
|rule|Evasion Items Clause: Evasion items are banned
|rule|Evasion Moves Clause: Evasion moves are banned
|rule|Evasion Abilities Clause: Evasion abilities are banned
|rule|Sleep Moves Clause: Sleep-inducing moves are banned
|clearpoke
|poke|p1|Clodsire, F|
|poke|p1|Gliscor, M|
|poke|p1|Clefable, M|
|poke|p1|Great Tusk|
|poke|p1|Dondozo, M|
|poke|p1|Serperior, M|
|poke|p2|Walking Wake|
|poke|p2|Hatterene, F|
|poke|p2|Ursaluna, M|
|poke|p2|Ceruledge, M|
|poke|p2|Toxtricity-Low-Key, F|
|poke|p2|Kingambit, F|
|teampreview
|
|t:|1758348093
|teamsize|p1|6
|teamsize|p2|6
|start
|switch|p1a: Clefable|Clefable, M|100/100
|switch|p2a: Walking Wake|Walking Wake|100/100
|-enditem|p2a: Walking Wake|Booster Energy
|-activate|p2a: Walking Wake|ability: Protosynthesis|[fromitem]
|-start|p2a: Walking Wake|protosynthesisspa
|turn|1
|
|t:|1758348105
|move|p2a: Walking Wake|Hydro Pump|p1a: Clefable
|-damage|p1a: Clefable|39/100
|move|p1a: Clefable|Thunder Wave|p2a: Walking Wake
|-status|p2a: Walking Wake|par
|
|-heal|p1a: Clefable|45/100|[from] item: Leftovers
|upkeep
|turn|2
|
|t:|1758348115
|move|p1a: Clefable|Wish|p1a: Clefable
|move|p2a: Walking Wake|Hydro Pump|p1a: Clefable
|-damage|p1a: Clefable|0 fnt
|faint|p1a: Clefable
|
|upkeep
|
|t:|1758348121
|switch|p1a: Serperior|Serperior, M|100/100
|turn|3
|
|t:|1758348129
|move|p1a: Serperior|Leaf Storm|p2a: Walking Wake
|-damage|p2a: Walking Wake|65/100 par
|-boost|p1a: Serperior|spa|2
|cant|p2a: Walking Wake|par
|
|upkeep
|turn|4
|
|t:|1758348137
|-end|p2a: Walking Wake|Protosynthesis|[silent]
|switch|p2a: Ceruledge|Ceruledge, M, shiny|100/100
|move|p1a: Serperior|Leaf Storm|p2a: Ceruledge
|-resisted|p2a: Ceruledge
|-damage|p2a: Ceruledge|58/100
|-boost|p1a: Serperior|spa|2
|
|upkeep
|turn|5
|
|t:|1758348148
|-terastallize|p1a: Serperior|Fire
|move|p1a: Serperior|Leaf Storm|p2a: Ceruledge
|-resisted|p2a: Ceruledge
|-damage|p2a: Ceruledge|2/100
|-boost|p1a: Serperior|spa|2
|move|p2a: Ceruledge|Bitter Blade|p1a: Serperior
|-resisted|p1a: Serperior
|-damage|p1a: Serperior|65/100
|-heal|p2a: Ceruledge|24/100|[from] drain|[of] p1a: Serperior
|-damage|p2a: Ceruledge|14/100|[from] item: Life Orb
|
|-heal|p1a: Serperior|71/100|[from] item: Leftovers
|upkeep
|turn|6
|
|t:|1758348165
|move|p1a: Serperior|Leaf Storm|p2a: Ceruledge
|-resisted|p2a: Ceruledge
|-damage|p2a: Ceruledge|0 fnt
|faint|p2a: Ceruledge
|
|-heal|p1a: Serperior|77/100|[from] item: Leftovers
|upkeep
|
|t:|1758348184
|switch|p2a: Ursaluna|Ursaluna, M, shiny|100/100
|turn|7
|
|t:|1758348189
|-terastallize|p2a: Ursaluna|Psychic
|move|p1a: Serperior|Leaf Storm|p2a: Ursaluna
|-damage|p2a: Ursaluna|0 fnt
|faint|p2a: Ursaluna
|
|-heal|p1a: Serperior|84/100|[from] item: Leftovers
|upkeep
|
|t:|1758348199
|switch|p2a: Walking Wake|Walking Wake|65/100 par
|turn|8
|
|t:|1758348204
|move|p1a: Serperior|Substitute|p1a: Serperior
|-start|p1a: Serperior|Substitute
|-damage|p1a: Serperior|59/100
|cant|p2a: Walking Wake|par
|
|-heal|p1a: Serperior|65/100|[from] item: Leftovers
|upkeep
|turn|9
|
|t:|1758348212
|move|p1a: Serperior|Leaf Storm|p2a: Walking Wake
|-damage|p2a: Walking Wake|0 fnt
|faint|p2a: Walking Wake
|-end|p2a: Walking Wake|Protosynthesis|[silent]
|
|-heal|p1a: Serperior|71/100|[from] item: Leftovers
|upkeep
|
|t:|1758348219
|switch|p2a: Toxtricity|Toxtricity-Low-Key, F, shiny|100/100
|turn|10
|
|t:|1758348225
|move|p1a: Serperior|Leaf Storm|p2a: Toxtricity
|-resisted|p2a: Toxtricity
|-damage|p2a: Toxtricity|30/100
|move|p2a: Toxtricity|Boomburst|p1a: Serperior
|-damage|p1a: Serperior|15/100
|
|-heal|p1a: Serperior|21/100|[from] item: Leftovers
|upkeep
|turn|11
|
|t:|1758348234
|move|p1a: Serperior|Leaf Storm|p2a: Toxtricity|[miss]
|-miss|p1a: Serperior|p2a: Toxtricity
|move|p2a: Toxtricity|Boomburst|p1a: Serperior
|-damage|p1a: Serperior|0 fnt
|faint|p1a: Serperior
|
|upkeep
|
|t:|1758348243
|switch|p1a: Gliscor|Gliscor, M|100/100
|turn|12
|
|t:|1758348249
|move|p1a: Gliscor|Earthquake|p2a: Toxtricity
|-supereffective|p2a: Toxtricity
|-damage|p2a: Toxtricity|0 fnt
|faint|p2a: Toxtricity
|
|-status|p1a: Gliscor|tox|[from] item: Toxic Orb
|upkeep
|
|t:|1758348255
|switch|p2a: Hatterene|Hatterene, F, shiny|100/100
|turn|13
|
|t:|1758348262
|switch|p1a: Clodsire|Clodsire, F|100/100
|move|p2a: Hatterene|Trick Room|p2a: Hatterene
|-fieldstart|move: Trick Room|[of] p2a: Hatterene
|
|upkeep
|turn|14
|
|t:|1758348267
|move|p1a: Clodsire|Iron Head|p2a: Hatterene
|-supereffective|p2a: Hatterene
|-damage|p2a: Hatterene|67/100
|-damage|p1a: Clodsire|84/100|[from] item: Rocky Helmet|[of] p2a: Hatterene
|cant|p2a: Hatterene|flinch
|
|-heal|p1a: Clodsire|90/100|[from] item: Black Sludge
|upkeep
|turn|15
|
|t:|1758348276
|move|p1a: Clodsire|Iron Head|p2a: Hatterene
|-supereffective|p2a: Hatterene
|-damage|p2a: Hatterene|31/100
|-damage|p1a: Clodsire|74/100|[from] item: Rocky Helmet|[of] p2a: Hatterene
|move|p2a: Hatterene|Psychic|p1a: Clodsire
|-supereffective|p1a: Clodsire
|-damage|p1a: Clodsire|12/100
|
|-heal|p1a: Clodsire|18/100|[from] item: Black Sludge
|upkeep
|turn|16
|
|t:|1758348287
|move|p1a: Clodsire|Iron Head|p2a: Hatterene
|-supereffective|p2a: Hatterene
|-damage|p2a: Hatterene|0 fnt
|-damage|p1a: Clodsire|2/100|[from] item: Rocky Helmet|[of] p2a: Hatterene
|faint|p2a: Hatterene
|
|-heal|p1a: Clodsire|8/100|[from] item: Black Sludge
|upkeep
|
|t:|1758348296
|switch|p2a: Kingambit|Kingambit, F, shiny|100/100
|-activate|p2a: Kingambit|ability: Supreme Overlord
|-start|p2a: Kingambit|fallen5|[silent]
|turn|17
|
|t:|1758348306
|move|p1a: Clodsire|Iron Head|p2a: Kingambit
|-resisted|p2a: Kingambit
|-damage|p2a: Kingambit|95/100
|move|p2a: Kingambit|Brick Break|p1a: Clodsire
|-resisted|p1a: Clodsire
|-damage|p1a: Clodsire|0 fnt
|faint|p1a: Clodsire
|
|-fieldend|move: Trick Room
|upkeep
|
|t:|1758348315
|switch|p1a: Great Tusk|Great Tusk|100/100
|-enditem|p1a: Great Tusk|Booster Energy
|-activate|p1a: Great Tusk|ability: Protosynthesis|[fromitem]
|-start|p1a: Great Tusk|protosynthesisatk
|turn|18
|
|t:|1758348325
|move|p1a: Great Tusk|Headlong Rush|p2a: Kingambit
|-supereffective|p2a: Kingambit
|-damage|p2a: Kingambit|0 fnt
|-unboost|p1a: Great Tusk|def|1
|-unboost|p1a: Great Tusk|spd|1
|faint|p2a: Kingambit
|-end|p2a: Kingambit|fallen5|[silent]
|
|win|a2356582673
|raw|a2356582673's rating: 1097 &rarr; <strong>1122</strong><br />(+25 for winning)
|raw|Hawks1235's rating: 1094 &rarr; <strong>1070</strong><br />(-24 for losing)
|l|☆Hawks1235
|player|p2|
|l|☆a2356582673
|player|p1|
