|j|☆Tamoor26
|j|☆somenessmain
|inactive|Battle timer is ON: inactive players will automatically lose when time's up.
|t:|1758322528
|gametype|singles
|player|p1|Tamoor26|red|
|player|p2|somenessmain|camper|
|gen|9
|tier|[Gen 9] OU
|rated|Tournament battle
|rule|HP Percentage Mod: HP is shown in percentages
|rule|Endless Battle Clause: Forcing endless battles is banned
|rule|Species Clause: Limit one of each Pokémon
|rule|OHKO Clause: OHKO moves are banned
|rule|Evasion Items Clause: Evasion items are banned
|rule|Evasion Moves Clause: Evasion moves are banned
|rule|Evasion Abilities Clause: Evasion abilities are banned
|rule|Sleep Moves Clause: Sleep-inducing moves are banned
|raw|<div class="infobox"><details class="readmore"><summary><strong>15 custom rules:</strong></summary> -burmy, -caterpie, -combee, -kricketot, -magikarp, -scatterbug, -sunkern, -tynamo, -typenull, -weedle, -wurmple, -cosmog, -blipbug, -snom, -wynaut</details></div>
|clearpoke
|poke|p1|Malamar, M|
|poke|p1|Arcanine, F|
|poke|p1|Zoroark-Hisui, F|
|poke|p2|Goodra-Hisui, M|
|poke|p2|Gholdengo|
|poke|p2|Magnezone|
|teampreview
|j|*Lady Monita ☀
|c|☆somenessmain|glhf
|c|☆Tamoor26|u2
|
|t:|1758322540
|teamsize|p1|3
|teamsize|p2|3
|start
|switch|p1a: Malamar|Malamar, M, shiny|100/100
|switch|p2a: Goodra|Goodra-Hisui, M|100/100
|turn|1
|
|t:|1758322545
|-terastallize|p2a: Goodra|Water
|move|p1a: Malamar|Knock Off|p2a: Goodra
|-damage|p2a: Goodra|61/100
|-ability|p2a: Goodra|Gooey
|-boost|p1a: Malamar|spe|1
|-enditem|p2a: Goodra|Assault Vest|[from] move: Knock Off|[of] p1a: Malamar
|move|p2a: Goodra|Heavy Slam|p1a: Malamar
|-damage|p1a: Malamar|42/100
|
|-heal|p1a: Malamar|48/100|[from] item: Leftovers
|upkeep
|turn|2
|
|t:|1758322556
|move|p1a: Malamar|Superpower|p2a: Goodra
|-damage|p2a: Goodra|28/100
|-boost|p1a: Malamar|atk|1
|-boost|p1a: Malamar|def|1
|-ability|p2a: Goodra|Gooey
|-boost|p1a: Malamar|spe|1
|move|p2a: Goodra|Heavy Slam|p1a: Malamar
|-damage|p1a: Malamar|8/100
|
|-heal|p1a: Malamar|15/100|[from] item: Leftovers
|upkeep
|turn|3
|
|t:|1758322559
|move|p1a: Malamar|Superpower|p2a: Goodra
|-damage|p2a: Goodra|0 fnt
|-boost|p1a: Malamar|atk|1
|-boost|p1a: Malamar|def|1
|-ability|p2a: Goodra|Gooey
|-boost|p1a: Malamar|spe|1
|faint|p2a: Goodra
|
|-heal|p1a: Malamar|21/100|[from] item: Leftovers
|upkeep
|
|t:|1758322561
|switch|p2a: Magnezone|Magnezone|100/100
|turn|4
|
|t:|1758322564
|move|p1a: Malamar|Superpower|p2a: Magnezone
|-supereffective|p2a: Magnezone
|-ability|p2a: Magnezone|Sturdy
|-damage|p2a: Magnezone|1/100
|-boost|p1a: Malamar|atk|1
|-boost|p1a: Malamar|def|1
|move|p2a: Magnezone|Thunderbolt|p1a: Malamar
|-damage|p1a: Malamar|0 fnt
|faint|p1a: Malamar
|
|upkeep
|
|t:|1758322572
|switch|p1a: Arcanine|Arcanine, F|100/100
|-ability|p1a: Arcanine|Intimidate|boost
|-unboost|p2a: Magnezone|atk|1
|turn|5
|
|t:|1758322576
|move|p1a: Arcanine|Flare Blitz|p2a: Magnezone
|-supereffective|p2a: Magnezone
|-damage|p2a: Magnezone|0 fnt
|faint|p2a: Magnezone
|-damage|p1a: Arcanine|99/100|[from] Recoil
|
|-heal|p1a: Arcanine|100/100|[from] item: Leftovers
|upkeep
|
|t:|1758322577
|switch|p2a: Gholdengo|Gholdengo|100/100
|-item|p2a: Gholdengo|Air Balloon
|turn|6
|
|t:|1758322580
|move|p2a: Gholdengo|Shadow Ball|p1a: Arcanine
|-damage|p1a: Arcanine|50/100
|-unboost|p1a: Arcanine|spd|1
|move|p1a: Arcanine|Flare Blitz|p2a: Gholdengo
|-supereffective|p2a: Gholdengo
|-damage|p2a: Gholdengo|0 fnt
|-enditem|p2a: Gholdengo|Air Balloon
|faint|p2a: Gholdengo
|-damage|p1a: Arcanine|18/100|[from] Recoil
|
|win|Tamoor26
|n|☆Tamoor26|tamoor26
|n|☆somenessmain|somenessmain
|n|*Lady Monita ☀|ladymonita
