|j|☆iacidicowl
|j|☆Migstaper
|t:|1758285141
|gametype|singles
|player|p1|iacidicowl|dahlia|1676
|player|p2|Migstaper|ltsurge|1710
|gen|9
|tier|[Gen 9] OU
|rated|
|rule|HP Percentage Mod: HP is shown in percentages
|rule|Endless Battle Clause: Forcing endless battles is banned
|rule|Species Clause: Limit one of each Pokémon
|rule|OHKO Clause: OHKO moves are banned
|rule|Evasion Items Clause: Evasion items are banned
|rule|Evasion Moves Clause: Evasion moves are banned
|rule|Evasion Abilities Clause: Evasion abilities are banned
|rule|Sleep Moves Clause: Sleep-inducing moves are banned
|clearpoke
|poke|p1|Gliscor, F|
|poke|p1|Glimmora, M|
|poke|p1|Gholdengo|
|poke|p1|Zamazenta-*|
|poke|p1|Iron Valiant|
|poke|p1|Amoonguss, M|
|poke|p2|Enamorus, F|
|poke|p2|Iron Valiant|
|poke|p2|Dragapult, M|
|poke|p2|Dragonite, M|
|poke|p2|Great Tusk|
|poke|p2|Kingambit, M|
|teampreview
|inactive|Battle timer is ON: inactive players will automatically lose when time's up. (requested by iacidicowl)
|
|t:|1758285217
|teamsize|p1|6
|teamsize|p2|6
|start
|switch|p1a: Gholdengo|Gholdengo|100/100
|switch|p2a: Paul we know|Dragapult, M, shiny|100/100
|turn|1
|
|t:|1758285227
|switch|p2a: No condemnation|Kingambit, M, shiny|100/100
|move|p1a: Gholdengo|Shadow Ball|p2a: No condemnation
|-resisted|p2a: No condemnation
|-damage|p2a: No condemnation|88/100
|
|upkeep
|turn|2
|
|t:|1758285235
|switch|p1a: Amoonguss|Amoonguss, M|100/100
|-end|p2a: No condemnation|fallenundefined|[silent]
|switch|p2a: Paul we know|Dragapult, M, shiny|100/100
|
|upkeep
|turn|3
|
|t:|1758285242
|move|p2a: Paul we know|Dragon Dance|p2a: Paul we know
|-boost|p2a: Paul we know|atk|1
|-boost|p2a: Paul we know|spe|1
|move|p1a: Amoonguss|Stun Spore|p2a: Paul we know
|-status|p2a: Paul we know|par
|
|upkeep
|turn|4
|
|t:|1758285251
|move|p2a: Paul we know|Dragon Darts|p1a: Amoonguss
|-damage|p1a: Amoonguss|62/100
|-anim|p2a: Paul we know|Dragon Darts|p1a: Amoonguss
|-damage|p1a: Amoonguss|27/100
|-damage|p2a: Paul we know|91/100 par|[from] item: Life Orb
|move|p1a: Amoonguss|Foul Play|p2a: Paul we know
|-supereffective|p2a: Paul we know
|-damage|p2a: Paul we know|0 fnt
|faint|p2a: Paul we know
|
|upkeep
|
|t:|1758285266
|switch|p2a: Habakkuk|Dragonite, M, shiny|100/100
|turn|5
|
|t:|1758285271
|switch|p1a: Glimmora|Glimmora, M|100/100
|move|p2a: Habakkuk|Dragon Dance|p2a: Habakkuk
|-boost|p2a: Habakkuk|atk|1
|-boost|p2a: Habakkuk|spe|1
|
|upkeep
|turn|6
|j| wgw2333
|
|t:|1758285283
|-terastallize|p1a: Glimmora|Ghost
|move|p2a: Habakkuk|Earthquake|p1a: Glimmora
|-damage|p1a: Glimmora|49/100
|-activate|p1a: Glimmora|ability: Toxic Debris
|-sidestart|p2: Migstaper|move: Toxic Spikes
|-enditem|p1a: Glimmora|Red Card|[of] p2a: Habakkuk
|drag|p2a: No condemnation|Kingambit, M, shiny|88/100
|-activate|p2a: No condemnation|ability: Supreme Overlord
|-start|p2a: No condemnation|fallen1|[silent]
|move|p1a: Glimmora|Mortal Spin|p2a: No condemnation
|-immune|p2a: No condemnation
|
|upkeep
|turn|7
|
|t:|1758285302
|switch|p1a: Amoonguss|Amoonguss, M|60/100
|move|p2a: No condemnation|Kowtow Cleave|p1a: Amoonguss
|-damage|p1a: Amoonguss|17/100
|-damage|p2a: No condemnation|71/100|[from] item: Rocky Helmet|[of] p1a: Amoonguss
|
|upkeep
|turn|8
|j| Swagboss123456789
|
|t:|1758285312
|switch|p1a: Zamazenta|Zamazenta|100/100
|-ability|p1a: Zamazenta|Dauntless Shield|boost
|-boost|p1a: Zamazenta|def|1
|move|p2a: No condemnation|Kowtow Cleave|p1a: Zamazenta
|-resisted|p1a: Zamazenta
|-damage|p1a: Zamazenta|82/100
|
|upkeep
|turn|9
|
|t:|1758285322
|-end|p2a: No condemnation|fallen1|[silent]
|switch|p2a: Righteousness|Iron Valiant, shiny|100/100
|-status|p2a: Righteousness|psn
|-enditem|p2a: Righteousness|Booster Energy
|-activate|p2a: Righteousness|ability: Quark Drive|[fromitem]
|-start|p2a: Righteousness|quarkdrivespe
|move|p1a: Zamazenta|Close Combat|p2a: Righteousness
|-resisted|p2a: Righteousness
|-damage|p2a: Righteousness|46/100 psn
|-unboost|p1a: Zamazenta|def|1
|-unboost|p1a: Zamazenta|spd|1
|
|-damage|p2a: Righteousness|34/100 psn|[from] psn
|upkeep
|turn|10
|j| RNG Savage
|
|t:|1758285335
|switch|p1a: Amoonguss|Amoonguss, M|50/100
|move|p2a: Righteousness|Shadow Ball|p1a: Amoonguss
|-damage|p1a: Amoonguss|25/100
|
|-damage|p2a: Righteousness|21/100 psn|[from] psn
|upkeep
|turn|11
|
|t:|1758285346
|switch|p1a: Gliscor|Gliscor, F|100/100
|move|p2a: Righteousness|Shadow Ball|p1a: Gliscor
|-damage|p1a: Gliscor|78/100
|
|-damage|p2a: Righteousness|9/100 psn|[from] psn
|-status|p1a: Gliscor|tox|[from] item: Toxic Orb
|upkeep
|turn|12
|
|t:|1758285356
|switch|p1a: Amoonguss|Amoonguss, M|58/100
|move|p2a: Righteousness|Moonblast|p1a: Amoonguss
|-resisted|p1a: Amoonguss
|-damage|p1a: Amoonguss|37/100
|
|-damage|p2a: Righteousness|0 fnt|[from] psn
|faint|p2a: Righteousness
|-end|p2a: Righteousness|Quark Drive|[silent]
|upkeep
|
|t:|1758285367
|switch|p2a: Habakkuk|Dragonite, M, shiny|100/100
|turn|13
|
|t:|1758285370
|move|p2a: Habakkuk|Dragon Dance|p2a: Habakkuk
|-boost|p2a: Habakkuk|atk|1
|-boost|p2a: Habakkuk|spe|1
|move|p1a: Amoonguss|Stun Spore|p2a: Habakkuk
|-status|p2a: Habakkuk|par
|-enditem|p2a: Habakkuk|Lum Berry|[eat]
|-curestatus|p2a: Habakkuk|par|[msg]
|
|upkeep
|turn|14
|
|t:|1758285379
|move|p2a: Habakkuk|Earthquake|p1a: Amoonguss
|-damage|p1a: Amoonguss|0 fnt
|faint|p1a: Amoonguss
|
|upkeep
|
|t:|1758285383
|switch|p1a: Iron Valiant|Iron Valiant|100/100
|-enditem|p1a: Iron Valiant|Booster Energy
|-activate|p1a: Iron Valiant|ability: Quark Drive|[fromitem]
|-start|p1a: Iron Valiant|quarkdrivespe
|turn|15
|j| daffodilgirl
|inactive|Migstaper has 120 seconds left.
|
|t:|1758285416
|-terastallize|p2a: Habakkuk|Ground
|move|p1a: Iron Valiant|Destiny Bond|p1a: Iron Valiant
|-singlemove|p1a: Iron Valiant|Destiny Bond
|move|p2a: Habakkuk|Dragon Dance|p2a: Habakkuk
|-boost|p2a: Habakkuk|atk|1
|-boost|p2a: Habakkuk|spe|1
|
|upkeep
|turn|16
|l| daffodilgirl
|
|t:|1758285425
|move|p1a: Iron Valiant|Encore|p2a: Habakkuk
|-start|p2a: Habakkuk|Encore
|move|p2a: Habakkuk|Dragon Dance|p2a: Habakkuk
|-boost|p2a: Habakkuk|atk|1
|-boost|p2a: Habakkuk|spe|1
|
|upkeep
|turn|17
|inactive|iacidicowl has 120 seconds left.
|
|t:|1758285464
|switch|p2a: Read the Bible|Enamorus, F, shiny|100/100
|move|p1a: Iron Valiant|Moonblast|p2a: Read the Bible
|-damage|p2a: Read the Bible|51/100
|
|upkeep
|turn|18
|inactive|iacidicowl has 120 seconds left.
|
|t:|1758285494
|-end|p1a: Iron Valiant|Quark Drive|[silent]
|switch|p1a: Gholdengo|Gholdengo|100/100
|move|p2a: Read the Bible|Moonblast|p1a: Gholdengo
|-resisted|p1a: Gholdengo
|-damage|p1a: Gholdengo|66/100
|-unboost|p1a: Gholdengo|spa|1
|-damage|p2a: Read the Bible|41/100|[from] item: Life Orb
|
|upkeep
|turn|19
|inactive|Migstaper has 120 seconds left.
|
|t:|1758285513
|move|p1a: Gholdengo|Focus Blast|p2a: Read the Bible
|-resisted|p2a: Read the Bible
|-damage|p2a: Read the Bible|31/100
|move|p2a: Read the Bible|Mystical Fire|p1a: Gholdengo
|-supereffective|p1a: Gholdengo
|-crit|p1a: Gholdengo
|-damage|p1a: Gholdengo|0 fnt
|faint|p1a: Gholdengo
|-damage|p2a: Read the Bible|21/100|[from] item: Life Orb
|
|upkeep
|
|t:|1758285519
|switch|p1a: Iron Valiant|Iron Valiant|100/100
|turn|20
|
|t:|1758285527
|move|p1a: Iron Valiant|Moonblast|p2a: Read the Bible
|-damage|p2a: Read the Bible|0 fnt
|faint|p2a: Read the Bible
|
|upkeep
|
|t:|1758285541
|switch|p2a: Habakkuk|Dragonite, M, shiny, tera:Ground|100/100
|-status|p2a: Habakkuk|psn
|turn|21
|inactive|iacidicowl has 90 seconds left.
|
|t:|1758285573
|move|p1a: Iron Valiant|Destiny Bond|p1a: Iron Valiant
|-singlemove|p1a: Iron Valiant|Destiny Bond
|move|p2a: Habakkuk|Earthquake|p1a: Iron Valiant
|-damage|p1a: Iron Valiant|31/100
|
|-damage|p2a: Habakkuk|88/100 psn|[from] psn
|upkeep
|turn|22
|
|t:|1758285582
|-end|p1a: Iron Valiant|Quark Drive|[silent]
|switch|p1a: Gliscor|Gliscor, F|78/100 tox
|move|p2a: Habakkuk|Extreme Speed|p1a: Gliscor
|-damage|p1a: Gliscor|54/100 tox
|
|-damage|p2a: Habakkuk|76/100 psn|[from] psn
|-heal|p1a: Gliscor|66/100 tox|[from] ability: Poison Heal
|upkeep
|turn|23
|inactive|Migstaper has 120 seconds left.
|
|t:|1758285614
|move|p2a: Habakkuk|Dragon Dance|p2a: Habakkuk
|-boost|p2a: Habakkuk|atk|1
|-boost|p2a: Habakkuk|spe|1
|move|p1a: Gliscor|Facade|p2a: Habakkuk
|-damage|p2a: Habakkuk|40/100 psn
|
|-damage|p2a: Habakkuk|28/100 psn|[from] psn
|-heal|p1a: Gliscor|79/100 tox|[from] ability: Poison Heal
|upkeep
|turn|24
|inactive|Migstaper has 120 seconds left.
|l| Swagboss123456789
|
|t:|1758285624
|move|p2a: Habakkuk|Outrage|p1a: Gliscor
|-damage|p1a: Gliscor|0 fnt
|faint|p1a: Gliscor
|
|-damage|p2a: Habakkuk|16/100 psn|[from] psn
|upkeep
|
|t:|1758285633
|switch|p1a: Glimmora|Glimmora, M, tera:Ghost|49/100
|turn|25
|l| wgw2333
|
|t:|1758285638
|move|p2a: Habakkuk|Outrage|p1a: Glimmora|[from] lockedmove
|-damage|p1a: Glimmora|0 fnt
|-activate|p1a: Glimmora|ability: Toxic Debris
|-sidestart|p2: Migstaper|move: Toxic Spikes
|faint|p1a: Glimmora
|
|-damage|p2a: Habakkuk|3/100 psn|[from] psn
|upkeep
|
|t:|1758285642
|switch|p1a: Iron Valiant|Iron Valiant|31/100
|turn|26
|j| wgw2333
|
|t:|1758285650
|move|p2a: Habakkuk|Outrage|p1a: Iron Valiant|[from] lockedmove
|-immune|p1a: Iron Valiant
|-start|p2a: Habakkuk|confusion|[fatigue]
|move|p1a: Iron Valiant|Moonblast|p2a: Habakkuk
|-damage|p2a: Habakkuk|0 fnt
|faint|p2a: Habakkuk
|
|upkeep
|
|t:|1758285662
|switch|p2a: No condemnation|Kingambit, M, shiny|71/100
|-activate|p2a: No condemnation|ability: Supreme Overlord
|-start|p2a: No condemnation|fallen4|[silent]
|turn|27
|
|t:|1758285672
|move|p1a: Iron Valiant|Close Combat|p2a: No condemnation
|-supereffective|p2a: No condemnation
|-damage|p2a: No condemnation|0 fnt
|-unboost|p1a: Iron Valiant|def|1
|-unboost|p1a: Iron Valiant|spd|1
|faint|p2a: No condemnation
|-end|p2a: No condemnation|fallen4|[silent]
|
|upkeep
|
|t:|1758285689
|switch|p2a: ROMANS 10:9|Great Tusk, shiny|100/100
|-status|p2a: ROMANS 10:9|tox
|-enditem|p2a: ROMANS 10:9|Booster Energy
|-activate|p2a: ROMANS 10:9|ability: Protosynthesis|[fromitem]
|-start|p2a: ROMANS 10:9|protosynthesisatk
|turn|28
|
|t:|1758285695
|move|p1a: Iron Valiant|Destiny Bond|p1a: Iron Valiant
|-singlemove|p1a: Iron Valiant|Destiny Bond
|move|p2a: ROMANS 10:9|Rapid Spin|p1a: Iron Valiant
|-crit|p1a: Iron Valiant
|-damage|p1a: Iron Valiant|0 fnt
|-boost|p2a: ROMANS 10:9|spe|1
|-sideend|p2: Migstaper|Toxic Spikes|[from] move: Rapid Spin|[of] p2a: ROMANS 10:9
|faint|p1a: Iron Valiant
|-activate|p1a: Iron Valiant|move: Destiny Bond
|-end|p1a: Iron Valiant|Quark Drive|[silent]
|faint|p2a: ROMANS 10:9
|-end|p2a: ROMANS 10:9|Protosynthesis|[silent]
|
|win|iacidicowl
|raw|iacidicowl's rating: 1676 &rarr; <strong>1698</strong><br />(+22 for winning)
|raw|Migstaper's rating: 1710 &rarr; <strong>1688</strong><br />(-22 for losing)
|l|☆iacidicowl
|player|p1|
|l|☆Migstaper
|player|p2|
|l| wgw2333
|j| vincent0530
