|j|☆HyperHHH
|j|☆Obito 2001
|t:|1758277328
|gametype|singles
|player|p1|HyperHHH|fisherman-gen2jp|1705
|player|p2|Obito 2001|blue-gen3two|1754
|gen|9
|tier|[Gen 9] OU
|rated|
|rule|HP Percentage Mod: HP is shown in percentages
|rule|Endless Battle Clause: Forcing endless battles is banned
|rule|Species Clause: Limit one of each Pokémon
|rule|OHKO Clause: OHKO moves are banned
|rule|Evasion Items Clause: Evasion items are banned
|rule|Evasion Moves Clause: Evasion moves are banned
|rule|Evasion Abilities Clause: Evasion abilities are banned
|rule|Sleep Moves Clause: Sleep-inducing moves are banned
|clearpoke
|poke|p1|Iron Valiant|
|poke|p1|Rotom-Wash|
|poke|p1|Ting-Lu|
|poke|p1|Gholdengo|
|poke|p1|Latios, M|
|poke|p1|Dragonite, F|
|poke|p2|Ting-Lu|
|poke|p2|Weezing-Galar, M|
|poke|p2|Ogerpon-Wellspring, F|
|poke|p2|Corviknight, F|
|poke|p2|Kyurem|
|poke|p2|Skeledirge, F|
|teampreview
|inactive|Battle timer is ON: inactive players will automatically lose when time's up. (requested by Obito 2001)
|inactive|HyperHHH also wants the timer to be on.
|l|☆HyperHHH
|inactive|HyperHHH disconnected and has a minute to reconnect!
|player|p1|
|j|☆HyperHHH
|inactive|HyperHHH reconnected and has 110 seconds left.
|player|p1|HyperHHH|fisherman-gen2jp|
|
|t:|1758277385
|teamsize|p1|6
|teamsize|p2|6
|start
|switch|p1a: Latios|Latios, M|100/100
|switch|p2a: Ban me|Ogerpon-Wellspring, F|100/100
|turn|1
|
|t:|1758277401
|switch|p2a: Ban Zamazenta|Ting-Lu|100/100
|-ability|p2a: Ban Zamazenta|Vessel of Ruin
|-terastallize|p1a: Latios|Dragon
|move|p1a: Latios|Draco Meteor|p2a: Ban Zamazenta
|-damage|p2a: Ban Zamazenta|65/100
|-unboost|p1a: Latios|spa|2
|
|-heal|p2a: Ban Zamazenta|72/100|[from] item: Leftovers
|upkeep
|turn|2
|
|t:|1758277414
|switch|p1a: Ting-Lu|Ting-Lu|100/100
|-ability|p1a: Ting-Lu|Vessel of Ruin
|switch|p2a: Ban Gliscor ASAP|Kyurem, shiny|100/100
|-ability|p2a: Ban Gliscor ASAP|Pressure
|
|upkeep
|turn|3
|
|t:|1758277426
|move|p2a: Ban Gliscor ASAP|Freeze-Dry|p1a: Ting-Lu
|-supereffective|p1a: Ting-Lu
|-damage|p1a: Ting-Lu|65/100
|move|p1a: Ting-Lu|Stealth Rock|p2a: Ban Gliscor ASAP
|-sidestart|p2: Obito 2001|move: Stealth Rock
|
|-heal|p1a: Ting-Lu|71/100|[from] item: Leftovers
|upkeep
|turn|4
|
|t:|1758277440
|move|p2a: Ban Gliscor ASAP|Freeze-Dry|p1a: Ting-Lu
|-supereffective|p1a: Ting-Lu
|-damage|p1a: Ting-Lu|36/100
|-status|p1a: Ting-Lu|frz
|cant|p1a: Ting-Lu|frz
|
|-heal|p1a: Ting-Lu|42/100 frz|[from] item: Leftovers
|upkeep
|turn|5
|
|t:|1758277445
|switch|p1a: Iron Valiant|Iron Valiant|100/100
|move|p2a: Ban Gliscor ASAP|Freeze-Dry|p1a: Iron Valiant
|-damage|p1a: Iron Valiant|20/100
|
|upkeep
|turn|6
|
|t:|1758277450
|switch|p2a: Fk hazard noobs|Weezing-Galar, M|100/100
|-ability|p2a: Fk hazard noobs|Neutralizing Gas
|move|p1a: Iron Valiant|Close Combat|p2a: Fk hazard noobs
|-resisted|p2a: Fk hazard noobs
|-damage|p2a: Fk hazard noobs|92/100
|-unboost|p1a: Iron Valiant|def|1
|-unboost|p1a: Iron Valiant|spd|1
|
|upkeep
|turn|7
|
|t:|1758277457
|-end|p1a: Iron Valiant|Quark Drive|[silent]
|switch|p1a: Latios|Latios, M, tera:Dragon|100/100
|move|p2a: Fk hazard noobs|Defog|p1a: Latios
|-unboost|p1a: Latios|evasion|1
|-sideend|p2: Obito 2001|Stealth Rock|[from] move: Defog|[of] p2a: Fk hazard noobs
|
|upkeep
|turn|8
|
|t:|1758277462
|-end|p2a: Fk hazard noobs|ability: Neutralizing Gas
|switch|p2a: Ban Dragonite|Corviknight, F|100/100
|-ability|p2a: Ban Dragonite|Pressure
|move|p1a: Latios|Flip Turn|p2a: Ban Dragonite
|-crit|p2a: Ban Dragonite
|-damage|p2a: Ban Dragonite|91/100
|-damage|p1a: Latios|84/100|[from] item: Rocky Helmet|[of] p2a: Ban Dragonite
|
|t:|1758277466
|switch|p1a: Rotom|Rotom-Wash|100/100|[from] Flip Turn
|
|upkeep
|turn|9
|
|t:|1758277471
|switch|p2a: Ban Zamazenta|Ting-Lu|72/100
|-ability|p2a: Ban Zamazenta|Vessel of Ruin
|move|p1a: Rotom|Volt Switch|p2a: Ban Zamazenta
|-immune|p2a: Ban Zamazenta
|
|-heal|p2a: Ban Zamazenta|78/100|[from] item: Leftovers
|upkeep
|turn|10
|
|t:|1758277474
|switch|p2a: Ban me|Ogerpon-Wellspring, F|100/100
|move|p1a: Rotom|Will-O-Wisp|p2a: Ban me
|-status|p2a: Ban me|brn
|
|-damage|p2a: Ban me|95/100 brn|[from] brn
|upkeep
|turn|11
|
|t:|1758277480
|move|p2a: Ban me|Knock Off|p1a: Rotom
|-damage|p1a: Rotom|85/100
|-enditem|p1a: Rotom|Leftovers|[from] move: Knock Off|[of] p2a: Ban me
|move|p1a: Rotom|Volt Switch|p2a: Ban me
|-damage|p2a: Ban me|63/100 brn
|
|t:|1758277498
|switch|p1a: Latios|Latios, M, tera:Dragon|84/100|[from] Volt Switch
|
|-damage|p2a: Ban me|57/100 brn|[from] brn
|upkeep
|turn|12
|
|t:|1758277505
|switch|p2a: Ban Zamazenta|Ting-Lu|78/100
|-ability|p2a: Ban Zamazenta|Vessel of Ruin
|move|p1a: Latios|Draco Meteor|p2a: Ban Zamazenta
|-damage|p2a: Ban Zamazenta|38/100
|-unboost|p1a: Latios|spa|2
|
|-heal|p2a: Ban Zamazenta|44/100|[from] item: Leftovers
|upkeep
|turn|13
|
|t:|1758277510
|switch|p1a: Ting-Lu|Ting-Lu|42/100 frz
|-ability|p1a: Ting-Lu|Vessel of Ruin
|move|p2a: Ban Zamazenta|Payback|p1a: Ting-Lu
|-resisted|p1a: Ting-Lu
|-damage|p1a: Ting-Lu|37/100 frz
|
|-heal|p1a: Ting-Lu|43/100 frz|[from] item: Leftovers
|-heal|p2a: Ban Zamazenta|51/100|[from] item: Leftovers
|upkeep
|turn|14
|
|t:|1758277514
|cant|p1a: Ting-Lu|frz
|move|p2a: Ban Zamazenta|Rest|p2a: Ban Zamazenta
|-status|p2a: Ban Zamazenta|slp|[from] move: Rest
|-heal|p2a: Ban Zamazenta|100/100 slp|[silent]
|
|-heal|p1a: Ting-Lu|50/100 frz|[from] item: Leftovers
|upkeep
|turn|15
|
|t:|1758277518
|switch|p2a: Ban Gliscor ASAP|Kyurem, shiny|100/100
|-ability|p2a: Ban Gliscor ASAP|Pressure
|cant|p1a: Ting-Lu|frz
|
|-heal|p1a: Ting-Lu|56/100 frz|[from] item: Leftovers
|upkeep
|turn|16
|
|t:|1758277520
|move|p2a: Ban Gliscor ASAP|Freeze-Dry|p1a: Ting-Lu
|-supereffective|p1a: Ting-Lu
|-damage|p1a: Ting-Lu|24/100 frz
|cant|p1a: Ting-Lu|frz
|
|-heal|p1a: Ting-Lu|31/100 frz|[from] item: Leftovers
|upkeep
|turn|17
|
|t:|1758277523
|move|p2a: Ban Gliscor ASAP|Scale Shot|p1a: Ting-Lu
|-damage|p1a: Ting-Lu|25/100 frz
|-damage|p1a: Ting-Lu|20/100 frz
|-hitcount|p1a: Ting-Lu|2
|-unboost|p2a: Ban Gliscor ASAP|def|1
|-boost|p2a: Ban Gliscor ASAP|spe|1
|cant|p1a: Ting-Lu|frz
|
|-heal|p1a: Ting-Lu|26/100 frz|[from] item: Leftovers
|upkeep
|turn|18
|
|t:|1758277527
|move|p2a: Ban Gliscor ASAP|Freeze-Dry|p1a: Ting-Lu
|-supereffective|p1a: Ting-Lu
|-damage|p1a: Ting-Lu|0 fnt
|faint|p1a: Ting-Lu
|
|upkeep
|
|t:|1758277533
|switch|p1a: Gholdengo|Gholdengo|100/100
|-item|p1a: Gholdengo|Air Balloon
|turn|19
|
|t:|1758277541
|switch|p2a: Ban Zamazenta|Ting-Lu|100/100 slp
|-ability|p2a: Ban Zamazenta|Vessel of Ruin
|move|p1a: Gholdengo|Thunder Wave|p2a: Ban Zamazenta
|-immune|p2a: Ban Zamazenta
|
|upkeep
|turn|20
|
|t:|1758277543
|switch|p1a: Rotom|Rotom-Wash|85/100
|switch|p2a: Ban me|Ogerpon-Wellspring, F|57/100 brn
|
|-damage|p2a: Ban me|51/100 brn|[from] brn
|upkeep
|turn|21
|
|t:|1758277547
|move|p2a: Ban me|Synthesis|p2a: Ban me
|-heal|p2a: Ban me|100/100 brn
|move|p1a: Rotom|Volt Switch|p2a: Ban me
|-damage|p2a: Ban me|70/100 brn
|
|t:|1758277557
|switch|p1a: Iron Valiant|Iron Valiant|20/100|[from] Volt Switch
|
|-damage|p2a: Ban me|64/100 brn|[from] brn
|upkeep
|turn|22
|
|t:|1758277567
|switch|p2a: Fk hazard noobs|Weezing-Galar, M|92/100
|-ability|p2a: Fk hazard noobs|Neutralizing Gas
|move|p1a: Iron Valiant|Knock Off|p2a: Fk hazard noobs
|-resisted|p2a: Fk hazard noobs
|-crit|p2a: Fk hazard noobs
|-damage|p2a: Fk hazard noobs|79/100
|-enditem|p2a: Fk hazard noobs|Heavy-Duty Boots|[from] move: Knock Off|[of] p1a: Iron Valiant
|
|upkeep
|turn|23
|
|t:|1758277585
|-end|p1a: Iron Valiant|Quark Drive|[silent]
|switch|p1a: Rotom|Rotom-Wash|85/100
|move|p2a: Fk hazard noobs|Sludge Bomb|p1a: Rotom
|-damage|p1a: Rotom|56/100
|
|upkeep
|turn|24
|inactive|Obito 2001 has 120 seconds left.
|
|t:|1758277620
|-end|p2a: Fk hazard noobs|ability: Neutralizing Gas
|switch|p2a: Ban me|Ogerpon-Wellspring, F|64/100 brn
|move|p1a: Rotom|Hydro Pump|p2a: Ban me
|-heal|p2a: Ban me|89/100 brn|[from] ability: Water Absorb|[of] p1a: Rotom
|
|-damage|p2a: Ban me|83/100 brn|[from] brn
|upkeep
|turn|25
|
|t:|1758277633
|move|p2a: Ban me|U-turn|p1a: Rotom
|-damage|p1a: Rotom|45/100
|
|t:|1758277636
|switch|p2a: Ban Zamazenta|Ting-Lu|100/100 slp|[from] U-turn
|-ability|p2a: Ban Zamazenta|Vessel of Ruin
|move|p1a: Rotom|Volt Switch|p2a: Ban Zamazenta
|-immune|p2a: Ban Zamazenta
|
|upkeep
|turn|26
|inactive|Obito 2001 has 120 seconds left.
|
|t:|1758277657
|switch|p2a: Ban me|Ogerpon-Wellspring, F|83/100 brn
|move|p1a: Rotom|Pain Split|p2a: Ban me
|-sethp|p2a: Ban me|64/100 brn|[from] move: Pain Split|[silent]
|-sethp|p1a: Rotom|64/100|[from] move: Pain Split
|
|-damage|p2a: Ban me|58/100 brn|[from] brn
|upkeep
|turn|27
|
|t:|1758277661
|move|p2a: Ban me|Knock Off|p1a: Rotom
|-damage|p1a: Rotom|53/100
|move|p1a: Rotom|Volt Switch|p2a: Ban me
|-damage|p2a: Ban me|27/100 brn
|
|t:|1758277677
|switch|p1a: Latios|Latios, M, tera:Dragon|84/100|[from] Volt Switch
|
|-damage|p2a: Ban me|21/100 brn|[from] brn
|upkeep
|turn|28
|
|t:|1758277688
|move|p1a: Latios|Trick||[still]
|-fail|p1a: Latios
|move|p2a: Ban me|Synthesis|p2a: Ban me
|-heal|p2a: Ban me|71/100 brn
|
|-damage|p2a: Ban me|65/100 brn|[from] brn
|upkeep
|turn|29
|
|t:|1758277694
|switch|p1a: Rotom|Rotom-Wash|53/100
|move|p2a: Ban me|U-turn|p1a: Rotom
|-damage|p1a: Rotom|43/100
|
|t:|1758277697
|switch|p2a: Ban Gliscor ASAP|Kyurem, shiny|100/100|[from] U-turn
|-ability|p2a: Ban Gliscor ASAP|Pressure
|
|upkeep
|turn|30
|
|t:|1758277708
|switch|p1a: Gholdengo|Gholdengo|100/100
|-item|p1a: Gholdengo|Air Balloon
|move|p2a: Ban Gliscor ASAP|Substitute|p2a: Ban Gliscor ASAP
|-start|p2a: Ban Gliscor ASAP|Substitute
|-damage|p2a: Ban Gliscor ASAP|76/100
|
|-heal|p2a: Ban Gliscor ASAP|82/100|[from] item: Leftovers
|upkeep
|turn|31
|
|t:|1758277720
|move|p2a: Ban Gliscor ASAP|Freeze-Dry|p1a: Gholdengo
|-resisted|p1a: Gholdengo
|-damage|p1a: Gholdengo|80/100
|-enditem|p1a: Gholdengo|Air Balloon
|move|p1a: Gholdengo|Hex|p2a: Ban Gliscor ASAP
|-end|p2a: Ban Gliscor ASAP|Substitute
|
|-heal|p2a: Ban Gliscor ASAP|88/100|[from] item: Leftovers
|upkeep
|turn|32
|
|t:|1758277724
|move|p2a: Ban Gliscor ASAP|Earth Power|p1a: Gholdengo
|-supereffective|p1a: Gholdengo
|-damage|p1a: Gholdengo|12/100
|move|p1a: Gholdengo|Make It Rain|p2a: Ban Gliscor ASAP
|-supereffective|p2a: Ban Gliscor ASAP
|-damage|p2a: Ban Gliscor ASAP|0 fnt
|-unboost|p1a: Gholdengo|spa|1
|faint|p2a: Ban Gliscor ASAP
|
|upkeep
|
|t:|1758277733
|switch|p2a: Ban me|Ogerpon-Wellspring, F|65/100 brn
|turn|33
|
|t:|1758277736
|switch|p1a: Rotom|Rotom-Wash|43/100
|move|p2a: Ban me|Knock Off|p1a: Rotom
|-damage|p1a: Rotom|32/100
|
|-damage|p2a: Ban me|59/100 brn|[from] brn
|upkeep
|turn|34
|
|t:|1758277745
|move|p2a: Ban me|Ivy Cudgel|p1a: Rotom|[anim] Ivy Cudgel Water
|-resisted|p1a: Rotom
|-damage|p1a: Rotom|21/100
|move|p1a: Rotom|Pain Split|p2a: Ban me
|-sethp|p2a: Ban me|40/100 brn|[from] move: Pain Split|[silent]
|-sethp|p1a: Rotom|40/100|[from] move: Pain Split
|
|-damage|p2a: Ban me|34/100 brn|[from] brn
|upkeep
|turn|35
|
|t:|1758277757
|move|p2a: Ban me|U-turn|p1a: Rotom
|-damage|p1a: Rotom|29/100
|
|t:|1758277759
|switch|p2a: Ban Zamazenta|Ting-Lu|100/100 slp|[from] U-turn
|-ability|p2a: Ban Zamazenta|Vessel of Ruin
|move|p1a: Rotom|Volt Switch|p2a: Ban Zamazenta
|-immune|p2a: Ban Zamazenta
|
|upkeep
|turn|36
|
|t:|1758277763
|switch|p1a: Latios|Latios, M, tera:Dragon|84/100
|switch|p2a: Ban me|Ogerpon-Wellspring, F|34/100 brn
|
|-damage|p2a: Ban me|28/100 brn|[from] brn
|upkeep
|turn|37
|
|t:|1758277766
|switch|p2a: Ban Zamazenta|Ting-Lu|100/100 slp
|-ability|p2a: Ban Zamazenta|Vessel of Ruin
|move|p1a: Latios|Luster Purge|p2a: Ban Zamazenta
|-immune|p2a: Ban Zamazenta
|
|upkeep
|turn|38
|
|t:|1758277769
|switch|p1a: Rotom|Rotom-Wash|29/100
|cant|p2a: Ban Zamazenta|slp
|move|p2a: Ban Zamazenta|Sleep Talk|p2a: Ban Zamazenta
|move|p2a: Ban Zamazenta|Earthquake|p1a: Rotom|[from] move: Sleep Talk
|-immune|p1a: Rotom|[from] ability: Levitate
|
|upkeep
|turn|39
|
|t:|1758277775
|move|p1a: Rotom|Volt Switch|p2a: Ban Zamazenta
|-immune|p2a: Ban Zamazenta
|cant|p2a: Ban Zamazenta|slp
|move|p2a: Ban Zamazenta|Sleep Talk|p2a: Ban Zamazenta
|move|p2a: Ban Zamazenta|Rest||[from] move: Sleep Talk|[still]
|-fail|p2a: Ban Zamazenta
|
|upkeep
|turn|40
|
|t:|1758277789
|switch|p2a: Ban me|Ogerpon-Wellspring, F|28/100 brn
|move|p1a: Rotom|Volt Switch|p2a: Ban me
|-damage|p2a: Ban me|1/100 brn
|
|t:|1758277794
|switch|p1a: Iron Valiant|Iron Valiant|20/100|[from] Volt Switch
|
|-damage|p2a: Ban me|0 fnt|[from] brn
|faint|p2a: Ban me
|upkeep
|
|t:|1758277801
|switch|p2a: Ban Wogerpon|Skeledirge, F|100/100
|turn|41
|
|t:|1758277818
|-end|p1a: Iron Valiant|Quark Drive|[silent]
|switch|p1a: Latios|Latios, M, tera:Dragon|84/100
|move|p2a: Ban Wogerpon|Torch Song|p1a: Latios
|-resisted|p1a: Latios
|-damage|p1a: Latios|70/100
|-boost|p2a: Ban Wogerpon|spa|1
|
|upkeep
|turn|42
|
|t:|1758277833
|switch|p2a: Fk hazard noobs|Weezing-Galar, M|79/100
|-ability|p2a: Fk hazard noobs|Neutralizing Gas
|move|p1a: Latios|Draco Meteor|p2a: Fk hazard noobs
|-immune|p2a: Fk hazard noobs
|
|upkeep
|turn|43
|
|t:|1758277845
|switch|p1a: Gholdengo|Gholdengo|12/100
|move|p2a: Fk hazard noobs|Will-O-Wisp|p1a: Gholdengo
|-status|p1a: Gholdengo|brn
|
|-damage|p1a: Gholdengo|6/100 brn|[from] brn
|upkeep
|turn|44
|
|t:|1758277850
|-end|p2a: Fk hazard noobs|ability: Neutralizing Gas
|switch|p2a: Ban Wogerpon|Skeledirge, F|100/100
|move|p1a: Gholdengo|Recover|p1a: Gholdengo
|-heal|p1a: Gholdengo|56/100 brn
|
|-damage|p1a: Gholdengo|50/100 brn|[from] brn
|upkeep
|turn|45
|
|t:|1758277860
|switch|p1a: Rotom|Rotom-Wash|29/100
|move|p2a: Ban Wogerpon|Torch Song|p1a: Rotom
|-resisted|p1a: Rotom
|-damage|p1a: Rotom|14/100
|-boost|p2a: Ban Wogerpon|spa|1
|
|upkeep
|turn|46
|
|t:|1758277870
|move|p1a: Rotom|Pain Split|p2a: Ban Wogerpon
|-sethp|p2a: Ban Wogerpon|55/100|[from] move: Pain Split|[silent]
|-sethp|p1a: Rotom|75/100|[from] move: Pain Split
|move|p2a: Ban Wogerpon|Will-O-Wisp|p1a: Rotom
|-status|p1a: Rotom|brn
|
|-damage|p1a: Rotom|69/100 brn|[from] brn
|upkeep
|turn|47
|
|t:|1758277881
|move|p1a: Rotom|Hydro Pump|p2a: Ban Wogerpon
|-supereffective|p2a: Ban Wogerpon
|-damage|p2a: Ban Wogerpon|0 fnt
|faint|p2a: Ban Wogerpon
|
|-damage|p1a: Rotom|62/100 brn|[from] brn
|upkeep
|-message|Obito 2001 forfeited.
|
|win|HyperHHH
|raw|HyperHHH's rating: 1705 &rarr; <strong>1728</strong><br />(+23 for winning)
|raw|Obito 2001's rating: 1754 &rarr; <strong>1731</strong><br />(-23 for losing)
|l|☆Obito 2001
|player|p2|
|l|☆HyperHHH
|player|p1|
