|j|☆nicolider
|j|☆pejelegante
|t:|1758289186
|gametype|singles
|player|p1|nicolider|preschooler|1156
|player|p2|pejelegante|hugh|1203
|gen|9
|tier|[Gen 9] OU
|rated|
|rule|HP Percentage Mod: HP is shown in percentages
|rule|Endless Battle Clause: Forcing endless battles is banned
|rule|Species Clause: Limit one of each Pokémon
|rule|OHKO Clause: OHKO moves are banned
|rule|Evasion Items Clause: Evasion items are banned
|rule|Evasion Moves Clause: Evasion moves are banned
|rule|Evasion Abilities Clause: Evasion abilities are banned
|rule|Sleep Moves Clause: Sleep-inducing moves are banned
|clearpoke
|poke|p1|Vaporeon, M|
|poke|p1|Incineroar, M|
|poke|p1|Rillaboom, M|
|poke|p1|Landorus-Therian, M|
|poke|p1|Iron Crown|
|poke|p1|Weezing-Galar, M|
|poke|p2|Lokix, M|
|poke|p2|Enamorus, F|
|poke|p2|Empoleon, F|
|poke|p2|Iron Treads|
|poke|p2|Gholdengo|
|poke|p2|Cinderace, M|
|teampreview
|inactive|Battle timer is ON: inactive players will automatically lose when time's up. (requested by pejelegante)
|inactive|nicolider also wants the timer to be on.
|
|t:|1758289200
|teamsize|p1|6
|teamsize|p2|6
|start
|switch|p1a: Landorus|Landorus-Therian, M|100/100
|switch|p2a: Idc bout your type|Lokix, M, shiny|100/100
|-ability|p1a: Landorus|Intimidate|boost
|-unboost|p2a: Idc bout your type|atk|1
|turn|1
|
|t:|1758289207
|move|p1a: Landorus|Stealth Rock|p2a: Idc bout your type
|-sidestart|p2: pejelegante|move: Stealth Rock
|move|p2a: Idc bout your type|U-turn|p1a: Landorus
|-resisted|p1a: Landorus
|-damage|p1a: Landorus|69/100
|-damage|p2a: Idc bout your type|84/100|[from] item: Rocky Helmet|[of] p1a: Landorus
|-damage|p2a: Idc bout your type|74/100|[from] item: Life Orb
|
|t:|1758289218
|switch|p2a: Gholdengo|Gholdengo|100/100|[from] U-turn
|-damage|p2a: Gholdengo|94/100|[from] Stealth Rock
|-item|p2a: Gholdengo|Air Balloon
|
|upkeep
|turn|2
|
|t:|1758289224
|move|p1a: Landorus|U-turn|p2a: Gholdengo
|-resisted|p2a: Gholdengo
|-damage|p2a: Gholdengo|89/100
|-enditem|p2a: Gholdengo|Air Balloon
|
|t:|1758289248
|switch|p1a: Iron Crown|Iron Crown|100/100|[from] U-turn
|move|p2a: Gholdengo|Make It Rain|p1a: Iron Crown
|-resisted|p1a: Iron Crown
|-damage|p1a: Iron Crown|78/100
|-unboost|p2a: Gholdengo|spa|1
|
|upkeep
|turn|3
|
|t:|1758289260
|move|p1a: Iron Crown|Future Sight|p2a: Gholdengo
|-start|p1a: Iron Crown|move: Future Sight
|move|p2a: Gholdengo|Shadow Ball|p1a: Iron Crown
|-supereffective|p1a: Iron Crown
|-damage|p1a: Iron Crown|41/100
|-unboost|p1a: Iron Crown|spd|1
|
|upkeep
|turn|4
|
|t:|1758289266
|move|p1a: Iron Crown|Volt Switch|p2a: Gholdengo
|-damage|p2a: Gholdengo|60/100
|
|t:|1758289284
|-end|p1a: Iron Crown|Quark Drive|[silent]
|switch|p1a: Incineroar|Incineroar, M|100/100|[from] Volt Switch
|-ability|p1a: Incineroar|Intimidate|boost
|-unboost|p2a: Gholdengo|atk|1
|move|p2a: Gholdengo|Nasty Plot|p2a: Gholdengo
|-boost|p2a: Gholdengo|spa|2
|
|upkeep
|turn|5
|
|t:|1758289294
|move|p2a: Gholdengo|Dazzling Gleam|p1a: Incineroar
|-damage|p1a: Incineroar|59/100
|move|p1a: Incineroar|Flame Charge|p2a: Gholdengo
|-supereffective|p2a: Gholdengo
|-crit|p2a: Gholdengo
|-damage|p2a: Gholdengo|0 fnt
|-boost|p1a: Incineroar|spe|1
|faint|p2a: Gholdengo
|
|-hint|Future Sight did not hit because the target is fainted.
|upkeep
|
|t:|1758289308
|switch|p2a: Empoleon|Empoleon, F|100/100
|-damage|p2a: Empoleon|94/100|[from] Stealth Rock
|turn|6
|
|t:|1758289320
|move|p1a: Incineroar|Bulk Up|p1a: Incineroar
|-boost|p1a: Incineroar|atk|1
|-boost|p1a: Incineroar|def|1
|move|p2a: Empoleon|Surf|p1a: Incineroar
|-supereffective|p1a: Incineroar
|-damage|p1a: Incineroar|0 fnt
|faint|p1a: Incineroar
|
|-heal|p2a: Empoleon|100/100|[from] item: Leftovers
|upkeep
|
|t:|1758289331
|switch|p1a: Vaporeon|Vaporeon, M|100/100
|turn|7
|
|t:|1758289336
|move|p1a: Vaporeon|Calm Mind|p1a: Vaporeon
|-boost|p1a: Vaporeon|spa|1
|-boost|p1a: Vaporeon|spd|1
|move|p2a: Empoleon|Stealth Rock|p1a: Vaporeon
|-sidestart|p1: nicolider|move: Stealth Rock
|
|upkeep
|turn|8
|
|t:|1758289341
|move|p1a: Vaporeon|Calm Mind|p1a: Vaporeon
|-boost|p1a: Vaporeon|spa|1
|-boost|p1a: Vaporeon|spd|1
|move|p2a: Empoleon|Roar|p1a: Vaporeon
|drag|p1a: Iron Crown|Iron Crown|41/100
|-damage|p1a: Iron Crown|34/100|[from] Stealth Rock
|
|upkeep
|turn|9
|
|t:|1758289352
|switch|p2a: Iron Treads|Iron Treads|100/100
|-damage|p2a: Iron Treads|97/100|[from] Stealth Rock
|move|p1a: Iron Crown|Volt Switch|p2a: Iron Treads
|-immune|p2a: Iron Treads
|
|upkeep
|turn|10
|
|t:|1758289359
|-end|p1a: Iron Crown|Quark Drive|[silent]
|switch|p1a: Rillaboom|Rillaboom, M|100/100
|-damage|p1a: Rillaboom|88/100|[from] Stealth Rock
|-fieldstart|move: Grassy Terrain|[from] ability: Grassy Surge|[of] p1a: Rillaboom
|move|p2a: Iron Treads|Rapid Spin|p1a: Rillaboom
|-damage|p1a: Rillaboom|74/100
|-boost|p2a: Iron Treads|spe|1
|-sideend|p2: pejelegante|Stealth Rock|[from] move: Rapid Spin|[of] p2a: Iron Treads
|
|-heal|p2a: Iron Treads|100/100|[from] Grassy Terrain
|-heal|p1a: Rillaboom|81/100|[from] Grassy Terrain
|upkeep
|turn|11
|
|t:|1758289366
|move|p2a: Iron Treads|Ice Spinner|p1a: Rillaboom
|-supereffective|p1a: Rillaboom
|-damage|p1a: Rillaboom|38/100
|-fieldend|move: Grassy Terrain
|move|p1a: Rillaboom|Knock Off|p2a: Iron Treads
|-damage|p2a: Iron Treads|62/100
|-enditem|p2a: Iron Treads|Assault Vest|[from] move: Knock Off|[of] p1a: Rillaboom
|
|upkeep
|turn|12
|
|t:|1758289378
|switch|p1a: Vaporeon|Vaporeon, M|100/100
|-damage|p1a: Vaporeon|88/100|[from] Stealth Rock
|move|p2a: Iron Treads|Knock Off|p1a: Vaporeon
|-damage|p1a: Vaporeon|64/100
|-enditem|p1a: Vaporeon|Custap Berry|[from] move: Knock Off|[of] p2a: Iron Treads
|
|upkeep
|turn|13
|
|t:|1758289392
|-end|p2a: Iron Treads|Quark Drive|[silent]
|switch|p2a: Enamorus|Enamorus, F|100/100
|move|p1a: Vaporeon|Scald|p2a: Enamorus
|-damage|p2a: Enamorus|46/100
|
|upkeep
|turn|14
|
|t:|1758289399
|move|p2a: Enamorus|Moonblast|p1a: Vaporeon
|-damage|p1a: Vaporeon|17/100
|move|p1a: Vaporeon|Scald|p2a: Enamorus
|-damage|p2a: Enamorus|0 fnt
|faint|p2a: Enamorus
|
|upkeep
|
|t:|1758289415
|switch|p2a: Idc bout your type|Lokix, M, shiny|74/100
|turn|15
|
|t:|1758289420
|move|p2a: Idc bout your type|U-turn|p1a: Vaporeon
|-damage|p1a: Vaporeon|0 fnt
|faint|p1a: Vaporeon
|-damage|p2a: Idc bout your type|64/100|[from] item: Life Orb
|
|t:|1758289429
|switch|p2a: Iron Treads|Iron Treads|62/100|[from] U-turn
|
|upkeep
|
|t:|1758289435
|switch|p1a: Landorus|Landorus-Therian, M|69/100
|-damage|p1a: Landorus|57/100|[from] Stealth Rock
|-ability|p1a: Landorus|Intimidate|boost
|-unboost|p2a: Iron Treads|atk|1
|turn|16
|
|t:|1758289441
|move|p1a: Landorus|Earth Power|p2a: Iron Treads
|-supereffective|p2a: Iron Treads
|-damage|p2a: Iron Treads|0 fnt
|faint|p2a: Iron Treads
|-end|p2a: Iron Treads|Quark Drive|[silent]
|
|upkeep
|
|t:|1758289445
|switch|p2a: Cinderace|Cinderace, M|100/100
|turn|17
|
|t:|1758289454
|-terastallize|p1a: Landorus|Water
|move|p2a: Cinderace|Pyro Ball|p1a: Landorus
|-resisted|p1a: Landorus
|-damage|p1a: Landorus|17/100
|move|p1a: Landorus|Earth Power|p2a: Cinderace
|-supereffective|p2a: Cinderace
|-damage|p2a: Cinderace|11/100
|
|upkeep
|turn|18
|
|t:|1758289481
|switch|p1a: Rillaboom|Rillaboom, M|38/100
|-damage|p1a: Rillaboom|25/100|[from] Stealth Rock
|-fieldstart|move: Grassy Terrain|[from] ability: Grassy Surge|[of] p1a: Rillaboom
|move|p2a: Cinderace|Pyro Ball|p1a: Rillaboom|[miss]
|-miss|p2a: Cinderace|p1a: Rillaboom
|
|-heal|p2a: Cinderace|17/100|[from] Grassy Terrain
|-heal|p1a: Rillaboom|32/100|[from] Grassy Terrain
|upkeep
|turn|19
|
|t:|1758289484
|move|p1a: Rillaboom|Grassy Glide|p2a: Cinderace
|-resisted|p2a: Cinderace
|-damage|p2a: Cinderace|0 fnt
|faint|p2a: Cinderace
|
|-heal|p1a: Rillaboom|38/100|[from] Grassy Terrain
|upkeep
|
|t:|1758289490
|switch|p2a: Idc bout your type|Lokix, M, shiny|64/100
|turn|20
|
|t:|1758289496
|switch|p1a: Weezing|Weezing-Galar, M|100/100
|-ability|p1a: Weezing|Neutralizing Gas
|move|p2a: Idc bout your type|First Impression|p1a: Weezing
|-resisted|p1a: Weezing
|-damage|p1a: Weezing|91/100
|-damage|p2a: Idc bout your type|54/100|[from] item: Life Orb
|
|-heal|p2a: Idc bout your type|60/100|[from] Grassy Terrain
|-heal|p1a: Weezing|97/100|[from] Grassy Terrain
|upkeep
|turn|21
|
|t:|1758289508
|switch|p2a: Empoleon|Empoleon, F|100/100
|move|p1a: Weezing|Will-O-Wisp|p2a: Empoleon
|-status|p2a: Empoleon|brn
|
|-heal|p1a: Weezing|100/100|[from] Grassy Terrain
|-damage|p2a: Empoleon|94/100 brn|[from] brn
|upkeep
|turn|22
|
|t:|1758289527
|-end|p1a: Weezing|ability: Neutralizing Gas
|switch|p1a: Landorus|Landorus-Therian, M, tera:Water|17/100
|-damage|p1a: Landorus|4/100|[from] Stealth Rock
|-ability|p1a: Landorus|Intimidate|boost
|-unboost|p2a: Empoleon|atk|1
|-ability|p2a: Empoleon|Competitive|boost
|-boost|p2a: Empoleon|spa|2
|move|p2a: Empoleon|Surf|p1a: Landorus
|-resisted|p1a: Landorus
|-damage|p1a: Landorus|0 fnt
|faint|p1a: Landorus
|
|-heal|p2a: Empoleon|100/100 brn|[from] Grassy Terrain
|-damage|p2a: Empoleon|94/100 brn|[from] brn
|-fieldend|move: Grassy Terrain
|upkeep
|
|t:|1758289534
|switch|p1a: Iron Crown|Iron Crown|34/100
|-damage|p1a: Iron Crown|28/100|[from] Stealth Rock
|turn|23
|
|t:|1758289536
|move|p1a: Iron Crown|Volt Switch|p2a: Empoleon
|-supereffective|p2a: Empoleon
|-damage|p2a: Empoleon|64/100 brn
|
|t:|1758289540
|-end|p1a: Iron Crown|Quark Drive|[silent]
|switch|p1a: Weezing|Weezing-Galar, M|100/100|[from] Volt Switch
|-ability|p1a: Weezing|Neutralizing Gas
|move|p2a: Empoleon|Surf|p1a: Weezing
|-damage|p1a: Weezing|0 fnt
|faint|p1a: Weezing
|-end|p1a: Weezing|ability: Neutralizing Gas
|
|-heal|p2a: Empoleon|70/100 brn|[from] item: Leftovers
|-damage|p2a: Empoleon|64/100 brn|[from] brn
|upkeep
|
|t:|1758289542
|switch|p1a: Rillaboom|Rillaboom, M|38/100
|-damage|p1a: Rillaboom|25/100|[from] Stealth Rock
|-fieldstart|move: Grassy Terrain|[from] ability: Grassy Surge|[of] p1a: Rillaboom
|turn|24
|
|t:|1758289549
|move|p1a: Rillaboom|Wood Hammer|p2a: Empoleon
|-damage|p2a: Empoleon|0 fnt
|faint|p2a: Empoleon
|-damage|p1a: Rillaboom|4/100|[from] Recoil
|
|-heal|p1a: Rillaboom|10/100|[from] Grassy Terrain
|upkeep
|
|t:|1758289552
|switch|p2a: Idc bout your type|Lokix, M, shiny|60/100
|turn|25
|
|t:|1758289553
|move|p2a: Idc bout your type|First Impression|p1a: Rillaboom
|-supereffective|p1a: Rillaboom
|-damage|p1a: Rillaboom|0 fnt
|faint|p1a: Rillaboom
|-damage|p2a: Idc bout your type|50/100|[from] item: Life Orb
|
|-heal|p2a: Idc bout your type|56/100|[from] Grassy Terrain
|upkeep
|
|t:|1758289555
|switch|p1a: Iron Crown|Iron Crown|28/100
|-damage|p1a: Iron Crown|22/100|[from] Stealth Rock
|turn|26
|
|t:|1758289561
|move|p2a: Idc bout your type|Sucker Punch|p1a: Iron Crown
|-supereffective|p1a: Iron Crown
|-damage|p1a: Iron Crown|0 fnt
|faint|p1a: Iron Crown
|-end|p1a: Iron Crown|Quark Drive|[silent]
|-damage|p2a: Idc bout your type|46/100|[from] item: Life Orb
|
|win|pejelegante
|raw|nicolider's rating: 1156 &rarr; <strong>1134</strong><br />(-22 for losing)
|raw|pejelegante's rating: 1203 &rarr; <strong>1225</strong><br />(+22 for winning)
|l|☆nicolider
|player|p1|
|c|☆pejelegante|Gg
