|j|☆hypnopie
|j|☆Andrewtre
|t:|1758332501
|gametype|singles
|player|p1|hypnopie|burglar|1224
|player|p2|Andrewtre|unknown|1249
|gen|9
|tier|[Gen 9] OU
|rated|
|rule|HP Percentage Mod: HP is shown in percentages
|rule|Endless Battle Clause: Forcing endless battles is banned
|rule|Species Clause: Limit one of each Pokémon
|rule|OHKO Clause: OHKO moves are banned
|rule|Evasion Items Clause: Evasion items are banned
|rule|Evasion Moves Clause: Evasion moves are banned
|rule|Evasion Abilities Clause: Evasion abilities are banned
|rule|Sleep Moves Clause: Sleep-inducing moves are banned
|clearpoke
|poke|p1|Dragonite, M|
|poke|p1|Gholdengo|
|poke|p1|Garganacl, F|
|poke|p1|Conkeldurr, F|
|poke|p1|Rotom-Wash|
|poke|p1|Glimmora, M|
|poke|p2|Girafarig, F|
|poke|p2|Hatterene, F|
|poke|p2|Gardevoir, M|
|poke|p2|Gengar, M|
|poke|p2|Golduck, F|
|poke|p2|Gholdengo|
|teampreview
|inactive|Battle timer is ON: inactive players will automatically lose when time's up. (requested by Andrewtre)
|
|t:|1758332514
|teamsize|p1|6
|teamsize|p2|6
|start
|switch|p1a: Gholdengo|Gholdengo|100/100
|switch|p2a: Hatterene|Hatterene, F|100/100
|turn|1
|
|t:|1758332520
|move|p1a: Gholdengo|Make It Rain|p2a: Hatterene
|-supereffective|p2a: Hatterene
|-enditem|p2a: Hatterene|Focus Sash
|-damage|p2a: Hatterene|1/100
|-unboost|p1a: Gholdengo|spa|1
|move|p2a: Hatterene|Trick Room|p2a: Hatterene
|-fieldstart|move: Trick Room|[of] p2a: Hatterene
|
|upkeep
|turn|2
|
|t:|1758332539
|switch|p1a: Conkeldurr|Conkeldurr, F|100/100
|move|p2a: Hatterene|Mystical Fire|p1a: Conkeldurr
|-damage|p1a: Conkeldurr|76/100
|-unboost|p1a: Conkeldurr|spa|1
|
|upkeep
|turn|3
|
|t:|1758332551
|move|p1a: Conkeldurr|Mach Punch|p2a: Hatterene
|-resisted|p2a: Hatterene
|-damage|p2a: Hatterene|0 fnt
|faint|p2a: Hatterene
|
|upkeep
|
|t:|1758332557
|switch|p2a: Girafarig|Girafarig, F|100/100
|turn|4
|
|t:|1758332580
|switch|p1a: Garganacl|Garganacl, F|100/100
|move|p2a: Girafarig|Twin Beam|p1a: Garganacl
|-damage|p1a: Garganacl|86/100
|-damage|p1a: Garganacl|72/100
|-hitcount|p1a: Garganacl|2
|-damage|p2a: Girafarig|91/100|[from] item: Life Orb
|
|upkeep
|turn|5
|inactive|hypnopie has 120 seconds left.
|
|t:|1758332603
|move|p1a: Garganacl|Salt Cure|p2a: Girafarig
|-damage|p2a: Girafarig|70/100
|-start|p2a: Girafarig|Salt Cure
|move|p2a: Girafarig|Psychic|p1a: Garganacl
|-damage|p1a: Garganacl|40/100
|-damage|p2a: Girafarig|60/100|[from] item: Life Orb
|
|-damage|p2a: Girafarig|48/100|[from] Salt Cure
|-fieldend|move: Trick Room
|upkeep
|turn|6
|
|t:|1758332609
|move|p2a: Girafarig|Psychic|p1a: Garganacl
|-damage|p1a: Garganacl|7/100
|-damage|p2a: Girafarig|38/100|[from] item: Life Orb
|move|p1a: Garganacl|Recover|p1a: Garganacl
|-heal|p1a: Garganacl|57/100
|
|-damage|p2a: Girafarig|26/100|[from] Salt Cure
|upkeep
|turn|7
|
|t:|1758332612
|switch|p2a: Golduck|Golduck, F|100/100
|move|p1a: Garganacl|Protect||[still]
|-fail|p1a: Garganacl
|
|upkeep
|turn|8
|
|t:|1758332617
|switch|p1a: Rotom|Rotom-Wash, shiny|100/100
|move|p2a: Golduck|Hydro Pump|p1a: Rotom
|-resisted|p1a: Rotom
|-damage|p1a: Rotom|68/100
|-damage|p2a: Golduck|91/100|[from] item: Life Orb
|
|upkeep
|turn|9
|
|t:|1758332622
|switch|p2a: Girafarig|Girafarig, F|26/100
|move|p1a: Rotom|Volt Switch|p2a: Girafarig
|-damage|p2a: Girafarig|0 fnt
|faint|p2a: Girafarig
|
|t:|1758332631
|switch|p1a: Dragonite|Dragonite, M, shiny|100/100|[from] Volt Switch
|
|upkeep
|
|t:|1758332636
|switch|p2a: Golduck|Golduck, F|91/100
|turn|10
|
|t:|1758332643
|-terastallize|p1a: Dragonite|Flying
|move|p2a: Golduck|Rain Dance|p2a: Golduck
|-weather|RainDance
|move|p1a: Dragonite|Agility|p1a: Dragonite
|-boost|p1a: Dragonite|spe|2
|
|-weather|RainDance|[upkeep]
|upkeep
|turn|11
|
|t:|1758332649
|-terastallize|p2a: Golduck|Ice
|move|p2a: Golduck|Ice Beam|p1a: Dragonite
|-supereffective|p1a: Dragonite
|-damage|p1a: Dragonite|42/100
|-enditem|p1a: Dragonite|Weakness Policy
|-boost|p1a: Dragonite|atk|2|[from] item: Weakness Policy
|-boost|p1a: Dragonite|spa|2|[from] item: Weakness Policy
|-damage|p2a: Golduck|81/100|[from] item: Life Orb
|move|p1a: Dragonite|Agility|p1a: Dragonite
|-boost|p1a: Dragonite|spe|2
|
|-weather|RainDance|[upkeep]
|upkeep
|turn|12
|
|t:|1758332661
|move|p1a: Dragonite|Tera Blast|p2a: Golduck|[anim] Tera Blast Flying
|-damage|p2a: Golduck|0 fnt
|faint|p2a: Golduck
|
|-weather|RainDance|[upkeep]
|upkeep
|
|t:|1758332668
|switch|p2a: Gengar|Gengar, M|100/100
|-item|p2a: Gengar|Air Balloon
|turn|13
|
|t:|1758332674
|move|p1a: Dragonite|Tera Blast|p2a: Gengar|[anim] Tera Blast Flying
|-damage|p2a: Gengar|0 fnt
|-enditem|p2a: Gengar|Air Balloon
|faint|p2a: Gengar
|
|-weather|RainDance|[upkeep]
|upkeep
|
|t:|1758332680
|switch|p2a: Gardevoir|Gardevoir, M|100/100
|-ability|p2a: Gardevoir|Multiscale|Trace|[from] ability: Trace|[of] p1a: Dragonite
|turn|14
|
|t:|1758332692
|move|p1a: Dragonite|Tera Blast|p2a: Gardevoir|[anim] Tera Blast Flying
|-damage|p2a: Gardevoir|0 fnt
|faint|p2a: Gardevoir
|
|-weather|none
|upkeep
|
|t:|1758332695
|switch|p2a: Gholdengo|Gholdengo|100/100
|-item|p2a: Gholdengo|Air Balloon
|turn|15
|
|t:|1758332703
|move|p1a: Dragonite|Flamethrower|p2a: Gholdengo
|-supereffective|p2a: Gholdengo
|-damage|p2a: Gholdengo|0 fnt
|-enditem|p2a: Gholdengo|Air Balloon
|faint|p2a: Gholdengo
|
|win|hypnopie
|raw|hypnopie's rating: 1224 &rarr; <strong>1251</strong><br />(+27 for winning)
|raw|Andrewtre's rating: 1249 &rarr; <strong>1222</strong><br />(-27 for losing)
|l|☆Andrewtre
|player|p2|
|l|☆hypnopie
|player|p1|
