|j|☆Douglas_Evora
|j|☆c1634
|t:|1758260091
|gametype|singles
|player|p1|Douglas_Evora|benga|1286
|player|p2|c1634|fisherman|1270
|gen|9
|tier|[Gen 9] OU
|rated|
|rule|HP Percentage Mod: HP is shown in percentages
|rule|Endless Battle Clause: Forcing endless battles is banned
|rule|Species Clause: Limit one of each Pokémon
|rule|OHKO Clause: OHKO moves are banned
|rule|Evasion Items Clause: Evasion items are banned
|rule|Evasion Moves Clause: Evasion moves are banned
|rule|Evasion Abilities Clause: Evasion abilities are banned
|rule|Sleep Moves Clause: Sleep-inducing moves are banned
|clearpoke
|poke|p1|Jolteon, F|
|poke|p1|Slowking-Galar, F|
|poke|p1|Great Tusk|
|poke|p1|Moltres|
|poke|p1|Kingambit, M|
|poke|p1|Hydrapple, M|
|poke|p2|Darkrai|
|poke|p2|Ogerpon-Wellspring, F|
|poke|p2|Ting-Lu|
|poke|p2|Dragonite, F|
|poke|p2|Slowking-Galar, F|
|poke|p2|Iron Treads|
|teampreview
|
|t:|1758260112
|teamsize|p1|6
|teamsize|p2|6
|start
|switch|p1a: Moltres|Moltres|100/100
|switch|p2a: Ting-Lu|Ting-Lu|100/100
|-ability|p2a: Ting-Lu|Vessel of Ruin
|turn|1
|
|t:|1758260126
|move|p1a: Moltres|Will-O-Wisp|p2a: Ting-Lu
|-status|p2a: Ting-Lu|brn
|move|p2a: Ting-Lu|Spikes|p1a: Moltres
|-sidestart|p1: Douglas_Evora|Spikes
|
|-damage|p2a: Ting-Lu|94/100 brn|[from] brn
|upkeep
|turn|2
|
|t:|1758260142
|switch|p1a: Hydrapple|Hydrapple, M|100/100
|move|p2a: Ting-Lu|Ruination|p1a: Hydrapple
|-damage|p1a: Hydrapple|50/100
|
|-heal|p2a: Ting-Lu|100/100 brn|[from] item: Leftovers
|-damage|p2a: Ting-Lu|94/100 brn|[from] brn
|upkeep
|turn|3
|
|t:|1758260151
|switch|p2a: Slowking|Slowking-Galar, F|100/100
|move|p1a: Hydrapple|Giga Drain|p2a: Slowking
|-resisted|p2a: Slowking
|-damage|p2a: Slowking|91/100
|-heal|p1a: Hydrapple|55/100|[from] drain|[of] p2a: Slowking
|
|upkeep
|turn|4
|
|t:|1758260162
|switch|p1a: Kingambit|Kingambit, M|100/100
|-damage|p1a: Kingambit|88/100|[from] Spikes
|-prepare|p2a: Slowking|Chilly Reception|[premajor]
|move|p2a: Slowking|Chilly Reception|p2a: Slowking
|-weather|Snowscape
|
|t:|1758260183
|switch|p2a: Iron Treads|Iron Treads|100/100|[from] Chilly Reception
|
|-weather|Snowscape|[upkeep]
|-heal|p1a: Kingambit|94/100|[from] item: Leftovers
|upkeep
|turn|5
|inactive|Battle timer is ON: inactive players will automatically lose when time's up. (requested by Douglas_Evora)
|
|t:|1758260190
|-end|p1a: Kingambit|fallenundefined|[silent]
|switch|p1a: Moltres|Moltres|100/100
|move|p2a: Iron Treads|Volt Switch|p1a: Moltres
|-supereffective|p1a: Moltres
|-damage|p1a: Moltres|82/100
|
|t:|1758260197
|-end|p2a: Iron Treads|Quark Drive|[silent]
|switch|p2a: Ogerpon|Ogerpon-Wellspring, F|100/100|[from] Volt Switch
|
|-weather|Snowscape|[upkeep]
|upkeep
|turn|6
|
|t:|1758260201
|switch|p1a: Hydrapple|Hydrapple, M|88/100
|move|p2a: Ogerpon|Ivy Cudgel|p1a: Hydrapple|[anim] Ivy Cudgel Water
|-resisted|p1a: Hydrapple
|-damage|p1a: Hydrapple|79/100
|
|-weather|Snowscape|[upkeep]
|upkeep
|turn|7
|
|t:|1758260210
|switch|p2a: Slowking|Slowking-Galar, F|100/100
|move|p1a: Hydrapple|Earth Power|p2a: Slowking
|-supereffective|p2a: Slowking
|-damage|p2a: Slowking|72/100
|
|-weather|Snowscape|[upkeep]
|upkeep
|turn|8
|
|t:|1758260220
|switch|p1a: Slowking|Slowking-Galar, F|100/100
|-damage|p1a: Slowking|88/100|[from] Spikes
|move|p2a: Slowking|Flamethrower|p1a: Slowking
|-damage|p1a: Slowking|78/100
|
|-weather|none
|upkeep
|turn|9
|
|t:|1758260237
|move|p1a: Slowking|Ice Beam|p2a: Slowking
|-damage|p2a: Slowking|56/100
|-prepare|p2a: Slowking|Chilly Reception|[premajor]
|move|p2a: Slowking|Chilly Reception|p2a: Slowking
|-weather|Snowscape
|
|t:|1758260246
|switch|p2a: Darkrai|Darkrai|100/100|[from] Chilly Reception
|
|-weather|Snowscape|[upkeep]
|upkeep
|turn|10
|
|t:|1758260253
|switch|p1a: Great Tusk|Great Tusk|100/100
|-damage|p1a: Great Tusk|88/100|[from] Spikes
|move|p2a: Darkrai|Knock Off|p1a: Great Tusk
|-resisted|p1a: Great Tusk
|-damage|p1a: Great Tusk|81/100
|-damage|p2a: Darkrai|84/100|[from] item: Rocky Helmet|[of] p1a: Great Tusk
|-enditem|p1a: Great Tusk|Rocky Helmet|[from] move: Knock Off|[of] p2a: Darkrai
|
|-weather|Snowscape|[upkeep]
|upkeep
|turn|11
|
|t:|1758260267
|switch|p2a: Ting-Lu|Ting-Lu|94/100 brn
|-ability|p2a: Ting-Lu|Vessel of Ruin
|-end|p1a: Great Tusk|Protosynthesis|[silent]
|switch|p1a: Kingambit|Kingambit, M|94/100
|-damage|p1a: Kingambit|82/100|[from] Spikes
|
|-weather|Snowscape|[upkeep]
|-heal|p1a: Kingambit|88/100|[from] item: Leftovers
|-heal|p2a: Ting-Lu|100/100 brn|[from] item: Leftovers
|-damage|p2a: Ting-Lu|94/100 brn|[from] brn
|upkeep
|turn|12
|
|t:|1758260280
|-end|p1a: Kingambit|fallenundefined|[silent]
|switch|p1a: Great Tusk|Great Tusk|81/100
|-damage|p1a: Great Tusk|69/100|[from] Spikes
|move|p2a: Ting-Lu|Whirlwind|p1a: Great Tusk
|-end|p1a: Great Tusk|Protosynthesis|[silent]
|drag|p1a: Hydrapple|Hydrapple, M|100/100
|
|-weather|Snowscape|[upkeep]
|-heal|p2a: Ting-Lu|100/100 brn|[from] item: Leftovers
|-damage|p2a: Ting-Lu|94/100 brn|[from] brn
|upkeep
|turn|13
|
|t:|1758260294
|move|p1a: Hydrapple|Nasty Plot|p1a: Hydrapple
|-boost|p1a: Hydrapple|spa|2
|move|p2a: Ting-Lu|Ruination|p1a: Hydrapple
|-damage|p1a: Hydrapple|50/100
|
|-weather|none
|-heal|p2a: Ting-Lu|100/100 brn|[from] item: Leftovers
|-damage|p2a: Ting-Lu|94/100 brn|[from] brn
|upkeep
|turn|14
|
|t:|1758260302
|move|p1a: Hydrapple|Earth Power|p2a: Ting-Lu
|-damage|p2a: Ting-Lu|76/100 brn
|move|p2a: Ting-Lu|Spikes|p1a: Hydrapple
|-sidestart|p1: Douglas_Evora|Spikes
|
|-heal|p2a: Ting-Lu|82/100 brn|[from] item: Leftovers
|-damage|p2a: Ting-Lu|76/100 brn|[from] brn
|upkeep
|turn|15
|
|t:|1758260310
|switch|p2a: Slowking|Slowking-Galar, F|89/100
|move|p1a: Hydrapple|Giga Drain|p2a: Slowking
|-resisted|p2a: Slowking
|-damage|p2a: Slowking|71/100
|-heal|p1a: Hydrapple|59/100|[from] drain|[of] p2a: Slowking
|
|upkeep
|turn|16
|
|t:|1758260317
|move|p1a: Hydrapple|Earth Power|p2a: Slowking
|-supereffective|p2a: Slowking
|-damage|p2a: Slowking|18/100
|move|p2a: Slowking|Ice Beam|p1a: Hydrapple
|-supereffective|p1a: Hydrapple
|-damage|p1a: Hydrapple|0 fnt
|faint|p1a: Hydrapple
|
|upkeep
|
|t:|1758260330
|switch|p1a: Kingambit|Kingambit, M|88/100
|-damage|p1a: Kingambit|72/100|[from] Spikes
|-activate|p1a: Kingambit|ability: Supreme Overlord
|-start|p1a: Kingambit|fallen1|[silent]
|turn|17
|
|t:|1758260340
|switch|p2a: Iron Treads|Iron Treads|100/100
|move|p1a: Kingambit|Swords Dance|p1a: Kingambit
|-boost|p1a: Kingambit|atk|2
|
|-heal|p1a: Kingambit|78/100|[from] item: Leftovers
|upkeep
|turn|18
|
|t:|1758260355
|-terastallize|p1a: Kingambit|Fairy
|move|p2a: Iron Treads|Earthquake|p1a: Kingambit
|-damage|p1a: Kingambit|37/100
|move|p1a: Kingambit|Swords Dance|p1a: Kingambit
|-boost|p1a: Kingambit|atk|2
|
|-heal|p1a: Kingambit|43/100|[from] item: Leftovers
|upkeep
|turn|19
|
|t:|1758260364
|move|p1a: Kingambit|Sucker Punch|p2a: Iron Treads
|-damage|p2a: Iron Treads|0 fnt
|faint|p2a: Iron Treads
|-end|p2a: Iron Treads|Quark Drive|[silent]
|
|-heal|p1a: Kingambit|49/100|[from] item: Leftovers
|upkeep
|
|t:|1758260370
|switch|p2a: Darkrai|Darkrai|84/100
|turn|20
|
|t:|1758260378
|move|p2a: Darkrai|Sludge Bomb|p1a: Kingambit
|-supereffective|p1a: Kingambit
|-crit|p1a: Kingambit
|-damage|p1a: Kingambit|0 fnt
|faint|p1a: Kingambit
|-end|p1a: Kingambit|fallen1|[silent]
|
|upkeep
|
|t:|1758260385
|switch|p1a: Great Tusk|Great Tusk|69/100
|-damage|p1a: Great Tusk|52/100|[from] Spikes
|turn|21
|
|t:|1758260393
|switch|p2a: Ogerpon|Ogerpon-Wellspring, F|100/100
|move|p1a: Great Tusk|Rapid Spin|p2a: Ogerpon
|-damage|p2a: Ogerpon|81/100
|-boost|p1a: Great Tusk|spe|1
|-sideend|p1: Douglas_Evora|Spikes|[from] move: Rapid Spin|[of] p1a: Great Tusk
|
|upkeep
|turn|22
|
|t:|1758260414
|switch|p2a: Ting-Lu|Ting-Lu|76/100 brn
|-ability|p2a: Ting-Lu|Vessel of Ruin
|move|p1a: Great Tusk|Body Press|p2a: Ting-Lu
|-supereffective|p2a: Ting-Lu
|-damage|p2a: Ting-Lu|27/100 brn
|
|-heal|p2a: Ting-Lu|33/100 brn|[from] item: Leftovers
|-damage|p2a: Ting-Lu|27/100 brn|[from] brn
|upkeep
|turn|23
|
|t:|1758260426
|move|p1a: Great Tusk|Stealth Rock|p2a: Ting-Lu
|-sidestart|p2: c1634|move: Stealth Rock
|move|p2a: Ting-Lu|Spikes|p1a: Great Tusk
|-sidestart|p1: Douglas_Evora|Spikes
|
|-heal|p2a: Ting-Lu|33/100 brn|[from] item: Leftovers
|-damage|p2a: Ting-Lu|27/100 brn|[from] brn
|upkeep
|turn|24
|
|t:|1758260435
|move|p1a: Great Tusk|Ice Spinner|p2a: Ting-Lu
|-supereffective|p2a: Ting-Lu
|-damage|p2a: Ting-Lu|1/100 brn
|move|p2a: Ting-Lu|Whirlwind|p1a: Great Tusk
|-end|p1a: Great Tusk|Protosynthesis|[silent]
|drag|p1a: Slowking|Slowking-Galar, F|100/100
|-damage|p1a: Slowking|88/100|[from] Spikes
|
|-heal|p2a: Ting-Lu|7/100 brn|[from] item: Leftovers
|-damage|p2a: Ting-Lu|1/100 brn|[from] brn
|upkeep
|turn|25
|
|t:|1758260445
|move|p2a: Ting-Lu|Ruination|p1a: Slowking
|-damage|p1a: Slowking|44/100
|move|p1a: Slowking|Ice Beam|p2a: Ting-Lu
|-supereffective|p2a: Ting-Lu
|-damage|p2a: Ting-Lu|0 fnt
|faint|p2a: Ting-Lu
|
|upkeep
|
|t:|1758260452
|switch|p2a: Darkrai|Darkrai|84/100
|turn|26
|
|t:|1758260468
|switch|p1a: Great Tusk|Great Tusk|52/100
|-damage|p1a: Great Tusk|40/100|[from] Spikes
|move|p2a: Darkrai|Dark Pulse|p1a: Great Tusk
|-resisted|p1a: Great Tusk
|-damage|p1a: Great Tusk|10/100
|
|upkeep
|turn|27
|
|t:|1758260476
|move|p2a: Darkrai|Dark Pulse|p1a: Great Tusk
|-resisted|p1a: Great Tusk
|-damage|p1a: Great Tusk|0 fnt
|faint|p1a: Great Tusk
|-end|p1a: Great Tusk|Protosynthesis|[silent]
|
|upkeep
|
|t:|1758260480
|switch|p1a: Jolteon|Jolteon, F|100/100
|turn|28
|
|t:|1758260489
|switch|p2a: Slowking|Slowking-Galar, F|52/100
|move|p1a: Jolteon|Volt Switch|p2a: Slowking
|-damage|p2a: Slowking|32/100
|
|t:|1758260495
|switch|p1a: Moltres|Moltres|82/100|[from] Volt Switch
|
|upkeep
|turn|29
|
|t:|1758260500
|switch|p2a: Dragonite|Dragonite, F|100/100
|move|p1a: Moltres|Hurricane|p2a: Dragonite
|-damage|p2a: Dragonite|77/100
|-start|p2a: Dragonite|confusion
|
|upkeep
|turn|30
|
|t:|1758260507
|-activate|p2a: Dragonite|confusion
|move|p2a: Dragonite|Dragon Dance|p2a: Dragonite
|-boost|p2a: Dragonite|atk|1
|-boost|p2a: Dragonite|spe|1
|move|p1a: Moltres|Will-O-Wisp|p2a: Dragonite
|-status|p2a: Dragonite|brn
|
|-damage|p2a: Dragonite|70/100 brn|[from] brn
|upkeep
|turn|31
|
|t:|1758260514
|-activate|p2a: Dragonite|confusion
|move|p2a: Dragonite|Dragon Dance|p2a: Dragonite
|-boost|p2a: Dragonite|atk|1
|-boost|p2a: Dragonite|spe|1
|move|p1a: Moltres|Roost|p1a: Moltres
|-heal|p1a: Moltres|100/100
|-singleturn|p1a: Moltres|move: Roost
|
|-damage|p2a: Dragonite|64/100 brn|[from] brn
|upkeep
|turn|32
|
|t:|1758260523
|-activate|p2a: Dragonite|confusion
|move|p2a: Dragonite|Dragon Dance|p2a: Dragonite
|-boost|p2a: Dragonite|atk|1
|-boost|p2a: Dragonite|spe|1
|move|p1a: Moltres|Hurricane|p2a: Dragonite
|-damage|p2a: Dragonite|18/100 brn
|
|-damage|p2a: Dragonite|12/100 brn|[from] brn
|upkeep
|turn|33
|
|t:|1758260534
|-activate|p2a: Dragonite|confusion
|move|p2a: Dragonite|Extreme Speed|p1a: Moltres
|-damage|p1a: Moltres|66/100
|move|p1a: Moltres|Flamethrower|p2a: Dragonite
|-resisted|p2a: Dragonite
|-damage|p2a: Dragonite|0 fnt
|faint|p2a: Dragonite
|
|upkeep
|
|t:|1758260540
|switch|p2a: Ogerpon|Ogerpon-Wellspring, F|81/100
|-damage|p2a: Ogerpon|69/100|[from] Stealth Rock
|turn|34
|
|t:|1758260546
|move|p2a: Ogerpon|Ivy Cudgel|p1a: Moltres|[anim] Ivy Cudgel Water
|-supereffective|p1a: Moltres
|-damage|p1a: Moltres|0 fnt
|faint|p1a: Moltres
|
|upkeep
|
|t:|1758260550
|switch|p1a: Jolteon|Jolteon, F|100/100
|turn|35
|
|t:|1758260554
|switch|p2a: Slowking|Slowking-Galar, F|65/100
|move|p1a: Jolteon|Thunderbolt|p2a: Slowking
|-damage|p2a: Slowking|40/100
|
|upkeep
|turn|36
|
|t:|1758260562
|move|p1a: Jolteon|Calm Mind|p1a: Jolteon
|-boost|p1a: Jolteon|spa|1
|-boost|p1a: Jolteon|spd|1
|move|p2a: Slowking|Future Sight|p1a: Jolteon
|-start|p2a: Slowking|move: Future Sight
|
|upkeep
|turn|37
|
|t:|1758260574
|move|p1a: Jolteon|Calm Mind|p1a: Jolteon
|-boost|p1a: Jolteon|spa|1
|-boost|p1a: Jolteon|spd|1
|move|p2a: Slowking|Ice Beam|p1a: Jolteon
|-damage|p1a: Jolteon|85/100
|
|upkeep
|turn|38
|
|t:|1758260581
|move|p1a: Jolteon|Calm Mind|p1a: Jolteon
|-boost|p1a: Jolteon|spa|1
|-boost|p1a: Jolteon|spd|1
|move|p2a: Slowking|Ice Beam|p1a: Jolteon
|-damage|p1a: Jolteon|74/100
|
|-end|p1a: Jolteon|move: Future Sight
|-damage|p1a: Jolteon|51/100
|upkeep
|turn|39
|
|t:|1758260589
|move|p1a: Jolteon|Calm Mind|p1a: Jolteon
|-boost|p1a: Jolteon|spa|1
|-boost|p1a: Jolteon|spd|1
|move|p2a: Slowking|Ice Beam|p1a: Jolteon
|-damage|p1a: Jolteon|41/100
|
|upkeep
|turn|40
|
|t:|1758260596
|move|p1a: Jolteon|Thunderbolt|p2a: Slowking
|-damage|p2a: Slowking|0 fnt
|faint|p2a: Slowking
|
|upkeep
|
|t:|1758260599
|switch|p2a: Darkrai|Darkrai|84/100
|turn|41
|
|t:|1758260604
|move|p1a: Jolteon|Thunderbolt|p2a: Darkrai
|-damage|p2a: Darkrai|0 fnt
|faint|p2a: Darkrai
|
|upkeep
|-message|c1634 forfeited.
|
|win|Douglas_Evora
|raw|Douglas_Evora's rating: 1286 &rarr; <strong>1310</strong><br />(+24 for winning)
|raw|c1634's rating: 1270 &rarr; <strong>1246</strong><br />(-24 for losing)
|l|☆c1634
|player|p2|
|l|☆Douglas_Evora
|player|p1|
