|j|☆Rin1604
|j|☆lorped
|t:|1758343914
|gametype|singles
|player|p1|Rin1604|miku-ghost|1305
|player|p2|lorped|265|1225
|gen|9
|tier|[Gen 9] OU
|rated|
|rule|HP Percentage Mod: HP is shown in percentages
|rule|Endless Battle Clause: Forcing endless battles is banned
|rule|Species Clause: Limit one of each Pokémon
|rule|OHKO Clause: OHKO moves are banned
|rule|Evasion Items Clause: Evasion items are banned
|rule|Evasion Moves Clause: Evasion moves are banned
|rule|Evasion Abilities Clause: Evasion abilities are banned
|rule|Sleep Moves Clause: Sleep-inducing moves are banned
|clearpoke
|poke|p1|Ogerpon-Cornerstone, F|
|poke|p1|Hatterene, F|
|poke|p1|Pecharunt|
|poke|p1|Landorus-Therian, M|
|poke|p1|Kingambit, F|
|poke|p1|Latios, M|
|poke|p2|Leavanny, F|
|poke|p2|Ceruledge, F|
|poke|p2|Iron Hands|
|poke|p2|Sinistcha|
|poke|p2|Altaria, M|
|poke|p2|Mamoswine, F|
|teampreview
|
|t:|1758343926
|teamsize|p1|6
|teamsize|p2|6
|start
|switch|p1a: Landorus|Landorus-Therian, M|100/100
|switch|p2a: Iron Hands|Iron Hands|100/100
|-ability|p1a: Landorus|Intimidate|boost
|-unboost|p2a: Iron Hands|atk|1
|-enditem|p2a: Iron Hands|Booster Energy
|-activate|p2a: Iron Hands|ability: Quark Drive|[fromitem]
|-start|p2a: Iron Hands|quarkdriveatk
|turn|1
|
|t:|1758343935
|move|p2a: Iron Hands|Fake Out|p1a: Landorus
|-damage|p1a: Landorus|88/100
|-damage|p2a: Iron Hands|84/100|[from] item: Rocky Helmet|[of] p1a: Landorus
|cant|p1a: Landorus|flinch
|
|upkeep
|turn|2
|
|t:|1758343941
|move|p1a: Landorus|U-turn|p2a: Iron Hands
|-resisted|p2a: Iron Hands
|-crit|p2a: Iron Hands
|-damage|p2a: Iron Hands|73/100
|
|t:|1758343943
|switch|p1a: Pecharunt|Pecharunt|100/100|[from] U-turn
|move|p2a: Iron Hands|Ice Punch|p1a: Pecharunt
|-damage|p1a: Pecharunt|88/100
|-status|p1a: Pecharunt|frz
|
|upkeep
|turn|3
|c|☆Rin1604|Bruh
|
|t:|1758343957
|-end|p2a: Iron Hands|Quark Drive|[silent]
|switch|p2a: Ceruledge|Ceruledge, F|100/100
|-item|p2a: Ceruledge|Air Balloon
|cant|p1a: Pecharunt|frz
|
|upkeep
|turn|4
|
|t:|1758343965
|switch|p1a: Landorus|Landorus-Therian, M|88/100
|-ability|p1a: Landorus|Intimidate|boost
|-unboost|p2a: Ceruledge|atk|1
|move|p2a: Ceruledge|Swords Dance|p2a: Ceruledge
|-boost|p2a: Ceruledge|atk|2
|
|upkeep
|turn|5
|
|t:|1758343977
|-terastallize|p2a: Ceruledge|Fairy
|move|p2a: Ceruledge|Bitter Blade|p1a: Landorus
|-crit|p1a: Landorus
|-damage|p1a: Landorus|0 fnt
|-damage|p2a: Ceruledge|84/100|[from] item: Rocky Helmet|[of] p1a: Landorus
|faint|p1a: Landorus
|
|upkeep
|
|t:|1758343994
|switch|p1a: Ogerpon|Ogerpon-Cornerstone, F|100/100
|turn|6
|
|t:|1758343999
|move|p1a: Ogerpon|Ivy Cudgel|p2a: Ceruledge|[anim] Ivy Cudgel Rock
|-damage|p2a: Ceruledge|0 fnt
|-enditem|p2a: Ceruledge|Air Balloon
|faint|p2a: Ceruledge
|
|upkeep
|
|t:|1758344011
|switch|p2a: Iron Hands|Iron Hands|73/100
|turn|7
|
|t:|1758344018
|switch|p1a: Pecharunt|Pecharunt|88/100 frz
|move|p2a: Iron Hands|Drain Punch|p1a: Pecharunt
|-immune|p1a: Pecharunt
|
|upkeep
|turn|8
|
|t:|1758344024
|cant|p1a: Pecharunt|frz
|move|p2a: Iron Hands|Supercell Slam|p1a: Pecharunt
|-crit|p1a: Pecharunt
|-damage|p1a: Pecharunt|42/100 frz
|
|upkeep
|turn|9
|
|t:|1758344030
|cant|p1a: Pecharunt|frz
|move|p2a: Iron Hands|Supercell Slam|p1a: Pecharunt|[miss]
|-miss|p2a: Iron Hands|p1a: Pecharunt
|-damage|p2a: Iron Hands|23/100|[from] supercellslam
|
|upkeep
|turn|10
|
|t:|1758344036
|cant|p1a: Pecharunt|frz
|move|p2a: Iron Hands|Supercell Slam|p1a: Pecharunt
|-damage|p1a: Pecharunt|13/100 frz
|
|upkeep
|turn|11
|
|t:|1758344042
|cant|p1a: Pecharunt|frz
|move|p2a: Iron Hands|Supercell Slam|p1a: Pecharunt
|-damage|p1a: Pecharunt|0 fnt
|faint|p1a: Pecharunt
|
|upkeep
|
|t:|1758344047
|switch|p1a: Latios|Latios, M|100/100
|turn|12
|
|t:|1758344051
|move|p1a: Latios|Luster Purge|p2a: Iron Hands
|-supereffective|p2a: Iron Hands
|-damage|p2a: Iron Hands|0 fnt
|faint|p2a: Iron Hands
|-end|p2a: Iron Hands|Quark Drive|[silent]
|
|upkeep
|
|t:|1758344057
|switch|p2a: Leavanny|Leavanny, F|100/100
|turn|13
|
|t:|1758344065
|switch|p1a: Kingambit|Kingambit, F|100/100
|-activate|p1a: Kingambit|ability: Supreme Overlord
|-start|p1a: Kingambit|fallen2|[silent]
|move|p2a: Leavanny|Switcheroo|p1a: Kingambit
|-activate|p2a: Leavanny|move: Trick|[of] p1a: Kingambit
|-item|p1a: Kingambit|Choice Scarf|[from] move: Switcheroo
|-item|p2a: Leavanny|Leftovers|[from] move: Switcheroo
|
|upkeep
|turn|14
|
|t:|1758344077
|move|p1a: Kingambit|Sucker Punch||[still]
|-fail|p1a: Kingambit
|move|p2a: Leavanny|Sticky Web|p1a: Kingambit
|-sidestart|p1: Rin1604|move: Sticky Web
|
|upkeep
|turn|15
|
|t:|1758344085
|switch|p2a: Altaria|Altaria, M|100/100
|-ability|p2a: Altaria|Cloud Nine
|-end|p1a: Kingambit|fallen2|[silent]
|switch|p1a: Hatterene|Hatterene, F|100/100
|-activate|p1a: Hatterene|move: Sticky Web
|-unboost|p1a: Hatterene|spe|1
|
|upkeep
|turn|16
|
|t:|1758344094
|move|p2a: Altaria|Dragon Dance|p2a: Altaria
|-boost|p2a: Altaria|atk|1
|-boost|p2a: Altaria|spe|1
|move|p1a: Hatterene|Draining Kiss|p2a: Altaria
|-supereffective|p2a: Altaria
|-crit|p2a: Altaria
|-damage|p2a: Altaria|13/100
|-enditem|p2a: Altaria|Weakness Policy
|-boost|p2a: Altaria|atk|2|[from] item: Weakness Policy
|-boost|p2a: Altaria|spa|2|[from] item: Weakness Policy
|
|upkeep
|turn|17
|
|t:|1758344103
|move|p2a: Altaria|Acrobatics|p1a: Hatterene
|-damage|p1a: Hatterene|0 fnt
|faint|p1a: Hatterene
|
|upkeep
|
|t:|1758344111
|switch|p1a: Latios|Latios, M|100/100
|turn|18
|
|t:|1758344117
|move|p1a: Latios|Draco Meteor|p2a: Altaria
|-supereffective|p2a: Altaria
|-damage|p2a: Altaria|0 fnt
|-unboost|p1a: Latios|spa|2
|faint|p2a: Altaria
|
|upkeep
|
|t:|1758344126
|switch|p2a: Mamoswine|Mamoswine, F|100/100
|turn|19
|
|t:|1758344135
|switch|p1a: Kingambit|Kingambit, F|100/100
|-activate|p1a: Kingambit|move: Sticky Web
|-unboost|p1a: Kingambit|spe|1
|-activate|p1a: Kingambit|ability: Supreme Overlord
|-start|p1a: Kingambit|fallen3|[silent]
|move|p2a: Mamoswine|Trailblaze|p1a: Kingambit
|-resisted|p1a: Kingambit
|-damage|p1a: Kingambit|93/100
|-boost|p2a: Mamoswine|spe|1
|
|upkeep
|turn|20
|
|t:|1758344158
|move|p2a: Mamoswine|Earthquake|p1a: Kingambit
|-supereffective|p1a: Kingambit
|-damage|p1a: Kingambit|0 fnt
|faint|p1a: Kingambit
|-end|p1a: Kingambit|fallen3|[silent]
|
|upkeep
|
|t:|1758344167
|switch|p1a: Ogerpon|Ogerpon-Cornerstone, F|100/100
|-activate|p1a: Ogerpon|move: Sticky Web
|-unboost|p1a: Ogerpon|spe|1
|turn|21
|
|t:|1758344171
|move|p2a: Mamoswine|Iron Head|p1a: Ogerpon
|-supereffective|p1a: Ogerpon
|-damage|p1a: Ogerpon|30/100
|move|p1a: Ogerpon|Ivy Cudgel|p2a: Mamoswine|[anim] Ivy Cudgel Rock
|-damage|p2a: Mamoswine|30/100
|
|upkeep
|turn|22
|
|t:|1758344180
|switch|p1a: Latios|Latios, M|100/100
|move|p2a: Mamoswine|Iron Head|p1a: Latios
|-damage|p1a: Latios|62/100
|
|upkeep
|turn|23
|
|t:|1758344186
|move|p1a: Latios|Draco Meteor|p2a: Mamoswine
|-damage|p2a: Mamoswine|0 fnt
|-unboost|p1a: Latios|spa|2
|faint|p2a: Mamoswine
|
|upkeep
|
|t:|1758344202
|switch|p2a: Leavanny|Leavanny, F|100/100
|turn|24
|
|t:|1758344207
|switch|p1a: Ogerpon|Ogerpon-Cornerstone, F|30/100
|-activate|p1a: Ogerpon|move: Sticky Web
|-unboost|p1a: Ogerpon|spe|1
|move|p2a: Leavanny|Leaf Blade|p1a: Ogerpon
|-damage|p1a: Ogerpon|0 fnt
|faint|p1a: Ogerpon
|
|upkeep
|
|t:|1758344208
|switch|p1a: Latios|Latios, M|62/100
|turn|25
|
|t:|1758344226
|move|p1a: Latios|Draco Meteor|p2a: Leavanny
|-damage|p2a: Leavanny|4/100
|-unboost|p1a: Latios|spa|2
|move|p2a: Leavanny|Leaf Blade|p1a: Latios
|-resisted|p1a: Latios
|-damage|p1a: Latios|35/100
|
|-heal|p2a: Leavanny|10/100|[from] item: Leftovers
|upkeep
|turn|26
|-message|Rin1604 forfeited.
|
|win|lorped
|raw|Rin1604's rating: 1305 &rarr; <strong>1280</strong><br />(-25 for losing)
|raw|lorped's rating: 1225 &rarr; <strong>1256</strong><br />(+31 for winning)
|l|☆Rin1604
|player|p1|
|l|☆lorped
|player|p2|
