|j|☆Chronos556
|j|☆Nultiprise
|t:|1758374806
|gametype|singles
|player|p1|Chronos556|veteran|1449
|player|p2|Nultiprise|preschooler|1486
|gen|9
|tier|[Gen 9] OU
|rated|
|rule|HP Percentage Mod: HP is shown in percentages
|rule|Endless Battle Clause: Forcing endless battles is banned
|rule|Species Clause: Limit one of each Pokémon
|rule|OHKO Clause: OHKO moves are banned
|rule|Evasion Items Clause: Evasion items are banned
|rule|Evasion Moves Clause: Evasion moves are banned
|rule|Evasion Abilities Clause: Evasion abilities are banned
|rule|Sleep Moves Clause: Sleep-inducing moves are banned
|clearpoke
|poke|p1|Raging Bolt|
|poke|p1|Ogerpon-Wellspring, F|
|poke|p1|Ting-Lu|
|poke|p1|Zamazenta-*|
|poke|p1|Iron Crown|
|poke|p1|Forretress, M|
|poke|p2|Greninja-*, M|
|poke|p2|Zoroark-Hisui, M|
|poke|p2|Great Tusk|
|poke|p2|Deoxys-Speed|
|poke|p2|Yanmega, M|
|poke|p2|Mimikyu, F|
|teampreview
|inactive|Battle timer is ON: inactive players will automatically lose when time's up. (requested by Chronos556)
|
|t:|1758374818
|teamsize|p1|6
|teamsize|p2|6
|start
|switch|p1a: Bonk|Ogerpon-Wellspring, F|100/100
|switch|p2a: Yanmega|Yanmega, M|100/100
|turn|1
|
|t:|1758374834
|switch|p1a: Gerald|Raging Bolt|100/100
|move|p2a: Yanmega|Protect||[still]
|-fail|p2a: Yanmega
|
|-ability|p2a: Yanmega|Speed Boost|boost
|-boost|p2a: Yanmega|spe|1
|upkeep
|turn|2
|
|t:|1758374838
|switch|p2a: Deoxys|Deoxys-Speed|100/100
|-ability|p2a: Deoxys|Pressure
|move|p1a: Gerald|Draco Meteor|p2a: Deoxys
|-crit|p2a: Deoxys
|-enditem|p2a: Deoxys|Focus Sash
|-damage|p2a: Deoxys|1/100
|-unboost|p1a: Gerald|spa|2
|
|upkeep
|turn|3
|
|t:|1758374843
|move|p1a: Gerald|Thunderclap||[still]
|-fail|p1a: Gerald
|move|p2a: Deoxys|Stealth Rock|p1a: Gerald
|-sidestart|p1: Chronos556|move: Stealth Rock
|
|upkeep
|turn|4
|
|t:|1758374854
|-end|p1a: Gerald|Protosynthesis|[silent]
|switch|p1a: Ps5|Iron Crown|100/100
|-damage|p1a: Ps5|95/100|[from] Stealth Rock
|move|p2a: Deoxys|Ice Beam|p1a: Ps5
|-resisted|p1a: Ps5
|-damage|p1a: Ps5|85/100
|
|upkeep
|turn|5
|
|t:|1758374862
|move|p2a: Deoxys|Ice Beam|p1a: Ps5
|-resisted|p1a: Ps5
|-damage|p1a: Ps5|75/100
|move|p1a: Ps5|Volt Switch|p2a: Deoxys
|-damage|p2a: Deoxys|0 fnt
|faint|p2a: Deoxys
|
|t:|1758374868
|-end|p1a: Ps5|Quark Drive|[silent]
|switch|p1a: Wallnut|Forretress, M, shiny|100/100|[from] Volt Switch
|-damage|p1a: Wallnut|88/100|[from] Stealth Rock
|
|upkeep
|
|t:|1758374872
|switch|p2a: Yanmega|Yanmega, M|100/100
|turn|6
|
|t:|1758374877
|switch|p1a: Beef|Ting-Lu|100/100
|-damage|p1a: Beef|94/100|[from] Stealth Rock
|-ability|p1a: Beef|Vessel of Ruin
|-terastallize|p2a: Yanmega|Fire
|move|p2a: Yanmega|Tera Blast|p1a: Beef|[anim] Tera Blast Fire
|-damage|p1a: Beef|73/100
|
|-heal|p1a: Beef|79/100|[from] item: Leftovers
|-ability|p2a: Yanmega|Speed Boost|boost
|-boost|p2a: Yanmega|spe|1
|upkeep
|turn|7
|
|t:|1758374885
|move|p2a: Yanmega|Bug Buzz|p1a: Beef
|-supereffective|p1a: Beef
|-damage|p1a: Beef|33/100
|-enditem|p2a: Yanmega|Throat Spray
|-boost|p2a: Yanmega|spa|1|[from] item: Throat Spray
|move|p1a: Beef|Earthquake|p2a: Yanmega
|-supereffective|p2a: Yanmega
|-damage|p2a: Yanmega|0 fnt
|faint|p2a: Yanmega
|
|-heal|p1a: Beef|39/100|[from] item: Leftovers
|upkeep
|j| Jinghan Yu
|l| Jinghan Yu
|
|t:|1758374888
|switch|p2a: Mimikyu|Mimikyu, F|100/100
|turn|8
|j| Jinghan Yu
|
|t:|1758374891
|move|p2a: Mimikyu|Low Kick|p1a: Beef
|-supereffective|p1a: Beef
|-damage|p1a: Beef|0 fnt
|faint|p1a: Beef
|-damage|p2a: Mimikyu|91/100|[from] item: Life Orb
|
|upkeep
|l| Jinghan Yu
|
|t:|1758374902
|switch|p1a: Wallnut|Forretress, M, shiny|88/100
|-damage|p1a: Wallnut|76/100|[from] Stealth Rock
|turn|9
|
|t:|1758374905
|move|p2a: Mimikyu|Shadow Ball|p1a: Wallnut
|-damage|p1a: Wallnut|16/100
|-enditem|p1a: Wallnut|Sitrus Berry|[eat]
|-heal|p1a: Wallnut|41/100|[from] item: Sitrus Berry
|-damage|p2a: Mimikyu|81/100|[from] item: Life Orb
|move|p1a: Wallnut|Volt Switch|p2a: Mimikyu
|-damage|p2a: Mimikyu|59/100
|replace|p2a: Feur|Zoroark-Hisui, M
|-end|p2a: Feur|Illusion
|
|t:|1758374919
|switch|p1a: Ps5|Iron Crown|75/100|[from] Volt Switch
|-damage|p1a: Ps5|69/100|[from] Stealth Rock
|
|upkeep
|turn|10
|
|t:|1758374922
|move|p1a: Ps5|Tachyon Cutter|p2a: Feur
|-damage|p2a: Feur|0 fnt
|faint|p2a: Feur
|-hitcount|p2: Feur|1
|
|upkeep
|
|t:|1758374925
|switch|p2a: Quoi ?|Greninja, M|100/100
|turn|11
|
|t:|1758374932
|-end|p1a: Ps5|Quark Drive|[silent]
|switch|p1a: Gerald|Raging Bolt|100/100
|-damage|p1a: Gerald|88/100|[from] Stealth Rock
|move|p2a: Quoi ?|Dark Pulse|p1a: Gerald
|-damage|p1a: Gerald|60/100
|
|-heal|p1a: Gerald|67/100|[from] item: Leftovers
|upkeep
|turn|12
|
|t:|1758374935
|move|p1a: Gerald|Thunderclap|p2a: Quoi ?
|-supereffective|p2a: Quoi ?
|-enditem|p2a: Quoi ?|Focus Sash
|-damage|p2a: Quoi ?|1/100
|move|p2a: Quoi ?|Ice Beam|p1a: Gerald
|-supereffective|p1a: Gerald
|-damage|p1a: Gerald|21/100
|
|-heal|p1a: Gerald|27/100|[from] item: Leftovers
|upkeep
|turn|13
|
|t:|1758374941
|switch|p2a: Mimikyu|Mimikyu, F|100/100
|move|p1a: Gerald|Draco Meteor|p2a: Mimikyu
|-immune|p2a: Mimikyu
|
|-heal|p1a: Gerald|33/100|[from] item: Leftovers
|upkeep
|turn|14
|
|t:|1758374947
|move|p2a: Mimikyu|Swords Dance|p2a: Mimikyu
|-boost|p2a: Mimikyu|atk|2
|move|p1a: Gerald|Thunderbolt|p2a: Mimikyu
|-activate|p2a: Mimikyu|ability: Disguise
|-damage|p2a: Mimikyu|100/100
|detailschange|p2a: Mimikyu|Mimikyu-Busted, F
|-damage|p2a: Mimikyu|88/100|[from] pokemon: Mimikyu-Busted
|
|-heal|p1a: Gerald|39/100|[from] item: Leftovers
|upkeep
|turn|15
|
|t:|1758374951
|move|p1a: Gerald|Thunderclap||[still]
|-fail|p1a: Gerald
|move|p2a: Mimikyu|Swords Dance|p2a: Mimikyu
|-boost|p2a: Mimikyu|atk|2
|
|-heal|p1a: Gerald|45/100|[from] item: Leftovers
|upkeep
|turn|16
|
|t:|1758374955
|move|p2a: Mimikyu|Shadow Sneak|p1a: Gerald
|-damage|p1a: Gerald|0 fnt
|faint|p1a: Gerald
|-end|p1a: Gerald|Protosynthesis|[silent]
|-damage|p2a: Mimikyu|78/100|[from] item: Life Orb
|
|upkeep
|
|t:|1758374959
|switch|p1a: Shieldoge|Zamazenta|100/100
|-damage|p1a: Shieldoge|94/100|[from] Stealth Rock
|-ability|p1a: Shieldoge|Dauntless Shield|boost
|-boost|p1a: Shieldoge|def|1
|turn|17
|
|t:|1758374963
|move|p1a: Shieldoge|Heavy Slam|p2a: Mimikyu
|-supereffective|p2a: Mimikyu
|-damage|p2a: Mimikyu|0 fnt
|faint|p2a: Mimikyu
|
|-heal|p1a: Shieldoge|100/100|[from] item: Leftovers
|upkeep
|
|t:|1758374965
|switch|p2a: Great Tusk|Great Tusk|100/100
|-enditem|p2a: Great Tusk|Booster Energy
|-activate|p2a: Great Tusk|ability: Protosynthesis|[fromitem]
|-start|p2a: Great Tusk|protosynthesisspe
|turn|18
|
|t:|1758374971
|move|p2a: Great Tusk|Bulk Up|p2a: Great Tusk
|-boost|p2a: Great Tusk|atk|1
|-boost|p2a: Great Tusk|def|1
|move|p1a: Shieldoge|Body Press|p2a: Great Tusk
|-damage|p2a: Great Tusk|75/100
|
|upkeep
|turn|19
|
|t:|1758374985
|switch|p1a: Wallnut|Forretress, M, shiny|41/100
|-damage|p1a: Wallnut|29/100|[from] Stealth Rock
|move|p2a: Great Tusk|Rapid Spin|p1a: Wallnut
|-resisted|p1a: Wallnut
|-damage|p1a: Wallnut|21/100
|-boost|p2a: Great Tusk|spe|1
|
|upkeep
|turn|20
|
|t:|1758375004
|switch|p1a: Ps5|Iron Crown|69/100
|-damage|p1a: Ps5|63/100|[from] Stealth Rock
|move|p2a: Great Tusk|Bulk Up|p2a: Great Tusk
|-boost|p2a: Great Tusk|atk|1
|-boost|p2a: Great Tusk|def|1
|
|upkeep
|turn|21
|
|t:|1758375009
|move|p2a: Great Tusk|Headlong Rush|p1a: Ps5
|-supereffective|p1a: Ps5
|-damage|p1a: Ps5|0 fnt
|-unboost|p2a: Great Tusk|def|1
|-unboost|p2a: Great Tusk|spd|1
|faint|p1a: Ps5
|-end|p1a: Ps5|Quark Drive|[silent]
|
|upkeep
|
|t:|1758375013
|switch|p1a: Bonk|Ogerpon-Wellspring, F|100/100
|-damage|p1a: Bonk|88/100|[from] Stealth Rock
|turn|22
|
|t:|1758375021
|move|p2a: Great Tusk|Ice Spinner|p1a: Bonk
|-damage|p1a: Bonk|28/100
|move|p1a: Bonk|Wood Hammer|p2a: Great Tusk
|-supereffective|p2a: Great Tusk
|-damage|p2a: Great Tusk|14/100
|-damage|p1a: Bonk|0 fnt|[from] Recoil
|faint|p1a: Bonk
|
|upkeep
|
|t:|1758375024
|switch|p1a: Shieldoge|Zamazenta|100/100
|-damage|p1a: Shieldoge|94/100|[from] Stealth Rock
|turn|23
|
|t:|1758375031
|move|p2a: Great Tusk|Headlong Rush|p1a: Shieldoge
|-damage|p1a: Shieldoge|16/100
|-unboost|p2a: Great Tusk|def|1
|-unboost|p2a: Great Tusk|spd|1
|move|p1a: Shieldoge|Body Press|p2a: Great Tusk
|-damage|p2a: Great Tusk|0 fnt
|faint|p2a: Great Tusk
|-end|p2a: Great Tusk|Protosynthesis|[silent]
|
|-heal|p1a: Shieldoge|22/100|[from] item: Leftovers
|upkeep
|
|t:|1758375034
|switch|p2a: Quoi ?|Greninja, M|1/100
|turn|24
|c|☆Nultiprise|gg
|
|t:|1758375045
|move|p2a: Quoi ?|Ice Beam|p1a: Shieldoge
|-damage|p1a: Shieldoge|0 fnt
|faint|p1a: Shieldoge
|-ability|p2a: Quoi ?|Battle Bond|boost
|-boost|p2a: Quoi ?|atk|1
|-boost|p2a: Quoi ?|spa|1
|-boost|p2a: Quoi ?|spe|1
|-activate|p2a: Quoi ?|ability: Battle Bond
|
|upkeep
|
|t:|1758375048
|switch|p1a: Wallnut|Forretress, M, shiny|21/100
|-damage|p1a: Wallnut|8/100|[from] Stealth Rock
|turn|25
|
|t:|1758375052
|move|p2a: Quoi ?|Dark Pulse|p1a: Wallnut
|-damage|p1a: Wallnut|0 fnt
|faint|p1a: Wallnut
|
|win|Nultiprise
|raw|Chronos556's rating: 1449 &rarr; <strong>1431</strong><br />(-18 for losing)
|raw|Nultiprise's rating: 1486 &rarr; <strong>1504</strong><br />(+18 for winning)
|l|☆Nultiprise
|player|p2|
|l|☆Chronos556
|player|p1|
