|j|☆Praise The Alt
|j|☆norca152
|t:|1758303319
|gametype|singles
|player|p1|Praise The Alt|clown|1563
|player|p2|norca152|drayden|1558
|gen|9
|tier|[Gen 9] OU
|rated|
|rule|HP Percentage Mod: HP is shown in percentages
|rule|Endless Battle Clause: Forcing endless battles is banned
|rule|Species Clause: Limit one of each Pokémon
|rule|OHKO Clause: OHKO moves are banned
|rule|Evasion Items Clause: Evasion items are banned
|rule|Evasion Moves Clause: Evasion moves are banned
|rule|Evasion Abilities Clause: Evasion abilities are banned
|rule|Sleep Moves Clause: Sleep-inducing moves are banned
|clearpoke
|poke|p1|Arcanine-Hisui, M|
|poke|p1|Darkrai|
|poke|p1|Great Tusk|
|poke|p1|Hatterene, F|
|poke|p1|Ogerpon-Wellspring, F|
|poke|p1|Zapdos|
|poke|p2|Dragonite, M|
|poke|p2|Scizor, M|
|poke|p2|Suicune|
|poke|p2|Sableye, M|
|poke|p2|Serperior, F|
|poke|p2|Ceruledge, M|
|teampreview
|inactive|Battle timer is ON: inactive players will automatically lose when time's up. (requested by Praise The Alt)
|
|t:|1758303330
|teamsize|p1|6
|teamsize|p2|6
|start
|switch|p1a: Arcanine|Arcanine-Hisui, M|100/100
|switch|p2a: Serperior|Serperior, F|100/100
|turn|1
|
|t:|1758303338
|move|p2a: Serperior|Substitute|p2a: Serperior
|-start|p2a: Serperior|Substitute
|-damage|p2a: Serperior|76/100
|move|p1a: Arcanine|Head Smash|p2a: Serperior
|-end|p2a: Serperior|Substitute
|
|-heal|p2a: Serperior|82/100|[from] item: Leftovers
|upkeep
|turn|2
|
|t:|1758303351
|switch|p1a: Hatterene|Hatterene, F|100/100
|move|p2a: Serperior|Substitute|p2a: Serperior
|-start|p2a: Serperior|Substitute
|-damage|p2a: Serperior|57/100
|
|-heal|p2a: Serperior|63/100|[from] item: Leftovers
|upkeep
|turn|3
|
|t:|1758303354
|move|p2a: Serperior|Leaf Storm|p1a: Hatterene
|-damage|p1a: Hatterene|80/100
|-boost|p2a: Serperior|spa|2
|move|p1a: Hatterene|Mystical Fire|p2a: Serperior
|-supereffective|p2a: Serperior
|-end|p2a: Serperior|Substitute
|
|-heal|p2a: Serperior|69/100|[from] item: Leftovers
|upkeep
|turn|4
|
|t:|1758303360
|move|p2a: Serperior|Leaf Storm|p1a: Hatterene
|-damage|p1a: Hatterene|32/100
|-boost|p2a: Serperior|spa|2
|move|p1a: Hatterene|Mystical Fire|p2a: Serperior
|-supereffective|p2a: Serperior
|-damage|p2a: Serperior|13/100
|-boost|p2a: Serperior|spa|1
|
|-heal|p2a: Serperior|19/100|[from] item: Leftovers
|upkeep
|turn|5
|
|t:|1758303364
|move|p2a: Serperior|Leaf Storm|p1a: Hatterene
|-damage|p1a: Hatterene|0 fnt
|-boost|p2a: Serperior|spa|1
|faint|p1a: Hatterene
|
|-heal|p2a: Serperior|25/100|[from] item: Leftovers
|upkeep
|
|t:|1758303370
|switch|p1a: Darkrai|Darkrai|100/100
|turn|6
|
|t:|1758303376
|switch|p2a: Sableye|Sableye, M|100/100
|move|p1a: Darkrai|Dark Pulse|p2a: Sableye
|-damage|p2a: Sableye|54/100
|
|-heal|p2a: Sableye|60/100|[from] item: Leftovers
|upkeep
|turn|7
|
|t:|1758303384
|switch|p1a: Zapdos|Zapdos|100/100
|move|p2a: Sableye|Knock Off|p1a: Zapdos
|-damage|p1a: Zapdos|80/100
|-status|p2a: Sableye|par|[from] ability: Static|[of] p1a: Zapdos
|-enditem|p1a: Zapdos|Heavy-Duty Boots|[from] move: Knock Off|[of] p2a: Sableye
|
|-heal|p2a: Sableye|66/100 par|[from] item: Leftovers
|upkeep
|turn|8
|
|t:|1758303392
|move|p2a: Sableye|Will-O-Wisp|p1a: Zapdos|[miss]
|-miss|p2a: Sableye|p1a: Zapdos
|move|p1a: Zapdos|Volt Switch|p2a: Sableye
|-damage|p2a: Sableye|36/100 par
|
|t:|1758303395
|switch|p1a: Arcanine|Arcanine-Hisui, M|100/100|[from] Volt Switch
|
|-heal|p2a: Sableye|42/100 par|[from] item: Leftovers
|upkeep
|turn|9
|
|t:|1758303405
|move|p1a: Arcanine|Head Smash|p2a: Sableye
|-damage|p2a: Sableye|0 fnt
|faint|p2a: Sableye
|
|upkeep
|
|t:|1758303415
|switch|p2a: Suicune|Suicune|100/100
|-ability|p2a: Suicune|Pressure
|turn|10
|
|t:|1758303438
|switch|p1a: Ogerpon|Ogerpon-Wellspring, F|100/100
|switch|p2a: Scizor|Scizor, M|100/100
|
|upkeep
|turn|11
|
|t:|1758303443
|move|p1a: Ogerpon|U-turn|p2a: Scizor
|-resisted|p2a: Scizor
|-damage|p2a: Scizor|88/100
|
|t:|1758303445
|switch|p1a: Great Tusk|Great Tusk|100/100|[from] U-turn
|move|p2a: Scizor|U-turn|p1a: Great Tusk
|-resisted|p1a: Great Tusk
|-damage|p1a: Great Tusk|78/100
|-damage|p2a: Scizor|71/100|[from] item: Rocky Helmet|[of] p1a: Great Tusk
|
|t:|1758303451
|switch|p2a: Serperior|Serperior, F|25/100|[from] U-turn
|
|-heal|p2a: Serperior|32/100|[from] item: Leftovers
|upkeep
|turn|12
|
|t:|1758303465
|-end|p1a: Great Tusk|Protosynthesis|[silent]
|switch|p1a: Zapdos|Zapdos|80/100
|move|p2a: Serperior|Glare|p1a: Zapdos
|-immune|p1a: Zapdos
|
|-heal|p2a: Serperior|38/100|[from] item: Leftovers
|upkeep
|turn|13
|
|t:|1758303476
|move|p2a: Serperior|Leech Seed|p1a: Zapdos
|-start|p1a: Zapdos|move: Leech Seed
|move|p1a: Zapdos|Hurricane|p2a: Serperior
|-supereffective|p2a: Serperior
|-damage|p2a: Serperior|0 fnt
|faint|p2a: Serperior
|
|upkeep
|
|t:|1758303480
|switch|p2a: Ceruledge|Ceruledge, M|100/100
|turn|14
|
|t:|1758303485
|move|p2a: Ceruledge|Swords Dance|p2a: Ceruledge
|-boost|p2a: Ceruledge|atk|2
|move|p1a: Zapdos|Thunder Wave|p2a: Ceruledge
|-status|p2a: Ceruledge|par
|
|-damage|p1a: Zapdos|68/100|[from] Leech Seed|[of] p2a: Ceruledge
|upkeep
|turn|15
|
|t:|1758303490
|move|p1a: Zapdos|Volt Switch|p2a: Ceruledge
|-damage|p2a: Ceruledge|66/100 par
|
|t:|1758303493
|switch|p1a: Arcanine|Arcanine-Hisui, M|100/100|[from] Volt Switch
|cant|p2a: Ceruledge|par
|
|upkeep
|turn|16
|
|t:|1758303499
|move|p2a: Ceruledge|Shadow Sneak|p1a: Arcanine
|-damage|p1a: Arcanine|46/100
|move|p1a: Arcanine|Head Smash|p2a: Ceruledge
|-supereffective|p2a: Ceruledge
|-damage|p2a: Ceruledge|0 fnt
|faint|p2a: Ceruledge
|
|upkeep
|
|t:|1758303505
|switch|p2a: Suicune|Suicune|100/100
|-ability|p2a: Suicune|Pressure
|turn|17
|
|t:|1758303513
|switch|p1a: Ogerpon|Ogerpon-Wellspring, F|100/100
|move|p2a: Suicune|Scald|p1a: Ogerpon
|-immune|p1a: Ogerpon|[from] ability: Water Absorb
|
|upkeep
|turn|18
|
|t:|1758303521
|switch|p2a: Scizor|Scizor, M|71/100
|move|p1a: Ogerpon|Knock Off|p2a: Scizor
|-damage|p2a: Scizor|34/100
|-enditem|p2a: Scizor|Choice Band|[from] move: Knock Off|[of] p1a: Ogerpon
|
|upkeep
|turn|19
|
|t:|1758303527
|move|p1a: Ogerpon|Ivy Cudgel|p2a: Scizor|[anim] Ivy Cudgel Water
|-damage|p2a: Scizor|0 fnt
|faint|p2a: Scizor
|
|upkeep
|
|t:|1758303531
|switch|p2a: Dragonite|Dragonite, M|100/100
|turn|20
|
|t:|1758303536
|move|p1a: Ogerpon|U-turn|p2a: Dragonite
|-resisted|p2a: Dragonite
|-damage|p2a: Dragonite|93/100
|
|t:|1758303540
|switch|p1a: Great Tusk|Great Tusk|78/100|[from] U-turn
|move|p2a: Dragonite|Dragon Dance|p2a: Dragonite
|-boost|p2a: Dragonite|atk|1
|-boost|p2a: Dragonite|spe|1
|
|upkeep
|turn|21
|
|t:|1758303548
|-terastallize|p2a: Dragonite|Normal
|move|p2a: Dragonite|Earthquake|p1a: Great Tusk
|-damage|p1a: Great Tusk|33/100
|move|p1a: Great Tusk|Ice Spinner|p2a: Dragonite
|-damage|p2a: Dragonite|60/100
|
|upkeep
|turn|22
|
|t:|1758303557
|move|p2a: Dragonite|Extreme Speed|p1a: Great Tusk
|-damage|p1a: Great Tusk|0 fnt
|-damage|p2a: Dragonite|44/100|[from] item: Rocky Helmet|[of] p1a: Great Tusk
|faint|p1a: Great Tusk
|-end|p1a: Great Tusk|Protosynthesis|[silent]
|
|upkeep
|
|t:|1758303566
|switch|p1a: Darkrai|Darkrai|100/100
|turn|23
|
|t:|1758303571
|move|p2a: Dragonite|Extreme Speed|p1a: Darkrai
|-damage|p1a: Darkrai|14/100
|move|p1a: Darkrai|Dark Pulse|p2a: Dragonite
|-damage|p2a: Dragonite|0 fnt
|faint|p2a: Dragonite
|
|upkeep
|
|t:|1758303574
|switch|p2a: Suicune|Suicune|100/100
|-ability|p2a: Suicune|Pressure
|turn|24
|
|t:|1758303577
|switch|p1a: Ogerpon|Ogerpon-Wellspring, F|100/100
|move|p2a: Suicune|Calm Mind|p2a: Suicune
|-boost|p2a: Suicune|spa|1
|-boost|p2a: Suicune|spd|1
|
|upkeep
|turn|25
|
|t:|1758303584
|move|p1a: Ogerpon|U-turn|p2a: Suicune
|-damage|p2a: Suicune|86/100
|
|t:|1758303586
|switch|p1a: Arcanine|Arcanine-Hisui, M|46/100|[from] U-turn
|move|p2a: Suicune|Calm Mind|p2a: Suicune
|-boost|p2a: Suicune|spa|1
|-boost|p2a: Suicune|spd|1
|
|-heal|p2a: Suicune|92/100|[from] item: Leftovers
|upkeep
|turn|26
|
|t:|1758303589
|move|p1a: Arcanine|Head Smash|p2a: Suicune
|-damage|p2a: Suicune|30/100
|move|p2a: Suicune|Scald|p1a: Arcanine
|-supereffective|p1a: Arcanine
|-damage|p1a: Arcanine|0 fnt
|faint|p1a: Arcanine
|
|-heal|p2a: Suicune|36/100|[from] item: Leftovers
|upkeep
|
|t:|1758303592
|switch|p1a: Darkrai|Darkrai|14/100
|turn|27
|
|t:|1758303595
|move|p1a: Darkrai|Trick|p2a: Suicune
|-activate|p1a: Darkrai|move: Trick|[of] p2a: Suicune
|-item|p2a: Suicune|Choice Scarf|[from] move: Trick
|-item|p1a: Darkrai|Leftovers|[from] move: Trick
|move|p2a: Suicune|Rest|p2a: Suicune
|-status|p2a: Suicune|slp|[from] move: Rest
|-heal|p2a: Suicune|100/100 slp|[silent]
|
|-heal|p1a: Darkrai|20/100|[from] item: Leftovers
|-damage|p2a: Suicune|88/100 slp|[from] ability: Bad Dreams|[of] p1a: Darkrai
|upkeep
|turn|28
|-message|norca152 forfeited.
|
|win|Praise The Alt
|raw|Praise The Alt's rating: 1563 &rarr; <strong>1583</strong><br />(+20 for winning)
|raw|norca152's rating: 1558 &rarr; <strong>1538</strong><br />(-20 for losing)
|l|☆norca152
|player|p2|
|l|☆Praise The Alt
|player|p1|
