|j|☆SML Shrek
|j|☆sr lightie
|t:|1758304561
|gametype|singles
|player|p1|SML Shrek|hiker-gen4|1439
|player|p2|sr lightie|blue|1448
|gen|9
|tier|[Gen 9] OU
|rated|
|rule|HP Percentage Mod: HP is shown in percentages
|rule|Endless Battle Clause: Forcing endless battles is banned
|rule|Species Clause: Limit one of each Pokémon
|rule|OHKO Clause: OHKO moves are banned
|rule|Evasion Items Clause: Evasion items are banned
|rule|Evasion Moves Clause: Evasion moves are banned
|rule|Evasion Abilities Clause: Evasion abilities are banned
|rule|Sleep Moves Clause: Sleep-inducing moves are banned
|clearpoke
|poke|p1|Ribombee, F|
|poke|p1|Cinderace, F|
|poke|p1|Quaquaval, M|
|poke|p1|Gholdengo|
|poke|p1|Sinistcha|
|poke|p1|Ting-Lu|
|poke|p2|Ursaluna, M|
|poke|p2|Salamence, M|
|poke|p2|Gengar, M|
|poke|p2|Avalugg, F|
|poke|p2|Farigiraf, F|
|poke|p2|Umbreon, M|
|teampreview
|inactive|Battle timer is ON: inactive players will automatically lose when time's up. (requested by sr lightie)
|
|t:|1758304573
|teamsize|p1|6
|teamsize|p2|6
|start
|switch|p1a: Ribombee|Ribombee, F|100/100
|switch|p2a: Ursaluna|Ursaluna, M|100/100
|turn|1
|
|t:|1758304578
|move|p1a: Ribombee|Sticky Web|p2a: Ursaluna
|-sidestart|p2: sr lightie|move: Sticky Web
|move|p2a: Ursaluna|Fire Punch|p1a: Ribombee
|-supereffective|p1a: Ribombee
|-damage|p1a: Ribombee|15/100
|
|-status|p2a: Ursaluna|brn|[from] item: Flame Orb
|upkeep
|turn|2
|
|t:|1758304587
|move|p1a: Ribombee|Skill Swap|p2a: Ursaluna
|-activate|p1a: Ribombee|move: Skill Swap|Guts|Shield Dust|[of] p2a: Ursaluna
|move|p2a: Ursaluna|Earthquake|p1a: Ribombee
|-resisted|p1a: Ribombee
|-damage|p1a: Ribombee|0 fnt
|faint|p1a: Ribombee
|
|-damage|p2a: Ursaluna|94/100 brn|[from] brn
|upkeep
|
|t:|1758304601
|switch|p1a: Ting-Lu|Ting-Lu|100/100
|-ability|p1a: Ting-Lu|Vessel of Ruin
|turn|3
|
|t:|1758304607
|switch|p2a: Gengar|Gengar, M|100/100
|-activate|p2a: Gengar|move: Sticky Web
|-unboost|p2a: Gengar|spe|1
|move|p1a: Ting-Lu|Stealth Rock|p2a: Gengar
|-sidestart|p2: sr lightie|move: Stealth Rock
|
|upkeep
|turn|4
|
|t:|1758304616
|move|p2a: Gengar|Trick|p1a: Ting-Lu
|-activate|p2a: Gengar|move: Trick|[of] p1a: Ting-Lu
|-item|p1a: Ting-Lu|Choice Scarf|[from] move: Trick
|-item|p2a: Gengar|Leftovers|[from] move: Trick
|move|p1a: Ting-Lu|Spikes|p2a: Gengar
|-sidestart|p2: sr lightie|Spikes
|
|upkeep
|turn|5
|
|t:|1758304624
|move|p2a: Gengar|Focus Blast|p1a: Ting-Lu
|-supereffective|p1a: Ting-Lu
|-damage|p1a: Ting-Lu|64/100
|move|p1a: Ting-Lu|Spikes|p2a: Gengar
|-sidestart|p2: sr lightie|Spikes
|
|upkeep
|turn|6
|
|t:|1758304629
|move|p2a: Gengar|Focus Blast|p1a: Ting-Lu|[miss]
|-miss|p2a: Gengar|p1a: Ting-Lu
|move|p1a: Ting-Lu|Spikes|p2a: Gengar
|-sidestart|p2: sr lightie|Spikes
|
|upkeep
|turn|7
|
|t:|1758304639
|switch|p1a: Cinderace|Cinderace, F|100/100
|move|p2a: Gengar|Shadow Ball|p1a: Cinderace
|-damage|p1a: Cinderace|30/100
|
|upkeep
|turn|8
|
|t:|1758304649
|switch|p2a: Salamence|Salamence, M|100/100
|-damage|p2a: Salamence|76/100|[from] Stealth Rock
|-ability|p2a: Salamence|Intimidate|boost
|-unboost|p1a: Cinderace|atk|1
|move|p1a: Cinderace|Sucker Punch||[still]
|-fail|p1a: Cinderace
|
|upkeep
|turn|9
|
|t:|1758304657
|move|p1a: Cinderace|U-turn|p2a: Salamence
|-start|p1a: Cinderace|typechange|Bug|[from] ability: Libero
|-resisted|p2a: Salamence
|-damage|p2a: Salamence|64/100
|
|t:|1758304661
|switch|p1a: Ting-Lu|Ting-Lu|64/100|[from] U-turn
|-ability|p1a: Ting-Lu|Vessel of Ruin
|move|p2a: Salamence|Air Slash|p1a: Ting-Lu
|-damage|p1a: Ting-Lu|48/100
|
|upkeep
|turn|10
|
|t:|1758304669
|move|p2a: Salamence|Hydro Pump|p1a: Ting-Lu
|-supereffective|p1a: Ting-Lu
|-damage|p1a: Ting-Lu|16/100
|move|p1a: Ting-Lu|Whirlwind|p2a: Salamence
|drag|p2a: Farigiraf|Farigiraf, F|100/100
|-activate|p2a: Farigiraf|move: Sticky Web
|-unboost|p2a: Farigiraf|spe|1
|-damage|p2a: Farigiraf|88/100|[from] Stealth Rock
|-damage|p2a: Farigiraf|63/100|[from] Spikes
|
|upkeep
|turn|11
|
|t:|1758304678
|move|p2a: Farigiraf|Shadow Ball|p1a: Ting-Lu
|-resisted|p1a: Ting-Lu
|-damage|p1a: Ting-Lu|11/100
|move|p1a: Ting-Lu|Whirlwind|p2a: Farigiraf
|drag|p2a: Salamence|Salamence, M|64/100
|-damage|p2a: Salamence|39/100|[from] Stealth Rock
|-ability|p2a: Salamence|Intimidate|boost
|-unboost|p1a: Ting-Lu|atk|1
|
|upkeep
|turn|12
|
|t:|1758304686
|move|p2a: Salamence|Air Slash|p1a: Ting-Lu
|-damage|p1a: Ting-Lu|0 fnt
|faint|p1a: Ting-Lu
|
|upkeep
|
|t:|1758304704
|switch|p1a: Sinistcha|Sinistcha|100/100
|turn|13
|
|t:|1758304709
|move|p2a: Salamence|Air Slash|p1a: Sinistcha
|-supereffective|p1a: Sinistcha
|-damage|p1a: Sinistcha|2/100
|move|p1a: Sinistcha|Stun Spore|p2a: Salamence|[miss]
|-miss|p1a: Sinistcha|p2a: Salamence
|
|-heal|p1a: Sinistcha|8/100|[from] item: Leftovers
|upkeep
|turn|14
|
|t:|1758304717
|move|p2a: Salamence|Fire Blast|p1a: Sinistcha
|-supereffective|p1a: Sinistcha
|-damage|p1a: Sinistcha|0 fnt
|faint|p1a: Sinistcha
|
|upkeep
|
|t:|1758304728
|switch|p1a: Gholdengo|Gholdengo|100/100
|-item|p1a: Gholdengo|Air Balloon
|turn|15
|
|t:|1758304743
|move|p1a: Gholdengo|Dazzling Gleam|p2a: Salamence
|-supereffective|p2a: Salamence
|-damage|p2a: Salamence|0 fnt
|faint|p2a: Salamence
|
|upkeep
|inactive|sr lightie has 120 seconds left.
|
|t:|1758304781
|switch|p2a: Ursaluna|Ursaluna, M|94/100 brn
|-activate|p2a: Ursaluna|move: Sticky Web
|-unboost|p2a: Ursaluna|spe|1
|-damage|p2a: Ursaluna|88/100 brn|[from] Stealth Rock
|-damage|p2a: Ursaluna|63/100 brn|[from] Spikes
|turn|16
|
|t:|1758304792
|move|p1a: Gholdengo|Make It Rain|p2a: Ursaluna
|-damage|p2a: Ursaluna|14/100 brn
|-unboost|p1a: Gholdengo|spa|1
|move|p2a: Ursaluna|Fire Punch|p1a: Gholdengo
|-supereffective|p1a: Gholdengo
|-damage|p1a: Gholdengo|0 fnt
|-enditem|p1a: Gholdengo|Air Balloon
|faint|p1a: Gholdengo
|
|-damage|p2a: Ursaluna|8/100 brn|[from] brn
|upkeep
|c|☆sr lightie|kind gg moment
|
|t:|1758304806
|switch|p1a: Quaquaval|Quaquaval, M|100/100
|turn|17
|c|☆sr lightie|maybe quarquaval can do sometiing here
|
|t:|1758304816
|move|p1a: Quaquaval|Aqua Step|p2a: Ursaluna
|-supereffective|p2a: Ursaluna
|-damage|p2a: Ursaluna|0 fnt
|-boost|p1a: Quaquaval|spe|1
|faint|p2a: Ursaluna
|-ability|p1a: Quaquaval|Moxie|boost
|-boost|p1a: Quaquaval|atk|1
|
|upkeep
|
|t:|1758304818
|switch|p2a: Avalugg|Avalugg, F|100/100
|turn|18
|c|☆SML Shrek|perhaps. I really need to lay off the weed
|
|t:|1758304827
|move|p1a: Quaquaval|Close Combat|p2a: Avalugg
|-supereffective|p2a: Avalugg
|-damage|p2a: Avalugg|30/100
|-unboost|p1a: Quaquaval|def|1
|-unboost|p1a: Quaquaval|spd|1
|move|p2a: Avalugg|Rapid Spin|p1a: Quaquaval
|-damage|p1a: Quaquaval|73/100
|-boost|p2a: Avalugg|spe|1
|-sideend|p2: sr lightie|Spikes|[from] move: Rapid Spin|[of] p2a: Avalugg
|-sideend|p2: sr lightie|Stealth Rock|[from] move: Rapid Spin|[of] p2a: Avalugg
|-sideend|p2: sr lightie|Sticky Web|[from] move: Rapid Spin|[of] p2a: Avalugg
|
|upkeep
|turn|19
|c|☆sr lightie|whaterver bro
|
|t:|1758304857
|move|p1a: Quaquaval|Knock Off|p2a: Avalugg
|-damage|p2a: Avalugg|11/100
|-enditem|p2a: Avalugg|Heavy-Duty Boots|[from] move: Knock Off|[of] p1a: Quaquaval
|move|p2a: Avalugg|Body Press|p1a: Quaquaval
|-damage|p1a: Quaquaval|0 fnt
|faint|p1a: Quaquaval
|
|upkeep
|
|t:|1758304864
|switch|p1a: Cinderace|Cinderace, F|30/100
|turn|20
|c|☆sr lightie|hmm terrible choice
|c|☆SML Shrek|I was predicting gengar switch
|
|t:|1758304877
|move|p1a: Cinderace|Pyro Ball|p2a: Avalugg
|-supereffective|p2a: Avalugg
|-damage|p2a: Avalugg|0 fnt
|faint|p2a: Avalugg
|
|upkeep
|c|☆sr lightie|why would i preserve my 10% hp slow mon
|inactive|sr lightie has 120 seconds left.
|
|t:|1758304902
|switch|p2a: Farigiraf|Farigiraf, F|63/100
|turn|21
|inactive|sr lightie has 120 seconds left.
|c|☆SML Shrek|idk I'm high
|
|t:|1758304914
|-terastallize|p2a: Farigiraf|Normal
|move|p1a: Cinderace|U-turn|p2a: Farigiraf
|-start|p1a: Cinderace|typechange|Bug|[from] ability: Libero
|-damage|p2a: Farigiraf|27/100
|move|p2a: Farigiraf|Trick Room|p2a: Farigiraf
|-fieldstart|move: Trick Room|[of] p2a: Farigiraf
|
|upkeep
|turn|22
|
|t:|1758304923
|move|p1a: Cinderace|Sucker Punch||[still]
|cant|p2a: Farigiraf|ability: Armor Tail|Sucker Punch|[of] p1a: Cinderace
|move|p2a: Farigiraf|Twin Beam|p1a: Cinderace
|-damage|p1a: Cinderace|0 fnt
|faint|p1a: Cinderace
|-hitcount|p1: Cinderace|1
|
|win|sr lightie
|raw|SML Shrek's rating: 1439 &rarr; <strong>1420</strong><br />(-19 for losing)
|raw|sr lightie's rating: 1448 &rarr; <strong>1467</strong><br />(+19 for winning)
|c|☆sr lightie|weed is dumb people thing
|c|☆sr lightie|just stop
|n|!SML Shrek|smlshrek
|l|!SML Shrek
|player|p1|
|l|☆sr lightie
|player|p2|
