|j|‽cattoungue2681
|j|☆chaintrainalt
|t:|1758260685
|gametype|singles
|player|p1|cattoungue2681|169|1409
|player|p2|chaintrainalt|cyclistf|1403
|gen|9
|tier|[Gen 9] OU
|rated|
|rule|HP Percentage Mod: HP is shown in percentages
|rule|Endless Battle Clause: Forcing endless battles is banned
|rule|Species Clause: Limit one of each Pokémon
|rule|OHKO Clause: OHKO moves are banned
|rule|Evasion Items Clause: Evasion items are banned
|rule|Evasion Moves Clause: Evasion moves are banned
|rule|Evasion Abilities Clause: Evasion abilities are banned
|rule|Sleep Moves Clause: Sleep-inducing moves are banned
|clearpoke
|poke|p1|Dragonite, F|
|poke|p1|Hatterene, F|
|poke|p1|Great Tusk|
|poke|p1|Ceruledge, M|
|poke|p1|Ting-Lu|
|poke|p1|Kyurem|
|poke|p2|Ribombee, F|
|poke|p2|Iron Moth|
|poke|p2|Darkrai|
|poke|p2|Gholdengo|
|poke|p2|Garchomp, F|
|poke|p2|Iron Valiant|
|teampreview
|inactive|Battle timer is ON: inactive players will automatically lose when time's up. (requested by chaintrainalt)
|
|t:|1758260692
|teamsize|p1|6
|teamsize|p2|6
|start
|switch|p1a: Ting-Lu|Ting-Lu|100/100
|switch|p2a: Ribombee|Ribombee, F|100/100
|-ability|p1a: Ting-Lu|Vessel of Ruin
|turn|1
|
|t:|1758260698
|switch|p1a: Hatterene|Hatterene, F|100/100
|move|p2a: Ribombee|Moonblast|p1a: Hatterene
|-damage|p1a: Hatterene|71/100
|
|upkeep
|turn|2
|
|t:|1758260704
|move|p2a: Ribombee|Skill Swap|p1a: Hatterene
|-activate|p2a: Ribombee|move: Skill Swap|Magic Bounce|Shield Dust|[of] p1a: Hatterene
|move|p1a: Hatterene|Nuzzle|p2a: Ribombee
|-damage|p2a: Ribombee|93/100
|-status|p2a: Ribombee|par
|
|upkeep
|turn|3
|
|t:|1758260712
|move|p2a: Ribombee|Sticky Web|p1a: Hatterene
|-sidestart|p1: cattoungue2681|move: Sticky Web
|move|p1a: Hatterene|Draining Kiss|p2a: Ribombee
|-damage|p2a: Ribombee|46/100 par
|-heal|p1a: Hatterene|99/100|[from] drain|[of] p2a: Ribombee
|
|upkeep
|turn|4
|
|t:|1758260721
|cant|p2a: Ribombee|par
|move|p1a: Hatterene|Draining Kiss|p2a: Ribombee
|-damage|p2a: Ribombee|4/100 par
|-heal|p1a: Hatterene|100/100|[from] drain|[of] p2a: Ribombee
|
|upkeep
|turn|5
|
|t:|1758260726
|cant|p2a: Ribombee|par
|move|p1a: Hatterene|Draining Kiss|p2a: Ribombee
|-damage|p2a: Ribombee|0 fnt
|faint|p2a: Ribombee
|
|upkeep
|
|t:|1758260733
|switch|p2a: Darkrai|Darkrai|100/100
|turn|6
|
|t:|1758260740
|move|p2a: Darkrai|Nasty Plot|p2a: Darkrai
|-boost|p2a: Darkrai|spa|2
|move|p1a: Hatterene|Nuzzle|p2a: Darkrai
|-crit|p2a: Darkrai
|-damage|p2a: Darkrai|92/100
|-status|p2a: Darkrai|par
|
|upkeep
|turn|7
|
|t:|1758260748
|move|p2a: Darkrai|Sludge Bomb|p1a: Hatterene
|-supereffective|p1a: Hatterene
|-damage|p1a: Hatterene|0 fnt
|faint|p1a: Hatterene
|-damage|p2a: Darkrai|82/100 par|[from] item: Life Orb
|
|upkeep
|
|t:|1758260752
|switch|p1a: Great Tusk|Great Tusk|100/100
|turn|8
|
|t:|1758260762
|switch|p2a: Gholdengo|Gholdengo|100/100
|-item|p2a: Gholdengo|Air Balloon
|move|p1a: Great Tusk|Rapid Spin|p2a: Gholdengo
|-immune|p2a: Gholdengo
|
|upkeep
|turn|9
|
|t:|1758260771
|move|p1a: Great Tusk|Ice Spinner|p2a: Gholdengo
|-resisted|p2a: Gholdengo
|-damage|p2a: Gholdengo|85/100
|-enditem|p2a: Gholdengo|Air Balloon
|move|p2a: Gholdengo|Make It Rain|p1a: Great Tusk
|-damage|p1a: Great Tusk|0 fnt
|-unboost|p2a: Gholdengo|spa|1
|faint|p1a: Great Tusk
|-end|p1a: Great Tusk|Protosynthesis|[silent]
|
|upkeep
|
|t:|1758260778
|switch|p1a: Ting-Lu|Ting-Lu|100/100
|-activate|p1a: Ting-Lu|move: Sticky Web
|-unboost|p1a: Ting-Lu|spe|1
|-ability|p1a: Ting-Lu|Vessel of Ruin
|turn|10
|
|t:|1758260786
|switch|p2a: Darkrai|Darkrai|82/100 par
|move|p1a: Ting-Lu|Stealth Rock|p2a: Darkrai
|-sidestart|p2: chaintrainalt|move: Stealth Rock
|
|upkeep
|turn|11
|
|t:|1758260803
|move|p2a: Darkrai|Ice Beam|p1a: Ting-Lu
|-supereffective|p1a: Ting-Lu
|-damage|p1a: Ting-Lu|61/100
|-damage|p2a: Darkrai|72/100 par|[from] item: Life Orb
|move|p1a: Ting-Lu|Whirlwind|p2a: Darkrai
|drag|p2a: Iron Moth|Iron Moth|100/100
|-damage|p2a: Iron Moth|76/100|[from] Stealth Rock
|-enditem|p2a: Iron Moth|Booster Energy
|-activate|p2a: Iron Moth|ability: Quark Drive|[fromitem]
|-start|p2a: Iron Moth|quarkdrivespa
|
|-heal|p1a: Ting-Lu|67/100|[from] item: Leftovers
|upkeep
|turn|12
|
|t:|1758260825
|move|p2a: Iron Moth|Overheat|p1a: Ting-Lu
|-damage|p1a: Ting-Lu|20/100
|-unboost|p2a: Iron Moth|spa|2
|move|p1a: Ting-Lu|Earthquake|p2a: Iron Moth
|-supereffective|p2a: Iron Moth
|-damage|p2a: Iron Moth|0 fnt
|faint|p2a: Iron Moth
|-end|p2a: Iron Moth|Quark Drive|[silent]
|
|-heal|p1a: Ting-Lu|26/100|[from] item: Leftovers
|upkeep
|inactive|chaintrainalt has 120 seconds left.
|
|t:|1758260836
|switch|p2a: Garchomp|Garchomp, F|100/100
|-damage|p2a: Garchomp|94/100|[from] Stealth Rock
|turn|13
|
|t:|1758260840
|move|p2a: Garchomp|Scale Shot|p1a: Ting-Lu
|-damage|p1a: Ting-Lu|18/100
|-damage|p1a: Ting-Lu|9/100
|-damage|p1a: Ting-Lu|1/100
|-damage|p1a: Ting-Lu|0 fnt
|faint|p1a: Ting-Lu
|-hitcount|p1: Ting-Lu|4
|-unboost|p2a: Garchomp|def|1
|-boost|p2a: Garchomp|spe|1
|
|upkeep
|
|t:|1758260861
|switch|p1a: Dragonite|Dragonite, F|100/100
|turn|14
|
|t:|1758260865
|move|p2a: Garchomp|Scale Shot|p1a: Dragonite
|-supereffective|p1a: Dragonite
|-crit|p1a: Dragonite
|-damage|p1a: Dragonite|78/100
|-supereffective|p1a: Dragonite
|-damage|p1a: Dragonite|46/100
|-supereffective|p1a: Dragonite
|-damage|p1a: Dragonite|13/100
|-supereffective|p1a: Dragonite
|-damage|p1a: Dragonite|0 fnt
|faint|p1a: Dragonite
|-hitcount|p1: Dragonite|4
|-unboost|p2a: Garchomp|def|1
|-boost|p2a: Garchomp|spe|1
|
|upkeep
|-message|cattoungue2681 forfeited.
|
|win|chaintrainalt
|raw|cattoungue2681's rating: 1409 &rarr; <strong>1389</strong><br />(-20 for losing)
|raw|chaintrainalt's rating: 1403 &rarr; <strong>1423</strong><br />(+20 for winning)
|l|‽cattoungue2681
|player|p1|
|l|☆chaintrainalt
|player|p2|
