|j|☆ultimategoogolplex
|j|☆Chrille-1
|t:|1758312567
|gametype|singles
|player|p1|ultimategoogolplex|2|1493
|player|p2|Chrille-1|morty|1501
|gen|9
|tier|[Gen 9] OU
|rated|
|rule|HP Percentage Mod: HP is shown in percentages
|rule|Endless Battle Clause: Forcing endless battles is banned
|rule|Species Clause: Limit one of each Pokémon
|rule|OHKO Clause: OHKO moves are banned
|rule|Evasion Items Clause: Evasion items are banned
|rule|Evasion Moves Clause: Evasion moves are banned
|rule|Evasion Abilities Clause: Evasion abilities are banned
|rule|Sleep Moves Clause: Sleep-inducing moves are banned
|clearpoke
|poke|p1|Landorus-Therian, M|
|poke|p1|Kyurem|
|poke|p1|Enamorus, F|
|poke|p1|Dragapult, M|
|poke|p1|Corviknight, F|
|poke|p1|Slowking-Galar, M|
|poke|p2|Moltres|
|poke|p2|Great Tusk|
|poke|p2|Slowking-Galar, M|
|poke|p2|Kingambit, F|
|poke|p2|Dragapult, M|
|poke|p2|Ogerpon-Wellspring, F|
|teampreview
|inactive|Battle timer is ON: inactive players will automatically lose when time's up. (requested by Chrille-1)
|inactive|ultimategoogolplex also wants the timer to be on.
|
|t:|1758312597
|teamsize|p1|6
|teamsize|p2|6
|start
|switch|p1a: Enamorus|Enamorus, F|100/100
|switch|p2a: Supra|Slowking-Galar, M|100/100
|turn|1
|
|t:|1758312605
|switch|p1a: Landorus|Landorus-Therian, M|100/100
|-ability|p1a: Landorus|Intimidate|boost
|-unboost|p2a: Supra|atk|1
|move|p2a: Supra|Flamethrower|p1a: Landorus
|-damage|p1a: Landorus|71/100
|
|upkeep
|turn|2
|
|t:|1758312615
|switch|p2a: Chager|Great Tusk|100/100
|move|p1a: Landorus|U-turn|p2a: Chager
|-resisted|p2a: Chager
|-damage|p2a: Chager|95/100
|-damage|p1a: Landorus|54/100|[from] item: Rocky Helmet|[of] p2a: Chager
|
|t:|1758312622
|switch|p1a: Kyurem|Kyurem|100/100|[from] U-turn
|-ability|p1a: Kyurem|Pressure
|
|upkeep
|turn|3
|
|t:|1758312627
|-end|p2a: Chager|Protosynthesis|[silent]
|switch|p2a: Supra|Slowking-Galar, M|100/100
|move|p1a: Kyurem|Ice Beam|p2a: Supra
|-damage|p2a: Supra|71/100
|
|upkeep
|turn|4
|
|t:|1758312635
|switch|p1a: Slowking|Slowking-Galar, M|100/100
|move|p2a: Supra|Sludge Bomb|p1a: Slowking
|-resisted|p1a: Slowking
|-damage|p1a: Slowking|93/100
|
|upkeep
|turn|5
|
|t:|1758312641
|move|p1a: Slowking|Flamethrower|p2a: Supra
|-damage|p2a: Supra|60/100
|move|p2a: Supra|Psyshock|p1a: Slowking
|-damage|p1a: Slowking|55/100
|
|upkeep
|turn|6
|
|t:|1758312647
|move|p1a: Slowking|Psyshock|p2a: Supra
|-damage|p2a: Supra|29/100
|move|p2a: Supra|Psyshock|p1a: Slowking
|-damage|p1a: Slowking|17/100
|
|upkeep
|turn|7
|
|t:|1758312661
|switch|p2a: Viper|Kingambit, F|100/100
|switch|p1a: Landorus|Landorus-Therian, M|54/100
|-ability|p1a: Landorus|Intimidate|boost
|-unboost|p2a: Viper|atk|1
|
|upkeep
|turn|8
|
|t:|1758312666
|-end|p2a: Viper|fallenundefined|[silent]
|switch|p2a: Chager|Great Tusk|95/100
|move|p1a: Landorus|Earthquake|p2a: Chager
|-damage|p2a: Chager|72/100
|
|upkeep
|turn|9
|
|t:|1758312671
|switch|p1a: Corviknight|Corviknight, F|100/100
|-ability|p1a: Corviknight|Pressure
|move|p2a: Chager|Stealth Rock|p1a: Corviknight
|-sidestart|p1: ultimategoogolplex|move: Stealth Rock
|
|upkeep
|turn|10
|
|t:|1758312677
|-end|p2a: Chager|Protosynthesis|[silent]
|switch|p2a: FierBird|Moltres|100/100
|move|p1a: Corviknight|Defog|p2a: FierBird
|-unboost|p2a: FierBird|evasion|1
|-sideend|p1: ultimategoogolplex|Stealth Rock|[from] move: Defog|[of] p1a: Corviknight
|
|upkeep
|turn|11
|
|t:|1758312690
|switch|p1a: Slowking|Slowking-Galar, M|50/100
|move|p2a: FierBird|Will-O-Wisp|p1a: Slowking
|-status|p1a: Slowking|brn
|
|-damage|p1a: Slowking|44/100 brn|[from] brn
|upkeep
|turn|12
|
|t:|1758312700
|switch|p2a: Supra|Slowking-Galar, M|62/100
|switch|p1a: Dragapult|Dragapult, M|100/100
|
|upkeep
|turn|13
|
|t:|1758312708
|switch|p2a: Viper|Kingambit, F|100/100
|move|p1a: Dragapult|U-turn|p2a: Viper
|-damage|p2a: Viper|71/100
|
|t:|1758312716
|switch|p1a: Landorus|Landorus-Therian, M|54/100|[from] U-turn
|-ability|p1a: Landorus|Intimidate|boost
|-unboost|p2a: Viper|atk|1
|
|-heal|p2a: Viper|77/100|[from] item: Leftovers
|upkeep
|turn|14
|
|t:|1758312728
|-end|p2a: Viper|fallenundefined|[silent]
|switch|p2a: Chager|Great Tusk|72/100
|move|p1a: Landorus|U-turn|p2a: Chager
|-resisted|p2a: Chager
|-damage|p2a: Chager|67/100
|-damage|p1a: Landorus|38/100|[from] item: Rocky Helmet|[of] p2a: Chager
|
|t:|1758312730
|switch|p1a: Kyurem|Kyurem|100/100|[from] U-turn
|-ability|p1a: Kyurem|Pressure
|
|upkeep
|turn|15
|
|t:|1758312741
|-end|p2a: Chager|Protosynthesis|[silent]
|switch|p2a: Supra|Slowking-Galar, M|96/100
|-terastallize|p1a: Kyurem|Ice
|move|p1a: Kyurem|Ice Beam|p2a: Supra
|-damage|p2a: Supra|55/100
|
|upkeep
|turn|16
|
|t:|1758312747
|move|p1a: Kyurem|Ice Beam|p2a: Supra
|-damage|p2a: Supra|13/100
|move|p2a: Supra|Flamethrower|p1a: Kyurem
|-supereffective|p1a: Kyurem
|-damage|p1a: Kyurem|54/100
|
|upkeep
|turn|17
|
|t:|1758312752
|switch|p2a: Viper|Kingambit, F|77/100
|move|p1a: Kyurem|Ice Beam|p2a: Viper
|-resisted|p2a: Viper
|-damage|p2a: Viper|22/100
|-status|p2a: Viper|frz
|
|-heal|p2a: Viper|28/100 frz|[from] item: Leftovers
|upkeep
|turn|18
|
|t:|1758312764
|move|p1a: Kyurem|Ice Beam|p2a: Viper
|-resisted|p2a: Viper
|-damage|p2a: Viper|0 fnt
|faint|p2a: Viper
|-end|p2a: Viper|fallenundefined|[silent]
|
|upkeep
|
|t:|1758312769
|switch|p2a: Mustang|Ogerpon-Wellspring, F|100/100
|turn|19
|
|t:|1758312776
|switch|p1a: Corviknight|Corviknight, F|100/100
|-ability|p1a: Corviknight|Pressure
|-terastallize|p2a: Mustang|Water
|detailschange|p2a: Mustang|Ogerpon-Wellspring-Tera, F, tera:Water
|-ability|p2a: Mustang|Embody Aspect (Wellspring)|boost
|-boost|p2a: Mustang|spd|1
|move|p2a: Mustang|Swords Dance|p2a: Mustang
|-boost|p2a: Mustang|atk|2
|
|upkeep
|turn|20
|
|t:|1758312790
|move|p2a: Mustang|Ivy Cudgel|p1a: Corviknight|[anim] Ivy Cudgel Water
|-crit|p1a: Corviknight
|-damage|p1a: Corviknight|0 fnt
|faint|p1a: Corviknight
|
|upkeep
|
|t:|1758312801
|switch|p1a: Dragapult|Dragapult, M|100/100
|turn|21
|
|t:|1758312806
|move|p1a: Dragapult|U-turn|p2a: Mustang
|-damage|p2a: Mustang|56/100
|
|t:|1758312808
|switch|p1a: Landorus|Landorus-Therian, M|38/100|[from] U-turn
|-ability|p1a: Landorus|Intimidate|boost
|-unboost|p2a: Mustang|atk|1
|move|p2a: Mustang|Play Rough|p1a: Landorus
|-damage|p1a: Landorus|0 fnt
|-damage|p2a: Mustang|39/100|[from] item: Rocky Helmet|[of] p1a: Landorus
|faint|p1a: Landorus
|
|upkeep
|
|t:|1758312811
|switch|p1a: Dragapult|Dragapult, M|100/100
|turn|22
|
|t:|1758312817
|switch|p2a: Chager|Great Tusk|67/100
|move|p1a: Dragapult|Dragon Darts|p2a: Chager
|-damage|p2a: Chager|50/100
|-anim|p1a: Dragapult|Dragon Darts|p2a: Chager
|-damage|p2a: Chager|33/100
|
|upkeep
|turn|23
|
|t:|1758312826
|move|p1a: Dragapult|Dragon Darts|p2a: Chager
|-damage|p2a: Chager|15/100
|-anim|p1a: Dragapult|Dragon Darts|p2a: Chager
|-damage|p2a: Chager|0 fnt
|faint|p2a: Chager
|-end|p2a: Chager|Protosynthesis|[silent]
|
|upkeep
|
|t:|1758312833
|switch|p2a: FierBird|Moltres|100/100
|turn|24
|
|t:|1758312841
|switch|p1a: Enamorus|Enamorus, F|100/100
|move|p2a: FierBird|Scorching Sands|p1a: Enamorus
|-immune|p1a: Enamorus
|
|upkeep
|turn|25
|
|t:|1758312848
|switch|p2a: Supra|Slowking-Galar, M|46/100
|move|p1a: Enamorus|Moonblast|p2a: Supra
|-resisted|p2a: Supra
|-damage|p2a: Supra|29/100
|-unboost|p2a: Supra|spa|1
|
|upkeep
|turn|26
|
|t:|1758312855
|switch|p1a: Dragapult|Dragapult, M|100/100
|switch|p2a: FierBird|Moltres|100/100
|
|upkeep
|turn|27
|
|t:|1758312866
|switch|p1a: Slowking|Slowking-Galar, M|78/100 brn
|move|p2a: FierBird|Scorching Sands|p1a: Slowking
|-supereffective|p1a: Slowking
|-damage|p1a: Slowking|63/100 brn
|
|-damage|p1a: Slowking|57/100 brn|[from] brn
|upkeep
|turn|28
|
|t:|1758312877
|switch|p2a: Helcat|Dragapult, M, shiny|100/100
|move|p1a: Slowking|Sludge Bomb|p2a: Helcat
|-resisted|p2a: Helcat
|-damage|p2a: Helcat|77/100
|-status|p2a: Helcat|psn
|
|-damage|p2a: Helcat|65/100 psn|[from] psn
|-damage|p1a: Slowking|51/100 brn|[from] brn
|upkeep
|turn|29
|
|t:|1758312895
|move|p2a: Helcat|Shadow Ball|p1a: Slowking
|-supereffective|p1a: Slowking
|-damage|p1a: Slowking|9/100 brn
|move|p1a: Slowking|Psyshock|p2a: Helcat
|-damage|p2a: Helcat|24/100 psn
|
|-damage|p2a: Helcat|12/100 psn|[from] psn
|-damage|p1a: Slowking|3/100 brn|[from] brn
|upkeep
|turn|30
|
|t:|1758312910
|move|p2a: Helcat|Shadow Ball|p1a: Slowking
|-supereffective|p1a: Slowking
|-damage|p1a: Slowking|0 fnt
|faint|p1a: Slowking
|
|-damage|p2a: Helcat|0 fnt|[from] psn
|faint|p2a: Helcat
|upkeep
|
|t:|1758312921
|switch|p2a: FierBird|Moltres|100/100
|switch|p1a: Dragapult|Dragapult, M|100/100
|turn|31
|
|t:|1758312931
|move|p1a: Dragapult|Dragon Darts|p2a: FierBird
|-damage|p2a: FierBird|70/100
|-anim|p1a: Dragapult|Dragon Darts|p2a: FierBird
|-damage|p2a: FierBird|41/100
|move|p2a: FierBird|Scorching Sands|p1a: Dragapult
|-damage|p1a: Dragapult|75/100
|
|upkeep
|turn|32
|
|t:|1758312937
|move|p1a: Dragapult|Dragon Darts|p2a: FierBird
|-damage|p2a: FierBird|13/100
|-anim|p1a: Dragapult|Dragon Darts|p2a: FierBird
|-damage|p2a: FierBird|0 fnt
|faint|p2a: FierBird
|
|upkeep
|
|t:|1758312942
|switch|p2a: Supra|Slowking-Galar, M|63/100
|turn|33
|
|t:|1758312948
|move|p1a: Dragapult|Dragon Darts|p2a: Supra
|-damage|p2a: Supra|22/100
|-anim|p1a: Dragapult|Dragon Darts|p2a: Supra
|-damage|p2a: Supra|0 fnt
|faint|p2a: Supra
|
|upkeep
|
|t:|1758312951
|switch|p2a: Mustang|Ogerpon-Wellspring-Tera, F, tera:Water|39/100
|-ability|p2a: Mustang|Embody Aspect (Wellspring)|boost
|-boost|p2a: Mustang|spd|1
|turn|34
|
|t:|1758312953
|move|p1a: Dragapult|Dragon Darts|p2a: Mustang
|-damage|p2a: Mustang|0 fnt
|faint|p2a: Mustang
|detailschange|p2: Mustang|Ogerpon-Wellspring, F|[silent]
|
|win|ultimategoogolplex
|raw|ultimategoogolplex's rating: 1493 &rarr; <strong>1513</strong><br />(+20 for winning)
|raw|Chrille-1's rating: 1501 &rarr; <strong>1481</strong><br />(-20 for losing)
