|j|☆Flapjack Hero
|j|☆ur doggo
|t:|1758341416
|gametype|singles
|player|p1|Flapjack Hero|169|1534
|player|p2|ur doggo|169|1650
|gen|9
|tier|[Gen 9] OU
|rated|
|rule|HP Percentage Mod: HP is shown in percentages
|rule|Endless Battle Clause: Forcing endless battles is banned
|rule|Species Clause: Limit one of each Pokémon
|rule|OHKO Clause: OHKO moves are banned
|rule|Evasion Items Clause: Evasion items are banned
|rule|Evasion Moves Clause: Evasion moves are banned
|rule|Evasion Abilities Clause: Evasion abilities are banned
|rule|Sleep Moves Clause: Sleep-inducing moves are banned
|clearpoke
|poke|p1|Great Tusk|
|poke|p1|Ceruledge, F|
|poke|p1|Hatterene, F|
|poke|p1|Ninetales, M|
|poke|p1|Venusaur, F|
|poke|p1|Walking Wake|
|poke|p2|Pelipper, F|
|poke|p2|Hatterene, F|
|poke|p2|Iron Treads|
|poke|p2|Toxicroak, F|
|poke|p2|Barraskewda, F|
|poke|p2|Zapdos|
|teampreview
|
|t:|1758341442
|teamsize|p1|6
|teamsize|p2|6
|start
|switch|p1a: Walking Wake|Walking Wake|100/100
|switch|p2a: Barraskewda|Barraskewda, F|100/100
|turn|1
|
|t:|1758341447
|move|p2a: Barraskewda|Flip Turn|p1a: Walking Wake
|-resisted|p1a: Walking Wake
|-damage|p1a: Walking Wake|87/100
|
|t:|1758341457
|switch|p2a: Hatterene|Hatterene, F|100/100|[from] Flip Turn
|move|p1a: Walking Wake|Draco Meteor|p2a: Hatterene
|-immune|p2a: Hatterene
|
|upkeep
|turn|2
|
|t:|1758341463
|-end|p1a: Walking Wake|Protosynthesis|[silent]
|switch|p1a: Ninetales|Ninetales, M|100/100
|-weather|SunnyDay|[from] ability: Drought|[of] p1a: Ninetales
|move|p2a: Hatterene|Nuzzle|p1a: Ninetales
|-damage|p1a: Ninetales|96/100
|-status|p1a: Ninetales|par
|
|-weather|SunnyDay|[upkeep]
|upkeep
|turn|3
|
|t:|1758341470
|switch|p1a: Walking Wake|Walking Wake|87/100
|-activate|p1a: Walking Wake|ability: Protosynthesis
|-start|p1a: Walking Wake|protosynthesisspa
|switch|p2a: Pelipper|Pelipper, F|100/100
|-weather|RainDance|[from] ability: Drizzle|[of] p2a: Pelipper
|-end|p1a: Walking Wake|Protosynthesis
|
|-weather|RainDance|[upkeep]
|upkeep
|turn|4
|
|t:|1758341473
|switch|p2a: Toxicroak|Toxicroak, F|100/100
|move|p1a: Walking Wake|Hydro Steam|p2a: Toxicroak
|-immune|p2a: Toxicroak|[from] ability: Dry Skin
|
|-weather|RainDance|[upkeep]
|upkeep
|turn|5
|
|t:|1758341483
|-end|p1a: Walking Wake|Protosynthesis|[silent]
|switch|p1a: Ninetales|Ninetales, M|96/100 par
|-weather|SunnyDay|[from] ability: Drought|[of] p1a: Ninetales
|move|p2a: Toxicroak|Knock Off|p1a: Ninetales
|-damage|p1a: Ninetales|68/100 par
|-enditem|p1a: Ninetales|Heat Rock|[from] move: Knock Off|[of] p2a: Toxicroak
|
|-weather|SunnyDay|[upkeep]
|-damage|p2a: Toxicroak|88/100|[from] ability: Dry Skin|[of] p2a: Toxicroak
|upkeep
|turn|6
|
|t:|1758341491
|switch|p2a: Pelipper|Pelipper, F|100/100
|-weather|RainDance|[from] ability: Drizzle|[of] p2a: Pelipper
|switch|p1a: Hatterene|Hatterene, F|100/100
|
|-weather|RainDance|[upkeep]
|upkeep
|turn|7
|
|t:|1758341495
|switch|p1a: Ninetales|Ninetales, M|68/100 par
|-weather|SunnyDay|[from] ability: Drought|[of] p1a: Ninetales
|move|p2a: Pelipper|Hurricane|p1a: Ninetales
|-damage|p1a: Ninetales|30/100 par
|
|-weather|SunnyDay|[upkeep]
|upkeep
|turn|8
|
|t:|1758341506
|switch|p1a: Walking Wake|Walking Wake|87/100
|-activate|p1a: Walking Wake|ability: Protosynthesis
|-start|p1a: Walking Wake|protosynthesisspa
|move|p2a: Pelipper|Knock Off|p1a: Walking Wake
|-damage|p1a: Walking Wake|74/100
|-enditem|p1a: Walking Wake|Choice Specs|[from] move: Knock Off|[of] p2a: Pelipper
|
|-weather|SunnyDay|[upkeep]
|upkeep
|turn|9
|
|t:|1758341510
|switch|p2a: Hatterene|Hatterene, F|100/100
|move|p1a: Walking Wake|Hydro Steam|p2a: Hatterene
|-damage|p2a: Hatterene|7/100
|-enditem|p2a: Hatterene|Eject Button
|
|t:|1758341518
|switch|p2a: Barraskewda|Barraskewda, F|100/100
|
|-weather|SunnyDay|[upkeep]
|upkeep
|turn|10
|
|t:|1758341525
|move|p2a: Barraskewda|Close Combat|p1a: Walking Wake
|-damage|p1a: Walking Wake|4/100
|-unboost|p2a: Barraskewda|def|1
|-unboost|p2a: Barraskewda|spd|1
|move|p1a: Walking Wake|Dragon Pulse|p2a: Barraskewda
|-damage|p2a: Barraskewda|0 fnt
|faint|p2a: Barraskewda
|
|-weather|SunnyDay|[upkeep]
|upkeep
|
|t:|1758341535
|switch|p2a: Zapdos|Zapdos|100/100
|turn|11
|
|t:|1758341541
|move|p2a: Zapdos|Volt Switch|p1a: Walking Wake
|-damage|p1a: Walking Wake|0 fnt
|faint|p1a: Walking Wake
|-end|p1a: Walking Wake|Protosynthesis|[silent]
|
|t:|1758341548
|switch|p2a: Hatterene|Hatterene, F|7/100|[from] Volt Switch
|
|-weather|none
|upkeep
|
|t:|1758341554
|switch|p1a: Venusaur|Venusaur, F|100/100
|turn|12
|
|t:|1758341561
|switch|p2a: Iron Treads|Iron Treads|100/100
|move|p1a: Venusaur|Giga Drain|p2a: Iron Treads
|-damage|p2a: Iron Treads|64/100
|-damage|p1a: Venusaur|91/100|[from] item: Life Orb
|
|-heal|p2a: Iron Treads|70/100|[from] item: Leftovers
|upkeep
|turn|13
|
|t:|1758341567
|switch|p1a: Great Tusk|Great Tusk|100/100
|move|p2a: Iron Treads|Earthquake|p1a: Great Tusk
|-damage|p1a: Great Tusk|76/100
|
|-heal|p2a: Iron Treads|76/100|[from] item: Leftovers
|upkeep
|turn|14
|
|t:|1758341575
|-end|p2a: Iron Treads|Quark Drive|[silent]
|switch|p2a: Hatterene|Hatterene, F|7/100
|move|p1a: Great Tusk|Stealth Rock|p2a: Hatterene
|move|p2a: Hatterene|Stealth Rock|p1a: Great Tusk|[from] ability: Magic Bounce
|-sidestart|p1: Flapjack Hero|move: Stealth Rock
|
|upkeep
|turn|15
|
|t:|1758341581
|move|p1a: Great Tusk|Rapid Spin|p2a: Hatterene
|-damage|p2a: Hatterene|0 fnt
|-boost|p1a: Great Tusk|spe|1
|-sideend|p1: Flapjack Hero|Stealth Rock|[from] move: Rapid Spin|[of] p1a: Great Tusk
|faint|p2a: Hatterene
|
|upkeep
|
|t:|1758341590
|switch|p2a: Pelipper|Pelipper, F|100/100
|-weather|RainDance|[from] ability: Drizzle|[of] p2a: Pelipper
|turn|16
|
|t:|1758341593
|-end|p1a: Great Tusk|Protosynthesis|[silent]
|switch|p1a: Ninetales|Ninetales, M|30/100 par
|-weather|SunnyDay|[from] ability: Drought|[of] p1a: Ninetales
|move|p2a: Pelipper|Hurricane|p1a: Ninetales|[miss]
|-miss|p2a: Pelipper|p1a: Ninetales
|
|-weather|SunnyDay|[upkeep]
|upkeep
|turn|17
|
|t:|1758341600
|switch|p1a: Hatterene|Hatterene, F|100/100
|move|p2a: Pelipper|U-turn|p1a: Hatterene
|-damage|p1a: Hatterene|92/100
|-enditem|p1a: Hatterene|Eject Button
|
|t:|1758341606
|switch|p1a: Venusaur|Venusaur, F|91/100
|
|-weather|SunnyDay|[upkeep]
|upkeep
|turn|18
|-message|ur doggo forfeited.
|
|win|Flapjack Hero
|raw|Flapjack Hero's rating: 1534 &rarr; <strong>1560</strong><br />(+26 for winning)
|raw|ur doggo's rating: 1650 &rarr; <strong>1624</strong><br />(-26 for losing)
|l|☆ur doggo
|player|p2|
|l|☆Flapjack Hero
|player|p1|
