|j|☆Imbadatmyjob
|j|☆Emicrackers
|t:|1758255688
|gametype|singles
|player|p1|Imbadatmyjob|pokekid|1119
|player|p2|Emicrackers|will|1082
|gen|9
|tier|[Gen 9] OU
|rated|
|rule|HP Percentage Mod: HP is shown in percentages
|rule|Endless Battle Clause: Forcing endless battles is banned
|rule|Species Clause: Limit one of each Pokémon
|rule|OHKO Clause: OHKO moves are banned
|rule|Evasion Items Clause: Evasion items are banned
|rule|Evasion Moves Clause: Evasion moves are banned
|rule|Evasion Abilities Clause: Evasion abilities are banned
|rule|Sleep Moves Clause: Sleep-inducing moves are banned
|clearpoke
|poke|p1|Pikachu-Kalos, M|
|poke|p1|Greninja-*, F|
|poke|p1|Hawlucha, F|
|poke|p1|Noivern, M|
|poke|p1|Talonflame, F|
|poke|p1|Goodra, F|
|poke|p2|Gengar, F|
|poke|p2|Sylveon, F|
|poke|p2|Dragapult, F|
|poke|p2|Zoroark-Hisui, F|
|poke|p2|Umbreon, F|
|poke|p2|Braviary-Hisui, M|
|teampreview
|inactive|Battle timer is ON: inactive players will automatically lose when time's up. (requested by Imbadatmyjob)
|
|t:|1758255696
|teamsize|p1|6
|teamsize|p2|6
|start
|switch|p1a: Noivern|Noivern, M|100/100
|switch|p2a: Braviary|Braviary-Hisui, M, shiny|100/100
|turn|1
|c|☆Emicrackers|is that ashes kalos team :)
|
|t:|1758255715
|move|p1a: Noivern|Hurricane|p2a: Braviary
|-damage|p2a: Braviary|20/100
|move|p2a: Braviary|Esper Wing|p1a: Noivern
|-crit|p1a: Noivern
|-damage|p1a: Noivern|22/100
|-boost|p2a: Braviary|spe|1
|
|upkeep
|turn|2
|
|t:|1758255726
|move|p1a: Noivern|Hurricane|p2a: Braviary
|-damage|p2a: Braviary|0 fnt
|faint|p2a: Braviary
|
|upkeep
|
|t:|1758255732
|switch|p2a: Sylveon|Sylveon, F, shiny|100/100
|turn|3
|
|t:|1758255738
|move|p2a: Sylveon|Quick Attack|p1a: Noivern
|-supereffective|p1a: Noivern
|-damage|p1a: Noivern|0 fnt
|faint|p1a: Noivern
|
|upkeep
|
|t:|1758255741
|switch|p1a: Talonflame|Talonflame, F|100/100
|turn|4
|
|t:|1758255749
|switch|p2a: Gengar|Gengar, F|100/100
|move|p1a: Talonflame|Brave Bird|p2a: Gengar
|-damage|p2a: Gengar|15/100
|-start|p1a: Talonflame|Disable|Brave Bird|[from] ability: Cursed Body|[of] p2a: Gengar
|-damage|p1a: Talonflame|76/100|[from] Recoil
|
|upkeep
|turn|5
|
|t:|1758255759
|move|p1a: Talonflame|Dual Wingbeat|p2a: Gengar
|-crit|p2a: Gengar
|-damage|p2a: Gengar|0 fnt
|faint|p2a: Gengar
|-hitcount|p2: Gengar|1
|
|upkeep
|
|t:|1758255765
|switch|p2a: Dragapult|Dragapult, F|100/100
|turn|6
|
|t:|1758255775
|switch|p1a: Goodra|Goodra, F|100/100
|move|p2a: Dragapult|Surf|p1a: Goodra
|-resisted|p1a: Goodra
|-damage|p1a: Goodra|96/100
|
|upkeep
|turn|7
|
|t:|1758255782
|move|p2a: Dragapult|Dragon Darts|p1a: Goodra
|-supereffective|p1a: Goodra
|-damage|p1a: Goodra|33/100
|-anim|p2a: Dragapult|Dragon Darts|p1a: Goodra
|-supereffective|p1a: Goodra
|-damage|p1a: Goodra|0 fnt
|faint|p1a: Goodra
|
|upkeep
|
|t:|1758255788
|switch|p1a: Greninja|Greninja, F|100/100
|turn|8
|
|t:|1758255796
|move|p2a: Dragapult|U-turn|p1a: Greninja
|-supereffective|p1a: Greninja
|-damage|p1a: Greninja|16/100
|
|t:|1758255799
|switch|p2a: Sylveon|Sylveon, F, shiny|100/100|[from] U-turn
|move|p1a: Greninja|Dark Pulse|p2a: Sylveon
|-start|p1a: Greninja|typechange|Dark|[from] ability: Protean
|-resisted|p2a: Sylveon
|-damage|p2a: Sylveon|90/100
|-damage|p1a: Greninja|6/100|[from] item: Life Orb
|
|upkeep
|turn|9
|
|t:|1758255808
|switch|p1a: Talonflame|Talonflame, F|76/100
|move|p2a: Sylveon|Quick Attack|p1a: Talonflame
|-resisted|p1a: Talonflame
|-damage|p1a: Talonflame|67/100
|
|upkeep
|turn|10
|
|t:|1758255814
|move|p1a: Talonflame|Roost|p1a: Talonflame
|-heal|p1a: Talonflame|100/100
|-singleturn|p1a: Talonflame|move: Roost
|move|p2a: Sylveon|Moonblast|p1a: Talonflame
|-resisted|p1a: Talonflame
|-damage|p1a: Talonflame|62/100
|
|upkeep
|turn|11
|
|t:|1758255821
|move|p1a: Talonflame|Dual Wingbeat|p2a: Sylveon
|-damage|p2a: Sylveon|70/100
|-damage|p2a: Sylveon|53/100
|-hitcount|p2a: Sylveon|2
|move|p2a: Sylveon|Psyshock|p1a: Talonflame
|-damage|p1a: Talonflame|22/100
|
|upkeep
|turn|12
|
|t:|1758255831
|move|p1a: Talonflame|Roost|p1a: Talonflame
|-heal|p1a: Talonflame|73/100
|-singleturn|p1a: Talonflame|move: Roost
|move|p2a: Sylveon|Moonblast|p1a: Talonflame
|-resisted|p1a: Talonflame
|-damage|p1a: Talonflame|38/100
|-unboost|p1a: Talonflame|spa|1
|
|upkeep
|turn|13
|
|t:|1758255839
|switch|p1a: Pikachu|Pikachu-Kalos, M|100/100
|move|p2a: Sylveon|Moonblast|p1a: Pikachu
|-crit|p1a: Pikachu
|-damage|p1a: Pikachu|0 fnt
|faint|p1a: Pikachu
|
|upkeep
|
|t:|1758255849
|switch|p1a: Hawlucha|Hawlucha, F|100/100
|turn|14
|
|t:|1758255854
|-terastallize|p1a: Hawlucha|Flying
|move|p1a: Hawlucha|Swords Dance|p1a: Hawlucha
|-boost|p1a: Hawlucha|atk|2
|move|p2a: Sylveon|Moonblast|p1a: Hawlucha
|-damage|p1a: Hawlucha|26/100
|-unboost|p1a: Hawlucha|spa|1
|-enditem|p1a: Hawlucha|White Herb
|-clearnegativeboost|p1a: Hawlucha|[silent]
|
|upkeep
|turn|15
|
|t:|1758255864
|move|p2a: Sylveon|Quick Attack|p1a: Hawlucha
|-damage|p1a: Hawlucha|10/100
|move|p1a: Hawlucha|Acrobatics|p2a: Sylveon
|-damage|p2a: Sylveon|0 fnt
|faint|p2a: Sylveon
|
|upkeep
|
|t:|1758255871
|switch|p2a: Dragapult|Dragapult, F|100/100
|turn|16
|
|t:|1758255876
|move|p1a: Hawlucha|Acrobatics|p2a: Dragapult
|-damage|p2a: Dragapult|0 fnt
|replace|p2a: Zoroark|Zoroark-Hisui, F, shiny
|-end|p2a: Zoroark|Illusion
|faint|p2a: Zoroark
|
|upkeep
|
|t:|1758255883
|switch|p2a: Umbreon|Umbreon, F, shiny|100/100
|turn|17
|
|t:|1758255892
|-terastallize|p2a: Umbreon|Steel
|move|p1a: Hawlucha|Close Combat|p2a: Umbreon
|-supereffective|p2a: Umbreon
|-damage|p2a: Umbreon|0 fnt
|-unboost|p1a: Hawlucha|def|1
|-unboost|p1a: Hawlucha|spd|1
|faint|p2a: Umbreon
|
|upkeep
|
|t:|1758255900
|switch|p2a: Dragapult|Dragapult, F|100/100
|turn|18
|
|t:|1758255903
|move|p1a: Hawlucha|Acrobatics|p2a: Dragapult
|-damage|p2a: Dragapult|0 fnt
|-damage|p1a: Hawlucha|0 fnt|[from] item: Rocky Helmet|[of] p2a: Dragapult
|faint|p2a: Dragapult
|faint|p1a: Hawlucha
|
|win|Imbadatmyjob
|raw|Imbadatmyjob's rating: 1119 &rarr; <strong>1141</strong><br />(+22 for winning)
|raw|Emicrackers's rating: 1082 &rarr; <strong>1062</strong><br />(-20 for losing)
|l|☆Imbadatmyjob
|player|p1|
|c|☆Emicrackers|gg
|l|☆Emicrackers
|player|p2|
