|j|☆Modgrols
|j|☆renzo6534
|t:|1758234226
|gametype|singles
|player|p1|Modgrols|scientist-gen4dp|1195
|player|p2|renzo6534|101|1162
|gen|9
|tier|[Gen 9] OU
|rated|
|rule|HP Percentage Mod: HP is shown in percentages
|rule|Endless Battle Clause: Forcing endless battles is banned
|rule|Species Clause: Limit one of each Pokémon
|rule|OHKO Clause: OHKO moves are banned
|rule|Evasion Items Clause: Evasion items are banned
|rule|Evasion Moves Clause: Evasion moves are banned
|rule|Evasion Abilities Clause: Evasion abilities are banned
|rule|Sleep Moves Clause: Sleep-inducing moves are banned
|clearpoke
|poke|p1|Electrode-Hisui|
|poke|p1|Gallade, M|
|poke|p1|Slowking-Galar, F|
|poke|p1|Alomomola, M|
|poke|p1|Great Tusk|
|poke|p1|Landorus-Therian, M|
|poke|p2|Braviary-Hisui, M|
|poke|p2|Scrafty, M|
|poke|p2|Ogerpon-Wellspring, F|
|poke|p2|Landorus-Therian, M|
|poke|p2|Iron Treads|
|poke|p2|Blaziken, M|
|teampreview
|inactive|Battle timer is ON: inactive players will automatically lose when time's up. (requested by renzo6534)
|
|t:|1758234234
|teamsize|p1|6
|teamsize|p2|6
|start
|switch|p1a: Electrode|Electrode-Hisui, shiny|100/100
|switch|p2a: Landorus|Landorus-Therian, M|100/100
|-ability|p2a: Landorus|Intimidate|boost
|-unboost|p1a: Electrode|atk|1
|turn|1
|
|t:|1758234253
|move|p1a: Electrode|Chloroblast|p2a: Landorus
|-damage|p2a: Landorus|0 fnt
|faint|p2a: Landorus
|-damage|p1a: Electrode|50/100|[from] Recoil
|
|upkeep
|
|t:|1758234269
|switch|p2a: Blaziken|Blaziken, M|100/100
|turn|2
|
|t:|1758234274
|switch|p1a: Landorus|Landorus-Therian, M|100/100
|-ability|p1a: Landorus|Intimidate|boost
|-unboost|p2a: Blaziken|atk|1
|move|p2a: Blaziken|Focus Energy|p2a: Blaziken
|-start|p2a: Blaziken|move: Focus Energy
|
|-ability|p2a: Blaziken|Speed Boost|boost
|-boost|p2a: Blaziken|spe|1
|upkeep
|turn|3
|
|t:|1758234285
|-terastallize|p2a: Blaziken|Fire
|-terastallize|p1a: Landorus|Water
|move|p2a: Blaziken|Overheat|p1a: Landorus
|-resisted|p1a: Landorus
|-crit|p1a: Landorus
|-damage|p1a: Landorus|39/100
|-unboost|p2a: Blaziken|spa|2
|move|p1a: Landorus|Earthquake|p2a: Blaziken
|-supereffective|p2a: Blaziken
|-damage|p2a: Blaziken|0 fnt
|faint|p2a: Blaziken
|
|upkeep
|
|t:|1758234295
|switch|p2a: Ogerpon|Ogerpon-Wellspring, F|100/100
|turn|4
|
|t:|1758234307
|move|p2a: Ogerpon|Swords Dance|p2a: Ogerpon
|-boost|p2a: Ogerpon|atk|2
|move|p1a: Landorus|U-turn|p2a: Ogerpon
|-supereffective|p2a: Ogerpon
|-damage|p2a: Ogerpon|46/100
|c|☆Modgrols|Gg
|
|t:|1758234316
|switch|p1a: Electrode|Electrode-Hisui, shiny|50/100|[from] U-turn
|
|upkeep
|turn|5
|
|t:|1758234332
|move|p1a: Electrode|Leaf Storm|p2a: Ogerpon
|-damage|p2a: Ogerpon|0 fnt
|-unboost|p1a: Electrode|spa|2
|faint|p2a: Ogerpon
|
|upkeep
|
|t:|1758234336
|switch|p2a: Braviary|Braviary-Hisui, M|100/100
|turn|6
|
|t:|1758234340
|switch|p1a: Slowking|Slowking-Galar, F|100/100
|move|p2a: Braviary|Calm Mind|p2a: Braviary
|-boost|p2a: Braviary|spa|1
|-boost|p2a: Braviary|spd|1
|
|upkeep
|turn|7
|
|t:|1758234347
|move|p2a: Braviary|Esper Wing|p1a: Slowking
|-damage|p1a: Slowking|55/100
|-boost|p2a: Braviary|spe|1
|-damage|p2a: Braviary|91/100|[from] item: Life Orb
|move|p1a: Slowking|Toxic|p2a: Braviary
|-status|p2a: Braviary|tox
|
|-damage|p2a: Braviary|84/100 tox|[from] psn
|upkeep
|turn|8
|
|t:|1758234360
|move|p2a: Braviary|Esper Wing|p1a: Slowking
|-damage|p1a: Slowking|6/100
|-boost|p2a: Braviary|spe|1
|-damage|p2a: Braviary|75/100 tox|[from] item: Life Orb
|move|p1a: Slowking|Sludge Bomb|p2a: Braviary
|-damage|p2a: Braviary|45/100 tox
|
|-damage|p2a: Braviary|33/100 tox|[from] psn
|upkeep
|turn|9
|
|t:|1758234374
|switch|p1a: Landorus|Landorus-Therian, M, tera:Water|39/100
|-ability|p1a: Landorus|Intimidate|boost
|-unboost|p2a: Braviary|atk|1
|move|p2a: Braviary|Esper Wing|p1a: Landorus
|-damage|p1a: Landorus|0 fnt
|-boost|p2a: Braviary|spe|1
|faint|p1a: Landorus
|-damage|p2a: Braviary|23/100 tox|[from] item: Life Orb
|
|-damage|p2a: Braviary|4/100 tox|[from] psn
|upkeep
|
|t:|1758234387
|switch|p1a: Slowking|Slowking-Galar, F|39/100
|turn|10
|
|t:|1758234390
|move|p2a: Braviary|Esper Wing|p1a: Slowking
|-damage|p1a: Slowking|0 fnt
|-boost|p2a: Braviary|spe|1
|faint|p1a: Slowking
|-damage|p2a: Braviary|0 fnt|[from] item: Life Orb
|faint|p2a: Braviary
|
|upkeep
|
|t:|1758234399
|switch|p2a: Scrafty|Scrafty, M|100/100
|switch|p1a: Electrode|Electrode-Hisui, shiny|50/100
|-ability|p2a: Scrafty|Intimidate|boost
|-unboost|p1a: Electrode|atk|1
|turn|11
|
|t:|1758234407
|switch|p2a: Iron Treads|Iron Treads|100/100
|move|p1a: Electrode|Leaf Storm|p2a: Iron Treads
|-damage|p2a: Iron Treads|4/100
|-unboost|p1a: Electrode|spa|2
|
|-heal|p2a: Iron Treads|10/100|[from] item: Leftovers
|upkeep
|turn|12
|
|t:|1758234417
|switch|p1a: Alomomola|Alomomola, M, shiny|100/100
|move|p2a: Iron Treads|Earthquake|p1a: Alomomola
|-damage|p1a: Alomomola|74/100
|
|-heal|p2a: Iron Treads|16/100|[from] item: Leftovers
|upkeep
|turn|13
|
|t:|1758234428
|move|p2a: Iron Treads|Supercell Slam|p1a: Alomomola
|-supereffective|p1a: Alomomola
|-damage|p1a: Alomomola|39/100
|move|p1a: Alomomola|Flip Turn|p2a: Iron Treads
|-supereffective|p2a: Iron Treads
|-damage|p2a: Iron Treads|0 fnt
|faint|p2a: Iron Treads
|-end|p2a: Iron Treads|Quark Drive|[silent]
|
|t:|1758234436
|switch|p1a: Gallade|Gallade, M, shiny|100/100|[from] Flip Turn
|
|upkeep
|
|t:|1758234439
|switch|p2a: Scrafty|Scrafty, M|100/100
|-ability|p2a: Scrafty|Intimidate|boost
|-unboost|p1a: Gallade|atk|1
|turn|14
|
|t:|1758234445
|move|p1a: Gallade|Sacred Sword|p2a: Scrafty
|-supereffective|p2a: Scrafty
|-damage|p2a: Scrafty|0 fnt
|faint|p2a: Scrafty
|
|win|Modgrols
|raw|Modgrols's rating: 1195 &rarr; <strong>1218</strong><br />(+23 for winning)
|raw|renzo6534's rating: 1162 &rarr; <strong>1139</strong><br />(-23 for losing)
|l|☆renzo6534
|player|p2|
