|j|☆IzzyFl0
|j|☆AzureNoire
|t:|1758256763
|gametype|singles
|player|p1|IzzyFl0|unknown|1333
|player|p2|AzureNoire|101|1419
|gen|9
|tier|[Gen 9] OU
|rated|
|rule|HP Percentage Mod: HP is shown in percentages
|rule|Endless Battle Clause: Forcing endless battles is banned
|rule|Species Clause: Limit one of each Pokémon
|rule|OHKO Clause: OHKO moves are banned
|rule|Evasion Items Clause: Evasion items are banned
|rule|Evasion Moves Clause: Evasion moves are banned
|rule|Evasion Abilities Clause: Evasion abilities are banned
|rule|Sleep Moves Clause: Sleep-inducing moves are banned
|clearpoke
|poke|p1|Crawdaunt, M|
|poke|p1|Latios, M|
|poke|p1|Zamazenta-*|
|poke|p1|Landorus-Therian, M|
|poke|p1|Ting-Lu|
|poke|p1|Gholdengo|
|poke|p2|Mandibuzz, F|
|poke|p2|Armarouge, F|
|poke|p2|Blaziken, F|
|poke|p2|Lokix, F|
|poke|p2|Hatterene, F|
|poke|p2|Lapras, M|
|teampreview
|inactive|Battle timer is ON: inactive players will automatically lose when time's up. (requested by AzureNoire)
|inactive|IzzyFl0 has 120 seconds left.
|
|t:|1758256795
|teamsize|p1|6
|teamsize|p2|6
|start
|switch|p1a: Latios|Latios, M|100/100
|switch|p2a: Mandibuzz|Mandibuzz, F|100/100
|turn|1
|
|t:|1758256812
|move|p1a: Latios|Trick|p2a: Mandibuzz
|-activate|p1a: Latios|move: Trick|[of] p2a: Mandibuzz
|-item|p2a: Mandibuzz|Choice Scarf|[from] move: Trick
|-item|p1a: Latios|Leftovers|[from] move: Trick
|move|p2a: Mandibuzz|Foul Play|p1a: Latios
|-supereffective|p1a: Latios
|-damage|p1a: Latios|35/100
|
|-heal|p1a: Latios|41/100|[from] item: Leftovers
|upkeep
|turn|2
|
|t:|1758256831
|switch|p1a: Landorus|Landorus-Therian, M|100/100
|-ability|p1a: Landorus|Intimidate|boost
|-unboost|p2a: Mandibuzz|atk|1
|move|p2a: Mandibuzz|Foul Play|p1a: Landorus
|-damage|p1a: Landorus|61/100
|-damage|p2a: Mandibuzz|84/100|[from] item: Rocky Helmet|[of] p1a: Landorus
|
|upkeep
|turn|3
|
|t:|1758256841
|move|p1a: Landorus|Stealth Rock|p2a: Mandibuzz
|-sidestart|p2: AzureNoire|move: Stealth Rock
|move|p2a: Mandibuzz|Foul Play|p1a: Landorus
|-damage|p1a: Landorus|23/100
|-damage|p2a: Mandibuzz|68/100|[from] item: Rocky Helmet|[of] p1a: Landorus
|
|upkeep
|turn|4
|
|t:|1758256848
|move|p1a: Landorus|U-turn|p2a: Mandibuzz
|-damage|p2a: Mandibuzz|54/100
|
|t:|1758256856
|switch|p1a: Ting-Lu|Ting-Lu|100/100|[from] U-turn
|-ability|p1a: Ting-Lu|Vessel of Ruin
|move|p2a: Mandibuzz|Foul Play|p1a: Ting-Lu
|-resisted|p1a: Ting-Lu
|-damage|p1a: Ting-Lu|91/100
|
|-heal|p1a: Ting-Lu|97/100|[from] item: Leftovers
|upkeep
|turn|5
|
|t:|1758256875
|switch|p2a: Hatterene|Hatterene, F|100/100
|-damage|p2a: Hatterene|88/100|[from] Stealth Rock
|move|p1a: Ting-Lu|Ruination|p2a: Hatterene
|-damage|p2a: Hatterene|44/100
|
|-heal|p1a: Ting-Lu|100/100|[from] item: Leftovers
|upkeep
|turn|6
|
|t:|1758256891
|switch|p1a: Landorus|Landorus-Therian, M|23/100
|-ability|p1a: Landorus|Intimidate|boost
|-unboost|p2a: Hatterene|atk|1
|move|p2a: Hatterene|Draining Kiss|p1a: Landorus
|-damage|p1a: Landorus|0 fnt
|-heal|p2a: Hatterene|68/100|[from] drain|[of] p1a: Landorus
|-damage|p2a: Hatterene|52/100|[from] item: Rocky Helmet|[of] p1a: Landorus
|faint|p1a: Landorus
|
|upkeep
|inactive|IzzyFl0 has 120 seconds left.
|
|t:|1758256907
|switch|p1a: Crawdaunt|Crawdaunt, M|100/100
|turn|7
|
|t:|1758256910
|move|p1a: Crawdaunt|Knock Off|p2a: Hatterene
|-damage|p2a: Hatterene|0 fnt
|-enditem|p2a: Hatterene|Covert Cloak|[from] move: Knock Off|[of] p1a: Crawdaunt
|faint|p2a: Hatterene
|
|upkeep
|
|t:|1758256917
|switch|p2a: Lokix|Lokix, F|100/100
|-damage|p2a: Lokix|76/100|[from] Stealth Rock
|turn|8
|
|t:|1758256935
|switch|p1a: Zamazenta|Zamazenta|100/100
|-ability|p1a: Zamazenta|Dauntless Shield|boost
|-boost|p1a: Zamazenta|def|1
|move|p2a: Lokix|First Impression|p1a: Zamazenta
|-resisted|p1a: Zamazenta
|-damage|p1a: Zamazenta|71/100
|
|-heal|p1a: Zamazenta|77/100|[from] item: Leftovers
|upkeep
|turn|9
|inactive|IzzyFl0 has 120 seconds left.
|
|t:|1758256973
|switch|p1a: Latios|Latios, M|41/100
|switch|p2a: Mandibuzz|Mandibuzz, F|54/100
|-damage|p2a: Mandibuzz|29/100|[from] Stealth Rock
|
|-heal|p1a: Latios|47/100|[from] item: Leftovers
|upkeep
|turn|10
|
|t:|1758256984
|move|p1a: Latios|Draco Meteor|p2a: Mandibuzz
|-damage|p2a: Mandibuzz|0 fnt
|-unboost|p1a: Latios|spa|2
|faint|p2a: Mandibuzz
|
|-heal|p1a: Latios|53/100|[from] item: Leftovers
|upkeep
|
|t:|1758256995
|switch|p2a: Lapras|Lapras, M|100/100
|-damage|p2a: Lapras|76/100|[from] Stealth Rock
|turn|11
|inactive|IzzyFl0 has 90 seconds left.
|
|t:|1758257023
|switch|p1a: Ting-Lu|Ting-Lu|100/100
|-ability|p1a: Ting-Lu|Vessel of Ruin
|move|p2a: Lapras|Dragon Dance|p2a: Lapras
|-boost|p2a: Lapras|atk|1
|-boost|p2a: Lapras|spe|1
|
|-heal|p2a: Lapras|82/100|[from] item: Leftovers
|upkeep
|turn|12
|
|t:|1758257033
|move|p2a: Lapras|Liquidation|p1a: Ting-Lu
|-supereffective|p1a: Ting-Lu
|-damage|p1a: Ting-Lu|65/100
|move|p1a: Ting-Lu|Whirlwind|p2a: Lapras
|drag|p2a: Lokix|Lokix, F|76/100
|-damage|p2a: Lokix|51/100|[from] Stealth Rock
|
|-heal|p1a: Ting-Lu|71/100|[from] item: Leftovers
|upkeep
|turn|13
|
|t:|1758257046
|switch|p1a: Zamazenta|Zamazenta|77/100
|move|p2a: Lokix|U-turn|p1a: Zamazenta
|-resisted|p1a: Zamazenta
|-damage|p1a: Zamazenta|41/100
|
|t:|1758257051
|switch|p2a: Armarouge|Armarouge, F|100/100|[from] U-turn
|-damage|p2a: Armarouge|76/100|[from] Stealth Rock
|
|-heal|p1a: Zamazenta|47/100|[from] item: Leftovers
|upkeep
|turn|14
|inactive|IzzyFl0 has 90 seconds left.
|
|t:|1758257085
|switch|p1a: Ting-Lu|Ting-Lu|71/100
|-ability|p1a: Ting-Lu|Vessel of Ruin
|move|p2a: Armarouge|Iron Defense|p2a: Armarouge
|-boost|p2a: Armarouge|def|2
|
|-heal|p1a: Ting-Lu|78/100|[from] item: Leftovers
|upkeep
|turn|15
|
|t:|1758257094
|move|p2a: Armarouge|Calm Mind|p2a: Armarouge
|-boost|p2a: Armarouge|spa|1
|-boost|p2a: Armarouge|spd|1
|move|p1a: Ting-Lu|Whirlwind|p2a: Armarouge
|drag|p2a: Lapras|Lapras, M|82/100
|-damage|p2a: Lapras|57/100|[from] Stealth Rock
|
|-heal|p2a: Lapras|63/100|[from] item: Leftovers
|-heal|p1a: Ting-Lu|84/100|[from] item: Leftovers
|upkeep
|turn|16
|inactive|IzzyFl0 has 90 seconds left.
|
|t:|1758257128
|switch|p1a: Crawdaunt|Crawdaunt, M|100/100
|move|p2a: Lapras|Liquidation|p1a: Crawdaunt
|-resisted|p1a: Crawdaunt
|-damage|p1a: Crawdaunt|83/100
|-unboost|p1a: Crawdaunt|def|1
|
|-heal|p2a: Lapras|69/100|[from] item: Leftovers
|upkeep
|turn|17
|
|t:|1758257141
|-terastallize|p2a: Lapras|Ground
|move|p2a: Lapras|Dragon Dance|p2a: Lapras
|-boost|p2a: Lapras|atk|1
|-boost|p2a: Lapras|spe|1
|move|p1a: Crawdaunt|Knock Off|p2a: Lapras
|-damage|p2a: Lapras|0 fnt
|-enditem|p2a: Lapras|Leftovers|[from] move: Knock Off|[of] p1a: Crawdaunt
|faint|p2a: Lapras
|
|upkeep
|
|t:|1758257150
|switch|p2a: Blaziken|Blaziken, F|100/100
|-damage|p2a: Blaziken|88/100|[from] Stealth Rock
|turn|18
|
|t:|1758257157
|switch|p1a: Ting-Lu|Ting-Lu|84/100
|-ability|p1a: Ting-Lu|Vessel of Ruin
|move|p2a: Blaziken|Detect||[still]
|-fail|p2a: Blaziken
|
|-heal|p1a: Ting-Lu|90/100|[from] item: Leftovers
|-ability|p2a: Blaziken|Speed Boost|boost
|-boost|p2a: Blaziken|spe|1
|upkeep
|turn|19
|
|t:|1758257172
|move|p2a: Blaziken|Focus Energy|p2a: Blaziken
|-start|p2a: Blaziken|move: Focus Energy
|move|p1a: Ting-Lu|Earthquake|p2a: Blaziken
|-supereffective|p2a: Blaziken
|-crit|p2a: Blaziken
|-damage|p2a: Blaziken|0 fnt
|faint|p2a: Blaziken
|
|-heal|p1a: Ting-Lu|96/100|[from] item: Leftovers
|upkeep
|-message|AzureNoire forfeited.
|
|win|IzzyFl0
|raw|IzzyFl0's rating: 1333 &rarr; <strong>1358</strong><br />(+25 for winning)
|raw|AzureNoire's rating: 1419 &rarr; <strong>1394</strong><br />(-25 for losing)
|l|☆AzureNoire
|player|p2|
|l|☆IzzyFl0
|player|p1|
