|j|☆god of joe
|j|☆mio3777
|t:|1758305763
|gametype|singles
|player|p1|god of joe|fisherman|1588
|player|p2|mio3777|170|1570
|gen|9
|tier|[Gen 9] OU
|rated|
|rule|HP Percentage Mod: HP is shown in percentages
|rule|Endless Battle Clause: Forcing endless battles is banned
|rule|Species Clause: Limit one of each Pokémon
|rule|OHKO Clause: OHKO moves are banned
|rule|Evasion Items Clause: Evasion items are banned
|rule|Evasion Moves Clause: Evasion moves are banned
|rule|Evasion Abilities Clause: Evasion abilities are banned
|rule|Sleep Moves Clause: Sleep-inducing moves are banned
|clearpoke
|poke|p1|Dragapult, M|
|poke|p1|Glimmora, F|
|poke|p1|Great Tusk|
|poke|p1|Ting-Lu|
|poke|p1|Gholdengo|
|poke|p1|Moltres|
|poke|p2|Indeedee, M|
|poke|p2|Polteageist-Antique|
|poke|p2|Cinderace, M|
|poke|p2|Armarouge, F|
|poke|p2|Hawlucha, F|
|poke|p2|Hatterene, F|
|teampreview
|j| Squallskip
|inactive|Battle timer is ON: inactive players will automatically lose when time's up. (requested by mio3777)
|
|t:|1758305773
|teamsize|p1|6
|teamsize|p2|6
|start
|switch|p1a: Dragapult|Dragapult, M|100/100
|switch|p2a: Indeedee|Indeedee, M|100/100
|-fieldstart|move: Psychic Terrain|[from] ability: Psychic Surge|[of] p2a: Indeedee
|turn|1
|
|t:|1758305779
|switch|p2a: Armarouge|Armarouge, F|100/100
|move|p1a: Dragapult|U-turn|p2a: Armarouge
|-damage|p2a: Armarouge|83/100
|-ability|p2a: Armarouge|Weak Armor|boost
|-unboost|p2a: Armarouge|def|1
|-boost|p2a: Armarouge|spe|2
|
|t:|1758305782
|switch|p1a: Ting-Lu|Ting-Lu|100/100|[from] U-turn
|-ability|p1a: Ting-Lu|Vessel of Ruin
|
|upkeep
|turn|2
|
|t:|1758305790
|move|p2a: Armarouge|Destiny Bond|p2a: Armarouge
|-singlemove|p2a: Armarouge|Destiny Bond
|move|p1a: Ting-Lu|Whirlwind|p2a: Armarouge
|drag|p2a: Polteageist|Polteageist-Antique|100/100
|
|upkeep
|turn|3
|
|t:|1758305796
|switch|p2a: Hatterene|Hatterene, F|100/100
|move|p1a: Ting-Lu|Whirlwind|p2a: Hatterene
|move|p2a: Hatterene|Whirlwind|p1a: Ting-Lu|[from] ability: Magic Bounce
|drag|p1a: Great Tusk|Great Tusk|100/100
|
|upkeep
|turn|4
|
|t:|1758305808
|move|p1a: Great Tusk|Headlong Rush|p2a: Hatterene
|-damage|p2a: Hatterene|0 fnt
|-unboost|p1a: Great Tusk|def|1
|-unboost|p1a: Great Tusk|spd|1
|faint|p2a: Hatterene
|
|upkeep
|
|t:|1758305821
|switch|p2a: Armarouge|Armarouge, F|83/100
|turn|5
|
|t:|1758305827
|-end|p1a: Great Tusk|Protosynthesis|[silent]
|switch|p1a: Ting-Lu|Ting-Lu|100/100
|-ability|p1a: Ting-Lu|Vessel of Ruin
|move|p2a: Armarouge|Endure||[still]
|-fail|p2a: Armarouge
|
|upkeep
|turn|6
|
|t:|1758305835
|switch|p2a: Cinderace|Cinderace, M|100/100
|move|p1a: Ting-Lu|Spikes|p2a: Cinderace
|-sidestart|p2: mio3777|Spikes
|
|upkeep
|turn|7
|
|t:|1758305843
|switch|p1a: Glimmora|Glimmora, F|100/100
|move|p2a: Cinderace|High Jump Kick|p1a: Glimmora
|-start|p2a: Cinderace|typechange|Fighting|[from] ability: Libero
|-damage|p1a: Glimmora|39/100
|-activate|p1a: Glimmora|ability: Toxic Debris
|-sidestart|p2: mio3777|move: Toxic Spikes
|-enditem|p1a: Glimmora|Red Card|[of] p2a: Cinderace
|drag|p2a: Hawlucha|Hawlucha, F|100/100
|-enditem|p2a: Hawlucha|Psychic Seed
|-boost|p2a: Hawlucha|spd|1|[from] item: Psychic Seed
|
|upkeep
|turn|8
|
|t:|1758305854
|switch|p1a: Moltres|Moltres|100/100
|move|p2a: Hawlucha|Close Combat|p1a: Moltres
|-resisted|p1a: Moltres
|-damage|p1a: Moltres|81/100
|-unboost|p2a: Hawlucha|def|1
|-unboost|p2a: Hawlucha|spd|1
|
|-fieldend|move: Psychic Terrain
|upkeep
|turn|9
|
|t:|1758305868
|switch|p2a: Cinderace|Cinderace, M|100/100
|move|p1a: Moltres|U-turn|p2a: Cinderace
|-resisted|p2a: Cinderace
|-damage|p2a: Cinderace|92/100
|
|t:|1758305871
|switch|p1a: Dragapult|Dragapult, M|100/100|[from] U-turn
|
|upkeep
|turn|10
|
|t:|1758305876
|move|p1a: Dragapult|Draco Meteor|p2a: Cinderace
|-damage|p2a: Cinderace|0 fnt
|-unboost|p1a: Dragapult|spa|2
|faint|p2a: Cinderace
|
|upkeep
|-message|mio3777 forfeited.
|
|win|god of joe
|raw|god of joe's rating: 1588 &rarr; <strong>1607</strong><br />(+19 for winning)
|raw|mio3777's rating: 1570 &rarr; <strong>1551</strong><br />(-19 for losing)
|l|☆mio3777
|player|p2|
|l|☆god of joe
|player|p1|
