|j|☆Elialf
|j|☆Andrewtre
|t:|1758342696
|gametype|singles
|player|p1|Elialf|harlequin|1096
|player|p2|Andrewtre|unknown|1143
|gen|9
|tier|[Gen 9] OU
|rated|
|rule|HP Percentage Mod: HP is shown in percentages
|rule|Endless Battle Clause: Forcing endless battles is banned
|rule|Species Clause: Limit one of each Pokémon
|rule|OHKO Clause: OHKO moves are banned
|rule|Evasion Items Clause: Evasion items are banned
|rule|Evasion Moves Clause: Evasion moves are banned
|rule|Evasion Abilities Clause: Evasion abilities are banned
|rule|Sleep Moves Clause: Sleep-inducing moves are banned
|clearpoke
|poke|p1|Kingambit, F|
|poke|p1|Cinderace, F|
|poke|p1|Landorus-Therian, M|
|poke|p1|Iron Valiant|
|poke|p1|Kyurem|
|poke|p1|Slowking-Galar, M|
|poke|p2|Farigiraf, F|
|poke|p2|Hatterene, F|
|poke|p2|Gardevoir, M|
|poke|p2|Gengar, M|
|poke|p2|Golduck, M|
|poke|p2|Golurk|
|teampreview
|inactive|Battle timer is ON: inactive players will automatically lose when time's up. (requested by Andrewtre)
|
|t:|1758342708
|teamsize|p1|6
|teamsize|p2|6
|start
|switch|p1a: Slowking|Slowking-Galar, M, shiny|100/100
|switch|p2a: Hatterene|Hatterene, F|100/100
|turn|1
|
|t:|1758342724
|switch|p2a: Golurk|Golurk|100/100
|-prepare|p1a: Slowking|Chilly Reception|[premajor]
|move|p1a: Slowking|Chilly Reception|p1a: Slowking
|-weather|Snowscape
|
|t:|1758342730
|switch|p1a: Kyurem|Kyurem, shiny|100/100|[from] Chilly Reception
|-ability|p1a: Kyurem|Pressure
|
|-weather|Snowscape|[upkeep]
|upkeep
|turn|2
|
|t:|1758342742
|move|p1a: Kyurem|Freeze-Dry|p2a: Golurk
|-supereffective|p2a: Golurk
|-damage|p2a: Golurk|29/100
|move|p2a: Golurk|Stealth Rock|p1a: Kyurem
|-sidestart|p1: Elialf|move: Stealth Rock
|
|-weather|Snowscape|[upkeep]
|upkeep
|turn|3
|
|t:|1758342748
|move|p1a: Kyurem|Freeze-Dry|p2a: Golurk
|-supereffective|p2a: Golurk
|-damage|p2a: Golurk|0 fnt
|faint|p2a: Golurk
|
|-weather|Snowscape|[upkeep]
|upkeep
|
|t:|1758342751
|switch|p2a: Hatterene|Hatterene, F|100/100
|turn|4
|
|t:|1758342762
|-terastallize|p1a: Kyurem|Ground
|move|p1a: Kyurem|Earth Power|p2a: Hatterene
|-damage|p2a: Hatterene|49/100
|move|p2a: Hatterene|Trick Room|p2a: Hatterene
|-fieldstart|move: Trick Room|[of] p2a: Hatterene
|
|-weather|Snowscape|[upkeep]
|upkeep
|turn|5
|
|t:|1758342774
|move|p2a: Hatterene|Psychic|p1a: Kyurem
|-damage|p1a: Kyurem|48/100
|move|p1a: Kyurem|Earth Power|p2a: Hatterene
|-crit|p2a: Hatterene
|-damage|p2a: Hatterene|0 fnt
|faint|p2a: Hatterene
|
|-weather|none
|-heal|p1a: Kyurem|55/100|[from] item: Leftovers
|upkeep
|
|t:|1758342782
|switch|p2a: Farigiraf|Farigiraf, F|100/100
|turn|6
|
|t:|1758342802
|switch|p1a: Kingambit|Kingambit, F|100/100
|-damage|p1a: Kingambit|94/100|[from] Stealth Rock
|move|p2a: Farigiraf|Psychic Fangs|p1a: Kingambit
|-immune|p1a: Kingambit
|
|-heal|p1a: Kingambit|100/100|[from] item: Leftovers
|upkeep
|turn|7
|
|t:|1758342812
|-terastallize|p2a: Farigiraf|Fighting
|move|p2a: Farigiraf|Tera Blast|p1a: Kingambit|[anim] Tera Blast Fighting
|-supereffective|p1a: Kingambit
|-damage|p1a: Kingambit|0 fnt
|faint|p1a: Kingambit
|-end|p1a: Kingambit|fallenundefined|[silent]
|-damage|p2a: Farigiraf|91/100|[from] item: Life Orb
|
|upkeep
|
|t:|1758342825
|switch|p1a: Slowking|Slowking-Galar, M, shiny|100/100
|turn|8
|
|t:|1758342833
|-prepare|p1a: Slowking|Chilly Reception|[premajor]
|move|p1a: Slowking|Chilly Reception|p1a: Slowking
|-weather|Snowscape
|
|t:|1758342836
|switch|p1a: Kyurem|Kyurem, shiny, tera:Ground|55/100|[from] Chilly Reception
|-damage|p1a: Kyurem|48/100|[from] Stealth Rock
|-ability|p1a: Kyurem|Pressure
|move|p2a: Farigiraf|Twin Beam|p1a: Kyurem
|-damage|p1a: Kyurem|22/100
|-damage|p1a: Kyurem|0 fnt
|faint|p1a: Kyurem
|-hitcount|p1: Kyurem|2
|-damage|p2a: Farigiraf|81/100|[from] item: Life Orb
|
|-weather|Snowscape|[upkeep]
|-fieldend|move: Trick Room
|upkeep
|
|t:|1758342851
|switch|p1a: Iron Valiant|Iron Valiant, shiny|100/100
|-damage|p1a: Iron Valiant|94/100|[from] Stealth Rock
|-enditem|p1a: Iron Valiant|Booster Energy
|-activate|p1a: Iron Valiant|ability: Quark Drive|[fromitem]
|-start|p1a: Iron Valiant|quarkdrivespe
|turn|9
|
|t:|1758342857
|move|p1a: Iron Valiant|Moonblast|p2a: Farigiraf
|-supereffective|p2a: Farigiraf
|-damage|p2a: Farigiraf|0 fnt
|faint|p2a: Farigiraf
|
|-weather|Snowscape|[upkeep]
|upkeep
|
|t:|1758342861
|switch|p2a: Gengar|Gengar, M|100/100
|turn|10
|
|t:|1758342873
|move|p1a: Iron Valiant|Shadow Ball|p2a: Gengar
|-supereffective|p2a: Gengar
|-damage|p2a: Gengar|16/100
|move|p2a: Gengar|Sludge Wave|p1a: Iron Valiant
|-supereffective|p1a: Iron Valiant
|-damage|p1a: Iron Valiant|0 fnt
|faint|p1a: Iron Valiant
|-end|p1a: Iron Valiant|Quark Drive|[silent]
|
|-weather|Snowscape|[upkeep]
|upkeep
|
|t:|1758342882
|switch|p1a: Landorus|Landorus-Therian, M, shiny|100/100
|-damage|p1a: Landorus|88/100|[from] Stealth Rock
|-ability|p1a: Landorus|Intimidate|boost
|-unboost|p2a: Gengar|atk|1
|turn|11
|
|t:|1758342888
|move|p2a: Gengar|Shadow Ball|p1a: Landorus
|-damage|p1a: Landorus|38/100
|move|p1a: Landorus|Earthquake|p2a: Gengar
|-supereffective|p2a: Gengar
|-damage|p2a: Gengar|0 fnt
|-start|p1a: Landorus|Disable|Earthquake|[from] ability: Cursed Body|[of] p2a: Gengar
|faint|p2a: Gengar
|
|-weather|Snowscape|[upkeep]
|upkeep
|
|t:|1758342894
|switch|p2a: Golduck|Golduck, M|100/100
|turn|12
|
|t:|1758342902
|move|p1a: Landorus|U-turn|p2a: Golduck
|-damage|p2a: Golduck|67/100
|
|t:|1758342910
|switch|p1a: Slowking|Slowking-Galar, M, shiny|100/100|[from] U-turn
|move|p2a: Golduck|Rain Dance|p2a: Golduck
|-weather|RainDance
|
|-weather|RainDance|[upkeep]
|upkeep
|turn|13
|
|t:|1758342918
|move|p2a: Golduck|Surf|p1a: Slowking
|-damage|p1a: Slowking|63/100
|move|p1a: Slowking|Thunder Wave|p2a: Golduck
|-status|p2a: Golduck|par
|
|-weather|RainDance|[upkeep]
|upkeep
|turn|14
|
|t:|1758342925
|move|p2a: Golduck|Surf|p1a: Slowking
|-damage|p1a: Slowking|25/100
|move|p1a: Slowking|Psychic Noise|p2a: Golduck
|-damage|p2a: Golduck|32/100 par
|-start|p2a: Golduck|move: Heal Block
|
|-weather|RainDance|[upkeep]
|upkeep
|turn|15
|
|t:|1758342933
|cant|p2a: Golduck|par
|move|p1a: Slowking|Psychic Noise|p2a: Golduck
|-damage|p2a: Golduck|0 fnt
|faint|p2a: Golduck
|
|-weather|RainDance|[upkeep]
|upkeep
|
|t:|1758342936
|switch|p2a: Gardevoir|Gardevoir, M|100/100
|-ability|p2a: Gardevoir|Regenerator|Trace|[from] ability: Trace|[of] p1a: Slowking
|turn|16
|
|t:|1758342945
|move|p2a: Gardevoir|Psychic|p1a: Slowking
|-damage|p1a: Slowking|0 fnt
|faint|p1a: Slowking
|
|-weather|none
|upkeep
|
|t:|1758342951
|switch|p1a: Cinderace|Cinderace, F|100/100
|turn|17
|
|t:|1758342957
|move|p2a: Gardevoir|Psychic|p1a: Cinderace
|-damage|p1a: Cinderace|42/100
|move|p1a: Cinderace|Pyro Ball|p2a: Gardevoir
|-damage|p2a: Gardevoir|24/100
|
|upkeep
|turn|18
|
|t:|1758342967
|move|p2a: Gardevoir|Psychic|p1a: Cinderace
|-damage|p1a: Cinderace|0 fnt
|faint|p1a: Cinderace
|
|upkeep
|
|t:|1758342971
|switch|p1a: Landorus|Landorus-Therian, M, shiny|38/100
|-damage|p1a: Landorus|26/100|[from] Stealth Rock
|-ability|p1a: Landorus|Intimidate|boost
|-unboost|p2a: Gardevoir|atk|1
|turn|19
|
|t:|1758342976
|move|p2a: Gardevoir|Psychic|p1a: Landorus
|-damage|p1a: Landorus|0 fnt
|faint|p1a: Landorus
|
|win|Andrewtre
|raw|Elialf's rating: 1096 &rarr; <strong>1075</strong><br />(-21 for losing)
|raw|Andrewtre's rating: 1143 &rarr; <strong>1165</strong><br />(+22 for winning)
|l|☆Andrewtre
|player|p2|
|l|☆Elialf
|player|p1|
