|j|☆ICElIED
|j|☆dragapult's force
|t:|1758374752
|gametype|singles
|player|p1|ICElIED|steven|1358
|player|p2|dragapult's force|clair|1387
|gen|9
|tier|[Gen 9] OU
|rated|
|rule|HP Percentage Mod: HP is shown in percentages
|rule|Endless Battle Clause: Forcing endless battles is banned
|rule|Species Clause: Limit one of each Pokémon
|rule|OHKO Clause: OHKO moves are banned
|rule|Evasion Items Clause: Evasion items are banned
|rule|Evasion Moves Clause: Evasion moves are banned
|rule|Evasion Abilities Clause: Evasion abilities are banned
|rule|Sleep Moves Clause: Sleep-inducing moves are banned
|clearpoke
|poke|p1|Samurott-Hisui, M|
|poke|p1|Jirachi|
|poke|p1|Raikou|
|poke|p1|Iron Moth|
|poke|p1|Sinistcha-Masterpiece|
|poke|p1|Kommo-o, M|
|poke|p2|Landorus-Therian, M|
|poke|p2|Samurott-Hisui, M|
|poke|p2|Pecharunt|
|poke|p2|Scizor, F|
|poke|p2|Latios, M|
|poke|p2|Zamazenta-*|
|teampreview
|inactive|Battle timer is ON: inactive players will automatically lose when time's up. (requested by dragapult's force)
|
|t:|1758374767
|teamsize|p1|6
|teamsize|p2|6
|start
|switch|p1a: Sinistcha|Sinistcha-Masterpiece|100/100
|switch|p2a: Samurott|Samurott-Hisui, M|100/100
|turn|1
|
|t:|1758374775
|switch|p1a: Kommo-o|Kommo-o, M|100/100
|move|p2a: Samurott|Ceaseless Edge|p1a: Kommo-o
|-resisted|p1a: Kommo-o
|-damage|p1a: Kommo-o|76/100
|-sidestart|p1: ICElIED|Spikes
|
|upkeep
|turn|2
|
|t:|1758374784
|switch|p2a: Landorus|Landorus-Therian, M|100/100
|-ability|p2a: Landorus|Intimidate|boost
|-unboost|p1a: Kommo-o|atk|1
|move|p1a: Kommo-o|Drain Punch|p2a: Landorus
|-resisted|p2a: Landorus
|-damage|p2a: Landorus|90/100
|-heal|p1a: Kommo-o|83/100|[from] drain|[of] p2a: Landorus
|-damage|p1a: Kommo-o|66/100|[from] item: Rocky Helmet|[of] p2a: Landorus
|
|upkeep
|turn|3
|
|t:|1758374799
|switch|p1a: Sinistcha|Sinistcha-Masterpiece|100/100
|-damage|p1a: Sinistcha|88/100|[from] Spikes
|move|p2a: Landorus|Stealth Rock|p1a: Sinistcha
|-sidestart|p1: ICElIED|move: Stealth Rock
|
|-heal|p1a: Sinistcha|94/100|[from] item: Leftovers
|upkeep
|turn|4
|
|t:|1758374806
|move|p2a: Landorus|U-turn|p1a: Sinistcha
|-damage|p1a: Sinistcha|77/100
|
|t:|1758374810
|switch|p2a: Pecharunt|Pecharunt|100/100|[from] U-turn
|move|p1a: Sinistcha|Calm Mind|p1a: Sinistcha
|-boost|p1a: Sinistcha|spa|1
|-boost|p1a: Sinistcha|spd|1
|
|-heal|p1a: Sinistcha|83/100|[from] item: Leftovers
|upkeep
|turn|5
|
|t:|1758374818
|-terastallize|p1a: Sinistcha|Poison
|move|p2a: Pecharunt|Parting Shot|p1a: Sinistcha
|-unboost|p1a: Sinistcha|atk|1
|-unboost|p1a: Sinistcha|spa|1
|
|t:|1758374823
|switch|p2a: Samurott|Samurott-Hisui, M|100/100|[from] Parting Shot
|move|p1a: Sinistcha|Calm Mind|p1a: Sinistcha
|-boost|p1a: Sinistcha|spa|1
|-boost|p1a: Sinistcha|spd|1
|
|-heal|p1a: Sinistcha|89/100|[from] item: Leftovers
|upkeep
|turn|6
|
|t:|1758374828
|move|p2a: Samurott|Ceaseless Edge|p1a: Sinistcha
|-damage|p1a: Sinistcha|52/100
|-sidestart|p1: ICElIED|Spikes
|move|p1a: Sinistcha|Matcha Gotcha|p2a: Samurott
|-supereffective|p2a: Samurott
|-damage|p2a: Samurott|6/100
|-heal|p1a: Sinistcha|98/100|[from] drain|[of] p2a: Samurott
|
|-heal|p1a: Sinistcha|100/100|[from] item: Leftovers
|upkeep
|turn|7
|
|t:|1758374835
|move|p2a: Samurott|Knock Off|p1a: Sinistcha
|-damage|p1a: Sinistcha|67/100
|-enditem|p1a: Sinistcha|Leftovers|[from] move: Knock Off|[of] p2a: Samurott
|move|p1a: Sinistcha|Calm Mind|p1a: Sinistcha
|-boost|p1a: Sinistcha|spa|1
|-boost|p1a: Sinistcha|spd|1
|
|upkeep
|turn|8
|
|t:|1758374840
|move|p2a: Samurott|Ceaseless Edge|p1a: Sinistcha
|-damage|p1a: Sinistcha|32/100
|-sidestart|p1: ICElIED|Spikes
|move|p1a: Sinistcha|Strength Sap|p2a: Samurott
|-unboost|p2a: Samurott|atk|1
|-heal|p1a: Sinistcha|100/100
|
|upkeep
|turn|9
|
|t:|1758374847
|move|p2a: Samurott|Ceaseless Edge|p1a: Sinistcha
|-damage|p1a: Sinistcha|79/100
|move|p1a: Sinistcha|Calm Mind|p1a: Sinistcha
|-boost|p1a: Sinistcha|spa|1
|-boost|p1a: Sinistcha|spd|1
|
|upkeep
|turn|10
|
|t:|1758374852
|move|p2a: Samurott|Ceaseless Edge|p1a: Sinistcha
|-damage|p1a: Sinistcha|56/100
|move|p1a: Sinistcha|Strength Sap|p2a: Samurott
|-unboost|p2a: Samurott|atk|1
|-heal|p1a: Sinistcha|100/100
|
|upkeep
|turn|11
|
|t:|1758374857
|move|p2a: Samurott|Ceaseless Edge|p1a: Sinistcha
|-damage|p1a: Sinistcha|82/100
|move|p1a: Sinistcha|Calm Mind|p1a: Sinistcha
|-boost|p1a: Sinistcha|spa|1
|-boost|p1a: Sinistcha|spd|1
|
|upkeep
|turn|12
|j| Jinghan Yu
|l| Jinghan Yu
|
|t:|1758374864
|switch|p2a: Landorus|Landorus-Therian, M|90/100
|-ability|p2a: Landorus|Intimidate|boost
|-unboost|p1a: Sinistcha|atk|1
|move|p1a: Sinistcha|Strength Sap|p2a: Landorus
|-unboost|p2a: Landorus|atk|1
|-heal|p1a: Sinistcha|100/100
|
|upkeep
|turn|13
|
|t:|1758374869
|move|p2a: Landorus|Earthquake|p1a: Sinistcha
|-supereffective|p1a: Sinistcha
|-damage|p1a: Sinistcha|53/100
|move|p1a: Sinistcha|Matcha Gotcha|p2a: Landorus
|-damage|p2a: Landorus|0 fnt
|-heal|p1a: Sinistcha|100/100|[from] drain|[of] p2a: Landorus
|faint|p2a: Landorus
|
|upkeep
|
|t:|1758374880
|switch|p2a: Zamazenta|Zamazenta|100/100
|-ability|p2a: Zamazenta|Dauntless Shield|boost
|-boost|p2a: Zamazenta|def|1
|turn|14
|
|t:|1758374884
|move|p1a: Sinistcha|Matcha Gotcha|p2a: Zamazenta
|-damage|p2a: Zamazenta|15/100
|move|p2a: Zamazenta|Roar|p1a: Sinistcha
|drag|p1a: Kommo-o|Kommo-o, M|66/100
|-damage|p1a: Kommo-o|41/100|[from] Spikes
|-damage|p1a: Kommo-o|35/100|[from] Stealth Rock
|
|-heal|p2a: Zamazenta|21/100|[from] item: Leftovers
|upkeep
|turn|15
|
|t:|1758374894
|move|p2a: Zamazenta|Body Press|p1a: Kommo-o
|-damage|p1a: Kommo-o|0 fnt
|faint|p1a: Kommo-o
|
|-heal|p2a: Zamazenta|27/100|[from] item: Leftovers
|upkeep
|
|t:|1758374909
|switch|p1a: Iron Moth|Iron Moth|100/100
|-damage|p1a: Iron Moth|76/100|[from] Spikes
|-damage|p1a: Iron Moth|51/100|[from] Stealth Rock
|-enditem|p1a: Iron Moth|Booster Energy
|-activate|p1a: Iron Moth|ability: Quark Drive|[fromitem]
|-start|p1a: Iron Moth|quarkdrivespe
|turn|16
|
|t:|1758374917
|move|p1a: Iron Moth|Fiery Dance|p2a: Zamazenta
|-damage|p2a: Zamazenta|0 fnt
|-boost|p1a: Iron Moth|spa|1
|faint|p2a: Zamazenta
|
|upkeep
|
|t:|1758374926
|switch|p2a: Samurott|Samurott-Hisui, M|6/100
|turn|17
|
|t:|1758374932
|move|p2a: Samurott|Aqua Jet|p1a: Iron Moth
|-supereffective|p1a: Iron Moth
|-damage|p1a: Iron Moth|0 fnt
|faint|p1a: Iron Moth
|-end|p1a: Iron Moth|Quark Drive|[silent]
|
|upkeep
|
|t:|1758374935
|switch|p1a: Sinistcha|Sinistcha-Masterpiece, tera:Poison|100/100
|-damage|p1a: Sinistcha|76/100|[from] Spikes
|-damage|p1a: Sinistcha|63/100|[from] Stealth Rock
|turn|18
|
|t:|1758374948
|move|p2a: Samurott|Razor Shell|p1a: Sinistcha
|-damage|p1a: Sinistcha|26/100
|move|p1a: Sinistcha|Strength Sap|p2a: Samurott
|-unboost|p2a: Samurott|atk|1
|-heal|p1a: Sinistcha|100/100
|
|upkeep
|turn|19
|
|t:|1758374959
|switch|p2a: Latios|Latios, M|100/100
|move|p1a: Sinistcha|Calm Mind|p1a: Sinistcha
|-boost|p1a: Sinistcha|spa|1
|-boost|p1a: Sinistcha|spd|1
|
|upkeep
|turn|20
|
|t:|1758374968
|-terastallize|p2a: Latios|Steel
|move|p2a: Latios|Calm Mind|p2a: Latios
|-boost|p2a: Latios|spa|1
|-boost|p2a: Latios|spd|1
|move|p1a: Sinistcha|Shadow Ball|p2a: Latios
|-damage|p2a: Latios|69/100
|
|upkeep
|turn|21
|
|t:|1758374975
|move|p2a: Latios|Psychic Noise|p1a: Sinistcha
|-supereffective|p1a: Sinistcha
|-damage|p1a: Sinistcha|0 fnt
|faint|p1a: Sinistcha
|
|upkeep
|
|t:|1758374985
|switch|p1a: Samurott|Samurott-Hisui, M|100/100
|turn|22
|
|t:|1758374990
|move|p2a: Latios|Draco Meteor|p1a: Samurott
|-damage|p1a: Samurott|0 fnt
|-unboost|p2a: Latios|spa|2
|faint|p1a: Samurott
|
|upkeep
|
|t:|1758375001
|switch|p1a: Jirachi|Jirachi|100/100
|-damage|p1a: Jirachi|76/100|[from] Spikes
|-damage|p1a: Jirachi|70/100|[from] Stealth Rock
|turn|23
|
|t:|1758375005
|move|p2a: Latios|Calm Mind|p2a: Latios
|-boost|p2a: Latios|spa|1
|-boost|p2a: Latios|spd|1
|move|p1a: Jirachi|Body Slam|p2a: Latios
|-resisted|p2a: Latios
|-damage|p2a: Latios|51/100
|
|-heal|p1a: Jirachi|76/100|[from] item: Leftovers
|upkeep
|turn|24
|
|t:|1758375011
|move|p2a: Latios|Recover|p2a: Latios
|-heal|p2a: Latios|100/100
|move|p1a: Jirachi|Body Slam|p2a: Latios
|-resisted|p2a: Latios
|-damage|p2a: Latios|84/100
|-status|p2a: Latios|par
|
|-heal|p1a: Jirachi|82/100|[from] item: Leftovers
|upkeep
|turn|25
|
|t:|1758375017
|move|p1a: Jirachi|Iron Head|p2a: Latios
|-resisted|p2a: Latios
|-damage|p2a: Latios|61/100 par
|cant|p2a: Latios|flinch
|
|-heal|p1a: Jirachi|88/100|[from] item: Leftovers
|upkeep
|turn|26
|
|t:|1758375022
|switch|p2a: Pecharunt|Pecharunt|100/100
|move|p1a: Jirachi|Iron Head|p2a: Pecharunt
|-damage|p2a: Pecharunt|78/100
|
|-heal|p1a: Jirachi|94/100|[from] item: Leftovers
|upkeep
|turn|27
|
|t:|1758375027
|move|p1a: Jirachi|Psychic Noise|p2a: Pecharunt
|-supereffective|p2a: Pecharunt
|-damage|p2a: Pecharunt|35/100
|-start|p2a: Pecharunt|move: Heal Block
|move|p2a: Pecharunt|Shadow Ball|p1a: Jirachi
|-supereffective|p1a: Jirachi
|-damage|p1a: Jirachi|45/100
|
|-heal|p1a: Jirachi|51/100|[from] item: Leftovers
|upkeep
|turn|28
|
|t:|1758375035
|move|p1a: Jirachi|Psychic Noise|p2a: Pecharunt
|-supereffective|p2a: Pecharunt
|-damage|p2a: Pecharunt|0 fnt
|faint|p2a: Pecharunt
|
|-heal|p1a: Jirachi|57/100|[from] item: Leftovers
|upkeep
|
|t:|1758375038
|switch|p2a: Samurott|Samurott-Hisui, M|6/100
|turn|29
|
|t:|1758375041
|move|p2a: Samurott|Aqua Jet|p1a: Jirachi
|-damage|p1a: Jirachi|39/100
|move|p1a: Jirachi|Body Slam|p2a: Samurott
|-damage|p2a: Samurott|0 fnt
|faint|p2a: Samurott
|
|-heal|p1a: Jirachi|46/100|[from] item: Leftovers
|upkeep
|
|t:|1758375046
|switch|p2a: Scizor|Scizor, F|100/100
|turn|30
|
|t:|1758375049
|move|p1a: Jirachi|Body Slam|p2a: Scizor
|-resisted|p2a: Scizor
|-damage|p2a: Scizor|86/100
|-status|p2a: Scizor|par
|move|p2a: Scizor|Swords Dance|p2a: Scizor
|-boost|p2a: Scizor|atk|2
|
|-heal|p1a: Jirachi|52/100|[from] item: Leftovers
|upkeep
|turn|31
|
|t:|1758375053
|move|p1a: Jirachi|Iron Head|p2a: Scizor
|-resisted|p2a: Scizor
|-damage|p2a: Scizor|65/100 par
|cant|p2a: Scizor|flinch
|
|-heal|p1a: Jirachi|58/100|[from] item: Leftovers
|upkeep
|turn|32
|
|t:|1758375058
|move|p1a: Jirachi|Iron Head|p2a: Scizor
|-resisted|p2a: Scizor
|-damage|p2a: Scizor|44/100 par
|cant|p2a: Scizor|flinch
|
|-heal|p1a: Jirachi|64/100|[from] item: Leftovers
|upkeep
|turn|33
|
|t:|1758375062
|move|p1a: Jirachi|Iron Head|p2a: Scizor
|-resisted|p2a: Scizor
|-damage|p2a: Scizor|22/100 par
|cant|p2a: Scizor|flinch
|
|-heal|p1a: Jirachi|70/100|[from] item: Leftovers
|upkeep
|turn|34
|
|t:|1758375065
|move|p1a: Jirachi|Iron Head|p2a: Scizor
|-resisted|p2a: Scizor
|-damage|p2a: Scizor|1/100 par
|move|p2a: Scizor|Knock Off|p1a: Jirachi
|-supereffective|p1a: Jirachi
|-damage|p1a: Jirachi|0 fnt
|-enditem|p1a: Jirachi|Leftovers|[from] move: Knock Off|[of] p2a: Scizor
|faint|p1a: Jirachi
|
|upkeep
|
|t:|1758375068
|switch|p1a: Raikou|Raikou|100/100
|-damage|p1a: Raikou|76/100|[from] Spikes
|-damage|p1a: Raikou|63/100|[from] Stealth Rock
|-ability|p1a: Raikou|Pressure
|turn|35
|
|t:|1758375073
|cant|p2a: Scizor|par
|move|p1a: Raikou|Thunderbolt|p2a: Scizor
|-damage|p2a: Scizor|0 fnt
|faint|p2a: Scizor
|
|upkeep
|
|t:|1758375076
|switch|p2a: Latios|Latios, M, tera:Steel|61/100 par
|turn|36
|
|t:|1758375079
|move|p1a: Raikou|Thunderbolt|p2a: Latios
|-damage|p2a: Latios|0 fnt
|faint|p2a: Latios
|
|win|ICElIED
|raw|ICElIED's rating: 1358 &rarr; <strong>1380</strong><br />(+22 for winning)
|raw|dragapult&apos;s force's rating: 1387 &rarr; <strong>1365</strong><br />(-22 for losing)
|l|☆dragapult's force
|player|p2|
|l|☆ICElIED
|player|p1|
