|j|☆XIXINANA
|j|☆Trumpismessiah
|t:|1758251164
|gametype|singles
|player|p1|XIXINANA|nate|1391
|player|p2|Trumpismessiah|102|1452
|gen|9
|tier|[Gen 9] OU
|rated|
|rule|HP Percentage Mod: HP is shown in percentages
|rule|Endless Battle Clause: Forcing endless battles is banned
|rule|Species Clause: Limit one of each Pokémon
|rule|OHKO Clause: OHKO moves are banned
|rule|Evasion Items Clause: Evasion items are banned
|rule|Evasion Moves Clause: Evasion moves are banned
|rule|Evasion Abilities Clause: Evasion abilities are banned
|rule|Sleep Moves Clause: Sleep-inducing moves are banned
|clearpoke
|poke|p1|Mew|
|poke|p1|Lycanroc-Midnight, M|
|poke|p1|Sinistcha-Masterpiece|
|poke|p1|Polteageist-Antique|
|poke|p1|Typhlosion-Hisui, M|
|poke|p1|Regidrago|
|poke|p2|Blaziken, F|
|poke|p2|Salamence, F|
|poke|p2|Ambipom, M|
|poke|p2|Houndstone, M|
|poke|p2|Iron Hands|
|poke|p2|Scizor, M|
|teampreview
|
|t:|1758251170
|teamsize|p1|6
|teamsize|p2|6
|start
|switch|p1a: Mew|Mew|100/100
|switch|p2a: Ambipom|Ambipom, M|100/100
|turn|1
|inactive|Battle timer is ON: inactive players will automatically lose when time's up. (requested by Trumpismessiah)
|
|t:|1758251181
|move|p2a: Ambipom|Fake Out|p1a: Mew
|-damage|p1a: Mew|75/100
|cant|p1a: Mew|flinch
|
|upkeep
|turn|2
|
|t:|1758251189
|move|p1a: Mew|Trick|p2a: Ambipom
|-activate|p1a: Mew|move: Trick|[of] p2a: Ambipom
|-item|p2a: Ambipom|Choice Scarf|[from] move: Trick
|-item|p1a: Mew|Expert Belt|[from] move: Trick
|move|p2a: Ambipom|Beat Up|p1a: Mew
|-supereffective|p1a: Mew
|-damage|p1a: Mew|62/100
|-supereffective|p1a: Mew
|-damage|p1a: Mew|47/100
|-supereffective|p1a: Mew
|-damage|p1a: Mew|31/100
|-supereffective|p1a: Mew
|-damage|p1a: Mew|17/100
|-supereffective|p1a: Mew
|-damage|p1a: Mew|0 fnt
|faint|p1a: Mew
|-hitcount|p1: Mew|5
|
|upkeep
|inactive|XIXINANA has 120 seconds left.
|
|t:|1758251237
|switch|p1a: Lycanroc|Lycanroc-Midnight, M|100/100
|turn|3
|
|t:|1758251240
|move|p2a: Ambipom|Beat Up|p1a: Lycanroc
|-damage|p1a: Lycanroc|91/100
|-damage|p1a: Lycanroc|79/100
|-damage|p1a: Lycanroc|70/100
|-damage|p1a: Lycanroc|60/100
|-damage|p1a: Lycanroc|49/100
|-damage|p1a: Lycanroc|38/100
|-hitcount|p1a: Lycanroc|6
|move|p1a: Lycanroc|Close Combat|p2a: Ambipom
|-supereffective|p2a: Ambipom
|-damage|p2a: Ambipom|0 fnt
|-unboost|p1a: Lycanroc|def|1
|-unboost|p1a: Lycanroc|spd|1
|faint|p2a: Ambipom
|-damage|p1a: Lycanroc|28/100|[from] item: Life Orb
|
|upkeep
|
|t:|1758251247
|switch|p2a: Scizor|Scizor, M|100/100
|turn|4
|inactive|XIXINANA has 120 seconds left.
|
|t:|1758251263
|move|p2a: Scizor|Bullet Punch|p1a: Lycanroc
|-supereffective|p1a: Lycanroc
|-damage|p1a: Lycanroc|0 fnt
|faint|p1a: Lycanroc
|
|upkeep
|
|t:|1758251267
|switch|p1a: Typhlosion|Typhlosion-Hisui, M|100/100
|-item|p2a: Scizor|Metronome|[from] ability: Frisk|[of] p1a: Typhlosion
|turn|5
|inactive|XIXINANA has 120 seconds left.
|l|☆XIXINANA
|inactive|XIXINANA disconnected and has a minute to reconnect!
|player|p1|
|j|☆XIXINANA
|inactive|XIXINANA reconnected and has 85 seconds left.
|player|p1|XIXINANA|nate|
|
|t:|1758251314
|move|p2a: Scizor|Bullet Punch|p1a: Typhlosion
|-resisted|p1a: Typhlosion
|-crit|p1a: Typhlosion
|-damage|p1a: Typhlosion|53/100
|move|p1a: Typhlosion|Eruption|p2a: Scizor
|-supereffective|p2a: Scizor
|-damage|p2a: Scizor|0 fnt
|faint|p2a: Scizor
|
|upkeep
|
|t:|1758251326
|switch|p2a: Salamence|Salamence, F|100/100
|turn|6
|inactive|XIXINANA has 90 seconds left.
|
|t:|1758251339
|switch|p1a: Polteageist|Polteageist-Antique|100/100
|move|p2a: Salamence|Dragon Dance|p2a: Salamence
|-boost|p2a: Salamence|atk|1
|-boost|p2a: Salamence|spe|1
|
|upkeep
|turn|7
|
|t:|1758251344
|move|p2a: Salamence|Dual Wingbeat|p1a: Polteageist
|-damage|p1a: Polteageist|34/100
|-ability|p1a: Polteageist|Weak Armor|boost
|-unboost|p1a: Polteageist|def|1
|-boost|p1a: Polteageist|spe|2
|-damage|p1a: Polteageist|0 fnt
|faint|p1a: Polteageist
|-ability|p2a: Salamence|Moxie|boost
|-boost|p2a: Salamence|atk|1
|-hitcount|p1: Polteageist|2
|
|upkeep
|-message|XIXINANA forfeited.
|
|win|Trumpismessiah
|raw|XIXINANA's rating: 1391 &rarr; <strong>1374</strong><br />(-17 for losing)
|raw|Trumpismessiah's rating: 1452 &rarr; <strong>1469</strong><br />(+17 for winning)
|l|☆XIXINANA
|player|p1|
|j|☆XIXINANA
|player|p1|XIXINANA|nate|
