|j|☆clearnote01
|j|☆pvc31
|t:|1758231108
|gametype|singles
|player|p1|clearnote01|170|1170
|player|p2|pvc31|grimsley|1182
|gen|9
|tier|[Gen 9] OU
|rated|
|rule|HP Percentage Mod: HP is shown in percentages
|rule|Endless Battle Clause: Forcing endless battles is banned
|rule|Species Clause: Limit one of each Pokémon
|rule|OHKO Clause: OHKO moves are banned
|rule|Evasion Items Clause: Evasion items are banned
|rule|Evasion Moves Clause: Evasion moves are banned
|rule|Evasion Abilities Clause: Evasion abilities are banned
|rule|Sleep Moves Clause: Sleep-inducing moves are banned
|clearpoke
|poke|p1|Torkoal, F|
|poke|p1|Dragonite, M|
|poke|p1|Hatterene, F|
|poke|p1|Ceruledge, M|
|poke|p1|Walking Wake|
|poke|p1|Great Tusk|
|poke|p2|Serperior, F|
|poke|p2|Hydreigon, F|
|poke|p2|Talonflame, M|
|poke|p2|Vivillon-Garden, M|
|poke|p2|Kingdra, M|
|poke|p2|Great Tusk|
|teampreview
|inactive|Battle timer is ON: inactive players will automatically lose when time's up. (requested by clearnote01)
|
|t:|1758231117
|teamsize|p1|6
|teamsize|p2|6
|start
|switch|p1a: Torkoal|Torkoal, F|100/100
|switch|p2a: Kingdra|Kingdra, M|100/100
|-weather|SunnyDay|[from] ability: Drought|[of] p1a: Torkoal
|turn|1
|
|t:|1758231136
|switch|p1a: Hatterene|Hatterene, F|100/100
|move|p2a: Kingdra|Dragon Dance|p2a: Kingdra
|-boost|p2a: Kingdra|atk|1
|-boost|p2a: Kingdra|spe|1
|
|-weather|SunnyDay|[upkeep]
|upkeep
|turn|2
|
|t:|1758231151
|move|p2a: Kingdra|Iron Head|p1a: Hatterene
|-supereffective|p1a: Hatterene
|-damage|p1a: Hatterene|24/100
|-enditem|p1a: Hatterene|Eject Button
|-damage|p2a: Kingdra|91/100|[from] item: Life Orb
|
|t:|1758231158
|switch|p1a: Walking Wake|Walking Wake|100/100
|-activate|p1a: Walking Wake|ability: Protosynthesis
|-start|p1a: Walking Wake|protosynthesisspe
|
|-weather|SunnyDay|[upkeep]
|upkeep
|turn|3
|inactive|pvc31 has 120 seconds left.
|
|t:|1758231190
|move|p1a: Walking Wake|Dragon Pulse|p2a: Kingdra
|-supereffective|p2a: Kingdra
|-damage|p2a: Kingdra|0 fnt
|faint|p2a: Kingdra
|
|-weather|SunnyDay|[upkeep]
|upkeep
|inactive|pvc31 has 120 seconds left.
|
|t:|1758231208
|switch|p2a: Vivillon|Vivillon-Garden, M|100/100
|turn|4
|
|t:|1758231218
|-terastallize|p2a: Vivillon|Fairy
|move|p1a: Walking Wake|Dragon Pulse|p2a: Vivillon
|-immune|p2a: Vivillon
|move|p2a: Vivillon|Light Screen|p2a: Vivillon
|-sidestart|p2: pvc31|move: Light Screen
|
|-weather|SunnyDay|[upkeep]
|upkeep
|turn|5
|
|t:|1758231229
|-end|p1a: Walking Wake|Protosynthesis|[silent]
|switch|p1a: Ceruledge|Ceruledge, M|100/100
|move|p2a: Vivillon|Stun Spore|p1a: Ceruledge
|-status|p1a: Ceruledge|par
|
|-weather|SunnyDay|[upkeep]
|upkeep
|turn|6
|
|t:|1758231241
|move|p2a: Vivillon|Hurricane|p1a: Ceruledge|[miss]
|-miss|p2a: Vivillon|p1a: Ceruledge
|move|p1a: Ceruledge|Bitter Blade|p2a: Vivillon
|-enditem|p2a: Vivillon|Focus Sash
|-damage|p2a: Vivillon|1/100
|
|-weather|SunnyDay|[upkeep]
|upkeep
|turn|7
|
|t:|1758231258
|switch|p2a: Great Tusk|Great Tusk|100/100
|-activate|p2a: Great Tusk|ability: Protosynthesis
|-start|p2a: Great Tusk|protosynthesisatk
|move|p1a: Ceruledge|Bitter Blade|p2a: Great Tusk
|-damage|p2a: Great Tusk|52/100
|
|-weather|SunnyDay|[upkeep]
|upkeep
|turn|8
|
|t:|1758231272
|move|p2a: Great Tusk|Earthquake|p1a: Ceruledge
|-supereffective|p1a: Ceruledge
|-enditem|p1a: Ceruledge|Focus Sash
|-damage|p1a: Ceruledge|1/100 par
|-ability|p1a: Ceruledge|Weak Armor|boost
|-unboost|p1a: Ceruledge|def|1
|-boost|p1a: Ceruledge|spe|2
|move|p1a: Ceruledge|Solar Blade||[still]
|-prepare|p1a: Ceruledge|Solar Blade
|-anim|p1a: Ceruledge|Solar Blade|p2a: Great Tusk
|-supereffective|p2a: Great Tusk
|-crit|p2a: Great Tusk
|-damage|p2a: Great Tusk|0 fnt
|faint|p2a: Great Tusk
|-end|p2a: Great Tusk|Protosynthesis|[silent]
|
|-weather|none
|-sideend|p2: pvc31|move: Light Screen
|upkeep
|inactive|pvc31 has 90 seconds left.
|
|t:|1758231297
|switch|p2a: Serperior|Serperior, F|100/100
|turn|9
|
|t:|1758231304
|move|p2a: Serperior|Leaf Storm|p1a: Ceruledge
|-resisted|p1a: Ceruledge
|-damage|p1a: Ceruledge|0 fnt
|-boost|p2a: Serperior|spa|2
|faint|p1a: Ceruledge
|
|upkeep
|
|t:|1758231323
|switch|p1a: Torkoal|Torkoal, F|100/100
|-weather|SunnyDay|[from] ability: Drought|[of] p1a: Torkoal
|turn|10
|
|t:|1758231340
|switch|p2a: Hydreigon|Hydreigon, F, shiny|100/100
|move|p1a: Torkoal|Lava Plume|p2a: Hydreigon
|-resisted|p2a: Hydreigon
|-damage|p2a: Hydreigon|87/100
|
|-weather|SunnyDay|[upkeep]
|upkeep
|turn|11
|inactive|pvc31 has 90 seconds left.
|
|t:|1758231367
|move|p2a: Hydreigon|Dark Pulse|p1a: Torkoal
|-damage|p1a: Torkoal|61/100
|cant|p1a: Torkoal|flinch
|
|-weather|SunnyDay|[upkeep]
|upkeep
|turn|12
|
|t:|1758231380
|switch|p1a: Great Tusk|Great Tusk|100/100
|-activate|p1a: Great Tusk|ability: Protosynthesis
|-start|p1a: Great Tusk|protosynthesisspe
|move|p2a: Hydreigon|Draco Meteor|p1a: Great Tusk
|-damage|p1a: Great Tusk|8/100
|-unboost|p2a: Hydreigon|spa|2
|
|-weather|SunnyDay|[upkeep]
|upkeep
|turn|13
|inactive|pvc31 has 90 seconds left.
|
|t:|1758231400
|move|p1a: Great Tusk|Ice Spinner|p2a: Hydreigon
|-supereffective|p2a: Hydreigon
|-damage|p2a: Hydreigon|34/100
|move|p2a: Hydreigon|Dark Pulse|p1a: Great Tusk
|-resisted|p1a: Great Tusk
|-damage|p1a: Great Tusk|0 fnt
|faint|p1a: Great Tusk
|-end|p1a: Great Tusk|Protosynthesis|[silent]
|
|-weather|SunnyDay|[upkeep]
|upkeep
|
|t:|1758231414
|switch|p1a: Walking Wake|Walking Wake|100/100
|-activate|p1a: Walking Wake|ability: Protosynthesis
|-start|p1a: Walking Wake|protosynthesisspe
|turn|14
|inactive|pvc31 has 90 seconds left.
|
|t:|1758231434
|move|p1a: Walking Wake|Hydro Steam|p2a: Hydreigon
|-resisted|p2a: Hydreigon
|-damage|p2a: Hydreigon|2/100
|move|p2a: Hydreigon|Flash Cannon|p1a: Walking Wake
|-resisted|p1a: Walking Wake
|-crit|p1a: Walking Wake
|-damage|p1a: Walking Wake|77/100
|
|-weather|SunnyDay|[upkeep]
|upkeep
|turn|15
|
|t:|1758231446
|move|p1a: Walking Wake|Hydro Steam|p2a: Hydreigon
|-resisted|p2a: Hydreigon
|-damage|p2a: Hydreigon|0 fnt
|faint|p2a: Hydreigon
|
|-weather|SunnyDay|[upkeep]
|upkeep
|
|t:|1758231456
|switch|p2a: Talonflame|Talonflame, M|100/100
|turn|16
|
|t:|1758231462
|-terastallize|p1a: Walking Wake|Water
|move|p2a: Talonflame|Tailwind|p2a: Talonflame
|-sidestart|p2: pvc31|move: Tailwind
|move|p1a: Walking Wake|Hydro Steam|p2a: Talonflame
|-supereffective|p2a: Talonflame
|-damage|p2a: Talonflame|0 fnt
|faint|p2a: Talonflame
|
|-weather|SunnyDay|[upkeep]
|upkeep
|
|t:|1758231473
|switch|p2a: Vivillon|Vivillon-Garden, M, tera:Fairy|1/100
|turn|17
|
|t:|1758231478
|move|p2a: Vivillon|Draining Kiss|p1a: Walking Wake
|-damage|p1a: Walking Wake|53/100
|-heal|p2a: Vivillon|19/100|[from] drain|[of] p1a: Walking Wake
|move|p1a: Walking Wake|Hydro Steam|p2a: Vivillon
|-damage|p2a: Vivillon|0 fnt
|faint|p2a: Vivillon
|
|-weather|none
|-end|p1a: Walking Wake|Protosynthesis
|upkeep
|inactive|pvc31 has 90 seconds left.
|
|t:|1758231488
|switch|p2a: Serperior|Serperior, F|100/100
|turn|18
|
|t:|1758231492
|-end|p1a: Walking Wake|Protosynthesis|[silent]
|switch|p1a: Torkoal|Torkoal, F|61/100
|-weather|SunnyDay|[from] ability: Drought|[of] p1a: Torkoal
|move|p2a: Serperior|Leaf Storm|p1a: Torkoal
|-resisted|p1a: Torkoal
|-damage|p1a: Torkoal|39/100
|-boost|p2a: Serperior|spa|2
|
|-weather|SunnyDay|[upkeep]
|upkeep
|turn|19
|
|t:|1758231503
|move|p2a: Serperior|Tera Blast|p1a: Torkoal
|-damage|p1a: Torkoal|0 fnt
|faint|p1a: Torkoal
|
|-weather|SunnyDay|[upkeep]
|-sideend|p2: pvc31|move: Tailwind
|upkeep
|
|t:|1758231509
|switch|p1a: Walking Wake|Walking Wake, tera:Water|53/100
|-activate|p1a: Walking Wake|ability: Protosynthesis
|-start|p1a: Walking Wake|protosynthesisspe
|turn|20
|
|t:|1758231516
|move|p1a: Walking Wake|Draco Meteor|p2a: Serperior
|-damage|p2a: Serperior|0 fnt
|-unboost|p1a: Walking Wake|spa|2
|faint|p2a: Serperior
|
|win|clearnote01
|raw|clearnote01's rating: 1170 &rarr; <strong>1196</strong><br />(+26 for winning)
|raw|pvc31's rating: 1182 &rarr; <strong>1156</strong><br />(-26 for losing)
|l|☆clearnote01
|player|p1|
|l|☆pvc31
|player|p2|
