|j|☆IASFAATG
|j|☆KINGBAABA
|t:|1758360336
|gametype|singles
|player|p1|IASFAATG|scientist-gen4dp|1046
|player|p2|KINGBAABA|169|1000
|gen|9
|tier|[Gen 9] OU
|rated|
|rule|HP Percentage Mod: HP is shown in percentages
|rule|Endless Battle Clause: Forcing endless battles is banned
|rule|Species Clause: Limit one of each Pokémon
|rule|OHKO Clause: OHKO moves are banned
|rule|Evasion Items Clause: Evasion items are banned
|rule|Evasion Moves Clause: Evasion moves are banned
|rule|Evasion Abilities Clause: Evasion abilities are banned
|rule|Sleep Moves Clause: Sleep-inducing moves are banned
|clearpoke
|poke|p1|Electrode-Hisui|
|poke|p1|Gallade, M|
|poke|p1|Slowking-Galar, M|
|poke|p1|Alomomola, M|
|poke|p1|Great Tusk|
|poke|p1|Landorus-Therian, M|
|poke|p2|Gliscor, F|
|poke|p2|Galvantula, M|
|poke|p2|Glimmora, F|
|poke|p2|Primarina, M|
|poke|p2|Infernape, F|
|poke|p2|Haxorus, F|
|teampreview
|
|t:|1758360346
|teamsize|p1|6
|teamsize|p2|6
|start
|switch|p1a: Slowking|Slowking-Galar, M|100/100
|switch|p2a: Gliscor|Gliscor, F|100/100
|turn|1
|
|t:|1758360354
|move|p2a: Gliscor|Swords Dance|p2a: Gliscor
|-boost|p2a: Gliscor|atk|2
|-prepare|p1a: Slowking|Chilly Reception|[premajor]
|move|p1a: Slowking|Chilly Reception|p1a: Slowking
|-weather|Snowscape
|
|t:|1758360363
|switch|p1a: Electrode|Electrode-Hisui, shiny|100/100|[from] Chilly Reception
|
|-weather|Snowscape|[upkeep]
|-status|p2a: Gliscor|tox|[from] item: Toxic Orb
|upkeep
|turn|2
|
|t:|1758360381
|-terastallize|p1a: Electrode|Ice
|move|p1a: Electrode|Tera Blast|p2a: Gliscor|[anim] Tera Blast Ice
|-supereffective|p2a: Gliscor
|-damage|p2a: Gliscor|0 fnt
|faint|p2a: Gliscor
|
|-weather|Snowscape|[upkeep]
|upkeep
|
|t:|1758360392
|switch|p2a: Infernape|Infernape, F|100/100
|turn|3
|
|t:|1758360404
|switch|p1a: Alomomola|Alomomola, M, shiny|100/100
|move|p2a: Infernape|Mach Punch|p1a: Alomomola
|-damage|p1a: Alomomola|82/100
|
|-weather|Snowscape|[upkeep]
|upkeep
|turn|4
|
|t:|1758360422
|switch|p2a: Galvantula|Galvantula, M|100/100
|move|p1a: Alomomola|Flip Turn|p2a: Galvantula
|-damage|p2a: Galvantula|70/100
|
|t:|1758360429
|switch|p1a: Electrode|Electrode-Hisui, shiny, tera:Ice|100/100|[from] Flip Turn
|
|-weather|Snowscape|[upkeep]
|upkeep
|turn|5
|
|t:|1758360440
|move|p1a: Electrode|Tera Blast|p2a: Galvantula|[anim] Tera Blast Ice
|-damage|p2a: Galvantula|0 fnt
|faint|p2a: Galvantula
|
|-weather|none
|upkeep
|inactive|Battle timer is ON: inactive players will automatically lose when time's up. (requested by IASFAATG)
|
|t:|1758360458
|switch|p2a: Haxorus|Haxorus, F|100/100
|-ability|p2a: Haxorus|Mold Breaker
|turn|6
|
|t:|1758360467
|switch|p1a: Landorus|Landorus-Therian, M|100/100
|-ability|p1a: Landorus|Intimidate|boost
|-unboost|p2a: Haxorus|atk|1
|move|p2a: Haxorus|Outrage|p1a: Landorus
|-damage|p1a: Landorus|64/100
|-damage|p2a: Haxorus|84/100|[from] item: Rocky Helmet|[of] p1a: Landorus
|
|upkeep
|turn|7
|
|t:|1758360478
|switch|p1a: Alomomola|Alomomola, M, shiny|100/100
|move|p2a: Haxorus|Outrage|p1a: Alomomola|[from] lockedmove
|-damage|p1a: Alomomola|74/100
|-start|p2a: Haxorus|confusion|[fatigue]
|
|upkeep
|turn|8
|
|t:|1758360508
|-activate|p2a: Haxorus|confusion
|-damage|p2a: Haxorus|70/100|[from] confusion
|move|p1a: Alomomola|Wish|p1a: Alomomola
|
|upkeep
|turn|9
|
|t:|1758360514
|-activate|p2a: Haxorus|confusion
|move|p2a: Haxorus|First Impression||[still]
|-hint|First Impression only works on your first turn out.
|-fail|p2a: Haxorus
|move|p1a: Alomomola|Flip Turn|p2a: Haxorus
|-resisted|p2a: Haxorus
|-damage|p2a: Haxorus|60/100
|
|t:|1758360521
|switch|p1a: Landorus|Landorus-Therian, M|64/100|[from] Flip Turn
|-ability|p1a: Landorus|Intimidate|boost
|-unboost|p2a: Haxorus|atk|1
|
|-heal|p1a: Landorus|100/100|[from] move: Wish|[wisher] Alomomola
|upkeep
|turn|10
|
|t:|1758360533
|-activate|p2a: Haxorus|confusion
|move|p2a: Haxorus|Outrage|p1a: Landorus
|-damage|p1a: Landorus|71/100
|-damage|p2a: Haxorus|44/100|[from] item: Rocky Helmet|[of] p1a: Landorus
|move|p1a: Landorus|Stealth Rock|p2a: Haxorus
|-sidestart|p2: KINGBAABA|move: Stealth Rock
|
|upkeep
|turn|11
|-message|KINGBAABA forfeited.
|
|win|IASFAATG
|raw|IASFAATG's rating: 1046 &rarr; <strong>1075</strong><br />(+29 for winning)
|raw|KINGBAABA's rating: 1000 &rarr; <strong>1000</strong><br />(+0 for losing)
|l|☆KINGBAABA
|player|p2|
