|j|☆BigJulius
|j|☆Cruzrooni
|t:|1758291861
|gametype|singles
|player|p1|BigJulius|101|1234
|player|p2|Cruzrooni|pryce|1207
|gen|9
|tier|[Gen 9] OU
|rated|
|rule|HP Percentage Mod: HP is shown in percentages
|rule|Endless Battle Clause: Forcing endless battles is banned
|rule|Species Clause: Limit one of each Pokémon
|rule|OHKO Clause: OHKO moves are banned
|rule|Evasion Items Clause: Evasion items are banned
|rule|Evasion Moves Clause: Evasion moves are banned
|rule|Evasion Abilities Clause: Evasion abilities are banned
|rule|Sleep Moves Clause: Sleep-inducing moves are banned
|clearpoke
|poke|p1|Iron Treads|
|poke|p1|Raging Bolt|
|poke|p1|Ninetales, M|
|poke|p1|Scream Tail|
|poke|p1|Venusaur, M|
|poke|p1|Entei|
|poke|p2|Clodsire, F|
|poke|p2|Cetitan, M|
|poke|p2|Slowking, F|
|poke|p2|Great Tusk|
|poke|p2|Salamence, F|
|poke|p2|Frosmoth, F|
|teampreview
|inactive|Battle timer is ON: inactive players will automatically lose when time's up. (requested by BigJulius)
|
|t:|1758291880
|teamsize|p1|6
|teamsize|p2|6
|start
|switch|p1a: Ninetales|Ninetales, M|100/100
|switch|p2a: Clodsire|Clodsire, F|100/100
|-weather|SunnyDay|[from] ability: Drought|[of] p1a: Ninetales
|turn|1
|
|t:|1758291883
|move|p1a: Ninetales|Will-O-Wisp|p2a: Clodsire
|-status|p2a: Clodsire|brn
|move|p2a: Clodsire|Stealth Rock|p1a: Ninetales
|-sidestart|p1: BigJulius|move: Stealth Rock
|
|-weather|SunnyDay|[upkeep]
|-damage|p2a: Clodsire|94/100 brn|[from] brn
|upkeep
|turn|2
|
|t:|1758291889
|switch|p1a: Iron Treads|Iron Treads|100/100
|-damage|p1a: Iron Treads|97/100|[from] Stealth Rock
|move|p2a: Clodsire|Earthquake|p1a: Iron Treads
|-supereffective|p1a: Iron Treads
|-damage|p1a: Iron Treads|79/100
|
|-weather|SunnyDay|[upkeep]
|-heal|p1a: Iron Treads|86/100|[from] item: Leftovers
|-heal|p2a: Clodsire|100/100 brn|[from] item: Black Sludge
|-damage|p2a: Clodsire|94/100 brn|[from] brn
|upkeep
|turn|3
|
|t:|1758291901
|switch|p2a: Slowking|Slowking, F|100/100
|move|p1a: Iron Treads|Iron Defense|p1a: Iron Treads
|-boost|p1a: Iron Treads|def|2
|
|-weather|SunnyDay|[upkeep]
|-heal|p1a: Iron Treads|92/100|[from] item: Leftovers
|upkeep
|turn|4
|
|t:|1758291907
|move|p1a: Iron Treads|Rapid Spin|p2a: Slowking
|-damage|p2a: Slowking|91/100
|-boost|p1a: Iron Treads|spe|1
|-sideend|p1: BigJulius|Stealth Rock|[from] move: Rapid Spin|[of] p1a: Iron Treads
|move|p2a: Slowking|Scald|p1a: Iron Treads
|-supereffective|p1a: Iron Treads
|-damage|p1a: Iron Treads|56/100
|
|-weather|SunnyDay|[upkeep]
|-heal|p1a: Iron Treads|62/100|[from] item: Leftovers
|upkeep
|turn|5
|
|t:|1758291917
|-end|p1a: Iron Treads|Quark Drive|[silent]
|switch|p1a: Raging Bolt|Raging Bolt|100/100
|-activate|p1a: Raging Bolt|ability: Protosynthesis
|-start|p1a: Raging Bolt|protosynthesisspa
|-prepare|p2a: Slowking|Chilly Reception|[premajor]
|move|p2a: Slowking|Chilly Reception|p2a: Slowking
|-weather|Snowscape
|-end|p1a: Raging Bolt|Protosynthesis
|
|t:|1758291923
|switch|p2a: Cetitan|Cetitan, M, shiny|100/100|[from] Chilly Reception
|
|-weather|Snowscape|[upkeep]
|upkeep
|turn|6
|
|t:|1758291931
|-end|p1a: Raging Bolt|Protosynthesis|[silent]
|switch|p1a: Ninetales|Ninetales, M|100/100
|-weather|SunnyDay|[from] ability: Drought|[of] p1a: Ninetales
|move|p2a: Cetitan|Earthquake|p1a: Ninetales
|-supereffective|p1a: Ninetales
|-damage|p1a: Ninetales|9/100
|
|-weather|SunnyDay|[upkeep]
|upkeep
|turn|7
|
|t:|1758291940
|switch|p1a: Iron Treads|Iron Treads|62/100
|switch|p2a: Clodsire|Clodsire, F|94/100 brn
|
|-weather|SunnyDay|[upkeep]
|-heal|p1a: Iron Treads|68/100|[from] item: Leftovers
|-heal|p2a: Clodsire|100/100 brn|[from] item: Black Sludge
|-damage|p2a: Clodsire|94/100 brn|[from] brn
|upkeep
|turn|8
|
|t:|1758291947
|switch|p2a: Slowking|Slowking, F|100/100
|move|p1a: Iron Treads|Iron Head|p2a: Slowking
|-resisted|p2a: Slowking
|-damage|p2a: Slowking|89/100
|
|-weather|SunnyDay|[upkeep]
|-heal|p1a: Iron Treads|74/100|[from] item: Leftovers
|upkeep
|turn|9
|
|t:|1758291958
|move|p1a: Iron Treads|Iron Defense|p1a: Iron Treads
|-boost|p1a: Iron Treads|def|2
|-prepare|p2a: Slowking|Chilly Reception|[premajor]
|move|p2a: Slowking|Chilly Reception|p2a: Slowking
|-weather|Snowscape
|
|t:|1758291964
|switch|p2a: Salamence|Salamence, F|100/100|[from] Chilly Reception
|-ability|p2a: Salamence|Intimidate|boost
|-unboost|p1a: Iron Treads|atk|1
|
|-weather|Snowscape|[upkeep]
|-heal|p1a: Iron Treads|81/100|[from] item: Leftovers
|upkeep
|turn|10
|
|t:|1758291968
|move|p2a: Salamence|Flamethrower|p1a: Iron Treads
|-supereffective|p1a: Iron Treads
|-damage|p1a: Iron Treads|0 fnt
|faint|p1a: Iron Treads
|-end|p1a: Iron Treads|Quark Drive|[silent]
|
|-weather|Snowscape|[upkeep]
|upkeep
|
|t:|1758291978
|switch|p1a: Scream Tail|Scream Tail|100/100
|turn|11
|
|t:|1758291985
|switch|p2a: Clodsire|Clodsire, F|94/100 brn
|move|p1a: Scream Tail|Calm Mind|p1a: Scream Tail
|-boost|p1a: Scream Tail|spa|1
|-boost|p1a: Scream Tail|spd|1
|
|-weather|Snowscape|[upkeep]
|-heal|p2a: Clodsire|100/100 brn|[from] item: Black Sludge
|-damage|p2a: Clodsire|94/100 brn|[from] brn
|upkeep
|turn|12
|
|t:|1758291994
|move|p1a: Scream Tail|Psychic Noise|p2a: Clodsire
|-supereffective|p2a: Clodsire
|-damage|p2a: Clodsire|51/100 brn
|-start|p2a: Clodsire|move: Heal Block
|-enditem|p1a: Scream Tail|Throat Spray
|-boost|p1a: Scream Tail|spa|1|[from] item: Throat Spray
|move|p2a: Clodsire|Toxic|p1a: Scream Tail
|-status|p1a: Scream Tail|tox
|
|-weather|Snowscape|[upkeep]
|-damage|p1a: Scream Tail|94/100 tox|[from] psn
|-damage|p2a: Clodsire|45/100 brn|[from] brn
|upkeep
|turn|13
|
|t:|1758292005
|switch|p2a: Slowking|Slowking, F|100/100
|move|p1a: Scream Tail|Boomburst|p2a: Slowking
|-damage|p2a: Slowking|50/100
|
|-weather|Snowscape|[upkeep]
|-damage|p1a: Scream Tail|82/100 tox|[from] psn
|upkeep
|turn|14
|
|t:|1758292011
|switch|p2a: Clodsire|Clodsire, F|45/100 brn
|-terastallize|p1a: Scream Tail|Normal
|move|p1a: Scream Tail|Boomburst|p2a: Clodsire
|-damage|p2a: Clodsire|0 fnt
|faint|p2a: Clodsire
|
|-weather|Snowscape|[upkeep]
|-damage|p1a: Scream Tail|63/100 tox|[from] psn
|upkeep
|
|t:|1758292021
|switch|p2a: Cetitan|Cetitan, M, shiny|100/100
|turn|15
|
|t:|1758292026
|-end|p1a: Scream Tail|Protosynthesis|[silent]
|switch|p1a: Ninetales|Ninetales, M|9/100
|-weather|SunnyDay|[from] ability: Drought|[of] p1a: Ninetales
|move|p2a: Cetitan|Superpower|p1a: Ninetales
|-damage|p1a: Ninetales|0 fnt
|-unboost|p2a: Cetitan|atk|1
|-unboost|p2a: Cetitan|def|1
|faint|p1a: Ninetales
|
|-weather|SunnyDay|[upkeep]
|upkeep
|
|t:|1758292033
|switch|p1a: Entei|Entei|100/100
|turn|16
|
|t:|1758292047
|switch|p1a: Venusaur|Venusaur, M|100/100
|switch|p2a: Salamence|Salamence, F|100/100
|-ability|p2a: Salamence|Intimidate|boost
|-unboost|p1a: Venusaur|atk|1
|
|-weather|SunnyDay|[upkeep]
|upkeep
|turn|17
|
|t:|1758292052
|move|p1a: Venusaur|Sludge Bomb|p2a: Salamence
|-damage|p2a: Salamence|49/100
|move|p2a: Salamence|Air Slash|p1a: Venusaur
|-supereffective|p1a: Venusaur
|-damage|p1a: Venusaur|39/100
|
|-weather|SunnyDay|[upkeep]
|upkeep
|turn|18
|
|t:|1758292078
|switch|p2a: Great Tusk|Great Tusk|100/100
|-activate|p2a: Great Tusk|ability: Protosynthesis
|-start|p2a: Great Tusk|protosynthesisatk
|move|p1a: Venusaur|Sludge Bomb|p2a: Great Tusk
|-resisted|p2a: Great Tusk
|-damage|p2a: Great Tusk|76/100
|-status|p2a: Great Tusk|psn
|
|-weather|SunnyDay|[upkeep]
|-damage|p2a: Great Tusk|63/100 psn|[from] psn
|upkeep
|turn|19
|
|t:|1758292085
|move|p1a: Venusaur|Giga Drain|p2a: Great Tusk
|-supereffective|p2a: Great Tusk
|-damage|p2a: Great Tusk|0 fnt
|-heal|p1a: Venusaur|84/100|[from] drain|[of] p2a: Great Tusk
|faint|p2a: Great Tusk
|-end|p2a: Great Tusk|Protosynthesis|[silent]
|
|-weather|SunnyDay|[upkeep]
|upkeep
|
|t:|1758292095
|switch|p2a: Slowking|Slowking, F|84/100
|turn|20
|
|t:|1758292100
|-terastallize|p2a: Slowking|Bug
|move|p1a: Venusaur|Sludge Bomb|p2a: Slowking
|-damage|p2a: Slowking|51/100
|-prepare|p2a: Slowking|Chilly Reception|[premajor]
|move|p2a: Slowking|Chilly Reception|p2a: Slowking
|-weather|Snowscape
|
|t:|1758292107
|switch|p2a: Cetitan|Cetitan, M, shiny|100/100|[from] Chilly Reception
|
|-weather|Snowscape|[upkeep]
|upkeep
|turn|21
|
|t:|1758292120
|move|p2a: Cetitan|Belly Drum|p2a: Cetitan
|-damage|p2a: Cetitan|51/100
|-setboost|p2a: Cetitan|atk|6|[from] move: Belly Drum
|move|p1a: Venusaur|Sludge Bomb|p2a: Cetitan
|-damage|p2a: Cetitan|3/100
|-enditem|p2a: Cetitan|Sitrus Berry|[eat]
|-heal|p2a: Cetitan|28/100|[from] item: Sitrus Berry
|
|-weather|Snowscape|[upkeep]
|upkeep
|turn|22
|
|t:|1758292131
|move|p2a: Cetitan|Ice Spinner|p1a: Venusaur
|-supereffective|p1a: Venusaur
|-damage|p1a: Venusaur|0 fnt
|faint|p1a: Venusaur
|
|-weather|Snowscape|[upkeep]
|upkeep
|
|t:|1758292133
|switch|p1a: Entei|Entei|100/100
|turn|23
|
|t:|1758292136
|move|p1a: Entei|Extreme Speed|p2a: Cetitan
|-damage|p2a: Cetitan|10/100
|move|p2a: Cetitan|Earthquake|p1a: Entei
|-supereffective|p1a: Entei
|-damage|p1a: Entei|0 fnt
|faint|p1a: Entei
|
|-weather|Snowscape|[upkeep]
|upkeep
|-message|BigJulius forfeited.
|
|win|Cruzrooni
|raw|BigJulius's rating: 1234 &rarr; <strong>1207</strong><br />(-27 for losing)
|raw|Cruzrooni's rating: 1207 &rarr; <strong>1234</strong><br />(+27 for winning)
|l|☆BigJulius
|player|p1|
|l|☆Cruzrooni
|player|p2|
