|j|☆destructionleon
|j|☆busto2412
|t:|1758287191
|gametype|singles
|player|p1|destructionleon|alder|1219
|player|p2|busto2412|hilbert-wonderlauncher|1231
|gen|9
|tier|[Gen 9] OU
|rated|
|rule|HP Percentage Mod: HP is shown in percentages
|rule|Endless Battle Clause: Forcing endless battles is banned
|rule|Species Clause: Limit one of each Pokémon
|rule|OHKO Clause: OHKO moves are banned
|rule|Evasion Items Clause: Evasion items are banned
|rule|Evasion Moves Clause: Evasion moves are banned
|rule|Evasion Abilities Clause: Evasion abilities are banned
|rule|Sleep Moves Clause: Sleep-inducing moves are banned
|clearpoke
|poke|p1|Tyranitar, F|
|poke|p1|Kommo-o, M|
|poke|p1|Excadrill, F|
|poke|p1|Ting-Lu|
|poke|p1|Gliscor, M|
|poke|p1|Gholdengo|
|poke|p2|Ursaluna, M|
|poke|p2|Dragapult, M|
|poke|p2|Zamazenta-*|
|poke|p2|Greninja-*, M|
|poke|p2|Blaziken, M|
|poke|p2|Gallade, M|
|teampreview
|inactive|Battle timer is ON: inactive players will automatically lose when time's up. (requested by destructionleon)
|
|t:|1758287211
|teamsize|p1|6
|teamsize|p2|6
|start
|switch|p1a: Tyranitar|Tyranitar, F|100/100
|switch|p2a: Greninja|Greninja, M|100/100
|-weather|Sandstorm|[from] ability: Sand Stream|[of] p1a: Tyranitar
|turn|1
|
|t:|1758287225
|switch|p1a: Kommo-o|Kommo-o, M|100/100
|move|p2a: Greninja|Hydro Pump|p1a: Kommo-o|[miss]
|-miss|p2a: Greninja|p1a: Kommo-o
|
|-weather|Sandstorm|[upkeep]
|-damage|p2a: Greninja|95/100|[from] Sandstorm
|upkeep
|turn|2
|
|t:|1758287234
|switch|p2a: Zamazenta|Zamazenta|100/100
|-ability|p2a: Zamazenta|Dauntless Shield|boost
|-boost|p2a: Zamazenta|def|1
|move|p1a: Kommo-o|Iron Defense|p1a: Kommo-o
|-boost|p1a: Kommo-o|def|2
|
|-weather|Sandstorm|[upkeep]
|-damage|p2a: Zamazenta|94/100|[from] Sandstorm
|upkeep
|turn|3
|
|t:|1758287242
|move|p2a: Zamazenta|Play Rough|p1a: Kommo-o
|-supereffective|p1a: Kommo-o
|-damage|p1a: Kommo-o|62/100
|move|p1a: Kommo-o|Body Slam|p2a: Zamazenta
|-crit|p2a: Zamazenta
|-damage|p2a: Zamazenta|62/100
|
|-weather|Sandstorm|[upkeep]
|-damage|p2a: Zamazenta|56/100|[from] Sandstorm
|-heal|p1a: Kommo-o|68/100|[from] item: Leftovers
|upkeep
|turn|4
|inactive|destructionleon has 120 seconds left.
|
|t:|1758287283
|switch|p1a: Gliscor|Gliscor, M|100/100
|move|p2a: Zamazenta|Play Rough|p1a: Gliscor
|-damage|p1a: Gliscor|73/100
|
|-weather|Sandstorm|[upkeep]
|-damage|p2a: Zamazenta|50/100|[from] Sandstorm
|-status|p1a: Gliscor|tox|[from] item: Toxic Orb
|upkeep
|turn|5
|
|t:|1758287300
|switch|p2a: Greninja|Greninja, M|95/100
|move|p1a: Gliscor|Knock Off|p2a: Greninja
|-resisted|p2a: Greninja
|-damage|p2a: Greninja|78/100
|-enditem|p2a: Greninja|Life Orb|[from] move: Knock Off|[of] p1a: Gliscor
|
|-weather|none
|-heal|p1a: Gliscor|85/100 tox|[from] ability: Poison Heal
|upkeep
|turn|6
|inactive|destructionleon has 120 seconds left.
|
|t:|1758287313
|switch|p1a: Kommo-o|Kommo-o, M|68/100
|move|p2a: Greninja|Ice Beam|p1a: Kommo-o
|-supereffective|p1a: Kommo-o
|-damage|p1a: Kommo-o|20/100
|-status|p1a: Kommo-o|frz
|
|-heal|p1a: Kommo-o|26/100 frz|[from] item: Leftovers
|upkeep
|turn|7
|inactive|destructionleon has 120 seconds left.
|
|t:|1758287322
|switch|p1a: Tyranitar|Tyranitar, F|100/100
|-weather|Sandstorm|[from] ability: Sand Stream|[of] p1a: Tyranitar
|move|p2a: Greninja|Ice Beam|p1a: Tyranitar
|-damage|p1a: Tyranitar|83/100
|
|-weather|Sandstorm|[upkeep]
|-damage|p2a: Greninja|72/100|[from] Sandstorm
|upkeep
|turn|8
|inactive|destructionleon has 120 seconds left.
|
|t:|1758287350
|switch|p1a: Excadrill|Excadrill, F|100/100
|-item|p1a: Excadrill|Air Balloon
|move|p2a: Greninja|Hydro Pump|p1a: Excadrill
|-supereffective|p1a: Excadrill
|-damage|p1a: Excadrill|0 fnt
|-enditem|p1a: Excadrill|Air Balloon
|faint|p1a: Excadrill
|-ability|p2a: Greninja|Battle Bond|boost
|-boost|p2a: Greninja|atk|1
|-boost|p2a: Greninja|spa|1
|-boost|p2a: Greninja|spe|1
|-activate|p2a: Greninja|ability: Battle Bond
|
|-weather|Sandstorm|[upkeep]
|-damage|p2a: Greninja|66/100|[from] Sandstorm
|upkeep
|
|t:|1758287366
|switch|p1a: Ting-Lu|Ting-Lu|100/100
|-ability|p1a: Ting-Lu|Vessel of Ruin
|turn|9
|
|t:|1758287373
|-terastallize|p1a: Ting-Lu|Fairy
|move|p2a: Greninja|Hydro Pump|p1a: Ting-Lu
|-damage|p1a: Ting-Lu|57/100
|move|p1a: Ting-Lu|Whirlwind|p2a: Greninja
|drag|p2a: Zamazenta|Zamazenta|50/100
|
|-weather|Sandstorm|[upkeep]
|-damage|p2a: Zamazenta|44/100|[from] Sandstorm
|-damage|p1a: Ting-Lu|50/100|[from] Sandstorm
|-heal|p1a: Ting-Lu|57/100|[from] item: Leftovers
|upkeep
|turn|10
|
|t:|1758287388
|switch|p1a: Gliscor|Gliscor, M|85/100 tox
|move|p2a: Zamazenta|Wild Charge|p1a: Gliscor
|-immune|p1a: Gliscor
|
|-weather|Sandstorm|[upkeep]
|-damage|p2a: Zamazenta|37/100|[from] Sandstorm
|-heal|p1a: Gliscor|97/100 tox|[from] ability: Poison Heal
|upkeep
|turn|11
|
|t:|1758287397
|switch|p2a: Ursaluna|Ursaluna, M|100/100
|move|p1a: Gliscor|Toxic|p2a: Ursaluna
|-status|p2a: Ursaluna|tox
|
|-weather|none
|-heal|p1a: Gliscor|100/100 tox|[from] ability: Poison Heal
|-damage|p2a: Ursaluna|94/100 tox|[from] psn
|upkeep
|turn|12
|
|t:|1758287406
|switch|p2a: Greninja|Greninja, M|66/100
|move|p1a: Gliscor|Protect||[still]
|-fail|p1a: Gliscor
|
|upkeep
|turn|13
|inactive|destructionleon has 120 seconds left.
|
|t:|1758287412
|move|p2a: Greninja|Ice Beam|p1a: Gliscor
|-supereffective|p1a: Gliscor
|-damage|p1a: Gliscor|11/100 tox
|move|p1a: Gliscor|Toxic|p2a: Greninja
|-status|p2a: Greninja|tox
|
|-damage|p2a: Greninja|60/100 tox|[from] psn
|-heal|p1a: Gliscor|24/100 tox|[from] ability: Poison Heal
|upkeep
|turn|14
|
|t:|1758287421
|switch|p2a: Ursaluna|Ursaluna, M|94/100 tox
|switch|p1a: Gholdengo|Gholdengo|100/100
|
|-damage|p2a: Ursaluna|88/100 tox|[from] psn
|upkeep
|turn|15
|inactive|destructionleon has 120 seconds left.
|
|t:|1758287438
|switch|p1a: Kommo-o|Kommo-o, M|26/100 frz
|move|p2a: Ursaluna|Earthquake|p1a: Kommo-o
|-damage|p1a: Kommo-o|0 fnt
|faint|p1a: Kommo-o
|
|-damage|p2a: Ursaluna|76/100 tox|[from] psn
|upkeep
|inactive|destructionleon has 120 seconds left.
|
|t:|1758287445
|switch|p1a: Gliscor|Gliscor, M|24/100 tox
|turn|16
|
|t:|1758287449
|switch|p2a: Greninja|Greninja, M|60/100 tox
|move|p1a: Gliscor|Protect||[still]
|-fail|p1a: Gliscor
|
|-damage|p2a: Greninja|54/100 tox|[from] psn
|-heal|p1a: Gliscor|36/100 tox|[from] ability: Poison Heal
|upkeep
|turn|17
|
|t:|1758287458
|switch|p1a: Ting-Lu|Ting-Lu, tera:Fairy|57/100
|-ability|p1a: Ting-Lu|Vessel of Ruin
|move|p2a: Greninja|Hydro Pump|p1a: Ting-Lu
|-damage|p1a: Ting-Lu|27/100
|
|-heal|p1a: Ting-Lu|33/100|[from] item: Leftovers
|-damage|p2a: Greninja|42/100 tox|[from] psn
|upkeep
|turn|18
|
|t:|1758287469
|move|p2a: Greninja|Hydro Pump|p1a: Ting-Lu|[miss]
|-miss|p2a: Greninja|p1a: Ting-Lu
|move|p1a: Ting-Lu|Stealth Rock|p2a: Greninja
|-sidestart|p2: busto2412|move: Stealth Rock
|
|-heal|p1a: Ting-Lu|40/100|[from] item: Leftovers
|-damage|p2a: Greninja|24/100 tox|[from] psn
|upkeep
|turn|19
|
|t:|1758287480
|switch|p2a: Ursaluna|Ursaluna, M|76/100 tox
|-damage|p2a: Ursaluna|69/100 tox|[from] Stealth Rock
|switch|p1a: Gholdengo|Gholdengo|100/100
|
|-damage|p2a: Ursaluna|63/100 tox|[from] psn
|upkeep
|turn|20
|
|t:|1758287489
|move|p1a: Gholdengo|Make It Rain|p2a: Ursaluna
|-damage|p2a: Ursaluna|0 fnt
|-unboost|p1a: Gholdengo|spa|1
|faint|p2a: Ursaluna
|
|upkeep
|
|t:|1758287495
|switch|p2a: Greninja|Greninja, M|24/100 tox
|-damage|p2a: Greninja|12/100 tox|[from] Stealth Rock
|turn|21
|
|t:|1758287503
|move|p2a: Greninja|Hydro Pump|p1a: Gholdengo
|-damage|p1a: Gholdengo|42/100
|move|p1a: Gholdengo|Make It Rain|p2a: Greninja
|-resisted|p2a: Greninja
|-damage|p2a: Greninja|0 fnt
|-unboost|p1a: Gholdengo|spa|1
|faint|p2a: Greninja
|
|-heal|p1a: Gholdengo|48/100|[from] item: Leftovers
|upkeep
|
|t:|1758287514
|switch|p2a: Blaziken|Blaziken, M, shiny|100/100
|-damage|p2a: Blaziken|88/100|[from] Stealth Rock
|turn|22
|
|t:|1758287520
|switch|p1a: Tyranitar|Tyranitar, F|83/100
|-weather|Sandstorm|[from] ability: Sand Stream|[of] p1a: Tyranitar
|move|p2a: Blaziken|Swords Dance|p2a: Blaziken
|-boost|p2a: Blaziken|atk|2
|
|-weather|Sandstorm|[upkeep]
|-damage|p2a: Blaziken|82/100|[from] Sandstorm
|-ability|p2a: Blaziken|Speed Boost|boost
|-boost|p2a: Blaziken|spe|1
|upkeep
|turn|23
|
|t:|1758287536
|switch|p1a: Gholdengo|Gholdengo|48/100
|move|p2a: Blaziken|Protect||[still]
|-fail|p2a: Blaziken
|
|-weather|Sandstorm|[upkeep]
|-damage|p2a: Blaziken|76/100|[from] Sandstorm
|-heal|p1a: Gholdengo|54/100|[from] item: Leftovers
|-ability|p2a: Blaziken|Speed Boost|boost
|-boost|p2a: Blaziken|spe|1
|upkeep
|turn|24
|
|t:|1758287545
|move|p2a: Blaziken|Flare Blitz|p1a: Gholdengo
|-supereffective|p1a: Gholdengo
|-damage|p1a: Gholdengo|0 fnt
|faint|p1a: Gholdengo
|-damage|p2a: Blaziken|58/100|[from] Recoil
|-damage|p2a: Blaziken|48/100|[from] item: Life Orb
|
|-weather|Sandstorm|[upkeep]
|-damage|p2a: Blaziken|42/100|[from] Sandstorm
|-ability|p2a: Blaziken|Speed Boost|boost
|-boost|p2a: Blaziken|spe|1
|upkeep
|
|t:|1758287548
|switch|p1a: Gliscor|Gliscor, M|36/100 tox
|turn|25
|
|t:|1758287556
|move|p2a: Blaziken|Flare Blitz|p1a: Gliscor
|-damage|p1a: Gliscor|0 fnt
|faint|p1a: Gliscor
|-damage|p2a: Blaziken|28/100|[from] Recoil
|-damage|p2a: Blaziken|18/100|[from] item: Life Orb
|
|-weather|Sandstorm|[upkeep]
|-damage|p2a: Blaziken|12/100|[from] Sandstorm
|-ability|p2a: Blaziken|Speed Boost|boost
|-boost|p2a: Blaziken|spe|1
|upkeep
|
|t:|1758287563
|switch|p1a: Ting-Lu|Ting-Lu, tera:Fairy|40/100
|-ability|p1a: Ting-Lu|Vessel of Ruin
|turn|26
|
|t:|1758287567
|move|p2a: Blaziken|Flare Blitz|p1a: Ting-Lu
|-damage|p1a: Ting-Lu|0 fnt
|faint|p1a: Ting-Lu
|-damage|p2a: Blaziken|0 fnt|[from] Recoil
|faint|p2a: Blaziken
|
|-weather|none
|upkeep
|
|t:|1758287574
|switch|p2a: Gallade|Gallade, M, shiny|100/100
|switch|p1a: Tyranitar|Tyranitar, F|83/100
|-damage|p2a: Gallade|94/100|[from] Stealth Rock
|-weather|Sandstorm|[from] ability: Sand Stream|[of] p1a: Tyranitar
|turn|27
|
|t:|1758287580
|move|p2a: Gallade|Sacred Sword|p1a: Tyranitar
|-supereffective|p1a: Tyranitar
|-damage|p1a: Tyranitar|0 fnt
|faint|p1a: Tyranitar
|
|win|busto2412
|raw|destructionleon's rating: 1219 &rarr; <strong>1195</strong><br />(-24 for losing)
|raw|busto2412's rating: 1231 &rarr; <strong>1255</strong><br />(+24 for winning)
|l|☆destructionleon
|player|p1|
|l|☆busto2412
|player|p2|
