|j|☆niloswan
|j|☆Off_T3Mpo
|t:|1758318570
|gametype|singles
|player|p1|niloswan|zinzolin|1470
|player|p2|Off_T3Mpo|interviewers|1396
|gen|9
|tier|[Gen 9] OU
|rated|
|rule|HP Percentage Mod: HP is shown in percentages
|rule|Endless Battle Clause: Forcing endless battles is banned
|rule|Species Clause: Limit one of each Pokémon
|rule|OHKO Clause: OHKO moves are banned
|rule|Evasion Items Clause: Evasion items are banned
|rule|Evasion Moves Clause: Evasion moves are banned
|rule|Evasion Abilities Clause: Evasion abilities are banned
|rule|Sleep Moves Clause: Sleep-inducing moves are banned
|clearpoke
|poke|p1|Iron Valiant|
|poke|p1|Tinkaton, F|
|poke|p1|Sinistcha|
|poke|p1|Great Tusk|
|poke|p1|Scizor, M|
|poke|p1|Slowbro, F|
|poke|p2|Ninetales-Alola, F|
|poke|p2|Kyurem|
|poke|p2|Lilligant-Hisui, F|
|poke|p2|Hatterene, F|
|poke|p2|Torkoal, M|
|poke|p2|Walking Wake|
|teampreview
|inactive|Battle timer is ON: inactive players will automatically lose when time's up. (requested by niloswan)
|
|t:|1758318592
|teamsize|p1|6
|teamsize|p2|6
|start
|switch|p1a: Slowbro|Slowbro, F|100/100
|switch|p2a: Torkoal|Torkoal, M|100/100
|-weather|SunnyDay|[from] ability: Drought|[of] p2a: Torkoal
|turn|1
|
|t:|1758318610
|move|p1a: Slowbro|Calm Mind|p1a: Slowbro
|-boost|p1a: Slowbro|spa|1
|-boost|p1a: Slowbro|spd|1
|move|p2a: Torkoal|Stealth Rock|p1a: Slowbro
|-sidestart|p1: niloswan|move: Stealth Rock
|
|-weather|SunnyDay|[upkeep]
|upkeep
|turn|2
|
|t:|1758318626
|switch|p2a: Ninetales|Ninetales-Alola, F|100/100
|-weather|Snowscape|[from] ability: Snow Warning|[of] p2a: Ninetales
|move|p1a: Slowbro|Calm Mind|p1a: Slowbro
|-boost|p1a: Slowbro|spa|1
|-boost|p1a: Slowbro|spd|1
|
|-weather|Snowscape|[upkeep]
|upkeep
|turn|3
|
|t:|1758318635
|switch|p1a: Scizor|Scizor, M|100/100
|-damage|p1a: Scizor|88/100|[from] Stealth Rock
|move|p2a: Ninetales|Encore||[still]
|-fail|p2a: Ninetales
|
|-weather|Snowscape|[upkeep]
|upkeep
|turn|4
|
|t:|1758318644
|switch|p2a: Torkoal|Torkoal, M|100/100
|-weather|SunnyDay|[from] ability: Drought|[of] p2a: Torkoal
|move|p1a: Scizor|Bullet Punch|p2a: Torkoal
|-resisted|p2a: Torkoal
|-damage|p2a: Torkoal|85/100
|
|-weather|SunnyDay|[upkeep]
|upkeep
|turn|5
|
|t:|1758318658
|switch|p1a: Slowbro|Slowbro, F|100/100
|-damage|p1a: Slowbro|88/100|[from] Stealth Rock
|move|p2a: Torkoal|Lava Plume|p1a: Slowbro
|-resisted|p1a: Slowbro
|-crit|p1a: Slowbro
|-damage|p1a: Slowbro|61/100
|-status|p1a: Slowbro|brn
|
|-weather|SunnyDay|[upkeep]
|-heal|p1a: Slowbro|67/100 brn|[from] item: Leftovers
|-damage|p1a: Slowbro|61/100 brn|[from] brn
|upkeep
|turn|6
|inactive|niloswan has 120 seconds left.
|
|t:|1758318692
|switch|p1a: Scizor|Scizor, M|88/100
|-damage|p1a: Scizor|76/100|[from] Stealth Rock
|switch|p2a: Lilligant|Lilligant-Hisui, F|100/100
|
|-weather|SunnyDay|[upkeep]
|upkeep
|turn|7
|
|t:|1758318700
|-terastallize|p2a: Lilligant|Fire
|move|p2a: Lilligant|Tera Blast|p1a: Scizor|[anim] Tera Blast Fire
|-supereffective|p1a: Scizor
|-damage|p1a: Scizor|0 fnt
|faint|p1a: Scizor
|-damage|p2a: Lilligant|91/100|[from] item: Life Orb
|
|-weather|SunnyDay|[upkeep]
|upkeep
|inactive|niloswan has 120 seconds left.
|
|t:|1758318736
|switch|p1a: Sinistcha|Sinistcha|100/100
|-damage|p1a: Sinistcha|88/100|[from] Stealth Rock
|turn|8
|
|t:|1758318743
|move|p2a: Lilligant|Triple Axel|p1a: Sinistcha
|-supereffective|p1a: Sinistcha
|-damage|p1a: Sinistcha|75/100
|-supereffective|p1a: Sinistcha
|-damage|p1a: Sinistcha|54/100
|-hitcount|p1a: Sinistcha|2
|-damage|p2a: Lilligant|81/100|[from] item: Life Orb
|move|p1a: Sinistcha|Strength Sap|p2a: Lilligant
|-unboost|p2a: Lilligant|atk|1
|-heal|p1a: Sinistcha|100/100
|
|-weather|SunnyDay|[upkeep]
|upkeep
|turn|9
|
|t:|1758318755
|switch|p2a: Ninetales|Ninetales-Alola, F|100/100
|-weather|Snowscape|[from] ability: Snow Warning|[of] p2a: Ninetales
|move|p1a: Sinistcha|Shadow Ball|p2a: Ninetales
|-damage|p2a: Ninetales|69/100
|
|-weather|Snowscape|[upkeep]
|upkeep
|turn|10
|
|t:|1758318767
|move|p2a: Ninetales|Aurora Veil|p2a: Ninetales
|-sidestart|p2: Off_T3Mpo|move: Aurora Veil
|move|p1a: Sinistcha|Calm Mind|p1a: Sinistcha
|-boost|p1a: Sinistcha|spa|1
|-boost|p1a: Sinistcha|spd|1
|
|-weather|Snowscape|[upkeep]
|upkeep
|turn|11
|
|t:|1758318782
|switch|p1a: Slowbro|Slowbro, F|94/100 brn
|-damage|p1a: Slowbro|81/100 brn|[from] Stealth Rock
|move|p2a: Ninetales|Encore||[still]
|-fail|p2a: Ninetales
|
|-weather|Snowscape|[upkeep]
|-heal|p1a: Slowbro|88/100 brn|[from] item: Leftovers
|-damage|p1a: Slowbro|81/100 brn|[from] brn
|upkeep
|turn|12
|
|t:|1758318793
|move|p2a: Ninetales|Freeze-Dry|p1a: Slowbro
|-supereffective|p1a: Slowbro
|-damage|p1a: Slowbro|37/100 brn
|move|p1a: Slowbro|Scald|p2a: Ninetales
|-damage|p2a: Ninetales|57/100
|
|-weather|Snowscape|[upkeep]
|-heal|p1a: Slowbro|43/100 brn|[from] item: Leftovers
|-damage|p1a: Slowbro|37/100 brn|[from] brn
|upkeep
|turn|13
|
|t:|1758318806
|switch|p1a: Tinkaton|Tinkaton, F|100/100
|-damage|p1a: Tinkaton|94/100|[from] Stealth Rock
|-ability|p1a: Tinkaton|Mold Breaker
|-item|p1a: Tinkaton|Air Balloon
|move|p2a: Ninetales|Freeze-Dry|p1a: Tinkaton
|-resisted|p1a: Tinkaton
|-damage|p1a: Tinkaton|85/100
|-enditem|p1a: Tinkaton|Air Balloon
|
|-weather|none
|upkeep
|turn|14
|
|t:|1758318822
|switch|p2a: Torkoal|Torkoal, M|85/100
|-weather|SunnyDay|[from] ability: Drought|[of] p2a: Torkoal
|move|p1a: Tinkaton|Stealth Rock|p2a: Torkoal
|-sidestart|p2: Off_T3Mpo|move: Stealth Rock
|
|-weather|SunnyDay|[upkeep]
|upkeep
|turn|15
|
|t:|1758318836
|switch|p1a: Sinistcha|Sinistcha|100/100
|-damage|p1a: Sinistcha|88/100|[from] Stealth Rock
|move|p2a: Torkoal|Lava Plume|p1a: Sinistcha
|-supereffective|p1a: Sinistcha
|-damage|p1a: Sinistcha|46/100
|
|-weather|SunnyDay|[upkeep]
|-heal|p1a: Sinistcha|53/100|[from] item: Leftovers
|upkeep
|turn|16
|inactive|niloswan has 90 seconds left.
|
|t:|1758318863
|move|p1a: Sinistcha|Calm Mind|p1a: Sinistcha
|-boost|p1a: Sinistcha|spa|1
|-boost|p1a: Sinistcha|spd|1
|move|p2a: Torkoal|Lava Plume|p1a: Sinistcha
|-supereffective|p1a: Sinistcha
|-damage|p1a: Sinistcha|21/100
|
|-weather|SunnyDay|[upkeep]
|-heal|p1a: Sinistcha|27/100|[from] item: Leftovers
|upkeep
|turn|17
|inactive|niloswan has 90 seconds left.
|
|t:|1758318873
|switch|p2a: Ninetales|Ninetales-Alola, F|57/100
|-damage|p2a: Ninetales|32/100|[from] Stealth Rock
|-weather|Snowscape|[from] ability: Snow Warning|[of] p2a: Ninetales
|move|p1a: Sinistcha|Strength Sap|p2a: Ninetales
|-unboost|p2a: Ninetales|atk|1
|-heal|p1a: Sinistcha|72/100
|
|-weather|Snowscape|[upkeep]
|-heal|p1a: Sinistcha|78/100|[from] item: Leftovers
|-sideend|p2: Off_T3Mpo|move: Aurora Veil
|upkeep
|turn|18
|inactive|niloswan has 90 seconds left.
|
|t:|1758318898
|switch|p1a: Tinkaton|Tinkaton, F|85/100
|-damage|p1a: Tinkaton|79/100|[from] Stealth Rock
|-ability|p1a: Tinkaton|Mold Breaker
|move|p2a: Ninetales|Encore||[still]
|-fail|p2a: Ninetales
|
|-weather|Snowscape|[upkeep]
|upkeep
|turn|19
|
|t:|1758318910
|move|p2a: Ninetales|Aurora Veil|p2a: Ninetales
|-sidestart|p2: Off_T3Mpo|move: Aurora Veil
|move|p1a: Tinkaton|Thunder Wave|p2a: Ninetales
|-status|p2a: Ninetales|par
|
|-weather|Snowscape|[upkeep]
|upkeep
|turn|20
|
|t:|1758318926
|switch|p2a: Torkoal|Torkoal, M|85/100
|-damage|p2a: Torkoal|60/100|[from] Stealth Rock
|-weather|SunnyDay|[from] ability: Drought|[of] p2a: Torkoal
|move|p1a: Tinkaton|Play Rough|p2a: Torkoal
|-resisted|p2a: Torkoal
|-crit|p2a: Torkoal
|-damage|p2a: Torkoal|49/100
|
|-weather|SunnyDay|[upkeep]
|upkeep
|turn|21
|
|t:|1758318937
|switch|p1a: Slowbro|Slowbro, F|70/100 brn
|-damage|p1a: Slowbro|58/100 brn|[from] Stealth Rock
|move|p2a: Torkoal|Rapid Spin|p1a: Slowbro
|-damage|p1a: Slowbro|53/100 brn
|-boost|p2a: Torkoal|spe|1
|-sideend|p2: Off_T3Mpo|Stealth Rock|[from] move: Rapid Spin|[of] p2a: Torkoal
|
|-weather|SunnyDay|[upkeep]
|-heal|p1a: Slowbro|59/100 brn|[from] item: Leftovers
|-damage|p1a: Slowbro|53/100 brn|[from] brn
|upkeep
|turn|22
|inactive|niloswan has 90 seconds left.
|
|t:|1758318951
|switch|p2a: Hatterene|Hatterene, F|100/100
|move|p1a: Slowbro|Slack Off|p1a: Slowbro
|-heal|p1a: Slowbro|100/100 brn
|
|-weather|SunnyDay|[upkeep]
|-damage|p1a: Slowbro|94/100 brn|[from] brn
|upkeep
|turn|23
|inactive|niloswan has 90 seconds left.
|
|t:|1758318969
|move|p2a: Hatterene|Calm Mind|p2a: Hatterene
|-boost|p2a: Hatterene|spa|1
|-boost|p2a: Hatterene|spd|1
|move|p1a: Slowbro|Calm Mind|p1a: Slowbro
|-boost|p1a: Slowbro|spa|1
|-boost|p1a: Slowbro|spd|1
|
|-weather|SunnyDay|[upkeep]
|-heal|p1a: Slowbro|100/100 brn|[from] item: Leftovers
|-damage|p1a: Slowbro|94/100 brn|[from] brn
|upkeep
|turn|24
|
|t:|1758318990
|move|p2a: Hatterene|Mystical Fire|p1a: Slowbro
|-resisted|p1a: Slowbro
|-damage|p1a: Slowbro|78/100 brn
|-unboost|p1a: Slowbro|spa|1
|move|p1a: Slowbro|Calm Mind|p1a: Slowbro
|-boost|p1a: Slowbro|spa|1
|-boost|p1a: Slowbro|spd|1
|
|-weather|SunnyDay|[upkeep]
|-heal|p1a: Slowbro|84/100 brn|[from] item: Leftovers
|-damage|p1a: Slowbro|78/100 brn|[from] brn
|upkeep
|turn|25
|inactive|niloswan has 90 seconds left.
|
|t:|1758319004
|move|p2a: Hatterene|Psychic Noise|p1a: Slowbro
|-resisted|p1a: Slowbro
|-damage|p1a: Slowbro|65/100 brn
|-start|p1a: Slowbro|move: Heal Block
|move|p1a: Slowbro|Calm Mind|p1a: Slowbro
|-boost|p1a: Slowbro|spa|1
|-boost|p1a: Slowbro|spd|1
|
|-weather|SunnyDay|[upkeep]
|-damage|p1a: Slowbro|59/100 brn|[from] brn
|upkeep
|turn|26
|inactive|niloswan has 90 seconds left.
|
|t:|1758319016
|move|p2a: Hatterene|Calm Mind|p2a: Hatterene
|-boost|p2a: Hatterene|spa|1
|-boost|p2a: Hatterene|spd|1
|move|p1a: Slowbro|Stored Power|p2a: Hatterene
|-resisted|p2a: Hatterene
|-damage|p2a: Hatterene|90/100
|-enditem|p2a: Hatterene|Eject Button
|
|t:|1758319022
|switch|p2a: Lilligant|Lilligant-Hisui, F, tera:Fire|81/100
|
|-weather|SunnyDay|[upkeep]
|-damage|p1a: Slowbro|53/100 brn|[from] brn
|-end|p1a: Slowbro|move: Heal Block
|-sideend|p2: Off_T3Mpo|move: Aurora Veil
|upkeep
|turn|27
|inactive|niloswan has 90 seconds left.
|
|t:|1758319038
|switch|p1a: Sinistcha|Sinistcha|78/100
|-damage|p1a: Sinistcha|65/100|[from] Stealth Rock
|move|p2a: Lilligant|Solar Blade||[still]
|-prepare|p2a: Lilligant|Solar Blade
|-anim|p2a: Lilligant|Solar Blade|p1a: Sinistcha
|-resisted|p1a: Sinistcha
|-damage|p1a: Sinistcha|37/100
|-damage|p2a: Lilligant|71/100|[from] item: Life Orb
|
|-weather|none
|-heal|p1a: Sinistcha|43/100|[from] item: Leftovers
|upkeep
|turn|28
|inactive|niloswan has 90 seconds left.
|
|t:|1758319067
|switch|p1a: Slowbro|Slowbro, F|86/100 brn
|-damage|p1a: Slowbro|73/100 brn|[from] Stealth Rock
|move|p2a: Lilligant|Triple Axel|p1a: Slowbro|[miss]
|-miss|p2a: Lilligant|p1a: Slowbro
|
|-heal|p1a: Slowbro|79/100 brn|[from] item: Leftovers
|-damage|p1a: Slowbro|73/100 brn|[from] brn
|upkeep
|turn|29
|
|t:|1758319077
|switch|p2a: Ninetales|Ninetales-Alola, F|32/100 par
|-weather|Snowscape|[from] ability: Snow Warning|[of] p2a: Ninetales
|move|p1a: Slowbro|Scald|p2a: Ninetales
|-damage|p2a: Ninetales|7/100 par
|
|-weather|Snowscape|[upkeep]
|-heal|p1a: Slowbro|79/100 brn|[from] item: Leftovers
|-damage|p1a: Slowbro|73/100 brn|[from] brn
|upkeep
|turn|30
|
|t:|1758319088
|move|p2a: Ninetales|Encore|p1a: Slowbro
|-start|p1a: Slowbro|Encore
|move|p1a: Slowbro|Scald|p2a: Ninetales
|-damage|p2a: Ninetales|0 fnt
|faint|p2a: Ninetales
|
|-weather|Snowscape|[upkeep]
|-heal|p1a: Slowbro|79/100 brn|[from] item: Leftovers
|-damage|p1a: Slowbro|73/100 brn|[from] brn
|upkeep
|
|t:|1758319105
|switch|p2a: Kyurem|Kyurem|100/100
|-ability|p2a: Kyurem|Pressure
|turn|31
|
|t:|1758319110
|switch|p1a: Tinkaton|Tinkaton, F|79/100
|-damage|p1a: Tinkaton|72/100|[from] Stealth Rock
|-ability|p1a: Tinkaton|Mold Breaker
|move|p2a: Kyurem|Dragon Dance|p2a: Kyurem
|-boost|p2a: Kyurem|atk|1
|-boost|p2a: Kyurem|spe|1
|
|-weather|Snowscape|[upkeep]
|upkeep
|turn|32
|
|t:|1758319124
|move|p2a: Kyurem|Iron Head|p1a: Tinkaton
|-damage|p1a: Tinkaton|24/100
|cant|p1a: Tinkaton|flinch
|
|-weather|Snowscape|[upkeep]
|upkeep
|turn|33
|c|☆niloswan|noo
|inactive|niloswan has 90 seconds left.
|c|☆Off_T3Mpo|srry friend
|inactive|niloswan has 60 seconds left.
|
|t:|1758319183
|switch|p1a: Slowbro|Slowbro, F|100/100 brn
|-damage|p1a: Slowbro|88/100 brn|[from] Stealth Rock
|move|p2a: Kyurem|Iron Head|p1a: Slowbro
|-resisted|p1a: Slowbro
|-damage|p1a: Slowbro|75/100 brn
|
|-weather|none
|-heal|p1a: Slowbro|81/100 brn|[from] item: Leftovers
|-damage|p1a: Slowbro|75/100 brn|[from] brn
|upkeep
|turn|34
|
|t:|1758319198
|move|p2a: Kyurem|Scale Shot|p1a: Slowbro
|-damage|p1a: Slowbro|64/100 brn
|-damage|p1a: Slowbro|53/100 brn
|-damage|p1a: Slowbro|41/100 brn
|-damage|p1a: Slowbro|29/100 brn
|-damage|p1a: Slowbro|16/100 brn
|-hitcount|p1a: Slowbro|5
|-unboost|p2a: Kyurem|def|1
|-boost|p2a: Kyurem|spe|1
|move|p1a: Slowbro|Calm Mind|p1a: Slowbro
|-boost|p1a: Slowbro|spa|1
|-boost|p1a: Slowbro|spd|1
|
|-heal|p1a: Slowbro|22/100 brn|[from] item: Leftovers
|-damage|p1a: Slowbro|16/100 brn|[from] brn
|upkeep
|turn|35
|
|t:|1758319218
|switch|p1a: Tinkaton|Tinkaton, F|24/100
|-damage|p1a: Tinkaton|17/100|[from] Stealth Rock
|-ability|p1a: Tinkaton|Mold Breaker
|move|p2a: Kyurem|Icicle Spear|p1a: Tinkaton
|-resisted|p1a: Tinkaton
|-damage|p1a: Tinkaton|7/100
|-resisted|p1a: Tinkaton
|-damage|p1a: Tinkaton|0 fnt
|faint|p1a: Tinkaton
|-hitcount|p1: Tinkaton|2
|
|upkeep
|
|t:|1758319230
|switch|p1a: Great Tusk|Great Tusk|100/100
|-damage|p1a: Great Tusk|98/100|[from] Stealth Rock
|-enditem|p1a: Great Tusk|Booster Energy
|-activate|p1a: Great Tusk|ability: Protosynthesis|[fromitem]
|-start|p1a: Great Tusk|protosynthesisatk
|turn|36
|
|t:|1758319248
|-terastallize|p1a: Great Tusk|Fire
|move|p2a: Kyurem|Icicle Spear|p1a: Great Tusk
|-resisted|p1a: Great Tusk
|-damage|p1a: Great Tusk|90/100
|-resisted|p1a: Great Tusk
|-damage|p1a: Great Tusk|82/100
|-resisted|p1a: Great Tusk
|-damage|p1a: Great Tusk|76/100
|-resisted|p1a: Great Tusk
|-damage|p1a: Great Tusk|68/100
|-hitcount|p1a: Great Tusk|4
|move|p1a: Great Tusk|Headlong Rush|p2a: Kyurem
|-damage|p2a: Kyurem|0 fnt
|-unboost|p1a: Great Tusk|def|1
|-unboost|p1a: Great Tusk|spd|1
|faint|p2a: Kyurem
|
|upkeep
|
|t:|1758319265
|switch|p2a: Torkoal|Torkoal, M|49/100
|-weather|SunnyDay|[from] ability: Drought|[of] p2a: Torkoal
|turn|37
|
|t:|1758319288
|switch|p2a: Hatterene|Hatterene, F|90/100
|move|p1a: Great Tusk|Headlong Rush|p2a: Hatterene
|-damage|p2a: Hatterene|25/100
|-unboost|p1a: Great Tusk|def|1
|-unboost|p1a: Great Tusk|spd|1
|
|-weather|SunnyDay|[upkeep]
|upkeep
|turn|38
|
|t:|1758319300
|move|p1a: Great Tusk|Headlong Rush|p2a: Hatterene
|-damage|p2a: Hatterene|0 fnt
|-unboost|p1a: Great Tusk|def|1
|-unboost|p1a: Great Tusk|spd|1
|faint|p2a: Hatterene
|
|-weather|SunnyDay|[upkeep]
|upkeep
|
|t:|1758319306
|switch|p2a: Walking Wake|Walking Wake|100/100
|-activate|p2a: Walking Wake|ability: Protosynthesis
|-start|p2a: Walking Wake|protosynthesisspe
|turn|39
|inactive|niloswan has 30 seconds left.
|
|t:|1758319333
|move|p2a: Walking Wake|Hydro Steam|p1a: Great Tusk
|-supereffective|p1a: Great Tusk
|-damage|p1a: Great Tusk|0 fnt
|faint|p1a: Great Tusk
|-end|p1a: Great Tusk|Protosynthesis|[silent]
|
|-weather|SunnyDay|[upkeep]
|upkeep
|inactive|niloswan has 30 seconds left this turn.
|
|t:|1758319341
|switch|p1a: Slowbro|Slowbro, F|49/100 brn
|-damage|p1a: Slowbro|37/100 brn|[from] Stealth Rock
|turn|40
|
|t:|1758319346
|switch|p1a: Sinistcha|Sinistcha|43/100
|-damage|p1a: Sinistcha|31/100|[from] Stealth Rock
|move|p2a: Walking Wake|Hydro Steam|p1a: Sinistcha
|-resisted|p1a: Sinistcha
|-damage|p1a: Sinistcha|0 fnt
|faint|p1a: Sinistcha
|
|-weather|SunnyDay|[upkeep]
|upkeep
|
|t:|1758319355
|switch|p1a: Iron Valiant|Iron Valiant|100/100
|-damage|p1a: Iron Valiant|94/100|[from] Stealth Rock
|-enditem|p1a: Iron Valiant|Booster Energy
|-activate|p1a: Iron Valiant|ability: Quark Drive|[fromitem]
|-start|p1a: Iron Valiant|quarkdrivespe
|turn|41
|
|t:|1758319362
|move|p1a: Iron Valiant|Moonblast|p2a: Walking Wake
|-supereffective|p2a: Walking Wake
|-damage|p2a: Walking Wake|16/100
|move|p2a: Walking Wake|Hydro Steam|p1a: Iron Valiant
|-damage|p1a: Iron Valiant|0 fnt
|faint|p1a: Iron Valiant
|-end|p1a: Iron Valiant|Quark Drive|[silent]
|
|-weather|SunnyDay|[upkeep]
|upkeep
|
|t:|1758319370
|switch|p1a: Slowbro|Slowbro, F|70/100 brn
|-damage|p1a: Slowbro|57/100 brn|[from] Stealth Rock
|turn|42
|
|t:|1758319377
|move|p2a: Walking Wake|Hydro Steam|p1a: Slowbro
|-resisted|p1a: Slowbro
|-damage|p1a: Slowbro|9/100 brn
|move|p1a: Slowbro|Slack Off|p1a: Slowbro
|-heal|p1a: Slowbro|59/100 brn
|
|-weather|SunnyDay|[upkeep]
|-heal|p1a: Slowbro|65/100 brn|[from] item: Leftovers
|-damage|p1a: Slowbro|59/100 brn|[from] brn
|upkeep
|turn|43
|
|t:|1758319386
|-end|p2a: Walking Wake|Protosynthesis|[silent]
|switch|p2a: Lilligant|Lilligant-Hisui, F, tera:Fire|71/100
|move|p1a: Slowbro|Slack Off|p1a: Slowbro
|-heal|p1a: Slowbro|100/100 brn
|
|-weather|SunnyDay|[upkeep]
|-damage|p1a: Slowbro|94/100 brn|[from] brn
|upkeep
|turn|44
|
|t:|1758319397
|move|p2a: Lilligant|Solar Blade||[still]
|-prepare|p2a: Lilligant|Solar Blade
|-anim|p2a: Lilligant|Solar Blade|p1a: Slowbro
|-supereffective|p1a: Slowbro
|-damage|p1a: Slowbro|0 fnt
|faint|p1a: Slowbro
|-damage|p2a: Lilligant|61/100|[from] item: Life Orb
|
|win|Off_T3Mpo
|raw|niloswan's rating: 1470 &rarr; <strong>1446</strong><br />(-24 for losing)
|raw|Off_T3Mpo's rating: 1396 &rarr; <strong>1420</strong><br />(+24 for winning)
|c|☆niloswan|gg
|l|☆niloswan
|player|p1|
|l|☆Off_T3Mpo
|player|p2|
