|j|‽secondstory
|j|☆Permanultimatum
|t:|1758348589
|gametype|singles
|player|p1|secondstory|bruno|1518
|player|p2|Permanultimatum|scientist-gen4|1465
|gen|9
|tier|[Gen 9] OU
|rated|
|rule|HP Percentage Mod: HP is shown in percentages
|rule|Endless Battle Clause: Forcing endless battles is banned
|rule|Species Clause: Limit one of each Pokémon
|rule|OHKO Clause: OHKO moves are banned
|rule|Evasion Items Clause: Evasion items are banned
|rule|Evasion Moves Clause: Evasion moves are banned
|rule|Evasion Abilities Clause: Evasion abilities are banned
|rule|Sleep Moves Clause: Sleep-inducing moves are banned
|clearpoke
|poke|p1|Primarina, M|
|poke|p1|Kleavor, M|
|poke|p1|Talonflame, F|
|poke|p1|Ting-Lu|
|poke|p1|Hydrapple, M|
|poke|p1|Slowking-Galar, M|
|poke|p2|Porygon-Z|
|poke|p2|Dragonite, M|
|poke|p2|Lokix, F|
|poke|p2|Alomomola, F|
|poke|p2|Deoxys-Defense|
|poke|p2|Samurott-Hisui, F|
|teampreview
|
|t:|1758348630
|teamsize|p1|6
|teamsize|p2|6
|start
|switch|p1a: Kleavor|Kleavor, M|100/100
|switch|p2a: Alomomola|Alomomola, F|100/100
|turn|1
|
|t:|1758348646
|move|p1a: Kleavor|Stone Axe|p2a: Alomomola
|-damage|p2a: Alomomola|51/100
|-sidestart|p2: Permanultimatum|move: Stealth Rock
|move|p2a: Alomomola|Flip Turn|p1a: Kleavor
|-supereffective|p1a: Kleavor
|-damage|p1a: Kleavor|60/100
|inactive|Battle timer is ON: inactive players will automatically lose when time's up. (requested by secondstory)
|
|t:|1758348654
|switch|p2a: Samurott|Samurott-Hisui, F|100/100|[from] Flip Turn
|-damage|p2a: Samurott|88/100|[from] Stealth Rock
|
|upkeep
|turn|2
|
|t:|1758348679
|move|p2a: Samurott|Flip Turn|p1a: Kleavor
|-supereffective|p1a: Kleavor
|-damage|p1a: Kleavor|0 fnt
|faint|p1a: Kleavor
|
|t:|1758348689
|switch|p2a: Deoxys|Deoxys-Defense|100/100|[from] Flip Turn
|-ability|p2a: Deoxys|Pressure
|
|upkeep
|
|t:|1758348711
|switch|p1a: Primarina|Primarina, M|100/100
|turn|3
|
|t:|1758348715
|move|p2a: Deoxys|Night Shade|p1a: Primarina
|-damage|p1a: Primarina|73/100
|move|p1a: Primarina|Calm Mind|p1a: Primarina
|-boost|p1a: Primarina|spa|1
|-boost|p1a: Primarina|spd|1
|
|-heal|p1a: Primarina|79/100|[from] item: Leftovers
|upkeep
|turn|4
|
|t:|1758348723
|move|p2a: Deoxys|Psychic Noise|p1a: Primarina
|-damage|p1a: Primarina|69/100
|-start|p1a: Primarina|move: Heal Block
|move|p1a: Primarina|Calm Mind|p1a: Primarina
|-boost|p1a: Primarina|spa|1
|-boost|p1a: Primarina|spd|1
|
|upkeep
|turn|5
|
|t:|1758348729
|move|p2a: Deoxys|Night Shade|p1a: Primarina
|-damage|p1a: Primarina|41/100
|move|p1a: Primarina|Psychic Noise|p2a: Deoxys
|-damage|p2a: Deoxys|63/100
|-start|p2a: Deoxys|move: Heal Block
|
|-end|p1a: Primarina|move: Heal Block
|upkeep
|turn|6
|
|t:|1758348733
|move|p1a: Primarina|Psychic Noise|p2a: Deoxys
|-damage|p2a: Deoxys|27/100
|move|p2a: Deoxys|Teleport|p2a: Deoxys
|
|t:|1758348748
|switch|p2a: Lokix|Lokix, F|100/100|[from] Teleport
|
|-heal|p1a: Primarina|47/100|[from] item: Leftovers
|upkeep
|turn|7
|
|t:|1758348753
|move|p2a: Lokix|Knock Off|p1a: Primarina
|-resisted|p1a: Primarina
|-damage|p1a: Primarina|11/100
|-enditem|p1a: Primarina|Leftovers|[from] move: Knock Off|[of] p2a: Lokix
|move|p1a: Primarina|Draining Kiss|p2a: Lokix
|-supereffective|p2a: Lokix
|-damage|p2a: Lokix|0 fnt
|-heal|p1a: Primarina|69/100|[from] drain|[of] p2a: Lokix
|faint|p2a: Lokix
|
|upkeep
|
|t:|1758348758
|switch|p2a: Porygon-Z|Porygon-Z|100/100
|-ability|p2a: Porygon-Z|Download|boost
|-boost|p2a: Porygon-Z|atk|1
|turn|8
|-message|Permanultimatum forfeited.
|
|win|secondstory
|raw|secondstory's rating: 1518 &rarr; <strong>1535</strong><br />(+17 for winning)
|raw|Permanultimatum's rating: 1465 &rarr; <strong>1448</strong><br />(-17 for losing)
|l|☆Permanultimatum
|player|p2|
|l|‽secondstory
|player|p1|
