|j|☆Shibuya Arc
|j|☆Un Sospiro
|t:|1758255121
|gametype|singles
|player|p1|Shibuya Arc|265|1569
|player|p2|Un Sospiro|266|1592
|gen|9
|tier|[Gen 9] OU
|rated|
|rule|HP Percentage Mod: HP is shown in percentages
|rule|Endless Battle Clause: Forcing endless battles is banned
|rule|Species Clause: Limit one of each Pokémon
|rule|OHKO Clause: OHKO moves are banned
|rule|Evasion Items Clause: Evasion items are banned
|rule|Evasion Moves Clause: Evasion moves are banned
|rule|Evasion Abilities Clause: Evasion abilities are banned
|rule|Sleep Moves Clause: Sleep-inducing moves are banned
|clearpoke
|poke|p1|Dragapult, M|
|poke|p1|Dragonite, F|
|poke|p1|Ting-Lu|
|poke|p1|Weezing-Galar, F|
|poke|p1|Iron Crown|
|poke|p1|Zapdos|
|poke|p2|Torkoal, F|
|poke|p2|Hatterene, F|
|poke|p2|Walking Wake|
|poke|p2|Raging Bolt|
|poke|p2|Blaziken, M|
|poke|p2|Great Tusk|
|teampreview
|inactive|Battle timer is ON: inactive players will automatically lose when time's up. (requested by Shibuya Arc)
|inactive|Un Sospiro has 120 seconds left.
|
|t:|1758255162
|teamsize|p1|6
|teamsize|p2|6
|start
|switch|p1a: Dragapult|Dragapult, M|100/100
|switch|p2a: 🙏🙏🙏|Great Tusk|100/100
|turn|1
|
|t:|1758255167
|-end|p2a: 🙏🙏🙏|Protosynthesis|[silent]
|switch|p2a: In-N-Out|Hatterene, F|100/100
|move|p1a: Dragapult|U-turn|p2a: In-N-Out
|-damage|p2a: In-N-Out|85/100
|-enditem|p2a: In-N-Out|Eject Button
|
|t:|1758255175
|switch|p2a: 🙏🙏🙏|Great Tusk|100/100
|
|upkeep
|turn|2
|
|t:|1758255179
|move|p1a: Dragapult|U-turn|p2a: 🙏🙏🙏
|-resisted|p2a: 🙏🙏🙏
|-damage|p2a: 🙏🙏🙏|93/100
|
|t:|1758255186
|switch|p1a: Ting-Lu|Ting-Lu|100/100|[from] U-turn
|-ability|p1a: Ting-Lu|Vessel of Ruin
|move|p2a: 🙏🙏🙏|Ice Spinner|p1a: Ting-Lu
|-supereffective|p1a: Ting-Lu
|-damage|p1a: Ting-Lu|55/100
|
|-heal|p1a: Ting-Lu|61/100|[from] item: Leftovers
|upkeep
|turn|3
|
|t:|1758255193
|-terastallize|p1a: Ting-Lu|Water
|move|p2a: 🙏🙏🙏|Ice Spinner|p1a: Ting-Lu
|-resisted|p1a: Ting-Lu
|-damage|p1a: Ting-Lu|49/100
|move|p1a: Ting-Lu|Ruination|p2a: 🙏🙏🙏|[miss]
|-miss|p1a: Ting-Lu|p2a: 🙏🙏🙏
|
|-heal|p1a: Ting-Lu|56/100|[from] item: Leftovers
|upkeep
|turn|4
|
|t:|1758255198
|-end|p2a: 🙏🙏🙏|Protosynthesis|[silent]
|switch|p2a: In-N-Out|Hatterene, F|85/100
|move|p1a: Ting-Lu|Whirlwind|p2a: In-N-Out
|move|p2a: In-N-Out|Whirlwind|p1a: Ting-Lu|[from] ability: Magic Bounce
|drag|p1a: Weezing|Weezing-Galar, F|100/100
|-ability|p1a: Weezing|Neutralizing Gas
|
|upkeep
|turn|5
|
|t:|1758255203
|-end|p1a: Weezing|ability: Neutralizing Gas
|switch|p1a: Dragonite|Dragonite, F|100/100
|move|p2a: In-N-Out|Psychic Noise|p1a: Dragonite
|-damage|p1a: Dragonite|83/100
|-start|p1a: Dragonite|move: Heal Block
|
|upkeep
|turn|6
|
|t:|1758255215
|switch|p1a: Ting-Lu|Ting-Lu, tera:Water|56/100
|-ability|p1a: Ting-Lu|Vessel of Ruin
|move|p2a: In-N-Out|Nuzzle|p1a: Ting-Lu
|-supereffective|p1a: Ting-Lu
|-damage|p1a: Ting-Lu|51/100
|-status|p1a: Ting-Lu|par
|
|-heal|p1a: Ting-Lu|58/100 par|[from] item: Leftovers
|upkeep
|turn|7
|
|t:|1758255224
|move|p2a: In-N-Out|Nuzzle|p1a: Ting-Lu
|-supereffective|p1a: Ting-Lu
|-damage|p1a: Ting-Lu|53/100 par
|move|p1a: Ting-Lu|Ruination|p2a: In-N-Out
|-damage|p2a: In-N-Out|43/100
|
|-heal|p1a: Ting-Lu|59/100 par|[from] item: Leftovers
|upkeep
|turn|8
|
|t:|1758255238
|move|p2a: In-N-Out|Psychic Noise|p1a: Ting-Lu
|-damage|p1a: Ting-Lu|45/100 par
|-start|p1a: Ting-Lu|move: Heal Block
|move|p1a: Ting-Lu|Ruination|p2a: In-N-Out
|-damage|p2a: In-N-Out|22/100
|
|upkeep
|turn|9
|
|t:|1758255252
|move|p2a: In-N-Out|Healing Wish|p2a: In-N-Out
|faint|p2a: In-N-Out
|move|p1a: Ting-Lu|Ruination|p2: In-N-Out|[notarget]
|-fail|p1a: Ting-Lu
|
|-end|p1a: Ting-Lu|move: Heal Block
|upkeep
|
|t:|1758255254
|switch|p2a: Adam Ondra|Raging Bolt|100/100
|turn|10
|
|t:|1758255259
|move|p2a: Adam Ondra|Thunderbolt|p1a: Ting-Lu
|-supereffective|p1a: Ting-Lu
|-damage|p1a: Ting-Lu|3/100 par
|move|p1a: Ting-Lu|Earthquake|p2a: Adam Ondra
|-supereffective|p2a: Adam Ondra
|-damage|p2a: Adam Ondra|33/100
|
|-heal|p1a: Ting-Lu|9/100 par|[from] item: Leftovers
|upkeep
|turn|11
|
|t:|1758255268
|move|p2a: Adam Ondra|Thunderbolt|p1a: Ting-Lu
|-supereffective|p1a: Ting-Lu
|-damage|p1a: Ting-Lu|0 fnt
|faint|p1a: Ting-Lu
|
|upkeep
|
|t:|1758255274
|switch|p1a: Iron Crown|Iron Crown|100/100
|turn|12
|
|t:|1758255278
|move|p1a: Iron Crown|Volt Switch|p2a: Adam Ondra
|-resisted|p2a: Adam Ondra
|-damage|p2a: Adam Ondra|28/100
|
|t:|1758255285
|-end|p1a: Iron Crown|Quark Drive|[silent]
|switch|p1a: Weezing|Weezing-Galar, F|100/100|[from] Volt Switch
|-ability|p1a: Weezing|Neutralizing Gas
|move|p2a: Adam Ondra|Thunderbolt|p1a: Weezing
|-damage|p1a: Weezing|28/100
|-status|p1a: Weezing|par
|
|upkeep
|turn|13
|
|t:|1758255290
|move|p2a: Adam Ondra|Thunderbolt|p1a: Weezing
|-damage|p1a: Weezing|0 fnt
|faint|p1a: Weezing
|-end|p1a: Weezing|ability: Neutralizing Gas
|
|upkeep
|
|t:|1758255294
|switch|p1a: Dragapult|Dragapult, M|100/100
|turn|14
|
|t:|1758255299
|move|p1a: Dragapult|U-turn|p2a: Adam Ondra
|-damage|p2a: Adam Ondra|10/100
|
|t:|1758255304
|switch|p1a: Dragonite|Dragonite, F|83/100|[from] U-turn
|move|p2a: Adam Ondra|Draco Meteor|p1a: Dragonite
|-supereffective|p1a: Dragonite
|-damage|p1a: Dragonite|0 fnt
|-unboost|p2a: Adam Ondra|spa|2
|faint|p1a: Dragonite
|
|upkeep
|
|t:|1758255309
|switch|p1a: Zapdos|Zapdos|100/100
|turn|15
|
|t:|1758255314
|move|p1a: Zapdos|Volt Switch|p2a: Adam Ondra
|-resisted|p2a: Adam Ondra
|-damage|p2a: Adam Ondra|5/100
|
|t:|1758255318
|switch|p1a: Iron Crown|Iron Crown|100/100|[from] Volt Switch
|move|p2a: Adam Ondra|Thunderbolt|p1a: Iron Crown
|-damage|p1a: Iron Crown|75/100
|-status|p1a: Iron Crown|par
|
|upkeep
|turn|16
|
|t:|1758255323
|move|p2a: Adam Ondra|Thunderbolt|p1a: Iron Crown
|-damage|p1a: Iron Crown|51/100 par
|move|p1a: Iron Crown|Volt Switch|p2a: Adam Ondra
|-resisted|p2a: Adam Ondra
|-damage|p2a: Adam Ondra|0 fnt
|faint|p2a: Adam Ondra
|-end|p2a: Adam Ondra|Protosynthesis|[silent]
|
|t:|1758255328
|-end|p1a: Iron Crown|Quark Drive|[silent]
|switch|p1a: Dragapult|Dragapult, M|100/100|[from] Volt Switch
|
|upkeep
|inactive|Un Sospiro has 120 seconds left.
|
|t:|1758255370
|switch|p2a: Banshoman|Torkoal, F|100/100
|-weather|SunnyDay|[from] ability: Drought|[of] p2a: Banshoman
|turn|17
|
|t:|1758255375
|move|p1a: Dragapult|Dragon Darts|p2a: Banshoman
|-damage|p2a: Banshoman|88/100
|-anim|p1a: Dragapult|Dragon Darts|p2a: Banshoman
|-damage|p2a: Banshoman|77/100
|move|p2a: Banshoman|Stealth Rock|p1a: Dragapult
|-sidestart|p1: Shibuya Arc|move: Stealth Rock
|
|-weather|SunnyDay|[upkeep]
|upkeep
|turn|18
|
|t:|1758255387
|move|p1a: Dragapult|Hex|p2a: Banshoman
|-damage|p2a: Banshoman|44/100
|move|p2a: Banshoman|Will-O-Wisp|p1a: Dragapult
|-status|p1a: Dragapult|brn
|
|-weather|SunnyDay|[upkeep]
|-damage|p1a: Dragapult|95/100 brn|[from] brn
|upkeep
|turn|19
|
|t:|1758255396
|move|p1a: Dragapult|Dragon Darts|p2a: Banshoman
|-damage|p2a: Banshoman|38/100
|-anim|p1a: Dragapult|Dragon Darts|p2a: Banshoman
|-crit|p2a: Banshoman
|-damage|p2a: Banshoman|28/100
|move|p2a: Banshoman|Lava Plume|p1a: Dragapult
|-resisted|p1a: Dragapult
|-damage|p1a: Dragapult|69/100 brn
|
|-weather|SunnyDay|[upkeep]
|-damage|p1a: Dragapult|63/100 brn|[from] brn
|upkeep
|turn|20
|
|t:|1758255408
|move|p1a: Dragapult|U-turn|p2a: Banshoman
|-resisted|p2a: Banshoman
|-damage|p2a: Banshoman|25/100
|
|t:|1758255415
|switch|p1a: Zapdos|Zapdos|100/100|[from] U-turn
|move|p2a: Banshoman|Lava Plume|p1a: Zapdos
|-damage|p1a: Zapdos|59/100
|
|-weather|SunnyDay|[upkeep]
|upkeep
|turn|21
|
|t:|1758255434
|move|p1a: Zapdos|Roost|p1a: Zapdos
|-heal|p1a: Zapdos|100/100
|-singleturn|p1a: Zapdos|move: Roost
|move|p2a: Banshoman|Lava Plume|p1a: Zapdos
|-crit|p1a: Zapdos
|-damage|p1a: Zapdos|39/100
|-status|p1a: Zapdos|brn
|
|-weather|SunnyDay|[upkeep]
|-damage|p1a: Zapdos|33/100 brn|[from] brn
|upkeep
|turn|22
|
|t:|1758255444
|switch|p2a: Mr. Conductor|Walking Wake|100/100
|-activate|p2a: Mr. Conductor|ability: Protosynthesis
|-start|p2a: Mr. Conductor|protosynthesisspe
|move|p1a: Zapdos|Hurricane|p2a: Mr. Conductor|[miss]
|-miss|p1a: Zapdos|p2a: Mr. Conductor
|
|-weather|SunnyDay|[upkeep]
|-damage|p1a: Zapdos|27/100 brn|[from] brn
|upkeep
|turn|23
|
|t:|1758255448
|move|p2a: Mr. Conductor|Hydro Steam|p1a: Zapdos
|-damage|p1a: Zapdos|0 fnt
|faint|p1a: Zapdos
|
|-weather|SunnyDay|[upkeep]
|upkeep
|
|t:|1758255455
|switch|p1a: Dragapult|Dragapult, M|63/100 brn
|turn|24
|
|t:|1758255466
|switch|p1a: Iron Crown|Iron Crown|51/100 par
|-damage|p1a: Iron Crown|44/100 par|[from] Stealth Rock
|move|p2a: Mr. Conductor|Draco Meteor|p1a: Iron Crown
|-resisted|p1a: Iron Crown
|-damage|p1a: Iron Crown|9/100 par
|-unboost|p2a: Mr. Conductor|spa|2
|
|-weather|none
|-end|p2a: Mr. Conductor|Protosynthesis
|upkeep
|turn|25
|
|t:|1758255473
|-end|p1a: Iron Crown|Quark Drive|[silent]
|switch|p1a: Dragapult|Dragapult, M|63/100 brn
|move|p2a: Mr. Conductor|Flip Turn|p1a: Dragapult
|-resisted|p1a: Dragapult
|-damage|p1a: Dragapult|52/100 brn
|-start|p2a: Mr. Conductor|Disable|Flip Turn|[from] ability: Cursed Body|[of] p1a: Dragapult
|
|t:|1758255483
|-end|p2a: Mr. Conductor|Protosynthesis|[silent]
|switch|p2a: Banshoman|Torkoal, F|25/100|[from] Flip Turn
|-heal|p2a: Banshoman|100/100|[from] move: Healing Wish
|-weather|SunnyDay|[from] ability: Drought|[of] p2a: Banshoman
|
|-weather|SunnyDay|[upkeep]
|-damage|p1a: Dragapult|46/100 brn|[from] brn
|upkeep
|turn|26
|
|t:|1758255487
|move|p1a: Dragapult|Will-O-Wisp|p2a: Banshoman
|-immune|p2a: Banshoman
|move|p2a: Banshoman|Lava Plume|p1a: Dragapult
|-resisted|p1a: Dragapult
|-damage|p1a: Dragapult|17/100 brn
|
|-weather|SunnyDay|[upkeep]
|-damage|p1a: Dragapult|11/100 brn|[from] brn
|upkeep
|turn|27
|
|t:|1758255494
|move|p1a: Dragapult|Hex|p2a: Banshoman
|-damage|p2a: Banshoman|63/100
|move|p2a: Banshoman|Lava Plume|p1a: Dragapult
|-resisted|p1a: Dragapult
|-damage|p1a: Dragapult|0 fnt
|-start|p2a: Banshoman|Disable|Lava Plume|[from] ability: Cursed Body|[of] p1a: Dragapult
|faint|p1a: Dragapult
|
|-weather|SunnyDay|[upkeep]
|upkeep
|
|t:|1758255503
|switch|p1a: Iron Crown|Iron Crown|9/100 par
|-damage|p1a: Iron Crown|3/100 par|[from] Stealth Rock
|turn|28
|
|t:|1758255510
|cant|p1a: Iron Crown|par
|move|p2a: Banshoman|Rapid Spin|p1a: Iron Crown
|-resisted|p1a: Iron Crown
|-damage|p1a: Iron Crown|0 fnt
|-boost|p2a: Banshoman|spe|1
|faint|p1a: Iron Crown
|-end|p1a: Iron Crown|Quark Drive|[silent]
|
|win|Un Sospiro
|raw|Shibuya Arc's rating: 1569 &rarr; <strong>1549</strong><br />(-20 for losing)
|raw|Un Sospiro's rating: 1569 &rarr; <strong>1589</strong><br />(+20 for winning)
|l|☆Shibuya Arc
|player|p1|
|l|☆Un Sospiro
|player|p2|
