|j|☆St. Saturn
|j|☆Gyltia
|t:|1758248456
|gametype|singles
|player|p1|St. Saturn|hilbert|1394
|player|p2|Gyltia|musician|1461
|gen|9
|tier|[Gen 9] OU
|rated|
|rule|HP Percentage Mod: HP is shown in percentages
|rule|Endless Battle Clause: Forcing endless battles is banned
|rule|Species Clause: Limit one of each Pokémon
|rule|OHKO Clause: OHKO moves are banned
|rule|Evasion Items Clause: Evasion items are banned
|rule|Evasion Moves Clause: Evasion moves are banned
|rule|Evasion Abilities Clause: Evasion abilities are banned
|rule|Sleep Moves Clause: Sleep-inducing moves are banned
|clearpoke
|poke|p1|Dragapult, M|
|poke|p1|Dragonite, F|
|poke|p1|Ting-Lu|
|poke|p1|Weezing-Galar, F|
|poke|p1|Iron Crown|
|poke|p1|Zapdos|
|poke|p2|Pelipper, F|
|poke|p2|Hatterene, F|
|poke|p2|Iron Treads|
|poke|p2|Toxicroak, F|
|poke|p2|Barraskewda, F|
|poke|p2|Zapdos|
|teampreview
|inactive|Battle timer is ON: inactive players will automatically lose when time's up. (requested by St. Saturn)
|
|t:|1758248472
|teamsize|p1|6
|teamsize|p2|6
|start
|switch|p1a: Zapdos|Zapdos|100/100
|switch|p2a: Pelipper|Pelipper, F|100/100
|-weather|RainDance|[from] ability: Drizzle|[of] p2a: Pelipper
|turn|1
|
|t:|1758248478
|switch|p2a: Iron Treads|Iron Treads|100/100
|move|p1a: Zapdos|Heat Wave|p2a: Iron Treads
|-supereffective|p2a: Iron Treads
|-damage|p2a: Iron Treads|75/100
|
|-weather|RainDance|[upkeep]
|-heal|p2a: Iron Treads|81/100|[from] item: Leftovers
|upkeep
|turn|2
|
|t:|1758248487
|move|p1a: Zapdos|Hurricane|p2a: Iron Treads
|-resisted|p2a: Iron Treads
|-damage|p2a: Iron Treads|59/100
|move|p2a: Iron Treads|Stealth Rock|p1a: Zapdos
|-sidestart|p1: St. Saturn|move: Stealth Rock
|
|-weather|RainDance|[upkeep]
|-heal|p2a: Iron Treads|65/100|[from] item: Leftovers
|upkeep
|turn|3
|
|t:|1758248493
|move|p1a: Zapdos|Hurricane|p2a: Iron Treads
|-resisted|p2a: Iron Treads
|-damage|p2a: Iron Treads|44/100
|move|p2a: Iron Treads|Volt Switch|p1a: Zapdos
|-damage|p1a: Zapdos|88/100
|
|t:|1758248511
|-end|p2a: Iron Treads|Quark Drive|[silent]
|switch|p2a: Zapdos|Zapdos|100/100|[from] Volt Switch
|
|-weather|RainDance|[upkeep]
|upkeep
|turn|4
|
|t:|1758248515
|move|p2a: Zapdos|Weather Ball|p1a: Zapdos
|-damage|p1a: Zapdos|7/100
|move|p1a: Zapdos|Volt Switch|p2a: Zapdos
|-damage|p2a: Zapdos|58/100
|
|t:|1758248526
|switch|p1a: Dragapult|Dragapult, M|100/100|[from] Volt Switch
|
|-weather|RainDance|[upkeep]
|upkeep
|turn|5
|
|t:|1758248537
|switch|p2a: Hatterene|Hatterene, F|100/100
|move|p1a: Dragapult|Dragon Darts|p2a: Hatterene
|-immune|p2a: Hatterene
|
|-weather|RainDance|[upkeep]
|upkeep
|turn|6
|
|t:|1758248551
|move|p1a: Dragapult|U-turn|p2a: Hatterene
|-damage|p2a: Hatterene|84/100
|-enditem|p2a: Hatterene|Eject Button
|
|t:|1758248566
|switch|p2a: Barraskewda|Barraskewda, F|100/100
|
|-weather|RainDance|[upkeep]
|upkeep
|turn|7
|
|t:|1758248575
|switch|p1a: Weezing|Weezing-Galar, F|100/100
|-ability|p1a: Weezing|Neutralizing Gas
|move|p2a: Barraskewda|Flip Turn|p1a: Weezing
|-damage|p1a: Weezing|49/100
|
|t:|1758248582
|switch|p2a: Zapdos|Zapdos|58/100|[from] Flip Turn
|
|-weather|RainDance|[upkeep]
|upkeep
|turn|8
|
|t:|1758248593
|-end|p1a: Weezing|ability: Neutralizing Gas
|switch|p1a: Zapdos|Zapdos|7/100
|move|p2a: Zapdos|Hurricane|p1a: Zapdos
|-resisted|p1a: Zapdos
|-damage|p1a: Zapdos|0 fnt
|faint|p1a: Zapdos
|
|-weather|none
|upkeep
|
|t:|1758248607
|switch|p1a: Iron Crown|Iron Crown|100/100
|-damage|p1a: Iron Crown|94/100|[from] Stealth Rock
|turn|9
|
|t:|1758248621
|switch|p2a: Iron Treads|Iron Treads|44/100
|move|p1a: Iron Crown|Psyshock|p2a: Iron Treads
|-resisted|p2a: Iron Treads
|-damage|p2a: Iron Treads|21/100
|
|-heal|p2a: Iron Treads|27/100|[from] item: Leftovers
|upkeep
|turn|10
|
|t:|1758248629
|move|p1a: Iron Crown|Psyshock|p2a: Iron Treads
|-resisted|p2a: Iron Treads
|-damage|p2a: Iron Treads|3/100
|move|p2a: Iron Treads|Earthquake|p1a: Iron Crown
|-supereffective|p1a: Iron Crown
|-damage|p1a: Iron Crown|12/100
|
|-heal|p2a: Iron Treads|9/100|[from] item: Leftovers
|upkeep
|turn|11
|
|t:|1758248638
|move|p1a: Iron Crown|Psyshock|p2a: Iron Treads
|-resisted|p2a: Iron Treads
|-damage|p2a: Iron Treads|0 fnt
|faint|p2a: Iron Treads
|-end|p2a: Iron Treads|Quark Drive|[silent]
|
|upkeep
|
|t:|1758248647
|switch|p2a: Zapdos|Zapdos|58/100
|turn|12
|
|t:|1758248653
|move|p2a: Zapdos|Volt Switch|p1a: Iron Crown
|-damage|p1a: Iron Crown|0 fnt
|faint|p1a: Iron Crown
|-end|p1a: Iron Crown|Quark Drive|[silent]
|
|t:|1758248656
|switch|p2a: Pelipper|Pelipper, F|100/100|[from] Volt Switch
|-weather|RainDance|[from] ability: Drizzle|[of] p2a: Pelipper
|
|-weather|RainDance|[upkeep]
|upkeep
|
|t:|1758248684
|switch|p1a: Dragonite|Dragonite, F|100/100
|turn|13
|
|t:|1758248705
|move|p1a: Dragonite|Dragon Dance|p1a: Dragonite
|-boost|p1a: Dragonite|atk|1
|-boost|p1a: Dragonite|spe|1
|move|p2a: Pelipper|U-turn|p1a: Dragonite
|-resisted|p1a: Dragonite
|-damage|p1a: Dragonite|98/100
|inactive|Gyltia has 120 seconds left.
|
|t:|1758248723
|switch|p2a: Barraskewda|Barraskewda, F|100/100|[from] U-turn
|
|-weather|RainDance|[upkeep]
|upkeep
|turn|14
|inactive|Gyltia has 120 seconds left.
|
|t:|1758248743
|-terastallize|p2a: Barraskewda|Water
|-terastallize|p1a: Dragonite|Normal
|move|p1a: Dragonite|Extreme Speed|p2a: Barraskewda
|-damage|p2a: Barraskewda|0 fnt
|faint|p2a: Barraskewda
|
|-weather|RainDance|[upkeep]
|upkeep
|
|t:|1758248751
|switch|p2a: Toxicroak|Toxicroak, F|100/100
|turn|15
|inactive|Gyltia has 120 seconds left.
|
|t:|1758248758
|move|p1a: Dragonite|Earthquake|p2a: Toxicroak
|-supereffective|p2a: Toxicroak
|-damage|p2a: Toxicroak|0 fnt
|faint|p2a: Toxicroak
|
|-weather|RainDance|[upkeep]
|upkeep
|inactive|Gyltia has 120 seconds left.
|
|t:|1758248763
|switch|p2a: Zapdos|Zapdos|58/100
|turn|16
|
|t:|1758248769
|move|p1a: Dragonite|Extreme Speed|p2a: Zapdos
|-damage|p2a: Zapdos|0 fnt
|faint|p2a: Zapdos
|
|-weather|RainDance|[upkeep]
|upkeep
|-message|Gyltia forfeited.
|
|win|St. Saturn
|raw|St. Saturn's rating: 1394 &rarr; <strong>1418</strong><br />(+24 for winning)
|raw|Gyltia's rating: 1461 &rarr; <strong>1437</strong><br />(-24 for losing)
|l|☆Gyltia
|player|p2|
