|j|☆madewithstupidity
|j|☆deusyancha
|t:|1758306066
|gametype|singles
|player|p1|madewithstupidity|alder|1308
|player|p2|deusyancha|hiker|1320
|gen|9
|tier|[Gen 9] OU
|rated|
|rule|HP Percentage Mod: HP is shown in percentages
|rule|Endless Battle Clause: Forcing endless battles is banned
|rule|Species Clause: Limit one of each Pokémon
|rule|OHKO Clause: OHKO moves are banned
|rule|Evasion Items Clause: Evasion items are banned
|rule|Evasion Moves Clause: Evasion moves are banned
|rule|Evasion Abilities Clause: Evasion abilities are banned
|rule|Sleep Moves Clause: Sleep-inducing moves are banned
|clearpoke
|poke|p1|Iron Hands|
|poke|p1|Slowbro, M|
|poke|p1|Hatterene, F|
|poke|p1|Hoopa-Unbound|
|poke|p1|Indeedee, M|
|poke|p1|Ursaluna, M|
|poke|p2|Pelipper, M|
|poke|p2|Zapdos|
|poke|p2|Scizor, M|
|poke|p2|Hatterene, F|
|poke|p2|Iron Treads|
|poke|p2|Barraskewda, M|
|teampreview
|inactive|Battle timer is ON: inactive players will automatically lose when time's up. (requested by madewithstupidity)
|j| hcccccc
|
|t:|1758306095
|teamsize|p1|6
|teamsize|p2|6
|start
|switch|p1a: Hoopa|Hoopa-Unbound|100/100
|switch|p2a: Pelipper|Pelipper, M|100/100
|-weather|RainDance|[from] ability: Drizzle|[of] p2a: Pelipper
|turn|1
|
|t:|1758306099
|move|p2a: Pelipper|U-turn|p1a: Hoopa
|-supereffective|p1a: Hoopa
|-damage|p1a: Hoopa|47/100
|
|t:|1758306102
|switch|p2a: Hatterene|Hatterene, F|100/100|[from] U-turn
|move|p1a: Hoopa|Trick Room|p1a: Hoopa
|-fieldstart|move: Trick Room|[of] p1a: Hoopa
|
|-weather|RainDance|[upkeep]
|upkeep
|turn|2
|
|t:|1758306109
|move|p2a: Hatterene|Nuzzle|p1a: Hoopa
|-damage|p1a: Hoopa|41/100
|-status|p1a: Hoopa|par
|cant|p1a: Hoopa|par
|
|-weather|RainDance|[upkeep]
|upkeep
|turn|3
|
|t:|1758306115
|cant|p1a: Hoopa|par
|move|p2a: Hatterene|Draining Kiss|p1a: Hoopa
|-supereffective|p1a: Hoopa
|-damage|p1a: Hoopa|0 fnt
|faint|p1a: Hoopa
|
|-weather|RainDance|[upkeep]
|upkeep
|
|t:|1758306123
|switch|p1a: Ursaluna|Ursaluna, M, shiny|100/100
|turn|4
|
|t:|1758306128
|switch|p2a: Pelipper|Pelipper, M|100/100
|move|p1a: Ursaluna|Facade|p2a: Pelipper
|-damage|p2a: Pelipper|68/100
|
|-weather|RainDance|[upkeep]
|-status|p1a: Ursaluna|brn|[from] item: Flame Orb
|upkeep
|turn|5
|
|t:|1758306134
|switch|p2a: Iron Treads|Iron Treads|100/100
|-enditem|p2a: Iron Treads|Booster Energy
|-activate|p2a: Iron Treads|ability: Quark Drive|[fromitem]
|-start|p2a: Iron Treads|quarkdrivespe
|move|p1a: Ursaluna|Facade|p2a: Iron Treads
|-resisted|p2a: Iron Treads
|-damage|p2a: Iron Treads|45/100
|
|-weather|RainDance|[upkeep]
|-damage|p1a: Ursaluna|94/100 brn|[from] brn
|-fieldend|move: Trick Room
|upkeep
|turn|6
|
|t:|1758306145
|move|p2a: Iron Treads|Earthquake|p1a: Ursaluna
|-damage|p1a: Ursaluna|62/100 brn
|move|p1a: Ursaluna|Facade|p2a: Iron Treads
|-resisted|p2a: Iron Treads
|-damage|p2a: Iron Treads|0 fnt
|faint|p2a: Iron Treads
|-end|p2a: Iron Treads|Quark Drive|[silent]
|
|-weather|RainDance|[upkeep]
|-damage|p1a: Ursaluna|56/100 brn|[from] brn
|upkeep
|
|t:|1758306149
|switch|p2a: Barraskewda|Barraskewda, M|100/100
|turn|7
|
|t:|1758306153
|switch|p1a: Slowbro|Slowbro, M, shiny|100/100
|move|p2a: Barraskewda|Flip Turn|p1a: Slowbro
|-resisted|p1a: Slowbro
|-crit|p1a: Slowbro
|-damage|p1a: Slowbro|56/100
|
|t:|1758306155
|switch|p2a: Zapdos|Zapdos|100/100|[from] Flip Turn
|
|-weather|RainDance|[upkeep]
|upkeep
|turn|8
|
|t:|1758306162
|switch|p1a: Ursaluna|Ursaluna, M, shiny|56/100 brn
|move|p2a: Zapdos|Hurricane|p1a: Ursaluna
|-damage|p1a: Ursaluna|0 fnt
|faint|p1a: Ursaluna
|
|-weather|none
|upkeep
|
|t:|1758306167
|switch|p1a: Hatterene|Hatterene, F, shiny|100/100
|turn|9
|
|t:|1758306171
|switch|p2a: Scizor|Scizor, M|100/100
|move|p1a: Hatterene|Trick Room|p1a: Hatterene
|-fieldstart|move: Trick Room|[of] p1a: Hatterene
|
|upkeep
|turn|10
|
|t:|1758306175
|move|p1a: Hatterene|Mystical Fire|p2a: Scizor
|-supereffective|p2a: Scizor
|-damage|p2a: Scizor|0 fnt
|faint|p2a: Scizor
|
|upkeep
|
|t:|1758306179
|switch|p2a: Pelipper|Pelipper, M|68/100
|-weather|RainDance|[from] ability: Drizzle|[of] p2a: Pelipper
|turn|11
|
|t:|1758306183
|move|p1a: Hatterene|Expanding Force|p2a: Pelipper
|-damage|p2a: Pelipper|0 fnt
|faint|p2a: Pelipper
|
|-weather|RainDance|[upkeep]
|upkeep
|
|t:|1758306186
|switch|p2a: Hatterene|Hatterene, F|100/100
|turn|12
|
|t:|1758306191
|switch|p1a: Indeedee|Indeedee, M, shiny|100/100
|-fieldstart|move: Psychic Terrain|[from] ability: Psychic Surge|[of] p1a: Indeedee
|move|p2a: Hatterene|Psyshock|p1a: Indeedee
|-resisted|p1a: Indeedee
|-damage|p1a: Indeedee|72/100
|
|-weather|RainDance|[upkeep]
|upkeep
|turn|13
|
|t:|1758306197
|switch|p2a: Zapdos|Zapdos|100/100
|move|p1a: Indeedee|Expanding Force|p2a: Zapdos
|-damage|p2a: Zapdos|30/100
|
|-weather|RainDance|[upkeep]
|-fieldend|move: Trick Room
|upkeep
|turn|14
|
|t:|1758306203
|-terastallize|p2a: Zapdos|Flying
|move|p2a: Zapdos|Hurricane|p1a: Indeedee
|-damage|p1a: Indeedee|0 fnt
|faint|p1a: Indeedee
|
|-weather|RainDance|[upkeep]
|upkeep
|
|t:|1758306206
|switch|p1a: Hatterene|Hatterene, F, shiny|100/100
|turn|15
|
|t:|1758306212
|-terastallize|p1a: Hatterene|Steel
|move|p2a: Zapdos|Hurricane|p1a: Hatterene
|-resisted|p1a: Hatterene
|-damage|p1a: Hatterene|47/100
|move|p1a: Hatterene|Trick Room|p1a: Hatterene
|-fieldstart|move: Trick Room|[of] p1a: Hatterene
|
|-weather|RainDance|[upkeep]
|upkeep
|turn|16
|
|t:|1758306217
|switch|p2a: Hatterene|Hatterene, F|100/100
|move|p1a: Hatterene|Expanding Force|p2a: Hatterene
|-resisted|p2a: Hatterene
|-damage|p2a: Hatterene|72/100
|
|-weather|RainDance|[upkeep]
|upkeep
|turn|17
|
|t:|1758306220
|switch|p1a: Iron Hands|Iron Hands, shiny|100/100
|move|p2a: Hatterene|Nuzzle|p1a: Iron Hands
|-resisted|p1a: Iron Hands
|-damage|p1a: Iron Hands|99/100
|
|-weather|RainDance|[upkeep]
|upkeep
|turn|18
|
|t:|1758306228
|move|p2a: Hatterene|Draining Kiss|p1a: Iron Hands
|-supereffective|p1a: Iron Hands
|-damage|p1a: Iron Hands|66/100
|-heal|p2a: Hatterene|100/100|[from] drain|[of] p1a: Iron Hands
|move|p1a: Iron Hands|Heavy Slam|p2a: Hatterene
|-supereffective|p2a: Hatterene
|-damage|p2a: Hatterene|0 fnt
|faint|p2a: Hatterene
|
|-weather|none
|upkeep
|
|t:|1758306234
|switch|p2a: Barraskewda|Barraskewda, M|100/100
|turn|19
|
|t:|1758306238
|move|p1a: Iron Hands|Supercell Slam|p2a: Barraskewda
|-supereffective|p2a: Barraskewda
|-damage|p2a: Barraskewda|0 fnt
|faint|p2a: Barraskewda
|
|-fieldend|move: Trick Room
|-fieldend|move: Psychic Terrain
|upkeep
|
|t:|1758306240
|switch|p2a: Zapdos|Zapdos, tera:Flying|30/100
|turn|20
|
|t:|1758306243
|move|p2a: Zapdos|Hurricane|p1a: Iron Hands
|-damage|p1a: Iron Hands|3/100
|-start|p1a: Iron Hands|confusion
|-activate|p1a: Iron Hands|confusion
|-damage|p1a: Iron Hands|0 fnt|[from] confusion
|faint|p1a: Iron Hands
|-end|p1a: Iron Hands|Quark Drive|[silent]
|
|upkeep
|
|t:|1758306247
|switch|p1a: Hatterene|Hatterene, F, shiny, tera:Steel|47/100
|turn|21
|
|t:|1758306252
|move|p2a: Zapdos|Hurricane|p1a: Hatterene
|-resisted|p1a: Hatterene
|-damage|p1a: Hatterene|0 fnt
|faint|p1a: Hatterene
|
|upkeep
|
|t:|1758306254
|switch|p1a: Slowbro|Slowbro, M, shiny|89/100
|turn|22
|
|t:|1758306255
|move|p2a: Zapdos|Hurricane|p1a: Slowbro|[miss]
|-miss|p2a: Zapdos|p1a: Slowbro
|move|p1a: Slowbro|Trick Room|p1a: Slowbro
|-fieldstart|move: Trick Room|[of] p1a: Slowbro
|
|upkeep
|turn|23
|
|t:|1758306260
|move|p1a: Slowbro|Expanding Force|p2a: Zapdos
|-damage|p2a: Zapdos|0 fnt
|faint|p2a: Zapdos
|
|win|madewithstupidity
|raw|madewithstupidity's rating: 1308 &rarr; <strong>1329</strong><br />(+21 for winning)
|raw|deusyancha's rating: 1320 &rarr; <strong>1299</strong><br />(-21 for losing)
|l|☆deusyancha
|player|p2|
|l|☆madewithstupidity
|player|p1|
