|j|☆Esiroi974
|j|☆DuckyBoi1709
|t:|1758289173
|gametype|singles
|player|p1|Esiroi974|265|1227
|player|p2|DuckyBoi1709|rood|1244
|gen|9
|tier|[Gen 9] OU
|rated|
|rule|HP Percentage Mod: HP is shown in percentages
|rule|Endless Battle Clause: Forcing endless battles is banned
|rule|Species Clause: Limit one of each Pokémon
|rule|OHKO Clause: OHKO moves are banned
|rule|Evasion Items Clause: Evasion items are banned
|rule|Evasion Moves Clause: Evasion moves are banned
|rule|Evasion Abilities Clause: Evasion abilities are banned
|rule|Sleep Moves Clause: Sleep-inducing moves are banned
|clearpoke
|poke|p1|Garganacl, M|
|poke|p1|Weezing-Galar, F|
|poke|p1|Corviknight, M|
|poke|p1|Dragapult, M|
|poke|p1|Slowking-Galar, M|
|poke|p1|Samurott-Hisui, F|
|poke|p2|Dragonite, F|
|poke|p2|Gholdengo|
|poke|p2|Regidrago|
|poke|p2|Scizor, F|
|poke|p2|Ting-Lu|
|poke|p2|Weezing-Galar, M|
|teampreview
|inactive|Battle timer is ON: inactive players will automatically lose when time's up. (requested by DuckyBoi1709)
|inactive|Esiroi974 also wants the timer to be on.
|
|t:|1758289182
|teamsize|p1|6
|teamsize|p2|6
|start
|switch|p1a: Kidney Stones|Garganacl, M|100/100
|switch|p2a: Weezing|Weezing-Galar, M|100/100
|-ability|p2a: Weezing|Neutralizing Gas
|turn|1
|
|t:|1758289188
|move|p2a: Weezing|Will-O-Wisp|p1a: Kidney Stones
|-status|p1a: Kidney Stones|brn
|move|p1a: Kidney Stones|Stealth Rock|p2a: Weezing
|-sidestart|p2: DuckyBoi1709|move: Stealth Rock
|
|-damage|p1a: Kidney Stones|94/100 brn|[from] brn
|upkeep
|turn|2
|
|t:|1758289196
|switch|p1a: Cancer|Slowking-Galar, M|100/100
|move|p2a: Weezing|Defog|p1a: Cancer
|-unboost|p1a: Cancer|evasion|1
|-sideend|p2: DuckyBoi1709|Stealth Rock|[from] move: Defog|[of] p2a: Weezing
|
|upkeep
|turn|3
|
|t:|1758289207
|move|p2a: Weezing|Will-O-Wisp|p1a: Cancer
|-status|p1a: Cancer|brn
|move|p1a: Cancer|Future Sight|p2a: Weezing
|-start|p1a: Cancer|move: Future Sight
|
|-damage|p1a: Cancer|94/100 brn|[from] brn
|upkeep
|turn|4
|
|t:|1758289217
|-end|p2a: Weezing|ability: Neutralizing Gas
|switch|p2a: Gholdengo|Gholdengo|100/100
|move|p1a: Cancer|Psychic Noise|p2a: Gholdengo
|-resisted|p2a: Gholdengo
|-damage|p2a: Gholdengo|83/100
|-start|p2a: Gholdengo|move: Heal Block
|
|-damage|p1a: Cancer|88/100 brn|[from] brn
|upkeep
|turn|5
|
|t:|1758289229
|switch|p1a: Infection|Samurott-Hisui, F|100/100
|move|p2a: Gholdengo|Make It Rain|p1a: Infection
|-resisted|p1a: Infection
|-damage|p1a: Infection|34/100
|-unboost|p2a: Gholdengo|spa|1
|
|-end|p2a: Gholdengo|move: Future Sight
|-resisted|p2a: Gholdengo
|-damage|p2a: Gholdengo|58/100
|-end|p2a: Gholdengo|move: Heal Block
|upkeep
|turn|6
|
|t:|1758289242
|switch|p2a: Scizor|Scizor, F|100/100
|move|p1a: Infection|Razor Shell|p2a: Scizor
|-damage|p2a: Scizor|47/100
|-unboost|p2a: Scizor|def|1
|
|upkeep
|turn|7
|
|t:|1758289249
|move|p2a: Scizor|Bullet Punch|p1a: Infection
|-resisted|p1a: Infection
|-damage|p1a: Infection|3/100
|move|p1a: Infection|Razor Shell|p2a: Scizor
|-damage|p2a: Scizor|0 fnt
|faint|p2a: Scizor
|
|upkeep
|
|t:|1758289255
|switch|p2a: Weezing|Weezing-Galar, M|100/100
|-ability|p2a: Weezing|Neutralizing Gas
|turn|8
|
|t:|1758289263
|switch|p1a: Cancer|Slowking-Galar, M|100/100 brn
|move|p2a: Weezing|Sludge Bomb|p1a: Cancer
|-resisted|p1a: Cancer
|-damage|p1a: Cancer|95/100 brn
|
|-damage|p1a: Cancer|89/100 brn|[from] brn
|upkeep
|turn|9
|
|t:|1758289272
|-end|p2a: Weezing|ability: Neutralizing Gas
|switch|p2a: Dragonite|Dragonite, F|100/100
|move|p1a: Cancer|Psychic Noise|p2a: Dragonite
|-damage|p2a: Dragonite|86/100
|-start|p2a: Dragonite|move: Heal Block
|
|-damage|p1a: Cancer|83/100 brn|[from] brn
|upkeep
|turn|10
|
|t:|1758289284
|switch|p2a: Gholdengo|Gholdengo|58/100
|switch|p1a: AIDS|Weezing-Galar, F|100/100
|-ability|p1a: AIDS|Neutralizing Gas
|
|upkeep
|turn|11
|
|t:|1758289292
|-end|p1a: AIDS|ability: Neutralizing Gas
|switch|p1a: Cancer|Slowking-Galar, M|100/100 brn
|move|p2a: Gholdengo|Recover|p2a: Gholdengo
|-heal|p2a: Gholdengo|100/100
|
|-damage|p1a: Cancer|94/100 brn|[from] brn
|upkeep
|turn|12
|
|t:|1758289300
|move|p2a: Gholdengo|Make It Rain|p1a: Cancer
|-damage|p1a: Cancer|59/100 brn
|-unboost|p2a: Gholdengo|spa|1
|move|p1a: Cancer|Flamethrower|p2a: Gholdengo
|-supereffective|p2a: Gholdengo
|-damage|p2a: Gholdengo|45/100
|-status|p2a: Gholdengo|brn
|
|-damage|p2a: Gholdengo|39/100 brn|[from] brn
|-damage|p1a: Cancer|52/100 brn|[from] brn
|upkeep
|turn|13
|
|t:|1758289314
|switch|p2a: Regidrago|Regidrago|100/100
|move|p1a: Cancer|Flamethrower|p2a: Regidrago
|-resisted|p2a: Regidrago
|-damage|p2a: Regidrago|86/100
|
|-damage|p1a: Cancer|46/100 brn|[from] brn
|upkeep
|turn|14
|
|t:|1758289323
|switch|p1a: AIDS|Weezing-Galar, F|100/100
|-ability|p1a: AIDS|Neutralizing Gas
|move|p2a: Regidrago|Earth Power|p1a: AIDS
|-supereffective|p1a: AIDS
|-damage|p1a: AIDS|33/100
|
|-heal|p1a: AIDS|39/100|[from] item: Black Sludge
|upkeep
|turn|15
|
|t:|1758289343
|-end|p1a: AIDS|ability: Neutralizing Gas
|switch|p1a: Blood Pressure|Corviknight, M|100/100
|-ability|p1a: Blood Pressure|Pressure
|move|p2a: Regidrago|Earth Power|p1a: Blood Pressure
|-immune|p1a: Blood Pressure
|
|upkeep
|turn|16
|
|t:|1758289353
|switch|p2a: Gholdengo|Gholdengo|39/100 brn
|move|p1a: Blood Pressure|Brave Bird|p2a: Gholdengo
|-resisted|p2a: Gholdengo
|-damage|p2a: Gholdengo|17/100 brn
|-damage|p1a: Blood Pressure|95/100|[from] Recoil
|
|-damage|p2a: Gholdengo|11/100 brn|[from] brn
|upkeep
|turn|17
|
|t:|1758289362
|switch|p1a: Cancer|Slowking-Galar, M|80/100 brn
|move|p2a: Gholdengo|Recover|p2a: Gholdengo
|-heal|p2a: Gholdengo|61/100 brn
|
|-damage|p2a: Gholdengo|55/100 brn|[from] brn
|-damage|p1a: Cancer|74/100 brn|[from] brn
|upkeep
|turn|18
|
|t:|1758289371
|switch|p2a: Weezing|Weezing-Galar, M|100/100
|-ability|p2a: Weezing|Neutralizing Gas
|move|p1a: Cancer|Psychic Noise|p2a: Weezing
|-supereffective|p2a: Weezing
|-damage|p2a: Weezing|14/100
|-start|p2a: Weezing|move: Heal Block
|
|-damage|p1a: Cancer|67/100 brn|[from] brn
|upkeep
|turn|19
|
|t:|1758289383
|move|p2a: Weezing|Pain Split|p1a: Cancer
|-sethp|p1a: Cancer|40/100 brn|[from] move: Pain Split|[silent]
|-sethp|p2a: Weezing|47/100|[from] move: Pain Split
|move|p1a: Cancer|Psychic Noise|p2a: Weezing
|-supereffective|p2a: Weezing
|-damage|p2a: Weezing|0 fnt
|faint|p2a: Weezing
|-end|p2a: Weezing|ability: Neutralizing Gas
|
|-damage|p1a: Cancer|34/100 brn|[from] brn
|upkeep
|
|t:|1758289400
|switch|p2a: Regidrago|Regidrago|86/100
|turn|20
|
|t:|1758289405
|switch|p1a: Infection|Samurott-Hisui, F|3/100
|move|p2a: Regidrago|Draco Meteor|p1a: Infection
|-damage|p1a: Infection|0 fnt
|-unboost|p2a: Regidrago|spa|2
|faint|p1a: Infection
|
|upkeep
|
|t:|1758289413
|switch|p1a: AIDS|Weezing-Galar, F|39/100
|-ability|p1a: AIDS|Neutralizing Gas
|turn|21
|
|t:|1758289420
|switch|p2a: Gholdengo|Gholdengo|55/100 brn
|move|p1a: AIDS|Pain Split|p2a: Gholdengo
|-sethp|p2a: Gholdengo|48/100 brn|[from] move: Pain Split|[silent]
|-sethp|p1a: AIDS|46/100|[from] move: Pain Split
|
|-heal|p1a: AIDS|52/100|[from] item: Black Sludge
|-damage|p2a: Gholdengo|42/100 brn|[from] brn
|upkeep
|turn|22
|
|t:|1758289430
|-end|p1a: AIDS|ability: Neutralizing Gas
|switch|p1a: Cancer|Slowking-Galar, M|67/100 brn
|move|p2a: Gholdengo|Recover|p2a: Gholdengo
|-heal|p2a: Gholdengo|93/100 brn
|
|-damage|p2a: Gholdengo|87/100 brn|[from] brn
|-damage|p1a: Cancer|61/100 brn|[from] brn
|upkeep
|turn|23
|
|t:|1758289440
|switch|p2a: Dragonite|Dragonite, F|86/100
|move|p1a: Cancer|Flamethrower|p2a: Dragonite
|-resisted|p2a: Dragonite
|-damage|p2a: Dragonite|74/100
|
|-damage|p1a: Cancer|55/100 brn|[from] brn
|upkeep
|turn|24
|
|t:|1758289449
|switch|p1a: Kidney Stones|Garganacl, M|94/100 brn
|move|p2a: Dragonite|Roost|p2a: Dragonite
|-heal|p2a: Dragonite|100/100
|-singleturn|p2a: Dragonite|move: Roost
|
|-heal|p1a: Kidney Stones|100/100 brn|[from] item: Leftovers
|-damage|p1a: Kidney Stones|94/100 brn|[from] brn
|upkeep
|turn|25
|
|t:|1758289462
|switch|p2a: Gholdengo|Gholdengo|87/100 brn
|move|p1a: Kidney Stones|Salt Cure|p2a: Gholdengo
|-resisted|p2a: Gholdengo
|-damage|p2a: Gholdengo|82/100 brn
|-start|p2a: Gholdengo|Salt Cure
|
|-heal|p1a: Kidney Stones|100/100 brn|[from] item: Leftovers
|-damage|p2a: Gholdengo|76/100 brn|[from] brn
|-damage|p1a: Kidney Stones|94/100 brn|[from] brn
|-damage|p2a: Gholdengo|52/100 brn|[from] Salt Cure
|upkeep
|turn|26
|
|t:|1758289472
|switch|p2a: Dragonite|Dragonite, F|100/100
|move|p1a: Kidney Stones|Protect||[still]
|-fail|p1a: Kidney Stones
|
|-heal|p1a: Kidney Stones|100/100 brn|[from] item: Leftovers
|-damage|p1a: Kidney Stones|94/100 brn|[from] brn
|upkeep
|turn|27
|
|t:|1758289480
|move|p2a: Dragonite|Earthquake|p1a: Kidney Stones
|-supereffective|p1a: Kidney Stones
|-damage|p1a: Kidney Stones|47/100 brn
|move|p1a: Kidney Stones|Salt Cure|p2a: Dragonite
|-supereffective|p2a: Dragonite
|-crit|p2a: Dragonite
|-damage|p2a: Dragonite|89/100
|-start|p2a: Dragonite|Salt Cure
|
|-heal|p1a: Kidney Stones|53/100 brn|[from] item: Leftovers
|-damage|p1a: Kidney Stones|47/100 brn|[from] brn
|-damage|p2a: Dragonite|77/100|[from] Salt Cure
|upkeep
|turn|28
|
|t:|1758289492
|move|p2a: Dragonite|Dragon Dance|p2a: Dragonite
|-boost|p2a: Dragonite|atk|1
|-boost|p2a: Dragonite|spe|1
|move|p1a: Kidney Stones|Stealth Rock|p2a: Dragonite
|-sidestart|p2: DuckyBoi1709|move: Stealth Rock
|
|-heal|p1a: Kidney Stones|53/100 brn|[from] item: Leftovers
|-damage|p1a: Kidney Stones|47/100 brn|[from] brn
|-damage|p2a: Dragonite|65/100|[from] Salt Cure
|upkeep
|turn|29
|
|t:|1758289507
|switch|p1a: Blood Pressure|Corviknight, M|95/100
|-ability|p1a: Blood Pressure|Pressure
|move|p2a: Dragonite|Earthquake|p1a: Blood Pressure
|-immune|p1a: Blood Pressure
|
|-damage|p2a: Dragonite|52/100|[from] Salt Cure
|upkeep
|turn|30
|
|t:|1758289515
|move|p2a: Dragonite|Roost|p2a: Dragonite
|-heal|p2a: Dragonite|100/100
|-singleturn|p2a: Dragonite|move: Roost
|move|p1a: Blood Pressure|Iron Defense|p1a: Blood Pressure
|-boost|p1a: Blood Pressure|def|2
|
|-damage|p2a: Dragonite|88/100|[from] Salt Cure
|upkeep
|turn|31
|
|t:|1758289529
|switch|p2a: Gholdengo|Gholdengo|52/100 brn
|-damage|p2a: Gholdengo|46/100 brn|[from] Stealth Rock
|move|p1a: Blood Pressure|Brave Bird|p2a: Gholdengo
|-resisted|p2a: Gholdengo
|-damage|p2a: Gholdengo|26/100 brn
|-damage|p1a: Blood Pressure|89/100|[from] Recoil
|
|-damage|p2a: Gholdengo|20/100 brn|[from] brn
|upkeep
|turn|32
|
|t:|1758289540
|switch|p1a: Cancer|Slowking-Galar, M|88/100 brn
|move|p2a: Gholdengo|Recover|p2a: Gholdengo
|-heal|p2a: Gholdengo|70/100 brn
|
|-damage|p2a: Gholdengo|64/100 brn|[from] brn
|-damage|p1a: Cancer|82/100 brn|[from] brn
|upkeep
|turn|33
|
|t:|1758289548
|switch|p2a: Ting-Lu|Ting-Lu|100/100
|-damage|p2a: Ting-Lu|94/100|[from] Stealth Rock
|-ability|p2a: Ting-Lu|Vessel of Ruin
|move|p1a: Cancer|Flamethrower|p2a: Ting-Lu
|-damage|p2a: Ting-Lu|85/100
|
|-heal|p2a: Ting-Lu|91/100|[from] item: Leftovers
|-damage|p1a: Cancer|76/100 brn|[from] brn
|upkeep
|turn|34
|
|t:|1758289560
|switch|p1a: Blood Pressure|Corviknight, M|89/100
|-ability|p1a: Blood Pressure|Pressure
|move|p2a: Ting-Lu|Stealth Rock|p1a: Blood Pressure
|-sidestart|p1: Esiroi974|move: Stealth Rock
|
|-heal|p2a: Ting-Lu|97/100|[from] item: Leftovers
|upkeep
|turn|35
|
|t:|1758289568
|move|p1a: Blood Pressure|Body Press|p2a: Ting-Lu
|-supereffective|p2a: Ting-Lu
|-damage|p2a: Ting-Lu|71/100
|move|p2a: Ting-Lu|Ruination|p1a: Blood Pressure
|-damage|p1a: Blood Pressure|45/100
|
|-heal|p2a: Ting-Lu|77/100|[from] item: Leftovers
|upkeep
|turn|36
|
|t:|1758289576
|move|p1a: Blood Pressure|Roost|p1a: Blood Pressure
|-heal|p1a: Blood Pressure|95/100
|-singleturn|p1a: Blood Pressure|move: Roost
|move|p2a: Ting-Lu|Whirlwind|p1a: Blood Pressure
|drag|p1a: Heart Attack|Dragapult, M|100/100
|
|-heal|p2a: Ting-Lu|83/100|[from] item: Leftovers
|upkeep
|turn|37
|
|t:|1758289584
|move|p1a: Heart Attack|Will-O-Wisp|p2a: Ting-Lu
|-status|p2a: Ting-Lu|brn
|move|p2a: Ting-Lu|Ruination|p1a: Heart Attack
|-damage|p1a: Heart Attack|51/100
|
|-heal|p2a: Ting-Lu|89/100 brn|[from] item: Leftovers
|-damage|p2a: Ting-Lu|83/100 brn|[from] brn
|upkeep
|turn|38
|
|t:|1758289594
|move|p1a: Heart Attack|U-turn|p2a: Ting-Lu
|-supereffective|p2a: Ting-Lu
|-damage|p2a: Ting-Lu|57/100 brn
|
|t:|1758289601
|switch|p1a: Kidney Stones|Garganacl, M|47/100 brn|[from] U-turn
|-damage|p1a: Kidney Stones|34/100 brn|[from] Stealth Rock
|move|p2a: Ting-Lu|Whirlwind|p1a: Kidney Stones
|drag|p1a: Blood Pressure|Corviknight, M|95/100
|-damage|p1a: Blood Pressure|82/100|[from] Stealth Rock
|-ability|p1a: Blood Pressure|Pressure
|
|-heal|p2a: Ting-Lu|63/100 brn|[from] item: Leftovers
|-damage|p2a: Ting-Lu|57/100 brn|[from] brn
|upkeep
|turn|39
|
|t:|1758289613
|switch|p2a: Gholdengo|Gholdengo|64/100 brn
|-damage|p2a: Gholdengo|58/100 brn|[from] Stealth Rock
|move|p1a: Blood Pressure|Body Press|p2a: Gholdengo
|-immune|p2a: Gholdengo
|
|-damage|p2a: Gholdengo|52/100 brn|[from] brn
|upkeep
|turn|40
|
|t:|1758289621
|switch|p1a: Cancer|Slowking-Galar, M|100/100 brn
|-damage|p1a: Cancer|88/100 brn|[from] Stealth Rock
|move|p2a: Gholdengo|Recover|p2a: Gholdengo
|-heal|p2a: Gholdengo|100/100 brn
|
|-damage|p2a: Gholdengo|94/100 brn|[from] brn
|-damage|p1a: Cancer|82/100 brn|[from] brn
|upkeep
|turn|41
|
|t:|1758289631
|-terastallize|p2a: Gholdengo|Steel
|move|p2a: Gholdengo|Make It Rain|p1a: Cancer
|-damage|p1a: Cancer|36/100 brn
|-unboost|p2a: Gholdengo|spa|1
|move|p1a: Cancer|Future Sight|p2a: Gholdengo
|-start|p1a: Cancer|move: Future Sight
|
|-damage|p2a: Gholdengo|88/100 brn|[from] brn
|-damage|p1a: Cancer|30/100 brn|[from] brn
|upkeep
|turn|42
|
|t:|1758289646
|switch|p1a: Heart Attack|Dragapult, M|51/100
|move|p2a: Gholdengo|Thunderbolt|p1a: Heart Attack
|-resisted|p1a: Heart Attack
|-damage|p1a: Heart Attack|32/100
|
|-damage|p2a: Gholdengo|82/100 brn|[from] brn
|upkeep
|turn|43
|
|t:|1758289657
|switch|p2a: Ting-Lu|Ting-Lu|57/100 brn
|-damage|p2a: Ting-Lu|50/100 brn|[from] Stealth Rock
|-ability|p2a: Ting-Lu|Vessel of Ruin
|move|p1a: Heart Attack|Hex|p2a: Ting-Lu
|-resisted|p2a: Ting-Lu
|-damage|p2a: Ting-Lu|41/100 brn
|
|-end|p2a: Ting-Lu|move: Future Sight
|-immune|p2a: Ting-Lu
|-heal|p2a: Ting-Lu|47/100 brn|[from] item: Leftovers
|-damage|p2a: Ting-Lu|41/100 brn|[from] brn
|upkeep
|turn|44
|
|t:|1758289669
|move|p1a: Heart Attack|U-turn|p2a: Ting-Lu
|-supereffective|p2a: Ting-Lu
|-damage|p2a: Ting-Lu|15/100 brn
|
|t:|1758289675
|switch|p1a: Blood Pressure|Corviknight, M|82/100|[from] U-turn
|-damage|p1a: Blood Pressure|70/100|[from] Stealth Rock
|-ability|p1a: Blood Pressure|Pressure
|move|p2a: Ting-Lu|Ruination|p1a: Blood Pressure
|-damage|p1a: Blood Pressure|35/100
|
|-heal|p2a: Ting-Lu|21/100 brn|[from] item: Leftovers
|-damage|p2a: Ting-Lu|15/100 brn|[from] brn
|upkeep
|turn|45
|
|t:|1758289686
|move|p1a: Blood Pressure|Roost|p1a: Blood Pressure
|-heal|p1a: Blood Pressure|85/100
|-singleturn|p1a: Blood Pressure|move: Roost
|move|p2a: Ting-Lu|Earthquake|p1a: Blood Pressure
|-supereffective|p1a: Blood Pressure
|-damage|p1a: Blood Pressure|64/100
|
|-heal|p2a: Ting-Lu|21/100 brn|[from] item: Leftovers
|-damage|p2a: Ting-Lu|15/100 brn|[from] brn
|upkeep
|turn|46
|
|t:|1758289695
|move|p1a: Blood Pressure|Body Press|p2a: Ting-Lu
|-supereffective|p2a: Ting-Lu
|-damage|p2a: Ting-Lu|0 fnt
|faint|p2a: Ting-Lu
|
|upkeep
|
|t:|1758289700
|switch|p2a: Gholdengo|Gholdengo, tera:Steel|82/100 brn
|-damage|p2a: Gholdengo|76/100 brn|[from] Stealth Rock
|turn|47
|
|t:|1758289708
|move|p2a: Gholdengo|Thunderbolt|p1a: Blood Pressure
|-supereffective|p1a: Blood Pressure
|-damage|p1a: Blood Pressure|0 fnt
|faint|p1a: Blood Pressure
|
|-damage|p2a: Gholdengo|70/100 brn|[from] brn
|upkeep
|
|t:|1758289717
|switch|p1a: Cancer|Slowking-Galar, M|63/100 brn
|-damage|p1a: Cancer|51/100 brn|[from] Stealth Rock
|turn|48
|
|t:|1758289722
|switch|p2a: Dragonite|Dragonite, F|88/100
|move|p1a: Cancer|Flamethrower|p2a: Dragonite
|-resisted|p2a: Dragonite
|-damage|p2a: Dragonite|77/100
|
|-damage|p1a: Cancer|45/100 brn|[from] brn
|upkeep
|turn|49
|
|t:|1758289734
|switch|p1a: AIDS|Weezing-Galar, F|52/100
|-ability|p1a: AIDS|Neutralizing Gas
|-damage|p1a: AIDS|39/100|[from] Stealth Rock
|move|p2a: Dragonite|Earthquake|p1a: AIDS
|-supereffective|p1a: AIDS
|-damage|p1a: AIDS|0 fnt
|faint|p1a: AIDS
|-end|p1a: AIDS|ability: Neutralizing Gas
|
|upkeep
|-message|Esiroi974 forfeited.
|
|win|DuckyBoi1709
|raw|Esiroi974's rating: 1227 &rarr; <strong>1203</strong><br />(-24 for losing)
|raw|DuckyBoi1709's rating: 1244 &rarr; <strong>1268</strong><br />(+24 for winning)
|l|☆Esiroi974
|player|p1|
