|j|☆mmmspicy69
|j|☆WeR#4Hay!
|t:|1758330072
|gametype|singles
|player|p1|mmmspicy69|169|1491
|player|p2|WeR#4Hay!|102|1553
|gen|9
|tier|[Gen 9] OU
|rated|
|rule|HP Percentage Mod: HP is shown in percentages
|rule|Endless Battle Clause: Forcing endless battles is banned
|rule|Species Clause: Limit one of each Pokémon
|rule|OHKO Clause: OHKO moves are banned
|rule|Evasion Items Clause: Evasion items are banned
|rule|Evasion Moves Clause: Evasion moves are banned
|rule|Evasion Abilities Clause: Evasion abilities are banned
|rule|Sleep Moves Clause: Sleep-inducing moves are banned
|clearpoke
|poke|p1|Great Tusk|
|poke|p1|Dragonite, F|
|poke|p1|Zamazenta-*|
|poke|p1|Hatterene, F|
|poke|p1|Braviary-Hisui, M|
|poke|p1|Pecharunt|
|poke|p2|Hydrapple, F|
|poke|p2|Slowking, M|
|poke|p2|Iron Treads|
|poke|p2|Moltres|
|poke|p2|Zamazenta-*|
|poke|p2|Kingambit, F|
|teampreview
|c|☆mmmspicy69|not again...
|
|t:|1758330093
|teamsize|p1|6
|teamsize|p2|6
|start
|switch|p1a: Braviary|Braviary-Hisui, M|100/100
|switch|p2a: Iron Treads|Iron Treads|100/100
|turn|1
|
|t:|1758330101
|move|p2a: Iron Treads|Knock Off|p1a: Braviary
|-supereffective|p1a: Braviary
|-damage|p1a: Braviary|33/100
|-enditem|p1a: Braviary|Life Orb|[from] move: Knock Off|[of] p2a: Iron Treads
|move|p1a: Braviary|Heat Wave|p2a: Iron Treads
|-supereffective|p2a: Iron Treads
|-damage|p2a: Iron Treads|46/100
|-status|p2a: Iron Treads|brn
|
|-heal|p2a: Iron Treads|52/100 brn|[from] item: Leftovers
|-damage|p2a: Iron Treads|46/100 brn|[from] brn
|upkeep
|turn|2
|
|t:|1758330114
|switch|p1a: Great Tusk|Great Tusk|100/100
|-enditem|p1a: Great Tusk|Booster Energy
|-activate|p1a: Great Tusk|ability: Protosynthesis|[fromitem]
|-start|p1a: Great Tusk|protosynthesisatk
|move|p2a: Iron Treads|Ice Spinner|p1a: Great Tusk
|-supereffective|p1a: Great Tusk
|-damage|p1a: Great Tusk|86/100
|
|-heal|p2a: Iron Treads|52/100 brn|[from] item: Leftovers
|-damage|p2a: Iron Treads|46/100 brn|[from] brn
|upkeep
|turn|3
|
|t:|1758330120
|-end|p2a: Iron Treads|Quark Drive|[silent]
|switch|p2a: Moltres|Moltres|100/100
|move|p1a: Great Tusk|Rapid Spin|p2a: Moltres
|-damage|p2a: Moltres|84/100
|-boost|p1a: Great Tusk|spe|1
|-status|p1a: Great Tusk|brn|[from] ability: Flame Body|[of] p2a: Moltres
|
|-damage|p1a: Great Tusk|80/100 brn|[from] brn
|upkeep
|turn|4
|
|t:|1758330125
|move|p1a: Great Tusk|Supercell Slam|p2a: Moltres
|-supereffective|p2a: Moltres
|-damage|p2a: Moltres|52/100
|move|p2a: Moltres|Flamethrower|p1a: Great Tusk
|-damage|p1a: Great Tusk|20/100 brn
|
|-damage|p1a: Great Tusk|14/100 brn|[from] brn
|upkeep
|turn|5
|
|t:|1758330132
|move|p1a: Great Tusk|Supercell Slam|p2a: Moltres
|-supereffective|p2a: Moltres
|-damage|p2a: Moltres|18/100
|move|p2a: Moltres|Roost|p2a: Moltres
|-heal|p2a: Moltres|68/100
|-singleturn|p2a: Moltres|move: Roost
|
|-damage|p1a: Great Tusk|8/100 brn|[from] brn
|upkeep
|turn|6
|
|t:|1758330142
|-end|p1a: Great Tusk|Protosynthesis|[silent]
|switch|p1a: Braviary|Braviary-Hisui, M|33/100
|move|p2a: Moltres|Roost|p2a: Moltres
|-heal|p2a: Moltres|100/100
|-singleturn|p2a: Moltres|move: Roost
|
|upkeep
|turn|7
|
|t:|1758330149
|move|p1a: Braviary|Psychic|p2a: Moltres
|-damage|p2a: Moltres|57/100
|move|p2a: Moltres|Flamethrower|p1a: Braviary
|-damage|p1a: Braviary|0 fnt
|faint|p1a: Braviary
|
|upkeep
|
|t:|1758330155
|switch|p1a: Pecharunt|Pecharunt|100/100
|-item|p1a: Pecharunt|Air Balloon
|turn|8
|
|t:|1758330201
|move|p1a: Pecharunt|Nasty Plot|p1a: Pecharunt
|-boost|p1a: Pecharunt|spa|2
|move|p2a: Moltres|Flamethrower|p1a: Pecharunt
|-damage|p1a: Pecharunt|57/100
|-status|p1a: Pecharunt|brn
|-enditem|p1a: Pecharunt|Air Balloon
|
|-damage|p1a: Pecharunt|51/100 brn|[from] brn
|upkeep
|turn|9
|
|t:|1758330209
|move|p1a: Pecharunt|Malignant Chain|p2a: Moltres
|-damage|p2a: Moltres|0 fnt
|faint|p2a: Moltres
|
|-damage|p1a: Pecharunt|45/100 brn|[from] brn
|upkeep
|
|t:|1758330213
|switch|p2a: Hydrapple|Hydrapple, F|100/100
|turn|10
|
|t:|1758330219
|-terastallize|p2a: Hydrapple|Poison
|move|p1a: Pecharunt|Shadow Ball|p2a: Hydrapple
|-damage|p2a: Hydrapple|36/100
|-unboost|p2a: Hydrapple|spd|1
|move|p2a: Hydrapple|Fickle Beam|p1a: Pecharunt
|-damage|p1a: Pecharunt|0 fnt
|faint|p1a: Pecharunt
|-damage|p2a: Hydrapple|26/100|[from] item: Life Orb
|
|upkeep
|
|t:|1758330228
|switch|p1a: Hatterene|Hatterene, F|100/100
|turn|11
|
|t:|1758330248
|switch|p2a: TheTransGambit|Kingambit, F|100/100
|-activate|p2a: TheTransGambit|ability: Supreme Overlord
|-start|p2a: TheTransGambit|fallen1|[silent]
|move|p1a: Hatterene|Psyshock|p2a: TheTransGambit
|-immune|p2a: TheTransGambit
|
|upkeep
|turn|12
|
|t:|1758330254
|-terastallize|p1a: Hatterene|Water
|move|p2a: TheTransGambit|Iron Head|p1a: Hatterene
|-resisted|p1a: Hatterene
|-damage|p1a: Hatterene|71/100
|move|p1a: Hatterene|Mystical Fire|p2a: TheTransGambit
|-supereffective|p2a: TheTransGambit
|-damage|p2a: TheTransGambit|46/100
|-unboost|p2a: TheTransGambit|spa|1
|
|-heal|p2a: TheTransGambit|52/100|[from] item: Leftovers
|-heal|p1a: Hatterene|77/100|[from] item: Leftovers
|upkeep
|turn|13
|
|t:|1758330270
|move|p2a: TheTransGambit|Kowtow Cleave|p1a: Hatterene
|-damage|p1a: Hatterene|20/100
|move|p1a: Hatterene|Mystical Fire|p2a: TheTransGambit
|-supereffective|p2a: TheTransGambit
|-damage|p2a: TheTransGambit|0 fnt
|faint|p2a: TheTransGambit
|-end|p2a: TheTransGambit|fallen1|[silent]
|
|-heal|p1a: Hatterene|26/100|[from] item: Leftovers
|upkeep
|
|t:|1758330276
|switch|p2a: Hydrapple|Hydrapple, F, tera:Poison|60/100
|turn|14
|
|t:|1758330282
|switch|p1a: Dragonite|Dragonite, F|100/100
|move|p2a: Hydrapple|Fickle Beam|p1a: Dragonite
|-supereffective|p1a: Dragonite
|-damage|p1a: Dragonite|39/100
|-damage|p2a: Hydrapple|50/100|[from] item: Life Orb
|
|upkeep
|turn|15
|
|t:|1758330293
|switch|p1a: Hatterene|Hatterene, F, tera:Water|26/100
|switch|p2a: Zamazenta|Zamazenta|100/100
|-ability|p2a: Zamazenta|Dauntless Shield|boost
|-boost|p2a: Zamazenta|def|1
|
|-heal|p1a: Hatterene|32/100|[from] item: Leftovers
|upkeep
|turn|16
|
|t:|1758330306
|move|p2a: Zamazenta|Close Combat|p1a: Hatterene
|-damage|p1a: Hatterene|0 fnt
|-unboost|p2a: Zamazenta|def|1
|-unboost|p2a: Zamazenta|spd|1
|faint|p1a: Hatterene
|
|upkeep
|
|t:|1758330313
|switch|p1a: Zamazenta|Zamazenta|100/100
|-ability|p1a: Zamazenta|Dauntless Shield|boost
|-boost|p1a: Zamazenta|def|1
|turn|17
|
|t:|1758330316
|switch|p2a: Hydrapple|Hydrapple, F, tera:Poison|83/100
|move|p1a: Zamazenta|Iron Defense|p1a: Zamazenta
|-boost|p1a: Zamazenta|def|2
|
|upkeep
|turn|18
|
|t:|1758330323
|move|p1a: Zamazenta|Body Press|p2a: Hydrapple
|-resisted|p2a: Hydrapple
|-damage|p2a: Hydrapple|49/100
|move|p2a: Hydrapple|Fickle Beam|p1a: Zamazenta|[anim] Fickle Beam All Out
|-activate|p2a: Hydrapple|move: Fickle Beam
|-damage|p1a: Zamazenta|18/100
|-damage|p2a: Hydrapple|40/100|[from] item: Life Orb
|
|upkeep
|turn|19
|
|t:|1758330329
|move|p1a: Zamazenta|Rest|p1a: Zamazenta
|-status|p1a: Zamazenta|slp|[from] move: Rest
|-heal|p1a: Zamazenta|100/100 slp|[silent]
|-enditem|p1a: Zamazenta|Chesto Berry|[eat]
|-curestatus|p1a: Zamazenta|slp|[msg]
|move|p2a: Hydrapple|Fickle Beam|p1a: Zamazenta|[anim] Fickle Beam All Out
|-activate|p2a: Hydrapple|move: Fickle Beam
|-damage|p1a: Zamazenta|16/100
|-damage|p2a: Hydrapple|30/100|[from] item: Life Orb
|
|upkeep
|turn|20
|
|t:|1758330337
|move|p1a: Zamazenta|Body Press|p2a: Hydrapple
|-resisted|p2a: Hydrapple
|-damage|p2a: Hydrapple|0 fnt
|faint|p2a: Hydrapple
|
|upkeep
|
|t:|1758330339
|switch|p2a: Slowking|Slowking, M|100/100
|turn|21
|
|t:|1758330348
|move|p1a: Zamazenta|Rest|p1a: Zamazenta
|-status|p1a: Zamazenta|slp|[from] move: Rest
|-heal|p1a: Zamazenta|100/100 slp|[silent]
|move|p2a: Slowking|Scald|p1a: Zamazenta
|-damage|p1a: Zamazenta|80/100 slp
|
|upkeep
|turn|22
|
|t:|1758330356
|cant|p1a: Zamazenta|slp
|move|p2a: Slowking|Future Sight|p1a: Zamazenta
|-start|p2a: Slowking|move: Future Sight
|
|upkeep
|turn|23
|
|t:|1758330361
|cant|p1a: Zamazenta|slp
|move|p2a: Slowking|Scald|p1a: Zamazenta
|-damage|p1a: Zamazenta|60/100 slp
|
|upkeep
|turn|24
|
|t:|1758330368
|switch|p1a: Great Tusk|Great Tusk|8/100 brn
|move|p2a: Slowking|Scald|p1a: Great Tusk
|-supereffective|p1a: Great Tusk
|-damage|p1a: Great Tusk|0 fnt
|faint|p1a: Great Tusk
|-end|p1a: Great Tusk|Protosynthesis|[silent]
|
|-hint|Future Sight did not hit because the target is fainted.
|upkeep
|
|t:|1758330373
|switch|p1a: Zamazenta|Zamazenta|60/100 slp
|turn|25
|
|t:|1758330376
|-curestatus|p1a: Zamazenta|slp|[msg]
|move|p1a: Zamazenta|Crunch|p2a: Slowking
|-supereffective|p2a: Slowking
|-damage|p2a: Slowking|53/100
|-unboost|p2a: Slowking|def|1
|move|p2a: Slowking|Future Sight|p1a: Zamazenta
|-start|p2a: Slowking|move: Future Sight
|
|upkeep
|turn|26
|
|t:|1758330386
|switch|p2a: Iron Treads|Iron Treads|46/100 brn
|move|p1a: Zamazenta|Body Press|p2a: Iron Treads
|-supereffective|p2a: Iron Treads
|-damage|p2a: Iron Treads|0 fnt
|faint|p2a: Iron Treads
|-end|p2a: Iron Treads|Quark Drive|[silent]
|
|upkeep
|
|t:|1758330403
|switch|p2a: Slowking|Slowking, M|87/100
|turn|27
|
|t:|1758330410
|switch|p1a: Dragonite|Dragonite, F|39/100
|-prepare|p2a: Slowking|Chilly Reception|[premajor]
|move|p2a: Slowking|Chilly Reception|p2a: Slowking
|-weather|Snowscape
|
|t:|1758330412
|switch|p2a: Zamazenta|Zamazenta|100/100|[from] Chilly Reception
|
|-weather|Snowscape|[upkeep]
|-end|p1a: Dragonite|move: Future Sight
|-damage|p1a: Dragonite|0 fnt
|faint|p1a: Dragonite
|upkeep
|
|t:|1758330415
|switch|p1a: Zamazenta|Zamazenta|60/100
|turn|28
|
|t:|1758330418
|move|p1a: Zamazenta|Iron Defense|p1a: Zamazenta
|-boost|p1a: Zamazenta|def|2
|move|p2a: Zamazenta|Close Combat|p1a: Zamazenta
|-damage|p1a: Zamazenta|23/100
|-unboost|p2a: Zamazenta|def|1
|-unboost|p2a: Zamazenta|spd|1
|
|-weather|Snowscape|[upkeep]
|upkeep
|turn|29
|
|t:|1758330446
|move|p1a: Zamazenta|Rest|p1a: Zamazenta
|-status|p1a: Zamazenta|slp|[from] move: Rest
|-heal|p1a: Zamazenta|100/100 slp|[silent]
|move|p2a: Zamazenta|Close Combat|p1a: Zamazenta
|-damage|p1a: Zamazenta|63/100 slp
|-unboost|p2a: Zamazenta|def|1
|-unboost|p2a: Zamazenta|spd|1
|
|-weather|Snowscape|[upkeep]
|upkeep
|turn|30
|
|t:|1758330513
|cant|p1a: Zamazenta|slp
|move|p2a: Zamazenta|Close Combat|p1a: Zamazenta
|-damage|p1a: Zamazenta|25/100 slp
|-unboost|p2a: Zamazenta|def|1
|-unboost|p2a: Zamazenta|spd|1
|
|-weather|Snowscape|[upkeep]
|upkeep
|turn|31
|c|☆WeR#4Hay!|gg
|
|t:|1758330518
|cant|p1a: Zamazenta|slp
|move|p2a: Zamazenta|Close Combat|p1a: Zamazenta
|-damage|p1a: Zamazenta|0 fnt
|-unboost|p2a: Zamazenta|def|1
|-unboost|p2a: Zamazenta|spd|1
|faint|p1a: Zamazenta
|
|win|WeR#4Hay!
|raw|mmmspicy69's rating: 1491 &rarr; <strong>1475</strong><br />(-16 for losing)
|raw|WeR#4Hay!'s rating: 1553 &rarr; <strong>1569</strong><br />(+16 for winning)
|l|☆mmmspicy69
|player|p1|
