|j|☆leontief47
|j|☆michaelgoalise
|t:|1758291975
|gametype|singles
|player|p1|leontief47|clerk|1709
|player|p2|michaelgoalise|1|1729
|gen|9
|tier|[Gen 9] OU
|rated|
|rule|HP Percentage Mod: HP is shown in percentages
|rule|Endless Battle Clause: Forcing endless battles is banned
|rule|Species Clause: Limit one of each Pokémon
|rule|OHKO Clause: OHKO moves are banned
|rule|Evasion Items Clause: Evasion items are banned
|rule|Evasion Moves Clause: Evasion moves are banned
|rule|Evasion Abilities Clause: Evasion abilities are banned
|rule|Sleep Moves Clause: Sleep-inducing moves are banned
|clearpoke
|poke|p1|Rillaboom, F|
|poke|p1|Ogerpon-Cornerstone, F|
|poke|p1|Raging Bolt|
|poke|p1|Zamazenta-*|
|poke|p1|Hawlucha, F|
|poke|p1|Iron Treads|
|poke|p2|Empoleon, F|
|poke|p2|Rillaboom, F|
|poke|p2|Raging Bolt|
|poke|p2|Great Tusk|
|poke|p2|Moltres|
|poke|p2|Samurott-Hisui, F|
|teampreview
|inactive|Battle timer is ON: inactive players will automatically lose when time's up. (requested by leontief47)
|j| amimec
|j| jongseobbb
|inactive|michaelgoalise has 120 seconds left.
|inactive|michaelgoalise has 90 seconds left.
|j| wgw2333
|
|t:|1758292065
|teamsize|p1|6
|teamsize|p2|6
|start
|switch|p1a: Iron Treads|Iron Treads|100/100
|switch|p2a: Empoleon|Empoleon, F|100/100
|-enditem|p1a: Iron Treads|Booster Energy
|-activate|p1a: Iron Treads|ability: Quark Drive|[fromitem]
|-start|p1a: Iron Treads|quarkdrivespe
|turn|1
|inactive|michaelgoalise has 120 seconds left.
|
|t:|1758292088
|switch|p2a: Rillaboom|Rillaboom, F|100/100
|-fieldstart|move: Grassy Terrain|[from] ability: Grassy Surge|[of] p2a: Rillaboom
|move|p1a: Iron Treads|Stealth Rock|p2a: Rillaboom
|-sidestart|p2: michaelgoalise|move: Stealth Rock
|
|upkeep
|turn|2
|inactive|michaelgoalise has 120 seconds left.
|
|t:|1758292114
|move|p1a: Iron Treads|Steel Beam|p2a: Rillaboom
|-damage|p2a: Rillaboom|32/100
|-damage|p1a: Iron Treads|50/100|[from] steelbeam
|move|p2a: Rillaboom|Wood Hammer|p1a: Iron Treads
|-damage|p1a: Iron Treads|0 fnt
|faint|p1a: Iron Treads
|-end|p1a: Iron Treads|Quark Drive|[silent]
|-damage|p2a: Rillaboom|17/100|[from] Recoil
|
|-heal|p2a: Rillaboom|24/100|[from] Grassy Terrain
|upkeep
|
|t:|1758292136
|switch|p1a: Raging Bolt|Raging Bolt|100/100
|-enditem|p1a: Raging Bolt|Grassy Seed
|-boost|p1a: Raging Bolt|def|1|[from] item: Grassy Seed
|turn|3
|
|t:|1758292159
|move|p2a: Rillaboom|Wood Hammer|p1a: Raging Bolt
|-resisted|p1a: Raging Bolt
|-damage|p1a: Raging Bolt|64/100
|-damage|p2a: Rillaboom|9/100|[from] Recoil
|move|p1a: Raging Bolt|Dragon Pulse|p2a: Rillaboom
|-damage|p2a: Rillaboom|0 fnt
|faint|p2a: Rillaboom
|
|-heal|p1a: Raging Bolt|70/100|[from] Grassy Terrain
|upkeep
|inactive|michaelgoalise has 90 seconds left.
|
|t:|1758292199
|switch|p2a: Great Tusk|Great Tusk|100/100
|turn|4
|inactive|michaelgoalise has 60 seconds left.
|
|t:|1758292223
|-terastallize|p1a: Raging Bolt|Fairy
|move|p2a: Great Tusk|Headlong Rush|p1a: Raging Bolt
|-damage|p1a: Raging Bolt|38/100
|-unboost|p2a: Great Tusk|def|1
|-unboost|p2a: Great Tusk|spd|1
|move|p1a: Raging Bolt|Dragon Pulse|p2a: Great Tusk
|-damage|p2a: Great Tusk|5/100
|
|-heal|p2a: Great Tusk|11/100|[from] Grassy Terrain
|-heal|p1a: Raging Bolt|44/100|[from] Grassy Terrain
|upkeep
|turn|5
|inactive|michaelgoalise has 60 seconds left.
|
|t:|1758292249
|move|p2a: Great Tusk|Headlong Rush|p1a: Raging Bolt
|-damage|p1a: Raging Bolt|11/100
|-unboost|p2a: Great Tusk|def|1
|-unboost|p2a: Great Tusk|spd|1
|move|p1a: Raging Bolt|Dragon Pulse|p2a: Great Tusk
|-damage|p2a: Great Tusk|0 fnt
|faint|p2a: Great Tusk
|-end|p2a: Great Tusk|Protosynthesis|[silent]
|
|-heal|p1a: Raging Bolt|17/100|[from] Grassy Terrain
|-fieldend|move: Grassy Terrain
|upkeep
|inactive|michaelgoalise has 30 seconds left.
|
|t:|1758292277
|switch|p2a: Samurott|Samurott-Hisui, F|100/100
|-damage|p2a: Samurott|88/100|[from] Stealth Rock
|turn|6
|inactive|michaelgoalise has 30 seconds left.
|inactive|michaelgoalise has 20 seconds left.
|inactive|michaelgoalise has 15 seconds left.
|
|t:|1758292305
|move|p1a: Raging Bolt|Thunderclap|p2a: Samurott
|-supereffective|p2a: Samurott
|-damage|p2a: Samurott|0 fnt
|faint|p2a: Samurott
|
|upkeep
|inactive|michaelgoalise has 20 seconds left this turn.
|inactive|michaelgoalise has 15 seconds left.
|inactive|michaelgoalise has 10 seconds left.
|
|t:|1758292316
|switch|p2a: Raging Bolt|Raging Bolt|100/100
|-damage|p2a: Raging Bolt|88/100|[from] Stealth Rock
|turn|7
|inactive|michaelgoalise has 20 seconds left this turn.
|
|t:|1758292319
|-terastallize|p2a: Raging Bolt|Fairy
|move|p1a: Raging Bolt|Dragon Pulse|p2a: Raging Bolt
|-immune|p2a: Raging Bolt
|move|p2a: Raging Bolt|Thunderbolt|p1a: Raging Bolt
|-damage|p1a: Raging Bolt|0 fnt
|faint|p1a: Raging Bolt
|-end|p1a: Raging Bolt|Protosynthesis|[silent]
|
|-heal|p2a: Raging Bolt|94/100|[from] item: Leftovers
|upkeep
|
|t:|1758292325
|switch|p1a: Rillaboom|Rillaboom, F|100/100
|-fieldstart|move: Grassy Terrain|[from] ability: Grassy Surge|[of] p1a: Rillaboom
|turn|8
|inactive|michaelgoalise has 30 seconds left.
|
|t:|1758292334
|-end|p2a: Raging Bolt|Protosynthesis|[silent]
|switch|p2a: Moltres|Moltres|100/100
|move|p1a: Rillaboom|Wood Hammer|p2a: Moltres
|-resisted|p2a: Moltres
|-damage|p2a: Moltres|85/100
|-damage|p1a: Rillaboom|96/100|[from] Recoil
|
|-heal|p1a: Rillaboom|100/100|[from] Grassy Terrain
|upkeep
|turn|9
|inactive|michaelgoalise has 30 seconds left.
|
|t:|1758292346
|move|p2a: Moltres|Flamethrower|p1a: Rillaboom
|-supereffective|p1a: Rillaboom
|-damage|p1a: Rillaboom|6/100
|move|p1a: Rillaboom|Knock Off|p2a: Moltres
|-damage|p2a: Moltres|58/100
|-status|p1a: Rillaboom|brn|[from] ability: Flame Body|[of] p2a: Moltres
|-enditem|p2a: Moltres|Heavy-Duty Boots|[from] move: Knock Off|[of] p1a: Rillaboom
|
|-heal|p1a: Rillaboom|12/100 brn|[from] Grassy Terrain
|-damage|p1a: Rillaboom|6/100 brn|[from] brn
|upkeep
|turn|10
|
|t:|1758292355
|move|p1a: Rillaboom|Grassy Glide|p2a: Moltres
|-resisted|p2a: Moltres
|-damage|p2a: Moltres|54/100
|move|p2a: Moltres|Roost|p2a: Moltres
|-heal|p2a: Moltres|100/100
|-singleturn|p2a: Moltres|move: Roost
|
|-heal|p1a: Rillaboom|12/100 brn|[from] Grassy Terrain
|-damage|p1a: Rillaboom|6/100 brn|[from] brn
|upkeep
|turn|11
|
|t:|1758292362
|move|p2a: Moltres|Flamethrower|p1a: Rillaboom
|-supereffective|p1a: Rillaboom
|-damage|p1a: Rillaboom|0 fnt
|faint|p1a: Rillaboom
|
|upkeep
|
|t:|1758292364
|switch|p1a: Ogerpon|Ogerpon-Cornerstone, F|100/100
|turn|12
|
|t:|1758292366
|switch|p2a: Empoleon|Empoleon, F|100/100
|-damage|p2a: Empoleon|94/100|[from] Stealth Rock
|move|p1a: Ogerpon|Ivy Cudgel|p2a: Empoleon|[anim] Ivy Cudgel Rock
|-resisted|p2a: Empoleon
|-damage|p2a: Empoleon|65/100
|
|-heal|p2a: Empoleon|71/100|[from] Grassy Terrain
|-heal|p2a: Empoleon|77/100|[from] item: Leftovers
|upkeep
|turn|13
|inactive|michaelgoalise has 60 seconds left.
|
|t:|1758292375
|move|p1a: Ogerpon|Power Whip|p2a: Empoleon
|-damage|p2a: Empoleon|0 fnt
|faint|p2a: Empoleon
|
|upkeep
|
|t:|1758292380
|switch|p2a: Raging Bolt|Raging Bolt, tera:Fairy|94/100
|-damage|p2a: Raging Bolt|82/100|[from] Stealth Rock
|turn|14
|
|t:|1758292385
|move|p1a: Ogerpon|Power Whip|p2a: Raging Bolt|[miss]
|-miss|p1a: Ogerpon|p2a: Raging Bolt
|move|p2a: Raging Bolt|Thunderbolt|p1a: Ogerpon
|-resisted|p1a: Ogerpon
|-damage|p1a: Ogerpon|67/100
|
|-heal|p1a: Ogerpon|73/100|[from] Grassy Terrain
|-heal|p2a: Raging Bolt|88/100|[from] Grassy Terrain
|-heal|p2a: Raging Bolt|94/100|[from] item: Leftovers
|upkeep
|turn|15
|
|t:|1758292392
|move|p1a: Ogerpon|Power Whip|p2a: Raging Bolt|[miss]
|-miss|p1a: Ogerpon|p2a: Raging Bolt
|move|p2a: Raging Bolt|Dragon Pulse|p1a: Ogerpon
|-damage|p1a: Ogerpon|12/100
|
|-heal|p1a: Ogerpon|18/100|[from] Grassy Terrain
|-heal|p2a: Raging Bolt|100/100|[from] Grassy Terrain
|-fieldend|move: Grassy Terrain
|upkeep
|turn|16
|
|t:|1758292398
|move|p1a: Ogerpon|Power Whip|p2a: Raging Bolt
|-damage|p2a: Raging Bolt|32/100
|move|p2a: Raging Bolt|Dragon Pulse|p1a: Ogerpon
|-damage|p1a: Ogerpon|0 fnt
|faint|p1a: Ogerpon
|
|-heal|p2a: Raging Bolt|39/100|[from] item: Leftovers
|upkeep
|l| wgw2333
|
|t:|1758292406
|switch|p1a: Zamazenta|Zamazenta|100/100
|-ability|p1a: Zamazenta|Dauntless Shield|boost
|-boost|p1a: Zamazenta|def|1
|turn|17
|
|t:|1758292414
|move|p1a: Zamazenta|Close Combat|p2a: Raging Bolt
|-resisted|p2a: Raging Bolt
|-damage|p2a: Raging Bolt|6/100
|-unboost|p1a: Zamazenta|def|1
|-unboost|p1a: Zamazenta|spd|1
|-damage|p1a: Zamazenta|91/100|[from] item: Life Orb
|move|p2a: Raging Bolt|Thunderbolt|p1a: Zamazenta
|-damage|p1a: Zamazenta|19/100
|
|-heal|p2a: Raging Bolt|12/100|[from] item: Leftovers
|upkeep
|turn|18
|
|t:|1758292422
|move|p1a: Zamazenta|Crunch|p2a: Raging Bolt
|-resisted|p2a: Raging Bolt
|-damage|p2a: Raging Bolt|0 fnt
|faint|p2a: Raging Bolt
|-end|p2a: Raging Bolt|Protosynthesis|[silent]
|-damage|p1a: Zamazenta|9/100|[from] item: Life Orb
|
|upkeep
|
|t:|1758292424
|switch|p2a: Moltres|Moltres|100/100
|-damage|p2a: Moltres|50/100|[from] Stealth Rock
|turn|19
|
|t:|1758292428
|move|p1a: Zamazenta|Crunch|p2a: Moltres
|-damage|p2a: Moltres|28/100
|-damage|p1a: Zamazenta|0 fnt|[from] item: Life Orb
|faint|p1a: Zamazenta
|move|p2a: Moltres|Roost|p2a: Moltres
|-heal|p2a: Moltres|78/100
|-singleturn|p2a: Moltres|move: Roost
|
|upkeep
|
|t:|1758292431
|switch|p1a: Hawlucha|Hawlucha, F|100/100
|turn|20
|
|t:|1758292436
|move|p1a: Hawlucha|Encore|p2a: Moltres
|-start|p2a: Moltres|Encore
|move|p2a: Moltres|Roost|p2a: Moltres
|-heal|p2a: Moltres|100/100
|-singleturn|p2a: Moltres|move: Roost
|
|upkeep
|turn|21
|-message|michaelgoalise forfeited.
|
|win|leontief47
|raw|leontief47's rating: 1709 &rarr; <strong>1730</strong><br />(+21 for winning)
|raw|michaelgoalise's rating: 1729 &rarr; <strong>1708</strong><br />(-21 for losing)
|l|☆michaelgoalise
|player|p2|
|j| wgw2333
|l|☆leontief47
|player|p1|
|l| wgw2333
