|j|☆Gu_no!r
|j|☆Oattumblely
|t:|1758257489
|gametype|singles
|player|p1|Gu_no!r|acetrainerf-gen4|1367
|player|p2|Oattumblely|rocketgruntf|1392
|gen|9
|tier|[Gen 9] OU
|rated|
|rule|HP Percentage Mod: HP is shown in percentages
|rule|Endless Battle Clause: Forcing endless battles is banned
|rule|Species Clause: Limit one of each Pokémon
|rule|OHKO Clause: OHKO moves are banned
|rule|Evasion Items Clause: Evasion items are banned
|rule|Evasion Moves Clause: Evasion moves are banned
|rule|Evasion Abilities Clause: Evasion abilities are banned
|rule|Sleep Moves Clause: Sleep-inducing moves are banned
|clearpoke
|poke|p1|Pelipper, F|
|poke|p1|Hatterene, F|
|poke|p1|Iron Treads|
|poke|p1|Toxicroak, F|
|poke|p1|Barraskewda, F|
|poke|p1|Zapdos|
|poke|p2|Araquanid, M|
|poke|p2|Ceruledge, M|
|poke|p2|Ting-Lu|
|poke|p2|Espeon, F|
|poke|p2|Clefable, M|
|poke|p2|Iron Boulder|
|teampreview
|
|t:|1758257495
|teamsize|p1|6
|teamsize|p2|6
|start
|switch|p1a: Pelipper|Pelipper, F|100/100
|switch|p2a: Espeon|Espeon, F|100/100
|-weather|RainDance|[from] ability: Drizzle|[of] p1a: Pelipper
|turn|1
|
|t:|1758257504
|move|p2a: Espeon|Psychic Noise|p1a: Pelipper
|-damage|p1a: Pelipper|40/100
|-start|p1a: Pelipper|move: Heal Block
|move|p1a: Pelipper|Knock Off|p2a: Espeon
|-supereffective|p2a: Espeon
|-damage|p2a: Espeon|50/100
|-enditem|p2a: Espeon|Choice Specs|[from] move: Knock Off|[of] p1a: Pelipper
|
|-weather|RainDance|[upkeep]
|upkeep
|turn|2
|
|t:|1758257512
|switch|p1a: Iron Treads|Iron Treads|100/100
|move|p2a: Espeon|Psychic Noise|p1a: Iron Treads
|-resisted|p1a: Iron Treads
|-damage|p1a: Iron Treads|86/100
|-start|p1a: Iron Treads|move: Heal Block
|
|-weather|RainDance|[upkeep]
|upkeep
|turn|3
|
|t:|1758257518
|switch|p2a: Araquanid|Araquanid, M|100/100
|move|p1a: Iron Treads|Earthquake|p2a: Araquanid
|-resisted|p2a: Araquanid
|-damage|p2a: Araquanid|81/100
|
|-weather|RainDance|[upkeep]
|-end|p1a: Iron Treads|move: Heal Block
|upkeep
|turn|4
|
|t:|1758257524
|-end|p1a: Iron Treads|Quark Drive|[silent]
|switch|p1a: Hatterene|Hatterene, F|100/100
|move|p2a: Araquanid|Lunge|p1a: Hatterene
|-damage|p1a: Hatterene|82/100
|-unboost|p1a: Hatterene|atk|1
|-enditem|p1a: Hatterene|Eject Button
|
|t:|1758257529
|switch|p1a: Zapdos|Zapdos|100/100
|
|-weather|RainDance|[upkeep]
|upkeep
|turn|5
|
|t:|1758257533
|switch|p2a: Ting-Lu|Ting-Lu|100/100
|-ability|p2a: Ting-Lu|Vessel of Ruin
|move|p1a: Zapdos|Thunder|p2a: Ting-Lu
|-immune|p2a: Ting-Lu
|
|-weather|RainDance|[upkeep]
|upkeep
|turn|6
|inactive|Battle timer is ON: inactive players will automatically lose when time's up. (requested by Oattumblely)
|
|t:|1758257552
|switch|p1a: Iron Treads|Iron Treads|86/100
|move|p2a: Ting-Lu|Ruination|p1a: Iron Treads
|-damage|p1a: Iron Treads|43/100
|
|-weather|RainDance|[upkeep]
|-heal|p1a: Iron Treads|49/100|[from] item: Leftovers
|upkeep
|turn|7
|
|t:|1758257560
|move|p1a: Iron Treads|Volt Switch|p2a: Ting-Lu
|-immune|p2a: Ting-Lu
|move|p2a: Ting-Lu|Earthquake|p1a: Iron Treads
|-supereffective|p1a: Iron Treads
|-damage|p1a: Iron Treads|0 fnt
|faint|p1a: Iron Treads
|-end|p1a: Iron Treads|Quark Drive|[silent]
|
|-weather|RainDance|[upkeep]
|upkeep
|
|t:|1758257563
|switch|p1a: Barraskewda|Barraskewda, F|100/100
|turn|8
|
|t:|1758257578
|switch|p2a: Araquanid|Araquanid, M|81/100
|move|p1a: Barraskewda|Liquidation|p2a: Araquanid
|-resisted|p2a: Araquanid
|-damage|p2a: Araquanid|30/100
|
|-weather|none
|upkeep
|turn|9
|
|t:|1758257586
|move|p1a: Barraskewda|Liquidation|p2a: Araquanid
|-resisted|p2a: Araquanid
|-damage|p2a: Araquanid|0 fnt
|faint|p2a: Araquanid
|
|upkeep
|
|t:|1758257589
|switch|p2a: Clefable|Clefable, M|100/100
|turn|10
|
|t:|1758257598
|switch|p1a: Pelipper|Pelipper, F|40/100
|-weather|RainDance|[from] ability: Drizzle|[of] p1a: Pelipper
|move|p2a: Clefable|Moonblast|p1a: Pelipper
|-damage|p1a: Pelipper|11/100
|
|-weather|RainDance|[upkeep]
|upkeep
|turn|11
|
|t:|1758257619
|switch|p1a: Hatterene|Hatterene, F|82/100
|move|p2a: Clefable|Stealth Rock|p1a: Hatterene
|move|p1a: Hatterene|Stealth Rock|p2a: Clefable|[from] ability: Magic Bounce
|-sidestart|p2: Oattumblely|move: Stealth Rock
|
|-weather|RainDance|[upkeep]
|upkeep
|turn|12
|
|t:|1758257629
|switch|p2a: Espeon|Espeon, F|50/100
|-damage|p2a: Espeon|37/100|[from] Stealth Rock
|move|p1a: Hatterene|Nuzzle|p2a: Espeon
|-damage|p2a: Espeon|30/100
|-status|p2a: Espeon|par
|
|-weather|RainDance|[upkeep]
|upkeep
|turn|13
|
|t:|1758257640
|move|p2a: Espeon|Shadow Ball|p1a: Hatterene
|-supereffective|p1a: Hatterene
|-damage|p1a: Hatterene|19/100
|move|p1a: Hatterene|Draining Kiss|p2a: Espeon
|-damage|p2a: Espeon|3/100 par
|-heal|p1a: Hatterene|36/100|[from] drain|[of] p2a: Espeon
|
|-weather|RainDance|[upkeep]
|upkeep
|turn|14
|
|t:|1758257648
|cant|p2a: Espeon|par
|move|p1a: Hatterene|Draining Kiss|p2a: Espeon
|-damage|p2a: Espeon|0 fnt
|-heal|p1a: Hatterene|38/100|[from] drain|[of] p2a: Espeon
|faint|p2a: Espeon
|
|-weather|RainDance|[upkeep]
|upkeep
|
|t:|1758257663
|switch|p2a: Iron Boulder|Iron Boulder|100/100
|-damage|p2a: Iron Boulder|88/100|[from] Stealth Rock
|-enditem|p2a: Iron Boulder|Booster Energy
|-activate|p2a: Iron Boulder|ability: Quark Drive|[fromitem]
|-start|p2a: Iron Boulder|quarkdrivespe
|turn|15
|
|t:|1758257668
|move|p2a: Iron Boulder|Mighty Cleave|p1a: Hatterene
|-damage|p1a: Hatterene|0 fnt
|faint|p1a: Hatterene
|
|-weather|RainDance|[upkeep]
|upkeep
|
|t:|1758257683
|switch|p1a: Barraskewda|Barraskewda, F|100/100
|turn|16
|
|t:|1758257690
|-end|p2a: Iron Boulder|Quark Drive|[silent]
|switch|p2a: Ting-Lu|Ting-Lu|100/100
|-damage|p2a: Ting-Lu|94/100|[from] Stealth Rock
|-ability|p2a: Ting-Lu|Vessel of Ruin
|-terastallize|p1a: Barraskewda|Water
|move|p1a: Barraskewda|Liquidation|p2a: Ting-Lu
|-supereffective|p2a: Ting-Lu
|-damage|p2a: Ting-Lu|0 fnt
|faint|p2a: Ting-Lu
|
|-weather|RainDance|[upkeep]
|upkeep
|
|t:|1758257699
|switch|p2a: Clefable|Clefable, M|100/100
|turn|17
|
|t:|1758257705
|switch|p1a: Toxicroak|Toxicroak, F|100/100
|move|p2a: Clefable|Stealth Rock|p1a: Toxicroak
|-sidestart|p1: Gu_no!r|move: Stealth Rock
|
|-weather|none
|upkeep
|turn|18
|
|t:|1758257713
|-terastallize|p2a: Clefable|Water
|move|p1a: Toxicroak|Encore|p2a: Clefable
|-start|p2a: Clefable|Encore
|move|p2a: Clefable|Stealth Rock||[still]
|-fail|p2a: Clefable
|
|upkeep
|turn|19
|
|t:|1758257717
|switch|p2a: Iron Boulder|Iron Boulder|88/100
|-damage|p2a: Iron Boulder|76/100|[from] Stealth Rock
|move|p1a: Toxicroak|Toxic|p2a: Iron Boulder
|-status|p2a: Iron Boulder|tox
|
|-damage|p2a: Iron Boulder|69/100 tox|[from] psn
|upkeep
|turn|20
|
|t:|1758257736
|switch|p1a: Pelipper|Pelipper, F|11/100
|-damage|p1a: Pelipper|0 fnt|[from] Stealth Rock
|faint|p1a: Pelipper
|move|p2a: Iron Boulder|Zen Headbutt|p1: Pelipper|[notarget]
|-fail|p2a: Iron Boulder
|
|-damage|p2a: Iron Boulder|57/100 tox|[from] psn
|upkeep
|
|t:|1758257739
|switch|p1a: Barraskewda|Barraskewda, F, tera:Water|100/100
|-damage|p1a: Barraskewda|88/100|[from] Stealth Rock
|turn|21
|
|t:|1758257744
|-end|p2a: Iron Boulder|Quark Drive|[silent]
|switch|p2a: Ceruledge|Ceruledge, M|100/100
|-damage|p2a: Ceruledge|76/100|[from] Stealth Rock
|move|p1a: Barraskewda|Liquidation|p2a: Ceruledge
|-supereffective|p2a: Ceruledge
|-damage|p2a: Ceruledge|0 fnt
|faint|p2a: Ceruledge
|
|upkeep
|
|t:|1758257745
|switch|p2a: Clefable|Clefable, M, tera:Water|100/100
|turn|22
|
|t:|1758257754
|switch|p1a: Toxicroak|Toxicroak, F|100/100
|-damage|p1a: Toxicroak|94/100|[from] Stealth Rock
|move|p2a: Clefable|Thunder Wave|p1a: Toxicroak
|-status|p1a: Toxicroak|par
|
|upkeep
|turn|23
|
|t:|1758257758
|move|p2a: Clefable|Moonblast|p1a: Toxicroak
|-damage|p1a: Toxicroak|57/100 par
|-unboost|p1a: Toxicroak|spa|1
|move|p1a: Toxicroak|Knock Off|p2a: Clefable
|-damage|p2a: Clefable|84/100
|-damage|p1a: Toxicroak|40/100 par|[from] item: Rocky Helmet|[of] p2a: Clefable
|-enditem|p2a: Clefable|Rocky Helmet|[from] move: Knock Off|[of] p1a: Toxicroak
|
|upkeep
|turn|24
|
|t:|1758257767
|move|p2a: Clefable|Moonblast|p1a: Toxicroak
|-damage|p1a: Toxicroak|0 fnt
|faint|p1a: Toxicroak
|
|upkeep
|
|t:|1758257773
|switch|p1a: Zapdos|Zapdos|100/100
|-damage|p1a: Zapdos|76/100|[from] Stealth Rock
|turn|25
|
|t:|1758257775
|switch|p2a: Iron Boulder|Iron Boulder|57/100 tox
|-damage|p2a: Iron Boulder|44/100 tox|[from] Stealth Rock
|move|p1a: Zapdos|Thunder|p2a: Iron Boulder|[miss]
|-miss|p1a: Zapdos|p2a: Iron Boulder
|
|-damage|p2a: Iron Boulder|38/100 tox|[from] psn
|upkeep
|turn|26
|inactive|Gu_no!r has 120 seconds left.
|
|t:|1758257816
|move|p2a: Iron Boulder|Mighty Cleave|p1a: Zapdos
|-supereffective|p1a: Zapdos
|-damage|p1a: Zapdos|0 fnt
|faint|p1a: Zapdos
|
|-damage|p2a: Iron Boulder|26/100 tox|[from] psn
|upkeep
|
|t:|1758257819
|switch|p1a: Barraskewda|Barraskewda, F, tera:Water|88/100
|-damage|p1a: Barraskewda|76/100|[from] Stealth Rock
|turn|27
|
|t:|1758257821
|move|p2a: Iron Boulder|Mighty Cleave|p1a: Barraskewda
|-damage|p1a: Barraskewda|0 fnt
|faint|p1a: Barraskewda
|
|win|Oattumblely
|raw|Gu_no!r's rating: 1367 &rarr; <strong>1348</strong><br />(-19 for losing)
|raw|Oattumblely's rating: 1392 &rarr; <strong>1411</strong><br />(+19 for winning)
|l|☆Gu_no!r
|player|p1|
|l|☆Oattumblely
|player|p2|
