|j|☆ICElIED
|j|☆djamao
|t:|1758292355
|gametype|singles
|player|p1|ICElIED|steven|1382
|player|p2|djamao|1|1391
|gen|9
|tier|[Gen 9] OU
|rated|
|rule|HP Percentage Mod: HP is shown in percentages
|rule|Endless Battle Clause: Forcing endless battles is banned
|rule|Species Clause: Limit one of each Pokémon
|rule|OHKO Clause: OHKO moves are banned
|rule|Evasion Items Clause: Evasion items are banned
|rule|Evasion Moves Clause: Evasion moves are banned
|rule|Evasion Abilities Clause: Evasion abilities are banned
|rule|Sleep Moves Clause: Sleep-inducing moves are banned
|clearpoke
|poke|p1|Samurott-Hisui, M|
|poke|p1|Meloetta|
|poke|p1|Ceruledge, M|
|poke|p1|Hydrapple, F|
|poke|p1|Scizor, M|
|poke|p1|Zapdos-Galar|
|poke|p2|Garchomp, M|
|poke|p2|Alomomola, M|
|poke|p2|Slowking-Galar, F|
|poke|p2|Ogerpon-Wellspring, F|
|poke|p2|Corviknight, F|
|poke|p2|Ditto|
|teampreview
|
|t:|1758292369
|teamsize|p1|6
|teamsize|p2|6
|start
|switch|p1a: Samurott|Samurott-Hisui, M|100/100
|switch|p2a: Garchomp|Garchomp, M|100/100
|turn|1
|
|t:|1758292378
|move|p2a: Garchomp|Outrage|p1a: Samurott
|-crit|p1a: Samurott
|-damage|p1a: Samurott|0 fnt
|faint|p1a: Samurott
|
|upkeep
|
|t:|1758292386
|switch|p1a: Hydrapple|Hydrapple, F|100/100
|turn|2
|
|t:|1758292389
|-terastallize|p1a: Hydrapple|Fairy
|move|p2a: Garchomp|Outrage|p1a: Hydrapple|[from] lockedmove
|-immune|p1a: Hydrapple
|-start|p2a: Garchomp|confusion|[fatigue]
|move|p1a: Hydrapple|Fickle Beam|p2a: Garchomp
|-supereffective|p2a: Garchomp
|-damage|p2a: Garchomp|28/100
|
|upkeep
|turn|3
|
|t:|1758292399
|switch|p2a: Slowking|Slowking-Galar, F|100/100
|move|p1a: Hydrapple|Nasty Plot|p1a: Hydrapple
|-boost|p1a: Hydrapple|spa|2
|
|upkeep
|turn|4
|
|t:|1758292408
|switch|p1a: Scizor|Scizor, M|100/100
|move|p2a: Slowking|Sludge Bomb|p1a: Scizor
|-immune|p1a: Scizor
|
|upkeep
|turn|5
|
|t:|1758292415
|switch|p2a: Alomomola|Alomomola, M|100/100
|move|p1a: Scizor|Knock Off|p2a: Alomomola
|-damage|p2a: Alomomola|84/100
|-enditem|p2a: Alomomola|Heavy-Duty Boots|[from] move: Knock Off|[of] p1a: Scizor
|
|upkeep
|turn|6
|
|t:|1758292423
|switch|p1a: Hydrapple|Hydrapple, F, tera:Fairy|100/100
|move|p2a: Alomomola|Flip Turn|p1a: Hydrapple
|-damage|p1a: Hydrapple|92/100
|
|t:|1758292430
|switch|p2a: Slowking|Slowking-Galar, F|100/100|[from] Flip Turn
|
|upkeep
|turn|7
|
|t:|1758292436
|switch|p1a: Meloetta|Meloetta|100/100
|move|p2a: Slowking|Future Sight|p1a: Meloetta
|-start|p2a: Slowking|move: Future Sight
|
|upkeep
|turn|8
|
|t:|1758292441
|move|p1a: Meloetta|Shadow Ball|p2a: Slowking
|-supereffective|p2a: Slowking
|-damage|p2a: Slowking|70/100
|move|p2a: Slowking|Sludge Bomb|p1a: Meloetta
|-damage|p1a: Meloetta|81/100
|-status|p1a: Meloetta|psn
|
|-damage|p1a: Meloetta|68/100 psn|[from] psn
|upkeep
|turn|9
|
|t:|1758292452
|move|p1a: Meloetta|Hyper Voice|p2a: Slowking
|-damage|p2a: Slowking|42/100
|-prepare|p2a: Slowking|Chilly Reception|[premajor]
|move|p2a: Slowking|Chilly Reception|p2a: Slowking
|-weather|Snowscape
|
|t:|1758292459
|switch|p2a: Ogerpon|Ogerpon-Wellspring, F|100/100|[from] Chilly Reception
|
|-weather|Snowscape|[upkeep]
|-end|p1a: Meloetta|move: Future Sight
|-resisted|p1a: Meloetta
|-damage|p1a: Meloetta|55/100 psn
|-damage|p1a: Meloetta|43/100 psn|[from] psn
|upkeep
|turn|10
|
|t:|1758292469
|switch|p1a: Zapdos|Zapdos-Galar|100/100
|-terastallize|p2a: Ogerpon|Water
|detailschange|p2a: Ogerpon|Ogerpon-Wellspring-Tera, F, tera:Water
|-ability|p2a: Ogerpon|Embody Aspect (Wellspring)|boost
|-boost|p2a: Ogerpon|spd|1
|move|p2a: Ogerpon|Ivy Cudgel|p1a: Zapdos|[anim] Ivy Cudgel Water
|-damage|p1a: Zapdos|8/100
|
|-weather|Snowscape|[upkeep]
|upkeep
|turn|11
|
|t:|1758292482
|switch|p2a: Corviknight|Corviknight, F|100/100
|-ability|p2a: Corviknight|Pressure
|move|p1a: Zapdos|Close Combat|p2a: Corviknight
|-damage|p2a: Corviknight|61/100
|-unboost|p1a: Zapdos|def|1
|-unboost|p1a: Zapdos|spd|1
|-damage|p1a: Zapdos|0 fnt|[from] item: Rocky Helmet|[of] p2a: Corviknight
|faint|p1a: Zapdos
|
|-weather|Snowscape|[upkeep]
|upkeep
|
|t:|1758292486
|switch|p1a: Ceruledge|Ceruledge, M|100/100
|turn|12
|
|t:|1758292497
|switch|p2a: Alomomola|Alomomola, M|100/100
|move|p1a: Ceruledge|Bulk Up|p1a: Ceruledge
|-boost|p1a: Ceruledge|atk|1
|-boost|p1a: Ceruledge|def|1
|
|-weather|Snowscape|[upkeep]
|upkeep
|turn|13
|
|t:|1758292505
|move|p1a: Ceruledge|Bulk Up|p1a: Ceruledge
|-boost|p1a: Ceruledge|atk|1
|-boost|p1a: Ceruledge|def|1
|move|p2a: Alomomola|Scald|p1a: Ceruledge
|-supereffective|p1a: Ceruledge
|-damage|p1a: Ceruledge|74/100
|
|-weather|none
|upkeep
|turn|14
|
|t:|1758292515
|move|p1a: Ceruledge|Bulk Up|p1a: Ceruledge
|-boost|p1a: Ceruledge|atk|1
|-boost|p1a: Ceruledge|def|1
|move|p2a: Alomomola|Flip Turn|p1a: Ceruledge
|-supereffective|p1a: Ceruledge
|-damage|p1a: Ceruledge|60/100
|
|t:|1758292526
|switch|p2a: Slowking|Slowking-Galar, F|75/100|[from] Flip Turn
|
|upkeep
|turn|15
|
|t:|1758292541
|move|p1a: Ceruledge|Bitter Blade|p2a: Slowking
|-damage|p2a: Slowking|0 fnt
|-heal|p1a: Ceruledge|100/100|[from] drain|[of] p2a: Slowking
|faint|p2a: Slowking
|
|upkeep
|
|t:|1758292550
|switch|p2a: Ditto|Ditto|100/100
|-transform|p2a: Ditto|p1a: Ceruledge|[from] ability: Imposter
|turn|16
|
|t:|1758292558
|move|p2a: Ditto|Poltergeist|p1a: Ceruledge
|-activate|p1a: Ceruledge|move: Poltergeist|Heavy-Duty Boots
|-supereffective|p1a: Ceruledge
|-damage|p1a: Ceruledge|0 fnt
|faint|p1a: Ceruledge
|
|upkeep
|
|t:|1758292565
|switch|p1a: Meloetta|Meloetta|43/100 psn
|turn|17
|
|t:|1758292570
|switch|p2a: Ogerpon|Ogerpon-Wellspring-Tera, F, tera:Water|100/100
|-ability|p2a: Ogerpon|Embody Aspect (Wellspring)|boost
|-boost|p2a: Ogerpon|spd|1
|move|p1a: Meloetta|Shadow Ball|p2a: Ogerpon
|-damage|p2a: Ogerpon|79/100
|-unboost|p2a: Ogerpon|spd|1
|
|-damage|p1a: Meloetta|30/100 psn|[from] psn
|upkeep
|turn|18
|
|t:|1758292581
|switch|p1a: Hydrapple|Hydrapple, F, tera:Fairy|100/100
|move|p2a: Ogerpon|Ivy Cudgel|p1a: Hydrapple|[anim] Ivy Cudgel Water
|-crit|p1a: Hydrapple
|-damage|p1a: Hydrapple|29/100
|
|upkeep
|turn|19
|-message|ICElIED forfeited.
|
|win|djamao
|raw|ICElIED's rating: 1382 &rarr; <strong>1363</strong><br />(-19 for losing)
|raw|djamao's rating: 1391 &rarr; <strong>1410</strong><br />(+19 for winning)
|l|☆ICElIED
|player|p1|
|l|☆djamao
|player|p2|
