|j|☆Tao Shinhan_87
|j|☆Dylphin
|t:|1758343520
|gametype|singles
|player|p1|Tao Shinhan_87|pokemonranger-gen4|1311
|player|p2|Dylphin|sailor|1335
|gen|9
|tier|[Gen 9] OU
|rated|
|rule|HP Percentage Mod: HP is shown in percentages
|rule|Endless Battle Clause: Forcing endless battles is banned
|rule|Species Clause: Limit one of each Pokémon
|rule|OHKO Clause: OHKO moves are banned
|rule|Evasion Items Clause: Evasion items are banned
|rule|Evasion Moves Clause: Evasion moves are banned
|rule|Evasion Abilities Clause: Evasion abilities are banned
|rule|Sleep Moves Clause: Sleep-inducing moves are banned
|clearpoke
|poke|p1|Pelipper, F|
|poke|p1|Toxicroak, F|
|poke|p1|Hatterene, F|
|poke|p1|Zapdos|
|poke|p1|Barraskewda, M|
|poke|p1|Iron Treads|
|poke|p2|Azumarill, M|
|poke|p2|Dragonite, F|
|poke|p2|Raging Bolt|
|poke|p2|Cinderace, M|
|poke|p2|Iron Jugulis|
|poke|p2|Gholdengo|
|teampreview
|inactive|Battle timer is ON: inactive players will automatically lose when time's up. (requested by Dylphin)
|
|t:|1758343529
|teamsize|p1|6
|teamsize|p2|6
|start
|switch|p1a: Pelipper|Pelipper, F|100/100
|switch|p2a: iJugs|Iron Jugulis|100/100
|-weather|RainDance|[from] ability: Drizzle|[of] p1a: Pelipper
|turn|1
|
|t:|1758343538
|switch|p1a: Hatterene|Hatterene, F|100/100
|move|p2a: iJugs|Charge Beam|p1a: Hatterene
|-damage|p1a: Hatterene|83/100
|-enditem|p1a: Hatterene|Eject Button
|
|t:|1758343555
|switch|p1a: Barraskewda|Barraskewda, M|100/100
|
|-weather|RainDance|[upkeep]
|upkeep
|turn|2
|
|t:|1758343566
|move|p1a: Barraskewda|Liquidation|p2a: iJugs
|-damage|p2a: iJugs|0 fnt
|faint|p2a: iJugs
|-end|p2a: iJugs|Quark Drive|[silent]
|
|-weather|RainDance|[upkeep]
|upkeep
|
|t:|1758343569
|switch|p2a: Neverender|Raging Bolt|100/100
|-enditem|p2a: Neverender|Booster Energy
|-activate|p2a: Neverender|ability: Protosynthesis|[fromitem]
|-start|p2a: Neverender|protosynthesisspa
|turn|3
|
|t:|1758343574
|switch|p1a: Iron Treads|Iron Treads|100/100
|move|p2a: Neverender|Thunderclap||[still]
|-fail|p2a: Neverender
|
|-weather|RainDance|[upkeep]
|upkeep
|turn|4
|
|t:|1758343582
|move|p1a: Iron Treads|Stealth Rock|p2a: Neverender
|-sidestart|p2: Dylphin|move: Stealth Rock
|move|p2a: Neverender|Dragon Pulse|p1a: Iron Treads
|-resisted|p1a: Iron Treads
|-damage|p1a: Iron Treads|72/100
|
|-weather|RainDance|[upkeep]
|-heal|p1a: Iron Treads|78/100|[from] item: Leftovers
|upkeep
|turn|5
|
|t:|1758343611
|move|p1a: Iron Treads|Earthquake|p2a: Neverender
|-supereffective|p2a: Neverender
|-damage|p2a: Neverender|38/100
|move|p2a: Neverender|Dragon Pulse|p1a: Iron Treads
|-resisted|p1a: Iron Treads
|-damage|p1a: Iron Treads|50/100
|
|-weather|RainDance|[upkeep]
|-heal|p1a: Iron Treads|56/100|[from] item: Leftovers
|upkeep
|turn|6
|inactive|Tao Shinhan_87 has 120 seconds left.
|
|t:|1758343651
|move|p1a: Iron Treads|Earthquake|p2a: Neverender
|-supereffective|p2a: Neverender
|-damage|p2a: Neverender|0 fnt
|faint|p2a: Neverender
|-end|p2a: Neverender|Protosynthesis|[silent]
|
|-weather|RainDance|[upkeep]
|-heal|p1a: Iron Treads|62/100|[from] item: Leftovers
|upkeep
|inactive|Dylphin has 120 seconds left.
|
|t:|1758343671
|switch|p2a: Bring da Boom|Azumarill, M, shiny|100/100
|-damage|p2a: Bring da Boom|88/100|[from] Stealth Rock
|turn|7
|
|t:|1758343675
|-end|p1a: Iron Treads|Quark Drive|[silent]
|switch|p1a: Toxicroak|Toxicroak, F|100/100
|move|p2a: Bring da Boom|Belly Drum|p2a: Bring da Boom
|-damage|p2a: Bring da Boom|38/100
|-setboost|p2a: Bring da Boom|atk|6|[from] move: Belly Drum
|-enditem|p2a: Bring da Boom|Sitrus Berry|[eat]
|-heal|p2a: Bring da Boom|63/100|[from] item: Sitrus Berry
|
|-weather|RainDance|[upkeep]
|upkeep
|turn|8
|inactive|Dylphin has 120 seconds left.
|
|t:|1758343698
|move|p1a: Toxicroak|Knock Off|p2a: Bring da Boom
|-resisted|p2a: Bring da Boom
|-damage|p2a: Bring da Boom|56/100
|move|p2a: Bring da Boom|Play Rough|p1a: Toxicroak
|-damage|p1a: Toxicroak|0 fnt
|-damage|p2a: Bring da Boom|39/100|[from] item: Rocky Helmet|[of] p1a: Toxicroak
|faint|p1a: Toxicroak
|
|-weather|none
|upkeep
|
|t:|1758343710
|switch|p1a: Zapdos|Zapdos|100/100
|turn|9
|
|t:|1758343714
|move|p1a: Zapdos|Volt Switch|p2a: Bring da Boom
|-supereffective|p2a: Bring da Boom
|-damage|p2a: Bring da Boom|0 fnt
|faint|p2a: Bring da Boom
|
|t:|1758343720
|switch|p1a: Pelipper|Pelipper, F|100/100|[from] Volt Switch
|-weather|RainDance|[from] ability: Drizzle|[of] p1a: Pelipper
|
|-weather|RainDance|[upkeep]
|upkeep
|
|t:|1758343725
|switch|p2a: Apple Jack|Gholdengo|100/100
|-damage|p2a: Apple Jack|94/100|[from] Stealth Rock
|turn|10
|
|t:|1758343730
|move|p2a: Apple Jack|Shadow Ball|p1a: Pelipper
|-damage|p1a: Pelipper|57/100
|-unboost|p1a: Pelipper|spd|1
|move|p1a: Pelipper|Knock Off|p2a: Apple Jack
|-supereffective|p2a: Apple Jack
|-damage|p2a: Apple Jack|67/100
|-enditem|p2a: Apple Jack|Choice Scarf|[from] move: Knock Off|[of] p1a: Pelipper
|
|-weather|RainDance|[upkeep]
|upkeep
|turn|11
|inactive|Dylphin has 120 seconds left.
|
|t:|1758343761
|switch|p1a: Iron Treads|Iron Treads|62/100
|move|p2a: Apple Jack|Shadow Ball|p1a: Iron Treads
|-damage|p1a: Iron Treads|28/100
|-unboost|p1a: Iron Treads|spd|1
|
|-weather|RainDance|[upkeep]
|-heal|p1a: Iron Treads|34/100|[from] item: Leftovers
|upkeep
|turn|12
|
|t:|1758343773
|move|p2a: Apple Jack|Shadow Ball|p1a: Iron Treads
|-damage|p1a: Iron Treads|0 fnt
|faint|p1a: Iron Treads
|-end|p1a: Iron Treads|Quark Drive|[silent]
|
|-weather|RainDance|[upkeep]
|upkeep
|
|t:|1758343776
|switch|p1a: Barraskewda|Barraskewda, M|100/100
|turn|13
|
|t:|1758343785
|move|p1a: Barraskewda|Flip Turn|p2a: Apple Jack
|-damage|p2a: Apple Jack|0 fnt
|faint|p2a: Apple Jack
|
|t:|1758343796
|switch|p1a: Zapdos|Zapdos|100/100|[from] Flip Turn
|
|-weather|RainDance|[upkeep]
|upkeep
|
|t:|1758343799
|switch|p2a: Puff|Dragonite, F|100/100
|turn|14
|
|t:|1758343821
|move|p1a: Zapdos|Volt Switch|p2a: Puff
|-damage|p2a: Puff|74/100
|
|t:|1758343824
|switch|p1a: Hatterene|Hatterene, F|83/100|[from] Volt Switch
|move|p2a: Puff|Dragon Dance|p2a: Puff
|-boost|p2a: Puff|atk|1
|-boost|p2a: Puff|spe|1
|
|-weather|RainDance|[upkeep]
|upkeep
|turn|15
|
|t:|1758343832
|-terastallize|p1a: Hatterene|Steel
|move|p2a: Puff|Iron Head|p1a: Hatterene
|-resisted|p1a: Hatterene
|-damage|p1a: Hatterene|60/100
|move|p1a: Hatterene|Draining Kiss|p2a: Puff
|-supereffective|p2a: Puff
|-damage|p2a: Puff|26/100
|-heal|p1a: Hatterene|98/100|[from] drain|[of] p2a: Puff
|
|-weather|RainDance|[upkeep]
|upkeep
|turn|16
|
|t:|1758343842
|move|p2a: Puff|Earthquake|p1a: Hatterene
|-supereffective|p1a: Hatterene
|-damage|p1a: Hatterene|0 fnt
|faint|p1a: Hatterene
|
|-weather|none
|upkeep
|
|t:|1758343859
|switch|p1a: Zapdos|Zapdos|100/100
|turn|17
|
|t:|1758343867
|-terastallize|p2a: Puff|Normal
|move|p2a: Puff|Extreme Speed|p1a: Zapdos
|-damage|p1a: Zapdos|9/100
|-status|p2a: Puff|par|[from] ability: Static|[of] p1a: Zapdos
|move|p1a: Zapdos|Volt Switch|p2a: Puff
|-damage|p2a: Puff|0 fnt
|faint|p2a: Puff
|-message|Dylphin forfeited.
|
|win|Tao Shinhan_87
|raw|Tao Shinhan_87's rating: 1311 &rarr; <strong>1332</strong><br />(+21 for winning)
|raw|Dylphin's rating: 1335 &rarr; <strong>1314</strong><br />(-21 for losing)
|l|☆Dylphin
|player|p2|
|l|☆Tao Shinhan_87
|player|p1|
