|j|☆ShutMario23
|j|☆Rhyenn
|t:|1758334196
|gametype|singles
|player|p1|ShutMario23|101|1246
|player|p2|Rhyenn|infielder|1267
|gen|9
|tier|[Gen 9] OU
|rated|
|rule|HP Percentage Mod: HP is shown in percentages
|rule|Endless Battle Clause: Forcing endless battles is banned
|rule|Species Clause: Limit one of each Pokémon
|rule|OHKO Clause: OHKO moves are banned
|rule|Evasion Items Clause: Evasion items are banned
|rule|Evasion Moves Clause: Evasion moves are banned
|rule|Evasion Abilities Clause: Evasion abilities are banned
|rule|Sleep Moves Clause: Sleep-inducing moves are banned
|clearpoke
|poke|p1|Ting-Lu|
|poke|p1|Comfey, M|
|poke|p1|Gholdengo|
|poke|p1|Glimmora, M|
|poke|p1|Alomomola, M|
|poke|p1|Meowscarada, F|
|poke|p2|Zamazenta-*|
|poke|p2|Hoopa-Unbound|
|poke|p2|Iron Moth|
|poke|p2|Kingambit, M|
|poke|p2|Hatterene, F|
|poke|p2|Great Tusk|
|teampreview
|inactive|Battle timer is ON: inactive players will automatically lose when time's up. (requested by Rhyenn)
|
|t:|1758334221
|teamsize|p1|6
|teamsize|p2|6
|start
|switch|p1a: Meowscarada|Meowscarada, F, shiny|100/100
|switch|p2a: Act 4|Great Tusk|100/100
|turn|1
|
|t:|1758334238
|-end|p2a: Act 4|Protosynthesis|[silent]
|switch|p2a: Motthew|Iron Moth|100/100
|move|p1a: Meowscarada|U-turn|p2a: Motthew
|-start|p1a: Meowscarada|typechange|Bug|[from] ability: Protean
|-resisted|p2a: Motthew
|-damage|p2a: Motthew|87/100
|
|t:|1758334245
|switch|p1a: Glimmora|Glimmora, M, shiny|100/100|[from] U-turn
|
|upkeep
|turn|2
|
|t:|1758334263
|move|p2a: Motthew|Fiery Dance|p1a: Glimmora
|-resisted|p1a: Glimmora
|-damage|p1a: Glimmora|75/100
|move|p1a: Glimmora|Earth Power|p2a: Motthew
|-supereffective|p2a: Motthew
|-damage|p2a: Motthew|0 fnt
|faint|p2a: Motthew
|-end|p2a: Motthew|Quark Drive|[silent]
|
|upkeep
|
|t:|1758334272
|switch|p2a: Hat Witch|Hatterene, F, shiny|100/100
|turn|3
|
|t:|1758334281
|move|p1a: Glimmora|Sludge Wave|p2a: Hat Witch
|-supereffective|p2a: Hat Witch
|-damage|p2a: Hat Witch|0 fnt
|faint|p2a: Hat Witch
|
|upkeep
|
|t:|1758334284
|switch|p2a: HoopThereItIs|Hoopa-Unbound|100/100
|turn|4
|
|t:|1758334310
|switch|p1a: Comfey|Comfey, M, shiny|100/100
|move|p2a: HoopThereItIs|Psychic Noise|p1a: Comfey
|-damage|p1a: Comfey|66/100
|-start|p1a: Comfey|move: Heal Block
|
|upkeep
|turn|5
|
|t:|1758334323
|move|p2a: HoopThereItIs|Ice Punch|p1a: Comfey
|-damage|p1a: Comfey|34/100
|move|p1a: Comfey|Leech Seed|p2a: HoopThereItIs
|-start|p2a: HoopThereItIs|move: Leech Seed
|
|-damage|p2a: HoopThereItIs|88/100|[from] Leech Seed|[of] p1a: Comfey
|-end|p1a: Comfey|move: Heal Block
|upkeep
|turn|6
|inactive|ShutMario23 has 120 seconds left.
|
|t:|1758334344
|move|p1a: Comfey|Draining Kiss|p2a: HoopThereItIs
|-supereffective|p2a: HoopThereItIs
|-damage|p2a: HoopThereItIs|70/100
|-heal|p1a: Comfey|48/100|[from] drain|[of] p2a: HoopThereItIs
|move|p2a: HoopThereItIs|Psychic Noise|p1a: Comfey
|-damage|p1a: Comfey|9/100
|-start|p1a: Comfey|move: Heal Block
|
|-damage|p2a: HoopThereItIs|58/100|[from] Leech Seed|[of] p1a: Comfey
|upkeep
|turn|7
|inactive|ShutMario23 has 120 seconds left.
|
|t:|1758334358
|switch|p1a: Ting-Lu|Ting-Lu|100/100
|-ability|p1a: Ting-Lu|Vessel of Ruin
|move|p2a: HoopThereItIs|Knock Off|p1a: Ting-Lu
|-resisted|p1a: Ting-Lu
|-damage|p1a: Ting-Lu|91/100
|-enditem|p1a: Ting-Lu|Leftovers|[from] move: Knock Off|[of] p2a: HoopThereItIs
|
|-damage|p2a: HoopThereItIs|46/100|[from] Leech Seed|[of] p1a: Ting-Lu
|-heal|p1a: Ting-Lu|98/100|[silent]
|upkeep
|turn|8
|
|t:|1758334369
|move|p2a: HoopThereItIs|Ice Punch|p1a: Ting-Lu
|-supereffective|p1a: Ting-Lu
|-damage|p1a: Ting-Lu|75/100
|move|p1a: Ting-Lu|Stealth Rock|p2a: HoopThereItIs
|-sidestart|p2: Rhyenn|move: Stealth Rock
|
|-damage|p2a: HoopThereItIs|33/100|[from] Leech Seed|[of] p1a: Ting-Lu
|-heal|p1a: Ting-Lu|82/100|[silent]
|upkeep
|turn|9
|
|t:|1758334378
|switch|p2a: Act 4|Great Tusk|100/100
|switch|p1a: Alomomola|Alomomola, M, shiny|100/100
|
|upkeep
|turn|10
|
|t:|1758334388
|switch|p1a: Gholdengo|Gholdengo, shiny|100/100
|-item|p1a: Gholdengo|Air Balloon
|-terastallize|p2a: Act 4|Ghost
|move|p2a: Act 4|Rapid Spin|p1a: Gholdengo
|-immune|p1a: Gholdengo
|
|upkeep
|turn|11
|
|t:|1758334400
|move|p2a: Act 4|Ice Spinner|p1a: Gholdengo
|-resisted|p1a: Gholdengo
|-damage|p1a: Gholdengo|87/100
|-enditem|p1a: Gholdengo|Air Balloon
|move|p1a: Gholdengo|Shadow Ball|p2a: Act 4
|-supereffective|p2a: Act 4
|-damage|p2a: Act 4|0 fnt
|faint|p2a: Act 4
|-end|p2a: Act 4|Protosynthesis|[silent]
|
|upkeep
|
|t:|1758334410
|switch|p2a: HoopThereItIs|Hoopa-Unbound|33/100
|-damage|p2a: HoopThereItIs|21/100|[from] Stealth Rock
|turn|12
|
|t:|1758334423
|switch|p1a: Alomomola|Alomomola, M, shiny|100/100
|move|p2a: HoopThereItIs|Knock Off|p1a: Alomomola
|-damage|p1a: Alomomola|66/100
|-enditem|p1a: Alomomola|Leftovers|[from] move: Knock Off|[of] p2a: HoopThereItIs
|
|upkeep
|turn|13
|
|t:|1758334430
|move|p2a: HoopThereItIs|Thunderbolt|p1a: Alomomola
|-supereffective|p1a: Alomomola
|-damage|p1a: Alomomola|13/100
|-status|p1a: Alomomola|par
|move|p1a: Alomomola|Wish|p1a: Alomomola
|
|upkeep
|turn|14
|
|t:|1758334438
|switch|p1a: Ting-Lu|Ting-Lu|82/100
|-ability|p1a: Ting-Lu|Vessel of Ruin
|move|p2a: HoopThereItIs|Psychic Noise|p1a: Ting-Lu
|-immune|p1a: Ting-Lu
|
|-heal|p1a: Ting-Lu|100/100|[from] move: Wish|[wisher] Alomomola
|upkeep
|turn|15
|
|t:|1758334453
|move|p2a: HoopThereItIs|Ice Punch|p1a: Ting-Lu
|-supereffective|p1a: Ting-Lu
|-damage|p1a: Ting-Lu|81/100
|move|p1a: Ting-Lu|Earthquake|p2a: HoopThereItIs
|-damage|p2a: HoopThereItIs|0 fnt
|faint|p2a: HoopThereItIs
|
|upkeep
|
|t:|1758334461
|switch|p2a: Pinky|Zamazenta, shiny|100/100
|-damage|p2a: Pinky|94/100|[from] Stealth Rock
|-ability|p2a: Pinky|Dauntless Shield|boost
|-boost|p2a: Pinky|def|1
|turn|16
|
|t:|1758334468
|-terastallize|p1a: Ting-Lu|Poison
|move|p2a: Pinky|Substitute|p2a: Pinky
|-start|p2a: Pinky|Substitute
|-damage|p2a: Pinky|69/100
|move|p1a: Ting-Lu|Whirlwind|p2a: Pinky
|drag|p2a: Show Gun|Kingambit, M, shiny|100/100
|-damage|p2a: Show Gun|94/100|[from] Stealth Rock
|-activate|p2a: Show Gun|ability: Supreme Overlord
|-start|p2a: Show Gun|fallen4|[silent]
|
|-heal|p2a: Show Gun|100/100|[from] item: Leftovers
|upkeep
|turn|17
|
|t:|1758334494
|move|p2a: Show Gun|Kowtow Cleave|p1a: Ting-Lu
|-damage|p1a: Ting-Lu|50/100
|move|p1a: Ting-Lu|Earthquake|p2a: Show Gun
|-supereffective|p2a: Show Gun
|-damage|p2a: Show Gun|45/100
|
|-heal|p2a: Show Gun|51/100|[from] item: Leftovers
|upkeep
|turn|18
|
|t:|1758334503
|move|p2a: Show Gun|Kowtow Cleave|p1a: Ting-Lu
|-damage|p1a: Ting-Lu|24/100
|move|p1a: Ting-Lu|Earthquake|p2a: Show Gun
|-supereffective|p2a: Show Gun
|-damage|p2a: Show Gun|0 fnt
|faint|p2a: Show Gun
|-end|p2a: Show Gun|fallen4|[silent]
|
|upkeep
|
|t:|1758334511
|switch|p2a: Pinky|Zamazenta, shiny|69/100
|-damage|p2a: Pinky|63/100|[from] Stealth Rock
|turn|19
|
|t:|1758334515
|move|p2a: Pinky|Substitute|p2a: Pinky
|-start|p2a: Pinky|Substitute
|-damage|p2a: Pinky|38/100
|move|p1a: Ting-Lu|Rock Tomb|p2a: Pinky
|-resisted|p2a: Pinky
|-activate|p2a: Pinky|move: Substitute|[damage]
|
|-heal|p2a: Pinky|45/100|[from] item: Leftovers
|upkeep
|turn|20
|
|t:|1758334524
|move|p2a: Pinky|Iron Defense|p2a: Pinky
|-boost|p2a: Pinky|def|2
|move|p1a: Ting-Lu|Earthquake|p2a: Pinky
|-activate|p2a: Pinky|move: Substitute|[damage]
|
|-heal|p2a: Pinky|51/100|[from] item: Leftovers
|upkeep
|turn|21
|
|t:|1758334532
|move|p2a: Pinky|Iron Defense|p2a: Pinky
|-boost|p2a: Pinky|def|2
|move|p1a: Ting-Lu|Earthquake|p2a: Pinky
|-end|p2a: Pinky|Substitute
|
|-heal|p2a: Pinky|57/100|[from] item: Leftovers
|upkeep
|turn|22
|
|t:|1758334552
|move|p2a: Pinky|Substitute|p2a: Pinky
|-start|p2a: Pinky|Substitute
|-damage|p2a: Pinky|32/100
|move|p1a: Ting-Lu|Earthquake|p2a: Pinky
|-activate|p2a: Pinky|move: Substitute|[damage]
|
|-heal|p2a: Pinky|38/100|[from] item: Leftovers
|upkeep
|turn|23
|
|t:|1758334561
|move|p2a: Pinky|Iron Defense|p2a: Pinky
|-boost|p2a: Pinky|def|2
|move|p1a: Ting-Lu|Earthquake|p2a: Pinky
|-activate|p2a: Pinky|move: Substitute|[damage]
|
|-heal|p2a: Pinky|45/100|[from] item: Leftovers
|upkeep
|turn|24
|
|t:|1758334570
|move|p2a: Pinky|Body Press|p1a: Ting-Lu
|-resisted|p1a: Ting-Lu
|-damage|p1a: Ting-Lu|0 fnt
|faint|p1a: Ting-Lu
|
|-heal|p2a: Pinky|51/100|[from] item: Leftovers
|upkeep
|
|t:|1758334580
|switch|p1a: Alomomola|Alomomola, M, shiny|46/100 par
|turn|25
|
|t:|1758334586
|move|p2a: Pinky|Body Press|p1a: Alomomola
|-damage|p1a: Alomomola|0 fnt
|faint|p1a: Alomomola
|
|-heal|p2a: Pinky|57/100|[from] item: Leftovers
|upkeep
|
|t:|1758334592
|switch|p1a: Gholdengo|Gholdengo, shiny|87/100
|turn|26
|
|t:|1758334596
|move|p2a: Pinky|Crunch|p1a: Gholdengo
|-supereffective|p1a: Gholdengo
|-damage|p1a: Gholdengo|47/100
|-unboost|p1a: Gholdengo|def|1
|move|p1a: Gholdengo|Shadow Ball|p2a: Pinky
|-end|p2a: Pinky|Substitute
|
|-heal|p2a: Pinky|63/100|[from] item: Leftovers
|upkeep
|turn|27
|
|t:|1758334607
|switch|p1a: Glimmora|Glimmora, M, shiny|75/100
|move|p2a: Pinky|Crunch|p1a: Glimmora
|-damage|p1a: Glimmora|53/100
|
|-heal|p2a: Pinky|69/100|[from] item: Leftovers
|upkeep
|turn|28
|
|t:|1758334617
|move|p2a: Pinky|Substitute|p2a: Pinky
|-start|p2a: Pinky|Substitute
|-damage|p2a: Pinky|45/100
|move|p1a: Glimmora|Sludge Wave|p2a: Pinky
|-end|p2a: Pinky|Substitute
|
|-heal|p2a: Pinky|51/100|[from] item: Leftovers
|upkeep
|turn|29
|
|t:|1758334626
|move|p2a: Pinky|Body Press|p1a: Glimmora
|-crit|p1a: Glimmora
|-damage|p1a: Glimmora|0 fnt
|faint|p1a: Glimmora
|
|-heal|p2a: Pinky|57/100|[from] item: Leftovers
|upkeep
|
|t:|1758334632
|switch|p1a: Comfey|Comfey, M, shiny|9/100
|turn|30
|
|t:|1758334636
|move|p1a: Comfey|Draining Kiss|p2a: Pinky
|-supereffective|p2a: Pinky
|-damage|p2a: Pinky|35/100
|-heal|p1a: Comfey|30/100|[from] drain|[of] p2a: Pinky
|move|p2a: Pinky|Substitute|p2a: Pinky
|-start|p2a: Pinky|Substitute
|-damage|p2a: Pinky|10/100
|
|-heal|p2a: Pinky|16/100|[from] item: Leftovers
|-heal|p1a: Comfey|36/100|[from] item: Leftovers
|upkeep
|turn|31
|
|t:|1758334646
|move|p1a: Comfey|Draining Kiss|p2a: Pinky
|-supereffective|p2a: Pinky
|-activate|p2a: Pinky|move: Substitute|[damage]
|-heal|p1a: Comfey|57/100|[from] drain|[of] p2a: Pinky
|move|p2a: Pinky|Body Press|p1a: Comfey
|-resisted|p1a: Comfey
|-damage|p1a: Comfey|0 fnt
|faint|p1a: Comfey
|
|-heal|p2a: Pinky|22/100|[from] item: Leftovers
|upkeep
|
|t:|1758334659
|switch|p1a: Meowscarada|Meowscarada, F, shiny|100/100
|turn|32
|
|t:|1758334669
|move|p2a: Pinky|Body Press|p1a: Meowscarada
|-supereffective|p1a: Meowscarada
|-damage|p1a: Meowscarada|0 fnt
|faint|p1a: Meowscarada
|
|-heal|p2a: Pinky|29/100|[from] item: Leftovers
|upkeep
|
|t:|1758334675
|switch|p1a: Gholdengo|Gholdengo, shiny|47/100
|turn|33
|
|t:|1758334679
|move|p2a: Pinky|Crunch|p1a: Gholdengo
|-supereffective|p1a: Gholdengo
|-damage|p1a: Gholdengo|4/100
|move|p1a: Gholdengo|Recover|p1a: Gholdengo
|-heal|p1a: Gholdengo|54/100
|
|-heal|p2a: Pinky|35/100|[from] item: Leftovers
|upkeep
|turn|34
|
|t:|1758334688
|move|p2a: Pinky|Crunch|p1a: Gholdengo
|-supereffective|p1a: Gholdengo
|-damage|p1a: Gholdengo|12/100
|move|p1a: Gholdengo|Recover|p1a: Gholdengo
|-heal|p1a: Gholdengo|62/100
|
|-heal|p2a: Pinky|41/100|[from] item: Leftovers
|upkeep
|turn|35
|
|t:|1758334696
|move|p2a: Pinky|Crunch|p1a: Gholdengo
|-supereffective|p1a: Gholdengo
|-damage|p1a: Gholdengo|23/100
|move|p1a: Gholdengo|Recover|p1a: Gholdengo
|-heal|p1a: Gholdengo|73/100
|
|-heal|p2a: Pinky|47/100|[from] item: Leftovers
|upkeep
|turn|36
|
|t:|1758334703
|move|p2a: Pinky|Crunch|p1a: Gholdengo
|-supereffective|p1a: Gholdengo
|-damage|p1a: Gholdengo|29/100
|move|p1a: Gholdengo|Recover|p1a: Gholdengo
|-heal|p1a: Gholdengo|79/100
|
|-heal|p2a: Pinky|53/100|[from] item: Leftovers
|upkeep
|turn|37
|
|t:|1758334710
|move|p2a: Pinky|Crunch|p1a: Gholdengo
|-supereffective|p1a: Gholdengo
|-damage|p1a: Gholdengo|39/100
|move|p1a: Gholdengo|Recover|p1a: Gholdengo
|-heal|p1a: Gholdengo|89/100
|
|-heal|p2a: Pinky|60/100|[from] item: Leftovers
|upkeep
|turn|38
|
|t:|1758334723
|move|p2a: Pinky|Crunch|p1a: Gholdengo
|-supereffective|p1a: Gholdengo
|-damage|p1a: Gholdengo|47/100
|-unboost|p1a: Gholdengo|def|1
|move|p1a: Gholdengo|Psychic|p2a: Pinky
|-supereffective|p2a: Pinky
|-end|p2a: Pinky|Substitute
|
|-heal|p2a: Pinky|66/100|[from] item: Leftovers
|upkeep
|turn|39
|
|t:|1758334732
|move|p2a: Pinky|Crunch|p1a: Gholdengo
|-supereffective|p1a: Gholdengo
|-damage|p1a: Gholdengo|0 fnt
|faint|p1a: Gholdengo
|
|win|Rhyenn
|raw|ShutMario23's rating: 1246 &rarr; <strong>1223</strong><br />(-23 for losing)
|raw|Rhyenn's rating: 1267 &rarr; <strong>1290</strong><br />(+23 for winning)
|l|☆ShutMario23
|player|p1|
