|j|☆GeeskiGotem
|j|☆StarDio
|t:|1758264423
|gametype|singles
|player|p1|GeeskiGotem|sage|1469
|player|p2|StarDio|lance|1519
|gen|9
|tier|[Gen 9] OU
|rated|
|rule|HP Percentage Mod: HP is shown in percentages
|rule|Endless Battle Clause: Forcing endless battles is banned
|rule|Species Clause: Limit one of each Pokémon
|rule|OHKO Clause: OHKO moves are banned
|rule|Evasion Items Clause: Evasion items are banned
|rule|Evasion Moves Clause: Evasion moves are banned
|rule|Evasion Abilities Clause: Evasion abilities are banned
|rule|Sleep Moves Clause: Sleep-inducing moves are banned
|clearpoke
|poke|p1|Kingambit, M|
|poke|p1|Toxapex, F|
|poke|p1|Dragapult, M|
|poke|p1|Iron Treads|
|poke|p1|Glimmora, F|
|poke|p1|Hoopa-Unbound|
|poke|p2|Kingambit, F|
|poke|p2|Cinderace, F|
|poke|p2|Landorus-Therian, M|
|poke|p2|Iron Valiant|
|poke|p2|Kyurem|
|poke|p2|Slowking-Galar, M|
|teampreview
|inactive|Battle timer is ON: inactive players will automatically lose when time's up. (requested by StarDio)
|
|t:|1758264429
|teamsize|p1|6
|teamsize|p2|6
|start
|switch|p1a: Big Glim|Glimmora, F, shiny|100/100
|switch|p2a: Still the goat|Landorus-Therian, M, shiny|100/100
|-ability|p2a: Still the goat|Intimidate|boost
|-unboost|p1a: Big Glim|atk|1
|turn|1
|
|t:|1758264433
|move|p2a: Still the goat|U-turn|p1a: Big Glim
|-resisted|p1a: Big Glim
|-damage|p1a: Big Glim|88/100
|-activate|p1a: Big Glim|ability: Toxic Debris
|-sidestart|p2: StarDio|move: Toxic Spikes
|
|t:|1758264435
|switch|p2a: Slowking|Slowking-Galar, M, shiny|100/100|[from] U-turn
|-sideend|p2: StarDio|move: Toxic Spikes|[of] p2a: Slowking
|move|p1a: Big Glim|Power Gem|p2a: Slowking
|-damage|p2a: Slowking|74/100
|
|upkeep
|turn|2
|
|t:|1758264443
|move|p1a: Big Glim|Stealth Rock|p2a: Slowking
|-sidestart|p2: StarDio|move: Stealth Rock
|-prepare|p2a: Slowking|Chilly Reception|[premajor]
|move|p2a: Slowking|Chilly Reception|p2a: Slowking
|-weather|Snowscape
|
|t:|1758264447
|switch|p2a: Still the goat|Landorus-Therian, M, shiny|100/100|[from] Chilly Reception
|-damage|p2a: Still the goat|88/100|[from] Stealth Rock
|-ability|p2a: Still the goat|Intimidate|boost
|-unboost|p1a: Big Glim|atk|1
|
|-weather|Snowscape|[upkeep]
|upkeep
|turn|3
|
|t:|1758264450
|move|p2a: Still the goat|Earthquake|p1a: Big Glim
|-supereffective|p1a: Big Glim
|-damage|p1a: Big Glim|0 fnt
|-activate|p1a: Big Glim|ability: Toxic Debris
|-sidestart|p2: StarDio|move: Toxic Spikes
|faint|p1a: Big Glim
|
|-weather|Snowscape|[upkeep]
|upkeep
|
|t:|1758264460
|switch|p1a: LORD DRACO|Dragapult, M|100/100
|turn|4
|
|t:|1758264467
|switch|p2a: Slowking|Slowking-Galar, M, shiny|100/100
|-sideend|p2: StarDio|move: Toxic Spikes|[of] p2a: Slowking
|move|p1a: LORD DRACO|Shadow Ball|p2a: Slowking
|-supereffective|p2a: Slowking
|-damage|p2a: Slowking|44/100
|
|-weather|Snowscape|[upkeep]
|upkeep
|turn|5
|
|t:|1758264473
|switch|p2a: Kowtow Weave|Kingambit, F|100/100
|-damage|p2a: Kowtow Weave|94/100|[from] Stealth Rock
|move|p1a: LORD DRACO|Shadow Ball|p2a: Kowtow Weave
|-resisted|p2a: Kowtow Weave
|-damage|p2a: Kowtow Weave|67/100
|-unboost|p2a: Kowtow Weave|spd|1
|
|-weather|Snowscape|[upkeep]
|-heal|p2a: Kowtow Weave|73/100|[from] item: Leftovers
|upkeep
|turn|6
|
|t:|1758264484
|switch|p1a: Mecha Bug|Iron Treads|100/100
|move|p2a: Kowtow Weave|Kowtow Cleave|p1a: Mecha Bug
|-damage|p1a: Mecha Bug|56/100
|-damage|p2a: Kowtow Weave|56/100|[from] item: Rocky Helmet|[of] p1a: Mecha Bug
|
|-weather|none
|-heal|p2a: Kowtow Weave|63/100|[from] item: Leftovers
|upkeep
|turn|7
|
|t:|1758264489
|-end|p2a: Kowtow Weave|fallenundefined|[silent]
|switch|p2a: Still the goat|Landorus-Therian, M, shiny|88/100
|-damage|p2a: Still the goat|76/100|[from] Stealth Rock
|-ability|p2a: Still the goat|Intimidate|boost
|-unboost|p1a: Mecha Bug|atk|1
|move|p1a: Mecha Bug|Knock Off|p2a: Still the goat
|-damage|p2a: Still the goat|57/100
|-damage|p1a: Mecha Bug|40/100|[from] item: Rocky Helmet|[of] p2a: Still the goat
|-enditem|p2a: Still the goat|Rocky Helmet|[from] move: Knock Off|[of] p1a: Mecha Bug
|
|upkeep
|turn|8
|
|t:|1758264502
|switch|p2a: Lionel Misses|Cinderace, F, shiny|100/100
|move|p1a: Mecha Bug|Knock Off|p2a: Lionel Misses
|-damage|p2a: Lionel Misses|76/100
|-enditem|p2a: Lionel Misses|Heavy-Duty Boots|[from] move: Knock Off|[of] p1a: Mecha Bug
|
|upkeep
|turn|9
|
|t:|1758264509
|move|p2a: Lionel Misses|Court Change|p2a: Lionel Misses
|-swapsideconditions
|-activate|p2a: Lionel Misses|move: Court Change
|move|p1a: Mecha Bug|Rapid Spin|p2a: Lionel Misses
|-damage|p2a: Lionel Misses|63/100
|-boost|p1a: Mecha Bug|spe|1
|-sideend|p1: GeeskiGotem|Stealth Rock|[from] move: Rapid Spin|[of] p1a: Mecha Bug
|
|upkeep
|turn|10
|
|t:|1758264516
|switch|p2a: Kyurem|Kyurem, shiny|100/100
|-ability|p2a: Kyurem|Pressure
|move|p1a: Mecha Bug|Earthquake|p2a: Kyurem
|-damage|p2a: Kyurem|71/100
|
|-heal|p2a: Kyurem|77/100|[from] item: Leftovers
|upkeep
|turn|11
|
|t:|1758264523
|move|p1a: Mecha Bug|Knock Off|p2a: Kyurem
|-damage|p2a: Kyurem|59/100
|-enditem|p2a: Kyurem|Leftovers|[from] move: Knock Off|[of] p1a: Mecha Bug
|move|p2a: Kyurem|Freeze-Dry|p1a: Mecha Bug
|-damage|p1a: Mecha Bug|0 fnt
|faint|p1a: Mecha Bug
|-end|p1a: Mecha Bug|Quark Drive|[silent]
|
|upkeep
|
|t:|1758264532
|switch|p1a: Helping Hands|Hoopa-Unbound|100/100
|turn|12
|
|t:|1758264540
|move|p2a: Kyurem|Substitute|p2a: Kyurem
|-start|p2a: Kyurem|Substitute
|-damage|p2a: Kyurem|34/100
|move|p1a: Helping Hands|Future Sight|p2a: Kyurem
|-start|p1a: Helping Hands|move: Future Sight
|
|upkeep
|turn|13
|
|t:|1758264546
|move|p2a: Kyurem|Freeze-Dry|p1a: Helping Hands
|-damage|p1a: Helping Hands|83/100
|move|p1a: Helping Hands|Psychic Noise|p2a: Kyurem
|-damage|p2a: Kyurem|0 fnt
|faint|p2a: Kyurem
|
|upkeep
|
|t:|1758264551
|switch|p2a: Kowtow Weave|Kingambit, F|63/100
|-activate|p2a: Kowtow Weave|ability: Supreme Overlord
|-start|p2a: Kowtow Weave|fallen1|[silent]
|turn|14
|
|t:|1758264555
|switch|p1a: Kewchi Lips|Toxapex, F|100/100
|move|p2a: Kowtow Weave|Kowtow Cleave|p1a: Kewchi Lips
|-damage|p1a: Kewchi Lips|66/100
|-damage|p2a: Kowtow Weave|46/100|[from] item: Rocky Helmet|[of] p1a: Kewchi Lips
|
|-end|p2a: Kowtow Weave|move: Future Sight
|-immune|p2a: Kowtow Weave
|-heal|p2a: Kowtow Weave|52/100|[from] item: Leftovers
|upkeep
|turn|15
|
|t:|1758264560
|-end|p2a: Kowtow Weave|fallen1|[silent]
|switch|p2a: Slowking|Slowking-Galar, M, shiny|77/100
|move|p1a: Kewchi Lips|Muddy Water|p2a: Slowking
|-damage|p2a: Slowking|65/100
|-unboost|p2a: Slowking|accuracy|1
|
|upkeep
|turn|16
|
|t:|1758264566
|switch|p1a: Helping Hands|Hoopa-Unbound|83/100
|-prepare|p2a: Slowking|Chilly Reception|[premajor]
|move|p2a: Slowking|Chilly Reception|p2a: Slowking
|-weather|Snowscape
|
|t:|1758264576
|switch|p2a: Lionel Misses|Cinderace, F, shiny|63/100|[from] Chilly Reception
|
|-weather|Snowscape|[upkeep]
|upkeep
|turn|17
|
|t:|1758264580
|switch|p1a: Kewchi Lips|Toxapex, F|99/100
|move|p2a: Lionel Misses|U-turn|p1a: Kewchi Lips
|-resisted|p1a: Kewchi Lips
|-damage|p1a: Kewchi Lips|93/100
|-damage|p2a: Lionel Misses|47/100|[from] item: Rocky Helmet|[of] p1a: Kewchi Lips
|
|t:|1758264588
|switch|p2a: Slowking|Slowking-Galar, M, shiny|98/100|[from] U-turn
|
|-weather|Snowscape|[upkeep]
|upkeep
|turn|18
|
|t:|1758264592
|switch|p1a: Helping Hands|Hoopa-Unbound|83/100
|move|p2a: Slowking|Thunder Wave|p1a: Helping Hands
|-status|p1a: Helping Hands|par
|
|-weather|Snowscape|[upkeep]
|upkeep
|turn|19
|
|t:|1758264599
|switch|p2a: Kowtow Weave|Kingambit, F|52/100
|-activate|p2a: Kowtow Weave|ability: Supreme Overlord
|-start|p2a: Kowtow Weave|fallen1|[silent]
|move|p1a: Helping Hands|Knock Off|p2a: Kowtow Weave
|-resisted|p2a: Kowtow Weave
|-damage|p2a: Kowtow Weave|32/100
|-enditem|p2a: Kowtow Weave|Leftovers|[from] move: Knock Off|[of] p1a: Helping Hands
|
|-weather|Snowscape|[upkeep]
|upkeep
|turn|20
|
|t:|1758264606
|-end|p2a: Kowtow Weave|fallen1|[silent]
|switch|p2a: Still the goat|Landorus-Therian, M, shiny|57/100
|-ability|p2a: Still the goat|Intimidate|boost
|-unboost|p1a: Helping Hands|atk|1
|switch|p1a: Kewchi Lips|Toxapex, F|100/100
|
|-weather|none
|upkeep
|turn|21
|
|t:|1758264614
|move|p2a: Still the goat|Earthquake|p1a: Kewchi Lips
|-supereffective|p1a: Kewchi Lips
|-damage|p1a: Kewchi Lips|49/100
|move|p1a: Kewchi Lips|Muddy Water|p2a: Still the goat
|-supereffective|p2a: Still the goat
|-damage|p2a: Still the goat|14/100
|
|upkeep
|turn|22
|
|t:|1758264620
|-terastallize|p1a: Kewchi Lips|Ground
|move|p2a: Still the goat|Earthquake|p1a: Kewchi Lips
|-damage|p1a: Kewchi Lips|21/100
|move|p1a: Kewchi Lips|Recover|p1a: Kewchi Lips
|-heal|p1a: Kewchi Lips|71/100
|
|upkeep
|turn|23
|
|t:|1758264645
|move|p2a: Still the goat|Stealth Rock|p1a: Kewchi Lips
|-sidestart|p1: GeeskiGotem|move: Stealth Rock
|move|p1a: Kewchi Lips|Muddy Water|p2a: Still the goat
|-supereffective|p2a: Still the goat
|-damage|p2a: Still the goat|0 fnt
|faint|p2a: Still the goat
|
|upkeep
|
|t:|1758264658
|switch|p2a: Slowking|Slowking-Galar, M, shiny|100/100
|turn|24
|
|t:|1758264663
|move|p1a: Kewchi Lips|Muddy Water|p2a: Slowking
|-damage|p2a: Slowking|88/100
|-prepare|p2a: Slowking|Chilly Reception|[premajor]
|move|p2a: Slowking|Chilly Reception|p2a: Slowking
|-weather|Snowscape
|
|t:|1758264673
|switch|p2a: Kowtow Weave|Kingambit, F|32/100|[from] Chilly Reception
|-activate|p2a: Kowtow Weave|ability: Supreme Overlord
|-start|p2a: Kowtow Weave|fallen2|[silent]
|
|-weather|Snowscape|[upkeep]
|upkeep
|turn|25
|
|t:|1758264676
|-end|p2a: Kowtow Weave|fallen2|[silent]
|switch|p2a: Slowking|Slowking-Galar, M, shiny|100/100
|move|p1a: Kewchi Lips|Muddy Water|p2a: Slowking|[miss]
|-miss|p1a: Kewchi Lips|p2a: Slowking
|
|-weather|Snowscape|[upkeep]
|upkeep
|turn|26
|
|t:|1758264681
|move|p1a: Kewchi Lips|Muddy Water|p2a: Slowking
|-damage|p2a: Slowking|89/100
|-prepare|p2a: Slowking|Chilly Reception|[premajor]
|move|p2a: Slowking|Chilly Reception|p2a: Slowking
|
|t:|1758264683
|switch|p2a: Kowtow Weave|Kingambit, F|32/100|[from] Chilly Reception
|-activate|p2a: Kowtow Weave|ability: Supreme Overlord
|-start|p2a: Kowtow Weave|fallen2|[silent]
|
|-weather|Snowscape|[upkeep]
|upkeep
|turn|27
|
|t:|1758264686
|move|p2a: Kowtow Weave|Kowtow Cleave|p1a: Kewchi Lips
|-damage|p1a: Kewchi Lips|31/100
|-damage|p2a: Kowtow Weave|15/100|[from] item: Rocky Helmet|[of] p1a: Kewchi Lips
|move|p1a: Kewchi Lips|Muddy Water|p2a: Kowtow Weave
|-damage|p2a: Kowtow Weave|0 fnt
|faint|p2a: Kowtow Weave
|-end|p2a: Kowtow Weave|fallen2|[silent]
|
|-weather|Snowscape|[upkeep]
|upkeep
|
|t:|1758264688
|switch|p2a: 0% Value|Iron Valiant|100/100
|-enditem|p2a: 0% Value|Booster Energy
|-activate|p2a: 0% Value|ability: Quark Drive|[fromitem]
|-start|p2a: 0% Value|quarkdrivespe
|turn|28
|
|t:|1758264697
|switch|p1a: Helping Hands|Hoopa-Unbound|83/100 par
|-damage|p1a: Helping Hands|71/100 par|[from] Stealth Rock
|move|p2a: 0% Value|Calm Mind|p2a: 0% Value
|-boost|p2a: 0% Value|spa|1
|-boost|p2a: 0% Value|spd|1
|
|-weather|none
|upkeep
|turn|29
|
|t:|1758264704
|move|p2a: 0% Value|Moonblast|p1a: Helping Hands
|-supereffective|p1a: Helping Hands
|-damage|p1a: Helping Hands|3/100 par
|move|p1a: Helping Hands|Psychic Noise|p2a: 0% Value
|-supereffective|p2a: 0% Value
|-damage|p2a: 0% Value|0 fnt
|faint|p2a: 0% Value
|-end|p2a: 0% Value|Quark Drive|[silent]
|
|upkeep
|-message|StarDio forfeited.
|
|win|GeeskiGotem
|raw|GeeskiGotem's rating: 1469 &rarr; <strong>1492</strong><br />(+23 for winning)
|raw|StarDio's rating: 1519 &rarr; <strong>1496</strong><br />(-23 for losing)
|l|☆StarDio
|player|p2|
