|badge|p1|bronze|gen9ou|100-6
|uhtml|medal-msg|<div class="broadcast-blue">Curious what those medals under the avatar are? PS now has Ladder Seasons! For more information, check out the <a href="https://www.smogon.com/forums/threads/3740067/">thread on Smogon.</a></div>
|j|☆chall torvikk
|j|☆touhoukhoa
|t:|1758234160
|gametype|singles
|player|p1|chall torvikk|gambler|1820
|player|p2|touhoukhoa|burglar|1791
|gen|9
|tier|[Gen 9] OU
|rated|
|rule|HP Percentage Mod: HP is shown in percentages
|rule|Endless Battle Clause: Forcing endless battles is banned
|rule|Species Clause: Limit one of each Pokémon
|rule|OHKO Clause: OHKO moves are banned
|rule|Evasion Items Clause: Evasion items are banned
|rule|Evasion Moves Clause: Evasion moves are banned
|rule|Evasion Abilities Clause: Evasion abilities are banned
|rule|Sleep Moves Clause: Sleep-inducing moves are banned
|clearpoke
|poke|p1|Darkrai|
|poke|p1|Ogerpon, F|
|poke|p1|Garchomp, F|
|poke|p1|Alomomola, F|
|poke|p1|Corviknight, F|
|poke|p1|Weezing-Galar, F|
|poke|p2|Zamazenta-*|
|poke|p2|Glimmora, F|
|poke|p2|Araquanid, M|
|poke|p2|Dragapult, F|
|poke|p2|Kingambit, F|
|poke|p2|Landorus-Therian, M|
|teampreview
|j| moodrandom
|
|t:|1758234182
|teamsize|p1|6
|teamsize|p2|6
|start
|switch|p1a: Corviknight|Corviknight, F|100/100
|switch|p2a: Dragapult|Dragapult, F|100/100
|-ability|p1a: Corviknight|Pressure
|turn|1
|
|t:|1758234191
|switch|p1a: Alomomola|Alomomola, F|100/100
|move|p2a: Dragapult|Shadow Ball|p1a: Alomomola
|-damage|p1a: Alomomola|82/100
|
|upkeep
|turn|2
|
|t:|1758234196
|switch|p2a: Glimmora|Glimmora, F|100/100
|move|p1a: Alomomola|Flip Turn|p2a: Glimmora
|-supereffective|p2a: Glimmora
|-damage|p2a: Glimmora|61/100
|-activate|p2a: Glimmora|ability: Toxic Debris
|-sidestart|p1: chall torvikk|move: Toxic Spikes
|
|t:|1758234234
|switch|p1a: Ogerpon|Ogerpon, F|100/100|[from] Flip Turn
|
|upkeep
|turn|3
|j| Goobshiester1st
|
|t:|1758234254
|switch|p2a: Zamazenta|Zamazenta|100/100
|-ability|p2a: Zamazenta|Dauntless Shield|boost
|-boost|p2a: Zamazenta|def|1
|move|p1a: Ogerpon|U-turn|p2a: Zamazenta
|-resisted|p2a: Zamazenta
|-damage|p2a: Zamazenta|95/100
|
|t:|1758234261
|switch|p1a: Weezing|Weezing-Galar, F|100/100|[from] U-turn
|-ability|p1a: Weezing|Neutralizing Gas
|-sideend|p1: chall torvikk|move: Toxic Spikes|[of] p1a: Weezing
|
|-heal|p2a: Zamazenta|100/100|[from] item: Leftovers
|upkeep
|turn|4
|
|t:|1758234267
|switch|p2a: Araquanid|Araquanid, M|100/100
|move|p1a: Weezing|Will-O-Wisp|p2a: Araquanid
|-status|p2a: Araquanid|brn
|
|-damage|p2a: Araquanid|94/100 brn|[from] brn
|upkeep
|turn|5
|
|t:|1758234271
|-end|p1a: Weezing|ability: Neutralizing Gas
|switch|p1a: Corviknight|Corviknight, F|100/100
|-activate|p2a: Araquanid|ability: Water Bubble
|-curestatus|p2a: Araquanid|brn|[msg]
|-ability|p1a: Corviknight|Pressure
|move|p2a: Araquanid|Sticky Web|p1a: Corviknight
|-sidestart|p1: chall torvikk|move: Sticky Web
|
|upkeep
|turn|6
|
|t:|1758234281
|switch|p2a: Glimmora|Glimmora, F|61/100
|move|p1a: Corviknight|Defog|p2a: Glimmora
|-unboost|p2a: Glimmora|evasion|1
|-sideend|p1: chall torvikk|Sticky Web|[from] move: Defog|[of] p1a: Corviknight
|
|upkeep
|turn|7
|l| moodrandom
|
|t:|1758234306
|switch|p1a: Darkrai|Darkrai|100/100
|move|p2a: Glimmora|Meteor Beam||[still]
|-prepare|p2a: Glimmora|Meteor Beam
|-boost|p2a: Glimmora|spa|1
|-enditem|p2a: Glimmora|Power Herb
|-anim|p2a: Glimmora|Meteor Beam|p1a: Darkrai
|-damage|p1a: Darkrai|0 fnt
|faint|p1a: Darkrai
|
|upkeep
|
|t:|1758234312
|switch|p1a: Ogerpon|Ogerpon, F|100/100
|turn|8
|
|t:|1758234316
|switch|p2a: Zamazenta|Zamazenta|100/100
|move|p1a: Ogerpon|Ivy Cudgel|p2a: Zamazenta
|-damage|p2a: Zamazenta|66/100
|
|-heal|p2a: Zamazenta|72/100|[from] item: Leftovers
|upkeep
|turn|9
|
|t:|1758234324
|switch|p1a: Alomomola|Alomomola, F|100/100
|move|p2a: Zamazenta|Iron Defense|p2a: Zamazenta
|-boost|p2a: Zamazenta|def|2
|
|-heal|p2a: Zamazenta|79/100|[from] item: Leftovers
|upkeep
|turn|10
|
|t:|1758234330
|move|p2a: Zamazenta|Iron Defense|p2a: Zamazenta
|-boost|p2a: Zamazenta|def|2
|move|p1a: Alomomola|Flip Turn|p2a: Zamazenta
|-damage|p2a: Zamazenta|75/100
|
|t:|1758234332
|switch|p1a: Weezing|Weezing-Galar, F|100/100|[from] Flip Turn
|-ability|p1a: Weezing|Neutralizing Gas
|
|-heal|p2a: Zamazenta|81/100|[from] item: Leftovers
|upkeep
|turn|11
|
|t:|1758234335
|switch|p2a: Araquanid|Araquanid, M|94/100
|move|p1a: Weezing|Sludge Bomb|p2a: Araquanid
|-damage|p2a: Araquanid|73/100
|
|upkeep
|turn|12
|l| Goobshiester1st
|
|t:|1758234370
|-end|p1a: Weezing|ability: Neutralizing Gas
|switch|p1a: Corviknight|Corviknight, F|100/100
|-ability|p1a: Corviknight|Pressure
|move|p2a: Araquanid|Liquidation|p1a: Corviknight
|-damage|p1a: Corviknight|17/100
|-unboost|p1a: Corviknight|def|1
|
|-heal|p1a: Corviknight|23/100|[from] item: Leftovers
|upkeep
|turn|13
|
|t:|1758234383
|switch|p1a: Alomomola|Alomomola, F|100/100
|move|p2a: Araquanid|Liquidation|p1a: Alomomola
|-resisted|p1a: Alomomola
|-damage|p1a: Alomomola|63/100
|
|upkeep
|turn|14
|
|t:|1758234387
|move|p2a: Araquanid|Liquidation|p1a: Alomomola
|-resisted|p1a: Alomomola
|-damage|p1a: Alomomola|27/100
|-unboost|p1a: Alomomola|def|1
|move|p1a: Alomomola|Flip Turn|p2a: Araquanid
|-resisted|p2a: Araquanid
|-damage|p2a: Araquanid|64/100
|
|t:|1758234408
|switch|p1a: Garchomp|Garchomp, F|100/100|[from] Flip Turn
|
|upkeep
|turn|15
|
|t:|1758234419
|switch|p2a: Landorus|Landorus-Therian, M|100/100
|-ability|p2a: Landorus|Intimidate|boost
|-unboost|p1a: Garchomp|atk|1
|move|p1a: Garchomp|Stealth Rock|p2a: Landorus
|-sidestart|p2: touhoukhoa|move: Stealth Rock
|
|upkeep
|turn|16
|
|t:|1758234424
|move|p2a: Landorus|U-turn|p1a: Garchomp
|-crit|p1a: Garchomp
|-damage|p1a: Garchomp|64/100
|-damage|p2a: Landorus|88/100|[from] ability: Rough Skin|[of] p1a: Garchomp
|-damage|p2a: Landorus|72/100|[from] item: Rocky Helmet|[of] p1a: Garchomp
|
|t:|1758234437
|switch|p2a: Kingambit|Kingambit, F|100/100|[from] U-turn
|-damage|p2a: Kingambit|94/100|[from] Stealth Rock
|move|p1a: Garchomp|Spikes|p2a: Kingambit
|-sidestart|p2: touhoukhoa|Spikes
|
|upkeep
|turn|17
|
|t:|1758234443
|-end|p2a: Kingambit|fallenundefined|[silent]
|switch|p2a: Landorus|Landorus-Therian, M|72/100
|-damage|p2a: Landorus|59/100|[from] Stealth Rock
|-ability|p2a: Landorus|Intimidate|boost
|-unboost|p1a: Garchomp|atk|1
|move|p1a: Garchomp|Earthquake|p2a: Landorus
|-immune|p2a: Landorus
|
|upkeep
|turn|18
|
|t:|1758234454
|switch|p1a: Corviknight|Corviknight, F|23/100
|-ability|p1a: Corviknight|Pressure
|move|p2a: Landorus|U-turn|p1a: Corviknight
|-resisted|p1a: Corviknight
|-damage|p1a: Corviknight|16/100
|
|t:|1758234459
|switch|p2a: Dragapult|Dragapult, F|100/100|[from] U-turn
|-damage|p2a: Dragapult|88/100|[from] Stealth Rock
|-damage|p2a: Dragapult|76/100|[from] Spikes
|
|-heal|p1a: Corviknight|22/100|[from] item: Leftovers
|upkeep
|turn|19
|
|t:|1758234465
|switch|p1a: Alomomola|Alomomola, F|60/100
|-terastallize|p2a: Dragapult|Ghost
|move|p2a: Dragapult|Shadow Ball|p1a: Alomomola
|-damage|p1a: Alomomola|37/100
|
|upkeep
|turn|20
|
|t:|1758234475
|switch|p2a: Glimmora|Glimmora, F|61/100
|-damage|p2a: Glimmora|48/100|[from] Stealth Rock
|-damage|p2a: Glimmora|36/100|[from] Spikes
|move|p1a: Alomomola|Flip Turn|p2a: Glimmora
|-supereffective|p2a: Glimmora
|-damage|p2a: Glimmora|0 fnt
|-activate|p2a: Glimmora|ability: Toxic Debris
|-sidestart|p1: chall torvikk|move: Toxic Spikes
|faint|p2a: Glimmora
|
|t:|1758234482
|switch|p1a: Weezing|Weezing-Galar, F|100/100|[from] Flip Turn
|-ability|p1a: Weezing|Neutralizing Gas
|-sideend|p1: chall torvikk|move: Toxic Spikes|[of] p1a: Weezing
|
|upkeep
|-message|touhoukhoa forfeited.
|
|win|chall torvikk
|raw|chall torvikk's rating: 1820 &rarr; <strong>1838</strong><br />(+18 for winning)
|raw|touhoukhoa's rating: 1791 &rarr; <strong>1773</strong><br />(-18 for losing)
|l|☆touhoukhoa
|player|p2|
|l|☆chall torvikk
|player|p1|
