|j|☆ninimimi
|j|☆PandaJanai
|t:|1758343457
|gametype|singles
|player|p1|ninimimi|169|1158
|player|p2|PandaJanai|102|1165
|gen|9
|tier|[Gen 9] OU
|rated|
|rule|HP Percentage Mod: HP is shown in percentages
|rule|Endless Battle Clause: Forcing endless battles is banned
|rule|Species Clause: Limit one of each Pokémon
|rule|OHKO Clause: OHKO moves are banned
|rule|Evasion Items Clause: Evasion items are banned
|rule|Evasion Moves Clause: Evasion moves are banned
|rule|Evasion Abilities Clause: Evasion abilities are banned
|rule|Sleep Moves Clause: Sleep-inducing moves are banned
|clearpoke
|poke|p1|Tyranitar, F|
|poke|p1|Excadrill, F|
|poke|p1|Kingambit, M|
|poke|p1|Garchomp, F|
|poke|p1|Pecharunt|
|poke|p1|Rotom-Wash|
|poke|p2|Garganacl, M|
|poke|p2|Scizor, M|
|poke|p2|Pawmot, M|
|poke|p2|Greninja-*, M|
|poke|p2|Dragonite, F|
|poke|p2|Blaziken, M|
|teampreview
|
|t:|1758343464
|teamsize|p1|6
|teamsize|p2|6
|start
|switch|p1a: Garchomp|Garchomp, F|100/100
|switch|p2a: Garganacl|Garganacl, M|100/100
|turn|1
|
|t:|1758343472
|move|p1a: Garchomp|Swords Dance|p1a: Garchomp
|-boost|p1a: Garchomp|atk|2
|move|p2a: Garganacl|Stealth Rock|p1a: Garchomp
|-sidestart|p1: ninimimi|move: Stealth Rock
|
|upkeep
|turn|2
|
|t:|1758343493
|-terastallize|p2a: Garganacl|Ghost
|move|p1a: Garchomp|Earthquake|p2a: Garganacl
|-damage|p2a: Garganacl|45/100
|move|p2a: Garganacl|Salt Cure|p1a: Garchomp
|-resisted|p1a: Garchomp
|-damage|p1a: Garchomp|93/100
|-start|p1a: Garchomp|Salt Cure
|
|-heal|p2a: Garganacl|51/100|[from] item: Leftovers
|-damage|p1a: Garchomp|81/100|[from] Salt Cure
|upkeep
|turn|3
|
|t:|1758343513
|switch|p2a: Blaziken|Blaziken, M|100/100
|-item|p2a: Blaziken|Air Balloon
|move|p1a: Garchomp|Scale Shot|p2a: Blaziken
|-damage|p2a: Blaziken|61/100
|-enditem|p2a: Blaziken|Air Balloon
|-damage|p2a: Blaziken|20/100
|-damage|p2a: Blaziken|0 fnt
|faint|p2a: Blaziken
|-hitcount|p2: Blaziken|3
|-unboost|p1a: Garchomp|def|1
|-boost|p1a: Garchomp|spe|1
|
|-damage|p1a: Garchomp|69/100|[from] Salt Cure
|upkeep
|
|t:|1758343528
|switch|p2a: Scizor|Scizor, M|100/100
|turn|4
|
|t:|1758343535
|move|p2a: Scizor|Bullet Punch|p1a: Garchomp
|-damage|p1a: Garchomp|5/100
|-damage|p2a: Scizor|88/100|[from] ability: Rough Skin|[of] p1a: Garchomp
|move|p1a: Garchomp|Earthquake|p2a: Scizor
|-damage|p2a: Scizor|0 fnt
|faint|p2a: Scizor
|
|-damage|p1a: Garchomp|0 fnt|[from] Salt Cure
|faint|p1a: Garchomp
|upkeep
|
|t:|1758343554
|switch|p1a: Tyranitar|Tyranitar, F|100/100
|switch|p2a: Dragonite|Dragonite, F|100/100
|-damage|p1a: Tyranitar|88/100|[from] Stealth Rock
|-weather|Sandstorm|[from] ability: Sand Stream|[of] p1a: Tyranitar
|turn|5
|
|t:|1758343563
|move|p2a: Dragonite|Dragon Dance|p2a: Dragonite
|-boost|p2a: Dragonite|atk|1
|-boost|p2a: Dragonite|spe|1
|move|p1a: Tyranitar|Ice Beam|p2a: Dragonite
|-supereffective|p2a: Dragonite
|-damage|p2a: Dragonite|62/100
|-enditem|p2a: Dragonite|Weakness Policy
|-boost|p2a: Dragonite|atk|2|[from] item: Weakness Policy
|-boost|p2a: Dragonite|spa|2|[from] item: Weakness Policy
|
|-weather|Sandstorm|[upkeep]
|-damage|p2a: Dragonite|56/100|[from] Sandstorm
|upkeep
|turn|6
|
|t:|1758343574
|move|p2a: Dragonite|Earthquake|p1a: Tyranitar
|-supereffective|p1a: Tyranitar
|-damage|p1a: Tyranitar|0 fnt
|faint|p1a: Tyranitar
|
|-weather|Sandstorm|[upkeep]
|-damage|p2a: Dragonite|50/100|[from] Sandstorm
|upkeep
|
|t:|1758343580
|switch|p1a: Excadrill|Excadrill, F|100/100
|-damage|p1a: Excadrill|97/100|[from] Stealth Rock
|turn|7
|
|t:|1758343589
|move|p2a: Dragonite|Extreme Speed|p1a: Excadrill
|-resisted|p1a: Excadrill
|-damage|p1a: Excadrill|40/100
|move|p1a: Excadrill|Rock Slide|p2a: Dragonite
|-supereffective|p2a: Dragonite
|-damage|p2a: Dragonite|0 fnt
|faint|p2a: Dragonite
|-damage|p1a: Excadrill|30/100|[from] item: Life Orb
|
|-weather|Sandstorm|[upkeep]
|upkeep
|
|t:|1758343600
|switch|p2a: Garganacl|Garganacl, M, tera:Ghost|51/100
|turn|8
|
|t:|1758343623
|move|p1a: Excadrill|Earthquake|p2a: Garganacl
|-damage|p2a: Garganacl|10/100
|-damage|p1a: Excadrill|20/100|[from] item: Life Orb
|move|p2a: Garganacl|Recover|p2a: Garganacl
|-heal|p2a: Garganacl|60/100
|
|-weather|Sandstorm|[upkeep]
|-damage|p2a: Garganacl|54/100|[from] Sandstorm
|-heal|p2a: Garganacl|60/100|[from] item: Leftovers
|upkeep
|turn|9
|
|t:|1758343633
|switch|p1a: Kingambit|Kingambit, M|100/100
|-damage|p1a: Kingambit|94/100|[from] Stealth Rock
|-activate|p1a: Kingambit|ability: Supreme Overlord
|-start|p1a: Kingambit|fallen2|[silent]
|move|p2a: Garganacl|Recover|p2a: Garganacl
|-heal|p2a: Garganacl|100/100
|
|-weather|Sandstorm|[upkeep]
|-damage|p2a: Garganacl|94/100|[from] Sandstorm
|-heal|p2a: Garganacl|100/100|[from] item: Leftovers
|upkeep
|turn|10
|
|t:|1758343646
|move|p1a: Kingambit|Kowtow Cleave|p2a: Garganacl
|-supereffective|p2a: Garganacl
|-damage|p2a: Garganacl|24/100
|move|p2a: Garganacl|Body Press|p1a: Kingambit
|-supereffective|p1a: Kingambit
|-damage|p1a: Kingambit|0 fnt
|faint|p1a: Kingambit
|-end|p1a: Kingambit|fallen2|[silent]
|
|-weather|Sandstorm|[upkeep]
|-damage|p2a: Garganacl|18/100|[from] Sandstorm
|-heal|p2a: Garganacl|24/100|[from] item: Leftovers
|upkeep
|
|t:|1758343658
|switch|p1a: Excadrill|Excadrill, F|20/100
|-damage|p1a: Excadrill|17/100|[from] Stealth Rock
|turn|11
|
|t:|1758343664
|move|p1a: Excadrill|Earthquake|p2a: Garganacl
|-damage|p2a: Garganacl|0 fnt
|faint|p2a: Garganacl
|-damage|p1a: Excadrill|7/100|[from] item: Life Orb
|
|-weather|Sandstorm|[upkeep]
|upkeep
|
|t:|1758343670
|switch|p2a: Greninja|Greninja, M, shiny|100/100
|turn|12
|
|t:|1758343674
|switch|p1a: Rotom|Rotom-Wash|100/100
|-damage|p1a: Rotom|88/100|[from] Stealth Rock
|move|p2a: Greninja|Water Shuriken|p1a: Rotom
|-start|p2a: Greninja|typechange|Water|[from] ability: Protean
|-resisted|p1a: Rotom
|-damage|p1a: Rotom|83/100
|-resisted|p1a: Rotom
|-damage|p1a: Rotom|77/100
|-resisted|p1a: Rotom
|-damage|p1a: Rotom|73/100
|-hitcount|p1a: Rotom|3
|-damage|p2a: Greninja|91/100|[from] item: Life Orb
|
|-weather|none
|-heal|p1a: Rotom|79/100|[from] item: Leftovers
|upkeep
|turn|13
|
|t:|1758343702
|switch|p2a: Pawmot|Pawmot, M|100/100
|move|p1a: Rotom|Will-O-Wisp|p2a: Pawmot
|-status|p2a: Pawmot|brn
|
|-heal|p1a: Rotom|85/100|[from] item: Leftovers
|-damage|p2a: Pawmot|94/100 brn|[from] brn
|upkeep
|turn|14
|
|t:|1758343725
|move|p2a: Pawmot|Revival Blessing|p2a: Pawmot
|
|t:|1758343744
|-heal|p2: Dragonite|50/100|[from] move: Revival Blessing
|move|p1a: Rotom|Hydro Pump|p2a: Pawmot
|-damage|p2a: Pawmot|25/100 brn
|
|-heal|p1a: Rotom|92/100|[from] item: Leftovers
|-damage|p2a: Pawmot|19/100 brn|[from] brn
|upkeep
|turn|15
|
|t:|1758343770
|move|p2a: Pawmot|Close Combat|p1a: Rotom
|-damage|p1a: Rotom|69/100
|-unboost|p2a: Pawmot|def|1
|-unboost|p2a: Pawmot|spd|1
|move|p1a: Rotom|Hydro Pump|p2a: Pawmot
|-damage|p2a: Pawmot|0 fnt
|faint|p2a: Pawmot
|
|-heal|p1a: Rotom|75/100|[from] item: Leftovers
|upkeep
|
|t:|1758343779
|switch|p2a: Greninja|Greninja, M, shiny|91/100
|turn|16
|
|t:|1758343783
|move|p2a: Greninja|Dark Pulse|p1a: Rotom
|-start|p2a: Greninja|typechange|Dark|[from] ability: Protean
|-damage|p1a: Rotom|23/100
|-damage|p2a: Greninja|81/100|[from] item: Life Orb
|cant|p1a: Rotom|flinch
|
|-heal|p1a: Rotom|29/100|[from] item: Leftovers
|upkeep
|turn|17
|
|t:|1758343800
|switch|p1a: Pecharunt|Pecharunt|100/100
|-damage|p1a: Pecharunt|88/100|[from] Stealth Rock
|-item|p1a: Pecharunt|Air Balloon
|move|p2a: Greninja|Dark Pulse|p1a: Pecharunt
|-supereffective|p1a: Pecharunt
|-damage|p1a: Pecharunt|0 fnt
|-enditem|p1a: Pecharunt|Air Balloon
|faint|p1a: Pecharunt
|-damage|p2a: Greninja|71/100|[from] item: Life Orb
|
|upkeep
|
|t:|1758343815
|switch|p1a: Rotom|Rotom-Wash|29/100
|-damage|p1a: Rotom|17/100|[from] Stealth Rock
|turn|18
|
|t:|1758343821
|move|p2a: Greninja|Dark Pulse|p1a: Rotom
|-crit|p1a: Rotom
|-damage|p1a: Rotom|0 fnt
|faint|p1a: Rotom
|-damage|p2a: Greninja|61/100|[from] item: Life Orb
|
|upkeep
|-message|ninimimi forfeited.
|
|win|PandaJanai
|raw|ninimimi's rating: 1158 &rarr; <strong>1134</strong><br />(-24 for losing)
|raw|PandaJanai's rating: 1165 &rarr; <strong>1189</strong><br />(+24 for winning)
|l|☆ninimimi
|player|p1|
|l|☆PandaJanai
|player|p2|
