|j|☆Flex Plays Only
|j|☆zabbaman
|t:|1758234986
|gametype|singles
|player|p1|Flex Plays Only|miku-fairy|1739
|player|p2|zabbaman|170|1639
|gen|9
|tier|[Gen 9] OU
|rated|
|rule|HP Percentage Mod: HP is shown in percentages
|rule|Endless Battle Clause: Forcing endless battles is banned
|rule|Species Clause: Limit one of each Pokémon
|rule|OHKO Clause: OHKO moves are banned
|rule|Evasion Items Clause: Evasion items are banned
|rule|Evasion Moves Clause: Evasion moves are banned
|rule|Evasion Abilities Clause: Evasion abilities are banned
|rule|Sleep Moves Clause: Sleep-inducing moves are banned
|clearpoke
|poke|p1|Kingambit, M|
|poke|p1|Hatterene, F|
|poke|p1|Tornadus-Therian, M|
|poke|p1|Zamazenta-*|
|poke|p1|Iron Crown|
|poke|p1|Great Tusk|
|poke|p2|Tyranitar, F|
|poke|p2|Garchomp, M|
|poke|p2|Salamence, F|
|poke|p2|Clefable, M|
|poke|p2|Gholdengo|
|poke|p2|Excadrill, M|
|teampreview
|inactive|Battle timer is ON: inactive players will automatically lose when time's up. (requested by Flex Plays Only)
|j| ulisesdiogenes
|inactive|zabbaman has 120 seconds left.
|inactive|zabbaman has 90 seconds left.
|inactive|zabbaman has 60 seconds left.
|
|t:|1758235108
|teamsize|p1|6
|teamsize|p2|6
|start
|switch|p1a: Tornadus|Tornadus-Therian, M|100/100
|switch|p2a: Tyranitar|Tyranitar, F, shiny|100/100
|-weather|Sandstorm|[from] ability: Sand Stream|[of] p2a: Tyranitar
|turn|1
|
|t:|1758235113
|move|p1a: Tornadus|U-turn|p2a: Tyranitar
|-supereffective|p2a: Tyranitar
|-damage|p2a: Tyranitar|70/100
|
|t:|1758235115
|switch|p1a: Great Tusk|Great Tusk|100/100|[from] U-turn
|move|p2a: Tyranitar|Ice Beam|p1a: Great Tusk
|-supereffective|p1a: Great Tusk
|-damage|p1a: Great Tusk|0 fnt
|faint|p1a: Great Tusk
|-end|p1a: Great Tusk|Protosynthesis|[silent]
|-damage|p2a: Tyranitar|60/100|[from] item: Life Orb
|
|-weather|Sandstorm|[upkeep]
|upkeep
|
|t:|1758235118
|switch|p1a: Iron Crown|Iron Crown|100/100
|turn|2
|
|t:|1758235125
|switch|p2a: Excadrill|Excadrill, M, shiny|100/100
|-item|p2a: Excadrill|Air Balloon
|move|p1a: Iron Crown|Tachyon Cutter|p2a: Excadrill
|-resisted|p2a: Excadrill
|-damage|p2a: Excadrill|83/100
|-enditem|p2a: Excadrill|Air Balloon
|-resisted|p2a: Excadrill
|-damage|p2a: Excadrill|67/100
|-hitcount|p2a: Excadrill|2
|
|-weather|Sandstorm|[upkeep]
|upkeep
|turn|3
|
|t:|1758235129
|-end|p1a: Iron Crown|Quark Drive|[silent]
|switch|p1a: Zamazenta|Zamazenta|100/100
|-ability|p1a: Zamazenta|Dauntless Shield|boost
|-boost|p1a: Zamazenta|def|1
|move|p2a: Excadrill|Swords Dance|p2a: Excadrill
|-boost|p2a: Excadrill|atk|2
|
|-weather|Sandstorm|[upkeep]
|-damage|p1a: Zamazenta|94/100|[from] Sandstorm
|-heal|p1a: Zamazenta|100/100|[from] item: Leftovers
|upkeep
|turn|4
|
|t:|1758235132
|move|p2a: Excadrill|Earthquake|p1a: Zamazenta
|-damage|p1a: Zamazenta|37/100
|move|p1a: Zamazenta|Body Press|p2a: Excadrill
|-supereffective|p2a: Excadrill
|-damage|p2a: Excadrill|0 fnt
|faint|p2a: Excadrill
|
|-weather|Sandstorm|[upkeep]
|-damage|p1a: Zamazenta|31/100|[from] Sandstorm
|-heal|p1a: Zamazenta|37/100|[from] item: Leftovers
|upkeep
|
|t:|1758235142
|switch|p2a: Gholdengo|Gholdengo|100/100
|-item|p2a: Gholdengo|Air Balloon
|turn|5
|
|t:|1758235146
|move|p1a: Zamazenta|Crunch|p2a: Gholdengo
|-supereffective|p2a: Gholdengo
|-damage|p2a: Gholdengo|55/100
|-unboost|p2a: Gholdengo|def|1
|-enditem|p2a: Gholdengo|Air Balloon
|move|p2a: Gholdengo|Shadow Ball|p1a: Zamazenta
|-damage|p1a: Zamazenta|0 fnt
|faint|p1a: Zamazenta
|
|-weather|none
|upkeep
|
|t:|1758235150
|switch|p1a: Tornadus|Tornadus-Therian, M|100/100
|turn|6
|
|t:|1758235153
|switch|p2a: Tyranitar|Tyranitar, F, shiny|60/100
|-weather|Sandstorm|[from] ability: Sand Stream|[of] p2a: Tyranitar
|move|p1a: Tornadus|Heat Wave|p2a: Tyranitar
|-resisted|p2a: Tyranitar
|-damage|p2a: Tyranitar|52/100
|
|-weather|Sandstorm|[upkeep]
|-damage|p1a: Tornadus|94/100|[from] Sandstorm
|upkeep
|turn|7
|
|t:|1758235159
|move|p1a: Tornadus|U-turn|p2a: Tyranitar
|-supereffective|p2a: Tyranitar
|-crit|p2a: Tyranitar
|-damage|p2a: Tyranitar|9/100
|
|t:|1758235162
|switch|p1a: Kingambit|Kingambit, M, shiny|100/100|[from] U-turn
|-activate|p1a: Kingambit|ability: Supreme Overlord
|-start|p1a: Kingambit|fallen2|[silent]
|move|p2a: Tyranitar|Knock Off|p1a: Kingambit
|-resisted|p1a: Kingambit
|-damage|p1a: Kingambit|83/100
|-enditem|p1a: Kingambit|Leftovers|[from] move: Knock Off|[of] p2a: Tyranitar
|-damage|p2a: Tyranitar|0 fnt|[from] item: Life Orb
|faint|p2a: Tyranitar
|
|-weather|Sandstorm|[upkeep]
|upkeep
|
|t:|1758235172
|switch|p2a: Gholdengo|Gholdengo|55/100
|turn|8
|
|t:|1758235174
|-terastallize|p2a: Gholdengo|Fairy
|move|p2a: Gholdengo|Nasty Plot|p2a: Gholdengo
|-boost|p2a: Gholdengo|spa|2
|move|p1a: Kingambit|Kowtow Cleave|p2a: Gholdengo
|-resisted|p2a: Gholdengo
|-damage|p2a: Gholdengo|30/100
|
|-weather|Sandstorm|[upkeep]
|-damage|p2a: Gholdengo|24/100|[from] Sandstorm
|upkeep
|turn|9
|
|t:|1758235179
|move|p2a: Gholdengo|Dazzling Gleam|p1a: Kingambit
|-damage|p1a: Kingambit|0 fnt
|faint|p1a: Kingambit
|-end|p1a: Kingambit|fallen2|[silent]
|
|-weather|Sandstorm|[upkeep]
|-damage|p2a: Gholdengo|18/100|[from] Sandstorm
|upkeep
|
|t:|1758235183
|switch|p1a: Iron Crown|Iron Crown|100/100
|turn|10
|
|t:|1758235187
|move|p1a: Iron Crown|Tachyon Cutter|p2a: Gholdengo
|-supereffective|p2a: Gholdengo
|-damage|p2a: Gholdengo|0 fnt
|faint|p2a: Gholdengo
|-hitcount|p2: Gholdengo|1
|
|-weather|none
|upkeep
|
|t:|1758235188
|switch|p2a: Garchomp|Garchomp, M|100/100
|turn|11
|
|t:|1758235198
|-end|p1a: Iron Crown|Quark Drive|[silent]
|switch|p1a: Hatterene|Hatterene, F|100/100
|move|p2a: Garchomp|Shadow Claw|p1a: Hatterene
|-supereffective|p1a: Hatterene
|-damage|p1a: Hatterene|26/100
|
|upkeep
|turn|12
|
|t:|1758235203
|switch|p1a: Tornadus|Tornadus-Therian, M|100/100
|move|p2a: Garchomp|Shadow Claw|p1a: Tornadus
|-damage|p1a: Tornadus|56/100
|
|upkeep
|turn|13
|
|t:|1758235210
|move|p1a: Tornadus|Bleakwind Storm|p2a: Garchomp|[miss]
|-miss|p1a: Tornadus|p2a: Garchomp
|move|p2a: Garchomp|Shadow Claw|p1a: Tornadus
|-damage|p1a: Tornadus|13/100
|
|upkeep
|turn|14
|
|t:|1758235212
|move|p1a: Tornadus|Bleakwind Storm|p2a: Garchomp
|-damage|p2a: Garchomp|60/100
|move|p2a: Garchomp|Shadow Claw|p1a: Tornadus
|-damage|p1a: Tornadus|0 fnt
|faint|p1a: Tornadus
|
|upkeep
|
|t:|1758235213
|switch|p1a: Iron Crown|Iron Crown|100/100
|turn|15
|
|t:|1758235239
|move|p1a: Iron Crown|Tachyon Cutter|p2a: Garchomp
|-damage|p2a: Garchomp|35/100
|-damage|p2a: Garchomp|9/100
|-hitcount|p2a: Garchomp|2
|move|p2a: Garchomp|Shadow Claw|p1a: Iron Crown
|-supereffective|p1a: Iron Crown
|-damage|p1a: Iron Crown|9/100
|
|upkeep
|turn|16
|inactive|zabbaman has 120 seconds left.
|
|t:|1758235262
|switch|p2a: Salamence|Salamence, F|100/100
|-ability|p2a: Salamence|Intimidate|boost
|-unboost|p1a: Iron Crown|atk|1
|move|p1a: Iron Crown|Tachyon Cutter|p2a: Salamence
|-damage|p2a: Salamence|75/100
|-damage|p2a: Salamence|46/100
|-hitcount|p2a: Salamence|2
|
|upkeep
|turn|17
|inactive|zabbaman has 120 seconds left.
|
|t:|1758235267
|move|p1a: Iron Crown|Tachyon Cutter|p2a: Salamence
|-damage|p2a: Salamence|18/100
|-damage|p2a: Salamence|0 fnt
|faint|p2a: Salamence
|-hitcount|p2: Salamence|2
|
|upkeep
|
|t:|1758235270
|switch|p2a: Clefable|Clefable, M, shiny|100/100
|turn|18
|
|t:|1758235273
|move|p1a: Iron Crown|Tachyon Cutter|p2a: Clefable
|-supereffective|p2a: Clefable
|-damage|p2a: Clefable|68/100
|-supereffective|p2a: Clefable
|-damage|p2a: Clefable|34/100
|-hitcount|p2a: Clefable|2
|move|p2a: Clefable|Moonblast|p1a: Iron Crown
|-resisted|p1a: Iron Crown
|-damage|p1a: Iron Crown|0 fnt
|faint|p1a: Iron Crown
|-end|p1a: Iron Crown|Quark Drive|[silent]
|
|-heal|p2a: Clefable|40/100|[from] item: Leftovers
|upkeep
|
|t:|1758235275
|switch|p1a: Hatterene|Hatterene, F|26/100
|turn|19
|
|t:|1758235283
|move|p2a: Clefable|Healing Wish|p2a: Clefable
|faint|p2a: Clefable
|move|p1a: Hatterene|Nuzzle|p2: Clefable|[notarget]
|-fail|p1a: Hatterene
|
|upkeep
|
|t:|1758235285
|switch|p2a: Garchomp|Garchomp, M|9/100
|-heal|p2a: Garchomp|100/100|[from] move: Healing Wish
|turn|20
|
|t:|1758235287
|move|p2a: Garchomp|Shadow Claw|p1a: Hatterene
|-supereffective|p1a: Hatterene
|-damage|p1a: Hatterene|0 fnt
|faint|p1a: Hatterene
|
|win|zabbaman
|raw|Flex Plays Only's rating: 1739 &rarr; <strong>1713</strong><br />(-26 for losing)
|raw|zabbaman's rating: 1639 &rarr; <strong>1665</strong><br />(+26 for winning)
|l|☆Flex Plays Only
|player|p1|
|l|☆zabbaman
|player|p2|
