|j|☆Blackmagicfr
|j|☆Alvarosam
|t:|1758346707
|gametype|singles
|player|p1|Blackmagicfr|giovanni|1447
|player|p2|Alvarosam|cheren-gen5bw2|1466
|gen|9
|tier|[Gen 9] OU
|rated|
|rule|HP Percentage Mod: HP is shown in percentages
|rule|Endless Battle Clause: Forcing endless battles is banned
|rule|Species Clause: Limit one of each Pokémon
|rule|OHKO Clause: OHKO moves are banned
|rule|Evasion Items Clause: Evasion items are banned
|rule|Evasion Moves Clause: Evasion moves are banned
|rule|Evasion Abilities Clause: Evasion abilities are banned
|rule|Sleep Moves Clause: Sleep-inducing moves are banned
|clearpoke
|poke|p1|Electrode-Hisui|
|poke|p1|Rillaboom, M|
|poke|p1|Alomomola, M|
|poke|p1|Heatran, M|
|poke|p1|Great Tusk|
|poke|p1|Zamazenta-*|
|poke|p2|Dragapult, M|
|poke|p2|Hatterene, F|
|poke|p2|Garganacl, M|
|poke|p2|Glimmora, F|
|poke|p2|Gholdengo|
|poke|p2|Iron Moth|
|teampreview
|inactive|Battle timer is ON: inactive players will automatically lose when time's up. (requested by Blackmagicfr)
|
|t:|1758346721
|teamsize|p1|6
|teamsize|p2|6
|start
|switch|p1a: Alomomola|Alomomola, M|100/100
|switch|p2a: Glimmora|Glimmora, F, shiny|100/100
|turn|1
|
|t:|1758346731
|move|p2a: Glimmora|Mortal Spin|p1a: Alomomola
|-damage|p1a: Alomomola|96/100
|-status|p1a: Alomomola|psn
|move|p1a: Alomomola|Scald|p2a: Glimmora
|-supereffective|p2a: Glimmora
|-damage|p2a: Glimmora|61/100
|
|-damage|p1a: Alomomola|84/100 psn|[from] psn
|upkeep
|turn|2
|
|t:|1758346741
|move|p2a: Glimmora|Stealth Rock|p1a: Alomomola
|-sidestart|p1: Blackmagicfr|move: Stealth Rock
|move|p1a: Alomomola|Scald|p2a: Glimmora
|-supereffective|p2a: Glimmora
|-damage|p2a: Glimmora|26/100
|-status|p2a: Glimmora|brn
|
|-damage|p1a: Alomomola|71/100 psn|[from] psn
|-damage|p2a: Glimmora|19/100 brn|[from] brn
|upkeep
|turn|3
|
|t:|1758346756
|switch|p2a: Hatterene|Hatterene, F, shiny|100/100
|move|p1a: Alomomola|Scald|p2a: Hatterene
|-damage|p2a: Hatterene|86/100
|
|-heal|p2a: Hatterene|92/100|[from] item: Leftovers
|-damage|p1a: Alomomola|59/100 psn|[from] psn
|upkeep
|turn|4
|
|t:|1758346765
|move|p1a: Alomomola|Flip Turn|p2a: Hatterene
|-damage|p2a: Hatterene|78/100
|
|t:|1758346769
|switch|p1a: Rillaboom|Rillaboom, M|100/100|[from] Flip Turn
|-damage|p1a: Rillaboom|88/100|[from] Stealth Rock
|-fieldstart|move: Grassy Terrain|[from] ability: Grassy Surge|[of] p1a: Rillaboom
|move|p2a: Hatterene|Calm Mind|p2a: Hatterene
|-boost|p2a: Hatterene|spa|1
|-boost|p2a: Hatterene|spd|1
|
|-heal|p1a: Rillaboom|94/100|[from] Grassy Terrain
|-heal|p2a: Hatterene|84/100|[from] Grassy Terrain
|-heal|p2a: Hatterene|90/100|[from] item: Leftovers
|upkeep
|turn|5
|
|t:|1758346783
|switch|p2a: Glimmora|Glimmora, F, shiny|19/100 brn
|move|p1a: Rillaboom|Knock Off|p2a: Glimmora
|-damage|p2a: Glimmora|0 fnt
|-activate|p2a: Glimmora|ability: Toxic Debris
|-sidestart|p1: Blackmagicfr|move: Toxic Spikes
|-enditem|p2a: Glimmora|Focus Sash|[from] move: Knock Off|[of] p1a: Rillaboom
|faint|p2a: Glimmora
|
|-heal|p1a: Rillaboom|100/100|[from] Grassy Terrain
|upkeep
|
|t:|1758346795
|switch|p2a: Hatterene|Hatterene, F, shiny|90/100
|turn|6
|
|t:|1758346798
|move|p1a: Rillaboom|Wood Hammer|p2a: Hatterene
|-damage|p2a: Hatterene|24/100
|-damage|p1a: Rillaboom|83/100|[from] Recoil
|move|p2a: Hatterene|Nuzzle|p1a: Rillaboom
|-resisted|p1a: Rillaboom
|-damage|p1a: Rillaboom|82/100
|-status|p1a: Rillaboom|par
|
|-heal|p1a: Rillaboom|88/100 par|[from] Grassy Terrain
|-heal|p2a: Hatterene|30/100|[from] Grassy Terrain
|-heal|p2a: Hatterene|36/100|[from] item: Leftovers
|upkeep
|turn|7
|
|t:|1758346811
|move|p1a: Rillaboom|Knock Off|p2a: Hatterene
|-damage|p2a: Hatterene|5/100
|-enditem|p2a: Hatterene|Leftovers|[from] move: Knock Off|[of] p1a: Rillaboom
|move|p2a: Hatterene|Draining Kiss|p1a: Rillaboom
|-damage|p1a: Rillaboom|62/100 par
|-heal|p2a: Hatterene|29/100|[from] drain|[of] p1a: Rillaboom
|
|-heal|p1a: Rillaboom|69/100 par|[from] Grassy Terrain
|-heal|p2a: Hatterene|35/100|[from] Grassy Terrain
|upkeep
|turn|8
|
|t:|1758346823
|cant|p1a: Rillaboom|par
|move|p2a: Hatterene|Draining Kiss|p1a: Rillaboom
|-damage|p1a: Rillaboom|43/100 par
|-heal|p2a: Hatterene|60/100|[from] drain|[of] p1a: Rillaboom
|
|-heal|p1a: Rillaboom|49/100 par|[from] Grassy Terrain
|-heal|p2a: Hatterene|66/100|[from] Grassy Terrain
|upkeep
|turn|9
|
|t:|1758346832
|move|p1a: Rillaboom|Wood Hammer|p2a: Hatterene
|-damage|p2a: Hatterene|0 fnt
|faint|p2a: Hatterene
|-damage|p1a: Rillaboom|32/100 par|[from] Recoil
|
|-heal|p1a: Rillaboom|39/100 par|[from] Grassy Terrain
|upkeep
|
|t:|1758346840
|switch|p2a: Dragapult|Dragapult, M, shiny|100/100
|turn|10
|
|t:|1758346843
|switch|p1a: Alomomola|Alomomola, M|92/100 psn
|move|p2a: Dragapult|Dragon Darts|p1a: Alomomola
|-damage|p1a: Alomomola|75/100 psn
|-anim|p2a: Dragapult|Dragon Darts|p1a: Alomomola
|-damage|p1a: Alomomola|59/100 psn
|
|-heal|p1a: Alomomola|65/100 psn|[from] Grassy Terrain
|-damage|p1a: Alomomola|53/100 psn|[from] psn
|upkeep
|turn|11
|
|t:|1758346854
|move|p2a: Dragapult|Dragon Dance|p2a: Dragapult
|-boost|p2a: Dragapult|atk|1
|-boost|p2a: Dragapult|spe|1
|move|p1a: Alomomola|Flip Turn|p2a: Dragapult
|-resisted|p2a: Dragapult
|-damage|p2a: Dragapult|90/100
|
|t:|1758346872
|switch|p1a: Zamazenta|Zamazenta|100/100|[from] Flip Turn
|-damage|p1a: Zamazenta|94/100|[from] Stealth Rock
|-status|p1a: Zamazenta|psn
|-ability|p1a: Zamazenta|Dauntless Shield|boost
|-boost|p1a: Zamazenta|def|1
|
|-heal|p2a: Dragapult|96/100|[from] Grassy Terrain
|-heal|p2a: Dragapult|100/100|[from] item: Leftovers
|-heal|p1a: Zamazenta|100/100 psn|[from] Grassy Terrain
|-damage|p1a: Zamazenta|88/100 psn|[from] psn
|-fieldend|move: Grassy Terrain
|upkeep
|turn|12
|
|t:|1758346886
|move|p2a: Dragapult|Dragon Darts|p1a: Zamazenta
|-damage|p1a: Zamazenta|64/100 psn
|-anim|p2a: Dragapult|Dragon Darts|p1a: Zamazenta
|-damage|p1a: Zamazenta|40/100 psn
|move|p1a: Zamazenta|Crunch|p2a: Dragapult
|-supereffective|p2a: Dragapult
|-damage|p2a: Dragapult|0 fnt
|faint|p2a: Dragapult
|
|-damage|p1a: Zamazenta|27/100 psn|[from] psn
|upkeep
|
|t:|1758346897
|switch|p2a: Garganacl|Garganacl, M, shiny|100/100
|turn|13
|
|t:|1758346901
|switch|p1a: Alomomola|Alomomola, M|86/100 psn
|move|p2a: Garganacl|Curse|p2a: Garganacl
|-unboost|p2a: Garganacl|spe|1
|-boost|p2a: Garganacl|atk|1
|-boost|p2a: Garganacl|def|1
|
|-damage|p1a: Alomomola|74/100 psn|[from] psn
|upkeep
|turn|14
|
|t:|1758346910
|move|p1a: Alomomola|Wish|p1a: Alomomola
|move|p2a: Garganacl|Salt Cure|p1a: Alomomola
|-damage|p1a: Alomomola|60/100 psn
|-start|p1a: Alomomola|Salt Cure
|
|-damage|p1a: Alomomola|47/100 psn|[from] psn
|-damage|p1a: Alomomola|22/100 psn|[from] Salt Cure
|upkeep
|turn|15
|
|t:|1758346919
|switch|p1a: Electrode|Electrode-Hisui, shiny|100/100
|-damage|p1a: Electrode|88/100|[from] Stealth Rock
|-status|p1a: Electrode|psn
|move|p2a: Garganacl|Salt Cure|p1a: Electrode
|-damage|p1a: Electrode|56/100 psn
|-start|p1a: Electrode|Salt Cure
|
|-heal|p1a: Electrode|100/100 psn|[from] move: Wish|[wisher] Alomomola
|-damage|p1a: Electrode|88/100 psn|[from] psn
|-damage|p1a: Electrode|76/100 psn|[from] Salt Cure
|upkeep
|turn|16
|
|t:|1758346933
|switch|p2a: Iron Moth|Iron Moth, shiny|100/100
|-enditem|p2a: Iron Moth|Booster Energy
|-activate|p2a: Iron Moth|ability: Quark Drive|[fromitem]
|-start|p2a: Iron Moth|quarkdrivespe
|-terastallize|p1a: Electrode|Grass
|move|p1a: Electrode|Chloroblast|p2a: Iron Moth
|-resisted|p2a: Iron Moth
|-damage|p2a: Iron Moth|73/100
|-damage|p1a: Electrode|26/100 psn|[from] Recoil
|
|-damage|p1a: Electrode|14/100 psn|[from] psn
|-damage|p1a: Electrode|1/100 psn|[from] Salt Cure
|upkeep
|turn|17
|
|t:|1758346949
|switch|p1a: Heatran|Heatran, M|100/100
|-damage|p1a: Heatran|88/100|[from] Stealth Rock
|move|p2a: Iron Moth|Substitute|p2a: Iron Moth
|-start|p2a: Iron Moth|Substitute
|-damage|p2a: Iron Moth|48/100
|
|-heal|p1a: Heatran|94/100|[from] item: Leftovers
|upkeep
|turn|18
|
|t:|1758346962
|move|p2a: Iron Moth|Fiery Dance|p1a: Heatran
|-start|p1a: Heatran|ability: Flash Fire
|move|p1a: Heatran|Earth Power|p2a: Iron Moth
|-supereffective|p2a: Iron Moth
|-end|p2a: Iron Moth|Substitute
|
|-heal|p1a: Heatran|100/100|[from] item: Leftovers
|upkeep
|turn|19
|
|t:|1758346972
|-end|p2a: Iron Moth|Quark Drive|[silent]
|switch|p2a: Gholdengo|Gholdengo|100/100
|-item|p2a: Gholdengo|Air Balloon
|move|p1a: Heatran|Magma Storm|p2a: Gholdengo
|-supereffective|p2a: Gholdengo
|-damage|p2a: Gholdengo|0 fnt
|-enditem|p2a: Gholdengo|Air Balloon
|faint|p2a: Gholdengo
|
|upkeep
|
|t:|1758346982
|switch|p2a: Garganacl|Garganacl, M, shiny|100/100
|turn|20
|
|t:|1758346987
|-terastallize|p2a: Garganacl|Water
|move|p1a: Heatran|Magma Storm|p2a: Garganacl
|-resisted|p2a: Garganacl
|-damage|p2a: Garganacl|75/100
|-activate|p2a: Garganacl|move: Magma Storm|[of] p1a: Heatran
|move|p2a: Garganacl|Curse|p2a: Garganacl
|-unboost|p2a: Garganacl|spe|1
|-boost|p2a: Garganacl|atk|1
|-boost|p2a: Garganacl|def|1
|
|-heal|p2a: Garganacl|81/100|[from] item: Leftovers
|-damage|p2a: Garganacl|68/100|[from] move: Magma Storm|[partiallytrapped]
|upkeep
|turn|21
|
|t:|1758347000
|move|p1a: Heatran|Earth Power|p2a: Garganacl
|-damage|p2a: Garganacl|47/100
|move|p2a: Garganacl|Earthquake|p1a: Heatran
|-supereffective|p1a: Heatran
|-damage|p1a: Heatran|0 fnt
|faint|p1a: Heatran
|
|-heal|p2a: Garganacl|53/100|[from] item: Leftovers
|-end|p2a: Garganacl|Magma Storm|[partiallytrapped]|[silent]
|upkeep
|
|t:|1758347006
|switch|p1a: Rillaboom|Rillaboom, M|39/100 par
|-damage|p1a: Rillaboom|26/100 par|[from] Stealth Rock
|-fieldstart|move: Grassy Terrain|[from] ability: Grassy Surge|[of] p1a: Rillaboom
|turn|22
|
|t:|1758347014
|move|p1a: Rillaboom|U-turn|p2a: Garganacl
|-damage|p2a: Garganacl|43/100
|
|t:|1758347024
|switch|p1a: Great Tusk|Great Tusk|100/100|[from] U-turn
|move|p2a: Garganacl|Recover|p2a: Garganacl
|-heal|p2a: Garganacl|93/100
|
|-heal|p2a: Garganacl|99/100|[from] Grassy Terrain
|-heal|p2a: Garganacl|100/100|[from] item: Leftovers
|upkeep
|turn|23
|
|t:|1758347034
|move|p1a: Great Tusk|Rapid Spin|p2a: Garganacl
|-damage|p2a: Garganacl|95/100
|-boost|p1a: Great Tusk|spe|1
|-sideend|p1: Blackmagicfr|Toxic Spikes|[from] move: Rapid Spin|[of] p1a: Great Tusk
|-sideend|p1: Blackmagicfr|Stealth Rock|[from] move: Rapid Spin|[of] p1a: Great Tusk
|move|p2a: Garganacl|Salt Cure|p1a: Great Tusk
|-resisted|p1a: Great Tusk
|-damage|p1a: Great Tusk|98/100
|-start|p1a: Great Tusk|Salt Cure
|
|-heal|p1a: Great Tusk|100/100|[from] Grassy Terrain
|-heal|p2a: Garganacl|100/100|[from] Grassy Terrain
|-damage|p1a: Great Tusk|88/100|[from] Salt Cure
|upkeep
|turn|24
|
|t:|1758347045
|-end|p1a: Great Tusk|Protosynthesis|[silent]
|switch|p1a: Alomomola|Alomomola, M|56/100 psn
|move|p2a: Garganacl|Salt Cure|p1a: Alomomola
|-damage|p1a: Alomomola|41/100 psn
|-start|p1a: Alomomola|Salt Cure
|
|-heal|p1a: Alomomola|47/100 psn|[from] Grassy Terrain
|-damage|p1a: Alomomola|35/100 psn|[from] psn
|-damage|p1a: Alomomola|10/100 psn|[from] Salt Cure
|upkeep
|turn|25
|
|t:|1758347056
|move|p1a: Alomomola|Wish|p1a: Alomomola
|move|p2a: Garganacl|Salt Cure|p1a: Alomomola
|-damage|p1a: Alomomola|0 fnt
|faint|p1a: Alomomola
|
|upkeep
|
|t:|1758347060
|switch|p1a: Electrode|Electrode-Hisui, shiny, tera:Grass|1/100 psn
|turn|26
|
|t:|1758347069
|move|p1a: Electrode|Electro Ball|p2a: Garganacl
|-supereffective|p2a: Garganacl
|-damage|p2a: Garganacl|0 fnt
|faint|p2a: Garganacl
|
|-heal|p1a: Electrode|98/100 psn|[from] move: Wish|[wisher] Alomomola
|-heal|p1a: Electrode|100/100 psn|[from] Grassy Terrain
|-damage|p1a: Electrode|88/100 psn|[from] psn
|upkeep
|
|t:|1758347079
|switch|p2a: Iron Moth|Iron Moth, shiny|48/100
|turn|27
|
|t:|1758347082
|move|p1a: Electrode|Electro Ball|p2a: Iron Moth
|-damage|p2a: Iron Moth|13/100
|move|p2a: Iron Moth|Fiery Dance|p1a: Electrode
|-supereffective|p1a: Electrode
|-damage|p1a: Electrode|0 fnt
|-boost|p2a: Iron Moth|spa|1
|faint|p1a: Electrode
|
|-heal|p2a: Iron Moth|19/100|[from] Grassy Terrain
|upkeep
|
|t:|1758347087
|switch|p1a: Zamazenta|Zamazenta|27/100 psn
|turn|28
|
|t:|1758347095
|move|p1a: Zamazenta|Close Combat|p2a: Iron Moth
|-resisted|p2a: Iron Moth
|-damage|p2a: Iron Moth|0 fnt
|-unboost|p1a: Zamazenta|def|1
|-unboost|p1a: Zamazenta|spd|1
|faint|p2a: Iron Moth
|-end|p2a: Iron Moth|Quark Drive|[silent]
|
|win|Blackmagicfr
|raw|Blackmagicfr's rating: 1447 &rarr; <strong>1468</strong><br />(+21 for winning)
|raw|Alvarosam's rating: 1466 &rarr; <strong>1445</strong><br />(-21 for losing)
|l|☆Alvarosam
|player|p2|
|l|☆Blackmagicfr
|player|p1|
