|j|‽kuroehanako0927
|j|☆sunny dancing
|t:|1758255620
|gametype|singles
|player|p1|kuroehanako0927|cynthia|1610
|player|p2|sunny dancing|1|1637
|gen|9
|tier|[Gen 9] OU
|rated|
|rule|HP Percentage Mod: HP is shown in percentages
|rule|Endless Battle Clause: Forcing endless battles is banned
|rule|Species Clause: Limit one of each Pokémon
|rule|OHKO Clause: OHKO moves are banned
|rule|Evasion Items Clause: Evasion items are banned
|rule|Evasion Moves Clause: Evasion moves are banned
|rule|Evasion Abilities Clause: Evasion abilities are banned
|rule|Sleep Moves Clause: Sleep-inducing moves are banned
|clearpoke
|poke|p1|Gholdengo|
|poke|p1|Zamazenta-*|
|poke|p1|Ting-Lu|
|poke|p1|Clefable, F|
|poke|p1|Dragonite, M|
|poke|p1|Deoxys-Speed|
|poke|p2|Ogerpon-Wellspring, F|
|poke|p2|Slowking-Galar, M|
|poke|p2|Great Tusk|
|poke|p2|Moltres|
|poke|p2|Dragapult, F|
|poke|p2|Kingambit, M|
|teampreview
|inactive|Battle timer is ON: inactive players will automatically lose when time's up. (requested by sunny dancing)
|j| Cjjdjgjsjfjsuf
|
|t:|1758255656
|teamsize|p1|6
|teamsize|p2|6
|start
|switch|p1a: Clefable|Clefable, F|100/100
|switch|p2a: Ogerpon|Ogerpon-Wellspring, F|100/100
|turn|1
|
|t:|1758255667
|move|p2a: Ogerpon|Ivy Cudgel|p1a: Clefable|[anim] Ivy Cudgel Water
|-damage|p1a: Clefable|52/100
|move|p1a: Clefable|Stealth Rock|p2a: Ogerpon
|-sidestart|p2: sunny dancing|move: Stealth Rock
|
|upkeep
|turn|2
|
|t:|1758255680
|move|p2a: Ogerpon|Ivy Cudgel|p1a: Clefable|[anim] Ivy Cudgel Water
|-damage|p1a: Clefable|8/100
|move|p1a: Clefable|Moonlight|p1a: Clefable
|-heal|p1a: Clefable|58/100
|
|upkeep
|turn|3
|
|t:|1758255690
|move|p2a: Ogerpon|Ivy Cudgel|p1a: Clefable|[anim] Ivy Cudgel Water
|-damage|p1a: Clefable|12/100
|move|p1a: Clefable|Moonlight|p1a: Clefable
|-heal|p1a: Clefable|62/100
|
|upkeep
|turn|4
|
|t:|1758255698
|move|p2a: Ogerpon|Ivy Cudgel|p1a: Clefable|[anim] Ivy Cudgel Water
|-damage|p1a: Clefable|15/100
|move|p1a: Clefable|Moonlight|p1a: Clefable
|-heal|p1a: Clefable|65/100
|
|upkeep
|turn|5
|
|t:|1758255705
|switch|p1a: Dragonite|Dragonite, M|100/100
|move|p2a: Ogerpon|Ivy Cudgel|p1a: Dragonite|[anim] Ivy Cudgel Water
|-resisted|p1a: Dragonite
|-damage|p1a: Dragonite|86/100
|
|upkeep
|turn|6
|
|t:|1758255715
|move|p2a: Ogerpon|Knock Off|p1a: Dragonite
|-damage|p1a: Dragonite|53/100
|-enditem|p1a: Dragonite|Heavy-Duty Boots|[from] move: Knock Off|[of] p2a: Ogerpon
|move|p1a: Dragonite|Roost|p1a: Dragonite
|-heal|p1a: Dragonite|100/100
|-singleturn|p1a: Dragonite|move: Roost
|
|upkeep
|turn|7
|
|t:|1758255723
|move|p1a: Dragonite|Extreme Speed|p2a: Ogerpon
|-damage|p2a: Ogerpon|57/100
|move|p2a: Ogerpon|U-turn|p1a: Dragonite
|-resisted|p1a: Dragonite
|-damage|p1a: Dragonite|94/100
|
|t:|1758255731
|switch|p2a: Great Tusk|Great Tusk|100/100|[from] U-turn
|-damage|p2a: Great Tusk|98/100|[from] Stealth Rock
|
|upkeep
|turn|8
|j| Gen9oupipipi
|
|t:|1758255738
|switch|p1a: Clefable|Clefable, F|65/100
|move|p2a: Great Tusk|Stealth Rock|p1a: Clefable
|-sidestart|p1: kuroehanako0927|move: Stealth Rock
|
|upkeep
|turn|9
|
|t:|1758255744
|-end|p2a: Great Tusk|Protosynthesis|[silent]
|switch|p2a: Slowking|Slowking-Galar, M|100/100
|-damage|p2a: Slowking|88/100|[from] Stealth Rock
|move|p1a: Clefable|Moonlight|p1a: Clefable
|-heal|p1a: Clefable|100/100
|
|upkeep
|turn|10
|
|t:|1758255752
|switch|p1a: Gholdengo|Gholdengo|100/100
|switch|p2a: Ogerpon|Ogerpon-Wellspring, F|57/100
|-damage|p2a: Ogerpon|45/100|[from] Stealth Rock
|
|upkeep
|turn|11
|
|t:|1758255767
|switch|p1a: Dragonite|Dragonite, M|94/100
|-damage|p1a: Dragonite|69/100|[from] Stealth Rock
|move|p2a: Ogerpon|Knock Off|p1a: Dragonite
|-damage|p1a: Dragonite|47/100
|
|upkeep
|turn|12
|
|t:|1758255774
|move|p2a: Ogerpon|U-turn|p1a: Dragonite
|-resisted|p1a: Dragonite
|-damage|p1a: Dragonite|34/100
|
|t:|1758255780
|switch|p2a: Great Tusk|Great Tusk|98/100|[from] U-turn
|-damage|p2a: Great Tusk|95/100|[from] Stealth Rock
|move|p1a: Dragonite|Roost|p1a: Dragonite
|-heal|p1a: Dragonite|84/100
|-singleturn|p1a: Dragonite|move: Roost
|
|upkeep
|turn|13
|
|t:|1758255786
|switch|p1a: Clefable|Clefable, F|100/100
|move|p2a: Great Tusk|Ice Spinner|p1a: Clefable
|-damage|p1a: Clefable|78/100
|-damage|p2a: Great Tusk|78/100|[from] item: Rocky Helmet|[of] p1a: Clefable
|
|upkeep
|turn|14
|
|t:|1758255794
|-end|p2a: Great Tusk|Protosynthesis|[silent]
|switch|p2a: Slowking|Slowking-Galar, M|100/100
|-damage|p2a: Slowking|88/100|[from] Stealth Rock
|move|p1a: Clefable|Moonblast|p2a: Slowking
|-resisted|p2a: Slowking
|-damage|p2a: Slowking|80/100
|-unboost|p2a: Slowking|spa|1
|
|upkeep
|turn|15
|l| Cjjdjgjsjfjsuf
|
|t:|1758255802
|move|p1a: Clefable|Knock Off|p2a: Slowking
|-supereffective|p2a: Slowking
|-damage|p2a: Slowking|51/100
|-enditem|p2a: Slowking|Assault Vest|[from] move: Knock Off|[of] p1a: Clefable
|move|p2a: Slowking|Sludge Bomb|p1a: Clefable
|-supereffective|p1a: Clefable
|-damage|p1a: Clefable|25/100
|
|upkeep
|turn|16
|j| KappaHalo
|l| KappaHalo
|
|t:|1758255829
|switch|p1a: Gholdengo|Gholdengo|100/100
|move|p2a: Slowking|Sludge Bomb|p1a: Gholdengo
|-immune|p1a: Gholdengo
|
|upkeep
|turn|17
|
|t:|1758255839
|switch|p2a: Moltres|Moltres|100/100
|move|p1a: Gholdengo|Shadow Ball|p2a: Moltres
|-damage|p2a: Moltres|67/100
|
|upkeep
|turn|18
|
|t:|1758255854
|switch|p1a: Ting-Lu|Ting-Lu|100/100
|-damage|p1a: Ting-Lu|94/100|[from] Stealth Rock
|-ability|p1a: Ting-Lu|Vessel of Ruin
|move|p2a: Moltres|Flamethrower|p1a: Ting-Lu
|-damage|p1a: Ting-Lu|79/100
|
|-heal|p1a: Ting-Lu|85/100|[from] item: Leftovers
|upkeep
|turn|19
|
|t:|1758255862
|move|p2a: Moltres|Flamethrower|p1a: Ting-Lu
|-damage|p1a: Ting-Lu|69/100
|move|p1a: Ting-Lu|Ruination|p2a: Moltres
|-damage|p2a: Moltres|34/100
|
|-heal|p1a: Ting-Lu|75/100|[from] item: Leftovers
|upkeep
|turn|20
|inactive|kuroehanako0927 has 120 seconds left.
|
|t:|1758255897
|switch|p1a: Dragonite|Dragonite, M|84/100
|-damage|p1a: Dragonite|59/100|[from] Stealth Rock
|move|p2a: Moltres|Flamethrower|p1a: Dragonite
|-resisted|p1a: Dragonite
|-damage|p1a: Dragonite|41/100
|-status|p1a: Dragonite|brn
|
|-damage|p1a: Dragonite|35/100 brn|[from] brn
|upkeep
|turn|21
|inactive|kuroehanako0927 has 120 seconds left.
|
|t:|1758255905
|move|p2a: Moltres|Roost|p2a: Moltres
|-heal|p2a: Moltres|84/100
|-singleturn|p2a: Moltres|move: Roost
|move|p1a: Dragonite|Roost|p1a: Dragonite
|-heal|p1a: Dragonite|85/100 brn
|-singleturn|p1a: Dragonite|move: Roost
|
|-damage|p1a: Dragonite|79/100 brn|[from] brn
|upkeep
|turn|22
|
|t:|1758255912
|move|p2a: Moltres|Roost|p2a: Moltres
|-heal|p2a: Moltres|100/100
|-singleturn|p2a: Moltres|move: Roost
|move|p1a: Dragonite|Roost|p1a: Dragonite
|-heal|p1a: Dragonite|100/100 brn
|-singleturn|p1a: Dragonite|move: Roost
|
|-damage|p1a: Dragonite|94/100 brn|[from] brn
|upkeep
|turn|23
|
|t:|1758255918
|move|p2a: Moltres|Flamethrower|p1a: Dragonite
|-resisted|p1a: Dragonite
|-damage|p1a: Dragonite|78/100 brn
|move|p1a: Dragonite|Dragon Tail|p2a: Moltres
|-damage|p2a: Moltres|89/100
|drag|p2a: Kingambit|Kingambit, M|100/100
|-damage|p2a: Kingambit|94/100|[from] Stealth Rock
|
|-heal|p2a: Kingambit|100/100|[from] item: Leftovers
|-damage|p1a: Dragonite|72/100 brn|[from] brn
|upkeep
|turn|24
|
|t:|1758255926
|switch|p1a: Zamazenta|Zamazenta|100/100
|-ability|p1a: Zamazenta|Dauntless Shield|boost
|-boost|p1a: Zamazenta|def|1
|move|p2a: Kingambit|Swords Dance|p2a: Kingambit
|-boost|p2a: Kingambit|atk|2
|
|upkeep
|turn|25
|
|t:|1758255935
|-end|p2a: Kingambit|fallenundefined|[silent]
|switch|p2a: Moltres|Moltres|89/100
|move|p1a: Zamazenta|Crunch|p2a: Moltres
|-damage|p2a: Moltres|70/100
|
|upkeep
|turn|26
|
|t:|1758255943
|switch|p2a: Great Tusk|Great Tusk|78/100
|-damage|p2a: Great Tusk|75/100|[from] Stealth Rock
|move|p1a: Zamazenta|Stone Edge|p2a: Great Tusk|[miss]
|-miss|p1a: Zamazenta|p2a: Great Tusk
|
|upkeep
|turn|27
|
|t:|1758255956
|switch|p1a: Clefable|Clefable, F|25/100
|move|p2a: Great Tusk|Headlong Rush|p1a: Clefable
|-damage|p1a: Clefable|0 fnt
|-unboost|p2a: Great Tusk|def|1
|-unboost|p2a: Great Tusk|spd|1
|-damage|p2a: Great Tusk|59/100|[from] item: Rocky Helmet|[of] p1a: Clefable
|faint|p1a: Clefable
|
|upkeep
|
|t:|1758255975
|switch|p1a: Zamazenta|Zamazenta|100/100
|turn|28
|
|t:|1758255982
|-end|p2a: Great Tusk|Protosynthesis|[silent]
|switch|p2a: Slowking|Slowking-Galar, M|85/100
|-damage|p2a: Slowking|72/100|[from] Stealth Rock
|move|p1a: Zamazenta|Stone Edge|p2a: Slowking
|-damage|p2a: Slowking|38/100
|
|upkeep
|turn|29
|
|t:|1758255990
|switch|p2a: Great Tusk|Great Tusk|59/100
|-damage|p2a: Great Tusk|56/100|[from] Stealth Rock
|move|p1a: Zamazenta|Crunch|p2a: Great Tusk
|-resisted|p2a: Great Tusk
|-damage|p2a: Great Tusk|47/100
|-damage|p1a: Zamazenta|84/100|[from] item: Rocky Helmet|[of] p2a: Great Tusk
|
|upkeep
|turn|30
|
|t:|1758256011
|switch|p1a: Dragonite|Dragonite, M|72/100 brn
|-damage|p1a: Dragonite|47/100 brn|[from] Stealth Rock
|move|p2a: Great Tusk|Headlong Rush|p1a: Dragonite
|-immune|p1a: Dragonite
|
|-damage|p1a: Dragonite|41/100 brn|[from] brn
|upkeep
|turn|31
|
|t:|1758256017
|move|p1a: Dragonite|Extreme Speed|p2a: Great Tusk
|-damage|p2a: Great Tusk|36/100
|-damage|p1a: Dragonite|25/100 brn|[from] item: Rocky Helmet|[of] p2a: Great Tusk
|move|p2a: Great Tusk|Rapid Spin|p1a: Dragonite
|-damage|p1a: Dragonite|8/100 brn
|-boost|p2a: Great Tusk|spe|1
|-sideend|p2: sunny dancing|Stealth Rock|[from] move: Rapid Spin|[of] p2a: Great Tusk
|
|-damage|p1a: Dragonite|2/100 brn|[from] brn
|upkeep
|turn|32
|
|t:|1758256024
|move|p1a: Dragonite|Extreme Speed|p2a: Great Tusk
|-damage|p2a: Great Tusk|24/100
|-damage|p1a: Dragonite|0 fnt|[from] item: Rocky Helmet|[of] p2a: Great Tusk
|faint|p1a: Dragonite
|move|p2a: Great Tusk|Ice Spinner|p1: Dragonite|[notarget]
|-fail|p2a: Great Tusk
|
|upkeep
|
|t:|1758256038
|switch|p1a: Deoxys|Deoxys-Speed|100/100
|-ability|p1a: Deoxys|Pressure
|turn|33
|
|t:|1758256044
|switch|p1a: Zamazenta|Zamazenta|84/100
|move|p2a: Great Tusk|Headlong Rush|p1a: Zamazenta
|-damage|p1a: Zamazenta|31/100
|-unboost|p2a: Great Tusk|def|1
|-unboost|p2a: Great Tusk|spd|1
|
|upkeep
|turn|34
|
|t:|1758256061
|switch|p1a: Ting-Lu|Ting-Lu|75/100
|-damage|p1a: Ting-Lu|69/100|[from] Stealth Rock
|-ability|p1a: Ting-Lu|Vessel of Ruin
|move|p2a: Great Tusk|Headlong Rush|p1a: Ting-Lu
|-damage|p1a: Ting-Lu|35/100
|-unboost|p2a: Great Tusk|def|1
|-unboost|p2a: Great Tusk|spd|1
|
|-heal|p1a: Ting-Lu|41/100|[from] item: Leftovers
|upkeep
|turn|35
|
|t:|1758256068
|move|p2a: Great Tusk|Headlong Rush|p1a: Ting-Lu
|-damage|p1a: Ting-Lu|5/100
|-unboost|p2a: Great Tusk|def|1
|-unboost|p2a: Great Tusk|spd|1
|move|p1a: Ting-Lu|Earthquake|p2a: Great Tusk
|-damage|p2a: Great Tusk|0 fnt
|faint|p2a: Great Tusk
|-end|p2a: Great Tusk|Protosynthesis|[silent]
|
|-heal|p1a: Ting-Lu|11/100|[from] item: Leftovers
|upkeep
|
|t:|1758256075
|switch|p2a: Ogerpon|Ogerpon-Wellspring, F|45/100
|turn|36
|
|t:|1758256089
|move|p2a: Ogerpon|Ivy Cudgel|p1a: Ting-Lu|[anim] Ivy Cudgel Water
|-supereffective|p1a: Ting-Lu
|-damage|p1a: Ting-Lu|0 fnt
|faint|p1a: Ting-Lu
|
|upkeep
|
|t:|1758256091
|switch|p1a: Zamazenta|Zamazenta|31/100
|turn|37
|
|t:|1758256097
|switch|p2a: Slowking|Slowking-Galar, M|71/100
|move|p1a: Zamazenta|Close Combat|p2a: Slowking
|-resisted|p2a: Slowking
|-damage|p2a: Slowking|56/100
|-unboost|p1a: Zamazenta|def|1
|-unboost|p1a: Zamazenta|spd|1
|
|upkeep
|turn|38
|
|t:|1758256106
|switch|p1a: Gholdengo|Gholdengo|100/100
|switch|p2a: Moltres|Moltres|70/100
|
|upkeep
|turn|39
|inactive|kuroehanako0927 has 120 seconds left.
|
|t:|1758256143
|-terastallize|p1a: Gholdengo|Fairy
|move|p2a: Moltres|Flamethrower|p1a: Gholdengo
|-damage|p1a: Gholdengo|68/100
|move|p1a: Gholdengo|Nasty Plot|p1a: Gholdengo
|-boost|p1a: Gholdengo|spa|2
|
|upkeep
|turn|40
|inactive|kuroehanako0927 has 120 seconds left.
|
|t:|1758256152
|switch|p2a: Kingambit|Kingambit, M|100/100
|-activate|p2a: Kingambit|ability: Supreme Overlord
|-start|p2a: Kingambit|fallen1|[silent]
|move|p1a: Gholdengo|Recover|p1a: Gholdengo
|-heal|p1a: Gholdengo|100/100
|
|upkeep
|turn|41
|inactive|kuroehanako0927 has 120 seconds left.
|
|t:|1758256165
|move|p1a: Gholdengo|Make It Rain|p2a: Kingambit
|-resisted|p2a: Kingambit
|-damage|p2a: Kingambit|42/100
|-unboost|p1a: Gholdengo|spa|1
|move|p2a: Kingambit|Iron Head|p1a: Gholdengo
|-supereffective|p1a: Gholdengo
|-damage|p1a: Gholdengo|27/100
|
|-heal|p2a: Kingambit|48/100|[from] item: Leftovers
|upkeep
|turn|42
|inactive|kuroehanako0927 has 120 seconds left.
|
|t:|1758256189
|move|p1a: Gholdengo|Make It Rain|p2a: Kingambit
|-resisted|p2a: Kingambit
|-damage|p2a: Kingambit|5/100
|-unboost|p1a: Gholdengo|spa|1
|move|p2a: Kingambit|Iron Head|p1a: Gholdengo
|-supereffective|p1a: Gholdengo
|-damage|p1a: Gholdengo|0 fnt
|faint|p1a: Gholdengo
|
|-heal|p2a: Kingambit|12/100|[from] item: Leftovers
|upkeep
|
|t:|1758256194
|switch|p1a: Zamazenta|Zamazenta|31/100
|turn|43
|l| Gen9oupipipi
|
|t:|1758256205
|move|p2a: Kingambit|Sucker Punch|p1a: Zamazenta
|-resisted|p1a: Zamazenta
|-damage|p1a: Zamazenta|13/100
|move|p1a: Zamazenta|Close Combat|p2a: Kingambit
|-supereffective|p2a: Kingambit
|-damage|p2a: Kingambit|0 fnt
|-unboost|p1a: Zamazenta|def|1
|-unboost|p1a: Zamazenta|spd|1
|faint|p2a: Kingambit
|-end|p2a: Kingambit|fallen1|[silent]
|
|upkeep
|
|t:|1758256212
|switch|p2a: Dragapult|Dragapult, F|100/100
|turn|44
|
|t:|1758256218
|move|p2a: Dragapult|Hex|p1a: Zamazenta
|-damage|p1a: Zamazenta|0 fnt
|faint|p1a: Zamazenta
|
|upkeep
|
|t:|1758256220
|switch|p1a: Deoxys|Deoxys-Speed|100/100
|-ability|p1a: Deoxys|Pressure
|turn|45
|
|t:|1758256226
|-terastallize|p2a: Dragapult|Fairy
|move|p1a: Deoxys|Nasty Plot|p1a: Deoxys
|-boost|p1a: Deoxys|spa|2
|move|p2a: Dragapult|Hex|p1a: Deoxys
|-supereffective|p1a: Deoxys
|-damage|p1a: Deoxys|24/100
|
|upkeep
|turn|46
|
|t:|1758256247
|move|p1a: Deoxys|Psycho Boost|p2a: Dragapult|[miss]
|-miss|p1a: Deoxys|p2a: Dragapult
|move|p2a: Dragapult|U-turn|p1a: Deoxys
|-supereffective|p1a: Deoxys
|-damage|p1a: Deoxys|0 fnt
|faint|p1a: Deoxys
|
|win|sunny dancing
|raw|kuroehanako0927's rating: 1610 &rarr; <strong>1592</strong><br />(-18 for losing)
|raw|sunny dancing's rating: 1637 &rarr; <strong>1655</strong><br />(+18 for winning)
|l|☆sunny dancing
|player|p2|
|l|‽kuroehanako0927
|player|p1|
