|j|☆SL Trazeeem
|j|☆swagcentral
|t:|1758286057
|gametype|singles
|player|p1|SL Trazeeem|102|1133
|player|p2|swagcentral|giovanni|1087
|gen|9
|tier|[Gen 9] OU
|rated|
|rule|HP Percentage Mod: HP is shown in percentages
|rule|Endless Battle Clause: Forcing endless battles is banned
|rule|Species Clause: Limit one of each Pokémon
|rule|OHKO Clause: OHKO moves are banned
|rule|Evasion Items Clause: Evasion items are banned
|rule|Evasion Moves Clause: Evasion moves are banned
|rule|Evasion Abilities Clause: Evasion abilities are banned
|rule|Sleep Moves Clause: Sleep-inducing moves are banned
|clearpoke
|poke|p1|Dragapult, M|
|poke|p1|Corviknight, F|
|poke|p1|Landorus-Therian, M|
|poke|p1|Iron Valiant|
|poke|p1|Slowking-Galar, F|
|poke|p1|Grimmsnarl, M|
|poke|p2|Alomomola, M|
|poke|p2|Clefable, M|
|poke|p2|Corviknight, F|
|poke|p2|Kyurem|
|poke|p2|Slowking-Galar, F|
|poke|p2|Infernape, M|
|teampreview
|inactive|Battle timer is ON: inactive players will automatically lose when time's up. (requested by SL Trazeeem)
|inactive|swagcentral has 120 seconds left.
|
|t:|1758286093
|teamsize|p1|6
|teamsize|p2|6
|start
|switch|p1a: Grimmsnarl|Grimmsnarl, M|100/100
|switch|p2a: Infernape|Infernape, M|100/100
|turn|1
|l|☆swagcentral
|inactive|swagcentral disconnected and has a minute to reconnect!
|player|p2|
|j|☆swagcentral
|inactive|swagcentral reconnected and has 130 seconds left.
|player|p2|swagcentral|giovanni|
|inactive|swagcentral has 120 seconds left.
|inactive|swagcentral has 90 seconds left.
|
|t:|1758286175
|switch|p2a: Alomomola|Alomomola, M|100/100
|move|p1a: Grimmsnarl|Reflect|p1a: Grimmsnarl
|-sidestart|p1: SL Trazeeem|Reflect
|
|upkeep
|turn|2
|
|t:|1758286184
|move|p1a: Grimmsnarl|Light Screen|p1a: Grimmsnarl
|-sidestart|p1: SL Trazeeem|move: Light Screen
|move|p2a: Alomomola|Flip Turn|p1a: Grimmsnarl
|-damage|p1a: Grimmsnarl|92/100
|
|t:|1758286191
|switch|p2a: Slowking|Slowking-Galar, F|100/100|[from] Flip Turn
|
|upkeep
|turn|3
|
|t:|1758286198
|move|p1a: Grimmsnarl|Parting Shot|p2a: Slowking
|-unboost|p2a: Slowking|atk|1
|-unboost|p2a: Slowking|spa|1
|
|t:|1758286200
|switch|p1a: Landorus|Landorus-Therian, M|100/100|[from] Parting Shot
|-ability|p1a: Landorus|Intimidate|boost
|-unboost|p2a: Slowking|atk|1
|move|p2a: Slowking|Thunder Wave|p1a: Landorus
|-immune|p1a: Landorus
|
|upkeep
|turn|4
|
|t:|1758286214
|switch|p2a: Alomomola|Alomomola, M|100/100
|move|p1a: Landorus|Stealth Rock|p2a: Alomomola
|-sidestart|p2: swagcentral|move: Stealth Rock
|
|upkeep
|turn|5
|
|t:|1758286229
|move|p1a: Landorus|Taunt|p2a: Alomomola
|-start|p2a: Alomomola|move: Taunt
|move|p2a: Alomomola|Scald|p1a: Landorus
|-supereffective|p1a: Landorus
|-damage|p1a: Landorus|84/100
|
|-heal|p1a: Landorus|90/100|[from] item: Leftovers
|upkeep
|turn|6
|l|☆swagcentral
|inactive|swagcentral disconnected and has a minute to reconnect!
|player|p2|
|j|☆swagcentral
|inactive|swagcentral reconnected and has 105 seconds left.
|player|p2|swagcentral|giovanni|
|
|t:|1758286239
|move|p1a: Landorus|U-turn|p2a: Alomomola
|-damage|p2a: Alomomola|86/100
|
|t:|1758286248
|switch|p1a: Corviknight|Corviknight, F|100/100|[from] U-turn
|move|p2a: Alomomola|Flip Turn|p1a: Corviknight
|-damage|p1a: Corviknight|94/100
|-damage|p2a: Alomomola|69/100|[from] item: Rocky Helmet|[of] p1a: Corviknight
|inactive|swagcentral has 90 seconds left.
|
|t:|1758286285
|switch|p2a: Clefable|Clefable, M|100/100|[from] Flip Turn
|
|upkeep
|turn|7
|
|t:|1758286294
|move|p1a: Corviknight|Brave Bird|p2a: Clefable
|-damage|p2a: Clefable|61/100
|-damage|p1a: Corviknight|82/100|[from] Recoil
|move|p2a: Clefable|Flamethrower|p1a: Corviknight
|-supereffective|p1a: Corviknight
|-damage|p1a: Corviknight|54/100
|
|upkeep
|turn|8
|
|t:|1758286306
|move|p1a: Corviknight|Brave Bird|p2a: Clefable
|-damage|p2a: Clefable|23/100
|-damage|p1a: Corviknight|42/100|[from] Recoil
|move|p2a: Clefable|Moonlight|p2a: Clefable
|-heal|p2a: Clefable|73/100
|
|-sideend|p1: SL Trazeeem|Reflect
|upkeep
|turn|9
|
|t:|1758286312
|switch|p2a: Corviknight|Corviknight, F|100/100
|-damage|p2a: Corviknight|88/100|[from] Stealth Rock
|move|p1a: Corviknight|Roost|p1a: Corviknight
|-heal|p1a: Corviknight|92/100
|-singleturn|p1a: Corviknight|move: Roost
|
|-sideend|p1: SL Trazeeem|move: Light Screen
|upkeep
|turn|10
|
|t:|1758286319
|move|p2a: Corviknight|Defog|p1a: Corviknight
|-ability|p1a: Corviknight|Mirror Armor
|-unboost|p2a: Corviknight|evasion|1
|-sideend|p2: swagcentral|Stealth Rock|[from] move: Defog|[of] p2a: Corviknight
|move|p1a: Corviknight|U-turn|p2a: Corviknight
|-resisted|p2a: Corviknight
|-damage|p2a: Corviknight|86/100
|-damage|p1a: Corviknight|75/100|[from] item: Rocky Helmet|[of] p2a: Corviknight
|
|t:|1758286323
|switch|p1a: Iron Valiant|Iron Valiant|100/100|[from] U-turn
|
|upkeep
|turn|11
|inactive|swagcentral has 120 seconds left.
|
|t:|1758286334
|switch|p2a: Clefable|Clefable, M|73/100
|move|p1a: Iron Valiant|Thunderbolt|p2a: Clefable
|-damage|p2a: Clefable|47/100
|
|upkeep
|turn|12
|
|t:|1758286353
|-end|p1a: Iron Valiant|Quark Drive|[silent]
|switch|p1a: Slowking|Slowking-Galar, F|100/100
|move|p2a: Clefable|Moonlight|p2a: Clefable
|-heal|p2a: Clefable|97/100
|
|upkeep
|turn|13
|
|t:|1758286361
|switch|p2a: Slowking|Slowking-Galar, F|100/100
|move|p1a: Slowking|Future Sight|p2a: Slowking
|-start|p1a: Slowking|move: Future Sight
|
|upkeep
|turn|14
|
|t:|1758286367
|switch|p1a: Corviknight|Corviknight, F|75/100
|-prepare|p2a: Slowking|Chilly Reception|[premajor]
|move|p2a: Slowking|Chilly Reception|p2a: Slowking
|-weather|Snowscape
|
|t:|1758286377
|switch|p2a: Kyurem|Kyurem|100/100|[from] Chilly Reception
|-ability|p2a: Kyurem|Pressure
|
|-weather|Snowscape|[upkeep]
|upkeep
|turn|15
|
|t:|1758286380
|move|p2a: Kyurem|Blizzard|p1a: Corviknight
|-damage|p1a: Corviknight|13/100
|move|p1a: Corviknight|U-turn|p2a: Kyurem
|-damage|p2a: Kyurem|92/100
|
|t:|1758286394
|switch|p1a: Iron Valiant|Iron Valiant|100/100|[from] U-turn
|
|-weather|Snowscape|[upkeep]
|-end|p2a: Kyurem|move: Future Sight
|-damage|p2a: Kyurem|48/100
|upkeep
|turn|16
|
|t:|1758286404
|switch|p2a: Clefable|Clefable, M|97/100
|move|p1a: Iron Valiant|Moonblast|p2a: Clefable
|-damage|p2a: Clefable|61/100
|
|-weather|Snowscape|[upkeep]
|upkeep
|turn|17
|
|t:|1758286411
|-end|p1a: Iron Valiant|Quark Drive|[silent]
|switch|p1a: Slowking|Slowking-Galar, F|100/100
|move|p2a: Clefable|Moonblast|p1a: Slowking
|-resisted|p1a: Slowking
|-damage|p1a: Slowking|80/100
|-unboost|p1a: Slowking|spa|1
|
|-weather|Snowscape|[upkeep]
|upkeep
|turn|18
|
|t:|1758286417
|switch|p2a: Alomomola|Alomomola, M|100/100
|move|p1a: Slowking|Toxic|p2a: Alomomola
|-status|p2a: Alomomola|tox
|
|-weather|none
|-damage|p2a: Alomomola|94/100 tox|[from] psn
|upkeep
|turn|19
|
|t:|1758286422
|move|p2a: Alomomola|Wish|p2a: Alomomola
|-prepare|p1a: Slowking|Chilly Reception|[premajor]
|move|p1a: Slowking|Chilly Reception|p1a: Slowking
|-weather|Snowscape
|
|t:|1758286424
|switch|p1a: Corviknight|Corviknight, F|13/100|[from] Chilly Reception
|
|-weather|Snowscape|[upkeep]
|-damage|p2a: Alomomola|82/100 tox|[from] psn
|upkeep
|turn|20
|inactive|SL Trazeeem has 120 seconds left.
|
|t:|1758286457
|move|p1a: Corviknight|Roost|p1a: Corviknight
|-heal|p1a: Corviknight|63/100
|-singleturn|p1a: Corviknight|move: Roost
|move|p2a: Alomomola|Flip Turn|p1a: Corviknight
|-damage|p1a: Corviknight|52/100
|-damage|p2a: Alomomola|65/100 tox|[from] item: Rocky Helmet|[of] p1a: Corviknight
|
|t:|1758286462
|switch|p2a: Kyurem|Kyurem|48/100|[from] Flip Turn
|-ability|p2a: Kyurem|Pressure
|
|-weather|Snowscape|[upkeep]
|-heal|p2a: Kyurem|100/100|[from] move: Wish|[wisher] Alomomola
|upkeep
|turn|21
|inactive|SL Trazeeem has 120 seconds left.
|
|t:|1758286491
|switch|p1a: Grimmsnarl|Grimmsnarl, M|92/100
|move|p2a: Kyurem|Blizzard|p1a: Grimmsnarl
|-damage|p1a: Grimmsnarl|28/100
|
|-weather|Snowscape|[upkeep]
|upkeep
|turn|22
|
|t:|1758286502
|switch|p2a: Alomomola|Alomomola, M|99/100 tox
|move|p1a: Grimmsnarl|Light Screen|p1a: Grimmsnarl
|-sidestart|p1: SL Trazeeem|move: Light Screen
|
|-weather|Snowscape|[upkeep]
|-damage|p2a: Alomomola|92/100 tox|[from] psn
|upkeep
|turn|23
|
|t:|1758286510
|move|p1a: Grimmsnarl|Parting Shot|p2a: Alomomola
|-unboost|p2a: Alomomola|atk|1
|-unboost|p2a: Alomomola|spa|1
|
|t:|1758286518
|switch|p1a: Corviknight|Corviknight, F|52/100|[from] Parting Shot
|move|p2a: Alomomola|Flip Turn|p1a: Corviknight
|-damage|p1a: Corviknight|44/100
|-damage|p2a: Alomomola|76/100 tox|[from] item: Rocky Helmet|[of] p1a: Corviknight
|
|t:|1758286546
|switch|p2a: Clefable|Clefable, M|61/100|[from] Flip Turn
|
|-weather|none
|upkeep
|turn|24
|
|t:|1758286555
|move|p1a: Corviknight|Roost|p1a: Corviknight
|-heal|p1a: Corviknight|94/100
|-singleturn|p1a: Corviknight|move: Roost
|move|p2a: Clefable|Moonlight|p2a: Clefable
|-heal|p2a: Clefable|100/100
|
|upkeep
|turn|25
|
|t:|1758286562
|switch|p2a: Alomomola|Alomomola, M|100/100 tox
|move|p1a: Corviknight|U-turn|p2a: Alomomola
|-damage|p2a: Alomomola|93/100 tox
|
|t:|1758286565
|switch|p1a: Slowking|Slowking-Galar, F|100/100|[from] U-turn
|
|-damage|p2a: Alomomola|87/100 tox|[from] psn
|upkeep
|turn|26
|
|t:|1758286570
|move|p2a: Alomomola|Scald|p1a: Slowking
|-damage|p1a: Slowking|96/100
|move|p1a: Slowking|Future Sight|p2a: Alomomola
|-start|p1a: Slowking|move: Future Sight
|
|-damage|p2a: Alomomola|75/100 tox|[from] psn
|upkeep
|turn|27
|
|t:|1758286573
|move|p2a: Alomomola|Wish|p2a: Alomomola
|-prepare|p1a: Slowking|Chilly Reception|[premajor]
|move|p1a: Slowking|Chilly Reception|p1a: Slowking
|-weather|Snowscape
|
|t:|1758286585
|switch|p1a: Iron Valiant|Iron Valiant|100/100|[from] Chilly Reception
|
|-weather|Snowscape|[upkeep]
|-damage|p2a: Alomomola|56/100 tox|[from] psn
|upkeep
|turn|28
|
|t:|1758286592
|move|p2a: Alomomola|Protect|p2a: Alomomola
|-singleturn|p2a: Alomomola|Protect
|move|p1a: Iron Valiant|Close Combat|p2a: Alomomola
|-activate|p2a: Alomomola|move: Protect
|
|-weather|Snowscape|[upkeep]
|-end|p2a: Alomomola|move: Future Sight
|-damage|p2a: Alomomola|0 fnt
|faint|p2a: Alomomola
|upkeep
|
|t:|1758286613
|switch|p2a: Clefable|Clefable, M|100/100
|turn|29
|
|t:|1758286618
|-end|p1a: Iron Valiant|Quark Drive|[silent]
|switch|p1a: Corviknight|Corviknight, F|94/100
|move|p2a: Clefable|Moonblast|p1a: Corviknight
|-resisted|p1a: Corviknight
|-damage|p1a: Corviknight|83/100
|
|-weather|Snowscape|[upkeep]
|-sideend|p1: SL Trazeeem|move: Light Screen
|upkeep
|turn|30
|
|t:|1758286631
|switch|p1a: Slowking|Slowking-Galar, F|100/100
|move|p2a: Clefable|Flamethrower|p1a: Slowking
|-damage|p1a: Slowking|74/100
|
|-weather|Snowscape|[upkeep]
|upkeep
|turn|31
|
|t:|1758286651
|switch|p2a: Slowking|Slowking-Galar, F|100/100
|move|p1a: Slowking|Future Sight|p2a: Slowking
|-start|p1a: Slowking|move: Future Sight
|
|-weather|none
|upkeep
|turn|32
|
|t:|1758286655
|-prepare|p1a: Slowking|Chilly Reception|[premajor]
|move|p1a: Slowking|Chilly Reception|p1a: Slowking
|-weather|Snowscape
|
|t:|1758286660
|switch|p1a: Grimmsnarl|Grimmsnarl, M|28/100|[from] Chilly Reception
|move|p2a: Slowking|Thunder Wave|p1a: Grimmsnarl
|-status|p1a: Grimmsnarl|par
|
|-weather|Snowscape|[upkeep]
|upkeep
|turn|33
|
|t:|1758286685
|cant|p1a: Grimmsnarl|par
|move|p2a: Slowking|Sludge Bomb|p1a: Grimmsnarl
|-supereffective|p1a: Grimmsnarl
|-damage|p1a: Grimmsnarl|0 fnt
|faint|p1a: Grimmsnarl
|
|-weather|Snowscape|[upkeep]
|-end|p2a: Slowking|move: Future Sight
|-damage|p2a: Slowking|66/100
|upkeep
|
|t:|1758286688
|switch|p1a: Landorus|Landorus-Therian, M|90/100
|-ability|p1a: Landorus|Intimidate|boost
|-unboost|p2a: Slowking|atk|1
|turn|34
|
|t:|1758286697
|switch|p2a: Infernape|Infernape, M|100/100
|move|p1a: Landorus|Stealth Rock|p2a: Infernape
|-sidestart|p2: swagcentral|move: Stealth Rock
|
|-weather|Snowscape|[upkeep]
|-heal|p1a: Landorus|96/100|[from] item: Leftovers
|upkeep
|turn|35
|
|t:|1758286719
|switch|p2a: Corviknight|Corviknight, F|86/100
|-damage|p2a: Corviknight|74/100|[from] Stealth Rock
|move|p1a: Landorus|Earthquake|p2a: Corviknight
|-immune|p2a: Corviknight
|
|-weather|Snowscape|[upkeep]
|-heal|p1a: Landorus|100/100|[from] item: Leftovers
|upkeep
|turn|36
|
|t:|1758286723
|move|p1a: Landorus|Taunt|p2a: Corviknight
|-start|p2a: Corviknight|move: Taunt
|cant|p2a: Corviknight|move: Taunt|Defog
|
|-weather|none
|upkeep
|turn|37
|
|t:|1758286727
|move|p1a: Landorus|U-turn|p2a: Corviknight
|-resisted|p2a: Corviknight
|-damage|p2a: Corviknight|70/100
|-damage|p1a: Landorus|84/100|[from] item: Rocky Helmet|[of] p2a: Corviknight
|
|t:|1758286731
|switch|p1a: Corviknight|Corviknight, F|83/100|[from] U-turn
|move|p2a: Corviknight|Brave Bird|p1a: Corviknight
|-resisted|p1a: Corviknight
|-damage|p1a: Corviknight|69/100
|-damage|p2a: Corviknight|53/100|[from] item: Rocky Helmet|[of] p1a: Corviknight
|-damage|p2a: Corviknight|49/100|[from] Recoil
|
|upkeep
|turn|38
|
|t:|1758286739
|switch|p2a: Clefable|Clefable, M|100/100
|move|p1a: Corviknight|Roost|p1a: Corviknight
|-heal|p1a: Corviknight|100/100
|-singleturn|p1a: Corviknight|move: Roost
|
|upkeep
|turn|39
|inactive|SL Trazeeem has 120 seconds left.
|
|t:|1758286781
|move|p1a: Corviknight|U-turn|p2a: Clefable
|-resisted|p2a: Clefable
|-damage|p2a: Clefable|93/100
|
|t:|1758286783
|switch|p1a: Slowking|Slowking-Galar, F|100/100|[from] U-turn
|move|p2a: Clefable|Flamethrower|p1a: Slowking
|-damage|p1a: Slowking|76/100
|
|upkeep
|turn|40
|inactive|SL Trazeeem has 120 seconds left.
|
|t:|1758286793
|switch|p2a: Corviknight|Corviknight, F|49/100
|-damage|p2a: Corviknight|36/100|[from] Stealth Rock
|move|p1a: Slowking|Future Sight|p2a: Corviknight
|-start|p1a: Slowking|move: Future Sight
|
|upkeep
|turn|41
|
|t:|1758286798
|move|p2a: Corviknight|Defog|p1a: Slowking
|-unboost|p1a: Slowking|evasion|1
|-sideend|p2: swagcentral|Stealth Rock|[from] move: Defog|[of] p2a: Corviknight
|-prepare|p1a: Slowking|Chilly Reception|[premajor]
|move|p1a: Slowking|Chilly Reception|p1a: Slowking
|-weather|Snowscape
|inactive|SL Trazeeem has 120 seconds left.
|
|t:|1758286808
|switch|p1a: Iron Valiant|Iron Valiant|100/100|[from] Chilly Reception
|
|-weather|Snowscape|[upkeep]
|upkeep
|turn|42
|
|t:|1758286816
|switch|p2a: Clefable|Clefable, M|93/100
|move|p1a: Iron Valiant|Thunderbolt|p2a: Clefable
|-damage|p2a: Clefable|68/100
|
|-weather|Snowscape|[upkeep]
|-end|p2a: Clefable|move: Future Sight
|-damage|p2a: Clefable|23/100
|upkeep
|turn|43
|
|t:|1758286822
|move|p1a: Iron Valiant|Thunderbolt|p2a: Clefable
|-damage|p2a: Clefable|0 fnt
|faint|p2a: Clefable
|
|-weather|Snowscape|[upkeep]
|upkeep
|inactive|swagcentral has 120 seconds left.
|
|t:|1758286857
|switch|p2a: Corviknight|Corviknight, F|36/100
|turn|44
|
|t:|1758286859
|move|p1a: Iron Valiant|Thunderbolt|p2a: Corviknight
|-supereffective|p2a: Corviknight
|-damage|p2a: Corviknight|0 fnt
|faint|p2a: Corviknight
|
|-weather|Snowscape|[upkeep]
|upkeep
|
|t:|1758286861
|switch|p2a: Infernape|Infernape, M|100/100
|turn|45
|
|t:|1758286865
|-end|p1a: Iron Valiant|Quark Drive|[silent]
|switch|p1a: Landorus|Landorus-Therian, M|84/100
|-ability|p1a: Landorus|Intimidate|boost
|-unboost|p2a: Infernape|atk|1
|move|p2a: Infernape|Flamethrower|p1a: Landorus
|-damage|p1a: Landorus|8/100
|
|-weather|none
|-heal|p1a: Landorus|14/100|[from] item: Leftovers
|upkeep
|turn|46
|
|t:|1758286874
|move|p2a: Infernape|Flamethrower|p1a: Landorus
|-damage|p1a: Landorus|0 fnt
|faint|p1a: Landorus
|
|upkeep
|
|t:|1758286878
|switch|p1a: Slowking|Slowking-Galar, F|100/100
|turn|47
|
|t:|1758286886
|move|p2a: Infernape|Flamethrower|p1a: Slowking
|-damage|p1a: Slowking|58/100
|move|p1a: Slowking|Toxic|p2a: Infernape
|-status|p2a: Infernape|tox
|
|-damage|p2a: Infernape|94/100 tox|[from] psn
|upkeep
|turn|48
|
|t:|1758286892
|move|p2a: Infernape|Flamethrower|p1a: Slowking
|-damage|p1a: Slowking|10/100
|-prepare|p1a: Slowking|Chilly Reception|[premajor]
|move|p1a: Slowking|Chilly Reception|p1a: Slowking
|-weather|Snowscape
|
|t:|1758286894
|switch|p1a: Dragapult|Dragapult, M|100/100|[from] Chilly Reception
|
|-weather|Snowscape|[upkeep]
|-damage|p2a: Infernape|82/100 tox|[from] psn
|upkeep
|turn|49
|
|t:|1758286900
|switch|p2a: Slowking|Slowking-Galar, F|99/100
|move|p1a: Dragapult|Hex|p2a: Slowking
|-supereffective|p2a: Slowking
|-damage|p2a: Slowking|44/100
|-damage|p1a: Dragapult|91/100|[from] item: Life Orb
|
|-weather|Snowscape|[upkeep]
|upkeep
|turn|50
|
|t:|1758286903
|move|p1a: Dragapult|Hex|p2a: Slowking
|-supereffective|p2a: Slowking
|-damage|p2a: Slowking|0 fnt
|faint|p2a: Slowking
|-damage|p1a: Dragapult|81/100|[from] item: Life Orb
|
|-weather|Snowscape|[upkeep]
|upkeep
|
|t:|1758286906
|switch|p2a: Kyurem|Kyurem|100/100
|-ability|p2a: Kyurem|Pressure
|turn|51
|
|t:|1758286923
|-terastallize|p1a: Dragapult|Fairy
|-terastallize|p2a: Kyurem|Ice
|move|p1a: Dragapult|Will-O-Wisp|p2a: Kyurem|[miss]
|-miss|p1a: Dragapult|p2a: Kyurem
|move|p2a: Kyurem|Blizzard|p1a: Dragapult
|-damage|p1a: Dragapult|0 fnt
|faint|p1a: Dragapult
|
|-weather|Snowscape|[upkeep]
|upkeep
|
|t:|1758286928
|switch|p1a: Iron Valiant|Iron Valiant|100/100
|turn|52
|
|t:|1758286932
|move|p1a: Iron Valiant|Close Combat|p2a: Kyurem
|-supereffective|p2a: Kyurem
|-damage|p2a: Kyurem|20/100
|-unboost|p1a: Iron Valiant|def|1
|-unboost|p1a: Iron Valiant|spd|1
|move|p2a: Kyurem|Blizzard|p1a: Iron Valiant
|-damage|p1a: Iron Valiant|0 fnt
|faint|p1a: Iron Valiant
|-end|p1a: Iron Valiant|Quark Drive|[silent]
|
|-weather|none
|upkeep
|
|t:|1758286936
|switch|p1a: Corviknight|Corviknight, F|100/100
|turn|53
|
|t:|1758286940
|move|p2a: Kyurem|Blizzard|p1a: Corviknight
|-damage|p1a: Corviknight|19/100
|move|p1a: Corviknight|Brave Bird|p2a: Kyurem
|-damage|p2a: Kyurem|0 fnt
|faint|p2a: Kyurem
|-damage|p1a: Corviknight|13/100|[from] Recoil
|
|upkeep
|-message|SL Trazeeem forfeited.
|
|win|swagcentral
|raw|SL Trazeeem's rating: 1133 &rarr; <strong>1105</strong><br />(-28 for losing)
|raw|swagcentral's rating: 1087 &rarr; <strong>1117</strong><br />(+30 for winning)
|l|☆SL Trazeeem
|player|p1|
|c|☆swagcentral|YOOO
|c|☆swagcentral|GG
