|j|☆RK Earth 9000
|j|☆tyrnix
|t:|1758349955
|gametype|singles
|player|p1|RK Earth 9000|volkner|1147
|player|p2|tyrnix|170|1138
|gen|9
|tier|[Gen 9] OU
|rated|
|rule|HP Percentage Mod: HP is shown in percentages
|rule|Endless Battle Clause: Forcing endless battles is banned
|rule|Species Clause: Limit one of each Pokémon
|rule|OHKO Clause: OHKO moves are banned
|rule|Evasion Items Clause: Evasion items are banned
|rule|Evasion Moves Clause: Evasion moves are banned
|rule|Evasion Abilities Clause: Evasion abilities are banned
|rule|Sleep Moves Clause: Sleep-inducing moves are banned
|clearpoke
|poke|p1|Gliscor, F|
|poke|p1|Landorus-Therian, M|
|poke|p1|Iron Boulder|
|poke|p1|Hitmontop, M|
|poke|p1|Salazzle, F|
|poke|p1|Meowscarada, F|
|poke|p2|Tyranitar, M|
|poke|p2|Weavile, M|
|poke|p2|Dragonite, M|
|poke|p2|Kingambit, F|
|poke|p2|Excadrill, F|
|poke|p2|Dragapult, M|
|teampreview
|
|t:|1758349964
|teamsize|p1|6
|teamsize|p2|6
|start
|switch|p1a: Hitmontop|Hitmontop, M, shiny|100/100
|switch|p2a: Tyranitar|Tyranitar, M|100/100
|-weather|Sandstorm|[from] ability: Sand Stream|[of] p2a: Tyranitar
|turn|1
|
|t:|1758349985
|switch|p2a: Dragapult|Dragapult, M|100/100
|move|p1a: Hitmontop|Triple Axel|p2a: Dragapult|[miss]
|-miss|p1a: Hitmontop|p2a: Dragapult
|
|-weather|Sandstorm|[upkeep]
|-damage|p2a: Dragapult|95/100|[from] Sandstorm
|-damage|p1a: Hitmontop|94/100|[from] Sandstorm
|upkeep
|turn|2
|
|t:|1758349995
|move|p2a: Dragapult|Dragon Darts|p1a: Hitmontop
|-damage|p1a: Hitmontop|68/100
|-anim|p2a: Dragapult|Dragon Darts|p1a: Hitmontop
|-damage|p1a: Hitmontop|42/100
|move|p1a: Hitmontop|Triple Axel|p2a: Dragapult
|-supereffective|p2a: Dragapult
|-damage|p2a: Dragapult|67/100
|-supereffective|p2a: Dragapult
|-damage|p2a: Dragapult|8/100
|-supereffective|p2a: Dragapult
|-damage|p2a: Dragapult|0 fnt
|faint|p2a: Dragapult
|-hitcount|p2: Dragapult|3
|
|-weather|Sandstorm|[upkeep]
|-damage|p1a: Hitmontop|36/100|[from] Sandstorm
|upkeep
|
|t:|1758350012
|switch|p2a: Excadrill|Excadrill, F|100/100
|turn|3
|
|t:|1758350016
|switch|p1a: Landorus|Landorus-Therian, M, shiny|100/100
|-ability|p1a: Landorus|Intimidate|boost
|-unboost|p2a: Excadrill|atk|1
|move|p2a: Excadrill|Iron Head|p1a: Landorus
|-damage|p1a: Landorus|69/100
|
|-weather|Sandstorm|[upkeep]
|upkeep
|turn|4
|
|t:|1758350025
|move|p2a: Excadrill|Swords Dance|p2a: Excadrill
|-boost|p2a: Excadrill|atk|2
|move|p1a: Landorus|Stealth Rock|p2a: Excadrill
|-sidestart|p2: tyrnix|move: Stealth Rock
|
|-weather|Sandstorm|[upkeep]
|upkeep
|turn|5
|
|t:|1758350036
|switch|p1a: Gliscor|Gliscor, F, shiny|100/100
|move|p2a: Excadrill|Rapid Spin|p1a: Gliscor
|-damage|p1a: Gliscor|78/100
|-boost|p2a: Excadrill|spe|1
|-sideend|p2: tyrnix|Stealth Rock|[from] move: Rapid Spin|[of] p2a: Excadrill
|
|-weather|none
|-status|p1a: Gliscor|tox|[from] item: Toxic Orb
|upkeep
|turn|6
|
|t:|1758350049
|move|p2a: Excadrill|Swords Dance|p2a: Excadrill
|-boost|p2a: Excadrill|atk|2
|move|p1a: Gliscor|Earthquake|p2a: Excadrill
|-supereffective|p2a: Excadrill
|-damage|p2a: Excadrill|4/100
|
|-heal|p1a: Gliscor|90/100 tox|[from] ability: Poison Heal
|upkeep
|turn|7
|
|t:|1758350058
|switch|p1a: Landorus|Landorus-Therian, M, shiny|69/100
|-ability|p1a: Landorus|Intimidate|boost
|-unboost|p2a: Excadrill|atk|1
|move|p2a: Excadrill|Iron Head|p1a: Landorus
|-damage|p1a: Landorus|0 fnt
|faint|p1a: Landorus
|
|upkeep
|
|t:|1758350067
|switch|p1a: Hitmontop|Hitmontop, M, shiny|36/100
|turn|8
|
|t:|1758350072
|move|p1a: Hitmontop|Fake Out|p2a: Excadrill
|-resisted|p2a: Excadrill
|-damage|p2a: Excadrill|0 fnt
|faint|p2a: Excadrill
|
|upkeep
|
|t:|1758350078
|switch|p2a: Tyranitar|Tyranitar, M|100/100
|-weather|Sandstorm|[from] ability: Sand Stream|[of] p2a: Tyranitar
|turn|9
|
|t:|1758350082
|move|p1a: Hitmontop|Mach Punch|p2a: Tyranitar
|-supereffective|p2a: Tyranitar
|-damage|p2a: Tyranitar|5/100
|move|p2a: Tyranitar|Knock Off|p1a: Hitmontop
|-resisted|p1a: Hitmontop
|-damage|p1a: Hitmontop|0 fnt
|-enditem|p1a: Hitmontop|Assault Vest|[from] move: Knock Off|[of] p2a: Tyranitar
|faint|p1a: Hitmontop
|
|-weather|Sandstorm|[upkeep]
|upkeep
|
|t:|1758350094
|switch|p1a: Meowscarada|Meowscarada, F|100/100
|turn|10
|
|t:|1758350098
|move|p1a: Meowscarada|U-turn|p2a: Tyranitar
|-start|p1a: Meowscarada|typechange|Bug|[from] ability: Protean
|-supereffective|p2a: Tyranitar
|-damage|p2a: Tyranitar|0 fnt
|faint|p2a: Tyranitar
|
|t:|1758350105
|switch|p1a: Gliscor|Gliscor, F, shiny|90/100 tox|[from] U-turn
|
|-weather|Sandstorm|[upkeep]
|-heal|p1a: Gliscor|100/100 tox|[from] ability: Poison Heal
|upkeep
|
|t:|1758350111
|switch|p2a: Weavile|Weavile, M|100/100
|-ability|p2a: Weavile|Pressure
|turn|11
|
|t:|1758350117
|-terastallize|p1a: Gliscor|Water
|move|p2a: Weavile|Ice Shard|p1a: Gliscor
|-resisted|p1a: Gliscor
|-damage|p1a: Gliscor|91/100 tox
|move|p1a: Gliscor|Toxic|p2a: Weavile
|-status|p2a: Weavile|tox
|
|-weather|Sandstorm|[upkeep]
|-damage|p2a: Weavile|94/100 tox|[from] Sandstorm
|-damage|p1a: Gliscor|85/100 tox|[from] Sandstorm
|-damage|p2a: Weavile|88/100 tox|[from] psn
|-heal|p1a: Gliscor|97/100 tox|[from] ability: Poison Heal
|upkeep
|turn|12
|
|t:|1758350130
|move|p2a: Weavile|Knock Off|p1a: Gliscor
|-damage|p1a: Gliscor|52/100 tox
|-enditem|p1a: Gliscor|Toxic Orb|[from] move: Knock Off|[of] p2a: Weavile
|move|p1a: Gliscor|Earthquake|p2a: Weavile
|-damage|p2a: Weavile|22/100 tox
|
|-weather|Sandstorm|[upkeep]
|-damage|p2a: Weavile|16/100 tox|[from] Sandstorm
|-damage|p1a: Gliscor|46/100 tox|[from] Sandstorm
|-damage|p2a: Weavile|4/100 tox|[from] psn
|-heal|p1a: Gliscor|58/100 tox|[from] ability: Poison Heal
|upkeep
|turn|13
|
|t:|1758350144
|switch|p2a: Dragonite|Dragonite, M|100/100
|move|p1a: Gliscor|Protect||[still]
|-fail|p1a: Gliscor
|
|-weather|none
|-heal|p1a: Gliscor|71/100 tox|[from] ability: Poison Heal
|upkeep
|turn|14
|
|t:|1758350153
|switch|p2a: Weavile|Weavile, M|4/100 tox
|-ability|p2a: Weavile|Pressure
|move|p1a: Gliscor|Toxic|p2a: Weavile
|-fail|p2a: Weavile|tox
|
|-damage|p2a: Weavile|0 fnt|[from] psn
|faint|p2a: Weavile
|-heal|p1a: Gliscor|83/100 tox|[from] ability: Poison Heal
|upkeep
|
|t:|1758350162
|switch|p2a: Dragonite|Dragonite, M|100/100
|turn|15
|
|t:|1758350166
|move|p1a: Gliscor|Toxic|p2a: Dragonite
|-status|p2a: Dragonite|tox
|move|p2a: Dragonite|Thunder Punch|p1a: Gliscor
|-supereffective|p1a: Gliscor
|-damage|p1a: Gliscor|36/100 tox
|
|-heal|p1a: Gliscor|48/100 tox|[from] ability: Poison Heal
|-damage|p2a: Dragonite|94/100 tox|[from] psn
|upkeep
|turn|16
|
|t:|1758350178
|move|p1a: Gliscor|Protect|p1a: Gliscor
|-singleturn|p1a: Gliscor|Protect
|move|p2a: Dragonite|Extreme Speed|p1a: Gliscor
|-activate|p1a: Gliscor|move: Protect
|
|-heal|p1a: Gliscor|60/100 tox|[from] ability: Poison Heal
|-damage|p2a: Dragonite|82/100 tox|[from] psn
|upkeep
|turn|17
|
|t:|1758350193
|switch|p1a: Iron Boulder|Iron Boulder|100/100
|-enditem|p1a: Iron Boulder|Booster Energy
|-activate|p1a: Iron Boulder|ability: Quark Drive|[fromitem]
|-start|p1a: Iron Boulder|quarkdrivespe
|move|p2a: Dragonite|Extreme Speed|p1a: Iron Boulder
|-resisted|p1a: Iron Boulder
|-damage|p1a: Iron Boulder|82/100
|
|-damage|p2a: Dragonite|63/100 tox|[from] psn
|upkeep
|turn|18
|
|t:|1758350205
|move|p1a: Iron Boulder|Mighty Cleave|p2a: Dragonite
|-supereffective|p2a: Dragonite
|-damage|p2a: Dragonite|0 fnt
|faint|p2a: Dragonite
|
|upkeep
|
|t:|1758350219
|switch|p2a: Kingambit|Kingambit, F|100/100
|-activate|p2a: Kingambit|ability: Supreme Overlord
|-start|p2a: Kingambit|fallen5|[silent]
|turn|19
|
|t:|1758350243
|-end|p1a: Iron Boulder|Quark Drive|[silent]
|switch|p1a: Salazzle|Salazzle, F, shiny|100/100
|-terastallize|p2a: Kingambit|Fairy
|move|p2a: Kingambit|Kowtow Cleave|p1a: Salazzle
|-damage|p1a: Salazzle|0 fnt
|faint|p1a: Salazzle
|
|upkeep
|
|t:|1758350260
|switch|p1a: Gliscor|Gliscor, F, shiny, tera:Water|60/100 tox
|turn|20
|
|t:|1758350268
|move|p2a: Kingambit|Sucker Punch||[still]
|-fail|p2a: Kingambit
|move|p1a: Gliscor|Toxic|p2a: Kingambit
|-status|p2a: Kingambit|tox
|
|-heal|p1a: Gliscor|73/100 tox|[from] ability: Poison Heal
|-damage|p2a: Kingambit|94/100 tox|[from] psn
|upkeep
|turn|21
|
|t:|1758350278
|move|p1a: Gliscor|Earthquake|p2a: Kingambit
|-damage|p2a: Kingambit|66/100 tox
|move|p2a: Kingambit|Swords Dance|p2a: Kingambit
|-boost|p2a: Kingambit|atk|2
|
|-heal|p1a: Gliscor|85/100 tox|[from] ability: Poison Heal
|-damage|p2a: Kingambit|53/100 tox|[from] psn
|upkeep
|turn|22
|
|t:|1758350288
|move|p1a: Gliscor|Protect|p1a: Gliscor
|-singleturn|p1a: Gliscor|Protect
|move|p2a: Kingambit|Sucker Punch||[still]
|-fail|p2a: Kingambit
|
|-heal|p1a: Gliscor|97/100 tox|[from] ability: Poison Heal
|-damage|p2a: Kingambit|35/100 tox|[from] psn
|upkeep
|turn|23
|
|t:|1758350297
|switch|p1a: Iron Boulder|Iron Boulder|82/100
|move|p2a: Kingambit|Sucker Punch||[still]
|-fail|p2a: Kingambit
|
|-damage|p2a: Kingambit|11/100 tox|[from] psn
|upkeep
|turn|24
|
|t:|1758350305
|move|p2a: Kingambit|Sucker Punch||[still]
|-fail|p2a: Kingambit
|move|p1a: Iron Boulder|Agility|p1a: Iron Boulder
|-boost|p1a: Iron Boulder|spe|2
|
|-damage|p2a: Kingambit|0 fnt|[from] psn
|faint|p2a: Kingambit
|-end|p2a: Kingambit|fallen5|[silent]
|
|win|RK Earth 9000
|raw|RK Earth 9000's rating: 1147 &rarr; <strong>1171</strong><br />(+24 for winning)
|raw|tyrnix's rating: 1138 &rarr; <strong>1114</strong><br />(-24 for losing)
|l|☆tyrnix
|player|p2|
|l|☆RK Earth 9000
|player|p1|
