|j|☆lanyuanmengsui
|j|☆fungi dbt vvss
|t:|1758266643
|gametype|singles
|player|p1|lanyuanmengsui|swimmerf-gen4|1205
|player|p2|fungi dbt vvss|pokekid|1128
|gen|9
|tier|[Gen 9] OU
|rated|
|rule|HP Percentage Mod: HP is shown in percentages
|rule|Endless Battle Clause: Forcing endless battles is banned
|rule|Species Clause: Limit one of each Pokémon
|rule|OHKO Clause: OHKO moves are banned
|rule|Evasion Items Clause: Evasion items are banned
|rule|Evasion Moves Clause: Evasion moves are banned
|rule|Evasion Abilities Clause: Evasion abilities are banned
|rule|Sleep Moves Clause: Sleep-inducing moves are banned
|clearpoke
|poke|p1|Dragonite, M|
|poke|p1|Hatterene, F|
|poke|p1|Great Tusk|
|poke|p1|Ceruledge, F|
|poke|p1|Pecharunt|
|poke|p1|Kyurem|
|poke|p2|Regidrago|
|poke|p2|Weezing-Galar, M|
|poke|p2|Corviknight, M|
|poke|p2|Weavile, M|
|poke|p2|Alomomola, M|
|poke|p2|Ambipom, F|
|teampreview
|inactive|Battle timer is ON: inactive players will automatically lose when time's up. (requested by fungi dbt vvss)
|inactive|lanyuanmengsui also wants the timer to be on.
|
|t:|1758266654
|teamsize|p1|6
|teamsize|p2|6
|start
|switch|p1a: Ceruledge|Ceruledge, F|100/100
|switch|p2a: Weavile|Weavile, M|100/100
|turn|1
|
|t:|1758266660
|move|p2a: Weavile|Knock Off|p1a: Ceruledge
|-supereffective|p1a: Ceruledge
|-crit|p1a: Ceruledge
|-enditem|p1a: Ceruledge|Focus Sash
|-damage|p1a: Ceruledge|1/100
|-ability|p1a: Ceruledge|Weak Armor|boost
|-unboost|p1a: Ceruledge|def|1
|-boost|p1a: Ceruledge|spe|2
|move|p1a: Ceruledge|Bitter Blade|p2a: Weavile
|-supereffective|p2a: Weavile
|-enditem|p2a: Weavile|Focus Sash
|-damage|p2a: Weavile|1/100
|-heal|p1a: Ceruledge|49/100|[from] drain|[of] p2a: Weavile
|
|upkeep
|turn|2
|
|t:|1758266671
|switch|p2a: Alomomola|Alomomola, M|100/100
|move|p1a: Ceruledge|Shadow Sneak|p2a: Alomomola
|-damage|p2a: Alomomola|88/100
|
|upkeep
|turn|3
|
|t:|1758266683
|switch|p1a: Pecharunt|Pecharunt|100/100
|move|p2a: Alomomola|Flip Turn|p1a: Pecharunt
|-damage|p1a: Pecharunt|93/100
|
|t:|1758266689
|switch|p2a: Weavile|Weavile, M|1/100|[from] Flip Turn
|
|-heal|p1a: Pecharunt|99/100|[from] item: Leftovers
|upkeep
|turn|4
|
|t:|1758266698
|move|p2a: Weavile|Knock Off|p1a: Pecharunt
|-supereffective|p1a: Pecharunt
|-damage|p1a: Pecharunt|55/100
|-enditem|p1a: Pecharunt|Leftovers|[from] move: Knock Off|[of] p2a: Weavile
|move|p1a: Pecharunt|Malignant Chain|p2a: Weavile
|-damage|p2a: Weavile|0 fnt
|faint|p2a: Weavile
|
|upkeep
|
|t:|1758266701
|switch|p2a: Regidrago|Regidrago|100/100
|turn|5
|
|t:|1758266704
|switch|p1a: Hatterene|Hatterene, F|100/100
|move|p2a: Regidrago|Earth Power|p1a: Hatterene
|-crit|p1a: Hatterene
|-damage|p1a: Hatterene|72/100
|
|upkeep
|turn|6
|
|t:|1758266710
|switch|p2a: Alomomola|Alomomola, M|100/100
|move|p1a: Hatterene|Draining Kiss|p2a: Alomomola
|-damage|p2a: Alomomola|86/100
|-heal|p1a: Hatterene|88/100|[from] drain|[of] p2a: Alomomola
|
|upkeep
|turn|7
|
|t:|1758266715
|move|p2a: Alomomola|Flip Turn|p1a: Hatterene
|-damage|p1a: Hatterene|70/100
|
|t:|1758266717
|switch|p2a: Corviknight|Corviknight, M|100/100|[from] Flip Turn
|-ability|p2a: Corviknight|Pressure
|move|p1a: Hatterene|Nuzzle|p2a: Corviknight
|-supereffective|p2a: Corviknight
|-damage|p2a: Corviknight|95/100
|-status|p2a: Corviknight|par
|
|-heal|p2a: Corviknight|100/100 par|[from] item: Leftovers
|upkeep
|turn|8
|
|t:|1758266730
|switch|p2a: Alomomola|Alomomola, M|100/100
|move|p1a: Hatterene|Mystical Fire|p2a: Alomomola
|-resisted|p2a: Alomomola
|-damage|p2a: Alomomola|94/100
|-unboost|p2a: Alomomola|spa|1
|
|upkeep
|turn|9
|
|t:|1758266734
|move|p2a: Alomomola|Scald|p1a: Hatterene
|-damage|p1a: Hatterene|64/100
|move|p1a: Hatterene|Nuzzle|p2a: Alomomola
|-supereffective|p2a: Alomomola
|-damage|p2a: Alomomola|89/100
|-status|p2a: Alomomola|par
|
|upkeep
|turn|10
|
|t:|1758266743
|switch|p1a: Kyurem|Kyurem|100/100
|-ability|p1a: Kyurem|Pressure
|move|p2a: Alomomola|Body Slam|p1a: Kyurem
|-damage|p1a: Kyurem|85/100
|
|upkeep
|turn|11
|
|t:|1758266751
|switch|p2a: Weezing|Weezing-Galar, M|100/100
|-ability|p2a: Weezing|Neutralizing Gas
|move|p1a: Kyurem|Dragon Dance|p1a: Kyurem
|-boost|p1a: Kyurem|atk|1
|-boost|p1a: Kyurem|spe|1
|
|upkeep
|turn|12
|
|t:|1758266760
|move|p1a: Kyurem|Icicle Spear|p2a: Weezing
|-damage|p2a: Weezing|88/100
|-damage|p2a: Weezing|74/100
|-damage|p2a: Weezing|60/100
|-damage|p2a: Weezing|48/100
|-damage|p2a: Weezing|35/100
|-hitcount|p2a: Weezing|5
|move|p2a: Weezing|Will-O-Wisp|p1a: Kyurem
|-status|p1a: Kyurem|brn
|
|-damage|p1a: Kyurem|79/100 brn|[from] brn
|upkeep
|turn|13
|
|t:|1758266771
|move|p1a: Kyurem|Icicle Spear|p2a: Weezing
|-damage|p2a: Weezing|28/100
|-damage|p2a: Weezing|22/100
|-damage|p2a: Weezing|16/100
|-damage|p2a: Weezing|9/100
|-hitcount|p2a: Weezing|4
|move|p2a: Weezing|Pain Split|p1a: Kyurem
|-sethp|p1a: Kyurem|43/100 brn|[from] move: Pain Split|[silent]
|-sethp|p2a: Weezing|51/100|[from] move: Pain Split
|
|-damage|p1a: Kyurem|37/100 brn|[from] brn
|upkeep
|turn|14
|
|t:|1758266783
|move|p1a: Kyurem|Icicle Spear|p2a: Weezing
|-damage|p2a: Weezing|44/100
|-damage|p2a: Weezing|38/100
|-damage|p2a: Weezing|31/100
|-damage|p2a: Weezing|25/100
|-hitcount|p2a: Weezing|4
|move|p2a: Weezing|Sludge Bomb|p1a: Kyurem
|-damage|p1a: Kyurem|11/100 brn
|
|-damage|p1a: Kyurem|5/100 brn|[from] brn
|upkeep
|turn|15
|inactive|lanyuanmengsui no longer wants the timer on, but the timer is staying on because fungidbtvvss still does.
|
|t:|1758266793
|-end|p2a: Weezing|ability: Neutralizing Gas
|-ability|p1a: Kyurem|Pressure
|switch|p2a: Corviknight|Corviknight, M|100/100 par
|-ability|p2a: Corviknight|Pressure
|move|p1a: Kyurem|Icicle Spear|p2a: Corviknight
|-damage|p2a: Corviknight|95/100 par
|-damage|p2a: Corviknight|89/100 par
|-damage|p2a: Corviknight|83/100 par
|-damage|p2a: Corviknight|78/100 par
|-damage|p2a: Corviknight|72/100 par
|-hitcount|p2a: Corviknight|5
|
|-heal|p2a: Corviknight|78/100 par|[from] item: Leftovers
|-damage|p1a: Kyurem|0 fnt|[from] brn
|faint|p1a: Kyurem
|upkeep
|
|t:|1758266801
|switch|p1a: Ceruledge|Ceruledge, F|49/100
|turn|16
|
|t:|1758266806
|switch|p2a: Alomomola|Alomomola, M|100/100 par
|move|p1a: Ceruledge|Bitter Blade|p2a: Alomomola
|-resisted|p2a: Alomomola
|-damage|p2a: Alomomola|85/100 par
|-heal|p1a: Ceruledge|62/100|[from] drain|[of] p2a: Alomomola
|
|upkeep
|turn|17
|
|t:|1758266820
|switch|p1a: Pecharunt|Pecharunt|55/100
|move|p2a: Alomomola|Scald|p1a: Pecharunt
|-damage|p1a: Pecharunt|41/100
|
|upkeep
|turn|18
|
|t:|1758266827
|move|p1a: Pecharunt|Recover|p1a: Pecharunt
|-heal|p1a: Pecharunt|91/100
|move|p2a: Alomomola|Mirror Coat||[still]
|-fail|p2a: Alomomola
|
|upkeep
|turn|19
|
|t:|1758266832
|move|p1a: Pecharunt|Nasty Plot|p1a: Pecharunt
|-boost|p1a: Pecharunt|spa|2
|move|p2a: Alomomola|Mirror Coat||[still]
|-fail|p2a: Alomomola
|
|upkeep
|turn|20
|
|t:|1758266836
|move|p1a: Pecharunt|Nasty Plot|p1a: Pecharunt
|-boost|p1a: Pecharunt|spa|2
|move|p2a: Alomomola|Flip Turn|p1a: Pecharunt
|-damage|p1a: Pecharunt|84/100
|
|t:|1758266839
|switch|p2a: Regidrago|Regidrago|100/100|[from] Flip Turn
|
|upkeep
|turn|21
|
|t:|1758266844
|-terastallize|p2a: Regidrago|Dragon
|move|p2a: Regidrago|Dragon Energy|p1a: Pecharunt
|-damage|p1a: Pecharunt|0 fnt
|faint|p1a: Pecharunt
|
|upkeep
|
|t:|1758266850
|switch|p1a: Hatterene|Hatterene, F|64/100
|turn|22
|
|t:|1758266856
|switch|p2a: Alomomola|Alomomola, M|100/100 par
|move|p1a: Hatterene|Draining Kiss|p2a: Alomomola
|-damage|p2a: Alomomola|87/100 par
|-heal|p1a: Hatterene|79/100|[from] drain|[of] p2a: Alomomola
|
|upkeep
|turn|23
|
|t:|1758266860
|move|p1a: Hatterene|Draining Kiss|p2a: Alomomola
|-damage|p2a: Alomomola|74/100 par
|-heal|p1a: Hatterene|94/100|[from] drain|[of] p2a: Alomomola
|move|p2a: Alomomola|Scald|p1a: Hatterene
|-damage|p1a: Hatterene|85/100
|-status|p1a: Hatterene|brn
|
|-damage|p1a: Hatterene|79/100 brn|[from] brn
|upkeep
|turn|24
|
|t:|1758266871
|move|p1a: Hatterene|Draining Kiss|p2a: Alomomola
|-damage|p2a: Alomomola|59/100 par
|-heal|p1a: Hatterene|96/100 brn|[from] drain|[of] p2a: Alomomola
|move|p2a: Alomomola|Flip Turn|p1a: Hatterene
|-crit|p1a: Hatterene
|-damage|p1a: Hatterene|72/100 brn
|
|t:|1758266873
|switch|p2a: Ambipom|Ambipom, F|100/100|[from] Flip Turn
|
|-damage|p1a: Hatterene|66/100 brn|[from] brn
|upkeep
|turn|25
|
|t:|1758266877
|switch|p2a: Alomomola|Alomomola, M|92/100 par
|move|p1a: Hatterene|Nuzzle|p2a: Alomomola
|-supereffective|p2a: Alomomola
|-damage|p2a: Alomomola|89/100 par
|
|-damage|p1a: Hatterene|60/100 brn|[from] brn
|upkeep
|turn|26
|
|t:|1758266881
|move|p1a: Hatterene|Draining Kiss|p2a: Alomomola
|-damage|p2a: Alomomola|76/100 par
|-heal|p1a: Hatterene|75/100 brn|[from] drain|[of] p2a: Alomomola
|move|p2a: Alomomola|Flip Turn|p1a: Hatterene
|-damage|p1a: Hatterene|59/100 brn
|
|t:|1758266883
|switch|p2a: Ambipom|Ambipom, F|100/100|[from] Flip Turn
|
|-damage|p1a: Hatterene|53/100 brn|[from] brn
|upkeep
|turn|27
|
|t:|1758266886
|move|p2a: Ambipom|Fake Out|p1a: Hatterene
|-damage|p1a: Hatterene|21/100 brn
|cant|p1a: Hatterene|flinch
|
|-damage|p1a: Hatterene|15/100 brn|[from] brn
|upkeep
|turn|28
|
|t:|1758266892
|move|p2a: Ambipom|Last Resort|p1a: Hatterene
|-damage|p1a: Hatterene|0 fnt
|faint|p1a: Hatterene
|
|upkeep
|
|t:|1758266896
|switch|p1a: Dragonite|Dragonite, M|100/100
|turn|29
|
|t:|1758266903
|switch|p2a: Weezing|Weezing-Galar, M|25/100
|-ability|p2a: Weezing|Neutralizing Gas
|-terastallize|p1a: Dragonite|Normal
|move|p1a: Dragonite|Extreme Speed|p2a: Weezing
|-damage|p2a: Weezing|0 fnt
|faint|p2a: Weezing
|-end|p2a: Weezing|ability: Neutralizing Gas
|
|upkeep
|
|t:|1758266907
|switch|p2a: Ambipom|Ambipom, F|100/100
|turn|30
|
|t:|1758266913
|move|p2a: Ambipom|Fake Out|p1a: Dragonite
|-damage|p1a: Dragonite|81/100
|cant|p1a: Dragonite|flinch
|
|upkeep
|turn|31
|
|t:|1758266917
|switch|p2a: Alomomola|Alomomola, M|100/100 par
|move|p1a: Dragonite|Extreme Speed|p2a: Alomomola
|-damage|p2a: Alomomola|51/100 par
|
|upkeep
|turn|32
|
|t:|1758266923
|move|p1a: Dragonite|Extreme Speed|p2a: Alomomola
|-damage|p2a: Alomomola|8/100 par
|move|p2a: Alomomola|Flip Turn|p1a: Dragonite
|-damage|p1a: Dragonite|61/100
|
|t:|1758266927
|switch|p2a: Ambipom|Ambipom, F|100/100|[from] Flip Turn
|
|upkeep
|turn|33
|
|t:|1758266930
|move|p2a: Ambipom|Fake Out|p1a: Dragonite
|-damage|p1a: Dragonite|25/100
|cant|p1a: Dragonite|flinch
|
|upkeep
|turn|34
|
|t:|1758266933
|switch|p2a: Corviknight|Corviknight, M|78/100 par
|-ability|p2a: Corviknight|Pressure
|move|p1a: Dragonite|Extreme Speed|p2a: Corviknight
|-resisted|p2a: Corviknight
|-damage|p2a: Corviknight|56/100 par
|
|-heal|p2a: Corviknight|62/100 par|[from] item: Leftovers
|upkeep
|turn|35
|
|t:|1758266937
|move|p1a: Dragonite|Extreme Speed|p2a: Corviknight
|-resisted|p2a: Corviknight
|-damage|p2a: Corviknight|42/100 par
|move|p2a: Corviknight|Spite|p1a: Dragonite
|-activate|p1a: Dragonite|move: Spite|Extreme Speed|1
|
|-heal|p2a: Corviknight|48/100 par|[from] item: Leftovers
|upkeep
|turn|36
|
|t:|1758266944
|-activate|p1a: Dragonite|move: Struggle
|move|p1a: Dragonite|Struggle|p2a: Corviknight
|-damage|p2a: Corviknight|31/100 par
|-damage|p1a: Dragonite|0 fnt|[from] recoil
|faint|p1a: Dragonite
|move|p2a: Corviknight|Roost|p2a: Corviknight
|-heal|p2a: Corviknight|81/100 par
|-singleturn|p2a: Corviknight|move: Roost
|
|-heal|p2a: Corviknight|87/100 par|[from] item: Leftovers
|upkeep
|
|t:|1758266949
|switch|p1a: Ceruledge|Ceruledge, F|62/100
|turn|37
|
|t:|1758266956
|switch|p2a: Alomomola|Alomomola, M|42/100 par
|move|p1a: Ceruledge|Swords Dance|p1a: Ceruledge
|-boost|p1a: Ceruledge|atk|2
|
|upkeep
|turn|38
|
|t:|1758266962
|move|p1a: Ceruledge|Bitter Blade|p2a: Alomomola
|-resisted|p2a: Alomomola
|-damage|p2a: Alomomola|11/100 par
|-heal|p1a: Ceruledge|86/100|[from] drain|[of] p2a: Alomomola
|move|p2a: Alomomola|Scald|p1a: Ceruledge
|-supereffective|p1a: Ceruledge
|-damage|p1a: Ceruledge|57/100
|
|upkeep
|turn|39
|
|t:|1758266968
|move|p1a: Ceruledge|Bitter Blade|p2a: Alomomola
|-resisted|p2a: Alomomola
|-damage|p2a: Alomomola|0 fnt
|-heal|p1a: Ceruledge|66/100|[from] drain|[of] p2a: Alomomola
|faint|p2a: Alomomola
|
|upkeep
|
|t:|1758266970
|switch|p2a: Regidrago|Regidrago, tera:Dragon|100/100
|turn|40
|
|t:|1758266974
|move|p2a: Regidrago|Dragon Energy|p1a: Ceruledge
|-damage|p1a: Ceruledge|0 fnt
|faint|p1a: Ceruledge
|
|upkeep
|-message|lanyuanmengsui forfeited.
|
|win|fungi dbt vvss
|raw|lanyuanmengsui's rating: 1205 &rarr; <strong>1175</strong><br />(-30 for losing)
|raw|fungi dbt vvss's rating: 1128 &rarr; <strong>1158</strong><br />(+30 for winning)
|l|☆lanyuanmengsui
|player|p1|
|l|☆fungi dbt vvss
|player|p2|
