|j|☆Sandvich_eater
|j|☆Champion reko
|t:|1758299669
|gametype|singles
|player|p1|Sandvich_eater|hiker-gen4|1262
|player|p2|Champion reko|norman|1291
|gen|9
|tier|[Gen 9] OU
|rated|
|rule|HP Percentage Mod: HP is shown in percentages
|rule|Endless Battle Clause: Forcing endless battles is banned
|rule|Species Clause: Limit one of each Pokémon
|rule|OHKO Clause: OHKO moves are banned
|rule|Evasion Items Clause: Evasion items are banned
|rule|Evasion Moves Clause: Evasion moves are banned
|rule|Evasion Abilities Clause: Evasion abilities are banned
|rule|Sleep Moves Clause: Sleep-inducing moves are banned
|clearpoke
|poke|p1|Incineroar, M|
|poke|p1|Cyclizar, F|
|poke|p1|Alomomola, F|
|poke|p1|Gholdengo|
|poke|p1|Ogerpon-Wellspring, F|
|poke|p1|Dragapult, F|
|poke|p2|Araquanid, F|
|poke|p2|Dragonite, M|
|poke|p2|Great Tusk|
|poke|p2|Gholdengo|
|poke|p2|Raging Bolt|
|poke|p2|Moltres|
|teampreview
|
|t:|1758299687
|teamsize|p1|6
|teamsize|p2|6
|start
|switch|p1a: The worst|Gholdengo|100/100
|switch|p2a: Araquanid|Araquanid, F, shiny|100/100
|turn|1
|
|t:|1758299692
|move|p1a: The worst|Thunder Wave|p2a: Araquanid
|-status|p2a: Araquanid|par
|move|p2a: Araquanid|Sticky Web|p1a: The worst
|-sidestart|p1: Sandvich_eater|move: Sticky Web
|
|upkeep
|turn|2
|
|t:|1758299707
|switch|p2a: Moltres|Moltres, shiny|100/100
|move|p1a: The worst|Hex|p2a: Moltres
|-damage|p2a: Moltres|76/100
|
|upkeep
|turn|3
|
|t:|1758299715
|switch|p1a: Fat fish|Alomomola, F|100/100
|move|p2a: Moltres|Flamethrower|p1a: Fat fish
|-resisted|p1a: Fat fish
|-damage|p1a: Fat fish|79/100
|
|upkeep
|turn|4
|
|t:|1758299719
|move|p2a: Moltres|Will-O-Wisp|p1a: Fat fish
|-status|p1a: Fat fish|brn
|move|p1a: Fat fish|Flip Turn|p2a: Moltres
|-supereffective|p2a: Moltres
|-damage|p2a: Moltres|60/100
|
|t:|1758299726
|switch|p1a: Spin out|Cyclizar, F|100/100|[from] Flip Turn
|
|upkeep
|turn|5
|inactive|Battle timer is ON: inactive players will automatically lose when time's up. (requested by Champion reko)
|
|t:|1758299732
|move|p1a: Spin out|Rapid Spin|p2a: Moltres
|-crit|p2a: Moltres
|-damage|p2a: Moltres|37/100
|-boost|p1a: Spin out|spe|1
|-sideend|p1: Sandvich_eater|Sticky Web|[from] move: Rapid Spin|[of] p1a: Spin out
|move|p2a: Moltres|Roar|p1a: Spin out
|drag|p1a: Dragapult|Dragapult, F|100/100
|
|upkeep
|turn|6
|
|t:|1758299745
|move|p1a: Dragapult|Shadow Ball|p2a: Moltres
|-damage|p2a: Moltres|0 fnt
|faint|p2a: Moltres
|
|upkeep
|
|t:|1758299755
|switch|p2a: Dragonite|Dragonite, M, shiny|100/100
|turn|7
|
|t:|1758299760
|switch|p1a: Fat fish|Alomomola, F|100/100 brn
|move|p2a: Dragonite|Dragon Dance|p2a: Dragonite
|-boost|p2a: Dragonite|atk|1
|-boost|p2a: Dragonite|spe|1
|
|-damage|p1a: Fat fish|94/100 brn|[from] brn
|upkeep
|turn|8
|
|t:|1758299764
|move|p2a: Dragonite|Earthquake|p1a: Fat fish
|-damage|p1a: Fat fish|65/100 brn
|move|p1a: Fat fish|Tickle|p2a: Dragonite
|-unboost|p2a: Dragonite|atk|1
|-unboost|p2a: Dragonite|def|1
|
|-damage|p1a: Fat fish|59/100 brn|[from] brn
|upkeep
|turn|9
|
|t:|1758299772
|move|p2a: Dragonite|Earthquake|p1a: Fat fish
|-damage|p1a: Fat fish|39/100 brn
|move|p1a: Fat fish|Wish|p1a: Fat fish
|
|-damage|p1a: Fat fish|32/100 brn|[from] brn
|upkeep
|turn|10
|
|t:|1758299779
|switch|p2a: Raging Bolt|Raging Bolt|100/100
|-enditem|p2a: Raging Bolt|Booster Energy
|-activate|p2a: Raging Bolt|ability: Protosynthesis|[fromitem]
|-start|p2a: Raging Bolt|protosynthesisspa
|move|p1a: Fat fish|Tickle|p2a: Raging Bolt
|-unboost|p2a: Raging Bolt|atk|1
|-unboost|p2a: Raging Bolt|def|1
|
|-heal|p1a: Fat fish|82/100 brn|[from] move: Wish|[wisher] Fat fish
|-damage|p1a: Fat fish|76/100 brn|[from] brn
|upkeep
|turn|11
|
|t:|1758299787
|switch|p1a: Heel|Incineroar, M|100/100
|-ability|p1a: Heel|Intimidate|boost
|-unboost|p2a: Raging Bolt|atk|1
|move|p2a: Raging Bolt|Discharge|p1a: Heel
|-damage|p1a: Heel|56/100
|
|upkeep
|turn|12
|
|t:|1758299794
|move|p2a: Raging Bolt|Draco Meteor|p1a: Heel
|-damage|p1a: Heel|0 fnt
|-unboost|p2a: Raging Bolt|spa|2
|faint|p1a: Heel
|
|upkeep
|
|t:|1758299814
|switch|p1a: Silly :3|Ogerpon-Wellspring, F|100/100
|turn|13
|
|t:|1758299819
|-end|p2a: Raging Bolt|Protosynthesis|[silent]
|switch|p2a: Araquanid|Araquanid, F, shiny|100/100 par
|move|p1a: Silly :3|Swords Dance|p1a: Silly :3
|-boost|p1a: Silly :3|atk|2
|
|upkeep
|turn|14
|
|t:|1758299837
|-terastallize|p1a: Silly :3|Water
|detailschange|p1a: Silly :3|Ogerpon-Wellspring-Tera, F, tera:Water
|-ability|p1a: Silly :3|Embody Aspect (Wellspring)|boost
|-boost|p1a: Silly :3|spd|1
|move|p1a: Silly :3|Swords Dance|p1a: Silly :3
|-boost|p1a: Silly :3|atk|2
|move|p2a: Araquanid|Sticky Web|p1a: Silly :3
|-sidestart|p1: Sandvich_eater|move: Sticky Web
|
|upkeep
|turn|15
|
|t:|1758299843
|cant|p2a: Araquanid|par
|move|p1a: Silly :3|Horn Leech|p2a: Araquanid
|-damage|p2a: Araquanid|0 fnt
|faint|p2a: Araquanid
|
|upkeep
|
|t:|1758299852
|switch|p2a: Raging Bolt|Raging Bolt|100/100
|turn|16
|
|t:|1758299860
|move|p1a: Silly :3|Horn Leech|p2a: Raging Bolt
|-resisted|p2a: Raging Bolt
|-damage|p2a: Raging Bolt|44/100
|move|p2a: Raging Bolt|Discharge|p1a: Silly :3
|-supereffective|p1a: Silly :3
|-damage|p1a: Silly :3|26/100
|
|upkeep
|turn|17
|
|t:|1758299869
|switch|p1a: Dragapult|Dragapult, F|100/100
|-activate|p1a: Dragapult|move: Sticky Web
|-unboost|p1a: Dragapult|spe|1
|move|p2a: Raging Bolt|Thunderclap||[still]
|-fail|p2a: Raging Bolt
|
|upkeep
|turn|18
|
|t:|1758299876
|-terastallize|p2a: Raging Bolt|Fairy
|move|p1a: Dragapult|Draco Meteor|p2a: Raging Bolt
|-immune|p2a: Raging Bolt
|move|p2a: Raging Bolt|Draco Meteor|p1a: Dragapult
|-supereffective|p1a: Dragapult
|-damage|p1a: Dragapult|0 fnt
|-unboost|p2a: Raging Bolt|spa|2
|faint|p1a: Dragapult
|
|upkeep
|
|t:|1758299883
|switch|p1a: Spin out|Cyclizar, F|100/100
|turn|19
|
|t:|1758299887
|-end|p2a: Raging Bolt|Protosynthesis|[silent]
|switch|p2a: Gholdengo|Gholdengo|100/100
|-item|p2a: Gholdengo|Air Balloon
|move|p1a: Spin out|Rapid Spin|p2a: Gholdengo
|-immune|p2a: Gholdengo
|
|upkeep
|turn|20
|
|t:|1758299896
|switch|p1a: Fat fish|Alomomola, F|100/100 brn
|move|p2a: Gholdengo|Nasty Plot|p2a: Gholdengo
|-boost|p2a: Gholdengo|spa|2
|
|-damage|p1a: Fat fish|94/100 brn|[from] brn
|upkeep
|turn|21
|c|☆Sandvich_eater|welp, gg
|-message|Sandvich_eater forfeited.
|
|win|Champion reko
|raw|Sandvich_eater's rating: 1262 &rarr; <strong>1239</strong><br />(-23 for losing)
|raw|Champion reko's rating: 1291 &rarr; <strong>1314</strong><br />(+23 for winning)
|l|☆Sandvich_eater
|player|p1|
|l|☆Champion reko
|player|p2|
