|j|☆treossts
|j|☆menotenjoy
|t:|1758273548
|gametype|singles
|player|p1|treossts|266|1572
|player|p2|menotenjoy|265|1546
|gen|9
|tier|[Gen 9] OU
|rated|
|rule|HP Percentage Mod: HP is shown in percentages
|rule|Endless Battle Clause: Forcing endless battles is banned
|rule|Species Clause: Limit one of each Pokémon
|rule|OHKO Clause: OHKO moves are banned
|rule|Evasion Items Clause: Evasion items are banned
|rule|Evasion Moves Clause: Evasion moves are banned
|rule|Evasion Abilities Clause: Evasion abilities are banned
|rule|Sleep Moves Clause: Sleep-inducing moves are banned
|clearpoke
|poke|p1|Ninetales-Alola, M|
|poke|p1|Frosmoth, M|
|poke|p1|Avalugg, M|
|poke|p1|Ceruledge, M|
|poke|p1|Lokix, M|
|poke|p1|Abomasnow, F|
|poke|p2|Iron Treads|
|poke|p2|Weavile, M|
|poke|p2|Kingambit, F|
|poke|p2|Cresselia, F|
|poke|p2|Raikou|
|poke|p2|Kyurem|
|teampreview
|
|t:|1758273563
|teamsize|p1|6
|teamsize|p2|6
|start
|switch|p1a: Abomasnow|Abomasnow, F|100/100
|switch|p2a: Iron Treads|Iron Treads|100/100
|-weather|Snowscape|[from] ability: Snow Warning|[of] p1a: Abomasnow
|-enditem|p2a: Iron Treads|Booster Energy
|-activate|p2a: Iron Treads|ability: Quark Drive|[fromitem]
|-start|p2a: Iron Treads|quarkdrivespe
|turn|1
|
|t:|1758273582
|move|p2a: Iron Treads|Stealth Rock|p1a: Abomasnow
|-sidestart|p1: treossts|move: Stealth Rock
|move|p1a: Abomasnow|Aurora Veil|p1a: Abomasnow
|-sidestart|p1: treossts|move: Aurora Veil
|
|-weather|Snowscape|[upkeep]
|upkeep
|turn|2
|
|t:|1758273601
|-end|p2a: Iron Treads|Quark Drive|[silent]
|switch|p2a: Cresselia|Cresselia, F|100/100
|switch|p1a: Ceruledge|Ceruledge, M|100/100
|
|-weather|Snowscape|[upkeep]
|upkeep
|turn|3
|
|t:|1758273621
|move|p2a: Cresselia|Trick|p1a: Ceruledge
|-activate|p2a: Cresselia|move: Trick|[of] p1a: Ceruledge
|-item|p1a: Ceruledge|Choice Scarf|[from] move: Trick
|-item|p2a: Cresselia|Heavy-Duty Boots|[from] move: Trick
|move|p1a: Ceruledge|Swords Dance|p1a: Ceruledge
|-boost|p1a: Ceruledge|atk|2
|
|-weather|Snowscape|[upkeep]
|upkeep
|turn|4
|
|t:|1758273649
|switch|p1a: Avalugg|Avalugg, M|100/100
|-damage|p1a: Avalugg|76/100|[from] Stealth Rock
|move|p2a: Cresselia|Thunder Wave|p1a: Avalugg
|-status|p1a: Avalugg|par
|
|-weather|Snowscape|[upkeep]
|-heal|p1a: Avalugg|82/100 par|[from] ability: Ice Body
|-heal|p1a: Avalugg|88/100 par|[from] item: Leftovers
|upkeep
|turn|5
|
|t:|1758273661
|switch|p2a: Iron Treads|Iron Treads|100/100
|move|p1a: Avalugg|Rapid Spin|p2a: Iron Treads
|-resisted|p2a: Iron Treads
|-damage|p2a: Iron Treads|95/100
|-boost|p1a: Avalugg|spe|1
|-sideend|p1: treossts|Stealth Rock|[from] move: Rapid Spin|[of] p1a: Avalugg
|
|-weather|Snowscape|[upkeep]
|-heal|p1a: Avalugg|94/100 par|[from] ability: Ice Body
|-heal|p1a: Avalugg|99/100 par|[from] item: Leftovers
|-sideend|p1: treossts|move: Aurora Veil
|upkeep
|turn|6
|
|t:|1758273673
|switch|p1a: Ceruledge|Ceruledge, M|100/100
|move|p2a: Iron Treads|Stealth Rock|p1a: Ceruledge
|-sidestart|p1: treossts|move: Stealth Rock
|
|-weather|Snowscape|[upkeep]
|upkeep
|turn|7
|
|t:|1758273693
|-end|p2a: Iron Treads|Quark Drive|[silent]
|switch|p2a: Cresselia|Cresselia, F|100/100
|move|p1a: Ceruledge|Will-O-Wisp|p2a: Cresselia
|-status|p2a: Cresselia|brn
|
|-weather|Snowscape|[upkeep]
|-damage|p2a: Cresselia|94/100 brn|[from] brn
|upkeep
|turn|8
|
|t:|1758273717
|switch|p1a: Lokix|Lokix, M|100/100
|-damage|p1a: Lokix|76/100|[from] Stealth Rock
|switch|p2a: Iron Treads|Iron Treads|95/100
|
|-weather|none
|upkeep
|turn|9
|
|t:|1758273754
|switch|p1a: Abomasnow|Abomasnow, F|100/100
|-damage|p1a: Abomasnow|75/100|[from] Stealth Rock
|-weather|Snowscape|[from] ability: Snow Warning|[of] p1a: Abomasnow
|move|p2a: Iron Treads|Steel Beam|p1a: Abomasnow
|-supereffective|p1a: Abomasnow
|-damage|p1a: Abomasnow|0 fnt
|-damage|p2a: Iron Treads|44/100|[from] steelbeam
|faint|p1a: Abomasnow
|
|-weather|Snowscape|[upkeep]
|upkeep
|
|t:|1758273783
|switch|p1a: Lokix|Lokix, M|76/100
|-damage|p1a: Lokix|51/100|[from] Stealth Rock
|turn|10
|
|t:|1758273806
|-end|p2a: Iron Treads|Quark Drive|[silent]
|switch|p2a: Cresselia|Cresselia, F|94/100 brn
|-terastallize|p1a: Lokix|Bug
|move|p1a: Lokix|First Impression|p2a: Cresselia
|-supereffective|p2a: Cresselia
|-damage|p2a: Cresselia|0 fnt
|faint|p2a: Cresselia
|
|-weather|Snowscape|[upkeep]
|upkeep
|
|t:|1758273818
|switch|p2a: Raikou|Raikou|100/100
|-ability|p2a: Raikou|Pressure
|turn|11
|
|t:|1758273823
|switch|p1a: Avalugg|Avalugg, M|99/100 par
|-damage|p1a: Avalugg|75/100 par|[from] Stealth Rock
|move|p2a: Raikou|Thunderbolt|p1a: Avalugg
|-damage|p1a: Avalugg|4/100 par
|
|-weather|Snowscape|[upkeep]
|-heal|p1a: Avalugg|10/100 par|[from] ability: Ice Body
|-heal|p1a: Avalugg|16/100 par|[from] item: Leftovers
|upkeep
|turn|12
|
|t:|1758273838
|move|p2a: Raikou|Substitute|p2a: Raikou
|-start|p2a: Raikou|Substitute
|-damage|p2a: Raikou|76/100
|move|p1a: Avalugg|Rapid Spin|p2a: Raikou
|-activate|p2a: Raikou|move: Substitute|[damage]
|-sideend|p1: treossts|Stealth Rock|[from] move: Rapid Spin|[of] p1a: Avalugg
|-boost|p1a: Avalugg|spe|1
|
|-weather|Snowscape|[upkeep]
|-heal|p1a: Avalugg|23/100 par|[from] ability: Ice Body
|-heal|p2a: Raikou|82/100|[from] item: Leftovers
|-heal|p1a: Avalugg|29/100 par|[from] item: Leftovers
|upkeep
|turn|13
|
|t:|1758273852
|switch|p1a: Frosmoth|Frosmoth, M|100/100
|move|p2a: Raikou|Calm Mind|p2a: Raikou
|-boost|p2a: Raikou|spa|1
|-boost|p2a: Raikou|spd|1
|
|-weather|Snowscape|[upkeep]
|-heal|p2a: Raikou|88/100|[from] item: Leftovers
|upkeep
|turn|14
|
|t:|1758273867
|move|p2a: Raikou|Thunderbolt|p1a: Frosmoth
|-damage|p1a: Frosmoth|83/100
|move|p1a: Frosmoth|Bug Buzz|p2a: Raikou
|-damage|p2a: Raikou|60/100
|
|-weather|Snowscape|[upkeep]
|-heal|p2a: Raikou|66/100|[from] item: Leftovers
|upkeep
|turn|15
|
|t:|1758273878
|switch|p2a: Kingambit|Kingambit, F|100/100
|-activate|p2a: Kingambit|ability: Supreme Overlord
|-start|p2a: Kingambit|fallen1|[silent]
|move|p1a: Frosmoth|Bug Buzz|p2a: Kingambit
|-damage|p2a: Kingambit|57/100
|
|-weather|Snowscape|[upkeep]
|-heal|p2a: Kingambit|64/100|[from] item: Leftovers
|upkeep
|turn|16
|
|t:|1758273893
|switch|p1a: Ceruledge|Ceruledge, M|100/100
|move|p2a: Kingambit|Kowtow Cleave|p1a: Ceruledge
|-supereffective|p1a: Ceruledge
|-damage|p1a: Ceruledge|0 fnt
|faint|p1a: Ceruledge
|
|-weather|none
|-heal|p2a: Kingambit|70/100|[from] item: Leftovers
|upkeep
|
|t:|1758273922
|switch|p1a: Ninetales|Ninetales-Alola, M|100/100
|-weather|Snowscape|[from] ability: Snow Warning|[of] p1a: Ninetales
|turn|17
|
|t:|1758273929
|move|p1a: Ninetales|Aurora Veil|p1a: Ninetales
|-sidestart|p1: treossts|move: Aurora Veil
|move|p2a: Kingambit|Iron Head|p1a: Ninetales
|-supereffective|p1a: Ninetales
|-damage|p1a: Ninetales|0 fnt
|faint|p1a: Ninetales
|
|-weather|Snowscape|[upkeep]
|-heal|p2a: Kingambit|76/100|[from] item: Leftovers
|upkeep
|
|t:|1758273938
|switch|p1a: Avalugg|Avalugg, M|29/100 par
|turn|18
|
|t:|1758273954
|-end|p2a: Kingambit|fallen1|[silent]
|switch|p2a: Raikou|Raikou|66/100
|-ability|p2a: Raikou|Pressure
|move|p1a: Avalugg|Body Press|p2a: Raikou
|-damage|p2a: Raikou|9/100
|
|-weather|Snowscape|[upkeep]
|-heal|p1a: Avalugg|35/100 par|[from] ability: Ice Body
|-heal|p2a: Raikou|15/100|[from] item: Leftovers
|-heal|p1a: Avalugg|41/100 par|[from] item: Leftovers
|upkeep
|turn|19
|
|t:|1758273966
|switch|p1a: Frosmoth|Frosmoth, M|83/100
|move|p2a: Raikou|Thunderbolt|p1a: Frosmoth
|-damage|p1a: Frosmoth|77/100
|
|-weather|Snowscape|[upkeep]
|-heal|p2a: Raikou|21/100|[from] item: Leftovers
|upkeep
|turn|20
|
|t:|1758273974
|move|p2a: Raikou|Thunderbolt|p1a: Frosmoth
|-damage|p1a: Frosmoth|72/100
|move|p1a: Frosmoth|U-turn|p2a: Raikou
|-damage|p2a: Raikou|0 fnt
|faint|p2a: Raikou
|
|t:|1758273984
|switch|p1a: Avalugg|Avalugg, M|41/100 par|[from] U-turn
|
|-weather|Snowscape|[upkeep]
|-heal|p1a: Avalugg|47/100 par|[from] ability: Ice Body
|-heal|p1a: Avalugg|53/100 par|[from] item: Leftovers
|upkeep
|
|t:|1758273989
|switch|p2a: Iron Treads|Iron Treads|44/100
|turn|21
|
|t:|1758274017
|switch|p1a: Lokix|Lokix, M, tera:Bug|51/100
|move|p2a: Iron Treads|Stealth Rock|p1a: Lokix
|-sidestart|p1: treossts|move: Stealth Rock
|
|-weather|none
|-sideend|p1: treossts|move: Aurora Veil
|upkeep
|turn|22
|
|t:|1758274043
|move|p1a: Lokix|First Impression|p2a: Iron Treads
|-resisted|p2a: Iron Treads
|-damage|p2a: Iron Treads|0 fnt
|faint|p2a: Iron Treads
|-end|p2a: Iron Treads|Quark Drive|[silent]
|
|upkeep
|
|t:|1758274052
|switch|p2a: Weavile|Weavile, M|100/100
|-ability|p2a: Weavile|Pressure
|turn|23
|
|t:|1758274057
|switch|p1a: Avalugg|Avalugg, M|53/100 par
|-damage|p1a: Avalugg|28/100 par|[from] Stealth Rock
|move|p2a: Weavile|Knock Off|p1a: Avalugg
|-damage|p1a: Avalugg|9/100 par
|-enditem|p1a: Avalugg|Leftovers|[from] move: Knock Off|[of] p2a: Weavile
|
|upkeep
|turn|24
|
|t:|1758274065
|move|p2a: Weavile|Knock Off|p1a: Avalugg
|-damage|p1a: Avalugg|0 fnt
|faint|p1a: Avalugg
|
|upkeep
|
|t:|1758274071
|switch|p1a: Lokix|Lokix, M, tera:Bug|51/100
|-damage|p1a: Lokix|26/100|[from] Stealth Rock
|turn|25
|
|t:|1758274091
|switch|p2a: Kyurem|Kyurem|100/100
|-ability|p2a: Kyurem|Pressure
|move|p1a: Lokix|First Impression|p2a: Kyurem
|-damage|p2a: Kyurem|27/100
|
|-heal|p2a: Kyurem|33/100|[from] item: Leftovers
|upkeep
|turn|26
|
|t:|1758274100
|switch|p1a: Frosmoth|Frosmoth, M|72/100
|-damage|p1a: Frosmoth|22/100|[from] Stealth Rock
|move|p2a: Kyurem|Icicle Spear|p1a: Frosmoth
|-resisted|p1a: Frosmoth
|-damage|p1a: Frosmoth|13/100
|-resisted|p1a: Frosmoth
|-damage|p1a: Frosmoth|5/100
|-resisted|p1a: Frosmoth
|-damage|p1a: Frosmoth|0 fnt
|faint|p1a: Frosmoth
|-hitcount|p1: Frosmoth|3
|
|-heal|p2a: Kyurem|39/100|[from] item: Leftovers
|upkeep
|
|t:|1758274114
|switch|p1a: Lokix|Lokix, M, tera:Bug|26/100
|-damage|p1a: Lokix|2/100|[from] Stealth Rock
|turn|27
|
|t:|1758274118
|move|p2a: Kyurem|Icicle Spear|p1a: Lokix
|-damage|p1a: Lokix|0 fnt
|faint|p1a: Lokix
|-hitcount|p1: Lokix|1
|
|win|menotenjoy
|raw|treossts's rating: 1572 &rarr; <strong>1551</strong><br />(-21 for losing)
|raw|menotenjoy's rating: 1546 &rarr; <strong>1567</strong><br />(+21 for winning)
|l|☆treossts
|player|p1|
|l|☆menotenjoy
|player|p2|
