|j|☆Mega$crafty
|j|☆zfy6666
|t:|1758372248
|gametype|singles
|player|p1|Mega$crafty|170|1429
|player|p2|zfy6666|cynthia|1403
|gen|9
|tier|[Gen 9] OU
|rated|
|rule|HP Percentage Mod: HP is shown in percentages
|rule|Endless Battle Clause: Forcing endless battles is banned
|rule|Species Clause: Limit one of each Pokémon
|rule|OHKO Clause: OHKO moves are banned
|rule|Evasion Items Clause: Evasion items are banned
|rule|Evasion Moves Clause: Evasion moves are banned
|rule|Evasion Abilities Clause: Evasion abilities are banned
|rule|Sleep Moves Clause: Sleep-inducing moves are banned
|clearpoke
|poke|p1|Scizor, F|
|poke|p1|Rotom-Wash|
|poke|p1|Gliscor, F|
|poke|p1|Weavile, M|
|poke|p1|Heatran, M|
|poke|p1|Iron Valiant|
|poke|p2|Ninetales-Alola, F|
|poke|p2|Zamazenta-*|
|poke|p2|Slowking-Galar, F|
|poke|p2|Kingambit, M|
|poke|p2|Hatterene, F|
|poke|p2|Kyurem|
|teampreview
|
|t:|1758372287
|teamsize|p1|6
|teamsize|p2|6
|start
|switch|p1a: Rotom|Rotom-Wash|100/100
|switch|p2a: Ninetales|Ninetales-Alola, F, shiny|100/100
|-weather|Snowscape|[from] ability: Snow Warning|[of] p2a: Ninetales
|turn|1
|inactive|Battle timer is ON: inactive players will automatically lose when time's up. (requested by zfy6666)
|
|t:|1758372297
|move|p2a: Ninetales|Aurora Veil|p2a: Ninetales
|-sidestart|p2: zfy6666|move: Aurora Veil
|move|p1a: Rotom|Hydro Pump|p2a: Ninetales
|-damage|p2a: Ninetales|81/100
|
|-weather|Snowscape|[upkeep]
|upkeep
|turn|2
|
|t:|1758372302
|switch|p2a: Kyurem|Kyurem, shiny|100/100
|-ability|p2a: Kyurem|Pressure
|move|p1a: Rotom|Volt Switch|p2a: Kyurem
|-resisted|p2a: Kyurem
|-damage|p2a: Kyurem|95/100
|
|t:|1758372307
|switch|p1a: Scizor|Scizor, F|100/100|[from] Volt Switch
|
|-weather|Snowscape|[upkeep]
|-heal|p2a: Kyurem|100/100|[from] item: Leftovers
|upkeep
|turn|3
|
|t:|1758372315
|-terastallize|p2a: Kyurem|Ground
|move|p1a: Scizor|Bullet Punch|p2a: Kyurem
|-damage|p2a: Kyurem|77/100
|move|p2a: Kyurem|Substitute|p2a: Kyurem
|-start|p2a: Kyurem|Substitute
|-damage|p2a: Kyurem|52/100
|
|-weather|Snowscape|[upkeep]
|-heal|p2a: Kyurem|58/100|[from] item: Leftovers
|upkeep
|turn|4
|
|t:|1758372329
|switch|p1a: Rotom|Rotom-Wash|100/100
|move|p2a: Kyurem|Earth Power|p1a: Rotom
|-immune|p1a: Rotom|[from] ability: Levitate
|
|-weather|Snowscape|[upkeep]
|-heal|p2a: Kyurem|64/100|[from] item: Leftovers
|upkeep
|turn|5
|
|t:|1758372339
|move|p2a: Kyurem|Freeze-Dry|p1a: Rotom
|-supereffective|p1a: Rotom
|-damage|p1a: Rotom|20/100
|-status|p1a: Rotom|frz
|cant|p1a: Rotom|frz
|
|-weather|none
|-heal|p2a: Kyurem|71/100|[from] item: Leftovers
|-heal|p1a: Rotom|26/100 frz|[from] item: Leftovers
|upkeep
|turn|6
|
|t:|1758372359
|move|p2a: Kyurem|Freeze-Dry|p1a: Rotom
|-supereffective|p1a: Rotom
|-damage|p1a: Rotom|0 fnt
|faint|p1a: Rotom
|
|-heal|p2a: Kyurem|77/100|[from] item: Leftovers
|upkeep
|
|t:|1758372364
|switch|p1a: Weavile|Weavile, M|100/100
|-ability|p1a: Weavile|Pressure
|turn|7
|
|t:|1758372381
|move|p1a: Weavile|Swords Dance|p1a: Weavile
|-boost|p1a: Weavile|atk|2
|move|p2a: Kyurem|Earth Power|p1a: Weavile
|-damage|p1a: Weavile|36/100
|
|-heal|p2a: Kyurem|83/100|[from] item: Leftovers
|upkeep
|turn|8
|
|t:|1758372388
|move|p1a: Weavile|Triple Axel|p2a: Kyurem
|-supereffective|p2a: Kyurem
|-activate|p2a: Kyurem|move: Substitute|[damage]
|-hitcount|p2a: Kyurem|1
|move|p2a: Kyurem|Earth Power|p1a: Weavile
|-damage|p1a: Weavile|0 fnt
|faint|p1a: Weavile
|
|-heal|p2a: Kyurem|89/100|[from] item: Leftovers
|-sideend|p2: zfy6666|move: Aurora Veil
|upkeep
|
|t:|1758372401
|switch|p1a: Iron Valiant|Iron Valiant|100/100
|-enditem|p1a: Iron Valiant|Booster Energy
|-activate|p1a: Iron Valiant|ability: Quark Drive|[fromitem]
|-start|p1a: Iron Valiant|quarkdrivespe
|turn|9
|
|t:|1758372406
|move|p1a: Iron Valiant|Moonblast|p2a: Kyurem
|-end|p2a: Kyurem|Substitute
|move|p2a: Kyurem|Earth Power|p1a: Iron Valiant
|-damage|p1a: Iron Valiant|0 fnt
|faint|p1a: Iron Valiant
|-end|p1a: Iron Valiant|Quark Drive|[silent]
|
|-heal|p2a: Kyurem|95/100|[from] item: Leftovers
|upkeep
|
|t:|1758372413
|switch|p1a: Scizor|Scizor, F|100/100
|turn|10
|
|t:|1758372420
|move|p1a: Scizor|Bullet Punch|p2a: Kyurem
|-damage|p2a: Kyurem|46/100
|move|p2a: Kyurem|Substitute|p2a: Kyurem
|-start|p2a: Kyurem|Substitute
|-damage|p2a: Kyurem|21/100
|
|-heal|p2a: Kyurem|27/100|[from] item: Leftovers
|upkeep
|turn|11
|
|t:|1758372428
|move|p1a: Scizor|Bullet Punch|p2a: Kyurem
|-end|p2a: Kyurem|Substitute
|move|p2a: Kyurem|Earth Power|p1a: Scizor
|-damage|p1a: Scizor|33/100
|
|-heal|p2a: Kyurem|33/100|[from] item: Leftovers
|upkeep
|turn|12
|
|t:|1758372435
|switch|p2a: Zamazenta|Zamazenta|100/100
|-ability|p2a: Zamazenta|Dauntless Shield|boost
|-boost|p2a: Zamazenta|def|1
|move|p1a: Scizor|Bullet Punch|p2a: Zamazenta
|-damage|p2a: Zamazenta|70/100
|
|-heal|p2a: Zamazenta|76/100|[from] item: Leftovers
|upkeep
|turn|13
|
|t:|1758372443
|switch|p1a: Gliscor|Gliscor, F|100/100
|move|p2a: Zamazenta|Body Press|p1a: Gliscor
|-resisted|p1a: Gliscor
|-damage|p1a: Gliscor|81/100
|
|-heal|p2a: Zamazenta|82/100|[from] item: Leftovers
|-status|p1a: Gliscor|tox|[from] item: Toxic Orb
|upkeep
|turn|14
|
|t:|1758372452
|switch|p2a: Slowking|Slowking-Galar, F|100/100
|move|p1a: Gliscor|Toxic|p2a: Slowking
|-immune|p2a: Slowking
|
|-heal|p1a: Gliscor|93/100 tox|[from] ability: Poison Heal
|upkeep
|turn|15
|
|t:|1758372460
|move|p1a: Gliscor|Earthquake|p2a: Slowking
|-supereffective|p2a: Slowking
|-crit|p2a: Slowking
|-damage|p2a: Slowking|0 fnt
|faint|p2a: Slowking
|
|-heal|p1a: Gliscor|100/100 tox|[from] ability: Poison Heal
|upkeep
|
|t:|1758372466
|switch|p2a: Ninetales|Ninetales-Alola, F, shiny|81/100
|-weather|Snowscape|[from] ability: Snow Warning|[of] p2a: Ninetales
|turn|16
|
|t:|1758372473
|switch|p1a: Heatran|Heatran, M|100/100
|move|p2a: Ninetales|Aurora Veil|p2a: Ninetales
|-sidestart|p2: zfy6666|move: Aurora Veil
|
|-weather|Snowscape|[upkeep]
|upkeep
|turn|17
|
|t:|1758372479
|switch|p2a: Hatterene|Hatterene, F|100/100
|-item|p2a: Hatterene|Air Balloon
|move|p1a: Heatran|Stealth Rock|p2a: Hatterene
|move|p2a: Hatterene|Stealth Rock|p1a: Heatran|[from] ability: Magic Bounce
|-sidestart|p1: Mega$crafty|move: Stealth Rock
|
|-weather|Snowscape|[upkeep]
|upkeep
|turn|18
|
|t:|1758372487
|move|p1a: Heatran|Magma Storm|p2a: Hatterene
|-damage|p2a: Hatterene|79/100
|-activate|p2a: Hatterene|move: Magma Storm|[of] p1a: Heatran
|-enditem|p2a: Hatterene|Air Balloon
|move|p2a: Hatterene|Healing Wish|p2a: Hatterene
|faint|p2a: Hatterene
|
|-weather|Snowscape|[upkeep]
|upkeep
|
|t:|1758372495
|switch|p2a: Kyurem|Kyurem, shiny, tera:Ground|33/100
|-heal|p2a: Kyurem|100/100|[from] move: Healing Wish
|-ability|p2a: Kyurem|Pressure
|turn|19
|
|t:|1758372501
|move|p2a: Kyurem|Substitute|p2a: Kyurem
|-start|p2a: Kyurem|Substitute
|-damage|p2a: Kyurem|75/100
|move|p1a: Heatran|Magma Storm|p2a: Kyurem
|-activate|p2a: Kyurem|move: Substitute|[damage]
|
|-weather|Snowscape|[upkeep]
|-heal|p2a: Kyurem|82/100|[from] item: Leftovers
|upkeep
|turn|20
|
|t:|1758372509
|move|p2a: Kyurem|Earth Power|p1a: Heatran
|-supereffective|p1a: Heatran
|-damage|p1a: Heatran|0 fnt
|faint|p1a: Heatran
|
|-weather|none
|-heal|p2a: Kyurem|88/100|[from] item: Leftovers
|upkeep
|-message|Mega$crafty forfeited.
|
|win|zfy6666
|raw|Mega$crafty's rating: 1429 &rarr; <strong>1408</strong><br />(-21 for losing)
|raw|zfy6666's rating: 1403 &rarr; <strong>1424</strong><br />(+21 for winning)
