|j|☆xiaojy
|j|☆milman26
|t:|1758257287
|gametype|singles
|player|p1|xiaojy|nate|1149
|player|p2|milman26|twins-gen4dp|1206
|gen|9
|tier|[Gen 9] OU
|rated|
|rule|HP Percentage Mod: HP is shown in percentages
|rule|Endless Battle Clause: Forcing endless battles is banned
|rule|Species Clause: Limit one of each Pokémon
|rule|OHKO Clause: OHKO moves are banned
|rule|Evasion Items Clause: Evasion items are banned
|rule|Evasion Moves Clause: Evasion moves are banned
|rule|Evasion Abilities Clause: Evasion abilities are banned
|rule|Sleep Moves Clause: Sleep-inducing moves are banned
|clearpoke
|poke|p1|Pelipper, M|
|poke|p1|Kingdra, M|
|poke|p1|Ludicolo, M|
|poke|p1|Barraskewda, M|
|poke|p1|Iron Treads|
|poke|p1|Raging Bolt|
|poke|p2|Tyranitar, F|
|poke|p2|Gholdengo|
|poke|p2|Zamazenta-*|
|poke|p2|Rillaboom, M|
|poke|p2|Garchomp, M|
|poke|p2|Zapdos|
|teampreview
|inactive|Battle timer is ON: inactive players will automatically lose when time's up. (requested by xiaojy)
|
|t:|1758257328
|teamsize|p1|6
|teamsize|p2|6
|start
|switch|p1a: Pelipper|Pelipper, M, shiny|100/100
|switch|p2a: Garchomp|Garchomp, M|100/100
|-weather|RainDance|[from] ability: Drizzle|[of] p1a: Pelipper
|turn|1
|l|☆xiaojy
|inactive|xiaojy disconnected and has a minute to reconnect!
|player|p1|
|j|☆xiaojy
|inactive|xiaojy reconnected and has 120 seconds left.
|player|p1|xiaojy|nate|
|
|t:|1758257386
|move|p2a: Garchomp|Stealth Rock|p1a: Pelipper
|-sidestart|p1: xiaojy|move: Stealth Rock
|move|p1a: Pelipper|Surf|p2a: Garchomp
|-damage|p2a: Garchomp|61/100
|
|-weather|RainDance|[upkeep]
|upkeep
|turn|2
|
|t:|1758257398
|switch|p2a: Zapdos|Zapdos|100/100
|move|p1a: Pelipper|Hurricane|p2a: Zapdos
|-resisted|p2a: Zapdos
|-damage|p2a: Zapdos|79/100
|
|-weather|RainDance|[upkeep]
|upkeep
|turn|3
|
|t:|1758257409
|switch|p1a: Iron Treads|Iron Treads, shiny|100/100
|-damage|p1a: Iron Treads|97/100|[from] Stealth Rock
|-enditem|p1a: Iron Treads|Booster Energy
|-activate|p1a: Iron Treads|ability: Quark Drive|[fromitem]
|-start|p1a: Iron Treads|quarkdriveatk
|move|p2a: Zapdos|Hurricane|p1a: Iron Treads
|-resisted|p1a: Iron Treads
|-damage|p1a: Iron Treads|61/100
|
|-weather|RainDance|[upkeep]
|upkeep
|turn|4
|
|t:|1758257427
|switch|p2a: Gholdengo|Gholdengo|100/100
|-item|p2a: Gholdengo|Air Balloon
|move|p1a: Iron Treads|Rapid Spin|p2a: Gholdengo
|-immune|p2a: Gholdengo
|
|-weather|RainDance|[upkeep]
|upkeep
|turn|5
|inactive|milman26 has 120 seconds left.
|
|t:|1758257452
|move|p1a: Iron Treads|Ice Spinner|p2a: Gholdengo
|-resisted|p2a: Gholdengo
|-damage|p2a: Gholdengo|89/100
|-enditem|p2a: Gholdengo|Air Balloon
|move|p2a: Gholdengo|Hex|p1a: Iron Treads
|-damage|p1a: Iron Treads|23/100
|
|-weather|RainDance|[upkeep]
|upkeep
|turn|6
|
|t:|1758257462
|move|p1a: Iron Treads|Earthquake|p2a: Gholdengo
|-supereffective|p2a: Gholdengo
|-damage|p2a: Gholdengo|0 fnt
|faint|p2a: Gholdengo
|
|-weather|RainDance|[upkeep]
|upkeep
|
|t:|1758257467
|switch|p2a: Zamazenta|Zamazenta|100/100
|-ability|p2a: Zamazenta|Dauntless Shield|boost
|-boost|p2a: Zamazenta|def|1
|turn|7
|inactive|xiaojy has 120 seconds left.
|
|t:|1758257472
|move|p2a: Zamazenta|Close Combat|p1a: Iron Treads
|-supereffective|p1a: Iron Treads
|-damage|p1a: Iron Treads|0 fnt
|-unboost|p2a: Zamazenta|def|1
|-unboost|p2a: Zamazenta|spd|1
|faint|p1a: Iron Treads
|-end|p1a: Iron Treads|Quark Drive|[silent]
|
|-weather|RainDance|[upkeep]
|upkeep
|inactive|xiaojy has 120 seconds left.
|
|t:|1758257487
|switch|p1a: Raging Bolt|Raging Bolt|100/100
|-damage|p1a: Raging Bolt|88/100|[from] Stealth Rock
|turn|8
|inactive|xiaojy has 120 seconds left.
|
|t:|1758257501
|switch|p2a: Zapdos|Zapdos|79/100
|move|p1a: Raging Bolt|Calm Mind|p1a: Raging Bolt
|-boost|p1a: Raging Bolt|spa|1
|-boost|p1a: Raging Bolt|spd|1
|
|-weather|none
|-heal|p1a: Raging Bolt|94/100|[from] item: Leftovers
|upkeep
|turn|9
|inactive|xiaojy has 120 seconds left.
|
|t:|1758257507
|move|p2a: Zapdos|Volt Switch|p1a: Raging Bolt
|-resisted|p1a: Raging Bolt
|-damage|p1a: Raging Bolt|90/100
|
|t:|1758257514
|switch|p2a: Garchomp|Garchomp, M|61/100|[from] Volt Switch
|move|p1a: Raging Bolt|Calm Mind|p1a: Raging Bolt
|-boost|p1a: Raging Bolt|spa|1
|-boost|p1a: Raging Bolt|spd|1
|
|-heal|p1a: Raging Bolt|96/100|[from] item: Leftovers
|upkeep
|turn|10
|inactive|xiaojy has 120 seconds left.
|
|t:|1758257543
|move|p1a: Raging Bolt|Draco Meteor|p2a: Garchomp
|-supereffective|p2a: Garchomp
|-damage|p2a: Garchomp|0 fnt
|-unboost|p1a: Raging Bolt|spa|2
|faint|p2a: Garchomp
|
|-heal|p1a: Raging Bolt|100/100|[from] item: Leftovers
|upkeep
|
|t:|1758257546
|switch|p2a: Zamazenta|Zamazenta|100/100
|turn|11
|inactive|xiaojy has 120 seconds left.
|
|t:|1758257559
|-end|p1a: Raging Bolt|Protosynthesis|[silent]
|switch|p1a: Pelipper|Pelipper, M, shiny|100/100
|-damage|p1a: Pelipper|76/100|[from] Stealth Rock
|-weather|RainDance|[from] ability: Drizzle|[of] p1a: Pelipper
|move|p2a: Zamazenta|Roar|p1a: Pelipper
|drag|p1a: Ludicolo|Ludicolo, M, shiny|100/100
|-damage|p1a: Ludicolo|88/100|[from] Stealth Rock
|
|-weather|RainDance|[upkeep]
|upkeep
|turn|12
|inactive|xiaojy has 120 seconds left.
|inactive|milman26 has 120 seconds left.
|
|t:|1758257597
|switch|p2a: Zapdos|Zapdos|79/100
|move|p1a: Ludicolo|Surf|p2a: Zapdos
|-damage|p2a: Zapdos|0 fnt
|faint|p2a: Zapdos
|
|-weather|RainDance|[upkeep]
|upkeep
|
|t:|1758257604
|switch|p2a: Rillaboom|Rillaboom, M|100/100
|-fieldstart|move: Grassy Terrain|[from] ability: Grassy Surge|[of] p2a: Rillaboom
|turn|13
|inactive|milman26 has 120 seconds left.
|
|t:|1758257612
|move|p1a: Ludicolo|Surf|p2a: Rillaboom
|-resisted|p2a: Rillaboom
|-damage|p2a: Rillaboom|40/100
|move|p2a: Rillaboom|Wood Hammer|p1a: Ludicolo
|-damage|p1a: Ludicolo|0 fnt
|faint|p1a: Ludicolo
|-damage|p2a: Rillaboom|15/100|[from] Recoil
|
|-weather|RainDance|[upkeep]
|-heal|p2a: Rillaboom|21/100|[from] Grassy Terrain
|upkeep
|inactive|xiaojy has 120 seconds left.
|
|t:|1758257629
|switch|p1a: Raging Bolt|Raging Bolt|100/100
|-damage|p1a: Raging Bolt|88/100|[from] Stealth Rock
|turn|14
|inactive|milman26 has 120 seconds left.
|
|t:|1758257644
|move|p2a: Rillaboom|Knock Off|p1a: Raging Bolt
|-damage|p1a: Raging Bolt|60/100
|-enditem|p1a: Raging Bolt|Leftovers|[from] move: Knock Off|[of] p2a: Rillaboom
|move|p1a: Raging Bolt|Draco Meteor|p2a: Rillaboom
|-damage|p2a: Rillaboom|0 fnt
|-unboost|p1a: Raging Bolt|spa|2
|faint|p2a: Rillaboom
|
|-weather|RainDance|[upkeep]
|-heal|p1a: Raging Bolt|66/100|[from] Grassy Terrain
|upkeep
|inactive|milman26 has 120 seconds left.
|
|t:|1758257659
|switch|p2a: Tyranitar|Tyranitar, F|100/100
|-weather|Sandstorm|[from] ability: Sand Stream|[of] p2a: Tyranitar
|turn|15
|inactive|milman26 has 120 seconds left.
|
|t:|1758257666
|-end|p1a: Raging Bolt|Protosynthesis|[silent]
|switch|p1a: Pelipper|Pelipper, M, shiny|76/100
|-damage|p1a: Pelipper|51/100|[from] Stealth Rock
|-weather|RainDance|[from] ability: Drizzle|[of] p1a: Pelipper
|move|p2a: Tyranitar|Ice Punch|p1a: Pelipper
|-damage|p1a: Pelipper|24/100
|
|-weather|RainDance|[upkeep]
|upkeep
|turn|16
|
|t:|1758257675
|move|p2a: Tyranitar|Knock Off|p1a: Pelipper
|-damage|p1a: Pelipper|0 fnt
|-enditem|p1a: Pelipper|Damp Rock|[from] move: Knock Off|[of] p2a: Tyranitar
|faint|p1a: Pelipper
|
|-weather|RainDance|[upkeep]
|upkeep
|
|t:|1758257686
|switch|p1a: Barraskewda|Barraskewda, M, shiny|100/100
|-damage|p1a: Barraskewda|88/100|[from] Stealth Rock
|turn|17
|
|t:|1758257696
|-terastallize|p2a: Tyranitar|Fighting
|move|p1a: Barraskewda|Focus Energy|p1a: Barraskewda
|-start|p1a: Barraskewda|move: Focus Energy
|move|p2a: Tyranitar|Knock Off|p1a: Barraskewda
|-damage|p1a: Barraskewda|0 fnt
|-enditem|p1a: Barraskewda|Focus Sash|[from] move: Knock Off|[of] p2a: Tyranitar
|faint|p1a: Barraskewda
|
|-weather|RainDance|[upkeep]
|-fieldend|move: Grassy Terrain
|upkeep
|
|t:|1758257706
|switch|p1a: Kingdra|Kingdra, M, shiny|100/100
|-damage|p1a: Kingdra|88/100|[from] Stealth Rock
|turn|18
|
|t:|1758257717
|move|p1a: Kingdra|Dragon Dance|p1a: Kingdra
|-boost|p1a: Kingdra|atk|1
|-boost|p1a: Kingdra|spe|1
|move|p2a: Tyranitar|Knock Off|p1a: Kingdra
|-damage|p1a: Kingdra|25/100
|-enditem|p1a: Kingdra|Focus Sash|[from] move: Knock Off|[of] p2a: Tyranitar
|
|-weather|RainDance|[upkeep]
|upkeep
|turn|19
|
|t:|1758257724
|move|p1a: Kingdra|Waterfall|p2a: Tyranitar
|-damage|p2a: Tyranitar|27/100
|move|p2a: Tyranitar|Knock Off|p1a: Kingdra
|-damage|p1a: Kingdra|0 fnt
|faint|p1a: Kingdra
|
|-weather|RainDance|[upkeep]
|upkeep
|
|t:|1758257728
|switch|p1a: Raging Bolt|Raging Bolt|66/100
|-damage|p1a: Raging Bolt|54/100|[from] Stealth Rock
|turn|20
|
|t:|1758257733
|move|p1a: Raging Bolt|Thunderclap|p2a: Tyranitar
|-damage|p2a: Tyranitar|0 fnt
|faint|p2a: Tyranitar
|
|-weather|RainDance|[upkeep]
|upkeep
|
|t:|1758257735
|switch|p2a: Zamazenta|Zamazenta|100/100
|turn|21
|
|t:|1758257743
|move|p1a: Raging Bolt|Thunderclap|p2a: Zamazenta
|-damage|p2a: Zamazenta|65/100
|move|p2a: Zamazenta|Crunch|p1a: Raging Bolt
|-damage|p1a: Raging Bolt|35/100
|
|-weather|RainDance|[upkeep]
|upkeep
|turn|22
|
|t:|1758257762
|move|p1a: Raging Bolt|Thunderclap|p2a: Zamazenta
|-damage|p2a: Zamazenta|27/100
|move|p2a: Zamazenta|Close Combat|p1a: Raging Bolt
|-damage|p1a: Raging Bolt|0 fnt
|-unboost|p2a: Zamazenta|def|1
|-unboost|p2a: Zamazenta|spd|1
|faint|p1a: Raging Bolt
|-end|p1a: Raging Bolt|Protosynthesis|[silent]
|
|win|milman26
|raw|xiaojy's rating: 1149 &rarr; <strong>1128</strong><br />(-21 for losing)
|raw|milman26's rating: 1206 &rarr; <strong>1227</strong><br />(+21 for winning)
|l|☆xiaojy
|player|p1|
|c|☆milman26|gg
