|j|☆SohamSpur
|j|☆edollas
|t:|1758351755
|gametype|singles
|player|p1|SohamSpur|101|1485
|player|p2|edollas|biker-gen4|1472
|gen|9
|tier|[Gen 9] OU
|rated|
|rule|HP Percentage Mod: HP is shown in percentages
|rule|Endless Battle Clause: Forcing endless battles is banned
|rule|Species Clause: Limit one of each Pokémon
|rule|OHKO Clause: OHKO moves are banned
|rule|Evasion Items Clause: Evasion items are banned
|rule|Evasion Moves Clause: Evasion moves are banned
|rule|Evasion Abilities Clause: Evasion abilities are banned
|rule|Sleep Moves Clause: Sleep-inducing moves are banned
|clearpoke
|poke|p1|Kingambit, M|
|poke|p1|Blastoise, F|
|poke|p1|Raging Bolt|
|poke|p1|Great Tusk|
|poke|p1|Iron Valiant|
|poke|p1|Kyurem|
|poke|p2|Hoopa-Unbound|
|poke|p2|Toxapex, M|
|poke|p2|Weezing-Galar, M|
|poke|p2|Ogerpon-Wellspring, F|
|poke|p2|Garchomp, F|
|poke|p2|Great Tusk|
|teampreview
|
|t:|1758351773
|teamsize|p1|6
|teamsize|p2|6
|start
|switch|p1a: Raging Bolt|Raging Bolt|100/100
|switch|p2a: Ogerpon|Ogerpon-Wellspring, F|100/100
|turn|1
|
|t:|1758351786
|move|p2a: Ogerpon|U-turn|p1a: Raging Bolt
|-damage|p1a: Raging Bolt|74/100
|
|t:|1758351796
|switch|p2a: Great Tusk|Great Tusk|100/100|[from] U-turn
|move|p1a: Raging Bolt|Draco Meteor|p2a: Great Tusk
|-damage|p2a: Great Tusk|35/100
|-unboost|p1a: Raging Bolt|spa|2
|
|upkeep
|turn|2
|
|t:|1758351809
|-end|p1a: Raging Bolt|Protosynthesis|[silent]
|switch|p1a: Great Tusk|Great Tusk|100/100
|move|p2a: Great Tusk|Knock Off|p1a: Great Tusk
|-resisted|p1a: Great Tusk
|-damage|p1a: Great Tusk|92/100
|-damage|p2a: Great Tusk|18/100|[from] item: Rocky Helmet|[of] p1a: Great Tusk
|-enditem|p1a: Great Tusk|Rocky Helmet|[from] move: Knock Off|[of] p2a: Great Tusk
|
|upkeep
|turn|3
|
|t:|1758351818
|-end|p2a: Great Tusk|Protosynthesis|[silent]
|switch|p2a: Weezing|Weezing-Galar, M|100/100
|-ability|p2a: Weezing|Neutralizing Gas
|-item|p2a: Weezing|Air Balloon
|move|p1a: Great Tusk|Earthquake|p2a: Weezing
|-immune|p2a: Weezing
|
|upkeep
|turn|4
|
|t:|1758351826
|-end|p1a: Great Tusk|Protosynthesis|[silent]
|switch|p1a: Blastoise|Blastoise, F|100/100
|move|p2a: Weezing|Will-O-Wisp|p1a: Blastoise
|-status|p1a: Blastoise|brn
|
|-damage|p1a: Blastoise|94/100 brn|[from] brn
|upkeep
|turn|5
|
|t:|1758351837
|-end|p2a: Weezing|ability: Neutralizing Gas
|switch|p2a: Toxapex|Toxapex, M|100/100
|move|p1a: Blastoise|Flip Turn|p2a: Toxapex
|-resisted|p2a: Toxapex
|-damage|p2a: Toxapex|98/100
|
|t:|1758351848
|switch|p1a: Raging Bolt|Raging Bolt|74/100|[from] Flip Turn
|
|-heal|p2a: Toxapex|100/100|[from] item: Black Sludge
|upkeep
|turn|6
|
|t:|1758351856
|move|p2a: Toxapex|Baneful Bunker|p2a: Toxapex
|-singleturn|p2a: Toxapex|move: Protect
|move|p1a: Raging Bolt|Thunderbolt|p2a: Toxapex
|-activate|p2a: Toxapex|move: Protect
|
|upkeep
|turn|7
|
|t:|1758351862
|switch|p2a: Garchomp|Garchomp, F|100/100
|move|p1a: Raging Bolt|Thunderbolt|p2a: Garchomp
|-immune|p2a: Garchomp
|
|upkeep
|turn|8
|
|t:|1758351873
|-end|p1a: Raging Bolt|Protosynthesis|[silent]
|switch|p1a: Great Tusk|Great Tusk|92/100
|move|p2a: Garchomp|Earthquake|p1a: Great Tusk
|-damage|p1a: Great Tusk|61/100
|
|upkeep
|turn|9
|
|t:|1758351884
|move|p2a: Garchomp|Earthquake|p1a: Great Tusk
|-damage|p1a: Great Tusk|30/100
|move|p1a: Great Tusk|Knock Off|p2a: Garchomp
|-damage|p2a: Garchomp|75/100
|-damage|p1a: Great Tusk|17/100|[from] ability: Rough Skin|[of] p2a: Garchomp
|-enditem|p2a: Garchomp|Assault Vest|[from] move: Knock Off|[of] p1a: Great Tusk
|
|upkeep
|turn|10
|
|t:|1758351899
|move|p2a: Garchomp|Earthquake|p1a: Great Tusk
|-damage|p1a: Great Tusk|0 fnt
|faint|p1a: Great Tusk
|-end|p1a: Great Tusk|Protosynthesis|[silent]
|
|upkeep
|
|t:|1758351901
|switch|p1a: Iron Valiant|Iron Valiant|100/100
|-enditem|p1a: Iron Valiant|Booster Energy
|-activate|p1a: Iron Valiant|ability: Quark Drive|[fromitem]
|-start|p1a: Iron Valiant|quarkdrivespe
|turn|11
|
|t:|1758351910
|switch|p2a: Toxapex|Toxapex, M|100/100
|move|p1a: Iron Valiant|Knock Off|p2a: Toxapex
|-damage|p2a: Toxapex|84/100
|-enditem|p2a: Toxapex|Black Sludge|[from] move: Knock Off|[of] p1a: Iron Valiant
|
|upkeep
|turn|12
|
|t:|1758351926
|-end|p1a: Iron Valiant|Quark Drive|[silent]
|switch|p1a: Raging Bolt|Raging Bolt|74/100
|move|p2a: Toxapex|Surf|p1a: Raging Bolt
|-resisted|p1a: Raging Bolt
|-damage|p1a: Raging Bolt|67/100
|
|upkeep
|turn|13
|
|t:|1758351931
|move|p2a: Toxapex|Baneful Bunker|p2a: Toxapex
|-singleturn|p2a: Toxapex|move: Protect
|move|p1a: Raging Bolt|Thunderbolt|p2a: Toxapex
|-activate|p2a: Toxapex|move: Protect
|
|upkeep
|turn|14
|
|t:|1758351944
|move|p1a: Raging Bolt|Draco Meteor|p2a: Toxapex
|-damage|p2a: Toxapex|23/100
|-unboost|p1a: Raging Bolt|spa|2
|move|p2a: Toxapex|Recover|p2a: Toxapex
|-heal|p2a: Toxapex|73/100
|
|upkeep
|turn|15
|
|t:|1758351953
|-end|p1a: Raging Bolt|Protosynthesis|[silent]
|switch|p1a: Blastoise|Blastoise, F|94/100 brn
|move|p2a: Toxapex|Surf|p1a: Blastoise
|-resisted|p1a: Blastoise
|-damage|p1a: Blastoise|88/100 brn
|
|-damage|p1a: Blastoise|82/100 brn|[from] brn
|upkeep
|turn|16
|
|t:|1758351961
|switch|p2a: Ogerpon|Ogerpon-Wellspring, F|100/100
|move|p1a: Blastoise|Ice Beam|p2a: Ogerpon
|-crit|p2a: Ogerpon
|-damage|p2a: Ogerpon|67/100
|
|-damage|p1a: Blastoise|76/100 brn|[from] brn
|upkeep
|turn|17
|
|t:|1758351975
|switch|p1a: Raging Bolt|Raging Bolt|67/100
|move|p2a: Ogerpon|Spikes|p1a: Raging Bolt
|-sidestart|p1: SohamSpur|Spikes
|
|upkeep
|turn|18
|
|t:|1758351990
|move|p2a: Ogerpon|U-turn|p1a: Raging Bolt
|-damage|p1a: Raging Bolt|41/100
|
|t:|1758352008
|switch|p2a: Hoopa|Hoopa-Unbound|100/100|[from] U-turn
|move|p1a: Raging Bolt|Draco Meteor|p2a: Hoopa
|-damage|p2a: Hoopa|33/100
|-unboost|p1a: Raging Bolt|spa|2
|
|upkeep
|turn|19
|
|t:|1758352035
|move|p1a: Raging Bolt|Thunderclap||[still]
|-fail|p1a: Raging Bolt
|move|p2a: Hoopa|Substitute|p2a: Hoopa
|-start|p2a: Hoopa|Substitute
|-damage|p2a: Hoopa|8/100
|-enditem|p2a: Hoopa|Aguav Berry|[eat]
|-heal|p2a: Hoopa|42/100|[from] item: Aguav Berry
|
|upkeep
|turn|20
|
|t:|1758352045
|move|p1a: Raging Bolt|Thunderclap|p2a: Hoopa
|-activate|p2a: Hoopa|move: Substitute|[damage]
|move|p2a: Hoopa|Drain Punch|p1a: Raging Bolt
|-damage|p1a: Raging Bolt|10/100
|-heal|p2a: Hoopa|62/100|[from] drain|[of] p1a: Raging Bolt
|-item|p2a: Hoopa|Assault Vest|[from] ability: Magician|[of] p1a: Raging Bolt
|
|upkeep
|turn|21
|
|t:|1758352066
|switch|p2a: Great Tusk|Great Tusk|18/100
|move|p1a: Raging Bolt|Thunderclap||[still]
|-fail|p1a: Raging Bolt
|
|upkeep
|turn|22
|
|t:|1758352076
|move|p1a: Raging Bolt|Draco Meteor|p2a: Great Tusk
|-damage|p2a: Great Tusk|0 fnt
|-unboost|p1a: Raging Bolt|spa|2
|faint|p2a: Great Tusk
|-end|p2a: Great Tusk|Protosynthesis|[silent]
|
|upkeep
|
|t:|1758352082
|switch|p2a: Hoopa|Hoopa-Unbound|62/100
|turn|23
|
|t:|1758352088
|move|p2a: Hoopa|Drain Punch|p1a: Raging Bolt
|-damage|p1a: Raging Bolt|0 fnt
|-heal|p2a: Hoopa|69/100|[from] drain|[of] p1a: Raging Bolt
|faint|p1a: Raging Bolt
|-end|p1a: Raging Bolt|Protosynthesis|[silent]
|
|upkeep
|
|t:|1758352099
|switch|p1a: Blastoise|Blastoise, F|76/100 brn
|turn|24
|
|t:|1758352109
|move|p2a: Hoopa|Psychic Noise|p1a: Blastoise
|-damage|p1a: Blastoise|48/100 brn
|-start|p1a: Blastoise|move: Heal Block
|move|p1a: Blastoise|Rapid Spin|p2a: Hoopa
|-damage|p2a: Hoopa|60/100
|-boost|p1a: Blastoise|spe|1
|-sideend|p1: SohamSpur|Spikes|[from] move: Rapid Spin|[of] p1a: Blastoise
|
|-damage|p1a: Blastoise|42/100 brn|[from] brn
|upkeep
|turn|25
|
|t:|1758352129
|switch|p2a: Ogerpon|Ogerpon-Wellspring, F|67/100
|move|p1a: Blastoise|Ice Beam|p2a: Ogerpon
|-damage|p2a: Ogerpon|46/100
|
|-damage|p1a: Blastoise|36/100 brn|[from] brn
|-end|p1a: Blastoise|move: Heal Block
|upkeep
|turn|26
|
|t:|1758352150
|move|p2a: Ogerpon|Horn Leech|p1a: Blastoise
|-supereffective|p1a: Blastoise
|-damage|p1a: Blastoise|0 fnt
|-heal|p2a: Ogerpon|68/100|[from] drain|[of] p1a: Blastoise
|faint|p1a: Blastoise
|
|upkeep
|
|t:|1758352156
|switch|p1a: Kyurem|Kyurem|100/100
|-ability|p1a: Kyurem|Pressure
|turn|27
|
|t:|1758352167
|move|p2a: Ogerpon|U-turn|p1a: Kyurem
|-damage|p1a: Kyurem|74/100
|
|t:|1758352170
|switch|p2a: Hoopa|Hoopa-Unbound|60/100|[from] U-turn
|move|p1a: Kyurem|Dragon Dance|p1a: Kyurem
|-boost|p1a: Kyurem|atk|1
|-boost|p1a: Kyurem|spe|1
|
|upkeep
|turn|28
|
|t:|1758352176
|move|p1a: Kyurem|Icicle Spear|p2a: Hoopa
|-damage|p2a: Hoopa|19/100
|-damage|p2a: Hoopa|0 fnt
|faint|p2a: Hoopa
|-hitcount|p2: Hoopa|2
|
|upkeep
|
|t:|1758352179
|switch|p2a: Weezing|Weezing-Galar, M|100/100
|-ability|p2a: Weezing|Neutralizing Gas
|-item|p2a: Weezing|Air Balloon
|turn|29
|
|t:|1758352185
|move|p1a: Kyurem|Icicle Spear|p2a: Weezing
|-damage|p2a: Weezing|87/100
|-enditem|p2a: Weezing|Air Balloon
|-damage|p2a: Weezing|73/100
|-damage|p2a: Weezing|58/100
|-damage|p2a: Weezing|45/100
|-crit|p2a: Weezing
|-damage|p2a: Weezing|25/100
|-hitcount|p2a: Weezing|5
|move|p2a: Weezing|Will-O-Wisp|p1a: Kyurem
|-status|p1a: Kyurem|brn
|
|-damage|p1a: Kyurem|68/100 brn|[from] brn
|upkeep
|turn|30
|
|t:|1758352194
|-end|p2a: Weezing|ability: Neutralizing Gas
|-ability|p1a: Kyurem|Pressure
|switch|p2a: Toxapex|Toxapex, M|100/100
|move|p1a: Kyurem|Icicle Spear|p2a: Toxapex
|-resisted|p2a: Toxapex
|-damage|p2a: Toxapex|97/100
|-resisted|p2a: Toxapex
|-damage|p2a: Toxapex|94/100
|-resisted|p2a: Toxapex
|-damage|p2a: Toxapex|91/100
|-resisted|p2a: Toxapex
|-damage|p2a: Toxapex|87/100
|-hitcount|p2a: Toxapex|4
|
|-damage|p1a: Kyurem|61/100 brn|[from] brn
|upkeep
|turn|31
|
|t:|1758352204
|move|p1a: Kyurem|Dragon Dance|p1a: Kyurem
|-boost|p1a: Kyurem|atk|1
|-boost|p1a: Kyurem|spe|1
|move|p2a: Toxapex|Haze|p2a: Toxapex
|-clearallboost
|
|-damage|p1a: Kyurem|55/100 brn|[from] brn
|upkeep
|turn|32
|
|t:|1758352212
|move|p2a: Toxapex|Baneful Bunker|p2a: Toxapex
|-singleturn|p2a: Toxapex|move: Protect
|move|p1a: Kyurem|Dragon Dance|p1a: Kyurem
|-boost|p1a: Kyurem|atk|1
|-boost|p1a: Kyurem|spe|1
|
|-damage|p1a: Kyurem|49/100 brn|[from] brn
|upkeep
|turn|33
|
|t:|1758352218
|move|p1a: Kyurem|Scale Shot|p2a: Toxapex
|-damage|p2a: Toxapex|81/100
|-damage|p2a: Toxapex|74/100
|-damage|p2a: Toxapex|67/100
|-damage|p2a: Toxapex|60/100
|-hitcount|p2a: Toxapex|4
|-unboost|p1a: Kyurem|def|1
|-boost|p1a: Kyurem|spe|1
|move|p2a: Toxapex|Haze|p2a: Toxapex
|-clearallboost
|
|-damage|p1a: Kyurem|43/100 brn|[from] brn
|upkeep
|turn|34
|
|t:|1758352229
|switch|p1a: Iron Valiant|Iron Valiant|100/100
|move|p2a: Toxapex|Recover|p2a: Toxapex
|-heal|p2a: Toxapex|100/100
|
|upkeep
|turn|35
|
|t:|1758352234
|move|p1a: Iron Valiant|Encore|p2a: Toxapex
|-start|p2a: Toxapex|Encore
|move|p2a: Toxapex|Recover||[still]
|-fail|p2a: Toxapex|heal
|
|upkeep
|turn|36
|
|t:|1758352240
|switch|p2a: Weezing|Weezing-Galar, M|25/100
|-ability|p2a: Weezing|Neutralizing Gas
|move|p1a: Iron Valiant|Moonblast|p2a: Weezing
|-resisted|p2a: Weezing
|-damage|p2a: Weezing|0 fnt
|faint|p2a: Weezing
|-end|p2a: Weezing|ability: Neutralizing Gas
|
|upkeep
|
|t:|1758352252
|switch|p2a: Ogerpon|Ogerpon-Wellspring, F|68/100
|turn|37
|
|t:|1758352261
|switch|p2a: Toxapex|Toxapex, M|100/100
|-terastallize|p1a: Iron Valiant|Fairy
|move|p1a: Iron Valiant|Moonblast|p2a: Toxapex
|-resisted|p2a: Toxapex
|-damage|p2a: Toxapex|74/100
|-unboost|p2a: Toxapex|spa|1
|
|upkeep
|turn|38
|
|t:|1758352267
|-end|p1a: Iron Valiant|Quark Drive|[silent]
|switch|p1a: Kyurem|Kyurem|43/100 brn
|-ability|p1a: Kyurem|Pressure
|move|p2a: Toxapex|Surf|p1a: Kyurem
|-resisted|p1a: Kyurem
|-damage|p1a: Kyurem|37/100 brn
|
|-damage|p1a: Kyurem|31/100 brn|[from] brn
|upkeep
|turn|39
|
|t:|1758352275
|move|p1a: Kyurem|Dragon Dance|p1a: Kyurem
|-boost|p1a: Kyurem|atk|1
|-boost|p1a: Kyurem|spe|1
|move|p2a: Toxapex|Recover|p2a: Toxapex
|-heal|p2a: Toxapex|100/100
|
|-damage|p1a: Kyurem|25/100 brn|[from] brn
|upkeep
|turn|40
|
|t:|1758352285
|move|p1a: Kyurem|Scale Shot|p2a: Toxapex
|-damage|p2a: Toxapex|94/100
|-damage|p2a: Toxapex|87/100
|-damage|p2a: Toxapex|81/100
|-damage|p2a: Toxapex|74/100
|-damage|p2a: Toxapex|67/100
|-hitcount|p2a: Toxapex|5
|-unboost|p1a: Kyurem|def|1
|-boost|p1a: Kyurem|spe|1
|move|p2a: Toxapex|Haze|p2a: Toxapex
|-clearallboost
|
|-damage|p1a: Kyurem|18/100 brn|[from] brn
|upkeep
|turn|41
|
|t:|1758352302
|move|p1a: Kyurem|Scale Shot|p2a: Toxapex
|-damage|p2a: Toxapex|63/100
|-damage|p2a: Toxapex|58/100
|-damage|p2a: Toxapex|54/100
|-damage|p2a: Toxapex|50/100
|-hitcount|p2a: Toxapex|4
|-unboost|p1a: Kyurem|def|1
|-boost|p1a: Kyurem|spe|1
|move|p2a: Toxapex|Recover|p2a: Toxapex
|-heal|p2a: Toxapex|99/100
|
|-damage|p1a: Kyurem|12/100 brn|[from] brn
|upkeep
|turn|42
|
|t:|1758352311
|move|p1a: Kyurem|Dragon Dance|p1a: Kyurem
|-boost|p1a: Kyurem|atk|1
|-boost|p1a: Kyurem|spe|1
|move|p2a: Toxapex|Surf|p1a: Kyurem
|-resisted|p1a: Kyurem
|-damage|p1a: Kyurem|4/100 brn
|
|-damage|p1a: Kyurem|0 fnt|[from] brn
|faint|p1a: Kyurem
|upkeep
|
|t:|1758352317
|switch|p1a: Kingambit|Kingambit, M|100/100
|-activate|p1a: Kingambit|ability: Supreme Overlord
|-start|p1a: Kingambit|fallen4|[silent]
|turn|43
|
|t:|1758352324
|move|p1a: Kingambit|Swords Dance|p1a: Kingambit
|-boost|p1a: Kingambit|atk|2
|move|p2a: Toxapex|Surf|p1a: Kingambit
|-damage|p1a: Kingambit|79/100
|
|upkeep
|turn|44
|
|t:|1758352327
|move|p1a: Kingambit|Kowtow Cleave|p2a: Toxapex
|-damage|p2a: Toxapex|0 fnt
|faint|p2a: Toxapex
|
|upkeep
|
|t:|1758352336
|switch|p2a: Garchomp|Garchomp, F|75/100
|turn|45
|
|t:|1758352341
|move|p1a: Kingambit|Sucker Punch|p2a: Garchomp
|-damage|p2a: Garchomp|0 fnt
|-damage|p1a: Kingambit|66/100|[from] ability: Rough Skin|[of] p2a: Garchomp
|faint|p2a: Garchomp
|
|upkeep
|
|t:|1758352344
|switch|p2a: Ogerpon|Ogerpon-Wellspring, F|68/100
|turn|46
|
|t:|1758352351
|move|p2a: Ogerpon|Ivy Cudgel|p1a: Kingambit|[anim] Ivy Cudgel Water
|-damage|p1a: Kingambit|18/100
|move|p1a: Kingambit|Kowtow Cleave|p2a: Ogerpon
|-damage|p2a: Ogerpon|0 fnt
|faint|p2a: Ogerpon
|
|win|SohamSpur
|raw|SohamSpur's rating: 1485 &rarr; <strong>1504</strong><br />(+19 for winning)
|raw|edollas's rating: 1472 &rarr; <strong>1453</strong><br />(-19 for losing)
|l|☆SohamSpur
|player|p1|
|l|☆edollas
|player|p2|
