|j|☆dingleduff
|j|☆MBRis
|t:|1758285647
|gametype|singles
|player|p1|dingleduff|2|1109
|player|p2|MBRis|170|1111
|gen|9
|tier|[Gen 9] OU
|rated|
|rule|HP Percentage Mod: HP is shown in percentages
|rule|Endless Battle Clause: Forcing endless battles is banned
|rule|Species Clause: Limit one of each Pokémon
|rule|OHKO Clause: OHKO moves are banned
|rule|Evasion Items Clause: Evasion items are banned
|rule|Evasion Moves Clause: Evasion moves are banned
|rule|Evasion Abilities Clause: Evasion abilities are banned
|rule|Sleep Moves Clause: Sleep-inducing moves are banned
|clearpoke
|poke|p1|Toucannon, M|
|poke|p1|Dragonite, M|
|poke|p1|Zamazenta-*|
|poke|p1|Iron Treads|
|poke|p1|Zapdos|
|poke|p1|Primarina, M|
|poke|p2|Masquerain, M|
|poke|p2|Serperior, M|
|poke|p2|Malamar, M|
|poke|p2|Cinderace, F|
|poke|p2|Quaquaval, M|
|poke|p2|Donphan, L25, F|
|teampreview
|inactive|Battle timer is ON: inactive players will automatically lose when time's up. (requested by MBRis)
|
|t:|1758285667
|teamsize|p1|6
|teamsize|p2|6
|start
|switch|p1a: Franky|Toucannon, M|100/100
|switch|p2a: Masquerain|Masquerain, M|100/100
|-ability|p2a: Masquerain|Intimidate|boost
|-unboost|p1a: Franky|atk|1
|turn|1
|
|t:|1758285682
|move|p2a: Masquerain|Sticky Web|p1a: Franky
|-sidestart|p1: dingleduff|move: Sticky Web
|move|p1a: Franky|Knock Off|p2a: Masquerain
|-damage|p2a: Masquerain|60/100
|-enditem|p2a: Masquerain|Focus Sash|[from] move: Knock Off|[of] p1a: Franky
|
|upkeep
|turn|2
|
|t:|1758285689
|-singleturn|p1a: Franky|move: Beak Blast
|move|p2a: Masquerain|U-turn|p1a: Franky
|-resisted|p1a: Franky
|-damage|p1a: Franky|88/100
|-status|p2a: Masquerain|brn
|
|t:|1758285697
|switch|p2a: Cinderace|Cinderace, F|100/100|[from] U-turn
|move|p1a: Franky|Beak Blast|p2a: Cinderace
|-damage|p2a: Cinderace|56/100
|
|upkeep
|turn|3
|
|t:|1758285706
|move|p2a: Cinderace|Will-O-Wisp|p1a: Franky
|-status|p1a: Franky|brn
|move|p1a: Franky|Knock Off|p2a: Cinderace
|-damage|p2a: Cinderace|42/100
|-enditem|p2a: Cinderace|Heavy-Duty Boots|[from] move: Knock Off|[of] p1a: Franky
|
|-damage|p1a: Franky|82/100 brn|[from] brn
|upkeep
|turn|4
|
|t:|1758285718
|-singleturn|p1a: Franky|move: Beak Blast
|move|p2a: Cinderace|Court Change|p2a: Cinderace
|-start|p2a: Cinderace|typechange|Normal|[from] ability: Libero
|-swapsideconditions
|-activate|p2a: Cinderace|move: Court Change
|move|p1a: Franky|Beak Blast|p2a: Cinderace
|-damage|p2a: Cinderace|19/100
|
|-damage|p1a: Franky|76/100 brn|[from] brn
|upkeep
|turn|5
|
|t:|1758285729
|-singleturn|p1a: Franky|move: Beak Blast
|move|p2a: Cinderace|Flare Blitz|p1a: Franky
|-damage|p1a: Franky|28/100 brn
|-status|p2a: Cinderace|brn
|-damage|p2a: Cinderace|2/100 brn|[from] Recoil
|move|p1a: Franky|Beak Blast|p2a: Cinderace
|-damage|p2a: Cinderace|0 fnt
|faint|p2a: Cinderace
|
|-damage|p1a: Franky|22/100 brn|[from] brn
|upkeep
|
|t:|1758285751
|switch|p2a: Serperior|Serperior, M|100/100
|-activate|p2a: Serperior|move: Sticky Web
|-boost|p2a: Serperior|spe|1
|turn|6
|
|t:|1758285758
|move|p2a: Serperior|Leaf Storm|p1a: Franky
|-resisted|p1a: Franky
|-damage|p1a: Franky|4/100 brn
|-boost|p2a: Serperior|spa|2
|move|p1a: Franky|Knock Off|p2a: Serperior
|-damage|p2a: Serperior|85/100
|-enditem|p2a: Serperior|Chesto Berry|[from] move: Knock Off|[of] p1a: Franky
|
|-damage|p1a: Franky|0 fnt|[from] brn
|faint|p1a: Franky
|upkeep
|
|t:|1758285771
|switch|p1a: Monkey D. nite|Dragonite, M|100/100
|turn|7
|
|t:|1758285780
|switch|p2a: Masquerain|Masquerain, M|60/100 brn
|-ability|p2a: Masquerain|Intimidate|boost
|-unboost|p1a: Monkey D. nite|atk|1
|move|p1a: Monkey D. nite|Fire Punch|p2a: Masquerain
|-supereffective|p2a: Masquerain
|-damage|p2a: Masquerain|0 fnt
|faint|p2a: Masquerain
|
|upkeep
|
|t:|1758285791
|switch|p2a: Quaquaval|Quaquaval, M|100/100
|-activate|p2a: Quaquaval|move: Sticky Web
|-unboost|p2a: Quaquaval|spe|1
|turn|8
|
|t:|1758285797
|move|p1a: Monkey D. nite|Dragon Dance|p1a: Monkey D. nite
|-boost|p1a: Monkey D. nite|atk|1
|-boost|p1a: Monkey D. nite|spe|1
|move|p2a: Quaquaval|Aqua Step|p1a: Monkey D. nite
|-resisted|p1a: Monkey D. nite
|-damage|p1a: Monkey D. nite|88/100
|-boost|p2a: Quaquaval|spe|1
|
|upkeep
|turn|9
|
|t:|1758285805
|move|p1a: Monkey D. nite|Dragon Dance|p1a: Monkey D. nite
|-boost|p1a: Monkey D. nite|atk|1
|-boost|p1a: Monkey D. nite|spe|1
|move|p2a: Quaquaval|Aqua Step|p1a: Monkey D. nite
|-resisted|p1a: Monkey D. nite
|-damage|p1a: Monkey D. nite|63/100
|-boost|p2a: Quaquaval|spe|1
|
|upkeep
|turn|10
|
|t:|1758285814
|move|p1a: Monkey D. nite|Scale Shot|p2a: Quaquaval
|-damage|p2a: Quaquaval|73/100
|-damage|p2a: Quaquaval|46/100
|-damage|p2a: Quaquaval|19/100
|-enditem|p2a: Quaquaval|Salac Berry|[eat]
|-boost|p2a: Quaquaval|spe|1|[from] item: Salac Berry
|-damage|p2a: Quaquaval|0 fnt
|faint|p2a: Quaquaval
|-hitcount|p2: Quaquaval|4
|-unboost|p1a: Monkey D. nite|def|1
|-boost|p1a: Monkey D. nite|spe|1
|
|upkeep
|
|t:|1758285817
|switch|p2a: Donphan|Donphan, L25, F|100/100
|-activate|p2a: Donphan|move: Sticky Web
|-unboost|p2a: Donphan|spe|1
|turn|11
|
|t:|1758285832
|move|p1a: Monkey D. nite|Scale Shot|p2a: Donphan
|-ability|p2a: Donphan|Sturdy
|-damage|p2a: Donphan|2/100
|-damage|p2a: Donphan|0 fnt
|faint|p2a: Donphan
|-hitcount|p2: Donphan|2
|-unboost|p1a: Monkey D. nite|def|1
|-boost|p1a: Monkey D. nite|spe|1
|
|upkeep
|
|t:|1758285837
|switch|p2a: Malamar|Malamar, M|100/100
|-activate|p2a: Malamar|move: Sticky Web
|-boost|p2a: Malamar|spe|1
|turn|12
|
|t:|1758285847
|move|p1a: Monkey D. nite|Scale Shot|p2a: Malamar|[miss]
|-miss|p1a: Monkey D. nite|p2a: Malamar
|move|p2a: Malamar|Superpower|p1a: Monkey D. nite
|-resisted|p1a: Monkey D. nite
|-damage|p1a: Monkey D. nite|18/100
|-boost|p2a: Malamar|atk|1
|-boost|p2a: Malamar|def|1
|-damage|p2a: Malamar|91/100|[from] item: Life Orb
|
|upkeep
|turn|13
|inactive|MBRis has 120 seconds left.
|inactive|MBRis has 90 seconds left.
|inactive|MBRis has 60 seconds left.
|inactive|MBRis has 30 seconds left.
|inactive|MBRis has 20 seconds left.
|inactive|MBRis has 15 seconds left.
|inactive|MBRis has 10 seconds left.
|inactive|MBRis has 5 seconds left.
|-message|MBRis lost due to inactivity.
|
|win|dingleduff
|raw|dingleduff's rating: 1109 &rarr; <strong>1134</strong><br />(+25 for winning)
|raw|MBRis's rating: 1111 &rarr; <strong>1086</strong><br />(-25 for losing)
|l|☆dingleduff
|player|p1|
|l|☆MBRis
|player|p2|
