|j|☆Nikator98
|j|☆HyperHHH
|t:|1758276705
|gametype|singles
|player|p1|Nikator98|giovanni|1677
|player|p2|HyperHHH|fisherman-gen2jp|1686
|gen|9
|tier|[Gen 9] OU
|rated|
|rule|HP Percentage Mod: HP is shown in percentages
|rule|Endless Battle Clause: Forcing endless battles is banned
|rule|Species Clause: Limit one of each Pokémon
|rule|OHKO Clause: OHKO moves are banned
|rule|Evasion Items Clause: Evasion items are banned
|rule|Evasion Moves Clause: Evasion moves are banned
|rule|Evasion Abilities Clause: Evasion abilities are banned
|rule|Sleep Moves Clause: Sleep-inducing moves are banned
|clearpoke
|poke|p1|Metagross|
|poke|p1|Great Tusk|
|poke|p1|Haxorus, M|
|poke|p1|Iron Moth|
|poke|p1|Zoroark-Hisui, M|
|poke|p1|Ninetales-Alola, F|
|poke|p2|Iron Valiant|
|poke|p2|Rotom-Wash|
|poke|p2|Ting-Lu|
|poke|p2|Gholdengo|
|poke|p2|Latios, M|
|poke|p2|Dragonite, F|
|teampreview
|inactive|Battle timer is ON: inactive players will automatically lose when time's up. (requested by HyperHHH)
|
|t:|1758276732
|teamsize|p1|6
|teamsize|p2|6
|start
|switch|p1a: Lacelle|Haxorus, M|100/100
|switch|p2a: Ting-Lu|Ting-Lu|100/100
|-ability|p2a: Ting-Lu|Vessel of Ruin
|turn|1
|j| 40 crip
|
|t:|1758276738
|switch|p2a: Iron Valiant|Iron Valiant|100/100
|move|p1a: Lacelle|Trick|p2a: Iron Valiant
|-activate|p1a: Lacelle|move: Trick|[of] p2a: Iron Valiant
|-item|p2a: Iron Valiant|Choice Specs|[from] move: Trick
|-item|p1a: Lacelle|Heavy-Duty Boots|[from] move: Trick
|
|upkeep
|turn|2
|c| 40 crip|thats nasty work
|
|t:|1758276754
|switch|p1a: Arquillian Sentry|Metagross|100/100
|move|p2a: Iron Valiant|Knock Off|p1a: Arquillian Sentry
|-supereffective|p1a: Arquillian Sentry
|-damage|p1a: Arquillian Sentry|59/100
|-enditem|p1a: Arquillian Sentry|Custap Berry|[from] move: Knock Off|[of] p2a: Iron Valiant
|
|upkeep
|turn|3
|
|t:|1758276768
|-end|p2a: Iron Valiant|Quark Drive|[silent]
|switch|p2a: Rotom|Rotom-Wash|100/100
|move|p1a: Arquillian Sentry|Meteor Mash|p2a: Rotom
|-resisted|p2a: Rotom
|-damage|p2a: Rotom|90/100
|
|-heal|p2a: Rotom|96/100|[from] item: Leftovers
|upkeep
|turn|4
|
|t:|1758276776
|switch|p1a: Lacelle|Haxorus, M|100/100
|move|p2a: Rotom|Will-O-Wisp|p1a: Lacelle
|-status|p1a: Lacelle|brn
|
|-heal|p2a: Rotom|100/100|[from] item: Leftovers
|-damage|p1a: Lacelle|95/100 brn|[from] brn
|upkeep
|turn|5
|
|t:|1758276790
|switch|p2a: Ting-Lu|Ting-Lu|100/100
|-ability|p2a: Ting-Lu|Vessel of Ruin
|move|p1a: Lacelle|Bitter Malice|p2a: Ting-Lu
|-resisted|p2a: Ting-Lu
|-damage|p2a: Ting-Lu|93/100
|-unboost|p2a: Ting-Lu|atk|1
|
|-heal|p2a: Ting-Lu|99/100|[from] item: Leftovers
|-damage|p1a: Lacelle|89/100 brn|[from] brn
|upkeep
|turn|6
|
|t:|1758276802
|move|p1a: Lacelle|Trick|p2a: Ting-Lu
|-activate|p1a: Lacelle|move: Trick|[of] p2a: Ting-Lu
|-item|p2a: Ting-Lu|Heavy-Duty Boots|[from] move: Trick
|-item|p1a: Lacelle|Leftovers|[from] move: Trick
|move|p2a: Ting-Lu|Stealth Rock|p1a: Lacelle
|-sidestart|p1: Nikator98|move: Stealth Rock
|
|-heal|p1a: Lacelle|95/100 brn|[from] item: Leftovers
|-damage|p1a: Lacelle|89/100 brn|[from] brn
|upkeep
|turn|7
|
|t:|1758276814
|move|p1a: Lacelle|Bitter Malice|p2a: Ting-Lu
|-resisted|p2a: Ting-Lu
|-damage|p2a: Ting-Lu|91/100
|-unboost|p2a: Ting-Lu|atk|1
|move|p2a: Ting-Lu|Ruination|p1a: Lacelle
|-damage|p1a: Lacelle|45/100 brn
|replace|p1a: Van Helsing|Zoroark-Hisui, M, shiny
|-end|p1a: Van Helsing|Illusion
|
|-heal|p1a: Van Helsing|51/100 brn|[from] item: Leftovers
|-damage|p1a: Van Helsing|45/100 brn|[from] brn
|upkeep
|turn|8
|
|t:|1758276827
|move|p1a: Van Helsing|Bitter Malice|p2a: Ting-Lu
|-resisted|p2a: Ting-Lu
|-damage|p2a: Ting-Lu|83/100
|-unboost|p2a: Ting-Lu|atk|1
|move|p2a: Ting-Lu|Spikes|p1a: Van Helsing
|-sidestart|p1: Nikator98|Spikes
|
|-heal|p1a: Van Helsing|51/100 brn|[from] item: Leftovers
|-damage|p1a: Van Helsing|45/100 brn|[from] brn
|upkeep
|turn|9
|c| 40 crip|Van helsing!
|
|t:|1758276838
|switch|p1a: Kumaryia|Great Tusk, shiny|100/100
|move|p2a: Ting-Lu|Earthquake|p1a: Kumaryia
|-damage|p1a: Kumaryia|90/100
|
|upkeep
|turn|10
|
|t:|1758276846
|switch|p2a: Gholdengo|Gholdengo|100/100
|-item|p2a: Gholdengo|Air Balloon
|move|p1a: Kumaryia|Knock Off|p2a: Gholdengo
|-supereffective|p2a: Gholdengo
|-damage|p2a: Gholdengo|53/100
|-enditem|p2a: Gholdengo|Air Balloon
|
|upkeep
|turn|11
|
|t:|1758276854
|switch|p2a: Latios|Latios, M|100/100
|move|p1a: Kumaryia|Headlong Rush|p2a: Latios
|-immune|p2a: Latios|[from] ability: Levitate
|
|upkeep
|turn|12
|
|t:|1758276869
|-end|p1a: Kumaryia|Protosynthesis|[silent]
|switch|p1a: Arquillian Sentry|Metagross|59/100
|-damage|p1a: Arquillian Sentry|53/100|[from] Stealth Rock
|-damage|p1a: Arquillian Sentry|40/100|[from] Spikes
|move|p2a: Latios|Luster Purge|p1a: Arquillian Sentry
|-resisted|p1a: Arquillian Sentry
|-damage|p1a: Arquillian Sentry|27/100
|
|upkeep
|turn|13
|
|t:|1758276879
|switch|p2a: Rotom|Rotom-Wash|100/100
|move|p1a: Arquillian Sentry|Stealth Rock|p2a: Rotom
|-sidestart|p2: HyperHHH|move: Stealth Rock
|
|upkeep
|turn|14
|j| amimec
|
|t:|1758276901
|move|p2a: Rotom|Volt Switch|p1a: Arquillian Sentry
|-damage|p1a: Arquillian Sentry|1/100
|
|t:|1758276914
|switch|p2a: Ting-Lu|Ting-Lu|83/100|[from] Volt Switch
|-ability|p2a: Ting-Lu|Vessel of Ruin
|move|p1a: Arquillian Sentry|Explosion|p2a: Ting-Lu
|-damage|p2a: Ting-Lu|27/100
|faint|p1a: Arquillian Sentry
|
|upkeep
|
|t:|1758276923
|switch|p1a: Kumaryia|Great Tusk, shiny|90/100
|turn|15
|
|t:|1758276927
|switch|p2a: Gholdengo|Gholdengo|53/100
|-damage|p2a: Gholdengo|47/100|[from] Stealth Rock
|move|p1a: Kumaryia|Knock Off|p2a: Gholdengo
|-supereffective|p2a: Gholdengo
|-damage|p2a: Gholdengo|12/100
|
|upkeep
|turn|16
|
|t:|1758276937
|move|p1a: Kumaryia|Knock Off|p2a: Gholdengo
|-supereffective|p2a: Gholdengo
|-damage|p2a: Gholdengo|0 fnt
|faint|p2a: Gholdengo
|
|upkeep
|
|t:|1758276940
|switch|p2a: Latios|Latios, M|100/100
|-damage|p2a: Latios|88/100|[from] Stealth Rock
|turn|17
|
|t:|1758276946
|-end|p1a: Kumaryia|Protosynthesis|[silent]
|switch|p1a: Lacelle|Haxorus, M|45/100 brn
|-damage|p1a: Lacelle|32/100 brn|[from] Stealth Rock
|-damage|p1a: Lacelle|20/100 brn|[from] Spikes
|move|p2a: Latios|Luster Purge|p1a: Lacelle
|-damage|p1a: Lacelle|0 fnt
|replace|p1a: Van Helsing|Zoroark-Hisui, M, shiny
|-end|p1a: Van Helsing|Illusion
|faint|p1a: Van Helsing
|
|upkeep
|
|t:|1758276971
|switch|p1a: Asfaloth|Ninetales-Alola, F, shiny|100/100
|-damage|p1a: Asfaloth|76/100|[from] Stealth Rock
|-damage|p1a: Asfaloth|63/100|[from] Spikes
|-weather|Snowscape|[from] ability: Snow Warning|[of] p1a: Asfaloth
|turn|18
|inactive|HyperHHH has 120 seconds left.
|
|t:|1758277029
|move|p2a: Latios|Luster Purge|p1a: Asfaloth
|-damage|p1a: Asfaloth|12/100
|-unboost|p1a: Asfaloth|spd|1
|move|p1a: Asfaloth|Aurora Veil|p1a: Asfaloth
|-sidestart|p1: Nikator98|move: Aurora Veil
|
|-weather|Snowscape|[upkeep]
|upkeep
|turn|19
|inactive|Nikator98 has 120 seconds left.
|
|t:|1758277073
|move|p2a: Latios|Luster Purge|p1a: Asfaloth
|-damage|p1a: Asfaloth|0 fnt
|faint|p1a: Asfaloth
|
|-weather|Snowscape|[upkeep]
|upkeep
|inactive|Nikator98 has 90 seconds left.
|
|t:|1758277093
|switch|p1a: Lacelle|Haxorus, M|100/100
|-damage|p1a: Lacelle|88/100|[from] Stealth Rock
|-damage|p1a: Lacelle|76/100|[from] Spikes
|-ability|p1a: Lacelle|Mold Breaker
|turn|20
|
|t:|1758277101
|switch|p2a: Iron Valiant|Iron Valiant|100/100
|-damage|p2a: Iron Valiant|94/100|[from] Stealth Rock
|-terastallize|p1a: Lacelle|Steel
|move|p1a: Lacelle|Swords Dance|p1a: Lacelle
|-boost|p1a: Lacelle|atk|2
|
|-weather|Snowscape|[upkeep]
|upkeep
|turn|21
|
|t:|1758277115
|switch|p1a: Kumaryia|Great Tusk, shiny|90/100
|move|p2a: Iron Valiant|Encore||[still]
|-fail|p2a: Iron Valiant
|
|-weather|Snowscape|[upkeep]
|upkeep
|turn|22
|inactive|HyperHHH has 120 seconds left.
|
|t:|1758277136
|-end|p2a: Iron Valiant|Quark Drive|[silent]
|switch|p2a: Latios|Latios, M|88/100
|-damage|p2a: Latios|76/100|[from] Stealth Rock
|move|p1a: Kumaryia|Rapid Spin|p2a: Latios
|-damage|p2a: Latios|51/100
|-boost|p1a: Kumaryia|spe|1
|-sideend|p1: Nikator98|Spikes|[from] move: Rapid Spin|[of] p1a: Kumaryia
|-sideend|p1: Nikator98|Stealth Rock|[from] move: Rapid Spin|[of] p1a: Kumaryia
|
|-weather|none
|upkeep
|turn|23
|
|t:|1758277150
|move|p2a: Latios|Flip Turn|p1a: Kumaryia
|-supereffective|p1a: Kumaryia
|-damage|p1a: Kumaryia|82/100
|
|t:|1758277152
|switch|p2a: Rotom|Rotom-Wash|100/100|[from] Flip Turn
|-damage|p2a: Rotom|88/100|[from] Stealth Rock
|move|p1a: Kumaryia|Knock Off|p2a: Rotom
|-damage|p2a: Rotom|61/100
|-enditem|p2a: Rotom|Leftovers|[from] move: Knock Off|[of] p1a: Kumaryia
|
|upkeep
|turn|24
|inactive|HyperHHH has 120 seconds left.
|
|t:|1758277164
|-end|p1a: Kumaryia|Protosynthesis|[silent]
|switch|p1a: Gothmog|Iron Moth|100/100
|-enditem|p1a: Gothmog|Booster Energy
|-activate|p1a: Gothmog|ability: Quark Drive|[fromitem]
|-start|p1a: Gothmog|quarkdrivespe
|move|p2a: Rotom|Will-O-Wisp|p1a: Gothmog
|-immune|p1a: Gothmog
|
|upkeep
|turn|25
|inactive|HyperHHH has 120 seconds left.
|
|t:|1758277182
|move|p1a: Gothmog|Fiery Dance|p2a: Rotom
|-resisted|p2a: Rotom
|-damage|p2a: Rotom|41/100
|move|p2a: Rotom|Pain Split|p1a: Gothmog
|-sethp|p1a: Gothmog|70/100|[from] move: Pain Split|[silent]
|-sethp|p2a: Rotom|72/100|[from] move: Pain Split
|
|-sideend|p1: Nikator98|move: Aurora Veil
|upkeep
|turn|26
|
|t:|1758277191
|move|p1a: Gothmog|Energy Ball|p2a: Rotom
|-supereffective|p2a: Rotom
|-damage|p2a: Rotom|11/100
|move|p2a: Rotom|Hydro Pump|p1a: Gothmog
|-supereffective|p1a: Gothmog
|-damage|p1a: Gothmog|0 fnt
|faint|p1a: Gothmog
|-end|p1a: Gothmog|Quark Drive|[silent]
|
|upkeep
|
|t:|1758277206
|switch|p1a: Lacelle|Haxorus, M, tera:Steel|76/100
|-ability|p1a: Lacelle|Mold Breaker
|turn|27
|
|t:|1758277225
|move|p1a: Lacelle|Iron Head|p2a: Rotom
|-resisted|p2a: Rotom
|-damage|p2a: Rotom|2/100
|cant|p2a: Rotom|flinch
|
|upkeep
|turn|28
|inactive|Nikator98 has 120 seconds left.
|
|t:|1758277231
|move|p1a: Lacelle|Scale Shot|p2a: Rotom|[miss]
|-miss|p1a: Lacelle|p2a: Rotom
|move|p2a: Rotom|Will-O-Wisp|p1a: Lacelle|[miss]
|-miss|p2a: Rotom|p1a: Lacelle
|
|upkeep
|turn|29
|c|☆Nikator98|Lmao
|inactive|Nikator98 has 120 seconds left.
|
|t:|1758277245
|move|p1a: Lacelle|Scale Shot|p2a: Rotom
|-damage|p2a: Rotom|0 fnt
|faint|p2a: Rotom
|-hitcount|p2: Rotom|1
|-unboost|p1a: Lacelle|def|1
|-boost|p1a: Lacelle|spe|1
|
|upkeep
|
|t:|1758277248
|switch|p2a: Iron Valiant|Iron Valiant|94/100
|-damage|p2a: Iron Valiant|88/100|[from] Stealth Rock
|turn|30
|
|t:|1758277255
|move|p1a: Lacelle|Iron Head|p2a: Iron Valiant
|-supereffective|p2a: Iron Valiant
|-damage|p2a: Iron Valiant|0 fnt
|faint|p2a: Iron Valiant
|-end|p2a: Iron Valiant|Quark Drive|[silent]
|
|upkeep
|
|t:|1758277272
|switch|p2a: Dragonite|Dragonite, F|100/100
|turn|31
|
|t:|1758277279
|-terastallize|p2a: Dragonite|Normal
|move|p1a: Lacelle|Scale Shot|p2a: Dragonite
|-damage|p2a: Dragonite|88/100
|-damage|p2a: Dragonite|75/100
|-damage|p2a: Dragonite|62/100
|-damage|p2a: Dragonite|49/100
|-hitcount|p2a: Dragonite|4
|-unboost|p1a: Lacelle|def|1
|-boost|p1a: Lacelle|spe|1
|move|p2a: Dragonite|Earthquake|p1a: Lacelle
|-supereffective|p1a: Lacelle
|-damage|p1a: Lacelle|0 fnt
|faint|p1a: Lacelle
|
|upkeep
|
|t:|1758277293
|switch|p1a: Kumaryia|Great Tusk, shiny|82/100
|turn|32
|
|t:|1758277306
|switch|p2a: Latios|Latios, M|51/100
|-damage|p2a: Latios|39/100|[from] Stealth Rock
|move|p1a: Kumaryia|Rapid Spin|p2a: Latios
|-damage|p2a: Latios|14/100
|-boost|p1a: Kumaryia|spe|1
|
|upkeep
|turn|33
|c|☆Nikator98|gg
|
|t:|1758277316
|move|p2a: Latios|Luster Purge|p1a: Kumaryia
|-supereffective|p1a: Kumaryia
|-damage|p1a: Kumaryia|0 fnt
|faint|p1a: Kumaryia
|-end|p1a: Kumaryia|Protosynthesis|[silent]
|
|win|HyperHHH
|raw|Nikator98's rating: 1677 &rarr; <strong>1658</strong><br />(-19 for losing)
|raw|HyperHHH's rating: 1686 &rarr; <strong>1705</strong><br />(+19 for winning)
|l|☆HyperHHH
|player|p2|
|l|☆Nikator98
|player|p1|
|l| amimec
|l| 40 crip
