|badge|p2|bronze|gen9ou|100-6
|uhtml|medal-msg|<div class="broadcast-blue">Curious what those medals under the avatar are? PS now has Ladder Seasons! For more information, check out the <a href="https://www.smogon.com/forums/threads/3740067/">thread on Smogon.</a></div>
|j|☆eros maniac
|j|☆sunny dancing
|t:|1758341751
|gametype|singles
|player|p1|eros maniac|1|1769
|player|p2|sunny dancing|101|1860
|gen|9
|tier|[Gen 9] OU
|rated|
|rule|HP Percentage Mod: HP is shown in percentages
|rule|Endless Battle Clause: Forcing endless battles is banned
|rule|Species Clause: Limit one of each Pokémon
|rule|OHKO Clause: OHKO moves are banned
|rule|Evasion Items Clause: Evasion items are banned
|rule|Evasion Moves Clause: Evasion moves are banned
|rule|Evasion Abilities Clause: Evasion abilities are banned
|rule|Sleep Moves Clause: Sleep-inducing moves are banned
|clearpoke
|poke|p1|Frosmoth, F|
|poke|p1|Maushold-Four|
|poke|p1|Mamoswine, F|
|poke|p1|Sinistcha|
|poke|p1|Alomomola, F|
|poke|p1|Weezing-Galar, M|
|poke|p2|Ogerpon-Wellspring, F|
|poke|p2|Slowking-Galar, F|
|poke|p2|Great Tusk|
|poke|p2|Moltres|
|poke|p2|Dragapult, F|
|poke|p2|Kingambit, M|
|teampreview
|j| king of spycrabs
|inactive|Battle timer is ON: inactive players will automatically lose when time's up. (requested by eros maniac)
|j| tsubaki-tt
|
|t:|1758341760
|teamsize|p1|6
|teamsize|p2|6
|start
|switch|p1a: Sinistcha|Sinistcha, shiny|100/100
|switch|p2a: Kingambit|Kingambit, M|100/100
|turn|1
|inactive|sunny dancing also wants the timer to be on.
|j| Hereisausername
|
|t:|1758341768
|move|p2a: Kingambit|Swords Dance|p2a: Kingambit
|-boost|p2a: Kingambit|atk|2
|move|p1a: Sinistcha|Matcha Gotcha|p2a: Kingambit
|-resisted|p2a: Kingambit
|-damage|p2a: Kingambit|84/100
|-status|p2a: Kingambit|brn
|
|-heal|p2a: Kingambit|90/100 brn|[from] item: Leftovers
|-damage|p2a: Kingambit|84/100 brn|[from] brn
|upkeep
|turn|2
|
|t:|1758341777
|move|p2a: Kingambit|Swords Dance|p2a: Kingambit
|-boost|p2a: Kingambit|atk|2
|move|p1a: Sinistcha|Matcha Gotcha|p2a: Kingambit
|-resisted|p2a: Kingambit
|-damage|p2a: Kingambit|67/100 brn
|
|-heal|p2a: Kingambit|73/100 brn|[from] item: Leftovers
|-damage|p2a: Kingambit|67/100 brn|[from] brn
|upkeep
|turn|3
|j| amefurikoneko
|
|t:|1758341785
|move|p2a: Kingambit|Iron Head|p1a: Sinistcha
|-damage|p1a: Sinistcha|57/100
|move|p1a: Sinistcha|Strength Sap|p2a: Kingambit
|-unboost|p2a: Kingambit|atk|1
|-heal|p1a: Sinistcha|100/100
|
|-heal|p2a: Kingambit|73/100 brn|[from] item: Leftovers
|-damage|p2a: Kingambit|67/100 brn|[from] brn
|upkeep
|turn|4
|
|t:|1758341793
|move|p2a: Kingambit|Iron Head|p1a: Sinistcha
|-damage|p1a: Sinistcha|66/100
|cant|p1a: Sinistcha|flinch
|
|-heal|p2a: Kingambit|73/100 brn|[from] item: Leftovers
|-damage|p2a: Kingambit|67/100 brn|[from] brn
|upkeep
|turn|5
|
|t:|1758341800
|move|p2a: Kingambit|Swords Dance|p2a: Kingambit
|-boost|p2a: Kingambit|atk|2
|move|p1a: Sinistcha|Strength Sap|p2a: Kingambit
|-unboost|p2a: Kingambit|atk|1
|-heal|p1a: Sinistcha|100/100
|
|-heal|p2a: Kingambit|73/100 brn|[from] item: Leftovers
|-damage|p2a: Kingambit|67/100 brn|[from] brn
|upkeep
|turn|6
|
|t:|1758341807
|move|p2a: Kingambit|Iron Head|p1a: Sinistcha
|-damage|p1a: Sinistcha|57/100
|move|p1a: Sinistcha|Calm Mind|p1a: Sinistcha
|-boost|p1a: Sinistcha|spa|1
|-boost|p1a: Sinistcha|spd|1
|
|-heal|p2a: Kingambit|73/100 brn|[from] item: Leftovers
|-damage|p2a: Kingambit|67/100 brn|[from] brn
|upkeep
|turn|7
|
|t:|1758341814
|move|p2a: Kingambit|Iron Head|p1a: Sinistcha
|-damage|p1a: Sinistcha|12/100
|move|p1a: Sinistcha|Strength Sap|p2a: Kingambit
|-unboost|p2a: Kingambit|atk|1
|-heal|p1a: Sinistcha|100/100
|
|-heal|p2a: Kingambit|73/100 brn|[from] item: Leftovers
|-damage|p2a: Kingambit|67/100 brn|[from] brn
|upkeep
|turn|8
|
|t:|1758341821
|move|p2a: Kingambit|Swords Dance|p2a: Kingambit
|-boost|p2a: Kingambit|atk|2
|move|p1a: Sinistcha|Calm Mind|p1a: Sinistcha
|-boost|p1a: Sinistcha|spa|1
|-boost|p1a: Sinistcha|spd|1
|
|-heal|p2a: Kingambit|73/100 brn|[from] item: Leftovers
|-damage|p2a: Kingambit|67/100 brn|[from] brn
|upkeep
|turn|9
|
|t:|1758341827
|move|p2a: Kingambit|Iron Head|p1a: Sinistcha
|-damage|p1a: Sinistcha|46/100
|move|p1a: Sinistcha|Strength Sap|p2a: Kingambit
|-unboost|p2a: Kingambit|atk|1
|-heal|p1a: Sinistcha|100/100
|
|-heal|p2a: Kingambit|73/100 brn|[from] item: Leftovers
|-damage|p2a: Kingambit|67/100 brn|[from] brn
|upkeep
|turn|10
|l| tsubaki-tt
|
|t:|1758341834
|move|p2a: Kingambit|Swords Dance|p2a: Kingambit
|-boost|p2a: Kingambit|atk|2
|move|p1a: Sinistcha|Calm Mind|p1a: Sinistcha
|-boost|p1a: Sinistcha|spa|1
|-boost|p1a: Sinistcha|spd|1
|
|-heal|p2a: Kingambit|73/100 brn|[from] item: Leftovers
|-damage|p2a: Kingambit|67/100 brn|[from] brn
|upkeep
|turn|11
|j| nesnot
|
|t:|1758341841
|move|p2a: Kingambit|Iron Head|p1a: Sinistcha
|-damage|p1a: Sinistcha|46/100
|move|p1a: Sinistcha|Strength Sap|p2a: Kingambit
|-unboost|p2a: Kingambit|atk|1
|-heal|p1a: Sinistcha|100/100
|
|-heal|p2a: Kingambit|73/100 brn|[from] item: Leftovers
|-damage|p2a: Kingambit|67/100 brn|[from] brn
|upkeep
|turn|12
|
|t:|1758341848
|move|p2a: Kingambit|Iron Head|p1a: Sinistcha
|-damage|p1a: Sinistcha|46/100
|cant|p1a: Sinistcha|flinch
|
|-heal|p2a: Kingambit|73/100 brn|[from] item: Leftovers
|-damage|p2a: Kingambit|67/100 brn|[from] brn
|upkeep
|turn|13
|
|t:|1758341854
|switch|p1a: Alomomola|Alomomola, F, shiny|100/100
|move|p2a: Kingambit|Iron Head|p1a: Alomomola
|-resisted|p1a: Alomomola
|-damage|p1a: Alomomola|75/100
|-damage|p2a: Kingambit|50/100 brn|[from] item: Rocky Helmet|[of] p1a: Alomomola
|
|-heal|p2a: Kingambit|57/100 brn|[from] item: Leftovers
|-damage|p2a: Kingambit|50/100 brn|[from] brn
|upkeep
|turn|14
|
|t:|1758341865
|move|p2a: Kingambit|Swords Dance|p2a: Kingambit
|-boost|p2a: Kingambit|atk|1
|move|p1a: Alomomola|Wish|p1a: Alomomola
|
|-heal|p2a: Kingambit|57/100 brn|[from] item: Leftovers
|-damage|p2a: Kingambit|50/100 brn|[from] brn
|upkeep
|turn|15
|
|t:|1758341872
|-end|p2a: Kingambit|fallenundefined|[silent]
|switch|p2a: Ogerpon|Ogerpon-Wellspring, F|100/100
|move|p1a: Alomomola|Flip Turn|p2a: Ogerpon
|-immune|p2a: Ogerpon|[from] ability: Water Absorb
|
|-heal|p1a: Alomomola|100/100|[from] move: Wish|[wisher] Alomomola
|upkeep
|turn|16
|
|t:|1758341878
|move|p2a: Ogerpon|Power Whip|p1a: Alomomola|[miss]
|-miss|p2a: Ogerpon|p1a: Alomomola
|move|p1a: Alomomola|Wish|p1a: Alomomola
|
|upkeep
|turn|17
|
|t:|1758341884
|switch|p1a: Sinistcha|Sinistcha, shiny|46/100
|move|p2a: Ogerpon|Knock Off|p1a: Sinistcha
|-supereffective|p1a: Sinistcha
|-enditem|p1a: Sinistcha|Colbur Berry|[eat]
|-enditem|p1a: Sinistcha|Colbur Berry|[weaken]
|-damage|p1a: Sinistcha|19/100
|
|-heal|p1a: Sinistcha|96/100|[from] move: Wish|[wisher] Alomomola
|upkeep
|turn|18
|
|t:|1758341895
|move|p2a: Ogerpon|U-turn|p1a: Sinistcha
|-damage|p1a: Sinistcha|79/100
|
|t:|1758341901
|switch|p2a: Moltres|Moltres|100/100|[from] U-turn
|move|p1a: Sinistcha|Shadow Ball|p2a: Moltres
|-damage|p2a: Moltres|68/100
|
|upkeep
|turn|19
|
|t:|1758341908
|switch|p1a: Alomomola|Alomomola, F, shiny|100/100
|move|p2a: Moltres|Roost|p2a: Moltres
|-heal|p2a: Moltres|100/100
|-singleturn|p2a: Moltres|move: Roost
|
|upkeep
|turn|20
|
|t:|1758341915
|switch|p2a: Ogerpon|Ogerpon-Wellspring, F|100/100
|move|p1a: Alomomola|Body Slam|p2a: Ogerpon
|-damage|p2a: Ogerpon|80/100
|
|upkeep
|turn|21
|
|t:|1758341924
|switch|p1a: Sinistcha|Sinistcha, shiny|79/100
|move|p2a: Ogerpon|Power Whip|p1a: Sinistcha
|-resisted|p1a: Sinistcha
|-damage|p1a: Sinistcha|55/100
|
|upkeep
|turn|22
|
|t:|1758341930
|move|p2a: Ogerpon|U-turn|p1a: Sinistcha
|-damage|p1a: Sinistcha|36/100
|l| nesnot
|
|t:|1758341937
|switch|p2a: Slowking|Slowking-Galar, F|100/100|[from] U-turn
|move|p1a: Sinistcha|Strength Sap|p2a: Slowking
|-unboost|p2a: Slowking|atk|1
|-heal|p1a: Sinistcha|71/100
|
|upkeep
|turn|23
|
|t:|1758341944
|switch|p1a: Mamoswine|Mamoswine, F|100/100
|move|p2a: Slowking|Sludge Bomb|p1a: Mamoswine
|-resisted|p1a: Mamoswine
|-damage|p1a: Mamoswine|75/100
|-status|p1a: Mamoswine|psn
|
|-damage|p1a: Mamoswine|62/100 psn|[from] psn
|upkeep
|turn|24
|
|t:|1758341953
|switch|p2a: Moltres|Moltres|100/100
|move|p1a: Mamoswine|Icicle Crash|p2a: Moltres
|-damage|p2a: Moltres|47/100
|
|-damage|p1a: Mamoswine|50/100 psn|[from] psn
|upkeep
|turn|25
|
|t:|1758341960
|switch|p1a: Alomomola|Alomomola, F, shiny|100/100
|move|p2a: Moltres|Roost|p2a: Moltres
|-heal|p2a: Moltres|97/100
|-singleturn|p2a: Moltres|move: Roost
|
|upkeep
|turn|26
|
|t:|1758341967
|move|p2a: Moltres|Flamethrower|p1a: Alomomola
|-resisted|p1a: Alomomola
|-damage|p1a: Alomomola|83/100
|-status|p1a: Alomomola|brn
|move|p1a: Alomomola|Body Slam|p2a: Moltres
|-damage|p2a: Moltres|92/100
|
|-damage|p1a: Alomomola|77/100 brn|[from] brn
|upkeep
|turn|27
|j| Frank Ocean Fanboy
|
|t:|1758341978
|move|p2a: Moltres|U-turn|p1a: Alomomola
|-damage|p1a: Alomomola|68/100 brn
|-damage|p2a: Moltres|75/100|[from] item: Rocky Helmet|[of] p1a: Alomomola
|
|t:|1758341986
|switch|p2a: Great Tusk|Great Tusk|100/100|[from] U-turn
|move|p1a: Alomomola|Wish|p1a: Alomomola
|
|-damage|p1a: Alomomola|62/100 brn|[from] brn
|upkeep
|turn|28
|
|t:|1758341993
|switch|p1a: Sinistcha|Sinistcha, shiny|71/100
|move|p2a: Great Tusk|Stealth Rock|p1a: Sinistcha
|-sidestart|p1: eros maniac|move: Stealth Rock
|
|-heal|p1a: Sinistcha|100/100|[from] move: Wish|[wisher] Alomomola
|upkeep
|turn|29
|
|t:|1758341999
|-end|p2a: Great Tusk|Protosynthesis|[silent]
|switch|p2a: Moltres|Moltres|75/100
|move|p1a: Sinistcha|Calm Mind|p1a: Sinistcha
|-boost|p1a: Sinistcha|spa|1
|-boost|p1a: Sinistcha|spd|1
|
|upkeep
|turn|30
|
|t:|1758342006
|move|p1a: Sinistcha|Shadow Ball|p2a: Moltres
|-damage|p2a: Moltres|21/100
|-unboost|p2a: Moltres|spd|1
|move|p2a: Moltres|Roar|p1a: Sinistcha
|drag|p1a: Mamoswine|Mamoswine, F|50/100 psn
|-damage|p1a: Mamoswine|38/100 psn|[from] Stealth Rock
|
|-damage|p1a: Mamoswine|25/100 psn|[from] psn
|upkeep
|turn|31
|
|t:|1758342014
|switch|p2a: Kingambit|Kingambit, M|50/100 brn
|move|p1a: Mamoswine|Earthquake|p2a: Kingambit
|-supereffective|p2a: Kingambit
|-damage|p2a: Kingambit|0 fnt
|faint|p2a: Kingambit
|-end|p2a: Kingambit|fallenundefined|[silent]
|
|-damage|p1a: Mamoswine|13/100 psn|[from] psn
|upkeep
|
|t:|1758342021
|switch|p2a: Ogerpon|Ogerpon-Wellspring, F|80/100
|turn|32
|j| nesnot
|
|t:|1758342027
|switch|p2a: Moltres|Moltres|21/100
|switch|p1a: Weezing|Weezing-Galar, M|100/100
|-ability|p1a: Weezing|Neutralizing Gas
|-damage|p1a: Weezing|88/100|[from] Stealth Rock
|
|upkeep
|turn|33
|
|t:|1758342034
|move|p2a: Moltres|Flamethrower|p1a: Weezing
|-damage|p1a: Weezing|38/100
|move|p1a: Weezing|Defog|p2a: Moltres
|-unboost|p2a: Moltres|evasion|1
|-sideend|p1: eros maniac|Stealth Rock|[from] move: Defog|[of] p1a: Weezing
|
|upkeep
|turn|34
|l|☆eros maniac
|inactive|eros maniac disconnected and has a minute to reconnect!
|player|p1|
|j|☆eros maniac
|inactive|eros maniac reconnected and has 115 seconds left.
|player|p1|eros maniac|1|
|
|t:|1758342079
|-end|p1a: Weezing|ability: Neutralizing Gas
|switch|p1a: Alomomola|Alomomola, F, shiny|95/100 brn
|move|p2a: Moltres|Roost|p2a: Moltres
|-heal|p2a: Moltres|72/100
|-singleturn|p2a: Moltres|move: Roost
|
|-damage|p1a: Alomomola|89/100 brn|[from] brn
|upkeep
|turn|35
|
|t:|1758342091
|move|p2a: Moltres|Roost|p2a: Moltres
|-heal|p2a: Moltres|100/100
|-singleturn|p2a: Moltres|move: Roost
|move|p1a: Alomomola|Body Slam|p2a: Moltres
|-damage|p2a: Moltres|96/100
|
|-damage|p1a: Alomomola|83/100 brn|[from] brn
|upkeep
|turn|36
|
|t:|1758342100
|move|p2a: Moltres|Flamethrower|p1a: Alomomola
|-resisted|p1a: Alomomola
|-damage|p1a: Alomomola|67/100 brn
|move|p1a: Alomomola|Wish|p1a: Alomomola
|
|-damage|p1a: Alomomola|60/100 brn|[from] brn
|upkeep
|turn|37
|
|t:|1758342109
|move|p2a: Moltres|Flamethrower|p1a: Alomomola
|-resisted|p1a: Alomomola
|-damage|p1a: Alomomola|44/100 brn
|move|p1a: Alomomola|Body Slam|p2a: Moltres
|-crit|p2a: Moltres
|-damage|p2a: Moltres|87/100
|
|-heal|p1a: Alomomola|94/100 brn|[from] move: Wish|[wisher] Alomomola
|-damage|p1a: Alomomola|88/100 brn|[from] brn
|upkeep
|turn|38
|
|t:|1758342119
|move|p2a: Moltres|Roost|p2a: Moltres
|-heal|p2a: Moltres|100/100
|-singleturn|p2a: Moltres|move: Roost
|move|p1a: Alomomola|Wish|p1a: Alomomola
|
|-damage|p1a: Alomomola|82/100 brn|[from] brn
|upkeep
|turn|39
|
|t:|1758342126
|move|p2a: Moltres|U-turn|p1a: Alomomola
|-damage|p1a: Alomomola|73/100 brn
|-damage|p2a: Moltres|84/100|[from] item: Rocky Helmet|[of] p1a: Alomomola
|
|t:|1758342134
|switch|p2a: Ogerpon|Ogerpon-Wellspring, F|80/100|[from] U-turn
|move|p1a: Alomomola|Flip Turn|p2a: Ogerpon
|-heal|p2a: Ogerpon|100/100|[from] ability: Water Absorb|[of] p1a: Alomomola
|
|-heal|p1a: Alomomola|100/100 brn|[from] move: Wish|[wisher] Alomomola
|-damage|p1a: Alomomola|94/100 brn|[from] brn
|upkeep
|turn|40
|
|t:|1758342141
|switch|p1a: Sinistcha|Sinistcha, shiny|100/100
|move|p2a: Ogerpon|Power Whip|p1a: Sinistcha
|-resisted|p1a: Sinistcha
|-damage|p1a: Sinistcha|78/100
|
|upkeep
|turn|41
|
|t:|1758342150
|move|p2a: Ogerpon|U-turn|p1a: Sinistcha
|-damage|p1a: Sinistcha|58/100
|l| nesnot
|j| ssaasas
|
|t:|1758342157
|switch|p2a: Slowking|Slowking-Galar, F|100/100|[from] U-turn
|move|p1a: Sinistcha|Calm Mind|p1a: Sinistcha
|-boost|p1a: Sinistcha|spa|1
|-boost|p1a: Sinistcha|spd|1
|
|upkeep
|turn|42
|
|t:|1758342163
|move|p1a: Sinistcha|Shadow Ball|p2a: Slowking
|-supereffective|p2a: Slowking
|-damage|p2a: Slowking|50/100
|-unboost|p2a: Slowking|spd|1
|move|p2a: Slowking|Ice Beam|p1a: Sinistcha
|-supereffective|p1a: Sinistcha
|-damage|p1a: Sinistcha|17/100
|
|upkeep
|turn|43
|
|t:|1758342171
|move|p1a: Sinistcha|Shadow Ball|p2a: Slowking
|-supereffective|p2a: Slowking
|-damage|p2a: Slowking|0 fnt
|faint|p2a: Slowking
|
|upkeep
|l| ssaasas
|
|t:|1758342177
|switch|p2a: Ogerpon|Ogerpon-Wellspring, F|100/100
|turn|44
|
|t:|1758342184
|switch|p1a: Mamoswine|Mamoswine, F|13/100 psn
|move|p2a: Ogerpon|Ivy Cudgel|p1a: Mamoswine|[anim] Ivy Cudgel Water
|-supereffective|p1a: Mamoswine
|-damage|p1a: Mamoswine|0 fnt
|faint|p1a: Mamoswine
|
|upkeep
|
|t:|1758342186
|switch|p1a: Maushold|Maushold-Four|100/100
|turn|45
|
|t:|1758342194
|switch|p2a: Dragapult|Dragapult, F|100/100
|move|p1a: Maushold|Tidy Up|p1a: Maushold
|-boost|p1a: Maushold|atk|1
|-boost|p1a: Maushold|spe|1
|
|upkeep
|turn|46
|
|t:|1758342200
|move|p1a: Maushold|Beat Up|p2a: Dragapult
|-supereffective|p2a: Dragapult
|-damage|p2a: Dragapult|81/100
|-supereffective|p2a: Dragapult
|-damage|p2a: Dragapult|59/100
|-supereffective|p2a: Dragapult
|-damage|p2a: Dragapult|44/100
|-supereffective|p2a: Dragapult
|-damage|p2a: Dragapult|29/100
|-hitcount|p2a: Dragapult|4
|move|p2a: Dragapult|Dragon Darts|p1a: Maushold
|-damage|p1a: Maushold|64/100
|-anim|p2a: Dragapult|Dragon Darts|p1a: Maushold
|-damage|p1a: Maushold|33/100
|
|upkeep
|turn|47
|
|t:|1758342214
|move|p1a: Maushold|Beat Up|p2a: Dragapult
|-supereffective|p2a: Dragapult
|-damage|p2a: Dragapult|11/100
|-supereffective|p2a: Dragapult
|-damage|p2a: Dragapult|0 fnt
|faint|p2a: Dragapult
|-hitcount|p2: Dragapult|2
|
|upkeep
|l| Frank Ocean Fanboy
|
|t:|1758342223
|switch|p2a: Great Tusk|Great Tusk|100/100
|turn|48
|j| FaronAan
|
|t:|1758342229
|-terastallize|p2a: Great Tusk|Steel
|move|p1a: Maushold|Population Bomb|p2a: Great Tusk
|-resisted|p2a: Great Tusk
|-damage|p2a: Great Tusk|95/100
|-damage|p1a: Maushold|16/100|[from] item: Rocky Helmet|[of] p2a: Great Tusk
|-resisted|p2a: Great Tusk
|-damage|p2a: Great Tusk|89/100
|-damage|p1a: Maushold|0 fnt|[from] item: Rocky Helmet|[of] p2a: Great Tusk
|faint|p1a: Maushold
|-hitcount|p2a: Great Tusk|2
|move|p2a: Great Tusk|Headlong Rush|p1: Maushold|[notarget]
|-fail|p2a: Great Tusk
|
|upkeep
|
|t:|1758342233
|switch|p1a: Alomomola|Alomomola, F, shiny|100/100 brn
|turn|49
|
|t:|1758342239
|-end|p2a: Great Tusk|Protosynthesis|[silent]
|switch|p2a: Ogerpon|Ogerpon-Wellspring, F|100/100
|move|p1a: Alomomola|Healing Wish|p1a: Alomomola
|faint|p1a: Alomomola
|
|upkeep
|
|t:|1758342245
|switch|p1a: Sinistcha|Sinistcha, shiny|17/100
|-heal|p1a: Sinistcha|100/100|[from] move: Healing Wish
|turn|50
|
|t:|1758342251
|move|p2a: Ogerpon|U-turn|p1a: Sinistcha
|-damage|p1a: Sinistcha|82/100
|
|t:|1758342258
|switch|p2a: Moltres|Moltres|84/100|[from] U-turn
|move|p1a: Sinistcha|Calm Mind|p1a: Sinistcha
|-boost|p1a: Sinistcha|spa|1
|-boost|p1a: Sinistcha|spd|1
|
|upkeep
|turn|51
|
|t:|1758342265
|move|p1a: Sinistcha|Shadow Ball|p2a: Moltres
|-damage|p2a: Moltres|31/100
|move|p2a: Moltres|Roar|p1a: Sinistcha
|drag|p1a: Weezing|Weezing-Galar, M|38/100
|-ability|p1a: Weezing|Neutralizing Gas
|
|upkeep
|turn|52
|
|t:|1758342271
|move|p2a: Moltres|U-turn|p1a: Weezing
|-resisted|p1a: Weezing
|-damage|p1a: Weezing|36/100
|
|t:|1758342280
|switch|p2a: Ogerpon|Ogerpon-Wellspring, F|100/100|[from] U-turn
|move|p1a: Weezing|Toxic|p2a: Ogerpon
|-status|p2a: Ogerpon|tox
|
|-damage|p2a: Ogerpon|95/100 tox|[from] psn
|upkeep
|turn|53
|
|t:|1758342286
|move|p2a: Ogerpon|U-turn|p1a: Weezing
|-resisted|p1a: Weezing
|-damage|p1a: Weezing|31/100
|
|t:|1758342294
|switch|p2a: Great Tusk|Great Tusk, tera:Steel|89/100|[from] U-turn
|move|p1a: Weezing|Strange Steam|p2a: Great Tusk
|-resisted|p2a: Great Tusk
|-damage|p2a: Great Tusk|70/100
|
|upkeep
|turn|54
|
|t:|1758342303
|-end|p2a: Great Tusk|Protosynthesis|[silent]
|switch|p2a: Moltres|Moltres|31/100
|move|p1a: Weezing|Pain Split|p2a: Moltres
|-sethp|p2a: Moltres|29/100|[from] move: Pain Split|[silent]
|-sethp|p1a: Weezing|33/100|[from] move: Pain Split
|
|upkeep
|turn|55
|
|t:|1758342309
|move|p2a: Moltres|Flamethrower|p1a: Weezing
|-damage|p1a: Weezing|0 fnt
|faint|p1a: Weezing
|-end|p1a: Weezing|ability: Neutralizing Gas
|
|upkeep
|
|t:|1758342318
|switch|p1a: Frosmoth|Frosmoth, F, shiny|100/100
|turn|56
|
|t:|1758342324
|move|p1a: Frosmoth|Quiver Dance|p1a: Frosmoth
|-boost|p1a: Frosmoth|spa|1
|-boost|p1a: Frosmoth|spd|1
|-boost|p1a: Frosmoth|spe|1
|move|p2a: Moltres|Roar|p1a: Frosmoth
|drag|p1a: Sinistcha|Sinistcha, shiny|82/100
|
|upkeep
|turn|57
|
|t:|1758342331
|switch|p1a: Frosmoth|Frosmoth, F, shiny|100/100
|move|p2a: Moltres|Roost|p2a: Moltres
|-heal|p2a: Moltres|79/100
|-singleturn|p2a: Moltres|move: Roost
|
|upkeep
|turn|58
|j| nesnot
|
|t:|1758342338
|move|p2a: Moltres|U-turn|p1a: Frosmoth
|-damage|p1a: Frosmoth|78/100
|
|t:|1758342347
|switch|p2a: Great Tusk|Great Tusk, tera:Steel|70/100|[from] U-turn
|move|p1a: Frosmoth|Quiver Dance|p1a: Frosmoth
|-boost|p1a: Frosmoth|spa|1
|-boost|p1a: Frosmoth|spd|1
|-boost|p1a: Frosmoth|spe|1
|
|-heal|p1a: Frosmoth|85/100|[from] item: Leftovers
|upkeep
|turn|59
|
|t:|1758342354
|move|p2a: Great Tusk|Rapid Spin|p1a: Frosmoth
|-damage|p1a: Frosmoth|57/100
|-boost|p2a: Great Tusk|spe|1
|move|p1a: Frosmoth|Quiver Dance|p1a: Frosmoth
|-boost|p1a: Frosmoth|spa|1
|-boost|p1a: Frosmoth|spd|1
|-boost|p1a: Frosmoth|spe|1
|
|-heal|p1a: Frosmoth|63/100|[from] item: Leftovers
|upkeep
|turn|60
|
|t:|1758342362
|move|p2a: Great Tusk|Rapid Spin|p1a: Frosmoth
|-damage|p1a: Frosmoth|37/100
|-boost|p2a: Great Tusk|spe|1
|move|p1a: Frosmoth|Quiver Dance|p1a: Frosmoth
|-boost|p1a: Frosmoth|spa|1
|-boost|p1a: Frosmoth|spd|1
|-boost|p1a: Frosmoth|spe|1
|
|-heal|p1a: Frosmoth|43/100|[from] item: Leftovers
|upkeep
|turn|61
|
|t:|1758342370
|move|p2a: Great Tusk|Headlong Rush|p1a: Frosmoth
|-resisted|p1a: Frosmoth
|-damage|p1a: Frosmoth|0 fnt
|-unboost|p2a: Great Tusk|def|1
|-unboost|p2a: Great Tusk|spd|1
|faint|p1a: Frosmoth
|
|upkeep
|
|t:|1758342372
|switch|p1a: Sinistcha|Sinistcha, shiny|82/100
|turn|62
|
|t:|1758342379
|move|p2a: Great Tusk|Ice Spinner|p1a: Sinistcha
|-supereffective|p1a: Sinistcha
|-damage|p1a: Sinistcha|42/100
|move|p1a: Sinistcha|Calm Mind|p1a: Sinistcha
|-boost|p1a: Sinistcha|spa|1
|-boost|p1a: Sinistcha|spd|1
|
|upkeep
|turn|63
|
|t:|1758342386
|move|p2a: Great Tusk|Ice Spinner|p1a: Sinistcha
|-supereffective|p1a: Sinistcha
|-damage|p1a: Sinistcha|7/100
|move|p1a: Sinistcha|Strength Sap|p2a: Great Tusk
|-unboost|p2a: Great Tusk|atk|1
|-heal|p1a: Sinistcha|100/100
|
|upkeep
|turn|64
|
|t:|1758342392
|-end|p2a: Great Tusk|Protosynthesis|[silent]
|switch|p2a: Moltres|Moltres|79/100
|move|p1a: Sinistcha|Calm Mind|p1a: Sinistcha
|-boost|p1a: Sinistcha|spa|1
|-boost|p1a: Sinistcha|spd|1
|
|upkeep
|turn|65
|
|t:|1758342399
|move|p2a: Moltres|U-turn|p1a: Sinistcha
|-crit|p1a: Sinistcha
|-damage|p1a: Sinistcha|87/100
|l| amefurikoneko
|
|t:|1758342406
|switch|p2a: Ogerpon|Ogerpon-Wellspring, F|95/100 tox|[from] U-turn
|move|p1a: Sinistcha|Shadow Ball|p2a: Ogerpon
|-damage|p2a: Ogerpon|24/100 tox
|
|-damage|p2a: Ogerpon|18/100 tox|[from] psn
|upkeep
|turn|66
|
|t:|1758342412
|move|p2a: Ogerpon|Knock Off|p1a: Sinistcha
|-supereffective|p1a: Sinistcha
|-damage|p1a: Sinistcha|53/100
|move|p1a: Sinistcha|Strength Sap|p2a: Ogerpon
|-unboost|p2a: Ogerpon|atk|1
|-heal|p1a: Sinistcha|100/100
|
|-damage|p2a: Ogerpon|6/100 tox|[from] psn
|upkeep
|turn|67
|
|t:|1758342419
|move|p2a: Ogerpon|U-turn|p1a: Sinistcha
|-damage|p1a: Sinistcha|88/100
|
|t:|1758342426
|switch|p2a: Moltres|Moltres|79/100|[from] U-turn
|move|p1a: Sinistcha|Strength Sap|p2a: Moltres
|-unboost|p2a: Moltres|atk|1
|-heal|p1a: Sinistcha|100/100
|
|upkeep
|turn|68
|
|t:|1758342432
|move|p2a: Moltres|Flamethrower|p1a: Sinistcha
|-supereffective|p1a: Sinistcha
|-damage|p1a: Sinistcha|78/100
|-status|p1a: Sinistcha|brn
|move|p1a: Sinistcha|Shadow Ball|p2a: Moltres
|-damage|p2a: Moltres|8/100
|-unboost|p2a: Moltres|spd|1
|
|-damage|p1a: Sinistcha|75/100 brn|[from] brn
|upkeep
|turn|69
|
|t:|1758342440
|move|p2a: Moltres|U-turn|p1a: Sinistcha
|-damage|p1a: Sinistcha|69/100 brn
|
|t:|1758342446
|switch|p2a: Great Tusk|Great Tusk, tera:Steel|70/100|[from] U-turn
|move|p1a: Sinistcha|Shadow Ball|p2a: Great Tusk
|-damage|p2a: Great Tusk|0 fnt
|faint|p2a: Great Tusk
|-end|p2a: Great Tusk|Protosynthesis|[silent]
|
|-damage|p1a: Sinistcha|66/100 brn|[from] brn
|upkeep
|
|t:|1758342452
|switch|p2a: Ogerpon|Ogerpon-Wellspring, F|6/100 tox
|turn|70
|
|t:|1758342458
|move|p2a: Ogerpon|Knock Off|p1a: Sinistcha
|-supereffective|p1a: Sinistcha
|-damage|p1a: Sinistcha|33/100 brn
|move|p1a: Sinistcha|Strength Sap|p2a: Ogerpon
|-unboost|p2a: Ogerpon|atk|1
|-heal|p1a: Sinistcha|100/100 brn
|
|-damage|p2a: Ogerpon|0 fnt|[from] psn
|faint|p2a: Ogerpon
|-damage|p1a: Sinistcha|98/100 brn|[from] brn
|upkeep
|
|t:|1758342464
|switch|p2a: Moltres|Moltres|8/100
|turn|71
|
|t:|1758342467
|move|p2a: Moltres|Roost|p2a: Moltres
|-heal|p2a: Moltres|58/100
|-singleturn|p2a: Moltres|move: Roost
|move|p1a: Sinistcha|Shadow Ball|p2a: Moltres
|-damage|p2a: Moltres|0 fnt
|faint|p2a: Moltres
|
|win|eros maniac
|raw|eros maniac's rating: 1769 &rarr; <strong>1794</strong><br />(+25 for winning)
|raw|sunny dancing's rating: 1860 &rarr; <strong>1835</strong><br />(-25 for losing)
|l|☆sunny dancing
|player|p2|
|l|☆eros maniac
|player|p1|
|l| Hereisausername
|l| FaronAan
|l| king of spycrabs
|l| nesnot
|j| nesnot
|l| nesnot
