|j|☆Cchronos
|j|☆e3720
|t:|1758341913
|gametype|singles
|player|p1|Cchronos|clerk|1569
|player|p2|e3720|102|1709
|gen|9
|tier|[Gen 9] OU
|rated|
|rule|HP Percentage Mod: HP is shown in percentages
|rule|Endless Battle Clause: Forcing endless battles is banned
|rule|Species Clause: Limit one of each Pokémon
|rule|OHKO Clause: OHKO moves are banned
|rule|Evasion Items Clause: Evasion items are banned
|rule|Evasion Moves Clause: Evasion moves are banned
|rule|Evasion Abilities Clause: Evasion abilities are banned
|rule|Sleep Moves Clause: Sleep-inducing moves are banned
|clearpoke
|poke|p1|Iron Valiant|
|poke|p1|Gliscor, F|
|poke|p1|Gholdengo|
|poke|p1|Zamazenta-*|
|poke|p1|Great Tusk|
|poke|p1|Dragonite, M|
|poke|p2|Pincurchin, F|
|poke|p2|Iron Treads|
|poke|p2|Hawlucha, M|
|poke|p2|Pecharunt|
|poke|p2|Iron Valiant|
|poke|p2|Raging Bolt|
|teampreview
|
|t:|1758341958
|teamsize|p1|6
|teamsize|p2|6
|start
|switch|p1a: Great Tusk|Great Tusk|100/100
|switch|p2a: Iron Valiant|Iron Valiant|100/100
|-enditem|p1a: Great Tusk|Booster Energy
|-activate|p1a: Great Tusk|ability: Protosynthesis|[fromitem]
|-start|p1a: Great Tusk|protosynthesisatk
|turn|1
|
|t:|1758341981
|-terastallize|p1a: Great Tusk|Fire
|move|p2a: Iron Valiant|Knock Off|p1a: Great Tusk
|-damage|p1a: Great Tusk|85/100
|move|p1a: Great Tusk|Rapid Spin|p2a: Iron Valiant
|-damage|p2a: Iron Valiant|74/100
|-boost|p1a: Great Tusk|spe|1
|
|upkeep
|turn|2
|
|t:|1758341997
|-end|p2a: Iron Valiant|Quark Drive|[silent]
|switch|p2a: Pecharunt|Pecharunt|100/100
|-item|p2a: Pecharunt|Air Balloon
|move|p1a: Great Tusk|Headlong Rush|p2a: Pecharunt
|-immune|p2a: Pecharunt
|
|upkeep
|turn|3
|
|t:|1758342020
|move|p1a: Great Tusk|Ice Spinner|p2a: Pecharunt
|-damage|p2a: Pecharunt|76/100
|-enditem|p2a: Pecharunt|Air Balloon
|move|p2a: Pecharunt|Malignant Chain|p1a: Great Tusk
|-damage|p1a: Great Tusk|30/100
|
|upkeep
|turn|4
|
|t:|1758342033
|switch|p2a: Iron Treads|Iron Treads|100/100
|-item|p2a: Iron Treads|Air Balloon
|move|p1a: Great Tusk|Headlong Rush|p2a: Iron Treads
|-immune|p2a: Iron Treads
|
|upkeep
|turn|5
|
|t:|1758342054
|move|p1a: Great Tusk|Stealth Rock|p2a: Iron Treads
|-sidestart|p2: e3720|move: Stealth Rock
|move|p2a: Iron Treads|Earth Power|p1a: Great Tusk
|-supereffective|p1a: Great Tusk
|-damage|p1a: Great Tusk|0 fnt
|faint|p1a: Great Tusk
|-end|p1a: Great Tusk|Protosynthesis|[silent]
|
|upkeep
|
|t:|1758342071
|switch|p1a: Gliscor|Gliscor, F|100/100
|turn|6
|
|t:|1758342085
|move|p2a: Iron Treads|Stealth Rock|p1a: Gliscor
|-sidestart|p1: Cchronos|move: Stealth Rock
|move|p1a: Gliscor|Knock Off|p2a: Iron Treads
|-damage|p2a: Iron Treads|79/100
|-enditem|p2a: Iron Treads|Air Balloon
|
|-status|p1a: Gliscor|tox|[from] item: Toxic Orb
|upkeep
|turn|7
|
|t:|1758342093
|switch|p1a: Gholdengo|Gholdengo|100/100
|-damage|p1a: Gholdengo|94/100|[from] Stealth Rock
|move|p2a: Iron Treads|Rapid Spin|p1a: Gholdengo
|-immune|p1a: Gholdengo
|
|upkeep
|turn|8
|
|t:|1758342113
|move|p1a: Gholdengo|Shadow Ball|p2a: Iron Treads
|-damage|p2a: Iron Treads|23/100
|-unboost|p2a: Iron Treads|spd|1
|move|p2a: Iron Treads|Earth Power|p1a: Gholdengo
|-supereffective|p1a: Gholdengo
|-damage|p1a: Gholdengo|11/100
|
|upkeep
|turn|9
|
|t:|1758342142
|-end|p2a: Iron Treads|Quark Drive|[silent]
|switch|p2a: Pincurchin|Pincurchin, F|100/100
|-damage|p2a: Pincurchin|88/100|[from] Stealth Rock
|-fieldstart|move: Electric Terrain|[from] ability: Electric Surge|[of] p2a: Pincurchin
|move|p1a: Gholdengo|Shadow Ball|p2a: Pincurchin
|-damage|p2a: Pincurchin|37/100
|-unboost|p2a: Pincurchin|spd|1
|
|upkeep
|turn|10
|
|t:|1758342153
|switch|p2a: Iron Treads|Iron Treads|23/100
|-damage|p2a: Iron Treads|20/100|[from] Stealth Rock
|-activate|p2a: Iron Treads|ability: Quark Drive
|-start|p2a: Iron Treads|quarkdrivespe
|move|p1a: Gholdengo|Shadow Ball|p2a: Iron Treads
|-damage|p2a: Iron Treads|0 fnt
|faint|p2a: Iron Treads
|-end|p2a: Iron Treads|Quark Drive|[silent]
|
|upkeep
|
|t:|1758342167
|switch|p2a: Iron Valiant|Iron Valiant|74/100
|-damage|p2a: Iron Valiant|67/100|[from] Stealth Rock
|-activate|p2a: Iron Valiant|ability: Quark Drive
|-start|p2a: Iron Valiant|quarkdrivespe
|turn|11
|
|t:|1758342179
|switch|p1a: Gliscor|Gliscor, F|100/100 tox
|-damage|p1a: Gliscor|88/100 tox|[from] Stealth Rock
|move|p2a: Iron Valiant|Knock Off|p1a: Gliscor
|-damage|p1a: Gliscor|61/100 tox
|-enditem|p1a: Gliscor|Toxic Orb|[from] move: Knock Off|[of] p2a: Iron Valiant
|
|-heal|p1a: Gliscor|74/100 tox|[from] ability: Poison Heal
|upkeep
|turn|12
|
|t:|1758342199
|move|p2a: Iron Valiant|Ice Punch|p1a: Gliscor
|-supereffective|p1a: Gliscor
|-crit|p1a: Gliscor
|-damage|p1a: Gliscor|0 fnt
|faint|p1a: Gliscor
|
|upkeep
|
|t:|1758342225
|switch|p1a: Iron Valiant|Iron Valiant|100/100
|-damage|p1a: Iron Valiant|94/100|[from] Stealth Rock
|-activate|p1a: Iron Valiant|ability: Quark Drive
|-start|p1a: Iron Valiant|quarkdrivespe
|turn|13
|
|t:|1758342316
|move|p2a: Iron Valiant|Close Combat|p1a: Iron Valiant
|-resisted|p1a: Iron Valiant
|-damage|p1a: Iron Valiant|57/100
|-unboost|p2a: Iron Valiant|def|1
|-unboost|p2a: Iron Valiant|spd|1
|move|p1a: Iron Valiant|Calm Mind|p1a: Iron Valiant
|-boost|p1a: Iron Valiant|spa|1
|-boost|p1a: Iron Valiant|spd|1
|
|upkeep
|turn|14
|
|t:|1758342351
|move|p2a: Iron Valiant|Close Combat|p1a: Iron Valiant
|-resisted|p1a: Iron Valiant
|-damage|p1a: Iron Valiant|18/100
|-unboost|p2a: Iron Valiant|def|1
|-unboost|p2a: Iron Valiant|spd|1
|move|p1a: Iron Valiant|Moonblast|p2a: Iron Valiant
|-supereffective|p2a: Iron Valiant
|-damage|p2a: Iron Valiant|0 fnt
|faint|p2a: Iron Valiant
|-end|p2a: Iron Valiant|Quark Drive|[silent]
|
|upkeep
|
|t:|1758342364
|switch|p2a: Hawlucha|Hawlucha, M|100/100
|-damage|p2a: Hawlucha|88/100|[from] Stealth Rock
|-enditem|p2a: Hawlucha|Electric Seed
|-boost|p2a: Hawlucha|def|1|[from] item: Electric Seed
|turn|15
|
|t:|1758342374
|move|p2a: Hawlucha|Acrobatics|p1a: Iron Valiant
|-supereffective|p1a: Iron Valiant
|-damage|p1a: Iron Valiant|0 fnt
|faint|p1a: Iron Valiant
|-end|p1a: Iron Valiant|Quark Drive|[silent]
|
|upkeep
|
|t:|1758342404
|switch|p1a: Gholdengo|Gholdengo|11/100
|-damage|p1a: Gholdengo|5/100|[from] Stealth Rock
|turn|16
|
|t:|1758342425
|move|p2a: Hawlucha|Acrobatics|p1a: Gholdengo
|-resisted|p1a: Gholdengo
|-damage|p1a: Gholdengo|0 fnt
|faint|p1a: Gholdengo
|
|-fieldend|move: Electric Terrain
|upkeep
|
|t:|1758342436
|switch|p1a: Dragonite|Dragonite, M|100/100
|turn|17
|
|t:|1758342441
|move|p2a: Hawlucha|Acrobatics|p1a: Dragonite
|-damage|p1a: Dragonite|74/100
|move|p1a: Dragonite|Encore|p2a: Hawlucha
|-start|p2a: Hawlucha|Encore
|
|upkeep
|turn|18
|
|t:|1758342448
|move|p2a: Hawlucha|Acrobatics|p1a: Dragonite
|-damage|p1a: Dragonite|14/100
|move|p1a: Dragonite|Dragon Dance|p1a: Dragonite
|-boost|p1a: Dragonite|atk|1
|-boost|p1a: Dragonite|spe|1
|
|upkeep
|turn|19
|-message|Cchronos forfeited.
|
|win|e3720
|raw|Cchronos's rating: 1569 &rarr; <strong>1557</strong><br />(-12 for losing)
|raw|e3720's rating: 1709 &rarr; <strong>1721</strong><br />(+12 for winning)
|l|☆Cchronos
|player|p1|
|l|☆e3720
|player|p2|
