|j|☆spamtongspamtondr
|j|☆BaldeRamas
|t:|1758248649
|gametype|singles
|player|p1|spamtongspamtondr|emmet|1169
|player|p2|BaldeRamas|pokemonranger-gen4|1177
|gen|9
|tier|[Gen 9] OU
|rated|
|rule|HP Percentage Mod: HP is shown in percentages
|rule|Endless Battle Clause: Forcing endless battles is banned
|rule|Species Clause: Limit one of each Pokémon
|rule|OHKO Clause: OHKO moves are banned
|rule|Evasion Items Clause: Evasion items are banned
|rule|Evasion Moves Clause: Evasion moves are banned
|rule|Evasion Abilities Clause: Evasion abilities are banned
|rule|Sleep Moves Clause: Sleep-inducing moves are banned
|clearpoke
|poke|p1|Kingambit, F|
|poke|p1|Weavile, M|
|poke|p1|Hydreigon, F|
|poke|p1|Lokix, M|
|poke|p1|Darkrai|
|poke|p1|Samurott-Hisui, F|
|poke|p2|Reuniclus, F|
|poke|p2|Hatterene, F|
|poke|p2|Ursaring, F|
|poke|p2|Scizor, F|
|poke|p2|Dusclops, F|
|poke|p2|Chandelure, M|
|teampreview
|inactive|Battle timer is ON: inactive players will automatically lose when time's up. (requested by spamtongspamtondr)
|c|☆spamtongspamtondr|NOWS YOURE CHANCE TO....OH [hyperlink blocked], THIS ROOM IS MADE TO TRICK M
|
|t:|1758248673
|teamsize|p1|6
|teamsize|p2|6
|start
|switch|p1a: The Pawn|Samurott-Hisui, F|100/100
|switch|p2a: Shadow Milk Cookie|Chandelure, M|100/100
|turn|1
|c|☆BaldeRamas|OMG Spamtom
|
|t:|1758248694
|move|p1a: The Pawn|Ceaseless Edge|p2a: Shadow Milk Cookie
|-supereffective|p2a: Shadow Milk Cookie
|-enditem|p2a: Shadow Milk Cookie|Focus Sash
|-damage|p2a: Shadow Milk Cookie|1/100
|-sidestart|p2: BaldeRamas|Spikes
|move|p2a: Shadow Milk Cookie|Trick Room|p2a: Shadow Milk Cookie
|-fieldstart|move: Trick Room|[of] p2a: Shadow Milk Cookie
|
|upkeep
|turn|2
|
|t:|1758248705
|switch|p2a: Idk why i choose u|Scizor, F|100/100
|-damage|p2a: Idk why i choose u|88/100|[from] Spikes
|move|p1a: The Pawn|Ceaseless Edge|p2a: Idk why i choose u
|-damage|p2a: Idk why i choose u|47/100
|-sidestart|p2: BaldeRamas|Spikes
|
|upkeep
|turn|3
|
|t:|1758248711
|move|p2a: Idk why i choose u|U-turn|p1a: The Pawn
|-supereffective|p1a: The Pawn
|-enditem|p1a: The Pawn|Focus Sash
|-damage|p1a: The Pawn|1/100
|
|t:|1758248723
|switch|p2a: Shadow Milk Cookie|Chandelure, M|1/100|[from] U-turn
|-damage|p2a: Shadow Milk Cookie|0 fnt|[from] Spikes
|faint|p2a: Shadow Milk Cookie
|move|p1a: The Pawn|Ceaseless Edge|p2: Shadow Milk Cookie|[notarget]
|-fail|p1a: The Pawn
|
|upkeep
|
|t:|1758248728
|switch|p2a: Idk why i choose u|Scizor, F|47/100
|-damage|p2a: Idk why i choose u|30/100|[from] Spikes
|turn|4
|
|t:|1758248732
|move|p2a: Idk why i choose u|U-turn|p1a: The Pawn
|-supereffective|p1a: The Pawn
|-damage|p1a: The Pawn|0 fnt
|faint|p1a: The Pawn
|
|t:|1758248735
|switch|p2a: Birthday Cake|Ursaring, F|100/100|[from] U-turn
|-damage|p2a: Birthday Cake|84/100|[from] Spikes
|
|-status|p2a: Birthday Cake|brn|[from] item: Flame Orb
|upkeep
|
|t:|1758248739
|switch|p1a: The Rook|Hydreigon, F|100/100
|turn|5
|
|t:|1758248745
|-terastallize|p1a: The Rook|Steel
|move|p2a: Birthday Cake|Facade|p1a: The Rook
|-resisted|p1a: The Rook
|-damage|p1a: The Rook|31/100
|move|p1a: The Rook|Draco Meteor|p2a: Birthday Cake|[miss]
|-miss|p1a: The Rook|p2a: Birthday Cake
|
|-damage|p2a: Birthday Cake|78/100 brn|[from] brn
|-fieldend|move: Trick Room
|upkeep
|turn|6
|c|☆spamtongspamtondr|HEY ROOK
|c|☆BaldeRamas|LOOL
|
|t:|1758248763
|switch|p2a: Weird tomato|Dusclops, F, shiny|100/100
|-damage|p2a: Weird tomato|84/100|[from] Spikes
|-item|p1a: The Rook|Scope Lens|[from] ability: Frisk|[of] p2a: Weird tomato
|move|p1a: The Rook|Draco Meteor|p2a: Weird tomato
|-damage|p2a: Weird tomato|52/100
|-unboost|p1a: The Rook|spa|2
|
|upkeep
|turn|7
|c|☆spamtongspamtondr|THE [meteors from heaven] DONT WORK....
|c|☆spamtongspamtondr|IF YOU DONT BLOODY HIT THEM!
|
|t:|1758248782
|move|p1a: The Rook|Focus Energy|p1a: The Rook
|-start|p1a: The Rook|move: Focus Energy
|move|p2a: Weird tomato|Trick Room|p2a: Weird tomato
|-fieldstart|move: Trick Room|[of] p2a: Weird tomato
|
|upkeep
|turn|8
|
|t:|1758248792
|move|p2a: Weird tomato|Night Shade|p1a: The Rook
|-damage|p1a: The Rook|0 fnt
|faint|p1a: The Rook
|
|upkeep
|
|t:|1758248795
|switch|p1a: The Knight|Lokix, M|100/100
|turn|9
|
|t:|1758248800
|move|p1a: The Knight|Sucker Punch||[still]
|-fail|p1a: The Knight
|move|p2a: Weird tomato|Will-O-Wisp|p1a: The Knight
|-status|p1a: The Knight|brn
|
|-damage|p1a: The Knight|94/100 brn|[from] brn
|upkeep
|turn|10
|
|t:|1758248811
|switch|p2a: Idk why i choose u|Scizor, F|30/100
|-damage|p2a: Idk why i choose u|14/100|[from] Spikes
|move|p1a: The Knight|U-turn|p2a: Idk why i choose u
|-resisted|p2a: Idk why i choose u
|-damage|p2a: Idk why i choose u|0 fnt
|faint|p2a: Idk why i choose u
|
|t:|1758248819
|switch|p1a: The King|Kingambit, F|100/100|[from] U-turn
|-activate|p1a: The King|ability: Supreme Overlord
|-start|p1a: The King|fallen2|[silent]
|-item|p1a: The King|Air Balloon
|
|upkeep
|
|t:|1758248831
|switch|p2a: Strellizia|Hatterene, F|100/100
|-damage|p2a: Strellizia|84/100|[from] Spikes
|turn|11
|
|t:|1758248849
|-terastallize|p2a: Strellizia|Psychic
|move|p2a: Strellizia|Dazzling Gleam|p1a: The King
|-damage|p1a: The King|57/100
|-enditem|p1a: The King|Air Balloon
|move|p1a: The King|Iron Head|p2a: Strellizia
|-damage|p2a: Strellizia|22/100
|-damage|p1a: The King|41/100|[from] item: Rocky Helmet|[of] p2a: Strellizia
|
|-fieldend|move: Trick Room
|upkeep
|turn|12
|
|t:|1758248856
|move|p1a: The King|Iron Head|p2a: Strellizia
|-damage|p2a: Strellizia|0 fnt
|-damage|p1a: The King|24/100|[from] item: Rocky Helmet|[of] p2a: Strellizia
|faint|p2a: Strellizia
|
|upkeep
|
|t:|1758248863
|switch|p2a: Weird tomato|Dusclops, F, shiny|52/100
|-damage|p2a: Weird tomato|36/100|[from] Spikes
|turn|13
|
|t:|1758248868
|-end|p1a: The King|fallen2|[silent]
|switch|p1a: The Queen|Darkrai|100/100
|move|p2a: Weird tomato|Trick Room|p2a: Weird tomato
|-fieldstart|move: Trick Room|[of] p2a: Weird tomato
|
|upkeep
|turn|14
|
|t:|1758248873
|move|p2a: Weird tomato|Memento|p1a: The Queen
|-unboost|p1a: The Queen|atk|2
|-unboost|p1a: The Queen|spa|2
|faint|p2a: Weird tomato
|move|p1a: The Queen|Dark Pulse|p2: Weird tomato|[notarget]
|-fail|p1a: The Queen
|
|upkeep
|
|t:|1758248882
|switch|p2a: Gummy boi|Reuniclus, F, shiny|100/100
|turn|15
|c|☆spamtongspamtondr|SHITS GETTING WEIRD NOW
|
|t:|1758248887
|move|p2a: Gummy boi|Focus Blast|p1a: The Queen
|-supereffective|p1a: The Queen
|-damage|p1a: The Queen|0 fnt
|faint|p1a: The Queen
|
|upkeep
|
|t:|1758248889
|switch|p1a: The Knight|Lokix, M|94/100 brn
|turn|16
|
|t:|1758248897
|move|p1a: The Knight|First Impression|p2a: Gummy boi
|-supereffective|p2a: Gummy boi
|-damage|p2a: Gummy boi|63/100
|move|p2a: Gummy boi|Focus Blast|p1a: The Knight
|-damage|p1a: The Knight|0 fnt
|faint|p1a: The Knight
|
|upkeep
|
|t:|1758248902
|switch|p1a: The King|Kingambit, F|24/100
|-activate|p1a: The King|ability: Supreme Overlord
|-start|p1a: The King|fallen4|[silent]
|turn|17
|
|t:|1758248910
|switch|p2a: Birthday Cake|Ursaring, F|78/100 brn
|-damage|p2a: Birthday Cake|62/100 brn|[from] Spikes
|move|p1a: The King|Sucker Punch||[still]
|-fail|p1a: The King
|
|-damage|p2a: Birthday Cake|56/100 brn|[from] brn
|-fieldend|move: Trick Room
|upkeep
|turn|18
|
|t:|1758248918
|move|p2a: Birthday Cake|Fire Punch|p1a: The King
|-supereffective|p1a: The King
|-damage|p1a: The King|0 fnt
|faint|p1a: The King
|-end|p1a: The King|fallen4|[silent]
|
|-damage|p2a: Birthday Cake|50/100 brn|[from] brn
|upkeep
|
|t:|1758248924
|switch|p1a: The Bishop|Weavile, M|100/100
|-ability|p1a: The Bishop|Pressure
|turn|19
|
|t:|1758248928
|move|p1a: The Bishop|Low Kick|p2a: Birthday Cake
|-supereffective|p2a: Birthday Cake
|-damage|p2a: Birthday Cake|0 fnt
|faint|p2a: Birthday Cake
|
|upkeep
|
|t:|1758248930
|switch|p2a: Gummy boi|Reuniclus, F, shiny|63/100
|turn|20
|
|t:|1758248935
|move|p1a: The Bishop|Knock Off|p2a: Gummy boi
|-supereffective|p2a: Gummy boi
|-damage|p2a: Gummy boi|0 fnt
|-enditem|p2a: Gummy boi|Life Orb|[from] move: Knock Off|[of] p1a: The Bishop
|faint|p2a: Gummy boi
|
|win|spamtongspamtondr
|raw|spamtongspamtondr's rating: 1169 &rarr; <strong>1195</strong><br />(+26 for winning)
|raw|BaldeRamas's rating: 1177 &rarr; <strong>1151</strong><br />(-26 for losing)
|l|☆spamtongspamtondr
|player|p1|
|c|☆BaldeRamas|GG
|l|☆BaldeRamas
|player|p2|
