|j|☆Ayayalaptop
|j|☆Stelazine
|t:|1758269796
|gametype|singles
|player|p1|Ayayalaptop|266|1313
|player|p2|Stelazine|benga|1360
|gen|9
|tier|[Gen 9] OU
|rated|
|rule|HP Percentage Mod: HP is shown in percentages
|rule|Endless Battle Clause: Forcing endless battles is banned
|rule|Species Clause: Limit one of each Pokémon
|rule|OHKO Clause: OHKO moves are banned
|rule|Evasion Items Clause: Evasion items are banned
|rule|Evasion Moves Clause: Evasion moves are banned
|rule|Evasion Abilities Clause: Evasion abilities are banned
|rule|Sleep Moves Clause: Sleep-inducing moves are banned
|clearpoke
|poke|p1|Serperior, M|
|poke|p1|Gallade, M|
|poke|p1|Indeedee, M|
|poke|p1|Tinkaton, F|
|poke|p1|Quaquaval, F|
|poke|p1|Gengar, F|
|poke|p2|Meowscarada, M|
|poke|p2|Frosmoth, F|
|poke|p2|Weezing-Galar, F|
|poke|p2|Sinistcha-Masterpiece|
|poke|p2|Ting-Lu|
|poke|p2|Alomomola, F|
|teampreview
|inactive|Battle timer is ON: inactive players will automatically lose when time's up. (requested by Stelazine)
|inactive|Ayayalaptop also wants the timer to be on.
|
|t:|1758269817
|teamsize|p1|6
|teamsize|p2|6
|start
|switch|p1a: Tinkaton|Tinkaton, F|100/100
|switch|p2a: Ting-Lu|Ting-Lu|100/100
|-ability|p1a: Tinkaton|Mold Breaker
|-ability|p2a: Ting-Lu|Vessel of Ruin
|turn|1
|
|t:|1758269826
|switch|p1a: Quaquaval|Quaquaval, F|100/100
|move|p2a: Ting-Lu|Earthquake|p1a: Quaquaval
|-damage|p1a: Quaquaval|63/100
|
|upkeep
|turn|2
|
|t:|1758269830
|switch|p2a: Weezing|Weezing-Galar, F|100/100
|-ability|p2a: Weezing|Neutralizing Gas
|move|p1a: Quaquaval|Aqua Step|p2a: Weezing
|-damage|p2a: Weezing|79/100
|-boost|p1a: Quaquaval|spe|1
|
|upkeep
|turn|3
|
|t:|1758269837
|switch|p1a: Tinkaton|Tinkaton, F|100/100
|move|p2a: Weezing|Strange Steam|p1a: Tinkaton
|-resisted|p1a: Tinkaton
|-damage|p1a: Tinkaton|89/100
|-start|p1a: Tinkaton|confusion
|
|-heal|p1a: Tinkaton|95/100|[from] item: Leftovers
|upkeep
|turn|4
|
|t:|1758269847
|-end|p2a: Weezing|ability: Neutralizing Gas
|-ability|p1a: Tinkaton|Mold Breaker
|switch|p2a: Sinistcha|Sinistcha-Masterpiece|100/100
|-activate|p1a: Tinkaton|confusion
|-damage|p1a: Tinkaton|86/100|[from] confusion
|
|-heal|p1a: Tinkaton|92/100|[from] item: Leftovers
|upkeep
|turn|5
|
|t:|1758269858
|switch|p2a: Alomomola|Alomomola, F|100/100
|-activate|p1a: Tinkaton|confusion
|move|p1a: Tinkaton|Thunder Wave|p2a: Alomomola
|-status|p2a: Alomomola|par
|
|-heal|p1a: Tinkaton|98/100|[from] item: Leftovers
|upkeep
|turn|6
|
|t:|1758269862
|-end|p1a: Tinkaton|confusion
|move|p1a: Tinkaton|Knock Off|p2a: Alomomola
|-damage|p2a: Alomomola|89/100 par
|-enditem|p2a: Alomomola|Heavy-Duty Boots|[from] move: Knock Off|[of] p1a: Tinkaton
|move|p2a: Alomomola|Flip Turn|p1a: Tinkaton
|-damage|p1a: Tinkaton|76/100
|
|t:|1758269867
|switch|p2a: Ting-Lu|Ting-Lu|100/100|[from] Flip Turn
|-ability|p2a: Ting-Lu|Vessel of Ruin
|
|-heal|p1a: Tinkaton|82/100|[from] item: Leftovers
|upkeep
|turn|7
|
|t:|1758269875
|switch|p1a: Serperior|Serperior, M|100/100
|move|p2a: Ting-Lu|Stealth Rock|p1a: Serperior
|-sidestart|p1: Ayayalaptop|move: Stealth Rock
|
|upkeep
|turn|8
|
|t:|1758269877
|switch|p2a: Frosmoth|Frosmoth, F|100/100
|move|p1a: Serperior|Leech Seed|p2a: Frosmoth
|-start|p2a: Frosmoth|move: Leech Seed
|
|-damage|p2a: Frosmoth|88/100|[from] Leech Seed|[of] p1a: Serperior
|upkeep
|turn|9
|
|t:|1758269885
|switch|p1a: Tinkaton|Tinkaton, F|82/100
|-damage|p1a: Tinkaton|76/100|[from] Stealth Rock
|-ability|p1a: Tinkaton|Mold Breaker
|switch|p2a: Ting-Lu|Ting-Lu|100/100
|-ability|p2a: Ting-Lu|Vessel of Ruin
|
|-heal|p1a: Tinkaton|82/100|[from] item: Leftovers
|upkeep
|turn|10
|
|t:|1758269888
|move|p1a: Tinkaton|Knock Off|p2a: Ting-Lu
|-resisted|p2a: Ting-Lu
|-damage|p2a: Ting-Lu|96/100
|-enditem|p2a: Ting-Lu|Leftovers|[from] move: Knock Off|[of] p1a: Tinkaton
|move|p2a: Ting-Lu|Earthquake|p1a: Tinkaton
|-supereffective|p1a: Tinkaton
|-damage|p1a: Tinkaton|0 fnt
|faint|p1a: Tinkaton
|
|upkeep
|
|t:|1758269893
|switch|p1a: Indeedee|Indeedee, M|100/100
|-damage|p1a: Indeedee|88/100|[from] Stealth Rock
|-fieldstart|move: Psychic Terrain|[from] ability: Psychic Surge|[of] p1a: Indeedee
|turn|11
|
|t:|1758269897
|switch|p2a: Frosmoth|Frosmoth, F|88/100
|move|p1a: Indeedee|Trick|p2a: Frosmoth
|-activate|p1a: Indeedee|move: Trick|[of] p2a: Frosmoth
|-item|p2a: Frosmoth|Choice Scarf|[from] move: Trick
|-item|p1a: Indeedee|Leftovers|[from] move: Trick
|
|-heal|p1a: Indeedee|94/100|[from] item: Leftovers
|upkeep
|turn|12
|
|t:|1758269908
|move|p1a: Indeedee|Healing Wish|p1a: Indeedee
|faint|p1a: Indeedee
|move|p2a: Frosmoth|Ice Beam|p1: Indeedee|[notarget]
|-fail|p2a: Frosmoth
|
|upkeep
|
|t:|1758269917
|switch|p1a: Gallade|Gallade, M|100/100
|-damage|p1a: Gallade|94/100|[from] Stealth Rock
|turn|13
|
|t:|1758269921
|move|p1a: Gallade|Psycho Cut|p2a: Frosmoth
|-damage|p2a: Frosmoth|0 fnt
|faint|p2a: Frosmoth
|
|upkeep
|
|t:|1758269925
|switch|p2a: Ting-Lu|Ting-Lu|96/100
|-ability|p2a: Ting-Lu|Vessel of Ruin
|turn|14
|
|t:|1758269929
|move|p1a: Gallade|Sacred Sword|p2a: Ting-Lu
|-supereffective|p2a: Ting-Lu
|-damage|p2a: Ting-Lu|14/100
|move|p2a: Ting-Lu|Earthquake|p1a: Gallade
|-damage|p1a: Gallade|29/100
|
|upkeep
|turn|15
|
|t:|1758269934
|switch|p2a: Sinistcha|Sinistcha-Masterpiece|100/100
|move|p1a: Gallade|Sacred Sword|p2a: Sinistcha
|-immune|p2a: Sinistcha
|
|-fieldend|move: Psychic Terrain
|upkeep
|turn|16
|
|t:|1758269942
|switch|p1a: Serperior|Serperior, M|100/100
|-damage|p1a: Serperior|88/100|[from] Stealth Rock
|move|p2a: Sinistcha|Strength Sap|p1a: Serperior
|-boost|p1a: Serperior|atk|1
|
|-heal|p1a: Serperior|94/100|[from] item: Leftovers
|upkeep
|turn|17
|
|t:|1758269946
|move|p1a: Serperior|Substitute|p1a: Serperior
|-start|p1a: Serperior|Substitute
|-damage|p1a: Serperior|69/100
|move|p2a: Sinistcha|Calm Mind|p2a: Sinistcha
|-boost|p2a: Sinistcha|spa|1
|-boost|p2a: Sinistcha|spd|1
|
|-heal|p1a: Serperior|76/100|[from] item: Leftovers
|upkeep
|turn|18
|
|t:|1758269949
|move|p1a: Serperior|Leaf Storm|p2a: Sinistcha
|-resisted|p2a: Sinistcha
|-damage|p2a: Sinistcha|86/100
|-boost|p1a: Serperior|spa|2
|move|p2a: Sinistcha|Calm Mind|p2a: Sinistcha
|-boost|p2a: Sinistcha|spa|1
|-boost|p2a: Sinistcha|spd|1
|
|-heal|p1a: Serperior|82/100|[from] item: Leftovers
|upkeep
|turn|19
|
|t:|1758269953
|move|p1a: Serperior|Leaf Storm|p2a: Sinistcha
|-resisted|p2a: Sinistcha
|-damage|p2a: Sinistcha|65/100
|-boost|p1a: Serperior|spa|2
|move|p2a: Sinistcha|Calm Mind|p2a: Sinistcha
|-boost|p2a: Sinistcha|spa|1
|-boost|p2a: Sinistcha|spd|1
|
|-heal|p1a: Serperior|88/100|[from] item: Leftovers
|upkeep
|turn|20
|
|t:|1758269957
|move|p1a: Serperior|Leaf Storm|p2a: Sinistcha
|-resisted|p2a: Sinistcha
|-damage|p2a: Sinistcha|40/100
|-boost|p1a: Serperior|spa|2
|move|p2a: Sinistcha|Calm Mind|p2a: Sinistcha
|-boost|p2a: Sinistcha|spa|1
|-boost|p2a: Sinistcha|spd|1
|
|-heal|p1a: Serperior|94/100|[from] item: Leftovers
|upkeep
|turn|21
|
|t:|1758269961
|move|p1a: Serperior|Leaf Storm|p2a: Sinistcha
|-resisted|p2a: Sinistcha
|-damage|p2a: Sinistcha|11/100
|move|p2a: Sinistcha|Shadow Ball|p1a: Serperior
|-end|p1a: Serperior|Substitute
|
|-heal|p1a: Serperior|100/100|[from] item: Leftovers
|upkeep
|turn|22
|
|t:|1758269965
|move|p1a: Serperior|Leaf Storm|p2a: Sinistcha
|-resisted|p2a: Sinistcha
|-damage|p2a: Sinistcha|0 fnt
|faint|p2a: Sinistcha
|
|upkeep
|
|t:|1758269968
|switch|p2a: Meowscarada|Meowscarada, M|100/100
|turn|23
|
|t:|1758269974
|-terastallize|p1a: Serperior|Ghost
|move|p2a: Meowscarada|Triple Axel|p1a: Serperior|[miss]
|-start|p2a: Meowscarada|typechange|Ice|[from] ability: Protean
|-miss|p2a: Meowscarada|p1a: Serperior
|move|p1a: Serperior|Glare|p2a: Meowscarada
|-status|p2a: Meowscarada|par
|
|upkeep
|turn|24
|-message|Stelazine forfeited.
|
|win|Ayayalaptop
|raw|Ayayalaptop's rating: 1313 &rarr; <strong>1336</strong><br />(+23 for winning)
|raw|Stelazine's rating: 1360 &rarr; <strong>1337</strong><br />(-23 for losing)
|l|☆Stelazine
|player|p2|
|l|☆Ayayalaptop
|player|p1|
