|j|☆NeaperNeaps
|j|☆costorpheus2459
|t:|1758303565
|gametype|singles
|player|p1|NeaperNeaps|101|1250
|player|p2|costorpheus2459|169|1224
|gen|9
|tier|[Gen 9] OU
|rated|
|rule|HP Percentage Mod: HP is shown in percentages
|rule|Endless Battle Clause: Forcing endless battles is banned
|rule|Species Clause: Limit one of each Pokémon
|rule|OHKO Clause: OHKO moves are banned
|rule|Evasion Items Clause: Evasion items are banned
|rule|Evasion Moves Clause: Evasion moves are banned
|rule|Evasion Abilities Clause: Evasion abilities are banned
|rule|Sleep Moves Clause: Sleep-inducing moves are banned
|clearpoke
|poke|p1|Tinkaton, F|
|poke|p1|Slither Wing|
|poke|p1|Alomomola, F|
|poke|p1|Arcanine-Hisui, F|
|poke|p1|Iron Valiant|
|poke|p1|Great Tusk|
|poke|p2|Rillaboom, M|
|poke|p2|Zapdos|
|poke|p2|Uxie|
|poke|p2|Great Tusk|
|poke|p2|Hydreigon, M|
|poke|p2|Suicune|
|teampreview
|inactive|Battle timer is ON: inactive players will automatically lose when time's up. (requested by costorpheus2459)
|
|t:|1758303568
|teamsize|p1|6
|teamsize|p2|6
|start
|switch|p1a: Tinkaton|Tinkaton, F|100/100
|switch|p2a: Uxie|Uxie|100/100
|-item|p1a: Tinkaton|Air Balloon
|turn|1
|
|t:|1758303576
|move|p1a: Tinkaton|Stealth Rock|p2a: Uxie
|-sidestart|p2: costorpheus2459|move: Stealth Rock
|move|p2a: Uxie|Stealth Rock|p1a: Tinkaton
|-sidestart|p1: NeaperNeaps|move: Stealth Rock
|
|upkeep
|turn|2
|
|t:|1758303581
|switch|p1a: Slither Wing|Slither Wing|100/100
|-damage|p1a: Slither Wing|88/100|[from] Stealth Rock
|move|p2a: Uxie|Thunder Wave|p1a: Slither Wing
|-status|p1a: Slither Wing|par
|
|upkeep
|turn|3
|
|t:|1758303595
|switch|p2a: Hydreigon|Hydreigon, M|100/100
|-damage|p2a: Hydreigon|88/100|[from] Stealth Rock
|move|p1a: Slither Wing|First Impression|p2a: Hydreigon
|-supereffective|p2a: Hydreigon
|-damage|p2a: Hydreigon|0 fnt
|faint|p2a: Hydreigon
|
|upkeep
|
|t:|1758303602
|switch|p2a: Great Tusk|Great Tusk|100/100
|-damage|p2a: Great Tusk|98/100|[from] Stealth Rock
|turn|4
|
|t:|1758303613
|-end|p1a: Slither Wing|Protosynthesis|[silent]
|switch|p1a: Alomomola|Alomomola, F|100/100
|-damage|p1a: Alomomola|88/100|[from] Stealth Rock
|move|p2a: Great Tusk|Knock Off|p1a: Alomomola
|-damage|p1a: Alomomola|63/100
|-damage|p2a: Great Tusk|81/100|[from] item: Rocky Helmet|[of] p1a: Alomomola
|-enditem|p1a: Alomomola|Rocky Helmet|[from] move: Knock Off|[of] p2a: Great Tusk
|-damage|p2a: Great Tusk|71/100|[from] item: Life Orb
|
|upkeep
|turn|5
|
|t:|1758303621
|move|p2a: Great Tusk|Rapid Spin|p1a: Alomomola
|-damage|p1a: Alomomola|50/100
|-boost|p2a: Great Tusk|spe|1
|-sideend|p2: costorpheus2459|Stealth Rock|[from] move: Rapid Spin|[of] p2a: Great Tusk
|-damage|p2a: Great Tusk|61/100|[from] item: Life Orb
|move|p1a: Alomomola|Flip Turn|p2a: Great Tusk
|-supereffective|p2a: Great Tusk
|-damage|p2a: Great Tusk|36/100
|
|t:|1758303639
|switch|p1a: Arcanine|Arcanine-Hisui, F|100/100|[from] Flip Turn
|-damage|p1a: Arcanine|76/100|[from] Stealth Rock
|
|upkeep
|turn|6
|
|t:|1758303650
|-terastallize|p1a: Arcanine|Normal
|move|p1a: Arcanine|Extreme Speed|p2a: Great Tusk
|-damage|p2a: Great Tusk|0 fnt
|faint|p2a: Great Tusk
|-end|p2a: Great Tusk|Protosynthesis|[silent]
|
|upkeep
|
|t:|1758303658
|switch|p2a: Uxie|Uxie|100/100
|turn|7
|
|t:|1758303674
|move|p1a: Arcanine|Extreme Speed|p2a: Uxie
|-damage|p2a: Uxie|54/100
|move|p2a: Uxie|Thunder Wave|p1a: Arcanine
|-status|p1a: Arcanine|par
|
|-heal|p2a: Uxie|60/100|[from] item: Leftovers
|upkeep
|turn|8
|
|t:|1758303680
|move|p2a: Uxie|Protect|p2a: Uxie
|-singleturn|p2a: Uxie|Protect
|move|p1a: Arcanine|Extreme Speed|p2a: Uxie
|-activate|p2a: Uxie|move: Protect
|
|-heal|p2a: Uxie|66/100|[from] item: Leftovers
|upkeep
|turn|9
|
|t:|1758303689
|switch|p1a: Slither Wing|Slither Wing|88/100 par
|-damage|p1a: Slither Wing|75/100 par|[from] Stealth Rock
|move|p2a: Uxie|Protect||[still]
|-fail|p2a: Uxie
|
|-heal|p2a: Uxie|72/100|[from] item: Leftovers
|upkeep
|turn|10
|
|t:|1758303697
|switch|p2a: Suicune|Suicune|100/100
|move|p1a: Slither Wing|U-turn|p2a: Suicune
|-damage|p2a: Suicune|57/100
|
|t:|1758303707
|-end|p1a: Slither Wing|Protosynthesis|[silent]
|switch|p1a: Tinkaton|Tinkaton, F|100/100|[from] U-turn
|-damage|p1a: Tinkaton|94/100|[from] Stealth Rock
|-item|p1a: Tinkaton|Air Balloon
|
|-heal|p2a: Suicune|63/100|[from] item: Leftovers
|upkeep
|turn|11
|
|t:|1758303711
|move|p1a: Tinkaton|Stealth Rock|p2a: Suicune
|-sidestart|p2: costorpheus2459|move: Stealth Rock
|move|p2a: Suicune|Scald|p1a: Tinkaton
|-damage|p1a: Tinkaton|61/100
|-status|p1a: Tinkaton|brn
|-enditem|p1a: Tinkaton|Air Balloon
|
|-heal|p2a: Suicune|69/100|[from] item: Leftovers
|-damage|p1a: Tinkaton|55/100 brn|[from] brn
|upkeep
|turn|12
|
|t:|1758303716
|move|p1a: Tinkaton|Knock Off|p2a: Suicune
|-damage|p2a: Suicune|62/100
|-enditem|p2a: Suicune|Leftovers|[from] move: Knock Off|[of] p1a: Tinkaton
|move|p2a: Suicune|Scald|p1a: Tinkaton
|-damage|p1a: Tinkaton|24/100 brn
|
|-damage|p1a: Tinkaton|18/100 brn|[from] brn
|upkeep
|turn|13
|
|t:|1758303720
|move|p1a: Tinkaton|Thunder Wave|p2a: Suicune
|-status|p2a: Suicune|par
|cant|p2a: Suicune|par
|
|-damage|p1a: Tinkaton|12/100 brn|[from] brn
|upkeep
|turn|14
|
|t:|1758303727
|cant|p2a: Suicune|par
|move|p1a: Tinkaton|Gigaton Hammer|p2a: Suicune
|-resisted|p2a: Suicune
|-damage|p2a: Suicune|52/100 par
|
|-damage|p1a: Tinkaton|6/100 brn|[from] brn
|upkeep
|turn|15
|
|t:|1758303735
|move|p2a: Suicune|Protect|p2a: Suicune
|-singleturn|p2a: Suicune|Protect
|move|p1a: Tinkaton|Knock Off|p2a: Suicune
|-activate|p2a: Suicune|move: Protect
|
|-damage|p1a: Tinkaton|0 fnt|[from] brn
|faint|p1a: Tinkaton
|upkeep
|inactive|NeaperNeaps has 120 seconds left.
|
|t:|1758303772
|switch|p1a: Slither Wing|Slither Wing|75/100 par
|-damage|p1a: Slither Wing|63/100 par|[from] Stealth Rock
|turn|16
|
|t:|1758303789
|cant|p1a: Slither Wing|par
|move|p2a: Suicune|Scald|p1a: Slither Wing
|-damage|p1a: Slither Wing|27/100 par
|
|upkeep
|turn|17
|
|t:|1758303796
|move|p1a: Slither Wing|U-turn|p2a: Suicune
|-damage|p2a: Suicune|3/100 par
|
|t:|1758303799
|-end|p1a: Slither Wing|Protosynthesis|[silent]
|switch|p1a: Alomomola|Alomomola, F|84/100|[from] U-turn
|-damage|p1a: Alomomola|71/100|[from] Stealth Rock
|cant|p2a: Suicune|par
|
|upkeep
|turn|18
|
|t:|1758303805
|cant|p2a: Suicune|par
|move|p1a: Alomomola|Flip Turn|p2a: Suicune
|-resisted|p2a: Suicune
|-damage|p2a: Suicune|0 fnt
|faint|p2a: Suicune
|
|t:|1758303811
|switch|p1a: Slither Wing|Slither Wing|27/100 par|[from] Flip Turn
|-damage|p1a: Slither Wing|15/100 par|[from] Stealth Rock
|
|upkeep
|
|t:|1758303814
|switch|p2a: Zapdos|Zapdos|100/100
|turn|19
|
|t:|1758303832
|move|p2a: Zapdos|Thunderbolt|p1a: Slither Wing
|-damage|p1a: Slither Wing|0 fnt
|faint|p1a: Slither Wing
|-end|p1a: Slither Wing|Protosynthesis|[silent]
|
|upkeep
|
|t:|1758303840
|switch|p1a: Arcanine|Arcanine-Hisui, F, tera:Normal|76/100 par
|-damage|p1a: Arcanine|63/100 par|[from] Stealth Rock
|turn|20
|
|t:|1758303846
|move|p1a: Arcanine|Extreme Speed|p2a: Zapdos
|-damage|p2a: Zapdos|33/100
|move|p2a: Zapdos|Thunderbolt|p1a: Arcanine
|-damage|p1a: Arcanine|11/100 par
|
|upkeep
|turn|21
|
|t:|1758303852
|move|p1a: Arcanine|Extreme Speed|p2a: Zapdos
|-damage|p2a: Zapdos|0 fnt
|faint|p2a: Zapdos
|
|upkeep
|
|t:|1758303859
|switch|p2a: Rillaboom|Rillaboom, M|100/100
|-damage|p2a: Rillaboom|88/100|[from] Stealth Rock
|-fieldstart|move: Grassy Terrain|[from] ability: Grassy Surge|[of] p2a: Rillaboom
|turn|22
|
|t:|1758303866
|move|p1a: Arcanine|Extreme Speed|p2a: Rillaboom
|-damage|p2a: Rillaboom|22/100
|move|p2a: Rillaboom|Drain Punch|p1a: Arcanine
|-supereffective|p1a: Arcanine
|-damage|p1a: Arcanine|0 fnt
|-heal|p2a: Rillaboom|27/100|[from] drain|[of] p1a: Arcanine
|faint|p1a: Arcanine
|
|-heal|p2a: Rillaboom|33/100|[from] Grassy Terrain
|upkeep
|
|t:|1758303876
|switch|p1a: Iron Valiant|Iron Valiant|100/100
|-damage|p1a: Iron Valiant|94/100|[from] Stealth Rock
|-enditem|p1a: Iron Valiant|Booster Energy
|-activate|p1a: Iron Valiant|ability: Quark Drive|[fromitem]
|-start|p1a: Iron Valiant|quarkdrivespe
|turn|23
|
|t:|1758303882
|move|p1a: Iron Valiant|Moonblast|p2a: Rillaboom
|-damage|p2a: Rillaboom|0 fnt
|faint|p2a: Rillaboom
|
|-heal|p1a: Iron Valiant|100/100|[from] Grassy Terrain
|upkeep
|
|t:|1758303885
|switch|p2a: Uxie|Uxie|72/100
|-damage|p2a: Uxie|60/100|[from] Stealth Rock
|turn|24
|
|t:|1758303888
|move|p1a: Iron Valiant|Shadow Ball|p2a: Uxie
|-supereffective|p2a: Uxie
|-damage|p2a: Uxie|30/100
|move|p2a: Uxie|Memento|p1a: Iron Valiant
|-unboost|p1a: Iron Valiant|atk|2
|-unboost|p1a: Iron Valiant|spa|2
|faint|p2a: Uxie
|
|win|NeaperNeaps
|raw|NeaperNeaps's rating: 1250 &rarr; <strong>1273</strong><br />(+23 for winning)
|raw|costorpheus2459's rating: 1224 &rarr; <strong>1201</strong><br />(-23 for losing)
|l|☆costorpheus2459
|player|p2|
