|j|☆blisteringbigfoot
|j|☆notshwepp
|t:|1758287866
|gametype|singles
|player|p1|blisteringbigfoot|roxie-masters|1635
|player|p2|notshwepp|266|1607
|gen|9
|tier|[Gen 9] OU
|rated|
|rule|HP Percentage Mod: HP is shown in percentages
|rule|Endless Battle Clause: Forcing endless battles is banned
|rule|Species Clause: Limit one of each Pokémon
|rule|OHKO Clause: OHKO moves are banned
|rule|Evasion Items Clause: Evasion items are banned
|rule|Evasion Moves Clause: Evasion moves are banned
|rule|Evasion Abilities Clause: Evasion abilities are banned
|rule|Sleep Moves Clause: Sleep-inducing moves are banned
|clearpoke
|poke|p1|Cloyster, F|
|poke|p1|Raging Bolt|
|poke|p1|Primarina, M|
|poke|p1|Iron Treads|
|poke|p1|Ogerpon-Wellspring, F|
|poke|p1|Dragapult, F|
|poke|p2|Great Tusk|
|poke|p2|Rillaboom, M|
|poke|p2|Ogerpon-Cornerstone, F|
|poke|p2|Kingambit, F|
|poke|p2|Weezing-Galar, M|
|poke|p2|Primarina, F|
|teampreview
|inactive|Battle timer is ON: inactive players will automatically lose when time's up. (requested by blisteringbigfoot)
|
|t:|1758287907
|teamsize|p1|6
|teamsize|p2|6
|start
|switch|p1a: Ogerpon|Ogerpon-Wellspring, F|100/100
|switch|p2a: Primarina|Primarina, F|100/100
|turn|1
|
|t:|1758287919
|switch|p2a: Weezing|Weezing-Galar, M|100/100
|-ability|p2a: Weezing|Neutralizing Gas
|move|p1a: Ogerpon|Knock Off|p2a: Weezing
|-resisted|p2a: Weezing
|-damage|p2a: Weezing|88/100
|-enditem|p2a: Weezing|Leftovers|[from] move: Knock Off|[of] p1a: Ogerpon
|
|upkeep
|turn|2
|
|t:|1758287925
|move|p1a: Ogerpon|U-turn|p2a: Weezing
|-resisted|p2a: Weezing
|-damage|p2a: Weezing|84/100
|
|t:|1758287929
|switch|p1a: Iron Treads|Iron Treads|100/100|[from] U-turn
|move|p2a: Weezing|Flamethrower|p1a: Iron Treads
|-supereffective|p1a: Iron Treads
|-damage|p1a: Iron Treads|46/100
|
|upkeep
|turn|3
|
|t:|1758287942
|-end|p2a: Weezing|ability: Neutralizing Gas
|switch|p2a: Rillaboom|Rillaboom, M|100/100
|-enditem|p1a: Iron Treads|Booster Energy
|-activate|p1a: Iron Treads|ability: Quark Drive|[fromitem]
|-start|p1a: Iron Treads|quarkdrivespe
|-fieldstart|move: Grassy Terrain|[from] ability: Grassy Surge|[of] p2a: Rillaboom
|move|p1a: Iron Treads|Stealth Rock|p2a: Rillaboom
|-sidestart|p2: notshwepp|move: Stealth Rock
|
|-heal|p1a: Iron Treads|53/100|[from] Grassy Terrain
|upkeep
|turn|4
|
|t:|1758287947
|move|p2a: Rillaboom|Grassy Glide|p1a: Iron Treads
|-damage|p1a: Iron Treads|0 fnt
|faint|p1a: Iron Treads
|-end|p1a: Iron Treads|Quark Drive|[silent]
|
|upkeep
|
|t:|1758287953
|switch|p1a: Raging Bolt|Raging Bolt|100/100
|-enditem|p1a: Raging Bolt|Booster Energy
|-activate|p1a: Raging Bolt|ability: Protosynthesis|[fromitem]
|-start|p1a: Raging Bolt|protosynthesisspa
|turn|5
|
|t:|1758287963
|switch|p2a: Weezing|Weezing-Galar, M|84/100
|-ability|p2a: Weezing|Neutralizing Gas
|-damage|p2a: Weezing|72/100|[from] Stealth Rock
|move|p1a: Raging Bolt|Calm Mind|p1a: Raging Bolt
|-boost|p1a: Raging Bolt|spa|1
|-boost|p1a: Raging Bolt|spd|1
|
|-heal|p2a: Weezing|78/100|[from] Grassy Terrain
|upkeep
|turn|6
|
|t:|1758287968
|move|p1a: Raging Bolt|Thunderbolt|p2a: Weezing
|-damage|p2a: Weezing|0 fnt
|faint|p2a: Weezing
|-end|p2a: Weezing|ability: Neutralizing Gas
|
|upkeep
|
|t:|1758287979
|switch|p2a: Great Tusk|Great Tusk|100/100
|-damage|p2a: Great Tusk|98/100|[from] Stealth Rock
|turn|7
|
|t:|1758287982
|move|p2a: Great Tusk|Rapid Spin|p1a: Raging Bolt
|-damage|p1a: Raging Bolt|84/100
|-boost|p2a: Great Tusk|spe|1
|-sideend|p2: notshwepp|Stealth Rock|[from] move: Rapid Spin|[of] p2a: Great Tusk
|move|p1a: Raging Bolt|Dragon Pulse|p2a: Great Tusk
|-damage|p2a: Great Tusk|0 fnt
|faint|p2a: Great Tusk
|-end|p2a: Great Tusk|Protosynthesis|[silent]
|
|-heal|p1a: Raging Bolt|91/100|[from] Grassy Terrain
|-fieldend|move: Grassy Terrain
|upkeep
|
|t:|1758287991
|switch|p2a: Rillaboom|Rillaboom, M|100/100
|-fieldstart|move: Grassy Terrain|[from] ability: Grassy Surge|[of] p2a: Rillaboom
|turn|8
|
|t:|1758287995
|move|p1a: Raging Bolt|Dragon Pulse|p2a: Rillaboom
|-damage|p2a: Rillaboom|0 fnt
|faint|p2a: Rillaboom
|
|-heal|p1a: Raging Bolt|97/100|[from] Grassy Terrain
|upkeep
|
|t:|1758288000
|switch|p2a: Ogerpon|Ogerpon-Cornerstone, F|100/100
|turn|9
|
|t:|1758288006
|move|p2a: Ogerpon|Ivy Cudgel|p1a: Raging Bolt|[anim] Ivy Cudgel Rock
|-crit|p1a: Raging Bolt
|-damage|p1a: Raging Bolt|14/100
|move|p1a: Raging Bolt|Dragon Pulse|p2a: Ogerpon
|-ability|p2a: Ogerpon|Sturdy
|-damage|p2a: Ogerpon|1/100
|
|-heal|p2a: Ogerpon|7/100|[from] Grassy Terrain
|-heal|p1a: Raging Bolt|20/100|[from] Grassy Terrain
|upkeep
|turn|10
|
|t:|1758288009
|move|p2a: Ogerpon|Grassy Glide|p1a: Raging Bolt
|-resisted|p1a: Raging Bolt
|-damage|p1a: Raging Bolt|0 fnt
|faint|p1a: Raging Bolt
|-end|p1a: Raging Bolt|Protosynthesis|[silent]
|
|-heal|p2a: Ogerpon|13/100|[from] Grassy Terrain
|upkeep
|
|t:|1758288015
|switch|p1a: Dragapult|Dragapult, F|100/100
|turn|11
|
|t:|1758288020
|move|p1a: Dragapult|U-turn|p2a: Ogerpon
|-supereffective|p2a: Ogerpon
|-damage|p2a: Ogerpon|0 fnt
|faint|p2a: Ogerpon
|
|t:|1758288023
|switch|p1a: Primarina|Primarina, M, shiny|100/100|[from] U-turn
|
|upkeep
|
|t:|1758288026
|switch|p2a: Primarina|Primarina, F|100/100
|turn|12
|
|t:|1758288028
|move|p1a: Primarina|Substitute|p1a: Primarina
|-start|p1a: Primarina|Substitute
|-damage|p1a: Primarina|76/100
|move|p2a: Primarina|Moonblast|p1a: Primarina
|-end|p1a: Primarina|Substitute
|
|-heal|p1a: Primarina|82/100|[from] Grassy Terrain
|-heal|p1a: Primarina|88/100|[from] item: Leftovers
|-fieldend|move: Grassy Terrain
|upkeep
|turn|13
|
|t:|1758288033
|move|p1a: Primarina|Moonblast|p2a: Primarina
|-damage|p2a: Primarina|53/100
|move|p2a: Primarina|Moonblast|p1a: Primarina
|-damage|p1a: Primarina|10/100
|
|-heal|p1a: Primarina|16/100|[from] item: Leftovers
|upkeep
|turn|14
|
|t:|1758288039
|move|p1a: Primarina|Moonblast|p2a: Primarina
|-damage|p2a: Primarina|7/100
|move|p2a: Primarina|Moonblast|p1a: Primarina
|-damage|p1a: Primarina|0 fnt
|faint|p1a: Primarina
|
|upkeep
|
|t:|1758288043
|switch|p1a: Dragapult|Dragapult, F|100/100
|turn|15
|
|t:|1758288045
|move|p1a: Dragapult|U-turn|p2a: Primarina
|-resisted|p2a: Primarina
|-damage|p2a: Primarina|0 fnt
|faint|p2a: Primarina
|
|t:|1758288047
|switch|p1a: Ogerpon|Ogerpon-Wellspring, F|100/100|[from] U-turn
|
|upkeep
|
|t:|1758288048
|switch|p2a: Kingambit|Kingambit, F|100/100
|-activate|p2a: Kingambit|ability: Supreme Overlord
|-start|p2a: Kingambit|fallen5|[silent]
|turn|16
|
|t:|1758288051
|-terastallize|p2a: Kingambit|Ghost
|move|p1a: Ogerpon|Ivy Cudgel|p2a: Kingambit|[anim] Ivy Cudgel Water
|-damage|p2a: Kingambit|59/100
|move|p2a: Kingambit|Kowtow Cleave|p1a: Ogerpon
|-damage|p1a: Ogerpon|2/100
|
|-heal|p2a: Kingambit|65/100|[from] item: Leftovers
|upkeep
|turn|17
|
|t:|1758288057
|move|p1a: Ogerpon|Ivy Cudgel|p2a: Kingambit|[anim] Ivy Cudgel Water
|-crit|p2a: Kingambit
|-damage|p2a: Kingambit|6/100
|move|p2a: Kingambit|Kowtow Cleave|p1a: Ogerpon
|-damage|p1a: Ogerpon|0 fnt
|faint|p1a: Ogerpon
|
|-heal|p2a: Kingambit|12/100|[from] item: Leftovers
|upkeep
|
|t:|1758288065
|switch|p1a: Cloyster|Cloyster, F, shiny|100/100
|turn|18
|
|t:|1758288067
|move|p1a: Cloyster|Icicle Spear|p2a: Kingambit
|-damage|p2a: Kingambit|2/100
|-damage|p2a: Kingambit|0 fnt
|faint|p2a: Kingambit
|-end|p2a: Kingambit|fallen5|[silent]
|-hitcount|p2: Kingambit|2
|
|win|blisteringbigfoot
|raw|blisteringbigfoot's rating: 1615 &rarr; <strong>1635</strong><br />(+20 for winning)
|raw|notshwepp's rating: 1607 &rarr; <strong>1587</strong><br />(-20 for losing)
|l|☆blisteringbigfoot
|player|p1|
|l|☆notshwepp
|player|p2|
