|j|☆trythings24
|j|☆go b3yond
|t:|1758310563
|gametype|singles
|player|p1|trythings24|101|1540
|player|p2|go b3yond|bruno|1585
|gen|9
|tier|[Gen 9] OU
|rated|
|rule|HP Percentage Mod: HP is shown in percentages
|rule|Endless Battle Clause: Forcing endless battles is banned
|rule|Species Clause: Limit one of each Pokémon
|rule|OHKO Clause: OHKO moves are banned
|rule|Evasion Items Clause: Evasion items are banned
|rule|Evasion Moves Clause: Evasion moves are banned
|rule|Evasion Abilities Clause: Evasion abilities are banned
|rule|Sleep Moves Clause: Sleep-inducing moves are banned
|clearpoke
|poke|p1|Darkrai|
|poke|p1|Corviknight, F|
|poke|p1|Slowking-Galar, F|
|poke|p1|Dragonite, M|
|poke|p1|Cinderace, M|
|poke|p1|Kingambit, F|
|poke|p2|Torkoal, F|
|poke|p2|Brute Bonnet|
|poke|p2|Hatterene, F|
|poke|p2|Walking Wake|
|poke|p2|Thundurus-Therian, M|
|poke|p2|Ceruledge, F|
|teampreview
|inactive|Battle timer is ON: inactive players will automatically lose when time's up. (requested by go b3yond)
|
|t:|1758310571
|teamsize|p1|6
|teamsize|p2|6
|start
|switch|p1a: Darkrai|Darkrai|100/100
|switch|p2a: GREAT Bait|Torkoal, F, shiny|100/100
|-weather|SunnyDay|[from] ability: Drought|[of] p2a: GREAT Bait
|turn|1
|
|t:|1758310574
|move|p1a: Darkrai|Dark Pulse|p2a: GREAT Bait
|-damage|p2a: GREAT Bait|16/100
|move|p2a: GREAT Bait|Overheat|p1a: Darkrai
|-damage|p1a: Darkrai|0 fnt
|-unboost|p2a: GREAT Bait|spa|2
|faint|p1a: Darkrai
|
|-weather|SunnyDay|[upkeep]
|upkeep
|
|t:|1758310581
|switch|p1a: Cinderace|Cinderace, M|100/100
|turn|2
|
|t:|1758310587
|switch|p2a: Hatterene|Hatterene, F|100/100
|move|p1a: Cinderace|Pyro Ball|p2a: Hatterene
|-damage|p2a: Hatterene|24/100
|-enditem|p2a: Hatterene|Eject Button
|
|t:|1758310594
|switch|p2a: Ceruledge|Ceruledge, F|100/100
|
|-weather|SunnyDay|[upkeep]
|upkeep
|turn|3
|
|t:|1758310600
|switch|p1a: Slowking|Slowking-Galar, F|100/100
|move|p2a: Ceruledge|Swords Dance|p2a: Ceruledge
|-boost|p2a: Ceruledge|atk|2
|
|-weather|SunnyDay|[upkeep]
|upkeep
|turn|4
|
|t:|1758310603
|move|p2a: Ceruledge|Bitter Blade|p1a: Slowking
|-damage|p1a: Slowking|0 fnt
|faint|p1a: Slowking
|
|-weather|SunnyDay|[upkeep]
|upkeep
|
|t:|1758310611
|switch|p1a: Dragonite|Dragonite, M|100/100
|turn|5
|
|t:|1758310621
|move|p2a: Ceruledge|Bitter Blade|p1a: Dragonite
|-resisted|p1a: Dragonite
|-damage|p1a: Dragonite|62/100
|move|p1a: Dragonite|Earthquake|p2a: Ceruledge
|-supereffective|p2a: Ceruledge
|-enditem|p2a: Ceruledge|Focus Sash
|-damage|p2a: Ceruledge|1/100
|-ability|p2a: Ceruledge|Weak Armor|boost
|-unboost|p2a: Ceruledge|def|1
|-boost|p2a: Ceruledge|spe|2
|
|-weather|SunnyDay|[upkeep]
|upkeep
|turn|6
|
|t:|1758310629
|move|p2a: Ceruledge|Bitter Blade|p1a: Dragonite
|-resisted|p1a: Dragonite
|-damage|p1a: Dragonite|0 fnt
|-heal|p2a: Ceruledge|35/100|[from] drain|[of] p1a: Dragonite
|faint|p1a: Dragonite
|
|-weather|SunnyDay|[upkeep]
|upkeep
|
|t:|1758310634
|switch|p1a: Cinderace|Cinderace, M|100/100
|turn|7
|
|t:|1758310642
|move|p1a: Cinderace|Sucker Punch|p2a: Ceruledge
|-start|p1a: Cinderace|typechange|Dark|[from] ability: Libero
|-supereffective|p2a: Ceruledge
|-damage|p2a: Ceruledge|0 fnt
|faint|p2a: Ceruledge
|
|-weather|SunnyDay|[upkeep]
|upkeep
|
|t:|1758310651
|switch|p2a: Thundurus|Thundurus-Therian, M|100/100
|turn|8
|
|t:|1758310657
|move|p1a: Cinderace|Sucker Punch|p2a: Thundurus
|-damage|p2a: Thundurus|49/100
|move|p2a: Thundurus|Weather Ball|p1a: Cinderace
|-damage|p1a: Cinderace|0 fnt
|faint|p1a: Cinderace
|
|-weather|none
|upkeep
|
|t:|1758310662
|switch|p1a: Kingambit|Kingambit, F|100/100
|-activate|p1a: Kingambit|ability: Supreme Overlord
|-start|p1a: Kingambit|fallen4|[silent]
|turn|9
|
|t:|1758310665
|switch|p2a: GREAT Bait|Torkoal, F, shiny|16/100
|-weather|SunnyDay|[from] ability: Drought|[of] p2a: GREAT Bait
|move|p1a: Kingambit|Swords Dance|p1a: Kingambit
|-boost|p1a: Kingambit|atk|2
|
|-weather|SunnyDay|[upkeep]
|upkeep
|turn|10
|
|t:|1758310669
|move|p1a: Kingambit|Kowtow Cleave|p2a: GREAT Bait
|-damage|p2a: GREAT Bait|0 fnt
|faint|p2a: GREAT Bait
|
|-weather|SunnyDay|[upkeep]
|upkeep
|
|t:|1758310671
|switch|p2a: Brute Bonnet|Brute Bonnet|100/100
|-activate|p2a: Brute Bonnet|ability: Protosynthesis
|-start|p2a: Brute Bonnet|protosynthesisatk
|turn|11
|
|t:|1758310675
|-terastallize|p2a: Brute Bonnet|Fire
|move|p2a: Brute Bonnet|Tera Blast|p1a: Kingambit|[anim] Tera Blast Fire
|-supereffective|p1a: Kingambit
|-damage|p1a: Kingambit|0 fnt
|faint|p1a: Kingambit
|-end|p1a: Kingambit|fallen4|[silent]
|
|-weather|SunnyDay|[upkeep]
|upkeep
|
|t:|1758310679
|switch|p1a: Corviknight|Corviknight, F|100/100
|-ability|p1a: Corviknight|Unnerve
|turn|12
|
|t:|1758310697
|-terastallize|p1a: Corviknight|Water
|move|p2a: Brute Bonnet|Tera Blast|p1a: Corviknight|[anim] Tera Blast Fire
|-resisted|p1a: Corviknight
|-damage|p1a: Corviknight|75/100
|move|p1a: Corviknight|Body Press|p2a: Brute Bonnet
|-damage|p2a: Brute Bonnet|78/100
|
|-weather|SunnyDay|[upkeep]
|upkeep
|turn|13
|c|☆go b3yond|Gg
|
|t:|1758310710
|move|p2a: Brute Bonnet|Bullet Seed|p1a: Corviknight
|-supereffective|p1a: Corviknight
|-damage|p1a: Corviknight|52/100
|-supereffective|p1a: Corviknight
|-damage|p1a: Corviknight|28/100
|-supereffective|p1a: Corviknight
|-damage|p1a: Corviknight|7/100
|-supereffective|p1a: Corviknight
|-damage|p1a: Corviknight|0 fnt
|faint|p1a: Corviknight
|-hitcount|p1: Corviknight|4
|
|win|go b3yond
|raw|trythings24's rating: 1540 &rarr; <strong>1523</strong><br />(-17 for losing)
|raw|go b3yond's rating: 1585 &rarr; <strong>1602</strong><br />(+17 for winning)
|l|☆trythings24
|player|p1|
|l|☆go b3yond
|player|p2|
