|j|☆Malamar000Q
|j|☆AzureNoire
|t:|1758258048
|gametype|singles
|player|p1|Malamar000Q|1|1406
|player|p2|AzureNoire|101|1405
|gen|9
|tier|[Gen 9] OU
|rated|
|rule|HP Percentage Mod: HP is shown in percentages
|rule|Endless Battle Clause: Forcing endless battles is banned
|rule|Species Clause: Limit one of each Pokémon
|rule|OHKO Clause: OHKO moves are banned
|rule|Evasion Items Clause: Evasion items are banned
|rule|Evasion Moves Clause: Evasion moves are banned
|rule|Evasion Abilities Clause: Evasion abilities are banned
|rule|Sleep Moves Clause: Sleep-inducing moves are banned
|clearpoke
|poke|p1|Malamar, F|
|poke|p1|Ninetales-Alola, F|
|poke|p1|Kyurem|
|poke|p1|Zamazenta-*|
|poke|p1|Ogerpon-Wellspring, F|
|poke|p1|Iron Valiant|
|poke|p2|Mandibuzz, F|
|poke|p2|Armarouge, F|
|poke|p2|Blaziken, M|
|poke|p2|Lokix, F|
|poke|p2|Hatterene, F|
|poke|p2|Lapras, M|
|teampreview
|inactive|Battle timer is ON: inactive players will automatically lose when time's up. (requested by AzureNoire)
|
|t:|1758258058
|teamsize|p1|6
|teamsize|p2|6
|start
|switch|p1a: Ninetales|Ninetales-Alola, F, shiny|100/100
|switch|p2a: Mandibuzz|Mandibuzz, F|100/100
|-weather|Snowscape|[from] ability: Snow Warning|[of] p1a: Ninetales
|turn|1
|
|t:|1758258062
|move|p1a: Ninetales|Aurora Veil|p1a: Ninetales
|-sidestart|p1: Malamar000Q|move: Aurora Veil
|move|p2a: Mandibuzz|Toxic|p1a: Ninetales
|-status|p1a: Ninetales|tox
|
|-weather|Snowscape|[upkeep]
|-damage|p1a: Ninetales|95/100 tox|[from] psn
|upkeep
|turn|2
|
|t:|1758258067
|move|p1a: Ninetales|Moonblast|p2a: Mandibuzz
|-supereffective|p2a: Mandibuzz
|-damage|p2a: Mandibuzz|54/100
|move|p2a: Mandibuzz|Roost|p2a: Mandibuzz
|-heal|p2a: Mandibuzz|100/100
|-singleturn|p2a: Mandibuzz|move: Roost
|
|-weather|Snowscape|[upkeep]
|-damage|p1a: Ninetales|83/100 tox|[from] psn
|upkeep
|turn|3
|
|t:|1758258071
|move|p1a: Ninetales|Encore|p2a: Mandibuzz
|-start|p2a: Mandibuzz|Encore
|move|p2a: Mandibuzz|Roost||[still]
|-fail|p2a: Mandibuzz|heal
|
|-weather|Snowscape|[upkeep]
|-damage|p1a: Ninetales|65/100 tox|[from] psn
|upkeep
|turn|4
|
|t:|1758258075
|switch|p1a: Zamazenta|Zamazenta, shiny|100/100
|-ability|p1a: Zamazenta|Dauntless Shield|boost
|-boost|p1a: Zamazenta|def|1
|switch|p2a: Hatterene|Hatterene, F|100/100
|
|-weather|Snowscape|[upkeep]
|upkeep
|turn|5
|
|t:|1758258081
|move|p1a: Zamazenta|Substitute|p1a: Zamazenta
|-start|p1a: Zamazenta|Substitute
|-damage|p1a: Zamazenta|75/100
|move|p2a: Hatterene|Nuzzle|p1a: Zamazenta
|-activate|p1a: Zamazenta|move: Substitute|[damage]
|
|-weather|none
|-heal|p1a: Zamazenta|82/100|[from] item: Leftovers
|upkeep
|turn|6
|
|t:|1758258107
|move|p1a: Zamazenta|Iron Defense|p1a: Zamazenta
|-boost|p1a: Zamazenta|def|2
|move|p2a: Hatterene|Calm Mind|p2a: Hatterene
|-boost|p2a: Hatterene|spa|1
|-boost|p2a: Hatterene|spd|1
|
|-heal|p1a: Zamazenta|88/100|[from] item: Leftovers
|upkeep
|turn|7
|inactive|AzureNoire has 120 seconds left.
|
|t:|1758258158
|move|p1a: Zamazenta|Iron Defense|p1a: Zamazenta
|-boost|p1a: Zamazenta|def|2
|move|p2a: Hatterene|Draining Kiss|p1a: Zamazenta
|-supereffective|p1a: Zamazenta
|-end|p1a: Zamazenta|Substitute
|
|-heal|p1a: Zamazenta|94/100|[from] item: Leftovers
|upkeep
|turn|8
|
|t:|1758258165
|-terastallize|p1a: Zamazenta|Fire
|move|p1a: Zamazenta|Substitute|p1a: Zamazenta
|-start|p1a: Zamazenta|Substitute
|-damage|p1a: Zamazenta|69/100
|move|p2a: Hatterene|Draining Kiss|p1a: Zamazenta
|-resisted|p1a: Zamazenta
|-activate|p1a: Zamazenta|move: Substitute|[damage]
|
|-heal|p1a: Zamazenta|75/100|[from] item: Leftovers
|-sideend|p1: Malamar000Q|move: Aurora Veil
|upkeep
|turn|9
|
|t:|1758258182
|move|p1a: Zamazenta|Body Press|p2a: Hatterene
|-resisted|p2a: Hatterene
|-damage|p2a: Hatterene|70/100
|move|p2a: Hatterene|Calm Mind|p2a: Hatterene
|-boost|p2a: Hatterene|spa|1
|-boost|p2a: Hatterene|spd|1
|
|-heal|p1a: Zamazenta|81/100|[from] item: Leftovers
|upkeep
|turn|10
|
|t:|1758258190
|move|p1a: Zamazenta|Body Press|p2a: Hatterene
|-resisted|p2a: Hatterene
|-damage|p2a: Hatterene|43/100
|move|p2a: Hatterene|Psyshock|p1a: Zamazenta
|-activate|p1a: Zamazenta|move: Substitute|[damage]
|
|-heal|p1a: Zamazenta|88/100|[from] item: Leftovers
|upkeep
|turn|11
|
|t:|1758258203
|move|p1a: Zamazenta|Body Press|p2a: Hatterene
|-resisted|p2a: Hatterene
|-damage|p2a: Hatterene|17/100
|move|p2a: Hatterene|Psyshock|p1a: Zamazenta
|-end|p1a: Zamazenta|Substitute
|
|-heal|p1a: Zamazenta|94/100|[from] item: Leftovers
|upkeep
|turn|12
|
|t:|1758258219
|move|p1a: Zamazenta|Substitute|p1a: Zamazenta
|-start|p1a: Zamazenta|Substitute
|-damage|p1a: Zamazenta|69/100
|move|p2a: Hatterene|Nuzzle|p1a: Zamazenta
|-activate|p1a: Zamazenta|move: Substitute|[damage]
|
|-heal|p1a: Zamazenta|75/100|[from] item: Leftovers
|upkeep
|turn|13
|
|t:|1758258230
|move|p1a: Zamazenta|Iron Defense|p1a: Zamazenta
|-boost|p1a: Zamazenta|def|1
|move|p2a: Hatterene|Draining Kiss|p1a: Zamazenta
|-resisted|p1a: Zamazenta
|-activate|p1a: Zamazenta|move: Substitute|[damage]
|-heal|p2a: Hatterene|36/100|[from] drain|[of] p1a: Zamazenta
|
|-heal|p1a: Zamazenta|81/100|[from] item: Leftovers
|upkeep
|turn|14
|
|t:|1758258235
|move|p1a: Zamazenta|Body Press|p2a: Hatterene
|-resisted|p2a: Hatterene
|-damage|p2a: Hatterene|6/100
|move|p2a: Hatterene|Calm Mind|p2a: Hatterene
|-boost|p2a: Hatterene|spa|1
|-boost|p2a: Hatterene|spd|1
|
|-heal|p1a: Zamazenta|87/100|[from] item: Leftovers
|upkeep
|turn|15
|
|t:|1758258239
|move|p1a: Zamazenta|Body Press|p2a: Hatterene
|-resisted|p2a: Hatterene
|-damage|p2a: Hatterene|0 fnt
|faint|p2a: Hatterene
|
|-heal|p1a: Zamazenta|94/100|[from] item: Leftovers
|upkeep
|
|t:|1758258247
|switch|p2a: Lokix|Lokix, F|100/100
|turn|16
|
|t:|1758258255
|move|p2a: Lokix|First Impression|p1a: Zamazenta
|-resisted|p1a: Zamazenta
|-end|p1a: Zamazenta|Substitute
|move|p1a: Zamazenta|Body Press|p2a: Lokix
|-damage|p2a: Lokix|0 fnt
|faint|p2a: Lokix
|
|-heal|p1a: Zamazenta|99/100|[from] item: Leftovers
|upkeep
|
|t:|1758258261
|switch|p2a: Armarouge|Armarouge, F|100/100
|turn|17
|
|t:|1758258271
|move|p1a: Zamazenta|Body Press|p2a: Armarouge
|-resisted|p2a: Armarouge
|-damage|p2a: Armarouge|45/100
|-ability|p2a: Armarouge|Weak Armor|boost
|-unboost|p2a: Armarouge|def|1
|-boost|p2a: Armarouge|spe|2
|move|p2a: Armarouge|Iron Defense|p2a: Armarouge
|-boost|p2a: Armarouge|def|2
|
|-heal|p1a: Zamazenta|100/100|[from] item: Leftovers
|upkeep
|turn|18
|inactive|Malamar000Q has 120 seconds left.
|
|t:|1758258316
|move|p2a: Armarouge|Iron Defense|p2a: Armarouge
|-boost|p2a: Armarouge|def|2
|move|p1a: Zamazenta|Body Press|p2a: Armarouge
|-resisted|p2a: Armarouge
|-damage|p2a: Armarouge|21/100
|-ability|p2a: Armarouge|Weak Armor|boost
|-unboost|p2a: Armarouge|def|1
|-boost|p2a: Armarouge|spe|2
|
|upkeep
|turn|19
|
|t:|1758258322
|move|p2a: Armarouge|Stored Power|p1a: Zamazenta
|-damage|p1a: Zamazenta|58/100
|move|p1a: Zamazenta|Body Press|p2a: Armarouge
|-resisted|p2a: Armarouge
|-damage|p2a: Armarouge|0 fnt
|faint|p2a: Armarouge
|
|-heal|p1a: Zamazenta|64/100|[from] item: Leftovers
|upkeep
|
|t:|1758258326
|switch|p2a: Mandibuzz|Mandibuzz, F|100/100
|turn|20
|
|t:|1758258331
|move|p1a: Zamazenta|Substitute|p1a: Zamazenta
|-start|p1a: Zamazenta|Substitute
|-damage|p1a: Zamazenta|39/100
|move|p2a: Mandibuzz|Toxic||[still]
|-fail|p2a: Mandibuzz
|
|-heal|p1a: Zamazenta|45/100|[from] item: Leftovers
|upkeep
|turn|21
|
|t:|1758258336
|move|p1a: Zamazenta|Body Press|p2a: Mandibuzz
|-damage|p2a: Mandibuzz|4/100
|move|p2a: Mandibuzz|Foul Play|p1a: Zamazenta
|-activate|p1a: Zamazenta|move: Substitute|[damage]
|
|-heal|p1a: Zamazenta|51/100|[from] item: Leftovers
|-heal|p2a: Mandibuzz|10/100|[from] item: Leftovers
|upkeep
|turn|22
|
|t:|1758258341
|move|p1a: Zamazenta|Body Press|p2a: Mandibuzz
|-damage|p2a: Mandibuzz|0 fnt
|faint|p2a: Mandibuzz
|
|-heal|p1a: Zamazenta|57/100|[from] item: Leftovers
|upkeep
|-message|AzureNoire forfeited.
|
|win|Malamar000Q
|raw|Malamar000Q's rating: 1406 &rarr; <strong>1426</strong><br />(+20 for winning)
|raw|AzureNoire's rating: 1405 &rarr; <strong>1385</strong><br />(-20 for losing)
|l|☆AzureNoire
|player|p2|
|l|☆Malamar000Q
|player|p1|
