|j|☆LovetoLivetoLie
|j|☆moriggan
|t:|1758363713
|gametype|singles
|player|p1|LovetoLivetoLie|1|1125
|player|p2|moriggan|cheryl|1105
|gen|9
|tier|[Gen 9] OU
|rated|
|rule|HP Percentage Mod: HP is shown in percentages
|rule|Endless Battle Clause: Forcing endless battles is banned
|rule|Species Clause: Limit one of each Pokémon
|rule|OHKO Clause: OHKO moves are banned
|rule|Evasion Items Clause: Evasion items are banned
|rule|Evasion Moves Clause: Evasion moves are banned
|rule|Evasion Abilities Clause: Evasion abilities are banned
|rule|Sleep Moves Clause: Sleep-inducing moves are banned
|clearpoke
|poke|p1|Scizor, F|
|poke|p1|Ceruledge, F|
|poke|p1|Dragonite, M|
|poke|p1|Great Tusk|
|poke|p1|Hatterene, F|
|poke|p1|Iron Moth|
|poke|p2|Chandelure, M|
|poke|p2|Froslass, F|
|poke|p2|Dragapult, F|
|poke|p2|Gholdengo|
|poke|p2|Mimikyu, F|
|poke|p2|Spiritomb, M|
|teampreview
|
|t:|1758363720
|teamsize|p1|6
|teamsize|p2|6
|start
|switch|p1a: Scizor|Scizor, F|100/100
|switch|p2a: Spiritomb|Spiritomb, M, shiny|100/100
|-ability|p2a: Spiritomb|Pressure
|turn|1
|inactive|Battle timer is ON: inactive players will automatically lose when time's up. (requested by moriggan)
|l|☆LovetoLivetoLie
|inactive|LovetoLivetoLie disconnected and has a minute to reconnect!
|player|p1|
|j|☆LovetoLivetoLie
|inactive|LovetoLivetoLie reconnected and has 130 seconds left.
|player|p1|LovetoLivetoLie|1|
|
|t:|1758363772
|move|p1a: Scizor|U-turn|p2a: Spiritomb
|-damage|p2a: Spiritomb|33/100
|
|t:|1758363775
|switch|p1a: Hatterene|Hatterene, F|100/100|[from] U-turn
|move|p2a: Spiritomb|Will-O-Wisp|p1a: Hatterene
|move|p1a: Hatterene|Will-O-Wisp|p2a: Spiritomb|[from] ability: Magic Bounce
|-status|p2a: Spiritomb|brn
|
|-heal|p2a: Spiritomb|40/100 brn|[from] item: Leftovers
|-damage|p2a: Spiritomb|33/100 brn|[from] brn
|upkeep
|turn|2
|
|t:|1758363790
|move|p1a: Hatterene|Dazzling Gleam|p2a: Spiritomb
|-supereffective|p2a: Spiritomb
|-damage|p2a: Spiritomb|0 fnt
|faint|p2a: Spiritomb
|
|upkeep
|
|t:|1758363793
|switch|p2a: Gholdengo|Gholdengo, shiny|100/100
|-item|p2a: Gholdengo|Air Balloon
|turn|3
|
|t:|1758363798
|move|p2a: Gholdengo|Make It Rain|p1a: Hatterene
|-supereffective|p1a: Hatterene
|-damage|p1a: Hatterene|0 fnt
|-unboost|p2a: Gholdengo|spa|1
|faint|p1a: Hatterene
|
|upkeep
|
|t:|1758363808
|switch|p1a: Ceruledge|Ceruledge, F|100/100
|turn|4
|
|t:|1758363819
|move|p1a: Ceruledge|Bitter Blade|p2a: Gholdengo
|-supereffective|p2a: Gholdengo
|-damage|p2a: Gholdengo|18/100
|-enditem|p2a: Gholdengo|Air Balloon
|move|p2a: Gholdengo|Shadow Ball|p1a: Ceruledge
|-supereffective|p1a: Ceruledge
|-damage|p1a: Ceruledge|39/100
|-unboost|p1a: Ceruledge|spd|1
|
|-heal|p1a: Ceruledge|45/100|[from] item: Leftovers
|upkeep
|turn|5
|
|t:|1758363827
|move|p1a: Ceruledge|Bitter Blade|p2a: Gholdengo
|-supereffective|p2a: Gholdengo
|-damage|p2a: Gholdengo|0 fnt
|-heal|p1a: Ceruledge|53/100|[from] drain|[of] p2a: Gholdengo
|faint|p2a: Gholdengo
|
|-heal|p1a: Ceruledge|59/100|[from] item: Leftovers
|upkeep
|
|t:|1758363834
|switch|p2a: Mimikyu|Mimikyu, F, shiny|100/100
|turn|6
|
|t:|1758363841
|move|p1a: Ceruledge|Shadow Sneak|p2a: Mimikyu
|-activate|p2a: Mimikyu|ability: Disguise
|-damage|p2a: Mimikyu|100/100
|detailschange|p2a: Mimikyu|Mimikyu-Busted, F, shiny
|-damage|p2a: Mimikyu|88/100|[from] pokemon: Mimikyu-Busted
|move|p2a: Mimikyu|Swords Dance|p2a: Mimikyu
|-boost|p2a: Mimikyu|atk|2
|
|-heal|p1a: Ceruledge|65/100|[from] item: Leftovers
|upkeep
|turn|7
|
|t:|1758363858
|move|p2a: Mimikyu|Shadow Sneak|p1a: Ceruledge
|-supereffective|p1a: Ceruledge
|-damage|p1a: Ceruledge|0 fnt
|faint|p1a: Ceruledge
|-damage|p2a: Mimikyu|78/100|[from] item: Life Orb
|
|upkeep
|
|t:|1758363864
|switch|p1a: Scizor|Scizor, F|100/100
|turn|8
|
|t:|1758363876
|move|p2a: Mimikyu|Swords Dance|p2a: Mimikyu
|-boost|p2a: Mimikyu|atk|2
|move|p1a: Scizor|Knock Off|p2a: Mimikyu
|-crit|p2a: Mimikyu
|-damage|p2a: Mimikyu|0 fnt
|-enditem|p2a: Mimikyu|Life Orb|[from] move: Knock Off|[of] p1a: Scizor
|faint|p2a: Mimikyu
|
|upkeep
|
|t:|1758363881
|switch|p2a: Chandelure|Chandelure, M, shiny|100/100
|-item|p2a: Chandelure|Air Balloon
|turn|9
|
|t:|1758363891
|switch|p1a: Iron Moth|Iron Moth|100/100
|move|p2a: Chandelure|Calm Mind|p2a: Chandelure
|-boost|p2a: Chandelure|spa|1
|-boost|p2a: Chandelure|spd|1
|
|upkeep
|turn|10
|
|t:|1758363910
|move|p1a: Iron Moth|Fiery Dance|p2a: Chandelure
|-start|p2a: Chandelure|ability: Flash Fire
|move|p2a: Chandelure|Shadow Ball|p1a: Iron Moth
|-damage|p1a: Iron Moth|42/100
|
|upkeep
|turn|11
|
|t:|1758363917
|move|p1a: Iron Moth|Sludge Wave|p2a: Chandelure
|-resisted|p2a: Chandelure
|-damage|p2a: Chandelure|79/100
|-enditem|p2a: Chandelure|Air Balloon
|move|p2a: Chandelure|Calm Mind|p2a: Chandelure
|-boost|p2a: Chandelure|spa|1
|-boost|p2a: Chandelure|spd|1
|
|upkeep
|turn|12
|
|t:|1758363924
|move|p1a: Iron Moth|Sludge Wave|p2a: Chandelure
|-resisted|p2a: Chandelure
|-damage|p2a: Chandelure|63/100
|move|p2a: Chandelure|Shadow Ball|p1a: Iron Moth
|-damage|p1a: Iron Moth|0 fnt
|faint|p1a: Iron Moth
|-end|p1a: Iron Moth|Quark Drive|[silent]
|
|upkeep
|
|t:|1758363937
|switch|p1a: Great Tusk|Great Tusk|100/100
|turn|13
|
|t:|1758363941
|move|p1a: Great Tusk|Headlong Rush|p2a: Chandelure
|-supereffective|p2a: Chandelure
|-damage|p2a: Chandelure|0 fnt
|-unboost|p1a: Great Tusk|def|1
|-unboost|p1a: Great Tusk|spd|1
|faint|p2a: Chandelure
|
|upkeep
|
|t:|1758363945
|switch|p2a: Froslass|Froslass, F, shiny|100/100
|turn|14
|
|t:|1758363958
|-terastallize|p1a: Great Tusk|Water
|move|p1a: Great Tusk|Headlong Rush|p2a: Froslass
|-damage|p2a: Froslass|37/100
|-unboost|p1a: Great Tusk|def|1
|-unboost|p1a: Great Tusk|spd|1
|move|p2a: Froslass|Ice Beam|p1a: Great Tusk
|-resisted|p1a: Great Tusk
|-damage|p1a: Great Tusk|66/100
|
|upkeep
|turn|15
|
|t:|1758363969
|move|p1a: Great Tusk|Headlong Rush|p2a: Froslass
|-damage|p2a: Froslass|0 fnt
|-unboost|p1a: Great Tusk|def|1
|-unboost|p1a: Great Tusk|spd|1
|-start|p1a: Great Tusk|Disable|Headlong Rush|[from] ability: Cursed Body|[of] p2a: Froslass
|faint|p2a: Froslass
|
|upkeep
|
|t:|1758363971
|switch|p2a: Dragapult|Dragapult, F|100/100
|turn|16
|
|t:|1758363978
|move|p2a: Dragapult|Dragon Dance|p2a: Dragapult
|-boost|p2a: Dragapult|atk|1
|-boost|p2a: Dragapult|spe|1
|move|p1a: Great Tusk|Ice Spinner|p2a: Dragapult
|-supereffective|p2a: Dragapult
|-damage|p2a: Dragapult|46/100
|
|-heal|p2a: Dragapult|52/100|[from] item: Leftovers
|upkeep
|turn|17
|
|t:|1758363985
|move|p2a: Dragapult|Dragon Darts|p1a: Great Tusk
|-damage|p1a: Great Tusk|16/100
|-anim|p2a: Dragapult|Dragon Darts|p1a: Great Tusk
|-damage|p1a: Great Tusk|0 fnt
|faint|p1a: Great Tusk
|-end|p1a: Great Tusk|Protosynthesis|[silent]
|
|-heal|p2a: Dragapult|58/100|[from] item: Leftovers
|upkeep
|
|t:|1758363990
|switch|p1a: Scizor|Scizor, F|100/100
|turn|18
|
|t:|1758363993
|move|p1a: Scizor|Bullet Punch|p2a: Dragapult
|-damage|p2a: Dragapult|0 fnt
|faint|p2a: Dragapult
|
|win|LovetoLivetoLie
|raw|LovetoLivetoLie's rating: 1125 &rarr; <strong>1149</strong><br />(+24 for winning)
|raw|moriggan's rating: 1105 &rarr; <strong>1081</strong><br />(-24 for losing)
|l|☆moriggan
|player|p2|
|l|☆LovetoLivetoLie
|player|p1|
