|j|☆WeR#4Hay!
|j|☆cattoungue2681
|t:|1758291658
|gametype|singles
|player|p1|WeR#4Hay!|266|1568
|player|p2|cattoungue2681|1|1546
|gen|9
|tier|[Gen 9] OU
|rated|
|rule|HP Percentage Mod: HP is shown in percentages
|rule|Endless Battle Clause: Forcing endless battles is banned
|rule|Species Clause: Limit one of each Pokémon
|rule|OHKO Clause: OHKO moves are banned
|rule|Evasion Items Clause: Evasion items are banned
|rule|Evasion Moves Clause: Evasion moves are banned
|rule|Evasion Abilities Clause: Evasion abilities are banned
|rule|Sleep Moves Clause: Sleep-inducing moves are banned
|clearpoke
|poke|p1|Hydrapple, M|
|poke|p1|Slowking, F|
|poke|p1|Iron Treads|
|poke|p1|Moltres|
|poke|p1|Zamazenta-*|
|poke|p1|Kingambit, F|
|poke|p2|Pelipper, M|
|poke|p2|Barraskewda, M|
|poke|p2|Tornadus-Therian, M|
|poke|p2|Greninja-*, M|
|poke|p2|Iron Treads|
|poke|p2|Raging Bolt|
|teampreview
|inactive|Battle timer is ON: inactive players will automatically lose when time's up. (requested by cattoungue2681)
|
|t:|1758291664
|teamsize|p1|6
|teamsize|p2|6
|start
|switch|p1a: Hydrapple|Hydrapple, M|100/100
|switch|p2a: Pelipper|Pelipper, M, shiny|100/100
|-weather|RainDance|[from] ability: Drizzle|[of] p2a: Pelipper
|turn|1
|
|t:|1758291668
|move|p1a: Hydrapple|Leaf Storm|p2a: Pelipper
|-damage|p2a: Pelipper|6/100
|-unboost|p1a: Hydrapple|spa|2
|-damage|p1a: Hydrapple|91/100|[from] item: Life Orb
|move|p2a: Pelipper|U-turn|p1a: Hydrapple
|-supereffective|p1a: Hydrapple
|-damage|p1a: Hydrapple|75/100
|
|t:|1758291678
|switch|p2a: Tornadus|Tornadus-Therian, M, shiny|100/100|[from] U-turn
|
|-weather|RainDance|[upkeep]
|upkeep
|turn|2
|
|t:|1758291681
|switch|p1a: Slowking|Slowking, F|100/100
|move|p2a: Tornadus|Hurricane|p1a: Slowking
|-damage|p1a: Slowking|58/100
|-start|p1a: Slowking|confusion
|
|-weather|RainDance|[upkeep]
|upkeep
|turn|3
|
|t:|1758291686
|move|p2a: Tornadus|Hurricane|p1a: Slowking
|-damage|p1a: Slowking|15/100
|-activate|p1a: Slowking|confusion
|move|p1a: Slowking|Thunder Wave|p2a: Tornadus
|-status|p2a: Tornadus|par
|
|-weather|RainDance|[upkeep]
|upkeep
|turn|4
|
|t:|1758291691
|switch|p1a: Iron Treads|Iron Treads|100/100
|move|p2a: Tornadus|Hurricane|p1a: Iron Treads
|-resisted|p1a: Iron Treads
|-damage|p1a: Iron Treads|69/100
|
|-weather|RainDance|[upkeep]
|-heal|p1a: Iron Treads|75/100|[from] item: Leftovers
|upkeep
|turn|5
|
|t:|1758291700
|move|p1a: Iron Treads|Ice Spinner|p2a: Tornadus
|-supereffective|p2a: Tornadus
|-damage|p2a: Tornadus|44/100 par
|cant|p2a: Tornadus|par
|
|-weather|RainDance|[upkeep]
|-heal|p1a: Iron Treads|81/100|[from] item: Leftovers
|upkeep
|turn|6
|
|t:|1758291716
|switch|p2a: Iron Treads|Iron Treads, shiny|100/100
|move|p1a: Iron Treads|Ice Spinner|p2a: Iron Treads
|-damage|p2a: Iron Treads|83/100
|-enditem|p2a: Iron Treads|Eject Button
|
|t:|1758291726
|-end|p2a: Iron Treads|Quark Drive|[silent]
|switch|p2a: Barraskewda|Barraskewda, M, shiny|100/100
|
|-weather|RainDance|[upkeep]
|-heal|p1a: Iron Treads|87/100|[from] item: Leftovers
|upkeep
|turn|7
|
|t:|1758291730
|-end|p1a: Iron Treads|Quark Drive|[silent]
|switch|p1a: Hydrapple|Hydrapple, M|100/100
|move|p2a: Barraskewda|Flip Turn|p1a: Hydrapple
|-resisted|p1a: Hydrapple
|-damage|p1a: Hydrapple|85/100
|
|t:|1758291736
|switch|p2a: Greninja|Greninja, M|100/100|[from] Flip Turn
|
|-weather|RainDance|[upkeep]
|upkeep
|turn|8
|
|t:|1758291741
|switch|p1a: TheTransGambit|Kingambit, F|100/100
|move|p2a: Greninja|Dark Pulse|p1a: TheTransGambit
|-resisted|p1a: TheTransGambit
|-damage|p1a: TheTransGambit|80/100
|-damage|p2a: Greninja|91/100|[from] item: Life Orb
|
|-weather|none
|-heal|p1a: TheTransGambit|86/100|[from] item: Leftovers
|upkeep
|turn|9
|
|t:|1758291747
|switch|p2a: Iron Treads|Iron Treads, shiny|83/100
|move|p1a: TheTransGambit|Kowtow Cleave|p2a: Iron Treads
|-damage|p2a: Iron Treads|37/100
|
|-heal|p1a: TheTransGambit|92/100|[from] item: Leftovers
|upkeep
|turn|10
|inactive|WeR#4Hay! has 120 seconds left.
|
|t:|1758291804
|-end|p1a: TheTransGambit|fallenundefined|[silent]
|switch|p1a: Zamazenta|Zamazenta|100/100
|-ability|p1a: Zamazenta|Dauntless Shield|boost
|-boost|p1a: Zamazenta|def|1
|move|p2a: Iron Treads|Stealth Rock|p1a: Zamazenta
|-sidestart|p1: WeR#4Hay!|move: Stealth Rock
|
|upkeep
|turn|11
|
|t:|1758291814
|-end|p2a: Iron Treads|Quark Drive|[silent]
|switch|p2a: Pelipper|Pelipper, M, shiny|6/100
|-weather|RainDance|[from] ability: Drizzle|[of] p2a: Pelipper
|move|p1a: Zamazenta|Close Combat|p2a: Pelipper
|-resisted|p2a: Pelipper
|-damage|p2a: Pelipper|0 fnt
|-unboost|p1a: Zamazenta|def|1
|-unboost|p1a: Zamazenta|spd|1
|faint|p2a: Pelipper
|
|-weather|RainDance|[upkeep]
|upkeep
|
|t:|1758291818
|switch|p2a: Barraskewda|Barraskewda, M, shiny|100/100
|turn|12
|
|t:|1758291822
|switch|p1a: Hydrapple|Hydrapple, M|100/100
|-damage|p1a: Hydrapple|88/100|[from] Stealth Rock
|move|p2a: Barraskewda|Flip Turn|p1a: Hydrapple
|-resisted|p1a: Hydrapple
|-damage|p1a: Hydrapple|74/100
|
|t:|1758291826
|switch|p2a: Greninja|Greninja, M|91/100|[from] Flip Turn
|
|-weather|RainDance|[upkeep]
|upkeep
|turn|13
|
|t:|1758291830
|switch|p1a: TheTransGambit|Kingambit, F|92/100
|-damage|p1a: TheTransGambit|86/100|[from] Stealth Rock
|move|p2a: Greninja|Ice Beam|p1a: TheTransGambit
|-resisted|p1a: TheTransGambit
|-damage|p1a: TheTransGambit|70/100
|-damage|p2a: Greninja|81/100|[from] item: Life Orb
|
|-weather|RainDance|[upkeep]
|-heal|p1a: TheTransGambit|76/100|[from] item: Leftovers
|upkeep
|turn|14
|
|t:|1758291836
|move|p1a: TheTransGambit|Sucker Punch|p2a: Greninja
|-resisted|p2a: Greninja
|-damage|p2a: Greninja|47/100
|move|p2a: Greninja|Surf|p1a: TheTransGambit
|-crit|p1a: TheTransGambit
|-damage|p1a: TheTransGambit|0 fnt
|faint|p1a: TheTransGambit
|-end|p1a: TheTransGambit|fallenundefined|[silent]
|-ability|p2a: Greninja|Battle Bond|boost
|-boost|p2a: Greninja|atk|1
|-boost|p2a: Greninja|spa|1
|-boost|p2a: Greninja|spe|1
|-activate|p2a: Greninja|ability: Battle Bond
|-damage|p2a: Greninja|37/100|[from] item: Life Orb
|
|-weather|RainDance|[upkeep]
|upkeep
|inactive|WeR#4Hay! has 120 seconds left.
|inactive|WeR#4Hay! has 90 seconds left.
|
|t:|1758291896
|switch|p1a: Zamazenta|Zamazenta|100/100
|-damage|p1a: Zamazenta|94/100|[from] Stealth Rock
|turn|15
|
|t:|1758291910
|move|p2a: Greninja|Surf|p1a: Zamazenta
|-damage|p1a: Zamazenta|0 fnt
|faint|p1a: Zamazenta
|-damage|p2a: Greninja|27/100|[from] item: Life Orb
|
|-weather|RainDance|[upkeep]
|upkeep
|c|☆WeR#4Hay!|fuck
|c|☆WeR#4Hay!|i forgot about the speed
|inactive|WeR#4Hay! has 90 seconds left.
|c|☆WeR#4Hay!|gg
|
|t:|1758291929
|switch|p1a: Hydrapple|Hydrapple, M|100/100
|-damage|p1a: Hydrapple|88/100|[from] Stealth Rock
|turn|16
|
|t:|1758291932
|-terastallize|p1a: Hydrapple|Poison
|move|p2a: Greninja|Ice Beam|p1a: Hydrapple
|-damage|p1a: Hydrapple|36/100
|-damage|p2a: Greninja|17/100|[from] item: Life Orb
|move|p1a: Hydrapple|Fickle Beam|p2a: Greninja|[anim] Fickle Beam All Out
|-activate|p1a: Hydrapple|move: Fickle Beam
|-damage|p2a: Greninja|0 fnt
|faint|p2a: Greninja
|-damage|p1a: Hydrapple|26/100|[from] item: Life Orb
|
|-weather|RainDance|[upkeep]
|upkeep
|
|t:|1758291936
|switch|p2a: Barraskewda|Barraskewda, M, shiny|100/100
|turn|17
|
|t:|1758291943
|switch|p1a: Slowking|Slowking, F|48/100
|-terastallize|p2a: Barraskewda|Water
|move|p2a: Barraskewda|Liquidation|p1a: Slowking
|-resisted|p1a: Slowking
|-damage|p1a: Slowking|0 fnt
|faint|p1a: Slowking
|
|-weather|RainDance|[upkeep]
|upkeep
|
|t:|1758291949
|switch|p1a: Hydrapple|Hydrapple, M, tera:Poison|59/100
|-damage|p1a: Hydrapple|47/100|[from] Stealth Rock
|turn|18
|
|t:|1758291952
|switch|p1a: Moltres|Moltres|100/100
|move|p2a: Barraskewda|Liquidation|p1a: Moltres
|-supereffective|p1a: Moltres
|-damage|p1a: Moltres|0 fnt
|faint|p1a: Moltres
|
|-weather|none
|upkeep
|
|t:|1758291953
|switch|p1a: Hydrapple|Hydrapple, M, tera:Poison|80/100
|-damage|p1a: Hydrapple|68/100|[from] Stealth Rock
|turn|19
|
|t:|1758291957
|move|p2a: Barraskewda|Liquidation|p1a: Hydrapple
|-damage|p1a: Hydrapple|0 fnt
|faint|p1a: Hydrapple
|
|upkeep
|-message|WeR#4Hay! forfeited.
|
|win|cattoungue2681
|raw|WeR#4Hay!'s rating: 1568 &rarr; <strong>1547</strong><br />(-21 for losing)
|raw|cattoungue2681's rating: 1546 &rarr; <strong>1567</strong><br />(+21 for winning)
|l|☆WeR#4Hay!
|player|p1|
|l|☆cattoungue2681
|player|p2|
