|j|☆Rabzzz
|j|☆wssi
|t:|1758234620
|gametype|singles
|player|p1|Rabzzz|#mwpvimurkrows|1724
|player|p2|wssi|266|1725
|gen|9
|tier|[Gen 9] OU
|rated|
|rule|HP Percentage Mod: HP is shown in percentages
|rule|Endless Battle Clause: Forcing endless battles is banned
|rule|Species Clause: Limit one of each Pokémon
|rule|OHKO Clause: OHKO moves are banned
|rule|Evasion Items Clause: Evasion items are banned
|rule|Evasion Moves Clause: Evasion moves are banned
|rule|Evasion Abilities Clause: Evasion abilities are banned
|rule|Sleep Moves Clause: Sleep-inducing moves are banned
|clearpoke
|poke|p1|Cinderace, M|
|poke|p1|Dragapult, M|
|poke|p1|Ogerpon-Cornerstone, F|
|poke|p1|Ceruledge, M|
|poke|p1|Hatterene, F|
|poke|p1|Landorus-Therian, M|
|poke|p2|Dragonite, F|
|poke|p2|Gholdengo|
|poke|p2|Regidrago|
|poke|p2|Scizor, F|
|poke|p2|Ting-Lu|
|poke|p2|Weezing-Galar, M|
|teampreview
|inactive|Battle timer is ON: inactive players will automatically lose when time's up. (requested by wssi)
|
|t:|1758234642
|teamsize|p1|6
|teamsize|p2|6
|start
|switch|p1a: Landorus|Landorus-Therian, M|100/100
|switch|p2a: Regidrago|Regidrago|100/100
|-ability|p1a: Landorus|Intimidate|boost
|-unboost|p2a: Regidrago|atk|1
|turn|1
|
|t:|1758234647
|move|p1a: Landorus|U-turn|p2a: Regidrago
|-damage|p2a: Regidrago|69/100
|
|t:|1758234653
|switch|p1a: Hatterene|Hatterene, F|100/100|[from] U-turn
|move|p2a: Regidrago|Dragon Energy|p1a: Hatterene
|-immune|p1a: Hatterene
|
|upkeep
|turn|2
|
|t:|1758234658
|switch|p2a: Gholdengo|Gholdengo|100/100
|switch|p1a: Landorus|Landorus-Therian, M|100/100
|-ability|p1a: Landorus|Intimidate|boost
|-unboost|p2a: Gholdengo|atk|1
|
|upkeep
|turn|3
|
|t:|1758234673
|move|p1a: Landorus|U-turn|p2a: Gholdengo
|-resisted|p2a: Gholdengo
|-damage|p2a: Gholdengo|93/100
|
|t:|1758234675
|switch|p1a: Cinderace|Cinderace, M|100/100|[from] U-turn
|move|p2a: Gholdengo|Make It Rain|p1a: Cinderace
|-resisted|p1a: Cinderace
|-damage|p1a: Cinderace|52/100
|-unboost|p2a: Gholdengo|spa|1
|
|upkeep
|turn|4
|
|t:|1758234680
|switch|p2a: Weezing|Weezing-Galar, M|100/100
|-ability|p2a: Weezing|Neutralizing Gas
|move|p1a: Cinderace|U-turn|p2a: Weezing
|-resisted|p2a: Weezing
|-damage|p2a: Weezing|97/100
|
|t:|1758234692
|switch|p1a: Dragapult|Dragapult, M|100/100|[from] U-turn
|
|upkeep
|turn|5
|
|t:|1758234702
|-end|p2a: Weezing|ability: Neutralizing Gas
|switch|p2a: Ting-Lu|Ting-Lu|100/100
|-ability|p2a: Ting-Lu|Vessel of Ruin
|move|p1a: Dragapult|Light Screen|p1a: Dragapult
|-sidestart|p1: Rabzzz|move: Light Screen
|
|upkeep
|turn|6
|
|t:|1758234711
|move|p1a: Dragapult|U-turn|p2a: Ting-Lu
|-supereffective|p2a: Ting-Lu
|-damage|p2a: Ting-Lu|81/100
|
|t:|1758234713
|switch|p1a: Hatterene|Hatterene, F|100/100|[from] U-turn
|move|p2a: Ting-Lu|Ruination|p1a: Hatterene
|-damage|p1a: Hatterene|50/100
|-enditem|p1a: Hatterene|Eject Button
|
|t:|1758234718
|switch|p1a: Ogerpon|Ogerpon-Cornerstone, F|100/100
|
|-heal|p2a: Ting-Lu|87/100|[from] item: Leftovers
|upkeep
|turn|7
|
|t:|1758234738
|switch|p2a: Weezing|Weezing-Galar, M|97/100
|-ability|p2a: Weezing|Neutralizing Gas
|move|p1a: Ogerpon|Power Whip|p2a: Weezing
|-resisted|p2a: Weezing
|-damage|p2a: Weezing|76/100
|
|upkeep
|turn|8
|
|t:|1758234750
|switch|p1a: Ceruledge|Ceruledge, M|100/100
|move|p2a: Weezing|Sludge Bomb|p1a: Ceruledge
|-resisted|p1a: Ceruledge
|-damage|p1a: Ceruledge|93/100
|-status|p1a: Ceruledge|psn
|
|-damage|p1a: Ceruledge|81/100 psn|[from] psn
|upkeep
|turn|9
|
|t:|1758234770
|-end|p2a: Weezing|ability: Neutralizing Gas
|switch|p2a: Ting-Lu|Ting-Lu|87/100
|-ability|p2a: Ting-Lu|Vessel of Ruin
|move|p1a: Ceruledge|Swords Dance|p1a: Ceruledge
|-boost|p1a: Ceruledge|atk|2
|
|-heal|p2a: Ting-Lu|93/100|[from] item: Leftovers
|-damage|p1a: Ceruledge|69/100 psn|[from] psn
|upkeep
|turn|10
|
|t:|1758234775
|move|p1a: Ceruledge|Bitter Blade|p2a: Ting-Lu
|-damage|p2a: Ting-Lu|37/100
|-heal|p1a: Ceruledge|100/100 psn|[from] drain|[of] p2a: Ting-Lu
|move|p2a: Ting-Lu|Earthquake|p1a: Ceruledge
|-supereffective|p1a: Ceruledge
|-enditem|p1a: Ceruledge|Focus Sash
|-damage|p1a: Ceruledge|1/100 psn
|-ability|p1a: Ceruledge|Weak Armor|boost
|-unboost|p1a: Ceruledge|def|1
|-boost|p1a: Ceruledge|spe|2
|
|-heal|p2a: Ting-Lu|43/100|[from] item: Leftovers
|-damage|p1a: Ceruledge|0 fnt|[from] psn
|faint|p1a: Ceruledge
|upkeep
|
|t:|1758234785
|switch|p1a: Ogerpon|Ogerpon-Cornerstone, F|100/100
|turn|11
|
|t:|1758234795
|move|p1a: Ogerpon|Swords Dance|p1a: Ogerpon
|-boost|p1a: Ogerpon|atk|2
|move|p2a: Ting-Lu|Earthquake|p1a: Ogerpon
|-damage|p1a: Ogerpon|50/100
|
|-heal|p2a: Ting-Lu|49/100|[from] item: Leftovers
|upkeep
|turn|12
|
|t:|1758234804
|switch|p2a: Weezing|Weezing-Galar, M|76/100
|-ability|p2a: Weezing|Neutralizing Gas
|move|p1a: Ogerpon|Power Whip|p2a: Weezing
|-resisted|p2a: Weezing
|-damage|p2a: Weezing|31/100
|
|-sideend|p1: Rabzzz|move: Light Screen
|upkeep
|turn|13
|
|t:|1758234808
|move|p1a: Ogerpon|Ivy Cudgel|p2a: Weezing|[anim] Ivy Cudgel Rock
|-crit|p2a: Weezing
|-damage|p2a: Weezing|0 fnt
|faint|p2a: Weezing
|-end|p2a: Weezing|ability: Neutralizing Gas
|
|upkeep
|
|t:|1758234813
|switch|p2a: Scizor|Scizor, F|100/100
|turn|14
|
|t:|1758234826
|switch|p1a: Landorus|Landorus-Therian, M|100/100
|-ability|p1a: Landorus|Intimidate|boost
|-unboost|p2a: Scizor|atk|1
|-terastallize|p2a: Scizor|Steel
|move|p2a: Scizor|Bullet Punch|p1a: Landorus
|-damage|p1a: Landorus|44/100
|
|upkeep
|turn|15
|
|t:|1758234843
|switch|p1a: Cinderace|Cinderace, M|52/100
|move|p2a: Scizor|Bullet Punch|p1a: Cinderace
|-resisted|p1a: Cinderace
|-damage|p1a: Cinderace|24/100
|
|upkeep
|turn|16
|
|t:|1758234851
|switch|p1a: Hatterene|Hatterene, F|50/100
|move|p2a: Scizor|Bullet Punch|p1a: Hatterene
|-supereffective|p1a: Hatterene
|-damage|p1a: Hatterene|0 fnt
|faint|p1a: Hatterene
|
|upkeep
|
|t:|1758234853
|switch|p1a: Dragapult|Dragapult, M|100/100
|turn|17
|
|t:|1758234858
|switch|p2a: Ting-Lu|Ting-Lu|49/100
|-ability|p2a: Ting-Lu|Vessel of Ruin
|move|p1a: Dragapult|Reflect|p1a: Dragapult
|-sidestart|p1: Rabzzz|Reflect
|
|-heal|p2a: Ting-Lu|56/100|[from] item: Leftovers
|upkeep
|turn|18
|
|t:|1758234869
|move|p1a: Dragapult|U-turn|p2a: Ting-Lu
|-supereffective|p2a: Ting-Lu
|-damage|p2a: Ting-Lu|37/100
|
|t:|1758234873
|switch|p1a: Ogerpon|Ogerpon-Cornerstone, F|50/100|[from] U-turn
|move|p2a: Ting-Lu|Earthquake|p1a: Ogerpon
|-damage|p1a: Ogerpon|27/100
|
|-heal|p2a: Ting-Lu|43/100|[from] item: Leftovers
|upkeep
|turn|19
|
|t:|1758234883
|switch|p1a: Cinderace|Cinderace, M|24/100
|move|p2a: Ting-Lu|Earthquake|p1a: Cinderace
|-supereffective|p1a: Cinderace
|-damage|p1a: Cinderace|0 fnt
|faint|p1a: Cinderace
|
|-heal|p2a: Ting-Lu|49/100|[from] item: Leftovers
|upkeep
|-message|Rabzzz forfeited.
|
|win|wssi
|raw|Rabzzz's rating: 1724 &rarr; <strong>1704</strong><br />(-20 for losing)
|raw|wssi's rating: 1725 &rarr; <strong>1745</strong><br />(+20 for winning)
|l|☆Rabzzz
|player|p1|
|c|☆wssi|gg
|l|☆wssi
|player|p2|
