|j|☆untold schemes
|j|☆kelsey fiona
|t:|1758373882
|gametype|singles
|player|p1|untold schemes|swimmerf-gen4|1395
|player|p2|kelsey fiona|101|1408
|gen|9
|tier|[Gen 9] OU
|rated|
|rule|HP Percentage Mod: HP is shown in percentages
|rule|Endless Battle Clause: Forcing endless battles is banned
|rule|Species Clause: Limit one of each Pokémon
|rule|OHKO Clause: OHKO moves are banned
|rule|Evasion Items Clause: Evasion items are banned
|rule|Evasion Moves Clause: Evasion moves are banned
|rule|Evasion Abilities Clause: Evasion abilities are banned
|rule|Sleep Moves Clause: Sleep-inducing moves are banned
|clearpoke
|poke|p1|Dragonite, F|
|poke|p1|Darkrai|
|poke|p1|Ogerpon-Wellspring, F|
|poke|p1|Mimikyu, M|
|poke|p1|Primarina, F|
|poke|p1|Landorus-Therian, M|
|poke|p2|Scovillain, F|
|poke|p2|Hatterene, F|
|poke|p2|Slither Wing|
|poke|p2|Corviknight, M|
|poke|p2|Torkoal, F|
|poke|p2|Walking Wake|
|teampreview
|inactive|Battle timer is ON: inactive players will automatically lose when time's up. (requested by untold schemes)
|l|☆kelsey fiona
|inactive|kelsey fiona disconnected and has a minute to reconnect!
|player|p2|
|j|☆kelsey fiona
|inactive|kelsey fiona reconnected.
|player|p2|kelsey fiona|101|
|inactive|untold schemes has 120 seconds left.
|
|t:|1758373947
|teamsize|p1|6
|teamsize|p2|6
|start
|switch|p1a: Primarina|Primarina, F|100/100
|switch|p2a: Torkoal|Torkoal, F|100/100
|-weather|SunnyDay|[from] ability: Drought|[of] p2a: Torkoal
|turn|1
|
|t:|1758373965
|move|p1a: Primarina|Moonblast|p2a: Torkoal
|-resisted|p2a: Torkoal
|-damage|p2a: Torkoal|65/100
|move|p2a: Torkoal|Stealth Rock|p1a: Primarina
|-sidestart|p1: untold schemes|move: Stealth Rock
|
|-weather|SunnyDay|[upkeep]
|upkeep
|turn|2
|
|t:|1758373972
|switch|p2a: Slither Wing|Slither Wing|100/100
|-activate|p2a: Slither Wing|ability: Protosynthesis
|-start|p2a: Slither Wing|protosynthesisspd
|move|p1a: Primarina|Moonblast|p2a: Slither Wing
|-supereffective|p2a: Slither Wing
|-damage|p2a: Slither Wing|65/100
|-unboost|p2a: Slither Wing|spa|1
|
|-weather|SunnyDay|[upkeep]
|upkeep
|turn|3
|
|t:|1758373981
|move|p1a: Primarina|Moonblast|p2a: Slither Wing
|-supereffective|p2a: Slither Wing
|-damage|p2a: Slither Wing|26/100
|move|p2a: Slither Wing|U-turn|p1a: Primarina
|-resisted|p1a: Primarina
|-damage|p1a: Primarina|77/100
|
|t:|1758373991
|-end|p2a: Slither Wing|Protosynthesis|[silent]
|switch|p2a: Scovillain|Scovillain, F|100/100|[from] U-turn
|
|-weather|SunnyDay|[upkeep]
|upkeep
|turn|4
|
|t:|1758373995
|move|p2a: Scovillain|Solar Beam||[still]
|-prepare|p2a: Scovillain|Solar Beam
|-anim|p2a: Scovillain|Solar Beam|p1a: Primarina
|-supereffective|p1a: Primarina
|-damage|p1a: Primarina|0 fnt
|faint|p1a: Primarina
|
|-weather|SunnyDay|[upkeep]
|upkeep
|
|t:|1758374001
|switch|p1a: Dragonite|Dragonite, F|100/100
|turn|5
|inactive|kelsey fiona has 120 seconds left.
|
|t:|1758374039
|switch|p2a: Hatterene|Hatterene, F|100/100
|move|p1a: Dragonite|Earthquake|p2a: Hatterene
|-damage|p2a: Hatterene|57/100
|-enditem|p2a: Hatterene|Eject Button
|
|t:|1758374051
|switch|p2a: Walking Wake|Walking Wake|100/100
|-activate|p2a: Walking Wake|ability: Protosynthesis
|-start|p2a: Walking Wake|protosynthesisspa
|
|-weather|SunnyDay|[upkeep]
|upkeep
|turn|6
|
|t:|1758374055
|move|p2a: Walking Wake|Draco Meteor|p1a: Dragonite
|-supereffective|p1a: Dragonite
|-damage|p1a: Dragonite|0 fnt
|-unboost|p2a: Walking Wake|spa|2
|faint|p1a: Dragonite
|
|-weather|SunnyDay|[upkeep]
|upkeep
|
|t:|1758374059
|switch|p1a: Mimikyu|Mimikyu, M|100/100
|-damage|p1a: Mimikyu|88/100|[from] Stealth Rock
|turn|7
|
|t:|1758374065
|-end|p2a: Walking Wake|Protosynthesis|[silent]
|switch|p2a: Slither Wing|Slither Wing|26/100
|-activate|p2a: Slither Wing|ability: Protosynthesis
|-start|p2a: Slither Wing|protosynthesisspd
|move|p1a: Mimikyu|Swords Dance|p1a: Mimikyu
|-boost|p1a: Mimikyu|atk|2
|
|-weather|SunnyDay|[upkeep]
|upkeep
|turn|8
|
|t:|1758374070
|move|p2a: Slither Wing|First Impression|p1a: Mimikyu
|-activate|p1a: Mimikyu|ability: Disguise
|-damage|p1a: Mimikyu|88/100
|detailschange|p1a: Mimikyu|Mimikyu-Busted, M
|-damage|p1a: Mimikyu|76/100|[from] pokemon: Mimikyu-Busted
|move|p1a: Mimikyu|Shadow Claw|p2a: Slither Wing
|-damage|p2a: Slither Wing|0 fnt
|faint|p2a: Slither Wing
|-end|p2a: Slither Wing|Protosynthesis|[silent]
|-damage|p1a: Mimikyu|66/100|[from] item: Life Orb
|
|-weather|none
|upkeep
|
|t:|1758374094
|switch|p2a: Walking Wake|Walking Wake|100/100
|turn|9
|
|t:|1758374099
|switch|p1a: Ogerpon|Ogerpon-Wellspring, F|100/100
|-damage|p1a: Ogerpon|88/100|[from] Stealth Rock
|-terastallize|p2a: Walking Wake|Water
|move|p2a: Walking Wake|Hydro Steam|p1a: Ogerpon
|-heal|p1a: Ogerpon|100/100|[from] ability: Water Absorb|[of] p2a: Walking Wake
|
|upkeep
|turn|10
|
|t:|1758374105
|-end|p2a: Walking Wake|Protosynthesis|[silent]
|switch|p2a: Torkoal|Torkoal, F|65/100
|-weather|SunnyDay|[from] ability: Drought|[of] p2a: Torkoal
|move|p1a: Ogerpon|Ivy Cudgel|p2a: Torkoal|[anim] Ivy Cudgel Water
|-supereffective|p2a: Torkoal
|-damage|p2a: Torkoal|33/100
|
|-weather|SunnyDay|[upkeep]
|upkeep
|turn|11
|
|t:|1758374114
|switch|p1a: Landorus|Landorus-Therian, M|100/100
|-damage|p1a: Landorus|88/100|[from] Stealth Rock
|-ability|p1a: Landorus|Intimidate|boost
|-unboost|p2a: Torkoal|atk|1
|switch|p2a: Corviknight|Corviknight, M|100/100
|-ability|p2a: Corviknight|Pressure
|
|-weather|SunnyDay|[upkeep]
|upkeep
|turn|12
|
|t:|1758374135
|move|p1a: Landorus|Stealth Rock|p2a: Corviknight
|-sidestart|p2: kelsey fiona|move: Stealth Rock
|move|p2a: Corviknight|Brave Bird|p1a: Landorus
|-damage|p1a: Landorus|50/100
|-damage|p2a: Corviknight|84/100|[from] item: Rocky Helmet|[of] p1a: Landorus
|-damage|p2a: Corviknight|72/100|[from] Recoil
|
|-weather|SunnyDay|[upkeep]
|upkeep
|turn|13
|
|t:|1758374149
|move|p1a: Landorus|Taunt|p2a: Corviknight
|-start|p2a: Corviknight|move: Taunt
|move|p2a: Corviknight|Brave Bird|p1a: Landorus
|-damage|p1a: Landorus|14/100
|-damage|p2a: Corviknight|55/100|[from] item: Rocky Helmet|[of] p1a: Landorus
|-damage|p2a: Corviknight|44/100|[from] Recoil
|
|-weather|SunnyDay|[upkeep]
|upkeep
|turn|14
|
|t:|1758374165
|move|p1a: Landorus|Earth Power|p2a: Corviknight
|-immune|p2a: Corviknight
|move|p2a: Corviknight|U-turn|p1a: Landorus
|-resisted|p1a: Landorus
|-damage|p1a: Landorus|7/100
|-damage|p2a: Corviknight|27/100|[from] item: Rocky Helmet|[of] p1a: Landorus
|
|t:|1758374176
|switch|p2a: Scovillain|Scovillain, F|100/100|[from] U-turn
|-damage|p2a: Scovillain|76/100|[from] Stealth Rock
|
|-weather|SunnyDay|[upkeep]
|upkeep
|turn|15
|
|t:|1758374191
|move|p2a: Scovillain|Flamethrower|p1a: Landorus
|-damage|p1a: Landorus|0 fnt
|faint|p1a: Landorus
|
|-weather|SunnyDay|[upkeep]
|upkeep
|
|t:|1758374193
|switch|p1a: Darkrai|Darkrai|100/100
|-damage|p1a: Darkrai|88/100|[from] Stealth Rock
|turn|16
|
|t:|1758374196
|move|p1a: Darkrai|Sludge Bomb|p2a: Scovillain
|-supereffective|p2a: Scovillain
|-damage|p2a: Scovillain|0 fnt
|faint|p2a: Scovillain
|
|-weather|SunnyDay|[upkeep]
|upkeep
|
|t:|1758374206
|switch|p2a: Corviknight|Corviknight, M|27/100
|-damage|p2a: Corviknight|15/100|[from] Stealth Rock
|-ability|p2a: Corviknight|Pressure
|turn|17
|
|t:|1758374209
|switch|p1a: Ogerpon|Ogerpon-Wellspring, F|100/100
|-damage|p1a: Ogerpon|88/100|[from] Stealth Rock
|move|p2a: Corviknight|U-turn|p1a: Ogerpon
|-supereffective|p1a: Ogerpon
|-damage|p1a: Ogerpon|49/100
|
|t:|1758374225
|switch|p2a: Hatterene|Hatterene, F|57/100|[from] U-turn
|-damage|p2a: Hatterene|45/100|[from] Stealth Rock
|
|-weather|none
|upkeep
|turn|18
|
|t:|1758374235
|move|p1a: Ogerpon|Ivy Cudgel|p2a: Hatterene|[anim] Ivy Cudgel Water
|-damage|p2a: Hatterene|0 fnt
|faint|p2a: Hatterene
|
|upkeep
|
|t:|1758374237
|switch|p2a: Torkoal|Torkoal, F|33/100
|-damage|p2a: Torkoal|8/100|[from] Stealth Rock
|-weather|SunnyDay|[from] ability: Drought|[of] p2a: Torkoal
|turn|19
|
|t:|1758374254
|move|p1a: Ogerpon|Knock Off|p2a: Torkoal
|-damage|p2a: Torkoal|0 fnt
|-enditem|p2a: Torkoal|Heat Rock|[from] move: Knock Off|[of] p1a: Ogerpon
|faint|p2a: Torkoal
|
|-weather|SunnyDay|[upkeep]
|upkeep
|
|t:|1758374256
|switch|p2a: Walking Wake|Walking Wake, tera:Water|100/100
|-damage|p2a: Walking Wake|88/100|[from] Stealth Rock
|-activate|p2a: Walking Wake|ability: Protosynthesis
|-start|p2a: Walking Wake|protosynthesisspa
|turn|20
|
|t:|1758374283
|move|p1a: Ogerpon|Ivy Cudgel|p2a: Walking Wake|[anim] Ivy Cudgel Water
|-resisted|p2a: Walking Wake
|-damage|p2a: Walking Wake|72/100
|move|p2a: Walking Wake|Weather Ball|p1a: Ogerpon
|-damage|p1a: Ogerpon|0 fnt
|faint|p1a: Ogerpon
|
|-weather|SunnyDay|[upkeep]
|upkeep
|
|t:|1758374291
|switch|p1a: Mimikyu|Mimikyu-Busted, M|66/100
|-damage|p1a: Mimikyu|53/100|[from] Stealth Rock
|turn|21
|
|t:|1758374297
|-terastallize|p1a: Mimikyu|Ghost
|move|p1a: Mimikyu|Shadow Sneak|p2a: Walking Wake
|-damage|p2a: Walking Wake|40/100
|-damage|p1a: Mimikyu|44/100|[from] item: Life Orb
|move|p2a: Walking Wake|Weather Ball|p1a: Mimikyu
|-crit|p1a: Mimikyu
|-damage|p1a: Mimikyu|0 fnt
|faint|p1a: Mimikyu
|
|-weather|SunnyDay|[upkeep]
|upkeep
|
|t:|1758374300
|switch|p1a: Darkrai|Darkrai|88/100
|-damage|p1a: Darkrai|76/100|[from] Stealth Rock
|turn|22
|
|t:|1758374307
|move|p1a: Darkrai|Dark Pulse|p2a: Walking Wake
|-damage|p2a: Walking Wake|0 fnt
|faint|p2a: Walking Wake
|-end|p2a: Walking Wake|Protosynthesis|[silent]
|
|-weather|SunnyDay|[upkeep]
|upkeep
|
|t:|1758374310
|switch|p2a: Corviknight|Corviknight, M|15/100
|-damage|p2a: Corviknight|3/100|[from] Stealth Rock
|-ability|p2a: Corviknight|Pressure
|turn|23
|c|☆untold schemes|Ez
|-message|kelsey fiona forfeited.
|
|win|untold schemes
|raw|untold schemes's rating: 1395 &rarr; <strong>1416</strong><br />(+21 for winning)
|raw|kelsey fiona's rating: 1408 &rarr; <strong>1387</strong><br />(-21 for losing)
|l|☆kelsey fiona
|player|p2|
|l|☆untold schemes
|player|p1|
