|j|☆aidan800
|j|☆gian_stifler
|t:|1758273970
|gametype|singles
|player|p1|aidan800|170|1193
|player|p2|gian_stifler|101|1222
|gen|9
|tier|[Gen 9] OU
|rated|
|rule|HP Percentage Mod: HP is shown in percentages
|rule|Endless Battle Clause: Forcing endless battles is banned
|rule|Species Clause: Limit one of each Pokémon
|rule|OHKO Clause: OHKO moves are banned
|rule|Evasion Items Clause: Evasion items are banned
|rule|Evasion Moves Clause: Evasion moves are banned
|rule|Evasion Abilities Clause: Evasion abilities are banned
|rule|Sleep Moves Clause: Sleep-inducing moves are banned
|clearpoke
|poke|p1|Iron Boulder|
|poke|p1|Garchomp, F|
|poke|p1|Slowking-Galar, F|
|poke|p1|Gholdengo|
|poke|p1|Meowscarada, M|
|poke|p1|Weavile, M|
|poke|p2|Ninetales-Alola, M|
|poke|p2|Beartic, F|
|poke|p2|Arcanine-Hisui, F|
|poke|p2|Walking Wake|
|poke|p2|Avalugg, M|
|poke|p2|Regice|
|teampreview
|
|t:|1758273993
|teamsize|p1|6
|teamsize|p2|6
|start
|switch|p1a: Iron Boulder|Iron Boulder|100/100
|switch|p2a: Ninetales|Ninetales-Alola, M|100/100
|-weather|Snowscape|[from] ability: Snow Warning|[of] p2a: Ninetales
|-enditem|p1a: Iron Boulder|Booster Energy
|-activate|p1a: Iron Boulder|ability: Quark Drive|[fromitem]
|-start|p1a: Iron Boulder|quarkdrivespe
|turn|1
|
|t:|1758274017
|move|p1a: Iron Boulder|Swords Dance|p1a: Iron Boulder
|-boost|p1a: Iron Boulder|atk|2
|move|p2a: Ninetales|Aurora Veil|p2a: Ninetales
|-sidestart|p2: gian_stifler|move: Aurora Veil
|
|-weather|Snowscape|[upkeep]
|upkeep
|turn|2
|
|t:|1758274026
|move|p1a: Iron Boulder|Swords Dance|p1a: Iron Boulder
|-boost|p1a: Iron Boulder|atk|2
|move|p2a: Ninetales|Moonblast|p1a: Iron Boulder
|-damage|p1a: Iron Boulder|73/100
|
|-weather|Snowscape|[upkeep]
|upkeep
|turn|3
|
|t:|1758274033
|move|p1a: Iron Boulder|Swords Dance|p1a: Iron Boulder
|-boost|p1a: Iron Boulder|atk|2
|move|p2a: Ninetales|Encore|p1a: Iron Boulder
|-start|p1a: Iron Boulder|Encore
|
|-weather|Snowscape|[upkeep]
|upkeep
|turn|4
|
|t:|1758274044
|switch|p2a: Beartic|Beartic, F|100/100
|move|p1a: Iron Boulder|Swords Dance|p1a: Iron Boulder
|-boost|p1a: Iron Boulder|atk|0
|
|-weather|Snowscape|[upkeep]
|upkeep
|turn|5
|
|t:|1758274060
|move|p1a: Iron Boulder|Swords Dance|p1a: Iron Boulder
|-boost|p1a: Iron Boulder|atk|0
|move|p2a: Beartic|Liquidation|p1a: Iron Boulder
|-supereffective|p1a: Iron Boulder
|-damage|p1a: Iron Boulder|0 fnt
|faint|p1a: Iron Boulder
|-end|p1a: Iron Boulder|Quark Drive|[silent]
|-damage|p2a: Beartic|91/100|[from] item: Life Orb
|
|-weather|Snowscape|[upkeep]
|-sideend|p2: gian_stifler|move: Aurora Veil
|upkeep
|
|t:|1758274075
|switch|p1a: Gholdengo|Gholdengo|100/100
|-item|p1a: Gholdengo|Air Balloon
|turn|6
|
|t:|1758274084
|move|p2a: Beartic|Liquidation|p1a: Gholdengo
|-damage|p1a: Gholdengo|68/100
|-unboost|p1a: Gholdengo|def|1
|-enditem|p1a: Gholdengo|Air Balloon
|-damage|p2a: Beartic|81/100|[from] item: Life Orb
|move|p1a: Gholdengo|Make It Rain|p2a: Beartic
|-supereffective|p2a: Beartic
|-damage|p2a: Beartic|0 fnt
|-unboost|p1a: Gholdengo|spa|1
|faint|p2a: Beartic
|
|-weather|Snowscape|[upkeep]
|upkeep
|
|t:|1758274105
|switch|p2a: Arcanine|Arcanine-Hisui, F|100/100
|-item|p2a: Arcanine|Air Balloon
|turn|7
|
|t:|1758274111
|switch|p1a: Garchomp|Garchomp, F|100/100
|move|p2a: Arcanine|Flare Blitz|p1a: Garchomp
|-resisted|p1a: Garchomp
|-damage|p1a: Garchomp|83/100
|-damage|p2a: Arcanine|88/100|[from] ability: Rough Skin|[of] p1a: Garchomp
|-damage|p2a: Arcanine|71/100|[from] item: Rocky Helmet|[of] p1a: Garchomp
|
|-weather|Snowscape|[upkeep]
|upkeep
|turn|8
|
|t:|1758274132
|switch|p2a: Ninetales|Ninetales-Alola, M|100/100
|move|p1a: Garchomp|Stealth Rock|p2a: Ninetales
|-sidestart|p2: gian_stifler|move: Stealth Rock
|
|-weather|none
|upkeep
|turn|9
|
|t:|1758274144
|switch|p1a: Gholdengo|Gholdengo|68/100
|move|p2a: Ninetales|Moonblast|p1a: Gholdengo
|-resisted|p1a: Gholdengo
|-damage|p1a: Gholdengo|55/100
|-unboost|p1a: Gholdengo|spa|1
|
|upkeep
|turn|10
|
|t:|1758274180
|switch|p2a: Regice|Regice|100/100
|-damage|p2a: Regice|76/100|[from] Stealth Rock
|-terastallize|p1a: Gholdengo|Steel
|move|p1a: Gholdengo|Make It Rain|p2a: Regice
|-supereffective|p2a: Regice
|-damage|p2a: Regice|32/100
|-unboost|p1a: Gholdengo|spa|1
|
|-heal|p2a: Regice|38/100|[from] item: Leftovers
|upkeep
|turn|11
|
|t:|1758274208
|switch|p1a: Meowscarada|Meowscarada, M|100/100
|switch|p2a: Ninetales|Ninetales-Alola, M|100/100
|-damage|p2a: Ninetales|76/100|[from] Stealth Rock
|-weather|Snowscape|[from] ability: Snow Warning|[of] p2a: Ninetales
|
|-weather|Snowscape|[upkeep]
|upkeep
|turn|12
|
|t:|1758274219
|switch|p2a: Avalugg|Avalugg, M|100/100
|-damage|p2a: Avalugg|76/100|[from] Stealth Rock
|move|p1a: Meowscarada|Flower Trick|p2a: Avalugg
|-start|p1a: Meowscarada|typechange|Grass|[from] ability: Protean
|-crit|p2a: Avalugg
|-damage|p2a: Avalugg|59/100
|
|-weather|Snowscape|[upkeep]
|-heal|p2a: Avalugg|65/100|[from] ability: Ice Body
|upkeep
|turn|13
|
|t:|1758274234
|move|p1a: Meowscarada|Low Kick|p2a: Avalugg
|-supereffective|p2a: Avalugg
|-damage|p2a: Avalugg|47/100
|move|p2a: Avalugg|Rapid Spin|p1a: Meowscarada
|-damage|p1a: Meowscarada|82/100
|-boost|p2a: Avalugg|spe|1
|-sideend|p2: gian_stifler|Stealth Rock|[from] move: Rapid Spin|[of] p2a: Avalugg
|
|-weather|Snowscape|[upkeep]
|-heal|p2a: Avalugg|53/100|[from] ability: Ice Body
|upkeep
|turn|14
|
|t:|1758274247
|move|p1a: Meowscarada|Knock Off|p2a: Avalugg
|-damage|p2a: Avalugg|45/100
|-enditem|p2a: Avalugg|Light Clay|[from] move: Knock Off|[of] p1a: Meowscarada
|move|p2a: Avalugg|Aurora Veil|p2a: Avalugg
|-sidestart|p2: gian_stifler|move: Aurora Veil
|
|-weather|Snowscape|[upkeep]
|-heal|p2a: Avalugg|51/100|[from] ability: Ice Body
|upkeep
|turn|15
|
|t:|1758274256
|move|p1a: Meowscarada|Low Kick|p2a: Avalugg
|-supereffective|p2a: Avalugg
|-damage|p2a: Avalugg|41/100
|move|p2a: Avalugg|Body Press|p1a: Meowscarada
|-damage|p1a: Meowscarada|23/100
|
|-weather|Snowscape|[upkeep]
|-heal|p2a: Avalugg|47/100|[from] ability: Ice Body
|upkeep
|turn|16
|
|t:|1758274263
|move|p1a: Meowscarada|Low Kick|p2a: Avalugg
|-supereffective|p2a: Avalugg
|-damage|p2a: Avalugg|37/100
|move|p2a: Avalugg|Recover|p2a: Avalugg
|-heal|p2a: Avalugg|87/100
|
|-weather|Snowscape|[upkeep]
|-heal|p2a: Avalugg|93/100|[from] ability: Ice Body
|upkeep
|turn|17
|
|t:|1758274271
|move|p1a: Meowscarada|U-turn|p2a: Avalugg
|-damage|p2a: Avalugg|90/100
|
|t:|1758274274
|switch|p1a: Garchomp|Garchomp, F|83/100|[from] U-turn
|move|p2a: Avalugg|Body Press|p1a: Garchomp
|-damage|p1a: Garchomp|59/100
|-damage|p2a: Avalugg|77/100|[from] ability: Rough Skin|[of] p1a: Garchomp
|-damage|p2a: Avalugg|61/100|[from] item: Rocky Helmet|[of] p1a: Garchomp
|
|-weather|Snowscape|[upkeep]
|-heal|p2a: Avalugg|67/100|[from] ability: Ice Body
|upkeep
|turn|18
|
|t:|1758274290
|move|p2a: Avalugg|Recover|p2a: Avalugg
|-heal|p2a: Avalugg|100/100
|move|p1a: Garchomp|Dragon Tail|p2a: Avalugg
|-damage|p2a: Avalugg|97/100
|drag|p2a: Walking Wake|Walking Wake|100/100
|-enditem|p2a: Walking Wake|Booster Energy
|-activate|p2a: Walking Wake|ability: Protosynthesis|[fromitem]
|-start|p2a: Walking Wake|protosynthesisspa
|
|-weather|none
|-sideend|p2: gian_stifler|move: Aurora Veil
|upkeep
|turn|19
|
|t:|1758274305
|move|p2a: Walking Wake|Surf|p1a: Garchomp
|-damage|p1a: Garchomp|1/100
|move|p1a: Garchomp|Dragon Tail|p2a: Walking Wake|[miss]
|-miss|p1a: Garchomp|p2a: Walking Wake
|
|upkeep
|turn|20
|
|t:|1758274314
|move|p2a: Walking Wake|Flamethrower|p1a: Garchomp
|-resisted|p1a: Garchomp
|-damage|p1a: Garchomp|0 fnt
|faint|p1a: Garchomp
|
|upkeep
|
|t:|1758274324
|switch|p1a: Meowscarada|Meowscarada, M|23/100
|turn|21
|
|t:|1758274334
|move|p1a: Meowscarada|Flower Trick|p2a: Walking Wake
|-start|p1a: Meowscarada|typechange|Grass|[from] ability: Protean
|-crit|p2a: Walking Wake
|-damage|p2a: Walking Wake|42/100
|move|p2a: Walking Wake|Flamethrower|p1a: Meowscarada
|-supereffective|p1a: Meowscarada
|-damage|p1a: Meowscarada|0 fnt
|faint|p1a: Meowscarada
|
|upkeep
|
|t:|1758274344
|switch|p1a: Weavile|Weavile, M|100/100
|-ability|p1a: Weavile|Pressure
|turn|22
|
|t:|1758274352
|-end|p2a: Walking Wake|Protosynthesis|[silent]
|switch|p2a: Avalugg|Avalugg, M|97/100
|move|p1a: Weavile|Triple Axel|p2a: Avalugg
|-resisted|p2a: Avalugg
|-damage|p2a: Avalugg|95/100
|-resisted|p2a: Avalugg
|-damage|p2a: Avalugg|90/100
|-resisted|p2a: Avalugg
|-damage|p2a: Avalugg|84/100
|-hitcount|p2a: Avalugg|3
|
|upkeep
|turn|23
|
|t:|1758274363
|switch|p1a: Gholdengo|Gholdengo, tera:Steel|55/100
|move|p2a: Avalugg|Body Press|p1a: Gholdengo
|-supereffective|p1a: Gholdengo
|-damage|p1a: Gholdengo|3/100
|
|upkeep
|turn|24
|
|t:|1758274374
|switch|p2a: Regice|Regice|38/100
|move|p1a: Gholdengo|Make It Rain|p2a: Regice
|-supereffective|p2a: Regice
|-damage|p2a: Regice|0 fnt
|-unboost|p1a: Gholdengo|spa|1
|faint|p2a: Regice
|
|upkeep
|
|t:|1758274388
|switch|p2a: Walking Wake|Walking Wake|42/100
|turn|25
|
|t:|1758274391
|switch|p1a: Slowking|Slowking-Galar, F|100/100
|move|p2a: Walking Wake|Flamethrower|p1a: Slowking
|-damage|p1a: Slowking|83/100
|
|upkeep
|turn|26
|
|t:|1758274403
|-end|p2a: Walking Wake|Protosynthesis|[silent]
|switch|p2a: Ninetales|Ninetales-Alola, M|76/100
|-weather|Snowscape|[from] ability: Snow Warning|[of] p2a: Ninetales
|move|p1a: Slowking|Future Sight|p2a: Ninetales
|-start|p1a: Slowking|move: Future Sight
|
|-weather|Snowscape|[upkeep]
|upkeep
|turn|27
|
|t:|1758274412
|move|p2a: Ninetales|Aurora Veil|p2a: Ninetales
|-sidestart|p2: gian_stifler|move: Aurora Veil
|move|p1a: Slowking|Sludge Bomb|p2a: Ninetales
|-supereffective|p2a: Ninetales
|-damage|p2a: Ninetales|53/100
|
|-weather|Snowscape|[upkeep]
|upkeep
|turn|28
|
|t:|1758274427
|switch|p2a: Arcanine|Arcanine-Hisui, F|71/100
|-item|p2a: Arcanine|Air Balloon
|move|p1a: Slowking|Sludge Bomb|p2a: Arcanine
|-resisted|p2a: Arcanine
|-damage|p2a: Arcanine|62/100
|-enditem|p2a: Arcanine|Air Balloon
|
|-weather|Snowscape|[upkeep]
|-end|p2a: Arcanine|move: Future Sight
|-damage|p2a: Arcanine|35/100
|upkeep
|turn|29
|
|t:|1758274444
|move|p2a: Arcanine|Flare Blitz|p1a: Slowking
|-damage|p1a: Slowking|29/100
|move|p1a: Slowking|Thunder Wave|p2a: Arcanine
|-status|p2a: Arcanine|par
|
|-weather|Snowscape|[upkeep]
|upkeep
|turn|30
|
|t:|1758274450
|move|p2a: Arcanine|Flare Blitz|p1a: Slowking
|-damage|p1a: Slowking|0 fnt
|faint|p1a: Slowking
|
|-weather|Snowscape|[upkeep]
|upkeep
|
|t:|1758274455
|switch|p1a: Weavile|Weavile, M|100/100
|-ability|p1a: Weavile|Pressure
|turn|31
|
|t:|1758274464
|move|p1a: Weavile|Knock Off|p2a: Arcanine
|-damage|p2a: Arcanine|16/100 par
|move|p2a: Arcanine|Flare Blitz|p1a: Weavile
|-supereffective|p1a: Weavile
|-damage|p1a: Weavile|0 fnt
|faint|p1a: Weavile
|
|-weather|Snowscape|[upkeep]
|-sideend|p2: gian_stifler|move: Aurora Veil
|upkeep
|
|t:|1758274472
|switch|p1a: Gholdengo|Gholdengo, tera:Steel|3/100
|turn|32
|
|t:|1758274477
|move|p1a: Gholdengo|Hex|p2a: Arcanine
|-damage|p2a: Arcanine|0 fnt
|faint|p2a: Arcanine
|
|-weather|Snowscape|[upkeep]
|upkeep
|c|☆gian_stifler|gg wp
|
|t:|1758274485
|switch|p2a: Walking Wake|Walking Wake|42/100
|turn|33
|
|t:|1758274489
|move|p2a: Walking Wake|Flamethrower|p1a: Gholdengo
|-supereffective|p1a: Gholdengo
|-damage|p1a: Gholdengo|0 fnt
|faint|p1a: Gholdengo
|
|win|gian_stifler
|raw|aidan800's rating: 1193 &rarr; <strong>1170</strong><br />(-23 for losing)
|raw|gian_stifler's rating: 1222 &rarr; <strong>1245</strong><br />(+23 for winning)
|l|☆aidan800
|player|p1|
|l|☆gian_stifler
|player|p2|
