|j|☆pekashew64
|j|☆constant sorrow
|t:|1758302427
|gametype|singles
|player|p1|pekashew64|tuber|1358
|player|p2|constant sorrow|iris-gen5bw2|1303
|gen|9
|tier|[Gen 9] OU
|rated|
|rule|HP Percentage Mod: HP is shown in percentages
|rule|Endless Battle Clause: Forcing endless battles is banned
|rule|Species Clause: Limit one of each Pokémon
|rule|OHKO Clause: OHKO moves are banned
|rule|Evasion Items Clause: Evasion items are banned
|rule|Evasion Moves Clause: Evasion moves are banned
|rule|Evasion Abilities Clause: Evasion abilities are banned
|rule|Sleep Moves Clause: Sleep-inducing moves are banned
|clearpoke
|poke|p1|Gholdengo|
|poke|p1|Great Tusk|
|poke|p1|Kingambit, F|
|poke|p1|Blissey, F|
|poke|p1|Cinderace, M|
|poke|p1|Iron Valiant|
|poke|p2|Donphan, F|
|poke|p2|Yanmega, M|
|poke|p2|Darkrai|
|poke|p2|Infernape, M|
|poke|p2|Orthworm, F|
|poke|p2|Blaziken, M|
|teampreview
|inactive|Battle timer is ON: inactive players will automatically lose when time's up. (requested by pekashew64)
|
|t:|1758302450
|teamsize|p1|6
|teamsize|p2|6
|start
|switch|p1a: Great Tusk|Great Tusk|100/100
|switch|p2a: Infernape|Infernape, M|100/100
|turn|1
|
|t:|1758302456
|move|p2a: Infernape|Flamethrower|p1a: Great Tusk
|-damage|p1a: Great Tusk|62/100
|move|p1a: Great Tusk|Stealth Rock|p2a: Infernape
|-sidestart|p2: constant sorrow|move: Stealth Rock
|
|-heal|p1a: Great Tusk|68/100|[from] item: Leftovers
|upkeep
|turn|2
|
|t:|1758302464
|switch|p2a: Orthworm|Orthworm, F|100/100
|-damage|p2a: Orthworm|94/100|[from] Stealth Rock
|-end|p1a: Great Tusk|Protosynthesis|[silent]
|switch|p1a: Cinderace|Cinderace, M|100/100
|
|-heal|p2a: Orthworm|100/100|[from] item: Leftovers
|upkeep
|turn|3
|
|t:|1758302471
|move|p1a: Cinderace|Pyro Ball|p2a: Orthworm
|-supereffective|p2a: Orthworm
|-damage|p2a: Orthworm|34/100
|move|p2a: Orthworm|Spikes|p1a: Cinderace
|-sidestart|p1: pekashew64|Spikes
|
|-heal|p2a: Orthworm|40/100|[from] item: Leftovers
|upkeep
|turn|4
|
|t:|1758302475
|move|p1a: Cinderace|Pyro Ball|p2a: Orthworm
|-supereffective|p2a: Orthworm
|-damage|p2a: Orthworm|0 fnt
|faint|p2a: Orthworm
|
|upkeep
|
|t:|1758302485
|switch|p2a: Donphan|Donphan, F|100/100
|turn|5
|
|t:|1758302489
|move|p1a: Cinderace|U-turn|p2a: Donphan
|-start|p1a: Cinderace|typechange|Bug|[from] ability: Libero
|-damage|p2a: Donphan|73/100
|
|t:|1758302492
|switch|p1a: Great Tusk|Great Tusk|68/100|[from] U-turn
|-damage|p1a: Great Tusk|55/100|[from] Spikes
|move|p2a: Donphan|Knock Off|p1a: Great Tusk
|-resisted|p1a: Great Tusk
|-damage|p1a: Great Tusk|44/100
|-enditem|p1a: Great Tusk|Leftovers|[from] move: Knock Off|[of] p2a: Donphan
|
|upkeep
|turn|6
|
|t:|1758302502
|move|p1a: Great Tusk|Rapid Spin|p2a: Donphan
|-damage|p2a: Donphan|61/100
|-boost|p1a: Great Tusk|spe|1
|-sideend|p1: pekashew64|Spikes|[from] move: Rapid Spin|[of] p1a: Great Tusk
|move|p2a: Donphan|Earthquake|p1a: Great Tusk
|-damage|p1a: Great Tusk|10/100
|
|upkeep
|turn|7
|
|t:|1758302509
|move|p1a: Great Tusk|Ice Spinner|p2a: Donphan
|-supereffective|p2a: Donphan
|-damage|p2a: Donphan|25/100
|move|p2a: Donphan|Rapid Spin|p1a: Great Tusk
|-damage|p1a: Great Tusk|0 fnt
|-boost|p2a: Donphan|spe|1
|-sideend|p2: constant sorrow|Stealth Rock|[from] move: Rapid Spin|[of] p2a: Donphan
|faint|p1a: Great Tusk
|-end|p1a: Great Tusk|Protosynthesis|[silent]
|
|upkeep
|
|t:|1758302518
|switch|p1a: Cinderace|Cinderace, M|100/100
|turn|8
|
|t:|1758302521
|move|p1a: Cinderace|Pyro Ball|p2a: Donphan
|-damage|p2a: Donphan|0 fnt
|faint|p2a: Donphan
|
|upkeep
|
|t:|1758302528
|switch|p2a: Yanmega|Yanmega, M|100/100
|turn|9
|
|t:|1758302532
|-terastallize|p2a: Yanmega|Fire
|move|p1a: Cinderace|Pyro Ball|p2a: Yanmega|[miss]
|-miss|p1a: Cinderace|p2a: Yanmega
|move|p2a: Yanmega|Swords Dance|p2a: Yanmega
|-boost|p2a: Yanmega|atk|2
|
|-ability|p2a: Yanmega|Speed Boost|boost
|-boost|p2a: Yanmega|spe|1
|upkeep
|turn|10
|
|t:|1758302538
|move|p2a: Yanmega|Swords Dance|p2a: Yanmega
|-boost|p2a: Yanmega|atk|2
|move|p1a: Cinderace|High Jump Kick|p2a: Yanmega|[miss]
|-start|p1a: Cinderace|typechange|Fighting|[from] ability: Libero
|-miss|p1a: Cinderace|p2a: Yanmega
|-damage|p1a: Cinderace|51/100|[from] highjumpkick
|
|-ability|p2a: Yanmega|Speed Boost|boost
|-boost|p2a: Yanmega|spe|1
|upkeep
|turn|11
|
|t:|1758302543
|move|p2a: Yanmega|Tera Blast|p1a: Cinderace|[anim] Tera Blast Fire
|-damage|p1a: Cinderace|0 fnt
|faint|p1a: Cinderace
|
|-ability|p2a: Yanmega|Speed Boost|boost
|-boost|p2a: Yanmega|spe|1
|upkeep
|
|t:|1758302552
|switch|p1a: Iron Valiant|Iron Valiant|100/100
|-enditem|p1a: Iron Valiant|Booster Energy
|-activate|p1a: Iron Valiant|ability: Quark Drive|[fromitem]
|-start|p1a: Iron Valiant|quarkdrivespe
|turn|12
|
|t:|1758302558
|move|p2a: Yanmega|Tera Blast|p1a: Iron Valiant|[anim] Tera Blast Fire
|-damage|p1a: Iron Valiant|0 fnt
|faint|p1a: Iron Valiant
|-end|p1a: Iron Valiant|Quark Drive|[silent]
|
|-ability|p2a: Yanmega|Speed Boost|boost
|-boost|p2a: Yanmega|spe|1
|upkeep
|
|t:|1758302562
|switch|p1a: Blissey|Blissey, F|100/100
|turn|13
|
|t:|1758302565
|move|p2a: Yanmega|Leech Life|p1a: Blissey
|-damage|p1a: Blissey|10/100
|move|p1a: Blissey|Thunder Wave|p2a: Yanmega
|-status|p2a: Yanmega|par
|
|-heal|p1a: Blissey|16/100|[from] item: Leftovers
|-ability|p2a: Yanmega|Speed Boost|boost
|-boost|p2a: Yanmega|spe|1
|upkeep
|turn|14
|
|t:|1758302569
|move|p2a: Yanmega|Leech Life|p1a: Blissey
|-damage|p1a: Blissey|0 fnt
|faint|p1a: Blissey
|
|-ability|p2a: Yanmega|Speed Boost|boost
|-boost|p2a: Yanmega|spe|1
|upkeep
|
|t:|1758302573
|switch|p1a: Gholdengo|Gholdengo|100/100
|turn|15
|
|t:|1758302576
|move|p2a: Yanmega|Tera Blast|p1a: Gholdengo|[anim] Tera Blast Fire
|-supereffective|p1a: Gholdengo
|-crit|p1a: Gholdengo
|-damage|p1a: Gholdengo|0 fnt
|faint|p1a: Gholdengo
|
|upkeep
|
|t:|1758302578
|switch|p1a: Kingambit|Kingambit, F|100/100
|-activate|p1a: Kingambit|ability: Supreme Overlord
|-start|p1a: Kingambit|fallen5|[silent]
|turn|16
|
|t:|1758302580
|-terastallize|p1a: Kingambit|Ghost
|move|p2a: Yanmega|Tera Blast|p1a: Kingambit|[anim] Tera Blast Fire
|-damage|p1a: Kingambit|31/100
|move|p1a: Kingambit|Swords Dance|p1a: Kingambit
|-boost|p1a: Kingambit|atk|2
|
|-heal|p1a: Kingambit|37/100|[from] item: Leftovers
|upkeep
|turn|17
|
|t:|1758302587
|cant|p2a: Yanmega|par
|move|p1a: Kingambit|Kowtow Cleave|p2a: Yanmega
|-damage|p2a: Yanmega|0 fnt
|faint|p2a: Yanmega
|
|-heal|p1a: Kingambit|43/100|[from] item: Leftovers
|upkeep
|
|t:|1758302589
|switch|p2a: Darkrai|Darkrai|100/100
|turn|18
|
|t:|1758302597
|move|p2a: Darkrai|Dark Pulse|p1a: Kingambit
|-supereffective|p1a: Kingambit
|-damage|p1a: Kingambit|0 fnt
|faint|p1a: Kingambit
|-end|p1a: Kingambit|fallen5|[silent]
|
|win|constant sorrow
|raw|pekashew64's rating: 1358 &rarr; <strong>1335</strong><br />(-23 for losing)
|raw|constant sorrow's rating: 1303 &rarr; <strong>1326</strong><br />(+23 for winning)
|l|☆pekashew64
|player|p1|
