|j|☆Gen9oupipipi
|j|☆slowbro named paul
|t:|1758268753
|gametype|singles
|player|p1|Gen9oupipipi|red-gen7|1489
|player|p2|slowbro named paul|skierf|1441
|gen|9
|tier|[Gen 9] OU
|rated|
|rule|HP Percentage Mod: HP is shown in percentages
|rule|Endless Battle Clause: Forcing endless battles is banned
|rule|Species Clause: Limit one of each Pokémon
|rule|OHKO Clause: OHKO moves are banned
|rule|Evasion Items Clause: Evasion items are banned
|rule|Evasion Moves Clause: Evasion moves are banned
|rule|Evasion Abilities Clause: Evasion abilities are banned
|rule|Sleep Moves Clause: Sleep-inducing moves are banned
|clearpoke
|poke|p1|Glimmora, M|
|poke|p1|Gholdengo|
|poke|p1|Ting-Lu|
|poke|p1|Volcanion|
|poke|p1|Ninetales-Alola, M|
|poke|p1|Dragonite, M|
|poke|p2|Iron Crown|
|poke|p2|Weezing-Galar, M|
|poke|p2|Toedscruel, M|
|poke|p2|Skeledirge, M|
|poke|p2|Tauros-Paldea-Aqua, M|
|poke|p2|Tyranitar, M|
|teampreview
|inactive|Battle timer is ON: inactive players will automatically lose when time's up. (requested by slowbro named paul)
|
|t:|1758268775
|teamsize|p1|6
|teamsize|p2|6
|start
|switch|p1a: Ting-Lu|Ting-Lu, shiny|100/100
|switch|p2a: Weezing|Weezing-Galar, M|100/100
|-ability|p2a: Weezing|Neutralizing Gas
|turn|1
|
|t:|1758268786
|move|p2a: Weezing|Will-O-Wisp|p1a: Ting-Lu
|-status|p1a: Ting-Lu|brn
|move|p1a: Ting-Lu|Earthquake|p2a: Weezing
|-supereffective|p2a: Weezing
|-damage|p2a: Weezing|78/100
|
|-heal|p2a: Weezing|84/100|[from] item: Black Sludge
|-damage|p1a: Ting-Lu|94/100 brn|[from] brn
|upkeep
|turn|2
|
|t:|1758268794
|move|p2a: Weezing|Strange Steam|p1a: Ting-Lu
|-supereffective|p1a: Ting-Lu
|-crit|p1a: Ting-Lu
|-damage|p1a: Ting-Lu|36/100 brn
|move|p1a: Ting-Lu|Sand Tomb|p2a: Weezing
|-supereffective|p2a: Weezing
|-damage|p2a: Weezing|74/100
|-activate|p2a: Weezing|move: Sand Tomb|[of] p1a: Ting-Lu
|
|-heal|p2a: Weezing|80/100|[from] item: Black Sludge
|-heal|p1a: Ting-Lu|42/100 brn|[from] item: Leftovers
|-damage|p1a: Ting-Lu|36/100 brn|[from] brn
|-damage|p2a: Weezing|68/100|[from] move: Sand Tomb|[partiallytrapped]
|upkeep
|turn|3
|
|t:|1758268807
|switch|p1a: Glimmora|Glimmora, M, shiny|100/100
|move|p2a: Weezing|Strange Steam|p1a: Glimmora
|-resisted|p1a: Glimmora
|-damage|p1a: Glimmora|86/100
|
|-heal|p2a: Weezing|74/100|[from] item: Black Sludge
|-end|p2a: Weezing|Sand Tomb|[partiallytrapped]|[silent]
|upkeep
|turn|4
|
|t:|1758268812
|-end|p2a: Weezing|ability: Neutralizing Gas
|switch|p2a: Tyranitar|Tyranitar, M|100/100
|-weather|Sandstorm|[from] ability: Sand Stream|[of] p2a: Tyranitar
|move|p1a: Glimmora|Stealth Rock|p2a: Tyranitar
|-sidestart|p2: slowbro named paul|move: Stealth Rock
|
|-weather|Sandstorm|[upkeep]
|upkeep
|turn|5
|
|t:|1758268817
|-terastallize|p1a: Glimmora|Grass
|move|p1a: Glimmora|Energy Ball|p2a: Tyranitar
|-supereffective|p2a: Tyranitar
|-damage|p2a: Tyranitar|70/100
|move|p2a: Tyranitar|Earthquake|p1a: Glimmora
|-resisted|p1a: Glimmora
|-damage|p1a: Glimmora|71/100
|-activate|p1a: Glimmora|ability: Toxic Debris
|-sidestart|p2: slowbro named paul|move: Toxic Spikes
|
|-weather|Sandstorm|[upkeep]
|-damage|p1a: Glimmora|64/100|[from] Sandstorm
|upkeep
|turn|6
|
|t:|1758268829
|-terastallize|p2a: Tyranitar|Rock
|move|p1a: Glimmora|Mortal Spin|p2a: Tyranitar
|-resisted|p2a: Tyranitar
|-damage|p2a: Tyranitar|68/100
|-status|p2a: Tyranitar|psn
|move|p2a: Tyranitar|Stone Edge|p1a: Glimmora
|-damage|p1a: Glimmora|0 fnt
|-activate|p1a: Glimmora|ability: Toxic Debris
|-sidestart|p2: slowbro named paul|move: Toxic Spikes
|faint|p1a: Glimmora
|
|-weather|Sandstorm|[upkeep]
|-damage|p2a: Tyranitar|56/100 psn|[from] psn
|upkeep
|
|t:|1758268849
|switch|p1a: Ninetales|Ninetales-Alola, M|100/100
|-weather|Snowscape|[from] ability: Snow Warning|[of] p1a: Ninetales
|turn|7
|
|t:|1758268855
|switch|p2a: Weezing|Weezing-Galar, M|74/100
|-ability|p2a: Weezing|Neutralizing Gas
|-damage|p2a: Weezing|61/100|[from] Stealth Rock
|-sideend|p2: slowbro named paul|move: Toxic Spikes|[of] p2a: Weezing
|move|p1a: Ninetales|Aurora Veil|p1a: Ninetales
|-sidestart|p1: Gen9oupipipi|move: Aurora Veil
|
|-weather|Snowscape|[upkeep]
|-heal|p2a: Weezing|67/100|[from] item: Black Sludge
|upkeep
|turn|8
|
|t:|1758268871
|-end|p2a: Weezing|ability: Neutralizing Gas
|switch|p2a: Tyranitar|Tyranitar, M, tera:Rock|56/100 psn
|-damage|p2a: Tyranitar|43/100 psn|[from] Stealth Rock
|-weather|Sandstorm|[from] ability: Sand Stream|[of] p2a: Tyranitar
|move|p1a: Ninetales|Freeze-Dry|p2a: Tyranitar
|-crit|p2a: Tyranitar
|-damage|p2a: Tyranitar|32/100 psn
|
|-weather|Sandstorm|[upkeep]
|-damage|p1a: Ninetales|95/100|[from] Sandstorm
|-damage|p2a: Tyranitar|20/100 psn|[from] psn
|upkeep
|turn|9
|
|t:|1758268886
|switch|p1a: Volcanion|Volcanion|100/100
|move|p2a: Tyranitar|Knock Off|p1a: Volcanion
|-damage|p1a: Volcanion|85/100
|-enditem|p1a: Volcanion|Assault Vest|[from] move: Knock Off|[of] p2a: Tyranitar
|
|-weather|Sandstorm|[upkeep]
|-damage|p1a: Volcanion|79/100|[from] Sandstorm
|-damage|p2a: Tyranitar|7/100 psn|[from] psn
|upkeep
|turn|10
|
|t:|1758268896
|move|p1a: Volcanion|Steam Eruption|p2a: Tyranitar
|-supereffective|p2a: Tyranitar
|-damage|p2a: Tyranitar|0 fnt
|faint|p2a: Tyranitar
|
|-weather|Sandstorm|[upkeep]
|-damage|p1a: Volcanion|73/100|[from] Sandstorm
|upkeep
|
|t:|1758268898
|switch|p2a: Toedscruel|Toedscruel, M|100/100
|-damage|p2a: Toedscruel|94/100|[from] Stealth Rock
|turn|11
|
|t:|1758268905
|switch|p1a: Ninetales|Ninetales-Alola, M|95/100
|-weather|Snowscape|[from] ability: Snow Warning|[of] p1a: Ninetales
|move|p2a: Toedscruel|Giga Drain|p1a: Ninetales
|-damage|p1a: Ninetales|78/100
|-heal|p2a: Toedscruel|100/100|[from] drain|[of] p1a: Ninetales
|
|-weather|Snowscape|[upkeep]
|upkeep
|turn|12
|
|t:|1758268914
|switch|p2a: Iron Crown|Iron Crown|100/100
|-damage|p2a: Iron Crown|94/100|[from] Stealth Rock
|move|p1a: Ninetales|Freeze-Dry|p2a: Iron Crown
|-resisted|p2a: Iron Crown
|-damage|p2a: Iron Crown|86/100
|
|-weather|Snowscape|[upkeep]
|-heal|p2a: Iron Crown|92/100|[from] item: Leftovers
|upkeep
|turn|13
|
|t:|1758268920
|switch|p1a: Ting-Lu|Ting-Lu, shiny|36/100 brn
|-ability|p1a: Ting-Lu|Vessel of Ruin
|move|p2a: Iron Crown|Substitute|p2a: Iron Crown
|-start|p2a: Iron Crown|Substitute
|-damage|p2a: Iron Crown|67/100
|
|-weather|Snowscape|[upkeep]
|-heal|p2a: Iron Crown|74/100|[from] item: Leftovers
|-heal|p1a: Ting-Lu|42/100 brn|[from] item: Leftovers
|-damage|p1a: Ting-Lu|36/100 brn|[from] brn
|upkeep
|turn|14
|
|t:|1758268927
|move|p2a: Iron Crown|Calm Mind|p2a: Iron Crown
|-boost|p2a: Iron Crown|spa|1
|-boost|p2a: Iron Crown|spd|1
|move|p1a: Ting-Lu|Whirlwind|p2a: Iron Crown
|-end|p2a: Iron Crown|Quark Drive|[silent]
|drag|p2a: Tauros|Tauros-Paldea-Aqua, M|100/100
|-damage|p2a: Tauros|94/100|[from] Stealth Rock
|-ability|p2a: Tauros|Intimidate|boost
|-unboost|p1a: Ting-Lu|atk|1
|
|-weather|Snowscape|[upkeep]
|-heal|p2a: Tauros|100/100|[from] item: Leftovers
|-heal|p1a: Ting-Lu|42/100 brn|[from] item: Leftovers
|-damage|p1a: Ting-Lu|36/100 brn|[from] brn
|-sideend|p1: Gen9oupipipi|move: Aurora Veil
|upkeep
|turn|15
|
|t:|1758268938
|switch|p1a: Gholdengo|Gholdengo, shiny|100/100
|move|p2a: Tauros|Body Press|p1a: Gholdengo
|-immune|p1a: Gholdengo
|
|-weather|none
|upkeep
|turn|16
|
|t:|1758268948
|move|p2a: Tauros|Raging Bull|p1a: Gholdengo
|-damage|p1a: Gholdengo|66/100
|move|p1a: Gholdengo|Make It Rain|p2a: Tauros
|-resisted|p2a: Tauros
|-damage|p2a: Tauros|33/100
|-unboost|p1a: Gholdengo|spa|1
|
|-heal|p2a: Tauros|39/100|[from] item: Leftovers
|upkeep
|turn|17
|
|t:|1758268958
|move|p2a: Tauros|Bulk Up|p2a: Tauros
|-boost|p2a: Tauros|atk|1
|-boost|p2a: Tauros|def|1
|move|p1a: Gholdengo|Make It Rain|p2a: Tauros
|-resisted|p2a: Tauros
|-damage|p2a: Tauros|0 fnt
|-unboost|p1a: Gholdengo|spa|1
|faint|p2a: Tauros
|
|upkeep
|
|t:|1758268961
|switch|p2a: Toedscruel|Toedscruel, M|100/100
|-damage|p2a: Toedscruel|94/100|[from] Stealth Rock
|turn|18
|
|t:|1758268966
|switch|p1a: Ninetales|Ninetales-Alola, M|78/100
|-weather|Snowscape|[from] ability: Snow Warning|[of] p1a: Ninetales
|move|p2a: Toedscruel|Rapid Spin|p1a: Ninetales
|-damage|p1a: Ninetales|72/100
|-boost|p2a: Toedscruel|spe|1
|-sideend|p2: slowbro named paul|Stealth Rock|[from] move: Rapid Spin|[of] p2a: Toedscruel
|
|-weather|Snowscape|[upkeep]
|upkeep
|turn|19
|
|t:|1758268974
|move|p2a: Toedscruel|Acid Spray|p1a: Ninetales
|-supereffective|p1a: Ninetales
|-damage|p1a: Ninetales|48/100
|-unboost|p1a: Ninetales|spd|2
|move|p1a: Ninetales|Aurora Veil|p1a: Ninetales
|-sidestart|p1: Gen9oupipipi|move: Aurora Veil
|
|-weather|Snowscape|[upkeep]
|upkeep
|turn|20
|
|t:|1758268979
|move|p2a: Toedscruel|Earth Power|p1a: Ninetales
|-damage|p1a: Ninetales|11/100
|move|p1a: Ninetales|Freeze-Dry|p2a: Toedscruel
|-supereffective|p2a: Toedscruel
|-damage|p2a: Toedscruel|42/100
|
|-weather|Snowscape|[upkeep]
|upkeep
|turn|21
|
|t:|1758268984
|switch|p1a: Mega Dragonite|Dragonite, M|100/100
|move|p2a: Toedscruel|Acid Spray|p1a: Mega Dragonite
|-damage|p1a: Mega Dragonite|98/100
|-unboost|p1a: Mega Dragonite|spd|2
|
|-weather|Snowscape|[upkeep]
|upkeep
|turn|22
|
|t:|1758268994
|switch|p1a: Gholdengo|Gholdengo, shiny|66/100
|move|p2a: Toedscruel|Acid Spray|p1a: Gholdengo
|-immune|p1a: Gholdengo
|
|-weather|none
|upkeep
|turn|23
|
|t:|1758269000
|move|p2a: Toedscruel|Earth Power|p1a: Gholdengo
|-supereffective|p1a: Gholdengo
|-damage|p1a: Gholdengo|32/100
|move|p1a: Gholdengo|Shadow Ball|p2a: Toedscruel
|-damage|p2a: Toedscruel|6/100
|
|upkeep
|turn|24
|
|t:|1758269003
|move|p2a: Toedscruel|Earth Power|p1a: Gholdengo
|-supereffective|p1a: Gholdengo
|-damage|p1a: Gholdengo|0 fnt
|faint|p1a: Gholdengo
|
|upkeep
|
|t:|1758269011
|switch|p1a: Mega Dragonite|Dragonite, M|98/100
|turn|25
|
|t:|1758269020
|move|p2a: Toedscruel|Acid Spray|p1a: Mega Dragonite
|-damage|p1a: Mega Dragonite|92/100
|-unboost|p1a: Mega Dragonite|spd|2
|move|p1a: Mega Dragonite|Earthquake|p2a: Toedscruel
|-resisted|p2a: Toedscruel
|-crit|p2a: Toedscruel
|-damage|p2a: Toedscruel|0 fnt
|faint|p2a: Toedscruel
|
|upkeep
|
|t:|1758269023
|switch|p2a: Weezing|Weezing-Galar, M|67/100
|-ability|p2a: Weezing|Neutralizing Gas
|turn|26
|
|t:|1758269031
|switch|p1a: Volcanion|Volcanion|73/100
|move|p2a: Weezing|Acid Spray|p1a: Volcanion
|-damage|p1a: Volcanion|68/100
|-unboost|p1a: Volcanion|spd|2
|
|-heal|p2a: Weezing|73/100|[from] item: Black Sludge
|-sideend|p1: Gen9oupipipi|move: Aurora Veil
|upkeep
|turn|27
|
|t:|1758269042
|-end|p2a: Weezing|ability: Neutralizing Gas
|switch|p2a: Iron Crown|Iron Crown|74/100
|move|p1a: Volcanion|Earth Power|p2a: Iron Crown
|-supereffective|p2a: Iron Crown
|-damage|p2a: Iron Crown|40/100
|
|-heal|p2a: Iron Crown|47/100|[from] item: Leftovers
|upkeep
|turn|28
|
|t:|1758269050
|switch|p1a: Ting-Lu|Ting-Lu, shiny|36/100 brn
|-ability|p1a: Ting-Lu|Vessel of Ruin
|move|p2a: Iron Crown|Tachyon Cutter|p1a: Ting-Lu
|-damage|p1a: Ting-Lu|26/100 brn
|-damage|p1a: Ting-Lu|15/100 brn
|-hitcount|p1a: Ting-Lu|2
|
|-heal|p2a: Iron Crown|53/100|[from] item: Leftovers
|-heal|p1a: Ting-Lu|21/100 brn|[from] item: Leftovers
|-damage|p1a: Ting-Lu|15/100 brn|[from] brn
|upkeep
|turn|29
|
|t:|1758269059
|move|p2a: Iron Crown|Calm Mind|p2a: Iron Crown
|-boost|p2a: Iron Crown|spa|1
|-boost|p2a: Iron Crown|spd|1
|move|p1a: Ting-Lu|Earthquake|p2a: Iron Crown
|-supereffective|p2a: Iron Crown
|-damage|p2a: Iron Crown|20/100
|
|-heal|p2a: Iron Crown|26/100|[from] item: Leftovers
|-heal|p1a: Ting-Lu|21/100 brn|[from] item: Leftovers
|-damage|p1a: Ting-Lu|15/100 brn|[from] brn
|upkeep
|turn|30
|
|t:|1758269063
|move|p2a: Iron Crown|Tachyon Cutter|p1a: Ting-Lu
|-damage|p1a: Ting-Lu|0 fnt
|faint|p1a: Ting-Lu
|-hitcount|p1: Ting-Lu|1
|
|-heal|p2a: Iron Crown|32/100|[from] item: Leftovers
|upkeep
|
|t:|1758269082
|switch|p1a: Volcanion|Volcanion|68/100
|turn|31
|
|t:|1758269087
|move|p2a: Iron Crown|Psyshock|p1a: Volcanion
|-damage|p1a: Volcanion|32/100
|move|p1a: Volcanion|Flamethrower|p2a: Iron Crown
|-supereffective|p2a: Iron Crown
|-damage|p2a: Iron Crown|0 fnt
|faint|p2a: Iron Crown
|-end|p2a: Iron Crown|Quark Drive|[silent]
|
|upkeep
|
|t:|1758269095
|switch|p2a: Skeledirge|Skeledirge, M|100/100
|turn|32
|
|t:|1758269101
|move|p1a: Volcanion|Steam Eruption|p2a: Skeledirge
|-supereffective|p2a: Skeledirge
|-damage|p2a: Skeledirge|0 fnt
|faint|p2a: Skeledirge
|
|upkeep
|-message|slowbro named paul forfeited.
|
|win|Gen9oupipipi
|raw|Gen9oupipipi's rating: 1489 &rarr; <strong>1506</strong><br />(+17 for winning)
|raw|slowbro named paul's rating: 1441 &rarr; <strong>1424</strong><br />(-17 for losing)
|l|☆slowbro named paul
|player|p2|
|l|☆Gen9oupipipi
|player|p1|
