|j|☆bubblemeister
|j|☆John Mahmoud
|t:|1758291394
|gametype|singles
|player|p1|bubblemeister|102|1222
|player|p2|John Mahmoud|102|1222
|gen|9
|tier|[Gen 9] OU
|rated|
|rule|HP Percentage Mod: HP is shown in percentages
|rule|Endless Battle Clause: Forcing endless battles is banned
|rule|Species Clause: Limit one of each Pokémon
|rule|OHKO Clause: OHKO moves are banned
|rule|Evasion Items Clause: Evasion items are banned
|rule|Evasion Moves Clause: Evasion moves are banned
|rule|Evasion Abilities Clause: Evasion abilities are banned
|rule|Sleep Moves Clause: Sleep-inducing moves are banned
|clearpoke
|poke|p1|Hydrapple, M|
|poke|p1|Slowking, F|
|poke|p1|Great Tusk|
|poke|p1|Dragalge, F|
|poke|p1|Zamazenta-*|
|poke|p1|Kingambit, F|
|poke|p2|Great Tusk|
|poke|p2|Azumarill, M|
|poke|p2|Iron Crown|
|poke|p2|Zapdos|
|poke|p2|Cinderace, F|
|poke|p2|Dragapult, F|
|teampreview
|inactive|Battle timer is ON: inactive players will automatically lose when time's up. (requested by John Mahmoud)
|inactive|bubblemeister has 120 seconds left.
|inactive|bubblemeister has 90 seconds left.
|inactive|bubblemeister has 60 seconds left.
|inactive|bubblemeister has 30 seconds left.
|
|t:|1758291596
|teamsize|p1|6
|teamsize|p2|6
|start
|switch|p1a: Zamazenta|Zamazenta|100/100
|switch|p2a: Gros corn|Great Tusk|100/100
|-ability|p1a: Zamazenta|Dauntless Shield|boost
|-boost|p1a: Zamazenta|def|1
|turn|1
|
|t:|1758291610
|-end|p2a: Gros corn|Protosynthesis|[silent]
|switch|p2a: Joe Yabuki|Zapdos|100/100
|move|p1a: Zamazenta|Close Combat|p2a: Joe Yabuki
|-resisted|p2a: Joe Yabuki
|-damage|p2a: Joe Yabuki|59/100
|-unboost|p1a: Zamazenta|def|1
|-unboost|p1a: Zamazenta|spd|1
|
|upkeep
|turn|2
|
|t:|1758291619
|switch|p1a: Dragalge|Dragalge, F|100/100
|move|p2a: Joe Yabuki|Hurricane|p1a: Dragalge
|-damage|p1a: Dragalge|52/100
|
|upkeep
|turn|3
|
|t:|1758291632
|move|p2a: Joe Yabuki|Roost|p2a: Joe Yabuki
|-heal|p2a: Joe Yabuki|100/100
|-singleturn|p2a: Joe Yabuki|move: Roost
|move|p1a: Dragalge|Toxic Spikes|p2a: Joe Yabuki
|-sidestart|p2: John Mahmoud|move: Toxic Spikes
|
|upkeep
|turn|4
|
|t:|1758291642
|move|p2a: Joe Yabuki|Hurricane|p1a: Dragalge
|-crit|p1a: Dragalge
|-damage|p1a: Dragalge|0 fnt
|faint|p1a: Dragalge
|
|upkeep
|
|t:|1758291649
|switch|p1a: Zamazenta|Zamazenta|100/100
|turn|5
|
|t:|1758291652
|move|p1a: Zamazenta|Ice Fang|p2a: Joe Yabuki
|-supereffective|p2a: Joe Yabuki
|-damage|p2a: Joe Yabuki|37/100
|-status|p1a: Zamazenta|par|[from] ability: Static|[of] p2a: Joe Yabuki
|move|p2a: Joe Yabuki|Hurricane|p1a: Zamazenta
|-supereffective|p1a: Zamazenta
|-damage|p1a: Zamazenta|0 fnt
|faint|p1a: Zamazenta
|
|upkeep
|inactive|bubblemeister has 120 seconds left.
|
|t:|1758291664
|switch|p1a: Great Tusk|Great Tusk|100/100
|turn|6
|
|t:|1758291669
|move|p1a: Great Tusk|Stealth Rock|p2a: Joe Yabuki
|-sidestart|p2: John Mahmoud|move: Stealth Rock
|move|p2a: Joe Yabuki|Hurricane|p1a: Great Tusk
|-supereffective|p1a: Great Tusk
|-damage|p1a: Great Tusk|0 fnt
|faint|p1a: Great Tusk
|-end|p1a: Great Tusk|Protosynthesis|[silent]
|
|upkeep
|
|t:|1758291671
|switch|p1a: Slowking|Slowking, F|100/100
|turn|7
|
|t:|1758291678
|move|p2a: Joe Yabuki|Thunder|p1a: Slowking
|-supereffective|p1a: Slowking
|-damage|p1a: Slowking|33/100
|move|p1a: Slowking|Future Sight|p2a: Joe Yabuki
|-start|p1a: Slowking|move: Future Sight
|
|upkeep
|turn|8
|
|t:|1758291685
|move|p2a: Joe Yabuki|Thunder|p1a: Slowking
|-supereffective|p1a: Slowking
|-damage|p1a: Slowking|0 fnt
|faint|p1a: Slowking
|
|upkeep
|
|t:|1758291687
|switch|p1a: Hydrapple|Hydrapple, M|100/100
|turn|9
|
|t:|1758291694
|move|p2a: Joe Yabuki|Hurricane|p1a: Hydrapple
|-supereffective|p1a: Hydrapple
|-damage|p1a: Hydrapple|0 fnt
|faint|p1a: Hydrapple
|
|-end|p2a: Joe Yabuki|move: Future Sight
|-damage|p2a: Joe Yabuki|0 fnt
|faint|p2a: Joe Yabuki
|upkeep
|-message|bubblemeister forfeited.
|
|win|John Mahmoud
|raw|bubblemeister's rating: 1222 &rarr; <strong>1197</strong><br />(-25 for losing)
|raw|John Mahmoud's rating: 1222 &rarr; <strong>1247</strong><br />(+25 for winning)
|l|☆bubblemeister
|player|p1|
