|j|‽zoysebas875
|j|☆Buttologist
|t:|1758270985
|gametype|singles
|player|p1|zoysebas875|169|1377
|player|p2|Buttologist|beauty-gen6xy|1326
|gen|9
|tier|[Gen 9] OU
|rated|
|rule|HP Percentage Mod: HP is shown in percentages
|rule|Endless Battle Clause: Forcing endless battles is banned
|rule|Species Clause: Limit one of each Pokémon
|rule|OHKO Clause: OHKO moves are banned
|rule|Evasion Items Clause: Evasion items are banned
|rule|Evasion Moves Clause: Evasion moves are banned
|rule|Evasion Abilities Clause: Evasion abilities are banned
|rule|Sleep Moves Clause: Sleep-inducing moves are banned
|clearpoke
|poke|p1|Pelipper, M|
|poke|p1|Barraskewda, M|
|poke|p1|Zapdos|
|poke|p1|Goodra-Hisui, M|
|poke|p1|Gholdengo|
|poke|p1|Walking Wake|
|poke|p2|Vaporeon, M|
|poke|p2|Incineroar, M|
|poke|p2|Rillaboom, F|
|poke|p2|Landorus-Therian, M|
|poke|p2|Iron Crown|
|poke|p2|Weezing-Galar, F|
|teampreview
|inactive|Battle timer is ON: inactive players will automatically lose when time's up. (requested by Buttologist)
|
|t:|1758271004
|teamsize|p1|6
|teamsize|p2|6
|start
|switch|p1a: Zapdos|Zapdos|100/100
|switch|p2a: Iron Crown|Iron Crown|100/100
|turn|1
|
|t:|1758271007
|move|p2a: Iron Crown|Volt Switch|p1a: Zapdos
|-damage|p1a: Zapdos|75/100
|
|t:|1758271013
|-end|p2a: Iron Crown|Quark Drive|[silent]
|switch|p2a: Landorus|Landorus-Therian, M|100/100|[from] Volt Switch
|-ability|p2a: Landorus|Intimidate|boost
|-unboost|p1a: Zapdos|atk|1
|move|p1a: Zapdos|Volt Switch|p2a: Landorus
|-immune|p2a: Landorus
|
|upkeep
|turn|2
|
|t:|1758271017
|switch|p1a: Pelipper|Pelipper, M|100/100
|-weather|RainDance|[from] ability: Drizzle|[of] p1a: Pelipper
|move|p2a: Landorus|U-turn|p1a: Pelipper
|-resisted|p1a: Pelipper
|-damage|p1a: Pelipper|93/100
|
|t:|1758271028
|switch|p2a: Iron Crown|Iron Crown|100/100|[from] U-turn
|
|-weather|RainDance|[upkeep]
|upkeep
|turn|3
|
|t:|1758271052
|switch|p1a: Goodra|Goodra-Hisui, M|100/100
|move|p2a: Iron Crown|Future Sight|p1a: Goodra
|-start|p2a: Iron Crown|move: Future Sight
|
|-weather|RainDance|[upkeep]
|upkeep
|turn|4
|
|t:|1758271059
|move|p2a: Iron Crown|Volt Switch|p1a: Goodra
|-resisted|p1a: Goodra
|-damage|p1a: Goodra|95/100
|
|t:|1758271063
|-end|p2a: Iron Crown|Quark Drive|[silent]
|switch|p2a: Landorus|Landorus-Therian, M|100/100|[from] Volt Switch
|-ability|p2a: Landorus|Intimidate|boost
|-unboost|p1a: Goodra|atk|1
|move|p1a: Goodra|Knock Off|p2a: Landorus
|-damage|p2a: Landorus|83/100
|-damage|p1a: Goodra|78/100|[from] item: Rocky Helmet|[of] p2a: Landorus
|-enditem|p2a: Landorus|Rocky Helmet|[from] move: Knock Off|[of] p1a: Goodra
|
|-weather|RainDance|[upkeep]
|upkeep
|turn|5
|
|t:|1758271074
|switch|p1a: Zapdos|Zapdos|75/100
|move|p2a: Landorus|Stealth Rock|p1a: Zapdos
|-sidestart|p1: zoysebas875|move: Stealth Rock
|
|-weather|RainDance|[upkeep]
|-end|p1a: Zapdos|move: Future Sight
|-damage|p1a: Zapdos|17/100
|upkeep
|turn|6
|
|t:|1758271083
|move|p2a: Landorus|Earth Power|p1a: Zapdos
|-immune|p1a: Zapdos
|move|p1a: Zapdos|Roost|p1a: Zapdos
|-heal|p1a: Zapdos|67/100
|-singleturn|p1a: Zapdos|move: Roost
|
|-weather|RainDance|[upkeep]
|upkeep
|turn|7
|
|t:|1758271098
|move|p2a: Landorus|U-turn|p1a: Zapdos
|-resisted|p1a: Zapdos
|-damage|p1a: Zapdos|57/100
|
|t:|1758271101
|switch|p2a: Iron Crown|Iron Crown|100/100|[from] U-turn
|move|p1a: Zapdos|Hurricane|p2a: Iron Crown
|-resisted|p2a: Iron Crown
|-damage|p2a: Iron Crown|82/100
|-start|p2a: Iron Crown|confusion
|
|-weather|RainDance|[upkeep]
|upkeep
|turn|8
|
|t:|1758271125
|-activate|p2a: Iron Crown|confusion
|-damage|p2a: Iron Crown|75/100|[from] confusion
|move|p1a: Zapdos|Roost|p1a: Zapdos
|-heal|p1a: Zapdos|100/100
|-singleturn|p1a: Zapdos|move: Roost
|
|-weather|RainDance|[upkeep]
|upkeep
|turn|9
|
|t:|1758271131
|-end|p2a: Iron Crown|confusion
|move|p2a: Iron Crown|Volt Switch|p1a: Zapdos
|-damage|p1a: Zapdos|77/100
|
|t:|1758271135
|-end|p2a: Iron Crown|Quark Drive|[silent]
|switch|p2a: Landorus|Landorus-Therian, M|83/100|[from] Volt Switch
|-ability|p2a: Landorus|Intimidate|boost
|-unboost|p1a: Zapdos|atk|1
|move|p1a: Zapdos|Volt Switch|p2a: Landorus
|-immune|p2a: Landorus
|
|-weather|none
|upkeep
|turn|10
|
|t:|1758271141
|switch|p2a: Weezing|Weezing-Galar, F|100/100
|-ability|p2a: Weezing|Neutralizing Gas
|move|p1a: Zapdos|Hurricane|p2a: Weezing
|-damage|p2a: Weezing|17/100
|-start|p2a: Weezing|confusion
|
|upkeep
|turn|11
|
|t:|1758271147
|move|p1a: Zapdos|Volt Switch|p2a: Weezing
|-damage|p2a: Weezing|0 fnt
|faint|p2a: Weezing
|-end|p2a: Weezing|ability: Neutralizing Gas
|
|t:|1758271151
|switch|p1a: Pelipper|Pelipper, M|93/100|[from] Volt Switch
|-damage|p1a: Pelipper|68/100|[from] Stealth Rock
|-weather|RainDance|[from] ability: Drizzle|[of] p1a: Pelipper
|
|-weather|RainDance|[upkeep]
|upkeep
|
|t:|1758271157
|switch|p2a: Iron Crown|Iron Crown|75/100
|turn|12
|
|t:|1758271162
|switch|p1a: Goodra|Goodra-Hisui, M|78/100
|-damage|p1a: Goodra|72/100|[from] Stealth Rock
|move|p2a: Iron Crown|Tachyon Cutter|p1a: Goodra
|-resisted|p1a: Goodra
|-damage|p1a: Goodra|67/100
|-resisted|p1a: Goodra
|-damage|p1a: Goodra|61/100
|-hitcount|p1a: Goodra|2
|
|-weather|RainDance|[upkeep]
|upkeep
|turn|13
|
|t:|1758271169
|-terastallize|p2a: Iron Crown|Fighting
|move|p2a: Iron Crown|Tera Blast|p1a: Goodra|[anim] Tera Blast Fighting
|-supereffective|p1a: Goodra
|-damage|p1a: Goodra|24/100
|move|p1a: Goodra|Draco Meteor|p2a: Iron Crown
|-damage|p2a: Iron Crown|41/100
|-unboost|p1a: Goodra|spa|2
|
|-weather|RainDance|[upkeep]
|upkeep
|turn|14
|
|t:|1758271184
|move|p2a: Iron Crown|Volt Switch|p1a: Goodra
|-resisted|p1a: Goodra
|-damage|p1a: Goodra|19/100
|
|t:|1758271188
|-end|p2a: Iron Crown|Quark Drive|[silent]
|switch|p2a: Landorus|Landorus-Therian, M|83/100|[from] Volt Switch
|-ability|p2a: Landorus|Intimidate|boost
|-unboost|p1a: Goodra|atk|1
|move|p1a: Goodra|Dragon Claw|p2a: Landorus
|-damage|p2a: Landorus|61/100
|
|-weather|RainDance|[upkeep]
|upkeep
|turn|15
|
|t:|1758271193
|move|p2a: Landorus|U-turn|p1a: Goodra
|-resisted|p1a: Goodra
|-damage|p1a: Goodra|10/100
|
|t:|1758271201
|switch|p2a: Iron Crown|Iron Crown, tera:Fighting|41/100|[from] U-turn
|move|p1a: Goodra|Knock Off|p2a: Iron Crown
|-resisted|p2a: Iron Crown
|-damage|p2a: Iron Crown|32/100
|-enditem|p2a: Iron Crown|Assault Vest|[from] move: Knock Off|[of] p1a: Goodra
|
|-weather|RainDance|[upkeep]
|upkeep
|turn|16
|
|t:|1758271216
|move|p2a: Iron Crown|Future Sight|p1a: Goodra
|-start|p2a: Iron Crown|move: Future Sight
|move|p1a: Goodra|Draco Meteor|p2a: Iron Crown
|-damage|p2a: Iron Crown|2/100
|-unboost|p1a: Goodra|spa|2
|
|-weather|RainDance|[upkeep]
|upkeep
|turn|17
|
|t:|1758271220
|move|p2a: Iron Crown|Tachyon Cutter|p1a: Goodra
|-resisted|p1a: Goodra
|-damage|p1a: Goodra|5/100
|-resisted|p1a: Goodra
|-damage|p1a: Goodra|0 fnt
|faint|p1a: Goodra
|-hitcount|p1: Goodra|2
|
|-weather|RainDance|[upkeep]
|upkeep
|
|t:|1758271227
|switch|p1a: Gholdengo|Gholdengo|100/100
|-damage|p1a: Gholdengo|94/100|[from] Stealth Rock
|-item|p1a: Gholdengo|Air Balloon
|turn|18
|
|t:|1758271232
|move|p2a: Iron Crown|Volt Switch|p1a: Gholdengo
|-damage|p1a: Gholdengo|66/100
|-enditem|p1a: Gholdengo|Air Balloon
|
|t:|1758271235
|-end|p2a: Iron Crown|Quark Drive|[silent]
|switch|p2a: Landorus|Landorus-Therian, M|61/100|[from] Volt Switch
|-ability|p2a: Landorus|Intimidate|boost
|-unboost|p1a: Gholdengo|atk|1
|move|p1a: Gholdengo|Shadow Ball|p2a: Landorus
|-damage|p2a: Landorus|18/100
|
|-weather|none
|-end|p1a: Gholdengo|move: Future Sight
|-resisted|p1a: Gholdengo
|-damage|p1a: Gholdengo|34/100
|upkeep
|turn|19
|
|t:|1758271247
|switch|p1a: Zapdos|Zapdos|77/100
|move|p2a: Landorus|U-turn|p1a: Zapdos
|-resisted|p1a: Zapdos
|-damage|p1a: Zapdos|66/100
|-status|p2a: Landorus|par|[from] ability: Static|[of] p1a: Zapdos
|
|t:|1758271252
|switch|p2a: Iron Crown|Iron Crown, tera:Fighting|2/100|[from] U-turn
|
|upkeep
|turn|20
|
|t:|1758271255
|move|p2a: Iron Crown|Future Sight|p1a: Zapdos
|-start|p2a: Iron Crown|move: Future Sight
|move|p1a: Zapdos|Volt Switch|p2a: Iron Crown
|-damage|p2a: Iron Crown|0 fnt
|faint|p2a: Iron Crown
|-end|p2a: Iron Crown|Quark Drive|[silent]
|
|t:|1758271263
|switch|p1a: Pelipper|Pelipper, M|68/100|[from] Volt Switch
|-damage|p1a: Pelipper|44/100|[from] Stealth Rock
|-weather|RainDance|[from] ability: Drizzle|[of] p1a: Pelipper
|
|-weather|RainDance|[upkeep]
|upkeep
|
|t:|1758271268
|switch|p2a: Vaporeon|Vaporeon, M|100/100
|turn|21
|
|t:|1758271276
|move|p2a: Vaporeon|Calm Mind|p2a: Vaporeon
|-boost|p2a: Vaporeon|spa|1
|-boost|p2a: Vaporeon|spd|1
|move|p1a: Pelipper|Roost|p1a: Pelipper
|-heal|p1a: Pelipper|94/100
|-singleturn|p1a: Pelipper|move: Roost
|
|-weather|RainDance|[upkeep]
|upkeep
|turn|22
|
|t:|1758271280
|switch|p1a: Gholdengo|Gholdengo|34/100
|-damage|p1a: Gholdengo|28/100|[from] Stealth Rock
|move|p2a: Vaporeon|Calm Mind|p2a: Vaporeon
|-boost|p2a: Vaporeon|spa|1
|-boost|p2a: Vaporeon|spd|1
|
|-weather|RainDance|[upkeep]
|-end|p1a: Gholdengo|move: Future Sight
|-resisted|p1a: Gholdengo
|-damage|p1a: Gholdengo|0 fnt
|faint|p1a: Gholdengo
|upkeep
|
|t:|1758271284
|switch|p1a: Zapdos|Zapdos|66/100
|turn|23
|
|t:|1758271289
|move|p1a: Zapdos|Thunder|p2a: Vaporeon
|-supereffective|p2a: Vaporeon
|-damage|p2a: Vaporeon|47/100
|-status|p2a: Vaporeon|par
|move|p2a: Vaporeon|Ice Beam|p1a: Zapdos
|-supereffective|p1a: Zapdos
|-damage|p1a: Zapdos|0 fnt
|faint|p1a: Zapdos
|
|-weather|RainDance|[upkeep]
|upkeep
|
|t:|1758271298
|switch|p1a: Barraskewda|Barraskewda, M|100/100
|-damage|p1a: Barraskewda|88/100|[from] Stealth Rock
|turn|24
|
|t:|1758271303
|switch|p2a: Landorus|Landorus-Therian, M|18/100 par
|-ability|p2a: Landorus|Intimidate|boost
|-unboost|p1a: Barraskewda|atk|1
|move|p1a: Barraskewda|Close Combat|p2a: Landorus
|-resisted|p2a: Landorus
|-damage|p2a: Landorus|0 fnt
|-unboost|p1a: Barraskewda|def|1
|-unboost|p1a: Barraskewda|spd|1
|faint|p2a: Landorus
|
|-weather|RainDance|[upkeep]
|upkeep
|
|t:|1758271307
|switch|p2a: Incineroar|Incineroar, M|100/100
|-ability|p2a: Incineroar|Intimidate|boost
|-unboost|p1a: Barraskewda|atk|1
|turn|25
|
|t:|1758271313
|switch|p1a: Walking Wake|Walking Wake|100/100
|-damage|p1a: Walking Wake|88/100|[from] Stealth Rock
|-enditem|p1a: Walking Wake|Booster Energy
|-activate|p1a: Walking Wake|ability: Protosynthesis|[fromitem]
|-start|p1a: Walking Wake|protosynthesisspa
|move|p2a: Incineroar|Flame Charge|p1a: Walking Wake
|-resisted|p1a: Walking Wake
|-damage|p1a: Walking Wake|86/100
|-boost|p2a: Incineroar|spe|1
|
|-weather|RainDance|[upkeep]
|upkeep
|turn|26
|
|t:|1758271322
|switch|p2a: Vaporeon|Vaporeon, M|47/100 par
|move|p1a: Walking Wake|Surf|p2a: Vaporeon
|-heal|p2a: Vaporeon|72/100 par|[from] ability: Water Absorb|[of] p1a: Walking Wake
|
|-weather|RainDance|[upkeep]
|upkeep
|turn|27
|
|t:|1758271328
|move|p1a: Walking Wake|Draco Meteor|p2a: Vaporeon
|-damage|p2a: Vaporeon|3/100 par
|-unboost|p1a: Walking Wake|spa|2
|move|p2a: Vaporeon|Alluring Voice|p1a: Walking Wake
|-supereffective|p1a: Walking Wake
|-damage|p1a: Walking Wake|27/100
|
|-weather|none
|upkeep
|turn|28
|-enditem|p2a: Vaporeon|Custap Berry|[eat]
|-activate|p2a: Vaporeon|item: Custap Berry|[consumed]
|
|t:|1758271333
|move|p2a: Vaporeon|Alluring Voice|p1a: Walking Wake
|-supereffective|p1a: Walking Wake
|-damage|p1a: Walking Wake|0 fnt
|faint|p1a: Walking Wake
|-end|p1a: Walking Wake|Protosynthesis|[silent]
|
|upkeep
|
|t:|1758271343
|switch|p1a: Pelipper|Pelipper, M|94/100
|-damage|p1a: Pelipper|69/100|[from] Stealth Rock
|-weather|RainDance|[from] ability: Drizzle|[of] p1a: Pelipper
|turn|29
|
|t:|1758271347
|move|p1a: Pelipper|U-turn|p2a: Vaporeon
|-damage|p2a: Vaporeon|0 fnt
|faint|p2a: Vaporeon
|
|t:|1758271350
|switch|p1a: Barraskewda|Barraskewda, M|88/100|[from] U-turn
|-damage|p1a: Barraskewda|75/100|[from] Stealth Rock
|
|-weather|RainDance|[upkeep]
|upkeep
|
|t:|1758271354
|switch|p2a: Rillaboom|Rillaboom, F|100/100
|-fieldstart|move: Grassy Terrain|[from] ability: Grassy Surge|[of] p2a: Rillaboom
|turn|30
|
|t:|1758271374
|-terastallize|p1a: Barraskewda|Water
|move|p1a: Barraskewda|Aqua Jet|p2a: Rillaboom
|-resisted|p2a: Rillaboom
|-damage|p2a: Rillaboom|67/100
|move|p2a: Rillaboom|Grassy Glide|p1a: Barraskewda
|-supereffective|p1a: Barraskewda
|-damage|p1a: Barraskewda|0 fnt
|faint|p1a: Barraskewda
|
|-weather|RainDance|[upkeep]
|-heal|p2a: Rillaboom|73/100|[from] Grassy Terrain
|upkeep
|
|t:|1758271376
|switch|p1a: Pelipper|Pelipper, M|69/100
|-damage|p1a: Pelipper|44/100|[from] Stealth Rock
|turn|31
|
|t:|1758271379
|move|p2a: Rillaboom|Grassy Glide|p1a: Pelipper
|-damage|p1a: Pelipper|0 fnt
|faint|p1a: Pelipper
|
|win|Buttologist
|raw|zoysebas875's rating: 1377 &rarr; <strong>1354</strong><br />(-23 for losing)
|raw|Buttologist's rating: 1326 &rarr; <strong>1349</strong><br />(+23 for winning)
|l|☆Buttologist
|player|p2|
|l|‽zoysebas875
|player|p1|
