|j|☆javierknox
|j|☆aarer
|t:|1758370284
|gametype|singles
|player|p1|javierknox|linebacker|1320
|player|p2|aarer|2|1332
|gen|9
|tier|[Gen 9] OU
|rated|
|rule|HP Percentage Mod: HP is shown in percentages
|rule|Endless Battle Clause: Forcing endless battles is banned
|rule|Species Clause: Limit one of each Pokémon
|rule|OHKO Clause: OHKO moves are banned
|rule|Evasion Items Clause: Evasion items are banned
|rule|Evasion Moves Clause: Evasion moves are banned
|rule|Evasion Abilities Clause: Evasion abilities are banned
|rule|Sleep Moves Clause: Sleep-inducing moves are banned
|clearpoke
|poke|p1|Clefable, M|
|poke|p1|Corviknight, M|
|poke|p1|Walking Wake|
|poke|p1|Weavile, M|
|poke|p1|Iron Moth|
|poke|p1|Deoxys-Speed|
|poke|p2|Hatterene, F|
|poke|p2|Walking Wake|
|poke|p2|Ceruledge, F|
|poke|p2|Ninetales, F|
|poke|p2|Flygon, F|
|poke|p2|Great Tusk|
|teampreview
|
|t:|1758370298
|teamsize|p1|6
|teamsize|p2|6
|start
|switch|p1a: Walking Wake|Walking Wake|100/100
|switch|p2a: Flygon|Flygon, F|100/100
|turn|1
|inactive|Battle timer is ON: inactive players will automatically lose when time's up. (requested by aarer)
|
|t:|1758370332
|move|p2a: Flygon|U-turn|p1a: Walking Wake
|-damage|p1a: Walking Wake|77/100
|
|t:|1758370343
|switch|p2a: Ninetales|Ninetales, F, shiny|100/100|[from] U-turn
|-weather|SunnyDay|[from] ability: Drought|[of] p2a: Ninetales
|-activate|p1a: Walking Wake|ability: Protosynthesis
|-start|p1a: Walking Wake|protosynthesisspa
|move|p1a: Walking Wake|Draco Meteor|p2a: Ninetales
|-damage|p2a: Ninetales|0 fnt
|-unboost|p1a: Walking Wake|spa|2
|faint|p2a: Ninetales
|
|-weather|SunnyDay|[upkeep]
|upkeep
|
|t:|1758370354
|switch|p2a: Walking Wake|Walking Wake|100/100
|-activate|p2a: Walking Wake|ability: Protosynthesis
|-start|p2a: Walking Wake|protosynthesisspe
|turn|2
|
|t:|1758370364
|-end|p1a: Walking Wake|Protosynthesis|[silent]
|switch|p1a: Clefable|Clefable, M|100/100
|move|p2a: Walking Wake|Dragon Pulse|p1a: Clefable
|-immune|p1a: Clefable
|
|-weather|SunnyDay|[upkeep]
|upkeep
|turn|3
|
|t:|1758370371
|-terastallize|p2a: Walking Wake|Electric
|move|p2a: Walking Wake|Hydro Steam|p1a: Clefable
|-damage|p1a: Clefable|53/100
|move|p1a: Clefable|Thunder Wave|p2a: Walking Wake
|-immune|p2a: Walking Wake
|
|-weather|SunnyDay|[upkeep]
|-heal|p1a: Clefable|59/100|[from] item: Leftovers
|upkeep
|turn|4
|
|t:|1758370383
|move|p2a: Walking Wake|Hydro Steam|p1a: Clefable
|-damage|p1a: Clefable|11/100
|move|p1a: Clefable|Moonlight|p1a: Clefable
|-heal|p1a: Clefable|78/100
|
|-weather|SunnyDay|[upkeep]
|-heal|p1a: Clefable|84/100|[from] item: Leftovers
|upkeep
|turn|5
|
|t:|1758370411
|-end|p2a: Walking Wake|Protosynthesis|[silent]
|switch|p2a: Ceruledge|Ceruledge, F, shiny|100/100
|move|p1a: Clefable|Moonblast|p2a: Ceruledge
|-resisted|p2a: Ceruledge
|-damage|p2a: Ceruledge|81/100
|
|-weather|SunnyDay|[upkeep]
|-heal|p1a: Clefable|90/100|[from] item: Leftovers
|upkeep
|turn|6
|
|t:|1758370420
|move|p2a: Ceruledge|Bitter Blade|p1a: Clefable
|-damage|p1a: Clefable|28/100
|-heal|p2a: Ceruledge|100/100|[from] drain|[of] p1a: Clefable
|move|p1a: Clefable|Thunder Wave|p2a: Ceruledge
|-status|p2a: Ceruledge|par
|
|-weather|SunnyDay|[upkeep]
|-heal|p1a: Clefable|34/100|[from] item: Leftovers
|upkeep
|turn|7
|
|t:|1758370429
|switch|p1a: Weavile|Weavile, M|100/100
|-ability|p1a: Weavile|Pressure
|move|p2a: Ceruledge|Bitter Blade|p1a: Weavile
|-supereffective|p1a: Weavile
|-enditem|p1a: Weavile|Focus Sash
|-damage|p1a: Weavile|1/100
|
|-weather|SunnyDay|[upkeep]
|upkeep
|turn|8
|
|t:|1758370438
|cant|p2a: Ceruledge|par
|move|p1a: Weavile|Knock Off|p2a: Ceruledge
|-supereffective|p2a: Ceruledge
|-enditem|p2a: Ceruledge|Focus Sash
|-damage|p2a: Ceruledge|1/100 par
|-ability|p2a: Ceruledge|Weak Armor|boost
|-unboost|p2a: Ceruledge|def|1
|-boost|p2a: Ceruledge|spe|2
|
|-weather|none
|upkeep
|turn|9
|inactive|javierknox has 120 seconds left.
|
|t:|1758370477
|move|p1a: Weavile|Ice Shard|p2a: Ceruledge
|-resisted|p2a: Ceruledge
|-damage|p2a: Ceruledge|0 fnt
|faint|p2a: Ceruledge
|
|upkeep
|
|t:|1758370495
|switch|p2a: Walking Wake|Walking Wake, tera:Electric|100/100
|turn|10
|
|t:|1758370505
|switch|p1a: Clefable|Clefable, M|34/100
|move|p2a: Walking Wake|Flamethrower|p1a: Clefable
|-crit|p1a: Clefable
|-damage|p1a: Clefable|0 fnt
|faint|p1a: Clefable
|
|upkeep
|
|t:|1758370513
|switch|p1a: Deoxys|Deoxys-Speed|100/100
|-ability|p1a: Deoxys|Pressure
|turn|11
|
|t:|1758370542
|-end|p2a: Walking Wake|Protosynthesis|[silent]
|switch|p2a: Great Tusk|Great Tusk|100/100
|-enditem|p2a: Great Tusk|Booster Energy
|-activate|p2a: Great Tusk|ability: Protosynthesis|[fromitem]
|-start|p2a: Great Tusk|protosynthesisspe
|move|p1a: Deoxys|Psycho Boost|p2a: Great Tusk
|-supereffective|p2a: Great Tusk
|-damage|p2a: Great Tusk|0 fnt
|-unboost|p1a: Deoxys|spa|2
|faint|p2a: Great Tusk
|-end|p2a: Great Tusk|Protosynthesis|[silent]
|-damage|p1a: Deoxys|91/100|[from] item: Life Orb
|
|upkeep
|
|t:|1758370548
|switch|p2a: Hatterene|Hatterene, F, shiny|100/100
|turn|12
|
|t:|1758370567
|switch|p1a: Corviknight|Corviknight, M|100/100
|move|p2a: Hatterene|Nuzzle|p1a: Corviknight
|-supereffective|p1a: Corviknight
|-damage|p1a: Corviknight|95/100
|-status|p1a: Corviknight|par
|-damage|p2a: Hatterene|84/100|[from] item: Rocky Helmet|[of] p1a: Corviknight
|
|upkeep
|turn|13
|
|t:|1758370577
|switch|p2a: Walking Wake|Walking Wake, tera:Electric|100/100
|move|p1a: Corviknight|Brave Bird|p2a: Walking Wake
|-resisted|p2a: Walking Wake
|-damage|p2a: Walking Wake|81/100
|-damage|p1a: Corviknight|90/100 par|[from] Recoil
|
|upkeep
|turn|14
|
|t:|1758370592
|move|p2a: Walking Wake|Tera Blast|p1a: Corviknight|[anim] Tera Blast Electric
|-supereffective|p1a: Corviknight
|-damage|p1a: Corviknight|0 fnt
|faint|p1a: Corviknight
|
|upkeep
|
|t:|1758370607
|switch|p1a: Walking Wake|Walking Wake|77/100
|turn|15
|
|t:|1758370612
|move|p1a: Walking Wake|Scald|p2a: Walking Wake
|-damage|p2a: Walking Wake|15/100
|move|p2a: Walking Wake|Dragon Pulse|p1a: Walking Wake
|-supereffective|p1a: Walking Wake
|-damage|p1a: Walking Wake|0 fnt
|faint|p1a: Walking Wake
|-end|p1a: Walking Wake|Protosynthesis|[silent]
|
|upkeep
|
|t:|1758370619
|switch|p1a: Deoxys|Deoxys-Speed|91/100
|-ability|p1a: Deoxys|Pressure
|turn|16
|
|t:|1758370634
|move|p1a: Deoxys|Knock Off|p2a: Walking Wake
|-damage|p2a: Walking Wake|0 fnt
|-enditem|p2a: Walking Wake|Expert Belt|[from] move: Knock Off|[of] p1a: Deoxys
|faint|p2a: Walking Wake
|-end|p2a: Walking Wake|Protosynthesis|[silent]
|-damage|p1a: Deoxys|81/100|[from] item: Life Orb
|
|upkeep
|
|t:|1758370646
|switch|p2a: Flygon|Flygon, F|100/100
|turn|17
|
|t:|1758370649
|move|p1a: Deoxys|Ice Beam|p2a: Flygon
|-supereffective|p2a: Flygon
|-damage|p2a: Flygon|0 fnt
|faint|p2a: Flygon
|-damage|p1a: Deoxys|71/100|[from] item: Life Orb
|
|upkeep
|
|t:|1758370651
|switch|p2a: Hatterene|Hatterene, F, shiny|84/100
|turn|18
|
|t:|1758370658
|move|p1a: Deoxys|Knock Off|p2a: Hatterene
|-damage|p2a: Hatterene|46/100
|-enditem|p2a: Hatterene|Assault Vest|[from] move: Knock Off|[of] p1a: Deoxys
|-damage|p1a: Deoxys|61/100|[from] item: Life Orb
|move|p2a: Hatterene|Draining Kiss|p1a: Deoxys
|-damage|p1a: Deoxys|20/100
|-heal|p2a: Hatterene|69/100|[from] drain|[of] p1a: Deoxys
|
|upkeep
|turn|19
|
|t:|1758370667
|move|p1a: Deoxys|Psycho Boost|p2a: Hatterene
|-resisted|p2a: Hatterene
|-damage|p2a: Hatterene|37/100
|-unboost|p1a: Deoxys|spa|2
|-damage|p1a: Deoxys|10/100|[from] item: Life Orb
|move|p2a: Hatterene|Draining Kiss|p1a: Deoxys
|-damage|p1a: Deoxys|0 fnt
|-heal|p2a: Hatterene|43/100|[from] drain|[of] p1a: Deoxys
|faint|p1a: Deoxys
|
|upkeep
|
|t:|1758370678
|switch|p1a: Iron Moth|Iron Moth|100/100
|-enditem|p1a: Iron Moth|Booster Energy
|-activate|p1a: Iron Moth|ability: Quark Drive|[fromitem]
|-start|p1a: Iron Moth|quarkdrivespa
|turn|20
|
|t:|1758370686
|move|p1a: Iron Moth|Sludge Wave|p2a: Hatterene
|-supereffective|p2a: Hatterene
|-damage|p2a: Hatterene|0 fnt
|faint|p2a: Hatterene
|
|win|javierknox
|raw|javierknox's rating: 1320 &rarr; <strong>1341</strong><br />(+21 for winning)
|raw|aarer's rating: 1332 &rarr; <strong>1311</strong><br />(-21 for losing)
|l|☆aarer
|player|p2|
|l|☆javierknox
|player|p1|
