|j|☆20020129zwh
|j|☆Gu_no!r
|t:|1758254881
|gametype|singles
|player|p1|20020129zwh|dawn|1375
|player|p2|Gu_no!r|acetrainerf-gen4|1367
|gen|9
|tier|[Gen 9] OU
|rated|
|rule|HP Percentage Mod: HP is shown in percentages
|rule|Endless Battle Clause: Forcing endless battles is banned
|rule|Species Clause: Limit one of each Pokémon
|rule|OHKO Clause: OHKO moves are banned
|rule|Evasion Items Clause: Evasion items are banned
|rule|Evasion Moves Clause: Evasion moves are banned
|rule|Evasion Abilities Clause: Evasion abilities are banned
|rule|Sleep Moves Clause: Sleep-inducing moves are banned
|clearpoke
|poke|p1|Torkoal, M|
|poke|p1|Walking Wake|
|poke|p1|Great Tusk|
|poke|p1|Raging Bolt|
|poke|p1|Ceruledge, M|
|poke|p1|Corviknight, F|
|poke|p2|Pelipper, F|
|poke|p2|Hatterene, F|
|poke|p2|Iron Treads|
|poke|p2|Toxicroak, F|
|poke|p2|Barraskewda, F|
|poke|p2|Zapdos|
|teampreview
|
|t:|1758254915
|teamsize|p1|6
|teamsize|p2|6
|start
|switch|p1a: Torkoal|Torkoal, M|100/100
|switch|p2a: Toxicroak|Toxicroak, F|100/100
|-weather|SunnyDay|[from] ability: Drought|[of] p1a: Torkoal
|turn|1
|
|t:|1758254923
|switch|p1a: Walking Wake|Walking Wake|100/100
|-activate|p1a: Walking Wake|ability: Protosynthesis
|-start|p1a: Walking Wake|protosynthesisspe
|move|p2a: Toxicroak|Toxic|p1a: Walking Wake
|-status|p1a: Walking Wake|tox
|
|-weather|SunnyDay|[upkeep]
|-damage|p2a: Toxicroak|88/100|[from] ability: Dry Skin|[of] p2a: Toxicroak
|-damage|p1a: Walking Wake|94/100 tox|[from] psn
|upkeep
|turn|2
|
|t:|1758254945
|switch|p2a: Hatterene|Hatterene, F|100/100
|move|p1a: Walking Wake|Hydro Steam|p2a: Hatterene
|-damage|p2a: Hatterene|10/100
|-enditem|p2a: Hatterene|Eject Button
|
|t:|1758254951
|switch|p2a: Toxicroak|Toxicroak, F|88/100
|
|-weather|SunnyDay|[upkeep]
|-damage|p2a: Toxicroak|76/100|[from] ability: Dry Skin|[of] p2a: Toxicroak
|-damage|p1a: Walking Wake|82/100 tox|[from] psn
|upkeep
|turn|3
|
|t:|1758254961
|-end|p1a: Walking Wake|Protosynthesis|[silent]
|switch|p1a: Raging Bolt|Raging Bolt|100/100
|-activate|p1a: Raging Bolt|ability: Protosynthesis
|-start|p1a: Raging Bolt|protosynthesisspa
|move|p2a: Toxicroak|Knock Off|p1a: Raging Bolt
|-damage|p1a: Raging Bolt|80/100
|-enditem|p1a: Raging Bolt|Assault Vest|[from] move: Knock Off|[of] p2a: Toxicroak
|
|-weather|SunnyDay|[upkeep]
|-damage|p2a: Toxicroak|63/100|[from] ability: Dry Skin|[of] p2a: Toxicroak
|upkeep
|turn|4
|
|t:|1758254989
|switch|p2a: Iron Treads|Iron Treads|100/100
|move|p1a: Raging Bolt|Volt Switch|p2a: Iron Treads
|-immune|p2a: Iron Treads
|
|-weather|SunnyDay|[upkeep]
|upkeep
|turn|5
|
|t:|1758254998
|move|p2a: Iron Treads|Stealth Rock|p1a: Raging Bolt
|-sidestart|p1: 20020129zwh|move: Stealth Rock
|move|p1a: Raging Bolt|Weather Ball|p2a: Iron Treads
|-supereffective|p2a: Iron Treads
|-damage|p2a: Iron Treads|0 fnt
|faint|p2a: Iron Treads
|-end|p2a: Iron Treads|Quark Drive|[silent]
|
|-weather|SunnyDay|[upkeep]
|upkeep
|
|t:|1758255004
|switch|p2a: Pelipper|Pelipper, F|100/100
|-weather|RainDance|[from] ability: Drizzle|[of] p2a: Pelipper
|-end|p1a: Raging Bolt|Protosynthesis
|turn|6
|
|t:|1758255017
|switch|p2a: Hatterene|Hatterene, F|10/100
|move|p1a: Raging Bolt|Volt Switch|p2a: Hatterene
|-damage|p2a: Hatterene|0 fnt
|faint|p2a: Hatterene
|inactive|Battle timer is ON: inactive players will automatically lose when time's up. (requested by Gu_no!r)
|
|t:|1758255029
|-end|p1a: Raging Bolt|Protosynthesis|[silent]
|switch|p1a: Great Tusk|Great Tusk|100/100|[from] Volt Switch
|-damage|p1a: Great Tusk|98/100|[from] Stealth Rock
|
|-weather|RainDance|[upkeep]
|-heal|p1a: Great Tusk|100/100|[from] item: Leftovers
|upkeep
|
|t:|1758255040
|switch|p2a: Barraskewda|Barraskewda, F|100/100
|turn|7
|
|t:|1758255058
|-end|p1a: Great Tusk|Protosynthesis|[silent]
|switch|p1a: Torkoal|Torkoal, M|100/100
|-damage|p1a: Torkoal|76/100|[from] Stealth Rock
|-weather|SunnyDay|[from] ability: Drought|[of] p1a: Torkoal
|move|p2a: Barraskewda|Liquidation|p1a: Torkoal
|-supereffective|p1a: Torkoal
|-damage|p1a: Torkoal|38/100
|
|-weather|SunnyDay|[upkeep]
|upkeep
|turn|8
|
|t:|1758255070
|switch|p1a: Walking Wake|Walking Wake|82/100 tox
|-damage|p1a: Walking Wake|70/100 tox|[from] Stealth Rock
|-activate|p1a: Walking Wake|ability: Protosynthesis
|-start|p1a: Walking Wake|protosynthesisspe
|-terastallize|p2a: Barraskewda|Water
|move|p2a: Barraskewda|Liquidation|p1a: Walking Wake
|-resisted|p1a: Walking Wake
|-damage|p1a: Walking Wake|58/100 tox
|
|-weather|SunnyDay|[upkeep]
|-damage|p1a: Walking Wake|52/100 tox|[from] psn
|upkeep
|turn|9
|
|t:|1758255090
|switch|p2a: Pelipper|Pelipper, F|100/100
|-weather|RainDance|[from] ability: Drizzle|[of] p2a: Pelipper
|-end|p1a: Walking Wake|Protosynthesis
|move|p1a: Walking Wake|Dragon Pulse|p2a: Pelipper
|-damage|p2a: Pelipper|34/100
|
|-weather|RainDance|[upkeep]
|-damage|p1a: Walking Wake|39/100 tox|[from] psn
|upkeep
|turn|10
|
|t:|1758255110
|move|p1a: Walking Wake|Dragon Pulse|p2a: Pelipper
|-damage|p2a: Pelipper|0 fnt
|faint|p2a: Pelipper
|
|-weather|RainDance|[upkeep]
|-damage|p1a: Walking Wake|21/100 tox|[from] psn
|upkeep
|
|t:|1758255112
|switch|p2a: Barraskewda|Barraskewda, F, tera:Water|100/100
|turn|11
|
|t:|1758255122
|-end|p1a: Walking Wake|Protosynthesis|[silent]
|switch|p1a: Torkoal|Torkoal, M|38/100
|-damage|p1a: Torkoal|14/100|[from] Stealth Rock
|-weather|SunnyDay|[from] ability: Drought|[of] p1a: Torkoal
|move|p2a: Barraskewda|Liquidation|p1a: Torkoal
|-supereffective|p1a: Torkoal
|-damage|p1a: Torkoal|0 fnt
|faint|p1a: Torkoal
|
|-weather|SunnyDay|[upkeep]
|upkeep
|
|t:|1758255135
|switch|p1a: Walking Wake|Walking Wake|21/100 tox
|-damage|p1a: Walking Wake|8/100 tox|[from] Stealth Rock
|-activate|p1a: Walking Wake|ability: Protosynthesis
|-start|p1a: Walking Wake|protosynthesisspe
|turn|12
|
|t:|1758255141
|move|p1a: Walking Wake|Draco Meteor|p2a: Barraskewda
|-damage|p2a: Barraskewda|0 fnt
|-unboost|p1a: Walking Wake|spa|2
|faint|p2a: Barraskewda
|
|-weather|SunnyDay|[upkeep]
|-damage|p1a: Walking Wake|2/100 tox|[from] psn
|upkeep
|-message|Gu_no!r forfeited.
|
|win|20020129zwh
|raw|20020129zwh's rating: 1375 &rarr; <strong>1395</strong><br />(+20 for winning)
|raw|Gu_no!r's rating: 1367 &rarr; <strong>1347</strong><br />(-20 for losing)
|l|☆Gu_no!r
|player|p2|
|l|☆20020129zwh
|player|p1|
