|j|☆TherealOddman
|j|☆dpash101
|t:|1758271456
|gametype|singles
|player|p1|TherealOddman|170|1081
|player|p2|dpash101|dawn|1132
|gen|9
|tier|[Gen 9] OU
|rated|
|rule|HP Percentage Mod: HP is shown in percentages
|rule|Endless Battle Clause: Forcing endless battles is banned
|rule|Species Clause: Limit one of each Pokémon
|rule|OHKO Clause: OHKO moves are banned
|rule|Evasion Items Clause: Evasion items are banned
|rule|Evasion Moves Clause: Evasion moves are banned
|rule|Evasion Abilities Clause: Evasion abilities are banned
|rule|Sleep Moves Clause: Sleep-inducing moves are banned
|clearpoke
|poke|p1|Arcanine-Hisui, F|
|poke|p1|Moltres-Galar|
|poke|p1|Snorlax, F|
|poke|p1|Vileplume, M|
|poke|p1|Great Tusk|
|poke|p1|Suicune|
|poke|p2|Ceruledge, M|
|poke|p2|Gliscor, M|
|poke|p2|Greninja-*, M|
|poke|p2|Iron Valiant|
|poke|p2|Hydrapple, F|
|poke|p2|Scizor, F|
|teampreview
|inactive|Battle timer is ON: inactive players will automatically lose when time's up. (requested by TherealOddman)
|
|t:|1758271471
|teamsize|p1|6
|teamsize|p2|6
|start
|switch|p1a: Moltres|Moltres-Galar|100/100
|switch|p2a: Scizor|Scizor, F|100/100
|turn|1
|
|t:|1758271483
|move|p1a: Moltres|Nasty Plot|p1a: Moltres
|-boost|p1a: Moltres|spa|2
|move|p2a: Scizor|Close Combat|p1a: Moltres
|-damage|p1a: Moltres|45/100
|-unboost|p2a: Scizor|def|1
|-unboost|p2a: Scizor|spd|1
|-ability|p1a: Moltres|Berserk|boost
|-boost|p1a: Moltres|spa|1
|
|upkeep
|turn|2
|
|t:|1758271496
|move|p1a: Moltres|Fiery Wrath|p2a: Scizor
|-damage|p2a: Scizor|0 fnt
|faint|p2a: Scizor
|
|upkeep
|
|t:|1758271509
|switch|p2a: Greninja|Greninja, M|100/100
|turn|3
|
|t:|1758271516
|move|p2a: Greninja|Ice Beam|p1a: Moltres
|-start|p2a: Greninja|typechange|Ice|[from] ability: Protean
|-supereffective|p1a: Moltres
|-damage|p1a: Moltres|0 fnt
|faint|p1a: Moltres
|
|upkeep
|
|t:|1758271522
|switch|p1a: Arcanine|Arcanine-Hisui, F|100/100
|turn|4
|
|t:|1758271528
|switch|p2a: Ceruledge|Ceruledge, M, shiny|100/100
|-terastallize|p1a: Arcanine|Flying
|move|p1a: Arcanine|Head Smash|p2a: Ceruledge
|-supereffective|p2a: Ceruledge
|-crit|p2a: Ceruledge
|-damage|p2a: Ceruledge|0 fnt
|faint|p2a: Ceruledge
|
|upkeep
|
|t:|1758271543
|switch|p2a: Gliscor|Gliscor, M, shiny|100/100
|turn|5
|
|t:|1758271548
|move|p2a: Gliscor|Protect|p2a: Gliscor
|-singleturn|p2a: Gliscor|Protect
|move|p1a: Arcanine|Head Smash|p2a: Gliscor
|-activate|p2a: Gliscor|move: Protect
|
|-status|p2a: Gliscor|tox|[from] item: Toxic Orb
|upkeep
|turn|6
|
|t:|1758271558
|move|p2a: Gliscor|Earthquake|p1a: Arcanine
|-immune|p1a: Arcanine
|move|p1a: Arcanine|Head Smash|p2a: Gliscor
|-damage|p2a: Gliscor|46/100 tox
|
|-heal|p2a: Gliscor|58/100 tox|[from] ability: Poison Heal
|upkeep
|turn|7
|
|t:|1758271563
|move|p2a: Gliscor|Protect|p2a: Gliscor
|-singleturn|p2a: Gliscor|Protect
|move|p1a: Arcanine|Head Smash|p2a: Gliscor
|-activate|p2a: Gliscor|move: Protect
|
|-heal|p2a: Gliscor|71/100 tox|[from] ability: Poison Heal
|upkeep
|turn|8
|
|t:|1758271577
|switch|p2a: Hydrapple|Hydrapple, F|100/100
|move|p1a: Arcanine|Head Smash|p2a: Hydrapple|[miss]
|-miss|p1a: Arcanine|p2a: Hydrapple
|
|upkeep
|turn|9
|
|t:|1758271594
|move|p1a: Arcanine|Flare Blitz|p2a: Hydrapple
|-damage|p2a: Hydrapple|58/100
|move|p2a: Hydrapple|Draco Meteor|p1a: Arcanine
|-damage|p1a: Arcanine|46/100
|-unboost|p2a: Hydrapple|spa|2
|
|upkeep
|turn|10
|
|t:|1758271608
|switch|p2a: Gliscor|Gliscor, M, shiny|71/100 tox
|move|p1a: Arcanine|Flare Blitz|p2a: Gliscor
|-damage|p2a: Gliscor|23/100 tox
|
|-heal|p2a: Gliscor|35/100 tox|[from] ability: Poison Heal
|upkeep
|turn|11
|
|t:|1758271617
|move|p2a: Gliscor|Protect|p2a: Gliscor
|-singleturn|p2a: Gliscor|Protect
|move|p1a: Arcanine|Head Smash|p2a: Gliscor
|-activate|p2a: Gliscor|move: Protect
|
|-heal|p2a: Gliscor|48/100 tox|[from] ability: Poison Heal
|upkeep
|turn|12
|
|t:|1758271627
|switch|p2a: Hydrapple|Hydrapple, F|91/100
|move|p1a: Arcanine|Head Smash|p2a: Hydrapple
|-damage|p2a: Hydrapple|35/100
|
|upkeep
|turn|13
|
|t:|1758271637
|switch|p2a: Gliscor|Gliscor, M, shiny|48/100 tox
|move|p1a: Arcanine|Flare Blitz|p2a: Gliscor
|-damage|p2a: Gliscor|5/100 tox
|
|-heal|p2a: Gliscor|18/100 tox|[from] ability: Poison Heal
|upkeep
|turn|14
|
|t:|1758271646
|move|p2a: Gliscor|Protect|p2a: Gliscor
|-singleturn|p2a: Gliscor|Protect
|move|p1a: Arcanine|Extreme Speed|p2a: Gliscor
|-activate|p2a: Gliscor|move: Protect
|
|-heal|p2a: Gliscor|30/100 tox|[from] ability: Poison Heal
|upkeep
|turn|15
|
|t:|1758271656
|move|p2a: Gliscor|Stealth Rock|p1a: Arcanine
|-sidestart|p1: TherealOddman|move: Stealth Rock
|move|p1a: Arcanine|Flare Blitz|p2a: Gliscor
|-damage|p2a: Gliscor|0 fnt
|faint|p2a: Gliscor
|
|upkeep
|
|t:|1758271663
|switch|p2a: Hydrapple|Hydrapple, F|68/100
|turn|16
|
|t:|1758271676
|move|p1a: Arcanine|Flare Blitz|p2a: Hydrapple
|-damage|p2a: Hydrapple|23/100
|move|p2a: Hydrapple|Draco Meteor|p1a: Arcanine|[miss]
|-miss|p2a: Hydrapple|p1a: Arcanine
|
|upkeep
|turn|17
|
|t:|1758271685
|switch|p2a: Greninja|Greninja, M|100/100
|move|p1a: Arcanine|Flare Blitz|p2a: Greninja
|-resisted|p2a: Greninja
|-damage|p2a: Greninja|52/100
|-status|p2a: Greninja|brn
|
|-damage|p2a: Greninja|46/100 brn|[from] brn
|upkeep
|turn|18
|
|t:|1758271695
|move|p1a: Arcanine|Extreme Speed|p2a: Greninja
|-damage|p2a: Greninja|0 fnt
|faint|p2a: Greninja
|
|upkeep
|
|t:|1758271702
|switch|p2a: Iron Valiant|Iron Valiant|100/100
|-enditem|p2a: Iron Valiant|Booster Energy
|-activate|p2a: Iron Valiant|ability: Quark Drive|[fromitem]
|-start|p2a: Iron Valiant|quarkdrivespe
|turn|19
|inactive|TherealOddman has 120 seconds left.
|
|t:|1758271746
|move|p1a: Arcanine|Extreme Speed|p2a: Iron Valiant
|-damage|p2a: Iron Valiant|65/100
|move|p2a: Iron Valiant|Thunder Punch|p1a: Arcanine
|-supereffective|p1a: Arcanine
|-damage|p1a: Arcanine|0 fnt
|faint|p1a: Arcanine
|
|upkeep
|inactive|TherealOddman has 90 seconds left.
|
|t:|1758271784
|switch|p1a: Suicune|Suicune, shiny|100/100
|-damage|p1a: Suicune|88/100|[from] Stealth Rock
|turn|20
|inactive|dpash101 has 120 seconds left.
|inactive|dpash101 has 90 seconds left.
|inactive|dpash101 has 60 seconds left.
|inactive|dpash101 has 30 seconds left.
|
|t:|1758271908
|move|p2a: Iron Valiant|Thunder Punch|p1a: Suicune
|-supereffective|p1a: Suicune
|-damage|p1a: Suicune|52/100
|move|p1a: Suicune|Scald|p2a: Iron Valiant
|-damage|p2a: Iron Valiant|0 fnt
|faint|p2a: Iron Valiant
|-end|p2a: Iron Valiant|Quark Drive|[silent]
|
|upkeep
|inactive|dpash101 has 30 seconds left.
|
|t:|1758271916
|switch|p2a: Hydrapple|Hydrapple, F|56/100
|turn|21
|
|t:|1758271920
|move|p1a: Suicune|Ice Beam|p2a: Hydrapple
|-supereffective|p2a: Hydrapple
|-damage|p2a: Hydrapple|0 fnt
|faint|p2a: Hydrapple
|
|win|TherealOddman
|raw|TherealOddman's rating: 1081 &rarr; <strong>1113</strong><br />(+32 for winning)
|raw|dpash101's rating: 1132 &rarr; <strong>1103</strong><br />(-29 for losing)
|l|☆TherealOddman
|player|p1|
|l|☆dpash101
|player|p2|
