|j|☆sorenn
|j|☆dogtemple
|t:|1758316113
|gametype|singles
|player|p1|sorenn|beauty|1323
|player|p2|dogtemple|roxie|1336
|gen|9
|tier|[Gen 9] OU
|rated|
|rule|HP Percentage Mod: HP is shown in percentages
|rule|Endless Battle Clause: Forcing endless battles is banned
|rule|Species Clause: Limit one of each Pokémon
|rule|OHKO Clause: OHKO moves are banned
|rule|Evasion Items Clause: Evasion items are banned
|rule|Evasion Moves Clause: Evasion moves are banned
|rule|Evasion Abilities Clause: Evasion abilities are banned
|rule|Sleep Moves Clause: Sleep-inducing moves are banned
|clearpoke
|poke|p1|Maushold-Four|
|poke|p1|Meowscarada, M|
|poke|p1|Blissey, F|
|poke|p1|Quagsire, F|
|poke|p1|Dragapult, M|
|poke|p1|Cresselia, F|
|poke|p2|Bruxish, F|
|poke|p2|Ribombee, F|
|poke|p2|Gholdengo|
|poke|p2|Hitmontop, M|
|poke|p2|Typhlosion-Hisui, M|
|poke|p2|Vileplume, F|
|teampreview
|inactive|Battle timer is ON: inactive players will automatically lose when time's up. (requested by dogtemple)
|
|t:|1758316120
|teamsize|p1|6
|teamsize|p2|6
|start
|switch|p1a: Mauskatool|Maushold-Four|100/100
|switch|p2a: Ribombee|Ribombee, F|100/100
|turn|1
|
|t:|1758316132
|move|p2a: Ribombee|Stun Spore|p1a: Mauskatool|[miss]
|-miss|p2a: Ribombee|p1a: Mauskatool
|move|p1a: Mauskatool|Population Bomb|p2a: Ribombee
|-damage|p2a: Ribombee|79/100
|-damage|p2a: Ribombee|56/100
|-damage|p2a: Ribombee|33/100
|-damage|p2a: Ribombee|10/100
|-damage|p2a: Ribombee|0 fnt
|faint|p2a: Ribombee
|-hitcount|p2: Ribombee|5
|
|upkeep
|
|t:|1758316136
|switch|p2a: Gholdengo|Gholdengo|100/100
|-item|p2a: Gholdengo|Air Balloon
|turn|2
|
|t:|1758316147
|-terastallize|p1a: Mauskatool|Fire
|move|p1a: Mauskatool|Bite|p2a: Gholdengo
|-supereffective|p2a: Gholdengo
|-damage|p2a: Gholdengo|52/100
|-enditem|p2a: Gholdengo|Air Balloon
|move|p2a: Gholdengo|Make It Rain|p1a: Mauskatool
|-resisted|p1a: Mauskatool
|-damage|p1a: Mauskatool|47/100
|-unboost|p2a: Gholdengo|spa|1
|
|upkeep
|turn|3
|inactive|dogtemple has 120 seconds left.
|
|t:|1758316183
|switch|p2a: Vileplume|Vileplume, F|100/100
|move|p1a: Mauskatool|Tidy Up|p1a: Mauskatool
|-boost|p1a: Mauskatool|atk|1
|-boost|p1a: Mauskatool|spe|1
|
|upkeep
|turn|4
|
|t:|1758316187
|move|p1a: Mauskatool|Population Bomb|p2a: Vileplume
|-damage|p2a: Vileplume|88/100
|-damage|p1a: Mauskatool|30/100|[from] item: Rocky Helmet|[of] p2a: Vileplume
|-damage|p2a: Vileplume|76/100
|-damage|p1a: Mauskatool|13/100|[from] item: Rocky Helmet|[of] p2a: Vileplume
|-status|p1a: Mauskatool|par|[from] ability: Effect Spore|[of] p2a: Vileplume
|-damage|p2a: Vileplume|63/100
|-damage|p1a: Mauskatool|0 fnt|[from] item: Rocky Helmet|[of] p2a: Vileplume
|faint|p1a: Mauskatool
|-hitcount|p2a: Vileplume|3
|move|p2a: Vileplume|Strength Sap|p1: Mauskatool|[notarget]
|-fail|p2a: Vileplume
|
|upkeep
|
|t:|1758316197
|switch|p1a: Cass|Dragapult, M|100/100
|turn|5
|
|t:|1758316202
|move|p1a: Cass|Fire Blast|p2a: Vileplume
|-supereffective|p2a: Vileplume
|-damage|p2a: Vileplume|0 fnt
|faint|p2a: Vileplume
|
|upkeep
|
|t:|1758316207
|switch|p2a: Hitmontop|Hitmontop, M, shiny|100/100
|turn|6
|
|t:|1758316211
|switch|p1a: Sina|Cresselia, F|100/100
|move|p2a: Hitmontop|Triple Axel|p1a: Sina
|-damage|p1a: Sina|96/100
|-damage|p1a: Sina|86/100
|-damage|p1a: Sina|70/100
|-hitcount|p1a: Sina|3
|
|upkeep
|turn|7
|
|t:|1758316220
|switch|p2a: Gholdengo|Gholdengo|52/100
|move|p1a: Sina|Reflect|p1a: Sina
|-sidestart|p1: sorenn|Reflect
|
|upkeep
|turn|8
|
|t:|1758316229
|switch|p1a: Zaya|Meowscarada, M|100/100
|move|p2a: Gholdengo|Shadow Ball|p1a: Zaya
|-resisted|p1a: Zaya
|-damage|p1a: Zaya|65/100
|
|upkeep
|turn|9
|
|t:|1758316232
|switch|p2a: Hitmontop|Hitmontop, M, shiny|100/100
|move|p1a: Zaya|Knock Off|p2a: Hitmontop
|-start|p1a: Zaya|typechange|Dark|[from] ability: Protean
|-resisted|p2a: Hitmontop
|-damage|p2a: Hitmontop|59/100
|-enditem|p2a: Hitmontop|Leftovers|[from] move: Knock Off|[of] p1a: Zaya
|
|upkeep
|turn|10
|
|t:|1758316239
|switch|p1a: Sina|Cresselia, F|70/100
|move|p2a: Hitmontop|Bulk Up|p2a: Hitmontop
|-boost|p2a: Hitmontop|atk|1
|-boost|p2a: Hitmontop|def|1
|
|upkeep
|turn|11
|
|t:|1758316243
|switch|p2a: Gholdengo|Gholdengo|52/100
|move|p1a: Sina|Psychic|p2a: Gholdengo
|-resisted|p2a: Gholdengo
|-damage|p2a: Gholdengo|38/100
|
|upkeep
|turn|12
|
|t:|1758316248
|switch|p1a: Rose|Blissey, F, shiny|100/100
|move|p2a: Gholdengo|Recover|p2a: Gholdengo
|-heal|p2a: Gholdengo|88/100
|
|upkeep
|turn|13
|
|t:|1758316252
|move|p2a: Gholdengo|Nasty Plot|p2a: Gholdengo
|-boost|p2a: Gholdengo|spa|2
|move|p1a: Rose|Trick|p2a: Gholdengo
|-immune|p2a: Gholdengo|[from] ability: Good as Gold
|
|upkeep
|turn|14
|
|t:|1758316259
|switch|p1a: Cass|Dragapult, M|100/100
|move|p2a: Gholdengo|Nasty Plot|p2a: Gholdengo
|-boost|p2a: Gholdengo|spa|2
|
|-sideend|p1: sorenn|Reflect
|upkeep
|turn|15
|
|t:|1758316265
|-terastallize|p2a: Gholdengo|Flying
|move|p1a: Cass|Shadow Ball|p2a: Gholdengo
|-damage|p2a: Gholdengo|25/100
|-unboost|p2a: Gholdengo|spd|1
|move|p2a: Gholdengo|Shadow Ball|p1a: Cass
|-supereffective|p1a: Cass
|-damage|p1a: Cass|0 fnt
|faint|p1a: Cass
|
|upkeep
|
|t:|1758316270
|switch|p1a: Zaya|Meowscarada, M|65/100
|turn|16
|
|t:|1758316273
|switch|p2a: Hitmontop|Hitmontop, M, shiny|59/100
|move|p1a: Zaya|Play Rough|p2a: Hitmontop
|-start|p1a: Zaya|typechange|Fairy|[from] ability: Protean
|-supereffective|p2a: Hitmontop
|-damage|p2a: Hitmontop|0 fnt
|faint|p2a: Hitmontop
|
|upkeep
|
|t:|1758316277
|switch|p2a: Typhlosion|Typhlosion-Hisui, M, shiny|100/100
|-item|p1a: Zaya|Choice Band|[from] ability: Frisk|[of] p2a: Typhlosion
|turn|17
|
|t:|1758316281
|switch|p1a: Rose|Blissey, F, shiny|100/100
|move|p2a: Typhlosion|Flamethrower|p1a: Rose
|-damage|p1a: Rose|83/100
|
|upkeep
|turn|18
|
|t:|1758316284
|switch|p2a: Gholdengo|Gholdengo, tera:Flying|25/100
|switch|p1a: Zaya|Meowscarada, M|65/100
|
|upkeep
|turn|19
|
|t:|1758316298
|switch|p2a: Typhlosion|Typhlosion-Hisui, M, shiny|100/100
|-item|p1a: Zaya|Choice Band|[from] ability: Frisk|[of] p2a: Typhlosion
|move|p1a: Zaya|Knock Off|p2a: Typhlosion
|-start|p1a: Zaya|typechange|Dark|[from] ability: Protean
|-supereffective|p2a: Typhlosion
|-damage|p2a: Typhlosion|0 fnt
|-enditem|p2a: Typhlosion|Choice Scarf|[from] move: Knock Off|[of] p1a: Zaya
|faint|p2a: Typhlosion
|
|upkeep
|
|t:|1758316305
|switch|p2a: Bruxish|Bruxish, F, shiny|100/100
|turn|20
|
|t:|1758316312
|move|p1a: Zaya|Knock Off|p2a: Bruxish
|-supereffective|p2a: Bruxish
|-damage|p2a: Bruxish|0 fnt
|-enditem|p2a: Bruxish|Life Orb|[from] move: Knock Off|[of] p1a: Zaya
|faint|p2a: Bruxish
|
|upkeep
|-message|dogtemple forfeited.
|
|win|sorenn
|raw|sorenn's rating: 1323 &rarr; <strong>1342</strong><br />(+19 for winning)
|raw|dogtemple's rating: 1314 &rarr; <strong>1295</strong><br />(-19 for losing)
|l|☆dogtemple
|player|p2|
|c|☆sorenn|bruxish is wilf
|l|☆sorenn
|player|p1|
