|j|☆playboisant
|j|☆justiceforjessie
|t:|1758324312
|gametype|singles
|player|p1|playboisant|roxie|1571
|player|p2|justiceforjessie|101|1576
|gen|9
|tier|[Gen 9] OU
|rated|
|rule|HP Percentage Mod: HP is shown in percentages
|rule|Endless Battle Clause: Forcing endless battles is banned
|rule|Species Clause: Limit one of each Pokémon
|rule|OHKO Clause: OHKO moves are banned
|rule|Evasion Items Clause: Evasion items are banned
|rule|Evasion Moves Clause: Evasion moves are banned
|rule|Evasion Abilities Clause: Evasion abilities are banned
|rule|Sleep Moves Clause: Sleep-inducing moves are banned
|clearpoke
|poke|p1|Emboar, F|
|poke|p1|Haxorus, M|
|poke|p1|Hydreigon, M|
|poke|p1|Zoroark, F|
|poke|p1|Bronzong|
|poke|p1|Bisharp, F|
|poke|p2|Ninetales, M|
|poke|p2|Great Tusk|
|poke|p2|Walking Wake|
|poke|p2|Comfey, F|
|poke|p2|Venusaur, F|
|poke|p2|Gholdengo|
|teampreview
|
|t:|1758324330
|teamsize|p1|6
|teamsize|p2|6
|start
|switch|p1a: Emboar|Emboar, F, shiny|100/100
|switch|p2a: NineGENDERS.|Ninetales, M|100/100
|-weather|SunnyDay|[from] ability: Drought|[of] p2a: NineGENDERS.
|turn|1
|
|t:|1758324338
|switch|p2a: Great THEY/THEM.|Great Tusk|100/100
|-activate|p2a: Great THEY/THEM.|ability: Protosynthesis
|-start|p2a: Great THEY/THEM.|protosynthesisatk
|move|p1a: Emboar|Nasty Plot|p1a: Emboar
|-boost|p1a: Emboar|spa|2
|
|-weather|SunnyDay|[upkeep]
|upkeep
|turn|2
|
|t:|1758324350
|move|p1a: Emboar|Flamethrower|p2a: Great THEY/THEM.
|-damage|p2a: Great THEY/THEM.|0 fnt
|faint|p2a: Great THEY/THEM.
|-end|p2a: Great THEY/THEM.|Protosynthesis|[silent]
|
|-weather|SunnyDay|[upkeep]
|upkeep
|
|t:|1758324360
|switch|p2a: Walking WOKE.|Walking Wake|100/100
|-activate|p2a: Walking WOKE.|ability: Protosynthesis
|-start|p2a: Walking WOKE.|protosynthesisspe
|turn|3
|
|t:|1758324368
|move|p2a: Walking WOKE.|Hydro Steam|p1a: Emboar
|-enditem|p1a: Emboar|Focus Sash
|-damage|p1a: Emboar|1/100
|replace|p1a: Zoroark|Zoroark, F, shiny
|-end|p1a: Zoroark|Illusion
|move|p1a: Zoroark|Dark Pulse|p2a: Walking WOKE.
|-damage|p2a: Walking WOKE.|3/100
|
|-weather|SunnyDay|[upkeep]
|upkeep
|turn|4
|
|t:|1758324377
|move|p2a: Walking WOKE.|Hydro Steam|p1a: Zoroark
|-damage|p1a: Zoroark|0 fnt
|faint|p1a: Zoroark
|
|-weather|SunnyDay|[upkeep]
|upkeep
|
|t:|1758324388
|switch|p1a: Bisharp|Bisharp, F, shiny|100/100
|turn|5
|
|t:|1758324392
|-end|p2a: Walking WOKE.|Protosynthesis|[silent]
|switch|p2a: VenuSOROS.|Venusaur, F|100/100
|move|p1a: Bisharp|Sucker Punch||[still]
|-fail|p1a: Bisharp
|
|-weather|SunnyDay|[upkeep]
|upkeep
|turn|6
|
|t:|1758324399
|move|p2a: VenuSOROS.|Weather Ball|p1a: Bisharp
|-supereffective|p1a: Bisharp
|-damage|p1a: Bisharp|0 fnt
|faint|p1a: Bisharp
|-damage|p2a: VenuSOROS.|91/100|[from] item: Life Orb
|
|-weather|SunnyDay|[upkeep]
|upkeep
|
|t:|1758324406
|switch|p1a: Hydreigon|Hydreigon, M|100/100
|turn|7
|
|t:|1758324415
|move|p2a: VenuSOROS.|Growth|p2a: VenuSOROS.
|-boost|p2a: VenuSOROS.|atk|2
|-boost|p2a: VenuSOROS.|spa|2
|move|p1a: Hydreigon|Flamethrower|p2a: VenuSOROS.
|-supereffective|p2a: VenuSOROS.
|-damage|p2a: VenuSOROS.|0 fnt
|faint|p2a: VenuSOROS.
|
|-weather|SunnyDay|[upkeep]
|upkeep
|
|t:|1758324427
|switch|p2a: Walking WOKE.|Walking Wake|3/100
|-activate|p2a: Walking WOKE.|ability: Protosynthesis
|-start|p2a: Walking WOKE.|protosynthesisspe
|turn|8
|
|t:|1758324436
|switch|p1a: Bronzong|Bronzong|100/100
|-terastallize|p2a: Walking WOKE.|Water
|move|p2a: Walking WOKE.|Hydro Steam|p1a: Bronzong
|-damage|p1a: Bronzong|0 fnt
|faint|p1a: Bronzong
|
|-weather|none
|-end|p2a: Walking WOKE.|Protosynthesis
|upkeep
|
|t:|1758324449
|switch|p1a: Haxorus|Haxorus, M, shiny|100/100
|-ability|p1a: Haxorus|Mold Breaker
|turn|9
|
|t:|1758324453
|-end|p2a: Walking WOKE.|Protosynthesis|[silent]
|switch|p2a: Comfey|Comfey, F|100/100
|move|p1a: Haxorus|Dragon Dance|p1a: Haxorus
|-boost|p1a: Haxorus|atk|1
|-boost|p1a: Haxorus|spe|1
|
|upkeep
|turn|10
|
|t:|1758324460
|-terastallize|p1a: Haxorus|Steel
|move|p2a: Comfey|Draining Kiss|p1a: Haxorus
|-resisted|p1a: Haxorus
|-damage|p1a: Haxorus|78/100
|-damage|p2a: Comfey|91/100|[from] item: Life Orb
|move|p1a: Haxorus|Dragon Dance|p1a: Haxorus
|-boost|p1a: Haxorus|atk|1
|-boost|p1a: Haxorus|spe|1
|
|upkeep
|turn|11
|
|t:|1758324470
|switch|p2a: NineGENDERS.|Ninetales, M|100/100
|-weather|SunnyDay|[from] ability: Drought|[of] p2a: NineGENDERS.
|move|p1a: Haxorus|Iron Head|p2a: NineGENDERS.
|-resisted|p2a: NineGENDERS.
|-damage|p2a: NineGENDERS.|30/100
|-damage|p1a: Haxorus|68/100|[from] item: Life Orb
|
|-weather|SunnyDay|[upkeep]
|upkeep
|turn|12
|
|t:|1758324480
|move|p1a: Haxorus|Earthquake|p2a: NineGENDERS.
|-supereffective|p2a: NineGENDERS.
|-damage|p2a: NineGENDERS.|0 fnt
|faint|p2a: NineGENDERS.
|-damage|p1a: Haxorus|59/100|[from] item: Life Orb
|
|-weather|SunnyDay|[upkeep]
|upkeep
|
|t:|1758324490
|switch|p2a: Walking WOKE.|Walking Wake, tera:Water|3/100
|-activate|p2a: Walking WOKE.|ability: Protosynthesis
|-start|p2a: Walking WOKE.|protosynthesisspe
|turn|13
|
|t:|1758324496
|move|p1a: Haxorus|Earthquake|p2a: Walking WOKE.
|-damage|p2a: Walking WOKE.|0 fnt
|faint|p2a: Walking WOKE.
|-end|p2a: Walking WOKE.|Protosynthesis|[silent]
|-damage|p1a: Haxorus|49/100|[from] item: Life Orb
|
|-weather|SunnyDay|[upkeep]
|upkeep
|
|t:|1758324501
|switch|p2a: Comfey|Comfey, F|91/100
|turn|14
|
|t:|1758324517
|move|p2a: Comfey|Draining Kiss|p1a: Haxorus
|-resisted|p1a: Haxorus
|-damage|p1a: Haxorus|28/100
|-heal|p2a: Comfey|100/100|[from] drain|[of] p1a: Haxorus
|-damage|p2a: Comfey|91/100|[from] item: Life Orb
|move|p1a: Haxorus|Iron Head|p2a: Comfey
|-supereffective|p2a: Comfey
|-damage|p2a: Comfey|0 fnt
|faint|p2a: Comfey
|-damage|p1a: Haxorus|18/100|[from] item: Life Orb
|
|-weather|SunnyDay|[upkeep]
|upkeep
|-message|justiceforjessie forfeited.
|
|win|playboisant
|raw|playboisant's rating: 1571 &rarr; <strong>1591</strong><br />(+20 for winning)
|raw|justiceforjessie's rating: 1576 &rarr; <strong>1556</strong><br />(-20 for losing)
|l|☆justiceforjessie
|player|p2|
|l|☆playboisant
|player|p1|
