|j|☆swimming nixon
|j|☆Alpha Rong Yuan
|t:|1758342594
|gametype|singles
|player|p1|swimming nixon|265|1302
|player|p2|Alpha Rong Yuan|170|1241
|gen|9
|tier|[Gen 9] OU
|rated|
|rule|HP Percentage Mod: HP is shown in percentages
|rule|Endless Battle Clause: Forcing endless battles is banned
|rule|Species Clause: Limit one of each Pokémon
|rule|OHKO Clause: OHKO moves are banned
|rule|Evasion Items Clause: Evasion items are banned
|rule|Evasion Moves Clause: Evasion moves are banned
|rule|Evasion Abilities Clause: Evasion abilities are banned
|rule|Sleep Moves Clause: Sleep-inducing moves are banned
|clearpoke
|poke|p1|Darkrai|
|poke|p1|Kyurem|
|poke|p1|Scizor, M|
|poke|p1|Pecharunt|
|poke|p1|Primarina, F|
|poke|p1|Gliscor, F|
|poke|p2|Ceruledge, M|
|poke|p2|Armarouge, F|
|poke|p2|Iron Valiant|
|poke|p2|Gengar, F|
|poke|p2|Tsareena, F|
|poke|p2|Kingambit, F|
|teampreview
|inactive|Battle timer is ON: inactive players will automatically lose when time's up. (requested by swimming nixon)
|
|t:|1758342611
|teamsize|p1|6
|teamsize|p2|6
|start
|switch|p1a: Darkrai|Darkrai|100/100
|switch|p2a: Tsareena|Tsareena, F, shiny|100/100
|turn|1
|
|t:|1758342615
|move|p1a: Darkrai|Nasty Plot|p1a: Darkrai
|-boost|p1a: Darkrai|spa|2
|move|p2a: Tsareena|High Jump Kick|p1a: Darkrai
|-supereffective|p1a: Darkrai
|-damage|p1a: Darkrai|2/100
|
|upkeep
|turn|2
|
|t:|1758342619
|move|p1a: Darkrai|Sludge Bomb|p2a: Tsareena
|-supereffective|p2a: Tsareena
|-damage|p2a: Tsareena|10/100
|move|p2a: Tsareena|U-turn|p1a: Darkrai
|-supereffective|p1a: Darkrai
|-damage|p1a: Darkrai|0 fnt
|faint|p1a: Darkrai
|
|t:|1758342627
|switch|p2a: 拳打大蛋，脚踩毒花|Gengar, F, shiny|100/100|[from] U-turn
|
|upkeep
|
|t:|1758342635
|switch|p1a: Scizor|Scizor, M|100/100
|turn|3
|
|t:|1758342640
|move|p2a: 拳打大蛋，脚踩毒花|Destiny Bond|p2a: 拳打大蛋，脚踩毒花
|-singlemove|p2a: 拳打大蛋，脚踩毒花|Destiny Bond
|move|p1a: Scizor|Knock Off|p2a: 拳打大蛋，脚踩毒花
|-supereffective|p2a: 拳打大蛋，脚踩毒花
|-damage|p2a: 拳打大蛋，脚踩毒花|0 fnt
|-start|p1a: Scizor|Disable|Knock Off|[from] ability: Cursed Body|[of] p2a: 拳打大蛋，脚踩毒花
|-enditem|p2a: 拳打大蛋，脚踩毒花|Black Belt|[from] move: Knock Off|[of] p1a: Scizor
|faint|p2a: 拳打大蛋，脚踩毒花
|-activate|p2a: 拳打大蛋，脚踩毒花|move: Destiny Bond
|faint|p1a: Scizor
|
|upkeep
|
|t:|1758342650
|switch|p2a: Armarouge|Armarouge, F, shiny|100/100
|switch|p1a: Kyurem|Kyurem|100/100
|-ability|p1a: Kyurem|Pressure
|turn|4
|
|t:|1758342653
|move|p1a: Kyurem|Earth Power|p2a: Armarouge
|-supereffective|p2a: Armarouge
|-damage|p2a: Armarouge|0 fnt
|faint|p2a: Armarouge
|
|upkeep
|
|t:|1758342659
|switch|p2a: Ceruledge|Ceruledge, M, shiny|100/100
|turn|5
|
|t:|1758342667
|switch|p1a: Gliscor|Gliscor, F|100/100
|move|p2a: Ceruledge|Poltergeist|p1a: Gliscor
|-activate|p1a: Gliscor|move: Poltergeist|Toxic Orb
|-damage|p1a: Gliscor|68/100
|
|-status|p1a: Gliscor|tox|[from] item: Toxic Orb
|upkeep
|turn|6
|
|t:|1758342675
|move|p2a: Ceruledge|Poltergeist|p1a: Gliscor
|-activate|p1a: Gliscor|move: Poltergeist|Toxic Orb
|-damage|p1a: Gliscor|38/100 tox
|move|p1a: Gliscor|Earthquake|p2a: Ceruledge
|-supereffective|p2a: Ceruledge
|-damage|p2a: Ceruledge|26/100
|-ability|p2a: Ceruledge|Weak Armor|boost
|-unboost|p2a: Ceruledge|def|1
|-boost|p2a: Ceruledge|spe|2
|-enditem|p2a: Ceruledge|Weakness Policy
|-boost|p2a: Ceruledge|atk|2|[from] item: Weakness Policy
|-boost|p2a: Ceruledge|spa|2|[from] item: Weakness Policy
|
|-heal|p1a: Gliscor|50/100 tox|[from] ability: Poison Heal
|upkeep
|turn|7
|
|t:|1758342683
|move|p1a: Gliscor|Protect|p1a: Gliscor
|-singleturn|p1a: Gliscor|Protect
|move|p2a: Ceruledge|Poltergeist|p1a: Gliscor
|-activate|p1a: Gliscor|move: Protect
|
|-heal|p1a: Gliscor|63/100 tox|[from] ability: Poison Heal
|upkeep
|turn|8
|
|t:|1758342690
|move|p2a: Ceruledge|Destiny Bond|p2a: Ceruledge
|-singlemove|p2a: Ceruledge|Destiny Bond
|move|p1a: Gliscor|Earthquake|p2a: Ceruledge
|-supereffective|p2a: Ceruledge
|-damage|p2a: Ceruledge|0 fnt
|faint|p2a: Ceruledge
|-activate|p2a: Ceruledge|move: Destiny Bond
|faint|p1a: Gliscor
|
|upkeep
|
|t:|1758342698
|switch|p2a: 投之亡地而后存|Iron Valiant, shiny|100/100
|switch|p1a: Pecharunt|Pecharunt|100/100
|turn|9
|
|t:|1758342701
|-end|p2a: 投之亡地而后存|Quark Drive|[silent]
|switch|p2a: 听不懂，我找找126威力先制|Kingambit, F, shiny|100/100
|-activate|p2a: 听不懂，我找找126威力先制|ability: Supreme Overlord
|-start|p2a: 听不懂，我找找126威力先制|fallen3|[silent]
|move|p1a: Pecharunt|Malignant Chain|p2a: 听不懂，我找找126威力先制
|-immune|p2a: 听不懂，我找找126威力先制
|
|upkeep
|turn|10
|
|t:|1758342708
|switch|p1a: Primarina|Primarina, F|100/100
|move|p2a: 听不懂，我找找126威力先制|Swords Dance|p2a: 听不懂，我找找126威力先制
|-boost|p2a: 听不懂，我找找126威力先制|atk|2
|
|upkeep
|turn|11
|
|t:|1758342717
|move|p2a: 听不懂，我找找126威力先制|Iron Head|p1a: Primarina
|-damage|p1a: Primarina|0 fnt
|faint|p1a: Primarina
|
|upkeep
|
|t:|1758342723
|switch|p1a: Kyurem|Kyurem|100/100
|-ability|p1a: Kyurem|Pressure
|turn|12
|
|t:|1758342728
|-terastallize|p1a: Kyurem|Ground
|move|p2a: 听不懂，我找找126威力先制|Sucker Punch|p1a: Kyurem
|-damage|p1a: Kyurem|0 fnt
|faint|p1a: Kyurem
|
|upkeep
|-message|swimming nixon forfeited.
|
|win|Alpha Rong Yuan
|raw|swimming nixon's rating: 1302 &rarr; <strong>1279</strong><br />(-23 for losing)
|raw|Alpha Rong Yuan's rating: 1241 &rarr; <strong>1270</strong><br />(+29 for winning)
|l|☆swimming nixon
|player|p1|
|j| 12sb34
|l| 12sb34
|l|☆Alpha Rong Yuan
|player|p2|
|j| Yancy 0923
