|j|☆god's loving gift
|j|☆Nacho Viral
|t:|1758313352
|gametype|singles
|player|p1|god's loving gift|unknownf|1260
|player|p2|Nacho Viral|2|1286
|gen|9
|tier|[Gen 9] OU
|rated|
|rule|HP Percentage Mod: HP is shown in percentages
|rule|Endless Battle Clause: Forcing endless battles is banned
|rule|Species Clause: Limit one of each Pokémon
|rule|OHKO Clause: OHKO moves are banned
|rule|Evasion Items Clause: Evasion items are banned
|rule|Evasion Moves Clause: Evasion moves are banned
|rule|Evasion Abilities Clause: Evasion abilities are banned
|rule|Sleep Moves Clause: Sleep-inducing moves are banned
|clearpoke
|poke|p1|Iron Valiant|
|poke|p1|Samurott-Hisui, F|
|poke|p1|Pecharunt|
|poke|p1|Ogerpon-Wellspring, F|
|poke|p1|Gholdengo|
|poke|p1|Landorus-Therian, M|
|poke|p2|Iron Crown|
|poke|p2|Iron Hands|
|poke|p2|Grimmsnarl, M|
|poke|p2|Great Tusk|
|poke|p2|Dragonite, M|
|poke|p2|Glimmora, M|
|teampreview
|inactive|Battle timer is ON: inactive players will automatically lose when time's up. (requested by god's loving gift)
|
|t:|1758313358
|teamsize|p1|6
|teamsize|p2|6
|start
|switch|p1a: Landorus|Landorus-Therian, M|100/100
|switch|p2a: Glimmora|Glimmora, M|100/100
|-ability|p1a: Landorus|Intimidate|boost
|-unboost|p2a: Glimmora|atk|1
|turn|1
|
|t:|1758313368
|-terastallize|p2a: Glimmora|Fairy
|move|p1a: Landorus|Stealth Rock|p2a: Glimmora
|-sidestart|p2: Nacho Viral|move: Stealth Rock
|move|p2a: Glimmora|Rock Polish|p2a: Glimmora
|-boost|p2a: Glimmora|spe|2
|
|upkeep
|turn|2
|
|t:|1758313383
|switch|p1a: Gholdengo|Gholdengo|100/100
|move|p2a: Glimmora|Meteor Beam||[still]
|-prepare|p2a: Glimmora|Meteor Beam
|-boost|p2a: Glimmora|spa|1
|-enditem|p2a: Glimmora|Power Herb
|-anim|p2a: Glimmora|Meteor Beam|p1a: Gholdengo
|-resisted|p1a: Gholdengo
|-damage|p1a: Gholdengo|40/100
|
|upkeep
|turn|3
|
|t:|1758313399
|move|p2a: Glimmora|Earth Power|p1a: Gholdengo
|-supereffective|p1a: Gholdengo
|-damage|p1a: Gholdengo|0 fnt
|faint|p1a: Gholdengo
|
|upkeep
|
|t:|1758313415
|switch|p1a: Ogerpon|Ogerpon-Wellspring, F|100/100
|turn|4
|
|t:|1758313432
|-terastallize|p1a: Ogerpon|Water
|detailschange|p1a: Ogerpon|Ogerpon-Wellspring-Tera, F, tera:Water
|-ability|p1a: Ogerpon|Embody Aspect (Wellspring)|boost
|-boost|p1a: Ogerpon|spd|1
|move|p2a: Glimmora|Dazzling Gleam|p1a: Ogerpon
|-crit|p1a: Ogerpon
|-damage|p1a: Ogerpon|0 fnt
|faint|p1a: Ogerpon
|detailschange|p1: Ogerpon|Ogerpon-Wellspring, F|[silent]
|
|upkeep
|
|t:|1758313451
|switch|p1a: Landorus|Landorus-Therian, M|100/100
|-ability|p1a: Landorus|Intimidate|boost
|-unboost|p2a: Glimmora|atk|1
|turn|5
|
|t:|1758313462
|move|p2a: Glimmora|Dazzling Gleam|p1a: Landorus
|-damage|p1a: Landorus|13/100
|move|p1a: Landorus|Stone Edge|p2a: Glimmora
|-damage|p2a: Glimmora|52/100
|-activate|p2a: Glimmora|ability: Toxic Debris
|-sidestart|p1: god's loving gift|move: Toxic Spikes
|
|upkeep
|turn|6
|
|t:|1758313473
|move|p2a: Glimmora|Dazzling Gleam|p1a: Landorus
|-damage|p1a: Landorus|0 fnt
|faint|p1a: Landorus
|
|upkeep
|
|t:|1758313478
|switch|p1a: Pecharunt|Pecharunt|100/100
|-sideend|p1: god's loving gift|move: Toxic Spikes|[of] p1a: Pecharunt
|turn|7
|
|t:|1758313483
|move|p2a: Glimmora|Earth Power|p1a: Pecharunt
|-supereffective|p1a: Pecharunt
|-crit|p1a: Pecharunt
|-damage|p1a: Pecharunt|0 fnt
|faint|p1a: Pecharunt
|
|upkeep
|
|t:|1758313492
|switch|p1a: Iron Valiant|Iron Valiant|100/100
|turn|8
|
|t:|1758313503
|move|p2a: Glimmora|Dazzling Gleam|p1a: Iron Valiant
|-supereffective|p1a: Iron Valiant
|-damage|p1a: Iron Valiant|0 fnt
|faint|p1a: Iron Valiant
|-end|p1a: Iron Valiant|Quark Drive|[silent]
|
|upkeep
|
|t:|1758313505
|switch|p1a: Samurott|Samurott-Hisui, F|100/100
|turn|9
|
|t:|1758313512
|move|p1a: Samurott|Aqua Jet|p2a: Glimmora
|-damage|p2a: Glimmora|29/100
|-activate|p2a: Glimmora|ability: Toxic Debris
|-sidestart|p1: god's loving gift|move: Toxic Spikes
|move|p2a: Glimmora|Dazzling Gleam|p1a: Samurott
|-supereffective|p1a: Samurott
|-damage|p1a: Samurott|0 fnt
|faint|p1a: Samurott
|
|win|Nacho Viral
|raw|god&apos;s loving gift's rating: 1260 &rarr; <strong>1237</strong><br />(-23 for losing)
|raw|Nacho Viral's rating: 1286 &rarr; <strong>1309</strong><br />(+23 for winning)
|l|☆god's loving gift
|player|p1|
