|j|☆surprise blissey
|j|☆pantalonescondidos
|t:|1758306230
|gametype|singles
|player|p1|surprise blissey|lucian|1504
|player|p2|pantalonescondidos|169|1491
|gen|9
|tier|[Gen 9] OU
|rated|
|rule|HP Percentage Mod: HP is shown in percentages
|rule|Endless Battle Clause: Forcing endless battles is banned
|rule|Species Clause: Limit one of each Pokémon
|rule|OHKO Clause: OHKO moves are banned
|rule|Evasion Items Clause: Evasion items are banned
|rule|Evasion Moves Clause: Evasion moves are banned
|rule|Evasion Abilities Clause: Evasion abilities are banned
|rule|Sleep Moves Clause: Sleep-inducing moves are banned
|clearpoke
|poke|p1|Pelipper, F|
|poke|p1|Toxicroak, F|
|poke|p1|Barraskewda, F|
|poke|p1|Iron Treads|
|poke|p1|Moltres|
|poke|p1|Hatterene, F|
|poke|p2|Sylveon, F|
|poke|p2|Slowking-Galar, F|
|poke|p2|Toxapex, M|
|poke|p2|Great Tusk|
|poke|p2|Kingambit, M|
|poke|p2|Rotom-Heat|
|teampreview
|inactive|Battle timer is ON: inactive players will automatically lose when time's up. (requested by surprise blissey)
|inactive|pantalonescondidos also wants the timer to be on.
|inactive|pantalonescondidos has 120 seconds left.
|inactive|pantalonescondidos has 90 seconds left.
|
|t:|1758306296
|teamsize|p1|6
|teamsize|p2|6
|start
|switch|p1a: Pelipper|Pelipper, F, shiny|100/100
|switch|p2a: Rotom|Rotom-Heat, shiny|100/100
|-weather|RainDance|[from] ability: Drizzle|[of] p1a: Pelipper
|turn|1
|
|t:|1758306303
|switch|p1a: Hatterene|Hatterene, F, shiny|100/100
|move|p2a: Rotom|Trick|p1a: Hatterene
|-activate|p2a: Rotom|move: Trick|[of] p1a: Hatterene
|-item|p1a: Hatterene|Choice Scarf|[from] move: Trick
|-item|p2a: Rotom|Eject Button|[from] move: Trick
|
|-weather|RainDance|[upkeep]
|upkeep
|turn|2
|
|t:|1758306312
|move|p2a: Rotom|Volt Switch|p1a: Hatterene
|-damage|p1a: Hatterene|72/100
|
|t:|1758306315
|switch|p2a: Slowking|Slowking-Galar, F, shiny|100/100|[from] Volt Switch
|move|p1a: Hatterene|Psychic Noise|p2a: Slowking
|-damage|p2a: Slowking|87/100
|-start|p2a: Slowking|move: Heal Block
|
|-weather|RainDance|[upkeep]
|upkeep
|turn|3
|
|t:|1758306321
|switch|p1a: Iron Treads|Iron Treads, shiny|100/100
|move|p2a: Slowking|Future Sight|p1a: Iron Treads
|-start|p2a: Slowking|move: Future Sight
|
|-weather|RainDance|[upkeep]
|-end|p2a: Slowking|move: Heal Block
|upkeep
|turn|4
|
|t:|1758306327
|switch|p2a: Great Tusk|Great Tusk|100/100
|move|p1a: Iron Treads|Stealth Rock|p2a: Great Tusk
|-sidestart|p2: pantalonescondidos|move: Stealth Rock
|
|-weather|RainDance|[upkeep]
|upkeep
|turn|5
|
|t:|1758306329
|-end|p1a: Iron Treads|Quark Drive|[silent]
|switch|p1a: Moltres|Moltres, shiny|100/100
|move|p2a: Great Tusk|Rapid Spin|p1a: Moltres
|-damage|p1a: Moltres|89/100
|-boost|p2a: Great Tusk|spe|1
|-status|p2a: Great Tusk|brn|[from] ability: Flame Body|[of] p1a: Moltres
|-sideend|p2: pantalonescondidos|Stealth Rock|[from] move: Rapid Spin|[of] p2a: Great Tusk
|
|-weather|RainDance|[upkeep]
|-end|p1a: Moltres|move: Future Sight
|-damage|p1a: Moltres|42/100
|-damage|p2a: Great Tusk|94/100 brn|[from] brn
|upkeep
|turn|6
|
|t:|1758306333
|-end|p2a: Great Tusk|Protosynthesis|[silent]
|switch|p2a: Rotom|Rotom-Heat, shiny|100/100
|move|p1a: Moltres|Roost|p1a: Moltres
|-heal|p1a: Moltres|92/100
|-singleturn|p1a: Moltres|move: Roost
|
|-weather|RainDance|[upkeep]
|upkeep
|turn|7
|
|t:|1758306340
|switch|p1a: Iron Treads|Iron Treads, shiny|100/100
|move|p2a: Rotom|Volt Switch|p1a: Iron Treads
|-immune|p1a: Iron Treads
|
|-weather|RainDance|[upkeep]
|upkeep
|turn|8
|
|t:|1758306347
|move|p2a: Rotom|Overheat|p1a: Iron Treads
|-supereffective|p1a: Iron Treads
|-damage|p1a: Iron Treads|60/100
|-unboost|p2a: Rotom|spa|2
|move|p1a: Iron Treads|Knock Off|p2a: Rotom
|-damage|p2a: Rotom|69/100
|-enditem|p2a: Rotom|Eject Button|[from] move: Knock Off|[of] p1a: Iron Treads
|
|-weather|none
|-heal|p1a: Iron Treads|66/100|[from] item: Leftovers
|upkeep
|turn|9
|
|t:|1758306353
|switch|p2a: Great Tusk|Great Tusk|94/100 brn
|move|p1a: Iron Treads|Stealth Rock|p2a: Great Tusk
|-sidestart|p2: pantalonescondidos|move: Stealth Rock
|
|-heal|p1a: Iron Treads|72/100|[from] item: Leftovers
|-damage|p2a: Great Tusk|88/100 brn|[from] brn
|upkeep
|turn|10
|
|t:|1758306361
|move|p2a: Great Tusk|Rapid Spin|p1a: Iron Treads
|-resisted|p1a: Iron Treads
|-damage|p1a: Iron Treads|69/100
|-boost|p2a: Great Tusk|spe|1
|-sideend|p2: pantalonescondidos|Stealth Rock|[from] move: Rapid Spin|[of] p2a: Great Tusk
|move|p1a: Iron Treads|Earthquake|p2a: Great Tusk
|-damage|p2a: Great Tusk|58/100 brn
|
|-heal|p1a: Iron Treads|75/100|[from] item: Leftovers
|-damage|p2a: Great Tusk|52/100 brn|[from] brn
|upkeep
|turn|11
|
|t:|1758306368
|-end|p1a: Iron Treads|Quark Drive|[silent]
|switch|p1a: Moltres|Moltres, shiny|92/100
|move|p2a: Great Tusk|Close Combat|p1a: Moltres
|-resisted|p1a: Moltres
|-damage|p1a: Moltres|81/100
|-unboost|p2a: Great Tusk|def|1
|-unboost|p2a: Great Tusk|spd|1
|
|-damage|p2a: Great Tusk|46/100 brn|[from] brn
|upkeep
|turn|12
|
|t:|1758306372
|-end|p2a: Great Tusk|Protosynthesis|[silent]
|switch|p2a: Slowking|Slowking-Galar, F, shiny|100/100
|move|p1a: Moltres|U-turn|p2a: Slowking
|-damage|p2a: Slowking|87/100
|
|t:|1758306378
|switch|p1a: Iron Treads|Iron Treads, shiny|75/100|[from] U-turn
|
|-heal|p1a: Iron Treads|81/100|[from] item: Leftovers
|upkeep
|turn|13
|
|t:|1758306384
|-end|p1a: Iron Treads|Quark Drive|[silent]
|switch|p1a: Pelipper|Pelipper, F, shiny|100/100
|-weather|RainDance|[from] ability: Drizzle|[of] p1a: Pelipper
|switch|p2a: Rotom|Rotom-Heat, shiny|69/100
|
|-weather|RainDance|[upkeep]
|upkeep
|turn|14
|
|t:|1758306388
|switch|p1a: Iron Treads|Iron Treads, shiny|81/100
|move|p2a: Rotom|Volt Switch|p1a: Iron Treads
|-immune|p1a: Iron Treads
|
|-weather|RainDance|[upkeep]
|-heal|p1a: Iron Treads|87/100|[from] item: Leftovers
|upkeep
|turn|15
|
|t:|1758306393
|switch|p2a: Great Tusk|Great Tusk|46/100 brn
|move|p1a: Iron Treads|Stealth Rock|p2a: Great Tusk
|-sidestart|p2: pantalonescondidos|move: Stealth Rock
|
|-weather|RainDance|[upkeep]
|-heal|p1a: Iron Treads|93/100|[from] item: Leftovers
|-damage|p2a: Great Tusk|40/100 brn|[from] brn
|upkeep
|turn|16
|
|t:|1758306396
|move|p2a: Great Tusk|Rapid Spin|p1a: Iron Treads
|-resisted|p1a: Iron Treads
|-damage|p1a: Iron Treads|90/100
|-boost|p2a: Great Tusk|spe|1
|-sideend|p2: pantalonescondidos|Stealth Rock|[from] move: Rapid Spin|[of] p2a: Great Tusk
|move|p1a: Iron Treads|Earthquake|p2a: Great Tusk
|-damage|p2a: Great Tusk|11/100 brn
|
|-weather|RainDance|[upkeep]
|-heal|p1a: Iron Treads|96/100|[from] item: Leftovers
|-damage|p2a: Great Tusk|5/100 brn|[from] brn
|upkeep
|turn|17
|
|t:|1758306404
|-end|p2a: Great Tusk|Protosynthesis|[silent]
|switch|p2a: Slowking|Slowking-Galar, F, shiny|100/100
|move|p1a: Iron Treads|Stealth Rock|p2a: Slowking
|-sidestart|p2: pantalonescondidos|move: Stealth Rock
|
|-weather|RainDance|[upkeep]
|-heal|p1a: Iron Treads|100/100|[from] item: Leftovers
|upkeep
|turn|18
|-message|pantalonescondidos forfeited.
|
|win|surprise blissey
|raw|surprise blissey's rating: 1504 &rarr; <strong>1523</strong><br />(+19 for winning)
|raw|pantalonescondidos's rating: 1491 &rarr; <strong>1472</strong><br />(-19 for losing)
|l|☆pantalonescondidos
|player|p2|
|l|☆surprise blissey
|player|p1|
|j|☆surprise blissey
|player|p1|surprise blissey|lucian|
