|j|☆zawaluduo11
|j|☆StarDio
|t:|1758276058
|gametype|singles
|player|p1|zawaluduo11|101|1508
|player|p2|StarDio|lance|1485
|gen|9
|tier|[Gen 9] OU
|rated|
|rule|HP Percentage Mod: HP is shown in percentages
|rule|Endless Battle Clause: Forcing endless battles is banned
|rule|Species Clause: Limit one of each Pokémon
|rule|OHKO Clause: OHKO moves are banned
|rule|Evasion Items Clause: Evasion items are banned
|rule|Evasion Moves Clause: Evasion moves are banned
|rule|Evasion Abilities Clause: Evasion abilities are banned
|rule|Sleep Moves Clause: Sleep-inducing moves are banned
|clearpoke
|poke|p1|Alomomola, F|
|poke|p1|Gliscor, M|
|poke|p1|Kingambit, M|
|poke|p1|Ursaluna, M|
|poke|p1|Raging Bolt|
|poke|p1|Grimmsnarl, M|
|poke|p2|Lokix, M|
|poke|p2|Iron Crown|
|poke|p2|Gliscor, M|
|poke|p2|Garganacl, M|
|poke|p2|Pecharunt|
|poke|p2|Cinderace, F|
|teampreview
|inactive|Battle timer is ON: inactive players will automatically lose when time's up. (requested by StarDio)
|
|t:|1758276069
|teamsize|p1|6
|teamsize|p2|6
|start
|switch|p1a: Grimmsnarl|Grimmsnarl, M|100/100
|switch|p2a: Lokix|Lokix, M|100/100
|turn|1
|
|t:|1758276074
|switch|p1a: Alomomola|Alomomola, F|100/100
|move|p2a: Lokix|Knock Off|p1a: Alomomola
|-damage|p1a: Alomomola|74/100
|-damage|p2a: Lokix|84/100|[from] item: Rocky Helmet|[of] p1a: Alomomola
|-enditem|p1a: Alomomola|Rocky Helmet|[from] move: Knock Off|[of] p2a: Lokix
|
|upkeep
|turn|2
|
|t:|1758276082
|move|p2a: Lokix|U-turn|p1a: Alomomola
|-damage|p1a: Alomomola|50/100
|
|t:|1758276084
|switch|p2a: Iron Crown|Iron Crown|100/100|[from] U-turn
|move|p1a: Alomomola|Flip Turn|p2a: Iron Crown
|-damage|p2a: Iron Crown|84/100
|
|t:|1758276090
|switch|p1a: Grimmsnarl|Grimmsnarl, M|100/100|[from] Flip Turn
|
|upkeep
|turn|3
|
|t:|1758276094
|move|p1a: Grimmsnarl|Parting Shot|p2a: Iron Crown
|-unboost|p2a: Iron Crown|atk|1
|-unboost|p2a: Iron Crown|spa|1
|
|t:|1758276097
|switch|p1a: Alomomola|Alomomola, F|84/100|[from] Parting Shot
|move|p2a: Iron Crown|Tachyon Cutter|p1a: Alomomola
|-resisted|p1a: Alomomola
|-damage|p1a: Alomomola|69/100
|-resisted|p1a: Alomomola
|-damage|p1a: Alomomola|54/100
|-hitcount|p1a: Alomomola|2
|
|upkeep
|turn|4
|
|t:|1758276106
|move|p2a: Iron Crown|Tachyon Cutter|p1a: Alomomola
|-resisted|p1a: Alomomola
|-damage|p1a: Alomomola|39/100
|-resisted|p1a: Alomomola
|-damage|p1a: Alomomola|24/100
|-hitcount|p1a: Alomomola|2
|move|p1a: Alomomola|Flip Turn|p2a: Iron Crown
|-damage|p2a: Iron Crown|66/100
|
|t:|1758276113
|switch|p1a: Kingambit|Kingambit, M|100/100|[from] Flip Turn
|
|upkeep
|turn|5
|
|t:|1758276136
|-end|p2a: Iron Crown|Quark Drive|[silent]
|switch|p2a: Garganacl|Garganacl, M|100/100
|-end|p1a: Kingambit|fallenundefined|[silent]
|switch|p1a: Alomomola|Alomomola, F|57/100
|
|upkeep
|turn|6
|
|t:|1758276142
|move|p1a: Alomomola|Flip Turn|p2a: Garganacl
|-supereffective|p2a: Garganacl
|-damage|p2a: Garganacl|81/100
|
|t:|1758276145
|switch|p1a: Grimmsnarl|Grimmsnarl, M|100/100|[from] Flip Turn
|move|p2a: Garganacl|Stealth Rock|p1a: Grimmsnarl
|-sidestart|p1: zawaluduo11|move: Stealth Rock
|
|-heal|p2a: Garganacl|87/100|[from] item: Leftovers
|upkeep
|turn|7
|
|t:|1758276154
|move|p1a: Grimmsnarl|Reflect|p1a: Grimmsnarl
|-sidestart|p1: zawaluduo11|Reflect
|move|p2a: Garganacl|Salt Cure|p1a: Grimmsnarl
|-damage|p1a: Grimmsnarl|94/100
|-start|p1a: Grimmsnarl|Salt Cure
|
|-heal|p2a: Garganacl|93/100|[from] item: Leftovers
|-damage|p1a: Grimmsnarl|82/100|[from] Salt Cure
|upkeep
|turn|8
|
|t:|1758276158
|switch|p2a: Iron Crown|Iron Crown|66/100
|move|p1a: Grimmsnarl|Light Screen|p1a: Grimmsnarl
|-sidestart|p1: zawaluduo11|move: Light Screen
|
|-damage|p1a: Grimmsnarl|69/100|[from] Salt Cure
|upkeep
|turn|9
|
|t:|1758276164
|move|p1a: Grimmsnarl|Parting Shot|p2a: Iron Crown
|-unboost|p2a: Iron Crown|atk|1
|-unboost|p2a: Iron Crown|spa|1
|
|t:|1758276167
|switch|p1a: Alomomola|Alomomola, F|91/100|[from] Parting Shot
|-damage|p1a: Alomomola|78/100|[from] Stealth Rock
|move|p2a: Iron Crown|Volt Switch|p1a: Alomomola
|-supereffective|p1a: Alomomola
|-crit|p1a: Alomomola
|-damage|p1a: Alomomola|0 fnt
|faint|p1a: Alomomola
|c|☆StarDio|lol
|
|t:|1758276177
|-end|p2a: Iron Crown|Quark Drive|[silent]
|switch|p2a: Garganacl|Garganacl, M|93/100|[from] Volt Switch
|
|-heal|p2a: Garganacl|99/100|[from] item: Leftovers
|upkeep
|
|t:|1758276184
|switch|p1a: Gliscor|Gliscor, M|100/100
|-damage|p1a: Gliscor|88/100|[from] Stealth Rock
|turn|10
|
|t:|1758276194
|move|p1a: Gliscor|Swords Dance|p1a: Gliscor
|-boost|p1a: Gliscor|atk|2
|move|p2a: Garganacl|Salt Cure|p1a: Gliscor
|-crit|p1a: Gliscor
|-damage|p1a: Gliscor|69/100
|-start|p1a: Gliscor|Salt Cure
|
|-heal|p2a: Garganacl|100/100|[from] item: Leftovers
|-damage|p1a: Gliscor|57/100|[from] Salt Cure
|-status|p1a: Gliscor|tox|[from] item: Toxic Orb
|upkeep
|turn|11
|
|t:|1758276204
|move|p2a: Garganacl|Protect|p2a: Garganacl
|-singleturn|p2a: Garganacl|Protect
|move|p1a: Gliscor|Agility|p1a: Gliscor
|-boost|p1a: Gliscor|spe|2
|
|-heal|p1a: Gliscor|69/100 tox|[from] ability: Poison Heal
|-damage|p1a: Gliscor|57/100 tox|[from] Salt Cure
|upkeep
|turn|12
|
|t:|1758276213
|move|p1a: Gliscor|Earthquake|p2a: Garganacl
|-supereffective|p2a: Garganacl
|-damage|p2a: Garganacl|0 fnt
|faint|p2a: Garganacl
|
|-heal|p1a: Gliscor|69/100 tox|[from] ability: Poison Heal
|-damage|p1a: Gliscor|57/100 tox|[from] Salt Cure
|upkeep
|
|t:|1758276222
|switch|p2a: Pecharunt|Pecharunt|100/100
|turn|13
|
|t:|1758276225
|-terastallize|p2a: Pecharunt|Dark
|move|p1a: Gliscor|Earthquake|p2a: Pecharunt
|-damage|p2a: Pecharunt|55/100
|move|p2a: Pecharunt|Foul Play|p1a: Gliscor
|-damage|p1a: Gliscor|19/100 tox
|
|-heal|p1a: Gliscor|31/100 tox|[from] ability: Poison Heal
|-damage|p1a: Gliscor|19/100 tox|[from] Salt Cure
|upkeep
|turn|14
|
|t:|1758276238
|move|p1a: Gliscor|Earthquake|p2a: Pecharunt
|-crit|p2a: Pecharunt
|-damage|p2a: Pecharunt|0 fnt
|faint|p2a: Pecharunt
|
|-heal|p1a: Gliscor|31/100 tox|[from] ability: Poison Heal
|-damage|p1a: Gliscor|19/100 tox|[from] Salt Cure
|-sideend|p1: zawaluduo11|Reflect
|upkeep
|
|t:|1758276262
|switch|p2a: Lokix|Lokix, M|84/100
|turn|15
|
|t:|1758276276
|move|p2a: Lokix|First Impression|p1a: Gliscor
|-resisted|p1a: Gliscor
|-damage|p1a: Gliscor|0 fnt
|faint|p1a: Gliscor
|
|-sideend|p1: zawaluduo11|move: Light Screen
|upkeep
|inactive|zawaluduo11 has 120 seconds left.
|
|t:|1758276305
|switch|p1a: Kingambit|Kingambit, M|100/100
|-damage|p1a: Kingambit|94/100|[from] Stealth Rock
|-activate|p1a: Kingambit|ability: Supreme Overlord
|-start|p1a: Kingambit|fallen2|[silent]
|turn|16
|
|t:|1758276310
|move|p2a: Lokix|U-turn|p1a: Kingambit
|-damage|p1a: Kingambit|64/100
|
|t:|1758276312
|switch|p2a: Cinderace|Cinderace, F|100/100|[from] U-turn
|move|p1a: Kingambit|Swords Dance|p1a: Kingambit
|-boost|p1a: Kingambit|atk|2
|
|upkeep
|turn|17
|
|t:|1758276329
|-terastallize|p1a: Kingambit|Fire
|move|p2a: Cinderace|Pyro Ball|p1a: Kingambit
|-resisted|p1a: Kingambit
|-damage|p1a: Kingambit|43/100
|move|p1a: Kingambit|Iron Head|p2a: Cinderace
|-resisted|p2a: Cinderace
|-damage|p2a: Cinderace|26/100
|
|upkeep
|turn|18
|
|t:|1758276337
|move|p1a: Kingambit|Sucker Punch|p2a: Cinderace
|-damage|p2a: Cinderace|0 fnt
|faint|p2a: Cinderace
|
|upkeep
|
|t:|1758276339
|switch|p2a: Gliscor|Gliscor, M|100/100
|turn|19
|
|t:|1758276344
|move|p2a: Gliscor|Swords Dance|p2a: Gliscor
|-boost|p2a: Gliscor|atk|2
|move|p1a: Kingambit|Iron Head|p2a: Gliscor
|-damage|p2a: Gliscor|0 fnt
|faint|p2a: Gliscor
|
|upkeep
|
|t:|1758276346
|switch|p2a: Lokix|Lokix, M|84/100
|turn|20
|
|t:|1758276359
|move|p2a: Lokix|First Impression|p1a: Kingambit
|-resisted|p1a: Kingambit
|-damage|p1a: Kingambit|7/100
|move|p1a: Kingambit|Iron Head|p2a: Lokix
|-damage|p2a: Lokix|0 fnt
|faint|p2a: Lokix
|
|upkeep
|-message|StarDio forfeited.
|
|win|zawaluduo11
|raw|zawaluduo11's rating: 1508 &rarr; <strong>1527</strong><br />(+19 for winning)
|raw|StarDio's rating: 1485 &rarr; <strong>1466</strong><br />(-19 for losing)
|l|☆StarDio
|player|p2|
|l|☆zawaluduo11
|player|p1|
