|j|☆prakshep
|j|☆blabala
|t:|1758276095
|gametype|singles
|player|p1|prakshep|nate|1276
|player|p2|blabala|brendan-contest|1252
|gen|9
|tier|[Gen 9] OU
|rated|
|rule|HP Percentage Mod: HP is shown in percentages
|rule|Endless Battle Clause: Forcing endless battles is banned
|rule|Species Clause: Limit one of each Pokémon
|rule|OHKO Clause: OHKO moves are banned
|rule|Evasion Items Clause: Evasion items are banned
|rule|Evasion Moves Clause: Evasion moves are banned
|rule|Evasion Abilities Clause: Evasion abilities are banned
|rule|Sleep Moves Clause: Sleep-inducing moves are banned
|clearpoke
|poke|p1|Iron Boulder|
|poke|p1|Zapdos|
|poke|p1|Hatterene, F|
|poke|p1|Dragonite, M|
|poke|p1|Zamazenta-*|
|poke|p1|Iron Moth|
|poke|p2|Chimecho, F|
|teampreview
|inactive|Battle timer is ON: inactive players will automatically lose when time's up. (requested by blabala)
|
|t:|1758276117
|teamsize|p1|6
|teamsize|p2|1
|start
|switch|p1a: Ultimate tank|Dragonite, M|100/100
|switch|p2a: Eva-001|Chimecho, F|100/100
|turn|1
|
|t:|1758276122
|move|p1a: Ultimate tank|Dragon Dance|p1a: Ultimate tank
|-boost|p1a: Ultimate tank|atk|1
|-boost|p1a: Ultimate tank|spe|1
|move|p2a: Eva-001|Cosmic Power|p2a: Eva-001
|-boost|p2a: Eva-001|def|1
|-boost|p2a: Eva-001|spd|1
|
|upkeep
|turn|2
|
|t:|1758276126
|move|p1a: Ultimate tank|Dragon Dance|p1a: Ultimate tank
|-boost|p1a: Ultimate tank|atk|1
|-boost|p1a: Ultimate tank|spe|1
|move|p2a: Eva-001|Cosmic Power|p2a: Eva-001
|-boost|p2a: Eva-001|def|1
|-boost|p2a: Eva-001|spd|1
|
|upkeep
|turn|3
|
|t:|1758276130
|move|p1a: Ultimate tank|Extreme Speed|p2a: Eva-001
|-damage|p2a: Eva-001|68/100
|move|p2a: Eva-001|Cosmic Power|p2a: Eva-001
|-boost|p2a: Eva-001|def|1
|-boost|p2a: Eva-001|spd|1
|
|upkeep
|turn|4
|
|t:|1758276136
|move|p1a: Ultimate tank|Extreme Speed|p2a: Eva-001
|-damage|p2a: Eva-001|42/100
|move|p2a: Eva-001|Cosmic Power|p2a: Eva-001
|-boost|p2a: Eva-001|def|1
|-boost|p2a: Eva-001|spd|1
|
|upkeep
|turn|5
|
|t:|1758276165
|move|p1a: Ultimate tank|Extreme Speed|p2a: Eva-001
|-damage|p2a: Eva-001|19/100
|move|p2a: Eva-001|Recover|p2a: Eva-001
|-heal|p2a: Eva-001|69/100
|
|upkeep
|turn|6
|
|t:|1758276170
|-terastallize|p1a: Ultimate tank|Normal
|move|p1a: Ultimate tank|Extreme Speed|p2a: Eva-001
|-damage|p2a: Eva-001|37/100
|move|p2a: Eva-001|Cosmic Power|p2a: Eva-001
|-boost|p2a: Eva-001|def|1
|-boost|p2a: Eva-001|spd|1
|
|upkeep
|turn|7
|l|☆prakshep
|inactive|prakshep disconnected and has a minute to reconnect!
|player|p1|
|j|☆prakshep
|inactive|prakshep reconnected and has 110 seconds left.
|player|p1|prakshep|nate|
|
|t:|1758276213
|move|p1a: Ultimate tank|Extreme Speed|p2a: Eva-001
|-damage|p2a: Eva-001|9/100
|move|p2a: Eva-001|Recover|p2a: Eva-001
|-heal|p2a: Eva-001|59/100
|
|upkeep
|turn|8
|
|t:|1758276222
|move|p1a: Ultimate tank|Dragon Dance|p1a: Ultimate tank
|-boost|p1a: Ultimate tank|atk|1
|-boost|p1a: Ultimate tank|spe|1
|move|p2a: Eva-001|Stored Power|p1a: Ultimate tank
|-damage|p1a: Ultimate tank|62/100
|
|upkeep
|turn|9
|
|t:|1758276226
|move|p1a: Ultimate tank|Extreme Speed|p2a: Eva-001
|-damage|p2a: Eva-001|27/100
|move|p2a: Eva-001|Cosmic Power|p2a: Eva-001
|-boost|p2a: Eva-001|def|1
|-boost|p2a: Eva-001|spd|1
|
|upkeep
|turn|10
|
|t:|1758276229
|move|p1a: Ultimate tank|Extreme Speed|p2a: Eva-001
|-damage|p2a: Eva-001|0 fnt
|faint|p2a: Eva-001
|
|win|prakshep
|raw|prakshep's rating: 1276 &rarr; <strong>1299</strong><br />(+23 for winning)
|raw|blabala's rating: 1252 &rarr; <strong>1229</strong><br />(-23 for losing)
|l|☆prakshep
|player|p1|
|l|☆blabala
|player|p2|
