|j|☆Absolute Cero
|j|☆AlexanderLC20
|t:|1758288951
|gametype|singles
|player|p1|Absolute Cero|101|1253
|player|p2|AlexanderLC20|gambler|1216
|gen|9
|tier|[Gen 9] OU
|rated|
|rule|HP Percentage Mod: HP is shown in percentages
|rule|Endless Battle Clause: Forcing endless battles is banned
|rule|Species Clause: Limit one of each Pokémon
|rule|OHKO Clause: OHKO moves are banned
|rule|Evasion Items Clause: Evasion items are banned
|rule|Evasion Moves Clause: Evasion moves are banned
|rule|Evasion Abilities Clause: Evasion abilities are banned
|rule|Sleep Moves Clause: Sleep-inducing moves are banned
|clearpoke
|poke|p1|Staraptor, M|
|poke|p1|Talonflame, M|
|poke|p1|Corviknight, F|
|poke|p1|Eiscue, F|
|poke|p1|Mandibuzz, F|
|poke|p1|Zapdos|
|poke|p2|Ursaluna, F|
|poke|p2|Iron Crown|
|poke|p2|Moltres|
|poke|p2|Slowking-Galar, F|
|poke|p2|Great Tusk|
|poke|p2|Zamazenta-*|
|teampreview
|inactive|Battle timer is ON: inactive players will automatically lose when time's up. (requested by Absolute Cero)
|inactive|AlexanderLC20 has 120 seconds left.
|
|t:|1758288987
|teamsize|p1|6
|teamsize|p2|6
|start
|switch|p1a: bird!|Talonflame, M, shiny|100/100
|switch|p2a: Moltres|Moltres|100/100
|turn|1
|
|t:|1758288996
|move|p1a: bird!|Brave Bird|p2a: Moltres
|-damage|p2a: Moltres|77/100
|-damage|p1a: bird!|92/100|[from] Recoil
|move|p2a: Moltres|Roar|p1a: bird!
|drag|p1a: bird?|Eiscue, F|100/100
|
|upkeep
|turn|2
|
|t:|1758289006
|switch|p1a: bird!|Talonflame, M, shiny|92/100
|move|p2a: Moltres|Flamethrower|p1a: bird!
|-resisted|p1a: bird!
|-damage|p1a: bird!|63/100
|
|upkeep
|turn|3
|
|t:|1758289012
|move|p1a: bird!|Brave Bird|p2a: Moltres
|-damage|p2a: Moltres|53/100
|-damage|p1a: bird!|55/100|[from] Recoil
|move|p2a: Moltres|U-turn|p1a: bird!
|-resisted|p1a: bird!
|-damage|p1a: bird!|50/100
|
|t:|1758289024
|switch|p2a: Ursaluna|Ursaluna, F|100/100|[from] U-turn
|
|upkeep
|turn|4
|
|t:|1758289036
|move|p1a: bird!|Overheat|p2a: Ursaluna|[miss]
|-miss|p1a: bird!|p2a: Ursaluna
|move|p2a: Ursaluna|Bulk Up|p2a: Ursaluna
|-boost|p2a: Ursaluna|atk|1
|-boost|p2a: Ursaluna|def|1
|
|upkeep
|turn|5
|
|t:|1758289044
|move|p1a: bird!|Overheat|p2a: Ursaluna
|-damage|p2a: Ursaluna|80/100
|-unboost|p1a: bird!|spa|2
|move|p2a: Ursaluna|Bulk Up|p2a: Ursaluna
|-boost|p2a: Ursaluna|atk|1
|-boost|p2a: Ursaluna|def|1
|
|-heal|p2a: Ursaluna|86/100|[from] item: Leftovers
|upkeep
|turn|6
|
|t:|1758289050
|move|p1a: bird!|Brave Bird|p2a: Ursaluna
|-damage|p2a: Ursaluna|74/100
|-damage|p1a: bird!|45/100|[from] Recoil
|move|p2a: Ursaluna|Bulk Up|p2a: Ursaluna
|-boost|p2a: Ursaluna|atk|1
|-boost|p2a: Ursaluna|def|1
|
|-heal|p2a: Ursaluna|80/100|[from] item: Leftovers
|upkeep
|turn|7
|
|t:|1758289058
|move|p1a: bird!|Brave Bird|p2a: Ursaluna
|-damage|p2a: Ursaluna|70/100
|-damage|p1a: bird!|41/100|[from] Recoil
|move|p2a: Ursaluna|Bulk Up|p2a: Ursaluna
|-boost|p2a: Ursaluna|atk|1
|-boost|p2a: Ursaluna|def|1
|
|-heal|p2a: Ursaluna|76/100|[from] item: Leftovers
|upkeep
|turn|8
|
|t:|1758289062
|move|p1a: bird!|Will-O-Wisp|p2a: Ursaluna|[miss]
|-miss|p1a: bird!|p2a: Ursaluna
|move|p2a: Ursaluna|Bulk Up|p2a: Ursaluna
|-boost|p2a: Ursaluna|atk|1
|-boost|p2a: Ursaluna|def|1
|
|-heal|p2a: Ursaluna|82/100|[from] item: Leftovers
|upkeep
|turn|9
|
|t:|1758289066
|move|p1a: bird!|Brave Bird|p2a: Ursaluna
|-damage|p2a: Ursaluna|75/100
|-damage|p1a: bird!|38/100|[from] Recoil
|move|p2a: Ursaluna|Bulk Up|p2a: Ursaluna
|-boost|p2a: Ursaluna|atk|1
|-boost|p2a: Ursaluna|def|1
|
|-heal|p2a: Ursaluna|81/100|[from] item: Leftovers
|upkeep
|turn|10
|
|t:|1758289079
|move|p1a: bird!|Brave Bird|p2a: Ursaluna
|-damage|p2a: Ursaluna|75/100
|-damage|p1a: bird!|35/100|[from] Recoil
|move|p2a: Ursaluna|Bulk Up|p2a: Ursaluna
|-boost|p2a: Ursaluna|atk|0
|-boost|p2a: Ursaluna|def|0
|
|-heal|p2a: Ursaluna|81/100|[from] item: Leftovers
|upkeep
|turn|11
|
|t:|1758289083
|move|p1a: bird!|Brave Bird|p2a: Ursaluna
|-damage|p2a: Ursaluna|74/100
|-damage|p1a: bird!|32/100|[from] Recoil
|move|p2a: Ursaluna|Bulk Up|p2a: Ursaluna
|-boost|p2a: Ursaluna|atk|0
|-boost|p2a: Ursaluna|def|0
|
|-heal|p2a: Ursaluna|80/100|[from] item: Leftovers
|upkeep
|turn|12
|
|t:|1758289093
|switch|p1a: bird.|Mandibuzz, F|100/100
|move|p2a: Ursaluna|Facade|p1a: bird.
|-damage|p1a: bird.|0 fnt
|faint|p1a: bird.
|
|-heal|p2a: Ursaluna|86/100|[from] item: Leftovers
|upkeep
|
|t:|1758289099
|switch|p1a: bird?|Eiscue, F|100/100
|turn|13
|
|t:|1758289103
|move|p2a: Ursaluna|Earthquake|p1a: bird?
|-activate|p1a: bird?|ability: Ice Face
|-damage|p1a: bird?|100/100
|detailschange|p1a: bird?|Eiscue-Noice, F
|move|p1a: bird?|Belly Drum|p1a: bird?
|-damage|p1a: bird?|50/100
|-setboost|p1a: bird?|atk|6|[from] move: Belly Drum
|-enditem|p1a: bird?|Sitrus Berry|[eat]
|-heal|p1a: bird?|75/100|[from] item: Sitrus Berry
|
|-heal|p2a: Ursaluna|92/100|[from] item: Leftovers
|upkeep
|turn|14
|
|t:|1758289109
|-terastallize|p1a: bird?|Water
|-terastallize|p2a: Ursaluna|Poison
|move|p1a: bird?|Liquidation|p2a: Ursaluna
|-damage|p2a: Ursaluna|68/100
|move|p2a: Ursaluna|Facade|p1a: bird?
|-damage|p1a: bird?|0 fnt
|faint|p1a: bird?
|
|-heal|p2a: Ursaluna|74/100|[from] item: Leftovers
|upkeep
|-message|Absolute Cero forfeited.
|
|win|AlexanderLC20
|raw|Absolute Cero's rating: 1253 &rarr; <strong>1225</strong><br />(-28 for losing)
|raw|AlexanderLC20's rating: 1216 &rarr; <strong>1244</strong><br />(+28 for winning)
|l|☆Absolute Cero
|player|p1|
|l|☆AlexanderLC20
|player|p2|
