|j|☆Burnape
|j|☆rxanne
|t:|1758361787
|gametype|singles
|player|p1|Burnape|2|1075
|player|p2|rxanne|roxanne|1116
|gen|9
|tier|[Gen 9] OU
|rated|
|rule|HP Percentage Mod: HP is shown in percentages
|rule|Endless Battle Clause: Forcing endless battles is banned
|rule|Species Clause: Limit one of each Pokémon
|rule|OHKO Clause: OHKO moves are banned
|rule|Evasion Items Clause: Evasion items are banned
|rule|Evasion Moves Clause: Evasion moves are banned
|rule|Evasion Abilities Clause: Evasion abilities are banned
|rule|Sleep Moves Clause: Sleep-inducing moves are banned
|clearpoke
|poke|p1|Glimmora, F|
|poke|p1|Cinderace, F|
|poke|p1|Azumarill, F|
|poke|p1|Breloom, F|
|poke|p1|Revavroom, F|
|poke|p1|Slither Wing|
|poke|p2|Garganacl, F|
|poke|p2|Dragapult, F|
|poke|p2|Ogerpon-Wellspring, F|
|poke|p2|Moltres|
|poke|p2|Zamazenta-*|
|poke|p2|Iron Treads|
|teampreview
|inactive|Battle timer is ON: inactive players will automatically lose when time's up. (requested by rxanne)
|
|t:|1758361794
|teamsize|p1|6
|teamsize|p2|6
|start
|switch|p1a: Glimmora|Glimmora, F|100/100
|switch|p2a: Ogerpon|Ogerpon-Wellspring, F|100/100
|turn|1
|
|t:|1758361806
|move|p2a: Ogerpon|Trailblaze|p1a: Glimmora
|-damage|p1a: Glimmora|80/100
|-boost|p2a: Ogerpon|spe|1
|-activate|p1a: Glimmora|ability: Toxic Debris
|-sidestart|p2: rxanne|move: Toxic Spikes
|move|p1a: Glimmora|Gunk Shot|p2a: Ogerpon
|-supereffective|p2a: Ogerpon
|-damage|p2a: Ogerpon|42/100
|
|-heal|p1a: Glimmora|86/100|[from] item: Leftovers
|upkeep
|turn|2
|
|t:|1758361812
|move|p2a: Ogerpon|Ivy Cudgel|p1a: Glimmora|[anim] Ivy Cudgel Water
|-supereffective|p1a: Glimmora
|-damage|p1a: Glimmora|10/100
|-activate|p1a: Glimmora|ability: Toxic Debris
|-sidestart|p2: rxanne|move: Toxic Spikes
|move|p1a: Glimmora|Gunk Shot|p2a: Ogerpon|[miss]
|-miss|p1a: Glimmora|p2a: Ogerpon
|
|-heal|p1a: Glimmora|16/100|[from] item: Leftovers
|upkeep
|turn|3
|
|t:|1758361818
|move|p1a: Glimmora|Spiky Shield|p1a: Glimmora
|-singleturn|p1a: Glimmora|move: Protect
|move|p2a: Ogerpon|Ivy Cudgel|p1a: Glimmora|[anim] Ivy Cudgel Water
|-activate|p1a: Glimmora|move: Protect
|
|-heal|p1a: Glimmora|22/100|[from] item: Leftovers
|upkeep
|turn|4
|
|t:|1758361822
|move|p2a: Ogerpon|Ivy Cudgel|p1a: Glimmora|[anim] Ivy Cudgel Water
|-supereffective|p1a: Glimmora
|-damage|p1a: Glimmora|0 fnt
|faint|p1a: Glimmora
|
|upkeep
|
|t:|1758361830
|switch|p1a: Revavroom|Revavroom, F|100/100
|turn|5
|
|t:|1758361835
|move|p2a: Ogerpon|Synthesis|p2a: Ogerpon
|-heal|p2a: Ogerpon|92/100
|move|p1a: Revavroom|Shift Gear|p1a: Revavroom
|-boost|p1a: Revavroom|spe|2
|-boost|p1a: Revavroom|atk|1
|
|upkeep
|turn|6
|
|t:|1758361840
|move|p1a: Revavroom|Shift Gear|p1a: Revavroom
|-boost|p1a: Revavroom|spe|2
|-boost|p1a: Revavroom|atk|1
|move|p2a: Ogerpon|Ivy Cudgel|p1a: Revavroom|[anim] Ivy Cudgel Water
|-damage|p1a: Revavroom|38/100
|-enditem|p1a: Revavroom|Sitrus Berry|[eat]
|-heal|p1a: Revavroom|62/100|[from] item: Sitrus Berry
|
|upkeep
|turn|7
|
|t:|1758361847
|move|p1a: Revavroom|Zen Headbutt|p2a: Ogerpon
|-damage|p2a: Ogerpon|33/100
|move|p2a: Ogerpon|Ivy Cudgel|p1a: Revavroom|[anim] Ivy Cudgel Water
|-damage|p1a: Revavroom|0 fnt
|faint|p1a: Revavroom
|
|upkeep
|
|t:|1758361851
|switch|p1a: Cinderace|Cinderace, F|100/100
|turn|8
|
|t:|1758361856
|move|p2a: Ogerpon|Synthesis|p2a: Ogerpon
|-heal|p2a: Ogerpon|83/100
|move|p1a: Cinderace|Acrobatics|p2a: Ogerpon
|-supereffective|p2a: Ogerpon
|-damage|p2a: Ogerpon|23/100
|-damage|p1a: Cinderace|91/100|[from] item: Life Orb
|
|upkeep
|turn|9
|
|t:|1758361859
|move|p2a: Ogerpon|Ivy Cudgel|p1a: Cinderace|[anim] Ivy Cudgel Water
|-supereffective|p1a: Cinderace
|-damage|p1a: Cinderace|0 fnt
|faint|p1a: Cinderace
|
|upkeep
|
|t:|1758361862
|switch|p1a: Slither Wing|Slither Wing|100/100
|turn|10
|
|t:|1758361865
|move|p2a: Ogerpon|Synthesis|p2a: Ogerpon
|-heal|p2a: Ogerpon|72/100
|move|p1a: Slither Wing|Dual Wingbeat|p2a: Ogerpon
|-supereffective|p2a: Ogerpon
|-damage|p2a: Ogerpon|36/100
|-supereffective|p2a: Ogerpon
|-damage|p2a: Ogerpon|3/100
|-hitcount|p2a: Ogerpon|2
|
|upkeep
|turn|11
|
|t:|1758361871
|move|p2a: Ogerpon|Ivy Cudgel|p1a: Slither Wing|[anim] Ivy Cudgel Water
|-damage|p1a: Slither Wing|27/100
|move|p1a: Slither Wing|Dual Wingbeat|p2a: Ogerpon
|-supereffective|p2a: Ogerpon
|-damage|p2a: Ogerpon|0 fnt
|faint|p2a: Ogerpon
|-hitcount|p2: Ogerpon|1
|
|upkeep
|
|t:|1758361877
|switch|p2a: Iron Treads|Iron Treads|100/100
|turn|12
|
|t:|1758361883
|-end|p1a: Slither Wing|Protosynthesis|[silent]
|switch|p1a: Azumarill|Azumarill, F|100/100
|move|p2a: Iron Treads|Rapid Spin|p1a: Azumarill
|-damage|p1a: Azumarill|88/100
|-boost|p2a: Iron Treads|spe|1
|-sideend|p2: rxanne|Toxic Spikes|[from] move: Rapid Spin|[of] p2a: Iron Treads
|
|upkeep
|turn|13
|
|t:|1758361890
|-end|p2a: Iron Treads|Quark Drive|[silent]
|switch|p2a: Moltres|Moltres|100/100
|-terastallize|p1a: Azumarill|Water
|move|p1a: Azumarill|Waterfall|p2a: Moltres
|-supereffective|p2a: Moltres
|-damage|p2a: Moltres|0 fnt
|-status|p1a: Azumarill|brn|[from] ability: Flame Body|[of] p2a: Moltres
|faint|p2a: Moltres
|
|-damage|p1a: Azumarill|82/100 brn|[from] brn
|upkeep
|
|t:|1758361903
|switch|p2a: Iron Treads|Iron Treads|100/100
|turn|14
|
|t:|1758361908
|move|p2a: Iron Treads|Knock Off|p1a: Azumarill
|-damage|p1a: Azumarill|59/100 brn
|-enditem|p1a: Azumarill|Choice Band|[from] move: Knock Off|[of] p2a: Iron Treads
|move|p1a: Azumarill|Waterfall|p2a: Iron Treads
|-supereffective|p2a: Iron Treads
|-crit|p2a: Iron Treads
|-damage|p2a: Iron Treads|17/100
|
|-heal|p2a: Iron Treads|23/100|[from] item: Leftovers
|-damage|p1a: Azumarill|53/100 brn|[from] brn
|upkeep
|turn|15
|
|t:|1758361915
|move|p2a: Iron Treads|Earthquake|p1a: Azumarill
|-damage|p1a: Azumarill|13/100 brn
|move|p1a: Azumarill|Waterfall|p2a: Iron Treads
|-supereffective|p2a: Iron Treads
|-damage|p2a: Iron Treads|0 fnt
|faint|p2a: Iron Treads
|-end|p2a: Iron Treads|Quark Drive|[silent]
|
|-damage|p1a: Azumarill|7/100 brn|[from] brn
|upkeep
|
|t:|1758361922
|switch|p2a: Dragapult|Dragapult, F|100/100
|turn|16
|
|t:|1758361928
|move|p2a: Dragapult|Hex|p1a: Azumarill
|-damage|p1a: Azumarill|0 fnt
|faint|p1a: Azumarill
|
|upkeep
|
|t:|1758361941
|switch|p1a: Slither Wing|Slither Wing|27/100
|turn|17
|
|t:|1758361945
|move|p2a: Dragapult|Hex|p1a: Slither Wing
|-damage|p1a: Slither Wing|0 fnt
|faint|p1a: Slither Wing
|-end|p1a: Slither Wing|Protosynthesis|[silent]
|
|upkeep
|
|t:|1758361948
|switch|p1a: Breloom|Breloom, F, shiny|100/100
|turn|18
|
|t:|1758361954
|move|p2a: Dragapult|Draco Meteor|p1a: Breloom
|-damage|p1a: Breloom|17/100
|-unboost|p2a: Dragapult|spa|2
|move|p1a: Breloom|Seed Bomb|p2a: Dragapult
|-resisted|p2a: Dragapult
|-damage|p2a: Dragapult|71/100
|
|-status|p1a: Breloom|tox|[from] item: Toxic Orb
|upkeep
|turn|19
|
|t:|1758361959
|move|p2a: Dragapult|Hex|p1a: Breloom
|-damage|p1a: Breloom|0 fnt
|faint|p1a: Breloom
|
|win|rxanne
|raw|Burnape's rating: 1075 &rarr; <strong>1056</strong><br />(-19 for losing)
|raw|rxanne's rating: 1116 &rarr; <strong>1138</strong><br />(+22 for winning)
|l|☆rxanne
|player|p2|
