|j|☆smthrdm
|j|☆zjh67890
|t:|1758356214
|gametype|singles
|player|p1|smthrdm|266|1314
|player|p2|zjh67890|1|1363
|gen|9
|tier|[Gen 9] OU
|rated|
|rule|HP Percentage Mod: HP is shown in percentages
|rule|Endless Battle Clause: Forcing endless battles is banned
|rule|Species Clause: Limit one of each Pokémon
|rule|OHKO Clause: OHKO moves are banned
|rule|Evasion Items Clause: Evasion items are banned
|rule|Evasion Moves Clause: Evasion moves are banned
|rule|Evasion Abilities Clause: Evasion abilities are banned
|rule|Sleep Moves Clause: Sleep-inducing moves are banned
|clearpoke
|poke|p1|Hitmontop, M|
|poke|p1|Iron Crown|
|poke|p1|Landorus-Therian, M|
|poke|p1|Blissey, F|
|poke|p1|Cinderace, F|
|poke|p1|Dragonite, F|
|poke|p2|Dragonite, F|
|poke|p2|Gholdengo|
|poke|p2|Regidrago|
|poke|p2|Scizor, M|
|poke|p2|Ting-Lu|
|poke|p2|Weezing-Galar, F|
|teampreview
|
|t:|1758356230
|teamsize|p1|6
|teamsize|p2|6
|start
|switch|p1a: Landorus|Landorus-Therian, M|100/100
|switch|p2a: Ting-Lu|Ting-Lu|100/100
|-ability|p1a: Landorus|Intimidate|boost
|-unboost|p2a: Ting-Lu|atk|1
|-ability|p2a: Ting-Lu|Vessel of Ruin
|turn|1
|inactive|Battle timer is ON: inactive players will automatically lose when time's up. (requested by smthrdm)
|
|t:|1758356265
|switch|p2a: Weezing|Weezing-Galar, F|100/100
|-ability|p2a: Weezing|Neutralizing Gas
|move|p1a: Landorus|Stealth Rock|p2a: Weezing
|-sidestart|p2: zjh67890|move: Stealth Rock
|
|upkeep
|turn|2
|
|t:|1758356272
|switch|p1a: Blissey|Blissey, F|100/100
|move|p2a: Weezing|Will-O-Wisp|p1a: Blissey|[miss]
|-miss|p2a: Weezing|p1a: Blissey
|
|upkeep
|turn|3
|
|t:|1758356282
|switch|p1a: Cinderace|Cinderace, F|100/100
|move|p2a: Weezing|Will-O-Wisp|p1a: Cinderace
|-immune|p1a: Cinderace
|
|upkeep
|turn|4
|
|t:|1758356287
|move|p1a: Cinderace|U-turn|p2a: Weezing
|-resisted|p2a: Weezing
|-damage|p2a: Weezing|97/100
|
|t:|1758356289
|switch|p1a: Blissey|Blissey, F|100/100|[from] U-turn
|move|p2a: Weezing|Defog|p1a: Blissey
|-unboost|p1a: Blissey|evasion|1
|-sideend|p2: zjh67890|Stealth Rock|[from] move: Defog|[of] p2a: Weezing
|
|upkeep
|turn|5
|
|t:|1758356300
|-end|p2a: Weezing|ability: Neutralizing Gas
|switch|p2a: Scizor|Scizor, M|100/100
|move|p1a: Blissey|Thunder Wave|p2a: Scizor
|-status|p2a: Scizor|par
|
|upkeep
|turn|6
|
|t:|1758356309
|switch|p1a: Landorus|Landorus-Therian, M|100/100
|-ability|p1a: Landorus|Intimidate|boost
|-unboost|p2a: Scizor|atk|1
|cant|p2a: Scizor|par
|
|upkeep
|turn|7
|
|t:|1758356318
|move|p1a: Landorus|Earthquake|p2a: Scizor
|-damage|p2a: Scizor|39/100 par
|cant|p2a: Scizor|par
|
|upkeep
|turn|8
|
|t:|1758356332
|switch|p1a: Iron Crown|Iron Crown|100/100
|switch|p2a: Dragonite|Dragonite, F|100/100
|
|upkeep
|turn|9
|
|t:|1758356337
|move|p1a: Iron Crown|Tachyon Cutter|p2a: Dragonite
|-damage|p2a: Dragonite|88/100
|-damage|p2a: Dragonite|61/100
|-hitcount|p2a: Dragonite|2
|move|p2a: Dragonite|Earthquake|p1a: Iron Crown
|-supereffective|p1a: Iron Crown
|-damage|p1a: Iron Crown|14/100
|
|upkeep
|turn|10
|
|t:|1758356352
|-end|p1a: Iron Crown|Quark Drive|[silent]
|switch|p1a: Landorus|Landorus-Therian, M|100/100
|-ability|p1a: Landorus|Intimidate|boost
|-unboost|p2a: Dragonite|atk|1
|switch|p2a: Scizor|Scizor, M|39/100 par
|
|upkeep
|turn|11
|
|t:|1758356359
|move|p1a: Landorus|Stone Edge|p2a: Scizor
|-damage|p2a: Scizor|0 fnt
|faint|p2a: Scizor
|
|upkeep
|
|t:|1758356363
|switch|p2a: Ting-Lu|Ting-Lu|100/100
|-ability|p2a: Ting-Lu|Vessel of Ruin
|turn|12
|
|t:|1758356367
|switch|p1a: Dragonite|Dragonite, F|100/100
|move|p2a: Ting-Lu|Stealth Rock|p1a: Dragonite
|-sidestart|p1: smthrdm|move: Stealth Rock
|
|upkeep
|turn|13
|
|t:|1758356372
|move|p1a: Dragonite|Encore|p2a: Ting-Lu
|-start|p2a: Ting-Lu|Encore
|move|p2a: Ting-Lu|Stealth Rock||[still]
|-fail|p2a: Ting-Lu
|
|upkeep
|turn|14
|
|t:|1758356376
|switch|p2a: Weezing|Weezing-Galar, F|97/100
|-ability|p2a: Weezing|Neutralizing Gas
|move|p1a: Dragonite|Dragon Dance|p1a: Dragonite
|-boost|p1a: Dragonite|atk|1
|-boost|p1a: Dragonite|spe|1
|
|upkeep
|turn|15
|
|t:|1758356379
|-terastallize|p1a: Dragonite|Fire
|move|p1a: Dragonite|Dragon Dance|p1a: Dragonite
|-boost|p1a: Dragonite|atk|1
|-boost|p1a: Dragonite|spe|1
|move|p2a: Weezing|Will-O-Wisp|p1a: Dragonite
|-immune|p1a: Dragonite
|
|upkeep
|turn|16
|
|t:|1758356385
|move|p1a: Dragonite|Encore|p2a: Weezing
|-start|p2a: Weezing|Encore
|move|p2a: Weezing|Will-O-Wisp|p1a: Dragonite
|-immune|p1a: Dragonite
|
|upkeep
|turn|17
|
|t:|1758356392
|-end|p2a: Weezing|ability: Neutralizing Gas
|switch|p2a: Ting-Lu|Ting-Lu|100/100
|-ability|p2a: Ting-Lu|Vessel of Ruin
|move|p1a: Dragonite|Dragon Dance|p1a: Dragonite
|-boost|p1a: Dragonite|atk|1
|-boost|p1a: Dragonite|spe|1
|
|upkeep
|turn|18
|
|t:|1758356396
|move|p1a: Dragonite|Scale Shot|p2a: Ting-Lu
|-damage|p2a: Ting-Lu|80/100
|-damage|p2a: Ting-Lu|59/100
|-damage|p2a: Ting-Lu|38/100
|-damage|p2a: Ting-Lu|17/100
|-hitcount|p2a: Ting-Lu|4
|-unboost|p1a: Dragonite|def|1
|-boost|p1a: Dragonite|spe|1
|move|p2a: Ting-Lu|Whirlwind|p1a: Dragonite
|drag|p1a: Landorus|Landorus-Therian, M|100/100
|-damage|p1a: Landorus|88/100|[from] Stealth Rock
|-ability|p1a: Landorus|Intimidate|boost
|-unboost|p2a: Ting-Lu|atk|1
|
|-heal|p2a: Ting-Lu|23/100|[from] item: Leftovers
|upkeep
|turn|19
|
|t:|1758356408
|move|p1a: Landorus|U-turn|p2a: Ting-Lu
|-supereffective|p2a: Ting-Lu
|-damage|p2a: Ting-Lu|0 fnt
|faint|p2a: Ting-Lu
|
|t:|1758356410
|switch|p1a: Cinderace|Cinderace, F|100/100|[from] U-turn
|
|upkeep
|
|t:|1758356424
|switch|p2a: Regidrago|Regidrago|100/100
|turn|20
|
|t:|1758356430
|switch|p2a: Weezing|Weezing-Galar, F|97/100
|-ability|p2a: Weezing|Neutralizing Gas
|switch|p1a: Blissey|Blissey, F|100/100
|-damage|p1a: Blissey|88/100|[from] Stealth Rock
|
|-heal|p1a: Blissey|94/100|[from] item: Leftovers
|upkeep
|turn|21
|
|t:|1758356437
|switch|p1a: Cinderace|Cinderace, F|100/100
|move|p2a: Weezing|Sludge Bomb|p1a: Cinderace
|-damage|p1a: Cinderace|60/100
|-status|p1a: Cinderace|psn
|
|-damage|p1a: Cinderace|48/100 psn|[from] psn
|upkeep
|turn|22
|
|t:|1758356454
|move|p1a: Cinderace|Court Change|p1a: Cinderace
|-swapsideconditions
|-activate|p1a: Cinderace|move: Court Change
|move|p2a: Weezing|Sludge Bomb|p1a: Cinderace
|-damage|p1a: Cinderace|9/100 psn
|
|-damage|p1a: Cinderace|0 fnt|[from] psn
|faint|p1a: Cinderace
|upkeep
|
|t:|1758356463
|switch|p1a: Iron Crown|Iron Crown|14/100
|turn|23
|
|t:|1758356476
|move|p1a: Iron Crown|Future Sight|p2a: Weezing
|-start|p1a: Iron Crown|move: Future Sight
|move|p2a: Weezing|Defog|p1a: Iron Crown
|-unboost|p1a: Iron Crown|evasion|1
|-sideend|p2: zjh67890|Stealth Rock|[from] move: Defog|[of] p2a: Weezing
|
|upkeep
|turn|24
|inactive|smthrdm has 120 seconds left.
|
|t:|1758356512
|move|p1a: Iron Crown|Tachyon Cutter|p2a: Weezing
|-supereffective|p2a: Weezing
|-damage|p2a: Weezing|25/100
|-supereffective|p2a: Weezing
|-damage|p2a: Weezing|0 fnt
|faint|p2a: Weezing
|-end|p2a: Weezing|ability: Neutralizing Gas
|-hitcount|p2: Weezing|2
|
|upkeep
|
|t:|1758356522
|switch|p2a: Dragonite|Dragonite, F|61/100
|turn|25
|
|t:|1758356528
|-end|p1a: Iron Crown|Quark Drive|[silent]
|switch|p1a: Landorus|Landorus-Therian, M|88/100
|-ability|p1a: Landorus|Intimidate|boost
|-unboost|p2a: Dragonite|atk|1
|move|p2a: Dragonite|Extreme Speed|p1a: Landorus
|-crit|p1a: Landorus
|-damage|p1a: Landorus|48/100
|
|-end|p2a: Dragonite|move: Future Sight
|-damage|p2a: Dragonite|3/100
|upkeep
|turn|26
|
|t:|1758356536
|move|p2a: Dragonite|Extreme Speed|p1a: Landorus
|-damage|p1a: Landorus|28/100
|move|p1a: Landorus|U-turn|p2a: Dragonite
|-resisted|p2a: Dragonite
|-damage|p2a: Dragonite|0 fnt
|faint|p2a: Dragonite
|
|t:|1758356543
|switch|p1a: Hitmontop|Hitmontop, M|100/100|[from] U-turn
|
|upkeep
|
|t:|1758356550
|switch|p2a: Gholdengo|Gholdengo|100/100
|turn|27
|
|t:|1758356559
|move|p2a: Gholdengo|Make It Rain|p1a: Hitmontop
|-damage|p1a: Hitmontop|41/100
|-unboost|p2a: Gholdengo|spa|1
|move|p1a: Hitmontop|Bulldoze|p2a: Gholdengo
|-supereffective|p2a: Gholdengo
|-damage|p2a: Gholdengo|37/100
|-unboost|p2a: Gholdengo|spe|1
|
|upkeep
|turn|28
|
|t:|1758356567
|move|p2a: Gholdengo|Make It Rain|p1a: Hitmontop
|-damage|p1a: Hitmontop|0 fnt
|-unboost|p2a: Gholdengo|spa|1
|faint|p1a: Hitmontop
|
|upkeep
|
|t:|1758356573
|switch|p1a: Dragonite|Dragonite, F, tera:Fire|100/100
|turn|29
|
|t:|1758356576
|move|p1a: Dragonite|Dragon Dance|p1a: Dragonite
|-boost|p1a: Dragonite|atk|1
|-boost|p1a: Dragonite|spe|1
|move|p2a: Gholdengo|Thunderbolt|p1a: Dragonite
|-damage|p1a: Dragonite|92/100
|
|upkeep
|turn|30
|
|t:|1758356587
|switch|p2a: Regidrago|Regidrago|100/100
|move|p1a: Dragonite|Fire Punch|p2a: Regidrago
|-resisted|p2a: Regidrago
|-damage|p2a: Regidrago|62/100
|
|upkeep
|turn|31
|
|t:|1758356590
|move|p2a: Regidrago|Draco Meteor|p1a: Dragonite
|-damage|p1a: Dragonite|0 fnt
|-unboost|p2a: Regidrago|spa|2
|faint|p1a: Dragonite
|
|upkeep
|
|t:|1758356604
|switch|p1a: Blissey|Blissey, F|94/100
|turn|32
|
|t:|1758356611
|switch|p2a: Gholdengo|Gholdengo|37/100
|move|p1a: Blissey|Healing Wish|p1a: Blissey
|faint|p1a: Blissey
|
|upkeep
|
|t:|1758356612
|switch|p1a: Iron Crown|Iron Crown|14/100
|-heal|p1a: Iron Crown|100/100|[from] move: Healing Wish
|turn|33
|
|t:|1758356618
|move|p1a: Iron Crown|Volt Switch|p2a: Gholdengo
|-damage|p2a: Gholdengo|12/100
|
|t:|1758356620
|-end|p1a: Iron Crown|Quark Drive|[silent]
|switch|p1a: Landorus|Landorus-Therian, M|28/100|[from] Volt Switch
|-ability|p1a: Landorus|Intimidate|boost
|-unboost|p2a: Gholdengo|atk|1
|move|p2a: Gholdengo|Recover|p2a: Gholdengo
|-heal|p2a: Gholdengo|62/100
|
|upkeep
|turn|34
|
|t:|1758356631
|move|p1a: Landorus|Earthquake|p2a: Gholdengo
|-supereffective|p2a: Gholdengo
|-damage|p2a: Gholdengo|0 fnt
|faint|p2a: Gholdengo
|
|upkeep
|
|t:|1758356639
|switch|p2a: Regidrago|Regidrago|62/100
|turn|35
|
|t:|1758356657
|move|p2a: Regidrago|Dragon Energy|p1a: Landorus
|-damage|p1a: Landorus|0 fnt
|faint|p1a: Landorus
|
|upkeep
|
|t:|1758356670
|switch|p1a: Iron Crown|Iron Crown|100/100
|turn|36
|
|t:|1758356673
|-terastallize|p2a: Regidrago|Steel
|move|p2a: Regidrago|Dragon Energy|p1a: Iron Crown
|-resisted|p1a: Iron Crown
|-damage|p1a: Iron Crown|81/100
|move|p1a: Iron Crown|Tachyon Cutter|p2a: Regidrago
|-resisted|p2a: Regidrago
|-damage|p2a: Regidrago|49/100
|-resisted|p2a: Regidrago
|-damage|p2a: Regidrago|35/100
|-hitcount|p2a: Regidrago|2
|
|upkeep
|turn|37
|
|t:|1758356680
|move|p2a: Regidrago|Dragon Energy|p1a: Iron Crown
|-resisted|p1a: Iron Crown
|-damage|p1a: Iron Crown|70/100
|move|p1a: Iron Crown|Focus Blast|p2a: Regidrago
|-supereffective|p2a: Regidrago
|-damage|p2a: Regidrago|0 fnt
|faint|p2a: Regidrago
|
|win|smthrdm
|raw|smthrdm's rating: 1314 &rarr; <strong>1337</strong><br />(+23 for winning)
|raw|zjh67890's rating: 1363 &rarr; <strong>1340</strong><br />(-23 for losing)
|l|☆smthrdm
|player|p1|
|l|☆zjh67890
|player|p2|
