|j|☆helollo
|j|☆ouku bakuza
|t:|1758262849
|gametype|singles
|player|p1|helollo|janitor|1552
|player|p2|ouku bakuza|266|1542
|gen|9
|tier|[Gen 9] OU
|rated|
|rule|HP Percentage Mod: HP is shown in percentages
|rule|Endless Battle Clause: Forcing endless battles is banned
|rule|Species Clause: Limit one of each Pokémon
|rule|OHKO Clause: OHKO moves are banned
|rule|Evasion Items Clause: Evasion items are banned
|rule|Evasion Moves Clause: Evasion moves are banned
|rule|Evasion Abilities Clause: Evasion abilities are banned
|rule|Sleep Moves Clause: Sleep-inducing moves are banned
|clearpoke
|poke|p1|Dragonite, M|
|poke|p1|Skeledirge, M|
|poke|p1|Rotom-Wash|
|poke|p1|Glimmora, F|
|poke|p1|Iron Treads|
|poke|p1|Ogerpon-Wellspring, F|
|poke|p2|Great Tusk|
|poke|p2|Dragonite, F|
|poke|p2|Gholdengo|
|poke|p2|Iron Treads|
|poke|p2|Rotom-Wash|
|poke|p2|Iron Valiant|
|teampreview
|inactive|Battle timer is ON: inactive players will automatically lose when time's up. (requested by helollo)
|inactive|helollo has 120 seconds left.
|
|t:|1758262899
|teamsize|p1|6
|teamsize|p2|6
|start
|switch|p1a: Rotom|Rotom-Wash|100/100
|switch|p2a: Rotom|Rotom-Wash|100/100
|turn|1
|
|t:|1758262919
|move|p2a: Rotom|Volt Switch|p1a: Rotom
|-damage|p1a: Rotom|71/100
|
|t:|1758262928
|switch|p2a: Iron Valiant|Iron Valiant|100/100|[from] Volt Switch
|-enditem|p2a: Iron Valiant|Booster Energy
|-activate|p2a: Iron Valiant|ability: Quark Drive|[fromitem]
|-start|p2a: Iron Valiant|quarkdrivespe
|move|p1a: Rotom|Volt Switch|p2a: Iron Valiant
|-damage|p2a: Iron Valiant|58/100
|
|t:|1758262946
|switch|p1a: Glimmora|Glimmora, F|100/100|[from] Volt Switch
|
|upkeep
|turn|2
|
|t:|1758262972
|-end|p2a: Iron Valiant|Quark Drive|[silent]
|switch|p2a: Iron Treads|Iron Treads|100/100
|-enditem|p2a: Iron Treads|Booster Energy
|-activate|p2a: Iron Treads|ability: Quark Drive|[fromitem]
|-start|p2a: Iron Treads|quarkdrivespe
|move|p1a: Glimmora|Earth Power|p2a: Iron Treads
|-supereffective|p2a: Iron Treads
|-crit|p2a: Iron Treads
|-damage|p2a: Iron Treads|0 fnt
|faint|p2a: Iron Treads
|-end|p2a: Iron Treads|Quark Drive|[silent]
|
|upkeep
|
|t:|1758262979
|switch|p2a: good horns|Great Tusk|100/100
|-enditem|p2a: good horns|Booster Energy
|-activate|p2a: good horns|ability: Protosynthesis|[fromitem]
|-start|p2a: good horns|protosynthesisatk
|turn|3
|
|t:|1758262992
|switch|p1a: Rotom|Rotom-Wash|71/100
|move|p2a: good horns|Rapid Spin|p1a: Rotom
|-damage|p1a: Rotom|50/100
|-boost|p2a: good horns|spe|1
|
|-heal|p1a: Rotom|56/100|[from] item: Leftovers
|upkeep
|turn|4
|
|t:|1758263001
|move|p2a: good horns|Close Combat|p1a: Rotom
|-damage|p1a: Rotom|0 fnt
|-unboost|p2a: good horns|def|1
|-unboost|p2a: good horns|spd|1
|faint|p1a: Rotom
|
|upkeep
|
|t:|1758263012
|switch|p1a: Skeledirge|Skeledirge, M|100/100
|turn|5
|
|t:|1758263015
|move|p2a: good horns|Close Combat|p1a: Skeledirge
|-immune|p1a: Skeledirge
|move|p1a: Skeledirge|Will-O-Wisp|p2a: good horns|[miss]
|-miss|p1a: Skeledirge|p2a: good horns
|
|upkeep
|turn|6
|
|t:|1758263020
|move|p2a: good horns|Earthquake|p1a: Skeledirge
|-supereffective|p1a: Skeledirge
|-damage|p1a: Skeledirge|0 fnt
|faint|p1a: Skeledirge
|
|upkeep
|
|t:|1758263030
|switch|p1a: Dragonite|Dragonite, M|100/100
|turn|7
|
|t:|1758263044
|move|p2a: good horns|Ice Spinner|p1a: Dragonite
|-supereffective|p1a: Dragonite
|-damage|p1a: Dragonite|6/100
|move|p1a: Dragonite|Ice Spinner|p2a: good horns
|-supereffective|p2a: good horns
|-damage|p2a: good horns|33/100
|
|upkeep
|turn|8
|
|t:|1758263052
|-terastallize|p1a: Dragonite|Normal
|move|p1a: Dragonite|Extreme Speed|p2a: good horns
|-damage|p2a: good horns|0 fnt
|faint|p2a: good horns
|-end|p2a: good horns|Protosynthesis|[silent]
|
|upkeep
|
|t:|1758263072
|switch|p2a: Rotom|Rotom-Wash|100/100
|turn|9
|
|t:|1758263080
|switch|p1a: Iron Treads|Iron Treads|100/100
|-item|p1a: Iron Treads|Air Balloon
|move|p2a: Rotom|Volt Switch|p1a: Iron Treads
|-immune|p1a: Iron Treads
|
|upkeep
|turn|10
|
|t:|1758263090
|switch|p2a: Iron Valiant|Iron Valiant|58/100
|-end|p1a: Iron Treads|Quark Drive|[silent]
|switch|p1a: Ogerpon|Ogerpon-Wellspring, F|100/100
|
|upkeep
|turn|11
|
|t:|1758263099
|move|p2a: Iron Valiant|Close Combat|p1a: Ogerpon
|-damage|p1a: Ogerpon|17/100
|-unboost|p2a: Iron Valiant|def|1
|-unboost|p2a: Iron Valiant|spd|1
|move|p1a: Ogerpon|Play Rough|p2a: Iron Valiant
|-supereffective|p2a: Iron Valiant
|-damage|p2a: Iron Valiant|0 fnt
|faint|p2a: Iron Valiant
|-end|p2a: Iron Valiant|Quark Drive|[silent]
|
|upkeep
|inactive|ouku bakuza has 120 seconds left.
|
|t:|1758263144
|switch|p2a: Dragonite|Dragonite, F|100/100
|turn|12
|
|t:|1758263149
|switch|p1a: Glimmora|Glimmora, F|100/100
|move|p2a: Dragonite|Dragon Dance|p2a: Dragonite
|-boost|p2a: Dragonite|atk|1
|-boost|p2a: Dragonite|spe|1
|
|upkeep
|turn|13
|
|t:|1758263154
|move|p2a: Dragonite|Dragon Claw|p1a: Glimmora
|-damage|p1a: Glimmora|10/100
|-activate|p1a: Glimmora|ability: Toxic Debris
|-sidestart|p2: ouku bakuza|move: Toxic Spikes
|move|p1a: Glimmora|Power Gem|p2a: Dragonite
|-supereffective|p2a: Dragonite
|-damage|p2a: Dragonite|60/100
|
|-heal|p2a: Dragonite|66/100|[from] item: Leftovers
|upkeep
|turn|14
|
|t:|1758263166
|move|p2a: Dragonite|Dragon Claw|p1a: Glimmora
|-damage|p1a: Glimmora|0 fnt
|-activate|p1a: Glimmora|ability: Toxic Debris
|-sidestart|p2: ouku bakuza|move: Toxic Spikes
|faint|p1a: Glimmora
|
|-heal|p2a: Dragonite|72/100|[from] item: Leftovers
|upkeep
|j| wgw2333
|
|t:|1758263168
|switch|p1a: Iron Treads|Iron Treads|100/100
|-item|p1a: Iron Treads|Air Balloon
|turn|15
|
|t:|1758263172
|-terastallize|p2a: Dragonite|Fire
|move|p2a: Dragonite|Fire Punch|p1a: Iron Treads
|-supereffective|p1a: Iron Treads
|-damage|p1a: Iron Treads|0 fnt
|-enditem|p1a: Iron Treads|Air Balloon
|faint|p1a: Iron Treads
|-end|p1a: Iron Treads|Quark Drive|[silent]
|
|-heal|p2a: Dragonite|79/100|[from] item: Leftovers
|upkeep
|
|t:|1758263179
|switch|p1a: Dragonite|Dragonite, M, tera:Normal|6/100
|turn|16
|
|t:|1758263182
|move|p2a: Dragonite|Extreme Speed|p1a: Dragonite
|-damage|p1a: Dragonite|0 fnt
|faint|p1a: Dragonite
|
|-heal|p2a: Dragonite|85/100|[from] item: Leftovers
|upkeep
|
|t:|1758263184
|switch|p1a: Ogerpon|Ogerpon-Wellspring, F|17/100
|turn|17
|
|t:|1758263190
|move|p2a: Dragonite|Extreme Speed|p1a: Ogerpon
|-damage|p1a: Ogerpon|0 fnt
|faint|p1a: Ogerpon
|
|win|ouku bakuza
|raw|helollo's rating: 1552 &rarr; <strong>1531</strong><br />(-21 for losing)
|raw|ouku bakuza's rating: 1542 &rarr; <strong>1563</strong><br />(+21 for winning)
|l|☆helollo
|player|p1|
|l|☆ouku bakuza
|player|p2|
|l| wgw2333
