|j|☆lemonsilverhaze
|j|☆milkified._.snow
|t:|1758294512
|gametype|singles
|player|p1|lemonsilverhaze|tuber|1210
|player|p2|milkified._.snow|idol|1236
|gen|9
|tier|[Gen 9] OU
|rated|
|rule|HP Percentage Mod: HP is shown in percentages
|rule|Endless Battle Clause: Forcing endless battles is banned
|rule|Species Clause: Limit one of each Pokémon
|rule|OHKO Clause: OHKO moves are banned
|rule|Evasion Items Clause: Evasion items are banned
|rule|Evasion Moves Clause: Evasion moves are banned
|rule|Evasion Abilities Clause: Evasion abilities are banned
|rule|Sleep Moves Clause: Sleep-inducing moves are banned
|clearpoke
|poke|p1|Pelipper, M|
|poke|p1|Blastoise, M|
|poke|p1|Kilowattrel, F|
|poke|p1|Goodra, F|
|poke|p1|Barraskewda, M|
|poke|p1|Toxicroak, F|
|poke|p2|Meowscarada, F|
|poke|p2|Ceruledge, M|
|poke|p2|Pawmot, M|
|poke|p2|Altaria, F|
|poke|p2|Toxapex, F|
|poke|p2|Ninetales-Alola, F|
|teampreview
|
|t:|1758294522
|teamsize|p1|6
|teamsize|p2|6
|start
|switch|p1a: Poseidon|Pelipper, M|100/100
|switch|p2a: Ninetales|Ninetales-Alola, F|100/100
|-weather|Snowscape|[from] ability: Snow Warning|[of] p2a: Ninetales
|-weather|RainDance|[from] ability: Drizzle|[of] p1a: Poseidon
|turn|1
|inactive|Battle timer is ON: inactive players will automatically lose when time's up. (requested by lemonsilverhaze)
|
|t:|1758294535
|switch|p1a: Donatello|Toxicroak, F|100/100
|move|p2a: Ninetales|Freeze-Dry|p1a: Donatello
|-damage|p1a: Donatello|69/100
|
|-weather|RainDance|[upkeep]
|-heal|p1a: Donatello|82/100|[from] ability: Dry Skin
|upkeep
|turn|2
|
|t:|1758294549
|switch|p2a: Toxapex|Toxapex, F, shiny|100/100
|move|p1a: Donatello|Knock Off|p2a: Toxapex
|-damage|p2a: Toxapex|83/100
|-enditem|p2a: Toxapex|Black Sludge|[from] move: Knock Off|[of] p1a: Donatello
|
|-weather|RainDance|[upkeep]
|-heal|p1a: Donatello|94/100|[from] ability: Dry Skin
|upkeep
|turn|3
|inactive|milkified._.snow has 120 seconds left.
|
|t:|1758294583
|switch|p2a: Ceruledge|Ceruledge, M|100/100
|move|p1a: Donatello|Earthquake|p2a: Ceruledge
|-supereffective|p2a: Ceruledge
|-damage|p2a: Ceruledge|53/100
|-ability|p2a: Ceruledge|Weak Armor|boost
|-unboost|p2a: Ceruledge|def|1
|-boost|p2a: Ceruledge|spe|2
|-enditem|p2a: Ceruledge|Weakness Policy
|-boost|p2a: Ceruledge|atk|2|[from] item: Weakness Policy
|-boost|p2a: Ceruledge|spa|2|[from] item: Weakness Policy
|
|-weather|RainDance|[upkeep]
|-heal|p1a: Donatello|100/100|[from] ability: Dry Skin
|upkeep
|turn|4
|inactive|milkified._.snow has 120 seconds left.
|
|t:|1758294599
|move|p2a: Ceruledge|Bitter Blade|p1a: Donatello
|-damage|p1a: Donatello|30/100
|-heal|p2a: Ceruledge|84/100|[from] drain|[of] p1a: Donatello
|move|p1a: Donatello|Knock Off|p2a: Ceruledge
|-supereffective|p2a: Ceruledge
|-damage|p2a: Ceruledge|38/100
|-ability|p2a: Ceruledge|Weak Armor|boost
|-unboost|p2a: Ceruledge|def|1
|-boost|p2a: Ceruledge|spe|2
|
|-weather|RainDance|[upkeep]
|-heal|p1a: Donatello|42/100|[from] ability: Dry Skin
|upkeep
|turn|5
|inactive|milkified._.snow has 120 seconds left.
|
|t:|1758294613
|switch|p1a: Leonardo|Blastoise, M|100/100
|move|p2a: Ceruledge|Bitter Blade|p1a: Leonardo
|-resisted|p1a: Leonardo
|-damage|p1a: Leonardo|86/100
|-heal|p2a: Ceruledge|43/100|[from] drain|[of] p1a: Leonardo
|
|-weather|RainDance|[upkeep]
|-heal|p1a: Leonardo|92/100|[from] ability: Rain Dish
|-heal|p1a: Leonardo|98/100|[from] item: Leftovers
|upkeep
|turn|6
|inactive|milkified._.snow has 120 seconds left.
|
|t:|1758294627
|move|p1a: Leonardo|Aqua Jet|p2a: Ceruledge
|-supereffective|p2a: Ceruledge
|-damage|p2a: Ceruledge|0 fnt
|faint|p2a: Ceruledge
|
|-weather|RainDance|[upkeep]
|-heal|p1a: Leonardo|100/100|[from] ability: Rain Dish
|upkeep
|inactive|milkified._.snow has 120 seconds left.
|
|t:|1758294648
|switch|p2a: Ninetales|Ninetales-Alola, F|100/100
|-weather|Snowscape|[from] ability: Snow Warning|[of] p2a: Ninetales
|turn|7
|
|t:|1758294656
|switch|p1a: Donatello|Toxicroak, F|42/100
|move|p2a: Ninetales|Freeze-Dry|p1a: Donatello
|-damage|p1a: Donatello|13/100
|
|-weather|Snowscape|[upkeep]
|upkeep
|turn|8
|
|t:|1758294676
|move|p1a: Donatello|Drain Punch|p2a: Ninetales
|-damage|p2a: Ninetales|74/100
|-heal|p1a: Donatello|27/100|[from] drain|[of] p2a: Ninetales
|move|p2a: Ninetales|Freeze-Dry|p1a: Donatello
|-damage|p1a: Donatello|0 fnt
|faint|p1a: Donatello
|
|-weather|Snowscape|[upkeep]
|upkeep
|c|☆lemonsilverhaze|Shit thoug I could hold it
|
|t:|1758294694
|switch|p1a: Poseidon|Pelipper, M|100/100
|-weather|RainDance|[from] ability: Drizzle|[of] p1a: Poseidon
|turn|9
|
|t:|1758294703
|switch|p1a: Leonardo|Blastoise, M|100/100
|move|p2a: Ninetales|Freeze-Dry|p1a: Leonardo
|-supereffective|p1a: Leonardo
|-damage|p1a: Leonardo|50/100
|-status|p1a: Leonardo|frz
|
|-weather|RainDance|[upkeep]
|-heal|p1a: Leonardo|56/100 frz|[from] ability: Rain Dish
|-heal|p1a: Leonardo|62/100 frz|[from] item: Leftovers
|upkeep
|turn|10
|inactive|milkified._.snow has 120 seconds left.
|
|t:|1758294718
|move|p2a: Ninetales|Freeze-Dry|p1a: Leonardo
|-supereffective|p1a: Leonardo
|-damage|p1a: Leonardo|9/100 frz
|cant|p1a: Leonardo|frz
|
|-weather|RainDance|[upkeep]
|-heal|p1a: Leonardo|15/100 frz|[from] ability: Rain Dish
|-heal|p1a: Leonardo|21/100 frz|[from] item: Leftovers
|upkeep
|turn|11
|c|☆milkified._.snow|srry
|-activate|p2a: Ninetales|item: Quick Claw
|
|t:|1758294728
|move|p2a: Ninetales|Freeze-Dry|p1a: Leonardo
|-supereffective|p1a: Leonardo
|-damage|p1a: Leonardo|0 fnt
|faint|p1a: Leonardo
|
|-weather|RainDance|[upkeep]
|upkeep
|c|☆lemonsilverhaze|It is what it is !
|
|t:|1758294744
|switch|p1a: Jaws|Barraskewda, M|100/100
|turn|12
|
|t:|1758294748
|-terastallize|p1a: Jaws|Water
|move|p1a: Jaws|Flip Turn|p2a: Ninetales
|-damage|p2a: Ninetales|0 fnt
|faint|p2a: Ninetales
|
|t:|1758294756
|switch|p1a: Littlefoot|Goodra, F|100/100|[from] Flip Turn
|
|-weather|RainDance|[upkeep]
|upkeep
|
|t:|1758294761
|switch|p2a: Meowscarada|Meowscarada, F|100/100
|turn|13
|
|t:|1758294770
|move|p2a: Meowscarada|Triple Axel|p1a: Littlefoot
|-start|p2a: Meowscarada|typechange|Ice|[from] ability: Protean
|-supereffective|p1a: Littlefoot
|-damage|p1a: Littlefoot|77/100
|-damage|p2a: Meowscarada|84/100|[from] item: Rocky Helmet|[of] p1a: Littlefoot
|-supereffective|p1a: Littlefoot
|-damage|p1a: Littlefoot|33/100
|-damage|p2a: Meowscarada|67/100|[from] item: Rocky Helmet|[of] p1a: Littlefoot
|-supereffective|p1a: Littlefoot
|-damage|p1a: Littlefoot|0 fnt
|-damage|p2a: Meowscarada|50/100|[from] item: Rocky Helmet|[of] p1a: Littlefoot
|faint|p1a: Littlefoot
|-hitcount|p1: Littlefoot|3
|
|-weather|RainDance|[upkeep]
|upkeep
|
|t:|1758294786
|switch|p1a: Jaws|Barraskewda, M, tera:Water|100/100
|turn|14
|
|t:|1758294792
|switch|p2a: Toxapex|Toxapex, F, shiny|100/100
|move|p1a: Jaws|Flip Turn|p2a: Toxapex
|-resisted|p2a: Toxapex
|-damage|p2a: Toxapex|67/100
|
|t:|1758294798
|switch|p1a: Zeus|Kilowattrel, F|100/100|[from] Flip Turn
|
|-weather|RainDance|[upkeep]
|upkeep
|turn|15
|
|t:|1758294805
|move|p1a: Zeus|Volt Switch|p2a: Toxapex
|-supereffective|p2a: Toxapex
|-crit|p2a: Toxapex
|-damage|p2a: Toxapex|0 fnt
|faint|p2a: Toxapex
|
|t:|1758294812
|switch|p1a: Jaws|Barraskewda, M, tera:Water|100/100|[from] Volt Switch
|
|-weather|RainDance|[upkeep]
|upkeep
|
|t:|1758294816
|switch|p2a: Meowscarada|Meowscarada, F|50/100
|turn|16
|c|☆milkified._.snow|!dt swift swim
|raw|<ul class="utilichart"><li class="result"><span class="col namecol"><a href="https://dex.pokemonshowdown.com/abilities/swiftswim">Swift Swim</a></span> <span class="col abilitydesccol">If Rain Dance is active, this Pokemon's Speed is doubled.</span> </li><li style="clear:both"></li></ul>
|raw|<font size="1"><font color="#686868">Gen:</font> 3</font>

|
|t:|1758294833
|switch|p2a: Altaria|Altaria, F|100/100
|move|p1a: Jaws|Flip Turn|p2a: Altaria
|-resisted|p2a: Altaria
|-damage|p2a: Altaria|55/100
|
|t:|1758294840
|switch|p1a: Zeus|Kilowattrel, F|100/100|[from] Flip Turn
|
|-weather|none
|-heal|p2a: Altaria|61/100|[from] item: Leftovers
|upkeep
|turn|17
|
|t:|1758294847
|switch|p2a: Meowscarada|Meowscarada, F|50/100
|move|p1a: Zeus|Volt Switch|p2a: Meowscarada
|-resisted|p2a: Meowscarada
|-damage|p2a: Meowscarada|26/100
|
|t:|1758294853
|switch|p1a: Poseidon|Pelipper, M|100/100|[from] Volt Switch
|-weather|RainDance|[from] ability: Drizzle|[of] p1a: Poseidon
|
|-weather|RainDance|[upkeep]
|upkeep
|turn|18
|
|t:|1758294862
|-terastallize|p2a: Meowscarada|Grass
|move|p2a: Meowscarada|Flower Trick|p1a: Poseidon
|-crit|p1a: Poseidon
|-damage|p1a: Poseidon|5/100
|move|p1a: Poseidon|Hurricane|p2a: Meowscarada
|-supereffective|p2a: Meowscarada
|-damage|p2a: Meowscarada|0 fnt
|faint|p2a: Meowscarada
|
|-weather|RainDance|[upkeep]
|upkeep
|c|☆lemonsilverhaze|Close
|
|t:|1758294871
|switch|p2a: Pawmot|Pawmot, M|100/100
|turn|19
|
|t:|1758294877
|switch|p1a: Zeus|Kilowattrel, F|100/100
|move|p2a: Pawmot|Revival Blessing|p2a: Pawmot
|-enditem|p2a: Pawmot|Leppa Berry|[eat]
|-activate|p2a: Pawmot|item: Leppa Berry|Revival Blessing|[consumed]
|
|t:|1758294884
|-heal|p2: Meowscarada|50/100|[from] move: Revival Blessing
|
|-weather|RainDance|[upkeep]
|upkeep
|turn|20
|
|t:|1758294896
|move|p1a: Zeus|Weather Ball|p2a: Pawmot
|-damage|p2a: Pawmot|35/100
|move|p2a: Pawmot|Revival Blessing|p2a: Pawmot
|
|t:|1758294902
|-heal|p2: Ninetales|50/100|[from] move: Revival Blessing
|
|-weather|RainDance|[upkeep]
|upkeep
|turn|21
|c|☆lemonsilverhaze|Never though of leppa berry for this
|c|☆lemonsilverhaze|WP
|
|t:|1758294918
|move|p2a: Pawmot|Mach Punch|p1a: Zeus
|-resisted|p1a: Zeus
|-crit|p1a: Zeus
|-damage|p1a: Zeus|81/100
|move|p1a: Zeus|Weather Ball|p2a: Pawmot
|-damage|p2a: Pawmot|0 fnt
|faint|p2a: Pawmot
|
|-weather|RainDance|[upkeep]
|upkeep
|c|☆milkified._.snow|ty haha
|inactive|milkified._.snow has 120 seconds left.
|
|t:|1758294946
|switch|p2a: Meowscarada|Meowscarada, F|50/100
|turn|22
|
|t:|1758294956
|move|p1a: Zeus|Weather Ball|p2a: Meowscarada
|-resisted|p2a: Meowscarada
|-damage|p2a: Meowscarada|13/100
|move|p2a: Meowscarada|Triple Axel|p1a: Zeus
|-start|p2a: Meowscarada|typechange|Ice|[from] ability: Protean
|-supereffective|p1a: Zeus
|-damage|p1a: Zeus|29/100
|-supereffective|p1a: Zeus
|-damage|p1a: Zeus|0 fnt
|faint|p1a: Zeus
|-hitcount|p1: Zeus|2
|
|-weather|RainDance|[upkeep]
|upkeep
|
|t:|1758294972
|switch|p1a: Jaws|Barraskewda, M, tera:Water|100/100
|turn|23
|
|t:|1758294978
|switch|p2a: Altaria|Altaria, F|61/100
|move|p1a: Jaws|Liquidation|p2a: Altaria
|-resisted|p2a: Altaria
|-damage|p2a: Altaria|0 fnt
|faint|p2a: Altaria
|
|-weather|RainDance|[upkeep]
|upkeep
|
|t:|1758294986
|switch|p2a: Ninetales|Ninetales-Alola, F|50/100
|-weather|Snowscape|[from] ability: Snow Warning|[of] p2a: Ninetales
|turn|24
|-activate|p2a: Ninetales|item: Quick Claw
|
|t:|1758294993
|move|p2a: Ninetales|Freeze-Dry|p1a: Jaws
|-supereffective|p1a: Jaws
|-damage|p1a: Jaws|0 fnt
|faint|p1a: Jaws
|
|-weather|Snowscape|[upkeep]
|upkeep
|c|☆lemonsilverhaze|Man
|c|☆lemonsilverhaze|Quick claw lol
|c|☆milkified._.snow|yeah it's very useful
|c|☆lemonsilverhaze|That is a misclick tbh I wanted to switch out
|c|☆milkified._.snow|i rely on it too much
|c|☆lemonsilverhaze|It is not
|inactive|lemonsilverhaze has 120 seconds left.
|c|☆lemonsilverhaze|It is relying on pure luck....
|c|☆lemonsilverhaze|Gg
|-message|lemonsilverhaze forfeited.
|
|win|milkified._.snow
|raw|lemonsilverhaze's rating: 1210 &rarr; <strong>1187</strong><br />(-23 for losing)
|raw|milkified._.snow's rating: 1236 &rarr; <strong>1259</strong><br />(+23 for winning)
|l|☆lemonsilverhaze
|player|p1|
|c|☆milkified._.snow|gg
|l|☆milkified._.snow
|player|p2|
