|j|☆Mexi-Squad
|j|☆Pr0geny
|t:|1758254765
|gametype|singles
|player|p1|Mexi-Squad|170|1409
|player|p2|Pr0geny|cogita|1442
|gen|9
|tier|[Gen 9] OU
|rated|
|rule|HP Percentage Mod: HP is shown in percentages
|rule|Endless Battle Clause: Forcing endless battles is banned
|rule|Species Clause: Limit one of each Pokémon
|rule|OHKO Clause: OHKO moves are banned
|rule|Evasion Items Clause: Evasion items are banned
|rule|Evasion Moves Clause: Evasion moves are banned
|rule|Evasion Abilities Clause: Evasion abilities are banned
|rule|Sleep Moves Clause: Sleep-inducing moves are banned
|clearpoke
|poke|p1|Araquanid, M|
|poke|p1|Zapdos|
|poke|p1|Rillaboom, F|
|poke|p1|Landorus-Therian, M|
|poke|p1|Kingambit, M|
|poke|p1|Iron Moth|
|poke|p2|Samurott-Hisui, M|
|poke|p2|Sinistcha|
|poke|p2|Weezing-Galar, M|
|poke|p2|Zapdos|
|poke|p2|Iron Valiant|
|poke|p2|Iron Treads|
|teampreview
|
|t:|1758254771
|teamsize|p1|6
|teamsize|p2|6
|start
|switch|p1a: Zapdos|Zapdos|100/100
|switch|p2a: Edging Ceaselessly|Samurott-Hisui, M|100/100
|-ability|p1a: Zapdos|Pressure
|turn|1
|
|t:|1758254774
|switch|p2a: Iron Threat|Iron Treads|100/100
|move|p1a: Zapdos|Volt Switch|p2a: Iron Threat
|-immune|p2a: Iron Threat
|
|upkeep
|turn|2
|
|t:|1758254776
|move|p2a: Iron Threat|Knock Off|p1a: Zapdos
|-damage|p1a: Zapdos|67/100
|-enditem|p1a: Zapdos|Heavy-Duty Boots|[from] move: Knock Off|[of] p2a: Iron Threat
|move|p1a: Zapdos|Heat Wave|p2a: Iron Threat
|-supereffective|p2a: Iron Threat
|-damage|p2a: Iron Threat|9/100
|
|upkeep
|turn|3
|j| edfgfghgjhg
|l| edfgfghgjhg
|
|t:|1758254785
|-end|p2a: Iron Threat|Quark Drive|[silent]
|switch|p2a: Edging Ceaselessly|Samurott-Hisui, M|100/100
|move|p1a: Zapdos|Heat Wave|p2a: Edging Ceaselessly
|-resisted|p2a: Edging Ceaselessly
|-damage|p2a: Edging Ceaselessly|74/100
|-status|p2a: Edging Ceaselessly|brn
|
|-damage|p2a: Edging Ceaselessly|68/100 brn|[from] brn
|upkeep
|turn|4
|
|t:|1758254788
|move|p1a: Zapdos|Roost|p1a: Zapdos
|-heal|p1a: Zapdos|100/100
|-singleturn|p1a: Zapdos|move: Roost
|move|p2a: Edging Ceaselessly|Ceaseless Edge|p1a: Zapdos|[miss]
|-miss|p2a: Edging Ceaselessly|p1a: Zapdos
|
|-damage|p2a: Edging Ceaselessly|62/100 brn|[from] brn
|upkeep
|turn|5
|
|t:|1758254793
|move|p1a: Zapdos|Volt Switch|p2a: Edging Ceaselessly
|-supereffective|p2a: Edging Ceaselessly
|-damage|p2a: Edging Ceaselessly|0 fnt
|faint|p2a: Edging Ceaselessly
|
|t:|1758254797
|switch|p1a: Landorus|Landorus-Therian, M|100/100|[from] Volt Switch
|
|upkeep
|
|t:|1758254799
|switch|p2a: Iron Threat|Iron Treads|9/100
|turn|6
|
|t:|1758254806
|move|p1a: Landorus|U-turn|p2a: Iron Threat
|-resisted|p2a: Iron Threat
|-damage|p2a: Iron Threat|0 fnt
|faint|p2a: Iron Threat
|-end|p2a: Iron Threat|Quark Drive|[silent]
|
|t:|1758254809
|switch|p1a: Zapdos|Zapdos|100/100|[from] U-turn
|-ability|p1a: Zapdos|Pressure
|
|upkeep
|
|t:|1758254815
|switch|p2a: SinistGYATT|Sinistcha|100/100
|turn|7
|
|t:|1758254822
|move|p1a: Zapdos|Hurricane|p2a: SinistGYATT
|-supereffective|p2a: SinistGYATT
|-damage|p2a: SinistGYATT|0 fnt
|faint|p2a: SinistGYATT
|
|upkeep
|
|t:|1758254824
|switch|p2a: SCREAM|Zapdos|100/100
|-ability|p2a: SCREAM|Pressure
|turn|8
|-message|Pr0geny forfeited.
|
|win|Mexi-Squad
|raw|Mexi-Squad's rating: 1409 &rarr; <strong>1432</strong><br />(+23 for winning)
|raw|Pr0geny's rating: 1464 &rarr; <strong>1441</strong><br />(-23 for losing)
|l|☆Pr0geny
|player|p2|
|l|☆Mexi-Squad
|player|p1|
