|j|☆Kangaroo021
|j|☆basedraybans
|t:|1758260491
|gametype|singles
|player|p1|Kangaroo021|boarder|1161
|player|p2|basedraybans|265|1219
|gen|9
|tier|[Gen 9] OU
|rated|
|rule|HP Percentage Mod: HP is shown in percentages
|rule|Endless Battle Clause: Forcing endless battles is banned
|rule|Species Clause: Limit one of each Pokémon
|rule|OHKO Clause: OHKO moves are banned
|rule|Evasion Items Clause: Evasion items are banned
|rule|Evasion Moves Clause: Evasion moves are banned
|rule|Evasion Abilities Clause: Evasion abilities are banned
|rule|Sleep Moves Clause: Sleep-inducing moves are banned
|clearpoke
|poke|p1|Primarina, M|
|poke|p1|Dragapult, M|
|poke|p1|Glimmora, F|
|poke|p1|Hoopa-Unbound|
|poke|p1|Talonflame, M|
|poke|p1|Scizor, M|
|poke|p2|Tyranitar, M|
|poke|p2|Sinistcha|
|poke|p2|Slowking-Galar, F|
|poke|p2|Scizor, M|
|poke|p2|Samurott-Hisui, F|
|poke|p2|Iron Boulder|
|teampreview
|inactive|Battle timer is ON: inactive players will automatically lose when time's up. (requested by basedraybans)
|
|t:|1758260503
|teamsize|p1|6
|teamsize|p2|6
|start
|switch|p1a: Blueberry|Glimmora, F, shiny|100/100
|switch|p2a: Scizor|Scizor, M|100/100
|turn|1
|
|t:|1758260512
|-terastallize|p1a: Blueberry|Ground
|move|p2a: Scizor|Bullet Punch|p1a: Blueberry
|-damage|p1a: Blueberry|60/100
|-activate|p1a: Blueberry|ability: Toxic Debris
|-sidestart|p2: basedraybans|move: Toxic Spikes
|move|p1a: Blueberry|Earth Power|p2a: Scizor
|-damage|p2a: Scizor|46/100
|-enditem|p2a: Scizor|Sitrus Berry|[eat]
|-heal|p2a: Scizor|71/100|[from] item: Sitrus Berry
|
|upkeep
|turn|2
|
|t:|1758260525
|move|p1a: Blueberry|Earth Power|p2a: Scizor
|-damage|p2a: Scizor|16/100
|-unboost|p2a: Scizor|spd|1
|move|p2a: Scizor|U-turn|p1a: Blueberry
|-damage|p1a: Blueberry|15/100
|-activate|p1a: Blueberry|ability: Toxic Debris
|-sidestart|p2: basedraybans|move: Toxic Spikes
|
|t:|1758260529
|switch|p2a: Slowking|Slowking-Galar, F|100/100|[from] U-turn
|-sideend|p2: basedraybans|move: Toxic Spikes|[of] p2a: Slowking
|
|upkeep
|turn|3
|
|t:|1758260537
|move|p1a: Blueberry|Earth Power|p2a: Slowking
|-supereffective|p2a: Slowking
|-damage|p2a: Slowking|28/100
|-unboost|p2a: Slowking|spd|1
|move|p2a: Slowking|Toxic Spikes|p1a: Blueberry
|-sidestart|p1: Kangaroo021|move: Toxic Spikes
|
|upkeep
|turn|4
|
|t:|1758260543
|switch|p2a: Sinistcha|Sinistcha|100/100
|move|p1a: Blueberry|Earth Power|p2a: Sinistcha
|-resisted|p2a: Sinistcha
|-damage|p2a: Sinistcha|74/100
|
|upkeep
|turn|5
|
|t:|1758260550
|switch|p1a: Dale Earnhardt|Talonflame, M|100/100
|move|p2a: Sinistcha|Shadow Ball|p1a: Dale Earnhardt
|-damage|p1a: Dale Earnhardt|54/100
|
|upkeep
|turn|6
|
|t:|1758260557
|move|p1a: Dale Earnhardt|U-turn|p2a: Sinistcha
|-damage|p2a: Sinistcha|63/100
|
|t:|1758260561
|switch|p1a: Blueberry|Glimmora, F, shiny, tera:Ground|15/100|[from] U-turn
|-status|p1a: Blueberry|psn
|move|p2a: Sinistcha|Shadow Ball|p1a: Blueberry
|-damage|p1a: Blueberry|0 fnt
|faint|p1a: Blueberry
|
|upkeep
|c|☆Kangaroo021|I'm dumb
|
|t:|1758260570
|switch|p1a: James Harden|Scizor, M, shiny|100/100
|turn|7
|
|t:|1758260575
|move|p2a: Sinistcha|Strength Sap|p1a: James Harden
|-unboost|p1a: James Harden|atk|1
|-heal|p2a: Sinistcha|100/100
|move|p1a: James Harden|Knock Off|p2a: Sinistcha
|-supereffective|p2a: Sinistcha
|-damage|p2a: Sinistcha|49/100
|-enditem|p2a: Sinistcha|Heavy-Duty Boots|[from] move: Knock Off|[of] p1a: James Harden
|
|upkeep
|turn|8
|
|t:|1758260584
|move|p2a: Sinistcha|Strength Sap|p1a: James Harden
|-unboost|p1a: James Harden|atk|1
|-heal|p2a: Sinistcha|100/100
|move|p1a: James Harden|Knock Off|p2a: Sinistcha
|-supereffective|p2a: Sinistcha
|-crit|p2a: Sinistcha
|-damage|p2a: Sinistcha|29/100
|
|upkeep
|turn|9
|
|t:|1758260595
|move|p2a: Sinistcha|Strength Sap|p1a: James Harden
|-unboost|p1a: James Harden|atk|1
|-heal|p2a: Sinistcha|86/100
|move|p1a: James Harden|Knock Off|p2a: Sinistcha
|-supereffective|p2a: Sinistcha
|-damage|p2a: Sinistcha|67/100
|
|upkeep
|turn|10
|
|t:|1758260618
|move|p2a: Sinistcha|Calm Mind|p2a: Sinistcha
|-boost|p2a: Sinistcha|spa|1
|-boost|p2a: Sinistcha|spd|1
|move|p1a: James Harden|Knock Off|p2a: Sinistcha
|-supereffective|p2a: Sinistcha
|-damage|p2a: Sinistcha|45/100
|
|upkeep
|turn|11
|
|t:|1758260625
|switch|p1a: Dale Earnhardt|Talonflame, M|54/100
|move|p2a: Sinistcha|Shadow Ball|p1a: Dale Earnhardt
|-damage|p1a: Dale Earnhardt|0 fnt
|faint|p1a: Dale Earnhardt
|
|upkeep
|
|t:|1758260632
|switch|p1a: B-2|Dragapult, M, shiny|100/100
|turn|12
|
|t:|1758260638
|move|p1a: B-2|Dragon Darts|p2a: Sinistcha
|-damage|p2a: Sinistcha|30/100
|-anim|p1a: B-2|Dragon Darts|p2a: Sinistcha
|-damage|p2a: Sinistcha|11/100
|move|p2a: Sinistcha|Shadow Ball|p1a: B-2
|-supereffective|p1a: B-2
|-damage|p1a: B-2|0 fnt
|faint|p1a: B-2
|
|upkeep
|-message|Kangaroo021 forfeited.
|
|win|basedraybans
|raw|Kangaroo021's rating: 1161 &rarr; <strong>1140</strong><br />(-21 for losing)
|raw|basedraybans's rating: 1219 &rarr; <strong>1240</strong><br />(+21 for winning)
|l|☆Kangaroo021
|player|p1|
|l|☆basedraybans
|player|p2|
