|j|☆soyothedangerous
|j|☆king bic
|t:|1758320673
|gametype|singles
|player|p1|soyothedangerous|170|1427
|player|p2|king bic|265|1369
|gen|9
|tier|[Gen 9] OU
|rated|
|rule|HP Percentage Mod: HP is shown in percentages
|rule|Endless Battle Clause: Forcing endless battles is banned
|rule|Species Clause: Limit one of each Pokémon
|rule|OHKO Clause: OHKO moves are banned
|rule|Evasion Items Clause: Evasion items are banned
|rule|Evasion Moves Clause: Evasion moves are banned
|rule|Evasion Abilities Clause: Evasion abilities are banned
|rule|Sleep Moves Clause: Sleep-inducing moves are banned
|clearpoke
|poke|p1|Zamazenta-*|
|poke|p1|Ninetales-Alola, F|
|poke|p1|Darkrai|
|poke|p1|Ceruledge, F|
|poke|p1|Gliscor, M|
|poke|p1|Hatterene, F|
|poke|p2|Garchomp, M|
|poke|p2|Kingambit, M|
|poke|p2|Glimmora, M|
|poke|p2|Quaquaval, F|
|poke|p2|Skeledirge, M|
|poke|p2|Vikavolt, M|
|teampreview
|
|t:|1758320681
|teamsize|p1|6
|teamsize|p2|6
|start
|switch|p1a: Ninetales|Ninetales-Alola, F|100/100
|switch|p2a: Glimmora|Glimmora, M|100/100
|-weather|Snowscape|[from] ability: Snow Warning|[of] p1a: Ninetales
|turn|1
|
|t:|1758320689
|move|p1a: Ninetales|Aurora Veil|p1a: Ninetales
|-sidestart|p1: soyothedangerous|move: Aurora Veil
|move|p2a: Glimmora|Power Gem|p1a: Ninetales
|-supereffective|p1a: Ninetales
|-damage|p1a: Ninetales|61/100
|
|-weather|Snowscape|[upkeep]
|upkeep
|turn|2
|
|t:|1758320706
|switch|p1a: Hatterene|Hatterene, F|100/100
|move|p2a: Glimmora|Stealth Rock|p1a: Hatterene
|move|p1a: Hatterene|Stealth Rock|p2a: Glimmora|[from] ability: Magic Bounce
|-sidestart|p2: king bic|move: Stealth Rock
|
|-weather|Snowscape|[upkeep]
|upkeep
|turn|3
|
|t:|1758320715
|switch|p1a: Gliscor|Gliscor, M|100/100
|move|p2a: Glimmora|Mortal Spin|p1a: Gliscor
|-resisted|p1a: Gliscor
|-crit|p1a: Gliscor
|-damage|p1a: Gliscor|97/100
|-status|p1a: Gliscor|psn
|-sideend|p2: king bic|Stealth Rock|[from] move: Mortal Spin|[of] p2a: Glimmora
|
|-weather|Snowscape|[upkeep]
|-heal|p1a: Gliscor|100/100 psn|[from] ability: Poison Heal
|upkeep
|turn|4
|
|t:|1758320744
|-terastallize|p1a: Gliscor|Normal
|move|p2a: Glimmora|Power Gem|p1a: Gliscor
|-damage|p1a: Gliscor|77/100 psn
|move|p1a: Gliscor|Agility|p1a: Gliscor
|-boost|p1a: Gliscor|spe|2
|
|-weather|Snowscape|[upkeep]
|-heal|p1a: Gliscor|89/100 psn|[from] ability: Poison Heal
|upkeep
|turn|5
|
|t:|1758320760
|move|p1a: Gliscor|Swords Dance|p1a: Gliscor
|-boost|p1a: Gliscor|atk|2
|move|p2a: Glimmora|Stealth Rock|p1a: Gliscor
|-sidestart|p1: soyothedangerous|move: Stealth Rock
|
|-weather|none
|-heal|p1a: Gliscor|100/100 psn|[from] ability: Poison Heal
|upkeep
|turn|6
|
|t:|1758320772
|switch|p2a: Skeledirge|Skeledirge, M|100/100
|move|p1a: Gliscor|Earthquake|p2a: Skeledirge
|-supereffective|p2a: Skeledirge
|-damage|p2a: Skeledirge|48/100
|
|-heal|p2a: Skeledirge|54/100|[from] item: Leftovers
|upkeep
|turn|7
|
|t:|1758320785
|move|p1a: Gliscor|Earthquake|p2a: Skeledirge
|-supereffective|p2a: Skeledirge
|-damage|p2a: Skeledirge|0 fnt
|faint|p2a: Skeledirge
|
|upkeep
|
|t:|1758320791
|switch|p2a: Quaquaval|Quaquaval, F|100/100
|turn|8
|
|t:|1758320799
|move|p1a: Gliscor|Facade|p2a: Quaquaval
|-damage|p2a: Quaquaval|0 fnt
|faint|p2a: Quaquaval
|
|-sideend|p1: soyothedangerous|move: Aurora Veil
|upkeep
|
|t:|1758320805
|switch|p2a: Vikavolt|Vikavolt, M|100/100
|turn|9
|
|t:|1758320810
|move|p1a: Gliscor|Facade|p2a: Vikavolt
|-damage|p2a: Vikavolt|4/100
|move|p2a: Vikavolt|Thunderbolt|p1a: Gliscor
|-damage|p1a: Gliscor|44/100 psn
|
|-heal|p1a: Gliscor|56/100 psn|[from] ability: Poison Heal
|upkeep
|turn|10
|
|t:|1758320819
|move|p1a: Gliscor|Facade|p2a: Vikavolt
|-damage|p2a: Vikavolt|0 fnt
|faint|p2a: Vikavolt
|
|-heal|p1a: Gliscor|69/100 psn|[from] ability: Poison Heal
|upkeep
|
|t:|1758320832
|switch|p2a: Glimmora|Glimmora, M|100/100
|turn|11
|
|t:|1758320837
|move|p1a: Gliscor|Earthquake|p2a: Glimmora
|-supereffective|p2a: Glimmora
|-enditem|p2a: Glimmora|Focus Sash
|-damage|p2a: Glimmora|1/100
|-activate|p2a: Glimmora|ability: Toxic Debris
|-sidestart|p1: soyothedangerous|move: Toxic Spikes
|move|p2a: Glimmora|Power Gem|p1a: Gliscor
|-damage|p1a: Gliscor|27/100 psn
|
|-heal|p1a: Gliscor|40/100 psn|[from] ability: Poison Heal
|upkeep
|turn|12
|
|t:|1758320849
|move|p1a: Gliscor|Earthquake|p2a: Glimmora
|-supereffective|p2a: Glimmora
|-damage|p2a: Glimmora|0 fnt
|-activate|p2a: Glimmora|ability: Toxic Debris
|-sidestart|p1: soyothedangerous|move: Toxic Spikes
|faint|p2a: Glimmora
|
|-heal|p1a: Gliscor|52/100 psn|[from] ability: Poison Heal
|upkeep
|
|t:|1758320859
|switch|p2a: Garchomp|Garchomp, M|100/100
|turn|13
|
|t:|1758320865
|move|p1a: Gliscor|Facade|p2a: Garchomp
|-damage|p2a: Garchomp|3/100
|-damage|p1a: Gliscor|40/100 psn|[from] ability: Rough Skin|[of] p2a: Garchomp
|move|p2a: Garchomp|Earthquake|p1a: Gliscor
|-damage|p1a: Gliscor|2/100 psn
|
|-heal|p1a: Gliscor|15/100 psn|[from] ability: Poison Heal
|upkeep
|turn|14
|
|t:|1758320876
|move|p1a: Gliscor|Earthquake|p2a: Garchomp
|-damage|p2a: Garchomp|0 fnt
|faint|p2a: Garchomp
|
|-heal|p1a: Gliscor|27/100 psn|[from] ability: Poison Heal
|upkeep
|
|t:|1758320883
|switch|p2a: Kingambit|Kingambit, M|100/100
|-activate|p2a: Kingambit|ability: Supreme Overlord
|-start|p2a: Kingambit|fallen5|[silent]
|turn|15
|
|t:|1758320892
|-terastallize|p2a: Kingambit|Ghost
|move|p1a: Gliscor|Earthquake|p2a: Kingambit
|-damage|p2a: Kingambit|53/100
|move|p2a: Kingambit|Low Kick|p1a: Gliscor
|-supereffective|p1a: Gliscor
|-damage|p1a: Gliscor|0 fnt
|faint|p1a: Gliscor
|
|upkeep
|
|t:|1758320901
|switch|p1a: Ninetales|Ninetales-Alola, F|61/100
|-damage|p1a: Ninetales|36/100|[from] Stealth Rock
|-status|p1a: Ninetales|tox
|-weather|Snowscape|[from] ability: Snow Warning|[of] p1a: Ninetales
|turn|16
|
|t:|1758320908
|move|p1a: Ninetales|Encore|p2a: Kingambit
|-start|p2a: Kingambit|Encore
|move|p2a: Kingambit|Low Kick|p1a: Ninetales
|-damage|p1a: Ninetales|17/100 tox
|
|-weather|Snowscape|[upkeep]
|-damage|p1a: Ninetales|11/100 tox|[from] psn
|upkeep
|turn|17
|
|t:|1758320916
|move|p1a: Ninetales|Aurora Veil|p1a: Ninetales
|-sidestart|p1: soyothedangerous|move: Aurora Veil
|move|p2a: Kingambit|Low Kick|p1a: Ninetales
|-damage|p1a: Ninetales|1/100 tox
|
|-weather|Snowscape|[upkeep]
|-damage|p1a: Ninetales|0 fnt|[from] psn
|faint|p1a: Ninetales
|upkeep
|
|t:|1758320920
|switch|p1a: Darkrai|Darkrai|100/100
|-damage|p1a: Darkrai|88/100|[from] Stealth Rock
|-status|p1a: Darkrai|tox
|turn|18
|
|t:|1758320930
|move|p1a: Darkrai|Dark Pulse|p2a: Kingambit
|-supereffective|p2a: Kingambit
|-damage|p2a: Kingambit|0 fnt
|faint|p2a: Kingambit
|-end|p2a: Kingambit|fallen5|[silent]
|
|win|soyothedangerous
|raw|soyothedangerous's rating: 1427 &rarr; <strong>1444</strong><br />(+17 for winning)
|raw|king bic's rating: 1369 &rarr; <strong>1352</strong><br />(-17 for losing)
|l|☆king bic
|player|p2|
|l|☆soyothedangerous
|player|p1|
