|j|☆taeraee
|j|☆pvc31
|t:|1758241897
|gametype|singles
|player|p1|taeraee|raihan-masters|1094
|player|p2|pvc31|n|1097
|gen|9
|tier|[Gen 9] OU
|rated|
|rule|HP Percentage Mod: HP is shown in percentages
|rule|Endless Battle Clause: Forcing endless battles is banned
|rule|Species Clause: Limit one of each Pokémon
|rule|OHKO Clause: OHKO moves are banned
|rule|Evasion Items Clause: Evasion items are banned
|rule|Evasion Moves Clause: Evasion moves are banned
|rule|Evasion Abilities Clause: Evasion abilities are banned
|rule|Sleep Moves Clause: Sleep-inducing moves are banned
|clearpoke
|poke|p1|Dragapult, M|
|poke|p1|Meowscarada, M|
|poke|p1|Braviary-Hisui, M|
|poke|p1|Great Tusk|
|poke|p1|Articuno-Galar|
|poke|p1|Primarina, F|
|poke|p2|Serperior, F|
|poke|p2|Hydreigon, M|
|poke|p2|Chandelure, F|
|poke|p2|Corviknight, M|
|poke|p2|Great Tusk|
|poke|p2|Milotic, M|
|teampreview
|
|t:|1758241905
|teamsize|p1|6
|teamsize|p2|6
|start
|switch|p1a: Dragapult|Dragapult, M, shiny|100/100
|switch|p2a: Milotic|Milotic, M|100/100
|turn|1
|
|t:|1758241914
|move|p1a: Dragapult|Reflect|p1a: Dragapult
|-sidestart|p1: taeraee|Reflect
|move|p2a: Milotic|Light Screen|p2a: Milotic
|-sidestart|p2: pvc31|move: Light Screen
|
|-status|p2a: Milotic|brn|[from] item: Flame Orb
|upkeep
|turn|2
|
|t:|1758241924
|move|p1a: Dragapult|Light Screen|p1a: Dragapult
|-sidestart|p1: taeraee|move: Light Screen
|move|p2a: Milotic|Scald|p1a: Dragapult
|-resisted|p1a: Dragapult
|-damage|p1a: Dragapult|93/100
|
|-damage|p2a: Milotic|94/100 brn|[from] brn
|upkeep
|turn|3
|
|t:|1758241938
|switch|p2a: Chandelure|Chandelure, F|100/100
|move|p1a: Dragapult|U-turn|p2a: Chandelure
|-resisted|p2a: Chandelure
|-damage|p2a: Chandelure|93/100
|
|t:|1758241942
|switch|p1a: Great Tusk|Great Tusk, shiny|100/100|[from] U-turn
|-enditem|p1a: Great Tusk|Booster Energy
|-activate|p1a: Great Tusk|ability: Protosynthesis|[fromitem]
|-start|p1a: Great Tusk|protosynthesisatk
|
|upkeep
|turn|4
|
|t:|1758241953
|move|p1a: Great Tusk|Stealth Rock|p2a: Chandelure
|-sidestart|p2: pvc31|move: Stealth Rock
|move|p2a: Chandelure|Will-O-Wisp|p1a: Great Tusk|[miss]
|-miss|p2a: Chandelure|p1a: Great Tusk
|
|upkeep
|turn|5
|
|t:|1758241960
|move|p1a: Great Tusk|Earthquake|p2a: Chandelure
|-supereffective|p2a: Chandelure
|-damage|p2a: Chandelure|0 fnt
|faint|p2a: Chandelure
|
|-sideend|p2: pvc31|move: Light Screen
|upkeep
|
|t:|1758241970
|switch|p2a: Great Tusk|Great Tusk|100/100
|-damage|p2a: Great Tusk|98/100|[from] Stealth Rock
|-enditem|p2a: Great Tusk|Booster Energy
|-activate|p2a: Great Tusk|ability: Protosynthesis|[fromitem]
|-start|p2a: Great Tusk|protosynthesisatk
|turn|6
|
|t:|1758241976
|move|p1a: Great Tusk|Ice Spinner|p2a: Great Tusk
|-supereffective|p2a: Great Tusk
|-damage|p2a: Great Tusk|41/100
|move|p2a: Great Tusk|Rapid Spin|p1a: Great Tusk
|-damage|p1a: Great Tusk|92/100
|-boost|p2a: Great Tusk|spe|1
|-sideend|p2: pvc31|Stealth Rock|[from] move: Rapid Spin|[of] p2a: Great Tusk
|
|upkeep
|turn|7
|
|t:|1758241989
|-end|p2a: Great Tusk|Protosynthesis|[silent]
|switch|p2a: Milotic|Milotic, M|94/100 brn
|move|p1a: Great Tusk|Ice Spinner|p2a: Milotic
|-resisted|p2a: Milotic
|-damage|p2a: Milotic|85/100 brn
|
|-damage|p2a: Milotic|79/100 brn|[from] brn
|upkeep
|turn|8
|
|t:|1758241999
|move|p1a: Great Tusk|Earthquake|p2a: Milotic
|-damage|p2a: Milotic|45/100 brn
|move|p2a: Milotic|Scald|p1a: Great Tusk
|-supereffective|p1a: Great Tusk
|-damage|p1a: Great Tusk|51/100
|
|-damage|p2a: Milotic|39/100 brn|[from] brn
|-sideend|p1: taeraee|Reflect
|upkeep
|turn|9
|
|t:|1758242012
|move|p1a: Great Tusk|Stealth Rock|p2a: Milotic
|-sidestart|p2: pvc31|move: Stealth Rock
|move|p2a: Milotic|Recover|p2a: Milotic
|-heal|p2a: Milotic|89/100 brn
|
|-damage|p2a: Milotic|82/100 brn|[from] brn
|-sideend|p1: taeraee|move: Light Screen
|upkeep
|turn|10
|
|t:|1758242034
|-end|p1a: Great Tusk|Protosynthesis|[silent]
|switch|p1a: Dragapult|Dragapult, M, shiny|93/100
|move|p2a: Milotic|Scald|p1a: Dragapult
|-resisted|p1a: Dragapult
|-damage|p1a: Dragapult|77/100
|
|-damage|p2a: Milotic|76/100 brn|[from] brn
|upkeep
|turn|11
|
|t:|1758242052
|switch|p2a: Corviknight|Corviknight, M|100/100
|-damage|p2a: Corviknight|88/100|[from] Stealth Rock
|move|p1a: Dragapult|Light Screen|p1a: Dragapult
|-sidestart|p1: taeraee|move: Light Screen
|
|upkeep
|turn|12
|
|t:|1758242063
|move|p1a: Dragapult|Thunder Wave|p2a: Corviknight|[miss]
|-miss|p1a: Dragapult|p2a: Corviknight
|move|p2a: Corviknight|Brave Bird|p1a: Dragapult
|-damage|p1a: Dragapult|37/100
|-damage|p2a: Corviknight|76/100|[from] Recoil
|
|upkeep
|turn|13
|
|t:|1758242072
|move|p1a: Dragapult|Reflect|p1a: Dragapult
|-sidestart|p1: taeraee|Reflect
|move|p2a: Corviknight|Tailwind|p2a: Corviknight
|-sidestart|p2: pvc31|move: Tailwind
|
|upkeep
|turn|14
|
|t:|1758242083
|switch|p2a: Hydreigon|Hydreigon, M, shiny|100/100
|-damage|p2a: Hydreigon|88/100|[from] Stealth Rock
|move|p1a: Dragapult|Thunder Wave|p2a: Hydreigon|[miss]
|-miss|p1a: Dragapult|p2a: Hydreigon
|
|upkeep
|turn|15
|
|t:|1758242091
|move|p2a: Hydreigon|Dark Pulse|p1a: Dragapult
|-supereffective|p1a: Dragapult
|-damage|p1a: Dragapult|0 fnt
|faint|p1a: Dragapult
|
|upkeep
|
|t:|1758242095
|switch|p1a: Great Tusk|Great Tusk, shiny|51/100
|turn|16
|
|t:|1758242104
|move|p2a: Hydreigon|Draco Meteor|p1a: Great Tusk
|-crit|p1a: Great Tusk
|-damage|p1a: Great Tusk|0 fnt
|-unboost|p2a: Hydreigon|spa|2
|faint|p1a: Great Tusk
|-end|p1a: Great Tusk|Protosynthesis|[silent]
|
|-sideend|p2: pvc31|move: Tailwind
|upkeep
|
|t:|1758242123
|switch|p1a: Everthngisrmantic|Meowscarada, M, shiny|100/100
|turn|17
|
|t:|1758242130
|switch|p2a: Corviknight|Corviknight, M|76/100
|-damage|p2a: Corviknight|63/100|[from] Stealth Rock
|move|p1a: Everthngisrmantic|U-turn|p2a: Corviknight
|-start|p1a: Everthngisrmantic|typechange|Bug|[from] ability: Protean
|-resisted|p2a: Corviknight
|-damage|p2a: Corviknight|59/100
|-damage|p1a: Everthngisrmantic|84/100|[from] item: Rocky Helmet|[of] p2a: Corviknight
|
|t:|1758242136
|switch|p1a: Braviary|Braviary-Hisui, M, shiny|100/100|[from] U-turn
|
|upkeep
|turn|18
|
|t:|1758242158
|move|p1a: Braviary|Heat Wave|p2a: Corviknight
|-supereffective|p2a: Corviknight
|-damage|p2a: Corviknight|0 fnt
|faint|p2a: Corviknight
|
|-sideend|p1: taeraee|move: Light Screen
|upkeep
|
|t:|1758242181
|switch|p2a: Great Tusk|Great Tusk|41/100
|-damage|p2a: Great Tusk|38/100|[from] Stealth Rock
|turn|19
|
|t:|1758242186
|move|p2a: Great Tusk|Rapid Spin|p1a: Braviary
|-damage|p1a: Braviary|90/100
|-boost|p2a: Great Tusk|spe|1
|-sideend|p2: pvc31|Stealth Rock|[from] move: Rapid Spin|[of] p2a: Great Tusk
|move|p1a: Braviary|Heat Wave|p2a: Great Tusk|[miss]
|-miss|p1a: Braviary|p2a: Great Tusk
|
|upkeep
|turn|20
|
|t:|1758242194
|move|p2a: Great Tusk|Rock Slide|p1a: Braviary|[miss]
|-miss|p2a: Great Tusk|p1a: Braviary
|move|p1a: Braviary|Heat Wave|p2a: Great Tusk
|-damage|p2a: Great Tusk|0 fnt
|faint|p2a: Great Tusk
|-end|p2a: Great Tusk|Protosynthesis|[silent]
|
|-sideend|p1: taeraee|Reflect
|upkeep
|
|t:|1758242213
|switch|p2a: Hydreigon|Hydreigon, M, shiny|88/100
|turn|21
|
|t:|1758242220
|move|p2a: Hydreigon|Dark Pulse|p1a: Braviary
|-supereffective|p1a: Braviary
|-damage|p1a: Braviary|0 fnt
|faint|p1a: Braviary
|
|upkeep
|
|t:|1758242224
|switch|p1a: Pink Pony Club|Primarina, F, shiny|100/100
|turn|22
|
|t:|1758242231
|-terastallize|p2a: Hydreigon|Fire
|move|p2a: Hydreigon|Flash Cannon|p1a: Pink Pony Club
|-damage|p1a: Pink Pony Club|78/100
|move|p1a: Pink Pony Club|Draining Kiss|p2a: Hydreigon
|-resisted|p2a: Hydreigon
|-damage|p2a: Hydreigon|72/100
|-heal|p1a: Pink Pony Club|89/100|[from] drain|[of] p2a: Hydreigon
|
|upkeep
|turn|23
|
|t:|1758242247
|switch|p1a: Everthngisrmantic|Meowscarada, M, shiny|84/100
|move|p2a: Hydreigon|Flash Cannon|p1a: Everthngisrmantic
|-damage|p1a: Everthngisrmantic|38/100
|
|upkeep
|turn|24
|
|t:|1758242256
|move|p1a: Everthngisrmantic|Knock Off|p2a: Hydreigon
|-start|p1a: Everthngisrmantic|typechange|Dark|[from] ability: Protean
|-damage|p2a: Hydreigon|23/100
|-enditem|p2a: Hydreigon|Assault Vest|[from] move: Knock Off|[of] p1a: Everthngisrmantic
|move|p2a: Hydreigon|Flamethrower|p1a: Everthngisrmantic
|-damage|p1a: Everthngisrmantic|0 fnt
|faint|p1a: Everthngisrmantic
|
|upkeep
|
|t:|1758242263
|switch|p1a: Pink Pony Club|Primarina, F, shiny|89/100
|turn|25
|
|t:|1758242275
|switch|p2a: Milotic|Milotic, M|76/100 brn
|move|p1a: Pink Pony Club|Sparkling Aria|p2a: Milotic
|-resisted|p2a: Milotic
|-damage|p2a: Milotic|48/100 brn
|-curestatus|p2a: Milotic|brn|[msg]
|
|-status|p2a: Milotic|brn|[from] item: Flame Orb
|upkeep
|turn|26
|
|t:|1758242289
|move|p2a: Milotic|Light Screen|p2a: Milotic
|-sidestart|p2: pvc31|move: Light Screen
|move|p1a: Pink Pony Club|Sparkling Aria|p2a: Milotic
|-resisted|p2a: Milotic
|-damage|p2a: Milotic|36/100 brn
|-curestatus|p2a: Milotic|brn|[msg]
|
|-status|p2a: Milotic|brn|[from] item: Flame Orb
|upkeep
|turn|27
|
|t:|1758242298
|move|p2a: Milotic|Recover|p2a: Milotic
|-heal|p2a: Milotic|86/100 brn
|move|p1a: Pink Pony Club|Sparkling Aria|p2a: Milotic
|-resisted|p2a: Milotic
|-damage|p2a: Milotic|73/100 brn
|-curestatus|p2a: Milotic|brn|[msg]
|
|-status|p2a: Milotic|brn|[from] item: Flame Orb
|upkeep
|turn|28
|
|t:|1758242309
|switch|p2a: Serperior|Serperior, F|100/100
|switch|p1a: Blank Space|Articuno-Galar, shiny|100/100
|
|upkeep
|turn|29
|
|t:|1758242319
|move|p2a: Serperior|Glare|p1a: Blank Space
|-status|p1a: Blank Space|par
|move|p1a: Blank Space|Air Slash|p2a: Serperior
|-supereffective|p2a: Serperior
|-damage|p2a: Serperior|52/100
|
|-heal|p2a: Serperior|58/100|[from] item: Leftovers
|upkeep
|turn|30
|
|t:|1758242332
|move|p2a: Serperior|Leaf Storm|p1a: Blank Space|[miss]
|-miss|p2a: Serperior|p1a: Blank Space
|move|p1a: Blank Space|Air Slash|p2a: Serperior
|-supereffective|p2a: Serperior
|-damage|p2a: Serperior|11/100
|
|-heal|p2a: Serperior|18/100|[from] item: Leftovers
|-sideend|p2: pvc31|move: Light Screen
|upkeep
|turn|31
|
|t:|1758242342
|switch|p2a: Milotic|Milotic, M|73/100 brn
|move|p1a: Blank Space|Air Slash|p2a: Milotic
|-damage|p2a: Milotic|46/100 brn
|
|-damage|p2a: Milotic|40/100 brn|[from] brn
|upkeep
|turn|32
|
|t:|1758242354
|move|p2a: Milotic|Recover|p2a: Milotic
|-heal|p2a: Milotic|90/100 brn
|move|p1a: Blank Space|Calm Mind|p1a: Blank Space
|-boost|p1a: Blank Space|spa|1
|-boost|p1a: Blank Space|spd|1
|
|-damage|p2a: Milotic|83/100 brn|[from] brn
|upkeep
|turn|33
|
|t:|1758242368
|move|p2a: Milotic|Scald|p1a: Blank Space
|-damage|p1a: Blank Space|80/100 par
|move|p1a: Blank Space|Calm Mind|p1a: Blank Space
|-boost|p1a: Blank Space|spa|1
|-boost|p1a: Blank Space|spd|1
|
|-damage|p2a: Milotic|77/100 brn|[from] brn
|upkeep
|turn|34
|
|t:|1758242379
|move|p2a: Milotic|Haze|p2a: Milotic
|-clearallboost
|move|p1a: Blank Space|Agility|p1a: Blank Space
|-boost|p1a: Blank Space|spe|2
|
|-damage|p2a: Milotic|71/100 brn|[from] brn
|upkeep
|turn|35
|
|t:|1758242388
|cant|p1a: Blank Space|par
|move|p2a: Milotic|Light Screen|p2a: Milotic
|-sidestart|p2: pvc31|move: Light Screen
|
|-damage|p2a: Milotic|65/100 brn|[from] brn
|upkeep
|turn|36
|
|t:|1758242401
|move|p1a: Blank Space|Calm Mind|p1a: Blank Space
|-boost|p1a: Blank Space|spa|1
|-boost|p1a: Blank Space|spd|1
|move|p2a: Milotic|Haze|p2a: Milotic
|-clearallboost
|
|-damage|p2a: Milotic|59/100 brn|[from] brn
|upkeep
|turn|37
|
|t:|1758242412
|switch|p2a: Hydreigon|Hydreigon, M, shiny, tera:Fire|23/100
|move|p1a: Blank Space|Air Slash|p2a: Hydreigon
|-damage|p2a: Hydreigon|0 fnt
|faint|p2a: Hydreigon
|
|upkeep
|
|t:|1758242423
|switch|p2a: Serperior|Serperior, F|18/100
|turn|38
|
|t:|1758242455
|move|p2a: Serperior|Leaf Storm|p1a: Blank Space
|-resisted|p1a: Blank Space
|-damage|p1a: Blank Space|54/100 par
|-boost|p2a: Serperior|spa|2
|move|p1a: Blank Space|Air Slash|p2a: Serperior
|-supereffective|p2a: Serperior
|-damage|p2a: Serperior|0 fnt
|faint|p2a: Serperior
|
|upkeep
|
|t:|1758242464
|switch|p2a: Milotic|Milotic, M|59/100 brn
|turn|39
|
|t:|1758242470
|move|p2a: Milotic|Scald|p1a: Blank Space
|-damage|p1a: Blank Space|25/100 par
|move|p1a: Blank Space|Air Slash|p2a: Milotic
|-damage|p2a: Milotic|45/100 brn
|
|-damage|p2a: Milotic|39/100 brn|[from] brn
|-sideend|p2: pvc31|move: Light Screen
|upkeep
|turn|40
|
|t:|1758242481
|move|p2a: Milotic|Scald|p1a: Blank Space
|-damage|p1a: Blank Space|0 fnt
|faint|p1a: Blank Space
|
|-damage|p2a: Milotic|33/100 brn|[from] brn
|upkeep
|
|t:|1758242483
|switch|p1a: Pink Pony Club|Primarina, F, shiny|89/100
|turn|41
|
|t:|1758242490
|move|p2a: Milotic|Recover|p2a: Milotic
|-heal|p2a: Milotic|83/100 brn
|move|p1a: Pink Pony Club|Energy Ball|p2a: Milotic
|-supereffective|p2a: Milotic
|-damage|p2a: Milotic|16/100 brn
|
|-damage|p2a: Milotic|10/100 brn|[from] brn
|upkeep
|turn|42
|
|t:|1758242500
|move|p2a: Milotic|Scald|p1a: Pink Pony Club
|-resisted|p1a: Pink Pony Club
|-damage|p1a: Pink Pony Club|78/100
|-status|p1a: Pink Pony Club|brn
|move|p1a: Pink Pony Club|Energy Ball|p2a: Milotic
|-supereffective|p2a: Milotic
|-damage|p2a: Milotic|0 fnt
|faint|p2a: Milotic
|
|win|taeraee
|raw|taeraee's rating: 1094 &rarr; <strong>1120</strong><br />(+26 for winning)
|raw|pvc31's rating: 1097 &rarr; <strong>1072</strong><br />(-25 for losing)
|c|☆taeraee|gg
|c|☆taeraee|thats was a rought battle
|l|☆pvc31
|player|p2|
