|j|☆MyXoo
|j|☆maxbennettkelly
|t:|1758314408
|gametype|singles
|player|p1|MyXoo|bea|1183
|player|p2|maxbennettkelly|2|1218
|gen|9
|tier|[Gen 9] OU
|rated|
|rule|HP Percentage Mod: HP is shown in percentages
|rule|Endless Battle Clause: Forcing endless battles is banned
|rule|Species Clause: Limit one of each Pokémon
|rule|OHKO Clause: OHKO moves are banned
|rule|Evasion Items Clause: Evasion items are banned
|rule|Evasion Moves Clause: Evasion moves are banned
|rule|Evasion Abilities Clause: Evasion abilities are banned
|rule|Sleep Moves Clause: Sleep-inducing moves are banned
|clearpoke
|poke|p1|Samurott-Hisui, M|
|poke|p1|Scizor, F|
|poke|p1|Dragapult, F|
|poke|p1|Kingambit, M|
|poke|p1|Landorus-Therian, M|
|poke|p1|Iron Valiant|
|poke|p2|Umbreon, F|
|poke|p2|Glimmora, F|
|poke|p2|Iron Moth|
|poke|p2|Gholdengo|
|poke|p2|Dragonite, F|
|poke|p2|Garchomp, F|
|teampreview
|
|t:|1758314422
|teamsize|p1|6
|teamsize|p2|6
|start
|switch|p1a: Samurott|Samurott-Hisui, M|100/100
|switch|p2a: Glimmora|Glimmora, F, shiny|100/100
|turn|1
|
|t:|1758314438
|move|p2a: Glimmora|Stealth Rock|p1a: Samurott
|-sidestart|p1: MyXoo|move: Stealth Rock
|move|p1a: Samurott|Razor Shell|p2a: Glimmora|[miss]
|-miss|p1a: Samurott|p2a: Glimmora
|
|upkeep
|turn|2
|
|t:|1758314445
|move|p2a: Glimmora|Mortal Spin|p1a: Samurott
|-damage|p1a: Samurott|92/100
|-status|p1a: Samurott|psn
|move|p1a: Samurott|Razor Shell|p2a: Glimmora
|-supereffective|p2a: Glimmora
|-enditem|p2a: Glimmora|Focus Sash
|-damage|p2a: Glimmora|1/100
|-unboost|p2a: Glimmora|def|1
|-activate|p2a: Glimmora|ability: Toxic Debris
|-sidestart|p1: MyXoo|move: Toxic Spikes
|
|-damage|p1a: Samurott|80/100 psn|[from] psn
|upkeep
|turn|3
|
|t:|1758314480
|switch|p2a: Garchomp|Garchomp, F, shiny|100/100
|move|p1a: Samurott|Ceaseless Edge|p2a: Garchomp
|-damage|p2a: Garchomp|54/100
|-damage|p1a: Samurott|67/100 psn|[from] ability: Rough Skin|[of] p2a: Garchomp
|-sidestart|p2: maxbennettkelly|Spikes
|
|-damage|p1a: Samurott|55/100 psn|[from] psn
|upkeep
|turn|4
|
|t:|1758314492
|move|p2a: Garchomp|Scale Shot|p1a: Samurott
|-damage|p1a: Samurott|37/100 psn
|-damage|p1a: Samurott|18/100 psn
|-crit|p1a: Samurott
|-damage|p1a: Samurott|0 fnt
|faint|p1a: Samurott
|-hitcount|p1: Samurott|3
|-unboost|p2a: Garchomp|def|1
|-boost|p2a: Garchomp|spe|1
|
|upkeep
|
|t:|1758314517
|switch|p1a: Dragapult|Dragapult, F|100/100
|-damage|p1a: Dragapult|88/100|[from] Stealth Rock
|-status|p1a: Dragapult|psn
|turn|5
|
|t:|1758314536
|move|p2a: Garchomp|Earthquake|p1a: Dragapult
|-damage|p1a: Dragapult|12/100 psn
|move|p1a: Dragapult|Draco Meteor|p2a: Garchomp
|-supereffective|p2a: Garchomp
|-damage|p2a: Garchomp|0 fnt
|-unboost|p1a: Dragapult|spa|2
|faint|p2a: Garchomp
|
|-damage|p1a: Dragapult|0 fnt|[from] psn
|faint|p1a: Dragapult
|upkeep
|
|t:|1758314555
|switch|p1a: Kingambit|Kingambit, M|100/100
|switch|p2a: Umbreon|Umbreon, F, shiny|100/100
|-damage|p2a: Umbreon|88/100|[from] Spikes
|-damage|p1a: Kingambit|94/100|[from] Stealth Rock
|-activate|p1a: Kingambit|ability: Supreme Overlord
|-start|p1a: Kingambit|fallen2|[silent]
|turn|6
|
|t:|1758314581
|move|p2a: Umbreon|Thunder Wave|p1a: Kingambit
|-status|p1a: Kingambit|par
|move|p1a: Kingambit|Swords Dance|p1a: Kingambit
|-boost|p1a: Kingambit|atk|2
|
|-heal|p2a: Umbreon|94/100|[from] item: Leftovers
|-heal|p1a: Kingambit|100/100 par|[from] item: Leftovers
|upkeep
|turn|7
|
|t:|1758314615
|switch|p2a: Glimmora|Glimmora, F, shiny|1/100
|-damage|p2a: Glimmora|0 fnt|[from] Spikes
|faint|p2a: Glimmora
|move|p1a: Kingambit|Swords Dance|p1a: Kingambit
|-boost|p1a: Kingambit|atk|2
|
|upkeep
|
|t:|1758314623
|switch|p2a: Gholdengo|Gholdengo, shiny|100/100
|-damage|p2a: Gholdengo|88/100|[from] Spikes
|turn|8
|
|t:|1758314628
|move|p1a: Kingambit|Sucker Punch||[still]
|-fail|p1a: Kingambit
|move|p2a: Gholdengo|Trick|p1a: Kingambit
|-activate|p2a: Gholdengo|move: Trick|[of] p1a: Kingambit
|-item|p1a: Kingambit|Choice Scarf|[from] move: Trick
|-item|p2a: Gholdengo|Leftovers|[from] move: Trick
|
|-heal|p2a: Gholdengo|94/100|[from] item: Leftovers
|upkeep
|turn|9
|
|t:|1758314645
|switch|p2a: Dragonite|Dragonite, F, shiny|100/100
|move|p1a: Kingambit|Kowtow Cleave|p2a: Dragonite
|-damage|p2a: Dragonite|0 fnt
|faint|p2a: Dragonite
|
|upkeep
|
|t:|1758314654
|switch|p2a: Iron Moth|Iron Moth, shiny|100/100
|-damage|p2a: Iron Moth|88/100|[from] Spikes
|-enditem|p2a: Iron Moth|Booster Energy
|-activate|p2a: Iron Moth|ability: Quark Drive|[fromitem]
|-start|p2a: Iron Moth|quarkdrivespe
|turn|10
|
|t:|1758314661
|move|p2a: Iron Moth|Fiery Dance|p1a: Kingambit
|-supereffective|p1a: Kingambit
|-damage|p1a: Kingambit|21/100 par
|-boost|p2a: Iron Moth|spa|1
|move|p1a: Kingambit|Kowtow Cleave|p2a: Iron Moth
|-damage|p2a: Iron Moth|0 fnt
|faint|p2a: Iron Moth
|-end|p2a: Iron Moth|Quark Drive|[silent]
|
|upkeep
|-message|maxbennettkelly forfeited.
|
|win|MyXoo
|raw|MyXoo's rating: 1183 &rarr; <strong>1211</strong><br />(+28 for winning)
|raw|maxbennettkelly's rating: 1218 &rarr; <strong>1190</strong><br />(-28 for losing)
