|j|☆Fragments
|j|☆ParlusZ
|inactive|Battle timer is ON: inactive players will automatically lose when time's up.
|t:|1758310767
|gametype|singles
|player|p1|Fragments|#fcl13snowbirds|
|player|p2|ParlusZ|lucas-gen4pt|
|gen|9
|tier|[Gen 9] OU
|rated|Tournament battle
|rule|HP Percentage Mod: HP is shown in percentages
|rule|Endless Battle Clause: Forcing endless battles is banned
|rule|Species Clause: Limit one of each Pokémon
|rule|OHKO Clause: OHKO moves are banned
|rule|Evasion Items Clause: Evasion items are banned
|rule|Evasion Moves Clause: Evasion moves are banned
|rule|Evasion Abilities Clause: Evasion abilities are banned
|rule|Sleep Moves Clause: Sleep-inducing moves are banned
|clearpoke
|poke|p1|Ninetales, M|
|poke|p1|Ceruledge, M|
|poke|p1|Venusaur, F|
|poke|p1|Hatterene, F|
|poke|p1|Great Tusk|
|poke|p1|Walking Wake|
|poke|p2|Darkrai|
|poke|p2|Greninja-*, M|
|poke|p2|Quaquaval, F|
|poke|p2|Quagsire, F|
|poke|p2|Galvantula, F|
|poke|p2|Manaphy|
|teampreview
|j|*Lady Monita ☀
|inactive|Fragments has 120 seconds left.
|j| Albrtix
|
|t:|1758310815
|teamsize|p1|6
|teamsize|p2|6
|start
|switch|p1a: Ninetales|Ninetales, M|100/100
|switch|p2a: Galvantula|Galvantula, F|100/100
|-weather|SunnyDay|[from] ability: Drought|[of] p1a: Ninetales
|turn|1
|
|t:|1758310838
|switch|p1a: Hatterene|Hatterene, F|100/100
|move|p2a: Galvantula|Sticky Web|p1a: Hatterene
|move|p1a: Hatterene|Sticky Web|p2a: Galvantula|[from] ability: Magic Bounce
|-sidestart|p2: ParlusZ|move: Sticky Web
|
|-weather|SunnyDay|[upkeep]
|upkeep
|turn|2
|
|t:|1758310850
|move|p2a: Galvantula|Thunder Wave|p1a: Hatterene
|move|p1a: Hatterene|Thunder Wave|p2a: Galvantula|[from] ability: Magic Bounce|[miss]
|-miss|p1a: Hatterene|p2a: Galvantula
|move|p1a: Hatterene|Dazzling Gleam|p2a: Galvantula
|-damage|p2a: Galvantula|35/100
|
|-weather|SunnyDay|[upkeep]
|upkeep
|turn|3
|
|t:|1758310869
|switch|p2a: Quaquaval|Quaquaval, F|100/100
|move|p1a: Hatterene|Dazzling Gleam|p2a: Quaquaval
|-supereffective|p2a: Quaquaval
|-damage|p2a: Quaquaval|0 fnt
|faint|p2a: Quaquaval
|
|-weather|SunnyDay|[upkeep]
|upkeep
|inactive|ParlusZ has 120 seconds left.
|
|t:|1758310895
|switch|p2a: Manaphy|Manaphy|100/100
|turn|4
|
|t:|1758310916
|move|p2a: Manaphy|Tail Glow|p2a: Manaphy
|-boost|p2a: Manaphy|spa|3
|move|p1a: Hatterene|Nuzzle|p2a: Manaphy
|-supereffective|p2a: Manaphy
|-crit|p2a: Manaphy
|-damage|p2a: Manaphy|89/100
|-status|p2a: Manaphy|par
|
|-weather|SunnyDay|[upkeep]
|upkeep
|turn|5
|
|t:|1758310931
|cant|p2a: Manaphy|par
|move|p1a: Hatterene|Dazzling Gleam|p2a: Manaphy
|-damage|p2a: Manaphy|53/100 par
|
|-weather|SunnyDay|[upkeep]
|upkeep
|turn|6
|
|t:|1758310939
|cant|p2a: Manaphy|par
|move|p1a: Hatterene|Dazzling Gleam|p2a: Manaphy
|-damage|p2a: Manaphy|14/100 par
|
|-weather|SunnyDay|[upkeep]
|upkeep
|turn|7
|
|t:|1758310942
|cant|p2a: Manaphy|par
|move|p1a: Hatterene|Psychic Noise|p2a: Manaphy
|-crit|p2a: Manaphy
|-damage|p2a: Manaphy|0 fnt
|faint|p2a: Manaphy
|
|-weather|SunnyDay|[upkeep]
|upkeep
|
|t:|1758310960
|switch|p2a: Quagsire|Quagsire, F|100/100
|-activate|p2a: Quagsire|move: Sticky Web
|-unboost|p2a: Quagsire|spe|1
|turn|8
|
|t:|1758310965
|move|p1a: Hatterene|Psychic Noise|p2a: Quagsire
|-damage|p2a: Quagsire|62/100
|-start|p2a: Quagsire|move: Heal Block
|move|p2a: Quagsire|Curse|p2a: Quagsire
|-unboost|p2a: Quagsire|spe|1
|-boost|p2a: Quagsire|atk|1
|-boost|p2a: Quagsire|def|1
|
|-weather|none
|upkeep
|turn|9
|
|t:|1758310973
|move|p1a: Hatterene|Dazzling Gleam|p2a: Quagsire
|-damage|p2a: Quagsire|17/100
|move|p2a: Quagsire|Earthquake|p1a: Hatterene
|-damage|p1a: Hatterene|64/100
|-enditem|p1a: Hatterene|Eject Button
|
|t:|1758310985
|switch|p1a: Ninetales|Ninetales, M|100/100
|-weather|SunnyDay|[from] ability: Drought|[of] p1a: Ninetales
|
|-weather|SunnyDay|[upkeep]
|-end|p2a: Quagsire|move: Heal Block
|upkeep
|turn|10
|-message|ParlusZ forfeited.
|
|win|Fragments
|n|☆Fragments|fragments
|n|☆ParlusZ|parlusz
|n|*Lady Monita ☀|ladymonita
|n| Albrtix|albrtix
|l|*Lady Monita ☀
|l|☆ParlusZ
|player|p2|
|l|☆Fragments
|player|p1|
