|j|☆sekaisenpai
|j|☆santiaegon
|t:|1758288882
|gametype|singles
|player|p1|sekaisenpai|gentleman-gen4|1186
|player|p2|santiaegon|volo|1128
|gen|9
|tier|[Gen 9] OU
|rated|
|rule|HP Percentage Mod: HP is shown in percentages
|rule|Endless Battle Clause: Forcing endless battles is banned
|rule|Species Clause: Limit one of each Pokémon
|rule|OHKO Clause: OHKO moves are banned
|rule|Evasion Items Clause: Evasion items are banned
|rule|Evasion Moves Clause: Evasion moves are banned
|rule|Evasion Abilities Clause: Evasion abilities are banned
|rule|Sleep Moves Clause: Sleep-inducing moves are banned
|clearpoke
|poke|p1|Sinistcha-Masterpiece|
|poke|p1|Sylveon, F|
|poke|p1|Krookodile, M|
|poke|p1|Arcanine-Hisui, M|
|poke|p1|Greninja-*, F|
|poke|p1|Maushold-Four|
|poke|p2|Enamorus, F|
|poke|p2|Iron Moth|
|poke|p2|Araquanid, M|
|poke|p2|Garganacl, F|
|poke|p2|Dragapult, M|
|poke|p2|Corviknight, M|
|teampreview
|
|t:|1758288900
|teamsize|p1|6
|teamsize|p2|6
|start
|switch|p1a: Krookodile|Krookodile, M|100/100
|switch|p2a: Iron Moth|Iron Moth|100/100
|-ability|p1a: Krookodile|Intimidate|boost
|-unboost|p2a: Iron Moth|atk|1
|-enditem|p2a: Iron Moth|Booster Energy
|-activate|p2a: Iron Moth|ability: Quark Drive|[fromitem]
|-start|p2a: Iron Moth|quarkdrivespe
|turn|1
|
|t:|1758288912
|-terastallize|p2a: Iron Moth|Fairy
|move|p2a: Iron Moth|Dazzling Gleam|p1a: Krookodile
|-supereffective|p1a: Krookodile
|-damage|p1a: Krookodile|9/100
|move|p1a: Krookodile|Knock Off|p2a: Iron Moth
|-resisted|p2a: Iron Moth
|-damage|p2a: Iron Moth|71/100
|-damage|p1a: Krookodile|0 fnt|[from] item: Life Orb
|faint|p1a: Krookodile
|
|upkeep
|
|t:|1758288931
|switch|p1a: Sylveon|Sylveon, F|100/100
|turn|2
|
|t:|1758288937
|move|p2a: Iron Moth|Sludge Wave|p1a: Sylveon
|-supereffective|p1a: Sylveon
|-damage|p1a: Sylveon|30/100
|move|p1a: Sylveon|Hyper Voice|p2a: Iron Moth
|-damage|p2a: Iron Moth|12/100
|
|-heal|p1a: Sylveon|36/100|[from] item: Leftovers
|upkeep
|turn|3
|
|t:|1758288956
|move|p2a: Iron Moth|Sludge Wave|p1a: Sylveon
|-supereffective|p1a: Sylveon
|-damage|p1a: Sylveon|0 fnt
|faint|p1a: Sylveon
|
|upkeep
|
|t:|1758288977
|switch|p1a: Maushold|Maushold-Four|100/100
|turn|4
|
|t:|1758288982
|move|p2a: Iron Moth|Dazzling Gleam|p1a: Maushold
|-damage|p1a: Maushold|36/100
|move|p1a: Maushold|Tidy Up|p1a: Maushold
|-boost|p1a: Maushold|atk|1
|-boost|p1a: Maushold|spe|1
|
|upkeep
|turn|5
|
|t:|1758288992
|move|p1a: Maushold|Bite|p2a: Iron Moth
|-resisted|p2a: Iron Moth
|-damage|p2a: Iron Moth|0 fnt
|faint|p2a: Iron Moth
|-end|p2a: Iron Moth|Quark Drive|[silent]
|
|upkeep
|
|t:|1758289003
|switch|p2a: Corviknight|Corviknight, M|100/100
|-ability|p2a: Corviknight|Pressure
|turn|6
|
|t:|1758289012
|move|p1a: Maushold|Bite|p2a: Corviknight
|-damage|p2a: Corviknight|80/100
|-damage|p1a: Maushold|19/100|[from] item: Rocky Helmet|[of] p2a: Corviknight
|move|p2a: Corviknight|Iron Defense|p2a: Corviknight
|-boost|p2a: Corviknight|def|2
|
|upkeep
|turn|7
|
|t:|1758289021
|move|p1a: Maushold|Encore|p2a: Corviknight
|-start|p2a: Corviknight|Encore
|move|p2a: Corviknight|Iron Defense|p2a: Corviknight
|-boost|p2a: Corviknight|def|2
|
|upkeep
|turn|8
|
|t:|1758289032
|switch|p1a: Greninja|Greninja, F|100/100
|switch|p2a: Garganacl|Garganacl, F|100/100
|
|upkeep
|turn|9
|
|t:|1758289045
|switch|p2a: Corviknight|Corviknight, M|80/100
|-ability|p2a: Corviknight|Pressure
|move|p1a: Greninja|Ice Beam|p2a: Corviknight
|-start|p1a: Greninja|typechange|Ice|[from] ability: Protean
|-damage|p2a: Corviknight|17/100
|
|upkeep
|turn|10
|
|t:|1758289055
|move|p1a: Greninja|Ice Beam|p2a: Corviknight
|-damage|p2a: Corviknight|0 fnt
|faint|p2a: Corviknight
|
|upkeep
|
|t:|1758289064
|switch|p2a: Garganacl|Garganacl, F|100/100
|turn|11
|
|t:|1758289068
|switch|p1a: Maushold|Maushold-Four|19/100
|move|p2a: Garganacl|Salt Cure|p1a: Maushold
|-damage|p1a: Maushold|0 fnt
|faint|p1a: Maushold
|
|upkeep
|
|t:|1758289075
|switch|p1a: Sinistcha|Sinistcha-Masterpiece|100/100
|turn|12
|
|t:|1758289081
|move|p1a: Sinistcha|Matcha Gotcha|p2a: Garganacl
|-supereffective|p2a: Garganacl
|-damage|p2a: Garganacl|43/100
|move|p2a: Garganacl|Salt Cure|p1a: Sinistcha
|-damage|p1a: Sinistcha|87/100
|-start|p1a: Sinistcha|Salt Cure
|
|-heal|p2a: Garganacl|49/100|[from] item: Leftovers
|-damage|p1a: Sinistcha|75/100|[from] Salt Cure
|upkeep
|turn|13
|
|t:|1758289090
|switch|p2a: Dragapult|Dragapult, M|100/100
|move|p1a: Sinistcha|Matcha Gotcha|p2a: Dragapult
|-resisted|p2a: Dragapult
|-damage|p2a: Dragapult|69/100
|-heal|p1a: Sinistcha|90/100|[from] drain|[of] p2a: Dragapult
|
|-damage|p1a: Sinistcha|77/100|[from] Salt Cure
|upkeep
|turn|14
|
|t:|1758289101
|switch|p1a: Greninja|Greninja, F|100/100
|move|p2a: Dragapult|U-turn|p1a: Greninja
|-supereffective|p1a: Greninja
|-damage|p1a: Greninja|0 fnt
|faint|p1a: Greninja
|
|t:|1758289108
|switch|p2a: Enamorus|Enamorus, F|100/100|[from] U-turn
|
|upkeep
|
|t:|1758289112
|switch|p1a: Arcanine|Arcanine-Hisui, M|100/100
|turn|15
|
|t:|1758289128
|move|p1a: Arcanine|Extreme Speed|p2a: Enamorus
|-damage|p2a: Enamorus|43/100
|-start|p1a: Arcanine|Attract|[from] ability: Cute Charm|[of] p2a: Enamorus
|move|p2a: Enamorus|Earth Power|p1a: Arcanine
|-supereffective|p1a: Arcanine
|-damage|p1a: Arcanine|0 fnt
|faint|p1a: Arcanine
|
|upkeep
|
|t:|1758289137
|switch|p1a: Sinistcha|Sinistcha-Masterpiece|77/100
|turn|16
|-message|sekaisenpai forfeited.
|
|win|santiaegon
|raw|sekaisenpai's rating: 1186 &rarr; <strong>1157</strong><br />(-29 for losing)
|raw|santiaegon's rating: 1128 &rarr; <strong>1157</strong><br />(+29 for winning)
|l|☆sekaisenpai
|player|p1|
|l|☆santiaegon
|player|p2|
