|j|☆ShutMario23
|j|‽WEATHER KAMII YK
|t:|1758344436
|gametype|singles
|player|p1|ShutMario23|101|1248
|player|p2|WEATHER KAMII YK|265|1229
|gen|9
|tier|[Gen 9] OU
|rated|
|rule|HP Percentage Mod: HP is shown in percentages
|rule|Endless Battle Clause: Forcing endless battles is banned
|rule|Species Clause: Limit one of each Pokémon
|rule|OHKO Clause: OHKO moves are banned
|rule|Evasion Items Clause: Evasion items are banned
|rule|Evasion Moves Clause: Evasion moves are banned
|rule|Evasion Abilities Clause: Evasion abilities are banned
|rule|Sleep Moves Clause: Sleep-inducing moves are banned
|clearpoke
|poke|p1|Ting-Lu|
|poke|p1|Comfey, M|
|poke|p1|Gholdengo|
|poke|p1|Glimmora, F|
|poke|p1|Alomomola, F|
|poke|p1|Meowscarada, M|
|poke|p2|Torkoal, F|
|poke|p2|Lilligant-Hisui, F|
|poke|p2|Dragalge, M|
|poke|p2|Corviknight, M|
|poke|p2|Venusaur, M|
|poke|p2|Jirachi|
|teampreview
|j| PrincessGardevoir
|inactive|Battle timer is ON: inactive players will automatically lose when time's up. (requested by WEATHER KAMII YK)
|
|t:|1758344456
|teamsize|p1|6
|teamsize|p2|6
|start
|switch|p1a: Meowscarada|Meowscarada, M, shiny|100/100
|switch|p2a: Torkoal|Torkoal, F|100/100
|-weather|SunnyDay|[from] ability: Drought|[of] p2a: Torkoal
|turn|1
|
|t:|1758344473
|switch|p2a: Corviknight|Corviknight, M|100/100
|-ability|p2a: Corviknight|Pressure
|move|p1a: Meowscarada|Knock Off|p2a: Corviknight
|-start|p1a: Meowscarada|typechange|Dark|[from] ability: Protean
|-damage|p2a: Corviknight|73/100
|-damage|p1a: Meowscarada|84/100|[from] item: Rocky Helmet|[of] p2a: Corviknight
|-enditem|p2a: Corviknight|Rocky Helmet|[from] move: Knock Off|[of] p1a: Meowscarada
|
|-weather|SunnyDay|[upkeep]
|upkeep
|turn|2
|
|t:|1758344488
|move|p1a: Meowscarada|U-turn|p2a: Corviknight
|-resisted|p2a: Corviknight
|-damage|p2a: Corviknight|70/100
|
|t:|1758344491
|switch|p1a: Glimmora|Glimmora, F, shiny|100/100|[from] U-turn
|move|p2a: Corviknight|U-turn|p1a: Glimmora
|-resisted|p1a: Glimmora
|-damage|p1a: Glimmora|93/100
|
|t:|1758344516
|switch|p2a: Venusaur|Venusaur, M|100/100|[from] U-turn
|
|-weather|SunnyDay|[upkeep]
|upkeep
|turn|3
|
|t:|1758344529
|move|p2a: Venusaur|Earth Power|p1a: Glimmora
|-supereffective|p1a: Glimmora
|-damage|p1a: Glimmora|0 fnt
|faint|p1a: Glimmora
|
|-weather|SunnyDay|[upkeep]
|upkeep
|
|t:|1758344542
|switch|p1a: Gholdengo|Gholdengo, shiny|100/100
|-item|p1a: Gholdengo|Air Balloon
|turn|4
|
|t:|1758344546
|move|p2a: Venusaur|Weather Ball|p1a: Gholdengo
|-supereffective|p1a: Gholdengo
|-damage|p1a: Gholdengo|0 fnt
|-enditem|p1a: Gholdengo|Air Balloon
|faint|p1a: Gholdengo
|
|-weather|SunnyDay|[upkeep]
|upkeep
|
|t:|1758344557
|switch|p1a: Ting-Lu|Ting-Lu|100/100
|-ability|p1a: Ting-Lu|Vessel of Ruin
|turn|5
|
|t:|1758344561
|-terastallize|p1a: Ting-Lu|Poison
|move|p2a: Venusaur|Solar Beam||[still]
|-prepare|p2a: Venusaur|Solar Beam
|-anim|p2a: Venusaur|Solar Beam|p1a: Ting-Lu
|-resisted|p1a: Ting-Lu
|-damage|p1a: Ting-Lu|83/100
|move|p1a: Ting-Lu|Earthquake|p2a: Venusaur
|-damage|p2a: Venusaur|53/100
|
|-weather|SunnyDay|[upkeep]
|-heal|p1a: Ting-Lu|89/100|[from] item: Leftovers
|upkeep
|turn|6
|
|t:|1758344571
|move|p2a: Venusaur|Earth Power|p1a: Ting-Lu
|-supereffective|p1a: Ting-Lu
|-crit|p1a: Ting-Lu
|-damage|p1a: Ting-Lu|32/100
|move|p1a: Ting-Lu|Earthquake|p2a: Venusaur
|-damage|p2a: Venusaur|7/100
|
|-weather|SunnyDay|[upkeep]
|-heal|p1a: Ting-Lu|38/100|[from] item: Leftovers
|upkeep
|turn|7
|
|t:|1758344581
|switch|p1a: Meowscarada|Meowscarada, M, shiny|84/100
|move|p2a: Venusaur|Earth Power|p1a: Meowscarada
|-resisted|p1a: Meowscarada
|-damage|p1a: Meowscarada|60/100
|
|-weather|SunnyDay|[upkeep]
|upkeep
|turn|8
|
|t:|1758344598
|switch|p1a: Comfey|Comfey, M, shiny|100/100
|move|p2a: Venusaur|Sludge Bomb|p1a: Comfey
|-supereffective|p1a: Comfey
|-damage|p1a: Comfey|29/100
|
|-weather|none
|-heal|p1a: Comfey|35/100|[from] item: Leftovers
|upkeep
|turn|9
|
|t:|1758344611
|move|p1a: Comfey|Draining Kiss|p2a: Venusaur
|-resisted|p2a: Venusaur
|-damage|p2a: Venusaur|0 fnt
|-heal|p1a: Comfey|41/100|[from] drain|[of] p2a: Venusaur
|faint|p2a: Venusaur
|
|-heal|p1a: Comfey|47/100|[from] item: Leftovers
|upkeep
|
|t:|1758344614
|switch|p2a: Torkoal|Torkoal, F|100/100
|-weather|SunnyDay|[from] ability: Drought|[of] p2a: Torkoal
|turn|10
|
|t:|1758344624
|switch|p2a: Dragalge|Dragalge, M|100/100
|move|p1a: Comfey|Leech Seed|p2a: Dragalge
|-start|p2a: Dragalge|move: Leech Seed
|
|-weather|SunnyDay|[upkeep]
|-heal|p1a: Comfey|53/100|[from] item: Leftovers
|-damage|p2a: Dragalge|88/100|[from] Leech Seed|[of] p1a: Comfey
|-heal|p1a: Comfey|67/100|[silent]
|upkeep
|turn|11
|
|t:|1758344634
|switch|p1a: Alomomola|Alomomola, F, shiny|100/100
|move|p2a: Dragalge|Sludge Bomb|p1a: Alomomola
|-crit|p1a: Alomomola
|-damage|p1a: Alomomola|58/100
|
|-weather|SunnyDay|[upkeep]
|-heal|p1a: Alomomola|64/100|[from] item: Leftovers
|-damage|p2a: Dragalge|76/100|[from] Leech Seed|[of] p1a: Alomomola
|-heal|p1a: Alomomola|72/100|[silent]
|upkeep
|turn|12
|
|t:|1758344644
|switch|p2a: Corviknight|Corviknight, M|70/100
|-ability|p2a: Corviknight|Pressure
|move|p1a: Alomomola|Wish|p1a: Alomomola
|
|-weather|SunnyDay|[upkeep]
|-heal|p1a: Alomomola|78/100|[from] item: Leftovers
|upkeep
|turn|13
|
|t:|1758344651
|move|p2a: Corviknight|U-turn|p1a: Alomomola
|-damage|p1a: Alomomola|67/100
|
|t:|1758344656
|switch|p2a: Lilligant|Lilligant-Hisui, F|100/100|[from] U-turn
|move|p1a: Alomomola|Flip Turn|p2a: Lilligant
|-resisted|p2a: Lilligant
|-damage|p2a: Lilligant|94/100
|
|t:|1758344662
|switch|p1a: Ting-Lu|Ting-Lu, tera:Poison|38/100|[from] Flip Turn
|-ability|p1a: Ting-Lu|Vessel of Ruin
|
|-weather|SunnyDay|[upkeep]
|-heal|p1a: Ting-Lu|90/100|[from] move: Wish|[wisher] Alomomola
|-heal|p1a: Ting-Lu|96/100|[from] item: Leftovers
|upkeep
|turn|14
|
|t:|1758344673
|-terastallize|p2a: Lilligant|Ground
|move|p2a: Lilligant|Tera Blast|p1a: Ting-Lu|[anim] Tera Blast Ground
|-supereffective|p1a: Ting-Lu
|-damage|p1a: Ting-Lu|53/100
|-damage|p2a: Lilligant|84/100|[from] item: Life Orb
|move|p1a: Ting-Lu|Stealth Rock|p2a: Lilligant
|-sidestart|p2: WEATHER KAMII YK|move: Stealth Rock
|
|-weather|SunnyDay|[upkeep]
|-heal|p1a: Ting-Lu|60/100|[from] item: Leftovers
|upkeep
|turn|15
|
|t:|1758344683
|switch|p1a: Alomomola|Alomomola, F, shiny|99/100
|move|p2a: Lilligant|Tera Blast|p1a: Alomomola|[anim] Tera Blast Ground
|-damage|p1a: Alomomola|61/100
|-damage|p2a: Lilligant|74/100|[from] item: Life Orb
|
|-weather|SunnyDay|[upkeep]
|-heal|p1a: Alomomola|68/100|[from] item: Leftovers
|upkeep
|turn|16
|
|t:|1758344693
|move|p1a: Alomomola|Protect|p1a: Alomomola
|-singleturn|p1a: Alomomola|Protect
|move|p2a: Lilligant|Solar Blade||[still]
|-prepare|p2a: Lilligant|Solar Blade
|-anim|p2a: Lilligant|Solar Blade|p1a: Alomomola
|-activate|p1a: Alomomola|move: Protect
|
|-weather|SunnyDay|[upkeep]
|-heal|p1a: Alomomola|74/100|[from] item: Leftovers
|upkeep
|turn|17
|
|t:|1758344701
|move|p1a: Alomomola|Aqua Jet|p2a: Lilligant
|-supereffective|p2a: Lilligant
|-damage|p2a: Lilligant|55/100
|move|p2a: Lilligant|Tera Blast|p1a: Alomomola|[anim] Tera Blast Ground
|-damage|p1a: Alomomola|36/100
|-damage|p2a: Lilligant|45/100|[from] item: Life Orb
|
|-weather|none
|-heal|p1a: Alomomola|42/100|[from] item: Leftovers
|upkeep
|turn|18
|
|t:|1758344717
|move|p2a: Lilligant|Close Combat|p1a: Alomomola
|-damage|p1a: Alomomola|0 fnt
|-unboost|p2a: Lilligant|def|1
|-unboost|p2a: Lilligant|spd|1
|faint|p1a: Alomomola
|-damage|p2a: Lilligant|35/100|[from] item: Life Orb
|
|upkeep
|l| PrincessGardevoir
|
|t:|1758344724
|switch|p1a: Meowscarada|Meowscarada, M, shiny|60/100
|turn|19
|inactive|WEATHER KAMII YK has 120 seconds left.
|inactive|WEATHER KAMII YK has 90 seconds left.
|
|t:|1758344805
|switch|p2a: Torkoal|Torkoal, F|100/100
|-damage|p2a: Torkoal|75/100|[from] Stealth Rock
|-weather|SunnyDay|[from] ability: Drought|[of] p2a: Torkoal
|move|p1a: Meowscarada|Knock Off|p2a: Torkoal
|-start|p1a: Meowscarada|typechange|Dark|[from] ability: Protean
|-damage|p2a: Torkoal|48/100
|-enditem|p2a: Torkoal|Heat Rock|[from] move: Knock Off|[of] p1a: Meowscarada
|
|-weather|SunnyDay|[upkeep]
|upkeep
|turn|20
|
|t:|1758344818
|move|p1a: Meowscarada|U-turn|p2a: Torkoal
|-resisted|p2a: Torkoal
|-damage|p2a: Torkoal|42/100
|
|t:|1758344822
|switch|p1a: Comfey|Comfey, M, shiny|67/100|[from] U-turn
|move|p2a: Torkoal|Rapid Spin|p1a: Comfey
|-damage|p1a: Comfey|54/100
|-boost|p2a: Torkoal|spe|1
|-sideend|p2: WEATHER KAMII YK|Stealth Rock|[from] move: Rapid Spin|[of] p2a: Torkoal
|
|-weather|SunnyDay|[upkeep]
|-heal|p1a: Comfey|60/100|[from] item: Leftovers
|upkeep
|turn|21
|inactive|WEATHER KAMII YK has 90 seconds left.
|
|t:|1758344831
|move|p1a: Comfey|Leech Seed|p2a: Torkoal
|-start|p2a: Torkoal|move: Leech Seed
|move|p2a: Torkoal|Lava Plume|p1a: Comfey
|-damage|p1a: Comfey|34/100
|-status|p1a: Comfey|brn
|
|-weather|SunnyDay|[upkeep]
|-heal|p1a: Comfey|41/100 brn|[from] item: Leftovers
|-damage|p2a: Torkoal|29/100|[from] Leech Seed|[of] p1a: Comfey
|-heal|p1a: Comfey|55/100 brn|[silent]
|-damage|p1a: Comfey|49/100 brn|[from] brn
|upkeep
|turn|22
|
|t:|1758344842
|switch|p2a: Dragalge|Dragalge, M|76/100
|move|p1a: Comfey|Synthesis|p1a: Comfey
|-heal|p1a: Comfey|100/100 brn
|
|-weather|SunnyDay|[upkeep]
|-damage|p1a: Comfey|94/100 brn|[from] brn
|upkeep
|turn|23
|
|t:|1758344854
|switch|p1a: Ting-Lu|Ting-Lu, tera:Poison|60/100
|-ability|p1a: Ting-Lu|Vessel of Ruin
|move|p2a: Dragalge|Acid Spray|p1a: Ting-Lu
|-resisted|p1a: Ting-Lu
|-damage|p1a: Ting-Lu|54/100
|-unboost|p1a: Ting-Lu|spd|2
|
|-weather|SunnyDay|[upkeep]
|-heal|p1a: Ting-Lu|61/100|[from] item: Leftovers
|upkeep
|turn|24
|
|t:|1758344864
|switch|p2a: Corviknight|Corviknight, M|70/100
|-ability|p2a: Corviknight|Pressure
|move|p1a: Ting-Lu|Earthquake|p2a: Corviknight
|-immune|p2a: Corviknight
|
|-weather|SunnyDay|[upkeep]
|-heal|p1a: Ting-Lu|67/100|[from] item: Leftovers
|upkeep
|turn|25
|
|t:|1758344877
|move|p2a: Corviknight|U-turn|p1a: Ting-Lu
|-resisted|p1a: Ting-Lu
|-damage|p1a: Ting-Lu|64/100
|
|t:|1758344887
|switch|p2a: Lilligant|Lilligant-Hisui, F, tera:Ground|35/100|[from] U-turn
|move|p1a: Ting-Lu|Rock Tomb|p2a: Lilligant
|-resisted|p2a: Lilligant
|-damage|p2a: Lilligant|23/100
|-unboost|p2a: Lilligant|spe|1
|
|-weather|SunnyDay|[upkeep]
|-heal|p1a: Ting-Lu|70/100|[from] item: Leftovers
|upkeep
|turn|26
|
|t:|1758344899
|switch|p1a: Comfey|Comfey, M, shiny|94/100 brn
|move|p2a: Lilligant|Tera Blast|p1a: Comfey|[anim] Tera Blast Ground
|-damage|p1a: Comfey|35/100 brn
|-damage|p2a: Lilligant|13/100|[from] item: Life Orb
|
|-weather|none
|-heal|p1a: Comfey|41/100 brn|[from] item: Leftovers
|-damage|p1a: Comfey|35/100 brn|[from] brn
|upkeep
|turn|27
|inactive|WEATHER KAMII YK has 120 seconds left.
|
|t:|1758344909
|switch|p2a: Dragalge|Dragalge, M|76/100
|move|p1a: Comfey|Draining Kiss|p2a: Dragalge
|-damage|p2a: Dragalge|69/100
|-heal|p1a: Comfey|41/100 brn|[from] drain|[of] p2a: Dragalge
|
|-heal|p1a: Comfey|47/100 brn|[from] item: Leftovers
|-damage|p1a: Comfey|41/100 brn|[from] brn
|upkeep
|turn|28
|
|t:|1758344918
|switch|p1a: Ting-Lu|Ting-Lu, tera:Poison|70/100
|-ability|p1a: Ting-Lu|Vessel of Ruin
|move|p2a: Dragalge|Dragon Pulse|p1a: Ting-Lu
|-damage|p1a: Ting-Lu|48/100
|
|-heal|p1a: Ting-Lu|54/100|[from] item: Leftovers
|upkeep
|turn|29
|
|t:|1758344932
|move|p1a: Ting-Lu|Stealth Rock|p2a: Dragalge
|-sidestart|p2: WEATHER KAMII YK|move: Stealth Rock
|move|p2a: Dragalge|Flip Turn|p1a: Ting-Lu
|-damage|p1a: Ting-Lu|50/100
|
|t:|1758344939
|switch|p2a: Lilligant|Lilligant-Hisui, F, tera:Ground|13/100|[from] Flip Turn
|-damage|p2a: Lilligant|7/100|[from] Stealth Rock
|
|-heal|p1a: Ting-Lu|56/100|[from] item: Leftovers
|upkeep
|turn|30
|
|t:|1758344945
|switch|p1a: Comfey|Comfey, M, shiny|41/100 brn
|move|p2a: Lilligant|Tera Blast|p1a: Comfey|[anim] Tera Blast Ground
|-damage|p1a: Comfey|0 fnt
|faint|p1a: Comfey
|-damage|p2a: Lilligant|0 fnt|[from] item: Life Orb
|faint|p2a: Lilligant
|
|upkeep
|
|t:|1758344955
|switch|p2a: Jirachi|Jirachi|100/100
|switch|p1a: Meowscarada|Meowscarada, M, shiny|60/100
|-damage|p2a: Jirachi|94/100|[from] Stealth Rock
|-item|p2a: Jirachi|Air Balloon
|turn|31
|
|t:|1758344974
|switch|p2a: Corviknight|Corviknight, M|70/100
|-damage|p2a: Corviknight|57/100|[from] Stealth Rock
|-ability|p2a: Corviknight|Pressure
|move|p1a: Meowscarada|Knock Off|p2a: Corviknight
|-start|p1a: Meowscarada|typechange|Dark|[from] ability: Protean
|-damage|p2a: Corviknight|41/100
|
|upkeep
|turn|32
|
|t:|1758344999
|move|p1a: Meowscarada|U-turn|p2a: Corviknight
|-resisted|p2a: Corviknight
|-damage|p2a: Corviknight|37/100
|
|t:|1758345002
|switch|p1a: Ting-Lu|Ting-Lu, tera:Poison|56/100|[from] U-turn
|-ability|p1a: Ting-Lu|Vessel of Ruin
|move|p2a: Corviknight|Roost|p2a: Corviknight
|-heal|p2a: Corviknight|87/100
|-singleturn|p2a: Corviknight|move: Roost
|
|-heal|p1a: Ting-Lu|63/100|[from] item: Leftovers
|upkeep
|turn|33
|
|t:|1758345014
|move|p2a: Corviknight|Defog|p1a: Ting-Lu
|-unboost|p1a: Ting-Lu|evasion|1
|-sideend|p2: WEATHER KAMII YK|Stealth Rock|[from] move: Defog|[of] p2a: Corviknight
|move|p1a: Ting-Lu|Whirlwind|p2a: Corviknight
|drag|p2a: Torkoal|Torkoal, F|29/100
|-weather|SunnyDay|[from] ability: Drought|[of] p2a: Torkoal
|
|-weather|SunnyDay|[upkeep]
|-heal|p1a: Ting-Lu|69/100|[from] item: Leftovers
|upkeep
|turn|34
|
|t:|1758345024
|switch|p2a: Jirachi|Jirachi|94/100
|-item|p2a: Jirachi|Air Balloon
|move|p1a: Ting-Lu|Rock Tomb|p2a: Jirachi
|-resisted|p2a: Jirachi
|-damage|p2a: Jirachi|88/100
|-unboost|p2a: Jirachi|spe|1
|-enditem|p2a: Jirachi|Air Balloon
|
|-weather|SunnyDay|[upkeep]
|-heal|p1a: Ting-Lu|75/100|[from] item: Leftovers
|upkeep
|turn|35
|
|t:|1758345034
|move|p2a: Jirachi|Thunder Wave|p1a: Ting-Lu
|-status|p1a: Ting-Lu|par
|move|p1a: Ting-Lu|Earthquake|p2a: Jirachi
|-supereffective|p2a: Jirachi
|-damage|p2a: Jirachi|24/100
|
|-weather|SunnyDay|[upkeep]
|-heal|p1a: Ting-Lu|81/100 par|[from] item: Leftovers
|upkeep
|turn|36
|
|t:|1758345042
|move|p2a: Jirachi|Iron Head|p1a: Ting-Lu
|-damage|p1a: Ting-Lu|70/100 par
|move|p1a: Ting-Lu|Earthquake|p2a: Jirachi
|-supereffective|p2a: Jirachi
|-damage|p2a: Jirachi|0 fnt
|faint|p2a: Jirachi
|
|-weather|SunnyDay|[upkeep]
|-heal|p1a: Ting-Lu|76/100 par|[from] item: Leftovers
|upkeep
|
|t:|1758345050
|switch|p2a: Torkoal|Torkoal, F|29/100
|turn|37
|
|t:|1758345071
|move|p2a: Torkoal|Lava Plume|p1a: Ting-Lu
|-damage|p1a: Ting-Lu|52/100 par
|move|p1a: Ting-Lu|Rock Tomb|p2a: Torkoal
|-supereffective|p2a: Torkoal
|-damage|p2a: Torkoal|11/100
|-unboost|p2a: Torkoal|spe|1
|
|-weather|none
|-heal|p1a: Ting-Lu|59/100 par|[from] item: Leftovers
|upkeep
|turn|38
|
|t:|1758345084
|cant|p1a: Ting-Lu|par
|move|p2a: Torkoal|Lava Plume|p1a: Ting-Lu
|-damage|p1a: Ting-Lu|44/100 par
|
|-heal|p1a: Ting-Lu|50/100 par|[from] item: Leftovers
|upkeep
|turn|39
|
|t:|1758345091
|move|p1a: Ting-Lu|Rock Tomb|p2a: Torkoal
|-supereffective|p2a: Torkoal
|-damage|p2a: Torkoal|0 fnt
|faint|p2a: Torkoal
|
|-heal|p1a: Ting-Lu|57/100 par|[from] item: Leftovers
|upkeep
|
|t:|1758345094
|switch|p2a: Dragalge|Dragalge, M|69/100
|turn|40
|
|t:|1758345103
|move|p2a: Dragalge|Acid Spray|p1a: Ting-Lu
|-resisted|p1a: Ting-Lu
|-damage|p1a: Ting-Lu|51/100 par
|-unboost|p1a: Ting-Lu|spd|2
|move|p1a: Ting-Lu|Earthquake|p2a: Dragalge
|-supereffective|p2a: Dragalge
|-damage|p2a: Dragalge|0 fnt
|faint|p2a: Dragalge
|
|-heal|p1a: Ting-Lu|57/100 par|[from] item: Leftovers
|upkeep
|
|t:|1758345107
|switch|p2a: Corviknight|Corviknight, M|87/100
|-ability|p2a: Corviknight|Pressure
|turn|41
|
|t:|1758345116
|move|p2a: Corviknight|Body Press|p1a: Ting-Lu
|-resisted|p1a: Ting-Lu
|-damage|p1a: Ting-Lu|52/100 par
|cant|p1a: Ting-Lu|par
|
|-heal|p1a: Ting-Lu|58/100 par|[from] item: Leftovers
|upkeep
|turn|42
|
|t:|1758345122
|move|p2a: Corviknight|Body Press|p1a: Ting-Lu
|-resisted|p1a: Ting-Lu
|-damage|p1a: Ting-Lu|53/100 par
|cant|p1a: Ting-Lu|par
|
|-heal|p1a: Ting-Lu|59/100 par|[from] item: Leftovers
|upkeep
|turn|43
|
|t:|1758345139
|move|p2a: Corviknight|U-turn|p1a: Ting-Lu
|-resisted|p1a: Ting-Lu
|-damage|p1a: Ting-Lu|56/100 par
|move|p1a: Ting-Lu|Rock Tomb|p2a: Corviknight
|-damage|p2a: Corviknight|78/100
|-unboost|p2a: Corviknight|spe|1
|
|-heal|p1a: Ting-Lu|62/100 par|[from] item: Leftovers
|upkeep
|turn|44
|
|t:|1758345149
|move|p2a: Corviknight|U-turn|p1a: Ting-Lu
|-resisted|p1a: Ting-Lu
|-damage|p1a: Ting-Lu|60/100 par
|cant|p1a: Ting-Lu|par
|
|-heal|p1a: Ting-Lu|66/100 par|[from] item: Leftovers
|upkeep
|turn|45
|
|t:|1758345162
|move|p2a: Corviknight|U-turn|p1a: Ting-Lu
|-resisted|p1a: Ting-Lu
|-crit|p1a: Ting-Lu
|-damage|p1a: Ting-Lu|61/100 par
|move|p1a: Ting-Lu|Rock Tomb|p2a: Corviknight|[miss]
|-miss|p1a: Ting-Lu|p2a: Corviknight
|
|-heal|p1a: Ting-Lu|67/100 par|[from] item: Leftovers
|upkeep
|turn|46
|
|t:|1758345170
|move|p2a: Corviknight|U-turn|p1a: Ting-Lu
|-resisted|p1a: Ting-Lu
|-damage|p1a: Ting-Lu|64/100 par
|cant|p1a: Ting-Lu|par
|
|-heal|p1a: Ting-Lu|70/100 par|[from] item: Leftovers
|upkeep
|turn|47
|
|t:|1758345198
|move|p2a: Corviknight|Defog|p1a: Ting-Lu
|-unboost|p1a: Ting-Lu|evasion|1
|move|p1a: Ting-Lu|Rock Tomb|p2a: Corviknight
|-damage|p2a: Corviknight|69/100
|-unboost|p2a: Corviknight|spe|1
|
|-heal|p1a: Ting-Lu|77/100 par|[from] item: Leftovers
|upkeep
|turn|48
|
|t:|1758345209
|move|p2a: Corviknight|U-turn|p1a: Ting-Lu
|-resisted|p1a: Ting-Lu
|-damage|p1a: Ting-Lu|74/100 par
|move|p1a: Ting-Lu|Rock Tomb|p2a: Corviknight
|-damage|p2a: Corviknight|59/100
|-unboost|p2a: Corviknight|spe|1
|
|-heal|p1a: Ting-Lu|80/100 par|[from] item: Leftovers
|upkeep
|turn|49
|
|t:|1758345221
|move|p2a: Corviknight|U-turn|p1a: Ting-Lu
|-resisted|p1a: Ting-Lu
|-damage|p1a: Ting-Lu|77/100 par
|move|p1a: Ting-Lu|Rock Tomb|p2a: Corviknight
|-damage|p2a: Corviknight|49/100
|-unboost|p2a: Corviknight|spe|1
|
|-heal|p1a: Ting-Lu|83/100 par|[from] item: Leftovers
|upkeep
|turn|50
|
|t:|1758345236
|cant|p1a: Ting-Lu|par
|move|p2a: Corviknight|Roost|p2a: Corviknight
|-heal|p2a: Corviknight|99/100
|-singleturn|p2a: Corviknight|move: Roost
|
|-heal|p1a: Ting-Lu|89/100 par|[from] item: Leftovers
|upkeep
|turn|51
|
|t:|1758345247
|move|p1a: Ting-Lu|Rock Tomb|p2a: Corviknight
|-damage|p2a: Corviknight|90/100
|-unboost|p2a: Corviknight|spe|1
|move|p2a: Corviknight|U-turn|p1a: Ting-Lu
|-resisted|p1a: Ting-Lu
|-damage|p1a: Ting-Lu|86/100 par
|
|-heal|p1a: Ting-Lu|93/100 par|[from] item: Leftovers
|upkeep
|turn|52
|
|t:|1758345264
|move|p1a: Ting-Lu|Rock Tomb|p2a: Corviknight
|-damage|p2a: Corviknight|81/100
|-unboost|p2a: Corviknight|spe|1
|move|p2a: Corviknight|Body Press|p1a: Ting-Lu
|-resisted|p1a: Ting-Lu
|-damage|p1a: Ting-Lu|87/100 par
|
|-heal|p1a: Ting-Lu|93/100 par|[from] item: Leftovers
|upkeep
|turn|53
|
|t:|1758345284
|move|p1a: Ting-Lu|Rock Tomb|p2a: Corviknight
|-damage|p2a: Corviknight|72/100
|move|p2a: Corviknight|U-turn|p1a: Ting-Lu
|-resisted|p1a: Ting-Lu
|-damage|p1a: Ting-Lu|90/100 par
|
|-heal|p1a: Ting-Lu|97/100 par|[from] item: Leftovers
|upkeep
|turn|54
|
|t:|1758345293
|move|p1a: Ting-Lu|Rock Tomb|p2a: Corviknight
|-damage|p2a: Corviknight|64/100
|move|p2a: Corviknight|U-turn|p1a: Ting-Lu
|-resisted|p1a: Ting-Lu
|-damage|p1a: Ting-Lu|94/100 par
|
|-heal|p1a: Ting-Lu|99/100 par|[from] item: Leftovers
|upkeep
|turn|55
|inactive|ShutMario23 has 120 seconds left.
|inactive|ShutMario23 has 90 seconds left.
|inactive|ShutMario23 has 60 seconds left.
|inactive|ShutMario23 has 30 seconds left.
|inactive|ShutMario23 has 20 seconds left.
|inactive|ShutMario23 has 15 seconds left.
|inactive|ShutMario23 has 10 seconds left.
|inactive|ShutMario23 has 5 seconds left.
|-message|ShutMario23 lost due to inactivity.
|
|win|WEATHER KAMII YK
|raw|ShutMario23's rating: 1248 &rarr; <strong>1222</strong><br />(-26 for losing)
|raw|WEATHER KAMII YK's rating: 1229 &rarr; <strong>1255</strong><br />(+26 for winning)
|l|‽WEATHER KAMII YK
|player|p2|
|l|☆ShutMario23
|player|p1|
