|j|☆pvc31
|j|☆samlics
|t:|1758243633
|gametype|singles
|player|p1|pvc31|n|1145
|player|p2|samlics|169|1179
|gen|9
|tier|[Gen 9] OU
|rated|
|rule|HP Percentage Mod: HP is shown in percentages
|rule|Endless Battle Clause: Forcing endless battles is banned
|rule|Species Clause: Limit one of each Pokémon
|rule|OHKO Clause: OHKO moves are banned
|rule|Evasion Items Clause: Evasion items are banned
|rule|Evasion Moves Clause: Evasion moves are banned
|rule|Evasion Abilities Clause: Evasion abilities are banned
|rule|Sleep Moves Clause: Sleep-inducing moves are banned
|clearpoke
|poke|p1|Serperior, F|
|poke|p1|Hydreigon, M|
|poke|p1|Chandelure, F|
|poke|p1|Corviknight, F|
|poke|p1|Great Tusk|
|poke|p1|Milotic, M|
|poke|p2|Mimikyu, F|
|poke|p2|Corviknight, M|
|poke|p2|Zamazenta-*|
|poke|p2|Hatterene, F|
|poke|p2|Revavroom, M|
|poke|p2|Phione|
|teampreview
|
|t:|1758243652
|teamsize|p1|6
|teamsize|p2|6
|start
|switch|p1a: Serperior|Serperior, F|100/100
|switch|p2a: Phione|Phione|100/100
|turn|1
|
|t:|1758243659
|move|p1a: Serperior|Taunt|p2a: Phione
|-start|p2a: Phione|move: Taunt
|move|p2a: Phione|Scald|p1a: Serperior
|-resisted|p1a: Serperior
|-damage|p1a: Serperior|87/100
|-status|p1a: Serperior|brn
|
|-heal|p1a: Serperior|94/100 brn|[from] item: Leftovers
|-damage|p1a: Serperior|87/100 brn|[from] brn
|upkeep
|turn|2
|l|☆samlics
|player|p2|
|j|☆samlics
|player|p2|samlics|169|
|
|t:|1758243693
|move|p1a: Serperior|Leaf Storm|p2a: Phione
|-supereffective|p2a: Phione
|-damage|p2a: Phione|18/100
|-boost|p1a: Serperior|spa|2
|move|p2a: Phione|Ice Beam|p1a: Serperior
|-supereffective|p1a: Serperior
|-damage|p1a: Serperior|41/100 brn
|
|-heal|p1a: Serperior|48/100 brn|[from] item: Leftovers
|-heal|p2a: Phione|24/100|[from] item: Leftovers
|-damage|p1a: Serperior|41/100 brn|[from] brn
|upkeep
|turn|3
|
|t:|1758243709
|move|p1a: Serperior|Leaf Storm|p2a: Phione
|-supereffective|p2a: Phione
|-damage|p2a: Phione|0 fnt
|-boost|p1a: Serperior|spa|2
|faint|p2a: Phione
|
|-heal|p1a: Serperior|48/100 brn|[from] item: Leftovers
|-damage|p1a: Serperior|41/100 brn|[from] brn
|upkeep
|
|t:|1758243725
|switch|p2a: Hatterene|Hatterene, F|100/100
|turn|4
|
|t:|1758243735
|move|p1a: Serperior|Leaf Storm|p2a: Hatterene
|-damage|p2a: Hatterene|0 fnt
|-boost|p1a: Serperior|spa|2
|faint|p2a: Hatterene
|
|-heal|p1a: Serperior|48/100 brn|[from] item: Leftovers
|-damage|p1a: Serperior|41/100 brn|[from] brn
|upkeep
|
|t:|1758243740
|switch|p2a: Corviknight|Corviknight, M|100/100
|turn|5
|
|t:|1758243751
|-terastallize|p1a: Serperior|Water
|move|p1a: Serperior|Tera Blast|p2a: Corviknight|[anim] Tera Blast Water
|-crit|p2a: Corviknight
|-damage|p2a: Corviknight|0 fnt
|faint|p2a: Corviknight
|
|-heal|p1a: Serperior|48/100 brn|[from] item: Leftovers
|-damage|p1a: Serperior|41/100 brn|[from] brn
|upkeep
|-message|samlics forfeited.
|
|win|pvc31
|raw|pvc31's rating: 1145 &rarr; <strong>1172</strong><br />(+27 for winning)
|raw|samlics's rating: 1179 &rarr; <strong>1152</strong><br />(-27 for losing)
|l|☆samlics
|player|p2|
|l|☆pvc31
|player|p1|
