|j|☆leontief47
|j|☆healorant
|t:|1758293083
|gametype|singles
|player|p1|leontief47|clerk|1730
|player|p2|healorant|alder|1787
|gen|9
|tier|[Gen 9] OU
|rated|
|rule|HP Percentage Mod: HP is shown in percentages
|rule|Endless Battle Clause: Forcing endless battles is banned
|rule|Species Clause: Limit one of each Pokémon
|rule|OHKO Clause: OHKO moves are banned
|rule|Evasion Items Clause: Evasion items are banned
|rule|Evasion Moves Clause: Evasion moves are banned
|rule|Evasion Abilities Clause: Evasion abilities are banned
|rule|Sleep Moves Clause: Sleep-inducing moves are banned
|clearpoke
|poke|p1|Rillaboom, F|
|poke|p1|Ogerpon-Cornerstone, F|
|poke|p1|Raging Bolt|
|poke|p1|Zamazenta-*|
|poke|p1|Hawlucha, F|
|poke|p1|Iron Treads|
|poke|p2|Meowscarada, M|
|poke|p2|Great Tusk|
|poke|p2|Alomomola, M|
|poke|p2|Iron Crown|
|poke|p2|Dragonite, M|
|poke|p2|Dragapult, F|
|teampreview
|inactive|Battle timer is ON: inactive players will automatically lose when time's up. (requested by leontief47)
|
|t:|1758293090
|teamsize|p1|6
|teamsize|p2|6
|start
|switch|p1a: Iron Treads|Iron Treads|100/100
|switch|p2a: Meowscarada|Meowscarada, M|100/100
|-enditem|p1a: Iron Treads|Booster Energy
|-activate|p1a: Iron Treads|ability: Quark Drive|[fromitem]
|-start|p1a: Iron Treads|quarkdrivespe
|turn|1
|
|t:|1758293099
|switch|p2a: Alomomola|Alomomola, M|100/100
|move|p1a: Iron Treads|Stealth Rock|p2a: Alomomola
|-sidestart|p2: healorant|move: Stealth Rock
|
|upkeep
|turn|2
|
|t:|1758293102
|-end|p1a: Iron Treads|Quark Drive|[silent]
|switch|p1a: Rillaboom|Rillaboom, F|100/100
|-fieldstart|move: Grassy Terrain|[from] ability: Grassy Surge|[of] p1a: Rillaboom
|move|p2a: Alomomola|Scald|p1a: Rillaboom
|-resisted|p1a: Rillaboom
|-damage|p1a: Rillaboom|92/100
|-status|p1a: Rillaboom|brn
|
|-heal|p1a: Rillaboom|98/100 brn|[from] Grassy Terrain
|-damage|p1a: Rillaboom|92/100 brn|[from] brn
|upkeep
|turn|3
|
|t:|1758293107
|move|p1a: Rillaboom|Knock Off|p2a: Alomomola
|-damage|p2a: Alomomola|88/100
|-enditem|p2a: Alomomola|Assault Vest|[from] move: Knock Off|[of] p1a: Rillaboom
|move|p2a: Alomomola|Flip Turn|p1a: Rillaboom
|-resisted|p1a: Rillaboom
|-crit|p1a: Rillaboom
|-damage|p1a: Rillaboom|79/100 brn
|
|t:|1758293123
|switch|p2a: Great Tusk|Great Tusk|100/100|[from] Flip Turn
|-damage|p2a: Great Tusk|98/100|[from] Stealth Rock
|
|-heal|p2a: Great Tusk|100/100|[from] Grassy Terrain
|-heal|p1a: Rillaboom|85/100 brn|[from] Grassy Terrain
|-damage|p1a: Rillaboom|79/100 brn|[from] brn
|upkeep
|turn|4
|j| brimstoneandflames
|j| wgw2333
|j| iijjiiji
|
|t:|1758293134
|move|p2a: Great Tusk|Ice Spinner|p1a: Rillaboom
|-supereffective|p1a: Rillaboom
|-damage|p1a: Rillaboom|36/100 brn
|-fieldend|move: Grassy Terrain
|move|p1a: Rillaboom|Wood Hammer|p2a: Great Tusk
|-supereffective|p2a: Great Tusk
|-damage|p2a: Great Tusk|58/100
|-damage|p1a: Rillaboom|19/100 brn|[from] item: Rocky Helmet|[of] p2a: Great Tusk
|-damage|p1a: Rillaboom|4/100 brn|[from] Recoil
|
|-damage|p1a: Rillaboom|0 fnt|[from] brn
|faint|p1a: Rillaboom
|upkeep
|
|t:|1758293139
|switch|p1a: Ogerpon|Ogerpon-Cornerstone, F|100/100
|turn|5
|
|t:|1758293146
|move|p1a: Ogerpon|Power Whip|p2a: Great Tusk|[miss]
|-miss|p1a: Ogerpon|p2a: Great Tusk
|move|p2a: Great Tusk|Rapid Spin|p1a: Ogerpon
|-resisted|p1a: Ogerpon
|-damage|p1a: Ogerpon|91/100
|-boost|p2a: Great Tusk|spe|1
|-sideend|p2: healorant|Stealth Rock|[from] move: Rapid Spin|[of] p2a: Great Tusk
|
|upkeep
|turn|6
|
|t:|1758293155
|move|p2a: Great Tusk|Headlong Rush|p1a: Ogerpon
|-crit|p1a: Ogerpon
|-damage|p1a: Ogerpon|0 fnt
|-unboost|p2a: Great Tusk|def|1
|-unboost|p2a: Great Tusk|spd|1
|faint|p1a: Ogerpon
|
|upkeep
|-message|leontief47 forfeited.
|
|win|healorant
|raw|leontief47's rating: 1730 &rarr; <strong>1713</strong><br />(-17 for losing)
|raw|healorant's rating: 1787 &rarr; <strong>1804</strong><br />(+17 for winning)
|l|☆leontief47
|player|p1|
|c|☆healorant|mb
|l|☆healorant
|player|p2|
|l| brimstoneandflames
|l| wgw2333
|l| iijjiiji
