|j|☆cithor
|j|☆okbuddy888
|inactive|Battle timer is ON: inactive players will automatically lose when time's up.
|t:|1758292780
|gametype|singles
|player|p1|cithor|brendan|
|player|p2|okbuddy888|lucas|
|gen|9
|tier|[Gen 9] OU
|rated|Tournament battle
|rule|HP Percentage Mod: HP is shown in percentages
|rule|Endless Battle Clause: Forcing endless battles is banned
|rule|Species Clause: Limit one of each Pokémon
|rule|OHKO Clause: OHKO moves are banned
|rule|Evasion Items Clause: Evasion items are banned
|rule|Evasion Moves Clause: Evasion moves are banned
|rule|Evasion Abilities Clause: Evasion abilities are banned
|rule|Sleep Moves Clause: Sleep-inducing moves are banned
|clearpoke
|poke|p1|Scizor, M|
|poke|p1|Garganacl, M|
|poke|p1|Zapdos|
|poke|p1|Dragapult, M|
|poke|p1|Landorus-Therian, M|
|poke|p1|Cinderace, M|
|poke|p2|Glimmora, F|
|poke|p2|Scizor, M|
|poke|p2|Great Tusk|
|poke|p2|Dragapult, F|
|poke|p2|Ogerpon-Wellspring, F|
|poke|p2|Kingambit, F|
|teampreview
|inactive|okbuddy888 also wants the timer to be on.
|j| iijjiiji
|inactive|okbuddy888 has 120 seconds left.
|l| iijjiiji
|
|t:|1758292825
|teamsize|p1|6
|teamsize|p2|6
|start
|switch|p1a: Dembelé|Scizor, M|100/100
|switch|p2a: Ogerpon|Ogerpon-Wellspring, F|100/100
|turn|1
|j| prodcc
|l| prodcc
|
|t:|1758292833
|move|p2a: Ogerpon|U-turn|p1a: Dembelé
|-resisted|p1a: Dembelé
|-damage|p1a: Dembelé|85/100
|
|t:|1758292836
|switch|p2a: Glimmora|Glimmora, F|100/100|[from] U-turn
|move|p1a: Dembelé|U-turn|p2a: Glimmora
|-resisted|p2a: Glimmora
|-damage|p2a: Glimmora|71/100
|-activate|p2a: Glimmora|ability: Toxic Debris
|-sidestart|p1: cithor|move: Toxic Spikes
|-enditem|p2a: Glimmora|Red Card|[of] p1a: Dembelé
|drag|p1a: Kvara|Cinderace, M, shiny|100/100
|
|upkeep
|turn|2
|
|t:|1758292843
|move|p1a: Kvara|U-turn|p2a: Glimmora
|-start|p1a: Kvara|typechange|Bug|[from] ability: Libero
|-resisted|p2a: Glimmora
|-damage|p2a: Glimmora|54/100
|-activate|p2a: Glimmora|ability: Toxic Debris
|-sidestart|p1: cithor|move: Toxic Spikes
|
|t:|1758292851
|switch|p1a: Landorus|Landorus-Therian, M|100/100|[from] U-turn
|-ability|p1a: Landorus|Intimidate|boost
|-unboost|p2a: Glimmora|atk|1
|move|p2a: Glimmora|Power Gem|p1a: Landorus
|-damage|p1a: Landorus|40/100
|
|upkeep
|turn|3
|c|☆okbuddy888|psg?
|c|☆cithor|what the hell
|c|☆cithor|ah yeah
|c|☆okbuddy888|why lando without name?
|c|☆cithor|hes new
|inactive|okbuddy888 has 120 seconds left.
|
|t:|1758292881
|switch|p2a: Ogerpon|Ogerpon-Wellspring, F|100/100
|move|p1a: Landorus|Earthquake|p2a: Ogerpon
|-resisted|p2a: Ogerpon
|-damage|p2a: Ogerpon|62/100
|
|upkeep
|turn|4
|c|☆cithor|replaced pacho
|inactive|okbuddy888 has 120 seconds left.
|
|t:|1758292896
|switch|p1a: Vitinha|Zapdos|100/100
|move|p2a: Ogerpon|Ivy Cudgel|p1a: Vitinha|[anim] Ivy Cudgel Water
|-damage|p1a: Vitinha|59/100
|
|upkeep
|turn|5
|
|t:|1758292901
|switch|p2a: Glimmora|Glimmora, F|54/100
|move|p1a: Vitinha|Roost|p1a: Vitinha
|-heal|p1a: Vitinha|100/100
|-singleturn|p1a: Vitinha|move: Roost
|
|upkeep
|turn|6
|
|t:|1758292905
|move|p2a: Glimmora|Power Gem|p1a: Vitinha
|-supereffective|p1a: Vitinha
|-damage|p1a: Vitinha|19/100
|move|p1a: Vitinha|Volt Switch|p2a: Glimmora
|-damage|p2a: Glimmora|14/100
|
|t:|1758292914
|switch|p1a: Hakimi|Dragapult, M|100/100|[from] Volt Switch
|
|upkeep
|turn|7
|
|t:|1758292933
|switch|p2a: Dragapult|Dragapult, F|100/100
|move|p1a: Hakimi|Hex|p2a: Dragapult
|-supereffective|p2a: Dragapult
|-damage|p2a: Dragapult|22/100
|
|upkeep
|turn|8
|
|t:|1758292949
|-terastallize|p1a: Hakimi|Fairy
|move|p1a: Hakimi|Hex|p2a: Dragapult
|-supereffective|p2a: Dragapult
|-damage|p2a: Dragapult|0 fnt
|faint|p2a: Dragapult
|
|upkeep
|
|t:|1758292955
|switch|p2a: Scizor|Scizor, M|100/100
|turn|9
|
|t:|1758292964
|switch|p1a: Dembelé|Scizor, M|85/100
|move|p2a: Scizor|Bullet Punch|p1a: Dembelé
|-resisted|p1a: Dembelé
|-damage|p1a: Dembelé|61/100
|-damage|p2a: Scizor|91/100|[from] item: Life Orb
|
|upkeep
|turn|10
|
|t:|1758292971
|move|p2a: Scizor|Dual Wingbeat|p1a: Dembelé
|-damage|p1a: Dembelé|30/100
|-damage|p1a: Dembelé|0 fnt
|faint|p1a: Dembelé
|-hitcount|p1: Dembelé|2
|-damage|p2a: Scizor|81/100|[from] item: Life Orb
|
|upkeep
|
|t:|1758292979
|switch|p1a: Landorus|Landorus-Therian, M|40/100
|-ability|p1a: Landorus|Intimidate|boost
|-unboost|p2a: Scizor|atk|1
|turn|11
|
|t:|1758292987
|switch|p2a: Ogerpon|Ogerpon-Wellspring, F|62/100
|move|p1a: Landorus|Earthquake|p2a: Ogerpon
|-resisted|p2a: Ogerpon
|-damage|p2a: Ogerpon|25/100
|
|upkeep
|turn|12
|
|t:|1758292990
|move|p1a: Landorus|Earthquake|p2a: Ogerpon
|-resisted|p2a: Ogerpon
|-damage|p2a: Ogerpon|0 fnt
|faint|p2a: Ogerpon
|
|upkeep
|
|t:|1758292996
|switch|p2a: Scizor|Scizor, M|81/100
|turn|13
|
|t:|1758293009
|switch|p1a: Vitinha|Zapdos|19/100
|move|p2a: Scizor|Bullet Punch|p1a: Vitinha
|-resisted|p1a: Vitinha
|-damage|p1a: Vitinha|4/100
|-damage|p2a: Scizor|71/100|[from] item: Life Orb
|
|upkeep
|turn|14
|
|t:|1758293013
|move|p2a: Scizor|Bullet Punch|p1a: Vitinha
|-resisted|p1a: Vitinha
|-damage|p1a: Vitinha|0 fnt
|faint|p1a: Vitinha
|-damage|p2a: Scizor|62/100|[from] item: Life Orb
|
|upkeep
|
|t:|1758293018
|switch|p1a: Kvara|Cinderace, M, shiny|100/100
|turn|15
|
|t:|1758293026
|switch|p2a: Great Tusk|Great Tusk|100/100
|-enditem|p2a: Great Tusk|Booster Energy
|-activate|p2a: Great Tusk|ability: Protosynthesis|[fromitem]
|-start|p2a: Great Tusk|protosynthesisspe
|move|p1a: Kvara|Pyro Ball|p2a: Great Tusk
|-crit|p2a: Great Tusk
|-damage|p2a: Great Tusk|43/100
|
|upkeep
|turn|16
|
|t:|1758293033
|switch|p1a: Landorus|Landorus-Therian, M|40/100
|-ability|p1a: Landorus|Intimidate|boost
|-unboost|p2a: Great Tusk|atk|1
|move|p2a: Great Tusk|Bulk Up|p2a: Great Tusk
|-boost|p2a: Great Tusk|atk|1
|-boost|p2a: Great Tusk|def|1
|
|upkeep
|turn|17
|c|☆cithor|man
|
|t:|1758293039
|move|p1a: Landorus|Earthquake|p2a: Great Tusk
|-damage|p2a: Great Tusk|21/100
|move|p2a: Great Tusk|Stone Edge|p1a: Landorus
|-crit|p1a: Landorus
|-damage|p1a: Landorus|0 fnt
|faint|p1a: Landorus
|
|upkeep
|c|☆okbuddy888|what
|
|t:|1758293047
|switch|p1a: Hakimi|Dragapult, M, tera:Fairy|100/100
|turn|18
|c|☆cithor|always some goofy build idk
|
|t:|1758293067
|move|p2a: Great Tusk|Earthquake|p1a: Hakimi
|-damage|p1a: Hakimi|40/100
|move|p1a: Hakimi|Hex|p2a: Great Tusk
|-damage|p2a: Great Tusk|0 fnt
|faint|p2a: Great Tusk
|-end|p2a: Great Tusk|Protosynthesis|[silent]
|
|upkeep
|c|☆cithor|offensive tusk when u got pon pult and gambit already
|
|t:|1758293072
|switch|p2a: Scizor|Scizor, M|62/100
|turn|19
|c|☆okbuddy888|can u teach me proper teambuilding then
|inactive|okbuddy888 has 120 seconds left.
|c|☆cithor|no
|c|☆cithor|im trying lando here
|
|t:|1758293113
|switch|p1a: Kvara|Cinderace, M, shiny|100/100
|move|p2a: Scizor|Bullet Punch|p1a: Kvara
|-resisted|p1a: Kvara
|-damage|p1a: Kvara|65/100
|-damage|p2a: Scizor|52/100|[from] item: Life Orb
|
|upkeep
|turn|20
|
|t:|1758293120
|switch|p2a: Glimmora|Glimmora, F|14/100
|move|p1a: Kvara|Court Change|p1a: Kvara
|-start|p1a: Kvara|typechange|Normal|[from] ability: Libero
|-swapsideconditions
|-activate|p1a: Kvara|move: Court Change
|
|upkeep
|turn|21
|
|t:|1758293124
|switch|p2a: Kingambit|Kingambit, F|100/100
|-activate|p2a: Kingambit|ability: Supreme Overlord
|-start|p2a: Kingambit|fallen3|[silent]
|move|p1a: Kvara|U-turn|p2a: Kingambit
|-damage|p2a: Kingambit|83/100
|
|t:|1758293128
|switch|p1a: Hakimi|Dragapult, M, tera:Fairy|40/100|[from] U-turn
|
|upkeep
|turn|22
|
|t:|1758293131
|-end|p2a: Kingambit|fallen3|[silent]
|switch|p2a: Glimmora|Glimmora, F|14/100
|-sideend|p2: okbuddy888|move: Toxic Spikes|[of] p2a: Glimmora
|move|p1a: Hakimi|Will-O-Wisp|p2a: Glimmora
|-status|p2a: Glimmora|brn
|
|-damage|p2a: Glimmora|8/100 brn|[from] brn
|upkeep
|turn|23
|
|t:|1758293137
|move|p1a: Hakimi|U-turn|p2a: Glimmora
|-resisted|p2a: Glimmora
|-damage|p2a: Glimmora|0 fnt
|-activate|p2a: Glimmora|ability: Toxic Debris
|-sidestart|p1: cithor|move: Toxic Spikes
|faint|p2a: Glimmora
|
|t:|1758293140
|switch|p1a: Nuno Mendes|Garganacl, M|100/100|[from] U-turn
|
|upkeep
|
|t:|1758293145
|switch|p2a: Kingambit|Kingambit, F|83/100
|-activate|p2a: Kingambit|ability: Supreme Overlord
|-start|p2a: Kingambit|fallen4|[silent]
|turn|24
|
|t:|1758293148
|move|p2a: Kingambit|Iron Head|p1a: Nuno Mendes
|-supereffective|p1a: Nuno Mendes
|-damage|p1a: Nuno Mendes|21/100
|cant|p1a: Nuno Mendes|flinch
|
|-heal|p1a: Nuno Mendes|27/100|[from] item: Leftovers
|upkeep
|turn|25
|c|☆cithor|be serious
|
|t:|1758293156
|move|p2a: Kingambit|Iron Head|p1a: Nuno Mendes
|-supereffective|p1a: Nuno Mendes
|-damage|p1a: Nuno Mendes|0 fnt
|faint|p1a: Nuno Mendes
|
|upkeep
|
|t:|1758293158
|switch|p1a: Kvara|Cinderace, M, shiny|65/100
|turn|26
|
|t:|1758293166
|switch|p1a: Hakimi|Dragapult, M, tera:Fairy|40/100
|move|p2a: Kingambit|Sucker Punch||[still]
|-fail|p2a: Kingambit
|
|upkeep
|turn|27
|
|t:|1758293180
|-end|p2a: Kingambit|fallen4|[silent]
|switch|p2a: Scizor|Scizor, M|52/100
|move|p1a: Hakimi|Will-O-Wisp|p2a: Scizor
|-status|p2a: Scizor|brn
|
|-damage|p2a: Scizor|46/100 brn|[from] brn
|upkeep
|turn|28
|
|t:|1758293189
|move|p2a: Scizor|Bullet Punch|p1a: Hakimi
|-supereffective|p1a: Hakimi
|-damage|p1a: Hakimi|0 fnt
|faint|p1a: Hakimi
|-damage|p2a: Scizor|36/100 brn|[from] item: Life Orb
|
|-damage|p2a: Scizor|30/100 brn|[from] brn
|upkeep
|
|t:|1758293192
|switch|p1a: Kvara|Cinderace, M, shiny|65/100
|turn|29
|
|t:|1758293194
|move|p2a: Scizor|Bullet Punch|p1a: Kvara
|-resisted|p1a: Kvara
|-damage|p1a: Kvara|47/100
|-damage|p2a: Scizor|20/100 brn|[from] item: Life Orb
|move|p1a: Kvara|Pyro Ball|p2a: Scizor
|-supereffective|p2a: Scizor
|-damage|p2a: Scizor|0 fnt
|faint|p2a: Scizor
|
|upkeep
|
|t:|1758293197
|switch|p2a: Kingambit|Kingambit, F|83/100
|-activate|p2a: Kingambit|ability: Supreme Overlord
|-start|p2a: Kingambit|fallen5|[silent]
|turn|30
|
|t:|1758293208
|move|p2a: Kingambit|Sucker Punch||[still]
|-fail|p2a: Kingambit
|move|p1a: Kvara|Court Change|p1a: Kvara
|-start|p1a: Kvara|typechange|Normal|[from] ability: Libero
|-swapsideconditions
|-activate|p1a: Kvara|move: Court Change
|
|upkeep
|turn|31
|
|t:|1758293223
|-terastallize|p2a: Kingambit|Ghost
|move|p1a: Kvara|Pyro Ball|p2a: Kingambit
|-damage|p2a: Kingambit|55/100
|move|p2a: Kingambit|Kowtow Cleave|p1a: Kvara
|-damage|p1a: Kvara|0 fnt
|faint|p1a: Kvara
|
|win|okbuddy888
|n|☆cithor|cithor
|n|☆okbuddy888|okbuddy888
|c|☆cithor|goof y
|c|☆cithor|tusk
|c|☆okbuddy888|e z
|l|☆cithor
|player|p1|
