|j|☆Charle_phate
|j|☆axunyu
|t:|1758342955
|gametype|singles
|player|p1|Charle_phate|blue|1333
|player|p2|axunyu|benga|1345
|gen|9
|tier|[Gen 9] OU
|rated|
|rule|HP Percentage Mod: HP is shown in percentages
|rule|Endless Battle Clause: Forcing endless battles is banned
|rule|Species Clause: Limit one of each Pokémon
|rule|OHKO Clause: OHKO moves are banned
|rule|Evasion Items Clause: Evasion items are banned
|rule|Evasion Moves Clause: Evasion moves are banned
|rule|Evasion Abilities Clause: Evasion abilities are banned
|rule|Sleep Moves Clause: Sleep-inducing moves are banned
|clearpoke
|poke|p1|Serperior, M|
|poke|p1|Rotom-Wash|
|poke|p1|Zapdos|
|poke|p1|Heatran, F|
|poke|p1|Clefable, M|
|poke|p1|Landorus-Therian, M|
|poke|p2|Torkoal, F|
|poke|p2|Scovillain, F|
|poke|p2|Zamazenta-*|
|poke|p2|Corviknight, F|
|poke|p2|Raging Bolt|
|poke|p2|Arcanine-Hisui, F|
|teampreview
|inactive|Battle timer is ON: inactive players will automatically lose when time's up. (requested by axunyu)
|
|t:|1758342959
|teamsize|p1|6
|teamsize|p2|6
|start
|switch|p1a: Rotom|Rotom-Wash|100/100
|switch|p2a: Arcanine|Arcanine-Hisui, F|100/100
|turn|1
|
|t:|1758342968
|move|p2a: Arcanine|Head Smash|p1a: Rotom
|-damage|p1a: Rotom|0 fnt
|faint|p1a: Rotom
|
|upkeep
|
|t:|1758342980
|switch|p1a: Landorus|Landorus-Therian, M|100/100
|-ability|p1a: Landorus|Intimidate|boost
|-unboost|p2a: Arcanine|atk|1
|turn|2
|
|t:|1758342991
|switch|p2a: Corviknight|Corviknight, F|100/100
|-ability|p2a: Corviknight|Pressure
|move|p1a: Landorus|Swords Dance|p1a: Landorus
|-boost|p1a: Landorus|atk|2
|
|upkeep
|turn|3
|
|t:|1758342997
|move|p1a: Landorus|Stone Edge|p2a: Corviknight
|-damage|p2a: Corviknight|44/100
|-damage|p1a: Landorus|90/100|[from] item: Life Orb
|move|p2a: Corviknight|Brave Bird|p1a: Landorus
|-damage|p1a: Landorus|51/100
|-damage|p2a: Corviknight|34/100|[from] Recoil
|
|-heal|p2a: Corviknight|40/100|[from] item: Leftovers
|upkeep
|turn|4
|
|t:|1758343006
|move|p1a: Landorus|Stone Edge|p2a: Corviknight
|-damage|p2a: Corviknight|0 fnt
|faint|p2a: Corviknight
|-damage|p1a: Landorus|41/100|[from] item: Life Orb
|
|upkeep
|
|t:|1758343015
|switch|p2a: Zamazenta|Zamazenta|100/100
|-ability|p2a: Zamazenta|Dauntless Shield|boost
|-boost|p2a: Zamazenta|def|1
|turn|5
|
|t:|1758343027
|move|p2a: Zamazenta|Close Combat|p1a: Landorus
|-resisted|p1a: Landorus
|-damage|p1a: Landorus|6/100
|-unboost|p2a: Zamazenta|def|1
|-unboost|p2a: Zamazenta|spd|1
|move|p1a: Landorus|Outrage|p2a: Zamazenta
|-damage|p2a: Zamazenta|0 fnt
|faint|p2a: Zamazenta
|-damage|p1a: Landorus|0 fnt|[from] item: Life Orb
|faint|p1a: Landorus
|
|upkeep
|
|t:|1758343046
|switch|p2a: Torkoal|Torkoal, F, shiny|100/100
|switch|p1a: Serperior|Serperior, M|100/100
|-weather|SunnyDay|[from] ability: Drought|[of] p2a: Torkoal
|turn|6
|
|t:|1758343051
|switch|p1a: Zapdos|Zapdos|100/100
|move|p2a: Torkoal|Lava Plume|p1a: Zapdos
|-damage|p1a: Zapdos|68/100
|
|-weather|SunnyDay|[upkeep]
|-heal|p1a: Zapdos|75/100|[from] item: Leftovers
|upkeep
|turn|7
|
|t:|1758343068
|move|p1a: Zapdos|Ancient Power|p2a: Torkoal
|-supereffective|p2a: Torkoal
|-damage|p2a: Torkoal|53/100
|move|p2a: Torkoal|Stealth Rock|p1a: Zapdos
|-sidestart|p1: Charle_phate|move: Stealth Rock
|
|-weather|SunnyDay|[upkeep]
|-heal|p1a: Zapdos|81/100|[from] item: Leftovers
|upkeep
|turn|8
|
|t:|1758343072
|switch|p2a: Arcanine|Arcanine-Hisui, F|100/100
|move|p1a: Zapdos|Ancient Power|p2a: Arcanine
|-supereffective|p2a: Arcanine
|-damage|p2a: Arcanine|53/100
|
|-weather|SunnyDay|[upkeep]
|-heal|p1a: Zapdos|87/100|[from] item: Leftovers
|upkeep
|turn|9
|inactive|Charle_phate has 120 seconds left.
|
|t:|1758343119
|move|p2a: Arcanine|Head Smash|p1a: Zapdos
|-supereffective|p1a: Zapdos
|-damage|p1a: Zapdos|0 fnt
|faint|p1a: Zapdos
|
|-weather|SunnyDay|[upkeep]
|upkeep
|
|t:|1758343134
|switch|p1a: Serperior|Serperior, M|100/100
|-damage|p1a: Serperior|88/100|[from] Stealth Rock
|turn|10
|
|t:|1758343136
|move|p1a: Serperior|Glare|p2a: Arcanine
|-status|p2a: Arcanine|par
|move|p2a: Arcanine|Head Smash|p1a: Serperior
|-crit|p1a: Serperior
|-damage|p1a: Serperior|0 fnt
|faint|p1a: Serperior
|
|-weather|SunnyDay|[upkeep]
|upkeep
|inactive|Charle_phate has 90 seconds left.
|
|t:|1758343167
|switch|p1a: Heatran|Heatran, F|100/100
|-damage|p1a: Heatran|88/100|[from] Stealth Rock
|turn|11
|
|t:|1758343172
|-terastallize|p2a: Arcanine|Normal
|move|p1a: Heatran|Substitute|p1a: Heatran
|-start|p1a: Heatran|Substitute
|-damage|p1a: Heatran|63/100
|cant|p2a: Arcanine|par
|
|-weather|SunnyDay|[upkeep]
|-heal|p1a: Heatran|69/100|[from] item: Leftovers
|upkeep
|turn|12
|inactive|Charle_phate has 90 seconds left.
|
|t:|1758343186
|move|p1a: Heatran|Ancient Power|p2a: Arcanine
|-crit|p2a: Arcanine
|-damage|p2a: Arcanine|21/100 par
|move|p2a: Arcanine|Head Smash|p1a: Heatran
|-end|p1a: Heatran|Substitute
|
|-weather|SunnyDay|[upkeep]
|-heal|p1a: Heatran|76/100|[from] item: Leftovers
|upkeep
|turn|13
|
|t:|1758343192
|move|p1a: Heatran|Substitute|p1a: Heatran
|-start|p1a: Heatran|Substitute
|-damage|p1a: Heatran|51/100
|cant|p2a: Arcanine|par
|
|-weather|none
|-heal|p1a: Heatran|57/100|[from] item: Leftovers
|upkeep
|turn|14
|
|t:|1758343204
|move|p1a: Heatran|Ancient Power|p2a: Arcanine
|-damage|p2a: Arcanine|0 fnt
|faint|p2a: Arcanine
|
|-heal|p1a: Heatran|63/100|[from] item: Leftovers
|upkeep
|
|t:|1758343208
|switch|p2a: Raging Bolt|Raging Bolt|100/100
|turn|15
|
|t:|1758343222
|move|p2a: Raging Bolt|Thunderbolt|p1a: Heatran
|-end|p1a: Heatran|Substitute
|move|p1a: Heatran|Magma Storm|p2a: Raging Bolt
|-resisted|p2a: Raging Bolt
|-damage|p2a: Raging Bolt|79/100
|-activate|p2a: Raging Bolt|move: Magma Storm|[of] p1a: Heatran
|
|-heal|p2a: Raging Bolt|85/100|[from] item: Leftovers
|-heal|p1a: Heatran|69/100|[from] item: Leftovers
|-damage|p2a: Raging Bolt|73/100|[from] move: Magma Storm|[partiallytrapped]
|upkeep
|turn|16
|
|t:|1758343229
|move|p2a: Raging Bolt|Thunderbolt|p1a: Heatran
|-crit|p1a: Heatran
|-damage|p1a: Heatran|20/100
|move|p1a: Heatran|Ancient Power|p2a: Raging Bolt
|-damage|p2a: Raging Bolt|55/100
|
|-heal|p2a: Raging Bolt|62/100|[from] item: Leftovers
|-heal|p1a: Heatran|26/100|[from] item: Leftovers
|-damage|p2a: Raging Bolt|49/100|[from] move: Magma Storm|[partiallytrapped]
|upkeep
|turn|17
|inactive|Charle_phate has 120 seconds left.
|
|t:|1758343242
|move|p2a: Raging Bolt|Thunderbolt|p1a: Heatran
|-damage|p1a: Heatran|0 fnt
|faint|p1a: Heatran
|
|-heal|p2a: Raging Bolt|55/100|[from] item: Leftovers
|-end|p2a: Raging Bolt|Magma Storm|[partiallytrapped]|[silent]
|upkeep
|
|t:|1758343244
|switch|p1a: Clefable|Clefable, M|100/100
|turn|18
|
|t:|1758343247
|-end|p2a: Raging Bolt|Protosynthesis|[silent]
|switch|p2a: Torkoal|Torkoal, F, shiny|53/100
|-weather|SunnyDay|[from] ability: Drought|[of] p2a: Torkoal
|move|p1a: Clefable|Cosmic Power|p1a: Clefable
|-boost|p1a: Clefable|def|1
|-boost|p1a: Clefable|spd|1
|
|-weather|SunnyDay|[upkeep]
|upkeep
|turn|19
|
|t:|1758343265
|switch|p2a: Scovillain|Scovillain, F|100/100
|move|p1a: Clefable|Cosmic Power|p1a: Clefable
|-boost|p1a: Clefable|def|1
|-boost|p1a: Clefable|spd|1
|
|-weather|SunnyDay|[upkeep]
|upkeep
|turn|20
|
|t:|1758343272
|-terastallize|p1a: Clefable|Fire
|move|p2a: Scovillain|Fire Blast|p1a: Clefable
|-resisted|p1a: Clefable
|-crit|p1a: Clefable
|-damage|p1a: Clefable|32/100
|-damage|p2a: Scovillain|91/100|[from] item: Life Orb
|move|p1a: Clefable|Cosmic Power|p1a: Clefable
|-boost|p1a: Clefable|def|1
|-boost|p1a: Clefable|spd|1
|
|-weather|SunnyDay|[upkeep]
|-heal|p1a: Clefable|38/100|[from] item: Leftovers
|upkeep
|turn|21
|inactive|Charle_phate has 120 seconds left.
|c|☆axunyu|go go go
|
|t:|1758343302
|move|p2a: Scovillain|Growth|p2a: Scovillain
|-boost|p2a: Scovillain|atk|2
|-boost|p2a: Scovillain|spa|2
|move|p1a: Clefable|Cosmic Power|p1a: Clefable
|-boost|p1a: Clefable|def|1
|-boost|p1a: Clefable|spd|1
|
|-weather|SunnyDay|[upkeep]
|-heal|p1a: Clefable|44/100|[from] item: Leftovers
|upkeep
|turn|22
|
|t:|1758343312
|move|p2a: Scovillain|Fire Blast|p1a: Clefable
|-resisted|p1a: Clefable
|-damage|p1a: Clefable|14/100
|-damage|p2a: Scovillain|81/100|[from] item: Life Orb
|move|p1a: Clefable|Cosmic Power|p1a: Clefable
|-boost|p1a: Clefable|def|1
|-boost|p1a: Clefable|spd|1
|
|-weather|SunnyDay|[upkeep]
|-heal|p1a: Clefable|20/100|[from] item: Leftovers
|upkeep
|turn|23
|inactive|Charle_phate has 120 seconds left.
|
|t:|1758343330
|move|p2a: Scovillain|Fire Blast|p1a: Clefable
|-resisted|p1a: Clefable
|-damage|p1a: Clefable|0 fnt
|faint|p1a: Clefable
|-damage|p2a: Scovillain|71/100|[from] item: Life Orb
|
|win|axunyu
|raw|Charle_phate's rating: 1333 &rarr; <strong>1314</strong><br />(-19 for losing)
|raw|axunyu's rating: 1345 &rarr; <strong>1364</strong><br />(+19 for winning)
|l|☆Charle_phate
|player|p1|
|l|☆axunyu
|player|p2|
