|j|☆Pepepeponez
|j|☆EmmanuelR205506
|t:|1758352406
|gametype|singles
|player|p1|Pepepeponez|2|1768
|player|p2|EmmanuelR205506|palmer|1703
|gen|9
|tier|[Gen 9] OU
|rated|
|rule|HP Percentage Mod: HP is shown in percentages
|rule|Endless Battle Clause: Forcing endless battles is banned
|rule|Species Clause: Limit one of each Pokémon
|rule|OHKO Clause: OHKO moves are banned
|rule|Evasion Items Clause: Evasion items are banned
|rule|Evasion Moves Clause: Evasion moves are banned
|rule|Evasion Abilities Clause: Evasion abilities are banned
|rule|Sleep Moves Clause: Sleep-inducing moves are banned
|clearpoke
|poke|p1|Kingambit, M|
|poke|p1|Zamazenta-*|
|poke|p1|Dragonite, M|
|poke|p1|Dragapult, M|
|poke|p1|Iron Treads|
|poke|p1|Iron Valiant|
|poke|p2|Cinderace, M|
|poke|p2|Gholdengo|
|poke|p2|Heatran, M|
|poke|p2|Great Tusk|
|poke|p2|Primarina, F|
|poke|p2|Iron Valiant|
|teampreview
|inactive|Battle timer is ON: inactive players will automatically lose when time's up. (requested by Pepepeponez)
|inactive|EmmanuelR205506 also wants the timer to be on.
|
|t:|1758352416
|teamsize|p1|6
|teamsize|p2|6
|start
|switch|p1a: Iron Treads|Iron Treads|100/100
|switch|p2a: Cinderace|Cinderace, M|100/100
|turn|1
|j| kakkarotxvj
|j| biryanilover
|
|t:|1758352436
|-end|p1a: Iron Treads|Quark Drive|[silent]
|switch|p1a: Dragapult|Dragapult, M|100/100
|move|p2a: Cinderace|Pyro Ball|p1a: Dragapult
|-resisted|p1a: Dragapult
|-damage|p1a: Dragapult|43/100
|
|upkeep
|turn|2
|j| hindu's curry
|
|t:|1758352451
|switch|p2a: Heatran|Heatran, M|100/100
|move|p1a: Dragapult|Draco Meteor|p2a: Heatran
|-resisted|p2a: Heatran
|-damage|p2a: Heatran|74/100
|-unboost|p1a: Dragapult|spa|2
|
|-heal|p2a: Heatran|80/100|[from] item: Leftovers
|upkeep
|turn|3
|
|t:|1758352455
|switch|p1a: Iron Treads|Iron Treads|100/100
|move|p2a: Heatran|Stealth Rock|p1a: Iron Treads
|-sidestart|p1: Pepepeponez|move: Stealth Rock
|
|-heal|p2a: Heatran|87/100|[from] item: Leftovers
|upkeep
|turn|4
|j| Ctannn
|
|t:|1758352479
|switch|p2a: Great Tusk|Great Tusk|100/100
|move|p1a: Iron Treads|Stealth Rock|p2a: Great Tusk
|-sidestart|p2: EmmanuelR205506|move: Stealth Rock
|
|upkeep
|turn|5
|l| hindu's curry
|
|t:|1758352485
|-end|p1a: Iron Treads|Quark Drive|[silent]
|switch|p1a: Dragapult|Dragapult, M|43/100
|-damage|p1a: Dragapult|31/100|[from] Stealth Rock
|move|p2a: Great Tusk|Knock Off|p1a: Dragapult
|-supereffective|p1a: Dragapult
|-damage|p1a: Dragapult|0 fnt
|-enditem|p1a: Dragapult|Choice Specs|[from] move: Knock Off|[of] p2a: Great Tusk
|faint|p1a: Dragapult
|
|upkeep
|
|t:|1758352494
|switch|p1a: Zamazenta|Zamazenta|100/100
|-damage|p1a: Zamazenta|94/100|[from] Stealth Rock
|-ability|p1a: Zamazenta|Dauntless Shield|boost
|-boost|p1a: Zamazenta|def|1
|turn|6
|
|t:|1758352498
|move|p1a: Zamazenta|Iron Defense|p1a: Zamazenta
|-boost|p1a: Zamazenta|def|2
|move|p2a: Great Tusk|Rapid Spin|p1a: Zamazenta
|-damage|p1a: Zamazenta|89/100
|-boost|p2a: Great Tusk|spe|1
|-sideend|p2: EmmanuelR205506|Stealth Rock|[from] move: Rapid Spin|[of] p2a: Great Tusk
|
|-heal|p1a: Zamazenta|96/100|[from] item: Leftovers
|upkeep
|turn|7
|
|t:|1758352505
|move|p1a: Zamazenta|Body Press|p2a: Great Tusk
|-damage|p2a: Great Tusk|62/100
|-damage|p1a: Zamazenta|79/100|[from] item: Rocky Helmet|[of] p2a: Great Tusk
|move|p2a: Great Tusk|Knock Off|p1a: Zamazenta
|-resisted|p1a: Zamazenta
|-damage|p1a: Zamazenta|75/100
|-enditem|p1a: Zamazenta|Leftovers|[from] move: Knock Off|[of] p2a: Great Tusk
|
|upkeep
|turn|8
|
|t:|1758352513
|move|p1a: Zamazenta|Iron Defense|p1a: Zamazenta
|-boost|p1a: Zamazenta|def|2
|move|p2a: Great Tusk|Body Press|p1a: Zamazenta
|-damage|p1a: Zamazenta|65/100
|
|upkeep
|turn|9
|
|t:|1758352522
|move|p1a: Zamazenta|Body Press|p2a: Great Tusk
|-damage|p2a: Great Tusk|8/100
|-damage|p1a: Zamazenta|49/100|[from] item: Rocky Helmet|[of] p2a: Great Tusk
|move|p2a: Great Tusk|Body Press|p1a: Zamazenta
|-damage|p1a: Zamazenta|39/100
|
|upkeep
|turn|10
|j| HuaiYi0923
|
|t:|1758352530
|move|p1a: Zamazenta|Body Press|p2a: Great Tusk
|-damage|p2a: Great Tusk|0 fnt
|-damage|p1a: Zamazenta|22/100|[from] item: Rocky Helmet|[of] p2a: Great Tusk
|faint|p2a: Great Tusk
|-end|p2a: Great Tusk|Protosynthesis|[silent]
|
|upkeep
|
|t:|1758352533
|switch|p2a: Iron Valiant|Iron Valiant|100/100
|-enditem|p2a: Iron Valiant|Booster Energy
|-activate|p2a: Iron Valiant|ability: Quark Drive|[fromitem]
|-start|p2a: Iron Valiant|quarkdrivespe
|turn|11
|
|t:|1758352537
|move|p2a: Iron Valiant|Thunderbolt|p1a: Zamazenta
|-damage|p1a: Zamazenta|0 fnt
|faint|p1a: Zamazenta
|
|upkeep
|
|t:|1758352551
|switch|p1a: Iron Treads|Iron Treads|100/100
|-damage|p1a: Iron Treads|97/100|[from] Stealth Rock
|turn|12
|
|t:|1758352554
|move|p2a: Iron Valiant|Close Combat|p1a: Iron Treads
|-supereffective|p1a: Iron Treads
|-damage|p1a: Iron Treads|1/100
|-unboost|p2a: Iron Valiant|def|1
|-unboost|p2a: Iron Valiant|spd|1
|move|p1a: Iron Treads|Stealth Rock|p2a: Iron Valiant
|-sidestart|p2: EmmanuelR205506|move: Stealth Rock
|
|-heal|p1a: Iron Treads|8/100|[from] item: Leftovers
|upkeep
|turn|13
|
|t:|1758352566
|move|p2a: Iron Valiant|Moonblast|p1a: Iron Treads
|-resisted|p1a: Iron Treads
|-damage|p1a: Iron Treads|0 fnt
|faint|p1a: Iron Treads
|-end|p1a: Iron Treads|Quark Drive|[silent]
|
|upkeep
|
|t:|1758352579
|switch|p1a: Dragonite|Dragonite, M|100/100
|turn|14
|
|t:|1758352582
|move|p2a: Iron Valiant|Moonblast|p1a: Dragonite
|-supereffective|p1a: Dragonite
|-damage|p1a: Dragonite|55/100
|move|p1a: Dragonite|Earthquake|p2a: Iron Valiant
|-damage|p2a: Iron Valiant|14/100
|
|upkeep
|turn|15
|
|t:|1758352588
|move|p1a: Dragonite|Extreme Speed|p2a: Iron Valiant
|-damage|p2a: Iron Valiant|0 fnt
|faint|p2a: Iron Valiant
|-end|p2a: Iron Valiant|Quark Drive|[silent]
|
|upkeep
|
|t:|1758352592
|switch|p2a: Primarina|Primarina, F|100/100
|-damage|p2a: Primarina|88/100|[from] Stealth Rock
|turn|16
|
|t:|1758352597
|move|p1a: Dragonite|Earthquake|p2a: Primarina
|-damage|p2a: Primarina|43/100
|move|p2a: Primarina|Moonblast|p1a: Dragonite
|-supereffective|p1a: Dragonite
|-damage|p1a: Dragonite|0 fnt
|faint|p1a: Dragonite
|
|upkeep
|
|t:|1758352601
|switch|p1a: Iron Valiant|Iron Valiant|100/100
|-damage|p1a: Iron Valiant|94/100|[from] Stealth Rock
|-enditem|p1a: Iron Valiant|Booster Energy
|-activate|p1a: Iron Valiant|ability: Quark Drive|[fromitem]
|-start|p1a: Iron Valiant|quarkdrivespe
|turn|17
|
|t:|1758352607
|move|p1a: Iron Valiant|Swords Dance|p1a: Iron Valiant
|-boost|p1a: Iron Valiant|atk|2
|move|p2a: Primarina|Moonblast|p1a: Iron Valiant
|-supereffective|p1a: Iron Valiant
|-damage|p1a: Iron Valiant|0 fnt
|faint|p1a: Iron Valiant
|-end|p1a: Iron Valiant|Quark Drive|[silent]
|
|upkeep
|
|t:|1758352611
|switch|p1a: Kingambit|Kingambit, M|100/100
|-damage|p1a: Kingambit|94/100|[from] Stealth Rock
|-activate|p1a: Kingambit|ability: Supreme Overlord
|-start|p1a: Kingambit|fallen5|[silent]
|turn|18
|
|t:|1758352614
|move|p2a: Primarina|Moonblast|p1a: Kingambit
|-damage|p1a: Kingambit|44/100
|-unboost|p1a: Kingambit|spa|1
|move|p1a: Kingambit|Swords Dance|p1a: Kingambit
|-boost|p1a: Kingambit|atk|2
|
|-heal|p1a: Kingambit|50/100|[from] item: Leftovers
|upkeep
|turn|19
|
|t:|1758352619
|move|p1a: Kingambit|Sucker Punch|p2a: Primarina
|-resisted|p2a: Primarina
|-damage|p2a: Primarina|0 fnt
|faint|p2a: Primarina
|
|-heal|p1a: Kingambit|57/100|[from] item: Leftovers
|upkeep
|
|t:|1758352623
|switch|p2a: Heatran|Heatran, M|87/100
|-damage|p2a: Heatran|74/100|[from] Stealth Rock
|turn|20
|
|t:|1758352633
|move|p1a: Kingambit|Sucker Punch||[still]
|-fail|p1a: Kingambit
|move|p2a: Heatran|Will-O-Wisp|p1a: Kingambit
|-status|p1a: Kingambit|brn
|
|-heal|p2a: Heatran|80/100|[from] item: Leftovers
|-heal|p1a: Kingambit|63/100 brn|[from] item: Leftovers
|-damage|p1a: Kingambit|57/100 brn|[from] brn
|upkeep
|turn|21
|
|t:|1758352640
|move|p1a: Kingambit|Sucker Punch|p2a: Heatran
|-damage|p2a: Heatran|31/100
|move|p2a: Heatran|Earth Power|p1a: Kingambit
|-supereffective|p1a: Kingambit
|-damage|p1a: Kingambit|4/100 brn
|
|-heal|p2a: Heatran|37/100|[from] item: Leftovers
|-heal|p1a: Kingambit|10/100 brn|[from] item: Leftovers
|-damage|p1a: Kingambit|4/100 brn|[from] brn
|upkeep
|turn|22
|
|t:|1758352646
|move|p1a: Kingambit|Sucker Punch|p2a: Heatran
|-damage|p2a: Heatran|0 fnt
|faint|p2a: Heatran
|
|-heal|p1a: Kingambit|10/100 brn|[from] item: Leftovers
|-damage|p1a: Kingambit|4/100 brn|[from] brn
|upkeep
|
|t:|1758352652
|switch|p2a: Gholdengo|Gholdengo|100/100
|-damage|p2a: Gholdengo|94/100|[from] Stealth Rock
|turn|23
|
|t:|1758352655
|-terastallize|p2a: Gholdengo|Fairy
|move|p2a: Gholdengo|Hex|p1a: Kingambit
|-resisted|p1a: Kingambit
|-damage|p1a: Kingambit|0 fnt
|faint|p1a: Kingambit
|-end|p1a: Kingambit|fallen5|[silent]
|
|win|EmmanuelR205506
|raw|Pepepeponez's rating: 1768 &rarr; <strong>1744</strong><br />(-24 for losing)
|raw|EmmanuelR205506's rating: 1703 &rarr; <strong>1727</strong><br />(+24 for winning)
|l|☆EmmanuelR205506
|player|p2|
|l|☆Pepepeponez
|player|p1|
|l| Ctannn
