|j|☆kopoxokop
|j|☆LuthStar
|t:|1758357140
|gametype|singles
|player|p1|kopoxokop|1|1270
|player|p2|LuthStar|ethan|1201
|gen|9
|tier|[Gen 9] OU
|rated|
|rule|HP Percentage Mod: HP is shown in percentages
|rule|Endless Battle Clause: Forcing endless battles is banned
|rule|Species Clause: Limit one of each Pokémon
|rule|OHKO Clause: OHKO moves are banned
|rule|Evasion Items Clause: Evasion items are banned
|rule|Evasion Moves Clause: Evasion moves are banned
|rule|Evasion Abilities Clause: Evasion abilities are banned
|rule|Sleep Moves Clause: Sleep-inducing moves are banned
|clearpoke
|poke|p1|Dragonite, M|
|poke|p1|Serperior, M|
|poke|p1|Zamazenta-*|
|poke|p1|Greninja-*, M|
|poke|p1|Iron Treads|
|poke|p1|Iron Moth|
|poke|p2|Typhlosion, M|
|poke|p2|Donphan, M|
|poke|p2|Azumarill, F|
|poke|p2|Espeon, F|
|poke|p2|Hitmontop, M|
|poke|p2|Scizor, M|
|teampreview
|
|t:|1758357155
|teamsize|p1|6
|teamsize|p2|6
|start
|switch|p1a: Greninja|Greninja, M|100/100
|switch|p2a: Typhlosion|Typhlosion, M|100/100
|turn|1
|
|t:|1758357169
|switch|p2a: Azumarill|Azumarill, F|100/100
|move|p1a: Greninja|Surf|p2a: Azumarill
|-resisted|p2a: Azumarill
|-damage|p2a: Azumarill|80/100
|
|upkeep
|turn|2
|
|t:|1758357177
|switch|p1a: Dragonite|Dragonite, M|100/100
|move|p2a: Azumarill|Play Rough|p1a: Dragonite
|-supereffective|p1a: Dragonite
|-crit|p1a: Dragonite
|-damage|p1a: Dragonite|15/100
|
|upkeep
|turn|3
|
|t:|1758357196
|move|p2a: Azumarill|Aqua Jet|p1a: Dragonite
|-resisted|p1a: Dragonite
|-damage|p1a: Dragonite|1/100
|move|p1a: Dragonite|Encore|p2a: Azumarill
|-start|p2a: Azumarill|Encore
|
|upkeep
|turn|4
|
|t:|1758357207
|switch|p1a: Serperior|Serperior, M|100/100
|move|p2a: Azumarill|Aqua Jet|p1a: Serperior
|-resisted|p1a: Serperior
|-damage|p1a: Serperior|87/100
|
|-heal|p1a: Serperior|93/100|[from] item: Leftovers
|upkeep
|turn|5
|
|t:|1758357215
|switch|p2a: Scizor|Scizor, M|100/100
|move|p1a: Serperior|Leech Seed|p2a: Scizor
|-start|p2a: Scizor|move: Leech Seed
|
|-heal|p1a: Serperior|99/100|[from] item: Leftovers
|-damage|p2a: Scizor|88/100|[from] Leech Seed|[of] p1a: Serperior
|-heal|p1a: Serperior|100/100|[silent]
|upkeep
|turn|6
|
|t:|1758357234
|switch|p1a: Iron Moth|Iron Moth|100/100
|-enditem|p1a: Iron Moth|Booster Energy
|-activate|p1a: Iron Moth|ability: Quark Drive|[fromitem]
|-start|p1a: Iron Moth|quarkdrivespe
|move|p2a: Scizor|U-turn|p1a: Iron Moth
|-resisted|p1a: Iron Moth
|-damage|p1a: Iron Moth|80/100
|
|t:|1758357256
|switch|p2a: Hitmontop|Hitmontop, M|100/100|[from] U-turn
|
|upkeep
|turn|7
|
|t:|1758357265
|-terastallize|p1a: Iron Moth|Fairy
|move|p2a: Hitmontop|Fake Out|p1a: Iron Moth
|-damage|p1a: Iron Moth|45/100
|-damage|p2a: Hitmontop|91/100|[from] item: Life Orb
|cant|p1a: Iron Moth|flinch
|
|upkeep
|turn|8
|
|t:|1758357274
|move|p1a: Iron Moth|Dazzling Gleam|p2a: Hitmontop
|-supereffective|p2a: Hitmontop
|-damage|p2a: Hitmontop|2/100
|move|p2a: Hitmontop|Triple Axel|p1a: Iron Moth
|-damage|p1a: Iron Moth|29/100
|-hitcount|p1a: Iron Moth|1
|-damage|p2a: Hitmontop|0 fnt|[from] item: Life Orb
|faint|p2a: Hitmontop
|
|upkeep
|
|t:|1758357289
|switch|p2a: Scizor|Scizor, M|88/100
|turn|9
|
|t:|1758357305
|-end|p1a: Iron Moth|Quark Drive|[silent]
|switch|p1a: Greninja|Greninja, M|100/100
|move|p2a: Scizor|Bullet Punch|p1a: Greninja
|-resisted|p1a: Greninja
|-damage|p1a: Greninja|59/100
|
|upkeep
|turn|10
|
|t:|1758357316
|move|p2a: Scizor|Bullet Punch|p1a: Greninja
|-resisted|p1a: Greninja
|-damage|p1a: Greninja|20/100
|move|p1a: Greninja|Surf|p2a: Scizor
|-damage|p2a: Scizor|13/100
|
|upkeep
|turn|11
|
|t:|1758357321
|switch|p1a: Zamazenta|Zamazenta|100/100
|-ability|p1a: Zamazenta|Dauntless Shield|boost
|-boost|p1a: Zamazenta|def|1
|move|p2a: Scizor|Bullet Punch|p1a: Zamazenta
|-damage|p1a: Zamazenta|71/100
|
|upkeep
|turn|12
|
|t:|1758357332
|switch|p2a: Typhlosion|Typhlosion, M|100/100
|move|p1a: Zamazenta|Crunch|p2a: Typhlosion
|-damage|p2a: Typhlosion|69/100
|
|-heal|p2a: Typhlosion|75/100|[from] item: Leftovers
|upkeep
|turn|13
|
|t:|1758357339
|move|p1a: Zamazenta|Stone Edge|p2a: Typhlosion|[miss]
|-miss|p1a: Zamazenta|p2a: Typhlosion
|move|p2a: Typhlosion|Will-O-Wisp|p1a: Zamazenta
|-status|p1a: Zamazenta|brn
|
|-heal|p2a: Typhlosion|81/100|[from] item: Leftovers
|-damage|p1a: Zamazenta|65/100 brn|[from] brn
|upkeep
|turn|14
|
|t:|1758357348
|switch|p2a: Donphan|Donphan, M|100/100
|move|p1a: Zamazenta|Stone Edge|p2a: Donphan
|-resisted|p2a: Donphan
|-damage|p2a: Donphan|96/100
|
|-heal|p2a: Donphan|100/100|[from] item: Leftovers
|-damage|p1a: Zamazenta|59/100 brn|[from] brn
|upkeep
|turn|15
|
|t:|1758357365
|switch|p1a: Dragonite|Dragonite, M|1/100
|move|p2a: Donphan|Stealth Rock|p1a: Dragonite
|-sidestart|p1: kopoxokop|move: Stealth Rock
|
|upkeep
|turn|16
|
|t:|1758357372
|move|p1a: Dragonite|Encore|p2a: Donphan
|-start|p2a: Donphan|Encore
|move|p2a: Donphan|Stealth Rock||[still]
|-fail|p2a: Donphan
|
|upkeep
|turn|17
|
|t:|1758357377
|switch|p2a: Azumarill|Azumarill, F|80/100
|move|p1a: Dragonite|Dragon Dance|p1a: Dragonite
|-boost|p1a: Dragonite|atk|1
|-boost|p1a: Dragonite|spe|1
|
|upkeep
|turn|18
|
|t:|1758357383
|move|p2a: Azumarill|Aqua Jet|p1a: Dragonite
|-resisted|p1a: Dragonite
|-crit|p1a: Dragonite
|-damage|p1a: Dragonite|0 fnt
|faint|p1a: Dragonite
|
|upkeep
|
|t:|1758357388
|switch|p1a: Serperior|Serperior, M|100/100
|-damage|p1a: Serperior|88/100|[from] Stealth Rock
|turn|19
|
|t:|1758357398
|-terastallize|p2a: Azumarill|Fairy
|move|p1a: Serperior|Leaf Storm|p2a: Azumarill
|-damage|p2a: Azumarill|49/100
|-boost|p1a: Serperior|spa|2
|move|p2a: Azumarill|Ice Spinner|p1a: Serperior
|-supereffective|p1a: Serperior
|-damage|p1a: Serperior|15/100
|
|-heal|p1a: Serperior|21/100|[from] item: Leftovers
|upkeep
|turn|20
|
|t:|1758357410
|move|p2a: Azumarill|Aqua Jet|p1a: Serperior
|-resisted|p1a: Serperior
|-damage|p1a: Serperior|7/100
|move|p1a: Serperior|Leaf Storm|p2a: Azumarill|[miss]
|-miss|p1a: Serperior|p2a: Azumarill
|
|-heal|p1a: Serperior|14/100|[from] item: Leftovers
|upkeep
|turn|21
|
|t:|1758357419
|move|p2a: Azumarill|Aqua Jet|p1a: Serperior
|-resisted|p1a: Serperior
|-damage|p1a: Serperior|0 fnt
|faint|p1a: Serperior
|
|upkeep
|
|t:|1758357425
|switch|p1a: Zamazenta|Zamazenta|59/100 brn
|turn|22
|
|t:|1758357429
|move|p1a: Zamazenta|Heavy Slam|p2a: Azumarill
|-supereffective|p2a: Azumarill
|-damage|p2a: Azumarill|10/100
|move|p2a: Azumarill|Play Rough|p1a: Zamazenta
|-supereffective|p1a: Zamazenta
|-damage|p1a: Zamazenta|0 fnt
|faint|p1a: Zamazenta
|
|upkeep
|
|t:|1758357439
|switch|p1a: Iron Treads|Iron Treads|100/100
|-damage|p1a: Iron Treads|98/100|[from] Stealth Rock
|-enditem|p1a: Iron Treads|Booster Energy
|-activate|p1a: Iron Treads|ability: Quark Drive|[fromitem]
|-start|p1a: Iron Treads|quarkdriveatk
|turn|23
|
|t:|1758357444
|move|p2a: Azumarill|Aqua Jet|p1a: Iron Treads
|-supereffective|p1a: Iron Treads
|-damage|p1a: Iron Treads|58/100
|move|p1a: Iron Treads|Rapid Spin|p2a: Azumarill
|-crit|p2a: Azumarill
|-damage|p2a: Azumarill|0 fnt
|-boost|p1a: Iron Treads|spe|1
|-sideend|p1: kopoxokop|Stealth Rock|[from] move: Rapid Spin|[of] p1a: Iron Treads
|faint|p2a: Azumarill
|
|upkeep
|
|t:|1758357453
|switch|p2a: Donphan|Donphan, M|100/100
|turn|24
|
|t:|1758357457
|move|p1a: Iron Treads|Ice Spinner|p2a: Donphan
|-supereffective|p2a: Donphan
|-damage|p2a: Donphan|59/100
|move|p2a: Donphan|Earthquake|p1a: Iron Treads
|-supereffective|p1a: Iron Treads
|-damage|p1a: Iron Treads|0 fnt
|faint|p1a: Iron Treads
|-end|p1a: Iron Treads|Quark Drive|[silent]
|
|-heal|p2a: Donphan|66/100|[from] item: Leftovers
|upkeep
|
|t:|1758357461
|switch|p1a: Greninja|Greninja, M|20/100
|turn|25
|
|t:|1758357470
|move|p1a: Greninja|Surf|p2a: Donphan
|-supereffective|p2a: Donphan
|-damage|p2a: Donphan|0 fnt
|faint|p2a: Donphan
|-ability|p1a: Greninja|Battle Bond|boost
|-boost|p1a: Greninja|atk|1
|-boost|p1a: Greninja|spa|1
|-boost|p1a: Greninja|spe|1
|-activate|p1a: Greninja|ability: Battle Bond
|
|upkeep
|
|t:|1758357477
|switch|p2a: Scizor|Scizor, M|13/100
|turn|26
|
|t:|1758357480
|move|p2a: Scizor|Bullet Punch|p1a: Greninja
|-resisted|p1a: Greninja
|-damage|p1a: Greninja|0 fnt
|faint|p1a: Greninja
|
|upkeep
|
|t:|1758357482
|switch|p1a: Iron Moth|Iron Moth, tera:Fairy|29/100
|turn|27
|
|t:|1758357486
|move|p2a: Scizor|Bullet Punch|p1a: Iron Moth
|-supereffective|p1a: Iron Moth
|-damage|p1a: Iron Moth|0 fnt
|faint|p1a: Iron Moth
|-end|p1a: Iron Moth|Quark Drive|[silent]
|
|win|LuthStar
|raw|kopoxokop's rating: 1270 &rarr; <strong>1240</strong><br />(-30 for losing)
|raw|LuthStar's rating: 1201 &rarr; <strong>1231</strong><br />(+30 for winning)
|l|☆kopoxokop
|player|p1|
|l|☆LuthStar
|player|p2|
