|j|☆Modgrols
|j|‽SirPops
|t:|1758234980
|gametype|singles
|player|p1|Modgrols|scientist-gen4dp|1219
|player|p2|SirPops|red|1242
|gen|9
|tier|[Gen 9] OU
|rated|
|rule|HP Percentage Mod: HP is shown in percentages
|rule|Endless Battle Clause: Forcing endless battles is banned
|rule|Species Clause: Limit one of each Pokémon
|rule|OHKO Clause: OHKO moves are banned
|rule|Evasion Items Clause: Evasion items are banned
|rule|Evasion Moves Clause: Evasion moves are banned
|rule|Evasion Abilities Clause: Evasion abilities are banned
|rule|Sleep Moves Clause: Sleep-inducing moves are banned
|clearpoke
|poke|p1|Electrode-Hisui|
|poke|p1|Gallade, M|
|poke|p1|Slowking-Galar, F|
|poke|p1|Alomomola, M|
|poke|p1|Great Tusk|
|poke|p1|Landorus-Therian, M|
|poke|p2|Snorlax, M|
|poke|p2|Masquerain, M|
|poke|p2|Rotom-Frost|
|poke|p2|Weezing-Galar, M|
|poke|p2|Honchkrow, M|
|poke|p2|Iron Thorns|
|teampreview
|
|t:|1758234994
|teamsize|p1|6
|teamsize|p2|6
|start
|switch|p1a: Electrode|Electrode-Hisui, shiny|100/100
|switch|p2a: Masquerain|Masquerain, M|100/100
|-ability|p2a: Masquerain|Intimidate|boost
|-unboost|p1a: Electrode|atk|1
|turn|1
|inactive|Battle timer is ON: inactive players will automatically lose when time's up. (requested by Modgrols)
|
|t:|1758235007
|-terastallize|p2a: Masquerain|Ground
|move|p1a: Electrode|Volt Switch|p2a: Masquerain
|-immune|p2a: Masquerain
|move|p2a: Masquerain|Quiver Dance|p2a: Masquerain
|-boost|p2a: Masquerain|spa|1
|-boost|p2a: Masquerain|spd|1
|-boost|p2a: Masquerain|spe|1
|
|upkeep
|turn|2
|
|t:|1758235017
|switch|p1a: Slowking|Slowking-Galar, F|100/100
|move|p2a: Masquerain|Bug Buzz|p1a: Slowking
|-damage|p1a: Slowking|64/100
|-unboost|p1a: Slowking|spd|1
|
|upkeep
|turn|3
|
|t:|1758235027
|move|p2a: Masquerain|Bug Buzz|p1a: Slowking
|-damage|p1a: Slowking|5/100
|move|p1a: Slowking|Toxic|p2a: Masquerain
|-status|p2a: Masquerain|tox
|
|-damage|p2a: Masquerain|94/100 tox|[from] psn
|upkeep
|turn|4
|inactive|SirPops has 120 seconds left.
|
|t:|1758235075
|move|p2a: Masquerain|Bug Buzz|p1a: Slowking
|-damage|p1a: Slowking|0 fnt
|faint|p1a: Slowking
|
|-damage|p2a: Masquerain|82/100 tox|[from] psn
|upkeep
|
|t:|1758235082
|switch|p1a: Electrode|Electrode-Hisui, shiny|100/100
|turn|5
|
|t:|1758235088
|move|p1a: Electrode|Leaf Storm|p2a: Masquerain
|-supereffective|p2a: Masquerain
|-damage|p2a: Masquerain|0 fnt
|-unboost|p1a: Electrode|spa|2
|faint|p2a: Masquerain
|
|upkeep
|
|t:|1758235092
|switch|p2a: Snorlax|Snorlax, M|100/100
|turn|6
|
|t:|1758235097
|switch|p1a: Gallade|Gallade, M, shiny|100/100
|move|p2a: Snorlax|Curse|p2a: Snorlax
|-unboost|p2a: Snorlax|spe|1
|-boost|p2a: Snorlax|atk|1
|-boost|p2a: Snorlax|def|1
|
|upkeep
|turn|7
|
|t:|1758235105
|move|p1a: Gallade|Sacred Sword|p2a: Snorlax
|-supereffective|p2a: Snorlax
|-damage|p2a: Snorlax|0 fnt
|faint|p2a: Snorlax
|
|upkeep
|
|t:|1758235112
|switch|p2a: Honchkrow|Honchkrow, M|100/100
|turn|8
|
|t:|1758235116
|move|p1a: Gallade|Sacred Sword|p2a: Honchkrow
|-damage|p2a: Honchkrow|0 fnt
|faint|p2a: Honchkrow
|
|upkeep
|
|t:|1758235136
|switch|p2a: Weezing|Weezing-Galar, M|100/100
|turn|9
|
|t:|1758235139
|switch|p1a: Alomomola|Alomomola, M, shiny|100/100
|move|p2a: Weezing|Toxic|p1a: Alomomola
|-status|p1a: Alomomola|tox
|
|-damage|p1a: Alomomola|94/100 tox|[from] psn
|upkeep
|turn|10
|
|t:|1758235154
|move|p2a: Weezing|Venoshock|p1a: Alomomola
|-damage|p1a: Alomomola|31/100 tox
|move|p1a: Alomomola|Flip Turn|p2a: Weezing
|-damage|p2a: Weezing|83/100
|
|t:|1758235160
|switch|p1a: Gallade|Gallade, M, shiny|100/100|[from] Flip Turn
|
|upkeep
|turn|11
|c|☆Modgrols|Gg
|
|t:|1758235169
|move|p1a: Gallade|Psycho Cut|p2a: Weezing
|-supereffective|p2a: Weezing
|-damage|p2a: Weezing|0 fnt
|faint|p2a: Weezing
|
|upkeep
|
|t:|1758235173
|switch|p2a: Iron Thorns|Iron Thorns, shiny|100/100
|turn|12
|
|t:|1758235177
|move|p1a: Gallade|Psycho Cut|p2a: Iron Thorns
|-damage|p2a: Iron Thorns|33/100
|move|p2a: Iron Thorns|Dragon Dance|p2a: Iron Thorns
|-boost|p2a: Iron Thorns|atk|1
|-boost|p2a: Iron Thorns|spe|1
|
|upkeep
|turn|13
|
|t:|1758235183
|switch|p1a: Landorus|Landorus-Therian, M|100/100
|-ability|p1a: Landorus|Intimidate|boost
|-unboost|p2a: Iron Thorns|atk|1
|move|p2a: Iron Thorns|Supercell Slam|p1a: Landorus
|-immune|p1a: Landorus
|-damage|p2a: Iron Thorns|0 fnt|[from] supercellslam
|faint|p2a: Iron Thorns
|-end|p2a: Iron Thorns|Quark Drive|[silent]
|
|upkeep
|
|t:|1758235199
|switch|p2a: Rotom|Rotom-Frost|100/100
|turn|14
|
|t:|1758235202
|move|p1a: Landorus|U-turn|p2a: Rotom
|-damage|p2a: Rotom|78/100
|
|t:|1758235206
|switch|p1a: Alomomola|Alomomola, M, shiny|64/100 tox|[from] U-turn
|move|p2a: Rotom|Blizzard|p1a: Alomomola
|-resisted|p1a: Alomomola
|-damage|p1a: Alomomola|38/100 tox
|
|-damage|p1a: Alomomola|31/100 tox|[from] psn
|upkeep
|turn|15
|
|t:|1758235222
|move|p2a: Rotom|Hex|p1a: Alomomola
|-damage|p1a: Alomomola|0 fnt
|faint|p1a: Alomomola
|
|upkeep
|
|t:|1758235227
|switch|p1a: Gallade|Gallade, M, shiny|100/100
|turn|16
|
|t:|1758235240
|move|p1a: Gallade|Sacred Sword|p2a: Rotom
|-supereffective|p2a: Rotom
|-damage|p2a: Rotom|0 fnt
|faint|p2a: Rotom
|
|win|Modgrols
|raw|Modgrols's rating: 1219 &rarr; <strong>1246</strong><br />(+27 for winning)
|raw|SirPops's rating: 1242 &rarr; <strong>1215</strong><br />(-27 for losing)
|l|‽SirPops
|player|p2|
