|j|☆Lolfrog123
|j|☆roberto7878
|t:|1758265148
|gametype|singles
|player|p1|Lolfrog123|1|1383
|player|p2|roberto7878|102|1328
|gen|9
|tier|[Gen 9] OU
|rated|
|rule|HP Percentage Mod: HP is shown in percentages
|rule|Endless Battle Clause: Forcing endless battles is banned
|rule|Species Clause: Limit one of each Pokémon
|rule|OHKO Clause: OHKO moves are banned
|rule|Evasion Items Clause: Evasion items are banned
|rule|Evasion Moves Clause: Evasion moves are banned
|rule|Evasion Abilities Clause: Evasion abilities are banned
|rule|Sleep Moves Clause: Sleep-inducing moves are banned
|clearpoke
|poke|p1|Dondozo, F|
|poke|p1|Blissey, F|
|poke|p1|Corviknight, M|
|poke|p1|Gliscor, M|
|poke|p1|Toxapex, M|
|poke|p1|Pecharunt|
|poke|p2|Dragonite, F|
|poke|p2|Great Tusk|
|poke|p2|Kyurem|
|poke|p2|Gyarados, M|
|poke|p2|Enamorus, F|
|poke|p2|Garganacl, F|
|teampreview
|
|t:|1758265161
|teamsize|p1|6
|teamsize|p2|6
|start
|switch|p1a: Gliscor|Gliscor, M|100/100
|switch|p2a: Great Tusk|Great Tusk|100/100
|turn|1
|inactive|Battle timer is ON: inactive players will automatically lose when time's up. (requested by roberto7878)
|
|t:|1758265169
|move|p1a: Gliscor|Protect|p1a: Gliscor
|-singleturn|p1a: Gliscor|Protect
|move|p2a: Great Tusk|Bulk Up|p2a: Great Tusk
|-boost|p2a: Great Tusk|atk|1
|-boost|p2a: Great Tusk|def|1
|
|-status|p1a: Gliscor|tox|[from] item: Toxic Orb
|upkeep
|turn|2
|
|t:|1758265179
|switch|p1a: Corviknight|Corviknight, M|100/100
|-ability|p1a: Corviknight|Pressure
|move|p2a: Great Tusk|Bulk Up|p2a: Great Tusk
|-boost|p2a: Great Tusk|atk|1
|-boost|p2a: Great Tusk|def|1
|
|upkeep
|turn|3
|
|t:|1758265194
|move|p2a: Great Tusk|Ice Spinner|p1a: Corviknight
|-damage|p1a: Corviknight|63/100
|move|p1a: Corviknight|Iron Defense|p1a: Corviknight
|-boost|p1a: Corviknight|def|2
|
|-heal|p1a: Corviknight|69/100|[from] item: Leftovers
|upkeep
|turn|4
|
|t:|1758265209
|move|p2a: Great Tusk|Bulk Up|p2a: Great Tusk
|-boost|p2a: Great Tusk|atk|1
|-boost|p2a: Great Tusk|def|1
|move|p1a: Corviknight|Iron Defense|p1a: Corviknight
|-boost|p1a: Corviknight|def|2
|
|-heal|p1a: Corviknight|75/100|[from] item: Leftovers
|upkeep
|turn|5
|
|t:|1758265218
|move|p2a: Great Tusk|Ice Spinner|p1a: Corviknight
|-damage|p1a: Corviknight|60/100
|move|p1a: Corviknight|Body Press|p2a: Great Tusk
|-damage|p2a: Great Tusk|79/100
|
|-heal|p2a: Great Tusk|86/100|[from] item: Leftovers
|-heal|p1a: Corviknight|66/100|[from] item: Leftovers
|upkeep
|turn|6
|
|t:|1758265229
|move|p2a: Great Tusk|Ice Spinner|p1a: Corviknight
|-damage|p1a: Corviknight|49/100
|move|p1a: Corviknight|Iron Defense|p1a: Corviknight
|-boost|p1a: Corviknight|def|2
|
|-heal|p2a: Great Tusk|92/100|[from] item: Leftovers
|-heal|p1a: Corviknight|56/100|[from] item: Leftovers
|upkeep
|turn|7
|
|t:|1758265240
|move|p2a: Great Tusk|Bulk Up|p2a: Great Tusk
|-boost|p2a: Great Tusk|atk|1
|-boost|p2a: Great Tusk|def|1
|move|p1a: Corviknight|Body Press|p2a: Great Tusk
|-damage|p2a: Great Tusk|71/100
|
|-heal|p2a: Great Tusk|78/100|[from] item: Leftovers
|-heal|p1a: Corviknight|62/100|[from] item: Leftovers
|upkeep
|turn|8
|
|t:|1758265250
|move|p2a: Great Tusk|Bulk Up|p2a: Great Tusk
|-boost|p2a: Great Tusk|atk|1
|-boost|p2a: Great Tusk|def|1
|move|p1a: Corviknight|Body Press|p2a: Great Tusk
|-damage|p2a: Great Tusk|59/100
|
|-heal|p2a: Great Tusk|65/100|[from] item: Leftovers
|-heal|p1a: Corviknight|68/100|[from] item: Leftovers
|upkeep
|turn|9
|
|t:|1758265259
|move|p2a: Great Tusk|Bulk Up|p2a: Great Tusk
|-boost|p2a: Great Tusk|atk|1
|-boost|p2a: Great Tusk|def|1
|move|p1a: Corviknight|Body Press|p2a: Great Tusk
|-damage|p2a: Great Tusk|50/100
|
|-heal|p2a: Great Tusk|56/100|[from] item: Leftovers
|-heal|p1a: Corviknight|74/100|[from] item: Leftovers
|upkeep
|turn|10
|
|t:|1758265269
|move|p2a: Great Tusk|Ice Spinner|p1a: Corviknight
|-damage|p1a: Corviknight|57/100
|move|p1a: Corviknight|Body Press|p2a: Great Tusk
|-damage|p2a: Great Tusk|39/100
|
|-heal|p2a: Great Tusk|45/100|[from] item: Leftovers
|-heal|p1a: Corviknight|63/100|[from] item: Leftovers
|upkeep
|turn|11
|
|t:|1758265278
|move|p2a: Great Tusk|Ice Spinner|p1a: Corviknight
|-damage|p1a: Corviknight|44/100
|move|p1a: Corviknight|Body Press|p2a: Great Tusk
|-damage|p2a: Great Tusk|29/100
|
|-heal|p2a: Great Tusk|35/100|[from] item: Leftovers
|-heal|p1a: Corviknight|50/100|[from] item: Leftovers
|upkeep
|turn|12
|
|t:|1758265288
|move|p2a: Great Tusk|Ice Spinner|p1a: Corviknight
|-damage|p1a: Corviknight|33/100
|move|p1a: Corviknight|Roost|p1a: Corviknight
|-heal|p1a: Corviknight|83/100
|-singleturn|p1a: Corviknight|move: Roost
|
|-heal|p2a: Great Tusk|41/100|[from] item: Leftovers
|-heal|p1a: Corviknight|90/100|[from] item: Leftovers
|upkeep
|turn|13
|
|t:|1758265298
|move|p2a: Great Tusk|Headlong Rush|p1a: Corviknight
|-immune|p1a: Corviknight
|move|p1a: Corviknight|Body Press|p2a: Great Tusk
|-damage|p2a: Great Tusk|24/100
|
|-heal|p2a: Great Tusk|30/100|[from] item: Leftovers
|-heal|p1a: Corviknight|96/100|[from] item: Leftovers
|upkeep
|turn|14
|
|t:|1758265313
|-terastallize|p2a: Great Tusk|Ghost
|move|p2a: Great Tusk|Ice Spinner|p1a: Corviknight
|-damage|p1a: Corviknight|76/100
|move|p1a: Corviknight|Body Press|p2a: Great Tusk
|-immune|p2a: Great Tusk
|
|-heal|p2a: Great Tusk|37/100|[from] item: Leftovers
|-heal|p1a: Corviknight|83/100|[from] item: Leftovers
|upkeep
|turn|15
|
|t:|1758265323
|move|p2a: Great Tusk|Ice Spinner|p1a: Corviknight
|-damage|p1a: Corviknight|66/100
|move|p1a: Corviknight|Iron Defense|p1a: Corviknight
|-boost|p1a: Corviknight|def|0
|
|-heal|p2a: Great Tusk|43/100|[from] item: Leftovers
|-heal|p1a: Corviknight|72/100|[from] item: Leftovers
|upkeep
|turn|16
|
|t:|1758265337
|move|p2a: Great Tusk|Rapid Spin|p1a: Corviknight
|-resisted|p1a: Corviknight
|-damage|p1a: Corviknight|66/100
|-boost|p2a: Great Tusk|spe|1
|move|p1a: Corviknight|Iron Defense|p1a: Corviknight
|-boost|p1a: Corviknight|def|0
|
|-heal|p2a: Great Tusk|49/100|[from] item: Leftovers
|-heal|p1a: Corviknight|72/100|[from] item: Leftovers
|upkeep
|turn|17
|
|t:|1758265348
|move|p2a: Great Tusk|Rapid Spin|p1a: Corviknight
|-resisted|p1a: Corviknight
|-damage|p1a: Corviknight|66/100
|-boost|p2a: Great Tusk|spe|1
|move|p1a: Corviknight|Iron Defense|p1a: Corviknight
|-boost|p1a: Corviknight|def|0
|
|-heal|p2a: Great Tusk|55/100|[from] item: Leftovers
|-heal|p1a: Corviknight|72/100|[from] item: Leftovers
|upkeep
|turn|18
|
|t:|1758265359
|switch|p1a: Dondozo|Dondozo, F|100/100
|move|p2a: Great Tusk|Rapid Spin|p1a: Dondozo
|-damage|p1a: Dondozo|91/100
|-boost|p2a: Great Tusk|spe|1
|
|-heal|p2a: Great Tusk|62/100|[from] item: Leftovers
|-heal|p1a: Dondozo|97/100|[from] item: Leftovers
|upkeep
|turn|19
|
|t:|1758265371
|move|p2a: Great Tusk|Headlong Rush|p1a: Dondozo
|-damage|p1a: Dondozo|66/100
|-unboost|p2a: Great Tusk|def|1
|-unboost|p2a: Great Tusk|spd|1
|move|p1a: Dondozo|Avalanche|p2a: Great Tusk
|-damage|p2a: Great Tusk|45/100
|
|-heal|p2a: Great Tusk|51/100|[from] item: Leftovers
|-heal|p1a: Dondozo|72/100|[from] item: Leftovers
|upkeep
|turn|20
|
|t:|1758265385
|move|p2a: Great Tusk|Headlong Rush|p1a: Dondozo
|-damage|p1a: Dondozo|43/100
|-unboost|p2a: Great Tusk|def|1
|-unboost|p2a: Great Tusk|spd|1
|move|p1a: Dondozo|Avalanche|p2a: Great Tusk
|-damage|p2a: Great Tusk|33/100
|
|-heal|p2a: Great Tusk|40/100|[from] item: Leftovers
|-heal|p1a: Dondozo|49/100|[from] item: Leftovers
|upkeep
|turn|21
|
|t:|1758265398
|move|p2a: Great Tusk|Headlong Rush|p1a: Dondozo
|-damage|p1a: Dondozo|19/100
|-unboost|p2a: Great Tusk|def|1
|-unboost|p2a: Great Tusk|spd|1
|move|p1a: Dondozo|Rest|p1a: Dondozo
|-status|p1a: Dondozo|slp|[from] move: Rest
|-heal|p1a: Dondozo|100/100 slp|[silent]
|
|-heal|p2a: Great Tusk|46/100|[from] item: Leftovers
|upkeep
|turn|22
|
|t:|1758265409
|move|p2a: Great Tusk|Bulk Up|p2a: Great Tusk
|-boost|p2a: Great Tusk|atk|0
|-boost|p2a: Great Tusk|def|1
|cant|p1a: Dondozo|slp
|move|p1a: Dondozo|Sleep Talk|p1a: Dondozo
|move|p1a: Dondozo|Body Press|p2a: Great Tusk|[from] move: Sleep Talk
|-immune|p2a: Great Tusk
|
|-heal|p2a: Great Tusk|52/100|[from] item: Leftovers
|upkeep
|turn|23
|
|t:|1758265424
|move|p2a: Great Tusk|Headlong Rush|p1a: Dondozo
|-damage|p1a: Dondozo|69/100 slp
|-unboost|p2a: Great Tusk|def|1
|-unboost|p2a: Great Tusk|spd|1
|cant|p1a: Dondozo|slp
|move|p1a: Dondozo|Sleep Talk|p1a: Dondozo
|move|p1a: Dondozo|Rest||[from] move: Sleep Talk|[still]
|-fail|p1a: Dondozo
|
|-heal|p2a: Great Tusk|58/100|[from] item: Leftovers
|-heal|p1a: Dondozo|75/100 slp|[from] item: Leftovers
|upkeep
|turn|24
|
|t:|1758265436
|move|p2a: Great Tusk|Bulk Up|p2a: Great Tusk
|-boost|p2a: Great Tusk|atk|0
|-boost|p2a: Great Tusk|def|1
|-curestatus|p1a: Dondozo|slp|[msg]
|move|p1a: Dondozo|Avalanche|p2a: Great Tusk
|-damage|p2a: Great Tusk|50/100
|
|-heal|p2a: Great Tusk|56/100|[from] item: Leftovers
|-heal|p1a: Dondozo|81/100|[from] item: Leftovers
|upkeep
|turn|25
|
|t:|1758265448
|move|p2a: Great Tusk|Bulk Up|p2a: Great Tusk
|-boost|p2a: Great Tusk|atk|0
|-boost|p2a: Great Tusk|def|1
|move|p1a: Dondozo|Avalanche|p2a: Great Tusk
|-damage|p2a: Great Tusk|48/100
|
|-heal|p2a: Great Tusk|54/100|[from] item: Leftovers
|-heal|p1a: Dondozo|87/100|[from] item: Leftovers
|upkeep
|turn|26
|
|t:|1758265459
|-end|p2a: Great Tusk|Protosynthesis|[silent]
|switch|p2a: Garganacl|Garganacl, F|100/100
|move|p1a: Dondozo|Body Press|p2a: Garganacl
|-supereffective|p2a: Garganacl
|-damage|p2a: Garganacl|61/100
|
|-heal|p1a: Dondozo|93/100|[from] item: Leftovers
|-heal|p2a: Garganacl|68/100|[from] item: Leftovers
|upkeep
|turn|27
|
|t:|1758265471
|switch|p1a: Gliscor|Gliscor, M|100/100 tox
|move|p2a: Garganacl|Iron Defense|p2a: Garganacl
|-boost|p2a: Garganacl|def|2
|
|-heal|p2a: Garganacl|74/100|[from] item: Leftovers
|upkeep
|turn|28
|
|t:|1758265484
|move|p1a: Gliscor|Spikes|p2a: Garganacl
|-sidestart|p2: roberto7878|Spikes
|move|p2a: Garganacl|Recover|p2a: Garganacl
|-heal|p2a: Garganacl|100/100
|
|upkeep
|turn|29
|
|t:|1758265491
|switch|p1a: Toxapex|Toxapex, M|100/100
|move|p2a: Garganacl|Salt Cure|p1a: Toxapex
|-damage|p1a: Toxapex|89/100
|-start|p1a: Toxapex|Salt Cure
|
|-heal|p1a: Toxapex|96/100|[from] item: Leftovers
|-damage|p1a: Toxapex|71/100|[from] Salt Cure
|upkeep
|turn|30
|
|t:|1758265502
|move|p1a: Toxapex|Toxic|p2a: Garganacl
|-immune|p2a: Garganacl|[from] ability: Purifying Salt
|move|p2a: Garganacl|Body Press|p1a: Toxapex
|-resisted|p1a: Toxapex
|-damage|p1a: Toxapex|51/100
|
|-heal|p1a: Toxapex|58/100|[from] item: Leftovers
|-damage|p1a: Toxapex|33/100|[from] Salt Cure
|upkeep
|turn|31
|
|t:|1758265513
|switch|p1a: Pecharunt|Pecharunt|100/100
|move|p2a: Garganacl|Iron Defense|p2a: Garganacl
|-boost|p2a: Garganacl|def|2
|
|upkeep
|turn|32
|
|t:|1758265519
|move|p1a: Pecharunt|Night Shade|p2a: Garganacl
|-damage|p2a: Garganacl|76/100
|move|p2a: Garganacl|Salt Cure|p1a: Pecharunt
|-damage|p1a: Pecharunt|93/100
|-start|p1a: Pecharunt|Salt Cure
|
|-heal|p1a: Pecharunt|99/100|[from] item: Leftovers
|-heal|p2a: Garganacl|82/100|[from] item: Leftovers
|-damage|p1a: Pecharunt|87/100|[from] Salt Cure
|upkeep
|turn|33
|
|t:|1758265533
|move|p1a: Pecharunt|Night Shade|p2a: Garganacl
|-damage|p2a: Garganacl|57/100
|move|p2a: Garganacl|Iron Defense|p2a: Garganacl
|-boost|p2a: Garganacl|def|2
|
|-heal|p1a: Pecharunt|93/100|[from] item: Leftovers
|-heal|p2a: Garganacl|63/100|[from] item: Leftovers
|-damage|p1a: Pecharunt|81/100|[from] Salt Cure
|upkeep
|turn|34
|
|t:|1758265544
|switch|p1a: Dondozo|Dondozo, F|93/100
|move|p2a: Garganacl|Salt Cure|p1a: Dondozo
|-damage|p1a: Dondozo|87/100
|-start|p1a: Dondozo|Salt Cure
|
|-heal|p1a: Dondozo|93/100|[from] item: Leftovers
|-heal|p2a: Garganacl|70/100|[from] item: Leftovers
|-damage|p1a: Dondozo|68/100|[from] Salt Cure
|upkeep
|turn|35
|
|t:|1758265554
|move|p1a: Dondozo|Body Press|p2a: Garganacl
|-supereffective|p2a: Garganacl
|-damage|p2a: Garganacl|33/100
|move|p2a: Garganacl|Body Press|p1a: Dondozo
|-damage|p1a: Dondozo|59/100
|
|-heal|p1a: Dondozo|65/100|[from] item: Leftovers
|-heal|p2a: Garganacl|40/100|[from] item: Leftovers
|-damage|p1a: Dondozo|40/100|[from] Salt Cure
|upkeep
|turn|36
|
|t:|1758265564
|move|p1a: Dondozo|Body Press|p2a: Garganacl
|-supereffective|p2a: Garganacl
|-damage|p2a: Garganacl|4/100
|move|p2a: Garganacl|Recover|p2a: Garganacl
|-heal|p2a: Garganacl|54/100
|
|-heal|p1a: Dondozo|46/100|[from] item: Leftovers
|-heal|p2a: Garganacl|61/100|[from] item: Leftovers
|-damage|p1a: Dondozo|21/100|[from] Salt Cure
|upkeep
|turn|37
|
|t:|1758265575
|move|p1a: Dondozo|Rest|p1a: Dondozo
|-status|p1a: Dondozo|slp|[from] move: Rest
|-heal|p1a: Dondozo|100/100 slp|[silent]
|move|p2a: Garganacl|Recover|p2a: Garganacl
|-heal|p2a: Garganacl|100/100
|
|-damage|p1a: Dondozo|76/100 slp|[from] Salt Cure
|upkeep
|turn|38
|
|t:|1758265588
|switch|p1a: Toxapex|Toxapex, M|66/100
|move|p2a: Garganacl|Body Press|p1a: Toxapex
|-resisted|p1a: Toxapex
|-damage|p1a: Toxapex|31/100
|
|-heal|p1a: Toxapex|37/100|[from] item: Leftovers
|upkeep
|turn|39
|
|t:|1758265599
|switch|p1a: Pecharunt|Pecharunt|81/100
|move|p2a: Garganacl|Salt Cure|p1a: Pecharunt
|-damage|p1a: Pecharunt|74/100
|-start|p1a: Pecharunt|Salt Cure
|
|-heal|p1a: Pecharunt|80/100|[from] item: Leftovers
|-damage|p1a: Pecharunt|67/100|[from] Salt Cure
|upkeep
|turn|40
|
|t:|1758265610
|switch|p1a: Toxapex|Toxapex, M|71/100
|move|p2a: Garganacl|Salt Cure|p1a: Toxapex
|-damage|p1a: Toxapex|60/100
|-start|p1a: Toxapex|Salt Cure
|
|-heal|p1a: Toxapex|67/100|[from] item: Leftovers
|-damage|p1a: Toxapex|42/100|[from] Salt Cure
|upkeep
|turn|41
|
|t:|1758265623
|switch|p1a: Gliscor|Gliscor, M|100/100 tox
|move|p2a: Garganacl|Salt Cure|p1a: Gliscor
|-damage|p1a: Gliscor|89/100 tox
|-start|p1a: Gliscor|Salt Cure
|
|-heal|p1a: Gliscor|100/100 tox|[from] ability: Poison Heal
|-damage|p1a: Gliscor|88/100 tox|[from] Salt Cure
|upkeep
|turn|42
|
|t:|1758265633
|move|p1a: Gliscor|Spikes|p2a: Garganacl
|-sidestart|p2: roberto7878|Spikes
|move|p2a: Garganacl|Body Press|p1a: Gliscor
|-resisted|p1a: Gliscor
|-damage|p1a: Gliscor|52/100 tox
|
|-heal|p1a: Gliscor|64/100 tox|[from] ability: Poison Heal
|-damage|p1a: Gliscor|52/100 tox|[from] Salt Cure
|upkeep
|turn|43
|
|t:|1758265644
|switch|p1a: Pecharunt|Pecharunt|67/100
|move|p2a: Garganacl|Salt Cure|p1a: Pecharunt
|-damage|p1a: Pecharunt|60/100
|-start|p1a: Pecharunt|Salt Cure
|
|-heal|p1a: Pecharunt|66/100|[from] item: Leftovers
|-damage|p1a: Pecharunt|54/100|[from] Salt Cure
|upkeep
|turn|44
|
|t:|1758265654
|move|p1a: Pecharunt|Recover|p1a: Pecharunt
|-heal|p1a: Pecharunt|100/100
|move|p2a: Garganacl|Salt Cure|p1a: Pecharunt
|-damage|p1a: Pecharunt|94/100
|
|-heal|p1a: Pecharunt|99/100|[from] item: Leftovers
|-damage|p1a: Pecharunt|88/100|[from] Salt Cure
|upkeep
|turn|45
|
|t:|1758265677
|switch|p1a: Toxapex|Toxapex, M|75/100
|move|p2a: Garganacl|Salt Cure|p1a: Toxapex
|-damage|p1a: Toxapex|63/100
|-start|p1a: Toxapex|Salt Cure
|
|-heal|p1a: Toxapex|69/100|[from] item: Leftovers
|-damage|p1a: Toxapex|44/100|[from] Salt Cure
|upkeep
|turn|46
|
|t:|1758265688
|move|p1a: Toxapex|Recover|p1a: Toxapex
|-heal|p1a: Toxapex|94/100
|move|p2a: Garganacl|Body Press|p1a: Toxapex
|-resisted|p1a: Toxapex
|-damage|p1a: Toxapex|59/100
|
|-heal|p1a: Toxapex|65/100|[from] item: Leftovers
|-damage|p1a: Toxapex|40/100|[from] Salt Cure
|upkeep
|turn|47
|
|t:|1758265703
|switch|p1a: Pecharunt|Pecharunt|88/100
|switch|p2a: Gyarados|Gyarados, M|100/100
|
|-heal|p1a: Pecharunt|94/100|[from] item: Leftovers
|upkeep
|turn|48
|
|t:|1758265711
|move|p2a: Gyarados|Earthquake|p1a: Pecharunt
|-supereffective|p1a: Pecharunt
|-damage|p1a: Pecharunt|59/100
|move|p1a: Pecharunt|Toxic|p2a: Gyarados
|-status|p2a: Gyarados|tox
|-start|p2a: Gyarados|confusion|[from] ability: Poison Puppeteer|[of] p1a: Pecharunt
|
|-heal|p1a: Pecharunt|65/100|[from] item: Leftovers
|-damage|p2a: Gyarados|94/100 tox|[from] psn
|upkeep
|turn|49
|
|t:|1758265727
|switch|p2a: Great Tusk|Great Tusk, tera:Ghost|54/100
|-damage|p2a: Great Tusk|38/100|[from] Spikes
|move|p1a: Pecharunt|Recover|p1a: Pecharunt
|-heal|p1a: Pecharunt|100/100
|
|-heal|p2a: Great Tusk|44/100|[from] item: Leftovers
|upkeep
|turn|50
|
|t:|1758265738
|move|p1a: Pecharunt|Night Shade|p2a: Great Tusk
|-damage|p2a: Great Tusk|21/100
|move|p2a: Great Tusk|Headlong Rush|p1a: Pecharunt
|-supereffective|p1a: Pecharunt
|-damage|p1a: Pecharunt|31/100
|-unboost|p2a: Great Tusk|def|1
|-unboost|p2a: Great Tusk|spd|1
|
|-heal|p1a: Pecharunt|37/100|[from] item: Leftovers
|-heal|p2a: Great Tusk|27/100|[from] item: Leftovers
|upkeep
|turn|51
|
|t:|1758265749
|switch|p1a: Corviknight|Corviknight, M|72/100
|-ability|p1a: Corviknight|Pressure
|move|p2a: Great Tusk|Rapid Spin|p1a: Corviknight
|-resisted|p1a: Corviknight
|-damage|p1a: Corviknight|67/100
|-boost|p2a: Great Tusk|spe|1
|-sideend|p2: roberto7878|Spikes|[from] move: Rapid Spin|[of] p2a: Great Tusk
|
|-heal|p2a: Great Tusk|33/100|[from] item: Leftovers
|-heal|p1a: Corviknight|73/100|[from] item: Leftovers
|upkeep
|turn|52
|
|t:|1758265762
|-end|p2a: Great Tusk|Protosynthesis|[silent]
|switch|p2a: Enamorus|Enamorus, F|100/100
|move|p1a: Corviknight|Iron Defense|p1a: Corviknight
|-boost|p1a: Corviknight|def|2
|
|-heal|p1a: Corviknight|79/100|[from] item: Leftovers
|upkeep
|turn|53
|
|t:|1758265770
|switch|p1a: Blissey|Blissey, F|100/100
|move|p2a: Enamorus|Mystical Fire|p1a: Blissey
|-damage|p1a: Blissey|93/100
|-unboost|p1a: Blissey|spa|1
|
|-heal|p1a: Blissey|99/100|[from] item: Leftovers
|upkeep
|turn|54
|
|t:|1758265780
|switch|p2a: Great Tusk|Great Tusk, tera:Ghost|33/100
|move|p1a: Blissey|Stealth Rock|p2a: Great Tusk
|-sidestart|p2: roberto7878|move: Stealth Rock
|
|-heal|p2a: Great Tusk|39/100|[from] item: Leftovers
|-heal|p1a: Blissey|100/100|[from] item: Leftovers
|upkeep
|turn|55
|
|t:|1758265797
|move|p2a: Great Tusk|Rapid Spin|p1a: Blissey
|-damage|p1a: Blissey|81/100
|-boost|p2a: Great Tusk|spe|1
|-sideend|p2: roberto7878|Stealth Rock|[from] move: Rapid Spin|[of] p2a: Great Tusk
|move|p1a: Blissey|Stealth Rock|p2a: Great Tusk
|-sidestart|p2: roberto7878|move: Stealth Rock
|
|-heal|p2a: Great Tusk|46/100|[from] item: Leftovers
|-heal|p1a: Blissey|87/100|[from] item: Leftovers
|upkeep
|turn|56
|
|t:|1758265806
|switch|p1a: Dondozo|Dondozo, F|76/100 slp
|move|p2a: Great Tusk|Rapid Spin|p1a: Dondozo
|-damage|p1a: Dondozo|67/100 slp
|-boost|p2a: Great Tusk|spe|1
|-sideend|p2: roberto7878|Stealth Rock|[from] move: Rapid Spin|[of] p2a: Great Tusk
|
|-heal|p2a: Great Tusk|52/100|[from] item: Leftovers
|-heal|p1a: Dondozo|73/100 slp|[from] item: Leftovers
|upkeep
|turn|57
|
|t:|1758265816
|-end|p2a: Great Tusk|Protosynthesis|[silent]
|switch|p2a: Dragonite|Dragonite, F|100/100
|cant|p1a: Dondozo|slp
|move|p1a: Dondozo|Sleep Talk|p1a: Dondozo
|move|p1a: Dondozo|Body Press|p2a: Dragonite|[from] move: Sleep Talk
|-resisted|p2a: Dragonite
|-damage|p2a: Dragonite|93/100
|
|-heal|p2a: Dragonite|99/100|[from] item: Leftovers
|-heal|p1a: Dondozo|80/100 slp|[from] item: Leftovers
|upkeep
|turn|58
|
|t:|1758265829
|move|p2a: Dragonite|Dragon Dance|p2a: Dragonite
|-boost|p2a: Dragonite|atk|1
|-boost|p2a: Dragonite|spe|1
|cant|p1a: Dondozo|slp
|
|-heal|p2a: Dragonite|100/100|[from] item: Leftovers
|-heal|p1a: Dondozo|86/100 slp|[from] item: Leftovers
|upkeep
|turn|59
|
|t:|1758265838
|-curestatus|p1a: Dondozo|slp|[msg]
|move|p1a: Dondozo|Avalanche|p2a: Dragonite
|-supereffective|p2a: Dragonite
|-damage|p2a: Dragonite|70/100
|move|p2a: Dragonite|Dragon Tail|p1a: Dondozo
|-damage|p1a: Dondozo|71/100
|drag|p1a: Corviknight|Corviknight, M|79/100
|-ability|p1a: Corviknight|Pressure
|
|-heal|p2a: Dragonite|76/100|[from] item: Leftovers
|-heal|p1a: Corviknight|86/100|[from] item: Leftovers
|upkeep
|turn|60
|
|t:|1758265853
|move|p1a: Corviknight|Body Press|p2a: Dragonite
|-resisted|p2a: Dragonite
|-damage|p2a: Dragonite|61/100
|move|p2a: Dragonite|Dragon Tail|p1a: Corviknight
|-resisted|p1a: Corviknight
|-damage|p1a: Corviknight|69/100
|drag|p1a: Blissey|Blissey, F|87/100
|
|-heal|p2a: Dragonite|68/100|[from] item: Leftovers
|-heal|p1a: Blissey|93/100|[from] item: Leftovers
|upkeep
|turn|61
|
|t:|1758265874
|move|p2a: Dragonite|Dragon Dance|p2a: Dragonite
|-boost|p2a: Dragonite|atk|1
|-boost|p2a: Dragonite|spe|1
|move|p1a: Blissey|Seismic Toss|p2a: Dragonite
|-damage|p2a: Dragonite|37/100
|
|-heal|p2a: Dragonite|43/100|[from] item: Leftovers
|-heal|p1a: Blissey|99/100|[from] item: Leftovers
|upkeep
|turn|62
|
|t:|1758265884
|switch|p1a: Corviknight|Corviknight, M|69/100
|-ability|p1a: Corviknight|Pressure
|move|p2a: Dragonite|Earthquake|p1a: Corviknight
|-immune|p1a: Corviknight
|
|-heal|p2a: Dragonite|49/100|[from] item: Leftovers
|-heal|p1a: Corviknight|75/100|[from] item: Leftovers
|upkeep
|turn|63
|
|t:|1758265895
|move|p1a: Corviknight|Body Press|p2a: Dragonite
|-resisted|p2a: Dragonite
|-damage|p2a: Dragonite|35/100
|move|p2a: Dragonite|Dragon Tail|p1a: Corviknight
|-resisted|p1a: Corviknight
|-damage|p1a: Corviknight|55/100
|drag|p1a: Blissey|Blissey, F|99/100
|
|-heal|p2a: Dragonite|41/100|[from] item: Leftovers
|-heal|p1a: Blissey|100/100|[from] item: Leftovers
|upkeep
|turn|64
|
|t:|1758265906
|move|p1a: Blissey|Seismic Toss|p2a: Dragonite
|-damage|p2a: Dragonite|10/100
|move|p2a: Dragonite|Dragon Tail|p1a: Blissey
|-damage|p1a: Blissey|33/100
|drag|p1a: Dondozo|Dondozo, F|71/100
|
|-heal|p2a: Dragonite|17/100|[from] item: Leftovers
|-heal|p1a: Dondozo|77/100|[from] item: Leftovers
|upkeep
|turn|65
|
|t:|1758265916
|move|p2a: Dragonite|Earthquake|p1a: Dondozo
|-damage|p1a: Dondozo|60/100
|move|p1a: Dondozo|Avalanche|p2a: Dragonite
|-supereffective|p2a: Dragonite
|-damage|p2a: Dragonite|0 fnt
|faint|p2a: Dragonite
|
|-heal|p1a: Dondozo|66/100|[from] item: Leftovers
|upkeep
|
|t:|1758265926
|switch|p2a: Enamorus|Enamorus, F|100/100
|turn|66
|
|t:|1758265935
|move|p2a: Enamorus|Moonblast|p1a: Dondozo
|-damage|p1a: Dondozo|15/100
|move|p1a: Dondozo|Rest|p1a: Dondozo
|-status|p1a: Dondozo|slp|[from] move: Rest
|-heal|p1a: Dondozo|100/100 slp|[silent]
|
|upkeep
|turn|67
|
|t:|1758265943
|switch|p1a: Toxapex|Toxapex, M|73/100
|move|p2a: Enamorus|Moonblast|p1a: Toxapex
|-resisted|p1a: Toxapex
|-damage|p1a: Toxapex|56/100
|
|-heal|p1a: Toxapex|63/100|[from] item: Leftovers
|upkeep
|turn|68
|
|t:|1758265952
|move|p2a: Enamorus|Earth Power|p1a: Toxapex
|-supereffective|p1a: Toxapex
|-crit|p1a: Toxapex
|-damage|p1a: Toxapex|6/100
|move|p1a: Toxapex|Toxic Spikes|p2a: Enamorus
|-sidestart|p2: roberto7878|move: Toxic Spikes
|
|-heal|p1a: Toxapex|12/100|[from] item: Leftovers
|upkeep
|turn|69
|
|t:|1758265963
|switch|p1a: Gliscor|Gliscor, M|52/100 tox
|move|p2a: Enamorus|Moonblast|p1a: Gliscor
|-damage|p1a: Gliscor|10/100 tox
|
|-heal|p1a: Gliscor|22/100 tox|[from] ability: Poison Heal
|upkeep
|turn|70
|
|t:|1758265971
|move|p1a: Gliscor|Protect|p1a: Gliscor
|-singleturn|p1a: Gliscor|Protect
|move|p2a: Enamorus|Moonblast|p1a: Gliscor
|-activate|p1a: Gliscor|move: Protect
|
|-heal|p1a: Gliscor|35/100 tox|[from] ability: Poison Heal
|upkeep
|turn|71
|
|t:|1758265980
|switch|p1a: Blissey|Blissey, F|33/100
|move|p2a: Enamorus|Moonblast|p1a: Blissey
|-damage|p1a: Blissey|18/100
|-unboost|p1a: Blissey|spa|1
|
|-heal|p1a: Blissey|24/100|[from] item: Leftovers
|upkeep
|turn|72
|
|t:|1758265990
|move|p2a: Enamorus|Moonblast|p1a: Blissey
|-damage|p1a: Blissey|9/100
|-unboost|p1a: Blissey|spa|1
|move|p1a: Blissey|Soft-Boiled|p1a: Blissey
|-heal|p1a: Blissey|59/100
|
|-heal|p1a: Blissey|66/100|[from] item: Leftovers
|upkeep
|turn|73
|
|t:|1758266001
|switch|p2a: Garganacl|Garganacl, F|100/100
|move|p1a: Blissey|Stealth Rock|p2a: Garganacl
|-sidestart|p2: roberto7878|move: Stealth Rock
|
|-heal|p1a: Blissey|72/100|[from] item: Leftovers
|upkeep
|turn|74
|
|t:|1758266009
|move|p1a: Blissey|Soft-Boiled|p1a: Blissey
|-heal|p1a: Blissey|100/100
|move|p2a: Garganacl|Salt Cure|p1a: Blissey
|-damage|p1a: Blissey|87/100
|-start|p1a: Blissey|Salt Cure
|
|-heal|p1a: Blissey|93/100|[from] item: Leftovers
|-damage|p1a: Blissey|80/100|[from] Salt Cure
|upkeep
|turn|75
|
|t:|1758266019
|switch|p1a: Pecharunt|Pecharunt|37/100
|move|p2a: Garganacl|Iron Defense|p2a: Garganacl
|-boost|p2a: Garganacl|def|2
|
|-heal|p1a: Pecharunt|43/100|[from] item: Leftovers
|upkeep
|turn|76
|
|t:|1758266029
|switch|p2a: Great Tusk|Great Tusk, tera:Ghost|52/100
|-status|p2a: Great Tusk|psn
|-damage|p2a: Great Tusk|39/100 psn|[from] Stealth Rock
|move|p1a: Pecharunt|Recover|p1a: Pecharunt
|-heal|p1a: Pecharunt|93/100
|
|-heal|p1a: Pecharunt|99/100|[from] item: Leftovers
|-heal|p2a: Great Tusk|46/100 psn|[from] item: Leftovers
|-damage|p2a: Great Tusk|33/100 psn|[from] psn
|upkeep
|turn|77
|
|t:|1758266044
|move|p1a: Pecharunt|Night Shade|p2a: Great Tusk
|-damage|p2a: Great Tusk|10/100 psn
|move|p2a: Great Tusk|Ice Spinner|p1a: Pecharunt
|-damage|p1a: Pecharunt|84/100
|
|-heal|p1a: Pecharunt|90/100|[from] item: Leftovers
|-heal|p2a: Great Tusk|16/100 psn|[from] item: Leftovers
|-damage|p2a: Great Tusk|4/100 psn|[from] psn
|upkeep
|turn|78
|
|t:|1758266054
|move|p1a: Pecharunt|Night Shade|p2a: Great Tusk
|-damage|p2a: Great Tusk|0 fnt
|faint|p2a: Great Tusk
|-end|p2a: Great Tusk|Protosynthesis|[silent]
|
|-heal|p1a: Pecharunt|96/100|[from] item: Leftovers
|upkeep
|
|t:|1758266062
|switch|p2a: Gyarados|Gyarados, M|94/100 tox
|turn|79
|
|t:|1758266067
|move|p2a: Gyarados|Dragon Dance|p2a: Gyarados
|-boost|p2a: Gyarados|atk|1
|-boost|p2a: Gyarados|spe|1
|move|p1a: Pecharunt|Parting Shot|p2a: Gyarados
|-unboost|p2a: Gyarados|atk|1
|-unboost|p2a: Gyarados|spa|1
|
|t:|1758266080
|switch|p1a: Toxapex|Toxapex, M|46/100|[from] Parting Shot
|
|-heal|p1a: Toxapex|52/100|[from] item: Leftovers
|-damage|p2a: Gyarados|88/100 tox|[from] psn
|upkeep
|turn|80
|
|t:|1758266088
|switch|p1a: Dondozo|Dondozo, F|100/100 slp
|move|p2a: Gyarados|Earthquake|p1a: Dondozo
|-damage|p1a: Dondozo|83/100 slp
|
|-heal|p1a: Dondozo|89/100 slp|[from] item: Leftovers
|-damage|p2a: Gyarados|76/100 tox|[from] psn
|upkeep
|turn|81
|
|t:|1758266097
|switch|p2a: Enamorus|Enamorus, F|100/100
|cant|p1a: Dondozo|slp
|
|-heal|p1a: Dondozo|96/100 slp|[from] item: Leftovers
|upkeep
|turn|82
|
|t:|1758266110
|switch|p1a: Blissey|Blissey, F|80/100
|move|p2a: Enamorus|Moonblast|p1a: Blissey
|-damage|p1a: Blissey|66/100
|
|-heal|p1a: Blissey|72/100|[from] item: Leftovers
|upkeep
|turn|83
|
|t:|1758266119
|switch|p2a: Garganacl|Garganacl, F|100/100
|-damage|p2a: Garganacl|88/100|[from] Stealth Rock
|move|p1a: Blissey|Seismic Toss|p2a: Garganacl
|-damage|p2a: Garganacl|63/100
|
|-heal|p1a: Blissey|79/100|[from] item: Leftovers
|-heal|p2a: Garganacl|70/100|[from] item: Leftovers
|upkeep
|turn|84
|
|t:|1758266130
|switch|p1a: Pecharunt|Pecharunt|96/100
|move|p2a: Garganacl|Salt Cure|p1a: Pecharunt
|-damage|p1a: Pecharunt|89/100
|-start|p1a: Pecharunt|Salt Cure
|
|-heal|p1a: Pecharunt|95/100|[from] item: Leftovers
|-heal|p2a: Garganacl|76/100|[from] item: Leftovers
|-damage|p1a: Pecharunt|83/100|[from] Salt Cure
|upkeep
|turn|85
|
|t:|1758266144
|switch|p1a: Corviknight|Corviknight, M|55/100
|-ability|p1a: Corviknight|Pressure
|move|p2a: Garganacl|Salt Cure|p1a: Corviknight
|-damage|p1a: Corviknight|46/100
|-start|p1a: Corviknight|Salt Cure
|
|-heal|p1a: Corviknight|52/100|[from] item: Leftovers
|-heal|p2a: Garganacl|82/100|[from] item: Leftovers
|-damage|p1a: Corviknight|27/100|[from] Salt Cure
|upkeep
|turn|86
|
|t:|1758266161
|switch|p1a: Pecharunt|Pecharunt|83/100
|move|p2a: Garganacl|Body Press|p1a: Pecharunt
|-immune|p1a: Pecharunt
|
|-heal|p1a: Pecharunt|89/100|[from] item: Leftovers
|-heal|p2a: Garganacl|88/100|[from] item: Leftovers
|upkeep
|turn|87
|
|t:|1758266170
|move|p1a: Pecharunt|Night Shade|p2a: Garganacl
|-damage|p2a: Garganacl|63/100
|move|p2a: Garganacl|Salt Cure|p1a: Pecharunt
|-damage|p1a: Pecharunt|82/100
|-start|p1a: Pecharunt|Salt Cure
|
|-heal|p1a: Pecharunt|88/100|[from] item: Leftovers
|-heal|p2a: Garganacl|70/100|[from] item: Leftovers
|-damage|p1a: Pecharunt|75/100|[from] Salt Cure
|upkeep
|turn|88
|
|t:|1758266184
|move|p1a: Pecharunt|Night Shade|p2a: Garganacl
|-damage|p2a: Garganacl|45/100
|move|p2a: Garganacl|Salt Cure|p1a: Pecharunt
|-damage|p1a: Pecharunt|68/100
|
|-heal|p1a: Pecharunt|74/100|[from] item: Leftovers
|-heal|p2a: Garganacl|51/100|[from] item: Leftovers
|-damage|p1a: Pecharunt|62/100|[from] Salt Cure
|upkeep
|turn|89
|
|t:|1758266194
|move|p1a: Pecharunt|Recover|p1a: Pecharunt
|-heal|p1a: Pecharunt|100/100
|move|p2a: Garganacl|Recover|p2a: Garganacl
|-heal|p2a: Garganacl|100/100
|
|-damage|p1a: Pecharunt|88/100|[from] Salt Cure
|upkeep
|turn|90
|
|t:|1758266205
|switch|p2a: Gyarados|Gyarados, M|76/100 tox
|move|p1a: Pecharunt|Parting Shot|p2a: Gyarados
|-unboost|p2a: Gyarados|atk|1
|-unboost|p2a: Gyarados|spa|1
|
|t:|1758266210
|switch|p1a: Corviknight|Corviknight, M|27/100|[from] Parting Shot
|-ability|p1a: Corviknight|Pressure
|
|-heal|p1a: Corviknight|34/100|[from] item: Leftovers
|-damage|p2a: Gyarados|70/100 tox|[from] psn
|upkeep
|turn|91
|
|t:|1758266221
|move|p2a: Gyarados|Waterfall|p1a: Corviknight
|-damage|p1a: Corviknight|16/100
|move|p1a: Corviknight|Roost|p1a: Corviknight
|-heal|p1a: Corviknight|66/100
|-singleturn|p1a: Corviknight|move: Roost
|
|-heal|p1a: Corviknight|73/100|[from] item: Leftovers
|-damage|p2a: Gyarados|58/100 tox|[from] psn
|upkeep
|turn|92
|-message|roberto7878 forfeited.
|
|win|Lolfrog123
|raw|Lolfrog123's rating: 1383 &rarr; <strong>1400</strong><br />(+17 for winning)
|raw|roberto7878's rating: 1328 &rarr; <strong>1311</strong><br />(-17 for losing)
|l|☆roberto7878
|player|p2|
