|j|☆hugh12248
|j|☆renzard
|t:|1758361487
|gametype|singles
|player|p1|hugh12248|swimmerf-gen4|1096
|player|p2|renzard|101|1134
|gen|9
|tier|[Gen 9] OU
|rated|
|rule|HP Percentage Mod: HP is shown in percentages
|rule|Endless Battle Clause: Forcing endless battles is banned
|rule|Species Clause: Limit one of each Pokémon
|rule|OHKO Clause: OHKO moves are banned
|rule|Evasion Items Clause: Evasion items are banned
|rule|Evasion Moves Clause: Evasion moves are banned
|rule|Evasion Abilities Clause: Evasion abilities are banned
|rule|Sleep Moves Clause: Sleep-inducing moves are banned
|clearpoke
|poke|p1|Glimmora, M|
|poke|p1|Dondozo, M|
|poke|p1|Wo-Chien|
|poke|p1|Dragapult, F|
|poke|p1|Cinccino, F|
|poke|p1|Gengar, F|
|poke|p2|Maushold-Four|
|poke|p2|Orthworm, M|
|poke|p2|Talonflame, F|
|poke|p2|Blaziken, M|
|poke|p2|Pelipper, F|
|poke|p2|Basculegion-F, F|
|teampreview
|
|t:|1758361515
|teamsize|p1|6
|teamsize|p2|6
|start
|switch|p1a: Glimmora|Glimmora, M|100/100
|switch|p2a: Maushold|Maushold-Four, shiny|100/100
|turn|1
|
|t:|1758361523
|switch|p1a: Gengar|Gengar, F|100/100
|move|p2a: Maushold|Tidy Up|p2a: Maushold
|-boost|p2a: Maushold|atk|1
|-boost|p2a: Maushold|spe|1
|
|upkeep
|turn|2
|
|t:|1758361530
|move|p2a: Maushold|Tidy Up|p2a: Maushold
|-boost|p2a: Maushold|atk|1
|-boost|p2a: Maushold|spe|1
|move|p1a: Gengar|Destiny Bond|p1a: Gengar
|-singlemove|p1a: Gengar|Destiny Bond
|
|upkeep
|turn|3
|
|t:|1758361538
|move|p2a: Maushold|Tidy Up|p2a: Maushold
|-boost|p2a: Maushold|atk|1
|-boost|p2a: Maushold|spe|1
|move|p1a: Gengar|Curse|p2a: Maushold
|-start|p2a: Maushold|Curse|[of] p1a: Gengar
|-damage|p1a: Gengar|50/100
|
|-damage|p2a: Maushold|76/100|[from] Curse
|upkeep
|turn|4
|
|t:|1758361546
|move|p2a: Maushold|Crunch|p1a: Gengar
|-supereffective|p1a: Gengar
|-damage|p1a: Gengar|0 fnt
|-start|p2a: Maushold|Disable|Crunch|[from] ability: Cursed Body|[of] p1a: Gengar
|faint|p1a: Gengar
|
|-damage|p2a: Maushold|51/100|[from] Curse
|upkeep
|
|t:|1758361557
|switch|p1a: Dondozo|Dondozo, M|100/100
|turn|5
|
|t:|1758361561
|move|p2a: Maushold|Bullet Seed|p1a: Dondozo
|-supereffective|p1a: Dondozo
|-crit|p1a: Dondozo
|-damage|p1a: Dondozo|88/100
|-supereffective|p1a: Dondozo
|-damage|p1a: Dondozo|78/100
|-supereffective|p1a: Dondozo
|-damage|p1a: Dondozo|70/100
|-supereffective|p1a: Dondozo
|-damage|p1a: Dondozo|60/100
|-hitcount|p1a: Dondozo|4
|move|p1a: Dondozo|Wave Crash|p2a: Maushold
|-damage|p2a: Maushold|0 fnt
|faint|p2a: Maushold
|-damage|p1a: Dondozo|50/100|[from] Recoil
|
|-heal|p1a: Dondozo|57/100|[from] item: Leftovers
|upkeep
|
|t:|1758361576
|switch|p2a: Blaziken|Blaziken, M, shiny|100/100
|turn|6
|inactive|Battle timer is ON: inactive players will automatically lose when time's up. (requested by hugh12248)
|
|t:|1758361581
|-terastallize|p2a: Blaziken|Electric
|move|p2a: Blaziken|Swords Dance|p2a: Blaziken
|-boost|p2a: Blaziken|atk|2
|move|p1a: Dondozo|Wave Crash|p2a: Blaziken
|-damage|p2a: Blaziken|40/100
|-damage|p1a: Dondozo|45/100|[from] Recoil
|
|-heal|p1a: Dondozo|51/100|[from] item: Leftovers
|-ability|p2a: Blaziken|Speed Boost|boost
|-boost|p2a: Blaziken|spe|1
|upkeep
|turn|7
|
|t:|1758361591
|move|p2a: Blaziken|Thunder Punch|p1a: Dondozo
|-supereffective|p1a: Dondozo
|-damage|p1a: Dondozo|13/100
|move|p1a: Dondozo|Earthquake|p2a: Blaziken
|-supereffective|p2a: Blaziken
|-damage|p2a: Blaziken|0 fnt
|faint|p2a: Blaziken
|
|-heal|p1a: Dondozo|19/100|[from] item: Leftovers
|upkeep
|l|☆hugh12248
|inactive|hugh12248 disconnected and has a minute to reconnect!
|player|p1|
|
|t:|1758361601
|switch|p2a: Talonflame|Talonflame, F, shiny|100/100
|turn|8
|j|☆hugh12248
|inactive|hugh12248 reconnected and has 145 seconds left.
|player|p1|hugh12248|swimmerf-gen4|
|
|t:|1758361611
|move|p2a: Talonflame|Acrobatics|p1a: Dondozo
|-damage|p1a: Dondozo|0 fnt
|faint|p1a: Dondozo
|
|upkeep
|
|t:|1758361617
|switch|p1a: Glimmora|Glimmora, M|100/100
|turn|9
|
|t:|1758361622
|switch|p2a: Orthworm|Orthworm, M, shiny|100/100
|move|p1a: Glimmora|Power Gem|p2a: Orthworm
|-resisted|p2a: Orthworm
|-damage|p2a: Orthworm|67/100
|
|upkeep
|turn|10
|
|t:|1758361629
|move|p1a: Glimmora|Earth Power|p2a: Orthworm
|-heal|p2a: Orthworm|92/100|[from] ability: Earth Eater|[of] p1a: Glimmora
|move|p2a: Orthworm|Stealth Rock|p1a: Glimmora
|-sidestart|p1: hugh12248|move: Stealth Rock
|
|upkeep
|turn|11
|
|t:|1758361635
|switch|p1a: Wo-Chien|Wo-Chien|100/100
|-damage|p1a: Wo-Chien|88/100|[from] Stealth Rock
|-ability|p1a: Wo-Chien|Tablets of Ruin
|move|p2a: Orthworm|Spikes|p1a: Wo-Chien
|-sidestart|p1: hugh12248|Spikes
|
|-heal|p1a: Wo-Chien|94/100|[from] item: Leftovers
|upkeep
|turn|12
|
|t:|1758361644
|move|p1a: Wo-Chien|Mean Look|p2a: Orthworm
|-activate|p2a: Orthworm|trapped
|move|p2a: Orthworm|Spikes|p1a: Wo-Chien
|-sidestart|p1: hugh12248|Spikes
|
|-heal|p1a: Wo-Chien|100/100|[from] item: Leftovers
|upkeep
|turn|13
|
|t:|1758361659
|move|p1a: Wo-Chien|Leech Seed|p2a: Orthworm
|-start|p2a: Orthworm|move: Leech Seed
|move|p2a: Orthworm|Spikes|p1a: Wo-Chien
|-sidestart|p1: hugh12248|Spikes
|
|-damage|p2a: Orthworm|80/100|[from] Leech Seed|[of] p1a: Wo-Chien
|upkeep
|turn|14
|
|t:|1758361670
|move|p1a: Wo-Chien|Ruination|p2a: Orthworm
|-damage|p2a: Orthworm|40/100
|-enditem|p2a: Orthworm|Sitrus Berry|[eat]
|-heal|p2a: Orthworm|65/100|[from] item: Sitrus Berry
|move|p2a: Orthworm|Metal Burst|p1a: Wo-Chien
|-damage|p1a: Wo-Chien|46/100
|
|-heal|p1a: Wo-Chien|52/100|[from] item: Leftovers
|-damage|p2a: Orthworm|53/100|[from] Leech Seed|[of] p1a: Wo-Chien
|-heal|p1a: Wo-Chien|64/100|[silent]
|upkeep
|turn|15
|
|t:|1758361682
|move|p1a: Wo-Chien|Ingrain|p1a: Wo-Chien
|-start|p1a: Wo-Chien|move: Ingrain
|move|p2a: Orthworm|Metal Burst||[still]
|-fail|p2a: Orthworm
|
|-heal|p1a: Wo-Chien|70/100|[from] item: Leftovers
|-heal|p1a: Wo-Chien|76/100|[from] Ingrain
|-damage|p2a: Orthworm|40/100|[from] Leech Seed|[of] p1a: Wo-Chien
|-heal|p1a: Wo-Chien|87/100|[silent]
|upkeep
|turn|16
|
|t:|1758361692
|move|p1a: Wo-Chien|Ingrain||[still]
|-fail|p1a: Wo-Chien
|move|p2a: Orthworm|Metal Burst||[still]
|-fail|p2a: Orthworm
|
|-heal|p1a: Wo-Chien|94/100|[from] item: Leftovers
|-heal|p1a: Wo-Chien|99/100|[from] Ingrain
|-damage|p2a: Orthworm|28/100|[from] Leech Seed|[of] p1a: Wo-Chien
|-heal|p1a: Wo-Chien|100/100|[silent]
|upkeep
|turn|17
|
|t:|1758361700
|move|p1a: Wo-Chien|Ruination|p2a: Orthworm
|-damage|p2a: Orthworm|14/100
|move|p2a: Orthworm|Metal Burst|p1a: Wo-Chien
|-damage|p1a: Wo-Chien|82/100
|
|-heal|p1a: Wo-Chien|88/100|[from] item: Leftovers
|-heal|p1a: Wo-Chien|94/100|[from] Ingrain
|-damage|p2a: Orthworm|2/100|[from] Leech Seed|[of] p1a: Wo-Chien
|-heal|p1a: Wo-Chien|100/100|[silent]
|upkeep
|turn|18
|
|t:|1758361710
|move|p1a: Wo-Chien|Ingrain||[still]
|-fail|p1a: Wo-Chien
|move|p2a: Orthworm|Metal Burst||[still]
|-fail|p2a: Orthworm
|
|-damage|p2a: Orthworm|0 fnt|[from] Leech Seed|[of] p1a: Wo-Chien
|faint|p2a: Orthworm
|upkeep
|
|t:|1758361717
|switch|p2a: Talonflame|Talonflame, F, shiny|100/100
|turn|19
|
|t:|1758361722
|-terastallize|p1a: Wo-Chien|Ghost
|move|p2a: Talonflame|Swords Dance|p2a: Talonflame
|-boost|p2a: Talonflame|atk|2
|move|p1a: Wo-Chien|Mean Look|p2a: Talonflame
|-activate|p2a: Talonflame|trapped
|
|upkeep
|turn|20
|
|t:|1758361729
|move|p2a: Talonflame|Acrobatics|p1a: Wo-Chien
|-damage|p1a: Wo-Chien|35/100
|move|p1a: Wo-Chien|Leech Seed|p2a: Talonflame
|-start|p2a: Talonflame|move: Leech Seed
|
|-heal|p1a: Wo-Chien|41/100|[from] item: Leftovers
|-heal|p1a: Wo-Chien|47/100|[from] Ingrain
|-damage|p2a: Talonflame|88/100|[from] Leech Seed|[of] p1a: Wo-Chien
|-heal|p1a: Wo-Chien|57/100|[silent]
|upkeep
|turn|21
|
|t:|1758361739
|move|p2a: Talonflame|Acrobatics|p1a: Wo-Chien
|-damage|p1a: Wo-Chien|0 fnt
|faint|p1a: Wo-Chien
|
|upkeep
|
|t:|1758361743
|switch|p1a: Glimmora|Glimmora, M|100/100
|-damage|p1a: Glimmora|88/100|[from] Stealth Rock
|-damage|p1a: Glimmora|63/100|[from] Spikes
|turn|22
|
|t:|1758361761
|move|p2a: Talonflame|Acrobatics|p1a: Glimmora
|-resisted|p1a: Glimmora
|-damage|p1a: Glimmora|3/100
|-activate|p1a: Glimmora|ability: Toxic Debris
|-sidestart|p2: renzard|move: Toxic Spikes
|move|p1a: Glimmora|Mortal Spin|p2a: Talonflame
|-damage|p2a: Talonflame|79/100
|-status|p2a: Talonflame|psn
|-sideend|p1: hugh12248|Spikes|[from] move: Mortal Spin|[of] p1a: Glimmora
|-sideend|p1: hugh12248|Stealth Rock|[from] move: Mortal Spin|[of] p1a: Glimmora
|
|-damage|p2a: Talonflame|66/100 psn|[from] Leech Seed|[of] p1a: Glimmora
|-heal|p1a: Glimmora|15/100|[silent]
|-damage|p2a: Talonflame|54/100 psn|[from] psn
|upkeep
|turn|23
|
|t:|1758361773
|move|p2a: Talonflame|Acrobatics|p1a: Glimmora
|-resisted|p1a: Glimmora
|-damage|p1a: Glimmora|0 fnt
|-activate|p1a: Glimmora|ability: Toxic Debris
|-sidestart|p2: renzard|move: Toxic Spikes
|faint|p1a: Glimmora
|
|-damage|p2a: Talonflame|41/100 psn|[from] psn
|upkeep
|
|t:|1758361778
|switch|p1a: Cinccino|Cinccino, F, shiny|100/100
|turn|24
|
|t:|1758361782
|move|p1a: Cinccino|Tidy Up|p1a: Cinccino
|-sideend|p2: renzard|Toxic Spikes
|-activate|p1a: Cinccino|move: Tidy Up
|-boost|p1a: Cinccino|atk|1
|-boost|p1a: Cinccino|spe|1
|move|p2a: Talonflame|Acrobatics|p1a: Cinccino
|-damage|p1a: Cinccino|0 fnt
|faint|p1a: Cinccino
|
|-damage|p2a: Talonflame|29/100 psn|[from] psn
|upkeep
|
|t:|1758361786
|switch|p1a: Dragapult|Dragapult, F|100/100
|turn|25
|
|t:|1758361793
|move|p1a: Dragapult|Dragon Darts|p2a: Talonflame
|-damage|p2a: Talonflame|0 fnt
|faint|p2a: Talonflame
|
|upkeep
|
|t:|1758361797
|switch|p2a: Pelipper|Pelipper, F, shiny|100/100
|-weather|RainDance|[from] ability: Drizzle|[of] p2a: Pelipper
|turn|26
|
|t:|1758361802
|move|p1a: Dragapult|Dragon Darts|p2a: Pelipper
|-damage|p2a: Pelipper|70/100
|-anim|p1a: Dragapult|Dragon Darts|p2a: Pelipper
|-crit|p2a: Pelipper
|-damage|p2a: Pelipper|24/100
|move|p2a: Pelipper|U-turn|p1a: Dragapult
|-resisted|p1a: Dragapult
|-damage|p1a: Dragapult|95/100
|
|t:|1758361809
|switch|p2a: Basculegion|Basculegion-F, F|100/100|[from] U-turn
|
|-weather|RainDance|[upkeep]
|upkeep
|turn|27
|
|t:|1758361818
|move|p2a: Basculegion|Shadow Ball|p1a: Dragapult
|-supereffective|p1a: Dragapult
|-damage|p1a: Dragapult|0 fnt
|faint|p1a: Dragapult
|
|win|renzard
|raw|hugh12248's rating: 1096 &rarr; <strong>1074</strong><br />(-22 for losing)
|raw|renzard's rating: 1134 &rarr; <strong>1156</strong><br />(+22 for winning)
|l|☆renzard
|player|p2|
|l|☆hugh12248
|player|p1|
