|j|☆squag7824
|j|☆DontMissMantine
|t:|1758287790
|gametype|singles
|player|p1|squag7824|bugcatcher-gen4dp|1763
|player|p2|DontMissMantine|lucas|1672
|gen|9
|tier|[Gen 9] OU
|rated|
|rule|HP Percentage Mod: HP is shown in percentages
|rule|Endless Battle Clause: Forcing endless battles is banned
|rule|Species Clause: Limit one of each Pokémon
|rule|OHKO Clause: OHKO moves are banned
|rule|Evasion Items Clause: Evasion items are banned
|rule|Evasion Moves Clause: Evasion moves are banned
|rule|Evasion Abilities Clause: Evasion abilities are banned
|rule|Sleep Moves Clause: Sleep-inducing moves are banned
|clearpoke
|poke|p1|Alomomola, F|
|poke|p1|Ting-Lu|
|poke|p1|Great Tusk|
|poke|p1|Raging Bolt|
|poke|p1|Corviknight, F|
|poke|p1|Hatterene, F|
|poke|p2|Pelipper, F|
|poke|p2|Beartic, F|
|poke|p2|Barraskewda, F|
|poke|p2|Ogerpon-Wellspring, F|
|poke|p2|Zapdos|
|poke|p2|Hatterene, F|
|teampreview
|inactive|Battle timer is ON: inactive players will automatically lose when time's up. (requested by squag7824)
|
|t:|1758287795
|teamsize|p1|6
|teamsize|p2|6
|start
|switch|p1a: Raging Bolt|Raging Bolt|100/100
|switch|p2a: Pelipper|Pelipper, F|100/100
|-weather|RainDance|[from] ability: Drizzle|[of] p2a: Pelipper
|turn|1
|
|t:|1758287803
|switch|p2a: Hatterene|Hatterene, F|100/100
|move|p1a: Raging Bolt|Volt Switch|p2a: Hatterene
|-damage|p2a: Hatterene|40/100
|-enditem|p2a: Hatterene|Eject Button
|
|t:|1758287809
|switch|p2a: Beartic|Beartic, F|100/100
|
|-weather|RainDance|[upkeep]
|upkeep
|turn|2
|
|t:|1758287815
|-end|p1a: Raging Bolt|Protosynthesis|[silent]
|switch|p1a: Alomomola|Alomomola, F|100/100
|move|p2a: Beartic|Swords Dance|p2a: Beartic
|-boost|p2a: Beartic|atk|2
|
|-weather|RainDance|[upkeep]
|upkeep
|turn|3
|
|t:|1758287823
|-terastallize|p2a: Beartic|Electric
|move|p2a: Beartic|Tera Blast|p1a: Alomomola|[anim] Tera Blast Electric
|-supereffective|p1a: Alomomola
|-damage|p1a: Alomomola|9/100
|move|p1a: Alomomola|Scald|p2a: Beartic
|-damage|p2a: Beartic|76/100
|
|-weather|RainDance|[upkeep]
|upkeep
|turn|4
|
|t:|1758287834
|move|p2a: Beartic|Icicle Spear|p1a: Alomomola
|-resisted|p1a: Alomomola
|-damage|p1a: Alomomola|2/100
|-resisted|p1a: Alomomola
|-damage|p1a: Alomomola|0 fnt
|faint|p1a: Alomomola
|-hitcount|p1: Alomomola|2
|
|-weather|RainDance|[upkeep]
|upkeep
|
|t:|1758287845
|switch|p1a: Great Tusk|Great Tusk|100/100
|turn|5
|
|t:|1758287867
|switch|p2a: Hatterene|Hatterene, F|40/100
|move|p1a: Great Tusk|Earthquake|p2a: Hatterene
|-damage|p2a: Hatterene|2/100
|
|-weather|RainDance|[upkeep]
|upkeep
|turn|6
|
|t:|1758287875
|switch|p2a: Zapdos|Zapdos|100/100
|move|p1a: Great Tusk|Knock Off|p2a: Zapdos
|-damage|p2a: Zapdos|65/100
|-enditem|p2a: Zapdos|Assault Vest|[from] move: Knock Off|[of] p1a: Great Tusk
|
|-weather|RainDance|[upkeep]
|upkeep
|turn|7
|
|t:|1758287887
|-end|p1a: Great Tusk|Protosynthesis|[silent]
|switch|p1a: Hatterene|Hatterene, F|100/100
|move|p2a: Zapdos|Weather Ball|p1a: Hatterene
|-damage|p1a: Hatterene|70/100
|
|-weather|RainDance|[upkeep]
|upkeep
|turn|8
|
|t:|1758287895
|move|p2a: Zapdos|Thunder|p1a: Hatterene
|-damage|p1a: Hatterene|36/100
|move|p1a: Hatterene|Psychic Noise|p2a: Zapdos
|-damage|p2a: Zapdos|23/100
|-start|p2a: Zapdos|move: Heal Block
|
|-weather|none
|upkeep
|turn|9
|
|t:|1758287905
|switch|p2a: Pelipper|Pelipper, F|100/100
|-weather|RainDance|[from] ability: Drizzle|[of] p2a: Pelipper
|move|p1a: Hatterene|Psychic Noise|p2a: Pelipper
|-damage|p2a: Pelipper|39/100
|-start|p2a: Pelipper|move: Heal Block
|
|-weather|RainDance|[upkeep]
|upkeep
|turn|10
|
|t:|1758287919
|switch|p2a: Zapdos|Zapdos|23/100
|move|p1a: Hatterene|Nuzzle|p2a: Zapdos
|-damage|p2a: Zapdos|18/100
|
|-weather|RainDance|[upkeep]
|upkeep
|turn|11
|
|t:|1758287929
|move|p2a: Zapdos|Hurricane|p1a: Hatterene
|-damage|p1a: Hatterene|2/100
|move|p1a: Hatterene|Psychic Noise|p2a: Zapdos
|-damage|p2a: Zapdos|0 fnt
|faint|p2a: Zapdos
|
|-weather|RainDance|[upkeep]
|upkeep
|
|t:|1758287941
|switch|p2a: Ogerpon|Ogerpon-Wellspring, F|100/100
|turn|12
|
|t:|1758287943
|move|p2a: Ogerpon|Ivy Cudgel|p1a: Hatterene|[anim] Ivy Cudgel Water
|-damage|p1a: Hatterene|0 fnt
|faint|p1a: Hatterene
|
|-weather|RainDance|[upkeep]
|upkeep
|
|t:|1758287945
|switch|p1a: Raging Bolt|Raging Bolt|100/100
|turn|13
|inactive|DontMissMantine has 120 seconds left.
|
|t:|1758287978
|move|p2a: Ogerpon|Play Rough|p1a: Raging Bolt
|-supereffective|p1a: Raging Bolt
|-damage|p1a: Raging Bolt|41/100
|move|p1a: Raging Bolt|Thunderbolt|p2a: Ogerpon
|-damage|p2a: Ogerpon|1/100
|
|-weather|RainDance|[upkeep]
|upkeep
|turn|14
|
|t:|1758287988
|-end|p1a: Raging Bolt|Protosynthesis|[silent]
|switch|p1a: Corviknight|Corviknight, F|100/100
|-ability|p1a: Corviknight|Pressure
|move|p2a: Ogerpon|Ivy Cudgel|p1a: Corviknight|[anim] Ivy Cudgel Water
|-damage|p1a: Corviknight|45/100
|
|-weather|RainDance|[upkeep]
|upkeep
|turn|15
|
|t:|1758287998
|-terastallize|p1a: Corviknight|Dragon
|move|p2a: Ogerpon|Ivy Cudgel|p1a: Corviknight|[anim] Ivy Cudgel Water
|-resisted|p1a: Corviknight
|-damage|p1a: Corviknight|16/100
|move|p1a: Corviknight|Roost|p1a: Corviknight
|-heal|p1a: Corviknight|66/100
|
|-weather|RainDance|[upkeep]
|upkeep
|turn|16
|
|t:|1758288007
|move|p2a: Ogerpon|Encore|p1a: Corviknight
|-start|p1a: Corviknight|Encore
|move|p1a: Corviknight|Roost|p1a: Corviknight
|-heal|p1a: Corviknight|100/100
|
|-weather|none
|upkeep
|turn|17
|
|t:|1758288025
|switch|p2a: Pelipper|Pelipper, F|39/100
|-weather|RainDance|[from] ability: Drizzle|[of] p2a: Pelipper
|switch|p1a: Raging Bolt|Raging Bolt|41/100
|
|-weather|RainDance|[upkeep]
|upkeep
|turn|18
|
|t:|1758288036
|switch|p2a: Ogerpon|Ogerpon-Wellspring, F|1/100
|move|p1a: Raging Bolt|Volt Switch|p2a: Ogerpon
|-damage|p2a: Ogerpon|0 fnt
|faint|p2a: Ogerpon
|
|t:|1758288041
|-end|p1a: Raging Bolt|Protosynthesis|[silent]
|switch|p1a: Corviknight|Corviknight, F, tera:Dragon|100/100|[from] Volt Switch
|-ability|p1a: Corviknight|Pressure
|
|-weather|RainDance|[upkeep]
|upkeep
|
|t:|1758288048
|switch|p2a: Beartic|Beartic, F, tera:Electric|76/100
|turn|19
|
|t:|1758288066
|move|p2a: Beartic|Swords Dance|p2a: Beartic
|-boost|p2a: Beartic|atk|2
|move|p1a: Corviknight|U-turn|p2a: Beartic
|-damage|p2a: Beartic|59/100
|
|t:|1758288070
|switch|p1a: Raging Bolt|Raging Bolt|41/100|[from] U-turn
|
|-weather|RainDance|[upkeep]
|upkeep
|turn|20
|
|t:|1758288075
|move|p1a: Raging Bolt|Thunderclap|p2a: Beartic
|-resisted|p2a: Beartic
|-damage|p2a: Beartic|20/100
|move|p2a: Beartic|Icicle Spear|p1a: Raging Bolt
|-supereffective|p1a: Raging Bolt
|-damage|p1a: Raging Bolt|0 fnt
|faint|p1a: Raging Bolt
|-end|p1a: Raging Bolt|Protosynthesis|[silent]
|-hitcount|p1: Raging Bolt|1
|
|-weather|RainDance|[upkeep]
|upkeep
|
|t:|1758288088
|switch|p1a: Great Tusk|Great Tusk|100/100
|turn|21
|
|t:|1758288091
|move|p2a: Beartic|Icicle Spear|p1a: Great Tusk
|-supereffective|p1a: Great Tusk
|-damage|p1a: Great Tusk|60/100
|-supereffective|p1a: Great Tusk
|-damage|p1a: Great Tusk|21/100
|-supereffective|p1a: Great Tusk
|-damage|p1a: Great Tusk|0 fnt
|faint|p1a: Great Tusk
|-end|p1a: Great Tusk|Protosynthesis|[silent]
|-hitcount|p1: Great Tusk|3
|
|-weather|RainDance|[upkeep]
|upkeep
|
|t:|1758288095
|switch|p1a: Corviknight|Corviknight, F, tera:Dragon|100/100
|-ability|p1a: Corviknight|Pressure
|turn|22
|
|t:|1758288104
|move|p2a: Beartic|Icicle Spear|p1a: Corviknight
|-supereffective|p1a: Corviknight
|-damage|p1a: Corviknight|66/100
|-supereffective|p1a: Corviknight
|-damage|p1a: Corviknight|32/100
|-supereffective|p1a: Corviknight
|-damage|p1a: Corviknight|0 fnt
|faint|p1a: Corviknight
|-hitcount|p1: Corviknight|3
|
|-weather|RainDance|[upkeep]
|upkeep
|
|t:|1758288107
|switch|p1a: Ting-Lu|Ting-Lu|100/100
|-ability|p1a: Ting-Lu|Vessel of Ruin
|turn|23
|
|t:|1758288116
|move|p2a: Beartic|Icicle Spear|p1a: Ting-Lu
|-supereffective|p1a: Ting-Lu
|-damage|p1a: Ting-Lu|70/100
|-supereffective|p1a: Ting-Lu
|-damage|p1a: Ting-Lu|40/100
|-supereffective|p1a: Ting-Lu
|-damage|p1a: Ting-Lu|9/100
|-supereffective|p1a: Ting-Lu
|-damage|p1a: Ting-Lu|0 fnt
|faint|p1a: Ting-Lu
|-hitcount|p1: Ting-Lu|4
|
|win|DontMissMantine
|raw|squag7824's rating: 1763 &rarr; <strong>1738</strong><br />(-25 for losing)
|raw|DontMissMantine's rating: 1672 &rarr; <strong>1697</strong><br />(+25 for winning)
|l|☆squag7824
|player|p1|
