|j|☆AMCasisi
|j|☆bambijack
|t:|1758289564
|gametype|singles
|player|p1|AMCasisi|lucas-gen4pt|1132
|player|p2|bambijack|2|1138
|gen|9
|tier|[Gen 9] OU
|rated|
|rule|HP Percentage Mod: HP is shown in percentages
|rule|Endless Battle Clause: Forcing endless battles is banned
|rule|Species Clause: Limit one of each Pokémon
|rule|OHKO Clause: OHKO moves are banned
|rule|Evasion Items Clause: Evasion items are banned
|rule|Evasion Moves Clause: Evasion moves are banned
|rule|Evasion Abilities Clause: Evasion abilities are banned
|rule|Sleep Moves Clause: Sleep-inducing moves are banned
|clearpoke
|poke|p1|Garchomp, F|
|poke|p1|Clefable, M|
|poke|p1|Excadrill, F|
|poke|p1|Hydreigon, F|
|poke|p1|Weavile, F|
|poke|p1|Amoonguss, M|
|poke|p2|Great Tusk|
|poke|p2|Slowking-Galar, F|
|poke|p2|Alomomola, F|
|poke|p2|Kingambit, F|
|poke|p2|Dragapult, F|
|poke|p2|Toucannon, M|
|teampreview
|inactive|Battle timer is ON: inactive players will automatically lose when time's up. (requested by bambijack)
|
|t:|1758289580
|teamsize|p1|6
|teamsize|p2|6
|start
|switch|p1a: Garchomp|Garchomp, F|100/100
|switch|p2a: Great Tusk|Great Tusk, shiny|100/100
|turn|1
|
|t:|1758289586
|move|p2a: Great Tusk|Ice Spinner|p1a: Garchomp
|-supereffective|p1a: Garchomp
|-damage|p1a: Garchomp|38/100
|-damage|p2a: Great Tusk|88/100|[from] ability: Rough Skin|[of] p1a: Garchomp
|-damage|p2a: Great Tusk|71/100|[from] item: Rocky Helmet|[of] p1a: Garchomp
|move|p1a: Garchomp|Stealth Rock|p2a: Great Tusk
|-sidestart|p2: bambijack|move: Stealth Rock
|
|upkeep
|turn|2
|
|t:|1758289601
|move|p2a: Great Tusk|Ice Spinner|p1a: Garchomp
|-supereffective|p1a: Garchomp
|-damage|p1a: Garchomp|0 fnt
|-damage|p2a: Great Tusk|59/100|[from] ability: Rough Skin|[of] p1a: Garchomp
|-damage|p2a: Great Tusk|42/100|[from] item: Rocky Helmet|[of] p1a: Garchomp
|faint|p1a: Garchomp
|
|upkeep
|
|t:|1758289611
|switch|p1a: Clefable|Clefable, M|100/100
|turn|3
|
|t:|1758289616
|move|p2a: Great Tusk|Rapid Spin|p1a: Clefable
|-damage|p1a: Clefable|87/100
|-boost|p2a: Great Tusk|spe|1
|-sideend|p2: bambijack|Stealth Rock|[from] move: Rapid Spin|[of] p2a: Great Tusk
|move|p1a: Clefable|Moonblast|p2a: Great Tusk
|-supereffective|p2a: Great Tusk
|-damage|p2a: Great Tusk|0 fnt
|faint|p2a: Great Tusk
|-end|p2a: Great Tusk|Protosynthesis|[silent]
|
|-heal|p1a: Clefable|93/100|[from] item: Leftovers
|upkeep
|
|t:|1758289626
|switch|p2a: Slowking|Slowking-Galar, F, shiny|100/100
|turn|4
|
|t:|1758289637
|move|p1a: Clefable|Stealth Rock|p2a: Slowking
|-sidestart|p2: bambijack|move: Stealth Rock
|-prepare|p2a: Slowking|Chilly Reception|[premajor]
|move|p2a: Slowking|Chilly Reception|p2a: Slowking
|-weather|Snowscape
|
|t:|1758289646
|switch|p2a: Kingambit|Kingambit, F, shiny|100/100|[from] Chilly Reception
|-damage|p2a: Kingambit|94/100|[from] Stealth Rock
|-activate|p2a: Kingambit|ability: Supreme Overlord
|-start|p2a: Kingambit|fallen1|[silent]
|
|-weather|Snowscape|[upkeep]
|-heal|p2a: Kingambit|100/100|[from] item: Leftovers
|-heal|p1a: Clefable|99/100|[from] item: Leftovers
|upkeep
|turn|5
|
|t:|1758289654
|move|p2a: Kingambit|Swords Dance|p2a: Kingambit
|-boost|p2a: Kingambit|atk|2
|move|p1a: Clefable|Moonblast|p2a: Kingambit
|-damage|p2a: Kingambit|63/100
|
|-weather|Snowscape|[upkeep]
|-heal|p2a: Kingambit|69/100|[from] item: Leftovers
|-heal|p1a: Clefable|100/100|[from] item: Leftovers
|upkeep
|turn|6
|
|t:|1758289661
|move|p2a: Kingambit|Kowtow Cleave|p1a: Clefable
|-resisted|p1a: Clefable
|-damage|p1a: Clefable|50/100
|move|p1a: Clefable|Moonblast|p2a: Kingambit
|-damage|p2a: Kingambit|31/100
|
|-weather|Snowscape|[upkeep]
|-heal|p2a: Kingambit|37/100|[from] item: Leftovers
|-heal|p1a: Clefable|57/100|[from] item: Leftovers
|upkeep
|turn|7
|
|t:|1758289673
|move|p1a: Clefable|Protect|p1a: Clefable
|-singleturn|p1a: Clefable|Protect
|move|p2a: Kingambit|Kowtow Cleave|p1a: Clefable
|-activate|p1a: Clefable|move: Protect
|
|-weather|Snowscape|[upkeep]
|-heal|p2a: Kingambit|43/100|[from] item: Leftovers
|-heal|p1a: Clefable|63/100|[from] item: Leftovers
|upkeep
|turn|8
|
|t:|1758289678
|move|p2a: Kingambit|Kowtow Cleave|p1a: Clefable
|-resisted|p1a: Clefable
|-damage|p1a: Clefable|8/100
|move|p1a: Clefable|Moonblast|p2a: Kingambit
|-damage|p2a: Kingambit|8/100
|-unboost|p2a: Kingambit|spa|1
|
|-weather|none
|-heal|p2a: Kingambit|14/100|[from] item: Leftovers
|-heal|p1a: Clefable|14/100|[from] item: Leftovers
|upkeep
|turn|9
|
|t:|1758289690
|move|p2a: Kingambit|Sucker Punch|p1a: Clefable
|-resisted|p1a: Clefable
|-damage|p1a: Clefable|0 fnt
|faint|p1a: Clefable
|
|-heal|p2a: Kingambit|20/100|[from] item: Leftovers
|upkeep
|
|t:|1758289708
|switch|p1a: Excadrill|Excadrill, F|100/100
|-ability|p1a: Excadrill|Mold Breaker
|turn|10
|
|t:|1758289714
|move|p1a: Excadrill|Earthquake|p2a: Kingambit
|-supereffective|p2a: Kingambit
|-damage|p2a: Kingambit|0 fnt
|faint|p2a: Kingambit
|-end|p2a: Kingambit|fallen1|[silent]
|
|upkeep
|
|t:|1758289717
|switch|p2a: Alomomola|Alomomola, F|100/100
|turn|11
|
|t:|1758289724
|switch|p1a: Amoonguss|Amoonguss, M|100/100
|move|p2a: Alomomola|Scald|p1a: Amoonguss
|-resisted|p1a: Amoonguss
|-damage|p1a: Amoonguss|95/100
|
|-heal|p1a: Amoonguss|100/100|[from] item: Black Sludge
|upkeep
|turn|12
|
|t:|1758289730
|move|p2a: Alomomola|Flip Turn|p1a: Amoonguss
|-resisted|p1a: Amoonguss
|-damage|p1a: Amoonguss|93/100
|
|t:|1758289736
|switch|p2a: Slowking|Slowking-Galar, F, shiny|100/100|[from] Flip Turn
|move|p1a: Amoonguss|Giga Drain|p2a: Slowking
|-resisted|p2a: Slowking
|-damage|p2a: Slowking|94/100
|-heal|p1a: Amoonguss|96/100|[from] drain|[of] p2a: Slowking
|
|-heal|p1a: Amoonguss|100/100|[from] item: Black Sludge
|upkeep
|turn|13
|
|t:|1758289747
|switch|p1a: Excadrill|Excadrill, F|100/100
|-ability|p1a: Excadrill|Mold Breaker
|move|p2a: Slowking|Thunder Wave|p1a: Excadrill
|-immune|p1a: Excadrill
|
|upkeep
|turn|14
|
|t:|1758289755
|switch|p2a: Alomomola|Alomomola, F|100/100
|move|p1a: Excadrill|Swords Dance|p1a: Excadrill
|-boost|p1a: Excadrill|atk|2
|
|upkeep
|turn|15
|
|t:|1758289763
|move|p1a: Excadrill|Iron Head|p2a: Alomomola
|-resisted|p2a: Alomomola
|-damage|p2a: Alomomola|79/100
|move|p2a: Alomomola|Scald|p1a: Excadrill
|-supereffective|p1a: Excadrill
|-damage|p1a: Excadrill|63/100
|
|upkeep
|turn|16
|
|t:|1758289768
|move|p1a: Excadrill|Earthquake|p2a: Alomomola
|-damage|p2a: Alomomola|24/100
|-heal|p1a: Excadrill|73/100|[from] item: Shell Bell|[of] p2a: Alomomola
|move|p2a: Alomomola|Scald|p1a: Excadrill
|-supereffective|p1a: Excadrill
|-damage|p1a: Excadrill|33/100
|-status|p1a: Excadrill|brn
|
|-damage|p1a: Excadrill|27/100 brn|[from] brn
|upkeep
|turn|17
|
|t:|1758289776
|move|p1a: Excadrill|Earthquake|p2a: Alomomola
|-damage|p2a: Alomomola|0 fnt
|faint|p2a: Alomomola
|-heal|p1a: Excadrill|32/100 brn|[from] item: Shell Bell|[of] p2: Alomomola
|
|-damage|p1a: Excadrill|26/100 brn|[from] brn
|upkeep
|
|t:|1758289780
|switch|p2a: Dragapult|Dragapult, F, shiny|100/100
|turn|18
|
|t:|1758289797
|move|p2a: Dragapult|Hex|p1a: Excadrill
|-damage|p1a: Excadrill|0 fnt
|faint|p1a: Excadrill
|
|upkeep
|
|t:|1758289813
|switch|p1a: Weavile|Weavile, F|100/100
|-ability|p1a: Weavile|Pressure
|turn|19
|
|t:|1758289818
|move|p2a: Dragapult|U-turn|p1a: Weavile
|-supereffective|p1a: Weavile
|-crit|p1a: Weavile
|-damage|p1a: Weavile|0 fnt
|faint|p1a: Weavile
|
|t:|1758289824
|switch|p2a: Slowking|Slowking-Galar, F, shiny|100/100|[from] U-turn
|
|upkeep
|
|t:|1758289831
|switch|p1a: Hydreigon|Hydreigon, F|100/100
|turn|20
|
|t:|1758289835
|move|p1a: Hydreigon|Dark Pulse|p2a: Slowking
|-supereffective|p2a: Slowking
|-damage|p2a: Slowking|30/100
|move|p2a: Slowking|Thunder Wave|p1a: Hydreigon
|-status|p1a: Hydreigon|par
|
|upkeep
|turn|21
|
|t:|1758289852
|move|p1a: Hydreigon|Dark Pulse|p2a: Slowking
|-supereffective|p2a: Slowking
|-damage|p2a: Slowking|0 fnt
|faint|p2a: Slowking
|
|upkeep
|
|t:|1758289866
|switch|p2a: Toucannon|Toucannon, M, shiny|100/100
|-damage|p2a: Toucannon|76/100|[from] Stealth Rock
|turn|22
|
|t:|1758289878
|move|p2a: Toucannon|Brave Bird|p1a: Hydreigon
|-damage|p1a: Hydreigon|0 fnt
|faint|p1a: Hydreigon
|-damage|p2a: Toucannon|40/100|[from] Recoil
|
|upkeep
|
|t:|1758289883
|switch|p1a: Amoonguss|Amoonguss, M|100/100
|turn|23
|
|t:|1758289888
|move|p2a: Toucannon|Brave Bird|p1a: Amoonguss
|-supereffective|p1a: Amoonguss
|-damage|p1a: Amoonguss|0 fnt
|faint|p1a: Amoonguss
|-damage|p2a: Toucannon|0 fnt|[from] Recoil
|faint|p2a: Toucannon
|
|win|bambijack
|raw|AMCasisi's rating: 1132 &rarr; <strong>1107</strong><br />(-25 for losing)
|raw|bambijack's rating: 1138 &rarr; <strong>1163</strong><br />(+25 for winning)
|l|☆bambijack
|player|p2|
|l|☆AMCasisi
|player|p1|
