|j|☆scrubtest98
|j|☆justiceforjessie
|t:|1758255684
|gametype|singles
|player|p1|scrubtest98|102|1555
|player|p2|justiceforjessie|170|1533
|gen|9
|tier|[Gen 9] OU
|rated|
|rule|HP Percentage Mod: HP is shown in percentages
|rule|Endless Battle Clause: Forcing endless battles is banned
|rule|Species Clause: Limit one of each Pokémon
|rule|OHKO Clause: OHKO moves are banned
|rule|Evasion Items Clause: Evasion items are banned
|rule|Evasion Moves Clause: Evasion moves are banned
|rule|Evasion Abilities Clause: Evasion abilities are banned
|rule|Sleep Moves Clause: Sleep-inducing moves are banned
|clearpoke
|poke|p1|Zamazenta-*|
|poke|p1|Rillaboom, M|
|poke|p1|Gholdengo|
|poke|p1|Ting-Lu|
|poke|p1|Tornadus-Therian, M|
|poke|p1|Hawlucha, M|
|poke|p2|Ninetales, F|
|poke|p2|Great Tusk|
|poke|p2|Walking Wake|
|poke|p2|Comfey, F|
|poke|p2|Venusaur, F|
|poke|p2|Gholdengo|
|teampreview
|
|t:|1758255701
|teamsize|p1|6
|teamsize|p2|6
|start
|switch|p1a: Ting-Lu|Ting-Lu|100/100
|switch|p2a: GholDEIngo.|Gholdengo|100/100
|-ability|p1a: Ting-Lu|Vessel of Ruin
|turn|1
|
|t:|1758255711
|-terastallize|p2a: GholDEIngo.|Fairy
|move|p2a: GholDEIngo.|Nasty Plot|p2a: GholDEIngo.
|-boost|p2a: GholDEIngo.|spa|2
|move|p1a: Ting-Lu|Ruination|p2a: GholDEIngo.
|-damage|p2a: GholDEIngo.|51/100
|
|upkeep
|turn|2
|
|t:|1758255727
|move|p2a: GholDEIngo.|Make It Rain|p1a: Ting-Lu
|-crit|p1a: Ting-Lu
|-damage|p1a: Ting-Lu|0 fnt
|-unboost|p2a: GholDEIngo.|spa|1
|faint|p1a: Ting-Lu
|-damage|p2a: GholDEIngo.|41/100|[from] item: Life Orb
|
|upkeep
|
|t:|1758255733
|switch|p1a: Rillaboom|Rillaboom, M|100/100
|-fieldstart|move: Grassy Terrain|[from] ability: Grassy Surge|[of] p1a: Rillaboom
|turn|3
|
|t:|1758255745
|switch|p2a: NineGENDERS.|Ninetales, F|100/100
|-weather|SunnyDay|[from] ability: Drought|[of] p2a: NineGENDERS.
|move|p1a: Rillaboom|Wood Hammer|p2a: NineGENDERS.
|-resisted|p2a: NineGENDERS.
|-damage|p2a: NineGENDERS.|22/100
|-damage|p1a: Rillaboom|74/100|[from] Recoil
|
|-weather|SunnyDay|[upkeep]
|-heal|p2a: NineGENDERS.|28/100|[from] Grassy Terrain
|-heal|p1a: Rillaboom|80/100|[from] Grassy Terrain
|upkeep
|turn|4
|j| zbddb
|
|t:|1758255756
|switch|p1a: Tornadus|Tornadus-Therian, M|100/100
|move|p2a: NineGENDERS.|Weather Ball|p1a: Tornadus
|-damage|p1a: Tornadus|51/100
|
|-weather|SunnyDay|[upkeep]
|-heal|p2a: NineGENDERS.|34/100|[from] Grassy Terrain
|upkeep
|turn|5
|
|t:|1758255766
|switch|p2a: Great THEY/THEM.|Great Tusk|100/100
|-activate|p2a: Great THEY/THEM.|ability: Protosynthesis
|-start|p2a: Great THEY/THEM.|protosynthesisatk
|move|p1a: Tornadus|Bleakwind Storm|p2a: Great THEY/THEM.
|-supereffective|p2a: Great THEY/THEM.
|-damage|p2a: Great THEY/THEM.|0 fnt
|faint|p2a: Great THEY/THEM.
|-end|p2a: Great THEY/THEM.|Protosynthesis|[silent]
|
|-weather|SunnyDay|[upkeep]
|upkeep
|
|t:|1758255775
|switch|p2a: Walking WOKE.|Walking Wake|100/100
|-activate|p2a: Walking WOKE.|ability: Protosynthesis
|-start|p2a: Walking WOKE.|protosynthesisspe
|turn|6
|
|t:|1758255799
|switch|p1a: Zamazenta|Zamazenta|100/100
|-ability|p1a: Zamazenta|Dauntless Shield|boost
|-boost|p1a: Zamazenta|def|1
|move|p2a: Walking WOKE.|Weather Ball|p1a: Zamazenta
|-damage|p1a: Zamazenta|41/100
|
|-weather|SunnyDay|[upkeep]
|-heal|p1a: Zamazenta|48/100|[from] Grassy Terrain
|-heal|p1a: Zamazenta|54/100|[from] item: Leftovers
|upkeep
|turn|7
|
|t:|1758255809
|move|p2a: Walking WOKE.|Weather Ball|p1a: Zamazenta
|-damage|p1a: Zamazenta|0 fnt
|faint|p1a: Zamazenta
|
|-weather|SunnyDay|[upkeep]
|-fieldend|move: Grassy Terrain
|upkeep
|
|t:|1758255813
|switch|p1a: Rillaboom|Rillaboom, M|80/100
|-fieldstart|move: Grassy Terrain|[from] ability: Grassy Surge|[of] p1a: Rillaboom
|turn|8
|
|t:|1758255822
|move|p1a: Rillaboom|Grassy Glide|p2a: Walking WOKE.
|-damage|p2a: Walking WOKE.|30/100
|move|p2a: Walking WOKE.|Weather Ball|p1a: Rillaboom
|-supereffective|p1a: Rillaboom
|-damage|p1a: Rillaboom|0 fnt
|faint|p1a: Rillaboom
|
|-weather|SunnyDay|[upkeep]
|-heal|p2a: Walking WOKE.|36/100|[from] Grassy Terrain
|upkeep
|
|t:|1758255829
|switch|p1a: Hawlucha|Hawlucha, M|100/100
|-enditem|p1a: Hawlucha|Grassy Seed
|-boost|p1a: Hawlucha|def|1|[from] item: Grassy Seed
|turn|9
|
|t:|1758255843
|-end|p2a: Walking WOKE.|Protosynthesis|[silent]
|switch|p2a: GholDEIngo.|Gholdengo, tera:Fairy|41/100
|move|p1a: Hawlucha|Acrobatics|p2a: GholDEIngo.
|-damage|p2a: GholDEIngo.|0 fnt
|faint|p2a: GholDEIngo.
|
|-weather|SunnyDay|[upkeep]
|upkeep
|
|t:|1758255849
|switch|p2a: Comfey|Comfey, F|100/100
|turn|10
|
|t:|1758255854
|-terastallize|p1a: Hawlucha|Electric
|move|p2a: Comfey|Draining Kiss|p1a: Hawlucha
|-damage|p1a: Hawlucha|60/100
|-damage|p2a: Comfey|91/100|[from] item: Life Orb
|move|p1a: Hawlucha|Acrobatics|p2a: Comfey
|-damage|p2a: Comfey|26/100
|
|-weather|none
|-heal|p1a: Hawlucha|67/100|[from] Grassy Terrain
|-heal|p2a: Comfey|32/100|[from] Grassy Terrain
|upkeep
|turn|11
|
|t:|1758255864
|move|p2a: Comfey|Draining Kiss|p1a: Hawlucha
|-damage|p1a: Hawlucha|27/100
|-heal|p2a: Comfey|63/100|[from] drain|[of] p1a: Hawlucha
|-damage|p2a: Comfey|53/100|[from] item: Life Orb
|move|p1a: Hawlucha|Acrobatics|p2a: Comfey
|-damage|p2a: Comfey|0 fnt
|faint|p2a: Comfey
|
|-heal|p1a: Hawlucha|33/100|[from] Grassy Terrain
|upkeep
|
|t:|1758255876
|switch|p2a: NineGENDERS.|Ninetales, F|34/100
|-weather|SunnyDay|[from] ability: Drought|[of] p2a: NineGENDERS.
|turn|12
|
|t:|1758255880
|move|p1a: Hawlucha|Acrobatics|p2a: NineGENDERS.
|-damage|p2a: NineGENDERS.|0 fnt
|faint|p2a: NineGENDERS.
|
|-weather|SunnyDay|[upkeep]
|-heal|p1a: Hawlucha|39/100|[from] Grassy Terrain
|-fieldend|move: Grassy Terrain
|upkeep
|
|t:|1758255890
|switch|p2a: Walking WOKE.|Walking Wake|36/100
|-activate|p2a: Walking WOKE.|ability: Protosynthesis
|-start|p2a: Walking WOKE.|protosynthesisspe
|turn|13
|
|t:|1758255898
|move|p1a: Hawlucha|Acrobatics|p2a: Walking WOKE.
|-damage|p2a: Walking WOKE.|0 fnt
|faint|p2a: Walking WOKE.
|-end|p2a: Walking WOKE.|Protosynthesis|[silent]
|
|-weather|SunnyDay|[upkeep]
|upkeep
|
|t:|1758255903
|switch|p2a: VenuSOROS.|Venusaur, F|100/100
|turn|14
|
|t:|1758255906
|move|p1a: Hawlucha|Acrobatics|p2a: VenuSOROS.
|-supereffective|p2a: VenuSOROS.
|-damage|p2a: VenuSOROS.|0 fnt
|faint|p2a: VenuSOROS.
|
|win|scrubtest98
|raw|scrubtest98's rating: 1555 &rarr; <strong>1574</strong><br />(+19 for winning)
|raw|justiceforjessie's rating: 1533 &rarr; <strong>1514</strong><br />(-19 for losing)
|l|☆scrubtest98
|player|p1|
