|j|☆13682838(C
|j|☆yokai67
|t:|1758359150
|gametype|singles
|player|p1|13682838(C|hilbert|1000
|player|p2|yokai67|boarder|1000
|gen|9
|tier|[Gen 9] OU
|rated|
|rule|HP Percentage Mod: HP is shown in percentages
|rule|Endless Battle Clause: Forcing endless battles is banned
|rule|Species Clause: Limit one of each Pokémon
|rule|OHKO Clause: OHKO moves are banned
|rule|Evasion Items Clause: Evasion items are banned
|rule|Evasion Moves Clause: Evasion moves are banned
|rule|Evasion Abilities Clause: Evasion abilities are banned
|rule|Sleep Moves Clause: Sleep-inducing moves are banned
|clearpoke
|poke|p1|Garganacl, F|
|poke|p1|Gliscor, M|
|poke|p1|Glimmora, F|
|poke|p1|Corviknight, F|
|poke|p1|Kingambit, M|
|poke|p1|Zapdos|
|poke|p2|Darkrai|
|poke|p2|Ogerpon-Wellspring, F|
|poke|p2|Great Tusk|
|poke|p2|Gholdengo|
|poke|p2|Cinderace, M|
|poke|p2|Deoxys-Speed|
|teampreview
|inactive|Battle timer is ON: inactive players will automatically lose when time's up. (requested by yokai67)
|
|t:|1758359158
|teamsize|p1|6
|teamsize|p2|6
|start
|switch|p1a: Glimmora|Glimmora, F|100/100
|switch|p2a: Deoxys|Deoxys-Speed|100/100
|-ability|p2a: Deoxys|Pressure
|-item|p1a: Glimmora|Air Balloon
|turn|1
|
|t:|1758359167
|move|p2a: Deoxys|Stealth Rock|p1a: Glimmora
|-sidestart|p1: 13682838(C|move: Stealth Rock
|move|p1a: Glimmora|Spikes|p2a: Deoxys
|-sidestart|p2: yokai67|Spikes
|
|upkeep
|turn|2
|
|t:|1758359173
|move|p2a: Deoxys|Psycho Boost|p1a: Glimmora
|-supereffective|p1a: Glimmora
|-damage|p1a: Glimmora|0 fnt
|-unboost|p2a: Deoxys|spa|2
|-enditem|p1a: Glimmora|Air Balloon
|faint|p1a: Glimmora
|
|upkeep
|
|t:|1758359186
|switch|p1a: Gliscor|Gliscor, M|100/100
|-damage|p1a: Gliscor|88/100|[from] Stealth Rock
|turn|3
|
|t:|1758359194
|move|p2a: Deoxys|Spikes|p1a: Gliscor
|-sidestart|p1: 13682838(C|Spikes
|move|p1a: Gliscor|Toxic|p2a: Deoxys
|-status|p2a: Deoxys|tox
|
|-damage|p2a: Deoxys|94/100 tox|[from] psn
|-status|p1a: Gliscor|tox|[from] item: Toxic Orb
|upkeep
|turn|4
|
|t:|1758359198
|move|p1a: Gliscor|Protect|p1a: Gliscor
|-singleturn|p1a: Gliscor|Protect
|move|p2a: Deoxys|Spikes|p1a: Gliscor
|-sidestart|p1: 13682838(C|Spikes
|
|-damage|p2a: Deoxys|82/100 tox|[from] psn
|-heal|p1a: Gliscor|100/100 tox|[from] ability: Poison Heal
|upkeep
|turn|5
|
|t:|1758359202
|move|p2a: Deoxys|Spikes|p1a: Gliscor
|-sidestart|p1: 13682838(C|Spikes
|move|p1a: Gliscor|Earthquake|p2a: Deoxys
|-crit|p2a: Deoxys
|-damage|p2a: Deoxys|3/100 tox
|
|-damage|p2a: Deoxys|0 fnt|[from] psn
|faint|p2a: Deoxys
|upkeep
|
|t:|1758359222
|switch|p2a: Great Tusk|Great Tusk|100/100
|turn|6
|
|t:|1758359227
|move|p2a: Great Tusk|Rapid Spin|p1a: Gliscor
|-damage|p1a: Gliscor|88/100 tox
|-boost|p2a: Great Tusk|spe|1
|-sideend|p2: yokai67|Spikes|[from] move: Rapid Spin|[of] p2a: Great Tusk
|move|p1a: Gliscor|Toxic|p2a: Great Tusk
|-status|p2a: Great Tusk|tox
|
|-damage|p2a: Great Tusk|94/100 tox|[from] psn
|-heal|p1a: Gliscor|100/100 tox|[from] ability: Poison Heal
|upkeep
|turn|7
|
|t:|1758359231
|move|p2a: Great Tusk|Ice Spinner|p1a: Gliscor
|-supereffective|p1a: Gliscor
|-damage|p1a: Gliscor|34/100 tox
|move|p1a: Gliscor|Substitute|p1a: Gliscor
|-start|p1a: Gliscor|Substitute
|-damage|p1a: Gliscor|9/100 tox
|
|-damage|p2a: Great Tusk|82/100 tox|[from] psn
|-heal|p1a: Gliscor|21/100 tox|[from] ability: Poison Heal
|upkeep
|turn|8
|
|t:|1758359235
|move|p1a: Gliscor|Protect|p1a: Gliscor
|-singleturn|p1a: Gliscor|Protect
|move|p2a: Great Tusk|Ice Spinner|p1a: Gliscor
|-activate|p1a: Gliscor|move: Protect
|
|-damage|p2a: Great Tusk|63/100 tox|[from] psn
|-heal|p1a: Gliscor|34/100 tox|[from] ability: Poison Heal
|upkeep
|turn|9
|
|t:|1758359239
|-terastallize|p1a: Gliscor|Ground
|move|p2a: Great Tusk|Ice Spinner|p1a: Gliscor
|-supereffective|p1a: Gliscor
|-end|p1a: Gliscor|Substitute
|move|p1a: Gliscor|Earthquake|p2a: Great Tusk
|-crit|p2a: Great Tusk
|-damage|p2a: Great Tusk|14/100 tox
|
|-damage|p2a: Great Tusk|0 fnt|[from] psn
|faint|p2a: Great Tusk
|-end|p2a: Great Tusk|Protosynthesis|[silent]
|-heal|p1a: Gliscor|46/100 tox|[from] ability: Poison Heal
|upkeep
|
|t:|1758359250
|switch|p2a: Ogerpon|Ogerpon-Wellspring, F|100/100
|turn|10
|
|t:|1758359255
|move|p1a: Gliscor|Protect|p1a: Gliscor
|-singleturn|p1a: Gliscor|Protect
|move|p2a: Ogerpon|Ivy Cudgel|p1a: Gliscor|[anim] Ivy Cudgel Water
|-activate|p1a: Gliscor|move: Protect
|
|-heal|p1a: Gliscor|59/100 tox|[from] ability: Poison Heal
|upkeep
|turn|11
|
|t:|1758359262
|switch|p1a: Corviknight|Corviknight, F|100/100
|-damage|p1a: Corviknight|88/100|[from] Stealth Rock
|move|p2a: Ogerpon|Ivy Cudgel|p1a: Corviknight|[anim] Ivy Cudgel Water
|-damage|p1a: Corviknight|35/100
|
|upkeep
|turn|12
|
|t:|1758359266
|move|p2a: Ogerpon|Ivy Cudgel|p1a: Corviknight|[anim] Ivy Cudgel Water
|-crit|p1a: Corviknight
|-damage|p1a: Corviknight|0 fnt
|faint|p1a: Corviknight
|
|upkeep
|
|t:|1758359272
|switch|p1a: Kingambit|Kingambit, M|100/100
|-damage|p1a: Kingambit|94/100|[from] Stealth Rock
|-damage|p1a: Kingambit|69/100|[from] Spikes
|-activate|p1a: Kingambit|ability: Supreme Overlord
|-start|p1a: Kingambit|fallen2|[silent]
|turn|13
|
|t:|1758359280
|move|p2a: Ogerpon|Ivy Cudgel|p1a: Kingambit|[anim] Ivy Cudgel Water
|-damage|p1a: Kingambit|25/100
|move|p1a: Kingambit|Kowtow Cleave|p2a: Ogerpon
|-damage|p2a: Ogerpon|26/100
|
|upkeep
|turn|14
|
|t:|1758359284
|move|p1a: Kingambit|Sucker Punch|p2a: Ogerpon
|-damage|p2a: Ogerpon|0 fnt
|faint|p2a: Ogerpon
|
|upkeep
|
|t:|1758359290
|switch|p2a: Cinderace|Cinderace, M|100/100
|turn|15
|
|t:|1758359307
|-end|p1a: Kingambit|fallen2|[silent]
|switch|p1a: Zapdos|Zapdos|100/100
|-damage|p1a: Zapdos|76/100|[from] Stealth Rock
|move|p2a: Cinderace|Sucker Punch||[still]
|-fail|p2a: Cinderace
|
|upkeep
|turn|16
|
|t:|1758359315
|move|p2a: Cinderace|Pyro Ball|p1a: Zapdos
|-damage|p1a: Zapdos|10/100
|move|p1a: Zapdos|Hurricane|p2a: Cinderace|[miss]
|-miss|p1a: Zapdos|p2a: Cinderace
|
|upkeep
|turn|17
|
|t:|1758359319
|move|p1a: Zapdos|Detect|p1a: Zapdos
|-singleturn|p1a: Zapdos|Protect
|move|p2a: Cinderace|Pyro Ball|p1a: Zapdos
|-activate|p1a: Zapdos|move: Protect
|
|upkeep
|turn|18
|
|t:|1758359324
|move|p2a: Cinderace|Pyro Ball|p1a: Zapdos
|-damage|p1a: Zapdos|0 fnt
|faint|p1a: Zapdos
|
|upkeep
|
|t:|1758359330
|switch|p1a: Gliscor|Gliscor, M, tera:Ground|59/100 tox
|-damage|p1a: Gliscor|52/100 tox|[from] Stealth Rock
|-damage|p1a: Gliscor|28/100 tox|[from] Spikes
|turn|19
|
|t:|1758359339
|move|p1a: Gliscor|Protect|p1a: Gliscor
|-singleturn|p1a: Gliscor|Protect
|move|p2a: Cinderace|Sucker Punch||[still]
|-fail|p2a: Cinderace
|
|-heal|p1a: Gliscor|40/100 tox|[from] ability: Poison Heal
|upkeep
|turn|20
|
|t:|1758359344
|move|p2a: Cinderace|Pyro Ball|p1a: Gliscor
|-damage|p1a: Gliscor|4/100 tox
|move|p1a: Gliscor|Substitute|p1a: Gliscor
|-fail|p1a: Gliscor|move: Substitute|[weak]
|
|-heal|p1a: Gliscor|17/100 tox|[from] ability: Poison Heal
|upkeep
|turn|21
|
|t:|1758359356
|move|p1a: Gliscor|Protect|p1a: Gliscor
|-singleturn|p1a: Gliscor|Protect
|move|p2a: Cinderace|Pyro Ball|p1a: Gliscor
|-activate|p1a: Gliscor|move: Protect
|
|-heal|p1a: Gliscor|29/100 tox|[from] ability: Poison Heal
|upkeep
|turn|22
|
|t:|1758359364
|switch|p1a: Garganacl|Garganacl, F|100/100
|-damage|p1a: Garganacl|88/100|[from] Stealth Rock
|-damage|p1a: Garganacl|63/100|[from] Spikes
|move|p2a: Cinderace|Pyro Ball|p1a: Garganacl
|-resisted|p1a: Garganacl
|-damage|p1a: Garganacl|45/100
|
|upkeep
|turn|23
|
|t:|1758359380
|move|p2a: Cinderace|U-turn|p1a: Garganacl
|-start|p2a: Cinderace|typechange|Bug|[from] ability: Libero
|-damage|p1a: Garganacl|22/100
|-damage|p2a: Cinderace|84/100|[from] item: Rocky Helmet|[of] p1a: Garganacl
|inactive|yokai67 has 120 seconds left.
|
|t:|1758359418
|switch|p2a: Darkrai|Darkrai|100/100|[from] U-turn
|move|p1a: Garganacl|Salt Cure|p2a: Darkrai
|-damage|p2a: Darkrai|82/100
|-start|p2a: Darkrai|Salt Cure
|
|-damage|p2a: Darkrai|70/100|[from] Salt Cure
|upkeep
|turn|24
|
|t:|1758359422
|switch|p2a: Gholdengo|Gholdengo|100/100
|-item|p2a: Gholdengo|Air Balloon
|move|p1a: Garganacl|Protect||[still]
|-fail|p1a: Garganacl
|
|upkeep
|turn|25
|inactive|yokai67 has 120 seconds left.
|
|t:|1758359447
|switch|p1a: Gliscor|Gliscor, M, tera:Ground|29/100 tox
|-damage|p1a: Gliscor|23/100 tox|[from] Stealth Rock
|-damage|p1a: Gliscor|0 fnt|[from] Spikes
|faint|p1a: Gliscor
|move|p2a: Gholdengo|Shadow Ball|p1: Gliscor|[notarget]
|-fail|p2a: Gholdengo
|
|upkeep
|
|t:|1758359451
|switch|p1a: Kingambit|Kingambit, M|25/100
|-damage|p1a: Kingambit|19/100|[from] Stealth Rock
|-damage|p1a: Kingambit|0 fnt|[from] Spikes
|faint|p1a: Kingambit
|-end|p1a: Kingambit|fallen2|[silent]
|
|t:|1758359452
|switch|p1a: Garganacl|Garganacl, F|22/100
|-damage|p1a: Garganacl|10/100|[from] Stealth Rock
|-damage|p1a: Garganacl|0 fnt|[from] Spikes
|faint|p1a: Garganacl
|
|win|yokai67
|raw|13682838(C's rating: 1000 &rarr; <strong>1000</strong><br />(+0 for losing)
|raw|yokai67's rating: 1000 &rarr; <strong>1040</strong><br />(+40 for winning)
|l|☆13682838(C
|player|p1|
