|j|☆gvrgvgrbe
|j|☆Pokeenjoyment
|t:|1758284082
|gametype|singles
|player|p1|gvrgvgrbe|101|1157
|player|p2|Pokeenjoyment|lass-gen4|1101
|gen|9
|tier|[Gen 9] OU
|rated|
|rule|HP Percentage Mod: HP is shown in percentages
|rule|Endless Battle Clause: Forcing endless battles is banned
|rule|Species Clause: Limit one of each Pokémon
|rule|OHKO Clause: OHKO moves are banned
|rule|Evasion Items Clause: Evasion items are banned
|rule|Evasion Moves Clause: Evasion moves are banned
|rule|Evasion Abilities Clause: Evasion abilities are banned
|rule|Sleep Moves Clause: Sleep-inducing moves are banned
|clearpoke
|poke|p1|Iron Hands|
|poke|p1|Dondozo, F|
|poke|p1|Goodra-Hisui, F|
|poke|p1|Slowbro-Galar, F|
|poke|p1|Enamorus-Therian, F|
|poke|p1|Kingambit, M|
|poke|p2|Scizor, F|
|poke|p2|Ceruledge, F|
|poke|p2|Corviknight, M|
|poke|p2|Azumarill, M|
|poke|p2|Dragonite, F|
|poke|p2|Porygon-Z|
|teampreview
|
|t:|1758284091
|teamsize|p1|6
|teamsize|p2|6
|start
|switch|p1a: Slowbro|Slowbro-Galar, F|100/100
|switch|p2a: Bitty Crunch|Corviknight, M, shiny|100/100
|turn|1
|inactive|Battle timer is ON: inactive players will automatically lose when time's up. (requested by gvrgvgrbe)
|
|t:|1758284097
|move|p2a: Bitty Crunch|Bulk Up|p2a: Bitty Crunch
|-boost|p2a: Bitty Crunch|atk|1
|-boost|p2a: Bitty Crunch|def|1
|move|p1a: Slowbro|Fire Blast|p2a: Bitty Crunch|[miss]
|-miss|p1a: Slowbro|p2a: Bitty Crunch
|
|upkeep
|turn|2
|-activate|p1a: Slowbro|ability: Quick Draw
|
|t:|1758284103
|move|p1a: Slowbro|Fire Blast|p2a: Bitty Crunch
|-supereffective|p2a: Bitty Crunch
|-damage|p2a: Bitty Crunch|24/100
|-enditem|p2a: Bitty Crunch|Sitrus Berry|[eat]
|-heal|p2a: Bitty Crunch|49/100|[from] item: Sitrus Berry
|move|p2a: Bitty Crunch|Brave Bird|p1a: Slowbro
|-damage|p1a: Slowbro|34/100
|-damage|p2a: Bitty Crunch|29/100|[from] Recoil
|
|upkeep
|turn|3
|
|t:|1758284114
|switch|p2a: Speedy Drake|Dragonite, F|100/100
|move|p1a: Slowbro|Fire Blast|p2a: Speedy Drake
|-resisted|p2a: Speedy Drake
|-damage|p2a: Speedy Drake|92/100
|
|upkeep
|turn|4
|
|t:|1758284120
|switch|p1a: Dondozo|Dondozo, F|100/100
|move|p2a: Speedy Drake|Extreme Speed|p1a: Dondozo
|-damage|p1a: Dondozo|82/100
|
|-heal|p1a: Dondozo|88/100|[from] item: Leftovers
|upkeep
|turn|5
|
|t:|1758284127
|move|p2a: Speedy Drake|Low Kick|p1a: Dondozo
|-damage|p1a: Dondozo|65/100
|move|p1a: Dondozo|Liquidation|p2a: Speedy Drake
|-resisted|p2a: Speedy Drake
|-damage|p2a: Speedy Drake|70/100
|
|-heal|p1a: Dondozo|71/100|[from] item: Leftovers
|upkeep
|turn|6
|
|t:|1758284130
|move|p2a: Speedy Drake|Low Kick|p1a: Dondozo
|-damage|p1a: Dondozo|48/100
|move|p1a: Dondozo|Avalanche|p2a: Speedy Drake
|-supereffective|p2a: Speedy Drake
|-damage|p2a: Speedy Drake|0 fnt
|faint|p2a: Speedy Drake
|
|-heal|p1a: Dondozo|54/100|[from] item: Leftovers
|upkeep
|
|t:|1758284136
|switch|p2a: Game Breaker|Porygon-Z, shiny|100/100
|turn|7
|
|t:|1758284144
|move|p2a: Game Breaker|Tri Attack|p1a: Dondozo
|-damage|p1a: Dondozo|0 fnt
|faint|p1a: Dondozo
|
|upkeep
|
|t:|1758284154
|switch|p1a: Kingambit|Kingambit, M|100/100
|-activate|p1a: Kingambit|ability: Supreme Overlord
|-start|p1a: Kingambit|fallen1|[silent]
|turn|8
|
|t:|1758284162
|switch|p2a: Snippy Snap|Scizor, F, shiny|100/100
|move|p1a: Kingambit|Kowtow Cleave|p2a: Snippy Snap
|-damage|p2a: Snippy Snap|33/100
|-damage|p1a: Kingambit|84/100|[from] item: Rocky Helmet|[of] p2a: Snippy Snap
|
|upkeep
|turn|9
|
|t:|1758284171
|-end|p1a: Kingambit|fallen1|[silent]
|switch|p1a: Iron Hands|Iron Hands|100/100
|move|p2a: Snippy Snap|Bullet Punch|p1a: Iron Hands
|-resisted|p1a: Iron Hands
|-damage|p1a: Iron Hands|91/100
|
|upkeep
|turn|10
|
|t:|1758284179
|switch|p2a: Game Breaker|Porygon-Z, shiny|100/100
|move|p1a: Iron Hands|Supercell Slam|p2a: Game Breaker
|-damage|p2a: Game Breaker|34/100
|
|upkeep
|turn|11
|
|t:|1758284188
|move|p2a: Game Breaker|Tri Attack|p1a: Iron Hands
|-damage|p1a: Iron Hands|36/100
|move|p1a: Iron Hands|Supercell Slam|p2a: Game Breaker
|-damage|p2a: Game Breaker|0 fnt
|faint|p2a: Game Breaker
|
|upkeep
|
|t:|1758284195
|switch|p2a: Slashy Slash|Ceruledge, F|100/100
|turn|12
|-activate|p1a: Iron Hands|item: Quick Claw
|
|t:|1758284201
|move|p1a: Iron Hands|Ice Punch|p2a: Slashy Slash
|-resisted|p2a: Slashy Slash
|-damage|p2a: Slashy Slash|83/100
|move|p2a: Slashy Slash|Bitter Blade|p1a: Iron Hands
|-damage|p1a: Iron Hands|9/100
|-heal|p2a: Slashy Slash|100/100|[from] drain|[of] p1a: Iron Hands
|
|upkeep
|turn|13
|
|t:|1758284207
|move|p2a: Slashy Slash|Bitter Blade|p1a: Iron Hands
|-damage|p1a: Iron Hands|0 fnt
|faint|p1a: Iron Hands
|-end|p1a: Iron Hands|Quark Drive|[silent]
|
|upkeep
|
|t:|1758284211
|switch|p1a: Kingambit|Kingambit, M|84/100
|-activate|p1a: Kingambit|ability: Supreme Overlord
|-start|p1a: Kingambit|fallen2|[silent]
|turn|14
|
|t:|1758284217
|move|p2a: Slashy Slash|Bitter Blade|p1a: Kingambit
|-supereffective|p1a: Kingambit
|-damage|p1a: Kingambit|6/100
|move|p1a: Kingambit|Kowtow Cleave|p2a: Slashy Slash
|-supereffective|p2a: Slashy Slash
|-crit|p2a: Slashy Slash
|-damage|p2a: Slashy Slash|0 fnt
|faint|p2a: Slashy Slash
|
|upkeep
|
|t:|1758284224
|switch|p2a: Snippy Snap|Scizor, F, shiny|33/100
|turn|15
|
|t:|1758284230
|move|p2a: Snippy Snap|Bullet Punch|p1a: Kingambit
|-resisted|p1a: Kingambit
|-damage|p1a: Kingambit|0 fnt
|faint|p1a: Kingambit
|-end|p1a: Kingambit|fallen2|[silent]
|
|upkeep
|
|t:|1758284236
|switch|p1a: Goodra|Goodra-Hisui, F|100/100
|turn|16
|
|t:|1758284241
|move|p2a: Snippy Snap|Swords Dance|p2a: Snippy Snap
|-boost|p2a: Snippy Snap|atk|2
|move|p1a: Goodra|Hydro Pump|p2a: Snippy Snap
|-damage|p2a: Snippy Snap|0 fnt
|faint|p2a: Snippy Snap
|
|upkeep
|
|t:|1758284246
|switch|p2a: Bitty Crunch|Corviknight, M, shiny|29/100
|turn|17
|
|t:|1758284248
|move|p2a: Bitty Crunch|Body Press|p1a: Goodra
|-supereffective|p1a: Goodra
|-damage|p1a: Goodra|55/100
|move|p1a: Goodra|Fire Blast|p2a: Bitty Crunch
|-supereffective|p2a: Bitty Crunch
|-damage|p2a: Bitty Crunch|0 fnt
|faint|p2a: Bitty Crunch
|
|upkeep
|
|t:|1758284251
|switch|p2a: Walky Tank|Azumarill, M|100/100
|turn|18
|
|t:|1758284258
|switch|p1a: Slowbro|Slowbro-Galar, F|34/100
|move|p2a: Walky Tank|Superpower|p1a: Slowbro
|-resisted|p1a: Slowbro
|-damage|p1a: Slowbro|23/100
|-unboost|p2a: Walky Tank|atk|1
|-unboost|p2a: Walky Tank|def|1
|-enditem|p2a: Walky Tank|White Herb
|-clearnegativeboost|p2a: Walky Tank|[silent]
|
|upkeep
|turn|19
|
|t:|1758284263
|move|p2a: Walky Tank|Aqua Tail|p1a: Slowbro
|-damage|p1a: Slowbro|0 fnt
|faint|p1a: Slowbro
|
|upkeep
|
|t:|1758284266
|switch|p1a: Enamorus|Enamorus-Therian, F|100/100
|turn|20
|-activate|p1a: Enamorus|item: Quick Claw
|
|t:|1758284278
|-terastallize|p1a: Enamorus|Fairy
|move|p1a: Enamorus|Moonblast|p2a: Walky Tank
|-damage|p2a: Walky Tank|25/100
|move|p2a: Walky Tank|Aqua Tail|p1a: Enamorus
|-damage|p1a: Enamorus|42/100
|
|upkeep
|turn|21
|
|t:|1758284285
|move|p2a: Walky Tank|Aqua Tail|p1a: Enamorus
|-damage|p1a: Enamorus|0 fnt
|faint|p1a: Enamorus
|
|upkeep
|
|t:|1758284287
|switch|p1a: Goodra|Goodra-Hisui, F|55/100
|turn|22
|
|t:|1758284292
|move|p1a: Goodra|Hydro Pump|p2a: Walky Tank|[miss]
|-miss|p1a: Goodra|p2a: Walky Tank
|move|p2a: Walky Tank|Superpower|p1a: Goodra
|-supereffective|p1a: Goodra
|-damage|p1a: Goodra|0 fnt
|-unboost|p2a: Walky Tank|atk|1
|-unboost|p2a: Walky Tank|def|1
|faint|p1a: Goodra
|
|win|Pokeenjoyment
|raw|gvrgvgrbe's rating: 1157 &rarr; <strong>1128</strong><br />(-29 for losing)
|raw|Pokeenjoyment's rating: 1101 &rarr; <strong>1130</strong><br />(+29 for winning)
|l|☆gvrgvgrbe
|player|p1|
|c|☆Pokeenjoyment|gg
