|j|☆kyoujic
|j|☆RoddyJ
|t:|1758341807
|gametype|singles
|player|p1|kyoujic|169|1515
|player|p2|RoddyJ|ethan|1603
|gen|9
|tier|[Gen 9] OU
|rated|
|rule|HP Percentage Mod: HP is shown in percentages
|rule|Endless Battle Clause: Forcing endless battles is banned
|rule|Species Clause: Limit one of each Pokémon
|rule|OHKO Clause: OHKO moves are banned
|rule|Evasion Items Clause: Evasion items are banned
|rule|Evasion Moves Clause: Evasion moves are banned
|rule|Evasion Abilities Clause: Evasion abilities are banned
|rule|Sleep Moves Clause: Sleep-inducing moves are banned
|clearpoke
|poke|p1|Glimmora, F|
|poke|p1|Ogerpon-Wellspring, F|
|poke|p1|Hatterene, F|
|poke|p1|Iron Moth|
|poke|p1|Dragonite, F|
|poke|p1|Kingambit, F|
|poke|p2|Iron Crown|
|poke|p2|Articuno-Galar|
|poke|p2|Blaziken, M|
|poke|p2|Dragapult, F|
|poke|p2|Kyurem|
|poke|p2|Glimmora, F|
|teampreview
|
|t:|1758341816
|teamsize|p1|6
|teamsize|p2|6
|start
|switch|p1a: Glimmora|Glimmora, F|100/100
|switch|p2a: Glimmora|Glimmora, F, shiny|100/100
|-item|p2a: Glimmora|Air Balloon
|turn|1
|inactive|Battle timer is ON: inactive players will automatically lose when time's up. (requested by kyoujic)
|
|t:|1758341820
|move|p2a: Glimmora|Earth Power|p1a: Glimmora
|-supereffective|p1a: Glimmora
|-enditem|p1a: Glimmora|Focus Sash
|-damage|p1a: Glimmora|1/100
|move|p1a: Glimmora|Power Gem|p2a: Glimmora
|-damage|p2a: Glimmora|36/100
|-enditem|p2a: Glimmora|Air Balloon
|
|upkeep
|turn|2
|
|t:|1758341829
|move|p2a: Glimmora|Earth Power|p1a: Glimmora
|-supereffective|p1a: Glimmora
|-damage|p1a: Glimmora|0 fnt
|faint|p1a: Glimmora
|
|upkeep
|
|t:|1758341834
|switch|p1a: Ogerpon|Ogerpon-Wellspring, F|100/100
|turn|3
|
|t:|1758341837
|switch|p2a: Dragapult|Dragapult, F, shiny|100/100
|move|p1a: Ogerpon|Ivy Cudgel|p2a: Dragapult|[anim] Ivy Cudgel Water
|-resisted|p2a: Dragapult
|-damage|p2a: Dragapult|59/100
|
|upkeep
|turn|4
|
|t:|1758341840
|-terastallize|p1a: Ogerpon|Water
|detailschange|p1a: Ogerpon|Ogerpon-Wellspring-Tera, F, tera:Water
|-ability|p1a: Ogerpon|Embody Aspect (Wellspring)|boost
|-boost|p1a: Ogerpon|spd|1
|move|p2a: Dragapult|U-turn|p1a: Ogerpon
|-damage|p1a: Ogerpon|47/100
|
|t:|1758341847
|switch|p2a: Glimmora|Glimmora, F, shiny|36/100|[from] U-turn
|move|p1a: Ogerpon|Knock Off|p2a: Glimmora
|-damage|p2a: Glimmora|6/100
|-activate|p2a: Glimmora|ability: Toxic Debris
|-sidestart|p1: kyoujic|move: Toxic Spikes
|
|upkeep
|turn|5
|
|t:|1758341852
|move|p1a: Ogerpon|Ivy Cudgel|p2a: Glimmora|[anim] Ivy Cudgel Water
|-supereffective|p2a: Glimmora
|-damage|p2a: Glimmora|0 fnt
|-activate|p2a: Glimmora|ability: Toxic Debris
|-sidestart|p1: kyoujic|move: Toxic Spikes
|faint|p2a: Glimmora
|
|upkeep
|
|t:|1758341854
|switch|p2a: Dragapult|Dragapult, F, shiny|59/100
|turn|6
|
|t:|1758341858
|switch|p1a: The Witch|Hatterene, F|100/100
|-status|p1a: The Witch|tox
|move|p2a: Dragapult|U-turn|p1a: The Witch
|-damage|p1a: The Witch|69/100 tox
|
|t:|1758341874
|switch|p2a: Iron Crown|Iron Crown|100/100|[from] U-turn
|
|-heal|p1a: The Witch|75/100 tox|[from] item: Leftovers
|-damage|p1a: The Witch|69/100 tox|[from] psn
|upkeep
|turn|7
|
|t:|1758341882
|switch|p1a: Iron Moth|Iron Moth|100/100
|-sideend|p1: kyoujic|move: Toxic Spikes|[of] p1a: Iron Moth
|-enditem|p1a: Iron Moth|Booster Energy
|-activate|p1a: Iron Moth|ability: Quark Drive|[fromitem]
|-start|p1a: Iron Moth|quarkdrivespe
|move|p2a: Iron Crown|Agility|p2a: Iron Crown
|-boost|p2a: Iron Crown|spe|2
|
|upkeep
|turn|8
|
|t:|1758341887
|move|p2a: Iron Crown|Calm Mind|p2a: Iron Crown
|-boost|p2a: Iron Crown|spa|1
|-boost|p2a: Iron Crown|spd|1
|move|p1a: Iron Moth|Fiery Dance|p2a: Iron Crown
|-supereffective|p2a: Iron Crown
|-damage|p2a: Iron Crown|55/100
|-boost|p1a: Iron Moth|spa|1
|-enditem|p2a: Iron Crown|Weakness Policy
|-boost|p2a: Iron Crown|atk|2|[from] item: Weakness Policy
|-boost|p2a: Iron Crown|spa|2|[from] item: Weakness Policy
|
|upkeep
|turn|9
|
|t:|1758341896
|move|p2a: Iron Crown|Stored Power|p1a: Iron Moth
|-supereffective|p1a: Iron Moth
|-damage|p1a: Iron Moth|0 fnt
|faint|p1a: Iron Moth
|-end|p1a: Iron Moth|Quark Drive|[silent]
|
|upkeep
|
|t:|1758341899
|switch|p1a: Kingambit|Kingambit, F|100/100
|-activate|p1a: Kingambit|ability: Supreme Overlord
|-start|p1a: Kingambit|fallen2|[silent]
|turn|10
|
|t:|1758341902
|move|p2a: Iron Crown|Tachyon Cutter|p1a: Kingambit
|-resisted|p1a: Kingambit
|-damage|p1a: Kingambit|73/100
|-resisted|p1a: Kingambit
|-damage|p1a: Kingambit|45/100
|-hitcount|p1a: Kingambit|2
|move|p1a: Kingambit|Kowtow Cleave|p2a: Iron Crown
|-supereffective|p2a: Iron Crown
|-damage|p2a: Iron Crown|0 fnt
|faint|p2a: Iron Crown
|-end|p2a: Iron Crown|Quark Drive|[silent]
|
|upkeep
|
|t:|1758341909
|switch|p2a: Kyurem|Kyurem, shiny|100/100
|-ability|p2a: Kyurem|Pressure
|turn|11
|
|t:|1758341912
|move|p2a: Kyurem|Earth Power|p1a: Kingambit
|-supereffective|p1a: Kingambit
|-damage|p1a: Kingambit|0 fnt
|faint|p1a: Kingambit
|-end|p1a: Kingambit|fallen2|[silent]
|
|upkeep
|
|t:|1758341920
|switch|p1a: The Witch|Hatterene, F|69/100 tox
|turn|12
|
|t:|1758341934
|move|p2a: Kyurem|Ice Beam|p1a: The Witch
|-damage|p1a: The Witch|7/100 tox
|move|p1a: The Witch|Draining Kiss|p2a: Kyurem
|-supereffective|p2a: Kyurem
|-damage|p2a: Kyurem|57/100
|-heal|p1a: The Witch|48/100 tox|[from] drain|[of] p2a: Kyurem
|
|-heal|p1a: The Witch|54/100 tox|[from] item: Leftovers
|-damage|p1a: The Witch|48/100 tox|[from] psn
|upkeep
|turn|13
|
|t:|1758341941
|move|p2a: Kyurem|Ice Beam|p1a: The Witch
|-damage|p1a: The Witch|0 fnt
|faint|p1a: The Witch
|
|upkeep
|
|t:|1758341942
|switch|p1a: Ogerpon|Ogerpon-Wellspring-Tera, F, tera:Water|47/100
|-ability|p1a: Ogerpon|Embody Aspect (Wellspring)|boost
|-boost|p1a: Ogerpon|spd|1
|turn|14
|
|t:|1758341948
|move|p1a: Ogerpon|Ivy Cudgel|p2a: Kyurem|[anim] Ivy Cudgel Water
|-resisted|p2a: Kyurem
|-damage|p2a: Kyurem|18/100
|move|p2a: Kyurem|Freeze-Dry|p1a: Ogerpon
|-supereffective|p1a: Ogerpon
|-damage|p1a: Ogerpon|0 fnt
|faint|p1a: Ogerpon
|detailschange|p1: Ogerpon|Ogerpon-Wellspring, F|[silent]
|
|upkeep
|
|t:|1758341949
|switch|p1a: Dragonite|Dragonite, F|100/100
|turn|15
|
|t:|1758341952
|move|p2a: Kyurem|Ice Beam|p1a: Dragonite
|-supereffective|p1a: Dragonite
|-damage|p1a: Dragonite|0 fnt
|faint|p1a: Dragonite
|
|win|RoddyJ
|raw|kyoujic's rating: 1515 &rarr; <strong>1500</strong><br />(-15 for losing)
|raw|RoddyJ's rating: 1603 &rarr; <strong>1618</strong><br />(+15 for winning)
|l|☆kyoujic
|player|p1|
|l|☆RoddyJ
|player|p2|
