|j|☆lucsan15
|j|☆Cdcpu25frish
|t:|1758322665
|gametype|singles
|player|p1|lucsan15|marlon|1233
|player|p2|Cdcpu25frish|170|1227
|gen|9
|tier|[Gen 9] OU
|rated|
|rule|HP Percentage Mod: HP is shown in percentages
|rule|Endless Battle Clause: Forcing endless battles is banned
|rule|Species Clause: Limit one of each Pokémon
|rule|OHKO Clause: OHKO moves are banned
|rule|Evasion Items Clause: Evasion items are banned
|rule|Evasion Moves Clause: Evasion moves are banned
|rule|Evasion Abilities Clause: Evasion abilities are banned
|rule|Sleep Moves Clause: Sleep-inducing moves are banned
|clearpoke
|poke|p1|Cinderace, M|
|poke|p1|Darkrai|
|poke|p1|Landorus-Therian, M|
|poke|p1|Zamazenta-*|
|poke|p1|Pecharunt|
|poke|p1|Primarina, M|
|poke|p2|Weezing-Galar, M|
|poke|p2|Zamazenta-*|
|poke|p2|Tornadus-Therian, M|
|poke|p2|Ogerpon-Wellspring, F|
|poke|p2|Gholdengo|
|poke|p2|Ting-Lu|
|teampreview
|inactive|Battle timer is ON: inactive players will automatically lose when time's up. (requested by lucsan15)
|
|t:|1758322694
|teamsize|p1|6
|teamsize|p2|6
|start
|switch|p1a: Landorus|Landorus-Therian, M|100/100
|switch|p2a: Tornadus|Tornadus-Therian, M|100/100
|-ability|p1a: Landorus|Intimidate|boost
|-unboost|p2a: Tornadus|atk|1
|turn|1
|
|t:|1758322701
|move|p1a: Landorus|Stealth Rock|p2a: Tornadus
|-sidestart|p2: Cdcpu25frish|move: Stealth Rock
|move|p2a: Tornadus|Taunt|p1a: Landorus
|-start|p1a: Landorus|move: Taunt
|
|upkeep
|turn|2
|
|t:|1758322717
|switch|p1a: Primarina|Primarina, M|100/100
|move|p2a: Tornadus|Knock Off|p1a: Primarina
|-resisted|p1a: Primarina
|-damage|p1a: Primarina|92/100
|-enditem|p1a: Primarina|Heavy-Duty Boots|[from] move: Knock Off|[of] p2a: Tornadus
|
|upkeep
|turn|3
|
|t:|1758322727
|move|p2a: Tornadus|U-turn|p1a: Primarina
|-resisted|p1a: Primarina
|-damage|p1a: Primarina|85/100
|
|t:|1758322745
|switch|p2a: Gholdengo|Gholdengo|100/100|[from] U-turn
|-damage|p2a: Gholdengo|94/100|[from] Stealth Rock
|move|p1a: Primarina|Surf|p2a: Gholdengo
|-damage|p2a: Gholdengo|46/100
|
|upkeep
|turn|4
|
|t:|1758322757
|switch|p2a: Ogerpon|Ogerpon-Wellspring, F|100/100
|-damage|p2a: Ogerpon|88/100|[from] Stealth Rock
|move|p1a: Primarina|Surf|p2a: Ogerpon
|-heal|p2a: Ogerpon|100/100|[from] ability: Water Absorb|[of] p1a: Primarina
|
|upkeep
|turn|5
|
|t:|1758322774
|switch|p1a: Cinderace|Cinderace, M|100/100
|move|p2a: Ogerpon|Swords Dance|p2a: Ogerpon
|-boost|p2a: Ogerpon|atk|2
|
|upkeep
|turn|6
|
|t:|1758322786
|switch|p2a: Zamazenta|Zamazenta|100/100
|-damage|p2a: Zamazenta|94/100|[from] Stealth Rock
|-ability|p2a: Zamazenta|Dauntless Shield|boost
|-boost|p2a: Zamazenta|def|1
|move|p1a: Cinderace|Gunk Shot|p2a: Zamazenta
|-start|p1a: Cinderace|typechange|Poison|[from] ability: Libero
|-damage|p2a: Zamazenta|67/100
|
|upkeep
|turn|7
|
|t:|1758322799
|move|p2a: Zamazenta|Iron Defense|p2a: Zamazenta
|-boost|p2a: Zamazenta|def|2
|move|p1a: Cinderace|U-turn|p2a: Zamazenta
|-resisted|p2a: Zamazenta
|-crit|p2a: Zamazenta
|-damage|p2a: Zamazenta|55/100
|
|t:|1758322808
|switch|p1a: Pecharunt|Pecharunt|100/100|[from] U-turn
|
|upkeep
|turn|8
|
|t:|1758322818
|switch|p2a: Ting-Lu|Ting-Lu|100/100
|-damage|p2a: Ting-Lu|94/100|[from] Stealth Rock
|-ability|p2a: Ting-Lu|Vessel of Ruin
|move|p1a: Pecharunt|Malignant Chain|p2a: Ting-Lu
|-resisted|p2a: Ting-Lu
|-crit|p2a: Ting-Lu
|-damage|p2a: Ting-Lu|84/100
|-status|p2a: Ting-Lu|tox
|-start|p2a: Ting-Lu|confusion|[from] ability: Poison Puppeteer|[of] p1a: Pecharunt
|
|-heal|p2a: Ting-Lu|90/100 tox|[from] item: Leftovers
|-damage|p2a: Ting-Lu|84/100 tox|[from] psn
|upkeep
|turn|9
|
|t:|1758322832
|move|p1a: Pecharunt|Shadow Ball|p2a: Ting-Lu
|-resisted|p2a: Ting-Lu
|-damage|p2a: Ting-Lu|79/100 tox
|-activate|p2a: Ting-Lu|confusion
|move|p2a: Ting-Lu|Stealth Rock|p1a: Pecharunt
|-sidestart|p1: lucsan15|move: Stealth Rock
|
|-heal|p2a: Ting-Lu|85/100 tox|[from] item: Leftovers
|-damage|p2a: Ting-Lu|73/100 tox|[from] psn
|upkeep
|turn|10
|
|t:|1758322843
|move|p1a: Pecharunt|Parting Shot|p2a: Ting-Lu
|-unboost|p2a: Ting-Lu|atk|1
|-unboost|p2a: Ting-Lu|spa|1
|
|t:|1758322849
|switch|p1a: Primarina|Primarina, M|85/100|[from] Parting Shot
|-damage|p1a: Primarina|73/100|[from] Stealth Rock
|-activate|p2a: Ting-Lu|confusion
|-damage|p2a: Ting-Lu|70/100 tox|[from] confusion
|
|-heal|p2a: Ting-Lu|76/100 tox|[from] item: Leftovers
|-damage|p2a: Ting-Lu|57/100 tox|[from] psn
|upkeep
|turn|11
|
|t:|1758322859
|switch|p2a: Tornadus|Tornadus-Therian, M|100/100
|move|p1a: Primarina|Surf|p2a: Tornadus
|-damage|p2a: Tornadus|55/100
|
|upkeep
|turn|12
|
|t:|1758322866
|move|p2a: Tornadus|Bleakwind Storm|p1a: Primarina
|-damage|p1a: Primarina|34/100
|-unboost|p1a: Primarina|spe|1
|move|p1a: Primarina|Moonblast|p2a: Tornadus
|-damage|p2a: Tornadus|6/100
|-unboost|p2a: Tornadus|spa|1
|
|upkeep
|turn|13
|
|t:|1758322882
|move|p2a: Tornadus|U-turn|p1a: Primarina
|-resisted|p1a: Primarina
|-damage|p1a: Primarina|24/100
|
|t:|1758322885
|switch|p2a: Gholdengo|Gholdengo|46/100|[from] U-turn
|-damage|p2a: Gholdengo|40/100|[from] Stealth Rock
|move|p1a: Primarina|Moonblast|p2a: Gholdengo
|-resisted|p2a: Gholdengo
|-damage|p2a: Gholdengo|15/100
|
|upkeep
|turn|14
|
|t:|1758322897
|switch|p1a: Zamazenta|Zamazenta|100/100
|-ability|p1a: Zamazenta|Dauntless Shield|boost
|-boost|p1a: Zamazenta|def|1
|move|p2a: Gholdengo|Recover|p2a: Gholdengo
|-heal|p2a: Gholdengo|65/100
|
|upkeep
|turn|15
|
|t:|1758322914
|switch|p2a: Weezing|Weezing-Galar, M|100/100
|-ability|p2a: Weezing|Neutralizing Gas
|move|p1a: Zamazenta|Close Combat|p2a: Weezing
|-resisted|p2a: Weezing
|-damage|p2a: Weezing|92/100
|-unboost|p1a: Zamazenta|def|1
|-unboost|p1a: Zamazenta|spd|1
|
|upkeep
|turn|16
|
|t:|1758322930
|move|p1a: Zamazenta|Heavy Slam|p2a: Weezing
|-supereffective|p2a: Weezing
|-damage|p2a: Weezing|39/100
|move|p2a: Weezing|Will-O-Wisp|p1a: Zamazenta
|-status|p1a: Zamazenta|brn
|
|-damage|p1a: Zamazenta|94/100 brn|[from] brn
|upkeep
|turn|17
|
|t:|1758322938
|move|p1a: Zamazenta|Heavy Slam|p2a: Weezing
|-supereffective|p2a: Weezing
|-damage|p2a: Weezing|13/100
|move|p2a: Weezing|Pain Split|p1a: Zamazenta
|-sethp|p1a: Zamazenta|54/100 brn|[from] move: Pain Split|[silent]
|-sethp|p2a: Weezing|52/100|[from] move: Pain Split
|
|-damage|p1a: Zamazenta|48/100 brn|[from] brn
|upkeep
|turn|18
|
|t:|1758322949
|-end|p2a: Weezing|ability: Neutralizing Gas
|switch|p2a: Tornadus|Tornadus-Therian, M|39/100
|move|p1a: Zamazenta|Heavy Slam|p2a: Tornadus
|-damage|p2a: Tornadus|24/100
|
|-damage|p1a: Zamazenta|41/100 brn|[from] brn
|upkeep
|turn|19
|
|t:|1758322958
|move|p1a: Zamazenta|Stone Edge|p2a: Tornadus
|-supereffective|p2a: Tornadus
|-damage|p2a: Tornadus|0 fnt
|faint|p2a: Tornadus
|
|-damage|p1a: Zamazenta|35/100 brn|[from] brn
|upkeep
|
|t:|1758322964
|switch|p2a: Zamazenta|Zamazenta|55/100
|-damage|p2a: Zamazenta|49/100|[from] Stealth Rock
|turn|20
|
|t:|1758322972
|move|p1a: Zamazenta|Crunch|p2a: Zamazenta
|-resisted|p2a: Zamazenta
|-damage|p2a: Zamazenta|45/100
|move|p2a: Zamazenta|Iron Defense|p2a: Zamazenta
|-boost|p2a: Zamazenta|def|2
|
|-damage|p1a: Zamazenta|29/100 brn|[from] brn
|upkeep
|turn|21
|
|t:|1758322981
|move|p1a: Zamazenta|Close Combat|p2a: Zamazenta
|-damage|p2a: Zamazenta|33/100
|-unboost|p1a: Zamazenta|def|1
|-unboost|p1a: Zamazenta|spd|1
|move|p2a: Zamazenta|Body Press|p1a: Zamazenta
|-damage|p1a: Zamazenta|0 fnt
|faint|p1a: Zamazenta
|
|upkeep
|
|t:|1758322996
|switch|p1a: Landorus|Landorus-Therian, M|100/100
|-damage|p1a: Landorus|88/100|[from] Stealth Rock
|-ability|p1a: Landorus|Intimidate|boost
|-unboost|p2a: Zamazenta|atk|1
|turn|22
|
|t:|1758323017
|switch|p2a: Ting-Lu|Ting-Lu|57/100 tox
|-damage|p2a: Ting-Lu|51/100 tox|[from] Stealth Rock
|-ability|p2a: Ting-Lu|Vessel of Ruin
|move|p1a: Landorus|Earthquake|p2a: Ting-Lu
|-damage|p2a: Ting-Lu|22/100 tox
|
|-heal|p2a: Ting-Lu|28/100 tox|[from] item: Leftovers
|-damage|p2a: Ting-Lu|22/100 tox|[from] psn
|upkeep
|turn|23
|
|t:|1758323028
|move|p1a: Landorus|Earthquake|p2a: Ting-Lu
|-damage|p2a: Ting-Lu|0 fnt
|faint|p2a: Ting-Lu
|
|upkeep
|
|t:|1758323032
|switch|p2a: Ogerpon|Ogerpon-Wellspring, F|100/100
|-damage|p2a: Ogerpon|88/100|[from] Stealth Rock
|turn|24
|
|t:|1758323037
|move|p1a: Landorus|Earthquake|p2a: Ogerpon
|-resisted|p2a: Ogerpon
|-damage|p2a: Ogerpon|53/100
|move|p2a: Ogerpon|Ivy Cudgel|p1a: Landorus|[anim] Ivy Cudgel Water
|-supereffective|p1a: Landorus
|-damage|p1a: Landorus|0 fnt
|faint|p1a: Landorus
|
|upkeep
|
|t:|1758323045
|switch|p1a: Darkrai|Darkrai|100/100
|turn|25
|
|t:|1758323054
|switch|p2a: Gholdengo|Gholdengo|65/100
|-damage|p2a: Gholdengo|58/100|[from] Stealth Rock
|move|p1a: Darkrai|Ice Beam|p2a: Gholdengo
|-resisted|p2a: Gholdengo
|-damage|p2a: Gholdengo|43/100
|
|upkeep
|turn|26
|
|t:|1758323069
|-terastallize|p2a: Gholdengo|Fairy
|move|p1a: Darkrai|Focus Blast|p2a: Gholdengo
|-resisted|p2a: Gholdengo
|-damage|p2a: Gholdengo|24/100
|move|p2a: Gholdengo|Make It Rain|p1a: Darkrai
|-damage|p1a: Darkrai|33/100
|-unboost|p2a: Gholdengo|spa|1
|
|upkeep
|turn|27
|
|t:|1758323082
|switch|p2a: Weezing|Weezing-Galar, M|52/100
|-ability|p2a: Weezing|Neutralizing Gas
|move|p1a: Darkrai|Sludge Bomb|p2a: Weezing
|-damage|p2a: Weezing|10/100
|
|upkeep
|turn|28
|
|t:|1758323089
|move|p1a: Darkrai|Sludge Bomb|p2a: Weezing
|-damage|p2a: Weezing|0 fnt
|faint|p2a: Weezing
|-end|p2a: Weezing|ability: Neutralizing Gas
|
|upkeep
|
|t:|1758323093
|switch|p2a: Zamazenta|Zamazenta|33/100
|-damage|p2a: Zamazenta|27/100|[from] Stealth Rock
|turn|29
|
|t:|1758323103
|move|p2a: Zamazenta|Rest|p2a: Zamazenta
|-status|p2a: Zamazenta|slp|[from] move: Rest
|-heal|p2a: Zamazenta|100/100 slp|[silent]
|-enditem|p2a: Zamazenta|Chesto Berry|[eat]
|-curestatus|p2a: Zamazenta|slp|[msg]
|move|p1a: Darkrai|Sludge Bomb|p2a: Zamazenta
|-damage|p2a: Zamazenta|74/100
|
|upkeep
|turn|30
|
|t:|1758323112
|-terastallize|p1a: Darkrai|Poison
|move|p2a: Zamazenta|Body Press|p1a: Darkrai
|-resisted|p1a: Darkrai
|-damage|p1a: Darkrai|8/100
|move|p1a: Darkrai|Sludge Bomb|p2a: Zamazenta
|-damage|p2a: Zamazenta|32/100
|
|upkeep
|turn|31
|
|t:|1758323119
|move|p2a: Zamazenta|Crunch|p1a: Darkrai
|-damage|p1a: Darkrai|0 fnt
|faint|p1a: Darkrai
|
|upkeep
|
|t:|1758323124
|switch|p1a: Pecharunt|Pecharunt|100/100
|turn|32
|
|t:|1758323136
|move|p2a: Zamazenta|Crunch|p1a: Pecharunt
|-supereffective|p1a: Pecharunt
|-damage|p1a: Pecharunt|75/100
|move|p1a: Pecharunt|Malignant Chain|p2a: Zamazenta
|-damage|p2a: Zamazenta|8/100
|
|upkeep
|turn|33
|
|t:|1758323143
|move|p2a: Zamazenta|Crunch|p1a: Pecharunt
|-supereffective|p1a: Pecharunt
|-crit|p1a: Pecharunt
|-damage|p1a: Pecharunt|32/100
|move|p1a: Pecharunt|Malignant Chain|p2a: Zamazenta
|-damage|p2a: Zamazenta|0 fnt
|faint|p2a: Zamazenta
|
|upkeep
|
|t:|1758323146
|switch|p2a: Gholdengo|Gholdengo, tera:Fairy|24/100
|-damage|p2a: Gholdengo|11/100|[from] Stealth Rock
|turn|34
|
|t:|1758323155
|move|p1a: Pecharunt|Shadow Ball|p2a: Gholdengo
|-damage|p2a: Gholdengo|0 fnt
|faint|p2a: Gholdengo
|
|upkeep
|
|t:|1758323158
|switch|p2a: Ogerpon|Ogerpon-Wellspring, F|53/100
|-damage|p2a: Ogerpon|41/100|[from] Stealth Rock
|turn|35
|
|t:|1758323162
|move|p2a: Ogerpon|Ivy Cudgel|p1a: Pecharunt|[anim] Ivy Cudgel Water
|-damage|p1a: Pecharunt|0 fnt
|faint|p1a: Pecharunt
|
|upkeep
|
|t:|1758323167
|switch|p1a: Cinderace|Cinderace, M|100/100
|turn|36
|
|t:|1758323173
|move|p1a: Cinderace|Low Kick|p2a: Ogerpon
|-start|p1a: Cinderace|typechange|Fighting|[from] ability: Libero
|-damage|p2a: Ogerpon|1/100
|move|p2a: Ogerpon|Ivy Cudgel|p1a: Cinderace|[anim] Ivy Cudgel Water
|-crit|p1a: Cinderace
|-damage|p1a: Cinderace|0 fnt
|faint|p1a: Cinderace
|
|upkeep
|
|t:|1758323181
|switch|p1a: Primarina|Primarina, M|24/100
|-damage|p1a: Primarina|12/100|[from] Stealth Rock
|turn|37
|
|t:|1758323190
|move|p2a: Ogerpon|Ivy Cudgel|p1a: Primarina|[anim] Ivy Cudgel Water
|-resisted|p1a: Primarina
|-damage|p1a: Primarina|0 fnt
|faint|p1a: Primarina
|
|win|Cdcpu25frish
|raw|lucsan15's rating: 1233 &rarr; <strong>1208</strong><br />(-25 for losing)
|raw|Cdcpu25frish's rating: 1227 &rarr; <strong>1252</strong><br />(+25 for winning)
|c|☆lucsan15|gg
