|j|☆yukitabata1
|j|☆Chumbagalaa
|t:|1758307241
|gametype|singles
|player|p1|yukitabata1|170|1058
|player|p2|Chumbagalaa|1|1065
|gen|9
|tier|[Gen 9] OU
|rated|
|rule|HP Percentage Mod: HP is shown in percentages
|rule|Endless Battle Clause: Forcing endless battles is banned
|rule|Species Clause: Limit one of each Pokémon
|rule|OHKO Clause: OHKO moves are banned
|rule|Evasion Items Clause: Evasion items are banned
|rule|Evasion Moves Clause: Evasion moves are banned
|rule|Evasion Abilities Clause: Evasion abilities are banned
|rule|Sleep Moves Clause: Sleep-inducing moves are banned
|clearpoke
|poke|p1|Grafaiai, F|
|poke|p1|Grimmsnarl, M|
|poke|p1|Whimsicott, M|
|poke|p1|Glimmora, F|
|poke|p1|Garganacl, M|
|poke|p1|Zapdos|
|poke|p2|Ceruledge, M|
|poke|p2|Delibird, L1, F|
|poke|p2|Gliscor, M|
|poke|p2|Scizor, F|
|poke|p2|Sinistcha-Masterpiece|
|poke|p2|Deoxys-Speed|
|teampreview
|
|t:|1758307261
|teamsize|p1|6
|teamsize|p2|6
|start
|switch|p1a: Grafaiai|Grafaiai, F|100/100
|switch|p2a: Scizor|Scizor, F|100/100
|turn|1
|
|t:|1758307270
|move|p1a: Grafaiai|Switcheroo|p2a: Scizor
|-activate|p1a: Grafaiai|move: Trick|[of] p2a: Scizor
|-item|p2a: Scizor|Choice Scarf|[from] move: Switcheroo
|-item|p1a: Grafaiai|Leftovers|[from] move: Switcheroo
|move|p2a: Scizor|Bullet Punch|p1a: Grafaiai
|-damage|p1a: Grafaiai|59/100
|
|-heal|p1a: Grafaiai|65/100|[from] item: Leftovers
|upkeep
|turn|2
|
|t:|1758307282
|move|p2a: Scizor|Bullet Punch|p1a: Grafaiai
|-damage|p1a: Grafaiai|24/100
|move|p1a: Grafaiai|Knock Off|p2a: Scizor
|-crit|p2a: Scizor
|-damage|p2a: Scizor|61/100
|-enditem|p2a: Scizor|Choice Scarf|[from] move: Knock Off|[of] p1a: Grafaiai
|
|-heal|p1a: Grafaiai|30/100|[from] item: Leftovers
|upkeep
|turn|3
|
|t:|1758307291
|move|p1a: Grafaiai|Parting Shot|p2a: Scizor
|-unboost|p2a: Scizor|atk|1
|-unboost|p2a: Scizor|spa|1
|inactive|Battle timer is ON: inactive players will automatically lose when time's up. (requested by Chumbagalaa)
|
|t:|1758307307
|switch|p1a: Whimsicott|Whimsicott, M|100/100|[from] Parting Shot
|move|p2a: Scizor|Bullet Punch|p1a: Whimsicott
|-supereffective|p1a: Whimsicott
|-crit|p1a: Whimsicott
|-damage|p1a: Whimsicott|15/100
|
|-heal|p1a: Whimsicott|21/100|[from] item: Leftovers
|upkeep
|turn|4
|
|t:|1758307320
|move|p1a: Whimsicott|Stun Spore|p2a: Scizor
|-status|p2a: Scizor|par
|move|p2a: Scizor|U-turn|p1a: Whimsicott
|-damage|p1a: Whimsicott|0 fnt
|faint|p1a: Whimsicott
|
|t:|1758307332
|switch|p2a: Delibird|Delibird, L1, F|100/100|[from] U-turn
|
|upkeep
|
|t:|1758307338
|switch|p1a: Garganacl|Garganacl, M|100/100
|turn|5
|
|t:|1758307344
|move|p2a: Delibird|Fake Out|p1a: Garganacl
|-resisted|p1a: Garganacl
|-damage|p1a: Garganacl|99/100
|cant|p1a: Garganacl|flinch
|
|upkeep
|turn|6
|
|t:|1758307351
|move|p1a: Garganacl|Salt Cure|p2a: Delibird
|-supereffective|p2a: Delibird
|-enditem|p2a: Delibird|Focus Sash
|-damage|p2a: Delibird|9/100
|-start|p2a: Delibird|Salt Cure
|move|p2a: Delibird|Endeavor|p1a: Garganacl
|-damage|p1a: Garganacl|1/100
|
|-damage|p2a: Delibird|0 fnt|[from] Salt Cure
|faint|p2a: Delibird
|upkeep
|
|t:|1758307362
|switch|p2a: Gliscor|Gliscor, M|100/100
|turn|7
|
|t:|1758307367
|move|p2a: Gliscor|Crabhammer|p1a: Garganacl
|-supereffective|p1a: Garganacl
|-damage|p1a: Garganacl|0 fnt
|faint|p1a: Garganacl
|
|-status|p2a: Gliscor|tox|[from] item: Toxic Orb
|upkeep
|
|t:|1758307378
|switch|p1a: Grimmsnarl|Grimmsnarl, M|100/100
|turn|8
|
|t:|1758307385
|move|p1a: Grimmsnarl|Parting Shot|p2a: Gliscor
|-unboost|p2a: Gliscor|atk|1
|-unboost|p2a: Gliscor|spa|1
|
|t:|1758307387
|switch|p1a: Grafaiai|Grafaiai, F|30/100|[from] Parting Shot
|move|p2a: Gliscor|Swords Dance|p2a: Gliscor
|-boost|p2a: Gliscor|atk|2
|
|-heal|p1a: Grafaiai|36/100|[from] item: Leftovers
|upkeep
|turn|9
|
|t:|1758307403
|switch|p2a: Ceruledge|Ceruledge, M|100/100
|move|p1a: Grafaiai|Parting Shot|p2a: Ceruledge
|-unboost|p2a: Ceruledge|atk|1
|-unboost|p2a: Ceruledge|spa|1
|
|t:|1758307408
|switch|p1a: Glimmora|Glimmora, F|100/100|[from] Parting Shot
|
|upkeep
|turn|10
|
|t:|1758307419
|switch|p2a: Gliscor|Gliscor, M|100/100 tox
|move|p1a: Glimmora|Toxic Spikes|p2a: Gliscor
|-sidestart|p2: Chumbagalaa|move: Toxic Spikes
|
|upkeep
|turn|11
|
|t:|1758307431
|move|p1a: Glimmora|Spiky Shield|p1a: Glimmora
|-singleturn|p1a: Glimmora|move: Protect
|move|p2a: Gliscor|Crabhammer|p1a: Glimmora
|-activate|p1a: Glimmora|move: Protect
|-damage|p2a: Gliscor|88/100 tox|[from] Spiky Shield|[of] p1a: Glimmora
|
|-heal|p2a: Gliscor|100/100 tox|[from] ability: Poison Heal
|upkeep
|turn|12
|
|t:|1758307448
|move|p2a: Gliscor|Swords Dance|p2a: Gliscor
|-boost|p2a: Gliscor|atk|2
|move|p1a: Glimmora|Stealth Rock|p2a: Gliscor
|-sidestart|p2: Chumbagalaa|move: Stealth Rock
|
|upkeep
|turn|13
|
|t:|1758307454
|move|p2a: Gliscor|Crabhammer|p1a: Glimmora
|-supereffective|p1a: Glimmora
|-damage|p1a: Glimmora|18/100
|move|p1a: Glimmora|Spikes|p2a: Gliscor
|-sidestart|p2: Chumbagalaa|Spikes
|
|-heal|p1a: Glimmora|24/100|[from] item: Leftovers
|upkeep
|turn|14
|
|t:|1758307465
|move|p2a: Gliscor|Dual Wingbeat|p1a: Glimmora
|-resisted|p1a: Glimmora
|-damage|p1a: Glimmora|10/100
|-resisted|p1a: Glimmora
|-damage|p1a: Glimmora|0 fnt
|faint|p1a: Glimmora
|-hitcount|p1: Glimmora|2
|
|upkeep
|
|t:|1758307488
|switch|p1a: Grimmsnarl|Grimmsnarl, M|100/100
|turn|15
|
|t:|1758307500
|-terastallize|p1a: Grimmsnarl|Dark
|move|p2a: Gliscor|Earthquake|p1a: Grimmsnarl
|-damage|p1a: Grimmsnarl|0 fnt
|faint|p1a: Grimmsnarl
|
|upkeep
|
|t:|1758307505
|switch|p1a: Zapdos|Zapdos|100/100
|-ability|p1a: Zapdos|Pressure
|turn|16
|
|t:|1758307510
|move|p1a: Zapdos|Hurricane|p2a: Gliscor
|-damage|p2a: Gliscor|0 fnt
|faint|p2a: Gliscor
|
|upkeep
|
|t:|1758307518
|switch|p2a: Scizor|Scizor, F|61/100 par
|-damage|p2a: Scizor|48/100 par|[from] Stealth Rock
|-damage|p2a: Scizor|36/100 par|[from] Spikes
|turn|17
|
|t:|1758307527
|move|p1a: Zapdos|Hurricane|p2a: Scizor
|-damage|p2a: Scizor|0 fnt
|faint|p2a: Scizor
|
|upkeep
|
|t:|1758307532
|switch|p2a: Sinistcha|Sinistcha-Masterpiece|100/100
|-status|p2a: Sinistcha|psn
|-damage|p2a: Sinistcha|88/100 psn|[from] Stealth Rock
|-damage|p2a: Sinistcha|76/100 psn|[from] Spikes
|turn|18
|
|t:|1758307540
|move|p1a: Zapdos|Hurricane|p2a: Sinistcha
|-supereffective|p2a: Sinistcha
|-damage|p2a: Sinistcha|0 fnt
|faint|p2a: Sinistcha
|
|upkeep
|
|t:|1758307546
|switch|p2a: Deoxys|Deoxys-Speed|100/100
|-status|p2a: Deoxys|psn
|-damage|p2a: Deoxys|88/100 psn|[from] Stealth Rock
|-damage|p2a: Deoxys|76/100 psn|[from] Spikes
|-ability|p2a: Deoxys|Pressure
|turn|19
|
|t:|1758307555
|move|p2a: Deoxys|Extreme Speed|p1a: Zapdos
|-damage|p1a: Zapdos|68/100
|-damage|p2a: Deoxys|66/100 psn|[from] item: Life Orb
|move|p1a: Zapdos|Hurricane|p2a: Deoxys
|-damage|p2a: Deoxys|0 fnt
|faint|p2a: Deoxys
|
|upkeep
|c|☆yukitabata1|dang
|
|t:|1758307564
|switch|p2a: Ceruledge|Ceruledge, M|100/100
|-status|p2a: Ceruledge|psn
|-damage|p2a: Ceruledge|75/100 psn|[from] Stealth Rock
|-damage|p2a: Ceruledge|63/100 psn|[from] Spikes
|turn|20
|c|☆yukitabata1|zapdos sweep??????
|
|t:|1758307574
|switch|p1a: Grafaiai|Grafaiai, F|36/100
|move|p2a: Ceruledge|Shadow Sneak|p1a: Grafaiai
|-immune|p1a: Grafaiai
|
|-heal|p1a: Grafaiai|42/100|[from] item: Leftovers
|-damage|p2a: Ceruledge|51/100 psn|[from] psn
|upkeep
|turn|21
|-message|Chumbagalaa forfeited.
|
|win|yukitabata1
|raw|yukitabata1's rating: 1058 &rarr; <strong>1090</strong><br />(+32 for winning)
|raw|Chumbagalaa's rating: 1065 &rarr; <strong>1045</strong><br />(-20 for losing)
|l|☆Chumbagalaa
|player|p2|
|l|☆yukitabata1
|player|p1|
