|j|☆jarrodbennett
|j|☆kaiogtz
|t:|1758327100
|gametype|singles
|player|p1|jarrodbennett|2|1423
|player|p2|kaiogtz|169|1473
|gen|9
|tier|[Gen 9] OU
|rated|
|rule|HP Percentage Mod: HP is shown in percentages
|rule|Endless Battle Clause: Forcing endless battles is banned
|rule|Species Clause: Limit one of each Pokémon
|rule|OHKO Clause: OHKO moves are banned
|rule|Evasion Items Clause: Evasion items are banned
|rule|Evasion Moves Clause: Evasion moves are banned
|rule|Evasion Abilities Clause: Evasion abilities are banned
|rule|Sleep Moves Clause: Sleep-inducing moves are banned
|clearpoke
|poke|p1|Ribombee, M|
|poke|p1|Cinderace, F|
|poke|p1|Serperior, M|
|poke|p1|Hitmonlee, M|
|poke|p1|Empoleon, M|
|poke|p1|Kingambit, M|
|poke|p2|Arcanine-Hisui, F|
|poke|p2|Raging Bolt|
|poke|p2|Ogerpon-Wellspring, F|
|poke|p2|Glimmora, M|
|poke|p2|Iron Valiant|
|poke|p2|Ceruledge, M|
|teampreview
|
|t:|1758327106
|teamsize|p1|6
|teamsize|p2|6
|start
|switch|p1a: Ya Like Jazz?|Ribombee, M|100/100
|switch|p2a: Glimmora|Glimmora, M|100/100
|turn|1
|
|t:|1758327114
|move|p1a: Ya Like Jazz?|Sticky Web|p2a: Glimmora
|-sidestart|p2: kaiogtz|move: Sticky Web
|move|p2a: Glimmora|Stealth Rock|p1a: Ya Like Jazz?
|-sidestart|p1: jarrodbennett|move: Stealth Rock
|
|upkeep
|turn|2
|
|t:|1758327130
|switch|p1a: Big Z|Empoleon, M|100/100
|-damage|p1a: Big Z|94/100|[from] Stealth Rock
|move|p2a: Glimmora|Mortal Spin|p1a: Big Z
|-immune|p1a: Big Z
|
|upkeep
|turn|3
|inactive|Battle timer is ON: inactive players will automatically lose when time's up. (requested by kaiogtz)
|
|t:|1758327153
|move|p2a: Glimmora|Earth Power|p1a: Big Z
|-supereffective|p1a: Big Z
|-damage|p1a: Big Z|58/100
|-unboost|p1a: Big Z|spd|1
|-ability|p1a: Big Z|Competitive|boost
|-boost|p1a: Big Z|spa|2
|move|p1a: Big Z|Flash Cannon|p2a: Glimmora
|-supereffective|p2a: Glimmora
|-enditem|p2a: Glimmora|Focus Sash
|-damage|p2a: Glimmora|1/100
|
|upkeep
|turn|4
|
|t:|1758327164
|move|p1a: Big Z|Vacuum Wave|p2a: Glimmora
|-damage|p2a: Glimmora|0 fnt
|faint|p2a: Glimmora
|
|upkeep
|
|t:|1758327177
|switch|p2a: Ceruledge|Ceruledge, M|100/100
|-activate|p2a: Ceruledge|move: Sticky Web
|-unboost|p2a: Ceruledge|spe|1
|turn|5
|
|t:|1758327185
|switch|p1a: Ya Like Jazz?|Ribombee, M|100/100
|-damage|p1a: Ya Like Jazz?|76/100|[from] Stealth Rock
|move|p2a: Ceruledge|Swords Dance|p2a: Ceruledge
|-boost|p2a: Ceruledge|atk|2
|
|upkeep
|turn|6
|
|t:|1758327192
|move|p2a: Ceruledge|Shadow Sneak|p1a: Ya Like Jazz?
|-damage|p1a: Ya Like Jazz?|0 fnt
|faint|p1a: Ya Like Jazz?
|
|upkeep
|
|t:|1758327197
|switch|p1a: What's Up Doc?|Cinderace, F|100/100
|turn|7
|
|t:|1758327202
|move|p1a: What's Up Doc?|Court Change|p1a: What's Up Doc?
|-start|p1a: What's Up Doc?|typechange|Normal|[from] ability: Libero
|-swapsideconditions
|-activate|p1a: What's Up Doc?|move: Court Change
|move|p2a: Ceruledge|Bitter Blade|p1a: What's Up Doc?
|-damage|p1a: What's Up Doc?|0 fnt
|faint|p1a: What's Up Doc?
|
|upkeep
|
|t:|1758327212
|switch|p1a: Taking a Dump|Kingambit, M|100/100
|-activate|p1a: Taking a Dump|move: Sticky Web
|-unboost|p1a: Taking a Dump|spe|1
|-ability|p1a: Taking a Dump|Defiant|boost
|-boost|p1a: Taking a Dump|atk|2
|turn|8
|
|t:|1758327225
|-terastallize|p1a: Taking a Dump|Fairy
|move|p2a: Ceruledge|Bitter Blade|p1a: Taking a Dump
|-damage|p1a: Taking a Dump|32/100
|move|p1a: Taking a Dump|Kowtow Cleave|p2a: Ceruledge
|-supereffective|p2a: Ceruledge
|-enditem|p2a: Ceruledge|Focus Sash
|-damage|p2a: Ceruledge|1/100
|-ability|p2a: Ceruledge|Weak Armor|boost
|-unboost|p2a: Ceruledge|def|1
|-boost|p2a: Ceruledge|spe|2
|
|upkeep
|turn|9
|
|t:|1758327238
|move|p2a: Ceruledge|Shadow Sneak|p1a: Taking a Dump
|-damage|p1a: Taking a Dump|5/100
|move|p1a: Taking a Dump|Kowtow Cleave|p2a: Ceruledge
|-supereffective|p2a: Ceruledge
|-damage|p2a: Ceruledge|0 fnt
|faint|p2a: Ceruledge
|
|upkeep
|
|t:|1758327253
|switch|p2a: Arcanine|Arcanine-Hisui, F|100/100
|turn|10
|
|t:|1758327257
|move|p2a: Arcanine|Extreme Speed|p1a: Taking a Dump
|-damage|p1a: Taking a Dump|0 fnt
|faint|p1a: Taking a Dump
|
|upkeep
|
|t:|1758327262
|switch|p1a: Kickin' Nugget|Hitmonlee, M|100/100
|-activate|p1a: Kickin' Nugget|move: Sticky Web
|-unboost|p1a: Kickin' Nugget|spe|1
|-enditem|p1a: Kickin' Nugget|White Herb
|-clearnegativeboost|p1a: Kickin' Nugget|[silent]
|turn|11
|
|t:|1758327268
|move|p1a: Kickin' Nugget|Swords Dance|p1a: Kickin' Nugget
|-boost|p1a: Kickin' Nugget|atk|2
|move|p2a: Arcanine|Flare Blitz|p1a: Kickin' Nugget
|-damage|p1a: Kickin' Nugget|0 fnt
|faint|p1a: Kickin' Nugget
|
|upkeep
|c|☆jarrodbennett|Dang. Bad read.
|
|t:|1758327283
|switch|p1a: Big Z|Empoleon, M|58/100
|-activate|p1a: Big Z|move: Sticky Web
|-unboost|p1a: Big Z|spe|1
|-ability|p1a: Big Z|Competitive|boost
|-boost|p1a: Big Z|spa|2
|turn|12
|
|t:|1758327289
|move|p1a: Big Z|Vacuum Wave|p2a: Arcanine
|-supereffective|p2a: Arcanine
|-damage|p2a: Arcanine|30/100
|move|p2a: Arcanine|Close Combat|p1a: Big Z
|-supereffective|p1a: Big Z
|-damage|p1a: Big Z|0 fnt
|-unboost|p2a: Arcanine|def|1
|-unboost|p2a: Arcanine|spd|1
|faint|p1a: Big Z
|
|upkeep
|
|t:|1758327298
|switch|p1a: Slytherin|Serperior, M|100/100
|-activate|p1a: Slytherin|move: Sticky Web
|-boost|p1a: Slytherin|spe|1
|turn|13
|
|t:|1758327303
|move|p2a: Arcanine|Extreme Speed|p1a: Slytherin
|-damage|p1a: Slytherin|67/100
|move|p1a: Slytherin|Leaf Storm|p2a: Arcanine
|-damage|p2a: Arcanine|0 fnt
|-boost|p1a: Slytherin|spa|2
|faint|p2a: Arcanine
|
|upkeep
|
|t:|1758327311
|switch|p2a: Iron Valiant|Iron Valiant|100/100
|-damage|p2a: Iron Valiant|94/100|[from] Stealth Rock
|-enditem|p2a: Iron Valiant|Booster Energy
|-activate|p2a: Iron Valiant|ability: Quark Drive|[fromitem]
|-start|p2a: Iron Valiant|quarkdrivespe
|turn|14
|
|t:|1758327318
|move|p2a: Iron Valiant|Moonblast|p1a: Slytherin
|-damage|p1a: Slytherin|11/100
|move|p1a: Slytherin|Leaf Storm|p2a: Iron Valiant
|-damage|p2a: Iron Valiant|0 fnt
|-boost|p1a: Slytherin|spa|2
|faint|p2a: Iron Valiant
|-end|p2a: Iron Valiant|Quark Drive|[silent]
|
|upkeep
|
|t:|1758327324
|switch|p2a: Raging Bolt|Raging Bolt|100/100
|-damage|p2a: Raging Bolt|88/100|[from] Stealth Rock
|-enditem|p2a: Raging Bolt|Booster Energy
|-activate|p2a: Raging Bolt|ability: Protosynthesis|[fromitem]
|-start|p2a: Raging Bolt|protosynthesisspa
|turn|15
|
|t:|1758327332
|move|p2a: Raging Bolt|Thunderclap||[still]
|-fail|p2a: Raging Bolt
|move|p1a: Slytherin|Gastro Acid|p2a: Raging Bolt
|-endability|p2a: Raging Bolt
|-end|p2a: Raging Bolt|Protosynthesis|[silent]
|
|upkeep
|turn|16
|
|t:|1758327337
|move|p2a: Raging Bolt|Thunderclap||[still]
|-fail|p2a: Raging Bolt
|move|p1a: Slytherin|Substitute|p1a: Slytherin
|-fail|p1a: Slytherin|move: Substitute|[weak]
|
|upkeep
|turn|17
|
|t:|1758327343
|move|p2a: Raging Bolt|Thunderclap|p1a: Slytherin
|-resisted|p1a: Slytherin
|-damage|p1a: Slytherin|0 fnt
|faint|p1a: Slytherin
|
|win|kaiogtz
|raw|jarrodbennett's rating: 1423 &rarr; <strong>1406</strong><br />(-17 for losing)
|raw|kaiogtz's rating: 1473 &rarr; <strong>1490</strong><br />(+17 for winning)
|c|☆jarrodbennett|Gg
|l|☆kaiogtz
|player|p2|
|l|☆jarrodbennett
|player|p1|
