|j|☆im on a car
|j|☆aphelps70
|t:|1758329458
|gametype|singles
|player|p1|im on a car|boarder|1110
|player|p2|aphelps70|koga|1112
|gen|9
|tier|[Gen 9] OU
|rated|
|rule|HP Percentage Mod: HP is shown in percentages
|rule|Endless Battle Clause: Forcing endless battles is banned
|rule|Species Clause: Limit one of each Pokémon
|rule|OHKO Clause: OHKO moves are banned
|rule|Evasion Items Clause: Evasion items are banned
|rule|Evasion Moves Clause: Evasion moves are banned
|rule|Evasion Abilities Clause: Evasion abilities are banned
|rule|Sleep Moves Clause: Sleep-inducing moves are banned
|clearpoke
|poke|p1|Darkrai|
|poke|p1|Ogerpon-Wellspring, F|
|poke|p1|Great Tusk|
|poke|p1|Gholdengo|
|poke|p1|Cinderace, F|
|poke|p1|Deoxys-Speed|
|poke|p2|Cinderace, F|
|poke|p2|Glimmora, M|
|poke|p2|Ogerpon-Cornerstone, F|
|poke|p2|Corviknight, M|
|poke|p2|Rotom-Wash|
|poke|p2|Kingdra, F|
|teampreview
|
|t:|1758329467
|teamsize|p1|6
|teamsize|p2|6
|start
|switch|p1a: Deoxys|Deoxys-Speed|100/100
|switch|p2a: Glimmora|Glimmora, M, shiny|100/100
|-ability|p1a: Deoxys|Pressure
|turn|1
|
|t:|1758329484
|move|p1a: Deoxys|Psycho Boost|p2a: Glimmora|[miss]
|-miss|p1a: Deoxys|p2a: Glimmora
|move|p2a: Glimmora|Earth Power|p1a: Deoxys
|-damage|p1a: Deoxys|62/100
|
|upkeep
|turn|2
|
|t:|1758329492
|move|p1a: Deoxys|Psycho Boost|p2a: Glimmora
|-supereffective|p2a: Glimmora
|-enditem|p2a: Glimmora|Focus Sash
|-damage|p2a: Glimmora|1/100
|-unboost|p1a: Deoxys|spa|2
|move|p2a: Glimmora|Sludge Bomb|p1a: Deoxys
|-damage|p1a: Deoxys|4/100
|
|upkeep
|turn|3
|
|t:|1758329504
|move|p2a: Glimmora|Spiky Shield|p2a: Glimmora
|-singleturn|p2a: Glimmora|move: Protect
|move|p1a: Deoxys|Stealth Rock|p2a: Glimmora
|-sidestart|p2: aphelps70|move: Stealth Rock
|
|upkeep
|turn|4
|
|t:|1758329510
|move|p1a: Deoxys|Psycho Boost|p2a: Glimmora
|-supereffective|p2a: Glimmora
|-damage|p2a: Glimmora|0 fnt
|-unboost|p1a: Deoxys|spa|2
|faint|p2a: Glimmora
|
|upkeep
|
|t:|1758329519
|switch|p2a: Cinderace|Cinderace, F|100/100
|turn|5
|
|t:|1758329525
|move|p2a: Cinderace|Sucker Punch||[still]
|-fail|p2a: Cinderace
|move|p1a: Deoxys|Spikes|p2a: Cinderace
|-sidestart|p2: aphelps70|Spikes
|
|upkeep
|turn|6
|
|t:|1758329529
|move|p2a: Cinderace|Sucker Punch||[still]
|-fail|p2a: Cinderace
|move|p1a: Deoxys|Spikes|p2a: Cinderace
|-sidestart|p2: aphelps70|Spikes
|
|upkeep
|turn|7
|
|t:|1758329534
|move|p2a: Cinderace|Sucker Punch||[still]
|-fail|p2a: Cinderace
|move|p1a: Deoxys|Spikes|p2a: Cinderace
|-sidestart|p2: aphelps70|Spikes
|
|upkeep
|turn|8
|
|t:|1758329540
|move|p2a: Cinderace|Sucker Punch||[still]
|-fail|p2a: Cinderace
|move|p1a: Deoxys|Spikes||[still]
|-fail|p1a: Deoxys
|
|upkeep
|turn|9
|
|t:|1758329553
|move|p1a: Deoxys|Psycho Boost|p2a: Cinderace
|-damage|p2a: Cinderace|73/100
|-unboost|p1a: Deoxys|spa|2
|move|p2a: Cinderace|Pyro Ball|p1a: Deoxys
|-damage|p1a: Deoxys|0 fnt
|faint|p1a: Deoxys
|
|upkeep
|
|t:|1758329562
|switch|p1a: Ogerpon|Ogerpon-Wellspring, F|100/100
|turn|10
|
|t:|1758329569
|move|p2a: Cinderace|Court Change|p2a: Cinderace
|-start|p2a: Cinderace|typechange|Normal|[from] ability: Libero
|-swapsideconditions
|-activate|p2a: Cinderace|move: Court Change
|move|p1a: Ogerpon|Ivy Cudgel|p2a: Cinderace|[anim] Ivy Cudgel Water
|-damage|p2a: Cinderace|0 fnt
|faint|p2a: Cinderace
|
|upkeep
|
|t:|1758329585
|switch|p2a: Rotom|Rotom-Wash|100/100
|turn|11
|
|t:|1758329590
|move|p1a: Ogerpon|Horn Leech|p2a: Rotom
|-supereffective|p2a: Rotom
|-damage|p2a: Rotom|0 fnt
|faint|p2a: Rotom
|
|upkeep
|
|t:|1758329599
|switch|p2a: Ogerpon|Ogerpon-Cornerstone, F|100/100
|turn|12
|
|t:|1758329607
|move|p2a: Ogerpon|Ivy Cudgel|p1a: Ogerpon|[anim] Ivy Cudgel Rock
|-damage|p1a: Ogerpon|29/100
|move|p1a: Ogerpon|Ivy Cudgel|p2a: Ogerpon|[anim] Ivy Cudgel Water
|-damage|p2a: Ogerpon|8/100
|
|upkeep
|turn|13
|
|t:|1758329613
|move|p2a: Ogerpon|Ivy Cudgel|p1a: Ogerpon|[anim] Ivy Cudgel Rock
|-damage|p1a: Ogerpon|0 fnt
|faint|p1a: Ogerpon
|
|upkeep
|
|t:|1758329619
|switch|p1a: Great Tusk|Great Tusk|100/100
|turn|14
|
|t:|1758329624
|move|p2a: Ogerpon|Horn Leech|p1a: Great Tusk
|-supereffective|p1a: Great Tusk
|-damage|p1a: Great Tusk|37/100
|-heal|p2a: Ogerpon|48/100|[from] drain|[of] p1a: Great Tusk
|move|p1a: Great Tusk|Ice Spinner|p2a: Ogerpon
|-supereffective|p2a: Ogerpon
|-damage|p2a: Ogerpon|0 fnt
|faint|p2a: Ogerpon
|
|upkeep
|
|t:|1758329637
|switch|p2a: Corviknight|Corviknight, M|100/100
|turn|15
|
|t:|1758329643
|move|p1a: Great Tusk|Ice Spinner|p2a: Corviknight
|-damage|p2a: Corviknight|79/100
|move|p2a: Corviknight|Brave Bird|p1a: Great Tusk
|-supereffective|p1a: Great Tusk
|-damage|p1a: Great Tusk|0 fnt
|faint|p1a: Great Tusk
|-end|p1a: Great Tusk|Protosynthesis|[silent]
|-damage|p2a: Corviknight|68/100|[from] Recoil
|
|-heal|p2a: Corviknight|74/100|[from] item: Leftovers
|upkeep
|
|t:|1758329646
|switch|p1a: Cinderace|Cinderace, F|100/100
|turn|16
|
|t:|1758329660
|-terastallize|p2a: Corviknight|Flying
|move|p1a: Cinderace|Court Change|p1a: Cinderace
|-start|p1a: Cinderace|typechange|Normal|[from] ability: Libero
|-swapsideconditions
|-activate|p1a: Cinderace|move: Court Change
|move|p2a: Corviknight|Brave Bird|p1a: Cinderace
|-damage|p1a: Cinderace|4/100
|-damage|p2a: Corviknight|50/100|[from] Recoil
|
|-heal|p2a: Corviknight|56/100|[from] item: Leftovers
|upkeep
|turn|17
|
|t:|1758329674
|move|p1a: Cinderace|Pyro Ball|p2a: Corviknight
|-damage|p2a: Corviknight|22/100
|move|p2a: Corviknight|Brave Bird|p1a: Cinderace
|-damage|p1a: Cinderace|0 fnt
|faint|p1a: Cinderace
|-damage|p2a: Corviknight|21/100|[from] Recoil
|
|-heal|p2a: Corviknight|27/100|[from] item: Leftovers
|upkeep
|
|t:|1758329684
|switch|p1a: Darkrai|Darkrai|100/100
|turn|18
|
|t:|1758329690
|move|p1a: Darkrai|Dark Pulse|p2a: Corviknight
|-damage|p2a: Corviknight|0 fnt
|faint|p2a: Corviknight
|-damage|p1a: Darkrai|91/100|[from] item: Life Orb
|
|upkeep
|
|t:|1758329697
|switch|p2a: Kingdra|Kingdra, F|100/100
|-damage|p2a: Kingdra|88/100|[from] Stealth Rock
|-damage|p2a: Kingdra|63/100|[from] Spikes
|turn|19
|l|☆im on a car
|player|p1|
|inactive|Battle timer is ON: inactive players will automatically lose when time's up. (requested by aphelps70)
|j|☆im on a car
|inactive|im on a car reconnected and has 130 seconds left.
|player|p1|im on a car|boarder|
|inactive|im on a car has 120 seconds left.
|
|t:|1758329777
|-terastallize|p1a: Darkrai|Poison
|move|p1a: Darkrai|Sludge Bomb|p2a: Kingdra
|-damage|p2a: Kingdra|0 fnt
|faint|p2a: Kingdra
|-damage|p1a: Darkrai|81/100|[from] item: Life Orb
|
|win|im on a car
|raw|im on a car's rating: 1110 &rarr; <strong>1135</strong><br />(+25 for winning)
|raw|aphelps70's rating: 1112 &rarr; <strong>1087</strong><br />(-25 for losing)
