|j|☆slowbro named paul
|j|☆shubh005
|t:|1758281158
|gametype|singles
|player|p1|slowbro named paul|skierf|1205
|player|p2|shubh005|169|1241
|gen|9
|tier|[Gen 9] OU
|rated|
|rule|HP Percentage Mod: HP is shown in percentages
|rule|Endless Battle Clause: Forcing endless battles is banned
|rule|Species Clause: Limit one of each Pokémon
|rule|OHKO Clause: OHKO moves are banned
|rule|Evasion Items Clause: Evasion items are banned
|rule|Evasion Moves Clause: Evasion moves are banned
|rule|Evasion Abilities Clause: Evasion abilities are banned
|rule|Sleep Moves Clause: Sleep-inducing moves are banned
|clearpoke
|poke|p1|Slowbro, F|
|poke|p1|Frosmoth, M|
|poke|p1|Raging Bolt|
|poke|p1|Garganacl, M|
|poke|p1|Amoonguss, F|
|poke|p1|Heatran, M|
|poke|p2|Pelipper, F|
|poke|p2|Hatterene, F|
|poke|p2|Iron Treads|
|poke|p2|Toxicroak, F|
|poke|p2|Barraskewda, F|
|poke|p2|Zapdos|
|teampreview
|inactive|Battle timer is ON: inactive players will automatically lose when time's up. (requested by slowbro named paul)
|
|t:|1758281186
|teamsize|p1|6
|teamsize|p2|6
|start
|switch|p1a: Amoonguss|Amoonguss, F|100/100
|switch|p2a: Pelipper|Pelipper, F|100/100
|-weather|RainDance|[from] ability: Drizzle|[of] p2a: Pelipper
|turn|1
|
|t:|1758281199
|move|p2a: Pelipper|Hurricane|p1a: Amoonguss
|-supereffective|p1a: Amoonguss
|-damage|p1a: Amoonguss|57/100
|-start|p1a: Amoonguss|confusion
|-activate|p1a: Amoonguss|confusion
|move|p1a: Amoonguss|Toxic|p2a: Pelipper
|-status|p2a: Pelipper|tox
|
|-weather|RainDance|[upkeep]
|-heal|p1a: Amoonguss|63/100|[from] item: Leftovers
|-damage|p2a: Pelipper|94/100 tox|[from] psn
|upkeep
|turn|2
|
|t:|1758281210
|switch|p1a: Raging Bolt|Raging Bolt|100/100
|move|p2a: Pelipper|Hurricane|p1a: Raging Bolt
|-resisted|p1a: Raging Bolt
|-damage|p1a: Raging Bolt|87/100
|-start|p1a: Raging Bolt|confusion
|
|-weather|RainDance|[upkeep]
|-heal|p1a: Raging Bolt|93/100|[from] item: Leftovers
|-damage|p2a: Pelipper|82/100 tox|[from] psn
|upkeep
|turn|3
|
|t:|1758281221
|switch|p2a: Iron Treads|Iron Treads|100/100
|-activate|p1a: Raging Bolt|confusion
|move|p1a: Raging Bolt|Calm Mind|p1a: Raging Bolt
|-boost|p1a: Raging Bolt|spa|1
|-boost|p1a: Raging Bolt|spd|1
|
|-weather|RainDance|[upkeep]
|-heal|p1a: Raging Bolt|99/100|[from] item: Leftovers
|upkeep
|turn|4
|
|t:|1758281232
|move|p2a: Iron Treads|Earthquake|p1a: Raging Bolt
|-supereffective|p1a: Raging Bolt
|-damage|p1a: Raging Bolt|59/100
|-activate|p1a: Raging Bolt|confusion
|move|p1a: Raging Bolt|Dragon Pulse|p2a: Iron Treads
|-resisted|p2a: Iron Treads
|-damage|p2a: Iron Treads|78/100
|
|-weather|RainDance|[upkeep]
|-heal|p2a: Iron Treads|84/100|[from] item: Leftovers
|-heal|p1a: Raging Bolt|65/100|[from] item: Leftovers
|upkeep
|turn|5
|
|t:|1758281243
|-end|p1a: Raging Bolt|Protosynthesis|[silent]
|switch|p1a: Slowbro|Slowbro, F|100/100
|move|p2a: Iron Treads|Stealth Rock|p1a: Slowbro
|-sidestart|p1: slowbro named paul|move: Stealth Rock
|
|-weather|RainDance|[upkeep]
|-heal|p2a: Iron Treads|90/100|[from] item: Leftovers
|upkeep
|turn|6
|
|t:|1758281254
|move|p2a: Iron Treads|Volt Switch|p1a: Slowbro
|-supereffective|p1a: Slowbro
|-damage|p1a: Slowbro|74/100
|
|t:|1758281275
|-end|p2a: Iron Treads|Quark Drive|[silent]
|switch|p2a: Zapdos|Zapdos|100/100|[from] Volt Switch
|move|p1a: Slowbro|Psychic Noise|p2a: Zapdos
|-damage|p2a: Zapdos|69/100
|-start|p2a: Zapdos|move: Heal Block
|
|-weather|RainDance|[upkeep]
|upkeep
|turn|7
|
|t:|1758281289
|switch|p1a: Raging Bolt|Raging Bolt|65/100
|-damage|p1a: Raging Bolt|53/100|[from] Stealth Rock
|move|p2a: Zapdos|Weather Ball|p1a: Raging Bolt
|-resisted|p1a: Raging Bolt
|-damage|p1a: Raging Bolt|21/100
|
|-weather|RainDance|[upkeep]
|-heal|p1a: Raging Bolt|27/100|[from] item: Leftovers
|-end|p2a: Zapdos|move: Heal Block
|upkeep
|turn|8
|
|t:|1758281300
|-end|p1a: Raging Bolt|Protosynthesis|[silent]
|switch|p1a: Amoonguss|Amoonguss, F|97/100
|-damage|p1a: Amoonguss|84/100|[from] Stealth Rock
|move|p2a: Zapdos|Weather Ball|p1a: Amoonguss
|-resisted|p1a: Amoonguss
|-damage|p1a: Amoonguss|58/100
|
|-weather|none
|-heal|p1a: Amoonguss|64/100|[from] item: Leftovers
|upkeep
|turn|9
|
|t:|1758281310
|switch|p2a: Pelipper|Pelipper, F|82/100 tox
|-weather|RainDance|[from] ability: Drizzle|[of] p2a: Pelipper
|move|p1a: Amoonguss|Giga Drain|p2a: Pelipper
|-damage|p2a: Pelipper|61/100 tox
|-heal|p1a: Amoonguss|72/100|[from] drain|[of] p2a: Pelipper
|
|-weather|RainDance|[upkeep]
|-heal|p1a: Amoonguss|78/100|[from] item: Leftovers
|-damage|p2a: Pelipper|55/100 tox|[from] psn
|upkeep
|turn|10
|
|t:|1758281326
|move|p2a: Pelipper|Hurricane|p1a: Amoonguss
|-supereffective|p1a: Amoonguss
|-damage|p1a: Amoonguss|28/100
|-start|p1a: Amoonguss|confusion
|-activate|p1a: Amoonguss|confusion
|-damage|p1a: Amoonguss|22/100|[from] confusion
|
|-weather|RainDance|[upkeep]
|-heal|p1a: Amoonguss|28/100|[from] item: Leftovers
|-damage|p2a: Pelipper|43/100 tox|[from] psn
|upkeep
|turn|11
|
|t:|1758281338
|-terastallize|p1a: Amoonguss|Steel
|move|p2a: Pelipper|Hurricane|p1a: Amoonguss
|-resisted|p1a: Amoonguss
|-damage|p1a: Amoonguss|15/100
|-activate|p1a: Amoonguss|confusion
|move|p1a: Amoonguss|Giga Drain|p2a: Pelipper
|-damage|p2a: Pelipper|21/100 tox
|-heal|p1a: Amoonguss|23/100|[from] drain|[of] p2a: Pelipper
|
|-weather|RainDance|[upkeep]
|-heal|p1a: Amoonguss|29/100|[from] item: Leftovers
|-damage|p2a: Pelipper|3/100 tox|[from] psn
|upkeep
|turn|12
|
|t:|1758281352
|switch|p2a: Hatterene|Hatterene, F|100/100
|switch|p1a: Frosmoth|Frosmoth, M|100/100
|
|-weather|RainDance|[upkeep]
|upkeep
|turn|13
|inactive|shubh005 has 120 seconds left.
|
|t:|1758281368
|move|p1a: Frosmoth|Defog|p2a: Hatterene
|move|p2a: Hatterene|Defog|p1a: Frosmoth|[from] ability: Magic Bounce
|-unboost|p1a: Frosmoth|evasion|1
|-sideend|p1: slowbro named paul|Stealth Rock|[from] move: Defog|[of] p2a: Hatterene
|move|p2a: Hatterene|Psychic Noise|p1a: Frosmoth
|-crit|p1a: Frosmoth
|-damage|p1a: Frosmoth|80/100
|-start|p1a: Frosmoth|move: Heal Block
|
|-weather|RainDance|[upkeep]
|upkeep
|turn|14
|inactive|shubh005 has 120 seconds left.
|
|t:|1758281381
|move|p1a: Frosmoth|Quiver Dance|p1a: Frosmoth
|-boost|p1a: Frosmoth|spa|1
|-boost|p1a: Frosmoth|spd|1
|-boost|p1a: Frosmoth|spe|1
|move|p2a: Hatterene|Draining Kiss|p1a: Frosmoth
|-damage|p1a: Frosmoth|75/100
|
|-weather|RainDance|[upkeep]
|-end|p1a: Frosmoth|move: Heal Block
|upkeep
|turn|15
|
|t:|1758281389
|move|p1a: Frosmoth|Quiver Dance|p1a: Frosmoth
|-boost|p1a: Frosmoth|spa|1
|-boost|p1a: Frosmoth|spd|1
|-boost|p1a: Frosmoth|spe|1
|move|p2a: Hatterene|Nuzzle|p1a: Frosmoth
|-crit|p1a: Frosmoth
|-damage|p1a: Frosmoth|66/100
|-status|p1a: Frosmoth|par
|
|-weather|RainDance|[upkeep]
|upkeep
|turn|16
|inactive|shubh005 has 120 seconds left.
|
|t:|1758281413
|move|p1a: Frosmoth|Giga Drain|p2a: Hatterene
|-damage|p2a: Hatterene|56/100
|-heal|p1a: Frosmoth|87/100 par|[from] drain|[of] p2a: Hatterene
|-enditem|p2a: Hatterene|Eject Button
|
|t:|1758281424
|switch|p2a: Toxicroak|Toxicroak, F|100/100
|
|-weather|none
|upkeep
|turn|17
|
|t:|1758281440
|switch|p2a: Iron Treads|Iron Treads|90/100
|switch|p1a: Slowbro|Slowbro, F|100/100
|
|-heal|p2a: Iron Treads|96/100|[from] item: Leftovers
|upkeep
|turn|18
|
|t:|1758281452
|-end|p2a: Iron Treads|Quark Drive|[silent]
|switch|p2a: Hatterene|Hatterene, F|56/100
|move|p1a: Slowbro|Calm Mind|p1a: Slowbro
|-boost|p1a: Slowbro|spa|1
|-boost|p1a: Slowbro|spd|1
|
|upkeep
|turn|19
|
|t:|1758281464
|move|p2a: Hatterene|Healing Wish|p2a: Hatterene
|faint|p2a: Hatterene
|move|p1a: Slowbro|Calm Mind|p1a: Slowbro
|-boost|p1a: Slowbro|spa|1
|-boost|p1a: Slowbro|spd|1
|
|upkeep
|
|t:|1758281470
|switch|p2a: Pelipper|Pelipper, F|3/100 tox
|-heal|p2a: Pelipper|100/100|[from] move: Healing Wish
|-weather|RainDance|[from] ability: Drizzle|[of] p2a: Pelipper
|turn|20
|
|t:|1758281481
|switch|p2a: Zapdos|Zapdos|69/100
|move|p1a: Slowbro|Calm Mind|p1a: Slowbro
|-boost|p1a: Slowbro|spa|1
|-boost|p1a: Slowbro|spd|1
|
|-weather|RainDance|[upkeep]
|upkeep
|turn|21
|
|t:|1758281494
|move|p2a: Zapdos|Thunder|p1a: Slowbro
|-supereffective|p1a: Slowbro
|-damage|p1a: Slowbro|26/100
|move|p1a: Slowbro|Scald|p2a: Zapdos
|-damage|p2a: Zapdos|0 fnt
|faint|p2a: Zapdos
|
|-weather|RainDance|[upkeep]
|upkeep
|
|t:|1758281509
|switch|p2a: Toxicroak|Toxicroak, F|100/100
|turn|22
|
|t:|1758281516
|switch|p1a: Amoonguss|Amoonguss, F, tera:Steel|63/100
|move|p2a: Toxicroak|Encore||[still]
|-fail|p2a: Toxicroak
|
|-weather|RainDance|[upkeep]
|-heal|p1a: Amoonguss|69/100|[from] item: Leftovers
|upkeep
|turn|23
|
|t:|1758281525
|move|p2a: Toxicroak|Drain Punch|p1a: Amoonguss
|-supereffective|p1a: Amoonguss
|-damage|p1a: Amoonguss|15/100
|move|p1a: Amoonguss|Stun Spore|p2a: Toxicroak|[miss]
|-miss|p1a: Amoonguss|p2a: Toxicroak
|
|-weather|RainDance|[upkeep]
|-heal|p1a: Amoonguss|21/100|[from] item: Leftovers
|upkeep
|turn|24
|
|t:|1758281533
|switch|p1a: Slowbro|Slowbro, F|59/100
|move|p2a: Toxicroak|Drain Punch|p1a: Slowbro
|-resisted|p1a: Slowbro
|-crit|p1a: Slowbro
|-damage|p1a: Slowbro|48/100
|-damage|p2a: Toxicroak|84/100|[from] item: Rocky Helmet|[of] p1a: Slowbro
|
|-weather|RainDance|[upkeep]
|-heal|p2a: Toxicroak|96/100|[from] ability: Dry Skin
|upkeep
|turn|25
|inactive|shubh005 has 120 seconds left.
|
|t:|1758281556
|switch|p2a: Iron Treads|Iron Treads|96/100
|switch|p1a: Frosmoth|Frosmoth, M|87/100 par
|
|-weather|RainDance|[upkeep]
|-heal|p2a: Iron Treads|100/100|[from] item: Leftovers
|upkeep
|turn|26
|
|t:|1758281566
|move|p2a: Iron Treads|Earthquake|p1a: Frosmoth
|-resisted|p1a: Frosmoth
|-damage|p1a: Frosmoth|61/100 par
|move|p1a: Frosmoth|Quiver Dance|p1a: Frosmoth
|-boost|p1a: Frosmoth|spa|1
|-boost|p1a: Frosmoth|spd|1
|-boost|p1a: Frosmoth|spe|1
|
|-weather|RainDance|[upkeep]
|upkeep
|turn|27
|
|t:|1758281577
|move|p2a: Iron Treads|Earthquake|p1a: Frosmoth
|-resisted|p1a: Frosmoth
|-damage|p1a: Frosmoth|37/100 par
|move|p1a: Frosmoth|Ice Beam|p2a: Iron Treads
|-damage|p2a: Iron Treads|53/100
|
|-weather|none
|-heal|p2a: Iron Treads|59/100|[from] item: Leftovers
|upkeep
|turn|28
|
|t:|1758281585
|move|p2a: Iron Treads|Earthquake|p1a: Frosmoth
|-resisted|p1a: Frosmoth
|-damage|p1a: Frosmoth|11/100 par
|move|p1a: Frosmoth|Quiver Dance|p1a: Frosmoth
|-boost|p1a: Frosmoth|spa|1
|-boost|p1a: Frosmoth|spd|1
|-boost|p1a: Frosmoth|spe|1
|
|-heal|p2a: Iron Treads|65/100|[from] item: Leftovers
|upkeep
|turn|29
|inactive|shubh005 has 120 seconds left.
|
|t:|1758281596
|move|p2a: Iron Treads|Earthquake|p1a: Frosmoth
|-resisted|p1a: Frosmoth
|-damage|p1a: Frosmoth|0 fnt
|faint|p1a: Frosmoth
|
|-heal|p2a: Iron Treads|71/100|[from] item: Leftovers
|upkeep
|
|t:|1758281599
|switch|p1a: Garganacl|Garganacl, M|100/100
|turn|30
|
|t:|1758281607
|-end|p2a: Iron Treads|Quark Drive|[silent]
|switch|p2a: Pelipper|Pelipper, F|100/100
|-weather|RainDance|[from] ability: Drizzle|[of] p2a: Pelipper
|move|p1a: Garganacl|Curse|p1a: Garganacl
|-unboost|p1a: Garganacl|spe|1
|-boost|p1a: Garganacl|atk|1
|-boost|p1a: Garganacl|def|1
|
|-weather|RainDance|[upkeep]
|upkeep
|turn|31
|inactive|shubh005 has 120 seconds left.
|
|t:|1758281632
|switch|p2a: Toxicroak|Toxicroak, F|96/100
|move|p1a: Garganacl|Salt Cure|p2a: Toxicroak
|-resisted|p2a: Toxicroak
|-damage|p2a: Toxicroak|87/100
|-start|p2a: Toxicroak|Salt Cure
|
|-weather|RainDance|[upkeep]
|-heal|p2a: Toxicroak|99/100|[from] ability: Dry Skin
|-damage|p2a: Toxicroak|87/100|[from] Salt Cure
|upkeep
|turn|32
|
|t:|1758281642
|move|p2a: Toxicroak|Toxic|p1a: Garganacl
|-immune|p1a: Garganacl|[from] ability: Purifying Salt
|move|p1a: Garganacl|Earthquake|p2a: Toxicroak
|-supereffective|p2a: Toxicroak
|-damage|p2a: Toxicroak|18/100
|
|-weather|RainDance|[upkeep]
|-heal|p2a: Toxicroak|31/100|[from] ability: Dry Skin
|-damage|p2a: Toxicroak|18/100|[from] Salt Cure
|upkeep
|turn|33
|inactive|shubh005 has 120 seconds left.
|
|t:|1758281656
|switch|p2a: Barraskewda|Barraskewda, F|100/100
|move|p1a: Garganacl|Salt Cure|p2a: Barraskewda
|-damage|p2a: Barraskewda|60/100
|-start|p2a: Barraskewda|Salt Cure
|
|-weather|RainDance|[upkeep]
|-damage|p2a: Barraskewda|35/100|[from] Salt Cure
|upkeep
|turn|34
|inactive|shubh005 has 120 seconds left.
|
|t:|1758281665
|move|p2a: Barraskewda|Flip Turn|p1a: Garganacl
|-supereffective|p1a: Garganacl
|-damage|p1a: Garganacl|50/100
|inactive|shubh005 has 120 seconds left.
|
|t:|1758281673
|switch|p2a: Toxicroak|Toxicroak, F|18/100|[from] Flip Turn
|move|p1a: Garganacl|Salt Cure|p2a: Toxicroak
|-resisted|p2a: Toxicroak
|-damage|p2a: Toxicroak|9/100
|-start|p2a: Toxicroak|Salt Cure
|
|-weather|RainDance|[upkeep]
|-heal|p2a: Toxicroak|22/100|[from] ability: Dry Skin
|-damage|p2a: Toxicroak|9/100|[from] Salt Cure
|upkeep
|turn|35
|inactive|shubh005 has 120 seconds left.
|
|t:|1758281710
|move|p2a: Toxicroak|Knock Off|p1a: Garganacl
|-damage|p1a: Garganacl|42/100
|-enditem|p1a: Garganacl|Covert Cloak|[from] move: Knock Off|[of] p2a: Toxicroak
|move|p1a: Garganacl|Recover|p1a: Garganacl
|-heal|p1a: Garganacl|92/100
|
|-weather|RainDance|[upkeep]
|-heal|p2a: Toxicroak|22/100|[from] ability: Dry Skin
|-damage|p2a: Toxicroak|9/100|[from] Salt Cure
|upkeep
|turn|36
|
|t:|1758281720
|switch|p1a: Amoonguss|Amoonguss, F, tera:Steel|54/100
|move|p2a: Toxicroak|Encore||[still]
|-fail|p2a: Toxicroak
|
|-weather|RainDance|[upkeep]
|-heal|p2a: Toxicroak|22/100|[from] ability: Dry Skin
|-heal|p1a: Amoonguss|60/100|[from] item: Leftovers
|-damage|p2a: Toxicroak|9/100|[from] Salt Cure
|upkeep
|turn|37
|inactive|shubh005 has 90 seconds left.
|
|t:|1758281736
|switch|p2a: Pelipper|Pelipper, F|100/100
|switch|p1a: Slowbro|Slowbro, F|81/100
|
|-weather|none
|upkeep
|turn|38
|
|t:|1758281745
|switch|p2a: Iron Treads|Iron Treads|71/100
|move|p1a: Slowbro|Calm Mind|p1a: Slowbro
|-boost|p1a: Slowbro|spa|1
|-boost|p1a: Slowbro|spd|1
|
|-heal|p2a: Iron Treads|77/100|[from] item: Leftovers
|upkeep
|turn|39
|
|t:|1758281753
|-end|p2a: Iron Treads|Quark Drive|[silent]
|switch|p2a: Toxicroak|Toxicroak, F|9/100
|move|p1a: Slowbro|Psychic Noise|p2a: Toxicroak
|-supereffective|p2a: Toxicroak
|-damage|p2a: Toxicroak|0 fnt
|faint|p2a: Toxicroak
|
|upkeep
|
|t:|1758281759
|switch|p2a: Pelipper|Pelipper, F|100/100
|-weather|RainDance|[from] ability: Drizzle|[of] p2a: Pelipper
|turn|40
|
|t:|1758281766
|move|p2a: Pelipper|Hurricane|p1a: Slowbro
|-damage|p1a: Slowbro|57/100
|move|p1a: Slowbro|Slack Off|p1a: Slowbro
|-heal|p1a: Slowbro|100/100
|
|-weather|RainDance|[upkeep]
|upkeep
|turn|41
|
|t:|1758281783
|move|p2a: Pelipper|Hurricane|p1a: Slowbro
|-damage|p1a: Slowbro|77/100
|move|p1a: Slowbro|Scald|p2a: Pelipper
|-resisted|p2a: Pelipper
|-damage|p2a: Pelipper|70/100
|
|-weather|RainDance|[upkeep]
|upkeep
|turn|42
|
|t:|1758281790
|move|p2a: Pelipper|Hurricane|p1a: Slowbro
|-damage|p1a: Slowbro|53/100
|-start|p1a: Slowbro|confusion
|-activate|p1a: Slowbro|confusion
|move|p1a: Slowbro|Slack Off|p1a: Slowbro
|-heal|p1a: Slowbro|100/100
|
|-weather|RainDance|[upkeep]
|upkeep
|turn|43
|
|t:|1758281797
|switch|p1a: Amoonguss|Amoonguss, F, tera:Steel|94/100
|move|p2a: Pelipper|Hurricane|p1a: Amoonguss
|-resisted|p1a: Amoonguss
|-damage|p1a: Amoonguss|82/100
|
|-weather|RainDance|[upkeep]
|-heal|p1a: Amoonguss|89/100|[from] item: Leftovers
|upkeep
|turn|44
|
|t:|1758281806
|switch|p2a: Iron Treads|Iron Treads|77/100
|move|p1a: Amoonguss|Stun Spore|p2a: Iron Treads
|-status|p2a: Iron Treads|par
|
|-weather|RainDance|[upkeep]
|-heal|p2a: Iron Treads|83/100 par|[from] item: Leftovers
|-heal|p1a: Amoonguss|95/100|[from] item: Leftovers
|upkeep
|turn|45
|inactive|shubh005 has 120 seconds left.
|
|t:|1758281813
|switch|p1a: Slowbro|Slowbro, F|100/100
|cant|p2a: Iron Treads|par
|
|-weather|RainDance|[upkeep]
|-heal|p2a: Iron Treads|89/100 par|[from] item: Leftovers
|upkeep
|turn|46
|
|t:|1758281819
|move|p2a: Iron Treads|Earthquake|p1a: Slowbro
|-damage|p1a: Slowbro|80/100
|move|p1a: Slowbro|Scald|p2a: Iron Treads
|-supereffective|p2a: Iron Treads
|-damage|p2a: Iron Treads|18/100 par
|
|-weather|RainDance|[upkeep]
|-heal|p2a: Iron Treads|24/100 par|[from] item: Leftovers
|upkeep
|turn|47
|
|t:|1758281825
|cant|p2a: Iron Treads|par
|move|p1a: Slowbro|Calm Mind|p1a: Slowbro
|-boost|p1a: Slowbro|spa|1
|-boost|p1a: Slowbro|spd|1
|
|-weather|none
|-heal|p2a: Iron Treads|30/100 par|[from] item: Leftovers
|upkeep
|turn|48
|
|t:|1758281828
|move|p2a: Iron Treads|Volt Switch|p1a: Slowbro
|-supereffective|p1a: Slowbro
|-damage|p1a: Slowbro|62/100
|
|t:|1758281832
|-end|p2a: Iron Treads|Quark Drive|[silent]
|switch|p2a: Barraskewda|Barraskewda, F|35/100|[from] Volt Switch
|move|p1a: Slowbro|Calm Mind|p1a: Slowbro
|-boost|p1a: Slowbro|spa|1
|-boost|p1a: Slowbro|spd|1
|
|upkeep
|turn|49
|
|t:|1758281842
|-terastallize|p2a: Barraskewda|Water
|move|p2a: Barraskewda|Flip Turn|p1a: Slowbro
|-resisted|p1a: Slowbro
|-damage|p1a: Slowbro|44/100
|-damage|p2a: Barraskewda|19/100|[from] item: Rocky Helmet|[of] p1a: Slowbro
|
|t:|1758281849
|switch|p2a: Pelipper|Pelipper, F|70/100|[from] Flip Turn
|-weather|RainDance|[from] ability: Drizzle|[of] p2a: Pelipper
|move|p1a: Slowbro|Slack Off|p1a: Slowbro
|-heal|p1a: Slowbro|94/100
|
|-weather|RainDance|[upkeep]
|upkeep
|turn|50
|
|t:|1758281865
|move|p2a: Pelipper|Hurricane|p1a: Slowbro
|-damage|p1a: Slowbro|76/100
|move|p1a: Slowbro|Scald|p2a: Pelipper
|-resisted|p2a: Pelipper
|-damage|p2a: Pelipper|31/100
|
|-weather|RainDance|[upkeep]
|upkeep
|turn|51
|
|t:|1758281873
|move|p2a: Pelipper|Roost|p2a: Pelipper
|-heal|p2a: Pelipper|81/100
|-singleturn|p2a: Pelipper|move: Roost
|move|p1a: Slowbro|Slack Off|p1a: Slowbro
|-heal|p1a: Slowbro|100/100
|
|-weather|RainDance|[upkeep]
|upkeep
|turn|52
|
|t:|1758281879
|move|p2a: Pelipper|Hurricane|p1a: Slowbro
|-damage|p1a: Slowbro|82/100
|-start|p1a: Slowbro|confusion
|-activate|p1a: Slowbro|confusion
|move|p1a: Slowbro|Calm Mind|p1a: Slowbro
|-boost|p1a: Slowbro|spa|1
|-boost|p1a: Slowbro|spd|1
|
|-weather|RainDance|[upkeep]
|upkeep
|turn|53
|
|t:|1758281887
|move|p2a: Pelipper|Hurricane|p1a: Slowbro
|-damage|p1a: Slowbro|66/100
|-activate|p1a: Slowbro|confusion
|move|p1a: Slowbro|Psychic Noise|p2a: Pelipper
|-damage|p2a: Pelipper|24/100
|-start|p2a: Pelipper|move: Heal Block
|
|-weather|RainDance|[upkeep]
|upkeep
|turn|54
|
|t:|1758281896
|move|p2a: Pelipper|U-turn|p1a: Slowbro
|-supereffective|p1a: Slowbro
|-damage|p1a: Slowbro|56/100
|-damage|p2a: Pelipper|7/100|[from] item: Rocky Helmet|[of] p1a: Slowbro
|
|t:|1758281902
|switch|p2a: Iron Treads|Iron Treads|30/100 par|[from] U-turn
|-activate|p1a: Slowbro|confusion
|move|p1a: Slowbro|Slack Off|p1a: Slowbro
|-heal|p1a: Slowbro|100/100
|
|-weather|RainDance|[upkeep]
|-heal|p2a: Iron Treads|36/100 par|[from] item: Leftovers
|upkeep
|turn|55
|
|t:|1758281908
|move|p2a: Iron Treads|Stealth Rock|p1a: Slowbro
|-sidestart|p1: slowbro named paul|move: Stealth Rock
|-end|p1a: Slowbro|confusion
|move|p1a: Slowbro|Calm Mind|p1a: Slowbro
|-boost|p1a: Slowbro|spa|1
|-boost|p1a: Slowbro|spd|1
|
|-weather|RainDance|[upkeep]
|-heal|p2a: Iron Treads|42/100 par|[from] item: Leftovers
|upkeep
|turn|56
|
|t:|1758281914
|move|p2a: Iron Treads|Earthquake|p1a: Slowbro
|-damage|p1a: Slowbro|80/100
|move|p1a: Slowbro|Scald|p2a: Iron Treads
|-supereffective|p2a: Iron Treads
|-damage|p2a: Iron Treads|0 fnt
|faint|p2a: Iron Treads
|-end|p2a: Iron Treads|Quark Drive|[silent]
|
|-weather|none
|upkeep
|
|t:|1758281919
|switch|p2a: Barraskewda|Barraskewda, F, tera:Water|19/100
|turn|57
|
|t:|1758281928
|move|p2a: Barraskewda|Liquidation|p1a: Slowbro
|-resisted|p1a: Slowbro
|-damage|p1a: Slowbro|52/100
|-unboost|p1a: Slowbro|def|1
|-damage|p2a: Barraskewda|3/100|[from] item: Rocky Helmet|[of] p1a: Slowbro
|move|p1a: Slowbro|Slack Off|p1a: Slowbro
|-heal|p1a: Slowbro|100/100
|
|upkeep
|turn|58
|
|t:|1758281937
|switch|p2a: Pelipper|Pelipper, F|7/100
|-weather|RainDance|[from] ability: Drizzle|[of] p2a: Pelipper
|move|p1a: Slowbro|Slack Off||[still]
|-fail|p1a: Slowbro|heal
|
|-weather|RainDance|[upkeep]
|upkeep
|turn|59
|
|t:|1758281945
|move|p2a: Pelipper|Hurricane|p1a: Slowbro
|-damage|p1a: Slowbro|87/100
|-start|p1a: Slowbro|confusion
|-activate|p1a: Slowbro|confusion
|move|p1a: Slowbro|Scald|p2a: Pelipper
|-resisted|p2a: Pelipper
|-crit|p2a: Pelipper
|-damage|p2a: Pelipper|0 fnt
|faint|p2a: Pelipper
|
|-weather|RainDance|[upkeep]
|upkeep
|
|t:|1758281951
|switch|p2a: Barraskewda|Barraskewda, F, tera:Water|3/100
|turn|60
|
|t:|1758281954
|switch|p1a: Garganacl|Garganacl, M|92/100
|-damage|p1a: Garganacl|79/100|[from] Stealth Rock
|move|p2a: Barraskewda|Liquidation|p1a: Garganacl
|-supereffective|p1a: Garganacl
|-damage|p1a: Garganacl|0 fnt
|faint|p1a: Garganacl
|
|-weather|RainDance|[upkeep]
|upkeep
|
|t:|1758281956
|switch|p1a: Heatran|Heatran, M|100/100
|-damage|p1a: Heatran|88/100|[from] Stealth Rock
|turn|61
|
|t:|1758281965
|move|p2a: Barraskewda|Liquidation|p1a: Heatran
|-supereffective|p1a: Heatran
|-damage|p1a: Heatran|0 fnt
|faint|p1a: Heatran
|
|-weather|RainDance|[upkeep]
|upkeep
|
|t:|1758281967
|switch|p1a: Amoonguss|Amoonguss, F, tera:Steel|100/100
|-damage|p1a: Amoonguss|94/100|[from] Stealth Rock
|turn|62
|
|t:|1758281973
|move|p2a: Barraskewda|Liquidation|p1a: Amoonguss
|-damage|p1a: Amoonguss|0 fnt
|faint|p1a: Amoonguss
|
|-weather|RainDance|[upkeep]
|upkeep
|
|t:|1758281974
|switch|p1a: Raging Bolt|Raging Bolt|27/100
|-damage|p1a: Raging Bolt|15/100|[from] Stealth Rock
|turn|63
|
|t:|1758281981
|move|p2a: Barraskewda|Liquidation|p1a: Raging Bolt
|-resisted|p1a: Raging Bolt
|-damage|p1a: Raging Bolt|0 fnt
|faint|p1a: Raging Bolt
|-end|p1a: Raging Bolt|Protosynthesis|[silent]
|
|-weather|RainDance|[upkeep]
|upkeep
|
|t:|1758281982
|switch|p1a: Slowbro|Slowbro, F|100/100
|-damage|p1a: Slowbro|88/100|[from] Stealth Rock
|turn|64
|c|☆shubh005|ok bro
|
|t:|1758281993
|move|p2a: Barraskewda|Liquidation|p1a: Slowbro
|-resisted|p1a: Slowbro
|-damage|p1a: Slowbro|45/100
|-damage|p2a: Barraskewda|0 fnt|[from] item: Rocky Helmet|[of] p1a: Slowbro
|faint|p2a: Barraskewda
|
|win|slowbro named paul
|raw|slowbro named paul's rating: 1205 &rarr; <strong>1233</strong><br />(+28 for winning)
|raw|shubh005's rating: 1241 &rarr; <strong>1213</strong><br />(-28 for losing)
