|j|☆turroargento
|j|☆bowcaster26
|t:|1758284245
|gametype|singles
|player|p1|turroargento|birdkeeper|1154
|player|p2|bowcaster26|striker|1108
|gen|9
|tier|[Gen 9] OU
|rated|
|rule|HP Percentage Mod: HP is shown in percentages
|rule|Endless Battle Clause: Forcing endless battles is banned
|rule|Species Clause: Limit one of each Pokémon
|rule|OHKO Clause: OHKO moves are banned
|rule|Evasion Items Clause: Evasion items are banned
|rule|Evasion Moves Clause: Evasion moves are banned
|rule|Evasion Abilities Clause: Evasion abilities are banned
|rule|Sleep Moves Clause: Sleep-inducing moves are banned
|clearpoke
|poke|p1|Smeargle, M|
|poke|p1|Breloom, F|
|poke|p1|Dragonite, M|
|poke|p1|Chandelure, F|
|poke|p1|Grumpig, M|
|poke|p1|Samurott-Hisui, M|
|poke|p2|Mamoswine, M|
|poke|p2|Serperior, M|
|poke|p2|Samurott-Hisui, M|
|poke|p2|Dragapult, F|
|poke|p2|Garganacl, M|
|poke|p2|Tinkaton, F|
|teampreview
|inactive|Battle timer is ON: inactive players will automatically lose when time's up. (requested by bowcaster26)
|
|t:|1758284250
|teamsize|p1|6
|teamsize|p2|6
|start
|switch|p1a: Samurott|Samurott-Hisui, M|100/100
|switch|p2a: Depth Charge|Samurott-Hisui, M|100/100
|turn|1
|c|☆turroargento|glhf
|
|t:|1758284258
|move|p1a: Samurott|Ceaseless Edge|p2a: Depth Charge
|-resisted|p2a: Depth Charge
|-damage|p2a: Depth Charge|71/100
|-sidestart|p2: bowcaster26|Spikes
|move|p2a: Depth Charge|Sacred Sword|p1a: Samurott
|-supereffective|p1a: Samurott
|-damage|p1a: Samurott|0 fnt
|faint|p1a: Samurott
|
|upkeep
|
|t:|1758284262
|switch|p1a: Breloom|Breloom, F|100/100
|turn|2
|
|t:|1758284270
|move|p2a: Depth Charge|Sucker Punch|p1a: Breloom
|-resisted|p1a: Breloom
|-damage|p1a: Breloom|75/100
|move|p1a: Breloom|Bullet Seed|p2a: Depth Charge
|-supereffective|p2a: Depth Charge
|-damage|p2a: Depth Charge|13/100
|-supereffective|p2a: Depth Charge
|-damage|p2a: Depth Charge|0 fnt
|faint|p2a: Depth Charge
|-hitcount|p2: Depth Charge|2
|
|upkeep
|
|t:|1758284281
|switch|p2a: Megatron|Mamoswine, M|100/100
|-damage|p2a: Megatron|88/100|[from] Spikes
|turn|3
|
|t:|1758284290
|move|p1a: Breloom|Mach Punch|p2a: Megatron
|-supereffective|p2a: Megatron
|-damage|p2a: Megatron|24/100
|move|p2a: Megatron|Ice Shard|p1a: Breloom
|-supereffective|p1a: Breloom
|-damage|p1a: Breloom|0 fnt
|faint|p1a: Breloom
|-damage|p2a: Megatron|14/100|[from] item: Life Orb
|
|upkeep
|
|t:|1758284295
|switch|p1a: Chandelure|Chandelure, F|100/100
|turn|4
|
|t:|1758284299
|move|p1a: Chandelure|Flamethrower|p2a: Megatron
|-supereffective|p2a: Megatron
|-damage|p2a: Megatron|0 fnt
|faint|p2a: Megatron
|
|upkeep
|
|t:|1758284303
|switch|p2a: Targitzan|Garganacl, M, shiny|100/100
|-damage|p2a: Targitzan|88/100|[from] Spikes
|turn|5
|
|t:|1758284306
|move|p1a: Chandelure|Flamethrower|p2a: Targitzan
|-resisted|p2a: Targitzan
|-damage|p2a: Targitzan|70/100
|move|p2a: Targitzan|Salt Cure|p1a: Chandelure
|-supereffective|p1a: Chandelure
|-damage|p1a: Chandelure|63/100
|-start|p1a: Chandelure|Salt Cure
|
|-heal|p2a: Targitzan|76/100|[from] item: Leftovers
|-damage|p1a: Chandelure|51/100|[from] Salt Cure
|upkeep
|turn|6
|
|t:|1758284315
|switch|p1a: Grumpig|Grumpig, M|100/100
|move|p2a: Targitzan|Recover|p2a: Targitzan
|-heal|p2a: Targitzan|100/100
|
|upkeep
|turn|7
|
|t:|1758284319
|move|p1a: Grumpig|Psychic|p2a: Targitzan
|-damage|p2a: Targitzan|75/100
|move|p2a: Targitzan|Salt Cure|p1a: Grumpig
|-damage|p1a: Grumpig|83/100
|-start|p1a: Grumpig|Salt Cure
|
|-heal|p1a: Grumpig|89/100|[from] item: Leftovers
|-heal|p2a: Targitzan|81/100|[from] item: Leftovers
|-damage|p1a: Grumpig|77/100|[from] Salt Cure
|upkeep
|turn|8
|
|t:|1758284324
|switch|p1a: Chandelure|Chandelure, F|51/100
|move|p2a: Targitzan|Iron Defense|p2a: Targitzan
|-boost|p2a: Targitzan|def|2
|
|-heal|p2a: Targitzan|87/100|[from] item: Leftovers
|upkeep
|turn|9
|
|t:|1758284329
|-terastallize|p2a: Targitzan|Flying
|move|p1a: Chandelure|Trick|p2a: Targitzan
|-activate|p1a: Chandelure|move: Trick|[of] p2a: Targitzan
|-item|p2a: Targitzan|Choice Scarf|[from] move: Trick
|-item|p1a: Chandelure|Leftovers|[from] move: Trick
|move|p2a: Targitzan|Salt Cure|p1a: Chandelure
|-supereffective|p1a: Chandelure
|-damage|p1a: Chandelure|9/100
|-start|p1a: Chandelure|Salt Cure
|
|-heal|p1a: Chandelure|15/100|[from] item: Leftovers
|-damage|p1a: Chandelure|3/100|[from] Salt Cure
|upkeep
|turn|10
|
|t:|1758284336
|switch|p1a: Grumpig|Grumpig, M|77/100
|move|p2a: Targitzan|Salt Cure|p1a: Grumpig
|-damage|p1a: Grumpig|57/100
|-start|p1a: Grumpig|Salt Cure
|
|-heal|p1a: Grumpig|63/100|[from] item: Leftovers
|-damage|p1a: Grumpig|51/100|[from] Salt Cure
|upkeep
|turn|11
|
|t:|1758284341
|move|p1a: Grumpig|Psychic|p2a: Targitzan
|-damage|p2a: Targitzan|63/100
|move|p2a: Targitzan|Salt Cure|p1a: Grumpig
|-damage|p1a: Grumpig|32/100
|
|-heal|p1a: Grumpig|38/100|[from] item: Leftovers
|-damage|p1a: Grumpig|26/100|[from] Salt Cure
|upkeep
|turn|12
|
|t:|1758284352
|switch|p2a: Sena|Tinkaton, F|100/100
|-damage|p2a: Sena|88/100|[from] Spikes
|-ability|p2a: Sena|Mold Breaker
|move|p1a: Grumpig|Psychic|p2a: Sena
|-resisted|p2a: Sena
|-damage|p2a: Sena|75/100
|
|-heal|p1a: Grumpig|32/100|[from] item: Leftovers
|-damage|p1a: Grumpig|20/100|[from] Salt Cure
|upkeep
|turn|13
|
|t:|1758284361
|switch|p1a: Smeargle|Smeargle, M|100/100
|move|p2a: Sena|Thunder Wave|p1a: Smeargle|[miss]
|-miss|p2a: Sena|p1a: Smeargle
|
|upkeep
|turn|14
|
|t:|1758284368
|move|p1a: Smeargle|Shell Smash|p1a: Smeargle
|-unboost|p1a: Smeargle|def|1
|-unboost|p1a: Smeargle|spd|1
|-boost|p1a: Smeargle|atk|2
|-boost|p1a: Smeargle|spa|2
|-boost|p1a: Smeargle|spe|2
|move|p2a: Sena|Thunder Wave|p1a: Smeargle
|-status|p1a: Smeargle|par
|
|upkeep
|turn|15
|
|t:|1758284373
|cant|p1a: Smeargle|par
|move|p2a: Sena|Encore|p1a: Smeargle
|-start|p1a: Smeargle|Encore
|
|upkeep
|turn|16
|
|t:|1758284378
|move|p1a: Smeargle|Shell Smash|p1a: Smeargle
|-unboost|p1a: Smeargle|def|1
|-unboost|p1a: Smeargle|spd|1
|-boost|p1a: Smeargle|atk|2
|-boost|p1a: Smeargle|spa|2
|-boost|p1a: Smeargle|spe|2
|move|p2a: Sena|Knock Off|p1a: Smeargle
|-damage|p1a: Smeargle|0 fnt
|-enditem|p1a: Smeargle|Wide Lens|[from] move: Knock Off|[of] p2a: Sena
|faint|p1a: Smeargle
|
|upkeep
|
|t:|1758284382
|switch|p1a: Chandelure|Chandelure, F|3/100
|turn|17
|
|t:|1758284391
|switch|p2a: Targitzan|Garganacl, M, shiny, tera:Flying|63/100
|move|p1a: Chandelure|Flamethrower|p2a: Targitzan
|-damage|p2a: Targitzan|31/100
|
|-heal|p1a: Chandelure|9/100|[from] item: Leftovers
|upkeep
|turn|18
|
|t:|1758284395
|move|p1a: Chandelure|Flamethrower|p2a: Targitzan
|-damage|p2a: Targitzan|0 fnt
|faint|p2a: Targitzan
|
|-heal|p1a: Chandelure|15/100|[from] item: Leftovers
|upkeep
|
|t:|1758284403
|switch|p2a: Slipstream|Dragapult, F|100/100
|-damage|p2a: Slipstream|88/100|[from] Spikes
|turn|19
|
|t:|1758284408
|switch|p1a: Grumpig|Grumpig, M|20/100
|move|p2a: Slipstream|Shadow Ball|p1a: Grumpig
|-supereffective|p1a: Grumpig
|-damage|p1a: Grumpig|0 fnt
|faint|p1a: Grumpig
|
|upkeep
|
|t:|1758284412
|switch|p1a: Dragonite|Dragonite, M|100/100
|turn|20
|
|t:|1758284419
|switch|p2a: Sena|Tinkaton, F|75/100
|-damage|p2a: Sena|63/100|[from] Spikes
|-ability|p2a: Sena|Mold Breaker
|move|p1a: Dragonite|Earthquake|p2a: Sena
|-supereffective|p2a: Sena
|-damage|p2a: Sena|0 fnt
|faint|p2a: Sena
|
|upkeep
|
|t:|1758284425
|switch|p2a: Slipstream|Dragapult, F|88/100
|-damage|p2a: Slipstream|76/100|[from] Spikes
|turn|21
|
|t:|1758284431
|switch|p1a: Chandelure|Chandelure, F|15/100
|move|p2a: Slipstream|Draco Meteor|p1a: Chandelure
|-damage|p1a: Chandelure|0 fnt
|-unboost|p2a: Slipstream|spa|2
|faint|p1a: Chandelure
|
|upkeep
|
|t:|1758284434
|switch|p1a: Dragonite|Dragonite, M|100/100
|turn|22
|
|t:|1758284437
|switch|p2a: Dinraal|Serperior, M|100/100
|-damage|p2a: Dinraal|88/100|[from] Spikes
|move|p1a: Dragonite|Outrage|p2a: Dinraal
|-damage|p2a: Dinraal|0 fnt
|faint|p2a: Dinraal
|
|upkeep
|
|t:|1758284439
|switch|p2a: Slipstream|Dragapult, F|76/100
|-damage|p2a: Slipstream|64/100|[from] Spikes
|turn|23
|
|t:|1758284442
|move|p2a: Slipstream|Draco Meteor|p1a: Dragonite
|-supereffective|p1a: Dragonite
|-damage|p1a: Dragonite|24/100
|-unboost|p2a: Slipstream|spa|2
|move|p1a: Dragonite|Outrage|p2a: Slipstream|[from] lockedmove
|-supereffective|p2a: Slipstream
|-damage|p2a: Slipstream|0 fnt
|faint|p2a: Slipstream
|
|win|turroargento
|raw|turroargento's rating: 1154 &rarr; <strong>1176</strong><br />(+22 for winning)
|raw|bowcaster26's rating: 1108 &rarr; <strong>1086</strong><br />(-22 for losing)
|l|☆bowcaster26
|player|p2|
|c|☆turroargento|gg
|l|☆turroargento
|player|p1|
