|j|☆GFYSYDAR
|j|☆shakey18
|t:|1758314600
|gametype|singles
|player|p1|GFYSYDAR|scientist-gen4dp|1370
|player|p2|shakey18|candice|1333
|gen|9
|tier|[Gen 9] OU
|rated|
|rule|HP Percentage Mod: HP is shown in percentages
|rule|Endless Battle Clause: Forcing endless battles is banned
|rule|Species Clause: Limit one of each Pokémon
|rule|OHKO Clause: OHKO moves are banned
|rule|Evasion Items Clause: Evasion items are banned
|rule|Evasion Moves Clause: Evasion moves are banned
|rule|Evasion Abilities Clause: Evasion abilities are banned
|rule|Sleep Moves Clause: Sleep-inducing moves are banned
|clearpoke
|poke|p1|Electrode-Hisui|
|poke|p1|Gallade, M|
|poke|p1|Slowking-Galar, M|
|poke|p1|Alomomola, F|
|poke|p1|Great Tusk|
|poke|p1|Landorus-Therian, M|
|poke|p2|Garchomp, F|
|poke|p2|Gardevoir, F|
|poke|p2|Ninetales-Alola, F|
|poke|p2|Ceruledge, M|
|poke|p2|Tsareena, F|
|poke|p2|Milotic, F|
|teampreview
|
|t:|1758314607
|teamsize|p1|6
|teamsize|p2|6
|start
|switch|p1a: Slowking|Slowking-Galar, M|100/100
|switch|p2a: Ninetales|Ninetales-Alola, F|100/100
|-weather|Snowscape|[from] ability: Snow Warning|[of] p2a: Ninetales
|turn|1
|
|t:|1758314615
|switch|p2a: Milotic|Milotic, F|100/100
|move|p1a: Slowking|Toxic|p2a: Milotic
|-status|p2a: Milotic|tox
|
|-weather|Snowscape|[upkeep]
|-damage|p2a: Milotic|94/100 tox|[from] psn
|upkeep
|turn|2
|
|t:|1758314623
|move|p2a: Milotic|Scald|p1a: Slowking
|-damage|p1a: Slowking|83/100
|-prepare|p1a: Slowking|Chilly Reception|[premajor]
|move|p1a: Slowking|Chilly Reception|p1a: Slowking
|
|t:|1758314630
|switch|p1a: Electrode|Electrode-Hisui, shiny|100/100|[from] Chilly Reception
|
|-weather|Snowscape|[upkeep]
|-damage|p2a: Milotic|82/100 tox|[from] psn
|upkeep
|turn|3
|inactive|Battle timer is ON: inactive players will automatically lose when time's up. (requested by GFYSYDAR)
|
|t:|1758314653
|switch|p2a: Tsareena|Tsareena, F|100/100
|move|p1a: Electrode|Leaf Storm|p2a: Tsareena
|-resisted|p2a: Tsareena
|-damage|p2a: Tsareena|62/100
|-unboost|p1a: Electrode|spa|2
|
|-weather|Snowscape|[upkeep]
|upkeep
|turn|4
|
|t:|1758314663
|switch|p1a: Landorus|Landorus-Therian, M|100/100
|-ability|p1a: Landorus|Intimidate|boost
|-unboost|p2a: Tsareena|atk|1
|move|p2a: Tsareena|Triple Axel|p1a: Landorus
|-supereffective|p1a: Landorus
|-damage|p1a: Landorus|85/100
|-damage|p2a: Tsareena|45/100|[from] item: Rocky Helmet|[of] p1a: Landorus
|-supereffective|p1a: Landorus
|-damage|p1a: Landorus|58/100
|-damage|p2a: Tsareena|29/100|[from] item: Rocky Helmet|[of] p1a: Landorus
|-supereffective|p1a: Landorus
|-damage|p1a: Landorus|19/100
|-damage|p2a: Tsareena|12/100|[from] item: Rocky Helmet|[of] p1a: Landorus
|-hitcount|p1a: Landorus|3
|
|-weather|Snowscape|[upkeep]
|upkeep
|turn|5
|
|t:|1758314679
|switch|p1a: Alomomola|Alomomola, F, shiny|100/100
|move|p2a: Tsareena|Rapid Spin|p1a: Alomomola
|-crit|p1a: Alomomola
|-damage|p1a: Alomomola|87/100
|-boost|p2a: Tsareena|spe|1
|
|-weather|none
|upkeep
|turn|6
|
|t:|1758314687
|move|p2a: Tsareena|Power Whip|p1a: Alomomola
|-supereffective|p1a: Alomomola
|-damage|p1a: Alomomola|38/100
|move|p1a: Alomomola|Wish|p1a: Alomomola
|
|upkeep
|turn|7
|
|t:|1758314697
|-terastallize|p1a: Alomomola|Grass
|move|p2a: Tsareena|Power Whip|p1a: Alomomola
|-resisted|p1a: Alomomola
|-damage|p1a: Alomomola|26/100
|move|p1a: Alomomola|Flip Turn|p2a: Tsareena
|-resisted|p2a: Tsareena
|-damage|p2a: Tsareena|3/100
|
|t:|1758314705
|switch|p1a: Landorus|Landorus-Therian, M|19/100|[from] Flip Turn
|-ability|p1a: Landorus|Intimidate|boost
|-unboost|p2a: Tsareena|atk|1
|
|-heal|p1a: Landorus|91/100|[from] move: Wish|[wisher] Alomomola
|upkeep
|turn|8
|
|t:|1758314722
|switch|p2a: Milotic|Milotic, F|82/100 tox
|move|p1a: Landorus|Stealth Rock|p2a: Milotic
|-sidestart|p2: shakey18|move: Stealth Rock
|
|-damage|p2a: Milotic|76/100 tox|[from] psn
|upkeep
|turn|9
|
|t:|1758314729
|switch|p1a: Slowking|Slowking-Galar, M|100/100
|move|p2a: Milotic|Ice Beam|p1a: Slowking
|-damage|p1a: Slowking|88/100
|
|-damage|p2a: Milotic|64/100 tox|[from] psn
|upkeep
|turn|10
|
|t:|1758314739
|move|p2a: Milotic|Scald|p1a: Slowking
|-damage|p1a: Slowking|71/100
|-prepare|p1a: Slowking|Chilly Reception|[premajor]
|move|p1a: Slowking|Chilly Reception|p1a: Slowking
|-weather|Snowscape
|
|t:|1758314745
|switch|p1a: Alomomola|Alomomola, F, shiny, tera:Grass|60/100|[from] Chilly Reception
|
|-weather|Snowscape|[upkeep]
|-damage|p2a: Milotic|46/100 tox|[from] psn
|upkeep
|turn|11
|
|t:|1758314752
|switch|p1a: Slowking|Slowking-Galar, M|100/100
|move|p2a: Milotic|Ice Beam|p1a: Slowking
|-damage|p1a: Slowking|89/100
|
|-weather|Snowscape|[upkeep]
|-damage|p2a: Milotic|21/100 tox|[from] psn
|upkeep
|turn|12
|
|t:|1758314761
|move|p2a: Milotic|Ice Beam|p1a: Slowking
|-damage|p1a: Slowking|77/100
|move|p1a: Slowking|Future Sight|p2a: Milotic
|-start|p1a: Slowking|move: Future Sight
|
|-weather|Snowscape|[upkeep]
|-damage|p2a: Milotic|0 fnt|[from] psn
|faint|p2a: Milotic
|upkeep
|
|t:|1758314772
|switch|p2a: Ninetales|Ninetales-Alola, F|100/100
|-damage|p2a: Ninetales|76/100|[from] Stealth Rock
|turn|13
|
|t:|1758314780
|switch|p1a: Alomomola|Alomomola, F, shiny, tera:Grass|93/100
|move|p2a: Ninetales|Aurora Veil|p2a: Ninetales
|-sidestart|p2: shakey18|move: Aurora Veil
|
|-weather|Snowscape|[upkeep]
|upkeep
|turn|14
|
|t:|1758314790
|switch|p2a: Gardevoir|Gardevoir, F, shiny|100/100
|-damage|p2a: Gardevoir|88/100|[from] Stealth Rock
|-ability|p2a: Gardevoir|Regenerator|Trace|[from] ability: Trace|[of] p1a: Alomomola
|switch|p1a: Slowking|Slowking-Galar, M|100/100
|
|-weather|none
|-end|p2a: Gardevoir|move: Future Sight
|-resisted|p2a: Gardevoir
|-damage|p2a: Gardevoir|77/100
|upkeep
|turn|15
|
|t:|1758314803
|move|p2a: Gardevoir|Psyshock|p1a: Slowking
|-damage|p1a: Slowking|59/100
|move|p1a: Slowking|Toxic|p2a: Gardevoir
|-status|p2a: Gardevoir|tox
|
|-damage|p2a: Gardevoir|71/100 tox|[from] psn
|upkeep
|turn|16
|
|t:|1758314812
|move|p2a: Gardevoir|Psyshock|p1a: Slowking
|-damage|p1a: Slowking|18/100
|-prepare|p1a: Slowking|Chilly Reception|[premajor]
|move|p1a: Slowking|Chilly Reception|p1a: Slowking
|-weather|Snowscape
|
|t:|1758314819
|switch|p1a: Alomomola|Alomomola, F, shiny, tera:Grass|100/100|[from] Chilly Reception
|
|-weather|Snowscape|[upkeep]
|-damage|p2a: Gardevoir|59/100 tox|[from] psn
|upkeep
|turn|17
|-message|shakey18 forfeited.
|
|win|GFYSYDAR
|raw|GFYSYDAR's rating: 1370 &rarr; <strong>1388</strong><br />(+18 for winning)
|raw|shakey18's rating: 1333 &rarr; <strong>1315</strong><br />(-18 for losing)
|l|☆shakey18
|player|p2|
