|j|☆Obito 2001
|j|☆wssi
|t:|1758325701
|gametype|singles
|player|p1|Obito 2001|blue-gen3two|1744
|player|p2|wssi|169|1774
|gen|9
|tier|[Gen 9] OU
|rated|
|rule|HP Percentage Mod: HP is shown in percentages
|rule|Endless Battle Clause: Forcing endless battles is banned
|rule|Species Clause: Limit one of each Pokémon
|rule|OHKO Clause: OHKO moves are banned
|rule|Evasion Items Clause: Evasion items are banned
|rule|Evasion Moves Clause: Evasion moves are banned
|rule|Evasion Abilities Clause: Evasion abilities are banned
|rule|Sleep Moves Clause: Sleep-inducing moves are banned
|clearpoke
|poke|p1|Masquerain, M|
|poke|p1|Arcanine-Hisui, M|
|poke|p1|Cinderace, F|
|poke|p1|Enamorus, F|
|poke|p1|Great Tusk|
|poke|p1|Gholdengo|
|poke|p2|Dragonite, F|
|poke|p2|Gholdengo|
|poke|p2|Regidrago|
|poke|p2|Scizor, M|
|poke|p2|Ting-Lu|
|poke|p2|Weezing-Galar, F|
|teampreview
|inactive|Battle timer is ON: inactive players will automatically lose when time's up. (requested by Obito 2001)
|
|t:|1758325722
|teamsize|p1|6
|teamsize|p2|6
|start
|switch|p1a: Masquerain|Masquerain, M|100/100
|switch|p2a: Scizor|Scizor, M|100/100
|-ability|p1a: Masquerain|Intimidate|boost
|-unboost|p2a: Scizor|atk|1
|turn|1
|
|t:|1758325724
|move|p2a: Scizor|Bullet Punch|p1a: Masquerain
|-crit|p1a: Masquerain
|-enditem|p1a: Masquerain|Focus Sash
|-damage|p1a: Masquerain|1/100
|move|p1a: Masquerain|Sticky Web|p2a: Scizor
|-sidestart|p2: wssi|move: Sticky Web
|
|upkeep
|turn|2
|
|t:|1758325727
|switch|p1a: Gholdengo|Gholdengo|100/100
|move|p2a: Scizor|Bullet Punch|p1a: Gholdengo
|-resisted|p1a: Gholdengo
|-damage|p1a: Gholdengo|80/100
|
|upkeep
|turn|3
|
|t:|1758325740
|switch|p2a: Ting-Lu|Ting-Lu|100/100
|-activate|p2a: Ting-Lu|move: Sticky Web
|-unboost|p2a: Ting-Lu|spe|1
|-ability|p2a: Ting-Lu|Vessel of Ruin
|move|p1a: Gholdengo|Trick|p2a: Ting-Lu
|-activate|p1a: Gholdengo|move: Trick|[of] p2a: Ting-Lu
|-item|p2a: Ting-Lu|Choice Specs|[from] move: Trick
|-item|p1a: Gholdengo|Leftovers|[from] move: Trick
|
|-heal|p1a: Gholdengo|86/100|[from] item: Leftovers
|upkeep
|turn|4
|
|t:|1758325748
|switch|p1a: Masquerain|Masquerain, M|1/100
|-ability|p1a: Masquerain|Intimidate|boost
|-unboost|p2a: Ting-Lu|atk|1
|switch|p2a: Weezing|Weezing-Galar, F|100/100
|-ability|p2a: Weezing|Neutralizing Gas
|
|upkeep
|turn|5
|
|t:|1758325761
|move|p1a: Masquerain|Ice Beam|p2a: Weezing
|-damage|p2a: Weezing|59/100
|move|p2a: Weezing|Defog|p1a: Masquerain
|-unboost|p1a: Masquerain|evasion|1
|-sideend|p2: wssi|Sticky Web|[from] move: Defog|[of] p2a: Weezing
|
|upkeep
|turn|6
|
|t:|1758325765
|move|p1a: Masquerain|Sticky Web|p2a: Weezing
|-sidestart|p2: wssi|move: Sticky Web
|move|p2a: Weezing|Sludge Bomb|p1a: Masquerain
|-damage|p1a: Masquerain|0 fnt
|faint|p1a: Masquerain
|
|upkeep
|
|t:|1758325769
|switch|p1a: Gholdengo|Gholdengo|86/100
|turn|7
|
|t:|1758325795
|-end|p2a: Weezing|ability: Neutralizing Gas
|switch|p2a: Ting-Lu|Ting-Lu|100/100
|-activate|p2a: Ting-Lu|move: Sticky Web
|-unboost|p2a: Ting-Lu|spe|1
|-ability|p2a: Ting-Lu|Vessel of Ruin
|move|p1a: Gholdengo|Make It Rain|p2a: Ting-Lu
|-damage|p2a: Ting-Lu|70/100
|-unboost|p1a: Gholdengo|spa|1
|
|-heal|p1a: Gholdengo|92/100|[from] item: Leftovers
|upkeep
|turn|8
|
|t:|1758325800
|switch|p1a: Enamorus|Enamorus, F|100/100
|move|p2a: Ting-Lu|Ruination|p1a: Enamorus|[miss]
|-miss|p2a: Ting-Lu|p1a: Enamorus
|
|upkeep
|turn|9
|
|t:|1758325808
|switch|p2a: Gholdengo|Gholdengo|100/100
|-activate|p2a: Gholdengo|move: Sticky Web
|-unboost|p2a: Gholdengo|spe|1
|move|p1a: Enamorus|Moonblast|p2a: Gholdengo
|-resisted|p2a: Gholdengo
|-damage|p2a: Gholdengo|72/100
|
|upkeep
|turn|10
|
|t:|1758325819
|switch|p1a: BunnyGirlSenpai|Cinderace, F|100/100
|move|p2a: Gholdengo|Thunderbolt|p1a: BunnyGirlSenpai
|-damage|p1a: BunnyGirlSenpai|60/100
|
|upkeep
|turn|11
|
|t:|1758325840
|switch|p2a: Regidrago|Regidrago|100/100
|-activate|p2a: Regidrago|move: Sticky Web
|-unboost|p2a: Regidrago|spe|1
|move|p1a: BunnyGirlSenpai|U-turn|p2a: Regidrago
|-damage|p2a: Regidrago|81/100
|
|t:|1758325847
|switch|p1a: Enamorus|Enamorus, F|100/100|[from] U-turn
|
|upkeep
|turn|12
|
|t:|1758325874
|switch|p1a: BunnyGirlSenpai|Cinderace, F|60/100
|move|p2a: Regidrago|Earth Power|p1a: BunnyGirlSenpai
|-supereffective|p1a: BunnyGirlSenpai
|-damage|p1a: BunnyGirlSenpai|0 fnt
|faint|p1a: BunnyGirlSenpai
|
|upkeep
|
|t:|1758325881
|switch|p1a: Enamorus|Enamorus, F|100/100
|turn|13
|inactive|wssi has 120 seconds left.
|
|t:|1758325907
|move|p1a: Enamorus|Substitute|p1a: Enamorus
|-start|p1a: Enamorus|Substitute
|-damage|p1a: Enamorus|76/100
|move|p2a: Regidrago|Earth Power|p1a: Enamorus
|-immune|p1a: Enamorus
|
|upkeep
|turn|14
|inactive|wssi has 120 seconds left.
|
|t:|1758325915
|switch|p2a: Ting-Lu|Ting-Lu|70/100
|-activate|p2a: Ting-Lu|move: Sticky Web
|-unboost|p2a: Ting-Lu|spe|1
|-ability|p2a: Ting-Lu|Vessel of Ruin
|-terastallize|p1a: Enamorus|Stellar
|move|p1a: Enamorus|Tera Blast|p2a: Ting-Lu|[anim] Tera Blast Stellar
|-damage|p2a: Ting-Lu|53/100
|-boost|p1a: Enamorus|atk|1
|-boost|p1a: Enamorus|spa|1
|
|upkeep
|turn|15
|
|t:|1758325919
|move|p1a: Enamorus|Moonblast|p2a: Ting-Lu
|-supereffective|p2a: Ting-Lu
|-damage|p2a: Ting-Lu|0 fnt
|faint|p2a: Ting-Lu
|
|upkeep
|inactive|wssi has 120 seconds left.
|
|t:|1758325943
|switch|p2a: Weezing|Weezing-Galar, F|59/100
|-ability|p2a: Weezing|Neutralizing Gas
|turn|16
|
|t:|1758325949
|move|p1a: Enamorus|Earth Power|p2a: Weezing
|-supereffective|p2a: Weezing
|-damage|p2a: Weezing|0 fnt
|faint|p2a: Weezing
|-end|p2a: Weezing|ability: Neutralizing Gas
|
|upkeep
|j| Large_Rodent
|inactive|wssi has 120 seconds left.
|
|t:|1758325966
|switch|p2a: Dragonite|Dragonite, F|100/100
|turn|17
|
|t:|1758325970
|move|p2a: Dragonite|Extreme Speed|p1a: Enamorus
|-end|p1a: Enamorus|Substitute
|move|p1a: Enamorus|Moonblast|p2a: Dragonite
|-supereffective|p2a: Dragonite
|-damage|p2a: Dragonite|27/100
|
|upkeep
|turn|18
|
|t:|1758325976
|move|p2a: Dragonite|Extreme Speed|p1a: Enamorus
|-damage|p1a: Enamorus|22/100
|move|p1a: Enamorus|Tera Blast|p2a: Dragonite|[anim] Tera Blast Stellar
|-damage|p2a: Dragonite|0 fnt
|-boost|p1a: Enamorus|atk|1
|-boost|p1a: Enamorus|spa|1
|faint|p2a: Dragonite
|
|upkeep
|
|t:|1758325978
|switch|p2a: Scizor|Scizor, M|100/100
|-activate|p2a: Scizor|move: Sticky Web
|-unboost|p2a: Scizor|spe|1
|turn|19
|
|t:|1758325987
|switch|p1a: Gholdengo|Gholdengo|92/100
|move|p2a: Scizor|Bullet Punch|p1a: Gholdengo
|-resisted|p1a: Gholdengo
|-damage|p1a: Gholdengo|61/100
|
|-heal|p1a: Gholdengo|67/100|[from] item: Leftovers
|upkeep
|turn|20
|
|t:|1758326012
|switch|p2a: Regidrago|Regidrago|81/100
|-activate|p2a: Regidrago|move: Sticky Web
|-unboost|p2a: Regidrago|spe|1
|move|p1a: Gholdengo|Shadow Ball|p2a: Regidrago
|-damage|p2a: Regidrago|34/100
|
|-heal|p1a: Gholdengo|73/100|[from] item: Leftovers
|upkeep
|turn|21
|
|t:|1758326022
|switch|p1a: Enamorus|Enamorus, F, tera:Stellar|22/100
|move|p2a: Regidrago|Earth Power|p1a: Enamorus
|-immune|p1a: Enamorus
|
|upkeep
|turn|22
|
|t:|1758326052
|move|p1a: Enamorus|Tera Blast|p2a: Regidrago|[anim] Tera Blast Stellar
|-damage|p2a: Regidrago|0 fnt
|-boost|p1a: Enamorus|atk|1
|-boost|p1a: Enamorus|spa|1
|faint|p2a: Regidrago
|
|upkeep
|
|t:|1758326054
|switch|p2a: Gholdengo|Gholdengo|72/100
|-activate|p2a: Gholdengo|move: Sticky Web
|-unboost|p2a: Gholdengo|spe|1
|turn|23
|c|☆wssi|miss
|
|t:|1758326063
|move|p1a: Enamorus|Earth Power|p2a: Gholdengo
|-supereffective|p2a: Gholdengo
|-damage|p2a: Gholdengo|0 fnt
|faint|p2a: Gholdengo
|
|upkeep
|
|t:|1758326065
|switch|p2a: Scizor|Scizor, M|100/100
|-activate|p2a: Scizor|move: Sticky Web
|-unboost|p2a: Scizor|spe|1
|turn|24
|j| laggybaggy5163
|
|t:|1758326071
|switch|p1a: Gholdengo|Gholdengo|73/100
|move|p2a: Scizor|Bullet Punch|p1a: Gholdengo
|-resisted|p1a: Gholdengo
|-damage|p1a: Gholdengo|46/100
|
|-heal|p1a: Gholdengo|52/100|[from] item: Leftovers
|upkeep
|turn|25
|
|t:|1758326075
|-terastallize|p2a: Scizor|Steel
|move|p2a: Scizor|Bullet Punch|p1a: Gholdengo
|-resisted|p1a: Gholdengo
|-damage|p1a: Gholdengo|14/100
|move|p1a: Gholdengo|Shadow Ball|p2a: Scizor
|-damage|p2a: Scizor|43/100
|-unboost|p2a: Scizor|spd|1
|
|-heal|p1a: Gholdengo|20/100|[from] item: Leftovers
|upkeep
|turn|26
|
|t:|1758326081
|move|p2a: Scizor|Bullet Punch|p1a: Gholdengo
|-resisted|p1a: Gholdengo
|-damage|p1a: Gholdengo|0 fnt
|faint|p1a: Gholdengo
|
|upkeep
|
|t:|1758326086
|switch|p1a: Arcanine|Arcanine-Hisui, M|100/100
|turn|27
|l| laggybaggy5163
|
|t:|1758326097
|move|p2a: Scizor|Bullet Punch|p1a: Arcanine
|-damage|p1a: Arcanine|20/100
|move|p1a: Arcanine|Close Combat|p2a: Scizor
|-supereffective|p2a: Scizor
|-damage|p2a: Scizor|0 fnt
|-unboost|p1a: Arcanine|def|1
|-unboost|p1a: Arcanine|spd|1
|faint|p2a: Scizor
|
|win|Obito 2001
|raw|Obito 2001's rating: 1744 &rarr; <strong>1766</strong><br />(+22 for winning)
|raw|wssi's rating: 1774 &rarr; <strong>1752</strong><br />(-22 for losing)
