|j|☆QWASXC
|j|☆pltzr2101
|t:|1758358921
|gametype|singles
|player|p1|QWASXC|1|1108
|player|p2|pltzr2101|102|1123
|gen|9
|tier|[Gen 9] OU
|rated|
|rule|HP Percentage Mod: HP is shown in percentages
|rule|Endless Battle Clause: Forcing endless battles is banned
|rule|Species Clause: Limit one of each Pokémon
|rule|OHKO Clause: OHKO moves are banned
|rule|Evasion Items Clause: Evasion items are banned
|rule|Evasion Moves Clause: Evasion moves are banned
|rule|Evasion Abilities Clause: Evasion abilities are banned
|rule|Sleep Moves Clause: Sleep-inducing moves are banned
|clearpoke
|poke|p1|Araquanid, F|
|poke|p1|Pelipper, F|
|poke|p1|Weavile, M|
|poke|p1|Barraskewda, F|
|poke|p1|Iron Treads|
|poke|p1|Ampharos, M|
|poke|p2|Kingambit, F|
|poke|p2|Heatran, F|
|poke|p2|Amoonguss, M|
|poke|p2|Great Tusk|
|poke|p2|Zapdos|
|poke|p2|Iron Valiant|
|teampreview
|inactive|Battle timer is ON: inactive players will automatically lose when time's up. (requested by pltzr2101)
|
|t:|1758358930
|teamsize|p1|6
|teamsize|p2|6
|start
|switch|p1a: Pelipper|Pelipper, F|100/100
|switch|p2a: Zapdos|Zapdos|100/100
|-weather|RainDance|[from] ability: Drizzle|[of] p1a: Pelipper
|turn|1
|
|t:|1758358940
|move|p2a: Zapdos|Hurricane|p1a: Pelipper
|-damage|p1a: Pelipper|25/100
|-start|p1a: Pelipper|confusion
|-activate|p1a: Pelipper|confusion
|move|p1a: Pelipper|Tailwind|p1a: Pelipper
|-sidestart|p1: QWASXC|move: Tailwind
|
|-weather|RainDance|[upkeep]
|upkeep
|turn|2
|
|t:|1758358953
|-activate|p1a: Pelipper|confusion
|move|p1a: Pelipper|Hurricane|p2a: Zapdos
|-resisted|p2a: Zapdos
|-damage|p2a: Zapdos|80/100
|move|p2a: Zapdos|Heat Wave|p1a: Pelipper|[miss]
|-miss|p2a: Zapdos|p1a: Pelipper
|
|-weather|RainDance|[upkeep]
|upkeep
|turn|3
|
|t:|1758358963
|-activate|p1a: Pelipper|confusion
|move|p1a: Pelipper|Weather Ball|p2a: Zapdos
|-damage|p2a: Zapdos|16/100
|move|p2a: Zapdos|Volt Switch|p1a: Pelipper
|-supereffective|p1a: Pelipper
|-damage|p1a: Pelipper|0 fnt
|faint|p1a: Pelipper
|
|t:|1758358974
|switch|p2a: Amoonguss|Amoonguss, M|100/100|[from] Volt Switch
|
|-weather|RainDance|[upkeep]
|upkeep
|
|t:|1758358985
|switch|p1a: Weavile|Weavile, M|100/100
|-ability|p1a: Weavile|Pressure
|turn|4
|
|t:|1758358998
|move|p1a: Weavile|Icicle Crash|p2a: Amoonguss
|-supereffective|p2a: Amoonguss
|-damage|p2a: Amoonguss|13/100
|-damage|p1a: Weavile|91/100|[from] item: Life Orb
|cant|p2a: Amoonguss|flinch
|
|-weather|RainDance|[upkeep]
|-sideend|p1: QWASXC|move: Tailwind
|upkeep
|turn|5
|
|t:|1758359007
|switch|p2a: Heatran|Heatran, F|100/100
|move|p1a: Weavile|Icicle Crash|p2a: Heatran
|-resisted|p2a: Heatran
|-damage|p2a: Heatran|87/100
|-damage|p1a: Weavile|81/100|[from] item: Life Orb
|
|-weather|RainDance|[upkeep]
|-heal|p2a: Heatran|94/100|[from] item: Leftovers
|upkeep
|turn|6
|
|t:|1758359018
|move|p1a: Weavile|Low Kick|p2a: Heatran
|-supereffective|p2a: Heatran
|-damage|p2a: Heatran|0 fnt
|faint|p2a: Heatran
|-damage|p1a: Weavile|71/100|[from] item: Life Orb
|
|-weather|RainDance|[upkeep]
|upkeep
|
|t:|1758359027
|switch|p2a: Great Tusk|Great Tusk|100/100
|turn|7
|
|t:|1758359033
|move|p1a: Weavile|Icicle Crash|p2a: Great Tusk
|-supereffective|p2a: Great Tusk
|-damage|p2a: Great Tusk|5/100
|-damage|p1a: Weavile|61/100|[from] item: Life Orb
|move|p2a: Great Tusk|Earthquake|p1a: Weavile
|-damage|p1a: Weavile|0 fnt
|faint|p1a: Weavile
|
|-weather|RainDance|[upkeep]
|upkeep
|
|t:|1758359049
|switch|p1a: Barraskewda|Barraskewda, F|100/100
|turn|8
|
|t:|1758359056
|-end|p2a: Great Tusk|Protosynthesis|[silent]
|switch|p2a: Amoonguss|Amoonguss, M|47/100
|move|p1a: Barraskewda|Flip Turn|p2a: Amoonguss
|-resisted|p2a: Amoonguss
|-damage|p2a: Amoonguss|29/100
|-damage|p1a: Barraskewda|84/100|[from] item: Rocky Helmet|[of] p2a: Amoonguss
|
|t:|1758359063
|switch|p1a: Ampharos|Ampharos, M|100/100|[from] Flip Turn
|
|-weather|none
|upkeep
|turn|9
|
|t:|1758359072
|move|p1a: Ampharos|Agility|p1a: Ampharos
|-boost|p1a: Ampharos|spe|2
|move|p2a: Amoonguss|Sludge Bomb|p1a: Ampharos
|-damage|p1a: Ampharos|69/100
|
|upkeep
|turn|10
|
|t:|1758359080
|move|p1a: Ampharos|Meteor Beam||[still]
|-prepare|p1a: Ampharos|Meteor Beam
|-boost|p1a: Ampharos|spa|1
|-enditem|p1a: Ampharos|Power Herb
|-anim|p1a: Ampharos|Meteor Beam|p2a: Amoonguss
|-damage|p2a: Amoonguss|0 fnt
|faint|p2a: Amoonguss
|
|upkeep
|
|t:|1758359091
|switch|p2a: Iron Valiant|Iron Valiant|100/100
|-enditem|p2a: Iron Valiant|Booster Energy
|-activate|p2a: Iron Valiant|ability: Quark Drive|[fromitem]
|-start|p2a: Iron Valiant|quarkdrivespe
|turn|11
|
|t:|1758359098
|move|p2a: Iron Valiant|Moonblast|p1a: Ampharos
|-damage|p1a: Ampharos|12/100
|move|p1a: Ampharos|Dazzling Gleam|p2a: Iron Valiant
|-supereffective|p2a: Iron Valiant
|-damage|p2a: Iron Valiant|0 fnt
|faint|p2a: Iron Valiant
|-end|p2a: Iron Valiant|Quark Drive|[silent]
|
|upkeep
|
|t:|1758359106
|switch|p2a: Kingambit|Kingambit, F|100/100
|-activate|p2a: Kingambit|ability: Supreme Overlord
|-start|p2a: Kingambit|fallen3|[silent]
|turn|12
|
|t:|1758359118
|move|p1a: Ampharos|Meteor Beam||[still]
|-prepare|p1a: Ampharos|Meteor Beam
|-boost|p1a: Ampharos|spa|1
|move|p2a: Kingambit|Kowtow Cleave|p1a: Ampharos
|-damage|p1a: Ampharos|0 fnt
|faint|p1a: Ampharos
|
|upkeep
|
|t:|1758359126
|switch|p1a: Araquanid|Araquanid, F, shiny|100/100
|turn|13
|
|t:|1758359134
|-terastallize|p1a: Araquanid|Water
|move|p1a: Araquanid|Liquidation|p2a: Kingambit
|-damage|p2a: Kingambit|20/100
|move|p2a: Kingambit|Swords Dance|p2a: Kingambit
|-boost|p2a: Kingambit|atk|2
|
|upkeep
|turn|14
|
|t:|1758359150
|switch|p1a: Iron Treads|Iron Treads|100/100
|-enditem|p1a: Iron Treads|Booster Energy
|-activate|p1a: Iron Treads|ability: Quark Drive|[fromitem]
|-start|p1a: Iron Treads|quarkdrivespe
|move|p2a: Kingambit|Sucker Punch||[still]
|-fail|p2a: Kingambit
|
|upkeep
|turn|15
|
|t:|1758359162
|move|p1a: Iron Treads|Stealth Rock|p2a: Kingambit
|-sidestart|p2: pltzr2101|move: Stealth Rock
|move|p2a: Kingambit|Kowtow Cleave|p1a: Iron Treads
|-damage|p1a: Iron Treads|0 fnt
|faint|p1a: Iron Treads
|-end|p1a: Iron Treads|Quark Drive|[silent]
|
|upkeep
|
|t:|1758359172
|switch|p1a: Araquanid|Araquanid, F, shiny, tera:Water|100/100
|turn|16
|
|t:|1758359180
|move|p1a: Araquanid|Liquidation|p2a: Kingambit
|-damage|p2a: Kingambit|0 fnt
|faint|p2a: Kingambit
|-end|p2a: Kingambit|fallen3|[silent]
|
|upkeep
|
|t:|1758359184
|switch|p2a: Zapdos|Zapdos|16/100
|turn|17
|
|t:|1758359188
|move|p2a: Zapdos|Roost|p2a: Zapdos
|-heal|p2a: Zapdos|67/100
|-singleturn|p2a: Zapdos|move: Roost
|move|p1a: Araquanid|Liquidation|p2a: Zapdos
|-damage|p2a: Zapdos|0 fnt
|faint|p2a: Zapdos
|
|upkeep
|-message|pltzr2101 forfeited.
|
|win|QWASXC
|raw|QWASXC's rating: 1108 &rarr; <strong>1134</strong><br />(+26 for winning)
|raw|pltzr2101's rating: 1123 &rarr; <strong>1097</strong><br />(-26 for losing)
|l|☆pltzr2101
|player|p2|
|l|☆QWASXC
|player|p1|
