|j|☆A random breaker
|j|☆Jusk-99
|t:|1758284952
|gametype|singles
|player|p1|A random breaker|juan|1248
|player|p2|Jusk-99|aaron|1234
|gen|9
|tier|[Gen 9] OU
|rated|
|rule|HP Percentage Mod: HP is shown in percentages
|rule|Endless Battle Clause: Forcing endless battles is banned
|rule|Species Clause: Limit one of each Pokémon
|rule|OHKO Clause: OHKO moves are banned
|rule|Evasion Items Clause: Evasion items are banned
|rule|Evasion Moves Clause: Evasion moves are banned
|rule|Evasion Abilities Clause: Evasion abilities are banned
|rule|Sleep Moves Clause: Sleep-inducing moves are banned
|clearpoke
|poke|p1|Walking Wake|
|poke|p1|Raging Bolt|
|poke|p1|Ninetales, M|
|poke|p1|Venusaur, M|
|poke|p1|Heatran, M|
|poke|p1|Excadrill, M|
|poke|p2|Glimmora, F|
|poke|p2|Ceruledge, M|
|poke|p2|Weavile, F|
|poke|p2|Galvantula, F|
|poke|p2|Gastrodon, M|
|poke|p2|Corviknight, M|
|teampreview
|inactive|Battle timer is ON: inactive players will automatically lose when time's up. (requested by A random breaker)
|
|t:|1758284965
|teamsize|p1|6
|teamsize|p2|6
|start
|switch|p1a: Excadrill|Excadrill, M|100/100
|switch|p2a: Glimmora|Glimmora, F|100/100
|-ability|p1a: Excadrill|Mold Breaker
|turn|1
|
|t:|1758284982
|move|p1a: Excadrill|Earthquake|p2a: Glimmora
|-supereffective|p2a: Glimmora
|-enditem|p2a: Glimmora|Focus Sash
|-damage|p2a: Glimmora|1/100
|-activate|p2a: Glimmora|ability: Toxic Debris
|-sidestart|p1: A random breaker|move: Toxic Spikes
|move|p2a: Glimmora|Earth Power|p1a: Excadrill
|-supereffective|p1a: Excadrill
|-damage|p1a: Excadrill|46/100
|
|upkeep
|turn|2
|
|t:|1758284994
|switch|p2a: Corviknight|Corviknight, M|100/100
|move|p1a: Excadrill|Rapid Spin|p2a: Corviknight
|-resisted|p2a: Corviknight
|-damage|p2a: Corviknight|94/100
|-boost|p1a: Excadrill|spe|1
|-damage|p1a: Excadrill|30/100|[from] item: Rocky Helmet|[of] p2a: Corviknight
|-sideend|p1: A random breaker|Toxic Spikes|[from] move: Rapid Spin|[of] p1a: Excadrill
|
|upkeep
|turn|3
|
|t:|1758285007
|switch|p1a: Heatran|Heatran, M|100/100
|switch|p2a: Glimmora|Glimmora, F|1/100
|
|upkeep
|turn|4
|
|t:|1758285023
|-terastallize|p1a: Heatran|Flying
|move|p2a: Glimmora|Earth Power|p1a: Heatran
|-immune|p1a: Heatran
|move|p1a: Heatran|Earth Power|p2a: Glimmora
|-supereffective|p2a: Glimmora
|-damage|p2a: Glimmora|0 fnt
|faint|p2a: Glimmora
|
|upkeep
|
|t:|1758285033
|switch|p2a: Weavile|Weavile, F|100/100
|-ability|p2a: Weavile|Pressure
|turn|5
|
|t:|1758285039
|move|p2a: Weavile|Triple Axel|p1a: Heatran
|-supereffective|p1a: Heatran
|-damage|p1a: Heatran|80/100
|-supereffective|p1a: Heatran
|-damage|p1a: Heatran|35/100
|-supereffective|p1a: Heatran
|-crit|p1a: Heatran
|-damage|p1a: Heatran|0 fnt
|faint|p1a: Heatran
|-hitcount|p1: Heatran|3
|-damage|p2a: Weavile|91/100|[from] item: Life Orb
|
|upkeep
|
|t:|1758285046
|switch|p1a: Ninetales|Ninetales, M, shiny|100/100
|-weather|SunnyDay|[from] ability: Drought|[of] p1a: Ninetales
|turn|6
|
|t:|1758285055
|switch|p2a: Ceruledge|Ceruledge, M|100/100
|switch|p1a: Walking Wake|Walking Wake|100/100
|-activate|p1a: Walking Wake|ability: Protosynthesis
|-start|p1a: Walking Wake|protosynthesisspa
|
|-weather|SunnyDay|[upkeep]
|upkeep
|turn|7
|
|t:|1758285064
|switch|p2a: Gastrodon|Gastrodon, M|100/100
|move|p1a: Walking Wake|Dragon Pulse|p2a: Gastrodon
|-crit|p2a: Gastrodon
|-damage|p2a: Gastrodon|26/100
|
|-weather|SunnyDay|[upkeep]
|-heal|p2a: Gastrodon|32/100|[from] item: Leftovers
|upkeep
|turn|8
|
|t:|1758285075
|move|p2a: Gastrodon|Protect|p2a: Gastrodon
|-singleturn|p2a: Gastrodon|Protect
|move|p1a: Walking Wake|Dragon Pulse|p2a: Gastrodon
|-activate|p2a: Gastrodon|move: Protect
|
|-weather|SunnyDay|[upkeep]
|-heal|p2a: Gastrodon|38/100|[from] item: Leftovers
|upkeep
|turn|9
|
|t:|1758285084
|-end|p1a: Walking Wake|Protosynthesis|[silent]
|switch|p1a: Raging Bolt|Raging Bolt|100/100
|-activate|p1a: Raging Bolt|ability: Protosynthesis
|-start|p1a: Raging Bolt|protosynthesisspa
|switch|p2a: Corviknight|Corviknight, M|94/100
|
|-weather|SunnyDay|[upkeep]
|upkeep
|turn|10
|
|t:|1758285093
|switch|p2a: Gastrodon|Gastrodon, M|38/100
|move|p1a: Raging Bolt|Calm Mind|p1a: Raging Bolt
|-boost|p1a: Raging Bolt|spa|1
|-boost|p1a: Raging Bolt|spd|1
|
|-weather|SunnyDay|[upkeep]
|-heal|p2a: Gastrodon|44/100|[from] item: Leftovers
|upkeep
|turn|11
|
|t:|1758285103
|move|p1a: Raging Bolt|Dragon Pulse|p2a: Gastrodon
|-damage|p2a: Gastrodon|0 fnt
|faint|p2a: Gastrodon
|
|-weather|SunnyDay|[upkeep]
|upkeep
|
|t:|1758285112
|switch|p2a: Ceruledge|Ceruledge, M|100/100
|turn|12
|
|t:|1758285118
|-terastallize|p2a: Ceruledge|Fire
|move|p2a: Ceruledge|Bitter Blade|p1a: Raging Bolt
|-resisted|p1a: Raging Bolt
|-damage|p1a: Raging Bolt|52/100
|-damage|p2a: Ceruledge|91/100|[from] item: Life Orb
|move|p1a: Raging Bolt|Thunderbolt|p2a: Ceruledge
|-damage|p2a: Ceruledge|0 fnt
|faint|p2a: Ceruledge
|
|-weather|SunnyDay|[upkeep]
|-heal|p1a: Raging Bolt|58/100|[from] item: Leftovers
|upkeep
|
|t:|1758285134
|switch|p2a: Galvantula|Galvantula, F|100/100
|turn|13
|
|t:|1758285143
|move|p2a: Galvantula|Bug Buzz|p1a: Raging Bolt
|-damage|p1a: Raging Bolt|37/100
|move|p1a: Raging Bolt|Calm Mind|p1a: Raging Bolt
|-boost|p1a: Raging Bolt|spa|1
|-boost|p1a: Raging Bolt|spd|1
|
|-weather|none
|-end|p1a: Raging Bolt|Protosynthesis
|-heal|p1a: Raging Bolt|43/100|[from] item: Leftovers
|upkeep
|turn|14
|
|t:|1758285153
|move|p2a: Galvantula|Sticky Web|p1a: Raging Bolt
|-sidestart|p1: A random breaker|move: Sticky Web
|move|p1a: Raging Bolt|Calm Mind|p1a: Raging Bolt
|-boost|p1a: Raging Bolt|spa|1
|-boost|p1a: Raging Bolt|spd|1
|
|-heal|p1a: Raging Bolt|49/100|[from] item: Leftovers
|upkeep
|turn|15
|
|t:|1758285166
|move|p2a: Galvantula|Bug Buzz|p1a: Raging Bolt
|-crit|p1a: Raging Bolt
|-damage|p1a: Raging Bolt|6/100
|move|p1a: Raging Bolt|Calm Mind|p1a: Raging Bolt
|-boost|p1a: Raging Bolt|spa|1
|-boost|p1a: Raging Bolt|spd|1
|
|-heal|p1a: Raging Bolt|12/100|[from] item: Leftovers
|upkeep
|turn|16
|
|t:|1758285176
|move|p1a: Raging Bolt|Thunderclap|p2a: Galvantula
|-resisted|p2a: Galvantula
|-damage|p2a: Galvantula|8/100
|move|p2a: Galvantula|Bug Buzz|p1a: Raging Bolt
|-damage|p1a: Raging Bolt|2/100
|-unboost|p1a: Raging Bolt|spd|1
|
|-heal|p1a: Raging Bolt|8/100|[from] item: Leftovers
|upkeep
|turn|17
|
|t:|1758285186
|move|p1a: Raging Bolt|Thunderclap|p2a: Galvantula
|-resisted|p2a: Galvantula
|-damage|p2a: Galvantula|0 fnt
|faint|p2a: Galvantula
|
|-heal|p1a: Raging Bolt|14/100|[from] item: Leftovers
|upkeep
|
|t:|1758285194
|switch|p2a: Weavile|Weavile, F|91/100
|-ability|p2a: Weavile|Pressure
|turn|18
|
|t:|1758285198
|move|p2a: Weavile|Ice Shard|p1a: Raging Bolt
|-supereffective|p1a: Raging Bolt
|-damage|p1a: Raging Bolt|0 fnt
|faint|p1a: Raging Bolt
|-end|p1a: Raging Bolt|Protosynthesis|[silent]
|-damage|p2a: Weavile|81/100|[from] item: Life Orb
|
|upkeep
|
|t:|1758285206
|switch|p1a: Walking Wake|Walking Wake|100/100
|-activate|p1a: Walking Wake|move: Sticky Web
|-unboost|p1a: Walking Wake|spe|1
|turn|19
|
|t:|1758285213
|move|p2a: Weavile|Knock Off|p1a: Walking Wake
|-damage|p1a: Walking Wake|27/100
|-enditem|p1a: Walking Wake|Choice Scarf|[from] move: Knock Off|[of] p2a: Weavile
|-damage|p2a: Weavile|71/100|[from] item: Life Orb
|move|p1a: Walking Wake|Hydro Steam|p2a: Weavile
|-damage|p2a: Weavile|7/100
|
|upkeep
|turn|20
|
|t:|1758285228
|switch|p2a: Corviknight|Corviknight, M|94/100
|move|p1a: Walking Wake|Hydro Steam|p2a: Corviknight
|-damage|p2a: Corviknight|55/100
|
|upkeep
|turn|21
|
|t:|1758285235
|-end|p1a: Walking Wake|Protosynthesis|[silent]
|switch|p1a: Excadrill|Excadrill, M|30/100
|-activate|p1a: Excadrill|move: Sticky Web
|-unboost|p1a: Excadrill|spe|1
|-ability|p1a: Excadrill|Mold Breaker
|move|p2a: Corviknight|Roost|p2a: Corviknight
|-heal|p2a: Corviknight|100/100
|-singleturn|p2a: Corviknight|move: Roost
|
|upkeep
|turn|22
|
|t:|1758285246
|move|p1a: Excadrill|Rapid Spin|p2a: Corviknight
|-resisted|p2a: Corviknight
|-damage|p2a: Corviknight|94/100
|-boost|p1a: Excadrill|spe|1
|-damage|p1a: Excadrill|13/100|[from] item: Rocky Helmet|[of] p2a: Corviknight
|-sideend|p1: A random breaker|Sticky Web|[from] move: Rapid Spin|[of] p1a: Excadrill
|move|p2a: Corviknight|Iron Defense|p2a: Corviknight
|-boost|p2a: Corviknight|def|2
|
|upkeep
|turn|23
|
|t:|1758285255
|switch|p1a: Ninetales|Ninetales, M, shiny|100/100
|-weather|SunnyDay|[from] ability: Drought|[of] p1a: Ninetales
|move|p2a: Corviknight|Iron Defense|p2a: Corviknight
|-boost|p2a: Corviknight|def|2
|
|-weather|SunnyDay|[upkeep]
|upkeep
|turn|24
|
|t:|1758285264
|move|p1a: Ninetales|Encore|p2a: Corviknight
|-start|p2a: Corviknight|Encore
|move|p2a: Corviknight|Iron Defense|p2a: Corviknight
|-boost|p2a: Corviknight|def|2
|
|-weather|SunnyDay|[upkeep]
|upkeep
|turn|25
|
|t:|1758285273
|move|p1a: Ninetales|Will-O-Wisp|p2a: Corviknight
|-status|p2a: Corviknight|brn
|move|p2a: Corviknight|Iron Defense|p2a: Corviknight
|-boost|p2a: Corviknight|def|0
|
|-weather|SunnyDay|[upkeep]
|-damage|p2a: Corviknight|87/100 brn|[from] brn
|upkeep
|turn|26
|
|t:|1758285283
|move|p1a: Ninetales|Weather Ball|p2a: Corviknight
|-supereffective|p2a: Corviknight
|-damage|p2a: Corviknight|22/100 brn
|move|p2a: Corviknight|Iron Defense|p2a: Corviknight
|-boost|p2a: Corviknight|def|0
|
|-weather|SunnyDay|[upkeep]
|-damage|p2a: Corviknight|15/100 brn|[from] brn
|-end|p2a: Corviknight|Encore
|upkeep
|turn|27
|
|t:|1758285293
|move|p1a: Ninetales|Weather Ball|p2a: Corviknight
|-supereffective|p2a: Corviknight
|-damage|p2a: Corviknight|0 fnt
|faint|p2a: Corviknight
|
|-weather|SunnyDay|[upkeep]
|upkeep
|
|t:|1758285300
|switch|p2a: Weavile|Weavile, F|7/100
|-ability|p2a: Weavile|Pressure
|turn|28
|
|t:|1758285305
|move|p2a: Weavile|Knock Off|p1a: Ninetales
|-damage|p1a: Ninetales|23/100
|-enditem|p1a: Ninetales|Heat Rock|[from] move: Knock Off|[of] p2a: Weavile
|-damage|p2a: Weavile|0 fnt|[from] item: Life Orb
|faint|p2a: Weavile
|
|win|A random breaker
|raw|A random breaker's rating: 1248 &rarr; <strong>1272</strong><br />(+24 for winning)
|raw|Jusk-99's rating: 1234 &rarr; <strong>1210</strong><br />(-24 for losing)
|l|☆Jusk-99
|player|p2|
|l|☆A random breaker
|player|p1|
