|j|☆CherylBush
|j|☆Eight Five
|t:|1758314796
|gametype|singles
|player|p1|CherylBush|mallow-masters|1637
|player|p2|Eight Five|1|1594
|gen|9
|tier|[Gen 9] OU
|rated|
|rule|HP Percentage Mod: HP is shown in percentages
|rule|Endless Battle Clause: Forcing endless battles is banned
|rule|Species Clause: Limit one of each Pokémon
|rule|OHKO Clause: OHKO moves are banned
|rule|Evasion Items Clause: Evasion items are banned
|rule|Evasion Moves Clause: Evasion moves are banned
|rule|Evasion Abilities Clause: Evasion abilities are banned
|rule|Sleep Moves Clause: Sleep-inducing moves are banned
|clearpoke
|poke|p1|Landorus-Therian, M|
|poke|p1|Skeledirge, M|
|poke|p1|Skarmory, M|
|poke|p1|Hydrapple, M|
|poke|p1|Samurott-Hisui, M|
|poke|p1|Fezandipiti, M|
|poke|p2|Great Tusk|
|poke|p2|Landorus-Therian, M|
|poke|p2|Jirachi|
|poke|p2|Chandelure, F|
|poke|p2|Primarina, F|
|poke|p2|Zapdos|
|teampreview
|inactive|Battle timer is ON: inactive players will automatically lose when time's up. (requested by Eight Five)
|
|t:|1758314826
|teamsize|p1|6
|teamsize|p2|6
|start
|switch|p1a: Fez Boi|Fezandipiti, M|100/100
|switch|p2a: Zapdos|Zapdos|100/100
|turn|1
|
|t:|1758314832
|move|p2a: Zapdos|Volt Switch|p1a: Fez Boi
|-damage|p1a: Fez Boi|72/100
|
|t:|1758314841
|switch|p2a: Jirachi|Jirachi|100/100|[from] Volt Switch
|move|p1a: Fez Boi|Moonblast|p2a: Jirachi
|-resisted|p2a: Jirachi
|-damage|p2a: Jirachi|90/100
|
|-heal|p2a: Jirachi|96/100|[from] item: Leftovers
|upkeep
|turn|2
|
|t:|1758314846
|switch|p1a: Skarmory|Skarmory, M, shiny|100/100
|move|p2a: Jirachi|Doom Desire|p1a: Skarmory
|-start|p2a: Jirachi|Doom Desire
|
|-heal|p2a: Jirachi|100/100|[from] item: Leftovers
|upkeep
|turn|3
|
|t:|1758314850
|switch|p2a: Zapdos|Zapdos|100/100
|move|p1a: Skarmory|Stealth Rock|p2a: Zapdos
|-sidestart|p2: Eight Five|move: Stealth Rock
|
|upkeep
|turn|4
|
|t:|1758314857
|move|p2a: Zapdos|Hurricane|p1a: Skarmory
|-resisted|p1a: Skarmory
|-damage|p1a: Skarmory|44/100
|move|p1a: Skarmory|Roost|p1a: Skarmory
|-heal|p1a: Skarmory|94/100
|-singleturn|p1a: Skarmory|move: Roost
|
|-end|p1a: Skarmory|move: Doom Desire
|-resisted|p1a: Skarmory
|-damage|p1a: Skarmory|58/100
|upkeep
|turn|5
|
|t:|1758314864
|move|p2a: Zapdos|Hurricane|p1a: Skarmory|[miss]
|-miss|p2a: Zapdos|p1a: Skarmory
|move|p1a: Skarmory|Roost|p1a: Skarmory
|-heal|p1a: Skarmory|100/100
|-singleturn|p1a: Skarmory|move: Roost
|
|upkeep
|turn|6
|
|t:|1758314882
|switch|p2a: Landorus|Landorus-Therian, M|100/100
|-damage|p2a: Landorus|88/100|[from] Stealth Rock
|-ability|p2a: Landorus|Intimidate|boost
|-unboost|p1a: Skarmory|atk|1
|switch|p1a: Skeledirge|Skeledirge, M, shiny|100/100
|
|upkeep
|turn|7
|
|t:|1758314889
|move|p2a: Landorus|Gravity|p2a: Landorus
|-fieldstart|move: Gravity
|move|p1a: Skeledirge|Torch Song|p2a: Landorus
|-damage|p2a: Landorus|50/100
|-boost|p1a: Skeledirge|spa|1
|
|upkeep
|turn|8
|
|t:|1758314894
|move|p2a: Landorus|Earthquake|p1a: Skeledirge
|-supereffective|p1a: Skeledirge
|-damage|p1a: Skeledirge|0 fnt
|faint|p1a: Skeledirge
|
|upkeep
|
|t:|1758314904
|switch|p1a: Leviathan|Hydrapple, M, shiny|100/100
|turn|9
|
|t:|1758314910
|move|p2a: Landorus|U-turn|p1a: Leviathan
|-supereffective|p1a: Leviathan
|-damage|p1a: Leviathan|64/100
|
|t:|1758314915
|switch|p2a: Jirachi|Jirachi|100/100|[from] U-turn
|-damage|p2a: Jirachi|94/100|[from] Stealth Rock
|move|p1a: Leviathan|Fickle Beam|p2a: Jirachi|[anim] Fickle Beam All Out
|-activate|p1a: Leviathan|move: Fickle Beam
|-resisted|p2a: Jirachi
|-damage|p2a: Jirachi|62/100
|
|-heal|p2a: Jirachi|68/100|[from] item: Leftovers
|upkeep
|turn|10
|
|t:|1758314920
|switch|p1a: Samurott|Samurott-Hisui, M, shiny|100/100
|move|p2a: Jirachi|Wish|p2a: Jirachi
|
|-heal|p2a: Jirachi|74/100|[from] item: Leftovers
|upkeep
|turn|11
|
|t:|1758314939
|switch|p2a: Zapdos|Zapdos|100/100
|-damage|p2a: Zapdos|76/100|[from] Stealth Rock
|move|p1a: Samurott|Ceaseless Edge|p2a: Zapdos
|-damage|p2a: Zapdos|14/100
|-sidestart|p2: Eight Five|Spikes
|
|-heal|p2a: Zapdos|77/100|[from] move: Wish|[wisher] Jirachi
|-fieldend|move: Gravity
|upkeep
|turn|12
|
|t:|1758314948
|switch|p1a: Landorus|Landorus-Therian, M, shiny|100/100
|-ability|p1a: Landorus|Intimidate|boost
|-unboost|p2a: Zapdos|atk|1
|move|p2a: Zapdos|Hurricane|p1a: Landorus
|-damage|p1a: Landorus|0 fnt
|faint|p1a: Landorus
|
|upkeep
|
|t:|1758314954
|switch|p1a: Fez Boi|Fezandipiti, M|72/100
|turn|13
|
|t:|1758314957
|switch|p2a: Jirachi|Jirachi|74/100
|-damage|p2a: Jirachi|68/100|[from] Stealth Rock
|-damage|p2a: Jirachi|56/100|[from] Spikes
|move|p1a: Fez Boi|Roost|p1a: Fez Boi
|-heal|p1a: Fez Boi|100/100
|-singleturn|p1a: Fez Boi|move: Roost
|
|-heal|p2a: Jirachi|62/100|[from] item: Leftovers
|upkeep
|turn|14
|
|t:|1758314961
|switch|p1a: Samurott|Samurott-Hisui, M, shiny|100/100
|move|p2a: Jirachi|Wish|p2a: Jirachi
|
|-heal|p2a: Jirachi|68/100|[from] item: Leftovers
|upkeep
|turn|15
|
|t:|1758314984
|switch|p2a: Great Tusk|Great Tusk|100/100
|move|p1a: Samurott|Knock Off|p2a: Great Tusk
|-resisted|p2a: Great Tusk
|-damage|p2a: Great Tusk|82/100
|-enditem|p2a: Great Tusk|Heavy-Duty Boots|[from] move: Knock Off|[of] p1a: Samurott
|
|-heal|p2a: Great Tusk|100/100|[from] move: Wish|[wisher] Jirachi
|upkeep
|turn|16
|
|t:|1758314989
|switch|p1a: Skarmory|Skarmory, M, shiny|100/100
|move|p2a: Great Tusk|Rapid Spin|p1a: Skarmory
|-resisted|p1a: Skarmory
|-damage|p1a: Skarmory|95/100
|-boost|p2a: Great Tusk|spe|1
|-damage|p2a: Great Tusk|84/100|[from] item: Rocky Helmet|[of] p1a: Skarmory
|-sideend|p2: Eight Five|Spikes|[from] move: Rapid Spin|[of] p2a: Great Tusk
|-sideend|p2: Eight Five|Stealth Rock|[from] move: Rapid Spin|[of] p2a: Great Tusk
|
|upkeep
|turn|17
|
|t:|1758314994
|-end|p2a: Great Tusk|Protosynthesis|[silent]
|switch|p2a: Zapdos|Zapdos|77/100
|move|p1a: Skarmory|Stealth Rock|p2a: Zapdos
|-sidestart|p2: Eight Five|move: Stealth Rock
|
|upkeep
|turn|18
|
|t:|1758314998
|switch|p1a: Fez Boi|Fezandipiti, M|100/100
|move|p2a: Zapdos|Volt Switch|p1a: Fez Boi
|-damage|p1a: Fez Boi|68/100
|
|t:|1758315009
|switch|p2a: Jirachi|Jirachi|68/100|[from] Volt Switch
|-damage|p2a: Jirachi|62/100|[from] Stealth Rock
|
|-heal|p2a: Jirachi|68/100|[from] item: Leftovers
|upkeep
|turn|19
|
|t:|1758315013
|switch|p1a: Samurott|Samurott-Hisui, M, shiny|100/100
|move|p2a: Jirachi|Wish|p2a: Jirachi
|
|-heal|p2a: Jirachi|74/100|[from] item: Leftovers
|upkeep
|turn|20
|
|t:|1758315018
|move|p1a: Samurott|Flip Turn|p2a: Jirachi
|-damage|p2a: Jirachi|54/100
|
|t:|1758315020
|switch|p1a: Skarmory|Skarmory, M, shiny|95/100|[from] Flip Turn
|move|p2a: Jirachi|U-turn|p1a: Skarmory
|-resisted|p1a: Skarmory
|-damage|p1a: Skarmory|94/100
|-damage|p2a: Jirachi|37/100|[from] item: Rocky Helmet|[of] p1a: Skarmory
|
|t:|1758315022
|switch|p2a: Landorus|Landorus-Therian, M|50/100|[from] U-turn
|-damage|p2a: Landorus|38/100|[from] Stealth Rock
|-ability|p2a: Landorus|Intimidate|boost
|-unboost|p1a: Skarmory|atk|1
|
|-heal|p2a: Landorus|100/100|[from] move: Wish|[wisher] Jirachi
|upkeep
|turn|21
|
|t:|1758315029
|move|p2a: Landorus|Gravity|p2a: Landorus
|-fieldstart|move: Gravity
|move|p1a: Skarmory|Brave Bird|p2a: Landorus
|-damage|p2a: Landorus|73/100
|-damage|p1a: Skarmory|85/100|[from] Recoil
|
|upkeep
|turn|22
|
|t:|1758315032
|switch|p1a: Leviathan|Hydrapple, M, shiny|97/100
|move|p2a: Landorus|Earthquake|p1a: Leviathan
|-resisted|p1a: Leviathan
|-damage|p1a: Leviathan|73/100
|
|upkeep
|turn|23
|
|t:|1758315037
|move|p2a: Landorus|U-turn|p1a: Leviathan
|-supereffective|p1a: Leviathan
|-damage|p1a: Leviathan|35/100
|
|t:|1758315045
|switch|p2a: Jirachi|Jirachi|37/100|[from] U-turn
|-damage|p2a: Jirachi|31/100|[from] Stealth Rock
|move|p1a: Leviathan|Earth Power|p2a: Jirachi
|-supereffective|p2a: Jirachi
|-damage|p2a: Jirachi|0 fnt
|faint|p2a: Jirachi
|
|upkeep
|
|t:|1758315052
|switch|p2a: Zapdos|Zapdos|77/100
|-damage|p2a: Zapdos|52/100|[from] Stealth Rock
|turn|24
|
|t:|1758315063
|switch|p1a: Skarmory|Skarmory, M, shiny|85/100
|move|p2a: Zapdos|Hurricane|p1a: Skarmory
|-resisted|p1a: Skarmory
|-damage|p1a: Skarmory|32/100
|
|upkeep
|turn|25
|
|t:|1758315065
|move|p2a: Zapdos|Hurricane|p1a: Skarmory
|-resisted|p1a: Skarmory
|-damage|p1a: Skarmory|0 fnt
|faint|p1a: Skarmory
|
|-fieldend|move: Gravity
|upkeep
|
|t:|1758315068
|switch|p1a: Fez Boi|Fezandipiti, M|68/100
|turn|26
|
|t:|1758315095
|switch|p2a: Primarina|Primarina, F|100/100
|-damage|p2a: Primarina|88/100|[from] Stealth Rock
|move|p1a: Fez Boi|Moonblast|p2a: Primarina
|-crit|p2a: Primarina
|-damage|p2a: Primarina|57/100
|
|-heal|p2a: Primarina|63/100|[from] item: Leftovers
|upkeep
|turn|27
|
|t:|1758315100
|move|p2a: Primarina|Protect|p2a: Primarina
|-singleturn|p2a: Primarina|Protect
|move|p1a: Fez Boi|Roost|p1a: Fez Boi
|-heal|p1a: Fez Boi|100/100
|-singleturn|p1a: Fez Boi|move: Roost
|
|-heal|p2a: Primarina|69/100|[from] item: Leftovers
|upkeep
|turn|28
|
|t:|1758315103
|move|p1a: Fez Boi|Calm Mind|p1a: Fez Boi
|-boost|p1a: Fez Boi|spa|1
|-boost|p1a: Fez Boi|spd|1
|move|p2a: Primarina|Calm Mind|p2a: Primarina
|-boost|p2a: Primarina|spa|1
|-boost|p2a: Primarina|spd|1
|
|-heal|p2a: Primarina|75/100|[from] item: Leftovers
|upkeep
|turn|29
|
|t:|1758315105
|move|p1a: Fez Boi|Moonblast|p2a: Primarina
|-damage|p2a: Primarina|55/100
|move|p2a: Primarina|Psychic Noise|p1a: Fez Boi
|-damage|p1a: Fez Boi|83/100
|-start|p1a: Fez Boi|move: Heal Block
|
|-heal|p2a: Primarina|61/100|[from] item: Leftovers
|upkeep
|turn|30
|
|t:|1758315117
|switch|p2a: Landorus|Landorus-Therian, M|73/100
|-damage|p2a: Landorus|61/100|[from] Stealth Rock
|-ability|p2a: Landorus|Intimidate|boost
|-unboost|p1a: Fez Boi|atk|1
|move|p1a: Fez Boi|Moonblast|p2a: Landorus
|-damage|p2a: Landorus|12/100
|-status|p2a: Landorus|tox|[from] ability: Toxic Chain|[of] p1a: Fez Boi
|
|-damage|p2a: Landorus|6/100 tox|[from] psn
|-end|p1a: Fez Boi|move: Heal Block
|upkeep
|turn|31
|
|t:|1758315124
|switch|p1a: Leviathan|Hydrapple, M, shiny|68/100
|move|p2a: Landorus|Earthquake|p1a: Leviathan
|-resisted|p1a: Leviathan
|-damage|p1a: Leviathan|46/100
|
|-damage|p2a: Landorus|0 fnt|[from] psn
|faint|p2a: Landorus
|upkeep
|inactive|Eight Five has 120 seconds left.
|
|t:|1758315160
|switch|p2a: Great Tusk|Great Tusk|84/100
|-damage|p2a: Great Tusk|81/100|[from] Stealth Rock
|turn|32
|inactive|Eight Five has 120 seconds left.
|
|t:|1758315171
|-terastallize|p2a: Great Tusk|Steel
|-terastallize|p1a: Leviathan|Fairy
|move|p2a: Great Tusk|Rapid Spin|p1a: Leviathan
|-damage|p1a: Leviathan|34/100
|-boost|p2a: Great Tusk|spe|1
|-sideend|p2: Eight Five|Stealth Rock|[from] move: Rapid Spin|[of] p2a: Great Tusk
|move|p1a: Leviathan|Giga Drain|p2a: Great Tusk
|-resisted|p2a: Great Tusk
|-damage|p2a: Great Tusk|54/100
|-heal|p1a: Leviathan|47/100|[from] drain|[of] p2a: Great Tusk
|
|upkeep
|turn|33
|
|t:|1758315179
|switch|p1a: Samurott|Samurott-Hisui, M, shiny|100/100
|move|p2a: Great Tusk|Headlong Rush|p1a: Samurott
|-damage|p1a: Samurott|17/100
|-unboost|p2a: Great Tusk|def|1
|-unboost|p2a: Great Tusk|spd|1
|
|upkeep
|turn|34
|
|t:|1758315188
|move|p1a: Samurott|Sucker Punch|p2a: Great Tusk
|-damage|p2a: Great Tusk|17/100
|move|p2a: Great Tusk|Headlong Rush|p1a: Samurott
|-damage|p1a: Samurott|0 fnt
|-unboost|p2a: Great Tusk|def|1
|-unboost|p2a: Great Tusk|spd|1
|faint|p1a: Samurott
|
|upkeep
|
|t:|1758315190
|switch|p1a: Leviathan|Hydrapple, M, shiny, tera:Fairy|80/100
|turn|35
|
|t:|1758315197
|-end|p2a: Great Tusk|Protosynthesis|[silent]
|switch|p2a: Zapdos|Zapdos|52/100
|move|p1a: Leviathan|Giga Drain|p2a: Zapdos
|-resisted|p2a: Zapdos
|-damage|p2a: Zapdos|32/100
|-heal|p1a: Leviathan|87/100|[from] drain|[of] p2a: Zapdos
|
|upkeep
|turn|36
|
|t:|1758315201
|move|p2a: Zapdos|Volt Switch|p1a: Leviathan
|-damage|p1a: Leviathan|39/100
|
|t:|1758315205
|switch|p2a: Chandelure|Chandelure, F|100/100|[from] Volt Switch
|move|p1a: Leviathan|Fickle Beam|p2a: Chandelure|[anim] Fickle Beam All Out
|-activate|p1a: Leviathan|move: Fickle Beam
|-damage|p2a: Chandelure|2/100
|
|upkeep
|turn|37
|
|t:|1758315210
|move|p2a: Chandelure|Fire Blast|p1a: Leviathan
|-damage|p1a: Leviathan|0 fnt
|faint|p1a: Leviathan
|
|upkeep
|
|t:|1758315211
|switch|p1a: Fez Boi|Fezandipiti, M|83/100
|turn|38
|
|t:|1758315218
|move|p2a: Chandelure|Fire Blast|p1a: Fez Boi
|-damage|p1a: Fez Boi|49/100
|move|p1a: Fez Boi|Calm Mind|p1a: Fez Boi
|-boost|p1a: Fez Boi|spa|1
|-boost|p1a: Fez Boi|spd|1
|
|upkeep
|turn|39
|
|t:|1758315228
|switch|p2a: Zapdos|Zapdos|32/100
|move|p1a: Fez Boi|Roost|p1a: Fez Boi
|-heal|p1a: Fez Boi|99/100
|-singleturn|p1a: Fez Boi|move: Roost
|
|upkeep
|turn|40
|
|t:|1758315233
|move|p2a: Zapdos|Zap Cannon|p1a: Fez Boi
|-damage|p1a: Fez Boi|67/100
|-status|p1a: Fez Boi|par
|move|p1a: Fez Boi|Calm Mind|p1a: Fez Boi
|-boost|p1a: Fez Boi|spa|1
|-boost|p1a: Fez Boi|spd|1
|
|upkeep
|turn|41
|
|t:|1758315241
|move|p2a: Zapdos|Zap Cannon|p1a: Fez Boi
|-damage|p1a: Fez Boi|39/100 par
|move|p1a: Fez Boi|Roost|p1a: Fez Boi
|-heal|p1a: Fez Boi|89/100 par
|-singleturn|p1a: Fez Boi|move: Roost
|
|upkeep
|turn|42
|
|t:|1758315245
|move|p2a: Zapdos|Zap Cannon|p1a: Fez Boi
|-damage|p1a: Fez Boi|61/100 par
|move|p1a: Fez Boi|Calm Mind|p1a: Fez Boi
|-boost|p1a: Fez Boi|spa|1
|-boost|p1a: Fez Boi|spd|1
|
|upkeep
|turn|43
|
|t:|1758315252
|switch|p2a: Primarina|Primarina, F|61/100
|move|p1a: Fez Boi|Roost|p1a: Fez Boi
|-heal|p1a: Fez Boi|100/100 par
|-singleturn|p1a: Fez Boi|move: Roost
|
|-heal|p2a: Primarina|67/100|[from] item: Leftovers
|upkeep
|turn|44
|
|t:|1758315255
|move|p2a: Primarina|Psychic Noise|p1a: Fez Boi
|-damage|p1a: Fez Boi|93/100 par
|-start|p1a: Fez Boi|move: Heal Block
|move|p1a: Fez Boi|Moonblast|p2a: Primarina
|-damage|p2a: Primarina|18/100
|
|-heal|p2a: Primarina|24/100|[from] item: Leftovers
|upkeep
|turn|45
|
|t:|1758315262
|move|p2a: Primarina|Psychic Noise|p1a: Fez Boi
|-damage|p1a: Fez Boi|86/100 par
|cant|p1a: Fez Boi|par
|
|-heal|p2a: Primarina|30/100|[from] item: Leftovers
|-end|p1a: Fez Boi|move: Heal Block
|upkeep
|turn|46
|
|t:|1758315264
|move|p2a: Primarina|Psychic Noise|p1a: Fez Boi
|-damage|p1a: Fez Boi|79/100 par
|-start|p1a: Fez Boi|move: Heal Block
|cant|p1a: Fez Boi|par
|
|-heal|p2a: Primarina|36/100|[from] item: Leftovers
|upkeep
|turn|47
|
|t:|1758315266
|move|p2a: Primarina|Psychic Noise|p1a: Fez Boi
|-damage|p1a: Fez Boi|72/100 par
|move|p1a: Fez Boi|Moonblast|p2a: Primarina
|-damage|p2a: Primarina|0 fnt
|faint|p2a: Primarina
|
|-end|p1a: Fez Boi|move: Heal Block
|upkeep
|
|t:|1758315268
|switch|p2a: Great Tusk|Great Tusk, tera:Steel|17/100
|turn|48
|
|t:|1758315270
|move|p2a: Great Tusk|Headlong Rush|p1a: Fez Boi
|-supereffective|p1a: Fez Boi
|-damage|p1a: Fez Boi|0 fnt
|-unboost|p2a: Great Tusk|def|1
|-unboost|p2a: Great Tusk|spd|1
|faint|p1a: Fez Boi
|
|win|Eight Five
|raw|CherylBush's rating: 1637 &rarr; <strong>1615</strong><br />(-22 for losing)
|raw|Eight Five's rating: 1594 &rarr; <strong>1616</strong><br />(+22 for winning)
|l|☆Eight Five
|player|p2|
|l|☆CherylBush
|player|p1|
