|j|☆slushomatic
|j|☆angel_demian
|t:|1758245393
|gametype|singles
|player|p1|slushomatic|backersf|1117
|player|p2|angel_demian|dawn-gen4pt|1062
|gen|9
|tier|[Gen 9] OU
|rated|
|rule|HP Percentage Mod: HP is shown in percentages
|rule|Endless Battle Clause: Forcing endless battles is banned
|rule|Species Clause: Limit one of each Pokémon
|rule|OHKO Clause: OHKO moves are banned
|rule|Evasion Items Clause: Evasion items are banned
|rule|Evasion Moves Clause: Evasion moves are banned
|rule|Evasion Abilities Clause: Evasion abilities are banned
|rule|Sleep Moves Clause: Sleep-inducing moves are banned
|clearpoke
|poke|p1|Pecharunt|
|poke|p1|Hatterene, F|
|poke|p1|Meowscarada, M|
|poke|p1|Regidrago|
|poke|p1|Quaquaval, F|
|poke|p1|Corviknight, M|
|poke|p2|Quaquaval, M|
|poke|p2|Iron Valiant|
|poke|p2|Zoroark-Hisui, M|
|poke|p2|Delphox, F|
|poke|p2|Klefki, M|
|poke|p2|Great Tusk|
|teampreview
|inactive|Battle timer is ON: inactive players will automatically lose when time's up. (requested by slushomatic)
|
|t:|1758245404
|teamsize|p1|6
|teamsize|p2|6
|start
|switch|p1a: Meowscarada|Meowscarada, M, shiny|100/100
|switch|p2a: Sua Mãe|Great Tusk|100/100
|turn|1
|
|t:|1758245407
|move|p1a: Meowscarada|Knock Off|p2a: Sua Mãe
|-start|p1a: Meowscarada|typechange|Dark|[from] ability: Protean
|-resisted|p2a: Sua Mãe
|-damage|p2a: Sua Mãe|90/100
|-enditem|p2a: Sua Mãe|Leftovers|[from] move: Knock Off|[of] p1a: Meowscarada
|move|p2a: Sua Mãe|Stealth Rock|p1a: Meowscarada
|-sidestart|p1: slushomatic|move: Stealth Rock
|
|upkeep
|turn|2
|
|t:|1758245412
|-end|p2a: Sua Mãe|Protosynthesis|[silent]
|switch|p2a: Suporte Supremo|Klefki, M|100/100
|move|p1a: Meowscarada|U-turn|p2a: Suporte Supremo
|-resisted|p2a: Suporte Supremo
|-damage|p2a: Suporte Supremo|96/100
|
|t:|1758245417
|switch|p1a: Corviknight|Corviknight, M, shiny|100/100|[from] U-turn
|-damage|p1a: Corviknight|88/100|[from] Stealth Rock
|-ability|p1a: Corviknight|Pressure
|
|upkeep
|turn|3
|
|t:|1758245420
|move|p2a: Suporte Supremo|Light Screen|p2a: Suporte Supremo
|-sidestart|p2: angel_demian|move: Light Screen
|move|p1a: Corviknight|Defog|p2a: Suporte Supremo
|-unboost|p2a: Suporte Supremo|evasion|1
|-sideend|p2: angel_demian|move: Light Screen
|-sideend|p1: slushomatic|Stealth Rock|[from] move: Defog|[of] p1a: Corviknight
|
|upkeep
|turn|4
|
|t:|1758245425
|move|p2a: Suporte Supremo|Reflect|p2a: Suporte Supremo
|-sidestart|p2: angel_demian|Reflect
|move|p1a: Corviknight|Body Press|p2a: Suporte Supremo
|-damage|p2a: Suporte Supremo|85/100
|
|upkeep
|turn|5
|
|t:|1758245428
|move|p2a: Suporte Supremo|Light Screen|p2a: Suporte Supremo
|-sidestart|p2: angel_demian|move: Light Screen
|move|p1a: Corviknight|Defog|p2a: Suporte Supremo
|-unboost|p2a: Suporte Supremo|evasion|1
|-sideend|p2: angel_demian|Reflect
|-sideend|p2: angel_demian|move: Light Screen
|
|upkeep
|turn|6
|
|t:|1758245430
|move|p2a: Suporte Supremo|Thunder Wave|p1a: Corviknight
|-status|p1a: Corviknight|par
|cant|p1a: Corviknight|par
|
|upkeep
|turn|7
|
|t:|1758245434
|move|p2a: Suporte Supremo|Spikes|p1a: Corviknight
|-sidestart|p1: slushomatic|Spikes
|move|p1a: Corviknight|Defog|p2a: Suporte Supremo
|-unboost|p2a: Suporte Supremo|evasion|1
|-sideend|p1: slushomatic|Spikes|[from] move: Defog|[of] p1a: Corviknight
|
|upkeep
|turn|8
|
|t:|1758245441
|move|p2a: Suporte Supremo|Light Screen|p2a: Suporte Supremo
|-sidestart|p2: angel_demian|move: Light Screen
|cant|p1a: Corviknight|par
|
|upkeep
|turn|9
|
|t:|1758245443
|move|p2a: Suporte Supremo|Reflect|p2a: Suporte Supremo
|-sidestart|p2: angel_demian|Reflect
|move|p1a: Corviknight|Defog|p2a: Suporte Supremo
|-unboost|p2a: Suporte Supremo|evasion|1
|-sideend|p2: angel_demian|Reflect
|-sideend|p2: angel_demian|move: Light Screen
|
|upkeep
|turn|10
|
|t:|1758245447
|switch|p2a: Carnaval|Quaquaval, M, shiny|100/100
|move|p1a: Corviknight|U-turn|p2a: Carnaval
|-resisted|p2a: Carnaval
|-damage|p2a: Carnaval|91/100
|
|t:|1758245453
|switch|p1a: Meowscarada|Meowscarada, M, shiny|100/100|[from] U-turn
|
|upkeep
|turn|11
|
|t:|1758245458
|move|p1a: Meowscarada|Flower Trick|p2a: Carnaval
|-start|p1a: Meowscarada|typechange|Grass|[from] ability: Protean
|-supereffective|p2a: Carnaval
|-crit|p2a: Carnaval
|-damage|p2a: Carnaval|0 fnt
|faint|p2a: Carnaval
|
|upkeep
|
|t:|1758245462
|switch|p2a: Blair|Delphox, F, shiny|100/100
|turn|12
|
|t:|1758245469
|-terastallize|p2a: Blair|Grass
|move|p1a: Meowscarada|U-turn|p2a: Blair
|-supereffective|p2a: Blair
|-damage|p2a: Blair|30/100
|
|t:|1758245477
|switch|p1a: Hatterene|Hatterene, F, shiny|100/100|[from] U-turn
|move|p2a: Blair|Calm Mind|p2a: Blair
|-boost|p2a: Blair|spa|1
|-boost|p2a: Blair|spd|1
|
|upkeep
|turn|13
|
|t:|1758245481
|move|p2a: Blair|Fire Blast|p1a: Hatterene
|-damage|p1a: Hatterene|24/100
|move|p1a: Hatterene|Mystical Fire|p2a: Blair
|-supereffective|p2a: Blair
|-damage|p2a: Blair|0 fnt
|faint|p2a: Blair
|
|upkeep
|
|t:|1758245485
|switch|p2a: Power Ranger|Iron Valiant, shiny|100/100
|turn|14
|
|t:|1758245489
|move|p2a: Power Ranger|Taunt|p1a: Hatterene
|move|p1a: Hatterene|Taunt|p2a: Power Ranger|[from] ability: Magic Bounce
|-start|p2a: Power Ranger|move: Taunt
|move|p1a: Hatterene|Future Sight|p2a: Power Ranger
|-start|p1a: Hatterene|move: Future Sight
|
|upkeep
|turn|15
|
|t:|1758245497
|switch|p2a: Power Ranger|Iron Valiant, shiny|100/100
|-enditem|p2a: Power Ranger|Booster Energy
|-activate|p2a: Power Ranger|ability: Quark Drive|[fromitem]
|-start|p2a: Power Ranger|quarkdrivespe
|move|p1a: Hatterene|Mystical Fire|p2a: Power Ranger
|-damage|p2a: Power Ranger|56/100
|-unboost|p2a: Power Ranger|spa|1
|
|upkeep
|turn|16
|
|t:|1758245504
|move|p2a: Power Ranger|Swords Dance|p2a: Power Ranger
|-boost|p2a: Power Ranger|atk|2
|move|p1a: Hatterene|Mystical Fire|p2a: Power Ranger
|-damage|p2a: Power Ranger|6/100
|-unboost|p2a: Power Ranger|spa|1
|
|-end|p2a: Power Ranger|move: Future Sight
|-supereffective|p2a: Power Ranger
|-damage|p2a: Power Ranger|0 fnt
|faint|p2a: Power Ranger
|-end|p2a: Power Ranger|Quark Drive|[silent]
|upkeep
|
|t:|1758245506
|switch|p2a: Suporte Supremo|Klefki, M|100/100
|turn|17
|
|t:|1758245510
|move|p2a: Suporte Supremo|Nasty Plot|p2a: Suporte Supremo
|-boost|p2a: Suporte Supremo|spa|2
|move|p1a: Hatterene|Mystical Fire|p2a: Suporte Supremo
|-damage|p2a: Suporte Supremo|45/100
|-unboost|p2a: Suporte Supremo|spa|1
|replace|p2a: Inuyasha|Zoroark-Hisui, M, shiny
|-end|p2a: Inuyasha|Illusion
|
|upkeep
|turn|18
|
|t:|1758245516
|move|p2a: Inuyasha|Shadow Ball|p1a: Hatterene
|-supereffective|p1a: Hatterene
|-damage|p1a: Hatterene|0 fnt
|faint|p1a: Hatterene
|
|upkeep
|
|t:|1758245521
|switch|p1a: Regidrago|Regidrago|100/100
|turn|19
|
|t:|1758245528
|move|p1a: Regidrago|Dragon Energy|p2a: Inuyasha
|-damage|p2a: Inuyasha|0 fnt
|faint|p2a: Inuyasha
|
|upkeep
|
|t:|1758245531
|switch|p2a: Sua Mãe|Great Tusk|90/100
|turn|20
|
|t:|1758245534
|move|p1a: Regidrago|Dragon Energy|p2a: Sua Mãe
|-crit|p2a: Sua Mãe
|-damage|p2a: Sua Mãe|0 fnt
|faint|p2a: Sua Mãe
|-end|p2a: Sua Mãe|Protosynthesis|[silent]
|
|upkeep
|
|t:|1758245537
|switch|p2a: Suporte Supremo|Klefki, M|85/100
|turn|21
|-message|angel_demian forfeited.
|
|win|slushomatic
|raw|slushomatic's rating: 1117 &rarr; <strong>1138</strong><br />(+21 for winning)
|raw|angel_demian's rating: 1062 &rarr; <strong>1046</strong><br />(-16 for losing)
|l|☆angel_demian
|player|p2|
