|j|☆justiceforjessie
|j|☆schew6
|t:|1758255177
|gametype|singles
|player|p1|justiceforjessie|170|1536
|player|p2|schew6|lucas-gen4pt|1478
|gen|9
|tier|[Gen 9] OU
|rated|
|rule|HP Percentage Mod: HP is shown in percentages
|rule|Endless Battle Clause: Forcing endless battles is banned
|rule|Species Clause: Limit one of each Pokémon
|rule|OHKO Clause: OHKO moves are banned
|rule|Evasion Items Clause: Evasion items are banned
|rule|Evasion Moves Clause: Evasion moves are banned
|rule|Evasion Abilities Clause: Evasion abilities are banned
|rule|Sleep Moves Clause: Sleep-inducing moves are banned
|clearpoke
|poke|p1|Ninetales, M|
|poke|p1|Great Tusk|
|poke|p1|Walking Wake|
|poke|p1|Comfey, F|
|poke|p1|Venusaur, M|
|poke|p1|Gholdengo|
|poke|p2|Walking Wake|
|poke|p2|Great Tusk|
|poke|p2|Clefable, M|
|poke|p2|Kingambit, M|
|poke|p2|Garganacl, M|
|poke|p2|Ceruledge, F|
|teampreview
|inactive|Battle timer is ON: inactive players will automatically lose when time's up. (requested by schew6)
|
|t:|1758255187
|teamsize|p1|6
|teamsize|p2|6
|start
|switch|p1a: NineGENDERS.|Ninetales, M|100/100
|switch|p2a: Great Tusk|Great Tusk|100/100
|-weather|SunnyDay|[from] ability: Drought|[of] p1a: NineGENDERS.
|-activate|p2a: Great Tusk|ability: Protosynthesis
|-start|p2a: Great Tusk|protosynthesisdef
|turn|1
|
|t:|1758255200
|-end|p2a: Great Tusk|Protosynthesis|[silent]
|switch|p2a: Walking Wake|Walking Wake|100/100
|-activate|p2a: Walking Wake|ability: Protosynthesis
|-start|p2a: Walking Wake|protosynthesisspa
|move|p1a: NineGENDERS.|Will-O-Wisp|p2a: Walking Wake
|-status|p2a: Walking Wake|brn
|
|-weather|SunnyDay|[upkeep]
|-damage|p2a: Walking Wake|94/100 brn|[from] brn
|upkeep
|turn|2
|inactive|justiceforjessie has 120 seconds left.
|
|t:|1758255259
|switch|p1a: Great THEY/THEM.|Great Tusk|100/100
|-activate|p1a: Great THEY/THEM.|ability: Protosynthesis
|-start|p1a: Great THEY/THEM.|protosynthesisatk
|move|p2a: Walking Wake|Flip Turn|p1a: Great THEY/THEM.
|-supereffective|p1a: Great THEY/THEM.
|-damage|p1a: Great THEY/THEM.|95/100
|
|t:|1758255272
|-end|p2a: Walking Wake|Protosynthesis|[silent]
|switch|p2a: Great Tusk|Great Tusk|100/100|[from] Flip Turn
|-activate|p2a: Great Tusk|ability: Protosynthesis
|-start|p2a: Great Tusk|protosynthesisdef
|
|-weather|SunnyDay|[upkeep]
|upkeep
|turn|3
|inactive|justiceforjessie has 90 seconds left.
|inactive|justiceforjessie has 60 seconds left.
|
|t:|1758255336
|move|p1a: Great THEY/THEM.|Stealth Rock|p2a: Great Tusk
|-sidestart|p2: schew6|move: Stealth Rock
|move|p2a: Great Tusk|Stealth Rock|p1a: Great THEY/THEM.
|-sidestart|p1: justiceforjessie|move: Stealth Rock
|
|-weather|SunnyDay|[upkeep]
|upkeep
|turn|4
|
|t:|1758255348
|move|p1a: Great THEY/THEM.|Rapid Spin|p2a: Great Tusk
|-damage|p2a: Great Tusk|92/100
|-boost|p1a: Great THEY/THEM.|spe|1
|-damage|p1a: Great THEY/THEM.|79/100|[from] item: Rocky Helmet|[of] p2a: Great Tusk
|-sideend|p1: justiceforjessie|Stealth Rock|[from] move: Rapid Spin|[of] p1a: Great THEY/THEM.
|move|p2a: Great Tusk|Knock Off|p1a: Great THEY/THEM.
|-resisted|p1a: Great THEY/THEM.
|-damage|p1a: Great THEY/THEM.|69/100
|-enditem|p1a: Great THEY/THEM.|Eject Pack|[from] move: Knock Off|[of] p2a: Great Tusk
|
|-weather|SunnyDay|[upkeep]
|upkeep
|turn|5
|inactive|justiceforjessie has 60 seconds left.
|
|t:|1758255360
|-end|p1a: Great THEY/THEM.|Protosynthesis|[silent]
|switch|p1a: GholDEIngo.|Gholdengo|100/100
|move|p2a: Great Tusk|Stealth Rock|p1a: GholDEIngo.
|-sidestart|p1: justiceforjessie|move: Stealth Rock
|
|-weather|SunnyDay|[upkeep]
|upkeep
|turn|6
|inactive|justiceforjessie has 60 seconds left.
|
|t:|1758255370
|move|p1a: GholDEIngo.|Make It Rain|p2a: Great Tusk
|-damage|p2a: Great Tusk|0 fnt
|-unboost|p1a: GholDEIngo.|spa|1
|faint|p2a: Great Tusk
|-end|p2a: Great Tusk|Protosynthesis|[silent]
|-damage|p1a: GholDEIngo.|91/100|[from] item: Life Orb
|
|-weather|SunnyDay|[upkeep]
|upkeep
|
|t:|1758255378
|switch|p2a: Ceruledge|Ceruledge, F|100/100
|-damage|p2a: Ceruledge|76/100|[from] Stealth Rock
|turn|7
|
|t:|1758255383
|-terastallize|p1a: GholDEIngo.|Fairy
|move|p2a: Ceruledge|Bitter Blade|p1a: GholDEIngo.
|-damage|p1a: GholDEIngo.|7/100
|-heal|p2a: Ceruledge|100/100|[from] drain|[of] p1a: GholDEIngo.
|move|p1a: GholDEIngo.|Shadow Ball|p2a: Ceruledge
|-supereffective|p2a: Ceruledge
|-damage|p2a: Ceruledge|11/100
|-unboost|p2a: Ceruledge|spd|1
|-damage|p1a: GholDEIngo.|0 fnt|[from] item: Life Orb
|faint|p1a: GholDEIngo.
|
|-weather|SunnyDay|[upkeep]
|upkeep
|
|t:|1758255399
|switch|p1a: Walking WOKE.|Walking Wake|100/100
|-damage|p1a: Walking WOKE.|88/100|[from] Stealth Rock
|-activate|p1a: Walking WOKE.|ability: Protosynthesis
|-start|p1a: Walking WOKE.|protosynthesisspe
|turn|8
|inactive|schew6 has 120 seconds left.
|inactive|schew6 has 90 seconds left.
|
|t:|1758255476
|move|p2a: Ceruledge|Shadow Sneak|p1a: Walking WOKE.
|-damage|p1a: Walking WOKE.|67/100
|move|p1a: Walking WOKE.|Flip Turn|p2a: Ceruledge
|-supereffective|p2a: Ceruledge
|-damage|p2a: Ceruledge|0 fnt
|faint|p2a: Ceruledge
|
|t:|1758255486
|-end|p1a: Walking WOKE.|Protosynthesis|[silent]
|switch|p1a: Great THEY/THEM.|Great Tusk|69/100|[from] Flip Turn
|-damage|p1a: Great THEY/THEM.|66/100|[from] Stealth Rock
|-activate|p1a: Great THEY/THEM.|ability: Protosynthesis
|-start|p1a: Great THEY/THEM.|protosynthesisatk
|
|-weather|none
|-end|p1a: Great THEY/THEM.|Protosynthesis
|upkeep
|
|t:|1758255498
|switch|p2a: Clefable|Clefable, M|100/100
|-damage|p2a: Clefable|88/100|[from] Stealth Rock
|turn|9
|
|t:|1758255502
|move|p1a: Great THEY/THEM.|Rapid Spin|p2a: Clefable
|-damage|p2a: Clefable|74/100
|-boost|p1a: Great THEY/THEM.|spe|1
|-sideend|p1: justiceforjessie|Stealth Rock|[from] move: Rapid Spin|[of] p1a: Great THEY/THEM.
|move|p2a: Clefable|Calm Mind|p2a: Clefable
|-boost|p2a: Clefable|spa|1
|-boost|p2a: Clefable|spd|1
|
|-heal|p2a: Clefable|80/100|[from] item: Leftovers
|upkeep
|turn|10
|
|t:|1758255510
|move|p1a: Great THEY/THEM.|Headlong Rush|p2a: Clefable
|-damage|p2a: Clefable|30/100
|-unboost|p1a: Great THEY/THEM.|def|1
|-unboost|p1a: Great THEY/THEM.|spd|1
|move|p2a: Clefable|Moonblast|p1a: Great THEY/THEM.
|-supereffective|p1a: Great THEY/THEM.
|-damage|p1a: Great THEY/THEM.|0 fnt
|faint|p1a: Great THEY/THEM.
|-end|p1a: Great THEY/THEM.|Protosynthesis|[silent]
|
|-heal|p2a: Clefable|37/100|[from] item: Leftovers
|upkeep
|
|t:|1758255528
|switch|p1a: NineGENDERS.|Ninetales, M|100/100
|-weather|SunnyDay|[from] ability: Drought|[of] p1a: NineGENDERS.
|turn|11
|
|t:|1758255535
|move|p1a: NineGENDERS.|Weather Ball|p2a: Clefable
|-damage|p2a: Clefable|8/100
|move|p2a: Clefable|Moonlight|p2a: Clefable
|-heal|p2a: Clefable|75/100
|
|-weather|SunnyDay|[upkeep]
|-heal|p2a: Clefable|81/100|[from] item: Leftovers
|upkeep
|turn|12
|
|t:|1758255543
|move|p1a: NineGENDERS.|Encore|p2a: Clefable
|-start|p2a: Clefable|Encore
|move|p2a: Clefable|Moonlight|p2a: Clefable
|-heal|p2a: Clefable|100/100
|
|-weather|SunnyDay|[upkeep]
|upkeep
|turn|13
|inactive|justiceforjessie has 90 seconds left.
|
|t:|1758255557
|switch|p1a: VenuSOROS.|Venusaur, M|100/100
|switch|p2a: Walking Wake|Walking Wake|94/100 brn
|-damage|p2a: Walking Wake|82/100 brn|[from] Stealth Rock
|-activate|p2a: Walking Wake|ability: Protosynthesis
|-start|p2a: Walking Wake|protosynthesisspa
|
|-weather|SunnyDay|[upkeep]
|-damage|p2a: Walking Wake|76/100 brn|[from] brn
|upkeep
|turn|14
|inactive|justiceforjessie has 90 seconds left.
|
|t:|1758255575
|move|p1a: VenuSOROS.|Giga Drain|p2a: Walking Wake
|-damage|p2a: Walking Wake|27/100 brn
|-damage|p1a: VenuSOROS.|91/100|[from] item: Life Orb
|move|p2a: Walking Wake|Draco Meteor|p1a: VenuSOROS.
|-damage|p1a: VenuSOROS.|0 fnt
|-unboost|p2a: Walking Wake|spa|2
|faint|p1a: VenuSOROS.
|
|-weather|SunnyDay|[upkeep]
|-damage|p2a: Walking Wake|21/100 brn|[from] brn
|upkeep
|
|t:|1758255588
|switch|p1a: Walking WOKE.|Walking Wake|67/100
|-activate|p1a: Walking WOKE.|ability: Protosynthesis
|-start|p1a: Walking WOKE.|protosynthesisspe
|turn|15
|
|t:|1758255593
|-end|p2a: Walking Wake|Protosynthesis|[silent]
|switch|p2a: Clefable|Clefable, M|100/100
|-damage|p2a: Clefable|88/100|[from] Stealth Rock
|move|p1a: Walking WOKE.|Hydro Steam|p2a: Clefable
|-damage|p2a: Clefable|7/100
|
|-weather|SunnyDay|[upkeep]
|-heal|p2a: Clefable|13/100|[from] item: Leftovers
|upkeep
|turn|16
|inactive|justiceforjessie has 90 seconds left.
|
|t:|1758255600
|move|p1a: Walking WOKE.|Hydro Steam|p2a: Clefable
|-damage|p2a: Clefable|0 fnt
|faint|p2a: Clefable
|
|-weather|SunnyDay|[upkeep]
|upkeep
|
|t:|1758255604
|switch|p2a: Walking Wake|Walking Wake|21/100 brn
|-damage|p2a: Walking Wake|8/100 brn|[from] Stealth Rock
|-activate|p2a: Walking Wake|ability: Protosynthesis
|-start|p2a: Walking Wake|protosynthesisspa
|turn|17
|
|t:|1758255610
|move|p1a: Walking WOKE.|Hydro Steam|p2a: Walking Wake
|-resisted|p2a: Walking Wake
|-damage|p2a: Walking Wake|0 fnt
|faint|p2a: Walking Wake
|-end|p2a: Walking Wake|Protosynthesis|[silent]
|
|-weather|SunnyDay|[upkeep]
|upkeep
|
|t:|1758255615
|switch|p2a: Kingambit|Kingambit, M|100/100
|-damage|p2a: Kingambit|94/100|[from] Stealth Rock
|-activate|p2a: Kingambit|ability: Supreme Overlord
|-start|p2a: Kingambit|fallen4|[silent]
|-item|p2a: Kingambit|Air Balloon
|turn|18
|
|t:|1758255626
|move|p2a: Kingambit|Sucker Punch|p1a: Walking WOKE.
|-damage|p1a: Walking WOKE.|0 fnt
|faint|p1a: Walking WOKE.
|-end|p1a: Walking WOKE.|Protosynthesis|[silent]
|
|-weather|none
|upkeep
|
|t:|1758255631
|switch|p1a: NineGENDERS.|Ninetales, M|100/100
|-weather|SunnyDay|[from] ability: Drought|[of] p1a: NineGENDERS.
|turn|19
|
|t:|1758255638
|switch|p1a: Comfey|Comfey, F|100/100
|move|p2a: Kingambit|Sucker Punch||[still]
|-fail|p2a: Kingambit
|
|-weather|SunnyDay|[upkeep]
|upkeep
|turn|20
|inactive|justiceforjessie has 120 seconds left.
|
|t:|1758255658
|switch|p1a: NineGENDERS.|Ninetales, M|100/100
|move|p2a: Kingambit|Swords Dance|p2a: Kingambit
|-boost|p2a: Kingambit|atk|2
|
|-weather|SunnyDay|[upkeep]
|upkeep
|turn|21
|
|t:|1758255667
|move|p2a: Kingambit|Sucker Punch|p1a: NineGENDERS.
|-damage|p1a: NineGENDERS.|0 fnt
|faint|p1a: NineGENDERS.
|
|-weather|SunnyDay|[upkeep]
|upkeep
|
|t:|1758255672
|switch|p1a: Comfey|Comfey, F|100/100
|turn|22
|
|t:|1758255675
|move|p1a: Comfey|Growth|p1a: Comfey
|-boost|p1a: Comfey|atk|2
|-boost|p1a: Comfey|spa|2
|move|p2a: Kingambit|Iron Head|p1a: Comfey
|-supereffective|p1a: Comfey
|-crit|p1a: Comfey
|-damage|p1a: Comfey|0 fnt
|faint|p1a: Comfey
|
|win|schew6
|raw|justiceforjessie's rating: 1558 &rarr; <strong>1533</strong><br />(-25 for losing)
|raw|schew6's rating: 1478 &rarr; <strong>1503</strong><br />(+25 for winning)
|l|☆schew6
|player|p2|
