|j|☆Obito 2001
|j|☆knock the pex
|t:|1758360915
|gametype|singles
|player|p1|Obito 2001|blue-gen3two|1725
|player|p2|knock the pex|swimmer|1680
|gen|9
|tier|[Gen 9] OU
|rated|
|rule|HP Percentage Mod: HP is shown in percentages
|rule|Endless Battle Clause: Forcing endless battles is banned
|rule|Species Clause: Limit one of each Pokémon
|rule|OHKO Clause: OHKO moves are banned
|rule|Evasion Items Clause: Evasion items are banned
|rule|Evasion Moves Clause: Evasion moves are banned
|rule|Evasion Abilities Clause: Evasion abilities are banned
|rule|Sleep Moves Clause: Sleep-inducing moves are banned
|clearpoke
|poke|p1|Masquerain, F|
|poke|p1|Arcanine-Hisui, M|
|poke|p1|Cinderace, F|
|poke|p1|Enamorus, F|
|poke|p1|Great Tusk|
|poke|p1|Gholdengo|
|poke|p2|Kyurem|
|poke|p2|Great Tusk|
|poke|p2|Landorus-Therian, M|
|poke|p2|Kingambit, M|
|poke|p2|Pecharunt|
|poke|p2|Primarina, M|
|teampreview
|inactive|Battle timer is ON: inactive players will automatically lose when time's up. (requested by Obito 2001)
|
|t:|1758360930
|teamsize|p1|6
|teamsize|p2|6
|start
|switch|p1a: Enamorus|Enamorus, F|100/100
|switch|p2a: Kyotaro|Kyurem, shiny|100/100
|-ability|p2a: Kyotaro|Pressure
|turn|1
|
|t:|1758360933
|move|p2a: Kyotaro|Protect|p2a: Kyotaro
|-singleturn|p2a: Kyotaro|Protect
|move|p1a: Enamorus|Substitute|p1a: Enamorus
|-start|p1a: Enamorus|Substitute
|-damage|p1a: Enamorus|76/100
|
|upkeep
|turn|2
|
|t:|1758360938
|switch|p2a: Celestine|Primarina, M, shiny|100/100
|move|p1a: Enamorus|Moonblast|p2a: Celestine
|-damage|p2a: Celestine|72/100
|
|upkeep
|turn|3
|
|t:|1758360948
|switch|p1a: Masquerain|Masquerain, F|100/100
|-ability|p1a: Masquerain|Intimidate|boost
|-unboost|p2a: Celestine|atk|1
|move|p2a: Celestine|Psychic Noise|p1a: Masquerain
|-damage|p1a: Masquerain|45/100
|-start|p1a: Masquerain|move: Heal Block
|
|upkeep
|turn|4
|
|t:|1758360953
|move|p1a: Masquerain|Sticky Web|p2a: Celestine
|-sidestart|p2: knock the pex|move: Sticky Web
|move|p2a: Celestine|Moonblast|p1a: Masquerain
|-damage|p1a: Masquerain|0 fnt
|faint|p1a: Masquerain
|
|upkeep
|
|t:|1758360958
|switch|p1a: Gholdengo|Gholdengo|100/100
|turn|5
|
|t:|1758360966
|move|p1a: Gholdengo|Make It Rain|p2a: Celestine
|-crit|p2a: Celestine
|-damage|p2a: Celestine|0 fnt
|-unboost|p1a: Gholdengo|spa|1
|faint|p2a: Celestine
|
|upkeep
|
|t:|1758360972
|switch|p2a: Enten|Landorus-Therian, M, shiny|100/100
|-ability|p2a: Enten|Intimidate|boost
|-unboost|p1a: Gholdengo|atk|1
|turn|6
|
|t:|1758360976
|switch|p1a: Mega Donphan|Great Tusk|100/100
|move|p2a: Enten|U-turn|p1a: Mega Donphan
|-resisted|p1a: Mega Donphan
|-damage|p1a: Mega Donphan|91/100
|
|t:|1758360981
|switch|p2a: Behemoth|Great Tusk, shiny|100/100|[from] U-turn
|
|upkeep
|turn|7
|j| Nikator98
|
|t:|1758360988
|-end|p1a: Mega Donphan|Protosynthesis|[silent]
|switch|p1a: Gholdengo|Gholdengo|100/100
|move|p2a: Behemoth|Rapid Spin|p1a: Gholdengo
|-immune|p1a: Gholdengo
|
|upkeep
|turn|8
|
|t:|1758360993
|switch|p1a: Enamorus|Enamorus, F|76/100
|move|p2a: Behemoth|Headlong Rush|p1a: Enamorus
|-immune|p1a: Enamorus
|
|upkeep
|turn|9
|
|t:|1758360999
|switch|p1a: Gholdengo|Gholdengo|100/100
|move|p2a: Behemoth|Rapid Spin|p1a: Gholdengo
|-immune|p1a: Gholdengo
|
|upkeep
|turn|10
|
|t:|1758361007
|move|p2a: Behemoth|Ice Spinner|p1a: Gholdengo
|-resisted|p1a: Gholdengo
|-damage|p1a: Gholdengo|85/100
|move|p1a: Gholdengo|Make It Rain|p2a: Behemoth
|-damage|p2a: Behemoth|0 fnt
|-unboost|p1a: Gholdengo|spa|1
|faint|p2a: Behemoth
|-end|p2a: Behemoth|Protosynthesis|[silent]
|
|upkeep
|
|t:|1758361010
|switch|p2a: Enten|Landorus-Therian, M, shiny|100/100
|-ability|p2a: Enten|Intimidate|boost
|-unboost|p1a: Gholdengo|atk|1
|turn|11
|
|t:|1758361016
|switch|p1a: Mega Donphan|Great Tusk|91/100
|move|p2a: Enten|Grass Knot|p1a: Mega Donphan
|-supereffective|p1a: Mega Donphan
|-damage|p1a: Mega Donphan|0 fnt
|faint|p1a: Mega Donphan
|-end|p1a: Mega Donphan|Protosynthesis|[silent]
|
|upkeep
|
|t:|1758361021
|switch|p1a: Enamorus|Enamorus, F|76/100
|turn|12
|
|t:|1758361029
|switch|p2a: Overgod|Kingambit, M, shiny|100/100
|-activate|p2a: Overgod|move: Sticky Web
|-unboost|p2a: Overgod|spe|1
|-activate|p2a: Overgod|ability: Supreme Overlord
|-start|p2a: Overgod|fallen2|[silent]
|move|p1a: Enamorus|Earth Power|p2a: Overgod
|-supereffective|p2a: Overgod
|-damage|p2a: Overgod|40/100
|
|-heal|p2a: Overgod|47/100|[from] item: Leftovers
|upkeep
|turn|13
|
|t:|1758361037
|-end|p2a: Overgod|fallen2|[silent]
|switch|p2a: Enten|Landorus-Therian, M, shiny|100/100
|-ability|p2a: Enten|Intimidate|boost
|-boost|p1a: Enamorus|atk|1
|move|p1a: Enamorus|Moonblast|p2a: Enten
|-damage|p2a: Enten|31/100
|
|upkeep
|turn|14
|
|t:|1758361041
|switch|p1a: Gholdengo|Gholdengo|85/100
|move|p2a: Enten|Stone Edge|p1a: Gholdengo|[miss]
|-miss|p2a: Enten|p1a: Gholdengo
|
|upkeep
|turn|15
|
|t:|1758361048
|switch|p2a: Overgod|Kingambit, M, shiny|47/100
|-activate|p2a: Overgod|move: Sticky Web
|-unboost|p2a: Overgod|spe|1
|-activate|p2a: Overgod|ability: Supreme Overlord
|-start|p2a: Overgod|fallen2|[silent]
|move|p1a: Gholdengo|Dazzling Gleam|p2a: Overgod
|-damage|p2a: Overgod|0 fnt
|faint|p2a: Overgod
|-end|p2a: Overgod|fallen2|[silent]
|
|upkeep
|
|t:|1758361060
|switch|p2a: Overseer|Pecharunt|100/100
|-activate|p2a: Overseer|move: Sticky Web
|-unboost|p2a: Overseer|spe|1
|turn|16
|
|t:|1758361067
|switch|p1a: Arcanine|Arcanine-Hisui, M|100/100
|move|p2a: Overseer|Malignant Chain|p1a: Arcanine
|-resisted|p1a: Arcanine
|-damage|p1a: Arcanine|81/100
|
|upkeep
|turn|17
|
|t:|1758361073
|switch|p1a: Gholdengo|Gholdengo|85/100
|move|p2a: Overseer|Malignant Chain|p1a: Gholdengo
|-immune|p1a: Gholdengo
|
|upkeep
|turn|18
|
|t:|1758361077
|move|p1a: Gholdengo|Shadow Ball|p2a: Overseer
|-supereffective|p2a: Overseer
|-damage|p2a: Overseer|0 fnt
|faint|p2a: Overseer
|
|upkeep
|
|t:|1758361080
|switch|p2a: Enten|Landorus-Therian, M, shiny|31/100
|-ability|p2a: Enten|Intimidate|boost
|-unboost|p1a: Gholdengo|atk|1
|turn|19
|
|t:|1758361086
|switch|p1a: Enamorus|Enamorus, F|76/100
|move|p2a: Enten|Earthquake|p1a: Enamorus
|-immune|p1a: Enamorus
|
|upkeep
|turn|20
|-message|knock the pex forfeited.
|
|win|Obito 2001
|raw|Obito 2001's rating: 1725 &rarr; <strong>1742</strong><br />(+17 for winning)
|raw|knock the pex's rating: 1680 &rarr; <strong>1663</strong><br />(-17 for losing)
|l|☆knock the pex
|player|p2|
|l|☆Obito 2001
|player|p1|
|l| Nikator98
|j| Nikator98
|l| Nikator98
