|j|☆ccncn123
|j|☆rickky
|t:|1758347305
|gametype|singles
|player|p1|ccncn123|170|1333
|player|p2|rickky|nate|1384
|gen|9
|tier|[Gen 9] OU
|rated|
|rule|HP Percentage Mod: HP is shown in percentages
|rule|Endless Battle Clause: Forcing endless battles is banned
|rule|Species Clause: Limit one of each Pokémon
|rule|OHKO Clause: OHKO moves are banned
|rule|Evasion Items Clause: Evasion items are banned
|rule|Evasion Moves Clause: Evasion moves are banned
|rule|Evasion Abilities Clause: Evasion abilities are banned
|rule|Sleep Moves Clause: Sleep-inducing moves are banned
|clearpoke
|poke|p1|Gholdengo|
|poke|p1|Hydreigon, F|
|poke|p1|Alomomola, F|
|poke|p1|Samurott-Hisui, F|
|poke|p1|Pecharunt|
|poke|p1|Corviknight, M|
|poke|p2|Charizard, M|
|poke|p2|Rotom-Wash|
|poke|p2|Torkoal, M|
|poke|p2|Corviknight, M|
|poke|p2|Ursaluna, M|
|poke|p2|Slither Wing|
|teampreview
|inactive|Battle timer is ON: inactive players will automatically lose when time's up. (requested by ccncn123)
|
|t:|1758347320
|teamsize|p1|6
|teamsize|p2|6
|start
|switch|p1a: Samurott|Samurott-Hisui, F|100/100
|switch|p2a: Rotom|Rotom-Wash, shiny|100/100
|turn|1
|
|t:|1758347327
|switch|p1a: Pecharunt|Pecharunt|100/100
|move|p2a: Rotom|Volt Switch|p1a: Pecharunt
|-crit|p1a: Pecharunt
|-damage|p1a: Pecharunt|72/100
|
|t:|1758347337
|switch|p2a: Ursaluna|Ursaluna, M, shiny|100/100|[from] Volt Switch
|
|-status|p2a: Ursaluna|brn|[from] item: Flame Orb
|upkeep
|turn|2
|
|t:|1758347345
|switch|p2a: Corviknight|Corviknight, M|100/100
|move|p1a: Pecharunt|Malignant Chain|p2a: Corviknight
|-immune|p2a: Corviknight
|
|upkeep
|turn|3
|
|t:|1758347354
|move|p1a: Pecharunt|Recover|p1a: Pecharunt
|-heal|p1a: Pecharunt|100/100
|move|p2a: Corviknight|U-turn|p1a: Pecharunt
|-resisted|p1a: Pecharunt
|-damage|p1a: Pecharunt|99/100
|
|t:|1758347360
|switch|p2a: Torkoal|Torkoal, M|100/100|[from] U-turn
|-weather|SunnyDay|[from] ability: Drought|[of] p2a: Torkoal
|
|-weather|SunnyDay|[upkeep]
|upkeep
|turn|4
|
|t:|1758347368
|switch|p1a: Alomomola|Alomomola, F|100/100
|switch|p2a: Corviknight|Corviknight, M|100/100
|
|-weather|SunnyDay|[upkeep]
|upkeep
|turn|5
|
|t:|1758347376
|move|p2a: Corviknight|U-turn|p1a: Alomomola
|-crit|p1a: Alomomola
|-damage|p1a: Alomomola|86/100
|-damage|p2a: Corviknight|84/100|[from] item: Rocky Helmet|[of] p1a: Alomomola
|
|t:|1758347380
|switch|p2a: Rotom|Rotom-Wash, shiny|100/100|[from] U-turn
|move|p1a: Alomomola|Flip Turn|p2a: Rotom
|-resisted|p2a: Rotom
|-damage|p2a: Rotom|97/100
|
|t:|1758347386
|switch|p1a: Pecharunt|Pecharunt|99/100|[from] Flip Turn
|
|-weather|SunnyDay|[upkeep]
|-heal|p2a: Rotom|100/100|[from] item: Leftovers
|upkeep
|turn|6
|
|t:|1758347393
|move|p1a: Pecharunt|Shadow Ball|p2a: Rotom
|-damage|p2a: Rotom|81/100
|move|p2a: Rotom|Will-O-Wisp|p1a: Pecharunt
|-status|p1a: Pecharunt|brn
|
|-weather|SunnyDay|[upkeep]
|-heal|p2a: Rotom|88/100|[from] item: Leftovers
|-damage|p1a: Pecharunt|93/100 brn|[from] brn
|upkeep
|turn|7
|
|t:|1758347405
|switch|p2a: Corviknight|Corviknight, M|84/100
|move|p1a: Pecharunt|Shadow Ball|p2a: Corviknight
|-damage|p2a: Corviknight|60/100
|-ability|p2a: Corviknight|Mirror Armor
|-unboost|p1a: Pecharunt|spd|1
|
|-weather|none
|-damage|p1a: Pecharunt|87/100 brn|[from] brn
|upkeep
|turn|8
|
|t:|1758347418
|switch|p1a: Gholdengo|Gholdengo|100/100
|-item|p1a: Gholdengo|Air Balloon
|move|p2a: Corviknight|U-turn|p1a: Gholdengo
|-resisted|p1a: Gholdengo
|-damage|p1a: Gholdengo|98/100
|-enditem|p1a: Gholdengo|Air Balloon
|
|t:|1758347430
|switch|p2a: Torkoal|Torkoal, M|100/100|[from] U-turn
|-weather|SunnyDay|[from] ability: Drought|[of] p2a: Torkoal
|
|-weather|SunnyDay|[upkeep]
|upkeep
|turn|9
|
|t:|1758347437
|switch|p1a: Samurott|Samurott-Hisui, F|100/100
|move|p2a: Torkoal|Lava Plume|p1a: Samurott
|-resisted|p1a: Samurott
|-damage|p1a: Samurott|64/100
|-status|p1a: Samurott|brn
|
|-weather|SunnyDay|[upkeep]
|-damage|p1a: Samurott|58/100 brn|[from] brn
|upkeep
|turn|10
|
|t:|1758347448
|move|p1a: Samurott|Ceaseless Edge|p2a: Torkoal
|-damage|p2a: Torkoal|86/100
|-sidestart|p2: rickky|Spikes
|move|p2a: Torkoal|Solar Beam||[still]
|-prepare|p2a: Torkoal|Solar Beam
|-anim|p2a: Torkoal|Solar Beam|p1a: Samurott
|-supereffective|p1a: Samurott
|-damage|p1a: Samurott|0 fnt
|faint|p1a: Samurott
|
|-weather|SunnyDay|[upkeep]
|-heal|p2a: Torkoal|92/100|[from] item: Leftovers
|upkeep
|
|t:|1758347455
|switch|p1a: Hydreigon|Hydreigon, F|100/100
|turn|11
|
|t:|1758347464
|move|p1a: Hydreigon|Draco Meteor|p2a: Torkoal
|-damage|p2a: Torkoal|0 fnt
|-unboost|p1a: Hydreigon|spa|2
|faint|p2a: Torkoal
|
|-weather|SunnyDay|[upkeep]
|upkeep
|
|t:|1758347476
|switch|p2a: Charizard|Charizard, M, shiny|100/100
|turn|12
|
|t:|1758347484
|switch|p1a: Pecharunt|Pecharunt|87/100 brn
|move|p2a: Charizard|Flamethrower|p1a: Pecharunt
|-damage|p1a: Pecharunt|11/100 brn
|
|-weather|none
|-damage|p1a: Pecharunt|5/100 brn|[from] brn
|upkeep
|turn|13
|
|t:|1758347493
|switch|p1a: Alomomola|Alomomola, F|100/100
|move|p2a: Charizard|Flamethrower|p1a: Alomomola
|-resisted|p1a: Alomomola
|-damage|p1a: Alomomola|82/100
|
|upkeep
|turn|14
|
|t:|1758347503
|switch|p2a: Slither Wing|Slither Wing|100/100
|-damage|p2a: Slither Wing|88/100|[from] Spikes
|move|p1a: Alomomola|Wish|p1a: Alomomola
|
|-heal|p2a: Slither Wing|94/100|[from] item: Leftovers
|upkeep
|turn|15
|
|t:|1758347514
|move|p2a: Slither Wing|Flare Blitz|p1a: Alomomola
|-resisted|p1a: Alomomola
|-damage|p1a: Alomomola|68/100
|-status|p1a: Alomomola|brn
|-damage|p2a: Slither Wing|78/100|[from] item: Rocky Helmet|[of] p1a: Alomomola
|-damage|p2a: Slither Wing|71/100|[from] Recoil
|move|p1a: Alomomola|Flip Turn|p2a: Slither Wing
|-damage|p2a: Slither Wing|63/100
|
|t:|1758347522
|switch|p1a: Pecharunt|Pecharunt|5/100 brn|[from] Flip Turn
|
|-heal|p1a: Pecharunt|72/100 brn|[from] move: Wish|[wisher] Alomomola
|-heal|p2a: Slither Wing|69/100|[from] item: Leftovers
|-damage|p1a: Pecharunt|65/100 brn|[from] brn
|upkeep
|turn|16
|
|t:|1758347533
|move|p1a: Pecharunt|Malignant Chain|p2a: Slither Wing
|-damage|p2a: Slither Wing|43/100
|-status|p2a: Slither Wing|tox
|-start|p2a: Slither Wing|confusion|[from] ability: Poison Puppeteer|[of] p1a: Pecharunt
|-activate|p2a: Slither Wing|confusion
|move|p2a: Slither Wing|U-turn|p1a: Pecharunt
|-resisted|p1a: Pecharunt
|-damage|p1a: Pecharunt|60/100 brn
|
|t:|1758347550
|-end|p2a: Slither Wing|Protosynthesis|[silent]
|switch|p2a: Charizard|Charizard, M, shiny|100/100|[from] U-turn
|
|-damage|p1a: Pecharunt|54/100 brn|[from] brn
|upkeep
|turn|17
|
|t:|1758347559
|switch|p1a: Alomomola|Alomomola, F|100/100 brn
|move|p2a: Charizard|Dragon Pulse|p1a: Alomomola
|-damage|p1a: Alomomola|77/100 brn
|
|-damage|p1a: Alomomola|71/100 brn|[from] brn
|upkeep
|turn|18
|
|t:|1758347571
|switch|p2a: Corviknight|Corviknight, M|60/100
|move|p1a: Alomomola|Flip Turn|p2a: Corviknight
|-damage|p2a: Corviknight|55/100
|-damage|p1a: Alomomola|55/100 brn|[from] item: Rocky Helmet|[of] p2a: Corviknight
|
|t:|1758347577
|switch|p1a: Hydreigon|Hydreigon, F|100/100|[from] Flip Turn
|
|upkeep
|turn|19
|
|t:|1758347582
|switch|p2a: Rotom|Rotom-Wash, shiny|88/100
|move|p1a: Hydreigon|Dark Pulse|p2a: Rotom
|-damage|p2a: Rotom|52/100
|
|-heal|p2a: Rotom|58/100|[from] item: Leftovers
|upkeep
|turn|20
|
|t:|1758347591
|switch|p1a: Gholdengo|Gholdengo|98/100
|move|p2a: Rotom|Pain Split|p1a: Gholdengo
|-immune|p1a: Gholdengo|[from] ability: Good as Gold
|
|-heal|p2a: Rotom|65/100|[from] item: Leftovers
|upkeep
|turn|21
|
|t:|1758347601
|move|p2a: Rotom|Volt Switch|p1a: Gholdengo
|-damage|p1a: Gholdengo|72/100
|
|t:|1758347605
|switch|p2a: Charizard|Charizard, M, shiny|100/100|[from] Volt Switch
|move|p1a: Gholdengo|Shadow Ball|p2a: Charizard
|-damage|p2a: Charizard|51/100
|
|upkeep
|turn|22
|
|t:|1758347614
|switch|p2a: Rotom|Rotom-Wash, shiny|65/100
|switch|p1a: Alomomola|Alomomola, F|88/100 brn
|
|-heal|p2a: Rotom|71/100|[from] item: Leftovers
|-damage|p1a: Alomomola|82/100 brn|[from] brn
|upkeep
|turn|23
|
|t:|1758347623
|move|p2a: Rotom|Volt Switch|p1a: Alomomola
|-supereffective|p1a: Alomomola
|-damage|p1a: Alomomola|40/100 brn
|
|t:|1758347629
|switch|p2a: Corviknight|Corviknight, M|55/100|[from] Volt Switch
|move|p1a: Alomomola|Flip Turn|p2a: Corviknight
|-damage|p2a: Corviknight|50/100
|-damage|p1a: Alomomola|24/100 brn|[from] item: Rocky Helmet|[of] p2a: Corviknight
|
|t:|1758347635
|switch|p1a: Hydreigon|Hydreigon, F|100/100|[from] Flip Turn
|
|upkeep
|turn|24
|
|t:|1758347641
|move|p1a: Hydreigon|Dark Pulse|p2a: Corviknight
|-damage|p2a: Corviknight|6/100
|move|p2a: Corviknight|Roost|p2a: Corviknight
|-heal|p2a: Corviknight|56/100
|-singleturn|p2a: Corviknight|move: Roost
|
|upkeep
|turn|25
|
|t:|1758347649
|move|p1a: Hydreigon|Dark Pulse|p2a: Corviknight
|-damage|p2a: Corviknight|16/100
|move|p2a: Corviknight|Roost|p2a: Corviknight
|-heal|p2a: Corviknight|66/100
|-singleturn|p2a: Corviknight|move: Roost
|
|upkeep
|turn|26
|
|t:|1758347657
|move|p1a: Hydreigon|Dark Pulse|p2a: Corviknight
|-damage|p2a: Corviknight|23/100
|cant|p2a: Corviknight|flinch
|
|upkeep
|turn|27
|
|t:|1758347663
|move|p1a: Hydreigon|Dark Pulse|p2a: Corviknight
|-damage|p2a: Corviknight|0 fnt
|faint|p2a: Corviknight
|
|upkeep
|
|t:|1758347670
|switch|p2a: Ursaluna|Ursaluna, M, shiny|100/100 brn
|-damage|p2a: Ursaluna|88/100 brn|[from] Spikes
|turn|28
|
|t:|1758347681
|switch|p1a: Pecharunt|Pecharunt|54/100 brn
|-terastallize|p2a: Ursaluna|Fairy
|move|p2a: Ursaluna|Play Rough|p1a: Pecharunt
|-resisted|p1a: Pecharunt
|-damage|p1a: Pecharunt|32/100 brn
|
|-damage|p1a: Pecharunt|26/100 brn|[from] brn
|-damage|p2a: Ursaluna|82/100 brn|[from] brn
|upkeep
|turn|29
|
|t:|1758347696
|switch|p2a: Charizard|Charizard, M, shiny|51/100
|move|p1a: Pecharunt|Recover|p1a: Pecharunt
|-heal|p1a: Pecharunt|76/100 brn
|
|-damage|p1a: Pecharunt|70/100 brn|[from] brn
|upkeep
|turn|30
|
|t:|1758347705
|switch|p1a: Alomomola|Alomomola, F|57/100 brn
|move|p2a: Charizard|Flamethrower|p1a: Alomomola
|-resisted|p1a: Alomomola
|-damage|p1a: Alomomola|39/100 brn
|
|-damage|p1a: Alomomola|33/100 brn|[from] brn
|upkeep
|turn|31
|
|t:|1758347715
|switch|p2a: Ursaluna|Ursaluna, M, shiny, tera:Fairy|82/100 brn
|-damage|p2a: Ursaluna|69/100 brn|[from] Spikes
|move|p1a: Alomomola|Flip Turn|p2a: Ursaluna
|-damage|p2a: Ursaluna|64/100 brn
|-message|rickky forfeited.
|
|win|ccncn123
|raw|ccncn123's rating: 1333 &rarr; <strong>1356</strong><br />(+23 for winning)
|raw|rickky's rating: 1384 &rarr; <strong>1361</strong><br />(-23 for losing)
|l|☆rickky
|player|p2|
|l|☆ccncn123
|player|p1|
