|j|☆PirateKingJoyBoy
|j|☆FittedCrib04
|t:|1758288862
|gametype|singles
|player|p1|PirateKingJoyBoy|2|1536
|player|p2|FittedCrib04|wallace|1549
|gen|9
|tier|[Gen 9] OU
|rated|
|rule|HP Percentage Mod: HP is shown in percentages
|rule|Endless Battle Clause: Forcing endless battles is banned
|rule|Species Clause: Limit one of each Pokémon
|rule|OHKO Clause: OHKO moves are banned
|rule|Evasion Items Clause: Evasion items are banned
|rule|Evasion Moves Clause: Evasion moves are banned
|rule|Evasion Abilities Clause: Evasion abilities are banned
|rule|Sleep Moves Clause: Sleep-inducing moves are banned
|clearpoke
|poke|p1|Cinderace, F|
|poke|p1|Landorus-Therian, M|
|poke|p1|Gholdengo|
|poke|p1|Clefable, M|
|poke|p1|Mimikyu, F|
|poke|p1|Toxapex, F|
|poke|p2|Klefki, F|
|poke|p2|Appletun, M|
|poke|p2|Bronzong|
|poke|p2|Mandibuzz, F|
|poke|p2|Oricorio-Pom-Pom, M|
|poke|p2|Swampert, M|
|teampreview
|
|t:|1758288868
|teamsize|p1|6
|teamsize|p2|6
|start
|switch|p1a: Cinderace|Cinderace, F|100/100
|switch|p2a: Keychain Bonds|Klefki, F|100/100
|turn|1
|
|t:|1758288877
|switch|p2a: Appletun|Appletun, M|100/100
|move|p1a: Cinderace|Pyro Ball|p2a: Appletun
|-damage|p2a: Appletun|75/100
|
|-heal|p2a: Appletun|81/100|[from] item: Leftovers
|upkeep
|turn|2
|
|t:|1758288885
|move|p1a: Cinderace|U-turn|p2a: Appletun
|-start|p1a: Cinderace|typechange|Bug|[from] ability: Libero
|-supereffective|p2a: Appletun
|-damage|p2a: Appletun|13/100
|
|t:|1758288890
|switch|p1a: Gholdengo|Gholdengo|100/100|[from] U-turn
|move|p2a: Appletun|Leech Seed|p1a: Gholdengo
|-immune|p1a: Gholdengo|[from] ability: Good as Gold
|
|-heal|p2a: Appletun|19/100|[from] item: Leftovers
|upkeep
|turn|3
|
|t:|1758288897
|switch|p2a: Bodyguard2|Swampert, M|100/100
|move|p1a: Gholdengo|Make It Rain|p2a: Bodyguard2
|-resisted|p2a: Bodyguard2
|-damage|p2a: Bodyguard2|87/100
|-unboost|p1a: Gholdengo|spa|1
|
|upkeep
|turn|4
|
|t:|1758288905
|switch|p1a: Landorus|Landorus-Therian, M|100/100
|-ability|p1a: Landorus|Intimidate|boost
|-unboost|p2a: Bodyguard2|atk|1
|move|p2a: Bodyguard2|Flip Turn|p1a: Landorus
|-supereffective|p1a: Landorus
|-damage|p1a: Landorus|74/100
|
|t:|1758288919
|switch|p2a: Zapdos-Lite|Oricorio-Pom-Pom, M|100/100|[from] Flip Turn
|
|-heal|p1a: Landorus|80/100|[from] item: Leftovers
|upkeep
|turn|5
|
|t:|1758288924
|move|p1a: Landorus|U-turn|p2a: Zapdos-Lite
|-resisted|p2a: Zapdos-Lite
|-damage|p2a: Zapdos-Lite|89/100
|
|t:|1758288927
|switch|p1a: Toxapex|Toxapex, F|100/100|[from] U-turn
|move|p2a: Zapdos-Lite|Quiver Dance|p2a: Zapdos-Lite
|-boost|p2a: Zapdos-Lite|spa|1
|-boost|p2a: Zapdos-Lite|spd|1
|-boost|p2a: Zapdos-Lite|spe|1
|
|upkeep
|turn|6
|
|t:|1758288933
|switch|p2a: Keychain Bonds|Klefki, F|100/100
|move|p1a: Toxapex|Toxic|p2a: Keychain Bonds
|-immune|p2a: Keychain Bonds
|
|upkeep
|turn|7
|
|t:|1758288939
|switch|p1a: Cinderace|Cinderace, F|100/100
|move|p2a: Keychain Bonds|Reflect|p2a: Keychain Bonds
|-sidestart|p2: FittedCrib04|Reflect
|
|upkeep
|turn|8
|
|t:|1758288944
|move|p1a: Cinderace|Pyro Ball|p2a: Keychain Bonds
|-supereffective|p2a: Keychain Bonds
|-damage|p2a: Keychain Bonds|54/100
|move|p2a: Keychain Bonds|Foul Play|p1a: Cinderace
|-damage|p1a: Cinderace|56/100
|
|upkeep
|turn|9
|
|t:|1758288950
|switch|p2a: Bodyguard2|Swampert, M|87/100
|move|p1a: Cinderace|Pyro Ball|p2a: Bodyguard2
|-resisted|p2a: Bodyguard2
|-damage|p2a: Bodyguard2|73/100
|
|upkeep
|turn|10
|
|t:|1758288956
|move|p1a: Cinderace|Court Change|p1a: Cinderace
|-start|p1a: Cinderace|typechange|Normal|[from] ability: Libero
|-swapsideconditions
|-activate|p1a: Cinderace|move: Court Change
|move|p2a: Bodyguard2|Flip Turn|p1a: Cinderace
|-damage|p1a: Cinderace|41/100
|
|t:|1758288970
|switch|p2a: Keychain Bonds|Klefki, F|54/100|[from] Flip Turn
|
|upkeep
|turn|11
|
|t:|1758288975
|move|p2a: Keychain Bonds|Reflect|p2a: Keychain Bonds
|-sidestart|p2: FittedCrib04|Reflect
|move|p1a: Cinderace|Pyro Ball|p2a: Keychain Bonds
|-supereffective|p2a: Keychain Bonds
|-damage|p2a: Keychain Bonds|21/100
|
|upkeep
|turn|12
|
|t:|1758288982
|move|p2a: Keychain Bonds|Light Screen|p2a: Keychain Bonds
|-sidestart|p2: FittedCrib04|move: Light Screen
|move|p1a: Cinderace|Pyro Ball|p2a: Keychain Bonds
|-supereffective|p2a: Keychain Bonds
|-damage|p2a: Keychain Bonds|0 fnt
|faint|p2a: Keychain Bonds
|
|upkeep
|
|t:|1758288984
|switch|p2a: Zapdos-Lite|Oricorio-Pom-Pom, M|89/100
|turn|13
|
|t:|1758288991
|move|p1a: Cinderace|Court Change|p1a: Cinderace
|-swapsideconditions
|-activate|p1a: Cinderace|move: Court Change
|move|p2a: Zapdos-Lite|Quiver Dance|p2a: Zapdos-Lite
|-boost|p2a: Zapdos-Lite|spa|1
|-boost|p2a: Zapdos-Lite|spd|1
|-boost|p2a: Zapdos-Lite|spe|1
|
|upkeep
|turn|14
|
|t:|1758288996
|move|p2a: Zapdos-Lite|Quiver Dance|p2a: Zapdos-Lite
|-boost|p2a: Zapdos-Lite|spa|1
|-boost|p2a: Zapdos-Lite|spd|1
|-boost|p2a: Zapdos-Lite|spe|1
|move|p1a: Cinderace|U-turn|p2a: Zapdos-Lite
|-resisted|p2a: Zapdos-Lite
|-damage|p2a: Zapdos-Lite|83/100
|
|t:|1758289002
|switch|p1a: Gholdengo|Gholdengo|100/100|[from] U-turn
|
|-sideend|p2: FittedCrib04|Reflect
|upkeep
|turn|15
|
|t:|1758289007
|move|p2a: Zapdos-Lite|Revelation Dance|p1a: Gholdengo
|-damage|p1a: Gholdengo|63/100
|move|p1a: Gholdengo|Trick|p2a: Zapdos-Lite
|-activate|p1a: Gholdengo|move: Trick|[of] p2a: Zapdos-Lite
|-item|p2a: Zapdos-Lite|Choice Scarf|[from] move: Trick
|-item|p1a: Gholdengo|Heavy-Duty Boots|[from] move: Trick
|
|upkeep
|turn|16
|
|t:|1758289015
|switch|p1a: Landorus|Landorus-Therian, M|80/100
|-ability|p1a: Landorus|Intimidate|boost
|-unboost|p2a: Zapdos-Lite|atk|1
|move|p2a: Zapdos-Lite|Hurricane|p1a: Landorus|[miss]
|-miss|p2a: Zapdos-Lite|p1a: Landorus
|
|-heal|p1a: Landorus|86/100|[from] item: Leftovers
|upkeep
|turn|17
|-message|FittedCrib04 forfeited.
|
|win|PirateKingJoyBoy
|raw|PirateKingJoyBoy's rating: 1536 &rarr; <strong>1557</strong><br />(+21 for winning)
|raw|FittedCrib04's rating: 1549 &rarr; <strong>1528</strong><br />(-21 for losing)
|l|☆FittedCrib04
|player|p2|
|l|☆PirateKingJoyBoy
|player|p1|
