|j|☆Nez4hal
|j|☆Gear Fifth Usopp
|t:|1758306469
|gametype|singles
|player|p1|Nez4hal|169|1109
|player|p2|Gear Fifth Usopp|169|1154
|gen|9
|tier|[Gen 9] OU
|rated|
|rule|HP Percentage Mod: HP is shown in percentages
|rule|Endless Battle Clause: Forcing endless battles is banned
|rule|Species Clause: Limit one of each Pokémon
|rule|OHKO Clause: OHKO moves are banned
|rule|Evasion Items Clause: Evasion items are banned
|rule|Evasion Moves Clause: Evasion moves are banned
|rule|Evasion Abilities Clause: Evasion abilities are banned
|rule|Sleep Moves Clause: Sleep-inducing moves are banned
|clearpoke
|poke|p1|Gliscor, F|
|poke|p1|Mimikyu, F|
|poke|p1|Grimmsnarl, M|
|poke|p1|Dragonite, F|
|poke|p1|Eelektross, M|
|poke|p1|Corviknight, F|
|poke|p2|Clefable, F|
|poke|p2|Venusaur, F|
|poke|p2|Charizard, F|
|poke|p2|Blastoise, M|
|poke|p2|Dragonite, M|
|poke|p2|Venomoth, F|
|teampreview
|inactive|Battle timer is ON: inactive players will automatically lose when time's up. (requested by Gear Fifth Usopp)
|
|t:|1758306480
|teamsize|p1|6
|teamsize|p2|6
|start
|switch|p1a: Grimmsnarl|Grimmsnarl, M, shiny|100/100
|switch|p2a: Clefable|Clefable, F|100/100
|turn|1
|
|t:|1758306492
|move|p1a: Grimmsnarl|Parting Shot|p2a: Clefable
|-unboost|p2a: Clefable|atk|1
|-unboost|p2a: Clefable|spa|1
|
|t:|1758306497
|switch|p1a: Gliscor|Gliscor, F, shiny|100/100|[from] Parting Shot
|move|p2a: Clefable|Stealth Rock|p1a: Gliscor
|-sidestart|p1: Nez4hal|move: Stealth Rock
|
|-status|p1a: Gliscor|tox|[from] item: Toxic Orb
|upkeep
|turn|2
|
|t:|1758306511
|switch|p2a: Venusaur|Venusaur, F|100/100
|move|p1a: Gliscor|Toxic|p2a: Venusaur
|-immune|p2a: Venusaur
|
|upkeep
|turn|3
|
|t:|1758306527
|move|p2a: Venusaur|Swords Dance|p2a: Venusaur
|-boost|p2a: Venusaur|atk|2
|move|p1a: Gliscor|Earthquake|p2a: Venusaur
|-damage|p2a: Venusaur|61/100
|
|upkeep
|turn|4
|
|t:|1758306537
|move|p2a: Venusaur|Power Whip|p1a: Gliscor
|-damage|p1a: Gliscor|40/100 tox
|move|p1a: Gliscor|Earthquake|p2a: Venusaur
|-damage|p2a: Venusaur|19/100
|
|-heal|p1a: Gliscor|52/100 tox|[from] ability: Poison Heal
|upkeep
|turn|5
|
|t:|1758306547
|move|p2a: Venusaur|Power Whip|p1a: Gliscor
|-crit|p1a: Gliscor
|-damage|p1a: Gliscor|0 fnt
|faint|p1a: Gliscor
|
|upkeep
|
|t:|1758306555
|switch|p1a: Corviknight|Corviknight, F|100/100
|-damage|p1a: Corviknight|88/100|[from] Stealth Rock
|-ability|p1a: Corviknight|Pressure
|turn|6
|
|t:|1758306562
|move|p2a: Venusaur|Power Whip|p1a: Corviknight|[miss]
|-miss|p2a: Venusaur|p1a: Corviknight
|-enditem|p2a: Venusaur|Blunder Policy
|-boost|p2a: Venusaur|spe|2
|move|p1a: Corviknight|U-turn|p2a: Venusaur
|-damage|p2a: Venusaur|0 fnt
|faint|p2a: Venusaur
|
|t:|1758306571
|switch|p1a: Grimmsnarl|Grimmsnarl, M, shiny|100/100|[from] U-turn
|
|upkeep
|
|t:|1758306597
|switch|p2a: Charizard|Charizard, F|100/100
|turn|7
|
|t:|1758306613
|move|p1a: Grimmsnarl|Thunder Wave|p2a: Charizard
|-status|p2a: Charizard|par
|cant|p2a: Charizard|par
|
|upkeep
|turn|8
|
|t:|1758306635
|move|p1a: Grimmsnarl|Parting Shot|p2a: Charizard
|-unboost|p2a: Charizard|atk|1
|-unboost|p2a: Charizard|spa|1
|
|t:|1758306639
|switch|p1a: Eelektross|Eelektross, M|100/100|[from] Parting Shot
|-damage|p1a: Eelektross|88/100|[from] Stealth Rock
|move|p2a: Charizard|Belly Drum|p2a: Charizard
|-damage|p2a: Charizard|50/100 par
|-setboost|p2a: Charizard|atk|6|[from] move: Belly Drum
|-enditem|p2a: Charizard|Sitrus Berry|[eat]
|-heal|p2a: Charizard|75/100 par|[from] item: Sitrus Berry
|
|-heal|p1a: Eelektross|94/100|[from] item: Leftovers
|upkeep
|turn|9
|
|t:|1758306654
|cant|p2a: Charizard|par
|move|p1a: Eelektross|Supercell Slam|p2a: Charizard
|-supereffective|p2a: Charizard
|-damage|p2a: Charizard|0 fnt
|faint|p2a: Charizard
|
|-heal|p1a: Eelektross|100/100|[from] item: Leftovers
|upkeep
|
|t:|1758306670
|switch|p2a: Venomoth|Venomoth, F|100/100
|turn|10
|
|t:|1758306678
|move|p2a: Venomoth|Quiver Dance|p2a: Venomoth
|-boost|p2a: Venomoth|spa|1
|-boost|p2a: Venomoth|spd|1
|-boost|p2a: Venomoth|spe|1
|move|p1a: Eelektross|Coil|p1a: Eelektross
|-boost|p1a: Eelektross|atk|1
|-boost|p1a: Eelektross|def|1
|-boost|p1a: Eelektross|accuracy|1
|
|upkeep
|turn|11
|
|t:|1758306691
|move|p2a: Venomoth|Quiver Dance|p2a: Venomoth
|-boost|p2a: Venomoth|spa|1
|-boost|p2a: Venomoth|spd|1
|-boost|p2a: Venomoth|spe|1
|move|p1a: Eelektross|Supercell Slam|p2a: Venomoth
|-damage|p2a: Venomoth|13/100
|
|upkeep
|turn|12
|
|t:|1758306702
|move|p2a: Venomoth|Sludge Bomb|p1a: Eelektross
|-damage|p1a: Eelektross|43/100
|move|p1a: Eelektross|Knock Off|p2a: Venomoth
|-damage|p2a: Venomoth|0 fnt
|-enditem|p2a: Venomoth|Heavy-Duty Boots|[from] move: Knock Off|[of] p1a: Eelektross
|faint|p2a: Venomoth
|
|-heal|p1a: Eelektross|49/100|[from] item: Leftovers
|upkeep
|
|t:|1758306719
|switch|p2a: Clefable|Clefable, F|100/100
|turn|13
|
|t:|1758306725
|move|p2a: Clefable|Moonblast|p1a: Eelektross
|-damage|p1a: Eelektross|15/100
|move|p1a: Eelektross|Drain Punch|p2a: Clefable
|-resisted|p2a: Clefable
|-damage|p2a: Clefable|87/100
|-heal|p1a: Eelektross|22/100|[from] drain|[of] p2a: Clefable
|-damage|p1a: Eelektross|6/100|[from] item: Rocky Helmet|[of] p2a: Clefable
|
|-heal|p1a: Eelektross|12/100|[from] item: Leftovers
|upkeep
|turn|14
|
|t:|1758306740
|move|p2a: Clefable|Moonblast|p1a: Eelektross
|-damage|p1a: Eelektross|0 fnt
|faint|p1a: Eelektross
|
|upkeep
|
|t:|1758306750
|switch|p1a: Mimikyu|Mimikyu, F|100/100
|-damage|p1a: Mimikyu|88/100|[from] Stealth Rock
|turn|15
|inactive|Gear Fifth Usopp has 120 seconds left.
|
|t:|1758306780
|move|p1a: Mimikyu|Swords Dance|p1a: Mimikyu
|-boost|p1a: Mimikyu|atk|2
|move|p2a: Clefable|Thunder Wave|p1a: Mimikyu
|-status|p1a: Mimikyu|par
|
|upkeep
|turn|16
|
|t:|1758306789
|move|p1a: Mimikyu|Shadow Claw|p2a: Clefable
|-damage|p2a: Clefable|34/100
|-damage|p1a: Mimikyu|72/100 par|[from] item: Rocky Helmet|[of] p2a: Clefable
|-damage|p1a: Mimikyu|62/100 par|[from] item: Life Orb
|move|p2a: Clefable|Moonblast|p1a: Mimikyu
|-activate|p1a: Mimikyu|ability: Disguise
|-damage|p1a: Mimikyu|62/100 par
|detailschange|p1a: Mimikyu|Mimikyu-Busted, F
|-damage|p1a: Mimikyu|50/100 par|[from] pokemon: Mimikyu-Busted
|
|upkeep
|turn|17
|inactive|Gear Fifth Usopp has 120 seconds left.
|
|t:|1758306804
|move|p1a: Mimikyu|Shadow Claw|p2a: Clefable
|-damage|p2a: Clefable|0 fnt
|-damage|p1a: Mimikyu|33/100 par|[from] item: Rocky Helmet|[of] p2a: Clefable
|faint|p2a: Clefable
|-damage|p1a: Mimikyu|23/100 par|[from] item: Life Orb
|
|upkeep
|inactive|Gear Fifth Usopp has 120 seconds left.
|
|t:|1758306820
|switch|p2a: Blastoise|Blastoise, M|100/100
|turn|18
|
|t:|1758306826
|move|p2a: Blastoise|Shell Smash|p2a: Blastoise
|-unboost|p2a: Blastoise|def|1
|-unboost|p2a: Blastoise|spd|1
|-boost|p2a: Blastoise|atk|2
|-boost|p2a: Blastoise|spa|2
|-boost|p2a: Blastoise|spe|2
|-enditem|p2a: Blastoise|White Herb
|-clearnegativeboost|p2a: Blastoise|[silent]
|move|p1a: Mimikyu|Destiny Bond|p1a: Mimikyu
|-singlemove|p1a: Mimikyu|Destiny Bond
|
|upkeep
|turn|19
|inactive|Gear Fifth Usopp has 120 seconds left.
|
|t:|1758306839
|move|p2a: Blastoise|Shell Smash|p2a: Blastoise
|-unboost|p2a: Blastoise|def|1
|-unboost|p2a: Blastoise|spd|1
|-boost|p2a: Blastoise|atk|2
|-boost|p2a: Blastoise|spa|2
|-boost|p2a: Blastoise|spe|2
|move|p1a: Mimikyu|Destiny Bond||[still]
|-fail|p1a: Mimikyu
|
|upkeep
|turn|20
|inactive|Gear Fifth Usopp has 120 seconds left.
|
|t:|1758306865
|move|p2a: Blastoise|Surf|p1a: Mimikyu
|-damage|p1a: Mimikyu|0 fnt
|faint|p1a: Mimikyu
|
|upkeep
|inactive|Nez4hal has 120 seconds left.
|
|t:|1758306877
|switch|p1a: Grimmsnarl|Grimmsnarl, M, shiny|100/100
|turn|21
|
|t:|1758306882
|move|p1a: Grimmsnarl|Thunder Wave|p2a: Blastoise
|-status|p2a: Blastoise|par
|move|p2a: Blastoise|Surf|p1a: Grimmsnarl
|-damage|p1a: Grimmsnarl|13/100
|
|upkeep
|turn|22
|
|t:|1758306890
|move|p1a: Grimmsnarl|Parting Shot|p2a: Blastoise
|-unboost|p2a: Blastoise|atk|1
|-unboost|p2a: Blastoise|spa|1
|
|t:|1758306899
|switch|p1a: Corviknight|Corviknight, F|88/100|[from] Parting Shot
|-damage|p1a: Corviknight|75/100|[from] Stealth Rock
|-ability|p1a: Corviknight|Pressure
|move|p2a: Blastoise|Surf|p1a: Corviknight
|-damage|p1a: Corviknight|0 fnt
|faint|p1a: Corviknight
|
|upkeep
|
|t:|1758306910
|switch|p1a: Dragonite|Dragonite, F|100/100
|-damage|p1a: Dragonite|76/100|[from] Stealth Rock
|turn|23
|-message|Nez4hal forfeited.
|
|win|Gear Fifth Usopp
|raw|Nez4hal's rating: 1109 &rarr; <strong>1087</strong><br />(-22 for losing)
|raw|Gear Fifth Usopp's rating: 1154 &rarr; <strong>1176</strong><br />(+22 for winning)
|l|☆Nez4hal
|player|p1|
|l|☆Gear Fifth Usopp
|player|p2|
