|j|☆54 Insane Rats
|j|☆rookie22
|t:|1758299629
|gametype|singles
|player|p1|54 Insane Rats|supernerd|1819
|player|p2|rookie22|iris-gen5bw2|1723
|gen|9
|tier|[Gen 9] OU
|rated|
|rule|HP Percentage Mod: HP is shown in percentages
|rule|Endless Battle Clause: Forcing endless battles is banned
|rule|Species Clause: Limit one of each Pokémon
|rule|OHKO Clause: OHKO moves are banned
|rule|Evasion Items Clause: Evasion items are banned
|rule|Evasion Moves Clause: Evasion moves are banned
|rule|Evasion Abilities Clause: Evasion abilities are banned
|rule|Sleep Moves Clause: Sleep-inducing moves are banned
|clearpoke
|poke|p1|Tyranitar, M|
|poke|p1|Excadrill, M|
|poke|p1|Kingambit, M|
|poke|p1|Garchomp, F|
|poke|p1|Pecharunt|
|poke|p1|Rotom-Wash|
|poke|p2|Dragonite, M|
|poke|p2|Meowscarada, F|
|poke|p2|Keldeo|
|poke|p2|Iron Crown|
|poke|p2|Raging Bolt|
|poke|p2|Great Tusk|
|teampreview
|inactive|Battle timer is ON: inactive players will automatically lose when time's up. (requested by 54 Insane Rats)
|inactive|rookie22 also wants the timer to be on.
|
|t:|1758299641
|teamsize|p1|6
|teamsize|p2|6
|start
|switch|p1a: Tyranitar|Tyranitar, M|100/100
|switch|p2a: Great Tusk|Great Tusk|100/100
|-weather|Sandstorm|[from] ability: Sand Stream|[of] p1a: Tyranitar
|turn|1
|
|t:|1758299645
|switch|p1a: Rotom|Rotom-Wash|100/100
|move|p2a: Great Tusk|Earthquake|p1a: Rotom
|-immune|p1a: Rotom|[from] ability: Levitate
|
|-weather|Sandstorm|[upkeep]
|-damage|p1a: Rotom|94/100|[from] Sandstorm
|-heal|p1a: Rotom|100/100|[from] item: Leftovers
|upkeep
|turn|2
|j| fdsfdsfsfsoidsf
|
|t:|1758299650
|move|p2a: Great Tusk|Stealth Rock|p1a: Rotom
|-sidestart|p1: 54 Insane Rats|move: Stealth Rock
|move|p1a: Rotom|Volt Switch|p2a: Great Tusk
|-immune|p2a: Great Tusk
|
|-weather|Sandstorm|[upkeep]
|-damage|p1a: Rotom|94/100|[from] Sandstorm
|-heal|p1a: Rotom|100/100|[from] item: Leftovers
|upkeep
|turn|3
|
|t:|1758299654
|-end|p2a: Great Tusk|Protosynthesis|[silent]
|switch|p2a: Raging Bolt|Raging Bolt|100/100
|move|p1a: Rotom|Volt Switch|p2a: Raging Bolt
|-resisted|p2a: Raging Bolt
|-crit|p2a: Raging Bolt
|-damage|p2a: Raging Bolt|92/100
|
|t:|1758299659
|switch|p1a: Excadrill|Excadrill, M|100/100|[from] Volt Switch
|-damage|p1a: Excadrill|97/100|[from] Stealth Rock
|
|-weather|Sandstorm|[upkeep]
|-damage|p2a: Raging Bolt|86/100|[from] Sandstorm
|-heal|p2a: Raging Bolt|92/100|[from] item: Leftovers
|upkeep
|turn|4
|
|t:|1758299668
|-end|p2a: Raging Bolt|Protosynthesis|[silent]
|switch|p2a: Great Tusk|Great Tusk|100/100
|move|p1a: Excadrill|Earthquake|p2a: Great Tusk
|-damage|p2a: Great Tusk|54/100
|-damage|p1a: Excadrill|87/100|[from] item: Life Orb
|
|-weather|Sandstorm|[upkeep]
|-heal|p2a: Great Tusk|60/100|[from] item: Leftovers
|upkeep
|turn|5
|
|t:|1758299675
|switch|p1a: Rotom|Rotom-Wash|100/100
|-damage|p1a: Rotom|88/100|[from] Stealth Rock
|move|p2a: Great Tusk|Earthquake|p1a: Rotom
|-immune|p1a: Rotom|[from] ability: Levitate
|
|-weather|Sandstorm|[upkeep]
|-damage|p1a: Rotom|82/100|[from] Sandstorm
|-heal|p2a: Great Tusk|66/100|[from] item: Leftovers
|-heal|p1a: Rotom|88/100|[from] item: Leftovers
|upkeep
|turn|6
|
|t:|1758299682
|-end|p2a: Great Tusk|Protosynthesis|[silent]
|switch|p2a: Meowscarada|Meowscarada, F|100/100
|move|p1a: Rotom|Hydro Pump|p2a: Meowscarada
|-resisted|p2a: Meowscarada
|-damage|p2a: Meowscarada|71/100
|
|-weather|Sandstorm|[upkeep]
|-damage|p2a: Meowscarada|65/100|[from] Sandstorm
|-damage|p1a: Rotom|82/100|[from] Sandstorm
|-heal|p1a: Rotom|88/100|[from] item: Leftovers
|upkeep
|turn|7
|
|t:|1758299688
|switch|p1a: Pecharunt|Pecharunt|100/100
|-damage|p1a: Pecharunt|88/100|[from] Stealth Rock
|-item|p1a: Pecharunt|Air Balloon
|move|p2a: Meowscarada|Knock Off|p1a: Pecharunt
|-start|p2a: Meowscarada|typechange|Dark|[from] ability: Protean
|-supereffective|p1a: Pecharunt
|-damage|p1a: Pecharunt|45/100
|-enditem|p1a: Pecharunt|Air Balloon
|
|-weather|Sandstorm|[upkeep]
|-damage|p2a: Meowscarada|59/100|[from] Sandstorm
|-damage|p1a: Pecharunt|39/100|[from] Sandstorm
|upkeep
|turn|8
|
|t:|1758299702
|move|p2a: Meowscarada|Taunt|p1a: Pecharunt
|-start|p1a: Pecharunt|move: Taunt
|cant|p1a: Pecharunt|move: Taunt|Recover
|
|-weather|none
|upkeep
|turn|9
|
|t:|1758299712
|switch|p2a: Bene Gesserit|Iron Crown|100/100
|move|p1a: Pecharunt|Malignant Chain|p2a: Bene Gesserit
|-immune|p2a: Bene Gesserit
|
|upkeep
|turn|10
|
|t:|1758299715
|switch|p1a: Tyranitar|Tyranitar, M|100/100
|-damage|p1a: Tyranitar|88/100|[from] Stealth Rock
|-weather|Sandstorm|[from] ability: Sand Stream|[of] p1a: Tyranitar
|move|p2a: Bene Gesserit|Tachyon Cutter|p1a: Tyranitar
|-supereffective|p1a: Tyranitar
|-damage|p1a: Tyranitar|67/100
|-supereffective|p1a: Tyranitar
|-damage|p1a: Tyranitar|48/100
|-hitcount|p1a: Tyranitar|2
|
|-weather|Sandstorm|[upkeep]
|upkeep
|turn|11
|
|t:|1758299730
|switch|p1a: Rotom|Rotom-Wash|88/100
|-damage|p1a: Rotom|75/100|[from] Stealth Rock
|move|p2a: Bene Gesserit|Volt Switch|p1a: Rotom
|-crit|p1a: Rotom
|-damage|p1a: Rotom|41/100
|
|t:|1758299736
|-end|p2a: Bene Gesserit|Quark Drive|[silent]
|switch|p2a: Meowscarada|Meowscarada, F|59/100|[from] Volt Switch
|
|-weather|Sandstorm|[upkeep]
|-damage|p2a: Meowscarada|53/100|[from] Sandstorm
|-damage|p1a: Rotom|35/100|[from] Sandstorm
|-heal|p1a: Rotom|41/100|[from] item: Leftovers
|upkeep
|turn|12
|
|t:|1758299748
|move|p2a: Meowscarada|Knock Off|p1a: Rotom
|-start|p2a: Meowscarada|typechange|Dark|[from] ability: Protean
|-damage|p1a: Rotom|3/100
|-enditem|p1a: Rotom|Leftovers|[from] move: Knock Off|[of] p2a: Meowscarada
|move|p1a: Rotom|Will-O-Wisp|p2a: Meowscarada
|-status|p2a: Meowscarada|brn
|
|-weather|Sandstorm|[upkeep]
|-damage|p2a: Meowscarada|47/100 brn|[from] Sandstorm
|-damage|p1a: Rotom|0 fnt|[from] Sandstorm
|faint|p1a: Rotom
|-damage|p2a: Meowscarada|41/100 brn|[from] brn
|upkeep
|
|t:|1758299752
|switch|p1a: Excadrill|Excadrill, M|87/100
|-damage|p1a: Excadrill|84/100|[from] Stealth Rock
|turn|13
|
|t:|1758299757
|move|p1a: Excadrill|Rapid Spin|p2a: Meowscarada
|-damage|p2a: Meowscarada|3/100 brn
|-boost|p1a: Excadrill|spe|1
|-sideend|p1: 54 Insane Rats|Stealth Rock|[from] move: Rapid Spin|[of] p1a: Excadrill
|-damage|p1a: Excadrill|74/100|[from] item: Life Orb
|move|p2a: Meowscarada|Flower Trick|p1a: Excadrill
|-crit|p1a: Excadrill
|-damage|p1a: Excadrill|52/100
|
|-weather|Sandstorm|[upkeep]
|-damage|p2a: Meowscarada|0 fnt|[from] Sandstorm
|faint|p2a: Meowscarada
|upkeep
|
|t:|1758299762
|switch|p2a: Great Tusk|Great Tusk|66/100
|turn|14
|
|t:|1758299775
|move|p1a: Excadrill|Earthquake|p2a: Great Tusk
|-damage|p2a: Great Tusk|13/100
|-damage|p1a: Excadrill|42/100|[from] item: Life Orb
|move|p2a: Great Tusk|Earthquake|p1a: Excadrill
|-supereffective|p1a: Excadrill
|-damage|p1a: Excadrill|0 fnt
|faint|p1a: Excadrill
|
|-weather|Sandstorm|[upkeep]
|-heal|p2a: Great Tusk|19/100|[from] item: Leftovers
|upkeep
|
|t:|1758299780
|switch|p1a: Garchomp|Garchomp, F|100/100
|turn|15
|
|t:|1758299790
|move|p1a: Garchomp|Earthquake|p2a: Great Tusk
|-damage|p2a: Great Tusk|0 fnt
|faint|p2a: Great Tusk
|-end|p2a: Great Tusk|Protosynthesis|[silent]
|
|-weather|Sandstorm|[upkeep]
|upkeep
|
|t:|1758299801
|switch|p2a: MEGA DRAGONITE|Dragonite, M|100/100
|turn|16
|
|t:|1758299816
|-terastallize|p2a: MEGA DRAGONITE|Flying
|move|p1a: Garchomp|Scale Shot|p2a: MEGA DRAGONITE
|-damage|p2a: MEGA DRAGONITE|93/100
|-damage|p2a: MEGA DRAGONITE|78/100
|-damage|p2a: MEGA DRAGONITE|63/100
|-damage|p2a: MEGA DRAGONITE|48/100
|-damage|p2a: MEGA DRAGONITE|34/100
|-hitcount|p2a: MEGA DRAGONITE|5
|-unboost|p1a: Garchomp|def|1
|-boost|p1a: Garchomp|spe|1
|move|p2a: MEGA DRAGONITE|Ice Spinner|p1a: Garchomp
|-supereffective|p1a: Garchomp
|-damage|p1a: Garchomp|0 fnt
|-damage|p2a: MEGA DRAGONITE|22/100|[from] ability: Rough Skin|[of] p1a: Garchomp
|faint|p1a: Garchomp
|
|-weather|Sandstorm|[upkeep]
|-damage|p2a: MEGA DRAGONITE|15/100|[from] Sandstorm
|upkeep
|
|t:|1758299827
|switch|p1a: Kingambit|Kingambit, M|100/100
|-activate|p1a: Kingambit|ability: Supreme Overlord
|-start|p1a: Kingambit|fallen3|[silent]
|turn|17
|
|t:|1758299834
|move|p2a: MEGA DRAGONITE|Earthquake|p1a: Kingambit
|-supereffective|p1a: Kingambit
|-damage|p1a: Kingambit|42/100
|move|p1a: Kingambit|Swords Dance|p1a: Kingambit
|-boost|p1a: Kingambit|atk|2
|
|-weather|none
|upkeep
|turn|18
|
|t:|1758299838
|move|p1a: Kingambit|Sucker Punch|p2a: MEGA DRAGONITE
|-damage|p2a: MEGA DRAGONITE|0 fnt
|faint|p2a: MEGA DRAGONITE
|
|upkeep
|
|t:|1758299841
|switch|p2a: Lisan Al Gaib|Keldeo|100/100
|turn|19
|
|t:|1758299845
|-terastallize|p1a: Kingambit|Dark
|move|p2a: Lisan Al Gaib|Surf|p1a: Kingambit
|-damage|p1a: Kingambit|0 fnt
|faint|p1a: Kingambit
|-end|p1a: Kingambit|fallen3|[silent]
|
|upkeep
|-message|54 Insane Rats forfeited.
|
|win|rookie22
|raw|54 Insane Rats's rating: 1819 &rarr; <strong>1794</strong><br />(-25 for losing)
|raw|rookie22's rating: 1723 &rarr; <strong>1748</strong><br />(+25 for winning)
|l|☆54 Insane Rats
|player|p1|
|l| fdsfdsfsfsoidsf
|l|☆rookie22
|player|p2|
