|j|☆klaes1
|j|☆Surigato
|t:|1758271903
|gametype|singles
|player|p1|klaes1|170|1117
|player|p2|Surigato|2|1096
|gen|9
|tier|[Gen 9] OU
|rated|
|rule|HP Percentage Mod: HP is shown in percentages
|rule|Endless Battle Clause: Forcing endless battles is banned
|rule|Species Clause: Limit one of each Pokémon
|rule|OHKO Clause: OHKO moves are banned
|rule|Evasion Items Clause: Evasion items are banned
|rule|Evasion Moves Clause: Evasion moves are banned
|rule|Evasion Abilities Clause: Evasion abilities are banned
|rule|Sleep Moves Clause: Sleep-inducing moves are banned
|clearpoke
|poke|p1|Slowking-Galar, M|
|poke|p1|Arcanine-Hisui, F|
|poke|p1|Great Tusk|
|poke|p1|Dragapult, M|
|poke|p1|Darkrai|
|poke|p1|Gliscor, M|
|poke|p2|Serperior, M|
|poke|p2|Blaziken, F|
|poke|p2|Swalot, F|
|poke|p2|Alcremie-Mint-Cream, F|
|poke|p2|Vikavolt, M|
|poke|p2|Kingambit, M|
|teampreview
|inactive|Battle timer is ON: inactive players will automatically lose when time's up. (requested by klaes1)
|
|t:|1758271916
|teamsize|p1|6
|teamsize|p2|6
|start
|switch|p1a: Gliscor|Gliscor, M|100/100
|switch|p2a: Alcremie|Alcremie-Mint-Cream, F|100/100
|turn|1
|
|t:|1758271921
|move|p1a: Gliscor|Knock Off|p2a: Alcremie
|-resisted|p2a: Alcremie
|-damage|p2a: Alcremie|89/100
|-enditem|p2a: Alcremie|Mirror Herb|[from] move: Knock Off|[of] p1a: Gliscor
|move|p2a: Alcremie|Acid Armor|p2a: Alcremie
|-boost|p2a: Alcremie|def|2
|
|-status|p1a: Gliscor|tox|[from] item: Toxic Orb
|upkeep
|turn|2
|
|t:|1758271929
|move|p1a: Gliscor|Spikes|p2a: Alcremie
|-sidestart|p2: Surigato|Spikes
|move|p2a: Alcremie|Acid Armor|p2a: Alcremie
|-boost|p2a: Alcremie|def|2
|
|upkeep
|turn|3
|
|t:|1758271933
|move|p1a: Gliscor|Spikes|p2a: Alcremie
|-sidestart|p2: Surigato|Spikes
|move|p2a: Alcremie|Calm Mind|p2a: Alcremie
|-boost|p2a: Alcremie|spa|1
|-boost|p2a: Alcremie|spd|1
|
|upkeep
|turn|4
|
|t:|1758271937
|move|p1a: Gliscor|U-turn|p2a: Alcremie
|-resisted|p2a: Alcremie
|-damage|p2a: Alcremie|86/100
|
|t:|1758271942
|switch|p1a: Slowking|Slowking-Galar, M|100/100|[from] U-turn
|move|p2a: Alcremie|Calm Mind|p2a: Alcremie
|-boost|p2a: Alcremie|spa|1
|-boost|p2a: Alcremie|spd|1
|
|upkeep
|turn|5
|
|t:|1758271951
|move|p2a: Alcremie|Stored Power|p1a: Slowking
|-damage|p1a: Slowking|32/100
|move|p1a: Slowking|Sludge Bomb|p2a: Alcremie
|-supereffective|p2a: Alcremie
|-damage|p2a: Alcremie|56/100
|-status|p2a: Alcremie|psn
|
|-damage|p2a: Alcremie|44/100 psn|[from] psn
|upkeep
|turn|6
|
|t:|1758271964
|switch|p1a: Darkrai|Darkrai|100/100
|move|p2a: Alcremie|Stored Power|p1a: Darkrai
|-immune|p1a: Darkrai
|
|-damage|p2a: Alcremie|32/100 psn|[from] psn
|upkeep
|turn|7
|
|t:|1758271985
|switch|p1a: Gliscor|Gliscor, M|100/100 tox
|move|p2a: Alcremie|Draining Kiss|p1a: Gliscor
|-damage|p1a: Gliscor|61/100 tox
|-heal|p2a: Alcremie|63/100 psn|[from] drain|[of] p1a: Gliscor
|
|-heal|p1a: Gliscor|74/100 tox|[from] ability: Poison Heal
|-damage|p2a: Alcremie|51/100 psn|[from] psn
|upkeep
|turn|8
|
|t:|1758271993
|move|p1a: Gliscor|Protect|p1a: Gliscor
|-singleturn|p1a: Gliscor|Protect
|move|p2a: Alcremie|Draining Kiss|p1a: Gliscor
|-activate|p1a: Gliscor|move: Protect
|
|-heal|p1a: Gliscor|86/100 tox|[from] ability: Poison Heal
|-damage|p2a: Alcremie|39/100 psn|[from] psn
|upkeep
|turn|9
|
|t:|1758272002
|switch|p1a: Slowking|Slowking-Galar, M|66/100
|move|p2a: Alcremie|Stored Power|p1a: Slowking
|-damage|p1a: Slowking|1/100
|
|-damage|p2a: Alcremie|26/100 psn|[from] psn
|upkeep
|turn|10
|
|t:|1758272018
|switch|p1a: Gliscor|Gliscor, M|86/100 tox
|move|p2a: Alcremie|Stored Power|p1a: Gliscor
|-damage|p1a: Gliscor|0 fnt
|faint|p1a: Gliscor
|
|-damage|p2a: Alcremie|14/100 psn|[from] psn
|upkeep
|
|t:|1758272028
|switch|p1a: Darkrai|Darkrai|100/100
|turn|11
|
|t:|1758272031
|move|p1a: Darkrai|Ice Beam|p2a: Alcremie
|-damage|p2a: Alcremie|0 fnt
|faint|p2a: Alcremie
|-damage|p1a: Darkrai|91/100|[from] item: Life Orb
|
|upkeep
|
|t:|1758272060
|switch|p2a: Blaziken|Blaziken, F, shiny|100/100
|-damage|p2a: Blaziken|84/100|[from] Spikes
|turn|12
|
|t:|1758272067
|switch|p1a: Great Tusk|Great Tusk|100/100
|move|p2a: Blaziken|Focus Energy|p2a: Blaziken
|-start|p2a: Blaziken|move: Focus Energy
|
|-ability|p2a: Blaziken|Speed Boost|boost
|-boost|p2a: Blaziken|spe|1
|upkeep
|turn|13
|
|t:|1758272077
|move|p2a: Blaziken|Overheat|p1a: Great Tusk
|-crit|p1a: Great Tusk
|-damage|p1a: Great Tusk|0 fnt
|-unboost|p2a: Blaziken|spa|2
|faint|p1a: Great Tusk
|-end|p1a: Great Tusk|Protosynthesis|[silent]
|
|-ability|p2a: Blaziken|Speed Boost|boost
|-boost|p2a: Blaziken|spe|1
|upkeep
|
|t:|1758272104
|switch|p1a: Arcanine|Arcanine-Hisui, F|100/100
|turn|14
|
|t:|1758272111
|-terastallize|p1a: Arcanine|Normal
|move|p1a: Arcanine|Extreme Speed|p2a: Blaziken
|-damage|p2a: Blaziken|4/100
|move|p2a: Blaziken|Close Combat|p1a: Arcanine
|-supereffective|p1a: Arcanine
|-crit|p1a: Arcanine
|-damage|p1a: Arcanine|0 fnt
|-unboost|p2a: Blaziken|def|1
|-unboost|p2a: Blaziken|spd|1
|faint|p1a: Arcanine
|
|-ability|p2a: Blaziken|Speed Boost|boost
|-boost|p2a: Blaziken|spe|1
|upkeep
|
|t:|1758272122
|switch|p1a: Slowking|Slowking-Galar, M|35/100
|turn|15
|
|t:|1758272127
|move|p2a: Blaziken|Overheat|p1a: Slowking
|-crit|p1a: Slowking
|-damage|p1a: Slowking|0 fnt
|-unboost|p2a: Blaziken|spa|2
|faint|p1a: Slowking
|
|-ability|p2a: Blaziken|Speed Boost|boost
|-boost|p2a: Blaziken|spe|1
|upkeep
|
|t:|1758272133
|switch|p1a: Dragapult|Dragapult, M|100/100
|turn|16
|
|t:|1758272137
|move|p2a: Blaziken|Overheat|p1a: Dragapult
|-resisted|p1a: Dragapult
|-crit|p1a: Dragapult
|-damage|p1a: Dragapult|40/100
|-unboost|p2a: Blaziken|spa|2
|move|p1a: Dragapult|Hex|p2a: Blaziken
|-damage|p2a: Blaziken|0 fnt
|faint|p2a: Blaziken
|
|upkeep
|
|t:|1758272147
|switch|p2a: Kingambit|Kingambit, M, shiny|100/100
|-damage|p2a: Kingambit|84/100|[from] Spikes
|turn|17
|
|t:|1758272155
|move|p2a: Kingambit|Protect|p2a: Kingambit
|-singleturn|p2a: Kingambit|Protect
|move|p1a: Dragapult|Will-O-Wisp|p2a: Kingambit
|-activate|p2a: Kingambit|move: Protect
|
|upkeep
|turn|18
|
|t:|1758272164
|move|p1a: Dragapult|Will-O-Wisp|p2a: Kingambit
|-status|p2a: Kingambit|brn
|move|p2a: Kingambit|Kowtow Cleave|p1a: Dragapult
|-supereffective|p1a: Dragapult
|-damage|p1a: Dragapult|0 fnt
|faint|p1a: Dragapult
|-damage|p2a: Kingambit|74/100 brn|[from] item: Life Orb
|
|-damage|p2a: Kingambit|68/100 brn|[from] brn
|upkeep
|
|t:|1758272170
|switch|p1a: Darkrai|Darkrai|91/100
|turn|19
|
|t:|1758272174
|move|p1a: Darkrai|Focus Blast|p2a: Kingambit
|-supereffective|p2a: Kingambit
|-damage|p2a: Kingambit|0 fnt
|faint|p2a: Kingambit
|-damage|p1a: Darkrai|81/100|[from] item: Life Orb
|
|upkeep
|
|t:|1758272179
|switch|p2a: Vikavolt|Vikavolt, M, shiny|100/100
|turn|20
|
|t:|1758272186
|move|p1a: Darkrai|Ice Beam|p2a: Vikavolt
|-damage|p2a: Vikavolt|37/100
|-damage|p1a: Darkrai|71/100|[from] item: Life Orb
|move|p2a: Vikavolt|Agility|p2a: Vikavolt
|-boost|p2a: Vikavolt|spe|2
|
|upkeep
|turn|21
|
|t:|1758272191
|-terastallize|p2a: Vikavolt|Bug
|move|p2a: Vikavolt|Bug Buzz|p1a: Darkrai
|-supereffective|p1a: Darkrai
|-damage|p1a: Darkrai|0 fnt
|faint|p1a: Darkrai
|-enditem|p2a: Vikavolt|Throat Spray
|
|win|Surigato
|raw|klaes1's rating: 1117 &rarr; <strong>1090</strong><br />(-27 for losing)
|raw|Surigato's rating: 1096 &rarr; <strong>1123</strong><br />(+27 for winning)
|l|☆klaes1
|player|p1|
|l|☆Surigato
|player|p2|
