|j|☆Herris456
|j|☆heal_fire
|t:|1758316088
|gametype|singles
|player|p1|Herris456|pryce|1425
|player|p2|heal_fire|ghetsis|1379
|gen|9
|tier|[Gen 9] OU
|rated|
|rule|HP Percentage Mod: HP is shown in percentages
|rule|Endless Battle Clause: Forcing endless battles is banned
|rule|Species Clause: Limit one of each Pokémon
|rule|OHKO Clause: OHKO moves are banned
|rule|Evasion Items Clause: Evasion items are banned
|rule|Evasion Moves Clause: Evasion moves are banned
|rule|Evasion Abilities Clause: Evasion abilities are banned
|rule|Sleep Moves Clause: Sleep-inducing moves are banned
|clearpoke
|poke|p1|Kyurem|
|poke|p1|Araquanid, F|
|poke|p1|Dragapult, F|
|poke|p1|Slowking-Galar, F|
|poke|p1|Rillaboom, M|
|poke|p1|Cinderace, F|
|poke|p2|Pelipper, M|
|poke|p2|Iron Treads|
|poke|p2|Ludicolo, M|
|poke|p2|Barraskewda, F|
|poke|p2|Raging Bolt|
|poke|p2|Gliscor, M|
|teampreview
|inactive|Battle timer is ON: inactive players will automatically lose when time's up. (requested by heal_fire)
|c|☆heal_fire|SORRY
|inactiveoff|Battle timer is now OFF.
|
|t:|1758316191
|teamsize|p1|6
|teamsize|p2|6
|start
|switch|p1a: Araquanid|Araquanid, F|100/100
|switch|p2a: Grosse mouette|Pelipper, M|100/100
|-weather|RainDance|[from] ability: Drizzle|[of] p2a: Grosse mouette
|turn|1
|
|t:|1758316200
|move|p1a: Araquanid|Endure|p1a: Araquanid
|-singleturn|p1a: Araquanid|move: Endure
|move|p2a: Grosse mouette|Hurricane|p1a: Araquanid
|-supereffective|p1a: Araquanid
|-damage|p1a: Araquanid|46/100
|
|-weather|RainDance|[upkeep]
|upkeep
|turn|2
|inactive|Battle timer is ON: inactive players will automatically lose when time's up. (requested by heal_fire)
|
|t:|1758316215
|switch|p1a: Slowking|Slowking-Galar, F|100/100
|move|p2a: Grosse mouette|Hurricane|p1a: Slowking
|-damage|p1a: Slowking|78/100
|
|-weather|RainDance|[upkeep]
|upkeep
|turn|3
|
|t:|1758316218
|move|p2a: Grosse mouette|U-turn|p1a: Slowking
|-damage|p1a: Slowking|68/100
|
|t:|1758316220
|switch|p2a: Mad max|Iron Treads|100/100|[from] U-turn
|-enditem|p2a: Mad max|Booster Energy
|-activate|p2a: Mad max|ability: Quark Drive|[fromitem]
|-start|p2a: Mad max|quarkdrivespe
|-prepare|p1a: Slowking|Chilly Reception|[premajor]
|move|p1a: Slowking|Chilly Reception|p1a: Slowking
|-weather|Snowscape
|
|t:|1758316227
|switch|p1a: Araquanid|Araquanid, F|46/100|[from] Chilly Reception
|
|-weather|Snowscape|[upkeep]
|upkeep
|turn|4
|
|t:|1758316254
|move|p2a: Mad max|Volt Switch|p1a: Araquanid
|-supereffective|p1a: Araquanid
|-damage|p1a: Araquanid|29/100
|inactive|heal_fire has 120 seconds left.
|
|t:|1758316267
|-end|p2a: Mad max|Quark Drive|[silent]
|switch|p2a: Assault vest|Raging Bolt|100/100|[from] Volt Switch
|move|p1a: Araquanid|Sticky Web|p2a: Assault vest
|-sidestart|p2: heal_fire|move: Sticky Web
|
|-weather|Snowscape|[upkeep]
|upkeep
|turn|5
|
|t:|1758316276
|move|p2a: Assault vest|Thunderclap|p1a: Araquanid
|-supereffective|p1a: Araquanid
|-damage|p1a: Araquanid|0 fnt
|faint|p1a: Araquanid
|
|-weather|Snowscape|[upkeep]
|upkeep
|
|t:|1758316284
|switch|p1a: Kyurem|Kyurem|100/100
|-ability|p1a: Kyurem|Pressure
|turn|6
|
|t:|1758316298
|-end|p2a: Assault vest|Protosynthesis|[silent]
|switch|p2a: Grosse mouette|Pelipper, M|100/100
|-weather|RainDance|[from] ability: Drizzle|[of] p2a: Grosse mouette
|move|p1a: Kyurem|Freeze-Dry|p2a: Grosse mouette
|-supereffective|p2a: Grosse mouette
|-damage|p2a: Grosse mouette|0 fnt
|faint|p2a: Grosse mouette
|
|-weather|RainDance|[upkeep]
|upkeep
|c|☆heal_fire|ah shit
|c|☆heal_fire|that was unexpected
|
|t:|1758316311
|switch|p2a: Mad max|Iron Treads|100/100
|-activate|p2a: Mad max|move: Sticky Web
|-unboost|p2a: Mad max|spe|1
|turn|7
|
|t:|1758316314
|move|p1a: Kyurem|Freeze-Dry|p2a: Mad max
|-damage|p2a: Mad max|21/100
|move|p2a: Mad max|Rapid Spin|p1a: Kyurem
|-damage|p1a: Kyurem|85/100
|-boost|p2a: Mad max|spe|1
|-sideend|p2: heal_fire|Sticky Web|[from] move: Rapid Spin|[of] p2a: Mad max
|
|-weather|RainDance|[upkeep]
|upkeep
|turn|8
|
|t:|1758316327
|switch|p1a: Cinderace|Cinderace, F|100/100
|move|p2a: Mad max|Stealth Rock|p1a: Cinderace
|-sidestart|p1: Herris456|move: Stealth Rock
|
|-weather|RainDance|[upkeep]
|upkeep
|turn|9
|
|t:|1758316335
|move|p1a: Cinderace|Pyro Ball|p2a: Mad max
|-supereffective|p2a: Mad max
|-damage|p2a: Mad max|0 fnt
|faint|p2a: Mad max
|-end|p2a: Mad max|Quark Drive|[silent]
|
|-weather|RainDance|[upkeep]
|upkeep
|
|t:|1758316351
|switch|p2a: Ananas|Ludicolo, M|100/100
|turn|10
|
|t:|1758316357
|switch|p1a: Dragapult|Dragapult, F|100/100
|-damage|p1a: Dragapult|88/100|[from] Stealth Rock
|move|p2a: Ananas|Hydro Pump|p1a: Dragapult|[miss]
|-miss|p2a: Ananas|p1a: Dragapult
|
|-weather|RainDance|[upkeep]
|upkeep
|turn|11
|
|t:|1758316360
|move|p2a: Ananas|Ice Beam|p1a: Dragapult
|-supereffective|p1a: Dragapult
|-damage|p1a: Dragapult|0 fnt
|faint|p1a: Dragapult
|-damage|p2a: Ananas|91/100|[from] item: Life Orb
|
|-weather|RainDance|[upkeep]
|upkeep
|
|t:|1758316368
|switch|p1a: Slowking|Slowking-Galar, F|100/100
|turn|12
|
|t:|1758316373
|move|p2a: Ananas|Hydro Pump|p1a: Slowking
|-damage|p1a: Slowking|47/100
|-damage|p2a: Ananas|81/100|[from] item: Life Orb
|-prepare|p1a: Slowking|Chilly Reception|[premajor]
|move|p1a: Slowking|Chilly Reception|p1a: Slowking
|-weather|Snowscape
|
|t:|1758316382
|switch|p1a: Kyurem|Kyurem|85/100|[from] Chilly Reception
|-damage|p1a: Kyurem|60/100|[from] Stealth Rock
|-ability|p1a: Kyurem|Pressure
|
|-weather|Snowscape|[upkeep]
|upkeep
|turn|13
|
|t:|1758316390
|move|p1a: Kyurem|Freeze-Dry|p2a: Ananas
|-supereffective|p2a: Ananas
|-damage|p2a: Ananas|0 fnt
|faint|p2a: Ananas
|
|-weather|Snowscape|[upkeep]
|upkeep
|
|t:|1758316394
|switch|p2a: Assault vest|Raging Bolt|100/100
|turn|14
|
|t:|1758316399
|-terastallize|p2a: Assault vest|Electric
|move|p1a: Kyurem|Freeze-Dry|p2a: Assault vest
|-damage|p2a: Assault vest|48/100
|move|p2a: Assault vest|Draco Meteor|p1a: Kyurem
|-supereffective|p1a: Kyurem
|-damage|p1a: Kyurem|0 fnt
|-unboost|p2a: Assault vest|spa|2
|faint|p1a: Kyurem
|
|-weather|Snowscape|[upkeep]
|upkeep
|
|t:|1758316411
|switch|p1a: Slowking|Slowking-Galar, F|80/100
|turn|15
|
|t:|1758316418
|-end|p2a: Assault vest|Protosynthesis|[silent]
|switch|p2a: Scordrong|Gliscor, M|100/100
|move|p1a: Slowking|Future Sight|p2a: Scordrong
|-start|p1a: Slowking|move: Future Sight
|
|-weather|Snowscape|[upkeep]
|-status|p2a: Scordrong|tox|[from] item: Toxic Orb
|upkeep
|turn|16
|
|t:|1758316423
|move|p2a: Scordrong|Earthquake|p1a: Slowking
|-supereffective|p1a: Slowking
|-damage|p1a: Slowking|15/100
|-prepare|p1a: Slowking|Chilly Reception|[premajor]
|move|p1a: Slowking|Chilly Reception|p1a: Slowking
|
|t:|1758316429
|switch|p1a: Cinderace|Cinderace, F|100/100|[from] Chilly Reception
|
|-weather|none
|upkeep
|turn|17
|
|t:|1758316435
|move|p1a: Cinderace|Court Change|p1a: Cinderace
|-swapsideconditions
|-activate|p1a: Cinderace|move: Court Change
|move|p2a: Scordrong|Earthquake|p1a: Cinderace
|-supereffective|p1a: Cinderace
|-damage|p1a: Cinderace|25/100
|
|-end|p2a: Scordrong|move: Future Sight
|-damage|p2a: Scordrong|46/100 tox
|-heal|p2a: Scordrong|59/100 tox|[from] ability: Poison Heal
|upkeep
|turn|18
|
|t:|1758316444
|move|p1a: Cinderace|U-turn|p2a: Scordrong
|-resisted|p2a: Scordrong
|-damage|p2a: Scordrong|51/100 tox
|
|t:|1758316447
|switch|p1a: Rillaboom|Rillaboom, M|100/100|[from] U-turn
|-fieldstart|move: Grassy Terrain|[from] ability: Grassy Surge|[of] p1a: Rillaboom
|move|p2a: Scordrong|Earthquake|p1a: Rillaboom
|-resisted|p1a: Rillaboom
|-damage|p1a: Rillaboom|91/100
|
|-heal|p1a: Rillaboom|98/100|[from] Grassy Terrain
|-heal|p2a: Scordrong|63/100 tox|[from] ability: Poison Heal
|upkeep
|turn|19
|
|t:|1758316456
|-terastallize|p1a: Rillaboom|Grass
|move|p2a: Scordrong|Protect|p2a: Scordrong
|-singleturn|p2a: Scordrong|Protect
|move|p1a: Rillaboom|Grassy Glide|p2a: Scordrong
|-activate|p2a: Scordrong|move: Protect
|
|-heal|p1a: Rillaboom|100/100|[from] Grassy Terrain
|-heal|p2a: Scordrong|76/100 tox|[from] ability: Poison Heal
|upkeep
|turn|20
|
|t:|1758316470
|move|p1a: Rillaboom|Grassy Glide|p2a: Scordrong
|-damage|p2a: Scordrong|12/100 tox
|move|p2a: Scordrong|Knock Off|p1a: Rillaboom
|-crit|p1a: Rillaboom
|-damage|p1a: Rillaboom|65/100
|-enditem|p1a: Rillaboom|Choice Band|[from] move: Knock Off|[of] p2a: Scordrong
|
|-heal|p1a: Rillaboom|71/100|[from] Grassy Terrain
|-heal|p2a: Scordrong|24/100 tox|[from] ability: Poison Heal
|upkeep
|turn|21
|
|t:|1758316476
|move|p2a: Scordrong|Protect|p2a: Scordrong
|-singleturn|p2a: Scordrong|Protect
|move|p1a: Rillaboom|Grassy Glide|p2a: Scordrong
|-activate|p2a: Scordrong|move: Protect
|
|-heal|p1a: Rillaboom|77/100|[from] Grassy Terrain
|-heal|p2a: Scordrong|36/100 tox|[from] ability: Poison Heal
|upkeep
|turn|22
|
|t:|1758316486
|switch|p2a: Assault vest|Raging Bolt, tera:Electric|48/100
|-damage|p2a: Assault vest|36/100|[from] Stealth Rock
|move|p1a: Rillaboom|U-turn|p2a: Assault vest
|-damage|p2a: Assault vest|16/100
|
|t:|1758316493
|switch|p1a: Slowking|Slowking-Galar, F|48/100|[from] U-turn
|
|-heal|p2a: Assault vest|22/100|[from] Grassy Terrain
|-heal|p1a: Slowking|54/100|[from] Grassy Terrain
|-fieldend|move: Grassy Terrain
|upkeep
|turn|23
|
|t:|1758316504
|move|p2a: Assault vest|Draco Meteor|p1a: Slowking|[miss]
|-miss|p2a: Assault vest|p1a: Slowking
|move|p1a: Slowking|Future Sight|p2a: Assault vest
|-start|p1a: Slowking|move: Future Sight
|
|upkeep
|turn|24
|
|t:|1758316508
|move|p2a: Assault vest|Draco Meteor|p1a: Slowking
|-damage|p1a: Slowking|0 fnt
|-unboost|p2a: Assault vest|spa|2
|faint|p1a: Slowking
|
|upkeep
|
|t:|1758316514
|switch|p1a: Cinderace|Cinderace, F|25/100
|turn|25
|
|t:|1758316519
|move|p1a: Cinderace|Pyro Ball|p2a: Assault vest|[miss]
|-miss|p1a: Cinderace|p2a: Assault vest
|move|p2a: Assault vest|Draco Meteor|p1a: Cinderace
|-damage|p1a: Cinderace|0 fnt
|-unboost|p2a: Assault vest|spa|2
|faint|p1a: Cinderace
|
|-end|p2a: Assault vest|move: Future Sight
|-damage|p2a: Assault vest|0 fnt
|faint|p2a: Assault vest
|-end|p2a: Assault vest|Protosynthesis|[silent]
|upkeep
|
|t:|1758316526
|switch|p1a: Rillaboom|Rillaboom, M, tera:Grass|77/100
|switch|p2a: Scordrong|Gliscor, M|36/100 tox
|-damage|p2a: Scordrong|24/100 tox|[from] Stealth Rock
|-fieldstart|move: Grassy Terrain|[from] ability: Grassy Surge|[of] p1a: Rillaboom
|turn|26
|
|t:|1758316535
|move|p2a: Scordrong|Protect|p2a: Scordrong
|-singleturn|p2a: Scordrong|Protect
|move|p1a: Rillaboom|Grassy Glide|p2a: Scordrong
|-activate|p2a: Scordrong|move: Protect
|
|-heal|p1a: Rillaboom|83/100|[from] Grassy Terrain
|-heal|p2a: Scordrong|36/100 tox|[from] ability: Poison Heal
|upkeep
|turn|27
|
|t:|1758316545
|move|p1a: Rillaboom|Grassy Glide|p2a: Scordrong
|-damage|p2a: Scordrong|0 fnt
|faint|p2a: Scordrong
|
|-heal|p1a: Rillaboom|89/100|[from] Grassy Terrain
|upkeep
|
|t:|1758316549
|switch|p2a: barracuda|Barraskewda, F|100/100
|-damage|p2a: barracuda|88/100|[from] Stealth Rock
|turn|28
|
|t:|1758316554
|move|p1a: Rillaboom|Grassy Glide|p2a: barracuda
|-supereffective|p2a: barracuda
|-damage|p2a: barracuda|0 fnt
|faint|p2a: barracuda
|
|win|Herris456
|raw|Herris456's rating: 1425 &rarr; <strong>1442</strong><br />(+17 for winning)
|raw|heal_fire's rating: 1379 &rarr; <strong>1362</strong><br />(-17 for losing)
|l|☆heal_fire
|player|p2|
|l|☆Herris456
|player|p1|
