|j|☆mattcoolcat98
|j|☆RoddyJ
|t:|1758320699
|gametype|singles
|player|p1|mattcoolcat98|101|1577
|player|p2|RoddyJ|ethan|1574
|gen|9
|tier|[Gen 9] OU
|rated|
|rule|HP Percentage Mod: HP is shown in percentages
|rule|Endless Battle Clause: Forcing endless battles is banned
|rule|Species Clause: Limit one of each Pokémon
|rule|OHKO Clause: OHKO moves are banned
|rule|Evasion Items Clause: Evasion items are banned
|rule|Evasion Moves Clause: Evasion moves are banned
|rule|Evasion Abilities Clause: Evasion abilities are banned
|rule|Sleep Moves Clause: Sleep-inducing moves are banned
|clearpoke
|poke|p1|Pelipper, F|
|poke|p1|Hatterene, F|
|poke|p1|Iron Treads|
|poke|p1|Toxicroak, F|
|poke|p1|Barraskewda, F|
|poke|p1|Zapdos|
|poke|p2|Iron Crown|
|poke|p2|Articuno-Galar|
|poke|p2|Blaziken, M|
|poke|p2|Dragapult, F|
|poke|p2|Kyurem|
|poke|p2|Glimmora, F|
|teampreview
|inactive|Battle timer is ON: inactive players will automatically lose when time's up. (requested by RoddyJ)
|
|t:|1758320729
|teamsize|p1|6
|teamsize|p2|6
|start
|switch|p1a: Pelipper|Pelipper, F|100/100
|switch|p2a: Kyurem|Kyurem, shiny|100/100
|-ability|p2a: Kyurem|Pressure
|-weather|RainDance|[from] ability: Drizzle|[of] p1a: Pelipper
|turn|1
|inactive|mattcoolcat98 has 120 seconds left.
|
|t:|1758320770
|switch|p1a: Iron Treads|Iron Treads|100/100
|move|p2a: Kyurem|Freeze-Dry|p1a: Iron Treads
|-damage|p1a: Iron Treads|62/100
|
|-weather|RainDance|[upkeep]
|-heal|p1a: Iron Treads|68/100|[from] item: Leftovers
|upkeep
|turn|2
|inactive|mattcoolcat98 has 90 seconds left.
|
|t:|1758320805
|move|p2a: Kyurem|Earth Power|p1a: Iron Treads
|-supereffective|p1a: Iron Treads
|-damage|p1a: Iron Treads|16/100
|move|p1a: Iron Treads|Stealth Rock|p2a: Kyurem
|-sidestart|p2: RoddyJ|move: Stealth Rock
|
|-weather|RainDance|[upkeep]
|-heal|p1a: Iron Treads|22/100|[from] item: Leftovers
|upkeep
|turn|3
|inactive|mattcoolcat98 has 90 seconds left.
|
|t:|1758320815
|move|p2a: Kyurem|Ice Beam|p1a: Iron Treads
|-damage|p1a: Iron Treads|0 fnt
|faint|p1a: Iron Treads
|-end|p1a: Iron Treads|Quark Drive|[silent]
|
|-weather|RainDance|[upkeep]
|upkeep
|inactive|mattcoolcat98 has 90 seconds left.
|
|t:|1758320832
|switch|p1a: Barraskewda|Barraskewda, F|100/100
|turn|4
|
|t:|1758320846
|move|p1a: Barraskewda|Close Combat|p2a: Kyurem
|-supereffective|p2a: Kyurem
|-damage|p2a: Kyurem|0 fnt
|-unboost|p1a: Barraskewda|def|1
|-unboost|p1a: Barraskewda|spd|1
|faint|p2a: Kyurem
|
|-weather|RainDance|[upkeep]
|upkeep
|
|t:|1758320852
|switch|p2a: Glimmora|Glimmora, F, shiny|100/100
|-damage|p2a: Glimmora|88/100|[from] Stealth Rock
|-item|p2a: Glimmora|Air Balloon
|turn|5
|
|t:|1758320858
|switch|p1a: Hatterene|Hatterene, F|100/100
|move|p2a: Glimmora|Mortal Spin|p1a: Hatterene
|-supereffective|p1a: Hatterene
|-damage|p1a: Hatterene|90/100
|-status|p1a: Hatterene|psn
|-sideend|p2: RoddyJ|Stealth Rock|[from] move: Mortal Spin|[of] p2a: Glimmora
|-enditem|p1a: Hatterene|Eject Button
|inactive|mattcoolcat98 has 90 seconds left.
|
|t:|1758320868
|switch|p1a: Barraskewda|Barraskewda, F|100/100
|
|-weather|RainDance|[upkeep]
|upkeep
|turn|6
|
|t:|1758320880
|move|p1a: Barraskewda|Flip Turn|p2a: Glimmora
|-supereffective|p2a: Glimmora
|-damage|p2a: Glimmora|0 fnt
|-activate|p2a: Glimmora|ability: Toxic Debris
|-sidestart|p1: mattcoolcat98|move: Toxic Spikes
|-enditem|p2a: Glimmora|Air Balloon
|faint|p2a: Glimmora
|
|t:|1758320892
|switch|p1a: Toxicroak|Toxicroak, F|100/100|[from] Flip Turn
|-sideend|p1: mattcoolcat98|move: Toxic Spikes|[of] p1a: Toxicroak
|
|-weather|RainDance|[upkeep]
|upkeep
|inactive|RoddyJ has 120 seconds left.
|
|t:|1758320946
|switch|p2a: Iron Crown|Iron Crown|100/100
|turn|7
|inactive|mattcoolcat98 has 90 seconds left.
|
|t:|1758320978
|switch|p1a: Hatterene|Hatterene, F|90/100 psn
|move|p2a: Iron Crown|Agility|p2a: Iron Crown
|-boost|p2a: Iron Crown|spe|2
|
|-weather|RainDance|[upkeep]
|-damage|p1a: Hatterene|78/100 psn|[from] psn
|upkeep
|turn|8
|
|t:|1758321004
|move|p2a: Iron Crown|Calm Mind|p2a: Iron Crown
|-boost|p2a: Iron Crown|spa|1
|-boost|p2a: Iron Crown|spd|1
|move|p1a: Hatterene|Nuzzle|p2a: Iron Crown
|-damage|p2a: Iron Crown|97/100
|-status|p2a: Iron Crown|par
|
|-weather|none
|-damage|p1a: Hatterene|66/100 psn|[from] psn
|upkeep
|turn|9
|inactive|mattcoolcat98 has 90 seconds left.
|inactive|RoddyJ has 90 seconds left.
|inactive|RoddyJ has 60 seconds left.
|
|t:|1758321052
|move|p2a: Iron Crown|Agility|p2a: Iron Crown
|-boost|p2a: Iron Crown|spe|2
|move|p1a: Hatterene|Healing Wish|p1a: Hatterene
|faint|p1a: Hatterene
|
|upkeep
|
|t:|1758321064
|switch|p1a: Pelipper|Pelipper, F|100/100
|-weather|RainDance|[from] ability: Drizzle|[of] p1a: Pelipper
|turn|10
|inactive|RoddyJ has 60 seconds left.
|
|t:|1758321109
|cant|p2a: Iron Crown|par
|move|p1a: Pelipper|U-turn|p2a: Iron Crown
|-damage|p2a: Iron Crown|89/100 par
|
|t:|1758321115
|switch|p1a: Barraskewda|Barraskewda, F|100/100|[from] U-turn
|
|-weather|RainDance|[upkeep]
|upkeep
|turn|11
|inactive|mattcoolcat98 has 90 seconds left.
|
|t:|1758321126
|-terastallize|p1a: Barraskewda|Water
|move|p1a: Barraskewda|Liquidation|p2a: Iron Crown
|-damage|p2a: Iron Crown|0 fnt
|faint|p2a: Iron Crown
|-end|p2a: Iron Crown|Quark Drive|[silent]
|
|-weather|RainDance|[upkeep]
|upkeep
|inactive|RoddyJ has 30 seconds left.
|
|t:|1758321143
|switch|p2a: Blaziken|Blaziken, M, shiny|100/100
|turn|12
|
|t:|1758321146
|move|p1a: Barraskewda|Liquidation|p2a: Blaziken
|-supereffective|p2a: Blaziken
|-enditem|p2a: Blaziken|Focus Sash
|-damage|p2a: Blaziken|1/100
|move|p2a: Blaziken|Reversal|p1a: Barraskewda
|-damage|p1a: Barraskewda|0 fnt
|faint|p1a: Barraskewda
|
|-weather|RainDance|[upkeep]
|-ability|p2a: Blaziken|Speed Boost|boost
|-boost|p2a: Blaziken|spe|1
|upkeep
|c|☆mattcoolcat98|oof
|
|t:|1758321161
|switch|p1a: Toxicroak|Toxicroak, F|100/100
|turn|13
|inactive|RoddyJ has 30 seconds left.
|inactive|RoddyJ has 20 seconds left.
|
|t:|1758321201
|move|p2a: Blaziken|Reversal|p1a: Toxicroak
|-resisted|p1a: Toxicroak
|-damage|p1a: Toxicroak|55/100
|-damage|p2a: Blaziken|0 fnt|[from] item: Rocky Helmet|[of] p1a: Toxicroak
|faint|p2a: Blaziken
|move|p1a: Toxicroak|Knock Off|p2: Blaziken|[notarget]
|-fail|p1a: Toxicroak
|
|-weather|RainDance|[upkeep]
|-heal|p1a: Toxicroak|67/100|[from] ability: Dry Skin
|upkeep
|inactive|RoddyJ has 25 seconds left this turn.
|inactive|RoddyJ has 20 seconds left.
|
|t:|1758321207
|switch|p2a: Dragapult|Dragapult, F, shiny|100/100
|turn|14
|inactive|RoddyJ has 30 seconds left this turn.
|
|t:|1758321211
|move|p2a: Dragapult|Dragon Darts|p1a: Toxicroak
|-damage|p1a: Toxicroak|32/100
|-anim|p2a: Dragapult|Dragon Darts|p1a: Toxicroak
|-damage|p1a: Toxicroak|0 fnt
|faint|p1a: Toxicroak
|
|-weather|RainDance|[upkeep]
|upkeep
|inactive|mattcoolcat98 has 120 seconds left.
|
|t:|1758321217
|switch|p1a: Zapdos|Zapdos|100/100
|turn|15
|
|t:|1758321229
|switch|p2a: Articuno|Articuno-Galar, shiny|100/100
|move|p1a: Zapdos|Hurricane|p2a: Articuno
|-damage|p2a: Articuno|22/100
|
|-weather|RainDance|[upkeep]
|upkeep
|turn|16
|
|t:|1758321237
|move|p1a: Zapdos|Hurricane|p2a: Articuno
|-damage|p2a: Articuno|0 fnt
|faint|p2a: Articuno
|
|-weather|RainDance|[upkeep]
|upkeep
|
|t:|1758321245
|switch|p2a: Dragapult|Dragapult, F, shiny|100/100
|turn|17
|
|t:|1758321251
|-terastallize|p2a: Dragapult|Dragon
|move|p2a: Dragapult|Outrage|p1a: Zapdos
|-damage|p1a: Zapdos|0 fnt
|faint|p1a: Zapdos
|
|-weather|none
|upkeep
|
|t:|1758321258
|switch|p1a: Pelipper|Pelipper, F|100/100
|-weather|RainDance|[from] ability: Drizzle|[of] p1a: Pelipper
|turn|18
|inactive|RoddyJ has 60 seconds left.
|
|t:|1758321278
|move|p2a: Dragapult|Outrage|p1a: Pelipper|[from] lockedmove
|-damage|p1a: Pelipper|0 fnt
|faint|p1a: Pelipper
|-start|p2a: Dragapult|confusion|[fatigue]
|
|win|RoddyJ
|raw|mattcoolcat98's rating: 1577 &rarr; <strong>1557</strong><br />(-20 for losing)
|raw|RoddyJ's rating: 1574 &rarr; <strong>1594</strong><br />(+20 for winning)
|l|☆mattcoolcat98
|player|p1|
