|j|☆GFYSYDAR
|j|☆metalsandy
|t:|1758299492
|gametype|singles
|player|p1|GFYSYDAR|scientist-gen4dp|1306
|player|p2|metalsandy|bruno|1258
|gen|9
|tier|[Gen 9] OU
|rated|
|rule|HP Percentage Mod: HP is shown in percentages
|rule|Endless Battle Clause: Forcing endless battles is banned
|rule|Species Clause: Limit one of each Pokémon
|rule|OHKO Clause: OHKO moves are banned
|rule|Evasion Items Clause: Evasion items are banned
|rule|Evasion Moves Clause: Evasion moves are banned
|rule|Evasion Abilities Clause: Evasion abilities are banned
|rule|Sleep Moves Clause: Sleep-inducing moves are banned
|clearpoke
|poke|p1|Electrode-Hisui|
|poke|p1|Gallade, M|
|poke|p1|Slowking-Galar, F|
|poke|p1|Alomomola, F|
|poke|p1|Great Tusk|
|poke|p1|Landorus-Therian, M|
|poke|p2|Cinderace, F|
|poke|p2|Darkrai|
|poke|p2|Gholdengo|
|poke|p2|Ogerpon-Wellspring, F|
|poke|p2|Iron Moth|
|poke|p2|Kleavor, F|
|teampreview
|inactive|Battle timer is ON: inactive players will automatically lose when time's up. (requested by GFYSYDAR)
|
|t:|1758299502
|teamsize|p1|6
|teamsize|p2|6
|start
|switch|p1a: Alomomola|Alomomola, F, shiny|100/100
|switch|p2a: Darkrai|Darkrai|100/100
|turn|1
|
|t:|1758299509
|move|p2a: Darkrai|Trick|p1a: Alomomola
|-activate|p2a: Darkrai|move: Trick|[of] p1a: Alomomola
|-item|p1a: Alomomola|Choice Specs|[from] move: Trick
|-item|p2a: Darkrai|Heavy-Duty Boots|[from] move: Trick
|move|p1a: Alomomola|Body Slam|p2a: Darkrai
|-damage|p2a: Darkrai|78/100
|
|upkeep
|turn|2
|
|t:|1758299520
|switch|p2a: Gholdengo|Gholdengo|100/100
|-item|p2a: Gholdengo|Air Balloon
|switch|p1a: Electrode|Electrode-Hisui, shiny|100/100
|
|upkeep
|turn|3
|
|t:|1758299531
|switch|p2a: Kleavor|Kleavor, F|100/100
|move|p1a: Electrode|Volt Switch|p2a: Kleavor
|-damage|p2a: Kleavor|39/100
|
|t:|1758299536
|switch|p1a: Landorus|Landorus-Therian, M|100/100|[from] Volt Switch
|-ability|p1a: Landorus|Intimidate|boost
|-unboost|p2a: Kleavor|atk|1
|
|upkeep
|turn|4
|
|t:|1758299553
|move|p2a: Kleavor|Stone Axe|p1a: Landorus
|-damage|p1a: Landorus|63/100
|-damage|p2a: Kleavor|23/100|[from] item: Rocky Helmet|[of] p1a: Landorus
|-sidestart|p1: GFYSYDAR|move: Stealth Rock
|move|p1a: Landorus|Stealth Rock|p2a: Kleavor
|-sidestart|p2: metalsandy|move: Stealth Rock
|
|upkeep
|turn|5
|
|t:|1758299567
|switch|p1a: Great Tusk|Great Tusk|100/100
|move|p2a: Kleavor|Stone Axe|p1a: Great Tusk|[miss]
|-miss|p2a: Kleavor|p1a: Great Tusk
|
|upkeep
|turn|6
|
|t:|1758299576
|switch|p2a: Gholdengo|Gholdengo|100/100
|-damage|p2a: Gholdengo|94/100|[from] Stealth Rock
|-item|p2a: Gholdengo|Air Balloon
|move|p1a: Great Tusk|Ice Spinner|p2a: Gholdengo
|-resisted|p2a: Gholdengo
|-damage|p2a: Gholdengo|86/100
|-enditem|p2a: Gholdengo|Air Balloon
|
|upkeep
|turn|7
|
|t:|1758299590
|-end|p1a: Great Tusk|Protosynthesis|[silent]
|switch|p1a: Alomomola|Alomomola, F, shiny|100/100
|-damage|p1a: Alomomola|88/100|[from] Stealth Rock
|switch|p2a: Kleavor|Kleavor, F|23/100
|-damage|p2a: Kleavor|0 fnt|[from] Stealth Rock
|faint|p2a: Kleavor
|
|upkeep
|
|t:|1758299602
|switch|p2a: Ogerpon|Ogerpon-Wellspring, F|100/100
|-damage|p2a: Ogerpon|88/100|[from] Stealth Rock
|turn|8
|
|t:|1758299611
|move|p2a: Ogerpon|Swords Dance|p2a: Ogerpon
|-boost|p2a: Ogerpon|atk|2
|move|p1a: Alomomola|Body Slam|p2a: Ogerpon
|-damage|p2a: Ogerpon|67/100
|
|upkeep
|turn|9
|
|t:|1758299628
|switch|p1a: Landorus|Landorus-Therian, M|63/100
|-damage|p1a: Landorus|51/100|[from] Stealth Rock
|-ability|p1a: Landorus|Intimidate|boost
|-unboost|p2a: Ogerpon|atk|1
|move|p2a: Ogerpon|Horn Leech|p1a: Landorus
|-damage|p1a: Landorus|7/100
|-heal|p2a: Ogerpon|94/100|[from] drain|[of] p1a: Landorus
|-damage|p2a: Ogerpon|78/100|[from] item: Rocky Helmet|[of] p1a: Landorus
|
|upkeep
|turn|10
|
|t:|1758299641
|move|p2a: Ogerpon|Horn Leech|p1a: Landorus
|-damage|p1a: Landorus|0 fnt
|-heal|p2a: Ogerpon|82/100|[from] drain|[of] p1a: Landorus
|-damage|p2a: Ogerpon|65/100|[from] item: Rocky Helmet|[of] p1a: Landorus
|faint|p1a: Landorus
|
|upkeep
|
|t:|1758299649
|switch|p1a: Electrode|Electrode-Hisui, shiny|100/100
|-damage|p1a: Electrode|88/100|[from] Stealth Rock
|turn|11
|
|t:|1758299667
|switch|p2a: Gholdengo|Gholdengo|86/100
|-damage|p2a: Gholdengo|80/100|[from] Stealth Rock
|move|p1a: Electrode|Leaf Storm|p2a: Gholdengo
|-resisted|p2a: Gholdengo
|-damage|p2a: Gholdengo|45/100
|-unboost|p1a: Electrode|spa|2
|
|upkeep
|turn|12
|inactive|metalsandy has 120 seconds left.
|inactive|metalsandy has 90 seconds left.
|
|t:|1758299739
|switch|p1a: Great Tusk|Great Tusk|100/100
|move|p2a: Gholdengo|Recover|p2a: Gholdengo
|-heal|p2a: Gholdengo|95/100
|
|upkeep
|turn|13
|
|t:|1758299746
|switch|p2a: Ogerpon|Ogerpon-Wellspring, F|65/100
|-damage|p2a: Ogerpon|53/100|[from] Stealth Rock
|move|p1a: Great Tusk|Headlong Rush|p2a: Ogerpon
|-resisted|p2a: Ogerpon
|-damage|p2a: Ogerpon|10/100
|-unboost|p1a: Great Tusk|def|1
|-unboost|p1a: Great Tusk|spd|1
|
|upkeep
|turn|14
|
|t:|1758299758
|-terastallize|p1a: Great Tusk|Steel
|move|p2a: Ogerpon|Horn Leech|p1a: Great Tusk
|-resisted|p1a: Great Tusk
|-damage|p1a: Great Tusk|74/100
|-heal|p2a: Ogerpon|26/100|[from] drain|[of] p1a: Great Tusk
|move|p1a: Great Tusk|Rapid Spin|p2a: Ogerpon
|-damage|p2a: Ogerpon|4/100
|-boost|p1a: Great Tusk|spe|1
|-sideend|p1: GFYSYDAR|Stealth Rock|[from] move: Rapid Spin|[of] p1a: Great Tusk
|
|upkeep
|turn|15
|inactive|metalsandy has 90 seconds left.
|inactive|metalsandy has 60 seconds left.
|inactive|metalsandy has 30 seconds left.
|inactive|metalsandy has 20 seconds left.
|inactive|metalsandy has 15 seconds left.
|c|☆GFYSYDAR|Love the tantrum lol
|inactive|metalsandy has 10 seconds left.
|inactive|metalsandy has 5 seconds left.
|-message|metalsandy lost due to inactivity.
|
|win|GFYSYDAR
|raw|GFYSYDAR's rating: 1325 &rarr; <strong>1341</strong><br />(+16 for winning)
|raw|metalsandy's rating: 1258 &rarr; <strong>1238</strong><br />(-20 for losing)
|c|☆GFYSYDAR|Embarrassing little child
