|j|☆Hollyleap
|j|☆im on a car
|t:|1758338842
|gametype|singles
|player|p1|Hollyleap|101|1115
|player|p2|im on a car|boarder|1136
|gen|9
|tier|[Gen 9] OU
|rated|
|rule|HP Percentage Mod: HP is shown in percentages
|rule|Endless Battle Clause: Forcing endless battles is banned
|rule|Species Clause: Limit one of each Pokémon
|rule|OHKO Clause: OHKO moves are banned
|rule|Evasion Items Clause: Evasion items are banned
|rule|Evasion Moves Clause: Evasion moves are banned
|rule|Evasion Abilities Clause: Evasion abilities are banned
|rule|Sleep Moves Clause: Sleep-inducing moves are banned
|clearpoke
|poke|p1|Talonflame, F|
|poke|p1|Pelipper, F|
|poke|p1|Kingdra, M|
|poke|p1|Torkoal, M|
|poke|p1|Gliscor, F|
|poke|p1|Skeledirge, F|
|poke|p2|Darkrai|
|poke|p2|Ogerpon-Wellspring, F|
|poke|p2|Great Tusk|
|poke|p2|Gholdengo|
|poke|p2|Cinderace, M|
|poke|p2|Deoxys-Speed|
|teampreview
|inactive|Battle timer is ON: inactive players will automatically lose when time's up. (requested by im on a car)
|
|t:|1758338854
|teamsize|p1|6
|teamsize|p2|6
|start
|switch|p1a: Pelipper|Pelipper, F|100/100
|switch|p2a: Deoxys|Deoxys-Speed|100/100
|-ability|p2a: Deoxys|Pressure
|-weather|RainDance|[from] ability: Drizzle|[of] p1a: Pelipper
|turn|1
|
|t:|1758338864
|move|p2a: Deoxys|Stealth Rock|p1a: Pelipper
|-sidestart|p1: Hollyleap|move: Stealth Rock
|move|p1a: Pelipper|U-turn|p2a: Deoxys
|-supereffective|p2a: Deoxys
|-damage|p2a: Deoxys|71/100
|
|t:|1758338870
|switch|p1a: Torkoal|Torkoal, M|100/100|[from] U-turn
|-damage|p1a: Torkoal|75/100|[from] Stealth Rock
|-weather|SunnyDay|[from] ability: Drought|[of] p1a: Torkoal
|
|-weather|SunnyDay|[upkeep]
|upkeep
|turn|2
|
|t:|1758338878
|move|p2a: Deoxys|Spikes|p1a: Torkoal
|-sidestart|p1: Hollyleap|Spikes
|move|p1a: Torkoal|Rapid Spin|p2a: Deoxys
|-damage|p2a: Deoxys|55/100
|-boost|p1a: Torkoal|spe|1
|-sideend|p1: Hollyleap|Spikes|[from] move: Rapid Spin|[of] p1a: Torkoal
|-sideend|p1: Hollyleap|Stealth Rock|[from] move: Rapid Spin|[of] p1a: Torkoal
|
|-weather|SunnyDay|[upkeep]
|upkeep
|turn|3
|
|t:|1758338887
|move|p2a: Deoxys|Psycho Boost|p1a: Torkoal
|-damage|p1a: Torkoal|0 fnt
|-unboost|p2a: Deoxys|spa|2
|faint|p1a: Torkoal
|
|-weather|SunnyDay|[upkeep]
|upkeep
|
|t:|1758338896
|switch|p1a: Talonflame|Talonflame, F|100/100
|turn|4
|
|t:|1758338900
|-terastallize|p1a: Talonflame|Flying
|move|p1a: Talonflame|Hurricane|p2a: Deoxys
|-damage|p2a: Deoxys|0 fnt
|faint|p2a: Deoxys
|
|-weather|SunnyDay|[upkeep]
|upkeep
|
|t:|1758338912
|switch|p2a: Darkrai|Darkrai|100/100
|turn|5
|
|t:|1758338919
|switch|p1a: Pelipper|Pelipper, F|100/100
|-weather|RainDance|[from] ability: Drizzle|[of] p1a: Pelipper
|move|p2a: Darkrai|Nasty Plot|p2a: Darkrai
|-boost|p2a: Darkrai|spa|2
|
|-weather|RainDance|[upkeep]
|upkeep
|turn|6
|
|t:|1758338928
|move|p2a: Darkrai|Dark Pulse|p1a: Pelipper
|-damage|p1a: Pelipper|0 fnt
|faint|p1a: Pelipper
|-damage|p2a: Darkrai|91/100|[from] item: Life Orb
|
|-weather|RainDance|[upkeep]
|upkeep
|
|t:|1758338935
|switch|p1a: Talonflame|Talonflame, F, tera:Flying|100/100
|turn|7
|
|t:|1758338943
|move|p1a: Talonflame|Hurricane|p2a: Darkrai
|-damage|p2a: Darkrai|0 fnt
|faint|p2a: Darkrai
|
|-weather|RainDance|[upkeep]
|upkeep
|inactive|im on a car has 120 seconds left.
|
|t:|1758338976
|switch|p2a: Ogerpon|Ogerpon-Wellspring, F|100/100
|turn|8
|
|t:|1758338980
|-terastallize|p2a: Ogerpon|Water
|detailschange|p2a: Ogerpon|Ogerpon-Wellspring-Tera, F, tera:Water
|-ability|p2a: Ogerpon|Embody Aspect (Wellspring)|boost
|-boost|p2a: Ogerpon|spd|1
|move|p1a: Talonflame|Hurricane|p2a: Ogerpon
|-damage|p2a: Ogerpon|35/100
|move|p2a: Ogerpon|Ivy Cudgel|p1a: Talonflame|[anim] Ivy Cudgel Water
|-damage|p1a: Talonflame|0 fnt
|faint|p1a: Talonflame
|
|-weather|RainDance|[upkeep]
|upkeep
|
|t:|1758338993
|switch|p1a: Kingdra|Kingdra, M|100/100
|turn|9
|
|t:|1758338997
|move|p1a: Kingdra|Draco Meteor|p2a: Ogerpon|[miss]
|-miss|p1a: Kingdra|p2a: Ogerpon
|move|p2a: Ogerpon|Horn Leech|p1a: Kingdra
|-crit|p1a: Kingdra
|-damage|p1a: Kingdra|15/100
|-heal|p2a: Ogerpon|76/100|[from] drain|[of] p1a: Kingdra
|
|-weather|RainDance|[upkeep]
|upkeep
|turn|10
|
|t:|1758339007
|move|p1a: Kingdra|Draco Meteor|p2a: Ogerpon
|-damage|p2a: Ogerpon|18/100
|-unboost|p1a: Kingdra|spa|2
|-damage|p1a: Kingdra|5/100|[from] item: Life Orb
|move|p2a: Ogerpon|Horn Leech|p1a: Kingdra
|-damage|p1a: Kingdra|0 fnt
|-heal|p2a: Ogerpon|21/100|[from] drain|[of] p1a: Kingdra
|faint|p1a: Kingdra
|
|-weather|RainDance|[upkeep]
|upkeep
|inactive|Hollyleap has 120 seconds left.
|inactive|Hollyleap has 90 seconds left.
|inactive|Hollyleap has 60 seconds left.
|c|☆im on a car|Go
|inactive|Hollyleap has 30 seconds left.
|inactive|Hollyleap has 20 seconds left.
|inactive|Hollyleap has 15 seconds left.
|inactive|Hollyleap has 10 seconds left.
|inactive|Hollyleap has 5 seconds left.
|-message|Hollyleap lost due to inactivity.
|
|win|im on a car
|raw|Hollyleap's rating: 1091 &rarr; <strong>1070</strong><br />(-21 for losing)
|raw|im on a car's rating: 1136 &rarr; <strong>1158</strong><br />(+22 for winning)
