|j|☆GuilleSilvaM
|j|☆dogtemple
|t:|1758315613
|gametype|singles
|player|p1|GuilleSilvaM|shadowtriad|1307
|player|p2|dogtemple|roxie|1340
|gen|9
|tier|[Gen 9] OU
|rated|
|rule|HP Percentage Mod: HP is shown in percentages
|rule|Endless Battle Clause: Forcing endless battles is banned
|rule|Species Clause: Limit one of each Pokémon
|rule|OHKO Clause: OHKO moves are banned
|rule|Evasion Items Clause: Evasion items are banned
|rule|Evasion Moves Clause: Evasion moves are banned
|rule|Evasion Abilities Clause: Evasion abilities are banned
|rule|Sleep Moves Clause: Sleep-inducing moves are banned
|clearpoke
|poke|p1|Ogerpon-Wellspring, F|
|poke|p1|Kingambit, M|
|poke|p1|Landorus-Therian, M|
|poke|p1|Glimmora, M|
|poke|p1|Dragapult, M|
|poke|p1|Iron Valiant|
|poke|p2|Hawlucha, F|
|poke|p2|Froslass, F|
|poke|p2|Golem, F|
|poke|p2|Eelektross, F|
|poke|p2|Articuno-Galar|
|poke|p2|Gallade, M|
|teampreview
|inactive|Battle timer is ON: inactive players will automatically lose when time's up. (requested by dogtemple)
|
|t:|1758315635
|teamsize|p1|6
|teamsize|p2|6
|start
|switch|p1a: Landorus|Landorus-Therian, M|100/100
|switch|p2a: Froslass|Froslass, F|100/100
|-ability|p1a: Landorus|Intimidate|boost
|-unboost|p2a: Froslass|atk|1
|turn|1
|
|t:|1758315647
|switch|p1a: Kingambit|Kingambit, M|100/100
|move|p2a: Froslass|Ice Beam|p1a: Kingambit
|-resisted|p1a: Kingambit
|-damage|p1a: Kingambit|83/100
|
|-heal|p1a: Kingambit|90/100|[from] item: Leftovers
|upkeep
|turn|2
|
|t:|1758315658
|move|p2a: Froslass|Spikes|p1a: Kingambit
|-sidestart|p1: GuilleSilvaM|Spikes
|move|p1a: Kingambit|Kowtow Cleave|p2a: Froslass
|-supereffective|p2a: Froslass
|-enditem|p2a: Froslass|Focus Sash
|-damage|p2a: Froslass|1/100
|
|-heal|p1a: Kingambit|96/100|[from] item: Leftovers
|upkeep
|turn|3
|
|t:|1758315666
|move|p2a: Froslass|Destiny Bond|p2a: Froslass
|-singlemove|p2a: Froslass|Destiny Bond
|move|p1a: Kingambit|Swords Dance|p1a: Kingambit
|-boost|p1a: Kingambit|atk|2
|
|-heal|p1a: Kingambit|100/100|[from] item: Leftovers
|upkeep
|turn|4
|
|t:|1758315681
|move|p2a: Froslass|Spikes|p1a: Kingambit
|-sidestart|p1: GuilleSilvaM|Spikes
|move|p1a: Kingambit|Swords Dance|p1a: Kingambit
|-boost|p1a: Kingambit|atk|2
|
|upkeep
|turn|5
|
|t:|1758315692
|move|p2a: Froslass|Destiny Bond|p2a: Froslass
|-singlemove|p2a: Froslass|Destiny Bond
|move|p1a: Kingambit|Swords Dance|p1a: Kingambit
|-boost|p1a: Kingambit|atk|2
|
|upkeep
|turn|6
|
|t:|1758315720
|move|p2a: Froslass|Spikes|p1a: Kingambit
|-sidestart|p1: GuilleSilvaM|Spikes
|move|p1a: Kingambit|Swords Dance|p1a: Kingambit
|-boost|p1a: Kingambit|atk|0
|
|upkeep
|turn|7
|
|t:|1758315738
|move|p2a: Froslass|Destiny Bond|p2a: Froslass
|-singlemove|p2a: Froslass|Destiny Bond
|move|p1a: Kingambit|Swords Dance|p1a: Kingambit
|-boost|p1a: Kingambit|atk|0
|
|upkeep
|turn|8
|
|t:|1758315748
|move|p2a: Froslass|Ice Beam|p1a: Kingambit
|-resisted|p1a: Kingambit
|-damage|p1a: Kingambit|85/100
|move|p1a: Kingambit|Swords Dance|p1a: Kingambit
|-boost|p1a: Kingambit|atk|0
|
|-heal|p1a: Kingambit|91/100|[from] item: Leftovers
|upkeep
|turn|9
|
|t:|1758315753
|move|p2a: Froslass|Destiny Bond|p2a: Froslass
|-singlemove|p2a: Froslass|Destiny Bond
|move|p1a: Kingambit|Swords Dance|p1a: Kingambit
|-boost|p1a: Kingambit|atk|0
|
|-heal|p1a: Kingambit|97/100|[from] item: Leftovers
|upkeep
|turn|10
|
|t:|1758315755
|move|p2a: Froslass|Ice Beam|p1a: Kingambit
|-resisted|p1a: Kingambit
|-damage|p1a: Kingambit|82/100
|move|p1a: Kingambit|Swords Dance|p1a: Kingambit
|-boost|p1a: Kingambit|atk|0
|
|-heal|p1a: Kingambit|88/100|[from] item: Leftovers
|upkeep
|turn|11
|
|t:|1758315762
|move|p2a: Froslass|Destiny Bond|p2a: Froslass
|-singlemove|p2a: Froslass|Destiny Bond
|move|p1a: Kingambit|Swords Dance|p1a: Kingambit
|-boost|p1a: Kingambit|atk|0
|
|-heal|p1a: Kingambit|94/100|[from] item: Leftovers
|upkeep
|turn|12
|
|t:|1758315766
|move|p2a: Froslass|Ice Beam|p1a: Kingambit
|-resisted|p1a: Kingambit
|-damage|p1a: Kingambit|79/100
|move|p1a: Kingambit|Iron Head|p2a: Froslass
|-supereffective|p2a: Froslass
|-damage|p2a: Froslass|0 fnt
|faint|p2a: Froslass
|
|-heal|p1a: Kingambit|85/100|[from] item: Leftovers
|upkeep
|
|t:|1758315769
|switch|p2a: Golem|Golem, F|100/100
|turn|13
|
|t:|1758315782
|move|p1a: Kingambit|Sucker Punch|p2a: Golem
|-ability|p2a: Golem|Sturdy
|-damage|p2a: Golem|1/100
|move|p2a: Golem|Earthquake|p1a: Kingambit
|-supereffective|p1a: Kingambit
|-damage|p1a: Kingambit|6/100
|
|-heal|p1a: Kingambit|12/100|[from] item: Leftovers
|upkeep
|turn|14
|-enditem|p2a: Golem|Custap Berry|[eat]
|-activate|p2a: Golem|item: Custap Berry|[consumed]
|
|t:|1758315790
|move|p1a: Kingambit|Sucker Punch|p2a: Golem
|-damage|p2a: Golem|0 fnt
|faint|p2a: Golem
|
|-heal|p1a: Kingambit|18/100|[from] item: Leftovers
|upkeep
|
|t:|1758315807
|switch|p2a: Articuno|Articuno-Galar, shiny|100/100
|turn|15
|
|t:|1758315814
|move|p1a: Kingambit|Sucker Punch||[still]
|-fail|p1a: Kingambit
|move|p2a: Articuno|Agility|p2a: Articuno
|-boost|p2a: Articuno|spe|2
|
|-heal|p1a: Kingambit|24/100|[from] item: Leftovers
|upkeep
|turn|16
|
|t:|1758315819
|-terastallize|p2a: Articuno|Fighting
|move|p2a: Articuno|Tera Blast|p1a: Kingambit|[anim] Tera Blast Fighting
|-supereffective|p1a: Kingambit
|-damage|p1a: Kingambit|0 fnt
|faint|p1a: Kingambit
|-end|p1a: Kingambit|fallenundefined|[silent]
|
|upkeep
|
|t:|1758315844
|switch|p1a: Dragapult|Dragapult, M|100/100
|-damage|p1a: Dragapult|76/100|[from] Spikes
|turn|17
|
|t:|1758315852
|move|p2a: Articuno|Calm Mind|p2a: Articuno
|-boost|p2a: Articuno|spa|1
|-boost|p2a: Articuno|spd|1
|move|p1a: Dragapult|Draco Meteor|p2a: Articuno
|-damage|p2a: Articuno|39/100
|-unboost|p1a: Dragapult|spa|2
|
|upkeep
|turn|18
|
|t:|1758315871
|move|p2a: Articuno|Calm Mind|p2a: Articuno
|-boost|p2a: Articuno|spa|1
|-boost|p2a: Articuno|spd|1
|move|p1a: Dragapult|Draco Meteor|p2a: Articuno
|-damage|p2a: Articuno|15/100
|-unboost|p1a: Dragapult|spa|2
|
|upkeep
|turn|19
|
|t:|1758315877
|move|p2a: Articuno|Stored Power|p1a: Dragapult
|-damage|p1a: Dragapult|0 fnt
|faint|p1a: Dragapult
|
|upkeep
|
|t:|1758315899
|switch|p1a: Glimmora|Glimmora, M|100/100
|-damage|p1a: Glimmora|75/100|[from] Spikes
|turn|20
|
|t:|1758315905
|move|p2a: Articuno|Stored Power|p1a: Glimmora
|-supereffective|p1a: Glimmora
|-damage|p1a: Glimmora|0 fnt
|faint|p1a: Glimmora
|
|upkeep
|
|t:|1758315911
|switch|p1a: Ogerpon|Ogerpon-Wellspring, F|100/100
|-damage|p1a: Ogerpon|76/100|[from] Spikes
|turn|21
|
|t:|1758315919
|-terastallize|p1a: Ogerpon|Water
|detailschange|p1a: Ogerpon|Ogerpon-Wellspring-Tera, F, tera:Water
|-ability|p1a: Ogerpon|Embody Aspect (Wellspring)|boost
|-boost|p1a: Ogerpon|spd|1
|move|p2a: Articuno|Stored Power|p1a: Ogerpon
|-damage|p1a: Ogerpon|0 fnt
|faint|p1a: Ogerpon
|detailschange|p1: Ogerpon|Ogerpon-Wellspring, F|[silent]
|
|upkeep
|-message|GuilleSilvaM forfeited.
|
|win|dogtemple
|raw|GuilleSilvaM's rating: 1307 &rarr; <strong>1289</strong><br />(-18 for losing)
|raw|dogtemple's rating: 1340 &rarr; <strong>1358</strong><br />(+18 for winning)
|l|☆GuilleSilvaM
|player|p1|
|l|☆dogtemple
|player|p2|
