|j|☆nicerioknight
|j|☆hgtgntyntyn
|t:|1758231873
|gametype|singles
|player|p1|nicerioknight|170|1224
|player|p2|hgtgntyntyn|n|1243
|gen|9
|tier|[Gen 9] OU
|rated|
|rule|HP Percentage Mod: HP is shown in percentages
|rule|Endless Battle Clause: Forcing endless battles is banned
|rule|Species Clause: Limit one of each Pokémon
|rule|OHKO Clause: OHKO moves are banned
|rule|Evasion Items Clause: Evasion items are banned
|rule|Evasion Moves Clause: Evasion moves are banned
|rule|Evasion Abilities Clause: Evasion abilities are banned
|rule|Sleep Moves Clause: Sleep-inducing moves are banned
|clearpoke
|poke|p1|Corviknight, M|
|poke|p1|Alomomola, F|
|poke|p1|Blissey, F|
|poke|p1|Deoxys-Speed|
|poke|p1|Scizor, M|
|poke|p1|Garganacl, M|
|poke|p2|Iron Moth|
|poke|p2|Samurott-Hisui, M|
|poke|p2|Araquanid, M|
|poke|p2|Great Tusk|
|poke|p2|Iron Valiant|
|poke|p2|Garganacl, F|
|teampreview
|c|☆nicerioknight|!data razor she'll
|raw|<ul class="utilichart"><li class="result"><span class="col movenamecol"><a href="https://dex.pokemonshowdown.com/moves/razorshell">Razor Shell</a></span> <span class="col typecol"><img src="//play.pokemonshowdown.com/sprites/types/Water.png" alt="Water" width="32" height="14"><img src="//play.pokemonshowdown.com/sprites/categories/Physical.png" alt="Physical" width="32" height="14"></span> <span class="col labelcol"><em>Power</em><br>75</span> <span class="col widelabelcol"><em>Accuracy</em><br>95%</span> <span class="col pplabelcol"><em>PP</em><br>16</span> <span class="col movedesccol">50% chance to lower the target's Defense by 1.</span> </li><li style="clear:both"></li></ul>

|inactive|Battle timer is ON: inactive players will automatically lose when time's up. (requested by hgtgntyntyn)
|c|☆nicerioknight|!data aqua cutter
|raw|<ul class="utilichart"><li class="result"><span class="col movenamecol"><a href="https://dex.pokemonshowdown.com/moves/aquacutter">Aqua Cutter</a></span> <span class="col typecol"><img src="//play.pokemonshowdown.com/sprites/types/Water.png" alt="Water" width="32" height="14"><img src="//play.pokemonshowdown.com/sprites/categories/Physical.png" alt="Physical" width="32" height="14"></span> <span class="col labelcol"><em>Power</em><br>70</span> <span class="col widelabelcol"><em>Accuracy</em><br>100%</span> <span class="col pplabelcol"><em>PP</em><br>32</span> <span class="col movedesccol">High critical hit ratio.</span> </li><li style="clear:both"></li></ul>

|c|☆nicerioknight|I'm scared bro
|
|t:|1758231931
|teamsize|p1|6
|teamsize|p2|6
|start
|switch|p1a: Corviknight|Corviknight, M, shiny|100/100
|switch|p2a: Samurott|Samurott-Hisui, M, shiny|100/100
|-ability|p1a: Corviknight|Pressure
|turn|1
|
|t:|1758231937
|move|p2a: Samurott|Ceaseless Edge|p1a: Corviknight
|-damage|p1a: Corviknight|62/100
|-sidestart|p1: nicerioknight|Spikes
|move|p1a: Corviknight|Iron Defense|p1a: Corviknight
|-boost|p1a: Corviknight|def|2
|
|-heal|p1a: Corviknight|68/100|[from] item: Leftovers
|upkeep
|turn|2
|
|t:|1758231945
|switch|p2a: Iron Moth|Iron Moth|100/100
|move|p1a: Corviknight|Body Press|p2a: Iron Moth
|-resisted|p2a: Iron Moth
|-damage|p2a: Iron Moth|68/100
|
|-heal|p1a: Corviknight|74/100|[from] item: Leftovers
|upkeep
|turn|3
|
|t:|1758231953
|switch|p1a: Blissey|Blissey, F|100/100
|-damage|p1a: Blissey|88/100|[from] Spikes
|move|p2a: Iron Moth|Fiery Dance|p1a: Blissey
|-damage|p1a: Blissey|71/100
|
|-heal|p1a: Blissey|77/100|[from] item: Leftovers
|upkeep
|turn|4
|
|t:|1758231959
|move|p2a: Iron Moth|Fiery Dance|p1a: Blissey
|-damage|p1a: Blissey|61/100
|move|p1a: Blissey|Thunder Wave|p2a: Iron Moth
|-status|p2a: Iron Moth|par
|
|-heal|p1a: Blissey|67/100|[from] item: Leftovers
|upkeep
|turn|5
|c|☆nicerioknight|Wait
|c|☆nicerioknight|What's her hp
|c|☆nicerioknight|!data iron moth
|raw|<div class="message"><ul class="utilichart"><li class="result"><span class="col numcol">OU</span> <span class="col iconcol"><psicon pokemon="ironmoth"/></span> <span class="col pokemonnamecol" style="white-space:nowrap"><a href="https://dex.pokemonshowdown.com/pokemon/ironmoth" target="_blank">Iron Moth</a></span> <span class="col typecol"><img src="https://play.pokemonshowdown.com/sprites/types/Fire.png" alt="Fire" height="14" width="32"><img src="https://play.pokemonshowdown.com/sprites/types/Poison.png" alt="Poison" height="14" width="32"></span> <span style="float:left;min-height:26px"><span class="col abilitycol">Quark Drive</span><span class="col abilitycol"></span></span><span style="float:left;min-height:26px"><span class="col statcol"><em>HP</em><br />80</span> <span class="col statcol"><em>Atk</em><br />70</span> <span class="col statcol"><em>Def</em><br />60</span> <span class="col statcol"><em>SpA</em><br />140</span> <span class="col statcol"><em>SpD</em><br />110</span> <span class="col statcol"><em>Spe</em><br />110</span> <span class="col bstcol"><em>BST<br />570</em></span> </span></li><li style="clear:both"></li></ul></div>

|c|☆nicerioknight|Dang
|
|t:|1758231979
|move|p2a: Iron Moth|Fiery Dance|p1a: Blissey
|-damage|p1a: Blissey|51/100
|move|p1a: Blissey|Seismic Toss|p2a: Iron Moth
|-damage|p2a: Iron Moth|34/100 par
|
|-heal|p1a: Blissey|57/100|[from] item: Leftovers
|upkeep
|turn|6
|
|t:|1758231990
|move|p2a: Iron Moth|Fiery Dance|p1a: Blissey
|-damage|p1a: Blissey|40/100
|move|p1a: Blissey|Soft-Boiled|p1a: Blissey
|-heal|p1a: Blissey|90/100
|
|-heal|p1a: Blissey|97/100|[from] item: Leftovers
|upkeep
|turn|7
|c|☆nicerioknight|Lifting you up and setting you down
|c|☆nicerioknight|Ain't no one taking her crown
|
|t:|1758232003
|-end|p2a: Iron Moth|Quark Drive|[silent]
|switch|p2a: Araquanid|Araquanid, M|100/100
|move|p1a: Blissey|Seismic Toss|p2a: Araquanid
|-damage|p2a: Araquanid|71/100
|
|-heal|p1a: Blissey|100/100|[from] item: Leftovers
|-heal|p2a: Araquanid|77/100|[from] item: Leftovers
|upkeep
|turn|8
|
|t:|1758232007
|move|p1a: Blissey|Thunder Wave|p2a: Araquanid
|-status|p2a: Araquanid|par
|move|p2a: Araquanid|Sticky Web|p1a: Blissey
|-sidestart|p1: nicerioknight|move: Sticky Web
|
|-heal|p2a: Araquanid|83/100 par|[from] item: Leftovers
|upkeep
|turn|9
|c|☆nicerioknight|Na you're getting one too
|
|t:|1758232019
|switch|p1a: Corviknight|Corviknight, M, shiny|74/100
|-ability|p1a: Corviknight|Pressure
|cant|p2a: Araquanid|par
|
|-heal|p1a: Corviknight|81/100|[from] item: Leftovers
|-heal|p2a: Araquanid|90/100 par|[from] item: Leftovers
|upkeep
|turn|10
|
|t:|1758232028
|move|p1a: Corviknight|Iron Defense|p1a: Corviknight
|-boost|p1a: Corviknight|def|2
|move|p2a: Araquanid|Infestation|p1a: Corviknight
|-resisted|p1a: Corviknight
|-damage|p1a: Corviknight|80/100
|-activate|p1a: Corviknight|move: Infestation|[of] p2a: Araquanid
|
|-heal|p1a: Corviknight|86/100|[from] item: Leftovers
|-heal|p2a: Araquanid|96/100 par|[from] item: Leftovers
|-damage|p1a: Corviknight|74/100|[from] move: Infestation|[partiallytrapped]
|upkeep
|turn|11
|
|t:|1758232032
|move|p1a: Corviknight|Spite|p2a: Araquanid
|-activate|p2a: Araquanid|move: Spite|Infestation|4
|move|p2a: Araquanid|Liquidation|p1a: Corviknight
|-damage|p1a: Corviknight|57/100
|
|-heal|p1a: Corviknight|63/100|[from] item: Leftovers
|-heal|p2a: Araquanid|100/100 par|[from] item: Leftovers
|-damage|p1a: Corviknight|51/100|[from] move: Infestation|[partiallytrapped]
|upkeep
|turn|12
|
|t:|1758232040
|move|p1a: Corviknight|Roost|p1a: Corviknight
|-heal|p1a: Corviknight|100/100
|-singleturn|p1a: Corviknight|move: Roost
|move|p2a: Araquanid|Liquidation|p1a: Corviknight
|-damage|p1a: Corviknight|82/100
|-unboost|p1a: Corviknight|def|1
|
|-heal|p1a: Corviknight|88/100|[from] item: Leftovers
|-damage|p1a: Corviknight|76/100|[from] move: Infestation|[partiallytrapped]
|upkeep
|turn|13
|
|t:|1758232051
|switch|p2a: Iron Moth|Iron Moth|34/100 par
|move|p1a: Corviknight|Spite||[still]
|-fail|p1a: Corviknight
|
|-heal|p1a: Corviknight|82/100|[from] item: Leftovers
|-end|p1a: Corviknight|Infestation|[partiallytrapped]|[silent]
|upkeep
|turn|14
|
|t:|1758232060
|switch|p1a: Alomomola|Alomomola, F, shiny|100/100
|cant|p2a: Iron Moth|par
|
|upkeep
|turn|15
|
|t:|1758232064
|cant|p2a: Iron Moth|par
|move|p1a: Alomomola|Flip Turn|p2a: Iron Moth
|-supereffective|p2a: Iron Moth
|-damage|p2a: Iron Moth|0 fnt
|faint|p2a: Iron Moth
|-end|p2a: Iron Moth|Quark Drive|[silent]
|c|☆nicerioknight|Holy
|c|☆nicerioknight|That's
|c|☆nicerioknight|Unfortunate
|
|t:|1758232090
|switch|p1a: Scizor|Scizor, M|100/100|[from] Flip Turn
|-damage|p1a: Scizor|88/100|[from] Spikes
|-activate|p1a: Scizor|move: Sticky Web
|-unboost|p1a: Scizor|spe|1
|
|upkeep
|
|t:|1758232103
|switch|p2a: Great Tusk|Great Tusk, shiny|100/100
|turn|16
|c|☆nicerioknight|Nah
|
|t:|1758232112
|switch|p1a: Alomomola|Alomomola, F, shiny|100/100
|move|p2a: Great Tusk|Stealth Rock|p1a: Alomomola
|-sidestart|p1: nicerioknight|move: Stealth Rock
|
|upkeep
|turn|17
|c|☆nicerioknight|I do not need the smoke
|c|☆nicerioknight|Oh gld
|
|t:|1758232121
|-end|p2a: Great Tusk|Protosynthesis|[silent]
|switch|p2a: Araquanid|Araquanid, M|100/100 par
|move|p1a: Alomomola|Wish|p1a: Alomomola
|
|upkeep
|turn|18
|
|t:|1758232131
|move|p1a: Alomomola|Flip Turn|p2a: Araquanid
|-resisted|p2a: Araquanid
|-damage|p2a: Araquanid|93/100 par
|c|☆nicerioknight|This is not good for me
|
|t:|1758232136
|switch|p1a: Scizor|Scizor, M|88/100|[from] Flip Turn
|-damage|p1a: Scizor|76/100|[from] Spikes
|-activate|p1a: Scizor|move: Sticky Web
|-unboost|p1a: Scizor|spe|1
|-damage|p1a: Scizor|64/100|[from] Stealth Rock
|move|p2a: Araquanid|Infestation|p1a: Scizor
|-resisted|p1a: Scizor
|-crit|p1a: Scizor
|-damage|p1a: Scizor|60/100
|-activate|p1a: Scizor|move: Infestation|[of] p2a: Araquanid
|
|-heal|p1a: Scizor|100/100|[from] move: Wish|[wisher] Alomomola
|-heal|p2a: Araquanid|99/100 par|[from] item: Leftovers
|-damage|p1a: Scizor|88/100|[from] move: Infestation|[partiallytrapped]
|upkeep
|turn|19
|c|☆nicerioknight|I lied
|
|t:|1758232151
|move|p1a: Scizor|Defog|p2a: Araquanid
|-unboost|p2a: Araquanid|evasion|1
|-sideend|p1: nicerioknight|Spikes|[from] move: Defog|[of] p1a: Scizor
|-sideend|p1: nicerioknight|Stealth Rock|[from] move: Defog|[of] p1a: Scizor
|-sideend|p1: nicerioknight|Sticky Web|[from] move: Defog|[of] p1a: Scizor
|move|p2a: Araquanid|Liquidation|p1a: Scizor
|-damage|p1a: Scizor|43/100
|
|-heal|p2a: Araquanid|100/100 par|[from] item: Leftovers
|-damage|p1a: Scizor|31/100|[from] move: Infestation|[partiallytrapped]
|upkeep
|turn|20
|
|t:|1758232160
|move|p1a: Scizor|Bullet Punch|p2a: Araquanid
|-resisted|p2a: Araquanid
|-damage|p2a: Araquanid|86/100 par
|cant|p2a: Araquanid|par
|
|-heal|p2a: Araquanid|93/100 par|[from] item: Leftovers
|-damage|p1a: Scizor|18/100|[from] move: Infestation|[partiallytrapped]
|upkeep
|turn|21
|
|t:|1758232165
|move|p1a: Scizor|Bullet Punch|p2a: Araquanid
|-resisted|p2a: Araquanid
|-crit|p2a: Araquanid
|-damage|p2a: Araquanid|73/100 par
|move|p2a: Araquanid|Sticky Web|p1a: Scizor
|-sidestart|p1: nicerioknight|move: Sticky Web
|
|-heal|p2a: Araquanid|79/100 par|[from] item: Leftovers
|-damage|p1a: Scizor|6/100|[from] move: Infestation|[partiallytrapped]
|upkeep
|turn|22
|
|t:|1758232173
|move|p1a: Scizor|Defog|p2a: Araquanid
|-unboost|p2a: Araquanid|evasion|1
|-sideend|p1: nicerioknight|Sticky Web|[from] move: Defog|[of] p1a: Scizor
|cant|p2a: Araquanid|par
|
|-heal|p2a: Araquanid|85/100 par|[from] item: Leftovers
|-end|p1a: Scizor|Infestation|[partiallytrapped]
|upkeep
|turn|23
|c|☆nicerioknight|Les go fr
|c|☆hgtgntyntyn|ts pmo
|
|t:|1758232186
|switch|p1a: Blissey|Blissey, F|100/100
|move|p2a: Araquanid|Liquidation|p1a: Blissey
|-damage|p1a: Blissey|60/100
|
|-heal|p1a: Blissey|66/100|[from] item: Leftovers
|-heal|p2a: Araquanid|91/100 par|[from] item: Leftovers
|upkeep
|turn|24
|
|t:|1758232196
|switch|p1a: Deoxys|Deoxys-Speed|100/100
|-ability|p1a: Deoxys|Pressure
|move|p2a: Araquanid|Infestation|p1a: Deoxys
|-supereffective|p1a: Deoxys
|-damage|p1a: Deoxys|93/100
|-activate|p1a: Deoxys|move: Infestation|[of] p2a: Araquanid
|
|-heal|p2a: Araquanid|98/100 par|[from] item: Leftovers
|-damage|p1a: Deoxys|80/100|[from] move: Infestation|[partiallytrapped]
|upkeep
|turn|25
|
|t:|1758232204
|move|p1a: Deoxys|Taunt|p2a: Araquanid
|-start|p2a: Araquanid|move: Taunt
|cant|p2a: Araquanid|move: Taunt|Sticky Web
|
|-heal|p2a: Araquanid|100/100 par|[from] item: Leftovers
|-damage|p1a: Deoxys|68/100|[from] move: Infestation|[partiallytrapped]
|upkeep
|turn|26
|
|t:|1758232210
|move|p1a: Deoxys|Psycho Boost|p2a: Araquanid
|-damage|p2a: Araquanid|62/100 par
|-unboost|p1a: Deoxys|spa|2
|-enditem|p1a: Deoxys|Eject Pack
|
|t:|1758232216
|switch|p1a: Alomomola|Alomomola, F, shiny|100/100
|move|p2a: Araquanid|Leech Life|p1a: Alomomola
|-damage|p1a: Alomomola|89/100
|-heal|p2a: Araquanid|71/100 par|[from] drain|[of] p1a: Alomomola
|
|-heal|p2a: Araquanid|77/100 par|[from] item: Leftovers
|upkeep
|turn|27
|
|t:|1758232220
|move|p1a: Alomomola|Wish|p1a: Alomomola
|move|p2a: Araquanid|Infestation|p1a: Alomomola
|-damage|p1a: Alomomola|84/100
|-activate|p1a: Alomomola|move: Infestation|[of] p2a: Araquanid
|
|-heal|p2a: Araquanid|83/100 par|[from] item: Leftovers
|-damage|p1a: Alomomola|71/100|[from] move: Infestation|[partiallytrapped]
|-end|p2a: Araquanid|move: Taunt
|upkeep
|turn|28
|c|☆nicerioknight|Real
|
|t:|1758232227
|move|p1a: Alomomola|Flip Turn|p2a: Araquanid
|-resisted|p2a: Araquanid
|-damage|p2a: Araquanid|77/100 par
|
|t:|1758232233
|switch|p1a: Corviknight|Corviknight, M, shiny|82/100|[from] Flip Turn
|-ability|p1a: Corviknight|Pressure
|move|p2a: Araquanid|Sticky Web|p1a: Corviknight
|-sidestart|p1: nicerioknight|move: Sticky Web
|
|-heal|p1a: Corviknight|100/100|[from] move: Wish|[wisher] Alomomola
|-heal|p2a: Araquanid|83/100 par|[from] item: Leftovers
|upkeep
|turn|29
|c|☆nicerioknight|Why do you even need webs bro
|c|☆nicerioknight|My entire team is slow
|
|t:|1758232256
|switch|p1a: Alomomola|Alomomola, F, shiny|100/100
|move|p2a: Araquanid|Liquidation|p1a: Alomomola
|-resisted|p1a: Alomomola
|-damage|p1a: Alomomola|88/100
|
|-heal|p2a: Araquanid|89/100 par|[from] item: Leftovers
|upkeep
|turn|30
|
|t:|1758232265
|switch|p2a: Samurott|Samurott-Hisui, M, shiny|100/100
|move|p1a: Alomomola|Wish|p1a: Alomomola
|
|upkeep
|turn|31
|
|t:|1758232273
|move|p2a: Samurott|Ceaseless Edge|p1a: Alomomola|[miss]
|-miss|p2a: Samurott|p1a: Alomomola
|move|p1a: Alomomola|Flip Turn|p2a: Samurott
|-resisted|p2a: Samurott
|-damage|p2a: Samurott|91/100
|
|t:|1758232279
|switch|p1a: Scizor|Scizor, M|6/100|[from] Flip Turn
|-activate|p1a: Scizor|move: Sticky Web
|-unboost|p1a: Scizor|spe|1
|
|-heal|p1a: Scizor|84/100|[from] move: Wish|[wisher] Alomomola
|upkeep
|turn|32
|
|t:|1758232285
|switch|p1a: Garganacl|Garganacl, M, shiny|100/100
|-activate|p1a: Garganacl|move: Sticky Web
|-unboost|p1a: Garganacl|spe|1
|move|p2a: Samurott|Ceaseless Edge|p1a: Garganacl
|-damage|p1a: Garganacl|77/100
|-sidestart|p1: nicerioknight|Spikes
|
|-heal|p1a: Garganacl|83/100|[from] item: Leftovers
|upkeep
|turn|33
|
|t:|1758232296
|switch|p2a: Great Tusk|Great Tusk, shiny|100/100
|move|p1a: Garganacl|Salt Cure|p2a: Great Tusk
|-resisted|p2a: Great Tusk
|-damage|p2a: Great Tusk|98/100
|-start|p2a: Great Tusk|Salt Cure
|
|-heal|p2a: Great Tusk|100/100|[from] item: Leftovers
|-heal|p1a: Garganacl|89/100|[from] item: Leftovers
|-damage|p2a: Great Tusk|88/100|[from] Salt Cure
|upkeep
|turn|34
|
|t:|1758232300
|move|p2a: Great Tusk|Earthquake|p1a: Garganacl
|-supereffective|p1a: Garganacl
|-damage|p1a: Garganacl|31/100
|move|p1a: Garganacl|Curse|p1a: Garganacl
|-unboost|p1a: Garganacl|spe|1
|-boost|p1a: Garganacl|atk|1
|-boost|p1a: Garganacl|def|1
|
|-heal|p2a: Great Tusk|94/100|[from] item: Leftovers
|-heal|p1a: Garganacl|37/100|[from] item: Leftovers
|-damage|p2a: Great Tusk|82/100|[from] Salt Cure
|upkeep
|turn|35
|
|t:|1758232306
|move|p2a: Great Tusk|Earthquake|p1a: Garganacl
|-supereffective|p1a: Garganacl
|-damage|p1a: Garganacl|0 fnt
|faint|p1a: Garganacl
|
|-heal|p2a: Great Tusk|88/100|[from] item: Leftovers
|-damage|p2a: Great Tusk|76/100|[from] Salt Cure
|upkeep
|c|☆nicerioknight|Heart broken
|
|t:|1758232324
|switch|p1a: Deoxys|Deoxys-Speed|68/100
|-activate|p1a: Deoxys|move: Sticky Web
|-unboost|p1a: Deoxys|spe|1
|-damage|p1a: Deoxys|56/100|[from] Spikes
|-ability|p1a: Deoxys|Pressure
|turn|36
|
|t:|1758232332
|move|p1a: Deoxys|Psycho Boost|p2a: Great Tusk
|-supereffective|p2a: Great Tusk
|-damage|p2a: Great Tusk|0 fnt
|-unboost|p1a: Deoxys|spa|2
|faint|p2a: Great Tusk
|-end|p2a: Great Tusk|Protosynthesis|[silent]
|
|upkeep
|
|t:|1758232338
|switch|p2a: Samurott|Samurott-Hisui, M, shiny|91/100
|turn|37
|
|t:|1758232344
|move|p2a: Samurott|Ceaseless Edge|p1a: Deoxys
|-supereffective|p1a: Deoxys
|-damage|p1a: Deoxys|0 fnt
|-sidestart|p1: nicerioknight|Spikes
|faint|p1a: Deoxys
|
|upkeep
|c|☆nicerioknight|Scarf???
|c|☆nicerioknight|Sure man, whatever floats your boat
|inactive|nicerioknight has 120 seconds left.
|
|t:|1758232378
|switch|p1a: Alomomola|Alomomola, F, shiny|100/100
|turn|38
|
|t:|1758232381
|move|p2a: Samurott|Ceaseless Edge|p1a: Alomomola
|-damage|p1a: Alomomola|78/100
|-sidestart|p1: nicerioknight|Spikes
|move|p1a: Alomomola|Wish|p1a: Alomomola
|
|upkeep
|turn|39
|
|t:|1758232390
|move|p2a: Samurott|Ceaseless Edge|p1a: Alomomola
|-damage|p1a: Alomomola|53/100
|move|p1a: Alomomola|Flip Turn|p2a: Samurott
|-resisted|p2a: Samurott
|-damage|p2a: Samurott|80/100
|
|t:|1758232396
|switch|p1a: Scizor|Scizor, M|84/100|[from] Flip Turn
|-activate|p1a: Scizor|move: Sticky Web
|-unboost|p1a: Scizor|spe|1
|-damage|p1a: Scizor|59/100|[from] Spikes
|
|-heal|p1a: Scizor|100/100|[from] move: Wish|[wisher] Alomomola
|upkeep
|turn|40
|
|t:|1758232404
|move|p2a: Samurott|Ceaseless Edge|p1a: Scizor|[miss]
|-miss|p2a: Samurott|p1a: Scizor
|move|p1a: Scizor|Defog|p2a: Samurott
|-unboost|p2a: Samurott|evasion|1
|-sideend|p1: nicerioknight|Spikes|[from] move: Defog|[of] p1a: Scizor
|-sideend|p1: nicerioknight|Sticky Web|[from] move: Defog|[of] p1a: Scizor
|
|upkeep
|turn|41
|
|t:|1758232408
|move|p2a: Samurott|Ceaseless Edge|p1a: Scizor
|-damage|p1a: Scizor|58/100
|-sidestart|p1: nicerioknight|Spikes
|move|p1a: Scizor|Swords Dance|p1a: Scizor
|-boost|p1a: Scizor|atk|2
|
|upkeep
|turn|42
|
|t:|1758232414
|-terastallize|p1a: Scizor|Steel
|move|p1a: Scizor|Bullet Punch|p2a: Samurott
|-resisted|p2a: Samurott
|-damage|p2a: Samurott|19/100
|move|p2a: Samurott|Ceaseless Edge|p1a: Scizor
|-damage|p1a: Scizor|12/100
|-sidestart|p1: nicerioknight|Spikes
|
|upkeep
|turn|43
|
|t:|1758232423
|move|p1a: Scizor|Bullet Punch|p2a: Samurott
|-resisted|p2a: Samurott
|-damage|p2a: Samurott|0 fnt
|faint|p2a: Samurott
|
|upkeep
|
|t:|1758232425
|switch|p2a: Iron Valiant|Iron Valiant|100/100
|-enditem|p2a: Iron Valiant|Booster Energy
|-activate|p2a: Iron Valiant|ability: Quark Drive|[fromitem]
|-start|p2a: Iron Valiant|quarkdrivespe
|turn|44
|c|☆nicerioknight|Close enough
|
|t:|1758232432
|move|p2a: Iron Valiant|Vacuum Wave|p1a: Scizor
|-supereffective|p1a: Scizor
|-damage|p1a: Scizor|0 fnt
|faint|p1a: Scizor
|
|upkeep
|c|☆nicerioknight|I knew it was coming
|c|☆nicerioknight|Why did I stay I
|c|☆nicerioknight|In
|c|☆nicerioknight|Nah but you're going to be a
|c|☆nicerioknight|Half special half physical
|c|☆nicerioknight|Just for Blissey
|inactive|nicerioknight has 120 seconds left.
|
|t:|1758232463
|switch|p1a: Corviknight|Corviknight, M, shiny|100/100
|-ability|p1a: Corviknight|Pressure
|turn|45
|c|☆nicerioknight|Pls don't hurt me
|
|t:|1758232473
|-end|p2a: Iron Valiant|Quark Drive|[silent]
|switch|p2a: Garganacl|Garganacl, F|100/100
|move|p1a: Corviknight|Iron Defense|p1a: Corviknight
|-boost|p1a: Corviknight|def|2
|
|upkeep
|turn|46
|
|t:|1758232477
|move|p1a: Corviknight|Iron Defense|p1a: Corviknight
|-boost|p1a: Corviknight|def|2
|move|p2a: Garganacl|Salt Cure|p1a: Corviknight
|-damage|p1a: Corviknight|96/100
|-start|p1a: Corviknight|Salt Cure
|
|-heal|p1a: Corviknight|100/100|[from] item: Leftovers
|-damage|p1a: Corviknight|75/100|[from] Salt Cure
|upkeep
|turn|47
|c|☆nicerioknight|Worth 100%
|
|t:|1758232487
|move|p1a: Corviknight|Body Press|p2a: Garganacl
|-supereffective|p2a: Garganacl
|-damage|p2a: Garganacl|42/100
|move|p2a: Garganacl|Recover|p2a: Garganacl
|-heal|p2a: Garganacl|92/100
|
|-heal|p1a: Corviknight|82/100|[from] item: Leftovers
|-heal|p2a: Garganacl|98/100|[from] item: Leftovers
|-damage|p1a: Corviknight|57/100|[from] Salt Cure
|upkeep
|turn|48
|
|t:|1758232492
|move|p1a: Corviknight|Roost|p1a: Corviknight
|-heal|p1a: Corviknight|100/100
|-singleturn|p1a: Corviknight|move: Roost
|move|p2a: Garganacl|Recover|p2a: Garganacl
|-heal|p2a: Garganacl|100/100
|
|-damage|p1a: Corviknight|75/100|[from] Salt Cure
|upkeep
|turn|49
|
|t:|1758232497
|move|p2a: Garganacl|Protect|p2a: Garganacl
|-singleturn|p2a: Garganacl|Protect
|move|p1a: Corviknight|Spite|p2a: Garganacl
|-activate|p2a: Garganacl|move: Protect
|
|-heal|p1a: Corviknight|82/100|[from] item: Leftovers
|-damage|p1a: Corviknight|57/100|[from] Salt Cure
|upkeep
|turn|50
|
|t:|1758232505
|move|p1a: Corviknight|Roost|p1a: Corviknight
|-heal|p1a: Corviknight|100/100
|-singleturn|p1a: Corviknight|move: Roost
|move|p2a: Garganacl|Salt Cure|p1a: Corviknight
|-resisted|p1a: Corviknight
|-damage|p1a: Corviknight|98/100
|
|-heal|p1a: Corviknight|100/100|[from] item: Leftovers
|-damage|p1a: Corviknight|75/100|[from] Salt Cure
|upkeep
|turn|51
|
|t:|1758232511
|move|p2a: Garganacl|Protect|p2a: Garganacl
|-singleturn|p2a: Garganacl|Protect
|move|p1a: Corviknight|Spite|p2a: Garganacl
|-activate|p2a: Garganacl|move: Protect
|
|-heal|p1a: Corviknight|82/100|[from] item: Leftovers
|-damage|p1a: Corviknight|57/100|[from] Salt Cure
|upkeep
|turn|52
|c|☆nicerioknight|STOP BLOCKING MY SPITE
|
|t:|1758232524
|switch|p2a: Araquanid|Araquanid, M|89/100 par
|move|p1a: Corviknight|Roost|p1a: Corviknight
|-heal|p1a: Corviknight|100/100
|-singleturn|p1a: Corviknight|move: Roost
|
|-heal|p2a: Araquanid|95/100 par|[from] item: Leftovers
|-damage|p1a: Corviknight|75/100|[from] Salt Cure
|upkeep
|turn|53
|
|t:|1758232527
|switch|p1a: Alomomola|Alomomola, F, shiny|86/100
|move|p2a: Araquanid|Infestation|p1a: Alomomola
|-damage|p1a: Alomomola|81/100
|-activate|p1a: Alomomola|move: Infestation|[of] p2a: Araquanid
|
|-heal|p2a: Araquanid|100/100 par|[from] item: Leftovers
|-damage|p1a: Alomomola|69/100|[from] move: Infestation|[partiallytrapped]
|upkeep
|turn|54
|
|t:|1758232533
|move|p1a: Alomomola|Wish|p1a: Alomomola
|move|p2a: Araquanid|Leech Life|p1a: Alomomola
|-damage|p1a: Alomomola|58/100
|
|-damage|p1a: Alomomola|46/100|[from] move: Infestation|[partiallytrapped]
|upkeep
|turn|55
|c|☆nicerioknight|Tf be wrong with you heart broken emoji
|
|t:|1758232553
|switch|p2a: Garganacl|Garganacl, F|100/100
|move|p1a: Alomomola|Protect||[still]
|-fail|p1a: Alomomola
|
|-heal|p1a: Alomomola|96/100|[from] move: Wish|[wisher] Alomomola
|-end|p1a: Alomomola|Infestation|[partiallytrapped]|[silent]
|upkeep
|turn|56
|
|t:|1758232558
|-terastallize|p2a: Garganacl|Ghost
|move|p1a: Alomomola|Wish|p1a: Alomomola
|move|p2a: Garganacl|Salt Cure|p1a: Alomomola
|-damage|p1a: Alomomola|88/100
|-start|p1a: Alomomola|Salt Cure
|
|-damage|p1a: Alomomola|63/100|[from] Salt Cure
|upkeep
|turn|57
|
|t:|1758232564
|move|p2a: Garganacl|Protect|p2a: Garganacl
|-singleturn|p2a: Garganacl|Protect
|move|p1a: Alomomola|Flip Turn|p2a: Garganacl
|-activate|p2a: Garganacl|move: Protect
|
|-heal|p1a: Alomomola|100/100|[from] move: Wish|[wisher] Alomomola
|-damage|p1a: Alomomola|76/100|[from] Salt Cure
|upkeep
|turn|58
|c|☆nicerioknight|This fr be anti Blissey propaganda
|
|t:|1758232587
|move|p1a: Alomomola|Wish|p1a: Alomomola
|move|p2a: Garganacl|Earthquake|p1a: Alomomola
|-damage|p1a: Alomomola|64/100
|
|-damage|p1a: Alomomola|39/100|[from] Salt Cure
|upkeep
|turn|59
|
|t:|1758232594
|move|p2a: Garganacl|Protect|p2a: Garganacl
|-singleturn|p2a: Garganacl|Protect
|move|p1a: Alomomola|Flip Turn|p2a: Garganacl
|-activate|p2a: Garganacl|move: Protect
|
|-heal|p1a: Alomomola|89/100|[from] move: Wish|[wisher] Alomomola
|-damage|p1a: Alomomola|64/100|[from] Salt Cure
|upkeep
|turn|60
|
|t:|1758232600
|switch|p1a: Corviknight|Corviknight, M, shiny|75/100
|-ability|p1a: Corviknight|Pressure
|move|p2a: Garganacl|Earthquake|p1a: Corviknight
|-immune|p1a: Corviknight
|
|-heal|p1a: Corviknight|82/100|[from] item: Leftovers
|upkeep
|turn|61
|
|t:|1758232606
|move|p1a: Corviknight|Spite|p2a: Garganacl
|-activate|p2a: Garganacl|move: Spite|Earthquake|4
|move|p2a: Garganacl|Salt Cure|p1a: Corviknight
|-damage|p1a: Corviknight|70/100
|-start|p1a: Corviknight|Salt Cure
|
|-heal|p1a: Corviknight|76/100|[from] item: Leftovers
|-damage|p1a: Corviknight|51/100|[from] Salt Cure
|upkeep
|turn|62
|
|t:|1758232612
|switch|p1a: Alomomola|Alomomola, F, shiny|97/100
|move|p2a: Garganacl|Protect||[still]
|-fail|p2a: Garganacl
|
|upkeep
|turn|63
|
|t:|1758232620
|move|p1a: Alomomola|Wish|p1a: Alomomola
|move|p2a: Garganacl|Earthquake|p1a: Alomomola
|-damage|p1a: Alomomola|84/100
|
|upkeep
|turn|64
|
|t:|1758232624
|switch|p1a: Corviknight|Corviknight, M, shiny|51/100
|-ability|p1a: Corviknight|Pressure
|switch|p2a: Iron Valiant|Iron Valiant|100/100
|
|-heal|p1a: Corviknight|100/100|[from] move: Wish|[wisher] Alomomola
|upkeep
|turn|65
|
|t:|1758232631
|-end|p2a: Iron Valiant|Quark Drive|[silent]
|switch|p2a: Garganacl|Garganacl, F, tera:Ghost|100/100
|move|p1a: Corviknight|Body Press|p2a: Garganacl
|-immune|p2a: Garganacl
|
|upkeep
|turn|66
|
|t:|1758232640
|switch|p1a: Alomomola|Alomomola, F, shiny|100/100
|move|p2a: Garganacl|Salt Cure|p1a: Alomomola
|-damage|p1a: Alomomola|92/100
|-start|p1a: Alomomola|Salt Cure
|
|-damage|p1a: Alomomola|68/100|[from] Salt Cure
|upkeep
|turn|67
|
|t:|1758232645
|move|p1a: Alomomola|Wish|p1a: Alomomola
|move|p2a: Garganacl|Earthquake|p1a: Alomomola
|-crit|p1a: Alomomola
|-damage|p1a: Alomomola|48/100
|
|-damage|p1a: Alomomola|23/100|[from] Salt Cure
|upkeep
|turn|68
|
|t:|1758232656
|switch|p1a: Corviknight|Corviknight, M, shiny|100/100
|-ability|p1a: Corviknight|Pressure
|switch|p2a: Iron Valiant|Iron Valiant|100/100
|
|upkeep
|turn|69
|
|t:|1758232662
|move|p2a: Iron Valiant|Aura Sphere|p1a: Corviknight
|-damage|p1a: Corviknight|72/100
|move|p1a: Corviknight|Body Press|p2a: Iron Valiant
|-resisted|p2a: Iron Valiant
|-damage|p2a: Iron Valiant|87/100
|
|-heal|p1a: Corviknight|79/100|[from] item: Leftovers
|upkeep
|turn|70
|
|t:|1758232667
|move|p2a: Iron Valiant|Aura Sphere|p1a: Corviknight
|-damage|p1a: Corviknight|52/100
|move|p1a: Corviknight|Spite|p2a: Iron Valiant
|-activate|p2a: Iron Valiant|move: Spite|Aura Sphere|4
|
|-heal|p1a: Corviknight|59/100|[from] item: Leftovers
|upkeep
|turn|71
|
|t:|1758232673
|move|p2a: Iron Valiant|Aura Sphere|p1a: Corviknight
|-damage|p1a: Corviknight|31/100
|move|p1a: Corviknight|Roost|p1a: Corviknight
|-heal|p1a: Corviknight|81/100
|-singleturn|p1a: Corviknight|move: Roost
|
|-heal|p1a: Corviknight|88/100|[from] item: Leftovers
|upkeep
|turn|72
|c|☆nicerioknight|I eat those
|
|t:|1758232678
|move|p2a: Iron Valiant|Aura Sphere|p1a: Corviknight
|-damage|p1a: Corviknight|61/100
|move|p1a: Corviknight|Spite|p2a: Iron Valiant
|-activate|p2a: Iron Valiant|move: Spite|Aura Sphere|4
|
|-heal|p1a: Corviknight|67/100|[from] item: Leftovers
|upkeep
|turn|73
|
|t:|1758232684
|move|p2a: Iron Valiant|Aura Sphere|p1a: Corviknight
|-damage|p1a: Corviknight|42/100
|move|p1a: Corviknight|Roost|p1a: Corviknight
|-heal|p1a: Corviknight|92/100
|-singleturn|p1a: Corviknight|move: Roost
|
|-heal|p1a: Corviknight|99/100|[from] item: Leftovers
|upkeep
|turn|74
|c|☆nicerioknight|Only a few tho
|c|☆nicerioknight|Please stop
|
|t:|1758232693
|move|p2a: Iron Valiant|Vacuum Wave|p1a: Corviknight
|-damage|p1a: Corviknight|84/100
|move|p1a: Corviknight|Spite|p2a: Iron Valiant
|-activate|p2a: Iron Valiant|move: Spite|Vacuum Wave|4
|
|-heal|p1a: Corviknight|91/100|[from] item: Leftovers
|upkeep
|turn|75
|
|t:|1758232699
|move|p2a: Iron Valiant|Aura Sphere|p1a: Corviknight
|-damage|p1a: Corviknight|63/100
|move|p1a: Corviknight|Spite|p2a: Iron Valiant
|-activate|p2a: Iron Valiant|move: Spite|Aura Sphere|4
|
|-heal|p1a: Corviknight|70/100|[from] item: Leftovers
|upkeep
|turn|76
|
|t:|1758232705
|move|p2a: Iron Valiant|Vacuum Wave|p1a: Corviknight
|-damage|p1a: Corviknight|57/100
|move|p1a: Corviknight|Spite|p2a: Iron Valiant
|-activate|p2a: Iron Valiant|move: Spite|Vacuum Wave|4
|
|-heal|p1a: Corviknight|63/100|[from] item: Leftovers
|upkeep
|turn|77
|
|t:|1758232709
|move|p2a: Iron Valiant|Vacuum Wave|p1a: Corviknight
|-damage|p1a: Corviknight|49/100
|move|p1a: Corviknight|Spite|p2a: Iron Valiant
|-activate|p2a: Iron Valiant|move: Spite|Vacuum Wave|4
|
|-heal|p1a: Corviknight|55/100|[from] item: Leftovers
|upkeep
|turn|78
|
|t:|1758232716
|move|p2a: Iron Valiant|Vacuum Wave|p1a: Corviknight
|-damage|p1a: Corviknight|41/100
|move|p1a: Corviknight|Roost|p1a: Corviknight
|-heal|p1a: Corviknight|91/100
|-singleturn|p1a: Corviknight|move: Roost
|
|-heal|p1a: Corviknight|97/100|[from] item: Leftovers
|upkeep
|turn|79
|c|☆nicerioknight|Bro stop
|
|t:|1758232721
|move|p2a: Iron Valiant|Vacuum Wave|p1a: Corviknight
|-damage|p1a: Corviknight|83/100
|move|p1a: Corviknight|Iron Defense|p1a: Corviknight
|-boost|p1a: Corviknight|def|2
|
|-heal|p1a: Corviknight|90/100|[from] item: Leftovers
|upkeep
|turn|80
|
|t:|1758232729
|move|p2a: Iron Valiant|Vacuum Wave|p1a: Corviknight
|-damage|p1a: Corviknight|75/100
|move|p1a: Corviknight|Spite|p2a: Iron Valiant
|-activate|p2a: Iron Valiant|move: Spite|Vacuum Wave|4
|
|-heal|p1a: Corviknight|81/100|[from] item: Leftovers
|upkeep
|turn|81
|c|☆nicerioknight|I'm legit setting up in front of valiant
|c|☆nicerioknight|This game is crazy
|
|t:|1758232743
|move|p2a: Iron Valiant|Vacuum Wave|p1a: Corviknight
|-damage|p1a: Corviknight|67/100
|move|p1a: Corviknight|Iron Defense|p1a: Corviknight
|-boost|p1a: Corviknight|def|2
|
|-heal|p1a: Corviknight|74/100|[from] item: Leftovers
|upkeep
|turn|82
|
|t:|1758232748
|move|p2a: Iron Valiant|Aura Sphere|p1a: Corviknight
|-damage|p1a: Corviknight|44/100
|move|p1a: Corviknight|Body Press|p2a: Iron Valiant
|-resisted|p2a: Iron Valiant
|-damage|p2a: Iron Valiant|50/100
|
|-heal|p1a: Corviknight|50/100|[from] item: Leftovers
|upkeep
|turn|83
|
|t:|1758232761
|-end|p2a: Iron Valiant|Quark Drive|[silent]
|switch|p2a: Garganacl|Garganacl, F, tera:Ghost|100/100
|move|p1a: Corviknight|Roost|p1a: Corviknight
|-heal|p1a: Corviknight|100/100
|-singleturn|p1a: Corviknight|move: Roost
|
|upkeep
|turn|84
|
|t:|1758232773
|move|p1a: Corviknight|Iron Defense|p1a: Corviknight
|-boost|p1a: Corviknight|def|2
|move|p2a: Garganacl|Salt Cure|p1a: Corviknight
|-damage|p1a: Corviknight|97/100
|-start|p1a: Corviknight|Salt Cure
|
|-heal|p1a: Corviknight|100/100|[from] item: Leftovers
|-damage|p1a: Corviknight|75/100|[from] Salt Cure
|upkeep
|turn|85
|
|t:|1758232782
|switch|p1a: Alomomola|Alomomola, F, shiny|57/100
|move|p2a: Garganacl|Salt Cure|p1a: Alomomola
|-damage|p1a: Alomomola|49/100
|-start|p1a: Alomomola|Salt Cure
|
|-damage|p1a: Alomomola|24/100|[from] Salt Cure
|upkeep
|turn|86
|
|t:|1758232788
|switch|p1a: Blissey|Blissey, F|66/100
|-damage|p1a: Blissey|50/100|[from] Spikes
|move|p2a: Garganacl|Salt Cure|p1a: Blissey
|-damage|p1a: Blissey|37/100
|-start|p1a: Blissey|Salt Cure
|
|-heal|p1a: Blissey|43/100|[from] item: Leftovers
|-damage|p1a: Blissey|31/100|[from] Salt Cure
|upkeep
|turn|87
|
|t:|1758232798
|move|p1a: Blissey|Soft-Boiled|p1a: Blissey
|-heal|p1a: Blissey|81/100
|move|p2a: Garganacl|Earthquake|p1a: Blissey
|-damage|p1a: Blissey|60/100
|
|-heal|p1a: Blissey|66/100|[from] item: Leftovers
|-damage|p1a: Blissey|54/100|[from] Salt Cure
|upkeep
|turn|88
|
|t:|1758232806
|move|p1a: Blissey|Soft-Boiled|p1a: Blissey
|-heal|p1a: Blissey|100/100
|move|p2a: Garganacl|Earthquake|p1a: Blissey
|-damage|p1a: Blissey|80/100
|
|-heal|p1a: Blissey|86/100|[from] item: Leftovers
|-damage|p1a: Blissey|74/100|[from] Salt Cure
|upkeep
|turn|89
|
|t:|1758232811
|switch|p2a: Iron Valiant|Iron Valiant|50/100
|move|p1a: Blissey|Shadow Ball|p2a: Iron Valiant
|-damage|p2a: Iron Valiant|25/100
|-unboost|p2a: Iron Valiant|spd|1
|
|-heal|p1a: Blissey|80/100|[from] item: Leftovers
|-damage|p1a: Blissey|68/100|[from] Salt Cure
|upkeep
|turn|90
|
|t:|1758232818
|move|p2a: Iron Valiant|Aura Sphere|p1a: Blissey
|-supereffective|p1a: Blissey
|-damage|p1a: Blissey|41/100
|move|p1a: Blissey|Shadow Ball|p2a: Iron Valiant
|-damage|p2a: Iron Valiant|0 fnt
|faint|p2a: Iron Valiant
|-end|p2a: Iron Valiant|Quark Drive|[silent]
|
|-heal|p1a: Blissey|47/100|[from] item: Leftovers
|-damage|p1a: Blissey|34/100|[from] Salt Cure
|upkeep
|c|☆nicerioknight|Omg
|c|☆nicerioknight|That happened, I suppose
|
|t:|1758232833
|switch|p2a: Araquanid|Araquanid, M|100/100 par
|turn|91
|
|t:|1758232836
|move|p1a: Blissey|Soft-Boiled|p1a: Blissey
|-heal|p1a: Blissey|84/100
|move|p2a: Araquanid|Liquidation|p1a: Blissey
|-damage|p1a: Blissey|44/100
|
|-heal|p1a: Blissey|50/100|[from] item: Leftovers
|-damage|p1a: Blissey|38/100|[from] Salt Cure
|upkeep
|turn|92
|
|t:|1758232842
|switch|p1a: Alomomola|Alomomola, F, shiny|58/100
|move|p2a: Araquanid|Infestation|p1a: Alomomola
|-damage|p1a: Alomomola|53/100
|-activate|p1a: Alomomola|move: Infestation|[of] p2a: Araquanid
|
|-damage|p1a: Alomomola|41/100|[from] move: Infestation|[partiallytrapped]
|upkeep
|turn|93
|
|t:|1758232849
|move|p1a: Alomomola|Wish|p1a: Alomomola
|move|p2a: Araquanid|Leech Life|p1a: Alomomola
|-damage|p1a: Alomomola|29/100
|
|-damage|p1a: Alomomola|17/100|[from] move: Infestation|[partiallytrapped]
|upkeep
|turn|94
|
|t:|1758232857
|move|p1a: Alomomola|Protect|p1a: Alomomola
|-singleturn|p1a: Alomomola|Protect
|move|p2a: Araquanid|Leech Life|p1a: Alomomola
|-activate|p1a: Alomomola|move: Protect
|
|-heal|p1a: Alomomola|67/100|[from] move: Wish|[wisher] Alomomola
|-damage|p1a: Alomomola|54/100|[from] move: Infestation|[partiallytrapped]
|upkeep
|turn|95
|
|t:|1758232862
|move|p1a: Alomomola|Wish|p1a: Alomomola
|move|p2a: Araquanid|Leech Life|p1a: Alomomola
|-damage|p1a: Alomomola|43/100
|
|-damage|p1a: Alomomola|31/100|[from] move: Infestation|[partiallytrapped]
|upkeep
|turn|96
|
|t:|1758232866
|switch|p2a: Garganacl|Garganacl, F, tera:Ghost|100/100
|move|p1a: Alomomola|Protect||[still]
|-fail|p1a: Alomomola
|
|-heal|p1a: Alomomola|81/100|[from] move: Wish|[wisher] Alomomola
|-end|p1a: Alomomola|Infestation|[partiallytrapped]|[silent]
|upkeep
|turn|97
|
|t:|1758232870
|move|p1a: Alomomola|Wish|p1a: Alomomola
|move|p2a: Garganacl|Salt Cure|p1a: Alomomola
|-damage|p1a: Alomomola|72/100
|-start|p1a: Alomomola|Salt Cure
|
|-damage|p1a: Alomomola|47/100|[from] Salt Cure
|upkeep
|turn|98
|
|t:|1758232880
|move|p1a: Alomomola|Flip Turn|p2a: Garganacl
|-damage|p2a: Garganacl|92/100
|
|t:|1758232891
|switch|p1a: Corviknight|Corviknight, M, shiny|75/100|[from] Flip Turn
|-ability|p1a: Corviknight|Pressure
|move|p2a: Garganacl|Earthquake|p1a: Corviknight
|-immune|p1a: Corviknight
|
|-heal|p1a: Corviknight|100/100|[from] move: Wish|[wisher] Alomomola
|-heal|p2a: Garganacl|99/100|[from] item: Leftovers
|upkeep
|turn|99
|
|t:|1758232897
|move|p1a: Corviknight|Spite|p2a: Garganacl
|-activate|p2a: Garganacl|move: Spite|Earthquake|3
|move|p2a: Garganacl|Salt Cure|p1a: Corviknight
|-damage|p1a: Corviknight|88/100
|-start|p1a: Corviknight|Salt Cure
|
|-heal|p1a: Corviknight|94/100|[from] item: Leftovers
|-heal|p2a: Garganacl|100/100|[from] item: Leftovers
|-damage|p1a: Corviknight|69/100|[from] Salt Cure
|upkeep
|turn|100
|
|t:|1758232904
|move|p2a: Garganacl|Protect|p2a: Garganacl
|-singleturn|p2a: Garganacl|Protect
|move|p1a: Corviknight|Spite|p2a: Garganacl
|-activate|p2a: Garganacl|move: Protect
|
|-heal|p1a: Corviknight|76/100|[from] item: Leftovers
|-damage|p1a: Corviknight|51/100|[from] Salt Cure
|upkeep
|turn|101
|
|t:|1758232910
|switch|p1a: Alomomola|Alomomola, F, shiny|81/100
|move|p2a: Garganacl|Protect||[still]
|-fail|p2a: Garganacl
|
|upkeep
|turn|102
|
|t:|1758232913
|move|p1a: Alomomola|Wish|p1a: Alomomola
|move|p2a: Garganacl|Salt Cure|p1a: Alomomola
|-damage|p1a: Alomomola|73/100
|-start|p1a: Alomomola|Salt Cure
|
|-damage|p1a: Alomomola|48/100|[from] Salt Cure
|upkeep
|turn|103
|
|t:|1758232922
|switch|p1a: Corviknight|Corviknight, M, shiny|51/100
|-ability|p1a: Corviknight|Pressure
|move|p2a: Garganacl|Protect||[still]
|-fail|p2a: Garganacl
|
|-heal|p1a: Corviknight|100/100|[from] move: Wish|[wisher] Alomomola
|upkeep
|turn|104
|
|t:|1758232927
|move|p1a: Corviknight|Spite|p2a: Garganacl
|-activate|p2a: Garganacl|move: Spite|Protect|4
|move|p2a: Garganacl|Salt Cure|p1a: Corviknight
|-damage|p1a: Corviknight|90/100
|-start|p1a: Corviknight|Salt Cure
|
|-heal|p1a: Corviknight|96/100|[from] item: Leftovers
|-damage|p1a: Corviknight|71/100|[from] Salt Cure
|upkeep
|turn|105
|
|t:|1758232934
|switch|p1a: Alomomola|Alomomola, F, shiny|82/100
|switch|p2a: Araquanid|Araquanid, M|100/100 par
|
|upkeep
|turn|106
|
|t:|1758232938
|move|p1a: Alomomola|Wish|p1a: Alomomola
|move|p2a: Araquanid|Infestation|p1a: Alomomola
|-damage|p1a: Alomomola|77/100
|-activate|p1a: Alomomola|move: Infestation|[of] p2a: Araquanid
|
|-damage|p1a: Alomomola|65/100|[from] move: Infestation|[partiallytrapped]
|upkeep
|turn|107
|
|t:|1758232942
|move|p1a: Alomomola|Flip Turn|p2a: Araquanid
|-resisted|p2a: Araquanid
|-damage|p2a: Araquanid|94/100 par
|
|t:|1758232945
|switch|p1a: Corviknight|Corviknight, M, shiny|71/100|[from] Flip Turn
|-ability|p1a: Corviknight|Pressure
|move|p2a: Araquanid|Leech Life|p1a: Corviknight
|-resisted|p1a: Corviknight
|-damage|p1a: Corviknight|67/100
|-heal|p2a: Araquanid|97/100 par|[from] drain|[of] p1a: Corviknight
|
|-heal|p1a: Corviknight|100/100|[from] move: Wish|[wisher] Alomomola
|-heal|p2a: Araquanid|100/100 par|[from] item: Leftovers
|upkeep
|turn|108
|
|t:|1758232957
|move|p1a: Corviknight|Iron Defense|p1a: Corviknight
|-boost|p1a: Corviknight|def|2
|move|p2a: Araquanid|Infestation|p1a: Corviknight
|-resisted|p1a: Corviknight
|-damage|p1a: Corviknight|99/100
|-activate|p1a: Corviknight|move: Infestation|[of] p2a: Araquanid
|
|-heal|p1a: Corviknight|100/100|[from] item: Leftovers
|-damage|p1a: Corviknight|88/100|[from] move: Infestation|[partiallytrapped]
|upkeep
|turn|109
|
|t:|1758232963
|move|p1a: Corviknight|Iron Defense|p1a: Corviknight
|-boost|p1a: Corviknight|def|2
|cant|p2a: Araquanid|par
|
|-heal|p1a: Corviknight|94/100|[from] item: Leftovers
|-damage|p1a: Corviknight|82/100|[from] move: Infestation|[partiallytrapped]
|upkeep
|turn|110
|
|t:|1758232967
|move|p1a: Corviknight|Iron Defense|p1a: Corviknight
|-boost|p1a: Corviknight|def|2
|move|p2a: Araquanid|Liquidation|p1a: Corviknight
|-damage|p1a: Corviknight|72/100
|-unboost|p1a: Corviknight|def|1
|
|-heal|p1a: Corviknight|79/100|[from] item: Leftovers
|-damage|p1a: Corviknight|66/100|[from] move: Infestation|[partiallytrapped]
|upkeep
|turn|111
|
|t:|1758232972
|move|p1a: Corviknight|Body Press|p2a: Araquanid
|-resisted|p2a: Araquanid
|-damage|p2a: Araquanid|71/100 par
|move|p2a: Araquanid|Liquidation|p1a: Corviknight
|-damage|p1a: Corviknight|55/100
|
|-heal|p1a: Corviknight|61/100|[from] item: Leftovers
|-heal|p2a: Araquanid|77/100 par|[from] item: Leftovers
|-damage|p1a: Corviknight|48/100|[from] move: Infestation|[partiallytrapped]
|upkeep
|turn|112
|
|t:|1758232982
|move|p1a: Corviknight|Spite|p2a: Araquanid
|-activate|p2a: Araquanid|move: Spite|Liquidation|4
|cant|p2a: Araquanid|nopp|Liquidation
|
|-heal|p1a: Corviknight|55/100|[from] item: Leftovers
|-heal|p2a: Araquanid|83/100 par|[from] item: Leftovers
|-damage|p1a: Corviknight|42/100|[from] move: Infestation|[partiallytrapped]
|upkeep
|turn|113
|
|t:|1758232991
|move|p1a: Corviknight|Body Press|p2a: Araquanid
|-resisted|p2a: Araquanid
|-damage|p2a: Araquanid|58/100 par
|cant|p2a: Araquanid|par
|
|-heal|p1a: Corviknight|48/100|[from] item: Leftovers
|-heal|p2a: Araquanid|64/100 par|[from] item: Leftovers
|-end|p1a: Corviknight|Infestation|[partiallytrapped]
|upkeep
|turn|114
|
|t:|1758232997
|move|p1a: Corviknight|Body Press|p2a: Araquanid
|-resisted|p2a: Araquanid
|-damage|p2a: Araquanid|35/100 par
|move|p2a: Araquanid|Leech Life|p1a: Corviknight
|-resisted|p1a: Corviknight
|-damage|p1a: Corviknight|47/100
|-heal|p2a: Araquanid|36/100 par|[from] drain|[of] p1a: Corviknight
|
|-heal|p1a: Corviknight|53/100|[from] item: Leftovers
|-heal|p2a: Araquanid|42/100 par|[from] item: Leftovers
|upkeep
|turn|115
|
|t:|1758233003
|move|p1a: Corviknight|Body Press|p2a: Araquanid
|-resisted|p2a: Araquanid
|-damage|p2a: Araquanid|15/100 par
|move|p2a: Araquanid|Infestation|p1a: Corviknight
|-resisted|p1a: Corviknight
|-damage|p1a: Corviknight|53/100
|-activate|p1a: Corviknight|move: Infestation|[of] p2a: Araquanid
|
|-heal|p1a: Corviknight|59/100|[from] item: Leftovers
|-heal|p2a: Araquanid|21/100 par|[from] item: Leftovers
|-damage|p1a: Corviknight|47/100|[from] move: Infestation|[partiallytrapped]
|upkeep
|turn|116
|
|t:|1758233006
|move|p1a: Corviknight|Body Press|p2a: Araquanid
|-resisted|p2a: Araquanid
|-damage|p2a: Araquanid|0 fnt
|faint|p2a: Araquanid
|
|-heal|p1a: Corviknight|53/100|[from] item: Leftovers
|-end|p1a: Corviknight|Infestation|[partiallytrapped]|[silent]
|upkeep
|
|t:|1758233011
|switch|p2a: Garganacl|Garganacl, F, tera:Ghost|100/100
|turn|117
|
|t:|1758233016
|switch|p1a: Alomomola|Alomomola, F, shiny|98/100
|move|p2a: Garganacl|Salt Cure|p1a: Alomomola
|-damage|p1a: Alomomola|90/100
|-start|p1a: Alomomola|Salt Cure
|
|-damage|p1a: Alomomola|65/100|[from] Salt Cure
|upkeep
|turn|118
|
|t:|1758233020
|move|p2a: Garganacl|Protect|p2a: Garganacl
|-singleturn|p2a: Garganacl|Protect
|move|p1a: Alomomola|Wish|p1a: Alomomola
|
|-damage|p1a: Alomomola|40/100|[from] Salt Cure
|upkeep
|turn|119
|
|t:|1758233025
|switch|p1a: Corviknight|Corviknight, M, shiny|53/100
|-ability|p1a: Corviknight|Pressure
|move|p2a: Garganacl|Protect||[still]
|-fail|p2a: Garganacl
|
|-heal|p1a: Corviknight|100/100|[from] move: Wish|[wisher] Alomomola
|upkeep
|turn|120
|
|t:|1758233032
|switch|p1a: Alomomola|Alomomola, F, shiny|73/100
|move|p2a: Garganacl|Salt Cure|p1a: Alomomola
|-damage|p1a: Alomomola|65/100
|-start|p1a: Alomomola|Salt Cure
|
|-damage|p1a: Alomomola|40/100|[from] Salt Cure
|upkeep
|turn|121
|
|t:|1758233040
|switch|p1a: Corviknight|Corviknight, M, shiny|100/100
|-ability|p1a: Corviknight|Pressure
|move|p2a: Garganacl|Salt Cure|p1a: Corviknight
|-damage|p1a: Corviknight|88/100
|-start|p1a: Corviknight|Salt Cure
|
|-heal|p1a: Corviknight|94/100|[from] item: Leftovers
|-damage|p1a: Corviknight|69/100|[from] Salt Cure
|upkeep
|turn|122
|-message|hgtgntyntyn forfeited.
|
|win|nicerioknight
|raw|nicerioknight's rating: 1224 &rarr; <strong>1250</strong><br />(+26 for winning)
|raw|hgtgntyntyn's rating: 1243 &rarr; <strong>1217</strong><br />(-26 for losing)
|l|☆hgtgntyntyn
|player|p2|
|c|☆nicerioknight|GG
