|j|☆dafrogger
|j|☆Shibuya Arc
|t:|1758353094
|gametype|singles
|player|p1|dafrogger|bugcatcher-gen4dp|1604
|player|p2|Shibuya Arc|101|1675
|gen|9
|tier|[Gen 9] OU
|rated|
|rule|HP Percentage Mod: HP is shown in percentages
|rule|Endless Battle Clause: Forcing endless battles is banned
|rule|Species Clause: Limit one of each Pokémon
|rule|OHKO Clause: OHKO moves are banned
|rule|Evasion Items Clause: Evasion items are banned
|rule|Evasion Moves Clause: Evasion moves are banned
|rule|Evasion Abilities Clause: Evasion abilities are banned
|rule|Sleep Moves Clause: Sleep-inducing moves are banned
|clearpoke
|poke|p1|Ninetales, M|
|poke|p1|Cinderace, F|
|poke|p1|Ribombee, F|
|poke|p1|Walking Wake|
|poke|p1|Slither Wing|
|poke|p1|Garchomp, F|
|poke|p2|Dragapult, M|
|poke|p2|Dragonite, F|
|poke|p2|Ting-Lu|
|poke|p2|Weezing-Galar, F|
|poke|p2|Iron Crown|
|poke|p2|Zapdos|
|teampreview
|inactive|Battle timer is ON: inactive players will automatically lose when time's up. (requested by Shibuya Arc)
|
|t:|1758353112
|teamsize|p1|6
|teamsize|p2|6
|start
|switch|p1a: Ninetales|Ninetales, M|100/100
|switch|p2a: Ting-Lu|Ting-Lu|100/100
|-weather|SunnyDay|[from] ability: Drought|[of] p1a: Ninetales
|-ability|p2a: Ting-Lu|Vessel of Ruin
|turn|1
|
|t:|1758353120
|move|p1a: Ninetales|Will-O-Wisp|p2a: Ting-Lu
|-status|p2a: Ting-Lu|brn
|move|p2a: Ting-Lu|Stealth Rock|p1a: Ninetales
|-sidestart|p1: dafrogger|move: Stealth Rock
|
|-weather|SunnyDay|[upkeep]
|-damage|p2a: Ting-Lu|94/100 brn|[from] brn
|upkeep
|turn|2
|
|t:|1758353126
|move|p1a: Ninetales|Encore|p2a: Ting-Lu
|-start|p2a: Ting-Lu|Encore
|move|p2a: Ting-Lu|Stealth Rock||[still]
|-fail|p2a: Ting-Lu
|
|-weather|SunnyDay|[upkeep]
|-heal|p2a: Ting-Lu|100/100 brn|[from] item: Leftovers
|-damage|p2a: Ting-Lu|94/100 brn|[from] brn
|upkeep
|turn|3
|
|t:|1758353133
|switch|p2a: Dragonite|Dragonite, F|100/100
|move|p1a: Ninetales|Flamethrower|p2a: Dragonite
|-resisted|p2a: Dragonite
|-crit|p2a: Dragonite
|-damage|p2a: Dragonite|81/100
|
|-weather|SunnyDay|[upkeep]
|upkeep
|turn|4
|
|t:|1758353141
|switch|p1a: Ribombee|Ribombee, F|100/100
|-damage|p1a: Ribombee|76/100|[from] Stealth Rock
|move|p2a: Dragonite|Earthquake|p1a: Ribombee
|-resisted|p1a: Ribombee
|-damage|p1a: Ribombee|35/100
|
|-weather|SunnyDay|[upkeep]
|upkeep
|turn|5
|
|t:|1758353151
|switch|p1a: Garchomp|Garchomp, F|100/100
|-damage|p1a: Garchomp|94/100|[from] Stealth Rock
|move|p2a: Dragonite|Extreme Speed|p1a: Garchomp
|-damage|p1a: Garchomp|65/100
|-damage|p2a: Dragonite|69/100|[from] ability: Rough Skin|[of] p1a: Garchomp
|
|-weather|SunnyDay|[upkeep]
|upkeep
|turn|6
|
|t:|1758353162
|switch|p1a: Ribombee|Ribombee, F|35/100
|-damage|p1a: Ribombee|10/100|[from] Stealth Rock
|move|p2a: Dragonite|Roost|p2a: Dragonite
|-heal|p2a: Dragonite|100/100
|-singleturn|p2a: Dragonite|move: Roost
|
|-weather|SunnyDay|[upkeep]
|upkeep
|turn|7
|
|t:|1758353169
|switch|p1a: Garchomp|Garchomp, F|65/100
|-damage|p1a: Garchomp|59/100|[from] Stealth Rock
|move|p2a: Dragonite|Extreme Speed|p1a: Garchomp
|-damage|p1a: Garchomp|29/100
|-damage|p2a: Dragonite|88/100|[from] ability: Rough Skin|[of] p1a: Garchomp
|
|-weather|SunnyDay|[upkeep]
|upkeep
|turn|8
|
|t:|1758353176
|move|p1a: Garchomp|Outrage|p2a: Dragonite
|-supereffective|p2a: Dragonite
|-damage|p2a: Dragonite|0 fnt
|faint|p2a: Dragonite
|
|-weather|none
|upkeep
|
|t:|1758353182
|switch|p2a: Weezing|Weezing-Galar, F|100/100
|-ability|p2a: Weezing|Neutralizing Gas
|turn|9
|
|t:|1758353189
|move|p1a: Garchomp|Outrage|p2a: Weezing|[from] lockedmove
|-immune|p2a: Weezing
|move|p2a: Weezing|Will-O-Wisp|p1a: Garchomp
|-status|p1a: Garchomp|brn
|
|-damage|p1a: Garchomp|22/100 brn|[from] brn
|upkeep
|turn|10
|
|t:|1758353195
|switch|p1a: Cinderace|Cinderace, F|100/100
|move|p2a: Weezing|Toxic Spikes|p1a: Cinderace
|-sidestart|p1: dafrogger|move: Toxic Spikes
|
|upkeep
|turn|11
|
|t:|1758353201
|-end|p2a: Weezing|ability: Neutralizing Gas
|switch|p2a: Dragapult|Dragapult, M|100/100
|move|p1a: Cinderace|Court Change|p1a: Cinderace
|-start|p1a: Cinderace|typechange|Normal|[from] ability: Libero
|-swapsideconditions
|-activate|p1a: Cinderace|move: Court Change
|
|upkeep
|turn|12
|
|t:|1758353207
|switch|p1a: Garchomp|Garchomp, F|22/100 brn
|move|p2a: Dragapult|Dragon Darts|p1a: Garchomp
|-supereffective|p1a: Garchomp
|-damage|p1a: Garchomp|0 fnt
|faint|p1a: Garchomp
|
|upkeep
|
|t:|1758353219
|switch|p1a: Ninetales|Ninetales, M|100/100
|-weather|SunnyDay|[from] ability: Drought|[of] p1a: Ninetales
|turn|13
|
|t:|1758353225
|move|p2a: Dragapult|U-turn|p1a: Ninetales
|-resisted|p1a: Ninetales
|-damage|p1a: Ninetales|84/100
|
|t:|1758353232
|switch|p2a: Ting-Lu|Ting-Lu|94/100 brn|[from] U-turn
|-damage|p2a: Ting-Lu|88/100 brn|[from] Stealth Rock
|-ability|p2a: Ting-Lu|Vessel of Ruin
|move|p1a: Ninetales|Will-O-Wisp|p2a: Ting-Lu
|-fail|p2a: Ting-Lu|brn
|
|-weather|SunnyDay|[upkeep]
|-heal|p2a: Ting-Lu|94/100 brn|[from] item: Leftovers
|-damage|p2a: Ting-Lu|88/100 brn|[from] brn
|upkeep
|turn|14
|
|t:|1758353238
|switch|p1a: Ribombee|Ribombee, F|10/100
|move|p2a: Ting-Lu|Stealth Rock|p1a: Ribombee
|-sidestart|p1: dafrogger|move: Stealth Rock
|
|-weather|SunnyDay|[upkeep]
|-heal|p2a: Ting-Lu|94/100 brn|[from] item: Leftovers
|-damage|p2a: Ting-Lu|88/100 brn|[from] brn
|upkeep
|turn|15
|
|t:|1758353245
|-terastallize|p2a: Ting-Lu|Water
|move|p1a: Ribombee|Sticky Web|p2a: Ting-Lu
|-sidestart|p2: Shibuya Arc|move: Sticky Web
|move|p2a: Ting-Lu|Earthquake|p1a: Ribombee
|-resisted|p1a: Ribombee
|-damage|p1a: Ribombee|0 fnt
|faint|p1a: Ribombee
|
|-weather|SunnyDay|[upkeep]
|-heal|p2a: Ting-Lu|94/100 brn|[from] item: Leftovers
|-damage|p2a: Ting-Lu|88/100 brn|[from] brn
|upkeep
|
|t:|1758353251
|switch|p1a: Slither Wing|Slither Wing|100/100
|-damage|p1a: Slither Wing|88/100|[from] Stealth Rock
|-activate|p1a: Slither Wing|ability: Protosynthesis
|-start|p1a: Slither Wing|protosynthesisatk
|turn|16
|
|t:|1758353257
|move|p1a: Slither Wing|Close Combat|p2a: Ting-Lu
|-damage|p2a: Ting-Lu|11/100 brn
|-unboost|p1a: Slither Wing|def|1
|-unboost|p1a: Slither Wing|spd|1
|move|p2a: Ting-Lu|Ruination|p1a: Slither Wing
|-damage|p1a: Slither Wing|45/100
|
|-weather|SunnyDay|[upkeep]
|-heal|p2a: Ting-Lu|17/100 brn|[from] item: Leftovers
|-damage|p2a: Ting-Lu|11/100 brn|[from] brn
|upkeep
|turn|17
|
|t:|1758353265
|-end|p1a: Slither Wing|Protosynthesis|[silent]
|switch|p1a: Cinderace|Cinderace, F|100/100
|move|p2a: Ting-Lu|Ruination|p1a: Cinderace
|-damage|p1a: Cinderace|51/100
|
|-weather|SunnyDay|[upkeep]
|-heal|p2a: Ting-Lu|17/100 brn|[from] item: Leftovers
|-damage|p2a: Ting-Lu|11/100 brn|[from] brn
|upkeep
|turn|18
|
|t:|1758353274
|switch|p2a: Weezing|Weezing-Galar, F|100/100
|-ability|p2a: Weezing|Neutralizing Gas
|-sideend|p2: Shibuya Arc|move: Toxic Spikes|[of] p2a: Weezing
|move|p1a: Cinderace|Pyro Ball|p2a: Weezing
|-damage|p2a: Weezing|45/100
|
|-weather|SunnyDay|[upkeep]
|upkeep
|turn|19
|
|t:|1758353283
|-end|p2a: Weezing|ability: Neutralizing Gas
|switch|p2a: Ting-Lu|Ting-Lu, tera:Water|11/100 brn
|-damage|p2a: Ting-Lu|0 fnt|[from] Stealth Rock
|faint|p2a: Ting-Lu
|move|p1a: Cinderace|Pyro Ball|p2: Ting-Lu|[notarget]
|-fail|p1a: Cinderace
|
|-weather|SunnyDay|[upkeep]
|upkeep
|
|t:|1758353289
|switch|p2a: Dragapult|Dragapult, M|100/100
|turn|20
|
|t:|1758353310
|switch|p1a: Slither Wing|Slither Wing|45/100
|-damage|p1a: Slither Wing|32/100|[from] Stealth Rock
|-activate|p1a: Slither Wing|ability: Protosynthesis
|-start|p1a: Slither Wing|protosynthesisatk
|move|p2a: Dragapult|Will-O-Wisp|p1a: Slither Wing
|-status|p1a: Slither Wing|brn
|
|-weather|none
|-end|p1a: Slither Wing|Protosynthesis
|-damage|p1a: Slither Wing|26/100 brn|[from] brn
|upkeep
|turn|21
|
|t:|1758353319
|move|p1a: Slither Wing|First Impression|p2a: Dragapult
|-resisted|p2a: Dragapult
|-damage|p2a: Dragapult|74/100
|move|p2a: Dragapult|Dragon Darts|p1a: Slither Wing
|-damage|p1a: Slither Wing|0 fnt
|faint|p1a: Slither Wing
|-end|p1a: Slither Wing|Protosynthesis|[silent]
|
|upkeep
|
|t:|1758353322
|switch|p1a: Ninetales|Ninetales, M|84/100
|-damage|p1a: Ninetales|60/100|[from] Stealth Rock
|-weather|SunnyDay|[from] ability: Drought|[of] p1a: Ninetales
|turn|22
|
|t:|1758353328
|move|p2a: Dragapult|U-turn|p1a: Ninetales
|-resisted|p1a: Ninetales
|-damage|p1a: Ninetales|45/100
|
|t:|1758353335
|switch|p2a: Zapdos|Zapdos|100/100|[from] U-turn
|move|p1a: Ninetales|Healing Wish|p1a: Ninetales
|faint|p1a: Ninetales
|
|-weather|SunnyDay|[upkeep]
|upkeep
|
|t:|1758353338
|switch|p1a: Walking Wake|Walking Wake|100/100
|-damage|p1a: Walking Wake|88/100|[from] Stealth Rock
|-activate|p1a: Walking Wake|ability: Protosynthesis
|-start|p1a: Walking Wake|protosynthesisspa
|turn|23
|
|t:|1758353344
|switch|p2a: Weezing|Weezing-Galar, F|45/100
|-ability|p2a: Weezing|Neutralizing Gas
|-terastallize|p1a: Walking Wake|Water
|move|p1a: Walking Wake|Hydro Steam|p2a: Weezing
|-damage|p2a: Weezing|0 fnt
|faint|p2a: Weezing
|-end|p2a: Weezing|ability: Neutralizing Gas
|
|-weather|SunnyDay|[upkeep]
|upkeep
|
|t:|1758353351
|switch|p2a: Dragapult|Dragapult, M|74/100
|turn|24
|
|t:|1758353357
|move|p2a: Dragapult|U-turn|p1a: Walking Wake
|-damage|p1a: Walking Wake|68/100
|
|t:|1758353364
|switch|p2a: Zapdos|Zapdos|100/100|[from] U-turn
|move|p1a: Walking Wake|Hydro Steam|p2a: Zapdos
|-damage|p2a: Zapdos|0 fnt
|faint|p2a: Zapdos
|
|-weather|SunnyDay|[upkeep]
|upkeep
|
|t:|1758353370
|switch|p2a: Dragapult|Dragapult, M|74/100
|turn|25
|
|t:|1758353376
|move|p2a: Dragapult|Dragon Darts|p1a: Walking Wake
|-damage|p1a: Walking Wake|45/100
|-anim|p2a: Dragapult|Dragon Darts|p1a: Walking Wake
|-damage|p1a: Walking Wake|19/100
|move|p1a: Walking Wake|Hydro Steam|p2a: Dragapult
|-resisted|p2a: Dragapult
|-damage|p2a: Dragapult|0 fnt
|-start|p1a: Walking Wake|Disable|Hydro Steam|[from] ability: Cursed Body|[of] p2a: Dragapult
|faint|p2a: Dragapult
|
|-weather|SunnyDay|[upkeep]
|upkeep
|
|t:|1758353382
|switch|p2a: Iron Crown|Iron Crown|100/100
|-damage|p2a: Iron Crown|94/100|[from] Stealth Rock
|-activate|p2a: Iron Crown|move: Sticky Web
|-unboost|p2a: Iron Crown|spe|1
|turn|26
|
|t:|1758353388
|-activate|p1a: Walking Wake|move: Struggle
|move|p1a: Walking Wake|Struggle|p2a: Iron Crown
|-damage|p2a: Iron Crown|86/100
|-damage|p1a: Walking Wake|0 fnt|[from] recoil
|faint|p1a: Walking Wake
|-end|p1a: Walking Wake|Protosynthesis|[silent]
|move|p2a: Iron Crown|Tachyon Cutter|p1: Walking Wake|[notarget]
|-fail|p2a: Iron Crown
|
|-weather|SunnyDay|[upkeep]
|upkeep
|
|t:|1758353390
|switch|p1a: Cinderace|Cinderace, F|51/100
|-heal|p1a: Cinderace|100/100|[from] move: Healing Wish
|turn|27
|
|t:|1758353393
|move|p1a: Cinderace|Pyro Ball|p2a: Iron Crown
|-supereffective|p2a: Iron Crown
|-damage|p2a: Iron Crown|0 fnt
|faint|p2a: Iron Crown
|-end|p2a: Iron Crown|Quark Drive|[silent]
|
|win|dafrogger
|raw|dafrogger's rating: 1604 &rarr; <strong>1628</strong><br />(+24 for winning)
|raw|Shibuya Arc's rating: 1675 &rarr; <strong>1651</strong><br />(-24 for losing)
|l|☆Shibuya Arc
|player|p2|
