|j|☆gfhfghjsgdfhj
|j|☆NukaFanta
|t:|1758370114
|gametype|singles
|player|p1|gfhfghjsgdfhj|170|1354
|player|p2|NukaFanta|caitlin|1287
|gen|9
|tier|[Gen 9] OU
|rated|
|rule|HP Percentage Mod: HP is shown in percentages
|rule|Endless Battle Clause: Forcing endless battles is banned
|rule|Species Clause: Limit one of each Pokémon
|rule|OHKO Clause: OHKO moves are banned
|rule|Evasion Items Clause: Evasion items are banned
|rule|Evasion Moves Clause: Evasion moves are banned
|rule|Evasion Abilities Clause: Evasion abilities are banned
|rule|Sleep Moves Clause: Sleep-inducing moves are banned
|clearpoke
|poke|p1|Ceruledge, F|
|poke|p1|Iron Moth|
|poke|p1|Latias, F|
|poke|p1|Kyurem|
|poke|p1|Ninetales-Alola, F|
|poke|p1|Raging Bolt|
|poke|p2|Volcanion|
|poke|p2|Clodsire, F|
|poke|p2|Dachsbun, M|
|poke|p2|Samurott-Hisui, M|
|poke|p2|Jirachi|
|poke|p2|Orthworm, M|
|teampreview
|inactive|Battle timer is ON: inactive players will automatically lose when time's up. (requested by gfhfghjsgdfhj)
|
|t:|1758370130
|teamsize|p1|6
|teamsize|p2|6
|start
|switch|p1a: Ninetales|Ninetales-Alola, F|100/100
|switch|p2a: Meridian|Jirachi|100/100
|-weather|Snowscape|[from] ability: Snow Warning|[of] p1a: Ninetales
|turn|1
|
|t:|1758370135
|switch|p1a: Ceruledge|Ceruledge, F|100/100
|move|p2a: Meridian|Meteor Mash|p1a: Ceruledge
|-resisted|p1a: Ceruledge
|-damage|p1a: Ceruledge|75/100
|-ability|p1a: Ceruledge|Weak Armor|boost
|-unboost|p1a: Ceruledge|def|1
|-boost|p1a: Ceruledge|spe|2
|
|-weather|Snowscape|[upkeep]
|upkeep
|turn|2
|
|t:|1758370139
|switch|p2a: Fontaneda|Dachsbun, M, shiny|100/100
|move|p1a: Ceruledge|Swords Dance|p1a: Ceruledge
|-boost|p1a: Ceruledge|atk|2
|
|-weather|Snowscape|[upkeep]
|upkeep
|turn|3
|
|t:|1758370145
|move|p1a: Ceruledge|Bitter Blade|p2a: Fontaneda
|-ability|p2a: Fontaneda|Well-Baked Body|boost
|-boost|p2a: Fontaneda|def|2
|move|p2a: Fontaneda|Crunch|p1a: Ceruledge
|-supereffective|p1a: Ceruledge
|-damage|p1a: Ceruledge|0 fnt
|faint|p1a: Ceruledge
|
|-weather|Snowscape|[upkeep]
|upkeep
|inactive|gfhfghjsgdfhj has 120 seconds left.
|
|t:|1758370197
|switch|p1a: Ninetales|Ninetales-Alola, F|100/100
|turn|4
|
|t:|1758370210
|move|p1a: Ninetales|Aurora Veil|p1a: Ninetales
|-sidestart|p1: gfhfghjsgdfhj|move: Aurora Veil
|move|p2a: Fontaneda|Stomping Tantrum|p1a: Ninetales
|-damage|p1a: Ninetales|92/100
|
|-weather|Snowscape|[upkeep]
|upkeep
|turn|5
|inactive|gfhfghjsgdfhj has 120 seconds left.
|
|t:|1758370224
|switch|p1a: Latias|Latias, F|100/100
|move|p2a: Fontaneda|Body Press|p1a: Latias
|-resisted|p1a: Latias
|-damage|p1a: Latias|86/100
|
|-weather|none
|-heal|p1a: Latias|92/100|[from] item: Leftovers
|upkeep
|turn|6
|
|t:|1758370228
|move|p1a: Latias|Calm Mind|p1a: Latias
|-boost|p1a: Latias|spa|1
|-boost|p1a: Latias|spd|1
|move|p2a: Fontaneda|Play Rough|p1a: Latias|[miss]
|-miss|p2a: Fontaneda|p1a: Latias
|
|-heal|p1a: Latias|98/100|[from] item: Leftovers
|upkeep
|turn|7
|
|t:|1758370237
|-terastallize|p1a: Latias|Steel
|move|p1a: Latias|Agility|p1a: Latias
|-boost|p1a: Latias|spe|2
|move|p2a: Fontaneda|Play Rough|p1a: Latias
|-resisted|p1a: Latias
|-damage|p1a: Latias|89/100
|
|-heal|p1a: Latias|95/100|[from] item: Leftovers
|upkeep
|turn|8
|
|t:|1758370242
|move|p1a: Latias|Calm Mind|p1a: Latias
|-boost|p1a: Latias|spa|1
|-boost|p1a: Latias|spd|1
|move|p2a: Fontaneda|Body Press|p1a: Latias
|-supereffective|p1a: Latias
|-damage|p1a: Latias|24/100
|
|-heal|p1a: Latias|30/100|[from] item: Leftovers
|upkeep
|turn|9
|
|t:|1758370248
|move|p1a: Latias|Stored Power|p2a: Fontaneda
|-damage|p2a: Fontaneda|0 fnt
|faint|p2a: Fontaneda
|
|-heal|p1a: Latias|36/100|[from] item: Leftovers
|upkeep
|
|t:|1758370255
|switch|p2a: War|Samurott-Hisui, M|100/100
|turn|10
|
|t:|1758370274
|move|p1a: Latias|Aura Sphere|p2a: War
|-supereffective|p2a: War
|-damage|p2a: War|5/100
|move|p2a: War|Sacred Sword|p1a: Latias
|-supereffective|p1a: Latias
|-damage|p1a: Latias|0 fnt
|faint|p1a: Latias
|
|upkeep
|
|t:|1758370283
|switch|p1a: Ninetales|Ninetales-Alola, F|92/100
|-weather|Snowscape|[from] ability: Snow Warning|[of] p1a: Ninetales
|turn|11
|
|t:|1758370292
|move|p1a: Ninetales|Freeze-Dry|p2a: War
|-supereffective|p2a: War
|-damage|p2a: War|0 fnt
|faint|p2a: War
|
|-weather|Snowscape|[upkeep]
|-sideend|p1: gfhfghjsgdfhj|move: Aurora Veil
|upkeep
|
|t:|1758370294
|switch|p2a: Meridian|Jirachi|100/100
|turn|12
|
|t:|1758370298
|switch|p1a: Iron Moth|Iron Moth|100/100
|-enditem|p1a: Iron Moth|Booster Energy
|-activate|p1a: Iron Moth|ability: Quark Drive|[fromitem]
|-start|p1a: Iron Moth|quarkdrivespe
|move|p2a: Meridian|Meteor Mash|p1a: Iron Moth
|-resisted|p1a: Iron Moth
|-damage|p1a: Iron Moth|68/100
|-boost|p2a: Meridian|atk|1
|
|-weather|Snowscape|[upkeep]
|upkeep
|turn|13
|
|t:|1758370305
|move|p1a: Iron Moth|Fiery Dance|p2a: Meridian
|-supereffective|p2a: Meridian
|-damage|p2a: Meridian|30/100
|move|p2a: Meridian|Body Slam|p1a: Iron Moth
|-damage|p1a: Iron Moth|8/100
|
|-weather|Snowscape|[upkeep]
|upkeep
|turn|14
|
|t:|1758370318
|move|p1a: Iron Moth|Fiery Dance|p2a: Meridian
|-supereffective|p2a: Meridian
|-damage|p2a: Meridian|0 fnt
|-boost|p1a: Iron Moth|spa|1
|faint|p2a: Meridian
|
|-weather|Snowscape|[upkeep]
|upkeep
|
|t:|1758370321
|switch|p2a: Fog machine|Volcanion|100/100
|turn|15
|
|t:|1758370324
|move|p1a: Iron Moth|Sludge Wave|p2a: Fog machine
|-damage|p2a: Fog machine|17/100
|move|p2a: Fog machine|Earth Power|p1a: Iron Moth
|-supereffective|p1a: Iron Moth
|-damage|p1a: Iron Moth|0 fnt
|faint|p1a: Iron Moth
|-end|p1a: Iron Moth|Quark Drive|[silent]
|-damage|p2a: Fog machine|7/100|[from] item: Life Orb
|
|-weather|none
|upkeep
|
|t:|1758370330
|switch|p1a: Ninetales|Ninetales-Alola, F|92/100
|-weather|Snowscape|[from] ability: Snow Warning|[of] p1a: Ninetales
|turn|16
|
|t:|1758370337
|move|p1a: Ninetales|Aurora Veil|p1a: Ninetales
|-sidestart|p1: gfhfghjsgdfhj|move: Aurora Veil
|move|p2a: Fog machine|Fire Blast|p1a: Ninetales
|-supereffective|p1a: Ninetales
|-damage|p1a: Ninetales|9/100
|-damage|p2a: Fog machine|0 fnt|[from] item: Life Orb
|faint|p2a: Fog machine
|
|-weather|Snowscape|[upkeep]
|upkeep
|
|t:|1758370342
|switch|p2a: Tuna Sandwich|Clodsire, F, shiny|100/100
|turn|17
|
|t:|1758370346
|-terastallize|p2a: Tuna Sandwich|Bug
|move|p1a: Ninetales|Freeze-Dry|p2a: Tuna Sandwich
|-damage|p2a: Tuna Sandwich|83/100
|move|p2a: Tuna Sandwich|Stockpile|p2a: Tuna Sandwich
|-start|p2a: Tuna Sandwich|stockpile1
|-boost|p2a: Tuna Sandwich|def|1
|-boost|p2a: Tuna Sandwich|spd|1
|
|-weather|Snowscape|[upkeep]
|-heal|p2a: Tuna Sandwich|89/100|[from] item: Leftovers
|upkeep
|turn|18
|
|t:|1758370373
|move|p1a: Ninetales|Freeze-Dry|p2a: Tuna Sandwich
|-damage|p2a: Tuna Sandwich|75/100
|move|p2a: Tuna Sandwich|Stockpile|p2a: Tuna Sandwich
|-start|p2a: Tuna Sandwich|stockpile2
|-boost|p2a: Tuna Sandwich|def|1
|-boost|p2a: Tuna Sandwich|spd|1
|
|-weather|Snowscape|[upkeep]
|-heal|p2a: Tuna Sandwich|82/100|[from] item: Leftovers
|upkeep
|turn|19
|
|t:|1758370385
|move|p1a: Ninetales|Encore|p2a: Tuna Sandwich
|-start|p2a: Tuna Sandwich|Encore
|move|p2a: Tuna Sandwich|Stockpile|p2a: Tuna Sandwich
|-start|p2a: Tuna Sandwich|stockpile3
|-boost|p2a: Tuna Sandwich|def|1
|-boost|p2a: Tuna Sandwich|spd|1
|
|-weather|Snowscape|[upkeep]
|-heal|p2a: Tuna Sandwich|88/100|[from] item: Leftovers
|upkeep
|turn|20
|
|t:|1758370389
|move|p1a: Ninetales|Freeze-Dry|p2a: Tuna Sandwich
|-damage|p2a: Tuna Sandwich|79/100
|move|p2a: Tuna Sandwich|Stockpile||[still]
|-fail|p2a: Tuna Sandwich
|
|-weather|none
|-heal|p2a: Tuna Sandwich|86/100|[from] item: Leftovers
|upkeep
|turn|21
|
|t:|1758370396
|move|p1a: Ninetales|Freeze-Dry|p2a: Tuna Sandwich
|-damage|p2a: Tuna Sandwich|77/100
|move|p2a: Tuna Sandwich|Stockpile||[still]
|-fail|p2a: Tuna Sandwich
|
|-heal|p2a: Tuna Sandwich|83/100|[from] item: Leftovers
|-end|p2a: Tuna Sandwich|Encore
|upkeep
|turn|22
|
|t:|1758370402
|move|p1a: Ninetales|Encore|p2a: Tuna Sandwich
|-start|p2a: Tuna Sandwich|Encore
|move|p2a: Tuna Sandwich|Stockpile||[still]
|-fail|p2a: Tuna Sandwich
|
|-heal|p2a: Tuna Sandwich|90/100|[from] item: Leftovers
|upkeep
|turn|23
|
|t:|1758370420
|switch|p1a: Kyurem|Kyurem|100/100
|-ability|p1a: Kyurem|Pressure
|move|p2a: Tuna Sandwich|Stockpile||[still]
|-fail|p2a: Tuna Sandwich
|
|-heal|p2a: Tuna Sandwich|96/100|[from] item: Leftovers
|-sideend|p1: gfhfghjsgdfhj|move: Aurora Veil
|upkeep
|turn|24
|
|t:|1758370425
|move|p1a: Kyurem|Icicle Spear|p2a: Tuna Sandwich
|-damage|p2a: Tuna Sandwich|91/100
|-damage|p2a: Tuna Sandwich|86/100
|-damage|p2a: Tuna Sandwich|81/100
|-damage|p2a: Tuna Sandwich|76/100
|-damage|p2a: Tuna Sandwich|72/100
|-hitcount|p2a: Tuna Sandwich|5
|move|p2a: Tuna Sandwich|Stockpile||[still]
|-fail|p2a: Tuna Sandwich
|
|-heal|p2a: Tuna Sandwich|78/100|[from] item: Leftovers
|-end|p2a: Tuna Sandwich|Encore
|upkeep
|turn|25
|
|t:|1758370431
|move|p1a: Kyurem|Icicle Spear|p2a: Tuna Sandwich
|-damage|p2a: Tuna Sandwich|74/100
|-damage|p2a: Tuna Sandwich|69/100
|-damage|p2a: Tuna Sandwich|65/100
|-damage|p2a: Tuna Sandwich|60/100
|-hitcount|p2a: Tuna Sandwich|4
|move|p2a: Tuna Sandwich|Toxic|p1a: Kyurem
|-status|p1a: Kyurem|tox
|
|-heal|p2a: Tuna Sandwich|66/100|[from] item: Leftovers
|-damage|p1a: Kyurem|94/100 tox|[from] psn
|upkeep
|turn|26
|
|t:|1758370435
|move|p2a: Tuna Sandwich|Protect|p2a: Tuna Sandwich
|-singleturn|p2a: Tuna Sandwich|Protect
|move|p1a: Kyurem|Icicle Spear|p2a: Tuna Sandwich
|-activate|p2a: Tuna Sandwich|move: Protect
|
|-heal|p2a: Tuna Sandwich|72/100|[from] item: Leftovers
|-damage|p1a: Kyurem|82/100 tox|[from] psn
|upkeep
|turn|27
|
|t:|1758370441
|switch|p1a: Ninetales|Ninetales-Alola, F|9/100
|-weather|Snowscape|[from] ability: Snow Warning|[of] p1a: Ninetales
|move|p2a: Tuna Sandwich|Stockpile||[still]
|-fail|p2a: Tuna Sandwich
|
|-weather|Snowscape|[upkeep]
|-heal|p2a: Tuna Sandwich|78/100|[from] item: Leftovers
|upkeep
|turn|28
|
|t:|1758370445
|move|p1a: Ninetales|Encore|p2a: Tuna Sandwich
|-start|p2a: Tuna Sandwich|Encore
|move|p2a: Tuna Sandwich|Stockpile||[still]
|-fail|p2a: Tuna Sandwich
|
|-weather|Snowscape|[upkeep]
|-heal|p2a: Tuna Sandwich|85/100|[from] item: Leftovers
|upkeep
|turn|29
|
|t:|1758370451
|move|p1a: Ninetales|Freeze-Dry|p2a: Tuna Sandwich
|-damage|p2a: Tuna Sandwich|77/100
|move|p2a: Tuna Sandwich|Stockpile||[still]
|-fail|p2a: Tuna Sandwich
|
|-weather|Snowscape|[upkeep]
|-heal|p2a: Tuna Sandwich|84/100|[from] item: Leftovers
|upkeep
|turn|30
|
|t:|1758370454
|move|p1a: Ninetales|Freeze-Dry|p2a: Tuna Sandwich
|-damage|p2a: Tuna Sandwich|75/100
|move|p2a: Tuna Sandwich|Stockpile||[still]
|-fail|p2a: Tuna Sandwich
|
|-weather|Snowscape|[upkeep]
|-heal|p2a: Tuna Sandwich|82/100|[from] item: Leftovers
|-end|p2a: Tuna Sandwich|Encore
|upkeep
|turn|31
|
|t:|1758370456
|move|p1a: Ninetales|Encore|p2a: Tuna Sandwich
|-start|p2a: Tuna Sandwich|Encore
|move|p2a: Tuna Sandwich|Stockpile||[still]
|-fail|p2a: Tuna Sandwich
|
|-weather|none
|-heal|p2a: Tuna Sandwich|88/100|[from] item: Leftovers
|upkeep
|turn|32
|
|t:|1758370458
|move|p1a: Ninetales|Freeze-Dry|p2a: Tuna Sandwich
|-damage|p2a: Tuna Sandwich|81/100
|move|p2a: Tuna Sandwich|Stockpile||[still]
|-fail|p2a: Tuna Sandwich
|
|-heal|p2a: Tuna Sandwich|87/100|[from] item: Leftovers
|upkeep
|turn|33
|
|t:|1758370460
|move|p1a: Ninetales|Freeze-Dry|p2a: Tuna Sandwich
|-damage|p2a: Tuna Sandwich|79/100
|move|p2a: Tuna Sandwich|Stockpile||[still]
|-fail|p2a: Tuna Sandwich
|
|-heal|p2a: Tuna Sandwich|85/100|[from] item: Leftovers
|-end|p2a: Tuna Sandwich|Encore
|upkeep
|turn|34
|
|t:|1758370464
|move|p1a: Ninetales|Encore|p2a: Tuna Sandwich
|-start|p2a: Tuna Sandwich|Encore
|move|p2a: Tuna Sandwich|Stockpile||[still]
|-fail|p2a: Tuna Sandwich
|
|-heal|p2a: Tuna Sandwich|91/100|[from] item: Leftovers
|upkeep
|turn|35
|
|t:|1758370465
|move|p1a: Ninetales|Freeze-Dry|p2a: Tuna Sandwich
|-damage|p2a: Tuna Sandwich|83/100
|move|p2a: Tuna Sandwich|Stockpile||[still]
|-fail|p2a: Tuna Sandwich
|
|-heal|p2a: Tuna Sandwich|90/100|[from] item: Leftovers
|upkeep
|turn|36
|
|t:|1758370468
|move|p1a: Ninetales|Freeze-Dry|p2a: Tuna Sandwich
|-damage|p2a: Tuna Sandwich|82/100
|move|p2a: Tuna Sandwich|Stockpile||[still]
|-fail|p2a: Tuna Sandwich
|
|-heal|p2a: Tuna Sandwich|88/100|[from] item: Leftovers
|-end|p2a: Tuna Sandwich|Encore
|upkeep
|turn|37
|
|t:|1758370470
|move|p1a: Ninetales|Encore|p2a: Tuna Sandwich
|-start|p2a: Tuna Sandwich|Encore
|move|p2a: Tuna Sandwich|Stockpile||[still]
|-fail|p2a: Tuna Sandwich
|
|-heal|p2a: Tuna Sandwich|94/100|[from] item: Leftovers
|upkeep
|turn|38
|
|t:|1758370475
|move|p1a: Ninetales|Freeze-Dry|p2a: Tuna Sandwich
|-damage|p2a: Tuna Sandwich|86/100
|move|p2a: Tuna Sandwich|Stockpile||[still]
|-fail|p2a: Tuna Sandwich
|
|-heal|p2a: Tuna Sandwich|93/100|[from] item: Leftovers
|upkeep
|turn|39
|
|t:|1758370479
|move|p1a: Ninetales|Freeze-Dry|p2a: Tuna Sandwich
|-damage|p2a: Tuna Sandwich|85/100
|-status|p2a: Tuna Sandwich|frz
|cant|p2a: Tuna Sandwich|frz
|
|-heal|p2a: Tuna Sandwich|91/100 frz|[from] item: Leftovers
|-end|p2a: Tuna Sandwich|Encore
|upkeep
|turn|40
|
|t:|1758370482
|switch|p1a: Raging Bolt|Raging Bolt|100/100
|-enditem|p1a: Raging Bolt|Booster Energy
|-activate|p1a: Raging Bolt|ability: Protosynthesis|[fromitem]
|-start|p1a: Raging Bolt|protosynthesisspa
|cant|p2a: Tuna Sandwich|frz
|
|-heal|p2a: Tuna Sandwich|97/100 frz|[from] item: Leftovers
|upkeep
|turn|41
|
|t:|1758370484
|move|p1a: Raging Bolt|Thunderbolt|p2a: Tuna Sandwich
|-damage|p2a: Tuna Sandwich|77/100 frz
|cant|p2a: Tuna Sandwich|frz
|
|-heal|p2a: Tuna Sandwich|83/100 frz|[from] item: Leftovers
|upkeep
|turn|42
|
|t:|1758370486
|move|p1a: Raging Bolt|Thunderbolt|p2a: Tuna Sandwich
|-damage|p2a: Tuna Sandwich|64/100 frz
|cant|p2a: Tuna Sandwich|frz
|
|-heal|p2a: Tuna Sandwich|71/100 frz|[from] item: Leftovers
|upkeep
|turn|43
|
|t:|1758370488
|move|p1a: Raging Bolt|Thunderbolt|p2a: Tuna Sandwich
|-damage|p2a: Tuna Sandwich|50/100 frz
|cant|p2a: Tuna Sandwich|frz
|
|-heal|p2a: Tuna Sandwich|56/100 frz|[from] item: Leftovers
|upkeep
|turn|44
|
|t:|1758370491
|move|p1a: Raging Bolt|Thunderbolt|p2a: Tuna Sandwich
|-damage|p2a: Tuna Sandwich|36/100 frz
|-curestatus|p2a: Tuna Sandwich|frz|[msg]
|move|p2a: Tuna Sandwich|Toxic|p1a: Raging Bolt
|-status|p1a: Raging Bolt|tox
|
|-heal|p2a: Tuna Sandwich|42/100|[from] item: Leftovers
|-damage|p1a: Raging Bolt|94/100 tox|[from] psn
|upkeep
|turn|45
|
|t:|1758370497
|move|p1a: Raging Bolt|Calm Mind|p1a: Raging Bolt
|-boost|p1a: Raging Bolt|spa|1
|-boost|p1a: Raging Bolt|spd|1
|move|p2a: Tuna Sandwich|Recover|p2a: Tuna Sandwich
|-heal|p2a: Tuna Sandwich|92/100
|
|-heal|p2a: Tuna Sandwich|98/100|[from] item: Leftovers
|-damage|p1a: Raging Bolt|82/100 tox|[from] psn
|upkeep
|turn|46
|-message|gfhfghjsgdfhj forfeited.
|
|win|NukaFanta
|raw|gfhfghjsgdfhj's rating: 1354 &rarr; <strong>1330</strong><br />(-24 for losing)
|raw|NukaFanta's rating: 1287 &rarr; <strong>1317</strong><br />(+30 for winning)
|l|☆NukaFanta
|player|p2|
