|j|☆dxBasti
|j|☆PapsIGuess31
|t:|1758264284
|gametype|singles
|player|p1|dxBasti|n|1192
|player|p2|PapsIGuess31|ingo|1253
|gen|9
|tier|[Gen 9] OU
|rated|
|rule|HP Percentage Mod: HP is shown in percentages
|rule|Endless Battle Clause: Forcing endless battles is banned
|rule|Species Clause: Limit one of each Pokémon
|rule|OHKO Clause: OHKO moves are banned
|rule|Evasion Items Clause: Evasion items are banned
|rule|Evasion Moves Clause: Evasion moves are banned
|rule|Evasion Abilities Clause: Evasion abilities are banned
|rule|Sleep Moves Clause: Sleep-inducing moves are banned
|clearpoke
|poke|p1|Meowscarada, M|
|poke|p1|Great Tusk|
|poke|p1|Rotom-Wash|
|poke|p1|Dragapult, M|
|poke|p1|Kingambit, F|
|poke|p1|Clefable, M|
|poke|p2|Hydrapple, M|
|poke|p2|Dragapult, M|
|poke|p2|Tinkaton, F|
|poke|p2|Blaziken, M|
|poke|p2|Oricorio-Pom-Pom, M|
|poke|p2|Crawdaunt, M|
|teampreview
|c|☆PapsIGuess31|glhf!
|
|t:|1758264291
|teamsize|p1|6
|teamsize|p2|6
|start
|switch|p1a: Meowscarada|Meowscarada, M|100/100
|switch|p2a: Hydrapple|Hydrapple, M, shiny|100/100
|turn|1
|inactive|Battle timer is ON: inactive players will automatically lose when time's up. (requested by dxBasti)
|
|t:|1758264296
|switch|p2a: Blaziken|Blaziken, M|100/100
|move|p1a: Meowscarada|Triple Axel|p2a: Blaziken
|-start|p1a: Meowscarada|typechange|Ice|[from] ability: Protean
|-resisted|p2a: Blaziken
|-damage|p2a: Blaziken|90/100
|-resisted|p2a: Blaziken
|-damage|p2a: Blaziken|67/100
|-resisted|p2a: Blaziken
|-damage|p2a: Blaziken|38/100
|-hitcount|p2a: Blaziken|3
|
|upkeep
|turn|2
|
|t:|1758264300
|move|p2a: Blaziken|Protect|p2a: Blaziken
|-singleturn|p2a: Blaziken|Protect
|move|p1a: Meowscarada|Triple Axel|p2a: Blaziken
|-activate|p2a: Blaziken|move: Protect
|
|-ability|p2a: Blaziken|Speed Boost|boost
|-boost|p2a: Blaziken|spe|1
|upkeep
|turn|3
|
|t:|1758264304
|switch|p1a: Rotom|Rotom-Wash|100/100
|move|p2a: Blaziken|Blaze Kick|p1a: Rotom
|-resisted|p1a: Rotom
|-damage|p1a: Rotom|79/100
|-damage|p2a: Blaziken|28/100|[from] item: Life Orb
|
|-heal|p1a: Rotom|85/100|[from] item: Leftovers
|-ability|p2a: Blaziken|Speed Boost|boost
|-boost|p2a: Blaziken|spe|1
|upkeep
|turn|4
|
|t:|1758264307
|move|p2a: Blaziken|Brick Break|p1a: Rotom
|-damage|p1a: Rotom|48/100
|-damage|p2a: Blaziken|18/100|[from] item: Life Orb
|move|p1a: Rotom|Volt Switch|p2a: Blaziken
|-damage|p2a: Blaziken|0 fnt
|faint|p2a: Blaziken
|
|t:|1758264310
|switch|p1a: Meowscarada|Meowscarada, M|100/100|[from] Volt Switch
|
|upkeep
|
|t:|1758264315
|switch|p2a: Tinkaton|Tinkaton, F|100/100
|-ability|p2a: Tinkaton|Mold Breaker
|-item|p2a: Tinkaton|Air Balloon
|turn|5
|
|t:|1758264323
|move|p1a: Meowscarada|U-turn|p2a: Tinkaton
|-start|p1a: Meowscarada|typechange|Bug|[from] ability: Protean
|-resisted|p2a: Tinkaton
|-damage|p2a: Tinkaton|91/100
|-enditem|p2a: Tinkaton|Air Balloon
|
|t:|1758264343
|switch|p1a: Great Tusk|Great Tusk|100/100|[from] U-turn
|move|p2a: Tinkaton|Stealth Rock|p1a: Great Tusk
|-sidestart|p1: dxBasti|move: Stealth Rock
|
|upkeep
|turn|6
|
|t:|1758264358
|switch|p2a: Oricorio|Oricorio-Pom-Pom, M|100/100
|move|p1a: Great Tusk|Earthquake|p2a: Oricorio
|-immune|p2a: Oricorio
|
|upkeep
|turn|7
|
|t:|1758264366
|move|p1a: Great Tusk|Rapid Spin|p2a: Oricorio
|-damage|p2a: Oricorio|84/100
|-boost|p1a: Great Tusk|spe|1
|-sideend|p1: dxBasti|Stealth Rock|[from] move: Rapid Spin|[of] p1a: Great Tusk
|move|p2a: Oricorio|Quiver Dance|p2a: Oricorio
|-boost|p2a: Oricorio|spa|1
|-boost|p2a: Oricorio|spd|1
|-boost|p2a: Oricorio|spe|1
|
|-heal|p2a: Oricorio|91/100|[from] item: Leftovers
|upkeep
|turn|8
|
|t:|1758264379
|-end|p1a: Great Tusk|Protosynthesis|[silent]
|switch|p1a: Dragapult|Dragapult, M|100/100
|move|p2a: Oricorio|Air Slash|p1a: Dragapult
|-damage|p1a: Dragapult|46/100
|
|-heal|p1a: Dragapult|52/100|[from] item: Leftovers
|-heal|p2a: Oricorio|97/100|[from] item: Leftovers
|upkeep
|turn|9
|
|t:|1758264383
|move|p1a: Dragapult|Dragon Darts|p2a: Oricorio
|-damage|p2a: Oricorio|79/100
|-anim|p1a: Dragapult|Dragon Darts|p2a: Oricorio
|-damage|p2a: Oricorio|62/100
|move|p2a: Oricorio|Quiver Dance|p2a: Oricorio
|-boost|p2a: Oricorio|spa|1
|-boost|p2a: Oricorio|spd|1
|-boost|p2a: Oricorio|spe|1
|
|-heal|p2a: Oricorio|69/100|[from] item: Leftovers
|-heal|p1a: Dragapult|58/100|[from] item: Leftovers
|upkeep
|turn|10
|
|t:|1758264386
|move|p2a: Oricorio|Air Slash|p1a: Dragapult
|-damage|p1a: Dragapult|0 fnt
|faint|p1a: Dragapult
|
|-heal|p2a: Oricorio|75/100|[from] item: Leftovers
|upkeep
|
|t:|1758264394
|switch|p1a: Kingambit|Kingambit, F|100/100
|-activate|p1a: Kingambit|ability: Supreme Overlord
|-start|p1a: Kingambit|fallen1|[silent]
|-item|p1a: Kingambit|Air Balloon
|turn|11
|
|t:|1758264398
|move|p2a: Oricorio|Air Slash|p1a: Kingambit
|-resisted|p1a: Kingambit
|-damage|p1a: Kingambit|70/100
|-enditem|p1a: Kingambit|Air Balloon
|cant|p1a: Kingambit|flinch
|
|-heal|p2a: Oricorio|81/100|[from] item: Leftovers
|upkeep
|turn|12
|
|t:|1758264401
|move|p2a: Oricorio|Air Slash|p1a: Kingambit
|-resisted|p1a: Kingambit
|-damage|p1a: Kingambit|43/100
|cant|p1a: Kingambit|flinch
|
|-heal|p2a: Oricorio|87/100|[from] item: Leftovers
|upkeep
|turn|13
|
|t:|1758264408
|move|p1a: Kingambit|Sucker Punch|p2a: Oricorio
|-crit|p2a: Oricorio
|-damage|p2a: Oricorio|26/100
|move|p2a: Oricorio|Revelation Dance|p1a: Kingambit
|-damage|p1a: Kingambit|0 fnt
|faint|p1a: Kingambit
|-end|p1a: Kingambit|fallen1|[silent]
|
|-heal|p2a: Oricorio|32/100|[from] item: Leftovers
|upkeep
|
|t:|1758264417
|switch|p1a: Rotom|Rotom-Wash|48/100
|turn|14
|
|t:|1758264419
|move|p2a: Oricorio|Revelation Dance|p1a: Rotom
|-damage|p1a: Rotom|0 fnt
|faint|p1a: Rotom
|
|-heal|p2a: Oricorio|39/100|[from] item: Leftovers
|upkeep
|
|t:|1758264426
|switch|p1a: Clefable|Clefable, M|100/100
|turn|15
|
|t:|1758264430
|move|p2a: Oricorio|Roost|p2a: Oricorio
|-heal|p2a: Oricorio|89/100
|-singleturn|p2a: Oricorio|move: Roost
|move|p1a: Clefable|Moonblast|p2a: Oricorio
|-damage|p2a: Oricorio|67/100
|-unboost|p2a: Oricorio|spa|1
|
|-heal|p2a: Oricorio|73/100|[from] item: Leftovers
|upkeep
|turn|16
|
|t:|1758264434
|move|p2a: Oricorio|Air Slash|p1a: Clefable
|-damage|p1a: Clefable|73/100
|move|p1a: Clefable|Moonblast|p2a: Oricorio
|-damage|p2a: Oricorio|54/100
|
|-heal|p2a: Oricorio|60/100|[from] item: Leftovers
|-heal|p1a: Clefable|79/100|[from] item: Leftovers
|upkeep
|turn|17
|
|t:|1758264437
|move|p2a: Oricorio|Air Slash|p1a: Clefable
|-damage|p1a: Clefable|54/100
|move|p1a: Clefable|Moonblast|p2a: Oricorio
|-damage|p2a: Oricorio|39/100
|
|-heal|p2a: Oricorio|45/100|[from] item: Leftovers
|-heal|p1a: Clefable|60/100|[from] item: Leftovers
|upkeep
|turn|18
|
|t:|1758264440
|move|p2a: Oricorio|Quiver Dance|p2a: Oricorio
|-boost|p2a: Oricorio|spa|1
|-boost|p2a: Oricorio|spd|1
|-boost|p2a: Oricorio|spe|1
|move|p1a: Clefable|Moonblast|p2a: Oricorio
|-damage|p2a: Oricorio|29/100
|-unboost|p2a: Oricorio|spa|1
|
|-heal|p2a: Oricorio|35/100|[from] item: Leftovers
|-heal|p1a: Clefable|66/100|[from] item: Leftovers
|upkeep
|turn|19
|
|t:|1758264447
|move|p2a: Oricorio|Roost|p2a: Oricorio
|-heal|p2a: Oricorio|85/100
|-singleturn|p2a: Oricorio|move: Roost
|move|p1a: Clefable|Moonblast|p2a: Oricorio
|-damage|p2a: Oricorio|70/100
|-unboost|p2a: Oricorio|spa|1
|
|-heal|p2a: Oricorio|76/100|[from] item: Leftovers
|-heal|p1a: Clefable|72/100|[from] item: Leftovers
|upkeep
|turn|20
|
|t:|1758264450
|move|p2a: Oricorio|Air Slash|p1a: Clefable
|-damage|p1a: Clefable|56/100
|move|p1a: Clefable|Moonblast|p2a: Oricorio
|-damage|p2a: Oricorio|59/100
|
|-heal|p2a: Oricorio|65/100|[from] item: Leftovers
|-heal|p1a: Clefable|62/100|[from] item: Leftovers
|upkeep
|turn|21
|
|t:|1758264452
|move|p2a: Oricorio|Quiver Dance|p2a: Oricorio
|-boost|p2a: Oricorio|spa|1
|-boost|p2a: Oricorio|spd|1
|-boost|p2a: Oricorio|spe|1
|move|p1a: Clefable|Moonblast|p2a: Oricorio
|-damage|p2a: Oricorio|52/100
|
|-heal|p2a: Oricorio|58/100|[from] item: Leftovers
|-heal|p1a: Clefable|68/100|[from] item: Leftovers
|upkeep
|turn|22
|
|t:|1758264455
|move|p2a: Oricorio|Revelation Dance|p1a: Clefable
|-damage|p1a: Clefable|40/100
|move|p1a: Clefable|Moonblast|p2a: Oricorio
|-damage|p2a: Oricorio|44/100
|
|-heal|p2a: Oricorio|50/100|[from] item: Leftovers
|-heal|p1a: Clefable|46/100|[from] item: Leftovers
|upkeep
|turn|23
|
|t:|1758264459
|move|p2a: Oricorio|Quiver Dance|p2a: Oricorio
|-boost|p2a: Oricorio|spa|1
|-boost|p2a: Oricorio|spd|1
|-boost|p2a: Oricorio|spe|1
|move|p1a: Clefable|Moonlight|p1a: Clefable
|-heal|p1a: Clefable|96/100
|
|-heal|p2a: Oricorio|57/100|[from] item: Leftovers
|-heal|p1a: Clefable|100/100|[from] item: Leftovers
|upkeep
|turn|24
|
|t:|1758264462
|move|p2a: Oricorio|Quiver Dance|p2a: Oricorio
|-boost|p2a: Oricorio|spa|1
|-boost|p2a: Oricorio|spd|1
|-boost|p2a: Oricorio|spe|1
|move|p1a: Clefable|Moonblast|p2a: Oricorio
|-damage|p2a: Oricorio|46/100
|
|-heal|p2a: Oricorio|52/100|[from] item: Leftovers
|upkeep
|turn|25
|
|t:|1758264465
|move|p2a: Oricorio|Roost|p2a: Oricorio
|-heal|p2a: Oricorio|100/100
|-singleturn|p2a: Oricorio|move: Roost
|move|p1a: Clefable|Moonblast|p2a: Oricorio
|-damage|p2a: Oricorio|90/100
|-unboost|p2a: Oricorio|spa|1
|
|-heal|p2a: Oricorio|96/100|[from] item: Leftovers
|upkeep
|turn|26
|
|t:|1758264467
|move|p2a: Oricorio|Air Slash|p1a: Clefable
|-damage|p1a: Clefable|69/100
|move|p1a: Clefable|Moonblast|p2a: Oricorio
|-damage|p2a: Oricorio|85/100
|
|-heal|p2a: Oricorio|91/100|[from] item: Leftovers
|-heal|p1a: Clefable|75/100|[from] item: Leftovers
|upkeep
|turn|27
|
|t:|1758264469
|move|p2a: Oricorio|Air Slash|p1a: Clefable|[miss]
|-miss|p2a: Oricorio|p1a: Clefable
|move|p1a: Clefable|Moonblast|p2a: Oricorio
|-damage|p2a: Oricorio|81/100
|
|-heal|p2a: Oricorio|87/100|[from] item: Leftovers
|-heal|p1a: Clefable|81/100|[from] item: Leftovers
|upkeep
|turn|28
|
|t:|1758264472
|move|p2a: Oricorio|Air Slash|p1a: Clefable|[miss]
|-miss|p2a: Oricorio|p1a: Clefable
|move|p1a: Clefable|Moonblast|p2a: Oricorio
|-damage|p2a: Oricorio|77/100
|
|-heal|p2a: Oricorio|83/100|[from] item: Leftovers
|-heal|p1a: Clefable|87/100|[from] item: Leftovers
|upkeep
|turn|29
|
|t:|1758264474
|move|p2a: Oricorio|Air Slash|p1a: Clefable
|-damage|p1a: Clefable|52/100
|move|p1a: Clefable|Moonblast|p2a: Oricorio
|-damage|p2a: Oricorio|73/100
|-unboost|p2a: Oricorio|spa|1
|
|-heal|p2a: Oricorio|79/100|[from] item: Leftovers
|-heal|p1a: Clefable|58/100|[from] item: Leftovers
|upkeep
|turn|30
|
|t:|1758264477
|move|p2a: Oricorio|Quiver Dance|p2a: Oricorio
|-boost|p2a: Oricorio|spa|1
|-boost|p2a: Oricorio|spd|0
|-boost|p2a: Oricorio|spe|0
|move|p1a: Clefable|Moonblast|p2a: Oricorio
|-damage|p2a: Oricorio|68/100
|
|-heal|p2a: Oricorio|74/100|[from] item: Leftovers
|-heal|p1a: Clefable|64/100|[from] item: Leftovers
|upkeep
|turn|31
|
|t:|1758264480
|move|p2a: Oricorio|Air Slash|p1a: Clefable
|-damage|p1a: Clefable|30/100
|move|p1a: Clefable|Moonblast|p2a: Oricorio
|-damage|p2a: Oricorio|65/100
|
|-heal|p2a: Oricorio|71/100|[from] item: Leftovers
|-heal|p1a: Clefable|36/100|[from] item: Leftovers
|upkeep
|turn|32
|
|t:|1758264482
|move|p2a: Oricorio|Revelation Dance|p1a: Clefable
|-damage|p1a: Clefable|0 fnt
|faint|p1a: Clefable
|
|-heal|p2a: Oricorio|77/100|[from] item: Leftovers
|upkeep
|
|t:|1758264488
|switch|p1a: Meowscarada|Meowscarada, M|100/100
|turn|33
|
|t:|1758264497
|move|p2a: Oricorio|Air Slash|p1a: Meowscarada
|-supereffective|p1a: Meowscarada
|-damage|p1a: Meowscarada|0 fnt
|faint|p1a: Meowscarada
|
|-heal|p2a: Oricorio|83/100|[from] item: Leftovers
|upkeep
|-message|dxBasti forfeited.
|
|win|PapsIGuess31
|raw|dxBasti's rating: 1192 &rarr; <strong>1171</strong><br />(-21 for losing)
|raw|PapsIGuess31's rating: 1253 &rarr; <strong>1274</strong><br />(+21 for winning)
|l|☆dxBasti
|player|p1|
|l|☆PapsIGuess31
|player|p2|
