|j|☆jsyxfqhau
|j|☆Korosion
|t:|1758347490
|gametype|singles
|player|p1|jsyxfqhau|red|1243
|player|p2|Korosion|grimsley|1212
|gen|9
|tier|[Gen 9] OU
|rated|
|rule|HP Percentage Mod: HP is shown in percentages
|rule|Endless Battle Clause: Forcing endless battles is banned
|rule|Species Clause: Limit one of each Pokémon
|rule|OHKO Clause: OHKO moves are banned
|rule|Evasion Items Clause: Evasion items are banned
|rule|Evasion Moves Clause: Evasion moves are banned
|rule|Evasion Abilities Clause: Evasion abilities are banned
|rule|Sleep Moves Clause: Sleep-inducing moves are banned
|clearpoke
|poke|p1|Gliscor, M|
|poke|p1|Umbreon, F|
|poke|p1|Pelipper, F|
|poke|p1|Ogerpon-Wellspring, F|
|poke|p1|Dondozo, F|
|poke|p1|Sceptile, M|
|poke|p2|Gliscor, F|
|poke|p2|Skarmory, F|
|poke|p2|Dragapult, M|
|poke|p2|Kingambit, M|
|poke|p2|Skeledirge, F|
|poke|p2|Araquanid, F|
|teampreview
|
|t:|1758347506
|teamsize|p1|6
|teamsize|p2|6
|start
|switch|p1a: Pelipper|Pelipper, F, shiny|100/100
|switch|p2a: Araquanid|Araquanid, F|100/100
|-weather|RainDance|[from] ability: Drizzle|[of] p1a: Pelipper
|turn|1
|
|t:|1758347515
|move|p2a: Araquanid|Sticky Web|p1a: Pelipper
|-sidestart|p1: jsyxfqhau|move: Sticky Web
|move|p1a: Pelipper|Hurricane|p2a: Araquanid
|-supereffective|p2a: Araquanid
|-damage|p2a: Araquanid|1/100
|
|-weather|RainDance|[upkeep]
|upkeep
|turn|2
|
|t:|1758347525
|move|p2a: Araquanid|Endeavor|p1a: Pelipper
|-damage|p1a: Pelipper|1/100
|move|p1a: Pelipper|U-turn|p2a: Araquanid
|-damage|p2a: Araquanid|0 fnt
|faint|p2a: Araquanid
|
|t:|1758347543
|switch|p1a: Umbreon|Umbreon, F, shiny|100/100|[from] U-turn
|-activate|p1a: Umbreon|move: Sticky Web
|-unboost|p1a: Umbreon|spe|1
|
|-weather|RainDance|[upkeep]
|upkeep
|
|t:|1758347550
|switch|p2a: Gliscor|Gliscor, F|100/100
|turn|3
|
|t:|1758347555
|switch|p1a: Gliscor|Gliscor, M|100/100
|move|p2a: Gliscor|Toxic|p1a: Gliscor
|-status|p1a: Gliscor|tox
|
|-weather|RainDance|[upkeep]
|-status|p2a: Gliscor|tox|[from] item: Toxic Orb
|upkeep
|turn|4
|
|t:|1758347566
|switch|p2a: Skarmory|Skarmory, F|100/100
|move|p1a: Gliscor|Substitute|p1a: Gliscor
|-start|p1a: Gliscor|Substitute
|-damage|p1a: Gliscor|76/100 tox
|
|-weather|RainDance|[upkeep]
|-heal|p1a: Gliscor|88/100 tox|[from] ability: Poison Heal
|upkeep
|turn|5
|
|t:|1758347580
|switch|p1a: Dondozo|Dondozo, F, shiny|100/100
|-activate|p1a: Dondozo|move: Sticky Web
|-unboost|p1a: Dondozo|spe|1
|move|p2a: Skarmory|Stealth Rock|p1a: Dondozo
|-sidestart|p1: jsyxfqhau|move: Stealth Rock
|
|-weather|RainDance|[upkeep]
|upkeep
|turn|6
|
|t:|1758347591
|switch|p2a: Dragapult|Dragapult, M, shiny|100/100
|move|p1a: Dondozo|Aqua Tail|p2a: Dragapult
|-resisted|p2a: Dragapult
|-damage|p2a: Dragapult|60/100
|
|-weather|RainDance|[upkeep]
|upkeep
|turn|7
|
|t:|1758347599
|move|p1a: Dondozo|Protect|p1a: Dondozo
|-singleturn|p1a: Dondozo|Protect
|move|p2a: Dragapult|Curse|p1a: Dondozo
|-start|p1a: Dondozo|Curse|[of] p2a: Dragapult
|-damage|p2a: Dragapult|11/100
|
|-weather|RainDance|[upkeep]
|-damage|p1a: Dondozo|75/100|[from] Curse
|upkeep
|turn|8
|
|t:|1758347612
|move|p2a: Dragapult|U-turn|p1a: Dondozo
|-damage|p1a: Dondozo|59/100
|-damage|p2a: Dragapult|1/100|[from] item: Life Orb
|
|t:|1758347617
|switch|p2a: Skarmory|Skarmory, F|100/100|[from] U-turn
|move|p1a: Dondozo|Aqua Tail|p2a: Skarmory
|-damage|p2a: Skarmory|70/100
|-damage|p1a: Dondozo|42/100|[from] item: Rocky Helmet|[of] p2a: Skarmory
|-ability|p2a: Skarmory|Weak Armor|boost
|-unboost|p2a: Skarmory|def|1
|-boost|p2a: Skarmory|spe|2
|
|-weather|none
|-heal|p1a: Dondozo|48/100|[from] item: Leftovers
|-damage|p1a: Dondozo|23/100|[from] Curse
|upkeep
|turn|9
|
|t:|1758347631
|switch|p1a: Umbreon|Umbreon, F, shiny|100/100
|-activate|p1a: Umbreon|move: Sticky Web
|-unboost|p1a: Umbreon|spe|1
|-damage|p1a: Umbreon|88/100|[from] Stealth Rock
|move|p2a: Skarmory|Roost|p2a: Skarmory
|-heal|p2a: Skarmory|100/100
|-singleturn|p2a: Skarmory|move: Roost
|
|-heal|p1a: Umbreon|94/100|[from] item: Leftovers
|upkeep
|turn|10
|
|t:|1758347646
|move|p2a: Skarmory|Iron Defense|p2a: Skarmory
|-boost|p2a: Skarmory|def|2
|move|p1a: Umbreon|Foul Play|p2a: Skarmory
|-damage|p2a: Skarmory|92/100
|-damage|p1a: Umbreon|78/100|[from] item: Rocky Helmet|[of] p2a: Skarmory
|-ability|p2a: Skarmory|Weak Armor|boost
|-unboost|p2a: Skarmory|def|1
|-boost|p2a: Skarmory|spe|2
|
|-heal|p1a: Umbreon|84/100|[from] item: Leftovers
|upkeep
|turn|11
|
|t:|1758347653
|move|p2a: Skarmory|Iron Defense|p2a: Skarmory
|-boost|p2a: Skarmory|def|2
|move|p1a: Umbreon|Wish|p1a: Umbreon
|
|-heal|p1a: Umbreon|90/100|[from] item: Leftovers
|upkeep
|turn|12
|
|t:|1758347662
|switch|p1a: Dondozo|Dondozo, F, shiny|23/100
|-activate|p1a: Dondozo|move: Sticky Web
|-unboost|p1a: Dondozo|spe|1
|-damage|p1a: Dondozo|11/100|[from] Stealth Rock
|move|p2a: Skarmory|Iron Defense|p2a: Skarmory
|-boost|p2a: Skarmory|def|2
|
|-heal|p1a: Dondozo|50/100|[from] move: Wish|[wisher] Umbreon
|-heal|p1a: Dondozo|56/100|[from] item: Leftovers
|upkeep
|turn|13
|
|t:|1758347675
|move|p2a: Skarmory|Iron Defense|p2a: Skarmory
|-boost|p2a: Skarmory|def|2
|move|p1a: Dondozo|Aqua Tail|p2a: Skarmory
|-damage|p2a: Skarmory|72/100
|-damage|p1a: Dondozo|39/100|[from] item: Rocky Helmet|[of] p2a: Skarmory
|-ability|p2a: Skarmory|Weak Armor|boost
|-unboost|p2a: Skarmory|def|1
|-boost|p2a: Skarmory|spe|2
|
|-heal|p1a: Dondozo|46/100|[from] item: Leftovers
|upkeep
|turn|14
|
|t:|1758347697
|move|p1a: Dondozo|Protect|p1a: Dondozo
|-singleturn|p1a: Dondozo|Protect
|move|p2a: Skarmory|Body Press|p1a: Dondozo
|-activate|p1a: Dondozo|move: Protect
|
|-heal|p1a: Dondozo|52/100|[from] item: Leftovers
|upkeep
|turn|15
|
|t:|1758347703
|-terastallize|p1a: Dondozo|Fire
|move|p2a: Skarmory|Body Press|p1a: Dondozo
|-crit|p1a: Dondozo
|-damage|p1a: Dondozo|24/100
|move|p1a: Dondozo|Tera Blast|p2a: Skarmory|[anim] Tera Blast Fire
|-supereffective|p2a: Skarmory
|-damage|p2a: Skarmory|36/100
|-ability|p2a: Skarmory|Weak Armor|boost
|-unboost|p2a: Skarmory|def|1
|
|-heal|p1a: Dondozo|30/100|[from] item: Leftovers
|upkeep
|turn|16
|
|t:|1758347715
|-terastallize|p2a: Skarmory|Dragon
|move|p2a: Skarmory|Roost|p2a: Skarmory
|-heal|p2a: Skarmory|86/100
|move|p1a: Dondozo|Tera Blast|p2a: Skarmory|[anim] Tera Blast Fire
|-resisted|p2a: Skarmory
|-damage|p2a: Skarmory|77/100
|-ability|p2a: Skarmory|Weak Armor|boost
|-unboost|p2a: Skarmory|def|1
|
|-heal|p1a: Dondozo|36/100|[from] item: Leftovers
|upkeep
|turn|17
|
|t:|1758347731
|switch|p1a: Gliscor|Gliscor, M|88/100 tox
|-damage|p1a: Gliscor|76/100 tox|[from] Stealth Rock
|move|p2a: Skarmory|Iron Defense|p2a: Skarmory
|-boost|p2a: Skarmory|def|2
|
|-heal|p1a: Gliscor|88/100 tox|[from] ability: Poison Heal
|upkeep
|turn|18
|
|t:|1758347743
|move|p2a: Skarmory|Iron Defense|p2a: Skarmory
|-boost|p2a: Skarmory|def|1
|move|p1a: Gliscor|Toxic|p2a: Skarmory
|-status|p2a: Skarmory|tox
|
|-damage|p2a: Skarmory|71/100 tox|[from] psn
|-heal|p1a: Gliscor|100/100 tox|[from] ability: Poison Heal
|upkeep
|turn|19
|
|t:|1758347755
|move|p2a: Skarmory|Body Press|p1a: Gliscor
|-resisted|p1a: Gliscor
|-damage|p1a: Gliscor|52/100 tox
|move|p1a: Gliscor|Earthquake|p2a: Skarmory
|-damage|p2a: Skarmory|66/100 tox
|-ability|p2a: Skarmory|Weak Armor|boost
|-unboost|p2a: Skarmory|def|1
|
|-damage|p2a: Skarmory|54/100 tox|[from] psn
|-heal|p1a: Gliscor|65/100 tox|[from] ability: Poison Heal
|upkeep
|turn|20
|
|t:|1758347767
|move|p1a: Gliscor|Protect|p1a: Gliscor
|-singleturn|p1a: Gliscor|Protect
|move|p2a: Skarmory|Body Press|p1a: Gliscor
|-activate|p1a: Gliscor|move: Protect
|
|-damage|p2a: Skarmory|36/100 tox|[from] psn
|-heal|p1a: Gliscor|77/100 tox|[from] ability: Poison Heal
|upkeep
|turn|21
|
|t:|1758347776
|move|p2a: Skarmory|Body Press|p1a: Gliscor
|-resisted|p1a: Gliscor
|-damage|p1a: Gliscor|27/100 tox
|move|p1a: Gliscor|Substitute|p1a: Gliscor
|-start|p1a: Gliscor|Substitute
|-damage|p1a: Gliscor|2/100 tox
|
|-damage|p2a: Skarmory|12/100 tox|[from] psn
|-heal|p1a: Gliscor|15/100 tox|[from] ability: Poison Heal
|upkeep
|turn|22
|
|t:|1758347787
|move|p1a: Gliscor|Protect|p1a: Gliscor
|-singleturn|p1a: Gliscor|Protect
|move|p2a: Skarmory|Body Press|p1a: Gliscor
|-activate|p1a: Gliscor|move: Protect
|
|-damage|p2a: Skarmory|0 fnt|[from] psn
|faint|p2a: Skarmory
|-heal|p1a: Gliscor|27/100 tox|[from] ability: Poison Heal
|upkeep
|
|t:|1758347797
|switch|p2a: Dragapult|Dragapult, M, shiny|1/100
|turn|23
|
|t:|1758347809
|move|p2a: Dragapult|Dragon Darts|p1a: Gliscor
|-end|p1a: Gliscor|Substitute
|-anim|p2a: Dragapult|Dragon Darts|p1a: Gliscor
|-damage|p1a: Gliscor|0 fnt
|faint|p1a: Gliscor
|-damage|p2a: Dragapult|0 fnt|[from] item: Life Orb
|faint|p2a: Dragapult
|
|upkeep
|
|t:|1758347831
|switch|p2a: Skeledirge|Skeledirge, F|100/100
|switch|p1a: Sceptile|Sceptile, M, shiny|100/100
|-activate|p1a: Sceptile|move: Sticky Web
|-unboost|p1a: Sceptile|spe|1
|-damage|p1a: Sceptile|88/100|[from] Stealth Rock
|turn|24
|
|t:|1758347847
|move|p1a: Sceptile|Rock Slide|p2a: Skeledirge
|-supereffective|p2a: Skeledirge
|-damage|p2a: Skeledirge|74/100
|cant|p2a: Skeledirge|flinch
|
|-heal|p2a: Skeledirge|80/100|[from] item: Leftovers
|upkeep
|turn|25
|
|t:|1758347854
|move|p1a: Sceptile|Rock Slide|p2a: Skeledirge
|-supereffective|p2a: Skeledirge
|-damage|p2a: Skeledirge|55/100
|move|p2a: Skeledirge|Torch Song|p1a: Sceptile
|-supereffective|p1a: Sceptile
|-damage|p1a: Sceptile|11/100
|-boost|p2a: Skeledirge|spa|1
|
|-heal|p2a: Skeledirge|61/100|[from] item: Leftovers
|upkeep
|turn|26
|
|t:|1758347869
|move|p1a: Sceptile|Rock Slide|p2a: Skeledirge
|-supereffective|p2a: Skeledirge
|-damage|p2a: Skeledirge|37/100
|cant|p2a: Skeledirge|flinch
|
|-heal|p2a: Skeledirge|43/100|[from] item: Leftovers
|upkeep
|turn|27
|
|t:|1758347876
|move|p1a: Sceptile|Rock Slide|p2a: Skeledirge
|-supereffective|p2a: Skeledirge
|-damage|p2a: Skeledirge|18/100
|move|p2a: Skeledirge|Rest|p2a: Skeledirge
|-status|p2a: Skeledirge|slp|[from] move: Rest
|-heal|p2a: Skeledirge|100/100 slp|[silent]
|
|upkeep
|turn|28
|
|t:|1758347887
|cant|p2a: Skeledirge|slp
|move|p1a: Sceptile|Rock Slide|p2a: Skeledirge
|-supereffective|p2a: Skeledirge
|-damage|p2a: Skeledirge|72/100 slp
|
|-heal|p2a: Skeledirge|78/100 slp|[from] item: Leftovers
|upkeep
|turn|29
|
|t:|1758347893
|switch|p1a: Ogerpon|Ogerpon-Wellspring, F|100/100
|-activate|p1a: Ogerpon|move: Sticky Web
|-unboost|p1a: Ogerpon|spe|1
|-damage|p1a: Ogerpon|88/100|[from] Stealth Rock
|cant|p2a: Skeledirge|slp
|
|-heal|p2a: Skeledirge|84/100 slp|[from] item: Leftovers
|upkeep
|turn|30
|
|t:|1758347902
|move|p1a: Ogerpon|Swords Dance|p1a: Ogerpon
|-boost|p1a: Ogerpon|atk|2
|-curestatus|p2a: Skeledirge|slp|[msg]
|move|p2a: Skeledirge|Torch Song|p1a: Ogerpon
|-damage|p1a: Ogerpon|37/100
|-boost|p2a: Skeledirge|spa|1
|
|-heal|p2a: Skeledirge|91/100|[from] item: Leftovers
|upkeep
|turn|31
|
|t:|1758347914
|move|p1a: Ogerpon|Ivy Cudgel|p2a: Skeledirge|[anim] Ivy Cudgel Water
|-supereffective|p2a: Skeledirge
|-damage|p2a: Skeledirge|17/100
|move|p2a: Skeledirge|Torch Song|p1a: Ogerpon
|-damage|p1a: Ogerpon|0 fnt
|-boost|p2a: Skeledirge|spa|1
|faint|p1a: Ogerpon
|
|-heal|p2a: Skeledirge|23/100|[from] item: Leftovers
|upkeep
|
|t:|1758347925
|switch|p1a: Dondozo|Dondozo, F, shiny, tera:Fire|36/100
|-activate|p1a: Dondozo|move: Sticky Web
|-unboost|p1a: Dondozo|spe|1
|-damage|p1a: Dondozo|11/100|[from] Stealth Rock
|turn|32
|
|t:|1758347933
|move|p2a: Skeledirge|Protect|p2a: Skeledirge
|-singleturn|p2a: Skeledirge|Protect
|move|p1a: Dondozo|Protect||[still]
|-fail|p1a: Dondozo
|
|-heal|p2a: Skeledirge|29/100|[from] item: Leftovers
|-heal|p1a: Dondozo|18/100|[from] item: Leftovers
|upkeep
|turn|33
|
|t:|1758347943
|move|p2a: Skeledirge|Rest|p2a: Skeledirge
|-status|p2a: Skeledirge|slp|[from] move: Rest
|-heal|p2a: Skeledirge|100/100 slp|[silent]
|move|p1a: Dondozo|Aqua Tail|p2a: Skeledirge
|-supereffective|p2a: Skeledirge
|-damage|p2a: Skeledirge|60/100 slp
|
|-heal|p2a: Skeledirge|66/100 slp|[from] item: Leftovers
|-heal|p1a: Dondozo|24/100|[from] item: Leftovers
|upkeep
|turn|34
|
|t:|1758347954
|cant|p2a: Skeledirge|slp
|move|p1a: Dondozo|Aqua Tail|p2a: Skeledirge
|-supereffective|p2a: Skeledirge
|-damage|p2a: Skeledirge|25/100 slp
|
|-heal|p2a: Skeledirge|31/100 slp|[from] item: Leftovers
|-heal|p1a: Dondozo|30/100|[from] item: Leftovers
|upkeep
|turn|35
|
|t:|1758347969
|cant|p2a: Skeledirge|slp
|move|p1a: Dondozo|Aqua Tail|p2a: Skeledirge
|-supereffective|p2a: Skeledirge
|-damage|p2a: Skeledirge|0 fnt
|faint|p2a: Skeledirge
|
|-heal|p1a: Dondozo|36/100|[from] item: Leftovers
|upkeep
|
|t:|1758347975
|switch|p2a: Kingambit|Kingambit, M|100/100
|-activate|p2a: Kingambit|ability: Supreme Overlord
|-start|p2a: Kingambit|fallen4|[silent]
|turn|36
|
|t:|1758347984
|move|p2a: Kingambit|Sucker Punch|p1a: Dondozo
|-damage|p1a: Dondozo|3/100
|move|p1a: Dondozo|Tera Blast|p2a: Kingambit|[anim] Tera Blast Fire
|-supereffective|p2a: Kingambit
|-damage|p2a: Kingambit|54/100
|
|-heal|p1a: Dondozo|9/100|[from] item: Leftovers
|upkeep
|turn|37
|
|t:|1758347994
|move|p1a: Dondozo|Protect|p1a: Dondozo
|-singleturn|p1a: Dondozo|Protect
|move|p2a: Kingambit|Sucker Punch||[still]
|-fail|p2a: Kingambit
|
|-heal|p1a: Dondozo|16/100|[from] item: Leftovers
|upkeep
|turn|38
|
|t:|1758348001
|move|p1a: Dondozo|Protect|p1a: Dondozo
|-singleturn|p1a: Dondozo|Protect
|move|p2a: Kingambit|Kowtow Cleave|p1a: Dondozo
|-activate|p1a: Dondozo|move: Protect
|
|-heal|p1a: Dondozo|22/100|[from] item: Leftovers
|upkeep
|turn|39
|
|t:|1758348009
|move|p2a: Kingambit|Kowtow Cleave|p1a: Dondozo
|-damage|p1a: Dondozo|0 fnt
|faint|p1a: Dondozo
|
|upkeep
|
|t:|1758348021
|switch|p1a: Umbreon|Umbreon, F, shiny|90/100
|-activate|p1a: Umbreon|move: Sticky Web
|-unboost|p1a: Umbreon|spe|1
|-damage|p1a: Umbreon|77/100|[from] Stealth Rock
|turn|40
|
|t:|1758348032
|move|p2a: Kingambit|Iron Head|p1a: Umbreon
|-damage|p1a: Umbreon|39/100
|move|p1a: Umbreon|Foul Play|p2a: Kingambit
|-resisted|p2a: Kingambit
|-damage|p2a: Kingambit|33/100
|
|-heal|p1a: Umbreon|45/100|[from] item: Leftovers
|upkeep
|turn|41
|
|t:|1758348045
|move|p1a: Umbreon|Protect|p1a: Umbreon
|-singleturn|p1a: Umbreon|Protect
|move|p2a: Kingambit|Iron Head|p1a: Umbreon
|-activate|p1a: Umbreon|move: Protect
|
|-heal|p1a: Umbreon|51/100|[from] item: Leftovers
|upkeep
|turn|42
|
|t:|1758348065
|switch|p1a: Pelipper|Pelipper, F, shiny|1/100
|-damage|p1a: Pelipper|0 fnt|[from] Stealth Rock
|faint|p1a: Pelipper
|move|p2a: Kingambit|Iron Head|p1: Pelipper|[notarget]
|-fail|p2a: Kingambit
|
|upkeep
|
|t:|1758348101
|switch|p1a: Sceptile|Sceptile, M, shiny|11/100
|-activate|p1a: Sceptile|move: Sticky Web
|-unboost|p1a: Sceptile|spe|1
|-damage|p1a: Sceptile|0 fnt|[from] Stealth Rock
|faint|p1a: Sceptile
|
|t:|1758348107
|switch|p1a: Umbreon|Umbreon, F, shiny|51/100
|-activate|p1a: Umbreon|move: Sticky Web
|-unboost|p1a: Umbreon|spe|1
|-damage|p1a: Umbreon|39/100|[from] Stealth Rock
|turn|43
|
|t:|1758348116
|move|p1a: Umbreon|Protect|p1a: Umbreon
|-singleturn|p1a: Umbreon|Protect
|move|p2a: Kingambit|Iron Head|p1a: Umbreon
|-activate|p1a: Umbreon|move: Protect
|
|-heal|p1a: Umbreon|45/100|[from] item: Leftovers
|upkeep
|turn|44
|
|t:|1758348122
|move|p2a: Kingambit|Iron Head|p1a: Umbreon
|-damage|p1a: Umbreon|5/100
|move|p1a: Umbreon|Wish|p1a: Umbreon
|
|-heal|p1a: Umbreon|11/100|[from] item: Leftovers
|upkeep
|turn|45
|
|t:|1758348127
|move|p1a: Umbreon|Protect|p1a: Umbreon
|-singleturn|p1a: Umbreon|Protect
|move|p2a: Kingambit|Iron Head|p1a: Umbreon
|-activate|p1a: Umbreon|move: Protect
|
|-heal|p1a: Umbreon|61/100|[from] move: Wish|[wisher] Umbreon
|-heal|p1a: Umbreon|67/100|[from] item: Leftovers
|upkeep
|turn|46
|
|t:|1758348134
|move|p2a: Kingambit|Iron Head|p1a: Umbreon
|-damage|p1a: Umbreon|28/100
|move|p1a: Umbreon|Wish|p1a: Umbreon
|
|-heal|p1a: Umbreon|34/100|[from] item: Leftovers
|upkeep
|turn|47
|
|t:|1758348142
|move|p1a: Umbreon|Protect|p1a: Umbreon
|-singleturn|p1a: Umbreon|Protect
|move|p2a: Kingambit|Swords Dance|p2a: Kingambit
|-boost|p2a: Kingambit|atk|2
|
|-heal|p1a: Umbreon|84/100|[from] move: Wish|[wisher] Umbreon
|-heal|p1a: Umbreon|90/100|[from] item: Leftovers
|upkeep
|turn|48
|
|t:|1758348148
|move|p2a: Kingambit|Iron Head|p1a: Umbreon
|-damage|p1a: Umbreon|14/100
|move|p1a: Umbreon|Foul Play|p2a: Kingambit
|-resisted|p2a: Kingambit
|-damage|p2a: Kingambit|0 fnt
|faint|p2a: Kingambit
|-end|p2a: Kingambit|fallen4|[silent]
|
|-heal|p1a: Umbreon|21/100|[from] item: Leftovers
|upkeep
|
|t:|1758348159
|switch|p2a: Gliscor|Gliscor, F|100/100 tox
|turn|49
|
|t:|1758348163
|move|p1a: Umbreon|Protect|p1a: Umbreon
|-singleturn|p1a: Umbreon|Protect
|move|p2a: Gliscor|Toxic|p1a: Umbreon
|-activate|p1a: Umbreon|move: Protect
|
|-heal|p1a: Umbreon|27/100|[from] item: Leftovers
|upkeep
|turn|50
|
|t:|1758348174
|move|p2a: Gliscor|Toxic|p1a: Umbreon
|-status|p1a: Umbreon|tox
|-activate|p1a: Umbreon|ability: Synchronize
|-fail|p2a: Gliscor|tox
|move|p1a: Umbreon|Foul Play|p2a: Gliscor
|-damage|p2a: Gliscor|81/100 tox
|
|-heal|p1a: Umbreon|33/100 tox|[from] item: Leftovers
|-heal|p2a: Gliscor|93/100 tox|[from] ability: Poison Heal
|-damage|p1a: Umbreon|27/100 tox|[from] psn
|upkeep
|turn|51
|
|t:|1758348189
|move|p2a: Gliscor|Knock Off|p1a: Umbreon
|-resisted|p1a: Umbreon
|-damage|p1a: Umbreon|20/100 tox
|-enditem|p1a: Umbreon|Leftovers|[from] move: Knock Off|[of] p2a: Gliscor
|move|p1a: Umbreon|Wish|p1a: Umbreon
|
|-heal|p2a: Gliscor|100/100 tox|[from] ability: Poison Heal
|-damage|p1a: Umbreon|8/100 tox|[from] psn
|upkeep
|turn|52
|
|t:|1758348202
|move|p1a: Umbreon|Protect|p1a: Umbreon
|-singleturn|p1a: Umbreon|Protect
|move|p2a: Gliscor|Earthquake|p1a: Umbreon
|-activate|p1a: Umbreon|move: Protect
|
|-heal|p1a: Umbreon|58/100 tox|[from] move: Wish|[wisher] Umbreon
|-damage|p1a: Umbreon|40/100 tox|[from] psn
|upkeep
|turn|53
|-message|jsyxfqhau forfeited.
|
|win|Korosion
|raw|jsyxfqhau's rating: 1243 &rarr; <strong>1216</strong><br />(-27 for losing)
|raw|Korosion's rating: 1212 &rarr; <strong>1239</strong><br />(+27 for winning)
|l|☆jsyxfqhau
|player|p1|
|l|☆Korosion
|player|p2|
