|j|☆skibidisigma417
|j|☆Coquito mojito
|t:|1758259886
|gametype|singles
|player|p1|skibidisigma417|boarder|1207
|player|p2|Coquito mojito|266|1202
|gen|9
|tier|[Gen 9] OU
|rated|
|rule|HP Percentage Mod: HP is shown in percentages
|rule|Endless Battle Clause: Forcing endless battles is banned
|rule|Species Clause: Limit one of each Pokémon
|rule|OHKO Clause: OHKO moves are banned
|rule|Evasion Items Clause: Evasion items are banned
|rule|Evasion Moves Clause: Evasion moves are banned
|rule|Evasion Abilities Clause: Evasion abilities are banned
|rule|Sleep Moves Clause: Sleep-inducing moves are banned
|clearpoke
|poke|p1|Pelipper, F|
|poke|p1|Ogerpon-Wellspring, F|
|poke|p1|Kingambit, M|
|poke|p1|Primarina, F|
|poke|p1|Ting-Lu|
|poke|p1|Walking Wake|
|poke|p2|Pincurchin, M|
|poke|p2|Iron Valiant|
|poke|p2|Raging Bolt|
|poke|p2|Iron Jugulis|
|poke|p2|Iron Treads|
|poke|p2|Iron Moth|
|teampreview
|inactive|Battle timer is ON: inactive players will automatically lose when time's up. (requested by Coquito mojito)
|inactive|skibidisigma417 has 120 seconds left.
|
|t:|1758259957
|teamsize|p1|6
|teamsize|p2|6
|start
|switch|p1a: Ting-Lu|Ting-Lu|100/100
|switch|p2a: Pincurchin|Pincurchin, M|100/100
|-ability|p1a: Ting-Lu|Vessel of Ruin
|-fieldstart|move: Electric Terrain|[from] ability: Electric Surge|[of] p2a: Pincurchin
|turn|1
|inactive|Coquito mojito has 120 seconds left.
|
|t:|1758259991
|switch|p2a: Iron Treads|Iron Treads|100/100
|-activate|p2a: Iron Treads|ability: Quark Drive
|-start|p2a: Iron Treads|quarkdriveatk
|move|p1a: Ting-Lu|Stealth Rock|p2a: Iron Treads
|-sidestart|p2: Coquito mojito|move: Stealth Rock
|
|upkeep
|turn|2
|inactive|Coquito mojito has 120 seconds left.
|
|t:|1758260005
|move|p2a: Iron Treads|Ice Spinner|p1a: Ting-Lu
|-supereffective|p1a: Ting-Lu
|-damage|p1a: Ting-Lu|61/100
|-damage|p2a: Iron Treads|84/100|[from] item: Rocky Helmet|[of] p1a: Ting-Lu
|-fieldend|move: Electric Terrain
|-end|p2a: Iron Treads|Quark Drive
|-damage|p2a: Iron Treads|74/100|[from] item: Life Orb
|move|p1a: Ting-Lu|Earthquake|p2a: Iron Treads
|-supereffective|p2a: Iron Treads
|-damage|p2a: Iron Treads|2/100
|
|upkeep
|turn|3
|inactive|Coquito mojito has 120 seconds left.
|
|t:|1758260030
|move|p2a: Iron Treads|Rapid Spin|p1a: Ting-Lu
|-damage|p1a: Ting-Lu|51/100
|-boost|p2a: Iron Treads|spe|1
|-damage|p2a: Iron Treads|0 fnt|[from] item: Rocky Helmet|[of] p1a: Ting-Lu
|faint|p2a: Iron Treads
|-end|p2a: Iron Treads|Quark Drive|[silent]
|move|p1a: Ting-Lu|Whirlwind|p2: Iron Treads|[notarget]
|-fail|p1a: Ting-Lu
|
|upkeep
|inactive|Coquito mojito has 120 seconds left.
|
|t:|1758260061
|switch|p2a: Iron Valiant|Iron Valiant|100/100
|-damage|p2a: Iron Valiant|94/100|[from] Stealth Rock
|turn|4
|inactive|skibidisigma417 has 120 seconds left.
|
|t:|1758260086
|switch|p1a: Primarina|Primarina, F|100/100
|move|p2a: Iron Valiant|Moonblast|p1a: Primarina
|-damage|p1a: Primarina|47/100
|-damage|p2a: Iron Valiant|85/100|[from] item: Life Orb
|
|-heal|p1a: Primarina|53/100|[from] item: Leftovers
|upkeep
|turn|5
|inactive|skibidisigma417 has 120 seconds left.
|inactive|Coquito mojito has 90 seconds left.
|
|t:|1758260126
|switch|p1a: Pelipper|Pelipper, F|100/100
|-weather|RainDance|[from] ability: Drizzle|[of] p1a: Pelipper
|move|p2a: Iron Valiant|Thunderbolt|p1a: Pelipper
|-supereffective|p1a: Pelipper
|-damage|p1a: Pelipper|0 fnt
|faint|p1a: Pelipper
|-damage|p2a: Iron Valiant|75/100|[from] item: Life Orb
|
|-weather|RainDance|[upkeep]
|upkeep
|
|t:|1758260130
|switch|p1a: Primarina|Primarina, F|53/100
|turn|6
|
|t:|1758260139
|-terastallize|p1a: Primarina|Steel
|move|p2a: Iron Valiant|Thunderbolt|p1a: Primarina
|-crit|p1a: Primarina
|-damage|p1a: Primarina|1/100
|-damage|p2a: Iron Valiant|65/100|[from] item: Life Orb
|move|p1a: Primarina|Calm Mind|p1a: Primarina
|-boost|p1a: Primarina|spa|1
|-boost|p1a: Primarina|spd|1
|
|-weather|RainDance|[upkeep]
|-heal|p1a: Primarina|8/100|[from] item: Leftovers
|upkeep
|turn|7
|c|☆skibidisigma417|Bruhh crit
|
|t:|1758260154
|move|p2a: Iron Valiant|Encore|p1a: Primarina
|-start|p1a: Primarina|Encore
|move|p1a: Primarina|Calm Mind|p1a: Primarina
|-boost|p1a: Primarina|spa|1
|-boost|p1a: Primarina|spd|1
|
|-weather|RainDance|[upkeep]
|-heal|p1a: Primarina|14/100|[from] item: Leftovers
|upkeep
|turn|8
|
|t:|1758260159
|move|p2a: Iron Valiant|Thunderbolt|p1a: Primarina
|-damage|p1a: Primarina|0 fnt
|faint|p1a: Primarina
|-damage|p2a: Iron Valiant|56/100|[from] item: Life Orb
|
|-weather|RainDance|[upkeep]
|upkeep
|
|t:|1758260177
|switch|p1a: Ogerpon|Ogerpon-Wellspring, F|100/100
|turn|9
|inactive|Coquito mojito has 120 seconds left.
|
|t:|1758260188
|-end|p2a: Iron Valiant|Quark Drive|[silent]
|switch|p2a: Pincurchin|Pincurchin, M|100/100
|-damage|p2a: Pincurchin|88/100|[from] Stealth Rock
|-fieldstart|move: Electric Terrain|[from] ability: Electric Surge|[of] p2a: Pincurchin
|move|p1a: Ogerpon|Ivy Cudgel|p2a: Pincurchin|[anim] Ivy Cudgel Water
|-damage|p2a: Pincurchin|0 fnt
|faint|p2a: Pincurchin
|
|-weather|RainDance|[upkeep]
|upkeep
|
|t:|1758260198
|switch|p2a: Raging Bolt|Raging Bolt|100/100
|-damage|p2a: Raging Bolt|88/100|[from] Stealth Rock
|turn|10
|inactive|skibidisigma417 has 120 seconds left.
|inactive|Coquito mojito has 120 seconds left.
|
|t:|1758260212
|move|p1a: Ogerpon|Synthesis|p1a: Ogerpon
|-fail|p1a: Ogerpon|heal
|move|p2a: Raging Bolt|Calm Mind|p2a: Raging Bolt
|-boost|p2a: Raging Bolt|spa|1
|-boost|p2a: Raging Bolt|spd|1
|
|-weather|RainDance|[upkeep]
|-heal|p2a: Raging Bolt|94/100|[from] item: Leftovers
|upkeep
|turn|11
|inactive|skibidisigma417 has 120 seconds left.
|inactive|Coquito mojito has 120 seconds left.
|
|t:|1758260223
|move|p2a: Raging Bolt|Thunderclap|p1a: Ogerpon
|-damage|p1a: Ogerpon|16/100
|move|p1a: Ogerpon|U-turn|p2a: Raging Bolt
|-damage|p2a: Raging Bolt|76/100
|
|t:|1758260228
|switch|p1a: Ting-Lu|Ting-Lu|51/100|[from] U-turn
|-ability|p1a: Ting-Lu|Vessel of Ruin
|
|-weather|RainDance|[upkeep]
|-heal|p2a: Raging Bolt|82/100|[from] item: Leftovers
|upkeep
|turn|12
|
|t:|1758260234
|-terastallize|p2a: Raging Bolt|Fairy
|move|p2a: Raging Bolt|Tera Blast|p1a: Ting-Lu|[anim] Tera Blast Fairy
|-supereffective|p1a: Ting-Lu
|-damage|p1a: Ting-Lu|0 fnt
|faint|p1a: Ting-Lu
|
|-weather|none
|-heal|p2a: Raging Bolt|88/100|[from] item: Leftovers
|upkeep
|-message|skibidisigma417 forfeited.
|
|win|Coquito mojito
|raw|skibidisigma417's rating: 1207 &rarr; <strong>1182</strong><br />(-25 for losing)
|raw|Coquito mojito's rating: 1202 &rarr; <strong>1227</strong><br />(+25 for winning)
|l|☆skibidisigma417
|player|p1|
|l|☆Coquito mojito
|player|p2|
