|j|☆Rufflebirdium
|j|‽SnorlaxDude2
|t:|1758302582
|gametype|singles
|player|p1|Rufflebirdium|falkner|1118
|player|p2|SnorlaxDude2|ninjaboy|1115
|gen|9
|tier|[Gen 9] OU
|rated|
|rule|HP Percentage Mod: HP is shown in percentages
|rule|Endless Battle Clause: Forcing endless battles is banned
|rule|Species Clause: Limit one of each Pokémon
|rule|OHKO Clause: OHKO moves are banned
|rule|Evasion Items Clause: Evasion items are banned
|rule|Evasion Moves Clause: Evasion moves are banned
|rule|Evasion Abilities Clause: Evasion abilities are banned
|rule|Sleep Moves Clause: Sleep-inducing moves are banned
|clearpoke
|poke|p1|Ninetales-Alola, M|
|poke|p1|Abomasnow, F|
|poke|p1|Eiscue, F|
|poke|p1|Cetitan, F|
|poke|p1|Slowking-Galar, F|
|poke|p1|Frosmoth, F|
|poke|p2|Hydrapple, M|
|poke|p2|Skeledirge, M|
|poke|p2|Feraligatr, M|
|poke|p2|Snorlax, M|
|poke|p2|Cinccino, F|
|poke|p2|Electrode|
|teampreview
|inactive|Battle timer is ON: inactive players will automatically lose when time's up. (requested by Rufflebirdium)
|
|t:|1758302595
|teamsize|p1|6
|teamsize|p2|6
|start
|switch|p1a: Frosmoth|Frosmoth, F|100/100
|switch|p2a: Snorlax|Snorlax, M|100/100
|turn|1
|
|t:|1758302606
|switch|p1a: Slowking|Slowking-Galar, F|100/100
|move|p2a: Snorlax|Curse|p2a: Snorlax
|-unboost|p2a: Snorlax|spe|1
|-boost|p2a: Snorlax|atk|1
|-boost|p2a: Snorlax|def|1
|
|upkeep
|turn|2
|
|t:|1758302615
|move|p1a: Slowking|Chilling Water|p2a: Snorlax
|-damage|p2a: Snorlax|90/100
|-unboost|p2a: Snorlax|atk|1
|move|p2a: Snorlax|Curse|p2a: Snorlax
|-unboost|p2a: Snorlax|spe|1
|-boost|p2a: Snorlax|atk|1
|-boost|p2a: Snorlax|def|1
|
|upkeep
|turn|3
|
|t:|1758302625
|move|p1a: Slowking|Chilling Water|p2a: Snorlax
|-damage|p2a: Snorlax|81/100
|-unboost|p2a: Snorlax|atk|1
|move|p2a: Snorlax|Crunch|p1a: Slowking
|-supereffective|p1a: Slowking
|-damage|p1a: Slowking|60/100
|-unboost|p1a: Slowking|def|1
|
|upkeep
|turn|4
|
|t:|1758302636
|switch|p2a: Hydrapple|Hydrapple, M|100/100
|-prepare|p1a: Slowking|Chilly Reception|[premajor]
|move|p1a: Slowking|Chilly Reception|p1a: Slowking
|-weather|Snowscape
|
|t:|1758302647
|switch|p1a: Cetitan|Cetitan, F|100/100|[from] Chilly Reception
|
|-weather|Snowscape|[upkeep]
|upkeep
|turn|5
|
|t:|1758302660
|-terastallize|p2a: Hydrapple|Water
|move|p1a: Cetitan|Icicle Crash|p2a: Hydrapple
|-resisted|p2a: Hydrapple
|-damage|p2a: Hydrapple|85/100
|move|p2a: Hydrapple|Draco Meteor|p1a: Cetitan|[miss]
|-miss|p2a: Hydrapple|p1a: Cetitan
|
|-weather|Snowscape|[upkeep]
|upkeep
|turn|6
|
|t:|1758302669
|move|p1a: Cetitan|Knock Off|p2a: Hydrapple
|-damage|p2a: Hydrapple|61/100
|-enditem|p2a: Hydrapple|Eject Pack|[from] move: Knock Off|[of] p1a: Cetitan
|move|p2a: Hydrapple|Nasty Plot|p2a: Hydrapple
|-boost|p2a: Hydrapple|spa|2
|
|-weather|Snowscape|[upkeep]
|upkeep
|turn|7
|
|t:|1758302682
|move|p1a: Cetitan|Earthquake|p2a: Hydrapple
|-damage|p2a: Hydrapple|37/100
|move|p2a: Hydrapple|Draco Meteor|p1a: Cetitan
|-damage|p1a: Cetitan|0 fnt
|-unboost|p2a: Hydrapple|spa|2
|faint|p1a: Cetitan
|
|-weather|Snowscape|[upkeep]
|upkeep
|
|t:|1758302690
|switch|p1a: Abomasnow|Abomasnow, F|100/100
|turn|8
|
|t:|1758302705
|move|p1a: Abomasnow|Energy Ball|p2a: Hydrapple
|-supereffective|p2a: Hydrapple
|-damage|p2a: Hydrapple|0 fnt
|faint|p2a: Hydrapple
|
|-weather|Snowscape|[upkeep]
|upkeep
|
|t:|1758302720
|switch|p2a: Cinccino|Cinccino, F|100/100
|turn|9
|
|t:|1758302723
|move|p2a: Cinccino|Tidy Up|p2a: Cinccino
|-boost|p2a: Cinccino|atk|1
|-boost|p2a: Cinccino|spe|1
|move|p1a: Abomasnow|Aurora Veil|p1a: Abomasnow
|-sidestart|p1: Rufflebirdium|move: Aurora Veil
|
|-weather|Snowscape|[upkeep]
|upkeep
|turn|10
|
|t:|1758302732
|move|p2a: Cinccino|Tidy Up|p2a: Cinccino
|-boost|p2a: Cinccino|atk|1
|-boost|p2a: Cinccino|spe|1
|move|p1a: Abomasnow|Blizzard|p2a: Cinccino
|-damage|p2a: Cinccino|16/100
|
|-weather|Snowscape|[upkeep]
|upkeep
|turn|11
|
|t:|1758302741
|move|p2a: Cinccino|Rock Blast|p1a: Abomasnow
|-supereffective|p1a: Abomasnow
|-damage|p1a: Abomasnow|82/100
|-supereffective|p1a: Abomasnow
|-damage|p1a: Abomasnow|63/100
|-supereffective|p1a: Abomasnow
|-damage|p1a: Abomasnow|46/100
|-supereffective|p1a: Abomasnow
|-damage|p1a: Abomasnow|28/100
|-supereffective|p1a: Abomasnow
|-damage|p1a: Abomasnow|10/100
|-hitcount|p1a: Abomasnow|5
|move|p1a: Abomasnow|Blizzard|p2a: Cinccino
|-damage|p2a: Cinccino|0 fnt
|faint|p2a: Cinccino
|
|-weather|none
|upkeep
|
|t:|1758302757
|switch|p2a: Skeledirge|Skeledirge, M|100/100
|turn|12
|
|t:|1758302765
|move|p2a: Skeledirge|Torch Song|p1a: Abomasnow
|-supereffective|p1a: Abomasnow
|-damage|p1a: Abomasnow|0 fnt
|-boost|p2a: Skeledirge|spa|1
|faint|p1a: Abomasnow
|
|upkeep
|
|t:|1758302786
|switch|p1a: Ninetales|Ninetales-Alola, M|100/100
|-weather|Snowscape|[from] ability: Snow Warning|[of] p1a: Ninetales
|turn|13
|
|t:|1758302792
|move|p1a: Ninetales|Moonblast|p2a: Skeledirge
|-resisted|p2a: Skeledirge
|-damage|p2a: Skeledirge|83/100
|-unboost|p2a: Skeledirge|spa|1
|move|p2a: Skeledirge|Torch Song|p1a: Ninetales
|-supereffective|p1a: Ninetales
|-damage|p1a: Ninetales|55/100
|-boost|p2a: Skeledirge|spa|1
|
|-weather|Snowscape|[upkeep]
|upkeep
|turn|14
|
|t:|1758302804
|move|p1a: Ninetales|Moonblast|p2a: Skeledirge
|-resisted|p2a: Skeledirge
|-damage|p2a: Skeledirge|65/100
|move|p2a: Skeledirge|Torch Song|p1a: Ninetales
|-supereffective|p1a: Ninetales
|-damage|p1a: Ninetales|0 fnt
|-boost|p2a: Skeledirge|spa|1
|faint|p1a: Ninetales
|
|-weather|Snowscape|[upkeep]
|upkeep
|
|t:|1758302814
|switch|p1a: Eiscue|Eiscue, F|100/100
|turn|15
|
|t:|1758302825
|-terastallize|p1a: Eiscue|Water
|move|p1a: Eiscue|Liquidation|p2a: Skeledirge
|-supereffective|p2a: Skeledirge
|-damage|p2a: Skeledirge|12/100
|-unboost|p2a: Skeledirge|def|1
|move|p2a: Skeledirge|Torch Song|p1a: Eiscue
|-resisted|p1a: Eiscue
|-damage|p1a: Eiscue|73/100
|-boost|p2a: Skeledirge|spa|1
|
|-weather|Snowscape|[upkeep]
|upkeep
|turn|16
|
|t:|1758302836
|switch|p2a: Snorlax|Snorlax, M|81/100
|move|p1a: Eiscue|Liquidation|p2a: Snorlax
|-damage|p2a: Snorlax|59/100
|-unboost|p2a: Snorlax|def|1
|
|-weather|Snowscape|[upkeep]
|-sideend|p1: Rufflebirdium|move: Aurora Veil
|upkeep
|turn|17
|
|t:|1758302845
|move|p1a: Eiscue|Belly Drum|p1a: Eiscue
|-damage|p1a: Eiscue|23/100
|-setboost|p1a: Eiscue|atk|6|[from] move: Belly Drum
|-enditem|p1a: Eiscue|Sitrus Berry|[eat]
|-heal|p1a: Eiscue|48/100|[from] item: Sitrus Berry
|move|p2a: Snorlax|Curse|p2a: Snorlax
|-unboost|p2a: Snorlax|spe|1
|-boost|p2a: Snorlax|atk|1
|-boost|p2a: Snorlax|def|1
|
|-weather|Snowscape|[upkeep]
|upkeep
|turn|18
|
|t:|1758302861
|move|p1a: Eiscue|Liquidation|p2a: Snorlax
|-damage|p2a: Snorlax|0 fnt
|faint|p2a: Snorlax
|
|-weather|Snowscape|[upkeep]
|upkeep
|
|t:|1758302866
|switch|p2a: Electrode|Electrode|100/100
|turn|19
|
|t:|1758302871
|move|p2a: Electrode|Thunderbolt|p1a: Eiscue
|-supereffective|p1a: Eiscue
|-damage|p1a: Eiscue|0 fnt
|faint|p1a: Eiscue
|
|-weather|Snowscape|[upkeep]
|upkeep
|
|t:|1758302877
|switch|p1a: Slowking|Slowking-Galar, F|93/100
|turn|20
|
|t:|1758302880
|move|p2a: Electrode|Thunderbolt|p1a: Slowking
|-damage|p1a: Slowking|50/100
|move|p1a: Slowking|Blizzard|p2a: Electrode
|-crit|p2a: Electrode
|-damage|p2a: Electrode|30/100
|
|-weather|none
|upkeep
|turn|21
|
|t:|1758302889
|move|p2a: Electrode|Thunderbolt|p1a: Slowking
|-damage|p1a: Slowking|7/100
|-status|p1a: Slowking|par
|-prepare|p1a: Slowking|Chilly Reception|[premajor]
|move|p1a: Slowking|Chilly Reception|p1a: Slowking
|-weather|Snowscape
|
|t:|1758302895
|switch|p1a: Frosmoth|Frosmoth, F|100/100|[from] Chilly Reception
|
|-weather|Snowscape|[upkeep]
|upkeep
|turn|22
|
|t:|1758302902
|move|p2a: Electrode|Thunderbolt|p1a: Frosmoth
|-damage|p1a: Frosmoth|62/100
|move|p1a: Frosmoth|Quiver Dance|p1a: Frosmoth
|-boost|p1a: Frosmoth|spa|1
|-boost|p1a: Frosmoth|spd|1
|-boost|p1a: Frosmoth|spe|1
|
|-weather|Snowscape|[upkeep]
|upkeep
|turn|23
|
|t:|1758302911
|move|p2a: Electrode|Thunderbolt|p1a: Frosmoth
|-damage|p1a: Frosmoth|39/100
|move|p1a: Frosmoth|Quiver Dance|p1a: Frosmoth
|-boost|p1a: Frosmoth|spa|1
|-boost|p1a: Frosmoth|spd|1
|-boost|p1a: Frosmoth|spe|1
|
|-weather|Snowscape|[upkeep]
|upkeep
|turn|24
|
|t:|1758302923
|move|p1a: Frosmoth|Giga Drain|p2a: Electrode
|-damage|p2a: Electrode|0 fnt
|-heal|p1a: Frosmoth|52/100|[from] drain|[of] p2a: Electrode
|faint|p2a: Electrode
|
|-weather|Snowscape|[upkeep]
|upkeep
|
|t:|1758302929
|switch|p2a: Feraligatr|Feraligatr, M|100/100
|turn|25
|
|t:|1758302939
|move|p1a: Frosmoth|Giga Drain|p2a: Feraligatr
|-supereffective|p2a: Feraligatr
|-damage|p2a: Feraligatr|0 fnt
|-heal|p1a: Frosmoth|100/100|[from] drain|[of] p2a: Feraligatr
|faint|p2a: Feraligatr
|
|-weather|Snowscape|[upkeep]
|upkeep
|
|t:|1758302945
|switch|p2a: Skeledirge|Skeledirge, M|12/100
|turn|26
|
|t:|1758302951
|move|p1a: Frosmoth|Blizzard|p2a: Skeledirge
|-resisted|p2a: Skeledirge
|-crit|p2a: Skeledirge
|-damage|p2a: Skeledirge|0 fnt
|faint|p2a: Skeledirge
|
|win|Rufflebirdium
|raw|Rufflebirdium's rating: 1118 &rarr; <strong>1143</strong><br />(+25 for winning)
|raw|SnorlaxDude2's rating: 1115 &rarr; <strong>1090</strong><br />(-25 for losing)
|l|‽SnorlaxDude2
|player|p2|
|l|☆Rufflebirdium
|player|p1|
