|j|‽StoryMark
|j|☆CadenG18
|t:|1758349500
|gametype|singles
|player|p1|StoryMark|acetrainerf-gen4dp|1120
|player|p2|CadenG18|hilbert|1057
|gen|9
|tier|[Gen 9] OU
|rated|
|rule|HP Percentage Mod: HP is shown in percentages
|rule|Endless Battle Clause: Forcing endless battles is banned
|rule|Species Clause: Limit one of each Pokémon
|rule|OHKO Clause: OHKO moves are banned
|rule|Evasion Items Clause: Evasion items are banned
|rule|Evasion Moves Clause: Evasion moves are banned
|rule|Evasion Abilities Clause: Evasion abilities are banned
|rule|Sleep Moves Clause: Sleep-inducing moves are banned
|clearpoke
|poke|p1|Kleavor, M|
|poke|p1|Brambleghast, F|
|poke|p1|Moltres|
|poke|p1|Mamoswine, F|
|poke|p1|Pecharunt|
|poke|p1|Kingambit, F|
|poke|p2|Greninja-*, M|
|poke|p2|Corviknight, M|
|poke|p2|Ceruledge, F|
|poke|p2|Metagross|
|poke|p2|Venusaur, F|
|poke|p2|Salamence, M|
|teampreview
|j| Pokemon7j
|
|t:|1758349514
|teamsize|p1|6
|teamsize|p2|6
|start
|switch|p1a: Kleavor|Kleavor, M|100/100
|switch|p2a: Megumi|Greninja, M, shiny|100/100
|turn|1
|
|t:|1758349530
|switch|p1a: Kingambit|Kingambit, F|100/100
|move|p2a: Megumi|Hydro Pump|p1a: Kingambit
|-start|p2a: Megumi|typechange|Water|[from] ability: Protean
|-damage|p1a: Kingambit|21/100
|-damage|p2a: Megumi|91/100|[from] item: Life Orb
|
|upkeep
|turn|2
|
|t:|1758349542
|move|p1a: Kingambit|Sucker Punch|p2a: Megumi
|-damage|p2a: Megumi|10/100
|move|p2a: Megumi|Ice Beam|p1a: Kingambit
|-resisted|p1a: Kingambit
|-damage|p1a: Kingambit|1/100
|-damage|p2a: Megumi|0 fnt|[from] item: Life Orb
|faint|p2a: Megumi
|
|upkeep
|
|t:|1758349551
|switch|p2a: Cieri|Ceruledge, F|100/100
|turn|3
|
|t:|1758349556
|move|p2a: Cieri|Shadow Sneak|p1a: Kingambit
|-resisted|p1a: Kingambit
|-damage|p1a: Kingambit|0 fnt
|faint|p1a: Kingambit
|-end|p1a: Kingambit|fallenundefined|[silent]
|
|upkeep
|
|t:|1758349558
|switch|p1a: Kleavor|Kleavor, M|100/100
|turn|4
|
|t:|1758349570
|move|p2a: Cieri|Bitter Blade|p1a: Kleavor
|-damage|p1a: Kleavor|45/100
|move|p1a: Kleavor|Tailwind|p1a: Kleavor
|-sidestart|p1: StoryMark|move: Tailwind
|
|upkeep
|turn|5
|
|t:|1758349592
|move|p1a: Kleavor|Stone Axe|p2a: Cieri
|-supereffective|p2a: Cieri
|-enditem|p2a: Cieri|Focus Sash
|-damage|p2a: Cieri|1/100
|-sidestart|p2: CadenG18|move: Stealth Rock
|move|p2a: Cieri|Bitter Blade|p1a: Kleavor
|-damage|p1a: Kleavor|0 fnt
|-heal|p2a: Cieri|22/100|[from] drain|[of] p1a: Kleavor
|faint|p1a: Kleavor
|
|upkeep
|
|t:|1758349608
|switch|p1a: Brambleghast|Brambleghast, F|100/100
|-ability|p1a: Brambleghast|Wind Rider|boost
|-boost|p1a: Brambleghast|atk|1
|turn|6
|l| Pokemon7j
|
|t:|1758349623
|move|p2a: Cieri|Shadow Sneak|p1a: Brambleghast
|-supereffective|p1a: Brambleghast
|-damage|p1a: Brambleghast|23/100
|move|p1a: Brambleghast|Power Whip|p2a: Cieri
|-resisted|p2a: Cieri
|-damage|p2a: Cieri|0 fnt
|faint|p2a: Cieri
|-damage|p1a: Brambleghast|13/100|[from] item: Life Orb
|
|upkeep
|
|t:|1758349645
|switch|p2a: Mercury|Metagross|100/100
|-damage|p2a: Mercury|94/100|[from] Stealth Rock
|turn|7
|
|t:|1758349652
|move|p1a: Brambleghast|Poltergeist|p2a: Mercury
|-activate|p2a: Mercury|move: Poltergeist|Assault Vest
|-supereffective|p2a: Mercury
|-damage|p2a: Mercury|0 fnt
|faint|p2a: Mercury
|-damage|p1a: Brambleghast|3/100|[from] item: Life Orb
|
|-sideend|p1: StoryMark|move: Tailwind
|upkeep
|
|t:|1758349659
|switch|p2a: Kurokishi|Corviknight, M|100/100
|-damage|p2a: Kurokishi|88/100|[from] Stealth Rock
|turn|8
|
|t:|1758349663
|move|p1a: Brambleghast|Poltergeist|p2a: Kurokishi|[miss]
|-miss|p1a: Brambleghast|p2a: Kurokishi
|move|p2a: Kurokishi|U-turn|p1a: Brambleghast
|-damage|p1a: Brambleghast|0 fnt
|faint|p1a: Brambleghast
|
|t:|1758349670
|switch|p2a: Aether|Salamence, M|100/100|[from] U-turn
|-damage|p2a: Aether|76/100|[from] Stealth Rock
|
|upkeep
|
|t:|1758349679
|switch|p1a: Moltres|Moltres|100/100
|turn|9
|
|t:|1758349704
|move|p2a: Aether|Dragon Claw|p1a: Moltres
|-damage|p1a: Moltres|58/100
|move|p1a: Moltres|Fire Blast|p2a: Aether
|-resisted|p2a: Aether
|-damage|p2a: Aether|43/100
|
|upkeep
|turn|10
|
|t:|1758349712
|switch|p1a: Pecharunt|Pecharunt|100/100
|-item|p1a: Pecharunt|Air Balloon
|move|p2a: Aether|Dragon Claw|p1a: Pecharunt
|-damage|p1a: Pecharunt|73/100
|-enditem|p1a: Pecharunt|Air Balloon
|
|upkeep
|turn|11
|
|t:|1758349728
|switch|p2a: Titania|Venusaur, F|100/100
|-damage|p2a: Titania|88/100|[from] Stealth Rock
|move|p1a: Pecharunt|Malignant Chain|p2a: Titania
|-damage|p2a: Titania|40/100
|
|upkeep
|turn|12
|
|t:|1758349735
|move|p1a: Pecharunt|Malignant Chain|p2a: Titania
|-damage|p2a: Titania|0 fnt
|faint|p2a: Titania
|
|upkeep
|
|t:|1758349741
|switch|p2a: Aether|Salamence, M|43/100
|-damage|p2a: Aether|18/100|[from] Stealth Rock
|turn|13
|
|t:|1758349745
|move|p2a: Aether|Earthquake|p1a: Pecharunt
|-supereffective|p1a: Pecharunt
|-damage|p1a: Pecharunt|22/100
|move|p1a: Pecharunt|Shadow Ball|p2a: Aether
|-damage|p2a: Aether|0 fnt
|faint|p2a: Aether
|
|upkeep
|
|t:|1758349752
|switch|p2a: Kurokishi|Corviknight, M|88/100
|-damage|p2a: Kurokishi|75/100|[from] Stealth Rock
|turn|14
|
|t:|1758349761
|move|p1a: Pecharunt|Shadow Ball|p2a: Kurokishi
|-damage|p2a: Kurokishi|53/100
|move|p2a: Kurokishi|Brave Bird|p1a: Pecharunt
|-damage|p1a: Pecharunt|0 fnt
|faint|p1a: Pecharunt
|-damage|p2a: Kurokishi|48/100|[from] Recoil
|
|upkeep
|
|t:|1758349767
|switch|p1a: Moltres|Moltres|58/100
|turn|15
|
|t:|1758349775
|-terastallize|p2a: Kurokishi|Flying
|move|p1a: Moltres|Fire Blast|p2a: Kurokishi
|-damage|p2a: Kurokishi|6/100
|move|p2a: Kurokishi|Roost|p2a: Kurokishi
|-heal|p2a: Kurokishi|56/100
|-hint|If a Terastallized Pokemon uses Roost, it remains Flying-type.
|
|upkeep
|turn|16
|
|t:|1758349786
|move|p1a: Moltres|Fire Blast|p2a: Kurokishi
|-damage|p2a: Kurokishi|11/100
|move|p2a: Kurokishi|Roost|p2a: Kurokishi
|-heal|p2a: Kurokishi|61/100
|-hint|If a Terastallized Pokemon uses Roost, it remains Flying-type.
|
|upkeep
|turn|17
|
|t:|1758349798
|move|p1a: Moltres|Fire Blast|p2a: Kurokishi
|-damage|p2a: Kurokishi|18/100
|move|p2a: Kurokishi|Brave Bird|p1a: Moltres
|-damage|p1a: Moltres|5/100
|-damage|p2a: Kurokishi|3/100|[from] Recoil
|
|upkeep
|turn|18
|
|t:|1758349807
|move|p1a: Moltres|U-turn|p2a: Kurokishi
|-resisted|p2a: Kurokishi
|-damage|p2a: Kurokishi|0 fnt
|-damage|p1a: Moltres|0 fnt|[from] item: Rocky Helmet|[of] p2a: Kurokishi
|faint|p2a: Kurokishi
|faint|p1a: Moltres
|
|win|StoryMark
|raw|StoryMark's rating: 1120 &rarr; <strong>1141</strong><br />(+21 for winning)
|raw|CadenG18's rating: 1057 &rarr; <strong>1042</strong><br />(-15 for losing)
|l|‽StoryMark
|player|p1|
|l|☆CadenG18
|player|p2|
