|j|☆sunny dancing
|j|☆samohi0
|t:|1758255074
|gametype|singles
|player|p1|sunny dancing|1|1627
|player|p2|samohi0|hoopster|1747
|gen|9
|tier|[Gen 9] OU
|rated|
|rule|HP Percentage Mod: HP is shown in percentages
|rule|Endless Battle Clause: Forcing endless battles is banned
|rule|Species Clause: Limit one of each Pokémon
|rule|OHKO Clause: OHKO moves are banned
|rule|Evasion Items Clause: Evasion items are banned
|rule|Evasion Moves Clause: Evasion moves are banned
|rule|Evasion Abilities Clause: Evasion abilities are banned
|rule|Sleep Moves Clause: Sleep-inducing moves are banned
|clearpoke
|poke|p1|Ogerpon-Wellspring, F|
|poke|p1|Slowking-Galar, F|
|poke|p1|Great Tusk|
|poke|p1|Moltres|
|poke|p1|Dragapult, M|
|poke|p1|Kingambit, F|
|poke|p2|Mamoswine, M|
|poke|p2|Glimmora, M|
|poke|p2|Iron Crown|
|poke|p2|Zamazenta-*|
|poke|p2|Sinistcha|
|poke|p2|Samurott-Hisui, M|
|teampreview
|inactive|Battle timer is ON: inactive players will automatically lose when time's up. (requested by sunny dancing)
|
|t:|1758255104
|teamsize|p1|6
|teamsize|p2|6
|start
|switch|p1a: Slowking|Slowking-Galar, F|100/100
|switch|p2a: Mamoswine|Mamoswine, M, shiny|100/100
|turn|1
|
|t:|1758255110
|switch|p1a: Moltres|Moltres|100/100
|move|p2a: Mamoswine|Icicle Crash|p1a: Moltres
|-damage|p1a: Moltres|49/100
|
|upkeep
|turn|2
|
|t:|1758255128
|switch|p1a: Kingambit|Kingambit, F|100/100
|move|p2a: Mamoswine|Icicle Crash|p1a: Kingambit|[miss]
|-miss|p2a: Mamoswine|p1a: Kingambit
|
|upkeep
|turn|3
|
|t:|1758255135
|switch|p2a: Glimmora|Glimmora, M, shiny|100/100
|move|p1a: Kingambit|Iron Head|p2a: Glimmora
|-supereffective|p2a: Glimmora
|-crit|p2a: Glimmora
|-damage|p2a: Glimmora|0 fnt
|-activate|p2a: Glimmora|ability: Toxic Debris
|-sidestart|p1: sunny dancing|move: Toxic Spikes
|faint|p2a: Glimmora
|
|upkeep
|
|t:|1758255149
|switch|p2a: Zamazenta|Zamazenta, shiny|100/100
|-ability|p2a: Zamazenta|Dauntless Shield|boost
|-boost|p2a: Zamazenta|def|1
|turn|4
|
|t:|1758255156
|-end|p1a: Kingambit|fallenundefined|[silent]
|switch|p1a: Slowking|Slowking-Galar, F|100/100
|-sideend|p1: sunny dancing|move: Toxic Spikes|[of] p1a: Slowking
|move|p2a: Zamazenta|Close Combat|p1a: Slowking
|-resisted|p1a: Slowking
|-damage|p1a: Slowking|79/100
|-unboost|p2a: Zamazenta|def|1
|-unboost|p2a: Zamazenta|spd|1
|
|upkeep
|turn|5
|
|t:|1758255165
|switch|p2a: Samurott|Samurott-Hisui, M, shiny|100/100
|move|p1a: Slowking|Flamethrower|p2a: Samurott
|-resisted|p2a: Samurott
|-damage|p2a: Samurott|78/100
|
|upkeep
|turn|6
|
|t:|1758255177
|switch|p1a: Kingambit|Kingambit, F|100/100
|move|p2a: Samurott|Ceaseless Edge|p1a: Kingambit
|-resisted|p1a: Kingambit
|-damage|p1a: Kingambit|76/100
|-sidestart|p1: sunny dancing|Spikes
|
|-heal|p1a: Kingambit|82/100|[from] item: Leftovers
|upkeep
|turn|7
|
|t:|1758255185
|move|p2a: Samurott|Flip Turn|p1a: Kingambit
|-damage|p1a: Kingambit|57/100
|
|t:|1758255188
|switch|p2a: Zamazenta|Zamazenta, shiny|100/100|[from] Flip Turn
|move|p1a: Kingambit|Swords Dance|p1a: Kingambit
|-boost|p1a: Kingambit|atk|2
|
|-heal|p1a: Kingambit|63/100|[from] item: Leftovers
|upkeep
|turn|8
|
|t:|1758255194
|-terastallize|p1a: Kingambit|Ghost
|move|p2a: Zamazenta|Close Combat|p1a: Kingambit
|-immune|p1a: Kingambit
|move|p1a: Kingambit|Iron Head|p2a: Zamazenta
|-damage|p2a: Zamazenta|18/100
|
|-heal|p1a: Kingambit|69/100|[from] item: Leftovers
|upkeep
|turn|9
|
|t:|1758255200
|move|p2a: Zamazenta|Close Combat|p1a: Kingambit
|-immune|p1a: Kingambit
|move|p1a: Kingambit|Swords Dance|p1a: Kingambit
|-boost|p1a: Kingambit|atk|2
|
|-heal|p1a: Kingambit|75/100|[from] item: Leftovers
|upkeep
|turn|10
|
|t:|1758255206
|switch|p2a: Iron Crown|Iron Crown|100/100
|move|p1a: Kingambit|Swords Dance|p1a: Kingambit
|-boost|p1a: Kingambit|atk|2
|
|-heal|p1a: Kingambit|81/100|[from] item: Leftovers
|upkeep
|turn|11
|
|t:|1758255212
|-end|p2a: Iron Crown|Quark Drive|[silent]
|switch|p2a: Samurott|Samurott-Hisui, M, shiny|78/100
|move|p1a: Kingambit|Sucker Punch||[still]
|-fail|p1a: Kingambit
|
|-heal|p1a: Kingambit|88/100|[from] item: Leftovers
|upkeep
|turn|12
|
|t:|1758255218
|-terastallize|p2a: Samurott|Dark
|move|p2a: Samurott|Sucker Punch|p1a: Kingambit
|-supereffective|p1a: Kingambit
|-damage|p1a: Kingambit|0 fnt
|faint|p1a: Kingambit
|-end|p1a: Kingambit|fallenundefined|[silent]
|
|upkeep
|
|t:|1758255225
|switch|p1a: Great Tusk|Great Tusk|100/100
|-damage|p1a: Great Tusk|88/100|[from] Spikes
|turn|13
|
|t:|1758255233
|switch|p2a: Sinistcha|Sinistcha, shiny|100/100
|move|p1a: Great Tusk|Ice Spinner|p2a: Sinistcha
|-supereffective|p2a: Sinistcha
|-damage|p2a: Sinistcha|65/100
|
|upkeep
|turn|14
|
|t:|1758255247
|-end|p1a: Great Tusk|Protosynthesis|[silent]
|switch|p1a: Slowking|Slowking-Galar, F|100/100
|-damage|p1a: Slowking|88/100|[from] Spikes
|move|p2a: Sinistcha|Shadow Ball|p1a: Slowking
|-supereffective|p1a: Slowking
|-damage|p1a: Slowking|54/100
|
|upkeep
|turn|15
|
|t:|1758255254
|move|p2a: Sinistcha|Calm Mind|p2a: Sinistcha
|-boost|p2a: Sinistcha|spa|1
|-boost|p2a: Sinistcha|spd|1
|move|p1a: Slowking|Ice Beam|p2a: Sinistcha
|-supereffective|p2a: Sinistcha
|-damage|p2a: Sinistcha|19/100
|
|upkeep
|turn|16
|
|t:|1758255267
|move|p2a: Sinistcha|Strength Sap|p1a: Slowking
|-unboost|p1a: Slowking|atk|1
|-heal|p2a: Sinistcha|54/100
|move|p1a: Slowking|Sludge Bomb|p2a: Sinistcha
|-damage|p2a: Sinistcha|20/100
|
|upkeep
|turn|17
|
|t:|1758255273
|move|p2a: Sinistcha|Shadow Ball|p1a: Slowking
|-supereffective|p1a: Slowking
|-damage|p1a: Slowking|3/100
|move|p1a: Slowking|Ice Beam|p2a: Sinistcha
|-supereffective|p2a: Sinistcha
|-damage|p2a: Sinistcha|0 fnt
|faint|p2a: Sinistcha
|
|upkeep
|
|t:|1758255276
|switch|p2a: Samurott|Samurott-Hisui, M, shiny, tera:Dark|78/100
|turn|18
|
|t:|1758255286
|switch|p1a: Great Tusk|Great Tusk|88/100
|-damage|p1a: Great Tusk|76/100|[from] Spikes
|move|p2a: Samurott|Ceaseless Edge|p1a: Great Tusk
|-resisted|p1a: Great Tusk
|-damage|p1a: Great Tusk|49/100
|-damage|p2a: Samurott|61/100|[from] item: Rocky Helmet|[of] p1a: Great Tusk
|-sidestart|p1: sunny dancing|Spikes
|
|upkeep
|turn|19
|
|t:|1758255292
|move|p1a: Great Tusk|Headlong Rush|p2a: Samurott
|-damage|p2a: Samurott|0 fnt
|-unboost|p1a: Great Tusk|def|1
|-unboost|p1a: Great Tusk|spd|1
|faint|p2a: Samurott
|
|upkeep
|
|t:|1758255295
|switch|p2a: Iron Crown|Iron Crown|100/100
|turn|20
|
|t:|1758255301
|-end|p1a: Great Tusk|Protosynthesis|[silent]
|switch|p1a: Slowking|Slowking-Galar, F|36/100
|-damage|p1a: Slowking|20/100|[from] Spikes
|move|p2a: Iron Crown|Psychic Noise|p1a: Slowking
|-damage|p1a: Slowking|0 fnt
|faint|p1a: Slowking
|
|upkeep
|
|t:|1758255309
|switch|p1a: Ogerpon|Ogerpon-Wellspring, F|100/100
|-damage|p1a: Ogerpon|84/100|[from] Spikes
|turn|21
|
|t:|1758255329
|move|p1a: Ogerpon|Knock Off|p2a: Iron Crown
|-supereffective|p2a: Iron Crown
|-damage|p2a: Iron Crown|23/100
|-enditem|p2a: Iron Crown|Choice Specs|[from] move: Knock Off|[of] p1a: Ogerpon
|move|p2a: Iron Crown|Psychic Noise|p1a: Ogerpon
|-damage|p1a: Ogerpon|43/100
|-start|p1a: Ogerpon|move: Heal Block
|
|upkeep
|turn|22
|
|t:|1758255339
|move|p1a: Ogerpon|Knock Off|p2a: Iron Crown
|-supereffective|p2a: Iron Crown
|-damage|p2a: Iron Crown|0 fnt
|faint|p2a: Iron Crown
|-end|p2a: Iron Crown|Quark Drive|[silent]
|
|-end|p1a: Ogerpon|move: Heal Block
|upkeep
|
|t:|1758255341
|switch|p2a: Mamoswine|Mamoswine, M, shiny|100/100
|turn|23
|
|t:|1758255347
|move|p2a: Mamoswine|Ice Shard|p1a: Ogerpon
|-damage|p1a: Ogerpon|1/100
|move|p1a: Ogerpon|Ivy Cudgel|p2a: Mamoswine|[anim] Ivy Cudgel Water
|-supereffective|p2a: Mamoswine
|-damage|p2a: Mamoswine|0 fnt
|faint|p2a: Mamoswine
|
|upkeep
|
|t:|1758255351
|switch|p2a: Zamazenta|Zamazenta, shiny|18/100
|turn|24
|
|t:|1758255356
|switch|p1a: Great Tusk|Great Tusk|49/100
|-damage|p1a: Great Tusk|33/100|[from] Spikes
|move|p2a: Zamazenta|Crunch|p1a: Great Tusk
|-resisted|p1a: Great Tusk
|-damage|p1a: Great Tusk|19/100
|-damage|p2a: Zamazenta|2/100|[from] item: Rocky Helmet|[of] p1a: Great Tusk
|
|upkeep
|turn|25
|
|t:|1758255361
|move|p2a: Zamazenta|Crunch|p1a: Great Tusk
|-resisted|p1a: Great Tusk
|-damage|p1a: Great Tusk|5/100
|-damage|p2a: Zamazenta|0 fnt|[from] item: Rocky Helmet|[of] p1a: Great Tusk
|faint|p2a: Zamazenta
|
|win|sunny dancing
|raw|sunny dancing's rating: 1627 &rarr; <strong>1654</strong><br />(+27 for winning)
|raw|samohi0's rating: 1747 &rarr; <strong>1720</strong><br />(-27 for losing)
|l|☆sunny dancing
|player|p1|
|l|☆samohi0
|player|p2|
