|j|☆Penguinxdd
|j|☆finnlilienthal
|t:|1758300819
|gametype|singles
|player|p1|Penguinxdd|veteran|1330
|player|p2|finnlilienthal|102|1283
|gen|9
|tier|[Gen 9] OU
|rated|
|rule|HP Percentage Mod: HP is shown in percentages
|rule|Endless Battle Clause: Forcing endless battles is banned
|rule|Species Clause: Limit one of each Pokémon
|rule|OHKO Clause: OHKO moves are banned
|rule|Evasion Items Clause: Evasion items are banned
|rule|Evasion Moves Clause: Evasion moves are banned
|rule|Evasion Abilities Clause: Evasion abilities are banned
|rule|Sleep Moves Clause: Sleep-inducing moves are banned
|clearpoke
|poke|p1|Weezing-Galar, F|
|poke|p1|Iron Valiant|
|poke|p1|Gholdengo|
|poke|p1|Primarina, F|
|poke|p1|Ting-Lu|
|poke|p1|Comfey, F|
|poke|p2|Pelipper, M|
|poke|p2|Zapdos|
|poke|p2|Blastoise, M|
|poke|p2|Torterra, F|
|poke|p2|Muk-Alola, M|
|poke|p2|Weezing-Galar, F|
|teampreview
|
|t:|1758300831
|teamsize|p1|6
|teamsize|p2|6
|start
|switch|p1a: Primarina|Primarina, F|100/100
|switch|p2a: Zapdos|Zapdos|100/100
|turn|1
|
|t:|1758300836
|switch|p1a: Ting-Lu|Ting-Lu|100/100
|-ability|p1a: Ting-Lu|Vessel of Ruin
|move|p2a: Zapdos|Volt Switch|p1a: Ting-Lu
|-immune|p1a: Ting-Lu
|
|upkeep
|turn|2
|
|t:|1758300848
|switch|p2a: Pelipper|Pelipper, M, shiny|100/100
|-weather|RainDance|[from] ability: Drizzle|[of] p2a: Pelipper
|move|p1a: Ting-Lu|Stealth Rock|p2a: Pelipper
|-sidestart|p2: finnlilienthal|move: Stealth Rock
|
|-weather|RainDance|[upkeep]
|upkeep
|turn|3
|
|t:|1758300856
|switch|p1a: Primarina|Primarina, F|100/100
|move|p2a: Pelipper|Knock Off|p1a: Primarina
|-resisted|p1a: Primarina
|-damage|p1a: Primarina|96/100
|-enditem|p1a: Primarina|Leftovers|[from] move: Knock Off|[of] p2a: Pelipper
|
|-weather|RainDance|[upkeep]
|upkeep
|turn|4
|
|t:|1758300867
|switch|p2a: Blastoise|Blastoise, M|100/100
|-damage|p2a: Blastoise|88/100|[from] Stealth Rock
|move|p1a: Primarina|Substitute|p1a: Primarina
|-start|p1a: Primarina|Substitute
|-damage|p1a: Primarina|71/100
|
|-weather|RainDance|[upkeep]
|-heal|p2a: Blastoise|94/100|[from] ability: Rain Dish
|upkeep
|turn|5
|
|t:|1758300876
|move|p2a: Blastoise|Rapid Spin|p1a: Primarina
|-activate|p1a: Primarina|move: Substitute|[damage]
|-sideend|p2: finnlilienthal|Stealth Rock|[from] move: Rapid Spin|[of] p2a: Blastoise
|-boost|p2a: Blastoise|spe|1
|move|p1a: Primarina|Calm Mind|p1a: Primarina
|-boost|p1a: Primarina|spa|1
|-boost|p1a: Primarina|spd|1
|
|-weather|RainDance|[upkeep]
|-heal|p2a: Blastoise|99/100|[from] ability: Rain Dish
|upkeep
|turn|6
|
|t:|1758300892
|move|p2a: Blastoise|Surf|p1a: Primarina
|-resisted|p1a: Primarina
|-activate|p1a: Primarina|move: Substitute|[damage]
|move|p1a: Primarina|Calm Mind|p1a: Primarina
|-boost|p1a: Primarina|spa|1
|-boost|p1a: Primarina|spd|1
|
|-weather|RainDance|[upkeep]
|-heal|p2a: Blastoise|100/100|[from] ability: Rain Dish
|upkeep
|turn|7
|
|t:|1758300903
|switch|p2a: Weezing|Weezing-Galar, F|100/100
|-ability|p2a: Weezing|Neutralizing Gas
|move|p1a: Primarina|Draining Kiss|p2a: Weezing
|-resisted|p2a: Weezing
|-damage|p2a: Weezing|70/100
|-heal|p1a: Primarina|89/100|[from] drain|[of] p2a: Weezing
|
|-weather|RainDance|[upkeep]
|-heal|p2a: Weezing|76/100|[from] item: Leftovers
|upkeep
|turn|8
|
|t:|1758300931
|-end|p2a: Weezing|ability: Neutralizing Gas
|switch|p2a: Muk|Muk-Alola, M|100/100
|move|p1a: Primarina|Psychic Noise|p2a: Muk
|-damage|p2a: Muk|61/100
|-start|p2a: Muk|move: Heal Block
|
|-weather|RainDance|[upkeep]
|upkeep
|turn|9
|
|t:|1758300952
|move|p1a: Primarina|Psychic Noise|p2a: Muk
|-damage|p2a: Muk|22/100
|move|p2a: Muk|Poison Jab|p1a: Primarina
|-supereffective|p1a: Primarina
|-end|p1a: Primarina|Substitute
|
|-weather|none
|-end|p2a: Muk|move: Heal Block
|upkeep
|turn|10
|
|t:|1758300963
|move|p2a: Muk|Shadow Sneak|p1a: Primarina
|-damage|p1a: Primarina|80/100
|move|p1a: Primarina|Psychic Noise|p2a: Muk
|-damage|p2a: Muk|0 fnt
|faint|p2a: Muk
|
|upkeep
|
|t:|1758300971
|switch|p2a: Zapdos|Zapdos|100/100
|turn|11
|
|t:|1758300974
|move|p2a: Zapdos|Volt Switch|p1a: Primarina
|-supereffective|p1a: Primarina
|-damage|p1a: Primarina|51/100
|
|t:|1758300988
|switch|p2a: Torterra|Torterra, F|100/100|[from] Volt Switch
|move|p1a: Primarina|Draining Kiss|p2a: Torterra
|-damage|p2a: Torterra|62/100
|-heal|p1a: Primarina|79/100|[from] drain|[of] p2a: Torterra
|
|-heal|p2a: Torterra|69/100|[from] item: Leftovers
|upkeep
|turn|12
|-message|finnlilienthal forfeited.
|
|win|Penguinxdd
|raw|Penguinxdd's rating: 1330 &rarr; <strong>1347</strong><br />(+17 for winning)
|raw|finnlilienthal's rating: 1283 &rarr; <strong>1261</strong><br />(-22 for losing)
|l|☆finnlilienthal
|player|p2|
|l|☆Penguinxdd
|player|p1|
