|j|☆stan0809
|j|☆no fairy types pls
|t:|1758355387
|gametype|singles
|player|p1|stan0809|1|1086
|player|p2|no fairy types pls|pokemonranger-gen4|1093
|gen|9
|tier|[Gen 9] OU
|rated|
|rule|HP Percentage Mod: HP is shown in percentages
|rule|Endless Battle Clause: Forcing endless battles is banned
|rule|Species Clause: Limit one of each Pokémon
|rule|OHKO Clause: OHKO moves are banned
|rule|Evasion Items Clause: Evasion items are banned
|rule|Evasion Moves Clause: Evasion moves are banned
|rule|Evasion Abilities Clause: Evasion abilities are banned
|rule|Sleep Moves Clause: Sleep-inducing moves are banned
|clearpoke
|poke|p1|Landorus-Therian, M|
|poke|p1|Iron Valiant|
|poke|p1|Corviknight, F|
|poke|p1|Zoroark, M|
|poke|p1|Gardevoir, F|
|poke|p1|Heatran, F|
|poke|p2|Great Tusk|
|poke|p2|Landorus-Therian, M|
|poke|p2|Kingambit, M|
|poke|p2|Moltres|
|poke|p2|Deoxys-Speed|
|poke|p2|Serperior, F|
|teampreview
|
|t:|1758355395
|teamsize|p1|6
|teamsize|p2|6
|start
|switch|p1a: Iron Valiant|Iron Valiant|100/100
|switch|p2a: Moltres|Moltres|100/100
|-ability|p2a: Moltres|Pressure
|turn|1
|
|t:|1758355403
|move|p1a: Iron Valiant|Dark Pulse|p2a: Moltres
|-damage|p2a: Moltres|37/100
|-damage|p1a: Iron Valiant|91/100|[from] item: Life Orb
|move|p2a: Moltres|Hurricane|p1a: Iron Valiant
|-damage|p1a: Iron Valiant|0 fnt
|replace|p1a: Zoroark|Zoroark, M
|-end|p1a: Zoroark|Illusion
|faint|p1a: Zoroark
|
|upkeep
|
|t:|1758355419
|switch|p1a: Landorus|Landorus-Therian, M|100/100
|-ability|p1a: Landorus|Intimidate|boost
|-unboost|p2a: Moltres|atk|1
|turn|2
|c|☆no fairy types pls|tbf that could have been valiant
|
|t:|1758355431
|move|p1a: Landorus|Stealth Rock|p2a: Moltres
|-sidestart|p2: no fairy types pls|move: Stealth Rock
|move|p2a: Moltres|Will-O-Wisp|p1a: Landorus
|-status|p1a: Landorus|brn
|
|-damage|p1a: Landorus|95/100 brn|[from] brn
|upkeep
|turn|3
|
|t:|1758355437
|move|p1a: Landorus|Stealth Rock||[still]
|-fail|p1a: Landorus
|move|p2a: Moltres|Hurricane|p1a: Landorus
|-damage|p1a: Landorus|20/100 brn
|
|-damage|p1a: Landorus|14/100 brn|[from] brn
|upkeep
|turn|4
|
|t:|1758355455
|move|p1a: Landorus|Stone Edge|p2a: Moltres
|-supereffective|p2a: Moltres
|-damage|p2a: Moltres|0 fnt
|faint|p2a: Moltres
|
|-damage|p1a: Landorus|8/100 brn|[from] brn
|upkeep
|
|t:|1758355464
|switch|p2a: Great Tusk|Great Tusk|100/100
|-damage|p2a: Great Tusk|98/100|[from] Stealth Rock
|-enditem|p2a: Great Tusk|Booster Energy
|-activate|p2a: Great Tusk|ability: Protosynthesis|[fromitem]
|-start|p2a: Great Tusk|protosynthesisatk
|turn|5
|
|t:|1758355473
|move|p1a: Landorus|Earthquake|p2a: Great Tusk
|-damage|p2a: Great Tusk|76/100
|move|p2a: Great Tusk|Rapid Spin|p1a: Landorus
|-damage|p1a: Landorus|0 fnt
|-boost|p2a: Great Tusk|spe|1
|-sideend|p2: no fairy types pls|Stealth Rock|[from] move: Rapid Spin|[of] p2a: Great Tusk
|faint|p1a: Landorus
|
|upkeep
|
|t:|1758355485
|switch|p1a: Iron Valiant|Iron Valiant|100/100
|-enditem|p1a: Iron Valiant|Booster Energy
|-activate|p1a: Iron Valiant|ability: Quark Drive|[fromitem]
|-start|p1a: Iron Valiant|quarkdrivespe
|turn|6
|
|t:|1758355507
|-terastallize|p2a: Great Tusk|Water
|move|p1a: Iron Valiant|Swords Dance|p1a: Iron Valiant
|-boost|p1a: Iron Valiant|atk|2
|move|p2a: Great Tusk|Earthquake|p1a: Iron Valiant
|-damage|p1a: Iron Valiant|20/100
|
|upkeep
|turn|7
|inactive|Battle timer is ON: inactive players will automatically lose when time's up. (requested by no fairy types pls)
|
|t:|1758355522
|move|p1a: Iron Valiant|Spirit Break|p2a: Great Tusk
|-damage|p2a: Great Tusk|23/100
|-unboost|p2a: Great Tusk|spa|1
|move|p2a: Great Tusk|Earthquake|p1a: Iron Valiant
|-damage|p1a: Iron Valiant|0 fnt
|faint|p1a: Iron Valiant
|-end|p1a: Iron Valiant|Quark Drive|[silent]
|
|upkeep
|
|t:|1758355537
|switch|p1a: Gardevoir|Gardevoir, F|100/100
|turn|8
|
|t:|1758355541
|move|p2a: Great Tusk|Earthquake|p1a: Gardevoir
|-damage|p1a: Gardevoir|0 fnt
|faint|p1a: Gardevoir
|
|upkeep
|
|t:|1758355548
|switch|p1a: Corviknight|Corviknight, F, shiny|100/100
|-ability|p1a: Corviknight|Pressure
|turn|9
|
|t:|1758355553
|move|p2a: Great Tusk|Close Combat|p1a: Corviknight
|-damage|p1a: Corviknight|51/100
|-unboost|p2a: Great Tusk|def|1
|-unboost|p2a: Great Tusk|spd|1
|move|p1a: Corviknight|Brave Bird|p2a: Great Tusk
|-damage|p2a: Great Tusk|0 fnt
|faint|p2a: Great Tusk
|-end|p2a: Great Tusk|Protosynthesis|[silent]
|-damage|p1a: Corviknight|44/100|[from] Recoil
|
|-heal|p1a: Corviknight|50/100|[from] item: Leftovers
|upkeep
|
|t:|1758355569
|switch|p2a: Deoxys|Deoxys-Speed|100/100
|-ability|p2a: Deoxys|Pressure
|turn|10
|
|t:|1758355586
|move|p2a: Deoxys|Reflect|p2a: Deoxys
|-sidestart|p2: no fairy types pls|Reflect
|move|p1a: Corviknight|U-turn|p2a: Deoxys
|-supereffective|p2a: Deoxys
|-damage|p2a: Deoxys|83/100
|
|t:|1758355590
|switch|p1a: Heatran|Heatran, F|100/100|[from] U-turn
|
|upkeep
|turn|11
|
|t:|1758355603
|-terastallize|p1a: Heatran|Steel
|move|p2a: Deoxys|Light Screen|p2a: Deoxys
|-sidestart|p2: no fairy types pls|move: Light Screen
|move|p1a: Heatran|Lava Plume|p2a: Deoxys
|-damage|p2a: Deoxys|62/100
|
|upkeep
|turn|12
|
|t:|1758355609
|move|p2a: Deoxys|Taunt|p1a: Heatran
|-start|p1a: Heatran|move: Taunt
|move|p1a: Heatran|Lava Plume|p2a: Deoxys
|-damage|p2a: Deoxys|41/100
|
|upkeep
|turn|13
|
|t:|1758355619
|move|p2a: Deoxys|Psycho Boost|p1a: Heatran
|-resisted|p1a: Heatran
|-damage|p1a: Heatran|87/100
|-unboost|p2a: Deoxys|spa|2
|move|p1a: Heatran|Lava Plume|p2a: Deoxys
|-damage|p2a: Deoxys|19/100
|-status|p2a: Deoxys|brn
|
|-heal|p1a: Heatran|93/100|[from] item: Leftovers
|-damage|p2a: Deoxys|13/100 brn|[from] brn
|upkeep
|turn|14
|
|t:|1758355630
|switch|p2a: Landorus|Landorus-Therian, M|100/100
|-ability|p2a: Landorus|Intimidate|boost
|-unboost|p1a: Heatran|atk|1
|move|p1a: Heatran|Lava Plume|p2a: Landorus
|-damage|p2a: Landorus|81/100
|
|-heal|p2a: Landorus|87/100|[from] item: Leftovers
|-heal|p1a: Heatran|99/100|[from] item: Leftovers
|-end|p1a: Heatran|move: Taunt
|upkeep
|turn|15
|
|t:|1758355642
|move|p1a: Heatran|Protect|p1a: Heatran
|-singleturn|p1a: Heatran|Protect
|move|p2a: Landorus|Earth Power|p1a: Heatran
|-activate|p1a: Heatran|move: Protect
|
|-heal|p2a: Landorus|93/100|[from] item: Leftovers
|-heal|p1a: Heatran|100/100|[from] item: Leftovers
|upkeep
|turn|16
|
|t:|1758355649
|move|p2a: Landorus|Earth Power|p1a: Heatran
|-supereffective|p1a: Heatran
|-damage|p1a: Heatran|44/100
|move|p1a: Heatran|Lava Plume|p2a: Landorus
|-damage|p2a: Landorus|74/100
|
|-heal|p2a: Landorus|80/100|[from] item: Leftovers
|-heal|p1a: Heatran|50/100|[from] item: Leftovers
|upkeep
|turn|17
|
|t:|1758355662
|move|p1a: Heatran|Protect|p1a: Heatran
|-singleturn|p1a: Heatran|Protect
|move|p2a: Landorus|Earth Power|p1a: Heatran
|-activate|p1a: Heatran|move: Protect
|
|-heal|p2a: Landorus|86/100|[from] item: Leftovers
|-heal|p1a: Heatran|56/100|[from] item: Leftovers
|-sideend|p2: no fairy types pls|Reflect
|upkeep
|turn|18
|-message|stan0809 forfeited.
|
|win|no fairy types pls
|raw|stan0809's rating: 1086 &rarr; <strong>1064</strong><br />(-22 for losing)
|raw|no fairy types pls's rating: 1093 &rarr; <strong>1119</strong><br />(+26 for winning)
|l|☆stan0809
|player|p1|
|l|☆no fairy types pls
|player|p2|
