|j|☆veilure
|j|☆ClickForVictory
|t:|1758306306
|gametype|singles
|player|p1|veilure|skierf-gen4dp|1267
|player|p2|ClickForVictory|rika|1322
|gen|9
|tier|[Gen 9] OU
|rated|
|rule|HP Percentage Mod: HP is shown in percentages
|rule|Endless Battle Clause: Forcing endless battles is banned
|rule|Species Clause: Limit one of each Pokémon
|rule|OHKO Clause: OHKO moves are banned
|rule|Evasion Items Clause: Evasion items are banned
|rule|Evasion Moves Clause: Evasion moves are banned
|rule|Evasion Abilities Clause: Evasion abilities are banned
|rule|Sleep Moves Clause: Sleep-inducing moves are banned
|clearpoke
|poke|p1|Garganacl, F|
|poke|p1|Ogerpon-Wellspring, F|
|poke|p1|Lokix, F|
|poke|p1|Iron Crown|
|poke|p1|Zamazenta-*|
|poke|p1|Great Tusk|
|poke|p2|Tentacruel, F|
|poke|p2|Overqwil, M|
|poke|p2|Keldeo-Resolute|
|poke|p2|Iron Crown|
|poke|p2|Pelipper, F|
|poke|p2|Landorus-Therian, M|
|teampreview
|c|☆ClickForVictory|have fun!
|
|t:|1758306318
|teamsize|p1|6
|teamsize|p2|6
|start
|switch|p1a: Iron Crown|Iron Crown|100/100
|switch|p2a: Bedhead|Landorus-Therian, M|100/100
|-ability|p2a: Bedhead|Intimidate|boost
|-unboost|p1a: Iron Crown|atk|1
|turn|1
|
|t:|1758306330
|-end|p1a: Iron Crown|Quark Drive|[silent]
|switch|p1a: Ogerpon|Ogerpon-Wellspring, F|100/100
|move|p2a: Bedhead|Stealth Rock|p1a: Ogerpon
|-sidestart|p1: veilure|move: Stealth Rock
|
|upkeep
|turn|2
|
|t:|1758306341
|switch|p2a: Beak Leak|Pelipper, F, shiny|100/100
|-weather|RainDance|[from] ability: Drizzle|[of] p2a: Beak Leak
|move|p1a: Ogerpon|Ivy Cudgel|p2a: Beak Leak|[anim] Ivy Cudgel Water
|-resisted|p2a: Beak Leak
|-crit|p2a: Beak Leak
|-damage|p2a: Beak Leak|44/100
|
|-weather|RainDance|[upkeep]
|upkeep
|turn|3
|
|t:|1758306351
|move|p1a: Ogerpon|Ivy Cudgel|p2a: Beak Leak|[anim] Ivy Cudgel Water
|-resisted|p2a: Beak Leak
|-crit|p2a: Beak Leak
|-damage|p2a: Beak Leak|0 fnt
|faint|p2a: Beak Leak
|
|-weather|RainDance|[upkeep]
|upkeep
|c|☆ClickForVictory|lol
|inactive|Battle timer is ON: inactive players will automatically lose when time's up. (requested by veilure)
|
|t:|1758306363
|switch|p2a: Boom!|Overqwil, M|100/100
|turn|4
|
|t:|1758306368
|move|p2a: Boom!|Poison Jab|p1a: Ogerpon
|-supereffective|p1a: Ogerpon
|-damage|p1a: Ogerpon|0 fnt
|faint|p1a: Ogerpon
|-damage|p2a: Boom!|91/100|[from] item: Life Orb
|
|-weather|RainDance|[upkeep]
|upkeep
|
|t:|1758306372
|switch|p1a: Iron Crown|Iron Crown|100/100
|-damage|p1a: Iron Crown|94/100|[from] Stealth Rock
|turn|5
|
|t:|1758306379
|-terastallize|p2a: Boom!|Water
|move|p2a: Boom!|Liquidation|p1a: Iron Crown
|-damage|p1a: Iron Crown|7/100
|-unboost|p1a: Iron Crown|def|1
|-damage|p2a: Boom!|81/100|[from] item: Life Orb
|move|p1a: Iron Crown|Tachyon Cutter|p2a: Boom!
|-resisted|p2a: Boom!
|-damage|p2a: Boom!|52/100
|-resisted|p2a: Boom!
|-damage|p2a: Boom!|22/100
|-hitcount|p2a: Boom!|2
|
|-weather|RainDance|[upkeep]
|upkeep
|turn|6
|
|t:|1758306395
|-end|p1a: Iron Crown|Quark Drive|[silent]
|switch|p1a: Zamazenta|Zamazenta|100/100
|-damage|p1a: Zamazenta|94/100|[from] Stealth Rock
|-ability|p1a: Zamazenta|Dauntless Shield|boost
|-boost|p1a: Zamazenta|def|1
|move|p2a: Boom!|Liquidation|p1a: Zamazenta
|-damage|p1a: Zamazenta|58/100
|-damage|p2a: Boom!|13/100|[from] item: Life Orb
|
|-weather|RainDance|[upkeep]
|-heal|p1a: Zamazenta|64/100|[from] item: Leftovers
|upkeep
|turn|7
|
|t:|1758306401
|move|p2a: Boom!|Taunt|p1a: Zamazenta
|-start|p1a: Zamazenta|move: Taunt
|move|p1a: Zamazenta|Body Press|p2a: Boom!
|-damage|p2a: Boom!|0 fnt
|faint|p2a: Boom!
|
|-weather|RainDance|[upkeep]
|-heal|p1a: Zamazenta|71/100|[from] item: Leftovers
|upkeep
|
|t:|1758306407
|switch|p2a: Gen 5|Keldeo-Resolute, shiny|100/100
|turn|8
|
|t:|1758306422
|move|p1a: Zamazenta|Body Press|p2a: Gen 5
|-damage|p2a: Gen 5|39/100
|move|p2a: Gen 5|Surf|p1a: Zamazenta
|-damage|p1a: Zamazenta|0 fnt
|faint|p1a: Zamazenta
|
|-weather|RainDance|[upkeep]
|upkeep
|
|t:|1758306429
|switch|p1a: Lokix|Lokix, F|100/100
|-damage|p1a: Lokix|76/100|[from] Stealth Rock
|turn|9
|
|t:|1758306432
|switch|p2a: Brain Drain|Tentacruel, F, shiny|100/100
|move|p1a: Lokix|First Impression|p2a: Brain Drain
|-resisted|p2a: Brain Drain
|-damage|p2a: Brain Drain|12/100
|
|-weather|none
|-heal|p2a: Brain Drain|19/100|[from] item: Leftovers
|upkeep
|turn|10
|
|t:|1758306442
|switch|p1a: Great Tusk|Great Tusk|100/100
|move|p2a: Brain Drain|Sludge Bomb|p1a: Great Tusk
|-resisted|p1a: Great Tusk
|-damage|p1a: Great Tusk|81/100
|
|-heal|p2a: Brain Drain|25/100|[from] item: Leftovers
|upkeep
|turn|11
|
|t:|1758306447
|move|p1a: Great Tusk|Rapid Spin|p2a: Brain Drain
|-damage|p2a: Brain Drain|2/100
|-boost|p1a: Great Tusk|spe|1
|-sideend|p1: veilure|Stealth Rock|[from] move: Rapid Spin|[of] p1a: Great Tusk
|move|p2a: Brain Drain|Surf|p1a: Great Tusk
|-supereffective|p1a: Great Tusk
|-damage|p1a: Great Tusk|0 fnt
|faint|p1a: Great Tusk
|-end|p1a: Great Tusk|Protosynthesis|[silent]
|
|-heal|p2a: Brain Drain|8/100|[from] item: Leftovers
|upkeep
|
|t:|1758306454
|switch|p1a: Iron Crown|Iron Crown|7/100
|turn|12
|
|t:|1758306461
|move|p1a: Iron Crown|Volt Switch|p2a: Brain Drain
|-supereffective|p2a: Brain Drain
|-damage|p2a: Brain Drain|0 fnt
|faint|p2a: Brain Drain
|
|t:|1758306464
|-end|p1a: Iron Crown|Quark Drive|[silent]
|switch|p1a: Lokix|Lokix, F|76/100|[from] Volt Switch
|
|upkeep
|
|t:|1758306467
|switch|p2a: Bedhead|Landorus-Therian, M|100/100
|-ability|p2a: Bedhead|Intimidate|boost
|-unboost|p1a: Lokix|atk|1
|turn|13
|
|t:|1758306478
|move|p2a: Bedhead|Stealth Rock|p1a: Lokix
|-sidestart|p1: veilure|move: Stealth Rock
|move|p1a: Lokix|Knock Off|p2a: Bedhead
|-damage|p2a: Bedhead|49/100
|-enditem|p2a: Bedhead|Soft Sand|[from] move: Knock Off|[of] p1a: Lokix
|
|upkeep
|turn|14
|
|t:|1758306486
|switch|p1a: Iron Crown|Iron Crown|7/100
|-damage|p1a: Iron Crown|0 fnt|[from] Stealth Rock
|faint|p1a: Iron Crown
|-end|p1a: Iron Crown|Quark Drive|[silent]
|move|p2a: Bedhead|Sludge Wave|p1: Iron Crown|[notarget]
|-fail|p2a: Bedhead
|
|upkeep
|
|t:|1758306488
|switch|p1a: Garganacl|Garganacl, F|100/100
|-damage|p1a: Garganacl|88/100|[from] Stealth Rock
|turn|15
|
|t:|1758306492
|-terastallize|p1a: Garganacl|Water
|move|p2a: Bedhead|Sandsear Storm|p1a: Garganacl
|-damage|p1a: Garganacl|58/100
|move|p1a: Garganacl|Curse|p1a: Garganacl
|-unboost|p1a: Garganacl|spe|1
|-boost|p1a: Garganacl|atk|1
|-boost|p1a: Garganacl|def|1
|
|-heal|p1a: Garganacl|64/100|[from] item: Leftovers
|upkeep
|turn|16
|
|t:|1758306501
|move|p2a: Bedhead|Sandsear Storm|p1a: Garganacl
|-damage|p1a: Garganacl|32/100
|move|p1a: Garganacl|Salt Cure|p2a: Bedhead
|-damage|p2a: Bedhead|23/100
|-start|p2a: Bedhead|Salt Cure
|
|-heal|p1a: Garganacl|39/100|[from] item: Leftovers
|-damage|p2a: Bedhead|11/100|[from] Salt Cure
|upkeep
|turn|17
|
|t:|1758306507
|move|p2a: Bedhead|Sandsear Storm|p1a: Garganacl
|-damage|p1a: Garganacl|5/100
|move|p1a: Garganacl|Recover|p1a: Garganacl
|-heal|p1a: Garganacl|55/100
|
|-heal|p1a: Garganacl|61/100|[from] item: Leftovers
|-damage|p2a: Bedhead|0 fnt|[from] Salt Cure
|faint|p2a: Bedhead
|upkeep
|
|t:|1758306514
|switch|p2a: Iron Clown|Iron Crown|100/100
|turn|18
|
|t:|1758306517
|move|p2a: Iron Clown|Psychic Noise|p1a: Garganacl
|-damage|p1a: Garganacl|35/100
|-start|p1a: Garganacl|move: Heal Block
|move|p1a: Garganacl|Earthquake|p2a: Iron Clown
|-supereffective|p2a: Iron Clown
|-damage|p2a: Iron Clown|23/100
|
|upkeep
|turn|19
|
|t:|1758306525
|move|p2a: Iron Clown|Psychic Noise|p1a: Garganacl
|-damage|p1a: Garganacl|7/100
|move|p1a: Garganacl|Salt Cure|p2a: Iron Clown
|-resisted|p2a: Iron Clown
|-damage|p2a: Iron Clown|13/100
|-start|p2a: Iron Clown|Salt Cure
|
|-damage|p2a: Iron Clown|0 fnt|[from] Salt Cure
|faint|p2a: Iron Clown
|-end|p2a: Iron Clown|Quark Drive|[silent]
|-end|p1a: Garganacl|move: Heal Block
|upkeep
|
|t:|1758306530
|switch|p2a: Gen 5|Keldeo-Resolute, shiny|39/100
|turn|20
|
|t:|1758306533
|move|p2a: Gen 5|Vacuum Wave|p1a: Garganacl
|-damage|p1a: Garganacl|0 fnt
|faint|p1a: Garganacl
|
|upkeep
|
|t:|1758306534
|switch|p1a: Lokix|Lokix, F|76/100
|-damage|p1a: Lokix|51/100|[from] Stealth Rock
|turn|21
|
|t:|1758306539
|move|p1a: Lokix|First Impression|p2a: Gen 5
|-resisted|p2a: Gen 5
|-damage|p2a: Gen 5|0 fnt
|faint|p2a: Gen 5
|
|win|veilure
|raw|veilure's rating: 1267 &rarr; <strong>1296</strong><br />(+29 for winning)
|raw|ClickForVictory's rating: 1322 &rarr; <strong>1299</strong><br />(-23 for losing)
|c|☆veilure|gg
|c|☆ClickForVictory|!dt first impression
|raw|<ul class="utilichart"><li class="result"><span class="col movenamecol"><a href="https://dex.pokemonshowdown.com/moves/firstimpression">First Impression</a></span> <span class="col typecol"><img src="//play.pokemonshowdown.com/sprites/types/Bug.png" alt="Bug" width="32" height="14"><img src="//play.pokemonshowdown.com/sprites/categories/Physical.png" alt="Physical" width="32" height="14"></span> <span class="col labelcol"><em>Power</em><br>90</span> <span class="col widelabelcol"><em>Accuracy</em><br>100%</span> <span class="col pplabelcol"><em>PP</em><br>16</span> <span class="col movedesccol">Nearly always goes first. First turn out only.</span> </li><li style="clear:both"></li></ul>
|raw|<font size="1"><font color="#686868">Priority:</font> 2&nbsp;|&ThickSpace;<font color="#686868">Gen:</font> 7&nbsp;|&ThickSpace;&#10003; Contact&nbsp;|&ThickSpace;<font color="#686868">Z-Power:</font> 175&nbsp;|&ThickSpace;<font color="#686868">Target:</font> One Adjacent Pokémon</font>

|c|☆ClickForVictory|huh
|c|☆ClickForVictory|gg!
