|j|‽squigglybuff
|j|☆undertalethemovie
|t:|1758255892
|gametype|singles
|player|p1|squigglybuff|169|1336
|player|p2|undertalethemovie|n|1300
|gen|9
|tier|[Gen 9] OU
|rated|
|rule|HP Percentage Mod: HP is shown in percentages
|rule|Endless Battle Clause: Forcing endless battles is banned
|rule|Species Clause: Limit one of each Pokémon
|rule|OHKO Clause: OHKO moves are banned
|rule|Evasion Items Clause: Evasion items are banned
|rule|Evasion Moves Clause: Evasion moves are banned
|rule|Evasion Abilities Clause: Evasion abilities are banned
|rule|Sleep Moves Clause: Sleep-inducing moves are banned
|clearpoke
|poke|p1|Araquanid, M|
|poke|p1|Hoopa-Unbound|
|poke|p1|Enamorus, F|
|poke|p1|Gholdengo|
|poke|p1|Tornadus-Therian, M|
|poke|p1|Raging Bolt|
|poke|p2|Clodsire, F|
|poke|p2|Ogerpon-Wellspring, F|
|poke|p2|Zoroark-Hisui, M|
|poke|p2|Zamazenta-*|
|poke|p2|Cinderace, M|
|poke|p2|Deoxys-Speed|
|teampreview
|inactive|Battle timer is ON: inactive players will automatically lose when time's up. (requested by undertalethemovie)
|
|t:|1758255899
|teamsize|p1|6
|teamsize|p2|6
|start
|switch|p1a: Araquanid|Araquanid, M|100/100
|switch|p2a: The Writer|Ogerpon-Wellspring, F|100/100
|turn|1
|
|t:|1758255923
|switch|p1a: Raging Bolt|Raging Bolt|100/100
|-enditem|p1a: Raging Bolt|Booster Energy
|-activate|p1a: Raging Bolt|ability: Protosynthesis|[fromitem]
|-start|p1a: Raging Bolt|protosynthesisspa
|-terastallize|p2a: The Writer|Water
|detailschange|p2a: The Writer|Ogerpon-Wellspring-Tera, F, tera:Water
|-ability|p2a: The Writer|Embody Aspect (Wellspring)|boost
|-boost|p2a: The Writer|spd|1
|move|p2a: The Writer|Horn Leech|p1a: Raging Bolt
|-resisted|p1a: Raging Bolt
|-damage|p1a: Raging Bolt|81/100
|
|upkeep
|turn|2
|
|t:|1758255933
|switch|p2a: Mumbo|Clodsire, F|100/100
|-item|p2a: Mumbo|Air Balloon
|move|p1a: Raging Bolt|Dragon Pulse|p2a: Mumbo
|-damage|p2a: Mumbo|66/100
|-enditem|p2a: Mumbo|Air Balloon
|
|upkeep
|turn|3
|
|t:|1758255949
|-end|p1a: Raging Bolt|Protosynthesis|[silent]
|switch|p1a: Araquanid|Araquanid, M|100/100
|move|p2a: Mumbo|Toxic|p1a: Araquanid
|-status|p1a: Araquanid|tox
|
|-damage|p1a: Araquanid|94/100 tox|[from] psn
|upkeep
|turn|4
|
|t:|1758255957
|switch|p2a: The Writer|Ogerpon-Wellspring-Tera, F, tera:Water|100/100
|-ability|p2a: The Writer|Embody Aspect (Wellspring)|boost
|-boost|p2a: The Writer|spd|1
|move|p1a: Araquanid|Sticky Web|p2a: The Writer
|-sidestart|p2: undertalethemovie|move: Sticky Web
|
|-damage|p1a: Araquanid|82/100 tox|[from] psn
|upkeep
|turn|5
|
|t:|1758255967
|move|p2a: The Writer|Horn Leech|p1a: Araquanid
|-damage|p1a: Araquanid|34/100 tox
|move|p1a: Araquanid|Endeavor|p2a: The Writer
|-damage|p2a: The Writer|39/100
|
|-damage|p1a: Araquanid|16/100 tox|[from] psn
|upkeep
|turn|6
|-enditem|p1a: Araquanid|Custap Berry|[eat]
|-activate|p1a: Araquanid|item: Custap Berry|[consumed]
|
|t:|1758255972
|switch|p2a: Mumbo|Clodsire, F|100/100
|-item|p2a: Mumbo|Air Balloon
|move|p1a: Araquanid|Endeavor|p2a: Mumbo
|-immune|p2a: Mumbo
|
|-damage|p1a: Araquanid|0 fnt|[from] psn
|faint|p1a: Araquanid
|upkeep
|
|t:|1758255986
|switch|p1a: Tornadus|Tornadus-Therian, M|100/100
|turn|7
|
|t:|1758255996
|-terastallize|p1a: Tornadus|Flying
|move|p2a: Mumbo|Detect|p2a: Mumbo
|-singleturn|p2a: Mumbo|Protect
|move|p1a: Tornadus|Bleakwind Storm|p2a: Mumbo
|-activate|p2a: Mumbo|move: Protect
|
|upkeep
|turn|8
|
|t:|1758256013
|switch|p2a: The Writer|Ogerpon-Wellspring-Tera, F, tera:Water|39/100
|-activate|p2a: The Writer|move: Sticky Web
|-unboost|p2a: The Writer|spe|1
|-ability|p2a: The Writer|Embody Aspect (Wellspring)|boost
|-boost|p2a: The Writer|spd|1
|move|p1a: Tornadus|Bleakwind Storm|p2a: The Writer
|-damage|p2a: The Writer|0 fnt
|faint|p2a: The Writer
|detailschange|p2: The Writer|Ogerpon-Wellspring, F|[silent]
|-damage|p1a: Tornadus|91/100|[from] item: Life Orb
|
|upkeep
|
|t:|1758256020
|switch|p2a: Mumbo|Clodsire, F|66/100
|-activate|p2a: Mumbo|move: Sticky Web
|-unboost|p2a: Mumbo|spe|1
|turn|9
|
|t:|1758256023
|move|p1a: Tornadus|Bleakwind Storm|p2a: Mumbo
|-damage|p2a: Mumbo|23/100
|-unboost|p2a: Mumbo|spe|1
|-damage|p1a: Tornadus|81/100|[from] item: Life Orb
|move|p2a: Mumbo|Toxic|p1a: Tornadus
|-status|p1a: Tornadus|tox
|
|-damage|p1a: Tornadus|75/100 tox|[from] psn
|upkeep
|turn|10
|
|t:|1758256031
|move|p1a: Tornadus|Bleakwind Storm|p2a: Mumbo|[miss]
|-miss|p1a: Tornadus|p2a: Mumbo
|move|p2a: Mumbo|Recover|p2a: Mumbo
|-heal|p2a: Mumbo|73/100
|
|-damage|p1a: Tornadus|63/100 tox|[from] psn
|upkeep
|turn|11
|
|t:|1758256038
|switch|p1a: Gholdengo|Gholdengo|100/100
|-item|p1a: Gholdengo|Air Balloon
|move|p2a: Mumbo|Recover|p2a: Mumbo
|-heal|p2a: Mumbo|100/100
|
|upkeep
|turn|12
|
|t:|1758256045
|switch|p2a: Ingerland|Cinderace, M|100/100
|move|p1a: Gholdengo|Psyshock|p2a: Ingerland
|-damage|p2a: Ingerland|57/100
|
|upkeep
|turn|13
|
|t:|1758256051
|switch|p1a: Raging Bolt|Raging Bolt|81/100
|move|p2a: Ingerland|Pyro Ball|p1a: Raging Bolt
|-resisted|p1a: Raging Bolt
|-damage|p1a: Raging Bolt|55/100
|
|upkeep
|turn|14
|
|t:|1758256057
|switch|p2a: Mumbo|Clodsire, F|100/100
|-activate|p2a: Mumbo|move: Sticky Web
|-unboost|p2a: Mumbo|spe|1
|move|p1a: Raging Bolt|Dragon Pulse|p2a: Mumbo
|-damage|p2a: Mumbo|72/100
|
|upkeep
|turn|15
|
|t:|1758256064
|-end|p1a: Raging Bolt|Protosynthesis|[silent]
|switch|p1a: Gholdengo|Gholdengo|100/100
|-item|p1a: Gholdengo|Air Balloon
|move|p2a: Mumbo|Toxic Spikes|p1a: Gholdengo
|-sidestart|p1: squigglybuff|move: Toxic Spikes
|
|upkeep
|turn|16
|
|t:|1758256072
|move|p1a: Gholdengo|Shadow Ball|p2a: Mumbo
|-damage|p2a: Mumbo|50/100
|move|p2a: Mumbo|Toxic Spikes|p1a: Gholdengo
|-sidestart|p1: squigglybuff|move: Toxic Spikes
|
|upkeep
|turn|17
|
|t:|1758256077
|move|p1a: Gholdengo|Shadow Ball|p2a: Mumbo
|-damage|p2a: Mumbo|26/100
|-unboost|p2a: Mumbo|spd|1
|move|p2a: Mumbo|Recover|p2a: Mumbo
|-heal|p2a: Mumbo|76/100
|
|upkeep
|turn|18
|
|t:|1758256082
|switch|p2a: Mumbo|Clodsire, F|100/100
|-item|p2a: Mumbo|Air Balloon
|move|p1a: Gholdengo|Nasty Plot|p1a: Gholdengo
|-boost|p1a: Gholdengo|spa|2
|
|upkeep
|turn|19
|
|t:|1758256085
|move|p2a: Mumbo|Hex|p1a: Gholdengo
|-supereffective|p1a: Gholdengo
|-damage|p1a: Gholdengo|20/100
|-enditem|p1a: Gholdengo|Air Balloon
|move|p1a: Gholdengo|Make It Rain|p2a: Mumbo
|-damage|p2a: Mumbo|0 fnt
|-unboost|p1a: Gholdengo|spa|1
|replace|p2a: Count St. Germain|Zoroark-Hisui, M, shiny
|-end|p2a: Count St. Germain|Illusion
|-enditem|p2a: Count St. Germain|Air Balloon
|faint|p2a: Count St. Germain
|
|upkeep
|
|t:|1758256093
|switch|p2a: Mumbo|Clodsire, F|76/100
|-activate|p2a: Mumbo|move: Sticky Web
|-unboost|p2a: Mumbo|spe|1
|turn|20
|
|t:|1758256097
|move|p1a: Gholdengo|Psyshock|p2a: Mumbo
|-supereffective|p2a: Mumbo
|-damage|p2a: Mumbo|9/100
|move|p2a: Mumbo|Earthquake|p1a: Gholdengo
|-supereffective|p1a: Gholdengo
|-damage|p1a: Gholdengo|0 fnt
|faint|p1a: Gholdengo
|
|upkeep
|
|t:|1758256104
|switch|p1a: Enamorus|Enamorus, F|100/100
|turn|21
|
|t:|1758256110
|move|p1a: Enamorus|Earth Power|p2a: Mumbo
|-supereffective|p2a: Mumbo
|-damage|p2a: Mumbo|0 fnt
|faint|p2a: Mumbo
|
|upkeep
|
|t:|1758256111
|switch|p2a: Ingerland|Cinderace, M|57/100
|turn|22
|
|t:|1758256116
|move|p2a: Ingerland|Court Change|p2a: Ingerland
|-start|p2a: Ingerland|typechange|Normal|[from] ability: Libero
|-swapsideconditions
|-activate|p2a: Ingerland|move: Court Change
|move|p1a: Enamorus|Earth Power|p2a: Ingerland
|-damage|p2a: Ingerland|0 fnt
|faint|p2a: Ingerland
|
|upkeep
|
|t:|1758256120
|switch|p2a: Minami Torishima|Deoxys-Speed|100/100
|-status|p2a: Minami Torishima|tox
|-ability|p2a: Minami Torishima|Pressure
|turn|23
|
|t:|1758256124
|move|p2a: Minami Torishima|Ice Beam|p1a: Enamorus
|-supereffective|p1a: Enamorus
|-damage|p1a: Enamorus|0 fnt
|faint|p1a: Enamorus
|
|-damage|p2a: Minami Torishima|94/100 tox|[from] psn
|upkeep
|
|t:|1758256128
|switch|p1a: Hoopa|Hoopa-Unbound|100/100
|-activate|p1a: Hoopa|move: Sticky Web
|-unboost|p1a: Hoopa|spe|1
|turn|24
|
|t:|1758256131
|switch|p2a: Pokemon Shield|Zamazenta|100/100
|-status|p2a: Pokemon Shield|tox
|-ability|p2a: Pokemon Shield|Dauntless Shield|boost
|-boost|p2a: Pokemon Shield|def|1
|move|p1a: Hoopa|Dark Pulse|p2a: Pokemon Shield
|-resisted|p2a: Pokemon Shield
|-damage|p2a: Pokemon Shield|71/100 tox
|-damage|p1a: Hoopa|91/100|[from] item: Life Orb
|
|-heal|p2a: Pokemon Shield|77/100 tox|[from] item: Leftovers
|-damage|p2a: Pokemon Shield|71/100 tox|[from] psn
|upkeep
|turn|25
|
|t:|1758256137
|move|p2a: Pokemon Shield|Close Combat|p1a: Hoopa
|-damage|p1a: Hoopa|0 fnt
|-unboost|p2a: Pokemon Shield|def|1
|-unboost|p2a: Pokemon Shield|spd|1
|faint|p1a: Hoopa
|
|-heal|p2a: Pokemon Shield|77/100 tox|[from] item: Leftovers
|-damage|p2a: Pokemon Shield|65/100 tox|[from] psn
|upkeep
|
|t:|1758256141
|switch|p1a: Tornadus|Tornadus-Therian, M, tera:Flying|96/100 tox
|turn|26
|
|t:|1758256145
|move|p1a: Tornadus|Bleakwind Storm|p2a: Pokemon Shield
|-supereffective|p2a: Pokemon Shield
|-damage|p2a: Pokemon Shield|0 fnt
|faint|p2a: Pokemon Shield
|-damage|p1a: Tornadus|86/100 tox|[from] item: Life Orb
|
|-damage|p1a: Tornadus|80/100 tox|[from] psn
|upkeep
|
|t:|1758256147
|switch|p2a: Minami Torishima|Deoxys-Speed|94/100 tox
|-ability|p2a: Minami Torishima|Pressure
|turn|27
|
|t:|1758256152
|move|p2a: Minami Torishima|Ice Beam|p1a: Tornadus
|-supereffective|p1a: Tornadus
|-damage|p1a: Tornadus|0 fnt
|faint|p1a: Tornadus
|
|-damage|p2a: Minami Torishima|88/100 tox|[from] psn
|upkeep
|
|t:|1758256154
|switch|p1a: Raging Bolt|Raging Bolt|55/100
|-activate|p1a: Raging Bolt|move: Sticky Web
|-unboost|p1a: Raging Bolt|spe|1
|turn|28
|
|t:|1758256156
|move|p1a: Raging Bolt|Thunderclap|p2a: Minami Torishima
|-crit|p2a: Minami Torishima
|-damage|p2a: Minami Torishima|0 fnt
|faint|p2a: Minami Torishima
|
|win|squigglybuff
|raw|squigglybuff's rating: 1336 &rarr; <strong>1354</strong><br />(+18 for winning)
|raw|undertalethemovie's rating: 1300 &rarr; <strong>1278</strong><br />(-22 for losing)
|l|☆undertalethemovie
|player|p2|
|l|‽squigglybuff
|player|p1|
