|j|☆BestLink
|j|☆gabbagoul
|t:|1758291023
|gametype|singles
|player|p1|BestLink|cynthia-gen4|1096
|player|p2|gabbagoul|rocketgrunt|1150
|gen|9
|tier|[Gen 9] OU
|rated|
|rule|HP Percentage Mod: HP is shown in percentages
|rule|Endless Battle Clause: Forcing endless battles is banned
|rule|Species Clause: Limit one of each Pokémon
|rule|OHKO Clause: OHKO moves are banned
|rule|Evasion Items Clause: Evasion items are banned
|rule|Evasion Moves Clause: Evasion moves are banned
|rule|Evasion Abilities Clause: Evasion abilities are banned
|rule|Sleep Moves Clause: Sleep-inducing moves are banned
|clearpoke
|poke|p1|Gliscor, M|
|poke|p1|Raikou|
|poke|p1|Great Tusk|
|poke|p1|Ditto|
|poke|p1|Primarina, F|
|poke|p1|Lokix, M|
|poke|p2|Magneton|
|poke|p2|Mamoswine, M|
|poke|p2|Maushold-Four|
|poke|p2|Reuniclus, F|
|poke|p2|Milotic, F|
|poke|p2|Comfey, M|
|teampreview
|inactive|Battle timer is ON: inactive players will automatically lose when time's up. (requested by gabbagoul)
|
|t:|1758291029
|teamsize|p1|6
|teamsize|p2|6
|start
|switch|p1a: Raikou|Raikou|100/100
|switch|p2a: Milotic|Milotic, F|100/100
|-ability|p1a: Raikou|Pressure
|turn|1
|
|t:|1758291038
|switch|p2a: Magneton|Magneton|100/100
|move|p1a: Raikou|Scald|p2a: Magneton
|-damage|p2a: Magneton|81/100
|
|upkeep
|turn|2
|
|t:|1758291045
|move|p1a: Raikou|Volt Switch|p2a: Magneton
|-resisted|p2a: Magneton
|-damage|p2a: Magneton|67/100
|
|t:|1758291050
|switch|p1a: Gliscor|Gliscor, M|100/100|[from] Volt Switch
|move|p2a: Magneton|Thunderbolt|p1a: Gliscor
|-immune|p1a: Gliscor
|
|-status|p1a: Gliscor|tox|[from] item: Toxic Orb
|upkeep
|turn|3
|
|t:|1758291057
|move|p1a: Gliscor|Knock Off|p2a: Magneton
|-crit|p2a: Magneton
|-damage|p2a: Magneton|41/100
|-enditem|p2a: Magneton|Eviolite|[from] move: Knock Off|[of] p1a: Gliscor
|move|p2a: Magneton|Flash Cannon|p1a: Gliscor
|-damage|p1a: Gliscor|49/100 tox
|
|-heal|p1a: Gliscor|62/100 tox|[from] ability: Poison Heal
|upkeep
|turn|4
|
|t:|1758291069
|move|p1a: Gliscor|Protect|p1a: Gliscor
|-singleturn|p1a: Gliscor|Protect
|move|p2a: Magneton|Flash Cannon|p1a: Gliscor
|-activate|p1a: Gliscor|move: Protect
|
|-heal|p1a: Gliscor|74/100 tox|[from] ability: Poison Heal
|upkeep
|turn|5
|
|t:|1758291086
|switch|p1a: Great Tusk|Great Tusk|100/100
|-enditem|p1a: Great Tusk|Booster Energy
|-activate|p1a: Great Tusk|ability: Protosynthesis|[fromitem]
|-start|p1a: Great Tusk|protosynthesisatk
|move|p2a: Magneton|Flash Cannon|p1a: Great Tusk
|-crit|p1a: Great Tusk
|-damage|p1a: Great Tusk|0 fnt
|faint|p1a: Great Tusk
|-end|p1a: Great Tusk|Protosynthesis|[silent]
|
|upkeep
|
|t:|1758291094
|switch|p1a: Lokix|Lokix, M|100/100
|turn|6
|
|t:|1758291100
|-terastallize|p1a: Lokix|Bug
|move|p1a: Lokix|First Impression|p2a: Magneton
|-resisted|p2a: Magneton
|-damage|p2a: Magneton|0 fnt
|faint|p2a: Magneton
|
|upkeep
|
|t:|1758291107
|switch|p2a: Comfey|Comfey, M|100/100
|turn|7
|
|t:|1758291116
|switch|p1a: Gliscor|Gliscor, M|74/100 tox
|move|p2a: Comfey|Draining Kiss|p1a: Gliscor
|-damage|p1a: Gliscor|55/100 tox
|
|-heal|p1a: Gliscor|67/100 tox|[from] ability: Poison Heal
|upkeep
|turn|8
|
|t:|1758291123
|switch|p2a: Milotic|Milotic, F|100/100
|move|p1a: Gliscor|Knock Off|p2a: Milotic
|-damage|p2a: Milotic|84/100
|-enditem|p2a: Milotic|Flame Orb|[from] move: Knock Off|[of] p1a: Gliscor
|
|-heal|p1a: Gliscor|80/100 tox|[from] ability: Poison Heal
|upkeep
|turn|9
|
|t:|1758291135
|switch|p1a: Raikou|Raikou|100/100
|-ability|p1a: Raikou|Pressure
|move|p2a: Milotic|Scald|p1a: Raikou
|-damage|p1a: Raikou|75/100
|
|upkeep
|turn|10
|
|t:|1758291145
|move|p1a: Raikou|Aura Sphere|p2a: Milotic
|-damage|p2a: Milotic|70/100
|move|p2a: Milotic|Scald|p1a: Raikou
|-damage|p1a: Raikou|49/100
|
|upkeep
|turn|11
|
|t:|1758291151
|move|p1a: Raikou|Thunderbolt|p2a: Milotic
|-supereffective|p2a: Milotic
|-damage|p2a: Milotic|18/100
|move|p2a: Milotic|Scald|p1a: Raikou
|-damage|p1a: Raikou|27/100
|
|upkeep
|turn|12
|
|t:|1758291159
|switch|p2a: Mamoswine|Mamoswine, M|100/100
|move|p1a: Raikou|Volt Switch|p2a: Mamoswine
|-immune|p2a: Mamoswine
|
|upkeep
|turn|13
|
|t:|1758291169
|switch|p1a: Primarina|Primarina, F|100/100
|move|p2a: Mamoswine|Ice Shard|p1a: Primarina
|-resisted|p1a: Primarina
|-damage|p1a: Primarina|86/100
|
|upkeep
|turn|14
|
|t:|1758291179
|switch|p2a: Milotic|Milotic, F|18/100
|move|p1a: Primarina|Psychic Noise|p2a: Milotic
|-resisted|p2a: Milotic
|-damage|p2a: Milotic|4/100
|-start|p2a: Milotic|move: Heal Block
|
|upkeep
|turn|15
|
|t:|1758291187
|move|p1a: Primarina|Aqua Jet|p2a: Milotic
|-resisted|p2a: Milotic
|-damage|p2a: Milotic|1/100
|move|p2a: Milotic|Scald|p1a: Primarina
|-resisted|p1a: Primarina
|-damage|p1a: Primarina|79/100
|
|-end|p2a: Milotic|move: Heal Block
|upkeep
|turn|16
|
|t:|1758291195
|move|p1a: Primarina|Aqua Jet|p2a: Milotic
|-resisted|p2a: Milotic
|-damage|p2a: Milotic|0 fnt
|faint|p2a: Milotic
|
|upkeep
|
|t:|1758291199
|switch|p2a: Comfey|Comfey, M|100/100
|turn|17
|
|t:|1758291209
|move|p2a: Comfey|Calm Mind|p2a: Comfey
|-boost|p2a: Comfey|spa|1
|-boost|p2a: Comfey|spd|1
|move|p1a: Primarina|Psychic Noise|p2a: Comfey
|-damage|p2a: Comfey|72/100
|-start|p2a: Comfey|move: Heal Block
|
|upkeep
|turn|18
|
|t:|1758291221
|move|p2a: Comfey|Calm Mind|p2a: Comfey
|-boost|p2a: Comfey|spa|1
|-boost|p2a: Comfey|spd|1
|move|p1a: Primarina|Moonblast|p2a: Comfey
|-damage|p2a: Comfey|45/100
|
|-end|p2a: Comfey|move: Heal Block
|upkeep
|turn|19
|
|t:|1758291228
|move|p2a: Comfey|Giga Drain|p1a: Primarina
|-supereffective|p1a: Primarina
|-damage|p1a: Primarina|31/100
|-heal|p2a: Comfey|82/100|[from] drain|[of] p1a: Primarina
|move|p1a: Primarina|Moonblast|p2a: Comfey
|-damage|p2a: Comfey|57/100
|
|upkeep
|turn|20
|
|t:|1758291235
|move|p2a: Comfey|Giga Drain|p1a: Primarina
|-supereffective|p1a: Primarina
|-damage|p1a: Primarina|0 fnt
|-heal|p2a: Comfey|81/100|[from] drain|[of] p1a: Primarina
|faint|p1a: Primarina
|
|upkeep
|
|t:|1758291243
|switch|p1a: Lokix|Lokix, M, tera:Bug|100/100
|turn|21
|
|t:|1758291247
|move|p2a: Comfey|Draining Kiss|p1a: Lokix
|-damage|p1a: Lokix|20/100
|-heal|p2a: Comfey|100/100|[from] drain|[of] p1a: Lokix
|move|p1a: Lokix|First Impression|p2a: Comfey
|-resisted|p2a: Comfey
|-damage|p2a: Comfey|0 fnt
|faint|p2a: Comfey
|
|upkeep
|
|t:|1758291252
|switch|p2a: Mamoswine|Mamoswine, M|100/100
|turn|22
|
|t:|1758291260
|switch|p1a: Raikou|Raikou|27/100
|-ability|p1a: Raikou|Pressure
|move|p2a: Mamoswine|Ice Shard|p1a: Raikou
|-damage|p1a: Raikou|0 fnt
|faint|p1a: Raikou
|
|upkeep
|
|t:|1758291267
|switch|p1a: Lokix|Lokix, M, tera:Bug|20/100
|turn|23
|
|t:|1758291270
|move|p1a: Lokix|First Impression|p2a: Mamoswine
|-damage|p2a: Mamoswine|10/100
|-damage|p1a: Lokix|3/100|[from] item: Rocky Helmet|[of] p2a: Mamoswine
|move|p2a: Mamoswine|Avalanche|p1a: Lokix
|-damage|p1a: Lokix|0 fnt
|faint|p1a: Lokix
|
|upkeep
|
|t:|1758291280
|switch|p1a: Ditto|Ditto|100/100
|-transform|p1a: Ditto|p2a: Mamoswine|[from] ability: Imposter
|turn|24
|
|t:|1758291287
|move|p1a: Ditto|Ice Shard|p2a: Mamoswine
|-damage|p2a: Mamoswine|0 fnt
|faint|p2a: Mamoswine
|
|upkeep
|
|t:|1758291295
|switch|p2a: Maushold|Maushold-Four|100/100
|turn|25
|
|t:|1758291305
|-terastallize|p2a: Maushold|Normal
|move|p1a: Ditto|Ice Shard|p2a: Maushold
|-damage|p2a: Maushold|64/100
|move|p2a: Maushold|Population Bomb|p1a: Ditto
|-damage|p1a: Ditto|81/100
|-crit|p1a: Ditto
|-damage|p1a: Ditto|53/100
|-damage|p1a: Ditto|33/100
|-damage|p1a: Ditto|13/100
|-damage|p1a: Ditto|0 fnt
|faint|p1a: Ditto
|-hitcount|p1: Ditto|5
|
|upkeep
|
|t:|1758291317
|switch|p1a: Gliscor|Gliscor, M|80/100 tox
|turn|26
|
|t:|1758291326
|move|p2a: Maushold|Population Bomb|p1a: Gliscor
|-damage|p1a: Gliscor|68/100 tox
|-crit|p1a: Gliscor
|-damage|p1a: Gliscor|51/100 tox
|-damage|p1a: Gliscor|41/100 tox
|-damage|p1a: Gliscor|31/100 tox
|-damage|p1a: Gliscor|20/100 tox
|-damage|p1a: Gliscor|10/100 tox
|-damage|p1a: Gliscor|0 fnt
|faint|p1a: Gliscor
|-hitcount|p1: Gliscor|7
|
|win|gabbagoul
|raw|BestLink's rating: 1096 &rarr; <strong>1075</strong><br />(-21 for losing)
|raw|gabbagoul's rating: 1150 &rarr; <strong>1171</strong><br />(+21 for winning)
|l|☆gabbagoul
|player|p2|
|l|☆BestLink
|player|p1|
