|j|☆Nikator98
|j|☆sonic superstars
|t:|1758292432
|gametype|singles
|player|p1|Nikator98|giovanni|1611
|player|p2|sonic superstars|pryce|1677
|gen|9
|tier|[Gen 9] OU
|rated|
|rule|HP Percentage Mod: HP is shown in percentages
|rule|Endless Battle Clause: Forcing endless battles is banned
|rule|Species Clause: Limit one of each Pokémon
|rule|OHKO Clause: OHKO moves are banned
|rule|Evasion Items Clause: Evasion items are banned
|rule|Evasion Moves Clause: Evasion moves are banned
|rule|Evasion Abilities Clause: Evasion abilities are banned
|rule|Sleep Moves Clause: Sleep-inducing moves are banned
|clearpoke
|poke|p1|Metagross|
|poke|p1|Great Tusk|
|poke|p1|Haxorus, M|
|poke|p1|Iron Moth|
|poke|p1|Zoroark-Hisui, M|
|poke|p1|Ninetales-Alola, F|
|poke|p2|Crabominable, M|
|poke|p2|Slowking-Galar, F|
|poke|p2|Hoopa-Unbound|
|poke|p2|Ursaluna, M|
|poke|p2|Hatterene, F|
|poke|p2|Kingambit, F|
|teampreview
|inactive|Battle timer is ON: inactive players will automatically lose when time's up. (requested by sonic superstars)
|inactive|sonic superstars has 120 seconds left.
|j| wgw2333
|
|t:|1758292469
|teamsize|p1|6
|teamsize|p2|6
|start
|switch|p1a: Asfaloth|Ninetales-Alola, F, shiny|100/100
|switch|p2a: Slowking|Slowking-Galar, F|100/100
|-weather|Snowscape|[from] ability: Snow Warning|[of] p1a: Asfaloth
|turn|1
|
|t:|1758292477
|move|p1a: Asfaloth|Aurora Veil|p1a: Asfaloth
|-sidestart|p1: Nikator98|move: Aurora Veil
|move|p2a: Slowking|Sludge Bomb|p1a: Asfaloth
|-supereffective|p1a: Asfaloth
|-damage|p1a: Asfaloth|59/100
|-status|p1a: Asfaloth|psn
|
|-weather|Snowscape|[upkeep]
|-damage|p1a: Asfaloth|47/100 psn|[from] psn
|upkeep
|turn|2
|
|t:|1758292485
|switch|p1a: Arquillian Sentry|Metagross|100/100
|move|p2a: Slowking|Trick Room|p2a: Slowking
|-fieldstart|move: Trick Room|[of] p2a: Slowking
|
|-weather|Snowscape|[upkeep]
|upkeep
|turn|3
|
|t:|1758292490
|move|p1a: Arquillian Sentry|Meteor Mash|p2a: Slowking
|-damage|p2a: Slowking|65/100
|-prepare|p2a: Slowking|Chilly Reception|[premajor]
|move|p2a: Slowking|Chilly Reception|p2a: Slowking
|
|t:|1758292501
|switch|p2a: Hoopa|Hoopa-Unbound|100/100|[from] Chilly Reception
|
|-weather|Snowscape|[upkeep]
|upkeep
|turn|4
|
|t:|1758292514
|switch|p1a: Kumaryia|Great Tusk, shiny|100/100
|move|p2a: Hoopa|Hyperspace Fury|p1a: Kumaryia
|-resisted|p1a: Kumaryia
|-damage|p1a: Kumaryia|89/100
|-unboost|p2a: Hoopa|def|1
|-enditem|p2a: Hoopa|Eject Pack
|
|t:|1758292522
|switch|p2a: ICE HAMMA 🔨🧊|Crabominable, M|100/100
|
|-weather|Snowscape|[upkeep]
|upkeep
|turn|5
|
|t:|1758292536
|-end|p1a: Kumaryia|Protosynthesis|[silent]
|switch|p1a: Arquillian Sentry|Metagross|100/100
|move|p2a: ICE HAMMA 🔨🧊|Ice Hammer|p1a: Arquillian Sentry|[miss]
|-miss|p2a: ICE HAMMA 🔨🧊|p1a: Arquillian Sentry
|
|-weather|none
|upkeep
|turn|6
|
|t:|1758292544
|switch|p2a: Slowking|Slowking-Galar, F|98/100
|move|p1a: Arquillian Sentry|Meteor Mash|p2a: Slowking
|-damage|p2a: Slowking|63/100
|-boost|p1a: Arquillian Sentry|atk|1
|
|-fieldend|move: Trick Room
|upkeep
|turn|7
|inactive|sonic superstars has 120 seconds left.
|
|t:|1758292574
|move|p1a: Arquillian Sentry|Meteor Mash|p2a: Slowking
|-damage|p2a: Slowking|4/100
|move|p2a: Slowking|Trick Room|p2a: Slowking
|-fieldstart|move: Trick Room|[of] p2a: Slowking
|
|upkeep
|turn|8
|
|t:|1758292584
|switch|p2a: Kingambit|Kingambit, F|100/100
|move|p1a: Arquillian Sentry|Stealth Rock|p2a: Kingambit
|-sidestart|p2: sonic superstars|move: Stealth Rock
|
|-sideend|p1: Nikator98|move: Aurora Veil
|upkeep
|turn|9
|
|t:|1758292608
|switch|p1a: Kumaryia|Great Tusk, shiny|89/100
|move|p2a: Kingambit|Swords Dance|p2a: Kingambit
|-boost|p2a: Kingambit|atk|2
|
|upkeep
|turn|10
|inactive|Nikator98 has 120 seconds left.
|
|t:|1758292640
|-end|p1a: Kumaryia|Protosynthesis|[silent]
|switch|p1a: Kumaryia|Great Tusk, shiny|100/100
|move|p2a: Kingambit|Low Kick|p1a: Kumaryia
|-immune|p1a: Kumaryia
|
|upkeep
|turn|11
|
|t:|1758292662
|switch|p1a: Kumaryia|Great Tusk, shiny|89/100
|move|p2a: Kingambit|Kowtow Cleave|p1a: Kumaryia
|-resisted|p1a: Kumaryia
|-damage|p1a: Kumaryia|46/100
|
|-fieldend|move: Trick Room
|upkeep
|turn|12
|j| LT124YH Ghoul
|j| FaronAan
|
|t:|1758292672
|-terastallize|p2a: Kingambit|Dark
|move|p1a: Kumaryia|Headlong Rush|p2a: Kingambit
|-damage|p2a: Kingambit|54/100
|-unboost|p1a: Kumaryia|def|1
|-unboost|p1a: Kumaryia|spd|1
|move|p2a: Kingambit|Kowtow Cleave|p1a: Kumaryia
|-resisted|p1a: Kumaryia
|-damage|p1a: Kumaryia|0 fnt
|faint|p1a: Kumaryia
|-end|p1a: Kumaryia|Protosynthesis|[silent]
|
|upkeep
|inactive|Nikator98 has 90 seconds left.
|
|t:|1758292694
|switch|p1a: Asfaloth|Ninetales-Alola, F, shiny|47/100 psn
|-weather|Snowscape|[from] ability: Snow Warning|[of] p1a: Asfaloth
|turn|13
|
|t:|1758292699
|-end|p2a: Kingambit|fallenundefined|[silent]
|switch|p2a: Slowking|Slowking-Galar, F|37/100
|-damage|p2a: Slowking|25/100|[from] Stealth Rock
|move|p1a: Asfaloth|Aurora Veil|p1a: Asfaloth
|-sidestart|p1: Nikator98|move: Aurora Veil
|
|-weather|Snowscape|[upkeep]
|-damage|p1a: Asfaloth|35/100 psn|[from] psn
|upkeep
|turn|14
|c| LT124YH Ghoul|Meteor mash meta in the big 25 enough to make a man cry
|inactive|Nikator98 has 90 seconds left.
|c|☆sonic superstars|fr
|
|t:|1758292730
|switch|p1a: Asfaloth|Ninetales-Alola, F, shiny|100/100
|move|p2a: Slowking|Trick Room|p2a: Slowking
|-fieldstart|move: Trick Room|[of] p2a: Slowking
|
|-weather|Snowscape|[upkeep]
|upkeep
|turn|15
|
|t:|1758292744
|switch|p2a: Hoopa|Hoopa-Unbound|100/100
|-damage|p2a: Hoopa|88/100|[from] Stealth Rock
|move|p1a: Asfaloth|Tera Blast|p2a: Hoopa
|-damage|p2a: Hoopa|40/100
|
|-weather|Snowscape|[upkeep]
|upkeep
|turn|16
|c| LT124YH Ghoul|Why did it do 48 bro
|c|☆sonic superstars|specs
|c|☆sonic superstars|i'm guessing
|inactive|Nikator98 has 60 seconds left.
|c|☆sonic superstars|yea
|c|☆sonic superstars|i wonder what tera they run
|
|t:|1758292801
|move|p2a: Hoopa|Hyperspace Fury|p1a: Asfaloth
|-supereffective|p1a: Asfaloth
|-damage|p1a: Asfaloth|0 fnt
|-unboost|p2a: Hoopa|def|1
|replace|p1a: Van Helsing|Zoroark-Hisui, M, shiny
|-end|p1a: Van Helsing|Illusion
|faint|p1a: Van Helsing
|-item|p2a: Hoopa|Choice Specs|[from] ability: Magician|[of] p1: Van Helsing
|
|-weather|Snowscape|[upkeep]
|upkeep
|c|☆sonic superstars|wait
|c|☆sonic superstars|this is bad
|c|☆sonic superstars|:sob:
|j| brimstoneandflames
|inactive|Nikator98 has 30 seconds left.
|c|☆sonic superstars|trolled by magician once again
|
|t:|1758292825
|switch|p1a: Gothmog|Iron Moth|100/100
|-enditem|p1a: Gothmog|Booster Energy
|-activate|p1a: Gothmog|ability: Quark Drive|[fromitem]
|-start|p1a: Gothmog|quarkdrivespe
|turn|17
|c| LT124YH Ghoul|U dumb asf bro
|inactive|Nikator98 has 30 seconds left.
|c| LT124YH Ghoul|actually thought alolatales was doin 48
|c| LT124YH Ghoul|😭
|c|☆sonic superstars|no
|c|☆sonic superstars|I LITERALLY SAID SPECS
|c|☆sonic superstars|RIGHT ABOVE
|inactive|sonic superstars has 120 seconds left.
|c|☆sonic superstars|😭😭
|c|☆sonic superstars|i knew it was zoro
|c| LT124YH Ghoul|Veil lasted 8 turns
|c|☆sonic superstars|bro the real ninetales is at
|c| LT124YH Ghoul|you forgor already
|c|☆sonic superstars|NO
|c|☆sonic superstars|oh my god
|c|☆sonic superstars|whatever peng ur giving me aids by being so dumb
|c|☆sonic superstars|please shut up
|inactive|sonic superstars has 90 seconds left.
|
|t:|1758292883
|move|p2a: Hoopa|Psychic Noise|p1a: Gothmog
|-supereffective|p1a: Gothmog
|-damage|p1a: Gothmog|34/100
|-start|p1a: Gothmog|move: Heal Block
|move|p1a: Gothmog|Fiery Dance|p2a: Hoopa
|-damage|p2a: Hoopa|12/100
|-boost|p1a: Gothmog|spa|1
|
|-weather|none
|upkeep
|turn|18
|c| LT124YH Ghoul|Unc got ragebait we by zoro is crazy
|inactive|Nikator98 has 30 seconds left.
|
|t:|1758292894
|-end|p1a: Gothmog|Quark Drive|[silent]
|switch|p1a: Arquillian Sentry|Metagross|100/100
|move|p2a: Hoopa|Psychic Noise|p1a: Arquillian Sentry
|-resisted|p1a: Arquillian Sentry
|-damage|p1a: Arquillian Sentry|92/100
|-start|p1a: Arquillian Sentry|move: Heal Block
|
|-fieldend|move: Trick Room
|upkeep
|turn|19
|inactive|Nikator98 has 30 seconds left.
|
|t:|1758292902
|move|p1a: Arquillian Sentry|Meteor Mash|p2a: Hoopa
|-damage|p2a: Hoopa|0 fnt
|faint|p2a: Hoopa
|
|-end|p1a: Arquillian Sentry|move: Heal Block
|upkeep
|c| LT124YH Ghoul|Meta winning rn
|
|t:|1758292909
|switch|p2a: Slowking|Slowking-Galar, F|58/100
|-damage|p2a: Slowking|45/100|[from] Stealth Rock
|turn|20
|c| LT124YH Ghoul|Adv experience
|
|t:|1758292918
|move|p1a: Arquillian Sentry|Explosion|p2a: Slowking
|-damage|p2a: Slowking|0 fnt
|faint|p1a: Arquillian Sentry
|faint|p2a: Slowking
|
|-sideend|p1: Nikator98|move: Aurora Veil
|upkeep
|c| LT124YH Ghoul|LMAO
|c| LT124YH Ghoul|its explosion too
|
|t:|1758292927
|switch|p1a: Asfaloth|Ninetales-Alola, F, shiny|35/100 psn
|switch|p2a: Ursaluna|Ursaluna, M|100/100
|-weather|Snowscape|[from] ability: Snow Warning|[of] p1a: Asfaloth
|-damage|p2a: Ursaluna|94/100|[from] Stealth Rock
|turn|21
|c| LT124YH Ghoul|so peak
|
|t:|1758292938
|switch|p2a: Hatterene|Hatterene, F|100/100
|-damage|p2a: Hatterene|88/100|[from] Stealth Rock
|move|p1a: Asfaloth|Aurora Veil|p1a: Asfaloth
|-sidestart|p1: Nikator98|move: Aurora Veil
|
|-weather|Snowscape|[upkeep]
|-damage|p1a: Asfaloth|22/100 psn|[from] psn
|upkeep
|turn|22
|
|t:|1758292946
|move|p1a: Asfaloth|Moonblast|p2a: Hatterene
|-damage|p2a: Hatterene|57/100
|-unboost|p2a: Hatterene|spa|1
|move|p2a: Hatterene|Trick Room|p2a: Hatterene
|-fieldstart|move: Trick Room|[of] p2a: Hatterene
|
|-weather|Snowscape|[upkeep]
|-damage|p1a: Asfaloth|10/100 psn|[from] psn
|upkeep
|turn|23
|
|t:|1758292954
|move|p2a: Hatterene|Psychic Noise|p1a: Asfaloth
|-damage|p1a: Asfaloth|0 fnt
|faint|p1a: Asfaloth
|
|-weather|Snowscape|[upkeep]
|upkeep
|
|t:|1758292970
|switch|p1a: Lacelle|Haxorus, M|100/100
|-ability|p1a: Lacelle|Mold Breaker
|turn|24
|
|t:|1758292984
|switch|p1a: Gothmog|Iron Moth|34/100
|move|p2a: Hatterene|Dazzling Gleam|p1a: Gothmog
|-resisted|p1a: Gothmog
|-damage|p1a: Gothmog|30/100
|
|-weather|Snowscape|[upkeep]
|upkeep
|turn|25
|c| LT124YH Ghoul|Brochacho might be breaking the md
|c| LT124YH Ghoul|Mold*
|
|t:|1758293006
|move|p2a: Hatterene|Psychic Noise|p1a: Gothmog
|-supereffective|p1a: Gothmog
|-damage|p1a: Gothmog|9/100
|-start|p1a: Gothmog|move: Heal Block
|move|p1a: Gothmog|Sludge Wave|p2a: Hatterene
|-supereffective|p2a: Hatterene
|-damage|p2a: Hatterene|0 fnt
|faint|p2a: Hatterene
|
|-weather|none
|upkeep
|c| brimstoneandflames|Wait, gothmog? like the commander of the balrogs?ù
|c| LT124YH Ghoul|Peak
|
|t:|1758293013
|switch|p2a: Ursaluna|Ursaluna, M|94/100
|-damage|p2a: Ursaluna|88/100|[from] Stealth Rock
|turn|26
|
|t:|1758293020
|move|p2a: Ursaluna|Facade|p1a: Gothmog
|-damage|p1a: Gothmog|0 fnt
|faint|p1a: Gothmog
|-end|p1a: Gothmog|Quark Drive|[silent]
|
|-fieldend|move: Trick Room
|-status|p2a: Ursaluna|brn|[from] item: Flame Orb
|upkeep
|
|t:|1758293026
|switch|p1a: Lacelle|Haxorus, M|100/100
|-ability|p1a: Lacelle|Mold Breaker
|turn|27
|
|t:|1758293031
|-terastallize|p1a: Lacelle|Steel
|move|p1a: Lacelle|Swords Dance|p1a: Lacelle
|-boost|p1a: Lacelle|atk|2
|move|p2a: Ursaluna|Facade|p1a: Lacelle
|-resisted|p1a: Lacelle
|-damage|p1a: Lacelle|61/100
|
|-damage|p2a: Ursaluna|82/100 brn|[from] brn
|upkeep
|turn|28
|c| LT124YH Ghoul|Hax wins these
|c| LT124YH Ghoul|Free
|c|☆sonic superstars|i have gambit
|c|☆sonic superstars|ur tripping
|c|☆sonic superstars|he not winning shit
|
|t:|1758293046
|move|p1a: Lacelle|Close Combat|p2a: Ursaluna
|-supereffective|p2a: Ursaluna
|-damage|p2a: Ursaluna|0 fnt
|-unboost|p1a: Lacelle|def|1
|-unboost|p1a: Lacelle|spd|1
|faint|p2a: Ursaluna
|
|-sideend|p1: Nikator98|move: Aurora Veil
|upkeep
|
|t:|1758293050
|switch|p2a: ICE HAMMA 🔨🧊|Crabominable, M|100/100
|-damage|p2a: ICE HAMMA 🔨🧊|88/100|[from] Stealth Rock
|turn|29
|c| LT124YH Ghoul|Your ass getting the mind game wrong
|c| LT124YH Ghoul|be so fr
|inactive|Nikator98 has 60 seconds left.
|
|t:|1758293055
|move|p1a: Lacelle|Iron Head|p2a: ICE HAMMA 🔨🧊
|-supereffective|p2a: ICE HAMMA 🔨🧊
|-damage|p2a: ICE HAMMA 🔨🧊|0 fnt
|faint|p2a: ICE HAMMA 🔨🧊
|
|upkeep
|
|t:|1758293057
|switch|p2a: Kingambit|Kingambit, F, tera:Dark|54/100
|-damage|p2a: Kingambit|41/100|[from] Stealth Rock
|-activate|p2a: Kingambit|ability: Supreme Overlord
|-start|p2a: Kingambit|fallen5|[silent]
|turn|30
|inactive|Nikator98 has 60 seconds left.
|c| LT124YH Ghoul|Deli you might be the goat if you win this
|c|☆sonic superstars|there is no mind game i'm kowtowing 1st turn
|
|t:|1758293090
|move|p1a: Lacelle|Iron Head|p2a: Kingambit
|-damage|p2a: Kingambit|0 fnt
|faint|p2a: Kingambit
|-end|p2a: Kingambit|fallen5|[silent]
|
|win|Nikator98
|raw|Nikator98's rating: 1611 &rarr; <strong>1635</strong><br />(+24 for winning)
|raw|sonic superstars's rating: 1677 &rarr; <strong>1653</strong><br />(-24 for losing)
|c|☆sonic superstars|LMAO
|c|☆sonic superstars|respect
|c|☆sonic superstars|gg
|c| LT124YH Ghoul|Bro
|c| brimstoneandflames|peak
|c|☆Nikator98|gg
|c| LT124YH Ghoul|Farmed
|c| FaronAan|deli
|c| FaronAan|there's just no way
|l| LT124YH Ghoul
|c|☆sonic superstars|i'm an honest man
|l|☆sonic superstars
|player|p2|
|l| brimstoneandflames
|l| wgw2333
|j| LT124YH Ghoul
|l| FaronAan
|l| LT124YH Ghoul
|c|☆Nikator98|did u have sucker punch?
