|j|☆overheat xyz
|j|☆eYeek
|t:|1758277271
|gametype|singles
|player|p1|overheat xyz|169|1689
|player|p2|eYeek|lillie-masters|1687
|gen|9
|tier|[Gen 9] OU
|rated|
|rule|HP Percentage Mod: HP is shown in percentages
|rule|Endless Battle Clause: Forcing endless battles is banned
|rule|Species Clause: Limit one of each Pokémon
|rule|OHKO Clause: OHKO moves are banned
|rule|Evasion Items Clause: Evasion items are banned
|rule|Evasion Moves Clause: Evasion moves are banned
|rule|Evasion Abilities Clause: Evasion abilities are banned
|rule|Sleep Moves Clause: Sleep-inducing moves are banned
|clearpoke
|poke|p1|Kingambit, F|
|poke|p1|Garganacl, F|
|poke|p1|Rillaboom, M|
|poke|p1|Hatterene, F|
|poke|p1|Dragapult, F|
|poke|p1|Corviknight, M|
|poke|p2|Pelipper, F|
|poke|p2|Hatterene, F|
|poke|p2|Iron Treads|
|poke|p2|Toxicroak, F|
|poke|p2|Barraskewda, F|
|poke|p2|Zapdos|
|teampreview
|inactive|Battle timer is ON: inactive players will automatically lose when time's up. (requested by eYeek)
|
|t:|1758277284
|teamsize|p1|6
|teamsize|p2|6
|start
|switch|p1a: Rillaboom|Rillaboom, M|100/100
|switch|p2a: Pelipper|Pelipper, F|100/100
|-fieldstart|move: Grassy Terrain|[from] ability: Grassy Surge|[of] p1a: Rillaboom
|-weather|RainDance|[from] ability: Drizzle|[of] p2a: Pelipper
|turn|1
|
|t:|1758277294
|switch|p2a: Toxicroak|Toxicroak, F|100/100
|-terastallize|p1a: Rillaboom|Grass
|move|p1a: Rillaboom|Wood Hammer|p2a: Toxicroak
|-resisted|p2a: Toxicroak
|-damage|p2a: Toxicroak|19/100
|-damage|p1a: Rillaboom|84/100|[from] item: Rocky Helmet|[of] p2a: Toxicroak
|-damage|p1a: Rillaboom|55/100|[from] Recoil
|
|-weather|RainDance|[upkeep]
|-heal|p2a: Toxicroak|31/100|[from] ability: Dry Skin
|-heal|p1a: Rillaboom|61/100|[from] Grassy Terrain
|-heal|p2a: Toxicroak|37/100|[from] Grassy Terrain
|upkeep
|turn|2
|
|t:|1758277312
|switch|p1a: Corviknight|Corviknight, M|100/100
|-ability|p1a: Corviknight|Pressure
|move|p2a: Toxicroak|Drain Punch|p1a: Corviknight
|-damage|p1a: Corviknight|83/100
|-heal|p2a: Toxicroak|47/100|[from] drain|[of] p1a: Corviknight
|-damage|p2a: Toxicroak|30/100|[from] item: Rocky Helmet|[of] p1a: Corviknight
|
|-weather|RainDance|[upkeep]
|-heal|p2a: Toxicroak|43/100|[from] ability: Dry Skin
|-heal|p2a: Toxicroak|49/100|[from] Grassy Terrain
|upkeep
|turn|3
|
|t:|1758277326
|switch|p2a: Hatterene|Hatterene, F|100/100
|move|p1a: Corviknight|Iron Defense|p1a: Corviknight
|-boost|p1a: Corviknight|def|2
|
|-weather|RainDance|[upkeep]
|upkeep
|turn|4
|
|t:|1758277331
|switch|p1a: Garganacl|Garganacl, F|100/100
|move|p2a: Hatterene|Nuzzle|p1a: Garganacl
|-damage|p1a: Garganacl|98/100
|
|-weather|RainDance|[upkeep]
|-heal|p1a: Garganacl|100/100|[from] Grassy Terrain
|upkeep
|turn|5
|
|t:|1758277336
|move|p2a: Hatterene|Healing Wish|p2a: Hatterene
|faint|p2a: Hatterene
|move|p1a: Garganacl|Salt Cure|p2: Hatterene|[notarget]
|-fail|p1a: Garganacl
|
|-weather|RainDance|[upkeep]
|-fieldend|move: Grassy Terrain
|upkeep
|
|t:|1758277339
|switch|p2a: Barraskewda|Barraskewda, F|100/100
|turn|6
|
|t:|1758277354
|move|p1a: Garganacl|Protect|p1a: Garganacl
|-singleturn|p1a: Garganacl|Protect
|move|p2a: Barraskewda|Flip Turn|p1a: Garganacl
|-activate|p1a: Garganacl|move: Protect
|
|-weather|RainDance|[upkeep]
|upkeep
|turn|7
|
|t:|1758277364
|move|p2a: Barraskewda|Flip Turn|p1a: Garganacl
|-supereffective|p1a: Garganacl
|-damage|p1a: Garganacl|0 fnt
|faint|p1a: Garganacl
|
|t:|1758277371
|switch|p2a: Zapdos|Zapdos|100/100|[from] Flip Turn
|
|-weather|RainDance|[upkeep]
|upkeep
|
|t:|1758277375
|switch|p1a: Dragapult|Dragapult, F|100/100
|turn|8
|
|t:|1758277380
|move|p1a: Dragapult|Shadow Ball|p2a: Zapdos
|-damage|p2a: Zapdos|39/100
|move|p2a: Zapdos|Hurricane|p1a: Dragapult
|-damage|p1a: Dragapult|0 fnt
|faint|p1a: Dragapult
|
|-weather|none
|upkeep
|
|t:|1758277397
|switch|p1a: Hatterene|Hatterene, F|100/100
|turn|9
|
|t:|1758277401
|switch|p2a: Pelipper|Pelipper, F|100/100
|-weather|RainDance|[from] ability: Drizzle|[of] p2a: Pelipper
|move|p1a: Hatterene|Future Sight|p2a: Pelipper
|-start|p1a: Hatterene|move: Future Sight
|
|-weather|RainDance|[upkeep]
|upkeep
|turn|10
|
|t:|1758277408
|move|p2a: Pelipper|U-turn|p1a: Hatterene
|-damage|p1a: Hatterene|91/100
|
|t:|1758277410
|switch|p2a: Iron Treads|Iron Treads|100/100|[from] U-turn
|move|p1a: Hatterene|Psychic Noise|p2a: Iron Treads
|-resisted|p2a: Iron Treads
|-damage|p2a: Iron Treads|85/100
|-start|p2a: Iron Treads|move: Heal Block
|
|-weather|RainDance|[upkeep]
|upkeep
|turn|11
|
|t:|1758277419
|switch|p1a: Corviknight|Corviknight, M|83/100
|-ability|p1a: Corviknight|Pressure
|move|p2a: Iron Treads|Rapid Spin|p1a: Corviknight
|-resisted|p1a: Corviknight
|-damage|p1a: Corviknight|79/100
|-boost|p2a: Iron Treads|spe|1
|-damage|p2a: Iron Treads|69/100|[from] item: Rocky Helmet|[of] p1a: Corviknight
|
|-weather|RainDance|[upkeep]
|-end|p2a: Iron Treads|move: Future Sight
|-resisted|p2a: Iron Treads
|-damage|p2a: Iron Treads|41/100
|-end|p2a: Iron Treads|move: Heal Block
|upkeep
|turn|12
|
|t:|1758277425
|switch|p1a: Hatterene|Hatterene, F|91/100
|move|p2a: Iron Treads|Volt Switch|p1a: Hatterene
|-crit|p1a: Hatterene
|-damage|p1a: Hatterene|80/100
|
|t:|1758277429
|-end|p2a: Iron Treads|Quark Drive|[silent]
|switch|p2a: Barraskewda|Barraskewda, F|100/100|[from] Volt Switch
|
|-weather|RainDance|[upkeep]
|upkeep
|turn|13
|
|t:|1758277444
|move|p2a: Barraskewda|Flip Turn|p1a: Hatterene
|-damage|p1a: Hatterene|0 fnt
|faint|p1a: Hatterene
|
|t:|1758277451
|switch|p2a: Zapdos|Zapdos|39/100|[from] Flip Turn
|-heal|p2a: Zapdos|100/100|[from] move: Healing Wish
|
|-weather|RainDance|[upkeep]
|upkeep
|
|t:|1758277456
|switch|p1a: Kingambit|Kingambit, F|100/100
|-activate|p1a: Kingambit|ability: Supreme Overlord
|-start|p1a: Kingambit|fallen3|[silent]
|turn|14
|
|t:|1758277484
|move|p2a: Zapdos|Thunder|p1a: Kingambit
|-damage|p1a: Kingambit|18/100
|move|p1a: Kingambit|Kowtow Cleave|p2a: Zapdos
|-damage|p2a: Zapdos|20/100
|
|-weather|RainDance|[upkeep]
|upkeep
|turn|15
|
|t:|1758277502
|switch|p2a: Toxicroak|Toxicroak, F|49/100
|move|p1a: Kingambit|Kowtow Cleave|p2a: Toxicroak
|-resisted|p2a: Toxicroak
|-damage|p2a: Toxicroak|20/100
|-damage|p1a: Kingambit|2/100|[from] item: Rocky Helmet|[of] p2a: Toxicroak
|
|-weather|RainDance|[upkeep]
|-heal|p2a: Toxicroak|32/100|[from] ability: Dry Skin
|upkeep
|turn|16
|inactive|eYeek has 120 seconds left.
|
|t:|1758277533
|-end|p1a: Kingambit|fallen3|[silent]
|switch|p1a: Corviknight|Corviknight, M|79/100
|-ability|p1a: Corviknight|Pressure
|move|p2a: Toxicroak|Drain Punch|p1a: Corviknight
|-damage|p1a: Corviknight|62/100
|-heal|p2a: Toxicroak|42/100|[from] drain|[of] p1a: Corviknight
|-damage|p2a: Toxicroak|25/100|[from] item: Rocky Helmet|[of] p1a: Corviknight
|
|-weather|none
|upkeep
|turn|17
|
|t:|1758277545
|switch|p1a: Rillaboom|Rillaboom, M, tera:Grass|61/100
|-fieldstart|move: Grassy Terrain|[from] ability: Grassy Surge|[of] p1a: Rillaboom
|move|p2a: Toxicroak|Knock Off|p1a: Rillaboom
|-damage|p1a: Rillaboom|34/100
|-enditem|p1a: Rillaboom|Choice Band|[from] move: Knock Off|[of] p2a: Toxicroak
|
|-heal|p1a: Rillaboom|40/100|[from] Grassy Terrain
|-heal|p2a: Toxicroak|31/100|[from] Grassy Terrain
|upkeep
|turn|18
|
|t:|1758277554
|switch|p2a: Pelipper|Pelipper, F|100/100
|-weather|RainDance|[from] ability: Drizzle|[of] p2a: Pelipper
|move|p1a: Rillaboom|Grassy Glide|p2a: Pelipper
|-damage|p2a: Pelipper|39/100
|
|-weather|RainDance|[upkeep]
|-heal|p1a: Rillaboom|46/100|[from] Grassy Terrain
|upkeep
|turn|19
|
|t:|1758277562
|switch|p2a: Toxicroak|Toxicroak, F|31/100
|move|p1a: Rillaboom|Grassy Glide|p2a: Toxicroak
|-resisted|p2a: Toxicroak
|-damage|p2a: Toxicroak|8/100
|-damage|p1a: Rillaboom|30/100|[from] item: Rocky Helmet|[of] p2a: Toxicroak
|
|-weather|RainDance|[upkeep]
|-heal|p2a: Toxicroak|21/100|[from] ability: Dry Skin
|-heal|p1a: Rillaboom|36/100|[from] Grassy Terrain
|-heal|p2a: Toxicroak|27/100|[from] Grassy Terrain
|upkeep
|turn|20
|
|t:|1758277581
|move|p1a: Rillaboom|Grassy Glide|p2a: Toxicroak
|-resisted|p2a: Toxicroak
|-damage|p2a: Toxicroak|0 fnt
|-damage|p1a: Rillaboom|20/100|[from] item: Rocky Helmet|[of] p2a: Toxicroak
|faint|p2a: Toxicroak
|
|-weather|RainDance|[upkeep]
|-heal|p1a: Rillaboom|26/100|[from] Grassy Terrain
|upkeep
|c|☆eYeek|what in the roll
|c|☆eYeek|252+ Atk Tera Grass Rillaboom Grassy Glide (72 BP) vs. 248 HP / 204+ Def Toxicroak in Grassy Terrain: 84-99 (22.7 - 26.8%)
|inactive|eYeek has 120 seconds left.
|
|t:|1758277610
|switch|p2a: Barraskewda|Barraskewda, F|100/100
|turn|21
|
|t:|1758277614
|switch|p1a: Corviknight|Corviknight, M|62/100
|-ability|p1a: Corviknight|Pressure
|-terastallize|p2a: Barraskewda|Water
|move|p2a: Barraskewda|Aqua Jet|p1a: Corviknight
|-damage|p1a: Corviknight|24/100
|-damage|p2a: Barraskewda|84/100|[from] item: Rocky Helmet|[of] p1a: Corviknight
|
|-weather|RainDance|[upkeep]
|-heal|p2a: Barraskewda|90/100|[from] Grassy Terrain
|-fieldend|move: Grassy Terrain
|upkeep
|turn|22
|c|☆eYeek|ggs
|
|t:|1758277626
|move|p2a: Barraskewda|Aqua Jet|p1a: Corviknight
|-damage|p1a: Corviknight|0 fnt
|-damage|p2a: Barraskewda|74/100|[from] item: Rocky Helmet|[of] p1a: Corviknight
|faint|p1a: Corviknight
|
|-weather|RainDance|[upkeep]
|upkeep
|
|t:|1758277632
|switch|p1a: Kingambit|Kingambit, F|2/100
|-activate|p1a: Kingambit|ability: Supreme Overlord
|-start|p1a: Kingambit|fallen4|[silent]
|turn|23
|
|t:|1758277639
|move|p2a: Barraskewda|Aqua Jet|p1a: Kingambit
|-damage|p1a: Kingambit|0 fnt
|faint|p1a: Kingambit
|-end|p1a: Kingambit|fallen4|[silent]
|
|-weather|RainDance|[upkeep]
|upkeep
|-message|overheat xyz forfeited.
|
|win|eYeek
|raw|overheat xyz's rating: 1689 &rarr; <strong>1669</strong><br />(-20 for losing)
|raw|eYeek's rating: 1687 &rarr; <strong>1707</strong><br />(+20 for winning)
|l|☆overheat xyz
|player|p1|
|l|☆eYeek
|player|p2|
