|j|☆vryfast
|j|☆jfkkkkf
|t:|1758319903
|gametype|singles
|player|p1|vryfast|169|1354
|player|p2|jfkkkkf|102|1338
|gen|9
|tier|[Gen 9] OU
|rated|
|rule|HP Percentage Mod: HP is shown in percentages
|rule|Endless Battle Clause: Forcing endless battles is banned
|rule|Species Clause: Limit one of each Pokémon
|rule|OHKO Clause: OHKO moves are banned
|rule|Evasion Items Clause: Evasion items are banned
|rule|Evasion Moves Clause: Evasion moves are banned
|rule|Evasion Abilities Clause: Evasion abilities are banned
|rule|Sleep Moves Clause: Sleep-inducing moves are banned
|clearpoke
|poke|p1|Blastoise, F|
|poke|p1|Donphan, M|
|poke|p1|Masquerain, F|
|poke|p1|Pelipper, F|
|poke|p1|Floatzel, M|
|poke|p1|Basculegion-F, F|
|poke|p2|Garganacl, F|
|poke|p2|Gholdengo|
|poke|p2|Araquanid, F|
|poke|p2|Raging Bolt|
|poke|p2|Pecharunt|
|poke|p2|Kingambit, F|
|teampreview
|inactive|Battle timer is ON: inactive players will automatically lose when time's up. (requested by vryfast)
|
|t:|1758319921
|teamsize|p1|6
|teamsize|p2|6
|start
|switch|p1a: Pelipper|Pelipper, F|100/100
|switch|p2a: Araquanid|Araquanid, F|100/100
|-weather|RainDance|[from] ability: Drizzle|[of] p1a: Pelipper
|turn|1
|
|t:|1758319930
|move|p1a: Pelipper|U-turn|p2a: Araquanid
|-damage|p2a: Araquanid|91/100
|
|t:|1758319933
|switch|p1a: Masquerain|Masquerain, F, shiny|100/100|[from] U-turn
|-ability|p1a: Masquerain|Intimidate|boost
|-unboost|p2a: Araquanid|atk|1
|move|p2a: Araquanid|Sticky Web|p1a: Masquerain
|-sidestart|p1: vryfast|move: Sticky Web
|
|-weather|RainDance|[upkeep]
|upkeep
|turn|2
|
|t:|1758319961
|move|p1a: Masquerain|Quiver Dance|p1a: Masquerain
|-boost|p1a: Masquerain|spa|1
|-boost|p1a: Masquerain|spd|1
|-boost|p1a: Masquerain|spe|1
|move|p2a: Araquanid|Liquidation|p1a: Masquerain
|-damage|p1a: Masquerain|5/100
|-enditem|p1a: Masquerain|Sitrus Berry|[eat]
|-heal|p1a: Masquerain|30/100|[from] item: Sitrus Berry
|
|-weather|RainDance|[upkeep]
|upkeep
|turn|3
|
|t:|1758319975
|move|p1a: Masquerain|Hurricane|p2a: Araquanid
|-supereffective|p2a: Araquanid
|-damage|p2a: Araquanid|0 fnt
|faint|p2a: Araquanid
|
|-weather|RainDance|[upkeep]
|upkeep
|
|t:|1758319984
|switch|p2a: Raging Bolt|Raging Bolt|100/100
|-enditem|p2a: Raging Bolt|Booster Energy
|-activate|p2a: Raging Bolt|ability: Protosynthesis|[fromitem]
|-start|p2a: Raging Bolt|protosynthesisspa
|turn|4
|
|t:|1758319992
|move|p2a: Raging Bolt|Thunderclap||[still]
|-fail|p2a: Raging Bolt
|move|p1a: Masquerain|Sticky Web|p2a: Raging Bolt
|-sidestart|p2: jfkkkkf|move: Sticky Web
|
|-weather|RainDance|[upkeep]
|upkeep
|turn|5
|
|t:|1758319998
|move|p1a: Masquerain|Quiver Dance|p1a: Masquerain
|-boost|p1a: Masquerain|spa|1
|-boost|p1a: Masquerain|spd|1
|-boost|p1a: Masquerain|spe|1
|move|p2a: Raging Bolt|Calm Mind|p2a: Raging Bolt
|-boost|p2a: Raging Bolt|spa|1
|-boost|p2a: Raging Bolt|spd|1
|
|-weather|RainDance|[upkeep]
|upkeep
|turn|6
|
|t:|1758320007
|move|p2a: Raging Bolt|Thunderclap|p1a: Masquerain
|-supereffective|p1a: Masquerain
|-damage|p1a: Masquerain|0 fnt
|faint|p1a: Masquerain
|
|-weather|RainDance|[upkeep]
|upkeep
|
|t:|1758320011
|switch|p1a: Donphan|Donphan, M|100/100
|-activate|p1a: Donphan|move: Sticky Web
|-unboost|p1a: Donphan|spe|1
|turn|7
|
|t:|1758320020
|-terastallize|p2a: Raging Bolt|Fairy
|move|p2a: Raging Bolt|Dragon Pulse|p1a: Donphan
|-ability|p1a: Donphan|Sturdy
|-damage|p1a: Donphan|1/100
|move|p1a: Donphan|Earthquake|p2a: Raging Bolt
|-damage|p2a: Raging Bolt|52/100
|
|-weather|RainDance|[upkeep]
|upkeep
|turn|8
|-enditem|p1a: Donphan|Custap Berry|[eat]
|-activate|p1a: Donphan|item: Custap Berry|[consumed]
|
|t:|1758320030
|move|p1a: Donphan|Stealth Rock|p2a: Raging Bolt
|-sidestart|p2: jfkkkkf|move: Stealth Rock
|move|p2a: Raging Bolt|Dragon Pulse|p1a: Donphan
|-damage|p1a: Donphan|0 fnt
|faint|p1a: Donphan
|
|-weather|none
|upkeep
|
|t:|1758320052
|switch|p1a: Blastoise|Blastoise, F, shiny|100/100
|-activate|p1a: Blastoise|move: Sticky Web
|-unboost|p1a: Blastoise|spe|1
|turn|9
|
|t:|1758320058
|-terastallize|p1a: Blastoise|Fighting
|move|p2a: Raging Bolt|Thunderbolt|p1a: Blastoise
|-damage|p1a: Blastoise|34/100
|move|p1a: Blastoise|Rapid Spin|p2a: Raging Bolt
|-damage|p2a: Raging Bolt|42/100
|-boost|p1a: Blastoise|spe|1
|-sideend|p1: vryfast|Sticky Web|[from] move: Rapid Spin|[of] p1a: Blastoise
|
|upkeep
|turn|10
|
|t:|1758320067
|move|p2a: Raging Bolt|Thunderclap|p1a: Blastoise
|-damage|p1a: Blastoise|0 fnt
|faint|p1a: Blastoise
|
|upkeep
|
|t:|1758320081
|switch|p1a: Pelipper|Pelipper, F|100/100
|-weather|RainDance|[from] ability: Drizzle|[of] p1a: Pelipper
|turn|11
|
|t:|1758320086
|move|p2a: Raging Bolt|Thunderclap|p1a: Pelipper
|-supereffective|p1a: Pelipper
|-damage|p1a: Pelipper|0 fnt
|faint|p1a: Pelipper
|
|-weather|RainDance|[upkeep]
|upkeep
|
|t:|1758320088
|switch|p1a: Basculegion|Basculegion-F, F, shiny|100/100
|turn|12
|
|t:|1758320095
|move|p2a: Raging Bolt|Thunderclap|p1a: Basculegion
|-supereffective|p1a: Basculegion
|-damage|p1a: Basculegion|0 fnt
|faint|p1a: Basculegion
|
|-weather|RainDance|[upkeep]
|upkeep
|
|t:|1758320098
|switch|p1a: Floatzel|Floatzel, M|100/100
|turn|13
|
|t:|1758320103
|move|p2a: Raging Bolt|Thunderclap|p1a: Floatzel
|-supereffective|p1a: Floatzel
|-damage|p1a: Floatzel|0 fnt
|faint|p1a: Floatzel
|
|win|jfkkkkf
|raw|vryfast's rating: 1354 &rarr; <strong>1333</strong><br />(-21 for losing)
|raw|jfkkkkf's rating: 1338 &rarr; <strong>1359</strong><br />(+21 for winning)
|l|☆vryfast
|player|p1|
|l|☆jfkkkkf
|player|p2|
