|j|☆iprobgetfried
|j|☆sunny dancing
|t:|1758256538
|gametype|singles
|player|p1|iprobgetfried|boarder|1636
|player|p2|sunny dancing|1|1685
|gen|9
|tier|[Gen 9] OU
|rated|
|rule|HP Percentage Mod: HP is shown in percentages
|rule|Endless Battle Clause: Forcing endless battles is banned
|rule|Species Clause: Limit one of each Pokémon
|rule|OHKO Clause: OHKO moves are banned
|rule|Evasion Items Clause: Evasion items are banned
|rule|Evasion Moves Clause: Evasion moves are banned
|rule|Evasion Abilities Clause: Evasion abilities are banned
|rule|Sleep Moves Clause: Sleep-inducing moves are banned
|clearpoke
|poke|p1|Ribombee, F|
|poke|p1|Iron Moth|
|poke|p1|Enamorus, F|
|poke|p1|Gholdengo|
|poke|p1|Keldeo-Resolute|
|poke|p1|Kyurem|
|poke|p2|Ogerpon-Wellspring, F|
|poke|p2|Slowking-Galar, F|
|poke|p2|Great Tusk|
|poke|p2|Moltres|
|poke|p2|Dragapult, F|
|poke|p2|Kingambit, F|
|teampreview
|inactive|Battle timer is ON: inactive players will automatically lose when time's up. (requested by iprobgetfried)
|
|t:|1758256548
|teamsize|p1|6
|teamsize|p2|6
|start
|switch|p1a: Ribombee|Ribombee, F|100/100
|switch|p2a: Slowking|Slowking-Galar, F|100/100
|turn|1
|inactive|sunny dancing also wants the timer to be on.
|
|t:|1758256554
|move|p1a: Ribombee|Sticky Web|p2a: Slowking
|-sidestart|p2: sunny dancing|move: Sticky Web
|move|p2a: Slowking|Flamethrower|p1a: Ribombee
|-supereffective|p1a: Ribombee
|-damage|p1a: Ribombee|7/100
|
|upkeep
|turn|2
|
|t:|1758256564
|move|p1a: Ribombee|Stun Spore|p2a: Slowking|[miss]
|-miss|p1a: Ribombee|p2a: Slowking
|move|p2a: Slowking|Flamethrower|p1a: Ribombee
|-supereffective|p1a: Ribombee
|-damage|p1a: Ribombee|0 fnt
|faint|p1a: Ribombee
|
|upkeep
|
|t:|1758256583
|switch|p1a: Keldeo|Keldeo-Resolute|100/100
|turn|3
|
|t:|1758256591
|move|p1a: Keldeo|Surf|p2a: Slowking
|-crit|p2a: Slowking
|-damage|p2a: Slowking|47/100
|move|p2a: Slowking|Psyshock|p1a: Keldeo
|-supereffective|p1a: Keldeo
|-damage|p1a: Keldeo|9/100
|
|upkeep
|turn|4
|j| iamfrhaan007
|
|t:|1758256599
|move|p1a: Keldeo|Surf|p2a: Slowking
|-damage|p2a: Slowking|11/100
|move|p2a: Slowking|Sludge Bomb|p1a: Keldeo
|-damage|p1a: Keldeo|0 fnt
|faint|p1a: Keldeo
|
|upkeep
|
|t:|1758256607
|switch|p1a: Iron Moth|Iron Moth, shiny|100/100
|-enditem|p1a: Iron Moth|Booster Energy
|-activate|p1a: Iron Moth|ability: Quark Drive|[fromitem]
|-start|p1a: Iron Moth|quarkdrivespe
|turn|5
|j| IM AT MY LIMIT
|
|t:|1758256613
|-terastallize|p2a: Slowking|Water
|move|p1a: Iron Moth|Fiery Dance|p2a: Slowking
|-resisted|p2a: Slowking
|-damage|p2a: Slowking|2/100
|-boost|p1a: Iron Moth|spa|1
|move|p2a: Slowking|Psyshock|p1a: Iron Moth
|-supereffective|p1a: Iron Moth
|-damage|p1a: Iron Moth|0 fnt
|faint|p1a: Iron Moth
|-end|p1a: Iron Moth|Quark Drive|[silent]
|
|upkeep
|inactive|iprobgetfried has 120 seconds left.
|
|t:|1758256646
|switch|p1a: Kyurem|Kyurem|100/100
|-ability|p1a: Kyurem|Pressure
|turn|6
|
|t:|1758256652
|move|p1a: Kyurem|Dragon Dance|p1a: Kyurem
|-boost|p1a: Kyurem|atk|1
|-boost|p1a: Kyurem|spe|1
|move|p2a: Slowking|Sludge Bomb|p1a: Kyurem
|-damage|p1a: Kyurem|60/100
|-status|p1a: Kyurem|psn
|
|-damage|p1a: Kyurem|48/100 psn|[from] psn
|upkeep
|turn|7
|
|t:|1758256660
|switch|p2a: Kingambit|Kingambit, F|100/100
|-activate|p2a: Kingambit|move: Sticky Web
|-unboost|p2a: Kingambit|spe|1
|move|p1a: Kyurem|Icicle Spear|p2a: Kingambit
|-resisted|p2a: Kingambit
|-damage|p2a: Kingambit|92/100
|-resisted|p2a: Kingambit
|-damage|p2a: Kingambit|85/100
|-resisted|p2a: Kingambit
|-damage|p2a: Kingambit|77/100
|-resisted|p2a: Kingambit
|-damage|p2a: Kingambit|70/100
|-resisted|p2a: Kingambit
|-damage|p2a: Kingambit|63/100
|-hitcount|p2a: Kingambit|5
|
|-heal|p2a: Kingambit|69/100|[from] item: Leftovers
|-damage|p1a: Kyurem|36/100 psn|[from] psn
|upkeep
|turn|8
|l| iamfrhaan007
|
|t:|1758256668
|-terastallize|p1a: Kyurem|Fire
|move|p2a: Kingambit|Sucker Punch|p1a: Kyurem
|-damage|p1a: Kyurem|0 fnt
|faint|p1a: Kyurem
|
|-heal|p2a: Kingambit|75/100|[from] item: Leftovers
|upkeep
|
|t:|1758256673
|switch|p1a: Enamorus|Enamorus, F|100/100
|turn|9
|
|t:|1758256679
|move|p1a: Enamorus|Superpower|p2a: Kingambit
|-supereffective|p2a: Kingambit
|-damage|p2a: Kingambit|0 fnt
|-boost|p1a: Enamorus|atk|1
|-boost|p1a: Enamorus|def|1
|faint|p2a: Kingambit
|-end|p2a: Kingambit|fallenundefined|[silent]
|-damage|p1a: Enamorus|91/100|[from] item: Life Orb
|
|upkeep
|
|t:|1758256688
|switch|p2a: Moltres|Moltres|100/100
|turn|10
|
|t:|1758256696
|move|p1a: Enamorus|Tera Blast|p2a: Moltres
|-damage|p2a: Moltres|55/100
|-damage|p1a: Enamorus|81/100|[from] item: Life Orb
|move|p2a: Moltres|Flamethrower|p1a: Enamorus
|-damage|p1a: Enamorus|29/100
|
|upkeep
|turn|11
|
|t:|1758256707
|move|p1a: Enamorus|Tera Blast|p2a: Moltres
|-damage|p2a: Moltres|16/100
|-damage|p1a: Enamorus|20/100|[from] item: Life Orb
|move|p2a: Moltres|Roost|p2a: Moltres
|-heal|p2a: Moltres|66/100
|-singleturn|p2a: Moltres|move: Roost
|
|upkeep
|turn|12
|
|t:|1758256713
|move|p1a: Enamorus|Moonblast|p2a: Moltres
|-resisted|p2a: Moltres
|-damage|p2a: Moltres|29/100
|-damage|p1a: Enamorus|10/100|[from] item: Life Orb
|move|p2a: Moltres|Roost|p2a: Moltres
|-heal|p2a: Moltres|79/100
|-singleturn|p2a: Moltres|move: Roost
|
|upkeep
|turn|13
|
|t:|1758256720
|move|p1a: Enamorus|Superpower|p2a: Moltres
|-resisted|p2a: Moltres
|-damage|p2a: Moltres|59/100
|-boost|p1a: Enamorus|atk|1
|-boost|p1a: Enamorus|def|1
|-damage|p1a: Enamorus|0 fnt|[from] item: Life Orb
|faint|p1a: Enamorus
|move|p2a: Moltres|Roost|p2a: Moltres
|-heal|p2a: Moltres|100/100
|-singleturn|p2a: Moltres|move: Roost
|
|upkeep
|
|t:|1758256727
|switch|p1a: Gholdengo|Gholdengo|100/100
|-item|p1a: Gholdengo|Air Balloon
|turn|14
|
|t:|1758256732
|move|p1a: Gholdengo|Nasty Plot|p1a: Gholdengo
|-boost|p1a: Gholdengo|spa|2
|move|p2a: Moltres|Flamethrower|p1a: Gholdengo
|-supereffective|p1a: Gholdengo
|-damage|p1a: Gholdengo|15/100
|-enditem|p1a: Gholdengo|Air Balloon
|
|upkeep
|turn|15
|
|t:|1758256738
|move|p1a: Gholdengo|Thunderbolt|p2a: Moltres
|-supereffective|p2a: Moltres
|-damage|p2a: Moltres|0 fnt
|faint|p2a: Moltres
|
|upkeep
|
|t:|1758256744
|switch|p2a: Dragapult|Dragapult, F|100/100
|turn|16
|-message|iprobgetfried forfeited.
|
|win|sunny dancing
|raw|iprobgetfried's rating: 1636 &rarr; <strong>1619</strong><br />(-17 for losing)
|raw|sunny dancing's rating: 1685 &rarr; <strong>1702</strong><br />(+17 for winning)
|l|☆sunny dancing
|player|p2|
|l|☆iprobgetfried
|player|p1|
|l| IM AT MY LIMIT
