|j|☆LonelySxNner
|j|☆mbthelen630
|t:|1758283240
|gametype|singles
|player|p1|LonelySxNner|picnicker|1297
|player|p2|mbthelen630|101|1266
|gen|9
|tier|[Gen 9] OU
|rated|
|rule|HP Percentage Mod: HP is shown in percentages
|rule|Endless Battle Clause: Forcing endless battles is banned
|rule|Species Clause: Limit one of each Pokémon
|rule|OHKO Clause: OHKO moves are banned
|rule|Evasion Items Clause: Evasion items are banned
|rule|Evasion Moves Clause: Evasion moves are banned
|rule|Evasion Abilities Clause: Evasion abilities are banned
|rule|Sleep Moves Clause: Sleep-inducing moves are banned
|clearpoke
|poke|p1|Meloetta|
|poke|p1|Garchomp, F|
|poke|p1|Ceruledge, F|
|poke|p1|Grimmsnarl, M|
|poke|p1|Greninja-*, M|
|poke|p1|Cinderace, M|
|poke|p2|Tyranitar, M|
|poke|p2|Hydreigon, F|
|poke|p2|Iron Thorns|
|poke|p2|Blastoise, F|
|poke|p2|Iron Jugulis|
|poke|p2|Rillaboom, M|
|teampreview
|inactive|Battle timer is ON: inactive players will automatically lose when time's up. (requested by LonelySxNner)
|
|t:|1758283274
|teamsize|p1|6
|teamsize|p2|6
|start
|switch|p1a: Greninja|Greninja, M|100/100
|switch|p2a: MechaKingGhidorah|Iron Jugulis|100/100
|turn|1
|
|t:|1758283279
|-end|p2a: MechaKingGhidorah|Quark Drive|[silent]
|switch|p2a: Godzilla|Tyranitar, M|100/100
|-weather|Sandstorm|[from] ability: Sand Stream|[of] p2a: Godzilla
|move|p1a: Greninja|Surf|p2a: Godzilla
|-supereffective|p2a: Godzilla
|-damage|p2a: Godzilla|37/100
|
|-weather|Sandstorm|[upkeep]
|-damage|p1a: Greninja|95/100|[from] Sandstorm
|upkeep
|turn|2
|
|t:|1758283292
|move|p1a: Greninja|Surf|p2a: Godzilla
|-supereffective|p2a: Godzilla
|-damage|p2a: Godzilla|0 fnt
|faint|p2a: Godzilla
|-ability|p1a: Greninja|Battle Bond|boost
|-boost|p1a: Greninja|atk|1
|-boost|p1a: Greninja|spa|1
|-boost|p1a: Greninja|spe|1
|-activate|p1a: Greninja|ability: Battle Bond
|
|-weather|Sandstorm|[upkeep]
|-damage|p1a: Greninja|89/100|[from] Sandstorm
|upkeep
|
|t:|1758283297
|switch|p2a: King Kong|Rillaboom, M|100/100
|-fieldstart|move: Grassy Terrain|[from] ability: Grassy Surge|[of] p2a: King Kong
|turn|3
|
|t:|1758283305
|switch|p1a: Cinderace|Cinderace, M|100/100
|move|p2a: King Kong|Grassy Glide|p1a: Cinderace
|-resisted|p1a: Cinderace
|-damage|p1a: Cinderace|64/100
|
|-weather|Sandstorm|[upkeep]
|-damage|p1a: Cinderace|58/100|[from] Sandstorm
|-damage|p2a: King Kong|94/100|[from] Sandstorm
|-heal|p1a: Cinderace|64/100|[from] Grassy Terrain
|-heal|p2a: King Kong|100/100|[from] Grassy Terrain
|upkeep
|turn|4
|
|t:|1758283316
|switch|p2a: King Ghidorah|Hydreigon, F|100/100
|move|p1a: Cinderace|U-turn|p2a: King Ghidorah
|-start|p1a: Cinderace|typechange|Bug|[from] ability: Libero
|-supereffective|p2a: King Ghidorah
|-damage|p2a: King Ghidorah|17/100
|
|t:|1758283334
|switch|p1a: Greninja|Greninja, M|89/100|[from] U-turn
|
|-weather|Sandstorm|[upkeep]
|-damage|p1a: Greninja|83/100|[from] Sandstorm
|-damage|p2a: King Ghidorah|11/100|[from] Sandstorm
|-heal|p1a: Greninja|89/100|[from] Grassy Terrain
|upkeep
|turn|5
|
|t:|1758283355
|move|p1a: Greninja|Dark Pulse|p2a: King Ghidorah
|-resisted|p2a: King Ghidorah
|-damage|p2a: King Ghidorah|0 fnt
|faint|p2a: King Ghidorah
|
|-weather|none
|-heal|p1a: Greninja|95/100|[from] Grassy Terrain
|upkeep
|
|t:|1758283359
|switch|p2a: King Kong|Rillaboom, M|100/100
|turn|6
|
|t:|1758283364
|move|p1a: Greninja|Dark Pulse|p2a: King Kong
|-damage|p2a: King Kong|17/100
|move|p2a: King Kong|U-turn|p1a: Greninja
|-supereffective|p1a: Greninja
|-damage|p1a: Greninja|0 fnt
|faint|p1a: Greninja
|
|t:|1758283378
|switch|p2a: MechaKingGhidorah|Iron Jugulis|100/100|[from] U-turn
|
|upkeep
|
|t:|1758283384
|switch|p1a: Grimmsnarl|Grimmsnarl, M|100/100
|turn|7
|
|t:|1758283392
|move|p1a: Grimmsnarl|Light Screen|p1a: Grimmsnarl
|-sidestart|p1: LonelySxNner|move: Light Screen
|move|p2a: MechaKingGhidorah|Meteor Beam||[still]
|-prepare|p2a: MechaKingGhidorah|Meteor Beam
|-boost|p2a: MechaKingGhidorah|spa|1
|-enditem|p2a: MechaKingGhidorah|Power Herb
|-anim|p2a: MechaKingGhidorah|Meteor Beam|p1a: Grimmsnarl
|-damage|p1a: Grimmsnarl|75/100
|
|-heal|p1a: Grimmsnarl|82/100|[from] Grassy Terrain
|-fieldend|move: Grassy Terrain
|upkeep
|turn|8
|
|t:|1758283401
|move|p1a: Grimmsnarl|Reflect|p1a: Grimmsnarl
|-sidestart|p1: LonelySxNner|Reflect
|move|p2a: MechaKingGhidorah|Hurricane|p1a: Grimmsnarl
|-damage|p1a: Grimmsnarl|46/100
|
|upkeep
|turn|9
|
|t:|1758283412
|switch|p1a: Cinderace|Cinderace, M|64/100
|move|p2a: MechaKingGhidorah|Hurricane|p1a: Cinderace
|-damage|p1a: Cinderace|9/100
|-start|p1a: Cinderace|confusion
|
|upkeep
|turn|10
|
|t:|1758283420
|-activate|p1a: Cinderace|confusion
|move|p1a: Cinderace|Pyro Ball|p2a: MechaKingGhidorah
|-damage|p2a: MechaKingGhidorah|38/100
|move|p2a: MechaKingGhidorah|Dark Pulse|p1a: Cinderace
|-damage|p1a: Cinderace|0 fnt
|faint|p1a: Cinderace
|
|upkeep
|
|t:|1758283425
|switch|p1a: Garchomp|Garchomp, F|100/100
|turn|11
|
|t:|1758283429
|move|p2a: MechaKingGhidorah|Hurricane|p1a: Garchomp
|-damage|p1a: Garchomp|63/100
|move|p1a: Garchomp|Scale Shot|p2a: MechaKingGhidorah
|-damage|p2a: MechaKingGhidorah|26/100
|-damage|p2a: MechaKingGhidorah|14/100
|-damage|p2a: MechaKingGhidorah|1/100
|-damage|p2a: MechaKingGhidorah|0 fnt
|faint|p2a: MechaKingGhidorah
|-end|p2a: MechaKingGhidorah|Quark Drive|[silent]
|-hitcount|p2: MechaKingGhidorah|4
|-unboost|p1a: Garchomp|def|1
|-boost|p1a: Garchomp|spe|1
|
|upkeep
|
|t:|1758283449
|switch|p2a: Gamera|Blastoise, F|100/100
|turn|12
|
|t:|1758283454
|move|p1a: Garchomp|Rock Tomb|p2a: Gamera
|-damage|p2a: Gamera|82/100
|-unboost|p2a: Gamera|spe|1
|-enditem|p2a: Gamera|White Herb
|-clearnegativeboost|p2a: Gamera|[silent]
|move|p2a: Gamera|Ice Beam|p1a: Garchomp
|-supereffective|p1a: Garchomp
|-damage|p1a: Garchomp|11/100
|
|upkeep
|turn|13
|
|t:|1758283461
|move|p1a: Garchomp|Scale Shot|p2a: Gamera
|-damage|p2a: Gamera|71/100
|-damage|p2a: Gamera|58/100
|-damage|p2a: Gamera|45/100
|-damage|p2a: Gamera|32/100
|-damage|p2a: Gamera|20/100
|-hitcount|p2a: Gamera|5
|-unboost|p1a: Garchomp|def|1
|-boost|p1a: Garchomp|spe|1
|move|p2a: Gamera|Ice Beam|p1a: Garchomp
|-supereffective|p1a: Garchomp
|-damage|p1a: Garchomp|0 fnt
|faint|p1a: Garchomp
|
|upkeep
|
|t:|1758283468
|switch|p1a: Best girl|Meloetta, shiny|100/100
|turn|14
|inactive|mbthelen630 has 120 seconds left.
|
|t:|1758283509
|move|p1a: Best girl|Relic Song|p2a: Gamera
|-damage|p2a: Gamera|0 fnt
|faint|p2a: Gamera
|-formechange|p1a: Best girl|Meloetta-Pirouette|[msg]
|-enditem|p1a: Best girl|Throat Spray
|-boost|p1a: Best girl|spa|1|[from] item: Throat Spray
|
|-sideend|p1: LonelySxNner|move: Light Screen
|upkeep
|
|t:|1758283518
|switch|p2a: King Kong|Rillaboom, M|17/100
|-fieldstart|move: Grassy Terrain|[from] ability: Grassy Surge|[of] p2a: King Kong
|turn|15
|
|t:|1758283525
|move|p2a: King Kong|Grassy Glide|p1a: Best girl
|-damage|p1a: Best girl|69/100
|move|p1a: Best girl|Hyper Voice|p2a: King Kong
|-damage|p2a: King Kong|0 fnt
|faint|p2a: King Kong
|
|-heal|p1a: Best girl|76/100|[from] Grassy Terrain
|-sideend|p1: LonelySxNner|Reflect
|upkeep
|
|t:|1758283529
|switch|p2a: MechaGodzilla|Iron Thorns|100/100
|-enditem|p2a: MechaGodzilla|Booster Energy
|-activate|p2a: MechaGodzilla|ability: Quark Drive|[fromitem]
|-start|p2a: MechaGodzilla|quarkdriveatk
|turn|16
|
|t:|1758283536
|-terastallize|p2a: MechaGodzilla|Fairy
|move|p1a: Best girl|Psychic|p2a: MechaGodzilla
|-damage|p2a: MechaGodzilla|60/100
|move|p2a: MechaGodzilla|Dragon Dance|p2a: MechaGodzilla
|-boost|p2a: MechaGodzilla|atk|1
|-boost|p2a: MechaGodzilla|spe|1
|
|-heal|p2a: MechaGodzilla|66/100|[from] Grassy Terrain
|-heal|p1a: Best girl|82/100|[from] Grassy Terrain
|upkeep
|turn|17
|
|t:|1758283545
|move|p2a: MechaGodzilla|Tera Blast|p1a: Best girl|[anim] Tera Blast Fairy
|-supereffective|p1a: Best girl
|-damage|p1a: Best girl|0 fnt
|faint|p1a: Best girl
|
|-heal|p2a: MechaGodzilla|72/100|[from] Grassy Terrain
|upkeep
|
|t:|1758283550
|switch|p1a: Grimmsnarl|Grimmsnarl, M|46/100
|turn|18
|
|t:|1758283554
|move|p1a: Grimmsnarl|Reflect|p1a: Grimmsnarl
|-sidestart|p1: LonelySxNner|Reflect
|move|p2a: MechaGodzilla|Tera Blast|p1a: Grimmsnarl|[anim] Tera Blast Fairy
|-supereffective|p1a: Grimmsnarl
|-damage|p1a: Grimmsnarl|0 fnt
|faint|p1a: Grimmsnarl
|
|-heal|p2a: MechaGodzilla|79/100|[from] Grassy Terrain
|upkeep
|
|t:|1758283557
|switch|p1a: Ceruledge|Ceruledge, F|100/100
|turn|19
|
|t:|1758283565
|move|p2a: MechaGodzilla|Rock Slide|p1a: Ceruledge
|-supereffective|p1a: Ceruledge
|-damage|p1a: Ceruledge|0 fnt
|faint|p1a: Ceruledge
|
|win|mbthelen630
|raw|LonelySxNner's rating: 1297 &rarr; <strong>1270</strong><br />(-27 for losing)
|raw|mbthelen630's rating: 1266 &rarr; <strong>1293</strong><br />(+27 for winning)
|l|☆LonelySxNner
|player|p1|
|l|☆mbthelen630
|player|p2|
