|j|☆Crooksieee
|j|☆99steps_stuts
|t:|1758289503
|gametype|singles
|player|p1|Crooksieee|266|1619
|player|p2|99steps_stuts|brycenman|1670
|gen|9
|tier|[Gen 9] OU
|rated|
|rule|HP Percentage Mod: HP is shown in percentages
|rule|Endless Battle Clause: Forcing endless battles is banned
|rule|Species Clause: Limit one of each Pokémon
|rule|OHKO Clause: OHKO moves are banned
|rule|Evasion Items Clause: Evasion items are banned
|rule|Evasion Moves Clause: Evasion moves are banned
|rule|Evasion Abilities Clause: Evasion abilities are banned
|rule|Sleep Moves Clause: Sleep-inducing moves are banned
|clearpoke
|poke|p1|Ninetales-Alola, F|
|poke|p1|Scizor, M|
|poke|p1|Glimmora, F|
|poke|p1|Samurott-Hisui, F|
|poke|p1|Landorus-Therian, M|
|poke|p1|Dragapult, F|
|poke|p2|Clefable, F|
|poke|p2|Incineroar, F|
|poke|p2|Clodsire, F|
|poke|p2|Zapdos-Galar|
|poke|p2|Gholdengo|
|poke|p2|Dragapult, F|
|teampreview
|inactive|Battle timer is ON: inactive players will automatically lose when time's up. (requested by 99steps_stuts)
|inactive|99steps_stuts has 120 seconds left.
|c|☆Crooksieee|How you gon start the timer and then take forever lol
|
|t:|1758289560
|teamsize|p1|6
|teamsize|p2|6
|start
|switch|p1a: Samurott|Samurott-Hisui, F|100/100
|switch|p2a: Gholdengo|Gholdengo, shiny|100/100
|-item|p2a: Gholdengo|Air Balloon
|turn|1
|
|t:|1758289567
|switch|p2a: Incineroar|Incineroar, F, shiny|100/100
|-ability|p2a: Incineroar|Intimidate|boost
|-unboost|p1a: Samurott|atk|1
|move|p1a: Samurott|Ceaseless Edge|p2a: Incineroar
|-resisted|p2a: Incineroar
|-damage|p2a: Incineroar|85/100
|-sidestart|p2: 99steps_stuts|Spikes
|
|upkeep
|turn|2
|
|t:|1758289576
|move|p1a: Samurott|Sacred Sword|p2a: Incineroar
|-supereffective|p2a: Incineroar
|-damage|p2a: Incineroar|24/100
|move|p2a: Incineroar|U-turn|p1a: Samurott
|-supereffective|p1a: Samurott
|-damage|p1a: Samurott|50/100
|
|t:|1758289579
|switch|p2a: Dragapult|Dragapult, F|100/100|[from] U-turn
|
|upkeep
|turn|3
|
|t:|1758289590
|move|p2a: Dragapult|U-turn|p1a: Samurott
|-supereffective|p1a: Samurott
|-damage|p1a: Samurott|1/100
|
|t:|1758289595
|switch|p2a: Zapdos|Zapdos-Galar, shiny|100/100|[from] U-turn
|move|p1a: Samurott|Ceaseless Edge|p2a: Zapdos
|-resisted|p2a: Zapdos
|-damage|p2a: Zapdos|82/100
|-sidestart|p2: 99steps_stuts|Spikes
|
|upkeep
|turn|4
|
|t:|1758289613
|switch|p1a: Landorus|Landorus-Therian, M|100/100
|-ability|p1a: Landorus|Intimidate|boost
|-unboost|p2a: Zapdos|atk|1
|-ability|p2a: Zapdos|Defiant|boost
|-boost|p2a: Zapdos|atk|2
|move|p2a: Zapdos|Thunderous Kick|p1a: Landorus
|-resisted|p1a: Landorus
|-damage|p1a: Landorus|60/100
|-unboost|p1a: Landorus|def|1
|-damage|p2a: Zapdos|65/100|[from] item: Rocky Helmet|[of] p1a: Landorus
|
|upkeep
|turn|5
|inactive|Crooksieee has 120 seconds left.
|
|t:|1758289643
|switch|p1a: Dragapult|Dragapult, F|100/100
|move|p2a: Zapdos|Knock Off|p1a: Dragapult
|-supereffective|p1a: Dragapult
|-damage|p1a: Dragapult|0 fnt
|-enditem|p1a: Dragapult|Eject Pack|[from] move: Knock Off|[of] p2a: Zapdos
|faint|p1a: Dragapult
|
|upkeep
|inactive|Crooksieee has 120 seconds left.
|
|t:|1758289652
|switch|p1a: Ninetales|Ninetales-Alola, F|100/100
|-weather|Snowscape|[from] ability: Snow Warning|[of] p1a: Ninetales
|turn|6
|
|t:|1758289656
|move|p1a: Ninetales|Aurora Veil|p1a: Ninetales
|-sidestart|p1: Crooksieee|move: Aurora Veil
|move|p2a: Zapdos|Knock Off|p1a: Ninetales
|-resisted|p1a: Ninetales
|-damage|p1a: Ninetales|91/100
|-enditem|p1a: Ninetales|Light Clay|[from] move: Knock Off|[of] p2a: Zapdos
|
|-weather|Snowscape|[upkeep]
|upkeep
|turn|7
|
|t:|1758289664
|switch|p2a: Quaqsire|Clodsire, F, shiny|100/100
|-damage|p2a: Quaqsire|84/100|[from] Spikes
|move|p1a: Ninetales|Moonblast|p2a: Quaqsire
|-resisted|p2a: Quaqsire
|-damage|p2a: Quaqsire|77/100
|
|-weather|Snowscape|[upkeep]
|-heal|p2a: Quaqsire|83/100|[from] item: Black Sludge
|upkeep
|turn|8
|
|t:|1758289674
|switch|p1a: Landorus|Landorus-Therian, M|60/100
|-ability|p1a: Landorus|Intimidate|boost
|-unboost|p2a: Quaqsire|atk|1
|move|p2a: Quaqsire|Stealth Rock|p1a: Landorus
|-sidestart|p1: Crooksieee|move: Stealth Rock
|
|-weather|Snowscape|[upkeep]
|-heal|p2a: Quaqsire|89/100|[from] item: Black Sludge
|upkeep
|turn|9
|
|t:|1758289683
|switch|p2a: Zapdos|Zapdos-Galar, shiny|65/100
|move|p1a: Landorus|Stealth Rock|p2a: Zapdos
|-sidestart|p2: 99steps_stuts|move: Stealth Rock
|
|-weather|Snowscape|[upkeep]
|upkeep
|turn|10
|
|t:|1758289690
|move|p2a: Zapdos|Knock Off|p1a: Landorus
|-crit|p1a: Landorus
|-damage|p1a: Landorus|2/100
|-damage|p2a: Zapdos|49/100|[from] item: Rocky Helmet|[of] p1a: Landorus
|-enditem|p1a: Landorus|Rocky Helmet|[from] move: Knock Off|[of] p2a: Zapdos
|move|p1a: Landorus|Smack Down|p2a: Zapdos
|-damage|p2a: Zapdos|27/100
|-start|p2a: Zapdos|Smack Down
|
|-weather|none
|upkeep
|turn|11
|
|t:|1758289702
|switch|p1a: Ninetales|Ninetales-Alola, F|91/100
|-damage|p1a: Ninetales|66/100|[from] Stealth Rock
|-weather|Snowscape|[from] ability: Snow Warning|[of] p1a: Ninetales
|move|p2a: Zapdos|Thunderous Kick|p1a: Ninetales
|-damage|p1a: Ninetales|47/100
|-unboost|p1a: Ninetales|def|1
|
|-weather|Snowscape|[upkeep]
|upkeep
|turn|12
|
|t:|1758289713
|switch|p1a: Glimmora|Glimmora, F|100/100
|-damage|p1a: Glimmora|88/100|[from] Stealth Rock
|switch|p2a: Quaqsire|Clodsire, F, shiny|89/100
|-damage|p2a: Quaqsire|72/100|[from] Spikes
|-damage|p2a: Quaqsire|66/100|[from] Stealth Rock
|
|-weather|Snowscape|[upkeep]
|-heal|p2a: Quaqsire|72/100|[from] item: Black Sludge
|upkeep
|turn|13
|
|t:|1758289730
|move|p1a: Glimmora|Power Gem|p2a: Quaqsire
|-resisted|p2a: Quaqsire
|-damage|p2a: Quaqsire|60/100
|move|p2a: Quaqsire|Recover|p2a: Quaqsire
|-heal|p2a: Quaqsire|100/100
|
|-weather|Snowscape|[upkeep]
|-sideend|p1: Crooksieee|move: Aurora Veil
|upkeep
|turn|14
|
|t:|1758289738
|move|p1a: Glimmora|Earth Power|p2a: Quaqsire
|-supereffective|p2a: Quaqsire
|-damage|p2a: Quaqsire|61/100
|move|p2a: Quaqsire|Earthquake|p1a: Glimmora
|-supereffective|p1a: Glimmora
|-damage|p1a: Glimmora|0 fnt
|-activate|p1a: Glimmora|ability: Toxic Debris
|-sidestart|p2: 99steps_stuts|move: Toxic Spikes
|faint|p1a: Glimmora
|
|-weather|Snowscape|[upkeep]
|-heal|p2a: Quaqsire|67/100|[from] item: Black Sludge
|upkeep
|-message|Crooksieee forfeited.
|
|win|99steps_stuts
|raw|Crooksieee's rating: 1619 &rarr; <strong>1602</strong><br />(-17 for losing)
|raw|99steps_stuts's rating: 1670 &rarr; <strong>1687</strong><br />(+17 for winning)
|l|☆Crooksieee
|player|p1|
