|j|☆itsscarycary
|j|☆Mynameismarkiplier
|t:|1758233043
|gametype|singles
|player|p1|itsscarycary|swimmerf-gen4|1120
|player|p2|Mynameismarkiplier|proton|1169
|gen|9
|tier|[Gen 9] OU
|rated|
|rule|HP Percentage Mod: HP is shown in percentages
|rule|Endless Battle Clause: Forcing endless battles is banned
|rule|Species Clause: Limit one of each Pokémon
|rule|OHKO Clause: OHKO moves are banned
|rule|Evasion Items Clause: Evasion items are banned
|rule|Evasion Moves Clause: Evasion moves are banned
|rule|Evasion Abilities Clause: Evasion abilities are banned
|rule|Sleep Moves Clause: Sleep-inducing moves are banned
|clearpoke
|poke|p1|Zapdos|
|poke|p1|Slowking-Galar, F|
|poke|p1|Jirachi|
|poke|p1|Landorus-Therian, M|
|poke|p1|Alomomola, F|
|poke|p1|Kingambit, F|
|poke|p2|Necrozma|
|poke|p2|Ceruledge, F|
|poke|p2|Pecharunt|
|poke|p2|Primarina, F|
|poke|p2|Corviknight, M|
|poke|p2|Dragapult, M|
|teampreview
|inactive|Battle timer is ON: inactive players will automatically lose when time's up. (requested by itsscarycary)
|
|t:|1758233062
|teamsize|p1|6
|teamsize|p2|6
|start
|switch|p1a: Landorus|Landorus-Therian, M|100/100
|switch|p2a: Necrozma|Necrozma|100/100
|-ability|p1a: Landorus|Intimidate|boost
|-unboost|p2a: Necrozma|atk|1
|turn|1
|
|t:|1758233069
|switch|p2a: Corviknight|Corviknight, M, shiny|100/100
|move|p1a: Landorus|Stealth Rock|p2a: Corviknight
|-sidestart|p2: Mynameismarkiplier|move: Stealth Rock
|
|upkeep
|turn|2
|
|t:|1758233081
|move|p1a: Landorus|U-turn|p2a: Corviknight
|-resisted|p2a: Corviknight
|-damage|p2a: Corviknight|97/100
|
|t:|1758233092
|switch|p1a: Alomomola|Alomomola, F|100/100|[from] U-turn
|move|p2a: Corviknight|Defog|p1a: Alomomola
|-unboost|p1a: Alomomola|evasion|1
|-sideend|p2: Mynameismarkiplier|Stealth Rock|[from] move: Defog|[of] p2a: Corviknight
|
|-heal|p2a: Corviknight|100/100|[from] item: Leftovers
|upkeep
|turn|3
|
|t:|1758233097
|switch|p2a: Dragapult|Dragapult, M|100/100
|move|p1a: Alomomola|Body Slam|p2a: Dragapult
|-immune|p2a: Dragapult
|
|upkeep
|turn|4
|
|t:|1758233102
|move|p2a: Dragapult|Thunderbolt|p1a: Alomomola
|-supereffective|p1a: Alomomola
|-damage|p1a: Alomomola|0 fnt
|faint|p1a: Alomomola
|
|upkeep
|
|t:|1758233104
|switch|p1a: Zapdos|Zapdos|100/100
|turn|5
|
|t:|1758233112
|switch|p2a: Corviknight|Corviknight, M, shiny|100/100
|move|p1a: Zapdos|Thunder Wave|p2a: Corviknight
|-status|p2a: Corviknight|par
|
|upkeep
|turn|6
|
|t:|1758233119
|move|p1a: Zapdos|Substitute|p1a: Zapdos
|-start|p1a: Zapdos|Substitute
|-damage|p1a: Zapdos|76/100
|move|p2a: Corviknight|Brave Bird|p1a: Zapdos
|-resisted|p1a: Zapdos
|-crit|p1a: Zapdos
|-activate|p1a: Zapdos|move: Substitute|[damage]
|-damage|p2a: Corviknight|94/100 par|[from] Recoil|[of] p1a: Zapdos
|
|-heal|p2a: Corviknight|100/100 par|[from] item: Leftovers
|upkeep
|turn|7
|
|t:|1758233127
|move|p1a: Zapdos|Hurricane|p2a: Corviknight
|-resisted|p2a: Corviknight
|-damage|p2a: Corviknight|79/100 par
|move|p2a: Corviknight|Body Press|p1a: Zapdos
|-resisted|p1a: Zapdos
|-end|p1a: Zapdos|Substitute
|
|-heal|p2a: Corviknight|85/100 par|[from] item: Leftovers
|upkeep
|turn|8
|
|t:|1758233133
|move|p1a: Zapdos|Hurricane|p2a: Corviknight
|-resisted|p2a: Corviknight
|-damage|p2a: Corviknight|62/100 par
|move|p2a: Corviknight|Brave Bird|p1a: Zapdos
|-resisted|p1a: Zapdos
|-damage|p1a: Zapdos|62/100
|-damage|p2a: Corviknight|58/100 par|[from] Recoil
|
|-heal|p2a: Corviknight|64/100 par|[from] item: Leftovers
|upkeep
|turn|9
|
|t:|1758233139
|move|p1a: Zapdos|Hurricane|p2a: Corviknight
|-resisted|p2a: Corviknight
|-damage|p2a: Corviknight|42/100 par
|move|p2a: Corviknight|Brave Bird|p1a: Zapdos
|-resisted|p1a: Zapdos
|-damage|p1a: Zapdos|50/100
|-damage|p2a: Corviknight|38/100 par|[from] Recoil
|
|-heal|p2a: Corviknight|44/100 par|[from] item: Leftovers
|upkeep
|turn|10
|
|t:|1758233144
|move|p1a: Zapdos|Hurricane|p2a: Corviknight
|-resisted|p2a: Corviknight
|-damage|p2a: Corviknight|22/100 par
|-start|p2a: Corviknight|confusion
|-activate|p2a: Corviknight|confusion
|move|p2a: Corviknight|Brave Bird|p1a: Zapdos
|-resisted|p1a: Zapdos
|-damage|p1a: Zapdos|36/100
|-damage|p2a: Corviknight|18/100 par|[from] Recoil
|
|-heal|p2a: Corviknight|24/100 par|[from] item: Leftovers
|upkeep
|turn|11
|
|t:|1758233152
|move|p1a: Zapdos|Roost|p1a: Zapdos
|-heal|p1a: Zapdos|86/100
|-singleturn|p1a: Zapdos|move: Roost
|-activate|p2a: Corviknight|confusion
|move|p2a: Corviknight|Brave Bird|p1a: Zapdos
|-resisted|p1a: Zapdos
|-damage|p1a: Zapdos|73/100
|-damage|p2a: Corviknight|19/100 par|[from] Recoil
|
|-heal|p2a: Corviknight|25/100 par|[from] item: Leftovers
|upkeep
|turn|12
|
|t:|1758233159
|move|p1a: Zapdos|Hurricane|p2a: Corviknight
|-resisted|p2a: Corviknight
|-damage|p2a: Corviknight|4/100 par
|-end|p2a: Corviknight|confusion
|move|p2a: Corviknight|Brave Bird|p1a: Zapdos
|-resisted|p1a: Zapdos
|-damage|p1a: Zapdos|59/100
|-damage|p2a: Corviknight|0 fnt|[from] Recoil
|faint|p2a: Corviknight
|
|upkeep
|
|t:|1758233162
|switch|p2a: Dragapult|Dragapult, M|100/100
|turn|13
|
|t:|1758233171
|move|p2a: Dragapult|Draco Meteor|p1a: Zapdos
|-damage|p1a: Zapdos|0 fnt
|-unboost|p2a: Dragapult|spa|2
|faint|p1a: Zapdos
|
|upkeep
|
|t:|1758233180
|switch|p1a: Landorus|Landorus-Therian, M|100/100
|-ability|p1a: Landorus|Intimidate|boost
|-unboost|p2a: Dragapult|atk|1
|turn|14
|
|t:|1758233183
|switch|p2a: Primarina|Primarina, F|100/100
|move|p1a: Landorus|Stealth Rock|p2a: Primarina
|-sidestart|p2: Mynameismarkiplier|move: Stealth Rock
|
|upkeep
|turn|15
|
|t:|1758233187
|move|p1a: Landorus|U-turn|p2a: Primarina
|-resisted|p2a: Primarina
|-damage|p2a: Primarina|91/100
|
|t:|1758233189
|switch|p1a: Slowking|Slowking-Galar, F|100/100|[from] U-turn
|move|p2a: Primarina|Hyper Voice|p1a: Slowking
|-damage|p1a: Slowking|74/100
|
|upkeep
|turn|16
|
|t:|1758233193
|move|p2a: Primarina|Light Screen|p2a: Primarina
|-sidestart|p2: Mynameismarkiplier|move: Light Screen
|move|p1a: Slowking|Sludge Bomb|p2a: Primarina
|-supereffective|p2a: Primarina
|-damage|p2a: Primarina|64/100
|
|upkeep
|turn|17
|
|t:|1758233199
|move|p2a: Primarina|Reflect|p2a: Primarina
|-sidestart|p2: Mynameismarkiplier|Reflect
|move|p1a: Slowking|Thunder Wave|p2a: Primarina
|-status|p2a: Primarina|par
|
|upkeep
|turn|18
|
|t:|1758233206
|switch|p2a: Pecharunt|Pecharunt|100/100
|-damage|p2a: Pecharunt|88/100|[from] Stealth Rock
|move|p1a: Slowking|Sludge Bomb|p2a: Pecharunt
|-resisted|p2a: Pecharunt
|-damage|p2a: Pecharunt|84/100
|
|-heal|p2a: Pecharunt|90/100|[from] item: Leftovers
|upkeep
|turn|19
|
|t:|1758233213
|move|p2a: Pecharunt|Shadow Ball|p1a: Slowking
|-supereffective|p1a: Slowking
|-damage|p1a: Slowking|38/100
|move|p1a: Slowking|Future Sight|p2a: Pecharunt
|-start|p1a: Slowking|move: Future Sight
|
|-heal|p2a: Pecharunt|96/100|[from] item: Leftovers
|upkeep
|turn|20
|
|t:|1758233217
|move|p2a: Pecharunt|Shadow Ball|p1a: Slowking
|-supereffective|p1a: Slowking
|-damage|p1a: Slowking|5/100
|-prepare|p1a: Slowking|Chilly Reception|[premajor]
|move|p1a: Slowking|Chilly Reception|p1a: Slowking
|-weather|Snowscape
|
|t:|1758233221
|switch|p1a: Jirachi|Jirachi|100/100|[from] Chilly Reception
|
|-weather|Snowscape|[upkeep]
|-heal|p2a: Pecharunt|100/100|[from] item: Leftovers
|-sideend|p2: Mynameismarkiplier|move: Light Screen
|upkeep
|turn|21
|
|t:|1758233228
|move|p2a: Pecharunt|Protect|p2a: Pecharunt
|-singleturn|p2a: Pecharunt|Protect
|move|p1a: Jirachi|Substitute|p1a: Jirachi
|-start|p1a: Jirachi|Substitute
|-damage|p1a: Jirachi|76/100
|
|-weather|Snowscape|[upkeep]
|-end|p2a: Pecharunt|move: Future Sight
|-supereffective|p2a: Pecharunt
|-damage|p2a: Pecharunt|20/100
|-heal|p1a: Jirachi|82/100|[from] item: Leftovers
|-heal|p2a: Pecharunt|26/100|[from] item: Leftovers
|-sideend|p2: Mynameismarkiplier|Reflect
|upkeep
|turn|22
|
|t:|1758233234
|move|p1a: Jirachi|Psychic Noise|p2a: Pecharunt
|-supereffective|p2a: Pecharunt
|-damage|p2a: Pecharunt|0 fnt
|faint|p2a: Pecharunt
|
|-weather|Snowscape|[upkeep]
|-heal|p1a: Jirachi|88/100|[from] item: Leftovers
|upkeep
|
|t:|1758233238
|switch|p2a: Primarina|Primarina, F|64/100 par
|turn|23
|
|t:|1758233247
|move|p1a: Jirachi|Iron Head|p2a: Primarina
|-damage|p2a: Primarina|38/100 par
|cant|p2a: Primarina|flinch
|
|-weather|Snowscape|[upkeep]
|-heal|p1a: Jirachi|94/100|[from] item: Leftovers
|upkeep
|turn|24
|
|t:|1758233253
|move|p1a: Jirachi|Iron Head|p2a: Primarina
|-damage|p2a: Primarina|12/100 par
|cant|p2a: Primarina|par
|
|-weather|none
|-heal|p1a: Jirachi|100/100|[from] item: Leftovers
|upkeep
|turn|25
|
|t:|1758233258
|move|p1a: Jirachi|Iron Head|p2a: Primarina
|-damage|p2a: Primarina|0 fnt
|faint|p2a: Primarina
|
|upkeep
|
|t:|1758233263
|switch|p2a: Dragapult|Dragapult, M|100/100
|-damage|p2a: Dragapult|88/100|[from] Stealth Rock
|turn|26
|
|t:|1758233270
|-terastallize|p1a: Jirachi|Fairy
|move|p2a: Dragapult|Shadow Ball|p1a: Jirachi
|-end|p1a: Jirachi|Substitute
|move|p1a: Jirachi|Iron Head|p2a: Dragapult
|-damage|p2a: Dragapult|47/100
|
|upkeep
|turn|27
|
|t:|1758233278
|move|p2a: Dragapult|Shadow Ball|p1a: Jirachi
|-damage|p1a: Jirachi|58/100
|move|p1a: Jirachi|Iron Head|p2a: Dragapult
|-damage|p2a: Dragapult|12/100
|-start|p1a: Jirachi|Disable|Iron Head|[from] ability: Cursed Body|[of] p2a: Dragapult
|
|-heal|p1a: Jirachi|64/100|[from] item: Leftovers
|upkeep
|turn|28
|
|t:|1758233284
|move|p2a: Dragapult|Shadow Ball|p1a: Jirachi
|-damage|p1a: Jirachi|22/100
|move|p1a: Jirachi|Psychic Noise|p2a: Dragapult
|-damage|p2a: Dragapult|0 fnt
|faint|p2a: Dragapult
|
|-heal|p1a: Jirachi|28/100|[from] item: Leftovers
|upkeep
|
|t:|1758233287
|switch|p2a: Ceruledge|Ceruledge, F|100/100
|-damage|p2a: Ceruledge|76/100|[from] Stealth Rock
|turn|29
|
|t:|1758233297
|move|p2a: Ceruledge|Shadow Sneak|p1a: Jirachi
|-damage|p1a: Jirachi|12/100
|move|p1a: Jirachi|Psychic Noise|p2a: Ceruledge
|-damage|p2a: Ceruledge|46/100
|-start|p2a: Ceruledge|move: Heal Block
|
|-heal|p1a: Jirachi|18/100|[from] item: Leftovers
|upkeep
|turn|30
|
|t:|1758233308
|move|p2a: Ceruledge|Shadow Sneak|p1a: Jirachi
|-damage|p1a: Jirachi|1/100
|move|p1a: Jirachi|Psychic Noise|p2a: Ceruledge
|-crit|p2a: Ceruledge
|-damage|p2a: Ceruledge|1/100
|
|-heal|p1a: Jirachi|8/100|[from] item: Leftovers
|-end|p1a: Jirachi|Disable
|-end|p2a: Ceruledge|move: Heal Block
|upkeep
|turn|31
|
|t:|1758233320
|switch|p1a: Landorus|Landorus-Therian, M|100/100
|-ability|p1a: Landorus|Intimidate|boost
|-unboost|p2a: Ceruledge|atk|1
|move|p2a: Ceruledge|Shadow Sneak|p1a: Landorus
|-damage|p1a: Landorus|86/100
|
|upkeep
|turn|32
|
|t:|1758233325
|move|p2a: Ceruledge|Endure|p2a: Ceruledge
|-singleturn|p2a: Ceruledge|move: Endure
|move|p1a: Landorus|Stealth Rock||[still]
|-fail|p1a: Landorus
|
|upkeep
|turn|33
|
|t:|1758233332
|move|p2a: Ceruledge|Endure|p2a: Ceruledge
|-singleturn|p2a: Ceruledge|move: Endure
|move|p1a: Landorus|U-turn|p2a: Ceruledge
|-resisted|p2a: Ceruledge
|-activate|p2a: Ceruledge|move: Endure
|-damage|p2a: Ceruledge|1/100
|-ability|p2a: Ceruledge|Weak Armor|boost
|-unboost|p2a: Ceruledge|def|1
|-boost|p2a: Ceruledge|spe|2
|
|t:|1758233342
|switch|p1a: Slowking|Slowking-Galar, F|38/100|[from] U-turn
|
|upkeep
|turn|34
|
|t:|1758233348
|move|p2a: Ceruledge|Bitter Blade|p1a: Slowking
|-damage|p1a: Slowking|7/100
|-heal|p2a: Ceruledge|22/100|[from] drain|[of] p1a: Slowking
|move|p1a: Slowking|Thunder Wave|p2a: Ceruledge
|-status|p2a: Ceruledge|par
|
|upkeep
|turn|35
|
|t:|1758233353
|move|p2a: Ceruledge|Shadow Sneak|p1a: Slowking
|-supereffective|p1a: Slowking
|-damage|p1a: Slowking|0 fnt
|faint|p1a: Slowking
|
|upkeep
|
|t:|1758233356
|switch|p1a: Landorus|Landorus-Therian, M|86/100
|-ability|p1a: Landorus|Intimidate|boost
|-unboost|p2a: Ceruledge|atk|1
|turn|36
|
|t:|1758233358
|move|p2a: Ceruledge|Shadow Sneak|p1a: Landorus
|-damage|p1a: Landorus|77/100
|move|p1a: Landorus|Earth Power|p2a: Ceruledge
|-supereffective|p2a: Ceruledge
|-damage|p2a: Ceruledge|0 fnt
|faint|p2a: Ceruledge
|
|upkeep
|
|t:|1758233362
|switch|p2a: Necrozma|Necrozma|100/100
|-damage|p2a: Necrozma|88/100|[from] Stealth Rock
|turn|37
|
|t:|1758233365
|move|p1a: Landorus|Fling|p2a: Necrozma
|-supereffective|p2a: Necrozma
|-crit|p2a: Necrozma
|-damage|p2a: Necrozma|69/100
|-status|p2a: Necrozma|par
|-enditem|p1a: Landorus|Light Ball|[from] move: Fling
|cant|p2a: Necrozma|par
|
|upkeep
|turn|38
|
|t:|1758233373
|move|p1a: Landorus|U-turn|p2a: Necrozma
|-supereffective|p2a: Necrozma
|-damage|p2a: Necrozma|40/100 par
|
|t:|1758233375
|switch|p1a: Kingambit|Kingambit, F|100/100|[from] U-turn
|-activate|p1a: Kingambit|ability: Supreme Overlord
|-start|p1a: Kingambit|fallen3|[silent]
|move|p2a: Necrozma|Dragon Dance|p2a: Necrozma
|-boost|p2a: Necrozma|atk|1
|-boost|p2a: Necrozma|spe|1
|
|upkeep
|turn|39
|
|t:|1758233377
|-terastallize|p2a: Necrozma|Fairy
|move|p1a: Kingambit|Kowtow Cleave|p2a: Necrozma
|-resisted|p2a: Necrozma
|-damage|p2a: Necrozma|5/100 par
|cant|p2a: Necrozma|par
|
|upkeep
|turn|40
|-message|Mynameismarkiplier forfeited.
|
|win|itsscarycary
|raw|itsscarycary's rating: 1120 &rarr; <strong>1149</strong><br />(+29 for winning)
|raw|Mynameismarkiplier's rating: 1169 &rarr; <strong>1140</strong><br />(-29 for losing)
|l|☆Mynameismarkiplier
|player|p2|
