|j|☆carlthebirder
|j|☆Desert Tail
|t:|1758359441
|gametype|singles
|player|p1|carlthebirder|swimmer-gen4dp|1079
|player|p2|Desert Tail|169|1082
|gen|9
|tier|[Gen 9] OU
|rated|
|rule|HP Percentage Mod: HP is shown in percentages
|rule|Endless Battle Clause: Forcing endless battles is banned
|rule|Species Clause: Limit one of each Pokémon
|rule|OHKO Clause: OHKO moves are banned
|rule|Evasion Items Clause: Evasion items are banned
|rule|Evasion Moves Clause: Evasion moves are banned
|rule|Evasion Abilities Clause: Evasion abilities are banned
|rule|Sleep Moves Clause: Sleep-inducing moves are banned
|clearpoke
|poke|p1|Araquanid, F|
|poke|p1|Zoroark-Hisui, M|
|poke|p1|Electivire, M|
|poke|p1|Venomoth, F|
|poke|p1|Excadrill, M|
|poke|p1|Lokix, M|
|poke|p2|Raichu, F|
|poke|p2|Ninetales-Alola, M|
|poke|p2|Gallade, M|
|poke|p2|Crabominable, M|
|poke|p2|Sandaconda, M|
|poke|p2|Polteageist|
|teampreview
|
|t:|1758359460
|teamsize|p1|6
|teamsize|p2|6
|start
|switch|p1a: Araquanid|Araquanid, F|100/100
|switch|p2a: Silver|Gallade, M, shiny|100/100
|turn|1
|
|t:|1758359479
|-terastallize|p2a: Silver|Steel
|move|p2a: Silver|Leaf Blade|p1a: Araquanid
|-damage|p1a: Araquanid|32/100
|move|p1a: Araquanid|Sticky Web|p2a: Silver
|-sidestart|p2: Desert Tail|move: Sticky Web
|
|-heal|p1a: Araquanid|38/100|[from] item: Leftovers
|upkeep
|turn|2
|
|t:|1758359485
|move|p2a: Silver|Leaf Blade|p1a: Araquanid
|-damage|p1a: Araquanid|0 fnt
|faint|p1a: Araquanid
|
|upkeep
|
|t:|1758359490
|switch|p1a: Lokix|Lokix, M|100/100
|turn|3
|
|t:|1758359499
|move|p1a: Lokix|Axe Kick|p2a: Silver
|-supereffective|p2a: Silver
|-damage|p2a: Silver|0 fnt
|faint|p2a: Silver
|-damage|p1a: Lokix|91/100|[from] item: Life Orb
|
|upkeep
|
|t:|1758359511
|switch|p2a: MaleQueen|Ninetales-Alola, M, shiny|100/100
|-activate|p2a: MaleQueen|move: Sticky Web
|-unboost|p2a: MaleQueen|spe|1
|-weather|Snowscape|[from] ability: Snow Warning|[of] p2a: MaleQueen
|turn|4
|inactive|Battle timer is ON: inactive players will automatically lose when time's up. (requested by Desert Tail)
|
|t:|1758359546
|move|p1a: Lokix|U-turn|p2a: MaleQueen
|-resisted|p2a: MaleQueen
|-damage|p2a: MaleQueen|58/100
|-damage|p1a: Lokix|81/100|[from] item: Life Orb
|
|t:|1758359550
|switch|p1a: Excadrill|Excadrill, M|100/100|[from] U-turn
|-ability|p1a: Excadrill|Mold Breaker
|move|p2a: MaleQueen|Aurora Veil|p2a: MaleQueen
|-sidestart|p2: Desert Tail|move: Aurora Veil
|
|-weather|Snowscape|[upkeep]
|upkeep
|turn|5
|
|t:|1758359560
|switch|p2a: Sin|Sandaconda, M, shiny|100/100
|-activate|p2a: Sin|move: Sticky Web
|-unboost|p2a: Sin|spe|1
|move|p1a: Excadrill|Stealth Rock|p2a: Sin
|-sidestart|p2: Desert Tail|move: Stealth Rock
|
|-weather|Snowscape|[upkeep]
|upkeep
|turn|6
|
|t:|1758359570
|move|p1a: Excadrill|Earthquake|p2a: Sin
|-damage|p2a: Sin|77/100
|-weather|Sandstorm|[from] ability: Sand Spit|[of] p2a: Sin
|move|p2a: Sin|Coil|p2a: Sin
|-boost|p2a: Sin|atk|1
|-boost|p2a: Sin|def|1
|-boost|p2a: Sin|accuracy|1
|
|-weather|Sandstorm|[upkeep]
|-heal|p2a: Sin|83/100|[from] item: Leftovers
|upkeep
|turn|7
|
|t:|1758359581
|switch|p1a: Venomoth|Venomoth, F|100/100
|move|p2a: Sin|Coil|p2a: Sin
|-boost|p2a: Sin|atk|1
|-boost|p2a: Sin|def|1
|-boost|p2a: Sin|accuracy|1
|
|-weather|Sandstorm|[upkeep]
|-damage|p1a: Venomoth|94/100|[from] Sandstorm
|-heal|p1a: Venomoth|100/100|[from] item: Leftovers
|-heal|p2a: Sin|89/100|[from] item: Leftovers
|upkeep
|turn|8
|
|t:|1758359595
|move|p1a: Venomoth|Sludge Bomb|p2a: Sin
|-resisted|p2a: Sin
|-damage|p2a: Sin|66/100
|-status|p2a: Sin|psn
|move|p2a: Sin|Fire Fang|p1a: Venomoth
|-supereffective|p1a: Venomoth
|-damage|p1a: Venomoth|0 fnt
|faint|p1a: Venomoth
|
|-weather|Sandstorm|[upkeep]
|-heal|p2a: Sin|72/100 psn|[from] item: Leftovers
|-damage|p2a: Sin|60/100 psn|[from] psn
|upkeep
|
|t:|1758359605
|switch|p1a: Lokix|Lokix, M|100/100
|turn|9
|
|t:|1758359610
|move|p1a: Lokix|Bitter Malice|p2a: Sin
|-damage|p2a: Sin|27/100 psn
|-unboost|p2a: Sin|atk|1
|move|p2a: Sin|Fire Fang|p1a: Lokix
|-damage|p1a: Lokix|37/100
|replace|p1a: Zoroark|Zoroark-Hisui, M
|-end|p1a: Zoroark|Illusion
|
|-weather|Sandstorm|[upkeep]
|-damage|p1a: Zoroark|31/100|[from] Sandstorm
|-heal|p2a: Sin|33/100 psn|[from] item: Leftovers
|-damage|p2a: Sin|20/100 psn|[from] psn
|upkeep
|turn|10
|
|t:|1758359625
|move|p1a: Zoroark|Bitter Malice|p2a: Sin
|-damage|p2a: Sin|0 fnt
|faint|p2a: Sin
|
|-weather|none
|upkeep
|
|t:|1758359636
|switch|p2a: Polteageist|Polteageist, shiny|100/100
|-activate|p2a: Polteageist|move: Sticky Web
|-unboost|p2a: Polteageist|spe|1
|-damage|p2a: Polteageist|88/100|[from] Stealth Rock
|-enditem|p2a: Polteageist|White Herb
|-clearnegativeboost|p2a: Polteageist|[silent]
|turn|11
|
|t:|1758359643
|move|p1a: Zoroark|Bitter Malice|p2a: Polteageist
|-supereffective|p2a: Polteageist
|-damage|p2a: Polteageist|18/100
|-unboost|p2a: Polteageist|atk|1
|move|p2a: Polteageist|Shell Smash|p2a: Polteageist
|-unboost|p2a: Polteageist|def|1
|-unboost|p2a: Polteageist|spd|1
|-boost|p2a: Polteageist|atk|2
|-boost|p2a: Polteageist|spa|2
|-boost|p2a: Polteageist|spe|2
|
|-sideend|p2: Desert Tail|move: Aurora Veil
|upkeep
|turn|12
|
|t:|1758359654
|move|p2a: Polteageist|Shadow Ball|p1a: Zoroark
|-immune|p1a: Zoroark
|move|p1a: Zoroark|Bitter Malice|p2a: Polteageist
|-supereffective|p2a: Polteageist
|-damage|p2a: Polteageist|0 fnt
|faint|p2a: Polteageist
|
|upkeep
|
|t:|1758359661
|switch|p2a: MaleQueen|Ninetales-Alola, M, shiny|58/100
|-activate|p2a: MaleQueen|move: Sticky Web
|-unboost|p2a: MaleQueen|spe|1
|-damage|p2a: MaleQueen|33/100|[from] Stealth Rock
|-weather|Snowscape|[from] ability: Snow Warning|[of] p2a: MaleQueen
|turn|13
|
|t:|1758359667
|move|p1a: Zoroark|Bitter Malice|p2a: MaleQueen
|-damage|p2a: MaleQueen|0 fnt
|faint|p2a: MaleQueen
|
|-weather|Snowscape|[upkeep]
|upkeep
|
|t:|1758359675
|switch|p2a: Abombom|Crabominable, M, shiny|100/100
|-activate|p2a: Abombom|move: Sticky Web
|-unboost|p2a: Abombom|spe|1
|-damage|p2a: Abombom|88/100|[from] Stealth Rock
|turn|14
|
|t:|1758359681
|move|p1a: Zoroark|Bitter Malice|p2a: Abombom
|-damage|p2a: Abombom|32/100
|-unboost|p2a: Abombom|atk|1
|move|p2a: Abombom|Bulk Up|p2a: Abombom
|-boost|p2a: Abombom|atk|1
|-boost|p2a: Abombom|def|1
|
|-weather|Snowscape|[upkeep]
|-heal|p2a: Abombom|38/100|[from] item: Leftovers
|upkeep
|turn|15
|-message|Desert Tail forfeited.
|
|win|carlthebirder
|raw|carlthebirder's rating: 1079 &rarr; <strong>1107</strong><br />(+28 for winning)
|raw|Desert Tail's rating: 1082 &rarr; <strong>1060</strong><br />(-22 for losing)
|l|☆Desert Tail
|player|p2|
|l|☆carlthebirder
|player|p1|
