|j|☆ArayAlex
|j|☆Fueled off Salts
|t:|1758239736
|gametype|singles
|player|p1|ArayAlex|266|1189
|player|p2|Fueled off Salts|tuber|1188
|gen|9
|tier|[Gen 9] OU
|rated|
|rule|HP Percentage Mod: HP is shown in percentages
|rule|Endless Battle Clause: Forcing endless battles is banned
|rule|Species Clause: Limit one of each Pokémon
|rule|OHKO Clause: OHKO moves are banned
|rule|Evasion Items Clause: Evasion items are banned
|rule|Evasion Moves Clause: Evasion moves are banned
|rule|Evasion Abilities Clause: Evasion abilities are banned
|rule|Sleep Moves Clause: Sleep-inducing moves are banned
|clearpoke
|poke|p1|Ogerpon-Wellspring, F|
|poke|p1|Cloyster, F|
|poke|p1|Ninetales-Alola, M|
|poke|p1|Polteageist|
|poke|p1|Iron Treads|
|poke|p1|Dragonite, M|
|poke|p2|Mandibuzz, F|
|poke|p2|Suicune|
|poke|p2|Jirachi|
|poke|p2|Hatterene, F|
|poke|p2|Sinistcha-Masterpiece|
|poke|p2|Moltres|
|teampreview
|
|t:|1758239750
|teamsize|p1|6
|teamsize|p2|6
|start
|switch|p1a: Ninetales|Ninetales-Alola, M|100/100
|switch|p2a: Suicune|Suicune|100/100
|-weather|Snowscape|[from] ability: Snow Warning|[of] p1a: Ninetales
|-ability|p2a: Suicune|Pressure
|turn|1
|
|t:|1758239777
|switch|p2a: Jirachi|Jirachi|100/100
|move|p1a: Ninetales|Aurora Veil|p1a: Ninetales
|-sidestart|p1: ArayAlex|move: Aurora Veil
|
|-weather|Snowscape|[upkeep]
|upkeep
|turn|2
|
|t:|1758239794
|switch|p1a: Cloyster|Cloyster, F|100/100
|move|p2a: Jirachi|Thunder Wave|p1a: Cloyster|[miss]
|-miss|p2a: Jirachi|p1a: Cloyster
|
|-weather|Snowscape|[upkeep]
|upkeep
|turn|3
|
|t:|1758239804
|switch|p1a: Iron Treads|Iron Treads|100/100
|-enditem|p1a: Iron Treads|Booster Energy
|-activate|p1a: Iron Treads|ability: Quark Drive|[fromitem]
|-start|p1a: Iron Treads|quarkdrivespe
|move|p2a: Jirachi|Thunder Wave|p1a: Iron Treads
|-immune|p1a: Iron Treads
|
|-weather|Snowscape|[upkeep]
|upkeep
|turn|4
|
|t:|1758239823
|switch|p2a: Hatterene|Hatterene, F|100/100
|move|p1a: Iron Treads|Stealth Rock|p2a: Hatterene
|move|p2a: Hatterene|Stealth Rock|p1a: Iron Treads|[from] ability: Magic Bounce
|-sidestart|p1: ArayAlex|move: Stealth Rock
|
|-weather|Snowscape|[upkeep]
|upkeep
|turn|5
|
|t:|1758239836
|switch|p2a: Moltres|Moltres|100/100
|move|p1a: Iron Treads|Steel Beam|p2a: Moltres
|-resisted|p2a: Moltres
|-damage|p2a: Moltres|77/100
|-damage|p1a: Iron Treads|50/100|[from] steelbeam
|
|-weather|none
|upkeep
|turn|6
|
|t:|1758239851
|switch|p2a: Hatterene|Hatterene, F|100/100
|move|p1a: Iron Treads|Stealth Rock|p2a: Hatterene
|move|p2a: Hatterene|Stealth Rock||[from] ability: Magic Bounce|[still]
|-fail|p2a: Hatterene
|
|upkeep
|turn|7
|
|t:|1758239866
|move|p1a: Iron Treads|Rapid Spin|p2a: Hatterene
|-damage|p2a: Hatterene|91/100
|-boost|p1a: Iron Treads|spe|1
|-sideend|p1: ArayAlex|Stealth Rock|[from] move: Rapid Spin|[of] p1a: Iron Treads
|move|p2a: Hatterene|Calm Mind|p2a: Hatterene
|-boost|p2a: Hatterene|spa|1
|-boost|p2a: Hatterene|spd|1
|
|-heal|p2a: Hatterene|97/100|[from] item: Leftovers
|upkeep
|turn|8
|
|t:|1758239887
|-end|p1a: Iron Treads|Quark Drive|[silent]
|switch|p1a: Cloyster|Cloyster, F|100/100
|move|p2a: Hatterene|Draining Kiss|p1a: Cloyster
|-damage|p1a: Cloyster|61/100
|-heal|p2a: Hatterene|100/100|[from] drain|[of] p1a: Cloyster
|
|-sideend|p1: ArayAlex|move: Aurora Veil
|upkeep
|turn|9
|
|t:|1758239897
|move|p1a: Cloyster|Shell Smash|p1a: Cloyster
|-unboost|p1a: Cloyster|def|1
|-unboost|p1a: Cloyster|spd|1
|-boost|p1a: Cloyster|atk|2
|-boost|p1a: Cloyster|spa|2
|-boost|p1a: Cloyster|spe|2
|move|p2a: Hatterene|Nuzzle|p1a: Cloyster
|-supereffective|p1a: Cloyster
|-damage|p1a: Cloyster|52/100
|-status|p1a: Cloyster|par
|
|upkeep
|turn|10
|
|t:|1758239923
|move|p1a: Cloyster|Icicle Spear|p2a: Hatterene
|-damage|p2a: Hatterene|78/100
|-damage|p2a: Hatterene|55/100
|-damage|p2a: Hatterene|32/100
|-damage|p2a: Hatterene|11/100
|-damage|p2a: Hatterene|0 fnt
|faint|p2a: Hatterene
|-hitcount|p2: Hatterene|5
|
|upkeep
|
|t:|1758239936
|switch|p2a: Jirachi|Jirachi|100/100
|turn|11
|
|t:|1758239942
|move|p2a: Jirachi|Iron Head|p1a: Cloyster
|-damage|p1a: Cloyster|10/100 par
|cant|p1a: Cloyster|flinch
|
|upkeep
|turn|12
|
|t:|1758239950
|cant|p1a: Cloyster|par
|move|p2a: Jirachi|Iron Head|p1a: Cloyster
|-damage|p1a: Cloyster|0 fnt
|faint|p1a: Cloyster
|
|upkeep
|
|t:|1758239960
|switch|p1a: Ninetales|Ninetales-Alola, M|100/100
|-weather|Snowscape|[from] ability: Snow Warning|[of] p1a: Ninetales
|turn|13
|
|t:|1758239965
|move|p2a: Jirachi|Iron Head|p1a: Ninetales
|-supereffective|p1a: Ninetales
|-damage|p1a: Ninetales|0 fnt
|faint|p1a: Ninetales
|
|-weather|Snowscape|[upkeep]
|upkeep
|
|t:|1758239973
|switch|p1a: Ogerpon|Ogerpon-Wellspring, F|100/100
|turn|14
|
|t:|1758240007
|switch|p2a: Moltres|Moltres|77/100
|move|p1a: Ogerpon|Ivy Cudgel|p2a: Moltres|[anim] Ivy Cudgel Water
|-supereffective|p2a: Moltres
|-damage|p2a: Moltres|0 fnt
|faint|p2a: Moltres
|
|-weather|Snowscape|[upkeep]
|upkeep
|
|t:|1758240018
|switch|p2a: Mandibuzz|Mandibuzz, F|100/100
|turn|15
|
|t:|1758240029
|move|p1a: Ogerpon|Play Rough|p2a: Mandibuzz
|-supereffective|p2a: Mandibuzz
|-damage|p2a: Mandibuzz|40/100
|-ability|p2a: Mandibuzz|Weak Armor|boost
|-unboost|p2a: Mandibuzz|def|1
|-boost|p2a: Mandibuzz|spe|2
|move|p2a: Mandibuzz|Substitute|p2a: Mandibuzz
|-start|p2a: Mandibuzz|Substitute
|-damage|p2a: Mandibuzz|15/100
|
|-weather|Snowscape|[upkeep]
|upkeep
|turn|16
|
|t:|1758240041
|move|p2a: Mandibuzz|Roost|p2a: Mandibuzz
|-heal|p2a: Mandibuzz|65/100
|-singleturn|p2a: Mandibuzz|move: Roost
|move|p1a: Ogerpon|Ivy Cudgel|p2a: Mandibuzz|[anim] Ivy Cudgel Water
|-end|p2a: Mandibuzz|Substitute
|
|-weather|Snowscape|[upkeep]
|upkeep
|turn|17
|
|t:|1758240052
|move|p2a: Mandibuzz|Brave Bird|p1a: Ogerpon
|-supereffective|p1a: Ogerpon
|-crit|p1a: Ogerpon
|-damage|p1a: Ogerpon|0 fnt
|faint|p1a: Ogerpon
|-damage|p2a: Mandibuzz|41/100|[from] Recoil
|
|-weather|none
|upkeep
|
|t:|1758240067
|switch|p1a: Polteageist|Polteageist|100/100
|turn|18
|
|t:|1758240079
|-terastallize|p2a: Mandibuzz|Ground
|move|p2a: Mandibuzz|Bone Rush|p1a: Polteageist
|-damage|p1a: Polteageist|88/100
|-start|p2a: Mandibuzz|Disable|Bone Rush|[from] ability: Cursed Body|[of] p1a: Polteageist
|-damage|p1a: Polteageist|78/100
|-damage|p1a: Polteageist|67/100
|-damage|p1a: Polteageist|56/100
|-damage|p1a: Polteageist|45/100
|-hitcount|p1a: Polteageist|5
|move|p1a: Polteageist|Shell Smash|p1a: Polteageist
|-unboost|p1a: Polteageist|def|1
|-unboost|p1a: Polteageist|spd|1
|-boost|p1a: Polteageist|atk|2
|-boost|p1a: Polteageist|spa|2
|-boost|p1a: Polteageist|spe|2
|-enditem|p1a: Polteageist|White Herb
|-clearnegativeboost|p1a: Polteageist|[silent]
|
|upkeep
|turn|19
|
|t:|1758240106
|move|p2a: Mandibuzz|Brave Bird|p1a: Polteageist
|-damage|p1a: Polteageist|0 fnt
|faint|p1a: Polteageist
|-damage|p2a: Mandibuzz|29/100|[from] Recoil
|
|upkeep
|-message|ArayAlex forfeited.
|
|win|Fueled off Salts
|raw|ArayAlex's rating: 1189 &rarr; <strong>1164</strong><br />(-25 for losing)
|raw|Fueled off Salts's rating: 1188 &rarr; <strong>1213</strong><br />(+25 for winning)
|l|☆ArayAlex
|player|p1|
|j|☆ArayAlex
|player|p1|ArayAlex|266|
|l|☆ArayAlex
|player|p1|
