|j|☆bugcatcherweevil
|j|☆eYeek
|t:|1758277659
|gametype|singles
|player|p1|bugcatcherweevil|2|1662
|player|p2|eYeek|lillie-masters|1707
|gen|9
|tier|[Gen 9] OU
|rated|
|rule|HP Percentage Mod: HP is shown in percentages
|rule|Endless Battle Clause: Forcing endless battles is banned
|rule|Species Clause: Limit one of each Pokémon
|rule|OHKO Clause: OHKO moves are banned
|rule|Evasion Items Clause: Evasion items are banned
|rule|Evasion Moves Clause: Evasion moves are banned
|rule|Evasion Abilities Clause: Evasion abilities are banned
|rule|Sleep Moves Clause: Sleep-inducing moves are banned
|clearpoke
|poke|p1|Dragapult, F|
|poke|p1|Glimmora, M|
|poke|p1|Comfey, M|
|poke|p1|Kingambit, F|
|poke|p1|Blaziken, F|
|poke|p1|Ogerpon-Wellspring, F|
|poke|p2|Pelipper, F|
|poke|p2|Hatterene, F|
|poke|p2|Iron Treads|
|poke|p2|Toxicroak, F|
|poke|p2|Barraskewda, F|
|poke|p2|Zapdos|
|teampreview
|inactive|Battle timer is ON: inactive players will automatically lose when time's up. (requested by eYeek)
|inactive|bugcatcherweevil has 120 seconds left.
|
|t:|1758277705
|teamsize|p1|6
|teamsize|p2|6
|start
|switch|p1a: Dragapult|Dragapult, F|100/100
|switch|p2a: Zapdos|Zapdos|100/100
|turn|1
|
|t:|1758277709
|switch|p2a: Pelipper|Pelipper, F|100/100
|-weather|RainDance|[from] ability: Drizzle|[of] p2a: Pelipper
|-terastallize|p1a: Dragapult|Dragon
|move|p1a: Dragapult|Draco Meteor|p2a: Pelipper
|-damage|p2a: Pelipper|18/100
|-unboost|p1a: Dragapult|spa|2
|-damage|p1a: Dragapult|91/100|[from] item: Life Orb
|
|-weather|RainDance|[upkeep]
|upkeep
|turn|2
|c|☆eYeek|woah
|c|☆eYeek|calm your sack
|
|t:|1758277719
|switch|p2a: Iron Treads|Iron Treads|100/100
|move|p1a: Dragapult|Shadow Ball|p2a: Iron Treads
|-damage|p2a: Iron Treads|83/100
|-damage|p1a: Dragapult|81/100|[from] item: Life Orb
|
|-weather|RainDance|[upkeep]
|-heal|p2a: Iron Treads|89/100|[from] item: Leftovers
|upkeep
|turn|3
|
|t:|1758277727
|switch|p1a: Ogerpon|Ogerpon-Wellspring, F|100/100
|move|p2a: Iron Treads|Stealth Rock|p1a: Ogerpon
|-sidestart|p1: bugcatcherweevil|move: Stealth Rock
|
|-weather|RainDance|[upkeep]
|-heal|p2a: Iron Treads|95/100|[from] item: Leftovers
|upkeep
|turn|4
|
|t:|1758277730
|-end|p2a: Iron Treads|Quark Drive|[silent]
|switch|p2a: Toxicroak|Toxicroak, F|100/100
|move|p1a: Ogerpon|Spikes|p2a: Toxicroak
|-sidestart|p2: eYeek|Spikes
|
|-weather|RainDance|[upkeep]
|upkeep
|turn|5
|
|t:|1758277736
|switch|p1a: Glimmora|Glimmora, M|100/100
|-damage|p1a: Glimmora|88/100|[from] Stealth Rock
|move|p2a: Toxicroak|Toxic|p1a: Glimmora
|-immune|p1a: Glimmora
|
|-weather|RainDance|[upkeep]
|upkeep
|turn|6
|
|t:|1758277749
|switch|p2a: Hatterene|Hatterene, F|100/100
|-damage|p2a: Hatterene|88/100|[from] Spikes
|switch|p1a: Blaziken|Blaziken, F|100/100
|-damage|p1a: Blaziken|88/100|[from] Stealth Rock
|
|-weather|RainDance|[upkeep]
|upkeep
|turn|7
|
|t:|1758277758
|switch|p1a: Kingambit|Kingambit, F|100/100
|-damage|p1a: Kingambit|94/100|[from] Stealth Rock
|move|p2a: Hatterene|Nuzzle|p1a: Kingambit
|-damage|p1a: Kingambit|91/100
|-status|p1a: Kingambit|par
|
|-weather|RainDance|[upkeep]
|-heal|p1a: Kingambit|97/100 par|[from] item: Leftovers
|upkeep
|turn|8
|
|t:|1758277766
|switch|p2a: Toxicroak|Toxicroak, F|100/100
|-damage|p2a: Toxicroak|88/100|[from] Spikes
|-end|p1a: Kingambit|fallenundefined|[silent]
|switch|p1a: Ogerpon|Ogerpon-Wellspring, F|100/100
|-damage|p1a: Ogerpon|88/100|[from] Stealth Rock
|
|-weather|none
|upkeep
|turn|9
|
|t:|1758277770
|switch|p1a: Glimmora|Glimmora, M|88/100
|-damage|p1a: Glimmora|76/100|[from] Stealth Rock
|move|p2a: Toxicroak|Knock Off|p1a: Glimmora
|-damage|p1a: Glimmora|60/100
|-activate|p1a: Glimmora|ability: Toxic Debris
|-sidestart|p2: eYeek|move: Toxic Spikes
|-enditem|p1a: Glimmora|Red Card|[from] move: Knock Off|[of] p2a: Toxicroak
|
|upkeep
|turn|10
|
|t:|1758277785
|switch|p2a: Pelipper|Pelipper, F|18/100
|-weather|RainDance|[from] ability: Drizzle|[of] p2a: Pelipper
|move|p1a: Glimmora|Earth Power|p2a: Pelipper
|-immune|p2a: Pelipper
|
|-weather|RainDance|[upkeep]
|upkeep
|turn|11
|
|t:|1758277797
|switch|p1a: Ogerpon|Ogerpon-Wellspring, F|88/100
|-damage|p1a: Ogerpon|76/100|[from] Stealth Rock
|switch|p2a: Iron Treads|Iron Treads|95/100
|-damage|p2a: Iron Treads|83/100|[from] Spikes
|
|-weather|RainDance|[upkeep]
|-heal|p2a: Iron Treads|89/100|[from] item: Leftovers
|upkeep
|turn|12
|
|t:|1758277807
|move|p1a: Ogerpon|U-turn|p2a: Iron Treads
|-resisted|p2a: Iron Treads
|-damage|p2a: Iron Treads|79/100
|
|t:|1758277811
|switch|p1a: Dragapult|Dragapult, F, tera:Dragon|81/100|[from] U-turn
|-damage|p1a: Dragapult|69/100|[from] Stealth Rock
|move|p2a: Iron Treads|Volt Switch|p1a: Dragapult
|-resisted|p1a: Dragapult
|-damage|p1a: Dragapult|61/100
|
|t:|1758277817
|-end|p2a: Iron Treads|Quark Drive|[silent]
|switch|p2a: Toxicroak|Toxicroak, F|88/100|[from] Volt Switch
|-damage|p2a: Toxicroak|76/100|[from] Spikes
|-sideend|p2: eYeek|move: Toxic Spikes|[of] p2a: Toxicroak
|
|-weather|RainDance|[upkeep]
|-heal|p2a: Toxicroak|88/100|[from] ability: Dry Skin
|upkeep
|turn|13
|
|t:|1758277825
|switch|p1a: Glimmora|Glimmora, M|60/100
|-damage|p1a: Glimmora|47/100|[from] Stealth Rock
|switch|p2a: Hatterene|Hatterene, F|88/100
|-damage|p2a: Hatterene|76/100|[from] Spikes
|
|-weather|RainDance|[upkeep]
|upkeep
|turn|14
|
|t:|1758277839
|switch|p1a: Kingambit|Kingambit, F|97/100 par
|-damage|p1a: Kingambit|91/100 par|[from] Stealth Rock
|move|p2a: Hatterene|Psychic Noise|p1a: Kingambit
|-immune|p1a: Kingambit
|
|-weather|RainDance|[upkeep]
|-heal|p1a: Kingambit|97/100 par|[from] item: Leftovers
|upkeep
|turn|15
|
|t:|1758277853
|switch|p2a: Toxicroak|Toxicroak, F|88/100
|-damage|p2a: Toxicroak|76/100|[from] Spikes
|move|p1a: Kingambit|Iron Head|p2a: Toxicroak
|-damage|p2a: Toxicroak|31/100
|-damage|p1a: Kingambit|81/100 par|[from] item: Rocky Helmet|[of] p2a: Toxicroak
|
|-weather|RainDance|[upkeep]
|-heal|p2a: Toxicroak|44/100|[from] ability: Dry Skin
|-heal|p1a: Kingambit|87/100 par|[from] item: Leftovers
|upkeep
|turn|16
|
|t:|1758277867
|-end|p1a: Kingambit|fallenundefined|[silent]
|switch|p1a: Glimmora|Glimmora, M|47/100
|-damage|p1a: Glimmora|35/100|[from] Stealth Rock
|move|p2a: Toxicroak|Drain Punch|p1a: Glimmora
|-damage|p1a: Glimmora|16/100
|-heal|p2a: Toxicroak|53/100|[from] drain|[of] p1a: Glimmora
|-activate|p1a: Glimmora|ability: Toxic Debris
|-sidestart|p2: eYeek|move: Toxic Spikes
|
|-weather|RainDance|[upkeep]
|-heal|p2a: Toxicroak|66/100|[from] ability: Dry Skin
|upkeep
|turn|17
|
|t:|1758277875
|switch|p2a: Zapdos|Zapdos|100/100
|switch|p1a: Comfey|Comfey, M|100/100
|-damage|p1a: Comfey|88/100|[from] Stealth Rock
|
|-weather|none
|upkeep
|turn|18
|
|t:|1758277890
|move|p2a: Zapdos|Volt Switch|p1a: Comfey
|-damage|p1a: Comfey|34/100
|
|t:|1758277894
|switch|p2a: Iron Treads|Iron Treads|79/100|[from] Volt Switch
|-damage|p2a: Iron Treads|67/100|[from] Spikes
|move|p1a: Comfey|Calm Mind|p1a: Comfey
|-boost|p1a: Comfey|spa|1
|-boost|p1a: Comfey|spd|1
|
|-heal|p2a: Iron Treads|73/100|[from] item: Leftovers
|upkeep
|turn|19
|
|t:|1758277904
|move|p1a: Comfey|Draining Kiss|p2a: Iron Treads
|-resisted|p2a: Iron Treads
|-damage|p2a: Iron Treads|56/100
|-heal|p1a: Comfey|50/100|[from] drain|[of] p2a: Iron Treads
|-damage|p1a: Comfey|40/100|[from] item: Life Orb
|move|p2a: Iron Treads|Rapid Spin|p1a: Comfey
|-damage|p1a: Comfey|23/100
|-boost|p2a: Iron Treads|spe|1
|-sideend|p2: eYeek|Spikes|[from] move: Rapid Spin|[of] p2a: Iron Treads
|-sideend|p2: eYeek|Toxic Spikes|[from] move: Rapid Spin|[of] p2a: Iron Treads
|
|-heal|p2a: Iron Treads|62/100|[from] item: Leftovers
|upkeep
|turn|20
|c|☆eYeek|gg
|-message|bugcatcherweevil forfeited.
|
|win|eYeek
|raw|bugcatcherweevil's rating: 1662 &rarr; <strong>1645</strong><br />(-17 for losing)
|raw|eYeek's rating: 1707 &rarr; <strong>1724</strong><br />(+17 for winning)
|l|☆bugcatcherweevil
|player|p1|
|l|☆eYeek
|player|p2|
