|j|☆Januwuary
|j|☆Nickthenickthenick
|t:|1758277034
|gametype|singles
|player|p1|Januwuary|galacticgruntf|1383
|player|p2|Nickthenickthenick|102|1399
|gen|9
|tier|[Gen 9] OU
|rated|
|rule|HP Percentage Mod: HP is shown in percentages
|rule|Endless Battle Clause: Forcing endless battles is banned
|rule|Species Clause: Limit one of each Pokémon
|rule|OHKO Clause: OHKO moves are banned
|rule|Evasion Items Clause: Evasion items are banned
|rule|Evasion Moves Clause: Evasion moves are banned
|rule|Evasion Abilities Clause: Evasion abilities are banned
|rule|Sleep Moves Clause: Sleep-inducing moves are banned
|clearpoke
|poke|p1|Scizor, M|
|poke|p1|Weavile, M|
|poke|p1|Enamorus, F|
|poke|p1|Ogerpon-Wellspring, F|
|poke|p1|Great Tusk|
|poke|p1|Heatran, M|
|poke|p2|Torkoal, F|
|poke|p2|Typhlosion-Hisui, F|
|poke|p2|Venusaur, F|
|poke|p2|Alomomola, F|
|poke|p2|Zapdos|
|poke|p2|Great Tusk|
|teampreview
|
|t:|1758277048
|teamsize|p1|6
|teamsize|p2|6
|start
|switch|p1a: Heatran|Heatran, M|100/100
|switch|p2a: Torkoal|Torkoal, F|100/100
|-weather|SunnyDay|[from] ability: Drought|[of] p2a: Torkoal
|turn|1
|
|t:|1758277054
|move|p1a: Heatran|Stealth Rock|p2a: Torkoal
|-sidestart|p2: Nickthenickthenick|move: Stealth Rock
|move|p2a: Torkoal|Stealth Rock|p1a: Heatran
|-sidestart|p1: Januwuary|move: Stealth Rock
|
|-weather|SunnyDay|[upkeep]
|upkeep
|turn|2
|
|t:|1758277059
|move|p1a: Heatran|Magma Storm|p2a: Torkoal|[miss]
|-miss|p1a: Heatran|p2a: Torkoal
|move|p2a: Torkoal|Rapid Spin|p1a: Heatran
|-resisted|p1a: Heatran
|-damage|p1a: Heatran|97/100
|-boost|p2a: Torkoal|spe|1
|-sideend|p2: Nickthenickthenick|Stealth Rock|[from] move: Rapid Spin|[of] p2a: Torkoal
|
|-weather|SunnyDay|[upkeep]
|-heal|p1a: Heatran|100/100|[from] item: Leftovers
|upkeep
|turn|3
|
|t:|1758277068
|switch|p2a: Alomomola|Alomomola, F|100/100
|move|p1a: Heatran|Stealth Rock|p2a: Alomomola
|-sidestart|p2: Nickthenickthenick|move: Stealth Rock
|
|-weather|SunnyDay|[upkeep]
|upkeep
|turn|4
|
|t:|1758277079
|move|p1a: Heatran|Magma Storm|p2a: Alomomola
|-resisted|p2a: Alomomola
|-damage|p2a: Alomomola|71/100
|-activate|p2a: Alomomola|move: Magma Storm|[of] p1a: Heatran
|move|p2a: Alomomola|Flip Turn|p1a: Heatran
|-supereffective|p1a: Heatran
|-damage|p1a: Heatran|90/100
|-status|p2a: Alomomola|brn|[from] ability: Flame Body|[of] p1a: Heatran
|
|t:|1758277087
|switch|p2a: Great Tusk|Great Tusk|100/100|[from] Flip Turn
|-damage|p2a: Great Tusk|98/100|[from] Stealth Rock
|-activate|p2a: Great Tusk|ability: Protosynthesis
|-start|p2a: Great Tusk|protosynthesisatk
|
|-weather|SunnyDay|[upkeep]
|-heal|p1a: Heatran|96/100|[from] item: Leftovers
|upkeep
|turn|5
|
|t:|1758277100
|switch|p1a: Enamorus|Enamorus, F|100/100
|-damage|p1a: Enamorus|76/100|[from] Stealth Rock
|move|p2a: Great Tusk|Rapid Spin|p1a: Enamorus
|-damage|p1a: Enamorus|38/100
|-boost|p2a: Great Tusk|spe|1
|-sideend|p2: Nickthenickthenick|Stealth Rock|[from] move: Rapid Spin|[of] p2a: Great Tusk
|
|-weather|SunnyDay|[upkeep]
|upkeep
|turn|6
|
|t:|1758277116
|move|p1a: Enamorus|Moonblast|p2a: Great Tusk
|-supereffective|p2a: Great Tusk
|-damage|p2a: Great Tusk|0 fnt
|faint|p2a: Great Tusk
|-end|p2a: Great Tusk|Protosynthesis|[silent]
|
|-weather|SunnyDay|[upkeep]
|upkeep
|
|t:|1758277123
|switch|p2a: Zapdos|Zapdos|100/100
|turn|7
|
|t:|1758277130
|move|p1a: Enamorus|Moonblast|p2a: Zapdos
|-damage|p2a: Zapdos|63/100
|move|p2a: Zapdos|Thunderbolt|p1a: Enamorus
|-supereffective|p1a: Enamorus
|-damage|p1a: Enamorus|0 fnt
|faint|p1a: Enamorus
|
|-weather|SunnyDay|[upkeep]
|upkeep
|
|t:|1758277139
|switch|p1a: Scizor|Scizor, M|100/100
|-damage|p1a: Scizor|88/100|[from] Stealth Rock
|turn|8
|
|t:|1758277148
|move|p2a: Zapdos|Thunder Wave|p1a: Scizor
|-status|p1a: Scizor|par
|move|p1a: Scizor|Defog|p2a: Zapdos
|-unboost|p2a: Zapdos|evasion|1
|-sideend|p1: Januwuary|Stealth Rock|[from] move: Defog|[of] p1a: Scizor
|
|-weather|none
|upkeep
|turn|9
|
|t:|1758277159
|move|p2a: Zapdos|U-turn|p1a: Scizor
|-resisted|p1a: Scizor
|-damage|p1a: Scizor|81/100 par
|
|t:|1758277162
|switch|p2a: Torkoal|Torkoal, F|100/100|[from] U-turn
|-weather|SunnyDay|[from] ability: Drought|[of] p2a: Torkoal
|move|p1a: Scizor|Knock Off|p2a: Torkoal
|-damage|p2a: Torkoal|71/100
|-enditem|p2a: Torkoal|Heat Rock|[from] move: Knock Off|[of] p1a: Scizor
|
|-weather|SunnyDay|[upkeep]
|upkeep
|turn|10
|
|t:|1758277170
|move|p1a: Scizor|U-turn|p2a: Torkoal
|-resisted|p2a: Torkoal
|-damage|p2a: Torkoal|56/100
|
|t:|1758277177
|switch|p1a: Great Tusk|Great Tusk|100/100|[from] U-turn
|-activate|p1a: Great Tusk|ability: Protosynthesis
|-start|p1a: Great Tusk|protosynthesisatk
|move|p2a: Torkoal|Stealth Rock|p1a: Great Tusk
|-sidestart|p1: Januwuary|move: Stealth Rock
|
|-weather|SunnyDay|[upkeep]
|upkeep
|turn|11
|
|t:|1758277188
|switch|p2a: Alomomola|Alomomola, F|100/100 brn
|move|p1a: Great Tusk|Headlong Rush|p2a: Alomomola
|-crit|p2a: Alomomola
|-damage|p2a: Alomomola|19/100 brn
|-unboost|p1a: Great Tusk|def|1
|-unboost|p1a: Great Tusk|spd|1
|
|-weather|SunnyDay|[upkeep]
|-damage|p2a: Alomomola|13/100 brn|[from] brn
|upkeep
|turn|12
|
|t:|1758277197
|move|p1a: Great Tusk|Rapid Spin|p2a: Alomomola
|-damage|p2a: Alomomola|0 fnt
|-boost|p1a: Great Tusk|spe|1
|-sideend|p1: Januwuary|Stealth Rock|[from] move: Rapid Spin|[of] p1a: Great Tusk
|faint|p2a: Alomomola
|
|-weather|SunnyDay|[upkeep]
|upkeep
|
|t:|1758277204
|switch|p2a: Venusaur|Venusaur, F|100/100
|turn|13
|
|t:|1758277213
|-terastallize|p1a: Great Tusk|Fighting
|move|p2a: Venusaur|Giga Drain|p1a: Great Tusk
|-damage|p1a: Great Tusk|4/100
|-damage|p2a: Venusaur|91/100|[from] item: Life Orb
|move|p1a: Great Tusk|Headlong Rush|p2a: Venusaur
|-damage|p2a: Venusaur|0 fnt
|-unboost|p1a: Great Tusk|def|1
|-unboost|p1a: Great Tusk|spd|1
|faint|p2a: Venusaur
|
|-weather|SunnyDay|[upkeep]
|upkeep
|
|t:|1758277231
|switch|p2a: Typhlosion|Typhlosion-Hisui, F|100/100
|turn|14
|
|t:|1758277238
|move|p2a: Typhlosion|Shadow Ball|p1a: Great Tusk
|-damage|p1a: Great Tusk|0 fnt
|faint|p1a: Great Tusk
|-end|p1a: Great Tusk|Protosynthesis|[silent]
|
|-weather|SunnyDay|[upkeep]
|upkeep
|
|t:|1758277255
|switch|p1a: Heatran|Heatran, M|96/100
|turn|15
|
|t:|1758277269
|move|p2a: Typhlosion|Shadow Ball|p1a: Heatran
|-damage|p1a: Heatran|68/100
|move|p1a: Heatran|Earth Power|p2a: Typhlosion
|-supereffective|p2a: Typhlosion
|-damage|p2a: Typhlosion|24/100
|
|-weather|SunnyDay|[upkeep]
|-heal|p1a: Heatran|75/100|[from] item: Leftovers
|upkeep
|turn|16
|
|t:|1758277277
|switch|p2a: Torkoal|Torkoal, F|56/100
|move|p1a: Heatran|Earth Power|p2a: Torkoal
|-supereffective|p2a: Torkoal
|-damage|p2a: Torkoal|8/100
|
|-weather|none
|-heal|p1a: Heatran|81/100|[from] item: Leftovers
|upkeep
|turn|17
|
|t:|1758277285
|move|p1a: Heatran|Earth Power|p2a: Torkoal
|-supereffective|p2a: Torkoal
|-damage|p2a: Torkoal|0 fnt
|faint|p2a: Torkoal
|
|-heal|p1a: Heatran|87/100|[from] item: Leftovers
|upkeep
|
|t:|1758277291
|switch|p2a: Zapdos|Zapdos|63/100
|turn|18
|
|t:|1758277294
|move|p2a: Zapdos|Thunder Wave|p1a: Heatran
|-status|p1a: Heatran|par
|move|p1a: Heatran|Magma Storm|p2a: Zapdos
|-damage|p2a: Zapdos|31/100
|-activate|p2a: Zapdos|move: Magma Storm|[of] p1a: Heatran
|
|-heal|p1a: Heatran|93/100 par|[from] item: Leftovers
|-damage|p2a: Zapdos|18/100|[from] move: Magma Storm|[partiallytrapped]
|upkeep
|turn|19
|
|t:|1758277302
|move|p2a: Zapdos|Thunderbolt|p1a: Heatran
|-damage|p1a: Heatran|70/100 par
|cant|p1a: Heatran|par
|
|-heal|p1a: Heatran|76/100 par|[from] item: Leftovers
|-damage|p2a: Zapdos|6/100|[from] move: Magma Storm|[partiallytrapped]
|upkeep
|turn|20
|
|t:|1758277310
|move|p2a: Zapdos|Thunderbolt|p1a: Heatran
|-damage|p1a: Heatran|49/100 par
|move|p1a: Heatran|Stealth Rock|p2a: Zapdos
|-sidestart|p2: Nickthenickthenick|move: Stealth Rock
|
|-heal|p1a: Heatran|55/100 par|[from] item: Leftovers
|-damage|p2a: Zapdos|0 fnt|[from] move: Magma Storm|[partiallytrapped]
|faint|p2a: Zapdos
|upkeep
|inactive|Battle timer is ON: inactive players will automatically lose when time's up. (requested by Januwuary)
|
|t:|1758277359
|switch|p2a: Typhlosion|Typhlosion-Hisui, F|24/100
|-damage|p2a: Typhlosion|0 fnt|[from] Stealth Rock
|faint|p2a: Typhlosion
|
|win|Januwuary
|raw|Januwuary's rating: 1383 &rarr; <strong>1404</strong><br />(+21 for winning)
|raw|Nickthenickthenick's rating: 1399 &rarr; <strong>1378</strong><br />(-21 for losing)
|c|☆Januwuary|gg
|l|☆Januwuary
|player|p1|
|l|☆Nickthenickthenick
|player|p2|
