|j|☆rmcarmicheal
|j|☆guerrero105
|t:|1758252176
|gametype|singles
|player|p1|rmcarmicheal|265|1434
|player|p2|guerrero105|170|1407
|gen|9
|tier|[Gen 9] OU
|rated|
|rule|HP Percentage Mod: HP is shown in percentages
|rule|Endless Battle Clause: Forcing endless battles is banned
|rule|Species Clause: Limit one of each Pokémon
|rule|OHKO Clause: OHKO moves are banned
|rule|Evasion Items Clause: Evasion items are banned
|rule|Evasion Moves Clause: Evasion moves are banned
|rule|Evasion Abilities Clause: Evasion abilities are banned
|rule|Sleep Moves Clause: Sleep-inducing moves are banned
|clearpoke
|poke|p1|Ditto|
|poke|p1|Gliscor, M|
|poke|p1|Blissey, F|
|poke|p1|Toxapex, F|
|poke|p1|Cinderace, M|
|poke|p1|Gholdengo|
|poke|p2|Clodsire, M|
|poke|p2|Mandibuzz, F|
|poke|p2|Sinistcha-Masterpiece|
|poke|p2|Cinderace, M|
|poke|p2|Tauros-Paldea-Aqua, M|
|poke|p2|Tinkaton, F|
|teampreview
|inactive|Battle timer is ON: inactive players will automatically lose when time's up. (requested by rmcarmicheal)
|
|t:|1758252186
|teamsize|p1|6
|teamsize|p2|6
|start
|switch|p1a: Cinderace|Cinderace, M|100/100
|switch|p2a: Tinkaton|Tinkaton, F|100/100
|-ability|p2a: Tinkaton|Mold Breaker
|-item|p2a: Tinkaton|Air Balloon
|turn|1
|
|t:|1758252191
|switch|p2a: Clodsire|Clodsire, M|100/100
|move|p1a: Cinderace|Pyro Ball|p2a: Clodsire
|-damage|p2a: Clodsire|33/100
|
|-heal|p2a: Clodsire|39/100|[from] item: Leftovers
|upkeep
|turn|2
|
|t:|1758252199
|switch|p2a: Tauros|Tauros-Paldea-Aqua, M|100/100
|-ability|p2a: Tauros|Intimidate|boost
|-unboost|p1a: Cinderace|atk|1
|move|p1a: Cinderace|Pyro Ball|p2a: Tauros
|-resisted|p2a: Tauros
|-damage|p2a: Tauros|81/100
|
|-heal|p2a: Tauros|88/100|[from] item: Leftovers
|upkeep
|turn|3
|
|t:|1758252210
|move|p1a: Cinderace|Will-O-Wisp|p2a: Tauros|[miss]
|-miss|p1a: Cinderace|p2a: Tauros
|move|p2a: Tauros|Bulk Up|p2a: Tauros
|-boost|p2a: Tauros|atk|1
|-boost|p2a: Tauros|def|1
|
|-heal|p2a: Tauros|94/100|[from] item: Leftovers
|upkeep
|turn|4
|
|t:|1758252213
|move|p1a: Cinderace|Will-O-Wisp|p2a: Tauros
|-status|p2a: Tauros|brn
|move|p2a: Tauros|Wave Crash|p1a: Cinderace
|-supereffective|p1a: Cinderace
|-damage|p1a: Cinderace|0 fnt
|faint|p1a: Cinderace
|-damage|p2a: Tauros|64/100 brn|[from] Recoil
|
|-heal|p2a: Tauros|70/100 brn|[from] item: Leftovers
|-damage|p2a: Tauros|64/100 brn|[from] brn
|upkeep
|
|t:|1758252216
|switch|p1a: Ditto|Ditto|100/100
|-transform|p1a: Ditto|p2a: Tauros|[from] ability: Imposter
|-ability|p1a: Ditto|Intimidate|boost
|-unboost|p2a: Tauros|atk|1
|turn|5
|
|t:|1758252230
|move|p1a: Ditto|Trailblaze|p2a: Tauros
|-supereffective|p2a: Tauros
|-damage|p2a: Tauros|39/100 brn
|-boost|p1a: Ditto|spe|1
|move|p2a: Tauros|Trailblaze|p1a: Ditto
|-supereffective|p1a: Ditto
|-damage|p1a: Ditto|90/100
|-boost|p2a: Tauros|spe|1
|
|-heal|p2a: Tauros|45/100 brn|[from] item: Leftovers
|-damage|p2a: Tauros|39/100 brn|[from] brn
|upkeep
|turn|6
|
|t:|1758252237
|switch|p2a: Mandibuzz|Mandibuzz, F|100/100
|move|p1a: Ditto|Trailblaze|p2a: Mandibuzz
|-resisted|p2a: Mandibuzz
|-crit|p2a: Mandibuzz
|-damage|p2a: Mandibuzz|92/100
|-boost|p1a: Ditto|spe|1
|
|upkeep
|turn|7
|l|☆rmcarmicheal
|inactive|rmcarmicheal disconnected and has a minute to reconnect!
|player|p1|
|j|☆rmcarmicheal
|inactive|rmcarmicheal reconnected and has 120 seconds left.
|player|p1|rmcarmicheal|265|
|l|☆rmcarmicheal
|inactive|rmcarmicheal disconnected and has a minute to reconnect!
|player|p1|
|inactive|rmcarmicheal has 30 seconds to reconnect!
|inactive|rmcarmicheal has 20 seconds to reconnect!
|inactive|rmcarmicheal has 15 seconds to reconnect!
|inactive|rmcarmicheal has 10 seconds to reconnect!
|inactive|rmcarmicheal has 5 seconds to reconnect!
|-message|rmcarmicheal lost due to inactivity.
|
|win|guerrero105
|raw|rmcarmicheal's rating: 1414 &rarr; <strong>1394</strong><br />(-20 for losing)
|raw|guerrero105's rating: 1407 &rarr; <strong>1427</strong><br />(+20 for winning)
|l|☆guerrero105
|player|p2|
