|j|☆snoppp
|j|☆Chris466
|t:|1758346176
|gametype|singles
|player|p1|snoppp|bruno|1317
|player|p2|Chris466|red|1339
|gen|9
|tier|[Gen 9] OU
|rated|
|rule|HP Percentage Mod: HP is shown in percentages
|rule|Endless Battle Clause: Forcing endless battles is banned
|rule|Species Clause: Limit one of each Pokémon
|rule|OHKO Clause: OHKO moves are banned
|rule|Evasion Items Clause: Evasion items are banned
|rule|Evasion Moves Clause: Evasion moves are banned
|rule|Evasion Abilities Clause: Evasion abilities are banned
|rule|Sleep Moves Clause: Sleep-inducing moves are banned
|clearpoke
|poke|p1|Serperior, M|
|poke|p1|Araquanid, M|
|poke|p1|Great Tusk|
|poke|p1|Pecharunt|
|poke|p1|Garganacl, F|
|poke|p1|Iron Moth|
|poke|p2|Iron Moth|
|poke|p2|Iron Hands|
|poke|p2|Kyurem|
|poke|p2|Gholdengo|
|poke|p2|Gliscor, F|
|poke|p2|Samurott-Hisui, M|
|teampreview
|
|t:|1758346187
|teamsize|p1|6
|teamsize|p2|6
|start
|switch|p1a: Araquanid|Araquanid, M|100/100
|switch|p2a: Kyurem|Kyurem|100/100
|-ability|p2a: Kyurem|Pressure
|turn|1
|
|t:|1758346191
|move|p2a: Kyurem|Freeze-Dry|p1a: Araquanid
|-supereffective|p1a: Araquanid
|-damage|p1a: Araquanid|58/100
|move|p1a: Araquanid|Sticky Web|p2a: Kyurem
|-sidestart|p2: Chris466|move: Sticky Web
|
|upkeep
|turn|2
|
|t:|1758346194
|move|p2a: Kyurem|Scale Shot|p1a: Araquanid
|-damage|p1a: Araquanid|47/100
|-damage|p1a: Araquanid|36/100
|-damage|p1a: Araquanid|24/100
|-damage|p1a: Araquanid|14/100
|-damage|p1a: Araquanid|3/100
|-hitcount|p1a: Araquanid|5
|-unboost|p2a: Kyurem|def|1
|-boost|p2a: Kyurem|spe|1
|move|p1a: Araquanid|Endeavor|p2a: Kyurem
|-damage|p2a: Kyurem|3/100
|
|upkeep
|turn|3
|-enditem|p1a: Araquanid|Custap Berry|[eat]
|-activate|p1a: Araquanid|item: Custap Berry|[consumed]
|
|t:|1758346204
|move|p1a: Araquanid|Surf|p2a: Kyurem
|-resisted|p2a: Kyurem
|-damage|p2a: Kyurem|0 fnt
|faint|p2a: Kyurem
|
|upkeep
|
|t:|1758346208
|switch|p2a: Gliscor|Gliscor, F|100/100
|turn|4
|
|t:|1758346211
|move|p2a: Gliscor|Earthquake|p1a: Araquanid
|-resisted|p1a: Araquanid
|-damage|p1a: Araquanid|0 fnt
|faint|p1a: Araquanid
|
|-status|p2a: Gliscor|tox|[from] item: Toxic Orb
|upkeep
|
|t:|1758346215
|switch|p1a: Serperior|Serperior, M|100/100
|turn|5
|
|t:|1758346217
|move|p1a: Serperior|Substitute|p1a: Serperior
|-start|p1a: Serperior|Substitute
|-damage|p1a: Serperior|76/100
|move|p2a: Gliscor|U-turn|p1a: Serperior
|-supereffective|p1a: Serperior
|-end|p1a: Serperior|Substitute
|
|t:|1758346223
|switch|p2a: Iron Hands|Iron Hands|100/100|[from] U-turn
|-activate|p2a: Iron Hands|move: Sticky Web
|-unboost|p2a: Iron Hands|spe|1
|
|-heal|p1a: Serperior|82/100|[from] item: Leftovers
|upkeep
|turn|6
|
|t:|1758346228
|switch|p1a: Pecharunt|Pecharunt|100/100
|move|p2a: Iron Hands|Ice Punch|p1a: Pecharunt
|-damage|p1a: Pecharunt|83/100
|
|upkeep
|turn|7
|
|t:|1758346232
|move|p1a: Pecharunt|Shadow Ball|p2a: Iron Hands
|-damage|p2a: Iron Hands|87/100
|move|p2a: Iron Hands|Earthquake|p1a: Pecharunt
|-supereffective|p1a: Pecharunt
|-damage|p1a: Pecharunt|31/100
|
|upkeep
|turn|8
|
|t:|1758346238
|move|p1a: Pecharunt|Recover|p1a: Pecharunt
|-heal|p1a: Pecharunt|81/100
|move|p2a: Iron Hands|Earthquake|p1a: Pecharunt
|-supereffective|p1a: Pecharunt
|-damage|p1a: Pecharunt|31/100
|
|upkeep
|turn|9
|
|t:|1758346249
|move|p1a: Pecharunt|Malignant Chain|p2a: Iron Hands
|-damage|p2a: Iron Hands|68/100
|move|p2a: Iron Hands|Earthquake|p1a: Pecharunt
|-supereffective|p1a: Pecharunt
|-crit|p1a: Pecharunt
|-damage|p1a: Pecharunt|0 fnt
|faint|p1a: Pecharunt
|
|upkeep
|
|t:|1758346254
|switch|p1a: Great Tusk|Great Tusk|100/100
|turn|10
|
|t:|1758346266
|-end|p2a: Iron Hands|Quark Drive|[silent]
|switch|p2a: Gliscor|Gliscor, F|100/100 tox
|move|p1a: Great Tusk|Stealth Rock|p2a: Gliscor
|-sidestart|p2: Chris466|move: Stealth Rock
|
|upkeep
|turn|11
|
|t:|1758346270
|move|p1a: Great Tusk|Knock Off|p2a: Gliscor
|-damage|p2a: Gliscor|73/100 tox
|-enditem|p2a: Gliscor|Toxic Orb|[from] move: Knock Off|[of] p1a: Great Tusk
|move|p2a: Gliscor|Stealth Rock|p1a: Great Tusk
|-sidestart|p1: snoppp|move: Stealth Rock
|
|-heal|p2a: Gliscor|85/100 tox|[from] ability: Poison Heal
|upkeep
|turn|12
|
|t:|1758346274
|move|p1a: Great Tusk|Knock Off|p2a: Gliscor
|-damage|p2a: Gliscor|67/100 tox
|move|p2a: Gliscor|Earthquake|p1a: Great Tusk
|-damage|p1a: Great Tusk|78/100
|
|-heal|p2a: Gliscor|79/100 tox|[from] ability: Poison Heal
|upkeep
|turn|13
|
|t:|1758346278
|move|p1a: Great Tusk|Rapid Spin|p2a: Gliscor
|-damage|p2a: Gliscor|66/100 tox
|-boost|p1a: Great Tusk|spe|1
|-sideend|p1: snoppp|Stealth Rock|[from] move: Rapid Spin|[of] p1a: Great Tusk
|move|p2a: Gliscor|Earthquake|p1a: Great Tusk
|-damage|p1a: Great Tusk|53/100
|
|-heal|p2a: Gliscor|78/100 tox|[from] ability: Poison Heal
|upkeep
|turn|14
|
|t:|1758346281
|-end|p1a: Great Tusk|Protosynthesis|[silent]
|switch|p1a: Serperior|Serperior, M|82/100
|move|p2a: Gliscor|Stealth Rock|p1a: Serperior
|-sidestart|p1: snoppp|move: Stealth Rock
|
|-heal|p1a: Serperior|88/100|[from] item: Leftovers
|-heal|p2a: Gliscor|91/100 tox|[from] ability: Poison Heal
|upkeep
|turn|15
|
|t:|1758346285
|move|p1a: Serperior|Leaf Storm|p2a: Gliscor
|-damage|p2a: Gliscor|50/100 tox
|-boost|p1a: Serperior|spa|2
|move|p2a: Gliscor|U-turn|p1a: Serperior
|-supereffective|p1a: Serperior
|-damage|p1a: Serperior|52/100
|
|t:|1758346295
|switch|p2a: Iron Hands|Iron Hands|68/100|[from] U-turn
|-activate|p2a: Iron Hands|move: Sticky Web
|-unboost|p2a: Iron Hands|spe|1
|-damage|p2a: Iron Hands|62/100|[from] Stealth Rock
|
|-heal|p1a: Serperior|59/100|[from] item: Leftovers
|upkeep
|turn|16
|
|t:|1758346299
|move|p1a: Serperior|Leaf Storm|p2a: Iron Hands
|-damage|p2a: Iron Hands|5/100
|-boost|p1a: Serperior|spa|2
|move|p2a: Iron Hands|Ice Punch|p1a: Serperior
|-supereffective|p1a: Serperior
|-damage|p1a: Serperior|0 fnt
|faint|p1a: Serperior
|
|upkeep
|
|t:|1758346304
|switch|p1a: Iron Moth|Iron Moth|100/100
|-damage|p1a: Iron Moth|76/100|[from] Stealth Rock
|-enditem|p1a: Iron Moth|Booster Energy
|-activate|p1a: Iron Moth|ability: Quark Drive|[fromitem]
|-start|p1a: Iron Moth|quarkdrivespa
|turn|17
|
|t:|1758346308
|move|p1a: Iron Moth|Fiery Dance|p2a: Iron Hands
|-damage|p2a: Iron Hands|0 fnt
|faint|p2a: Iron Hands
|-end|p2a: Iron Hands|Quark Drive|[silent]
|
|upkeep
|
|t:|1758346310
|switch|p2a: Samurott|Samurott-Hisui, M|100/100
|-activate|p2a: Samurott|move: Sticky Web
|-unboost|p2a: Samurott|spe|1
|-damage|p2a: Samurott|88/100|[from] Stealth Rock
|turn|18
|
|t:|1758346316
|-terastallize|p1a: Iron Moth|Grass
|-terastallize|p2a: Samurott|Fairy
|move|p1a: Iron Moth|Energy Ball|p2a: Samurott
|-damage|p2a: Samurott|25/100
|move|p2a: Samurott|Ceaseless Edge|p1a: Iron Moth
|-damage|p1a: Iron Moth|10/100
|-sidestart|p1: snoppp|Spikes
|
|-heal|p2a: Samurott|31/100|[from] item: Leftovers
|upkeep
|turn|19
|
|t:|1758346322
|move|p2a: Samurott|Aqua Jet|p1a: Iron Moth
|-resisted|p1a: Iron Moth
|-damage|p1a: Iron Moth|0 fnt
|faint|p1a: Iron Moth
|-end|p1a: Iron Moth|Quark Drive|[silent]
|
|-heal|p2a: Samurott|38/100|[from] item: Leftovers
|upkeep
|
|t:|1758346326
|switch|p1a: Garganacl|Garganacl, F|100/100
|-damage|p1a: Garganacl|88/100|[from] Stealth Rock
|-damage|p1a: Garganacl|76/100|[from] Spikes
|turn|20
|
|t:|1758346330
|move|p2a: Samurott|Sacred Sword|p1a: Garganacl
|-supereffective|p1a: Garganacl
|-damage|p1a: Garganacl|34/100
|move|p1a: Garganacl|Salt Cure|p2a: Samurott
|-damage|p2a: Samurott|23/100
|-start|p2a: Samurott|Salt Cure
|
|-heal|p2a: Samurott|29/100|[from] item: Leftovers
|-heal|p1a: Garganacl|40/100|[from] item: Leftovers
|-damage|p2a: Samurott|16/100|[from] Salt Cure
|upkeep
|turn|21
|
|t:|1758346335
|move|p2a: Samurott|Sacred Sword|p1a: Garganacl
|-supereffective|p1a: Garganacl
|-damage|p1a: Garganacl|0 fnt
|faint|p1a: Garganacl
|
|-heal|p2a: Samurott|23/100|[from] item: Leftovers
|-damage|p2a: Samurott|10/100|[from] Salt Cure
|upkeep
|
|t:|1758346338
|switch|p1a: Great Tusk|Great Tusk|53/100
|turn|22
|
|t:|1758346343
|move|p2a: Samurott|Aqua Jet|p1a: Great Tusk
|-supereffective|p1a: Great Tusk
|-damage|p1a: Great Tusk|29/100
|move|p1a: Great Tusk|Rapid Spin|p2a: Samurott
|-damage|p2a: Samurott|0 fnt
|-boost|p1a: Great Tusk|spe|1
|-sideend|p1: snoppp|Spikes|[from] move: Rapid Spin|[of] p1a: Great Tusk
|-sideend|p1: snoppp|Stealth Rock|[from] move: Rapid Spin|[of] p1a: Great Tusk
|faint|p2a: Samurott
|
|upkeep
|
|t:|1758346344
|switch|p2a: Gholdengo|Gholdengo|100/100
|-damage|p2a: Gholdengo|94/100|[from] Stealth Rock
|-item|p2a: Gholdengo|Air Balloon
|turn|23
|
|t:|1758346347
|move|p1a: Great Tusk|Knock Off|p2a: Gholdengo
|-supereffective|p2a: Gholdengo
|-damage|p2a: Gholdengo|44/100
|-enditem|p2a: Gholdengo|Air Balloon
|move|p2a: Gholdengo|Make It Rain|p1a: Great Tusk
|-damage|p1a: Great Tusk|0 fnt
|-unboost|p2a: Gholdengo|spa|1
|faint|p1a: Great Tusk
|-end|p1a: Great Tusk|Protosynthesis|[silent]
|
|win|Chris466
|raw|snoppp's rating: 1317 &rarr; <strong>1298</strong><br />(-19 for losing)
|raw|Chris466's rating: 1339 &rarr; <strong>1358</strong><br />(+19 for winning)
|l|☆snoppp
|player|p1|
