|j|☆yanyee
|j|☆Caesar nivis
|t:|1758289371
|gametype|singles
|player|p1|yanyee|janine|1321
|player|p2|Caesar nivis|lance|1358
|gen|9
|tier|[Gen 9] OU
|rated|
|rule|HP Percentage Mod: HP is shown in percentages
|rule|Endless Battle Clause: Forcing endless battles is banned
|rule|Species Clause: Limit one of each Pokémon
|rule|OHKO Clause: OHKO moves are banned
|rule|Evasion Items Clause: Evasion items are banned
|rule|Evasion Moves Clause: Evasion moves are banned
|rule|Evasion Abilities Clause: Evasion abilities are banned
|rule|Sleep Moves Clause: Sleep-inducing moves are banned
|clearpoke
|poke|p1|Quagsire, F|
|poke|p1|Corviknight, F|
|poke|p1|Clodsire, F|
|poke|p1|Slowking, F|
|poke|p1|Noivern, F|
|poke|p1|Meowscarada, M|
|poke|p2|Ninetales-Alola, M|
|poke|p2|Ursaluna, F|
|poke|p2|Moltres-Galar|
|poke|p2|Iron Treads|
|poke|p2|Glastrier|
|poke|p2|Dondozo, M|
|teampreview
|inactive|Battle timer is ON: inactive players will automatically lose when time's up. (requested by Caesar nivis)
|
|t:|1758289382
|teamsize|p1|6
|teamsize|p2|6
|start
|switch|p1a: Noivern|Noivern, F|100/100
|switch|p2a: Ninetales|Ninetales-Alola, M|100/100
|-item|p2a: Ninetales|Light Clay|[from] ability: Frisk|[of] p1a: Noivern
|-weather|Snowscape|[from] ability: Snow Warning|[of] p2a: Ninetales
|turn|1
|
|t:|1758289387
|switch|p2a: Iron Treads|Iron Treads|100/100
|-terastallize|p1a: Noivern|Normal
|move|p1a: Noivern|Boomburst|p2a: Iron Treads
|-resisted|p2a: Iron Treads
|-damage|p2a: Iron Treads|36/100
|
|-weather|Snowscape|[upkeep]
|upkeep
|turn|2
|
|t:|1758289392
|move|p1a: Noivern|Boomburst|p2a: Iron Treads
|-resisted|p2a: Iron Treads
|-damage|p2a: Iron Treads|0 fnt
|faint|p2a: Iron Treads
|-end|p2a: Iron Treads|Quark Drive|[silent]
|
|-weather|Snowscape|[upkeep]
|upkeep
|
|t:|1758289394
|switch|p2a: Glastrier|Glastrier|100/100
|turn|3
|
|t:|1758289403
|move|p1a: Noivern|Boomburst|p2a: Glastrier
|-damage|p2a: Glastrier|50/100
|move|p2a: Glastrier|Avalanche|p1a: Noivern
|-damage|p1a: Noivern|7/100
|
|-weather|Snowscape|[upkeep]
|upkeep
|turn|4
|
|t:|1758289407
|move|p1a: Noivern|Boomburst|p2a: Glastrier
|-damage|p2a: Glastrier|4/100
|move|p2a: Glastrier|Avalanche|p1a: Noivern
|-damage|p1a: Noivern|0 fnt
|faint|p1a: Noivern
|-ability|p2a: Glastrier|Chilling Neigh|boost
|-boost|p2a: Glastrier|atk|1
|
|-weather|Snowscape|[upkeep]
|upkeep
|
|t:|1758289410
|switch|p1a: Meowscarada|Meowscarada, M|100/100
|turn|5
|
|t:|1758289413
|move|p1a: Meowscarada|Knock Off|p2a: Glastrier
|-start|p1a: Meowscarada|typechange|Dark|[from] ability: Protean
|-damage|p2a: Glastrier|0 fnt
|-enditem|p2a: Glastrier|Assault Vest|[from] move: Knock Off|[of] p1a: Meowscarada
|faint|p2a: Glastrier
|
|-weather|none
|upkeep
|
|t:|1758289415
|switch|p2a: Dondozo|Dondozo, M|100/100
|turn|6
|
|t:|1758289437
|switch|p1a: Corviknight|Corviknight, F|100/100
|move|p2a: Dondozo|Body Press|p1a: Corviknight
|-damage|p1a: Corviknight|84/100
|-damage|p2a: Dondozo|84/100|[from] item: Rocky Helmet|[of] p1a: Corviknight
|
|-heal|p2a: Dondozo|90/100|[from] item: Leftovers
|upkeep
|turn|7
|
|t:|1758289445
|move|p1a: Corviknight|U-turn|p2a: Dondozo
|-damage|p2a: Dondozo|84/100
|inactive|yanyee has 120 seconds left.
|
|t:|1758289477
|switch|p1a: Meowscarada|Meowscarada, M|100/100|[from] U-turn
|move|p2a: Dondozo|Curse|p2a: Dondozo
|-unboost|p2a: Dondozo|spe|1
|-boost|p2a: Dondozo|atk|1
|-boost|p2a: Dondozo|def|1
|
|-heal|p2a: Dondozo|90/100|[from] item: Leftovers
|upkeep
|turn|8
|
|t:|1758289481
|switch|p2a: Ninetales|Ninetales-Alola, M|100/100
|-weather|Snowscape|[from] ability: Snow Warning|[of] p2a: Ninetales
|move|p1a: Meowscarada|Flower Trick|p2a: Ninetales
|-start|p1a: Meowscarada|typechange|Grass|[from] ability: Protean
|-crit|p2a: Ninetales
|-damage|p2a: Ninetales|26/100
|
|-weather|Snowscape|[upkeep]
|upkeep
|turn|9
|inactive|yanyee has 120 seconds left.
|
|t:|1758289497
|move|p1a: Meowscarada|Flower Trick|p2a: Ninetales
|-crit|p2a: Ninetales
|-damage|p2a: Ninetales|0 fnt
|faint|p2a: Ninetales
|
|-weather|Snowscape|[upkeep]
|upkeep
|
|t:|1758289500
|switch|p2a: Moltres|Moltres-Galar|100/100
|turn|10
|
|t:|1758289508
|switch|p1a: Clodsire|Clodsire, F|100/100
|switch|p2a: Ursaluna|Ursaluna, F|100/100
|
|-weather|Snowscape|[upkeep]
|-status|p2a: Ursaluna|brn|[from] item: Flame Orb
|upkeep
|turn|11
|inactive|yanyee has 120 seconds left.
|
|t:|1758289538
|switch|p1a: Corviknight|Corviknight, F|84/100
|move|p2a: Ursaluna|Facade|p1a: Corviknight
|-resisted|p1a: Corviknight
|-damage|p1a: Corviknight|45/100
|-damage|p2a: Ursaluna|84/100 brn|[from] item: Rocky Helmet|[of] p1a: Corviknight
|
|-weather|Snowscape|[upkeep]
|-damage|p2a: Ursaluna|78/100 brn|[from] brn
|upkeep
|turn|12
|
|t:|1758289541
|-terastallize|p2a: Ursaluna|Normal
|move|p2a: Ursaluna|Facade|p1a: Corviknight
|-resisted|p1a: Corviknight
|-damage|p1a: Corviknight|0 fnt
|-damage|p2a: Ursaluna|61/100 brn|[from] item: Rocky Helmet|[of] p1a: Corviknight
|faint|p1a: Corviknight
|
|-weather|none
|-damage|p2a: Ursaluna|55/100 brn|[from] brn
|upkeep
|
|t:|1758289546
|switch|p1a: Meowscarada|Meowscarada, M|100/100
|turn|13
|
|t:|1758289549
|move|p1a: Meowscarada|Flower Trick|p2a: Ursaluna
|-start|p1a: Meowscarada|typechange|Grass|[from] ability: Protean
|-crit|p2a: Ursaluna
|-damage|p2a: Ursaluna|2/100 brn
|move|p2a: Ursaluna|Facade|p1a: Meowscarada
|-damage|p1a: Meowscarada|0 fnt
|faint|p1a: Meowscarada
|
|-damage|p2a: Ursaluna|0 fnt|[from] brn
|faint|p2a: Ursaluna
|upkeep
|
|t:|1758289562
|switch|p1a: Slowking|Slowking, F|100/100
|switch|p2a: Moltres|Moltres-Galar|100/100
|turn|14
|
|t:|1758289565
|move|p2a: Moltres|Fiery Wrath|p1a: Slowking
|-supereffective|p1a: Slowking
|-damage|p1a: Slowking|49/100
|cant|p1a: Slowking|flinch
|
|upkeep
|turn|15
|
|t:|1758289569
|switch|p1a: Clodsire|Clodsire, F|100/100
|move|p2a: Moltres|Fiery Wrath|p1a: Clodsire
|-damage|p1a: Clodsire|77/100
|
|upkeep
|turn|16
|
|t:|1758289572
|move|p2a: Moltres|Fiery Wrath|p1a: Clodsire
|-damage|p1a: Clodsire|53/100
|move|p1a: Clodsire|Toxic|p2a: Moltres
|-status|p2a: Moltres|tox
|
|-damage|p2a: Moltres|94/100 tox|[from] psn
|upkeep
|turn|17
|
|t:|1758289584
|switch|p2a: Dondozo|Dondozo, M|90/100
|move|p1a: Clodsire|Recover|p1a: Clodsire
|-heal|p1a: Clodsire|100/100
|
|-heal|p2a: Dondozo|96/100|[from] item: Leftovers
|upkeep
|turn|18
|
|t:|1758289589
|move|p2a: Dondozo|Curse|p2a: Dondozo
|-unboost|p2a: Dondozo|spe|1
|-boost|p2a: Dondozo|atk|1
|-boost|p2a: Dondozo|def|1
|move|p1a: Clodsire|Toxic|p2a: Dondozo
|-status|p2a: Dondozo|tox
|
|-heal|p2a: Dondozo|100/100 tox|[from] item: Leftovers
|-damage|p2a: Dondozo|94/100 tox|[from] psn
|upkeep
|turn|19
|
|t:|1758289592
|move|p1a: Clodsire|Trailblaze|p2a: Dondozo
|-supereffective|p2a: Dondozo
|-damage|p2a: Dondozo|86/100 tox
|-boost|p1a: Clodsire|spe|1
|move|p2a: Dondozo|Curse|p2a: Dondozo
|-unboost|p2a: Dondozo|spe|1
|-boost|p2a: Dondozo|atk|1
|-boost|p2a: Dondozo|def|1
|
|-heal|p2a: Dondozo|92/100 tox|[from] item: Leftovers
|-damage|p2a: Dondozo|80/100 tox|[from] psn
|upkeep
|turn|20
|
|t:|1758289597
|move|p1a: Clodsire|Trailblaze|p2a: Dondozo
|-supereffective|p2a: Dondozo
|-damage|p2a: Dondozo|71/100 tox
|-boost|p1a: Clodsire|spe|1
|move|p2a: Dondozo|Curse|p2a: Dondozo
|-unboost|p2a: Dondozo|spe|1
|-boost|p2a: Dondozo|atk|1
|-boost|p2a: Dondozo|def|1
|
|-heal|p2a: Dondozo|77/100 tox|[from] item: Leftovers
|-damage|p2a: Dondozo|59/100 tox|[from] psn
|upkeep
|turn|21
|
|t:|1758289602
|move|p1a: Clodsire|Trailblaze|p2a: Dondozo
|-supereffective|p2a: Dondozo
|-damage|p2a: Dondozo|50/100 tox
|-boost|p1a: Clodsire|spe|1
|move|p2a: Dondozo|Curse|p2a: Dondozo
|-unboost|p2a: Dondozo|spe|1
|-boost|p2a: Dondozo|atk|1
|-boost|p2a: Dondozo|def|1
|
|-heal|p2a: Dondozo|56/100 tox|[from] item: Leftovers
|-damage|p2a: Dondozo|32/100 tox|[from] psn
|upkeep
|turn|22
|
|t:|1758289609
|move|p1a: Clodsire|Trailblaze|p2a: Dondozo
|-supereffective|p2a: Dondozo
|-damage|p2a: Dondozo|24/100 tox
|-boost|p1a: Clodsire|spe|1
|move|p2a: Dondozo|Rest|p2a: Dondozo
|-status|p2a: Dondozo|slp|[from] move: Rest
|-heal|p2a: Dondozo|100/100 slp|[silent]
|
|upkeep
|turn|23
|
|t:|1758289622
|switch|p1a: Slowking|Slowking, F|82/100
|cant|p2a: Dondozo|slp
|
|upkeep
|turn|24
|
|t:|1758289625
|move|p1a: Slowking|Future Sight|p2a: Dondozo
|-start|p1a: Slowking|move: Future Sight
|cant|p2a: Dondozo|slp
|
|upkeep
|turn|25
|
|t:|1758289628
|-prepare|p1a: Slowking|Chilly Reception|[premajor]
|move|p1a: Slowking|Chilly Reception|p1a: Slowking
|-weather|Snowscape
|
|t:|1758289631
|switch|p1a: Clodsire|Clodsire, F|100/100|[from] Chilly Reception
|-curestatus|p2a: Dondozo|slp|[msg]
|move|p2a: Dondozo|Crunch|p1a: Clodsire
|-damage|p1a: Clodsire|83/100
|
|-weather|Snowscape|[upkeep]
|upkeep
|turn|26
|
|t:|1758289637
|move|p1a: Clodsire|Toxic|p2a: Dondozo
|-status|p2a: Dondozo|tox
|move|p2a: Dondozo|Crunch|p1a: Clodsire
|-damage|p1a: Clodsire|65/100
|-unboost|p1a: Clodsire|def|1
|
|-weather|Snowscape|[upkeep]
|-end|p2a: Dondozo|move: Future Sight
|-damage|p2a: Dondozo|59/100 tox
|-heal|p2a: Dondozo|65/100 tox|[from] item: Leftovers
|-damage|p2a: Dondozo|59/100 tox|[from] psn
|upkeep
|turn|27
|
|t:|1758289647
|move|p1a: Clodsire|Recover|p1a: Clodsire
|-heal|p1a: Clodsire|100/100
|move|p2a: Dondozo|Crunch|p1a: Clodsire
|-damage|p1a: Clodsire|83/100
|
|-weather|Snowscape|[upkeep]
|-heal|p2a: Dondozo|65/100 tox|[from] item: Leftovers
|-damage|p2a: Dondozo|53/100 tox|[from] psn
|upkeep
|turn|28
|
|t:|1758289653
|move|p1a: Clodsire|Earthquake|p2a: Dondozo
|-damage|p2a: Dondozo|40/100 tox
|move|p2a: Dondozo|Curse|p2a: Dondozo
|-unboost|p2a: Dondozo|spe|1
|-boost|p2a: Dondozo|atk|1
|-boost|p2a: Dondozo|def|1
|
|-weather|Snowscape|[upkeep]
|-heal|p2a: Dondozo|46/100 tox|[from] item: Leftovers
|-damage|p2a: Dondozo|28/100 tox|[from] psn
|upkeep
|turn|29
|
|t:|1758289662
|move|p1a: Clodsire|Earthquake|p2a: Dondozo
|-damage|p2a: Dondozo|16/100 tox
|move|p2a: Dondozo|Rest|p2a: Dondozo
|-status|p2a: Dondozo|slp|[from] move: Rest
|-heal|p2a: Dondozo|100/100 slp|[silent]
|
|-weather|none
|upkeep
|turn|30
|inactive|yanyee has 120 seconds left.
|
|t:|1758289708
|switch|p1a: Slowking|Slowking, F|100/100
|cant|p2a: Dondozo|slp
|
|upkeep
|turn|31
|
|t:|1758289713
|move|p1a: Slowking|Future Sight|p2a: Dondozo
|-start|p1a: Slowking|move: Future Sight
|cant|p2a: Dondozo|slp
|
|upkeep
|turn|32
|inactive|yanyee has 120 seconds left.
|
|t:|1758289737
|move|p1a: Slowking|Scald|p2a: Dondozo
|-resisted|p2a: Dondozo
|-damage|p2a: Dondozo|88/100 slp
|-curestatus|p2a: Dondozo|slp|[msg]
|move|p2a: Dondozo|Crunch|p1a: Slowking
|-supereffective|p1a: Slowking
|-damage|p1a: Slowking|0 fnt
|faint|p1a: Slowking
|
|-heal|p2a: Dondozo|94/100|[from] item: Leftovers
|upkeep
|-message|yanyee forfeited.
|
|win|Caesar nivis
|raw|yanyee's rating: 1301 &rarr; <strong>1284</strong><br />(-17 for losing)
|raw|Caesar nivis's rating: 1358 &rarr; <strong>1375</strong><br />(+17 for winning)
|l|☆yanyee
|player|p1|
|l|☆Caesar nivis
|player|p2|
