|j|☆michelangelo1717
|j|☆I am a chinese.
|t:|1758294331
|gametype|singles
|player|p1|michelangelo1717|cynthia-gen4|1131
|player|p2|I am a chinese.|maid|1141
|gen|9
|tier|[Gen 9] OU
|rated|
|rule|HP Percentage Mod: HP is shown in percentages
|rule|Endless Battle Clause: Forcing endless battles is banned
|rule|Species Clause: Limit one of each Pokémon
|rule|OHKO Clause: OHKO moves are banned
|rule|Evasion Items Clause: Evasion items are banned
|rule|Evasion Moves Clause: Evasion moves are banned
|rule|Evasion Abilities Clause: Evasion abilities are banned
|rule|Sleep Moves Clause: Sleep-inducing moves are banned
|clearpoke
|poke|p1|Pelipper, M|
|poke|p1|Barraskewda, M|
|poke|p1|Qwilfish, M|
|poke|p1|Overqwil, F|
|poke|p1|Ludicolo, M|
|poke|p1|Politoed, F|
|poke|p2|Porygon-Z|
|poke|p2|Araquanid, M|
|poke|p2|Lokix, M|
|poke|p2|Skeledirge, M|
|poke|p2|Ogerpon-Wellspring, F|
|poke|p2|Dragapult, M|
|teampreview
|inactive|Battle timer is ON: inactive players will automatically lose when time's up. (requested by michelangelo1717)
|
|t:|1758294342
|teamsize|p1|6
|teamsize|p2|6
|start
|switch|p1a: Pelipper|Pelipper, M|100/100
|switch|p2a: Araquanid|Araquanid, M|100/100
|-weather|RainDance|[from] ability: Drizzle|[of] p1a: Pelipper
|turn|1
|
|t:|1758294347
|move|p1a: Pelipper|Hurricane|p2a: Araquanid
|-supereffective|p2a: Araquanid
|-damage|p2a: Araquanid|35/100
|-start|p2a: Araquanid|confusion
|-activate|p2a: Araquanid|confusion
|-damage|p2a: Araquanid|28/100|[from] confusion
|
|-weather|RainDance|[upkeep]
|upkeep
|turn|2
|
|t:|1758294355
|move|p1a: Pelipper|Hurricane|p2a: Araquanid
|-supereffective|p2a: Araquanid
|-damage|p2a: Araquanid|0 fnt
|faint|p2a: Araquanid
|
|-weather|RainDance|[upkeep]
|upkeep
|
|t:|1758294357
|switch|p2a: Porygon-Z|Porygon-Z|100/100
|turn|3
|
|t:|1758294360
|move|p2a: Porygon-Z|Thunderbolt|p1a: Pelipper
|-supereffective|p1a: Pelipper
|-crit|p1a: Pelipper
|-damage|p1a: Pelipper|0 fnt
|faint|p1a: Pelipper
|
|-weather|RainDance|[upkeep]
|upkeep
|
|t:|1758294362
|switch|p1a: Barraskewda|Barraskewda, M|100/100
|turn|4
|
|t:|1758294366
|switch|p2a: Ogerpon|Ogerpon-Wellspring, F|100/100
|move|p1a: Barraskewda|Close Combat|p2a: Ogerpon
|-damage|p2a: Ogerpon|20/100
|-unboost|p1a: Barraskewda|def|1
|-unboost|p1a: Barraskewda|spd|1
|
|-weather|RainDance|[upkeep]
|upkeep
|turn|5
|
|t:|1758294389
|move|p1a: Barraskewda|Close Combat|p2a: Ogerpon
|-damage|p2a: Ogerpon|0 fnt
|-unboost|p1a: Barraskewda|def|1
|-unboost|p1a: Barraskewda|spd|1
|faint|p2a: Ogerpon
|
|-weather|RainDance|[upkeep]
|upkeep
|
|t:|1758294392
|switch|p2a: Dragapult|Dragapult, M|100/100
|turn|6
|
|t:|1758294399
|switch|p1a: Qwilfish|Qwilfish, M|100/100
|move|p2a: Dragapult|Substitute|p2a: Dragapult
|-start|p2a: Dragapult|Substitute
|-damage|p2a: Dragapult|76/100
|
|-weather|RainDance|[upkeep]
|-heal|p2a: Dragapult|82/100|[from] item: Leftovers
|upkeep
|turn|7
|
|t:|1758294405
|move|p1a: Qwilfish|Throat Chop|p2a: Dragapult
|-supereffective|p2a: Dragapult
|-end|p2a: Dragapult|Substitute
|-damage|p1a: Qwilfish|91/100|[from] item: Life Orb
|move|p2a: Dragapult|Dragon Dance|p2a: Dragapult
|-boost|p2a: Dragapult|atk|1
|-boost|p2a: Dragapult|spe|1
|
|-weather|RainDance|[upkeep]
|-heal|p2a: Dragapult|88/100|[from] item: Leftovers
|upkeep
|turn|8
|
|t:|1758294410
|move|p2a: Dragapult|Substitute|p2a: Dragapult
|-start|p2a: Dragapult|Substitute
|-damage|p2a: Dragapult|63/100
|move|p1a: Qwilfish|Throat Chop|p2a: Dragapult
|-supereffective|p2a: Dragapult
|-end|p2a: Dragapult|Substitute
|-damage|p1a: Qwilfish|81/100|[from] item: Life Orb
|
|-weather|none
|-heal|p2a: Dragapult|69/100|[from] item: Leftovers
|upkeep
|turn|9
|
|t:|1758294418
|move|p2a: Dragapult|Substitute|p2a: Dragapult
|-start|p2a: Dragapult|Substitute
|-damage|p2a: Dragapult|44/100
|move|p1a: Qwilfish|Throat Chop|p2a: Dragapult
|-supereffective|p2a: Dragapult
|-end|p2a: Dragapult|Substitute
|-damage|p1a: Qwilfish|71/100|[from] item: Life Orb
|
|-heal|p2a: Dragapult|50/100|[from] item: Leftovers
|upkeep
|turn|10
|
|t:|1758294429
|move|p2a: Dragapult|Dragon Darts|p1a: Qwilfish
|-damage|p1a: Qwilfish|16/100
|-anim|p2a: Dragapult|Dragon Darts|p1a: Qwilfish
|-damage|p1a: Qwilfish|0 fnt
|faint|p1a: Qwilfish
|
|-heal|p2a: Dragapult|56/100|[from] item: Leftovers
|upkeep
|
|t:|1758294433
|switch|p1a: Politoed|Politoed, F|100/100
|-weather|RainDance|[from] ability: Drizzle|[of] p1a: Politoed
|turn|11
|
|t:|1758294441
|move|p2a: Dragapult|Substitute|p2a: Dragapult
|-start|p2a: Dragapult|Substitute
|-damage|p2a: Dragapult|31/100
|move|p1a: Politoed|Haze|p1a: Politoed
|-clearallboost
|
|-weather|RainDance|[upkeep]
|-heal|p2a: Dragapult|37/100|[from] item: Leftovers
|upkeep
|turn|12
|
|t:|1758294446
|move|p2a: Dragapult|Dragon Dance|p2a: Dragapult
|-boost|p2a: Dragapult|atk|1
|-boost|p2a: Dragapult|spe|1
|move|p1a: Politoed|Encore|p2a: Dragapult
|-start|p2a: Dragapult|Encore
|
|-weather|RainDance|[upkeep]
|-heal|p2a: Dragapult|43/100|[from] item: Leftovers
|upkeep
|turn|13
|
|t:|1758294450
|switch|p1a: Overqwil|Overqwil, F|100/100
|move|p2a: Dragapult|Dragon Dance|p2a: Dragapult
|-boost|p2a: Dragapult|atk|1
|-boost|p2a: Dragapult|spe|1
|
|-weather|RainDance|[upkeep]
|-heal|p2a: Dragapult|49/100|[from] item: Leftovers
|upkeep
|turn|14
|
|t:|1758294452
|move|p2a: Dragapult|Dragon Dance|p2a: Dragapult
|-boost|p2a: Dragapult|atk|1
|-boost|p2a: Dragapult|spe|1
|move|p1a: Overqwil|Liquidation|p2a: Dragapult
|-resisted|p2a: Dragapult
|-end|p2a: Dragapult|Substitute
|-damage|p1a: Overqwil|91/100|[from] item: Life Orb
|
|-weather|RainDance|[upkeep]
|-heal|p2a: Dragapult|55/100|[from] item: Leftovers
|upkeep
|turn|15
|
|t:|1758294458
|move|p2a: Dragapult|Dragon Dance|p2a: Dragapult
|-boost|p2a: Dragapult|atk|1
|-boost|p2a: Dragapult|spe|1
|move|p1a: Overqwil|Crunch|p2a: Dragapult
|-supereffective|p2a: Dragapult
|-damage|p2a: Dragapult|0 fnt
|faint|p2a: Dragapult
|-damage|p1a: Overqwil|81/100|[from] item: Life Orb
|
|-weather|RainDance|[upkeep]
|upkeep
|
|t:|1758294462
|switch|p2a: Lokix|Lokix, M|100/100
|turn|16
|
|t:|1758294476
|-terastallize|p2a: Lokix|Bug
|move|p1a: Overqwil|Liquidation|p2a: Lokix
|-damage|p2a: Lokix|16/100
|-damage|p1a: Overqwil|71/100|[from] item: Life Orb
|move|p2a: Lokix|U-turn|p1a: Overqwil
|-damage|p1a: Overqwil|23/100
|
|t:|1758294481
|switch|p2a: Porygon-Z|Porygon-Z|100/100|[from] U-turn
|
|-weather|RainDance|[upkeep]
|upkeep
|turn|17
|
|t:|1758294485
|move|p1a: Overqwil|Liquidation|p2a: Porygon-Z
|-damage|p2a: Porygon-Z|16/100
|-damage|p1a: Overqwil|13/100|[from] item: Life Orb
|move|p2a: Porygon-Z|Tera Blast|p1a: Overqwil
|-damage|p1a: Overqwil|0 fnt
|faint|p1a: Overqwil
|
|-weather|RainDance|[upkeep]
|upkeep
|-message|I am a chinese. forfeited.
|
|win|michelangelo1717
|raw|michelangelo1717's rating: 1131 &rarr; <strong>1157</strong><br />(+26 for winning)
|raw|I am a chinese.'s rating: 1141 &rarr; <strong>1115</strong><br />(-26 for losing)
|l|☆I am a chinese.
|player|p2|
