|j|☆Passerby bye
|j|☆kargreyy
|t:|1758376131
|gametype|singles
|player|p1|Passerby bye|cyclist|1325
|player|p2|kargreyy|266|1283
|gen|9
|tier|[Gen 9] OU
|rated|
|rule|HP Percentage Mod: HP is shown in percentages
|rule|Endless Battle Clause: Forcing endless battles is banned
|rule|Species Clause: Limit one of each Pokémon
|rule|OHKO Clause: OHKO moves are banned
|rule|Evasion Items Clause: Evasion items are banned
|rule|Evasion Moves Clause: Evasion moves are banned
|rule|Evasion Abilities Clause: Evasion abilities are banned
|rule|Sleep Moves Clause: Sleep-inducing moves are banned
|clearpoke
|poke|p1|Magnezone|
|poke|p1|Vileplume, M|
|poke|p1|Gyarados, F|
|poke|p1|Houndoom, F|
|poke|p1|Mamoswine, M|
|poke|p1|Azumarill, M|
|poke|p2|Slowking-Galar, M|
|poke|p2|Cinderace, M|
|poke|p2|Alomomola, M|
|poke|p2|Enamorus, F|
|poke|p2|Skeledirge, M|
|poke|p2|Persian-Alola, M|
|teampreview
|
|t:|1758376139
|teamsize|p1|6
|teamsize|p2|6
|start
|switch|p1a: BST＞540 Pkmn sucks|Gyarados, F, shiny|100/100
|switch|p2a: Enamorus|Enamorus, F|100/100
|-ability|p1a: BST＞540 Pkmn sucks|Intimidate|boost
|-unboost|p2a: Enamorus|atk|1
|turn|1
|
|t:|1758376150
|switch|p2a: Persian|Persian-Alola, M|100/100
|move|p1a: BST＞540 Pkmn sucks|Thunder Wave|p2a: Persian
|-status|p2a: Persian|par
|
|upkeep
|turn|2
|
|t:|1758376155
|move|p1a: BST＞540 Pkmn sucks|Dragon Dance|p1a: BST＞540 Pkmn sucks
|-boost|p1a: BST＞540 Pkmn sucks|atk|1
|-boost|p1a: BST＞540 Pkmn sucks|spe|1
|cant|p2a: Persian|par
|
|upkeep
|turn|3
|
|t:|1758376160
|move|p1a: BST＞540 Pkmn sucks|Waterfall|p2a: Persian
|-damage|p2a: Persian|59/100 par
|-damage|p1a: BST＞540 Pkmn sucks|84/100|[from] item: Rocky Helmet|[of] p2a: Persian
|cant|p2a: Persian|par
|
|upkeep
|turn|4
|
|t:|1758376167
|move|p1a: BST＞540 Pkmn sucks|Waterfall|p2a: Persian
|-damage|p2a: Persian|20/100 par
|-damage|p1a: BST＞540 Pkmn sucks|67/100|[from] item: Rocky Helmet|[of] p2a: Persian
|move|p2a: Persian|Foul Play|p1a: BST＞540 Pkmn sucks
|-damage|p1a: BST＞540 Pkmn sucks|0 fnt
|faint|p1a: BST＞540 Pkmn sucks
|
|upkeep
|
|t:|1758376183
|switch|p1a: Sample Team sucks|Azumarill, M|100/100
|turn|5
|
|t:|1758376186
|switch|p2a: Alomomola|Alomomola, M|100/100
|move|p1a: Sample Team sucks|Aqua Jet|p2a: Alomomola
|-resisted|p2a: Alomomola
|-damage|p2a: Alomomola|94/100
|-damage|p1a: Sample Team sucks|84/100|[from] item: Rocky Helmet|[of] p2a: Alomomola
|
|upkeep
|turn|6
|
|t:|1758376215
|move|p2a: Alomomola|Wish|p2a: Alomomola
|move|p1a: Sample Team sucks|Knock Off|p2a: Alomomola
|-damage|p2a: Alomomola|70/100
|-damage|p1a: Sample Team sucks|67/100|[from] item: Rocky Helmet|[of] p2a: Alomomola
|-enditem|p2a: Alomomola|Rocky Helmet|[from] move: Knock Off|[of] p1a: Sample Team sucks
|
|upkeep
|turn|7
|
|t:|1758376225
|switch|p1a: Ordinary Pkmn only|Vileplume, M|100/100
|move|p2a: Alomomola|Flip Turn|p1a: Ordinary Pkmn only
|-resisted|p1a: Ordinary Pkmn only
|-damage|p1a: Ordinary Pkmn only|94/100
|-damage|p2a: Alomomola|53/100|[from] item: Rocky Helmet|[of] p1a: Ordinary Pkmn only
|
|t:|1758376229
|switch|p2a: Persian|Persian-Alola, M|20/100 par|[from] Flip Turn
|
|-heal|p2a: Persian|100/100 par|[from] move: Wish|[wisher] Alomomola
|upkeep
|turn|8
|
|t:|1758376236
|switch|p2a: Slowking|Slowking-Galar, M|100/100
|move|p1a: Ordinary Pkmn only|Leech Seed|p2a: Slowking
|-start|p2a: Slowking|move: Leech Seed
|
|-damage|p2a: Slowking|88/100|[from] Leech Seed|[of] p1a: Ordinary Pkmn only
|-heal|p1a: Ordinary Pkmn only|100/100|[silent]
|upkeep
|turn|9
|
|t:|1758376247
|move|p1a: Ordinary Pkmn only|Leech Seed||[still]
|-fail|p1a: Ordinary Pkmn only
|move|p2a: Slowking|Sludge Bomb|p1a: Ordinary Pkmn only
|-damage|p1a: Ordinary Pkmn only|53/100
|
|-damage|p2a: Slowking|76/100|[from] Leech Seed|[of] p1a: Ordinary Pkmn only
|-heal|p1a: Ordinary Pkmn only|67/100|[silent]
|upkeep
|turn|10
|
|t:|1758376254
|switch|p1a: Legend Pkmn sucks|Magnezone|100/100
|move|p2a: Slowking|Psyshock|p1a: Legend Pkmn sucks
|-resisted|p1a: Legend Pkmn sucks
|-damage|p1a: Legend Pkmn sucks|83/100
|
|-damage|p2a: Slowking|63/100|[from] Leech Seed|[of] p1a: Legend Pkmn sucks
|-heal|p1a: Legend Pkmn sucks|97/100|[silent]
|upkeep
|turn|11
|
|t:|1758376261
|move|p1a: Legend Pkmn sucks|Thunderbolt|p2a: Slowking
|-damage|p2a: Slowking|23/100
|move|p2a: Slowking|Fire Blast|p1a: Legend Pkmn sucks
|-supereffective|p1a: Legend Pkmn sucks
|-damage|p1a: Legend Pkmn sucks|20/100
|
|-damage|p2a: Slowking|11/100|[from] Leech Seed|[of] p1a: Legend Pkmn sucks
|-heal|p1a: Legend Pkmn sucks|34/100|[silent]
|upkeep
|turn|12
|
|t:|1758376269
|switch|p2a: Skeledirge|Skeledirge, M|100/100
|move|p1a: Legend Pkmn sucks|Thunderbolt|p2a: Skeledirge
|-damage|p2a: Skeledirge|13/100
|
|upkeep
|turn|13
|
|t:|1758376299
|move|p2a: Skeledirge|Torch Song|p1a: Legend Pkmn sucks
|-supereffective|p1a: Legend Pkmn sucks
|-damage|p1a: Legend Pkmn sucks|0 fnt
|-boost|p2a: Skeledirge|spa|1
|faint|p1a: Legend Pkmn sucks
|
|upkeep
|
|t:|1758376311
|switch|p1a: Weather Team sucks|Houndoom, F|100/100
|turn|14
|
|t:|1758376322
|move|p1a: Weather Team sucks|Dark Pulse|p2a: Skeledirge
|-supereffective|p2a: Skeledirge
|-damage|p2a: Skeledirge|0 fnt
|faint|p2a: Skeledirge
|
|upkeep
|
|t:|1758376325
|switch|p2a: Alomomola|Alomomola, M|87/100
|turn|15
|
|t:|1758376354
|switch|p1a: Ordinary Pkmn only|Vileplume, M|67/100
|move|p2a: Alomomola|Flip Turn|p1a: Ordinary Pkmn only
|-resisted|p1a: Ordinary Pkmn only
|-damage|p1a: Ordinary Pkmn only|60/100
|-damage|p2a: Alomomola|70/100|[from] item: Rocky Helmet|[of] p1a: Ordinary Pkmn only
|
|t:|1758376360
|switch|p2a: Slowking|Slowking-Galar, M|44/100|[from] Flip Turn
|
|upkeep
|turn|16
|
|t:|1758376369
|switch|p1a: Weather Team sucks|Houndoom, F|100/100
|move|p2a: Slowking|Sludge Bomb|p1a: Weather Team sucks
|-damage|p1a: Weather Team sucks|44/100
|
|upkeep
|turn|17
|
|t:|1758376391
|move|p1a: Weather Team sucks|Dark Pulse|p2a: Slowking
|-supereffective|p2a: Slowking
|-damage|p2a: Slowking|3/100
|move|p2a: Slowking|Psyshock|p1a: Weather Team sucks
|-immune|p1a: Weather Team sucks
|
|upkeep
|turn|18
|
|t:|1758376415
|switch|p2a: Persian|Persian-Alola, M|100/100 par
|move|p1a: Weather Team sucks|Dark Pulse|p2a: Persian
|-resisted|p2a: Persian
|-damage|p2a: Persian|71/100 par
|
|upkeep
|turn|19
|
|t:|1758376429
|switch|p1a: Ordinary Pkmn only|Vileplume, M|60/100
|cant|p2a: Persian|par
|
|upkeep
|turn|20
|
|t:|1758376436
|move|p2a: Persian|Parting Shot|p1a: Ordinary Pkmn only
|-unboost|p1a: Ordinary Pkmn only|atk|1
|-unboost|p1a: Ordinary Pkmn only|spa|1
|
|t:|1758376440
|switch|p2a: Slowking|Slowking-Galar, M|36/100|[from] Parting Shot
|move|p1a: Ordinary Pkmn only|Strength Sap|p2a: Slowking
|-unboost|p2a: Slowking|atk|1
|-heal|p1a: Ordinary Pkmn only|94/100
|
|upkeep
|turn|21
|
|t:|1758376453
|switch|p2a: Persian|Persian-Alola, M|71/100 par
|move|p1a: Ordinary Pkmn only|Leech Seed|p2a: Persian
|-start|p2a: Persian|move: Leech Seed
|
|-damage|p2a: Persian|59/100 par|[from] Leech Seed|[of] p1a: Ordinary Pkmn only
|-heal|p1a: Ordinary Pkmn only|100/100|[silent]
|upkeep
|turn|22
|
|t:|1758376461
|move|p2a: Persian|Taunt|p1a: Ordinary Pkmn only
|-start|p1a: Ordinary Pkmn only|move: Taunt
|move|p1a: Ordinary Pkmn only|Sludge Wave|p2a: Persian
|-damage|p2a: Persian|22/100 par
|
|-damage|p2a: Persian|9/100 par|[from] Leech Seed|[of] p1a: Ordinary Pkmn only
|upkeep
|turn|23
|
|t:|1758376471
|switch|p2a: Slowking|Slowking-Galar, M|69/100
|move|p1a: Ordinary Pkmn only|Sludge Wave|p2a: Slowking
|-resisted|p2a: Slowking
|-damage|p2a: Slowking|63/100
|
|upkeep
|turn|24
|
|t:|1758376478
|switch|p1a: Weather Team sucks|Houndoom, F|44/100
|move|p2a: Slowking|Sludge Bomb|p1a: Weather Team sucks
|-damage|p1a: Weather Team sucks|0 fnt
|faint|p1a: Weather Team sucks
|
|upkeep
|
|t:|1758376484
|switch|p1a: Terrain Team sucks|Mamoswine, M|100/100
|turn|25
|
|t:|1758376487
|switch|p2a: Alomomola|Alomomola, M|100/100
|move|p1a: Terrain Team sucks|High Horsepower|p2a: Alomomola
|-damage|p2a: Alomomola|70/100
|
|upkeep
|turn|26
|
|t:|1758376491
|switch|p1a: Ordinary Pkmn only|Vileplume, M|100/100
|move|p2a: Alomomola|Wish|p2a: Alomomola
|
|upkeep
|turn|27
|
|t:|1758376499
|move|p2a: Alomomola|Flip Turn|p1a: Ordinary Pkmn only
|-resisted|p1a: Ordinary Pkmn only
|-damage|p1a: Ordinary Pkmn only|95/100
|-damage|p2a: Alomomola|53/100|[from] item: Rocky Helmet|[of] p1a: Ordinary Pkmn only
|
|t:|1758376501
|switch|p2a: Persian|Persian-Alola, M|9/100 par|[from] Flip Turn
|move|p1a: Ordinary Pkmn only|Sludge Wave|p2a: Persian
|-damage|p2a: Persian|0 fnt
|faint|p2a: Persian
|
|upkeep
|
|t:|1758376511
|switch|p2a: Slowking|Slowking-Galar, M|96/100
|turn|28
|
|t:|1758376516
|switch|p1a: Terrain Team sucks|Mamoswine, M|100/100
|move|p2a: Slowking|Future Sight|p1a: Terrain Team sucks
|-start|p2a: Slowking|move: Future Sight
|
|upkeep
|turn|29
|
|t:|1758376520
|switch|p2a: Alomomola|Alomomola, M|86/100
|move|p1a: Terrain Team sucks|High Horsepower|p2a: Alomomola
|-damage|p2a: Alomomola|56/100
|
|upkeep
|turn|30
|
|t:|1758376535
|-terastallize|p1a: Terrain Team sucks|Grass
|move|p1a: Terrain Team sucks|High Horsepower|p2a: Alomomola
|-damage|p2a: Alomomola|28/100
|move|p2a: Alomomola|Flip Turn|p1a: Terrain Team sucks
|-resisted|p1a: Terrain Team sucks
|-damage|p1a: Terrain Team sucks|93/100
|
|t:|1758376543
|switch|p2a: Cinderace|Cinderace, M|100/100|[from] Flip Turn
|
|-end|p1a: Terrain Team sucks|move: Future Sight
|-damage|p1a: Terrain Team sucks|43/100
|upkeep
|turn|31
|
|t:|1758376549
|move|p2a: Cinderace|U-turn|p1a: Terrain Team sucks
|-start|p2a: Cinderace|typechange|Bug|[from] ability: Libero
|-supereffective|p1a: Terrain Team sucks
|-damage|p1a: Terrain Team sucks|0 fnt
|faint|p1a: Terrain Team sucks
|
|t:|1758376555
|switch|p2a: Alomomola|Alomomola, M|62/100|[from] U-turn
|
|upkeep
|
|t:|1758376559
|switch|p1a: Ordinary Pkmn only|Vileplume, M|95/100
|turn|32
|
|t:|1758376576
|switch|p2a: Slowking|Slowking-Galar, M|100/100
|move|p1a: Ordinary Pkmn only|Leech Seed|p2a: Slowking|[miss]
|-miss|p1a: Ordinary Pkmn only|p2a: Slowking
|
|upkeep
|turn|33
|
|t:|1758376596
|move|p1a: Ordinary Pkmn only|Leech Seed|p2a: Slowking
|-start|p2a: Slowking|move: Leech Seed
|move|p2a: Slowking|Future Sight|p1a: Ordinary Pkmn only
|-start|p2a: Slowking|move: Future Sight
|
|-damage|p2a: Slowking|88/100|[from] Leech Seed|[of] p1a: Ordinary Pkmn only
|-heal|p1a: Ordinary Pkmn only|100/100|[silent]
|upkeep
|turn|34
|
|t:|1758376601
|switch|p1a: Sample Team sucks|Azumarill, M|67/100
|move|p2a: Slowking|Psyshock|p1a: Sample Team sucks
|-damage|p1a: Sample Team sucks|27/100
|
|-damage|p2a: Slowking|76/100|[from] Leech Seed|[of] p1a: Sample Team sucks
|-heal|p1a: Sample Team sucks|39/100|[silent]
|upkeep
|turn|35
|
|t:|1758376609
|switch|p2a: Alomomola|Alomomola, M|95/100
|move|p1a: Sample Team sucks|Knock Off|p2a: Alomomola
|-damage|p2a: Alomomola|80/100
|
|-end|p1a: Sample Team sucks|move: Future Sight
|-damage|p1a: Sample Team sucks|3/100
|upkeep
|turn|36
|
|t:|1758376613
|move|p2a: Alomomola|Flip Turn|p1a: Sample Team sucks
|-resisted|p1a: Sample Team sucks
|-damage|p1a: Sample Team sucks|0 fnt
|faint|p1a: Sample Team sucks
|
|t:|1758376616
|switch|p2a: Slowking|Slowking-Galar, M|100/100|[from] Flip Turn
|
|upkeep
|
|t:|1758376618
|switch|p1a: Ordinary Pkmn only|Vileplume, M|100/100
|turn|37
|
|t:|1758376623
|move|p1a: Ordinary Pkmn only|Leech Seed|p2a: Slowking|[miss]
|-miss|p1a: Ordinary Pkmn only|p2a: Slowking
|move|p2a: Slowking|Psyshock|p1a: Ordinary Pkmn only
|-supereffective|p1a: Ordinary Pkmn only
|-damage|p1a: Ordinary Pkmn only|44/100
|
|upkeep
|turn|38
|
|t:|1758376628
|move|p1a: Ordinary Pkmn only|Strength Sap|p2a: Slowking
|-unboost|p2a: Slowking|atk|1
|-heal|p1a: Ordinary Pkmn only|78/100
|move|p2a: Slowking|Psyshock|p1a: Ordinary Pkmn only
|-supereffective|p1a: Ordinary Pkmn only
|-damage|p1a: Ordinary Pkmn only|17/100
|
|upkeep
|turn|39
|
|t:|1758376631
|move|p1a: Ordinary Pkmn only|Leech Seed|p2a: Slowking
|-start|p2a: Slowking|move: Leech Seed
|move|p2a: Slowking|Psyshock|p1a: Ordinary Pkmn only
|-supereffective|p1a: Ordinary Pkmn only
|-damage|p1a: Ordinary Pkmn only|0 fnt
|faint|p1a: Ordinary Pkmn only
|
|win|kargreyy
|raw|Passerby bye's rating: 1325 &rarr; <strong>1303</strong><br />(-22 for losing)
|raw|kargreyy's rating: 1283 &rarr; <strong>1311</strong><br />(+28 for winning)
|l|☆kargreyy
|player|p2|
|l|☆Passerby bye
|player|p1|
