|j|☆horacion28
|j|☆DTTPokemon
|t:|1758266436
|gametype|singles
|player|p1|horacion28|pokemonranger-gen4|1315
|player|p2|DTTPokemon|pokemonrangerf|1334
|gen|9
|tier|[Gen 9] OU
|rated|
|rule|HP Percentage Mod: HP is shown in percentages
|rule|Endless Battle Clause: Forcing endless battles is banned
|rule|Species Clause: Limit one of each Pokémon
|rule|OHKO Clause: OHKO moves are banned
|rule|Evasion Items Clause: Evasion items are banned
|rule|Evasion Moves Clause: Evasion moves are banned
|rule|Evasion Abilities Clause: Evasion abilities are banned
|rule|Sleep Moves Clause: Sleep-inducing moves are banned
|clearpoke
|poke|p1|Latios, M|
|poke|p1|Scizor, F|
|poke|p1|Ceruledge, F|
|poke|p1|Samurott-Hisui, M|
|poke|p1|Latias, F|
|poke|p1|Great Tusk|
|poke|p2|Golurk|
|poke|p2|Iron Crown|
|poke|p2|Araquanid, F|
|poke|p2|Slowking-Galar, M|
|poke|p2|Zamazenta-*|
|poke|p2|Kyurem|
|teampreview
|inactive|Battle timer is ON: inactive players will automatically lose when time's up. (requested by DTTPokemon)
|inactive|horacion28 also wants the timer to be on.
|
|t:|1758266452
|teamsize|p1|6
|teamsize|p2|6
|start
|switch|p1a: Samurott|Samurott-Hisui, M|100/100
|switch|p2a: Araquanid|Araquanid, F|100/100
|turn|1
|
|t:|1758266460
|move|p1a: Samurott|Knock Off|p2a: Araquanid
|-damage|p2a: Araquanid|54/100
|-enditem|p2a: Araquanid|Leftovers|[from] move: Knock Off|[of] p1a: Samurott
|move|p2a: Araquanid|Sticky Web|p1a: Samurott
|-sidestart|p1: horacion28|move: Sticky Web
|
|upkeep
|turn|2
|
|t:|1758266481
|switch|p1a: Latias|Latias, F|100/100
|move|p2a: Araquanid|Leech Life|p1a: Latias
|-supereffective|p1a: Latias
|-damage|p1a: Latias|39/100
|-heal|p2a: Araquanid|82/100|[from] drain|[of] p1a: Latias
|
|-heal|p1a: Latias|45/100|[from] item: Leftovers
|upkeep
|turn|3
|
|t:|1758266491
|move|p1a: Latias|Thunder Wave|p2a: Araquanid
|-status|p2a: Araquanid|par
|move|p2a: Araquanid|Leech Life|p1a: Latias
|-supereffective|p1a: Latias
|-damage|p1a: Latias|0 fnt
|-heal|p2a: Araquanid|100/100 par|[from] drain|[of] p1a: Latias
|faint|p1a: Latias
|
|upkeep
|
|t:|1758266496
|switch|p1a: Samurott|Samurott-Hisui, M|100/100
|-activate|p1a: Samurott|move: Sticky Web
|-unboost|p1a: Samurott|spe|1
|turn|4
|
|t:|1758266501
|move|p1a: Samurott|Ceaseless Edge|p2a: Araquanid
|-damage|p2a: Araquanid|48/100 par
|-sidestart|p2: DTTPokemon|Spikes
|move|p2a: Araquanid|Leech Life|p1a: Samurott
|-supereffective|p1a: Samurott
|-damage|p1a: Samurott|28/100
|-heal|p2a: Araquanid|84/100 par|[from] drain|[of] p1a: Samurott
|
|upkeep
|turn|5
|
|t:|1758266512
|move|p1a: Samurott|Ceaseless Edge|p2a: Araquanid
|-damage|p2a: Araquanid|34/100 par
|-sidestart|p2: DTTPokemon|Spikes
|move|p2a: Araquanid|Leech Life|p1a: Samurott
|-supereffective|p1a: Samurott
|-damage|p1a: Samurott|0 fnt
|-heal|p2a: Araquanid|47/100 par|[from] drain|[of] p1a: Samurott
|faint|p1a: Samurott
|
|upkeep
|
|t:|1758266525
|switch|p1a: Latios|Latios, M|100/100
|turn|6
|
|t:|1758266529
|move|p1a: Latios|Luster Purge|p2a: Araquanid
|-damage|p2a: Araquanid|0 fnt
|faint|p2a: Araquanid
|
|upkeep
|
|t:|1758266542
|switch|p2a: Golurk|Golurk|100/100
|-damage|p2a: Golurk|84/100|[from] Spikes
|turn|7
|
|t:|1758266547
|switch|p1a: Great Tusk|Great Tusk|100/100
|-activate|p1a: Great Tusk|move: Sticky Web
|-unboost|p1a: Great Tusk|spe|1
|move|p2a: Golurk|Dynamic Punch|p1a: Great Tusk
|-damage|p1a: Great Tusk|82/100
|-start|p1a: Great Tusk|confusion
|
|-heal|p1a: Great Tusk|88/100|[from] item: Leftovers
|upkeep
|turn|8
|
|t:|1758266558
|move|p2a: Golurk|Poltergeist|p1a: Great Tusk
|-activate|p1a: Great Tusk|move: Poltergeist|Leftovers
|-damage|p1a: Great Tusk|59/100
|-activate|p1a: Great Tusk|confusion
|-damage|p1a: Great Tusk|53/100|[from] confusion
|
|-heal|p1a: Great Tusk|59/100|[from] item: Leftovers
|upkeep
|turn|9
|
|t:|1758266570
|move|p2a: Golurk|Drain Punch|p1a: Great Tusk
|-damage|p1a: Great Tusk|46/100
|-heal|p2a: Golurk|92/100|[from] drain|[of] p1a: Great Tusk
|-activate|p1a: Great Tusk|confusion
|move|p1a: Great Tusk|Ice Spinner|p2a: Golurk
|-supereffective|p2a: Golurk
|-damage|p2a: Golurk|39/100
|
|-heal|p1a: Great Tusk|52/100|[from] item: Leftovers
|upkeep
|turn|10
|
|t:|1758266584
|move|p2a: Golurk|Drain Punch|p1a: Great Tusk
|-damage|p1a: Great Tusk|38/100
|-heal|p2a: Golurk|48/100|[from] drain|[of] p1a: Great Tusk
|-activate|p1a: Great Tusk|confusion
|move|p1a: Great Tusk|Ice Spinner|p2a: Golurk
|-supereffective|p2a: Golurk
|-damage|p2a: Golurk|0 fnt
|faint|p2a: Golurk
|
|-heal|p1a: Great Tusk|44/100|[from] item: Leftovers
|upkeep
|
|t:|1758266596
|switch|p2a: Kyurem|Kyurem|100/100
|-damage|p2a: Kyurem|84/100|[from] Spikes
|-ability|p2a: Kyurem|Pressure
|turn|11
|
|t:|1758266603
|move|p2a: Kyurem|Dragon Dance|p2a: Kyurem
|-boost|p2a: Kyurem|atk|1
|-boost|p2a: Kyurem|spe|1
|-end|p1a: Great Tusk|confusion
|move|p1a: Great Tusk|Close Combat|p2a: Kyurem
|-supereffective|p2a: Kyurem
|-damage|p2a: Kyurem|0 fnt
|-unboost|p1a: Great Tusk|def|1
|-unboost|p1a: Great Tusk|spd|1
|faint|p2a: Kyurem
|
|-heal|p1a: Great Tusk|50/100|[from] item: Leftovers
|upkeep
|
|t:|1758266615
|switch|p2a: Iron Crown|Iron Crown|100/100
|-damage|p2a: Iron Crown|84/100|[from] Spikes
|turn|12
|
|t:|1758266621
|move|p2a: Iron Crown|Psyshock|p1a: Great Tusk
|-supereffective|p1a: Great Tusk
|-damage|p1a: Great Tusk|0 fnt
|faint|p1a: Great Tusk
|-end|p1a: Great Tusk|Protosynthesis|[silent]
|
|upkeep
|
|t:|1758266631
|switch|p1a: Scizor|Scizor, F|100/100
|-activate|p1a: Scizor|move: Sticky Web
|-unboost|p1a: Scizor|spe|1
|turn|13
|
|t:|1758266639
|-end|p2a: Iron Crown|Quark Drive|[silent]
|switch|p2a: Zamazenta|Zamazenta|100/100
|-damage|p2a: Zamazenta|84/100|[from] Spikes
|-ability|p2a: Zamazenta|Dauntless Shield|boost
|-boost|p2a: Zamazenta|def|1
|move|p1a: Scizor|Knock Off|p2a: Zamazenta
|-resisted|p2a: Zamazenta
|-damage|p2a: Zamazenta|69/100
|-enditem|p2a: Zamazenta|Assault Vest|[from] move: Knock Off|[of] p1a: Scizor
|
|upkeep
|turn|14
|
|t:|1758266651
|switch|p1a: Latios|Latios, M|100/100
|move|p2a: Zamazenta|Body Press|p1a: Latios
|-resisted|p1a: Latios
|-damage|p1a: Latios|70/100
|
|upkeep
|turn|15
|
|t:|1758266663
|-terastallize|p2a: Zamazenta|Steel
|move|p1a: Latios|Luster Purge|p2a: Zamazenta
|-resisted|p2a: Zamazenta
|-damage|p2a: Zamazenta|39/100
|move|p2a: Zamazenta|Crunch|p1a: Latios
|-supereffective|p1a: Latios
|-damage|p1a: Latios|0 fnt
|faint|p1a: Latios
|
|upkeep
|
|t:|1758266671
|switch|p1a: Ceruledge|Ceruledge, F|100/100
|-activate|p1a: Ceruledge|move: Sticky Web
|-unboost|p1a: Ceruledge|spe|1
|turn|16
|
|t:|1758266682
|move|p2a: Zamazenta|Crunch|p1a: Ceruledge
|-supereffective|p1a: Ceruledge
|-damage|p1a: Ceruledge|17/100
|-ability|p1a: Ceruledge|Weak Armor|boost
|-unboost|p1a: Ceruledge|def|1
|-boost|p1a: Ceruledge|spe|2
|move|p1a: Ceruledge|Swords Dance|p1a: Ceruledge
|-boost|p1a: Ceruledge|atk|2
|
|upkeep
|turn|17
|
|t:|1758266690
|move|p1a: Ceruledge|Shadow Sneak|p2a: Zamazenta
|-damage|p2a: Zamazenta|17/100
|move|p2a: Zamazenta|Quick Attack|p1a: Ceruledge
|-immune|p1a: Ceruledge
|
|upkeep
|turn|18
|
|t:|1758266696
|move|p1a: Ceruledge|Shadow Sneak|p2a: Zamazenta
|-damage|p2a: Zamazenta|0 fnt
|faint|p2a: Zamazenta
|
|upkeep
|
|t:|1758266701
|switch|p2a: Iron Crown|Iron Crown|84/100
|-damage|p2a: Iron Crown|67/100|[from] Spikes
|turn|19
|
|t:|1758266706
|move|p1a: Ceruledge|Bitter Blade|p2a: Iron Crown
|-supereffective|p2a: Iron Crown
|-damage|p2a: Iron Crown|0 fnt
|-heal|p1a: Ceruledge|54/100|[from] drain|[of] p2a: Iron Crown
|faint|p2a: Iron Crown
|-end|p2a: Iron Crown|Quark Drive|[silent]
|
|upkeep
|-message|DTTPokemon forfeited.
|
|win|horacion28
|raw|horacion28's rating: 1315 &rarr; <strong>1336</strong><br />(+21 for winning)
|raw|DTTPokemon's rating: 1334 &rarr; <strong>1313</strong><br />(-21 for losing)
|l|☆DTTPokemon
|player|p2|
|l|☆horacion28
|player|p1|
