|j|☆Pickledpanda123
|j|☆SemperMamba
|t:|1758362411
|gametype|singles
|player|p1|Pickledpanda123|harlequin|1330
|player|p2|SemperMamba|101|1382
|gen|9
|tier|[Gen 9] OU
|rated|
|rule|HP Percentage Mod: HP is shown in percentages
|rule|Endless Battle Clause: Forcing endless battles is banned
|rule|Species Clause: Limit one of each Pokémon
|rule|OHKO Clause: OHKO moves are banned
|rule|Evasion Items Clause: Evasion items are banned
|rule|Evasion Moves Clause: Evasion moves are banned
|rule|Evasion Abilities Clause: Evasion abilities are banned
|rule|Sleep Moves Clause: Sleep-inducing moves are banned
|clearpoke
|poke|p1|Pelipper, F|
|poke|p1|Hatterene, F|
|poke|p1|Iron Treads|
|poke|p1|Skarmory, F|
|poke|p1|Barraskewda, F|
|poke|p1|Zapdos|
|poke|p2|Heatran, M|
|poke|p2|Rillaboom, M|
|poke|p2|Dragonite, F|
|poke|p2|Gholdengo|
|poke|p2|Great Tusk|
|poke|p2|Pawmot, F|
|teampreview
|inactive|Battle timer is ON: inactive players will automatically lose when time's up. (requested by Pickledpanda123)
|
|t:|1758362441
|teamsize|p1|6
|teamsize|p2|6
|start
|switch|p1a: Iron Treads|Iron Treads|100/100
|switch|p2a: Great Tusk|Great Tusk|100/100
|turn|1
|
|t:|1758362447
|move|p1a: Iron Treads|Stealth Rock|p2a: Great Tusk
|-sidestart|p2: SemperMamba|move: Stealth Rock
|move|p2a: Great Tusk|Knock Off|p1a: Iron Treads
|-damage|p1a: Iron Treads|78/100
|-enditem|p1a: Iron Treads|Leftovers|[from] move: Knock Off|[of] p2a: Great Tusk
|
|upkeep
|turn|2
|
|t:|1758362459
|move|p1a: Iron Treads|Earthquake|p2a: Great Tusk
|-damage|p2a: Great Tusk|84/100
|move|p2a: Great Tusk|Rapid Spin|p1a: Iron Treads
|-resisted|p1a: Iron Treads
|-damage|p1a: Iron Treads|72/100
|-boost|p2a: Great Tusk|spe|1
|-sideend|p2: SemperMamba|Stealth Rock|[from] move: Rapid Spin|[of] p2a: Great Tusk
|
|-heal|p2a: Great Tusk|90/100|[from] item: Leftovers
|upkeep
|turn|3
|
|t:|1758362468
|move|p2a: Great Tusk|Earthquake|p1a: Iron Treads
|-supereffective|p1a: Iron Treads
|-damage|p1a: Iron Treads|9/100
|move|p1a: Iron Treads|Stealth Rock|p2a: Great Tusk
|-sidestart|p2: SemperMamba|move: Stealth Rock
|
|-heal|p2a: Great Tusk|96/100|[from] item: Leftovers
|upkeep
|turn|4
|
|t:|1758362475
|-end|p1a: Iron Treads|Quark Drive|[silent]
|switch|p1a: Pelipper|Pelipper, F|100/100
|-weather|RainDance|[from] ability: Drizzle|[of] p1a: Pelipper
|move|p2a: Great Tusk|Stealth Rock|p1a: Pelipper
|-sidestart|p1: Pickledpanda123|move: Stealth Rock
|
|-weather|RainDance|[upkeep]
|-heal|p2a: Great Tusk|100/100|[from] item: Leftovers
|upkeep
|turn|5
|
|t:|1758362489
|move|p2a: Great Tusk|Rapid Spin|p1a: Pelipper
|-damage|p1a: Pelipper|85/100
|-boost|p2a: Great Tusk|spe|1
|-sideend|p2: SemperMamba|Stealth Rock|[from] move: Rapid Spin|[of] p2a: Great Tusk
|move|p1a: Pelipper|U-turn|p2a: Great Tusk
|-resisted|p2a: Great Tusk
|-damage|p2a: Great Tusk|98/100
|
|t:|1758362492
|switch|p1a: Barraskewda|Barraskewda, F|100/100|[from] U-turn
|-damage|p1a: Barraskewda|88/100|[from] Stealth Rock
|
|-weather|RainDance|[upkeep]
|-heal|p2a: Great Tusk|100/100|[from] item: Leftovers
|upkeep
|turn|6
|
|t:|1758362510
|-terastallize|p2a: Great Tusk|Water
|move|p1a: Barraskewda|Close Combat|p2a: Great Tusk
|-damage|p2a: Great Tusk|70/100
|-unboost|p1a: Barraskewda|def|1
|-unboost|p1a: Barraskewda|spd|1
|move|p2a: Great Tusk|Knock Off|p1a: Barraskewda
|-damage|p1a: Barraskewda|8/100
|-enditem|p1a: Barraskewda|Choice Band|[from] move: Knock Off|[of] p2a: Great Tusk
|
|-weather|RainDance|[upkeep]
|-heal|p2a: Great Tusk|76/100|[from] item: Leftovers
|upkeep
|turn|7
|
|t:|1758362533
|move|p1a: Barraskewda|Flip Turn|p2a: Great Tusk
|-resisted|p2a: Great Tusk
|-damage|p2a: Great Tusk|65/100
|
|t:|1758362547
|switch|p1a: Pelipper|Pelipper, F|85/100|[from] Flip Turn
|-damage|p1a: Pelipper|61/100|[from] Stealth Rock
|move|p2a: Great Tusk|Knock Off|p1a: Pelipper
|-crit|p1a: Pelipper
|-damage|p1a: Pelipper|17/100
|-enditem|p1a: Pelipper|Damp Rock|[from] move: Knock Off|[of] p2a: Great Tusk
|
|-weather|RainDance|[upkeep]
|-heal|p2a: Great Tusk|71/100|[from] item: Leftovers
|upkeep
|turn|8
|
|t:|1758362566
|switch|p1a: Iron Treads|Iron Treads|9/100
|-damage|p1a: Iron Treads|7/100|[from] Stealth Rock
|move|p2a: Great Tusk|Knock Off|p1a: Iron Treads
|-damage|p1a: Iron Treads|0 fnt
|faint|p1a: Iron Treads
|-end|p1a: Iron Treads|Quark Drive|[silent]
|
|-weather|RainDance|[upkeep]
|-heal|p2a: Great Tusk|77/100|[from] item: Leftovers
|upkeep
|
|t:|1758362569
|switch|p1a: Zapdos|Zapdos|100/100
|-damage|p1a: Zapdos|76/100|[from] Stealth Rock
|turn|9
|
|t:|1758362586
|-end|p2a: Great Tusk|Protosynthesis|[silent]
|switch|p2a: Pawmot|Pawmot, F, shiny|100/100
|move|p1a: Zapdos|Thunder|p2a: Pawmot
|-immune|p2a: Pawmot|[from] ability: Volt Absorb
|
|-weather|RainDance|[upkeep]
|upkeep
|turn|10
|
|t:|1758362596
|switch|p1a: Skarmory|Skarmory, F|100/100
|-damage|p1a: Skarmory|88/100|[from] Stealth Rock
|move|p2a: Pawmot|Ice Punch|p1a: Skarmory
|-damage|p1a: Skarmory|74/100
|-damage|p2a: Pawmot|84/100|[from] item: Rocky Helmet|[of] p1a: Skarmory
|
|-weather|RainDance|[upkeep]
|upkeep
|turn|11
|
|t:|1758362608
|move|p2a: Pawmot|Double Shock|p1a: Skarmory
|-supereffective|p1a: Skarmory
|-damage|p1a: Skarmory|0 fnt
|-start|p2a: Pawmot|typechange|???/Fighting|[from] move: Double Shock
|-damage|p2a: Pawmot|68/100|[from] item: Rocky Helmet|[of] p1a: Skarmory
|faint|p1a: Skarmory
|
|-weather|none
|upkeep
|-message|Pickledpanda123 forfeited.
|
|win|SemperMamba
|raw|Pickledpanda123's rating: 1330 &rarr; <strong>1313</strong><br />(-17 for losing)
|raw|SemperMamba's rating: 1382 &rarr; <strong>1399</strong><br />(+17 for winning)
|l|☆Pickledpanda123
|player|p1|
|l|☆SemperMamba
|player|p2|
