|inactive|Battle timer is ON: inactive players will automatically lose when time's up.
|t:|1758348093
|gametype|singles
|player|p1|foolycl|#scl5foxes2|
|player|p2|PkeL SweeTforU|#scl5dynamos|
|gen|9
|tier|[Gen 9] OU
|rule|HP Percentage Mod: HP is shown in percentages
|rule|Endless Battle Clause: Forcing endless battles is banned
|rule|Species Clause: Limit one of each Pokémon
|rule|OHKO Clause: OHKO moves are banned
|rule|Evasion Items Clause: Evasion items are banned
|rule|Evasion Moves Clause: Evasion moves are banned
|rule|Evasion Abilities Clause: Evasion abilities are banned
|rule|Sleep Moves Clause: Sleep-inducing moves are banned
|clearpoke
|poke|p1|Ogerpon-Wellspring, F|
|poke|p1|Darkrai|
|poke|p1|Deoxys-Speed|
|poke|p1|Gholdengo|
|poke|p1|Dragonite, M|
|poke|p1|Great Tusk|
|poke|p2|Amoonguss, F|
|poke|p2|Alomomola, M|
|poke|p2|Great Tusk|
|poke|p2|Cinderace, F|
|poke|p2|Darkrai|
|poke|p2|Enamorus, F|
|teampreview
|inactive|PkeL SweeTforU disconnected and has 300 seconds to reconnect!
|player|p2|
|rated|Smogon Champions League
|c|☆foolycl|hf bro
|inactive|PkeL SweeTforU reconnected and has 290 seconds left.
|player|p2|PkeL SweeTforU|#scl5dynamos|
|inactive|foolycl has 270 seconds left.
|c|☆PkeL SweeTforU|Hf
|inactive|PkeL SweeTforU has 270 seconds left.
|inactive|foolycl has 240 seconds left.
|inactive|PkeL SweeTforU has 240 seconds left.
|inactive|foolycl has 210 seconds left.
|inactive|PkeL SweeTforU has 210 seconds left.
|
|t:|1758348210
|teamsize|p1|6
|teamsize|p2|6
|start
|switch|p1a: Deoxys|Deoxys-Speed|100/100
|switch|p2a: Cinderace|Cinderace, F|100/100
|-ability|p1a: Deoxys|Pressure
|turn|1
|inactive|PkeL SweeTforU has 270 seconds left.
|
|t:|1758348231
|move|p1a: Deoxys|Reflect|p1a: Deoxys
|-sidestart|p1: foolycl|Reflect
|move|p2a: Cinderace|U-turn|p1a: Deoxys
|-supereffective|p1a: Deoxys
|-damage|p1a: Deoxys|79/100
|
|t:|1758348241
|switch|p2a: Darkrai|Darkrai|100/100|[from] U-turn
|
|upkeep
|turn|2
|inactive|foolycl has 240 seconds left.
|inactive|foolycl has 210 seconds left.
|
|t:|1758348297
|move|p1a: Deoxys|Light Screen|p1a: Deoxys
|-sidestart|p1: foolycl|move: Light Screen
|move|p2a: Darkrai|Knock Off|p1a: Deoxys
|-supereffective|p1a: Deoxys
|-damage|p1a: Deoxys|17/100
|-enditem|p1a: Deoxys|Light Clay|[from] move: Knock Off|[of] p2a: Darkrai
|
|upkeep
|turn|3
|inactive|foolycl has 210 seconds left.
|inactive|PkeL SweeTforU has 270 seconds left.
|
|t:|1758348312
|switch|p1a: Great Tusk|Great Tusk|100/100
|move|p2a: Darkrai|Knock Off|p1a: Great Tusk
|-resisted|p1a: Great Tusk
|-damage|p1a: Great Tusk|91/100
|-enditem|p1a: Great Tusk|Eject Pack|[from] move: Knock Off|[of] p2a: Darkrai
|
|upkeep
|turn|4
|inactive|PkeL SweeTforU has 270 seconds left.
|
|t:|1758348351
|-end|p1a: Great Tusk|Protosynthesis|[silent]
|switch|p1a: Darkrai|Darkrai|100/100
|move|p2a: Darkrai|Will-O-Wisp|p1a: Darkrai
|-status|p1a: Darkrai|brn
|
|-damage|p1a: Darkrai|95/100 brn|[from] brn
|upkeep
|turn|5
|inactive|PkeL SweeTforU has 240 seconds left.
|
|t:|1758348383
|switch|p2a: Alomomola|Alomomola, M|100/100
|move|p1a: Darkrai|Nasty Plot|p1a: Darkrai
|-boost|p1a: Darkrai|spa|2
|
|-damage|p1a: Darkrai|89/100 brn|[from] brn
|upkeep
|turn|6
|
|t:|1758348400
|move|p1a: Darkrai|Nasty Plot|p1a: Darkrai
|-boost|p1a: Darkrai|spa|2
|move|p2a: Alomomola|Flip Turn|p1a: Darkrai
|-damage|p1a: Darkrai|79/100 brn
|inactive|PkeL SweeTforU has 210 seconds left.
|inactive|PkeL SweeTforU has 180 seconds left.
|
|t:|1758348463
|switch|p2a: Great Tusk|Great Tusk|100/100|[from] Flip Turn
|
|-damage|p1a: Darkrai|73/100 brn|[from] brn
|upkeep
|turn|7
|
|t:|1758348480
|-terastallize|p1a: Darkrai|Fairy
|move|p2a: Great Tusk|Close Combat|p1a: Darkrai
|-resisted|p1a: Darkrai
|-damage|p1a: Darkrai|56/100 brn
|-unboost|p2a: Great Tusk|def|1
|-unboost|p2a: Great Tusk|spd|1
|move|p1a: Darkrai|Tera Blast|p2a: Great Tusk|[anim] Tera Blast Fairy
|-supereffective|p2a: Great Tusk
|-damage|p2a: Great Tusk|0 fnt
|faint|p2a: Great Tusk
|-end|p2a: Great Tusk|Protosynthesis|[silent]
|
|-damage|p1a: Darkrai|50/100 brn|[from] brn
|upkeep
|inactive|PkeL SweeTforU has 180 seconds left.
|inactive|PkeL SweeTforU has 150 seconds left.
|inactive|PkeL SweeTforU has 120 seconds left.
|
|t:|1758348567
|switch|p2a: Alomomola|Alomomola, M|100/100
|turn|8
|
|t:|1758348592
|move|p1a: Darkrai|Rest|p1a: Darkrai
|-status|p1a: Darkrai|slp|[from] move: Rest
|-heal|p1a: Darkrai|100/100 slp|[silent]
|-enditem|p1a: Darkrai|Chesto Berry|[eat]
|-curestatus|p1a: Darkrai|slp|[msg]
|move|p2a: Alomomola|Mirror Coat||[still]
|-fail|p2a: Alomomola
|
|-sideend|p1: foolycl|Reflect
|upkeep
|turn|9
|
|t:|1758348603
|move|p1a: Darkrai|Nasty Plot|p1a: Darkrai
|-boost|p1a: Darkrai|spa|2
|move|p2a: Alomomola|Mirror Coat||[still]
|-fail|p2a: Alomomola
|
|-sideend|p1: foolycl|move: Light Screen
|upkeep
|turn|10
|inactive|foolycl has 180 seconds left.
|
|t:|1758348633
|move|p1a: Darkrai|Dark Pulse|p2a: Alomomola
|-damage|p2a: Alomomola|31/100
|cant|p2a: Alomomola|flinch
|
|upkeep
|turn|11
|c|☆PkeL SweeTforU|That's unfort 
|inactive|PkeL SweeTforU has 90 seconds left.
|c|☆foolycl|thats insanely lucky
|c|☆foolycl|sorry
|inactive|PkeL SweeTforU has 60 seconds left.
|inactive|PkeL SweeTforU has 30 seconds left.
|inactive|PkeL SweeTforU has 20 seconds left.
|inactive|PkeL SweeTforU has 15 seconds left.
|
|t:|1758348742
|switch|p2a: Cinderace|Cinderace, F|100/100
|move|p1a: Darkrai|Dark Pulse|p2a: Cinderace
|-crit|p2a: Cinderace
|-damage|p2a: Cinderace|0 fnt
|faint|p2a: Cinderace
|
|upkeep
|inactive|PkeL SweeTforU has 20 seconds left this turn.
|inactive|PkeL SweeTforU has 15 seconds left.
|inactive|PkeL SweeTforU has 10 seconds left.
|
|t:|1758348755
|switch|p2a: Alomomola|Alomomola, M|65/100
|turn|12
|inactive|PkeL SweeTforU has 20 seconds left this turn.
|
|t:|1758348760
|switch|p2a: Enamorus|Enamorus, F|100/100
|move|p1a: Darkrai|Dark Pulse|p2a: Enamorus
|-resisted|p2a: Enamorus
|-damage|p2a: Enamorus|0 fnt
|faint|p2a: Enamorus
|
|upkeep
|inactive|PkeL SweeTforU has 25 seconds left this turn.
|
|t:|1758348763
|switch|p2a: Alomomola|Alomomola, M|98/100
|turn|13
|
|t:|1758348767
|move|p1a: Darkrai|Nasty Plot|p1a: Darkrai
|-boost|p1a: Darkrai|spa|0
|move|p2a: Alomomola|Mirror Coat||[still]
|-fail|p2a: Alomomola
|
|upkeep
|turn|14
|
|t:|1758348770
|move|p1a: Darkrai|Nasty Plot|p1a: Darkrai
|-boost|p1a: Darkrai|spa|0
|move|p2a: Alomomola|Mirror Coat||[still]
|-fail|p2a: Alomomola
|
|upkeep
|turn|15
|
|t:|1758348772
|move|p1a: Darkrai|Nasty Plot|p1a: Darkrai
|-boost|p1a: Darkrai|spa|0
|move|p2a: Alomomola|Mirror Coat||[still]
|-fail|p2a: Alomomola
|
|upkeep
|turn|16
|
|t:|1758348776
|move|p1a: Darkrai|Nasty Plot|p1a: Darkrai
|-boost|p1a: Darkrai|spa|0
|move|p2a: Alomomola|Mirror Coat||[still]
|-fail|p2a: Alomomola
|
|upkeep
|turn|17
|
|t:|1758348789
|move|p1a: Darkrai|Nasty Plot|p1a: Darkrai
|-boost|p1a: Darkrai|spa|0
|move|p2a: Alomomola|Mirror Coat||[still]
|-fail|p2a: Alomomola
|
|upkeep
|turn|18
|
|t:|1758348792
|move|p1a: Darkrai|Nasty Plot|p1a: Darkrai
|-boost|p1a: Darkrai|spa|0
|move|p2a: Alomomola|Mirror Coat||[still]
|-fail|p2a: Alomomola
|
|upkeep
|turn|19
|
|t:|1758348794
|move|p1a: Darkrai|Nasty Plot|p1a: Darkrai
|-boost|p1a: Darkrai|spa|0
|move|p2a: Alomomola|Mirror Coat||[still]
|-fail|p2a: Alomomola
|
|upkeep
|turn|20
|
|t:|1758348799
|move|p1a: Darkrai|Nasty Plot|p1a: Darkrai
|-boost|p1a: Darkrai|spa|0
|move|p2a: Alomomola|Mirror Coat||[still]
|-fail|p2a: Alomomola
|
|upkeep
|turn|21
|
|t:|1758348816
|move|p1a: Darkrai|Rest|p1a: Darkrai
|-fail|p1a: Darkrai|heal
|move|p2a: Alomomola|Mirror Coat||[still]
|-fail|p2a: Alomomola
|
|upkeep
|turn|22
|
|t:|1758348822
|move|p1a: Darkrai|Rest|p1a: Darkrai
|-fail|p1a: Darkrai|heal
|move|p2a: Alomomola|Mirror Coat||[still]
|-fail|p2a: Alomomola
|
|upkeep
|turn|23
|
|t:|1758348829
|move|p1a: Darkrai|Nasty Plot|p1a: Darkrai
|-boost|p1a: Darkrai|spa|0
|move|p2a: Alomomola|Mirror Coat||[still]
|-fail|p2a: Alomomola
|
|upkeep
|turn|24
|
|t:|1758348833
|move|p1a: Darkrai|Nasty Plot|p1a: Darkrai
|-boost|p1a: Darkrai|spa|0
|move|p2a: Alomomola|Mirror Coat||[still]
|-fail|p2a: Alomomola
|
|upkeep
|turn|25
|
|t:|1758348835
|move|p1a: Darkrai|Nasty Plot|p1a: Darkrai
|-boost|p1a: Darkrai|spa|0
|move|p2a: Alomomola|Body Slam|p1a: Darkrai
|-damage|p1a: Darkrai|83/100
|
|upkeep
|turn|26
|
|t:|1758348839
|move|p1a: Darkrai|Nasty Plot|p1a: Darkrai
|-boost|p1a: Darkrai|spa|0
|move|p2a: Alomomola|Mirror Coat||[still]
|-fail|p2a: Alomomola
|
|upkeep
|turn|27
|
|t:|1758348841
|move|p1a: Darkrai|Nasty Plot|p1a: Darkrai
|-boost|p1a: Darkrai|spa|0
|move|p2a: Alomomola|Mirror Coat||[still]
|-fail|p2a: Alomomola
|
|upkeep
|turn|28
|
|t:|1758348845
|move|p1a: Darkrai|Dark Pulse|p2a: Alomomola
|-damage|p2a: Alomomola|16/100
|move|p2a: Alomomola|Mirror Coat|p1a: Darkrai
|-damage|p1a: Darkrai|0 fnt
|faint|p1a: Darkrai
|
|upkeep
|inactive|foolycl has 270 seconds left.
|
|t:|1758348902
|switch|p1a: Dragonite|Dragonite, M|100/100
|turn|29
|
|t:|1758348912
|switch|p2a: Amoonguss|Amoonguss, F|100/100
|move|p1a: Dragonite|Hurricane|p2a: Amoonguss
|-supereffective|p2a: Amoonguss
|-damage|p2a: Amoonguss|27/100
|-start|p2a: Amoonguss|confusion
|
|upkeep
|turn|30
|
|t:|1758348923
|switch|p2a: Alomomola|Alomomola, M|50/100
|move|p1a: Dragonite|Hurricane|p2a: Alomomola
|-damage|p2a: Alomomola|30/100
|
|upkeep
|turn|31
|
|t:|1758348932
|move|p1a: Dragonite|Dragon Dance|p1a: Dragonite
|-boost|p1a: Dragonite|atk|1
|-boost|p1a: Dragonite|spe|1
|move|p2a: Alomomola|Flip Turn|p1a: Dragonite
|-resisted|p1a: Dragonite
|-damage|p1a: Dragonite|96/100
|
|t:|1758348935
|switch|p2a: Amoonguss|Amoonguss, F|60/100|[from] Flip Turn
|
|upkeep
|turn|32
|
|t:|1758348943
|switch|p2a: Alomomola|Alomomola, M|63/100
|move|p1a: Dragonite|Earthquake|p2a: Alomomola
|-damage|p2a: Alomomola|21/100
|
|upkeep
|turn|33
|
|t:|1758348948
|switch|p2a: Amoonguss|Amoonguss, F|94/100
|move|p1a: Dragonite|Earthquake|p2a: Amoonguss
|-damage|p2a: Amoonguss|53/100
|
|upkeep
|turn|34
|
|t:|1758348955
|move|p1a: Dragonite|Earthquake|p2a: Amoonguss
|-damage|p2a: Amoonguss|16/100
|move|p2a: Amoonguss|Foul Play|p1a: Dragonite
|-damage|p1a: Dragonite|31/100
|
|upkeep
|turn|35
|
|t:|1758348960
|switch|p2a: Darkrai|Darkrai|100/100
|move|p1a: Dragonite|Earthquake|p2a: Darkrai
|-damage|p2a: Darkrai|25/100
|
|upkeep
|turn|36
|
|t:|1758348964
|move|p2a: Darkrai|Sucker Punch|p1a: Dragonite
|-damage|p1a: Dragonite|0 fnt
|faint|p1a: Dragonite
|
|upkeep
|inactive|foolycl has 270 seconds left.
|
|t:|1758349003
|switch|p1a: Ogerpon|Ogerpon-Wellspring, F|100/100
|turn|37
|inactive|PkeL SweeTforU has 240 seconds left.
|
|t:|1758349032
|-terastallize|p2a: Darkrai|Dark
|move|p2a: Darkrai|Dark Pulse|p1a: Ogerpon
|-damage|p1a: Ogerpon|32/100
|move|p1a: Ogerpon|Ivy Cudgel|p2a: Darkrai|[anim] Ivy Cudgel Water
|-damage|p2a: Darkrai|0 fnt
|faint|p2a: Darkrai
|
|upkeep
|
|t:|1758349044
|switch|p2a: Amoonguss|Amoonguss, F|49/100
|turn|38
|
|t:|1758349051
|switch|p1a: Gholdengo|Gholdengo|100/100
|move|p2a: Amoonguss|Synthesis|p2a: Amoonguss
|-heal|p2a: Amoonguss|99/100
|
|upkeep
|turn|39
|
|t:|1758349056
|move|p1a: Gholdengo|Shadow Ball|p2a: Amoonguss
|-damage|p2a: Amoonguss|54/100
|move|p2a: Amoonguss|Foul Play|p1a: Gholdengo
|-supereffective|p1a: Gholdengo
|-damage|p1a: Gholdengo|80/100
|-enditem|p1a: Gholdengo|Red Card|[of] p2a: Amoonguss
|drag|p2a: Alomomola|Alomomola, M|54/100
|
|upkeep
|turn|40
|inactive|PkeL SweeTforU has 240 seconds left.
|
|t:|1758349077
|move|p1a: Gholdengo|Nasty Plot|p1a: Gholdengo
|-boost|p1a: Gholdengo|spa|2
|move|p2a: Alomomola|Flip Turn|p1a: Gholdengo
|-damage|p1a: Gholdengo|62/100
|
|t:|1758349079
|switch|p2a: Amoonguss|Amoonguss, F|88/100|[from] Flip Turn
|
|upkeep
|turn|41
|
|t:|1758349087
|switch|p2a: Alomomola|Alomomola, M|87/100
|move|p1a: Gholdengo|Make It Rain|p2a: Alomomola
|-resisted|p2a: Alomomola
|-damage|p2a: Alomomola|54/100
|-unboost|p1a: Gholdengo|spa|1
|
|upkeep
|turn|42
|
|t:|1758349094
|move|p1a: Gholdengo|Nasty Plot|p1a: Gholdengo
|-boost|p1a: Gholdengo|spa|2
|move|p2a: Alomomola|Flip Turn|p1a: Gholdengo
|-damage|p1a: Gholdengo|44/100
|
|t:|1758349095
|switch|p2a: Amoonguss|Amoonguss, F|100/100|[from] Flip Turn
|
|upkeep
|turn|43
|inactive|PkeL SweeTforU has 240 seconds left.
|
|t:|1758349147
|move|p1a: Gholdengo|Shadow Ball|p2a: Amoonguss
|-damage|p2a: Amoonguss|0 fnt
|faint|p2a: Amoonguss
|
|upkeep
|
|t:|1758349150
|switch|p2a: Alomomola|Alomomola, M|87/100
|turn|44
|-message|PkeL SweeTforU forfeited.
|
|win|foolycl
|c|☆PkeL SweeTforU|gg 
|c|☆foolycl|gg sorry for the lame one
|c|☆PkeL SweeTforU|Thats pokemon 
|c|☆PkeL SweeTforU|You're good 
|player|p2|
