|j|☆tatak999
|j|☆PiinkLugia
|t:|1758285674
|gametype|singles
|player|p1|tatak999|pokekid|1275
|player|p2|PiinkLugia|170|1233
|gen|9
|tier|[Gen 9] OU
|rated|
|rule|HP Percentage Mod: HP is shown in percentages
|rule|Endless Battle Clause: Forcing endless battles is banned
|rule|Species Clause: Limit one of each Pokémon
|rule|OHKO Clause: OHKO moves are banned
|rule|Evasion Items Clause: Evasion items are banned
|rule|Evasion Moves Clause: Evasion moves are banned
|rule|Evasion Abilities Clause: Evasion abilities are banned
|rule|Sleep Moves Clause: Sleep-inducing moves are banned
|clearpoke
|poke|p1|Meowscarada, M|
|poke|p1|Kingambit, M|
|poke|p1|Dragonite, F|
|poke|p1|Slowking, M|
|poke|p1|Cinderace, M|
|poke|p1|Great Tusk|
|poke|p2|Great Tusk|
|poke|p2|Gholdengo|
|poke|p2|Toxapex, M|
|poke|p2|Dragapult, M|
|poke|p2|Heatran, F|
|poke|p2|Rillaboom, F|
|teampreview
|inactive|Battle timer is ON: inactive players will automatically lose when time's up. (requested by tatak999)
|
|t:|1758285692
|teamsize|p1|6
|teamsize|p2|6
|start
|switch|p1a: Cinderace|Cinderace, M, shiny|100/100
|switch|p2a: Heatwalk|Heatran, F, shiny|100/100
|turn|1
|
|t:|1758285700
|move|p1a: Cinderace|U-turn|p2a: Heatwalk
|-start|p1a: Cinderace|typechange|Bug|[from] ability: Libero
|-resisted|p2a: Heatwalk
|-damage|p2a: Heatwalk|94/100
|
|t:|1758285702
|switch|p1a: Great Tusk|Great Tusk, shiny|100/100|[from] U-turn
|move|p2a: Heatwalk|Stealth Rock|p1a: Great Tusk
|-sidestart|p1: tatak999|move: Stealth Rock
|
|-heal|p2a: Heatwalk|99/100|[from] item: Leftovers
|upkeep
|turn|2
|
|t:|1758285718
|switch|p2a: 5 Big Booms|Rillaboom, F, shiny|100/100
|-fieldstart|move: Grassy Terrain|[from] ability: Grassy Surge|[of] p2a: 5 Big Booms
|move|p1a: Great Tusk|Knock Off|p2a: 5 Big Booms
|-damage|p2a: 5 Big Booms|72/100
|-enditem|p2a: 5 Big Booms|Leftovers|[from] move: Knock Off|[of] p1a: Great Tusk
|
|-heal|p2a: 5 Big Booms|78/100|[from] Grassy Terrain
|upkeep
|turn|3
|
|t:|1758285731
|-end|p1a: Great Tusk|Protosynthesis|[silent]
|switch|p1a: Cinderace|Cinderace, M, shiny|100/100
|move|p2a: 5 Big Booms|Swords Dance|p2a: 5 Big Booms
|-boost|p2a: 5 Big Booms|atk|2
|
|-heal|p2a: 5 Big Booms|84/100|[from] Grassy Terrain
|upkeep
|turn|4
|
|t:|1758285742
|move|p1a: Cinderace|Pyro Ball|p2a: 5 Big Booms
|-supereffective|p2a: 5 Big Booms
|-damage|p2a: 5 Big Booms|0 fnt
|faint|p2a: 5 Big Booms
|
|upkeep
|inactive|PiinkLugia has 120 seconds left.
|
|t:|1758285770
|switch|p2a: Draco|Dragapult, M, shiny|100/100
|turn|5
|inactive|PiinkLugia has 120 seconds left.
|
|t:|1758285779
|move|p2a: Draco|Hydro Pump|p1a: Cinderace
|-supereffective|p1a: Cinderace
|-damage|p1a: Cinderace|0 fnt
|faint|p1a: Cinderace
|
|upkeep
|
|t:|1758285782
|switch|p1a: Kingambit|Kingambit, M, shiny|100/100
|-damage|p1a: Kingambit|94/100|[from] Stealth Rock
|-activate|p1a: Kingambit|ability: Supreme Overlord
|-start|p1a: Kingambit|fallen1|[silent]
|turn|6
|inactive|PiinkLugia has 120 seconds left.
|
|t:|1758285818
|switch|p2a: Heatwalk|Heatran, F, shiny|99/100
|move|p1a: Kingambit|Kowtow Cleave|p2a: Heatwalk
|-damage|p2a: Heatwalk|52/100
|
|-heal|p2a: Heatwalk|58/100|[from] Grassy Terrain
|-heal|p2a: Heatwalk|64/100|[from] item: Leftovers
|-heal|p1a: Kingambit|100/100|[from] Grassy Terrain
|-fieldend|move: Grassy Terrain
|upkeep
|turn|7
|
|t:|1758285832
|-terastallize|p1a: Kingambit|Fire
|move|p2a: Heatwalk|Stealth Rock||[still]
|-fail|p2a: Heatwalk
|move|p1a: Kingambit|Swords Dance|p1a: Kingambit
|-boost|p1a: Kingambit|atk|2
|
|-heal|p2a: Heatwalk|71/100|[from] item: Leftovers
|upkeep
|turn|8
|
|t:|1758285840
|move|p2a: Heatwalk|Earth Power|p1a: Kingambit
|-supereffective|p1a: Kingambit
|-damage|p1a: Kingambit|53/100
|move|p1a: Kingambit|Swords Dance|p1a: Kingambit
|-boost|p1a: Kingambit|atk|2
|
|-heal|p2a: Heatwalk|77/100|[from] item: Leftovers
|-heal|p1a: Kingambit|59/100|[from] item: Leftovers
|upkeep
|turn|9
|
|t:|1758285847
|move|p1a: Kingambit|Sucker Punch|p2a: Heatwalk
|-damage|p2a: Heatwalk|0 fnt
|faint|p2a: Heatwalk
|
|-heal|p1a: Kingambit|65/100|[from] item: Leftovers
|upkeep
|
|t:|1758285856
|switch|p2a: Tusky Boi|Great Tusk, shiny|100/100
|turn|10
|
|t:|1758285863
|move|p1a: Kingambit|Sucker Punch|p2a: Tusky Boi
|-resisted|p2a: Tusky Boi
|-damage|p2a: Tusky Boi|50/100
|move|p2a: Tusky Boi|Headlong Rush|p1a: Kingambit
|-supereffective|p1a: Kingambit
|-damage|p1a: Kingambit|0 fnt
|-unboost|p2a: Tusky Boi|def|1
|-unboost|p2a: Tusky Boi|spd|1
|faint|p1a: Kingambit
|-end|p1a: Kingambit|fallen1|[silent]
|
|upkeep
|
|t:|1758285867
|switch|p1a: Meowscarada|Meowscarada, M, shiny|100/100
|-damage|p1a: Meowscarada|88/100|[from] Stealth Rock
|turn|11
|inactive|PiinkLugia has 120 seconds left.
|
|t:|1758285879
|-end|p2a: Tusky Boi|Protosynthesis|[silent]
|switch|p2a: Draco|Dragapult, M, shiny|100/100
|move|p1a: Meowscarada|Flower Trick|p2a: Draco
|-start|p1a: Meowscarada|typechange|Grass|[from] ability: Protean
|-resisted|p2a: Draco
|-crit|p2a: Draco
|-damage|p2a: Draco|65/100
|
|upkeep
|turn|12
|inactive|PiinkLugia has 120 seconds left.
|
|t:|1758285894
|switch|p1a: Slowking|Slowking, M, shiny|100/100
|move|p2a: Draco|Draco Meteor|p1a: Slowking
|-damage|p1a: Slowking|51/100
|-unboost|p2a: Draco|spa|2
|
|upkeep
|turn|13
|
|t:|1758285901
|switch|p2a: Detox|Toxapex, M, shiny|100/100
|-prepare|p1a: Slowking|Chilly Reception|[premajor]
|move|p1a: Slowking|Chilly Reception|p1a: Slowking
|-weather|Snowscape
|
|t:|1758285905
|switch|p1a: Great Tusk|Great Tusk, shiny|100/100|[from] Chilly Reception
|-damage|p1a: Great Tusk|97/100|[from] Stealth Rock
|
|-weather|Snowscape|[upkeep]
|upkeep
|turn|14
|
|t:|1758285914
|-terastallize|p2a: Detox|Fairy
|move|p1a: Great Tusk|Knock Off|p2a: Detox
|-resisted|p2a: Detox
|-crit|p2a: Detox
|-damage|p2a: Detox|89/100
|-enditem|p2a: Detox|Black Sludge|[from] move: Knock Off|[of] p1a: Great Tusk
|move|p2a: Detox|Toxic Spikes|p1a: Great Tusk
|-sidestart|p1: tatak999|move: Toxic Spikes
|
|-weather|Snowscape|[upkeep]
|upkeep
|turn|15
|
|t:|1758285923
|move|p1a: Great Tusk|Rapid Spin|p2a: Detox
|-damage|p2a: Detox|80/100
|-boost|p1a: Great Tusk|spe|1
|-sideend|p1: tatak999|Toxic Spikes|[from] move: Rapid Spin|[of] p1a: Great Tusk
|-sideend|p1: tatak999|Stealth Rock|[from] move: Rapid Spin|[of] p1a: Great Tusk
|move|p2a: Detox|Toxic|p1a: Great Tusk
|-status|p1a: Great Tusk|tox
|
|-weather|Snowscape|[upkeep]
|-damage|p1a: Great Tusk|91/100 tox|[from] psn
|upkeep
|turn|16
|
|t:|1758285933
|-end|p1a: Great Tusk|Protosynthesis|[silent]
|switch|p1a: Dragonite|Dragonite, F, shiny|100/100
|move|p2a: Detox|Recover|p2a: Detox
|-heal|p2a: Detox|100/100
|
|-weather|Snowscape|[upkeep]
|upkeep
|turn|17
|
|t:|1758285945
|switch|p1a: Slowking|Slowking, M, shiny|84/100
|move|p2a: Detox|Toxic|p1a: Slowking
|-status|p1a: Slowking|tox
|
|-weather|none
|-damage|p1a: Slowking|78/100 tox|[from] psn
|upkeep
|turn|18
|
|t:|1758285965
|switch|p2a: Ringo|Gholdengo|100/100
|-item|p2a: Ringo|Air Balloon
|move|p1a: Slowking|Future Sight|p2a: Ringo
|-start|p1a: Slowking|move: Future Sight
|
|-damage|p1a: Slowking|66/100 tox|[from] psn
|upkeep
|turn|19
|
|t:|1758285973
|move|p2a: Ringo|Nasty Plot|p2a: Ringo
|-boost|p2a: Ringo|spa|2
|-prepare|p1a: Slowking|Chilly Reception|[premajor]
|move|p1a: Slowking|Chilly Reception|p1a: Slowking
|-weather|Snowscape
|
|t:|1758285975
|switch|p1a: Meowscarada|Meowscarada, M, shiny|88/100|[from] Chilly Reception
|
|-weather|Snowscape|[upkeep]
|upkeep
|turn|20
|
|t:|1758285982
|move|p1a: Meowscarada|Knock Off|p2a: Ringo
|-start|p1a: Meowscarada|typechange|Dark|[from] ability: Protean
|-supereffective|p2a: Ringo
|-damage|p2a: Ringo|0 fnt
|-enditem|p2a: Ringo|Air Balloon
|faint|p2a: Ringo
|
|-weather|Snowscape|[upkeep]
|-hint|Future Sight did not hit because the target is fainted.
|upkeep
|
|t:|1758286008
|switch|p2a: Detox|Toxapex, M, shiny, tera:Fairy|100/100
|turn|21
|
|t:|1758286012
|switch|p1a: Slowking|Slowking, M, shiny|99/100 tox
|move|p2a: Detox|Toxic|p1a: Slowking
|-fail|p1a: Slowking|tox
|
|-weather|Snowscape|[upkeep]
|-damage|p1a: Slowking|93/100 tox|[from] psn
|upkeep
|turn|22
|
|t:|1758286030
|move|p2a: Detox|Toxic Spikes|p1a: Slowking
|-sidestart|p1: tatak999|move: Toxic Spikes
|move|p1a: Slowking|Future Sight|p2a: Detox
|-start|p1a: Slowking|move: Future Sight
|
|-weather|Snowscape|[upkeep]
|-damage|p1a: Slowking|81/100 tox|[from] psn
|upkeep
|turn|23
|
|t:|1758286037
|move|p2a: Detox|Toxic Spikes|p1a: Slowking
|-sidestart|p1: tatak999|move: Toxic Spikes
|move|p1a: Slowking|Psychic|p2a: Detox
|-damage|p2a: Detox|75/100
|
|-weather|none
|-damage|p1a: Slowking|62/100 tox|[from] psn
|upkeep
|turn|24
|
|t:|1758286043
|move|p2a: Detox|Recover|p2a: Detox
|-heal|p2a: Detox|100/100
|-prepare|p1a: Slowking|Chilly Reception|[premajor]
|move|p1a: Slowking|Chilly Reception|p1a: Slowking
|-weather|Snowscape
|
|t:|1758286045
|switch|p1a: Great Tusk|Great Tusk, shiny|91/100 tox|[from] Chilly Reception
|
|-weather|Snowscape|[upkeep]
|-end|p2a: Detox|move: Future Sight
|-damage|p2a: Detox|63/100
|-damage|p1a: Great Tusk|85/100 tox|[from] psn
|upkeep
|turn|25
|
|t:|1758286056
|switch|p2a: Draco|Dragapult, M, shiny|65/100
|move|p1a: Great Tusk|Earthquake|p2a: Draco
|-damage|p2a: Draco|6/100
|
|-weather|Snowscape|[upkeep]
|-damage|p1a: Great Tusk|73/100 tox|[from] psn
|upkeep
|turn|26
|
|t:|1758286073
|move|p2a: Draco|Draco Meteor|p1a: Great Tusk
|-damage|p1a: Great Tusk|0 fnt
|-unboost|p2a: Draco|spa|2
|faint|p1a: Great Tusk
|-end|p1a: Great Tusk|Protosynthesis|[silent]
|
|-weather|Snowscape|[upkeep]
|upkeep
|
|t:|1758286080
|switch|p1a: Slowking|Slowking, M, shiny|96/100 tox
|turn|27
|
|t:|1758286086
|switch|p2a: Detox|Toxapex, M, shiny, tera:Fairy|96/100
|move|p1a: Slowking|Future Sight|p2a: Detox
|-start|p1a: Slowking|move: Future Sight
|
|-weather|Snowscape|[upkeep]
|-damage|p1a: Slowking|90/100 tox|[from] psn
|upkeep
|turn|28
|
|t:|1758286097
|move|p2a: Detox|Haze|p2a: Detox
|-clearallboost
|-prepare|p1a: Slowking|Chilly Reception|[premajor]
|move|p1a: Slowking|Chilly Reception|p1a: Slowking
|
|t:|1758286099
|switch|p1a: Meowscarada|Meowscarada, M, shiny|88/100|[from] Chilly Reception
|-status|p1a: Meowscarada|tox
|
|-weather|none
|-damage|p1a: Meowscarada|82/100 tox|[from] psn
|upkeep
|turn|29
|
|t:|1758286110
|move|p1a: Meowscarada|Trick|p2a: Detox
|-start|p1a: Meowscarada|typechange|Psychic|[from] ability: Protean
|-activate|p1a: Meowscarada|move: Trick|[of] p2a: Detox
|-item|p2a: Detox|Choice Scarf|[from] move: Trick
|-enditem|p1a: Meowscarada|Choice Scarf|[silent]|[from] move: Trick
|move|p2a: Detox|Haze|p2a: Detox
|-clearallboost
|
|-end|p2a: Detox|move: Future Sight
|-damage|p2a: Detox|62/100
|-damage|p1a: Meowscarada|70/100 tox|[from] psn
|upkeep
|turn|30
|
|t:|1758286128
|switch|p1a: Slowking|Slowking, M, shiny|100/100 tox
|move|p2a: Detox|Haze|p2a: Detox
|-clearallboost
|
|-damage|p1a: Slowking|94/100 tox|[from] psn
|upkeep
|turn|31
|
|t:|1758286147
|move|p2a: Detox|Haze|p2a: Detox
|-clearallboost
|move|p1a: Slowking|Future Sight|p2a: Detox
|-start|p1a: Slowking|move: Future Sight
|
|-damage|p1a: Slowking|82/100 tox|[from] psn
|upkeep
|turn|32
|
|t:|1758286153
|switch|p2a: Tusky Boi|Great Tusk, shiny|50/100
|-prepare|p1a: Slowking|Chilly Reception|[premajor]
|move|p1a: Slowking|Chilly Reception|p1a: Slowking
|-weather|Snowscape
|
|t:|1758286155
|switch|p1a: Dragonite|Dragonite, F, shiny|100/100|[from] Chilly Reception
|
|-weather|Snowscape|[upkeep]
|upkeep
|turn|33
|
|t:|1758286163
|switch|p1a: Meowscarada|Meowscarada, M, shiny|70/100 tox
|move|p2a: Tusky Boi|Ice Spinner|p1a: Meowscarada
|-supereffective|p1a: Meowscarada
|-damage|p1a: Meowscarada|0 fnt
|faint|p1a: Meowscarada
|
|-weather|Snowscape|[upkeep]
|-end|p2a: Tusky Boi|move: Future Sight
|-supereffective|p2a: Tusky Boi
|-damage|p2a: Tusky Boi|0 fnt
|faint|p2a: Tusky Boi
|-end|p2a: Tusky Boi|Protosynthesis|[silent]
|upkeep
|
|t:|1758286178
|switch|p1a: Slowking|Slowking, M, shiny|100/100 tox
|switch|p2a: Draco|Dragapult, M, shiny|6/100
|turn|34
|
|t:|1758286182
|move|p2a: Draco|Shadow Ball|p1a: Slowking
|-supereffective|p1a: Slowking
|-damage|p1a: Slowking|42/100 tox
|move|p1a: Slowking|Future Sight|p2a: Draco
|-start|p1a: Slowking|move: Future Sight
|
|-weather|Snowscape|[upkeep]
|-damage|p1a: Slowking|36/100 tox|[from] psn
|upkeep
|turn|35
|
|t:|1758286188
|move|p2a: Draco|Shadow Ball|p1a: Slowking
|-supereffective|p1a: Slowking
|-damage|p1a: Slowking|0 fnt
|faint|p1a: Slowking
|
|-weather|Snowscape|[upkeep]
|upkeep
|
|t:|1758286191
|switch|p1a: Dragonite|Dragonite, F, shiny|100/100
|turn|36
|
|t:|1758286198
|switch|p2a: Detox|Toxapex, M, shiny, tera:Fairy|96/100
|move|p1a: Dragonite|Ice Spinner|p2a: Detox
|-damage|p2a: Detox|66/100
|
|-weather|none
|-end|p2a: Detox|move: Future Sight
|-damage|p2a: Detox|34/100
|upkeep
|turn|37
|
|t:|1758286209
|move|p1a: Dragonite|Ice Spinner|p2a: Detox
|-damage|p2a: Detox|4/100
|move|p2a: Detox|Toxic|p1a: Dragonite
|-status|p1a: Dragonite|tox
|
|-damage|p1a: Dragonite|94/100 tox|[from] psn
|upkeep
|turn|38
|
|t:|1758286215
|move|p1a: Dragonite|Ice Spinner|p2a: Detox
|-damage|p2a: Detox|0 fnt
|faint|p2a: Detox
|
|-damage|p1a: Dragonite|82/100 tox|[from] psn
|upkeep
|
|t:|1758286220
|switch|p2a: Draco|Dragapult, M, shiny|6/100
|turn|39
|
|t:|1758286223
|move|p2a: Draco|Draco Meteor|p1a: Dragonite
|-supereffective|p1a: Dragonite
|-damage|p1a: Dragonite|0 fnt
|-unboost|p2a: Draco|spa|2
|faint|p1a: Dragonite
|
|win|PiinkLugia
|raw|tatak999's rating: 1275 &rarr; <strong>1247</strong><br />(-28 for losing)
|raw|PiinkLugia's rating: 1233 &rarr; <strong>1261</strong><br />(+28 for winning)
|c|☆PiinkLugia|GG
|l|☆tatak999
|player|p1|
