|j|☆vegancrosfit
|j|☆Crogenius2
|t:|1758283559
|gametype|singles
|player|p1|vegancrosfit|cyclist-gen4|1607
|player|p2|Crogenius2|wattson|1724
|gen|9
|tier|[Gen 9] OU
|rated|
|rule|HP Percentage Mod: HP is shown in percentages
|rule|Endless Battle Clause: Forcing endless battles is banned
|rule|Species Clause: Limit one of each Pokémon
|rule|OHKO Clause: OHKO moves are banned
|rule|Evasion Items Clause: Evasion items are banned
|rule|Evasion Moves Clause: Evasion moves are banned
|rule|Evasion Abilities Clause: Evasion abilities are banned
|rule|Sleep Moves Clause: Sleep-inducing moves are banned
|clearpoke
|poke|p1|Pelipper, F|
|poke|p1|Raging Bolt|
|poke|p1|Hatterene, F|
|poke|p1|Barraskewda, M|
|poke|p1|Great Tusk|
|poke|p1|Tornadus-Therian, M|
|poke|p2|Vaporeon, M|
|poke|p2|Garchomp, F|
|poke|p2|Gholdengo|
|poke|p2|Darkrai|
|poke|p2|Scizor, M|
|poke|p2|Great Tusk|
|teampreview
|inactive|Battle timer is ON: inactive players will automatically lose when time's up. (requested by Crogenius2)
|
|t:|1758283565
|teamsize|p1|6
|teamsize|p2|6
|start
|switch|p1a: Raging Bolt|Raging Bolt|100/100
|switch|p2a: Darkrai|Darkrai|100/100
|turn|1
|
|t:|1758283576
|switch|p2a: Vaporeon|Vaporeon, M|100/100
|-terastallize|p1a: Raging Bolt|Electric
|move|p1a: Raging Bolt|Volt Switch|p2a: Vaporeon
|-supereffective|p2a: Vaporeon
|-damage|p2a: Vaporeon|5/100
|
|t:|1758283588
|-end|p1a: Raging Bolt|Protosynthesis|[silent]
|switch|p1a: Tornadus|Tornadus-Therian, M|100/100|[from] Volt Switch
|
|-heal|p2a: Vaporeon|11/100|[from] item: Leftovers
|upkeep
|turn|2
|
|t:|1758283589
|move|p2a: Vaporeon|Protect|p2a: Vaporeon
|-singleturn|p2a: Vaporeon|Protect
|move|p1a: Tornadus|U-turn|p2a: Vaporeon
|-activate|p2a: Vaporeon|move: Protect
|
|-heal|p2a: Vaporeon|17/100|[from] item: Leftovers
|upkeep
|turn|3
|
|t:|1758283593
|switch|p2a: Garchomp|Garchomp, F|100/100
|move|p1a: Tornadus|Hurricane|p2a: Garchomp
|-damage|p2a: Garchomp|61/100
|
|upkeep
|turn|4
|
|t:|1758283599
|switch|p1a: Hatterene|Hatterene, F|100/100
|move|p2a: Garchomp|Earthquake|p1a: Hatterene
|-damage|p1a: Hatterene|66/100
|
|-heal|p1a: Hatterene|72/100|[from] item: Leftovers
|upkeep
|turn|5
|
|t:|1758283603
|switch|p2a: Scizor|Scizor, M|100/100
|move|p1a: Hatterene|Draining Kiss|p2a: Scizor
|-resisted|p2a: Scizor
|-damage|p2a: Scizor|87/100
|-heal|p1a: Hatterene|84/100|[from] drain|[of] p2a: Scizor
|
|-heal|p1a: Hatterene|89/100|[from] item: Leftovers
|upkeep
|turn|6
|
|t:|1758283608
|switch|p1a: Pelipper|Pelipper, F|100/100
|-weather|RainDance|[from] ability: Drizzle|[of] p1a: Pelipper
|move|p2a: Scizor|U-turn|p1a: Pelipper
|-resisted|p1a: Pelipper
|-damage|p1a: Pelipper|76/100
|
|t:|1758283611
|switch|p2a: Darkrai|Darkrai|100/100|[from] U-turn
|
|-weather|RainDance|[upkeep]
|upkeep
|turn|7
|
|t:|1758283614
|switch|p1a: Tornadus|Tornadus-Therian, M|100/100
|-terastallize|p2a: Darkrai|Dark
|move|p2a: Darkrai|Dark Pulse|p1a: Tornadus
|-damage|p1a: Tornadus|62/100
|
|-weather|RainDance|[upkeep]
|upkeep
|turn|8
|
|t:|1758283619
|switch|p2a: Garchomp|Garchomp, F|61/100
|move|p1a: Tornadus|U-turn|p2a: Garchomp
|-damage|p2a: Garchomp|52/100
|-damage|p1a: Tornadus|49/100|[from] ability: Rough Skin|[of] p2a: Garchomp
|-damage|p1a: Tornadus|33/100|[from] item: Rocky Helmet|[of] p2a: Garchomp
|j| wgw2333
|
|t:|1758283631
|switch|p1a: Hatterene|Hatterene, F|89/100|[from] U-turn
|
|-weather|RainDance|[upkeep]
|-heal|p1a: Hatterene|95/100|[from] item: Leftovers
|upkeep
|turn|9
|
|t:|1758283634
|move|p2a: Garchomp|Earthquake|p1a: Hatterene
|-damage|p1a: Hatterene|61/100
|move|p1a: Hatterene|Draining Kiss|p2a: Garchomp
|-supereffective|p2a: Garchomp
|-damage|p2a: Garchomp|8/100
|-heal|p1a: Hatterene|100/100|[from] drain|[of] p2a: Garchomp
|-damage|p1a: Hatterene|88/100|[from] ability: Rough Skin|[of] p2a: Garchomp
|-damage|p1a: Hatterene|72/100|[from] item: Rocky Helmet|[of] p2a: Garchomp
|
|-weather|RainDance|[upkeep]
|-heal|p1a: Hatterene|78/100|[from] item: Leftovers
|upkeep
|turn|10
|j| powerfull_rock
|
|t:|1758283639
|switch|p2a: Scizor|Scizor, M|87/100
|move|p1a: Hatterene|Draining Kiss|p2a: Scizor
|-resisted|p2a: Scizor
|-damage|p2a: Scizor|72/100
|-heal|p1a: Hatterene|89/100|[from] drain|[of] p2a: Scizor
|
|-weather|RainDance|[upkeep]
|-heal|p1a: Hatterene|95/100|[from] item: Leftovers
|upkeep
|turn|11
|
|t:|1758283643
|switch|p1a: Great Tusk|Great Tusk|100/100
|move|p2a: Scizor|U-turn|p1a: Great Tusk
|-resisted|p1a: Great Tusk
|-damage|p1a: Great Tusk|86/100
|
|t:|1758283647
|switch|p2a: Darkrai|Darkrai, tera:Dark|100/100|[from] U-turn
|
|-weather|RainDance|[upkeep]
|-heal|p1a: Great Tusk|92/100|[from] item: Leftovers
|upkeep
|turn|12
|l| powerfull_rock
|
|t:|1758283653
|move|p2a: Darkrai|Ice Beam|p1a: Great Tusk
|-supereffective|p1a: Great Tusk
|-damage|p1a: Great Tusk|0 fnt
|faint|p1a: Great Tusk
|-end|p1a: Great Tusk|Protosynthesis|[silent]
|
|-weather|RainDance|[upkeep]
|upkeep
|
|t:|1758283656
|switch|p1a: Barraskewda|Barraskewda, M|100/100
|turn|13
|
|t:|1758283658
|switch|p2a: Garchomp|Garchomp, F|8/100
|move|p1a: Barraskewda|Close Combat|p2a: Garchomp
|-damage|p2a: Garchomp|0 fnt
|-unboost|p1a: Barraskewda|def|1
|-unboost|p1a: Barraskewda|spd|1
|-damage|p1a: Barraskewda|88/100|[from] ability: Rough Skin|[of] p2a: Garchomp
|-damage|p1a: Barraskewda|72/100|[from] item: Rocky Helmet|[of] p2a: Garchomp
|faint|p2a: Garchomp
|
|-weather|none
|upkeep
|
|t:|1758283660
|switch|p2a: Gholdengo|Gholdengo|100/100
|turn|14
|
|t:|1758283673
|switch|p2a: Vaporeon|Vaporeon, M|17/100
|switch|p1a: Tornadus|Tornadus-Therian, M|66/100
|
|-heal|p2a: Vaporeon|24/100|[from] item: Leftovers
|upkeep
|turn|15
|
|t:|1758283677
|switch|p1a: Raging Bolt|Raging Bolt, tera:Electric|100/100
|move|p2a: Vaporeon|Protect||[still]
|-fail|p2a: Vaporeon
|
|-heal|p2a: Vaporeon|30/100|[from] item: Leftovers
|upkeep
|turn|16
|
|t:|1758283682
|move|p2a: Vaporeon|Protect|p2a: Vaporeon
|-singleturn|p2a: Vaporeon|Protect
|move|p1a: Raging Bolt|Draco Meteor|p2a: Vaporeon
|-activate|p2a: Vaporeon|move: Protect
|
|-heal|p2a: Vaporeon|36/100|[from] item: Leftovers
|upkeep
|turn|17
|
|t:|1758283688
|switch|p2a: Gholdengo|Gholdengo|100/100
|move|p1a: Raging Bolt|Draco Meteor|p2a: Gholdengo
|-resisted|p2a: Gholdengo
|-damage|p2a: Gholdengo|34/100
|-unboost|p1a: Raging Bolt|spa|2
|
|upkeep
|turn|18
|
|t:|1758283694
|-end|p1a: Raging Bolt|Protosynthesis|[silent]
|switch|p1a: Tornadus|Tornadus-Therian, M|99/100
|move|p2a: Gholdengo|Trick|p1a: Tornadus
|-activate|p2a: Gholdengo|move: Trick|[of] p1a: Tornadus
|-item|p1a: Tornadus|Choice Scarf|[from] move: Trick
|-item|p2a: Gholdengo|Assault Vest|[from] move: Trick
|
|upkeep
|turn|19
|
|t:|1758283701
|move|p1a: Tornadus|Dark Pulse|p2a: Gholdengo
|-supereffective|p2a: Gholdengo
|-damage|p2a: Gholdengo|5/100
|cant|p2a: Gholdengo|flinch
|
|upkeep
|turn|20
|
|t:|1758283705
|switch|p2a: Darkrai|Darkrai, tera:Dark|100/100
|move|p1a: Tornadus|Dark Pulse|p2a: Darkrai
|-resisted|p2a: Darkrai
|-damage|p2a: Darkrai|87/100
|
|upkeep
|turn|21
|
|t:|1758283734
|switch|p1a: Pelipper|Pelipper, F|76/100
|-weather|RainDance|[from] ability: Drizzle|[of] p1a: Pelipper
|move|p2a: Darkrai|Dark Pulse|p1a: Pelipper
|-crit|p1a: Pelipper
|-damage|p1a: Pelipper|0 fnt
|faint|p1a: Pelipper
|
|-weather|RainDance|[upkeep]
|upkeep
|l|☆Crogenius2
|inactive|Crogenius2 disconnected and has a minute to reconnect!
|player|p2|
|
|t:|1758283737
|switch|p1a: Barraskewda|Barraskewda, M|72/100
|turn|22
|j|☆Crogenius2
|inactive|Crogenius2 reconnected and has 140 seconds left.
|player|p2|Crogenius2|wattson|
|
|t:|1758283751
|switch|p2a: Gholdengo|Gholdengo|5/100
|move|p1a: Barraskewda|Close Combat|p2a: Gholdengo
|-immune|p2a: Gholdengo
|
|-weather|RainDance|[upkeep]
|upkeep
|turn|23
|
|t:|1758283756
|switch|p1a: Tornadus|Tornadus-Therian, M|100/100
|move|p2a: Gholdengo|Shadow Ball|p1a: Tornadus
|-damage|p1a: Tornadus|68/100
|
|-weather|RainDance|[upkeep]
|upkeep
|turn|24
|
|t:|1758283765
|switch|p2a: Vaporeon|Vaporeon, M|36/100
|move|p1a: Tornadus|Hurricane|p2a: Vaporeon
|-damage|p2a: Vaporeon|12/100
|-start|p2a: Vaporeon|confusion
|
|-weather|RainDance|[upkeep]
|-heal|p2a: Vaporeon|18/100|[from] item: Leftovers
|upkeep
|turn|25
|
|t:|1758283767
|-activate|p2a: Vaporeon|confusion
|-damage|p2a: Vaporeon|13/100|[from] confusion
|move|p1a: Tornadus|Hurricane|p2a: Vaporeon
|-damage|p2a: Vaporeon|0 fnt
|faint|p2a: Vaporeon
|
|-weather|RainDance|[upkeep]
|upkeep
|
|t:|1758283770
|switch|p2a: Darkrai|Darkrai, tera:Dark|87/100
|turn|26
|
|t:|1758283777
|move|p1a: Tornadus|Hurricane|p2a: Darkrai
|-damage|p2a: Darkrai|29/100
|move|p2a: Darkrai|Ice Beam|p1a: Tornadus
|-supereffective|p1a: Tornadus
|-damage|p1a: Tornadus|0 fnt
|faint|p1a: Tornadus
|
|-weather|RainDance|[upkeep]
|upkeep
|
|t:|1758283781
|switch|p1a: Barraskewda|Barraskewda, M|72/100
|turn|27
|
|t:|1758283784
|move|p1a: Barraskewda|Liquidation|p2a: Darkrai
|-damage|p2a: Darkrai|0 fnt
|faint|p2a: Darkrai
|
|-weather|RainDance|[upkeep]
|upkeep
|
|t:|1758283787
|switch|p2a: Scizor|Scizor, M|72/100
|turn|28
|
|t:|1758283791
|move|p2a: Scizor|Bullet Punch|p1a: Barraskewda
|-resisted|p1a: Barraskewda
|-damage|p1a: Barraskewda|21/100
|move|p1a: Barraskewda|Liquidation|p2a: Scizor
|-damage|p2a: Scizor|0 fnt
|faint|p2a: Scizor
|
|-weather|none
|upkeep
|
|t:|1758283795
|switch|p2a: Great Tusk|Great Tusk|100/100
|turn|29
|
|t:|1758283800
|move|p1a: Barraskewda|Liquidation|p2a: Great Tusk
|-supereffective|p2a: Great Tusk
|-damage|p2a: Great Tusk|0 fnt
|faint|p2a: Great Tusk
|-end|p2a: Great Tusk|Protosynthesis|[silent]
|
|upkeep
|
|t:|1758283803
|switch|p2a: Gholdengo|Gholdengo|5/100
|turn|30
|
|t:|1758283805
|move|p1a: Barraskewda|Liquidation|p2a: Gholdengo
|-damage|p2a: Gholdengo|0 fnt
|faint|p2a: Gholdengo
|
|win|vegancrosfit
|raw|vegancrosfit's rating: 1607 &rarr; <strong>1633</strong><br />(+26 for winning)
|raw|Crogenius2's rating: 1724 &rarr; <strong>1698</strong><br />(-26 for losing)
|l|☆Crogenius2
|player|p2|
|c|☆vegancrosfit|gg
|l|☆vegancrosfit
|player|p1|
