|j|☆mo007001
|j|‽Dhaysy1
|t:|1758257523
|gametype|singles
|player|p1|mo007001|clerk|1148
|player|p2|Dhaysy1|lucas|1115
|gen|9
|tier|[Gen 9] OU
|rated|
|rule|HP Percentage Mod: HP is shown in percentages
|rule|Endless Battle Clause: Forcing endless battles is banned
|rule|Species Clause: Limit one of each Pokémon
|rule|OHKO Clause: OHKO moves are banned
|rule|Evasion Items Clause: Evasion items are banned
|rule|Evasion Moves Clause: Evasion moves are banned
|rule|Evasion Abilities Clause: Evasion abilities are banned
|rule|Sleep Moves Clause: Sleep-inducing moves are banned
|clearpoke
|poke|p1|Tyranitar, F|
|poke|p1|Excadrill, F|
|poke|p1|Scizor, M|
|poke|p1|Zoroark-Hisui, F|
|poke|p1|Ditto|
|poke|p1|Gallade, M|
|poke|p2|Tyranitar, F|
|poke|p2|Excadrill, M|
|poke|p2|Garganacl, M|
|poke|p2|Glimmora, F|
|poke|p2|Gliscor, M|
|poke|p2|Great Tusk|
|teampreview
|
|t:|1758257535
|teamsize|p1|6
|teamsize|p2|6
|start
|switch|p1a: Tyranitar|Tyranitar, F|100/100
|switch|p2a: Glimmora|Glimmora, F|100/100
|-weather|Sandstorm|[from] ability: Sand Stream|[of] p1a: Tyranitar
|turn|1
|
|t:|1758257545
|move|p2a: Glimmora|Stealth Rock|p1a: Tyranitar
|-sidestart|p1: mo007001|move: Stealth Rock
|move|p1a: Tyranitar|Stealth Rock|p2a: Glimmora
|-sidestart|p2: Dhaysy1|move: Stealth Rock
|
|-weather|Sandstorm|[upkeep]
|upkeep
|turn|2
|
|t:|1758257552
|switch|p1a: Excadrill|Excadrill, F|100/100
|-damage|p1a: Excadrill|97/100|[from] Stealth Rock
|-item|p1a: Excadrill|Air Balloon
|move|p2a: Glimmora|Mortal Spin|p1a: Excadrill
|-immune|p1a: Excadrill
|
|-weather|Sandstorm|[upkeep]
|upkeep
|turn|3
|
|t:|1758257563
|move|p2a: Glimmora|Spiky Shield|p2a: Glimmora
|-singleturn|p2a: Glimmora|move: Protect
|move|p1a: Excadrill|Swords Dance|p1a: Excadrill
|-boost|p1a: Excadrill|atk|2
|
|-weather|Sandstorm|[upkeep]
|upkeep
|turn|4
|
|t:|1758257571
|switch|p2a: Gliscor|Gliscor, M|100/100
|-damage|p2a: Gliscor|88/100|[from] Stealth Rock
|move|p1a: Excadrill|Rapid Spin|p2a: Gliscor
|-damage|p2a: Gliscor|55/100
|-boost|p1a: Excadrill|spe|1
|-sideend|p1: mo007001|Stealth Rock|[from] move: Rapid Spin|[of] p1a: Excadrill
|
|-weather|Sandstorm|[upkeep]
|-status|p2a: Gliscor|tox|[from] item: Toxic Orb
|upkeep
|turn|5
|
|t:|1758257584
|move|p2a: Gliscor|Protect|p2a: Gliscor
|-singleturn|p2a: Gliscor|Protect
|move|p1a: Excadrill|Rock Slide|p2a: Gliscor
|-activate|p2a: Gliscor|move: Protect
|
|-weather|none
|-heal|p2a: Gliscor|68/100 tox|[from] ability: Poison Heal
|upkeep
|turn|6
|
|t:|1758257597
|move|p1a: Excadrill|Rock Slide|p2a: Gliscor
|-damage|p2a: Gliscor|17/100 tox
|move|p2a: Gliscor|Facade|p1a: Excadrill
|-resisted|p1a: Excadrill
|-damage|p1a: Excadrill|68/100
|-enditem|p1a: Excadrill|Air Balloon
|
|-heal|p2a: Gliscor|29/100 tox|[from] ability: Poison Heal
|upkeep
|turn|7
|
|t:|1758257608
|move|p2a: Gliscor|Protect|p2a: Gliscor
|-singleturn|p2a: Gliscor|Protect
|move|p1a: Excadrill|Rock Slide|p2a: Gliscor
|-activate|p2a: Gliscor|move: Protect
|
|-heal|p2a: Gliscor|41/100 tox|[from] ability: Poison Heal
|upkeep
|turn|8
|
|t:|1758257618
|move|p1a: Excadrill|Rock Slide|p2a: Gliscor|[miss]
|-miss|p1a: Excadrill|p2a: Gliscor
|move|p2a: Gliscor|Earthquake|p1a: Excadrill
|-supereffective|p1a: Excadrill
|-damage|p1a: Excadrill|0 fnt
|faint|p1a: Excadrill
|
|-heal|p2a: Gliscor|54/100 tox|[from] ability: Poison Heal
|upkeep
|
|t:|1758257637
|switch|p1a: Gallade|Gallade, M|100/100
|turn|9
|
|t:|1758257641
|move|p2a: Gliscor|Protect|p2a: Gliscor
|-singleturn|p2a: Gliscor|Protect
|move|p1a: Gallade|Bitter Malice|p2a: Gliscor
|-activate|p2a: Gliscor|move: Protect
|
|-heal|p2a: Gliscor|66/100 tox|[from] ability: Poison Heal
|upkeep
|turn|10
|
|t:|1758257657
|switch|p2a: Glimmora|Glimmora, F|100/100
|-damage|p2a: Glimmora|88/100|[from] Stealth Rock
|move|p1a: Gallade|Bitter Malice|p2a: Glimmora
|-damage|p2a: Glimmora|25/100
|-unboost|p2a: Glimmora|atk|1
|
|upkeep
|turn|11
|
|t:|1758257668
|move|p1a: Gallade|Bitter Malice|p2a: Glimmora
|-damage|p2a: Glimmora|0 fnt
|faint|p2a: Glimmora
|
|upkeep
|
|t:|1758257678
|switch|p2a: Tyranitar|Tyranitar, F|100/100
|-damage|p2a: Tyranitar|88/100|[from] Stealth Rock
|-weather|Sandstorm|[from] ability: Sand Stream|[of] p2a: Tyranitar
|turn|12
|
|t:|1758257687
|switch|p1a: Scizor|Scizor, M|100/100
|move|p2a: Tyranitar|Dragon Dance|p2a: Tyranitar
|-boost|p2a: Tyranitar|atk|1
|-boost|p2a: Tyranitar|spe|1
|
|-weather|Sandstorm|[upkeep]
|upkeep
|turn|13
|
|t:|1758257698
|-terastallize|p2a: Tyranitar|Flying
|move|p2a: Tyranitar|Knock Off|p1a: Scizor
|-damage|p1a: Scizor|20/100
|-enditem|p1a: Scizor|Lum Berry|[from] move: Knock Off|[of] p2a: Tyranitar
|move|p1a: Scizor|Swords Dance|p1a: Scizor
|-boost|p1a: Scizor|atk|2
|
|-weather|Sandstorm|[upkeep]
|-damage|p2a: Tyranitar|82/100|[from] Sandstorm
|upkeep
|turn|14
|
|t:|1758257710
|move|p1a: Scizor|Bullet Punch|p2a: Tyranitar
|-damage|p2a: Tyranitar|37/100
|move|p2a: Tyranitar|Knock Off|p1a: Scizor
|-damage|p1a: Scizor|0 fnt
|faint|p1a: Scizor
|
|-weather|Sandstorm|[upkeep]
|-damage|p2a: Tyranitar|31/100|[from] Sandstorm
|upkeep
|
|t:|1758257723
|switch|p1a: Gallade|Gallade, M|100/100
|turn|15
|
|t:|1758257727
|move|p2a: Tyranitar|Knock Off|p1a: Gallade
|-supereffective|p1a: Gallade
|-damage|p1a: Gallade|0 fnt
|replace|p1a: Zoroark|Zoroark-Hisui, F
|-end|p1a: Zoroark|Illusion
|-enditem|p1a: Zoroark|Choice Specs|[from] move: Knock Off|[of] p2a: Tyranitar
|faint|p1a: Zoroark
|
|-weather|Sandstorm|[upkeep]
|-damage|p2a: Tyranitar|25/100|[from] Sandstorm
|upkeep
|
|t:|1758257742
|switch|p1a: Ditto|Ditto, shiny|100/100
|-transform|p1a: Ditto|p2a: Tyranitar|[from] ability: Imposter
|-start|p1a: Ditto|typechange|Rock/Dark|[silent]
|turn|16
|
|t:|1758257754
|move|p1a: Ditto|Knock Off|p2a: Tyranitar
|-damage|p2a: Tyranitar|0 fnt
|-enditem|p2a: Tyranitar|Clear Amulet|[from] move: Knock Off|[of] p1a: Ditto
|faint|p2a: Tyranitar
|
|-weather|none
|upkeep
|
|t:|1758257759
|switch|p2a: Great Tusk|Great Tusk|100/100
|-damage|p2a: Great Tusk|98/100|[from] Stealth Rock
|turn|17
|
|t:|1758257772
|move|p1a: Ditto|Knock Off|p2a: Great Tusk
|-resisted|p2a: Great Tusk
|-damage|p2a: Great Tusk|71/100
|-enditem|p2a: Great Tusk|Assault Vest|[from] move: Knock Off|[of] p1a: Ditto
|move|p2a: Great Tusk|Rapid Spin|p1a: Ditto
|-resisted|p1a: Ditto
|-damage|p1a: Ditto|90/100
|-boost|p2a: Great Tusk|spe|1
|-sideend|p2: Dhaysy1|Stealth Rock|[from] move: Rapid Spin|[of] p2a: Great Tusk
|
|upkeep
|turn|18
|
|t:|1758257782
|switch|p1a: Gallade|Gallade, M|100/100
|move|p2a: Great Tusk|Close Combat|p1a: Gallade
|-resisted|p1a: Gallade
|-damage|p1a: Gallade|57/100
|-unboost|p2a: Great Tusk|def|1
|-unboost|p2a: Great Tusk|spd|1
|
|-heal|p1a: Gallade|63/100|[from] item: Leftovers
|upkeep
|turn|19
|
|t:|1758257795
|move|p2a: Great Tusk|Headlong Rush|p1a: Gallade
|-damage|p1a: Gallade|0 fnt
|-unboost|p2a: Great Tusk|def|1
|-unboost|p2a: Great Tusk|spd|1
|faint|p1a: Gallade
|
|upkeep
|
|t:|1758257805
|switch|p1a: Ditto|Ditto, shiny|90/100
|-transform|p1a: Ditto|p2a: Great Tusk|[from] ability: Imposter
|turn|20
|
|t:|1758257811
|move|p1a: Ditto|Close Combat|p2a: Great Tusk
|-damage|p2a: Great Tusk|0 fnt
|-unboost|p1a: Ditto|def|1
|-unboost|p1a: Ditto|spd|1
|faint|p2a: Great Tusk
|-end|p2a: Great Tusk|Protosynthesis|[silent]
|
|upkeep
|
|t:|1758257818
|switch|p2a: Gliscor|Gliscor, M|66/100 tox
|turn|21
|
|t:|1758257822
|move|p2a: Gliscor|Protect|p2a: Gliscor
|-singleturn|p2a: Gliscor|Protect
|move|p1a: Ditto|Close Combat|p2a: Gliscor
|-activate|p2a: Gliscor|move: Protect
|
|-heal|p2a: Gliscor|79/100 tox|[from] ability: Poison Heal
|upkeep
|turn|22
|
|t:|1758257836
|move|p1a: Ditto|Close Combat|p2a: Gliscor
|-resisted|p2a: Gliscor
|-damage|p2a: Gliscor|47/100 tox
|-unboost|p1a: Ditto|def|1
|-unboost|p1a: Ditto|spd|1
|move|p2a: Gliscor|Earthquake|p1a: Ditto
|-damage|p1a: Ditto|0 fnt
|faint|p1a: Ditto
|-end|p1a: Ditto|Protosynthesis|[silent]
|
|-heal|p2a: Gliscor|60/100 tox|[from] ability: Poison Heal
|upkeep
|
|t:|1758257849
|switch|p1a: Tyranitar|Tyranitar, F|100/100
|-weather|Sandstorm|[from] ability: Sand Stream|[of] p1a: Tyranitar
|turn|23
|
|t:|1758257856
|move|p2a: Gliscor|Swords Dance|p2a: Gliscor
|-boost|p2a: Gliscor|atk|2
|move|p1a: Tyranitar|Stealth Rock|p2a: Gliscor
|-sidestart|p2: Dhaysy1|move: Stealth Rock
|
|-weather|Sandstorm|[upkeep]
|-heal|p2a: Gliscor|72/100 tox|[from] ability: Poison Heal
|upkeep
|turn|24
|
|t:|1758257864
|move|p2a: Gliscor|Earthquake|p1a: Tyranitar
|-supereffective|p1a: Tyranitar
|-damage|p1a: Tyranitar|0 fnt
|faint|p1a: Tyranitar
|
|win|Dhaysy1
|raw|mo007001's rating: 1148 &rarr; <strong>1121</strong><br />(-27 for losing)
|raw|Dhaysy1's rating: 1115 &rarr; <strong>1142</strong><br />(+27 for winning)
|l|☆mo007001
|player|p1|
|l|‽Dhaysy1
|player|p2|
