|j|☆bottom drawer
|j|☆Nowh 愛
|inactive|Battle timer is ON: inactive players will automatically lose when time's up.
|t:|1758310917
|gametype|singles
|player|p1|bottom drawer|169|
|player|p2|Nowh 愛|miku-fairy|
|gen|9
|tier|[Gen 9] OU
|rated|Tournament battle
|rule|HP Percentage Mod: HP is shown in percentages
|rule|Endless Battle Clause: Forcing endless battles is banned
|rule|Species Clause: Limit one of each Pokémon
|rule|OHKO Clause: OHKO moves are banned
|rule|Evasion Items Clause: Evasion items are banned
|rule|Evasion Moves Clause: Evasion moves are banned
|rule|Evasion Abilities Clause: Evasion abilities are banned
|rule|Sleep Moves Clause: Sleep-inducing moves are banned
|clearpoke
|poke|p1|Rillaboom, M|
|poke|p1|Hawlucha, F|
|poke|p1|Raging Bolt|
|poke|p1|Corviknight, M|
|poke|p1|Slowking-Galar, M|
|poke|p1|Weavile, M|
|poke|p2|Zamazenta-*|
|poke|p2|Iron Valiant|
|poke|p2|Ogerpon-Wellspring, F|
|poke|p2|Moltres|
|poke|p2|Iron Crown|
|poke|p2|Gliscor, M|
|teampreview
|j|*Lady Monita ☀
|inactive|Nowh 愛 also wants the timer to be on.
|c|☆bottom drawer|gl
|c|☆Nowh 愛|Gl
|j| Albrtix
|inactive|bottom drawer has 120 seconds left.
|inactive|Nowh 愛 has 120 seconds left.
|inactive|bottom drawer has 90 seconds left.
|
|t:|1758310977
|teamsize|p1|6
|teamsize|p2|6
|start
|switch|p1a: WADE|Rillaboom, M|100/100
|switch|p2a: Iron Crown|Iron Crown|100/100
|-fieldstart|move: Grassy Terrain|[from] ability: Grassy Surge|[of] p1a: WADE
|turn|1
|
|t:|1758310983
|move|p2a: Iron Crown|Volt Switch|p1a: WADE
|-resisted|p1a: WADE
|-damage|p1a: WADE|73/100
|
|t:|1758310986
|-end|p2a: Iron Crown|Quark Drive|[silent]
|switch|p2a: Moltres|Moltres|100/100|[from] Volt Switch
|move|p1a: WADE|Knock Off|p2a: Moltres
|-damage|p2a: Moltres|63/100
|-status|p1a: WADE|brn|[from] ability: Flame Body|[of] p2a: Moltres
|-enditem|p2a: Moltres|Heavy-Duty Boots|[from] move: Knock Off|[of] p1a: WADE
|
|-heal|p1a: WADE|79/100 brn|[from] Grassy Terrain
|-damage|p1a: WADE|73/100 brn|[from] brn
|upkeep
|turn|2
|
|t:|1758310999
|switch|p1a: glowk glowk 3000|Slowking-Galar, M|100/100
|move|p2a: Moltres|Roost|p2a: Moltres
|-heal|p2a: Moltres|100/100
|-singleturn|p2a: Moltres|move: Roost
|
|upkeep
|turn|3
|
|t:|1758311011
|move|p2a: Moltres|U-turn|p1a: glowk glowk 3000
|-damage|p1a: glowk glowk 3000|87/100
|
|t:|1758311015
|switch|p2a: Iron Crown|Iron Crown|100/100|[from] U-turn
|move|p1a: glowk glowk 3000|Psychic Noise|p2a: Iron Crown
|-resisted|p2a: Iron Crown
|-damage|p2a: Iron Crown|92/100
|-start|p2a: Iron Crown|move: Heal Block
|
|-heal|p1a: glowk glowk 3000|93/100|[from] Grassy Terrain
|upkeep
|turn|4
|
|t:|1758311020
|move|p2a: Iron Crown|Volt Switch|p1a: glowk glowk 3000
|-damage|p1a: glowk glowk 3000|72/100
|
|t:|1758311024
|-end|p2a: Iron Crown|Quark Drive|[silent]
|switch|p2a: Gliscor|Gliscor, M|100/100|[from] Volt Switch
|move|p1a: glowk glowk 3000|Flamethrower|p2a: Gliscor
|-damage|p2a: Gliscor|78/100
|
|-heal|p1a: glowk glowk 3000|78/100|[from] Grassy Terrain
|-status|p2a: Gliscor|tox|[from] item: Toxic Orb
|upkeep
|turn|5
|
|t:|1758311031
|switch|p2a: Iron Crown|Iron Crown|92/100
|move|p1a: glowk glowk 3000|Psychic Noise|p2a: Iron Crown
|-resisted|p2a: Iron Crown
|-damage|p2a: Iron Crown|84/100
|-start|p2a: Iron Crown|move: Heal Block
|
|-heal|p1a: glowk glowk 3000|85/100|[from] Grassy Terrain
|-fieldend|move: Grassy Terrain
|upkeep
|turn|6
|
|t:|1758311043
|move|p2a: Iron Crown|Tachyon Cutter|p1a: glowk glowk 3000
|-damage|p1a: glowk glowk 3000|62/100
|-damage|p1a: glowk glowk 3000|43/100
|-hitcount|p1a: glowk glowk 3000|2
|move|p1a: glowk glowk 3000|Psychic Noise|p2a: Iron Crown
|-resisted|p2a: Iron Crown
|-damage|p2a: Iron Crown|76/100
|
|-end|p2a: Iron Crown|move: Heal Block
|upkeep
|turn|7
|
|t:|1758311056
|switch|p1a: steph corvi|Corviknight, M|100/100
|-ability|p1a: steph corvi|Pressure
|move|p2a: Iron Crown|Tachyon Cutter|p1a: steph corvi
|-resisted|p1a: steph corvi
|-damage|p1a: steph corvi|81/100
|-resisted|p1a: steph corvi
|-damage|p1a: steph corvi|59/100
|-hitcount|p1a: steph corvi|2
|
|upkeep
|turn|8
|
|t:|1758311066
|move|p2a: Iron Crown|Tachyon Cutter|p1a: steph corvi
|-resisted|p1a: steph corvi
|-damage|p1a: steph corvi|41/100
|-resisted|p1a: steph corvi
|-damage|p1a: steph corvi|20/100
|-hitcount|p1a: steph corvi|2
|move|p1a: steph corvi|U-turn|p2a: Iron Crown
|-damage|p2a: Iron Crown|62/100
|
|t:|1758311076
|switch|p1a: glowk glowk 3000|Slowking-Galar, M|76/100|[from] U-turn
|
|upkeep
|turn|9
|
|t:|1758311085
|-end|p2a: Iron Crown|Quark Drive|[silent]
|switch|p2a: Moltres|Moltres|100/100
|move|p1a: glowk glowk 3000|Ice Beam|p2a: Moltres
|-damage|p2a: Moltres|74/100
|
|upkeep
|turn|10
|
|t:|1758311095
|move|p2a: Moltres|Will-O-Wisp|p1a: glowk glowk 3000
|-status|p1a: glowk glowk 3000|brn
|move|p1a: glowk glowk 3000|Sludge Bomb|p2a: Moltres
|-damage|p2a: Moltres|31/100
|
|-damage|p1a: glowk glowk 3000|70/100 brn|[from] brn
|upkeep
|turn|11
|
|t:|1758311102
|move|p2a: Moltres|Roost|p2a: Moltres
|-heal|p2a: Moltres|81/100
|-singleturn|p2a: Moltres|move: Roost
|move|p1a: glowk glowk 3000|Sludge Bomb|p2a: Moltres
|-damage|p2a: Moltres|39/100
|
|-damage|p1a: glowk glowk 3000|64/100 brn|[from] brn
|upkeep
|turn|12
|
|t:|1758311113
|move|p2a: Moltres|Roost|p2a: Moltres
|-heal|p2a: Moltres|89/100
|-singleturn|p2a: Moltres|move: Roost
|move|p1a: glowk glowk 3000|Sludge Bomb|p2a: Moltres
|-damage|p2a: Moltres|47/100
|
|-damage|p1a: glowk glowk 3000|58/100 brn|[from] brn
|upkeep
|turn|13
|
|t:|1758311122
|move|p2a: Moltres|U-turn|p1a: glowk glowk 3000
|-damage|p1a: glowk glowk 3000|41/100 brn
|
|t:|1758311124
|switch|p2a: Gliscor|Gliscor, M|78/100 tox|[from] U-turn
|move|p1a: glowk glowk 3000|Sludge Bomb|p2a: Gliscor
|-resisted|p2a: Gliscor
|-damage|p2a: Gliscor|59/100 tox
|
|-heal|p2a: Gliscor|71/100 tox|[from] ability: Poison Heal
|-damage|p1a: glowk glowk 3000|35/100 brn|[from] brn
|upkeep
|turn|14
|
|t:|1758311129
|switch|p2a: Moltres|Moltres|47/100
|switch|p1a: WADE|Rillaboom, M|73/100 brn
|-fieldstart|move: Grassy Terrain|[from] ability: Grassy Surge|[of] p1a: WADE
|
|-heal|p1a: WADE|79/100 brn|[from] Grassy Terrain
|-damage|p1a: WADE|73/100 brn|[from] brn
|upkeep
|turn|15
|
|t:|1758311134
|move|p1a: WADE|U-turn|p2a: Moltres
|-resisted|p2a: Moltres
|-damage|p2a: Moltres|43/100
|
|t:|1758311138
|switch|p1a: glowk glowk 3000|Slowking-Galar, M|69/100 brn|[from] U-turn
|move|p2a: Moltres|Roost|p2a: Moltres
|-heal|p2a: Moltres|93/100
|-singleturn|p2a: Moltres|move: Roost
|
|-heal|p2a: Moltres|99/100|[from] Grassy Terrain
|-heal|p1a: glowk glowk 3000|75/100 brn|[from] Grassy Terrain
|-damage|p1a: glowk glowk 3000|69/100 brn|[from] brn
|upkeep
|turn|16
|
|t:|1758311158
|switch|p1a: Claposaurus|Raging Bolt|100/100
|move|p2a: Moltres|U-turn|p1a: Claposaurus
|-damage|p1a: Claposaurus|87/100
|
|t:|1758311167
|switch|p2a: Iron Valiant|Iron Valiant|100/100|[from] U-turn
|-enditem|p2a: Iron Valiant|Booster Energy
|-activate|p2a: Iron Valiant|ability: Quark Drive|[fromitem]
|-start|p2a: Iron Valiant|quarkdrivespe
|
|-heal|p1a: Claposaurus|93/100|[from] Grassy Terrain
|upkeep
|turn|17
|
|t:|1758311188
|-end|p2a: Iron Valiant|Quark Drive|[silent]
|switch|p2a: Zamazenta|Zamazenta|100/100
|-ability|p2a: Zamazenta|Dauntless Shield|boost
|-boost|p2a: Zamazenta|def|1
|-terastallize|p1a: Claposaurus|Fairy
|move|p1a: Claposaurus|Volt Switch|p2a: Zamazenta
|-damage|p2a: Zamazenta|38/100
|
|t:|1758311196
|-end|p1a: Claposaurus|Protosynthesis|[silent]
|switch|p1a: LEBRON|Hawlucha, F|100/100|[from] Volt Switch
|-enditem|p1a: LEBRON|Grassy Seed
|-boost|p1a: LEBRON|def|1|[from] item: Grassy Seed
|
|-heal|p2a: Zamazenta|44/100|[from] Grassy Terrain
|upkeep
|turn|18
|
|t:|1758311206
|switch|p2a: Moltres|Moltres|99/100
|move|p1a: LEBRON|Swords Dance|p1a: LEBRON
|-boost|p1a: LEBRON|atk|2
|
|-fieldend|move: Grassy Terrain
|upkeep
|turn|19
|
|t:|1758311230
|switch|p2a: Zamazenta|Zamazenta|44/100
|move|p1a: LEBRON|Acrobatics|p2a: Zamazenta
|-supereffective|p2a: Zamazenta
|-damage|p2a: Zamazenta|0 fnt
|faint|p2a: Zamazenta
|
|upkeep
|
|t:|1758311240
|switch|p2a: Moltres|Moltres|99/100
|turn|20
|
|t:|1758311254
|move|p1a: LEBRON|Acrobatics|p2a: Moltres
|-damage|p2a: Moltres|32/100
|move|p2a: Moltres|Will-O-Wisp|p1a: LEBRON|[miss]
|-miss|p2a: Moltres|p1a: LEBRON
|
|upkeep
|turn|21
|c|☆bottom drawer|my goatè
|
|t:|1758311270
|-terastallize|p2a: Moltres|Steel
|move|p1a: LEBRON|Acrobatics|p2a: Moltres
|-resisted|p2a: Moltres
|-damage|p2a: Moltres|0 fnt
|-status|p1a: LEBRON|brn|[from] ability: Flame Body|[of] p2a: Moltres
|faint|p2a: Moltres
|
|-damage|p1a: LEBRON|94/100 brn|[from] brn
|upkeep
|c|☆bottom drawer|nvm
|
|t:|1758311282
|switch|p2a: Iron Crown|Iron Crown|62/100
|turn|22
|
|t:|1758311296
|-end|p2a: Iron Crown|Quark Drive|[silent]
|switch|p2a: Gliscor|Gliscor, M|71/100 tox
|move|p1a: LEBRON|Close Combat|p2a: Gliscor
|-resisted|p2a: Gliscor
|-damage|p2a: Gliscor|49/100 tox
|-unboost|p1a: LEBRON|def|1
|-unboost|p1a: LEBRON|spd|1
|
|-heal|p2a: Gliscor|62/100 tox|[from] ability: Poison Heal
|-damage|p1a: LEBRON|88/100 brn|[from] brn
|upkeep
|turn|23
|
|t:|1758311309
|switch|p2a: Iron Valiant|Iron Valiant|100/100
|move|p1a: LEBRON|Swords Dance|p1a: LEBRON
|-boost|p1a: LEBRON|atk|2
|
|-damage|p1a: LEBRON|82/100 brn|[from] brn
|upkeep
|turn|24
|
|t:|1758311318
|move|p1a: LEBRON|Acrobatics|p2a: Iron Valiant
|-supereffective|p2a: Iron Valiant
|-damage|p2a: Iron Valiant|0 fnt
|faint|p2a: Iron Valiant
|-end|p2a: Iron Valiant|Quark Drive|[silent]
|
|-damage|p1a: LEBRON|76/100 brn|[from] brn
|upkeep
|
|t:|1758311320
|switch|p2a: Gliscor|Gliscor, M|62/100 tox
|turn|25
|
|t:|1758311327
|move|p2a: Gliscor|Protect|p2a: Gliscor
|-singleturn|p2a: Gliscor|Protect
|move|p1a: LEBRON|Swords Dance|p1a: LEBRON
|-boost|p1a: LEBRON|atk|2
|
|-heal|p2a: Gliscor|74/100 tox|[from] ability: Poison Heal
|-damage|p1a: LEBRON|70/100 brn|[from] brn
|upkeep
|turn|26
|
|t:|1758311330
|move|p1a: LEBRON|Acrobatics|p2a: Gliscor
|-damage|p2a: Gliscor|0 fnt
|faint|p2a: Gliscor
|
|-damage|p1a: LEBRON|64/100 brn|[from] brn
|upkeep
|j| Le Lioness
|
|t:|1758311340
|switch|p2a: Iron Crown|Iron Crown|62/100
|turn|27
|
|t:|1758311350
|move|p1a: LEBRON|Close Combat|p2a: Iron Crown
|-damage|p2a: Iron Crown|0 fnt
|-unboost|p1a: LEBRON|def|1
|-unboost|p1a: LEBRON|spd|1
|faint|p2a: Iron Crown
|-end|p2a: Iron Crown|Quark Drive|[silent]
|
|-damage|p1a: LEBRON|58/100 brn|[from] brn
|upkeep
|-message|Nowh 愛 forfeited.
|
|win|bottom drawer
|n|☆bottom drawer|bottomdrawer
|n|☆Nowh 愛|nowh
|n|*Lady Monita ☀|ladymonita
|n| Albrtix|albrtix
|n| Le Lioness|lelioness
|l|*Lady Monita ☀
|l|☆Nowh 愛
|player|p2|
|l|☆bottom drawer
|player|p1|
|l| Le Lioness
