|j|☆stevstacks
|j|☆Truffle buddah
|t:|1758259228
|gametype|singles
|player|p1|stevstacks|169|1617
|player|p2|Truffle buddah|li|1687
|gen|9
|tier|[Gen 9] OU
|rated|
|rule|HP Percentage Mod: HP is shown in percentages
|rule|Endless Battle Clause: Forcing endless battles is banned
|rule|Species Clause: Limit one of each Pokémon
|rule|OHKO Clause: OHKO moves are banned
|rule|Evasion Items Clause: Evasion items are banned
|rule|Evasion Moves Clause: Evasion moves are banned
|rule|Evasion Abilities Clause: Evasion abilities are banned
|rule|Sleep Moves Clause: Sleep-inducing moves are banned
|clearpoke
|poke|p1|Corviknight, M|
|poke|p1|Walking Wake|
|poke|p1|Torkoal, F|
|poke|p1|Raging Bolt|
|poke|p1|Great Tusk|
|poke|p1|Kyurem|
|poke|p2|Hydrapple, F|
|poke|p2|Hatterene, F|
|poke|p2|Iron Hands|
|poke|p2|Diancie|
|poke|p2|Scizor, M|
|poke|p2|Dragonite, M|
|teampreview
|inactive|Battle timer is ON: inactive players will automatically lose when time's up. (requested by stevstacks)
|
|t:|1758259244
|teamsize|p1|6
|teamsize|p2|6
|start
|switch|p1a: Torkoal|Torkoal, F|100/100
|switch|p2a: Diancie|Diancie|100/100
|-weather|SunnyDay|[from] ability: Drought|[of] p1a: Torkoal
|turn|1
|
|t:|1758259255
|switch|p1a: Great Tusk|Great Tusk|100/100
|-activate|p1a: Great Tusk|ability: Protosynthesis
|-start|p1a: Great Tusk|protosynthesisatk
|move|p2a: Diancie|Meteor Beam||[still]
|-prepare|p2a: Diancie|Meteor Beam
|-boost|p2a: Diancie|spa|1
|-enditem|p2a: Diancie|Power Herb
|-anim|p2a: Diancie|Meteor Beam|p1a: Great Tusk
|-resisted|p1a: Great Tusk
|-damage|p1a: Great Tusk|66/100
|
|-weather|SunnyDay|[upkeep]
|upkeep
|turn|2
|
|t:|1758259260
|switch|p2a: Hydrapple|Hydrapple, F|100/100
|move|p1a: Great Tusk|Headlong Rush|p2a: Hydrapple
|-resisted|p2a: Hydrapple
|-damage|p2a: Hydrapple|80/100
|-unboost|p1a: Great Tusk|def|1
|-unboost|p1a: Great Tusk|spd|1
|-damage|p1a: Great Tusk|50/100|[from] item: Rocky Helmet|[of] p2a: Hydrapple
|
|-weather|SunnyDay|[upkeep]
|upkeep
|turn|3
|
|t:|1758259270
|switch|p2a: Scizor|Scizor, M|100/100
|move|p1a: Great Tusk|Ice Spinner|p2a: Scizor
|-resisted|p2a: Scizor
|-damage|p2a: Scizor|82/100
|
|-weather|SunnyDay|[upkeep]
|upkeep
|turn|4
|
|t:|1758259275
|-end|p1a: Great Tusk|Protosynthesis|[silent]
|switch|p1a: Corviknight|Corviknight, M|100/100
|-ability|p1a: Corviknight|Pressure
|move|p2a: Scizor|Bullet Punch|p1a: Corviknight
|-resisted|p1a: Corviknight
|-damage|p1a: Corviknight|85/100
|
|-weather|SunnyDay|[upkeep]
|-heal|p1a: Corviknight|91/100|[from] item: Leftovers
|upkeep
|turn|5
|
|t:|1758259279
|move|p1a: Corviknight|U-turn|p2a: Scizor
|-resisted|p2a: Scizor
|-damage|p2a: Scizor|75/100
|
|t:|1758259284
|switch|p1a: Walking Wake|Walking Wake|100/100|[from] U-turn
|-activate|p1a: Walking Wake|ability: Protosynthesis
|-start|p1a: Walking Wake|protosynthesisspe
|move|p2a: Scizor|Knock Off|p1a: Walking Wake
|-damage|p1a: Walking Wake|59/100
|-enditem|p1a: Walking Wake|Choice Specs|[from] move: Knock Off|[of] p2a: Scizor
|
|-weather|SunnyDay|[upkeep]
|upkeep
|turn|6
|
|t:|1758259295
|move|p1a: Walking Wake|Flip Turn|p2a: Scizor
|-damage|p2a: Scizor|67/100
|
|t:|1758259297
|-end|p1a: Walking Wake|Protosynthesis|[silent]
|switch|p1a: Corviknight|Corviknight, M|91/100|[from] Flip Turn
|-ability|p1a: Corviknight|Pressure
|move|p2a: Scizor|U-turn|p1a: Corviknight
|-resisted|p1a: Corviknight
|-damage|p1a: Corviknight|82/100
|
|t:|1758259309
|switch|p2a: Dragonite|Dragonite, M|100/100|[from] U-turn
|
|-weather|SunnyDay|[upkeep]
|-heal|p1a: Corviknight|89/100|[from] item: Leftovers
|upkeep
|turn|7
|
|t:|1758259312
|move|p2a: Dragonite|Dragon Dance|p2a: Dragonite
|-boost|p2a: Dragonite|atk|1
|-boost|p2a: Dragonite|spe|1
|move|p1a: Corviknight|U-turn|p2a: Dragonite
|-resisted|p2a: Dragonite
|-damage|p2a: Dragonite|96/100
|
|t:|1758259313
|switch|p1a: Walking Wake|Walking Wake|59/100|[from] U-turn
|-activate|p1a: Walking Wake|ability: Protosynthesis
|-start|p1a: Walking Wake|protosynthesisspe
|
|-weather|SunnyDay|[upkeep]
|upkeep
|turn|8
|
|t:|1758259319
|-terastallize|p2a: Dragonite|Fire
|move|p1a: Walking Wake|Hydro Steam|p2a: Dragonite
|-supereffective|p2a: Dragonite
|-damage|p2a: Dragonite|0 fnt
|faint|p2a: Dragonite
|
|-weather|none
|-end|p1a: Walking Wake|Protosynthesis
|upkeep
|
|t:|1758259335
|switch|p2a: Diancie|Diancie|100/100
|turn|9
|
|t:|1758259339
|move|p1a: Walking Wake|Flip Turn|p2a: Diancie
|-supereffective|p2a: Diancie
|-damage|p2a: Diancie|76/100
|
|t:|1758259341
|-end|p1a: Walking Wake|Protosynthesis|[silent]
|switch|p1a: Torkoal|Torkoal, F|100/100|[from] Flip Turn
|-weather|SunnyDay|[from] ability: Drought|[of] p1a: Torkoal
|move|p2a: Diancie|Trick Room|p2a: Diancie
|-fieldstart|move: Trick Room|[of] p2a: Diancie
|
|-weather|SunnyDay|[upkeep]
|upkeep
|turn|10
|
|t:|1758259348
|switch|p1a: Great Tusk|Great Tusk|50/100
|-activate|p1a: Great Tusk|ability: Protosynthesis
|-start|p1a: Great Tusk|protosynthesisatk
|move|p2a: Diancie|Meteor Beam||[still]
|-prepare|p2a: Diancie|Meteor Beam
|-boost|p2a: Diancie|spa|1
|
|-weather|SunnyDay|[upkeep]
|upkeep
|turn|11
|
|t:|1758259353
|move|p2a: Diancie|Meteor Beam|p1a: Great Tusk|[from] lockedmove
|-resisted|p1a: Great Tusk
|-damage|p1a: Great Tusk|18/100
|move|p1a: Great Tusk|Headlong Rush|p2a: Diancie
|-supereffective|p2a: Diancie
|-damage|p2a: Diancie|0 fnt
|-unboost|p1a: Great Tusk|def|1
|-unboost|p1a: Great Tusk|spd|1
|faint|p2a: Diancie
|
|-weather|SunnyDay|[upkeep]
|upkeep
|
|t:|1758259360
|switch|p2a: Iron Hands|Iron Hands|100/100
|turn|12
|
|t:|1758259363
|-end|p1a: Great Tusk|Protosynthesis|[silent]
|switch|p1a: Corviknight|Corviknight, M|89/100
|-ability|p1a: Corviknight|Pressure
|move|p2a: Iron Hands|Drain Punch|p1a: Corviknight
|-damage|p1a: Corviknight|49/100
|
|-weather|SunnyDay|[upkeep]
|-heal|p1a: Corviknight|56/100|[from] item: Leftovers
|upkeep
|turn|13
|
|t:|1758259371
|move|p2a: Iron Hands|Drain Punch|p1a: Corviknight
|-damage|p1a: Corviknight|19/100
|move|p1a: Corviknight|U-turn|p2a: Iron Hands
|-resisted|p2a: Iron Hands
|-damage|p2a: Iron Hands|96/100
|
|t:|1758259372
|switch|p1a: Great Tusk|Great Tusk|18/100|[from] U-turn
|-activate|p1a: Great Tusk|ability: Protosynthesis
|-start|p1a: Great Tusk|protosynthesisatk
|
|-weather|SunnyDay|[upkeep]
|-heal|p2a: Iron Hands|100/100|[from] item: Leftovers
|-fieldend|move: Trick Room
|upkeep
|turn|14
|
|t:|1758259377
|-end|p2a: Iron Hands|Quark Drive|[silent]
|switch|p2a: Hydrapple|Hydrapple, F|100/100
|move|p1a: Great Tusk|Ice Spinner|p2a: Hydrapple
|-supereffective|p2a: Hydrapple
|-damage|p2a: Hydrapple|15/100
|-damage|p1a: Great Tusk|2/100|[from] item: Rocky Helmet|[of] p2a: Hydrapple
|
|-weather|SunnyDay|[upkeep]
|upkeep
|turn|15
|
|t:|1758259387
|move|p1a: Great Tusk|Headlong Rush|p2a: Hydrapple
|-resisted|p2a: Hydrapple
|-crit|p2a: Hydrapple
|-damage|p2a: Hydrapple|0 fnt
|-unboost|p1a: Great Tusk|def|1
|-unboost|p1a: Great Tusk|spd|1
|-damage|p1a: Great Tusk|0 fnt|[from] item: Rocky Helmet|[of] p2a: Hydrapple
|faint|p2a: Hydrapple
|faint|p1a: Great Tusk
|-end|p1a: Great Tusk|Protosynthesis|[silent]
|
|-weather|SunnyDay|[upkeep]
|upkeep
|j| KappaHalo
|j| wgw2333
|
|t:|1758259395
|switch|p1a: Kyurem|Kyurem|100/100
|switch|p2a: Iron Hands|Iron Hands|100/100
|-ability|p1a: Kyurem|Pressure
|turn|16
|j| AntdonPokemon
|
|t:|1758259401
|move|p1a: Kyurem|Protect|p1a: Kyurem
|-singleturn|p1a: Kyurem|Protect
|move|p2a: Iron Hands|Swords Dance|p2a: Iron Hands
|-boost|p2a: Iron Hands|atk|2
|
|-weather|none
|upkeep
|turn|17
|
|t:|1758259409
|switch|p1a: Torkoal|Torkoal, F|100/100
|-weather|SunnyDay|[from] ability: Drought|[of] p1a: Torkoal
|move|p2a: Iron Hands|Swords Dance|p2a: Iron Hands
|-boost|p2a: Iron Hands|atk|2
|
|-weather|SunnyDay|[upkeep]
|upkeep
|turn|18
|
|t:|1758259416
|move|p2a: Iron Hands|Wild Charge|p1a: Torkoal
|-damage|p1a: Torkoal|0 fnt
|faint|p1a: Torkoal
|-damage|p2a: Iron Hands|82/100|[from] Recoil
|
|-weather|SunnyDay|[upkeep]
|-heal|p2a: Iron Hands|88/100|[from] item: Leftovers
|upkeep
|inactive|stevstacks has 120 seconds left.
|j| p tnr black
|inactive|stevstacks has 90 seconds left.
|
|t:|1758259498
|switch|p1a: Walking Wake|Walking Wake|59/100
|-activate|p1a: Walking Wake|ability: Protosynthesis
|-start|p1a: Walking Wake|protosynthesisspe
|turn|19
|inactive|Truffle buddah has 120 seconds left.
|
|t:|1758259541
|move|p1a: Walking Wake|Hydro Steam|p2a: Iron Hands
|-damage|p2a: Iron Hands|36/100
|move|p2a: Iron Hands|Drain Punch|p1a: Walking Wake
|-damage|p1a: Walking Wake|0 fnt
|-heal|p2a: Iron Hands|57/100|[from] drain|[of] p1a: Walking Wake
|faint|p1a: Walking Wake
|-end|p1a: Walking Wake|Protosynthesis|[silent]
|
|-weather|SunnyDay|[upkeep]
|-heal|p2a: Iron Hands|63/100|[from] item: Leftovers
|upkeep
|
|t:|1758259555
|switch|p1a: Raging Bolt|Raging Bolt|100/100
|-activate|p1a: Raging Bolt|ability: Protosynthesis
|-start|p1a: Raging Bolt|protosynthesisspa
|turn|20
|inactive|Truffle buddah has 120 seconds left.
|inactive|Truffle buddah has 90 seconds left.
|
|t:|1758259590
|move|p1a: Raging Bolt|Weather Ball|p2a: Iron Hands
|-damage|p2a: Iron Hands|0 fnt
|faint|p2a: Iron Hands
|-end|p2a: Iron Hands|Quark Drive|[silent]
|
|-weather|SunnyDay|[upkeep]
|upkeep
|inactive|Truffle buddah has 90 seconds left.
|
|t:|1758259600
|switch|p2a: Hatterene|Hatterene, F|100/100
|turn|21
|inactive|Truffle buddah has 90 seconds left.
|inactive|stevstacks has 90 seconds left.
|
|t:|1758259615
|move|p1a: Raging Bolt|Weather Ball|p2a: Hatterene
|-crit|p2a: Hatterene
|-damage|p2a: Hatterene|0 fnt
|faint|p2a: Hatterene
|
|-weather|SunnyDay|[upkeep]
|upkeep
|inactive|Truffle buddah has 60 seconds left.
|c|☆Truffle buddah|Bruh
|c|☆Truffle buddah|ouch
|
|t:|1758259649
|switch|p2a: Scizor|Scizor, M|67/100
|turn|22
|l| KappaHalo
|
|t:|1758259656
|move|p1a: Raging Bolt|Weather Ball|p2a: Scizor
|-supereffective|p2a: Scizor
|-damage|p2a: Scizor|0 fnt
|faint|p2a: Scizor
|
|win|stevstacks
|raw|stevstacks's rating: 1617 &rarr; <strong>1641</strong><br />(+24 for winning)
|raw|Truffle buddah's rating: 1687 &rarr; <strong>1663</strong><br />(-24 for losing)
|c|☆stevstacks|gg
|l|☆stevstacks
|player|p1|
|c|☆Truffle buddah|G
|l|☆Truffle buddah
|player|p2|
|l| AntdonPokemon
|l| wgw2333
