|j|☆coping walrus
|j|☆FearedStriker
|t:|1758319721
|gametype|singles
|player|p1|coping walrus|wattson|1150
|player|p2|FearedStriker|crasherwake|1187
|gen|9
|tier|[Gen 9] OU
|rated|
|rule|HP Percentage Mod: HP is shown in percentages
|rule|Endless Battle Clause: Forcing endless battles is banned
|rule|Species Clause: Limit one of each Pokémon
|rule|OHKO Clause: OHKO moves are banned
|rule|Evasion Items Clause: Evasion items are banned
|rule|Evasion Moves Clause: Evasion moves are banned
|rule|Evasion Abilities Clause: Evasion abilities are banned
|rule|Sleep Moves Clause: Sleep-inducing moves are banned
|clearpoke
|poke|p1|Abomasnow, F|
|poke|p1|Maushold|
|poke|p1|Diancie|
|poke|p1|Staraptor, F|
|poke|p1|Volcanion|
|poke|p1|Polteageist|
|poke|p2|Dragonite, M|
|poke|p2|Samurott-Hisui, M|
|poke|p2|Gholdengo|
|poke|p2|Mienshao, F|
|poke|p2|Zapdos|
|poke|p2|Ceruledge, M|
|teampreview
|inactive|Battle timer is ON: inactive players will automatically lose when time's up. (requested by FearedStriker)
|inactive|coping walrus also wants the timer to be on.
|
|t:|1758319731
|teamsize|p1|6
|teamsize|p2|6
|start
|switch|p1a: Yukon Cornelius|Abomasnow, F, shiny|100/100
|switch|p2a: Mienshao|Mienshao, F|100/100
|-weather|Snowscape|[from] ability: Snow Warning|[of] p1a: Yukon Cornelius
|turn|1
|
|t:|1758319740
|move|p2a: Mienshao|Drain Punch|p1a: Yukon Cornelius
|-supereffective|p1a: Yukon Cornelius
|-damage|p1a: Yukon Cornelius|47/100
|move|p1a: Yukon Cornelius|Aurora Veil|p1a: Yukon Cornelius
|-sidestart|p1: coping walrus|move: Aurora Veil
|
|-weather|Snowscape|[upkeep]
|upkeep
|turn|2
|
|t:|1758319749
|switch|p1a: Pete Wentz|Staraptor, F|100/100
|move|p2a: Mienshao|Bulk Up|p2a: Mienshao
|-boost|p2a: Mienshao|atk|1
|-boost|p2a: Mienshao|def|1
|
|-weather|Snowscape|[upkeep]
|upkeep
|turn|3
|
|t:|1758319768
|-terastallize|p2a: Mienshao|Water
|move|p1a: Pete Wentz|Brave Bird|p2a: Mienshao
|-damage|p2a: Mienshao|0 fnt
|faint|p2a: Mienshao
|-damage|p1a: Pete Wentz|72/100|[from] Recoil
|
|-weather|Snowscape|[upkeep]
|upkeep
|
|t:|1758319782
|switch|p2a: Zapdos|Zapdos|100/100
|turn|4
|
|t:|1758319793
|switch|p1a: Bumper Balls|Diancie, shiny|100/100
|move|p2a: Zapdos|Thunderbolt|p1a: Bumper Balls
|-damage|p1a: Bumper Balls|81/100
|
|-weather|Snowscape|[upkeep]
|-heal|p1a: Bumper Balls|88/100|[from] item: Leftovers
|upkeep
|turn|5
|
|t:|1758319810
|switch|p2a: Gholdengo|Gholdengo|100/100
|move|p1a: Bumper Balls|Diamond Storm|p2a: Gholdengo|[miss]
|-miss|p1a: Bumper Balls|p2a: Gholdengo
|
|-weather|none
|-heal|p1a: Bumper Balls|94/100|[from] item: Leftovers
|upkeep
|turn|6
|
|t:|1758319822
|switch|p1a: Bagga Hot Cheetos|Volcanion|100/100
|move|p2a: Gholdengo|Make It Rain|p1a: Bagga Hot Cheetos
|-resisted|p1a: Bagga Hot Cheetos
|-damage|p1a: Bagga Hot Cheetos|87/100
|-unboost|p2a: Gholdengo|spa|1
|
|upkeep
|turn|7
|
|t:|1758319834
|switch|p2a: Samurott|Samurott-Hisui, M|100/100
|move|p1a: Bagga Hot Cheetos|Steam Eruption|p2a: Samurott
|-resisted|p2a: Samurott
|-damage|p2a: Samurott|50/100
|
|upkeep
|turn|8
|
|t:|1758319842
|move|p1a: Bagga Hot Cheetos|Steam Eruption|p2a: Samurott
|-resisted|p2a: Samurott
|-damage|p2a: Samurott|5/100
|move|p2a: Samurott|Ceaseless Edge|p1a: Bagga Hot Cheetos
|-damage|p1a: Bagga Hot Cheetos|65/100
|-sidestart|p1: coping walrus|Spikes
|
|-sideend|p1: coping walrus|move: Aurora Veil
|upkeep
|turn|9
|
|t:|1758319851
|move|p1a: Bagga Hot Cheetos|Steam Eruption|p2a: Samurott
|-resisted|p2a: Samurott
|-damage|p2a: Samurott|0 fnt
|faint|p2a: Samurott
|
|upkeep
|
|t:|1758319859
|switch|p2a: Zapdos|Zapdos|100/100
|turn|10
|
|t:|1758319871
|-terastallize|p1a: Bagga Hot Cheetos|Ground
|move|p1a: Bagga Hot Cheetos|Steam Eruption|p2a: Zapdos
|-damage|p2a: Zapdos|24/100
|-status|p2a: Zapdos|brn
|move|p2a: Zapdos|Thunderbolt|p1a: Bagga Hot Cheetos
|-immune|p1a: Bagga Hot Cheetos
|
|-damage|p2a: Zapdos|18/100 brn|[from] brn
|upkeep
|turn|11
|
|t:|1758319881
|move|p1a: Bagga Hot Cheetos|Steam Eruption|p2a: Zapdos
|-damage|p2a: Zapdos|0 fnt
|faint|p2a: Zapdos
|
|upkeep
|
|t:|1758319892
|switch|p2a: Ceruledge|Ceruledge, M|100/100
|turn|12
|
|t:|1758319914
|move|p1a: Bagga Hot Cheetos|Steam Eruption|p2a: Ceruledge
|-supereffective|p2a: Ceruledge
|-enditem|p2a: Ceruledge|Focus Sash
|-damage|p2a: Ceruledge|1/100
|move|p2a: Ceruledge|Swords Dance|p2a: Ceruledge
|-boost|p2a: Ceruledge|atk|2
|
|upkeep
|turn|13
|
|t:|1758319924
|move|p2a: Ceruledge|Shadow Sneak|p1a: Bagga Hot Cheetos
|-damage|p1a: Bagga Hot Cheetos|24/100
|move|p1a: Bagga Hot Cheetos|Steam Eruption|p2a: Ceruledge
|-supereffective|p2a: Ceruledge
|-damage|p2a: Ceruledge|0 fnt
|faint|p2a: Ceruledge
|
|upkeep
|
|t:|1758319930
|switch|p2a: Dragonite|Dragonite, M|100/100
|turn|14
|
|t:|1758319936
|move|p1a: Bagga Hot Cheetos|Steam Eruption|p2a: Dragonite
|-resisted|p2a: Dragonite
|-damage|p2a: Dragonite|83/100
|move|p2a: Dragonite|Dragon Dance|p2a: Dragonite
|-boost|p2a: Dragonite|atk|1
|-boost|p2a: Dragonite|spe|1
|
|-heal|p2a: Dragonite|89/100|[from] item: Leftovers
|upkeep
|turn|15
|
|t:|1758319951
|switch|p1a: Bumper Balls|Diancie, shiny|94/100
|-damage|p1a: Bumper Balls|81/100|[from] Spikes
|move|p2a: Dragonite|Earthquake|p1a: Bumper Balls
|-supereffective|p1a: Bumper Balls
|-damage|p1a: Bumper Balls|0 fnt
|faint|p1a: Bumper Balls
|
|-heal|p2a: Dragonite|95/100|[from] item: Leftovers
|upkeep
|
|t:|1758319963
|switch|p1a: Winslow|Maushold, shiny|100/100
|-damage|p1a: Winslow|88/100|[from] Spikes
|turn|16
|
|t:|1758319980
|move|p2a: Dragonite|Dragon Claw|p1a: Winslow
|-damage|p1a: Winslow|0 fnt
|faint|p1a: Winslow
|
|-heal|p2a: Dragonite|100/100|[from] item: Leftovers
|upkeep
|
|t:|1758319986
|switch|p1a: Pete Wentz|Staraptor, F|72/100
|turn|17
|
|t:|1758319992
|move|p2a: Dragonite|Dragon Dance|p2a: Dragonite
|-boost|p2a: Dragonite|atk|1
|-boost|p2a: Dragonite|spe|1
|move|p1a: Pete Wentz|Brave Bird|p2a: Dragonite
|-damage|p2a: Dragonite|40/100
|-damage|p1a: Pete Wentz|51/100|[from] Recoil
|
|-heal|p2a: Dragonite|46/100|[from] item: Leftovers
|upkeep
|turn|18
|
|t:|1758320004
|move|p2a: Dragonite|Dragon Claw|p1a: Pete Wentz
|-damage|p1a: Pete Wentz|0 fnt
|faint|p1a: Pete Wentz
|
|-heal|p2a: Dragonite|52/100|[from] item: Leftovers
|upkeep
|
|t:|1758320019
|switch|p1a: Mrs. Potts|Polteageist, shiny|100/100
|-damage|p1a: Mrs. Potts|88/100|[from] Spikes
|turn|19
|
|t:|1758320024
|move|p2a: Dragonite|Dragon Claw|p1a: Mrs. Potts
|-damage|p1a: Mrs. Potts|0 fnt
|faint|p1a: Mrs. Potts
|
|-heal|p2a: Dragonite|59/100|[from] item: Leftovers
|upkeep
|
|t:|1758320030
|switch|p1a: Yukon Cornelius|Abomasnow, F, shiny|47/100
|-damage|p1a: Yukon Cornelius|35/100|[from] Spikes
|-weather|Snowscape|[from] ability: Snow Warning|[of] p1a: Yukon Cornelius
|turn|20
|
|t:|1758320035
|move|p2a: Dragonite|Earthquake|p1a: Yukon Cornelius
|-resisted|p1a: Yukon Cornelius
|-damage|p1a: Yukon Cornelius|9/100
|move|p1a: Yukon Cornelius|Blizzard|p2a: Dragonite
|-supereffective|p2a: Dragonite
|-damage|p2a: Dragonite|0 fnt
|faint|p2a: Dragonite
|
|-weather|Snowscape|[upkeep]
|upkeep
|
|t:|1758320041
|switch|p2a: Gholdengo|Gholdengo|100/100
|turn|21
|
|t:|1758320052
|move|p2a: Gholdengo|Shadow Ball|p1a: Yukon Cornelius
|-damage|p1a: Yukon Cornelius|0 fnt
|faint|p1a: Yukon Cornelius
|
|-weather|Snowscape|[upkeep]
|upkeep
|
|t:|1758320060
|switch|p1a: Bagga Hot Cheetos|Volcanion, tera:Ground|24/100
|-damage|p1a: Bagga Hot Cheetos|11/100|[from] Spikes
|turn|22
|
|t:|1758320064
|move|p1a: Bagga Hot Cheetos|Flamethrower|p2a: Gholdengo
|-supereffective|p2a: Gholdengo
|-damage|p2a: Gholdengo|0 fnt
|faint|p2a: Gholdengo
|
|win|coping walrus
|raw|coping walrus's rating: 1150 &rarr; <strong>1178</strong><br />(+28 for winning)
|raw|FearedStriker's rating: 1187 &rarr; <strong>1159</strong><br />(-28 for losing)
|l|☆FearedStriker
|player|p2|
|c|☆coping walrus|gg
|l|☆coping walrus
|player|p1|
