|j|☆darkraibestpokemon
|j|☆socratic13_
|t:|1758341687
|gametype|singles
|player|p1|darkraibestpokemon|lucas|1148
|player|p2|socratic13_|1|1215
|gen|9
|tier|[Gen 9] OU
|rated|
|rule|HP Percentage Mod: HP is shown in percentages
|rule|Endless Battle Clause: Forcing endless battles is banned
|rule|Species Clause: Limit one of each Pokémon
|rule|OHKO Clause: OHKO moves are banned
|rule|Evasion Items Clause: Evasion items are banned
|rule|Evasion Moves Clause: Evasion moves are banned
|rule|Evasion Abilities Clause: Evasion abilities are banned
|rule|Sleep Moves Clause: Sleep-inducing moves are banned
|clearpoke
|poke|p1|Iron Boulder|
|poke|p1|Moltres-Galar|
|poke|p1|Primarina, M|
|poke|p1|Great Tusk|
|poke|p1|Tinkaton, F|
|poke|p1|Dragapult, M|
|poke|p2|Pelipper, F|
|poke|p2|Scizor, F|
|poke|p2|Toxapex, M|
|poke|p2|Meowscarada, F|
|poke|p2|Glimmora, M|
|poke|p2|Spidops, M|
|teampreview
|
|t:|1758341739
|teamsize|p1|6
|teamsize|p2|6
|start
|switch|p1a: Great Tusk|Great Tusk|100/100
|switch|p2a: Spidops|Spidops, M|100/100
|turn|1
|
|t:|1758341752
|move|p1a: Great Tusk|Ice Spinner|p2a: Spidops
|-crit|p2a: Spidops
|-damage|p2a: Spidops|60/100
|move|p2a: Spidops|Circle Throw|p1a: Great Tusk
|-damage|p1a: Great Tusk|93/100
|-damage|p2a: Spidops|44/100|[from] item: Rocky Helmet|[of] p1a: Great Tusk
|-enditem|p2a: Spidops|Sitrus Berry|[eat]
|-heal|p2a: Spidops|69/100|[from] item: Sitrus Berry
|-end|p1a: Great Tusk|Protosynthesis|[silent]
|drag|p1a: Dragapult|Dragapult, M|100/100
|
|upkeep
|turn|2
|
|t:|1758341774
|move|p1a: Dragapult|Dragon Darts|p2a: Spidops
|-damage|p2a: Spidops|43/100
|-anim|p1a: Dragapult|Dragon Darts|p2a: Spidops
|-damage|p2a: Spidops|21/100
|move|p2a: Spidops|Knock Off|p1a: Dragapult
|-supereffective|p1a: Dragapult
|-damage|p1a: Dragapult|51/100
|-enditem|p1a: Dragapult|Dragon Fang|[from] move: Knock Off|[of] p2a: Spidops
|
|upkeep
|turn|3
|
|t:|1758341785
|move|p1a: Dragapult|Dragon Darts|p2a: Spidops
|-damage|p2a: Spidops|2/100
|-anim|p1a: Dragapult|Dragon Darts|p2a: Spidops
|-damage|p2a: Spidops|0 fnt
|faint|p2a: Spidops
|
|upkeep
|
|t:|1758341789
|switch|p2a: Glimmora|Glimmora, M|100/100
|turn|4
|
|t:|1758341797
|move|p1a: Dragapult|Light Screen|p1a: Dragapult
|-sidestart|p1: darkraibestpokemon|move: Light Screen
|move|p2a: Glimmora|Earth Power|p1a: Dragapult
|-damage|p1a: Dragapult|30/100
|
|upkeep
|turn|5
|
|t:|1758341812
|switch|p1a: Primarina|Primarina, M|100/100
|move|p2a: Glimmora|Stealth Rock|p1a: Primarina
|-sidestart|p1: darkraibestpokemon|move: Stealth Rock
|
|upkeep
|turn|6
|
|t:|1758341833
|move|p2a: Glimmora|Mortal Spin|p1a: Primarina
|-supereffective|p1a: Primarina
|-damage|p1a: Primarina|87/100
|-status|p1a: Primarina|psn
|move|p1a: Primarina|Psychic Noise|p2a: Glimmora
|-supereffective|p2a: Glimmora
|-enditem|p2a: Glimmora|Focus Sash
|-damage|p2a: Glimmora|1/100
|-start|p2a: Glimmora|move: Heal Block
|
|-heal|p1a: Primarina|93/100 psn|[from] item: Leftovers
|-damage|p1a: Primarina|80/100 psn|[from] psn
|upkeep
|turn|7
|
|t:|1758341848
|switch|p2a: Scizor|Scizor, F|100/100
|move|p1a: Primarina|Moonblast|p2a: Scizor
|-resisted|p2a: Scizor
|-damage|p2a: Scizor|79/100
|-unboost|p2a: Scizor|spa|1
|
|-heal|p1a: Primarina|86/100 psn|[from] item: Leftovers
|-damage|p1a: Primarina|74/100 psn|[from] psn
|upkeep
|turn|8
|
|t:|1758341875
|move|p2a: Scizor|Knock Off|p1a: Primarina
|-resisted|p1a: Primarina
|-damage|p1a: Primarina|54/100 psn
|-enditem|p1a: Primarina|Leftovers|[from] move: Knock Off|[of] p2a: Scizor
|move|p1a: Primarina|Psychic Noise|p2a: Scizor
|-damage|p2a: Scizor|45/100
|-start|p2a: Scizor|move: Heal Block
|
|-damage|p1a: Primarina|42/100 psn|[from] psn
|-sideend|p1: darkraibestpokemon|move: Light Screen
|upkeep
|turn|9
|
|t:|1758341887
|move|p2a: Scizor|Bullet Punch|p1a: Primarina
|-damage|p1a: Primarina|2/100 psn
|move|p1a: Primarina|Encore|p2a: Scizor
|-start|p2a: Scizor|Encore
|
|-damage|p1a: Primarina|0 fnt|[from] psn
|faint|p1a: Primarina
|-end|p2a: Scizor|move: Heal Block
|upkeep
|
|t:|1758341891
|switch|p1a: Great Tusk|Great Tusk|93/100
|-damage|p1a: Great Tusk|90/100|[from] Stealth Rock
|turn|10
|
|t:|1758341897
|switch|p2a: Pelipper|Pelipper, F|100/100
|-weather|RainDance|[from] ability: Drizzle|[of] p2a: Pelipper
|move|p1a: Great Tusk|Rapid Spin|p2a: Pelipper
|-crit|p2a: Pelipper
|-damage|p2a: Pelipper|69/100
|-boost|p1a: Great Tusk|spe|1
|-sideend|p1: darkraibestpokemon|Stealth Rock|[from] move: Rapid Spin|[of] p1a: Great Tusk
|
|-weather|RainDance|[upkeep]
|upkeep
|turn|11
|
|t:|1758341902
|-terastallize|p1a: Great Tusk|Ice
|move|p1a: Great Tusk|Ice Spinner|p2a: Pelipper
|-damage|p2a: Pelipper|18/100
|move|p2a: Pelipper|Hurricane|p1a: Great Tusk
|-damage|p1a: Great Tusk|0 fnt
|faint|p1a: Great Tusk
|-end|p1a: Great Tusk|Protosynthesis|[silent]
|
|-weather|RainDance|[upkeep]
|upkeep
|
|t:|1758341913
|switch|p1a: Dragapult|Dragapult, M|30/100
|turn|12
|
|t:|1758341918
|switch|p2a: Glimmora|Glimmora, M|1/100
|move|p1a: Dragapult|Dragon Darts|p2a: Glimmora
|-damage|p2a: Glimmora|0 fnt
|-activate|p2a: Glimmora|ability: Toxic Debris
|-sidestart|p1: darkraibestpokemon|move: Toxic Spikes
|faint|p2a: Glimmora
|
|-weather|RainDance|[upkeep]
|upkeep
|
|t:|1758341922
|switch|p2a: Scizor|Scizor, F|45/100
|turn|13
|
|t:|1758341927
|switch|p1a: Tinkaton|Tinkaton, F|100/100
|-ability|p1a: Tinkaton|Mold Breaker
|move|p2a: Scizor|Bullet Punch|p1a: Tinkaton
|-damage|p1a: Tinkaton|54/100
|
|-weather|RainDance|[upkeep]
|upkeep
|turn|14
|
|t:|1758341948
|switch|p2a: Pelipper|Pelipper, F|18/100
|move|p1a: Tinkaton|Stealth Rock|p2a: Pelipper
|-sidestart|p2: socratic13_|move: Stealth Rock
|
|-weather|none
|upkeep
|turn|15
|
|t:|1758341959
|move|p1a: Tinkaton|Knock Off|p2a: Pelipper
|-damage|p2a: Pelipper|0 fnt
|-enditem|p2a: Pelipper|Choice Specs|[from] move: Knock Off|[of] p1a: Tinkaton
|faint|p2a: Pelipper
|
|upkeep
|
|t:|1758341976
|switch|p2a: Scizor|Scizor, F|45/100
|-damage|p2a: Scizor|32/100|[from] Stealth Rock
|turn|16
|
|t:|1758342015
|move|p2a: Scizor|Bullet Punch|p1a: Tinkaton
|-crit|p1a: Tinkaton
|-damage|p1a: Tinkaton|0 fnt
|faint|p1a: Tinkaton
|
|upkeep
|c|☆darkraibestpokemon|Lucky bruh
|inactive|Battle timer is ON: inactive players will automatically lose when time's up. (requested by socratic13_)
|
|t:|1758342025
|switch|p1a: Moltres|Moltres-Galar, shiny|100/100
|turn|17
|
|t:|1758342032
|move|p1a: Moltres|Fiery Wrath|p2a: Scizor
|-damage|p2a: Scizor|0 fnt
|faint|p2a: Scizor
|
|upkeep
|
|t:|1758342050
|switch|p2a: Toxapex|Toxapex, M|100/100
|-damage|p2a: Toxapex|88/100|[from] Stealth Rock
|turn|18
|
|t:|1758342067
|move|p1a: Moltres|Agility|p1a: Moltres
|-boost|p1a: Moltres|spe|2
|move|p2a: Toxapex|Gunk Shot|p1a: Moltres
|-damage|p1a: Moltres|39/100
|-ability|p1a: Moltres|Berserk|boost
|-boost|p1a: Moltres|spa|1
|
|upkeep
|turn|19
|
|t:|1758342078
|move|p1a: Moltres|Fiery Wrath|p2a: Toxapex
|-damage|p2a: Toxapex|31/100
|cant|p2a: Toxapex|flinch
|
|upkeep
|turn|20
|
|t:|1758342088
|move|p1a: Moltres|Fiery Wrath|p2a: Toxapex
|-damage|p2a: Toxapex|0 fnt
|faint|p2a: Toxapex
|
|upkeep
|
|t:|1758342090
|switch|p2a: Meowscarada|Meowscarada, F|100/100
|turn|21
|
|t:|1758342109
|move|p2a: Meowscarada|Sucker Punch|p1a: Moltres
|-start|p2a: Meowscarada|typechange|Dark|[from] ability: Protean
|-resisted|p1a: Moltres
|-damage|p1a: Moltres|23/100
|move|p1a: Moltres|Air Slash|p2a: Meowscarada
|-damage|p2a: Meowscarada|19/100
|
|upkeep
|turn|22
|c|☆socratic13_|ggs
|
|t:|1758342125
|move|p2a: Meowscarada|Sucker Punch|p1a: Moltres
|-resisted|p1a: Moltres
|-damage|p1a: Moltres|8/100
|move|p1a: Moltres|Fiery Wrath|p2a: Meowscarada
|-resisted|p2a: Meowscarada
|-damage|p2a: Meowscarada|0 fnt
|faint|p2a: Meowscarada
|
|win|darkraibestpokemon
|raw|darkraibestpokemon's rating: 1148 &rarr; <strong>1178</strong><br />(+30 for winning)
|raw|socratic13_'s rating: 1215 &rarr; <strong>1185</strong><br />(-30 for losing)
|c|☆darkraibestpokemon|Ggs
|l|☆socratic13_
|player|p2|
|c|☆darkraibestpokemon|U using offensive pex?
|l|☆darkraibestpokemon
|player|p1|
