|j|☆ZHAR99
|j|☆Devrai
|t:|1758272858
|gametype|singles
|player|p1|ZHAR99|170|1341
|player|p2|Devrai|zinnia|1342
|gen|9
|tier|[Gen 9] OU
|rated|
|rule|HP Percentage Mod: HP is shown in percentages
|rule|Endless Battle Clause: Forcing endless battles is banned
|rule|Species Clause: Limit one of each Pokémon
|rule|OHKO Clause: OHKO moves are banned
|rule|Evasion Items Clause: Evasion items are banned
|rule|Evasion Moves Clause: Evasion moves are banned
|rule|Evasion Abilities Clause: Evasion abilities are banned
|rule|Sleep Moves Clause: Sleep-inducing moves are banned
|clearpoke
|poke|p1|Indeedee, M|
|poke|p1|Armarouge, M|
|poke|p1|Dragapult, F|
|poke|p1|Iron Treads|
|poke|p1|Hawlucha, F|
|poke|p1|Ogerpon-Wellspring, F|
|poke|p2|Araquanid, M|
|poke|p2|Skeledirge, M|
|poke|p2|Enamorus, F|
|poke|p2|Iron Treads|
|poke|p2|Latios, M|
|poke|p2|Hydreigon, M|
|teampreview
|
|t:|1758272869
|teamsize|p1|6
|teamsize|p2|6
|start
|switch|p1a: Indeedee|Indeedee, M|100/100
|switch|p2a: Bubble Buddy|Araquanid, M, shiny|100/100
|-fieldstart|move: Psychic Terrain|[from] ability: Psychic Surge|[of] p1a: Indeedee
|turn|1
|inactive|Battle timer is ON: inactive players will automatically lose when time's up. (requested by Devrai)
|
|t:|1758272873
|move|p1a: Indeedee|Expanding Force|p2a: Bubble Buddy
|-damage|p2a: Bubble Buddy|43/100
|move|p2a: Bubble Buddy|Sticky Web|p1a: Indeedee
|-sidestart|p1: ZHAR99|move: Sticky Web
|
|-heal|p2a: Bubble Buddy|49/100|[from] item: Leftovers
|upkeep
|turn|2
|
|t:|1758272876
|switch|p2a: Hydranoid|Hydreigon, M, shiny|100/100
|move|p1a: Indeedee|Expanding Force|p2a: Hydranoid
|-immune|p2a: Hydranoid
|
|upkeep
|turn|3
|
|t:|1758272879
|move|p2a: Hydranoid|Dragon Pulse|p1a: Indeedee
|-damage|p1a: Indeedee|44/100
|move|p1a: Indeedee|Dazzling Gleam|p2a: Hydranoid
|-supereffective|p2a: Hydranoid
|-damage|p2a: Hydranoid|0 fnt
|faint|p2a: Hydranoid
|
|upkeep
|
|t:|1758272884
|switch|p2a: Mistress|Enamorus, F, shiny|100/100
|turn|4
|
|t:|1758272889
|-terastallize|p2a: Mistress|Stellar
|move|p1a: Indeedee|Protect|p1a: Indeedee
|-singleturn|p1a: Indeedee|Protect
|move|p2a: Mistress|Tera Blast|p1a: Indeedee|[anim] Tera Blast Stellar
|-activate|p1a: Indeedee|move: Protect
|
|upkeep
|turn|5
|
|t:|1758272912
|move|p2a: Mistress|Tera Blast|p1a: Indeedee|[anim] Tera Blast Stellar
|-damage|p1a: Indeedee|0 fnt
|-boost|p2a: Mistress|atk|1
|-boost|p2a: Mistress|spa|1
|faint|p1a: Indeedee
|
|upkeep
|inactive|ZHAR99 has 120 seconds left.
|
|t:|1758272934
|switch|p1a: Dragapult|Dragapult, F|100/100
|turn|6
|
|t:|1758272938
|-terastallize|p1a: Dragapult|Ghost
|move|p1a: Dragapult|Tera Blast|p2a: Mistress|[anim] Tera Blast Ghost
|-damage|p2a: Mistress|15/100
|move|p2a: Mistress|Draining Kiss|p1a: Dragapult
|-damage|p1a: Dragapult|24/100
|-heal|p2a: Mistress|72/100|[from] drain|[of] p1a: Dragapult
|
|upkeep
|turn|7
|
|t:|1758272945
|switch|p2a: Bubble Buddy|Araquanid, M, shiny|49/100
|move|p1a: Dragapult|Tera Blast|p2a: Bubble Buddy|[anim] Tera Blast Ghost
|-damage|p2a: Bubble Buddy|5/100
|
|-heal|p2a: Bubble Buddy|11/100|[from] item: Leftovers
|upkeep
|turn|8
|
|t:|1758272952
|move|p1a: Dragapult|Dragon Darts|p2a: Bubble Buddy
|-damage|p2a: Bubble Buddy|0 fnt
|faint|p2a: Bubble Buddy
|
|-fieldend|move: Psychic Terrain
|upkeep
|
|t:|1758272955
|switch|p2a: Treadmill|Iron Treads, shiny|100/100
|turn|9
|
|t:|1758272961
|switch|p1a: Armarouge|Armarouge, M|100/100
|-activate|p1a: Armarouge|move: Sticky Web
|-unboost|p1a: Armarouge|spe|1
|move|p2a: Treadmill|Knock Off|p1a: Armarouge
|-supereffective|p1a: Armarouge
|-damage|p1a: Armarouge|37/100
|-ability|p1a: Armarouge|Weak Armor|boost
|-unboost|p1a: Armarouge|def|1
|-boost|p1a: Armarouge|spe|2
|-enditem|p1a: Armarouge|Weakness Policy
|-boost|p1a: Armarouge|atk|2|[from] item: Weakness Policy
|-boost|p1a: Armarouge|spa|2|[from] item: Weakness Policy
|
|upkeep
|turn|10
|
|t:|1758272967
|-end|p2a: Treadmill|Quark Drive|[silent]
|switch|p2a: King Gator|Skeledirge, M, shiny|100/100
|move|p1a: Armarouge|Endure||[still]
|-fail|p1a: Armarouge
|
|upkeep
|turn|11
|
|t:|1758272972
|move|p1a: Armarouge|Stored Power|p2a: King Gator
|-damage|p2a: King Gator|47/100
|move|p2a: King Gator|Hex|p1a: Armarouge
|-supereffective|p1a: Armarouge
|-damage|p1a: Armarouge|0 fnt
|faint|p1a: Armarouge
|
|-heal|p2a: King Gator|53/100|[from] item: Leftovers
|upkeep
|
|t:|1758272983
|switch|p1a: Dragapult|Dragapult, F, tera:Ghost|24/100
|turn|12
|
|t:|1758272987
|switch|p2a: Treadmill|Iron Treads, shiny|100/100
|move|p1a: Dragapult|Tera Blast|p2a: Treadmill|[anim] Tera Blast Ghost
|-damage|p2a: Treadmill|57/100
|
|upkeep
|turn|13
|
|t:|1758272995
|switch|p1a: Iron Treads|Iron Treads|100/100
|-activate|p1a: Iron Treads|move: Sticky Web
|-unboost|p1a: Iron Treads|spe|1
|-enditem|p1a: Iron Treads|Booster Energy
|-activate|p1a: Iron Treads|ability: Quark Drive|[fromitem]
|-start|p1a: Iron Treads|quarkdrivedef
|move|p2a: Treadmill|Stealth Rock|p1a: Iron Treads
|-sidestart|p1: ZHAR99|move: Stealth Rock
|
|upkeep
|turn|14
|
|t:|1758273000
|-end|p2a: Treadmill|Quark Drive|[silent]
|switch|p2a: King Gator|Skeledirge, M, shiny|53/100
|move|p1a: Iron Treads|Rapid Spin|p2a: King Gator
|-immune|p2a: King Gator
|
|-heal|p2a: King Gator|59/100|[from] item: Leftovers
|upkeep
|turn|15
|
|t:|1758273006
|move|p1a: Iron Treads|Volt Switch|p2a: King Gator
|-damage|p2a: King Gator|46/100
|
|t:|1758273009
|-end|p1a: Iron Treads|Quark Drive|[silent]
|switch|p1a: Hawlucha|Hawlucha, F|100/100|[from] Volt Switch
|-damage|p1a: Hawlucha|88/100|[from] Stealth Rock
|move|p2a: King Gator|Will-O-Wisp|p1a: Hawlucha
|-status|p1a: Hawlucha|brn
|
|-heal|p2a: King Gator|52/100|[from] item: Leftovers
|-damage|p1a: Hawlucha|82/100 brn|[from] brn
|upkeep
|turn|16
|
|t:|1758273015
|move|p1a: Hawlucha|Encore|p2a: King Gator
|-start|p2a: King Gator|Encore
|move|p2a: King Gator|Will-O-Wisp|p1a: Hawlucha
|-fail|p1a: Hawlucha|brn
|
|-heal|p2a: King Gator|58/100|[from] item: Leftovers
|-damage|p1a: Hawlucha|76/100 brn|[from] brn
|upkeep
|turn|17
|
|t:|1758273022
|switch|p2a: Mistress|Enamorus, F, shiny, tera:Stellar|72/100
|move|p1a: Hawlucha|Swords Dance|p1a: Hawlucha
|-boost|p1a: Hawlucha|atk|2
|
|-damage|p1a: Hawlucha|70/100 brn|[from] brn
|upkeep
|turn|18
|
|t:|1758273026
|move|p1a: Hawlucha|Acrobatics|p2a: Mistress
|-damage|p2a: Mistress|36/100
|move|p2a: Mistress|Draining Kiss|p1a: Hawlucha
|-supereffective|p1a: Hawlucha
|-damage|p1a: Hawlucha|0 fnt
|-heal|p2a: Mistress|84/100|[from] drain|[of] p1a: Hawlucha
|faint|p1a: Hawlucha
|
|upkeep
|
|t:|1758273035
|switch|p1a: Dragapult|Dragapult, F, tera:Ghost|24/100
|turn|19
|
|t:|1758273041
|move|p1a: Dragapult|Dragon Dance|p1a: Dragapult
|-boost|p1a: Dragapult|atk|1
|-boost|p1a: Dragapult|spe|1
|move|p2a: Mistress|Tera Blast|p1a: Dragapult|[anim] Tera Blast Stellar
|-supereffective|p1a: Dragapult
|-damage|p1a: Dragapult|0 fnt
|-boost|p2a: Mistress|atk|1
|-boost|p2a: Mistress|spa|1
|faint|p1a: Dragapult
|
|upkeep
|-message|ZHAR99 forfeited.
|
|win|Devrai
|raw|ZHAR99's rating: 1341 &rarr; <strong>1321</strong><br />(-20 for losing)
|raw|Devrai's rating: 1342 &rarr; <strong>1362</strong><br />(+20 for winning)
|l|☆ZHAR99
|player|p1|
|l|☆Devrai
|player|p2|
