|j|☆Beauty Nova
|j|☆fjhgh
|t:|1758264081
|gametype|singles
|player|p1|Beauty Nova|beauty-gen6xy|1121
|player|p2|fjhgh|170|1083
|gen|9
|tier|[Gen 9] OU
|rated|
|rule|HP Percentage Mod: HP is shown in percentages
|rule|Endless Battle Clause: Forcing endless battles is banned
|rule|Species Clause: Limit one of each Pokémon
|rule|OHKO Clause: OHKO moves are banned
|rule|Evasion Items Clause: Evasion items are banned
|rule|Evasion Moves Clause: Evasion moves are banned
|rule|Evasion Abilities Clause: Evasion abilities are banned
|rule|Sleep Moves Clause: Sleep-inducing moves are banned
|clearpoke
|poke|p1|Indeedee, M|
|poke|p1|Hatterene, F|
|poke|p1|Ursaluna, F|
|poke|p1|Mimikyu, F|
|poke|p1|Hoopa-Unbound|
|poke|p1|Iron Hands|
|poke|p2|Torkoal, M|
|poke|p2|Hatterene, F|
|poke|p2|Raging Bolt|
|poke|p2|Slither Wing|
|poke|p2|Venusaur, M|
|poke|p2|Walking Wake|
|teampreview
|
|t:|1758264117
|teamsize|p1|6
|teamsize|p2|6
|start
|switch|p1a: Indeedee|Indeedee, M, shiny|100/100
|switch|p2a: Torkoal|Torkoal, M|100/100
|-fieldstart|move: Psychic Terrain|[from] ability: Psychic Surge|[of] p1a: Indeedee
|-weather|SunnyDay|[from] ability: Drought|[of] p2a: Torkoal
|turn|1
|
|t:|1758264128
|-terastallize|p2a: Torkoal|Ground
|move|p1a: Indeedee|Expanding Force|p2a: Torkoal
|-damage|p2a: Torkoal|37/100
|move|p2a: Torkoal|Stealth Rock|p1a: Indeedee
|-sidestart|p1: Beauty Nova|move: Stealth Rock
|
|-weather|SunnyDay|[upkeep]
|upkeep
|turn|2
|
|t:|1758264157
|switch|p2a: Hatterene|Hatterene, F|100/100
|-item|p2a: Hatterene|Air Balloon
|move|p1a: Indeedee|Expanding Force|p2a: Hatterene
|-resisted|p2a: Hatterene
|-damage|p2a: Hatterene|71/100
|-enditem|p2a: Hatterene|Air Balloon
|
|-weather|SunnyDay|[upkeep]
|upkeep
|turn|3
|
|t:|1758264212
|move|p1a: Indeedee|Expanding Force|p2a: Hatterene
|-resisted|p2a: Hatterene
|-damage|p2a: Hatterene|43/100
|move|p2a: Hatterene|Dazzling Gleam|p1a: Indeedee
|-damage|p1a: Indeedee|59/100
|
|-weather|SunnyDay|[upkeep]
|upkeep
|turn|4
|
|t:|1758264226
|move|p1a: Indeedee|Encore|p2a: Hatterene
|move|p2a: Hatterene|Encore||[from] ability: Magic Bounce|[still]
|-fail|p2a: Hatterene
|move|p2a: Hatterene|Psychic Noise|p1a: Indeedee
|-resisted|p1a: Indeedee
|-damage|p1a: Indeedee|34/100
|-start|p1a: Indeedee|move: Heal Block
|
|-weather|SunnyDay|[upkeep]
|upkeep
|turn|5
|
|t:|1758264236
|switch|p1a: Mimikyu|Mimikyu, F, shiny|100/100
|-damage|p1a: Mimikyu|88/100|[from] Stealth Rock
|move|p2a: Hatterene|Dazzling Gleam|p1a: Mimikyu
|-activate|p1a: Mimikyu|ability: Disguise
|-damage|p1a: Mimikyu|88/100
|detailschange|p1a: Mimikyu|Mimikyu-Busted, F, shiny
|-damage|p1a: Mimikyu|76/100|[from] pokemon: Mimikyu-Busted
|-enditem|p1a: Mimikyu|Red Card|[of] p2a: Hatterene
|drag|p2a: Venusaur|Venusaur, M|100/100
|
|-weather|SunnyDay|[upkeep]
|upkeep
|turn|6
|
|t:|1758264251
|move|p2a: Venusaur|Growth|p2a: Venusaur
|-boost|p2a: Venusaur|atk|2
|-boost|p2a: Venusaur|spa|2
|move|p1a: Mimikyu|Destiny Bond|p1a: Mimikyu
|-singlemove|p1a: Mimikyu|Destiny Bond
|
|-weather|SunnyDay|[upkeep]
|upkeep
|turn|7
|
|t:|1758264259
|move|p2a: Venusaur|Growth|p2a: Venusaur
|-boost|p2a: Venusaur|atk|2
|-boost|p2a: Venusaur|spa|2
|move|p1a: Mimikyu|Curse|p2a: Venusaur
|-start|p2a: Venusaur|Curse|[of] p1a: Mimikyu
|-damage|p1a: Mimikyu|26/100
|
|-weather|SunnyDay|[upkeep]
|-damage|p2a: Venusaur|76/100|[from] Curse
|upkeep
|turn|8
|
|t:|1758264269
|move|p2a: Venusaur|Giga Drain|p1a: Mimikyu
|-damage|p1a: Mimikyu|0 fnt
|-heal|p2a: Venusaur|89/100|[from] drain|[of] p1a: Mimikyu
|faint|p1a: Mimikyu
|-damage|p2a: Venusaur|79/100|[from] item: Life Orb
|
|-weather|none
|-damage|p2a: Venusaur|54/100|[from] Curse
|-fieldend|move: Psychic Terrain
|upkeep
|
|t:|1758264279
|switch|p1a: Indeedee|Indeedee, M, shiny|34/100
|-damage|p1a: Indeedee|22/100|[from] Stealth Rock
|-fieldstart|move: Psychic Terrain|[from] ability: Psychic Surge|[of] p1a: Indeedee
|turn|9
|
|t:|1758264306
|switch|p2a: Torkoal|Torkoal, M, tera:Ground|37/100
|-weather|SunnyDay|[from] ability: Drought|[of] p2a: Torkoal
|move|p1a: Indeedee|Trick Room|p1a: Indeedee
|-fieldstart|move: Trick Room|[of] p1a: Indeedee
|
|-weather|SunnyDay|[upkeep]
|upkeep
|turn|10
|
|t:|1758264325
|switch|p1a: Hoopa|Hoopa-Unbound|100/100
|-damage|p1a: Hoopa|88/100|[from] Stealth Rock
|-enditem|p1a: Hoopa|Psychic Seed
|-boost|p1a: Hoopa|spd|1|[from] item: Psychic Seed
|move|p2a: Torkoal|Earthquake|p1a: Hoopa
|-damage|p1a: Hoopa|55/100
|
|-weather|SunnyDay|[upkeep]
|upkeep
|turn|11
|
|t:|1758264338
|move|p2a: Torkoal|Overheat|p1a: Hoopa
|-damage|p1a: Hoopa|12/100
|-unboost|p2a: Torkoal|spa|2
|move|p1a: Hoopa|Expanding Force|p2a: Torkoal
|-damage|p2a: Torkoal|0 fnt
|faint|p2a: Torkoal
|-item|p1a: Hoopa|Heat Rock|[from] ability: Magician|[of] p2: Torkoal
|
|-weather|SunnyDay|[upkeep]
|upkeep
|
|t:|1758264357
|switch|p2a: Slither Wing|Slither Wing|100/100
|-activate|p2a: Slither Wing|ability: Protosynthesis
|-start|p2a: Slither Wing|protosynthesisatk
|turn|12
|
|t:|1758264363
|-terastallize|p1a: Hoopa|Psychic
|move|p2a: Slither Wing|First Impression|p1a: Hoopa
|-activate|p1a: Hoopa|move: Psychic Terrain
|move|p1a: Hoopa|Expanding Force|p2a: Slither Wing
|-supereffective|p2a: Slither Wing
|-damage|p2a: Slither Wing|0 fnt
|faint|p2a: Slither Wing
|-end|p2a: Slither Wing|Protosynthesis|[silent]
|
|-weather|SunnyDay|[upkeep]
|upkeep
|-message|fjhgh forfeited.
|
|win|Beauty Nova
|raw|Beauty Nova's rating: 1121 &rarr; <strong>1143</strong><br />(+22 for winning)
|raw|fjhgh's rating: 1083 &rarr; <strong>1063</strong><br />(-20 for losing)
|l|☆fjhgh
|player|p2|
