|j|☆Ryu_NLF
|j|☆ch02583
|t:|1758265306
|gametype|singles
|player|p1|Ryu_NLF|jasmine|1355
|player|p2|ch02583|265|1309
|gen|9
|tier|[Gen 9] OU
|rated|
|rule|HP Percentage Mod: HP is shown in percentages
|rule|Endless Battle Clause: Forcing endless battles is banned
|rule|Species Clause: Limit one of each Pokémon
|rule|OHKO Clause: OHKO moves are banned
|rule|Evasion Items Clause: Evasion items are banned
|rule|Evasion Moves Clause: Evasion moves are banned
|rule|Evasion Abilities Clause: Evasion abilities are banned
|rule|Sleep Moves Clause: Sleep-inducing moves are banned
|clearpoke
|poke|p1|Vileplume, M|
|poke|p1|Swampert, F|
|poke|p1|Excadrill, M|
|poke|p1|Chandelure, F|
|poke|p1|Ribombee, F|
|poke|p1|Honchkrow, M|
|poke|p2|Pelipper, F|
|poke|p2|Hatterene, F|
|poke|p2|Iron Treads|
|poke|p2|Toxicroak, F|
|poke|p2|Barraskewda, F|
|poke|p2|Zapdos|
|teampreview
|
|t:|1758265311
|teamsize|p1|6
|teamsize|p2|6
|start
|switch|p1a: Ribombee|Ribombee, F, shiny|100/100
|switch|p2a: Iron Treads|Iron Treads|100/100
|turn|1
|
|t:|1758265324
|switch|p1a: Vileplume|Vileplume, M, shiny|100/100
|move|p2a: Iron Treads|Earthquake|p1a: Vileplume
|-damage|p1a: Vileplume|71/100
|
|upkeep
|turn|2
|
|t:|1758265331
|move|p2a: Iron Treads|Volt Switch|p1a: Vileplume
|-resisted|p1a: Vileplume
|-crit|p1a: Vileplume
|-damage|p1a: Vileplume|62/100
|
|t:|1758265338
|-end|p2a: Iron Treads|Quark Drive|[silent]
|switch|p2a: Hatterene|Hatterene, F|100/100|[from] Volt Switch
|move|p1a: Vileplume|Strength Sap|p2a: Hatterene
|move|p2a: Hatterene|Strength Sap|p1a: Vileplume|[from] ability: Magic Bounce
|-unboost|p1a: Vileplume|atk|1
|
|upkeep
|turn|3
|
|t:|1758265353
|switch|p1a: Swampert|Swampert, F|100/100
|switch|p2a: Pelipper|Pelipper, F|100/100
|-weather|RainDance|[from] ability: Drizzle|[of] p2a: Pelipper
|
|-weather|RainDance|[upkeep]
|upkeep
|turn|4
|
|t:|1758265362
|move|p1a: Swampert|Stealth Rock|p2a: Pelipper
|-sidestart|p2: ch02583|move: Stealth Rock
|move|p2a: Pelipper|U-turn|p1a: Swampert
|-damage|p1a: Swampert|92/100
|
|t:|1758265371
|switch|p2a: Barraskewda|Barraskewda, F|100/100|[from] U-turn
|-damage|p2a: Barraskewda|88/100|[from] Stealth Rock
|
|-weather|RainDance|[upkeep]
|-heal|p1a: Swampert|98/100|[from] item: Leftovers
|upkeep
|turn|5
|
|t:|1758265386
|-terastallize|p2a: Barraskewda|Water
|move|p2a: Barraskewda|Liquidation|p1a: Swampert
|-damage|p1a: Swampert|0 fnt
|faint|p1a: Swampert
|
|-weather|RainDance|[upkeep]
|upkeep
|
|t:|1758265397
|switch|p1a: Ribombee|Ribombee, F, shiny|100/100
|turn|6
|
|t:|1758265401
|switch|p2a: Hatterene|Hatterene, F|100/100
|-damage|p2a: Hatterene|88/100|[from] Stealth Rock
|-terastallize|p1a: Ribombee|Electric
|move|p1a: Ribombee|Tera Blast|p2a: Hatterene|[anim] Tera Blast Electric
|-damage|p2a: Hatterene|54/100
|-enditem|p2a: Hatterene|Eject Button
|
|t:|1758265411
|switch|p2a: Barraskewda|Barraskewda, F, tera:Water|88/100
|-damage|p2a: Barraskewda|76/100|[from] Stealth Rock
|
|-weather|RainDance|[upkeep]
|upkeep
|turn|7
|
|t:|1758265418
|move|p2a: Barraskewda|Flip Turn|p1a: Ribombee
|-enditem|p1a: Ribombee|Focus Sash
|-damage|p1a: Ribombee|1/100
|
|t:|1758265422
|switch|p2a: Hatterene|Hatterene, F|54/100|[from] Flip Turn
|-damage|p2a: Hatterene|42/100|[from] Stealth Rock
|move|p1a: Ribombee|Tera Blast|p2a: Hatterene|[anim] Tera Blast Electric
|-damage|p2a: Hatterene|6/100
|
|-weather|RainDance|[upkeep]
|upkeep
|turn|8
|
|t:|1758265438
|move|p1a: Ribombee|Tera Blast|p2a: Hatterene|[anim] Tera Blast Electric
|-damage|p2a: Hatterene|0 fnt
|faint|p2a: Hatterene
|
|-weather|RainDance|[upkeep]
|upkeep
|
|t:|1758265445
|switch|p2a: Iron Treads|Iron Treads|100/100
|-damage|p2a: Iron Treads|98/100|[from] Stealth Rock
|turn|9
|
|t:|1758265449
|switch|p1a: Chandelure|Chandelure, F|100/100
|move|p2a: Iron Treads|Rapid Spin|p1a: Chandelure
|-immune|p1a: Chandelure
|
|-weather|RainDance|[upkeep]
|-heal|p2a: Iron Treads|100/100|[from] item: Leftovers
|upkeep
|turn|10
|
|t:|1758265468
|switch|p1a: Honchkrow|Honchkrow, M|100/100
|move|p2a: Iron Treads|Earthquake|p1a: Honchkrow
|-immune|p1a: Honchkrow
|
|-weather|none
|upkeep
|turn|11
|
|t:|1758265482
|switch|p1a: Excadrill|Excadrill, M|100/100
|-ability|p1a: Excadrill|Mold Breaker
|-end|p2a: Iron Treads|Quark Drive|[silent]
|switch|p2a: Pelipper|Pelipper, F|100/100
|-damage|p2a: Pelipper|76/100|[from] Stealth Rock
|-weather|RainDance|[from] ability: Drizzle|[of] p2a: Pelipper
|
|-weather|RainDance|[upkeep]
|upkeep
|turn|12
|
|t:|1758265494
|move|p1a: Excadrill|Rock Slide|p2a: Pelipper
|-supereffective|p2a: Pelipper
|-crit|p2a: Pelipper
|-damage|p2a: Pelipper|0 fnt
|faint|p2a: Pelipper
|
|-weather|RainDance|[upkeep]
|upkeep
|
|t:|1758265500
|switch|p2a: Barraskewda|Barraskewda, F, tera:Water|76/100
|-damage|p2a: Barraskewda|64/100|[from] Stealth Rock
|turn|13
|
|t:|1758265515
|switch|p1a: Vileplume|Vileplume, M, shiny|62/100
|move|p2a: Barraskewda|Flip Turn|p1a: Vileplume
|-resisted|p1a: Vileplume
|-damage|p1a: Vileplume|24/100
|-damage|p2a: Barraskewda|48/100|[from] item: Rocky Helmet|[of] p1a: Vileplume
|-status|p2a: Barraskewda|psn|[from] ability: Effect Spore|[of] p1a: Vileplume
|
|t:|1758265530
|switch|p2a: Iron Treads|Iron Treads|100/100|[from] Flip Turn
|-damage|p2a: Iron Treads|98/100|[from] Stealth Rock
|
|-weather|RainDance|[upkeep]
|-heal|p2a: Iron Treads|100/100|[from] item: Leftovers
|upkeep
|turn|14
|
|t:|1758265540
|switch|p1a: Honchkrow|Honchkrow, M|100/100
|move|p2a: Iron Treads|Rapid Spin|p1a: Honchkrow
|-damage|p1a: Honchkrow|78/100
|-boost|p2a: Iron Treads|spe|1
|-sideend|p2: ch02583|Stealth Rock|[from] move: Rapid Spin|[of] p2a: Iron Treads
|
|-weather|RainDance|[upkeep]
|upkeep
|turn|15
|
|t:|1758265552
|switch|p1a: Excadrill|Excadrill, M|100/100
|-ability|p1a: Excadrill|Mold Breaker
|move|p2a: Iron Treads|Volt Switch|p1a: Excadrill
|-immune|p1a: Excadrill
|
|-weather|RainDance|[upkeep]
|upkeep
|turn|16
|
|t:|1758265566
|move|p2a: Iron Treads|Earthquake|p1a: Excadrill
|-supereffective|p1a: Excadrill
|-damage|p1a: Excadrill|0 fnt
|faint|p1a: Excadrill
|
|-weather|RainDance|[upkeep]
|upkeep
|
|t:|1758265584
|switch|p1a: Chandelure|Chandelure, F|100/100
|turn|17
|
|t:|1758265591
|switch|p1a: Honchkrow|Honchkrow, M|78/100
|move|p2a: Iron Treads|Earthquake|p1a: Honchkrow
|-immune|p1a: Honchkrow
|
|-weather|RainDance|[upkeep]
|upkeep
|turn|18
|
|t:|1758265606
|switch|p1a: Ribombee|Ribombee, F, shiny, tera:Electric|1/100
|move|p2a: Iron Treads|Stealth Rock|p1a: Ribombee
|-sidestart|p1: Ryu_NLF|move: Stealth Rock
|
|-weather|none
|upkeep
|turn|19
|
|t:|1758265614
|move|p1a: Ribombee|Stun Spore|p2a: Iron Treads
|-status|p2a: Iron Treads|par
|move|p2a: Iron Treads|Rapid Spin|p1a: Ribombee
|-damage|p1a: Ribombee|0 fnt
|-boost|p2a: Iron Treads|spe|1
|faint|p1a: Ribombee
|
|upkeep
|
|t:|1758265623
|switch|p1a: Chandelure|Chandelure, F|100/100
|-damage|p1a: Chandelure|76/100|[from] Stealth Rock
|turn|20
|
|t:|1758265632
|move|p1a: Chandelure|Fire Blast|p2a: Iron Treads
|-supereffective|p2a: Iron Treads
|-crit|p2a: Iron Treads
|-damage|p2a: Iron Treads|0 fnt
|faint|p2a: Iron Treads
|-end|p2a: Iron Treads|Quark Drive|[silent]
|
|upkeep
|
|t:|1758265641
|switch|p2a: Barraskewda|Barraskewda, F, tera:Water|48/100 psn
|turn|21
|
|t:|1758265645
|switch|p1a: Vileplume|Vileplume, M, shiny|24/100
|-damage|p1a: Vileplume|12/100|[from] Stealth Rock
|move|p2a: Barraskewda|Aqua Jet|p1a: Vileplume
|-resisted|p1a: Vileplume
|-damage|p1a: Vileplume|0 fnt
|-damage|p2a: Barraskewda|31/100 psn|[from] item: Rocky Helmet|[of] p1a: Vileplume
|faint|p1a: Vileplume
|
|-damage|p2a: Barraskewda|19/100 psn|[from] psn
|upkeep
|
|t:|1758265659
|switch|p1a: Honchkrow|Honchkrow, M|78/100
|-damage|p1a: Honchkrow|53/100|[from] Stealth Rock
|turn|22
|
|t:|1758265668
|move|p2a: Barraskewda|Aqua Jet|p1a: Honchkrow
|-damage|p1a: Honchkrow|0 fnt
|faint|p1a: Honchkrow
|
|-damage|p2a: Barraskewda|7/100 psn|[from] psn
|upkeep
|
|t:|1758265675
|switch|p1a: Chandelure|Chandelure, F|76/100
|-damage|p1a: Chandelure|51/100|[from] Stealth Rock
|turn|23
|
|t:|1758265679
|move|p2a: Barraskewda|Aqua Jet|p1a: Chandelure
|-supereffective|p1a: Chandelure
|-damage|p1a: Chandelure|0 fnt
|faint|p1a: Chandelure
|
|win|ch02583
|raw|Ryu_NLF's rating: 1355 &rarr; <strong>1332</strong><br />(-23 for losing)
|raw|ch02583's rating: 1309 &rarr; <strong>1332</strong><br />(+23 for winning)
|l|☆Ryu_NLF
|player|p1|
|l|☆ch02583
|player|p2|
