|j|☆Araciel
|j|☆Oattumblely
|t:|1758257211
|gametype|singles
|player|p1|Araciel|265|1395
|player|p2|Oattumblely|rocketgruntf|1413
|gen|9
|tier|[Gen 9] OU
|rated|
|rule|HP Percentage Mod: HP is shown in percentages
|rule|Endless Battle Clause: Forcing endless battles is banned
|rule|Species Clause: Limit one of each Pokémon
|rule|OHKO Clause: OHKO moves are banned
|rule|Evasion Items Clause: Evasion items are banned
|rule|Evasion Moves Clause: Evasion moves are banned
|rule|Evasion Abilities Clause: Evasion abilities are banned
|rule|Sleep Moves Clause: Sleep-inducing moves are banned
|clearpoke
|poke|p1|Muk-Alola, M|
|poke|p1|Scizor, F|
|poke|p1|Dragonite, M|
|poke|p1|Hatterene, F|
|poke|p1|Primarina, F|
|poke|p1|Gliscor, M|
|poke|p2|Araquanid, M|
|poke|p2|Ceruledge, M|
|poke|p2|Ting-Lu|
|poke|p2|Espeon, F|
|poke|p2|Clefable, F|
|poke|p2|Iron Boulder|
|teampreview
|inactive|Battle timer is ON: inactive players will automatically lose when time's up. (requested by Oattumblely)
|inactive|Araciel also wants the timer to be on.
|
|t:|1758257231
|teamsize|p1|6
|teamsize|p2|6
|start
|switch|p1a: Muk|Muk-Alola, M|100/100
|switch|p2a: Ceruledge|Ceruledge, M|100/100
|turn|1
|
|t:|1758257239
|switch|p2a: Araquanid|Araquanid, M|100/100
|move|p1a: Muk|Knock Off|p2a: Araquanid
|-damage|p2a: Araquanid|64/100
|-enditem|p2a: Araquanid|Custap Berry|[from] move: Knock Off|[of] p1a: Muk
|
|upkeep
|turn|2
|
|t:|1758257247
|move|p1a: Muk|Poison Jab|p2a: Araquanid
|-damage|p2a: Araquanid|33/100
|-status|p2a: Araquanid|psn
|move|p2a: Araquanid|Surf|p1a: Muk
|-damage|p1a: Muk|81/100
|
|-damage|p2a: Araquanid|20/100 psn|[from] psn
|upkeep
|turn|3
|
|t:|1758257256
|move|p1a: Muk|Knock Off|p2a: Araquanid
|-damage|p2a: Araquanid|0 fnt
|faint|p2a: Araquanid
|
|upkeep
|
|t:|1758257264
|switch|p2a: Ting-Lu|Ting-Lu|100/100
|-ability|p2a: Ting-Lu|Vessel of Ruin
|turn|4
|
|t:|1758257275
|switch|p1a: Gliscor|Gliscor, M|100/100
|move|p2a: Ting-Lu|Earthquake|p1a: Gliscor
|-immune|p1a: Gliscor
|
|-status|p1a: Gliscor|tox|[from] item: Toxic Orb
|upkeep
|turn|5
|
|t:|1758257285
|move|p1a: Gliscor|Toxic|p2a: Ting-Lu
|-status|p2a: Ting-Lu|tox
|move|p2a: Ting-Lu|Spikes|p1a: Gliscor
|-sidestart|p1: Araciel|Spikes
|
|-damage|p2a: Ting-Lu|94/100 tox|[from] psn
|upkeep
|turn|6
|
|t:|1758257293
|move|p1a: Gliscor|Earthquake|p2a: Ting-Lu
|-damage|p2a: Ting-Lu|74/100 tox
|move|p2a: Ting-Lu|Ruination|p1a: Gliscor
|-damage|p1a: Gliscor|50/100 tox
|
|-heal|p2a: Ting-Lu|80/100 tox|[from] item: Leftovers
|-heal|p1a: Gliscor|63/100 tox|[from] ability: Poison Heal
|-damage|p2a: Ting-Lu|68/100 tox|[from] psn
|upkeep
|turn|7
|
|t:|1758257304
|move|p1a: Gliscor|Earthquake|p2a: Ting-Lu
|-damage|p2a: Ting-Lu|49/100 tox
|move|p2a: Ting-Lu|Spikes|p1a: Gliscor
|-sidestart|p1: Araciel|Spikes
|
|-heal|p2a: Ting-Lu|55/100 tox|[from] item: Leftovers
|-heal|p1a: Gliscor|75/100 tox|[from] ability: Poison Heal
|-damage|p2a: Ting-Lu|36/100 tox|[from] psn
|upkeep
|turn|8
|
|t:|1758257317
|switch|p2a: Clefable|Clefable, F|100/100
|move|p1a: Gliscor|Facade|p2a: Clefable
|-damage|p2a: Clefable|75/100
|-damage|p1a: Gliscor|59/100 tox|[from] item: Rocky Helmet|[of] p2a: Clefable
|
|-heal|p1a: Gliscor|72/100 tox|[from] ability: Poison Heal
|upkeep
|turn|9
|
|t:|1758257329
|move|p1a: Gliscor|Toxic|p2a: Clefable
|-status|p2a: Clefable|tox
|move|p2a: Clefable|Stealth Rock|p1a: Gliscor
|-sidestart|p1: Araciel|move: Stealth Rock
|
|-heal|p1a: Gliscor|84/100 tox|[from] ability: Poison Heal
|upkeep
|turn|10
|
|t:|1758257339
|switch|p1a: Muk|Muk-Alola, M|81/100
|-damage|p1a: Muk|65/100|[from] Spikes
|-damage|p1a: Muk|52/100|[from] Stealth Rock
|move|p2a: Clefable|Moonblast|p1a: Muk
|-damage|p1a: Muk|36/100
|
|upkeep
|turn|11
|
|t:|1758257348
|-terastallize|p2a: Clefable|Water
|move|p2a: Clefable|Moonlight|p2a: Clefable
|-heal|p2a: Clefable|100/100 tox
|move|p1a: Muk|Knock Off|p2a: Clefable
|-damage|p2a: Clefable|69/100 tox
|-damage|p1a: Muk|20/100|[from] item: Rocky Helmet|[of] p2a: Clefable
|-enditem|p2a: Clefable|Rocky Helmet|[from] move: Knock Off|[of] p1a: Muk
|
|upkeep
|turn|12
|
|t:|1758257359
|move|p2a: Clefable|Moonlight|p2a: Clefable
|-heal|p2a: Clefable|100/100 tox
|move|p1a: Muk|Drain Punch|p2a: Clefable
|-damage|p2a: Clefable|85/100 tox
|-heal|p1a: Muk|27/100|[from] drain|[of] p2a: Clefable
|
|upkeep
|turn|13
|
|t:|1758257368
|move|p2a: Clefable|Moonblast|p1a: Muk
|-damage|p1a: Muk|12/100
|move|p1a: Muk|Drain Punch|p2a: Clefable
|-damage|p2a: Clefable|67/100 tox
|-heal|p1a: Muk|20/100|[from] drain|[of] p2a: Clefable
|
|upkeep
|turn|14
|
|t:|1758257378
|switch|p2a: Ceruledge|Ceruledge, M|100/100
|move|p1a: Muk|Drain Punch|p2a: Ceruledge
|-immune|p2a: Ceruledge
|
|upkeep
|turn|15
|
|t:|1758257384
|move|p2a: Ceruledge|Close Combat|p1a: Muk
|-damage|p1a: Muk|0 fnt
|-unboost|p2a: Ceruledge|def|1
|-unboost|p2a: Ceruledge|spd|1
|faint|p1a: Muk
|
|upkeep
|
|t:|1758257392
|switch|p1a: Dragonite|Dragonite, M|100/100
|-damage|p1a: Dragonite|75/100|[from] Stealth Rock
|turn|16
|
|t:|1758257401
|switch|p2a: Clefable|Clefable, F, tera:Water|67/100 tox
|move|p1a: Dragonite|Earthquake|p2a: Clefable
|-crit|p2a: Clefable
|-damage|p2a: Clefable|23/100 tox
|
|upkeep
|turn|17
|
|t:|1758257412
|move|p1a: Dragonite|Earthquake|p2a: Clefable
|-damage|p2a: Clefable|0 fnt
|faint|p2a: Clefable
|
|upkeep
|
|t:|1758257417
|switch|p2a: Espeon|Espeon, F|100/100
|turn|18
|
|t:|1758257422
|-terastallize|p1a: Dragonite|Normal
|move|p2a: Espeon|Psychic Noise|p1a: Dragonite
|-damage|p1a: Dragonite|14/100
|-start|p1a: Dragonite|move: Heal Block
|move|p1a: Dragonite|Dragon Dance|p1a: Dragonite
|-boost|p1a: Dragonite|atk|1
|-boost|p1a: Dragonite|spe|1
|
|upkeep
|turn|19
|
|t:|1758257436
|move|p1a: Dragonite|Earthquake|p2a: Espeon
|-damage|p2a: Espeon|0 fnt
|faint|p2a: Espeon
|
|-end|p1a: Dragonite|move: Heal Block
|upkeep
|
|t:|1758257438
|switch|p2a: Ceruledge|Ceruledge, M|100/100
|turn|20
|
|t:|1758257447
|move|p1a: Dragonite|Earthquake|p2a: Ceruledge
|-supereffective|p2a: Ceruledge
|-enditem|p2a: Ceruledge|Focus Sash
|-damage|p2a: Ceruledge|1/100
|-ability|p2a: Ceruledge|Weak Armor|boost
|-unboost|p2a: Ceruledge|def|1
|-boost|p2a: Ceruledge|spe|2
|move|p2a: Ceruledge|Bitter Blade|p1a: Dragonite
|-damage|p1a: Dragonite|0 fnt
|-heal|p2a: Ceruledge|8/100|[from] drain|[of] p1a: Dragonite
|faint|p1a: Dragonite
|
|upkeep
|
|t:|1758257460
|switch|p1a: Scizor|Scizor, F, shiny|100/100
|-damage|p1a: Scizor|84/100|[from] Spikes
|-damage|p1a: Scizor|71/100|[from] Stealth Rock
|turn|21
|
|t:|1758257465
|move|p2a: Ceruledge|Shadow Sneak|p1a: Scizor
|-damage|p1a: Scizor|51/100
|move|p1a: Scizor|Bullet Punch|p2a: Ceruledge
|-resisted|p2a: Ceruledge
|-damage|p2a: Ceruledge|0 fnt
|faint|p2a: Ceruledge
|
|upkeep
|
|t:|1758257470
|switch|p2a: Iron Boulder|Iron Boulder|100/100
|-enditem|p2a: Iron Boulder|Booster Energy
|-activate|p2a: Iron Boulder|ability: Quark Drive|[fromitem]
|-start|p2a: Iron Boulder|quarkdrivespe
|turn|22
|
|t:|1758257477
|move|p1a: Scizor|Bullet Punch|p2a: Iron Boulder
|-supereffective|p2a: Iron Boulder
|-damage|p2a: Iron Boulder|10/100
|move|p2a: Iron Boulder|Mighty Cleave|p1a: Scizor
|-damage|p1a: Scizor|7/100
|
|upkeep
|turn|23
|-message|Oattumblely forfeited.
|
|win|Araciel
|raw|Araciel's rating: 1395 &rarr; <strong>1416</strong><br />(+21 for winning)
|raw|Oattumblely's rating: 1413 &rarr; <strong>1392</strong><br />(-21 for losing)
|l|☆Oattumblely
|player|p2|
