|j|☆ybg mihan
|j|☆aquagoboom
|t:|1758295652
|gametype|singles
|player|p1|ybg mihan|102|1609
|player|p2|aquagoboom|266|1585
|gen|9
|tier|[Gen 9] OU
|rated|
|rule|HP Percentage Mod: HP is shown in percentages
|rule|Endless Battle Clause: Forcing endless battles is banned
|rule|Species Clause: Limit one of each Pokémon
|rule|OHKO Clause: OHKO moves are banned
|rule|Evasion Items Clause: Evasion items are banned
|rule|Evasion Moves Clause: Evasion moves are banned
|rule|Evasion Abilities Clause: Evasion abilities are banned
|rule|Sleep Moves Clause: Sleep-inducing moves are banned
|clearpoke
|poke|p1|Samurott-Hisui, F|
|poke|p1|Great Tusk|
|poke|p1|Hatterene, F|
|poke|p1|Slowking-Galar, F|
|poke|p1|Dragonite, M|
|poke|p1|Heatran, M|
|poke|p2|Great Tusk|
|poke|p2|Heatran, M|
|poke|p2|Weavile, M|
|poke|p2|Primarina, M|
|poke|p2|Ogerpon, F|
|poke|p2|Pecharunt|
|teampreview
|inactive|Battle timer is ON: inactive players will automatically lose when time's up. (requested by ybg mihan)
|inactive|aquagoboom has 120 seconds left.
|
|t:|1758295692
|teamsize|p1|6
|teamsize|p2|6
|start
|switch|p1a: Slowking|Slowking-Galar, F|100/100
|switch|p2a: Anonymous|Ogerpon, F|100/100
|turn|1
|
|t:|1758295700
|move|p2a: Anonymous|U-turn|p1a: Slowking
|-damage|p1a: Slowking|74/100
|
|t:|1758295704
|switch|p2a: Bandit|Weavile, M, shiny|100/100|[from] U-turn
|-ability|p2a: Bandit|Pressure
|-prepare|p1a: Slowking|Chilly Reception|[premajor]
|move|p1a: Slowking|Chilly Reception|p1a: Slowking
|-weather|Snowscape
|
|t:|1758295725
|switch|p1a: Heatran|Heatran, M|100/100|[from] Chilly Reception
|
|-weather|Snowscape|[upkeep]
|upkeep
|turn|2
|
|t:|1758295734
|move|p2a: Bandit|Low Kick|p1a: Heatran
|-supereffective|p1a: Heatran
|-damage|p1a: Heatran|10/100
|move|p1a: Heatran|Magma Storm|p2a: Bandit
|-supereffective|p2a: Bandit
|-damage|p2a: Bandit|0 fnt
|faint|p2a: Bandit
|
|-weather|Snowscape|[upkeep]
|-heal|p1a: Heatran|16/100|[from] item: Leftovers
|upkeep
|
|t:|1758295743
|switch|p2a: Behemoth|Great Tusk, shiny|100/100
|-enditem|p2a: Behemoth|Booster Energy
|-activate|p2a: Behemoth|ability: Protosynthesis|[fromitem]
|-start|p2a: Behemoth|protosynthesisspe
|turn|3
|
|t:|1758295751
|switch|p1a: Slowking|Slowking-Galar, F|100/100
|move|p2a: Behemoth|Bulk Up|p2a: Behemoth
|-boost|p2a: Behemoth|atk|1
|-boost|p2a: Behemoth|def|1
|
|-weather|Snowscape|[upkeep]
|upkeep
|turn|4
|
|t:|1758295757
|move|p2a: Behemoth|Headlong Rush|p1a: Slowking
|-supereffective|p1a: Slowking
|-enditem|p1a: Slowking|Shuca Berry|[eat]
|-enditem|p1a: Slowking|Shuca Berry|[weaken]
|-damage|p1a: Slowking|43/100
|-unboost|p2a: Behemoth|def|1
|-unboost|p2a: Behemoth|spd|1
|move|p1a: Slowking|Ice Beam|p2a: Behemoth
|-supereffective|p2a: Behemoth
|-damage|p2a: Behemoth|14/100
|-status|p2a: Behemoth|frz
|
|-weather|Snowscape|[upkeep]
|upkeep
|turn|5
|
|t:|1758295763
|cant|p2a: Behemoth|frz
|move|p1a: Slowking|Ice Beam|p2a: Behemoth
|-supereffective|p2a: Behemoth
|-damage|p2a: Behemoth|0 fnt
|faint|p2a: Behemoth
|-end|p2a: Behemoth|Protosynthesis|[silent]
|
|-weather|none
|upkeep
|c|☆aquagoboom|Bruh
|
|t:|1758295770
|switch|p2a: Anonymous|Ogerpon, F|100/100
|turn|6
|c|☆ybg mihan|w tec
|
|t:|1758295787
|move|p2a: Anonymous|U-turn|p1a: Slowking
|-damage|p1a: Slowking|18/100
|
|t:|1758295791
|switch|p2a: Celestine|Primarina, M, shiny|100/100|[from] U-turn
|move|p1a: Slowking|Sludge Bomb|p2a: Celestine
|-supereffective|p2a: Celestine
|-damage|p2a: Celestine|67/100
|-status|p2a: Celestine|psn
|
|-damage|p2a: Celestine|55/100 psn|[from] psn
|upkeep
|turn|7
|
|t:|1758295798
|switch|p1a: Heatran|Heatran, M|16/100
|move|p2a: Celestine|Psychic Noise|p1a: Heatran
|-supereffective|p1a: Heatran
|-damage|p1a: Heatran|0 fnt
|faint|p1a: Heatran
|
|-damage|p2a: Celestine|43/100 psn|[from] psn
|upkeep
|c|☆aquagoboom|hhhhhhh
|
|t:|1758295808
|switch|p1a: Slowking|Slowking-Galar, F|51/100
|turn|8
|
|t:|1758295811
|move|p2a: Celestine|Psychic Noise|p1a: Slowking
|-damage|p1a: Slowking|20/100
|-start|p1a: Slowking|move: Heal Block
|move|p1a: Slowking|Sludge Bomb|p2a: Celestine
|-supereffective|p2a: Celestine
|-damage|p2a: Celestine|6/100 psn
|
|-damage|p2a: Celestine|0 fnt|[from] psn
|faint|p2a: Celestine
|upkeep
|
|t:|1758295817
|switch|p2a: Anonymous|Ogerpon, F|100/100
|turn|9
|
|t:|1758295821
|move|p2a: Anonymous|U-turn|p1a: Slowking
|-damage|p1a: Slowking|0 fnt
|faint|p1a: Slowking
|
|t:|1758295827
|switch|p2a: Chaos|Heatran, M, shiny|100/100|[from] U-turn
|-item|p2a: Chaos|Air Balloon
|
|upkeep
|
|t:|1758295831
|switch|p1a: Samurott|Samurott-Hisui, F|100/100
|turn|10
|
|t:|1758295836
|switch|p2a: Anonymous|Ogerpon, F|100/100
|move|p1a: Samurott|Razor Shell|p2a: Anonymous
|-resisted|p2a: Anonymous
|-damage|p2a: Anonymous|66/100
|
|upkeep
|turn|11
|
|t:|1758295842
|-terastallize|p1a: Samurott|Fire
|move|p2a: Anonymous|U-turn|p1a: Samurott
|-resisted|p1a: Samurott
|-crit|p1a: Samurott
|-damage|p1a: Samurott|65/100
|
|t:|1758295848
|switch|p2a: Chaos|Heatran, M, shiny|100/100|[from] U-turn
|-item|p2a: Chaos|Air Balloon
|move|p1a: Samurott|Ceaseless Edge|p2a: Chaos
|-damage|p2a: Chaos|52/100
|-enditem|p2a: Chaos|Air Balloon
|-sidestart|p2: aquagoboom|Spikes
|
|upkeep
|turn|12
|
|t:|1758295853
|-terastallize|p2a: Chaos|Fairy
|move|p1a: Samurott|Razor Shell|p2a: Chaos
|-damage|p2a: Chaos|5/100
|-unboost|p2a: Chaos|def|1
|move|p2a: Chaos|Earth Power|p1a: Samurott
|-supereffective|p1a: Samurott
|-damage|p1a: Samurott|0 fnt
|faint|p1a: Samurott
|
|upkeep
|
|t:|1758295862
|switch|p1a: Hatterene|Hatterene, F|100/100
|turn|13
|
|t:|1758295866
|move|p2a: Chaos|Magma Storm|p1a: Hatterene
|-damage|p1a: Hatterene|50/100
|-activate|p1a: Hatterene|move: Magma Storm|[of] p2a: Chaos
|move|p1a: Hatterene|Draining Kiss|p2a: Chaos
|-damage|p2a: Chaos|0 fnt
|-heal|p1a: Hatterene|53/100|[from] drain|[of] p2a: Chaos
|faint|p2a: Chaos
|
|-heal|p1a: Hatterene|59/100|[from] item: Leftovers
|-end|p1a: Hatterene|Magma Storm|[partiallytrapped]|[silent]
|upkeep
|
|t:|1758295871
|switch|p2a: Anonymous|Ogerpon, F|66/100
|-damage|p2a: Anonymous|54/100|[from] Spikes
|turn|14
|
|t:|1758295876
|move|p2a: Anonymous|Ivy Cudgel|p1a: Hatterene
|-damage|p1a: Hatterene|0 fnt
|faint|p1a: Hatterene
|
|upkeep
|
|t:|1758295879
|switch|p1a: Dragonite|Dragonite, M|100/100
|turn|15
|
|t:|1758295882
|switch|p2a: Overseer|Pecharunt|100/100
|-damage|p2a: Overseer|88/100|[from] Spikes
|move|p1a: Dragonite|Outrage|p2a: Overseer
|-damage|p2a: Overseer|37/100
|-damage|p1a: Dragonite|84/100|[from] item: Rocky Helmet|[of] p2a: Overseer
|
|upkeep
|turn|16
|
|t:|1758295901
|move|p1a: Dragonite|Outrage|p2a: Overseer|[from] lockedmove
|-damage|p2a: Overseer|0 fnt
|-damage|p1a: Dragonite|68/100|[from] item: Rocky Helmet|[of] p2a: Overseer
|faint|p2a: Overseer
|
|upkeep
|
|t:|1758295905
|switch|p2a: Anonymous|Ogerpon, F|54/100
|-damage|p2a: Anonymous|42/100|[from] Spikes
|turn|17
|
|t:|1758295909
|move|p2a: Anonymous|Ivy Cudgel|p1a: Dragonite
|-resisted|p1a: Dragonite
|-damage|p1a: Dragonite|49/100
|move|p1a: Dragonite|Outrage|p2a: Anonymous|[from] lockedmove
|-damage|p2a: Anonymous|0 fnt
|faint|p2a: Anonymous
|-start|p1a: Dragonite|confusion|[fatigue]
|
|win|ybg mihan
|raw|ybg mihan's rating: 1609 &rarr; <strong>1628</strong><br />(+19 for winning)
|raw|aquagoboom's rating: 1585 &rarr; <strong>1566</strong><br />(-19 for losing)
|l|☆ybg mihan
|player|p1|
|l|☆aquagoboom
|player|p2|
