|j|☆Thunder60076
|j|☆LeaTaschenMonster
|t:|1758275153
|gametype|singles
|player|p1|Thunder60076|1|1143
|player|p2|LeaTaschenMonster|dawn|1224
|gen|9
|tier|[Gen 9] OU
|rated|
|rule|HP Percentage Mod: HP is shown in percentages
|rule|Endless Battle Clause: Forcing endless battles is banned
|rule|Species Clause: Limit one of each Pokémon
|rule|OHKO Clause: OHKO moves are banned
|rule|Evasion Items Clause: Evasion items are banned
|rule|Evasion Moves Clause: Evasion moves are banned
|rule|Evasion Abilities Clause: Evasion abilities are banned
|rule|Sleep Moves Clause: Sleep-inducing moves are banned
|clearpoke
|poke|p1|Illumise, F|
|poke|p1|Landorus-Therian, M|
|poke|p1|Walking Wake|
|poke|p1|Dragapult, F|
|poke|p1|Talonflame, M|
|poke|p1|Electrode-Hisui|
|poke|p2|Landorus-Therian, M|
|poke|p2|Walking Wake|
|poke|p2|Pecharunt|
|poke|p2|Iron Crown|
|poke|p2|Iron Valiant|
|poke|p2|Darkrai|
|teampreview
|inactive|Battle timer is ON: inactive players will automatically lose when time's up. (requested by LeaTaschenMonster)
|
|t:|1758275170
|teamsize|p1|6
|teamsize|p2|6
|start
|switch|p1a: Illumise|Illumise, F, shiny|100/100
|switch|p2a: Landorus|Landorus-Therian, M|100/100
|-ability|p2a: Landorus|Intimidate|boost
|-unboost|p1a: Illumise|atk|1
|turn|1
|
|t:|1758275174
|move|p1a: Illumise|Trick|p2a: Landorus
|-activate|p1a: Illumise|move: Trick|[of] p2a: Landorus
|-item|p2a: Landorus|Flame Orb|[from] move: Trick
|-item|p1a: Illumise|Choice Scarf|[from] move: Trick
|move|p2a: Landorus|Stone Edge|p1a: Illumise
|-supereffective|p1a: Illumise
|-damage|p1a: Illumise|0 fnt
|faint|p1a: Illumise
|
|-status|p2a: Landorus|brn|[from] item: Flame Orb
|upkeep
|
|t:|1758275187
|switch|p1a: Landorus|Landorus-Therian, M|100/100
|-ability|p1a: Landorus|Intimidate|boost
|-unboost|p2a: Landorus|atk|1
|turn|2
|
|t:|1758275192
|move|p1a: Landorus|Swords Dance|p1a: Landorus
|-boost|p1a: Landorus|atk|2
|move|p2a: Landorus|Stone Edge|p1a: Landorus
|-damage|p1a: Landorus|86/100
|
|-heal|p1a: Landorus|92/100|[from] item: Leftovers
|-damage|p2a: Landorus|94/100 brn|[from] brn
|upkeep
|turn|3
|
|t:|1758275195
|move|p1a: Landorus|Swords Dance|p1a: Landorus
|-boost|p1a: Landorus|atk|2
|move|p2a: Landorus|Stone Edge|p1a: Landorus
|-damage|p1a: Landorus|76/100
|
|-heal|p1a: Landorus|82/100|[from] item: Leftovers
|-damage|p2a: Landorus|88/100 brn|[from] brn
|upkeep
|turn|4
|
|t:|1758275199
|move|p1a: Landorus|Rock Slide|p2a: Landorus
|-damage|p2a: Landorus|0 fnt
|faint|p2a: Landorus
|
|-heal|p1a: Landorus|88/100|[from] item: Leftovers
|upkeep
|
|t:|1758275202
|switch|p2a: Walking Wake|Walking Wake|100/100
|turn|5
|
|t:|1758275206
|-terastallize|p1a: Landorus|Water
|move|p2a: Walking Wake|Scald|p1a: Landorus
|-resisted|p1a: Landorus
|-damage|p1a: Landorus|47/100
|move|p1a: Landorus|Earthquake|p2a: Walking Wake
|-damage|p2a: Walking Wake|0 fnt
|faint|p2a: Walking Wake
|-end|p2a: Walking Wake|Protosynthesis|[silent]
|
|-heal|p1a: Landorus|53/100|[from] item: Leftovers
|upkeep
|
|t:|1758275210
|switch|p2a: Darkrai|Darkrai|100/100
|turn|6
|
|t:|1758275216
|move|p2a: Darkrai|Thunder|p1a: Landorus
|-supereffective|p1a: Landorus
|-damage|p1a: Landorus|0 fnt
|faint|p1a: Landorus
|
|upkeep
|
|t:|1758275222
|switch|p1a: Talonflame|Talonflame, M|100/100
|turn|7
|
|t:|1758275224
|move|p2a: Darkrai|Thunder|p1a: Talonflame
|-supereffective|p1a: Talonflame
|-damage|p1a: Talonflame|0 fnt
|faint|p1a: Talonflame
|
|upkeep
|
|t:|1758275234
|switch|p1a: Dragapult|Dragapult, F|100/100
|turn|8
|
|t:|1758275237
|switch|p2a: Iron Crown|Iron Crown|100/100
|move|p1a: Dragapult|U-turn|p2a: Iron Crown
|-damage|p2a: Iron Crown|64/100
|
|t:|1758275244
|switch|p1a: Electrode|Electrode-Hisui|100/100|[from] U-turn
|
|upkeep
|turn|9
|
|t:|1758275249
|move|p1a: Electrode|Discharge|p2a: Iron Crown
|-damage|p2a: Iron Crown|43/100
|move|p2a: Iron Crown|Future Sight|p1a: Electrode
|-start|p2a: Iron Crown|move: Future Sight
|
|upkeep
|turn|10
|
|t:|1758275256
|move|p1a: Electrode|Discharge|p2a: Iron Crown
|-damage|p2a: Iron Crown|20/100
|move|p2a: Iron Crown|Volt Switch|p1a: Electrode
|-resisted|p1a: Electrode
|-damage|p1a: Electrode|91/100
|
|t:|1758275260
|-end|p2a: Iron Crown|Quark Drive|[silent]
|switch|p2a: Darkrai|Darkrai|100/100|[from] Volt Switch
|
|upkeep
|turn|11
|
|t:|1758275263
|move|p2a: Darkrai|Dark Pulse|p1a: Electrode
|-damage|p1a: Electrode|10/100
|cant|p1a: Electrode|flinch
|
|-end|p1a: Electrode|move: Future Sight
|-damage|p1a: Electrode|0 fnt
|faint|p1a: Electrode
|upkeep
|
|t:|1758275272
|switch|p1a: Dragapult|Dragapult, F|100/100
|turn|12
|
|t:|1758275276
|move|p2a: Darkrai|Dark Pulse|p1a: Dragapult
|-supereffective|p1a: Dragapult
|-damage|p1a: Dragapult|0 fnt
|faint|p1a: Dragapult
|
|upkeep
|
|t:|1758275279
|switch|p1a: Walking Wake|Walking Wake|100/100
|-enditem|p1a: Walking Wake|Booster Energy
|-activate|p1a: Walking Wake|ability: Protosynthesis|[fromitem]
|-start|p1a: Walking Wake|protosynthesisspe
|turn|13
|
|t:|1758275283
|move|p2a: Darkrai|Dark Pulse|p1a: Walking Wake
|-damage|p1a: Walking Wake|43/100
|move|p1a: Walking Wake|Hydro Steam|p2a: Darkrai
|-damage|p2a: Darkrai|45/100
|
|upkeep
|turn|14
|
|t:|1758275289
|move|p2a: Darkrai|Dark Pulse|p1a: Walking Wake
|-crit|p1a: Walking Wake
|-damage|p1a: Walking Wake|0 fnt
|faint|p1a: Walking Wake
|-end|p1a: Walking Wake|Protosynthesis|[silent]
|
|win|LeaTaschenMonster
|raw|Thunder60076's rating: 1143 &rarr; <strong>1124</strong><br />(-19 for losing)
|raw|LeaTaschenMonster's rating: 1224 &rarr; <strong>1243</strong><br />(+19 for winning)
|l|☆Thunder60076
|player|p1|
|c|☆LeaTaschenMonster|gg
|l|☆LeaTaschenMonster
|player|p2|
