|j|☆iambot239
|j|☆hhhyuok
|t:|1758354197
|gametype|singles
|player|p1|iambot239|2|1123
|player|p2|hhhyuok|scientist-gen4|1066
|gen|9
|tier|[Gen 9] OU
|rated|
|rule|HP Percentage Mod: HP is shown in percentages
|rule|Endless Battle Clause: Forcing endless battles is banned
|rule|Species Clause: Limit one of each Pokémon
|rule|OHKO Clause: OHKO moves are banned
|rule|Evasion Items Clause: Evasion items are banned
|rule|Evasion Moves Clause: Evasion moves are banned
|rule|Evasion Abilities Clause: Evasion abilities are banned
|rule|Sleep Moves Clause: Sleep-inducing moves are banned
|clearpoke
|poke|p1|Minior|
|poke|p1|Araquanid, F|
|poke|p1|Tyranitar, M|
|poke|p1|Gholdengo|
|poke|p1|Kingambit, M|
|poke|p1|Lokix, M|
|poke|p2|Torkoal, F|
|poke|p2|Walking Wake|
|poke|p2|Entei|
|poke|p2|Ceruledge, M|
|poke|p2|Lilligant-Hisui, F|
|poke|p2|Great Tusk|
|teampreview
|
|t:|1758354211
|teamsize|p1|6
|teamsize|p2|6
|start
|switch|p1a: Minior|Minior|100/100
|switch|p2a: Torkoal|Torkoal, F|100/100
|-weather|SunnyDay|[from] ability: Drought|[of] p2a: Torkoal
|-formechange|p1a: Minior|Minior-Meteor||[from] ability: Shields Down
|turn|1
|
|t:|1758354229
|move|p1a: Minior|Shell Smash|p1a: Minior
|-unboost|p1a: Minior|def|1
|-unboost|p1a: Minior|spd|1
|-boost|p1a: Minior|atk|2
|-boost|p1a: Minior|spa|2
|-boost|p1a: Minior|spe|2
|-enditem|p1a: Minior|White Herb
|-clearnegativeboost|p1a: Minior|[silent]
|move|p2a: Torkoal|Stealth Rock|p1a: Minior
|-sidestart|p1: iambot239|move: Stealth Rock
|
|-weather|SunnyDay|[upkeep]
|upkeep
|turn|2
|inactive|Battle timer is ON: inactive players will automatically lose when time's up. (requested by iambot239)
|
|t:|1758354252
|switch|p2a: Lilligant|Lilligant-Hisui, F|100/100
|move|p1a: Minior|Earthquake|p2a: Lilligant
|-resisted|p2a: Lilligant
|-damage|p2a: Lilligant|68/100
|
|-weather|SunnyDay|[upkeep]
|upkeep
|turn|3
|
|t:|1758354264
|move|p2a: Lilligant|Swords Dance|p2a: Lilligant
|-boost|p2a: Lilligant|atk|2
|move|p1a: Minior|Acrobatics|p2a: Lilligant
|-supereffective|p2a: Lilligant
|-damage|p2a: Lilligant|0 fnt
|faint|p2a: Lilligant
|
|-weather|SunnyDay|[upkeep]
|upkeep
|
|t:|1758354275
|switch|p2a: Walking Wake|Walking Wake|100/100
|-activate|p2a: Walking Wake|ability: Protosynthesis
|-start|p2a: Walking Wake|protosynthesisspa
|turn|4
|
|t:|1758354287
|move|p1a: Minior|Acrobatics|p2a: Walking Wake
|-damage|p2a: Walking Wake|10/100
|move|p2a: Walking Wake|Hydro Steam|p1a: Minior
|-supereffective|p1a: Minior
|-damage|p1a: Minior|0 fnt
|faint|p1a: Minior
|
|-weather|SunnyDay|[upkeep]
|upkeep
|
|t:|1758354302
|switch|p1a: Lokix|Lokix, M|100/100
|-damage|p1a: Lokix|76/100|[from] Stealth Rock
|turn|5
|
|t:|1758354315
|move|p1a: Lokix|First Impression|p2a: Walking Wake
|-damage|p2a: Walking Wake|0 fnt
|faint|p2a: Walking Wake
|-end|p2a: Walking Wake|Protosynthesis|[silent]
|
|-weather|none
|upkeep
|
|t:|1758354322
|switch|p2a: Torkoal|Torkoal, F|100/100
|-weather|SunnyDay|[from] ability: Drought|[of] p2a: Torkoal
|turn|6
|
|t:|1758354334
|move|p1a: Lokix|U-turn|p2a: Torkoal
|-resisted|p2a: Torkoal
|-damage|p2a: Torkoal|77/100
|
|t:|1758354340
|switch|p1a: Tyranitar|Tyranitar, M|100/100|[from] U-turn
|-damage|p1a: Tyranitar|88/100|[from] Stealth Rock
|-weather|Sandstorm|[from] ability: Sand Stream|[of] p1a: Tyranitar
|move|p2a: Torkoal|Overheat|p1a: Tyranitar
|-resisted|p1a: Tyranitar
|-damage|p1a: Tyranitar|71/100
|-unboost|p2a: Torkoal|spa|2
|-enditem|p2a: Torkoal|Eject Pack
|
|t:|1758354352
|switch|p2a: Great Tusk|Great Tusk|100/100
|
|-weather|Sandstorm|[upkeep]
|-heal|p1a: Tyranitar|78/100|[from] item: Leftovers
|upkeep
|turn|7
|
|t:|1758354371
|switch|p1a: Gholdengo|Gholdengo|100/100
|-damage|p1a: Gholdengo|94/100|[from] Stealth Rock
|move|p2a: Great Tusk|Headlong Rush|p1a: Gholdengo
|-supereffective|p1a: Gholdengo
|-damage|p1a: Gholdengo|0 fnt
|-unboost|p2a: Great Tusk|def|1
|-unboost|p2a: Great Tusk|spd|1
|faint|p1a: Gholdengo
|
|-weather|Sandstorm|[upkeep]
|upkeep
|
|t:|1758354383
|switch|p1a: Araquanid|Araquanid, F|100/100
|turn|8
|
|t:|1758354396
|-end|p2a: Great Tusk|Protosynthesis|[silent]
|switch|p2a: Torkoal|Torkoal, F|77/100
|-weather|SunnyDay|[from] ability: Drought|[of] p2a: Torkoal
|move|p1a: Araquanid|Sticky Web|p2a: Torkoal
|-sidestart|p2: hhhyuok|move: Sticky Web
|
|-weather|SunnyDay|[upkeep]
|upkeep
|turn|9
|
|t:|1758354414
|switch|p1a: Tyranitar|Tyranitar, M|78/100
|-damage|p1a: Tyranitar|65/100|[from] Stealth Rock
|-weather|Sandstorm|[from] ability: Sand Stream|[of] p1a: Tyranitar
|move|p2a: Torkoal|Rapid Spin|p1a: Tyranitar
|-resisted|p1a: Tyranitar
|-damage|p1a: Tyranitar|62/100
|-boost|p2a: Torkoal|spe|1
|-sideend|p2: hhhyuok|Sticky Web|[from] move: Rapid Spin|[of] p2a: Torkoal
|
|-weather|Sandstorm|[upkeep]
|-damage|p2a: Torkoal|71/100|[from] Sandstorm
|-heal|p1a: Tyranitar|68/100|[from] item: Leftovers
|upkeep
|turn|10
|inactive|iambot239 has 120 seconds left.
|
|t:|1758354434
|switch|p2a: Great Tusk|Great Tusk|100/100
|move|p1a: Tyranitar|Stealth Rock|p2a: Great Tusk
|-sidestart|p2: hhhyuok|move: Stealth Rock
|
|-weather|Sandstorm|[upkeep]
|-heal|p1a: Tyranitar|74/100|[from] item: Leftovers
|upkeep
|turn|11
|inactive|iambot239 has 120 seconds left.
|
|t:|1758354447
|switch|p1a: Araquanid|Araquanid, F|100/100
|move|p2a: Great Tusk|Close Combat|p1a: Araquanid
|-resisted|p1a: Araquanid
|-damage|p1a: Araquanid|73/100
|-unboost|p2a: Great Tusk|def|1
|-unboost|p2a: Great Tusk|spd|1
|
|-weather|Sandstorm|[upkeep]
|-damage|p1a: Araquanid|67/100|[from] Sandstorm
|upkeep
|turn|12
|inactive|iambot239 has 120 seconds left.
|
|t:|1758354460
|-end|p2a: Great Tusk|Protosynthesis|[silent]
|switch|p2a: Torkoal|Torkoal, F|71/100
|-damage|p2a: Torkoal|46/100|[from] Stealth Rock
|-weather|SunnyDay|[from] ability: Drought|[of] p2a: Torkoal
|move|p1a: Araquanid|Infestation|p2a: Torkoal
|-resisted|p2a: Torkoal
|-damage|p2a: Torkoal|44/100
|-activate|p2a: Torkoal|move: Infestation|[of] p1a: Araquanid
|
|-weather|SunnyDay|[upkeep]
|-damage|p2a: Torkoal|31/100|[from] move: Infestation|[partiallytrapped]
|upkeep
|turn|13
|inactive|iambot239 has 120 seconds left.
|
|t:|1758354485
|switch|p1a: Tyranitar|Tyranitar, M|74/100
|-damage|p1a: Tyranitar|62/100|[from] Stealth Rock
|-weather|Sandstorm|[from] ability: Sand Stream|[of] p1a: Tyranitar
|move|p2a: Torkoal|Rapid Spin|p1a: Tyranitar
|-resisted|p1a: Tyranitar
|-damage|p1a: Tyranitar|58/100
|-boost|p2a: Torkoal|spe|1
|-sideend|p2: hhhyuok|Stealth Rock|[from] move: Rapid Spin|[of] p2a: Torkoal
|-end|p2a: Torkoal|Infestation|[partiallytrapped]
|
|-weather|Sandstorm|[upkeep]
|-damage|p2a: Torkoal|25/100|[from] Sandstorm
|-heal|p1a: Tyranitar|65/100|[from] item: Leftovers
|upkeep
|turn|14
|
|t:|1758354503
|switch|p2a: Ceruledge|Ceruledge, M|100/100
|move|p1a: Tyranitar|Stealth Rock|p2a: Ceruledge
|-sidestart|p2: hhhyuok|move: Stealth Rock
|
|-weather|Sandstorm|[upkeep]
|-damage|p2a: Ceruledge|94/100|[from] Sandstorm
|-heal|p1a: Tyranitar|71/100|[from] item: Leftovers
|upkeep
|turn|15
|
|t:|1758354514
|move|p2a: Ceruledge|Close Combat|p1a: Tyranitar
|-supereffective|p1a: Tyranitar
|-damage|p1a: Tyranitar|0 fnt
|-unboost|p2a: Ceruledge|def|1
|-unboost|p2a: Ceruledge|spd|1
|faint|p1a: Tyranitar
|
|-weather|Sandstorm|[upkeep]
|-damage|p2a: Ceruledge|88/100|[from] Sandstorm
|upkeep
|inactive|iambot239 has 90 seconds left.
|
|t:|1758354530
|switch|p1a: Lokix|Lokix, M|76/100
|-damage|p1a: Lokix|51/100|[from] Stealth Rock
|turn|16
|
|t:|1758354543
|move|p1a: Lokix|Knock Off|p2a: Ceruledge
|-supereffective|p2a: Ceruledge
|-damage|p2a: Ceruledge|0 fnt
|-enditem|p2a: Ceruledge|Weakness Policy|[from] move: Knock Off|[of] p1a: Lokix
|faint|p2a: Ceruledge
|
|-weather|Sandstorm|[upkeep]
|-damage|p1a: Lokix|45/100|[from] Sandstorm
|upkeep
|
|t:|1758354553
|switch|p2a: Torkoal|Torkoal, F|25/100
|-damage|p2a: Torkoal|0 fnt|[from] Stealth Rock
|faint|p2a: Torkoal
|
|t:|1758354559
|switch|p2a: Entei|Entei|100/100
|-damage|p2a: Entei|76/100|[from] Stealth Rock
|turn|17
|
|t:|1758354580
|switch|p1a: Araquanid|Araquanid, F|67/100
|move|p2a: Entei|Sacred Fire|p1a: Araquanid
|-damage|p1a: Araquanid|23/100
|
|-weather|none
|upkeep
|turn|18
|inactive|iambot239 has 90 seconds left.
|
|t:|1758354598
|-terastallize|p2a: Entei|Grass
|move|p2a: Entei|Tera Blast|p1a: Araquanid|[anim] Tera Blast Grass
|-damage|p1a: Araquanid|0 fnt
|faint|p1a: Araquanid
|
|upkeep
|inactive|iambot239 has 90 seconds left.
|
|t:|1758354606
|switch|p1a: Lokix|Lokix, M|45/100
|-damage|p1a: Lokix|20/100|[from] Stealth Rock
|turn|19
|
|t:|1758354611
|move|p2a: Entei|Extreme Speed|p1a: Lokix
|-damage|p1a: Lokix|0 fnt
|faint|p1a: Lokix
|
|upkeep
|
|t:|1758354618
|switch|p1a: Kingambit|Kingambit, M|100/100
|-damage|p1a: Kingambit|94/100|[from] Stealth Rock
|-activate|p1a: Kingambit|ability: Supreme Overlord
|-start|p1a: Kingambit|fallen5|[silent]
|-item|p1a: Kingambit|Air Balloon
|turn|20
|
|t:|1758354636
|-terastallize|p1a: Kingambit|Flying
|move|p2a: Entei|Sacred Fire|p1a: Kingambit
|-damage|p1a: Kingambit|59/100
|-status|p1a: Kingambit|brn
|-enditem|p1a: Kingambit|Air Balloon
|move|p1a: Kingambit|Swords Dance|p1a: Kingambit
|-boost|p1a: Kingambit|atk|2
|
|-damage|p1a: Kingambit|53/100 brn|[from] brn
|upkeep
|turn|21
|
|t:|1758354656
|move|p2a: Entei|Stomping Tantrum|p1a: Kingambit
|-immune|p1a: Kingambit
|move|p1a: Kingambit|Kowtow Cleave|p2a: Entei
|-damage|p2a: Entei|0 fnt
|faint|p2a: Entei
|
|-damage|p1a: Kingambit|47/100 brn|[from] brn
|upkeep
|
|t:|1758354667
|switch|p2a: Great Tusk|Great Tusk|100/100
|-damage|p2a: Great Tusk|98/100|[from] Stealth Rock
|turn|22
|
|t:|1758354674
|move|p2a: Great Tusk|Headlong Rush|p1a: Kingambit
|-immune|p1a: Kingambit
|move|p1a: Kingambit|Iron Head|p2a: Great Tusk
|-damage|p2a: Great Tusk|44/100
|
|-damage|p1a: Kingambit|41/100 brn|[from] brn
|upkeep
|turn|23
|
|t:|1758354685
|move|p2a: Great Tusk|Headlong Rush|p1a: Kingambit
|-immune|p1a: Kingambit
|move|p1a: Kingambit|Iron Head|p2a: Great Tusk
|-damage|p2a: Great Tusk|0 fnt
|faint|p2a: Great Tusk
|-end|p2a: Great Tusk|Protosynthesis|[silent]
|
|win|iambot239
|raw|iambot239's rating: 1123 &rarr; <strong>1142</strong><br />(+19 for winning)
|raw|hhhyuok's rating: 1042 &rarr; <strong>1029</strong><br />(-13 for losing)
|l|☆hhhyuok
|player|p2|
