|j|☆SadTanwa
|j|☆tijzen
|t:|1758275362
|gametype|singles
|player|p1|SadTanwa|265|1064
|player|p2|tijzen|ruinmaniac|1073
|gen|9
|tier|[Gen 9] OU
|rated|
|rule|HP Percentage Mod: HP is shown in percentages
|rule|Endless Battle Clause: Forcing endless battles is banned
|rule|Species Clause: Limit one of each Pokémon
|rule|OHKO Clause: OHKO moves are banned
|rule|Evasion Items Clause: Evasion items are banned
|rule|Evasion Moves Clause: Evasion moves are banned
|rule|Evasion Abilities Clause: Evasion abilities are banned
|rule|Sleep Moves Clause: Sleep-inducing moves are banned
|clearpoke
|poke|p1|Excadrill, F|
|poke|p1|Clodsire, F|
|poke|p1|Corviknight, F|
|poke|p1|Lokix, M|
|poke|p1|Dragapult, F|
|poke|p1|Minior|
|poke|p2|Flygon, M|
|poke|p2|Iron Moth|
|poke|p2|Samurott-Hisui, F|
|poke|p2|Glimmora, F|
|poke|p2|Rillaboom, F|
|poke|p2|Gholdengo|
|teampreview
|inactive|Battle timer is ON: inactive players will automatically lose when time's up. (requested by SadTanwa)
|
|t:|1758275374
|teamsize|p1|6
|teamsize|p2|6
|start
|switch|p1a: Minior|Minior, shiny|100/100
|switch|p2a: Flygon|Flygon, M|100/100
|-formechange|p1a: Minior|Minior-Meteor||[from] ability: Shields Down
|turn|1
|
|t:|1758275384
|move|p2a: Flygon|U-turn|p1a: Minior
|-resisted|p1a: Minior
|-damage|p1a: Minior|86/100
|
|t:|1758275386
|switch|p2a: Samurott|Samurott-Hisui, F|100/100|[from] U-turn
|move|p1a: Minior|Shell Smash|p1a: Minior
|-unboost|p1a: Minior|def|1
|-unboost|p1a: Minior|spd|1
|-boost|p1a: Minior|atk|2
|-boost|p1a: Minior|spa|2
|-boost|p1a: Minior|spe|2
|
|upkeep
|turn|2
|
|t:|1758275394
|move|p1a: Minior|Acrobatics|p2a: Samurott
|-damage|p2a: Samurott|47/100
|move|p2a: Samurott|Aqua Cutter|p1a: Minior
|-supereffective|p1a: Minior
|-crit|p1a: Minior
|-damage|p1a: Minior|0 fnt
|faint|p1a: Minior
|
|upkeep
|
|t:|1758275403
|switch|p1a: Lokix|Lokix, M|100/100
|turn|3
|
|t:|1758275409
|switch|p2a: Glimmora|Glimmora, F|100/100
|move|p1a: Lokix|First Impression|p2a: Glimmora
|-resisted|p2a: Glimmora
|-damage|p2a: Glimmora|34/100
|-activate|p2a: Glimmora|ability: Toxic Debris
|-sidestart|p1: SadTanwa|move: Toxic Spikes
|-damage|p1a: Lokix|91/100|[from] item: Life Orb
|
|upkeep
|turn|4
|
|t:|1758275418
|move|p2a: Glimmora|Spiky Shield|p2a: Glimmora
|-singleturn|p2a: Glimmora|move: Protect
|move|p1a: Lokix|Taunt|p2a: Glimmora
|-activate|p2a: Glimmora|move: Protect
|
|upkeep
|turn|5
|
|t:|1758275422
|move|p2a: Glimmora|Meteor Beam||[still]
|-prepare|p2a: Glimmora|Meteor Beam
|-boost|p2a: Glimmora|spa|1
|-enditem|p2a: Glimmora|Power Herb
|-anim|p2a: Glimmora|Meteor Beam|p1a: Lokix|[miss]
|-miss|p2a: Glimmora|p1a: Lokix
|move|p1a: Lokix|U-turn|p2a: Glimmora
|-resisted|p2a: Glimmora
|-damage|p2a: Glimmora|0 fnt
|-activate|p2a: Glimmora|ability: Toxic Debris
|-sidestart|p1: SadTanwa|move: Toxic Spikes
|faint|p2a: Glimmora
|-damage|p1a: Lokix|81/100|[from] item: Life Orb
|c|☆tijzen|oh come on
|
|t:|1758275430
|switch|p1a: Clodsire|Clodsire, F, shiny|100/100|[from] U-turn
|-sideend|p1: SadTanwa|move: Toxic Spikes|[of] p1a: Clodsire
|
|upkeep
|-message|tijzen forfeited.
|
|win|SadTanwa
|raw|SadTanwa's rating: 1064 &rarr; <strong>1095</strong><br />(+31 for winning)
|raw|tijzen's rating: 1073 &rarr; <strong>1052</strong><br />(-21 for losing)
|l|☆tijzen
|player|p2|
|l|☆SadTanwa
|player|p1|
