|j|☆bytc niko
|j|☆i have no id
|t:|1758357849
|gametype|singles
|player|p1|bytc niko|guitarist-gen4|1562
|player|p2|i have no id|cynthia-gen4|1536
|gen|9
|tier|[Gen 9] OU
|rated|
|rule|HP Percentage Mod: HP is shown in percentages
|rule|Endless Battle Clause: Forcing endless battles is banned
|rule|Species Clause: Limit one of each Pokémon
|rule|OHKO Clause: OHKO moves are banned
|rule|Evasion Items Clause: Evasion items are banned
|rule|Evasion Moves Clause: Evasion moves are banned
|rule|Evasion Abilities Clause: Evasion abilities are banned
|rule|Sleep Moves Clause: Sleep-inducing moves are banned
|clearpoke
|poke|p1|Iron Moth|
|poke|p1|Kingambit, F|
|poke|p1|Dragonite, F|
|poke|p1|Ogerpon-Cornerstone, F|
|poke|p1|Iron Valiant|
|poke|p1|Raging Bolt|
|poke|p2|Garganacl, F|
|poke|p2|Scizor, M|
|poke|p2|Hatterene, F|
|poke|p2|Moltres|
|poke|p2|Raging Bolt|
|poke|p2|Darkrai|
|teampreview
|inactive|Battle timer is ON: inactive players will automatically lose when time's up. (requested by bytc niko)
|inactive|i have no id has 120 seconds left.
|
|t:|1758357890
|teamsize|p1|6
|teamsize|p2|6
|start
|switch|p1a: Iron Moth|Iron Moth|100/100
|switch|p2a: 报复社会|Garganacl, F|100/100
|-enditem|p1a: Iron Moth|Booster Energy
|-activate|p1a: Iron Moth|ability: Quark Drive|[fromitem]
|-start|p1a: Iron Moth|quarkdrivespe
|turn|1
|
|t:|1758357895
|move|p1a: Iron Moth|Fiery Dance|p2a: 报复社会
|-resisted|p2a: 报复社会
|-damage|p2a: 报复社会|86/100
|-boost|p1a: Iron Moth|spa|1
|move|p2a: 报复社会|Salt Cure|p1a: Iron Moth
|-supereffective|p1a: Iron Moth
|-damage|p1a: Iron Moth|61/100
|-start|p1a: Iron Moth|Salt Cure
|
|-heal|p2a: 报复社会|92/100|[from] item: Leftovers
|-damage|p1a: Iron Moth|48/100|[from] Salt Cure
|upkeep
|turn|2
|
|t:|1758357902
|move|p1a: Iron Moth|Energy Ball|p2a: 报复社会
|-supereffective|p2a: 报复社会
|-damage|p2a: 报复社会|26/100
|move|p2a: 报复社会|Stealth Rock|p1a: Iron Moth
|-sidestart|p1: bytc niko|move: Stealth Rock
|
|-heal|p2a: 报复社会|32/100|[from] item: Leftovers
|-damage|p1a: Iron Moth|36/100|[from] Salt Cure
|upkeep
|turn|3
|
|t:|1758357910
|move|p2a: 报复社会|Protect|p2a: 报复社会
|-singleturn|p2a: 报复社会|Protect
|move|p1a: Iron Moth|Energy Ball|p2a: 报复社会
|-activate|p2a: 报复社会|move: Protect
|
|-heal|p2a: 报复社会|38/100|[from] item: Leftovers
|-damage|p1a: Iron Moth|24/100|[from] Salt Cure
|upkeep
|turn|4
|
|t:|1758357915
|switch|p2a: Moltres|Moltres|100/100
|move|p1a: Iron Moth|Fiery Dance|p2a: Moltres
|-resisted|p2a: Moltres
|-damage|p2a: Moltres|70/100
|-boost|p1a: Iron Moth|spa|1
|
|-damage|p1a: Iron Moth|11/100|[from] Salt Cure
|upkeep
|turn|5
|
|t:|1758357922
|switch|p2a: Scizor|Scizor, M|100/100
|move|p1a: Iron Moth|Sludge Wave|p2a: Scizor
|-immune|p2a: Scizor
|
|-damage|p1a: Iron Moth|0 fnt|[from] Salt Cure
|faint|p1a: Iron Moth
|-end|p1a: Iron Moth|Quark Drive|[silent]
|upkeep
|
|t:|1758357937
|switch|p1a: Ogerpon|Ogerpon-Cornerstone, F|100/100
|-damage|p1a: Ogerpon|88/100|[from] Stealth Rock
|turn|6
|
|t:|1758357939
|move|p1a: Ogerpon|Ivy Cudgel|p2a: Scizor|[anim] Ivy Cudgel Rock
|-damage|p2a: Scizor|33/100
|move|p2a: Scizor|U-turn|p1a: Ogerpon
|-supereffective|p1a: Ogerpon
|-damage|p1a: Ogerpon|0 fnt
|faint|p1a: Ogerpon
|
|t:|1758357949
|switch|p2a: 报复社会|Garganacl, F|38/100|[from] U-turn
|
|-heal|p2a: 报复社会|45/100|[from] item: Leftovers
|upkeep
|
|t:|1758357956
|switch|p1a: Iron Valiant|Iron Valiant|100/100
|-damage|p1a: Iron Valiant|94/100|[from] Stealth Rock
|-enditem|p1a: Iron Valiant|Booster Energy
|-activate|p1a: Iron Valiant|ability: Quark Drive|[fromitem]
|-start|p1a: Iron Valiant|quarkdrivespe
|turn|7
|
|t:|1758357960
|switch|p2a: Moltres|Moltres|70/100
|move|p1a: Iron Valiant|Close Combat|p2a: Moltres
|-resisted|p2a: Moltres
|-damage|p2a: Moltres|49/100
|-unboost|p1a: Iron Valiant|def|1
|-unboost|p1a: Iron Valiant|spd|1
|-status|p1a: Iron Valiant|brn|[from] ability: Flame Body|[of] p2a: Moltres
|
|-damage|p1a: Iron Valiant|88/100 brn|[from] brn
|upkeep
|turn|8
|
|t:|1758357968
|move|p1a: Iron Valiant|Swords Dance|p1a: Iron Valiant
|-boost|p1a: Iron Valiant|atk|2
|move|p2a: Moltres|Roost|p2a: Moltres
|-heal|p2a: Moltres|99/100
|-singleturn|p2a: Moltres|move: Roost
|
|-damage|p1a: Iron Valiant|82/100 brn|[from] brn
|upkeep
|turn|9
|
|t:|1758357973
|move|p1a: Iron Valiant|Knock Off|p2a: Moltres
|-damage|p2a: Moltres|76/100
|-enditem|p2a: Moltres|Heavy-Duty Boots|[from] move: Knock Off|[of] p1a: Iron Valiant
|move|p2a: Moltres|U-turn|p1a: Iron Valiant
|-resisted|p1a: Iron Valiant
|-damage|p1a: Iron Valiant|75/100 brn
|
|t:|1758357980
|switch|p2a: Scizor|Scizor, M|33/100|[from] U-turn
|
|-damage|p1a: Iron Valiant|69/100 brn|[from] brn
|upkeep
|turn|10
|
|t:|1758357987
|move|p2a: Scizor|Bullet Punch|p1a: Iron Valiant
|-supereffective|p1a: Iron Valiant
|-damage|p1a: Iron Valiant|0 fnt
|faint|p1a: Iron Valiant
|-end|p1a: Iron Valiant|Quark Drive|[silent]
|
|upkeep
|
|t:|1758357992
|switch|p1a: Dragonite|Dragonite, F|100/100
|turn|11
|
|t:|1758357996
|move|p2a: Scizor|Bullet Punch|p1a: Dragonite
|-damage|p1a: Dragonite|72/100
|move|p1a: Dragonite|Dragon Dance|p1a: Dragonite
|-boost|p1a: Dragonite|atk|1
|-boost|p1a: Dragonite|spe|1
|
|upkeep
|turn|12
|
|t:|1758358006
|-terastallize|p1a: Dragonite|Flying
|move|p2a: Scizor|Bullet Punch|p1a: Dragonite
|-damage|p1a: Dragonite|16/100
|move|p1a: Dragonite|Tera Blast|p2a: Scizor|[anim] Tera Blast Flying
|-damage|p2a: Scizor|0 fnt
|faint|p2a: Scizor
|
|upkeep
|
|t:|1758358013
|switch|p2a: Raging Bolt|Raging Bolt|100/100
|-enditem|p2a: Raging Bolt|Booster Energy
|-activate|p2a: Raging Bolt|ability: Protosynthesis|[fromitem]
|-start|p2a: Raging Bolt|protosynthesisspa
|turn|13
|
|t:|1758358020
|-terastallize|p2a: Raging Bolt|Fairy
|move|p1a: Dragonite|Extreme Speed|p2a: Raging Bolt
|-damage|p2a: Raging Bolt|58/100
|move|p2a: Raging Bolt|Thunderbolt|p1a: Dragonite
|-supereffective|p1a: Dragonite
|-damage|p1a: Dragonite|0 fnt
|faint|p1a: Dragonite
|
|upkeep
|
|t:|1758358027
|switch|p1a: Kingambit|Kingambit, F|100/100
|-damage|p1a: Kingambit|94/100|[from] Stealth Rock
|-activate|p1a: Kingambit|ability: Supreme Overlord
|-start|p1a: Kingambit|fallen4|[silent]
|turn|14
|
|t:|1758358031
|-end|p2a: Raging Bolt|Protosynthesis|[silent]
|switch|p2a: Moltres|Moltres|76/100
|move|p1a: Kingambit|Iron Head|p2a: Moltres
|-resisted|p2a: Moltres
|-damage|p2a: Moltres|54/100
|
|upkeep
|turn|15
|
|t:|1758358040
|move|p2a: Moltres|Will-O-Wisp|p1a: Kingambit
|-status|p1a: Kingambit|brn
|-enditem|p1a: Kingambit|Lum Berry|[eat]
|-curestatus|p1a: Kingambit|brn|[msg]
|move|p1a: Kingambit|Kowtow Cleave|p2a: Moltres
|-damage|p2a: Moltres|3/100
|
|upkeep
|turn|16
|
|t:|1758358049
|move|p2a: Moltres|Roost|p2a: Moltres
|-heal|p2a: Moltres|53/100
|-singleturn|p2a: Moltres|move: Roost
|move|p1a: Kingambit|Kowtow Cleave|p2a: Moltres
|-damage|p2a: Moltres|2/100
|
|upkeep
|turn|17
|
|t:|1758358056
|move|p2a: Moltres|Will-O-Wisp|p1a: Kingambit|[miss]
|-miss|p2a: Moltres|p1a: Kingambit
|move|p1a: Kingambit|Swords Dance|p1a: Kingambit
|-boost|p1a: Kingambit|atk|2
|
|upkeep
|turn|18
|
|t:|1758358063
|move|p2a: Moltres|Will-O-Wisp|p1a: Kingambit
|-status|p1a: Kingambit|brn
|move|p1a: Kingambit|Kowtow Cleave|p2a: Moltres
|-damage|p2a: Moltres|0 fnt
|faint|p2a: Moltres
|
|-damage|p1a: Kingambit|88/100 brn|[from] brn
|upkeep
|
|t:|1758358073
|switch|p2a: Darkrai|Darkrai|100/100
|turn|19
|
|t:|1758358080
|move|p2a: Darkrai|Focus Blast|p1a: Kingambit
|-supereffective|p1a: Kingambit
|-damage|p1a: Kingambit|0 fnt
|faint|p1a: Kingambit
|-end|p1a: Kingambit|fallen4|[silent]
|
|upkeep
|
|t:|1758358083
|switch|p1a: Raging Bolt|Raging Bolt|100/100
|-damage|p1a: Raging Bolt|88/100|[from] Stealth Rock
|-enditem|p1a: Raging Bolt|Booster Energy
|-activate|p1a: Raging Bolt|ability: Protosynthesis|[fromitem]
|-start|p1a: Raging Bolt|protosynthesisspa
|turn|20
|
|t:|1758358086
|switch|p2a: Hatterene|Hatterene, F|100/100
|move|p1a: Raging Bolt|Calm Mind|p1a: Raging Bolt
|-boost|p1a: Raging Bolt|spa|1
|-boost|p1a: Raging Bolt|spd|1
|
|upkeep
|turn|21
|
|t:|1758358094
|move|p1a: Raging Bolt|Thunderbolt|p2a: Hatterene
|-damage|p2a: Hatterene|39/100
|move|p2a: Hatterene|Draining Kiss|p1a: Raging Bolt
|-supereffective|p1a: Raging Bolt
|-damage|p1a: Raging Bolt|50/100
|-heal|p2a: Hatterene|75/100|[from] drain|[of] p1a: Raging Bolt
|
|upkeep
|turn|22
|
|t:|1758358106
|move|p1a: Raging Bolt|Thunderbolt|p2a: Hatterene
|-damage|p2a: Hatterene|12/100
|move|p2a: Hatterene|Draining Kiss|p1a: Raging Bolt
|-supereffective|p1a: Raging Bolt
|-damage|p1a: Raging Bolt|16/100
|-heal|p2a: Hatterene|44/100|[from] drain|[of] p1a: Raging Bolt
|
|upkeep
|turn|23
|
|t:|1758358112
|move|p1a: Raging Bolt|Thunderbolt|p2a: Hatterene
|-damage|p2a: Hatterene|0 fnt
|faint|p2a: Hatterene
|
|upkeep
|
|t:|1758358115
|switch|p2a: Raging Bolt|Raging Bolt, tera:Fairy|58/100
|turn|24
|
|t:|1758358123
|move|p1a: Raging Bolt|Thunderclap|p2a: Raging Bolt
|-damage|p2a: Raging Bolt|0 fnt
|faint|p2a: Raging Bolt
|-end|p2a: Raging Bolt|Protosynthesis|[silent]
|
|upkeep
|
|t:|1758358126
|switch|p2a: Darkrai|Darkrai|100/100
|turn|25
|
|t:|1758358131
|switch|p2a: 报复社会|Garganacl, F|45/100
|move|p1a: Raging Bolt|Thunderclap||[still]
|-fail|p1a: Raging Bolt
|
|-heal|p2a: 报复社会|51/100|[from] item: Leftovers
|upkeep
|turn|26
|
|t:|1758358141
|move|p1a: Raging Bolt|Thunderbolt|p2a: 报复社会
|-damage|p2a: 报复社会|0 fnt
|faint|p2a: 报复社会
|
|upkeep
|
|t:|1758358144
|switch|p2a: Darkrai|Darkrai|100/100
|turn|27
|
|t:|1758358146
|move|p1a: Raging Bolt|Thunderclap|p2a: Darkrai
|-crit|p2a: Darkrai
|-damage|p2a: Darkrai|0 fnt
|faint|p2a: Darkrai
|
|win|bytc niko
|raw|bytc niko's rating: 1562 &rarr; <strong>1581</strong><br />(+19 for winning)
|raw|i have no id's rating: 1536 &rarr; <strong>1517</strong><br />(-19 for losing)
|l|☆bytc niko
|player|p1|
|l|☆i have no id
|player|p2|
