|j|☆CadenG18
|j|☆Desert Tail
|t:|1758337837
|gametype|singles
|player|p1|CadenG18|hilbert|
|player|p2|Desert Tail|169|
|gen|9
|tier|[Gen 9] OU
|rule|HP Percentage Mod: HP is shown in percentages
|rule|Endless Battle Clause: Forcing endless battles is banned
|rule|Species Clause: Limit one of each Pokémon
|rule|OHKO Clause: OHKO moves are banned
|rule|Evasion Items Clause: Evasion items are banned
|rule|Evasion Moves Clause: Evasion moves are banned
|rule|Evasion Abilities Clause: Evasion abilities are banned
|rule|Sleep Moves Clause: Sleep-inducing moves are banned
|clearpoke
|poke|p1|Greninja-*, M|
|poke|p1|Corviknight, M|
|poke|p1|Ceruledge, F|
|poke|p1|Metagross|
|poke|p1|Venusaur, F|
|poke|p1|Salamence, M|
|poke|p2|Raichu, F|
|poke|p2|Ninetales-Alola, M|
|poke|p2|Gallade, M|
|poke|p2|Crabominable, M|
|poke|p2|Sandaconda, M|
|poke|p2|Polteageist|
|teampreview
|
|t:|1758337841
|teamsize|p1|6
|teamsize|p2|6
|start
|switch|p1a: Megumi|Greninja, M, shiny|100/100
|switch|p2a: Goro|Raichu, F, shiny|100/100
|turn|1
|c|☆CadenG18|RUN IT BAACKL
|
|t:|1758337850
|move|p2a: Goro|Volt Switch|p1a: Megumi
|-supereffective|p1a: Megumi
|-damage|p1a: Megumi|39/100
|
|t:|1758337857
|switch|p2a: Polteageist|Polteageist, shiny|100/100|[from] Volt Switch
|move|p1a: Megumi|Ice Beam|p2a: Polteageist
|-start|p1a: Megumi|typechange|Ice|[from] ability: Protean
|-damage|p2a: Polteageist|38/100
|-damage|p1a: Megumi|29/100|[from] item: Life Orb
|
|upkeep
|turn|2
|
|t:|1758337869
|move|p1a: Megumi|U-turn|p2a: Polteageist
|-resisted|p2a: Polteageist
|-damage|p2a: Polteageist|27/100
|-ability|p2a: Polteageist|Weak Armor|boost
|-unboost|p2a: Polteageist|def|1
|-boost|p2a: Polteageist|spe|2
|-damage|p1a: Megumi|19/100|[from] item: Life Orb
|-enditem|p2a: Polteageist|White Herb
|-clearnegativeboost|p2a: Polteageist|[silent]
|
|t:|1758337878
|switch|p1a: Aether|Salamence, M|100/100|[from] U-turn
|move|p2a: Polteageist|Shell Smash|p2a: Polteageist
|-unboost|p2a: Polteageist|def|1
|-unboost|p2a: Polteageist|spd|1
|-boost|p2a: Polteageist|atk|2
|-boost|p2a: Polteageist|spa|2
|-boost|p2a: Polteageist|spe|2
|
|upkeep
|turn|3
|
|t:|1758337902
|-terastallize|p2a: Polteageist|Ghost
|move|p2a: Polteageist|Shadow Ball|p1a: Aether
|-damage|p1a: Aether|0 fnt
|faint|p1a: Aether
|
|upkeep
|
|t:|1758337910
|switch|p1a: Cieri|Ceruledge, F|100/100
|turn|4
|c|☆Desert Tail|r we in for another sweep
|
|t:|1758337933
|move|p1a: Cieri|Shadow Sneak|p2a: Polteageist
|-supereffective|p2a: Polteageist
|-damage|p2a: Polteageist|0 fnt
|faint|p2a: Polteageist
|
|upkeep
|
|t:|1758337937
|switch|p2a: Sin|Sandaconda, M, shiny|100/100
|turn|5
|c|☆Desert Tail|💔💔
|
|t:|1758337951
|switch|p1a: Mercury|Metagross|100/100
|move|p2a: Sin|Coil|p2a: Sin
|-boost|p2a: Sin|atk|1
|-boost|p2a: Sin|def|1
|-boost|p2a: Sin|accuracy|1
|
|upkeep
|turn|6
|c|☆CadenG18|lmao
|
|t:|1758337961
|move|p2a: Sin|Earthquake|p1a: Mercury
|-supereffective|p1a: Mercury
|-damage|p1a: Mercury|0 fnt
|faint|p1a: Mercury
|
|upkeep
|c|☆CadenG18|ouchies
|c|☆Desert Tail|oof
|
|t:|1758337972
|switch|p1a: Megumi|Greninja, M, shiny|19/100
|turn|7
|
|t:|1758337984
|move|p1a: Megumi|Hydro Pump|p2a: Sin
|-start|p1a: Megumi|typechange|Water|[from] ability: Protean
|-supereffective|p2a: Sin
|-damage|p2a: Sin|0 fnt
|-weather|Sandstorm|[from] ability: Sand Spit|[of] p2a: Sin
|faint|p2a: Sin
|-damage|p1a: Megumi|9/100|[from] item: Life Orb
|
|-weather|Sandstorm|[upkeep]
|-damage|p1a: Megumi|3/100|[from] Sandstorm
|upkeep
|c|☆CadenG18|MEGUMI DID SOMETHING
|
|t:|1758338003
|switch|p2a: MaleQueen|Ninetales-Alola, M, shiny|100/100
|-weather|Snowscape|[from] ability: Snow Warning|[of] p2a: MaleQueen
|turn|8
|
|t:|1758338009
|move|p2a: MaleQueen|Aurora Veil|p2a: MaleQueen
|-sidestart|p2: Desert Tail|move: Aurora Veil
|move|p1a: Megumi|Hydro Pump|p2a: MaleQueen
|-damage|p2a: MaleQueen|57/100
|-damage|p1a: Megumi|0 fnt|[from] item: Life Orb
|faint|p1a: Megumi
|
|-weather|Snowscape|[upkeep]
|upkeep
|
|t:|1758338019
|switch|p1a: Cieri|Ceruledge, F|100/100
|turn|9
|
|t:|1758338023
|move|p2a: MaleQueen|Freeze-Dry|p1a: Cieri
|-resisted|p1a: Cieri
|-damage|p1a: Cieri|84/100
|move|p1a: Cieri|Bitter Blade|p2a: MaleQueen
|-supereffective|p2a: MaleQueen
|-damage|p2a: MaleQueen|13/100
|-heal|p1a: Cieri|100/100|[from] drain|[of] p2a: MaleQueen
|
|-weather|Snowscape|[upkeep]
|upkeep
|turn|10
|
|t:|1758338034
|move|p2a: MaleQueen|Moonblast|p1a: Cieri
|-resisted|p1a: Cieri
|-damage|p1a: Cieri|80/100
|move|p1a: Cieri|Swords Dance|p1a: Cieri
|-boost|p1a: Cieri|atk|2
|
|-weather|Snowscape|[upkeep]
|upkeep
|turn|11
|
|t:|1758338043
|move|p2a: MaleQueen|Encore|p1a: Cieri
|-start|p1a: Cieri|Encore
|move|p1a: Cieri|Swords Dance|p1a: Cieri
|-boost|p1a: Cieri|atk|2
|
|-weather|Snowscape|[upkeep]
|upkeep
|turn|12
|
|t:|1758338068
|move|p2a: MaleQueen|Moonblast|p1a: Cieri
|-resisted|p1a: Cieri
|-damage|p1a: Cieri|59/100
|move|p1a: Cieri|Swords Dance|p1a: Cieri
|-boost|p1a: Cieri|atk|2
|
|-weather|none
|upkeep
|turn|13
|
|t:|1758338078
|move|p2a: MaleQueen|Moonblast|p1a: Cieri
|-resisted|p1a: Cieri
|-damage|p1a: Cieri|38/100
|-unboost|p1a: Cieri|spa|1
|move|p1a: Cieri|Swords Dance|p1a: Cieri
|-boost|p1a: Cieri|atk|0
|
|-end|p1a: Cieri|Encore
|upkeep
|turn|14
|
|t:|1758338088
|move|p2a: MaleQueen|Encore|p1a: Cieri
|-start|p1a: Cieri|Encore
|move|p1a: Cieri|Swords Dance|p1a: Cieri
|-boost|p1a: Cieri|atk|0
|
|upkeep
|turn|15
|c|☆Desert Tail|YEEESSS
|c|☆Desert Tail|HE DIDNT SHADOW SNEAK
|
|t:|1758338102
|switch|p1a: Kurokishi|Corviknight, M|100/100
|move|p2a: MaleQueen|Moonblast|p1a: Kurokishi
|-resisted|p1a: Kurokishi
|-damage|p1a: Kurokishi|87/100
|
|-sideend|p2: Desert Tail|move: Aurora Veil
|upkeep
|turn|16
|
|t:|1758338112
|switch|p2a: Silver|Gallade, M, shiny|100/100
|move|p1a: Kurokishi|Brave Bird|p2a: Silver
|-supereffective|p2a: Silver
|-damage|p2a: Silver|0 fnt
|faint|p2a: Silver
|-damage|p1a: Kurokishi|64/100|[from] Recoil
|
|upkeep
|
|t:|1758338122
|switch|p2a: MaleQueen|Ninetales-Alola, M, shiny|13/100
|-weather|Snowscape|[from] ability: Snow Warning|[of] p2a: MaleQueen
|turn|17
|
|t:|1758338139
|move|p2a: MaleQueen|Aurora Veil|p2a: MaleQueen
|-sidestart|p2: Desert Tail|move: Aurora Veil
|move|p1a: Kurokishi|Brave Bird|p2a: MaleQueen
|-damage|p2a: MaleQueen|0 fnt
|faint|p2a: MaleQueen
|-damage|p1a: Kurokishi|61/100|[from] Recoil
|
|-weather|Snowscape|[upkeep]
|upkeep
|
|t:|1758338148
|switch|p2a: Goro|Raichu, F, shiny|100/100
|turn|18
|
|t:|1758338153
|move|p2a: Goro|Nasty Plot|p2a: Goro
|-boost|p2a: Goro|spa|2
|move|p1a: Kurokishi|U-turn|p2a: Goro
|-damage|p2a: Goro|84/100
|
|t:|1758338161
|switch|p1a: Titania|Venusaur, F|100/100|[from] U-turn
|
|-weather|Snowscape|[upkeep]
|upkeep
|turn|19
|
|t:|1758338172
|move|p2a: Goro|Nasty Plot|p2a: Goro
|-boost|p2a: Goro|spa|2
|move|p1a: Titania|Earth Power|p2a: Goro
|-supereffective|p2a: Goro
|-damage|p2a: Goro|31/100
|
|-weather|Snowscape|[upkeep]
|upkeep
|turn|20
|
|t:|1758338181
|move|p2a: Goro|Thunderbolt|p1a: Titania
|-resisted|p1a: Titania
|-damage|p1a: Titania|61/100
|-status|p1a: Titania|par
|move|p1a: Titania|Earth Power|p2a: Goro
|-supereffective|p2a: Goro
|-damage|p2a: Goro|0 fnt
|faint|p2a: Goro
|
|-weather|Snowscape|[upkeep]
|upkeep
|
|t:|1758338184
|switch|p2a: Abombom|Crabominable, M, shiny|100/100
|turn|21
|
|t:|1758338197
|switch|p1a: Cieri|Ceruledge, F|38/100
|move|p2a: Abombom|Bulk Up|p2a: Abombom
|-boost|p2a: Abombom|atk|1
|-boost|p2a: Abombom|def|1
|
|-weather|none
|upkeep
|turn|22
|
|t:|1758338209
|move|p1a: Cieri|Bitter Blade|p2a: Abombom
|-supereffective|p2a: Abombom
|-damage|p2a: Abombom|66/100
|-heal|p1a: Cieri|59/100|[from] drain|[of] p2a: Abombom
|move|p2a: Abombom|Thunder Punch|p1a: Cieri
|-damage|p1a: Cieri|0 fnt
|faint|p1a: Cieri
|
|-heal|p2a: Abombom|72/100|[from] item: Leftovers
|upkeep
|
|t:|1758338229
|switch|p1a: Kurokishi|Corviknight, M|61/100
|turn|23
|
|t:|1758338240
|-terastallize|p1a: Kurokishi|Flying
|move|p1a: Kurokishi|Brave Bird|p2a: Abombom
|-supereffective|p2a: Abombom
|-damage|p2a: Abombom|35/100
|-damage|p1a: Kurokishi|51/100|[from] Recoil
|move|p2a: Abombom|Thunder Punch|p1a: Kurokishi
|-supereffective|p1a: Kurokishi
|-damage|p1a: Kurokishi|0 fnt
|-damage|p2a: Abombom|18/100|[from] item: Rocky Helmet|[of] p1a: Kurokishi
|faint|p1a: Kurokishi
|
|-heal|p2a: Abombom|24/100|[from] item: Leftovers
|upkeep
|
|t:|1758338254
|switch|p1a: Titania|Venusaur, F|61/100 par
|turn|24
|c|☆CadenG18|it might be over
|c|☆Desert Tail|holy clutch bro
|
|t:|1758338272
|move|p1a: Titania|Giga Drain|p2a: Abombom
|-damage|p2a: Abombom|9/100
|-heal|p1a: Titania|70/100 par|[from] drain|[of] p2a: Abombom
|move|p2a: Abombom|Ice Punch|p1a: Titania
|-supereffective|p1a: Titania
|-damage|p1a: Titania|0 fnt
|faint|p1a: Titania
|
|win|Desert Tail
|c|☆Desert Tail|HOOOLLYY CLUUUTCH
|c|☆CadenG18|DAMN
