|j|☆CertifiedDumbass1
|j|☆bigredsword
|t:|1758323975
|gametype|singles
|player|p1|CertifiedDumbass1|hilbert-wonderlauncher|1355
|player|p2|bigredsword|101|1322
|gen|9
|tier|[Gen 9] OU
|rated|
|rule|HP Percentage Mod: HP is shown in percentages
|rule|Endless Battle Clause: Forcing endless battles is banned
|rule|Species Clause: Limit one of each Pokémon
|rule|OHKO Clause: OHKO moves are banned
|rule|Evasion Items Clause: Evasion items are banned
|rule|Evasion Moves Clause: Evasion moves are banned
|rule|Evasion Abilities Clause: Evasion abilities are banned
|rule|Sleep Moves Clause: Sleep-inducing moves are banned
|clearpoke
|poke|p1|Ogerpon-Wellspring, F|
|poke|p1|Arcanine-Hisui, M|
|poke|p1|Ninetales-Alola, M|
|poke|p1|Okidogi, M|
|poke|p1|Necrozma|
|poke|p1|Hitmontop, M|
|poke|p2|Dragapult, F|
|poke|p2|Primarina, M|
|poke|p2|Iron Crown|
|poke|p2|Samurott-Hisui, F|
|poke|p2|Kingambit, F|
|poke|p2|Landorus-Therian, M|
|teampreview
|
|t:|1758324004
|teamsize|p1|6
|teamsize|p2|6
|start
|switch|p1a: Hitmontop|Hitmontop, M|100/100
|switch|p2a: Iron Crown|Iron Crown|100/100
|turn|1
|
|t:|1758324027
|move|p2a: Iron Crown|Volt Switch|p1a: Hitmontop
|-damage|p1a: Hitmontop|78/100
|inactive|Battle timer is ON: inactive players will automatically lose when time's up. (requested by CertifiedDumbass1)
|
|t:|1758324038
|-end|p2a: Iron Crown|Quark Drive|[silent]
|switch|p2a: Landorus|Landorus-Therian, M|100/100|[from] Volt Switch
|-ability|p2a: Landorus|Intimidate|boost
|-unboost|p1a: Hitmontop|atk|1
|move|p1a: Hitmontop|Triple Kick|p2a: Landorus
|-resisted|p2a: Landorus
|-damage|p2a: Landorus|99/100
|-damage|p1a: Hitmontop|62/100|[from] item: Rocky Helmet|[of] p2a: Landorus
|-resisted|p2a: Landorus
|-damage|p2a: Landorus|96/100
|-damage|p1a: Hitmontop|45/100|[from] item: Rocky Helmet|[of] p2a: Landorus
|-resisted|p2a: Landorus
|-damage|p2a: Landorus|91/100
|-damage|p1a: Hitmontop|29/100|[from] item: Rocky Helmet|[of] p2a: Landorus
|-hitcount|p2a: Landorus|3
|
|upkeep
|turn|2
|
|t:|1758324049
|switch|p1a: Ogerpon|Ogerpon-Wellspring, F|100/100
|move|p2a: Landorus|Stealth Rock|p1a: Ogerpon
|-sidestart|p1: CertifiedDumbass1|move: Stealth Rock
|
|upkeep
|turn|3
|
|t:|1758324058
|move|p1a: Ogerpon|Ivy Cudgel|p2a: Landorus|[anim] Ivy Cudgel Water
|-supereffective|p2a: Landorus
|-damage|p2a: Landorus|3/100
|move|p2a: Landorus|U-turn|p1a: Ogerpon
|-supereffective|p1a: Ogerpon
|-damage|p1a: Ogerpon|48/100
|
|t:|1758324063
|switch|p2a: Dragapult|Dragapult, F|100/100|[from] U-turn
|
|upkeep
|turn|4
|
|t:|1758324073
|switch|p1a: Okidogi|Okidogi, M|100/100
|-damage|p1a: Okidogi|94/100|[from] Stealth Rock
|move|p2a: Dragapult|U-turn|p1a: Okidogi
|-resisted|p1a: Okidogi
|-damage|p1a: Okidogi|87/100
|c|☆CertifiedDumbass1|iron crown
|
|t:|1758324093
|switch|p2a: Landorus|Landorus-Therian, M|3/100|[from] U-turn
|-ability|p2a: Landorus|Intimidate|boost
|-ability|p1a: Okidogi|Guard Dog|boost
|-boost|p1a: Okidogi|atk|1
|
|upkeep
|turn|5
|-message|bigredsword forfeited.
|
|win|CertifiedDumbass1
|raw|CertifiedDumbass1's rating: 1355 &rarr; <strong>1373</strong><br />(+18 for winning)
|raw|bigredsword's rating: 1322 &rarr; <strong>1304</strong><br />(-18 for losing)
|l|☆bigredsword
|player|p2|
|l|☆CertifiedDumbass1
|player|p1|
