|j|☆bio2.0
|j|☆tigerking123
|t:|1758256957
|gametype|singles
|player|p1|bio2.0|266|1278
|player|p2|tigerking123|2|1258
|gen|9
|tier|[Gen 9] OU
|rated|
|rule|HP Percentage Mod: HP is shown in percentages
|rule|Endless Battle Clause: Forcing endless battles is banned
|rule|Species Clause: Limit one of each Pokémon
|rule|OHKO Clause: OHKO moves are banned
|rule|Evasion Items Clause: Evasion items are banned
|rule|Evasion Moves Clause: Evasion moves are banned
|rule|Evasion Abilities Clause: Evasion abilities are banned
|rule|Sleep Moves Clause: Sleep-inducing moves are banned
|clearpoke
|poke|p1|Iron Boulder|
|poke|p1|Shiftry, F|
|poke|p1|Garchomp, M|
|poke|p1|Iron Valiant|
|poke|p1|Snorlax, M|
|poke|p1|Great Tusk|
|poke|p2|Rillaboom, M|
|poke|p2|Raging Bolt|
|poke|p2|Ogerpon-Cornerstone, F|
|poke|p2|Gholdengo|
|poke|p2|Primarina, M|
|poke|p2|Iron Valiant|
|teampreview
|
|t:|1758256987
|teamsize|p1|6
|teamsize|p2|6
|start
|switch|p1a: Garchomp|Garchomp, M|100/100
|switch|p2a: Primarina|Primarina, M|100/100
|turn|1
|inactive|Battle timer is ON: inactive players will automatically lose when time's up. (requested by bio2.0)
|
|t:|1758257000
|switch|p1a: Snorlax|Snorlax, M|100/100
|move|p2a: Primarina|Moonblast|p1a: Snorlax
|-damage|p1a: Snorlax|69/100
|
|upkeep
|turn|2
|
|t:|1758257005
|move|p2a: Primarina|Flip Turn|p1a: Snorlax
|-damage|p1a: Snorlax|55/100
|
|t:|1758257007
|switch|p2a: Gholdengo|Gholdengo|100/100|[from] Flip Turn
|-item|p2a: Gholdengo|Air Balloon
|move|p1a: Snorlax|Double-Edge|p2a: Gholdengo
|-immune|p2a: Gholdengo
|
|upkeep
|turn|3
|
|t:|1758257024
|switch|p2a: Rillaboom|Rillaboom, M|100/100
|-fieldstart|move: Grassy Terrain|[from] ability: Grassy Surge|[of] p2a: Rillaboom
|switch|p1a: Great Tusk|Great Tusk|100/100
|-enditem|p1a: Great Tusk|Booster Energy
|-activate|p1a: Great Tusk|ability: Protosynthesis|[fromitem]
|-start|p1a: Great Tusk|protosynthesisatk
|
|upkeep
|turn|4
|inactive|bio2.0 has 120 seconds left.
|
|t:|1758257068
|-end|p1a: Great Tusk|Protosynthesis|[silent]
|switch|p1a: Garchomp|Garchomp, M|100/100
|move|p2a: Rillaboom|U-turn|p1a: Garchomp
|-damage|p1a: Garchomp|67/100
|-damage|p2a: Rillaboom|88/100|[from] ability: Rough Skin|[of] p1a: Garchomp
|-damage|p2a: Rillaboom|78/100|[from] item: Life Orb
|
|t:|1758257074
|switch|p2a: Primarina|Primarina, M|100/100|[from] U-turn
|
|-heal|p1a: Garchomp|73/100|[from] Grassy Terrain
|upkeep
|turn|5
|inactive|bio2.0 has 120 seconds left.
|
|t:|1758257092
|-terastallize|p1a: Garchomp|Fire
|move|p1a: Garchomp|Earthquake|p2a: Primarina
|-damage|p2a: Primarina|65/100
|-damage|p1a: Garchomp|63/100|[from] item: Life Orb
|move|p2a: Primarina|Flip Turn|p1a: Garchomp
|-supereffective|p1a: Garchomp
|-damage|p1a: Garchomp|29/100
|-damage|p2a: Primarina|53/100|[from] ability: Rough Skin|[of] p1a: Garchomp
|-message|bio2.0 forfeited.
|
|win|tigerking123
|raw|bio2.0's rating: 1278 &rarr; <strong>1252</strong><br />(-26 for losing)
|raw|tigerking123's rating: 1258 &rarr; <strong>1284</strong><br />(+26 for winning)
|l|☆bio2.0
|player|p1|
|l|☆tigerking123
|player|p2|
