|j|☆sunny dancing
|j|☆mathismathin
|t:|1758337724
|gametype|singles
|player|p1|sunny dancing|101|1833
|player|p2|mathismathin|hilbert|1855
|gen|9
|tier|[Gen 9] OU
|rated|
|rule|HP Percentage Mod: HP is shown in percentages
|rule|Endless Battle Clause: Forcing endless battles is banned
|rule|Species Clause: Limit one of each Pokémon
|rule|OHKO Clause: OHKO moves are banned
|rule|Evasion Items Clause: Evasion items are banned
|rule|Evasion Moves Clause: Evasion moves are banned
|rule|Evasion Abilities Clause: Evasion abilities are banned
|rule|Sleep Moves Clause: Sleep-inducing moves are banned
|clearpoke
|poke|p1|Ogerpon-Wellspring, F|
|poke|p1|Slowking-Galar, M|
|poke|p1|Great Tusk|
|poke|p1|Moltres|
|poke|p1|Dragapult, M|
|poke|p1|Kingambit, F|
|poke|p2|Krookodile, M|
|poke|p2|Noivern, M|
|poke|p2|Porygon-Z|
|poke|p2|Jirachi|
|poke|p2|Slowbro, F|
|poke|p2|Mienshao, M|
|teampreview
|inactive|Battle timer is ON: inactive players will automatically lose when time's up. (requested by sunny dancing)
|j| heatraniac
|j| pantsforbirds
|
|t:|1758337758
|teamsize|p1|6
|teamsize|p2|6
|start
|switch|p1a: Ogerpon|Ogerpon-Wellspring, F|100/100
|switch|p2a: Jirachi|Jirachi|100/100
|turn|1
|
|t:|1758337765
|move|p2a: Jirachi|U-turn|p1a: Ogerpon
|-supereffective|p1a: Ogerpon
|-damage|p1a: Ogerpon|44/100
|
|t:|1758337767
|switch|p2a: Noivern|Noivern, M|100/100|[from] U-turn
|move|p1a: Ogerpon|Knock Off|p2a: Noivern
|-damage|p2a: Noivern|60/100
|-enditem|p2a: Noivern|Heavy-Duty Boots|[from] move: Knock Off|[of] p1a: Ogerpon
|
|upkeep
|turn|2
|
|t:|1758337778
|switch|p1a: Slowking|Slowking-Galar, M|100/100
|move|p2a: Noivern|Draco Meteor|p1a: Slowking
|-damage|p1a: Slowking|78/100
|-unboost|p2a: Noivern|spa|2
|
|upkeep
|turn|3
|j| RagingBoltLover
|inactive|mathismathin has 120 seconds left.
|
|t:|1758337808
|switch|p2a: Jirachi|Jirachi|100/100
|move|p1a: Slowking|Flamethrower|p2a: Jirachi
|-supereffective|p2a: Jirachi
|-damage|p2a: Jirachi|48/100
|
|upkeep
|turn|4
|
|t:|1758337816
|move|p2a: Jirachi|U-turn|p1a: Slowking
|-damage|p1a: Slowking|59/100
|
|t:|1758337818
|switch|p2a: Krookodile|Krookodile, M|100/100|[from] U-turn
|-ability|p2a: Krookodile|Intimidate|boost
|-unboost|p1a: Slowking|atk|1
|move|p1a: Slowking|Flamethrower|p2a: Krookodile
|-damage|p2a: Krookodile|62/100
|
|-heal|p2a: Krookodile|68/100|[from] item: Leftovers
|upkeep
|turn|5
|l| RagingBoltLover
|
|t:|1758337828
|switch|p1a: Great Tusk|Great Tusk|100/100
|move|p2a: Krookodile|Knock Off|p1a: Great Tusk
|-resisted|p1a: Great Tusk
|-damage|p1a: Great Tusk|85/100
|-damage|p2a: Krookodile|52/100|[from] item: Rocky Helmet|[of] p1a: Great Tusk
|-enditem|p1a: Great Tusk|Rocky Helmet|[from] move: Knock Off|[of] p2a: Krookodile
|
|-heal|p2a: Krookodile|58/100|[from] item: Leftovers
|upkeep
|turn|6
|
|t:|1758337836
|switch|p2a: Slowbro|Slowbro, F|100/100
|move|p1a: Great Tusk|Stealth Rock|p2a: Slowbro
|-sidestart|p2: mathismathin|move: Stealth Rock
|
|upkeep
|turn|7
|
|t:|1758337843
|-end|p1a: Great Tusk|Protosynthesis|[silent]
|switch|p1a: Ogerpon|Ogerpon-Wellspring, F|44/100
|move|p2a: Slowbro|Body Press|p1a: Ogerpon
|-damage|p1a: Ogerpon|11/100
|
|upkeep
|turn|8
|
|t:|1758337854
|move|p1a: Ogerpon|Power Whip|p2a: Slowbro
|-supereffective|p2a: Slowbro
|-damage|p2a: Slowbro|19/100
|-damage|p1a: Ogerpon|0 fnt|[from] item: Rocky Helmet|[of] p2a: Slowbro
|faint|p1a: Ogerpon
|move|p2a: Slowbro|Foul Play|p1: Ogerpon|[notarget]
|-fail|p2a: Slowbro
|
|upkeep
|
|t:|1758337864
|switch|p1a: Dragapult|Dragapult, M|100/100
|turn|9
|
|t:|1758337878
|switch|p2a: Noivern|Noivern, M|60/100
|-damage|p2a: Noivern|35/100|[from] Stealth Rock
|move|p1a: Dragapult|Hex|p2a: Noivern
|-damage|p2a: Noivern|9/100
|
|upkeep
|turn|10
|
|t:|1758337888
|move|p1a: Dragapult|Dragon Darts|p2a: Noivern
|-supereffective|p2a: Noivern
|-damage|p2a: Noivern|0 fnt
|faint|p2a: Noivern
|
|upkeep
|
|t:|1758337890
|switch|p2a: Porygon-Z|Porygon-Z|100/100
|-damage|p2a: Porygon-Z|88/100|[from] Stealth Rock
|-ability|p2a: Porygon-Z|Download|boost
|-boost|p2a: Porygon-Z|spa|1
|turn|11
|
|t:|1758337897
|move|p1a: Dragapult|U-turn|p2a: Porygon-Z
|-damage|p2a: Porygon-Z|58/100
|j| RagingBoltLover
|
|t:|1758337908
|switch|p1a: Slowking|Slowking-Galar, M|92/100|[from] U-turn
|move|p2a: Porygon-Z|Shadow Ball|p1a: Slowking
|-supereffective|p1a: Slowking
|-damage|p1a: Slowking|27/100
|
|upkeep
|turn|12
|
|t:|1758337918
|switch|p1a: Kingambit|Kingambit, F|100/100
|-activate|p1a: Kingambit|ability: Supreme Overlord
|-start|p1a: Kingambit|fallen1|[silent]
|move|p2a: Porygon-Z|Shadow Ball|p1a: Kingambit
|-resisted|p1a: Kingambit
|-damage|p1a: Kingambit|67/100
|
|-heal|p1a: Kingambit|73/100|[from] item: Leftovers
|upkeep
|turn|13
|
|t:|1758337927
|switch|p2a: Krookodile|Krookodile, M|58/100
|-damage|p2a: Krookodile|52/100|[from] Stealth Rock
|-ability|p2a: Krookodile|Intimidate|boost
|-unboost|p1a: Kingambit|atk|1
|move|p1a: Kingambit|Low Kick|p2a: Krookodile
|-supereffective|p2a: Krookodile
|-damage|p2a: Krookodile|1/100
|
|-heal|p2a: Krookodile|8/100|[from] item: Leftovers
|-heal|p1a: Kingambit|79/100|[from] item: Leftovers
|upkeep
|turn|14
|
|t:|1758337935
|move|p1a: Kingambit|Sucker Punch||[still]
|-fail|p1a: Kingambit
|move|p2a: Krookodile|Stealth Rock|p1a: Kingambit
|-sidestart|p1: sunny dancing|move: Stealth Rock
|
|-heal|p2a: Krookodile|14/100|[from] item: Leftovers
|-heal|p1a: Kingambit|85/100|[from] item: Leftovers
|upkeep
|turn|15
|
|t:|1758337942
|move|p1a: Kingambit|Sucker Punch|p2a: Krookodile
|-resisted|p2a: Krookodile
|-damage|p2a: Krookodile|0 fnt
|faint|p2a: Krookodile
|
|-heal|p1a: Kingambit|91/100|[from] item: Leftovers
|upkeep
|
|t:|1758337947
|switch|p2a: Mienshao|Mienshao, M|100/100
|-damage|p2a: Mienshao|95/100|[from] Stealth Rock
|turn|16
|j| Gulptubus
|
|t:|1758337963
|-end|p1a: Kingambit|fallen1|[silent]
|switch|p1a: Moltres|Moltres|100/100
|move|p2a: Mienshao|U-turn|p1a: Moltres
|-resisted|p1a: Moltres
|-damage|p1a: Moltres|97/100
|
|t:|1758337965
|switch|p2a: Porygon-Z|Porygon-Z|58/100|[from] U-turn
|-damage|p2a: Porygon-Z|46/100|[from] Stealth Rock
|-ability|p2a: Porygon-Z|Download|boost
|-boost|p2a: Porygon-Z|spa|1
|
|upkeep
|turn|17
|
|t:|1758337971
|switch|p1a: Great Tusk|Great Tusk|85/100
|-damage|p1a: Great Tusk|82/100|[from] Stealth Rock
|move|p2a: Porygon-Z|Tera Blast|p1a: Great Tusk
|-damage|p1a: Great Tusk|0 fnt
|faint|p1a: Great Tusk
|-end|p1a: Great Tusk|Protosynthesis|[silent]
|
|upkeep
|l| pantsforbirds
|
|t:|1758337978
|switch|p1a: Dragapult|Dragapult, M|100/100
|turn|18
|
|t:|1758337985
|switch|p2a: Jirachi|Jirachi|48/100
|-damage|p2a: Jirachi|42/100|[from] Stealth Rock
|move|p1a: Dragapult|Will-O-Wisp|p2a: Jirachi
|-status|p2a: Jirachi|brn
|
|-damage|p2a: Jirachi|36/100 brn|[from] brn
|upkeep
|turn|19
|
|t:|1758337992
|switch|p1a: Kingambit|Kingambit, F|91/100
|-damage|p1a: Kingambit|85/100|[from] Stealth Rock
|-activate|p1a: Kingambit|ability: Supreme Overlord
|-start|p1a: Kingambit|fallen2|[silent]
|move|p2a: Jirachi|Trick|p1a: Kingambit
|-activate|p2a: Jirachi|move: Trick|[of] p1a: Kingambit
|-item|p1a: Kingambit|Choice Scarf|[from] move: Trick
|-item|p2a: Jirachi|Leftovers|[from] move: Trick
|
|-heal|p2a: Jirachi|42/100 brn|[from] item: Leftovers
|-damage|p2a: Jirachi|36/100 brn|[from] brn
|upkeep
|turn|20
|
|t:|1758337999
|move|p2a: Jirachi|U-turn|p1a: Kingambit
|-damage|p1a: Kingambit|77/100
|
|t:|1758338001
|switch|p2a: Mienshao|Mienshao, M|100/100|[from] U-turn
|-damage|p2a: Mienshao|95/100|[from] Stealth Rock
|move|p1a: Kingambit|Iron Head|p2a: Mienshao
|-damage|p2a: Mienshao|0 fnt
|faint|p2a: Mienshao
|
|upkeep
|-message|mathismathin forfeited.
|
|win|sunny dancing
|raw|sunny dancing's rating: 1833 &rarr; <strong>1854</strong><br />(+21 for winning)
|raw|mathismathin's rating: 1855 &rarr; <strong>1834</strong><br />(-21 for losing)
|l|☆sunny dancing
|player|p1|
|l|☆mathismathin
|player|p2|
|l| Gulptubus
|l| heatraniac
