|j|☆mattsprojectlife
|j|☆ggqqsas
|t:|1758350730
|gametype|singles
|player|p1|mattsprojectlife|101|1112
|player|p2|ggqqsas|102|1140
|gen|9
|tier|[Gen 9] OU
|rated|
|rule|HP Percentage Mod: HP is shown in percentages
|rule|Endless Battle Clause: Forcing endless battles is banned
|rule|Species Clause: Limit one of each Pokémon
|rule|OHKO Clause: OHKO moves are banned
|rule|Evasion Items Clause: Evasion items are banned
|rule|Evasion Moves Clause: Evasion moves are banned
|rule|Evasion Abilities Clause: Evasion abilities are banned
|rule|Sleep Moves Clause: Sleep-inducing moves are banned
|clearpoke
|poke|p1|Primarina, M|
|poke|p1|Dragonite, M|
|poke|p1|Serperior, F|
|poke|p1|Toxapex, F|
|poke|p1|Ludicolo, M|
|poke|p1|Flareon, M|
|poke|p2|Garganacl, M|
|poke|p2|Toxapex, F|
|poke|p2|Sableye, F|
|poke|p2|Glimmora, F|
|poke|p2|Clodsire, M|
|poke|p2|Gholdengo|
|teampreview
|inactive|Battle timer is ON: inactive players will automatically lose when time's up. (requested by ggqqsas)
|
|t:|1758350744
|teamsize|p1|6
|teamsize|p2|6
|start
|switch|p1a: Toxapex|Toxapex, F|100/100
|switch|p2a: Glimmora|Glimmora, F|100/100
|turn|1
|
|t:|1758350760
|move|p2a: Glimmora|Toxic|p1a: Toxapex
|-status|p1a: Toxapex|tox
|move|p1a: Toxapex|Rain Dance|p1a: Toxapex
|-weather|RainDance
|
|-weather|RainDance|[upkeep]
|-damage|p1a: Toxapex|94/100 tox|[from] psn
|upkeep
|turn|2
|
|t:|1758350772
|switch|p1a: Ludicolo|Ludicolo, M|100/100
|move|p2a: Glimmora|Stealth Rock|p1a: Ludicolo
|-sidestart|p1: mattsprojectlife|move: Stealth Rock
|
|-weather|RainDance|[upkeep]
|upkeep
|turn|3
|
|t:|1758350779
|move|p1a: Ludicolo|Weather Ball|p2a: Glimmora
|-supereffective|p2a: Glimmora
|-enditem|p2a: Glimmora|Focus Sash
|-damage|p2a: Glimmora|1/100
|move|p2a: Glimmora|Toxic|p1a: Ludicolo
|-status|p1a: Ludicolo|tox
|
|-weather|RainDance|[upkeep]
|-damage|p1a: Ludicolo|94/100 tox|[from] psn
|upkeep
|turn|4
|
|t:|1758350790
|move|p1a: Ludicolo|Weather Ball|p2a: Glimmora
|-supereffective|p2a: Glimmora
|-damage|p2a: Glimmora|0 fnt
|faint|p2a: Glimmora
|
|-weather|RainDance|[upkeep]
|-damage|p1a: Ludicolo|82/100 tox|[from] psn
|upkeep
|
|t:|1758350794
|switch|p2a: Toxapex|Toxapex, F, shiny|100/100
|turn|5
|
|t:|1758350802
|switch|p1a: Toxapex|Toxapex, F|100/100 tox
|-damage|p1a: Toxapex|88/100 tox|[from] Stealth Rock
|move|p2a: Toxapex|Baneful Bunker||[still]
|-fail|p2a: Toxapex
|
|-weather|RainDance|[upkeep]
|-damage|p1a: Toxapex|82/100 tox|[from] psn
|upkeep
|turn|6
|
|t:|1758350812
|move|p2a: Toxapex|Infestation|p1a: Toxapex
|-resisted|p1a: Toxapex
|-damage|p1a: Toxapex|81/100 tox
|-activate|p1a: Toxapex|move: Infestation|[of] p2a: Toxapex
|move|p1a: Toxapex|Toxic Spikes|p2a: Toxapex
|-sidestart|p2: ggqqsas|move: Toxic Spikes
|
|-weather|RainDance|[upkeep]
|-damage|p1a: Toxapex|68/100 tox|[from] psn
|-damage|p1a: Toxapex|56/100 tox|[from] move: Infestation|[partiallytrapped]
|upkeep
|turn|7
|
|t:|1758350825
|move|p1a: Toxapex|Pain Split|p2a: Toxapex
|-sethp|p2a: Toxapex|72/100|[from] move: Pain Split|[silent]
|-sethp|p1a: Toxapex|91/100 tox|[from] move: Pain Split
|move|p2a: Toxapex|Chilling Water|p1a: Toxapex
|-resisted|p1a: Toxapex
|-damage|p1a: Toxapex|85/100 tox
|-unboost|p1a: Toxapex|atk|1
|
|-weather|RainDance|[upkeep]
|-heal|p2a: Toxapex|78/100|[from] item: Leftovers
|-damage|p1a: Toxapex|66/100 tox|[from] psn
|-damage|p1a: Toxapex|54/100 tox|[from] move: Infestation|[partiallytrapped]
|upkeep
|turn|8
|
|t:|1758350837
|move|p1a: Toxapex|Pain Split|p2a: Toxapex
|-sethp|p2a: Toxapex|60/100|[from] move: Pain Split|[silent]
|-sethp|p1a: Toxapex|76/100 tox|[from] move: Pain Split
|move|p2a: Toxapex|Chilling Water|p1a: Toxapex
|-resisted|p1a: Toxapex
|-crit|p1a: Toxapex
|-damage|p1a: Toxapex|65/100 tox
|-unboost|p1a: Toxapex|atk|1
|
|-weather|none
|-heal|p2a: Toxapex|67/100|[from] item: Leftovers
|-damage|p1a: Toxapex|40/100 tox|[from] psn
|-damage|p1a: Toxapex|28/100 tox|[from] move: Infestation|[partiallytrapped]
|upkeep
|turn|9
|
|t:|1758350852
|move|p2a: Toxapex|Baneful Bunker|p2a: Toxapex
|-singleturn|p2a: Toxapex|move: Protect
|move|p1a: Toxapex|Pain Split|p2a: Toxapex
|-activate|p2a: Toxapex|move: Protect
|
|-heal|p2a: Toxapex|73/100|[from] item: Leftovers
|-damage|p1a: Toxapex|0 fnt|[from] psn
|faint|p1a: Toxapex
|upkeep
|
|t:|1758350872
|switch|p1a: Dragonite|Dragonite, M|100/100
|-damage|p1a: Dragonite|76/100|[from] Stealth Rock
|turn|10
|
|t:|1758350879
|move|p1a: Dragonite|Dragon Dance|p1a: Dragonite
|-boost|p1a: Dragonite|atk|1
|-boost|p1a: Dragonite|spe|1
|move|p2a: Toxapex|Chilling Water|p1a: Dragonite
|-resisted|p1a: Dragonite
|-damage|p1a: Dragonite|71/100
|-unboost|p1a: Dragonite|atk|1
|
|-heal|p2a: Toxapex|79/100|[from] item: Leftovers
|upkeep
|turn|11
|
|t:|1758350888
|move|p1a: Dragonite|Earthquake|p2a: Toxapex
|-supereffective|p2a: Toxapex
|-damage|p2a: Toxapex|40/100
|move|p2a: Toxapex|Chilling Water|p1a: Dragonite
|-resisted|p1a: Dragonite
|-damage|p1a: Dragonite|67/100
|-unboost|p1a: Dragonite|atk|1
|
|-heal|p2a: Toxapex|46/100|[from] item: Leftovers
|upkeep
|turn|12
|
|t:|1758350900
|move|p1a: Dragonite|Dragon Dance|p1a: Dragonite
|-boost|p1a: Dragonite|atk|1
|-boost|p1a: Dragonite|spe|1
|move|p2a: Toxapex|Recover|p2a: Toxapex
|-heal|p2a: Toxapex|96/100
|
|-heal|p2a: Toxapex|100/100|[from] item: Leftovers
|upkeep
|turn|13
|
|t:|1758350909
|move|p1a: Dragonite|Dragon Dance|p1a: Dragonite
|-boost|p1a: Dragonite|atk|1
|-boost|p1a: Dragonite|spe|1
|move|p2a: Toxapex|Chilling Water|p1a: Dragonite
|-resisted|p1a: Dragonite
|-damage|p1a: Dragonite|62/100
|-unboost|p1a: Dragonite|atk|1
|
|upkeep
|turn|14
|
|t:|1758350918
|move|p1a: Dragonite|Earthquake|p2a: Toxapex
|-supereffective|p2a: Toxapex
|-damage|p2a: Toxapex|54/100
|move|p2a: Toxapex|Chilling Water|p1a: Dragonite
|-resisted|p1a: Dragonite
|-damage|p1a: Dragonite|57/100
|-unboost|p1a: Dragonite|atk|1
|
|-heal|p2a: Toxapex|61/100|[from] item: Leftovers
|upkeep
|turn|15
|
|t:|1758350926
|move|p1a: Dragonite|Earthquake|p2a: Toxapex
|-supereffective|p2a: Toxapex
|-damage|p2a: Toxapex|34/100
|move|p2a: Toxapex|Infestation|p1a: Dragonite
|-resisted|p1a: Dragonite
|-damage|p1a: Dragonite|56/100
|-activate|p1a: Dragonite|move: Infestation|[of] p2a: Toxapex
|
|-heal|p2a: Toxapex|41/100|[from] item: Leftovers
|-damage|p1a: Dragonite|43/100|[from] move: Infestation|[partiallytrapped]
|upkeep
|turn|16
|
|t:|1758350938
|move|p1a: Dragonite|Earthquake|p2a: Toxapex
|-supereffective|p2a: Toxapex
|-damage|p2a: Toxapex|14/100
|move|p2a: Toxapex|Recover|p2a: Toxapex
|-heal|p2a: Toxapex|64/100
|
|-heal|p2a: Toxapex|70/100|[from] item: Leftovers
|-damage|p1a: Dragonite|31/100|[from] move: Infestation|[partiallytrapped]
|upkeep
|turn|17
|
|t:|1758350948
|move|p1a: Dragonite|Earthquake|p2a: Toxapex
|-supereffective|p2a: Toxapex
|-damage|p2a: Toxapex|41/100
|move|p2a: Toxapex|Chilling Water|p1a: Dragonite
|-resisted|p1a: Dragonite
|-damage|p1a: Dragonite|26/100
|-unboost|p1a: Dragonite|atk|1
|
|-heal|p2a: Toxapex|47/100|[from] item: Leftovers
|-damage|p1a: Dragonite|14/100|[from] move: Infestation|[partiallytrapped]
|upkeep
|turn|18
|
|t:|1758350965
|move|p1a: Dragonite|Earthquake|p2a: Toxapex
|-supereffective|p2a: Toxapex
|-damage|p2a: Toxapex|26/100
|move|p2a: Toxapex|Recover|p2a: Toxapex
|-heal|p2a: Toxapex|76/100
|
|-heal|p2a: Toxapex|82/100|[from] item: Leftovers
|-damage|p1a: Dragonite|1/100|[from] move: Infestation|[partiallytrapped]
|upkeep
|turn|19
|
|t:|1758350976
|move|p1a: Dragonite|Earthquake|p2a: Toxapex
|-supereffective|p2a: Toxapex
|-damage|p2a: Toxapex|60/100
|move|p2a: Toxapex|Chilling Water|p1a: Dragonite
|-resisted|p1a: Dragonite
|-damage|p1a: Dragonite|0 fnt
|faint|p1a: Dragonite
|
|-heal|p2a: Toxapex|66/100|[from] item: Leftovers
|upkeep
|
|t:|1758350992
|switch|p1a: Primarina|Primarina, M|100/100
|-damage|p1a: Primarina|88/100|[from] Stealth Rock
|turn|20
|
|t:|1758350998
|move|p1a: Primarina|Psychic|p2a: Toxapex
|-supereffective|p2a: Toxapex
|-crit|p2a: Toxapex
|-damage|p2a: Toxapex|0 fnt
|faint|p2a: Toxapex
|
|upkeep
|
|t:|1758351001
|switch|p2a: Sableye|Sableye, F|100/100
|-status|p2a: Sableye|psn
|turn|21
|
|t:|1758351009
|move|p2a: Sableye|Encore|p1a: Primarina
|-start|p1a: Primarina|Encore
|move|p1a: Primarina|Psychic|p2a: Sableye
|-immune|p2a: Sableye
|
|-damage|p2a: Sableye|88/100 psn|[from] psn
|upkeep
|turn|22
|
|t:|1758351017
|move|p1a: Primarina|Psychic|p2a: Sableye
|-immune|p2a: Sableye
|move|p2a: Sableye|Knock Off|p1a: Primarina
|-resisted|p1a: Primarina
|-damage|p1a: Primarina|68/100
|-enditem|p1a: Primarina|Assault Vest|[from] move: Knock Off|[of] p2a: Sableye
|
|-heal|p2a: Sableye|94/100 psn|[from] item: Leftovers
|-damage|p2a: Sableye|82/100 psn|[from] psn
|upkeep
|turn|23
|
|t:|1758351030
|switch|p1a: Flareon|Flareon, M|100/100
|-damage|p1a: Flareon|75/100|[from] Stealth Rock
|move|p2a: Sableye|Will-O-Wisp|p1a: Flareon
|-immune|p1a: Flareon
|
|-heal|p2a: Sableye|88/100 psn|[from] item: Leftovers
|-damage|p2a: Sableye|75/100 psn|[from] psn
|-status|p1a: Flareon|tox|[from] item: Toxic Orb
|upkeep
|turn|24
|
|t:|1758351043
|move|p1a: Flareon|Flare Blitz|p2a: Sableye
|-damage|p2a: Sableye|0 fnt
|faint|p2a: Sableye
|-damage|p1a: Flareon|48/100 tox|[from] Recoil
|
|-damage|p1a: Flareon|42/100 tox|[from] psn
|upkeep
|
|t:|1758351047
|switch|p2a: Clodsire|Clodsire, M|100/100
|-sideend|p2: ggqqsas|move: Toxic Spikes|[of] p2a: Clodsire
|turn|25
|
|t:|1758351067
|move|p1a: Flareon|Flare Blitz|p2a: Clodsire
|-damage|p2a: Clodsire|14/100
|-damage|p1a: Flareon|0 fnt|[from] Recoil
|faint|p1a: Flareon
|move|p2a: Clodsire|Curse|p2a: Clodsire
|-unboost|p2a: Clodsire|spe|1
|-boost|p2a: Clodsire|atk|1
|-boost|p2a: Clodsire|def|1
|
|-heal|p2a: Clodsire|21/100|[from] item: Leftovers
|upkeep
|
|t:|1758351080
|switch|p1a: Serperior|Serperior, F|100/100
|-damage|p1a: Serperior|88/100|[from] Stealth Rock
|turn|26
|
|t:|1758351085
|move|p1a: Serperior|Leaf Storm|p2a: Clodsire
|-damage|p2a: Clodsire|0 fnt
|-boost|p1a: Serperior|spa|2
|faint|p2a: Clodsire
|
|upkeep
|
|t:|1758351090
|switch|p2a: Garganacl|Garganacl, M|100/100
|turn|27
|
|t:|1758351093
|-terastallize|p2a: Garganacl|Grass
|move|p1a: Serperior|Leaf Storm|p2a: Garganacl|[miss]
|-miss|p1a: Serperior|p2a: Garganacl
|move|p2a: Garganacl|Salt Cure|p1a: Serperior
|-damage|p1a: Serperior|71/100
|-start|p1a: Serperior|Salt Cure
|
|-damage|p1a: Serperior|58/100|[from] Salt Cure
|upkeep
|turn|28
|
|t:|1758351105
|switch|p1a: Ludicolo|Ludicolo, M|82/100 tox
|-damage|p1a: Ludicolo|70/100 tox|[from] Stealth Rock
|move|p2a: Garganacl|Curse|p2a: Garganacl
|-unboost|p2a: Garganacl|spe|1
|-boost|p2a: Garganacl|atk|1
|-boost|p2a: Garganacl|def|1
|
|-damage|p1a: Ludicolo|64/100 tox|[from] psn
|upkeep
|turn|29
|
|t:|1758351117
|move|p1a: Ludicolo|Ice Beam|p2a: Garganacl
|-supereffective|p2a: Garganacl
|-damage|p2a: Garganacl|44/100
|move|p2a: Garganacl|Salt Cure|p1a: Ludicolo
|-damage|p1a: Ludicolo|36/100 tox
|-start|p1a: Ludicolo|Salt Cure
|
|-damage|p1a: Ludicolo|24/100 tox|[from] psn
|-damage|p1a: Ludicolo|0 fnt|[from] Salt Cure
|faint|p1a: Ludicolo
|upkeep
|
|t:|1758351141
|switch|p1a: Serperior|Serperior, F|58/100
|-damage|p1a: Serperior|46/100|[from] Stealth Rock
|turn|30
|inactive|ggqqsas has 120 seconds left.
|
|t:|1758351172
|move|p1a: Serperior|Dragon Pulse|p2a: Garganacl
|-damage|p2a: Garganacl|29/100
|move|p2a: Garganacl|Recover|p2a: Garganacl
|-heal|p2a: Garganacl|79/100
|
|upkeep
|turn|31
|
|t:|1758351183
|switch|p1a: Primarina|Primarina, M|68/100
|-damage|p1a: Primarina|56/100|[from] Stealth Rock
|move|p2a: Garganacl|Salt Cure|p1a: Primarina
|-damage|p1a: Primarina|27/100
|-start|p1a: Primarina|Salt Cure
|
|-damage|p1a: Primarina|2/100|[from] Salt Cure
|upkeep
|turn|32
|
|t:|1758351198
|move|p1a: Primarina|Moonblast|p2a: Garganacl
|-damage|p2a: Garganacl|47/100
|move|p2a: Garganacl|Recover|p2a: Garganacl
|-heal|p2a: Garganacl|97/100
|
|-damage|p1a: Primarina|0 fnt|[from] Salt Cure
|faint|p1a: Primarina
|upkeep
|inactive|mattsprojectlife has 120 seconds left.
|-message|mattsprojectlife forfeited.
|
|win|ggqqsas
|raw|mattsprojectlife's rating: 1112 &rarr; <strong>1089</strong><br />(-23 for losing)
|raw|ggqqsas's rating: 1140 &rarr; <strong>1163</strong><br />(+23 for winning)
|l|☆mattsprojectlife
|player|p1|
|l|☆ggqqsas
|player|p2|
