|j|☆carloss prates
|j|☆mateuscavalo
|t:|1758283871
|gametype|singles
|player|p1|carloss prates|bruno|1604
|player|p2|mateuscavalo|2|1622
|gen|9
|tier|[Gen 9] OU
|rated|
|rule|HP Percentage Mod: HP is shown in percentages
|rule|Endless Battle Clause: Forcing endless battles is banned
|rule|Species Clause: Limit one of each Pokémon
|rule|OHKO Clause: OHKO moves are banned
|rule|Evasion Items Clause: Evasion items are banned
|rule|Evasion Moves Clause: Evasion moves are banned
|rule|Evasion Abilities Clause: Evasion abilities are banned
|rule|Sleep Moves Clause: Sleep-inducing moves are banned
|clearpoke
|poke|p1|Ninetales-Alola, M|
|poke|p1|Dondozo, M|
|poke|p1|Iron Treads|
|poke|p1|Kyurem|
|poke|p1|Comfey, F|
|poke|p1|Polteageist|
|poke|p2|Ogerpon-Wellspring, F|
|poke|p2|Darkrai|
|poke|p2|Garganacl, F|
|poke|p2|Zapdos|
|poke|p2|Great Tusk|
|poke|p2|Kingambit, M|
|teampreview
|inactive|Battle timer is ON: inactive players will automatically lose when time's up. (requested by mateuscavalo)
|inactive|carloss prates has 120 seconds left.
|
|t:|1758283915
|teamsize|p1|6
|teamsize|p2|6
|start
|switch|p1a: Iron Treads|Iron Treads|100/100
|switch|p2a: Kingambit|Kingambit, M|100/100
|-enditem|p1a: Iron Treads|Booster Energy
|-activate|p1a: Iron Treads|ability: Quark Drive|[fromitem]
|-start|p1a: Iron Treads|quarkdrivespe
|turn|1
|
|t:|1758283936
|-end|p2a: Kingambit|fallenundefined|[silent]
|switch|p2a: Great Tusk|Great Tusk|100/100
|move|p1a: Iron Treads|Earth Power|p2a: Great Tusk
|-damage|p2a: Great Tusk|62/100
|
|upkeep
|turn|2
|
|t:|1758283942
|-end|p2a: Great Tusk|Protosynthesis|[silent]
|switch|p2a: Zapdos|Zapdos|100/100
|move|p1a: Iron Treads|Stealth Rock|p2a: Zapdos
|-sidestart|p2: mateuscavalo|move: Stealth Rock
|
|upkeep
|turn|3
|
|t:|1758283946
|-end|p1a: Iron Treads|Quark Drive|[silent]
|switch|p1a: Kyurem|Kyurem|100/100
|-ability|p1a: Kyurem|Pressure
|move|p2a: Zapdos|Hurricane|p1a: Kyurem
|-damage|p1a: Kyurem|56/100
|-start|p1a: Kyurem|confusion
|
|upkeep
|turn|4
|
|t:|1758283951
|-activate|p1a: Kyurem|confusion
|move|p1a: Kyurem|Freeze-Dry|p2a: Zapdos
|-supereffective|p2a: Zapdos
|-damage|p2a: Zapdos|27/100
|move|p2a: Zapdos|Hurricane|p1a: Kyurem
|-damage|p1a: Kyurem|8/100
|
|upkeep
|turn|5
|
|t:|1758283960
|-activate|p1a: Kyurem|confusion
|move|p1a: Kyurem|Freeze-Dry|p2a: Zapdos
|-supereffective|p2a: Zapdos
|-damage|p2a: Zapdos|0 fnt
|faint|p2a: Zapdos
|
|upkeep
|
|t:|1758283962
|switch|p2a: Darkrai|Darkrai|100/100
|-damage|p2a: Darkrai|88/100|[from] Stealth Rock
|turn|6
|
|t:|1758283968
|move|p2a: Darkrai|Dark Pulse|p1a: Kyurem
|-damage|p1a: Kyurem|0 fnt
|faint|p1a: Kyurem
|
|upkeep
|
|t:|1758283974
|switch|p1a: Dondozo|Dondozo, M|100/100
|turn|7
|
|t:|1758283976
|move|p2a: Darkrai|Dark Pulse|p1a: Dondozo
|-damage|p1a: Dondozo|71/100
|move|p1a: Dondozo|Wave Crash|p2a: Darkrai
|-damage|p2a: Darkrai|33/100
|-damage|p1a: Dondozo|61/100|[from] Recoil
|
|-heal|p1a: Dondozo|67/100|[from] item: Leftovers
|upkeep
|turn|8
|
|t:|1758283982
|switch|p2a: Ogerpon|Ogerpon-Wellspring, F|100/100
|-damage|p2a: Ogerpon|88/100|[from] Stealth Rock
|move|p1a: Dondozo|Avalanche|p2a: Ogerpon
|-damage|p2a: Ogerpon|70/100
|
|-heal|p1a: Dondozo|73/100|[from] item: Leftovers
|upkeep
|turn|9
|
|t:|1758284000
|switch|p1a: Comfey|Comfey, F|100/100
|move|p2a: Ogerpon|Knock Off|p1a: Comfey
|-resisted|p1a: Comfey
|-damage|p1a: Comfey|76/100
|-enditem|p1a: Comfey|Kee Berry|[from] move: Knock Off|[of] p2a: Ogerpon
|
|upkeep
|turn|10
|
|t:|1758284008
|-terastallize|p2a: Ogerpon|Water
|detailschange|p2a: Ogerpon|Ogerpon-Wellspring-Tera, F, tera:Water
|-ability|p2a: Ogerpon|Embody Aspect (Wellspring)|boost
|-boost|p2a: Ogerpon|spd|1
|move|p1a: Comfey|Draining Kiss|p2a: Ogerpon
|-damage|p2a: Ogerpon|54/100
|-heal|p1a: Comfey|87/100|[from] drain|[of] p2a: Ogerpon
|move|p2a: Ogerpon|Ivy Cudgel|p1a: Comfey|[anim] Ivy Cudgel Water
|-damage|p1a: Comfey|0 fnt
|faint|p1a: Comfey
|
|upkeep
|
|t:|1758284036
|switch|p1a: Ninetales|Ninetales-Alola, M|100/100
|-weather|Snowscape|[from] ability: Snow Warning|[of] p1a: Ninetales
|turn|11
|
|t:|1758284055
|-terastallize|p1a: Ninetales|Water
|move|p2a: Ogerpon|Knock Off|p1a: Ninetales
|-damage|p1a: Ninetales|54/100
|-enditem|p1a: Ninetales|Light Clay|[from] move: Knock Off|[of] p2a: Ogerpon
|move|p1a: Ninetales|Aurora Veil|p1a: Ninetales
|-sidestart|p1: carloss prates|move: Aurora Veil
|
|-weather|Snowscape|[upkeep]
|upkeep
|turn|12
|
|t:|1758284061
|move|p2a: Ogerpon|Power Whip|p1a: Ninetales
|-supereffective|p1a: Ninetales
|-damage|p1a: Ninetales|0 fnt
|faint|p1a: Ninetales
|
|-weather|Snowscape|[upkeep]
|upkeep
|
|t:|1758284064
|switch|p1a: Polteageist|Polteageist|100/100
|turn|13
|
|t:|1758284074
|move|p2a: Ogerpon|Ivy Cudgel|p1a: Polteageist|[anim] Ivy Cudgel Water
|-crit|p1a: Polteageist
|-damage|p1a: Polteageist|0 fnt
|faint|p1a: Polteageist
|
|-weather|Snowscape|[upkeep]
|upkeep
|
|t:|1758284078
|switch|p1a: Iron Treads|Iron Treads|100/100
|turn|14
|
|t:|1758284082
|switch|p2a: Great Tusk|Great Tusk|62/100
|-damage|p2a: Great Tusk|59/100|[from] Stealth Rock
|move|p1a: Iron Treads|Rapid Spin|p2a: Great Tusk
|-damage|p2a: Great Tusk|53/100
|-boost|p1a: Iron Treads|spe|1
|-damage|p1a: Iron Treads|84/100|[from] item: Rocky Helmet|[of] p2a: Great Tusk
|
|-weather|Snowscape|[upkeep]
|upkeep
|turn|15
|
|t:|1758284088
|move|p1a: Iron Treads|Steel Beam|p2a: Great Tusk
|-damage|p2a: Great Tusk|0 fnt
|-damage|p1a: Iron Treads|34/100|[from] steelbeam
|faint|p2a: Great Tusk
|-end|p2a: Great Tusk|Protosynthesis|[silent]
|
|-weather|none
|-sideend|p1: carloss prates|move: Aurora Veil
|upkeep
|
|t:|1758284094
|switch|p2a: Darkrai|Darkrai|33/100
|-damage|p2a: Darkrai|21/100|[from] Stealth Rock
|turn|16
|
|t:|1758284097
|move|p2a: Darkrai|Dark Pulse|p1a: Iron Treads
|-damage|p1a: Iron Treads|0 fnt
|faint|p1a: Iron Treads
|-end|p1a: Iron Treads|Quark Drive|[silent]
|
|upkeep
|
|t:|1758284100
|switch|p1a: Dondozo|Dondozo, M|73/100
|turn|17
|
|t:|1758284102
|switch|p2a: Ogerpon|Ogerpon-Wellspring-Tera, F, tera:Water|54/100
|-damage|p2a: Ogerpon|41/100|[from] Stealth Rock
|-ability|p2a: Ogerpon|Embody Aspect (Wellspring)|boost
|-boost|p2a: Ogerpon|spd|1
|move|p1a: Dondozo|Curse|p1a: Dondozo
|-unboost|p1a: Dondozo|spe|1
|-boost|p1a: Dondozo|atk|1
|-boost|p1a: Dondozo|def|1
|
|-heal|p1a: Dondozo|79/100|[from] item: Leftovers
|upkeep
|turn|18
|
|t:|1758284105
|move|p2a: Ogerpon|Power Whip|p1a: Dondozo
|-supereffective|p1a: Dondozo
|-damage|p1a: Dondozo|25/100
|move|p1a: Dondozo|Avalanche|p2a: Ogerpon
|-resisted|p2a: Ogerpon
|-damage|p2a: Ogerpon|16/100
|
|-heal|p1a: Dondozo|31/100|[from] item: Leftovers
|upkeep
|turn|19
|
|t:|1758284109
|move|p2a: Ogerpon|Knock Off|p1a: Dondozo
|-damage|p1a: Dondozo|15/100
|-enditem|p1a: Dondozo|Leftovers|[from] move: Knock Off|[of] p2a: Ogerpon
|move|p1a: Dondozo|Avalanche|p2a: Ogerpon
|-resisted|p2a: Ogerpon
|-damage|p2a: Ogerpon|0 fnt
|faint|p2a: Ogerpon
|detailschange|p2: Ogerpon|Ogerpon-Wellspring, F|[silent]
|
|upkeep
|
|t:|1758284113
|switch|p2a: Darkrai|Darkrai|21/100
|-damage|p2a: Darkrai|8/100|[from] Stealth Rock
|turn|20
|
|t:|1758284116
|move|p2a: Darkrai|Trick|p1a: Dondozo
|-activate|p2a: Darkrai|move: Trick|[of] p1a: Dondozo
|-item|p1a: Dondozo|Choice Scarf|[from] move: Trick
|-enditem|p2a: Darkrai|Choice Scarf|[silent]|[from] move: Trick
|move|p1a: Dondozo|Rest|p1a: Dondozo
|-status|p1a: Dondozo|slp|[from] move: Rest
|-heal|p1a: Dondozo|100/100 slp|[silent]
|
|-damage|p1a: Dondozo|88/100 slp|[from] ability: Bad Dreams|[of] p2a: Darkrai
|upkeep
|turn|21
|
|t:|1758284120
|move|p2a: Darkrai|Dark Pulse|p1a: Dondozo
|-damage|p1a: Dondozo|62/100 slp
|cant|p1a: Dondozo|slp
|
|-damage|p1a: Dondozo|50/100 slp|[from] ability: Bad Dreams|[of] p2a: Darkrai
|upkeep
|turn|22
|-message|carloss prates forfeited.
|
|win|mateuscavalo
|raw|carloss prates's rating: 1604 &rarr; <strong>1586</strong><br />(-18 for losing)
|raw|mateuscavalo's rating: 1643 &rarr; <strong>1661</strong><br />(+18 for winning)
|l|☆carloss prates
|player|p1|
|l|☆mateuscavalo
|player|p2|
