|j|☆jrazj
|j|☆Rei Dyles
|t:|1758297431
|gametype|singles
|player|p1|jrazj|1|1292
|player|p2|Rei Dyles|burglar|1340
|gen|9
|tier|[Gen 9] OU
|rated|
|rule|HP Percentage Mod: HP is shown in percentages
|rule|Endless Battle Clause: Forcing endless battles is banned
|rule|Species Clause: Limit one of each Pokémon
|rule|OHKO Clause: OHKO moves are banned
|rule|Evasion Items Clause: Evasion items are banned
|rule|Evasion Moves Clause: Evasion moves are banned
|rule|Evasion Abilities Clause: Evasion abilities are banned
|rule|Sleep Moves Clause: Sleep-inducing moves are banned
|clearpoke
|poke|p1|Hydreigon, F|
|poke|p1|Meowscarada, F|
|poke|p1|Volcanion|
|poke|p1|Hatterene, F|
|poke|p1|Gholdengo|
|poke|p1|Gliscor, M|
|poke|p2|Spidops, M|
|poke|p2|Goodra-Hisui, F|
|poke|p2|Donphan, M|
|poke|p2|Darkrai|
|poke|p2|Cresselia, F|
|poke|p2|Zamazenta-*|
|teampreview
|inactive|Battle timer is ON: inactive players will automatically lose when time's up. (requested by Rei Dyles)
|
|t:|1758297445
|teamsize|p1|6
|teamsize|p2|6
|start
|switch|p1a: Gliscor|Gliscor, M, shiny|100/100
|switch|p2a: Donphan|Donphan, M|100/100
|turn|1
|
|t:|1758297457
|move|p1a: Gliscor|Protect|p1a: Gliscor
|-singleturn|p1a: Gliscor|Protect
|move|p2a: Donphan|Stealth Rock|p1a: Gliscor
|-sidestart|p1: jrazj|move: Stealth Rock
|
|-status|p1a: Gliscor|tox|[from] item: Toxic Orb
|upkeep
|turn|2
|
|t:|1758297471
|move|p2a: Donphan|Ice Shard|p1a: Gliscor
|-supereffective|p1a: Gliscor
|-crit|p1a: Gliscor
|-damage|p1a: Gliscor|35/100 tox
|move|p1a: Gliscor|Toxic|p2a: Donphan
|-status|p2a: Donphan|tox
|
|-heal|p1a: Gliscor|47/100 tox|[from] ability: Poison Heal
|-damage|p2a: Donphan|94/100 tox|[from] psn
|upkeep
|turn|3
|
|t:|1758297495
|switch|p2a: Goodra|Goodra-Hisui, F|100/100
|move|p1a: Gliscor|Protect||[still]
|-fail|p1a: Gliscor
|
|-heal|p1a: Gliscor|60/100 tox|[from] ability: Poison Heal
|upkeep
|turn|4
|
|t:|1758297503
|move|p1a: Gliscor|Earthquake|p2a: Goodra
|-supereffective|p2a: Goodra
|-damage|p2a: Goodra|16/100
|move|p2a: Goodra|Hydro Pump|p1a: Gliscor
|-supereffective|p1a: Gliscor
|-damage|p1a: Gliscor|0 fnt
|faint|p1a: Gliscor
|
|upkeep
|
|t:|1758297516
|switch|p1a: Meowscarada|Meowscarada, F|100/100
|turn|5
|
|t:|1758297524
|switch|p2a: Zamazenta|Zamazenta|100/100
|-ability|p2a: Zamazenta|Dauntless Shield|boost
|-boost|p2a: Zamazenta|def|1
|move|p1a: Meowscarada|Knock Off|p2a: Zamazenta
|-start|p1a: Meowscarada|typechange|Dark|[from] ability: Protean
|-resisted|p2a: Zamazenta
|-damage|p2a: Zamazenta|88/100
|-enditem|p2a: Zamazenta|Leftovers|[from] move: Knock Off|[of] p1a: Meowscarada
|
|upkeep
|turn|6
|
|t:|1758297539
|switch|p1a: Gholdengo|Gholdengo, shiny|100/100
|-damage|p1a: Gholdengo|94/100|[from] Stealth Rock
|move|p2a: Zamazenta|Substitute|p2a: Zamazenta
|-start|p2a: Zamazenta|Substitute
|-damage|p2a: Zamazenta|63/100
|
|-heal|p1a: Gholdengo|100/100|[from] item: Leftovers
|upkeep
|turn|7
|
|t:|1758297549
|move|p2a: Zamazenta|Crunch|p1a: Gholdengo
|-supereffective|p1a: Gholdengo
|-damage|p1a: Gholdengo|68/100
|move|p1a: Gholdengo|Nasty Plot|p1a: Gholdengo
|-boost|p1a: Gholdengo|spa|2
|
|-heal|p1a: Gholdengo|74/100|[from] item: Leftovers
|upkeep
|turn|8
|
|t:|1758297560
|move|p2a: Zamazenta|Crunch|p1a: Gholdengo
|-supereffective|p1a: Gholdengo
|-damage|p1a: Gholdengo|40/100
|move|p1a: Gholdengo|Shadow Ball|p2a: Zamazenta
|-end|p2a: Zamazenta|Substitute
|
|-heal|p1a: Gholdengo|47/100|[from] item: Leftovers
|upkeep
|turn|9
|
|t:|1758297573
|move|p2a: Zamazenta|Crunch|p1a: Gholdengo
|-supereffective|p1a: Gholdengo
|-damage|p1a: Gholdengo|14/100
|move|p1a: Gholdengo|Shadow Ball|p2a: Zamazenta
|-damage|p2a: Zamazenta|1/100
|
|-heal|p1a: Gholdengo|20/100|[from] item: Leftovers
|upkeep
|turn|10
|
|t:|1758297582
|move|p2a: Zamazenta|Crunch|p1a: Gholdengo
|-supereffective|p1a: Gholdengo
|-damage|p1a: Gholdengo|0 fnt
|faint|p1a: Gholdengo
|
|upkeep
|
|t:|1758297590
|switch|p1a: Meowscarada|Meowscarada, F|100/100
|turn|11
|
|t:|1758297602
|move|p1a: Meowscarada|Sucker Punch|p2a: Zamazenta
|-start|p1a: Meowscarada|typechange|Dark|[from] ability: Protean
|-resisted|p2a: Zamazenta
|-damage|p2a: Zamazenta|0 fnt
|faint|p2a: Zamazenta
|
|upkeep
|
|t:|1758297606
|switch|p2a: Spidops|Spidops, M|100/100
|turn|12
|
|t:|1758297615
|move|p1a: Meowscarada|U-turn|p2a: Spidops
|-damage|p2a: Spidops|83/100
|
|t:|1758297622
|switch|p1a: Volcanion|Volcanion|100/100|[from] U-turn
|-damage|p1a: Volcanion|76/100|[from] Stealth Rock
|move|p2a: Spidops|Sticky Web|p1a: Volcanion
|-sidestart|p1: jrazj|move: Sticky Web
|
|upkeep
|turn|13
|
|t:|1758297632
|switch|p2a: Goodra|Goodra-Hisui, F|16/100
|move|p1a: Volcanion|Steam Eruption|p2a: Goodra
|-resisted|p2a: Goodra
|-damage|p2a: Goodra|1/100
|
|upkeep
|turn|14
|
|t:|1758297640
|move|p1a: Volcanion|Steam Eruption|p2a: Goodra
|-resisted|p2a: Goodra
|-damage|p2a: Goodra|0 fnt
|faint|p2a: Goodra
|
|upkeep
|
|t:|1758297647
|switch|p2a: Cresselia|Cresselia, F|100/100
|turn|15
|
|t:|1758297658
|move|p2a: Cresselia|Calm Mind|p2a: Cresselia
|-boost|p2a: Cresselia|spa|1
|-boost|p2a: Cresselia|spd|1
|move|p1a: Volcanion|Roar|p2a: Cresselia
|drag|p2a: Darkrai|Darkrai|100/100
|
|upkeep
|turn|16
|
|t:|1758297668
|move|p2a: Darkrai|Dark Pulse|p1a: Volcanion
|-damage|p1a: Volcanion|18/100
|-damage|p2a: Darkrai|91/100|[from] item: Life Orb
|move|p1a: Volcanion|Steam Eruption|p2a: Darkrai
|-crit|p2a: Darkrai
|-damage|p2a: Darkrai|0 fnt
|faint|p2a: Darkrai
|
|upkeep
|
|t:|1758297678
|switch|p2a: Cresselia|Cresselia, F|100/100
|turn|17
|
|t:|1758297683
|move|p2a: Cresselia|Thunderbolt|p1a: Volcanion
|-supereffective|p1a: Volcanion
|-damage|p1a: Volcanion|0 fnt
|faint|p1a: Volcanion
|
|upkeep
|
|t:|1758297690
|switch|p1a: Meowscarada|Meowscarada, F|100/100
|turn|18
|
|t:|1758297698
|switch|p2a: Spidops|Spidops, M|83/100
|move|p1a: Meowscarada|Knock Off|p2a: Spidops
|-start|p1a: Meowscarada|typechange|Dark|[from] ability: Protean
|-damage|p2a: Spidops|49/100
|-enditem|p2a: Spidops|Heavy-Duty Boots|[from] move: Knock Off|[of] p1a: Meowscarada
|
|upkeep
|turn|19
|
|t:|1758297714
|move|p1a: Meowscarada|Knock Off|p2a: Spidops
|-damage|p2a: Spidops|25/100
|move|p2a: Spidops|Circle Throw|p1a: Meowscarada
|-supereffective|p1a: Meowscarada
|-damage|p1a: Meowscarada|65/100
|drag|p1a: Hatterene|Hatterene, F|100/100
|-damage|p1a: Hatterene|88/100|[from] Stealth Rock
|-activate|p1a: Hatterene|move: Sticky Web
|-unboost|p1a: Hatterene|spe|1
|
|-heal|p1a: Hatterene|94/100|[from] item: Leftovers
|upkeep
|turn|20
|
|t:|1758297726
|switch|p2a: Cresselia|Cresselia, F|100/100
|move|p1a: Hatterene|Draining Kiss|p2a: Cresselia
|-damage|p2a: Cresselia|84/100
|-heal|p1a: Hatterene|100/100|[from] drain|[of] p2a: Cresselia
|
|-heal|p2a: Cresselia|90/100|[from] item: Leftovers
|upkeep
|turn|21
|
|t:|1758297736
|switch|p1a: Meowscarada|Meowscarada, F|65/100
|move|p2a: Cresselia|Calm Mind|p2a: Cresselia
|-boost|p2a: Cresselia|spa|1
|-boost|p2a: Cresselia|spd|1
|
|-heal|p2a: Cresselia|96/100|[from] item: Leftovers
|upkeep
|turn|22
|
|t:|1758297753
|switch|p2a: Spidops|Spidops, M|25/100
|move|p1a: Meowscarada|Knock Off|p2a: Spidops
|-start|p1a: Meowscarada|typechange|Dark|[from] ability: Protean
|-damage|p2a: Spidops|0 fnt
|faint|p2a: Spidops
|
|upkeep
|
|t:|1758297761
|switch|p2a: Donphan|Donphan, M|94/100 tox
|turn|23
|
|t:|1758297768
|move|p1a: Meowscarada|Knock Off|p2a: Donphan
|-damage|p2a: Donphan|60/100 tox
|-enditem|p2a: Donphan|Leftovers|[from] move: Knock Off|[of] p1a: Meowscarada
|move|p2a: Donphan|Earthquake|p1a: Meowscarada
|-damage|p1a: Meowscarada|0 fnt
|faint|p1a: Meowscarada
|
|-damage|p2a: Donphan|53/100 tox|[from] psn
|upkeep
|
|t:|1758297780
|switch|p1a: Hydreigon|Hydreigon, F|100/100
|-damage|p1a: Hydreigon|88/100|[from] Stealth Rock
|turn|24
|
|t:|1758297787
|move|p2a: Donphan|Ice Shard|p1a: Hydreigon
|-supereffective|p1a: Hydreigon
|-enditem|p1a: Hydreigon|Yache Berry|[eat]
|-enditem|p1a: Hydreigon|Yache Berry|[weaken]
|-damage|p1a: Hydreigon|73/100
|move|p1a: Hydreigon|Dark Pulse|p2a: Donphan
|-damage|p2a: Donphan|1/100 tox
|
|-damage|p2a: Donphan|0 fnt|[from] psn
|faint|p2a: Donphan
|upkeep
|
|t:|1758297793
|switch|p2a: Cresselia|Cresselia, F|96/100
|turn|25
|
|t:|1758297798
|-terastallize|p2a: Cresselia|Electric
|move|p1a: Hydreigon|Dark Pulse|p2a: Cresselia
|-damage|p2a: Cresselia|71/100
|move|p2a: Cresselia|Calm Mind|p2a: Cresselia
|-boost|p2a: Cresselia|spa|1
|-boost|p2a: Cresselia|spd|1
|
|-heal|p2a: Cresselia|77/100|[from] item: Leftovers
|upkeep
|turn|26
|
|t:|1758297812
|move|p1a: Hydreigon|Dark Pulse|p2a: Cresselia
|-damage|p2a: Cresselia|61/100
|move|p2a: Cresselia|Calm Mind|p2a: Cresselia
|-boost|p2a: Cresselia|spa|1
|-boost|p2a: Cresselia|spd|1
|
|-heal|p2a: Cresselia|67/100|[from] item: Leftovers
|upkeep
|turn|27
|
|t:|1758297821
|switch|p1a: Hatterene|Hatterene, F|100/100
|-damage|p1a: Hatterene|88/100|[from] Stealth Rock
|-activate|p1a: Hatterene|move: Sticky Web
|-unboost|p1a: Hatterene|spe|1
|move|p2a: Cresselia|Calm Mind|p2a: Cresselia
|-boost|p2a: Cresselia|spa|1
|-boost|p2a: Cresselia|spd|1
|
|-heal|p2a: Cresselia|73/100|[from] item: Leftovers
|-heal|p1a: Hatterene|94/100|[from] item: Leftovers
|upkeep
|turn|28
|
|t:|1758297834
|move|p2a: Cresselia|Thunderbolt|p1a: Hatterene
|-damage|p1a: Hatterene|17/100
|move|p1a: Hatterene|Calm Mind|p1a: Hatterene
|-boost|p1a: Hatterene|spa|1
|-boost|p1a: Hatterene|spd|1
|
|-heal|p2a: Cresselia|79/100|[from] item: Leftovers
|-heal|p1a: Hatterene|23/100|[from] item: Leftovers
|upkeep
|turn|29
|
|t:|1758297840
|move|p2a: Cresselia|Thunderbolt|p1a: Hatterene
|-damage|p1a: Hatterene|0 fnt
|faint|p1a: Hatterene
|
|-heal|p2a: Cresselia|85/100|[from] item: Leftovers
|upkeep
|
|t:|1758297844
|switch|p1a: Hydreigon|Hydreigon, F|73/100
|-damage|p1a: Hydreigon|60/100|[from] Stealth Rock
|turn|30
|
|t:|1758297851
|move|p1a: Hydreigon|Dark Pulse|p2a: Cresselia
|-damage|p2a: Cresselia|74/100
|move|p2a: Cresselia|Calm Mind|p2a: Cresselia
|-boost|p2a: Cresselia|spa|1
|-boost|p2a: Cresselia|spd|1
|
|-heal|p2a: Cresselia|80/100|[from] item: Leftovers
|upkeep
|turn|31
|
|t:|1758297860
|move|p1a: Hydreigon|Dark Pulse|p2a: Cresselia
|-damage|p2a: Cresselia|72/100
|move|p2a: Cresselia|Calm Mind|p2a: Cresselia
|-boost|p2a: Cresselia|spa|1
|-boost|p2a: Cresselia|spd|1
|
|-heal|p2a: Cresselia|78/100|[from] item: Leftovers
|upkeep
|turn|32
|
|t:|1758297868
|move|p1a: Hydreigon|Dark Pulse|p2a: Cresselia
|-damage|p2a: Cresselia|70/100
|move|p2a: Cresselia|Calm Mind|p2a: Cresselia
|-boost|p2a: Cresselia|spa|1
|-boost|p2a: Cresselia|spd|1
|
|-heal|p2a: Cresselia|76/100|[from] item: Leftovers
|upkeep
|turn|33
|
|t:|1758297876
|move|p1a: Hydreigon|Dark Pulse|p2a: Cresselia
|-damage|p2a: Cresselia|69/100
|cant|p2a: Cresselia|flinch
|
|-heal|p2a: Cresselia|75/100|[from] item: Leftovers
|upkeep
|turn|34
|l|☆jrazj
|inactive|jrazj disconnected and has a minute to reconnect!
|player|p1|
|j|☆jrazj
|inactive|jrazj reconnected and has 110 seconds left.
|player|p1|jrazj|1|
|
|t:|1758297924
|move|p1a: Hydreigon|Dark Pulse|p2a: Cresselia
|-damage|p2a: Cresselia|68/100
|move|p2a: Cresselia|Thunderbolt|p1a: Hydreigon
|-resisted|p1a: Hydreigon
|-damage|p1a: Hydreigon|0 fnt
|faint|p1a: Hydreigon
|
|win|Rei Dyles
|raw|jrazj's rating: 1292 &rarr; <strong>1270</strong><br />(-22 for losing)
|raw|Rei Dyles's rating: 1340 &rarr; <strong>1357</strong><br />(+17 for winning)
|l|☆jrazj
|player|p1|
|l|☆Rei Dyles
|player|p2|
