|j|☆masterjeyx
|j|☆yfwm
|t:|1758259007
|gametype|singles
|player|p1|masterjeyx|riley|1365
|player|p2|yfwm|169|1386
|gen|9
|tier|[Gen 9] OU
|rated|
|rule|HP Percentage Mod: HP is shown in percentages
|rule|Endless Battle Clause: Forcing endless battles is banned
|rule|Species Clause: Limit one of each Pokémon
|rule|OHKO Clause: OHKO moves are banned
|rule|Evasion Items Clause: Evasion items are banned
|rule|Evasion Moves Clause: Evasion moves are banned
|rule|Evasion Abilities Clause: Evasion abilities are banned
|rule|Sleep Moves Clause: Sleep-inducing moves are banned
|clearpoke
|poke|p1|Manaphy|
|poke|p1|Heatran, M|
|poke|p1|Donphan, M|
|poke|p1|Serperior, F|
|poke|p1|Kommo-o, M|
|poke|p1|Mimikyu, F|
|poke|p2|Walking Wake|
|poke|p2|Ninetales, M|
|poke|p2|Landorus-Therian, M|
|poke|p2|Raging Bolt|
|poke|p2|Zamazenta-*|
|poke|p2|Cinderace, M|
|teampreview
|inactive|Battle timer is ON: inactive players will automatically lose when time's up. (requested by masterjeyx)
|
|t:|1758259018
|teamsize|p1|6
|teamsize|p2|6
|start
|switch|p1a: Heatran|Heatran, M|100/100
|switch|p2a: Cinderace|Cinderace, M|100/100
|turn|1
|
|t:|1758259022
|move|p2a: Cinderace|U-turn|p1a: Heatran
|-resisted|p1a: Heatran
|-damage|p1a: Heatran|97/100
|
|t:|1758259025
|switch|p2a: Landorus|Landorus-Therian, M|100/100|[from] U-turn
|-ability|p2a: Landorus|Intimidate|boost
|-unboost|p1a: Heatran|atk|1
|move|p1a: Heatran|Stealth Rock|p2a: Landorus
|-sidestart|p2: yfwm|move: Stealth Rock
|
|-heal|p1a: Heatran|100/100|[from] item: Leftovers
|upkeep
|turn|2
|
|t:|1758259032
|-terastallize|p1a: Heatran|Bug
|move|p2a: Landorus|Earthquake|p1a: Heatran
|-resisted|p1a: Heatran
|-damage|p1a: Heatran|78/100
|move|p1a: Heatran|Magma Storm|p2a: Landorus
|-damage|p2a: Landorus|61/100
|-activate|p2a: Landorus|move: Magma Storm|[of] p1a: Heatran
|
|-heal|p1a: Heatran|85/100|[from] item: Leftovers
|-damage|p2a: Landorus|49/100|[from] move: Magma Storm|[partiallytrapped]
|upkeep
|-enditem|p2a: Landorus|Sitrus Berry|[eat]
|-heal|p2a: Landorus|74/100|[from] item: Sitrus Berry
|turn|3
|
|t:|1758259045
|move|p2a: Landorus|U-turn|p1a: Heatran
|-crit|p1a: Heatran
|-damage|p1a: Heatran|54/100
|
|t:|1758259057
|switch|p2a: Cinderace|Cinderace, M|100/100|[from] U-turn
|move|p1a: Heatran|Magma Storm|p2a: Cinderace
|-resisted|p2a: Cinderace
|-damage|p2a: Cinderace|74/100
|-activate|p2a: Cinderace|move: Magma Storm|[of] p1a: Heatran
|
|-heal|p1a: Heatran|60/100|[from] item: Leftovers
|-damage|p2a: Cinderace|62/100|[from] move: Magma Storm|[partiallytrapped]
|upkeep
|turn|4
|
|t:|1758259061
|move|p2a: Cinderace|Court Change|p2a: Cinderace
|-swapsideconditions
|-activate|p2a: Cinderace|move: Court Change
|move|p1a: Heatran|Earth Power|p2a: Cinderace
|-supereffective|p2a: Cinderace
|-damage|p2a: Cinderace|0 fnt
|faint|p2a: Cinderace
|
|-heal|p1a: Heatran|66/100|[from] item: Leftovers
|upkeep
|
|t:|1758259076
|switch|p2a: Walking Wake|Walking Wake|100/100
|turn|5
|
|t:|1758259084
|move|p2a: Walking Wake|Draco Meteor|p1a: Heatran
|-damage|p1a: Heatran|5/100
|-unboost|p2a: Walking Wake|spa|2
|move|p1a: Heatran|Stealth Rock|p2a: Walking Wake
|-sidestart|p2: yfwm|move: Stealth Rock
|
|-heal|p1a: Heatran|12/100|[from] item: Leftovers
|upkeep
|turn|6
|
|t:|1758259089
|move|p2a: Walking Wake|Draco Meteor|p1a: Heatran
|-damage|p1a: Heatran|0 fnt
|-unboost|p2a: Walking Wake|spa|2
|faint|p1a: Heatran
|
|upkeep
|
|t:|1758259097
|switch|p1a: Donphan|Donphan, M|100/100
|turn|7
|
|t:|1758259103
|-end|p2a: Walking Wake|Protosynthesis|[silent]
|switch|p2a: Zamazenta|Zamazenta|100/100
|-damage|p2a: Zamazenta|94/100|[from] Stealth Rock
|-ability|p2a: Zamazenta|Dauntless Shield|boost
|-boost|p2a: Zamazenta|def|1
|move|p1a: Donphan|Rapid Spin|p2a: Zamazenta
|-damage|p2a: Zamazenta|86/100
|-boost|p1a: Donphan|spe|1
|-sideend|p1: masterjeyx|Stealth Rock|[from] move: Rapid Spin|[of] p1a: Donphan
|
|-heal|p2a: Zamazenta|93/100|[from] item: Leftovers
|upkeep
|turn|8
|
|t:|1758259108
|switch|p1a: Mimikyu|Mimikyu, F|100/100
|move|p2a: Zamazenta|Iron Defense|p2a: Zamazenta
|-boost|p2a: Zamazenta|def|2
|
|-heal|p2a: Zamazenta|99/100|[from] item: Leftovers
|upkeep
|turn|9
|
|t:|1758259112
|move|p2a: Zamazenta|Stone Edge|p1a: Mimikyu|[miss]
|-miss|p2a: Zamazenta|p1a: Mimikyu
|move|p1a: Mimikyu|Swords Dance|p1a: Mimikyu
|-boost|p1a: Mimikyu|atk|2
|
|-heal|p2a: Zamazenta|100/100|[from] item: Leftovers
|upkeep
|turn|10
|
|t:|1758259115
|move|p2a: Zamazenta|Stone Edge|p1a: Mimikyu
|-activate|p1a: Mimikyu|ability: Disguise
|-damage|p1a: Mimikyu|100/100
|detailschange|p1a: Mimikyu|Mimikyu-Busted, F
|-damage|p1a: Mimikyu|88/100|[from] pokemon: Mimikyu-Busted
|move|p1a: Mimikyu|Swords Dance|p1a: Mimikyu
|-boost|p1a: Mimikyu|atk|2
|
|upkeep
|turn|11
|
|t:|1758259122
|move|p2a: Zamazenta|Substitute|p2a: Zamazenta
|-start|p2a: Zamazenta|Substitute
|-damage|p2a: Zamazenta|76/100
|move|p1a: Mimikyu|Play Rough|p2a: Zamazenta
|-supereffective|p2a: Zamazenta
|-end|p2a: Zamazenta|Substitute
|-damage|p1a: Mimikyu|78/100|[from] item: Life Orb
|
|-heal|p2a: Zamazenta|82/100|[from] item: Leftovers
|upkeep
|turn|12
|
|t:|1758259126
|move|p2a: Zamazenta|Stone Edge|p1a: Mimikyu
|-damage|p1a: Mimikyu|34/100
|move|p1a: Mimikyu|Play Rough|p2a: Zamazenta
|-supereffective|p2a: Zamazenta
|-damage|p2a: Zamazenta|0 fnt
|faint|p2a: Zamazenta
|-damage|p1a: Mimikyu|24/100|[from] item: Life Orb
|
|upkeep
|
|t:|1758259135
|switch|p2a: Landorus|Landorus-Therian, M|74/100
|-damage|p2a: Landorus|61/100|[from] Stealth Rock
|-ability|p2a: Landorus|Intimidate|boost
|-unboost|p1a: Mimikyu|atk|1
|turn|13
|
|t:|1758259141
|move|p1a: Mimikyu|Shadow Claw|p2a: Landorus
|-damage|p2a: Landorus|0 fnt
|faint|p2a: Landorus
|-damage|p1a: Mimikyu|14/100|[from] item: Life Orb
|
|upkeep
|
|t:|1758259148
|switch|p2a: Raging Bolt|Raging Bolt|100/100
|-damage|p2a: Raging Bolt|88/100|[from] Stealth Rock
|turn|14
|
|t:|1758259157
|move|p2a: Raging Bolt|Thunderclap||[still]
|-fail|p2a: Raging Bolt
|move|p1a: Mimikyu|Swords Dance|p1a: Mimikyu
|-boost|p1a: Mimikyu|atk|2
|
|upkeep
|turn|15
|
|t:|1758259161
|switch|p1a: Donphan|Donphan, M|100/100
|move|p2a: Raging Bolt|Thunderbolt|p1a: Donphan
|-immune|p1a: Donphan
|
|upkeep
|turn|16
|
|t:|1758259165
|move|p2a: Raging Bolt|Draco Meteor|p1a: Donphan
|-ability|p1a: Donphan|Sturdy
|-damage|p1a: Donphan|1/100
|-unboost|p2a: Raging Bolt|spa|2
|-damage|p2a: Raging Bolt|78/100|[from] item: Life Orb
|move|p1a: Donphan|Earthquake|p2a: Raging Bolt
|-supereffective|p2a: Raging Bolt
|-damage|p2a: Raging Bolt|0 fnt
|faint|p2a: Raging Bolt
|-end|p2a: Raging Bolt|Protosynthesis|[silent]
|
|upkeep
|
|t:|1758259170
|switch|p2a: Ninetales|Ninetales, M|100/100
|-damage|p2a: Ninetales|75/100|[from] Stealth Rock
|-weather|SunnyDay|[from] ability: Drought|[of] p2a: Ninetales
|turn|17
|
|t:|1758259174
|move|p1a: Donphan|Ice Shard|p2a: Ninetales
|-resisted|p2a: Ninetales
|-damage|p2a: Ninetales|64/100
|move|p2a: Ninetales|Overheat|p1a: Donphan
|-damage|p1a: Donphan|0 fnt
|-unboost|p2a: Ninetales|spa|2
|faint|p1a: Donphan
|-enditem|p2a: Ninetales|Eject Pack
|
|t:|1758259177
|switch|p2a: Walking Wake|Walking Wake|100/100
|-damage|p2a: Walking Wake|88/100|[from] Stealth Rock
|-activate|p2a: Walking Wake|ability: Protosynthesis
|-start|p2a: Walking Wake|protosynthesisspe
|
|-weather|SunnyDay|[upkeep]
|upkeep
|
|t:|1758259192
|switch|p1a: Mimikyu|Mimikyu-Busted, F|14/100
|turn|18
|
|t:|1758259195
|move|p1a: Mimikyu|Shadow Sneak|p2a: Walking Wake
|-damage|p2a: Walking Wake|65/100
|-damage|p1a: Mimikyu|4/100|[from] item: Life Orb
|move|p2a: Walking Wake|Hydro Steam|p1a: Mimikyu
|-damage|p1a: Mimikyu|0 fnt
|faint|p1a: Mimikyu
|
|-weather|SunnyDay|[upkeep]
|upkeep
|
|t:|1758259206
|switch|p1a: Kommo-o|Kommo-o, M|100/100
|turn|19
|
|t:|1758259213
|-end|p2a: Walking Wake|Protosynthesis|[silent]
|switch|p2a: Ninetales|Ninetales, M|64/100
|-damage|p2a: Ninetales|39/100|[from] Stealth Rock
|move|p1a: Kommo-o|Belly Drum|p1a: Kommo-o
|-damage|p1a: Kommo-o|50/100
|-setboost|p1a: Kommo-o|atk|6|[from] move: Belly Drum
|
|-weather|SunnyDay|[upkeep]
|upkeep
|turn|20
|
|t:|1758259222
|move|p2a: Ninetales|Encore|p1a: Kommo-o
|-start|p1a: Kommo-o|Encore
|move|p1a: Kommo-o|Belly Drum||[still]
|-fail|p1a: Kommo-o
|
|-weather|SunnyDay|[upkeep]
|upkeep
|turn|21
|
|t:|1758259226
|switch|p2a: Walking Wake|Walking Wake|65/100
|-damage|p2a: Walking Wake|53/100|[from] Stealth Rock
|-activate|p2a: Walking Wake|ability: Protosynthesis
|-start|p2a: Walking Wake|protosynthesisspe
|switch|p1a: Serperior|Serperior, F|100/100
|
|-weather|none
|-end|p2a: Walking Wake|Protosynthesis
|upkeep
|turn|22
|
|t:|1758259230
|move|p1a: Serperior|Glare|p2a: Walking Wake
|-status|p2a: Walking Wake|par
|move|p2a: Walking Wake|Flamethrower|p1a: Serperior
|-supereffective|p1a: Serperior
|-damage|p1a: Serperior|0 fnt
|faint|p1a: Serperior
|
|upkeep
|
|t:|1758259239
|switch|p1a: Kommo-o|Kommo-o, M|50/100
|turn|23
|
|t:|1758259243
|-end|p2a: Walking Wake|Protosynthesis|[silent]
|switch|p2a: Ninetales|Ninetales, M|39/100
|-damage|p2a: Ninetales|14/100|[from] Stealth Rock
|-weather|SunnyDay|[from] ability: Drought|[of] p2a: Ninetales
|move|p1a: Kommo-o|Substitute|p1a: Kommo-o
|-start|p1a: Kommo-o|Substitute
|-damage|p1a: Kommo-o|25/100
|-enditem|p1a: Kommo-o|Salac Berry|[eat]
|-boost|p1a: Kommo-o|spe|1|[from] item: Salac Berry
|
|-weather|SunnyDay|[upkeep]
|upkeep
|turn|24
|
|t:|1758259248
|move|p1a: Kommo-o|Earthquake|p2a: Ninetales
|-supereffective|p2a: Ninetales
|-damage|p2a: Ninetales|0 fnt
|faint|p2a: Ninetales
|
|-weather|SunnyDay|[upkeep]
|upkeep
|
|t:|1758259250
|switch|p2a: Walking Wake|Walking Wake|53/100 par
|-damage|p2a: Walking Wake|41/100 par|[from] Stealth Rock
|-activate|p2a: Walking Wake|ability: Protosynthesis
|-start|p2a: Walking Wake|protosynthesisspe
|turn|25
|
|t:|1758259256
|move|p1a: Kommo-o|Earthquake|p2a: Walking Wake
|-crit|p2a: Walking Wake
|-damage|p2a: Walking Wake|0 fnt
|faint|p2a: Walking Wake
|-end|p2a: Walking Wake|Protosynthesis|[silent]
|
|win|masterjeyx
|raw|masterjeyx's rating: 1365 &rarr; <strong>1386</strong><br />(+21 for winning)
|raw|yfwm's rating: 1386 &rarr; <strong>1365</strong><br />(-21 for losing)
|l|☆yfwm
|player|p2|
|l|☆masterjeyx
|player|p1|
