|j|☆Swag_SerotoninYT
|j|☆Mjggsnsns
|t:|1758289584
|gametype|singles
|player|p1|Swag_SerotoninYT|harlequin|1093
|player|p2|Mjggsnsns|pokemonbreederf-gen4|1101
|gen|9
|tier|[Gen 9] OU
|rated|
|rule|HP Percentage Mod: HP is shown in percentages
|rule|Endless Battle Clause: Forcing endless battles is banned
|rule|Species Clause: Limit one of each Pokémon
|rule|OHKO Clause: OHKO moves are banned
|rule|Evasion Items Clause: Evasion items are banned
|rule|Evasion Moves Clause: Evasion moves are banned
|rule|Evasion Abilities Clause: Evasion abilities are banned
|rule|Sleep Moves Clause: Sleep-inducing moves are banned
|clearpoke
|poke|p1|Gastrodon, F|
|poke|p1|Masquerain, F|
|poke|p1|Stantler, F|
|poke|p1|Chandelure, M|
|poke|p1|Grimmsnarl, M|
|poke|p1|Sandslash-Alola, M|
|poke|p2|Dondozo, F|
|poke|p2|Pelipper, F|
|poke|p2|Zapdos|
|poke|p2|Scizor, M|
|poke|p2|Basculegion, M|
|poke|p2|Ogerpon-Wellspring, F|
|teampreview
|inactive|Battle timer is ON: inactive players will automatically lose when time's up. (requested by Swag_SerotoninYT)
|
|t:|1758289592
|teamsize|p1|6
|teamsize|p2|6
|start
|switch|p1a: Masquerain|Masquerain, F|100/100
|switch|p2a: Pelipper|Pelipper, F|100/100
|-ability|p1a: Masquerain|Intimidate|boost
|-unboost|p2a: Pelipper|atk|1
|-weather|RainDance|[from] ability: Drizzle|[of] p2a: Pelipper
|turn|1
|
|t:|1758289606
|move|p1a: Masquerain|Sticky Web|p2a: Pelipper
|-sidestart|p2: Mjggsnsns|move: Sticky Web
|move|p2a: Pelipper|Ice Beam|p1a: Masquerain
|-supereffective|p1a: Masquerain
|-damage|p1a: Masquerain|24/100
|
|-weather|RainDance|[upkeep]
|upkeep
|turn|2
|
|t:|1758289633
|switch|p1a: Chandelure|Chandelure, M|100/100
|move|p2a: Pelipper|Hurricane|p1a: Chandelure
|-damage|p1a: Chandelure|65/100
|
|-weather|RainDance|[upkeep]
|upkeep
|turn|3
|
|t:|1758289643
|-terastallize|p1a: Chandelure|Grass
|move|p2a: Pelipper|Surf|p1a: Chandelure
|-resisted|p1a: Chandelure
|-damage|p1a: Chandelure|44/100
|move|p1a: Chandelure|Energy Ball|p2a: Pelipper
|-damage|p2a: Pelipper|19/100
|
|-weather|RainDance|[upkeep]
|upkeep
|turn|4
|
|t:|1758289654
|switch|p1a: Sandslash|Sandslash-Alola, M|100/100
|move|p2a: Pelipper|U-turn|p1a: Sandslash
|-resisted|p1a: Sandslash
|-damage|p1a: Sandslash|98/100
|
|t:|1758289663
|switch|p2a: Scizor|Scizor, M|100/100|[from] U-turn
|-activate|p2a: Scizor|move: Sticky Web
|-unboost|p2a: Scizor|spe|1
|
|-weather|RainDance|[upkeep]
|upkeep
|turn|5
|
|t:|1758289677
|switch|p1a: Grimmsnarl|Grimmsnarl, M|100/100
|move|p2a: Scizor|Close Combat|p1a: Grimmsnarl
|-damage|p1a: Grimmsnarl|18/100
|-unboost|p2a: Scizor|def|1
|-unboost|p2a: Scizor|spd|1
|
|-weather|RainDance|[upkeep]
|upkeep
|turn|6
|
|t:|1758289690
|switch|p2a: Basculegion|Basculegion, M|100/100
|-activate|p2a: Basculegion|move: Sticky Web
|-unboost|p2a: Basculegion|spe|1
|move|p1a: Grimmsnarl|Thunder Wave|p2a: Basculegion
|-status|p2a: Basculegion|par
|
|-weather|RainDance|[upkeep]
|upkeep
|turn|7
|
|t:|1758289703
|move|p1a: Grimmsnarl|Parting Shot|p2a: Basculegion
|-unboost|p2a: Basculegion|atk|1
|-unboost|p2a: Basculegion|spa|1
|
|t:|1758289706
|switch|p1a: Gastrodon|Gastrodon, F|100/100|[from] Parting Shot
|move|p2a: Basculegion|Wave Crash|p1a: Gastrodon
|-ability|p1a: Gastrodon|Storm Drain|boost
|-boost|p1a: Gastrodon|spa|1
|
|-weather|RainDance|[upkeep]
|upkeep
|turn|8
|
|t:|1758289716
|switch|p2a: Ogerpon|Ogerpon-Wellspring, F|100/100
|-activate|p2a: Ogerpon|move: Sticky Web
|-unboost|p2a: Ogerpon|spe|1
|move|p1a: Gastrodon|Ice Beam|p2a: Ogerpon
|-damage|p2a: Ogerpon|68/100
|
|-weather|none
|upkeep
|turn|9
|
|t:|1758289728
|move|p2a: Ogerpon|Substitute|p2a: Ogerpon
|-start|p2a: Ogerpon|Substitute
|-damage|p2a: Ogerpon|43/100
|move|p1a: Gastrodon|Ice Beam|p2a: Ogerpon
|-end|p2a: Ogerpon|Substitute
|
|upkeep
|turn|10
|
|t:|1758289735
|move|p2a: Ogerpon|Horn Leech|p1a: Gastrodon
|-supereffective|p1a: Gastrodon
|-damage|p1a: Gastrodon|0 fnt
|-heal|p2a: Ogerpon|100/100|[from] drain|[of] p1a: Gastrodon
|faint|p1a: Gastrodon
|
|upkeep
|
|t:|1758289744
|switch|p1a: Masquerain|Masquerain, F|24/100
|-ability|p1a: Masquerain|Intimidate|boost
|-unboost|p2a: Ogerpon|atk|1
|turn|11
|
|t:|1758289750
|switch|p2a: Pelipper|Pelipper, F|19/100
|-weather|RainDance|[from] ability: Drizzle|[of] p2a: Pelipper
|move|p1a: Masquerain|Bug Buzz|p2a: Pelipper
|-resisted|p2a: Pelipper
|-damage|p2a: Pelipper|0 fnt
|faint|p2a: Pelipper
|
|-weather|RainDance|[upkeep]
|upkeep
|
|t:|1758289761
|switch|p2a: 哈基鸟|Zapdos|100/100
|turn|12
|
|t:|1758289769
|switch|p1a: Grimmsnarl|Grimmsnarl, M|18/100
|move|p2a: 哈基鸟|Thunder|p1a: Grimmsnarl
|-damage|p1a: Grimmsnarl|0 fnt
|faint|p1a: Grimmsnarl
|
|-weather|RainDance|[upkeep]
|upkeep
|
|t:|1758289775
|switch|p1a: Sandslash|Sandslash-Alola, M|98/100
|turn|13
|
|t:|1758289786
|move|p2a: 哈基鸟|Volt Switch|p1a: Sandslash
|-damage|p1a: Sandslash|78/100
|
|t:|1758289791
|switch|p2a: Scizor|Scizor, M|100/100|[from] Volt Switch
|-activate|p2a: Scizor|move: Sticky Web
|-unboost|p2a: Scizor|spe|1
|move|p1a: Sandslash|Ice Spinner|p2a: Scizor
|-resisted|p2a: Scizor
|-damage|p2a: Scizor|87/100
|
|-weather|RainDance|[upkeep]
|upkeep
|turn|14
|
|t:|1758289804
|move|p1a: Sandslash|Brick Break|p2a: Scizor
|-damage|p2a: Scizor|69/100
|move|p2a: Scizor|Close Combat|p1a: Sandslash
|-supereffective|p1a: Sandslash
|-damage|p1a: Sandslash|0 fnt
|-unboost|p2a: Scizor|def|1
|-unboost|p2a: Scizor|spd|1
|faint|p1a: Sandslash
|
|-weather|RainDance|[upkeep]
|upkeep
|
|t:|1758289811
|switch|p1a: Stantler|Stantler, F|100/100
|turn|15
|
|t:|1758289818
|move|p1a: Stantler|Earthquake|p2a: Scizor
|-damage|p2a: Scizor|26/100
|move|p2a: Scizor|Close Combat|p1a: Stantler
|-supereffective|p1a: Stantler
|-damage|p1a: Stantler|0 fnt
|-unboost|p2a: Scizor|def|1
|-unboost|p2a: Scizor|spd|1
|faint|p1a: Stantler
|
|-weather|RainDance|[upkeep]
|upkeep
|
|t:|1758289825
|switch|p1a: Masquerain|Masquerain, F|24/100
|-ability|p1a: Masquerain|Intimidate|boost
|-unboost|p2a: Scizor|atk|1
|turn|16
|
|t:|1758289832
|move|p1a: Masquerain|Bug Buzz|p2a: Scizor
|-resisted|p2a: Scizor
|-crit|p2a: Scizor
|-damage|p2a: Scizor|0 fnt
|faint|p2a: Scizor
|
|-weather|RainDance|[upkeep]
|upkeep
|
|t:|1758289841
|switch|p2a: Basculegion|Basculegion, M|100/100 par
|-activate|p2a: Basculegion|move: Sticky Web
|-unboost|p2a: Basculegion|spe|1
|turn|17
|
|t:|1758289852
|move|p1a: Masquerain|Bug Buzz|p2a: Basculegion
|-resisted|p2a: Basculegion
|-damage|p2a: Basculegion|78/100 par
|cant|p2a: Basculegion|par
|
|-weather|RainDance|[upkeep]
|upkeep
|turn|18
|
|t:|1758289860
|move|p1a: Masquerain|Bug Buzz|p2a: Basculegion
|-resisted|p2a: Basculegion
|-damage|p2a: Basculegion|54/100 par
|-unboost|p2a: Basculegion|spd|1
|move|p2a: Basculegion|Wave Crash|p1a: Masquerain
|-damage|p1a: Masquerain|0 fnt
|faint|p1a: Masquerain
|-damage|p2a: Basculegion|48/100 par|[from] Recoil
|-damage|p2a: Basculegion|38/100 par|[from] item: Life Orb
|
|-weather|none
|upkeep
|
|t:|1758289863
|switch|p1a: Chandelure|Chandelure, M, tera:Grass|44/100
|turn|19
|
|t:|1758289875
|move|p1a: Chandelure|Energy Ball|p2a: Basculegion
|-supereffective|p2a: Basculegion
|-damage|p2a: Basculegion|0 fnt
|faint|p2a: Basculegion
|
|upkeep
|
|t:|1758289884
|switch|p2a: Ogerpon|Ogerpon-Wellspring, F|100/100
|-activate|p2a: Ogerpon|move: Sticky Web
|-unboost|p2a: Ogerpon|spe|1
|turn|20
|
|t:|1758289892
|move|p2a: Ogerpon|Swords Dance|p2a: Ogerpon
|-boost|p2a: Ogerpon|atk|2
|move|p1a: Chandelure|Heat Wave|p2a: Ogerpon
|-damage|p2a: Ogerpon|40/100
|
|upkeep
|turn|21
|
|t:|1758289901
|move|p2a: Ogerpon|Ivy Cudgel|p1a: Chandelure|[anim] Ivy Cudgel Water
|-resisted|p1a: Chandelure
|-damage|p1a: Chandelure|0 fnt
|faint|p1a: Chandelure
|
|win|Mjggsnsns
|raw|Swag_SerotoninYT's rating: 1093 &rarr; <strong>1070</strong><br />(-23 for losing)
|raw|Mjggsnsns's rating: 1101 &rarr; <strong>1125</strong><br />(+24 for winning)
|l|☆Swag_SerotoninYT
|player|p1|
|l|☆Mjggsnsns
|player|p2|
|j|☆Mjggsnsns
|player|p2|Mjggsnsns|pilot|
