|j|☆BigJulius
|j|☆finnlilienthal
|t:|1758352379
|gametype|singles
|player|p1|BigJulius|1|1205
|player|p2|finnlilienthal|170|1175
|gen|9
|tier|[Gen 9] OU
|rated|
|rule|HP Percentage Mod: HP is shown in percentages
|rule|Endless Battle Clause: Forcing endless battles is banned
|rule|Species Clause: Limit one of each Pokémon
|rule|OHKO Clause: OHKO moves are banned
|rule|Evasion Items Clause: Evasion items are banned
|rule|Evasion Moves Clause: Evasion moves are banned
|rule|Evasion Abilities Clause: Evasion abilities are banned
|rule|Sleep Moves Clause: Sleep-inducing moves are banned
|clearpoke
|poke|p1|Landorus-Therian, M|
|poke|p1|Slowking, F|
|poke|p1|Skeledirge, M|
|poke|p1|Ninetales-Alola, F|
|poke|p1|Cetitan, M|
|poke|p1|Kingambit, F|
|poke|p2|Pelipper, F|
|poke|p2|Zapdos|
|poke|p2|Blastoise, F|
|poke|p2|Torterra, F|
|poke|p2|Muk-Alola, M|
|poke|p2|Weezing-Galar, M|
|teampreview
|inactive|Battle timer is ON: inactive players will automatically lose when time's up. (requested by BigJulius)
|
|t:|1758352389
|teamsize|p1|6
|teamsize|p2|6
|start
|switch|p1a: Landorus|Landorus-Therian, M|100/100
|switch|p2a: Pelipper|Pelipper, F, shiny|100/100
|-ability|p1a: Landorus|Intimidate|boost
|-unboost|p2a: Pelipper|atk|1
|-weather|RainDance|[from] ability: Drizzle|[of] p2a: Pelipper
|turn|1
|
|t:|1758352406
|switch|p2a: Torterra|Torterra, F|100/100
|move|p1a: Landorus|U-turn|p2a: Torterra
|-supereffective|p2a: Torterra
|-damage|p2a: Torterra|60/100
|
|t:|1758352410
|switch|p1a: Ninetales|Ninetales-Alola, F|100/100|[from] U-turn
|-weather|Snowscape|[from] ability: Snow Warning|[of] p1a: Ninetales
|
|-weather|Snowscape|[upkeep]
|-heal|p2a: Torterra|66/100|[from] item: Leftovers
|upkeep
|turn|2
|
|t:|1758352421
|switch|p2a: Muk|Muk-Alola, M|100/100
|move|p1a: Ninetales|Aurora Veil|p1a: Ninetales
|-sidestart|p1: BigJulius|move: Aurora Veil
|
|-weather|Snowscape|[upkeep]
|upkeep
|turn|3
|
|t:|1758352428
|switch|p1a: Landorus|Landorus-Therian, M|100/100
|-ability|p1a: Landorus|Intimidate|boost
|-unboost|p2a: Muk|atk|1
|move|p2a: Muk|Poison Jab|p1a: Landorus
|-resisted|p1a: Landorus
|-damage|p1a: Landorus|94/100
|
|-weather|Snowscape|[upkeep]
|upkeep
|turn|4
|
|t:|1758352445
|switch|p2a: Pelipper|Pelipper, F, shiny|100/100
|-weather|RainDance|[from] ability: Drizzle|[of] p2a: Pelipper
|move|p1a: Landorus|U-turn|p2a: Pelipper
|-resisted|p2a: Pelipper
|-damage|p2a: Pelipper|89/100
|
|t:|1758352460
|switch|p1a: Ninetales|Ninetales-Alola, F|100/100|[from] U-turn
|-weather|Snowscape|[from] ability: Snow Warning|[of] p1a: Ninetales
|
|-weather|Snowscape|[upkeep]
|upkeep
|turn|5
|
|t:|1758352471
|move|p1a: Ninetales|Nasty Plot|p1a: Ninetales
|-boost|p1a: Ninetales|spa|2
|move|p2a: Pelipper|Knock Off|p1a: Ninetales
|-resisted|p1a: Ninetales
|-damage|p1a: Ninetales|99/100
|-enditem|p1a: Ninetales|Light Clay|[from] move: Knock Off|[of] p2a: Pelipper
|
|-weather|Snowscape|[upkeep]
|upkeep
|turn|6
|
|t:|1758352480
|switch|p2a: Muk|Muk-Alola, M|100/100
|move|p1a: Ninetales|Blizzard|p2a: Muk
|-damage|p2a: Muk|74/100
|
|-weather|Snowscape|[upkeep]
|upkeep
|turn|7
|
|t:|1758352492
|switch|p1a: Landorus|Landorus-Therian, M|94/100
|-ability|p1a: Landorus|Intimidate|boost
|-unboost|p2a: Muk|atk|1
|move|p2a: Muk|Poison Jab|p1a: Landorus
|-resisted|p1a: Landorus
|-damage|p1a: Landorus|89/100
|-status|p1a: Landorus|psn
|
|-weather|Snowscape|[upkeep]
|-damage|p1a: Landorus|76/100 psn|[from] psn
|upkeep
|turn|8
|
|t:|1758352510
|move|p1a: Landorus|Rock Slide|p2a: Muk
|-damage|p2a: Muk|39/100
|move|p2a: Muk|Knock Off|p1a: Landorus
|-damage|p1a: Landorus|61/100 psn
|-enditem|p1a: Landorus|Choice Scarf|[from] move: Knock Off|[of] p2a: Muk
|
|-weather|none
|-damage|p1a: Landorus|49/100 psn|[from] psn
|upkeep
|turn|9
|
|t:|1758352520
|switch|p2a: Zapdos|Zapdos|100/100
|move|p1a: Landorus|Rock Slide|p2a: Zapdos
|-supereffective|p2a: Zapdos
|-damage|p2a: Zapdos|27/100
|
|-damage|p1a: Landorus|37/100 psn|[from] psn
|-sideend|p1: BigJulius|move: Aurora Veil
|upkeep
|turn|10
|
|t:|1758352532
|move|p2a: Zapdos|Hurricane|p1a: Landorus
|-damage|p1a: Landorus|0 fnt
|faint|p1a: Landorus
|
|upkeep
|
|t:|1758352537
|switch|p1a: Ninetales|Ninetales-Alola, F|99/100
|-weather|Snowscape|[from] ability: Snow Warning|[of] p1a: Ninetales
|turn|11
|
|t:|1758352546
|switch|p2a: Muk|Muk-Alola, M|39/100
|move|p1a: Ninetales|Blizzard|p2a: Muk
|-damage|p2a: Muk|24/100
|
|-weather|Snowscape|[upkeep]
|upkeep
|turn|12
|
|t:|1758352553
|move|p1a: Ninetales|Aurora Veil|p1a: Ninetales
|-sidestart|p1: BigJulius|move: Aurora Veil
|move|p2a: Muk|Drain Punch|p1a: Ninetales
|-damage|p1a: Ninetales|91/100
|-heal|p2a: Muk|27/100|[from] drain|[of] p1a: Ninetales
|-status|p1a: Ninetales|psn|[from] ability: Poison Touch|[of] p2a: Muk
|
|-weather|Snowscape|[upkeep]
|-damage|p1a: Ninetales|79/100 psn|[from] psn
|upkeep
|turn|13
|
|t:|1758352565
|switch|p2a: Blastoise|Blastoise, F|100/100
|move|p1a: Ninetales|Nasty Plot|p1a: Ninetales
|-boost|p1a: Ninetales|spa|2
|
|-weather|Snowscape|[upkeep]
|-damage|p1a: Ninetales|67/100 psn|[from] psn
|upkeep
|turn|14
|
|t:|1758352579
|move|p1a: Ninetales|Moonblast|p2a: Blastoise
|-damage|p2a: Blastoise|74/100
|move|p2a: Blastoise|Surf|p1a: Ninetales
|-damage|p1a: Ninetales|49/100 psn
|
|-weather|Snowscape|[upkeep]
|-damage|p1a: Ninetales|37/100 psn|[from] psn
|upkeep
|turn|15
|
|t:|1758352586
|switch|p1a: Slowking|Slowking, F|100/100
|move|p2a: Blastoise|Mirror Coat||[still]
|-fail|p2a: Blastoise
|
|-weather|none
|upkeep
|turn|16
|
|t:|1758352593
|switch|p2a: Pelipper|Pelipper, F, shiny|89/100
|-weather|RainDance|[from] ability: Drizzle|[of] p2a: Pelipper
|-prepare|p1a: Slowking|Chilly Reception|[premajor]
|move|p1a: Slowking|Chilly Reception|p1a: Slowking
|-weather|Snowscape
|
|t:|1758352605
|switch|p1a: Kingambit|Kingambit, F|100/100|[from] Chilly Reception
|-activate|p1a: Kingambit|ability: Supreme Overlord
|-start|p1a: Kingambit|fallen1|[silent]
|-item|p1a: Kingambit|Air Balloon
|
|-weather|Snowscape|[upkeep]
|-sideend|p1: BigJulius|move: Aurora Veil
|upkeep
|turn|17
|
|t:|1758352618
|switch|p2a: Torterra|Torterra, F|66/100
|move|p1a: Kingambit|Swords Dance|p1a: Kingambit
|-boost|p1a: Kingambit|atk|2
|
|-weather|Snowscape|[upkeep]
|-heal|p2a: Torterra|72/100|[from] item: Leftovers
|upkeep
|turn|18
|
|t:|1758352628
|move|p2a: Torterra|Leech Seed|p1a: Kingambit
|-start|p1a: Kingambit|move: Leech Seed
|move|p1a: Kingambit|Iron Head|p2a: Torterra
|-damage|p2a: Torterra|8/100
|
|-weather|Snowscape|[upkeep]
|-heal|p2a: Torterra|14/100|[from] item: Leftovers
|-damage|p1a: Kingambit|88/100|[from] Leech Seed|[of] p2a: Torterra
|-heal|p2a: Torterra|28/100|[silent]
|upkeep
|turn|19
|
|t:|1758352637
|move|p2a: Torterra|Protect|p2a: Torterra
|-singleturn|p2a: Torterra|Protect
|move|p1a: Kingambit|Iron Head|p2a: Torterra
|-activate|p2a: Torterra|move: Protect
|
|-weather|Snowscape|[upkeep]
|-heal|p2a: Torterra|34/100|[from] item: Leftovers
|-damage|p1a: Kingambit|76/100|[from] Leech Seed|[of] p2a: Torterra
|-heal|p2a: Torterra|48/100|[silent]
|upkeep
|turn|20
|
|t:|1758352649
|switch|p2a: Pelipper|Pelipper, F, shiny|89/100
|-weather|RainDance|[from] ability: Drizzle|[of] p2a: Pelipper
|move|p1a: Kingambit|Iron Head|p2a: Pelipper
|-resisted|p2a: Pelipper
|-damage|p2a: Pelipper|41/100
|
|-weather|RainDance|[upkeep]
|-damage|p1a: Kingambit|63/100|[from] Leech Seed|[of] p2a: Pelipper
|-heal|p2a: Pelipper|59/100|[silent]
|upkeep
|turn|21
|
|t:|1758352659
|move|p1a: Kingambit|Sucker Punch||[still]
|-fail|p1a: Kingambit
|move|p2a: Pelipper|Roost|p2a: Pelipper
|-heal|p2a: Pelipper|100/100
|-singleturn|p2a: Pelipper|move: Roost
|
|-weather|RainDance|[upkeep]
|-damage|p1a: Kingambit|51/100|[from] Leech Seed|[of] p2a: Pelipper
|upkeep
|turn|22
|
|t:|1758352674
|-end|p1a: Kingambit|fallen1|[silent]
|switch|p1a: Ninetales|Ninetales-Alola, F|37/100 psn
|-weather|Snowscape|[from] ability: Snow Warning|[of] p1a: Ninetales
|move|p2a: Pelipper|Roost||[still]
|-fail|p2a: Pelipper|heal
|
|-weather|Snowscape|[upkeep]
|-damage|p1a: Ninetales|25/100 psn|[from] psn
|upkeep
|turn|23
|
|t:|1758352685
|move|p1a: Ninetales|Aurora Veil|p1a: Ninetales
|-sidestart|p1: BigJulius|move: Aurora Veil
|move|p2a: Pelipper|Surf|p1a: Ninetales
|-damage|p1a: Ninetales|6/100 psn
|
|-weather|Snowscape|[upkeep]
|-damage|p1a: Ninetales|0 fnt|[from] psn
|faint|p1a: Ninetales
|upkeep
|
|t:|1758352693
|switch|p1a: Skeledirge|Skeledirge, M|100/100
|turn|24
|
|t:|1758352712
|switch|p1a: Slowking|Slowking, F|100/100
|move|p2a: Pelipper|Surf|p1a: Slowking
|-resisted|p1a: Slowking
|-damage|p1a: Slowking|96/100
|-enditem|p1a: Slowking|Red Card|[of] p2a: Pelipper
|drag|p2a: Blastoise|Blastoise, F|74/100
|
|-weather|Snowscape|[upkeep]
|upkeep
|turn|25
|
|t:|1758352724
|switch|p2a: Pelipper|Pelipper, F, shiny|100/100
|-weather|RainDance|[from] ability: Drizzle|[of] p2a: Pelipper
|move|p1a: Slowking|Thunder Wave|p2a: Pelipper
|-status|p2a: Pelipper|par
|
|-weather|RainDance|[upkeep]
|upkeep
|turn|26
|
|t:|1758352736
|switch|p2a: Muk|Muk-Alola, M|27/100
|-prepare|p1a: Slowking|Chilly Reception|[premajor]
|move|p1a: Slowking|Chilly Reception|p1a: Slowking
|-weather|Snowscape
|
|t:|1758352741
|switch|p1a: Cetitan|Cetitan, M|100/100|[from] Chilly Reception
|
|-weather|Snowscape|[upkeep]
|upkeep
|turn|27
|
|t:|1758352752
|switch|p2a: Weezing|Weezing-Galar, M|100/100
|-ability|p2a: Weezing|Neutralizing Gas
|move|p1a: Cetitan|Heavy Slam|p2a: Weezing
|-supereffective|p2a: Weezing
|-damage|p2a: Weezing|25/100
|-damage|p1a: Cetitan|91/100|[from] item: Life Orb
|
|-weather|Snowscape|[upkeep]
|-heal|p2a: Weezing|31/100|[from] item: Leftovers
|-sideend|p1: BigJulius|move: Aurora Veil
|upkeep
|turn|28
|
|t:|1758352765
|move|p2a: Weezing|Protect|p2a: Weezing
|-singleturn|p2a: Weezing|Protect
|move|p1a: Cetitan|Heavy Slam|p2a: Weezing
|-activate|p2a: Weezing|move: Protect
|
|-weather|Snowscape|[upkeep]
|-heal|p2a: Weezing|37/100|[from] item: Leftovers
|upkeep
|turn|29
|
|t:|1758352793
|-terastallize|p2a: Weezing|Flying
|move|p1a: Cetitan|Heavy Slam|p2a: Weezing
|-damage|p2a: Weezing|0 fnt
|faint|p2a: Weezing
|-end|p2a: Weezing|ability: Neutralizing Gas
|-damage|p1a: Cetitan|81/100|[from] item: Life Orb
|
|-weather|Snowscape|[upkeep]
|upkeep
|
|t:|1758352802
|switch|p2a: Pelipper|Pelipper, F, shiny|100/100 par
|-weather|RainDance|[from] ability: Drizzle|[of] p2a: Pelipper
|turn|30
|
|t:|1758352812
|switch|p1a: Slowking|Slowking, F|96/100
|switch|p2a: Zapdos|Zapdos|27/100
|
|-weather|RainDance|[upkeep]
|upkeep
|turn|31
|
|t:|1758352818
|move|p2a: Zapdos|Thunder|p1a: Slowking
|-supereffective|p1a: Slowking
|-damage|p1a: Slowking|36/100
|-status|p1a: Slowking|par
|move|p1a: Slowking|Scald|p2a: Zapdos
|-damage|p2a: Zapdos|0 fnt
|faint|p2a: Zapdos
|
|-weather|RainDance|[upkeep]
|upkeep
|
|t:|1758352829
|switch|p2a: Muk|Muk-Alola, M|27/100
|turn|32
|
|t:|1758352843
|move|p2a: Muk|Drain Punch|p1a: Slowking
|-resisted|p1a: Slowking
|-damage|p1a: Slowking|26/100 par
|-heal|p2a: Muk|32/100|[from] drain|[of] p1a: Slowking
|move|p1a: Slowking|Scald|p2a: Muk
|-damage|p2a: Muk|14/100
|
|-weather|RainDance|[upkeep]
|upkeep
|turn|33
|
|t:|1758352851
|move|p2a: Muk|Knock Off|p1a: Slowking
|-supereffective|p1a: Slowking
|-damage|p1a: Slowking|0 fnt
|faint|p1a: Slowking
|
|-weather|RainDance|[upkeep]
|upkeep
|
|t:|1758352857
|switch|p1a: Cetitan|Cetitan, M|81/100
|turn|34
|
|t:|1758352865
|move|p2a: Muk|Shadow Sneak|p1a: Cetitan
|-damage|p1a: Cetitan|72/100
|move|p1a: Cetitan|Liquidation|p2a: Muk
|-damage|p2a: Muk|0 fnt
|faint|p2a: Muk
|-damage|p1a: Cetitan|62/100|[from] item: Life Orb
|
|-weather|RainDance|[upkeep]
|upkeep
|
|t:|1758352878
|switch|p2a: Blastoise|Blastoise, F|74/100
|turn|35
|
|t:|1758352894
|move|p1a: Cetitan|High Horsepower|p2a: Blastoise
|-damage|p2a: Blastoise|36/100
|-damage|p1a: Cetitan|52/100|[from] item: Life Orb
|move|p2a: Blastoise|Surf|p1a: Cetitan
|-crit|p1a: Cetitan
|-damage|p1a: Cetitan|0 fnt
|faint|p1a: Cetitan
|
|-weather|RainDance|[upkeep]
|-heal|p2a: Blastoise|42/100|[from] ability: Rain Dish
|upkeep
|
|t:|1758352904
|switch|p1a: Skeledirge|Skeledirge, M|100/100
|turn|36
|
|t:|1758352908
|-terastallize|p1a: Skeledirge|Grass
|move|p2a: Blastoise|Surf|p1a: Skeledirge
|-resisted|p1a: Skeledirge
|-damage|p1a: Skeledirge|78/100
|move|p1a: Skeledirge|Will-O-Wisp|p2a: Blastoise
|-status|p2a: Blastoise|brn
|
|-weather|RainDance|[upkeep]
|-heal|p2a: Blastoise|48/100 brn|[from] ability: Rain Dish
|-damage|p2a: Blastoise|42/100 brn|[from] brn
|upkeep
|turn|37
|
|t:|1758352919
|move|p2a: Blastoise|Blizzard|p1a: Skeledirge|[miss]
|-miss|p2a: Blastoise|p1a: Skeledirge
|move|p1a: Skeledirge|Torch Song|p2a: Blastoise
|-resisted|p2a: Blastoise
|-damage|p2a: Blastoise|38/100 brn
|-boost|p1a: Skeledirge|spa|1
|
|-weather|none
|-damage|p2a: Blastoise|32/100 brn|[from] brn
|upkeep
|turn|38
|
|t:|1758352927
|move|p2a: Blastoise|Blizzard|p1a: Skeledirge
|-supereffective|p1a: Skeledirge
|-damage|p1a: Skeledirge|23/100
|move|p1a: Skeledirge|Earth Power|p2a: Blastoise
|-damage|p2a: Blastoise|14/100 brn
|
|-damage|p2a: Blastoise|8/100 brn|[from] brn
|upkeep
|turn|39
|
|t:|1758352935
|move|p2a: Blastoise|Blizzard|p1a: Skeledirge|[miss]
|-miss|p2a: Blastoise|p1a: Skeledirge
|move|p1a: Skeledirge|Slack Off|p1a: Skeledirge
|-heal|p1a: Skeledirge|73/100
|
|-damage|p2a: Blastoise|1/100 brn|[from] brn
|upkeep
|turn|40
|
|t:|1758352942
|move|p2a: Blastoise|Blizzard|p1a: Skeledirge
|-supereffective|p1a: Skeledirge
|-damage|p1a: Skeledirge|17/100
|move|p1a: Skeledirge|Slack Off|p1a: Skeledirge
|-heal|p1a: Skeledirge|67/100
|
|-damage|p2a: Blastoise|0 fnt|[from] brn
|faint|p2a: Blastoise
|upkeep
|
|t:|1758352950
|switch|p2a: Pelipper|Pelipper, F, shiny|100/100 par
|-weather|RainDance|[from] ability: Drizzle|[of] p2a: Pelipper
|turn|41
|
|t:|1758352958
|move|p1a: Skeledirge|Slack Off|p1a: Skeledirge
|-heal|p1a: Skeledirge|100/100
|cant|p2a: Pelipper|par
|
|-weather|RainDance|[upkeep]
|upkeep
|turn|42
|
|t:|1758352963
|move|p1a: Skeledirge|Torch Song|p2a: Pelipper
|-resisted|p2a: Pelipper
|-damage|p2a: Pelipper|84/100 par
|-boost|p1a: Skeledirge|spa|1
|move|p2a: Pelipper|Hurricane|p1a: Skeledirge
|-supereffective|p1a: Skeledirge
|-damage|p1a: Skeledirge|10/100
|
|-weather|RainDance|[upkeep]
|upkeep
|turn|43
|
|t:|1758352971
|move|p1a: Skeledirge|Torch Song|p2a: Pelipper
|-resisted|p2a: Pelipper
|-damage|p2a: Pelipper|57/100 par
|-boost|p1a: Skeledirge|spa|1
|move|p2a: Pelipper|Hurricane|p1a: Skeledirge
|-supereffective|p1a: Skeledirge
|-damage|p1a: Skeledirge|0 fnt
|faint|p1a: Skeledirge
|
|-weather|RainDance|[upkeep]
|upkeep
|
|t:|1758352974
|switch|p1a: Kingambit|Kingambit, F|51/100
|-activate|p1a: Kingambit|ability: Supreme Overlord
|-start|p1a: Kingambit|fallen5|[silent]
|-item|p1a: Kingambit|Air Balloon
|turn|44
|
|t:|1758352988
|move|p1a: Kingambit|Swords Dance|p1a: Kingambit
|-boost|p1a: Kingambit|atk|2
|move|p2a: Pelipper|Surf|p1a: Kingambit
|-damage|p1a: Kingambit|6/100
|-enditem|p1a: Kingambit|Air Balloon
|
|-weather|RainDance|[upkeep]
|upkeep
|turn|45
|
|t:|1758352996
|move|p1a: Kingambit|Zen Headbutt|p2a: Pelipper
|-damage|p2a: Pelipper|0 fnt
|faint|p2a: Pelipper
|
|-weather|RainDance|[upkeep]
|upkeep
|
|t:|1758353000
|switch|p2a: Torterra|Torterra, F|48/100
|turn|46
|
|t:|1758353003
|move|p2a: Torterra|Leech Seed|p1a: Kingambit|[miss]
|-miss|p2a: Torterra|p1a: Kingambit
|move|p1a: Kingambit|Iron Head|p2a: Torterra
|-damage|p2a: Torterra|0 fnt
|faint|p2a: Torterra
|
|win|BigJulius
|raw|BigJulius's rating: 1205 &rarr; <strong>1228</strong><br />(+23 for winning)
|raw|finnlilienthal's rating: 1175 &rarr; <strong>1152</strong><br />(-23 for losing)
|l|☆finnlilienthal
|player|p2|
|c|☆BigJulius|Once but not twice
|l|☆BigJulius
|player|p1|
