|j|☆XphalT
|j|☆Marcepanix
|t:|1758265672
|gametype|singles
|player|p1|XphalT|zinnia-masters|1485
|player|p2|Marcepanix|swimmer-gen4|1451
|gen|9
|tier|[Gen 9] OU
|rated|
|rule|HP Percentage Mod: HP is shown in percentages
|rule|Endless Battle Clause: Forcing endless battles is banned
|rule|Species Clause: Limit one of each Pokémon
|rule|OHKO Clause: OHKO moves are banned
|rule|Evasion Items Clause: Evasion items are banned
|rule|Evasion Moves Clause: Evasion moves are banned
|rule|Evasion Abilities Clause: Evasion abilities are banned
|rule|Sleep Moves Clause: Sleep-inducing moves are banned
|clearpoke
|poke|p1|Samurott-Hisui, M|
|poke|p1|Pecharunt|
|poke|p1|Great Tusk|
|poke|p1|Darkrai|
|poke|p1|Ogerpon-Wellspring, F|
|poke|p1|Scizor, M|
|poke|p2|Volcanion|
|poke|p2|Garganacl, F|
|poke|p2|Serperior, F|
|poke|p2|Ditto|
|poke|p2|Corviknight, F|
|poke|p2|Staraptor, M|
|teampreview
|inactive|Battle timer is ON: inactive players will automatically lose when time's up. (requested by Marcepanix)
|
|t:|1758265678
|teamsize|p1|6
|teamsize|p2|6
|start
|switch|p1a: Samurott|Samurott-Hisui, M|100/100
|switch|p2a: Serperior|Serperior, F|100/100
|turn|1
|
|t:|1758265689
|move|p2a: Serperior|Leaf Storm|p1a: Samurott
|-supereffective|p1a: Samurott
|-damage|p1a: Samurott|0 fnt
|-boost|p2a: Serperior|spa|2
|faint|p1a: Samurott
|
|upkeep
|
|t:|1758265693
|switch|p1a: Scizor|Scizor, M|100/100
|turn|2
|
|t:|1758265706
|move|p2a: Serperior|Leech Seed|p1a: Scizor
|-start|p1a: Scizor|move: Leech Seed
|move|p1a: Scizor|U-turn|p2a: Serperior
|-supereffective|p2a: Serperior
|-damage|p2a: Serperior|0 fnt
|faint|p2a: Serperior
|
|t:|1758265720
|switch|p1a: Ogerpon|Ogerpon-Wellspring, F|100/100|[from] U-turn
|
|upkeep
|
|t:|1758265723
|switch|p2a: Staraptor|Staraptor, M|100/100
|turn|3
|
|t:|1758265732
|switch|p1a: Pecharunt|Pecharunt|100/100
|move|p2a: Staraptor|Final Gambit|p1a: Pecharunt
|-immune|p1a: Pecharunt
|
|upkeep
|turn|4
|
|t:|1758265738
|switch|p2a: Garganacl|Garganacl, F|100/100
|-item|p2a: Garganacl|Air Balloon
|move|p1a: Pecharunt|Parting Shot|p2a: Garganacl
|-unboost|p2a: Garganacl|atk|1
|-unboost|p2a: Garganacl|spa|1
|
|t:|1758265758
|switch|p1a: Ogerpon|Ogerpon-Wellspring, F|100/100|[from] Parting Shot
|
|upkeep
|turn|5
|
|t:|1758265771
|-terastallize|p2a: Garganacl|Flying
|move|p1a: Ogerpon|Ivy Cudgel|p2a: Garganacl|[anim] Ivy Cudgel Water
|-damage|p2a: Garganacl|71/100
|-enditem|p2a: Garganacl|Air Balloon
|move|p2a: Garganacl|Salt Cure|p1a: Ogerpon
|-damage|p1a: Ogerpon|89/100
|-start|p1a: Ogerpon|Salt Cure
|
|-damage|p1a: Ogerpon|64/100|[from] Salt Cure
|upkeep
|turn|6
|
|t:|1758265787
|move|p1a: Ogerpon|U-turn|p2a: Garganacl
|-resisted|p2a: Garganacl
|-damage|p2a: Garganacl|64/100
|
|t:|1758265791
|switch|p1a: Pecharunt|Pecharunt|100/100|[from] U-turn
|move|p2a: Garganacl|Recover|p2a: Garganacl
|-heal|p2a: Garganacl|100/100
|
|upkeep
|turn|7
|
|t:|1758265795
|move|p1a: Pecharunt|Malignant Chain|p2a: Garganacl
|-damage|p2a: Garganacl|72/100
|move|p2a: Garganacl|Salt Cure|p1a: Pecharunt
|-damage|p1a: Pecharunt|96/100
|-start|p1a: Pecharunt|Salt Cure
|
|-damage|p1a: Pecharunt|83/100|[from] Salt Cure
|upkeep
|turn|8
|
|t:|1758265800
|move|p1a: Pecharunt|Malignant Chain|p2a: Garganacl
|-damage|p2a: Garganacl|45/100
|move|p2a: Garganacl|Curse|p2a: Garganacl
|-unboost|p2a: Garganacl|spe|1
|-boost|p2a: Garganacl|atk|1
|-boost|p2a: Garganacl|def|1
|
|-damage|p1a: Pecharunt|71/100|[from] Salt Cure
|upkeep
|turn|9
|
|t:|1758265804
|move|p1a: Pecharunt|Malignant Chain|p2a: Garganacl
|-damage|p2a: Garganacl|14/100
|move|p2a: Garganacl|Recover|p2a: Garganacl
|-heal|p2a: Garganacl|64/100
|
|-damage|p1a: Pecharunt|59/100|[from] Salt Cure
|upkeep
|turn|10
|
|t:|1758265819
|move|p1a: Pecharunt|Malignant Chain|p2a: Garganacl
|-damage|p2a: Garganacl|36/100
|move|p2a: Garganacl|Salt Cure|p1a: Pecharunt
|-damage|p1a: Pecharunt|52/100
|
|-damage|p1a: Pecharunt|40/100|[from] Salt Cure
|upkeep
|turn|11
|
|t:|1758265823
|move|p1a: Pecharunt|Recover|p1a: Pecharunt
|-heal|p1a: Pecharunt|90/100
|move|p2a: Garganacl|Recover|p2a: Garganacl
|-heal|p2a: Garganacl|86/100
|
|-damage|p1a: Pecharunt|77/100|[from] Salt Cure
|upkeep
|turn|12
|
|t:|1758265827
|move|p1a: Pecharunt|Malignant Chain|p2a: Garganacl
|-damage|p2a: Garganacl|57/100
|move|p2a: Garganacl|Curse|p2a: Garganacl
|-unboost|p2a: Garganacl|spe|1
|-boost|p2a: Garganacl|atk|1
|-boost|p2a: Garganacl|def|1
|
|-damage|p1a: Pecharunt|65/100|[from] Salt Cure
|upkeep
|turn|13
|
|t:|1758265833
|move|p1a: Pecharunt|Malignant Chain|p2a: Garganacl
|-damage|p2a: Garganacl|27/100
|move|p2a: Garganacl|Recover|p2a: Garganacl
|-heal|p2a: Garganacl|77/100
|
|-damage|p1a: Pecharunt|53/100|[from] Salt Cure
|upkeep
|turn|14
|
|t:|1758265837
|move|p1a: Pecharunt|Malignant Chain|p2a: Garganacl
|-damage|p2a: Garganacl|48/100
|move|p2a: Garganacl|Curse|p2a: Garganacl
|-unboost|p2a: Garganacl|spe|1
|-boost|p2a: Garganacl|atk|1
|-boost|p2a: Garganacl|def|1
|
|-damage|p1a: Pecharunt|40/100|[from] Salt Cure
|upkeep
|turn|15
|
|t:|1758265841
|move|p1a: Pecharunt|Recover|p1a: Pecharunt
|-heal|p1a: Pecharunt|90/100
|move|p2a: Garganacl|Recover|p2a: Garganacl
|-heal|p2a: Garganacl|98/100
|
|-damage|p1a: Pecharunt|78/100|[from] Salt Cure
|upkeep
|turn|16
|
|t:|1758265843
|move|p1a: Pecharunt|Malignant Chain|p2a: Garganacl
|-damage|p2a: Garganacl|68/100
|move|p2a: Garganacl|Earthquake|p1a: Pecharunt
|-supereffective|p1a: Pecharunt
|-damage|p1a: Pecharunt|33/100
|
|-damage|p1a: Pecharunt|20/100|[from] Salt Cure
|upkeep
|turn|17
|c|☆XphalT|brother
|c|☆XphalT|What are the odds to miss 8 50/50s ?
|
|t:|1758265871
|move|p1a: Pecharunt|Shadow Ball|p2a: Garganacl
|-damage|p2a: Garganacl|55/100
|move|p2a: Garganacl|Earthquake|p1a: Pecharunt
|-supereffective|p1a: Pecharunt
|-damage|p1a: Pecharunt|0 fnt
|faint|p1a: Pecharunt
|
|upkeep
|inactive|XphalT has 120 seconds left.
|c|☆Marcepanix|To poison?
|c|☆XphalT|yes
|c|☆XphalT|it's a 50% chacne
|c|☆XphalT|chance
|inactive|XphalT has 90 seconds left.
|
|t:|1758265915
|switch|p1a: Darkrai|Darkrai|100/100
|turn|18
|c|☆Marcepanix|Puryfing salt skill 8n garganacl
|c|☆XphalT|oh my god I'm so stupid
|
|t:|1758265936
|move|p1a: Darkrai|Ice Beam|p2a: Garganacl
|-supereffective|p2a: Garganacl
|-damage|p2a: Garganacl|0 fnt
|faint|p2a: Garganacl
|
|upkeep
|
|t:|1758265940
|switch|p2a: Staraptor|Staraptor, M|100/100
|turn|19
|
|t:|1758265946
|switch|p1a: Ogerpon|Ogerpon-Wellspring, F|64/100
|move|p2a: Staraptor|Final Gambit|p1a: Ogerpon
|-damage|p1a: Ogerpon|0 fnt
|faint|p2a: Staraptor
|faint|p1a: Ogerpon
|
|upkeep
|
|t:|1758265955
|switch|p1a: Scizor|Scizor, M|100/100
|switch|p2a: Volcanion|Volcanion|100/100
|-item|p2a: Volcanion|Air Balloon
|turn|20
|
|t:|1758265972
|move|p1a: Scizor|Bullet Punch|p2a: Volcanion
|-resisted|p2a: Volcanion
|-damage|p2a: Volcanion|91/100
|-enditem|p2a: Volcanion|Air Balloon
|move|p2a: Volcanion|Steam Eruption|p1a: Scizor
|-damage|p1a: Scizor|13/100
|-status|p1a: Scizor|brn
|
|-damage|p1a: Scizor|7/100 brn|[from] brn
|upkeep
|turn|21
|
|t:|1758265981
|move|p1a: Scizor|Bullet Punch|p2a: Volcanion
|-resisted|p2a: Volcanion
|-damage|p2a: Volcanion|85/100
|move|p2a: Volcanion|Steam Eruption|p1a: Scizor|[miss]
|-miss|p2a: Volcanion|p1a: Scizor
|
|-damage|p1a: Scizor|1/100 brn|[from] brn
|upkeep
|turn|22
|
|t:|1758265991
|move|p1a: Scizor|Bullet Punch|p2a: Volcanion
|-resisted|p2a: Volcanion
|-damage|p2a: Volcanion|80/100
|move|p2a: Volcanion|Steam Eruption|p1a: Scizor
|-crit|p1a: Scizor
|-damage|p1a: Scizor|0 fnt
|faint|p1a: Scizor
|
|upkeep
|inactive|XphalT has 90 seconds left.
|
|t:|1758266017
|switch|p1a: Great Tusk|Great Tusk|100/100
|turn|23
|
|t:|1758266025
|move|p1a: Great Tusk|Headlong Rush|p2a: Volcanion
|-supereffective|p2a: Volcanion
|-damage|p2a: Volcanion|0 fnt
|-unboost|p1a: Great Tusk|def|1
|-unboost|p1a: Great Tusk|spd|1
|faint|p2a: Volcanion
|
|upkeep
|
|t:|1758266043
|switch|p2a: Corviknight|Corviknight, F|100/100
|turn|24
|inactive|XphalT has 90 seconds left.
|
|t:|1758266083
|move|p1a: Great Tusk|Ice Spinner|p2a: Corviknight
|-damage|p2a: Corviknight|78/100
|move|p2a: Corviknight|Agility|p2a: Corviknight
|-boost|p2a: Corviknight|spe|2
|
|-heal|p2a: Corviknight|85/100|[from] item: Leftovers
|upkeep
|turn|25
|
|t:|1758266091
|-end|p1a: Great Tusk|Protosynthesis|[silent]
|switch|p1a: Darkrai|Darkrai|100/100
|move|p2a: Corviknight|Agility|p2a: Corviknight
|-boost|p2a: Corviknight|spe|2
|
|-heal|p2a: Corviknight|91/100|[from] item: Leftovers
|upkeep
|turn|26
|
|t:|1758266099
|-terastallize|p1a: Darkrai|Poison
|move|p2a: Corviknight|Bulk Up|p2a: Corviknight
|-boost|p2a: Corviknight|atk|1
|-boost|p2a: Corviknight|def|1
|move|p1a: Darkrai|Dark Pulse|p2a: Corviknight
|-damage|p2a: Corviknight|59/100
|
|-heal|p2a: Corviknight|65/100|[from] item: Leftovers
|upkeep
|turn|27
|inactive|XphalT has 90 seconds left.
|
|t:|1758266107
|move|p2a: Corviknight|Bulk Up|p2a: Corviknight
|-boost|p2a: Corviknight|atk|1
|-boost|p2a: Corviknight|def|1
|move|p1a: Darkrai|Dark Pulse|p2a: Corviknight
|-damage|p2a: Corviknight|38/100
|
|-heal|p2a: Corviknight|44/100|[from] item: Leftovers
|upkeep
|turn|28
|
|t:|1758266117
|move|p2a: Corviknight|Roost|p2a: Corviknight
|-heal|p2a: Corviknight|94/100
|-singleturn|p2a: Corviknight|move: Roost
|move|p1a: Darkrai|Nasty Plot|p1a: Darkrai
|-boost|p1a: Darkrai|spa|2
|
|-heal|p2a: Corviknight|99/100|[from] item: Leftovers
|upkeep
|turn|29
|
|t:|1758266127
|move|p2a: Corviknight|Power Trip|p1a: Darkrai
|-damage|p1a: Darkrai|8/100
|move|p1a: Darkrai|Dark Pulse|p2a: Corviknight
|-damage|p2a: Corviknight|44/100
|
|-heal|p2a: Corviknight|51/100|[from] item: Leftovers
|-heal|p1a: Darkrai|14/100|[from] item: Leftovers
|upkeep
|turn|30
|inactive|XphalT has 90 seconds left.
|c|☆XphalT|why do I keep encountering people that have unusual sets
|
|t:|1758266156
|move|p2a: Corviknight|Power Trip|p1a: Darkrai
|-damage|p1a: Darkrai|0 fnt
|faint|p1a: Darkrai
|
|-heal|p2a: Corviknight|57/100|[from] item: Leftovers
|upkeep
|
|t:|1758266160
|switch|p1a: Great Tusk|Great Tusk|100/100
|turn|31
|
|t:|1758266169
|move|p2a: Corviknight|Power Trip|p1a: Great Tusk
|-resisted|p1a: Great Tusk
|-damage|p1a: Great Tusk|76/100
|move|p1a: Great Tusk|Rapid Spin|p2a: Corviknight
|-resisted|p2a: Corviknight
|-damage|p2a: Corviknight|54/100
|-boost|p1a: Great Tusk|spe|1
|
|-heal|p2a: Corviknight|60/100|[from] item: Leftovers
|upkeep
|turn|32
|-message|XphalT forfeited.
|
|win|Marcepanix
|raw|XphalT's rating: 1485 &rarr; <strong>1463</strong><br />(-22 for losing)
|raw|Marcepanix's rating: 1451 &rarr; <strong>1473</strong><br />(+22 for winning)
|l|☆XphalT
|player|p1|
|c|☆Marcepanix|Gg
|l|☆Marcepanix
|player|p2|
