|j|☆lanyuanmengsui
|j|☆NukaFanta
|t:|1758269321
|gametype|singles
|player|p1|lanyuanmengsui|swimmerf-gen4|1198
|player|p2|NukaFanta|caitlin|1236
|gen|9
|tier|[Gen 9] OU
|rated|
|rule|HP Percentage Mod: HP is shown in percentages
|rule|Endless Battle Clause: Forcing endless battles is banned
|rule|Species Clause: Limit one of each Pokémon
|rule|OHKO Clause: OHKO moves are banned
|rule|Evasion Items Clause: Evasion items are banned
|rule|Evasion Moves Clause: Evasion moves are banned
|rule|Evasion Abilities Clause: Evasion abilities are banned
|rule|Sleep Moves Clause: Sleep-inducing moves are banned
|clearpoke
|poke|p1|Gliscor, F|
|poke|p1|Zamazenta-*|
|poke|p1|Great Tusk|
|poke|p1|Kingambit, F|
|poke|p1|Gholdengo|
|poke|p1|Manaphy|
|poke|p2|Volcanion|
|poke|p2|Clodsire, M|
|poke|p2|Dachsbun, M|
|poke|p2|Samurott-Hisui, F|
|poke|p2|Jirachi|
|poke|p2|Orthworm, M|
|teampreview
|inactive|Battle timer is ON: inactive players will automatically lose when time's up. (requested by lanyuanmengsui)
|
|t:|1758269331
|teamsize|p1|6
|teamsize|p2|6
|start
|switch|p1a: Gliscor|Gliscor, F|100/100
|switch|p2a: Fog machine|Volcanion|100/100
|turn|1
|
|t:|1758269348
|switch|p2a: Subway Pastrami|Orthworm, M, shiny|100/100
|move|p1a: Gliscor|Swords Dance|p1a: Gliscor
|-boost|p1a: Gliscor|atk|2
|
|-status|p1a: Gliscor|tox|[from] item: Toxic Orb
|upkeep
|turn|2
|
|t:|1758269354
|move|p1a: Gliscor|Earthquake|p2a: Subway Pastrami
|-immune|p2a: Subway Pastrami|[from] ability: Earth Eater
|move|p2a: Subway Pastrami|Coil|p2a: Subway Pastrami
|-boost|p2a: Subway Pastrami|atk|1
|-boost|p2a: Subway Pastrami|def|1
|-boost|p2a: Subway Pastrami|accuracy|1
|
|upkeep
|turn|3
|
|t:|1758269359
|move|p1a: Gliscor|Dual Wingbeat|p2a: Subway Pastrami
|-resisted|p2a: Subway Pastrami
|-damage|p2a: Subway Pastrami|91/100
|-damage|p1a: Gliscor|84/100 tox|[from] item: Rocky Helmet|[of] p2a: Subway Pastrami
|-resisted|p2a: Subway Pastrami
|-damage|p2a: Subway Pastrami|82/100
|-damage|p1a: Gliscor|67/100 tox|[from] item: Rocky Helmet|[of] p2a: Subway Pastrami
|-hitcount|p2a: Subway Pastrami|2
|move|p2a: Subway Pastrami|Coil|p2a: Subway Pastrami
|-boost|p2a: Subway Pastrami|atk|1
|-boost|p2a: Subway Pastrami|def|1
|-boost|p2a: Subway Pastrami|accuracy|1
|
|-heal|p1a: Gliscor|80/100 tox|[from] ability: Poison Heal
|upkeep
|turn|4
|
|t:|1758269364
|switch|p1a: Zamazenta|Zamazenta|100/100
|-ability|p1a: Zamazenta|Dauntless Shield|boost
|-boost|p1a: Zamazenta|def|1
|move|p2a: Subway Pastrami|Coil|p2a: Subway Pastrami
|-boost|p2a: Subway Pastrami|atk|1
|-boost|p2a: Subway Pastrami|def|1
|-boost|p2a: Subway Pastrami|accuracy|1
|
|upkeep
|turn|5
|
|t:|1758269378
|move|p1a: Zamazenta|Close Combat|p2a: Subway Pastrami
|-supereffective|p2a: Subway Pastrami
|-damage|p2a: Subway Pastrami|54/100
|-unboost|p1a: Zamazenta|def|1
|-unboost|p1a: Zamazenta|spd|1
|-damage|p1a: Zamazenta|84/100|[from] item: Rocky Helmet|[of] p2a: Subway Pastrami
|move|p2a: Subway Pastrami|Earthquake|p1a: Zamazenta
|-damage|p1a: Zamazenta|38/100
|
|upkeep
|turn|6
|-message|lanyuanmengsui forfeited.
|
|win|NukaFanta
|raw|lanyuanmengsui's rating: 1198 &rarr; <strong>1176</strong><br />(-22 for losing)
|raw|NukaFanta's rating: 1236 &rarr; <strong>1258</strong><br />(+22 for winning)
|l|☆lanyuanmengsui
|player|p1|
|l|☆NukaFanta
|player|p2|
