|j|☆ithrow23
|j|☆IMMAAXX
|inactive|Battle timer is ON: inactive players will automatically lose when time's up.
|t:|1758312907
|gametype|singles
|player|p1|ithrow23|lucas|
|player|p2|IMMAAXX|lusamine-nihilego|
|gen|9
|tier|[Gen 9] OU
|rated|Tournament battle
|rule|HP Percentage Mod: HP is shown in percentages
|rule|Endless Battle Clause: Forcing endless battles is banned
|rule|Species Clause: Limit one of each Pokémon
|rule|OHKO Clause: OHKO moves are banned
|rule|Evasion Items Clause: Evasion items are banned
|rule|Evasion Moves Clause: Evasion moves are banned
|rule|Evasion Abilities Clause: Evasion abilities are banned
|rule|Sleep Moves Clause: Sleep-inducing moves are banned
|clearpoke
|poke|p1|Darkrai|
|poke|p1|Iron Treads|
|poke|p1|Ninetales-Alola, M|
|poke|p1|Gholdengo|
|poke|p1|Ogerpon-Wellspring, F|
|poke|p1|Tatsugiri, F|
|poke|p2|Samurott-Hisui, M|
|poke|p2|Great Tusk|
|poke|p2|Volcanion|
|poke|p2|Hydrapple, F|
|poke|p2|Gholdengo|
|poke|p2|Landorus-Therian, M|
|teampreview
|j| maoboi
|j| sirpeanutcronch
|j| glowingrobot
|j| babynogalXD
|j| no900
|l| no900
|j| Giragono
|j|@Disorient
|c| babynogalXD|nah why the french guy about to get whooped by tatsu
|inactive|ithrow23 has 120 seconds left.
|inactive|IMMAAXX has 120 seconds left.
|
|t:|1758312943
|teamsize|p1|6
|teamsize|p2|6
|start
|switch|p1a: Ogerpon|Ogerpon-Wellspring, F|100/100
|switch|p2a: Heart of Ghold|Gholdengo|100/100
|-item|p2a: Heart of Ghold|Air Balloon
|turn|1
|j| PrincessGardevoir
|j| mantikarp2.0
|c| maoboi|persona 3 respect button>>
|
|t:|1758312960
|switch|p1a: Iron Treads|Iron Treads|100/100
|-enditem|p1a: Iron Treads|Booster Energy
|-activate|p1a: Iron Treads|ability: Quark Drive|[fromitem]
|-start|p1a: Iron Treads|quarkdrivespe
|switch|p2a: The Fickle Heart|Hydrapple, F|100/100
|
|upkeep
|turn|2
|
|t:|1758312976
|switch|p2a: The Last Ronin|Samurott-Hisui, M|100/100
|move|p1a: Iron Treads|Stealth Rock|p2a: The Last Ronin
|-sidestart|p2: IMMAAXX|move: Stealth Rock
|
|upkeep
|turn|3
|
|t:|1758312990
|move|p1a: Iron Treads|Earth Power|p2a: The Last Ronin
|-damage|p2a: The Last Ronin|80/100
|move|p2a: The Last Ronin|Ceaseless Edge|p1a: Iron Treads
|-damage|p1a: Iron Treads|67/100
|-sidestart|p1: ithrow23|Spikes
|
|upkeep
|turn|4
|
|t:|1758312996
|move|p1a: Iron Treads|Rapid Spin|p2a: The Last Ronin
|-damage|p2a: The Last Ronin|67/100
|-boost|p1a: Iron Treads|spe|1
|-sideend|p1: ithrow23|Spikes|[from] move: Rapid Spin|[of] p1a: Iron Treads
|move|p2a: The Last Ronin|Ceaseless Edge|p1a: Iron Treads
|-damage|p1a: Iron Treads|30/100
|-sidestart|p1: ithrow23|Spikes
|
|upkeep
|turn|5
|j| rt67u578i
|l| rt67u578i
|
|t:|1758313008
|move|p1a: Iron Treads|Steel Beam|p2a: The Last Ronin
|-resisted|p2a: The Last Ronin
|-damage|p2a: The Last Ronin|50/100
|-damage|p1a: Iron Treads|0 fnt|[from] steelbeam
|faint|p1a: Iron Treads
|-end|p1a: Iron Treads|Quark Drive|[silent]
|move|p2a: The Last Ronin|Ceaseless Edge|p1: Iron Treads|[notarget]
|-fail|p2a: The Last Ronin
|
|upkeep
|
|t:|1758313033
|switch|p1a: Ninetales|Ninetales-Alola, M|100/100
|-damage|p1a: Ninetales|88/100|[from] Spikes
|-weather|Snowscape|[from] ability: Snow Warning|[of] p1a: Ninetales
|turn|6
|
|t:|1758313044
|move|p1a: Ninetales|Aurora Veil|p1a: Ninetales
|-sidestart|p1: ithrow23|move: Aurora Veil
|move|p2a: The Last Ronin|Ceaseless Edge|p1a: Ninetales
|-resisted|p1a: Ninetales
|-damage|p1a: Ninetales|80/100
|-sidestart|p1: ithrow23|Spikes
|
|-weather|Snowscape|[upkeep]
|upkeep
|turn|7
|j| rt67u578i
|
|t:|1758313060
|switch|p1a: Darkrai|Darkrai|100/100
|-damage|p1a: Darkrai|84/100|[from] Spikes
|switch|p2a: Heart of Ghold|Gholdengo|100/100
|-damage|p2a: Heart of Ghold|94/100|[from] Stealth Rock
|-item|p2a: Heart of Ghold|Air Balloon
|
|-weather|Snowscape|[upkeep]
|upkeep
|turn|8
|l| rt67u578i
|j| amefurikoneko
|c| babynogalXD|whose unemployed in here?
|c| maoboi|we all are
|
|t:|1758313086
|switch|p2a: The Last Ronin|Samurott-Hisui, M|50/100
|-damage|p2a: The Last Ronin|38/100|[from] Stealth Rock
|move|p1a: Darkrai|Nasty Plot|p1a: Darkrai
|-boost|p1a: Darkrai|spa|2
|
|-weather|Snowscape|[upkeep]
|upkeep
|turn|9
|j| CaptainFreeze1
|n| Draky789|draky789
|c| Draky789|Speak for yourself brah
|inactive|ithrow23 has 120 seconds left.
|inactive|IMMAAXX has 120 seconds left.
|l| CaptainFreeze1
|
|t:|1758313104
|move|p2a: The Last Ronin|Sucker Punch|p1a: Darkrai
|-resisted|p1a: Darkrai
|-damage|p1a: Darkrai|75/100
|move|p1a: Darkrai|Sludge Bomb|p2a: The Last Ronin
|-damage|p2a: The Last Ronin|0 fnt
|faint|p2a: The Last Ronin
|-damage|p1a: Darkrai|65/100|[from] item: Life Orb
|
|-weather|Snowscape|[upkeep]
|upkeep
|c| glowingrobot|"who here breathes air" cmon with the dumb questions
|c| maoboi|draky ur the most unemployed
|inactive|IMMAAXX has 120 seconds left.
|l| sirpeanutcronch
|c| maoboi|you have had 11 gap years
|c| Draky789|Says the dude thats probly on social help with his parents T-T
|inactive|IMMAAXX has 90 seconds left.
|c| maoboi|yep emoticons deff unemployed
|
|t:|1758313146
|switch|p2a: Great Mustache|Landorus-Therian, M|100/100
|-damage|p2a: Great Mustache|88/100|[from] Stealth Rock
|-ability|p2a: Great Mustache|Intimidate|boost
|-unboost|p1a: Darkrai|atk|1
|turn|10
|inactive|IMMAAXX has 90 seconds left.
|c| Draky789|No emoticons used tho
|c| Draky789|Only letters
|
|t:|1758313158
|move|p2a: Great Mustache|U-turn|p1a: Darkrai
|-supereffective|p1a: Darkrai
|-damage|p1a: Darkrai|30/100
|c| Draky789|Uneducated too
|c| Draky789|Oof
|c| maoboi|emotion shown through text deff unemployed
|
|t:|1758313173
|switch|p2a: Erupting Star|Volcanion|100/100|[from] U-turn
|move|p1a: Darkrai|Dark Pulse|p2a: Erupting Star
|-crit|p2a: Erupting Star
|-damage|p2a: Erupting Star|0 fnt
|faint|p2a: Erupting Star
|-damage|p1a: Darkrai|20/100|[from] item: Life Orb
|
|-weather|none
|upkeep
|j| somanyskies
|c| glowingrobot|talking about "uneducated" and doesn't know the difference between an emoticon and an emoji
|
|t:|1758313187
|switch|p2a: Great Mustache|Landorus-Therian, M|88/100
|-damage|p2a: Great Mustache|76/100|[from] Stealth Rock
|-ability|p2a: Great Mustache|Intimidate|boost
|-unboost|p1a: Darkrai|atk|1
|turn|11
|c| maoboi|he doesn't know
|
|t:|1758313196
|move|p2a: Great Mustache|U-turn|p1a: Darkrai
|-supereffective|p1a: Darkrai
|-damage|p1a: Darkrai|0 fnt
|faint|p1a: Darkrai
|j| faouzia
|c| maoboi|don't be mean to him world
|c| Draky789|Rage baiting on showdown def unemployed yikes
|l| faouzia
|j| TheNewBrends11@!
|c| maoboi|I don't want rage I want everybody to love
|inactive|IMMAAXX has 60 seconds left.
|
|t:|1758313227
|switch|p2a: The Fickle Heart|Hydrapple, F|100/100|[from] U-turn
|-damage|p2a: The Fickle Heart|88/100|[from] Stealth Rock
|
|upkeep
|c| maoboi|billions must love after all
|c| Draky789|O K
|l| PrincessGardevoir
|j|+Disscratch
|j| Ske 2
|inactive|ithrow23 has 120 seconds left.
|c| babynogalXD|moot up
|l| amefurikoneko
|c| babynogalXD|tap into that jersey lingo with me
|c| maoboi|moot up chat we must all love
|
|t:|1758313271
|switch|p1a: Tatsugiri|Tatsugiri, F|100/100
|turn|12
|c| maoboi|and learn what emoticons are
|inactive|IMMAAXX has 60 seconds left.
|c| maoboi|and not have 11 gap years
|inactive|IMMAAXX has 30 seconds left.
|inactive|IMMAAXX has 20 seconds left.
|
|t:|1758313324
|-terastallize|p2a: The Fickle Heart|Steel
|move|p1a: Tatsugiri|Nasty Plot|p1a: Tatsugiri
|-boost|p1a: Tatsugiri|spa|2
|move|p2a: The Fickle Heart|Fickle Beam|p1a: Tatsugiri
|-supereffective|p1a: Tatsugiri
|-damage|p1a: Tatsugiri|60/100
|
|upkeep
|turn|13
|inactive|IMMAAXX has 30 seconds left this turn.
|inactive|IMMAAXX has 20 seconds left.
|inactive|IMMAAXX has 15 seconds left.
|inactive|IMMAAXX has 10 seconds left.
|
|t:|1758313345
|switch|p2a: King Tusk|Great Tusk|100/100
|move|p1a: Tatsugiri|Hydro Pump|p2a: King Tusk
|-supereffective|p2a: King Tusk
|-damage|p2a: King Tusk|0 fnt
|faint|p2a: King Tusk
|-end|p2a: King Tusk|Protosynthesis|[silent]
|
|-sideend|p1: ithrow23|move: Aurora Veil
|upkeep
|inactive|IMMAAXX has 15 seconds left this turn.
|c| Draky789|Dont care didnt ask emojies and emoticon are the same shit in french :)
|
|t:|1758313349
|switch|p2a: Great Mustache|Landorus-Therian, M|76/100
|-damage|p2a: Great Mustache|64/100|[from] Stealth Rock
|-ability|p2a: Great Mustache|Intimidate|boost
|-unboost|p1a: Tatsugiri|atk|1
|turn|14
|inactive|IMMAAXX has 25 seconds left this turn.
|c| Draky789|Lil yellow smilry face
|inactive|IMMAAXX has 20 seconds left.
|
|t:|1758313356
|move|p2a: Great Mustache|Earthquake|p1a: Tatsugiri
|-damage|p1a: Tatsugiri|0 fnt
|faint|p1a: Tatsugiri
|
|upkeep
|c| Draky789|Letters aint
|c| Draky789|Google your friend rando
|c| Draky789|Yawn
|
|t:|1758313365
|switch|p1a: Ninetales|Ninetales-Alola, M|80/100
|-damage|p1a: Ninetales|64/100|[from] Spikes
|-weather|Snowscape|[from] ability: Snow Warning|[of] p1a: Ninetales
|turn|15
|inactive|IMMAAXX has 30 seconds left.
|c| maoboi|pls calm down
|
|t:|1758313378
|switch|p2a: Heart of Ghold|Gholdengo|94/100
|-damage|p2a: Heart of Ghold|88/100|[from] Stealth Rock
|-item|p2a: Heart of Ghold|Air Balloon
|move|p1a: Ninetales|Aurora Veil|p1a: Ninetales
|-sidestart|p1: ithrow23|move: Aurora Veil
|
|-weather|Snowscape|[upkeep]
|upkeep
|turn|16
|c| maoboi|we must spread love
|c| maoboi|not hate
|inactive|IMMAAXX has 30 seconds left.
|c| Draky789|Imma spread smt else if you keep going
|c| Draky789|Them chks
|c| maoboi|pls spread love
|c| maoboi|and not hate
|
|t:|1758313407
|switch|p1a: Gholdengo|Gholdengo|100/100
|-damage|p1a: Gholdengo|84/100|[from] Spikes
|switch|p2a: The Fickle Heart|Hydrapple, F, tera:Steel|100/100
|-damage|p2a: The Fickle Heart|94/100|[from] Stealth Rock
|
|-weather|Snowscape|[upkeep]
|-heal|p1a: Gholdengo|90/100|[from] item: Leftovers
|upkeep
|turn|17
|c| Draky789|Oh its def gon be love
|c| Draky789|Dw
|inactive|IMMAAXX has 30 seconds left.
|c| Draky789|Rought love
|c| maoboi|rough*
|inactive|IMMAAXX has 20 seconds left.
|
|t:|1758313424
|move|p1a: Gholdengo|Nasty Plot|p1a: Gholdengo
|-boost|p1a: Gholdengo|spa|2
|move|p2a: The Fickle Heart|Nasty Plot|p2a: The Fickle Heart
|-boost|p2a: The Fickle Heart|spa|2
|
|-weather|Snowscape|[upkeep]
|-heal|p1a: Gholdengo|96/100|[from] item: Leftovers
|upkeep
|turn|18
|inactive|IMMAAXX has 30 seconds left this turn.
|
|t:|1758313429
|move|p1a: Gholdengo|Shadow Ball|p2a: The Fickle Heart
|-damage|p2a: The Fickle Heart|0 fnt
|faint|p2a: The Fickle Heart
|
|-weather|Snowscape|[upkeep]
|-heal|p1a: Gholdengo|100/100|[from] item: Leftovers
|upkeep
|c| maoboi|but I appreciate the effort
|inactive|IMMAAXX has 30 seconds left.
|c|☆IMMAAXX|+2 252 SpA Gholdengo Shadow Ball (80 BP) vs. 248 HP / 8 SpD Hydrapple: 316-373 (76.1 - 89.8%) -- 18.8% chance to OHKO after Stealth Rock
|inactive|IMMAAXX has 20 seconds left.
|c| Draky789|Idk i speak french :)
|c| babynogalXD|wahhhhhhhhhh
|inactive|IMMAAXX has 15 seconds left.
|c| maoboi|what a roll
|c|☆IMMAAXX|u speal french?
|inactive|IMMAAXX has 10 seconds left.
|c|☆IMMAAXX|speak*
|inactive|IMMAAXX has 5 seconds left.
|
|t:|1758313460
|switch|p2a: Great Mustache|Landorus-Therian, M|64/100
|-damage|p2a: Great Mustache|52/100|[from] Stealth Rock
|-ability|p2a: Great Mustache|Intimidate|boost
|-unboost|p1a: Gholdengo|atk|1
|turn|19
|inactive|IMMAAXX has 15 seconds left this turn.
|c|☆ithrow23|Modest
|c| Draky789|Yet still am able to speak 2 languages :)
|c| babynogalXD|boi aint no one care about ur origin story
|c|☆IMMAAXX|moi aussi je parle francais
|c| maoboi|I can speak Spanish
|
|t:|1758313476
|-terastallize|p1a: Gholdengo|Water
|move|p2a: Great Mustache|Earthquake|p1a: Gholdengo
|-damage|p1a: Gholdengo|74/100
|move|p1a: Gholdengo|Shadow Ball|p2a: Great Mustache
|-damage|p2a: Great Mustache|0 fnt
|faint|p2a: Great Mustache
|
|-weather|none
|-heal|p1a: Gholdengo|80/100|[from] item: Leftovers
|upkeep
|inactive|IMMAAXX has 20 seconds left this turn.
|c| Draky789|Yes i do IMMAAXX im canadian lol
|
|t:|1758313479
|switch|p2a: Heart of Ghold|Gholdengo|88/100
|-damage|p2a: Heart of Ghold|82/100|[from] Stealth Rock
|-item|p2a: Heart of Ghold|Air Balloon
|turn|20
|inactive|IMMAAXX has 30 seconds left this turn.
|c| maoboi|as well
|c|☆IMMAAXX|ggs
|c|☆ithrow23|gg
|c| Draky789|Yep ahaha jai compris ca au debut ils ont dit le gars francais
|
|t:|1758313493
|move|p2a: Heart of Ghold|Shadow Ball|p1a: Gholdengo
|-damage|p1a: Gholdengo|58/100
|move|p1a: Gholdengo|Shadow Ball|p2a: Heart of Ghold
|-supereffective|p2a: Heart of Ghold
|-damage|p2a: Heart of Ghold|0 fnt
|-enditem|p2a: Heart of Ghold|Air Balloon
|faint|p2a: Heart of Ghold
|
|win|ithrow23
|n|☆ithrow23|ithrow23
|n|☆IMMAAXX|immaaxx
|n| maoboi|maoboi
|n| glowingrobot|glowingrobot
|n| babynogalXD|babynogalxd
|n| Giragono|giragono
|n|+Disorient|disorient
|n| Draky789|draky789
|n| somanyskies|somanyskies
|n| TheNewBrends11@!|thenewbrends11
|n| Disscratch|disscratch
|n| Ske 2|ske2
|c|☆IMMAAXX|cest mes potes en vc
|c| Draky789|Je me doutais que cetais toi lol
|c| maoboi|I can't read that
|c| Draky789|Ahhh
|c| Draky789|Fair enougjt
|c| Draky789|Enought
|l| babynogalXD
|l|+Disorient
|c| maoboi|pls translaye
|j| Kyurem
|c| maoboi|translate
