|j|☆tregafzzg4
|j|☆boldenhauer
|t:|1758303932
|gametype|singles
|player|p1|tregafzzg4|sage|1371
|player|p2|boldenhauer|170|1331
|gen|9
|tier|[Gen 9] OU
|rated|
|rule|HP Percentage Mod: HP is shown in percentages
|rule|Endless Battle Clause: Forcing endless battles is banned
|rule|Species Clause: Limit one of each Pokémon
|rule|OHKO Clause: OHKO moves are banned
|rule|Evasion Items Clause: Evasion items are banned
|rule|Evasion Moves Clause: Evasion moves are banned
|rule|Evasion Abilities Clause: Evasion abilities are banned
|rule|Sleep Moves Clause: Sleep-inducing moves are banned
|clearpoke
|poke|p1|Dragapult, M|
|poke|p1|Weezing-Galar, F|
|poke|p1|Moltres|
|poke|p1|Scizor, F|
|poke|p1|Kyurem|
|poke|p1|Muk-Alola, F|
|poke|p2|Ogerpon-Wellspring, F|
|poke|p2|Moltres|
|poke|p2|Malamar, F|
|poke|p2|Dragapult, M|
|poke|p2|Spidops, M|
|poke|p2|Empoleon, M|
|teampreview
|inactive|Battle timer is ON: inactive players will automatically lose when time's up. (requested by tregafzzg4)
|
|t:|1758303969
|teamsize|p1|6
|teamsize|p2|6
|start
|switch|p1a: Dragapult|Dragapult, M|100/100
|switch|p2a: Empoleon|Empoleon, M|100/100
|turn|1
|
|t:|1758303974
|move|p1a: Dragapult|Dragon Dance|p1a: Dragapult
|-boost|p1a: Dragapult|atk|1
|-boost|p1a: Dragapult|spe|1
|move|p2a: Empoleon|Ice Beam|p1a: Dragapult
|-supereffective|p1a: Dragapult
|-damage|p1a: Dragapult|35/100
|
|upkeep
|turn|2
|
|t:|1758303978
|-terastallize|p1a: Dragapult|Ghost
|move|p1a: Dragapult|Tera Blast|p2a: Empoleon|[anim] Tera Blast Ghost
|-damage|p2a: Empoleon|17/100
|move|p2a: Empoleon|Ice Beam|p1a: Dragapult
|-damage|p1a: Dragapult|2/100
|
|upkeep
|turn|3
|
|t:|1758303986
|move|p1a: Dragapult|Tera Blast|p2a: Empoleon|[anim] Tera Blast Ghost
|-damage|p2a: Empoleon|0 fnt
|faint|p2a: Empoleon
|
|upkeep
|
|t:|1758303989
|switch|p2a: Spidops|Spidops, M|100/100
|turn|4
|
|t:|1758303993
|move|p1a: Dragapult|Dragon Darts|p2a: Spidops
|-damage|p2a: Spidops|67/100
|-anim|p1a: Dragapult|Dragon Darts|p2a: Spidops
|-damage|p2a: Spidops|31/100
|move|p2a: Spidops|Knock Off|p1a: Dragapult
|-supereffective|p1a: Dragapult
|-damage|p1a: Dragapult|0 fnt
|-enditem|p1a: Dragapult|Heavy-Duty Boots|[from] move: Knock Off|[of] p2a: Spidops
|faint|p1a: Dragapult
|
|upkeep
|
|t:|1758304001
|switch|p1a: Kyurem|Kyurem|100/100
|-ability|p1a: Kyurem|Pressure
|turn|5
|
|t:|1758304007
|move|p1a: Kyurem|Freeze-Dry|p2a: Spidops
|-damage|p2a: Spidops|0 fnt
|faint|p2a: Spidops
|
|upkeep
|
|t:|1758304014
|switch|p2a: Malamar|Malamar, F|100/100
|turn|6
|
|t:|1758304022
|switch|p1a: Weezing|Weezing-Galar, F|100/100
|-ability|p1a: Weezing|Neutralizing Gas
|move|p2a: Malamar|Substitute|p2a: Malamar
|-start|p2a: Malamar|Substitute
|-damage|p2a: Malamar|75/100
|
|-heal|p2a: Malamar|82/100|[from] item: Leftovers
|upkeep
|turn|7
|
|t:|1758304051
|move|p2a: Malamar|Knock Off|p1a: Weezing
|-resisted|p1a: Weezing
|-damage|p1a: Weezing|90/100
|-enditem|p1a: Weezing|Heavy-Duty Boots|[from] move: Knock Off|[of] p2a: Malamar
|move|p1a: Weezing|Strange Steam|p2a: Malamar
|-supereffective|p2a: Malamar
|-crit|p2a: Malamar
|-end|p2a: Malamar|Substitute
|
|-heal|p2a: Malamar|88/100|[from] item: Leftovers
|upkeep
|turn|8
|
|t:|1758304059
|move|p2a: Malamar|Substitute|p2a: Malamar
|-start|p2a: Malamar|Substitute
|-damage|p2a: Malamar|63/100
|move|p1a: Weezing|Will-O-Wisp||[still]
|-fail|p1a: Weezing
|
|-heal|p2a: Malamar|69/100|[from] item: Leftovers
|upkeep
|turn|9
|
|t:|1758304069
|move|p2a: Malamar|Superpower|p1a: Weezing
|-resisted|p1a: Weezing
|-damage|p1a: Weezing|86/100
|-unboost|p2a: Malamar|atk|1
|-unboost|p2a: Malamar|def|1
|move|p1a: Weezing|Defog||[still]
|-fail|p1a: Weezing
|
|-heal|p2a: Malamar|75/100|[from] item: Leftovers
|upkeep
|turn|10
|
|t:|1758304077
|move|p2a: Malamar|Knock Off|p1a: Weezing
|-resisted|p1a: Weezing
|-damage|p1a: Weezing|81/100
|move|p1a: Weezing|Strange Steam|p2a: Malamar
|-supereffective|p2a: Malamar
|-end|p2a: Malamar|Substitute
|
|-heal|p2a: Malamar|81/100|[from] item: Leftovers
|upkeep
|turn|11
|
|t:|1758304085
|move|p2a: Malamar|Disable|p1a: Weezing
|-start|p1a: Weezing|Disable|Strange Steam
|cant|p1a: Weezing|Disable|Strange Steam
|
|-heal|p2a: Malamar|87/100|[from] item: Leftovers
|upkeep
|turn|12
|
|t:|1758304105
|switch|p2a: Moltres|Moltres|100/100
|move|p1a: Weezing|Will-O-Wisp|p2a: Moltres
|-immune|p2a: Moltres
|
|upkeep
|turn|13
|
|t:|1758304113
|switch|p2a: Ogerpon|Ogerpon-Wellspring, F|100/100
|-end|p1a: Weezing|ability: Neutralizing Gas
|switch|p1a: Muk|Muk-Alola, F|100/100
|
|upkeep
|turn|14
|
|t:|1758304117
|-terastallize|p2a: Ogerpon|Water
|detailschange|p2a: Ogerpon|Ogerpon-Wellspring-Tera, F, tera:Water
|-ability|p2a: Ogerpon|Embody Aspect (Wellspring)|boost
|-boost|p2a: Ogerpon|spd|1
|move|p2a: Ogerpon|Ivy Cudgel|p1a: Muk|[anim] Ivy Cudgel Water
|-damage|p1a: Muk|24/100
|move|p1a: Muk|Poison Jab|p2a: Ogerpon
|-damage|p2a: Ogerpon|63/100
|
|upkeep
|turn|15
|
|t:|1758304126
|move|p2a: Ogerpon|Ivy Cudgel|p1a: Muk|[anim] Ivy Cudgel Water
|-damage|p1a: Muk|0 fnt
|faint|p1a: Muk
|
|upkeep
|
|t:|1758304128
|switch|p1a: Kyurem|Kyurem|100/100
|-ability|p1a: Kyurem|Pressure
|turn|16
|
|t:|1758304132
|switch|p2a: Moltres|Moltres|100/100
|move|p1a: Kyurem|Freeze-Dry|p2a: Moltres
|-damage|p2a: Moltres|63/100
|
|upkeep
|turn|17
|
|t:|1758304136
|switch|p1a: Moltres|Moltres|100/100
|move|p2a: Moltres|Roost|p2a: Moltres
|-heal|p2a: Moltres|100/100
|-singleturn|p2a: Moltres|move: Roost
|
|upkeep
|turn|18
|
|t:|1758304139
|move|p1a: Moltres|Scorching Sands|p2a: Moltres
|-immune|p2a: Moltres
|move|p2a: Moltres|Hurricane|p1a: Moltres|[miss]
|-miss|p2a: Moltres|p1a: Moltres
|
|upkeep
|turn|19
|
|t:|1758304141
|move|p1a: Moltres|U-turn|p2a: Moltres
|-resisted|p2a: Moltres
|-damage|p2a: Moltres|98/100
|
|t:|1758304144
|switch|p1a: Weezing|Weezing-Galar, F|81/100|[from] U-turn
|-ability|p1a: Weezing|Neutralizing Gas
|move|p2a: Moltres|Hurricane|p1a: Weezing
|-damage|p1a: Weezing|20/100
|-start|p1a: Weezing|confusion
|
|upkeep
|turn|20
|
|t:|1758304162
|move|p2a: Moltres|Flamethrower|p1a: Weezing
|-crit|p1a: Weezing
|-damage|p1a: Weezing|0 fnt
|faint|p1a: Weezing
|-end|p1a: Weezing|ability: Neutralizing Gas
|
|upkeep
|
|t:|1758304166
|switch|p1a: Kyurem|Kyurem|100/100
|-ability|p1a: Kyurem|Pressure
|turn|21
|
|t:|1758304175
|switch|p2a: Malamar|Malamar, F|87/100
|move|p1a: Kyurem|Draco Meteor|p2a: Malamar
|-damage|p2a: Malamar|0 fnt
|-unboost|p1a: Kyurem|spa|2
|faint|p2a: Malamar
|
|upkeep
|
|t:|1758304181
|switch|p2a: Dragapult|Dragapult, M|100/100
|turn|22
|
|t:|1758304184
|move|p1a: Kyurem|Draco Meteor|p2a: Dragapult
|-supereffective|p2a: Dragapult
|-damage|p2a: Dragapult|5/100
|-unboost|p1a: Kyurem|spa|2
|move|p2a: Dragapult|Thunder Wave|p1a: Kyurem
|-status|p1a: Kyurem|par
|
|upkeep
|turn|23
|
|t:|1758304189
|switch|p1a: Scizor|Scizor, F|100/100
|move|p2a: Dragapult|Dragon Darts|p1a: Scizor
|-resisted|p1a: Scizor
|-damage|p1a: Scizor|88/100
|-anim|p2a: Dragapult|Dragon Darts|p1a: Scizor
|-resisted|p1a: Scizor
|-damage|p1a: Scizor|77/100
|
|upkeep
|turn|24
|
|t:|1758304192
|switch|p2a: Moltres|Moltres|98/100
|move|p1a: Scizor|Knock Off|p2a: Moltres
|-damage|p2a: Moltres|58/100
|-enditem|p2a: Moltres|Heavy-Duty Boots|[from] move: Knock Off|[of] p1a: Scizor
|
|upkeep
|turn|25
|
|t:|1758304210
|switch|p1a: Kyurem|Kyurem|100/100 par
|-ability|p1a: Kyurem|Pressure
|move|p2a: Moltres|Hurricane|p1a: Kyurem|[miss]
|-miss|p2a: Moltres|p1a: Kyurem
|
|upkeep
|turn|26
|
|t:|1758304218
|move|p1a: Kyurem|Draco Meteor|p2a: Moltres
|-damage|p2a: Moltres|0 fnt
|-unboost|p1a: Kyurem|spa|2
|faint|p2a: Moltres
|
|upkeep
|
|t:|1758304222
|switch|p2a: Ogerpon|Ogerpon-Wellspring-Tera, F, tera:Water|63/100
|-ability|p2a: Ogerpon|Embody Aspect (Wellspring)|boost
|-boost|p2a: Ogerpon|spd|1
|turn|27
|
|t:|1758304226
|switch|p1a: Moltres|Moltres|100/100
|move|p2a: Ogerpon|Ivy Cudgel|p1a: Moltres|[anim] Ivy Cudgel Water
|-supereffective|p1a: Moltres
|-damage|p1a: Moltres|0 fnt
|faint|p1a: Moltres
|
|upkeep
|
|t:|1758304228
|switch|p1a: Kyurem|Kyurem|100/100 par
|-ability|p1a: Kyurem|Pressure
|turn|28
|
|t:|1758304232
|move|p2a: Ogerpon|Play Rough|p1a: Kyurem
|-supereffective|p1a: Kyurem
|-damage|p1a: Kyurem|28/100 par
|move|p1a: Kyurem|Freeze-Dry|p2a: Ogerpon
|-supereffective|p2a: Ogerpon
|-damage|p2a: Ogerpon|0 fnt
|faint|p2a: Ogerpon
|detailschange|p2: Ogerpon|Ogerpon-Wellspring, F|[silent]
|
|upkeep
|
|t:|1758304236
|switch|p2a: Dragapult|Dragapult, M|5/100
|turn|29
|-message|boldenhauer forfeited.
|
|win|tregafzzg4
|raw|tregafzzg4's rating: 1371 &rarr; <strong>1389</strong><br />(+18 for winning)
|raw|boldenhauer's rating: 1331 &rarr; <strong>1313</strong><br />(-18 for losing)
|l|☆boldenhauer
|player|p2|
|l|☆tregafzzg4
|player|p1|
