|j|☆Miguel8000
|j|☆kozy
|t:|1758320353
|gametype|singles
|player|p1|Miguel8000|striker|1159
|player|p2|kozy|preschooler|1179
|gen|9
|tier|[Gen 9] OU
|rated|
|rule|HP Percentage Mod: HP is shown in percentages
|rule|Endless Battle Clause: Forcing endless battles is banned
|rule|Species Clause: Limit one of each Pokémon
|rule|OHKO Clause: OHKO moves are banned
|rule|Evasion Items Clause: Evasion items are banned
|rule|Evasion Moves Clause: Evasion moves are banned
|rule|Evasion Abilities Clause: Evasion abilities are banned
|rule|Sleep Moves Clause: Sleep-inducing moves are banned
|clearpoke
|poke|p1|Landorus-Therian, M|
|poke|p1|Samurott-Hisui, F|
|poke|p1|Arcanine-Hisui, F|
|poke|p1|Rotom-Wash|
|poke|p1|Latias, F|
|poke|p1|Great Tusk|
|poke|p2|Araquanid, F|
|poke|p2|Cinderace, M|
|poke|p2|Empoleon, F|
|poke|p2|Muk-Alola, M|
|poke|p2|Kingambit, M|
|poke|p2|Bronzong|
|teampreview
|inactive|Battle timer is ON: inactive players will automatically lose when time's up. (requested by Miguel8000)
|inactive|kozy has 120 seconds left.
|
|t:|1758320393
|teamsize|p1|6
|teamsize|p2|6
|start
|switch|p1a: Samurott|Samurott-Hisui, F|100/100
|switch|p2a: BRownie|Bronzong, shiny|100/100
|turn|1
|
|t:|1758320411
|move|p1a: Samurott|Swords Dance|p1a: Samurott
|-boost|p1a: Samurott|atk|2
|move|p2a: BRownie|Reflect|p2a: BRownie
|-sidestart|p2: kozy|Reflect
|
|upkeep
|turn|2
|
|t:|1758320421
|switch|p2a: Kingambit|Kingambit, M|100/100
|move|p1a: Samurott|Ceaseless Edge|p2a: Kingambit
|-resisted|p2a: Kingambit
|-damage|p2a: Kingambit|80/100
|-sidestart|p2: kozy|Spikes
|-damage|p1a: Samurott|91/100|[from] item: Life Orb
|
|upkeep
|turn|3
|
|t:|1758320428
|move|p1a: Samurott|Aqua Cutter|p2a: Kingambit
|-damage|p2a: Kingambit|35/100
|-damage|p1a: Samurott|81/100|[from] item: Life Orb
|move|p2a: Kingambit|Low Kick|p1a: Samurott
|-supereffective|p1a: Samurott
|-damage|p1a: Samurott|0 fnt
|faint|p1a: Samurott
|-damage|p2a: Kingambit|25/100|[from] item: Life Orb
|
|upkeep
|
|t:|1758320445
|switch|p1a: Great Tusk|Great Tusk|100/100
|-enditem|p1a: Great Tusk|Booster Energy
|-activate|p1a: Great Tusk|ability: Protosynthesis|[fromitem]
|-start|p1a: Great Tusk|protosynthesisatk
|turn|4
|
|t:|1758320452
|move|p1a: Great Tusk|Rapid Spin|p2a: Kingambit
|-resisted|p2a: Kingambit
|-crit|p2a: Kingambit
|-damage|p2a: Kingambit|13/100
|-boost|p1a: Great Tusk|spe|1
|move|p2a: Kingambit|Kowtow Cleave|p1a: Great Tusk
|-resisted|p1a: Great Tusk
|-damage|p1a: Great Tusk|77/100
|-damage|p2a: Kingambit|3/100|[from] item: Life Orb
|
|upkeep
|turn|5
|
|t:|1758320459
|move|p2a: Kingambit|Sucker Punch|p1a: Great Tusk
|-resisted|p1a: Great Tusk
|-damage|p1a: Great Tusk|56/100
|-damage|p2a: Kingambit|0 fnt|[from] item: Life Orb
|faint|p2a: Kingambit
|move|p1a: Great Tusk|Rapid Spin|p2: Kingambit|[notarget]
|-fail|p1a: Great Tusk
|
|upkeep
|
|t:|1758320467
|switch|p2a: Araquanid|Araquanid, F|100/100
|-damage|p2a: Araquanid|88/100|[from] Spikes
|turn|6
|
|t:|1758320472
|move|p1a: Great Tusk|Iron Head|p2a: Araquanid
|-resisted|p2a: Araquanid
|-damage|p2a: Araquanid|79/100
|cant|p2a: Araquanid|flinch
|
|upkeep
|turn|7
|
|t:|1758320477
|move|p1a: Great Tusk|Iron Head|p2a: Araquanid
|-resisted|p2a: Araquanid
|-damage|p2a: Araquanid|69/100
|move|p2a: Araquanid|Sticky Web|p1a: Great Tusk
|-sidestart|p1: Miguel8000|move: Sticky Web
|
|upkeep
|turn|8
|
|t:|1758320480
|move|p1a: Great Tusk|Rapid Spin|p2a: Araquanid
|-damage|p2a: Araquanid|57/100
|-boost|p1a: Great Tusk|spe|1
|-sideend|p1: Miguel8000|Sticky Web|[from] move: Rapid Spin|[of] p1a: Great Tusk
|move|p2a: Araquanid|Surf|p1a: Great Tusk
|-supereffective|p1a: Great Tusk
|-damage|p1a: Great Tusk|0 fnt
|faint|p1a: Great Tusk
|-end|p1a: Great Tusk|Protosynthesis|[silent]
|
|-sideend|p2: kozy|Reflect
|upkeep
|
|t:|1758320491
|switch|p1a: Arcanine|Arcanine-Hisui, F|100/100
|turn|9
|
|t:|1758320499
|move|p2a: Araquanid|Endure|p2a: Araquanid
|-singleturn|p2a: Araquanid|move: Endure
|move|p1a: Arcanine|Wild Charge|p2a: Araquanid
|-supereffective|p2a: Araquanid
|-activate|p2a: Araquanid|move: Endure
|-damage|p2a: Araquanid|1/100
|-damage|p1a: Arcanine|91/100|[from] item: Life Orb
|
|upkeep
|turn|10
|-enditem|p2a: Araquanid|Custap Berry|[eat]
|-activate|p2a: Araquanid|item: Custap Berry|[consumed]
|
|t:|1758320513
|move|p2a: Araquanid|Surf|p1a: Arcanine
|-supereffective|p1a: Arcanine
|-damage|p1a: Arcanine|0 fnt
|faint|p1a: Arcanine
|
|upkeep
|c|☆Miguel8000|filho da puta
|l|☆Miguel8000
|inactive|Miguel8000 disconnected and has a minute to reconnect!
|player|p1|
|inactive|Miguel8000 has 30 seconds to reconnect!
|inactive|Miguel8000 has 20 seconds to reconnect!
|inactive|Miguel8000 has 15 seconds to reconnect!
|inactive|Miguel8000 has 10 seconds to reconnect!
|inactive|Miguel8000 has 5 seconds to reconnect!
|-message|Miguel8000 lost due to inactivity.
|
|win|kozy
