|j|☆davigsp15
|j|☆Battlebot998
|t:|1758290797
|gametype|singles
|player|p1|davigsp15|waiter-gen4dp|1087
|player|p2|Battlebot998|kabu|1131
|gen|9
|tier|[Gen 9] OU
|rated|
|rule|HP Percentage Mod: HP is shown in percentages
|rule|Endless Battle Clause: Forcing endless battles is banned
|rule|Species Clause: Limit one of each Pokémon
|rule|OHKO Clause: OHKO moves are banned
|rule|Evasion Items Clause: Evasion items are banned
|rule|Evasion Moves Clause: Evasion moves are banned
|rule|Evasion Abilities Clause: Evasion abilities are banned
|rule|Sleep Moves Clause: Sleep-inducing moves are banned
|clearpoke
|poke|p1|Hitmonlee, M|
|poke|p1|Maushold|
|poke|p1|Jirachi|
|poke|p1|Dragapult, F|
|poke|p1|Toxapex, F|
|poke|p1|Iron Moth|
|poke|p2|Crabominable, M|
|poke|p2|Grimmsnarl, M|
|poke|p2|Talonflame, F|
|poke|p2|Minior-Green|
|poke|p2|Gholdengo|
|poke|p2|Mew|
|teampreview
|inactive|Battle timer is ON: inactive players will automatically lose when time's up. (requested by davigsp15)
|
|t:|1758290803
|teamsize|p1|6
|teamsize|p2|6
|start
|switch|p1a: Maushold|Maushold|100/100
|switch|p2a: Grimmsnarl|Grimmsnarl, M|100/100
|turn|1
|
|t:|1758290806
|move|p2a: Grimmsnarl|Reflect|p2a: Grimmsnarl
|-sidestart|p2: Battlebot998|Reflect
|move|p1a: Maushold|Encore|p2a: Grimmsnarl
|-start|p2a: Grimmsnarl|Encore
|
|upkeep
|turn|2
|
|t:|1758290810
|switch|p2a: Gholdengo|Gholdengo|100/100
|move|p1a: Maushold|Tidy Up|p1a: Maushold
|-boost|p1a: Maushold|atk|1
|-boost|p1a: Maushold|spe|1
|
|upkeep
|turn|3
|
|t:|1758290815
|move|p1a: Maushold|Bite|p2a: Gholdengo
|-supereffective|p2a: Gholdengo
|-damage|p2a: Gholdengo|60/100
|cant|p2a: Gholdengo|flinch
|
|upkeep
|turn|4
|
|t:|1758290820
|move|p1a: Maushold|Bite|p2a: Gholdengo
|-supereffective|p2a: Gholdengo
|-damage|p2a: Gholdengo|22/100
|move|p2a: Gholdengo|Make It Rain|p1a: Maushold
|-damage|p1a: Maushold|12/100
|-unboost|p2a: Gholdengo|spa|1
|
|upkeep
|turn|5
|
|t:|1758290828
|switch|p2a: Grimmsnarl|Grimmsnarl, M|100/100
|move|p1a: Maushold|Bite|p2a: Grimmsnarl
|-resisted|p2a: Grimmsnarl
|-damage|p2a: Grimmsnarl|96/100
|
|upkeep
|turn|6
|
|t:|1758290831
|move|p1a: Maushold|Population Bomb|p2a: Grimmsnarl
|-damage|p2a: Grimmsnarl|86/100
|-damage|p2a: Grimmsnarl|77/100
|-hitcount|p2a: Grimmsnarl|2
|move|p2a: Grimmsnarl|Spirit Break|p1a: Maushold
|-damage|p1a: Maushold|0 fnt
|faint|p1a: Maushold
|
|upkeep
|
|t:|1758290842
|switch|p1a: Toxapex|Toxapex, F|100/100
|turn|7
|
|t:|1758290845
|move|p2a: Grimmsnarl|Light Screen|p2a: Grimmsnarl
|-sidestart|p2: Battlebot998|move: Light Screen
|move|p1a: Toxapex|Infestation|p2a: Grimmsnarl
|-damage|p2a: Grimmsnarl|76/100
|-activate|p2a: Grimmsnarl|move: Infestation|[of] p1a: Toxapex
|
|-damage|p2a: Grimmsnarl|63/100|[from] move: Infestation|[partiallytrapped]
|upkeep
|turn|8
|
|t:|1758290851
|move|p2a: Grimmsnarl|Thunder Wave|p1a: Toxapex
|-status|p1a: Toxapex|par
|move|p1a: Toxapex|Toxic|p2a: Grimmsnarl
|-status|p2a: Grimmsnarl|tox
|
|-damage|p2a: Grimmsnarl|57/100 tox|[from] psn
|-damage|p2a: Grimmsnarl|45/100 tox|[from] move: Infestation|[partiallytrapped]
|-sideend|p2: Battlebot998|Reflect
|upkeep
|turn|9
|
|t:|1758290860
|move|p2a: Grimmsnarl|Reflect|p2a: Grimmsnarl
|-sidestart|p2: Battlebot998|Reflect
|move|p1a: Toxapex|Chilling Water|p2a: Grimmsnarl
|-damage|p2a: Grimmsnarl|41/100 tox
|-unboost|p2a: Grimmsnarl|atk|1
|
|-damage|p2a: Grimmsnarl|29/100 tox|[from] psn
|-damage|p2a: Grimmsnarl|16/100 tox|[from] move: Infestation|[partiallytrapped]
|upkeep
|turn|10
|
|t:|1758290867
|move|p2a: Grimmsnarl|Spirit Break|p1a: Toxapex
|-resisted|p1a: Toxapex
|-damage|p1a: Toxapex|94/100 par
|-unboost|p1a: Toxapex|spa|1
|cant|p1a: Toxapex|par
|
|-heal|p1a: Toxapex|99/100 par|[from] item: Black Sludge
|-damage|p2a: Grimmsnarl|0 fnt|[from] psn
|faint|p2a: Grimmsnarl
|upkeep
|
|t:|1758290873
|switch|p2a: Mew|Mew|100/100
|turn|11
|
|t:|1758290880
|move|p2a: Mew|Psychic|p1a: Toxapex
|-supereffective|p1a: Toxapex
|-damage|p1a: Toxapex|21/100 par
|move|p1a: Toxapex|Infestation|p2a: Mew
|-supereffective|p2a: Mew
|-damage|p2a: Mew|99/100
|-activate|p2a: Mew|move: Infestation|[of] p1a: Toxapex
|
|-heal|p1a: Toxapex|27/100 par|[from] item: Black Sludge
|-damage|p2a: Mew|86/100|[from] move: Infestation|[partiallytrapped]
|upkeep
|turn|12
|
|t:|1758290886
|move|p2a: Mew|Psychic|p1a: Toxapex
|-supereffective|p1a: Toxapex
|-damage|p1a: Toxapex|0 fnt
|faint|p1a: Toxapex
|
|-end|p2a: Mew|Infestation|[partiallytrapped]|[silent]
|upkeep
|
|t:|1758290893
|switch|p1a: Hitmonlee|Hitmonlee, M|100/100
|turn|13
|
|t:|1758290898
|switch|p2a: Talonflame|Talonflame, F|100/100
|move|p1a: Hitmonlee|Endure||[still]
|-fail|p1a: Hitmonlee
|
|upkeep
|turn|14
|
|t:|1758290905
|switch|p1a: Iron Moth|Iron Moth|100/100
|-enditem|p1a: Iron Moth|Booster Energy
|-activate|p1a: Iron Moth|ability: Quark Drive|[fromitem]
|-start|p1a: Iron Moth|quarkdrivespa
|move|p2a: Talonflame|Defog|p1a: Iron Moth
|-unboost|p1a: Iron Moth|evasion|1
|
|-sideend|p2: Battlebot998|move: Light Screen
|upkeep
|turn|15
|
|t:|1758290919
|move|p2a: Talonflame|Dual Wingbeat|p1a: Iron Moth
|-damage|p1a: Iron Moth|73/100
|-damage|p1a: Iron Moth|45/100
|-hitcount|p1a: Iron Moth|2
|move|p1a: Iron Moth|Agility|p1a: Iron Moth
|-boost|p1a: Iron Moth|spe|2
|
|upkeep
|turn|16
|
|t:|1758290923
|move|p2a: Talonflame|Dual Wingbeat|p1a: Iron Moth
|-damage|p1a: Iron Moth|19/100
|-damage|p1a: Iron Moth|0 fnt
|faint|p1a: Iron Moth
|-end|p1a: Iron Moth|Quark Drive|[silent]
|-hitcount|p1: Iron Moth|2
|
|-sideend|p2: Battlebot998|Reflect
|upkeep
|
|t:|1758290928
|switch|p1a: Dragapult|Dragapult, F|100/100
|turn|17
|
|t:|1758290931
|move|p2a: Talonflame|Dual Wingbeat|p1a: Dragapult
|-damage|p1a: Dragapult|79/100
|-damage|p1a: Dragapult|59/100
|-hitcount|p1a: Dragapult|2
|move|p1a: Dragapult|Hydro Pump|p2a: Talonflame|[miss]
|-miss|p1a: Dragapult|p2a: Talonflame
|
|upkeep
|turn|18
|
|t:|1758290937
|move|p2a: Talonflame|Dual Wingbeat|p1a: Dragapult
|-damage|p1a: Dragapult|39/100
|-damage|p1a: Dragapult|18/100
|-hitcount|p1a: Dragapult|2
|move|p1a: Dragapult|Hydro Pump|p2a: Talonflame
|-supereffective|p2a: Talonflame
|-damage|p2a: Talonflame|0 fnt
|faint|p2a: Talonflame
|-damage|p1a: Dragapult|9/100|[from] item: Life Orb
|
|upkeep
|
|t:|1758290947
|switch|p2a: Minior|Minior-Green|100/100
|-formechange|p2a: Minior|Minior-Meteor||[from] ability: Shields Down
|turn|19
|
|t:|1758290954
|-terastallize|p2a: Minior|Dragon
|move|p1a: Dragapult|Hydro Pump|p2a: Minior
|-resisted|p2a: Minior
|-damage|p2a: Minior|75/100
|-damage|p1a: Dragapult|0 fnt|[from] item: Life Orb
|faint|p1a: Dragapult
|move|p2a: Minior|Shell Smash|p2a: Minior
|-unboost|p2a: Minior|def|1
|-unboost|p2a: Minior|spd|1
|-boost|p2a: Minior|atk|2
|-boost|p2a: Minior|spa|2
|-boost|p2a: Minior|spe|2
|-enditem|p2a: Minior|White Herb
|-clearnegativeboost|p2a: Minior|[silent]
|
|upkeep
|
|t:|1758290963
|switch|p1a: Hitmonlee|Hitmonlee, M|100/100
|turn|20
|
|t:|1758290966
|move|p1a: Hitmonlee|Endure|p1a: Hitmonlee
|-singleturn|p1a: Hitmonlee|move: Endure
|move|p2a: Minior|Shell Smash|p2a: Minior
|-unboost|p2a: Minior|def|1
|-unboost|p2a: Minior|spd|1
|-boost|p2a: Minior|atk|2
|-boost|p2a: Minior|spa|2
|-boost|p2a: Minior|spe|2
|
|upkeep
|turn|21
|
|t:|1758290971
|switch|p1a: Jirachi|Jirachi|100/100
|move|p2a: Minior|Acrobatics|p1a: Jirachi
|-resisted|p1a: Jirachi
|-damage|p1a: Jirachi|70/100
|
|upkeep
|turn|22
|
|t:|1758290978
|move|p2a: Minior|Earthquake|p1a: Jirachi
|-supereffective|p1a: Jirachi
|-damage|p1a: Jirachi|0 fnt
|faint|p1a: Jirachi
|
|upkeep
|
|t:|1758290981
|switch|p1a: Hitmonlee|Hitmonlee, M|100/100
|turn|23
|
|t:|1758290982
|move|p2a: Minior|Acrobatics|p1a: Hitmonlee
|-supereffective|p1a: Hitmonlee
|-damage|p1a: Hitmonlee|0 fnt
|faint|p1a: Hitmonlee
|
|win|Battlebot998
|raw|davigsp15's rating: 1087 &rarr; <strong>1067</strong><br />(-20 for losing)
|raw|Battlebot998's rating: 1131 &rarr; <strong>1153</strong><br />(+22 for winning)
|l|☆davigsp15
|player|p1|
|l|☆Battlebot998
|player|p2|
