|j|☆RighteousHideous
|j|☆apotato135
|t:|1758316825
|gametype|singles
|player|p1|RighteousHideous|102|1438
|player|p2|apotato135|swimmer-gen4dp|1435
|gen|9
|tier|[Gen 9] OU
|rated|
|rule|HP Percentage Mod: HP is shown in percentages
|rule|Endless Battle Clause: Forcing endless battles is banned
|rule|Species Clause: Limit one of each Pokémon
|rule|OHKO Clause: OHKO moves are banned
|rule|Evasion Items Clause: Evasion items are banned
|rule|Evasion Moves Clause: Evasion moves are banned
|rule|Evasion Abilities Clause: Evasion abilities are banned
|rule|Sleep Moves Clause: Sleep-inducing moves are banned
|clearpoke
|poke|p1|Gholdengo|
|poke|p1|Walking Wake|
|poke|p1|Samurott-Hisui, M|
|poke|p1|Iron Treads|
|poke|p1|Slowking-Galar, F|
|poke|p1|Corviknight, F|
|poke|p2|Ninetales-Alola, M|
|poke|p2|Kyurem|
|poke|p2|Cloyster, M|
|poke|p2|Enamorus, F|
|poke|p2|Primeape, F|
|poke|p2|Iron Treads|
|teampreview
|inactive|Battle timer is ON: inactive players will automatically lose when time's up. (requested by RighteousHideous)
|
|t:|1758316839
|teamsize|p1|6
|teamsize|p2|6
|start
|switch|p1a: Gholdengo|Gholdengo|100/100
|switch|p2a: Ninetales|Ninetales-Alola, M|100/100
|-weather|Snowscape|[from] ability: Snow Warning|[of] p2a: Ninetales
|turn|1
|
|t:|1758316847
|move|p1a: Gholdengo|Make It Rain|p2a: Ninetales
|-supereffective|p2a: Ninetales
|-damage|p2a: Ninetales|0 fnt
|-unboost|p1a: Gholdengo|spa|1
|faint|p2a: Ninetales
|
|-weather|Snowscape|[upkeep]
|upkeep
|
|t:|1758316850
|switch|p2a: Primeape|Primeape, F|100/100
|turn|2
|
|t:|1758316869
|switch|p1a: Corviknight|Corviknight, F|100/100
|-ability|p1a: Corviknight|Pressure
|move|p2a: Primeape|Bulk Up|p2a: Primeape
|-boost|p2a: Primeape|atk|1
|-boost|p2a: Primeape|def|1
|
|-weather|Snowscape|[upkeep]
|upkeep
|turn|3
|
|t:|1758316874
|move|p2a: Primeape|Taunt|p1a: Corviknight
|-start|p1a: Corviknight|move: Taunt
|move|p1a: Corviknight|Brave Bird|p2a: Primeape
|-supereffective|p2a: Primeape
|-damage|p2a: Primeape|54/100
|-damage|p1a: Corviknight|88/100|[from] Recoil
|
|-weather|Snowscape|[upkeep]
|upkeep
|turn|4
|
|t:|1758316878
|move|p2a: Primeape|Drain Punch|p1a: Corviknight
|-damage|p1a: Corviknight|65/100
|-heal|p2a: Primeape|67/100|[from] drain|[of] p1a: Corviknight
|-damage|p2a: Primeape|51/100|[from] item: Rocky Helmet|[of] p1a: Corviknight
|move|p1a: Corviknight|Brave Bird|p2a: Primeape
|-supereffective|p2a: Primeape
|-damage|p2a: Primeape|0 fnt
|faint|p2a: Primeape
|-damage|p1a: Corviknight|51/100|[from] Recoil
|
|-weather|Snowscape|[upkeep]
|upkeep
|
|t:|1758316884
|switch|p2a: Cloyster|Cloyster, M|100/100
|turn|5
|
|t:|1758316891
|switch|p1a: Slowking|Slowking-Galar, F|100/100
|move|p2a: Cloyster|Shell Smash|p2a: Cloyster
|-unboost|p2a: Cloyster|def|1
|-unboost|p2a: Cloyster|spd|1
|-boost|p2a: Cloyster|atk|2
|-boost|p2a: Cloyster|spa|2
|-boost|p2a: Cloyster|spe|2
|
|-weather|none
|upkeep
|turn|6
|
|t:|1758316897
|move|p2a: Cloyster|Icicle Spear|p1a: Slowking
|-crit|p1a: Slowking
|-damage|p1a: Slowking|61/100
|-damage|p1a: Slowking|33/100
|-damage|p1a: Slowking|2/100
|-crit|p1a: Slowking
|-damage|p1a: Slowking|0 fnt
|faint|p1a: Slowking
|-hitcount|p1: Slowking|4
|
|upkeep
|inactive|RighteousHideous has 120 seconds left.
|
|t:|1758316928
|switch|p1a: Samurott|Samurott-Hisui, M|100/100
|turn|7
|
|t:|1758316939
|move|p2a: Cloyster|Rock Blast|p1a: Samurott
|-damage|p1a: Samurott|84/100
|-damage|p1a: Samurott|67/100
|-damage|p1a: Samurott|51/100
|-damage|p1a: Samurott|35/100
|-damage|p1a: Samurott|17/100
|-hitcount|p1a: Samurott|5
|move|p1a: Samurott|Knock Off|p2a: Cloyster
|-damage|p2a: Cloyster|54/100
|-enditem|p2a: Cloyster|Never-Melt Ice|[from] move: Knock Off|[of] p1a: Samurott
|
|upkeep
|turn|8
|
|t:|1758316948
|move|p1a: Samurott|Sucker Punch|p2a: Cloyster
|-damage|p2a: Cloyster|20/100
|move|p2a: Cloyster|Rock Blast|p1a: Samurott
|-damage|p1a: Samurott|1/100
|-damage|p1a: Samurott|0 fnt
|faint|p1a: Samurott
|-hitcount|p1: Samurott|2
|
|upkeep
|inactive|RighteousHideous has 120 seconds left.
|
|t:|1758316974
|switch|p1a: Gholdengo|Gholdengo|100/100
|turn|9
|inactive|RighteousHideous has 120 seconds left.
|
|t:|1758316982
|move|p2a: Cloyster|Icicle Spear|p1a: Gholdengo
|-resisted|p1a: Gholdengo
|-damage|p1a: Gholdengo|87/100
|-resisted|p1a: Gholdengo
|-damage|p1a: Gholdengo|75/100
|-resisted|p1a: Gholdengo
|-damage|p1a: Gholdengo|62/100
|-resisted|p1a: Gholdengo
|-damage|p1a: Gholdengo|49/100
|-resisted|p1a: Gholdengo
|-damage|p1a: Gholdengo|36/100
|-hitcount|p1a: Gholdengo|5
|move|p1a: Gholdengo|Shadow Ball|p2a: Cloyster
|-damage|p2a: Cloyster|0 fnt
|faint|p2a: Cloyster
|
|upkeep
|
|t:|1758316997
|switch|p2a: Iron Treads|Iron Treads|100/100
|-enditem|p2a: Iron Treads|Booster Energy
|-activate|p2a: Iron Treads|ability: Quark Drive|[fromitem]
|-start|p2a: Iron Treads|quarkdrivespe
|turn|10
|
|t:|1758317009
|switch|p1a: Corviknight|Corviknight, F|51/100
|-ability|p1a: Corviknight|Pressure
|move|p2a: Iron Treads|Stealth Rock|p1a: Corviknight
|-sidestart|p1: RighteousHideous|move: Stealth Rock
|
|upkeep
|turn|11
|
|t:|1758317018
|-end|p2a: Iron Treads|Quark Drive|[silent]
|switch|p2a: Kyurem|Kyurem|100/100
|-ability|p2a: Kyurem|Pressure
|move|p1a: Corviknight|Roost|p1a: Corviknight
|-heal|p1a: Corviknight|100/100
|-singleturn|p1a: Corviknight|move: Roost
|
|upkeep
|turn|12
|
|t:|1758317022
|move|p2a: Kyurem|Dragon Dance|p2a: Kyurem
|-boost|p2a: Kyurem|atk|1
|-boost|p2a: Kyurem|spe|1
|move|p1a: Corviknight|Defog|p2a: Kyurem
|-unboost|p2a: Kyurem|evasion|1
|-sideend|p1: RighteousHideous|Stealth Rock|[from] move: Defog|[of] p1a: Corviknight
|
|upkeep
|turn|13
|
|t:|1758317032
|move|p2a: Kyurem|Dragon Dance|p2a: Kyurem
|-boost|p2a: Kyurem|atk|1
|-boost|p2a: Kyurem|spe|1
|move|p1a: Corviknight|U-turn|p2a: Kyurem
|-damage|p2a: Kyurem|86/100
|
|t:|1758317035
|switch|p1a: Walking Wake|Walking Wake|100/100|[from] U-turn
|
|upkeep
|turn|14
|
|t:|1758317039
|-terastallize|p1a: Walking Wake|Fairy
|move|p2a: Kyurem|Scale Shot|p1a: Walking Wake
|-immune|p1a: Walking Wake
|move|p1a: Walking Wake|Draco Meteor|p2a: Kyurem
|-supereffective|p2a: Kyurem
|-damage|p2a: Kyurem|0 fnt
|-unboost|p1a: Walking Wake|spa|2
|faint|p2a: Kyurem
|
|upkeep
|
|t:|1758317043
|switch|p2a: Enamorus|Enamorus, F|100/100
|turn|15
|
|t:|1758317051
|-end|p1a: Walking Wake|Protosynthesis|[silent]
|switch|p1a: Corviknight|Corviknight, F|100/100
|-ability|p1a: Corviknight|Pressure
|move|p2a: Enamorus|Moonblast|p1a: Corviknight
|-resisted|p1a: Corviknight
|-damage|p1a: Corviknight|71/100
|
|upkeep
|turn|16
|-message|apotato135 forfeited.
|
|win|RighteousHideous
|raw|RighteousHideous's rating: 1438 &rarr; <strong>1458</strong><br />(+20 for winning)
|raw|apotato135's rating: 1435 &rarr; <strong>1415</strong><br />(-20 for losing)
|l|☆apotato135
|player|p2|
|l|☆RighteousHideous
|player|p1|
