|j|☆mResss
|j|☆RobustLoki
|t:|1758300223
|gametype|singles
|player|p1|mResss|veteran|1569
|player|p2|RobustLoki|scientist|1533
|gen|9
|tier|[Gen 9] OU
|rated|
|rule|HP Percentage Mod: HP is shown in percentages
|rule|Endless Battle Clause: Forcing endless battles is banned
|rule|Species Clause: Limit one of each Pokémon
|rule|OHKO Clause: OHKO moves are banned
|rule|Evasion Items Clause: Evasion items are banned
|rule|Evasion Moves Clause: Evasion moves are banned
|rule|Evasion Abilities Clause: Evasion abilities are banned
|rule|Sleep Moves Clause: Sleep-inducing moves are banned
|clearpoke
|poke|p1|Latios, M|
|poke|p1|Alomomola, M|
|poke|p1|Weezing-Galar, F|
|poke|p1|Dragonite, M|
|poke|p1|Gholdengo|
|poke|p1|Great Tusk|
|poke|p2|Ninetales-Alola, M|
|poke|p2|Farigiraf, F|
|poke|p2|Gliscor, M|
|poke|p2|Hatterene, F|
|poke|p2|Ceruledge, F|
|poke|p2|Meowscarada, F|
|teampreview
|inactive|Battle timer is ON: inactive players will automatically lose when time's up. (requested by mResss)
|
|t:|1758300235
|teamsize|p1|6
|teamsize|p2|6
|start
|switch|p1a: Gholdengo|Gholdengo|100/100
|switch|p2a: 3fold Affliction|Meowscarada, F|100/100
|turn|1
|
|t:|1758300245
|switch|p1a: Weezing|Weezing-Galar, F|100/100
|-ability|p1a: Weezing|Neutralizing Gas
|move|p2a: 3fold Affliction|Knock Off|p1a: Weezing
|-resisted|p1a: Weezing
|-damage|p1a: Weezing|86/100
|-enditem|p1a: Weezing|Heavy-Duty Boots|[from] move: Knock Off|[of] p2a: 3fold Affliction
|
|upkeep
|turn|2
|
|t:|1758300259
|switch|p2a: Malevolent Shrine|Ceruledge, F|100/100
|move|p1a: Weezing|Will-O-Wisp|p2a: Malevolent Shrine|[miss]
|-miss|p1a: Weezing|p2a: Malevolent Shrine
|
|upkeep
|turn|3
|
|t:|1758300282
|switch|p2a: Ryoiki Tenkai.. :|Ninetales-Alola, M|100/100
|-end|p1a: Weezing|ability: Neutralizing Gas
|-weather|Snowscape|[from] ability: Snow Warning|[of] p2a: Ryoiki Tenkai.. :
|switch|p1a: Alomomola|Alomomola, M|100/100
|
|-weather|Snowscape|[upkeep]
|upkeep
|turn|4
|
|t:|1758300289
|move|p2a: Ryoiki Tenkai.. :|Aurora Veil|p2a: Ryoiki Tenkai.. :
|-sidestart|p2: RobustLoki|move: Aurora Veil
|move|p1a: Alomomola|Flip Turn|p2a: Ryoiki Tenkai.. :
|-damage|p2a: Ryoiki Tenkai.. :|94/100
|
|t:|1758300293
|switch|p1a: Gholdengo|Gholdengo|100/100|[from] Flip Turn
|
|-weather|Snowscape|[upkeep]
|upkeep
|turn|5
|
|t:|1758300296
|switch|p2a: 3fold Affliction|Meowscarada, F|100/100
|move|p1a: Gholdengo|Make It Rain|p2a: 3fold Affliction
|-damage|p2a: 3fold Affliction|53/100
|-unboost|p1a: Gholdengo|spa|1
|
|-weather|Snowscape|[upkeep]
|upkeep
|turn|6
|
|t:|1758300300
|switch|p1a: Weezing|Weezing-Galar, F|86/100
|-ability|p1a: Weezing|Neutralizing Gas
|move|p2a: 3fold Affliction|U-turn|p1a: Weezing
|-resisted|p1a: Weezing
|-damage|p1a: Weezing|83/100
|
|t:|1758300304
|switch|p2a: Idle Death Gamble.|Farigiraf, F|100/100|[from] U-turn
|
|-weather|Snowscape|[upkeep]
|upkeep
|turn|7
|
|t:|1758300315
|move|p2a: Idle Death Gamble.|Agility|p2a: Idle Death Gamble.
|-boost|p2a: Idle Death Gamble.|spe|2
|move|p1a: Weezing|Defog|p2a: Idle Death Gamble.
|-unboost|p2a: Idle Death Gamble.|evasion|1
|-sideend|p2: RobustLoki|move: Aurora Veil
|
|-weather|none
|upkeep
|turn|8
|
|t:|1758300330
|-end|p1a: Weezing|ability: Neutralizing Gas
|switch|p1a: Dragonite|Dragonite, M|100/100
|move|p2a: Idle Death Gamble.|Nasty Plot|p2a: Idle Death Gamble.
|-boost|p2a: Idle Death Gamble.|spa|2
|
|upkeep
|turn|9
|
|t:|1758300336
|move|p2a: Idle Death Gamble.|Stored Power|p1a: Dragonite
|-damage|p1a: Dragonite|58/100
|move|p1a: Dragonite|Dragon Tail|p2a: Idle Death Gamble.
|-damage|p2a: Idle Death Gamble.|62/100
|drag|p2a: Deadly Sentencing|Gliscor, M|100/100
|
|-status|p2a: Deadly Sentencing|tox|[from] item: Toxic Orb
|upkeep
|turn|10
|
|t:|1758300340
|switch|p2a: Ryoiki Tenkai.. :|Ninetales-Alola, M|94/100
|-weather|Snowscape|[from] ability: Snow Warning|[of] p2a: Ryoiki Tenkai.. :
|move|p1a: Dragonite|Roost|p1a: Dragonite
|-heal|p1a: Dragonite|100/100
|-singleturn|p1a: Dragonite|move: Roost
|
|-weather|Snowscape|[upkeep]
|upkeep
|turn|11
|
|t:|1758300346
|switch|p1a: Gholdengo|Gholdengo|100/100
|move|p2a: Ryoiki Tenkai.. :|Aurora Veil|p2a: Ryoiki Tenkai.. :
|-sidestart|p2: RobustLoki|move: Aurora Veil
|
|-weather|Snowscape|[upkeep]
|upkeep
|turn|12
|
|t:|1758300353
|switch|p2a: 3fold Affliction|Meowscarada, F|53/100
|move|p1a: Gholdengo|Make It Rain|p2a: 3fold Affliction
|-damage|p2a: 3fold Affliction|7/100
|-unboost|p1a: Gholdengo|spa|1
|
|-weather|Snowscape|[upkeep]
|upkeep
|turn|13
|
|t:|1758300357
|switch|p1a: Weezing|Weezing-Galar, F|83/100
|-ability|p1a: Weezing|Neutralizing Gas
|move|p2a: 3fold Affliction|U-turn|p1a: Weezing
|-resisted|p1a: Weezing
|-damage|p1a: Weezing|79/100
|
|t:|1758300365
|switch|p2a: Idle Death Gamble.|Farigiraf, F|62/100|[from] U-turn
|
|-weather|Snowscape|[upkeep]
|upkeep
|turn|14
|
|t:|1758300368
|move|p2a: Idle Death Gamble.|Nasty Plot|p2a: Idle Death Gamble.
|-boost|p2a: Idle Death Gamble.|spa|2
|move|p1a: Weezing|Defog|p2a: Idle Death Gamble.
|-unboost|p2a: Idle Death Gamble.|evasion|1
|-sideend|p2: RobustLoki|move: Aurora Veil
|
|-weather|none
|upkeep
|turn|15
|
|t:|1758300379
|-end|p1a: Weezing|ability: Neutralizing Gas
|switch|p1a: Latios|Latios, M|100/100
|move|p2a: Idle Death Gamble.|Nasty Plot|p2a: Idle Death Gamble.
|-boost|p2a: Idle Death Gamble.|spa|2
|
|upkeep
|turn|16
|
|t:|1758300388
|switch|p2a: 3fold Affliction|Meowscarada, F|7/100
|move|p1a: Latios|Draco Meteor|p2a: 3fold Affliction
|-damage|p2a: 3fold Affliction|0 fnt
|-unboost|p1a: Latios|spa|2
|faint|p2a: 3fold Affliction
|
|upkeep
|
|t:|1758300395
|switch|p2a: Deadly Sentencing|Gliscor, M|100/100 tox
|turn|17
|
|t:|1758300413
|switch|p1a: Weezing|Weezing-Galar, F|79/100
|-ability|p1a: Weezing|Neutralizing Gas
|move|p2a: Deadly Sentencing|Swords Dance|p2a: Deadly Sentencing
|-boost|p2a: Deadly Sentencing|atk|2
|
|-damage|p2a: Deadly Sentencing|94/100 tox|[from] psn
|upkeep
|turn|18
|inactive|mResss has 120 seconds left.
|
|t:|1758300446
|move|p2a: Deadly Sentencing|Swords Dance|p2a: Deadly Sentencing
|-boost|p2a: Deadly Sentencing|atk|2
|move|p1a: Weezing|Sludge Bomb|p2a: Deadly Sentencing
|-resisted|p2a: Deadly Sentencing
|-damage|p2a: Deadly Sentencing|79/100 tox
|
|-damage|p2a: Deadly Sentencing|67/100 tox|[from] psn
|upkeep
|turn|19
|inactive|mResss has 120 seconds left.
|
|t:|1758300454
|move|p2a: Deadly Sentencing|Earthquake|p1a: Weezing
|-supereffective|p1a: Weezing
|-damage|p1a: Weezing|0 fnt
|faint|p1a: Weezing
|-end|p1a: Weezing|ability: Neutralizing Gas
|
|-heal|p2a: Deadly Sentencing|79/100 tox|[from] ability: Poison Heal
|upkeep
|inactive|mResss has 120 seconds left.
|
|t:|1758300462
|switch|p1a: Dragonite|Dragonite, M|100/100
|turn|20
|
|t:|1758300473
|-terastallize|p2a: Deadly Sentencing|Normal
|move|p2a: Deadly Sentencing|Facade|p1a: Dragonite
|-damage|p1a: Dragonite|32/100
|move|p1a: Dragonite|Dragon Tail|p2a: Deadly Sentencing
|-crit|p2a: Deadly Sentencing
|-damage|p2a: Deadly Sentencing|37/100 tox
|drag|p2a: Ryoiki Tenkai.. :|Ninetales-Alola, M|94/100
|-weather|Snowscape|[from] ability: Snow Warning|[of] p2a: Ryoiki Tenkai.. :
|
|-weather|Snowscape|[upkeep]
|upkeep
|turn|21
|
|t:|1758300482
|switch|p1a: Gholdengo|Gholdengo|100/100
|move|p2a: Ryoiki Tenkai.. :|Aurora Veil|p2a: Ryoiki Tenkai.. :
|-sidestart|p2: RobustLoki|move: Aurora Veil
|
|-weather|Snowscape|[upkeep]
|upkeep
|turn|22
|
|t:|1758300500
|switch|p2a: Malevolent Shrine|Ceruledge, F|100/100
|move|p1a: Gholdengo|Trick|p2a: Malevolent Shrine
|-activate|p1a: Gholdengo|move: Trick|[of] p2a: Malevolent Shrine
|-item|p2a: Malevolent Shrine|Choice Scarf|[from] move: Trick
|-item|p1a: Gholdengo|Covert Cloak|[from] move: Trick
|
|-weather|Snowscape|[upkeep]
|upkeep
|turn|23
|
|t:|1758300509
|switch|p2a: Idle Death Gamble.|Farigiraf, F|62/100
|switch|p1a: Alomomola|Alomomola, M|100/100
|
|-weather|Snowscape|[upkeep]
|upkeep
|turn|24
|
|t:|1758300523
|move|p2a: Idle Death Gamble.|Nasty Plot|p2a: Idle Death Gamble.
|-boost|p2a: Idle Death Gamble.|spa|2
|move|p1a: Alomomola|Flip Turn|p2a: Idle Death Gamble.
|-damage|p2a: Idle Death Gamble.|53/100
|inactive|mResss has 120 seconds left.
|
|t:|1758300553
|switch|p1a: Great Tusk|Great Tusk|100/100|[from] Flip Turn
|
|-weather|none
|upkeep
|turn|25
|
|t:|1758300557
|move|p1a: Great Tusk|Headlong Rush|p2a: Idle Death Gamble.
|-damage|p2a: Idle Death Gamble.|15/100
|-unboost|p1a: Great Tusk|def|1
|-unboost|p1a: Great Tusk|spd|1
|move|p2a: Idle Death Gamble.|Agility|p2a: Idle Death Gamble.
|-boost|p2a: Idle Death Gamble.|spe|2
|
|upkeep
|turn|26
|
|t:|1758300574
|-end|p1a: Great Tusk|Protosynthesis|[silent]
|switch|p1a: Dragonite|Dragonite, M|32/100
|move|p2a: Idle Death Gamble.|Stored Power|p1a: Dragonite
|-damage|p1a: Dragonite|0 fnt
|faint|p1a: Dragonite
|
|upkeep
|
|t:|1758300576
|switch|p1a: Alomomola|Alomomola, M|100/100
|turn|27
|
|t:|1758300600
|move|p2a: Idle Death Gamble.|Agility|p2a: Idle Death Gamble.
|-boost|p2a: Idle Death Gamble.|spe|2
|move|p1a: Alomomola|Mirror Coat||[still]
|-fail|p1a: Alomomola
|
|upkeep
|turn|28
|
|t:|1758300606
|move|p2a: Idle Death Gamble.|Nasty Plot|p2a: Idle Death Gamble.
|-boost|p2a: Idle Death Gamble.|spa|2
|move|p1a: Alomomola|Body Slam|p2a: Idle Death Gamble.
|-damage|p2a: Idle Death Gamble.|6/100
|
|-sideend|p2: RobustLoki|move: Aurora Veil
|upkeep
|turn|29
|c|☆RobustLoki|yo what
|c|☆RobustLoki|why not go lati and kill me off
|c|☆RobustLoki|gg
|inactive|mResss has 120 seconds left.
|c|☆mResss|not scarf
|c|☆mResss|+ i assumed u had shadow ball
|c|☆RobustLoki|it doesnt die tho ?
|c|☆RobustLoki|oh
|c|☆RobustLoki|do i even learn that
|c|☆mResss|yes
|inactive|mResss has 90 seconds left.
|c|☆mResss|ghold walls ur set hard if u dont have it
|c|☆RobustLoki|i got tera blast ground
|c|☆mResss|o
|c|☆mResss|air balloon common
|c|☆RobustLoki|and i just boost up to infinity and boom it
|inactive|mResss has 60 seconds left.
|c|☆RobustLoki|then i just boost up
|c|☆RobustLoki|stored power
|c|☆RobustLoki|ohko
|
|t:|1758300719
|move|p2a: Idle Death Gamble.|Stored Power|p1a: Alomomola
|-damage|p1a: Alomomola|0 fnt
|faint|p1a: Alomomola
|
|upkeep
|c|☆RobustLoki|well gg
|
|t:|1758300724
|switch|p1a: Latios|Latios, M|100/100
|turn|30
|c|☆RobustLoki|fair assumption tho
|
|t:|1758300732
|move|p2a: Idle Death Gamble.|Stored Power|p1a: Latios
|-resisted|p1a: Latios
|-damage|p1a: Latios|0 fnt
|faint|p1a: Latios
|
|upkeep
|
|t:|1758300739
|switch|p1a: Gholdengo|Gholdengo|100/100
|turn|31
|
|t:|1758300742
|move|p2a: Idle Death Gamble.|Stored Power|p1a: Gholdengo
|-resisted|p1a: Gholdengo
|-damage|p1a: Gholdengo|0 fnt
|faint|p1a: Gholdengo
|
|upkeep
|
|t:|1758300743
|switch|p1a: Great Tusk|Great Tusk|100/100
|turn|32
|
|t:|1758300746
|move|p2a: Idle Death Gamble.|Stored Power|p1a: Great Tusk
|-supereffective|p1a: Great Tusk
|-damage|p1a: Great Tusk|0 fnt
|faint|p1a: Great Tusk
|-end|p1a: Great Tusk|Protosynthesis|[silent]
|
|win|RobustLoki
|raw|mResss's rating: 1569 &rarr; <strong>1547</strong><br />(-22 for losing)
|raw|RobustLoki's rating: 1533 &rarr; <strong>1555</strong><br />(+22 for winning)
|l|☆mResss
|player|p1|
|j| Gen9oupipipi
|l| Gen9oupipipi
|l|☆RobustLoki
|player|p2|
