|j|☆scrubtest98
|j|‽A1Randy
|t:|1758258652
|gametype|singles
|player|p1|scrubtest98|102|1505
|player|p2|A1Randy|102|1452
|gen|9
|tier|[Gen 9] OU
|rated|
|rule|HP Percentage Mod: HP is shown in percentages
|rule|Endless Battle Clause: Forcing endless battles is banned
|rule|Species Clause: Limit one of each Pokémon
|rule|OHKO Clause: OHKO moves are banned
|rule|Evasion Items Clause: Evasion items are banned
|rule|Evasion Moves Clause: Evasion moves are banned
|rule|Evasion Abilities Clause: Evasion abilities are banned
|rule|Sleep Moves Clause: Sleep-inducing moves are banned
|clearpoke
|poke|p1|Zamazenta-*|
|poke|p1|Rillaboom, F|
|poke|p1|Gholdengo|
|poke|p1|Ting-Lu|
|poke|p1|Tornadus-Therian, M|
|poke|p1|Hawlucha, M|
|poke|p2|Iron Crown|
|poke|p2|Kyurem|
|poke|p2|Dragonite, F|
|poke|p2|Kingambit, F|
|poke|p2|Iron Valiant|
|poke|p2|Hoopa-Unbound|
|teampreview
|
|t:|1758258657
|teamsize|p1|6
|teamsize|p2|6
|start
|switch|p1a: Rillaboom|Rillaboom, F|100/100
|switch|p2a: Kyurem|Kyurem|100/100
|-ability|p2a: Kyurem|Pressure
|-fieldstart|move: Grassy Terrain|[from] ability: Grassy Surge|[of] p1a: Rillaboom
|turn|1
|
|t:|1758258660
|switch|p1a: Gholdengo|Gholdengo|100/100
|-enditem|p1a: Gholdengo|Grassy Seed
|-boost|p1a: Gholdengo|def|1|[from] item: Grassy Seed
|move|p2a: Kyurem|Icicle Spear|p1a: Gholdengo
|-resisted|p1a: Gholdengo
|-damage|p1a: Gholdengo|97/100
|-resisted|p1a: Gholdengo
|-damage|p1a: Gholdengo|94/100
|-resisted|p1a: Gholdengo
|-damage|p1a: Gholdengo|90/100
|-resisted|p1a: Gholdengo
|-damage|p1a: Gholdengo|86/100
|-hitcount|p1a: Gholdengo|4
|
|-heal|p1a: Gholdengo|93/100|[from] Grassy Terrain
|upkeep
|turn|2
|
|t:|1758258666
|-terastallize|p2a: Kyurem|Fire
|move|p2a: Kyurem|Dragon Dance|p2a: Kyurem
|-boost|p2a: Kyurem|atk|1
|-boost|p2a: Kyurem|spe|1
|move|p1a: Gholdengo|Nasty Plot|p1a: Gholdengo
|-boost|p1a: Gholdengo|spa|2
|
|-heal|p1a: Gholdengo|99/100|[from] Grassy Terrain
|upkeep
|turn|3
|
|t:|1758258675
|move|p2a: Kyurem|Tera Blast|p1a: Gholdengo|[anim] Tera Blast Fire
|-supereffective|p1a: Gholdengo
|-damage|p1a: Gholdengo|38/100
|move|p1a: Gholdengo|Shadow Ball|p2a: Kyurem
|-damage|p2a: Kyurem|33/100
|
|-heal|p2a: Kyurem|39/100|[from] Grassy Terrain
|-heal|p1a: Gholdengo|44/100|[from] Grassy Terrain
|upkeep
|turn|4
|
|t:|1758258682
|-terastallize|p1a: Gholdengo|Water
|move|p2a: Kyurem|Tera Blast|p1a: Gholdengo|[anim] Tera Blast Fire
|-resisted|p1a: Gholdengo
|-damage|p1a: Gholdengo|26/100
|move|p1a: Gholdengo|Recover|p1a: Gholdengo
|-heal|p1a: Gholdengo|76/100
|
|-heal|p2a: Kyurem|45/100|[from] Grassy Terrain
|-heal|p1a: Gholdengo|82/100|[from] Grassy Terrain
|upkeep
|turn|5
|
|t:|1758258686
|move|p2a: Kyurem|Scale Shot|p1a: Gholdengo
|-damage|p1a: Gholdengo|73/100
|-damage|p1a: Gholdengo|63/100
|-damage|p1a: Gholdengo|53/100
|-damage|p1a: Gholdengo|42/100
|-hitcount|p1a: Gholdengo|4
|-unboost|p2a: Kyurem|def|1
|-boost|p2a: Kyurem|spe|1
|move|p1a: Gholdengo|Tera Blast|p2a: Kyurem|[anim] Tera Blast Water
|-supereffective|p2a: Kyurem
|-damage|p2a: Kyurem|0 fnt
|faint|p2a: Kyurem
|
|-heal|p1a: Gholdengo|48/100|[from] Grassy Terrain
|-fieldend|move: Grassy Terrain
|upkeep
|
|t:|1758258704
|switch|p2a: Iron Valiant|Iron Valiant, shiny|100/100
|turn|6
|
|t:|1758258717
|move|p2a: Iron Valiant|Thunderbolt|p1a: Gholdengo
|-supereffective|p1a: Gholdengo
|-damage|p1a: Gholdengo|0 fnt
|faint|p1a: Gholdengo
|-damage|p2a: Iron Valiant|91/100|[from] item: Life Orb
|
|upkeep
|
|t:|1758258720
|switch|p1a: Rillaboom|Rillaboom, F|100/100
|-fieldstart|move: Grassy Terrain|[from] ability: Grassy Surge|[of] p1a: Rillaboom
|turn|7
|
|t:|1758258727
|move|p2a: Iron Valiant|Moonblast|p1a: Rillaboom
|-damage|p1a: Rillaboom|13/100
|-damage|p2a: Iron Valiant|81/100|[from] item: Life Orb
|move|p1a: Rillaboom|Wood Hammer|p2a: Iron Valiant
|-damage|p2a: Iron Valiant|0 fnt
|faint|p2a: Iron Valiant
|-end|p2a: Iron Valiant|Quark Drive|[silent]
|-damage|p1a: Rillaboom|0 fnt|[from] Recoil
|faint|p1a: Rillaboom
|
|upkeep
|
|t:|1758258740
|switch|p2a: Dragonite|Dragonite, F|100/100
|switch|p1a: Hawlucha|Hawlucha, M|100/100
|-enditem|p1a: Hawlucha|Grassy Seed
|-boost|p1a: Hawlucha|def|1|[from] item: Grassy Seed
|turn|8
|
|t:|1758258744
|move|p1a: Hawlucha|Swords Dance|p1a: Hawlucha
|-boost|p1a: Hawlucha|atk|2
|move|p2a: Dragonite|Scale Shot|p1a: Hawlucha
|-damage|p1a: Hawlucha|86/100
|-damage|p1a: Hawlucha|73/100
|-damage|p1a: Hawlucha|59/100
|-damage|p1a: Hawlucha|45/100
|-hitcount|p1a: Hawlucha|4
|-unboost|p2a: Dragonite|def|1
|-boost|p2a: Dragonite|spe|1
|
|upkeep
|turn|9
|
|t:|1758258756
|move|p1a: Hawlucha|Acrobatics|p2a: Dragonite
|-damage|p2a: Dragonite|16/100
|move|p2a: Dragonite|Scale Shot|p1a: Hawlucha
|-damage|p1a: Hawlucha|31/100
|-damage|p1a: Hawlucha|19/100
|-damage|p1a: Hawlucha|6/100
|-damage|p1a: Hawlucha|0 fnt
|faint|p1a: Hawlucha
|-hitcount|p1: Hawlucha|4
|-unboost|p2a: Dragonite|def|1
|-boost|p2a: Dragonite|spe|1
|
|upkeep
|
|t:|1758258762
|switch|p1a: Zamazenta|Zamazenta|100/100
|-ability|p1a: Zamazenta|Dauntless Shield|boost
|-boost|p1a: Zamazenta|def|1
|turn|10
|
|t:|1758258765
|move|p2a: Dragonite|Air Slash|p1a: Zamazenta
|-supereffective|p1a: Zamazenta
|-damage|p1a: Zamazenta|51/100
|cant|p1a: Zamazenta|flinch
|
|-heal|p1a: Zamazenta|57/100|[from] Grassy Terrain
|-heal|p1a: Zamazenta|63/100|[from] item: Leftovers
|upkeep
|turn|11
|
|t:|1758258769
|move|p2a: Dragonite|Air Slash|p1a: Zamazenta
|-supereffective|p1a: Zamazenta
|-damage|p1a: Zamazenta|16/100
|move|p1a: Zamazenta|Body Press|p2a: Dragonite
|-resisted|p2a: Dragonite
|-damage|p2a: Dragonite|0 fnt
|faint|p2a: Dragonite
|
|-heal|p1a: Zamazenta|23/100|[from] Grassy Terrain
|-heal|p1a: Zamazenta|29/100|[from] item: Leftovers
|-fieldend|move: Grassy Terrain
|upkeep
|
|t:|1758258778
|switch|p2a: Iron Crown|Iron Crown|100/100
|turn|12
|
|t:|1758258782
|move|p2a: Iron Crown|Psychic|p1a: Zamazenta
|-supereffective|p1a: Zamazenta
|-damage|p1a: Zamazenta|0 fnt
|faint|p1a: Zamazenta
|
|upkeep
|
|t:|1758258784
|switch|p1a: Ting-Lu|Ting-Lu|100/100
|-ability|p1a: Ting-Lu|Vessel of Ruin
|turn|13
|
|t:|1758258792
|-end|p2a: Iron Crown|Quark Drive|[silent]
|switch|p2a: Hoopa|Hoopa-Unbound|100/100
|move|p1a: Ting-Lu|Earthquake|p2a: Hoopa
|-damage|p2a: Hoopa|41/100
|
|upkeep
|turn|14
|
|t:|1758258798
|move|p2a: Hoopa|Tera Blast|p1a: Ting-Lu
|-damage|p1a: Ting-Lu|87/100
|move|p1a: Ting-Lu|Earthquake|p2a: Hoopa
|-damage|p2a: Hoopa|0 fnt
|faint|p2a: Hoopa
|
|-heal|p1a: Ting-Lu|93/100|[from] item: Leftovers
|upkeep
|
|t:|1758258802
|switch|p2a: Kingambit|Kingambit, F|100/100
|-activate|p2a: Kingambit|ability: Supreme Overlord
|-start|p2a: Kingambit|fallen4|[silent]
|turn|15
|
|t:|1758258804
|move|p2a: Kingambit|Low Kick|p1a: Ting-Lu
|-supereffective|p1a: Ting-Lu
|-damage|p1a: Ting-Lu|26/100
|move|p1a: Ting-Lu|Earthquake|p2a: Kingambit
|-supereffective|p2a: Kingambit
|-damage|p2a: Kingambit|35/100
|
|-heal|p1a: Ting-Lu|32/100|[from] item: Leftovers
|upkeep
|turn|16
|
|t:|1758258809
|move|p2a: Kingambit|Low Kick|p1a: Ting-Lu
|-supereffective|p1a: Ting-Lu
|-damage|p1a: Ting-Lu|0 fnt
|faint|p1a: Ting-Lu
|
|upkeep
|
|t:|1758258810
|switch|p1a: Tornadus|Tornadus-Therian, M|100/100
|turn|17
|
|t:|1758258814
|move|p2a: Kingambit|Sucker Punch|p1a: Tornadus
|-damage|p1a: Tornadus|18/100
|move|p1a: Tornadus|Heat Wave|p2a: Kingambit|[miss]
|-miss|p1a: Tornadus|p2a: Kingambit
|
|upkeep
|turn|18
|-message|scrubtest98 forfeited.
|
|win|A1Randy
|raw|scrubtest98's rating: 1505 &rarr; <strong>1482</strong><br />(-23 for losing)
|raw|A1Randy's rating: 1452 &rarr; <strong>1475</strong><br />(+23 for winning)
|l|☆scrubtest98
|player|p1|
|l|‽A1Randy
|player|p2|
