|badge|p2|silver|gen9ou|30-6
|uhtml|medal-msg|<div class="broadcast-blue">Curious what those medals under the avatar are? PS now has Ladder Seasons! For more information, check out the <a href="https://www.smogon.com/forums/threads/3740067/">thread on Smogon.</a></div>
|j|☆bottom drawer
|j|☆OnArceus
|inactive|Battle timer is ON: inactive players will automatically lose when time's up.
|t:|1758289533
|gametype|singles
|player|p1|bottom drawer|169|
|player|p2|OnArceus|#scl2spartans|
|gen|9
|tier|[Gen 9] OU
|rated|Tournament battle
|rule|HP Percentage Mod: HP is shown in percentages
|rule|Endless Battle Clause: Forcing endless battles is banned
|rule|Species Clause: Limit one of each Pokémon
|rule|OHKO Clause: OHKO moves are banned
|rule|Evasion Items Clause: Evasion items are banned
|rule|Evasion Moves Clause: Evasion moves are banned
|rule|Evasion Abilities Clause: Evasion abilities are banned
|rule|Sleep Moves Clause: Sleep-inducing moves are banned
|clearpoke
|poke|p1|Rillaboom, F|
|poke|p1|Hawlucha, F|
|poke|p1|Slowking-Galar, M|
|poke|p1|Corviknight, M|
|poke|p1|Raging Bolt|
|poke|p1|Weavile, F|
|poke|p2|Ursaluna, M|
|poke|p2|Meowscarada, M|
|poke|p2|Gholdengo|
|poke|p2|Great Tusk|
|poke|p2|Slowking-Galar, F|
|poke|p2|Moltres|
|teampreview
|j| Draky789
|j| road2gettinggud
|
|t:|1758289549
|teamsize|p1|6
|teamsize|p2|6
|start
|switch|p1a: Wade|Rillaboom, F|100/100
|switch|p2a: Slowking|Slowking-Galar, F|100/100
|-fieldstart|move: Grassy Terrain|[from] ability: Grassy Surge|[of] p1a: Wade
|turn|1
|
|t:|1758289554
|move|p1a: Wade|Knock Off|p2a: Slowking
|-supereffective|p2a: Slowking
|-damage|p2a: Slowking|16/100
|-enditem|p2a: Slowking|Heavy-Duty Boots|[from] move: Knock Off|[of] p1a: Wade
|move|p2a: Slowking|Sludge Bomb|p1a: Wade
|-supereffective|p1a: Wade
|-crit|p1a: Wade
|-damage|p1a: Wade|0 fnt
|faint|p1a: Wade
|
|-heal|p2a: Slowking|22/100|[from] Grassy Terrain
|upkeep
|
|t:|1758289565
|switch|p1a: Lebron|Hawlucha, F|100/100
|-enditem|p1a: Lebron|Grassy Seed
|-boost|p1a: Lebron|def|1|[from] item: Grassy Seed
|turn|2
|
|t:|1758289571
|switch|p2a: Gholdengo|Gholdengo|100/100
|move|p1a: Lebron|Swords Dance|p1a: Lebron
|-boost|p1a: Lebron|atk|2
|
|upkeep
|turn|3
|j|+nastynastygirl7
|
|t:|1758289577
|move|p1a: Lebron|Acrobatics|p2a: Gholdengo
|-resisted|p2a: Gholdengo
|-damage|p2a: Gholdengo|44/100
|move|p2a: Gholdengo|Make It Rain|p1a: Lebron
|-damage|p1a: Lebron|16/100
|-unboost|p2a: Gholdengo|spa|1
|
|-heal|p2a: Gholdengo|50/100|[from] Grassy Terrain
|upkeep
|turn|4
|
|t:|1758289584
|switch|p2a: Great Tusk|Great Tusk|100/100
|move|p1a: Lebron|Acrobatics|p2a: Great Tusk
|-supereffective|p2a: Great Tusk
|-damage|p2a: Great Tusk|0 fnt
|-damage|p1a: Lebron|0 fnt|[from] item: Rocky Helmet|[of] p2a: Great Tusk
|faint|p2a: Great Tusk
|-end|p2a: Great Tusk|Protosynthesis|[silent]
|faint|p1a: Lebron
|
|upkeep
|j| Giragono
|n| jdhdhxhxhxb|draky789
|j| Feesh n Feeb
|l| Feesh n Feeb
|j| Isza
|j| blabala
|l| blabala
|inactive|bottom drawer has 120 seconds left.
|
|t:|1758289618
|switch|p1a: Raging Bolt|Raging Bolt|100/100
|switch|p2a: Moltres|Moltres|100/100
|turn|5
|l| Isza
|
|t:|1758289621
|switch|p2a: Ursaluna|Ursaluna, M|100/100
|move|p1a: Raging Bolt|Draco Meteor|p2a: Ursaluna
|-damage|p2a: Ursaluna|27/100
|-unboost|p1a: Raging Bolt|spa|2
|
|-heal|p2a: Ursaluna|34/100|[from] Grassy Terrain
|-heal|p2a: Ursaluna|40/100|[from] item: Leftovers
|-fieldend|move: Grassy Terrain
|upkeep
|turn|6
|
|t:|1758289640
|-end|p1a: Raging Bolt|Protosynthesis|[silent]
|switch|p1a: Corviknight|Corviknight, M|100/100
|move|p2a: Ursaluna|Earthquake|p1a: Corviknight
|-immune|p1a: Corviknight
|
|-heal|p2a: Ursaluna|46/100|[from] item: Leftovers
|upkeep
|turn|7
|
|t:|1758289649
|move|p2a: Ursaluna|Protect|p2a: Ursaluna
|-singleturn|p2a: Ursaluna|Protect
|move|p1a: Corviknight|U-turn|p2a: Ursaluna
|-activate|p2a: Ursaluna|move: Protect
|
|-heal|p2a: Ursaluna|52/100|[from] item: Leftovers
|upkeep
|turn|8
|
|t:|1758289655
|switch|p2a: Gholdengo|Gholdengo|50/100
|move|p1a: Corviknight|Brave Bird|p2a: Gholdengo
|-resisted|p2a: Gholdengo
|-damage|p2a: Gholdengo|28/100
|-damage|p1a: Corviknight|95/100|[from] Recoil
|
|upkeep
|turn|9
|
|t:|1758289660
|switch|p1a: Slowking|Slowking-Galar, M|100/100
|move|p2a: Gholdengo|Trick|p1a: Slowking
|-activate|p2a: Gholdengo|move: Trick|[of] p1a: Slowking
|-item|p1a: Slowking|Choice Scarf|[from] move: Trick
|-item|p2a: Gholdengo|Assault Vest|[from] move: Trick
|
|upkeep
|turn|10
|
|t:|1758289670
|switch|p2a: Slowking|Slowking-Galar, F|56/100
|move|p1a: Slowking|Flamethrower|p2a: Slowking
|-damage|p2a: Slowking|32/100
|
|upkeep
|turn|11
|
|t:|1758289676
|move|p1a: Slowking|Flamethrower|p2a: Slowking
|-damage|p2a: Slowking|9/100
|move|p2a: Slowking|Toxic Spikes|p1a: Slowking
|-sidestart|p1: bottom drawer|move: Toxic Spikes
|
|upkeep
|turn|12
|
|t:|1758289679
|switch|p2a: Moltres|Moltres|100/100
|move|p1a: Slowking|Flamethrower|p2a: Moltres
|-resisted|p2a: Moltres
|-damage|p2a: Moltres|86/100
|
|upkeep
|turn|13
|
|t:|1758289704
|switch|p1a: Raging Bolt|Raging Bolt|100/100
|-status|p1a: Raging Bolt|psn
|move|p2a: Moltres|Flamethrower|p1a: Raging Bolt
|-resisted|p1a: Raging Bolt
|-damage|p1a: Raging Bolt|83/100 psn
|
|-damage|p1a: Raging Bolt|70/100 psn|[from] psn
|upkeep
|turn|14
|
|t:|1758289715
|switch|p2a: Gholdengo|Gholdengo|28/100
|move|p1a: Raging Bolt|Draco Meteor|p2a: Gholdengo
|-resisted|p2a: Gholdengo
|-damage|p2a: Gholdengo|0 fnt
|-unboost|p1a: Raging Bolt|spa|2
|faint|p2a: Gholdengo
|
|-damage|p1a: Raging Bolt|58/100 psn|[from] psn
|upkeep
|
|t:|1758289717
|switch|p2a: Ursaluna|Ursaluna, M|52/100
|turn|15
|j| Slave of Freedom
|
|t:|1758289721
|-end|p1a: Raging Bolt|Protosynthesis|[silent]
|switch|p1a: Corviknight|Corviknight, M|95/100
|move|p2a: Ursaluna|Bulk Up|p2a: Ursaluna
|-boost|p2a: Ursaluna|atk|1
|-boost|p2a: Ursaluna|def|1
|
|-heal|p2a: Ursaluna|59/100|[from] item: Leftovers
|upkeep
|turn|16
|
|t:|1758289732
|move|p2a: Ursaluna|Protect|p2a: Ursaluna
|-singleturn|p2a: Ursaluna|Protect
|move|p1a: Corviknight|Brave Bird|p2a: Ursaluna
|-activate|p2a: Ursaluna|move: Protect
|
|-heal|p2a: Ursaluna|65/100|[from] item: Leftovers
|upkeep
|turn|17
|
|t:|1758289751
|move|p1a: Corviknight|Brave Bird|p2a: Ursaluna
|-damage|p2a: Ursaluna|47/100
|-damage|p1a: Corviknight|88/100|[from] Recoil
|move|p2a: Ursaluna|Bulk Up|p2a: Ursaluna
|-boost|p2a: Ursaluna|atk|1
|-boost|p2a: Ursaluna|def|1
|
|-heal|p2a: Ursaluna|54/100|[from] item: Leftovers
|upkeep
|turn|18
|
|t:|1758289756
|move|p2a: Ursaluna|Protect|p2a: Ursaluna
|-singleturn|p2a: Ursaluna|Protect
|move|p1a: Corviknight|Defog|p2a: Ursaluna
|-activate|p2a: Ursaluna|move: Protect
|
|-heal|p2a: Ursaluna|60/100|[from] item: Leftovers
|upkeep
|turn|19
|
|t:|1758289760
|move|p1a: Corviknight|U-turn|p2a: Ursaluna
|-damage|p2a: Ursaluna|55/100
|
|t:|1758289767
|switch|p1a: Raging Bolt|Raging Bolt|58/100 psn|[from] U-turn
|move|p2a: Ursaluna|Bulk Up|p2a: Ursaluna
|-boost|p2a: Ursaluna|atk|1
|-boost|p2a: Ursaluna|def|1
|
|-heal|p2a: Ursaluna|61/100|[from] item: Leftovers
|-damage|p1a: Raging Bolt|46/100 psn|[from] psn
|upkeep
|turn|20
|
|t:|1758289770
|move|p2a: Ursaluna|Protect|p2a: Ursaluna
|-singleturn|p2a: Ursaluna|Protect
|move|p1a: Raging Bolt|Draco Meteor|p2a: Ursaluna
|-activate|p2a: Ursaluna|move: Protect
|
|-heal|p2a: Ursaluna|68/100|[from] item: Leftovers
|-damage|p1a: Raging Bolt|33/100 psn|[from] psn
|upkeep
|turn|21
|
|t:|1758289775
|move|p1a: Raging Bolt|Draco Meteor|p2a: Ursaluna
|-damage|p2a: Ursaluna|0 fnt
|-unboost|p1a: Raging Bolt|spa|2
|faint|p2a: Ursaluna
|
|-damage|p1a: Raging Bolt|21/100 psn|[from] psn
|upkeep
|
|t:|1758289781
|switch|p2a: Meowscarada|Meowscarada, M|100/100
|turn|22
|
|t:|1758289784
|-end|p1a: Raging Bolt|Protosynthesis|[silent]
|switch|p1a: Corviknight|Corviknight, M|88/100
|move|p2a: Meowscarada|U-turn|p1a: Corviknight
|-resisted|p1a: Corviknight
|-damage|p1a: Corviknight|85/100
|-damage|p2a: Meowscarada|84/100|[from] item: Rocky Helmet|[of] p1a: Corviknight
|
|t:|1758289787
|switch|p2a: Moltres|Moltres|86/100|[from] U-turn
|
|upkeep
|turn|23
|
|t:|1758289791
|switch|p1a: Slowking|Slowking-Galar, M|100/100
|-sideend|p1: bottom drawer|move: Toxic Spikes|[of] p1a: Slowking
|move|p2a: Moltres|Flamethrower|p1a: Slowking
|-damage|p1a: Slowking|75/100
|
|upkeep
|turn|24
|
|t:|1758289800
|switch|p2a: Slowking|Slowking-Galar, F|42/100
|move|p1a: Slowking|Psyshock|p2a: Slowking
|-damage|p2a: Slowking|16/100
|
|upkeep
|turn|25
|
|t:|1758289809
|switch|p1a: Corviknight|Corviknight, M|85/100
|switch|p2a: Meowscarada|Meowscarada, M|84/100
|
|upkeep
|turn|26
|
|t:|1758289813
|switch|p2a: Moltres|Moltres|86/100
|move|p1a: Corviknight|U-turn|p2a: Moltres
|-resisted|p2a: Moltres
|-damage|p2a: Moltres|84/100
|
|t:|1758289833
|switch|p1a: Slowking|Slowking-Galar, M|100/100|[from] U-turn
|
|upkeep
|turn|27
|
|t:|1758289837
|move|p2a: Moltres|U-turn|p1a: Slowking
|-damage|p1a: Slowking|86/100
|
|t:|1758289838
|switch|p2a: Slowking|Slowking-Galar, F|49/100|[from] U-turn
|move|p1a: Slowking|Sludge Bomb|p2a: Slowking
|-resisted|p2a: Slowking
|-damage|p2a: Slowking|33/100
|
|upkeep
|turn|28
|
|t:|1758289847
|switch|p1a: Corviknight|Corviknight, M|85/100
|-prepare|p2a: Slowking|Chilly Reception|[premajor]
|move|p2a: Slowking|Chilly Reception|p2a: Slowking
|-weather|Snowscape
|
|t:|1758289849
|switch|p2a: Moltres|Moltres|84/100|[from] Chilly Reception
|
|-weather|Snowscape|[upkeep]
|upkeep
|turn|29
|
|t:|1758289856
|move|p2a: Moltres|Flamethrower|p1a: Corviknight
|-supereffective|p1a: Corviknight
|-damage|p1a: Corviknight|17/100
|move|p1a: Corviknight|U-turn|p2a: Moltres
|-resisted|p2a: Moltres
|-damage|p2a: Moltres|81/100
|
|t:|1758289863
|switch|p1a: Raging Bolt|Raging Bolt|21/100 psn|[from] U-turn
|
|-weather|Snowscape|[upkeep]
|-damage|p1a: Raging Bolt|9/100 psn|[from] psn
|upkeep
|turn|30
|
|t:|1758289867
|switch|p2a: Meowscarada|Meowscarada, M|84/100
|move|p1a: Raging Bolt|Thunderclap||[still]
|-fail|p1a: Raging Bolt
|
|-weather|Snowscape|[upkeep]
|-damage|p1a: Raging Bolt|0 fnt|[from] psn
|faint|p1a: Raging Bolt
|-end|p1a: Raging Bolt|Protosynthesis|[silent]
|upkeep
|
|t:|1758289874
|switch|p1a: Weavile|Weavile, F|100/100
|-ability|p1a: Weavile|Pressure
|turn|31
|
|t:|1758289883
|switch|p2a: Moltres|Moltres|81/100
|-terastallize|p1a: Weavile|Ice
|move|p1a: Weavile|Swords Dance|p1a: Weavile
|-boost|p1a: Weavile|atk|2
|
|-weather|Snowscape|[upkeep]
|upkeep
|turn|32
|
|t:|1758289888
|move|p1a: Weavile|Triple Axel|p2a: Moltres|[miss]
|-miss|p1a: Weavile|p2a: Moltres
|move|p2a: Moltres|Flamethrower|p1a: Weavile
|-supereffective|p1a: Weavile
|-damage|p1a: Weavile|0 fnt
|faint|p1a: Weavile
|
|-weather|none
|upkeep
|
|t:|1758289904
|switch|p1a: Slowking|Slowking-Galar, M|100/100
|turn|33
|j| cryyysneasel
|
|t:|1758289916
|switch|p1a: Corviknight|Corviknight, M|17/100
|move|p2a: Moltres|U-turn|p1a: Corviknight
|-resisted|p1a: Corviknight
|-damage|p1a: Corviknight|15/100
|-damage|p2a: Moltres|65/100|[from] item: Rocky Helmet|[of] p1a: Corviknight
|
|t:|1758289918
|switch|p2a: Meowscarada|Meowscarada, M|84/100|[from] U-turn
|
|upkeep
|turn|34
|
|t:|1758289939
|move|p2a: Meowscarada|Knock Off|p1a: Corviknight
|-damage|p1a: Corviknight|0 fnt
|-damage|p2a: Meowscarada|68/100|[from] item: Rocky Helmet|[of] p1a: Corviknight
|-enditem|p1a: Corviknight|Rocky Helmet|[from] move: Knock Off|[of] p2a: Meowscarada
|faint|p1a: Corviknight
|
|upkeep
|
|t:|1758289941
|switch|p1a: Slowking|Slowking-Galar, M|100/100
|turn|35
|
|t:|1758289950
|move|p2a: Meowscarada|U-turn|p1a: Slowking
|-damage|p1a: Slowking|78/100
|
|t:|1758289951
|switch|p2a: Slowking|Slowking-Galar, F|67/100|[from] U-turn
|move|p1a: Slowking|Sludge Bomb|p2a: Slowking
|-resisted|p2a: Slowking
|-damage|p2a: Slowking|49/100
|
|upkeep
|turn|36
|
|t:|1758289954
|move|p1a: Slowking|Sludge Bomb|p2a: Slowking
|-resisted|p2a: Slowking
|-damage|p2a: Slowking|32/100
|move|p2a: Slowking|Future Sight|p1a: Slowking
|-start|p2a: Slowking|move: Future Sight
|
|upkeep
|turn|37
|
|t:|1758289958
|move|p1a: Slowking|Sludge Bomb|p2a: Slowking
|-resisted|p2a: Slowking
|-damage|p2a: Slowking|15/100
|-prepare|p2a: Slowking|Chilly Reception|[premajor]
|move|p2a: Slowking|Chilly Reception|p2a: Slowking
|-weather|Snowscape
|
|t:|1758289961
|switch|p2a: Moltres|Moltres|65/100|[from] Chilly Reception
|
|-weather|Snowscape|[upkeep]
|upkeep
|turn|38
|
|t:|1758289964
|switch|p2a: Slowking|Slowking-Galar, F|48/100
|move|p1a: Slowking|Sludge Bomb|p2a: Slowking
|-resisted|p2a: Slowking
|-damage|p2a: Slowking|31/100
|
|-weather|Snowscape|[upkeep]
|-end|p1a: Slowking|move: Future Sight
|-damage|p1a: Slowking|44/100
|upkeep
|turn|39
|
|t:|1758289966
|move|p1a: Slowking|Sludge Bomb|p2a: Slowking
|-resisted|p2a: Slowking
|-damage|p2a: Slowking|14/100
|-prepare|p2a: Slowking|Chilly Reception|[premajor]
|move|p2a: Slowking|Chilly Reception|p2a: Slowking
|
|t:|1758289969
|switch|p2a: Meowscarada|Meowscarada, M|68/100|[from] Chilly Reception
|
|-weather|Snowscape|[upkeep]
|upkeep
|turn|40
|
|t:|1758289971
|move|p2a: Meowscarada|Knock Off|p1a: Slowking
|-supereffective|p1a: Slowking
|-damage|p1a: Slowking|0 fnt
|-enditem|p1a: Slowking|Choice Scarf|[from] move: Knock Off|[of] p2a: Meowscarada
|faint|p1a: Slowking
|
|win|OnArceus
|n|☆bottom drawer|bottomdrawer
|n|☆OnArceus|onarceus
|n| road2gettinggud|road2gettinggud
|n| nastynastygirl7|nastynastygirl7
|n| Giragono|giragono
|n| jdhdhxhxhxb|jdhdhxhxhxb
|n| Slave of Freedom|slaveoffreedom
|n| cryyysneasel|cryyysneasel
