|j|☆HuntingHawk112
|j|☆Artenshi
|t:|1758373604
|gametype|singles
|player|p1|HuntingHawk112|2|1139
|player|p2|Artenshi|bruno|1070
|gen|9
|tier|[Gen 9] OU
|rated|
|rule|HP Percentage Mod: HP is shown in percentages
|rule|Endless Battle Clause: Forcing endless battles is banned
|rule|Species Clause: Limit one of each Pokémon
|rule|OHKO Clause: OHKO moves are banned
|rule|Evasion Items Clause: Evasion items are banned
|rule|Evasion Moves Clause: Evasion moves are banned
|rule|Evasion Abilities Clause: Evasion abilities are banned
|rule|Sleep Moves Clause: Sleep-inducing moves are banned
|clearpoke
|poke|p1|Toxicroak, M|
|poke|p1|Pelipper, F|
|poke|p1|Iron Treads|
|poke|p1|Hatterene, F|
|poke|p1|Barraskewda, M|
|poke|p1|Zapdos|
|poke|p2|Sylveon, M|
|poke|p2|Pawmot, M|
|poke|p2|Amoonguss, F|
|poke|p2|Iron Moth|
|poke|p2|Gholdengo|
|poke|p2|Dragonite, F|
|teampreview
|
|t:|1758373630
|teamsize|p1|6
|teamsize|p2|6
|start
|switch|p1a: Hatterene|Hatterene, F|100/100
|switch|p2a: Dragonite|Dragonite, F|100/100
|turn|1
|
|t:|1758373641
|-terastallize|p2a: Dragonite|Normal
|move|p2a: Dragonite|Dragon Dance|p2a: Dragonite
|-boost|p2a: Dragonite|atk|1
|-boost|p2a: Dragonite|spe|1
|move|p1a: Hatterene|Light Screen|p1a: Hatterene
|-sidestart|p1: HuntingHawk112|move: Light Screen
|
|upkeep
|turn|2
|
|t:|1758373655
|switch|p1a: Toxicroak|Toxicroak, M|100/100
|move|p2a: Dragonite|Extreme Speed|p1a: Toxicroak
|-damage|p1a: Toxicroak|44/100
|-damage|p2a: Dragonite|84/100|[from] item: Rocky Helmet|[of] p1a: Toxicroak
|
|upkeep
|turn|3
|
|t:|1758373665
|switch|p1a: Pelipper|Pelipper, F|100/100
|-weather|RainDance|[from] ability: Drizzle|[of] p1a: Pelipper
|move|p2a: Dragonite|Earthquake|p1a: Pelipper
|-immune|p1a: Pelipper
|
|-weather|RainDance|[upkeep]
|upkeep
|turn|4
|
|t:|1758373674
|move|p2a: Dragonite|Dragon Dance|p2a: Dragonite
|-boost|p2a: Dragonite|atk|1
|-boost|p2a: Dragonite|spe|1
|move|p1a: Pelipper|Ice Beam|p2a: Dragonite
|-damage|p2a: Dragonite|63/100
|
|-weather|RainDance|[upkeep]
|upkeep
|turn|5
|
|t:|1758373684
|move|p2a: Dragonite|Extreme Speed|p1a: Pelipper
|-damage|p1a: Pelipper|10/100
|move|p1a: Pelipper|U-turn|p2a: Dragonite
|-damage|p2a: Dragonite|54/100
|
|t:|1758373690
|switch|p1a: Zapdos|Zapdos|100/100|[from] U-turn
|
|-weather|RainDance|[upkeep]
|-sideend|p1: HuntingHawk112|move: Light Screen
|upkeep
|turn|6
|
|t:|1758373699
|move|p2a: Dragonite|Scale Shot|p1a: Zapdos
|-damage|p1a: Zapdos|67/100
|-damage|p1a: Zapdos|30/100
|-damage|p1a: Zapdos|0 fnt
|faint|p1a: Zapdos
|-hitcount|p1: Zapdos|3
|-unboost|p2a: Dragonite|def|1
|-boost|p2a: Dragonite|spe|1
|
|-weather|RainDance|[upkeep]
|upkeep
|-message|HuntingHawk112 forfeited.
|
|win|Artenshi
|raw|HuntingHawk112's rating: 1139 &rarr; <strong>1109</strong><br />(-30 for losing)
|raw|Artenshi's rating: 1070 &rarr; <strong>1105</strong><br />(+35 for winning)
|l|☆HuntingHawk112
|player|p1|
