|j|‽Attackthegoat
|j|☆AntonioG14
|t:|1758313958
|gametype|singles
|player|p1|Attackthegoat|169|1325
|player|p2|AntonioG14|265|1356
|gen|9
|tier|[Gen 9] OU
|rated|
|rule|HP Percentage Mod: HP is shown in percentages
|rule|Endless Battle Clause: Forcing endless battles is banned
|rule|Species Clause: Limit one of each Pokémon
|rule|OHKO Clause: OHKO moves are banned
|rule|Evasion Items Clause: Evasion items are banned
|rule|Evasion Moves Clause: Evasion moves are banned
|rule|Evasion Abilities Clause: Evasion abilities are banned
|rule|Sleep Moves Clause: Sleep-inducing moves are banned
|clearpoke
|poke|p1|Quaquaval, M|
|poke|p1|Dragonite, F|
|poke|p1|Talonflame, M|
|poke|p1|Ceruledge, M|
|poke|p1|Galvantula, M|
|poke|p1|Goodra, M|
|poke|p2|Raging Bolt|
|poke|p2|Landorus-Therian, M|
|poke|p2|Quaquaval, M|
|poke|p2|Incineroar, M|
|poke|p2|Amoonguss, M|
|poke|p2|Slowbro, F|
|teampreview
|
|t:|1758313975
|teamsize|p1|6
|teamsize|p2|6
|start
|switch|p1a: Galvantula|Galvantula, M|100/100
|switch|p2a: Incineroar|Incineroar, M|100/100
|-ability|p2a: Incineroar|Intimidate|boost
|-unboost|p1a: Galvantula|atk|1
|turn|1
|
|t:|1758313987
|switch|p1a: Goodra|Goodra, M|100/100
|move|p2a: Incineroar|Flare Blitz|p1a: Goodra
|-resisted|p1a: Goodra
|-damage|p1a: Goodra|67/100
|-ability|p1a: Goodra|Gooey
|-unboost|p2a: Incineroar|spe|1
|-damage|p2a: Incineroar|92/100|[from] Recoil
|
|upkeep
|turn|2
|
|t:|1758313993
|move|p1a: Goodra|Dragon Pulse|p2a: Incineroar
|-damage|p2a: Incineroar|63/100
|move|p2a: Incineroar|Knock Off|p1a: Goodra
|-damage|p1a: Goodra|13/100
|-ability|p1a: Goodra|Gooey
|-unboost|p2a: Incineroar|spe|1
|-enditem|p1a: Goodra|Assault Vest|[from] move: Knock Off|[of] p2a: Incineroar
|
|upkeep
|turn|3
|
|t:|1758314003
|move|p1a: Goodra|Dragon Pulse|p2a: Incineroar
|-damage|p2a: Incineroar|32/100
|move|p2a: Incineroar|Knock Off|p1a: Goodra
|-damage|p1a: Goodra|0 fnt
|-ability|p1a: Goodra|Gooey
|-unboost|p2a: Incineroar|spe|1
|faint|p1a: Goodra
|
|upkeep
|
|t:|1758314010
|switch|p1a: Quaquaval|Quaquaval, M|100/100
|turn|4
|
|t:|1758314019
|switch|p2a: Slowbro|Slowbro, F|100/100
|move|p1a: Quaquaval|Aqua Step|p2a: Slowbro
|-resisted|p2a: Slowbro
|-damage|p2a: Slowbro|81/100
|-boost|p1a: Quaquaval|spe|1
|
|-heal|p2a: Slowbro|87/100|[from] item: Leftovers
|upkeep
|turn|5
|
|t:|1758314028
|switch|p1a: Galvantula|Galvantula, M|100/100
|move|p2a: Slowbro|Psychic|p1a: Galvantula
|-damage|p1a: Galvantula|44/100
|
|-heal|p2a: Slowbro|93/100|[from] item: Leftovers
|upkeep
|turn|6
|
|t:|1758314032
|move|p1a: Galvantula|Sticky Web|p2a: Slowbro
|-sidestart|p2: AntonioG14|move: Sticky Web
|move|p2a: Slowbro|Scald|p1a: Galvantula
|-damage|p1a: Galvantula|0 fnt
|faint|p1a: Galvantula
|
|-heal|p2a: Slowbro|99/100|[from] item: Leftovers
|upkeep
|
|t:|1758314037
|switch|p1a: Quaquaval|Quaquaval, M|100/100
|turn|7
|
|t:|1758314043
|move|p1a: Quaquaval|Knock Off|p2a: Slowbro
|-supereffective|p2a: Slowbro
|-crit|p2a: Slowbro
|-damage|p2a: Slowbro|14/100
|-enditem|p2a: Slowbro|Leftovers|[from] move: Knock Off|[of] p1a: Quaquaval
|move|p2a: Slowbro|Psychic|p1a: Quaquaval
|-supereffective|p1a: Quaquaval
|-damage|p1a: Quaquaval|19/100
|
|upkeep
|turn|8
|
|t:|1758314052
|move|p1a: Quaquaval|Knock Off|p2a: Slowbro
|-supereffective|p2a: Slowbro
|-damage|p2a: Slowbro|0 fnt
|faint|p2a: Slowbro
|-ability|p1a: Quaquaval|Moxie|boost
|-boost|p1a: Quaquaval|atk|1
|
|upkeep
|
|t:|1758314065
|switch|p2a: Incineroar|Incineroar, M|32/100
|-ability|p2a: Incineroar|Intimidate|boost
|-unboost|p1a: Quaquaval|atk|1
|turn|9
|
|t:|1758314072
|move|p1a: Quaquaval|Knock Off|p2a: Incineroar
|-resisted|p2a: Incineroar
|-damage|p2a: Incineroar|6/100
|-enditem|p2a: Incineroar|Heavy-Duty Boots|[from] move: Knock Off|[of] p1a: Quaquaval
|move|p2a: Incineroar|Knock Off|p1a: Quaquaval
|-resisted|p1a: Quaquaval
|-damage|p1a: Quaquaval|0 fnt
|-enditem|p1a: Quaquaval|Choice Band|[from] move: Knock Off|[of] p2a: Incineroar
|faint|p1a: Quaquaval
|
|upkeep
|
|t:|1758314080
|switch|p1a: Ceruledge|Ceruledge, M|100/100
|turn|10
|
|t:|1758314084
|move|p1a: Ceruledge|Shadow Sneak|p2a: Incineroar
|-resisted|p2a: Incineroar
|-damage|p2a: Incineroar|0 fnt
|faint|p2a: Incineroar
|
|upkeep
|
|t:|1758314089
|switch|p2a: Landorus|Landorus-Therian, M|100/100
|-ability|p2a: Landorus|Intimidate|boost
|-unboost|p1a: Ceruledge|atk|1
|turn|11
|
|t:|1758314096
|switch|p1a: Talonflame|Talonflame, M|100/100
|move|p2a: Landorus|Earthquake|p1a: Talonflame
|-immune|p1a: Talonflame
|
|upkeep
|turn|12
|
|t:|1758314102
|switch|p2a: Amoonguss|Amoonguss, M|100/100
|-activate|p2a: Amoonguss|move: Sticky Web
|-unboost|p2a: Amoonguss|spe|1
|move|p1a: Talonflame|Swords Dance|p1a: Talonflame
|-boost|p1a: Talonflame|atk|2
|
|upkeep
|turn|13
|
|t:|1758314110
|move|p1a: Talonflame|Brave Bird|p2a: Amoonguss
|-supereffective|p2a: Amoonguss
|-damage|p2a: Amoonguss|0 fnt
|faint|p2a: Amoonguss
|-damage|p1a: Talonflame|53/100|[from] Recoil
|
|upkeep
|
|t:|1758314120
|switch|p2a: Quaquaval|Quaquaval, M|100/100
|-activate|p2a: Quaquaval|move: Sticky Web
|-unboost|p2a: Quaquaval|spe|1
|turn|14
|
|t:|1758314125
|move|p2a: Quaquaval|Aqua Jet|p1a: Talonflame
|-supereffective|p1a: Talonflame
|-damage|p1a: Talonflame|0 fnt
|faint|p1a: Talonflame
|-ability|p2a: Quaquaval|Moxie|boost
|-boost|p2a: Quaquaval|atk|1
|
|upkeep
|
|t:|1758314130
|switch|p1a: Dragonite|Dragonite, F|100/100
|turn|15
|
|t:|1758314134
|move|p1a: Dragonite|Dragon Claw|p2a: Quaquaval
|-damage|p2a: Quaquaval|49/100
|move|p2a: Quaquaval|Triple Axel|p1a: Dragonite
|-supereffective|p1a: Dragonite
|-damage|p1a: Dragonite|81/100
|-enditem|p1a: Dragonite|Weakness Policy
|-boost|p1a: Dragonite|atk|2|[from] item: Weakness Policy
|-boost|p1a: Dragonite|spa|2|[from] item: Weakness Policy
|-supereffective|p1a: Dragonite
|-damage|p1a: Dragonite|10/100
|-hitcount|p1a: Dragonite|2
|
|upkeep
|turn|16
|
|t:|1758314145
|move|p2a: Quaquaval|Aqua Jet|p1a: Dragonite
|-resisted|p1a: Dragonite
|-damage|p1a: Dragonite|0 fnt
|faint|p1a: Dragonite
|-ability|p2a: Quaquaval|Moxie|boost
|-boost|p2a: Quaquaval|atk|1
|
|upkeep
|
|t:|1758314148
|switch|p1a: Ceruledge|Ceruledge, M|100/100
|turn|17
|
|t:|1758314153
|-terastallize|p1a: Ceruledge|Bug
|move|p2a: Quaquaval|Aqua Jet|p1a: Ceruledge
|-damage|p1a: Ceruledge|42/100
|-ability|p1a: Ceruledge|Weak Armor|boost
|-unboost|p1a: Ceruledge|def|1
|-boost|p1a: Ceruledge|spe|2
|move|p1a: Ceruledge|Swords Dance|p1a: Ceruledge
|-boost|p1a: Ceruledge|atk|2
|
|upkeep
|turn|18
|
|t:|1758314164
|move|p1a: Ceruledge|Shadow Sneak|p2a: Quaquaval
|-damage|p2a: Quaquaval|0 fnt
|faint|p2a: Quaquaval
|
|upkeep
|
|t:|1758314171
|switch|p2a: Landorus|Landorus-Therian, M|100/100
|-ability|p2a: Landorus|Intimidate|boost
|-unboost|p1a: Ceruledge|atk|1
|turn|19
|
|t:|1758314177
|move|p1a: Ceruledge|Bitter Blade|p2a: Landorus
|-damage|p2a: Landorus|19/100
|-heal|p1a: Ceruledge|86/100|[from] drain|[of] p2a: Landorus
|move|p2a: Landorus|Earthquake|p1a: Ceruledge
|-resisted|p1a: Ceruledge
|-damage|p1a: Ceruledge|23/100
|-ability|p1a: Ceruledge|Weak Armor|boost
|-unboost|p1a: Ceruledge|def|1
|-boost|p1a: Ceruledge|spe|2
|
|upkeep
|turn|20
|
|t:|1758314189
|move|p1a: Ceruledge|Bitter Blade|p2a: Landorus
|-damage|p2a: Landorus|0 fnt
|-heal|p1a: Ceruledge|33/100|[from] drain|[of] p2a: Landorus
|faint|p2a: Landorus
|
|upkeep
|
|t:|1758314193
|switch|p2a: Raging Bolt|Raging Bolt|100/100
|-activate|p2a: Raging Bolt|move: Sticky Web
|-unboost|p2a: Raging Bolt|spe|1
|-enditem|p2a: Raging Bolt|Booster Energy
|-activate|p2a: Raging Bolt|ability: Protosynthesis|[fromitem]
|-start|p2a: Raging Bolt|protosynthesisspa
|turn|21
|
|t:|1758314203
|move|p1a: Ceruledge|Bitter Blade|p2a: Raging Bolt
|-resisted|p2a: Raging Bolt
|-damage|p2a: Raging Bolt|69/100
|-heal|p1a: Ceruledge|58/100|[from] drain|[of] p2a: Raging Bolt
|move|p2a: Raging Bolt|Ancient Power|p1a: Ceruledge
|-supereffective|p1a: Ceruledge
|-damage|p1a: Ceruledge|0 fnt
|faint|p1a: Ceruledge
|
|win|AntonioG14
|raw|Attackthegoat's rating: 1325 &rarr; <strong>1307</strong><br />(-18 for losing)
|raw|AntonioG14's rating: 1356 &rarr; <strong>1374</strong><br />(+18 for winning)
|l|‽Attackthegoat
|player|p1|
|l|☆AntonioG14
|player|p2|
