|j|☆takeyouout
|j|☆Drudger
|t:|1758254426
|gametype|singles
|player|p1|takeyouout|richboy|1496
|player|p2|Drudger|brawly|1463
|gen|9
|tier|[Gen 9] OU
|rated|
|rule|HP Percentage Mod: HP is shown in percentages
|rule|Endless Battle Clause: Forcing endless battles is banned
|rule|Species Clause: Limit one of each Pokémon
|rule|OHKO Clause: OHKO moves are banned
|rule|Evasion Items Clause: Evasion items are banned
|rule|Evasion Moves Clause: Evasion moves are banned
|rule|Evasion Abilities Clause: Evasion abilities are banned
|rule|Sleep Moves Clause: Sleep-inducing moves are banned
|clearpoke
|poke|p1|Tyranitar, F|
|poke|p1|Garganacl, M|
|poke|p1|Deoxys-Speed|
|poke|p1|Alomomola, F|
|poke|p1|Excadrill, M|
|poke|p1|Tornadus-Therian, M|
|poke|p2|Blaziken, M|
|poke|p2|Corviknight, M|
|poke|p2|Enamorus, F|
|poke|p2|Landorus-Therian, M|
|poke|p2|Ogerpon-Wellspring, F|
|poke|p2|Kyurem|
|teampreview
|
|t:|1758254465
|teamsize|p1|6
|teamsize|p2|6
|start
|switch|p1a: Sri Lanka|Tornadus-Therian, M|100/100
|switch|p2a: Ogerpon|Ogerpon-Wellspring, F|100/100
|turn|1
|inactive|Battle timer is ON: inactive players will automatically lose when time's up. (requested by Drudger)
|inactive|takeyouout has 120 seconds left.
|inactive|takeyouout has 90 seconds left.
|
|t:|1758254604
|switch|p2a: Kyurem|Kyurem|100/100
|-ability|p2a: Kyurem|Pressure
|move|p1a: Sri Lanka|Nasty Plot|p1a: Sri Lanka
|-boost|p1a: Sri Lanka|spa|2
|
|upkeep
|turn|2
|
|t:|1758254613
|move|p1a: Sri Lanka|Bleakwind Storm|p2a: Kyurem|[miss]
|-miss|p1a: Sri Lanka|p2a: Kyurem
|move|p2a: Kyurem|Icicle Spear|p1a: Sri Lanka
|-supereffective|p1a: Sri Lanka
|-damage|p1a: Sri Lanka|66/100
|-supereffective|p1a: Sri Lanka
|-damage|p1a: Sri Lanka|30/100
|-supereffective|p1a: Sri Lanka
|-damage|p1a: Sri Lanka|0 fnt
|faint|p1a: Sri Lanka
|-hitcount|p1: Sri Lanka|3
|
|upkeep
|
|t:|1758254627
|switch|p1a: RockIce|Garganacl, M|100/100
|turn|3
|
|t:|1758254637
|move|p2a: Kyurem|Scale Shot|p1a: RockIce
|-damage|p1a: RockIce|92/100
|-damage|p1a: RockIce|83/100
|-damage|p1a: RockIce|75/100
|-damage|p1a: RockIce|66/100
|-damage|p1a: RockIce|58/100
|-hitcount|p1a: RockIce|5
|-unboost|p2a: Kyurem|def|1
|-boost|p2a: Kyurem|spe|1
|move|p1a: RockIce|Curse|p1a: RockIce
|-unboost|p1a: RockIce|spe|1
|-boost|p1a: RockIce|atk|1
|-boost|p1a: RockIce|def|1
|
|-heal|p1a: RockIce|64/100|[from] item: Leftovers
|upkeep
|turn|4
|
|t:|1758254654
|switch|p2a: Ogerpon|Ogerpon-Wellspring, F|100/100
|move|p1a: RockIce|Salt Cure|p2a: Ogerpon
|-crit|p2a: Ogerpon
|-damage|p2a: Ogerpon|60/100
|-start|p2a: Ogerpon|Salt Cure
|
|-heal|p1a: RockIce|70/100|[from] item: Leftovers
|-damage|p2a: Ogerpon|35/100|[from] Salt Cure
|upkeep
|turn|5
|
|t:|1758254666
|move|p1a: RockIce|Protect|p1a: RockIce
|-singleturn|p1a: RockIce|Protect
|move|p2a: Ogerpon|Knock Off|p1a: RockIce
|-activate|p1a: RockIce|move: Protect
|
|-heal|p1a: RockIce|76/100|[from] item: Leftovers
|-damage|p2a: Ogerpon|10/100|[from] Salt Cure
|upkeep
|turn|6
|
|t:|1758254675
|move|p2a: Ogerpon|Encore|p1a: RockIce
|-start|p1a: RockIce|Encore
|move|p1a: RockIce|Protect||[still]
|-fail|p1a: RockIce
|
|-heal|p1a: RockIce|83/100|[from] item: Leftovers
|-damage|p2a: Ogerpon|0 fnt|[from] Salt Cure
|faint|p2a: Ogerpon
|upkeep
|
|t:|1758254685
|switch|p2a: Blaziken|Blaziken, M|100/100
|turn|7
|
|t:|1758254689
|switch|p1a: Broomhilda|Tyranitar, F, shiny|100/100
|-weather|Sandstorm|[from] ability: Sand Stream|[of] p1a: Broomhilda
|move|p2a: Blaziken|Swords Dance|p2a: Blaziken
|-boost|p2a: Blaziken|atk|2
|
|-weather|Sandstorm|[upkeep]
|-damage|p2a: Blaziken|95/100|[from] Sandstorm
|-ability|p2a: Blaziken|Speed Boost|boost
|-boost|p2a: Blaziken|spe|1
|upkeep
|turn|8
|
|t:|1758254700
|switch|p1a: Molllllyyyyy|Alomomola, F, shiny|100/100
|move|p2a: Blaziken|Protect||[still]
|-fail|p2a: Blaziken
|
|-weather|Sandstorm|[upkeep]
|-damage|p2a: Blaziken|89/100|[from] Sandstorm
|-damage|p1a: Molllllyyyyy|94/100|[from] Sandstorm
|-ability|p2a: Blaziken|Speed Boost|boost
|-boost|p2a: Blaziken|spe|1
|upkeep
|turn|9
|
|t:|1758254711
|-terastallize|p2a: Blaziken|Electric
|move|p2a: Blaziken|Close Combat|p1a: Molllllyyyyy
|-damage|p1a: Molllllyyyyy|0 fnt
|-unboost|p2a: Blaziken|def|1
|-unboost|p2a: Blaziken|spd|1
|-damage|p2a: Blaziken|72/100|[from] item: Rocky Helmet|[of] p1a: Molllllyyyyy
|faint|p1a: Molllllyyyyy
|-damage|p2a: Blaziken|62/100|[from] item: Life Orb
|
|-weather|Sandstorm|[upkeep]
|-damage|p2a: Blaziken|56/100|[from] Sandstorm
|-ability|p2a: Blaziken|Speed Boost|boost
|-boost|p2a: Blaziken|spe|1
|upkeep
|
|t:|1758254729
|switch|p1a: Starscream|Excadrill, M|100/100
|turn|10
|
|t:|1758254734
|switch|p1a: Broomhilda|Tyranitar, F, shiny|100/100
|move|p2a: Blaziken|Protect||[still]
|-fail|p2a: Blaziken
|
|-weather|Sandstorm|[upkeep]
|-damage|p2a: Blaziken|50/100|[from] Sandstorm
|-ability|p2a: Blaziken|Speed Boost|boost
|-boost|p2a: Blaziken|spe|1
|upkeep
|turn|11
|
|t:|1758254744
|switch|p1a: 99|Deoxys-Speed|100/100
|-ability|p1a: 99|Pressure
|move|p2a: Blaziken|Close Combat|p1a: 99
|-resisted|p1a: 99
|-damage|p1a: 99|0 fnt
|-unboost|p2a: Blaziken|def|1
|-unboost|p2a: Blaziken|spd|1
|faint|p1a: 99
|-damage|p2a: Blaziken|40/100|[from] item: Life Orb
|
|-weather|none
|-ability|p2a: Blaziken|Speed Boost|boost
|-boost|p2a: Blaziken|spe|1
|upkeep
|
|t:|1758254747
|switch|p1a: Broomhilda|Tyranitar, F, shiny|100/100
|-weather|Sandstorm|[from] ability: Sand Stream|[of] p1a: Broomhilda
|turn|12
|
|t:|1758254762
|move|p2a: Blaziken|Close Combat|p1a: Broomhilda
|-supereffective|p1a: Broomhilda
|-damage|p1a: Broomhilda|0 fnt
|-unboost|p2a: Blaziken|def|1
|-unboost|p2a: Blaziken|spd|1
|faint|p1a: Broomhilda
|-damage|p2a: Blaziken|30/100|[from] item: Life Orb
|
|-weather|Sandstorm|[upkeep]
|-damage|p2a: Blaziken|24/100|[from] Sandstorm
|-ability|p2a: Blaziken|Speed Boost|boost
|-boost|p2a: Blaziken|spe|1
|upkeep
|
|t:|1758254768
|switch|p1a: Starscream|Excadrill, M|100/100
|turn|13
|
|t:|1758254776
|move|p2a: Blaziken|Close Combat|p1a: Starscream
|-supereffective|p1a: Starscream
|-damage|p1a: Starscream|0 fnt
|-unboost|p2a: Blaziken|def|1
|-unboost|p2a: Blaziken|spd|1
|faint|p1a: Starscream
|-damage|p2a: Blaziken|14/100|[from] item: Life Orb
|
|-weather|Sandstorm|[upkeep]
|-damage|p2a: Blaziken|8/100|[from] Sandstorm
|upkeep
|
|t:|1758254781
|switch|p1a: RockIce|Garganacl, M|83/100
|turn|14
|
|t:|1758254789
|move|p1a: RockIce|Protect|p1a: RockIce
|-singleturn|p1a: RockIce|Protect
|move|p2a: Blaziken|Close Combat|p1a: RockIce
|-activate|p1a: RockIce|move: Protect
|
|-weather|Sandstorm|[upkeep]
|-damage|p2a: Blaziken|2/100|[from] Sandstorm
|-heal|p1a: RockIce|89/100|[from] item: Leftovers
|upkeep
|turn|15
|
|t:|1758254801
|move|p1a: RockIce|Protect||[still]
|-fail|p1a: RockIce
|move|p2a: Blaziken|Close Combat|p1a: RockIce
|-supereffective|p1a: RockIce
|-damage|p1a: RockIce|0 fnt
|-unboost|p2a: Blaziken|def|1
|-unboost|p2a: Blaziken|spd|1
|faint|p1a: RockIce
|-damage|p2a: Blaziken|0 fnt|[from] item: Life Orb
|faint|p2a: Blaziken
|
|win|Drudger
|raw|takeyouout's rating: 1521 &rarr; <strong>1498</strong><br />(-23 for losing)
|raw|Drudger's rating: 1463 &rarr; <strong>1486</strong><br />(+23 for winning)
|l|☆takeyouout
|player|p1|
