|j|☆Dariokemontraining
|j|☆Denvertzzz
|t:|1758278596
|gametype|singles
|player|p1|Dariokemontraining|102|1299
|player|p2|Denvertzzz|101|1282
|gen|9
|tier|[Gen 9] OU
|rated|
|rule|HP Percentage Mod: HP is shown in percentages
|rule|Endless Battle Clause: Forcing endless battles is banned
|rule|Species Clause: Limit one of each Pokémon
|rule|OHKO Clause: OHKO moves are banned
|rule|Evasion Items Clause: Evasion items are banned
|rule|Evasion Moves Clause: Evasion moves are banned
|rule|Evasion Abilities Clause: Evasion abilities are banned
|rule|Sleep Moves Clause: Sleep-inducing moves are banned
|clearpoke
|poke|p1|Darkrai|
|poke|p1|Iron Treads|
|poke|p1|Latias, F|
|poke|p1|Dragonite, F|
|poke|p1|Dragapult, F|
|poke|p1|Kingdra, F|
|poke|p2|Rillaboom, F|
|poke|p2|Ogerpon-Cornerstone, F|
|poke|p2|Sceptile, F|
|poke|p2|Stonjourner, F|
|poke|p2|Amoonguss, F|
|poke|p2|Enamorus, F|
|teampreview
|inactive|Battle timer is ON: inactive players will automatically lose when time's up. (requested by Denvertzzz)
|
|t:|1758278609
|teamsize|p1|6
|teamsize|p2|6
|start
|switch|p1a: Darkrai|Darkrai|100/100
|switch|p2a: Anya Neeze|Enamorus, F, shiny|100/100
|turn|1
|
|t:|1758278616
|-terastallize|p2a: Anya Neeze|Stellar
|move|p2a: Anya Neeze|Tera Blast|p1a: Darkrai|[anim] Tera Blast Stellar
|-damage|p1a: Darkrai|34/100
|-boost|p2a: Anya Neeze|atk|1
|-boost|p2a: Anya Neeze|spa|1
|move|p1a: Darkrai|Ice Beam|p2a: Anya Neeze
|-supereffective|p2a: Anya Neeze
|-damage|p2a: Anya Neeze|15/100
|
|upkeep
|turn|2
|
|t:|1758278626
|move|p2a: Anya Neeze|Tera Blast|p1a: Darkrai|[anim] Tera Blast Stellar
|-damage|p1a: Darkrai|0 fnt
|-boost|p2a: Anya Neeze|atk|1
|-boost|p2a: Anya Neeze|spa|1
|faint|p1a: Darkrai
|
|upkeep
|
|t:|1758278635
|switch|p1a: Dragonite|Dragonite, F|100/100
|turn|3
|
|t:|1758278645
|switch|p2a: Master Bates|Stonjourner, F, shiny|100/100
|move|p1a: Dragonite|Extreme Speed|p2a: Master Bates
|-resisted|p2a: Master Bates
|-damage|p2a: Master Bates|90/100
|
|upkeep
|turn|4
|
|t:|1758278658
|switch|p1a: Iron Treads|Iron Treads|100/100
|-enditem|p1a: Iron Treads|Booster Energy
|-activate|p1a: Iron Treads|ability: Quark Drive|[fromitem]
|-start|p1a: Iron Treads|quarkdrivespe
|move|p2a: Master Bates|Stone Edge|p1a: Iron Treads|[miss]
|-miss|p2a: Master Bates|p1a: Iron Treads
|
|upkeep
|turn|5
|
|t:|1758278667
|move|p1a: Iron Treads|Stealth Rock|p2a: Master Bates
|-sidestart|p2: Denvertzzz|move: Stealth Rock
|move|p2a: Master Bates|Heat Crash|p1a: Iron Treads
|-supereffective|p1a: Iron Treads
|-damage|p1a: Iron Treads|58/100
|
|upkeep
|turn|6
|
|t:|1758278677
|move|p1a: Iron Treads|Earthquake|p2a: Master Bates
|-supereffective|p2a: Master Bates
|-damage|p2a: Master Bates|29/100
|move|p2a: Master Bates|Body Press|p1a: Iron Treads
|-supereffective|p1a: Iron Treads
|-damage|p1a: Iron Treads|5/100
|
|upkeep
|turn|7
|
|t:|1758278693
|switch|p2a: Anya Neeze|Enamorus, F, shiny, tera:Stellar|15/100
|-damage|p2a: Anya Neeze|0 fnt|[from] Stealth Rock
|faint|p2a: Anya Neeze
|move|p1a: Iron Treads|Earthquake|p2: Anya Neeze|[notarget]
|-fail|p1a: Iron Treads
|
|upkeep
|
|t:|1758278701
|switch|p2a: Ben Derhover|Rillaboom, F|100/100
|-damage|p2a: Ben Derhover|88/100|[from] Stealth Rock
|-fieldstart|move: Grassy Terrain|[from] ability: Grassy Surge|[of] p2a: Ben Derhover
|turn|8
|
|t:|1758278711
|move|p2a: Ben Derhover|Grassy Glide|p1a: Iron Treads
|-damage|p1a: Iron Treads|0 fnt
|faint|p1a: Iron Treads
|-end|p1a: Iron Treads|Quark Drive|[silent]
|
|-heal|p2a: Ben Derhover|94/100|[from] Grassy Terrain
|upkeep
|
|t:|1758278720
|switch|p1a: Dragapult|Dragapult, F|100/100
|turn|9
|
|t:|1758278723
|move|p1a: Dragapult|U-turn|p2a: Ben Derhover
|-supereffective|p2a: Ben Derhover
|-damage|p2a: Ben Derhover|52/100
|
|t:|1758278732
|switch|p1a: Latias|Latias, F|100/100|[from] U-turn
|move|p2a: Ben Derhover|Knock Off|p1a: Latias
|-supereffective|p1a: Latias
|-damage|p1a: Latias|45/100
|-enditem|p1a: Latias|Weakness Policy
|-boost|p1a: Latias|atk|2|[from] item: Weakness Policy
|-boost|p1a: Latias|spa|2|[from] item: Weakness Policy
|
|-heal|p2a: Ben Derhover|58/100|[from] Grassy Terrain
|upkeep
|turn|10
|
|t:|1758278753
|move|p2a: Ben Derhover|Grassy Glide|p1a: Latias
|-resisted|p1a: Latias
|-damage|p1a: Latias|31/100
|move|p1a: Latias|Agility|p1a: Latias
|-boost|p1a: Latias|spe|2
|
|-heal|p2a: Ben Derhover|64/100|[from] Grassy Terrain
|upkeep
|turn|11
|
|t:|1758278763
|move|p1a: Latias|Stored Power|p2a: Ben Derhover
|-damage|p2a: Ben Derhover|0 fnt
|faint|p2a: Ben Derhover
|
|upkeep
|
|t:|1758278771
|switch|p2a: Yuri Nator|Sceptile, F|100/100
|-damage|p2a: Yuri Nator|88/100|[from] Stealth Rock
|turn|12
|
|t:|1758278782
|move|p1a: Latias|Stored Power|p2a: Yuri Nator
|-damage|p2a: Yuri Nator|0 fnt
|faint|p2a: Yuri Nator
|
|upkeep
|
|t:|1758278789
|switch|p2a: Connie Lingus|Amoonguss, F, shiny|100/100
|-damage|p2a: Connie Lingus|88/100|[from] Stealth Rock
|turn|13
|
|t:|1758278797
|-terastallize|p1a: Latias|Poison
|move|p1a: Latias|Stored Power|p2a: Connie Lingus
|-supereffective|p2a: Connie Lingus
|-damage|p2a: Connie Lingus|0 fnt
|faint|p2a: Connie Lingus
|
|upkeep
|
|t:|1758278804
|switch|p2a: Gabe Utsecks|Ogerpon-Cornerstone, F|100/100
|-damage|p2a: Gabe Utsecks|88/100|[from] Stealth Rock
|turn|14
|
|t:|1758278811
|move|p1a: Latias|Stored Power|p2a: Gabe Utsecks
|-damage|p2a: Gabe Utsecks|0 fnt
|faint|p2a: Gabe Utsecks
|
|upkeep
|
|t:|1758278817
|switch|p2a: Master Bates|Stonjourner, F, shiny|29/100
|-damage|p2a: Master Bates|16/100|[from] Stealth Rock
|turn|15
|-enditem|p2a: Master Bates|Custap Berry|[eat]
|-activate|p2a: Master Bates|item: Custap Berry|[consumed]
|
|t:|1758278822
|move|p2a: Master Bates|Stone Edge|p1a: Latias
|-damage|p1a: Latias|0 fnt
|faint|p1a: Latias
|
|-heal|p2a: Master Bates|22/100|[from] Grassy Terrain
|-fieldend|move: Grassy Terrain
|upkeep
|
|t:|1758278832
|switch|p1a: Kingdra|Kingdra, F|100/100
|turn|16
|
|t:|1758278836
|move|p1a: Kingdra|Surf|p2a: Master Bates
|-supereffective|p2a: Master Bates
|-damage|p2a: Master Bates|0 fnt
|faint|p2a: Master Bates
|
|win|Dariokemontraining
|raw|Dariokemontraining's rating: 1299 &rarr; <strong>1323</strong><br />(+24 for winning)
|raw|Denvertzzz's rating: 1282 &rarr; <strong>1258</strong><br />(-24 for losing)
|l|☆Denvertzzz
|player|p2|
|l|☆Dariokemontraining
|player|p1|
