|j|☆naditza
|j|☆Reo75
|inactive|Battle timer is ON: inactive players will automatically lose when time's up.
|t:|1758310754
|gametype|singles
|player|p1|naditza|170|
|player|p2|Reo75|turo-ai|
|gen|9
|tier|[Gen 9] OU
|rated|Tournament battle
|rule|HP Percentage Mod: HP is shown in percentages
|rule|Endless Battle Clause: Forcing endless battles is banned
|rule|Species Clause: Limit one of each Pokémon
|rule|OHKO Clause: OHKO moves are banned
|rule|Evasion Items Clause: Evasion items are banned
|rule|Evasion Moves Clause: Evasion moves are banned
|rule|Evasion Abilities Clause: Evasion abilities are banned
|rule|Sleep Moves Clause: Sleep-inducing moves are banned
|clearpoke
|poke|p1|Raging Bolt|
|poke|p1|Kingambit, M|
|poke|p1|Iron Valiant|
|poke|p1|Dragonite, M|
|poke|p1|Iron Moth|
|poke|p1|Ogerpon-Wellspring, F|
|poke|p2|Great Tusk|
|poke|p2|Dragapult, M|
|poke|p2|Ogerpon-Wellspring, F|
|poke|p2|Kingambit, F|
|poke|p2|Slowking-Galar, F|
|poke|p2|Landorus-Therian, M|
|teampreview
|j|*Lady Monita ☀
|inactive|Reo75 has 120 seconds left.
|
|t:|1758310786
|teamsize|p1|6
|teamsize|p2|6
|start
|switch|p1a: Dramaqueen|Ogerpon-Wellspring, F|100/100
|switch|p2a: Landorus|Landorus-Therian, M|100/100
|-ability|p2a: Landorus|Intimidate|boost
|-unboost|p1a: Dramaqueen|atk|1
|turn|1
|
|t:|1758310794
|move|p2a: Landorus|U-turn|p1a: Dramaqueen
|-supereffective|p1a: Dramaqueen
|-damage|p1a: Dramaqueen|36/100
|
|t:|1758310802
|switch|p2a: Dragapult|Dragapult, M|100/100|[from] U-turn
|move|p1a: Dramaqueen|Ivy Cudgel|p2a: Dragapult|[anim] Ivy Cudgel Water
|-resisted|p2a: Dragapult
|-damage|p2a: Dragapult|72/100
|
|upkeep
|turn|2
|j| Albrtix
|
|t:|1758310809
|move|p2a: Dragapult|Flamethrower|p1a: Dramaqueen
|-damage|p1a: Dramaqueen|0 fnt
|faint|p1a: Dramaqueen
|
|upkeep
|
|t:|1758310818
|switch|p1a: Neon|Iron Moth|100/100
|-enditem|p1a: Neon|Booster Energy
|-activate|p1a: Neon|ability: Quark Drive|[fromitem]
|-start|p1a: Neon|quarkdrivespe
|turn|3
|
|t:|1758310836
|switch|p2a: Slowking|Slowking-Galar, F|100/100
|move|p1a: Neon|Fiery Dance|p2a: Slowking
|-damage|p2a: Slowking|77/100
|-boost|p1a: Neon|spa|1
|
|upkeep
|turn|4
|inactive|Reo75 has 120 seconds left.
|j| yoyoyoyoyoyok
|
|t:|1758310885
|move|p1a: Neon|Substitute|p1a: Neon
|-start|p1a: Neon|Substitute
|-damage|p1a: Neon|76/100
|move|p2a: Slowking|Thunder Wave||[still]
|-fail|p2a: Slowking
|
|upkeep
|turn|5
|
|t:|1758310894
|move|p1a: Neon|Fiery Dance|p2a: Slowking
|-damage|p2a: Slowking|43/100
|move|p2a: Slowking|Future Sight|p1a: Neon
|-start|p2a: Slowking|move: Future Sight
|
|upkeep
|turn|6
|
|t:|1758310903
|move|p1a: Neon|Fiery Dance|p2a: Slowking
|-damage|p2a: Slowking|5/100
|-boost|p1a: Neon|spa|1
|-prepare|p2a: Slowking|Chilly Reception|[premajor]
|move|p2a: Slowking|Chilly Reception|p2a: Slowking
|-weather|Snowscape
|inactive|Reo75 has 90 seconds left.
|
|t:|1758310933
|switch|p2a: Ogerpon|Ogerpon-Wellspring, F|100/100|[from] Chilly Reception
|
|-weather|Snowscape|[upkeep]
|upkeep
|turn|7
|inactive|Reo75 has 90 seconds left.
|
|t:|1758310950
|-terastallize|p2a: Ogerpon|Water
|detailschange|p2a: Ogerpon|Ogerpon-Wellspring-Tera, F, tera:Water
|-ability|p2a: Ogerpon|Embody Aspect (Wellspring)|boost
|-boost|p2a: Ogerpon|spd|1
|move|p1a: Neon|Sludge Wave|p2a: Ogerpon
|-damage|p2a: Ogerpon|22/100
|move|p2a: Ogerpon|Ivy Cudgel|p1a: Neon|[anim] Ivy Cudgel Water
|-supereffective|p1a: Neon
|-end|p1a: Neon|Substitute
|
|-weather|Snowscape|[upkeep]
|-end|p1a: Neon|move: Future Sight
|-supereffective|p1a: Neon
|-crit|p1a: Neon
|-damage|p1a: Neon|0 fnt
|faint|p1a: Neon
|-end|p1a: Neon|Quark Drive|[silent]
|upkeep
|
|t:|1758310971
|switch|p1a: MC Thunder|Raging Bolt|100/100
|turn|8
|inactive|Reo75 has 90 seconds left.
|
|t:|1758310997
|switch|p2a: Great Tusk|Great Tusk|100/100
|move|p1a: MC Thunder|Draco Meteor|p2a: Great Tusk
|-damage|p2a: Great Tusk|0 fnt
|-unboost|p1a: MC Thunder|spa|2
|faint|p2a: Great Tusk
|-end|p2a: Great Tusk|Protosynthesis|[silent]
|
|-weather|Snowscape|[upkeep]
|upkeep
|
|t:|1758311003
|switch|p2a: Landorus|Landorus-Therian, M|100/100
|-ability|p2a: Landorus|Intimidate|boost
|-unboost|p1a: MC Thunder|atk|1
|turn|9
|
|t:|1758311011
|-end|p1a: MC Thunder|Protosynthesis|[silent]
|switch|p1a: Hurrikan|Dragonite, M|100/100
|move|p2a: Landorus|U-turn|p1a: Hurrikan
|-resisted|p1a: Hurrikan
|-damage|p1a: Hurrikan|93/100
|
|t:|1758311015
|switch|p2a: Dragapult|Dragapult, M|72/100|[from] U-turn
|
|-weather|Snowscape|[upkeep]
|upkeep
|turn|10
|
|t:|1758311021
|move|p2a: Dragapult|Shadow Ball|p1a: Hurrikan
|-damage|p1a: Hurrikan|38/100
|move|p1a: Hurrikan|Dragon Dance|p1a: Hurrikan
|-boost|p1a: Hurrikan|atk|1
|-boost|p1a: Hurrikan|spe|1
|
|-weather|none
|upkeep
|turn|11
|
|t:|1758311026
|move|p1a: Hurrikan|Ice Spinner|p2a: Dragapult
|-supereffective|p2a: Dragapult
|-damage|p2a: Dragapult|0 fnt
|faint|p2a: Dragapult
|
|upkeep
|
|t:|1758311033
|switch|p2a: Landorus|Landorus-Therian, M|100/100
|-ability|p2a: Landorus|Intimidate|boost
|-unboost|p1a: Hurrikan|atk|1
|turn|12
|
|t:|1758311037
|move|p2a: Landorus|Stone Edge|p1a: Hurrikan
|-supereffective|p1a: Hurrikan
|-damage|p1a: Hurrikan|0 fnt
|faint|p1a: Hurrikan
|
|upkeep
|
|t:|1758311046
|switch|p1a: Hypa Hypa|Iron Valiant|100/100
|-enditem|p1a: Hypa Hypa|Booster Energy
|-activate|p1a: Hypa Hypa|ability: Quark Drive|[fromitem]
|-start|p1a: Hypa Hypa|quarkdrivespe
|turn|13
|
|t:|1758311052
|switch|p2a: Ogerpon|Ogerpon-Wellspring-Tera, F, tera:Water|22/100
|-ability|p2a: Ogerpon|Embody Aspect (Wellspring)|boost
|-boost|p2a: Ogerpon|spd|1
|move|p1a: Hypa Hypa|Swords Dance|p1a: Hypa Hypa
|-boost|p1a: Hypa Hypa|atk|2
|
|upkeep
|turn|14
|
|t:|1758311060
|move|p1a: Hypa Hypa|Knock Off|p2a: Ogerpon
|-damage|p2a: Ogerpon|0 fnt
|faint|p2a: Ogerpon
|detailschange|p2: Ogerpon|Ogerpon-Wellspring, F|[silent]
|
|upkeep
|
|t:|1758311069
|switch|p2a: Landorus|Landorus-Therian, M|100/100
|-ability|p2a: Landorus|Intimidate|boost
|-unboost|p1a: Hypa Hypa|atk|1
|turn|15
|l| yoyoyoyoyoyok
|
|t:|1758311082
|switch|p2a: Slowking|Slowking-Galar, F|38/100
|move|p1a: Hypa Hypa|Spirit Break|p2a: Slowking
|-resisted|p2a: Slowking
|-damage|p2a: Slowking|8/100
|-unboost|p2a: Slowking|spa|1
|
|upkeep
|turn|16
|inactive|naditza has 120 seconds left.
|
|t:|1758311127
|move|p1a: Hypa Hypa|Knock Off|p2a: Slowking
|-supereffective|p2a: Slowking
|-damage|p2a: Slowking|0 fnt
|-enditem|p2a: Slowking|Heavy-Duty Boots|[from] move: Knock Off|[of] p1a: Hypa Hypa
|faint|p2a: Slowking
|
|upkeep
|
|t:|1758311129
|switch|p2a: Landorus|Landorus-Therian, M|100/100
|-ability|p2a: Landorus|Intimidate|boost
|-unboost|p1a: Hypa Hypa|atk|1
|turn|17
|
|t:|1758311136
|move|p1a: Hypa Hypa|Swords Dance|p1a: Hypa Hypa
|-boost|p1a: Hypa Hypa|atk|2
|move|p2a: Landorus|Earthquake|p1a: Hypa Hypa
|-crit|p1a: Hypa Hypa
|-damage|p1a: Hypa Hypa|0 fnt
|faint|p1a: Hypa Hypa
|-end|p1a: Hypa Hypa|Quark Drive|[silent]
|
|upkeep
|
|t:|1758311145
|switch|p1a: MC Thunder|Raging Bolt|100/100
|turn|18
|inactive|naditza has 120 seconds left.
|
|t:|1758311156
|-terastallize|p1a: MC Thunder|Dragon
|move|p2a: Landorus|Earthquake|p1a: MC Thunder
|-damage|p1a: MC Thunder|46/100
|move|p1a: MC Thunder|Draco Meteor|p2a: Landorus
|-damage|p2a: Landorus|0 fnt
|-unboost|p1a: MC Thunder|spa|2
|faint|p2a: Landorus
|
|upkeep
|
|t:|1758311158
|switch|p2a: Kingambit|Kingambit, F|100/100
|-activate|p2a: Kingambit|ability: Supreme Overlord
|-start|p2a: Kingambit|fallen5|[silent]
|turn|19
|
|t:|1758311170
|move|p1a: MC Thunder|Draco Meteor|p2a: Kingambit
|-resisted|p2a: Kingambit
|-damage|p2a: Kingambit|62/100
|-unboost|p1a: MC Thunder|spa|2
|move|p2a: Kingambit|Swords Dance|p2a: Kingambit
|-boost|p2a: Kingambit|atk|2
|
|-heal|p2a: Kingambit|68/100|[from] item: Leftovers
|upkeep
|turn|20
|inactive|Reo75 has 120 seconds left.
|
|t:|1758311208
|move|p1a: MC Thunder|Draco Meteor|p2a: Kingambit
|-resisted|p2a: Kingambit
|-damage|p2a: Kingambit|41/100
|-unboost|p1a: MC Thunder|spa|2
|move|p2a: Kingambit|Swords Dance|p2a: Kingambit
|-boost|p2a: Kingambit|atk|2
|
|-heal|p2a: Kingambit|47/100|[from] item: Leftovers
|upkeep
|turn|21
|inactive|Reo75 has 120 seconds left.
|
|t:|1758311222
|move|p1a: MC Thunder|Draco Meteor|p2a: Kingambit
|-resisted|p2a: Kingambit
|-damage|p2a: Kingambit|27/100
|move|p2a: Kingambit|Swords Dance|p2a: Kingambit
|-boost|p2a: Kingambit|atk|2
|
|-heal|p2a: Kingambit|33/100|[from] item: Leftovers
|upkeep
|turn|22
|
|t:|1758311230
|move|p2a: Kingambit|Sucker Punch|p1a: MC Thunder
|-damage|p1a: MC Thunder|0 fnt
|faint|p1a: MC Thunder
|-end|p1a: MC Thunder|Protosynthesis|[silent]
|
|-heal|p2a: Kingambit|39/100|[from] item: Leftovers
|upkeep
|
|t:|1758311232
|switch|p1a: Monsieur Moustache|Kingambit, M|100/100
|-activate|p1a: Monsieur Moustache|ability: Supreme Overlord
|-start|p1a: Monsieur Moustache|fallen5|[silent]
|turn|23
|
|t:|1758311245
|move|p1a: Monsieur Moustache|Iron Head|p2a: Kingambit
|-resisted|p2a: Kingambit
|-damage|p2a: Kingambit|11/100
|move|p2a: Kingambit|Kowtow Cleave|p1a: Monsieur Moustache
|-resisted|p1a: Monsieur Moustache
|-damage|p1a: Monsieur Moustache|0 fnt
|faint|p1a: Monsieur Moustache
|-end|p1a: Monsieur Moustache|fallen5|[silent]
|
|win|Reo75
|n|☆naditza|naditza
|n|☆Reo75|reo75
|n|*Lady Monita ☀|ladymonita
|n| Albrtix|albrtix
|l|*Lady Monita ☀
|c|☆naditza|gg
|c|☆Reo75|gg
