|j|☆Pwaite
|j|☆quolius
|t:|1758285543
|gametype|singles
|player|p1|Pwaite|101|1493
|player|p2|quolius|101|1543
|gen|9
|tier|[Gen 9] OU
|rated|
|rule|HP Percentage Mod: HP is shown in percentages
|rule|Endless Battle Clause: Forcing endless battles is banned
|rule|Species Clause: Limit one of each Pokémon
|rule|OHKO Clause: OHKO moves are banned
|rule|Evasion Items Clause: Evasion items are banned
|rule|Evasion Moves Clause: Evasion moves are banned
|rule|Evasion Abilities Clause: Evasion abilities are banned
|rule|Sleep Moves Clause: Sleep-inducing moves are banned
|clearpoke
|poke|p1|Pelipper, F|
|poke|p1|Hatterene, F|
|poke|p1|Iron Treads|
|poke|p1|Toxicroak, F|
|poke|p1|Barraskewda, F|
|poke|p1|Zapdos|
|poke|p2|Deoxys-Speed|
|poke|p2|Kyurem|
|poke|p2|Kingambit, M|
|poke|p2|Darkrai|
|poke|p2|Scizor, M|
|poke|p2|Raging Bolt|
|teampreview
|
|t:|1758285559
|teamsize|p1|6
|teamsize|p2|6
|start
|switch|p1a: Pelipper|Pelipper, F|100/100
|switch|p2a: Deoxys|Deoxys-Speed|100/100
|-ability|p2a: Deoxys|Pressure
|-weather|RainDance|[from] ability: Drizzle|[of] p1a: Pelipper
|turn|1
|inactive|Battle timer is ON: inactive players will automatically lose when time's up. (requested by Pwaite)
|
|t:|1758285566
|switch|p1a: Hatterene|Hatterene, F|100/100
|move|p2a: Deoxys|Reflect|p2a: Deoxys
|-sidestart|p2: quolius|Reflect
|
|-weather|RainDance|[upkeep]
|upkeep
|turn|2
|
|t:|1758285572
|move|p2a: Deoxys|Light Screen|p2a: Deoxys
|-sidestart|p2: quolius|move: Light Screen
|move|p1a: Hatterene|Nuzzle|p2a: Deoxys
|-damage|p2a: Deoxys|99/100
|-status|p2a: Deoxys|par
|
|-weather|RainDance|[upkeep]
|upkeep
|turn|3
|
|t:|1758285580
|switch|p2a: Raging Bolt|Raging Bolt|100/100
|-enditem|p2a: Raging Bolt|Booster Energy
|-activate|p2a: Raging Bolt|ability: Protosynthesis|[fromitem]
|-start|p2a: Raging Bolt|protosynthesisspa
|move|p1a: Hatterene|Draining Kiss|p2a: Raging Bolt
|-supereffective|p2a: Raging Bolt
|-damage|p2a: Raging Bolt|82/100
|
|-weather|RainDance|[upkeep]
|upkeep
|turn|4
|
|t:|1758285588
|switch|p1a: Iron Treads|Iron Treads|100/100
|move|p2a: Raging Bolt|Calm Mind|p2a: Raging Bolt
|-boost|p2a: Raging Bolt|spa|1
|-boost|p2a: Raging Bolt|spd|1
|
|-weather|RainDance|[upkeep]
|upkeep
|turn|5
|
|t:|1758285596
|move|p1a: Iron Treads|Earthquake|p2a: Raging Bolt
|-supereffective|p2a: Raging Bolt
|-damage|p2a: Raging Bolt|59/100
|move|p2a: Raging Bolt|Dragon Pulse|p1a: Iron Treads
|-resisted|p1a: Iron Treads
|-damage|p1a: Iron Treads|68/100
|
|-weather|RainDance|[upkeep]
|-heal|p1a: Iron Treads|74/100|[from] item: Leftovers
|upkeep
|turn|6
|
|t:|1758285612
|move|p1a: Iron Treads|Stealth Rock|p2a: Raging Bolt
|-sidestart|p2: quolius|move: Stealth Rock
|move|p2a: Raging Bolt|Dragon Pulse|p1a: Iron Treads
|-resisted|p1a: Iron Treads
|-damage|p1a: Iron Treads|47/100
|
|-weather|RainDance|[upkeep]
|-heal|p1a: Iron Treads|53/100|[from] item: Leftovers
|upkeep
|turn|7
|
|t:|1758285620
|-end|p1a: Iron Treads|Quark Drive|[silent]
|switch|p1a: Hatterene|Hatterene, F|100/100
|move|p2a: Raging Bolt|Dragon Pulse|p1a: Hatterene
|-immune|p1a: Hatterene
|
|-weather|RainDance|[upkeep]
|upkeep
|turn|8
|
|t:|1758285624
|switch|p1a: Iron Treads|Iron Treads|53/100
|move|p2a: Raging Bolt|Dragon Pulse|p1a: Iron Treads
|-resisted|p1a: Iron Treads
|-damage|p1a: Iron Treads|20/100
|
|-weather|none
|-heal|p1a: Iron Treads|26/100|[from] item: Leftovers
|-sideend|p2: quolius|Reflect
|upkeep
|turn|9
|
|t:|1758285632
|move|p1a: Iron Treads|Earthquake|p2a: Raging Bolt
|-supereffective|p2a: Raging Bolt
|-damage|p2a: Raging Bolt|12/100
|move|p2a: Raging Bolt|Dragon Pulse|p1a: Iron Treads
|-resisted|p1a: Iron Treads
|-damage|p1a: Iron Treads|0 fnt
|faint|p1a: Iron Treads
|-end|p1a: Iron Treads|Quark Drive|[silent]
|
|-sideend|p2: quolius|move: Light Screen
|upkeep
|
|t:|1758285642
|switch|p1a: Hatterene|Hatterene, F|100/100
|turn|10
|
|t:|1758285645
|move|p2a: Raging Bolt|Thunderbolt|p1a: Hatterene
|-damage|p1a: Hatterene|16/100
|-status|p1a: Hatterene|par
|-enditem|p1a: Hatterene|Eject Button
|
|t:|1758285649
|switch|p1a: Pelipper|Pelipper, F|100/100
|-weather|RainDance|[from] ability: Drizzle|[of] p1a: Pelipper
|
|-weather|RainDance|[upkeep]
|upkeep
|turn|11
|
|t:|1758285653
|switch|p1a: Hatterene|Hatterene, F|16/100 par
|move|p2a: Raging Bolt|Thunderclap||[still]
|-fail|p2a: Raging Bolt
|
|-weather|RainDance|[upkeep]
|upkeep
|turn|12
|
|t:|1758285662
|move|p2a: Raging Bolt|Thunderbolt|p1a: Hatterene
|-damage|p1a: Hatterene|0 fnt
|faint|p1a: Hatterene
|
|-weather|RainDance|[upkeep]
|upkeep
|
|t:|1758285667
|switch|p1a: Zapdos|Zapdos|100/100
|turn|13
|
|t:|1758285671
|move|p2a: Raging Bolt|Thunderclap|p1a: Zapdos
|-damage|p1a: Zapdos|23/100
|move|p1a: Zapdos|Hurricane|p2a: Raging Bolt
|-resisted|p2a: Raging Bolt
|-damage|p2a: Raging Bolt|0 fnt
|faint|p2a: Raging Bolt
|-end|p2a: Raging Bolt|Protosynthesis|[silent]
|
|-weather|RainDance|[upkeep]
|upkeep
|
|t:|1758285676
|switch|p2a: Darkrai|Darkrai|100/100
|-damage|p2a: Darkrai|88/100|[from] Stealth Rock
|turn|14
|
|t:|1758285682
|switch|p1a: Toxicroak|Toxicroak, F|100/100
|move|p2a: Darkrai|Dark Pulse|p1a: Toxicroak
|-resisted|p1a: Toxicroak
|-damage|p1a: Toxicroak|77/100
|
|-weather|RainDance|[upkeep]
|-heal|p1a: Toxicroak|89/100|[from] ability: Dry Skin
|-heal|p2a: Darkrai|94/100|[from] item: Leftovers
|upkeep
|turn|15
|
|t:|1758285691
|switch|p2a: Deoxys|Deoxys-Speed|99/100 par
|-damage|p2a: Deoxys|86/100 par|[from] Stealth Rock
|-ability|p2a: Deoxys|Pressure
|move|p1a: Toxicroak|Knock Off|p2a: Deoxys
|-supereffective|p2a: Deoxys
|-damage|p2a: Deoxys|43/100 par
|-enditem|p2a: Deoxys|Light Clay|[from] move: Knock Off|[of] p1a: Toxicroak
|
|-weather|RainDance|[upkeep]
|-heal|p1a: Toxicroak|100/100|[from] ability: Dry Skin
|upkeep
|turn|16
|
|t:|1758285703
|switch|p1a: Barraskewda|Barraskewda, F|100/100
|move|p2a: Deoxys|Reflect|p2a: Deoxys
|-sidestart|p2: quolius|Reflect
|
|-weather|RainDance|[upkeep]
|upkeep
|turn|17
|
|t:|1758285707
|move|p1a: Barraskewda|Liquidation|p2a: Deoxys
|-damage|p2a: Deoxys|0 fnt
|faint|p2a: Deoxys
|
|-weather|none
|upkeep
|
|t:|1758285716
|switch|p2a: Kyurem|Kyurem|100/100
|-damage|p2a: Kyurem|76/100|[from] Stealth Rock
|-ability|p2a: Kyurem|Pressure
|turn|18
|
|t:|1758285728
|switch|p1a: Toxicroak|Toxicroak, F|100/100
|move|p2a: Kyurem|Dragon Dance|p2a: Kyurem
|-boost|p2a: Kyurem|atk|1
|-boost|p2a: Kyurem|spe|1
|
|upkeep
|turn|19
|
|t:|1758285740
|move|p2a: Kyurem|Icicle Spear|p1a: Toxicroak
|-damage|p1a: Toxicroak|84/100
|-damage|p1a: Toxicroak|65/100
|-damage|p1a: Toxicroak|49/100
|-damage|p1a: Toxicroak|31/100
|-hitcount|p1a: Toxicroak|4
|move|p1a: Toxicroak|Toxic|p2a: Kyurem
|-status|p2a: Kyurem|tox
|
|-damage|p2a: Kyurem|69/100 tox|[from] psn
|upkeep
|turn|20
|
|t:|1758285752
|move|p2a: Kyurem|Scale Shot|p1a: Toxicroak
|-damage|p1a: Toxicroak|14/100
|-damage|p1a: Toxicroak|0 fnt
|faint|p1a: Toxicroak
|-hitcount|p1: Toxicroak|2
|-unboost|p2a: Kyurem|def|1
|-boost|p2a: Kyurem|spe|1
|
|-damage|p2a: Kyurem|57/100 tox|[from] psn
|-sideend|p2: quolius|Reflect
|upkeep
|
|t:|1758285756
|switch|p1a: Pelipper|Pelipper, F|100/100
|-weather|RainDance|[from] ability: Drizzle|[of] p1a: Pelipper
|turn|21
|
|t:|1758285760
|move|p2a: Kyurem|Icicle Spear|p1a: Pelipper
|-damage|p1a: Pelipper|81/100
|-damage|p1a: Pelipper|60/100
|-damage|p1a: Pelipper|38/100
|-damage|p1a: Pelipper|18/100
|-hitcount|p1a: Pelipper|4
|move|p1a: Pelipper|Hurricane|p2a: Kyurem
|-damage|p2a: Kyurem|29/100 tox
|
|-weather|RainDance|[upkeep]
|-damage|p2a: Kyurem|11/100 tox|[from] psn
|upkeep
|turn|22
|
|t:|1758285771
|move|p2a: Kyurem|Scale Shot|p1a: Pelipper
|-damage|p1a: Pelipper|0 fnt
|faint|p1a: Pelipper
|-hitcount|p1: Pelipper|1
|-unboost|p2a: Kyurem|def|1
|-boost|p2a: Kyurem|spe|1
|
|-weather|RainDance|[upkeep]
|-damage|p2a: Kyurem|0 fnt|[from] psn
|faint|p2a: Kyurem
|upkeep
|
|t:|1758285779
|switch|p2a: Darkrai|Darkrai|94/100
|switch|p1a: Barraskewda|Barraskewda, F|100/100
|-damage|p2a: Darkrai|82/100|[from] Stealth Rock
|turn|23
|
|t:|1758285785
|switch|p2a: Scizor|Scizor, M|100/100
|-damage|p2a: Scizor|88/100|[from] Stealth Rock
|-terastallize|p1a: Barraskewda|Water
|move|p1a: Barraskewda|Liquidation|p2a: Scizor
|-damage|p2a: Scizor|0 fnt
|faint|p2a: Scizor
|
|-weather|RainDance|[upkeep]
|upkeep
|
|t:|1758285788
|switch|p2a: Kingambit|Kingambit, M|100/100
|-damage|p2a: Kingambit|94/100|[from] Stealth Rock
|-activate|p2a: Kingambit|ability: Supreme Overlord
|-start|p2a: Kingambit|fallen4|[silent]
|turn|24
|
|t:|1758285798
|move|p1a: Barraskewda|Liquidation|p2a: Kingambit
|-damage|p2a: Kingambit|0 fnt
|faint|p2a: Kingambit
|-end|p2a: Kingambit|fallen4|[silent]
|
|-weather|RainDance|[upkeep]
|upkeep
|
|t:|1758285800
|switch|p2a: Darkrai|Darkrai|82/100
|-damage|p2a: Darkrai|69/100|[from] Stealth Rock
|turn|25
|
|t:|1758285805
|move|p1a: Barraskewda|Liquidation|p2a: Darkrai
|-damage|p2a: Darkrai|0 fnt
|faint|p2a: Darkrai
|
|win|Pwaite
|raw|Pwaite's rating: 1493 &rarr; <strong>1516</strong><br />(+23 for winning)
|raw|quolius's rating: 1543 &rarr; <strong>1520</strong><br />(-23 for losing)
|l|☆quolius
|player|p2|
