|j|☆Chef Allen
|j|☆megaYama
|t:|1758341362
|gametype|singles
|player|p1|Chef Allen|baker|1213
|player|p2|megaYama|ghetsis-gen5bw|1188
|gen|9
|tier|[Gen 9] OU
|rated|
|rule|HP Percentage Mod: HP is shown in percentages
|rule|Endless Battle Clause: Forcing endless battles is banned
|rule|Species Clause: Limit one of each Pokémon
|rule|OHKO Clause: OHKO moves are banned
|rule|Evasion Items Clause: Evasion items are banned
|rule|Evasion Moves Clause: Evasion moves are banned
|rule|Evasion Abilities Clause: Evasion abilities are banned
|rule|Sleep Moves Clause: Sleep-inducing moves are banned
|clearpoke
|poke|p1|Rotom-Heat|
|poke|p1|Dachsbun, F|
|poke|p1|Alcremie, F|
|poke|p1|Garganacl, F|
|poke|p1|Tatsugiri, M|
|poke|p1|Sinistcha-Masterpiece|
|poke|p2|Toxicroak, M|
|poke|p2|Pelipper, M|
|poke|p2|Iron Treads|
|poke|p2|Zapdos|
|poke|p2|Ting-Lu|
|poke|p2|Ogerpon-Wellspring, F|
|teampreview
|inactive|Battle timer is ON: inactive players will automatically lose when time's up. (requested by Chef Allen)
|
|t:|1758341380
|teamsize|p1|6
|teamsize|p2|6
|start
|switch|p1a: Sushi|Tatsugiri, M|100/100
|switch|p2a: Pelipper|Pelipper, M|100/100
|-weather|RainDance|[from] ability: Drizzle|[of] p2a: Pelipper
|turn|1
|
|t:|1758341404
|move|p1a: Sushi|Nasty Plot|p1a: Sushi
|-boost|p1a: Sushi|spa|2
|move|p2a: Pelipper|Roost||[still]
|-fail|p2a: Pelipper|heal
|
|-weather|RainDance|[upkeep]
|upkeep
|turn|2
|
|t:|1758341417
|move|p1a: Sushi|Draco Meteor|p2a: Pelipper
|-crit|p2a: Pelipper
|-damage|p2a: Pelipper|0 fnt
|-unboost|p1a: Sushi|spa|2
|faint|p2a: Pelipper
|
|-weather|RainDance|[upkeep]
|upkeep
|
|t:|1758341422
|switch|p2a: Ogerpon|Ogerpon-Wellspring, F|100/100
|turn|3
|
|t:|1758341431
|switch|p1a: Matcha|Sinistcha-Masterpiece|100/100
|move|p2a: Ogerpon|Substitute|p2a: Ogerpon
|-start|p2a: Ogerpon|Substitute
|-damage|p2a: Ogerpon|76/100
|
|-weather|RainDance|[upkeep]
|upkeep
|turn|4
|
|t:|1758341441
|move|p2a: Ogerpon|Ivy Cudgel|p1a: Matcha|[anim] Ivy Cudgel Water
|-resisted|p1a: Matcha
|-damage|p1a: Matcha|69/100
|move|p1a: Matcha|Matcha Gotcha|p2a: Ogerpon
|-end|p2a: Ogerpon|Substitute
|-heal|p1a: Matcha|82/100|[from] drain|[of] p2a: Ogerpon
|
|-weather|RainDance|[upkeep]
|-heal|p1a: Matcha|88/100|[from] item: Leftovers
|upkeep
|turn|5
|
|t:|1758341454
|switch|p2a: Toxicroak|Toxicroak, M|100/100
|-item|p2a: Toxicroak|Air Balloon
|move|p1a: Matcha|Matcha Gotcha|p2a: Toxicroak
|-resisted|p2a: Toxicroak
|-damage|p2a: Toxicroak|67/100
|-heal|p1a: Matcha|100/100|[from] drain|[of] p2a: Toxicroak
|-enditem|p2a: Toxicroak|Air Balloon
|
|-weather|RainDance|[upkeep]
|-heal|p2a: Toxicroak|79/100|[from] ability: Dry Skin
|upkeep
|turn|6
|
|t:|1758341467
|move|p1a: Matcha|Protect|p1a: Matcha
|-singleturn|p1a: Matcha|Protect
|move|p2a: Toxicroak|Poison Jab|p1a: Matcha
|-activate|p1a: Matcha|move: Protect
|
|-weather|RainDance|[upkeep]
|-heal|p2a: Toxicroak|91/100|[from] ability: Dry Skin
|upkeep
|turn|7
|
|t:|1758341487
|switch|p1a: Salt|Garganacl, F|100/100
|move|p2a: Toxicroak|Bulk Up|p2a: Toxicroak
|-boost|p2a: Toxicroak|atk|1
|-boost|p2a: Toxicroak|def|1
|
|-weather|RainDance|[upkeep]
|-heal|p2a: Toxicroak|100/100|[from] ability: Dry Skin
|upkeep
|turn|8
|
|t:|1758341502
|move|p2a: Toxicroak|Close Combat|p1a: Salt
|-supereffective|p1a: Salt
|-damage|p1a: Salt|11/100
|-unboost|p2a: Toxicroak|def|1
|-unboost|p2a: Toxicroak|spd|1
|move|p1a: Salt|Salt Cure|p2a: Toxicroak
|-resisted|p2a: Toxicroak
|-damage|p2a: Toxicroak|89/100
|-start|p2a: Toxicroak|Salt Cure
|
|-weather|none
|-heal|p1a: Salt|17/100|[from] item: Leftovers
|-damage|p2a: Toxicroak|77/100|[from] Salt Cure
|upkeep
|turn|9
|
|t:|1758341517
|move|p2a: Toxicroak|Poison Jab|p1a: Salt
|-resisted|p1a: Salt
|-damage|p1a: Salt|3/100
|move|p1a: Salt|Stealth Rock|p2a: Toxicroak
|-sidestart|p2: megaYama|move: Stealth Rock
|
|-heal|p1a: Salt|9/100|[from] item: Leftovers
|-damage|p2a: Toxicroak|65/100|[from] Salt Cure
|upkeep
|turn|10
|
|t:|1758341523
|move|p2a: Toxicroak|Poison Jab|p1a: Salt
|-resisted|p1a: Salt
|-damage|p1a: Salt|0 fnt
|faint|p1a: Salt
|
|-damage|p2a: Toxicroak|52/100|[from] Salt Cure
|upkeep
|
|t:|1758341528
|switch|p1a: The oven|Rotom-Heat|100/100
|turn|11
|
|t:|1758341551
|switch|p2a: Ting-Lu|Ting-Lu|100/100
|-damage|p2a: Ting-Lu|94/100|[from] Stealth Rock
|-ability|p2a: Ting-Lu|Vessel of Ruin
|move|p1a: The oven|Overheat|p2a: Ting-Lu
|-damage|p2a: Ting-Lu|69/100
|-unboost|p1a: The oven|spa|2
|
|-heal|p2a: Ting-Lu|75/100|[from] item: Leftovers
|upkeep
|turn|12
|
|t:|1758341561
|switch|p1a: Whipped cream|Alcremie, F|100/100
|move|p2a: Ting-Lu|Spikes|p1a: Whipped cream
|-sidestart|p1: Chef Allen|Spikes
|
|-heal|p2a: Ting-Lu|81/100|[from] item: Leftovers
|upkeep
|turn|13
|
|t:|1758341574
|-terastallize|p2a: Ting-Lu|Poison
|move|p1a: Whipped cream|Acid Armor|p1a: Whipped cream
|-boost|p1a: Whipped cream|def|2
|move|p2a: Ting-Lu|Spikes|p1a: Whipped cream
|-sidestart|p1: Chef Allen|Spikes
|
|-heal|p2a: Ting-Lu|88/100|[from] item: Leftovers
|upkeep
|turn|14
|
|t:|1758341579
|move|p1a: Whipped cream|Calm Mind|p1a: Whipped cream
|-boost|p1a: Whipped cream|spa|1
|-boost|p1a: Whipped cream|spd|1
|move|p2a: Ting-Lu|Spikes|p1a: Whipped cream
|-sidestart|p1: Chef Allen|Spikes
|
|-heal|p2a: Ting-Lu|94/100|[from] item: Leftovers
|upkeep
|turn|15
|
|t:|1758341583
|move|p1a: Whipped cream|Calm Mind|p1a: Whipped cream
|-boost|p1a: Whipped cream|spa|1
|-boost|p1a: Whipped cream|spd|1
|move|p2a: Ting-Lu|Whirlwind|p1a: Whipped cream
|drag|p1a: Sushi|Tatsugiri, M|100/100
|
|-heal|p2a: Ting-Lu|99/100|[from] item: Leftovers
|upkeep
|turn|16
|
|t:|1758341594
|move|p1a: Sushi|Rapid Spin|p2a: Ting-Lu
|-damage|p2a: Ting-Lu|97/100
|-boost|p1a: Sushi|spe|1
|-sideend|p1: Chef Allen|Spikes|[from] move: Rapid Spin|[of] p1a: Sushi
|move|p2a: Ting-Lu|Whirlwind|p1a: Sushi
|drag|p1a: Bread|Dachsbun, F|100/100
|
|-heal|p2a: Ting-Lu|100/100|[from] item: Leftovers
|upkeep
|turn|17
|
|t:|1758341608
|switch|p1a: The oven|Rotom-Heat|100/100
|switch|p2a: Iron Treads|Iron Treads|100/100
|-damage|p2a: Iron Treads|97/100|[from] Stealth Rock
|
|-heal|p2a: Iron Treads|100/100|[from] item: Leftovers
|upkeep
|turn|18
|
|t:|1758341615
|-end|p2a: Iron Treads|Quark Drive|[silent]
|switch|p2a: Ting-Lu|Ting-Lu, tera:Poison|100/100
|-damage|p2a: Ting-Lu|88/100|[from] Stealth Rock
|-ability|p2a: Ting-Lu|Vessel of Ruin
|move|p1a: The oven|Will-O-Wisp|p2a: Ting-Lu
|-status|p2a: Ting-Lu|brn
|
|-heal|p2a: Ting-Lu|94/100 brn|[from] item: Leftovers
|-damage|p2a: Ting-Lu|88/100 brn|[from] brn
|upkeep
|turn|19
|
|t:|1758341628
|switch|p1a: Bread|Dachsbun, F|100/100
|move|p2a: Ting-Lu|Ruination|p1a: Bread
|-damage|p1a: Bread|50/100
|
|-heal|p1a: Bread|56/100|[from] item: Leftovers
|-heal|p2a: Ting-Lu|94/100 brn|[from] item: Leftovers
|-damage|p2a: Ting-Lu|88/100 brn|[from] brn
|upkeep
|turn|20
|
|t:|1758341639
|move|p1a: Bread|Body Press|p2a: Ting-Lu
|-resisted|p2a: Ting-Lu
|-damage|p2a: Ting-Lu|81/100 brn
|move|p2a: Ting-Lu|Whirlwind|p1a: Bread
|drag|p1a: Sushi|Tatsugiri, M|100/100
|
|-heal|p2a: Ting-Lu|87/100 brn|[from] item: Leftovers
|-damage|p2a: Ting-Lu|81/100 brn|[from] brn
|upkeep
|turn|21
|
|t:|1758341648
|move|p1a: Sushi|Draco Meteor|p2a: Ting-Lu
|-damage|p2a: Ting-Lu|56/100 brn
|-unboost|p1a: Sushi|spa|2
|move|p2a: Ting-Lu|Ruination|p1a: Sushi
|-damage|p1a: Sushi|50/100
|
|-heal|p2a: Ting-Lu|62/100 brn|[from] item: Leftovers
|-damage|p2a: Ting-Lu|56/100 brn|[from] brn
|upkeep
|turn|22
|
|t:|1758341659
|switch|p1a: The oven|Rotom-Heat|100/100
|move|p2a: Ting-Lu|Ruination|p1a: The oven
|-damage|p1a: The oven|51/100
|
|-heal|p2a: Ting-Lu|62/100 brn|[from] item: Leftovers
|-damage|p2a: Ting-Lu|56/100 brn|[from] brn
|upkeep
|turn|23
|
|t:|1758341677
|switch|p2a: Zapdos|Zapdos|100/100
|move|p1a: The oven|Thunderbolt|p2a: Zapdos
|-damage|p2a: Zapdos|61/100
|
|upkeep
|turn|24
|
|t:|1758341687
|move|p1a: The oven|Thunderbolt|p2a: Zapdos
|-damage|p2a: Zapdos|16/100
|move|p2a: Zapdos|Roost|p2a: Zapdos
|-heal|p2a: Zapdos|67/100
|-singleturn|p2a: Zapdos|move: Roost
|
|upkeep
|turn|25
|
|t:|1758341692
|-terastallize|p1a: The oven|Electric
|move|p1a: The oven|Thunderbolt|p2a: Zapdos
|-damage|p2a: Zapdos|10/100
|move|p2a: Zapdos|Roost|p2a: Zapdos
|-heal|p2a: Zapdos|60/100
|-singleturn|p2a: Zapdos|move: Roost
|
|upkeep
|turn|26
|
|t:|1758341708
|switch|p1a: Matcha|Sinistcha-Masterpiece|100/100
|switch|p2a: Iron Treads|Iron Treads|100/100
|-damage|p2a: Iron Treads|97/100|[from] Stealth Rock
|
|-heal|p2a: Iron Treads|100/100|[from] item: Leftovers
|upkeep
|turn|27
|
|t:|1758341732
|-end|p2a: Iron Treads|Quark Drive|[silent]
|switch|p2a: Toxicroak|Toxicroak, M|52/100
|-damage|p2a: Toxicroak|46/100|[from] Stealth Rock
|move|p1a: Matcha|Nasty Plot|p1a: Matcha
|-boost|p1a: Matcha|spa|2
|
|upkeep
|turn|28
|
|t:|1758341740
|move|p2a: Toxicroak|Poison Jab|p1a: Matcha
|-damage|p1a: Matcha|64/100
|-status|p1a: Matcha|psn
|move|p1a: Matcha|Shadow Ball|p2a: Toxicroak
|-damage|p2a: Toxicroak|0 fnt
|faint|p2a: Toxicroak
|
|-heal|p1a: Matcha|70/100 psn|[from] item: Leftovers
|-damage|p1a: Matcha|58/100 psn|[from] psn
|upkeep
|
|t:|1758341752
|switch|p2a: Ogerpon|Ogerpon-Wellspring, F|76/100
|-damage|p2a: Ogerpon|63/100|[from] Stealth Rock
|turn|29
|
|t:|1758341758
|move|p2a: Ogerpon|Protect|p2a: Ogerpon
|-singleturn|p2a: Ogerpon|Protect
|move|p1a: Matcha|Matcha Gotcha|p2a: Ogerpon
|-activate|p2a: Ogerpon|move: Protect
|
|-heal|p1a: Matcha|64/100 psn|[from] item: Leftovers
|-damage|p1a: Matcha|51/100 psn|[from] psn
|upkeep
|turn|30
|
|t:|1758341764
|move|p2a: Ogerpon|Substitute|p2a: Ogerpon
|-start|p2a: Ogerpon|Substitute
|-damage|p2a: Ogerpon|39/100
|move|p1a: Matcha|Matcha Gotcha|p2a: Ogerpon
|-end|p2a: Ogerpon|Substitute
|-heal|p1a: Matcha|64/100 psn|[from] drain|[of] p2a: Ogerpon
|
|-heal|p1a: Matcha|70/100 psn|[from] item: Leftovers
|-damage|p1a: Matcha|58/100 psn|[from] psn
|upkeep
|turn|31
|
|t:|1758341770
|move|p2a: Ogerpon|Protect|p2a: Ogerpon
|-singleturn|p2a: Ogerpon|Protect
|move|p1a: Matcha|Matcha Gotcha|p2a: Ogerpon
|-activate|p2a: Ogerpon|move: Protect
|
|-heal|p1a: Matcha|64/100 psn|[from] item: Leftovers
|-damage|p1a: Matcha|52/100 psn|[from] psn
|upkeep
|turn|32
|
|t:|1758341788
|switch|p2a: Iron Treads|Iron Treads|100/100
|-damage|p2a: Iron Treads|97/100|[from] Stealth Rock
|move|p1a: Matcha|Matcha Gotcha|p2a: Iron Treads
|-damage|p2a: Iron Treads|0 fnt
|-heal|p1a: Matcha|100/100 psn|[from] drain|[of] p2a: Iron Treads
|faint|p2a: Iron Treads
|-end|p2a: Iron Treads|Quark Drive|[silent]
|
|-damage|p1a: Matcha|88/100 psn|[from] psn
|upkeep
|inactive|megaYama has 120 seconds left.
|-message|megaYama forfeited.
|
|win|Chef Allen
|raw|Chef Allen's rating: 1213 &rarr; <strong>1236</strong><br />(+23 for winning)
|raw|megaYama's rating: 1188 &rarr; <strong>1165</strong><br />(-23 for losing)
|l|☆megaYama
|player|p2|
|l|☆Chef Allen
|player|p1|
