|j|☆iampogmeta
|j|☆hcgut
|t:|1758302808
|gametype|singles
|player|p1|iampogmeta|clown|1361
|player|p2|hcgut|1|1376
|gen|9
|tier|[Gen 9] OU
|rated|
|rule|HP Percentage Mod: HP is shown in percentages
|rule|Endless Battle Clause: Forcing endless battles is banned
|rule|Species Clause: Limit one of each Pokémon
|rule|OHKO Clause: OHKO moves are banned
|rule|Evasion Items Clause: Evasion items are banned
|rule|Evasion Moves Clause: Evasion moves are banned
|rule|Evasion Abilities Clause: Evasion abilities are banned
|rule|Sleep Moves Clause: Sleep-inducing moves are banned
|clearpoke
|poke|p1|Greninja-*, F|
|poke|p1|Arbok, M|
|poke|p1|Rotom-Wash|
|poke|p1|Krookodile, M|
|poke|p1|Hydrapple, F|
|poke|p1|Iron Treads|
|poke|p2|Hoopa-Unbound|
|poke|p2|Slowking-Galar, F|
|poke|p2|Alomomola, F|
|poke|p2|Kingambit, F|
|poke|p2|Zamazenta-*|
|poke|p2|Iron Treads|
|teampreview
|c|☆hcgut|Glhf
|inactive|Battle timer is ON: inactive players will automatically lose when time's up. (requested by iampogmeta)
|c|☆iampogmeta|glhf
|
|t:|1758302830
|teamsize|p1|6
|teamsize|p2|6
|start
|switch|p1a: Iron Treads|Iron Treads|100/100
|switch|p2a: Slowking|Slowking-Galar, F|100/100
|-enditem|p1a: Iron Treads|Booster Energy
|-activate|p1a: Iron Treads|ability: Quark Drive|[fromitem]
|-start|p1a: Iron Treads|quarkdriveatk
|turn|1
|
|t:|1758302843
|switch|p2a: Alomomola|Alomomola, F|100/100
|move|p1a: Iron Treads|Earthquake|p2a: Alomomola
|-damage|p2a: Alomomola|63/100
|
|upkeep
|turn|2
|
|t:|1758302850
|move|p1a: Iron Treads|Stealth Rock|p2a: Alomomola
|-sidestart|p2: hcgut|move: Stealth Rock
|move|p2a: Alomomola|Scald|p1a: Iron Treads
|-supereffective|p1a: Iron Treads
|-damage|p1a: Iron Treads|62/100
|
|upkeep
|turn|3
|
|t:|1758302856
|move|p1a: Iron Treads|Earthquake|p2a: Alomomola
|-damage|p2a: Alomomola|27/100
|move|p2a: Alomomola|Scald|p1a: Iron Treads
|-supereffective|p1a: Iron Treads
|-damage|p1a: Iron Treads|21/100
|
|upkeep
|turn|4
|
|t:|1758302867
|switch|p2a: Zamazenta|Zamazenta|100/100
|-damage|p2a: Zamazenta|94/100|[from] Stealth Rock
|-ability|p2a: Zamazenta|Dauntless Shield|boost
|-boost|p2a: Zamazenta|def|1
|move|p1a: Iron Treads|Earthquake|p2a: Zamazenta
|-damage|p2a: Zamazenta|60/100
|
|-heal|p2a: Zamazenta|66/100|[from] item: Leftovers
|upkeep
|turn|5
|
|t:|1758302883
|-end|p1a: Iron Treads|Quark Drive|[silent]
|switch|p1a: Arbok|Arbok, M, shiny|100/100
|-ability|p1a: Arbok|Intimidate|boost
|-unboost|p2a: Zamazenta|atk|1
|move|p2a: Zamazenta|Iron Defense|p2a: Zamazenta
|-boost|p2a: Zamazenta|def|2
|
|-heal|p2a: Zamazenta|73/100|[from] item: Leftovers
|upkeep
|turn|6
|
|t:|1758302906
|move|p2a: Zamazenta|Body Press|p1a: Arbok
|-resisted|p1a: Arbok
|-damage|p1a: Arbok|33/100
|move|p1a: Arbok|Gunk Shot|p2a: Zamazenta
|-damage|p2a: Zamazenta|56/100
|
|-heal|p2a: Zamazenta|62/100|[from] item: Leftovers
|upkeep
|turn|7
|
|t:|1758302917
|move|p2a: Zamazenta|Body Press|p1a: Arbok
|-resisted|p1a: Arbok
|-damage|p1a: Arbok|0 fnt
|faint|p1a: Arbok
|
|-heal|p2a: Zamazenta|68/100|[from] item: Leftovers
|upkeep
|
|t:|1758302926
|switch|p1a: Rotom|Rotom-Wash|100/100
|turn|8
|
|t:|1758302929
|move|p2a: Zamazenta|Body Press|p1a: Rotom
|-crit|p1a: Rotom
|-damage|p1a: Rotom|0 fnt
|faint|p1a: Rotom
|
|-heal|p2a: Zamazenta|74/100|[from] item: Leftovers
|upkeep
|-message|iampogmeta forfeited.
|
|win|hcgut
|raw|iampogmeta's rating: 1361 &rarr; <strong>1342</strong><br />(-19 for losing)
|raw|hcgut's rating: 1376 &rarr; <strong>1395</strong><br />(+19 for winning)
|l|☆iampogmeta
|player|p1|
|l|☆hcgut
|player|p2|
