|j|☆Gellygreen
|j|☆Duckular
|t:|1758321005
|gametype|singles
|player|p1|Gellygreen|clair|1271
|player|p2|Duckular|2|1271
|gen|9
|tier|[Gen 9] OU
|rated|
|rule|HP Percentage Mod: HP is shown in percentages
|rule|Endless Battle Clause: Forcing endless battles is banned
|rule|Species Clause: Limit one of each Pokémon
|rule|OHKO Clause: OHKO moves are banned
|rule|Evasion Items Clause: Evasion items are banned
|rule|Evasion Moves Clause: Evasion moves are banned
|rule|Evasion Abilities Clause: Evasion abilities are banned
|rule|Sleep Moves Clause: Sleep-inducing moves are banned
|clearpoke
|poke|p1|Zamazenta-*|
|poke|p1|Latios, M|
|poke|p1|Crawdaunt, M|
|poke|p1|Porygon2|
|poke|p1|Skeledirge, F|
|poke|p1|Scizor, F|
|poke|p2|Zarude|
|poke|p2|Araquanid, M|
|poke|p2|Haxorus, F|
|poke|p2|Quaquaval, M|
|poke|p2|Gholdengo|
|poke|p2|Clodsire, F|
|teampreview
|l|☆Duckular
|player|p2|
|j|☆Duckular
|player|p2|Duckular|2|
|inactive|Battle timer is ON: inactive players will automatically lose when time's up. (requested by Duckular)
|
|t:|1758321026
|teamsize|p1|6
|teamsize|p2|6
|start
|switch|p1a: Anus' creator|Crawdaunt, M|100/100
|switch|p2a: Araquanid|Araquanid, M|100/100
|turn|1
|
|t:|1758321031
|move|p1a: Anus' creator|Knock Off|p2a: Araquanid
|-damage|p2a: Araquanid|0 fnt
|-enditem|p2a: Araquanid|Life Orb|[from] move: Knock Off|[of] p1a: Anus' creator
|faint|p2a: Araquanid
|
|upkeep
|c|☆Duckular|Yo
|j| aquiIo
|c| aquiIo|ts so cinema
|c|☆Duckular|ur Anus just destroyed me
|c|☆Gellygreen|Yeah. that's the reason of the name
|inactive|Duckular has 120 seconds left.
|
|t:|1758321068
|switch|p2a: Zarude|Zarude|100/100
|turn|2
|
|t:|1758321077
|switch|p1a: Muhammad Ali|Scizor, F|100/100
|move|p2a: Zarude|Nasty Plot|p2a: Zarude
|-boost|p2a: Zarude|spa|2
|
|upkeep
|turn|3
|
|t:|1758321083
|switch|p2a: Gholdengo|Gholdengo|100/100
|move|p1a: Muhammad Ali|U-turn|p2a: Gholdengo
|-resisted|p2a: Gholdengo
|-damage|p2a: Gholdengo|89/100
|c| aquiIo|yo big duck should i link this up to gendercord
|c|☆Duckular|Sure why not lol
|c|☆Duckular|don’t invite sire clod tho
|c|☆Duckular|fuck sire clod
|c|☆Gellygreen|You know what is gonna happen, no?
|
|t:|1758321112
|switch|p1a: Anus' creator|Crawdaunt, M|100/100|[from] U-turn
|
|upkeep
|turn|4
|c|☆Duckular|Yup
|
|t:|1758321120
|move|p2a: Gholdengo|Thunder Wave|p1a: Anus' creator
|-status|p1a: Anus' creator|par
|move|p1a: Anus' creator|Knock Off|p2a: Gholdengo
|-supereffective|p2a: Gholdengo
|-damage|p2a: Gholdengo|0 fnt
|-enditem|p2a: Gholdengo|Liechi Berry|[from] move: Knock Off|[of] p1a: Anus' creator
|faint|p2a: Gholdengo
|
|upkeep
|
|t:|1758321124
|switch|p2a: Quaquaval|Quaquaval, M|100/100
|turn|5
|
|t:|1758321134
|switch|p1a: Black sheep|Latios, M|100/100
|move|p2a: Quaquaval|Wave Crash|p1a: Black sheep
|-resisted|p1a: Black sheep
|-damage|p1a: Black sheep|60/100
|-damage|p2a: Quaquaval|87/100|[from] Recoil
|
|upkeep
|turn|6
|
|t:|1758321142
|move|p1a: Black sheep|Draco Meteor|p2a: Quaquaval
|-damage|p2a: Quaquaval|0 fnt
|-unboost|p1a: Black sheep|spa|2
|faint|p2a: Quaquaval
|
|upkeep
|
|t:|1758321146
|switch|p2a: Clodsire|Clodsire, F|100/100
|turn|7
|
|t:|1758321155
|switch|p1a: Anus' creator|Crawdaunt, M|100/100 par
|move|p2a: Clodsire|Earthquake|p1a: Anus' creator
|-damage|p1a: Anus' creator|29/100 par
|-damage|p2a: Clodsire|91/100|[from] item: Life Orb
|
|upkeep
|turn|8
|c|☆Duckular|Oh nooooo I’m gonna lose
|
|t:|1758321163
|move|p2a: Clodsire|Earthquake|p1a: Anus' creator
|-damage|p1a: Anus' creator|0 fnt
|faint|p1a: Anus' creator
|-damage|p2a: Clodsire|81/100|[from] item: Life Orb
|
|upkeep
|
|t:|1758321168
|switch|p1a: Muhammad Ali|Scizor, F|100/100
|turn|9
|
|t:|1758321172
|move|p1a: Muhammad Ali|Swords Dance|p1a: Muhammad Ali
|-boost|p1a: Muhammad Ali|atk|2
|move|p2a: Clodsire|Earthquake|p1a: Muhammad Ali
|-damage|p1a: Muhammad Ali|52/100
|-damage|p2a: Clodsire|71/100|[from] item: Life Orb
|
|upkeep
|turn|10
|
|t:|1758321178
|-terastallize|p2a: Clodsire|Water
|move|p1a: Muhammad Ali|Bullet Punch|p2a: Clodsire
|-resisted|p2a: Clodsire
|-damage|p2a: Clodsire|46/100
|move|p2a: Clodsire|Earthquake|p1a: Muhammad Ali
|-damage|p1a: Muhammad Ali|7/100
|-damage|p2a: Clodsire|36/100|[from] item: Life Orb
|
|upkeep
|turn|11
|
|t:|1758321185
|move|p1a: Muhammad Ali|Bullet Punch|p2a: Clodsire
|-resisted|p2a: Clodsire
|-damage|p2a: Clodsire|13/100
|move|p2a: Clodsire|Earthquake|p1a: Muhammad Ali
|-damage|p1a: Muhammad Ali|0 fnt
|faint|p1a: Muhammad Ali
|-damage|p2a: Clodsire|3/100|[from] item: Life Orb
|
|upkeep
|
|t:|1758321191
|switch|p1a: God2|Porygon2|100/100
|-ability|p1a: God2|Unaware|Trace|[from] ability: Trace|[of] p2a: Clodsire
|turn|12
|
|t:|1758321199
|move|p1a: God2|Discharge|p2a: Clodsire
|-supereffective|p2a: Clodsire
|-damage|p2a: Clodsire|0 fnt
|faint|p2a: Clodsire
|
|upkeep
|
|t:|1758321207
|switch|p2a: Haxorus|Haxorus, F|100/100
|-ability|p2a: Haxorus|Mold Breaker
|turn|13
|
|t:|1758321211
|move|p2a: Haxorus|Dragon Dance|p2a: Haxorus
|-boost|p2a: Haxorus|atk|1
|-boost|p2a: Haxorus|spe|1
|move|p1a: God2|Ice Beam|p2a: Haxorus
|-supereffective|p2a: Haxorus
|-damage|p2a: Haxorus|30/100
|
|upkeep
|turn|14
|
|t:|1758321216
|move|p2a: Haxorus|Outrage|p1a: God2
|-damage|p1a: God2|14/100
|-damage|p2a: Haxorus|20/100|[from] item: Life Orb
|move|p1a: God2|Ice Beam|p2a: Haxorus
|-supereffective|p2a: Haxorus
|-damage|p2a: Haxorus|0 fnt
|faint|p2a: Haxorus
|
|upkeep
|
|t:|1758321217
|switch|p2a: Zarude|Zarude|100/100
|turn|15
|
|t:|1758321223
|move|p2a: Zarude|Giga Drain|p1a: God2
|-damage|p1a: God2|0 fnt
|faint|p1a: God2
|-damage|p2a: Zarude|91/100|[from] item: Life Orb
|
|upkeep
|c|☆Duckular|Ohhh noooo I lost
|
|t:|1758321233
|switch|p1a: Black sheep|Latios, M|60/100
|turn|16
|c|☆Duckular|Darn
|c|☆Gellygreen|gg
|c|☆Duckular|aw shucks
|j| calaaa!!!
|c|☆Duckular|fiddlesticks
|
|t:|1758321244
|move|p1a: Black sheep|Draco Meteor|p2a: Zarude
|-damage|p2a: Zarude|32/100
|-unboost|p1a: Black sheep|spa|2
|move|p2a: Zarude|Nasty Plot|p2a: Zarude
|-boost|p2a: Zarude|spa|2
|
|upkeep
|turn|17
|
|t:|1758321251
|move|p1a: Black sheep|Draco Meteor|p2a: Zarude
|-damage|p2a: Zarude|0 fnt
|-unboost|p1a: Black sheep|spa|2
|faint|p2a: Zarude
|
|win|Gellygreen
|raw|Gellygreen's rating: 1271 &rarr; <strong>1296</strong><br />(+25 for winning)
|raw|Duckular's rating: 1271 &rarr; <strong>1246</strong><br />(-25 for losing)
|c|☆Duckular|Gg
|c|☆Gellygreen|wp
