|j|☆katapuldrawr
|j|☆Betty23333
|t:|1758342137
|gametype|singles
|player|p1|katapuldrawr|101|1243
|player|p2|Betty23333|veteranf|1285
|gen|9
|tier|[Gen 9] OU
|rated|
|rule|HP Percentage Mod: HP is shown in percentages
|rule|Endless Battle Clause: Forcing endless battles is banned
|rule|Species Clause: Limit one of each Pokémon
|rule|OHKO Clause: OHKO moves are banned
|rule|Evasion Items Clause: Evasion items are banned
|rule|Evasion Moves Clause: Evasion moves are banned
|rule|Evasion Abilities Clause: Evasion abilities are banned
|rule|Sleep Moves Clause: Sleep-inducing moves are banned
|clearpoke
|poke|p1|Primarina, F|
|poke|p1|Gliscor, M|
|poke|p1|Great Tusk|
|poke|p1|Zapdos|
|poke|p1|Gholdengo|
|poke|p1|Darkrai|
|poke|p2|Iron Valiant|
|poke|p2|Espeon, F|
|poke|p2|Landorus-Therian, M|
|poke|p2|Raging Bolt|
|poke|p2|Slowking-Galar, M|
|poke|p2|Kingambit, M|
|teampreview
|inactive|Battle timer is ON: inactive players will automatically lose when time's up. (requested by Betty23333)
|
|t:|1758342181
|teamsize|p1|6
|teamsize|p2|6
|start
|switch|p1a: Primarina|Primarina, F, shiny|100/100
|switch|p2a: Landorus|Landorus-Therian, M|100/100
|-ability|p2a: Landorus|Intimidate|boost
|-unboost|p1a: Primarina|atk|1
|turn|1
|
|t:|1758342200
|move|p2a: Landorus|U-turn|p1a: Primarina
|-resisted|p1a: Primarina
|-damage|p1a: Primarina|85/100
|
|t:|1758342208
|switch|p2a: Slowking|Slowking-Galar, M|100/100|[from] U-turn
|move|p1a: Primarina|Psychic Noise|p2a: Slowking
|-damage|p2a: Slowking|69/100
|-start|p2a: Slowking|move: Heal Block
|
|-heal|p1a: Primarina|91/100|[from] item: Leftovers
|upkeep
|turn|2
|
|t:|1758342223
|switch|p1a: Gholdengo|Gholdengo|100/100
|move|p2a: Slowking|Thunder Wave|p1a: Gholdengo
|-immune|p1a: Gholdengo|[from] ability: Good as Gold
|
|-end|p2a: Slowking|move: Heal Block
|upkeep
|turn|3
|
|t:|1758342245
|move|p1a: Gholdengo|Shadow Ball|p2a: Slowking
|-supereffective|p2a: Slowking
|-damage|p2a: Slowking|5/100
|-unboost|p2a: Slowking|spd|1
|move|p2a: Slowking|Blizzard|p1a: Gholdengo|[miss]
|-miss|p2a: Slowking|p1a: Gholdengo
|
|-heal|p2a: Slowking|11/100|[from] item: Leftovers
|upkeep
|turn|4
|
|t:|1758342261
|switch|p1a: Great Tusk|Great Tusk|100/100
|switch|p2a: Landorus|Landorus-Therian, M|100/100
|-ability|p2a: Landorus|Intimidate|boost
|-unboost|p1a: Great Tusk|atk|1
|
|upkeep
|turn|5
|
|t:|1758342267
|-terastallize|p2a: Landorus|Water
|move|p2a: Landorus|Tera Blast|p1a: Great Tusk|[anim] Tera Blast Water
|-supereffective|p1a: Great Tusk
|-damage|p1a: Great Tusk|29/100
|move|p1a: Great Tusk|Knock Off|p2a: Landorus
|-damage|p2a: Landorus|75/100
|-enditem|p2a: Landorus|Heavy-Duty Boots|[from] move: Knock Off|[of] p1a: Great Tusk
|
|upkeep
|turn|6
|
|t:|1758342279
|-end|p1a: Great Tusk|Protosynthesis|[silent]
|switch|p1a: Zapdos|Zapdos|100/100
|move|p2a: Landorus|Stealth Rock|p1a: Zapdos
|-sidestart|p1: katapuldrawr|move: Stealth Rock
|
|upkeep
|turn|7
|
|t:|1758342297
|move|p2a: Landorus|U-turn|p1a: Zapdos
|-resisted|p1a: Zapdos
|-damage|p1a: Zapdos|91/100
|-status|p2a: Landorus|par|[from] ability: Static|[of] p1a: Zapdos
|
|t:|1758342306
|switch|p2a: Raging Bolt|Raging Bolt|100/100|[from] U-turn
|-enditem|p2a: Raging Bolt|Booster Energy
|-activate|p2a: Raging Bolt|ability: Protosynthesis|[fromitem]
|-start|p2a: Raging Bolt|protosynthesisspa
|move|p1a: Zapdos|Hurricane|p2a: Raging Bolt
|-resisted|p2a: Raging Bolt
|-damage|p2a: Raging Bolt|80/100
|
|upkeep
|turn|8
|
|t:|1758342316
|move|p2a: Raging Bolt|Dragon Pulse|p1a: Zapdos
|-damage|p1a: Zapdos|28/100
|move|p1a: Zapdos|U-turn|p2a: Raging Bolt
|-damage|p2a: Raging Bolt|67/100
|
|t:|1758342318
|switch|p1a: Gliscor|Gliscor, M|100/100|[from] U-turn
|-damage|p1a: Gliscor|88/100|[from] Stealth Rock
|
|-status|p1a: Gliscor|tox|[from] item: Toxic Orb
|upkeep
|turn|9
|
|t:|1758342327
|move|p2a: Raging Bolt|Dragon Pulse|p1a: Gliscor
|-damage|p1a: Gliscor|7/100 tox
|move|p1a: Gliscor|Earthquake|p2a: Raging Bolt
|-supereffective|p2a: Raging Bolt
|-damage|p2a: Raging Bolt|10/100
|
|-heal|p1a: Gliscor|19/100 tox|[from] ability: Poison Heal
|upkeep
|turn|10
|
|t:|1758342344
|move|p2a: Raging Bolt|Dragon Pulse|p1a: Gliscor
|-damage|p1a: Gliscor|0 fnt
|faint|p1a: Gliscor
|
|upkeep
|
|t:|1758342346
|switch|p1a: Great Tusk|Great Tusk|29/100
|turn|11
|
|t:|1758342356
|-end|p2a: Raging Bolt|Protosynthesis|[silent]
|switch|p2a: Landorus|Landorus-Therian, M, tera:Water|75/100 par
|-ability|p2a: Landorus|Intimidate|boost
|-unboost|p1a: Great Tusk|atk|1
|move|p1a: Great Tusk|Rapid Spin|p2a: Landorus
|-damage|p2a: Landorus|61/100 par
|-boost|p1a: Great Tusk|spe|1
|-sideend|p1: katapuldrawr|Stealth Rock|[from] move: Rapid Spin|[of] p1a: Great Tusk
|
|upkeep
|turn|12
|
|t:|1758342364
|-end|p1a: Great Tusk|Protosynthesis|[silent]
|switch|p1a: Zapdos|Zapdos|28/100
|move|p2a: Landorus|U-turn|p1a: Zapdos
|-resisted|p1a: Zapdos
|-damage|p1a: Zapdos|18/100
|
|t:|1758342373
|switch|p2a: Espeon|Espeon, F|100/100|[from] U-turn
|
|upkeep
|turn|13
|
|t:|1758342379
|move|p2a: Espeon|Draining Kiss|p1a: Zapdos
|-damage|p1a: Zapdos|0 fnt
|-status|p2a: Espeon|par|[from] ability: Static|[of] p1a: Zapdos
|faint|p1a: Zapdos
|
|upkeep
|
|t:|1758342385
|switch|p1a: Primarina|Primarina, F, shiny|91/100
|turn|14
|
|t:|1758342410
|move|p2a: Espeon|Draining Kiss|p1a: Primarina
|-damage|p1a: Primarina|68/100
|move|p1a: Primarina|Substitute|p1a: Primarina
|-start|p1a: Primarina|Substitute
|-damage|p1a: Primarina|43/100
|
|-heal|p1a: Primarina|49/100|[from] item: Leftovers
|upkeep
|turn|15
|
|t:|1758342418
|switch|p2a: Kingambit|Kingambit, M|100/100
|move|p1a: Primarina|Whirlpool|p2a: Kingambit|[miss]
|-miss|p1a: Primarina|p2a: Kingambit
|
|-heal|p1a: Primarina|56/100|[from] item: Leftovers
|upkeep
|turn|16
|
|t:|1758342432
|move|p2a: Kingambit|Iron Head|p1a: Primarina
|-end|p1a: Primarina|Substitute
|move|p1a: Primarina|Moonblast|p2a: Kingambit
|-damage|p2a: Kingambit|40/100
|
|-heal|p1a: Primarina|62/100|[from] item: Leftovers
|upkeep
|turn|17
|
|t:|1758342440
|move|p2a: Kingambit|Iron Head|p1a: Primarina
|-damage|p1a: Primarina|12/100
|cant|p1a: Primarina|flinch
|
|-heal|p1a: Primarina|19/100|[from] item: Leftovers
|upkeep
|turn|18
|
|t:|1758342445
|move|p2a: Kingambit|Iron Head|p1a: Primarina
|-damage|p1a: Primarina|0 fnt
|faint|p1a: Primarina
|
|upkeep
|
|t:|1758342450
|switch|p1a: Great Tusk|Great Tusk|29/100
|turn|19
|
|t:|1758342462
|-end|p2a: Kingambit|fallenundefined|[silent]
|switch|p2a: Landorus|Landorus-Therian, M, tera:Water|61/100 par
|-ability|p2a: Landorus|Intimidate|boost
|-unboost|p1a: Great Tusk|atk|1
|move|p1a: Great Tusk|Headlong Rush|p2a: Landorus
|-damage|p2a: Landorus|11/100 par
|-unboost|p1a: Great Tusk|def|1
|-unboost|p1a: Great Tusk|spd|1
|
|upkeep
|turn|20
|
|t:|1758342473
|move|p1a: Great Tusk|Headlong Rush|p2a: Landorus
|-damage|p2a: Landorus|0 fnt
|-unboost|p1a: Great Tusk|def|1
|-unboost|p1a: Great Tusk|spd|1
|faint|p2a: Landorus
|
|upkeep
|
|t:|1758342487
|switch|p2a: Espeon|Espeon, F|100/100 par
|turn|21
|
|t:|1758342494
|-end|p1a: Great Tusk|Protosynthesis|[silent]
|switch|p1a: Gholdengo|Gholdengo|100/100
|cant|p2a: Espeon|par
|
|upkeep
|turn|22
|
|t:|1758342501
|move|p1a: Gholdengo|Shadow Ball|p2a: Espeon
|-supereffective|p2a: Espeon
|-damage|p2a: Espeon|0 fnt
|faint|p2a: Espeon
|
|upkeep
|
|t:|1758342506
|switch|p2a: Raging Bolt|Raging Bolt|10/100
|turn|23
|
|t:|1758342509
|switch|p1a: Great Tusk|Great Tusk|29/100
|move|p2a: Raging Bolt|Thunderclap||[still]
|-fail|p2a: Raging Bolt
|
|upkeep
|turn|24
|
|t:|1758342513
|move|p1a: Great Tusk|Rapid Spin|p2a: Raging Bolt
|-damage|p2a: Raging Bolt|0 fnt
|-boost|p1a: Great Tusk|spe|1
|faint|p2a: Raging Bolt
|-end|p2a: Raging Bolt|Protosynthesis|[silent]
|
|upkeep
|
|t:|1758342520
|switch|p2a: Iron Valiant|Iron Valiant|100/100
|-enditem|p2a: Iron Valiant|Booster Energy
|-activate|p2a: Iron Valiant|ability: Quark Drive|[fromitem]
|-start|p2a: Iron Valiant|quarkdrivespe
|turn|25
|
|t:|1758342536
|-terastallize|p1a: Great Tusk|Steel
|move|p2a: Iron Valiant|Calm Mind|p2a: Iron Valiant
|-boost|p2a: Iron Valiant|spa|1
|-boost|p2a: Iron Valiant|spd|1
|move|p1a: Great Tusk|Rapid Spin|p2a: Iron Valiant
|-damage|p2a: Iron Valiant|78/100
|-boost|p1a: Great Tusk|spe|1
|
|upkeep
|turn|26
|
|t:|1758342540
|move|p1a: Great Tusk|Headlong Rush|p2a: Iron Valiant
|-damage|p2a: Iron Valiant|0 fnt
|-unboost|p1a: Great Tusk|def|1
|-unboost|p1a: Great Tusk|spd|1
|faint|p2a: Iron Valiant
|-end|p2a: Iron Valiant|Quark Drive|[silent]
|
|upkeep
|
|t:|1758342545
|switch|p2a: Slowking|Slowking-Galar, M|44/100
|turn|27
|
|t:|1758342553
|move|p1a: Great Tusk|Headlong Rush|p2a: Slowking
|-supereffective|p2a: Slowking
|-damage|p2a: Slowking|0 fnt
|-unboost|p1a: Great Tusk|def|1
|-unboost|p1a: Great Tusk|spd|1
|faint|p2a: Slowking
|
|upkeep
|
|t:|1758342555
|switch|p2a: Kingambit|Kingambit, M|40/100
|-activate|p2a: Kingambit|ability: Supreme Overlord
|-start|p2a: Kingambit|fallen5|[silent]
|turn|28
|
|t:|1758342561
|move|p1a: Great Tusk|Headlong Rush|p2a: Kingambit
|-supereffective|p2a: Kingambit
|-damage|p2a: Kingambit|0 fnt
|-unboost|p1a: Great Tusk|def|1
|-unboost|p1a: Great Tusk|spd|1
|faint|p2a: Kingambit
|-end|p2a: Kingambit|fallen5|[silent]
|
|win|katapuldrawr
|raw|katapuldrawr's rating: 1243 &rarr; <strong>1271</strong><br />(+28 for winning)
|raw|Betty23333's rating: 1285 &rarr; <strong>1257</strong><br />(-28 for losing)
|l|☆katapuldrawr
|player|p1|
