|j|☆Jack.Lion710
|j|☆lpdfwfwfw
|t:|1758344498
|gametype|singles
|player|p1|Jack.Lion710|cheren-gen5bw2|1151
|player|p2|lpdfwfwfw|dawn-gen4pt|1184
|gen|9
|tier|[Gen 9] OU
|rated|
|rule|HP Percentage Mod: HP is shown in percentages
|rule|Endless Battle Clause: Forcing endless battles is banned
|rule|Species Clause: Limit one of each Pokémon
|rule|OHKO Clause: OHKO moves are banned
|rule|Evasion Items Clause: Evasion items are banned
|rule|Evasion Moves Clause: Evasion moves are banned
|rule|Evasion Abilities Clause: Evasion abilities are banned
|rule|Sleep Moves Clause: Sleep-inducing moves are banned
|clearpoke
|poke|p1|Kingambit, M|
|poke|p1|Great Tusk|
|poke|p1|Dragapult, M|
|poke|p1|Rotom-Wash|
|poke|p1|Ting-Lu|
|poke|p1|Iron Valiant|
|poke|p2|Zapdos|
|poke|p2|Scizor, M|
|poke|p2|Basculegion, M|
|poke|p2|Pelipper, M|
|poke|p2|Greninja-*, M|
|poke|p2|Sandy Shocks|
|teampreview
|inactive|Battle timer is ON: inactive players will automatically lose when time's up. (requested by Jack.Lion710)
|inactive|lpdfwfwfw also wants the timer to be on.
|
|t:|1758344507
|teamsize|p1|6
|teamsize|p2|6
|start
|switch|p1a: Rotom|Rotom-Wash|100/100
|switch|p2a: Pelipper|Pelipper, M|100/100
|-weather|RainDance|[from] ability: Drizzle|[of] p2a: Pelipper
|turn|1
|
|t:|1758344533
|switch|p2a: Scizor|Scizor, M|100/100
|move|p1a: Rotom|Volt Switch|p2a: Scizor
|-damage|p2a: Scizor|73/100
|
|t:|1758344538
|switch|p1a: Dragapult|Dragapult, M, shiny|100/100|[from] Volt Switch
|
|-weather|RainDance|[upkeep]
|upkeep
|turn|2
|
|t:|1758344547
|move|p1a: Dragapult|Flamethrower|p2a: Scizor
|-supereffective|p2a: Scizor
|-damage|p2a: Scizor|0 fnt
|faint|p2a: Scizor
|
|-weather|RainDance|[upkeep]
|upkeep
|
|t:|1758344555
|switch|p2a: Basculegion|Basculegion, M|100/100
|turn|3
|
|t:|1758344562
|switch|p1a: Rotom|Rotom-Wash|100/100
|-terastallize|p2a: Basculegion|Water
|move|p2a: Basculegion|Wave Crash|p1a: Rotom
|-resisted|p1a: Rotom
|-damage|p1a: Rotom|8/100
|-damage|p2a: Basculegion|76/100|[from] Recoil
|
|-weather|RainDance|[upkeep]
|-heal|p1a: Rotom|14/100|[from] item: Leftovers
|upkeep
|turn|4
|
|t:|1758344573
|move|p2a: Basculegion|Wave Crash|p1a: Rotom
|-resisted|p1a: Rotom
|-damage|p1a: Rotom|0 fnt
|faint|p1a: Rotom
|-damage|p2a: Basculegion|72/100|[from] Recoil
|
|-weather|RainDance|[upkeep]
|upkeep
|
|t:|1758344579
|switch|p1a: Iron Valiant|Iron Valiant|100/100
|-enditem|p1a: Iron Valiant|Booster Energy
|-activate|p1a: Iron Valiant|ability: Quark Drive|[fromitem]
|-start|p1a: Iron Valiant|quarkdrivespe
|turn|5
|
|t:|1758344584
|move|p1a: Iron Valiant|Thunderbolt|p2a: Basculegion
|-supereffective|p2a: Basculegion
|-damage|p2a: Basculegion|4/100
|move|p2a: Basculegion|Wave Crash|p1a: Iron Valiant
|-damage|p1a: Iron Valiant|0 fnt
|faint|p1a: Iron Valiant
|-end|p1a: Iron Valiant|Quark Drive|[silent]
|-damage|p2a: Basculegion|0 fnt|[from] Recoil
|faint|p2a: Basculegion
|
|-weather|RainDance|[upkeep]
|upkeep
|
|t:|1758344600
|switch|p1a: Ting-Lu|Ting-Lu|100/100
|switch|p2a: Pelipper|Pelipper, M|100/100
|-ability|p1a: Ting-Lu|Vessel of Ruin
|turn|6
|
|t:|1758344608
|move|p2a: Pelipper|Weather Ball|p1a: Ting-Lu
|-supereffective|p1a: Ting-Lu
|-damage|p1a: Ting-Lu|44/100
|move|p1a: Ting-Lu|Ruination|p2a: Pelipper
|-damage|p2a: Pelipper|50/100
|
|-weather|RainDance|[upkeep]
|upkeep
|turn|7
|
|t:|1758344622
|switch|p1a: Dragapult|Dragapult, M, shiny|100/100
|move|p2a: Pelipper|Ice Beam|p1a: Dragapult
|-supereffective|p1a: Dragapult
|-damage|p1a: Dragapult|27/100
|
|-weather|RainDance|[upkeep]
|upkeep
|turn|8
|
|t:|1758344634
|move|p1a: Dragapult|Shadow Ball|p2a: Pelipper
|-damage|p2a: Pelipper|0 fnt
|faint|p2a: Pelipper
|
|-weather|none
|upkeep
|
|t:|1758344640
|switch|p2a: Greninja|Greninja, M|100/100
|turn|9
|
|t:|1758344649
|switch|p1a: Ting-Lu|Ting-Lu|44/100
|-ability|p1a: Ting-Lu|Vessel of Ruin
|move|p2a: Greninja|Water Shuriken|p1a: Ting-Lu
|-supereffective|p1a: Ting-Lu
|-crit|p1a: Ting-Lu
|-damage|p1a: Ting-Lu|30/100
|-supereffective|p1a: Ting-Lu
|-damage|p1a: Ting-Lu|22/100
|-supereffective|p1a: Ting-Lu
|-damage|p1a: Ting-Lu|13/100
|-hitcount|p1a: Ting-Lu|3
|-damage|p2a: Greninja|91/100|[from] item: Life Orb
|
|upkeep
|turn|10
|
|t:|1758344663
|move|p2a: Greninja|Surf|p1a: Ting-Lu
|-supereffective|p1a: Ting-Lu
|-damage|p1a: Ting-Lu|0 fnt
|faint|p1a: Ting-Lu
|-ability|p2a: Greninja|Battle Bond|boost
|-boost|p2a: Greninja|atk|1
|-boost|p2a: Greninja|spa|1
|-boost|p2a: Greninja|spe|1
|-activate|p2a: Greninja|ability: Battle Bond
|-damage|p2a: Greninja|81/100|[from] item: Life Orb
|
|upkeep
|
|t:|1758344672
|switch|p1a: Dragapult|Dragapult, M, shiny|27/100
|turn|11
|
|t:|1758344684
|move|p2a: Greninja|Ice Beam|p1a: Dragapult
|-supereffective|p1a: Dragapult
|-damage|p1a: Dragapult|0 fnt
|faint|p1a: Dragapult
|-damage|p2a: Greninja|71/100|[from] item: Life Orb
|
|upkeep
|
|t:|1758344689
|switch|p1a: Great Tusk|Great Tusk|100/100
|turn|12
|
|t:|1758344699
|move|p2a: Greninja|Surf|p1a: Great Tusk
|-supereffective|p1a: Great Tusk
|-damage|p1a: Great Tusk|0 fnt
|faint|p1a: Great Tusk
|-end|p1a: Great Tusk|Protosynthesis|[silent]
|-damage|p2a: Greninja|61/100|[from] item: Life Orb
|
|upkeep
|
|t:|1758344705
|switch|p1a: Kingambit|Kingambit, M|100/100
|-activate|p1a: Kingambit|ability: Supreme Overlord
|-start|p1a: Kingambit|fallen5|[silent]
|turn|13
|
|t:|1758344713
|move|p2a: Greninja|Surf|p1a: Kingambit
|-crit|p1a: Kingambit
|-damage|p1a: Kingambit|0 fnt
|faint|p1a: Kingambit
|-end|p1a: Kingambit|fallen5|[silent]
|-damage|p2a: Greninja|52/100|[from] item: Life Orb
|
|win|lpdfwfwfw
|raw|Jack.Lion710's rating: 1151 &rarr; <strong>1128</strong><br />(-23 for losing)
|raw|lpdfwfwfw's rating: 1184 &rarr; <strong>1207</strong><br />(+23 for winning)
|l|☆Jack.Lion710
|player|p1|
|l|☆lpdfwfwfw
|player|p2|
