|j|☆blulocks
|j|☆hennemanne
|t:|1758262904
|gametype|singles
|player|p1|blulocks|169|
|player|p2|hennemanne|265|
|gen|9
|tier|[Gen 9] OU
|rule|HP Percentage Mod: HP is shown in percentages
|rule|Endless Battle Clause: Forcing endless battles is banned
|rule|Species Clause: Limit one of each Pokémon
|rule|OHKO Clause: OHKO moves are banned
|rule|Evasion Items Clause: Evasion items are banned
|rule|Evasion Moves Clause: Evasion moves are banned
|rule|Evasion Abilities Clause: Evasion abilities are banned
|rule|Sleep Moves Clause: Sleep-inducing moves are banned
|clearpoke
|poke|p1|Darkrai|
|poke|p1|Empoleon, F|
|poke|p1|Great Tusk|
|poke|p1|Moltres|
|poke|p1|Hydrapple, M|
|poke|p1|Slowking-Galar, M|
|poke|p2|Tyranitar, M|
|poke|p2|Excadrill, F|
|poke|p2|Kingambit, F|
|poke|p2|Garchomp, F|
|poke|p2|Pecharunt|
|poke|p2|Rotom-Wash|
|teampreview
|inactive|Battle timer is ON: inactive players will automatically lose when time's up. (requested by blulocks)
|
|t:|1758262916
|teamsize|p1|6
|teamsize|p2|6
|start
|switch|p1a: Darkrai|Darkrai|100/100
|switch|p2a: Tyranitar|Tyranitar, M|100/100
|-weather|Sandstorm|[from] ability: Sand Stream|[of] p2a: Tyranitar
|turn|1
|
|t:|1758262927
|switch|p1a: Apple|Hydrapple, M|100/100
|move|p2a: Tyranitar|Thunder Wave|p1a: Apple
|-status|p1a: Apple|par
|
|-weather|Sandstorm|[upkeep]
|-damage|p1a: Apple|94/100 par|[from] Sandstorm
|upkeep
|turn|2
|
|t:|1758262935
|move|p2a: Tyranitar|Ice Beam|p1a: Apple
|-supereffective|p1a: Apple
|-damage|p1a: Apple|22/100 par
|move|p1a: Apple|Nasty Plot|p1a: Apple
|-boost|p1a: Apple|spa|2
|
|-weather|Sandstorm|[upkeep]
|-damage|p1a: Apple|16/100 par|[from] Sandstorm
|upkeep
|turn|3
|
|t:|1758262940
|switch|p1a: Napoleon|Empoleon, F|100/100
|move|p2a: Tyranitar|Knock Off|p1a: Napoleon
|-damage|p1a: Napoleon|60/100
|-enditem|p1a: Napoleon|Leftovers|[from] move: Knock Off|[of] p2a: Tyranitar
|
|-weather|Sandstorm|[upkeep]
|upkeep
|turn|4
|
|t:|1758262965
|move|p1a: Napoleon|Roost|p1a: Napoleon
|-heal|p1a: Napoleon|100/100
|-singleturn|p1a: Napoleon|move: Roost
|move|p2a: Tyranitar|Thunder Wave|p1a: Napoleon
|-status|p1a: Napoleon|par
|
|-weather|Sandstorm|[upkeep]
|upkeep
|turn|5
|
|t:|1758262974
|move|p2a: Tyranitar|Stealth Rock|p1a: Napoleon
|-sidestart|p1: blulocks|move: Stealth Rock
|move|p1a: Napoleon|Surf|p2a: Tyranitar
|-supereffective|p2a: Tyranitar
|-damage|p2a: Tyranitar|70/100
|
|-weather|Sandstorm|[upkeep]
|upkeep
|turn|6
|
|t:|1758262987
|switch|p2a: Garchomp|Garchomp, F|100/100
|move|p1a: Napoleon|Surf|p2a: Garchomp
|-damage|p2a: Garchomp|62/100
|
|-weather|Sandstorm|[upkeep]
|upkeep
|turn|7
|
|t:|1758262994
|switch|p1a: Moltres|Moltres|100/100
|move|p2a: Garchomp|Scale Shot|p1a: Moltres
|-damage|p1a: Moltres|92/100
|-damage|p1a: Moltres|83/100
|-damage|p1a: Moltres|74/100
|-damage|p1a: Moltres|64/100
|-damage|p1a: Moltres|56/100
|-hitcount|p1a: Moltres|5
|-unboost|p2a: Garchomp|def|1
|-boost|p2a: Garchomp|spe|1
|
|-weather|Sandstorm|[upkeep]
|-damage|p1a: Moltres|50/100|[from] Sandstorm
|upkeep
|turn|8
|
|t:|1758263017
|move|p2a: Garchomp|Scale Shot|p1a: Moltres
|-damage|p1a: Moltres|41/100
|-damage|p1a: Moltres|32/100
|-damage|p1a: Moltres|23/100
|-damage|p1a: Moltres|14/100
|-hitcount|p1a: Moltres|4
|-unboost|p2a: Garchomp|def|1
|-boost|p2a: Garchomp|spe|1
|move|p1a: Moltres|Will-O-Wisp|p2a: Garchomp
|-status|p2a: Garchomp|brn
|
|-weather|none
|-damage|p2a: Garchomp|56/100 brn|[from] brn
|upkeep
|turn|9
|
|t:|1758263027
|switch|p1a: Iron tusk|Great Tusk|100/100
|move|p2a: Garchomp|Scale Shot|p1a: Iron tusk
|-damage|p1a: Iron tusk|96/100
|-damage|p1a: Iron tusk|91/100
|-damage|p1a: Iron tusk|87/100
|-damage|p1a: Iron tusk|82/100
|-hitcount|p1a: Iron tusk|4
|-unboost|p2a: Garchomp|def|1
|-boost|p2a: Garchomp|spe|1
|
|-damage|p2a: Garchomp|50/100 brn|[from] brn
|upkeep
|turn|10
|inactive|hennemanne has 270 seconds left.
|
|t:|1758263067
|move|p2a: Garchomp|Earthquake|p1a: Iron tusk
|-damage|p1a: Iron tusk|64/100
|move|p1a: Iron tusk|Stealth Rock|p2a: Garchomp
|-sidestart|p2: hennemanne|move: Stealth Rock
|
|-damage|p2a: Garchomp|44/100 brn|[from] brn
|upkeep
|turn|11
|inactive|hennemanne has 240 seconds left.
|
|t:|1758263118
|move|p2a: Garchomp|Earthquake|p1a: Iron tusk
|-damage|p1a: Iron tusk|46/100
|move|p1a: Iron tusk|Rapid Spin|p2a: Garchomp
|-damage|p2a: Garchomp|0 fnt
|-boost|p1a: Iron tusk|spe|1
|-damage|p1a: Iron tusk|33/100|[from] ability: Rough Skin|[of] p2a: Garchomp
|-sideend|p1: blulocks|Stealth Rock|[from] move: Rapid Spin|[of] p1a: Iron tusk
|faint|p2a: Garchomp
|
|upkeep
|inactive|hennemanne has 210 seconds left.
|inactive|hennemanne has 180 seconds left.
|
|t:|1758263161
|switch|p2a: Kingambit|Kingambit, F|100/100
|-damage|p2a: Kingambit|94/100|[from] Stealth Rock
|-activate|p2a: Kingambit|ability: Supreme Overlord
|-start|p2a: Kingambit|fallen1|[silent]
|turn|12
|inactive|hennemanne has 180 seconds left.
|
|t:|1758263172
|-end|p2a: Kingambit|fallen1|[silent]
|switch|p2a: Pecharunt|Pecharunt|100/100
|-damage|p2a: Pecharunt|88/100|[from] Stealth Rock
|-item|p2a: Pecharunt|Air Balloon
|move|p1a: Iron tusk|Headlong Rush|p2a: Pecharunt
|-immune|p2a: Pecharunt
|
|upkeep
|turn|13
|inactive|hennemanne has 180 seconds left.
|
|t:|1758263185
|-end|p1a: Iron tusk|Protosynthesis|[silent]
|switch|p1a: Napoleon|Empoleon, F|100/100 par
|move|p2a: Pecharunt|Shadow Ball|p1a: Napoleon
|-damage|p1a: Napoleon|84/100 par
|
|upkeep
|turn|14
|inactive|hennemanne has 180 seconds left.
|
|t:|1758263197
|move|p2a: Pecharunt|Parting Shot|p1a: Napoleon
|-unboost|p1a: Napoleon|atk|1
|-ability|p1a: Napoleon|Competitive|boost
|-boost|p1a: Napoleon|spa|2
|-unboost|p1a: Napoleon|spa|1
|-ability|p1a: Napoleon|Competitive|boost
|-boost|p1a: Napoleon|spa|2
|inactive|hennemanne has 180 seconds left.
|
|t:|1758263210
|switch|p2a: Excadrill|Excadrill, F|100/100|[from] Parting Shot
|-damage|p2a: Excadrill|97/100|[from] Stealth Rock
|cant|p1a: Napoleon|par
|
|upkeep
|turn|15
|inactive|hennemanne has 180 seconds left.
|c|☆blulocks|cmon
|
|t:|1758263222
|-terastallize|p2a: Excadrill|Ground
|-terastallize|p1a: Napoleon|Fairy
|move|p2a: Excadrill|Earthquake|p1a: Napoleon
|-damage|p1a: Napoleon|0 fnt
|faint|p1a: Napoleon
|-damage|p2a: Excadrill|87/100|[from] item: Life Orb
|
|upkeep
|
|t:|1758263227
|switch|p1a: Moltres|Moltres|14/100
|turn|16
|
|t:|1758263240
|move|p2a: Excadrill|Rapid Spin|p1a: Moltres
|-damage|p1a: Moltres|0 fnt
|-boost|p2a: Excadrill|spe|1
|-sideend|p2: hennemanne|Stealth Rock|[from] move: Rapid Spin|[of] p2a: Excadrill
|faint|p1a: Moltres
|-damage|p2a: Excadrill|78/100|[from] item: Life Orb
|
|upkeep
|
|t:|1758263244
|switch|p1a: Apple|Hydrapple, M|49/100 par
|turn|17
|c|☆hennemanne|yo
|
|t:|1758263256
|move|p2a: Excadrill|Earthquake|p1a: Apple
|-resisted|p1a: Apple
|-damage|p1a: Apple|22/100 par
|-damage|p2a: Excadrill|68/100|[from] item: Life Orb
|move|p1a: Apple|Giga Drain|p2a: Excadrill
|-supereffective|p2a: Excadrill
|-damage|p2a: Excadrill|0 fnt
|-heal|p1a: Apple|51/100 par|[from] drain|[of] p2a: Excadrill
|faint|p2a: Excadrill
|
|upkeep
|
|t:|1758263268
|switch|p2a: Pecharunt|Pecharunt|88/100
|-item|p2a: Pecharunt|Air Balloon
|turn|18
|
|t:|1758263272
|switch|p1a: Fastking-Galar|Slowking-Galar, M|100/100
|move|p2a: Pecharunt|Malignant Chain|p1a: Fastking-Galar
|-resisted|p1a: Fastking-Galar
|-damage|p1a: Fastking-Galar|91/100
|
|upkeep
|turn|19
|
|t:|1758263285
|move|p2a: Pecharunt|Shadow Ball|p1a: Fastking-Galar
|-supereffective|p1a: Fastking-Galar
|-damage|p1a: Fastking-Galar|64/100
|-prepare|p1a: Fastking-Galar|Chilly Reception|[premajor]
|move|p1a: Fastking-Galar|Chilly Reception|p1a: Fastking-Galar
|-weather|Snowscape
|
|t:|1758263289
|switch|p1a: Darkrai|Darkrai|100/100|[from] Chilly Reception
|
|-weather|Snowscape|[upkeep]
|upkeep
|turn|20
|
|t:|1758263296
|move|p1a: Darkrai|Dark Pulse|p2a: Pecharunt
|-supereffective|p2a: Pecharunt
|-damage|p2a: Pecharunt|0 fnt
|-enditem|p2a: Pecharunt|Air Balloon
|faint|p2a: Pecharunt
|
|-weather|Snowscape|[upkeep]
|upkeep
|
|t:|1758263305
|switch|p2a: Tyranitar|Tyranitar, M|70/100
|-weather|Sandstorm|[from] ability: Sand Stream|[of] p2a: Tyranitar
|turn|21
|inactive|hennemanne has 210 seconds left.
|
|t:|1758263314
|switch|p1a: Apple|Hydrapple, M|84/100 par
|move|p2a: Tyranitar|Ice Beam|p1a: Apple
|-supereffective|p1a: Apple
|-damage|p1a: Apple|7/100 par
|
|-weather|Sandstorm|[upkeep]
|-damage|p1a: Apple|1/100 par|[from] Sandstorm
|upkeep
|turn|22
|inactive|hennemanne has 210 seconds left.
|c|☆hennemanne|how that didnt killed lmao
|
|t:|1758263330
|move|p2a: Tyranitar|Ice Beam|p1a: Apple
|-supereffective|p1a: Apple
|-damage|p1a: Apple|0 fnt
|faint|p1a: Apple
|
|-weather|Sandstorm|[upkeep]
|upkeep
|
|t:|1758263334
|switch|p1a: Iron tusk|Great Tusk|33/100
|turn|23
|
|t:|1758263338
|-end|p1a: Iron tusk|Protosynthesis|[silent]
|switch|p1a: Fastking-Galar|Slowking-Galar, M|97/100
|move|p2a: Tyranitar|Ice Beam|p1a: Fastking-Galar
|-damage|p1a: Fastking-Galar|85/100
|
|-weather|Sandstorm|[upkeep]
|-damage|p1a: Fastking-Galar|79/100|[from] Sandstorm
|upkeep
|turn|24
|
|t:|1758263347
|move|p2a: Tyranitar|Thunder Wave|p1a: Fastking-Galar
|-status|p1a: Fastking-Galar|par
|-prepare|p1a: Fastking-Galar|Chilly Reception|[premajor]
|move|p1a: Fastking-Galar|Chilly Reception|p1a: Fastking-Galar
|-weather|Snowscape
|
|t:|1758263349
|switch|p1a: Iron tusk|Great Tusk|33/100|[from] Chilly Reception
|
|-weather|Snowscape|[upkeep]
|upkeep
|turn|25
|
|t:|1758263360
|switch|p2a: Rotom|Rotom-Wash|100/100
|move|p1a: Iron tusk|Headlong Rush|p2a: Rotom
|-immune|p2a: Rotom|[from] ability: Levitate
|
|-weather|Snowscape|[upkeep]
|upkeep
|turn|26
|
|t:|1758263387
|-end|p1a: Iron tusk|Protosynthesis|[silent]
|switch|p1a: Fastking-Galar|Slowking-Galar, M|100/100 par
|move|p2a: Rotom|Hydro Pump|p1a: Fastking-Galar
|-damage|p1a: Fastking-Galar|77/100 par
|
|-weather|Snowscape|[upkeep]
|upkeep
|turn|27
|
|t:|1758263397
|move|p2a: Rotom|Volt Switch|p1a: Fastking-Galar
|-damage|p1a: Fastking-Galar|62/100 par
|
|t:|1758263404
|switch|p2a: Kingambit|Kingambit, F|94/100|[from] Volt Switch
|-activate|p2a: Kingambit|ability: Supreme Overlord
|-start|p2a: Kingambit|fallen3|[silent]
|-prepare|p1a: Fastking-Galar|Chilly Reception|[premajor]
|cant|p1a: Fastking-Galar|par
|
|-weather|Snowscape|[upkeep]
|upkeep
|turn|28
|inactive|hennemanne has 210 seconds left.
|
|t:|1758263425
|move|p2a: Kingambit|Kowtow Cleave|p1a: Fastking-Galar
|-supereffective|p1a: Fastking-Galar
|-damage|p1a: Fastking-Galar|0 fnt
|faint|p1a: Fastking-Galar
|
|-weather|none
|upkeep
|
|t:|1758263427
|switch|p1a: Darkrai|Darkrai|100/100
|turn|29
|
|t:|1758263433
|move|p1a: Darkrai|Focus Blast|p2a: Kingambit
|-supereffective|p2a: Kingambit
|-damage|p2a: Kingambit|0 fnt
|faint|p2a: Kingambit
|-end|p2a: Kingambit|fallen3|[silent]
|
|upkeep
|
|t:|1758263441
|switch|p2a: Tyranitar|Tyranitar, M|70/100
|-weather|Sandstorm|[from] ability: Sand Stream|[of] p2a: Tyranitar
|turn|30
|
|t:|1758263449
|move|p1a: Darkrai|Focus Blast|p2a: Tyranitar
|-supereffective|p2a: Tyranitar
|-damage|p2a: Tyranitar|0 fnt
|faint|p2a: Tyranitar
|
|-weather|Sandstorm|[upkeep]
|-damage|p1a: Darkrai|94/100|[from] Sandstorm
|upkeep
|
|t:|1758263456
|switch|p2a: Rotom|Rotom-Wash|100/100
|turn|31
|
|t:|1758263463
|switch|p1a: Iron tusk|Great Tusk|33/100
|move|p2a: Rotom|Hydro Pump|p1a: Iron tusk
|-supereffective|p1a: Iron tusk
|-damage|p1a: Iron tusk|0 fnt
|faint|p1a: Iron tusk
|-end|p1a: Iron tusk|Protosynthesis|[silent]
|
|-weather|Sandstorm|[upkeep]
|-damage|p2a: Rotom|94/100|[from] Sandstorm
|-heal|p2a: Rotom|100/100|[from] item: Leftovers
|upkeep
|
|t:|1758263467
|switch|p1a: Darkrai|Darkrai|94/100
|turn|32
|
|t:|1758263476
|move|p1a: Darkrai|Sludge Bomb|p2a: Rotom
|-damage|p2a: Rotom|64/100
|move|p2a: Rotom|Pain Split|p1a: Darkrai
|-sethp|p1a: Darkrai|82/100|[from] move: Pain Split|[silent]
|-sethp|p2a: Rotom|75/100|[from] move: Pain Split
|
|-weather|Sandstorm|[upkeep]
|-damage|p1a: Darkrai|76/100|[from] Sandstorm
|-damage|p2a: Rotom|69/100|[from] Sandstorm
|-heal|p2a: Rotom|75/100|[from] item: Leftovers
|upkeep
|turn|33
|inactive|hennemanne has 240 seconds left.
|
|t:|1758263486
|move|p1a: Darkrai|Dark Pulse|p2a: Rotom
|-damage|p2a: Rotom|34/100
|move|p2a: Rotom|Pain Split|p1a: Darkrai
|-sethp|p1a: Darkrai|56/100|[from] move: Pain Split|[silent]
|-sethp|p2a: Rotom|52/100|[from] move: Pain Split
|
|-weather|Sandstorm|[upkeep]
|-damage|p1a: Darkrai|50/100|[from] Sandstorm
|-damage|p2a: Rotom|46/100|[from] Sandstorm
|-heal|p2a: Rotom|52/100|[from] item: Leftovers
|upkeep
|turn|34
|inactive|hennemanne has 240 seconds left.
|
|t:|1758263498
|move|p1a: Darkrai|Dark Pulse|p2a: Rotom
|-damage|p2a: Rotom|10/100
|move|p2a: Rotom|Hydro Pump|p1a: Darkrai
|-damage|p1a: Darkrai|0 fnt
|faint|p1a: Darkrai
|
|win|hennemanne
|l|☆blulocks
|player|p1|
