|j|‽AmaraJyotiVGC
|j|☆TheInfiniteCrafter
|t:|1758255693
|gametype|singles
|player|p1|AmaraJyotiVGC|cynthia-gen4|1126
|player|p2|TheInfiniteCrafter|hilbert|1083
|gen|9
|tier|[Gen 9] OU
|rated|
|rule|HP Percentage Mod: HP is shown in percentages
|rule|Endless Battle Clause: Forcing endless battles is banned
|rule|Species Clause: Limit one of each Pokémon
|rule|OHKO Clause: OHKO moves are banned
|rule|Evasion Items Clause: Evasion items are banned
|rule|Evasion Moves Clause: Evasion moves are banned
|rule|Evasion Abilities Clause: Evasion abilities are banned
|rule|Sleep Moves Clause: Sleep-inducing moves are banned
|clearpoke
|poke|p1|Gholdengo|
|poke|p1|Charizard, F|
|poke|p1|Raikou|
|poke|p1|Yanmega, F|
|poke|p1|Ursaluna, F|
|poke|p1|Dondozo, M|
|poke|p2|Flapple, F|
|poke|p2|Meowstic, M|
|poke|p2|Ceruledge, M|
|poke|p2|Garganacl, M|
|poke|p2|Gardevoir, M|
|poke|p2|Glimmora, F|
|teampreview
|inactive|Battle timer is ON: inactive players will automatically lose when time's up. (requested by AmaraJyotiVGC)
|c|☆TheInfiniteCrafter|glhf
|
|t:|1758255701
|teamsize|p1|6
|teamsize|p2|6
|start
|switch|p1a: Gholdengo|Gholdengo, shiny|100/100
|switch|p2a: Glimmora|Glimmora, F|100/100
|turn|1
|
|t:|1758255708
|-terastallize|p1a: Gholdengo|Steel
|move|p2a: Glimmora|Stealth Rock|p1a: Gholdengo
|-sidestart|p1: AmaraJyotiVGC|move: Stealth Rock
|move|p1a: Gholdengo|Flash Cannon|p2a: Glimmora
|-supereffective|p2a: Glimmora
|-enditem|p2a: Glimmora|Focus Sash
|-damage|p2a: Glimmora|1/100
|-damage|p1a: Gholdengo|91/100|[from] item: Life Orb
|
|upkeep
|turn|2
|
|t:|1758255720
|move|p2a: Glimmora|Toxic Spikes|p1a: Gholdengo
|-sidestart|p1: AmaraJyotiVGC|move: Toxic Spikes
|move|p1a: Gholdengo|Flash Cannon|p2a: Glimmora
|-supereffective|p2a: Glimmora
|-damage|p2a: Glimmora|0 fnt
|faint|p2a: Glimmora
|-damage|p1a: Gholdengo|81/100|[from] item: Life Orb
|
|upkeep
|
|t:|1758255728
|switch|p2a: Meowstic|Meowstic, M|100/100
|turn|3
|
|t:|1758255732
|move|p2a: Meowstic|Gravity|p2a: Meowstic
|-fieldstart|move: Gravity
|move|p1a: Gholdengo|Make It Rain|p2a: Meowstic
|-damage|p2a: Meowstic|6/100
|-unboost|p1a: Gholdengo|spa|1
|-enditem|p2a: Meowstic|Eject Button
|-damage|p1a: Gholdengo|71/100|[from] item: Life Orb
|
|t:|1758255745
|switch|p2a: Flapple|Flapple, F|100/100
|
|upkeep
|turn|4
|
|t:|1758255753
|move|p2a: Flapple|Endure|p2a: Flapple
|-singleturn|p2a: Flapple|move: Endure
|move|p1a: Gholdengo|Make It Rain|p2a: Flapple
|-activate|p2a: Flapple|move: Endure
|-damage|p2a: Flapple|1/100
|-unboost|p1a: Gholdengo|spa|1
|-enditem|p2a: Flapple|Salac Berry|[eat]
|-boost|p2a: Flapple|spe|1|[from] item: Salac Berry
|-damage|p1a: Gholdengo|61/100|[from] item: Life Orb
|
|upkeep
|turn|5
|
|t:|1758255770
|move|p2a: Flapple|Grav Apple|p1a: Gholdengo
|-resisted|p1a: Gholdengo
|-damage|p1a: Gholdengo|16/100
|-unboost|p1a: Gholdengo|def|1
|move|p1a: Gholdengo|Dazzling Gleam|p2a: Flapple
|-supereffective|p2a: Flapple
|-damage|p2a: Flapple|0 fnt
|faint|p2a: Flapple
|-damage|p1a: Gholdengo|6/100|[from] item: Life Orb
|
|upkeep
|
|t:|1758255780
|switch|p2a: Ceruledge|Ceruledge, M|100/100
|turn|6
|
|t:|1758255785
|move|p2a: Ceruledge|Swords Dance|p2a: Ceruledge
|-boost|p2a: Ceruledge|atk|2
|move|p1a: Gholdengo|Shadow Ball|p2a: Ceruledge
|-supereffective|p2a: Ceruledge
|-damage|p2a: Ceruledge|39/100
|-unboost|p2a: Ceruledge|spd|1
|-damage|p1a: Gholdengo|0 fnt|[from] item: Life Orb
|faint|p1a: Gholdengo
|
|upkeep
|
|t:|1758255798
|switch|p1a: Dondozo|Dondozo, M, shiny|100/100
|-damage|p1a: Dondozo|88/100|[from] Stealth Rock
|-status|p1a: Dondozo|psn
|turn|7
|
|t:|1758255809
|move|p2a: Ceruledge|Bitter Blade|p1a: Dondozo
|-resisted|p1a: Dondozo
|-damage|p1a: Dondozo|75/100 psn
|-heal|p2a: Ceruledge|51/100|[from] drain|[of] p1a: Dondozo
|move|p1a: Dondozo|Waterfall|p2a: Ceruledge
|-supereffective|p2a: Ceruledge
|-damage|p2a: Ceruledge|0 fnt
|faint|p2a: Ceruledge
|
|-damage|p1a: Dondozo|63/100 psn|[from] psn
|-fieldend|move: Gravity
|upkeep
|
|t:|1758255820
|switch|p2a: Garganacl|Garganacl, M|100/100
|turn|8
|
|t:|1758255823
|move|p1a: Dondozo|Waterfall|p2a: Garganacl
|-supereffective|p2a: Garganacl
|-damage|p2a: Garganacl|32/100
|move|p2a: Garganacl|Salt Cure|p1a: Dondozo
|-damage|p1a: Dondozo|54/100 psn
|-start|p1a: Dondozo|Salt Cure
|
|-heal|p2a: Garganacl|38/100|[from] item: Leftovers
|-damage|p1a: Dondozo|42/100 psn|[from] psn
|-damage|p1a: Dondozo|17/100 psn|[from] Salt Cure
|upkeep
|turn|9
|
|t:|1758255835
|-terastallize|p2a: Garganacl|Water
|move|p2a: Garganacl|Recover|p2a: Garganacl
|-heal|p2a: Garganacl|88/100
|move|p1a: Dondozo|Waterfall|p2a: Garganacl
|-resisted|p2a: Garganacl
|-damage|p2a: Garganacl|71/100
|
|-heal|p2a: Garganacl|77/100|[from] item: Leftovers
|-damage|p1a: Dondozo|5/100 psn|[from] psn
|-damage|p1a: Dondozo|0 fnt|[from] Salt Cure
|faint|p1a: Dondozo
|upkeep
|
|t:|1758255848
|switch|p1a: Raikou|Raikou, shiny|100/100
|-damage|p1a: Raikou|88/100|[from] Stealth Rock
|-status|p1a: Raikou|psn
|turn|10
|
|t:|1758255864
|move|p1a: Raikou|Thunderbolt|p2a: Garganacl
|-supereffective|p2a: Garganacl
|-damage|p2a: Garganacl|0 fnt
|faint|p2a: Garganacl
|-damage|p1a: Raikou|78/100 psn|[from] item: Life Orb
|
|-damage|p1a: Raikou|66/100 psn|[from] psn
|upkeep
|
|t:|1758255874
|switch|p2a: Meowstic|Meowstic, M|6/100
|turn|11
|
|t:|1758255880
|move|p2a: Meowstic|Light Screen|p2a: Meowstic
|-sidestart|p2: TheInfiniteCrafter|move: Light Screen
|move|p1a: Raikou|Volt Switch|p2a: Meowstic
|-damage|p2a: Meowstic|0 fnt
|faint|p2a: Meowstic
|-damage|p1a: Raikou|56/100 psn|[from] item: Life Orb
|
|t:|1758255888
|switch|p1a: Yanmega|Yanmega, F, shiny|100/100|[from] Volt Switch
|-damage|p1a: Yanmega|51/100|[from] Stealth Rock
|
|upkeep
|
|t:|1758255893
|switch|p2a: Gardevoir|Gardevoir, M|100/100
|turn|12
|
|t:|1758255901
|move|p1a: Yanmega|Bug Buzz|p2a: Gardevoir
|-damage|p2a: Gardevoir|81/100
|-damage|p1a: Yanmega|41/100|[from] item: Life Orb
|move|p2a: Gardevoir|Mystical Fire|p1a: Yanmega
|-supereffective|p1a: Yanmega
|-damage|p1a: Yanmega|0 fnt
|faint|p1a: Yanmega
|
|upkeep
|
|t:|1758255914
|switch|p1a: Raikou|Raikou, shiny|56/100 psn
|-damage|p1a: Raikou|43/100 psn|[from] Stealth Rock
|turn|13
|
|t:|1758255919
|move|p1a: Raikou|Shadow Ball|p2a: Gardevoir
|-supereffective|p2a: Gardevoir
|-damage|p2a: Gardevoir|58/100
|-damage|p1a: Raikou|33/100 psn|[from] item: Life Orb
|move|p2a: Gardevoir|Moonblast|p1a: Raikou
|-damage|p1a: Raikou|0 fnt
|faint|p1a: Raikou
|
|upkeep
|
|t:|1758255929
|switch|p1a: Charizard|Charizard, F, shiny|100/100
|-damage|p1a: Charizard|51/100|[from] Stealth Rock
|turn|14
|
|t:|1758255937
|move|p1a: Charizard|Flamethrower|p2a: Gardevoir
|-damage|p2a: Gardevoir|38/100
|-damage|p1a: Charizard|41/100|[from] item: Life Orb
|move|p2a: Gardevoir|Moonblast|p1a: Charizard
|-resisted|p1a: Charizard
|-damage|p1a: Charizard|7/100
|
|upkeep
|turn|15
|
|t:|1758255947
|move|p1a: Charizard|Overheat|p2a: Gardevoir
|-damage|p2a: Gardevoir|0 fnt
|-unboost|p1a: Charizard|spa|2
|faint|p2a: Gardevoir
|-damage|p1a: Charizard|0 fnt|[from] item: Life Orb
|faint|p1a: Charizard
|
|win|AmaraJyotiVGC
|raw|AmaraJyotiVGC's rating: 1126 &rarr; <strong>1148</strong><br />(+22 for winning)
|raw|TheInfiniteCrafter's rating: 1083 &rarr; <strong>1063</strong><br />(-20 for losing)
|c|☆TheInfiniteCrafter|ggwp
