|j|☆jimy92
|j|☆judicaelmangavideo
|t:|1758378802
|gametype|singles
|player|p1|jimy92|266|1653
|player|p2|judicaelmangavideo|steven|1723
|gen|9
|tier|[Gen 9] OU
|rated|
|rule|HP Percentage Mod: HP is shown in percentages
|rule|Endless Battle Clause: Forcing endless battles is banned
|rule|Species Clause: Limit one of each Pokémon
|rule|OHKO Clause: OHKO moves are banned
|rule|Evasion Items Clause: Evasion items are banned
|rule|Evasion Moves Clause: Evasion moves are banned
|rule|Evasion Abilities Clause: Evasion abilities are banned
|rule|Sleep Moves Clause: Sleep-inducing moves are banned
|clearpoke
|poke|p1|Pelipper, F|
|poke|p1|Hatterene, F|
|poke|p1|Iron Treads|
|poke|p1|Toxicroak, F|
|poke|p1|Barraskewda, F|
|poke|p1|Zapdos|
|poke|p2|Dragapult, M|
|poke|p2|Corviknight, F|
|poke|p2|Scizor, F|
|poke|p2|Great Tusk|
|poke|p2|Blaziken, M|
|poke|p2|Blissey, F|
|teampreview
|inactive|Battle timer is ON: inactive players will automatically lose when time's up. (requested by jimy92)
|inactive|judicaelmangavideo also wants the timer to be on.
|
|t:|1758378806
|teamsize|p1|6
|teamsize|p2|6
|start
|switch|p1a: Pelipper|Pelipper, F|100/100
|switch|p2a: Blaziken|Blaziken, M, shiny|100/100
|-weather|RainDance|[from] ability: Drizzle|[of] p1a: Pelipper
|turn|1
|
|t:|1758378809
|move|p2a: Blaziken|Thunder Punch|p1a: Pelipper
|-supereffective|p1a: Pelipper
|-damage|p1a: Pelipper|0 fnt
|faint|p1a: Pelipper
|
|-weather|RainDance|[upkeep]
|-ability|p2a: Blaziken|Speed Boost|boost
|-boost|p2a: Blaziken|spe|1
|upkeep
|c|☆jimy92|Huh
|c|☆jimy92|Haha
|
|t:|1758378822
|switch|p1a: Barraskewda|Barraskewda, F|100/100
|turn|2
|
|t:|1758378826
|switch|p2a: Corviknight|Corviknight, F, shiny|100/100
|-ability|p2a: Corviknight|Pressure
|move|p1a: Barraskewda|Liquidation|p2a: Corviknight
|-damage|p2a: Corviknight|33/100
|-damage|p1a: Barraskewda|84/100|[from] item: Rocky Helmet|[of] p2a: Corviknight
|
|-weather|RainDance|[upkeep]
|upkeep
|turn|3
|c|☆judicaelmangavideo|Ahah yes i have a tricky set uhih
|
|t:|1758378850
|move|p1a: Barraskewda|Liquidation|p2a: Corviknight
|-damage|p2a: Corviknight|0 fnt
|-damage|p1a: Barraskewda|68/100|[from] item: Rocky Helmet|[of] p2a: Corviknight
|faint|p2a: Corviknight
|
|-weather|RainDance|[upkeep]
|upkeep
|
|t:|1758378856
|switch|p2a: Scizor|Scizor, F|100/100
|turn|4
|j| Qiiiii
|
|t:|1758378861
|-terastallize|p1a: Barraskewda|Water
|-terastallize|p2a: Scizor|Water
|move|p1a: Barraskewda|Liquidation|p2a: Scizor
|-resisted|p2a: Scizor
|-damage|p2a: Scizor|32/100
|-unboost|p2a: Scizor|def|1
|move|p2a: Scizor|Knock Off|p1a: Barraskewda
|-damage|p1a: Barraskewda|0 fnt
|-enditem|p1a: Barraskewda|Choice Band|[from] move: Knock Off|[of] p2a: Scizor
|faint|p1a: Barraskewda
|
|-weather|RainDance|[upkeep]
|-heal|p2a: Scizor|38/100|[from] item: Leftovers
|upkeep
|l| Qiiiii
|
|t:|1758378866
|switch|p1a: Zapdos|Zapdos|100/100
|turn|5
|
|t:|1758378872
|switch|p2a: Blissey|Blissey, F, shiny|100/100
|move|p1a: Zapdos|Volt Switch|p2a: Blissey
|-damage|p2a: Blissey|80/100
|
|t:|1758378880
|switch|p1a: Iron Treads|Iron Treads|100/100|[from] Volt Switch
|
|-weather|RainDance|[upkeep]
|-heal|p2a: Blissey|86/100|[from] item: Leftovers
|upkeep
|turn|6
|
|t:|1758378883
|switch|p2a: Great Tusk|Great Tusk|100/100
|move|p1a: Iron Treads|Stealth Rock|p2a: Great Tusk
|-sidestart|p2: judicaelmangavideo|move: Stealth Rock
|
|-weather|RainDance|[upkeep]
|upkeep
|turn|7
|
|t:|1758378886
|-end|p1a: Iron Treads|Quark Drive|[silent]
|switch|p1a: Hatterene|Hatterene, F|100/100
|move|p2a: Great Tusk|Rapid Spin|p1a: Hatterene
|-damage|p1a: Hatterene|85/100
|-boost|p2a: Great Tusk|spe|1
|-sideend|p2: judicaelmangavideo|Stealth Rock|[from] move: Rapid Spin|[of] p2a: Great Tusk
|-enditem|p1a: Hatterene|Eject Button
|
|t:|1758378890
|switch|p1a: Toxicroak|Toxicroak, F|100/100
|
|-weather|RainDance|[upkeep]
|upkeep
|turn|8
|
|t:|1758378897
|move|p2a: Great Tusk|Headlong Rush|p1a: Toxicroak
|-supereffective|p1a: Toxicroak
|-damage|p1a: Toxicroak|0 fnt
|-unboost|p2a: Great Tusk|def|1
|-unboost|p2a: Great Tusk|spd|1
|-damage|p2a: Great Tusk|84/100|[from] item: Rocky Helmet|[of] p1a: Toxicroak
|faint|p1a: Toxicroak
|
|-weather|none
|-heal|p2a: Great Tusk|90/100|[from] item: Leftovers
|upkeep
|
|t:|1758378901
|switch|p1a: Zapdos|Zapdos|100/100
|turn|9
|
|t:|1758378906
|-end|p2a: Great Tusk|Protosynthesis|[silent]
|switch|p2a: Blissey|Blissey, F, shiny|86/100
|move|p1a: Zapdos|Volt Switch|p2a: Blissey
|-damage|p2a: Blissey|65/100
|
|t:|1758378913
|switch|p1a: Iron Treads|Iron Treads|100/100|[from] Volt Switch
|
|-heal|p2a: Blissey|72/100|[from] item: Leftovers
|upkeep
|turn|10
|
|t:|1758378918
|switch|p2a: Great Tusk|Great Tusk|90/100
|move|p1a: Iron Treads|Earthquake|p2a: Great Tusk
|-damage|p2a: Great Tusk|69/100
|
|-heal|p2a: Great Tusk|75/100|[from] item: Leftovers
|upkeep
|turn|11
|
|t:|1758378922
|-end|p2a: Great Tusk|Protosynthesis|[silent]
|switch|p2a: Dragapute|Dragapult, M|100/100
|move|p1a: Iron Treads|Stealth Rock|p2a: Dragapute
|-sidestart|p2: judicaelmangavideo|move: Stealth Rock
|
|upkeep
|turn|12
|
|t:|1758378927
|-end|p1a: Iron Treads|Quark Drive|[silent]
|switch|p1a: Hatterene|Hatterene, F|85/100
|move|p2a: Dragapute|Fire Blast|p1a: Hatterene
|-damage|p1a: Hatterene|37/100
|-status|p1a: Hatterene|brn
|
|-damage|p1a: Hatterene|31/100 brn|[from] brn
|upkeep
|turn|13
|
|t:|1758378932
|move|p2a: Dragapute|Fire Blast|p1a: Hatterene
|-damage|p1a: Hatterene|0 fnt
|faint|p1a: Hatterene
|
|upkeep
|
|t:|1758378935
|switch|p1a: Zapdos|Zapdos|100/100
|turn|14
|
|t:|1758378939
|switch|p2a: Great Tusk|Great Tusk|75/100
|-damage|p2a: Great Tusk|72/100|[from] Stealth Rock
|move|p1a: Zapdos|Hurricane|p2a: Great Tusk
|-supereffective|p2a: Great Tusk
|-damage|p2a: Great Tusk|0 fnt
|faint|p2a: Great Tusk
|-end|p2a: Great Tusk|Protosynthesis|[silent]
|
|upkeep
|
|t:|1758378943
|switch|p2a: Dragapute|Dragapult, M|100/100
|-damage|p2a: Dragapute|88/100|[from] Stealth Rock
|turn|15
|
|t:|1758378946
|move|p2a: Dragapute|Draco Meteor|p1a: Zapdos
|-damage|p1a: Zapdos|0 fnt
|-unboost|p2a: Dragapute|spa|2
|faint|p1a: Zapdos
|
|upkeep
|
|t:|1758378949
|switch|p1a: Iron Treads|Iron Treads|100/100
|turn|16
|
|t:|1758378952
|move|p2a: Dragapute|Draco Meteor|p1a: Iron Treads
|-resisted|p1a: Iron Treads
|-damage|p1a: Iron Treads|85/100
|-unboost|p2a: Dragapute|spa|2
|move|p1a: Iron Treads|Earthquake|p2a: Dragapute
|-damage|p2a: Dragapute|39/100
|
|-heal|p1a: Iron Treads|91/100|[from] item: Leftovers
|upkeep
|turn|17
|c|☆jimy92|Gg
|
|t:|1758378970
|switch|p2a: Scizor|Scizor, F, tera:Water|38/100
|-damage|p2a: Scizor|26/100|[from] Stealth Rock
|move|p1a: Iron Treads|Earthquake|p2a: Scizor
|-damage|p2a: Scizor|0 fnt
|faint|p2a: Scizor
|
|-heal|p1a: Iron Treads|97/100|[from] item: Leftovers
|upkeep
|
|t:|1758378972
|switch|p2a: Blaziken|Blaziken, M, shiny|100/100
|-damage|p2a: Blaziken|88/100|[from] Stealth Rock
|turn|18
|
|t:|1758378975
|move|p2a: Blaziken|Close Combat|p1a: Iron Treads
|-supereffective|p1a: Iron Treads
|-damage|p1a: Iron Treads|0 fnt
|-unboost|p2a: Blaziken|def|1
|-unboost|p2a: Blaziken|spd|1
|faint|p1a: Iron Treads
|-end|p1a: Iron Treads|Quark Drive|[silent]
|
|win|judicaelmangavideo
|raw|jimy92's rating: 1653 &rarr; <strong>1637</strong><br />(-16 for losing)
|raw|judicaelmangavideo's rating: 1723 &rarr; <strong>1739</strong><br />(+16 for winning)
|l|☆jimy92
|player|p1|
|l|☆judicaelmangavideo
|player|p2|
