|j|☆ilikeplayingroblox
|j|☆Johnny tots
|t:|1758289217
|gametype|singles
|player|p1|ilikeplayingroblox|allister|1735
|player|p2|Johnny tots|2|1741
|gen|9
|tier|[Gen 9] OU
|rated|
|rule|HP Percentage Mod: HP is shown in percentages
|rule|Endless Battle Clause: Forcing endless battles is banned
|rule|Species Clause: Limit one of each Pokémon
|rule|OHKO Clause: OHKO moves are banned
|rule|Evasion Items Clause: Evasion items are banned
|rule|Evasion Moves Clause: Evasion moves are banned
|rule|Evasion Abilities Clause: Evasion abilities are banned
|rule|Sleep Moves Clause: Sleep-inducing moves are banned
|clearpoke
|poke|p1|Deoxys-Speed|
|poke|p1|Samurott-Hisui, M|
|poke|p1|Zamazenta-*|
|poke|p1|Moltres|
|poke|p1|Dragapult, F|
|poke|p1|Iron Treads|
|poke|p2|Rillaboom, M|
|poke|p2|Klefki, F|
|poke|p2|Manaphy|
|poke|p2|Ogerpon-Wellspring, F|
|poke|p2|Clefable, M|
|poke|p2|Dragapult, F|
|teampreview
|
|t:|1758289251
|teamsize|p1|6
|teamsize|p2|6
|start
|switch|p1a: Dragapult|Dragapult, F|100/100
|switch|p2a: Rillaboom|Rillaboom, M|100/100
|-fieldstart|move: Grassy Terrain|[from] ability: Grassy Surge|[of] p2a: Rillaboom
|turn|1
|
|t:|1758289256
|switch|p2a: Klefki|Klefki, F|100/100
|move|p1a: Dragapult|U-turn|p2a: Klefki
|-resisted|p2a: Klefki
|-damage|p2a: Klefki|93/100
|inactive|Battle timer is ON: inactive players will automatically lose when time's up. (requested by Johnny tots)
|
|t:|1758289264
|switch|p1a: Moltres|Moltres|100/100|[from] U-turn
|
|-heal|p2a: Klefki|99/100|[from] Grassy Terrain
|upkeep
|turn|2
|
|t:|1758289269
|move|p2a: Klefki|Light Screen|p2a: Klefki
|-sidestart|p2: Johnny tots|move: Light Screen
|move|p1a: Moltres|Fire Blast|p2a: Klefki
|-supereffective|p2a: Klefki
|-damage|p2a: Klefki|42/100
|
|-heal|p2a: Klefki|48/100|[from] Grassy Terrain
|upkeep
|turn|3
|
|t:|1758289278
|switch|p2a: Cutmylifein2|Dragapult, F|100/100
|move|p1a: Moltres|Fire Blast|p2a: Cutmylifein2
|-resisted|p2a: Cutmylifein2
|-damage|p2a: Cutmylifein2|87/100
|
|-heal|p2a: Cutmylifein2|93/100|[from] Grassy Terrain
|-heal|p2a: Cutmylifein2|99/100|[from] item: Leftovers
|upkeep
|turn|4
|
|t:|1758289284
|move|p2a: Cutmylifein2|Dragon Dance|p2a: Cutmylifein2
|-boost|p2a: Cutmylifein2|atk|1
|-boost|p2a: Cutmylifein2|spe|1
|move|p1a: Moltres|Will-O-Wisp|p2a: Cutmylifein2
|-status|p2a: Cutmylifein2|brn
|
|-heal|p2a: Cutmylifein2|100/100 brn|[from] Grassy Terrain
|-damage|p2a: Cutmylifein2|94/100 brn|[from] brn
|upkeep
|turn|5
|c|☆Johnny tots|Wow
|c|☆ilikeplayingroblox|what moltres doesnt run wisp
|inactive|Johnny tots has 120 seconds left.
|c|☆Johnny tots|Na I thought specs for some reason
|c|☆Johnny tots|didn’t realize that was b lady
|c|☆Johnny tots|blast
|c|☆ilikeplayingroblox|ah
|j| Swagboss123456789
|c|☆Johnny tots|I subbed there and u were in trouble haha
|inactive|Johnny tots has 90 seconds left.
|
|t:|1758289345
|move|p2a: Cutmylifein2|Substitute|p2a: Cutmylifein2
|-start|p2a: Cutmylifein2|Substitute
|-damage|p2a: Cutmylifein2|69/100 brn
|move|p1a: Moltres|U-turn|p2a: Cutmylifein2
|-resisted|p2a: Cutmylifein2
|-activate|p2a: Cutmylifein2|move: Substitute|[damage]
|
|t:|1758289360
|switch|p1a: Zamazenta|Zamazenta|100/100|[from] U-turn
|-ability|p1a: Zamazenta|Dauntless Shield|boost
|-boost|p1a: Zamazenta|def|1
|
|-heal|p2a: Cutmylifein2|75/100 brn|[from] Grassy Terrain
|-heal|p2a: Cutmylifein2|82/100 brn|[from] item: Leftovers
|-damage|p2a: Cutmylifein2|75/100 brn|[from] brn
|upkeep
|turn|6
|
|t:|1758289365
|move|p2a: Cutmylifein2|Dragon Darts|p1a: Zamazenta
|-crit|p1a: Zamazenta
|-damage|p1a: Zamazenta|76/100
|-anim|p2a: Cutmylifein2|Dragon Darts|p1a: Zamazenta
|-damage|p1a: Zamazenta|65/100
|move|p1a: Zamazenta|Crunch|p2a: Cutmylifein2
|-supereffective|p2a: Cutmylifein2
|-end|p2a: Cutmylifein2|Substitute
|
|-heal|p2a: Cutmylifein2|82/100 brn|[from] Grassy Terrain
|-heal|p2a: Cutmylifein2|88/100 brn|[from] item: Leftovers
|-heal|p1a: Zamazenta|71/100|[from] Grassy Terrain
|-heal|p1a: Zamazenta|77/100|[from] item: Leftovers
|-damage|p2a: Cutmylifein2|82/100 brn|[from] brn
|upkeep
|turn|7
|
|t:|1758289370
|switch|p2a: Klefki|Klefki, F|48/100
|move|p1a: Zamazenta|Iron Defense|p1a: Zamazenta
|-boost|p1a: Zamazenta|def|2
|
|-heal|p1a: Zamazenta|83/100|[from] Grassy Terrain
|-heal|p1a: Zamazenta|89/100|[from] item: Leftovers
|-heal|p2a: Klefki|54/100|[from] Grassy Terrain
|upkeep
|turn|8
|
|t:|1758289373
|move|p2a: Klefki|Reflect|p2a: Klefki
|-sidestart|p2: Johnny tots|Reflect
|move|p1a: Zamazenta|Body Press|p2a: Klefki
|-damage|p2a: Klefki|19/100
|
|-heal|p1a: Zamazenta|96/100|[from] Grassy Terrain
|-heal|p1a: Zamazenta|100/100|[from] item: Leftovers
|-heal|p2a: Klefki|25/100|[from] Grassy Terrain
|-fieldend|move: Grassy Terrain
|upkeep
|turn|9
|
|t:|1758289376
|switch|p2a: Rillaboom|Rillaboom, M|100/100
|-fieldstart|move: Grassy Terrain|[from] ability: Grassy Surge|[of] p2a: Rillaboom
|move|p1a: Zamazenta|Body Press|p2a: Rillaboom
|-damage|p2a: Rillaboom|54/100
|
|-heal|p2a: Rillaboom|60/100|[from] Grassy Terrain
|-sideend|p2: Johnny tots|move: Light Screen
|upkeep
|turn|10
|
|t:|1758289379
|move|p1a: Zamazenta|Body Press|p2a: Rillaboom
|-damage|p2a: Rillaboom|17/100
|move|p2a: Rillaboom|Knock Off|p1a: Zamazenta
|-resisted|p1a: Zamazenta
|-crit|p1a: Zamazenta
|-damage|p1a: Zamazenta|78/100
|-enditem|p1a: Zamazenta|Leftovers|[from] move: Knock Off|[of] p2a: Rillaboom
|
|-heal|p1a: Zamazenta|84/100|[from] Grassy Terrain
|-heal|p2a: Rillaboom|24/100|[from] Grassy Terrain
|upkeep
|turn|11
|
|t:|1758289382
|switch|p2a: Clefable|Clefable, M|100/100
|move|p1a: Zamazenta|Body Press|p2a: Clefable
|-resisted|p2a: Clefable
|-damage|p2a: Clefable|78/100
|
|-heal|p1a: Zamazenta|90/100|[from] Grassy Terrain
|-heal|p2a: Clefable|84/100|[from] Grassy Terrain
|-heal|p2a: Clefable|91/100|[from] item: Leftovers
|upkeep
|turn|12
|
|t:|1758289392
|switch|p1a: Moltres|Moltres|100/100
|move|p2a: Clefable|Calm Mind|p2a: Clefable
|-boost|p2a: Clefable|spa|1
|-boost|p2a: Clefable|spd|1
|
|-heal|p2a: Clefable|97/100|[from] Grassy Terrain
|-heal|p2a: Clefable|100/100|[from] item: Leftovers
|upkeep
|turn|13
|
|t:|1758289399
|move|p1a: Moltres|Will-O-Wisp|p2a: Clefable|[miss]
|-miss|p1a: Moltres|p2a: Clefable
|move|p2a: Clefable|Moonblast|p1a: Moltres
|-resisted|p1a: Moltres
|-damage|p1a: Moltres|81/100
|
|upkeep
|turn|14
|c|☆Johnny tots|Not unaware
|
|t:|1758289426
|move|p1a: Moltres|Will-O-Wisp|p2a: Clefable
|-status|p2a: Clefable|brn
|move|p2a: Clefable|Calm Mind|p2a: Clefable
|-boost|p2a: Clefable|spa|1
|-boost|p2a: Clefable|spd|1
|
|upkeep
|turn|15
|
|t:|1758289432
|move|p1a: Moltres|U-turn|p2a: Clefable
|-resisted|p2a: Clefable
|-damage|p2a: Clefable|97/100 brn
|
|t:|1758289436
|switch|p1a: Iron Treads|Iron Treads|100/100|[from] U-turn
|move|p2a: Clefable|Moonblast|p1a: Iron Treads
|-resisted|p1a: Iron Treads
|-damage|p1a: Iron Treads|66/100
|-unboost|p1a: Iron Treads|spa|1
|
|-heal|p1a: Iron Treads|72/100|[from] Grassy Terrain
|-heal|p2a: Clefable|100/100 brn|[from] Grassy Terrain
|-sideend|p2: Johnny tots|Reflect
|upkeep
|turn|16
|
|t:|1758289441
|move|p1a: Iron Treads|Knock Off|p2a: Clefable
|-resisted|p2a: Clefable
|-damage|p2a: Clefable|89/100 brn
|-enditem|p2a: Clefable|Leftovers|[from] move: Knock Off|[of] p1a: Iron Treads
|move|p2a: Clefable|Fire Blast|p1a: Iron Treads|[miss]
|-miss|p2a: Clefable|p1a: Iron Treads
|
|-heal|p1a: Iron Treads|79/100|[from] Grassy Terrain
|-heal|p2a: Clefable|95/100 brn|[from] Grassy Terrain
|-fieldend|move: Grassy Terrain
|upkeep
|turn|17
|
|t:|1758289445
|move|p1a: Iron Treads|Earthquake|p2a: Clefable
|-damage|p2a: Clefable|57/100 brn
|move|p2a: Clefable|Fire Blast|p1a: Iron Treads
|-supereffective|p1a: Iron Treads
|-crit|p1a: Iron Treads
|-damage|p1a: Iron Treads|0 fnt
|faint|p1a: Iron Treads
|-end|p1a: Iron Treads|Quark Drive|[silent]
|
|upkeep
|c|☆Johnny tots|Cole on
|
|t:|1758289458
|switch|p1a: Dragapult|Dragapult, F|100/100
|turn|18
|
|t:|1758289463
|-terastallize|p1a: Dragapult|Ghost
|move|p1a: Dragapult|Tera Blast|p2a: Clefable|[anim] Tera Blast Ghost
|-damage|p2a: Clefable|0 fnt
|faint|p2a: Clefable
|
|upkeep
|
|t:|1758289471
|switch|p2a: Klefki|Klefki, F|25/100
|turn|19
|
|t:|1758289478
|switch|p1a: Samurott|Samurott-Hisui, M|100/100
|move|p2a: Klefki|Thunder Wave|p1a: Samurott
|-hint|Since gen 7, Dark is immune to Prankster moves.
|-immune|p1a: Samurott
|
|upkeep
|turn|20
|
|t:|1758289480
|move|p2a: Klefki|Reflect|p2a: Klefki
|-sidestart|p2: Johnny tots|Reflect
|move|p1a: Samurott|Ceaseless Edge|p2a: Klefki
|-resisted|p2a: Klefki
|-damage|p2a: Klefki|17/100
|-sidestart|p2: Johnny tots|Spikes
|
|upkeep
|turn|21
|
|t:|1758289488
|move|p2a: Klefki|Light Screen|p2a: Klefki
|-sidestart|p2: Johnny tots|move: Light Screen
|move|p1a: Samurott|Ceaseless Edge|p2a: Klefki|[miss]
|-miss|p1a: Samurott|p2a: Klefki
|
|upkeep
|turn|22
|
|t:|1758289490
|switch|p2a: Rillaboom|Rillaboom, M|24/100
|-damage|p2a: Rillaboom|11/100|[from] Spikes
|-fieldstart|move: Grassy Terrain|[from] ability: Grassy Surge|[of] p2a: Rillaboom
|move|p1a: Samurott|Ceaseless Edge|p2a: Rillaboom
|-damage|p2a: Rillaboom|0 fnt
|-sidestart|p2: Johnny tots|Spikes
|faint|p2a: Rillaboom
|
|upkeep
|
|t:|1758289493
|switch|p2a: Ogerpon|Ogerpon-Wellspring, F|100/100
|-damage|p2a: Ogerpon|84/100|[from] Spikes
|turn|23
|
|t:|1758289501
|switch|p1a: Moltres|Moltres|81/100
|move|p2a: Ogerpon|Power Whip|p1a: Moltres
|-resisted|p1a: Moltres
|-damage|p1a: Moltres|59/100
|
|-heal|p2a: Ogerpon|90/100|[from] Grassy Terrain
|upkeep
|turn|24
|
|t:|1758289504
|move|p2a: Ogerpon|Ivy Cudgel|p1a: Moltres|[anim] Ivy Cudgel Water
|-supereffective|p1a: Moltres
|-damage|p1a: Moltres|0 fnt
|faint|p1a: Moltres
|
|-heal|p2a: Ogerpon|96/100|[from] Grassy Terrain
|upkeep
|
|t:|1758289507
|switch|p1a: Dragapult|Dragapult, F, tera:Ghost|100/100
|turn|25
|
|t:|1758289510
|move|p1a: Dragapult|Tera Blast|p2a: Ogerpon|[anim] Tera Blast Ghost
|-damage|p2a: Ogerpon|0 fnt
|faint|p2a: Ogerpon
|
|upkeep
|
|t:|1758289520
|switch|p2a: Cutmylifein2|Dragapult, F|82/100 brn
|-damage|p2a: Cutmylifein2|65/100 brn|[from] Spikes
|turn|26
|
|t:|1758289538
|-terastallize|p2a: Cutmylifein2|Normal
|move|p1a: Dragapult|Tera Blast|p2a: Cutmylifein2|[anim] Tera Blast Ghost
|-immune|p2a: Cutmylifein2
|move|p2a: Cutmylifein2|Substitute|p2a: Cutmylifein2
|-start|p2a: Cutmylifein2|Substitute
|-damage|p2a: Cutmylifein2|40/100 brn
|
|-heal|p2a: Cutmylifein2|46/100 brn|[from] Grassy Terrain
|-heal|p2a: Cutmylifein2|52/100 brn|[from] item: Leftovers
|-damage|p2a: Cutmylifein2|46/100 brn|[from] brn
|upkeep
|turn|27
|
|t:|1758289545
|switch|p1a: Samurott|Samurott-Hisui, M|100/100
|move|p2a: Cutmylifein2|Dragon Dance|p2a: Cutmylifein2
|-boost|p2a: Cutmylifein2|atk|1
|-boost|p2a: Cutmylifein2|spe|1
|
|-heal|p2a: Cutmylifein2|52/100 brn|[from] Grassy Terrain
|-heal|p2a: Cutmylifein2|58/100 brn|[from] item: Leftovers
|-damage|p2a: Cutmylifein2|52/100 brn|[from] brn
|-sideend|p2: Johnny tots|Reflect
|upkeep
|turn|28
|
|t:|1758289550
|move|p2a: Cutmylifein2|Dragon Darts|p1a: Samurott
|-damage|p1a: Samurott|79/100
|-anim|p2a: Cutmylifein2|Dragon Darts|p1a: Samurott
|-damage|p1a: Samurott|55/100
|move|p1a: Samurott|Knock Off|p2a: Cutmylifein2
|-end|p2a: Cutmylifein2|Substitute
|
|-heal|p2a: Cutmylifein2|58/100 brn|[from] Grassy Terrain
|-heal|p2a: Cutmylifein2|64/100 brn|[from] item: Leftovers
|-heal|p1a: Samurott|61/100|[from] Grassy Terrain
|-damage|p2a: Cutmylifein2|58/100 brn|[from] brn
|-sideend|p2: Johnny tots|move: Light Screen
|upkeep
|turn|29
|
|t:|1758289558
|move|p2a: Cutmylifein2|Last Resort|p1a: Samurott
|-damage|p1a: Samurott|4/100
|move|p1a: Samurott|Ceaseless Edge|p2a: Cutmylifein2|[miss]
|-miss|p1a: Samurott|p2a: Cutmylifein2
|
|-heal|p2a: Cutmylifein2|64/100 brn|[from] Grassy Terrain
|-heal|p2a: Cutmylifein2|70/100 brn|[from] item: Leftovers
|-heal|p1a: Samurott|10/100|[from] Grassy Terrain
|-damage|p2a: Cutmylifein2|64/100 brn|[from] brn
|-fieldend|move: Grassy Terrain
|upkeep
|turn|30
|
|t:|1758289567
|move|p2a: Cutmylifein2|Dragon Darts|p1a: Samurott
|-damage|p1a: Samurott|0 fnt
|faint|p1a: Samurott
|
|-heal|p2a: Cutmylifein2|70/100 brn|[from] item: Leftovers
|-damage|p2a: Cutmylifein2|64/100 brn|[from] brn
|upkeep
|
|t:|1758289570
|switch|p1a: Zamazenta|Zamazenta|90/100
|turn|31
|
|t:|1758289572
|move|p2a: Cutmylifein2|Last Resort|p1a: Zamazenta
|-damage|p1a: Zamazenta|43/100
|move|p1a: Zamazenta|Body Press|p2a: Cutmylifein2
|-supereffective|p2a: Cutmylifein2
|-crit|p2a: Cutmylifein2
|-damage|p2a: Cutmylifein2|0 fnt
|faint|p2a: Cutmylifein2
|
|upkeep
|
|t:|1758289575
|switch|p2a: Klefki|Klefki, F|17/100
|-damage|p2a: Klefki|0 fnt|[from] Spikes
|faint|p2a: Klefki
|
|t:|1758289576
|switch|p2a: Manaphy|Manaphy|100/100
|-damage|p2a: Manaphy|84/100|[from] Spikes
|turn|32
|
|t:|1758289581
|move|p1a: Zamazenta|Iron Defense|p1a: Zamazenta
|-boost|p1a: Zamazenta|def|2
|move|p2a: Manaphy|Acid Armor|p2a: Manaphy
|-boost|p2a: Manaphy|def|2
|
|-heal|p2a: Manaphy|90/100|[from] item: Leftovers
|upkeep
|turn|33
|
|t:|1758289586
|move|p1a: Zamazenta|Body Press|p2a: Manaphy
|-damage|p2a: Manaphy|57/100
|move|p2a: Manaphy|Acid Armor|p2a: Manaphy
|-boost|p2a: Manaphy|def|2
|
|-heal|p2a: Manaphy|63/100|[from] item: Leftovers
|upkeep
|turn|34
|
|t:|1758289592
|move|p1a: Zamazenta|Body Press|p2a: Manaphy
|-damage|p2a: Manaphy|40/100
|move|p2a: Manaphy|Take Heart|p2a: Manaphy
|-boost|p2a: Manaphy|spa|1
|-boost|p2a: Manaphy|spd|1
|
|-heal|p2a: Manaphy|46/100|[from] item: Leftovers
|upkeep
|turn|35
|
|t:|1758289613
|switch|p1a: Deoxys|Deoxys-Speed|100/100
|-ability|p1a: Deoxys|Pressure
|move|p2a: Manaphy|Acid Armor|p2a: Manaphy
|-boost|p2a: Manaphy|def|2
|
|-heal|p2a: Manaphy|52/100|[from] item: Leftovers
|upkeep
|turn|36
|
|t:|1758289619
|move|p1a: Deoxys|Psycho Boost|p2a: Manaphy
|-damage|p2a: Manaphy|0 fnt
|-unboost|p1a: Deoxys|spa|2
|faint|p2a: Manaphy
|
|win|ilikeplayingroblox
|raw|ilikeplayingroblox's rating: 1735 &rarr; <strong>1755</strong><br />(+20 for winning)
|raw|Johnny tots's rating: 1741 &rarr; <strong>1721</strong><br />(-20 for losing)
|c|☆Johnny tots|Gg
|l|☆ilikeplayingroblox
|player|p1|
|l|☆Johnny tots
|player|p2|
|l| Swagboss123456789
