|j|☆mathismathin
|j|☆Home is Wild
|t:|1758337279
|gametype|singles
|player|p1|mathismathin|hilbert|1822
|player|p2|Home is Wild|2|1800
|gen|9
|tier|[Gen 9] OU
|rated|
|rule|HP Percentage Mod: HP is shown in percentages
|rule|Endless Battle Clause: Forcing endless battles is banned
|rule|Species Clause: Limit one of each Pokémon
|rule|OHKO Clause: OHKO moves are banned
|rule|Evasion Items Clause: Evasion items are banned
|rule|Evasion Moves Clause: Evasion moves are banned
|rule|Evasion Abilities Clause: Evasion abilities are banned
|rule|Sleep Moves Clause: Sleep-inducing moves are banned
|clearpoke
|poke|p1|Krookodile, M|
|poke|p1|Noivern, F|
|poke|p1|Porygon-Z|
|poke|p1|Jirachi|
|poke|p1|Slowbro, M|
|poke|p1|Mienshao, M|
|poke|p2|Ting-Lu|
|poke|p2|Tinkaton, F|
|poke|p2|Clefable, F|
|poke|p2|Pecharunt|
|poke|p2|Great Tusk|
|poke|p2|Raging Bolt|
|teampreview
|inactive|Battle timer is ON: inactive players will automatically lose when time's up. (requested by Home is Wild)
|
|t:|1758337299
|teamsize|p1|6
|teamsize|p2|6
|start
|switch|p1a: Krookodile|Krookodile, M|100/100
|switch|p2a: Tinkaton|Tinkaton, F|100/100
|-item|p2a: Tinkaton|Air Balloon
|-ability|p1a: Krookodile|Intimidate|boost
|-unboost|p2a: Tinkaton|atk|1
|turn|1
|
|t:|1758337303
|move|p2a: Tinkaton|Stealth Rock|p1a: Krookodile
|-sidestart|p1: mathismathin|move: Stealth Rock
|move|p1a: Krookodile|Stealth Rock|p2a: Tinkaton
|-sidestart|p2: Home is Wild|move: Stealth Rock
|
|upkeep
|turn|2
|
|t:|1758337306
|switch|p1a: Slowbro|Slowbro, M|100/100
|-damage|p1a: Slowbro|88/100|[from] Stealth Rock
|move|p2a: Tinkaton|Encore||[still]
|-fail|p2a: Tinkaton
|
|upkeep
|turn|3
|
|t:|1758337308
|move|p2a: Tinkaton|Thunder Wave|p1a: Slowbro
|-status|p1a: Slowbro|par
|move|p1a: Slowbro|Scald|p2a: Tinkaton
|-damage|p2a: Tinkaton|76/100
|-enditem|p2a: Tinkaton|Air Balloon
|
|upkeep
|turn|4
|
|t:|1758337320
|switch|p2a: Ting-Lu|Ting-Lu|100/100
|-damage|p2a: Ting-Lu|94/100|[from] Stealth Rock
|-ability|p2a: Ting-Lu|Vessel of Ruin
|move|p1a: Slowbro|Scald|p2a: Ting-Lu
|-supereffective|p2a: Ting-Lu
|-damage|p2a: Ting-Lu|70/100
|
|-heal|p2a: Ting-Lu|76/100|[from] item: Leftovers
|upkeep
|turn|5
|
|t:|1758337329
|switch|p1a: Mienshao|Mienshao, M|100/100
|-damage|p1a: Mienshao|95/100|[from] Stealth Rock
|move|p2a: Ting-Lu|Spikes|p1a: Mienshao
|-sidestart|p1: mathismathin|Spikes
|
|-heal|p2a: Ting-Lu|82/100|[from] item: Leftovers
|upkeep
|turn|6
|
|t:|1758337332
|switch|p2a: Pecharunt|Pecharunt|100/100
|move|p1a: Mienshao|Knock Off|p2a: Pecharunt
|-supereffective|p2a: Pecharunt
|-damage|p2a: Pecharunt|42/100
|-enditem|p2a: Pecharunt|Heavy-Duty Boots|[from] move: Knock Off|[of] p1a: Mienshao
|
|upkeep
|turn|7
|
|t:|1758337339
|move|p1a: Mienshao|U-turn|p2a: Pecharunt
|-resisted|p2a: Pecharunt
|-damage|p2a: Pecharunt|38/100
|
|t:|1758337340
|switch|p1a: Porygon-Z|Porygon-Z|100/100|[from] U-turn
|-damage|p1a: Porygon-Z|88/100|[from] Stealth Rock
|-damage|p1a: Porygon-Z|76/100|[from] Spikes
|-ability|p1a: Porygon-Z|Download|boost
|-boost|p1a: Porygon-Z|spa|1
|move|p2a: Pecharunt|Recover|p2a: Pecharunt
|-heal|p2a: Pecharunt|88/100
|
|upkeep
|turn|8
|
|t:|1758337345
|switch|p2a: Tinkaton|Tinkaton, F|76/100
|-damage|p2a: Tinkaton|69/100|[from] Stealth Rock
|move|p1a: Porygon-Z|Ice Beam|p2a: Tinkaton
|-resisted|p2a: Tinkaton
|-damage|p2a: Tinkaton|41/100
|
|upkeep
|turn|9
|
|t:|1758337361
|switch|p1a: Slowbro|Slowbro, M|100/100 par
|-damage|p1a: Slowbro|88/100 par|[from] Stealth Rock
|-damage|p1a: Slowbro|76/100 par|[from] Spikes
|move|p2a: Tinkaton|Gigaton Hammer|p1a: Slowbro
|-resisted|p1a: Slowbro
|-damage|p1a: Slowbro|63/100 par
|
|upkeep
|turn|10
|
|t:|1758337365
|switch|p2a: Clefable|Clefable, F|100/100
|move|p1a: Slowbro|Scald|p2a: Clefable
|-damage|p2a: Clefable|75/100
|-status|p2a: Clefable|brn
|
|-damage|p2a: Clefable|69/100 brn|[from] brn
|upkeep
|turn|11
|j| tryguy
|
|t:|1758337369
|switch|p1a: Jirachi|Jirachi|100/100
|-damage|p1a: Jirachi|94/100|[from] Stealth Rock
|-damage|p1a: Jirachi|82/100|[from] Spikes
|move|p2a: Clefable|Moonlight|p2a: Clefable
|-heal|p2a: Clefable|100/100 brn
|
|-damage|p2a: Clefable|94/100 brn|[from] brn
|upkeep
|turn|12
|
|t:|1758337376
|move|p1a: Jirachi|Iron Head|p2a: Clefable
|-supereffective|p2a: Clefable
|-damage|p2a: Clefable|46/100 brn
|cant|p2a: Clefable|flinch
|
|-damage|p2a: Clefable|40/100 brn|[from] brn
|upkeep
|turn|13
|
|t:|1758337380
|switch|p2a: Great Tusk|Great Tusk, shiny|100/100
|move|p1a: Jirachi|Iron Head|p2a: Great Tusk
|-damage|p2a: Great Tusk|76/100
|
|upkeep
|turn|14
|
|t:|1758337396
|switch|p1a: Slowbro|Slowbro, M|96/100 par
|-damage|p1a: Slowbro|84/100 par|[from] Stealth Rock
|-damage|p1a: Slowbro|71/100 par|[from] Spikes
|move|p2a: Great Tusk|Rapid Spin|p1a: Slowbro
|-damage|p1a: Slowbro|60/100 par
|-boost|p2a: Great Tusk|spe|1
|-damage|p2a: Great Tusk|60/100|[from] item: Rocky Helmet|[of] p1a: Slowbro
|-sideend|p2: Home is Wild|Stealth Rock|[from] move: Rapid Spin|[of] p2a: Great Tusk
|
|upkeep
|turn|15
|
|t:|1758337411
|-end|p2a: Great Tusk|Protosynthesis|[silent]
|switch|p2a: Ting-Lu|Ting-Lu|82/100
|-ability|p2a: Ting-Lu|Vessel of Ruin
|move|p1a: Slowbro|Scald|p2a: Ting-Lu
|-supereffective|p2a: Ting-Lu
|-damage|p2a: Ting-Lu|61/100
|
|-heal|p2a: Ting-Lu|67/100|[from] item: Leftovers
|upkeep
|turn|16
|
|t:|1758337418
|switch|p1a: Noivern|Noivern, F|100/100
|move|p2a: Ting-Lu|Whirlwind|p1a: Noivern
|drag|p1a: Slowbro|Slowbro, M|93/100 par
|-damage|p1a: Slowbro|81/100 par|[from] Stealth Rock
|-damage|p1a: Slowbro|69/100 par|[from] Spikes
|
|-heal|p2a: Ting-Lu|74/100|[from] item: Leftovers
|upkeep
|turn|17
|
|t:|1758337421
|move|p2a: Ting-Lu|Earthquake|p1a: Slowbro
|-damage|p1a: Slowbro|46/100 par
|cant|p1a: Slowbro|par
|
|-heal|p2a: Ting-Lu|80/100|[from] item: Leftovers
|upkeep
|turn|18
|
|t:|1758337425
|move|p2a: Ting-Lu|Ruination|p1a: Slowbro
|-damage|p1a: Slowbro|23/100 par
|move|p1a: Slowbro|Scald|p2a: Ting-Lu
|-supereffective|p2a: Ting-Lu
|-damage|p2a: Ting-Lu|58/100
|-status|p2a: Ting-Lu|brn
|
|-heal|p2a: Ting-Lu|64/100 brn|[from] item: Leftovers
|-damage|p2a: Ting-Lu|58/100 brn|[from] brn
|upkeep
|turn|19
|
|t:|1758337435
|move|p1a: Slowbro|Slack Off|p1a: Slowbro
|-heal|p1a: Slowbro|73/100 par
|move|p2a: Ting-Lu|Whirlwind|p1a: Slowbro
|drag|p1a: Krookodile|Krookodile, M|100/100
|-damage|p1a: Krookodile|94/100|[from] Stealth Rock
|-damage|p1a: Krookodile|82/100|[from] Spikes
|-ability|p1a: Krookodile|Intimidate|boost
|-unboost|p2a: Ting-Lu|atk|1
|
|-heal|p1a: Krookodile|88/100|[from] item: Leftovers
|-heal|p2a: Ting-Lu|64/100 brn|[from] item: Leftovers
|-damage|p2a: Ting-Lu|58/100 brn|[from] brn
|upkeep
|turn|20
|
|t:|1758337438
|move|p1a: Krookodile|Stealth Rock|p2a: Ting-Lu
|-sidestart|p2: Home is Wild|move: Stealth Rock
|move|p2a: Ting-Lu|Whirlwind|p1a: Krookodile
|drag|p1a: Noivern|Noivern, F|100/100
|
|-heal|p2a: Ting-Lu|64/100 brn|[from] item: Leftovers
|-damage|p2a: Ting-Lu|58/100 brn|[from] brn
|upkeep
|turn|21
|
|t:|1758337442
|move|p1a: Noivern|Defog|p2a: Ting-Lu
|-unboost|p2a: Ting-Lu|evasion|1
|-sideend|p2: Home is Wild|Stealth Rock|[from] move: Defog|[of] p1a: Noivern
|-sideend|p1: mathismathin|Spikes|[from] move: Defog|[of] p1a: Noivern
|-sideend|p1: mathismathin|Stealth Rock|[from] move: Defog|[of] p1a: Noivern
|move|p2a: Ting-Lu|Ruination|p1a: Noivern
|-damage|p1a: Noivern|50/100
|
|-heal|p2a: Ting-Lu|64/100 brn|[from] item: Leftovers
|-damage|p2a: Ting-Lu|58/100 brn|[from] brn
|upkeep
|turn|22
|
|t:|1758337444
|move|p1a: Noivern|Super Fang|p2a: Ting-Lu
|-damage|p2a: Ting-Lu|29/100 brn
|move|p2a: Ting-Lu|Spikes|p1a: Noivern
|-sidestart|p1: mathismathin|Spikes
|
|-heal|p2a: Ting-Lu|35/100 brn|[from] item: Leftovers
|-damage|p2a: Ting-Lu|29/100 brn|[from] brn
|upkeep
|turn|23
|
|t:|1758337447
|switch|p2a: Tinkaton|Tinkaton, F|41/100
|move|p1a: Noivern|Defog|p2a: Tinkaton
|-unboost|p2a: Tinkaton|evasion|1
|-sideend|p1: mathismathin|Spikes|[from] move: Defog|[of] p1a: Noivern
|
|upkeep
|turn|24
|
|t:|1758337450
|switch|p1a: Krookodile|Krookodile, M|88/100
|-ability|p1a: Krookodile|Intimidate|boost
|-unboost|p2a: Tinkaton|atk|1
|move|p2a: Tinkaton|Stealth Rock|p1a: Krookodile
|-sidestart|p1: mathismathin|move: Stealth Rock
|
|-heal|p1a: Krookodile|94/100|[from] item: Leftovers
|upkeep
|turn|25
|
|t:|1758337454
|switch|p2a: Great Tusk|Great Tusk, shiny|60/100
|move|p1a: Krookodile|Earthquake|p2a: Great Tusk
|-damage|p2a: Great Tusk|23/100
|
|-heal|p1a: Krookodile|100/100|[from] item: Leftovers
|upkeep
|turn|26
|
|t:|1758337458
|-end|p2a: Great Tusk|Protosynthesis|[silent]
|switch|p2a: Pecharunt|Pecharunt|88/100
|move|p1a: Krookodile|Earthquake|p2a: Pecharunt
|-supereffective|p2a: Pecharunt
|-damage|p2a: Pecharunt|18/100
|
|upkeep
|turn|27
|
|t:|1758337461
|move|p2a: Pecharunt|Malignant Chain|p1a: Krookodile
|-resisted|p1a: Krookodile
|-crit|p1a: Krookodile
|-damage|p1a: Krookodile|62/100
|move|p1a: Krookodile|Earthquake|p2a: Pecharunt
|-supereffective|p2a: Pecharunt
|-damage|p2a: Pecharunt|0 fnt
|faint|p2a: Pecharunt
|
|-heal|p1a: Krookodile|68/100|[from] item: Leftovers
|upkeep
|
|t:|1758337464
|switch|p2a: Clefable|Clefable, F|40/100 brn
|turn|28
|
|t:|1758337473
|move|p1a: Krookodile|Earthquake|p2a: Clefable
|-damage|p2a: Clefable|6/100 brn
|move|p2a: Clefable|Moonblast|p1a: Krookodile
|-supereffective|p1a: Krookodile
|-damage|p1a: Krookodile|0 fnt
|faint|p1a: Krookodile
|
|-damage|p2a: Clefable|0 fnt|[from] brn
|faint|p2a: Clefable
|upkeep
|
|t:|1758337486
|switch|p1a: Mienshao|Mienshao, M|100/100
|switch|p2a: Tinkaton|Tinkaton, F|41/100
|-damage|p1a: Mienshao|95/100|[from] Stealth Rock
|turn|29
|j| pantsforbirds
|
|t:|1758337490
|move|p1a: Mienshao|Close Combat|p2a: Tinkaton
|-damage|p2a: Tinkaton|0 fnt
|-unboost|p1a: Mienshao|def|1
|-unboost|p1a: Mienshao|spd|1
|faint|p2a: Tinkaton
|
|upkeep
|
|t:|1758337495
|switch|p2a: Raging Bolt|Raging Bolt|100/100
|-enditem|p2a: Raging Bolt|Booster Energy
|-activate|p2a: Raging Bolt|ability: Protosynthesis|[fromitem]
|-start|p2a: Raging Bolt|protosynthesisspa
|turn|30
|
|t:|1758337506
|move|p1a: Mienshao|U-turn|p2a: Raging Bolt
|-damage|p2a: Raging Bolt|76/100
|
|t:|1758337507
|switch|p1a: Jirachi|Jirachi|82/100|[from] U-turn
|-damage|p1a: Jirachi|76/100|[from] Stealth Rock
|move|p2a: Raging Bolt|Calm Mind|p2a: Raging Bolt
|-boost|p2a: Raging Bolt|spa|1
|-boost|p2a: Raging Bolt|spd|1
|
|upkeep
|turn|31
|
|t:|1758337510
|move|p1a: Jirachi|Encore|p2a: Raging Bolt
|-start|p2a: Raging Bolt|Encore
|move|p2a: Raging Bolt|Calm Mind|p2a: Raging Bolt
|-boost|p2a: Raging Bolt|spa|1
|-boost|p2a: Raging Bolt|spd|1
|
|upkeep
|turn|32
|
|t:|1758337515
|switch|p1a: Porygon-Z|Porygon-Z|76/100
|-damage|p1a: Porygon-Z|64/100|[from] Stealth Rock
|-ability|p1a: Porygon-Z|Download|boost
|-boost|p1a: Porygon-Z|atk|1
|move|p2a: Raging Bolt|Calm Mind|p2a: Raging Bolt
|-boost|p2a: Raging Bolt|spa|1
|-boost|p2a: Raging Bolt|spd|1
|
|upkeep
|turn|33
|
|t:|1758337519
|move|p1a: Porygon-Z|Trick|p2a: Raging Bolt
|-activate|p1a: Porygon-Z|move: Trick|[of] p2a: Raging Bolt
|-item|p2a: Raging Bolt|Choice Specs|[from] move: Trick
|-enditem|p1a: Porygon-Z|Choice Specs|[silent]|[from] move: Trick
|move|p2a: Raging Bolt|Calm Mind|p2a: Raging Bolt
|-boost|p2a: Raging Bolt|spa|1
|-boost|p2a: Raging Bolt|spd|1
|
|-end|p2a: Raging Bolt|Encore
|upkeep
|turn|34
|-message|Home is Wild forfeited.
|
|win|mathismathin
|raw|mathismathin's rating: 1822 &rarr; <strong>1841</strong><br />(+19 for winning)
|raw|Home is Wild's rating: 1800 &rarr; <strong>1781</strong><br />(-19 for losing)
|l|☆Home is Wild
|player|p2|
|l|☆mathismathin
|player|p1|
