|j|☆ufoz
|j|☆Ctannn
|t:|1758333999
|gametype|singles
|player|p1|ufoz|lucas|1765
|player|p2|Ctannn|2|1823
|gen|9
|tier|[Gen 9] OU
|rated|
|rule|HP Percentage Mod: HP is shown in percentages
|rule|Endless Battle Clause: Forcing endless battles is banned
|rule|Species Clause: Limit one of each Pokémon
|rule|OHKO Clause: OHKO moves are banned
|rule|Evasion Items Clause: Evasion items are banned
|rule|Evasion Moves Clause: Evasion moves are banned
|rule|Evasion Abilities Clause: Evasion abilities are banned
|rule|Sleep Moves Clause: Sleep-inducing moves are banned
|clearpoke
|poke|p1|Skarmory, M|
|poke|p1|Ting-Lu|
|poke|p1|Zamazenta-*|
|poke|p1|Pecharunt|
|poke|p1|Clefable, M|
|poke|p1|Walking Wake|
|poke|p2|Rillaboom, M|
|poke|p2|Garganacl, M|
|poke|p2|Cinderace, M|
|poke|p2|Raging Bolt|
|poke|p2|Slowking-Galar, M|
|poke|p2|Landorus-Therian, M|
|teampreview
|inactive|Battle timer is ON: inactive players will automatically lose when time's up. (requested by Ctannn)
|j| GoldmanNumber2
|
|t:|1758334020
|teamsize|p1|6
|teamsize|p2|6
|start
|switch|p1a: Ting-Lu|Ting-Lu|100/100
|switch|p2a: Slowking|Slowking-Galar, M|100/100
|-ability|p1a: Ting-Lu|Vessel of Ruin
|turn|1
|
|t:|1758334025
|move|p1a: Ting-Lu|Earthquake|p2a: Slowking
|-supereffective|p2a: Slowking
|-damage|p2a: Slowking|41/100
|move|p2a: Slowking|Future Sight|p1a: Ting-Lu
|-start|p2a: Slowking|move: Future Sight
|
|upkeep
|turn|2
|
|t:|1758334030
|move|p1a: Ting-Lu|Ruination|p2a: Slowking
|-damage|p2a: Slowking|21/100
|-prepare|p2a: Slowking|Chilly Reception|[premajor]
|move|p2a: Slowking|Chilly Reception|p2a: Slowking
|-weather|Snowscape
|
|t:|1758334031
|switch|p2a: Rillaboom|Rillaboom, M|100/100|[from] Chilly Reception
|-fieldstart|move: Grassy Terrain|[from] ability: Grassy Surge|[of] p2a: Rillaboom
|
|-weather|Snowscape|[upkeep]
|upkeep
|turn|3
|
|t:|1758334035
|switch|p1a: Skarmory|Skarmory, M|100/100
|move|p2a: Rillaboom|Knock Off|p1a: Skarmory
|-damage|p1a: Skarmory|77/100
|-damage|p2a: Rillaboom|84/100|[from] item: Rocky Helmet|[of] p1a: Skarmory
|-enditem|p1a: Skarmory|Rocky Helmet|[from] move: Knock Off|[of] p2a: Rillaboom
|
|-weather|Snowscape|[upkeep]
|-end|p1a: Skarmory|move: Future Sight
|-resisted|p1a: Skarmory
|-damage|p1a: Skarmory|46/100
|-heal|p2a: Rillaboom|90/100|[from] Grassy Terrain
|upkeep
|turn|4
|
|t:|1758334039
|switch|p2a: Slowking|Slowking-Galar, M|54/100
|move|p1a: Skarmory|Roost|p1a: Skarmory
|-heal|p1a: Skarmory|96/100
|-singleturn|p1a: Skarmory|move: Roost
|
|-weather|Snowscape|[upkeep]
|-heal|p1a: Skarmory|100/100|[from] Grassy Terrain
|-heal|p2a: Slowking|60/100|[from] Grassy Terrain
|upkeep
|turn|5
|
|t:|1758334047
|move|p1a: Skarmory|Spikes|p2a: Slowking
|-sidestart|p2: Ctannn|Spikes
|move|p2a: Slowking|Future Sight|p1a: Skarmory
|-start|p2a: Slowking|move: Future Sight
|
|-weather|Snowscape|[upkeep]
|-heal|p2a: Slowking|66/100|[from] Grassy Terrain
|upkeep
|turn|6
|
|t:|1758334050
|-prepare|p2a: Slowking|Chilly Reception|[premajor]
|move|p2a: Slowking|Chilly Reception|p2a: Slowking
|
|t:|1758334053
|switch|p2a: Landorus|Landorus-Therian, M|100/100|[from] Chilly Reception
|-ability|p2a: Landorus|Intimidate|boost
|-unboost|p1a: Skarmory|atk|1
|move|p1a: Skarmory|Whirlwind|p2a: Landorus
|drag|p2a: Rillaboom|Rillaboom, M|90/100
|-damage|p2a: Rillaboom|78/100|[from] Spikes
|
|-weather|none
|-heal|p2a: Rillaboom|84/100|[from] Grassy Terrain
|-fieldend|move: Grassy Terrain
|upkeep
|turn|7
|
|t:|1758334076
|switch|p2a: Slowking|Slowking-Galar, M|99/100
|-damage|p2a: Slowking|87/100|[from] Spikes
|move|p1a: Skarmory|Brave Bird|p2a: Slowking
|-damage|p2a: Slowking|69/100
|-damage|p1a: Skarmory|84/100|[from] item: Rocky Helmet|[of] p2a: Slowking
|-damage|p1a: Skarmory|77/100|[from] Recoil
|
|-end|p1a: Skarmory|move: Future Sight
|-resisted|p1a: Skarmory
|-damage|p1a: Skarmory|48/100
|upkeep
|turn|8
|
|t:|1758334084
|move|p1a: Skarmory|Roost|p1a: Skarmory
|-heal|p1a: Skarmory|98/100
|-singleturn|p1a: Skarmory|move: Roost
|move|p2a: Slowking|Future Sight|p1a: Skarmory
|-start|p2a: Slowking|move: Future Sight
|
|upkeep
|turn|9
|
|t:|1758334088
|switch|p1a: Ting-Lu|Ting-Lu|100/100
|-ability|p1a: Ting-Lu|Vessel of Ruin
|-prepare|p2a: Slowking|Chilly Reception|[premajor]
|move|p2a: Slowking|Chilly Reception|p2a: Slowking
|-weather|Snowscape
|
|t:|1758334093
|switch|p2a: Rillaboom|Rillaboom, M|84/100|[from] Chilly Reception
|-damage|p2a: Rillaboom|72/100|[from] Spikes
|-fieldstart|move: Grassy Terrain|[from] ability: Grassy Surge|[of] p2a: Rillaboom
|
|-weather|Snowscape|[upkeep]
|-heal|p2a: Rillaboom|78/100|[from] Grassy Terrain
|upkeep
|turn|10
|
|t:|1758334099
|switch|p1a: Skarmory|Skarmory, M|98/100
|move|p2a: Rillaboom|Wood Hammer|p1a: Skarmory
|-resisted|p1a: Skarmory
|-damage|p1a: Skarmory|84/100
|-damage|p2a: Rillaboom|74/100|[from] Recoil
|
|-weather|Snowscape|[upkeep]
|-end|p1a: Skarmory|move: Future Sight
|-resisted|p1a: Skarmory
|-damage|p1a: Skarmory|55/100
|-heal|p2a: Rillaboom|80/100|[from] Grassy Terrain
|upkeep
|turn|11
|
|t:|1758334105
|switch|p2a: Cinderace|Cinderace, M|100/100
|move|p1a: Skarmory|Roost|p1a: Skarmory
|-heal|p1a: Skarmory|100/100
|-singleturn|p1a: Skarmory|move: Roost
|
|-weather|Snowscape|[upkeep]
|upkeep
|turn|12
|
|t:|1758334108
|move|p2a: Cinderace|Pyro Ball|p1a: Skarmory
|-supereffective|p1a: Skarmory
|-damage|p1a: Skarmory|28/100
|move|p1a: Skarmory|Brave Bird|p2a: Cinderace
|-damage|p2a: Cinderace|49/100
|-damage|p1a: Skarmory|13/100|[from] Recoil
|
|-weather|Snowscape|[upkeep]
|-heal|p2a: Cinderace|55/100|[from] Grassy Terrain
|upkeep
|turn|13
|
|t:|1758334113
|move|p2a: Cinderace|Pyro Ball|p1a: Skarmory
|-supereffective|p1a: Skarmory
|-damage|p1a: Skarmory|0 fnt
|faint|p1a: Skarmory
|
|-weather|none
|-heal|p2a: Cinderace|61/100|[from] Grassy Terrain
|-fieldend|move: Grassy Terrain
|upkeep
|
|t:|1758334119
|switch|p1a: Walking Wake|Walking Wake|100/100
|turn|14
|
|t:|1758334124
|switch|p2a: Slowking|Slowking-Galar, M|100/100
|-damage|p2a: Slowking|88/100|[from] Spikes
|move|p1a: Walking Wake|Knock Off|p2a: Slowking
|-supereffective|p2a: Slowking
|-damage|p2a: Slowking|61/100
|-damage|p1a: Walking Wake|84/100|[from] item: Rocky Helmet|[of] p2a: Slowking
|-enditem|p2a: Slowking|Rocky Helmet|[from] move: Knock Off|[of] p1a: Walking Wake
|
|upkeep
|turn|15
|
|t:|1758334131
|move|p1a: Walking Wake|Draco Meteor|p2a: Slowking|[miss]
|-miss|p1a: Walking Wake|p2a: Slowking
|-prepare|p2a: Slowking|Chilly Reception|[premajor]
|move|p2a: Slowking|Chilly Reception|p2a: Slowking
|-weather|Snowscape
|
|t:|1758334134
|switch|p2a: Cinderace|Cinderace, M|61/100|[from] Chilly Reception
|
|-weather|Snowscape|[upkeep]
|upkeep
|turn|16
|
|t:|1758334139
|-end|p1a: Walking Wake|Protosynthesis|[silent]
|switch|p1a: Pecharunt|Pecharunt|100/100
|move|p2a: Cinderace|U-turn|p1a: Pecharunt
|-start|p2a: Cinderace|typechange|Bug|[from] ability: Libero
|-resisted|p1a: Pecharunt
|-damage|p1a: Pecharunt|97/100
|
|t:|1758334143
|switch|p2a: Slowking|Slowking-Galar, M|94/100|[from] U-turn
|-damage|p2a: Slowking|81/100|[from] Spikes
|
|-weather|Snowscape|[upkeep]
|upkeep
|turn|17
|
|t:|1758334151
|move|p1a: Pecharunt|Shadow Ball|p2a: Slowking
|-supereffective|p2a: Slowking
|-damage|p2a: Slowking|40/100
|move|p2a: Slowking|Psychic|p1a: Pecharunt
|-supereffective|p1a: Pecharunt
|-damage|p1a: Pecharunt|32/100
|
|-weather|Snowscape|[upkeep]
|upkeep
|turn|18
|
|t:|1758334164
|switch|p2a: Landorus|Landorus-Therian, M|100/100
|-ability|p2a: Landorus|Intimidate|boost
|-unboost|p1a: Pecharunt|atk|1
|move|p1a: Pecharunt|Recover|p1a: Pecharunt
|-heal|p1a: Pecharunt|82/100
|
|-weather|Snowscape|[upkeep]
|upkeep
|turn|19
|
|t:|1758334167
|move|p1a: Pecharunt|Malignant Chain|p2a: Landorus
|-resisted|p2a: Landorus
|-damage|p2a: Landorus|85/100
|-status|p2a: Landorus|tox
|-start|p2a: Landorus|confusion|[from] ability: Poison Puppeteer|[of] p1a: Pecharunt
|-activate|p2a: Landorus|confusion
|move|p2a: Landorus|Earthquake|p1a: Pecharunt
|-supereffective|p1a: Pecharunt
|-damage|p1a: Pecharunt|34/100
|
|-weather|none
|-damage|p2a: Landorus|79/100 tox|[from] psn
|upkeep
|turn|20
|
|t:|1758334175
|move|p1a: Pecharunt|Recover|p1a: Pecharunt
|-heal|p1a: Pecharunt|84/100
|-activate|p2a: Landorus|confusion
|move|p2a: Landorus|Earthquake|p1a: Pecharunt
|-supereffective|p1a: Pecharunt
|-crit|p1a: Pecharunt
|-damage|p1a: Pecharunt|19/100
|
|-damage|p2a: Landorus|67/100 tox|[from] psn
|upkeep
|turn|21
|
|t:|1758334178
|move|p1a: Pecharunt|Recover|p1a: Pecharunt
|-heal|p1a: Pecharunt|69/100
|-activate|p2a: Landorus|confusion
|-damage|p2a: Landorus|58/100 tox|[from] confusion
|
|-damage|p2a: Landorus|40/100 tox|[from] psn
|upkeep
|turn|22
|
|t:|1758334183
|move|p1a: Pecharunt|Parting Shot|p2a: Landorus
|-unboost|p2a: Landorus|atk|1
|-unboost|p2a: Landorus|spa|1
|
|t:|1758334186
|switch|p1a: Clefable|Clefable, M|100/100|[from] Parting Shot
|-activate|p2a: Landorus|confusion
|move|p2a: Landorus|Earthquake|p1a: Clefable
|-damage|p1a: Clefable|78/100
|
|-heal|p1a: Clefable|84/100|[from] item: Leftovers
|-damage|p2a: Landorus|16/100 tox|[from] psn
|upkeep
|turn|23
|
|t:|1758334193
|switch|p2a: Slowking|Slowking-Galar, M|74/100
|-damage|p2a: Slowking|61/100|[from] Spikes
|move|p1a: Clefable|Moonblast|p2a: Slowking
|-resisted|p2a: Slowking
|-damage|p2a: Slowking|49/100
|
|-heal|p1a: Clefable|90/100|[from] item: Leftovers
|upkeep
|turn|24
|
|t:|1758334197
|move|p1a: Clefable|Calm Mind|p1a: Clefable
|-boost|p1a: Clefable|spa|1
|-boost|p1a: Clefable|spd|1
|move|p2a: Slowking|Future Sight|p1a: Clefable
|-start|p2a: Slowking|move: Future Sight
|
|-heal|p1a: Clefable|96/100|[from] item: Leftovers
|upkeep
|turn|25
|
|t:|1758334202
|move|p1a: Clefable|Knock Off|p2a: Slowking
|-supereffective|p2a: Slowking
|-damage|p2a: Slowking|34/100
|-prepare|p2a: Slowking|Chilly Reception|[premajor]
|move|p2a: Slowking|Chilly Reception|p2a: Slowking
|-weather|Snowscape
|
|t:|1758334205
|switch|p2a: Rillaboom|Rillaboom, M|80/100|[from] Chilly Reception
|-damage|p2a: Rillaboom|67/100|[from] Spikes
|-fieldstart|move: Grassy Terrain|[from] ability: Grassy Surge|[of] p2a: Rillaboom
|
|-weather|Snowscape|[upkeep]
|-heal|p2a: Rillaboom|74/100|[from] Grassy Terrain
|-heal|p1a: Clefable|100/100|[from] Grassy Terrain
|upkeep
|turn|26
|
|t:|1758334208
|-terastallize|p2a: Rillaboom|Grass
|move|p2a: Rillaboom|Wood Hammer|p1a: Clefable
|-damage|p1a: Clefable|0 fnt
|faint|p1a: Clefable
|-damage|p2a: Rillaboom|35/100|[from] Recoil
|
|-weather|Snowscape|[upkeep]
|-hint|Future Sight did not hit because the target is fainted.
|-heal|p2a: Rillaboom|42/100|[from] Grassy Terrain
|upkeep
|
|t:|1758334212
|switch|p1a: Pecharunt|Pecharunt|69/100
|turn|27
|
|t:|1758334218
|switch|p2a: Garganacl|Garganacl, M|100/100
|-damage|p2a: Garganacl|88/100|[from] Spikes
|move|p1a: Pecharunt|Shadow Ball|p2a: Garganacl
|-damage|p2a: Garganacl|80/100
|
|-weather|Snowscape|[upkeep]
|-heal|p1a: Pecharunt|75/100|[from] Grassy Terrain
|-heal|p2a: Garganacl|86/100|[from] Grassy Terrain
|-heal|p2a: Garganacl|92/100|[from] item: Leftovers
|upkeep
|turn|28
|
|t:|1758334223
|move|p1a: Pecharunt|Parting Shot|p2a: Garganacl
|-unboost|p2a: Garganacl|atk|1
|-unboost|p2a: Garganacl|spa|1
|
|t:|1758334226
|switch|p1a: Ting-Lu|Ting-Lu|100/100|[from] Parting Shot
|-ability|p1a: Ting-Lu|Vessel of Ruin
|move|p2a: Garganacl|Curse|p2a: Garganacl
|-unboost|p2a: Garganacl|spe|1
|-boost|p2a: Garganacl|atk|1
|-boost|p2a: Garganacl|def|1
|
|-weather|Snowscape|[upkeep]
|-heal|p2a: Garganacl|99/100|[from] Grassy Terrain
|-heal|p2a: Garganacl|100/100|[from] item: Leftovers
|upkeep
|turn|29
|
|t:|1758334231
|move|p1a: Ting-Lu|Stealth Rock|p2a: Garganacl
|-sidestart|p2: Ctannn|move: Stealth Rock
|move|p2a: Garganacl|Salt Cure|p1a: Ting-Lu
|-resisted|p1a: Ting-Lu
|-damage|p1a: Ting-Lu|97/100
|-start|p1a: Ting-Lu|Salt Cure
|
|-weather|none
|-heal|p1a: Ting-Lu|100/100|[from] Grassy Terrain
|-damage|p1a: Ting-Lu|88/100|[from] Salt Cure
|-fieldend|move: Grassy Terrain
|upkeep
|turn|30
|
|t:|1758334237
|move|p2a: Garganacl|Protect|p2a: Garganacl
|-singleturn|p2a: Garganacl|Protect
|move|p1a: Ting-Lu|Whirlwind|p2a: Garganacl
|drag|p2a: Cinderace|Cinderace, M|61/100
|
|-heal|p1a: Ting-Lu|94/100|[from] item: Leftovers
|-damage|p1a: Ting-Lu|82/100|[from] Salt Cure
|upkeep
|turn|31
|
|t:|1758334242
|move|p2a: Cinderace|High Jump Kick|p1a: Ting-Lu
|-start|p2a: Cinderace|typechange|Fighting|[from] ability: Libero
|-supereffective|p1a: Ting-Lu
|-damage|p1a: Ting-Lu|14/100
|move|p1a: Ting-Lu|Earthquake|p2a: Cinderace
|-damage|p2a: Cinderace|3/100
|
|-heal|p1a: Ting-Lu|20/100|[from] item: Leftovers
|-damage|p1a: Ting-Lu|8/100|[from] Salt Cure
|upkeep
|turn|32
|
|t:|1758334252
|move|p2a: Cinderace|Court Change|p2a: Cinderace
|-swapsideconditions
|-activate|p2a: Cinderace|move: Court Change
|move|p1a: Ting-Lu|Earthquake|p2a: Cinderace
|-damage|p2a: Cinderace|0 fnt
|faint|p2a: Cinderace
|
|-heal|p1a: Ting-Lu|14/100|[from] item: Leftovers
|-damage|p1a: Ting-Lu|1/100|[from] Salt Cure
|upkeep
|
|t:|1758334262
|switch|p2a: Landorus|Landorus-Therian, M|16/100 tox
|-ability|p2a: Landorus|Intimidate|boost
|-unboost|p1a: Ting-Lu|atk|1
|turn|33
|
|t:|1758334266
|move|p2a: Landorus|U-turn|p1a: Ting-Lu
|-supereffective|p1a: Ting-Lu
|-damage|p1a: Ting-Lu|0 fnt
|faint|p1a: Ting-Lu
|
|t:|1758334271
|switch|p2a: Slowking|Slowking-Galar, M|68/100|[from] U-turn
|
|upkeep
|
|t:|1758334276
|switch|p1a: Zamazenta|Zamazenta|100/100
|-ability|p1a: Zamazenta|Dauntless Shield|boost
|-boost|p1a: Zamazenta|def|1
|turn|34
|
|t:|1758334281
|-terastallize|p1a: Zamazenta|Steel
|move|p1a: Zamazenta|Crunch|p2a: Slowking
|-supereffective|p2a: Slowking
|-damage|p2a: Slowking|31/100
|move|p2a: Slowking|Psychic|p1a: Zamazenta
|-resisted|p1a: Zamazenta
|-damage|p1a: Zamazenta|85/100
|
|upkeep
|turn|35
|
|t:|1758334286
|switch|p2a: Landorus|Landorus-Therian, M|16/100 tox
|-ability|p2a: Landorus|Intimidate|boost
|-unboost|p1a: Zamazenta|atk|1
|move|p1a: Zamazenta|Crunch|p2a: Landorus
|-damage|p2a: Landorus|3/100 tox
|-unboost|p2a: Landorus|def|1
|-damage|p1a: Zamazenta|69/100|[from] item: Rocky Helmet|[of] p2a: Landorus
|
|-damage|p2a: Landorus|0 fnt|[from] psn
|faint|p2a: Landorus
|upkeep
|
|t:|1758334292
|switch|p2a: Garganacl|Garganacl, M|100/100
|turn|36
|
|t:|1758334296
|move|p1a: Zamazenta|Close Combat|p2a: Garganacl
|-supereffective|p2a: Garganacl
|-damage|p2a: Garganacl|47/100
|-unboost|p1a: Zamazenta|def|1
|-unboost|p1a: Zamazenta|spd|1
|move|p2a: Garganacl|Salt Cure|p1a: Zamazenta
|-resisted|p1a: Zamazenta
|-damage|p1a: Zamazenta|63/100
|-start|p1a: Zamazenta|Salt Cure
|
|-heal|p2a: Garganacl|53/100|[from] item: Leftovers
|-damage|p1a: Zamazenta|38/100|[from] Salt Cure
|upkeep
|turn|37
|
|t:|1758334302
|switch|p1a: Walking Wake|Walking Wake|84/100
|move|p2a: Garganacl|Salt Cure|p1a: Walking Wake
|-crit|p1a: Walking Wake
|-damage|p1a: Walking Wake|63/100
|-start|p1a: Walking Wake|Salt Cure
|
|-heal|p2a: Garganacl|59/100|[from] item: Leftovers
|-damage|p1a: Walking Wake|39/100|[from] Salt Cure
|upkeep
|turn|38
|
|t:|1758334305
|move|p2a: Garganacl|Protect|p2a: Garganacl
|-singleturn|p2a: Garganacl|Protect
|move|p1a: Walking Wake|Surf|p2a: Garganacl
|-activate|p2a: Garganacl|move: Protect
|
|-heal|p2a: Garganacl|65/100|[from] item: Leftovers
|-damage|p1a: Walking Wake|14/100|[from] Salt Cure
|upkeep
|turn|39
|
|t:|1758334306
|switch|p2a: Slowking|Slowking-Galar, M|65/100
|move|p1a: Walking Wake|Surf|p2a: Slowking
|-damage|p2a: Slowking|32/100
|
|-damage|p1a: Walking Wake|0 fnt|[from] Salt Cure
|faint|p1a: Walking Wake
|-end|p1a: Walking Wake|Protosynthesis|[silent]
|upkeep
|-message|ufoz forfeited.
|
|win|Ctannn
|raw|ufoz's rating: 1765 &rarr; <strong>1748</strong><br />(-17 for losing)
|raw|Ctannn's rating: 1823 &rarr; <strong>1840</strong><br />(+17 for winning)
|l|☆ufoz
|player|p1|
|l|☆Ctannn
|player|p2|
