|j|☆panyanpp
|j|☆krookodile fangirl
|t:|1758264760
|gametype|singles
|player|p1|panyanpp|dawn|1392
|player|p2|krookodile fangirl|roughneck|1246
|gen|9
|tier|[Gen 9] OU
|rated|
|rule|HP Percentage Mod: HP is shown in percentages
|rule|Endless Battle Clause: Forcing endless battles is banned
|rule|Species Clause: Limit one of each Pokémon
|rule|OHKO Clause: OHKO moves are banned
|rule|Evasion Items Clause: Evasion items are banned
|rule|Evasion Moves Clause: Evasion moves are banned
|rule|Evasion Abilities Clause: Evasion abilities are banned
|rule|Sleep Moves Clause: Sleep-inducing moves are banned
|clearpoke
|poke|p1|Ceruledge, M|
|poke|p1|Corviknight, F|
|poke|p1|Garganacl, F|
|poke|p1|Kingambit, M|
|poke|p1|Great Tusk|
|poke|p1|Slowking-Galar, M|
|poke|p2|Krookodile, M|
|poke|p2|Ogerpon-Wellspring, F|
|poke|p2|Pecharunt|
|poke|p2|Cyclizar, M|
|poke|p2|Iron Valiant|
|poke|p2|Skarmory, M|
|teampreview
|inactive|Battle timer is ON: inactive players will automatically lose when time's up. (requested by krookodile fangirl)
|
|t:|1758264793
|teamsize|p1|6
|teamsize|p2|6
|start
|switch|p1a: Garganacl|Garganacl, F|100/100
|switch|p2a: Majora|Ogerpon-Wellspring, F|100/100
|turn|1
|
|t:|1758264798
|-terastallize|p1a: Garganacl|Fairy
|move|p2a: Majora|Ivy Cudgel|p1a: Garganacl|[anim] Ivy Cudgel Water
|-damage|p1a: Garganacl|63/100
|move|p1a: Garganacl|Salt Cure|p2a: Majora
|-damage|p2a: Majora|83/100
|-start|p2a: Majora|Salt Cure
|
|-heal|p1a: Garganacl|69/100|[from] item: Leftovers
|-damage|p2a: Majora|58/100|[from] Salt Cure
|upkeep
|turn|2
|
|t:|1758264808
|switch|p2a: Geek Bar|Pecharunt|100/100
|move|p1a: Garganacl|Stealth Rock|p2a: Geek Bar
|-sidestart|p2: krookodile fangirl|move: Stealth Rock
|
|-heal|p1a: Garganacl|75/100|[from] item: Leftovers
|upkeep
|turn|3
|
|t:|1758264823
|switch|p1a: Corviknight|Corviknight, F|100/100
|-ability|p1a: Corviknight|Pressure
|move|p2a: Geek Bar|Parting Shot|p1a: Corviknight
|-unboost|p1a: Corviknight|atk|1
|-unboost|p1a: Corviknight|spa|1
|
|t:|1758264827
|switch|p2a: Pizza Delivery Guy|Cyclizar, M|100/100|[from] Parting Shot
|
|upkeep
|turn|4
|
|t:|1758264830
|move|p2a: Pizza Delivery Guy|Rapid Spin|p1a: Corviknight
|-resisted|p1a: Corviknight
|-damage|p1a: Corviknight|96/100
|-boost|p2a: Pizza Delivery Guy|spe|1
|-sideend|p2: krookodile fangirl|Stealth Rock|[from] move: Rapid Spin|[of] p2a: Pizza Delivery Guy
|move|p1a: Corviknight|U-turn|p2a: Pizza Delivery Guy
|-damage|p2a: Pizza Delivery Guy|85/100
|
|t:|1758264855
|switch|p1a: Ceruledge|Ceruledge, M|100/100|[from] U-turn
|
|upkeep
|turn|5
|
|t:|1758264858
|move|p2a: Pizza Delivery Guy|Taunt|p1a: Ceruledge
|-start|p1a: Ceruledge|move: Taunt
|move|p1a: Ceruledge|Close Combat|p2a: Pizza Delivery Guy
|-supereffective|p2a: Pizza Delivery Guy
|-damage|p2a: Pizza Delivery Guy|0 fnt
|-unboost|p1a: Ceruledge|def|1
|-unboost|p1a: Ceruledge|spd|1
|faint|p2a: Pizza Delivery Guy
|
|upkeep
|
|t:|1758264862
|switch|p2a: Majora|Ogerpon-Wellspring, F|58/100
|turn|6
|inactive|panyanpp has 120 seconds left.
|
|t:|1758264903
|move|p2a: Majora|Ivy Cudgel|p1a: Ceruledge|[anim] Ivy Cudgel Water
|-supereffective|p1a: Ceruledge
|-enditem|p1a: Ceruledge|Focus Sash
|-damage|p1a: Ceruledge|1/100
|-ability|p1a: Ceruledge|Weak Armor|boost
|-unboost|p1a: Ceruledge|def|1
|-boost|p1a: Ceruledge|spe|2
|move|p1a: Ceruledge|Poltergeist|p2a: Majora
|-activate|p2a: Majora|move: Poltergeist|Wellspring Mask
|-crit|p2a: Majora
|-damage|p2a: Majora|0 fnt
|faint|p2a: Majora
|
|upkeep
|
|t:|1758264911
|switch|p2a: John The Fisherman|Skarmory, M|100/100
|turn|7
|
|t:|1758264913
|move|p1a: Ceruledge|Bitter Blade|p2a: John The Fisherman
|-supereffective|p2a: John The Fisherman
|-damage|p2a: John The Fisherman|45/100
|-heal|p1a: Ceruledge|30/100|[from] drain|[of] p2a: John The Fisherman
|-enditem|p2a: John The Fisherman|Red Card|[of] p1a: Ceruledge
|drag|p1a: Kingambit|Kingambit, M|100/100
|-item|p1a: Kingambit|Air Balloon
|move|p2a: John The Fisherman|Spikes|p1a: Kingambit
|-sidestart|p1: panyanpp|Spikes
|
|upkeep
|turn|8
|
|t:|1758264924
|-end|p1a: Kingambit|fallenundefined|[silent]
|switch|p1a: Ceruledge|Ceruledge, M|30/100
|-damage|p1a: Ceruledge|18/100|[from] Spikes
|move|p2a: John The Fisherman|Body Press|p1a: Ceruledge
|-immune|p1a: Ceruledge
|
|upkeep
|turn|9
|
|t:|1758264926
|move|p1a: Ceruledge|Bitter Blade|p2a: John The Fisherman
|-supereffective|p2a: John The Fisherman
|-damage|p2a: John The Fisherman|0 fnt
|-heal|p1a: Ceruledge|41/100|[from] drain|[of] p2a: John The Fisherman
|faint|p2a: John The Fisherman
|
|upkeep
|
|t:|1758264929
|switch|p2a: Baconator|Krookodile, M, shiny|100/100
|turn|10
|
|t:|1758264938
|switch|p1a: Corviknight|Corviknight, F|96/100
|-ability|p1a: Corviknight|Pressure
|move|p2a: Baconator|Knock Off|p1a: Corviknight
|-damage|p1a: Corviknight|66/100
|-enditem|p1a: Corviknight|Leftovers|[from] move: Knock Off|[of] p2a: Baconator
|
|upkeep
|turn|11
|
|t:|1758264950
|switch|p2a: T-800|Iron Valiant|100/100
|-enditem|p2a: T-800|Booster Energy
|-activate|p2a: T-800|ability: Quark Drive|[fromitem]
|-start|p2a: T-800|quarkdrivespe
|move|p1a: Corviknight|U-turn|p2a: T-800
|-resisted|p2a: T-800
|-damage|p2a: T-800|96/100
|
|t:|1758264955
|switch|p1a: Slowking|Slowking-Galar, M|100/100|[from] U-turn
|
|upkeep
|turn|12
|
|t:|1758264962
|move|p2a: T-800|Calm Mind|p2a: T-800
|-boost|p2a: T-800|spa|1
|-boost|p2a: T-800|spd|1
|move|p1a: Slowking|Sludge Bomb|p2a: T-800
|-supereffective|p2a: T-800
|-damage|p2a: T-800|20/100
|
|upkeep
|turn|13
|
|t:|1758264969
|-terastallize|p2a: T-800|Stellar
|move|p2a: T-800|Thunderbolt|p1a: Slowking
|-damage|p1a: Slowking|70/100
|move|p1a: Slowking|Sludge Bomb|p2a: T-800
|-supereffective|p2a: T-800
|-damage|p2a: T-800|0 fnt
|faint|p2a: T-800
|-end|p2a: T-800|Quark Drive|[silent]
|
|upkeep
|
|t:|1758264970
|switch|p2a: Baconator|Krookodile, M, shiny|100/100
|turn|14
|-message|krookodile fangirl forfeited.
|
|win|panyanpp
|raw|panyanpp's rating: 1392 &rarr; <strong>1404</strong><br />(+12 for winning)
|raw|krookodile fangirl's rating: 1246 &rarr; <strong>1231</strong><br />(-15 for losing)
|l|☆krookodile fangirl
|player|p2|
|l|☆panyanpp
|player|p1|
