|j|☆da_one_who_plays
|j|☆MrDrProfFuckface
|t:|1758287162
|gametype|singles
|player|p1|da_one_who_plays|steven|1491
|player|p2|MrDrProfFuckface|swimmer-gen4dp|1467
|gen|9
|tier|[Gen 9] OU
|rated|
|rule|HP Percentage Mod: HP is shown in percentages
|rule|Endless Battle Clause: Forcing endless battles is banned
|rule|Species Clause: Limit one of each Pokémon
|rule|OHKO Clause: OHKO moves are banned
|rule|Evasion Items Clause: Evasion items are banned
|rule|Evasion Moves Clause: Evasion moves are banned
|rule|Evasion Abilities Clause: Evasion abilities are banned
|rule|Sleep Moves Clause: Sleep-inducing moves are banned
|clearpoke
|poke|p1|Zamazenta-*|
|poke|p1|Ninetales-Alola, F|
|poke|p1|Iron Valiant|
|poke|p1|Ceruledge, M|
|poke|p1|Gliscor, M|
|poke|p1|Hatterene, F|
|poke|p2|Raging Bolt|
|poke|p2|Great Tusk|
|poke|p2|Muk-Alola, M|
|poke|p2|Dondozo, M|
|poke|p2|Ceruledge, M|
|poke|p2|Gardevoir, M|
|teampreview
|inactive|Battle timer is ON: inactive players will automatically lose when time's up. (requested by MrDrProfFuckface)
|
|t:|1758287179
|teamsize|p1|6
|teamsize|p2|6
|start
|switch|p1a: Gliscor|Gliscor, M, shiny|100/100
|switch|p2a: Muk|Muk-Alola, M, shiny|100/100
|turn|1
|
|t:|1758287193
|move|p1a: Gliscor|Earthquake|p2a: Muk
|-supereffective|p2a: Muk
|-damage|p2a: Muk|28/100
|move|p2a: Muk|Knock Off|p1a: Gliscor
|-damage|p1a: Gliscor|65/100
|-enditem|p1a: Gliscor|Toxic Orb|[from] move: Knock Off|[of] p2a: Muk
|
|upkeep
|turn|2
|
|t:|1758287204
|switch|p2a: Great Tusk|Great Tusk, shiny|100/100
|move|p1a: Gliscor|Earthquake|p2a: Great Tusk
|-damage|p2a: Great Tusk|79/100
|
|upkeep
|turn|3
|
|t:|1758287215
|switch|p1a: Ninetales|Ninetales-Alola, F, shiny|100/100
|-weather|Snowscape|[from] ability: Snow Warning|[of] p1a: Ninetales
|move|p2a: Great Tusk|Ice Spinner|p1a: Ninetales
|-resisted|p1a: Ninetales
|-damage|p1a: Ninetales|89/100
|
|-weather|Snowscape|[upkeep]
|upkeep
|turn|4
|
|t:|1758287224
|move|p1a: Ninetales|Aurora Veil|p1a: Ninetales
|-sidestart|p1: da_one_who_plays|move: Aurora Veil
|move|p2a: Great Tusk|Close Combat|p1a: Ninetales
|-damage|p1a: Ninetales|59/100
|-unboost|p2a: Great Tusk|def|1
|-unboost|p2a: Great Tusk|spd|1
|-enditem|p2a: Great Tusk|Eject Pack
|
|t:|1758287235
|-end|p2a: Great Tusk|Protosynthesis|[silent]
|switch|p2a: Dondozo|Dondozo, M, shiny|100/100
|
|-weather|Snowscape|[upkeep]
|upkeep
|turn|5
|
|t:|1758287241
|move|p1a: Ninetales|Freeze-Dry|p2a: Dondozo
|-supereffective|p2a: Dondozo
|-damage|p2a: Dondozo|73/100
|move|p2a: Dondozo|Curse|p2a: Dondozo
|-unboost|p2a: Dondozo|spe|1
|-boost|p2a: Dondozo|atk|1
|-boost|p2a: Dondozo|def|1
|
|-weather|Snowscape|[upkeep]
|upkeep
|turn|6
|
|t:|1758287250
|move|p1a: Ninetales|Encore|p2a: Dondozo
|-start|p2a: Dondozo|Encore
|move|p2a: Dondozo|Curse|p2a: Dondozo
|-unboost|p2a: Dondozo|spe|1
|-boost|p2a: Dondozo|atk|1
|-boost|p2a: Dondozo|def|1
|
|-weather|Snowscape|[upkeep]
|upkeep
|turn|7
|
|t:|1758287259
|switch|p2a: Muk|Muk-Alola, M, shiny|28/100
|move|p1a: Ninetales|Freeze-Dry|p2a: Muk
|-damage|p2a: Muk|17/100
|
|-weather|none
|upkeep
|turn|8
|
|t:|1758287267
|switch|p1a: Gliscor|Gliscor, M, shiny|65/100
|move|p2a: Muk|Shadow Sneak|p1a: Gliscor
|-damage|p1a: Gliscor|60/100
|
|upkeep
|turn|9
|
|t:|1758287276
|switch|p2a: Great Tusk|Great Tusk, shiny|79/100
|move|p1a: Gliscor|Earthquake|p2a: Great Tusk
|-damage|p2a: Great Tusk|59/100
|
|upkeep
|turn|10
|
|t:|1758287283
|switch|p1a: Ninetales|Ninetales-Alola, F, shiny|59/100
|-weather|Snowscape|[from] ability: Snow Warning|[of] p1a: Ninetales
|move|p2a: Great Tusk|Close Combat|p1a: Ninetales
|-damage|p1a: Ninetales|29/100
|-unboost|p2a: Great Tusk|def|1
|-unboost|p2a: Great Tusk|spd|1
|
|-weather|Snowscape|[upkeep]
|upkeep
|turn|11
|
|t:|1758287294
|-end|p2a: Great Tusk|Protosynthesis|[silent]
|switch|p2a: Dondozo|Dondozo, M, shiny|73/100
|move|p1a: Ninetales|Freeze-Dry|p2a: Dondozo
|-supereffective|p2a: Dondozo
|-damage|p2a: Dondozo|48/100
|
|-weather|Snowscape|[upkeep]
|-sideend|p1: da_one_who_plays|move: Aurora Veil
|upkeep
|turn|12
|
|t:|1758287302
|move|p1a: Ninetales|Encore||[still]
|-fail|p1a: Ninetales
|move|p2a: Dondozo|Rest|p2a: Dondozo
|-status|p2a: Dondozo|slp|[from] move: Rest
|-heal|p2a: Dondozo|100/100 slp|[silent]
|
|-weather|Snowscape|[upkeep]
|upkeep
|turn|13
|
|t:|1758287311
|switch|p2a: Gardevoir|Gardevoir, M, shiny|100/100
|-ability|p2a: Gardevoir|Snow Warning|Trace|[from] ability: Trace|[of] p1a: Ninetales
|move|p1a: Ninetales|Aurora Veil|p1a: Ninetales
|-sidestart|p1: da_one_who_plays|move: Aurora Veil
|
|-weather|Snowscape|[upkeep]
|upkeep
|turn|14
|
|t:|1758287333
|switch|p1a: Ceruledge|Ceruledge, M|100/100
|move|p2a: Gardevoir|Charge Beam|p1a: Ceruledge
|-damage|p1a: Ceruledge|94/100
|-boost|p2a: Gardevoir|spa|1
|
|-weather|none
|upkeep
|turn|15
|
|t:|1758287353
|switch|p2a: Muk|Muk-Alola, M, shiny|17/100
|move|p1a: Ceruledge|Bulk Up|p1a: Ceruledge
|-boost|p1a: Ceruledge|atk|1
|-boost|p1a: Ceruledge|def|1
|
|upkeep
|turn|16
|
|t:|1758287363
|switch|p2a: Great Tusk|Great Tusk, shiny|59/100
|move|p1a: Ceruledge|Bitter Blade|p2a: Great Tusk
|-damage|p2a: Great Tusk|21/100
|-heal|p1a: Ceruledge|100/100|[from] drain|[of] p2a: Great Tusk
|
|upkeep
|turn|17
|
|t:|1758287371
|move|p1a: Ceruledge|Bitter Blade|p2a: Great Tusk
|-damage|p2a: Great Tusk|0 fnt
|faint|p2a: Great Tusk
|-end|p2a: Great Tusk|Protosynthesis|[silent]
|
|upkeep
|
|t:|1758287376
|switch|p2a: Raging Bolt|Raging Bolt|100/100
|turn|18
|
|t:|1758287391
|switch|p1a: Gliscor|Gliscor, M, shiny|60/100
|move|p2a: Raging Bolt|Draco Meteor|p1a: Gliscor
|-damage|p1a: Gliscor|0 fnt
|-unboost|p2a: Raging Bolt|spa|2
|faint|p1a: Gliscor
|
|upkeep
|
|t:|1758287402
|switch|p1a: Iron Valiant|Iron Valiant, shiny|100/100
|turn|19
|
|t:|1758287411
|-end|p2a: Raging Bolt|Protosynthesis|[silent]
|switch|p2a: Muk|Muk-Alola, M, shiny|17/100
|move|p1a: Iron Valiant|Moonblast|p2a: Muk
|-crit|p2a: Muk
|-damage|p2a: Muk|0 fnt
|faint|p2a: Muk
|
|upkeep
|inactive|MrDrProfFuckface has 120 seconds left.
|inactive|MrDrProfFuckface has 90 seconds left.
|l|☆MrDrProfFuckface
|inactive|MrDrProfFuckface disconnected and has a minute to reconnect!
|player|p2|
|inactive|MrDrProfFuckface has 30 seconds to reconnect!
|inactive|MrDrProfFuckface has 20 seconds to reconnect!
|inactive|MrDrProfFuckface has 15 seconds to reconnect!
|inactive|MrDrProfFuckface has 10 seconds to reconnect!
|inactive|MrDrProfFuckface has 5 seconds to reconnect!
|-message|MrDrProfFuckface lost due to inactivity.
|
|win|da_one_who_plays
|raw|da_one_who_plays's rating: 1491 &rarr; <strong>1510</strong><br />(+19 for winning)
|raw|MrDrProfFuckface's rating: 1467 &rarr; <strong>1448</strong><br />(-19 for losing)
|l|☆da_one_who_plays
|player|p1|
