|j|☆RiaSingh2121
|j|☆uihjvb
|t:|1758343348
|gametype|singles
|player|p1|RiaSingh2121|1|1109
|player|p2|uihjvb|266|1085
|gen|9
|tier|[Gen 9] OU
|rated|
|rule|HP Percentage Mod: HP is shown in percentages
|rule|Endless Battle Clause: Forcing endless battles is banned
|rule|Species Clause: Limit one of each Pokémon
|rule|OHKO Clause: OHKO moves are banned
|rule|Evasion Items Clause: Evasion items are banned
|rule|Evasion Moves Clause: Evasion moves are banned
|rule|Evasion Abilities Clause: Evasion abilities are banned
|rule|Sleep Moves Clause: Sleep-inducing moves are banned
|clearpoke
|poke|p1|Rillaboom, M|
|poke|p1|Iron Treads|
|poke|p1|Raging Bolt|
|poke|p1|Darkrai|
|poke|p1|Hawlucha, F|
|poke|p1|Ogerpon-Cornerstone, F|
|poke|p2|Ceruledge, F|
|poke|p2|Dondozo, F|
|poke|p2|Reuniclus, M|
|poke|p2|Toxapex, F|
|poke|p2|Dragonite, F|
|poke|p2|Gliscor, M|
|teampreview
|inactive|Battle timer is ON: inactive players will automatically lose when time's up. (requested by uihjvb)
|
|t:|1758343389
|teamsize|p1|6
|teamsize|p2|6
|start
|switch|p1a: Rillaboom|Rillaboom, M|100/100
|switch|p2a: Reuniclus|Reuniclus, M|100/100
|-fieldstart|move: Grassy Terrain|[from] ability: Grassy Surge|[of] p1a: Rillaboom
|turn|1
|
|t:|1758343407
|move|p1a: Rillaboom|Knock Off|p2a: Reuniclus
|-supereffective|p2a: Reuniclus
|-damage|p2a: Reuniclus|36/100
|-enditem|p2a: Reuniclus|Leftovers|[from] move: Knock Off|[of] p1a: Rillaboom
|move|p2a: Reuniclus|Acid Armor|p2a: Reuniclus
|-boost|p2a: Reuniclus|def|2
|
|-heal|p2a: Reuniclus|42/100|[from] Grassy Terrain
|upkeep
|turn|2
|
|t:|1758343417
|move|p1a: Rillaboom|Wood Hammer|p2a: Reuniclus
|-damage|p2a: Reuniclus|0 fnt
|faint|p2a: Reuniclus
|-damage|p1a: Rillaboom|83/100|[from] Recoil
|
|-heal|p1a: Rillaboom|90/100|[from] Grassy Terrain
|upkeep
|
|t:|1758343429
|switch|p2a: Toxapex|Toxapex, F|100/100
|turn|3
|
|t:|1758343439
|switch|p1a: Iron Treads|Iron Treads|100/100
|-enditem|p1a: Iron Treads|Booster Energy
|-activate|p1a: Iron Treads|ability: Quark Drive|[fromitem]
|-start|p1a: Iron Treads|quarkdrivespe
|move|p2a: Toxapex|Baneful Bunker||[still]
|-fail|p2a: Toxapex
|
|upkeep
|turn|4
|inactive|RiaSingh2121 has 120 seconds left.
|
|t:|1758343471
|switch|p2a: Dondozo|Dondozo, F|100/100
|move|p1a: Iron Treads|Stealth Rock|p2a: Dondozo
|-sidestart|p2: uihjvb|move: Stealth Rock
|
|upkeep
|turn|5
|inactive|RiaSingh2121 has 120 seconds left.
|inactive|RiaSingh2121 has 90 seconds left.
|
|t:|1758343514
|-end|p1a: Iron Treads|Quark Drive|[silent]
|switch|p1a: Raging Bolt|Raging Bolt|100/100
|-enditem|p1a: Raging Bolt|Grassy Seed
|-boost|p1a: Raging Bolt|def|1|[from] item: Grassy Seed
|move|p2a: Dondozo|Liquidation|p1a: Raging Bolt
|-resisted|p1a: Raging Bolt
|-damage|p1a: Raging Bolt|84/100
|
|-heal|p1a: Raging Bolt|90/100|[from] Grassy Terrain
|upkeep
|turn|6
|
|t:|1758343526
|switch|p2a: Gliscor|Gliscor, M|100/100
|-damage|p2a: Gliscor|88/100|[from] Stealth Rock
|move|p1a: Raging Bolt|Calm Mind|p1a: Raging Bolt
|-boost|p1a: Raging Bolt|spa|1
|-boost|p1a: Raging Bolt|spd|1
|
|-heal|p1a: Raging Bolt|97/100|[from] Grassy Terrain
|-status|p2a: Gliscor|tox|[from] item: Toxic Orb
|upkeep
|turn|7
|
|t:|1758343538
|move|p2a: Gliscor|Earthquake|p1a: Raging Bolt
|-supereffective|p1a: Raging Bolt
|-damage|p1a: Raging Bolt|78/100
|move|p1a: Raging Bolt|Dragon Pulse|p2a: Gliscor
|-damage|p2a: Gliscor|0 fnt
|faint|p2a: Gliscor
|
|-heal|p1a: Raging Bolt|84/100|[from] Grassy Terrain
|upkeep
|
|t:|1758343549
|switch|p2a: Toxapex|Toxapex, F|100/100
|-damage|p2a: Toxapex|88/100|[from] Stealth Rock
|turn|8
|-message|uihjvb forfeited.
|
|win|RiaSingh2121
|raw|RiaSingh2121's rating: 1109 &rarr; <strong>1132</strong><br />(+23 for winning)
|raw|uihjvb's rating: 1085 &rarr; <strong>1064</strong><br />(-21 for losing)
|l|☆uihjvb
|player|p2|
|l|☆RiaSingh2121
|player|p1|
