|j|☆Jhonny Sett
|j|☆sod0m
|t:|1758371064
|gametype|singles
|player|p1|Jhonny Sett|fisherman-gen4|1252
|player|p2|sod0m|170|1229
|gen|9
|tier|[Gen 9] OU
|rated|
|rule|HP Percentage Mod: HP is shown in percentages
|rule|Endless Battle Clause: Forcing endless battles is banned
|rule|Species Clause: Limit one of each Pokémon
|rule|OHKO Clause: OHKO moves are banned
|rule|Evasion Items Clause: Evasion items are banned
|rule|Evasion Moves Clause: Evasion moves are banned
|rule|Evasion Abilities Clause: Evasion abilities are banned
|rule|Sleep Moves Clause: Sleep-inducing moves are banned
|clearpoke
|poke|p1|Cinderace, F|
|poke|p1|Darkrai|
|poke|p1|Landorus-Therian, M|
|poke|p1|Zamazenta-*|
|poke|p1|Pecharunt|
|poke|p1|Primarina, F|
|poke|p2|Alomomola, F|
|poke|p2|Garganacl, F|
|poke|p2|Wo-Chien|
|poke|p2|Skeledirge, M|
|poke|p2|Ting-Lu|
|poke|p2|Corviknight, M|
|teampreview
|
|t:|1758371079
|teamsize|p1|6
|teamsize|p2|6
|start
|switch|p1a: Landorus|Landorus-Therian, M|100/100
|switch|p2a: Garganacl|Garganacl, F|100/100
|-ability|p1a: Landorus|Intimidate|boost
|-unboost|p2a: Garganacl|atk|1
|turn|1
|
|t:|1758371088
|move|p1a: Landorus|Earthquake|p2a: Garganacl
|-supereffective|p2a: Garganacl
|-damage|p2a: Garganacl|35/100
|move|p2a: Garganacl|Stealth Rock|p1a: Landorus
|-sidestart|p1: Jhonny Sett|move: Stealth Rock
|
|-heal|p2a: Garganacl|41/100|[from] item: Leftovers
|upkeep
|turn|2
|
|t:|1758371096
|move|p2a: Garganacl|Protect|p2a: Garganacl
|-singleturn|p2a: Garganacl|Protect
|move|p1a: Landorus|Earthquake|p2a: Garganacl
|-activate|p2a: Garganacl|move: Protect
|
|-heal|p2a: Garganacl|47/100|[from] item: Leftovers
|upkeep
|turn|3
|
|t:|1758371106
|switch|p2a: Corviknight|Corviknight, M|100/100
|-ability|p2a: Corviknight|Pressure
|move|p1a: Landorus|Earthquake|p2a: Corviknight
|-immune|p2a: Corviknight
|
|upkeep
|turn|4
|inactive|Battle timer is ON: inactive players will automatically lose when time's up. (requested by Jhonny Sett)
|
|t:|1758371129
|switch|p1a: Darkrai|Darkrai|100/100
|move|p2a: Corviknight|Body Press|p1a: Darkrai
|-supereffective|p1a: Darkrai
|-damage|p1a: Darkrai|29/100
|
|upkeep
|turn|5
|
|t:|1758371147
|-terastallize|p1a: Darkrai|Poison
|move|p1a: Darkrai|Ice Beam|p2a: Corviknight
|-damage|p2a: Corviknight|70/100
|move|p2a: Corviknight|Body Press|p1a: Darkrai
|-resisted|p1a: Darkrai
|-damage|p1a: Darkrai|12/100
|
|upkeep
|turn|6
|
|t:|1758371160
|switch|p2a: Skeledirge|Skeledirge, M|100/100
|move|p1a: Darkrai|Ice Beam|p2a: Skeledirge
|-resisted|p2a: Skeledirge
|-damage|p2a: Skeledirge|88/100
|
|-heal|p2a: Skeledirge|94/100|[from] item: Leftovers
|upkeep
|turn|7
|inactive|sod0m has 120 seconds left.
|
|t:|1758371189
|-terastallize|p2a: Skeledirge|Fairy
|move|p1a: Darkrai|Dark Pulse|p2a: Skeledirge
|-resisted|p2a: Skeledirge
|-damage|p2a: Skeledirge|76/100
|move|p2a: Skeledirge|Flamethrower|p1a: Darkrai
|-damage|p1a: Darkrai|0 fnt
|faint|p1a: Darkrai
|
|-heal|p2a: Skeledirge|82/100|[from] item: Leftovers
|upkeep
|
|t:|1758371200
|switch|p1a: Pecharunt|Pecharunt|100/100
|turn|8
|
|t:|1758371211
|move|p1a: Pecharunt|Shadow Ball|p2a: Skeledirge
|-damage|p2a: Skeledirge|62/100
|-unboost|p2a: Skeledirge|spd|1
|move|p2a: Skeledirge|Will-O-Wisp|p1a: Pecharunt
|-status|p1a: Pecharunt|brn
|
|-heal|p2a: Skeledirge|68/100|[from] item: Leftovers
|-damage|p1a: Pecharunt|94/100 brn|[from] brn
|upkeep
|turn|9
|
|t:|1758371221
|move|p2a: Skeledirge|Protect|p2a: Skeledirge
|-singleturn|p2a: Skeledirge|Protect
|move|p1a: Pecharunt|Malignant Chain|p2a: Skeledirge
|-activate|p2a: Skeledirge|move: Protect
|
|-heal|p2a: Skeledirge|74/100|[from] item: Leftovers
|-damage|p1a: Pecharunt|88/100 brn|[from] brn
|upkeep
|turn|10
|inactive|sod0m has 120 seconds left.
|
|t:|1758371242
|switch|p2a: Garganacl|Garganacl, F|47/100
|move|p1a: Pecharunt|Parting Shot|p2a: Garganacl
|-unboost|p2a: Garganacl|atk|1
|-unboost|p2a: Garganacl|spa|1
|
|t:|1758371248
|switch|p1a: Cinderace|Cinderace, F|100/100|[from] Parting Shot
|
|-heal|p2a: Garganacl|53/100|[from] item: Leftovers
|upkeep
|turn|11
|
|t:|1758371258
|switch|p2a: Ting-Lu|Ting-Lu|100/100
|-ability|p2a: Ting-Lu|Vessel of Ruin
|move|p1a: Cinderace|Low Kick|p2a: Ting-Lu
|-start|p1a: Cinderace|typechange|Fighting|[from] ability: Libero
|-supereffective|p2a: Ting-Lu
|-damage|p2a: Ting-Lu|45/100
|
|-heal|p2a: Ting-Lu|51/100|[from] item: Leftovers
|upkeep
|turn|12
|
|t:|1758371275
|move|p2a: Ting-Lu|Protect|p2a: Ting-Lu
|-singleturn|p2a: Ting-Lu|Protect
|move|p1a: Cinderace|Low Kick|p2a: Ting-Lu
|-activate|p2a: Ting-Lu|move: Protect
|
|-heal|p2a: Ting-Lu|58/100|[from] item: Leftovers
|upkeep
|turn|13
|
|t:|1758371281
|switch|p2a: Skeledirge|Skeledirge, M, tera:Fairy|74/100
|move|p1a: Cinderace|U-turn|p2a: Skeledirge
|-resisted|p2a: Skeledirge
|-damage|p2a: Skeledirge|65/100
|
|t:|1758371291
|switch|p1a: Landorus|Landorus-Therian, M|100/100|[from] U-turn
|-damage|p1a: Landorus|88/100|[from] Stealth Rock
|-ability|p1a: Landorus|Intimidate|boost
|-unboost|p2a: Skeledirge|atk|1
|
|-heal|p2a: Skeledirge|71/100|[from] item: Leftovers
|upkeep
|turn|14
|
|t:|1758371298
|move|p2a: Skeledirge|Protect|p2a: Skeledirge
|-singleturn|p2a: Skeledirge|Protect
|move|p1a: Landorus|Stealth Rock|p2a: Skeledirge
|-sidestart|p2: sod0m|move: Stealth Rock
|
|-heal|p2a: Skeledirge|77/100|[from] item: Leftovers
|upkeep
|turn|15
|
|t:|1758371318
|switch|p1a: Primarina|Primarina, F|100/100
|switch|p2a: Corviknight|Corviknight, M|70/100
|-damage|p2a: Corviknight|57/100|[from] Stealth Rock
|-ability|p2a: Corviknight|Pressure
|
|upkeep
|turn|16
|
|t:|1758371342
|move|p1a: Primarina|Flip Turn|p2a: Corviknight
|-damage|p2a: Corviknight|48/100
|-damage|p1a: Primarina|84/100|[from] item: Rocky Helmet|[of] p2a: Corviknight
|
|t:|1758371349
|switch|p1a: Landorus|Landorus-Therian, M|88/100|[from] Flip Turn
|-damage|p1a: Landorus|76/100|[from] Stealth Rock
|-ability|p1a: Landorus|Intimidate|boost
|-unboost|p2a: Corviknight|atk|1
|move|p2a: Corviknight|Roost|p2a: Corviknight
|-heal|p2a: Corviknight|98/100
|-singleturn|p2a: Corviknight|move: Roost
|
|upkeep
|turn|17
|
|t:|1758371362
|move|p1a: Landorus|Stone Edge|p2a: Corviknight
|-damage|p2a: Corviknight|75/100
|move|p2a: Corviknight|Taunt|p1a: Landorus
|-start|p1a: Landorus|move: Taunt
|
|upkeep
|turn|18
|
|t:|1758371375
|switch|p1a: Pecharunt|Pecharunt|88/100 brn
|move|p2a: Corviknight|Body Press|p1a: Pecharunt
|-immune|p1a: Pecharunt
|
|-damage|p1a: Pecharunt|82/100 brn|[from] brn
|upkeep
|turn|19
|
|t:|1758371395
|switch|p2a: Wo-Chien|Wo-Chien|100/100
|-damage|p2a: Wo-Chien|88/100|[from] Stealth Rock
|-ability|p2a: Wo-Chien|Tablets of Ruin
|move|p1a: Pecharunt|Shadow Ball|p2a: Wo-Chien
|-resisted|p2a: Wo-Chien
|-damage|p2a: Wo-Chien|80/100
|
|-heal|p2a: Wo-Chien|87/100|[from] item: Leftovers
|-damage|p1a: Pecharunt|76/100 brn|[from] brn
|upkeep
|turn|20
|
|t:|1758371407
|move|p1a: Pecharunt|Parting Shot|p2a: Wo-Chien
|-unboost|p2a: Wo-Chien|atk|1
|-unboost|p2a: Wo-Chien|spa|1
|
|t:|1758371413
|switch|p1a: Cinderace|Cinderace, F|100/100|[from] Parting Shot
|move|p2a: Wo-Chien|Leech Seed|p1a: Cinderace
|-start|p1a: Cinderace|move: Leech Seed
|
|-heal|p2a: Wo-Chien|93/100|[from] item: Leftovers
|-damage|p1a: Cinderace|88/100|[from] Leech Seed|[of] p2a: Wo-Chien
|-heal|p2a: Wo-Chien|100/100|[silent]
|upkeep
|turn|21
|
|t:|1758371437
|move|p2a: Wo-Chien|Protect|p2a: Wo-Chien
|-singleturn|p2a: Wo-Chien|Protect
|move|p1a: Cinderace|U-turn|p2a: Wo-Chien
|-start|p1a: Cinderace|typechange|Bug|[from] ability: Libero
|-activate|p2a: Wo-Chien|move: Protect
|
|-damage|p1a: Cinderace|76/100|[from] Leech Seed|[of] p2a: Wo-Chien
|upkeep
|turn|22
|
|t:|1758371450
|switch|p2a: Garganacl|Garganacl, F|53/100
|-damage|p2a: Garganacl|41/100|[from] Stealth Rock
|move|p1a: Cinderace|Low Kick|p2a: Garganacl
|-supereffective|p2a: Garganacl
|-damage|p2a: Garganacl|0 fnt
|faint|p2a: Garganacl
|
|upkeep
|
|t:|1758371466
|switch|p2a: Corviknight|Corviknight, M|75/100
|-damage|p2a: Corviknight|63/100|[from] Stealth Rock
|-ability|p2a: Corviknight|Pressure
|turn|23
|
|t:|1758371473
|move|p1a: Cinderace|U-turn|p2a: Corviknight
|-resisted|p2a: Corviknight
|-damage|p2a: Corviknight|58/100
|-damage|p1a: Cinderace|59/100|[from] item: Rocky Helmet|[of] p2a: Corviknight
|
|t:|1758371478
|switch|p1a: Pecharunt|Pecharunt|76/100 brn|[from] U-turn
|move|p2a: Corviknight|Roost|p2a: Corviknight
|-heal|p2a: Corviknight|100/100
|-singleturn|p2a: Corviknight|move: Roost
|
|-damage|p1a: Pecharunt|70/100 brn|[from] brn
|upkeep
|turn|24
|
|t:|1758371492
|move|p1a: Pecharunt|Recover|p1a: Pecharunt
|-heal|p1a: Pecharunt|100/100 brn
|move|p2a: Corviknight|Taunt|p1a: Pecharunt
|-start|p1a: Pecharunt|move: Taunt
|
|-damage|p1a: Pecharunt|94/100 brn|[from] brn
|upkeep
|turn|25
|
|t:|1758371508
|move|p1a: Pecharunt|Malignant Chain|p2a: Corviknight
|-immune|p2a: Corviknight
|move|p2a: Corviknight|Taunt||[still]
|-fail|p2a: Corviknight
|
|-damage|p1a: Pecharunt|88/100 brn|[from] brn
|upkeep
|turn|26
|
|t:|1758371517
|move|p1a: Pecharunt|Malignant Chain|p2a: Corviknight
|-immune|p2a: Corviknight
|move|p2a: Corviknight|Taunt||[still]
|-fail|p2a: Corviknight
|
|-damage|p1a: Pecharunt|82/100 brn|[from] brn
|upkeep
|turn|27
|
|t:|1758371529
|move|p1a: Pecharunt|Shadow Ball|p2a: Corviknight
|-damage|p2a: Corviknight|76/100
|move|p2a: Corviknight|Taunt||[still]
|-fail|p2a: Corviknight
|
|-damage|p1a: Pecharunt|76/100 brn|[from] brn
|-end|p1a: Pecharunt|move: Taunt
|upkeep
|turn|28
|
|t:|1758371537
|move|p1a: Pecharunt|Recover|p1a: Pecharunt
|-heal|p1a: Pecharunt|100/100 brn
|move|p2a: Corviknight|Taunt|p1a: Pecharunt
|-start|p1a: Pecharunt|move: Taunt
|
|-damage|p1a: Pecharunt|94/100 brn|[from] brn
|upkeep
|turn|29
|
|t:|1758371544
|move|p1a: Pecharunt|Shadow Ball|p2a: Corviknight
|-damage|p2a: Corviknight|52/100
|move|p2a: Corviknight|Taunt||[still]
|-fail|p2a: Corviknight
|
|-damage|p1a: Pecharunt|88/100 brn|[from] brn
|upkeep
|turn|30
|
|t:|1758371551
|move|p1a: Pecharunt|Shadow Ball|p2a: Corviknight
|-damage|p2a: Corviknight|30/100
|-unboost|p2a: Corviknight|spd|1
|move|p2a: Corviknight|Roost|p2a: Corviknight
|-heal|p2a: Corviknight|80/100
|-singleturn|p2a: Corviknight|move: Roost
|
|-damage|p1a: Pecharunt|82/100 brn|[from] brn
|upkeep
|turn|31
|
|t:|1758371562
|move|p1a: Pecharunt|Shadow Ball|p2a: Corviknight
|-damage|p2a: Corviknight|41/100
|move|p2a: Corviknight|Taunt||[still]
|-fail|p2a: Corviknight
|
|-damage|p1a: Pecharunt|76/100 brn|[from] brn
|-end|p1a: Pecharunt|move: Taunt
|upkeep
|turn|32
|
|t:|1758371570
|move|p1a: Pecharunt|Shadow Ball|p2a: Corviknight
|-damage|p2a: Corviknight|2/100
|move|p2a: Corviknight|Roost|p2a: Corviknight
|-heal|p2a: Corviknight|52/100
|-singleturn|p2a: Corviknight|move: Roost
|
|-damage|p1a: Pecharunt|70/100 brn|[from] brn
|upkeep
|turn|33
|
|t:|1758371579
|move|p1a: Pecharunt|Shadow Ball|p2a: Corviknight
|-damage|p2a: Corviknight|19/100
|move|p2a: Corviknight|Roost|p2a: Corviknight
|-heal|p2a: Corviknight|69/100
|-singleturn|p2a: Corviknight|move: Roost
|
|-damage|p1a: Pecharunt|64/100 brn|[from] brn
|upkeep
|turn|34
|
|t:|1758371587
|switch|p2a: Wo-Chien|Wo-Chien|100/100
|-damage|p2a: Wo-Chien|88/100|[from] Stealth Rock
|-ability|p2a: Wo-Chien|Tablets of Ruin
|move|p1a: Pecharunt|Shadow Ball|p2a: Wo-Chien
|-resisted|p2a: Wo-Chien
|-damage|p2a: Wo-Chien|81/100
|
|-heal|p2a: Wo-Chien|87/100|[from] item: Leftovers
|-damage|p1a: Pecharunt|58/100 brn|[from] brn
|upkeep
|turn|35
|
|t:|1758371597
|move|p1a: Pecharunt|Parting Shot|p2a: Wo-Chien
|-unboost|p2a: Wo-Chien|atk|1
|-unboost|p2a: Wo-Chien|spa|1
|
|t:|1758371604
|switch|p1a: Cinderace|Cinderace, F|59/100|[from] Parting Shot
|move|p2a: Wo-Chien|Leech Seed|p1a: Cinderace
|-start|p1a: Cinderace|move: Leech Seed
|
|-heal|p2a: Wo-Chien|94/100|[from] item: Leftovers
|-damage|p1a: Cinderace|47/100|[from] Leech Seed|[of] p2a: Wo-Chien
|-heal|p2a: Wo-Chien|100/100|[silent]
|upkeep
|turn|36
|
|t:|1758371627
|switch|p2a: Alomomola|Alomomola, F|100/100
|move|p1a: Cinderace|Pyro Ball|p2a: Alomomola
|-resisted|p2a: Alomomola
|-damage|p2a: Alomomola|86/100
|
|-damage|p1a: Cinderace|35/100|[from] Leech Seed|[of] p2a: Alomomola
|-heal|p2a: Alomomola|93/100|[silent]
|upkeep
|turn|37
|
|t:|1758371634
|move|p1a: Cinderace|U-turn|p2a: Alomomola
|-start|p1a: Cinderace|typechange|Bug|[from] ability: Libero
|-damage|p2a: Alomomola|74/100
|
|t:|1758371638
|switch|p1a: Pecharunt|Pecharunt|58/100 brn|[from] U-turn
|move|p2a: Alomomola|Wish|p2a: Alomomola
|
|-damage|p1a: Pecharunt|52/100 brn|[from] brn
|upkeep
|turn|38
|
|t:|1758371648
|switch|p2a: Corviknight|Corviknight, M|69/100
|-damage|p2a: Corviknight|56/100|[from] Stealth Rock
|-ability|p2a: Corviknight|Pressure
|move|p1a: Pecharunt|Recover|p1a: Pecharunt
|-heal|p1a: Pecharunt|100/100 brn
|
|-heal|p2a: Corviknight|100/100|[from] move: Wish|[wisher] Alomomola
|-damage|p1a: Pecharunt|94/100 brn|[from] brn
|upkeep
|turn|39
|
|t:|1758371670
|move|p1a: Pecharunt|Shadow Ball|p2a: Corviknight
|-damage|p2a: Corviknight|78/100
|move|p2a: Corviknight|Taunt|p1a: Pecharunt
|-start|p1a: Pecharunt|move: Taunt
|
|-damage|p1a: Pecharunt|88/100 brn|[from] brn
|upkeep
|turn|40
|
|t:|1758371677
|switch|p2a: Wo-Chien|Wo-Chien|100/100
|-damage|p2a: Wo-Chien|88/100|[from] Stealth Rock
|-ability|p2a: Wo-Chien|Tablets of Ruin
|move|p1a: Pecharunt|Shadow Ball|p2a: Wo-Chien
|-resisted|p2a: Wo-Chien
|-damage|p2a: Wo-Chien|81/100
|
|-heal|p2a: Wo-Chien|87/100|[from] item: Leftovers
|-damage|p1a: Pecharunt|82/100 brn|[from] brn
|upkeep
|turn|41
|
|t:|1758371688
|switch|p1a: Zamazenta|Zamazenta|100/100
|-ability|p1a: Zamazenta|Dauntless Shield|boost
|-boost|p1a: Zamazenta|def|1
|move|p2a: Wo-Chien|Leech Seed|p1a: Zamazenta
|-start|p1a: Zamazenta|move: Leech Seed
|
|-heal|p2a: Wo-Chien|93/100|[from] item: Leftovers
|-damage|p1a: Zamazenta|88/100|[from] Leech Seed|[of] p2a: Wo-Chien
|-heal|p2a: Wo-Chien|100/100|[silent]
|upkeep
|turn|42
|
|t:|1758371707
|move|p2a: Wo-Chien|Protect|p2a: Wo-Chien
|-singleturn|p2a: Wo-Chien|Protect
|move|p1a: Zamazenta|Heavy Slam|p2a: Wo-Chien
|-activate|p2a: Wo-Chien|move: Protect
|
|-damage|p1a: Zamazenta|76/100|[from] Leech Seed|[of] p2a: Wo-Chien
|upkeep
|turn|43
|
|t:|1758371712
|switch|p2a: Corviknight|Corviknight, M|78/100
|-damage|p2a: Corviknight|66/100|[from] Stealth Rock
|-ability|p2a: Corviknight|Pressure
|move|p1a: Zamazenta|Close Combat|p2a: Corviknight
|-damage|p2a: Corviknight|32/100
|-unboost|p1a: Zamazenta|def|1
|-unboost|p1a: Zamazenta|spd|1
|-damage|p1a: Zamazenta|59/100|[from] item: Rocky Helmet|[of] p2a: Corviknight
|
|-damage|p1a: Zamazenta|47/100|[from] Leech Seed|[of] p2a: Corviknight
|-heal|p2a: Corviknight|42/100|[silent]
|upkeep
|turn|44
|
|t:|1758371725
|switch|p1a: Pecharunt|Pecharunt|82/100 brn
|move|p2a: Corviknight|Roost|p2a: Corviknight
|-heal|p2a: Corviknight|92/100
|-singleturn|p2a: Corviknight|move: Roost
|
|-damage|p1a: Pecharunt|76/100 brn|[from] brn
|upkeep
|turn|45
|
|t:|1758371737
|switch|p2a: Wo-Chien|Wo-Chien|100/100
|-damage|p2a: Wo-Chien|88/100|[from] Stealth Rock
|-ability|p2a: Wo-Chien|Tablets of Ruin
|move|p1a: Pecharunt|Shadow Ball|p2a: Wo-Chien
|-resisted|p2a: Wo-Chien
|-damage|p2a: Wo-Chien|80/100
|-unboost|p2a: Wo-Chien|spd|1
|
|-heal|p2a: Wo-Chien|87/100|[from] item: Leftovers
|-damage|p1a: Pecharunt|70/100 brn|[from] brn
|upkeep
|turn|46
|
|t:|1758371756
|move|p1a: Pecharunt|Malignant Chain|p2a: Wo-Chien
|-supereffective|p2a: Wo-Chien
|-crit|p2a: Wo-Chien
|-damage|p2a: Wo-Chien|12/100
|move|p2a: Wo-Chien|Knock Off|p1a: Pecharunt
|-supereffective|p1a: Pecharunt
|-damage|p1a: Pecharunt|37/100 brn
|-enditem|p1a: Pecharunt|Heavy-Duty Boots|[from] move: Knock Off|[of] p2a: Wo-Chien
|
|-heal|p2a: Wo-Chien|18/100|[from] item: Leftovers
|-damage|p1a: Pecharunt|30/100 brn|[from] brn
|upkeep
|turn|47
|
|t:|1758371767
|move|p2a: Wo-Chien|Protect|p2a: Wo-Chien
|-singleturn|p2a: Wo-Chien|Protect
|move|p1a: Pecharunt|Recover|p1a: Pecharunt
|-heal|p1a: Pecharunt|80/100 brn
|
|-heal|p2a: Wo-Chien|24/100|[from] item: Leftovers
|-damage|p1a: Pecharunt|74/100 brn|[from] brn
|upkeep
|turn|48
|
|t:|1758371777
|switch|p2a: Corviknight|Corviknight, M|92/100
|-damage|p2a: Corviknight|80/100|[from] Stealth Rock
|-ability|p2a: Corviknight|Pressure
|move|p1a: Pecharunt|Parting Shot|p2a: Corviknight
|-unboost|p2a: Corviknight|atk|1
|-unboost|p2a: Corviknight|spa|1
|inactive|Jhonny Sett has 120 seconds left.
|
|t:|1758371798
|switch|p1a: Cinderace|Cinderace, F|35/100|[from] Parting Shot
|
|upkeep
|turn|49
|
|t:|1758371804
|switch|p2a: Alomomola|Alomomola, F|100/100
|move|p1a: Cinderace|Pyro Ball|p2a: Alomomola
|-resisted|p2a: Alomomola
|-damage|p2a: Alomomola|86/100
|
|upkeep
|turn|50
|
|t:|1758371814
|move|p1a: Cinderace|Gunk Shot|p2a: Alomomola
|-start|p1a: Cinderace|typechange|Poison|[from] ability: Libero
|-damage|p2a: Alomomola|54/100
|-status|p2a: Alomomola|psn
|move|p2a: Alomomola|Wish|p2a: Alomomola
|
|-damage|p2a: Alomomola|42/100 psn|[from] psn
|upkeep
|turn|51
|
|t:|1758371830
|move|p1a: Cinderace|Gunk Shot|p2a: Alomomola
|-damage|p2a: Alomomola|12/100 psn
|move|p2a: Alomomola|Flip Turn|p1a: Cinderace
|-damage|p1a: Cinderace|13/100
|
|t:|1758371834
|switch|p2a: Wo-Chien|Wo-Chien|24/100|[from] Flip Turn
|-damage|p2a: Wo-Chien|12/100|[from] Stealth Rock
|-ability|p2a: Wo-Chien|Tablets of Ruin
|
|-heal|p2a: Wo-Chien|87/100|[from] move: Wish|[wisher] Alomomola
|-heal|p2a: Wo-Chien|94/100|[from] item: Leftovers
|upkeep
|turn|52
|
|t:|1758371849
|switch|p2a: Skeledirge|Skeledirge, M, tera:Fairy|77/100
|-damage|p2a: Skeledirge|64/100|[from] Stealth Rock
|move|p1a: Cinderace|Low Kick|p2a: Skeledirge
|-resisted|p2a: Skeledirge
|-damage|p2a: Skeledirge|49/100
|
|-heal|p2a: Skeledirge|55/100|[from] item: Leftovers
|upkeep
|turn|53
|
|t:|1758371858
|move|p1a: Cinderace|U-turn|p2a: Skeledirge
|-resisted|p2a: Skeledirge
|-damage|p2a: Skeledirge|47/100
|
|t:|1758371865
|switch|p1a: Zamazenta|Zamazenta|47/100|[from] U-turn
|move|p2a: Skeledirge|Slack Off|p2a: Skeledirge
|-heal|p2a: Skeledirge|97/100
|
|-heal|p2a: Skeledirge|100/100|[from] item: Leftovers
|upkeep
|turn|54
|
|t:|1758371874
|move|p1a: Zamazenta|Heavy Slam|p2a: Skeledirge
|-supereffective|p2a: Skeledirge
|-damage|p2a: Skeledirge|80/100
|move|p2a: Skeledirge|Will-O-Wisp|p1a: Zamazenta|[miss]
|-miss|p2a: Skeledirge|p1a: Zamazenta
|
|-heal|p2a: Skeledirge|86/100|[from] item: Leftovers
|upkeep
|turn|55
|
|t:|1758371887
|switch|p1a: Pecharunt|Pecharunt|74/100 brn
|-damage|p1a: Pecharunt|62/100 brn|[from] Stealth Rock
|move|p2a: Skeledirge|Will-O-Wisp|p1a: Pecharunt
|-fail|p1a: Pecharunt|brn
|
|-heal|p2a: Skeledirge|92/100|[from] item: Leftovers
|-damage|p1a: Pecharunt|56/100 brn|[from] brn
|upkeep
|turn|56
|c|☆Jhonny Sett|i hate your team
|
|t:|1758371903
|move|p1a: Pecharunt|Malignant Chain|p2a: Skeledirge
|-supereffective|p2a: Skeledirge
|-damage|p2a: Skeledirge|46/100
|move|p2a: Skeledirge|Flamethrower|p1a: Pecharunt
|-damage|p1a: Pecharunt|24/100 brn
|
|-heal|p2a: Skeledirge|52/100|[from] item: Leftovers
|-damage|p1a: Pecharunt|18/100 brn|[from] brn
|upkeep
|turn|57
|c|☆Jhonny Sett|it's so cancer
|
|t:|1758371913
|move|p1a: Pecharunt|Recover|p1a: Pecharunt
|-heal|p1a: Pecharunt|68/100 brn
|move|p2a: Skeledirge|Flamethrower|p1a: Pecharunt
|-damage|p1a: Pecharunt|36/100 brn
|
|-heal|p2a: Skeledirge|58/100|[from] item: Leftovers
|-damage|p1a: Pecharunt|30/100 brn|[from] brn
|upkeep
|turn|58
|
|t:|1758371924
|move|p1a: Pecharunt|Recover|p1a: Pecharunt
|-heal|p1a: Pecharunt|80/100 brn
|move|p2a: Skeledirge|Flamethrower|p1a: Pecharunt
|-damage|p1a: Pecharunt|45/100 brn
|
|-heal|p2a: Skeledirge|64/100|[from] item: Leftovers
|-damage|p1a: Pecharunt|39/100 brn|[from] brn
|upkeep
|turn|59
|
|t:|1758371935
|move|p1a: Pecharunt|Recover|p1a: Pecharunt
|-heal|p1a: Pecharunt|89/100 brn
|move|p2a: Skeledirge|Flamethrower|p1a: Pecharunt
|-damage|p1a: Pecharunt|57/100 brn
|
|-heal|p2a: Skeledirge|70/100|[from] item: Leftovers
|-damage|p1a: Pecharunt|51/100 brn|[from] brn
|upkeep
|turn|60
|
|t:|1758371943
|move|p2a: Skeledirge|Protect|p2a: Skeledirge
|-singleturn|p2a: Skeledirge|Protect
|move|p1a: Pecharunt|Malignant Chain|p2a: Skeledirge
|-activate|p2a: Skeledirge|move: Protect
|
|-heal|p2a: Skeledirge|76/100|[from] item: Leftovers
|-damage|p1a: Pecharunt|45/100 brn|[from] brn
|upkeep
|turn|61
|
|t:|1758371948
|move|p1a: Pecharunt|Parting Shot|p2a: Skeledirge
|-unboost|p2a: Skeledirge|atk|1
|-unboost|p2a: Skeledirge|spa|1
|
|t:|1758371951
|switch|p1a: Primarina|Primarina, F|84/100|[from] Parting Shot
|move|p2a: Skeledirge|Flamethrower|p1a: Primarina
|-resisted|p1a: Primarina
|-damage|p1a: Primarina|74/100
|
|-heal|p2a: Skeledirge|82/100|[from] item: Leftovers
|upkeep
|turn|62
|
|t:|1758371968
|move|p1a: Primarina|Moonblast|p2a: Skeledirge
|-damage|p2a: Skeledirge|40/100
|-unboost|p2a: Skeledirge|spa|1
|move|p2a: Skeledirge|Will-O-Wisp|p1a: Primarina
|-status|p1a: Primarina|brn
|
|-heal|p2a: Skeledirge|46/100|[from] item: Leftovers
|-damage|p1a: Primarina|68/100 brn|[from] brn
|upkeep
|turn|63
|
|t:|1758371978
|move|p2a: Skeledirge|Protect|p2a: Skeledirge
|-singleturn|p2a: Skeledirge|Protect
|move|p1a: Primarina|Surf|p2a: Skeledirge
|-activate|p2a: Skeledirge|move: Protect
|
|-heal|p2a: Skeledirge|52/100|[from] item: Leftovers
|-damage|p1a: Primarina|62/100 brn|[from] brn
|upkeep
|turn|64
|
|t:|1758371986
|switch|p2a: Alomomola|Alomomola, F|45/100 psn
|move|p1a: Primarina|Moonblast|p2a: Alomomola
|-damage|p2a: Alomomola|0 fnt
|faint|p2a: Alomomola
|
|-damage|p1a: Primarina|56/100 brn|[from] brn
|upkeep
|
|t:|1758371992
|switch|p2a: Wo-Chien|Wo-Chien|94/100
|-damage|p2a: Wo-Chien|81/100|[from] Stealth Rock
|-ability|p2a: Wo-Chien|Tablets of Ruin
|turn|65
|
|t:|1758372005
|switch|p1a: Landorus|Landorus-Therian, M|76/100
|-damage|p1a: Landorus|64/100|[from] Stealth Rock
|-ability|p1a: Landorus|Intimidate|boost
|-unboost|p2a: Wo-Chien|atk|1
|move|p2a: Wo-Chien|Leech Seed|p1a: Landorus
|-start|p1a: Landorus|move: Leech Seed
|
|-heal|p2a: Wo-Chien|87/100|[from] item: Leftovers
|-damage|p1a: Landorus|52/100|[from] Leech Seed|[of] p2a: Wo-Chien
|-heal|p2a: Wo-Chien|99/100|[silent]
|upkeep
|turn|66
|
|t:|1758372020
|move|p1a: Landorus|U-turn|p2a: Wo-Chien
|-supereffective|p2a: Wo-Chien
|-damage|p2a: Wo-Chien|21/100
|
|t:|1758372031
|switch|p1a: Pecharunt|Pecharunt|45/100 brn|[from] U-turn
|-damage|p1a: Pecharunt|33/100 brn|[from] Stealth Rock
|move|p2a: Wo-Chien|Knock Off|p1a: Pecharunt
|-supereffective|p1a: Pecharunt
|-damage|p1a: Pecharunt|15/100 brn
|
|-heal|p2a: Wo-Chien|27/100|[from] item: Leftovers
|-damage|p1a: Pecharunt|9/100 brn|[from] brn
|upkeep
|turn|67
|
|t:|1758372042
|move|p2a: Wo-Chien|Protect|p2a: Wo-Chien
|-singleturn|p2a: Wo-Chien|Protect
|move|p1a: Pecharunt|Recover|p1a: Pecharunt
|-heal|p1a: Pecharunt|59/100 brn
|
|-heal|p2a: Wo-Chien|34/100|[from] item: Leftovers
|-damage|p1a: Pecharunt|53/100 brn|[from] brn
|upkeep
|turn|68
|
|t:|1758372056
|move|p1a: Pecharunt|Shadow Ball|p2a: Wo-Chien
|-resisted|p2a: Wo-Chien
|-damage|p2a: Wo-Chien|27/100
|move|p2a: Wo-Chien|Leech Seed|p1a: Pecharunt
|-start|p1a: Pecharunt|move: Leech Seed
|
|-heal|p2a: Wo-Chien|33/100|[from] item: Leftovers
|-damage|p1a: Pecharunt|40/100 brn|[from] Leech Seed|[of] p2a: Wo-Chien
|-heal|p2a: Wo-Chien|47/100|[silent]
|-damage|p1a: Pecharunt|34/100 brn|[from] brn
|upkeep
|turn|69
|
|t:|1758372070
|move|p1a: Pecharunt|Parting Shot|p2a: Wo-Chien
|-unboost|p2a: Wo-Chien|atk|1
|-unboost|p2a: Wo-Chien|spa|1
|
|t:|1758372075
|switch|p1a: Landorus|Landorus-Therian, M|52/100|[from] Parting Shot
|-damage|p1a: Landorus|39/100|[from] Stealth Rock
|-ability|p1a: Landorus|Intimidate|boost
|-unboost|p2a: Wo-Chien|atk|1
|move|p2a: Wo-Chien|Leech Seed|p1a: Landorus
|-start|p1a: Landorus|move: Leech Seed
|
|-heal|p2a: Wo-Chien|53/100|[from] item: Leftovers
|-damage|p1a: Landorus|27/100|[from] Leech Seed|[of] p2a: Wo-Chien
|-heal|p2a: Wo-Chien|64/100|[silent]
|upkeep
|turn|70
|
|t:|1758372095
|move|p2a: Wo-Chien|Protect|p2a: Wo-Chien
|-singleturn|p2a: Wo-Chien|Protect
|move|p1a: Landorus|U-turn|p2a: Wo-Chien
|-activate|p2a: Wo-Chien|move: Protect
|
|-heal|p2a: Wo-Chien|70/100|[from] item: Leftovers
|-damage|p1a: Landorus|15/100|[from] Leech Seed|[of] p2a: Wo-Chien
|-heal|p2a: Wo-Chien|81/100|[silent]
|upkeep
|turn|71
|
|t:|1758372106
|switch|p2a: Corviknight|Corviknight, M|80/100
|-damage|p2a: Corviknight|68/100|[from] Stealth Rock
|-ability|p2a: Corviknight|Pressure
|move|p1a: Landorus|U-turn|p2a: Corviknight
|-resisted|p2a: Corviknight
|-damage|p2a: Corviknight|64/100
|-damage|p1a: Landorus|0 fnt|[from] item: Rocky Helmet|[of] p2a: Corviknight
|faint|p1a: Landorus
|
|upkeep
|
|t:|1758372121
|switch|p1a: Cinderace|Cinderace, F|13/100
|turn|72
|
|t:|1758372141
|move|p1a: Cinderace|Pyro Ball|p2a: Corviknight|[miss]
|-miss|p1a: Cinderace|p2a: Corviknight
|move|p2a: Corviknight|Body Press|p1a: Cinderace
|-damage|p1a: Cinderace|0 fnt
|faint|p1a: Cinderace
|
|upkeep
|c|☆Jhonny Sett|i hate this game
|n|!Jhonny Sett|jhonnysett
|-message|Jhonny Sett forfeited.
|
|win|sod0m
