|j|☆RoaringMoonlight2
|j|☆bugcatcherweevil
|t:|1758314289
|gametype|singles
|player|p1|RoaringMoonlight2|unknown|1681
|player|p2|bugcatcherweevil|101|1713
|gen|9
|tier|[Gen 9] OU
|rated|
|rule|HP Percentage Mod: HP is shown in percentages
|rule|Endless Battle Clause: Forcing endless battles is banned
|rule|Species Clause: Limit one of each Pokémon
|rule|OHKO Clause: OHKO moves are banned
|rule|Evasion Items Clause: Evasion items are banned
|rule|Evasion Moves Clause: Evasion moves are banned
|rule|Evasion Abilities Clause: Evasion abilities are banned
|rule|Sleep Moves Clause: Sleep-inducing moves are banned
|clearpoke
|poke|p1|Glimmora, M|
|poke|p1|Iron Valiant|
|poke|p1|Raging Bolt|
|poke|p1|Ogerpon-Wellspring, F|
|poke|p1|Kingambit, M|
|poke|p1|Ceruledge, F|
|poke|p2|Iron Moth|
|poke|p2|Ting-Lu|
|poke|p2|Torkoal, F|
|poke|p2|Walking Wake|
|poke|p2|Great Tusk|
|poke|p2|Slither Wing|
|teampreview
|inactive|Battle timer is ON: inactive players will automatically lose when time's up. (requested by RoaringMoonlight2)
|inactive|bugcatcherweevil has 120 seconds left.
|
|t:|1758314327
|teamsize|p1|6
|teamsize|p2|6
|start
|switch|p1a: Fleur de Cuivre|Glimmora, M|100/100
|switch|p2a: Walking Wake|Walking Wake|100/100
|turn|1
|
|t:|1758314342
|switch|p1a: Masqurécage|Ogerpon-Wellspring, F|100/100
|move|p2a: Walking Wake|Dragon Pulse|p1a: Masqurécage
|-damage|p1a: Masqurécage|29/100
|
|upkeep
|turn|2
|
|t:|1758314351
|-end|p2a: Walking Wake|Protosynthesis|[silent]
|switch|p2a: Ting-Lu|Ting-Lu|100/100
|-ability|p2a: Ting-Lu|Vessel of Ruin
|move|p1a: Masqurécage|Power Whip|p2a: Ting-Lu|[miss]
|-miss|p1a: Masqurécage|p2a: Ting-Lu
|
|upkeep
|turn|3
|
|t:|1758314358
|switch|p2a: Torkoal|Torkoal, F|100/100
|-weather|SunnyDay|[from] ability: Drought|[of] p2a: Torkoal
|move|p1a: Masqurécage|Ivy Cudgel|p2a: Torkoal|[anim] Ivy Cudgel Water
|-supereffective|p2a: Torkoal
|-crit|p2a: Torkoal
|-damage|p2a: Torkoal|51/100
|
|-weather|SunnyDay|[upkeep]
|upkeep
|turn|4
|
|t:|1758314368
|move|p1a: Masqurécage|Ivy Cudgel|p2a: Torkoal|[anim] Ivy Cudgel Water
|-supereffective|p2a: Torkoal
|-crit|p2a: Torkoal
|-damage|p2a: Torkoal|0 fnt
|faint|p2a: Torkoal
|
|-weather|SunnyDay|[upkeep]
|upkeep
|c|☆bugcatcherweevil|lol
|
|t:|1758314387
|switch|p2a: Slither Wing|Slither Wing|100/100
|-activate|p2a: Slither Wing|ability: Protosynthesis
|-start|p2a: Slither Wing|protosynthesisatk
|turn|5
|
|t:|1758314397
|move|p1a: Masqurécage|Ivy Cudgel|p2a: Slither Wing|[anim] Ivy Cudgel Water
|-damage|p2a: Slither Wing|65/100
|move|p2a: Slither Wing|U-turn|p1a: Masqurécage
|-supereffective|p1a: Masqurécage
|-damage|p1a: Masqurécage|0 fnt
|faint|p1a: Masqurécage
|
|t:|1758314403
|-end|p2a: Slither Wing|Protosynthesis|[silent]
|switch|p2a: Walking Wake|Walking Wake|100/100|[from] U-turn
|-activate|p2a: Walking Wake|ability: Protosynthesis
|-start|p2a: Walking Wake|protosynthesisspe
|
|-weather|SunnyDay|[upkeep]
|upkeep
|
|t:|1758314410
|switch|p1a: Escrameur|Ceruledge, F|100/100
|turn|6
|
|t:|1758314413
|move|p2a: Walking Wake|Hydro Steam|p1a: Escrameur
|-supereffective|p1a: Escrameur
|-enditem|p1a: Escrameur|Focus Sash
|-damage|p1a: Escrameur|1/100
|move|p1a: Escrameur|Poltergeist|p2a: Walking Wake
|-activate|p2a: Walking Wake|move: Poltergeist|Choice Specs
|-damage|p2a: Walking Wake|41/100
|
|-weather|SunnyDay|[upkeep]
|upkeep
|turn|7
|
|t:|1758314419
|move|p1a: Escrameur|Shadow Sneak|p2a: Walking Wake
|-damage|p2a: Walking Wake|21/100
|move|p2a: Walking Wake|Hydro Steam|p1a: Escrameur
|-supereffective|p1a: Escrameur
|-damage|p1a: Escrameur|0 fnt
|faint|p1a: Escrameur
|
|-weather|SunnyDay|[upkeep]
|upkeep
|
|t:|1758314426
|switch|p1a: Terminator|Iron Valiant|100/100
|-enditem|p1a: Terminator|Booster Energy
|-activate|p1a: Terminator|ability: Quark Drive|[fromitem]
|-start|p1a: Terminator|quarkdrivespe
|turn|8
|
|t:|1758314431
|-end|p2a: Walking Wake|Protosynthesis|[silent]
|switch|p2a: Iron Moth|Iron Moth|100/100
|move|p1a: Terminator|Moonblast|p2a: Iron Moth
|-resisted|p2a: Iron Moth
|-damage|p2a: Iron Moth|88/100
|-unboost|p2a: Iron Moth|spa|1
|
|-weather|SunnyDay|[upkeep]
|upkeep
|turn|9
|
|t:|1758314437
|move|p1a: Terminator|Psyshock|p2a: Iron Moth
|-supereffective|p2a: Iron Moth
|-damage|p2a: Iron Moth|0 fnt
|faint|p2a: Iron Moth
|-end|p2a: Iron Moth|Quark Drive|[silent]
|
|-weather|SunnyDay|[upkeep]
|upkeep
|
|t:|1758314451
|switch|p2a: Ting-Lu|Ting-Lu|100/100
|-ability|p2a: Ting-Lu|Vessel of Ruin
|turn|10
|
|t:|1758314457
|move|p1a: Terminator|Moonblast|p2a: Ting-Lu
|-supereffective|p2a: Ting-Lu
|-damage|p2a: Ting-Lu|59/100
|-unboost|p2a: Ting-Lu|spa|1
|move|p2a: Ting-Lu|Earthquake|p1a: Terminator
|-damage|p1a: Terminator|50/100
|
|-weather|none
|upkeep
|turn|11
|j| Disscratch
|
|t:|1758314479
|move|p1a: Terminator|Moonblast|p2a: Ting-Lu
|-supereffective|p2a: Ting-Lu
|-damage|p2a: Ting-Lu|19/100
|-unboost|p2a: Ting-Lu|spa|1
|move|p2a: Ting-Lu|Earthquake|p1a: Terminator
|-damage|p1a: Terminator|3/100
|
|upkeep
|turn|12
|c|☆bugcatcherweevil|lol
|
|t:|1758314493
|move|p1a: Terminator|Moonblast|p2a: Ting-Lu
|-supereffective|p2a: Ting-Lu
|-damage|p2a: Ting-Lu|0 fnt
|faint|p2a: Ting-Lu
|
|upkeep
|
|t:|1758314494
|switch|p2a: Slither Wing|Slither Wing|65/100
|turn|13
|
|t:|1758314499
|move|p2a: Slither Wing|First Impression|p1a: Terminator
|-resisted|p1a: Terminator
|-damage|p1a: Terminator|0 fnt
|faint|p1a: Terminator
|-end|p1a: Terminator|Quark Drive|[silent]
|
|upkeep
|
|t:|1758314500
|switch|p1a: Fleur de Cuivre|Glimmora, M|100/100
|turn|14
|
|t:|1758314503
|-end|p2a: Slither Wing|Protosynthesis|[silent]
|switch|p2a: Great Tusk|Great Tusk|100/100
|move|p1a: Fleur de Cuivre|Meteor Beam||[still]
|-prepare|p1a: Fleur de Cuivre|Meteor Beam
|-boost|p1a: Fleur de Cuivre|spa|1
|-enditem|p1a: Fleur de Cuivre|Power Herb
|-anim|p1a: Fleur de Cuivre|Meteor Beam|p2a: Great Tusk
|-resisted|p2a: Great Tusk
|-damage|p2a: Great Tusk|68/100
|
|upkeep
|turn|15
|
|t:|1758314507
|move|p2a: Great Tusk|Headlong Rush|p1a: Fleur de Cuivre
|-supereffective|p1a: Fleur de Cuivre
|-damage|p1a: Fleur de Cuivre|0 fnt
|-unboost|p2a: Great Tusk|def|1
|-unboost|p2a: Great Tusk|spd|1
|-activate|p1a: Fleur de Cuivre|ability: Toxic Debris
|-sidestart|p2: bugcatcherweevil|move: Toxic Spikes
|faint|p1a: Fleur de Cuivre
|
|upkeep
|
|t:|1758314510
|switch|p1a: Raille-Cou|Raging Bolt|100/100
|turn|16
|
|t:|1758314523
|-terastallize|p1a: Raille-Cou|Fairy
|move|p2a: Great Tusk|Headlong Rush|p1a: Raille-Cou
|-damage|p1a: Raille-Cou|55/100
|-unboost|p2a: Great Tusk|def|1
|-unboost|p2a: Great Tusk|spd|1
|move|p1a: Raille-Cou|Dragon Pulse|p2a: Great Tusk
|-damage|p2a: Great Tusk|0 fnt
|faint|p2a: Great Tusk
|-end|p2a: Great Tusk|Protosynthesis|[silent]
|
|-heal|p1a: Raille-Cou|61/100|[from] item: Leftovers
|upkeep
|
|t:|1758314536
|switch|p2a: Slither Wing|Slither Wing|65/100
|-status|p2a: Slither Wing|psn
|turn|17
|
|t:|1758314546
|move|p2a: Slither Wing|U-turn|p1a: Raille-Cou
|-resisted|p1a: Raille-Cou
|-crit|p1a: Raille-Cou
|-damage|p1a: Raille-Cou|20/100
|
|t:|1758314552
|-end|p2a: Slither Wing|Protosynthesis|[silent]
|switch|p2a: Walking Wake|Walking Wake|21/100|[from] U-turn
|-status|p2a: Walking Wake|psn
|move|p1a: Raille-Cou|Dragon Pulse|p2a: Walking Wake
|-supereffective|p2a: Walking Wake
|-damage|p2a: Walking Wake|0 fnt
|faint|p2a: Walking Wake
|-end|p2a: Walking Wake|Protosynthesis|[silent]
|
|-heal|p1a: Raille-Cou|26/100|[from] item: Leftovers
|upkeep
|
|t:|1758314553
|switch|p2a: Slither Wing|Slither Wing|65/100 psn
|turn|18
|
|t:|1758314556
|move|p1a: Raille-Cou|Thunderclap|p2a: Slither Wing
|-damage|p2a: Slither Wing|19/100 psn
|move|p2a: Slither Wing|Flare Blitz|p1a: Raille-Cou
|-damage|p1a: Raille-Cou|0 fnt
|faint|p1a: Raille-Cou
|-end|p1a: Raille-Cou|Protosynthesis|[silent]
|-damage|p2a: Slither Wing|9/100 psn|[from] Recoil
|
|-damage|p2a: Slither Wing|0 fnt|[from] psn
|faint|p2a: Slither Wing
|-end|p2a: Slither Wing|Protosynthesis|[silent]
|
|win|RoaringMoonlight2
|raw|RoaringMoonlight2's rating: 1681 &rarr; <strong>1703</strong><br />(+22 for winning)
|raw|bugcatcherweevil's rating: 1713 &rarr; <strong>1691</strong><br />(-22 for losing)
|c|☆RoaringMoonlight2|gg
|c|☆bugcatcherweevil|lol
|l|☆RoaringMoonlight2
|player|p1|
|l| Disscratch
