|j|☆beentheredonepat
|j|☆qxzwwzxq
|t:|1758350552
|gametype|singles
|player|p1|beentheredonepat|ethan|1096
|player|p2|qxzwwzxq|101|1147
|gen|9
|tier|[Gen 9] OU
|rated|
|rule|HP Percentage Mod: HP is shown in percentages
|rule|Endless Battle Clause: Forcing endless battles is banned
|rule|Species Clause: Limit one of each Pokémon
|rule|OHKO Clause: OHKO moves are banned
|rule|Evasion Items Clause: Evasion items are banned
|rule|Evasion Moves Clause: Evasion moves are banned
|rule|Evasion Abilities Clause: Evasion abilities are banned
|rule|Sleep Moves Clause: Sleep-inducing moves are banned
|clearpoke
|poke|p1|Wigglytuff, F|
|poke|p1|Ambipom, M|
|poke|p1|Maushold-Four|
|poke|p1|Snorlax, M|
|poke|p1|Indeedee, M|
|poke|p1|Ursaluna, M|
|poke|p2|Great Tusk|
|poke|p2|Raging Bolt|
|poke|p2|Walking Wake|
|poke|p2|Slither Wing|
|poke|p2|Torkoal, M|
|poke|p2|Sandy Shocks|
|teampreview
|inactive|Battle timer is ON: inactive players will automatically lose when time's up. (requested by qxzwwzxq)
|
|t:|1758350559
|teamsize|p1|6
|teamsize|p2|6
|start
|switch|p1a: Ambipom|Ambipom, M|100/100
|switch|p2a: 不是怎么你和另一个晴天手都在zu|Torkoal, M|100/100
|-weather|SunnyDay|[from] ability: Drought|[of] p2a: 不是怎么你和另一个晴天手都在zu
|turn|1
|
|t:|1758350569
|move|p1a: Ambipom|Fake Out|p2a: 不是怎么你和另一个晴天手都在zu
|-damage|p2a: 不是怎么你和另一个晴天手都在zu|78/100
|cant|p2a: 不是怎么你和另一个晴天手都在zu|flinch
|
|-weather|SunnyDay|[upkeep]
|upkeep
|turn|2
|
|t:|1758350575
|move|p1a: Ambipom|U-turn|p2a: 不是怎么你和另一个晴天手都在zu
|-resisted|p2a: 不是怎么你和另一个晴天手都在zu
|-damage|p2a: 不是怎么你和另一个晴天手都在zu|70/100
|
|t:|1758350579
|switch|p1a: Indeedee|Indeedee, M|100/100|[from] U-turn
|move|p2a: 不是怎么你和另一个晴天手都在zu|Stealth Rock|p1a: Indeedee
|-sidestart|p1: beentheredonepat|move: Stealth Rock
|
|-weather|SunnyDay|[upkeep]
|upkeep
|turn|3
|
|t:|1758350592
|switch|p2a: 虫刺！虫刺♿️♿️♿️|Slither Wing|100/100
|-activate|p2a: 虫刺！虫刺♿️♿️♿️|ability: Protosynthesis
|-start|p2a: 虫刺！虫刺♿️♿️♿️|protosynthesisatk
|move|p1a: Indeedee|Trick Room|p1a: Indeedee
|-fieldstart|move: Trick Room|[of] p1a: Indeedee
|
|-weather|SunnyDay|[upkeep]
|upkeep
|turn|4
|
|t:|1758350607
|move|p2a: 虫刺！虫刺♿️♿️♿️|First Impression|p1a: Indeedee
|-supereffective|p1a: Indeedee
|-enditem|p1a: Indeedee|Focus Sash
|-damage|p1a: Indeedee|1/100
|move|p1a: Indeedee|Healing Wish|p1a: Indeedee
|faint|p1a: Indeedee
|
|-weather|SunnyDay|[upkeep]
|upkeep
|
|t:|1758350619
|switch|p1a: Ursaluna|Ursaluna, M|100/100
|-damage|p1a: Ursaluna|94/100|[from] Stealth Rock
|turn|5
|
|t:|1758350626
|move|p2a: 虫刺！虫刺♿️♿️♿️|First Impression||[still]
|-hint|First Impression only works on your first turn out.
|-fail|p2a: 虫刺！虫刺♿️♿️♿️
|move|p1a: Ursaluna|Swords Dance|p1a: Ursaluna
|-boost|p1a: Ursaluna|atk|2
|
|-weather|SunnyDay|[upkeep]
|-status|p1a: Ursaluna|brn|[from] item: Flame Orb
|upkeep
|turn|6
|
|t:|1758350636
|move|p2a: 虫刺！虫刺♿️♿️♿️|First Impression||[still]
|-hint|First Impression only works on your first turn out.
|-fail|p2a: 虫刺！虫刺♿️♿️♿️
|move|p1a: Ursaluna|Facade|p2a: 虫刺！虫刺♿️♿️♿️
|-damage|p2a: 虫刺！虫刺♿️♿️♿️|0 fnt
|faint|p2a: 虫刺！虫刺♿️♿️♿️
|-end|p2a: 虫刺！虫刺♿️♿️♿️|Protosynthesis|[silent]
|
|-weather|SunnyDay|[upkeep]
|-damage|p1a: Ursaluna|88/100 brn|[from] brn
|upkeep
|
|t:|1758350654
|switch|p2a: 老爷爷，我给您踩背来喽！|Great Tusk|100/100
|-activate|p2a: 老爷爷，我给您踩背来喽！|ability: Protosynthesis
|-start|p2a: 老爷爷，我给您踩背来喽！|protosynthesisatk
|turn|7
|
|t:|1758350660
|move|p1a: Ursaluna|Facade|p2a: 老爷爷，我给您踩背来喽！
|-damage|p2a: 老爷爷，我给您踩背来喽！|0 fnt
|faint|p2a: 老爷爷，我给您踩背来喽！
|-end|p2a: 老爷爷，我给您踩背来喽！|Protosynthesis|[silent]
|
|-weather|SunnyDay|[upkeep]
|-damage|p1a: Ursaluna|82/100 brn|[from] brn
|-fieldend|move: Trick Room
|upkeep
|
|t:|1758350665
|switch|p2a: 怎么这年头水系也能进晴天队了|Walking Wake|100/100
|-activate|p2a: 怎么这年头水系也能进晴天队了|ability: Protosynthesis
|-start|p2a: 怎么这年头水系也能进晴天队了|protosynthesisspe
|turn|8
|
|t:|1758350672
|move|p2a: 怎么这年头水系也能进晴天队了|Hydro Steam|p1a: Ursaluna
|-supereffective|p1a: Ursaluna
|-damage|p1a: Ursaluna|0 fnt
|faint|p1a: Ursaluna
|
|-weather|none
|-end|p2a: 怎么这年头水系也能进晴天队了|Protosynthesis
|upkeep
|
|t:|1758350676
|switch|p1a: Ambipom|Ambipom, M|100/100
|-damage|p1a: Ambipom|88/100|[from] Stealth Rock
|turn|9
|
|t:|1758350680
|move|p1a: Ambipom|Fake Out|p2a: 怎么这年头水系也能进晴天队了
|-damage|p2a: 怎么这年头水系也能进晴天队了|72/100
|cant|p2a: 怎么这年头水系也能进晴天队了|flinch
|
|upkeep
|turn|10
|
|t:|1758350686
|move|p2a: 怎么这年头水系也能进晴天队了|Flip Turn|p1a: Ambipom
|-damage|p1a: Ambipom|71/100
|
|t:|1758350690
|-end|p2a: 怎么这年头水系也能进晴天队了|Protosynthesis|[silent]
|switch|p2a: 不是怎么你和另一个晴天手都在zu|Torkoal, M|70/100|[from] Flip Turn
|-weather|SunnyDay|[from] ability: Drought|[of] p2a: 不是怎么你和另一个晴天手都在zu
|move|p1a: Ambipom|Triple Axel|p2a: 不是怎么你和另一个晴天手都在zu
|-resisted|p2a: 不是怎么你和另一个晴天手都在zu
|-damage|p2a: 不是怎么你和另一个晴天手都在zu|66/100
|-hitcount|p2a: 不是怎么你和另一个晴天手都在zu|1
|
|-weather|SunnyDay|[upkeep]
|upkeep
|turn|11
|
|t:|1758350700
|move|p1a: Ambipom|U-turn|p2a: 不是怎么你和另一个晴天手都在zu
|-resisted|p2a: 不是怎么你和另一个晴天手都在zu
|-damage|p2a: 不是怎么你和另一个晴天手都在zu|58/100
|
|t:|1758350702
|switch|p1a: Maushold|Maushold-Four|100/100|[from] U-turn
|-damage|p1a: Maushold|88/100|[from] Stealth Rock
|move|p2a: 不是怎么你和另一个晴天手都在zu|Lava Plume|p1a: Maushold
|-damage|p1a: Maushold|37/100
|
|-weather|SunnyDay|[upkeep]
|upkeep
|turn|12
|
|t:|1758350709
|-terastallize|p1a: Maushold|Normal
|move|p1a: Maushold|Population Bomb|p2a: 不是怎么你和另一个晴天手都在zu
|-damage|p2a: 不是怎么你和另一个晴天手都在zu|41/100
|-damage|p2a: 不是怎么你和另一个晴天手都在zu|23/100
|-hitcount|p2a: 不是怎么你和另一个晴天手都在zu|2
|move|p2a: 不是怎么你和另一个晴天手都在zu|Lava Plume|p1a: Maushold
|-damage|p1a: Maushold|0 fnt
|faint|p1a: Maushold
|
|-weather|SunnyDay|[upkeep]
|upkeep
|
|t:|1758350718
|switch|p1a: Snorlax|Snorlax, M|100/100
|-damage|p1a: Snorlax|88/100|[from] Stealth Rock
|turn|13
|
|t:|1758350726
|switch|p2a: 小时候看见打空保险电磁炮吓哭了|Raging Bolt|100/100
|-activate|p2a: 小时候看见打空保险电磁炮吓哭了|ability: Protosynthesis
|-start|p2a: 小时候看见打空保险电磁炮吓哭了|protosynthesisspa
|move|p1a: Snorlax|Belly Drum|p1a: Snorlax
|-damage|p1a: Snorlax|38/100
|-setboost|p1a: Snorlax|atk|6|[from] move: Belly Drum
|
|-weather|SunnyDay|[upkeep]
|-heal|p1a: Snorlax|44/100|[from] item: Leftovers
|upkeep
|turn|14
|
|t:|1758350738
|move|p2a: 小时候看见打空保险电磁炮吓哭了|Draco Meteor|p1a: Snorlax
|-damage|p1a: Snorlax|0 fnt
|-unboost|p2a: 小时候看见打空保险电磁炮吓哭了|spa|2
|faint|p1a: Snorlax
|
|-weather|SunnyDay|[upkeep]
|upkeep
|
|t:|1758350741
|switch|p1a: Ambipom|Ambipom, M|71/100
|-heal|p1a: Ambipom|100/100|[from] move: Healing Wish
|-damage|p1a: Ambipom|88/100|[from] Stealth Rock
|turn|15
|
|t:|1758350746
|move|p1a: Ambipom|Fake Out|p2a: 小时候看见打空保险电磁炮吓哭了
|-damage|p2a: 小时候看见打空保险电磁炮吓哭了|77/100
|cant|p2a: 小时候看见打空保险电磁炮吓哭了|flinch
|
|-weather|SunnyDay|[upkeep]
|upkeep
|turn|16
|
|t:|1758350750
|move|p1a: Ambipom|Triple Axel|p2a: 小时候看见打空保险电磁炮吓哭了
|-supereffective|p2a: 小时候看见打空保险电磁炮吓哭了
|-damage|p2a: 小时候看见打空保险电磁炮吓哭了|62/100
|-supereffective|p2a: 小时候看见打空保险电磁炮吓哭了
|-damage|p2a: 小时候看见打空保险电磁炮吓哭了|31/100
|-supereffective|p2a: 小时候看见打空保险电磁炮吓哭了
|-damage|p2a: 小时候看见打空保险电磁炮吓哭了|0 fnt
|faint|p2a: 小时候看见打空保险电磁炮吓哭了
|-end|p2a: 小时候看见打空保险电磁炮吓哭了|Protosynthesis|[silent]
|-hitcount|p2: 小时候看见打空保险电磁炮吓哭了|3
|
|-weather|SunnyDay|[upkeep]
|upkeep
|
|t:|1758350758
|switch|p2a: 怎么这年头水系也能进晴天队了|Walking Wake|72/100
|-activate|p2a: 怎么这年头水系也能进晴天队了|ability: Protosynthesis
|-start|p2a: 怎么这年头水系也能进晴天队了|protosynthesisspe
|turn|17
|
|t:|1758350764
|switch|p1a: Wigglytuff|Wigglytuff, F|100/100
|-damage|p1a: Wigglytuff|88/100|[from] Stealth Rock
|move|p2a: 怎么这年头水系也能进晴天队了|Hydro Steam|p1a: Wigglytuff
|-damage|p1a: Wigglytuff|4/100
|
|-weather|none
|-end|p2a: 怎么这年头水系也能进晴天队了|Protosynthesis
|-heal|p1a: Wigglytuff|10/100|[from] item: Leftovers
|upkeep
|turn|18
|
|t:|1758350771
|move|p2a: 怎么这年头水系也能进晴天队了|Hydro Steam|p1a: Wigglytuff
|-damage|p1a: Wigglytuff|0 fnt
|faint|p1a: Wigglytuff
|
|upkeep
|
|t:|1758350773
|switch|p1a: Ambipom|Ambipom, M|88/100
|-damage|p1a: Ambipom|76/100|[from] Stealth Rock
|turn|19
|
|t:|1758350776
|-end|p2a: 怎么这年头水系也能进晴天队了|Protosynthesis|[silent]
|switch|p2a: 不是怎么你和另一个晴天手都在zu|Torkoal, M|23/100
|-weather|SunnyDay|[from] ability: Drought|[of] p2a: 不是怎么你和另一个晴天手都在zu
|move|p1a: Ambipom|Fake Out|p2a: 不是怎么你和另一个晴天手都在zu
|-damage|p2a: 不是怎么你和另一个晴天手都在zu|1/100
|
|-weather|SunnyDay|[upkeep]
|upkeep
|turn|20
|
|t:|1758350783
|move|p1a: Ambipom|U-turn|p2a: 不是怎么你和另一个晴天手都在zu
|-resisted|p2a: 不是怎么你和另一个晴天手都在zu
|-damage|p2a: 不是怎么你和另一个晴天手都在zu|0 fnt
|faint|p2a: 不是怎么你和另一个晴天手都在zu
|
|-weather|SunnyDay|[upkeep]
|upkeep
|
|t:|1758350787
|switch|p2a: 怎么这年头水系也能进晴天队了|Walking Wake|72/100
|-activate|p2a: 怎么这年头水系也能进晴天队了|ability: Protosynthesis
|-start|p2a: 怎么这年头水系也能进晴天队了|protosynthesisspe
|turn|21
|
|t:|1758350790
|move|p2a: 怎么这年头水系也能进晴天队了|Hydro Steam|p1a: Ambipom
|-damage|p1a: Ambipom|3/100
|move|p1a: Ambipom|Triple Axel|p2a: 怎么这年头水系也能进晴天队了|[miss]
|-miss|p1a: Ambipom|p2a: 怎么这年头水系也能进晴天队了
|
|-weather|SunnyDay|[upkeep]
|upkeep
|turn|22
|
|t:|1758350795
|move|p2a: 怎么这年头水系也能进晴天队了|Draco Meteor|p1a: Ambipom
|-damage|p1a: Ambipom|0 fnt
|-unboost|p2a: 怎么这年头水系也能进晴天队了|spa|2
|faint|p1a: Ambipom
|
|win|qxzwwzxq
|raw|beentheredonepat's rating: 1096 &rarr; <strong>1075</strong><br />(-21 for losing)
|raw|qxzwwzxq's rating: 1147 &rarr; <strong>1168</strong><br />(+21 for winning)
|l|☆qxzwwzxq
|player|p2|
|l|☆beentheredonepat
|player|p1|
|j|☆beentheredonepat
|player|p1|beentheredonepat|ethan|
|l|☆beentheredonepat
|player|p1|
