|j|☆jl2399go
|j|☆dudududd
|t:|1758308794
|gametype|singles
|player|p1|jl2399go|lance|1141
|player|p2|dudududd|cynthia-gen4|1156
|gen|9
|tier|[Gen 9] OU
|rated|
|rule|HP Percentage Mod: HP is shown in percentages
|rule|Endless Battle Clause: Forcing endless battles is banned
|rule|Species Clause: Limit one of each Pokémon
|rule|OHKO Clause: OHKO moves are banned
|rule|Evasion Items Clause: Evasion items are banned
|rule|Evasion Moves Clause: Evasion moves are banned
|rule|Evasion Abilities Clause: Evasion abilities are banned
|rule|Sleep Moves Clause: Sleep-inducing moves are banned
|clearpoke
|poke|p1|Gliscor, M|
|poke|p1|Grimmsnarl, M|
|poke|p1|Garchomp, F|
|poke|p1|Iron Valiant|
|poke|p1|Kingambit, F|
|poke|p1|Dragapult, M|
|poke|p2|Charizard, M|
|poke|p2|Decidueye, F|
|poke|p2|Chesnaught, F|
|poke|p2|Hydreigon, M|
|poke|p2|Tyranitar, F|
|poke|p2|Garchomp, M|
|teampreview
|c|☆jl2399go|goodluck
|inactive|Battle timer is ON: inactive players will automatically lose when time's up. (requested by jl2399go)
|
|t:|1758308810
|teamsize|p1|6
|teamsize|p2|6
|start
|switch|p1a: Grimmsnarl|Grimmsnarl, M|100/100
|switch|p2a: Charizard|Charizard, M|100/100
|turn|1
|
|t:|1758308817
|move|p1a: Grimmsnarl|Light Screen|p1a: Grimmsnarl
|-sidestart|p1: jl2399go|move: Light Screen
|move|p2a: Charizard|Dragon Dance|p2a: Charizard
|-boost|p2a: Charizard|atk|1
|-boost|p2a: Charizard|spe|1
|
|upkeep
|turn|2
|
|t:|1758308823
|move|p1a: Grimmsnarl|Reflect|p1a: Grimmsnarl
|-sidestart|p1: jl2399go|Reflect
|move|p2a: Charizard|Flare Blitz|p1a: Grimmsnarl
|-damage|p1a: Grimmsnarl|54/100
|-damage|p2a: Charizard|80/100|[from] Recoil
|-damage|p2a: Charizard|71/100|[from] item: Life Orb
|
|upkeep
|turn|3
|
|t:|1758308843
|move|p1a: Grimmsnarl|Parting Shot|p2a: Charizard
|-unboost|p2a: Charizard|atk|1
|-unboost|p2a: Charizard|spa|1
|
|t:|1758308846
|switch|p1a: Dragapult|Dragapult, M|100/100|[from] Parting Shot
|move|p2a: Charizard|Dragon Dance|p2a: Charizard
|-boost|p2a: Charizard|atk|1
|-boost|p2a: Charizard|spe|1
|
|upkeep
|turn|4
|
|t:|1758308853
|move|p2a: Charizard|Outrage|p1a: Dragapult
|-supereffective|p1a: Dragapult
|-crit|p1a: Dragapult
|-damage|p1a: Dragapult|0 fnt
|faint|p1a: Dragapult
|-damage|p2a: Charizard|61/100|[from] item: Life Orb
|
|upkeep
|c|☆jl2399go|idk what i was thinking there
|
|t:|1758308868
|switch|p1a: Iron Valiant|Iron Valiant|100/100
|-enditem|p1a: Iron Valiant|Booster Energy
|-activate|p1a: Iron Valiant|ability: Quark Drive|[fromitem]
|-start|p1a: Iron Valiant|quarkdrivespa
|turn|5
|
|t:|1758308874
|move|p2a: Charizard|Outrage|p1a: Iron Valiant|[from] lockedmove
|-immune|p1a: Iron Valiant
|-start|p2a: Charizard|confusion|[fatigue]
|move|p1a: Iron Valiant|Thunderbolt|p2a: Charizard
|-supereffective|p2a: Charizard
|-damage|p2a: Charizard|0 fnt
|faint|p2a: Charizard
|
|upkeep
|
|t:|1758308880
|switch|p2a: Decidueye|Decidueye, F|100/100
|turn|6
|
|t:|1758308890
|move|p1a: Iron Valiant|Moonblast|p2a: Decidueye
|-damage|p2a: Decidueye|45/100
|move|p2a: Decidueye|Shadow Ball|p1a: Iron Valiant
|-damage|p1a: Iron Valiant|76/100
|
|upkeep
|turn|7
|
|t:|1758308899
|move|p2a: Decidueye|Sucker Punch|p1a: Iron Valiant
|-resisted|p1a: Iron Valiant
|-damage|p1a: Iron Valiant|74/100
|move|p1a: Iron Valiant|Moonblast|p2a: Decidueye
|-damage|p2a: Decidueye|0 fnt
|faint|p2a: Decidueye
|
|upkeep
|
|t:|1758308903
|switch|p2a: Garchomp|Garchomp, M|100/100
|turn|8
|
|t:|1758308908
|-terastallize|p2a: Garchomp|Steel
|move|p2a: Garchomp|Iron Head|p1a: Iron Valiant
|-supereffective|p1a: Iron Valiant
|-damage|p1a: Iron Valiant|23/100
|move|p1a: Iron Valiant|Moonblast|p2a: Garchomp
|-resisted|p2a: Garchomp
|-damage|p2a: Garchomp|69/100
|
|-sideend|p1: jl2399go|move: Light Screen
|upkeep
|turn|9
|
|t:|1758308917
|move|p2a: Garchomp|Earthquake|p1a: Iron Valiant
|-damage|p1a: Iron Valiant|0 fnt
|faint|p1a: Iron Valiant
|-end|p1a: Iron Valiant|Quark Drive|[silent]
|
|-sideend|p1: jl2399go|Reflect
|upkeep
|
|t:|1758308922
|switch|p1a: Garchomp|Garchomp, F|100/100
|turn|10
|
|t:|1758308932
|move|p2a: Garchomp|Outrage|p1a: Garchomp
|-supereffective|p1a: Garchomp
|-enditem|p1a: Garchomp|Focus Sash
|-damage|p1a: Garchomp|1/100
|-damage|p2a: Garchomp|57/100|[from] ability: Rough Skin|[of] p1a: Garchomp
|move|p1a: Garchomp|Dragon Tail|p2a: Garchomp
|-resisted|p2a: Garchomp
|-damage|p2a: Garchomp|40/100
|-damage|p1a: Garchomp|0 fnt|[from] ability: Rough Skin|[of] p2a: Garchomp
|faint|p1a: Garchomp
|drag|p2a: Chesnaught|Chesnaught, F, shiny|100/100
|
|upkeep
|
|t:|1758308945
|switch|p1a: Gliscor|Gliscor, M|100/100
|turn|11
|
|t:|1758308949
|move|p1a: Gliscor|U-turn|p2a: Chesnaught
|-damage|p2a: Chesnaught|92/100
|
|t:|1758308954
|switch|p1a: Grimmsnarl|Grimmsnarl, M|54/100|[from] U-turn
|move|p2a: Chesnaught|Leech Seed|p1a: Grimmsnarl
|-start|p1a: Grimmsnarl|move: Leech Seed
|
|-heal|p2a: Chesnaught|98/100|[from] item: Leftovers
|-damage|p1a: Grimmsnarl|42/100|[from] Leech Seed|[of] p2a: Chesnaught
|-heal|p2a: Chesnaught|100/100|[silent]
|upkeep
|turn|12
|
|t:|1758308964
|move|p2a: Chesnaught|Body Press|p1a: Grimmsnarl
|-damage|p1a: Grimmsnarl|6/100
|move|p1a: Grimmsnarl|Spirit Break|p2a: Chesnaught
|-supereffective|p2a: Chesnaught
|-damage|p2a: Chesnaught|64/100
|-unboost|p2a: Chesnaught|spa|1
|
|-heal|p2a: Chesnaught|70/100|[from] item: Leftovers
|-damage|p1a: Grimmsnarl|0 fnt|[from] Leech Seed|[of] p2a: Chesnaught
|-heal|p2a: Chesnaught|75/100|[silent]
|faint|p1a: Grimmsnarl
|upkeep
|
|t:|1758308975
|switch|p1a: Gliscor|Gliscor, M|100/100
|turn|13
|
|t:|1758308983
|move|p1a: Gliscor|Toxic|p2a: Chesnaught
|-status|p2a: Chesnaught|tox
|move|p2a: Chesnaught|Leech Seed|p1a: Gliscor
|-start|p1a: Gliscor|move: Leech Seed
|
|-heal|p2a: Chesnaught|81/100 tox|[from] item: Leftovers
|-damage|p1a: Gliscor|88/100|[from] Leech Seed|[of] p2a: Chesnaught
|-heal|p2a: Chesnaught|92/100 tox|[silent]
|-damage|p2a: Chesnaught|86/100 tox|[from] psn
|-status|p1a: Gliscor|tox|[from] item: Toxic Orb
|upkeep
|turn|14
|
|t:|1758308995
|move|p1a: Gliscor|Protect|p1a: Gliscor
|-singleturn|p1a: Gliscor|Protect
|move|p2a: Chesnaught|Iron Defense|p2a: Chesnaught
|-boost|p2a: Chesnaught|def|2
|
|-heal|p2a: Chesnaught|92/100 tox|[from] item: Leftovers
|-damage|p1a: Gliscor|76/100 tox|[from] Leech Seed|[of] p2a: Chesnaught
|-heal|p2a: Chesnaught|100/100 tox|[silent]
|-heal|p1a: Gliscor|88/100 tox|[from] ability: Poison Heal
|-damage|p2a: Chesnaught|88/100 tox|[from] psn
|upkeep
|turn|15
|
|t:|1758309017
|move|p1a: Gliscor|U-turn|p2a: Chesnaught
|-damage|p2a: Chesnaught|83/100 tox
|
|t:|1758309019
|switch|p1a: Kingambit|Kingambit, F|100/100|[from] U-turn
|-activate|p1a: Kingambit|ability: Supreme Overlord
|-start|p1a: Kingambit|fallen4|[silent]
|move|p2a: Chesnaught|Body Press|p1a: Kingambit
|-supereffective|p1a: Kingambit
|-damage|p1a: Kingambit|0 fnt
|faint|p1a: Kingambit
|-end|p1a: Kingambit|fallen4|[silent]
|
|-heal|p2a: Chesnaught|89/100 tox|[from] item: Leftovers
|-damage|p2a: Chesnaught|71/100 tox|[from] psn
|upkeep
|
|t:|1758309029
|switch|p1a: Gliscor|Gliscor, M|88/100 tox
|turn|16
|
|t:|1758309033
|move|p1a: Gliscor|Earthquake|p2a: Chesnaught
|-resisted|p2a: Chesnaught
|-damage|p2a: Chesnaught|66/100 tox
|move|p2a: Chesnaught|Leech Seed|p1a: Gliscor
|-start|p1a: Gliscor|move: Leech Seed
|
|-heal|p2a: Chesnaught|72/100 tox|[from] item: Leftovers
|-damage|p1a: Gliscor|76/100 tox|[from] Leech Seed|[of] p2a: Chesnaught
|-heal|p2a: Chesnaught|83/100 tox|[silent]
|-heal|p1a: Gliscor|88/100 tox|[from] ability: Poison Heal
|-damage|p2a: Chesnaught|59/100 tox|[from] psn
|upkeep
|turn|17
|
|t:|1758309045
|move|p1a: Gliscor|Protect|p1a: Gliscor
|-singleturn|p1a: Gliscor|Protect
|move|p2a: Chesnaught|Body Press|p1a: Gliscor
|-activate|p1a: Gliscor|move: Protect
|
|-heal|p2a: Chesnaught|65/100 tox|[from] item: Leftovers
|-damage|p1a: Gliscor|76/100 tox|[from] Leech Seed|[of] p2a: Chesnaught
|-heal|p2a: Chesnaught|76/100 tox|[silent]
|-heal|p1a: Gliscor|88/100 tox|[from] ability: Poison Heal
|-damage|p2a: Chesnaught|46/100 tox|[from] psn
|upkeep
|turn|18
|
|t:|1758309062
|move|p1a: Gliscor|U-turn|p2a: Chesnaught
|-damage|p2a: Chesnaught|41/100 tox
|move|p2a: Chesnaught|Body Press|p1a: Gliscor
|-resisted|p1a: Gliscor
|-damage|p1a: Gliscor|59/100 tox
|
|-heal|p2a: Chesnaught|47/100 tox|[from] item: Leftovers
|-damage|p1a: Gliscor|47/100 tox|[from] Leech Seed|[of] p2a: Chesnaught
|-heal|p2a: Chesnaught|58/100 tox|[silent]
|-heal|p1a: Gliscor|59/100 tox|[from] ability: Poison Heal
|-damage|p2a: Chesnaught|22/100 tox|[from] psn
|upkeep
|turn|19
|
|t:|1758309073
|move|p1a: Gliscor|Protect|p1a: Gliscor
|-singleturn|p1a: Gliscor|Protect
|move|p2a: Chesnaught|Iron Defense|p2a: Chesnaught
|-boost|p2a: Chesnaught|def|2
|
|-heal|p2a: Chesnaught|28/100 tox|[from] item: Leftovers
|-damage|p1a: Gliscor|47/100 tox|[from] Leech Seed|[of] p2a: Chesnaught
|-heal|p2a: Chesnaught|39/100 tox|[silent]
|-heal|p1a: Gliscor|59/100 tox|[from] ability: Poison Heal
|-damage|p2a: Chesnaught|0 fnt|[from] psn
|faint|p2a: Chesnaught
|upkeep
|
|t:|1758309076
|switch|p2a: Hydreigon|Hydreigon, M|100/100
|turn|20
|
|t:|1758309089
|move|p2a: Hydreigon|Dark Pulse|p1a: Gliscor
|-damage|p1a: Gliscor|0 fnt
|faint|p1a: Gliscor
|-damage|p2a: Hydreigon|91/100|[from] item: Life Orb
|
|win|dudududd
|raw|jl2399go's rating: 1141 &rarr; <strong>1117</strong><br />(-24 for losing)
|raw|dudududd's rating: 1156 &rarr; <strong>1180</strong><br />(+24 for winning)
|c|☆jl2399go|gg
|l|☆dudududd
|player|p2|
|l|☆jl2399go
|player|p1|
