|j|☆poussinot
|j|☆Pokeenjoyment
|t:|1758354596
|gametype|singles
|player|p1|poussinot|n|1155
|player|p2|Pokeenjoyment|lass-gen4|1129
|gen|9
|tier|[Gen 9] OU
|rated|
|rule|HP Percentage Mod: HP is shown in percentages
|rule|Endless Battle Clause: Forcing endless battles is banned
|rule|Species Clause: Limit one of each Pokémon
|rule|OHKO Clause: OHKO moves are banned
|rule|Evasion Items Clause: Evasion items are banned
|rule|Evasion Moves Clause: Evasion moves are banned
|rule|Evasion Abilities Clause: Evasion abilities are banned
|rule|Sleep Moves Clause: Sleep-inducing moves are banned
|clearpoke
|poke|p1|Zamazenta-*|
|poke|p1|Ninetales-Alola, F|
|poke|p1|Darkrai|
|poke|p1|Ceruledge, F|
|poke|p1|Gliscor, M|
|poke|p1|Hatterene, F|
|poke|p2|Scizor, F|
|poke|p2|Ceruledge, M|
|poke|p2|Corviknight, M|
|poke|p2|Azumarill, M|
|poke|p2|Dragonite, M|
|poke|p2|Porygon-Z|
|teampreview
|
|t:|1758354605
|teamsize|p1|6
|teamsize|p2|6
|start
|switch|p1a: Hatterene|Hatterene, F|100/100
|switch|p2a: Slashy Slash|Ceruledge, M|100/100
|turn|1
|
|t:|1758354617
|move|p2a: Slashy Slash|Poltergeist|p1a: Hatterene
|-activate|p1a: Hatterene|move: Poltergeist|Leftovers
|-supereffective|p1a: Hatterene
|-damage|p1a: Hatterene|0 fnt
|faint|p1a: Hatterene
|
|upkeep
|
|t:|1758354624
|switch|p1a: Darkrai|Darkrai|100/100
|turn|2
|
|t:|1758354629
|move|p1a: Darkrai|Nasty Plot|p1a: Darkrai
|-boost|p1a: Darkrai|spa|2
|move|p2a: Slashy Slash|Close Combat|p1a: Darkrai
|-supereffective|p1a: Darkrai
|-damage|p1a: Darkrai|0 fnt
|-unboost|p2a: Slashy Slash|def|1
|-unboost|p2a: Slashy Slash|spd|1
|faint|p1a: Darkrai
|
|upkeep
|
|t:|1758354633
|switch|p1a: Ceruledge|Ceruledge, F|100/100
|turn|3
|
|t:|1758354642
|switch|p2a: Game Breaker|Porygon-Z, shiny|100/100
|-terastallize|p1a: Ceruledge|Bug
|move|p1a: Ceruledge|Shadow Sneak|p2a: Game Breaker
|-immune|p2a: Game Breaker
|
|upkeep
|turn|4
|
|t:|1758354649
|move|p1a: Ceruledge|Bitter Blade|p2a: Game Breaker
|-damage|p2a: Game Breaker|50/100
|move|p2a: Game Breaker|Shadow Ball|p1a: Ceruledge
|-damage|p1a: Ceruledge|75/100
|
|upkeep
|turn|5
|
|t:|1758354656
|switch|p2a: Walky Tank|Azumarill, M|100/100
|move|p1a: Ceruledge|Bitter Blade|p2a: Walky Tank
|-resisted|p2a: Walky Tank
|-damage|p2a: Walky Tank|81/100
|-heal|p1a: Ceruledge|86/100|[from] drain|[of] p2a: Walky Tank
|
|upkeep
|turn|6
|
|t:|1758354667
|switch|p1a: Ninetales|Ninetales-Alola, F|100/100
|-weather|Snowscape|[from] ability: Snow Warning|[of] p1a: Ninetales
|move|p2a: Walky Tank|Play Rough|p1a: Ninetales|[miss]
|-miss|p2a: Walky Tank|p1a: Ninetales
|
|-weather|Snowscape|[upkeep]
|upkeep
|turn|7
|
|t:|1758354673
|move|p1a: Ninetales|Aurora Veil|p1a: Ninetales
|-sidestart|p1: poussinot|move: Aurora Veil
|move|p2a: Walky Tank|Superpower|p1a: Ninetales
|-damage|p1a: Ninetales|78/100
|-unboost|p2a: Walky Tank|atk|1
|-unboost|p2a: Walky Tank|def|1
|-enditem|p2a: Walky Tank|White Herb
|-clearnegativeboost|p2a: Walky Tank|[silent]
|
|-weather|Snowscape|[upkeep]
|upkeep
|turn|8
|
|t:|1758354680
|move|p1a: Ninetales|Encore|p2a: Walky Tank
|-start|p2a: Walky Tank|Encore
|move|p2a: Walky Tank|Superpower|p1a: Ninetales
|-damage|p1a: Ninetales|58/100
|-unboost|p2a: Walky Tank|atk|1
|-unboost|p2a: Walky Tank|def|1
|
|-weather|Snowscape|[upkeep]
|upkeep
|turn|9
|
|t:|1758354685
|move|p1a: Ninetales|Freeze-Dry|p2a: Walky Tank
|-supereffective|p2a: Walky Tank
|-damage|p2a: Walky Tank|36/100
|move|p2a: Walky Tank|Superpower|p1a: Ninetales
|-damage|p1a: Ninetales|44/100
|-unboost|p2a: Walky Tank|atk|1
|-unboost|p2a: Walky Tank|def|1
|
|-weather|Snowscape|[upkeep]
|upkeep
|turn|10
|
|t:|1758354689
|move|p1a: Ninetales|Freeze-Dry|p2a: Walky Tank
|-supereffective|p2a: Walky Tank
|-damage|p2a: Walky Tank|0 fnt
|faint|p2a: Walky Tank
|
|-weather|none
|upkeep
|
|t:|1758354694
|switch|p2a: Game Breaker|Porygon-Z, shiny|50/100
|turn|11
|
|t:|1758354700
|move|p2a: Game Breaker|Tri Attack|p1a: Ninetales
|-damage|p1a: Ninetales|14/100
|move|p1a: Ninetales|Roar|p2a: Game Breaker
|drag|p2a: Slashy Slash|Ceruledge, M|100/100
|
|upkeep
|turn|12
|
|t:|1758354709
|move|p2a: Slashy Slash|Bitter Blade|p1a: Ninetales
|-supereffective|p1a: Ninetales
|-damage|p1a: Ninetales|0 fnt
|faint|p1a: Ninetales
|
|upkeep
|
|t:|1758354713
|switch|p1a: Gliscor|Gliscor, M|100/100
|turn|13
|
|t:|1758354719
|switch|p2a: Speedy Drake|Dragonite, M|100/100
|move|p1a: Gliscor|Swords Dance|p1a: Gliscor
|-boost|p1a: Gliscor|atk|2
|
|-status|p1a: Gliscor|tox|[from] item: Toxic Orb
|upkeep
|turn|14
|
|t:|1758354724
|move|p2a: Speedy Drake|Ice Spinner|p1a: Gliscor
|-supereffective|p1a: Gliscor
|-damage|p1a: Gliscor|58/100 tox
|move|p1a: Gliscor|Swords Dance|p1a: Gliscor
|-boost|p1a: Gliscor|atk|2
|
|-heal|p1a: Gliscor|71/100 tox|[from] ability: Poison Heal
|-sideend|p1: poussinot|move: Aurora Veil
|upkeep
|turn|15
|
|t:|1758354727
|move|p2a: Speedy Drake|Ice Spinner|p1a: Gliscor
|-supereffective|p1a: Gliscor
|-damage|p1a: Gliscor|0 fnt
|faint|p1a: Gliscor
|
|upkeep
|
|t:|1758354730
|switch|p1a: Zamazenta|Zamazenta|100/100
|-ability|p1a: Zamazenta|Dauntless Shield|boost
|-boost|p1a: Zamazenta|def|1
|turn|16
|-message|poussinot forfeited.
|
|win|Pokeenjoyment
|raw|poussinot's rating: 1155 &rarr; <strong>1128</strong><br />(-27 for losing)
|raw|Pokeenjoyment's rating: 1129 &rarr; <strong>1156</strong><br />(+27 for winning)
|l|☆poussinot
|player|p1|
