|j|☆Made in BraziL
|j|☆bena13
|t:|1758291116
|gametype|singles
|player|p1|Made in BraziL|gentleman|1318
|player|p2|bena13|2|1300
|gen|9
|tier|[Gen 9] OU
|rated|
|rule|HP Percentage Mod: HP is shown in percentages
|rule|Endless Battle Clause: Forcing endless battles is banned
|rule|Species Clause: Limit one of each Pokémon
|rule|OHKO Clause: OHKO moves are banned
|rule|Evasion Items Clause: Evasion items are banned
|rule|Evasion Moves Clause: Evasion moves are banned
|rule|Evasion Abilities Clause: Evasion abilities are banned
|rule|Sleep Moves Clause: Sleep-inducing moves are banned
|clearpoke
|poke|p1|Gyarados, F|
|poke|p1|Serperior, M|
|poke|p1|Blissey, F|
|poke|p1|Hippowdon, F|
|poke|p1|Jirachi|
|poke|p1|Garchomp, M|
|poke|p2|Spiritomb, F|
|poke|p2|Okidogi, M|
|poke|p2|Gastrodon, F|
|poke|p2|Vileplume, M|
|poke|p2|Salazzle, F|
|poke|p2|Regidrago|
|teampreview
|inactive|Battle timer is ON: inactive players will automatically lose when time's up. (requested by Made in BraziL)
|
|t:|1758291136
|teamsize|p1|6
|teamsize|p2|6
|start
|switch|p1a: Serperior|Serperior, M|100/100
|switch|p2a: Regidrago|Regidrago|100/100
|turn|1
|
|t:|1758291143
|move|p1a: Serperior|Glare|p2a: Regidrago
|-status|p2a: Regidrago|par
|move|p2a: Regidrago|Dragon Energy|p1a: Serperior
|-crit|p1a: Serperior
|-damage|p1a: Serperior|0 fnt
|faint|p1a: Serperior
|
|upkeep
|
|t:|1758291152
|switch|p1a: Hippowdon|Hippowdon, F|100/100
|-weather|Sandstorm|[from] ability: Sand Stream|[of] p1a: Hippowdon
|turn|2
|
|t:|1758291165
|-terastallize|p2a: Regidrago|Dragon
|move|p2a: Regidrago|Dragon Energy|p1a: Hippowdon
|-damage|p1a: Hippowdon|0 fnt
|faint|p1a: Hippowdon
|
|-weather|Sandstorm|[upkeep]
|-damage|p2a: Regidrago|94/100 par|[from] Sandstorm
|upkeep
|
|t:|1758291184
|switch|p1a: Garchomp|Garchomp, M|100/100
|turn|3
|
|t:|1758291195
|switch|p2a: Salazzle|Salazzle, F|100/100
|-terastallize|p1a: Garchomp|Steel
|move|p1a: Garchomp|Substitute|p1a: Garchomp
|-start|p1a: Garchomp|Substitute
|-damage|p1a: Garchomp|76/100
|
|-weather|Sandstorm|[upkeep]
|-damage|p2a: Salazzle|94/100|[from] Sandstorm
|upkeep
|turn|4
|
|t:|1758291207
|move|p2a: Salazzle|Fire Blast|p1a: Garchomp
|-supereffective|p1a: Garchomp
|-end|p1a: Garchomp|Substitute
|-damage|p2a: Salazzle|85/100|[from] item: Life Orb
|move|p1a: Garchomp|Scale Shot|p2a: Salazzle
|-damage|p2a: Salazzle|59/100
|-damage|p2a: Salazzle|35/100
|-damage|p2a: Salazzle|9/100
|-damage|p2a: Salazzle|0 fnt
|faint|p2a: Salazzle
|-hitcount|p2: Salazzle|4
|-unboost|p1a: Garchomp|def|1
|-boost|p1a: Garchomp|spe|1
|
|-weather|Sandstorm|[upkeep]
|upkeep
|
|t:|1758291224
|switch|p2a: Spiritomb|Spiritomb, F|100/100
|turn|5
|
|t:|1758291227
|move|p1a: Garchomp|Substitute|p1a: Garchomp
|-start|p1a: Garchomp|Substitute
|-damage|p1a: Garchomp|51/100
|move|p2a: Spiritomb|Will-O-Wisp|p1a: Garchomp
|-status|p1a: Garchomp|brn
|
|-weather|Sandstorm|[upkeep]
|-damage|p2a: Spiritomb|94/100|[from] Sandstorm
|-heal|p2a: Spiritomb|100/100|[from] item: Leftovers
|-damage|p1a: Garchomp|44/100 brn|[from] brn
|upkeep
|turn|6
|
|t:|1758291240
|switch|p1a: Blissey|Blissey, F|100/100
|move|p2a: Spiritomb|Foul Play|p1a: Blissey
|-damage|p1a: Blissey|98/100
|
|-weather|Sandstorm|[upkeep]
|-damage|p1a: Blissey|91/100|[from] Sandstorm
|-damage|p2a: Spiritomb|94/100|[from] Sandstorm
|-heal|p1a: Blissey|98/100|[from] item: Leftovers
|-heal|p2a: Spiritomb|100/100|[from] item: Leftovers
|upkeep
|turn|7
|
|t:|1758291251
|switch|p2a: Regidrago|Regidrago, tera:Dragon|94/100 par
|move|p1a: Blissey|Heal Bell|p1a: Blissey
|-activate|p1a: Blissey|move: Heal Bell
|-curestatus|p1: Garchomp|brn|[msg]
|
|-weather|Sandstorm|[upkeep]
|-damage|p2a: Regidrago|88/100 par|[from] Sandstorm
|-damage|p1a: Blissey|91/100|[from] Sandstorm
|-heal|p1a: Blissey|98/100|[from] item: Leftovers
|upkeep
|turn|8
|
|t:|1758291268
|switch|p1a: Jirachi|Jirachi|100/100
|cant|p2a: Regidrago|par
|
|-weather|Sandstorm|[upkeep]
|-damage|p2a: Regidrago|82/100 par|[from] Sandstorm
|upkeep
|turn|9
|
|t:|1758291282
|move|p1a: Jirachi|Iron Head|p2a: Regidrago
|-crit|p2a: Regidrago
|-damage|p2a: Regidrago|40/100 par
|cant|p2a: Regidrago|flinch
|
|-weather|none
|upkeep
|turn|10
|
|t:|1758291289
|move|p1a: Jirachi|Iron Head|p2a: Regidrago
|-damage|p2a: Regidrago|10/100 par
|cant|p2a: Regidrago|flinch
|
|upkeep
|turn|11
|
|t:|1758291295
|move|p1a: Jirachi|Iron Head|p2a: Regidrago
|-damage|p2a: Regidrago|0 fnt
|faint|p2a: Regidrago
|
|upkeep
|
|t:|1758291301
|switch|p2a: Vileplume|Vileplume, M|100/100
|turn|12
|
|t:|1758291307
|move|p1a: Jirachi|Body Slam|p2a: Vileplume
|-damage|p2a: Vileplume|86/100
|move|p2a: Vileplume|Leech Seed|p1a: Jirachi
|-start|p1a: Jirachi|move: Leech Seed
|
|-damage|p1a: Jirachi|88/100|[from] Leech Seed|[of] p2a: Vileplume
|-heal|p2a: Vileplume|100/100|[silent]
|upkeep
|turn|13
|
|t:|1758291315
|switch|p1a: Blissey|Blissey, F|98/100
|move|p2a: Vileplume|Leech Seed|p1a: Blissey
|-start|p1a: Blissey|move: Leech Seed
|
|-heal|p1a: Blissey|100/100|[from] item: Leftovers
|-damage|p1a: Blissey|88/100|[from] Leech Seed|[of] p2a: Vileplume
|upkeep
|turn|14
|
|t:|1758291329
|switch|p2a: Spiritomb|Spiritomb, F|100/100
|move|p1a: Blissey|Thunder Wave|p2a: Spiritomb
|-status|p2a: Spiritomb|par
|
|-heal|p1a: Blissey|94/100|[from] item: Leftovers
|-damage|p1a: Blissey|82/100|[from] Leech Seed|[of] p2a: Spiritomb
|upkeep
|turn|15
|
|t:|1758291338
|switch|p1a: Jirachi|Jirachi|88/100
|move|p2a: Spiritomb|Will-O-Wisp|p1a: Jirachi|[miss]
|-miss|p2a: Spiritomb|p1a: Jirachi
|
|-heal|p1a: Jirachi|94/100|[from] item: Leftovers
|upkeep
|turn|16
|
|t:|1758291347
|move|p1a: Jirachi|Iron Head|p2a: Spiritomb
|-damage|p2a: Spiritomb|80/100 par
|cant|p2a: Spiritomb|flinch
|
|-heal|p1a: Jirachi|100/100|[from] item: Leftovers
|-heal|p2a: Spiritomb|87/100 par|[from] item: Leftovers
|upkeep
|turn|17
|
|t:|1758291355
|move|p1a: Jirachi|Iron Head|p2a: Spiritomb
|-damage|p2a: Spiritomb|65/100 par
|cant|p2a: Spiritomb|flinch
|
|-heal|p2a: Spiritomb|71/100 par|[from] item: Leftovers
|upkeep
|turn|18
|
|t:|1758291363
|move|p1a: Jirachi|Iron Head|p2a: Spiritomb
|-damage|p2a: Spiritomb|49/100 par
|move|p2a: Spiritomb|Will-O-Wisp|p1a: Jirachi
|-status|p1a: Jirachi|brn
|
|-heal|p2a: Spiritomb|55/100 par|[from] item: Leftovers
|-damage|p1a: Jirachi|94/100 brn|[from] brn
|upkeep
|turn|19
|
|t:|1758291377
|switch|p2a: Vileplume|Vileplume, M|100/100
|move|p1a: Jirachi|Skill Swap|p2a: Vileplume
|-activate|p1a: Jirachi|move: Skill Swap|Effect Spore|Serene Grace|[of] p2a: Vileplume
|
|-heal|p1a: Jirachi|100/100 brn|[from] item: Leftovers
|-damage|p1a: Jirachi|94/100 brn|[from] brn
|upkeep
|turn|20
|
|t:|1758291386
|move|p1a: Jirachi|Body Slam|p2a: Vileplume
|-damage|p2a: Vileplume|92/100
|move|p2a: Vileplume|Leech Seed|p1a: Jirachi
|-start|p1a: Jirachi|move: Leech Seed
|
|-heal|p1a: Jirachi|100/100 brn|[from] item: Leftovers
|-damage|p1a: Jirachi|88/100 brn|[from] Leech Seed|[of] p2a: Vileplume
|-heal|p2a: Vileplume|100/100|[silent]
|-damage|p1a: Jirachi|82/100 brn|[from] brn
|upkeep
|turn|21
|
|t:|1758291397
|switch|p1a: Blissey|Blissey, F|82/100
|switch|p2a: Spiritomb|Spiritomb, F|55/100 par
|
|-heal|p1a: Blissey|88/100|[from] item: Leftovers
|-heal|p2a: Spiritomb|61/100 par|[from] item: Leftovers
|upkeep
|turn|22
|
|t:|1758291406
|move|p1a: Blissey|Heal Bell|p1a: Blissey
|-activate|p1a: Blissey|move: Heal Bell
|-curestatus|p1: Jirachi|brn|[msg]
|cant|p2a: Spiritomb|par
|
|-heal|p1a: Blissey|94/100|[from] item: Leftovers
|-heal|p2a: Spiritomb|68/100 par|[from] item: Leftovers
|upkeep
|turn|23
|
|t:|1758291418
|move|p1a: Blissey|Ice Beam|p2a: Spiritomb
|-damage|p2a: Spiritomb|50/100 par
|move|p2a: Spiritomb|Pain Split|p1a: Blissey
|-sethp|p1a: Blissey|58/100|[from] move: Pain Split|[silent]
|-sethp|p2a: Spiritomb|100/100 par|[from] move: Pain Split
|
|-heal|p1a: Blissey|64/100|[from] item: Leftovers
|upkeep
|turn|24
|
|t:|1758291427
|switch|p1a: Jirachi|Jirachi|82/100
|move|p2a: Spiritomb|Will-O-Wisp|p1a: Jirachi|[miss]
|-miss|p2a: Spiritomb|p1a: Jirachi
|
|-heal|p1a: Jirachi|88/100|[from] item: Leftovers
|upkeep
|turn|25
|
|t:|1758291436
|switch|p2a: Vileplume|Vileplume, M|100/100
|move|p1a: Jirachi|Iron Head|p2a: Vileplume
|-damage|p2a: Vileplume|81/100
|
|-heal|p1a: Jirachi|94/100|[from] item: Leftovers
|upkeep
|turn|26
|
|t:|1758291448
|move|p1a: Jirachi|Body Slam|p2a: Vileplume
|-damage|p2a: Vileplume|65/100
|move|p2a: Vileplume|Leech Seed|p1a: Jirachi|[miss]
|-miss|p2a: Vileplume|p1a: Jirachi
|
|-heal|p1a: Jirachi|100/100|[from] item: Leftovers
|upkeep
|turn|27
|
|t:|1758291457
|move|p1a: Jirachi|Body Slam|p2a: Vileplume
|-damage|p2a: Vileplume|50/100
|move|p2a: Vileplume|Leech Seed|p1a: Jirachi
|-start|p1a: Jirachi|move: Leech Seed
|
|-damage|p1a: Jirachi|88/100|[from] Leech Seed|[of] p2a: Vileplume
|-heal|p2a: Vileplume|64/100|[silent]
|upkeep
|turn|28
|
|t:|1758291466
|move|p1a: Jirachi|Body Slam|p2a: Vileplume
|-damage|p2a: Vileplume|49/100
|move|p2a: Vileplume|Strength Sap|p1a: Jirachi
|-unboost|p1a: Jirachi|atk|1
|-heal|p2a: Vileplume|100/100
|
|-heal|p1a: Jirachi|94/100|[from] item: Leftovers
|-damage|p1a: Jirachi|82/100|[from] Leech Seed|[of] p2a: Vileplume
|upkeep
|turn|29
|
|t:|1758291479
|switch|p1a: Garchomp|Garchomp, M, tera:Steel|44/100
|switch|p2a: Spiritomb|Spiritomb, F|100/100 par
|
|upkeep
|turn|30
|
|t:|1758291487
|move|p1a: Garchomp|Swords Dance|p1a: Garchomp
|-boost|p1a: Garchomp|atk|2
|move|p2a: Spiritomb|Foul Play|p1a: Garchomp
|-damage|p1a: Garchomp|0 fnt
|-damage|p2a: Spiritomb|88/100 par|[from] ability: Rough Skin|[of] p1a: Garchomp
|faint|p1a: Garchomp
|
|-heal|p2a: Spiritomb|94/100 par|[from] item: Leftovers
|upkeep
|
|t:|1758291498
|switch|p1a: UtGyarados|Gyarados, F, shiny|100/100
|turn|31
|
|t:|1758291507
|move|p1a: UtGyarados|Dragon Dance|p1a: UtGyarados
|-boost|p1a: UtGyarados|atk|1
|-boost|p1a: UtGyarados|spe|1
|move|p2a: Spiritomb|Will-O-Wisp|p1a: UtGyarados
|-status|p1a: UtGyarados|brn
|
|-heal|p2a: Spiritomb|100/100 par|[from] item: Leftovers
|-damage|p1a: UtGyarados|94/100 brn|[from] brn
|upkeep
|turn|32
|
|t:|1758291517
|move|p1a: UtGyarados|Waterfall|p2a: Spiritomb
|-damage|p2a: Spiritomb|78/100 par
|cant|p2a: Spiritomb|par
|
|-heal|p1a: UtGyarados|100/100 brn|[from] item: Leftovers
|-heal|p2a: Spiritomb|85/100 par|[from] item: Leftovers
|-damage|p1a: UtGyarados|94/100 brn|[from] brn
|upkeep
|turn|33
|
|t:|1758291526
|move|p1a: UtGyarados|Waterfall|p2a: Spiritomb
|-damage|p2a: Spiritomb|59/100 par
|cant|p2a: Spiritomb|flinch
|
|-heal|p1a: UtGyarados|100/100 brn|[from] item: Leftovers
|-heal|p2a: Spiritomb|66/100 par|[from] item: Leftovers
|-damage|p1a: UtGyarados|94/100 brn|[from] brn
|upkeep
|turn|34
|
|t:|1758291538
|move|p1a: UtGyarados|Waterfall|p2a: Spiritomb
|-damage|p2a: Spiritomb|43/100 par
|move|p2a: Spiritomb|Foul Play|p1a: UtGyarados
|-damage|p1a: UtGyarados|4/100 brn
|
|-heal|p1a: UtGyarados|10/100 brn|[from] item: Leftovers
|-heal|p2a: Spiritomb|50/100 par|[from] item: Leftovers
|-damage|p1a: UtGyarados|4/100 brn|[from] brn
|upkeep
|turn|35
|
|t:|1758291556
|switch|p2a: Vileplume|Vileplume, M|100/100
|move|p1a: UtGyarados|Waterfall|p2a: Vileplume
|-resisted|p2a: Vileplume
|-damage|p2a: Vileplume|89/100
|
|-heal|p1a: UtGyarados|10/100 brn|[from] item: Leftovers
|-damage|p1a: UtGyarados|4/100 brn|[from] brn
|upkeep
|turn|36
|
|t:|1758291567
|move|p1a: UtGyarados|Earthquake|p2a: Vileplume
|-damage|p2a: Vileplume|71/100
|move|p2a: Vileplume|Leech Seed|p1a: UtGyarados
|-start|p1a: UtGyarados|move: Leech Seed
|
|-heal|p1a: UtGyarados|10/100 brn|[from] item: Leftovers
|-damage|p1a: UtGyarados|0 fnt|[from] Leech Seed|[of] p2a: Vileplume
|-heal|p2a: Vileplume|81/100|[silent]
|faint|p1a: UtGyarados
|upkeep
|
|t:|1758291575
|switch|p1a: Jirachi|Jirachi|82/100
|turn|37
|
|t:|1758291580
|move|p1a: Jirachi|Body Slam|p2a: Vileplume
|-damage|p2a: Vileplume|65/100
|move|p2a: Vileplume|Leech Seed|p1a: Jirachi
|-start|p1a: Jirachi|move: Leech Seed
|
|-heal|p1a: Jirachi|88/100|[from] item: Leftovers
|-damage|p1a: Jirachi|76/100|[from] Leech Seed|[of] p2a: Vileplume
|-heal|p2a: Vileplume|79/100|[silent]
|upkeep
|turn|38
|
|t:|1758291589
|switch|p1a: Blissey|Blissey, F|64/100
|move|p2a: Vileplume|Giga Drain|p1a: Blissey
|-damage|p1a: Blissey|53/100
|-heal|p2a: Vileplume|89/100|[from] drain|[of] p1a: Blissey
|
|-heal|p1a: Blissey|60/100|[from] item: Leftovers
|upkeep
|turn|39
|
|t:|1758291599
|switch|p2a: Spiritomb|Spiritomb, F|50/100 par
|move|p1a: Blissey|Thunder Wave|p2a: Spiritomb|[miss]
|-miss|p1a: Blissey|p2a: Spiritomb
|
|-heal|p1a: Blissey|66/100|[from] item: Leftovers
|-heal|p2a: Spiritomb|56/100 par|[from] item: Leftovers
|upkeep
|turn|40
|
|t:|1758291607
|switch|p1a: Jirachi|Jirachi|76/100
|cant|p2a: Spiritomb|par
|
|-heal|p1a: Jirachi|82/100|[from] item: Leftovers
|-heal|p2a: Spiritomb|62/100 par|[from] item: Leftovers
|upkeep
|turn|41
|
|t:|1758291616
|switch|p2a: Vileplume|Vileplume, M|89/100
|move|p1a: Jirachi|Iron Head|p2a: Vileplume
|-damage|p2a: Vileplume|68/100
|
|-heal|p1a: Jirachi|88/100|[from] item: Leftovers
|upkeep
|turn|42
|
|t:|1758291627
|move|p1a: Jirachi|Iron Head|p2a: Vileplume
|-damage|p2a: Vileplume|47/100
|move|p2a: Vileplume|Strength Sap|p1a: Jirachi
|-unboost|p1a: Jirachi|atk|1
|-heal|p2a: Vileplume|100/100
|
|-heal|p1a: Jirachi|94/100|[from] item: Leftovers
|upkeep
|turn|43
|
|t:|1758291637
|move|p1a: Jirachi|Charge Beam|p2a: Vileplume
|-resisted|p2a: Vileplume
|-damage|p2a: Vileplume|95/100
|-boost|p1a: Jirachi|spa|1
|move|p2a: Vileplume|Leech Seed|p1a: Jirachi
|-start|p1a: Jirachi|move: Leech Seed
|
|-heal|p1a: Jirachi|100/100|[from] item: Leftovers
|-damage|p1a: Jirachi|88/100|[from] Leech Seed|[of] p2a: Vileplume
|-heal|p2a: Vileplume|100/100|[silent]
|upkeep
|turn|44
|
|t:|1758291650
|switch|p1a: Blissey|Blissey, F|66/100
|switch|p2a: Okidogi|Okidogi, M|100/100
|
|-heal|p1a: Blissey|72/100|[from] item: Leftovers
|upkeep
|turn|45
|
|t:|1758291659
|move|p2a: Okidogi|Drain Punch|p1a: Blissey
|-supereffective|p1a: Blissey
|-damage|p1a: Blissey|17/100
|move|p1a: Blissey|Thunder Wave|p2a: Okidogi
|-status|p2a: Okidogi|par
|
|-heal|p1a: Blissey|23/100|[from] item: Leftovers
|upkeep
|turn|46
|
|t:|1758291668
|move|p1a: Blissey|Rest|p1a: Blissey
|-status|p1a: Blissey|slp|[from] move: Rest
|-heal|p1a: Blissey|100/100 slp|[silent]
|cant|p2a: Okidogi|par
|
|upkeep
|turn|47
|
|t:|1758291675
|-curestatus|p1a: Blissey|slp|[from] ability: Natural Cure
|switch|p1a: Jirachi|Jirachi|88/100
|move|p2a: Okidogi|Knock Off|p1a: Jirachi
|-supereffective|p1a: Jirachi
|-damage|p1a: Jirachi|40/100
|-enditem|p1a: Jirachi|Leftovers|[from] move: Knock Off|[of] p2a: Okidogi
|
|upkeep
|turn|48
|
|t:|1758291684
|switch|p2a: Vileplume|Vileplume, M|100/100
|move|p1a: Jirachi|Iron Head|p2a: Vileplume
|-damage|p2a: Vileplume|78/100
|
|upkeep
|turn|49
|
|t:|1758291690
|move|p1a: Jirachi|Body Slam|p2a: Vileplume
|-damage|p2a: Vileplume|62/100
|-status|p1a: Jirachi|par|[from] ability: Effect Spore|[of] p2a: Vileplume
|move|p2a: Vileplume|Leech Seed|p1a: Jirachi
|-start|p1a: Jirachi|move: Leech Seed
|
|-damage|p1a: Jirachi|27/100 par|[from] Leech Seed|[of] p2a: Vileplume
|-heal|p2a: Vileplume|76/100|[silent]
|upkeep
|turn|50
|-message|Made in BraziL forfeited.
|
|win|bena13
|raw|Made in BraziL's rating: 1318 &rarr; <strong>1297</strong><br />(-21 for losing)
|raw|bena13's rating: 1300 &rarr; <strong>1326</strong><br />(+26 for winning)
|l|☆Made in BraziL
|player|p1|
