|j|‽Conspiracy 9/11
|j|☆aaron200589
|t:|1758273664
|gametype|singles
|player|p1|Conspiracy 9/11|2|1306
|player|p2|aaron200589|giovanni|1310
|gen|9
|tier|[Gen 9] OU
|rated|
|rule|HP Percentage Mod: HP is shown in percentages
|rule|Endless Battle Clause: Forcing endless battles is banned
|rule|Species Clause: Limit one of each Pokémon
|rule|OHKO Clause: OHKO moves are banned
|rule|Evasion Items Clause: Evasion items are banned
|rule|Evasion Moves Clause: Evasion moves are banned
|rule|Evasion Abilities Clause: Evasion abilities are banned
|rule|Sleep Moves Clause: Sleep-inducing moves are banned
|clearpoke
|poke|p1|Zamazenta-*|
|poke|p1|Ninetales-Alola, M|
|poke|p1|Darkrai|
|poke|p1|Ceruledge, F|
|poke|p1|Gliscor, M|
|poke|p1|Hatterene, F|
|poke|p2|Alomomola, F|
|poke|p2|Torkoal, M|
|poke|p2|Walking Wake|
|poke|p2|Great Tusk|
|poke|p2|Leafeon, F|
|poke|p2|Skeledirge, M|
|teampreview
|
|t:|1758273671
|teamsize|p1|6
|teamsize|p2|6
|start
|switch|p1a: Ninetales|Ninetales-Alola, M|100/100
|switch|p2a: Torkoal|Torkoal, M|100/100
|-weather|Snowscape|[from] ability: Snow Warning|[of] p1a: Ninetales
|-weather|SunnyDay|[from] ability: Drought|[of] p2a: Torkoal
|turn|1
|inactive|Battle timer is ON: inactive players will automatically lose when time's up. (requested by Conspiracy 9/11)
|
|t:|1758273687
|switch|p1a: Hatterene|Hatterene, F|100/100
|move|p2a: Torkoal|Stealth Rock|p1a: Hatterene
|move|p1a: Hatterene|Stealth Rock|p2a: Torkoal|[from] ability: Magic Bounce
|-sidestart|p2: aaron200589|move: Stealth Rock
|
|-weather|SunnyDay|[upkeep]
|upkeep
|turn|2
|
|t:|1758273696
|switch|p1a: Ceruledge|Ceruledge, F|100/100
|move|p2a: Torkoal|Rapid Spin|p1a: Ceruledge
|-immune|p1a: Ceruledge
|
|-weather|SunnyDay|[upkeep]
|upkeep
|turn|3
|
|t:|1758273704
|switch|p2a: Walking Wake|Walking Wake|100/100
|-damage|p2a: Walking Wake|88/100|[from] Stealth Rock
|-activate|p2a: Walking Wake|ability: Protosynthesis
|-start|p2a: Walking Wake|protosynthesisspe
|move|p1a: Ceruledge|Taunt|p2a: Walking Wake
|-start|p2a: Walking Wake|move: Taunt
|
|-weather|SunnyDay|[upkeep]
|upkeep
|turn|4
|
|t:|1758273715
|switch|p1a: Ninetales|Ninetales-Alola, M|100/100
|-weather|Snowscape|[from] ability: Snow Warning|[of] p1a: Ninetales
|-end|p2a: Walking Wake|Protosynthesis
|move|p2a: Walking Wake|Hydro Steam|p1a: Ninetales
|-damage|p1a: Ninetales|53/100
|
|-weather|Snowscape|[upkeep]
|upkeep
|turn|5
|
|t:|1758273725
|move|p1a: Ninetales|Freeze-Dry|p2a: Walking Wake
|-supereffective|p2a: Walking Wake
|-damage|p2a: Walking Wake|0 fnt
|faint|p2a: Walking Wake
|-end|p2a: Walking Wake|Protosynthesis|[silent]
|
|-weather|Snowscape|[upkeep]
|upkeep
|
|t:|1758273734
|switch|p2a: Torkoal|Torkoal, M|100/100
|-damage|p2a: Torkoal|75/100|[from] Stealth Rock
|-weather|SunnyDay|[from] ability: Drought|[of] p2a: Torkoal
|turn|6
|
|t:|1758273742
|switch|p1a: Ceruledge|Ceruledge, F|100/100
|move|p2a: Torkoal|Stealth Rock|p1a: Ceruledge
|-sidestart|p1: Conspiracy 9/11|move: Stealth Rock
|
|-weather|SunnyDay|[upkeep]
|upkeep
|turn|7
|
|t:|1758273752
|switch|p2a: Skeledirge|Skeledirge, M|100/100
|move|p1a: Ceruledge|Bulk Up|p1a: Ceruledge
|-boost|p1a: Ceruledge|atk|1
|-boost|p1a: Ceruledge|def|1
|
|-weather|SunnyDay|[upkeep]
|upkeep
|turn|8
|
|t:|1758273763
|switch|p1a: Darkrai|Darkrai|100/100
|-damage|p1a: Darkrai|88/100|[from] Stealth Rock
|-terastallize|p2a: Skeledirge|Fairy
|move|p2a: Skeledirge|Roar|p1a: Darkrai
|drag|p1a: Ceruledge|Ceruledge, F|100/100
|-damage|p1a: Ceruledge|76/100|[from] Stealth Rock
|
|-weather|SunnyDay|[upkeep]
|upkeep
|turn|9
|
|t:|1758273775
|move|p1a: Ceruledge|Bitter Blade|p2a: Skeledirge
|-damage|p2a: Skeledirge|65/100
|-heal|p1a: Ceruledge|97/100|[from] drain|[of] p2a: Skeledirge
|move|p2a: Skeledirge|Shadow Ball|p1a: Ceruledge
|-supereffective|p1a: Ceruledge
|-damage|p1a: Ceruledge|47/100
|
|-weather|SunnyDay|[upkeep]
|upkeep
|turn|10
|
|t:|1758273785
|move|p1a: Ceruledge|Bitter Blade|p2a: Skeledirge
|-damage|p2a: Skeledirge|31/100
|-heal|p1a: Ceruledge|67/100|[from] drain|[of] p2a: Skeledirge
|move|p2a: Skeledirge|Shadow Ball|p1a: Ceruledge
|-supereffective|p1a: Ceruledge
|-damage|p1a: Ceruledge|19/100
|
|-weather|none
|upkeep
|turn|11
|
|t:|1758273796
|move|p1a: Ceruledge|Taunt|p2a: Skeledirge
|-start|p2a: Skeledirge|move: Taunt
|cant|p2a: Skeledirge|move: Taunt|Slack Off
|
|upkeep
|turn|12
|
|t:|1758273802
|move|p1a: Ceruledge|Bitter Blade|p2a: Skeledirge
|-damage|p2a: Skeledirge|8/100
|-heal|p1a: Ceruledge|33/100|[from] drain|[of] p2a: Skeledirge
|move|p2a: Skeledirge|Shadow Ball|p1a: Ceruledge
|-supereffective|p1a: Ceruledge
|-crit|p1a: Ceruledge
|-damage|p1a: Ceruledge|0 fnt
|faint|p1a: Ceruledge
|
|upkeep
|
|t:|1758273818
|switch|p1a: Darkrai|Darkrai|88/100
|-damage|p1a: Darkrai|76/100|[from] Stealth Rock
|turn|13
|
|t:|1758273828
|switch|p2a: Alomomola|Alomomola, F|100/100
|move|p1a: Darkrai|Dark Pulse|p2a: Alomomola
|-damage|p2a: Alomomola|45/100
|
|-heal|p1a: Darkrai|82/100|[from] item: Leftovers
|upkeep
|turn|14
|
|t:|1758273836
|move|p2a: Alomomola|Protect|p2a: Alomomola
|-singleturn|p2a: Alomomola|Protect
|move|p1a: Darkrai|Dark Pulse|p2a: Alomomola
|-activate|p2a: Alomomola|move: Protect
|
|-heal|p1a: Darkrai|88/100|[from] item: Leftovers
|upkeep
|turn|15
|
|t:|1758273847
|switch|p2a: Great Tusk|Great Tusk|100/100
|move|p1a: Darkrai|Dark Pulse|p2a: Great Tusk
|-resisted|p2a: Great Tusk
|-damage|p2a: Great Tusk|74/100
|
|-heal|p1a: Darkrai|94/100|[from] item: Leftovers
|upkeep
|turn|16
|
|t:|1758273856
|move|p1a: Darkrai|Psyshock|p2a: Great Tusk
|-supereffective|p2a: Great Tusk
|-damage|p2a: Great Tusk|38/100
|move|p2a: Great Tusk|Rapid Spin|p1a: Darkrai
|-damage|p1a: Darkrai|76/100
|-boost|p2a: Great Tusk|spe|1
|-sideend|p2: aaron200589|Stealth Rock|[from] move: Rapid Spin|[of] p2a: Great Tusk
|
|-heal|p1a: Darkrai|82/100|[from] item: Leftovers
|upkeep
|turn|17
|
|t:|1758273873
|-terastallize|p1a: Darkrai|Poison
|move|p2a: Great Tusk|Headlong Rush|p1a: Darkrai
|-supereffective|p1a: Darkrai
|-damage|p1a: Darkrai|0 fnt
|-unboost|p2a: Great Tusk|def|1
|-unboost|p2a: Great Tusk|spd|1
|faint|p1a: Darkrai
|
|upkeep
|
|t:|1758273876
|switch|p1a: Zamazenta|Zamazenta|100/100
|-damage|p1a: Zamazenta|94/100|[from] Stealth Rock
|-ability|p1a: Zamazenta|Dauntless Shield|boost
|-boost|p1a: Zamazenta|def|1
|turn|18
|
|t:|1758273893
|-end|p2a: Great Tusk|Protosynthesis|[silent]
|switch|p2a: Alomomola|Alomomola, F|79/100
|move|p1a: Zamazenta|Iron Defense|p1a: Zamazenta
|-boost|p1a: Zamazenta|def|2
|
|upkeep
|turn|19
|
|t:|1758273899
|move|p1a: Zamazenta|Body Press|p2a: Alomomola
|-damage|p2a: Alomomola|31/100
|move|p2a: Alomomola|Wish|p2a: Alomomola
|
|upkeep
|turn|20
|
|t:|1758273905
|move|p2a: Alomomola|Protect|p2a: Alomomola
|-singleturn|p2a: Alomomola|Protect
|move|p1a: Zamazenta|Body Press|p2a: Alomomola
|-activate|p2a: Alomomola|move: Protect
|
|-heal|p2a: Alomomola|81/100|[from] move: Wish|[wisher] Alomomola
|upkeep
|turn|21
|
|t:|1758273914
|move|p1a: Zamazenta|Body Press|p2a: Alomomola
|-damage|p2a: Alomomola|37/100
|move|p2a: Alomomola|Wish|p2a: Alomomola
|
|upkeep
|turn|22
|
|t:|1758273922
|switch|p2a: Skeledirge|Skeledirge, M, tera:Fairy|8/100
|move|p1a: Zamazenta|Iron Defense|p1a: Zamazenta
|-boost|p1a: Zamazenta|def|2
|
|-heal|p2a: Skeledirge|73/100|[from] move: Wish|[wisher] Alomomola
|upkeep
|turn|23
|
|t:|1758273931
|switch|p1a: Hatterene|Hatterene, F|100/100
|-damage|p1a: Hatterene|88/100|[from] Stealth Rock
|move|p2a: Skeledirge|Roar|p1a: Hatterene
|move|p1a: Hatterene|Roar|p2a: Skeledirge|[from] ability: Magic Bounce
|drag|p2a: Great Tusk|Great Tusk|38/100
|
|-heal|p1a: Hatterene|94/100|[from] item: Leftovers
|upkeep
|turn|24
|
|t:|1758273944
|move|p2a: Great Tusk|Knock Off|p1a: Hatterene
|-damage|p1a: Hatterene|70/100
|-enditem|p1a: Hatterene|Leftovers|[from] move: Knock Off|[of] p2a: Great Tusk
|move|p1a: Hatterene|Draining Kiss|p2a: Great Tusk
|-supereffective|p2a: Great Tusk
|-damage|p2a: Great Tusk|0 fnt
|-heal|p1a: Hatterene|100/100|[from] drain|[of] p2a: Great Tusk
|faint|p2a: Great Tusk
|-end|p2a: Great Tusk|Protosynthesis|[silent]
|
|upkeep
|
|t:|1758273956
|switch|p2a: Torkoal|Torkoal, M|75/100
|-weather|SunnyDay|[from] ability: Drought|[of] p2a: Torkoal
|turn|25
|
|t:|1758273962
|move|p1a: Hatterene|Calm Mind|p1a: Hatterene
|-boost|p1a: Hatterene|spa|1
|-boost|p1a: Hatterene|spd|1
|move|p2a: Torkoal|Shell Smash|p2a: Torkoal
|-unboost|p2a: Torkoal|def|1
|-unboost|p2a: Torkoal|spd|1
|-boost|p2a: Torkoal|atk|2
|-boost|p2a: Torkoal|spa|2
|-boost|p2a: Torkoal|spe|2
|-enditem|p2a: Torkoal|Eject Pack
|
|t:|1758273972
|switch|p2a: Leafeon|Leafeon, F|100/100
|
|-weather|SunnyDay|[upkeep]
|upkeep
|turn|26
|
|t:|1758273992
|move|p2a: Leafeon|Copycat|p2a: Leafeon
|move|p2a: Leafeon|Shell Smash|p2a: Leafeon|[from] move: Copycat
|-unboost|p2a: Leafeon|def|1
|-unboost|p2a: Leafeon|spd|1
|-boost|p2a: Leafeon|atk|2
|-boost|p2a: Leafeon|spa|2
|-boost|p2a: Leafeon|spe|2
|-enditem|p2a: Leafeon|White Herb
|-clearnegativeboost|p2a: Leafeon|[silent]
|move|p1a: Hatterene|Draining Kiss|p2a: Leafeon
|-damage|p2a: Leafeon|34/100
|
|-weather|SunnyDay|[upkeep]
|upkeep
|turn|27
|
|t:|1758274010
|move|p2a: Leafeon|Leaf Blade|p1a: Hatterene
|-damage|p1a: Hatterene|18/100
|move|p1a: Hatterene|Draining Kiss|p2a: Leafeon
|-damage|p2a: Leafeon|0 fnt
|-heal|p1a: Hatterene|40/100|[from] drain|[of] p2a: Leafeon
|faint|p2a: Leafeon
|
|-weather|SunnyDay|[upkeep]
|upkeep
|
|t:|1758274024
|switch|p2a: Skeledirge|Skeledirge, M, tera:Fairy|73/100
|turn|28
|
|t:|1758274033
|move|p2a: Skeledirge|Torch Song|p1a: Hatterene
|-damage|p1a: Hatterene|0 fnt
|-boost|p2a: Skeledirge|spa|1
|faint|p1a: Hatterene
|
|-weather|SunnyDay|[upkeep]
|upkeep
|
|t:|1758274038
|switch|p1a: Ninetales|Ninetales-Alola, M|53/100
|-damage|p1a: Ninetales|28/100|[from] Stealth Rock
|-weather|Snowscape|[from] ability: Snow Warning|[of] p1a: Ninetales
|turn|29
|
|t:|1758274047
|switch|p2a: Torkoal|Torkoal, M|75/100
|-weather|SunnyDay|[from] ability: Drought|[of] p2a: Torkoal
|move|p1a: Ninetales|Freeze-Dry|p2a: Torkoal
|-resisted|p2a: Torkoal
|-damage|p2a: Torkoal|63/100
|
|-weather|SunnyDay|[upkeep]
|upkeep
|turn|30
|
|t:|1758274067
|move|p1a: Ninetales|Freeze-Dry|p2a: Torkoal
|-resisted|p2a: Torkoal
|-damage|p2a: Torkoal|50/100
|move|p2a: Torkoal|Will-O-Wisp|p1a: Ninetales|[miss]
|-miss|p2a: Torkoal|p1a: Ninetales
|
|-weather|SunnyDay|[upkeep]
|upkeep
|turn|31
|
|t:|1758274076
|move|p1a: Ninetales|Encore|p2a: Torkoal
|-start|p2a: Torkoal|Encore
|move|p2a: Torkoal|Will-O-Wisp|p1a: Ninetales
|-status|p1a: Ninetales|brn
|
|-weather|SunnyDay|[upkeep]
|-damage|p1a: Ninetales|22/100 brn|[from] brn
|upkeep
|turn|32
|
|t:|1758274085
|switch|p2a: Alomomola|Alomomola, F|71/100
|move|p1a: Ninetales|Freeze-Dry|p2a: Alomomola
|-supereffective|p2a: Alomomola
|-damage|p2a: Alomomola|20/100
|
|-weather|SunnyDay|[upkeep]
|-damage|p1a: Ninetales|16/100 brn|[from] brn
|upkeep
|turn|33
|
|t:|1758274095
|move|p2a: Alomomola|Protect|p2a: Alomomola
|-singleturn|p2a: Alomomola|Protect
|move|p1a: Ninetales|Freeze-Dry|p2a: Alomomola
|-activate|p2a: Alomomola|move: Protect
|
|-weather|none
|-damage|p1a: Ninetales|10/100 brn|[from] brn
|upkeep
|turn|34
|
|t:|1758274104
|switch|p2a: Torkoal|Torkoal, M|50/100
|-weather|SunnyDay|[from] ability: Drought|[of] p2a: Torkoal
|move|p1a: Ninetales|Freeze-Dry|p2a: Torkoal
|-resisted|p2a: Torkoal
|-damage|p2a: Torkoal|37/100
|
|-weather|SunnyDay|[upkeep]
|-damage|p1a: Ninetales|4/100 brn|[from] brn
|upkeep
|turn|35
|
|t:|1758274115
|switch|p2a: Skeledirge|Skeledirge, M, tera:Fairy|73/100
|move|p1a: Ninetales|Freeze-Dry|p2a: Skeledirge
|-damage|p2a: Skeledirge|51/100
|
|-weather|SunnyDay|[upkeep]
|-damage|p1a: Ninetales|0 fnt|[from] brn
|faint|p1a: Ninetales
|upkeep
|
|t:|1758274135
|switch|p1a: Gliscor|Gliscor, M|100/100
|-damage|p1a: Gliscor|88/100|[from] Stealth Rock
|turn|36
|
|t:|1758274143
|switch|p2a: Alomomola|Alomomola, F|53/100
|move|p1a: Gliscor|Earthquake|p2a: Alomomola
|-damage|p2a: Alomomola|34/100
|
|-weather|SunnyDay|[upkeep]
|-status|p1a: Gliscor|tox|[from] item: Toxic Orb
|upkeep
|turn|37
|
|t:|1758274155
|move|p1a: Gliscor|Swords Dance|p1a: Gliscor
|-boost|p1a: Gliscor|atk|2
|move|p2a: Alomomola|Wish|p2a: Alomomola
|
|-weather|SunnyDay|[upkeep]
|-heal|p1a: Gliscor|100/100 tox|[from] ability: Poison Heal
|upkeep
|turn|38
|
|t:|1758274165
|move|p2a: Alomomola|Protect|p2a: Alomomola
|-singleturn|p2a: Alomomola|Protect
|move|p1a: Gliscor|Facade|p2a: Alomomola
|-activate|p2a: Alomomola|move: Protect
|
|-weather|none
|-heal|p2a: Alomomola|84/100|[from] move: Wish|[wisher] Alomomola
|upkeep
|turn|39
|
|t:|1758274175
|move|p1a: Gliscor|Facade|p2a: Alomomola
|-damage|p2a: Alomomola|53/100
|move|p2a: Alomomola|Wish|p2a: Alomomola
|
|upkeep
|turn|40
|
|t:|1758274181
|move|p1a: Gliscor|Facade|p2a: Alomomola
|-damage|p2a: Alomomola|21/100
|move|p2a: Alomomola|Flip Turn|p1a: Gliscor
|-supereffective|p1a: Gliscor
|-damage|p1a: Gliscor|77/100 tox
|
|t:|1758274188
|switch|p2a: Skeledirge|Skeledirge, M, tera:Fairy|51/100|[from] Flip Turn
|
|-heal|p2a: Skeledirge|100/100|[from] move: Wish|[wisher] Alomomola
|-heal|p1a: Gliscor|89/100 tox|[from] ability: Poison Heal
|upkeep
|turn|41
|
|t:|1758274197
|switch|p2a: Torkoal|Torkoal, M|37/100
|-weather|SunnyDay|[from] ability: Drought|[of] p2a: Torkoal
|move|p1a: Gliscor|Earthquake|p2a: Torkoal
|-supereffective|p2a: Torkoal
|-damage|p2a: Torkoal|0 fnt
|faint|p2a: Torkoal
|
|-weather|SunnyDay|[upkeep]
|-heal|p1a: Gliscor|100/100 tox|[from] ability: Poison Heal
|upkeep
|
|t:|1758274208
|switch|p2a: Skeledirge|Skeledirge, M, tera:Fairy|100/100
|turn|42
|
|t:|1758274214
|move|p1a: Gliscor|Earthquake|p2a: Skeledirge
|-damage|p2a: Skeledirge|82/100
|move|p2a: Skeledirge|Roar|p1a: Gliscor
|drag|p1a: Zamazenta|Zamazenta|94/100
|-damage|p1a: Zamazenta|88/100|[from] Stealth Rock
|
|-weather|SunnyDay|[upkeep]
|upkeep
|turn|43
|
|t:|1758274224
|switch|p1a: Gliscor|Gliscor, M|100/100 tox
|-damage|p1a: Gliscor|88/100 tox|[from] Stealth Rock
|move|p2a: Skeledirge|Torch Song|p1a: Gliscor
|-damage|p1a: Gliscor|44/100 tox
|-boost|p2a: Skeledirge|spa|1
|
|-weather|SunnyDay|[upkeep]
|-heal|p1a: Gliscor|56/100 tox|[from] ability: Poison Heal
|upkeep
|turn|44
|
|t:|1758274235
|move|p1a: Gliscor|Facade|p2a: Skeledirge
|-damage|p2a: Skeledirge|63/100
|move|p2a: Skeledirge|Torch Song|p1a: Gliscor
|-damage|p1a: Gliscor|0 fnt
|-boost|p2a: Skeledirge|spa|1
|faint|p1a: Gliscor
|
|-weather|SunnyDay|[upkeep]
|upkeep
|-message|Conspiracy 9/11 forfeited.
|
|win|aaron200589
|raw|Conspiracy 9&#x2f;11's rating: 1306 &rarr; <strong>1286</strong><br />(-20 for losing)
|raw|aaron200589's rating: 1310 &rarr; <strong>1330</strong><br />(+20 for winning)
|l|‽Conspiracy 9/11
|player|p1|
|l|☆aaron200589
|player|p2|
|j|☆aaron200589
|player|p2|aaron200589|giovanni|
|l|☆aaron200589
|player|p2|
