|j|☆herreisbar
|j|☆LousiV
|t:|1758347255
|gametype|singles
|player|p1|herreisbar|169|1068
|player|p2|LousiV|170|1104
|gen|9
|tier|[Gen 9] OU
|rated|
|rule|HP Percentage Mod: HP is shown in percentages
|rule|Endless Battle Clause: Forcing endless battles is banned
|rule|Species Clause: Limit one of each Pokémon
|rule|OHKO Clause: OHKO moves are banned
|rule|Evasion Items Clause: Evasion items are banned
|rule|Evasion Moves Clause: Evasion moves are banned
|rule|Evasion Abilities Clause: Evasion abilities are banned
|rule|Sleep Moves Clause: Sleep-inducing moves are banned
|clearpoke
|poke|p1|Haxorus, M|
|poke|p1|Hatterene, F|
|poke|p1|Gholdengo|
|poke|p1|Azumarill, F|
|poke|p1|Zapdos|
|poke|p1|Blissey, F|
|poke|p2|Staraptor, F|
|poke|p2|Cetitan, M|
|poke|p2|Azumarill, F|
|poke|p2|Abomasnow, M|
|poke|p2|Slowking, F|
|poke|p2|Sandy Shocks|
|teampreview
|inactive|Battle timer is ON: inactive players will automatically lose when time's up. (requested by LousiV)
|
|t:|1758347275
|teamsize|p1|6
|teamsize|p2|6
|start
|switch|p1a: Haxorus|Haxorus, M|100/100
|switch|p2a: Abomasnow|Abomasnow, M|100/100
|-ability|p1a: Haxorus|Mold Breaker
|-weather|Snowscape|[from] ability: Snow Warning|[of] p2a: Abomasnow
|turn|1
|
|t:|1758347288
|move|p1a: Haxorus|Earthquake|p2a: Abomasnow
|-resisted|p2a: Abomasnow
|-damage|p2a: Abomasnow|80/100
|-damage|p1a: Haxorus|91/100|[from] item: Life Orb
|move|p2a: Abomasnow|Outrage|p1a: Haxorus
|-supereffective|p1a: Haxorus
|-damage|p1a: Haxorus|6/100
|
|-weather|Snowscape|[upkeep]
|upkeep
|turn|2
|
|t:|1758347299
|switch|p1a: Hatterene|Hatterene, F|100/100
|move|p2a: Abomasnow|Outrage|p1a: Hatterene|[from] lockedmove
|-immune|p1a: Hatterene
|-start|p2a: Abomasnow|confusion|[fatigue]
|
|-weather|Snowscape|[upkeep]
|upkeep
|turn|3
|
|t:|1758347305
|switch|p2a: Sandy Shocks|Sandy Shocks|100/100
|move|p1a: Hatterene|Mystical Fire|p2a: Sandy Shocks
|-damage|p2a: Sandy Shocks|64/100
|-unboost|p2a: Sandy Shocks|spa|1
|
|-weather|Snowscape|[upkeep]
|upkeep
|turn|4
|
|t:|1758347312
|move|p2a: Sandy Shocks|Volt Switch|p1a: Hatterene
|-damage|p1a: Hatterene|77/100
|
|t:|1758347318
|-end|p2a: Sandy Shocks|Protosynthesis|[silent]
|switch|p2a: Azumarill|Azumarill, F|100/100|[from] Volt Switch
|move|p1a: Hatterene|Giga Drain|p2a: Azumarill
|-supereffective|p2a: Azumarill
|-damage|p2a: Azumarill|63/100
|-heal|p1a: Hatterene|100/100|[from] drain|[of] p2a: Azumarill
|
|-weather|Snowscape|[upkeep]
|upkeep
|turn|5
|
|t:|1758347330
|move|p2a: Azumarill|Liquidation|p1a: Hatterene
|-damage|p1a: Hatterene|27/100
|move|p1a: Hatterene|Giga Drain|p2a: Azumarill
|-supereffective|p2a: Azumarill
|-damage|p2a: Azumarill|21/100
|-heal|p1a: Hatterene|60/100|[from] drain|[of] p2a: Azumarill
|
|-weather|none
|upkeep
|turn|6
|
|t:|1758347340
|move|p2a: Azumarill|Liquidation|p1a: Hatterene
|-damage|p1a: Hatterene|0 fnt
|faint|p1a: Hatterene
|
|upkeep
|
|t:|1758347344
|switch|p1a: Zapdos|Zapdos|100/100
|turn|7
|
|t:|1758347348
|move|p1a: Zapdos|Volt Switch|p2a: Azumarill
|-supereffective|p2a: Azumarill
|-damage|p2a: Azumarill|0 fnt
|faint|p2a: Azumarill
|-damage|p1a: Zapdos|91/100|[from] item: Life Orb
|
|t:|1758347356
|switch|p1a: Azumarill|Azumarill, F|100/100|[from] Volt Switch
|
|upkeep
|
|t:|1758347367
|switch|p2a: Sandy Shocks|Sandy Shocks|64/100
|turn|8
|
|t:|1758347383
|switch|p1a: Blissey|Blissey, F|100/100
|move|p2a: Sandy Shocks|Volt Switch|p1a: Blissey
|-damage|p1a: Blissey|80/100
|
|t:|1758347390
|-end|p2a: Sandy Shocks|Protosynthesis|[silent]
|switch|p2a: Abomasnow|Abomasnow, M|80/100|[from] Volt Switch
|-weather|Snowscape|[from] ability: Snow Warning|[of] p2a: Abomasnow
|
|-weather|Snowscape|[upkeep]
|-heal|p1a: Blissey|86/100|[from] item: Leftovers
|upkeep
|turn|9
|
|t:|1758347398
|move|p1a: Blissey|Stealth Rock|p2a: Abomasnow
|-sidestart|p2: LousiV|move: Stealth Rock
|move|p2a: Abomasnow|Avalanche|p1a: Blissey
|-damage|p1a: Blissey|62/100
|
|-weather|Snowscape|[upkeep]
|-heal|p1a: Blissey|69/100|[from] item: Leftovers
|upkeep
|turn|10
|
|t:|1758347404
|switch|p2a: Cetitan|Cetitan, M|100/100
|-damage|p2a: Cetitan|76/100|[from] Stealth Rock
|move|p1a: Blissey|Thunder Wave|p2a: Cetitan
|-status|p2a: Cetitan|par
|
|-weather|Snowscape|[upkeep]
|-heal|p1a: Blissey|75/100|[from] item: Leftovers
|upkeep
|turn|11
|
|t:|1758347413
|move|p1a: Blissey|Soft-Boiled|p1a: Blissey
|-heal|p1a: Blissey|100/100
|move|p2a: Cetitan|Icicle Crash|p1a: Blissey
|-damage|p1a: Blissey|37/100
|
|-weather|Snowscape|[upkeep]
|-heal|p1a: Blissey|43/100|[from] item: Leftovers
|upkeep
|turn|12
|
|t:|1758347419
|move|p1a: Blissey|Soft-Boiled|p1a: Blissey
|-heal|p1a: Blissey|93/100
|move|p2a: Cetitan|Play Rough|p1a: Blissey
|-damage|p1a: Blissey|51/100
|
|-weather|none
|-heal|p1a: Blissey|58/100|[from] item: Leftovers
|upkeep
|turn|13
|
|t:|1758347429
|move|p1a: Blissey|Soft-Boiled|p1a: Blissey
|-heal|p1a: Blissey|100/100
|cant|p2a: Cetitan|par
|
|upkeep
|turn|14
|
|t:|1758347440
|switch|p1a: Haxorus|Haxorus, M|6/100
|-ability|p1a: Haxorus|Mold Breaker
|move|p2a: Cetitan|Liquidation|p1a: Haxorus
|-resisted|p1a: Haxorus
|-damage|p1a: Haxorus|0 fnt
|faint|p1a: Haxorus
|
|upkeep
|
|t:|1758347449
|switch|p1a: Azumarill|Azumarill, F|100/100
|turn|15
|
|t:|1758347453
|move|p1a: Azumarill|Belly Drum|p1a: Azumarill
|-damage|p1a: Azumarill|50/100
|-setboost|p1a: Azumarill|atk|6|[from] move: Belly Drum
|-enditem|p1a: Azumarill|Sitrus Berry|[eat]
|-heal|p1a: Azumarill|75/100|[from] item: Sitrus Berry
|move|p2a: Cetitan|Play Rough|p1a: Azumarill
|-damage|p1a: Azumarill|26/100
|
|upkeep
|turn|16
|
|t:|1758347465
|-terastallize|p1a: Azumarill|Water
|move|p1a: Azumarill|Aqua Jet|p2a: Cetitan
|-damage|p2a: Cetitan|0 fnt
|faint|p2a: Cetitan
|
|upkeep
|
|t:|1758347471
|switch|p2a: Staraptor|Staraptor, F|100/100
|-damage|p2a: Staraptor|76/100|[from] Stealth Rock
|turn|17
|
|t:|1758347475
|move|p2a: Staraptor|Quick Attack|p1a: Azumarill
|-damage|p1a: Azumarill|0 fnt
|faint|p1a: Azumarill
|
|upkeep
|
|t:|1758347489
|switch|p1a: Zapdos|Zapdos|91/100
|turn|18
|
|t:|1758347495
|switch|p2a: Sandy Shocks|Sandy Shocks|64/100
|-damage|p2a: Sandy Shocks|58/100|[from] Stealth Rock
|move|p1a: Zapdos|Thunder|p2a: Sandy Shocks
|-immune|p2a: Sandy Shocks
|
|upkeep
|turn|19
|
|t:|1758347499
|move|p2a: Sandy Shocks|Volt Switch|p1a: Zapdos
|-damage|p1a: Zapdos|29/100
|
|t:|1758347502
|-end|p2a: Sandy Shocks|Protosynthesis|[silent]
|switch|p2a: Abomasnow|Abomasnow, M|80/100|[from] Volt Switch
|-damage|p2a: Abomasnow|55/100|[from] Stealth Rock
|-weather|Snowscape|[from] ability: Snow Warning|[of] p2a: Abomasnow
|move|p1a: Zapdos|Hurricane|p2a: Abomasnow
|-supereffective|p2a: Abomasnow
|-damage|p2a: Abomasnow|0 fnt
|faint|p2a: Abomasnow
|-damage|p1a: Zapdos|19/100|[from] item: Life Orb
|
|-weather|Snowscape|[upkeep]
|upkeep
|
|t:|1758347508
|switch|p2a: Sandy Shocks|Sandy Shocks|58/100
|-damage|p2a: Sandy Shocks|52/100|[from] Stealth Rock
|turn|20
|
|t:|1758347514
|move|p2a: Sandy Shocks|Volt Switch|p1a: Zapdos
|-damage|p1a: Zapdos|0 fnt
|faint|p1a: Zapdos
|
|t:|1758347516
|-end|p2a: Sandy Shocks|Protosynthesis|[silent]
|switch|p2a: Staraptor|Staraptor, F|76/100|[from] Volt Switch
|-damage|p2a: Staraptor|51/100|[from] Stealth Rock
|
|-weather|Snowscape|[upkeep]
|upkeep
|
|t:|1758347521
|switch|p1a: Blissey|Blissey, F|100/100
|turn|21
|
|t:|1758347528
|-terastallize|p2a: Staraptor|Flying
|move|p2a: Staraptor|Brave Bird|p1a: Blissey
|-damage|p1a: Blissey|0 fnt
|faint|p1a: Blissey
|-damage|p2a: Staraptor|0 fnt|[from] Recoil
|faint|p2a: Staraptor
|
|-weather|Snowscape|[upkeep]
|upkeep
|
|t:|1758347537
|switch|p2a: Sandy Shocks|Sandy Shocks|52/100
|switch|p1a: Gholdengo|Gholdengo|100/100
|-damage|p2a: Sandy Shocks|46/100|[from] Stealth Rock
|-item|p1a: Gholdengo|Air Balloon
|turn|22
|
|t:|1758347554
|move|p2a: Sandy Shocks|Volt Switch|p1a: Gholdengo
|-damage|p1a: Gholdengo|35/100
|-enditem|p1a: Gholdengo|Air Balloon
|
|t:|1758347556
|-end|p2a: Sandy Shocks|Protosynthesis|[silent]
|switch|p2a: Slowking|Slowking, F|100/100|[from] Volt Switch
|-damage|p2a: Slowking|88/100|[from] Stealth Rock
|move|p1a: Gholdengo|Shadow Ball|p2a: Slowking
|-supereffective|p2a: Slowking
|-damage|p2a: Slowking|36/100
|
|-weather|Snowscape|[upkeep]
|-heal|p2a: Slowking|42/100|[from] item: Leftovers
|upkeep
|turn|23
|
|t:|1758347568
|move|p1a: Gholdengo|Shadow Ball|p2a: Slowking
|-supereffective|p2a: Slowking
|-damage|p2a: Slowking|0 fnt
|faint|p2a: Slowking
|
|-weather|none
|upkeep
|
|t:|1758347571
|switch|p2a: Sandy Shocks|Sandy Shocks|46/100
|-damage|p2a: Sandy Shocks|40/100|[from] Stealth Rock
|turn|24
|
|t:|1758347582
|move|p2a: Sandy Shocks|Earth Power|p1a: Gholdengo
|-supereffective|p1a: Gholdengo
|-damage|p1a: Gholdengo|0 fnt
|faint|p1a: Gholdengo
|
|win|LousiV
|raw|herreisbar's rating: 1068 &rarr; <strong>1050</strong><br />(-18 for losing)
|raw|LousiV's rating: 1104 &rarr; <strong>1126</strong><br />(+22 for winning)
|l|☆herreisbar
|player|p1|
|l|☆LousiV
|player|p2|
|j|☆LousiV
|player|p2|LousiV|170|
|l|☆LousiV
|player|p2|
