|j|☆brickforbrains
|j|☆torrence11
|t:|1758231949
|gametype|singles
|player|p1|brickforbrains|ingo|1182
|player|p2|torrence11|bruno|1124
|gen|9
|tier|[Gen 9] OU
|rated|
|rule|HP Percentage Mod: HP is shown in percentages
|rule|Endless Battle Clause: Forcing endless battles is banned
|rule|Species Clause: Limit one of each Pokémon
|rule|OHKO Clause: OHKO moves are banned
|rule|Evasion Items Clause: Evasion items are banned
|rule|Evasion Moves Clause: Evasion moves are banned
|rule|Evasion Abilities Clause: Evasion abilities are banned
|rule|Sleep Moves Clause: Sleep-inducing moves are banned
|clearpoke
|poke|p1|Porygon-Z|
|poke|p1|Mandibuzz, F|
|poke|p1|Raging Bolt|
|poke|p1|Iron Crown|
|poke|p1|Iron Treads|
|poke|p1|Iron Valiant|
|poke|p2|Ting-Lu|
|poke|p2|Darkrai|
|poke|p2|Corviknight, M|
|poke|p2|Fezandipiti, M|
|poke|p2|Pecharunt|
|poke|p2|Latios, M|
|teampreview
|inactive|Battle timer is ON: inactive players will automatically lose when time's up. (requested by torrence11)
|
|t:|1758231958
|teamsize|p1|6
|teamsize|p2|6
|start
|switch|p1a: Iron Valiant|Iron Valiant|100/100
|switch|p2a: Ting-Lu|Ting-Lu, shiny|100/100
|-ability|p2a: Ting-Lu|Vessel of Ruin
|-enditem|p1a: Iron Valiant|Booster Energy
|-activate|p1a: Iron Valiant|ability: Quark Drive|[fromitem]
|-start|p1a: Iron Valiant|quarkdrivespe
|turn|1
|
|t:|1758231965
|move|p1a: Iron Valiant|Aura Sphere|p2a: Ting-Lu
|-supereffective|p2a: Ting-Lu
|-damage|p2a: Ting-Lu|71/100
|move|p2a: Ting-Lu|Ruination|p1a: Iron Valiant
|-damage|p1a: Iron Valiant|51/100
|
|-heal|p2a: Ting-Lu|77/100|[from] item: Leftovers
|upkeep
|turn|2
|
|t:|1758231969
|move|p1a: Iron Valiant|Aura Sphere|p2a: Ting-Lu
|-supereffective|p2a: Ting-Lu
|-damage|p2a: Ting-Lu|46/100
|move|p2a: Ting-Lu|Earthquake|p1a: Iron Valiant
|-damage|p1a: Iron Valiant|5/100
|
|-heal|p2a: Ting-Lu|53/100|[from] item: Leftovers
|upkeep
|turn|3
|
|t:|1758231986
|move|p1a: Iron Valiant|Liquidation|p2a: Ting-Lu
|-supereffective|p2a: Ting-Lu
|-damage|p2a: Ting-Lu|22/100
|move|p2a: Ting-Lu|Stealth Rock|p1a: Iron Valiant
|-sidestart|p1: brickforbrains|move: Stealth Rock
|
|-heal|p2a: Ting-Lu|28/100|[from] item: Leftovers
|upkeep
|turn|4
|
|t:|1758231992
|move|p1a: Iron Valiant|Aura Sphere|p2a: Ting-Lu
|-supereffective|p2a: Ting-Lu
|-damage|p2a: Ting-Lu|0 fnt
|faint|p2a: Ting-Lu
|
|upkeep
|
|t:|1758231997
|switch|p2a: Darkrai|Darkrai, shiny|100/100
|turn|5
|
|t:|1758232002
|move|p1a: Iron Valiant|Aura Sphere|p2a: Darkrai
|-supereffective|p2a: Darkrai
|-damage|p2a: Darkrai|0 fnt
|faint|p2a: Darkrai
|
|upkeep
|
|t:|1758232006
|switch|p2a: Fezandipiti|Fezandipiti, M|100/100
|turn|6
|
|t:|1758232011
|move|p1a: Iron Valiant|Liquidation|p2a: Fezandipiti
|-damage|p2a: Fezandipiti|71/100
|move|p2a: Fezandipiti|Moonblast|p1a: Iron Valiant
|-supereffective|p1a: Iron Valiant
|-damage|p1a: Iron Valiant|0 fnt
|faint|p1a: Iron Valiant
|-end|p1a: Iron Valiant|Quark Drive|[silent]
|
|upkeep
|
|t:|1758232023
|switch|p1a: Iron Treads|Iron Treads|100/100
|-damage|p1a: Iron Treads|97/100|[from] Stealth Rock
|turn|7
|
|t:|1758232035
|switch|p2a: Corviknight|Corviknight, M|100/100
|-ability|p2a: Corviknight|Pressure
|move|p1a: Iron Treads|Rapid Spin|p2a: Corviknight
|-resisted|p2a: Corviknight
|-damage|p2a: Corviknight|96/100
|-boost|p1a: Iron Treads|spe|1
|-damage|p1a: Iron Treads|81/100|[from] item: Rocky Helmet|[of] p2a: Corviknight
|-sideend|p1: brickforbrains|Stealth Rock|[from] move: Rapid Spin|[of] p1a: Iron Treads
|
|upkeep
|turn|8
|
|t:|1758232038
|move|p1a: Iron Treads|Knock Off|p2a: Corviknight
|-damage|p2a: Corviknight|80/100
|-damage|p1a: Iron Treads|64/100|[from] item: Rocky Helmet|[of] p2a: Corviknight
|-enditem|p2a: Corviknight|Rocky Helmet|[from] move: Knock Off|[of] p1a: Iron Treads
|move|p2a: Corviknight|Body Press|p1a: Iron Treads
|-supereffective|p1a: Iron Treads
|-damage|p1a: Iron Treads|21/100
|-damage|p2a: Corviknight|64/100|[from] item: Rocky Helmet|[of] p1a: Iron Treads
|
|upkeep
|turn|9
|
|t:|1758232051
|-end|p1a: Iron Treads|Quark Drive|[silent]
|switch|p1a: Mandibuzz|Mandibuzz, F|100/100
|move|p2a: Corviknight|Iron Defense|p2a: Corviknight
|-boost|p2a: Corviknight|def|2
|
|upkeep
|turn|10
|
|t:|1758232057
|move|p2a: Corviknight|Iron Defense|p2a: Corviknight
|-boost|p2a: Corviknight|def|2
|move|p1a: Mandibuzz|Foul Play|p2a: Corviknight
|-damage|p2a: Corviknight|57/100
|
|upkeep
|turn|11
|
|t:|1758232060
|move|p2a: Corviknight|Iron Defense|p2a: Corviknight
|-boost|p2a: Corviknight|def|2
|move|p1a: Mandibuzz|U-turn|p2a: Corviknight
|-resisted|p2a: Corviknight
|-damage|p2a: Corviknight|57/100
|
|t:|1758232063
|switch|p1a: Raging Bolt|Raging Bolt|100/100|[from] U-turn
|
|upkeep
|turn|12
|
|t:|1758232069
|move|p1a: Raging Bolt|Thunderclap|p2a: Corviknight
|-supereffective|p2a: Corviknight
|-damage|p2a: Corviknight|0 fnt
|faint|p2a: Corviknight
|
|upkeep
|
|t:|1758232072
|switch|p2a: Pecharunt|Pecharunt|100/100
|turn|13
|
|t:|1758232077
|move|p2a: Pecharunt|Malignant Chain|p1a: Raging Bolt
|-damage|p1a: Raging Bolt|86/100
|-status|p1a: Raging Bolt|tox
|-start|p1a: Raging Bolt|confusion|[from] ability: Poison Puppeteer|[of] p2a: Pecharunt
|-activate|p1a: Raging Bolt|confusion
|move|p1a: Raging Bolt|Volt Switch|p2a: Pecharunt
|-damage|p2a: Pecharunt|60/100
|
|t:|1758232089
|-end|p1a: Raging Bolt|Protosynthesis|[silent]
|switch|p1a: Epilep-Z|Porygon-Z, shiny|100/100|[from] Volt Switch
|-ability|p1a: Epilep-Z|Download|boost
|-boost|p1a: Epilep-Z|spa|1
|
|upkeep
|turn|14
|
|t:|1758232097
|move|p2a: Pecharunt|Recover|p2a: Pecharunt
|-heal|p2a: Pecharunt|100/100
|move|p1a: Epilep-Z|Shadow Ball|p2a: Pecharunt
|-supereffective|p2a: Pecharunt
|-damage|p2a: Pecharunt|12/100
|
|upkeep
|turn|15
|
|t:|1758232105
|switch|p2a: Latios|Latios, M|100/100
|move|p1a: Epilep-Z|Shadow Ball|p2a: Latios
|-supereffective|p2a: Latios
|-damage|p2a: Latios|0 fnt
|faint|p2a: Latios
|
|upkeep
|-message|torrence11 forfeited.
|
|win|brickforbrains
|raw|brickforbrains's rating: 1182 &rarr; <strong>1203</strong><br />(+21 for winning)
|raw|torrence11's rating: 1124 &rarr; <strong>1103</strong><br />(-21 for losing)
|l|☆torrence11
|player|p2|
