|j|☆Blazing567
|j|☆aaron200589
|t:|1758286608
|gametype|singles
|player|p1|Blazing567|265|1230
|player|p2|aaron200589|giovanni|1257
|gen|9
|tier|[Gen 9] OU
|rated|
|rule|HP Percentage Mod: HP is shown in percentages
|rule|Endless Battle Clause: Forcing endless battles is banned
|rule|Species Clause: Limit one of each Pokémon
|rule|OHKO Clause: OHKO moves are banned
|rule|Evasion Items Clause: Evasion items are banned
|rule|Evasion Moves Clause: Evasion moves are banned
|rule|Evasion Abilities Clause: Evasion abilities are banned
|rule|Sleep Moves Clause: Sleep-inducing moves are banned
|clearpoke
|poke|p1|Landorus-Therian, M|
|poke|p1|Dondozo, M|
|poke|p1|Kyurem|
|poke|p1|Slowking-Galar, M|
|poke|p1|Kingambit, M|
|poke|p1|Clefable, M|
|poke|p2|Alomomola, M|
|poke|p2|Torkoal, F|
|poke|p2|Great Tusk|
|poke|p2|Leafeon, F|
|poke|p2|Skeledirge, F|
|poke|p2|Slither Wing|
|teampreview
|
|t:|1758286617
|teamsize|p1|6
|teamsize|p2|6
|start
|switch|p1a: Landorus|Landorus-Therian, M|100/100
|switch|p2a: Torkoal|Torkoal, F|100/100
|-ability|p1a: Landorus|Intimidate|boost
|-unboost|p2a: Torkoal|atk|1
|-weather|SunnyDay|[from] ability: Drought|[of] p2a: Torkoal
|-enditem|p2a: Torkoal|Eject Pack
|
|t:|1758286635
|switch|p2a: Alomomola|Alomomola, M|100/100
|turn|1
|
|t:|1758286642
|switch|p1a: Dondozo|Dondozo, M|100/100
|move|p2a: Alomomola|Scald|p1a: Dondozo
|-resisted|p1a: Dondozo
|-damage|p1a: Dondozo|98/100
|
|-weather|SunnyDay|[upkeep]
|-heal|p1a: Dondozo|100/100|[from] item: Leftovers
|upkeep
|turn|2
|
|t:|1758286651
|move|p2a: Alomomola|Flip Turn|p1a: Dondozo
|-resisted|p1a: Dondozo
|-damage|p1a: Dondozo|99/100
|
|t:|1758286655
|switch|p2a: Leafeon|Leafeon, F|100/100|[from] Flip Turn
|move|p1a: Dondozo|Order Up|p2a: Leafeon
|-damage|p2a: Leafeon|81/100
|
|-weather|SunnyDay|[upkeep]
|-heal|p1a: Dondozo|100/100|[from] item: Leftovers
|upkeep
|turn|3
|
|t:|1758286666
|switch|p1a: Slowking|Slowking-Galar, M|100/100
|move|p2a: Leafeon|Giga Drain|p1a: Slowking
|-resisted|p1a: Slowking
|-crit|p1a: Slowking
|-damage|p1a: Slowking|90/100
|-heal|p2a: Leafeon|88/100|[from] drain|[of] p1a: Slowking
|
|-weather|SunnyDay|[upkeep]
|-heal|p1a: Slowking|96/100|[from] item: Leftovers
|upkeep
|turn|4
|
|t:|1758286681
|switch|p2a: Great Tusk|Great Tusk|100/100
|-activate|p2a: Great Tusk|ability: Protosynthesis
|-start|p2a: Great Tusk|protosynthesisspe
|move|p1a: Slowking|Sludge Wave|p2a: Great Tusk
|-resisted|p2a: Great Tusk
|-damage|p2a: Great Tusk|78/100
|
|-weather|SunnyDay|[upkeep]
|-heal|p1a: Slowking|100/100|[from] item: Leftovers
|upkeep
|turn|5
|
|t:|1758286693
|switch|p1a: Landorus|Landorus-Therian, M|100/100
|-ability|p1a: Landorus|Intimidate|boost
|-unboost|p2a: Great Tusk|atk|1
|move|p2a: Great Tusk|Stealth Rock|p1a: Landorus
|-sidestart|p1: Blazing567|move: Stealth Rock
|
|-weather|none
|-end|p2a: Great Tusk|Protosynthesis
|upkeep
|turn|6
|
|t:|1758286702
|move|p1a: Landorus|Earthquake|p2a: Great Tusk
|-damage|p2a: Great Tusk|45/100
|move|p2a: Great Tusk|Knock Off|p1a: Landorus
|-damage|p1a: Landorus|78/100
|-enditem|p1a: Landorus|Sitrus Berry|[from] move: Knock Off|[of] p2a: Great Tusk
|
|upkeep
|turn|7
|
|t:|1758286712
|-end|p2a: Great Tusk|Protosynthesis|[silent]
|switch|p2a: Alomomola|Alomomola, M|100/100
|move|p1a: Landorus|Earthquake|p2a: Alomomola
|-damage|p2a: Alomomola|70/100
|
|upkeep
|turn|8
|
|t:|1758286719
|move|p1a: Landorus|U-turn|p2a: Alomomola
|-damage|p2a: Alomomola|55/100
|
|t:|1758286722
|switch|p1a: Dondozo|Dondozo, M|100/100|[from] U-turn
|-damage|p1a: Dondozo|88/100|[from] Stealth Rock
|move|p2a: Alomomola|Wish|p2a: Alomomola
|
|-heal|p1a: Dondozo|94/100|[from] item: Leftovers
|upkeep
|turn|9
|
|t:|1758286732
|move|p2a: Alomomola|Flip Turn|p1a: Dondozo
|-resisted|p1a: Dondozo
|-damage|p1a: Dondozo|91/100
|
|t:|1758286741
|switch|p2a: Leafeon|Leafeon, F|88/100|[from] Flip Turn
|move|p1a: Dondozo|Liquidation|p2a: Leafeon
|-resisted|p2a: Leafeon
|-damage|p2a: Leafeon|72/100
|
|-heal|p2a: Leafeon|100/100|[from] move: Wish|[wisher] Alomomola
|-heal|p1a: Dondozo|97/100|[from] item: Leftovers
|upkeep
|turn|10
|
|t:|1758286753
|switch|p1a: Slowking|Slowking-Galar, M|100/100
|-damage|p1a: Slowking|88/100|[from] Stealth Rock
|move|p2a: Leafeon|Copycat|p2a: Leafeon
|move|p2a: Leafeon|Liquidation|p1a: Slowking|[from] move: Copycat
|-damage|p1a: Slowking|68/100
|
|-heal|p1a: Slowking|74/100|[from] item: Leftovers
|upkeep
|turn|11
|
|t:|1758286767
|switch|p2a: Alomomola|Alomomola, M|89/100
|move|p1a: Slowking|Sludge Wave|p2a: Alomomola
|-damage|p2a: Alomomola|48/100
|
|-heal|p1a: Slowking|80/100|[from] item: Leftovers
|upkeep
|turn|12
|
|t:|1758286776
|move|p2a: Alomomola|Wish|p2a: Alomomola
|move|p1a: Slowking|Sludge Wave|p2a: Alomomola
|-damage|p2a: Alomomola|4/100
|
|-heal|p1a: Slowking|86/100|[from] item: Leftovers
|upkeep
|turn|13
|
|t:|1758286785
|move|p2a: Alomomola|Protect|p2a: Alomomola
|-singleturn|p2a: Alomomola|Protect
|move|p1a: Slowking|Sludge Wave|p2a: Alomomola
|-activate|p2a: Alomomola|move: Protect
|
|-heal|p2a: Alomomola|54/100|[from] move: Wish|[wisher] Alomomola
|-heal|p1a: Slowking|92/100|[from] item: Leftovers
|upkeep
|turn|14
|
|t:|1758286795
|move|p2a: Alomomola|Flip Turn|p1a: Slowking
|-damage|p1a: Slowking|75/100
|
|t:|1758286798
|switch|p2a: Slither Wing|Slither Wing|100/100|[from] Flip Turn
|move|p1a: Slowking|Sludge Wave|p2a: Slither Wing
|-damage|p2a: Slither Wing|65/100
|
|-heal|p1a: Slowking|81/100|[from] item: Leftovers
|upkeep
|turn|15
|
|t:|1758286807
|switch|p1a: Landorus|Landorus-Therian, M|78/100
|-damage|p1a: Landorus|65/100|[from] Stealth Rock
|-ability|p1a: Landorus|Intimidate|boost
|-unboost|p2a: Slither Wing|atk|1
|move|p2a: Slither Wing|First Impression|p1a: Landorus
|-resisted|p1a: Landorus
|-damage|p1a: Landorus|32/100
|
|upkeep
|turn|16
|
|t:|1758286823
|-end|p2a: Slither Wing|Protosynthesis|[silent]
|switch|p2a: Alomomola|Alomomola, M|88/100
|move|p1a: Landorus|Earthquake|p2a: Alomomola
|-damage|p2a: Alomomola|58/100
|
|upkeep
|turn|17
|
|t:|1758286830
|move|p1a: Landorus|U-turn|p2a: Alomomola
|-damage|p2a: Alomomola|45/100
|
|t:|1758286833
|switch|p1a: Slowking|Slowking-Galar, M|100/100|[from] U-turn
|-damage|p1a: Slowking|88/100|[from] Stealth Rock
|move|p2a: Alomomola|Wish|p2a: Alomomola
|
|-heal|p1a: Slowking|94/100|[from] item: Leftovers
|upkeep
|turn|18
|
|t:|1758286842
|move|p2a: Alomomola|Flip Turn|p1a: Slowking
|-damage|p1a: Slowking|76/100
|
|t:|1758286845
|switch|p2a: Great Tusk|Great Tusk|45/100|[from] Flip Turn
|move|p1a: Slowking|Sludge Wave|p2a: Great Tusk
|-resisted|p2a: Great Tusk
|-damage|p2a: Great Tusk|22/100
|
|-heal|p2a: Great Tusk|84/100|[from] move: Wish|[wisher] Alomomola
|-heal|p1a: Slowking|82/100|[from] item: Leftovers
|upkeep
|turn|19
|
|t:|1758286859
|switch|p1a: Landorus|Landorus-Therian, M|32/100
|-damage|p1a: Landorus|20/100|[from] Stealth Rock
|-ability|p1a: Landorus|Intimidate|boost
|-unboost|p2a: Great Tusk|atk|1
|move|p2a: Great Tusk|Knock Off|p1a: Landorus
|-damage|p1a: Landorus|6/100
|
|upkeep
|turn|20
|
|t:|1758286869
|move|p1a: Landorus|Earthquake|p2a: Great Tusk
|-damage|p2a: Great Tusk|47/100
|move|p2a: Great Tusk|Rapid Spin|p1a: Landorus
|-damage|p1a: Landorus|0 fnt
|-boost|p2a: Great Tusk|spe|1
|faint|p1a: Landorus
|
|upkeep
|
|t:|1758286879
|switch|p1a: Clefable|Clefable, M|100/100
|turn|21
|
|t:|1758286887
|-end|p2a: Great Tusk|Protosynthesis|[silent]
|switch|p2a: Torkoal|Torkoal, F|100/100
|-weather|SunnyDay|[from] ability: Drought|[of] p2a: Torkoal
|move|p1a: Clefable|Moonblast|p2a: Torkoal
|-resisted|p2a: Torkoal
|-damage|p2a: Torkoal|71/100
|-unboost|p2a: Torkoal|spa|1
|
|-weather|SunnyDay|[upkeep]
|upkeep
|turn|22
|
|t:|1758286901
|switch|p2a: Alomomola|Alomomola, M|78/100
|move|p1a: Clefable|Calm Mind|p1a: Clefable
|-boost|p1a: Clefable|spa|1
|-boost|p1a: Clefable|spd|1
|
|-weather|SunnyDay|[upkeep]
|upkeep
|turn|23
|
|t:|1758286912
|move|p1a: Clefable|Calm Mind|p1a: Clefable
|-boost|p1a: Clefable|spa|1
|-boost|p1a: Clefable|spd|1
|move|p2a: Alomomola|Flip Turn|p1a: Clefable
|-damage|p1a: Clefable|92/100
|
|t:|1758286918
|switch|p2a: Skeledirge|Skeledirge, F|100/100|[from] Flip Turn
|
|-weather|SunnyDay|[upkeep]
|-heal|p1a: Clefable|98/100|[from] item: Leftovers
|upkeep
|turn|24
|
|t:|1758286925
|move|p2a: Skeledirge|Torch Song|p1a: Clefable
|-damage|p1a: Clefable|54/100
|-boost|p2a: Skeledirge|spa|1
|move|p1a: Clefable|Moonblast|p2a: Skeledirge
|-resisted|p2a: Skeledirge
|-damage|p2a: Skeledirge|77/100
|
|-weather|SunnyDay|[upkeep]
|-heal|p1a: Clefable|60/100|[from] item: Leftovers
|upkeep
|turn|25
|
|t:|1758286936
|move|p2a: Skeledirge|Torch Song|p1a: Clefable
|-damage|p1a: Clefable|0 fnt
|-boost|p2a: Skeledirge|spa|1
|faint|p1a: Clefable
|
|-weather|none
|upkeep
|
|t:|1758286942
|switch|p1a: Dondozo|Dondozo, M|97/100
|-damage|p1a: Dondozo|84/100|[from] Stealth Rock
|turn|26
|
|t:|1758286954
|move|p2a: Skeledirge|Will-O-Wisp|p1a: Dondozo
|-status|p1a: Dondozo|brn
|move|p1a: Dondozo|Liquidation|p2a: Skeledirge
|-supereffective|p2a: Skeledirge
|-damage|p2a: Skeledirge|60/100
|
|-heal|p1a: Dondozo|91/100 brn|[from] item: Leftovers
|-damage|p1a: Dondozo|84/100 brn|[from] brn
|upkeep
|turn|27
|
|t:|1758286965
|move|p2a: Skeledirge|Slack Off|p2a: Skeledirge
|-heal|p2a: Skeledirge|100/100
|move|p1a: Dondozo|Liquidation|p2a: Skeledirge
|-supereffective|p2a: Skeledirge
|-crit|p2a: Skeledirge
|-damage|p2a: Skeledirge|73/100
|
|-heal|p1a: Dondozo|91/100 brn|[from] item: Leftovers
|-damage|p1a: Dondozo|84/100 brn|[from] brn
|upkeep
|turn|28
|
|t:|1758286979
|move|p2a: Skeledirge|Hex|p1a: Dondozo
|-damage|p1a: Dondozo|38/100 brn
|move|p1a: Dondozo|Liquidation|p2a: Skeledirge
|-supereffective|p2a: Skeledirge
|-damage|p2a: Skeledirge|55/100
|-unboost|p2a: Skeledirge|def|1
|
|-heal|p1a: Dondozo|44/100 brn|[from] item: Leftovers
|-damage|p1a: Dondozo|38/100 brn|[from] brn
|upkeep
|turn|29
|
|t:|1758286990
|move|p2a: Skeledirge|Hex|p1a: Dondozo
|-damage|p1a: Dondozo|0 fnt
|faint|p1a: Dondozo
|
|upkeep
|
|t:|1758286995
|switch|p1a: Kingambit|Kingambit, M|100/100
|-damage|p1a: Kingambit|94/100|[from] Stealth Rock
|-activate|p1a: Kingambit|ability: Supreme Overlord
|-start|p1a: Kingambit|fallen3|[silent]
|turn|30
|
|t:|1758287001
|-terastallize|p1a: Kingambit|Dark
|move|p2a: Skeledirge|Will-O-Wisp|p1a: Kingambit
|-status|p1a: Kingambit|brn
|move|p1a: Kingambit|Kowtow Cleave|p2a: Skeledirge
|-supereffective|p2a: Skeledirge
|-damage|p2a: Skeledirge|0 fnt
|faint|p2a: Skeledirge
|
|-damage|p1a: Kingambit|88/100 brn|[from] brn
|upkeep
|
|t:|1758287014
|switch|p2a: Torkoal|Torkoal, F|71/100
|-weather|SunnyDay|[from] ability: Drought|[of] p2a: Torkoal
|turn|31
|
|t:|1758287021
|move|p1a: Kingambit|Swords Dance|p1a: Kingambit
|-boost|p1a: Kingambit|atk|2
|move|p2a: Torkoal|Shell Smash|p2a: Torkoal
|-unboost|p2a: Torkoal|def|1
|-unboost|p2a: Torkoal|spd|1
|-boost|p2a: Torkoal|atk|2
|-boost|p2a: Torkoal|spa|2
|-boost|p2a: Torkoal|spe|2
|
|-weather|SunnyDay|[upkeep]
|-damage|p1a: Kingambit|82/100 brn|[from] brn
|upkeep
|turn|32
|
|t:|1758287037
|move|p1a: Kingambit|Sucker Punch|p2a: Torkoal
|-damage|p2a: Torkoal|0 fnt
|faint|p2a: Torkoal
|
|-weather|SunnyDay|[upkeep]
|-damage|p1a: Kingambit|76/100 brn|[from] brn
|upkeep
|
|t:|1758287045
|switch|p2a: Slither Wing|Slither Wing|65/100
|-activate|p2a: Slither Wing|ability: Protosynthesis
|-start|p2a: Slither Wing|protosynthesisatk
|turn|33
|
|t:|1758287051
|-end|p1a: Kingambit|fallen3|[silent]
|switch|p1a: Slowking|Slowking-Galar, M|100/100
|-damage|p1a: Slowking|88/100|[from] Stealth Rock
|-terastallize|p2a: Slither Wing|Bug
|move|p2a: Slither Wing|First Impression|p1a: Slowking
|-damage|p1a: Slowking|0 fnt
|faint|p1a: Slowking
|
|-weather|SunnyDay|[upkeep]
|upkeep
|
|t:|1758287060
|switch|p1a: Kyurem|Kyurem|100/100
|-ability|p1a: Kyurem|Pressure
|turn|34
|
|t:|1758287067
|-end|p2a: Slither Wing|Protosynthesis|[silent]
|switch|p2a: Great Tusk|Great Tusk|47/100
|-activate|p2a: Great Tusk|ability: Protosynthesis
|-start|p2a: Great Tusk|protosynthesisspe
|move|p1a: Kyurem|Dragon Dance|p1a: Kyurem
|-boost|p1a: Kyurem|atk|1
|-boost|p1a: Kyurem|spe|1
|
|-weather|SunnyDay|[upkeep]
|upkeep
|turn|35
|
|t:|1758287080
|move|p2a: Great Tusk|Headlong Rush|p1a: Kyurem
|-damage|p1a: Kyurem|50/100
|-unboost|p2a: Great Tusk|def|1
|-unboost|p2a: Great Tusk|spd|1
|move|p1a: Kyurem|Dragon Claw|p2a: Great Tusk
|-damage|p2a: Great Tusk|0 fnt
|faint|p2a: Great Tusk
|-end|p2a: Great Tusk|Protosynthesis|[silent]
|
|-weather|none
|upkeep
|
|t:|1758287092
|switch|p2a: Slither Wing|Slither Wing, tera:Bug|65/100
|turn|36
|
|t:|1758287095
|move|p2a: Slither Wing|First Impression|p1a: Kyurem
|-damage|p1a: Kyurem|0 fnt
|faint|p1a: Kyurem
|
|upkeep
|
|t:|1758287099
|switch|p1a: Kingambit|Kingambit, M, tera:Dark|76/100 brn
|-damage|p1a: Kingambit|63/100 brn|[from] Stealth Rock
|-activate|p1a: Kingambit|ability: Supreme Overlord
|-start|p1a: Kingambit|fallen5|[silent]
|turn|37
|
|t:|1758287108
|-end|p2a: Slither Wing|Protosynthesis|[silent]
|switch|p2a: Alomomola|Alomomola, M|100/100
|move|p1a: Kingambit|Sucker Punch||[still]
|-fail|p1a: Kingambit
|
|-damage|p1a: Kingambit|57/100 brn|[from] brn
|upkeep
|turn|38
|
|t:|1758287116
|move|p2a: Alomomola|Flip Turn|p1a: Kingambit
|-damage|p1a: Kingambit|45/100 brn
|
|t:|1758287121
|switch|p2a: Slither Wing|Slither Wing, tera:Bug|65/100|[from] Flip Turn
|move|p1a: Kingambit|Swords Dance|p1a: Kingambit
|-boost|p1a: Kingambit|atk|2
|
|-damage|p1a: Kingambit|39/100 brn|[from] brn
|upkeep
|turn|39
|
|t:|1758287130
|move|p2a: Slither Wing|First Impression|p1a: Kingambit
|-supereffective|p1a: Kingambit
|-damage|p1a: Kingambit|0 fnt
|faint|p1a: Kingambit
|-end|p1a: Kingambit|fallen5|[silent]
|
|win|aaron200589
|raw|Blazing567's rating: 1230 &rarr; <strong>1207</strong><br />(-23 for losing)
|raw|aaron200589's rating: 1257 &rarr; <strong>1280</strong><br />(+23 for winning)
|l|☆Blazing567
|player|p1|
