|j|‽Sd2024
|j|☆Winter escape
|t:|1758255527
|gametype|singles
|player|p1|Sd2024|1|1220
|player|p2|Winter escape|unknown|1240
|gen|9
|tier|[Gen 9] OU
|rated|
|rule|HP Percentage Mod: HP is shown in percentages
|rule|Endless Battle Clause: Forcing endless battles is banned
|rule|Species Clause: Limit one of each Pokémon
|rule|OHKO Clause: OHKO moves are banned
|rule|Evasion Items Clause: Evasion items are banned
|rule|Evasion Moves Clause: Evasion moves are banned
|rule|Evasion Abilities Clause: Evasion abilities are banned
|rule|Sleep Moves Clause: Sleep-inducing moves are banned
|clearpoke
|poke|p1|Ninetales-Alola, M|
|poke|p1|Ribombee, F|
|poke|p1|Armarouge, M|
|poke|p1|Hydrapple, M|
|poke|p1|Gyarados, F|
|poke|p1|Farigiraf, F|
|poke|p2|Fezandipiti, M|
|poke|p2|Ceruledge, M|
|poke|p2|Hatterene, F|
|poke|p2|Great Tusk|
|poke|p2|Araquanid, M|
|poke|p2|Weavile, M|
|teampreview
|inactive|Battle timer is ON: inactive players will automatically lose when time's up. (requested by Winter escape)
|
|t:|1758255539
|teamsize|p1|6
|teamsize|p2|6
|start
|switch|p1a: Ribombee|Ribombee, F|100/100
|switch|p2a: Araquanid|Araquanid, M|100/100
|turn|1
|
|t:|1758255545
|switch|p2a: Hatterene|Hatterene, F|100/100
|move|p1a: Ribombee|Skill Swap|p2a: Hatterene
|-activate|p1a: Ribombee|move: Skill Swap|Magic Bounce|Honey Gather|[of] p2a: Hatterene
|
|upkeep
|turn|2
|
|t:|1758255563
|move|p1a: Ribombee|Stun Spore|p2a: Hatterene|[miss]
|-miss|p1a: Ribombee|p2a: Hatterene
|move|p2a: Hatterene|Nuzzle|p1a: Ribombee
|-damage|p1a: Ribombee|95/100
|-status|p1a: Ribombee|par
|
|upkeep
|turn|3
|
|t:|1758255587
|switch|p2a: Araquanid|Araquanid, M|100/100
|move|p1a: Ribombee|Sticky Web|p2a: Araquanid
|-sidestart|p2: Winter escape|move: Sticky Web
|
|upkeep
|turn|4
|
|t:|1758255593
|move|p1a: Ribombee|Stun Spore|p2a: Araquanid|[miss]
|-miss|p1a: Ribombee|p2a: Araquanid
|move|p2a: Araquanid|Surf|p1a: Ribombee
|-damage|p1a: Ribombee|41/100 par
|
|upkeep
|turn|5
|
|t:|1758255602
|move|p1a: Ribombee|Stun Spore|p2a: Araquanid|[miss]
|-miss|p1a: Ribombee|p2a: Araquanid
|move|p2a: Araquanid|Surf|p1a: Ribombee
|-damage|p1a: Ribombee|0 fnt
|faint|p1a: Ribombee
|
|upkeep
|
|t:|1758255623
|switch|p1a: Ninetales|Ninetales-Alola, M|100/100
|-weather|Snowscape|[from] ability: Snow Warning|[of] p1a: Ninetales
|turn|6
|
|t:|1758255629
|move|p1a: Ninetales|Encore|p2a: Araquanid
|-start|p2a: Araquanid|Encore
|move|p2a: Araquanid|Surf|p1a: Ninetales
|-damage|p1a: Ninetales|61/100
|
|-weather|Snowscape|[upkeep]
|upkeep
|turn|7
|
|t:|1758255634
|move|p1a: Ninetales|Aurora Veil|p1a: Ninetales
|-sidestart|p1: Sd2024|move: Aurora Veil
|move|p2a: Araquanid|Surf|p1a: Ninetales
|-damage|p1a: Ninetales|39/100
|
|-weather|Snowscape|[upkeep]
|upkeep
|turn|8
|
|t:|1758255639
|move|p1a: Ninetales|Freeze-Dry|p2a: Araquanid
|-supereffective|p2a: Araquanid
|-damage|p2a: Araquanid|66/100
|move|p2a: Araquanid|Surf|p1a: Ninetales
|-damage|p1a: Ninetales|17/100
|
|-weather|Snowscape|[upkeep]
|-end|p2a: Araquanid|Encore
|upkeep
|turn|9
|
|t:|1758255648
|move|p1a: Ninetales|Encore|p2a: Araquanid
|-start|p2a: Araquanid|Encore
|move|p2a: Araquanid|Surf|p1a: Ninetales
|-damage|p1a: Ninetales|0 fnt
|faint|p1a: Ninetales
|
|-weather|Snowscape|[upkeep]
|upkeep
|
|t:|1758255657
|switch|p1a: Gyarados|Gyarados, F|100/100
|turn|10
|
|t:|1758255669
|switch|p2a: Fezandipiti|Fezandipiti, M|100/100
|-activate|p2a: Fezandipiti|move: Sticky Web
|-unboost|p2a: Fezandipiti|spe|1
|move|p1a: Gyarados|Dragon Dance|p1a: Gyarados
|-boost|p1a: Gyarados|atk|1
|-boost|p1a: Gyarados|spe|1
|
|-weather|none
|upkeep
|turn|11
|
|t:|1758255684
|switch|p2a: Araquanid|Araquanid, M|66/100
|-activate|p2a: Araquanid|move: Sticky Web
|-unboost|p2a: Araquanid|spe|1
|move|p1a: Gyarados|Earthquake|p2a: Araquanid
|-resisted|p2a: Araquanid
|-damage|p2a: Araquanid|41/100
|
|upkeep
|turn|12
|
|t:|1758255700
|move|p1a: Gyarados|Dragon Dance|p1a: Gyarados
|-boost|p1a: Gyarados|atk|1
|-boost|p1a: Gyarados|spe|1
|move|p2a: Araquanid|Sticky Web|p1a: Gyarados
|-sidestart|p1: Sd2024|move: Sticky Web
|
|upkeep
|turn|13
|
|t:|1758255708
|move|p1a: Gyarados|Earthquake|p2a: Araquanid
|-resisted|p2a: Araquanid
|-damage|p2a: Araquanid|12/100
|move|p2a: Araquanid|Endeavor|p1a: Gyarados
|-damage|p1a: Gyarados|13/100
|
|-heal|p1a: Gyarados|19/100|[from] item: Leftovers
|upkeep
|turn|14
|-enditem|p2a: Araquanid|Custap Berry|[eat]
|-activate|p2a: Araquanid|item: Custap Berry|[consumed]
|
|t:|1758255720
|move|p2a: Araquanid|Surf|p1a: Gyarados
|-resisted|p1a: Gyarados
|-damage|p1a: Gyarados|10/100
|move|p1a: Gyarados|Waterfall|p2a: Araquanid
|-resisted|p2a: Araquanid
|-damage|p2a: Araquanid|0 fnt
|faint|p2a: Araquanid
|-ability|p1a: Gyarados|Moxie|boost
|-boost|p1a: Gyarados|atk|1
|
|-heal|p1a: Gyarados|16/100|[from] item: Leftovers
|-sideend|p1: Sd2024|move: Aurora Veil
|upkeep
|
|t:|1758255730
|switch|p2a: Weavile|Weavile, M|100/100
|-ability|p2a: Weavile|Pressure
|turn|15
|
|t:|1758255735
|move|p2a: Weavile|Ice Shard|p1a: Gyarados
|-damage|p1a: Gyarados|0 fnt
|faint|p1a: Gyarados
|
|upkeep
|
|t:|1758255746
|switch|p1a: Armarouge|Armarouge, M|100/100
|-activate|p1a: Armarouge|move: Sticky Web
|-unboost|p1a: Armarouge|spe|1
|turn|16
|
|t:|1758255768
|switch|p2a: Ceruledge|Ceruledge, M|100/100
|-activate|p2a: Ceruledge|move: Sticky Web
|-unboost|p2a: Ceruledge|spe|1
|move|p1a: Armarouge|Aura Sphere|p2a: Ceruledge
|-immune|p2a: Ceruledge
|
|upkeep
|turn|17
|
|t:|1758255780
|switch|p1a: Farigiraf|Farigiraf, F|100/100
|-activate|p1a: Farigiraf|move: Sticky Web
|-unboost|p1a: Farigiraf|spe|1
|move|p2a: Ceruledge|Bulk Up|p2a: Ceruledge
|-boost|p2a: Ceruledge|atk|1
|-boost|p2a: Ceruledge|def|1
|
|upkeep
|turn|18
|
|t:|1758255797
|move|p2a: Ceruledge|Bitter Blade|p1a: Farigiraf
|-damage|p1a: Farigiraf|47/100
|move|p1a: Farigiraf|Psychic Noise|p2a: Ceruledge
|-damage|p2a: Ceruledge|73/100
|-enditem|p1a: Farigiraf|Throat Spray
|-boost|p1a: Farigiraf|spa|1|[from] item: Throat Spray
|
|upkeep
|turn|19
|inactive|Winter escape has 120 seconds left.
|
|t:|1758255812
|move|p2a: Ceruledge|Bitter Blade|p1a: Farigiraf
|-damage|p1a: Farigiraf|0 fnt
|-heal|p2a: Ceruledge|100/100|[from] drain|[of] p1a: Farigiraf
|faint|p1a: Farigiraf
|
|upkeep
|
|t:|1758255827
|switch|p1a: Armarouge|Armarouge, M|100/100
|-activate|p1a: Armarouge|move: Sticky Web
|-unboost|p1a: Armarouge|spe|1
|turn|20
|inactive|Winter escape has 120 seconds left.
|
|t:|1758255845
|-terastallize|p1a: Armarouge|Fighting
|move|p2a: Ceruledge|Bulk Up|p2a: Ceruledge
|-boost|p2a: Ceruledge|atk|1
|-boost|p2a: Ceruledge|def|1
|move|p1a: Armarouge|Calm Mind|p1a: Armarouge
|-boost|p1a: Armarouge|spa|1
|-boost|p1a: Armarouge|spd|1
|
|upkeep
|turn|21
|inactive|Winter escape has 120 seconds left.
|
|t:|1758255859
|move|p2a: Ceruledge|Shadow Sneak|p1a: Armarouge
|-damage|p1a: Armarouge|72/100
|-ability|p1a: Armarouge|Weak Armor|boost
|-unboost|p1a: Armarouge|def|1
|-boost|p1a: Armarouge|spe|2
|move|p1a: Armarouge|Calm Mind|p1a: Armarouge
|-boost|p1a: Armarouge|spa|1
|-boost|p1a: Armarouge|spd|1
|
|upkeep
|turn|22
|inactive|Winter escape has 120 seconds left.
|
|t:|1758255869
|move|p2a: Ceruledge|Shadow Sneak|p1a: Armarouge
|-damage|p1a: Armarouge|26/100
|-ability|p1a: Armarouge|Weak Armor|boost
|-unboost|p1a: Armarouge|def|1
|-boost|p1a: Armarouge|spe|2
|move|p1a: Armarouge|Psyshock|p2a: Ceruledge
|-damage|p2a: Ceruledge|44/100
|
|upkeep
|turn|23
|
|t:|1758255878
|move|p2a: Ceruledge|Shadow Sneak|p1a: Armarouge
|-damage|p1a: Armarouge|0 fnt
|faint|p1a: Armarouge
|
|upkeep
|
|t:|1758255880
|switch|p1a: Hydrapple|Hydrapple, M|100/100
|-activate|p1a: Hydrapple|move: Sticky Web
|-unboost|p1a: Hydrapple|spe|1
|turn|24
|
|t:|1758255884
|move|p2a: Ceruledge|Bitter Blade|p1a: Hydrapple
|-crit|p1a: Hydrapple
|-damage|p1a: Hydrapple|12/100
|-heal|p2a: Ceruledge|96/100|[from] drain|[of] p1a: Hydrapple
|move|p1a: Hydrapple|Fickle Beam|p2a: Ceruledge
|-damage|p2a: Ceruledge|62/100
|
|upkeep
|turn|25
|-message|Sd2024 forfeited.
|
|win|Winter escape
|raw|Sd2024's rating: 1220 &rarr; <strong>1196</strong><br />(-24 for losing)
|raw|Winter escape's rating: 1240 &rarr; <strong>1264</strong><br />(+24 for winning)
|l|‽Sd2024
|player|p1|
|l|☆Winter escape
|player|p2|
