|j|☆bendo_13
|j|☆jibreel69
|t:|1758304065
|gametype|singles
|player|p1|bendo_13|1|1368
|player|p2|jibreel69|169|1402
|gen|9
|tier|[Gen 9] OU
|rated|
|rule|HP Percentage Mod: HP is shown in percentages
|rule|Endless Battle Clause: Forcing endless battles is banned
|rule|Species Clause: Limit one of each Pokémon
|rule|OHKO Clause: OHKO moves are banned
|rule|Evasion Items Clause: Evasion items are banned
|rule|Evasion Moves Clause: Evasion moves are banned
|rule|Evasion Abilities Clause: Evasion abilities are banned
|rule|Sleep Moves Clause: Sleep-inducing moves are banned
|clearpoke
|poke|p1|Regidrago|
|poke|p1|Vikavolt, M|
|poke|p1|Gholdengo|
|poke|p1|Scizor, M|
|poke|p1|Alomomola, M|
|poke|p1|Dragonite, F|
|poke|p2|Porygon2|
|poke|p2|Haxorus, M|
|poke|p2|Alomomola, M|
|poke|p2|Pecharunt|
|poke|p2|Iron Treads|
|poke|p2|Dragapult, F|
|teampreview
|inactive|Battle timer is ON: inactive players will automatically lose when time's up. (requested by bendo_13)
|
|t:|1758304078
|teamsize|p1|6
|teamsize|p2|6
|start
|switch|p1a: Regidrago|Regidrago|100/100
|switch|p2a: Haxorus|Haxorus, M, shiny|100/100
|-ability|p2a: Haxorus|Mold Breaker
|turn|1
|
|t:|1758304081
|move|p2a: Haxorus|Outrage|p1a: Regidrago
|-supereffective|p1a: Regidrago
|-damage|p1a: Regidrago|0 fnt
|faint|p1a: Regidrago
|
|upkeep
|
|t:|1758304104
|switch|p1a: Alomomola|Alomomola, M|100/100
|turn|2
|
|t:|1758304107
|move|p2a: Haxorus|Outrage|p1a: Alomomola|[from] lockedmove
|-damage|p1a: Alomomola|53/100
|move|p1a: Alomomola|Scald|p2a: Haxorus
|-resisted|p2a: Haxorus
|-damage|p2a: Haxorus|90/100
|
|upkeep
|turn|3
|
|t:|1758304115
|move|p2a: Haxorus|Outrage|p1a: Alomomola|[from] lockedmove
|-damage|p1a: Alomomola|6/100
|-start|p2a: Haxorus|confusion|[fatigue]
|move|p1a: Alomomola|Scald|p2a: Haxorus
|-resisted|p2a: Haxorus
|-damage|p2a: Haxorus|80/100
|
|upkeep
|turn|4
|
|t:|1758304126
|switch|p2a: Porygon2|Porygon2, shiny|100/100
|-ability|p2a: Porygon2|Download|boost
|-boost|p2a: Porygon2|spa|1
|switch|p1a: Scizor|Scizor, M|100/100
|
|upkeep
|turn|5
|
|t:|1758304139
|move|p1a: Scizor|Close Combat|p2a: Porygon2
|-supereffective|p2a: Porygon2
|-damage|p2a: Porygon2|7/100
|-unboost|p1a: Scizor|def|1
|-unboost|p1a: Scizor|spd|1
|move|p2a: Porygon2|Discharge|p1a: Scizor
|-damage|p1a: Scizor|28/100
|-status|p1a: Scizor|par
|
|upkeep
|turn|6
|
|t:|1758304152
|switch|p1a: Vikavolt|Vikavolt, M|100/100
|move|p2a: Porygon2|Discharge|p1a: Vikavolt
|-resisted|p1a: Vikavolt
|-damage|p1a: Vikavolt|70/100
|
|upkeep
|turn|7
|
|t:|1758304165
|move|p1a: Vikavolt|Agility|p1a: Vikavolt
|-boost|p1a: Vikavolt|spe|2
|move|p2a: Porygon2|Recover|p2a: Porygon2
|-heal|p2a: Porygon2|57/100
|
|upkeep
|turn|8
|
|t:|1758304169
|move|p1a: Vikavolt|Bug Buzz|p2a: Porygon2
|-damage|p2a: Porygon2|22/100
|-enditem|p1a: Vikavolt|Throat Spray
|-boost|p1a: Vikavolt|spa|1|[from] item: Throat Spray
|move|p2a: Porygon2|Trick Room|p2a: Porygon2
|-fieldstart|move: Trick Room|[of] p2a: Porygon2
|
|upkeep
|turn|9
|
|t:|1758304182
|move|p2a: Porygon2|Tri Attack|p1a: Vikavolt
|-damage|p1a: Vikavolt|0 fnt
|faint|p1a: Vikavolt
|
|upkeep
|
|t:|1758304188
|switch|p1a: Gholdengo|Gholdengo|100/100
|turn|10
|
|t:|1758304192
|move|p2a: Porygon2|Recover|p2a: Porygon2
|-heal|p2a: Porygon2|72/100
|move|p1a: Gholdengo|Trick|p2a: Porygon2
|-activate|p1a: Gholdengo|move: Trick|[of] p2a: Porygon2
|-item|p2a: Porygon2|Choice Scarf|[from] move: Trick
|-item|p1a: Gholdengo|Eviolite|[from] move: Trick
|
|upkeep
|turn|11
|
|t:|1758304201
|move|p2a: Porygon2|Discharge|p1a: Gholdengo
|-damage|p1a: Gholdengo|54/100
|move|p1a: Gholdengo|Nasty Plot|p1a: Gholdengo
|-boost|p1a: Gholdengo|spa|2
|
|upkeep
|turn|12
|
|t:|1758304211
|move|p2a: Porygon2|Discharge|p1a: Gholdengo
|-damage|p1a: Gholdengo|8/100
|move|p1a: Gholdengo|Nasty Plot|p1a: Gholdengo
|-boost|p1a: Gholdengo|spa|2
|
|-fieldend|move: Trick Room
|upkeep
|turn|13
|
|t:|1758304217
|move|p1a: Gholdengo|Make It Rain|p2a: Porygon2
|-damage|p2a: Porygon2|0 fnt
|-unboost|p1a: Gholdengo|spa|1
|faint|p2a: Porygon2
|
|upkeep
|
|t:|1758304222
|switch|p2a: Haxorus|Haxorus, M, shiny|80/100
|-ability|p2a: Haxorus|Mold Breaker
|turn|14
|
|t:|1758304227
|move|p2a: Haxorus|Earthquake|p1a: Gholdengo
|-supereffective|p1a: Gholdengo
|-damage|p1a: Gholdengo|0 fnt
|faint|p1a: Gholdengo
|
|upkeep
|
|t:|1758304229
|switch|p1a: Alomomola|Alomomola, M|40/100
|turn|15
|
|t:|1758304237
|switch|p1a: Dragonite|Dragonite, F|100/100
|move|p2a: Haxorus|Earthquake|p1a: Dragonite
|-immune|p1a: Dragonite
|
|upkeep
|turn|16
|
|t:|1758304244
|switch|p2a: Pecharunt|Pecharunt|100/100
|move|p1a: Dragonite|Dragon Dance|p1a: Dragonite
|-boost|p1a: Dragonite|atk|1
|-boost|p1a: Dragonite|spe|1
|
|upkeep
|turn|17
|
|t:|1758304250
|-terastallize|p2a: Pecharunt|Fairy
|move|p1a: Dragonite|Dragon Dance|p1a: Dragonite
|-boost|p1a: Dragonite|atk|1
|-boost|p1a: Dragonite|spe|1
|move|p2a: Pecharunt|Toxic|p1a: Dragonite
|-status|p1a: Dragonite|tox
|-start|p1a: Dragonite|confusion|[from] ability: Poison Puppeteer|[of] p2a: Pecharunt
|
|-damage|p1a: Dragonite|94/100 tox|[from] psn
|upkeep
|turn|18
|
|t:|1758304261
|-terastallize|p1a: Dragonite|Normal
|-activate|p1a: Dragonite|confusion
|move|p1a: Dragonite|Extreme Speed|p2a: Pecharunt
|-damage|p2a: Pecharunt|57/100
|move|p2a: Pecharunt|Hex|p1a: Dragonite
|-immune|p1a: Dragonite
|
|-damage|p1a: Dragonite|82/100 tox|[from] psn
|upkeep
|turn|19
|
|t:|1758304268
|-end|p1a: Dragonite|confusion
|move|p1a: Dragonite|Dragon Dance|p1a: Dragonite
|-boost|p1a: Dragonite|atk|1
|-boost|p1a: Dragonite|spe|1
|move|p2a: Pecharunt|Recover|p2a: Pecharunt
|-heal|p2a: Pecharunt|100/100
|
|-damage|p1a: Dragonite|63/100 tox|[from] psn
|upkeep
|turn|20
|
|t:|1758304273
|move|p1a: Dragonite|Extreme Speed|p2a: Pecharunt
|-damage|p2a: Pecharunt|44/100
|move|p2a: Pecharunt|Parting Shot|p1a: Dragonite
|-unboost|p1a: Dragonite|atk|1
|-unboost|p1a: Dragonite|spa|1
|
|t:|1758304280
|switch|p2a: Dragapult|Dragapult, F|100/100|[from] Parting Shot
|
|-damage|p1a: Dragonite|39/100 tox|[from] psn
|upkeep
|turn|21
|
|t:|1758304289
|switch|p2a: Pecharunt|Pecharunt, tera:Fairy|44/100
|move|p1a: Dragonite|Ice Spinner|p2a: Pecharunt
|-damage|p2a: Pecharunt|18/100
|
|-damage|p1a: Dragonite|8/100 tox|[from] psn
|upkeep
|turn|22
|
|t:|1758304302
|move|p1a: Dragonite|Ice Spinner|p2a: Pecharunt
|-damage|p2a: Pecharunt|0 fnt
|faint|p2a: Pecharunt
|
|-damage|p1a: Dragonite|0 fnt|[from] psn
|faint|p1a: Dragonite
|upkeep
|-message|bendo_13 forfeited.
|
|win|jibreel69
|raw|bendo_13's rating: 1368 &rarr; <strong>1350</strong><br />(-18 for losing)
|raw|jibreel69's rating: 1402 &rarr; <strong>1420</strong><br />(+18 for winning)
|l|☆bendo_13
|player|p1|
|l|☆jibreel69
|player|p2|
