|j|☆UnexpectdSets
|j|☆Sam Lynskey
|t:|1758335610
|gametype|singles
|player|p1|UnexpectdSets|169|1415
|player|p2|Sam Lynskey|169|1461
|gen|9
|tier|[Gen 9] OU
|rated|
|rule|HP Percentage Mod: HP is shown in percentages
|rule|Endless Battle Clause: Forcing endless battles is banned
|rule|Species Clause: Limit one of each Pokémon
|rule|OHKO Clause: OHKO moves are banned
|rule|Evasion Items Clause: Evasion items are banned
|rule|Evasion Moves Clause: Evasion moves are banned
|rule|Evasion Abilities Clause: Evasion abilities are banned
|rule|Sleep Moves Clause: Sleep-inducing moves are banned
|clearpoke
|poke|p1|Scizor, F|
|poke|p1|Lycanroc-Dusk, F|
|poke|p1|Breloom, M|
|poke|p1|Scyther, F|
|poke|p1|Chandelure, F|
|poke|p1|Greninja-*, M|
|poke|p2|Pelipper, F|
|poke|p2|Barraskewda, M|
|poke|p2|Toxicroak, F|
|poke|p2|Iron Treads|
|poke|p2|Zapdos|
|poke|p2|Hatterene, F|
|teampreview
|
|t:|1758335643
|teamsize|p1|6
|teamsize|p2|6
|start
|switch|p1a: Lycanroc|Lycanroc-Dusk, F|100/100
|switch|p2a: Pelipper|Pelipper, F, shiny|100/100
|-weather|RainDance|[from] ability: Drizzle|[of] p2a: Pelipper
|turn|1
|inactive|Battle timer is ON: inactive players will automatically lose when time's up. (requested by UnexpectdSets)
|
|t:|1758335656
|switch|p2a: Iron Treads|Iron Treads|100/100
|move|p1a: Lycanroc|Swords Dance|p1a: Lycanroc
|-boost|p1a: Lycanroc|atk|2
|
|-weather|RainDance|[upkeep]
|upkeep
|turn|2
|
|t:|1758335666
|-terastallize|p2a: Iron Treads|Ghost
|move|p1a: Lycanroc|Swords Dance|p1a: Lycanroc
|-boost|p1a: Lycanroc|atk|2
|move|p2a: Iron Treads|Earthquake|p1a: Lycanroc
|-supereffective|p1a: Lycanroc
|-enditem|p1a: Lycanroc|Focus Sash
|-damage|p1a: Lycanroc|1/100
|
|-weather|RainDance|[upkeep]
|upkeep
|turn|3
|
|t:|1758335691
|move|p1a: Lycanroc|Sucker Punch|p2a: Iron Treads
|-supereffective|p2a: Iron Treads
|-damage|p2a: Iron Treads|0 fnt
|faint|p2a: Iron Treads
|-end|p2a: Iron Treads|Quark Drive|[silent]
|
|-weather|RainDance|[upkeep]
|upkeep
|
|t:|1758335695
|switch|p2a: Barraskewda|Barraskewda, M|100/100
|turn|4
|
|t:|1758335700
|move|p2a: Barraskewda|Aqua Jet|p1a: Lycanroc
|-supereffective|p1a: Lycanroc
|-damage|p1a: Lycanroc|0 fnt
|faint|p1a: Lycanroc
|
|-weather|RainDance|[upkeep]
|upkeep
|
|t:|1758335717
|switch|p1a: Greninja|Greninja, M|100/100
|turn|5
|
|t:|1758335721
|switch|p2a: Toxicroak|Toxicroak, F|100/100
|-terastallize|p1a: Greninja|Poison
|move|p1a: Greninja|Sludge Wave|p2a: Toxicroak
|-resisted|p2a: Toxicroak
|-damage|p2a: Toxicroak|66/100
|
|-weather|RainDance|[upkeep]
|-heal|p2a: Toxicroak|78/100|[from] ability: Dry Skin
|upkeep
|turn|6
|
|t:|1758335737
|switch|p1a: Scizor|Scizor, F|100/100
|move|p2a: Toxicroak|Knock Off|p1a: Scizor
|-damage|p1a: Scizor|80/100
|-enditem|p1a: Scizor|Leftovers|[from] move: Knock Off|[of] p2a: Toxicroak
|
|-weather|RainDance|[upkeep]
|-heal|p2a: Toxicroak|90/100|[from] ability: Dry Skin
|upkeep
|turn|7
|
|t:|1758335745
|switch|p2a: Zapdos|Zapdos|100/100
|move|p1a: Scizor|Swords Dance|p1a: Scizor
|-boost|p1a: Scizor|atk|2
|
|-weather|RainDance|[upkeep]
|upkeep
|turn|8
|
|t:|1758335750
|move|p2a: Zapdos|Hurricane|p1a: Scizor
|-damage|p1a: Scizor|0 fnt
|faint|p1a: Scizor
|
|-weather|none
|upkeep
|
|t:|1758335757
|switch|p1a: Chandelure|Chandelure, F|100/100
|turn|9
|
|t:|1758335763
|switch|p2a: Pelipper|Pelipper, F, shiny|100/100
|-weather|RainDance|[from] ability: Drizzle|[of] p2a: Pelipper
|move|p1a: Chandelure|Shadow Ball|p2a: Pelipper
|-damage|p2a: Pelipper|37/100
|
|-weather|RainDance|[upkeep]
|upkeep
|turn|10
|inactive|UnexpectdSets has 120 seconds left.
|
|t:|1758335800
|switch|p1a: Greninja|Greninja, M, tera:Poison|100/100
|switch|p2a: Hatterene|Hatterene, F|100/100
|
|-weather|RainDance|[upkeep]
|upkeep
|turn|11
|inactive|UnexpectdSets has 120 seconds left.
|inactive|Sam Lynskey has 120 seconds left.
|
|t:|1758335824
|switch|p2a: Toxicroak|Toxicroak, F|90/100
|move|p1a: Greninja|Sludge Wave|p2a: Toxicroak
|-resisted|p2a: Toxicroak
|-damage|p2a: Toxicroak|54/100
|
|-weather|RainDance|[upkeep]
|-heal|p2a: Toxicroak|67/100|[from] ability: Dry Skin
|upkeep
|turn|12
|inactive|Sam Lynskey has 120 seconds left.
|
|t:|1758335835
|switch|p1a: Chandelure|Chandelure, F|100/100
|move|p2a: Toxicroak|Knock Off|p1a: Chandelure
|-supereffective|p1a: Chandelure
|-damage|p1a: Chandelure|31/100
|-enditem|p1a: Chandelure|Choice Scarf|[from] move: Knock Off|[of] p2a: Toxicroak
|
|-weather|RainDance|[upkeep]
|-heal|p2a: Toxicroak|79/100|[from] ability: Dry Skin
|upkeep
|turn|13
|inactive|Sam Lynskey has 120 seconds left.
|
|t:|1758335844
|move|p1a: Chandelure|Psychic|p2a: Toxicroak
|-supereffective|p2a: Toxicroak
|-damage|p2a: Toxicroak|0 fnt
|faint|p2a: Toxicroak
|
|-weather|RainDance|[upkeep]
|upkeep
|
|t:|1758335848
|switch|p2a: Barraskewda|Barraskewda, M|100/100
|turn|14
|inactive|Sam Lynskey has 120 seconds left.
|
|t:|1758335868
|move|p2a: Barraskewda|Flip Turn|p1a: Chandelure
|-supereffective|p1a: Chandelure
|-damage|p1a: Chandelure|0 fnt
|faint|p1a: Chandelure
|
|t:|1758335877
|switch|p2a: Zapdos|Zapdos|100/100|[from] Flip Turn
|
|-weather|RainDance|[upkeep]
|upkeep
|
|t:|1758335888
|switch|p1a: Scyther|Scyther, F|100/100
|turn|15
|inactive|Sam Lynskey has 120 seconds left.
|
|t:|1758335900
|move|p2a: Zapdos|Volt Switch|p1a: Scyther
|-supereffective|p1a: Scyther
|-damage|p1a: Scyther|0 fnt
|faint|p1a: Scyther
|
|t:|1758335904
|switch|p2a: Barraskewda|Barraskewda, M|100/100|[from] Volt Switch
|
|-weather|RainDance|[upkeep]
|upkeep
|
|t:|1758335909
|switch|p1a: Breloom|Breloom, M, shiny|100/100
|turn|16
|
|t:|1758335919
|move|p2a: Barraskewda|Flip Turn|p1a: Breloom
|-resisted|p1a: Breloom
|-damage|p1a: Breloom|41/100
|
|t:|1758335926
|switch|p2a: Zapdos|Zapdos|100/100|[from] Flip Turn
|move|p1a: Breloom|Rock Tomb|p2a: Zapdos
|-supereffective|p2a: Zapdos
|-crit|p2a: Zapdos
|-damage|p2a: Zapdos|0 fnt
|faint|p2a: Zapdos
|
|-weather|none
|upkeep
|
|t:|1758335934
|switch|p2a: Pelipper|Pelipper, F, shiny|37/100
|-weather|RainDance|[from] ability: Drizzle|[of] p2a: Pelipper
|turn|17
|
|t:|1758335942
|switch|p2a: Hatterene|Hatterene, F|100/100
|move|p1a: Breloom|Rock Tomb|p2a: Hatterene
|-damage|p2a: Hatterene|64/100
|-unboost|p2a: Hatterene|spe|1
|-enditem|p2a: Hatterene|Eject Button
|
|t:|1758335945
|switch|p2a: Barraskewda|Barraskewda, M|100/100
|
|-weather|RainDance|[upkeep]
|upkeep
|turn|18
|
|t:|1758335951
|move|p1a: Breloom|Mach Punch|p2a: Barraskewda
|-damage|p2a: Barraskewda|33/100
|move|p2a: Barraskewda|Liquidation|p1a: Breloom
|-resisted|p1a: Breloom
|-damage|p1a: Breloom|0 fnt
|faint|p1a: Breloom
|
|-weather|RainDance|[upkeep]
|upkeep
|
|t:|1758335955
|switch|p1a: Greninja|Greninja, M, tera:Poison|100/100
|turn|19
|
|t:|1758335961
|move|p1a: Greninja|Water Shuriken|p2a: Barraskewda
|-resisted|p2a: Barraskewda
|-damage|p2a: Barraskewda|20/100
|-resisted|p2a: Barraskewda
|-damage|p2a: Barraskewda|8/100
|-resisted|p2a: Barraskewda
|-crit|p2a: Barraskewda
|-damage|p2a: Barraskewda|0 fnt
|faint|p2a: Barraskewda
|-ability|p1a: Greninja|Battle Bond|boost
|-boost|p1a: Greninja|atk|1
|-boost|p1a: Greninja|spa|1
|-boost|p1a: Greninja|spe|1
|-activate|p1a: Greninja|ability: Battle Bond
|-hitcount|p2: Barraskewda|3
|
|-weather|RainDance|[upkeep]
|upkeep
|
|t:|1758335965
|switch|p2a: Hatterene|Hatterene, F|64/100
|turn|20
|
|t:|1758335974
|move|p1a: Greninja|Sludge Wave|p2a: Hatterene
|-supereffective|p2a: Hatterene
|-damage|p2a: Hatterene|0 fnt
|faint|p2a: Hatterene
|
|-weather|RainDance|[upkeep]
|upkeep
|
|t:|1758335976
|switch|p2a: Pelipper|Pelipper, F, shiny|37/100
|turn|21
|
|t:|1758335983
|move|p1a: Greninja|Dark Pulse|p2a: Pelipper
|-damage|p2a: Pelipper|0 fnt
|faint|p2a: Pelipper
|
|win|UnexpectdSets
|raw|UnexpectdSets's rating: 1415 &rarr; <strong>1438</strong><br />(+23 for winning)
|raw|Sam Lynskey's rating: 1461 &rarr; <strong>1438</strong><br />(-23 for losing)
|l|☆Sam Lynskey
|player|p2|
|c|☆UnexpectdSets|Gg
|l|☆UnexpectdSets
|player|p1|
