|j|☆Guerrero105
|j|☆Mexi-Squad
|t:|1758340738
|gametype|singles
|player|p1|Guerrero105|lucas-gen4pt|1423
|player|p2|Mexi-Squad|101|1415
|gen|9
|tier|[Gen 9] OU
|rated|
|rule|HP Percentage Mod: HP is shown in percentages
|rule|Endless Battle Clause: Forcing endless battles is banned
|rule|Species Clause: Limit one of each Pokémon
|rule|OHKO Clause: OHKO moves are banned
|rule|Evasion Items Clause: Evasion items are banned
|rule|Evasion Moves Clause: Evasion moves are banned
|rule|Evasion Abilities Clause: Evasion abilities are banned
|rule|Sleep Moves Clause: Sleep-inducing moves are banned
|clearpoke
|poke|p1|Tinkaton, F|
|poke|p1|Cinderace, M|
|poke|p1|Gyarados, M|
|poke|p1|Vikavolt, M|
|poke|p1|Great Tusk|
|poke|p1|Sinistcha-Masterpiece|
|poke|p2|Raging Bolt|
|poke|p2|Kingambit, M|
|poke|p2|Landorus-Therian, M|
|poke|p2|Galvantula, F|
|poke|p2|Pecharunt|
|poke|p2|Regice|
|teampreview
|
|t:|1758340773
|teamsize|p1|6
|teamsize|p2|6
|start
|switch|p1a: Vikavolt|Vikavolt, M|100/100
|switch|p2a: Landorus|Landorus-Therian, M|100/100
|-ability|p2a: Landorus|Intimidate|boost
|-unboost|p1a: Vikavolt|atk|1
|turn|1
|
|t:|1758340783
|switch|p2a: Regice|Regice|100/100
|move|p1a: Vikavolt|Sticky Web|p2a: Regice
|-sidestart|p2: Mexi-Squad|move: Sticky Web
|
|upkeep
|turn|2
|
|t:|1758340818
|move|p2a: Regice|Lock-On|p1a: Vikavolt
|-activate|p2a: Regice|move: Lock-On|[of] p1a: Vikavolt
|move|p1a: Vikavolt|Thunder Wave|p2a: Regice
|-status|p2a: Regice|par
|
|upkeep
|turn|3
|
|t:|1758340836
|move|p1a: Vikavolt|Volt Switch|p2a: Regice
|-damage|p2a: Regice|85/100 par
|
|t:|1758340847
|switch|p1a: Gyarados|Gyarados, M|100/100|[from] Volt Switch
|cant|p2a: Regice|par
|
|upkeep
|turn|4
|
|t:|1758340854
|move|p1a: Gyarados|Dragon Dance|p1a: Gyarados
|-boost|p1a: Gyarados|atk|1
|-boost|p1a: Gyarados|spe|1
|cant|p2a: Regice|par
|
|upkeep
|turn|5
|
|t:|1758340859
|move|p1a: Gyarados|Waterfall|p2a: Regice
|-damage|p2a: Regice|31/100 par
|move|p2a: Regice|Zap Cannon|p1a: Gyarados|[miss]
|-miss|p2a: Regice|p1a: Gyarados
|
|upkeep
|turn|6
|
|t:|1758340868
|move|p1a: Gyarados|Waterfall|p2a: Regice
|-damage|p2a: Regice|0 fnt
|faint|p2a: Regice
|-ability|p1a: Gyarados|Moxie|boost
|-boost|p1a: Gyarados|atk|1
|
|upkeep
|
|t:|1758340874
|switch|p2a: Galvantula|Galvantula, F|100/100
|-activate|p2a: Galvantula|move: Sticky Web
|-unboost|p2a: Galvantula|spe|1
|turn|7
|
|t:|1758340879
|move|p1a: Gyarados|Waterfall|p2a: Galvantula
|-enditem|p2a: Galvantula|Focus Sash
|-damage|p2a: Galvantula|1/100
|move|p2a: Galvantula|Thunder|p1a: Gyarados
|-supereffective|p1a: Gyarados
|-damage|p1a: Gyarados|0 fnt
|faint|p1a: Gyarados
|
|upkeep
|
|t:|1758340888
|switch|p1a: Cinderace|Cinderace, M|100/100
|turn|8
|
|t:|1758340892
|move|p1a: Cinderace|U-turn|p2a: Galvantula
|-start|p1a: Cinderace|typechange|Bug|[from] ability: Libero
|-damage|p2a: Galvantula|0 fnt
|faint|p2a: Galvantula
|
|t:|1758340922
|switch|p1a: Tinkaton|Tinkaton, F|100/100|[from] U-turn
|-ability|p1a: Tinkaton|Mold Breaker
|-item|p1a: Tinkaton|Air Balloon
|
|upkeep
|
|t:|1758340926
|switch|p2a: Landorus|Landorus-Therian, M|100/100
|-ability|p2a: Landorus|Intimidate|boost
|-unboost|p1a: Tinkaton|atk|1
|turn|9
|
|t:|1758340932
|move|p2a: Landorus|Stone Edge|p1a: Tinkaton
|-resisted|p1a: Tinkaton
|-damage|p1a: Tinkaton|73/100
|-enditem|p1a: Tinkaton|Air Balloon
|move|p1a: Tinkaton|Knock Off|p2a: Landorus
|-damage|p2a: Landorus|88/100
|-enditem|p2a: Landorus|Choice Scarf|[from] move: Knock Off|[of] p1a: Tinkaton
|
|upkeep
|turn|10
|
|t:|1758340940
|switch|p2a: Pecharunt|Pecharunt|100/100
|move|p1a: Tinkaton|Encore||[still]
|-fail|p1a: Tinkaton
|
|upkeep
|turn|11
|
|t:|1758340944
|move|p1a: Tinkaton|Thunder Wave|p2a: Pecharunt|[miss]
|-miss|p1a: Tinkaton|p2a: Pecharunt
|move|p2a: Pecharunt|Shadow Ball|p1a: Tinkaton
|-damage|p1a: Tinkaton|48/100
|
|upkeep
|turn|12
|
|t:|1758340954
|move|p1a: Tinkaton|Thunder Wave|p2a: Pecharunt
|-status|p2a: Pecharunt|par
|move|p2a: Pecharunt|Shadow Ball|p1a: Tinkaton
|-damage|p1a: Tinkaton|23/100
|
|upkeep
|turn|13
|
|t:|1758340966
|move|p1a: Tinkaton|Encore|p2a: Pecharunt
|-start|p2a: Pecharunt|Encore
|move|p2a: Pecharunt|Shadow Ball|p1a: Tinkaton
|-damage|p1a: Tinkaton|0 fnt
|faint|p1a: Tinkaton
|
|upkeep
|
|t:|1758340980
|switch|p1a: Sinistcha|Sinistcha-Masterpiece|100/100
|turn|14
|
|t:|1758340990
|switch|p2a: Kingambit|Kingambit, M|100/100
|-activate|p2a: Kingambit|move: Sticky Web
|-unboost|p2a: Kingambit|spe|1
|-activate|p2a: Kingambit|ability: Supreme Overlord
|-start|p2a: Kingambit|fallen2|[silent]
|move|p1a: Sinistcha|Calm Mind|p1a: Sinistcha
|-boost|p1a: Sinistcha|spa|1
|-boost|p1a: Sinistcha|spd|1
|
|upkeep
|turn|15
|
|t:|1758340998
|switch|p1a: Great Tusk|Great Tusk|100/100
|-enditem|p1a: Great Tusk|Booster Energy
|-activate|p1a: Great Tusk|ability: Protosynthesis|[fromitem]
|-start|p1a: Great Tusk|protosynthesisatk
|move|p2a: Kingambit|Kowtow Cleave|p1a: Great Tusk
|-resisted|p1a: Great Tusk
|-damage|p1a: Great Tusk|82/100
|
|upkeep
|turn|16
|
|t:|1758341030
|-terastallize|p2a: Kingambit|Ghost
|move|p1a: Great Tusk|Bulk Up|p1a: Great Tusk
|-boost|p1a: Great Tusk|atk|1
|-boost|p1a: Great Tusk|def|1
|move|p2a: Kingambit|Swords Dance|p2a: Kingambit
|-boost|p2a: Kingambit|atk|2
|
|upkeep
|turn|17
|
|t:|1758341041
|move|p1a: Great Tusk|Bulk Up|p1a: Great Tusk
|-boost|p1a: Great Tusk|atk|1
|-boost|p1a: Great Tusk|def|1
|move|p2a: Kingambit|Iron Head|p1a: Great Tusk
|-damage|p1a: Great Tusk|45/100
|
|upkeep
|turn|18
|
|t:|1758341049
|move|p1a: Great Tusk|Headlong Rush|p2a: Kingambit
|-damage|p2a: Kingambit|0 fnt
|-unboost|p1a: Great Tusk|def|1
|-unboost|p1a: Great Tusk|spd|1
|faint|p2a: Kingambit
|-end|p2a: Kingambit|fallen2|[silent]
|
|upkeep
|
|t:|1758341053
|switch|p2a: Landorus|Landorus-Therian, M|88/100
|-ability|p2a: Landorus|Intimidate|boost
|-unboost|p1a: Great Tusk|atk|1
|turn|19
|
|t:|1758341062
|move|p1a: Great Tusk|Rapid Spin|p2a: Landorus
|-damage|p2a: Landorus|51/100
|-boost|p1a: Great Tusk|spe|1
|move|p2a: Landorus|Earthquake|p1a: Great Tusk
|-damage|p1a: Great Tusk|16/100
|
|upkeep
|turn|20
|
|t:|1758341070
|move|p1a: Great Tusk|Close Combat|p2a: Landorus
|-resisted|p2a: Landorus
|-crit|p2a: Landorus
|-damage|p2a: Landorus|0 fnt
|-unboost|p1a: Great Tusk|def|1
|-unboost|p1a: Great Tusk|spd|1
|faint|p2a: Landorus
|
|upkeep
|
|t:|1758341074
|switch|p2a: Pecharunt|Pecharunt|100/100 par
|turn|21
|
|t:|1758341078
|move|p1a: Great Tusk|Headlong Rush|p2a: Pecharunt
|-supereffective|p2a: Pecharunt
|-damage|p2a: Pecharunt|9/100 par
|-unboost|p1a: Great Tusk|def|1
|-unboost|p1a: Great Tusk|spd|1
|cant|p2a: Pecharunt|par
|
|upkeep
|turn|22
|
|t:|1758341087
|move|p1a: Great Tusk|Headlong Rush|p2a: Pecharunt
|-supereffective|p2a: Pecharunt
|-damage|p2a: Pecharunt|0 fnt
|-unboost|p1a: Great Tusk|def|1
|-unboost|p1a: Great Tusk|spd|1
|faint|p2a: Pecharunt
|
|upkeep
|
|t:|1758341088
|switch|p2a: Raging Bolt|Raging Bolt|100/100
|-activate|p2a: Raging Bolt|move: Sticky Web
|-unboost|p2a: Raging Bolt|spe|1
|-enditem|p2a: Raging Bolt|Booster Energy
|-activate|p2a: Raging Bolt|ability: Protosynthesis|[fromitem]
|-start|p2a: Raging Bolt|protosynthesisspa
|turn|23
|
|t:|1758341090
|move|p1a: Great Tusk|Headlong Rush|p2a: Raging Bolt
|-supereffective|p2a: Raging Bolt
|-damage|p2a: Raging Bolt|0 fnt
|-unboost|p1a: Great Tusk|def|1
|-unboost|p1a: Great Tusk|spd|1
|faint|p2a: Raging Bolt
|-end|p2a: Raging Bolt|Protosynthesis|[silent]
|
|win|Guerrero105
|raw|Guerrero105's rating: 1423 &rarr; <strong>1443</strong><br />(+20 for winning)
|raw|Mexi-Squad's rating: 1415 &rarr; <strong>1395</strong><br />(-20 for losing)
|l|☆Mexi-Squad
|player|p2|
|l|☆Guerrero105
|player|p1|
