|j|☆DoctorGrizzman
|j|☆Jvhardy
|t:|1758358301
|gametype|singles
|player|p1|DoctorGrizzman|cynthia|1317
|player|p2|Jvhardy|2|1367
|gen|9
|tier|[Gen 9] OU
|rated|
|rule|HP Percentage Mod: HP is shown in percentages
|rule|Endless Battle Clause: Forcing endless battles is banned
|rule|Species Clause: Limit one of each Pokémon
|rule|OHKO Clause: OHKO moves are banned
|rule|Evasion Items Clause: Evasion items are banned
|rule|Evasion Moves Clause: Evasion moves are banned
|rule|Evasion Abilities Clause: Evasion abilities are banned
|rule|Sleep Moves Clause: Sleep-inducing moves are banned
|clearpoke
|poke|p1|Tornadus-Therian, M|
|poke|p1|Great Tusk|
|poke|p1|Dragonite, F|
|poke|p1|Kingambit, F|
|poke|p1|Pecharunt|
|poke|p1|Keldeo-Resolute|
|poke|p2|Gholdengo|
|poke|p2|Tornadus-Therian, M|
|poke|p2|Samurott-Hisui, F|
|poke|p2|Slowking-Galar, F|
|poke|p2|Great Tusk|
|poke|p2|Hydrapple, F|
|teampreview
|inactive|Battle timer is ON: inactive players will automatically lose when time's up. (requested by Jvhardy)
|inactive|Jvhardy has 120 seconds left.
|
|t:|1758358354
|teamsize|p1|6
|teamsize|p2|6
|start
|switch|p1a: Tornadus|Tornadus-Therian, M|100/100
|switch|p2a: Gholdengo|Gholdengo|100/100
|turn|1
|
|t:|1758358372
|move|p2a: Gholdengo|Make It Rain|p1a: Tornadus
|-damage|p1a: Tornadus|19/100
|-unboost|p2a: Gholdengo|spa|1
|move|p1a: Tornadus|U-turn|p2a: Gholdengo
|-resisted|p2a: Gholdengo
|-damage|p2a: Gholdengo|96/100
|inactive|DoctorGrizzman has 120 seconds left.
|
|t:|1758358404
|switch|p1a: Keldeo|Keldeo-Resolute|100/100|[from] U-turn
|
|upkeep
|turn|2
|inactive|DoctorGrizzman has 120 seconds left.
|
|t:|1758358419
|switch|p2a: Hydrapple|Hydrapple, F|100/100
|move|p1a: Keldeo|Hydro Pump|p2a: Hydrapple
|-resisted|p2a: Hydrapple
|-damage|p2a: Hydrapple|83/100
|
|upkeep
|turn|3
|inactive|DoctorGrizzman has 120 seconds left.
|
|t:|1758358430
|switch|p1a: Pecharunt|Pecharunt|100/100
|move|p2a: Hydrapple|Fickle Beam|p1a: Pecharunt
|-damage|p1a: Pecharunt|59/100
|
|-heal|p1a: Pecharunt|65/100|[from] item: Leftovers
|upkeep
|turn|4
|
|t:|1758358444
|switch|p2a: Slowking|Slowking-Galar, F|100/100
|move|p1a: Pecharunt|Parting Shot|p2a: Slowking
|-unboost|p2a: Slowking|atk|1
|-unboost|p2a: Slowking|spa|1
|
|t:|1758358452
|switch|p1a: Kingambit|Kingambit, F, shiny|100/100|[from] Parting Shot
|-item|p1a: Kingambit|Air Balloon
|
|upkeep
|turn|5
|
|t:|1758358461
|switch|p2a: Great Tusk|Great Tusk|100/100
|move|p1a: Kingambit|Kowtow Cleave|p2a: Great Tusk
|-resisted|p2a: Great Tusk
|-damage|p2a: Great Tusk|81/100
|
|upkeep
|turn|6
|
|t:|1758358474
|-end|p1a: Kingambit|fallenundefined|[silent]
|switch|p1a: Tornadus|Tornadus-Therian, M|52/100
|move|p2a: Great Tusk|Stealth Rock|p1a: Tornadus
|-sidestart|p1: DoctorGrizzman|move: Stealth Rock
|
|upkeep
|turn|7
|
|t:|1758358489
|-end|p2a: Great Tusk|Protosynthesis|[silent]
|switch|p2a: Tornadus|Tornadus-Therian, M|100/100
|move|p1a: Tornadus|U-turn|p2a: Tornadus
|-resisted|p2a: Tornadus
|-damage|p2a: Tornadus|91/100
|
|t:|1758358496
|switch|p1a: Great Tusk|Great Tusk, shiny|100/100|[from] U-turn
|-damage|p1a: Great Tusk|98/100|[from] Stealth Rock
|
|upkeep
|turn|8
|
|t:|1758358512
|move|p2a: Tornadus|Bulk Up|p2a: Tornadus
|-boost|p2a: Tornadus|atk|1
|-boost|p2a: Tornadus|def|1
|move|p1a: Great Tusk|Headlong Rush|p2a: Tornadus
|-immune|p2a: Tornadus
|
|upkeep
|turn|9
|
|t:|1758358521
|-end|p1a: Great Tusk|Protosynthesis|[silent]
|switch|p1a: Pecharunt|Pecharunt|65/100
|-damage|p1a: Pecharunt|53/100|[from] Stealth Rock
|move|p2a: Tornadus|Acrobatics|p1a: Pecharunt
|-damage|p1a: Pecharunt|36/100
|
|-heal|p1a: Pecharunt|42/100|[from] item: Leftovers
|upkeep
|turn|10
|inactive|Jvhardy has 120 seconds left.
|
|t:|1758358581
|move|p2a: Tornadus|Acrobatics|p1a: Pecharunt
|-damage|p1a: Pecharunt|26/100
|move|p1a: Pecharunt|Recover|p1a: Pecharunt
|-heal|p1a: Pecharunt|76/100
|
|-heal|p1a: Pecharunt|82/100|[from] item: Leftovers
|upkeep
|turn|11
|
|t:|1758358590
|move|p2a: Tornadus|Taunt|p1a: Pecharunt
|-start|p1a: Pecharunt|move: Taunt
|cant|p1a: Pecharunt|move: Taunt|Parting Shot
|
|-heal|p1a: Pecharunt|88/100|[from] item: Leftovers
|upkeep
|turn|12
|
|t:|1758358599
|switch|p2a: Samurott|Samurott-Hisui, F|100/100
|move|p1a: Pecharunt|Malignant Chain|p2a: Samurott
|-damage|p2a: Samurott|51/100
|-status|p2a: Samurott|tox
|-start|p2a: Samurott|confusion|[from] ability: Poison Puppeteer|[of] p1a: Pecharunt
|
|-heal|p1a: Pecharunt|94/100|[from] item: Leftovers
|-damage|p2a: Samurott|45/100 tox|[from] psn
|upkeep
|turn|13
|
|t:|1758358616
|switch|p1a: Great Tusk|Great Tusk, shiny|98/100
|-damage|p1a: Great Tusk|95/100|[from] Stealth Rock
|-activate|p2a: Samurott|confusion
|move|p2a: Samurott|Ceaseless Edge|p1a: Great Tusk
|-resisted|p1a: Great Tusk
|-damage|p1a: Great Tusk|82/100
|-sidestart|p1: DoctorGrizzman|Spikes
|
|-damage|p2a: Samurott|32/100 tox|[from] psn
|upkeep
|turn|14
|inactive|Jvhardy has 90 seconds left.
|
|t:|1758358646
|move|p1a: Great Tusk|Headlong Rush|p2a: Samurott
|-damage|p2a: Samurott|0 fnt
|-unboost|p1a: Great Tusk|def|1
|-unboost|p1a: Great Tusk|spd|1
|faint|p2a: Samurott
|
|upkeep
|
|t:|1758358651
|switch|p2a: Gholdengo|Gholdengo|96/100
|turn|15
|
|t:|1758358664
|-terastallize|p1a: Great Tusk|Water
|move|p2a: Gholdengo|Shadow Ball|p1a: Great Tusk
|-damage|p1a: Great Tusk|24/100
|move|p1a: Great Tusk|Headlong Rush|p2a: Gholdengo
|-supereffective|p2a: Gholdengo
|-damage|p2a: Gholdengo|0 fnt
|-unboost|p1a: Great Tusk|def|1
|-unboost|p1a: Great Tusk|spd|1
|faint|p2a: Gholdengo
|
|upkeep
|inactive|Jvhardy has 90 seconds left.
|
|t:|1758358678
|switch|p2a: Tornadus|Tornadus-Therian, M|100/100
|turn|16
|
|t:|1758358686
|-end|p1a: Great Tusk|Protosynthesis|[silent]
|switch|p1a: Pecharunt|Pecharunt|94/100
|-damage|p1a: Pecharunt|82/100|[from] Stealth Rock
|-damage|p1a: Pecharunt|69/100|[from] Spikes
|move|p2a: Tornadus|Acrobatics|p1a: Pecharunt
|-damage|p1a: Pecharunt|57/100
|
|-heal|p1a: Pecharunt|63/100|[from] item: Leftovers
|upkeep
|turn|17
|
|t:|1758358701
|switch|p2a: Slowking|Slowking-Galar, F|100/100
|move|p1a: Pecharunt|Malignant Chain|p2a: Slowking
|-resisted|p2a: Slowking
|-damage|p2a: Slowking|87/100
|
|-heal|p1a: Pecharunt|69/100|[from] item: Leftovers
|-heal|p2a: Slowking|93/100|[from] item: Leftovers
|upkeep
|turn|18
|
|t:|1758358709
|move|p1a: Pecharunt|Recover|p1a: Pecharunt
|-heal|p1a: Pecharunt|100/100
|move|p2a: Slowking|Future Sight|p1a: Pecharunt
|-start|p2a: Slowking|move: Future Sight
|
|-heal|p2a: Slowking|99/100|[from] item: Leftovers
|upkeep
|turn|19
|
|t:|1758358724
|move|p1a: Pecharunt|Foul Play|p2a: Slowking
|-supereffective|p2a: Slowking
|-damage|p2a: Slowking|81/100
|-prepare|p2a: Slowking|Chilly Reception|[premajor]
|move|p2a: Slowking|Chilly Reception|p2a: Slowking
|-weather|Snowscape
|
|t:|1758358740
|switch|p2a: Hydrapple|Hydrapple, F|100/100|[from] Chilly Reception
|
|-weather|Snowscape|[upkeep]
|upkeep
|turn|20
|
|t:|1758358750
|switch|p2a: Slowking|Slowking-Galar, F|100/100
|move|p1a: Pecharunt|Malignant Chain|p2a: Slowking
|-resisted|p2a: Slowking
|-crit|p2a: Slowking
|-damage|p2a: Slowking|82/100
|
|-weather|Snowscape|[upkeep]
|-end|p1a: Pecharunt|move: Future Sight
|-supereffective|p1a: Pecharunt
|-damage|p1a: Pecharunt|8/100
|-heal|p1a: Pecharunt|14/100|[from] item: Leftovers
|-heal|p2a: Slowking|88/100|[from] item: Leftovers
|upkeep
|turn|21
|
|t:|1758358762
|move|p1a: Pecharunt|Recover|p1a: Pecharunt
|-heal|p1a: Pecharunt|64/100
|move|p2a: Slowking|Future Sight|p1a: Pecharunt
|-start|p2a: Slowking|move: Future Sight
|
|-weather|Snowscape|[upkeep]
|-heal|p1a: Pecharunt|70/100|[from] item: Leftovers
|-heal|p2a: Slowking|95/100|[from] item: Leftovers
|upkeep
|turn|22
|
|t:|1758358770
|move|p1a: Pecharunt|Recover|p1a: Pecharunt
|-heal|p1a: Pecharunt|100/100
|move|p2a: Slowking|Ice Beam|p1a: Pecharunt
|-damage|p1a: Pecharunt|76/100
|
|-weather|Snowscape|[upkeep]
|-heal|p1a: Pecharunt|82/100|[from] item: Leftovers
|-heal|p2a: Slowking|100/100|[from] item: Leftovers
|upkeep
|turn|23
|
|t:|1758358778
|switch|p1a: Kingambit|Kingambit, F, shiny|100/100
|-damage|p1a: Kingambit|94/100|[from] Stealth Rock
|-item|p1a: Kingambit|Air Balloon
|-prepare|p2a: Slowking|Chilly Reception|[premajor]
|move|p2a: Slowking|Chilly Reception|p2a: Slowking
|
|t:|1758358785
|switch|p2a: Great Tusk|Great Tusk|81/100|[from] Chilly Reception
|
|-weather|none
|-end|p1a: Kingambit|move: Future Sight
|-immune|p1a: Kingambit
|upkeep
|turn|24
|
|t:|1758358802
|-end|p1a: Kingambit|fallenundefined|[silent]
|switch|p1a: Pecharunt|Pecharunt|82/100
|-damage|p1a: Pecharunt|69/100|[from] Stealth Rock
|-damage|p1a: Pecharunt|57/100|[from] Spikes
|move|p2a: Great Tusk|Close Combat|p1a: Pecharunt
|-immune|p1a: Pecharunt
|
|-heal|p1a: Pecharunt|63/100|[from] item: Leftovers
|upkeep
|turn|25
|inactive|Jvhardy has 120 seconds left.
|
|t:|1758358812
|-end|p2a: Great Tusk|Protosynthesis|[silent]
|switch|p2a: Slowking|Slowking-Galar, F|100/100
|move|p1a: Pecharunt|Parting Shot|p2a: Slowking
|-unboost|p2a: Slowking|atk|1
|-unboost|p2a: Slowking|spa|1
|
|t:|1758358816
|switch|p1a: Great Tusk|Great Tusk, shiny, tera:Water|24/100|[from] Parting Shot
|-damage|p1a: Great Tusk|11/100|[from] Stealth Rock
|-damage|p1a: Great Tusk|0 fnt|[from] Spikes
|faint|p1a: Great Tusk
|-end|p1a: Great Tusk|Protosynthesis|[silent]
|
|upkeep
|c|☆DoctorGrizzman|Damn I miscalced
|c|☆DoctorGrizzman|Oh well
|c|☆Jvhardy|I forgot about that aswell
|inactive|DoctorGrizzman has 120 seconds left.
|
|t:|1758358854
|switch|p1a: Dragonite|Dragonite, F|100/100
|-damage|p1a: Dragonite|76/100|[from] Stealth Rock
|turn|26
|
|t:|1758358859
|move|p1a: Dragonite|Dragon Dance|p1a: Dragonite
|-boost|p1a: Dragonite|atk|1
|-boost|p1a: Dragonite|spe|1
|move|p2a: Slowking|Ice Beam|p1a: Dragonite
|-supereffective|p1a: Dragonite
|-damage|p1a: Dragonite|6/100
|
|upkeep
|turn|27
|
|t:|1758358872
|move|p1a: Dragonite|Scale Shot|p2a: Slowking
|-damage|p2a: Slowking|84/100
|-damage|p2a: Slowking|67/100
|-damage|p2a: Slowking|49/100
|-damage|p2a: Slowking|32/100
|-damage|p2a: Slowking|16/100
|-hitcount|p2a: Slowking|5
|-unboost|p1a: Dragonite|def|1
|-boost|p1a: Dragonite|spe|1
|move|p2a: Slowking|Ice Beam|p1a: Dragonite
|-supereffective|p1a: Dragonite
|-damage|p1a: Dragonite|0 fnt
|faint|p1a: Dragonite
|
|-heal|p2a: Slowking|22/100|[from] item: Leftovers
|upkeep
|inactive|DoctorGrizzman has 120 seconds left.
|
|t:|1758358891
|switch|p1a: Tornadus|Tornadus-Therian, M|85/100
|turn|28
|
|t:|1758358897
|switch|p2a: Tornadus|Tornadus-Therian, M|100/100
|move|p1a: Tornadus|Hurricane|p2a: Tornadus|[miss]
|-miss|p1a: Tornadus|p2a: Tornadus
|
|upkeep
|turn|29
|
|t:|1758358925
|move|p1a: Tornadus|Hurricane|p2a: Tornadus
|-damage|p2a: Tornadus|39/100
|move|p2a: Tornadus|Acrobatics|p1a: Tornadus
|-damage|p1a: Tornadus|50/100
|
|upkeep
|turn|30
|inactive|Jvhardy has 120 seconds left.
|
|t:|1758358965
|move|p2a: Tornadus|Acrobatics|p1a: Tornadus
|-damage|p1a: Tornadus|17/100
|move|p1a: Tornadus|Hurricane|p2a: Tornadus|[miss]
|-miss|p1a: Tornadus|p2a: Tornadus
|
|upkeep
|turn|31
|
|t:|1758358972
|switch|p1a: Kingambit|Kingambit, F, shiny|94/100
|-damage|p1a: Kingambit|88/100|[from] Stealth Rock
|-activate|p1a: Kingambit|ability: Supreme Overlord
|-start|p1a: Kingambit|fallen2|[silent]
|-item|p1a: Kingambit|Air Balloon
|move|p2a: Tornadus|Acrobatics|p1a: Kingambit
|-resisted|p1a: Kingambit
|-crit|p1a: Kingambit
|-damage|p1a: Kingambit|75/100
|-enditem|p1a: Kingambit|Air Balloon
|
|upkeep
|turn|32
|
|t:|1758358988
|switch|p2a: Great Tusk|Great Tusk|81/100
|move|p1a: Kingambit|Iron Head|p2a: Great Tusk
|-damage|p2a: Great Tusk|39/100
|
|upkeep
|turn|33
|
|t:|1758359011
|-end|p1a: Kingambit|fallen2|[silent]
|switch|p1a: Keldeo|Keldeo-Resolute|100/100
|-damage|p1a: Keldeo|94/100|[from] Stealth Rock
|-damage|p1a: Keldeo|82/100|[from] Spikes
|move|p2a: Great Tusk|Headlong Rush|p1a: Keldeo
|-damage|p1a: Keldeo|15/100
|-unboost|p2a: Great Tusk|def|1
|-unboost|p2a: Great Tusk|spd|1
|
|upkeep
|turn|34
|
|t:|1758359023
|switch|p1a: Tornadus|Tornadus-Therian, M|50/100
|-end|p2a: Great Tusk|Protosynthesis|[silent]
|switch|p2a: Hydrapple|Hydrapple, F|100/100
|
|upkeep
|turn|35
|
|t:|1758359036
|-terastallize|p2a: Hydrapple|Steel
|move|p1a: Tornadus|U-turn|p2a: Hydrapple
|-resisted|p2a: Hydrapple
|-damage|p2a: Hydrapple|95/100
|
|t:|1758359052
|switch|p1a: Pecharunt|Pecharunt|63/100|[from] U-turn
|-damage|p1a: Pecharunt|51/100|[from] Stealth Rock
|-damage|p1a: Pecharunt|38/100|[from] Spikes
|move|p2a: Hydrapple|Fickle Beam|p1a: Pecharunt
|-damage|p1a: Pecharunt|0 fnt
|faint|p1a: Pecharunt
|
|upkeep
|
|t:|1758359063
|switch|p1a: Keldeo|Keldeo-Resolute|15/100
|-damage|p1a: Keldeo|9/100|[from] Stealth Rock
|-damage|p1a: Keldeo|0 fnt|[from] Spikes
|faint|p1a: Keldeo
|c|☆DoctorGrizzman|Just barely lol
|inactive|DoctorGrizzman has 120 seconds left.
|
|t:|1758359077
|switch|p1a: Kingambit|Kingambit, F, shiny|75/100
|-damage|p1a: Kingambit|69/100|[from] Stealth Rock
|-damage|p1a: Kingambit|57/100|[from] Spikes
|-activate|p1a: Kingambit|ability: Supreme Overlord
|-start|p1a: Kingambit|fallen4|[silent]
|turn|36
|c|☆Jvhardy|Yup
|inactive|Jvhardy has 120 seconds left.
|
|t:|1758359107
|switch|p2a: Tornadus|Tornadus-Therian, M|73/100
|move|p1a: Kingambit|Swords Dance|p1a: Kingambit
|-boost|p1a: Kingambit|atk|2
|
|upkeep
|turn|37
|
|t:|1758359118
|move|p1a: Kingambit|Sucker Punch|p2a: Tornadus
|-damage|p2a: Tornadus|0 fnt
|faint|p2a: Tornadus
|
|upkeep
|
|t:|1758359129
|switch|p2a: Hydrapple|Hydrapple, F, tera:Steel|100/100
|turn|38
|
|t:|1758359135
|move|p1a: Kingambit|Kowtow Cleave|p2a: Hydrapple
|-damage|p2a: Hydrapple|0 fnt
|faint|p2a: Hydrapple
|
|upkeep
|
|t:|1758359140
|switch|p2a: Great Tusk|Great Tusk|39/100
|turn|39
|
|t:|1758359146
|move|p1a: Kingambit|Sucker Punch|p2a: Great Tusk
|-resisted|p2a: Great Tusk
|-damage|p2a: Great Tusk|0 fnt
|faint|p2a: Great Tusk
|-end|p2a: Great Tusk|Protosynthesis|[silent]
|
|upkeep
|
|t:|1758359151
|switch|p2a: Slowking|Slowking-Galar, F|55/100
|turn|40
|c|☆DoctorGrizzman|We love Gambit
|inactive|Jvhardy has 120 seconds left.
|
|t:|1758359157
|move|p1a: Kingambit|Kowtow Cleave|p2a: Slowking
|-supereffective|p2a: Slowking
|-damage|p2a: Slowking|0 fnt
|faint|p2a: Slowking
|
|win|DoctorGrizzman
|raw|DoctorGrizzman's rating: 1317 &rarr; <strong>1340</strong><br />(+23 for winning)
|raw|Jvhardy's rating: 1367 &rarr; <strong>1344</strong><br />(-23 for losing)
|c|☆Jvhardy|Gg
|c|☆DoctorGrizzman|Ggs
