|j|☆Ulyssus
|j|☆totespommes
|t:|1758301188
|gametype|singles
|player|p1|Ulyssus|galacticgruntf|1385
|player|p2|totespommes|red|1422
|gen|9
|tier|[Gen 9] OU
|rated|
|rule|HP Percentage Mod: HP is shown in percentages
|rule|Endless Battle Clause: Forcing endless battles is banned
|rule|Species Clause: Limit one of each Pokémon
|rule|OHKO Clause: OHKO moves are banned
|rule|Evasion Items Clause: Evasion items are banned
|rule|Evasion Moves Clause: Evasion moves are banned
|rule|Evasion Abilities Clause: Evasion abilities are banned
|rule|Sleep Moves Clause: Sleep-inducing moves are banned
|clearpoke
|poke|p1|Zamazenta-*|
|poke|p1|Polteageist-Antique|
|poke|p1|Corviknight, M|
|poke|p1|Serperior, M|
|poke|p1|Blaziken, M|
|poke|p1|Lycanroc-Dusk, M|
|poke|p2|Dragapult, M|
|poke|p2|Glimmora, M|
|poke|p2|Comfey, F|
|poke|p2|Kingambit, M|
|poke|p2|Ogerpon-Wellspring, F|
|poke|p2|Blaziken, M|
|teampreview
|inactive|Battle timer is ON: inactive players will automatically lose when time's up. (requested by Ulyssus)
|
|t:|1758301209
|teamsize|p1|6
|teamsize|p2|6
|start
|switch|p1a: Lycanroc|Lycanroc-Dusk, M|100/100
|switch|p2a: YF-23|Dragapult, M|100/100
|turn|1
|
|t:|1758301235
|switch|p2a: Australia|Glimmora, M|100/100
|move|p1a: Lycanroc|Sucker Punch||[still]
|-fail|p1a: Lycanroc
|
|upkeep
|turn|2
|
|t:|1758301241
|move|p1a: Lycanroc|Swords Dance|p1a: Lycanroc
|-boost|p1a: Lycanroc|atk|2
|move|p2a: Australia|Stealth Rock|p1a: Lycanroc
|-sidestart|p1: Ulyssus|move: Stealth Rock
|
|upkeep
|turn|3
|
|t:|1758301247
|move|p1a: Lycanroc|Psychic Fangs|p2a: Australia
|-supereffective|p2a: Australia
|-damage|p2a: Australia|0 fnt
|-activate|p2a: Australia|ability: Toxic Debris
|-sidestart|p1: Ulyssus|move: Toxic Spikes
|faint|p2a: Australia
|
|upkeep
|
|t:|1758301254
|switch|p2a: YF-23|Dragapult, M|100/100
|turn|4
|
|t:|1758301260
|move|p2a: YF-23|Draco Meteor|p1a: Lycanroc
|-enditem|p1a: Lycanroc|Focus Sash
|-damage|p1a: Lycanroc|1/100
|-unboost|p2a: YF-23|spa|2
|-damage|p2a: YF-23|91/100|[from] item: Life Orb
|move|p1a: Lycanroc|Swords Dance|p1a: Lycanroc
|-boost|p1a: Lycanroc|atk|2
|
|upkeep
|turn|5
|
|t:|1758301270
|move|p1a: Lycanroc|Sucker Punch|p2a: YF-23
|-supereffective|p2a: YF-23
|-damage|p2a: YF-23|0 fnt
|faint|p2a: YF-23
|
|upkeep
|
|t:|1758301272
|switch|p2a: Kamehameha|Comfey, F|100/100
|turn|6
|
|t:|1758301277
|move|p2a: Kamehameha|Draining Kiss|p1a: Lycanroc
|-damage|p1a: Lycanroc|0 fnt
|faint|p1a: Lycanroc
|-damage|p2a: Kamehameha|91/100|[from] item: Life Orb
|
|upkeep
|inactive|Ulyssus has 120 seconds left.
|
|t:|1758301311
|switch|p1a: Corviknight|Corviknight, M|100/100
|-damage|p1a: Corviknight|88/100|[from] Stealth Rock
|turn|7
|
|t:|1758301318
|switch|p2a: HerbsnSpices|Blaziken, M|100/100
|move|p1a: Corviknight|Defog|p2a: HerbsnSpices
|-unboost|p2a: HerbsnSpices|evasion|1
|-sideend|p1: Ulyssus|Toxic Spikes|[from] move: Defog|[of] p1a: Corviknight
|-sideend|p1: Ulyssus|Stealth Rock|[from] move: Defog|[of] p1a: Corviknight
|
|-heal|p1a: Corviknight|94/100|[from] item: Leftovers
|upkeep
|turn|8
|
|t:|1758301333
|switch|p1a: Zamazenta|Zamazenta|100/100
|-ability|p1a: Zamazenta|Dauntless Shield|boost
|-boost|p1a: Zamazenta|def|1
|move|p2a: HerbsnSpices|Knock Off|p1a: Zamazenta
|-resisted|p1a: Zamazenta
|-damage|p1a: Zamazenta|88/100
|-enditem|p1a: Zamazenta|Leftovers|[from] move: Knock Off|[of] p2a: HerbsnSpices
|-damage|p2a: HerbsnSpices|91/100|[from] item: Life Orb
|
|-ability|p2a: HerbsnSpices|Speed Boost|boost
|-boost|p2a: HerbsnSpices|spe|1
|upkeep
|turn|9
|
|t:|1758301341
|switch|p2a: Tears|Ogerpon-Wellspring, F|100/100
|move|p1a: Zamazenta|Substitute|p1a: Zamazenta
|-start|p1a: Zamazenta|Substitute
|-damage|p1a: Zamazenta|64/100
|
|upkeep
|turn|10
|
|t:|1758301347
|move|p1a: Zamazenta|Iron Defense|p1a: Zamazenta
|-boost|p1a: Zamazenta|def|2
|move|p2a: Tears|Taunt|p1a: Zamazenta
|-start|p1a: Zamazenta|move: Taunt
|
|upkeep
|turn|11
|
|t:|1758301350
|move|p1a: Zamazenta|Body Press|p2a: Tears
|-damage|p2a: Tears|0 fnt
|faint|p2a: Tears
|
|upkeep
|-message|totespommes forfeited.
|
|win|Ulyssus
|raw|Ulyssus's rating: 1385 &rarr; <strong>1407</strong><br />(+22 for winning)
|raw|totespommes's rating: 1422 &rarr; <strong>1400</strong><br />(-22 for losing)
|l|☆totespommes
|player|p2|
|l|☆Ulyssus
|player|p1|
