|j|☆NormalDude1989
|j|☆jirushan
|t:|1758351219
|gametype|singles
|player|p1|NormalDude1989|emmet|1562
|player|p2|jirushan|169|1630
|gen|9
|tier|[Gen 9] OU
|rated|
|rule|HP Percentage Mod: HP is shown in percentages
|rule|Endless Battle Clause: Forcing endless battles is banned
|rule|Species Clause: Limit one of each Pokémon
|rule|OHKO Clause: OHKO moves are banned
|rule|Evasion Items Clause: Evasion items are banned
|rule|Evasion Moves Clause: Evasion moves are banned
|rule|Evasion Abilities Clause: Evasion abilities are banned
|rule|Sleep Moves Clause: Sleep-inducing moves are banned
|clearpoke
|poke|p1|Kingambit, M|
|poke|p1|Hatterene, F|
|poke|p1|Ogerpon-Wellspring, F|
|poke|p1|Great Tusk|
|poke|p1|Latios, M|
|poke|p1|Zapdos|
|poke|p2|Ting-Lu|
|poke|p2|Zapdos|
|poke|p2|Alomomola, M|
|poke|p2|Kyurem|
|poke|p2|Weezing-Galar, F|
|poke|p2|Zamazenta-*|
|teampreview
|
|t:|1758351253
|teamsize|p1|6
|teamsize|p2|6
|start
|switch|p1a: Minerva|Hatterene, F|100/100
|switch|p2a: Ting-Lu|Ting-Lu|100/100
|-ability|p2a: Ting-Lu|Vessel of Ruin
|turn|1
|
|t:|1758351257
|move|p2a: Ting-Lu|Earthquake|p1a: Minerva
|-damage|p1a: Minerva|50/100
|move|p1a: Minerva|Draining Kiss|p2a: Ting-Lu
|-supereffective|p2a: Ting-Lu
|-damage|p2a: Ting-Lu|79/100
|-heal|p1a: Minerva|76/100|[from] drain|[of] p2a: Ting-Lu
|
|upkeep
|turn|2
|
|t:|1758351263
|move|p2a: Ting-Lu|Earthquake|p1a: Minerva
|-damage|p1a: Minerva|24/100
|move|p1a: Minerva|Draining Kiss|p2a: Ting-Lu
|-supereffective|p2a: Ting-Lu
|-damage|p2a: Ting-Lu|60/100
|-heal|p1a: Minerva|49/100|[from] drain|[of] p2a: Ting-Lu
|
|upkeep
|turn|3
|
|t:|1758351272
|move|p2a: Ting-Lu|Earthquake|p1a: Minerva
|-damage|p1a: Minerva|0 fnt
|faint|p1a: Minerva
|
|upkeep
|
|t:|1758351276
|switch|p1a: Carly Beth|Ogerpon-Wellspring, F|100/100
|turn|4
|
|t:|1758351281
|switch|p2a: Alomomola|Alomomola, M|100/100
|move|p1a: Carly Beth|Wood Hammer|p2a: Alomomola
|-supereffective|p2a: Alomomola
|-damage|p2a: Alomomola|19/100
|-damage|p1a: Carly Beth|58/100|[from] Recoil
|-enditem|p2a: Alomomola|Eject Button
|
|t:|1758351294
|switch|p2a: Zamazenta|Zamazenta|100/100
|-ability|p2a: Zamazenta|Dauntless Shield|boost
|-boost|p2a: Zamazenta|def|1
|
|upkeep
|turn|5
|
|t:|1758351300
|move|p2a: Zamazenta|Stone Edge|p1a: Carly Beth|[miss]
|-miss|p2a: Zamazenta|p1a: Carly Beth
|move|p1a: Carly Beth|U-turn|p2a: Zamazenta
|-resisted|p2a: Zamazenta
|-damage|p2a: Zamazenta|92/100
|
|t:|1758351305
|switch|p1a: Morpho|Zapdos|100/100|[from] U-turn
|
|upkeep
|turn|6
|
|t:|1758351312
|switch|p2a: Zapdos|Zapdos|100/100
|move|p1a: Morpho|Hurricane|p2a: Zapdos
|-resisted|p2a: Zapdos
|-damage|p2a: Zapdos|84/100
|
|upkeep
|turn|7
|
|t:|1758351319
|move|p2a: Zapdos|Volt Switch|p1a: Morpho
|-damage|p1a: Morpho|67/100
|
|t:|1758351323
|switch|p2a: Ting-Lu|Ting-Lu|60/100|[from] Volt Switch
|-ability|p2a: Ting-Lu|Vessel of Ruin
|move|p1a: Morpho|Volt Switch|p2a: Ting-Lu
|-immune|p2a: Ting-Lu
|
|upkeep
|turn|8
|
|t:|1758351330
|move|p1a: Morpho|Hurricane|p2a: Ting-Lu
|-crit|p2a: Ting-Lu
|-damage|p2a: Ting-Lu|30/100
|move|p2a: Ting-Lu|Rock Tomb|p1a: Morpho
|-supereffective|p1a: Morpho
|-damage|p1a: Morpho|41/100
|-unboost|p1a: Morpho|spe|1
|
|upkeep
|turn|9
|
|t:|1758351338
|move|p1a: Morpho|Roost|p1a: Morpho
|-heal|p1a: Morpho|91/100
|-singleturn|p1a: Morpho|move: Roost
|move|p2a: Ting-Lu|Earthquake|p1a: Morpho
|-supereffective|p1a: Morpho
|-damage|p1a: Morpho|21/100
|
|upkeep
|turn|10
|
|t:|1758351346
|move|p1a: Morpho|Roost|p1a: Morpho
|-heal|p1a: Morpho|72/100
|-singleturn|p1a: Morpho|move: Roost
|move|p2a: Ting-Lu|Rock Tomb|p1a: Morpho|[miss]
|-miss|p2a: Ting-Lu|p1a: Morpho
|
|upkeep
|turn|11
|
|t:|1758351353
|switch|p1a: Ivan|Great Tusk|100/100
|switch|p2a: Kyurem|Kyurem|100/100
|-ability|p2a: Kyurem|Pressure
|
|upkeep
|turn|12
|
|t:|1758351365
|-terastallize|p1a: Ivan|Fire
|move|p1a: Ivan|Rapid Spin|p2a: Kyurem
|-damage|p2a: Kyurem|86/100
|-boost|p1a: Ivan|spe|1
|move|p2a: Kyurem|Ice Beam|p1a: Ivan
|-resisted|p1a: Ivan
|-damage|p1a: Ivan|65/100
|
|-heal|p1a: Ivan|71/100|[from] item: Leftovers
|upkeep
|turn|13
|
|t:|1758351373
|move|p1a: Ivan|Headlong Rush|p2a: Kyurem
|-damage|p2a: Kyurem|37/100
|-unboost|p1a: Ivan|def|1
|-unboost|p1a: Ivan|spd|1
|move|p2a: Kyurem|Earth Power|p1a: Ivan
|-supereffective|p1a: Ivan
|-damage|p1a: Ivan|0 fnt
|faint|p1a: Ivan
|-end|p1a: Ivan|Protosynthesis|[silent]
|
|upkeep
|
|t:|1758351381
|switch|p1a: Azure|Latios, M|100/100
|turn|14
|
|t:|1758351392
|switch|p2a: Zapdos|Zapdos|84/100
|move|p1a: Azure|Luster Purge|p2a: Zapdos
|-damage|p2a: Zapdos|41/100
|-unboost|p2a: Zapdos|spd|1
|
|upkeep
|turn|15
|
|t:|1758351413
|switch|p2a: Ting-Lu|Ting-Lu|30/100
|-ability|p2a: Ting-Lu|Vessel of Ruin
|move|p1a: Azure|Calm Mind|p1a: Azure
|-boost|p1a: Azure|spa|1
|-boost|p1a: Azure|spd|1
|
|upkeep
|turn|16
|
|t:|1758351424
|-terastallize|p2a: Ting-Lu|Fairy
|move|p1a: Azure|Aura Sphere|p2a: Ting-Lu
|-resisted|p2a: Ting-Lu
|-damage|p2a: Ting-Lu|22/100
|move|p2a: Ting-Lu|Tera Blast|p1a: Azure|[anim] Tera Blast Fairy
|-supereffective|p1a: Azure
|-damage|p1a: Azure|0 fnt
|faint|p1a: Azure
|
|upkeep
|
|t:|1758351436
|switch|p1a: Carly Beth|Ogerpon-Wellspring, F|58/100
|turn|17
|
|t:|1758351447
|move|p1a: Carly Beth|Ivy Cudgel|p2a: Ting-Lu|[anim] Ivy Cudgel Water
|-damage|p2a: Ting-Lu|0 fnt
|faint|p2a: Ting-Lu
|
|upkeep
|
|t:|1758351450
|switch|p2a: Weezing|Weezing-Galar, F|100/100
|-ability|p2a: Weezing|Neutralizing Gas
|turn|18
|
|t:|1758351459
|move|p1a: Carly Beth|Swords Dance|p1a: Carly Beth
|-boost|p1a: Carly Beth|atk|2
|move|p2a: Weezing|Will-O-Wisp|p1a: Carly Beth
|-status|p1a: Carly Beth|brn
|
|-damage|p1a: Carly Beth|52/100 brn|[from] brn
|upkeep
|turn|19
|
|t:|1758351463
|move|p1a: Carly Beth|Swords Dance|p1a: Carly Beth
|-boost|p1a: Carly Beth|atk|2
|move|p2a: Weezing|Sludge Bomb|p1a: Carly Beth
|-supereffective|p1a: Carly Beth
|-damage|p1a: Carly Beth|0 fnt
|faint|p1a: Carly Beth
|
|upkeep
|
|t:|1758351466
|switch|p1a: Muramasa|Kingambit, M|100/100
|turn|20
|
|t:|1758351470
|move|p2a: Weezing|Will-O-Wisp|p1a: Muramasa
|-status|p1a: Muramasa|brn
|move|p1a: Muramasa|Swords Dance|p1a: Muramasa
|-boost|p1a: Muramasa|atk|2
|
|-damage|p1a: Muramasa|94/100 brn|[from] brn
|upkeep
|turn|21
|
|t:|1758351475
|-end|p2a: Weezing|ability: Neutralizing Gas
|-activate|p1a: Muramasa|ability: Supreme Overlord
|-start|p1a: Muramasa|fallen4|[silent]
|switch|p2a: Zamazenta|Zamazenta|92/100
|move|p1a: Muramasa|Swords Dance|p1a: Muramasa
|-boost|p1a: Muramasa|atk|2
|
|-heal|p1a: Muramasa|100/100 brn|[from] item: Leftovers
|-damage|p1a: Muramasa|94/100 brn|[from] brn
|upkeep
|turn|22
|
|t:|1758351481
|-end|p1a: Muramasa|fallen4|[silent]
|switch|p1a: Morpho|Zapdos|72/100
|move|p2a: Zamazenta|Close Combat|p1a: Morpho
|-resisted|p1a: Morpho
|-damage|p1a: Morpho|39/100
|-unboost|p2a: Zamazenta|def|1
|-unboost|p2a: Zamazenta|spd|1
|-damage|p2a: Zamazenta|76/100|[from] item: Rocky Helmet|[of] p1a: Morpho
|-damage|p2a: Zamazenta|66/100|[from] item: Life Orb
|
|upkeep
|turn|23
|
|t:|1758351487
|move|p2a: Zamazenta|Stone Edge|p1a: Morpho
|-supereffective|p1a: Morpho
|-damage|p1a: Morpho|0 fnt
|faint|p1a: Morpho
|-damage|p2a: Zamazenta|56/100|[from] item: Life Orb
|
|upkeep
|c|☆NormalDude1989|nice luck scrub
|c|☆NormalDude1989|bg
|-message|NormalDude1989 forfeited.
|
|win|jirushan
|raw|NormalDude1989's rating: 1562 &rarr; <strong>1546</strong><br />(-16 for losing)
|raw|jirushan's rating: 1630 &rarr; <strong>1646</strong><br />(+16 for winning)
|l|☆NormalDude1989
|player|p1|
|c|☆jirushan|lol
|c|☆jirushan|nice tera bruh
|l|☆jirushan
|player|p2|
