|j|☆finnlilienthal
|j|☆kabutopzboy
|t:|1758262322
|gametype|singles
|player|p1|finnlilienthal|266|1164
|player|p2|kabutopzboy|volkner|1211
|gen|9
|tier|[Gen 9] OU
|rated|
|rule|HP Percentage Mod: HP is shown in percentages
|rule|Endless Battle Clause: Forcing endless battles is banned
|rule|Species Clause: Limit one of each Pokémon
|rule|OHKO Clause: OHKO moves are banned
|rule|Evasion Items Clause: Evasion items are banned
|rule|Evasion Moves Clause: Evasion moves are banned
|rule|Evasion Abilities Clause: Evasion abilities are banned
|rule|Sleep Moves Clause: Sleep-inducing moves are banned
|clearpoke
|poke|p1|Pelipper, M|
|poke|p1|Zapdos|
|poke|p1|Blastoise, F|
|poke|p1|Torterra, M|
|poke|p1|Muk-Alola, M|
|poke|p1|Weezing-Galar, M|
|poke|p2|Dragapult, M|
|poke|p2|Dragonite, F|
|poke|p2|Jolteon, F|
|poke|p2|Zapdos|
|poke|p2|Excadrill, M|
|poke|p2|Venusaur, F|
|teampreview
|
|t:|1758262342
|teamsize|p1|6
|teamsize|p2|6
|start
|switch|p1a: Zapdos|Zapdos|100/100
|switch|p2a: Dragonite|Dragonite, F|100/100
|turn|1
|
|t:|1758262351
|move|p1a: Zapdos|Volt Switch|p2a: Dragonite
|-damage|p2a: Dragonite|81/100
|
|t:|1758262354
|switch|p1a: Weezing|Weezing-Galar, M|100/100|[from] Volt Switch
|-ability|p1a: Weezing|Neutralizing Gas
|move|p2a: Dragonite|Dragon Dance|p2a: Dragonite
|-boost|p2a: Dragonite|atk|1
|-boost|p2a: Dragonite|spe|1
|
|upkeep
|turn|2
|
|t:|1758262365
|move|p2a: Dragonite|Earthquake|p1a: Weezing
|-supereffective|p1a: Weezing
|-damage|p1a: Weezing|20/100
|move|p1a: Weezing|Destiny Bond|p1a: Weezing
|-singlemove|p1a: Weezing|Destiny Bond
|
|-heal|p1a: Weezing|26/100|[from] item: Black Sludge
|upkeep
|turn|3
|
|t:|1758262374
|move|p2a: Dragonite|Dragon Dance|p2a: Dragonite
|-boost|p2a: Dragonite|atk|1
|-boost|p2a: Dragonite|spe|1
|move|p1a: Weezing|Destiny Bond||[still]
|-fail|p1a: Weezing
|
|-heal|p1a: Weezing|32/100|[from] item: Black Sludge
|upkeep
|turn|4
|
|t:|1758262381
|move|p1a: Weezing|Protect|p1a: Weezing
|-singleturn|p1a: Weezing|Protect
|move|p2a: Dragonite|Earthquake|p1a: Weezing
|-activate|p1a: Weezing|move: Protect
|
|-heal|p1a: Weezing|38/100|[from] item: Black Sludge
|upkeep
|turn|5
|
|t:|1758262392
|-end|p1a: Weezing|ability: Neutralizing Gas
|switch|p1a: Pelipper|Pelipper, M, shiny|100/100
|-weather|RainDance|[from] ability: Drizzle|[of] p1a: Pelipper
|move|p2a: Dragonite|Ice Spinner|p1a: Pelipper
|-damage|p1a: Pelipper|52/100
|
|-weather|RainDance|[upkeep]
|upkeep
|turn|6
|
|t:|1758262411
|switch|p1a: Blastoise|Blastoise, F|100/100
|move|p2a: Dragonite|Ice Spinner|p1a: Blastoise
|-resisted|p1a: Blastoise
|-damage|p1a: Blastoise|74/100
|
|-weather|RainDance|[upkeep]
|-heal|p1a: Blastoise|80/100|[from] ability: Rain Dish
|upkeep
|turn|7
|
|t:|1758262420
|move|p2a: Dragonite|Hurricane|p1a: Blastoise
|-damage|p1a: Blastoise|64/100
|move|p1a: Blastoise|Blizzard|p2a: Dragonite
|-supereffective|p2a: Dragonite
|-crit|p2a: Dragonite
|-damage|p2a: Dragonite|0 fnt
|faint|p2a: Dragonite
|
|-weather|RainDance|[upkeep]
|-heal|p1a: Blastoise|70/100|[from] ability: Rain Dish
|upkeep
|
|t:|1758262430
|switch|p2a: Jolteon|Jolteon, F|100/100
|turn|8
|
|t:|1758262439
|move|p2a: Jolteon|Calm Mind|p2a: Jolteon
|-boost|p2a: Jolteon|spa|1
|-boost|p2a: Jolteon|spd|1
|move|p1a: Blastoise|Mirror Coat||[still]
|-fail|p1a: Blastoise
|
|-weather|RainDance|[upkeep]
|-heal|p1a: Blastoise|76/100|[from] ability: Rain Dish
|upkeep
|turn|9
|
|t:|1758262447
|switch|p1a: Torterra|Torterra, M|100/100
|move|p2a: Jolteon|Calm Mind|p2a: Jolteon
|-boost|p2a: Jolteon|spa|1
|-boost|p2a: Jolteon|spd|1
|
|-weather|RainDance|[upkeep]
|upkeep
|turn|10
|
|t:|1758262455
|-terastallize|p2a: Jolteon|Fairy
|move|p2a: Jolteon|Alluring Voice|p1a: Torterra
|-damage|p1a: Torterra|21/100
|move|p1a: Torterra|Earthquake|p2a: Jolteon
|-damage|p2a: Jolteon|27/100
|
|-weather|RainDance|[upkeep]
|-heal|p1a: Torterra|27/100|[from] item: Leftovers
|upkeep
|turn|11
|
|t:|1758262465
|switch|p1a: Muk|Muk-Alola, M|100/100
|move|p2a: Jolteon|Alluring Voice|p1a: Muk
|-damage|p1a: Muk|65/100
|
|-weather|RainDance|[upkeep]
|upkeep
|turn|12
|
|t:|1758262474
|move|p2a: Jolteon|Thunder|p1a: Muk
|-damage|p1a: Muk|19/100
|move|p1a: Muk|Poison Jab|p2a: Jolteon
|-supereffective|p2a: Jolteon
|-damage|p2a: Jolteon|0 fnt
|faint|p2a: Jolteon
|
|-weather|none
|upkeep
|
|t:|1758262487
|switch|p2a: Dragapult|Dragapult, M|100/100
|turn|13
|
|t:|1758262491
|move|p1a: Muk|Shadow Sneak|p2a: Dragapult
|-supereffective|p2a: Dragapult
|-damage|p2a: Dragapult|80/100
|-enditem|p2a: Dragapult|Weakness Policy
|-boost|p2a: Dragapult|atk|2|[from] item: Weakness Policy
|-boost|p2a: Dragapult|spa|2|[from] item: Weakness Policy
|move|p2a: Dragapult|Will-O-Wisp|p1a: Muk
|-status|p1a: Muk|brn
|
|-damage|p1a: Muk|13/100 brn|[from] brn
|upkeep
|turn|14
|
|t:|1758262501
|move|p1a: Muk|Shadow Sneak|p2a: Dragapult
|-supereffective|p2a: Dragapult
|-damage|p2a: Dragapult|69/100
|move|p2a: Dragapult|Dragon Darts|p1a: Muk
|-damage|p1a: Muk|0 fnt
|faint|p1a: Muk
|
|upkeep
|
|t:|1758262510
|switch|p1a: Weezing|Weezing-Galar, M|38/100
|-ability|p1a: Weezing|Neutralizing Gas
|turn|15
|
|t:|1758262516
|move|p2a: Dragapult|Hex|p1a: Weezing
|-damage|p1a: Weezing|0 fnt
|faint|p1a: Weezing
|-end|p1a: Weezing|ability: Neutralizing Gas
|
|upkeep
|
|t:|1758262524
|switch|p1a: Blastoise|Blastoise, F|76/100
|turn|16
|
|t:|1758262528
|-terastallize|p1a: Blastoise|Ice
|move|p2a: Dragapult|Dragon Darts|p1a: Blastoise
|-damage|p1a: Blastoise|41/100
|-anim|p2a: Dragapult|Dragon Darts|p1a: Blastoise
|-damage|p1a: Blastoise|5/100
|move|p1a: Blastoise|Blizzard|p2a: Dragapult
|-supereffective|p2a: Dragapult
|-damage|p2a: Dragapult|0 fnt
|faint|p2a: Dragapult
|
|upkeep
|
|t:|1758262541
|switch|p2a: Zapdos|Zapdos|100/100
|turn|17
|
|t:|1758262545
|move|p2a: Zapdos|Weather Ball|p1a: Blastoise
|-damage|p1a: Blastoise|0 fnt
|faint|p1a: Blastoise
|
|upkeep
|
|t:|1758262554
|switch|p1a: Torterra|Torterra, M|27/100
|turn|18
|
|t:|1758262561
|move|p2a: Zapdos|Hurricane|p1a: Torterra
|-supereffective|p1a: Torterra
|-damage|p1a: Torterra|0 fnt
|faint|p1a: Torterra
|
|upkeep
|
|t:|1758262572
|switch|p1a: Pelipper|Pelipper, M, shiny|52/100
|-weather|RainDance|[from] ability: Drizzle|[of] p1a: Pelipper
|turn|19
|
|t:|1758262578
|switch|p1a: Zapdos|Zapdos|100/100
|move|p2a: Zapdos|Thunder|p1a: Zapdos
|-crit|p1a: Zapdos
|-damage|p1a: Zapdos|1/100
|
|-weather|RainDance|[upkeep]
|upkeep
|turn|20
|
|t:|1758262586
|move|p1a: Zapdos|Thunder|p2a: Zapdos
|-damage|p2a: Zapdos|31/100
|move|p2a: Zapdos|Thunder|p1a: Zapdos
|-damage|p1a: Zapdos|0 fnt
|faint|p1a: Zapdos
|
|-weather|RainDance|[upkeep]
|upkeep
|-message|finnlilienthal forfeited.
|
|win|kabutopzboy
|raw|finnlilienthal's rating: 1164 &rarr; <strong>1142</strong><br />(-22 for losing)
|raw|kabutopzboy's rating: 1211 &rarr; <strong>1233</strong><br />(+22 for winning)
|l|☆finnlilienthal
|player|p1|
|l|☆kabutopzboy
|player|p2|
