|j|☆jinu55
|j|☆tombo42
|t:|1758260377
|gametype|singles
|player|p1|jinu55|byron|1264
|player|p2|tombo42|265|1266
|gen|9
|tier|[Gen 9] OU
|rated|
|rule|HP Percentage Mod: HP is shown in percentages
|rule|Endless Battle Clause: Forcing endless battles is banned
|rule|Species Clause: Limit one of each Pokémon
|rule|OHKO Clause: OHKO moves are banned
|rule|Evasion Items Clause: Evasion items are banned
|rule|Evasion Moves Clause: Evasion moves are banned
|rule|Evasion Abilities Clause: Evasion abilities are banned
|rule|Sleep Moves Clause: Sleep-inducing moves are banned
|clearpoke
|poke|p1|Hitmonlee, M|
|poke|p1|Azumarill, F|
|poke|p1|Blaziken, M|
|poke|p1|Meowscarada, M|
|poke|p1|Donphan, F|
|poke|p1|Dragonite, F|
|poke|p2|Landorus-Therian, M|
|poke|p2|Dragapult, M|
|poke|p2|Iron Treads|
|poke|p2|Ogerpon-Wellspring, F|
|poke|p2|Enamorus, F|
|poke|p2|Slowking-Galar, M|
|teampreview
|inactive|Battle timer is ON: inactive players will automatically lose when time's up. (requested by jinu55)
|
|t:|1758260404
|teamsize|p1|6
|teamsize|p2|6
|start
|switch|p1a: Meowscarada|Meowscarada, M|100/100
|switch|p2a: Enamorus|Enamorus, F|100/100
|turn|1
|
|t:|1758260410
|move|p2a: Enamorus|Moonblast|p1a: Meowscarada
|-supereffective|p1a: Meowscarada
|-enditem|p1a: Meowscarada|Focus Sash
|-damage|p1a: Meowscarada|1/100
|move|p1a: Meowscarada|Triple Axel|p2a: Enamorus
|-supereffective|p2a: Enamorus
|-damage|p2a: Enamorus|81/100
|-supereffective|p2a: Enamorus
|-damage|p2a: Enamorus|42/100
|-supereffective|p2a: Enamorus
|-damage|p2a: Enamorus|0 fnt
|faint|p2a: Enamorus
|-hitcount|p2: Enamorus|3
|
|upkeep
|
|t:|1758260423
|switch|p2a: Landorus|Landorus-Therian, M|100/100
|-ability|p2a: Landorus|Intimidate|boost
|-unboost|p1a: Meowscarada|atk|1
|turn|2
|
|t:|1758260433
|-terastallize|p2a: Landorus|Water
|move|p1a: Meowscarada|Triple Axel|p2a: Landorus
|-resisted|p2a: Landorus
|-damage|p2a: Landorus|98/100
|-damage|p1a: Meowscarada|0 fnt|[from] item: Rocky Helmet|[of] p2a: Landorus
|faint|p1a: Meowscarada
|-hitcount|p2a: Landorus|1
|move|p2a: Landorus|U-turn|p1: Meowscarada|[notarget]
|-fail|p2a: Landorus
|
|upkeep
|
|t:|1758260447
|switch|p1a: Hitmonlee|Hitmonlee, M|100/100
|turn|3
|
|t:|1758260461
|switch|p2a: Ogerpon|Ogerpon-Wellspring, F|100/100
|move|p1a: Hitmonlee|High Jump Kick|p2a: Ogerpon
|-crit|p2a: Ogerpon
|-damage|p2a: Ogerpon|0 fnt
|faint|p2a: Ogerpon
|
|upkeep
|
|t:|1758260472
|switch|p2a: Dragapult|Dragapult, M|100/100
|turn|4
|
|t:|1758260480
|switch|p1a: Donphan|Donphan, F|100/100
|move|p2a: Dragapult|Shadow Ball|p1a: Donphan
|-damage|p1a: Donphan|18/100
|
|upkeep
|turn|5
|
|t:|1758260487
|move|p1a: Donphan|Ice Shard|p2a: Dragapult
|-supereffective|p2a: Dragapult
|-damage|p2a: Dragapult|63/100
|move|p2a: Dragapult|Shadow Ball|p1a: Donphan
|-damage|p1a: Donphan|0 fnt
|faint|p1a: Donphan
|
|upkeep
|
|t:|1758260501
|switch|p1a: Azumarill|Azumarill, F|100/100
|turn|6
|
|t:|1758260513
|move|p2a: Dragapult|Shadow Ball|p1a: Azumarill
|-damage|p1a: Azumarill|46/100
|-enditem|p1a: Azumarill|Sitrus Berry|[eat]
|-heal|p1a: Azumarill|71/100|[from] item: Sitrus Berry
|move|p1a: Azumarill|Belly Drum|p1a: Azumarill
|-damage|p1a: Azumarill|21/100
|-setboost|p1a: Azumarill|atk|6|[from] move: Belly Drum
|
|upkeep
|turn|7
|
|t:|1758260527
|switch|p2a: Landorus|Landorus-Therian, M, tera:Water|98/100
|-ability|p2a: Landorus|Intimidate|boost
|-unboost|p1a: Azumarill|atk|1
|move|p1a: Azumarill|Aqua Jet|p2a: Landorus
|-resisted|p2a: Landorus
|-damage|p2a: Landorus|44/100
|-damage|p1a: Azumarill|5/100|[from] item: Rocky Helmet|[of] p2a: Landorus
|
|upkeep
|turn|8
|
|t:|1758260537
|move|p1a: Azumarill|Aqua Jet|p2a: Landorus
|-resisted|p2a: Landorus
|-damage|p2a: Landorus|0 fnt
|-damage|p1a: Azumarill|0 fnt|[from] item: Rocky Helmet|[of] p2a: Landorus
|faint|p2a: Landorus
|faint|p1a: Azumarill
|
|upkeep
|
|t:|1758260551
|switch|p2a: Slowking|Slowking-Galar, M|100/100
|switch|p1a: Dragonite|Dragonite, F|100/100
|turn|9
|
|t:|1758260557
|move|p1a: Dragonite|Dragon Dance|p1a: Dragonite
|-boost|p1a: Dragonite|atk|1
|-boost|p1a: Dragonite|spe|1
|move|p2a: Slowking|Ice Beam|p1a: Dragonite
|-supereffective|p1a: Dragonite
|-damage|p1a: Dragonite|39/100
|-enditem|p1a: Dragonite|Weakness Policy
|-boost|p1a: Dragonite|atk|2|[from] item: Weakness Policy
|-boost|p1a: Dragonite|spa|2|[from] item: Weakness Policy
|
|upkeep
|turn|10
|
|t:|1758260565
|move|p1a: Dragonite|Earthquake|p2a: Slowking
|-supereffective|p2a: Slowking
|-damage|p2a: Slowking|0 fnt
|faint|p2a: Slowking
|
|upkeep
|
|t:|1758260570
|switch|p2a: Iron Treads|Iron Treads|100/100
|-enditem|p2a: Iron Treads|Booster Energy
|-activate|p2a: Iron Treads|ability: Quark Drive|[fromitem]
|-start|p2a: Iron Treads|quarkdrivespe
|turn|11
|
|t:|1758260580
|-terastallize|p1a: Dragonite|Normal
|move|p2a: Iron Treads|Ice Spinner|p1a: Dragonite
|-damage|p1a: Dragonite|9/100
|move|p1a: Dragonite|Earthquake|p2a: Iron Treads
|-supereffective|p2a: Iron Treads
|-damage|p2a: Iron Treads|0 fnt
|faint|p2a: Iron Treads
|-end|p2a: Iron Treads|Quark Drive|[silent]
|
|upkeep
|
|t:|1758260589
|switch|p2a: Dragapult|Dragapult, M|63/100
|turn|12
|
|t:|1758260596
|move|p1a: Dragonite|Earthquake|p2a: Dragapult
|-damage|p2a: Dragapult|0 fnt
|faint|p2a: Dragapult
|
|win|jinu55
|raw|jinu55's rating: 1264 &rarr; <strong>1289</strong><br />(+25 for winning)
|raw|tombo42's rating: 1266 &rarr; <strong>1241</strong><br />(-25 for losing)
|l|☆tombo42
|player|p2|
|l|☆jinu55
|player|p1|
