|j|☆Scepticskep
|j|☆bigtwigrandy
|t:|1758239903
|gametype|singles
|player|p1|Scepticskep|2|1431
|player|p2|bigtwigrandy|2|1486
|gen|9
|tier|[Gen 9] OU
|rated|
|rule|HP Percentage Mod: HP is shown in percentages
|rule|Endless Battle Clause: Forcing endless battles is banned
|rule|Species Clause: Limit one of each Pokémon
|rule|OHKO Clause: OHKO moves are banned
|rule|Evasion Items Clause: Evasion items are banned
|rule|Evasion Moves Clause: Evasion moves are banned
|rule|Evasion Abilities Clause: Evasion abilities are banned
|rule|Sleep Moves Clause: Sleep-inducing moves are banned
|clearpoke
|poke|p1|Indeedee, M|
|poke|p1|Hatterene, F|
|poke|p1|Ursaluna, F|
|poke|p1|Iron Hands|
|poke|p1|Hoopa-Unbound|
|poke|p1|Mimikyu, F|
|poke|p2|Pecharunt|
|poke|p2|Great Tusk|
|poke|p2|Ogerpon-Wellspring, F|
|poke|p2|Iron Crown|
|poke|p2|Landorus-Therian, M|
|poke|p2|Samurott-Hisui, F|
|teampreview
|inactive|Battle timer is ON: inactive players will automatically lose when time's up. (requested by bigtwigrandy)
|inactive|Scepticskep also wants the timer to be on.
|
|t:|1758239913
|teamsize|p1|6
|teamsize|p2|6
|start
|switch|p1a: Subaru|Indeedee, M, shiny|100/100
|switch|p2a: Iron Crown|Iron Crown|100/100
|-fieldstart|move: Psychic Terrain|[from] ability: Psychic Surge|[of] p1a: Subaru
|turn|1
|
|t:|1758239919
|-end|p2a: Iron Crown|Quark Drive|[silent]
|switch|p2a: Samurott|Samurott-Hisui, F|100/100
|move|p1a: Subaru|Trick Room|p1a: Subaru
|-fieldstart|move: Trick Room|[of] p1a: Subaru
|
|upkeep
|turn|2
|
|t:|1758239927
|switch|p1a: Crashout YN|Ursaluna, F, shiny|100/100
|move|p2a: Samurott|Ceaseless Edge|p1a: Crashout YN
|-damage|p1a: Crashout YN|64/100
|-sidestart|p1: Scepticskep|Spikes
|
|-status|p1a: Crashout YN|brn|[from] item: Flame Orb
|upkeep
|turn|3
|
|t:|1758239933
|move|p1a: Crashout YN|Facade|p2a: Samurott
|-damage|p2a: Samurott|0 fnt
|faint|p2a: Samurott
|
|-damage|p1a: Crashout YN|58/100 brn|[from] brn
|upkeep
|
|t:|1758239941
|switch|p2a: Pecharunt|Pecharunt|100/100
|turn|4
|
|t:|1758239943
|switch|p2a: Landorus|Landorus-Therian, M|100/100
|-ability|p2a: Landorus|Intimidate|boost
|-unboost|p1a: Crashout YN|atk|1
|move|p1a: Crashout YN|Headlong Rush|p2a: Landorus
|-immune|p2a: Landorus
|
|-damage|p1a: Crashout YN|51/100 brn|[from] brn
|upkeep
|turn|5
|
|t:|1758239952
|switch|p2a: Pecharunt|Pecharunt|100/100
|move|p1a: Crashout YN|Ice Punch|p2a: Pecharunt
|-damage|p2a: Pecharunt|85/100
|-damage|p1a: Crashout YN|35/100 brn|[from] item: Rocky Helmet|[of] p2a: Pecharunt
|
|-damage|p1a: Crashout YN|29/100 brn|[from] brn
|-fieldend|move: Trick Room
|upkeep
|turn|6
|
|t:|1758239957
|switch|p1a: Subaru|Indeedee, M, shiny|100/100
|-damage|p1a: Subaru|88/100|[from] Spikes
|move|p2a: Pecharunt|Foul Play|p1a: Subaru
|-supereffective|p1a: Subaru
|-damage|p1a: Subaru|63/100
|
|upkeep
|turn|7
|
|t:|1758239960
|move|p2a: Pecharunt|Foul Play|p1a: Subaru
|-supereffective|p1a: Subaru
|-damage|p1a: Subaru|38/100
|move|p1a: Subaru|Trick Room|p1a: Subaru
|-fieldstart|move: Trick Room|[of] p1a: Subaru
|
|upkeep
|turn|8
|
|t:|1758239967
|switch|p1a: King Von|Hoopa-Unbound|100/100
|-damage|p1a: King Von|88/100|[from] Spikes
|-enditem|p1a: King Von|Psychic Seed
|-boost|p1a: King Von|spd|1|[from] item: Psychic Seed
|move|p2a: Pecharunt|Parting Shot|p1a: King Von
|-unboost|p1a: King Von|atk|1
|-unboost|p1a: King Von|spa|1
|
|t:|1758239971
|switch|p2a: Landorus|Landorus-Therian, M|100/100|[from] Parting Shot
|-ability|p2a: Landorus|Intimidate|boost
|-unboost|p1a: King Von|atk|1
|
|-fieldend|move: Psychic Terrain
|upkeep
|turn|9
|
|t:|1758239977
|switch|p1a: Subaru|Indeedee, M, shiny|38/100
|-damage|p1a: Subaru|26/100|[from] Spikes
|-fieldstart|move: Psychic Terrain|[from] ability: Psychic Surge|[of] p1a: Subaru
|move|p2a: Landorus|U-turn|p1a: Subaru
|-supereffective|p1a: Subaru
|-damage|p1a: Subaru|0 fnt
|faint|p1a: Subaru
|
|t:|1758239981
|switch|p2a: Iron Crown|Iron Crown|100/100|[from] U-turn
|
|upkeep
|
|t:|1758239987
|switch|p1a: King Von|Hoopa-Unbound|88/100
|-damage|p1a: King Von|76/100|[from] Spikes
|turn|10
|
|t:|1758240006
|move|p1a: King Von|Hyperspace Fury|p2a: Iron Crown
|-supereffective|p2a: Iron Crown
|-damage|p2a: Iron Crown|0 fnt
|-unboost|p1a: King Von|def|1
|faint|p2a: Iron Crown
|-end|p2a: Iron Crown|Quark Drive|[silent]
|-item|p1a: King Von|Choice Specs|[from] ability: Magician|[of] p2: Iron Crown
|
|upkeep
|
|t:|1758240011
|switch|p2a: Landorus|Landorus-Therian, M|100/100
|-ability|p2a: Landorus|Intimidate|boost
|-unboost|p1a: King Von|atk|1
|turn|11
|
|t:|1758240013
|move|p1a: King Von|Expanding Force|p2a: Landorus
|-damage|p2a: Landorus|0 fnt
|faint|p2a: Landorus
|
|-fieldend|move: Trick Room
|upkeep
|
|t:|1758240022
|switch|p2a: Great Tusk|Great Tusk|100/100
|-enditem|p2a: Great Tusk|Booster Energy
|-activate|p2a: Great Tusk|ability: Protosynthesis|[fromitem]
|-start|p2a: Great Tusk|protosynthesisspe
|turn|12
|
|t:|1758240029
|switch|p1a: Mimi|Mimikyu, F, shiny|100/100
|-damage|p1a: Mimi|88/100|[from] Spikes
|move|p2a: Great Tusk|Headlong Rush|p1a: Mimi
|-activate|p1a: Mimi|ability: Disguise
|-damage|p1a: Mimi|88/100
|-unboost|p2a: Great Tusk|def|1
|-unboost|p2a: Great Tusk|spd|1
|detailschange|p1a: Mimi|Mimikyu-Busted, F, shiny
|-damage|p1a: Mimi|76/100|[from] pokemon: Mimikyu-Busted
|-enditem|p1a: Mimi|Red Card|[of] p2a: Great Tusk
|-end|p2a: Great Tusk|Protosynthesis|[silent]
|drag|p2a: Pecharunt|Pecharunt|85/100
|
|upkeep
|turn|13
|
|t:|1758240036
|move|p2a: Pecharunt|Malignant Chain|p1a: Mimi
|-damage|p1a: Mimi|41/100
|-status|p1a: Mimi|tox
|-start|p1a: Mimi|confusion|[from] ability: Poison Puppeteer|[of] p2a: Pecharunt
|-activate|p1a: Mimi|confusion
|move|p1a: Mimi|Trick Room|p1a: Mimi
|-fieldstart|move: Trick Room|[of] p1a: Mimi
|
|-damage|p1a: Mimi|35/100 tox|[from] psn
|upkeep
|turn|14
|
|t:|1758240044
|move|p2a: Pecharunt|Malignant Chain|p1a: Mimi
|-damage|p1a: Mimi|5/100 tox
|-end|p1a: Mimi|confusion
|move|p1a: Mimi|Curse|p2a: Pecharunt
|-start|p2a: Pecharunt|Curse|[of] p1a: Mimi
|-damage|p1a: Mimi|0 fnt
|faint|p1a: Mimi
|
|-damage|p2a: Pecharunt|60/100|[from] Curse
|upkeep
|
|t:|1758240050
|switch|p1a: King Von|Hoopa-Unbound|76/100
|-damage|p1a: King Von|63/100|[from] Spikes
|turn|15
|
|t:|1758240053
|-terastallize|p1a: King Von|Psychic
|move|p1a: King Von|Expanding Force|p2a: Pecharunt
|-supereffective|p2a: Pecharunt
|-damage|p2a: Pecharunt|0 fnt
|faint|p2a: Pecharunt
|
|upkeep
|
|t:|1758240057
|switch|p2a: Ogerpon|Ogerpon-Wellspring, F|100/100
|turn|16
|
|t:|1758240061
|-terastallize|p2a: Ogerpon|Water
|detailschange|p2a: Ogerpon|Ogerpon-Wellspring-Tera, F, tera:Water
|-ability|p2a: Ogerpon|Embody Aspect (Wellspring)|boost
|-boost|p2a: Ogerpon|spd|1
|move|p1a: King Von|Expanding Force|p2a: Ogerpon
|-damage|p2a: Ogerpon|0 fnt
|faint|p2a: Ogerpon
|detailschange|p2: Ogerpon|Ogerpon-Wellspring, F|[silent]
|
|-fieldend|move: Psychic Terrain
|upkeep
|
|t:|1758240066
|switch|p2a: Great Tusk|Great Tusk|100/100
|turn|17
|
|t:|1758240068
|move|p1a: King Von|Expanding Force|p2a: Great Tusk
|-supereffective|p2a: Great Tusk
|-damage|p2a: Great Tusk|0 fnt
|faint|p2a: Great Tusk
|-end|p2a: Great Tusk|Protosynthesis|[silent]
|
|win|Scepticskep
|raw|Scepticskep's rating: 1431 &rarr; <strong>1454</strong><br />(+23 for winning)
|raw|bigtwigrandy's rating: 1486 &rarr; <strong>1463</strong><br />(-23 for losing)
|l|☆bigtwigrandy
|player|p2|
