|j|☆DontMissMantine
|j|☆Agent Killua
|t:|1758309795
|gametype|singles
|player|p1|DontMissMantine|lucas|1749
|player|p2|Agent Killua|miku-ground|1862
|gen|9
|tier|[Gen 9] OU
|rated|
|rule|HP Percentage Mod: HP is shown in percentages
|rule|Endless Battle Clause: Forcing endless battles is banned
|rule|Species Clause: Limit one of each Pokémon
|rule|OHKO Clause: OHKO moves are banned
|rule|Evasion Items Clause: Evasion items are banned
|rule|Evasion Moves Clause: Evasion moves are banned
|rule|Evasion Abilities Clause: Evasion abilities are banned
|rule|Sleep Moves Clause: Sleep-inducing moves are banned
|clearpoke
|poke|p1|Pelipper, F|
|poke|p1|Beartic, M|
|poke|p1|Barraskewda, M|
|poke|p1|Ogerpon-Wellspring, F|
|poke|p1|Zapdos|
|poke|p1|Hatterene, F|
|poke|p2|Dragonite, F|
|poke|p2|Zamazenta-*|
|poke|p2|Landorus-Therian, M|
|poke|p2|Gholdengo|
|poke|p2|Darkrai|
|poke|p2|Hatterene, F|
|teampreview
|inactive|Battle timer is ON: inactive players will automatically lose when time's up. (requested by DontMissMantine)
|inactive|Agent Killua also wants the timer to be on.
|
|t:|1758309807
|teamsize|p1|6
|teamsize|p2|6
|start
|switch|p1a: Pelipper|Pelipper, F|100/100
|switch|p2a: Gholdengo|Gholdengo|100/100
|-weather|RainDance|[from] ability: Drizzle|[of] p1a: Pelipper
|turn|1
|
|t:|1758309815
|switch|p1a: Zapdos|Zapdos|100/100
|move|p2a: Gholdengo|Thunderbolt|p1a: Zapdos
|-damage|p1a: Zapdos|77/100
|
|-weather|RainDance|[upkeep]
|upkeep
|turn|2
|
|t:|1758309825
|switch|p2a: Hatterene|Hatterene, F|100/100
|move|p1a: Zapdos|Weather Ball|p2a: Hatterene
|-damage|p2a: Hatterene|68/100
|
|-weather|RainDance|[upkeep]
|upkeep
|turn|3
|
|t:|1758309833
|move|p1a: Zapdos|Thunder|p2a: Hatterene
|-damage|p2a: Hatterene|31/100
|-status|p2a: Hatterene|par
|move|p2a: Hatterene|Psychic Noise|p1a: Zapdos
|-damage|p1a: Zapdos|48/100
|-start|p1a: Zapdos|move: Heal Block
|
|-weather|RainDance|[upkeep]
|upkeep
|turn|4
|
|t:|1758309845
|move|p1a: Zapdos|Hurricane|p2a: Hatterene
|-damage|p2a: Hatterene|0 fnt
|faint|p2a: Hatterene
|
|-weather|RainDance|[upkeep]
|-end|p1a: Zapdos|move: Heal Block
|upkeep
|
|t:|1758309849
|switch|p2a: Darkrai|Darkrai|100/100
|turn|5
|
|t:|1758309860
|switch|p1a: Hatterene|Hatterene, F|100/100
|move|p2a: Darkrai|Ice Beam|p1a: Hatterene
|-damage|p1a: Hatterene|71/100
|-enditem|p1a: Hatterene|Eject Button
|
|t:|1758309866
|switch|p1a: Barraskewda|Barraskewda, M|100/100
|
|-weather|RainDance|[upkeep]
|upkeep
|turn|6
|
|t:|1758309874
|switch|p2a: Landorus|Landorus-Therian, M|100/100
|-ability|p2a: Landorus|Intimidate|boost
|-unboost|p1a: Barraskewda|atk|1
|-terastallize|p1a: Barraskewda|Water
|move|p1a: Barraskewda|Liquidation|p2a: Landorus
|-supereffective|p2a: Landorus
|-damage|p2a: Landorus|0 fnt
|-damage|p1a: Barraskewda|84/100|[from] item: Rocky Helmet|[of] p2a: Landorus
|faint|p2a: Landorus
|
|-weather|RainDance|[upkeep]
|upkeep
|
|t:|1758309877
|switch|p2a: Leviathan|Dragonite, F|100/100
|turn|7
|
|t:|1758309889
|move|p1a: Barraskewda|Flip Turn|p2a: Leviathan
|-resisted|p2a: Leviathan
|-damage|p2a: Leviathan|85/100
|
|t:|1758309893
|switch|p1a: Ogerpon|Ogerpon-Wellspring, F|100/100|[from] Flip Turn
|move|p2a: Leviathan|Dragon Dance|p2a: Leviathan
|-boost|p2a: Leviathan|atk|1
|-boost|p2a: Leviathan|spe|1
|
|-weather|RainDance|[upkeep]
|upkeep
|turn|8
|
|t:|1758309906
|-terastallize|p2a: Leviathan|Flying
|move|p2a: Leviathan|Tera Blast|p1a: Ogerpon|[anim] Tera Blast Flying
|-supereffective|p1a: Ogerpon
|-damage|p1a: Ogerpon|0 fnt
|faint|p1a: Ogerpon
|
|-weather|none
|upkeep
|
|t:|1758309915
|switch|p1a: Pelipper|Pelipper, F|100/100
|-weather|RainDance|[from] ability: Drizzle|[of] p1a: Pelipper
|turn|9
|
|t:|1758309922
|move|p2a: Leviathan|Dragon Dance|p2a: Leviathan
|-boost|p2a: Leviathan|atk|1
|-boost|p2a: Leviathan|spe|1
|move|p1a: Pelipper|Ice Beam|p2a: Leviathan
|-supereffective|p2a: Leviathan
|-damage|p2a: Leviathan|41/100
|
|-weather|RainDance|[upkeep]
|upkeep
|turn|10
|
|t:|1758309930
|move|p2a: Leviathan|Tera Blast|p1a: Pelipper|[anim] Tera Blast Flying
|-damage|p1a: Pelipper|1/100
|move|p1a: Pelipper|Ice Beam|p2a: Leviathan
|-supereffective|p2a: Leviathan
|-damage|p2a: Leviathan|0 fnt
|faint|p2a: Leviathan
|
|-weather|RainDance|[upkeep]
|upkeep
|
|t:|1758309957
|switch|p2a: Darkrai|Darkrai|100/100
|turn|11
|
|t:|1758309963
|switch|p1a: Hatterene|Hatterene, F|71/100
|move|p2a: Darkrai|Ice Beam|p1a: Hatterene
|-damage|p1a: Hatterene|42/100
|
|-weather|RainDance|[upkeep]
|upkeep
|turn|12
|
|t:|1758309971
|switch|p2a: Gholdengo|Gholdengo|100/100
|move|p1a: Hatterene|Healing Wish|p1a: Hatterene
|faint|p1a: Hatterene
|
|-weather|RainDance|[upkeep]
|upkeep
|j| IM AT MY LIMIT
|
|t:|1758309985
|switch|p1a: Barraskewda|Barraskewda, M, tera:Water|84/100
|-heal|p1a: Barraskewda|100/100|[from] move: Healing Wish
|turn|13
|
|t:|1758309993
|move|p1a: Barraskewda|Flip Turn|p2a: Gholdengo
|-damage|p2a: Gholdengo|22/100
|
|t:|1758309995
|switch|p1a: Zapdos|Zapdos|48/100|[from] Flip Turn
|move|p2a: Gholdengo|Thunderbolt|p1a: Zapdos
|-crit|p1a: Zapdos
|-damage|p1a: Zapdos|10/100
|
|-weather|RainDance|[upkeep]
|upkeep
|turn|14
|
|t:|1758310005
|move|p1a: Zapdos|Volt Switch|p2a: Gholdengo
|-damage|p2a: Gholdengo|0 fnt
|faint|p2a: Gholdengo
|
|t:|1758310010
|switch|p1a: Barraskewda|Barraskewda, M, tera:Water|100/100|[from] Volt Switch
|
|-weather|RainDance|[upkeep]
|upkeep
|
|t:|1758310020
|switch|p2a: Darkrai|Darkrai|100/100
|turn|15
|
|t:|1758310023
|move|p2a: Darkrai|Sucker Punch|p1a: Barraskewda
|-damage|p1a: Barraskewda|54/100
|move|p1a: Barraskewda|Liquidation|p2a: Darkrai
|-damage|p2a: Darkrai|0 fnt
|faint|p2a: Darkrai
|
|-weather|RainDance|[upkeep]
|upkeep
|
|t:|1758310025
|switch|p2a: Zamazenta|Zamazenta|100/100
|-ability|p2a: Zamazenta|Dauntless Shield|boost
|-boost|p2a: Zamazenta|def|1
|turn|16
|
|t:|1758310052
|move|p1a: Barraskewda|Flip Turn|p2a: Zamazenta
|-damage|p2a: Zamazenta|58/100
|
|t:|1758310055
|switch|p1a: Zapdos|Zapdos|10/100|[from] Flip Turn
|move|p2a: Zamazenta|Body Press|p1a: Zapdos
|-resisted|p1a: Zapdos
|-damage|p1a: Zapdos|0 fnt
|faint|p1a: Zapdos
|
|-weather|none
|-heal|p2a: Zamazenta|64/100|[from] item: Leftovers
|upkeep
|
|t:|1758310067
|switch|p1a: Pelipper|Pelipper, F|1/100
|-weather|RainDance|[from] ability: Drizzle|[of] p1a: Pelipper
|turn|17
|j| LegitimatePotato
|
|t:|1758310071
|move|p2a: Zamazenta|Body Press|p1a: Pelipper
|-resisted|p1a: Pelipper
|-crit|p1a: Pelipper
|-damage|p1a: Pelipper|0 fnt
|faint|p1a: Pelipper
|
|-weather|RainDance|[upkeep]
|-heal|p2a: Zamazenta|70/100|[from] item: Leftovers
|upkeep
|
|t:|1758310079
|switch|p1a: Barraskewda|Barraskewda, M, tera:Water|54/100
|turn|18
|
|t:|1758310088
|move|p1a: Barraskewda|Flip Turn|p2a: Zamazenta
|-damage|p2a: Zamazenta|29/100
|
|t:|1758310091
|switch|p1a: Beartic|Beartic, M|100/100|[from] Flip Turn
|move|p2a: Zamazenta|Body Press|p1a: Beartic
|-supereffective|p1a: Beartic
|-damage|p1a: Beartic|0 fnt
|faint|p1a: Beartic
|
|-weather|RainDance|[upkeep]
|-heal|p2a: Zamazenta|35/100|[from] item: Leftovers
|upkeep
|
|t:|1758310102
|switch|p1a: Barraskewda|Barraskewda, M, tera:Water|54/100
|turn|19
|
|t:|1758310105
|move|p1a: Barraskewda|Liquidation|p2a: Zamazenta
|-damage|p2a: Zamazenta|0 fnt
|faint|p2a: Zamazenta
|
|win|DontMissMantine
|raw|DontMissMantine's rating: 1749 &rarr; <strong>1775</strong><br />(+26 for winning)
|raw|Agent Killua's rating: 1862 &rarr; <strong>1836</strong><br />(-26 for losing)
|l|☆Agent Killua
|player|p2|
|c|☆DontMissMantine|Gg
|l|☆DontMissMantine
|player|p1|
|j|☆DontMissMantine
|player|p1|DontMissMantine|lucas|
|l| IM AT MY LIMIT
