|j|☆114514Ottoman
|j|☆July1816
|t:|1758352917
|gametype|singles
|player|p1|114514Ottoman|266|1178
|player|p2|July1816|clair|1182
|gen|9
|tier|[Gen 9] OU
|rated|
|rule|HP Percentage Mod: HP is shown in percentages
|rule|Endless Battle Clause: Forcing endless battles is banned
|rule|Species Clause: Limit one of each Pokémon
|rule|OHKO Clause: OHKO moves are banned
|rule|Evasion Items Clause: Evasion items are banned
|rule|Evasion Moves Clause: Evasion moves are banned
|rule|Evasion Abilities Clause: Evasion abilities are banned
|rule|Sleep Moves Clause: Sleep-inducing moves are banned
|clearpoke
|poke|p1|Gallade, M|
|poke|p1|Ceruledge, F|
|poke|p1|Iron Valiant|
|poke|p1|Great Tusk|
|poke|p1|Scizor, F|
|poke|p1|Espeon, F|
|poke|p2|Torkoal, F|
|poke|p2|Rotom-Heat|
|poke|p2|Raging Bolt|
|poke|p2|Great Tusk|
|poke|p2|Lilligant-Hisui, F|
|poke|p2|Walking Wake|
|teampreview
|inactive|Battle timer is ON: inactive players will automatically lose when time's up. (requested by July1816)
|
|t:|1758352925
|teamsize|p1|6
|teamsize|p2|6
|start
|switch|p1a: Great Tusk|Great Tusk|100/100
|switch|p2a: Torkoal|Torkoal, F|100/100
|-weather|SunnyDay|[from] ability: Drought|[of] p2a: Torkoal
|-activate|p1a: Great Tusk|ability: Protosynthesis
|-start|p1a: Great Tusk|protosynthesisatk
|turn|1
|
|t:|1758352938
|switch|p2a: Rotom|Rotom-Heat, shiny|100/100
|move|p1a: Great Tusk|Bulk Up|p1a: Great Tusk
|-boost|p1a: Great Tusk|atk|1
|-boost|p1a: Great Tusk|def|1
|
|-weather|SunnyDay|[upkeep]
|upkeep
|turn|2
|
|t:|1758352946
|-end|p1a: Great Tusk|Protosynthesis|[silent]
|switch|p1a: Ceruledge|Ceruledge, F, shiny|100/100
|move|p2a: Rotom|Trick|p1a: Ceruledge
|-activate|p2a: Rotom|move: Trick|[of] p1a: Ceruledge
|-item|p1a: Ceruledge|Choice Scarf|[from] move: Trick
|-item|p2a: Rotom|Focus Sash|[from] move: Trick
|
|-weather|SunnyDay|[upkeep]
|upkeep
|turn|3
|
|t:|1758352963
|move|p1a: Ceruledge|Bitter Blade|p2a: Rotom
|-resisted|p2a: Rotom
|-damage|p2a: Rotom|53/100
|move|p2a: Rotom|Volt Switch|p1a: Ceruledge
|-damage|p1a: Ceruledge|60/100
|
|t:|1758352981
|switch|p2a: Walking Wake|Walking Wake|100/100|[from] Volt Switch
|-activate|p2a: Walking Wake|ability: Protosynthesis
|-start|p2a: Walking Wake|protosynthesisspe
|
|-weather|SunnyDay|[upkeep]
|upkeep
|turn|4
|
|t:|1758352996
|switch|p1a: Espeon|Espeon, F|100/100
|move|p2a: Walking Wake|Hydro Steam|p1a: Espeon
|-crit|p1a: Espeon
|-damage|p1a: Espeon|0 fnt
|faint|p1a: Espeon
|
|-weather|SunnyDay|[upkeep]
|upkeep
|
|t:|1758353012
|switch|p1a: Gallade|Gallade, M, shiny|100/100
|turn|5
|
|t:|1758353029
|move|p2a: Walking Wake|Hydro Steam|p1a: Gallade
|-damage|p1a: Gallade|39/100
|move|p1a: Gallade|Destiny Bond|p1a: Gallade
|-singlemove|p1a: Gallade|Destiny Bond
|
|-weather|SunnyDay|[upkeep]
|upkeep
|turn|6
|
|t:|1758353041
|move|p2a: Walking Wake|Flip Turn|p1a: Gallade
|-damage|p1a: Gallade|25/100
|
|t:|1758353050
|-end|p2a: Walking Wake|Protosynthesis|[silent]
|switch|p2a: Torkoal|Torkoal, F|100/100|[from] Flip Turn
|move|p1a: Gallade|Agility|p1a: Gallade
|-boost|p1a: Gallade|spe|2
|
|-weather|SunnyDay|[upkeep]
|upkeep
|turn|7
|
|t:|1758353060
|move|p1a: Gallade|Destiny Bond|p1a: Gallade
|-singlemove|p1a: Gallade|Destiny Bond
|move|p2a: Torkoal|Stealth Rock|p1a: Gallade
|-sidestart|p1: 114514Ottoman|move: Stealth Rock
|
|-weather|SunnyDay|[upkeep]
|upkeep
|turn|8
|
|t:|1758353070
|switch|p2a: Rotom|Rotom-Heat, shiny|53/100
|move|p1a: Gallade|Swords Dance|p1a: Gallade
|-boost|p1a: Gallade|atk|2
|
|-weather|none
|upkeep
|turn|9
|
|t:|1758353093
|move|p1a: Gallade|Sacred Sword|p2a: Rotom
|-damage|p2a: Rotom|0 fnt
|faint|p2a: Rotom
|
|upkeep
|
|t:|1758353100
|switch|p2a: Raging Bolt|Raging Bolt|100/100
|turn|10
|
|t:|1758353108
|move|p2a: Raging Bolt|Thunderclap||[still]
|-fail|p2a: Raging Bolt
|move|p1a: Gallade|Destiny Bond|p1a: Gallade
|-singlemove|p1a: Gallade|Destiny Bond
|
|upkeep
|turn|11
|
|t:|1758353119
|move|p2a: Raging Bolt|Thunderclap|p1a: Gallade
|-damage|p1a: Gallade|0 fnt
|faint|p1a: Gallade
|-activate|p1a: Gallade|move: Destiny Bond
|faint|p2a: Raging Bolt
|-end|p2a: Raging Bolt|Protosynthesis|[silent]
|
|upkeep
|
|t:|1758353133
|switch|p1a: Great Tusk|Great Tusk|100/100
|switch|p2a: Torkoal|Torkoal, F|100/100
|-damage|p1a: Great Tusk|98/100|[from] Stealth Rock
|-weather|SunnyDay|[from] ability: Drought|[of] p2a: Torkoal
|-activate|p1a: Great Tusk|ability: Protosynthesis
|-start|p1a: Great Tusk|protosynthesisatk
|turn|12
|
|t:|1758353147
|move|p1a: Great Tusk|Bulk Up|p1a: Great Tusk
|-boost|p1a: Great Tusk|atk|1
|-boost|p1a: Great Tusk|def|1
|move|p2a: Torkoal|Overheat|p1a: Great Tusk
|-damage|p1a: Great Tusk|0 fnt
|-unboost|p2a: Torkoal|spa|2
|faint|p1a: Great Tusk
|-end|p1a: Great Tusk|Protosynthesis|[silent]
|
|-weather|SunnyDay|[upkeep]
|upkeep
|
|t:|1758353164
|switch|p1a: Iron Valiant|Iron Valiant|100/100
|-damage|p1a: Iron Valiant|94/100|[from] Stealth Rock
|turn|13
|
|t:|1758353179
|move|p1a: Iron Valiant|Spirit Break|p2a: Torkoal
|-resisted|p2a: Torkoal
|-damage|p2a: Torkoal|83/100
|-unboost|p2a: Torkoal|spa|1
|move|p2a: Torkoal|Earthquake|p1a: Iron Valiant
|-damage|p1a: Iron Valiant|67/100
|
|-weather|SunnyDay|[upkeep]
|upkeep
|turn|14
|
|t:|1758353195
|move|p1a: Iron Valiant|Swords Dance|p1a: Iron Valiant
|-boost|p1a: Iron Valiant|atk|2
|move|p2a: Torkoal|Earthquake|p1a: Iron Valiant
|-damage|p1a: Iron Valiant|40/100
|
|-weather|SunnyDay|[upkeep]
|upkeep
|turn|15
|
|t:|1758353204
|move|p1a: Iron Valiant|Close Combat|p2a: Torkoal
|-damage|p2a: Torkoal|0 fnt
|-unboost|p1a: Iron Valiant|def|1
|-unboost|p1a: Iron Valiant|spd|1
|faint|p2a: Torkoal
|
|-weather|SunnyDay|[upkeep]
|upkeep
|
|t:|1758353215
|switch|p2a: Walking Wake|Walking Wake|100/100
|-activate|p2a: Walking Wake|ability: Protosynthesis
|-start|p2a: Walking Wake|protosynthesisspe
|turn|16
|
|t:|1758353222
|-terastallize|p2a: Walking Wake|Fairy
|move|p2a: Walking Wake|Hydro Steam|p1a: Iron Valiant
|-damage|p1a: Iron Valiant|0 fnt
|faint|p1a: Iron Valiant
|-end|p1a: Iron Valiant|Quark Drive|[silent]
|
|-weather|SunnyDay|[upkeep]
|upkeep
|
|t:|1758353234
|switch|p1a: Scizor|Scizor, F, shiny|100/100
|-damage|p1a: Scizor|88/100|[from] Stealth Rock
|turn|17
|
|t:|1758353238
|-terastallize|p1a: Scizor|Fighting
|move|p2a: Walking Wake|Weather Ball|p1a: Scizor
|-damage|p1a: Scizor|31/100
|move|p1a: Scizor|Swords Dance|p1a: Scizor
|-boost|p1a: Scizor|atk|2
|
|-weather|SunnyDay|[upkeep]
|upkeep
|turn|18
|
|t:|1758353257
|-end|p2a: Walking Wake|Protosynthesis|[silent]
|switch|p2a: Great Tusk|Great Tusk|100/100
|-activate|p2a: Great Tusk|ability: Protosynthesis
|-start|p2a: Great Tusk|protosynthesisatk
|move|p1a: Scizor|Bullet Punch|p2a: Great Tusk
|-damage|p2a: Great Tusk|38/100
|-damage|p1a: Scizor|21/100|[from] item: Life Orb
|
|-weather|SunnyDay|[upkeep]
|upkeep
|turn|19
|
|t:|1758353269
|move|p1a: Scizor|Bullet Punch|p2a: Great Tusk
|-damage|p2a: Great Tusk|0 fnt
|faint|p2a: Great Tusk
|-end|p2a: Great Tusk|Protosynthesis|[silent]
|-damage|p1a: Scizor|11/100|[from] item: Life Orb
|
|-weather|none
|upkeep
|
|t:|1758353279
|switch|p2a: Lilligant|Lilligant-Hisui, F, shiny|100/100
|turn|20
|
|t:|1758353289
|move|p1a: Scizor|Bullet Punch|p2a: Lilligant
|-damage|p2a: Lilligant|0 fnt
|faint|p2a: Lilligant
|-damage|p1a: Scizor|1/100|[from] item: Life Orb
|
|upkeep
|
|t:|1758353296
|switch|p2a: Walking Wake|Walking Wake, tera:Fairy|100/100
|turn|21
|
|t:|1758353303
|move|p1a: Scizor|Bullet Punch|p2a: Walking Wake
|-supereffective|p2a: Walking Wake
|-damage|p2a: Walking Wake|0 fnt
|faint|p2a: Walking Wake
|-end|p2a: Walking Wake|Protosynthesis|[silent]
|-damage|p1a: Scizor|0 fnt|[from] item: Life Orb
|faint|p1a: Scizor
|
|win|114514Ottoman
|raw|114514Ottoman's rating: 1178 &rarr; <strong>1203</strong><br />(+25 for winning)
|raw|July1816's rating: 1182 &rarr; <strong>1157</strong><br />(-25 for losing)
