|j|☆liefcam
|j|☆ICElIED
|t:|1758287758
|gametype|singles
|player|p1|liefcam|roughneck|1343
|player|p2|ICElIED|steven|1387
|gen|9
|tier|[Gen 9] OU
|rated|
|rule|HP Percentage Mod: HP is shown in percentages
|rule|Endless Battle Clause: Forcing endless battles is banned
|rule|Species Clause: Limit one of each Pokémon
|rule|OHKO Clause: OHKO moves are banned
|rule|Evasion Items Clause: Evasion items are banned
|rule|Evasion Moves Clause: Evasion moves are banned
|rule|Evasion Abilities Clause: Evasion abilities are banned
|rule|Sleep Moves Clause: Sleep-inducing moves are banned
|clearpoke
|poke|p1|Tornadus, M|
|poke|p1|Toxtricity, M|
|poke|p1|Iron Valiant|
|poke|p1|Arcanine-Hisui, M|
|poke|p1|Brambleghast, M|
|poke|p1|Hydreigon, M|
|poke|p2|Samurott-Hisui, M|
|poke|p2|Clodsire, M|
|poke|p2|Meloetta|
|poke|p2|Ceruledge, F|
|poke|p2|Hydrapple, F|
|poke|p2|Scizor, F|
|teampreview
|inactive|Battle timer is ON: inactive players will automatically lose when time's up. (requested by liefcam)
|
|t:|1758287767
|teamsize|p1|6
|teamsize|p2|6
|start
|switch|p1a: Hydreigon|Hydreigon, M, shiny|100/100
|switch|p2a: Clodsire|Clodsire, M|100/100
|turn|1
|
|t:|1758287773
|move|p1a: Hydreigon|Taunt|p2a: Clodsire
|-start|p2a: Clodsire|move: Taunt
|cant|p2a: Clodsire|move: Taunt|Toxic
|
|upkeep
|turn|2
|
|t:|1758287781
|switch|p2a: Samurott|Samurott-Hisui, M|100/100
|move|p1a: Hydreigon|Stealth Rock|p2a: Samurott
|-sidestart|p2: ICElIED|move: Stealth Rock
|
|upkeep
|turn|3
|
|t:|1758287800
|move|p1a: Hydreigon|Tailwind|p1a: Hydreigon
|-sidestart|p1: liefcam|move: Tailwind
|move|p2a: Samurott|Ceaseless Edge|p1a: Hydreigon
|-resisted|p1a: Hydreigon
|-damage|p1a: Hydreigon|71/100
|-sidestart|p1: liefcam|Spikes
|
|upkeep
|turn|4
|
|t:|1758287810
|switch|p1a: Brambleghast|Brambleghast, M, shiny|100/100
|-damage|p1a: Brambleghast|88/100|[from] Spikes
|-ability|p1a: Brambleghast|Wind Rider|boost
|-boost|p1a: Brambleghast|atk|1
|move|p2a: Samurott|Ceaseless Edge|p1a: Brambleghast
|-supereffective|p1a: Brambleghast
|-damage|p1a: Brambleghast|0 fnt
|-sidestart|p1: liefcam|Spikes
|faint|p1a: Brambleghast
|
|upkeep
|
|t:|1758287812
|switch|p1a: Toxtricity|Toxtricity, M, shiny|100/100
|-damage|p1a: Toxtricity|84/100|[from] Spikes
|turn|5
|
|t:|1758287824
|switch|p2a: Clodsire|Clodsire, M|100/100
|-damage|p2a: Clodsire|94/100|[from] Stealth Rock
|move|p1a: Toxtricity|Boomburst|p2a: Clodsire
|-damage|p2a: Clodsire|48/100
|
|-heal|p2a: Clodsire|54/100|[from] item: Black Sludge
|upkeep
|turn|6
|
|t:|1758287835
|switch|p1a: Tornadus|Tornadus, M, shiny|100/100
|move|p2a: Clodsire|Earthquake|p1a: Tornadus
|-immune|p1a: Tornadus
|
|-heal|p2a: Clodsire|60/100|[from] item: Black Sludge
|-sideend|p1: liefcam|move: Tailwind
|upkeep
|turn|7
|
|t:|1758287842
|move|p1a: Tornadus|Tailwind|p1a: Tornadus
|-sidestart|p1: liefcam|move: Tailwind
|move|p2a: Clodsire|Stealth Rock|p1a: Tornadus
|-sidestart|p1: liefcam|move: Stealth Rock
|
|-heal|p2a: Clodsire|66/100|[from] item: Black Sludge
|upkeep
|turn|8
|
|t:|1758287847
|move|p1a: Tornadus|Hurricane|p2a: Clodsire
|-damage|p2a: Clodsire|38/100
|move|p2a: Clodsire|Toxic|p1a: Tornadus
|-status|p1a: Tornadus|tox
|
|-heal|p2a: Clodsire|44/100|[from] item: Black Sludge
|-damage|p1a: Tornadus|94/100 tox|[from] psn
|upkeep
|turn|9
|
|t:|1758287852
|move|p1a: Tornadus|Taunt|p2a: Clodsire
|-start|p2a: Clodsire|move: Taunt
|cant|p2a: Clodsire|move: Taunt|Recover
|
|-heal|p2a: Clodsire|50/100|[from] item: Black Sludge
|-damage|p1a: Tornadus|82/100 tox|[from] psn
|upkeep
|turn|10
|
|t:|1758287859
|switch|p1a: Arcanine|Arcanine-Hisui, M, shiny|100/100
|-damage|p1a: Arcanine|84/100|[from] Spikes
|-damage|p1a: Arcanine|59/100|[from] Stealth Rock
|switch|p2a: Meloetta|Meloetta|100/100
|-damage|p2a: Meloetta|88/100|[from] Stealth Rock
|
|-sideend|p1: liefcam|move: Tailwind
|upkeep
|turn|11
|
|t:|1758287870
|switch|p2a: Clodsire|Clodsire, M|50/100
|-damage|p2a: Clodsire|44/100|[from] Stealth Rock
|move|p1a: Arcanine|Head Smash|p2a: Clodsire
|-resisted|p2a: Clodsire
|-damage|p2a: Clodsire|0 fnt
|faint|p2a: Clodsire
|
|upkeep
|
|t:|1758287882
|switch|p2a: Hydrapple|Hydrapple, F|100/100
|turn|12
|
|t:|1758287887
|move|p1a: Arcanine|Head Smash|p2a: Hydrapple
|-damage|p2a: Hydrapple|45/100
|move|p2a: Hydrapple|Earth Power|p1a: Arcanine
|-supereffective|p1a: Arcanine
|-damage|p1a: Arcanine|0 fnt
|faint|p1a: Arcanine
|
|upkeep
|
|t:|1758287893
|switch|p1a: Tornadus|Tornadus, M, shiny|82/100 tox
|-damage|p1a: Tornadus|58/100 tox|[from] Stealth Rock
|turn|13
|
|t:|1758287898
|switch|p2a: Meloetta|Meloetta|88/100
|-damage|p2a: Meloetta|75/100|[from] Stealth Rock
|move|p1a: Tornadus|Hurricane|p2a: Meloetta
|-damage|p2a: Meloetta|45/100
|
|-damage|p1a: Tornadus|52/100 tox|[from] psn
|upkeep
|turn|14
|
|t:|1758287910
|move|p1a: Tornadus|Hurricane|p2a: Meloetta
|-damage|p2a: Meloetta|14/100
|-start|p2a: Meloetta|confusion
|-activate|p2a: Meloetta|confusion
|move|p2a: Meloetta|Hyper Voice|p1a: Tornadus
|-damage|p1a: Tornadus|0 fnt
|faint|p1a: Tornadus
|
|upkeep
|
|t:|1758287922
|switch|p1a: Toxtricity|Toxtricity, M, shiny|84/100
|-damage|p1a: Toxtricity|68/100|[from] Spikes
|-damage|p1a: Toxtricity|55/100|[from] Stealth Rock
|turn|15
|
|t:|1758287929
|-end|p2a: Meloetta|confusion
|move|p2a: Meloetta|Psyshock|p1a: Toxtricity
|-supereffective|p1a: Toxtricity
|-damage|p1a: Toxtricity|0 fnt
|faint|p1a: Toxtricity
|
|upkeep
|
|t:|1758287935
|switch|p1a: Hydreigon|Hydreigon, M, shiny|71/100
|-damage|p1a: Hydreigon|59/100|[from] Stealth Rock
|turn|16
|
|t:|1758287942
|move|p1a: Hydreigon|Draco Meteor|p2a: Meloetta
|-damage|p2a: Meloetta|0 fnt
|-unboost|p1a: Hydreigon|spa|2
|faint|p2a: Meloetta
|-enditem|p1a: Hydreigon|Eject Pack
|
|t:|1758287944
|switch|p1a: Iron Valiant|Iron Valiant, shiny|100/100
|-damage|p1a: Iron Valiant|84/100|[from] Spikes
|-damage|p1a: Iron Valiant|78/100|[from] Stealth Rock
|
|upkeep
|
|t:|1758287955
|switch|p2a: Scizor|Scizor, F|100/100
|turn|17
|
|t:|1758287963
|move|p1a: Iron Valiant|Shadow Ball|p2a: Scizor
|-damage|p2a: Scizor|54/100
|move|p2a: Scizor|Swords Dance|p2a: Scizor
|-boost|p2a: Scizor|atk|2
|
|upkeep
|turn|18
|
|t:|1758287967
|move|p2a: Scizor|Bullet Punch|p1a: Iron Valiant
|-supereffective|p1a: Iron Valiant
|-damage|p1a: Iron Valiant|0 fnt
|faint|p1a: Iron Valiant
|-end|p1a: Iron Valiant|Quark Drive|[silent]
|
|upkeep
|
|t:|1758287968
|switch|p1a: Hydreigon|Hydreigon, M, shiny|59/100
|-damage|p1a: Hydreigon|46/100|[from] Stealth Rock
|turn|19
|
|t:|1758287971
|move|p2a: Scizor|Bullet Punch|p1a: Hydreigon
|-damage|p1a: Hydreigon|0 fnt
|faint|p1a: Hydreigon
|
|win|ICElIED
|raw|liefcam's rating: 1343 &rarr; <strong>1326</strong><br />(-17 for losing)
|raw|ICElIED's rating: 1387 &rarr; <strong>1404</strong><br />(+17 for winning)
|l|☆liefcam
|player|p1|
|l|☆ICElIED
|player|p2|
