|j|☆grungly
|j|☆pepyx
|t:|1758274311
|gametype|singles
|player|p1|grungly|265|1219
|player|p2|pepyx|wallace|1234
|gen|9
|tier|[Gen 9] OU
|rated|
|rule|HP Percentage Mod: HP is shown in percentages
|rule|Endless Battle Clause: Forcing endless battles is banned
|rule|Species Clause: Limit one of each Pokémon
|rule|OHKO Clause: OHKO moves are banned
|rule|Evasion Items Clause: Evasion items are banned
|rule|Evasion Moves Clause: Evasion moves are banned
|rule|Evasion Abilities Clause: Evasion abilities are banned
|rule|Sleep Moves Clause: Sleep-inducing moves are banned
|clearpoke
|poke|p1|Comfey, M|
|poke|p1|Slowbro-Galar, F|
|poke|p1|Garganacl, F|
|poke|p1|Mimikyu, M|
|poke|p1|Ditto|
|poke|p1|Gliscor, F|
|poke|p2|Glimmora, M|
|poke|p2|Kingambit, M|
|poke|p2|Darkrai|
|poke|p2|Zamazenta-*|
|poke|p2|Dragonite, F|
|poke|p2|Iron Valiant|
|teampreview
|inactive|Battle timer is ON: inactive players will automatically lose when time's up. (requested by grungly)
|
|t:|1758274321
|teamsize|p1|6
|teamsize|p2|6
|start
|switch|p1a: Slowbro|Slowbro-Galar, F|100/100
|switch|p2a: Glimmora|Glimmora, M|100/100
|turn|1
|
|t:|1758274327
|move|p2a: Glimmora|Earth Power|p1a: Slowbro
|-supereffective|p1a: Slowbro
|-damage|p1a: Slowbro|31/100
|move|p1a: Slowbro|Psychic|p2a: Glimmora
|-supereffective|p2a: Glimmora
|-enditem|p2a: Glimmora|Focus Sash
|-damage|p2a: Glimmora|1/100
|
|upkeep
|turn|2
|
|t:|1758274333
|move|p2a: Glimmora|Earth Power|p1a: Slowbro
|-supereffective|p1a: Slowbro
|-crit|p1a: Slowbro
|-damage|p1a: Slowbro|0 fnt
|faint|p1a: Slowbro
|
|upkeep
|
|t:|1758274338
|switch|p1a: Ditto|Ditto|100/100
|-transform|p1a: Ditto|p2a: Glimmora|[from] ability: Imposter
|turn|3
|
|t:|1758274347
|move|p1a: Ditto|Stealth Rock|p2a: Glimmora
|-sidestart|p2: pepyx|move: Stealth Rock
|move|p2a: Glimmora|Stealth Rock|p1a: Ditto
|-sidestart|p1: grungly|move: Stealth Rock
|
|upkeep
|turn|4
|
|t:|1758274355
|switch|p1a: Gliscor|Gliscor, F|100/100
|-damage|p1a: Gliscor|88/100|[from] Stealth Rock
|move|p2a: Glimmora|Mortal Spin|p1a: Gliscor
|-resisted|p1a: Gliscor
|-damage|p1a: Gliscor|85/100
|-status|p1a: Gliscor|psn
|-sideend|p2: pepyx|Stealth Rock|[from] move: Mortal Spin|[of] p2a: Glimmora
|
|-heal|p1a: Gliscor|97/100 psn|[from] ability: Poison Heal
|upkeep
|turn|5
|
|t:|1758274371
|move|p2a: Glimmora|Power Gem|p1a: Gliscor
|-damage|p1a: Gliscor|32/100 psn
|move|p1a: Gliscor|Agility|p1a: Gliscor
|-boost|p1a: Gliscor|spe|2
|
|-heal|p1a: Gliscor|44/100 psn|[from] ability: Poison Heal
|upkeep
|turn|6
|
|t:|1758274377
|move|p1a: Gliscor|Earthquake|p2a: Glimmora
|-supereffective|p2a: Glimmora
|-crit|p2a: Glimmora
|-damage|p2a: Glimmora|0 fnt
|-activate|p2a: Glimmora|ability: Toxic Debris
|-sidestart|p1: grungly|move: Toxic Spikes
|faint|p2a: Glimmora
|
|-heal|p1a: Gliscor|57/100 psn|[from] ability: Poison Heal
|upkeep
|
|t:|1758274384
|switch|p2a: Dragonite|Dragonite, F|100/100
|turn|7
|
|t:|1758274389
|move|p1a: Gliscor|Swords Dance|p1a: Gliscor
|-boost|p1a: Gliscor|atk|2
|move|p2a: Dragonite|Dragon Dance|p2a: Dragonite
|-boost|p2a: Dragonite|atk|1
|-boost|p2a: Dragonite|spe|1
|
|-heal|p1a: Gliscor|69/100 psn|[from] ability: Poison Heal
|upkeep
|turn|8
|
|t:|1758274393
|-terastallize|p1a: Gliscor|Normal
|move|p1a: Gliscor|Facade|p2a: Dragonite
|-damage|p2a: Dragonite|24/100
|move|p2a: Dragonite|Ice Spinner|p1a: Gliscor
|-damage|p1a: Gliscor|25/100 psn
|
|-heal|p1a: Gliscor|38/100 psn|[from] ability: Poison Heal
|upkeep
|turn|9
|
|t:|1758274406
|-terastallize|p2a: Dragonite|Normal
|move|p2a: Dragonite|Extreme Speed|p1a: Gliscor
|-damage|p1a: Gliscor|0 fnt
|faint|p1a: Gliscor
|
|upkeep
|
|t:|1758274409
|switch|p1a: Ditto|Ditto|100/100
|-damage|p1a: Ditto|88/100|[from] Stealth Rock
|-status|p1a: Ditto|psn
|-transform|p1a: Ditto|p2a: Dragonite|[from] ability: Imposter
|-start|p1a: Ditto|typechange|Dragon/Flying|[silent]
|turn|10
|
|t:|1758274419
|move|p1a: Ditto|Extreme Speed|p2a: Dragonite
|-damage|p2a: Dragonite|0 fnt
|faint|p2a: Dragonite
|
|-damage|p1a: Ditto|76/100 psn|[from] psn
|upkeep
|
|t:|1758274426
|switch|p2a: Kingambit|Kingambit, M|100/100
|-activate|p2a: Kingambit|ability: Supreme Overlord
|-start|p2a: Kingambit|fallen2|[silent]
|turn|11
|
|t:|1758274430
|switch|p1a: Mimikyu|Mimikyu, M|100/100
|-damage|p1a: Mimikyu|88/100|[from] Stealth Rock
|-status|p1a: Mimikyu|psn
|move|p2a: Kingambit|Swords Dance|p2a: Kingambit
|-boost|p2a: Kingambit|atk|2
|
|-damage|p1a: Mimikyu|76/100 psn|[from] psn
|upkeep
|turn|12
|
|t:|1758274437
|move|p1a: Mimikyu|Swords Dance|p1a: Mimikyu
|-boost|p1a: Mimikyu|atk|2
|move|p2a: Kingambit|Iron Head|p1a: Mimikyu
|-activate|p1a: Mimikyu|ability: Disguise
|-damage|p1a: Mimikyu|76/100 psn
|detailschange|p1a: Mimikyu|Mimikyu-Busted, M
|-damage|p1a: Mimikyu|63/100 psn|[from] pokemon: Mimikyu-Busted
|
|-damage|p1a: Mimikyu|51/100 psn|[from] psn
|upkeep
|turn|13
|
|t:|1758274441
|move|p2a: Kingambit|Sucker Punch|p1a: Mimikyu
|-damage|p1a: Mimikyu|0 fnt
|faint|p1a: Mimikyu
|
|upkeep
|
|t:|1758274443
|switch|p1a: Garganacl|Garganacl, F|100/100
|-damage|p1a: Garganacl|88/100|[from] Stealth Rock
|turn|14
|
|t:|1758274447
|move|p2a: Kingambit|Iron Head|p1a: Garganacl
|-supereffective|p1a: Garganacl
|-damage|p1a: Garganacl|0 fnt
|faint|p1a: Garganacl
|
|upkeep
|
|t:|1758274451
|switch|p1a: Ditto|Ditto|76/100 psn
|-damage|p1a: Ditto|63/100 psn|[from] Stealth Rock
|-transform|p1a: Ditto|p2a: Kingambit|[from] ability: Imposter
|-activate|p1a: Ditto|ability: Supreme Overlord
|-start|p1a: Ditto|fallen4|[silent]
|turn|15
|
|t:|1758274459
|move|p1a: Ditto|Kowtow Cleave|p2a: Kingambit
|-resisted|p2a: Kingambit
|-damage|p2a: Kingambit|37/100
|move|p2a: Kingambit|Kowtow Cleave|p1a: Ditto
|-resisted|p1a: Ditto
|-damage|p1a: Ditto|0 fnt
|faint|p1a: Ditto
|-end|p1a: Ditto|fallen4|[silent]
|
|upkeep
|
|t:|1758274462
|switch|p1a: Comfey|Comfey, M|100/100
|-damage|p1a: Comfey|88/100|[from] Stealth Rock
|-status|p1a: Comfey|psn
|turn|16
|
|t:|1758274468
|move|p1a: Comfey|Draining Kiss|p2a: Kingambit
|-damage|p2a: Kingambit|21/100
|-heal|p1a: Comfey|100/100 psn|[from] drain|[of] p2a: Kingambit
|move|p2a: Kingambit|Iron Head|p1a: Comfey
|-supereffective|p1a: Comfey
|-damage|p1a: Comfey|0 fnt
|faint|p1a: Comfey
|
|win|pepyx
|raw|grungly's rating: 1219 &rarr; <strong>1195</strong><br />(-24 for losing)
|raw|pepyx's rating: 1234 &rarr; <strong>1258</strong><br />(+24 for winning)
|l|☆grungly
|player|p1|
|l|☆pepyx
|player|p2|
