|j|‽President Warfo
|j|☆rahul's troy
|t:|1758273972
|gametype|singles
|player|p1|President Warfo|giovanni-gen1rb|1407
|player|p2|rahul's troy|170|1462
|gen|9
|tier|[Gen 9] OU
|rated|
|rule|HP Percentage Mod: HP is shown in percentages
|rule|Endless Battle Clause: Forcing endless battles is banned
|rule|Species Clause: Limit one of each Pokémon
|rule|OHKO Clause: OHKO moves are banned
|rule|Evasion Items Clause: Evasion items are banned
|rule|Evasion Moves Clause: Evasion moves are banned
|rule|Evasion Abilities Clause: Evasion abilities are banned
|rule|Sleep Moves Clause: Sleep-inducing moves are banned
|clearpoke
|poke|p1|Torkoal, F|
|poke|p1|Scovillain, F|
|poke|p1|Walking Wake|
|poke|p1|Hatterene, F|
|poke|p1|Great Tusk|
|poke|p1|Ceruledge, F|
|poke|p2|Araquanid, M|
|poke|p2|Great Tusk|
|poke|p2|Kyurem|
|poke|p2|Enamorus, F|
|poke|p2|Zapdos|
|poke|p2|Scizor, M|
|teampreview
|inactive|Battle timer is ON: inactive players will automatically lose when time's up. (requested by President Warfo)
|inactive|rahul's troy has 120 seconds left.
|
|t:|1758274027
|teamsize|p1|6
|teamsize|p2|6
|start
|switch|p1a: Torkoal|Torkoal, F|100/100
|switch|p2a: "Greed"|Araquanid, M|100/100
|-weather|SunnyDay|[from] ability: Drought|[of] p1a: Torkoal
|turn|1
|
|t:|1758274044
|switch|p2a: "Pride"|Scizor, M|100/100
|move|p1a: Torkoal|Stealth Rock|p2a: "Pride"
|-sidestart|p2: rahul's troy|move: Stealth Rock
|
|-weather|SunnyDay|[upkeep]
|upkeep
|turn|2
|
|t:|1758274053
|move|p2a: "Pride"|U-turn|p1a: Torkoal
|-resisted|p1a: Torkoal
|-damage|p1a: Torkoal|74/100
|
|t:|1758274072
|switch|p2a: "Greed"|Araquanid, M|100/100|[from] U-turn
|-damage|p2a: "Greed"|76/100|[from] Stealth Rock
|move|p1a: Torkoal|Overheat|p2a: "Greed"
|-damage|p2a: "Greed"|45/100
|-unboost|p1a: Torkoal|spa|2
|
|-weather|SunnyDay|[upkeep]
|upkeep
|turn|3
|
|t:|1758274081
|switch|p1a: Hatterene|Hatterene, F, shiny|100/100
|move|p2a: "Greed"|Liquidation|p1a: Hatterene
|-damage|p1a: Hatterene|67/100
|-enditem|p1a: Hatterene|Eject Button
|
|t:|1758274100
|switch|p1a: Ceruledge|Ceruledge, F|100/100
|
|-weather|SunnyDay|[upkeep]
|upkeep
|turn|4
|
|t:|1758274109
|move|p1a: Ceruledge|Swords Dance|p1a: Ceruledge
|-boost|p1a: Ceruledge|atk|2
|move|p2a: "Greed"|Liquidation|p1a: Ceruledge
|-supereffective|p1a: Ceruledge
|-enditem|p1a: Ceruledge|Focus Sash
|-damage|p1a: Ceruledge|1/100
|-unboost|p1a: Ceruledge|def|1
|-ability|p1a: Ceruledge|Weak Armor|boost
|-unboost|p1a: Ceruledge|def|1
|-boost|p1a: Ceruledge|spe|2
|
|-weather|SunnyDay|[upkeep]
|upkeep
|turn|5
|
|t:|1758274123
|move|p1a: Ceruledge|Bitter Blade|p2a: "Greed"
|-crit|p2a: "Greed"
|-damage|p2a: "Greed"|0 fnt
|-heal|p1a: Ceruledge|27/100|[from] drain|[of] p2a: "Greed"
|faint|p2a: "Greed"
|
|-weather|SunnyDay|[upkeep]
|upkeep
|
|t:|1758274130
|switch|p2a: "Pride"|Scizor, M|100/100
|-damage|p2a: "Pride"|88/100|[from] Stealth Rock
|turn|6
|
|t:|1758274135
|move|p2a: "Pride"|Bullet Punch|p1a: Ceruledge
|-resisted|p1a: Ceruledge
|-damage|p1a: Ceruledge|0 fnt
|faint|p1a: Ceruledge
|
|-weather|SunnyDay|[upkeep]
|upkeep
|
|t:|1758274140
|switch|p1a: Scovillain|Scovillain, F|100/100
|turn|7
|
|t:|1758274151
|switch|p2a: "Wrath"|Zapdos|100/100
|move|p1a: Scovillain|Flamethrower|p2a: "Wrath"
|-damage|p2a: "Wrath"|45/100
|-damage|p1a: Scovillain|91/100|[from] item: Life Orb
|
|-weather|SunnyDay|[upkeep]
|upkeep
|turn|8
|
|t:|1758274159
|move|p1a: Scovillain|Flamethrower|p2a: "Wrath"
|-damage|p2a: "Wrath"|0 fnt
|faint|p2a: "Wrath"
|-damage|p1a: Scovillain|81/100|[from] item: Life Orb
|
|-weather|none
|upkeep
|inactive|rahul's troy has 120 seconds left.
|
|t:|1758274192
|switch|p2a: "Gluttony"|Great Tusk|100/100
|-damage|p2a: "Gluttony"|98/100|[from] Stealth Rock
|turn|9
|
|t:|1758274207
|switch|p1a: Hatterene|Hatterene, F, shiny|67/100
|move|p2a: "Gluttony"|Rapid Spin|p1a: Hatterene
|-damage|p1a: Hatterene|55/100
|-boost|p2a: "Gluttony"|spe|1
|-sideend|p2: rahul's troy|Stealth Rock|[from] move: Rapid Spin|[of] p2a: "Gluttony"
|
|-heal|p2a: "Gluttony"|100/100|[from] item: Leftovers
|upkeep
|turn|10
|inactive|rahul's troy has 120 seconds left.
|
|t:|1758274224
|move|p2a: "Gluttony"|Earthquake|p1a: Hatterene
|-damage|p1a: Hatterene|19/100
|move|p1a: Hatterene|Mystical Fire|p2a: "Gluttony"
|-damage|p2a: "Gluttony"|69/100
|-unboost|p2a: "Gluttony"|spa|1
|
|-heal|p2a: "Gluttony"|75/100|[from] item: Leftovers
|upkeep
|turn|11
|
|t:|1758274232
|move|p2a: "Gluttony"|Earthquake|p1a: Hatterene
|-damage|p1a: Hatterene|0 fnt
|faint|p1a: Hatterene
|
|-heal|p2a: "Gluttony"|81/100|[from] item: Leftovers
|upkeep
|
|t:|1758274235
|switch|p1a: Torkoal|Torkoal, F|74/100
|-weather|SunnyDay|[from] ability: Drought|[of] p1a: Torkoal
|-activate|p2a: "Gluttony"|ability: Protosynthesis
|-start|p2a: "Gluttony"|protosynthesisdef
|turn|12
|
|t:|1758274248
|-terastallize|p1a: Torkoal|Flying
|move|p2a: "Gluttony"|Stealth Rock|p1a: Torkoal
|-sidestart|p1: President Warfo|move: Stealth Rock
|move|p1a: Torkoal|Stealth Rock|p2a: "Gluttony"
|-sidestart|p2: rahul's troy|move: Stealth Rock
|
|-weather|SunnyDay|[upkeep]
|-heal|p2a: "Gluttony"|87/100|[from] item: Leftovers
|upkeep
|turn|13
|
|t:|1758274257
|move|p2a: "Gluttony"|Rapid Spin|p1a: Torkoal
|-damage|p1a: Torkoal|63/100
|-boost|p2a: "Gluttony"|spe|1
|-sideend|p2: rahul's troy|Stealth Rock|[from] move: Rapid Spin|[of] p2a: "Gluttony"
|move|p1a: Torkoal|Rapid Spin|p2a: "Gluttony"
|-damage|p2a: "Gluttony"|84/100
|-boost|p1a: Torkoal|spe|1
|-sideend|p1: President Warfo|Stealth Rock|[from] move: Rapid Spin|[of] p1a: Torkoal
|
|-weather|SunnyDay|[upkeep]
|-heal|p2a: "Gluttony"|90/100|[from] item: Leftovers
|upkeep
|turn|14
|
|t:|1758274267
|move|p2a: "Gluttony"|Knock Off|p1a: Torkoal
|-damage|p1a: Torkoal|40/100
|-enditem|p1a: Torkoal|Heat Rock|[from] move: Knock Off|[of] p2a: "Gluttony"
|move|p1a: Torkoal|Overheat|p2a: "Gluttony"
|-damage|p2a: "Gluttony"|0 fnt
|-unboost|p1a: Torkoal|spa|2
|faint|p2a: "Gluttony"
|-end|p2a: "Gluttony"|Protosynthesis|[silent]
|
|-weather|SunnyDay|[upkeep]
|upkeep
|inactive|rahul's troy has 120 seconds left.
|
|t:|1758274294
|switch|p2a: "Sloth"|Kyurem|100/100
|-ability|p2a: "Sloth"|Pressure
|turn|15
|inactive|rahul's troy has 120 seconds left.
|
|t:|1758274305
|switch|p1a: Great Tusk|Great Tusk, shiny|100/100
|-activate|p1a: Great Tusk|ability: Protosynthesis
|-start|p1a: Great Tusk|protosynthesisatk
|-terastallize|p2a: "Sloth"|Fire
|move|p2a: "Sloth"|Dragon Dance|p2a: "Sloth"
|-boost|p2a: "Sloth"|atk|1
|-boost|p2a: "Sloth"|spe|1
|
|-weather|SunnyDay|[upkeep]
|upkeep
|turn|16
|inactive|rahul's troy has 120 seconds left.
|
|t:|1758274318
|move|p2a: "Sloth"|Icicle Spear|p1a: Great Tusk
|-supereffective|p1a: Great Tusk
|-damage|p1a: Great Tusk|71/100
|-supereffective|p1a: Great Tusk
|-damage|p1a: Great Tusk|39/100
|-supereffective|p1a: Great Tusk
|-damage|p1a: Great Tusk|10/100
|-supereffective|p1a: Great Tusk
|-damage|p1a: Great Tusk|0 fnt
|faint|p1a: Great Tusk
|-end|p1a: Great Tusk|Protosynthesis|[silent]
|-hitcount|p1: Great Tusk|4
|
|-weather|SunnyDay|[upkeep]
|upkeep
|
|t:|1758274323
|switch|p1a: Walking Wake|Walking Wake|100/100
|-activate|p1a: Walking Wake|ability: Protosynthesis
|-start|p1a: Walking Wake|protosynthesisspa
|turn|17
|
|t:|1758274334
|move|p2a: "Sloth"|Scale Shot|p1a: Walking Wake|[miss]
|-miss|p2a: "Sloth"|p1a: Walking Wake
|move|p1a: Walking Wake|Hydro Steam|p2a: "Sloth"
|-supereffective|p2a: "Sloth"
|-damage|p2a: "Sloth"|0 fnt
|faint|p2a: "Sloth"
|
|-weather|SunnyDay|[upkeep]
|upkeep
|inactive|rahul's troy has 120 seconds left.
|c|☆rahul's troy|bad luck
|
|t:|1758274350
|switch|p2a: "Lust"|Enamorus, F|100/100
|turn|18
|
|t:|1758274372
|move|p2a: "Lust"|Moonblast|p1a: Walking Wake
|-supereffective|p1a: Walking Wake
|-damage|p1a: Walking Wake|0 fnt
|faint|p1a: Walking Wake
|-end|p1a: Walking Wake|Protosynthesis|[silent]
|
|-weather|SunnyDay|[upkeep]
|upkeep
|
|t:|1758274376
|switch|p1a: Scovillain|Scovillain, F|81/100
|turn|19
|
|t:|1758274381
|move|p1a: Scovillain|Flamethrower|p2a: "Lust"
|-damage|p2a: "Lust"|0 fnt
|faint|p2a: "Lust"
|-damage|p1a: Scovillain|71/100|[from] item: Life Orb
|
|-weather|none
|upkeep
|
|t:|1758274387
|switch|p2a: "Pride"|Scizor, M|88/100
|turn|20
|
|t:|1758274393
|move|p2a: "Pride"|Bullet Punch|p1a: Scovillain
|-resisted|p1a: Scovillain
|-damage|p1a: Scovillain|26/100
|move|p1a: Scovillain|Flamethrower|p2a: "Pride"
|-supereffective|p2a: "Pride"
|-damage|p2a: "Pride"|0 fnt
|faint|p2a: "Pride"
|-damage|p1a: Scovillain|16/100|[from] item: Life Orb
|
|win|President Warfo
|raw|President Warfo's rating: 1407 &rarr; <strong>1430</strong><br />(+23 for winning)
|raw|rahul&apos;s troy's rating: 1462 &rarr; <strong>1439</strong><br />(-23 for losing)
|c|☆rahul's troy|gg
|l|☆rahul's troy
|player|p2|
