|j|☆Samarand
|j|☆huida
|t:|1758362546
|gametype|singles
|player|p1|Samarand|veteranf|1383
|player|p2|huida|265|1475
|gen|9
|tier|[Gen 9] OU
|rated|
|rule|HP Percentage Mod: HP is shown in percentages
|rule|Endless Battle Clause: Forcing endless battles is banned
|rule|Species Clause: Limit one of each Pokémon
|rule|OHKO Clause: OHKO moves are banned
|rule|Evasion Items Clause: Evasion items are banned
|rule|Evasion Moves Clause: Evasion moves are banned
|rule|Evasion Abilities Clause: Evasion abilities are banned
|rule|Sleep Moves Clause: Sleep-inducing moves are banned
|clearpoke
|poke|p1|Delphox, F|
|poke|p1|Diancie|
|poke|p1|Corviknight, F|
|poke|p1|Primarina, F|
|poke|p1|Regice|
|poke|p1|Ninetales-Alola, F|
|poke|p2|Darkrai|
|poke|p2|Slowking-Galar, F|
|poke|p2|Gliscor, F|
|poke|p2|Ogerpon-Wellspring, F|
|poke|p2|Dragonite, F|
|poke|p2|Gholdengo|
|teampreview
|inactive|Battle timer is ON: inactive players will automatically lose when time's up. (requested by huida)
|
|t:|1758362573
|teamsize|p1|6
|teamsize|p2|6
|start
|switch|p1a: Diancie|Diancie|100/100
|switch|p2a: Gholdengo|Gholdengo|100/100
|-item|p2a: Gholdengo|Air Balloon
|turn|1
|inactive|huida has 120 seconds left.
|
|t:|1758362619
|move|p2a: Gholdengo|Thunder Wave|p1a: Diancie
|-status|p1a: Diancie|par
|move|p1a: Diancie|Calm Mind|p1a: Diancie
|-boost|p1a: Diancie|spa|1
|-boost|p1a: Diancie|spd|1
|
|upkeep
|turn|2
|
|t:|1758362632
|-terastallize|p1a: Diancie|Flying
|move|p2a: Gholdengo|Make It Rain|p1a: Diancie
|-damage|p1a: Diancie|71/100 par
|-unboost|p2a: Gholdengo|spa|1
|move|p1a: Diancie|Calm Mind|p1a: Diancie
|-boost|p1a: Diancie|spa|1
|-boost|p1a: Diancie|spd|1
|
|-heal|p1a: Diancie|77/100 par|[from] item: Leftovers
|upkeep
|turn|3
|
|t:|1758362650
|switch|p2a: Slowking|Slowking-Galar, F|100/100
|cant|p1a: Diancie|par
|
|-heal|p1a: Diancie|83/100 par|[from] item: Leftovers
|upkeep
|turn|4
|
|t:|1758362660
|-prepare|p2a: Slowking|Chilly Reception|[premajor]
|move|p2a: Slowking|Chilly Reception|p2a: Slowking
|-weather|Snowscape
|inactive|huida has 90 seconds left.
|
|t:|1758362682
|switch|p2a: Gholdengo|Gholdengo|100/100|[from] Chilly Reception
|-item|p2a: Gholdengo|Air Balloon
|move|p1a: Diancie|Iron Defense|p1a: Diancie
|-boost|p1a: Diancie|def|2
|
|-weather|Snowscape|[upkeep]
|-heal|p1a: Diancie|90/100 par|[from] item: Leftovers
|upkeep
|turn|5
|
|t:|1758362691
|move|p2a: Gholdengo|Hex|p1a: Diancie
|-damage|p1a: Diancie|65/100 par
|cant|p1a: Diancie|par
|
|-weather|Snowscape|[upkeep]
|-heal|p1a: Diancie|71/100 par|[from] item: Leftovers
|upkeep
|turn|6
|
|t:|1758362698
|move|p2a: Gholdengo|Hex|p1a: Diancie
|-damage|p1a: Diancie|47/100 par
|move|p1a: Diancie|Calm Mind|p1a: Diancie
|-boost|p1a: Diancie|spa|1
|-boost|p1a: Diancie|spd|1
|
|-weather|Snowscape|[upkeep]
|-heal|p1a: Diancie|53/100 par|[from] item: Leftovers
|upkeep
|turn|7
|
|t:|1758362705
|move|p2a: Gholdengo|Hex|p1a: Diancie
|-damage|p1a: Diancie|33/100 par
|move|p1a: Diancie|Moonblast|p2a: Gholdengo
|-resisted|p2a: Gholdengo
|-damage|p2a: Gholdengo|50/100
|-enditem|p2a: Gholdengo|Air Balloon
|
|-weather|Snowscape|[upkeep]
|-heal|p1a: Diancie|40/100 par|[from] item: Leftovers
|upkeep
|turn|8
|
|t:|1758362714
|move|p2a: Gholdengo|Hex|p1a: Diancie
|-damage|p1a: Diancie|21/100 par
|cant|p1a: Diancie|par
|
|-weather|none
|-heal|p1a: Diancie|27/100 par|[from] item: Leftovers
|upkeep
|turn|9
|
|t:|1758362721
|move|p2a: Gholdengo|Hex|p1a: Diancie
|-damage|p1a: Diancie|8/100 par
|move|p1a: Diancie|Moonblast|p2a: Gholdengo
|-resisted|p2a: Gholdengo
|-crit|p2a: Gholdengo
|-damage|p2a: Gholdengo|0 fnt
|faint|p2a: Gholdengo
|
|-heal|p1a: Diancie|15/100 par|[from] item: Leftovers
|upkeep
|
|t:|1758362729
|switch|p2a: Ogerpon|Ogerpon-Wellspring, F|100/100
|turn|10
|
|t:|1758362732
|move|p2a: Ogerpon|Ivy Cudgel|p1a: Diancie|[anim] Ivy Cudgel Water
|-damage|p1a: Diancie|0 fnt
|faint|p1a: Diancie
|
|upkeep
|
|t:|1758362735
|switch|p1a: Ninetales|Ninetales-Alola, F|100/100
|-weather|Snowscape|[from] ability: Snow Warning|[of] p1a: Ninetales
|turn|11
|
|t:|1758362745
|move|p1a: Ninetales|Freeze-Dry|p2a: Ogerpon
|-supereffective|p2a: Ogerpon
|-damage|p2a: Ogerpon|26/100
|-status|p2a: Ogerpon|frz
|cant|p2a: Ogerpon|frz
|
|-weather|Snowscape|[upkeep]
|upkeep
|turn|12
|c|☆Samarand|mb
|
|t:|1758362758
|switch|p2a: Slowking|Slowking-Galar, F|100/100
|move|p1a: Ninetales|Freeze-Dry|p2a: Slowking
|-damage|p2a: Slowking|87/100
|
|-weather|Snowscape|[upkeep]
|upkeep
|turn|13
|
|t:|1758362768
|move|p1a: Ninetales|Aurora Veil|p1a: Ninetales
|-sidestart|p1: Samarand|move: Aurora Veil
|move|p2a: Slowking|Sludge Bomb|p1a: Ninetales
|-supereffective|p1a: Ninetales
|-crit|p1a: Ninetales
|-damage|p1a: Ninetales|6/100
|
|-weather|Snowscape|[upkeep]
|upkeep
|turn|14
|
|t:|1758362775
|switch|p1a: Regice|Regice|100/100
|move|p2a: Slowking|Thunder Wave|p1a: Regice
|-status|p1a: Regice|par
|
|-weather|Snowscape|[upkeep]
|upkeep
|turn|15
|
|t:|1758362788
|-prepare|p2a: Slowking|Chilly Reception|[premajor]
|move|p2a: Slowking|Chilly Reception|p2a: Slowking
|
|t:|1758362791
|switch|p2a: Ogerpon|Ogerpon-Wellspring, F|26/100 frz|[from] Chilly Reception
|cant|p1a: Regice|par
|
|-weather|none
|upkeep
|turn|16
|
|t:|1758362797
|cant|p2a: Ogerpon|frz
|move|p1a: Regice|Snowscape|p1a: Regice
|-weather|Snowscape
|
|-weather|Snowscape|[upkeep]
|upkeep
|turn|17
|
|t:|1758362803
|switch|p2a: Slowking|Slowking-Galar, F|100/100
|cant|p1a: Regice|par
|
|-weather|Snowscape|[upkeep]
|upkeep
|turn|18
|
|t:|1758362812
|move|p2a: Slowking|Sludge Bomb|p1a: Regice
|-damage|p1a: Regice|92/100 par
|move|p1a: Regice|Charge Beam|p2a: Slowking
|-damage|p2a: Slowking|91/100
|-boost|p1a: Regice|spa|1
|
|-weather|Snowscape|[upkeep]
|-heal|p1a: Regice|98/100 par|[from] ability: Ice Body
|-heal|p1a: Regice|100/100 par|[from] item: Leftovers
|upkeep
|turn|19
|
|t:|1758362821
|-prepare|p2a: Slowking|Chilly Reception|[premajor]
|move|p2a: Slowking|Chilly Reception|p2a: Slowking
|
|t:|1758362824
|switch|p2a: Ogerpon|Ogerpon-Wellspring, F|26/100 frz|[from] Chilly Reception
|cant|p1a: Regice|par
|
|-weather|Snowscape|[upkeep]
|upkeep
|turn|20
|
|t:|1758362831
|cant|p2a: Ogerpon|frz
|move|p1a: Regice|Blizzard|p2a: Ogerpon
|-damage|p2a: Ogerpon|0 fnt
|faint|p2a: Ogerpon
|
|-weather|none
|-sideend|p1: Samarand|move: Aurora Veil
|upkeep
|
|t:|1758362839
|switch|p2a: Darkrai|Darkrai|100/100
|turn|21
|
|t:|1758362847
|move|p2a: Darkrai|Focus Blast|p1a: Regice
|-supereffective|p1a: Regice
|-damage|p1a: Regice|56/100 par
|move|p1a: Regice|Snowscape|p1a: Regice
|-weather|Snowscape
|
|-weather|Snowscape|[upkeep]
|-heal|p1a: Regice|62/100 par|[from] ability: Ice Body
|-heal|p1a: Regice|68/100 par|[from] item: Leftovers
|upkeep
|turn|22
|
|t:|1758362855
|move|p1a: Regice|Protect|p1a: Regice
|-singleturn|p1a: Regice|Protect
|move|p2a: Darkrai|Nasty Plot|p2a: Darkrai
|-boost|p2a: Darkrai|spa|2
|
|-weather|Snowscape|[upkeep]
|-heal|p1a: Regice|74/100 par|[from] ability: Ice Body
|-heal|p1a: Regice|80/100 par|[from] item: Leftovers
|upkeep
|turn|23
|
|t:|1758362865
|move|p2a: Darkrai|Focus Blast|p1a: Regice
|-supereffective|p1a: Regice
|-damage|p1a: Regice|0 fnt
|faint|p1a: Regice
|
|-weather|Snowscape|[upkeep]
|upkeep
|
|t:|1758362878
|switch|p1a: Primarina|Primarina, F|100/100
|turn|24
|
|t:|1758362883
|switch|p2a: Slowking|Slowking-Galar, F|100/100
|move|p1a: Primarina|Draining Kiss|p2a: Slowking
|-resisted|p2a: Slowking
|-damage|p2a: Slowking|91/100
|
|-weather|Snowscape|[upkeep]
|upkeep
|turn|25
|
|t:|1758362890
|switch|p1a: Ninetales|Ninetales-Alola, F|6/100
|move|p2a: Slowking|Thunder Wave|p1a: Ninetales
|-status|p1a: Ninetales|par
|
|-weather|none
|upkeep
|turn|26
|
|t:|1758362897
|move|p2a: Slowking|Sludge Bomb|p1a: Ninetales
|-supereffective|p1a: Ninetales
|-damage|p1a: Ninetales|0 fnt
|faint|p1a: Ninetales
|
|upkeep
|
|t:|1758362914
|switch|p1a: Corviknight|Corviknight, F|100/100
|turn|27
|
|t:|1758362918
|move|p1a: Corviknight|Bulk Up|p1a: Corviknight
|-boost|p1a: Corviknight|atk|1
|-boost|p1a: Corviknight|def|1
|move|p2a: Slowking|Thunder Wave|p1a: Corviknight
|-status|p1a: Corviknight|par
|
|upkeep
|turn|28
|
|t:|1758362925
|move|p2a: Slowking|Flamethrower|p1a: Corviknight
|-supereffective|p1a: Corviknight
|-damage|p1a: Corviknight|70/100 par
|move|p1a: Corviknight|Bulk Up|p1a: Corviknight
|-boost|p1a: Corviknight|atk|1
|-boost|p1a: Corviknight|def|1
|
|upkeep
|turn|29
|
|t:|1758362936
|move|p2a: Slowking|Flamethrower|p1a: Corviknight
|-supereffective|p1a: Corviknight
|-damage|p1a: Corviknight|39/100 par
|move|p1a: Corviknight|Roost|p1a: Corviknight
|-heal|p1a: Corviknight|89/100 par
|-singleturn|p1a: Corviknight|move: Roost
|
|upkeep
|turn|30
|
|t:|1758362944
|-prepare|p2a: Slowking|Chilly Reception|[premajor]
|move|p2a: Slowking|Chilly Reception|p2a: Slowking
|-weather|Snowscape
|
|t:|1758362948
|switch|p2a: Darkrai|Darkrai|100/100|[from] Chilly Reception
|move|p1a: Corviknight|Bulk Up|p1a: Corviknight
|-boost|p1a: Corviknight|atk|1
|-boost|p1a: Corviknight|def|1
|
|-weather|Snowscape|[upkeep]
|upkeep
|turn|31
|
|t:|1758362958
|-terastallize|p2a: Darkrai|Poison
|move|p2a: Darkrai|Nasty Plot|p2a: Darkrai
|-boost|p2a: Darkrai|spa|2
|move|p1a: Corviknight|Power Trip|p2a: Darkrai
|-damage|p2a: Darkrai|3/100
|
|-weather|Snowscape|[upkeep]
|upkeep
|turn|32
|
|t:|1758362971
|move|p2a: Darkrai|Dark Pulse|p1a: Corviknight
|-damage|p1a: Corviknight|31/100 par
|move|p1a: Corviknight|Power Trip|p2a: Darkrai
|-damage|p2a: Darkrai|0 fnt
|faint|p2a: Darkrai
|
|-weather|Snowscape|[upkeep]
|upkeep
|
|t:|1758362979
|switch|p2a: Slowking|Slowking-Galar, F|100/100
|turn|33
|
|t:|1758362996
|switch|p1a: Delphox|Delphox, F|100/100
|move|p2a: Slowking|Flamethrower|p1a: Delphox
|-resisted|p1a: Delphox
|-damage|p1a: Delphox|88/100
|
|-weather|Snowscape|[upkeep]
|upkeep
|turn|34
|
|t:|1758363008
|move|p1a: Delphox|Psychic|p2a: Slowking
|-damage|p2a: Slowking|75/100
|move|p2a: Slowking|Thunder Wave|p1a: Delphox
|-status|p1a: Delphox|par
|
|-weather|none
|upkeep
|turn|35
|
|t:|1758363014
|move|p1a: Delphox|Psychic|p2a: Slowking
|-damage|p2a: Slowking|49/100
|move|p2a: Slowking|Sludge Bomb|p1a: Delphox
|-damage|p1a: Delphox|50/100 par
|
|upkeep
|turn|36
|
|t:|1758363023
|move|p1a: Delphox|Psychic|p2a: Slowking
|-damage|p2a: Slowking|20/100
|-unboost|p2a: Slowking|spd|1
|-prepare|p2a: Slowking|Chilly Reception|[premajor]
|move|p2a: Slowking|Chilly Reception|p2a: Slowking
|-weather|Snowscape
|
|t:|1758363038
|switch|p2a: Dragonite|Dragonite, F|100/100|[from] Chilly Reception
|
|-weather|Snowscape|[upkeep]
|upkeep
|turn|37
|
|t:|1758363044
|move|p2a: Dragonite|Dragon Dance|p2a: Dragonite
|-boost|p2a: Dragonite|atk|1
|-boost|p2a: Dragonite|spe|1
|move|p1a: Delphox|Psychic Terrain|p1a: Delphox
|-fieldstart|move: Psychic Terrain
|
|-weather|Snowscape|[upkeep]
|upkeep
|turn|38
|
|t:|1758363055
|move|p2a: Dragonite|Dragon Dance|p2a: Dragonite
|-boost|p2a: Dragonite|atk|1
|-boost|p2a: Dragonite|spe|1
|move|p1a: Delphox|Psychic|p2a: Dragonite
|-damage|p2a: Dragonite|69/100
|
|-weather|Snowscape|[upkeep]
|upkeep
|turn|39
|
|t:|1758363066
|move|p2a: Dragonite|Earthquake|p1a: Delphox
|-supereffective|p1a: Delphox
|-damage|p1a: Delphox|0 fnt
|faint|p1a: Delphox
|
|-weather|Snowscape|[upkeep]
|upkeep
|
|t:|1758363067
|switch|p1a: Corviknight|Corviknight, F|31/100 par
|turn|40
|
|t:|1758363076
|move|p2a: Dragonite|Extreme Speed|p1a: Corviknight
|-hint|Psychic Terrain doesn't affect Pokémon immune to Ground.
|-resisted|p1a: Corviknight
|-damage|p1a: Corviknight|5/100 par
|cant|p1a: Corviknight|par
|
|-weather|none
|upkeep
|turn|41
|
|t:|1758363088
|move|p2a: Dragonite|Extreme Speed|p1a: Corviknight
|-hint|Psychic Terrain doesn't affect Pokémon immune to Ground.
|-resisted|p1a: Corviknight
|-crit|p1a: Corviknight
|-damage|p1a: Corviknight|0 fnt
|faint|p1a: Corviknight
|
|-fieldend|move: Psychic Terrain
|upkeep
|
|t:|1758363090
|switch|p1a: Primarina|Primarina, F|100/100
|turn|42
|
|t:|1758363096
|move|p2a: Dragonite|Earthquake|p1a: Primarina
|-damage|p1a: Primarina|12/100
|move|p1a: Primarina|Draining Kiss|p2a: Dragonite
|-supereffective|p2a: Dragonite
|-damage|p2a: Dragonite|11/100
|-heal|p1a: Primarina|51/100|[from] drain|[of] p2a: Dragonite
|
|-heal|p1a: Primarina|57/100|[from] item: Leftovers
|upkeep
|turn|43
|-message|Samarand forfeited.
|
|win|huida
|raw|Samarand's rating: 1383 &rarr; <strong>1368</strong><br />(-15 for losing)
|raw|huida's rating: 1475 &rarr; <strong>1490</strong><br />(+15 for winning)
|l|☆Samarand
|player|p1|
|l|☆huida
|player|p2|
