|j|☆Sm0k3y
|j|☆hrishi718
|t:|1758345854
|gametype|singles
|player|p1|Sm0k3y|silver|1246
|player|p2|hrishi718|benga|1289
|gen|9
|tier|[Gen 9] OU
|rated|
|rule|HP Percentage Mod: HP is shown in percentages
|rule|Endless Battle Clause: Forcing endless battles is banned
|rule|Species Clause: Limit one of each Pokémon
|rule|OHKO Clause: OHKO moves are banned
|rule|Evasion Items Clause: Evasion items are banned
|rule|Evasion Moves Clause: Evasion moves are banned
|rule|Evasion Abilities Clause: Evasion abilities are banned
|rule|Sleep Moves Clause: Sleep-inducing moves are banned
|clearpoke
|poke|p1|Smeargle, F|
|poke|p1|Glimmora, M|
|poke|p1|Alomomola, M|
|poke|p1|Sinistcha|
|poke|p1|Gliscor, M|
|poke|p1|Dragonite, M|
|poke|p2|Ogerpon-Wellspring, F|
|poke|p2|Kingambit, M|
|poke|p2|Gholdengo|
|poke|p2|Landorus-Therian, M|
|poke|p2|Slowking-Galar, F|
|poke|p2|Iron Valiant|
|teampreview
|inactive|Battle timer is ON: inactive players will automatically lose when time's up. (requested by hrishi718)
|
|t:|1758345860
|teamsize|p1|6
|teamsize|p2|6
|start
|switch|p1a: Smeargle|Smeargle, F, shiny|100/100
|switch|p2a: Landorus|Landorus-Therian, M|100/100
|-ability|p2a: Landorus|Intimidate|boost
|-fail|p1a: Smeargle|unboost|Attack|[from] ability: Own Tempo|[of] p1a: Smeargle
|turn|1
|
|t:|1758345869
|move|p1a: Smeargle|Burning Bulwark|p1a: Smeargle
|-singleturn|p1a: Smeargle|move: Protect
|move|p2a: Landorus|Taunt|p1a: Smeargle
|-start|p1a: Smeargle|move: Taunt
|
|upkeep
|turn|2
|
|t:|1758345877
|move|p1a: Smeargle|Stone Axe|p2a: Landorus
|-damage|p2a: Landorus|94/100
|-damage|p1a: Smeargle|84/100|[from] item: Rocky Helmet|[of] p2a: Landorus
|-sidestart|p2: hrishi718|move: Stealth Rock
|move|p2a: Landorus|Earthquake|p1a: Smeargle
|-damage|p1a: Smeargle|0 fnt
|faint|p1a: Smeargle
|
|upkeep
|
|t:|1758345885
|switch|p1a: Gliscor|Gliscor, M, shiny|100/100
|turn|3
|
|t:|1758345892
|move|p1a: Gliscor|Knock Off|p2a: Landorus
|-damage|p2a: Landorus|75/100
|-damage|p1a: Gliscor|84/100|[from] item: Rocky Helmet|[of] p2a: Landorus
|-enditem|p2a: Landorus|Rocky Helmet|[from] move: Knock Off|[of] p1a: Gliscor
|move|p2a: Landorus|Stealth Rock|p1a: Gliscor
|-sidestart|p1: Sm0k3y|move: Stealth Rock
|
|-status|p1a: Gliscor|tox|[from] item: Toxic Orb
|upkeep
|turn|4
|
|t:|1758345902
|move|p1a: Gliscor|Lunge|p2a: Landorus
|-resisted|p2a: Landorus
|-damage|p2a: Landorus|67/100
|-unboost|p2a: Landorus|atk|1
|move|p2a: Landorus|Taunt|p1a: Gliscor
|-start|p1a: Gliscor|move: Taunt
|
|-heal|p1a: Gliscor|96/100 tox|[from] ability: Poison Heal
|upkeep
|turn|5
|
|t:|1758345913
|move|p1a: Gliscor|Lunge|p2a: Landorus
|-resisted|p2a: Landorus
|-damage|p2a: Landorus|59/100
|-unboost|p2a: Landorus|atk|1
|move|p2a: Landorus|U-turn|p1a: Gliscor
|-resisted|p1a: Gliscor
|-damage|p1a: Gliscor|91/100 tox
|
|t:|1758345930
|switch|p2a: Ogerpon|Ogerpon-Wellspring, F|100/100|[from] U-turn
|-damage|p2a: Ogerpon|88/100|[from] Stealth Rock
|
|-heal|p1a: Gliscor|100/100 tox|[from] ability: Poison Heal
|upkeep
|turn|6
|
|t:|1758345945
|switch|p1a: Sinistcha|Sinistcha, shiny|100/100
|-damage|p1a: Sinistcha|88/100|[from] Stealth Rock
|move|p2a: Ogerpon|Swords Dance|p2a: Ogerpon
|-boost|p2a: Ogerpon|atk|2
|
|-heal|p1a: Sinistcha|94/100|[from] item: Leftovers
|upkeep
|turn|7
|
|t:|1758345955
|move|p2a: Ogerpon|Knock Off|p1a: Sinistcha
|-supereffective|p1a: Sinistcha
|-damage|p1a: Sinistcha|0 fnt
|-enditem|p1a: Sinistcha|Leftovers|[from] move: Knock Off|[of] p2a: Ogerpon
|faint|p1a: Sinistcha
|
|upkeep
|
|t:|1758345959
|switch|p1a: Glimmora|Glimmora, M, shiny|100/100
|-damage|p1a: Glimmora|88/100|[from] Stealth Rock
|turn|8
|
|t:|1758345967
|move|p2a: Ogerpon|Ivy Cudgel|p1a: Glimmora|[anim] Ivy Cudgel Water
|-supereffective|p1a: Glimmora
|-damage|p1a: Glimmora|0 fnt
|-activate|p1a: Glimmora|ability: Toxic Debris
|-sidestart|p2: hrishi718|move: Toxic Spikes
|faint|p1a: Glimmora
|
|upkeep
|
|t:|1758345970
|switch|p1a: Dragonite|Dragonite, M, shiny|100/100
|-damage|p1a: Dragonite|76/100|[from] Stealth Rock
|turn|9
|
|t:|1758345978
|move|p2a: Ogerpon|Knock Off|p1a: Dragonite
|-damage|p1a: Dragonite|0 fnt
|-enditem|p1a: Dragonite|Clear Amulet|[from] move: Knock Off|[of] p2a: Ogerpon
|faint|p1a: Dragonite
|
|upkeep
|-message|Sm0k3y forfeited.
|
|win|hrishi718
|raw|Sm0k3y's rating: 1246 &rarr; <strong>1224</strong><br />(-22 for losing)
|raw|hrishi718's rating: 1289 &rarr; <strong>1311</strong><br />(+22 for winning)
|l|☆Sm0k3y
|player|p1|
|l|☆hrishi718
|player|p2|
