|j|☆GFYSYDAR
|j|☆Streshyix
|t:|1758301362
|gametype|singles
|player|p1|GFYSYDAR|scientist-gen4dp|1300
|player|p2|Streshyix|hugh|1333
|gen|9
|tier|[Gen 9] OU
|rated|
|rule|HP Percentage Mod: HP is shown in percentages
|rule|Endless Battle Clause: Forcing endless battles is banned
|rule|Species Clause: Limit one of each Pokémon
|rule|OHKO Clause: OHKO moves are banned
|rule|Evasion Items Clause: Evasion items are banned
|rule|Evasion Moves Clause: Evasion moves are banned
|rule|Evasion Abilities Clause: Evasion abilities are banned
|rule|Sleep Moves Clause: Sleep-inducing moves are banned
|clearpoke
|poke|p1|Electrode-Hisui|
|poke|p1|Gallade, M|
|poke|p1|Slowking-Galar, M|
|poke|p1|Alomomola, M|
|poke|p1|Great Tusk|
|poke|p1|Landorus-Therian, M|
|poke|p2|Iron Valiant|
|poke|p2|Scizor, F|
|poke|p2|Samurott-Hisui, F|
|poke|p2|Gholdengo|
|poke|p2|Iron Treads|
|poke|p2|Ceruledge, F|
|teampreview
|inactive|Battle timer is ON: inactive players will automatically lose when time's up. (requested by Streshyix)
|
|t:|1758301370
|teamsize|p1|6
|teamsize|p2|6
|start
|switch|p1a: Alomomola|Alomomola, M, shiny|100/100
|switch|p2a: Samurott|Samurott-Hisui, F, shiny|100/100
|turn|1
|
|t:|1758301376
|move|p2a: Samurott|Ceaseless Edge|p1a: Alomomola
|-damage|p1a: Alomomola|86/100
|-sidestart|p1: GFYSYDAR|Spikes
|move|p1a: Alomomola|Scald|p2a: Samurott
|-resisted|p2a: Samurott
|-damage|p2a: Samurott|89/100
|
|upkeep
|turn|2
|
|t:|1758301384
|move|p2a: Samurott|Ceaseless Edge|p1a: Alomomola
|-damage|p1a: Alomomola|71/100
|-sidestart|p1: GFYSYDAR|Spikes
|move|p1a: Alomomola|Scald|p2a: Samurott
|-resisted|p2a: Samurott
|-damage|p2a: Samurott|78/100
|
|upkeep
|turn|3
|
|t:|1758301392
|move|p2a: Samurott|Ceaseless Edge|p1a: Alomomola
|-damage|p1a: Alomomola|56/100
|-sidestart|p1: GFYSYDAR|Spikes
|move|p1a: Alomomola|Flip Turn|p2a: Samurott
|-resisted|p2a: Samurott
|-damage|p2a: Samurott|68/100
|
|t:|1758301398
|switch|p1a: Landorus|Landorus-Therian, M|100/100|[from] Flip Turn
|-ability|p1a: Landorus|Intimidate|boost
|-unboost|p2a: Samurott|atk|1
|
|upkeep
|turn|4
|
|t:|1758301406
|move|p2a: Samurott|Razor Shell|p1a: Landorus
|-supereffective|p1a: Landorus
|-damage|p1a: Landorus|69/100
|-unboost|p1a: Landorus|def|1
|-damage|p2a: Samurott|52/100|[from] item: Rocky Helmet|[of] p1a: Landorus
|move|p1a: Landorus|Stealth Rock|p2a: Samurott
|-sidestart|p2: Streshyix|move: Stealth Rock
|
|upkeep
|turn|5
|
|t:|1758301415
|switch|p1a: Slowking|Slowking-Galar, M|100/100
|move|p2a: Samurott|Razor Shell|p1a: Slowking
|-damage|p1a: Slowking|75/100
|-unboost|p1a: Slowking|def|1
|
|upkeep
|turn|6
|
|t:|1758301423
|switch|p1a: Alomomola|Alomomola, M, shiny|90/100
|move|p2a: Samurott|Knock Off|p1a: Alomomola
|-damage|p1a: Alomomola|75/100
|-enditem|p1a: Alomomola|Heavy-Duty Boots|[from] move: Knock Off|[of] p2a: Samurott
|
|upkeep
|turn|7
|inactive|Streshyix has 120 seconds left.
|
|t:|1758301472
|move|p2a: Samurott|Razor Shell|p1a: Alomomola
|-resisted|p1a: Alomomola
|-damage|p1a: Alomomola|69/100
|move|p1a: Alomomola|Flip Turn|p2a: Samurott
|-resisted|p2a: Samurott
|-damage|p2a: Samurott|40/100
|
|t:|1758301478
|switch|p1a: Great Tusk|Great Tusk|100/100|[from] Flip Turn
|
|upkeep
|turn|8
|
|t:|1758301484
|switch|p2a: Gholdengo|Gholdengo|100/100
|-damage|p2a: Gholdengo|94/100|[from] Stealth Rock
|-item|p2a: Gholdengo|Air Balloon
|move|p1a: Great Tusk|Rapid Spin|p2a: Gholdengo
|-immune|p2a: Gholdengo
|
|upkeep
|turn|9
|inactive|Streshyix has 120 seconds left.
|inactive|Streshyix has 90 seconds left.
|
|t:|1758301522
|move|p1a: Great Tusk|Ice Spinner|p2a: Gholdengo
|-resisted|p2a: Gholdengo
|-damage|p2a: Gholdengo|85/100
|-enditem|p2a: Gholdengo|Air Balloon
|move|p2a: Gholdengo|Hex|p1a: Great Tusk
|-damage|p1a: Great Tusk|54/100
|
|upkeep
|turn|10
|inactive|Streshyix has 90 seconds left.
|
|t:|1758301543
|-end|p1a: Great Tusk|Protosynthesis|[silent]
|switch|p1a: Slowking|Slowking-Galar, M|100/100
|switch|p2a: Iron Treads|Iron Treads|100/100
|-damage|p2a: Iron Treads|97/100|[from] Stealth Rock
|-item|p2a: Iron Treads|Air Balloon
|
|upkeep
|turn|11
|
|t:|1758301554
|switch|p1a: Landorus|Landorus-Therian, M|69/100
|-ability|p1a: Landorus|Intimidate|boost
|-unboost|p2a: Iron Treads|atk|1
|move|p2a: Iron Treads|Rapid Spin|p1a: Landorus
|-damage|p1a: Landorus|62/100
|-boost|p2a: Iron Treads|spe|1
|-damage|p2a: Iron Treads|81/100|[from] item: Rocky Helmet|[of] p1a: Landorus
|-sideend|p2: Streshyix|Stealth Rock|[from] move: Rapid Spin|[of] p2a: Iron Treads
|
|upkeep
|turn|12
|
|t:|1758301564
|move|p2a: Iron Treads|Stealth Rock|p1a: Landorus
|-sidestart|p1: GFYSYDAR|move: Stealth Rock
|move|p1a: Landorus|U-turn|p2a: Iron Treads
|-resisted|p2a: Iron Treads
|-damage|p2a: Iron Treads|71/100
|-enditem|p2a: Iron Treads|Air Balloon
|
|t:|1758301570
|switch|p1a: Great Tusk|Great Tusk|54/100|[from] U-turn
|
|upkeep
|turn|13
|inactive|Streshyix has 90 seconds left.
|
|t:|1758301590
|-end|p2a: Iron Treads|Quark Drive|[silent]
|switch|p2a: Gholdengo|Gholdengo|85/100
|move|p1a: Great Tusk|Rapid Spin|p2a: Gholdengo
|-immune|p2a: Gholdengo
|
|upkeep
|turn|14
|inactive|Streshyix has 90 seconds left.
|
|t:|1758301603
|move|p1a: Great Tusk|Headlong Rush|p2a: Gholdengo
|-supereffective|p2a: Gholdengo
|-damage|p2a: Gholdengo|0 fnt
|-unboost|p1a: Great Tusk|def|1
|-unboost|p1a: Great Tusk|spd|1
|faint|p2a: Gholdengo
|
|upkeep
|
|t:|1758301617
|switch|p2a: Iron Valiant|Iron Valiant|100/100
|turn|15
|
|t:|1758301621
|-end|p1a: Great Tusk|Protosynthesis|[silent]
|switch|p1a: Slowking|Slowking-Galar, M|100/100
|-terastallize|p2a: Iron Valiant|Fairy
|move|p2a: Iron Valiant|Moonblast|p1a: Slowking
|-resisted|p1a: Slowking
|-damage|p1a: Slowking|71/100
|-unboost|p1a: Slowking|spa|1
|
|upkeep
|turn|16
|inactive|Streshyix has 90 seconds left.
|
|t:|1758301635
|-end|p2a: Iron Valiant|Quark Drive|[silent]
|switch|p2a: Samurott|Samurott-Hisui, F, shiny|40/100
|-prepare|p1a: Slowking|Chilly Reception|[premajor]
|move|p1a: Slowking|Chilly Reception|p1a: Slowking
|-weather|Snowscape
|
|t:|1758301647
|switch|p1a: Great Tusk|Great Tusk|54/100|[from] Chilly Reception
|
|-weather|Snowscape|[upkeep]
|upkeep
|turn|17
|
|t:|1758301661
|switch|p2a: Ceruledge|Ceruledge, F|100/100
|move|p1a: Great Tusk|Headlong Rush|p2a: Ceruledge
|-supereffective|p2a: Ceruledge
|-enditem|p2a: Ceruledge|Focus Sash
|-damage|p2a: Ceruledge|1/100
|-unboost|p1a: Great Tusk|def|1
|-unboost|p1a: Great Tusk|spd|1
|-ability|p2a: Ceruledge|Weak Armor|boost
|-unboost|p2a: Ceruledge|def|1
|-boost|p2a: Ceruledge|spe|2
|
|-weather|Snowscape|[upkeep]
|upkeep
|turn|18
|
|t:|1758301674
|-end|p1a: Great Tusk|Protosynthesis|[silent]
|switch|p1a: Alomomola|Alomomola, M, shiny|100/100
|-damage|p1a: Alomomola|76/100|[from] Spikes
|-damage|p1a: Alomomola|63/100|[from] Stealth Rock
|move|p2a: Ceruledge|Bitter Blade|p1a: Alomomola
|-resisted|p1a: Alomomola
|-damage|p1a: Alomomola|51/100
|-heal|p2a: Ceruledge|13/100|[from] drain|[of] p1a: Alomomola
|
|-weather|Snowscape|[upkeep]
|upkeep
|turn|19
|
|t:|1758301694
|switch|p2a: Iron Valiant|Iron Valiant, tera:Fairy|100/100
|move|p1a: Alomomola|Flip Turn|p2a: Iron Valiant
|-damage|p2a: Iron Valiant|81/100
|
|t:|1758301701
|switch|p1a: Electrode|Electrode-Hisui, shiny|100/100|[from] Flip Turn
|-damage|p1a: Electrode|76/100|[from] Spikes
|-damage|p1a: Electrode|63/100|[from] Stealth Rock
|
|-weather|Snowscape|[upkeep]
|upkeep
|turn|20
|
|t:|1758301712
|-end|p2a: Iron Valiant|Quark Drive|[silent]
|switch|p2a: Samurott|Samurott-Hisui, F, shiny|40/100
|move|p1a: Electrode|Leaf Storm|p2a: Samurott
|-supereffective|p2a: Samurott
|-damage|p2a: Samurott|0 fnt
|-unboost|p1a: Electrode|spa|2
|faint|p2a: Samurott
|
|-weather|none
|upkeep
|l|☆GFYSYDAR
|inactive|GFYSYDAR disconnected and has a minute to reconnect!
|player|p1|
|j|☆GFYSYDAR
|inactive|GFYSYDAR reconnected.
|player|p1|GFYSYDAR|scientist-gen4dp|
|inactive|Streshyix has 90 seconds left.
|
|t:|1758301741
|switch|p2a: Scizor|Scizor, F|100/100
|turn|21
|
|t:|1758301744
|switch|p1a: Landorus|Landorus-Therian, M|62/100
|-damage|p1a: Landorus|50/100|[from] Stealth Rock
|-ability|p1a: Landorus|Intimidate|boost
|-unboost|p2a: Scizor|atk|1
|move|p2a: Scizor|U-turn|p1a: Landorus
|-resisted|p1a: Landorus
|-damage|p1a: Landorus|34/100
|-damage|p2a: Scizor|84/100|[from] item: Rocky Helmet|[of] p1a: Landorus
|inactive|Streshyix has 90 seconds left.
|
|t:|1758301762
|switch|p2a: Iron Treads|Iron Treads|71/100|[from] U-turn
|
|upkeep
|turn|22
|
|t:|1758301770
|move|p2a: Iron Treads|Knock Off|p1a: Landorus
|-damage|p1a: Landorus|11/100
|-damage|p2a: Iron Treads|54/100|[from] item: Rocky Helmet|[of] p1a: Landorus
|-enditem|p1a: Landorus|Rocky Helmet|[from] move: Knock Off|[of] p2a: Iron Treads
|move|p1a: Landorus|U-turn|p2a: Iron Treads
|-resisted|p2a: Iron Treads
|-damage|p2a: Iron Treads|45/100
|
|t:|1758301782
|switch|p1a: Great Tusk|Great Tusk|54/100|[from] U-turn
|
|upkeep
|turn|23
|
|t:|1758301786
|-end|p2a: Iron Treads|Quark Drive|[silent]
|switch|p2a: Ceruledge|Ceruledge, F|13/100
|move|p1a: Great Tusk|Rapid Spin|p2a: Ceruledge
|-immune|p2a: Ceruledge
|
|upkeep
|turn|24
|
|t:|1758301797
|move|p1a: Great Tusk|Ice Spinner|p2a: Ceruledge
|-resisted|p2a: Ceruledge
|-damage|p2a: Ceruledge|0 fnt
|faint|p2a: Ceruledge
|
|upkeep
|
|t:|1758301805
|switch|p2a: Iron Valiant|Iron Valiant, tera:Fairy|81/100
|turn|25
|
|t:|1758301809
|-end|p1a: Great Tusk|Protosynthesis|[silent]
|switch|p1a: Slowking|Slowking-Galar, M|100/100
|move|p2a: Iron Valiant|Moonblast|p1a: Slowking
|-resisted|p1a: Slowking
|-damage|p1a: Slowking|75/100
|
|upkeep
|turn|26
|inactive|Streshyix has 120 seconds left.
|
|t:|1758301816
|-end|p2a: Iron Valiant|Quark Drive|[silent]
|switch|p2a: Iron Treads|Iron Treads|45/100
|-prepare|p1a: Slowking|Chilly Reception|[premajor]
|move|p1a: Slowking|Chilly Reception|p1a: Slowking
|-weather|Snowscape
|c|☆GFYSYDAR|Absolute bum
|
|t:|1758301826
|switch|p1a: Great Tusk|Great Tusk|54/100|[from] Chilly Reception
|
|-weather|Snowscape|[upkeep]
|upkeep
|turn|27
|
|t:|1758301833
|move|p2a: Iron Treads|Earthquake|p1a: Great Tusk
|-damage|p1a: Great Tusk|19/100
|move|p1a: Great Tusk|Rapid Spin|p2a: Iron Treads
|-resisted|p2a: Iron Treads
|-damage|p2a: Iron Treads|36/100
|-boost|p1a: Great Tusk|spe|1
|-sideend|p1: GFYSYDAR|Spikes|[from] move: Rapid Spin|[of] p1a: Great Tusk
|-sideend|p1: GFYSYDAR|Stealth Rock|[from] move: Rapid Spin|[of] p1a: Great Tusk
|
|-weather|Snowscape|[upkeep]
|upkeep
|turn|28
|
|t:|1758301844
|move|p1a: Great Tusk|Headlong Rush|p2a: Iron Treads
|-supereffective|p2a: Iron Treads
|-crit|p2a: Iron Treads
|-damage|p2a: Iron Treads|0 fnt
|-unboost|p1a: Great Tusk|def|1
|-unboost|p1a: Great Tusk|spd|1
|faint|p2a: Iron Treads
|-end|p2a: Iron Treads|Quark Drive|[silent]
|
|-weather|Snowscape|[upkeep]
|upkeep
|c|☆Streshyix|I cannot play hazard stack
|inactive|Streshyix has 120 seconds left.
|c|☆GFYSYDAR|You can play it fine
|c|☆Streshyix|If I managed to knock off on your Tusk once
|c|☆GFYSYDAR|If youre irritating me youre doing okay
|c|☆GFYSYDAR|And you are
|
|t:|1758301891
|switch|p2a: Iron Valiant|Iron Valiant, tera:Fairy|81/100
|turn|29
|
|t:|1758301894
|-end|p1a: Great Tusk|Protosynthesis|[silent]
|switch|p1a: Slowking|Slowking-Galar, M|100/100
|move|p2a: Iron Valiant|Vacuum Wave|p1a: Slowking
|-resisted|p1a: Slowking
|-damage|p1a: Slowking|96/100
|
|-weather|Snowscape|[upkeep]
|upkeep
|turn|30
|
|t:|1758301902
|-end|p2a: Iron Valiant|Quark Drive|[silent]
|switch|p2a: Scizor|Scizor, F|84/100
|-prepare|p1a: Slowking|Chilly Reception|[premajor]
|move|p1a: Slowking|Chilly Reception|p1a: Slowking
|
|t:|1758301907
|switch|p1a: Alomomola|Alomomola, M, shiny|84/100|[from] Chilly Reception
|
|-weather|none
|upkeep
|turn|31
|inactive|Streshyix has 120 seconds left.
|
|t:|1758301924
|move|p2a: Scizor|U-turn|p1a: Alomomola
|-damage|p1a: Alomomola|53/100
|
|t:|1758301926
|switch|p2a: Iron Valiant|Iron Valiant, tera:Fairy|81/100|[from] U-turn
|move|p1a: Alomomola|Wish|p1a: Alomomola
|
|upkeep
|turn|32
|inactive|Streshyix has 120 seconds left.
|
|t:|1758301937
|switch|p1a: Slowking|Slowking-Galar, M|100/100
|move|p2a: Iron Valiant|Moonblast|p1a: Slowking
|-resisted|p1a: Slowking
|-damage|p1a: Slowking|72/100
|
|-heal|p1a: Slowking|100/100|[from] move: Wish|[wisher] Alomomola
|upkeep
|turn|33
|inactive|Streshyix has 120 seconds left.
|
|t:|1758301948
|move|p2a: Iron Valiant|Moonblast|p1a: Slowking
|-resisted|p1a: Slowking
|-damage|p1a: Slowking|75/100
|-unboost|p1a: Slowking|spa|1
|-prepare|p1a: Slowking|Chilly Reception|[premajor]
|move|p1a: Slowking|Chilly Reception|p1a: Slowking
|-weather|Snowscape
|
|t:|1758301955
|switch|p1a: Electrode|Electrode-Hisui, shiny|63/100|[from] Chilly Reception
|
|-weather|Snowscape|[upkeep]
|upkeep
|turn|34
|
|t:|1758301963
|-end|p2a: Iron Valiant|Quark Drive|[silent]
|switch|p2a: Scizor|Scizor, F|84/100
|move|p1a: Electrode|Volt Switch|p2a: Scizor
|-damage|p2a: Scizor|28/100
|c|☆GFYSYDAR|Unfortunately being annoyed means i am going to 6-0 you
|
|t:|1758301983
|switch|p1a: Alomomola|Alomomola, M, shiny|86/100|[from] Volt Switch
|
|-weather|Snowscape|[upkeep]
|upkeep
|turn|35
|c|☆Streshyix|Yeah yeah, have fun :v
|
|t:|1758302006
|move|p2a: Scizor|U-turn|p1a: Alomomola
|-damage|p1a: Alomomola|54/100
|
|t:|1758302007
|switch|p2a: Iron Valiant|Iron Valiant, tera:Fairy|81/100|[from] U-turn
|move|p1a: Alomomola|Wish|p1a: Alomomola
|
|-weather|Snowscape|[upkeep]
|upkeep
|turn|36
|
|t:|1758302017
|-end|p2a: Iron Valiant|Quark Drive|[silent]
|switch|p2a: Scizor|Scizor, F|28/100
|switch|p1a: Slowking|Slowking-Galar, M|100/100
|
|-weather|Snowscape|[upkeep]
|upkeep
|turn|37
|
|t:|1758302025
|switch|p1a: Alomomola|Alomomola, M, shiny|88/100
|move|p2a: Scizor|U-turn|p1a: Alomomola
|-damage|p1a: Alomomola|58/100
|
|t:|1758302027
|switch|p2a: Iron Valiant|Iron Valiant, tera:Fairy|81/100|[from] U-turn
|
|-weather|none
|upkeep
|turn|38
|
|t:|1758302036
|switch|p1a: Slowking|Slowking-Galar, M|100/100
|move|p2a: Iron Valiant|Thunderbolt|p1a: Slowking
|-damage|p1a: Slowking|76/100
|
|upkeep
|turn|39
|
|t:|1758302043
|move|p2a: Iron Valiant|Thunderbolt|p1a: Slowking
|-damage|p1a: Slowking|51/100
|-prepare|p1a: Slowking|Chilly Reception|[premajor]
|move|p1a: Slowking|Chilly Reception|p1a: Slowking
|-weather|Snowscape
|
|t:|1758302048
|switch|p1a: Electrode|Electrode-Hisui, shiny|63/100|[from] Chilly Reception
|
|-weather|Snowscape|[upkeep]
|upkeep
|turn|40
|c|☆Streshyix|GGs M8
|c|☆GFYSYDAR|Gg
|c|☆Streshyix|m8*
|-message|Streshyix forfeited.
|
|win|GFYSYDAR
|raw|GFYSYDAR's rating: 1300 &rarr; <strong>1327</strong><br />(+27 for winning)
|raw|Streshyix's rating: 1333 &rarr; <strong>1311</strong><br />(-22 for losing)
|l|☆Streshyix
|player|p2|
