|j|☆porkguy721
|j|☆Imbadatmyjob
|t:|1758255971
|gametype|singles
|player|p1|porkguy721|1|1115
|player|p2|Imbadatmyjob|pokekid|1120
|gen|9
|tier|[Gen 9] OU
|rated|
|rule|HP Percentage Mod: HP is shown in percentages
|rule|Endless Battle Clause: Forcing endless battles is banned
|rule|Species Clause: Limit one of each Pokémon
|rule|OHKO Clause: OHKO moves are banned
|rule|Evasion Items Clause: Evasion items are banned
|rule|Evasion Moves Clause: Evasion moves are banned
|rule|Evasion Abilities Clause: Evasion abilities are banned
|rule|Sleep Moves Clause: Sleep-inducing moves are banned
|clearpoke
|poke|p1|Clefable, F|
|poke|p1|Dondozo, F|
|poke|p1|Blissey, F|
|poke|p1|Clodsire, M|
|poke|p1|Corviknight, M|
|poke|p1|Gliscor, M|
|poke|p2|Pikachu-Kalos, M|
|poke|p2|Greninja-*, M|
|poke|p2|Hawlucha, F|
|poke|p2|Noivern, M|
|poke|p2|Talonflame, F|
|poke|p2|Goodra, F|
|teampreview
|
|t:|1758255982
|teamsize|p1|6
|teamsize|p2|6
|start
|switch|p1a: Clefable|Clefable, F|100/100
|switch|p2a: Greninja|Greninja, M|100/100
|turn|1
|inactive|Battle timer is ON: inactive players will automatically lose when time's up. (requested by Imbadatmyjob)
|
|t:|1758255988
|move|p2a: Greninja|Hydro Pump|p1a: Clefable
|-start|p2a: Greninja|typechange|Water|[from] ability: Protean
|-damage|p1a: Clefable|45/100
|-damage|p2a: Greninja|91/100|[from] item: Life Orb
|move|p1a: Clefable|Moonblast|p2a: Greninja
|-damage|p2a: Greninja|37/100
|
|-heal|p1a: Clefable|51/100|[from] item: Leftovers
|upkeep
|turn|2
|
|t:|1758256002
|switch|p1a: Blissey|Blissey, F|100/100
|move|p2a: Greninja|Hydro Pump|p1a: Blissey
|-damage|p1a: Blissey|82/100
|-damage|p2a: Greninja|27/100|[from] item: Life Orb
|
|upkeep
|turn|3
|
|t:|1758256012
|move|p2a: Greninja|U-turn|p1a: Blissey
|-damage|p1a: Blissey|60/100
|-damage|p2a: Greninja|17/100|[from] item: Life Orb
|
|t:|1758256016
|switch|p2a: Talonflame|Talonflame, F|100/100|[from] U-turn
|move|p1a: Blissey|Seismic Toss|p2a: Talonflame
|-damage|p2a: Talonflame|67/100
|
|upkeep
|turn|4
|
|t:|1758256027
|switch|p1a: Gliscor|Gliscor, M|100/100
|move|p2a: Talonflame|Brave Bird|p1a: Gliscor
|-damage|p1a: Gliscor|75/100
|-damage|p2a: Talonflame|57/100|[from] Recoil
|
|-status|p1a: Gliscor|tox|[from] item: Toxic Orb
|upkeep
|turn|5
|
|t:|1758256036
|move|p2a: Talonflame|Flare Blitz|p1a: Gliscor
|-damage|p1a: Gliscor|47/100 tox
|-damage|p2a: Talonflame|46/100|[from] Recoil
|move|p1a: Gliscor|Toxic|p2a: Talonflame
|-status|p2a: Talonflame|tox
|
|-damage|p2a: Talonflame|40/100 tox|[from] psn
|-heal|p1a: Gliscor|60/100 tox|[from] ability: Poison Heal
|upkeep
|turn|6
|
|t:|1758256045
|move|p1a: Gliscor|Protect|p1a: Gliscor
|-singleturn|p1a: Gliscor|Protect
|move|p2a: Talonflame|Flare Blitz|p1a: Gliscor
|-activate|p1a: Gliscor|move: Protect
|
|-damage|p2a: Talonflame|28/100 tox|[from] psn
|-heal|p1a: Gliscor|72/100 tox|[from] ability: Poison Heal
|upkeep
|turn|7
|
|t:|1758256053
|switch|p2a: Noivern|Noivern, M|100/100
|move|p1a: Gliscor|Earthquake|p2a: Noivern
|-immune|p2a: Noivern
|
|-heal|p1a: Gliscor|85/100 tox|[from] ability: Poison Heal
|upkeep
|turn|8
|
|t:|1758256060
|move|p1a: Gliscor|Protect|p1a: Gliscor
|-singleturn|p1a: Gliscor|Protect
|move|p2a: Noivern|Draco Meteor|p1a: Gliscor
|-activate|p1a: Gliscor|move: Protect
|
|-heal|p1a: Gliscor|97/100 tox|[from] ability: Poison Heal
|upkeep
|turn|9
|
|t:|1758256071
|switch|p2a: Talonflame|Talonflame, F|28/100 tox
|switch|p1a: Clefable|Clefable, F|51/100
|
|-heal|p1a: Clefable|57/100|[from] item: Leftovers
|-damage|p2a: Talonflame|22/100 tox|[from] psn
|upkeep
|turn|10
|
|t:|1758256080
|switch|p1a: Dondozo|Dondozo, F|100/100
|move|p2a: Talonflame|Flare Blitz|p1a: Dondozo
|-resisted|p1a: Dondozo
|-damage|p1a: Dondozo|91/100
|-damage|p2a: Talonflame|16/100 tox|[from] Recoil
|
|-damage|p2a: Talonflame|4/100 tox|[from] psn
|upkeep
|turn|11
|
|t:|1758256089
|switch|p2a: Pikachu|Pikachu-Kalos, M|100/100
|move|p1a: Dondozo|Curse|p1a: Dondozo
|-unboost|p1a: Dondozo|spe|1
|-boost|p1a: Dondozo|atk|1
|-boost|p1a: Dondozo|def|1
|
|upkeep
|turn|12
|
|t:|1758256096
|switch|p1a: Gliscor|Gliscor, M|97/100 tox
|-terastallize|p2a: Pikachu|Ice
|move|p2a: Pikachu|Tera Blast|p1a: Gliscor|[anim] Tera Blast Ice
|-supereffective|p1a: Gliscor
|-damage|p1a: Gliscor|0 fnt
|faint|p1a: Gliscor
|
|upkeep
|
|t:|1758256105
|switch|p1a: Blissey|Blissey, F|60/100
|turn|13
|
|t:|1758256109
|switch|p2a: Talonflame|Talonflame, F|4/100 tox
|move|p1a: Blissey|Seismic Toss|p2a: Talonflame
|-damage|p2a: Talonflame|0 fnt
|faint|p2a: Talonflame
|
|upkeep
|
|t:|1758256111
|switch|p2a: Hawlucha|Hawlucha, F|100/100
|turn|14
|
|t:|1758256118
|switch|p1a: Clodsire|Clodsire, M|100/100
|move|p2a: Hawlucha|Close Combat|p1a: Clodsire
|-resisted|p1a: Clodsire
|-damage|p1a: Clodsire|72/100
|-unboost|p2a: Hawlucha|def|1
|-unboost|p2a: Hawlucha|spd|1
|-enditem|p2a: Hawlucha|White Herb
|-clearnegativeboost|p2a: Hawlucha|[silent]
|
|upkeep
|turn|15
|
|t:|1758256128
|move|p2a: Hawlucha|Acrobatics|p1a: Clodsire
|-damage|p1a: Clodsire|17/100
|move|p1a: Clodsire|Poison Jab|p2a: Hawlucha
|-damage|p2a: Hawlucha|69/100
|
|upkeep
|turn|16
|
|t:|1758256137
|switch|p1a: Clefable|Clefable, F|57/100
|move|p2a: Hawlucha|Acrobatics|p1a: Clefable
|-damage|p1a: Clefable|20/100
|
|-heal|p1a: Clefable|26/100|[from] item: Leftovers
|upkeep
|turn|17
|
|t:|1758256144
|move|p2a: Hawlucha|Acrobatics|p1a: Clefable
|-damage|p1a: Clefable|0 fnt
|faint|p1a: Clefable
|
|upkeep
|
|t:|1758256149
|switch|p1a: Clodsire|Clodsire, M|17/100
|turn|18
|-message|porkguy721 forfeited.
|
|win|Imbadatmyjob
|raw|porkguy721's rating: 1115 &rarr; <strong>1090</strong><br />(-25 for losing)
|raw|Imbadatmyjob's rating: 1120 &rarr; <strong>1145</strong><br />(+25 for winning)
|l|☆porkguy721
|player|p1|
|l|☆Imbadatmyjob
|player|p2|
