|j|☆silvercloudv2
|j|☆Zer0Kelvin
|t:|1758248565
|gametype|singles
|player|p1|silvercloudv2|dawn-gen4pt|1332
|player|p2|Zer0Kelvin|veteranf|1343
|gen|9
|tier|[Gen 9] OU
|rated|
|rule|HP Percentage Mod: HP is shown in percentages
|rule|Endless Battle Clause: Forcing endless battles is banned
|rule|Species Clause: Limit one of each Pokémon
|rule|OHKO Clause: OHKO moves are banned
|rule|Evasion Items Clause: Evasion items are banned
|rule|Evasion Moves Clause: Evasion moves are banned
|rule|Evasion Abilities Clause: Evasion abilities are banned
|rule|Sleep Moves Clause: Sleep-inducing moves are banned
|clearpoke
|poke|p1|Clefable, M|
|poke|p1|Great Tusk|
|poke|p1|Rillaboom, F|
|poke|p1|Rotom-Wash|
|poke|p1|Gholdengo|
|poke|p1|Greninja-*, M|
|poke|p2|Rillaboom, F|
|poke|p2|Hawlucha, M|
|poke|p2|Heatran, F|
|poke|p2|Primarina, M|
|poke|p2|Scizor, M|
|poke|p2|Pecharunt|
|teampreview
|inactive|Battle timer is ON: inactive players will automatically lose when time's up. (requested by Zer0Kelvin)
|
|t:|1758248581
|teamsize|p1|6
|teamsize|p2|6
|start
|switch|p1a: Rillaboom|Rillaboom, F, shiny|100/100
|switch|p2a: Gardening Diva|Rillaboom, F, shiny|100/100
|-fieldstart|move: Grassy Terrain|[from] ability: Grassy Surge|[of] p1a: Rillaboom
|turn|1
|
|t:|1758248589
|move|p1a: Rillaboom|U-turn|p2a: Gardening Diva
|-supereffective|p2a: Gardening Diva
|-damage|p2a: Gardening Diva|29/100
|
|t:|1758248594
|switch|p1a: Gholdengo|Gholdengo|100/100|[from] U-turn
|move|p2a: Gardening Diva|U-turn|p1a: Gholdengo
|-resisted|p1a: Gholdengo
|-damage|p1a: Gholdengo|96/100
|
|t:|1758248605
|switch|p2a: CupcakKe Remix|Heatran, F, shiny|100/100|[from] U-turn
|
|-heal|p1a: Gholdengo|100/100|[from] Grassy Terrain
|upkeep
|turn|2
|
|t:|1758248612
|switch|p1a: Rotom|Rotom-Wash|100/100
|move|p2a: CupcakKe Remix|Magma Storm|p1a: Rotom|[miss]
|-miss|p2a: CupcakKe Remix|p1a: Rotom
|
|upkeep
|turn|3
|
|t:|1758248625
|switch|p2a: Free Brittney|Primarina, M, shiny|100/100
|move|p1a: Rotom|Hydro Pump|p2a: Free Brittney|[miss]
|-miss|p1a: Rotom|p2a: Free Brittney
|
|upkeep
|turn|4
|
|t:|1758248635
|move|p1a: Rotom|Volt Switch|p2a: Free Brittney
|-supereffective|p2a: Free Brittney
|-damage|p2a: Free Brittney|80/100
|
|t:|1758248656
|switch|p1a: Rillaboom|Rillaboom, F, shiny|100/100|[from] Volt Switch
|move|p2a: Free Brittney|Energy Ball|p1a: Rillaboom
|-resisted|p1a: Rillaboom
|-damage|p1a: Rillaboom|80/100
|
|-heal|p1a: Rillaboom|86/100|[from] Grassy Terrain
|-heal|p2a: Free Brittney|86/100|[from] Grassy Terrain
|upkeep
|turn|5
|
|t:|1758248667
|switch|p2a: CupcakKe Remix|Heatran, F, shiny|100/100
|move|p1a: Rillaboom|U-turn|p2a: CupcakKe Remix
|-resisted|p2a: CupcakKe Remix
|-damage|p2a: CupcakKe Remix|95/100
|inactive|silvercloudv2 has 120 seconds left.
|
|t:|1758248688
|switch|p1a: Greninja|Greninja, M|100/100|[from] U-turn
|
|-heal|p2a: CupcakKe Remix|100/100|[from] Grassy Terrain
|-fieldend|move: Grassy Terrain
|upkeep
|turn|6
|inactive|silvercloudv2 has 120 seconds left.
|
|t:|1758248706
|switch|p2a: Free Brittney|Primarina, M, shiny|86/100
|move|p1a: Greninja|Surf|p2a: Free Brittney
|-resisted|p2a: Free Brittney
|-damage|p2a: Free Brittney|78/100
|
|upkeep
|turn|7
|inactive|silvercloudv2 has 120 seconds left.
|
|t:|1758248721
|switch|p1a: Rotom|Rotom-Wash|100/100
|move|p2a: Free Brittney|Moonblast|p1a: Rotom
|-damage|p1a: Rotom|67/100
|-unboost|p1a: Rotom|spa|1
|
|upkeep
|turn|8
|
|t:|1758248728
|move|p1a: Rotom|Pain Split|p2a: Free Brittney
|-sethp|p2a: Free Brittney|67/100|[from] move: Pain Split|[silent]
|-sethp|p1a: Rotom|80/100|[from] move: Pain Split
|move|p2a: Free Brittney|Energy Ball|p1a: Rotom
|-supereffective|p1a: Rotom
|-damage|p1a: Rotom|38/100
|
|upkeep
|turn|9
|
|t:|1758248736
|move|p1a: Rotom|Pain Split|p2a: Free Brittney
|-sethp|p2a: Free Brittney|49/100|[from] move: Pain Split|[silent]
|-sethp|p1a: Rotom|59/100|[from] move: Pain Split
|move|p2a: Free Brittney|Energy Ball|p1a: Rotom
|-supereffective|p1a: Rotom
|-damage|p1a: Rotom|17/100
|
|upkeep
|turn|10
|
|t:|1758248747
|switch|p1a: Gholdengo|Gholdengo|100/100
|move|p2a: Free Brittney|Energy Ball|p1a: Gholdengo
|-resisted|p1a: Gholdengo
|-damage|p1a: Gholdengo|88/100
|-unboost|p1a: Gholdengo|spd|1
|
|upkeep
|turn|11
|
|t:|1758248765
|move|p1a: Gholdengo|Make It Rain|p2a: Free Brittney
|-damage|p2a: Free Brittney|27/100
|-unboost|p1a: Gholdengo|spa|1
|move|p2a: Free Brittney|Psychic Noise|p1a: Gholdengo
|-damage|p1a: Gholdengo|43/100
|-start|p1a: Gholdengo|move: Heal Block
|
|upkeep
|turn|12
|
|t:|1758248775
|switch|p1a: Rotom|Rotom-Wash|17/100
|move|p2a: Free Brittney|Psychic Noise|p1a: Rotom
|-resisted|p1a: Rotom
|-damage|p1a: Rotom|4/100
|-start|p1a: Rotom|move: Heal Block
|
|upkeep
|turn|13
|
|t:|1758248784
|switch|p2a: Gardening Diva|Rillaboom, F, shiny|29/100
|-fieldstart|move: Grassy Terrain|[from] ability: Grassy Surge|[of] p2a: Gardening Diva
|move|p1a: Rotom|Pain Split|p2a: Gardening Diva
|-sethp|p2a: Gardening Diva|16/100|[from] move: Pain Split|[silent]
|-sethp|p1a: Rotom|18/100|[from] move: Pain Split
|
|-heal|p2a: Gardening Diva|22/100|[from] Grassy Terrain
|-end|p1a: Rotom|move: Heal Block
|upkeep
|turn|14
|
|t:|1758248794
|move|p2a: Gardening Diva|Protect|p2a: Gardening Diva
|-singleturn|p2a: Gardening Diva|Protect
|move|p1a: Rotom|Will-O-Wisp|p2a: Gardening Diva
|-activate|p2a: Gardening Diva|move: Protect
|
|-heal|p2a: Gardening Diva|29/100|[from] Grassy Terrain
|upkeep
|turn|15
|
|t:|1758248801
|move|p2a: Gardening Diva|U-turn|p1a: Rotom
|-damage|p1a: Rotom|0 fnt
|faint|p1a: Rotom
|
|t:|1758248805
|switch|p2a: Free Brittney|Primarina, M, shiny|27/100|[from] U-turn
|
|-heal|p2a: Free Brittney|33/100|[from] Grassy Terrain
|upkeep
|
|t:|1758248815
|switch|p1a: Gholdengo|Gholdengo|43/100
|turn|16
|
|t:|1758248821
|move|p1a: Gholdengo|Recover|p1a: Gholdengo
|-heal|p1a: Gholdengo|93/100
|move|p2a: Free Brittney|Psychic Noise|p1a: Gholdengo
|-damage|p1a: Gholdengo|64/100
|-start|p1a: Gholdengo|move: Heal Block
|
|-heal|p2a: Free Brittney|39/100|[from] Grassy Terrain
|upkeep
|turn|17
|
|t:|1758248831
|switch|p1a: Greninja|Greninja, M|100/100
|move|p2a: Free Brittney|Psychic Noise|p1a: Greninja
|-resisted|p1a: Greninja
|-damage|p1a: Greninja|75/100
|-start|p1a: Greninja|move: Heal Block
|
|-heal|p2a: Free Brittney|45/100|[from] Grassy Terrain
|-fieldend|move: Grassy Terrain
|upkeep
|turn|18
|
|t:|1758248840
|move|p1a: Greninja|Dark Pulse|p2a: Free Brittney
|-resisted|p2a: Free Brittney
|-damage|p2a: Free Brittney|38/100
|move|p2a: Free Brittney|Moonblast|p1a: Greninja
|-supereffective|p1a: Greninja
|-damage|p1a: Greninja|0 fnt
|faint|p1a: Greninja
|
|upkeep
|
|t:|1758248851
|switch|p1a: Clefable|Clefable, M|100/100
|turn|19
|
|t:|1758248855
|switch|p2a: Gardening Diva|Rillaboom, F, shiny|29/100
|-fieldstart|move: Grassy Terrain|[from] ability: Grassy Surge|[of] p2a: Gardening Diva
|move|p1a: Clefable|Calm Mind|p1a: Clefable
|-boost|p1a: Clefable|spa|1
|-boost|p1a: Clefable|spd|1
|
|-heal|p2a: Gardening Diva|35/100|[from] Grassy Terrain
|upkeep
|turn|20
|
|t:|1758248863
|-terastallize|p1a: Clefable|Fire
|move|p2a: Gardening Diva|Swords Dance|p2a: Gardening Diva
|-boost|p2a: Gardening Diva|atk|2
|move|p1a: Clefable|Flamethrower|p2a: Gardening Diva
|-supereffective|p2a: Gardening Diva
|-damage|p2a: Gardening Diva|0 fnt
|faint|p2a: Gardening Diva
|
|upkeep
|
|t:|1758248877
|switch|p2a: CupcakKe Remix|Heatran, F, shiny|100/100
|turn|21
|
|t:|1758248884
|move|p2a: CupcakKe Remix|Flash Cannon|p1a: Clefable
|-resisted|p1a: Clefable
|-damage|p1a: Clefable|91/100
|move|p1a: Clefable|Calm Mind|p1a: Clefable
|-boost|p1a: Clefable|spa|1
|-boost|p1a: Clefable|spd|1
|
|-heal|p1a: Clefable|97/100|[from] Grassy Terrain
|-heal|p1a: Clefable|100/100|[from] item: Leftovers
|upkeep
|turn|22
|
|t:|1758248894
|move|p2a: CupcakKe Remix|Magma Storm|p1a: Clefable
|-resisted|p1a: Clefable
|-damage|p1a: Clefable|91/100
|-activate|p1a: Clefable|move: Magma Storm|[of] p2a: CupcakKe Remix
|move|p1a: Clefable|Calm Mind|p1a: Clefable
|-boost|p1a: Clefable|spa|1
|-boost|p1a: Clefable|spd|1
|
|-heal|p1a: Clefable|97/100|[from] Grassy Terrain
|-heal|p1a: Clefable|100/100|[from] item: Leftovers
|-damage|p1a: Clefable|88/100|[from] move: Magma Storm|[partiallytrapped]
|upkeep
|turn|23
|
|t:|1758248905
|move|p2a: CupcakKe Remix|Earth Power|p1a: Clefable
|-supereffective|p1a: Clefable
|-damage|p1a: Clefable|69/100
|-unboost|p1a: Clefable|spd|1
|move|p1a: Clefable|Calm Mind|p1a: Clefable
|-boost|p1a: Clefable|spa|1
|-boost|p1a: Clefable|spd|1
|
|-heal|p1a: Clefable|75/100|[from] Grassy Terrain
|-heal|p1a: Clefable|81/100|[from] item: Leftovers
|-damage|p1a: Clefable|69/100|[from] move: Magma Storm|[partiallytrapped]
|-fieldend|move: Grassy Terrain
|upkeep
|turn|24
|
|t:|1758248916
|move|p2a: CupcakKe Remix|Earth Power|p1a: Clefable
|-supereffective|p1a: Clefable
|-crit|p1a: Clefable
|-damage|p1a: Clefable|0 fnt
|faint|p1a: Clefable
|
|upkeep
|
|t:|1758248922
|switch|p1a: Great Tusk|Great Tusk|100/100
|-enditem|p1a: Great Tusk|Booster Energy
|-activate|p1a: Great Tusk|ability: Protosynthesis|[fromitem]
|-start|p1a: Great Tusk|protosynthesisatk
|turn|25
|
|t:|1758248933
|switch|p2a: Catch These Hands|Scizor, M, shiny|100/100
|move|p1a: Great Tusk|Rapid Spin|p2a: Catch These Hands
|-resisted|p2a: Catch These Hands
|-damage|p2a: Catch These Hands|88/100
|-boost|p1a: Great Tusk|spe|1
|
|-heal|p2a: Catch These Hands|94/100|[from] item: Leftovers
|upkeep
|turn|26
|
|t:|1758248942
|move|p1a: Great Tusk|Temper Flare|p2a: Catch These Hands
|-supereffective|p2a: Catch These Hands
|-crit|p2a: Catch These Hands
|-damage|p2a: Catch These Hands|0 fnt
|faint|p2a: Catch These Hands
|
|upkeep
|
|t:|1758248947
|switch|p2a: Where's my Mega?|Hawlucha, M, shiny|100/100
|turn|27
|
|t:|1758248953
|move|p1a: Great Tusk|Ice Spinner|p2a: Where's my Mega?
|-supereffective|p2a: Where's my Mega?
|-damage|p2a: Where's my Mega?|0 fnt
|faint|p2a: Where's my Mega?
|
|upkeep
|
|t:|1758248966
|switch|p2a: Annoying AF|Pecharunt|100/100
|turn|28
|
|t:|1758248970
|move|p1a: Great Tusk|Headlong Rush|p2a: Annoying AF
|-supereffective|p2a: Annoying AF
|-crit|p2a: Annoying AF
|-damage|p2a: Annoying AF|0 fnt
|-unboost|p1a: Great Tusk|def|1
|-unboost|p1a: Great Tusk|spd|1
|faint|p2a: Annoying AF
|
|upkeep
|
|t:|1758248981
|switch|p2a: CupcakKe Remix|Heatran, F, shiny|100/100
|turn|29
|
|t:|1758248985
|-terastallize|p2a: CupcakKe Remix|Bug
|move|p1a: Great Tusk|Headlong Rush|p2a: CupcakKe Remix
|-resisted|p2a: CupcakKe Remix
|-damage|p2a: CupcakKe Remix|75/100
|-unboost|p1a: Great Tusk|def|1
|-unboost|p1a: Great Tusk|spd|1
|move|p2a: CupcakKe Remix|Magma Storm|p1a: Great Tusk
|-damage|p1a: Great Tusk|0 fnt
|faint|p1a: Great Tusk
|-end|p1a: Great Tusk|Protosynthesis|[silent]
|
|-heal|p2a: CupcakKe Remix|81/100|[from] item: Leftovers
|upkeep
|
|t:|1758249006
|switch|p1a: Gholdengo|Gholdengo|64/100
|turn|30
|
|t:|1758249010
|move|p1a: Gholdengo|Shadow Ball|p2a: CupcakKe Remix
|-damage|p2a: CupcakKe Remix|51/100
|move|p2a: CupcakKe Remix|Magma Storm|p1a: Gholdengo|[miss]
|-miss|p2a: CupcakKe Remix|p1a: Gholdengo
|
|-heal|p2a: CupcakKe Remix|57/100|[from] item: Leftovers
|upkeep
|turn|31
|
|t:|1758249023
|move|p1a: Gholdengo|Make It Rain|p2a: CupcakKe Remix
|-damage|p2a: CupcakKe Remix|10/100
|-unboost|p1a: Gholdengo|spa|1
|move|p2a: CupcakKe Remix|Magma Storm|p1a: Gholdengo
|-supereffective|p1a: Gholdengo
|-damage|p1a: Gholdengo|0 fnt
|faint|p1a: Gholdengo
|
|-heal|p2a: CupcakKe Remix|16/100|[from] item: Leftovers
|upkeep
|
|t:|1758249031
|switch|p1a: Rillaboom|Rillaboom, F, shiny|86/100
|-fieldstart|move: Grassy Terrain|[from] ability: Grassy Surge|[of] p1a: Rillaboom
|turn|32
|
|t:|1758249042
|move|p1a: Rillaboom|Wood Hammer|p2a: CupcakKe Remix
|-resisted|p2a: CupcakKe Remix
|-damage|p2a: CupcakKe Remix|0 fnt
|faint|p2a: CupcakKe Remix
|-damage|p1a: Rillaboom|80/100|[from] Recoil
|
|-heal|p1a: Rillaboom|86/100|[from] Grassy Terrain
|upkeep
|
|t:|1758249049
|switch|p2a: Free Brittney|Primarina, M, shiny|38/100
|turn|33
|
|t:|1758249053
|move|p1a: Rillaboom|Wood Hammer|p2a: Free Brittney
|-supereffective|p2a: Free Brittney
|-damage|p2a: Free Brittney|0 fnt
|faint|p2a: Free Brittney
|-damage|p1a: Rillaboom|73/100|[from] Recoil
|
|win|silvercloudv2
|raw|silvercloudv2's rating: 1332 &rarr; <strong>1353</strong><br />(+21 for winning)
|raw|Zer0Kelvin's rating: 1343 &rarr; <strong>1322</strong><br />(-21 for losing)
