|j|☆Kyommunism
|j|‽Dmgigazar123
|t:|1758323673
|gametype|singles
|player|p1|Kyommunism|iris-gen5bw2|1527
|player|p2|Dmgigazar123|shadowtriad|1516
|gen|9
|tier|[Gen 9] OU
|rated|
|rule|HP Percentage Mod: HP is shown in percentages
|rule|Endless Battle Clause: Forcing endless battles is banned
|rule|Species Clause: Limit one of each Pokémon
|rule|OHKO Clause: OHKO moves are banned
|rule|Evasion Items Clause: Evasion items are banned
|rule|Evasion Moves Clause: Evasion moves are banned
|rule|Evasion Abilities Clause: Evasion abilities are banned
|rule|Sleep Moves Clause: Sleep-inducing moves are banned
|clearpoke
|poke|p1|Skeledirge, M|
|poke|p1|Ribombee, M|
|poke|p1|Goodra-Hisui, M|
|poke|p1|Raging Bolt|
|poke|p1|Trevenant, M|
|poke|p1|Hatterene, F|
|poke|p2|Gliscor, F|
|poke|p2|Weavile, M|
|poke|p2|Pecharunt|
|poke|p2|Dragonite, M|
|poke|p2|Kingambit, F|
|poke|p2|Enamorus, F|
|teampreview
|inactive|Battle timer is ON: inactive players will automatically lose when time's up. (requested by Kyommunism)
|
|t:|1758323682
|teamsize|p1|6
|teamsize|p2|6
|start
|switch|p1a: Ribombee|Ribombee, M, shiny|100/100
|switch|p2a: Enamorus|Enamorus, F|100/100
|turn|1
|
|t:|1758323687
|move|p2a: Enamorus|Superpower|p1a: Ribombee
|-resisted|p1a: Ribombee
|-damage|p1a: Ribombee|91/100
|-boost|p2a: Enamorus|atk|1
|-boost|p2a: Enamorus|def|1
|-enditem|p1a: Ribombee|Kee Berry|[eat]
|-boost|p1a: Ribombee|def|1|[from] item: Kee Berry
|move|p1a: Ribombee|Quiver Dance|p1a: Ribombee
|-boost|p1a: Ribombee|spa|1
|-boost|p1a: Ribombee|spd|1
|-boost|p1a: Ribombee|spe|1
|
|upkeep
|turn|2
|
|t:|1758323696
|move|p1a: Ribombee|Quiver Dance|p1a: Ribombee
|-boost|p1a: Ribombee|spa|1
|-boost|p1a: Ribombee|spd|1
|-boost|p1a: Ribombee|spe|1
|move|p2a: Enamorus|Iron Head|p1a: Ribombee
|-supereffective|p1a: Ribombee
|-damage|p1a: Ribombee|39/100
|
|upkeep
|turn|3
|
|t:|1758323703
|move|p1a: Ribombee|Draining Kiss|p2a: Enamorus
|-damage|p2a: Enamorus|71/100
|-heal|p1a: Ribombee|58/100|[from] drain|[of] p2a: Enamorus
|move|p2a: Enamorus|Iron Head|p1a: Ribombee
|-supereffective|p1a: Ribombee
|-damage|p1a: Ribombee|2/100
|
|upkeep
|turn|4
|
|t:|1758323708
|move|p1a: Ribombee|Stored Power|p2a: Enamorus
|-damage|p2a: Enamorus|1/100
|move|p2a: Enamorus|Iron Head|p1a: Ribombee
|-supereffective|p1a: Ribombee
|-damage|p1a: Ribombee|0 fnt
|faint|p1a: Ribombee
|
|upkeep
|
|t:|1758323717
|switch|p1a: MourningWood|Trevenant, M, shiny|100/100
|turn|5
|
|t:|1758323738
|move|p2a: Enamorus|Play Rough|p1a: MourningWood
|-damage|p1a: MourningWood|21/100
|-unboost|p1a: MourningWood|atk|1
|move|p1a: MourningWood|Poltergeist|p2a: Enamorus
|-activate|p2a: Enamorus|move: Poltergeist|Assault Vest
|-damage|p2a: Enamorus|0 fnt
|faint|p2a: Enamorus
|
|upkeep
|
|t:|1758323744
|switch|p2a: Weavile|Weavile, M|100/100
|-ability|p2a: Weavile|Pressure
|turn|6
|-enditem|p1a: MourningWood|Custap Berry|[eat]
|-activate|p1a: MourningWood|item: Custap Berry|[consumed]
|
|t:|1758323760
|move|p1a: MourningWood|Destiny Bond|p1a: MourningWood
|-singlemove|p1a: MourningWood|Destiny Bond
|move|p2a: Weavile|Swords Dance|p2a: Weavile
|-boost|p2a: Weavile|atk|2
|
|upkeep
|turn|7
|inactive|Dmgigazar123 has 120 seconds left.
|
|t:|1758323794
|move|p2a: Weavile|Swords Dance|p2a: Weavile
|-boost|p2a: Weavile|atk|2
|move|p1a: MourningWood|Earthquake|p2a: Weavile
|-damage|p2a: Weavile|60/100
|
|upkeep
|turn|8
|
|t:|1758323802
|move|p1a: MourningWood|Endure|p1a: MourningWood
|-singleturn|p1a: MourningWood|move: Endure
|move|p2a: Weavile|Knock Off|p1a: MourningWood
|-supereffective|p1a: MourningWood
|-crit|p1a: MourningWood
|-activate|p1a: MourningWood|move: Endure
|-damage|p1a: MourningWood|1/100
|-damage|p2a: Weavile|50/100|[from] item: Life Orb
|
|-item|p1a: MourningWood|Custap Berry|[from] ability: Harvest
|upkeep
|turn|9
|-enditem|p1a: MourningWood|Custap Berry|[eat]
|-activate|p1a: MourningWood|item: Custap Berry|[consumed]
|
|t:|1758323812
|move|p2a: Weavile|Ice Shard|p1a: MourningWood
|-supereffective|p1a: MourningWood
|-damage|p1a: MourningWood|0 fnt
|faint|p1a: MourningWood
|-damage|p2a: Weavile|40/100|[from] item: Life Orb
|
|upkeep
|
|t:|1758323815
|switch|p1a: Skeledirge|Skeledirge, M, shiny|100/100
|turn|10
|
|t:|1758323823
|-terastallize|p1a: Skeledirge|Water
|move|p2a: Weavile|Knock Off|p1a: Skeledirge
|-damage|p1a: Skeledirge|51/100
|-enditem|p1a: Skeledirge|Leftovers|[from] move: Knock Off|[of] p2a: Weavile
|-damage|p2a: Weavile|30/100|[from] item: Life Orb
|move|p1a: Skeledirge|Torch Song|p2a: Weavile
|-supereffective|p2a: Weavile
|-damage|p2a: Weavile|0 fnt
|-boost|p1a: Skeledirge|spa|1
|faint|p2a: Weavile
|
|upkeep
|
|t:|1758323840
|switch|p2a: Pecharunt|Pecharunt|100/100
|turn|11
|
|t:|1758323842
|switch|p1a: Goodra|Goodra-Hisui, M, shiny|100/100
|move|p2a: Pecharunt|Malignant Chain|p1a: Goodra
|-immune|p1a: Goodra
|
|upkeep
|turn|12
|
|t:|1758323850
|switch|p2a: Kingambit|Kingambit, F|100/100
|-activate|p2a: Kingambit|ability: Supreme Overlord
|-start|p2a: Kingambit|fallen2|[silent]
|switch|p1a: Hatterene|Hatterene, F, shiny|100/100
|
|upkeep
|turn|13
|
|t:|1758323856
|move|p2a: Kingambit|Swords Dance|p2a: Kingambit
|-boost|p2a: Kingambit|atk|2
|move|p1a: Hatterene|Nuzzle|p2a: Kingambit
|-damage|p2a: Kingambit|98/100
|-status|p2a: Kingambit|par
|
|-heal|p2a: Kingambit|100/100 par|[from] item: Leftovers
|upkeep
|turn|14
|
|t:|1758323862
|switch|p1a: Skeledirge|Skeledirge, M, shiny, tera:Water|51/100
|move|p2a: Kingambit|Iron Head|p1a: Skeledirge
|-resisted|p1a: Skeledirge
|-damage|p1a: Skeledirge|29/100
|
|upkeep
|turn|15
|
|t:|1758323864
|move|p1a: Skeledirge|Slack Off|p1a: Skeledirge
|-heal|p1a: Skeledirge|80/100
|move|p2a: Kingambit|Kowtow Cleave|p1a: Skeledirge
|-damage|p1a: Skeledirge|34/100
|
|upkeep
|turn|16
|
|t:|1758323867
|move|p1a: Skeledirge|Slack Off|p1a: Skeledirge
|-heal|p1a: Skeledirge|84/100
|move|p2a: Kingambit|Kowtow Cleave|p1a: Skeledirge
|-damage|p1a: Skeledirge|40/100
|
|upkeep
|turn|17
|
|t:|1758323871
|-end|p2a: Kingambit|fallen2|[silent]
|switch|p2a: Pecharunt|Pecharunt|100/100
|move|p1a: Skeledirge|Slack Off|p1a: Skeledirge
|-heal|p1a: Skeledirge|90/100
|
|upkeep
|turn|18
|
|t:|1758323877
|switch|p2a: Kingambit|Kingambit, F|100/100 par
|-activate|p2a: Kingambit|ability: Supreme Overlord
|-start|p2a: Kingambit|fallen2|[silent]
|switch|p1a: Goodra|Goodra-Hisui, M, shiny|100/100
|
|upkeep
|turn|19
|
|t:|1758323883
|switch|p1a: Skeledirge|Skeledirge, M, shiny, tera:Water|90/100
|move|p2a: Kingambit|Kowtow Cleave|p1a: Skeledirge
|-damage|p1a: Skeledirge|44/100
|
|upkeep
|turn|20
|
|t:|1758323889
|-end|p2a: Kingambit|fallen2|[silent]
|switch|p2a: Pecharunt|Pecharunt|100/100
|move|p1a: Skeledirge|Slack Off|p1a: Skeledirge
|-heal|p1a: Skeledirge|94/100
|
|upkeep
|turn|21
|
|t:|1758323893
|move|p2a: Pecharunt|Malignant Chain|p1a: Skeledirge
|-damage|p1a: Skeledirge|59/100
|move|p1a: Skeledirge|Torch Song|p2a: Pecharunt
|-damage|p2a: Pecharunt|69/100
|-boost|p1a: Skeledirge|spa|1
|
|-heal|p2a: Pecharunt|75/100|[from] item: Leftovers
|upkeep
|turn|22
|
|t:|1758323899
|move|p2a: Pecharunt|Malignant Chain|p1a: Skeledirge
|-crit|p1a: Skeledirge
|-damage|p1a: Skeledirge|12/100
|-status|p1a: Skeledirge|tox
|-start|p1a: Skeledirge|confusion|[from] ability: Poison Puppeteer|[of] p2a: Pecharunt
|-activate|p1a: Skeledirge|confusion
|-damage|p1a: Skeledirge|7/100 tox|[from] confusion
|
|-heal|p2a: Pecharunt|82/100|[from] item: Leftovers
|-damage|p1a: Skeledirge|1/100 tox|[from] psn
|upkeep
|turn|23
|-message|Kyommunism forfeited.
|
|win|Dmgigazar123
|raw|Kyommunism's rating: 1527 &rarr; <strong>1506</strong><br />(-21 for losing)
|raw|Dmgigazar123's rating: 1516 &rarr; <strong>1537</strong><br />(+21 for winning)
|l|☆Kyommunism
|player|p1|
|l|‽Dmgigazar123
|player|p2|
