|j|☆Chronos556
|j|☆Guerrero105
|t:|1758341391
|gametype|singles
|player|p1|Chronos556|veteran|1429
|player|p2|Guerrero105|lucas-gen4pt|1423
|gen|9
|tier|[Gen 9] OU
|rated|
|rule|HP Percentage Mod: HP is shown in percentages
|rule|Endless Battle Clause: Forcing endless battles is banned
|rule|Species Clause: Limit one of each Pokémon
|rule|OHKO Clause: OHKO moves are banned
|rule|Evasion Items Clause: Evasion items are banned
|rule|Evasion Moves Clause: Evasion moves are banned
|rule|Evasion Abilities Clause: Evasion abilities are banned
|rule|Sleep Moves Clause: Sleep-inducing moves are banned
|clearpoke
|poke|p1|Raging Bolt|
|poke|p1|Ogerpon-Wellspring, F|
|poke|p1|Ting-Lu|
|poke|p1|Zamazenta-*|
|poke|p1|Iron Crown|
|poke|p1|Forretress, F|
|poke|p2|Tinkaton, F|
|poke|p2|Cinderace, M|
|poke|p2|Gyarados, M|
|poke|p2|Vikavolt, M|
|poke|p2|Great Tusk|
|poke|p2|Sinistcha-Masterpiece|
|teampreview
|inactive|Battle timer is ON: inactive players will automatically lose when time's up. (requested by Chronos556)
|
|t:|1758341412
|teamsize|p1|6
|teamsize|p2|6
|start
|switch|p1a: Beef|Ting-Lu|100/100
|switch|p2a: Gyarados|Gyarados, M|100/100
|-ability|p1a: Beef|Vessel of Ruin
|turn|1
|
|t:|1758341423
|move|p2a: Gyarados|Dragon Dance|p2a: Gyarados
|-boost|p2a: Gyarados|atk|1
|-boost|p2a: Gyarados|spe|1
|move|p1a: Beef|Stealth Rock|p2a: Gyarados
|-sidestart|p2: Guerrero105|move: Stealth Rock
|
|upkeep
|turn|2
|
|t:|1758341430
|-terastallize|p1a: Beef|Ghost
|move|p2a: Gyarados|Waterfall|p1a: Beef
|-damage|p1a: Beef|64/100
|move|p1a: Beef|Whirlwind|p2a: Gyarados
|drag|p2a: Tinkaton|Tinkaton, F|100/100
|-damage|p2a: Tinkaton|94/100|[from] Stealth Rock
|-ability|p2a: Tinkaton|Mold Breaker
|-item|p2a: Tinkaton|Air Balloon
|
|-heal|p1a: Beef|71/100|[from] item: Leftovers
|upkeep
|turn|3
|
|t:|1758341442
|switch|p1a: Ps5|Iron Crown|100/100
|move|p2a: Tinkaton|Thunder Wave|p1a: Ps5
|-status|p1a: Ps5|par
|
|upkeep
|turn|4
|
|t:|1758341449
|move|p2a: Tinkaton|Knock Off|p1a: Ps5
|-supereffective|p1a: Ps5
|-damage|p1a: Ps5|65/100 par
|-enditem|p1a: Ps5|Choice Scarf|[from] move: Knock Off|[of] p2a: Tinkaton
|cant|p1a: Ps5|par
|
|upkeep
|turn|5
|
|t:|1758341458
|move|p2a: Tinkaton|Knock Off|p1a: Ps5
|-supereffective|p1a: Ps5
|-damage|p1a: Ps5|42/100 par
|move|p1a: Ps5|Psychic|p2a: Tinkaton
|-resisted|p2a: Tinkaton
|-damage|p2a: Tinkaton|70/100
|-enditem|p2a: Tinkaton|Air Balloon
|
|upkeep
|turn|6
|
|t:|1758341464
|move|p2a: Tinkaton|Encore|p1a: Ps5
|-start|p1a: Ps5|Encore
|move|p1a: Ps5|Psychic|p2a: Tinkaton
|-resisted|p2a: Tinkaton
|-crit|p2a: Tinkaton
|-damage|p2a: Tinkaton|33/100
|
|upkeep
|turn|7
|
|t:|1758341476
|move|p2a: Tinkaton|Gigaton Hammer|p1a: Ps5
|-resisted|p1a: Ps5
|-damage|p1a: Ps5|21/100 par
|cant|p1a: Ps5|par
|
|upkeep
|turn|8
|
|t:|1758341483
|move|p2a: Tinkaton|Knock Off|p1a: Ps5
|-supereffective|p1a: Ps5
|-damage|p1a: Ps5|0 fnt
|faint|p1a: Ps5
|-end|p1a: Ps5|Quark Drive|[silent]
|
|upkeep
|inactive|Chronos556 has 120 seconds left.
|
|t:|1758341515
|switch|p1a: Wallnut|Forretress, F, shiny|100/100
|turn|9
|
|t:|1758341519
|move|p2a: Tinkaton|Thunder Wave|p1a: Wallnut
|-status|p1a: Wallnut|par
|move|p1a: Wallnut|Thunder Wave|p2a: Tinkaton
|-status|p2a: Tinkaton|par
|
|upkeep
|turn|10
|
|t:|1758341526
|cant|p2a: Tinkaton|par
|move|p1a: Wallnut|Volt Switch|p2a: Tinkaton
|-damage|p2a: Tinkaton|23/100 par
|
|t:|1758341531
|switch|p1a: Bonk|Ogerpon-Wellspring, F|100/100|[from] Volt Switch
|
|upkeep
|turn|11
|
|t:|1758341536
|move|p1a: Bonk|Ivy Cudgel|p2a: Tinkaton|[anim] Ivy Cudgel Water
|-damage|p2a: Tinkaton|0 fnt
|faint|p2a: Tinkaton
|
|upkeep
|
|t:|1758341548
|switch|p2a: Cinderace|Cinderace, M|100/100
|turn|12
|
|t:|1758341557
|move|p2a: Cinderace|Court Change|p2a: Cinderace
|-start|p2a: Cinderace|typechange|Normal|[from] ability: Libero
|-swapsideconditions
|-activate|p2a: Cinderace|move: Court Change
|move|p1a: Bonk|Ivy Cudgel|p2a: Cinderace|[anim] Ivy Cudgel Water
|-damage|p2a: Cinderace|11/100
|
|upkeep
|turn|13
|
|t:|1758341566
|move|p2a: Cinderace|U-turn|p1a: Bonk
|-supereffective|p1a: Bonk
|-damage|p1a: Bonk|39/100
|
|t:|1758341575
|switch|p2a: Sinistcha|Sinistcha-Masterpiece|100/100|[from] U-turn
|move|p1a: Bonk|U-turn|p2a: Sinistcha
|-damage|p2a: Sinistcha|64/100
|
|t:|1758341585
|switch|p1a: Shieldoge|Zamazenta|100/100|[from] U-turn
|-damage|p1a: Shieldoge|94/100|[from] Stealth Rock
|-ability|p1a: Shieldoge|Dauntless Shield|boost
|-boost|p1a: Shieldoge|def|1
|
|-heal|p2a: Sinistcha|70/100|[from] item: Leftovers
|upkeep
|turn|14
|
|t:|1758341592
|move|p1a: Shieldoge|Crunch|p2a: Sinistcha
|-supereffective|p2a: Sinistcha
|-damage|p2a: Sinistcha|10/100
|move|p2a: Sinistcha|Strength Sap|p1a: Shieldoge
|-unboost|p1a: Shieldoge|atk|1
|-heal|p2a: Sinistcha|100/100
|
|upkeep
|turn|15
|
|t:|1758341598
|switch|p1a: Gerald|Raging Bolt|100/100
|-damage|p1a: Gerald|88/100|[from] Stealth Rock
|move|p2a: Sinistcha|Matcha Gotcha|p1a: Gerald
|-resisted|p1a: Gerald
|-damage|p1a: Gerald|74/100
|
|-heal|p1a: Gerald|80/100|[from] item: Leftovers
|upkeep
|turn|16
|
|t:|1758341610
|switch|p2a: Vikavolt|Vikavolt, M|100/100
|move|p1a: Gerald|Draco Meteor|p2a: Vikavolt|[miss]
|-miss|p1a: Gerald|p2a: Vikavolt
|
|-heal|p1a: Gerald|86/100|[from] item: Leftovers
|upkeep
|turn|17
|
|t:|1758341619
|move|p1a: Gerald|Calm Mind|p1a: Gerald
|-boost|p1a: Gerald|spa|1
|-boost|p1a: Gerald|spd|1
|move|p2a: Vikavolt|Bug Buzz|p1a: Gerald
|-damage|p1a: Gerald|62/100
|
|-heal|p1a: Gerald|68/100|[from] item: Leftovers
|upkeep
|turn|18
|
|t:|1758341628
|move|p1a: Gerald|Calm Mind|p1a: Gerald
|-boost|p1a: Gerald|spa|1
|-boost|p1a: Gerald|spd|1
|move|p2a: Vikavolt|Volt Switch|p1a: Gerald
|-resisted|p1a: Gerald
|-damage|p1a: Gerald|64/100
|
|t:|1758341633
|switch|p2a: Great Tusk|Great Tusk|100/100|[from] Volt Switch
|-enditem|p2a: Great Tusk|Booster Energy
|-activate|p2a: Great Tusk|ability: Protosynthesis|[fromitem]
|-start|p2a: Great Tusk|protosynthesisatk
|
|-heal|p1a: Gerald|70/100|[from] item: Leftovers
|upkeep
|turn|19
|
|t:|1758341644
|-end|p1a: Gerald|Protosynthesis|[silent]
|switch|p1a: Beef|Ting-Lu, tera:Ghost|71/100
|-damage|p1a: Beef|58/100|[from] Stealth Rock
|-ability|p1a: Beef|Vessel of Ruin
|move|p2a: Great Tusk|Headlong Rush|p1a: Beef
|-damage|p1a: Beef|11/100
|-unboost|p2a: Great Tusk|def|1
|-unboost|p2a: Great Tusk|spd|1
|
|-heal|p1a: Beef|17/100|[from] item: Leftovers
|upkeep
|turn|20
|
|t:|1758341654
|move|p2a: Great Tusk|Headlong Rush|p1a: Beef
|-damage|p1a: Beef|0 fnt
|-unboost|p2a: Great Tusk|def|1
|-unboost|p2a: Great Tusk|spd|1
|faint|p1a: Beef
|
|upkeep
|
|t:|1758341663
|switch|p1a: Bonk|Ogerpon-Wellspring, F|39/100
|-damage|p1a: Bonk|27/100|[from] Stealth Rock
|turn|21
|
|t:|1758341676
|-end|p2a: Great Tusk|Protosynthesis|[silent]
|switch|p2a: Vikavolt|Vikavolt, M|100/100
|move|p1a: Bonk|Ivy Cudgel|p2a: Vikavolt|[anim] Ivy Cudgel Water
|-damage|p2a: Vikavolt|40/100
|
|upkeep
|turn|22
|
|t:|1758341683
|move|p1a: Bonk|Ivy Cudgel|p2a: Vikavolt|[anim] Ivy Cudgel Water
|-damage|p2a: Vikavolt|0 fnt
|faint|p2a: Vikavolt
|
|upkeep
|
|t:|1758341687
|switch|p2a: Cinderace|Cinderace, M|11/100
|turn|23
|
|t:|1758341696
|switch|p1a: Wallnut|Forretress, F, shiny|100/100 par
|-damage|p1a: Wallnut|88/100 par|[from] Stealth Rock
|move|p2a: Cinderace|U-turn|p1a: Wallnut
|-start|p2a: Cinderace|typechange|Bug|[from] ability: Libero
|-resisted|p1a: Wallnut
|-crit|p1a: Wallnut
|-damage|p1a: Wallnut|69/100 par
|
|t:|1758341708
|switch|p2a: Gyarados|Gyarados, M|100/100|[from] U-turn
|
|-heal|p1a: Wallnut|75/100 par|[from] item: Leftovers
|upkeep
|turn|24
|
|t:|1758341712
|-terastallize|p2a: Gyarados|Ground
|move|p2a: Gyarados|Dragon Dance|p2a: Gyarados
|-boost|p2a: Gyarados|atk|1
|-boost|p2a: Gyarados|spe|1
|cant|p1a: Wallnut|par
|
|-heal|p1a: Wallnut|81/100 par|[from] item: Leftovers
|upkeep
|turn|25
|
|t:|1758341724
|switch|p1a: Bonk|Ogerpon-Wellspring, F|27/100
|-damage|p1a: Bonk|14/100|[from] Stealth Rock
|move|p2a: Gyarados|Dragon Dance|p2a: Gyarados
|-boost|p2a: Gyarados|atk|1
|-boost|p2a: Gyarados|spe|1
|
|upkeep
|turn|26
|
|t:|1758341730
|move|p2a: Gyarados|Temper Flare|p1a: Bonk
|-damage|p1a: Bonk|0 fnt
|faint|p1a: Bonk
|-ability|p2a: Gyarados|Moxie|boost
|-boost|p2a: Gyarados|atk|1
|
|upkeep
|
|t:|1758341733
|switch|p1a: Shieldoge|Zamazenta|94/100
|-damage|p1a: Shieldoge|88/100|[from] Stealth Rock
|turn|27
|
|t:|1758341739
|move|p2a: Gyarados|Earthquake|p1a: Shieldoge
|-damage|p1a: Shieldoge|0 fnt
|faint|p1a: Shieldoge
|-ability|p2a: Gyarados|Moxie|boost
|-boost|p2a: Gyarados|atk|1
|
|upkeep
|-message|Chronos556 forfeited.
|
|win|Guerrero105
|raw|Chronos556's rating: 1429 &rarr; <strong>1409</strong><br />(-20 for losing)
|raw|Guerrero105's rating: 1423 &rarr; <strong>1443</strong><br />(+20 for winning)
|c|☆Chronos556|Gg
|l|☆Guerrero105
|player|p2|
|l|☆Chronos556
|player|p1|
