|j|☆AllegianceIs2UrMom
|j|☆catcat77
|t:|1758356483
|gametype|singles
|player|p1|AllegianceIs2UrMom|102|1526
|player|p2|catcat77|caitlin|1563
|gen|9
|tier|[Gen 9] OU
|rated|
|rule|HP Percentage Mod: HP is shown in percentages
|rule|Endless Battle Clause: Forcing endless battles is banned
|rule|Species Clause: Limit one of each Pokémon
|rule|OHKO Clause: OHKO moves are banned
|rule|Evasion Items Clause: Evasion items are banned
|rule|Evasion Moves Clause: Evasion moves are banned
|rule|Evasion Abilities Clause: Evasion abilities are banned
|rule|Sleep Moves Clause: Sleep-inducing moves are banned
|clearpoke
|poke|p1|Metagross|
|poke|p1|Hatterene, F|
|poke|p1|Iron Hands|
|poke|p1|Toedscruel, M|
|poke|p1|Pelipper, F|
|poke|p1|Ursaluna, F|
|poke|p2|Ogerpon-Wellspring, F|
|poke|p2|Kingambit, M|
|poke|p2|Great Tusk|
|poke|p2|Raging Bolt|
|poke|p2|Iron Crown|
|poke|p2|Zamazenta-*|
|teampreview
|
|t:|1758356505
|teamsize|p1|6
|teamsize|p2|6
|start
|switch|p1a: Iron Hands|Iron Hands|100/100
|switch|p2a: Iron Crown|Iron Crown|100/100
|turn|1
|inactive|Battle timer is ON: inactive players will automatically lose when time's up. (requested by AllegianceIs2UrMom)
|
|t:|1758356509
|-end|p1a: Iron Hands|Quark Drive|[silent]
|switch|p1a: Metagross|Metagross|100/100
|move|p2a: Iron Crown|Psychic|p1a: Metagross
|-resisted|p1a: Metagross
|-damage|p1a: Metagross|88/100
|
|upkeep
|turn|2
|
|t:|1758356518
|-end|p2a: Iron Crown|Quark Drive|[silent]
|switch|p2a: Raging Bolt|Raging Bolt|100/100
|move|p1a: Metagross|Psychic Fangs|p2a: Raging Bolt
|-damage|p2a: Raging Bolt|61/100
|
|-heal|p2a: Raging Bolt|67/100|[from] item: Leftovers
|upkeep
|turn|3
|
|t:|1758356524
|switch|p1a: Toedscruel|Toedscruel, M|100/100
|move|p2a: Raging Bolt|Thunderbolt|p1a: Toedscruel
|-immune|p1a: Toedscruel
|
|-heal|p2a: Raging Bolt|73/100|[from] item: Leftovers
|upkeep
|turn|4
|
|t:|1758356532
|move|p2a: Raging Bolt|Calm Mind|p2a: Raging Bolt
|-boost|p2a: Raging Bolt|spa|1
|-boost|p2a: Raging Bolt|spd|1
|move|p1a: Toedscruel|Trick Room|p1a: Toedscruel
|-fieldstart|move: Trick Room|[of] p1a: Toedscruel
|
|-heal|p2a: Raging Bolt|79/100|[from] item: Leftovers
|upkeep
|turn|5
|
|t:|1758356536
|switch|p1a: Ursaluna|Ursaluna, F|100/100
|move|p2a: Raging Bolt|Calm Mind|p2a: Raging Bolt
|-boost|p2a: Raging Bolt|spa|1
|-boost|p2a: Raging Bolt|spd|1
|
|-heal|p2a: Raging Bolt|86/100|[from] item: Leftovers
|-status|p1a: Ursaluna|brn|[from] item: Flame Orb
|upkeep
|turn|6
|
|t:|1758356538
|move|p1a: Ursaluna|Facade|p2a: Raging Bolt
|-damage|p2a: Raging Bolt|0 fnt
|faint|p2a: Raging Bolt
|-end|p2a: Raging Bolt|Protosynthesis|[silent]
|
|-damage|p1a: Ursaluna|94/100 brn|[from] brn
|upkeep
|
|t:|1758356544
|switch|p2a: Zamazenta|Zamazenta|100/100
|-ability|p2a: Zamazenta|Dauntless Shield|boost
|-boost|p2a: Zamazenta|def|1
|turn|7
|
|t:|1758356546
|switch|p1a: Pelipper|Pelipper, F|100/100
|-weather|RainDance|[from] ability: Drizzle|[of] p1a: Pelipper
|move|p2a: Zamazenta|Iron Defense|p2a: Zamazenta
|-boost|p2a: Zamazenta|def|2
|
|-weather|RainDance|[upkeep]
|upkeep
|turn|8
|
|t:|1758356550
|move|p1a: Pelipper|Hurricane|p2a: Zamazenta
|-supereffective|p2a: Zamazenta
|-damage|p2a: Zamazenta|24/100
|-start|p2a: Zamazenta|confusion
|-activate|p2a: Zamazenta|confusion
|move|p2a: Zamazenta|Body Press|p1a: Pelipper
|-resisted|p1a: Pelipper
|-damage|p1a: Pelipper|50/100
|
|-weather|RainDance|[upkeep]
|-fieldend|move: Trick Room
|upkeep
|turn|9
|
|t:|1758356554
|-activate|p2a: Zamazenta|confusion
|-damage|p2a: Zamazenta|21/100|[from] confusion
|move|p1a: Pelipper|Hurricane|p2a: Zamazenta
|-supereffective|p2a: Zamazenta
|-damage|p2a: Zamazenta|0 fnt
|faint|p2a: Zamazenta
|
|-weather|RainDance|[upkeep]
|upkeep
|
|t:|1758356557
|switch|p2a: Ogerpon|Ogerpon-Wellspring, F|100/100
|turn|10
|
|t:|1758356560
|move|p2a: Ogerpon|Ivy Cudgel|p1a: Pelipper|[anim] Ivy Cudgel Water
|-resisted|p1a: Pelipper
|-damage|p1a: Pelipper|6/100
|move|p1a: Pelipper|Hurricane|p2a: Ogerpon
|-supereffective|p2a: Ogerpon
|-damage|p2a: Ogerpon|0 fnt
|faint|p2a: Ogerpon
|
|-weather|RainDance|[upkeep]
|upkeep
|
|t:|1758356566
|switch|p2a: Iron Crown|Iron Crown|100/100
|turn|11
|
|t:|1758356571
|switch|p1a: Toedscruel|Toedscruel, M|100/100
|move|p2a: Iron Crown|Volt Switch|p1a: Toedscruel
|-immune|p1a: Toedscruel
|
|-weather|none
|upkeep
|turn|12
|
|t:|1758356575
|-end|p2a: Iron Crown|Quark Drive|[silent]
|switch|p2a: Great Tusk|Great Tusk|100/100
|move|p1a: Toedscruel|Trick Room|p1a: Toedscruel
|-fieldstart|move: Trick Room|[of] p1a: Toedscruel
|
|upkeep
|turn|13
|
|t:|1758356580
|move|p1a: Toedscruel|Earth Power|p2a: Great Tusk
|-damage|p2a: Great Tusk|61/100
|move|p2a: Great Tusk|Close Combat|p1a: Toedscruel
|-damage|p1a: Toedscruel|18/100
|-unboost|p2a: Great Tusk|def|1
|-unboost|p2a: Great Tusk|spd|1
|
|-heal|p1a: Toedscruel|24/100|[from] item: Leftovers
|upkeep
|turn|14
|
|t:|1758356585
|move|p1a: Toedscruel|Giga Drain|p2a: Great Tusk
|-supereffective|p2a: Great Tusk
|-damage|p2a: Great Tusk|0 fnt
|-heal|p1a: Toedscruel|57/100|[from] drain|[of] p2a: Great Tusk
|faint|p2a: Great Tusk
|-end|p2a: Great Tusk|Protosynthesis|[silent]
|
|-heal|p1a: Toedscruel|63/100|[from] item: Leftovers
|upkeep
|
|t:|1758356590
|switch|p2a: Iron Crown|Iron Crown|100/100
|turn|15
|
|t:|1758356594
|switch|p1a: Metagross|Metagross|88/100
|move|p2a: Iron Crown|Tachyon Cutter|p1a: Metagross
|-resisted|p1a: Metagross
|-damage|p1a: Metagross|74/100
|-resisted|p1a: Metagross
|-damage|p1a: Metagross|61/100
|-hitcount|p1a: Metagross|2
|
|upkeep
|turn|16
|
|t:|1758356596
|switch|p1a: Iron Hands|Iron Hands|100/100
|move|p2a: Iron Crown|Tachyon Cutter|p1a: Iron Hands
|-resisted|p1a: Iron Hands
|-damage|p1a: Iron Hands|81/100
|-resisted|p1a: Iron Hands
|-damage|p1a: Iron Hands|63/100
|-hitcount|p1a: Iron Hands|2
|
|-heal|p1a: Iron Hands|69/100|[from] item: Leftovers
|-fieldend|move: Trick Room
|upkeep
|turn|17
|
|t:|1758356601
|move|p2a: Iron Crown|Tachyon Cutter|p1a: Iron Hands
|-resisted|p1a: Iron Hands
|-damage|p1a: Iron Hands|49/100
|-resisted|p1a: Iron Hands
|-damage|p1a: Iron Hands|29/100
|-hitcount|p1a: Iron Hands|2
|move|p1a: Iron Hands|Drain Punch|p2a: Iron Crown
|-damage|p2a: Iron Crown|57/100
|-heal|p1a: Iron Hands|43/100|[from] drain|[of] p2a: Iron Crown
|
|-heal|p1a: Iron Hands|49/100|[from] item: Leftovers
|upkeep
|turn|18
|
|t:|1758356608
|-end|p1a: Iron Hands|Quark Drive|[silent]
|switch|p1a: Pelipper|Pelipper, F|6/100
|-weather|RainDance|[from] ability: Drizzle|[of] p1a: Pelipper
|move|p2a: Iron Crown|Tachyon Cutter|p1a: Pelipper
|-resisted|p1a: Pelipper
|-damage|p1a: Pelipper|0 fnt
|faint|p1a: Pelipper
|-hitcount|p1: Pelipper|1
|
|-weather|RainDance|[upkeep]
|upkeep
|
|t:|1758356615
|switch|p1a: Toedscruel|Toedscruel, M|63/100
|turn|19
|
|t:|1758356618
|move|p2a: Iron Crown|Tachyon Cutter|p1a: Toedscruel
|-damage|p1a: Toedscruel|40/100
|-damage|p1a: Toedscruel|18/100
|-hitcount|p1a: Toedscruel|2
|move|p1a: Toedscruel|Trick Room|p1a: Toedscruel
|-fieldstart|move: Trick Room|[of] p1a: Toedscruel
|
|-weather|RainDance|[upkeep]
|-heal|p1a: Toedscruel|24/100|[from] item: Leftovers
|upkeep
|turn|20
|
|t:|1758356620
|move|p1a: Toedscruel|Earth Power|p2a: Iron Crown
|-supereffective|p2a: Iron Crown
|-damage|p2a: Iron Crown|6/100
|move|p2a: Iron Crown|Tachyon Cutter|p1a: Toedscruel
|-damage|p1a: Toedscruel|0 fnt
|faint|p1a: Toedscruel
|-hitcount|p1: Toedscruel|1
|
|-weather|RainDance|[upkeep]
|upkeep
|
|t:|1758356624
|switch|p1a: Ursaluna|Ursaluna, F|94/100 brn
|turn|21
|
|t:|1758356626
|move|p1a: Ursaluna|Facade|p2a: Iron Crown
|-resisted|p2a: Iron Crown
|-crit|p2a: Iron Crown
|-damage|p2a: Iron Crown|0 fnt
|faint|p2a: Iron Crown
|-end|p2a: Iron Crown|Quark Drive|[silent]
|
|-weather|RainDance|[upkeep]
|-damage|p1a: Ursaluna|88/100 brn|[from] brn
|upkeep
|
|t:|1758356628
|switch|p2a: Kingambit|Kingambit, M|100/100
|turn|22
|
|t:|1758356636
|-terastallize|p2a: Kingambit|Flying
|move|p1a: Ursaluna|Facade|p2a: Kingambit
|-damage|p2a: Kingambit|13/100
|move|p2a: Kingambit|Brick Break|p1a: Ursaluna
|-supereffective|p1a: Ursaluna
|-damage|p1a: Ursaluna|46/100 brn
|
|-weather|none
|-damage|p1a: Ursaluna|40/100 brn|[from] brn
|upkeep
|turn|23
|
|t:|1758356643
|move|p2a: Kingambit|Sucker Punch|p1a: Ursaluna
|-damage|p1a: Ursaluna|11/100 brn
|move|p1a: Ursaluna|Facade|p2a: Kingambit
|-damage|p2a: Kingambit|0 fnt
|faint|p2a: Kingambit
|
|win|AllegianceIs2UrMom
|raw|AllegianceIs2UrMom's rating: 1526 &rarr; <strong>1548</strong><br />(+22 for winning)
|raw|catcat77's rating: 1563 &rarr; <strong>1541</strong><br />(-22 for losing)
|l|☆catcat77
|player|p2|
|l|☆AllegianceIs2UrMom
|player|p1|
