|j|☆lolgod2
|j|☆Obito 2001
|t:|1758276036
|gametype|singles
|player|p1|lolgod2|unknownf|1689
|player|p2|Obito 2001|blue-gen3two|1765
|gen|9
|tier|[Gen 9] OU
|rated|
|rule|HP Percentage Mod: HP is shown in percentages
|rule|Endless Battle Clause: Forcing endless battles is banned
|rule|Species Clause: Limit one of each Pokémon
|rule|OHKO Clause: OHKO moves are banned
|rule|Evasion Items Clause: Evasion items are banned
|rule|Evasion Moves Clause: Evasion moves are banned
|rule|Evasion Abilities Clause: Evasion abilities are banned
|rule|Sleep Moves Clause: Sleep-inducing moves are banned
|clearpoke
|poke|p1|Ninetales-Alola, F|
|poke|p1|Latias, F|
|poke|p1|Kingambit, M|
|poke|p1|Kyurem|
|poke|p1|Zamazenta-*|
|poke|p1|Iron Moth|
|poke|p2|Ting-Lu|
|poke|p2|Weezing-Galar, F|
|poke|p2|Ogerpon-Wellspring, F|
|poke|p2|Corviknight, M|
|poke|p2|Kyurem|
|poke|p2|Amoonguss, F|
|teampreview
|inactive|Battle timer is ON: inactive players will automatically lose when time's up. (requested by Obito 2001)
|inactive|lolgod2 also wants the timer to be on.
|
|t:|1758276049
|teamsize|p1|6
|teamsize|p2|6
|start
|switch|p1a: Zamazenta|Zamazenta|100/100
|switch|p2a: Ban me|Ogerpon-Wellspring, F|100/100
|-ability|p1a: Zamazenta|Dauntless Shield|boost
|-boost|p1a: Zamazenta|def|1
|turn|1
|
|t:|1758276053
|move|p1a: Zamazenta|Iron Defense|p1a: Zamazenta
|-boost|p1a: Zamazenta|def|2
|move|p2a: Ban me|U-turn|p1a: Zamazenta
|-resisted|p1a: Zamazenta
|-damage|p1a: Zamazenta|96/100
|
|t:|1758276055
|switch|p2a: Fk hazard noobs|Weezing-Galar, F|100/100|[from] U-turn
|-ability|p2a: Fk hazard noobs|Neutralizing Gas
|
|-heal|p1a: Zamazenta|100/100|[from] item: Leftovers
|upkeep
|turn|2
|
|t:|1758276059
|move|p1a: Zamazenta|Substitute|p1a: Zamazenta
|-start|p1a: Zamazenta|Substitute
|-damage|p1a: Zamazenta|75/100
|move|p2a: Fk hazard noobs|Will-O-Wisp|p1a: Zamazenta|[miss]
|-miss|p2a: Fk hazard noobs|p1a: Zamazenta
|
|-heal|p1a: Zamazenta|82/100|[from] item: Leftovers
|upkeep
|turn|3
|
|t:|1758276062
|move|p1a: Zamazenta|Body Press|p2a: Fk hazard noobs
|-resisted|p2a: Fk hazard noobs
|-damage|p2a: Fk hazard noobs|86/100
|move|p2a: Fk hazard noobs|Sludge Bomb|p1a: Zamazenta
|-activate|p1a: Zamazenta|move: Substitute|[damage]
|
|-heal|p1a: Zamazenta|88/100|[from] item: Leftovers
|upkeep
|turn|4
|
|t:|1758276072
|move|p1a: Zamazenta|Body Press|p2a: Fk hazard noobs
|-resisted|p2a: Fk hazard noobs
|-damage|p2a: Fk hazard noobs|71/100
|move|p2a: Fk hazard noobs|Sludge Bomb|p1a: Zamazenta
|-end|p1a: Zamazenta|Substitute
|
|-heal|p1a: Zamazenta|94/100|[from] item: Leftovers
|upkeep
|turn|5
|
|t:|1758276082
|move|p1a: Zamazenta|Substitute|p1a: Zamazenta
|-start|p1a: Zamazenta|Substitute
|-damage|p1a: Zamazenta|69/100
|move|p2a: Fk hazard noobs|Sludge Bomb|p1a: Zamazenta
|-activate|p1a: Zamazenta|move: Substitute|[damage]
|
|-heal|p1a: Zamazenta|75/100|[from] item: Leftovers
|upkeep
|turn|6
|
|t:|1758276086
|move|p1a: Zamazenta|Iron Defense|p1a: Zamazenta
|-boost|p1a: Zamazenta|def|2
|move|p2a: Fk hazard noobs|Sludge Bomb|p1a: Zamazenta
|-end|p1a: Zamazenta|Substitute
|
|-heal|p1a: Zamazenta|81/100|[from] item: Leftovers
|upkeep
|turn|7
|j| zbddb
|
|t:|1758276100
|move|p1a: Zamazenta|Body Press|p2a: Fk hazard noobs
|-resisted|p2a: Fk hazard noobs
|-damage|p2a: Fk hazard noobs|52/100
|move|p2a: Fk hazard noobs|Sludge Bomb|p1a: Zamazenta
|-damage|p1a: Zamazenta|58/100
|
|-heal|p1a: Zamazenta|64/100|[from] item: Leftovers
|upkeep
|turn|8
|
|t:|1758276105
|move|p1a: Zamazenta|Substitute|p1a: Zamazenta
|-start|p1a: Zamazenta|Substitute
|-damage|p1a: Zamazenta|39/100
|move|p2a: Fk hazard noobs|Sludge Bomb|p1a: Zamazenta
|-activate|p1a: Zamazenta|move: Substitute|[damage]
|
|-heal|p1a: Zamazenta|46/100|[from] item: Leftovers
|upkeep
|turn|9
|j| amimec
|
|t:|1758276107
|move|p1a: Zamazenta|Body Press|p2a: Fk hazard noobs
|-resisted|p2a: Fk hazard noobs
|-damage|p2a: Fk hazard noobs|33/100
|move|p2a: Fk hazard noobs|Sludge Bomb|p1a: Zamazenta
|-end|p1a: Zamazenta|Substitute
|
|-heal|p1a: Zamazenta|52/100|[from] item: Leftovers
|upkeep
|turn|10
|
|t:|1758276111
|move|p1a: Zamazenta|Body Press|p2a: Fk hazard noobs
|-resisted|p2a: Fk hazard noobs
|-damage|p2a: Fk hazard noobs|13/100
|move|p2a: Fk hazard noobs|Sludge Bomb|p1a: Zamazenta
|-damage|p1a: Zamazenta|31/100
|
|-heal|p1a: Zamazenta|37/100|[from] item: Leftovers
|upkeep
|turn|11
|
|t:|1758276116
|move|p1a: Zamazenta|Body Press|p2a: Fk hazard noobs
|-resisted|p2a: Fk hazard noobs
|-damage|p2a: Fk hazard noobs|0 fnt
|faint|p2a: Fk hazard noobs
|-end|p2a: Fk hazard noobs|ability: Neutralizing Gas
|
|-heal|p1a: Zamazenta|43/100|[from] item: Leftovers
|upkeep
|
|t:|1758276120
|switch|p2a: Ban Dragonite|Corviknight, M|100/100
|-ability|p2a: Ban Dragonite|Pressure
|turn|12
|
|t:|1758276125
|-terastallize|p2a: Ban Dragonite|Ghost
|move|p1a: Zamazenta|Body Press|p2a: Ban Dragonite
|-immune|p2a: Ban Dragonite
|move|p2a: Ban Dragonite|Iron Defense|p2a: Ban Dragonite
|-boost|p2a: Ban Dragonite|def|2
|
|-heal|p1a: Zamazenta|49/100|[from] item: Leftovers
|upkeep
|turn|13
|
|t:|1758276129
|move|p1a: Zamazenta|Crunch|p2a: Ban Dragonite
|-supereffective|p2a: Ban Dragonite
|-damage|p2a: Ban Dragonite|86/100
|-damage|p1a: Zamazenta|33/100|[from] item: Rocky Helmet|[of] p2a: Ban Dragonite
|move|p2a: Ban Dragonite|Iron Defense|p2a: Ban Dragonite
|-boost|p2a: Ban Dragonite|def|2
|
|-heal|p1a: Zamazenta|39/100|[from] item: Leftovers
|upkeep
|turn|14
|
|t:|1758276134
|switch|p1a: Iron Moth|Iron Moth|100/100
|-enditem|p1a: Iron Moth|Booster Energy
|-activate|p1a: Iron Moth|ability: Quark Drive|[fromitem]
|-start|p1a: Iron Moth|quarkdrivespe
|move|p2a: Ban Dragonite|Body Press|p1a: Iron Moth
|-resisted|p1a: Iron Moth
|-damage|p1a: Iron Moth|40/100
|
|upkeep
|turn|15
|
|t:|1758276139
|move|p1a: Iron Moth|Sludge Wave|p2a: Ban Dragonite
|-resisted|p2a: Ban Dragonite
|-damage|p2a: Ban Dragonite|62/100
|-status|p2a: Ban Dragonite|psn
|move|p2a: Ban Dragonite|Body Press|p1a: Iron Moth
|-resisted|p1a: Iron Moth
|-damage|p1a: Iron Moth|0 fnt
|faint|p1a: Iron Moth
|-end|p1a: Iron Moth|Quark Drive|[silent]
|
|-damage|p2a: Ban Dragonite|49/100 psn|[from] psn
|upkeep
|
|t:|1758276147
|switch|p1a: Ninetales|Ninetales-Alola, F|100/100
|-weather|Snowscape|[from] ability: Snow Warning|[of] p1a: Ninetales
|turn|16
|
|t:|1758276152
|move|p1a: Ninetales|Aurora Veil|p1a: Ninetales
|-sidestart|p1: lolgod2|move: Aurora Veil
|move|p2a: Ban Dragonite|Body Press|p1a: Ninetales
|-damage|p1a: Ninetales|62/100
|
|-weather|Snowscape|[upkeep]
|-damage|p2a: Ban Dragonite|37/100 psn|[from] psn
|upkeep
|turn|17
|
|t:|1758276156
|move|p1a: Ninetales|Blizzard|p2a: Ban Dragonite
|-crit|p2a: Ban Dragonite
|-damage|p2a: Ban Dragonite|0 fnt
|faint|p2a: Ban Dragonite
|
|-weather|Snowscape|[upkeep]
|upkeep
|
|t:|1758276162
|switch|p2a: Ban me|Ogerpon-Wellspring, F|100/100
|turn|18
|
|t:|1758276164
|move|p2a: Ban me|U-turn|p1a: Ninetales
|-resisted|p1a: Ninetales
|-damage|p1a: Ninetales|56/100
|
|t:|1758276167
|switch|p2a: Ban Gliscor ASAP|Kyurem, shiny|100/100|[from] U-turn
|-ability|p2a: Ban Gliscor ASAP|Pressure
|move|p1a: Ninetales|Freeze-Dry|p2a: Ban Gliscor ASAP
|-damage|p2a: Ban Gliscor ASAP|75/100
|
|-weather|Snowscape|[upkeep]
|-heal|p2a: Ban Gliscor ASAP|81/100|[from] item: Leftovers
|upkeep
|turn|19
|
|t:|1758276171
|move|p1a: Ninetales|Moonblast|p2a: Ban Gliscor ASAP
|-supereffective|p2a: Ban Gliscor ASAP
|-damage|p2a: Ban Gliscor ASAP|14/100
|move|p2a: Ban Gliscor ASAP|Earth Power|p1a: Ninetales
|-damage|p1a: Ninetales|37/100
|
|-weather|Snowscape|[upkeep]
|-heal|p2a: Ban Gliscor ASAP|20/100|[from] item: Leftovers
|upkeep
|turn|20
|-message|Obito 2001 forfeited.
|
|win|lolgod2
|raw|lolgod2's rating: 1689 &rarr; <strong>1713</strong><br />(+24 for winning)
|raw|Obito 2001's rating: 1765 &rarr; <strong>1741</strong><br />(-24 for losing)
|l|☆Obito 2001
|player|p2|
|l|☆lolgod2
|player|p1|
|l| amimec
|l| zbddb
