|j|☆RoddyJ
|j|☆KingPikaPika
|t:|1758350133
|gametype|singles
|player|p1|RoddyJ|ethan|1620
|player|p2|KingPikaPika|pokekid|1715
|gen|9
|tier|[Gen 9] OU
|rated|
|rule|HP Percentage Mod: HP is shown in percentages
|rule|Endless Battle Clause: Forcing endless battles is banned
|rule|Species Clause: Limit one of each Pokémon
|rule|OHKO Clause: OHKO moves are banned
|rule|Evasion Items Clause: Evasion items are banned
|rule|Evasion Moves Clause: Evasion moves are banned
|rule|Evasion Abilities Clause: Evasion abilities are banned
|rule|Sleep Moves Clause: Sleep-inducing moves are banned
|clearpoke
|poke|p1|Iron Crown|
|poke|p1|Articuno-Galar|
|poke|p1|Blaziken, F|
|poke|p1|Dragapult, F|
|poke|p1|Kyurem|
|poke|p1|Glimmora, F|
|poke|p2|Primarina, M|
|poke|p2|Great Tusk|
|poke|p2|Kingambit, M|
|poke|p2|Slowking-Galar, M|
|poke|p2|Ogerpon, F|
|poke|p2|Enamorus, F|
|teampreview
|inactive|Battle timer is ON: inactive players will automatically lose when time's up. (requested by RoddyJ)
|
|t:|1758350155
|teamsize|p1|6
|teamsize|p2|6
|start
|switch|p1a: Dragapult|Dragapult, F, shiny|100/100
|switch|p2a: Anonymous|Ogerpon, F|100/100
|turn|1
|
|t:|1758350167
|switch|p2a: Mantra|Slowking-Galar, M, shiny|100/100
|move|p1a: Dragapult|U-turn|p2a: Mantra
|-damage|p2a: Mantra|74/100
|
|t:|1758350177
|switch|p1a: Kyurem|Kyurem, shiny|100/100|[from] U-turn
|-ability|p1a: Kyurem|Pressure
|
|upkeep
|turn|2
|
|t:|1758350181
|move|p1a: Kyurem|Ice Beam|p2a: Mantra
|-damage|p2a: Mantra|41/100
|move|p2a: Mantra|Sludge Bomb|p1a: Kyurem
|-damage|p1a: Kyurem|66/100
|
|upkeep
|turn|3
|
|t:|1758350189
|move|p1a: Kyurem|Earth Power|p2a: Mantra
|-supereffective|p2a: Mantra
|-damage|p2a: Mantra|9/100
|move|p2a: Mantra|Sludge Bomb|p1a: Kyurem
|-damage|p1a: Kyurem|35/100
|-status|p1a: Kyurem|psn
|
|-damage|p1a: Kyurem|23/100 psn|[from] psn
|upkeep
|turn|4
|
|t:|1758350200
|switch|p2a: Overgod|Kingambit, M, shiny|100/100
|move|p1a: Kyurem|Freeze-Dry|p2a: Overgod
|-resisted|p2a: Overgod
|-damage|p2a: Overgod|78/100
|
|-heal|p2a: Overgod|84/100|[from] item: Leftovers
|-damage|p1a: Kyurem|11/100 psn|[from] psn
|upkeep
|turn|5
|
|t:|1758350206
|switch|p1a: Glimmora|Glimmora, F, shiny|100/100
|-item|p1a: Glimmora|Air Balloon
|move|p2a: Overgod|Sucker Punch||[still]
|-fail|p2a: Overgod
|
|-heal|p2a: Overgod|90/100|[from] item: Leftovers
|upkeep
|turn|6
|
|t:|1758350210
|move|p1a: Glimmora|Stealth Rock|p2a: Overgod
|-sidestart|p2: KingPikaPika|move: Stealth Rock
|move|p2a: Overgod|Iron Head|p1a: Glimmora
|-supereffective|p1a: Glimmora
|-damage|p1a: Glimmora|0 fnt
|-activate|p1a: Glimmora|ability: Toxic Debris
|-sidestart|p2: KingPikaPika|move: Toxic Spikes
|-enditem|p1a: Glimmora|Air Balloon
|faint|p1a: Glimmora
|
|-heal|p2a: Overgod|97/100|[from] item: Leftovers
|upkeep
|
|t:|1758350215
|switch|p1a: Blaziken|Blaziken, F, shiny|100/100
|turn|7
|
|t:|1758350235
|move|p1a: Blaziken|Swords Dance|p1a: Blaziken
|-boost|p1a: Blaziken|atk|2
|move|p2a: Overgod|Kowtow Cleave|p1a: Blaziken
|-resisted|p1a: Blaziken
|-damage|p1a: Blaziken|66/100
|
|-heal|p2a: Overgod|100/100|[from] item: Leftovers
|-ability|p1a: Blaziken|Speed Boost|boost
|-boost|p1a: Blaziken|spe|1
|upkeep
|turn|8
|
|t:|1758350238
|-terastallize|p2a: Overgod|Ghost
|move|p1a: Blaziken|Blaze Kick|p2a: Overgod
|-damage|p2a: Overgod|35/100
|move|p2a: Overgod|Kowtow Cleave|p1a: Blaziken
|-resisted|p1a: Blaziken
|-damage|p1a: Blaziken|28/100
|
|-heal|p2a: Overgod|42/100|[from] item: Leftovers
|-ability|p1a: Blaziken|Speed Boost|boost
|-boost|p1a: Blaziken|spe|1
|upkeep
|turn|9
|
|t:|1758350251
|move|p2a: Overgod|Sucker Punch|p1a: Blaziken
|-resisted|p1a: Blaziken
|-damage|p1a: Blaziken|0 fnt
|faint|p1a: Blaziken
|
|-heal|p2a: Overgod|48/100|[from] item: Leftovers
|upkeep
|
|t:|1758350256
|switch|p1a: Dragapult|Dragapult, F, shiny|100/100
|turn|10
|
|t:|1758350259
|move|p1a: Dragapult|Sucker Punch||[still]
|-fail|p1a: Dragapult
|move|p2a: Overgod|Swords Dance|p2a: Overgod
|-boost|p2a: Overgod|atk|2
|
|-heal|p2a: Overgod|54/100|[from] item: Leftovers
|upkeep
|turn|11
|
|t:|1758350263
|switch|p1a: Kyurem|Kyurem, shiny|11/100 psn
|-ability|p1a: Kyurem|Pressure
|move|p2a: Overgod|Swords Dance|p2a: Overgod
|-boost|p2a: Overgod|atk|2
|
|-heal|p2a: Overgod|60/100|[from] item: Leftovers
|-damage|p1a: Kyurem|0 fnt|[from] psn
|faint|p1a: Kyurem
|upkeep
|
|t:|1758350269
|switch|p1a: Dragapult|Dragapult, F, shiny|100/100
|turn|12
|
|t:|1758350273
|move|p1a: Dragapult|Sucker Punch|p2a: Overgod
|-supereffective|p2a: Overgod
|-damage|p2a: Overgod|6/100
|move|p2a: Overgod|Sucker Punch||[still]
|-fail|p2a: Overgod
|
|-heal|p2a: Overgod|12/100|[from] item: Leftovers
|upkeep
|turn|13
|
|t:|1758350280
|switch|p1a: Iron Crown|Iron Crown|100/100
|move|p2a: Overgod|Kowtow Cleave|p1a: Iron Crown
|-supereffective|p1a: Iron Crown
|-damage|p1a: Iron Crown|0 fnt
|faint|p1a: Iron Crown
|-end|p1a: Iron Crown|Quark Drive|[silent]
|
|-heal|p2a: Overgod|18/100|[from] item: Leftovers
|upkeep
|
|t:|1758350288
|switch|p1a: Dragapult|Dragapult, F, shiny|100/100
|turn|14
|
|t:|1758350289
|move|p1a: Dragapult|Dragon Darts|p2a: Overgod
|-damage|p2a: Overgod|0 fnt
|faint|p2a: Overgod
|-end|p2a: Overgod|fallenundefined|[silent]
|
|upkeep
|
|t:|1758350294
|switch|p2a: Gin|Enamorus, F, shiny|100/100
|-damage|p2a: Gin|76/100|[from] Stealth Rock
|turn|15
|
|t:|1758350299
|move|p2a: Gin|Moonblast|p1a: Dragapult
|-supereffective|p1a: Dragapult
|-damage|p1a: Dragapult|0 fnt
|faint|p1a: Dragapult
|
|upkeep
|
|t:|1758350303
|switch|p1a: Articuno|Articuno-Galar, shiny|100/100
|turn|16
|
|t:|1758350311
|move|p2a: Gin|Moonblast|p1a: Articuno
|-damage|p1a: Articuno|49/100
|-unboost|p1a: Articuno|spa|1
|-ability|p1a: Articuno|Competitive|boost
|-boost|p1a: Articuno|spa|2
|move|p1a: Articuno|Agility|p1a: Articuno
|-boost|p1a: Articuno|spe|2
|
|upkeep
|turn|17
|
|t:|1758350331
|move|p1a: Articuno|Calm Mind|p1a: Articuno
|-boost|p1a: Articuno|spa|1
|-boost|p1a: Articuno|spd|1
|move|p2a: Gin|Moonblast|p1a: Articuno
|-damage|p1a: Articuno|13/100
|
|upkeep
|turn|18
|
|t:|1758350349
|move|p1a: Articuno|Stored Power|p2a: Gin
|-damage|p2a: Gin|0 fnt
|faint|p2a: Gin
|
|upkeep
|
|t:|1758350353
|switch|p2a: Celestine|Primarina, M, shiny|100/100
|-damage|p2a: Celestine|88/100|[from] Stealth Rock
|-status|p2a: Celestine|psn
|turn|19
|
|t:|1758350358
|move|p1a: Articuno|Stored Power|p2a: Celestine
|-damage|p2a: Celestine|0 fnt
|faint|p2a: Celestine
|
|upkeep
|
|t:|1758350361
|switch|p2a: Mantra|Slowking-Galar, M, shiny|42/100
|-damage|p2a: Mantra|30/100|[from] Stealth Rock
|-sideend|p2: KingPikaPika|move: Toxic Spikes|[of] p2a: Mantra
|turn|20
|
|t:|1758350369
|switch|p2a: Behemoth|Great Tusk, shiny|100/100
|-damage|p2a: Behemoth|98/100|[from] Stealth Rock
|move|p1a: Articuno|Stored Power|p2a: Behemoth
|-supereffective|p2a: Behemoth
|-damage|p2a: Behemoth|0 fnt
|faint|p2a: Behemoth
|-end|p2a: Behemoth|Protosynthesis|[silent]
|
|upkeep
|
|t:|1758350371
|switch|p2a: Mantra|Slowking-Galar, M, shiny|63/100
|-damage|p2a: Mantra|51/100|[from] Stealth Rock
|turn|21
|
|t:|1758350378
|move|p1a: Articuno|Stored Power|p2a: Mantra
|-damage|p2a: Mantra|1/100
|move|p2a: Mantra|Ice Beam|p1a: Articuno
|-supereffective|p1a: Articuno
|-damage|p1a: Articuno|0 fnt
|faint|p1a: Articuno
|
|win|KingPikaPika
|raw|RoddyJ's rating: 1620 &rarr; <strong>1605</strong><br />(-15 for losing)
|raw|KingPikaPika's rating: 1715 &rarr; <strong>1730</strong><br />(+15 for winning)
|l|☆KingPikaPika
|player|p2|
|l|☆RoddyJ
|player|p1|
