|j|☆crestenboy
|j|☆BeheeyemUBER
|t:|1758313163
|gametype|singles
|player|p1|crestenboy|cyclist-gen4|1544
|player|p2|BeheeyemUBER|barry|1491
|gen|9
|tier|[Gen 9] OU
|rated|
|rule|HP Percentage Mod: HP is shown in percentages
|rule|Endless Battle Clause: Forcing endless battles is banned
|rule|Species Clause: Limit one of each Pokémon
|rule|OHKO Clause: OHKO moves are banned
|rule|Evasion Items Clause: Evasion items are banned
|rule|Evasion Moves Clause: Evasion moves are banned
|rule|Evasion Abilities Clause: Evasion abilities are banned
|rule|Sleep Moves Clause: Sleep-inducing moves are banned
|clearpoke
|poke|p1|Scizor, F|
|poke|p1|Basculegion, M|
|poke|p1|Pelipper, M|
|poke|p1|Greninja-*, M|
|poke|p1|Zapdos|
|poke|p1|Gholdengo|
|poke|p2|Glimmora, F|
|poke|p2|Kingambit, F|
|poke|p2|Zamazenta-*|
|poke|p2|Dragapult, F|
|poke|p2|Ting-Lu|
|poke|p2|Ceruledge, M|
|teampreview
|inactive|Battle timer is ON: inactive players will automatically lose when time's up. (requested by BeheeyemUBER)
|
|t:|1758313186
|teamsize|p1|6
|teamsize|p2|6
|start
|switch|p1a: Pelipper|Pelipper, M|100/100
|switch|p2a: Glimmora|Glimmora, F|100/100
|-weather|RainDance|[from] ability: Drizzle|[of] p1a: Pelipper
|turn|1
|
|t:|1758313194
|move|p2a: Glimmora|Meteor Beam||[still]
|-prepare|p2a: Glimmora|Meteor Beam
|-boost|p2a: Glimmora|spa|1
|-enditem|p2a: Glimmora|Power Herb
|-anim|p2a: Glimmora|Meteor Beam|p1a: Pelipper|[miss]
|-miss|p2a: Glimmora|p1a: Pelipper
|move|p1a: Pelipper|U-turn|p2a: Glimmora
|-resisted|p2a: Glimmora
|-damage|p2a: Glimmora|95/100
|-activate|p2a: Glimmora|ability: Toxic Debris
|-sidestart|p1: crestenboy|move: Toxic Spikes
|
|t:|1758313197
|switch|p1a: Basculegion|Basculegion, M|100/100|[from] U-turn
|-status|p1a: Basculegion|psn
|
|-weather|RainDance|[upkeep]
|-damage|p1a: Basculegion|88/100 psn|[from] psn
|upkeep
|turn|2
|
|t:|1758313207
|-terastallize|p2a: Glimmora|Grass
|move|p1a: Basculegion|Flip Turn|p2a: Glimmora
|-resisted|p2a: Glimmora
|-damage|p2a: Glimmora|49/100
|-activate|p2a: Glimmora|ability: Toxic Debris
|-sidestart|p1: crestenboy|move: Toxic Spikes
|j| zaudbaoanbdoanfaiw
|
|t:|1758313214
|switch|p1a: Gholdengo|Gholdengo|100/100|[from] Flip Turn
|move|p2a: Glimmora|Sludge Wave|p1a: Gholdengo
|-immune|p1a: Gholdengo
|
|-weather|RainDance|[upkeep]
|upkeep
|turn|3
|
|t:|1758313219
|move|p1a: Gholdengo|Make It Rain|p2a: Glimmora
|-damage|p2a: Glimmora|0 fnt
|-unboost|p1a: Gholdengo|spa|1
|faint|p2a: Glimmora
|
|-weather|RainDance|[upkeep]
|upkeep
|l| zaudbaoanbdoanfaiw
|
|t:|1758313230
|switch|p2a: Ting-Lu|Ting-Lu|100/100
|-ability|p2a: Ting-Lu|Vessel of Ruin
|turn|4
|
|t:|1758313238
|switch|p1a: Basculegion|Basculegion, M|88/100 psn
|move|p2a: Ting-Lu|Ruination|p1a: Basculegion
|-damage|p1a: Basculegion|44/100 psn
|
|-weather|RainDance|[upkeep]
|-damage|p1a: Basculegion|32/100 psn|[from] psn
|upkeep
|turn|5
|
|t:|1758313250
|move|p1a: Basculegion|Flip Turn|p2a: Ting-Lu
|-supereffective|p2a: Ting-Lu
|-damage|p2a: Ting-Lu|18/100
|
|t:|1758313256
|switch|p1a: Zapdos|Zapdos|100/100|[from] Flip Turn
|move|p2a: Ting-Lu|Stealth Rock|p1a: Zapdos
|-sidestart|p1: crestenboy|move: Stealth Rock
|
|-weather|RainDance|[upkeep]
|-heal|p2a: Ting-Lu|24/100|[from] item: Leftovers
|upkeep
|turn|6
|
|t:|1758313260
|move|p1a: Zapdos|Hurricane|p2a: Ting-Lu
|-damage|p2a: Ting-Lu|2/100
|-start|p2a: Ting-Lu|confusion
|-activate|p2a: Ting-Lu|confusion
|-damage|p2a: Ting-Lu|0 fnt|[from] confusion
|faint|p2a: Ting-Lu
|
|-weather|RainDance|[upkeep]
|upkeep
|
|t:|1758313278
|switch|p2a: Ceruledge|Ceruledge, M|100/100
|turn|7
|
|t:|1758313284
|move|p1a: Zapdos|Hurricane|p2a: Ceruledge
|-damage|p2a: Ceruledge|36/100
|move|p2a: Ceruledge|Poltergeist|p1a: Zapdos
|-activate|p1a: Zapdos|move: Poltergeist|Heavy-Duty Boots
|-damage|p1a: Zapdos|36/100
|
|-weather|RainDance|[upkeep]
|upkeep
|turn|8
|
|t:|1758313291
|move|p2a: Ceruledge|Shadow Sneak|p1a: Zapdos
|-damage|p1a: Zapdos|10/100
|move|p1a: Zapdos|Hurricane|p2a: Ceruledge
|-damage|p2a: Ceruledge|0 fnt
|faint|p2a: Ceruledge
|
|-weather|none
|upkeep
|
|t:|1758313296
|switch|p2a: Dragapult|Dragapult, F|100/100
|turn|9
|
|t:|1758313300
|switch|p1a: Pelipper|Pelipper, M|100/100
|-damage|p1a: Pelipper|76/100|[from] Stealth Rock
|-weather|RainDance|[from] ability: Drizzle|[of] p1a: Pelipper
|move|p2a: Dragapult|Dragon Darts|p1a: Pelipper
|-damage|p1a: Pelipper|52/100
|-anim|p2a: Dragapult|Dragon Darts|p1a: Pelipper
|-damage|p1a: Pelipper|28/100
|-damage|p2a: Dragapult|91/100|[from] item: Life Orb
|
|-weather|RainDance|[upkeep]
|upkeep
|turn|10
|j| zaudbaoanbdoanfaiw
|
|t:|1758313316
|move|p2a: Dragapult|Dragon Darts|p1a: Pelipper
|-damage|p1a: Pelipper|3/100
|-anim|p2a: Dragapult|Dragon Darts|p1a: Pelipper
|-damage|p1a: Pelipper|0 fnt
|faint|p1a: Pelipper
|-damage|p2a: Dragapult|81/100|[from] item: Life Orb
|
|-weather|RainDance|[upkeep]
|upkeep
|
|t:|1758313332
|switch|p1a: Basculegion|Basculegion, M|32/100 psn
|-damage|p1a: Basculegion|20/100 psn|[from] Stealth Rock
|turn|11
|
|t:|1758313345
|switch|p2a: Zamazenta|Zamazenta|100/100
|-ability|p2a: Zamazenta|Dauntless Shield|boost
|-boost|p2a: Zamazenta|def|1
|move|p1a: Basculegion|Wave Crash|p2a: Zamazenta
|-damage|p2a: Zamazenta|35/100
|-damage|p1a: Basculegion|0 fnt|[from] Recoil
|faint|p1a: Basculegion
|
|-weather|RainDance|[upkeep]
|-heal|p2a: Zamazenta|41/100|[from] item: Leftovers
|upkeep
|
|t:|1758313359
|switch|p1a: Gholdengo|Gholdengo|100/100
|-damage|p1a: Gholdengo|94/100|[from] Stealth Rock
|turn|12
|
|t:|1758313367
|move|p1a: Gholdengo|Make It Rain|p2a: Zamazenta
|-damage|p2a: Zamazenta|0 fnt
|-unboost|p1a: Gholdengo|spa|1
|faint|p2a: Zamazenta
|
|-weather|RainDance|[upkeep]
|upkeep
|
|t:|1758313374
|switch|p2a: Dragapult|Dragapult, F|81/100
|turn|13
|
|t:|1758313379
|switch|p1a: Zapdos|Zapdos|10/100
|move|p2a: Dragapult|Dragon Darts|p1a: Zapdos
|-damage|p1a: Zapdos|0 fnt
|faint|p1a: Zapdos
|-damage|p2a: Dragapult|71/100|[from] item: Life Orb
|
|-weather|RainDance|[upkeep]
|upkeep
|
|t:|1758313385
|switch|p1a: Scizor|Scizor, F|100/100
|-damage|p1a: Scizor|88/100|[from] Stealth Rock
|turn|14
|
|t:|1758313392
|move|p1a: Scizor|Bullet Punch|p2a: Dragapult
|-damage|p2a: Dragapult|7/100
|move|p2a: Dragapult|Will-O-Wisp|p1a: Scizor
|-status|p1a: Scizor|brn
|
|-weather|RainDance|[upkeep]
|-damage|p1a: Scizor|82/100 brn|[from] brn
|upkeep
|turn|15
|
|t:|1758313406
|move|p1a: Scizor|Bullet Punch|p2a: Dragapult
|-damage|p2a: Dragapult|0 fnt
|faint|p2a: Dragapult
|
|-weather|RainDance|[upkeep]
|-damage|p1a: Scizor|76/100 brn|[from] brn
|upkeep
|
|t:|1758313409
|switch|p2a: Kingambit|Kingambit, F|100/100
|-activate|p2a: Kingambit|ability: Supreme Overlord
|-start|p2a: Kingambit|fallen5|[silent]
|turn|16
|
|t:|1758313417
|switch|p1a: Greninja|Greninja, M|100/100
|-status|p1a: Greninja|tox
|-damage|p1a: Greninja|88/100 tox|[from] Stealth Rock
|move|p2a: Kingambit|Swords Dance|p2a: Kingambit
|-boost|p2a: Kingambit|atk|2
|
|-weather|none
|-damage|p1a: Greninja|82/100 tox|[from] psn
|upkeep
|turn|17
|
|t:|1758313425
|move|p1a: Greninja|Water Shuriken|p2a: Kingambit
|-damage|p2a: Kingambit|92/100
|-damage|p2a: Kingambit|82/100
|-hitcount|p2a: Kingambit|2
|-damage|p1a: Greninja|72/100 tox|[from] item: Life Orb
|move|p2a: Kingambit|Low Kick|p1a: Greninja
|-supereffective|p1a: Greninja
|-damage|p1a: Greninja|0 fnt
|faint|p1a: Greninja
|
|upkeep
|
|t:|1758313429
|switch|p1a: Gholdengo|Gholdengo|94/100
|-damage|p1a: Gholdengo|88/100|[from] Stealth Rock
|turn|18
|
|t:|1758313443
|-terastallize|p1a: Gholdengo|Fighting
|move|p1a: Gholdengo|Focus Blast|p2a: Kingambit|[miss]
|-miss|p1a: Gholdengo|p2a: Kingambit
|move|p2a: Kingambit|Iron Head|p1a: Gholdengo
|-damage|p1a: Gholdengo|0 fnt
|faint|p1a: Gholdengo
|
|upkeep
|
|t:|1758313450
|switch|p1a: Scizor|Scizor, F|76/100 brn
|-damage|p1a: Scizor|63/100 brn|[from] Stealth Rock
|turn|19
|
|t:|1758313455
|move|p1a: Scizor|Close Combat|p2a: Kingambit
|-supereffective|p2a: Kingambit
|-damage|p2a: Kingambit|0 fnt
|-unboost|p1a: Scizor|def|1
|-unboost|p1a: Scizor|spd|1
|faint|p2a: Kingambit
|-end|p2a: Kingambit|fallen5|[silent]
|
|win|crestenboy
|raw|crestenboy's rating: 1544 &rarr; <strong>1561</strong><br />(+17 for winning)
|raw|BeheeyemUBER's rating: 1491 &rarr; <strong>1474</strong><br />(-17 for losing)
|l|☆crestenboy
|player|p1|
|l|☆BeheeyemUBER
|player|p2|
|l| zaudbaoanbdoanfaiw
