|j|☆Andrewtre
|j|☆katapuldrawr
|t:|1758258002
|gametype|singles
|player|p1|Andrewtre|unknown|1126
|player|p2|katapuldrawr|1|1180
|gen|9
|tier|[Gen 9] OU
|rated|
|rule|HP Percentage Mod: HP is shown in percentages
|rule|Endless Battle Clause: Forcing endless battles is banned
|rule|Species Clause: Limit one of each Pokémon
|rule|OHKO Clause: OHKO moves are banned
|rule|Evasion Items Clause: Evasion items are banned
|rule|Evasion Moves Clause: Evasion moves are banned
|rule|Evasion Abilities Clause: Evasion abilities are banned
|rule|Sleep Moves Clause: Sleep-inducing moves are banned
|clearpoke
|poke|p1|Arcanine, M|
|poke|p1|Excadrill, M|
|poke|p1|Pelipper, M|
|poke|p1|Ludicolo, M|
|poke|p1|Toxicroak, F|
|poke|p1|Hippowdon, M|
|poke|p2|Zapdos|
|poke|p2|Infernape, F|
|poke|p2|Weezing-Galar, F|
|poke|p2|Ting-Lu|
|poke|p2|Lokix, F|
|poke|p2|Kyurem|
|teampreview
|inactive|Battle timer is ON: inactive players will automatically lose when time's up. (requested by Andrewtre)
|
|t:|1758258032
|teamsize|p1|6
|teamsize|p2|6
|start
|switch|p1a: Hippowdon|Hippowdon, M, shiny|100/100
|switch|p2a: Zapdos|Zapdos|100/100
|-weather|Sandstorm|[from] ability: Sand Stream|[of] p1a: Hippowdon
|turn|1
|
|t:|1758258034
|move|p2a: Zapdos|U-turn|p1a: Hippowdon
|-damage|p1a: Hippowdon|92/100
|
|t:|1758258049
|switch|p2a: Ting-Lu|Ting-Lu|100/100|[from] U-turn
|-ability|p2a: Ting-Lu|Vessel of Ruin
|move|p1a: Hippowdon|Stealth Rock|p2a: Ting-Lu
|-sidestart|p2: katapuldrawr|move: Stealth Rock
|
|-weather|Sandstorm|[upkeep]
|upkeep
|turn|2
|
|t:|1758258058
|move|p2a: Ting-Lu|Ruination|p1a: Hippowdon
|-damage|p1a: Hippowdon|46/100
|move|p1a: Hippowdon|Earthquake|p2a: Ting-Lu
|-damage|p2a: Ting-Lu|81/100
|
|-weather|Sandstorm|[upkeep]
|-heal|p2a: Ting-Lu|87/100|[from] item: Leftovers
|upkeep
|turn|3
|
|t:|1758258063
|move|p2a: Ting-Lu|Stealth Rock|p1a: Hippowdon
|-sidestart|p1: Andrewtre|move: Stealth Rock
|move|p1a: Hippowdon|Whirlwind|p2a: Ting-Lu
|drag|p2a: Zapdos|Zapdos|100/100
|
|-weather|Sandstorm|[upkeep]
|-damage|p2a: Zapdos|94/100|[from] Sandstorm
|upkeep
|turn|4
|
|t:|1758258066
|move|p2a: Zapdos|U-turn|p1a: Hippowdon
|-damage|p1a: Hippowdon|38/100
|
|t:|1758258069
|switch|p2a: Kyurem|Kyurem|100/100|[from] U-turn
|-damage|p2a: Kyurem|76/100|[from] Stealth Rock
|-ability|p2a: Kyurem|Pressure
|move|p1a: Hippowdon|Whirlwind|p2a: Kyurem
|drag|p2a: Infernape|Infernape, F|100/100
|-damage|p2a: Infernape|88/100|[from] Stealth Rock
|
|-weather|Sandstorm|[upkeep]
|-damage|p2a: Infernape|82/100|[from] Sandstorm
|upkeep
|turn|5
|
|t:|1758258097
|switch|p2a: Ting-Lu|Ting-Lu|87/100
|-damage|p2a: Ting-Lu|81/100|[from] Stealth Rock
|-ability|p2a: Ting-Lu|Vessel of Ruin
|move|p1a: Hippowdon|Earthquake|p2a: Ting-Lu
|-damage|p2a: Ting-Lu|60/100
|
|-weather|Sandstorm|[upkeep]
|-heal|p2a: Ting-Lu|66/100|[from] item: Leftovers
|upkeep
|turn|6
|
|t:|1758258106
|switch|p1a: Pelipper|Pelipper, M, shiny|100/100
|-damage|p1a: Pelipper|76/100|[from] Stealth Rock
|-weather|RainDance|[from] ability: Drizzle|[of] p1a: Pelipper
|move|p2a: Ting-Lu|Earthquake|p1a: Pelipper
|-immune|p1a: Pelipper
|
|-weather|RainDance|[upkeep]
|-heal|p2a: Ting-Lu|72/100|[from] item: Leftovers
|upkeep
|turn|7
|
|t:|1758258120
|switch|p2a: Lokix|Lokix, F|100/100
|move|p1a: Pelipper|Hurricane|p2a: Lokix
|-supereffective|p2a: Lokix
|-damage|p2a: Lokix|0 fnt
|faint|p2a: Lokix
|
|-weather|RainDance|[upkeep]
|upkeep
|
|t:|1758258124
|switch|p2a: Zapdos|Zapdos|94/100
|turn|8
|
|t:|1758258127
|switch|p1a: Hippowdon|Hippowdon, M, shiny|38/100
|-damage|p1a: Hippowdon|32/100|[from] Stealth Rock
|-weather|Sandstorm|[from] ability: Sand Stream|[of] p1a: Hippowdon
|move|p2a: Zapdos|Discharge|p1a: Hippowdon
|-immune|p1a: Hippowdon
|
|-weather|Sandstorm|[upkeep]
|-damage|p2a: Zapdos|88/100|[from] Sandstorm
|upkeep
|turn|9
|
|t:|1758258137
|move|p2a: Zapdos|Hurricane|p1a: Hippowdon|[miss]
|-miss|p2a: Zapdos|p1a: Hippowdon
|move|p1a: Hippowdon|Slack Off|p1a: Hippowdon
|-heal|p1a: Hippowdon|82/100
|
|-weather|Sandstorm|[upkeep]
|-damage|p2a: Zapdos|82/100|[from] Sandstorm
|upkeep
|turn|10
|
|t:|1758258146
|move|p2a: Zapdos|Hurricane|p1a: Hippowdon
|-damage|p1a: Hippowdon|40/100
|move|p1a: Hippowdon|Whirlwind|p2a: Zapdos
|drag|p2a: Infernape|Infernape, F|82/100
|-damage|p2a: Infernape|70/100|[from] Stealth Rock
|
|-weather|Sandstorm|[upkeep]
|-damage|p2a: Infernape|64/100|[from] Sandstorm
|upkeep
|turn|11
|
|t:|1758258156
|move|p2a: Infernape|Endure|p2a: Infernape
|-singleturn|p2a: Infernape|move: Endure
|move|p1a: Hippowdon|Slack Off|p1a: Hippowdon
|-heal|p1a: Hippowdon|90/100
|
|-weather|Sandstorm|[upkeep]
|-damage|p2a: Infernape|58/100|[from] Sandstorm
|upkeep
|turn|12
|-message|katapuldrawr forfeited.
|
|win|Andrewtre
|raw|Andrewtre's rating: 1126 &rarr; <strong>1157</strong><br />(+31 for winning)
|raw|katapuldrawr's rating: 1209 &rarr; <strong>1178</strong><br />(-31 for losing)
|l|☆katapuldrawr
|player|p2|
|l|☆Andrewtre
|player|p1|
