|j|☆RoddyJ
|j|☆Un Sospiro
|t:|1758255399
|gametype|singles
|player|p1|RoddyJ|ethan|1565
|player|p2|Un Sospiro|266|1569
|gen|9
|tier|[Gen 9] OU
|rated|
|rule|HP Percentage Mod: HP is shown in percentages
|rule|Endless Battle Clause: Forcing endless battles is banned
|rule|Species Clause: Limit one of each Pokémon
|rule|OHKO Clause: OHKO moves are banned
|rule|Evasion Items Clause: Evasion items are banned
|rule|Evasion Moves Clause: Evasion moves are banned
|rule|Evasion Abilities Clause: Evasion abilities are banned
|rule|Sleep Moves Clause: Sleep-inducing moves are banned
|clearpoke
|poke|p1|Iron Crown|
|poke|p1|Articuno-Galar|
|poke|p1|Blaziken, M|
|poke|p1|Dragapult, F|
|poke|p1|Kyurem|
|poke|p1|Glimmora, M|
|poke|p2|Torkoal, M|
|poke|p2|Hatterene, F|
|poke|p2|Walking Wake|
|poke|p2|Raging Bolt|
|poke|p2|Blaziken, F|
|poke|p2|Great Tusk|
|teampreview
|j| KappaHalo
|inactive|Battle timer is ON: inactive players will automatically lose when time's up. (requested by RoddyJ)
|
|t:|1758255408
|teamsize|p1|6
|teamsize|p2|6
|start
|switch|p1a: Glimmora|Glimmora, M, shiny|100/100
|switch|p2a: Banshoman|Torkoal, M|100/100
|-item|p1a: Glimmora|Air Balloon
|-weather|SunnyDay|[from] ability: Drought|[of] p2a: Banshoman
|turn|1
|
|t:|1758255415
|switch|p2a: In-N-Out|Hatterene, F|100/100
|-terastallize|p1a: Glimmora|Ghost
|move|p1a: Glimmora|Stealth Rock|p2a: In-N-Out
|move|p2a: In-N-Out|Stealth Rock|p1a: Glimmora|[from] ability: Magic Bounce
|-sidestart|p1: RoddyJ|move: Stealth Rock
|
|-weather|SunnyDay|[upkeep]
|upkeep
|turn|2
|j| parabola22
|l| parabola22
|
|t:|1758255423
|move|p1a: Glimmora|Mortal Spin|p2a: In-N-Out
|-supereffective|p2a: In-N-Out
|-damage|p2a: In-N-Out|91/100
|-status|p2a: In-N-Out|psn
|-sideend|p1: RoddyJ|Stealth Rock|[from] move: Mortal Spin|[of] p1a: Glimmora
|-enditem|p2a: In-N-Out|Eject Button
|
|t:|1758255426
|switch|p2a: Mr. Conductor|Walking Wake|100/100
|-activate|p2a: Mr. Conductor|ability: Protosynthesis
|-start|p2a: Mr. Conductor|protosynthesisspe
|
|-weather|SunnyDay|[upkeep]
|upkeep
|turn|3
|
|t:|1758255430
|switch|p1a: Kyurem|Kyurem, shiny|100/100
|-ability|p1a: Kyurem|Pressure
|move|p2a: Mr. Conductor|Hydro Steam|p1a: Kyurem
|-resisted|p1a: Kyurem
|-damage|p1a: Kyurem|68/100
|
|-weather|SunnyDay|[upkeep]
|upkeep
|turn|4
|
|t:|1758255437
|move|p2a: Mr. Conductor|Draco Meteor|p1a: Kyurem
|-supereffective|p1a: Kyurem
|-damage|p1a: Kyurem|0 fnt
|-unboost|p2a: Mr. Conductor|spa|2
|faint|p1a: Kyurem
|
|-weather|SunnyDay|[upkeep]
|upkeep
|
|t:|1758255444
|switch|p1a: Iron Crown|Iron Crown|100/100
|turn|5
|
|t:|1758255449
|move|p2a: Mr. Conductor|Weather Ball|p1a: Iron Crown
|-supereffective|p1a: Iron Crown
|-damage|p1a: Iron Crown|53/100
|-enditem|p1a: Iron Crown|Weakness Policy
|-boost|p1a: Iron Crown|atk|2|[from] item: Weakness Policy
|-boost|p1a: Iron Crown|spa|2|[from] item: Weakness Policy
|move|p1a: Iron Crown|Agility|p1a: Iron Crown
|-boost|p1a: Iron Crown|spe|2
|
|-weather|SunnyDay|[upkeep]
|upkeep
|turn|6
|
|t:|1758255458
|move|p1a: Iron Crown|Stored Power|p2a: Mr. Conductor
|-damage|p2a: Mr. Conductor|0 fnt
|faint|p2a: Mr. Conductor
|-end|p2a: Mr. Conductor|Protosynthesis|[silent]
|
|-weather|SunnyDay|[upkeep]
|upkeep
|
|t:|1758255460
|switch|p2a: Adam Ondra|Raging Bolt|100/100
|-activate|p2a: Adam Ondra|ability: Protosynthesis
|-start|p2a: Adam Ondra|protosynthesisspa
|turn|7
|
|t:|1758255464
|move|p1a: Iron Crown|Stored Power|p2a: Adam Ondra
|-damage|p2a: Adam Ondra|37/100
|move|p2a: Adam Ondra|Weather Ball|p1a: Iron Crown
|-supereffective|p1a: Iron Crown
|-damage|p1a: Iron Crown|0 fnt
|faint|p1a: Iron Crown
|-end|p1a: Iron Crown|Quark Drive|[silent]
|
|-weather|SunnyDay|[upkeep]
|upkeep
|
|t:|1758255473
|switch|p1a: Glimmora|Glimmora, M, shiny, tera:Ghost|100/100
|-item|p1a: Glimmora|Air Balloon
|turn|8
|
|t:|1758255478
|move|p1a: Glimmora|Earth Power|p2a: Adam Ondra
|-supereffective|p2a: Adam Ondra
|-damage|p2a: Adam Ondra|5/100
|-unboost|p2a: Adam Ondra|spd|1
|move|p2a: Adam Ondra|Draco Meteor|p1a: Glimmora
|-damage|p1a: Glimmora|0 fnt
|-unboost|p2a: Adam Ondra|spa|2
|-enditem|p1a: Glimmora|Air Balloon
|faint|p1a: Glimmora
|
|-weather|none
|-end|p2a: Adam Ondra|Protosynthesis
|upkeep
|
|t:|1758255488
|switch|p1a: Articuno|Articuno-Galar, shiny|100/100
|turn|9
|j| king of spycrabs
|
|t:|1758255493
|-end|p2a: Adam Ondra|Protosynthesis|[silent]
|switch|p2a: In-N-Out|Hatterene, F|91/100 psn
|move|p1a: Articuno|Agility|p1a: Articuno
|-boost|p1a: Articuno|spe|2
|
|-damage|p2a: In-N-Out|79/100 psn|[from] psn
|upkeep
|turn|10
|
|t:|1758255498
|move|p1a: Articuno|Agility|p1a: Articuno
|-boost|p1a: Articuno|spe|2
|move|p2a: In-N-Out|Nuzzle|p1a: Articuno
|-supereffective|p1a: Articuno
|-damage|p1a: Articuno|93/100
|-status|p1a: Articuno|par
|-enditem|p1a: Articuno|Weakness Policy
|-boost|p1a: Articuno|atk|2|[from] item: Weakness Policy
|-boost|p1a: Articuno|spa|2|[from] item: Weakness Policy
|
|-damage|p2a: In-N-Out|67/100 psn|[from] psn
|upkeep
|turn|11
|
|t:|1758255508
|move|p1a: Articuno|Calm Mind|p1a: Articuno
|-boost|p1a: Articuno|spa|1
|-boost|p1a: Articuno|spd|1
|move|p2a: In-N-Out|Healing Wish|p2a: In-N-Out
|faint|p2a: In-N-Out
|
|upkeep
|
|t:|1758255516
|switch|p2a: Adam Ondra|Raging Bolt|5/100
|-heal|p2a: Adam Ondra|100/100|[from] move: Healing Wish
|turn|12
|
|t:|1758255521
|move|p1a: Articuno|Stored Power|p2a: Adam Ondra
|-damage|p2a: Adam Ondra|0 fnt
|faint|p2a: Adam Ondra
|-end|p2a: Adam Ondra|Protosynthesis|[silent]
|
|upkeep
|
|t:|1758255525
|switch|p2a: Banshoman|Torkoal, M|100/100
|-weather|SunnyDay|[from] ability: Drought|[of] p2a: Banshoman
|turn|13
|
|t:|1758255531
|cant|p1a: Articuno|par
|move|p2a: Banshoman|Lava Plume|p1a: Articuno
|-crit|p1a: Articuno
|-damage|p1a: Articuno|45/100 par
|
|-weather|SunnyDay|[upkeep]
|upkeep
|turn|14
|
|t:|1758255533
|cant|p1a: Articuno|par
|move|p2a: Banshoman|Lava Plume|p1a: Articuno
|-damage|p1a: Articuno|22/100 par
|
|-weather|SunnyDay|[upkeep]
|upkeep
|turn|15
|
|t:|1758255535
|cant|p1a: Articuno|par
|move|p2a: Banshoman|Lava Plume|p1a: Articuno
|-damage|p1a: Articuno|1/100 par
|
|-weather|SunnyDay|[upkeep]
|upkeep
|turn|16
|
|t:|1758255537
|move|p1a: Articuno|Stored Power|p2a: Banshoman
|-damage|p2a: Banshoman|0 fnt
|faint|p2a: Banshoman
|
|-weather|SunnyDay|[upkeep]
|upkeep
|
|t:|1758255539
|switch|p2a: chickenonaballoon|Blaziken, F|100/100
|turn|17
|
|t:|1758255544
|cant|p1a: Articuno|par
|move|p2a: chickenonaballoon|Focus Energy|p2a: chickenonaballoon
|-start|p2a: chickenonaballoon|move: Focus Energy
|
|-weather|SunnyDay|[upkeep]
|-ability|p2a: chickenonaballoon|Speed Boost|boost
|-boost|p2a: chickenonaballoon|spe|1
|upkeep
|turn|18
|
|t:|1758255547
|move|p2a: chickenonaballoon|Protect|p2a: chickenonaballoon
|-singleturn|p2a: chickenonaballoon|Protect
|move|p1a: Articuno|Stored Power|p2a: chickenonaballoon
|-activate|p2a: chickenonaballoon|move: Protect
|
|-weather|SunnyDay|[upkeep]
|-ability|p2a: chickenonaballoon|Speed Boost|boost
|-boost|p2a: chickenonaballoon|spe|1
|upkeep
|turn|19
|
|t:|1758255554
|move|p2a: chickenonaballoon|Close Combat|p1a: Articuno
|-resisted|p1a: Articuno
|-crit|p1a: Articuno
|-damage|p1a: Articuno|0 fnt
|-unboost|p2a: chickenonaballoon|def|1
|-unboost|p2a: chickenonaballoon|spd|1
|faint|p1a: Articuno
|
|-weather|SunnyDay|[upkeep]
|-ability|p2a: chickenonaballoon|Speed Boost|boost
|-boost|p2a: chickenonaballoon|spe|1
|upkeep
|
|t:|1758255558
|switch|p1a: Blaziken|Blaziken, M, shiny|100/100
|turn|20
|
|t:|1758255571
|move|p2a: chickenonaballoon|Overheat|p1a: Blaziken
|-resisted|p1a: Blaziken
|-crit|p1a: Blaziken
|-enditem|p1a: Blaziken|Focus Sash
|-damage|p1a: Blaziken|1/100
|-unboost|p2a: chickenonaballoon|spa|2
|move|p1a: Blaziken|Reversal|p2a: chickenonaballoon
|-damage|p2a: chickenonaballoon|0 fnt
|faint|p2a: chickenonaballoon
|
|-weather|none
|-ability|p1a: Blaziken|Speed Boost|boost
|-boost|p1a: Blaziken|spe|1
|upkeep
|
|t:|1758255574
|switch|p2a: 🙏🙏🙏|Great Tusk|100/100
|turn|21
|
|t:|1758255581
|move|p1a: Blaziken|Reversal|p2a: 🙏🙏🙏
|-damage|p2a: 🙏🙏🙏|27/100
|move|p2a: 🙏🙏🙏|Ice Spinner|p1a: Blaziken
|-resisted|p1a: Blaziken
|-damage|p1a: Blaziken|0 fnt
|faint|p1a: Blaziken
|
|upkeep
|
|t:|1758255586
|switch|p1a: Dragapult|Dragapult, F, shiny|100/100
|turn|22
|
|t:|1758255591
|move|p1a: Dragapult|Dragon Darts|p2a: 🙏🙏🙏
|-damage|p2a: 🙏🙏🙏|0 fnt
|faint|p2a: 🙏🙏🙏
|-end|p2a: 🙏🙏🙏|Protosynthesis|[silent]
|
|win|RoddyJ
|raw|RoddyJ's rating: 1565 &rarr; <strong>1586</strong><br />(+21 for winning)
|raw|Un Sospiro's rating: 1589 &rarr; <strong>1568</strong><br />(-21 for losing)
|l|☆Un Sospiro
|player|p2|
|l| KappaHalo
|l|☆RoddyJ
|player|p1|
|l| king of spycrabs
