|j|☆Twinkwinky69
|j|‽aexilyth
|t:|1758291101
|gametype|singles
|player|p1|Twinkwinky69|102|1000
|player|p2|aexilyth|1|1033
|gen|9
|tier|[Gen 9] OU
|rated|
|rule|HP Percentage Mod: HP is shown in percentages
|rule|Endless Battle Clause: Forcing endless battles is banned
|rule|Species Clause: Limit one of each Pokémon
|rule|OHKO Clause: OHKO moves are banned
|rule|Evasion Items Clause: Evasion items are banned
|rule|Evasion Moves Clause: Evasion moves are banned
|rule|Evasion Abilities Clause: Evasion abilities are banned
|rule|Sleep Moves Clause: Sleep-inducing moves are banned
|clearpoke
|poke|p1|Serperior, M|
|poke|p1|Heatran, M|
|poke|p1|Excadrill, M|
|poke|p1|Tornadus-Therian, M|
|poke|p1|Toxapex, M|
|poke|p1|Dragapult, F|
|poke|p2|Golem, F|
|poke|p2|Gengar, M|
|poke|p2|Scyther, F|
|poke|p2|Kingdra, F|
|poke|p2|Ursaring, F|
|poke|p2|Darkrai|
|teampreview
|inactive|Battle timer is ON: inactive players will automatically lose when time's up. (requested by aexilyth)
|
|t:|1758291108
|teamsize|p1|6
|teamsize|p2|6
|start
|switch|p1a: Toxapex|Toxapex, M|100/100
|switch|p2a: Golem|Golem, F|100/100
|turn|1
|
|t:|1758291118
|switch|p1a: Heatran|Heatran, M|100/100
|move|p2a: Golem|Stealth Rock|p1a: Heatran
|-sidestart|p1: Twinkwinky69|move: Stealth Rock
|
|upkeep
|turn|2
|
|t:|1758291122
|move|p1a: Heatran|Stealth Rock|p2a: Golem
|-sidestart|p2: aexilyth|move: Stealth Rock
|move|p2a: Golem|Earthquake|p1a: Heatran
|-supereffective|p1a: Heatran
|-damage|p1a: Heatran|0 fnt
|faint|p1a: Heatran
|
|upkeep
|
|t:|1758291128
|switch|p1a: Excadrill|Excadrill, M|100/100
|-damage|p1a: Excadrill|97/100|[from] Stealth Rock
|-ability|p1a: Excadrill|Mold Breaker
|turn|3
|
|t:|1758291143
|move|p1a: Excadrill|Rapid Spin|p2a: Golem
|-resisted|p2a: Golem
|-damage|p2a: Golem|94/100
|-boost|p1a: Excadrill|spe|1
|-sideend|p1: Twinkwinky69|Stealth Rock|[from] move: Rapid Spin|[of] p1a: Excadrill
|move|p2a: Golem|Earthquake|p1a: Excadrill
|-supereffective|p1a: Excadrill
|-damage|p1a: Excadrill|0 fnt
|faint|p1a: Excadrill
|
|upkeep
|
|t:|1758291151
|switch|p1a: Dragapult|Dragapult, F|100/100
|turn|4
|
|t:|1758291156
|move|p1a: Dragapult|Shadow Ball|p2a: Golem
|-damage|p2a: Golem|44/100
|move|p2a: Golem|Rock Slide|p1a: Dragapult
|-damage|p1a: Dragapult|38/100
|
|upkeep
|turn|5
|
|t:|1758291161
|switch|p2a: Ursaring|Ursaring, F|100/100
|-damage|p2a: Ursaring|88/100|[from] Stealth Rock
|move|p1a: Dragapult|Shadow Ball|p2a: Ursaring
|-immune|p2a: Ursaring
|
|-heal|p2a: Ursaring|94/100|[from] item: Leftovers
|upkeep
|turn|6
|
|t:|1758291171
|switch|p1a: Twink|Serperior, M, shiny|100/100
|switch|p2a: Darkrai|Darkrai|100/100
|-damage|p2a: Darkrai|88/100|[from] Stealth Rock
|
|upkeep
|turn|7
|
|t:|1758291178
|move|p2a: Darkrai|Ice Beam|p1a: Twink
|-supereffective|p1a: Twink
|-damage|p1a: Twink|31/100
|move|p1a: Twink|Leaf Storm|p2a: Darkrai
|-damage|p2a: Darkrai|44/100
|-boost|p1a: Twink|spa|2
|
|upkeep
|turn|8
|
|t:|1758291192
|switch|p1a: Toxapex|Toxapex, M|100/100
|move|p2a: Darkrai|Ice Beam|p1a: Toxapex
|-resisted|p1a: Toxapex
|-damage|p1a: Toxapex|88/100
|
|-heal|p1a: Toxapex|94/100|[from] item: Black Sludge
|upkeep
|turn|9
|
|t:|1758291198
|switch|p2a: Gengar|Gengar, M|100/100
|-damage|p2a: Gengar|88/100|[from] Stealth Rock
|move|p1a: Toxapex|Toxic Spikes|p2a: Gengar
|-sidestart|p2: aexilyth|move: Toxic Spikes
|
|-heal|p2a: Gengar|94/100|[from] item: Black Sludge
|-heal|p1a: Toxapex|100/100|[from] item: Black Sludge
|upkeep
|turn|10
|
|t:|1758291205
|move|p2a: Gengar|Thunder Wave|p1a: Toxapex
|-status|p1a: Toxapex|par
|move|p1a: Toxapex|Hydro Pump|p2a: Gengar
|-damage|p2a: Gengar|61/100
|
|-heal|p2a: Gengar|67/100|[from] item: Black Sludge
|upkeep
|turn|11
|
|t:|1758291215
|move|p2a: Gengar|Disable|p1a: Toxapex
|-start|p1a: Toxapex|Disable|Hydro Pump
|cant|p1a: Toxapex|Disable|Hydro Pump
|
|-heal|p2a: Gengar|73/100|[from] item: Black Sludge
|upkeep
|turn|12
|
|t:|1758291221
|move|p2a: Gengar|Hex|p1a: Toxapex
|-damage|p1a: Toxapex|51/100 par
|move|p1a: Toxapex|Toxic Spikes|p2a: Gengar
|-sidestart|p2: aexilyth|move: Toxic Spikes
|
|-heal|p2a: Gengar|79/100|[from] item: Black Sludge
|-heal|p1a: Toxapex|57/100 par|[from] item: Black Sludge
|upkeep
|turn|13
|
|t:|1758291231
|switch|p1a: Dragapult|Dragapult, F|38/100
|move|p2a: Gengar|Hex|p1a: Dragapult
|-supereffective|p1a: Dragapult
|-damage|p1a: Dragapult|0 fnt
|faint|p1a: Dragapult
|
|-heal|p2a: Gengar|86/100|[from] item: Black Sludge
|upkeep
|
|t:|1758291236
|switch|p1a: wtfisthis|Tornadus-Therian, M|100/100
|turn|14
|
|t:|1758291242
|move|p1a: wtfisthis|Taunt|p2a: Gengar
|-start|p2a: Gengar|move: Taunt
|cant|p2a: Gengar|move: Taunt|Substitute
|
|-heal|p2a: Gengar|92/100|[from] item: Black Sludge
|upkeep
|turn|15
|
|t:|1758291248
|switch|p2a: Golem|Golem, F|44/100
|-damage|p2a: Golem|38/100|[from] Stealth Rock
|-status|p2a: Golem|tox
|move|p1a: wtfisthis|Hurricane|p2a: Golem
|-resisted|p2a: Golem
|-damage|p2a: Golem|12/100 tox
|-start|p2a: Golem|confusion
|
|-damage|p2a: Golem|6/100 tox|[from] psn
|upkeep
|turn|16
|-enditem|p2a: Golem|Custap Berry|[eat]
|-activate|p2a: Golem|item: Custap Berry|[consumed]
|
|t:|1758291261
|-activate|p2a: Golem|confusion
|move|p2a: Golem|Explosion|p1a: wtfisthis
|-damage|p1a: wtfisthis|7/100
|faint|p2a: Golem
|move|p1a: wtfisthis|Knock Off|p2: Golem|[notarget]
|-fail|p1a: wtfisthis
|
|upkeep
|
|t:|1758291265
|switch|p2a: Scyther|Scyther, F|100/100
|turn|17
|
|t:|1758291275
|move|p2a: Scyther|Quick Attack|p1a: wtfisthis
|-damage|p1a: wtfisthis|0 fnt
|faint|p1a: wtfisthis
|
|upkeep
|
|t:|1758291281
|switch|p1a: Twink|Serperior, M, shiny|31/100
|turn|18
|
|t:|1758291284
|-terastallize|p1a: Twink|Grass
|move|p2a: Scyther|Aerial Ace|p1a: Twink
|-supereffective|p1a: Twink
|-damage|p1a: Twink|0 fnt
|-damage|p2a: Scyther|84/100|[from] item: Rocky Helmet|[of] p1a: Twink
|faint|p1a: Twink
|
|upkeep
|
|t:|1758291290
|switch|p1a: Toxapex|Toxapex, M|90/100 par
|turn|19
|-message|Twinkwinky69 forfeited.
|
|win|aexilyth
|raw|Twinkwinky69's rating: 1000 &rarr; <strong>1000</strong><br />(+0 for losing)
|raw|aexilyth's rating: 1033 &rarr; <strong>1065</strong><br />(+32 for winning)
|l|☆Twinkwinky69
|player|p1|
