|j|☆oreoinabox
|j|☆BZR Osiris
|t:|1758352843
|gametype|singles
|player|p1|oreoinabox|170|1345
|player|p2|BZR Osiris|red|1379
|gen|9
|tier|[Gen 9] OU
|rated|
|rule|HP Percentage Mod: HP is shown in percentages
|rule|Endless Battle Clause: Forcing endless battles is banned
|rule|Species Clause: Limit one of each Pokémon
|rule|OHKO Clause: OHKO moves are banned
|rule|Evasion Items Clause: Evasion items are banned
|rule|Evasion Moves Clause: Evasion moves are banned
|rule|Evasion Abilities Clause: Evasion abilities are banned
|rule|Sleep Moves Clause: Sleep-inducing moves are banned
|clearpoke
|poke|p1|Dondozo, M|
|poke|p1|Darkrai|
|poke|p1|Zapdos|
|poke|p1|Corviknight, F|
|poke|p1|Iron Thorns|
|poke|p1|Iron Valiant|
|poke|p2|Iron Moth|
|poke|p2|Ogerpon-Wellspring, F|
|poke|p2|Iron Treads|
|poke|p2|Dragonite, M|
|poke|p2|Gholdengo|
|poke|p2|Iron Valiant|
|teampreview
|inactive|Battle timer is ON: inactive players will automatically lose when time's up. (requested by oreoinabox)
|
|t:|1758352855
|teamsize|p1|6
|teamsize|p2|6
|start
|switch|p1a: Zapdos|Zapdos|100/100
|switch|p2a: Sunfyre|Iron Moth, shiny|100/100
|-enditem|p2a: Sunfyre|Booster Energy
|-activate|p2a: Sunfyre|ability: Quark Drive|[fromitem]
|-start|p2a: Sunfyre|quarkdrivespa
|turn|1
|
|t:|1758352864
|move|p1a: Zapdos|Volt Switch|p2a: Sunfyre
|-damage|p2a: Sunfyre|60/100
|
|t:|1758352883
|switch|p1a: Dondozo|Dondozo, M|100/100|[from] Volt Switch
|move|p2a: Sunfyre|Fiery Dance|p1a: Dondozo
|-resisted|p1a: Dondozo
|-damage|p1a: Dondozo|79/100
|
|-heal|p1a: Dondozo|85/100|[from] item: Leftovers
|upkeep
|turn|2
|
|t:|1758352889
|move|p2a: Sunfyre|Energy Ball|p1a: Dondozo
|-supereffective|p1a: Dondozo
|-damage|p1a: Dondozo|23/100
|move|p1a: Dondozo|Liquidation|p2a: Sunfyre
|-supereffective|p2a: Sunfyre
|-damage|p2a: Sunfyre|0 fnt
|faint|p2a: Sunfyre
|-end|p2a: Sunfyre|Quark Drive|[silent]
|
|-heal|p1a: Dondozo|29/100|[from] item: Leftovers
|upkeep
|
|t:|1758352897
|switch|p2a: Midas|Gholdengo, shiny|100/100
|turn|3
|
|t:|1758352905
|move|p2a: Midas|Shadow Ball|p1a: Dondozo
|-damage|p1a: Dondozo|0 fnt
|faint|p1a: Dondozo
|
|upkeep
|
|t:|1758352910
|switch|p1a: Darkrai|Darkrai|100/100
|turn|4
|
|t:|1758352918
|switch|p2a: Nova|Iron Valiant, shiny|100/100
|-enditem|p2a: Nova|Booster Energy
|-activate|p2a: Nova|ability: Quark Drive|[fromitem]
|-start|p2a: Nova|quarkdrivespe
|move|p1a: Darkrai|Dark Pulse|p2a: Nova
|-resisted|p2a: Nova
|-damage|p2a: Nova|82/100
|
|upkeep
|turn|5
|
|t:|1758352926
|-terastallize|p1a: Darkrai|Poison
|move|p2a: Nova|Moonblast|p1a: Darkrai
|-resisted|p1a: Darkrai
|-damage|p1a: Darkrai|71/100
|-unboost|p1a: Darkrai|spa|1
|move|p1a: Darkrai|Sludge Bomb|p2a: Nova
|-supereffective|p2a: Nova
|-damage|p2a: Nova|0 fnt
|faint|p2a: Nova
|-end|p2a: Nova|Quark Drive|[silent]
|
|upkeep
|
|t:|1758352930
|switch|p2a: Iron Treads|Iron Treads|100/100
|-enditem|p2a: Iron Treads|Booster Energy
|-activate|p2a: Iron Treads|ability: Quark Drive|[fromitem]
|-start|p2a: Iron Treads|quarkdrivespe
|turn|6
|
|t:|1758352936
|-end|p2a: Iron Treads|Quark Drive|[silent]
|switch|p2a: Rhaegar|Dragonite, M|100/100
|switch|p1a: Zapdos|Zapdos|100/100
|
|upkeep
|turn|7
|
|t:|1758352946
|move|p1a: Zapdos|Volt Switch|p2a: Rhaegar
|-damage|p2a: Rhaegar|81/100
|
|t:|1758352948
|switch|p1a: Corviknight|Corviknight, F|100/100|[from] Volt Switch
|-ability|p1a: Corviknight|Pressure
|move|p2a: Rhaegar|Dragon Dance|p2a: Rhaegar
|-boost|p2a: Rhaegar|atk|1
|-boost|p2a: Rhaegar|spe|1
|
|upkeep
|turn|8
|
|t:|1758352953
|move|p2a: Rhaegar|Dragon Dance|p2a: Rhaegar
|-boost|p2a: Rhaegar|atk|1
|-boost|p2a: Rhaegar|spe|1
|move|p1a: Corviknight|U-turn|p2a: Rhaegar
|-resisted|p2a: Rhaegar
|-damage|p2a: Rhaegar|73/100
|
|t:|1758352962
|switch|p1a: Iron Thorns|Iron Thorns|100/100|[from] U-turn
|-enditem|p1a: Iron Thorns|Booster Energy
|-activate|p1a: Iron Thorns|ability: Quark Drive|[fromitem]
|-start|p1a: Iron Thorns|quarkdriveatk
|
|upkeep
|turn|9
|
|t:|1758352967
|move|p2a: Rhaegar|Earthquake|p1a: Iron Thorns
|-supereffective|p1a: Iron Thorns
|-damage|p1a: Iron Thorns|0 fnt
|faint|p1a: Iron Thorns
|-end|p1a: Iron Thorns|Quark Drive|[silent]
|
|upkeep
|
|t:|1758352973
|switch|p1a: Zapdos|Zapdos|100/100
|turn|10
|
|t:|1758352975
|move|p2a: Rhaegar|Ice Spinner|p1a: Zapdos
|-supereffective|p1a: Zapdos
|-damage|p1a: Zapdos|0 fnt
|faint|p1a: Zapdos
|
|upkeep
|
|t:|1758352979
|switch|p1a: Corviknight|Corviknight, F|100/100
|-ability|p1a: Corviknight|Pressure
|turn|11
|
|t:|1758352982
|move|p2a: Rhaegar|Ice Spinner|p1a: Corviknight
|-damage|p1a: Corviknight|57/100
|-damage|p2a: Rhaegar|57/100|[from] item: Rocky Helmet|[of] p1a: Corviknight
|move|p1a: Corviknight|Brave Bird|p2a: Rhaegar
|-damage|p2a: Rhaegar|17/100
|-damage|p1a: Corviknight|46/100|[from] Recoil
|
|upkeep
|turn|12
|
|t:|1758352988
|move|p2a: Rhaegar|Ice Spinner|p1a: Corviknight
|-damage|p1a: Corviknight|6/100
|-damage|p2a: Rhaegar|0 fnt|[from] item: Rocky Helmet|[of] p1a: Corviknight
|faint|p2a: Rhaegar
|move|p1a: Corviknight|Roost|p1a: Corviknight
|-heal|p1a: Corviknight|56/100
|-singleturn|p1a: Corviknight|move: Roost
|
|upkeep
|
|t:|1758352997
|switch|p2a: Midas|Gholdengo, shiny|100/100
|turn|13
|
|t:|1758353007
|move|p2a: Midas|Focus Blast|p1a: Corviknight|[miss]
|-miss|p2a: Midas|p1a: Corviknight
|move|p1a: Corviknight|Roost|p1a: Corviknight
|-heal|p1a: Corviknight|100/100
|-singleturn|p1a: Corviknight|move: Roost
|
|upkeep
|turn|14
|
|t:|1758353011
|move|p2a: Midas|Focus Blast|p1a: Corviknight
|-damage|p1a: Corviknight|66/100
|move|p1a: Corviknight|U-turn|p2a: Midas
|-resisted|p2a: Midas
|-damage|p2a: Midas|96/100
|
|t:|1758353013
|switch|p1a: Darkrai|Darkrai, tera:Poison|71/100|[from] U-turn
|
|upkeep
|turn|15
|
|t:|1758353017
|switch|p2a: Iron Treads|Iron Treads|100/100
|move|p1a: Darkrai|Dark Pulse|p2a: Iron Treads
|-damage|p2a: Iron Treads|39/100
|
|upkeep
|turn|16
|
|t:|1758353023
|move|p1a: Darkrai|Dark Pulse|p2a: Iron Treads
|-damage|p2a: Iron Treads|0 fnt
|faint|p2a: Iron Treads
|-end|p2a: Iron Treads|Quark Drive|[silent]
|
|upkeep
|
|t:|1758353024
|switch|p2a: Haku|Ogerpon-Wellspring, F|100/100
|turn|17
|
|t:|1758353033
|move|p1a: Darkrai|Sludge Bomb|p2a: Haku
|-supereffective|p2a: Haku
|-damage|p2a: Haku|0 fnt
|faint|p2a: Haku
|
|upkeep
|c|☆BZR Osiris|lowkey corviknights so op
|
|t:|1758353035
|switch|p2a: Midas|Gholdengo, shiny|96/100
|turn|18
|-message|BZR Osiris forfeited.
|
|win|oreoinabox
|raw|oreoinabox's rating: 1363 &rarr; <strong>1384</strong><br />(+21 for winning)
|raw|BZR Osiris's rating: 1379 &rarr; <strong>1358</strong><br />(-21 for losing)
|l|☆BZR Osiris
|player|p2|
|l|☆oreoinabox
|player|p1|
