|j|☆will-i-am2
|j|☆sora44
|t:|1758248387
|gametype|singles
|player|p1|will-i-am2|101|1473
|player|p2|sora44|265|1501
|gen|9
|tier|[Gen 9] OU
|rated|
|rule|HP Percentage Mod: HP is shown in percentages
|rule|Endless Battle Clause: Forcing endless battles is banned
|rule|Species Clause: Limit one of each Pokémon
|rule|OHKO Clause: OHKO moves are banned
|rule|Evasion Items Clause: Evasion items are banned
|rule|Evasion Moves Clause: Evasion moves are banned
|rule|Evasion Abilities Clause: Evasion abilities are banned
|rule|Sleep Moves Clause: Sleep-inducing moves are banned
|clearpoke
|poke|p1|Registeel|
|poke|p1|Mamoswine, F|
|poke|p1|Rhyperior, F|
|poke|p1|Hydreigon, F|
|poke|p1|Slowbro, M|
|poke|p1|Mandibuzz, F|
|poke|p2|Araquanid, F|
|poke|p2|Primarina, M|
|poke|p2|Iron Treads|
|poke|p2|Zamazenta-*|
|poke|p2|Kyurem|
|poke|p2|Landorus-Therian, M|
|teampreview
|
|t:|1758248391
|teamsize|p1|6
|teamsize|p2|6
|start
|switch|p1a: Mamoswine|Mamoswine, F|100/100
|switch|p2a: Araquanid|Araquanid, F|100/100
|turn|1
|inactive|Battle timer is ON: inactive players will automatically lose when time's up. (requested by will-i-am2)
|inactive|will-i-am2 has 120 seconds left.
|l|☆sora44
|inactive|sora44 disconnected and has a minute to reconnect!
|player|p2|
|inactive|will-i-am2 has 90 seconds left.
|j|☆sora44
|inactive|sora44 reconnected.
|player|p2|sora44|265|
|
|t:|1758248468
|switch|p1a: Mandibuzz|Mandibuzz, F|100/100
|move|p2a: Araquanid|Liquidation|p1a: Mandibuzz
|-damage|p1a: Mandibuzz|63/100
|-damage|p2a: Araquanid|84/100|[from] item: Rocky Helmet|[of] p1a: Mandibuzz
|
|-heal|p2a: Araquanid|90/100|[from] item: Leftovers
|upkeep
|turn|2
|
|t:|1758248477
|move|p1a: Mandibuzz|Roost|p1a: Mandibuzz
|-heal|p1a: Mandibuzz|100/100
|-singleturn|p1a: Mandibuzz|move: Roost
|move|p2a: Araquanid|Liquidation|p1a: Mandibuzz
|-damage|p1a: Mandibuzz|64/100
|-damage|p2a: Araquanid|74/100|[from] item: Rocky Helmet|[of] p1a: Mandibuzz
|
|-heal|p2a: Araquanid|80/100|[from] item: Leftovers
|upkeep
|turn|3
|
|t:|1758248488
|switch|p2a: Kyurem|Kyurem|100/100
|-ability|p2a: Kyurem|Pressure
|move|p1a: Mandibuzz|Foul Play|p2a: Kyurem
|-damage|p2a: Kyurem|71/100
|
|-heal|p2a: Kyurem|78/100|[from] item: Leftovers
|upkeep
|turn|4
|
|t:|1758248498
|switch|p1a: Registeel|Registeel|100/100
|move|p2a: Kyurem|Substitute|p2a: Kyurem
|-start|p2a: Kyurem|Substitute
|-damage|p2a: Kyurem|53/100
|
|-heal|p2a: Kyurem|59/100|[from] item: Leftovers
|upkeep
|turn|5
|
|t:|1758248507
|move|p2a: Kyurem|Protect|p2a: Kyurem
|-singleturn|p2a: Kyurem|Protect
|move|p1a: Registeel|Iron Head|p2a: Kyurem
|-activate|p2a: Kyurem|move: Protect
|
|-heal|p2a: Kyurem|65/100|[from] item: Leftovers
|upkeep
|turn|6
|
|t:|1758248516
|move|p2a: Kyurem|Earth Power|p1a: Registeel
|-supereffective|p1a: Registeel
|-damage|p1a: Registeel|62/100
|move|p1a: Registeel|Iron Head|p2a: Kyurem
|-supereffective|p2a: Kyurem
|-end|p2a: Kyurem|Substitute
|
|-heal|p2a: Kyurem|71/100|[from] item: Leftovers
|-heal|p1a: Registeel|68/100|[from] item: Leftovers
|upkeep
|turn|7
|
|t:|1758248526
|move|p2a: Kyurem|Protect|p2a: Kyurem
|-singleturn|p2a: Kyurem|Protect
|move|p1a: Registeel|Stealth Rock|p2a: Kyurem
|-sidestart|p2: sora44|move: Stealth Rock
|
|-heal|p2a: Kyurem|77/100|[from] item: Leftovers
|-heal|p1a: Registeel|74/100|[from] item: Leftovers
|upkeep
|turn|8
|inactive|will-i-am2 has 120 seconds left.
|inactive|will-i-am2 has 90 seconds left.
|
|t:|1758248589
|switch|p2a: Primarina|Primarina, M|100/100
|-damage|p2a: Primarina|88/100|[from] Stealth Rock
|move|p1a: Registeel|Iron Head|p2a: Primarina
|-crit|p2a: Primarina
|-damage|p2a: Primarina|47/100
|
|-heal|p1a: Registeel|80/100|[from] item: Leftovers
|upkeep
|turn|9
|
|t:|1758248600
|move|p2a: Primarina|Surf|p1a: Registeel
|-damage|p1a: Registeel|52/100
|move|p1a: Registeel|Thunder Wave|p2a: Primarina
|-status|p2a: Primarina|par
|
|-heal|p1a: Registeel|58/100|[from] item: Leftovers
|upkeep
|turn|10
|inactive|will-i-am2 has 90 seconds left.
|
|t:|1758248617
|move|p1a: Registeel|Iron Head|p2a: Primarina
|-damage|p2a: Primarina|21/100 par
|move|p2a: Primarina|Surf|p1a: Registeel
|-damage|p1a: Registeel|17/100
|
|-heal|p1a: Registeel|23/100|[from] item: Leftovers
|upkeep
|turn|11
|-enditem|p2a: Primarina|Custap Berry|[eat]
|-activate|p2a: Primarina|item: Custap Berry|[consumed]
|
|t:|1758248626
|move|p2a: Primarina|Hydro Cannon|p1a: Registeel
|-damage|p1a: Registeel|0 fnt
|-mustrecharge|p2a: Primarina
|faint|p1a: Registeel
|
|upkeep
|
|t:|1758248634
|switch|p1a: Hydreigon|Hydreigon, F|100/100
|turn|12
|
|t:|1758248638
|move|p1a: Hydreigon|Dark Pulse|p2a: Primarina
|-resisted|p2a: Primarina
|-damage|p2a: Primarina|4/100 par
|cant|p2a: Primarina|recharge
|
|upkeep
|turn|13
|
|t:|1758248645
|move|p1a: Hydreigon|Dark Pulse|p2a: Primarina
|-resisted|p2a: Primarina
|-damage|p2a: Primarina|0 fnt
|faint|p2a: Primarina
|
|upkeep
|
|t:|1758248651
|switch|p2a: Iron Treads|Iron Treads|100/100
|-damage|p2a: Iron Treads|97/100|[from] Stealth Rock
|turn|14
|
|t:|1758248656
|switch|p1a: Slowbro|Slowbro, M|100/100
|move|p2a: Iron Treads|Rapid Spin|p1a: Slowbro
|-damage|p1a: Slowbro|90/100
|-boost|p2a: Iron Treads|spe|1
|-sideend|p2: sora44|Stealth Rock|[from] move: Rapid Spin|[of] p2a: Iron Treads
|
|-heal|p1a: Slowbro|96/100|[from] item: Leftovers
|upkeep
|turn|15
|
|t:|1758248666
|move|p2a: Iron Treads|Knock Off|p1a: Slowbro
|-supereffective|p1a: Slowbro
|-damage|p1a: Slowbro|55/100
|-enditem|p1a: Slowbro|Leftovers|[from] move: Knock Off|[of] p2a: Iron Treads
|move|p1a: Slowbro|Scald|p2a: Iron Treads
|-supereffective|p2a: Iron Treads
|-damage|p2a: Iron Treads|35/100
|
|upkeep
|turn|16
|
|t:|1758248677
|-end|p2a: Iron Treads|Quark Drive|[silent]
|switch|p2a: Araquanid|Araquanid, F|80/100
|move|p1a: Slowbro|Scald|p2a: Araquanid
|-resisted|p2a: Araquanid
|-damage|p2a: Araquanid|65/100
|
|-heal|p2a: Araquanid|72/100|[from] item: Leftovers
|upkeep
|turn|17
|
|t:|1758248686
|switch|p1a: Mandibuzz|Mandibuzz, F|64/100
|move|p2a: Araquanid|Leech Life|p1a: Mandibuzz
|-damage|p1a: Mandibuzz|47/100
|-heal|p2a: Araquanid|82/100|[from] drain|[of] p1a: Mandibuzz
|-damage|p2a: Araquanid|65/100|[from] item: Rocky Helmet|[of] p1a: Mandibuzz
|
|-heal|p2a: Araquanid|72/100|[from] item: Leftovers
|upkeep
|turn|18
|
|t:|1758248697
|switch|p2a: Kyurem|Kyurem|77/100
|-ability|p2a: Kyurem|Pressure
|move|p1a: Mandibuzz|Roost|p1a: Mandibuzz
|-heal|p1a: Mandibuzz|97/100
|-singleturn|p1a: Mandibuzz|move: Roost
|
|-heal|p2a: Kyurem|84/100|[from] item: Leftovers
|upkeep
|turn|19
|
|t:|1758248709
|switch|p1a: Mamoswine|Mamoswine, F|100/100
|move|p2a: Kyurem|Substitute|p2a: Kyurem
|-start|p2a: Kyurem|Substitute
|-damage|p2a: Kyurem|59/100
|
|-heal|p2a: Kyurem|65/100|[from] item: Leftovers
|upkeep
|turn|20
|
|t:|1758248720
|move|p1a: Mamoswine|Earthquake|p2a: Kyurem
|-end|p2a: Kyurem|Substitute
|move|p2a: Kyurem|Freeze-Dry|p1a: Mamoswine
|-damage|p1a: Mamoswine|71/100
|
|-heal|p2a: Kyurem|71/100|[from] item: Leftovers
|upkeep
|turn|21
|
|t:|1758248728
|move|p2a: Kyurem|Protect|p2a: Kyurem
|-singleturn|p2a: Kyurem|Protect
|move|p1a: Mamoswine|Earthquake|p2a: Kyurem
|-activate|p2a: Kyurem|move: Protect
|
|-heal|p2a: Kyurem|77/100|[from] item: Leftovers
|upkeep
|turn|22
|
|t:|1758248739
|switch|p2a: Araquanid|Araquanid, F|72/100
|move|p1a: Mamoswine|Earthquake|p2a: Araquanid
|-resisted|p2a: Araquanid
|-damage|p2a: Araquanid|29/100
|
|-heal|p2a: Araquanid|35/100|[from] item: Leftovers
|upkeep
|turn|23
|inactive|will-i-am2 has 120 seconds left.
|
|t:|1758248775
|move|p1a: Mamoswine|Earthquake|p2a: Araquanid
|-resisted|p2a: Araquanid
|-damage|p2a: Araquanid|0 fnt
|faint|p2a: Araquanid
|
|upkeep
|
|t:|1758248786
|switch|p2a: Landorus|Landorus-Therian, M|100/100
|-ability|p2a: Landorus|Intimidate|boost
|-unboost|p1a: Mamoswine|atk|1
|turn|24
|inactive|will-i-am2 has 120 seconds left.
|
|t:|1758248811
|switch|p1a: Mandibuzz|Mandibuzz, F|97/100
|move|p2a: Landorus|Grass Knot|p1a: Mandibuzz
|-resisted|p1a: Mandibuzz
|-damage|p1a: Mandibuzz|90/100
|-damage|p2a: Landorus|84/100|[from] item: Rocky Helmet|[of] p1a: Mandibuzz
|
|upkeep
|turn|25
|
|t:|1758248819
|move|p2a: Landorus|Stealth Rock|p1a: Mandibuzz
|-sidestart|p1: will-i-am2|move: Stealth Rock
|move|p1a: Mandibuzz|Foul Play|p2a: Landorus
|-damage|p2a: Landorus|46/100
|-damage|p1a: Mandibuzz|73/100|[from] item: Rocky Helmet|[of] p2a: Landorus
|
|upkeep
|turn|26
|inactive|will-i-am2 has 120 seconds left.
|
|t:|1758248839
|move|p2a: Landorus|U-turn|p1a: Mandibuzz
|-damage|p1a: Mandibuzz|62/100
|-damage|p2a: Landorus|30/100|[from] item: Rocky Helmet|[of] p1a: Mandibuzz
|
|t:|1758248843
|switch|p2a: Kyurem|Kyurem|77/100|[from] U-turn
|-ability|p2a: Kyurem|Pressure
|move|p1a: Mandibuzz|Defog|p2a: Kyurem
|-unboost|p2a: Kyurem|evasion|1
|-sideend|p1: will-i-am2|Stealth Rock|[from] move: Defog|[of] p1a: Mandibuzz
|
|-heal|p2a: Kyurem|83/100|[from] item: Leftovers
|upkeep
|turn|27
|inactive|will-i-am2 has 120 seconds left.
|
|t:|1758248876
|switch|p1a: Mamoswine|Mamoswine, F|71/100
|move|p2a: Kyurem|Substitute|p2a: Kyurem
|-start|p2a: Kyurem|Substitute
|-damage|p2a: Kyurem|58/100
|
|-heal|p2a: Kyurem|65/100|[from] item: Leftovers
|upkeep
|turn|28
|
|t:|1758248885
|move|p2a: Kyurem|Protect|p2a: Kyurem
|-singleturn|p2a: Kyurem|Protect
|move|p1a: Mamoswine|Earthquake|p2a: Kyurem
|-activate|p2a: Kyurem|move: Protect
|
|-heal|p2a: Kyurem|71/100|[from] item: Leftovers
|upkeep
|turn|29
|
|t:|1758248893
|move|p1a: Mamoswine|Earthquake|p2a: Kyurem
|-end|p2a: Kyurem|Substitute
|move|p2a: Kyurem|Freeze-Dry|p1a: Mamoswine
|-damage|p1a: Mamoswine|40/100
|
|-heal|p2a: Kyurem|77/100|[from] item: Leftovers
|upkeep
|turn|30
|inactive|will-i-am2 has 120 seconds left.
|
|t:|1758248903
|move|p2a: Kyurem|Protect|p2a: Kyurem
|-singleturn|p2a: Kyurem|Protect
|move|p1a: Mamoswine|Earthquake|p2a: Kyurem
|-activate|p2a: Kyurem|move: Protect
|
|-heal|p2a: Kyurem|83/100|[from] item: Leftovers
|upkeep
|turn|31
|
|t:|1758248912
|switch|p1a: Hydreigon|Hydreigon, F|100/100
|switch|p2a: Landorus|Landorus-Therian, M|30/100
|-ability|p2a: Landorus|Intimidate|boost
|-unboost|p1a: Hydreigon|atk|1
|
|upkeep
|turn|32
|
|t:|1758248922
|move|p1a: Hydreigon|Dark Pulse|p2a: Landorus
|-damage|p2a: Landorus|0 fnt
|faint|p2a: Landorus
|
|upkeep
|
|t:|1758248927
|switch|p2a: Iron Treads|Iron Treads|35/100
|turn|33
|
|t:|1758248936
|switch|p1a: Mandibuzz|Mandibuzz, F|62/100
|move|p2a: Iron Treads|Knock Off|p1a: Mandibuzz
|-resisted|p1a: Mandibuzz
|-damage|p1a: Mandibuzz|54/100
|-damage|p2a: Iron Treads|19/100|[from] item: Rocky Helmet|[of] p1a: Mandibuzz
|-enditem|p1a: Mandibuzz|Rocky Helmet|[from] move: Knock Off|[of] p2a: Iron Treads
|
|upkeep
|turn|34
|
|t:|1758248946
|move|p2a: Iron Treads|Iron Head|p1a: Mandibuzz
|-damage|p1a: Mandibuzz|36/100
|move|p1a: Mandibuzz|Foul Play|p2a: Iron Treads
|-damage|p2a: Iron Treads|0 fnt
|faint|p2a: Iron Treads
|-end|p2a: Iron Treads|Quark Drive|[silent]
|
|upkeep
|
|t:|1758248953
|switch|p2a: Kyurem|Kyurem|83/100
|-ability|p2a: Kyurem|Pressure
|turn|35
|
|t:|1758248963
|move|p2a: Kyurem|Freeze-Dry|p1a: Mandibuzz
|-supereffective|p1a: Mandibuzz
|-damage|p1a: Mandibuzz|0 fnt
|faint|p1a: Mandibuzz
|
|-heal|p2a: Kyurem|89/100|[from] item: Leftovers
|upkeep
|
|t:|1758248969
|switch|p1a: Mamoswine|Mamoswine, F|40/100
|turn|36
|
|t:|1758248974
|move|p2a: Kyurem|Protect|p2a: Kyurem
|-singleturn|p2a: Kyurem|Protect
|move|p1a: Mamoswine|Earthquake|p2a: Kyurem
|-activate|p2a: Kyurem|move: Protect
|
|-heal|p2a: Kyurem|95/100|[from] item: Leftovers
|upkeep
|turn|37
|
|t:|1758248994
|move|p1a: Mamoswine|Earthquake|p2a: Kyurem
|-damage|p2a: Kyurem|23/100
|move|p2a: Kyurem|Substitute|p2a: Kyurem
|-fail|p2a: Kyurem|move: Substitute|[weak]
|
|-heal|p2a: Kyurem|29/100|[from] item: Leftovers
|upkeep
|turn|38
|
|t:|1758249011
|move|p2a: Kyurem|Protect|p2a: Kyurem
|-singleturn|p2a: Kyurem|Protect
|-activate|p1a: Mamoswine|move: Struggle
|move|p1a: Mamoswine|Struggle|p2a: Kyurem
|-activate|p2a: Kyurem|move: Protect
|
|-heal|p2a: Kyurem|35/100|[from] item: Leftovers
|upkeep
|turn|39
|
|t:|1758249027
|-activate|p1a: Mamoswine|move: Struggle
|move|p1a: Mamoswine|Struggle|p2a: Kyurem
|-damage|p2a: Kyurem|10/100
|-damage|p1a: Mamoswine|15/100|[from] recoil
|move|p2a: Kyurem|Substitute|p2a: Kyurem
|-fail|p2a: Kyurem|move: Substitute|[weak]
|
|-heal|p2a: Kyurem|16/100|[from] item: Leftovers
|upkeep
|turn|40
|
|t:|1758249037
|move|p2a: Kyurem|Protect|p2a: Kyurem
|-singleturn|p2a: Kyurem|Protect
|-activate|p1a: Mamoswine|move: Struggle
|move|p1a: Mamoswine|Struggle|p2a: Kyurem
|-activate|p2a: Kyurem|move: Protect
|
|-heal|p2a: Kyurem|22/100|[from] item: Leftovers
|upkeep
|turn|41
|
|t:|1758249049
|switch|p2a: Zamazenta|Zamazenta|100/100
|-ability|p2a: Zamazenta|Dauntless Shield|boost
|-boost|p2a: Zamazenta|def|1
|-activate|p1a: Mamoswine|move: Struggle
|move|p1a: Mamoswine|Struggle|p2a: Zamazenta
|-damage|p2a: Zamazenta|89/100
|-damage|p1a: Mamoswine|0 fnt|[from] recoil
|faint|p1a: Mamoswine
|
|-heal|p2a: Zamazenta|95/100|[from] item: Leftovers
|upkeep
|
|t:|1758249052
|switch|p1a: Slowbro|Slowbro, M|89/100
|turn|42
|
|t:|1758249066
|switch|p2a: Kyurem|Kyurem|22/100
|-ability|p2a: Kyurem|Pressure
|move|p1a: Slowbro|Trick Room|p1a: Slowbro
|-fieldstart|move: Trick Room|[of] p1a: Slowbro
|
|-heal|p2a: Kyurem|28/100|[from] item: Leftovers
|upkeep
|turn|43
|
|t:|1758249077
|move|p1a: Slowbro|Psychic|p2a: Kyurem
|-damage|p2a: Kyurem|0 fnt
|faint|p2a: Kyurem
|
|upkeep
|
|t:|1758249082
|switch|p2a: Zamazenta|Zamazenta|95/100
|turn|44
|
|t:|1758249110
|-terastallize|p2a: Zamazenta|Steel
|move|p1a: Slowbro|Psychic|p2a: Zamazenta
|-resisted|p2a: Zamazenta
|-damage|p2a: Zamazenta|77/100
|move|p2a: Zamazenta|Iron Defense|p2a: Zamazenta
|-boost|p2a: Zamazenta|def|2
|
|-heal|p2a: Zamazenta|83/100|[from] item: Leftovers
|upkeep
|turn|45
|
|t:|1758249121
|move|p1a: Slowbro|Fire Blast|p2a: Zamazenta
|-supereffective|p2a: Zamazenta
|-damage|p2a: Zamazenta|31/100
|move|p2a: Zamazenta|Iron Defense|p2a: Zamazenta
|-boost|p2a: Zamazenta|def|2
|
|-heal|p2a: Zamazenta|38/100|[from] item: Leftovers
|upkeep
|turn|46
|
|t:|1758249130
|move|p1a: Slowbro|Fire Blast|p2a: Zamazenta
|-supereffective|p2a: Zamazenta
|-damage|p2a: Zamazenta|0 fnt
|faint|p2a: Zamazenta
|
|win|will-i-am2
|raw|will-i-am2's rating: 1497 &rarr; <strong>1517</strong><br />(+20 for winning)
|raw|sora44's rating: 1501 &rarr; <strong>1481</strong><br />(-20 for losing)
|l|☆sora44
|player|p2|
|l|☆will-i-am2
|player|p1|
