|j|☆kookies&kilik
|j|☆Blazing567
|t:|1758287610
|gametype|singles
|player|p1|kookies&kilik|iris-gen5bw2|1249
|player|p2|Blazing567|265|1205
|gen|9
|tier|[Gen 9] OU
|rated|
|rule|HP Percentage Mod: HP is shown in percentages
|rule|Endless Battle Clause: Forcing endless battles is banned
|rule|Species Clause: Limit one of each Pokémon
|rule|OHKO Clause: OHKO moves are banned
|rule|Evasion Items Clause: Evasion items are banned
|rule|Evasion Moves Clause: Evasion moves are banned
|rule|Evasion Abilities Clause: Evasion abilities are banned
|rule|Sleep Moves Clause: Sleep-inducing moves are banned
|clearpoke
|poke|p1|Slither Wing|
|poke|p1|Cinderace, M|
|poke|p1|Blastoise, M|
|poke|p1|Klefki, M|
|poke|p1|Thundurus-Therian, M|
|poke|p1|Krookodile, M|
|poke|p2|Landorus-Therian, M|
|poke|p2|Dondozo, F|
|poke|p2|Kyurem|
|poke|p2|Slowking-Galar, M|
|poke|p2|Kingambit, M|
|poke|p2|Clefable, M|
|teampreview
|
|t:|1758287622
|teamsize|p1|6
|teamsize|p2|6
|start
|switch|p1a: Klefki|Klefki, M|100/100
|switch|p2a: Landorus|Landorus-Therian, M|100/100
|-ability|p2a: Landorus|Intimidate|boost
|-unboost|p1a: Klefki|atk|1
|turn|1
|
|t:|1758287628
|move|p1a: Klefki|Reflect|p1a: Klefki
|-sidestart|p1: kookies&kilik|Reflect
|move|p2a: Landorus|Earthquake|p1a: Klefki
|-supereffective|p1a: Klefki
|-damage|p1a: Klefki|57/100
|
|upkeep
|turn|2
|
|t:|1758287636
|switch|p1a: Thundurus|Thundurus-Therian, M|100/100
|move|p2a: Landorus|Swords Dance|p2a: Landorus
|-boost|p2a: Landorus|atk|2
|
|upkeep
|turn|3
|
|t:|1758287647
|move|p1a: Thundurus|Nasty Plot|p1a: Thundurus
|-boost|p1a: Thundurus|spa|2
|move|p2a: Landorus|Stone Edge|p1a: Thundurus
|-supereffective|p1a: Thundurus
|-damage|p1a: Thundurus|0 fnt
|faint|p1a: Thundurus
|
|upkeep
|
|t:|1758287654
|switch|p1a: Blastoise|Blastoise, M|100/100
|turn|4
|
|t:|1758287660
|move|p2a: Landorus|U-turn|p1a: Blastoise
|-damage|p1a: Blastoise|71/100
|inactive|Battle timer is ON: inactive players will automatically lose when time's up. (requested by kookies&kilik)
|
|t:|1758287673
|switch|p2a: Slowking|Slowking-Galar, M|100/100|[from] U-turn
|move|p1a: Blastoise|Hydro Pump|p2a: Slowking|[miss]
|-miss|p1a: Blastoise|p2a: Slowking
|
|upkeep
|turn|5
|
|t:|1758287681
|switch|p1a: Krookodile|Krookodile, M|100/100
|-ability|p1a: Krookodile|Intimidate|boost
|-unboost|p2a: Slowking|atk|1
|move|p2a: Slowking|Sludge Wave|p1a: Krookodile
|-resisted|p1a: Krookodile
|-damage|p1a: Krookodile|77/100
|
|upkeep
|turn|6
|
|t:|1758287690
|switch|p2a: Landorus|Landorus-Therian, M|100/100
|-ability|p2a: Landorus|Intimidate|boost
|-unboost|p1a: Krookodile|atk|1
|move|p1a: Krookodile|Knock Off|p2a: Landorus
|-damage|p2a: Landorus|61/100
|-enditem|p2a: Landorus|Sitrus Berry|[from] move: Knock Off|[of] p1a: Krookodile
|
|upkeep
|turn|7
|
|t:|1758287701
|switch|p1a: mighty moth|Slither Wing, shiny|100/100
|move|p2a: Landorus|U-turn|p1a: mighty moth
|-resisted|p1a: mighty moth
|-damage|p1a: mighty moth|93/100
|
|t:|1758287706
|switch|p2a: Dondozo|Dondozo, F|100/100|[from] U-turn
|
|upkeep
|turn|8
|
|t:|1758287718
|move|p1a: mighty moth|Leech Life|p2a: Dondozo
|-damage|p2a: Dondozo|78/100
|-heal|p1a: mighty moth|100/100|[from] drain|[of] p2a: Dondozo
|move|p2a: Dondozo|Liquidation|p1a: mighty moth
|-damage|p1a: mighty moth|84/100
|
|-heal|p2a: Dondozo|84/100|[from] item: Leftovers
|-sideend|p1: kookies&kilik|Reflect
|upkeep
|turn|9
|
|t:|1758287727
|move|p1a: mighty moth|Leech Life|p2a: Dondozo
|-damage|p2a: Dondozo|64/100
|-heal|p1a: mighty moth|98/100|[from] drain|[of] p2a: Dondozo
|move|p2a: Dondozo|Liquidation|p1a: mighty moth
|-damage|p1a: mighty moth|63/100
|-unboost|p1a: mighty moth|def|1
|
|-heal|p2a: Dondozo|70/100|[from] item: Leftovers
|upkeep
|turn|10
|
|t:|1758287736
|move|p1a: mighty moth|Leech Life|p2a: Dondozo
|-damage|p2a: Dondozo|48/100
|-heal|p1a: mighty moth|78/100|[from] drain|[of] p2a: Dondozo
|move|p2a: Dondozo|Liquidation|p1a: mighty moth
|-crit|p1a: mighty moth
|-damage|p1a: mighty moth|24/100
|
|-heal|p2a: Dondozo|54/100|[from] item: Leftovers
|upkeep
|turn|11
|
|t:|1758287745
|-end|p1a: mighty moth|Protosynthesis|[silent]
|switch|p1a: Klefki|Klefki, M|57/100
|move|p2a: Dondozo|Liquidation|p1a: Klefki
|-damage|p1a: Klefki|31/100
|
|-heal|p2a: Dondozo|60/100|[from] item: Leftovers
|upkeep
|turn|12
|
|t:|1758287753
|switch|p2a: Landorus|Landorus-Therian, M|61/100
|-ability|p2a: Landorus|Intimidate|boost
|-unboost|p1a: Klefki|atk|1
|move|p1a: Klefki|Reflect|p1a: Klefki
|-sidestart|p1: kookies&kilik|Reflect
|
|upkeep
|turn|13
|
|t:|1758287763
|switch|p1a: mighty moth|Slither Wing, shiny|24/100
|move|p2a: Landorus|Earthquake|p1a: mighty moth
|-resisted|p1a: mighty moth
|-damage|p1a: mighty moth|9/100
|
|upkeep
|turn|14
|
|t:|1758287770
|move|p2a: Landorus|U-turn|p1a: mighty moth
|-resisted|p1a: mighty moth
|-damage|p1a: mighty moth|2/100
|
|t:|1758287773
|switch|p2a: Dondozo|Dondozo, F|60/100|[from] U-turn
|move|p1a: mighty moth|Leech Life|p2a: Dondozo
|-damage|p2a: Dondozo|38/100
|-heal|p1a: mighty moth|17/100|[from] drain|[of] p2a: Dondozo
|
|-heal|p2a: Dondozo|44/100|[from] item: Leftovers
|upkeep
|turn|15
|
|t:|1758287778
|move|p1a: mighty moth|Leech Life|p2a: Dondozo
|-damage|p2a: Dondozo|24/100
|-heal|p1a: mighty moth|30/100|[from] drain|[of] p2a: Dondozo
|move|p2a: Dondozo|Liquidation|p1a: mighty moth
|-damage|p1a: mighty moth|14/100
|-unboost|p1a: mighty moth|def|1
|
|-heal|p2a: Dondozo|31/100|[from] item: Leftovers
|upkeep
|turn|16
|
|t:|1758287785
|-end|p1a: mighty moth|Protosynthesis|[silent]
|switch|p1a: Blastoise|Blastoise, M|71/100
|move|p2a: Dondozo|Liquidation|p1a: Blastoise
|-resisted|p1a: Blastoise
|-damage|p1a: Blastoise|62/100
|-unboost|p1a: Blastoise|def|1
|-enditem|p1a: Blastoise|White Herb
|-clearnegativeboost|p1a: Blastoise|[silent]
|
|-heal|p2a: Dondozo|37/100|[from] item: Leftovers
|upkeep
|turn|17
|
|t:|1758287799
|switch|p2a: Slowking|Slowking-Galar, M|100/100
|move|p1a: Blastoise|Shell Smash|p1a: Blastoise
|-unboost|p1a: Blastoise|def|1
|-unboost|p1a: Blastoise|spd|1
|-boost|p1a: Blastoise|atk|2
|-boost|p1a: Blastoise|spa|2
|-boost|p1a: Blastoise|spe|2
|
|upkeep
|turn|18
|
|t:|1758287809
|-terastallize|p1a: Blastoise|Water
|move|p1a: Blastoise|Hydro Pump|p2a: Slowking|[miss]
|-miss|p1a: Blastoise|p2a: Slowking
|move|p2a: Slowking|Sludge Wave|p1a: Blastoise
|-damage|p1a: Blastoise|3/100
|
|upkeep
|turn|19
|
|t:|1758287816
|move|p1a: Blastoise|Hydro Pump|p2a: Slowking
|-damage|p2a: Slowking|0 fnt
|faint|p2a: Slowking
|
|-sideend|p1: kookies&kilik|Reflect
|upkeep
|
|t:|1758287822
|switch|p2a: Kingambit|Kingambit, M|100/100
|-activate|p2a: Kingambit|ability: Supreme Overlord
|-start|p2a: Kingambit|fallen1|[silent]
|turn|20
|
|t:|1758287826
|switch|p1a: Krookodile|Krookodile, M|77/100
|-ability|p1a: Krookodile|Intimidate|boost
|-unboost|p2a: Kingambit|atk|1
|move|p2a: Kingambit|Sucker Punch||[still]
|-fail|p2a: Kingambit
|
|upkeep
|turn|21
|
|t:|1758287835
|-end|p2a: Kingambit|fallen1|[silent]
|switch|p2a: Landorus|Landorus-Therian, M|61/100
|-ability|p2a: Landorus|Intimidate|boost
|-unboost|p1a: Krookodile|atk|1
|move|p1a: Krookodile|Knock Off|p2a: Landorus
|-damage|p2a: Landorus|34/100
|
|upkeep
|turn|22
|
|t:|1758287845
|move|p1a: Krookodile|Knock Off|p2a: Landorus
|-damage|p2a: Landorus|10/100
|move|p2a: Landorus|U-turn|p1a: Krookodile
|-supereffective|p1a: Krookodile
|-damage|p1a: Krookodile|16/100
|
|t:|1758287853
|switch|p2a: Kyurem|Kyurem|100/100|[from] U-turn
|-ability|p2a: Kyurem|Pressure
|
|upkeep
|turn|23
|
|t:|1758287858
|move|p1a: Krookodile|Knock Off|p2a: Kyurem
|-damage|p2a: Kyurem|70/100
|-enditem|p2a: Kyurem|Expert Belt|[from] move: Knock Off|[of] p1a: Krookodile
|move|p2a: Kyurem|Dragon Dance|p2a: Kyurem
|-boost|p2a: Kyurem|atk|1
|-boost|p2a: Kyurem|spe|1
|
|upkeep
|turn|24
|
|t:|1758287869
|move|p1a: Krookodile|Knock Off|p2a: Kyurem
|-damage|p2a: Kyurem|49/100
|move|p2a: Kyurem|Dragon Dance|p2a: Kyurem
|-boost|p2a: Kyurem|atk|1
|-boost|p2a: Kyurem|spe|1
|
|upkeep
|turn|25
|
|t:|1758287875
|move|p2a: Kyurem|Dragon Claw|p1a: Krookodile
|-damage|p1a: Krookodile|0 fnt
|faint|p1a: Krookodile
|
|upkeep
|
|t:|1758287878
|switch|p1a: mighty moth|Slither Wing, shiny|14/100
|turn|26
|
|t:|1758287882
|move|p1a: mighty moth|First Impression|p2a: Kyurem
|-damage|p2a: Kyurem|0 fnt
|faint|p2a: Kyurem
|
|upkeep
|
|t:|1758287887
|switch|p2a: Landorus|Landorus-Therian, M|10/100
|-ability|p2a: Landorus|Intimidate|boost
|-unboost|p1a: mighty moth|atk|1
|turn|27
|
|t:|1758287892
|-end|p1a: mighty moth|Protosynthesis|[silent]
|switch|p1a: Klefki|Klefki, M|31/100
|move|p2a: Landorus|Earthquake|p1a: Klefki
|-supereffective|p1a: Klefki
|-damage|p1a: Klefki|0 fnt
|faint|p1a: Klefki
|
|upkeep
|
|t:|1758287894
|switch|p1a: mighty moth|Slither Wing, shiny|14/100
|turn|28
|
|t:|1758287905
|switch|p2a: Dondozo|Dondozo, F|37/100
|move|p1a: mighty moth|First Impression|p2a: Dondozo
|-damage|p2a: Dondozo|14/100
|
|-heal|p2a: Dondozo|20/100|[from] item: Leftovers
|upkeep
|turn|29
|
|t:|1758287913
|move|p1a: mighty moth|Leech Life|p2a: Dondozo
|-damage|p2a: Dondozo|0 fnt
|-heal|p1a: mighty moth|27/100|[from] drain|[of] p2a: Dondozo
|faint|p2a: Dondozo
|
|upkeep
|
|t:|1758287918
|switch|p2a: Landorus|Landorus-Therian, M|10/100
|-ability|p2a: Landorus|Intimidate|boost
|-unboost|p1a: mighty moth|atk|1
|turn|30
|
|t:|1758287927
|-end|p1a: mighty moth|Protosynthesis|[silent]
|switch|p1a: Blastoise|Blastoise, M, tera:Water|3/100
|move|p2a: Landorus|Earthquake|p1a: Blastoise
|-damage|p1a: Blastoise|0 fnt
|faint|p1a: Blastoise
|
|upkeep
|
|t:|1758287932
|switch|p1a: mighty moth|Slither Wing, shiny|27/100
|turn|31
|
|t:|1758287935
|switch|p2a: Clefable|Clefable, M|100/100
|move|p1a: mighty moth|First Impression|p2a: Clefable
|-resisted|p2a: Clefable
|-damage|p2a: Clefable|73/100
|
|-heal|p2a: Clefable|79/100|[from] item: Leftovers
|upkeep
|turn|32
|
|t:|1758287942
|-end|p1a: mighty moth|Protosynthesis|[silent]
|switch|p1a: Cinderace|Cinderace, M|100/100
|move|p2a: Clefable|Flamethrower|p1a: Cinderace
|-resisted|p1a: Cinderace
|-damage|p1a: Cinderace|79/100
|
|-heal|p2a: Clefable|85/100|[from] item: Leftovers
|upkeep
|turn|33
|
|t:|1758287952
|move|p1a: Cinderace|Pyro Ball|p2a: Clefable
|-damage|p2a: Clefable|24/100
|move|p2a: Clefable|Moonblast|p1a: Cinderace
|-resisted|p1a: Cinderace
|-damage|p1a: Cinderace|46/100
|
|-heal|p2a: Clefable|30/100|[from] item: Leftovers
|upkeep
|turn|34
|
|t:|1758287968
|move|p1a: Cinderace|Pyro Ball|p2a: Clefable
|-damage|p2a: Clefable|0 fnt
|faint|p2a: Clefable
|
|upkeep
|
|t:|1758287972
|switch|p2a: Landorus|Landorus-Therian, M|10/100
|-ability|p2a: Landorus|Intimidate|boost
|-unboost|p1a: Cinderace|atk|1
|turn|35
|
|t:|1758287976
|move|p1a: Cinderace|Sucker Punch|p2a: Landorus
|-start|p1a: Cinderace|typechange|Dark|[from] ability: Libero
|-damage|p2a: Landorus|0 fnt
|faint|p2a: Landorus
|
|upkeep
|
|t:|1758287981
|switch|p2a: Kingambit|Kingambit, M|100/100
|-activate|p2a: Kingambit|ability: Supreme Overlord
|-start|p2a: Kingambit|fallen5|[silent]
|turn|36
|
|t:|1758287987
|switch|p1a: mighty moth|Slither Wing, shiny|27/100
|-terastallize|p2a: Kingambit|Dark
|move|p2a: Kingambit|Sucker Punch||[still]
|-fail|p2a: Kingambit
|
|upkeep
|turn|37
|
|t:|1758287996
|move|p1a: mighty moth|First Impression|p2a: Kingambit
|-supereffective|p2a: Kingambit
|-damage|p2a: Kingambit|24/100
|move|p2a: Kingambit|Sucker Punch||[still]
|-fail|p2a: Kingambit
|
|upkeep
|turn|38
|
|t:|1758288001
|-end|p1a: mighty moth|Protosynthesis|[silent]
|switch|p1a: Cinderace|Cinderace, M|46/100
|move|p2a: Kingambit|Sucker Punch||[still]
|-fail|p2a: Kingambit
|
|upkeep
|turn|39
|-message|Blazing567 forfeited.
|
|win|kookies&kilik
|raw|kookies&amp;kilik's rating: 1249 &rarr; <strong>1271</strong><br />(+22 for winning)
|raw|Blazing567's rating: 1205 &rarr; <strong>1183</strong><br />(-22 for losing)
|l|☆Blazing567
|player|p2|
