|j|☆fengbingyuan520
|j|☆Andrewtre
|t:|1758332719
|gametype|singles
|player|p1|fengbingyuan520|170|1252
|player|p2|Andrewtre|unknown|1222
|gen|9
|tier|[Gen 9] OU
|rated|
|rule|HP Percentage Mod: HP is shown in percentages
|rule|Endless Battle Clause: Forcing endless battles is banned
|rule|Species Clause: Limit one of each Pokémon
|rule|OHKO Clause: OHKO moves are banned
|rule|Evasion Items Clause: Evasion items are banned
|rule|Evasion Moves Clause: Evasion moves are banned
|rule|Evasion Abilities Clause: Evasion abilities are banned
|rule|Sleep Moves Clause: Sleep-inducing moves are banned
|clearpoke
|poke|p1|Pecharunt|
|poke|p1|Great Tusk|
|poke|p1|Ogerpon-Wellspring, F|
|poke|p1|Iron Crown|
|poke|p1|Landorus-Therian, M|
|poke|p1|Samurott-Hisui, F|
|poke|p2|Girafarig, F|
|poke|p2|Hatterene, F|
|poke|p2|Gardevoir, M|
|poke|p2|Gengar, M|
|poke|p2|Golduck, M|
|poke|p2|Gholdengo|
|teampreview
|inactive|Battle timer is ON: inactive players will automatically lose when time's up. (requested by Andrewtre)
|
|t:|1758332737
|teamsize|p1|6
|teamsize|p2|6
|start
|switch|p1a: Landorus|Landorus-Therian, M|100/100
|switch|p2a: Golduck|Golduck, M|100/100
|-ability|p1a: Landorus|Intimidate|boost
|-unboost|p2a: Golduck|atk|1
|turn|1
|
|t:|1758332743
|switch|p1a: Ogerpon|Ogerpon-Wellspring, F|100/100
|move|p2a: Golduck|Ice Beam|p1a: Ogerpon
|-damage|p1a: Ogerpon|68/100
|-damage|p2a: Golduck|91/100|[from] item: Life Orb
|
|upkeep
|turn|2
|
|t:|1758332751
|switch|p1a: Samurott|Samurott-Hisui, F|100/100
|switch|p2a: Gholdengo|Gholdengo|100/100
|-item|p2a: Gholdengo|Air Balloon
|
|upkeep
|turn|3
|
|t:|1758332759
|move|p2a: Gholdengo|Nasty Plot|p2a: Gholdengo
|-boost|p2a: Gholdengo|spa|2
|move|p1a: Samurott|Ceaseless Edge|p2a: Gholdengo|[miss]
|-miss|p1a: Samurott|p2a: Gholdengo
|
|upkeep
|turn|4
|
|t:|1758332764
|move|p2a: Gholdengo|Shadow Ball|p1a: Samurott
|-resisted|p1a: Samurott
|-damage|p1a: Samurott|61/100
|-unboost|p1a: Samurott|spd|1
|move|p1a: Samurott|Ceaseless Edge|p2a: Gholdengo
|-supereffective|p2a: Gholdengo
|-damage|p2a: Gholdengo|0 fnt
|-enditem|p2a: Gholdengo|Air Balloon
|-sidestart|p2: Andrewtre|Spikes
|faint|p2a: Gholdengo
|
|upkeep
|
|t:|1758332778
|switch|p2a: Gardevoir|Gardevoir, M|100/100
|-damage|p2a: Gardevoir|88/100|[from] Spikes
|-ability|p2a: Gardevoir|Sharpness|Trace|[from] ability: Trace|[of] p1a: Samurott
|turn|5
|
|t:|1758332783
|switch|p1a: Pecharunt|Pecharunt|100/100
|move|p2a: Gardevoir|Trick|p1a: Pecharunt
|-activate|p2a: Gardevoir|move: Trick|[of] p1a: Pecharunt
|-item|p1a: Pecharunt|Choice Scarf|[from] move: Trick
|-item|p2a: Gardevoir|Rocky Helmet|[from] move: Trick
|
|upkeep
|turn|6
|
|t:|1758332793
|move|p1a: Pecharunt|Parting Shot|p2a: Gardevoir
|-unboost|p2a: Gardevoir|atk|1
|-unboost|p2a: Gardevoir|spa|1
|
|t:|1758332800
|switch|p1a: Iron Crown|Iron Crown|100/100|[from] Parting Shot
|move|p2a: Gardevoir|Psychic|p1a: Iron Crown
|-resisted|p1a: Iron Crown
|-damage|p1a: Iron Crown|93/100
|
|upkeep
|turn|7
|
|t:|1758332807
|move|p1a: Iron Crown|Volt Switch|p2a: Gardevoir
|-damage|p2a: Gardevoir|49/100
|
|t:|1758332811
|-end|p1a: Iron Crown|Quark Drive|[silent]
|switch|p1a: Pecharunt|Pecharunt|100/100|[from] Volt Switch
|move|p2a: Gardevoir|Trick|p1a: Pecharunt
|-activate|p2a: Gardevoir|move: Trick|[of] p1a: Pecharunt
|-item|p1a: Pecharunt|Rocky Helmet|[from] move: Trick
|-item|p2a: Gardevoir|Choice Scarf|[from] move: Trick
|
|upkeep
|turn|8
|
|t:|1758332816
|move|p2a: Gardevoir|Psychic|p1a: Pecharunt
|-supereffective|p1a: Pecharunt
|-damage|p1a: Pecharunt|40/100
|move|p1a: Pecharunt|Malignant Chain|p2a: Gardevoir
|-supereffective|p2a: Gardevoir
|-damage|p2a: Gardevoir|0 fnt
|faint|p2a: Gardevoir
|
|upkeep
|
|t:|1758332821
|switch|p2a: Gengar|Gengar, M|100/100
|-item|p2a: Gengar|Air Balloon
|turn|9
|
|t:|1758332829
|switch|p1a: Great Tusk|Great Tusk|100/100
|-enditem|p1a: Great Tusk|Booster Energy
|-activate|p1a: Great Tusk|ability: Protosynthesis|[fromitem]
|-start|p1a: Great Tusk|protosynthesisspe
|move|p2a: Gengar|Shadow Ball|p1a: Great Tusk
|-damage|p1a: Great Tusk|44/100
|
|upkeep
|turn|10
|
|t:|1758332839
|move|p1a: Great Tusk|Knock Off|p2a: Gengar
|-supereffective|p2a: Gengar
|-damage|p2a: Gengar|0 fnt
|-enditem|p2a: Gengar|Air Balloon
|faint|p2a: Gengar
|
|upkeep
|
|t:|1758332843
|switch|p2a: Golduck|Golduck, M|91/100
|-damage|p2a: Golduck|78/100|[from] Spikes
|turn|11
|
|t:|1758332847
|move|p1a: Great Tusk|Stealth Rock|p2a: Golduck
|-sidestart|p2: Andrewtre|move: Stealth Rock
|move|p2a: Golduck|Rain Dance|p2a: Golduck
|-weather|RainDance
|
|-weather|RainDance|[upkeep]
|upkeep
|turn|12
|
|t:|1758332854
|move|p2a: Golduck|Ice Beam|p1a: Great Tusk
|-supereffective|p1a: Great Tusk
|-crit|p1a: Great Tusk
|-damage|p1a: Great Tusk|0 fnt
|faint|p1a: Great Tusk
|-end|p1a: Great Tusk|Protosynthesis|[silent]
|-damage|p2a: Golduck|68/100|[from] item: Life Orb
|
|-weather|RainDance|[upkeep]
|upkeep
|
|t:|1758332860
|switch|p1a: Samurott|Samurott-Hisui, F|61/100
|turn|13
|
|t:|1758332865
|move|p2a: Golduck|Hydro Pump|p1a: Samurott
|-resisted|p1a: Samurott
|-damage|p1a: Samurott|19/100
|-damage|p2a: Golduck|58/100|[from] item: Life Orb
|move|p1a: Samurott|Ceaseless Edge|p2a: Golduck
|-damage|p2a: Golduck|0 fnt
|-sidestart|p2: Andrewtre|Spikes
|faint|p2a: Golduck
|
|-weather|RainDance|[upkeep]
|upkeep
|
|t:|1758332868
|switch|p2a: Hatterene|Hatterene, F|100/100
|-damage|p2a: Hatterene|84/100|[from] Spikes
|-damage|p2a: Hatterene|72/100|[from] Stealth Rock
|turn|14
|
|t:|1758332872
|move|p1a: Samurott|Ceaseless Edge|p2a: Hatterene
|-damage|p2a: Hatterene|17/100
|-sidestart|p2: Andrewtre|Spikes
|move|p2a: Hatterene|Trick Room|p2a: Hatterene
|-fieldstart|move: Trick Room|[of] p2a: Hatterene
|
|-weather|RainDance|[upkeep]
|upkeep
|turn|15
|
|t:|1758332876
|move|p1a: Samurott|Aqua Jet|p2a: Hatterene
|-damage|p2a: Hatterene|0 fnt
|faint|p2a: Hatterene
|
|-weather|none
|upkeep
|
|t:|1758332878
|switch|p2a: Girafarig|Girafarig, F|100/100
|-damage|p2a: Girafarig|76/100|[from] Spikes
|-damage|p2a: Girafarig|63/100|[from] Stealth Rock
|turn|16
|
|t:|1758332882
|move|p1a: Samurott|Sucker Punch|p2a: Girafarig
|-supereffective|p2a: Girafarig
|-damage|p2a: Girafarig|0 fnt
|faint|p2a: Girafarig
|
|win|fengbingyuan520
|raw|fengbingyuan520's rating: 1252 &rarr; <strong>1275</strong><br />(+23 for winning)
|raw|Andrewtre's rating: 1222 &rarr; <strong>1199</strong><br />(-23 for losing)
