|j|☆Shibuya Arc
|j|☆thisisjake
|t:|1758364583
|gametype|singles
|player|p1|Shibuya Arc|101|1637
|player|p2|thisisjake|crasherwake|1591
|gen|9
|tier|[Gen 9] OU
|rated|
|rule|HP Percentage Mod: HP is shown in percentages
|rule|Endless Battle Clause: Forcing endless battles is banned
|rule|Species Clause: Limit one of each Pokémon
|rule|OHKO Clause: OHKO moves are banned
|rule|Evasion Items Clause: Evasion items are banned
|rule|Evasion Moves Clause: Evasion moves are banned
|rule|Evasion Abilities Clause: Evasion abilities are banned
|rule|Sleep Moves Clause: Sleep-inducing moves are banned
|clearpoke
|poke|p1|Dragapult, F|
|poke|p1|Dragonite, F|
|poke|p1|Ting-Lu|
|poke|p1|Weezing-Galar, F|
|poke|p1|Iron Crown|
|poke|p1|Zapdos|
|poke|p2|Ogerpon-Wellspring, F|
|poke|p2|Cloyster, M|
|poke|p2|Ninetales-Alola, M|
|poke|p2|Polteageist|
|poke|p2|Iron Treads|
|poke|p2|Dragonite, M|
|teampreview
|inactive|Battle timer is ON: inactive players will automatically lose when time's up. (requested by thisisjake)
|
|t:|1758364592
|teamsize|p1|6
|teamsize|p2|6
|start
|switch|p1a: Iron Crown|Iron Crown|100/100
|switch|p2a: Iron Treads|Iron Treads|100/100
|-enditem|p2a: Iron Treads|Booster Energy
|-activate|p2a: Iron Treads|ability: Quark Drive|[fromitem]
|-start|p2a: Iron Treads|quarkdrivespe
|turn|1
|inactive|Shibuya Arc also wants the timer to be on.
|
|t:|1758364598
|-end|p1a: Iron Crown|Quark Drive|[silent]
|switch|p1a: Ting-Lu|Ting-Lu|100/100
|-ability|p1a: Ting-Lu|Vessel of Ruin
|move|p2a: Iron Treads|Earth Power|p1a: Ting-Lu
|-damage|p1a: Ting-Lu|86/100
|
|-heal|p1a: Ting-Lu|93/100|[from] item: Leftovers
|upkeep
|turn|2
|
|t:|1758364606
|move|p2a: Iron Treads|Stealth Rock|p1a: Ting-Lu
|-sidestart|p1: Shibuya Arc|move: Stealth Rock
|move|p1a: Ting-Lu|Ruination|p2a: Iron Treads
|-damage|p2a: Iron Treads|51/100
|
|-heal|p1a: Ting-Lu|99/100|[from] item: Leftovers
|upkeep
|turn|3
|
|t:|1758364613
|-end|p2a: Iron Treads|Quark Drive|[silent]
|switch|p2a: Ninetales|Ninetales-Alola, M|100/100
|-weather|Snowscape|[from] ability: Snow Warning|[of] p2a: Ninetales
|move|p1a: Ting-Lu|Ruination|p2a: Ninetales
|-damage|p2a: Ninetales|51/100
|
|-weather|Snowscape|[upkeep]
|-heal|p1a: Ting-Lu|100/100|[from] item: Leftovers
|upkeep
|turn|4
|
|t:|1758364620
|move|p2a: Ninetales|Aurora Veil|p2a: Ninetales
|-sidestart|p2: thisisjake|move: Aurora Veil
|move|p1a: Ting-Lu|Stealth Rock|p2a: Ninetales
|-sidestart|p2: thisisjake|move: Stealth Rock
|
|-weather|Snowscape|[upkeep]
|upkeep
|turn|5
|
|t:|1758364626
|switch|p2a: Iron Treads|Iron Treads|51/100
|-damage|p2a: Iron Treads|48/100|[from] Stealth Rock
|move|p1a: Ting-Lu|Ruination|p2a: Iron Treads
|-damage|p2a: Iron Treads|24/100
|
|-weather|Snowscape|[upkeep]
|upkeep
|turn|6
|
|t:|1758364633
|move|p2a: Iron Treads|Steel Beam|p1a: Ting-Lu
|-damage|p1a: Ting-Lu|78/100
|-damage|p2a: Iron Treads|0 fnt|[from] steelbeam
|faint|p2a: Iron Treads
|-end|p2a: Iron Treads|Quark Drive|[silent]
|move|p1a: Ting-Lu|Ruination|p2: Iron Treads|[notarget]
|-fail|p1a: Ting-Lu
|
|-weather|Snowscape|[upkeep]
|-heal|p1a: Ting-Lu|85/100|[from] item: Leftovers
|upkeep
|
|t:|1758364637
|switch|p2a: Ogerpon|Ogerpon-Wellspring, F|100/100
|-damage|p2a: Ogerpon|88/100|[from] Stealth Rock
|turn|7
|
|t:|1758364643
|move|p2a: Ogerpon|Ivy Cudgel|p1a: Ting-Lu|[anim] Ivy Cudgel Water
|-supereffective|p1a: Ting-Lu
|-crit|p1a: Ting-Lu
|-damage|p1a: Ting-Lu|0 fnt
|faint|p1a: Ting-Lu
|
|-weather|none
|upkeep
|
|t:|1758364650
|switch|p1a: Dragapult|Dragapult, F|100/100
|turn|8
|
|t:|1758364656
|move|p1a: Dragapult|Will-O-Wisp|p2a: Ogerpon|[miss]
|-miss|p1a: Dragapult|p2a: Ogerpon
|move|p2a: Ogerpon|Play Rough|p1a: Dragapult
|-supereffective|p1a: Dragapult
|-damage|p1a: Dragapult|9/100
|
|upkeep
|turn|9
|
|t:|1758364662
|move|p1a: Dragapult|Will-O-Wisp|p2a: Ogerpon
|-status|p2a: Ogerpon|brn
|move|p2a: Ogerpon|Ivy Cudgel|p1a: Dragapult|[anim] Ivy Cudgel Water
|-resisted|p1a: Dragapult
|-crit|p1a: Dragapult
|-damage|p1a: Dragapult|0 fnt
|faint|p1a: Dragapult
|
|-damage|p2a: Ogerpon|82/100 brn|[from] brn
|upkeep
|
|t:|1758364669
|switch|p1a: Dragonite|Dragonite, F|100/100
|turn|10
|
|t:|1758364676
|move|p2a: Ogerpon|Play Rough|p1a: Dragonite
|-supereffective|p1a: Dragonite
|-damage|p1a: Dragonite|83/100
|move|p1a: Dragonite|Dragon Dance|p1a: Dragonite
|-boost|p1a: Dragonite|atk|1
|-boost|p1a: Dragonite|spe|1
|
|-damage|p2a: Ogerpon|76/100 brn|[from] brn
|upkeep
|turn|11
|
|t:|1758364687
|move|p1a: Dragonite|Dragon Dance|p1a: Dragonite
|-boost|p1a: Dragonite|atk|1
|-boost|p1a: Dragonite|spe|1
|move|p2a: Ogerpon|Play Rough|p1a: Dragonite
|-supereffective|p1a: Dragonite
|-damage|p1a: Dragonite|49/100
|-unboost|p1a: Dragonite|atk|1
|
|-damage|p2a: Ogerpon|70/100 brn|[from] brn
|-sideend|p2: thisisjake|move: Aurora Veil
|upkeep
|turn|12
|
|t:|1758364694
|move|p1a: Dragonite|Roost|p1a: Dragonite
|-heal|p1a: Dragonite|99/100
|-singleturn|p1a: Dragonite|move: Roost
|move|p2a: Ogerpon|Play Rough|p1a: Dragonite
|-supereffective|p1a: Dragonite
|-damage|p1a: Dragonite|62/100
|
|-damage|p2a: Ogerpon|64/100 brn|[from] brn
|upkeep
|turn|13
|
|t:|1758364702
|move|p1a: Dragonite|Roost|p1a: Dragonite
|-heal|p1a: Dragonite|100/100
|-singleturn|p1a: Dragonite|move: Roost
|move|p2a: Ogerpon|Ivy Cudgel|p1a: Dragonite|[anim] Ivy Cudgel Water
|-resisted|p1a: Dragonite
|-damage|p1a: Dragonite|93/100
|
|-damage|p2a: Ogerpon|58/100 brn|[from] brn
|upkeep
|turn|14
|
|t:|1758364709
|move|p1a: Dragonite|Dragon Dance|p1a: Dragonite
|-boost|p1a: Dragonite|atk|1
|-boost|p1a: Dragonite|spe|1
|move|p2a: Ogerpon|Ivy Cudgel|p1a: Dragonite|[anim] Ivy Cudgel Water
|-resisted|p1a: Dragonite
|-damage|p1a: Dragonite|78/100
|
|-damage|p2a: Ogerpon|52/100 brn|[from] brn
|upkeep
|turn|15
|
|t:|1758364715
|move|p1a: Dragonite|Dragon Dance|p1a: Dragonite
|-boost|p1a: Dragonite|atk|1
|-boost|p1a: Dragonite|spe|1
|move|p2a: Ogerpon|Play Rough|p1a: Dragonite
|-supereffective|p1a: Dragonite
|-damage|p1a: Dragonite|40/100
|
|-damage|p2a: Ogerpon|46/100 brn|[from] brn
|upkeep
|turn|16
|
|t:|1758364722
|move|p1a: Dragonite|Roost|p1a: Dragonite
|-heal|p1a: Dragonite|90/100
|-singleturn|p1a: Dragonite|move: Roost
|move|p2a: Ogerpon|Play Rough|p1a: Dragonite
|-supereffective|p1a: Dragonite
|-damage|p1a: Dragonite|54/100
|
|-damage|p2a: Ogerpon|40/100 brn|[from] brn
|upkeep
|turn|17
|
|t:|1758364734
|move|p1a: Dragonite|Roost|p1a: Dragonite
|-heal|p1a: Dragonite|100/100
|-singleturn|p1a: Dragonite|move: Roost
|move|p2a: Ogerpon|Ivy Cudgel|p1a: Dragonite|[anim] Ivy Cudgel Water
|-resisted|p1a: Dragonite
|-damage|p1a: Dragonite|93/100
|
|-damage|p2a: Ogerpon|34/100 brn|[from] brn
|upkeep
|turn|18
|
|t:|1758364740
|move|p1a: Dragonite|Extreme Speed|p2a: Ogerpon
|-damage|p2a: Ogerpon|0 fnt
|faint|p2a: Ogerpon
|
|upkeep
|
|t:|1758364745
|switch|p2a: Ninetales|Ninetales-Alola, M|51/100
|-damage|p2a: Ninetales|26/100|[from] Stealth Rock
|-weather|Snowscape|[from] ability: Snow Warning|[of] p2a: Ninetales
|turn|19
|
|t:|1758364751
|-terastallize|p1a: Dragonite|Normal
|move|p1a: Dragonite|Extreme Speed|p2a: Ninetales
|-damage|p2a: Ninetales|0 fnt
|faint|p2a: Ninetales
|
|-weather|Snowscape|[upkeep]
|upkeep
|
|t:|1758364779
|switch|p2a: Polteageist|Polteageist|100/100
|-damage|p2a: Polteageist|88/100|[from] Stealth Rock
|turn|20
|
|t:|1758364786
|move|p1a: Dragonite|Earthquake|p2a: Polteageist
|-damage|p2a: Polteageist|0 fnt
|faint|p2a: Polteageist
|
|-weather|Snowscape|[upkeep]
|upkeep
|
|t:|1758364789
|switch|p2a: Cloyster|Cloyster, M|100/100
|-damage|p2a: Cloyster|76/100|[from] Stealth Rock
|turn|21
|
|t:|1758364797
|-terastallize|p2a: Cloyster|Ice
|move|p1a: Dragonite|Extreme Speed|p2a: Cloyster
|-damage|p2a: Cloyster|18/100
|move|p2a: Cloyster|Icicle Spear|p1a: Dragonite
|-damage|p1a: Dragonite|74/100
|-crit|p1a: Dragonite
|-damage|p1a: Dragonite|46/100
|-damage|p1a: Dragonite|29/100
|-damage|p1a: Dragonite|9/100
|-damage|p1a: Dragonite|0 fnt
|faint|p1a: Dragonite
|-hitcount|p1: Dragonite|5
|
|-weather|Snowscape|[upkeep]
|upkeep
|
|t:|1758364811
|switch|p1a: Zapdos|Zapdos|100/100
|turn|22
|
|t:|1758364817
|move|p2a: Cloyster|Ice Shard|p1a: Zapdos
|-supereffective|p1a: Zapdos
|-damage|p1a: Zapdos|29/100
|move|p1a: Zapdos|Volt Switch|p2a: Cloyster
|-damage|p2a: Cloyster|0 fnt
|faint|p2a: Cloyster
|
|t:|1758364826
|switch|p1a: Weezing|Weezing-Galar, F|100/100|[from] Volt Switch
|-ability|p1a: Weezing|Neutralizing Gas
|
|-weather|Snowscape|[upkeep]
|upkeep
|
|t:|1758364828
|switch|p2a: Dragonite|Dragonite, M|100/100
|turn|23
|
|t:|1758364834
|move|p2a: Dragonite|Dragon Dance|p2a: Dragonite
|-boost|p2a: Dragonite|atk|1
|-boost|p2a: Dragonite|spe|1
|move|p1a: Weezing|Will-O-Wisp|p2a: Dragonite
|-status|p2a: Dragonite|brn
|
|-weather|none
|-damage|p2a: Dragonite|94/100 brn|[from] brn
|upkeep
|turn|24
|
|t:|1758364840
|-end|p1a: Weezing|ability: Neutralizing Gas
|switch|p1a: Zapdos|Zapdos|29/100
|move|p2a: Dragonite|Dragon Dance|p2a: Dragonite
|-boost|p2a: Dragonite|atk|1
|-boost|p2a: Dragonite|spe|1
|
|-damage|p2a: Dragonite|88/100 brn|[from] brn
|upkeep
|turn|25
|
|t:|1758364850
|move|p2a: Dragonite|Dragon Dance|p2a: Dragonite
|-boost|p2a: Dragonite|atk|1
|-boost|p2a: Dragonite|spe|1
|move|p1a: Zapdos|Hurricane|p2a: Dragonite
|-damage|p2a: Dragonite|26/100 brn
|
|-damage|p2a: Dragonite|19/100 brn|[from] brn
|upkeep
|turn|26
|
|t:|1758364859
|switch|p1a: Iron Crown|Iron Crown|100/100
|-damage|p1a: Iron Crown|94/100|[from] Stealth Rock
|move|p2a: Dragonite|Ice Spinner|p1a: Iron Crown
|-resisted|p1a: Iron Crown
|-damage|p1a: Iron Crown|73/100
|
|-damage|p2a: Dragonite|13/100 brn|[from] brn
|upkeep
|turn|27
|
|t:|1758364867
|move|p2a: Dragonite|Earthquake|p1a: Iron Crown
|-supereffective|p1a: Iron Crown
|-damage|p1a: Iron Crown|0 fnt
|faint|p1a: Iron Crown
|-end|p1a: Iron Crown|Quark Drive|[silent]
|
|-damage|p2a: Dragonite|7/100 brn|[from] brn
|upkeep
|
|t:|1758364874
|switch|p1a: Zapdos|Zapdos|29/100
|turn|28
|
|t:|1758364899
|move|p2a: Dragonite|Extreme Speed|p1a: Zapdos
|-damage|p1a: Zapdos|0 fnt
|faint|p1a: Zapdos
|
|-damage|p2a: Dragonite|1/100 brn|[from] brn
|upkeep
|
|t:|1758364905
|switch|p1a: Weezing|Weezing-Galar, F|100/100
|-ability|p1a: Weezing|Neutralizing Gas
|turn|29
|
|t:|1758364913
|move|p2a: Dragonite|Earthquake|p1a: Weezing
|-supereffective|p1a: Weezing
|-damage|p1a: Weezing|35/100
|move|p1a: Weezing|Toxic Spikes|p2a: Dragonite
|-sidestart|p2: thisisjake|move: Toxic Spikes
|
|-damage|p2a: Dragonite|0 fnt|[from] brn
|faint|p2a: Dragonite
|
|win|Shibuya Arc
|raw|Shibuya Arc's rating: 1637 &rarr; <strong>1654</strong><br />(+17 for winning)
|raw|thisisjake's rating: 1591 &rarr; <strong>1574</strong><br />(-17 for losing)
|l|☆Shibuya Arc
|player|p1|
|c|☆thisisjake|gg
|l|☆thisisjake
|player|p2|
