|j|☆Euronymous12
|j|☆xiaoyaqi
|t:|1758341958
|gametype|singles
|player|p1|Euronymous12|265|1205
|player|p2|xiaoyaqi|169|1204
|gen|9
|tier|[Gen 9] OU
|rated|
|rule|HP Percentage Mod: HP is shown in percentages
|rule|Endless Battle Clause: Forcing endless battles is banned
|rule|Species Clause: Limit one of each Pokémon
|rule|OHKO Clause: OHKO moves are banned
|rule|Evasion Items Clause: Evasion items are banned
|rule|Evasion Moves Clause: Evasion moves are banned
|rule|Evasion Abilities Clause: Evasion abilities are banned
|rule|Sleep Moves Clause: Sleep-inducing moves are banned
|clearpoke
|poke|p1|Jirachi|
|poke|p1|Araquanid, F|
|poke|p1|Salamence, F|
|poke|p1|Slowbro-Galar, F|
|poke|p1|Corviknight, M|
|poke|p1|Deoxys-Speed|
|poke|p2|Ogerpon, F|
|poke|p2|Rillaboom, M|
|poke|p2|Great Tusk|
|poke|p2|Gholdengo|
|poke|p2|Moltres|
|poke|p2|Samurott-Hisui, F|
|teampreview
|inactive|Battle timer is ON: inactive players will automatically lose when time's up. (requested by xiaoyaqi)
|
|t:|1758341970
|teamsize|p1|6
|teamsize|p2|6
|start
|switch|p1a: Araquanid|Araquanid, F|100/100
|switch|p2a: Samurott|Samurott-Hisui, F|100/100
|turn|1
|
|t:|1758341984
|switch|p2a: Rillaboom|Rillaboom, M|100/100
|-fieldstart|move: Grassy Terrain|[from] ability: Grassy Surge|[of] p2a: Rillaboom
|move|p1a: Araquanid|Sticky Web|p2a: Rillaboom
|-sidestart|p2: xiaoyaqi|move: Sticky Web
|
|upkeep
|turn|2
|
|t:|1758341996
|switch|p2a: Gholdengo|Gholdengo|100/100
|-item|p2a: Gholdengo|Air Balloon
|move|p1a: Araquanid|Infestation|p2a: Gholdengo
|-resisted|p2a: Gholdengo
|-damage|p2a: Gholdengo|99/100
|-activate|p2a: Gholdengo|move: Infestation|[of] p1a: Araquanid
|-enditem|p2a: Gholdengo|Air Balloon
|
|-heal|p2a: Gholdengo|100/100|[from] Grassy Terrain
|-damage|p2a: Gholdengo|88/100|[from] move: Infestation|[partiallytrapped]
|upkeep
|turn|3
|
|t:|1758342004
|move|p2a: Gholdengo|Shadow Ball|p1a: Araquanid
|-damage|p1a: Araquanid|71/100
|-unboost|p1a: Araquanid|spd|1
|move|p1a: Araquanid|Liquidation|p2a: Gholdengo
|-damage|p2a: Gholdengo|18/100
|
|-heal|p2a: Gholdengo|24/100|[from] Grassy Terrain
|-heal|p1a: Araquanid|77/100|[from] Grassy Terrain
|-damage|p2a: Gholdengo|11/100|[from] move: Infestation|[partiallytrapped]
|upkeep
|turn|4
|
|t:|1758342011
|move|p2a: Gholdengo|Shadow Ball|p1a: Araquanid
|-damage|p1a: Araquanid|29/100
|move|p1a: Araquanid|Liquidation|p2a: Gholdengo
|-damage|p2a: Gholdengo|0 fnt
|faint|p2a: Gholdengo
|
|-heal|p1a: Araquanid|35/100|[from] Grassy Terrain
|upkeep
|
|t:|1758342018
|switch|p2a: Great Tusk|Great Tusk|100/100
|turn|5
|
|t:|1758342022
|move|p2a: Great Tusk|Rapid Spin|p1a: Araquanid
|-damage|p1a: Araquanid|10/100
|-boost|p2a: Great Tusk|spe|1
|-damage|p2a: Great Tusk|84/100|[from] item: Rocky Helmet|[of] p1a: Araquanid
|-sideend|p2: xiaoyaqi|Sticky Web|[from] move: Rapid Spin|[of] p2a: Great Tusk
|move|p1a: Araquanid|Liquidation|p2a: Great Tusk
|-supereffective|p2a: Great Tusk
|-damage|p2a: Great Tusk|4/100
|
|-heal|p2a: Great Tusk|10/100|[from] Grassy Terrain
|-heal|p1a: Araquanid|16/100|[from] Grassy Terrain
|upkeep
|turn|6
|
|t:|1758342028
|move|p2a: Great Tusk|Rapid Spin|p1a: Araquanid
|-damage|p1a: Araquanid|0 fnt
|-boost|p2a: Great Tusk|spe|1
|-damage|p2a: Great Tusk|0 fnt|[from] item: Rocky Helmet|[of] p1a: Araquanid
|faint|p1a: Araquanid
|faint|p2a: Great Tusk
|-end|p2a: Great Tusk|Protosynthesis|[silent]
|
|upkeep
|
|t:|1758342041
|switch|p2a: Samurott|Samurott-Hisui, F|100/100
|switch|p1a: Jirachi|Jirachi|100/100
|turn|7
|
|t:|1758342048
|move|p1a: Jirachi|U-turn|p2a: Samurott
|-supereffective|p2a: Samurott
|-damage|p2a: Samurott|60/100
|
|t:|1758342053
|switch|p1a: Corviknight|Corviknight, M|100/100|[from] U-turn
|move|p2a: Samurott|Ceaseless Edge|p1a: Corviknight
|-damage|p1a: Corviknight|73/100
|-damage|p2a: Samurott|44/100|[from] item: Rocky Helmet|[of] p1a: Corviknight
|-sidestart|p1: Euronymous12|Spikes
|
|-heal|p2a: Samurott|50/100|[from] Grassy Terrain
|upkeep
|turn|8
|
|t:|1758342058
|move|p2a: Samurott|Sacred Sword|p1a: Corviknight
|-damage|p1a: Corviknight|43/100
|-damage|p2a: Samurott|33/100|[from] item: Rocky Helmet|[of] p1a: Corviknight
|move|p1a: Corviknight|Body Press|p2a: Samurott
|-supereffective|p2a: Samurott
|-damage|p2a: Samurott|0 fnt
|faint|p2a: Samurott
|
|-fieldend|move: Grassy Terrain
|upkeep
|-message|xiaoyaqi forfeited.
|
|win|Euronymous12
|raw|Euronymous12's rating: 1205 &rarr; <strong>1230</strong><br />(+25 for winning)
|raw|xiaoyaqi's rating: 1204 &rarr; <strong>1179</strong><br />(-25 for losing)
|l|☆xiaoyaqi
|player|p2|
|l|☆Euronymous12
|player|p1|
