|j|☆Moreiny
|j|☆BackOut2BackIn
|t:|1758346373
|gametype|singles
|player|p1|Moreiny|102|1402
|player|p2|BackOut2BackIn|brock-gen2|1382
|gen|9
|tier|[Gen 9] OU
|rated|
|rule|HP Percentage Mod: HP is shown in percentages
|rule|Endless Battle Clause: Forcing endless battles is banned
|rule|Species Clause: Limit one of each Pokémon
|rule|OHKO Clause: OHKO moves are banned
|rule|Evasion Items Clause: Evasion items are banned
|rule|Evasion Moves Clause: Evasion moves are banned
|rule|Evasion Abilities Clause: Evasion abilities are banned
|rule|Sleep Moves Clause: Sleep-inducing moves are banned
|clearpoke
|poke|p1|Indeedee, M|
|poke|p1|Great Tusk|
|poke|p1|Iron Crown|
|poke|p1|Polteageist|
|poke|p1|Hawlucha, F|
|poke|p1|Deoxys-Speed|
|poke|p2|Iron Treads|
|poke|p2|Ogerpon-Wellspring, F|
|poke|p2|Pecharunt|
|poke|p2|Iron Crown|
|poke|p2|Cinderace, M|
|poke|p2|Darkrai|
|teampreview
|
|t:|1758346387
|teamsize|p1|6
|teamsize|p2|6
|start
|switch|p1a: Indeedee|Indeedee, M|100/100
|switch|p2a: Darkrai|Darkrai|100/100
|-fieldstart|move: Psychic Terrain|[from] ability: Psychic Surge|[of] p1a: Indeedee
|turn|1
|
|t:|1758346404
|switch|p1a: Hawlucha|Hawlucha, F|100/100
|-enditem|p1a: Hawlucha|Psychic Seed
|-boost|p1a: Hawlucha|spd|1|[from] item: Psychic Seed
|move|p2a: Darkrai|Dark Pulse|p1a: Hawlucha
|-resisted|p1a: Hawlucha
|-damage|p1a: Hawlucha|72/100
|-damage|p2a: Darkrai|91/100|[from] item: Life Orb
|
|upkeep
|turn|2
|
|t:|1758346414
|switch|p2a: Pecharunt|Pecharunt|100/100
|move|p1a: Hawlucha|Acrobatics|p2a: Pecharunt
|-crit|p2a: Pecharunt
|-damage|p2a: Pecharunt|65/100
|
|upkeep
|turn|3
|
|t:|1758346419
|-terastallize|p1a: Hawlucha|Steel
|move|p1a: Hawlucha|Swords Dance|p1a: Hawlucha
|-boost|p1a: Hawlucha|atk|2
|move|p2a: Pecharunt|Malignant Chain|p1a: Hawlucha
|-immune|p1a: Hawlucha
|
|upkeep
|turn|4
|inactive|Battle timer is ON: inactive players will automatically lose when time's up. (requested by Moreiny)
|
|t:|1758346434
|switch|p2a: Iron Crown|Iron Crown|100/100
|move|p1a: Hawlucha|Encore||[still]
|-fail|p1a: Hawlucha
|
|upkeep
|turn|5
|
|t:|1758346447
|-end|p2a: Iron Crown|Quark Drive|[silent]
|switch|p2a: Pecharunt|Pecharunt|65/100
|move|p1a: Hawlucha|Swords Dance|p1a: Hawlucha
|-boost|p1a: Hawlucha|atk|2
|
|upkeep
|turn|6
|
|t:|1758346454
|switch|p2a: Iron Crown|Iron Crown|100/100
|move|p1a: Hawlucha|Acrobatics|p2a: Iron Crown
|-resisted|p2a: Iron Crown
|-damage|p2a: Iron Crown|29/100
|-damage|p1a: Hawlucha|55/100|[from] item: Rocky Helmet|[of] p2a: Iron Crown
|
|upkeep
|turn|7
|
|t:|1758346464
|move|p1a: Hawlucha|Acrobatics|p2a: Iron Crown
|-resisted|p2a: Iron Crown
|-damage|p2a: Iron Crown|0 fnt
|-damage|p1a: Hawlucha|38/100|[from] item: Rocky Helmet|[of] p2a: Iron Crown
|faint|p2a: Iron Crown
|-end|p2a: Iron Crown|Quark Drive|[silent]
|
|upkeep
|
|t:|1758346479
|switch|p2a: Iron Treads|Iron Treads|100/100
|turn|8
|
|t:|1758346488
|move|p1a: Hawlucha|Acrobatics|p2a: Iron Treads
|-resisted|p2a: Iron Treads
|-damage|p2a: Iron Treads|39/100
|move|p2a: Iron Treads|Earthquake|p1a: Hawlucha
|-supereffective|p1a: Hawlucha
|-damage|p1a: Hawlucha|0 fnt
|faint|p1a: Hawlucha
|
|-heal|p2a: Iron Treads|45/100|[from] item: Leftovers
|-fieldend|move: Psychic Terrain
|upkeep
|
|t:|1758346493
|switch|p1a: Great Tusk|Great Tusk|100/100
|turn|9
|
|t:|1758346498
|move|p2a: Iron Treads|Stealth Rock|p1a: Great Tusk
|-sidestart|p1: Moreiny|move: Stealth Rock
|move|p1a: Great Tusk|Earthquake|p2a: Iron Treads
|-supereffective|p2a: Iron Treads
|-damage|p2a: Iron Treads|0 fnt
|faint|p2a: Iron Treads
|-end|p2a: Iron Treads|Quark Drive|[silent]
|
|upkeep
|
|t:|1758346506
|switch|p2a: Ogerpon|Ogerpon-Wellspring, F|100/100
|turn|10
|
|t:|1758346524
|-terastallize|p2a: Ogerpon|Water
|detailschange|p2a: Ogerpon|Ogerpon-Wellspring-Tera, F, tera:Water
|-ability|p2a: Ogerpon|Embody Aspect (Wellspring)|boost
|-boost|p2a: Ogerpon|spd|1
|move|p2a: Ogerpon|Ivy Cudgel|p1a: Great Tusk|[anim] Ivy Cudgel Water
|-supereffective|p1a: Great Tusk
|-damage|p1a: Great Tusk|28/100
|move|p1a: Great Tusk|Rapid Spin|p2a: Ogerpon
|-damage|p2a: Ogerpon|82/100
|-boost|p1a: Great Tusk|spe|1
|-sideend|p1: Moreiny|Stealth Rock|[from] move: Rapid Spin|[of] p1a: Great Tusk
|
|upkeep
|turn|11
|
|t:|1758346542
|-end|p1a: Great Tusk|Protosynthesis|[silent]
|switch|p1a: Indeedee|Indeedee, M|100/100
|-fieldstart|move: Psychic Terrain|[from] ability: Psychic Surge|[of] p1a: Indeedee
|move|p2a: Ogerpon|Horn Leech|p1a: Indeedee
|-damage|p1a: Indeedee|1/100
|-heal|p2a: Ogerpon|100/100|[from] drain|[of] p1a: Indeedee
|
|upkeep
|turn|12
|
|t:|1758346547
|move|p2a: Ogerpon|Spikes|p1a: Indeedee
|-sidestart|p1: Moreiny|Spikes
|move|p1a: Indeedee|Expanding Force|p2a: Ogerpon
|-damage|p2a: Ogerpon|44/100
|
|upkeep
|turn|13
|
|t:|1758346556
|move|p2a: Ogerpon|Horn Leech|p1a: Indeedee
|-damage|p1a: Indeedee|0 fnt
|-heal|p2a: Ogerpon|44/100|[from] drain|[of] p1a: Indeedee
|faint|p1a: Indeedee
|
|upkeep
|
|t:|1758346559
|switch|p1a: Deoxys|Deoxys-Speed|100/100
|-damage|p1a: Deoxys|88/100|[from] Spikes
|-ability|p1a: Deoxys|Pressure
|turn|14
|
|t:|1758346564
|move|p1a: Deoxys|Expanding Force|p2a: Ogerpon
|-damage|p2a: Ogerpon|0 fnt
|faint|p2a: Ogerpon
|detailschange|p2: Ogerpon|Ogerpon-Wellspring, F|[silent]
|
|upkeep
|
|t:|1758346573
|switch|p2a: Darkrai|Darkrai|91/100
|turn|15
|
|t:|1758346576
|move|p1a: Deoxys|Superpower|p2a: Darkrai
|-supereffective|p2a: Darkrai
|-damage|p2a: Darkrai|10/100
|-unboost|p1a: Deoxys|atk|1
|-unboost|p1a: Deoxys|def|1
|move|p2a: Darkrai|Dark Pulse|p1a: Deoxys
|-supereffective|p1a: Deoxys
|-damage|p1a: Deoxys|0 fnt
|faint|p1a: Deoxys
|-damage|p2a: Darkrai|0 fnt|[from] item: Life Orb
|faint|p2a: Darkrai
|
|upkeep
|
|t:|1758346586
|switch|p1a: Great Tusk|Great Tusk|28/100
|switch|p2a: Cinderace|Cinderace, M|100/100
|-damage|p1a: Great Tusk|15/100|[from] Spikes
|turn|16
|
|t:|1758346593
|move|p2a: Cinderace|Pyro Ball|p1a: Great Tusk
|-damage|p1a: Great Tusk|0 fnt
|faint|p1a: Great Tusk
|-end|p1a: Great Tusk|Protosynthesis|[silent]
|
|upkeep
|
|t:|1758346597
|switch|p1a: Polteageist|Polteageist|100/100
|-damage|p1a: Polteageist|88/100|[from] Spikes
|turn|17
|
|t:|1758346602
|move|p2a: Cinderace|Pyro Ball|p1a: Polteageist
|-damage|p1a: Polteageist|0 fnt
|faint|p1a: Polteageist
|
|upkeep
|
|t:|1758346604
|switch|p1a: Iron Crown|Iron Crown|100/100
|-damage|p1a: Iron Crown|88/100|[from] Spikes
|turn|18
|
|t:|1758346610
|move|p2a: Cinderace|Pyro Ball|p1a: Iron Crown
|-supereffective|p1a: Iron Crown
|-damage|p1a: Iron Crown|0 fnt
|faint|p1a: Iron Crown
|-end|p1a: Iron Crown|Quark Drive|[silent]
|
|win|BackOut2BackIn
|raw|Moreiny's rating: 1402 &rarr; <strong>1381</strong><br />(-21 for losing)
|raw|BackOut2BackIn's rating: 1382 &rarr; <strong>1403</strong><br />(+21 for winning)
|l|☆Moreiny
|player|p1|
|l|☆BackOut2BackIn
|player|p2|
