|j|☆tbw114514
|j|☆saigomm
|t:|1758372790
|gametype|singles
|player|p1|tbw114514|169|
|player|p2|saigomm|mina|
|gen|9
|tier|[Gen 9] OU
|rule|HP Percentage Mod: HP is shown in percentages
|rule|Endless Battle Clause: Forcing endless battles is banned
|rule|Species Clause: Limit one of each Pokémon
|rule|OHKO Clause: OHKO moves are banned
|rule|Evasion Items Clause: Evasion items are banned
|rule|Evasion Moves Clause: Evasion moves are banned
|rule|Evasion Abilities Clause: Evasion abilities are banned
|rule|Sleep Moves Clause: Sleep-inducing moves are banned
|clearpoke
|poke|p1|Heatran, F|
|poke|p1|Skarmory, F|
|poke|p1|Rotom-Wash|
|poke|p1|Vileplume, F|
|poke|p1|Quagsire, F|
|poke|p1|Tinkaton, F|
|poke|p2|Ninetales-Alola, F|
|poke|p2|Cetitan, F|
|poke|p2|Cloyster, M|
|poke|p2|Blissey, F|
|poke|p2|Suicune|
|poke|p2|Brambleghast, F|
|teampreview
|inactive|Battle timer is ON: inactive players will automatically lose when time's up. (requested by saigomm)
|c|☆saigomm|刚刚 选的时候是这个队 然后进来就变成那个了
|c|☆saigomm|估计是服务器卡了
|
|t:|1758372820
|teamsize|p1|6
|teamsize|p2|6
|start
|switch|p1a: 肛炎巨受|Heatran, F|100/100
|switch|p2a: Blissey|Blissey, F|100/100
|turn|1
|
|t:|1758372829
|move|p1a: 肛炎巨受|Magma Storm|p2a: Blissey|[miss]
|-miss|p1a: 肛炎巨受|p2a: Blissey
|move|p2a: Blissey|Trick|p1a: 肛炎巨受
|-activate|p2a: Blissey|move: Trick|[of] p1a: 肛炎巨受
|-item|p1a: 肛炎巨受|Flame Orb|[from] move: Trick
|-item|p2a: Blissey|Heavy-Duty Boots|[from] move: Trick
|
|upkeep
|turn|2
|
|t:|1758372843
|switch|p1a: 外翻玫瑰|Vileplume, F|100/100
|move|p2a: Blissey|Thunder Wave|p1a: 外翻玫瑰|[miss]
|-miss|p2a: Blissey|p1a: 外翻玫瑰
|
|upkeep
|turn|3
|
|t:|1758372851
|switch|p1a: 榨汁姬|Rotom-Wash|100/100
|move|p2a: Blissey|Thunder Wave|p1a: 榨汁姬
|-immune|p1a: 榨汁姬
|
|upkeep
|turn|4
|c|☆saigomm|这啥呀
|c|☆saigomm|要不要人玩游戏了？？？？
|c|☆saigomm|我今天运气就活该这么差吗
|c|☆tbw114514|我也没懂
|c|☆saigomm|为什么三把都这样
|
|t:|1758372877
|move|p1a: 榨汁姬|Pain Split|p2a: Blissey
|-sethp|p2a: Blissey|72/100|[from] move: Pain Split|[silent]
|-sethp|p1a: 榨汁姬|100/100|[from] move: Pain Split
|move|p2a: Blissey|Trick|p1a: 榨汁姬
|-activate|p2a: Blissey|move: Trick|[of] p1a: 榨汁姬
|-item|p1a: 榨汁姬|Heavy-Duty Boots|[from] move: Trick
|-item|p2a: Blissey|Leftovers|[from] move: Trick
|
|-heal|p2a: Blissey|78/100|[from] item: Leftovers
|upkeep
|turn|5
|c|☆tbw114514|没事儿我下午连着空了四次
|
|t:|1758372891
|move|p1a: 榨汁姬|Volt Switch|p2a: Blissey
|-damage|p2a: Blissey|69/100
|
|t:|1758372894
|switch|p1a: 优米尔|Tinkaton, F|100/100|[from] Volt Switch
|-ability|p1a: 优米尔|Mold Breaker
|move|p2a: Blissey|Seismic Toss|p1a: 优米尔
|-damage|p1a: 优米尔|74/100
|
|-heal|p2a: Blissey|76/100|[from] item: Leftovers
|upkeep
|turn|6
|
|t:|1758372908
|move|p1a: 优米尔|Knock Off|p2a: Blissey
|-damage|p2a: Blissey|62/100
|-enditem|p2a: Blissey|Leftovers|[from] move: Knock Off|[of] p1a: 优米尔
|move|p2a: Blissey|Thunder Wave|p1a: 优米尔
|-status|p1a: 优米尔|par
|
|upkeep
|turn|7
|
|t:|1758372926
|move|p2a: Blissey|Seismic Toss|p1a: 优米尔
|-damage|p1a: 优米尔|47/100 par
|move|p1a: 优米尔|Stealth Rock|p2a: Blissey
|-sidestart|p2: saigomm|move: Stealth Rock
|
|upkeep
|turn|8
|
|t:|1758372936
|switch|p1a: 钢铁斐济杯|Skarmory, F|100/100
|move|p2a: Blissey|Soft-Boiled|p2a: Blissey
|-heal|p2a: Blissey|100/100
|
|upkeep
|turn|9
|
|t:|1758372943
|move|p1a: 钢铁斐济杯|Body Press|p2a: Blissey
|-supereffective|p2a: Blissey
|-damage|p2a: Blissey|42/100
|move|p2a: Blissey|Trick|p1a: 钢铁斐济杯
|-activate|p2a: Blissey|move: Trick|[of] p1a: 钢铁斐济杯
|-enditem|p1a: 钢铁斐济杯|Rocky Helmet|[silent]|[from] move: Trick
|-item|p2a: Blissey|Rocky Helmet|[from] move: Trick
|
|upkeep
|turn|10
|
|t:|1758372952
|switch|p2a: Brambleghast|Brambleghast, F|100/100
|move|p1a: 钢铁斐济杯|Brave Bird|p2a: Brambleghast
|-supereffective|p2a: Brambleghast
|-damage|p2a: Brambleghast|21/100
|-damage|p1a: 钢铁斐济杯|78/100|[from] Recoil
|
|upkeep
|turn|11
|
|t:|1758372959
|switch|p1a: 外翻玫瑰|Vileplume, F|100/100
|move|p2a: Brambleghast|Strength Sap|p1a: 外翻玫瑰
|-unboost|p1a: 外翻玫瑰|atk|1
|-heal|p2a: Brambleghast|72/100
|
|upkeep
|turn|12
|
|t:|1758372971
|switch|p2a: Blissey|Blissey, F|42/100
|-damage|p2a: Blissey|30/100|[from] Stealth Rock
|move|p1a: 外翻玫瑰|Toxic|p2a: Blissey
|-status|p2a: Blissey|tox
|
|-damage|p2a: Blissey|24/100 tox|[from] psn
|upkeep
|turn|13
|
|t:|1758372978
|move|p2a: Blissey|Soft-Boiled|p2a: Blissey
|-heal|p2a: Blissey|74/100 tox
|move|p1a: 外翻玫瑰|Leech Seed|p2a: Blissey
|-start|p2a: Blissey|move: Leech Seed
|
|-damage|p2a: Blissey|61/100 tox|[from] Leech Seed|[of] p1a: 外翻玫瑰
|-damage|p2a: Blissey|49/100 tox|[from] psn
|upkeep
|turn|14
|
|t:|1758372984
|switch|p1a: 榨汁姬|Rotom-Wash|100/100
|move|p2a: Blissey|Thunder Wave|p1a: 榨汁姬
|-immune|p1a: 榨汁姬
|
|-damage|p2a: Blissey|36/100 tox|[from] Leech Seed|[of] p1a: 榨汁姬
|-damage|p2a: Blissey|18/100 tox|[from] psn
|upkeep
|turn|15
|
|t:|1758372993
|-curestatus|p2a: Blissey|tox|[from] ability: Natural Cure
|switch|p2a: Brambleghast|Brambleghast, F|72/100
|move|p1a: 榨汁姬|Thunder|p2a: Brambleghast
|-resisted|p2a: Brambleghast
|-damage|p2a: Brambleghast|39/100
|-status|p2a: Brambleghast|par
|
|upkeep
|turn|16
|
|t:|1758373006
|move|p1a: 榨汁姬|Volt Switch|p2a: Brambleghast
|-resisted|p2a: Brambleghast
|-damage|p2a: Brambleghast|20/100 par
|c|☆saigomm|我释然了
|
|t:|1758373010
|switch|p1a: 外翻玫瑰|Vileplume, F|100/100|[from] Volt Switch
|move|p2a: Brambleghast|Rapid Spin|p1a: 外翻玫瑰
|-damage|p1a: 外翻玫瑰|91/100
|-boost|p2a: Brambleghast|spe|1
|-sideend|p2: saigomm|Stealth Rock|[from] move: Rapid Spin|[of] p2a: Brambleghast
|
|upkeep
|turn|17
|c|☆saigomm|爱咋咋地吧
|
|t:|1758373020
|move|p2a: Brambleghast|Strength Sap|p1a: 外翻玫瑰
|-unboost|p1a: 外翻玫瑰|atk|1
|-heal|p2a: Brambleghast|71/100 par
|move|p1a: 外翻玫瑰|Sludge Wave|p2a: Brambleghast
|-damage|p2a: Brambleghast|13/100 par
|
|upkeep
|turn|18
|
|t:|1758373034
|move|p2a: Brambleghast|Poltergeist|p1a: 外翻玫瑰
|-activate|p1a: 外翻玫瑰|move: Poltergeist|Heavy-Duty Boots
|-damage|p1a: 外翻玫瑰|57/100
|move|p1a: 外翻玫瑰|Sludge Wave|p2a: Brambleghast
|-damage|p2a: Brambleghast|0 fnt
|faint|p2a: Brambleghast
|
|upkeep
|
|t:|1758373048
|switch|p2a: Blissey|Blissey, F|18/100
|turn|19
|
|t:|1758373053
|move|p2a: Blissey|Soft-Boiled|p2a: Blissey
|-heal|p2a: Blissey|68/100
|move|p1a: 外翻玫瑰|Leech Seed|p2a: Blissey
|-start|p2a: Blissey|move: Leech Seed
|
|-damage|p2a: Blissey|55/100|[from] Leech Seed|[of] p1a: 外翻玫瑰
|-heal|p1a: 外翻玫瑰|82/100|[silent]
|upkeep
|turn|20
|
|t:|1758373081
|switch|p2a: Ninetales|Ninetales-Alola, F|100/100
|-weather|Snowscape|[from] ability: Snow Warning|[of] p2a: Ninetales
|switch|p1a: 修女与娃娃鱼|Quagsire, F|100/100
|
|-weather|Snowscape|[upkeep]
|upkeep
|turn|21
|c|☆tbw114514|没事儿我下午被先制之爪连着触发了四次
|
|t:|1758373102
|switch|p1a: 肛炎巨受|Heatran, F|100/100
|move|p2a: Ninetales|Freeze-Dry|p1a: 肛炎巨受
|-resisted|p1a: 肛炎巨受
|-damage|p1a: 肛炎巨受|97/100
|
|-weather|Snowscape|[upkeep]
|upkeep
|turn|22
|
|t:|1758373117
|switch|p2a: Suicune|Suicune|100/100
|-ability|p2a: Suicune|Pressure
|move|p1a: 肛炎巨受|Flash Cannon|p2a: Suicune
|-resisted|p2a: Suicune
|-damage|p2a: Suicune|87/100
|
|-weather|Snowscape|[upkeep]
|-heal|p2a: Suicune|93/100|[from] item: Leftovers
|upkeep
|turn|23
|inactive|saigomm has 270 seconds left.
|
|t:|1758373136
|switch|p1a: 外翻玫瑰|Vileplume, F|82/100
|move|p2a: Suicune|Scald|p1a: 外翻玫瑰
|-resisted|p1a: 外翻玫瑰
|-damage|p1a: 外翻玫瑰|68/100
|
|-weather|Snowscape|[upkeep]
|-heal|p2a: Suicune|99/100|[from] item: Leftovers
|upkeep
|turn|24
|
|t:|1758373145
|move|p2a: Suicune|Substitute|p2a: Suicune
|-start|p2a: Suicune|Substitute
|-damage|p2a: Suicune|74/100
|move|p1a: 外翻玫瑰|Toxic||[still]
|-fail|p1a: 外翻玫瑰
|
|-weather|none
|-heal|p2a: Suicune|80/100|[from] item: Leftovers
|upkeep
|turn|25
|
|t:|1758373163
|switch|p1a: 修女与娃娃鱼|Quagsire, F|100/100
|move|p2a: Suicune|Calm Mind|p2a: Suicune
|-boost|p2a: Suicune|spa|1
|-boost|p2a: Suicune|spd|1
|
|-heal|p2a: Suicune|87/100|[from] item: Leftovers
|upkeep
|turn|26
|
|t:|1758373170
|move|p2a: Suicune|Scald|p1a: 修女与娃娃鱼
|-damage|p1a: 修女与娃娃鱼|70/100
|move|p1a: 修女与娃娃鱼|Earthquake|p2a: Suicune
|-activate|p2a: Suicune|move: Substitute|[damage]
|
|-heal|p2a: Suicune|93/100|[from] item: Leftovers
|upkeep
|turn|27
|
|t:|1758373178
|move|p2a: Suicune|Scald|p1a: 修女与娃娃鱼
|-damage|p1a: 修女与娃娃鱼|40/100
|move|p1a: 修女与娃娃鱼|Recover|p1a: 修女与娃娃鱼
|-heal|p1a: 修女与娃娃鱼|90/100
|
|-heal|p2a: Suicune|99/100|[from] item: Leftovers
|upkeep
|turn|28
|
|t:|1758373186
|move|p2a: Suicune|Scald|p1a: 修女与娃娃鱼
|-damage|p1a: 修女与娃娃鱼|62/100
|move|p1a: 修女与娃娃鱼|Earthquake|p2a: Suicune
|-end|p2a: Suicune|Substitute
|
|-heal|p2a: Suicune|100/100|[from] item: Leftovers
|upkeep
|turn|29
|
|t:|1758373201
|move|p2a: Suicune|Substitute|p2a: Suicune
|-start|p2a: Suicune|Substitute
|-damage|p2a: Suicune|75/100
|move|p1a: 修女与娃娃鱼|Recover|p1a: 修女与娃娃鱼
|-heal|p1a: 修女与娃娃鱼|100/100
|
|-heal|p2a: Suicune|82/100|[from] item: Leftovers
|upkeep
|turn|30
|c|☆saigomm|这位更是个斗篷
|
|t:|1758373206
|move|p2a: Suicune|Scald|p1a: 修女与娃娃鱼
|-damage|p1a: 修女与娃娃鱼|71/100
|-status|p1a: 修女与娃娃鱼|brn
|move|p1a: 修女与娃娃鱼|Spikes|p2a: Suicune
|-sidestart|p2: saigomm|Spikes
|
|-heal|p2a: Suicune|88/100|[from] item: Leftovers
|-damage|p1a: 修女与娃娃鱼|65/100 brn|[from] brn
|upkeep
|turn|31
|
|t:|1758373217
|move|p2a: Suicune|Calm Mind|p2a: Suicune
|-boost|p2a: Suicune|spa|1
|-boost|p2a: Suicune|spd|1
|move|p1a: 修女与娃娃鱼|Toxic Spikes|p2a: Suicune
|-sidestart|p2: saigomm|move: Toxic Spikes
|
|-heal|p2a: Suicune|94/100|[from] item: Leftovers
|-damage|p1a: 修女与娃娃鱼|59/100 brn|[from] brn
|upkeep
|turn|32
|
|t:|1758373224
|switch|p1a: 肛炎巨受|Heatran, F|97/100
|move|p2a: Suicune|Calm Mind|p2a: Suicune
|-boost|p2a: Suicune|spa|1
|-boost|p2a: Suicune|spd|1
|
|-heal|p2a: Suicune|99/100|[from] item: Leftovers
|upkeep
|turn|33
|
|t:|1758373238
|-terastallize|p1a: 肛炎巨受|Steel
|move|p2a: Suicune|Scald|p1a: 肛炎巨受
|-damage|p1a: 肛炎巨受|58/100
|-status|p1a: 肛炎巨受|brn
|move|p1a: 肛炎巨受|Taunt|p2a: Suicune
|-start|p2a: Suicune|move: Taunt
|
|-heal|p2a: Suicune|100/100|[from] item: Leftovers
|-damage|p1a: 肛炎巨受|52/100 brn|[from] brn
|upkeep
|turn|34
|
|t:|1758373247
|switch|p1a: 修女与娃娃鱼|Quagsire, F|59/100 brn
|move|p2a: Suicune|Scald|p1a: 修女与娃娃鱼
|-damage|p1a: 修女与娃娃鱼|28/100 brn
|
|-damage|p1a: 修女与娃娃鱼|22/100 brn|[from] brn
|upkeep
|turn|35
|
|t:|1758373253
|switch|p1a: 榨汁姬|Rotom-Wash|100/100
|move|p2a: Suicune|Scald|p1a: 榨汁姬
|-resisted|p1a: 榨汁姬
|-damage|p1a: 榨汁姬|67/100
|-status|p1a: 榨汁姬|brn
|
|-damage|p1a: 榨汁姬|61/100 brn|[from] brn
|upkeep
|turn|36
|
|t:|1758373260
|move|p2a: Suicune|Scald|p1a: 榨汁姬
|-resisted|p1a: 榨汁姬
|-damage|p1a: 榨汁姬|32/100 brn
|move|p1a: 榨汁姬|Pain Split||[still]
|-fail|p1a: 榨汁姬
|
|-damage|p1a: 榨汁姬|26/100 brn|[from] brn
|-end|p2a: Suicune|move: Taunt
|upkeep
|turn|37
|c|☆tbw114514|啊？
|c|☆tbw114514|居然没用吗
|c|☆tbw114514|我草
|c|☆tbw114514|第一次知道
|c|☆saigomm|是的
|c|☆tbw114514|投了投了
|-message|tbw114514 forfeited.
|
|win|saigomm
