|j|☆saibayman
|j|☆Umu Eze
|t:|1758343244
|gametype|singles
|player|p1|saibayman|265|1335
|player|p2|Umu Eze|marlon|1358
|gen|9
|tier|[Gen 9] OU
|rated|
|rule|HP Percentage Mod: HP is shown in percentages
|rule|Endless Battle Clause: Forcing endless battles is banned
|rule|Species Clause: Limit one of each Pokémon
|rule|OHKO Clause: OHKO moves are banned
|rule|Evasion Items Clause: Evasion items are banned
|rule|Evasion Moves Clause: Evasion moves are banned
|rule|Evasion Abilities Clause: Evasion abilities are banned
|rule|Sleep Moves Clause: Sleep-inducing moves are banned
|clearpoke
|poke|p1|Metagross|
|poke|p1|Great Tusk|
|poke|p1|Slowking-Galar, F|
|poke|p1|Dragapult, M|
|poke|p1|Meowscarada, M|
|poke|p1|Zapdos|
|poke|p2|Pecharunt|
|poke|p2|Vikavolt, M|
|poke|p2|Goodra-Hisui, F|
|poke|p2|Garganacl, F|
|poke|p2|Weavile, M|
|poke|p2|Great Tusk|
|teampreview
|inactive|Battle timer is ON: inactive players will automatically lose when time's up. (requested by saibayman)
|
|t:|1758343259
|teamsize|p1|6
|teamsize|p2|6
|start
|switch|p1a: Meowscarada|Meowscarada, M|100/100
|switch|p2a: Great Tusk|Great Tusk|100/100
|turn|1
|
|t:|1758343274
|-end|p2a: Great Tusk|Protosynthesis|[silent]
|switch|p2a: Pecharunt|Pecharunt|100/100
|move|p1a: Meowscarada|Flower Trick|p2a: Pecharunt
|-start|p1a: Meowscarada|typechange|Grass|[from] ability: Protean
|-resisted|p2a: Pecharunt
|-crit|p2a: Pecharunt
|-damage|p2a: Pecharunt|85/100
|
|-heal|p2a: Pecharunt|92/100|[from] item: Leftovers
|upkeep
|turn|2
|inactive|Umu Eze has 120 seconds left.
|
|t:|1758343318
|move|p1a: Meowscarada|Knock Off|p2a: Pecharunt
|-supereffective|p2a: Pecharunt
|-damage|p2a: Pecharunt|52/100
|-enditem|p2a: Pecharunt|Leftovers|[from] move: Knock Off|[of] p1a: Meowscarada
|move|p2a: Pecharunt|Hex|p1a: Meowscarada
|-damage|p1a: Meowscarada|52/100
|
|upkeep
|turn|3
|
|t:|1758343335
|switch|p1a: Metagross|Metagross, shiny|100/100
|move|p2a: Pecharunt|Recover|p2a: Pecharunt
|-heal|p2a: Pecharunt|100/100
|
|upkeep
|turn|4
|inactive|Umu Eze has 120 seconds left.
|
|t:|1758343361
|switch|p2a: Goodra|Goodra-Hisui, F|100/100
|move|p1a: Metagross|Psychic Fangs|p2a: Goodra
|-resisted|p2a: Goodra
|-damage|p2a: Goodra|82/100
|
|upkeep
|turn|5
|
|t:|1758343368
|move|p1a: Metagross|Body Press|p2a: Goodra
|-supereffective|p2a: Goodra
|-damage|p2a: Goodra|22/100
|move|p2a: Goodra|Fire Blast|p1a: Metagross
|-supereffective|p1a: Metagross
|-damage|p1a: Metagross|27/100
|
|upkeep
|turn|6
|inactive|Umu Eze has 120 seconds left.
|
|t:|1758343380
|move|p1a: Metagross|Body Press|p2a: Goodra
|-supereffective|p2a: Goodra
|-damage|p2a: Goodra|0 fnt
|faint|p2a: Goodra
|
|upkeep
|
|t:|1758343395
|switch|p2a: Great Tusk|Great Tusk|100/100
|turn|7
|
|t:|1758343400
|move|p2a: Great Tusk|Stealth Rock|p1a: Metagross
|-sidestart|p1: saibayman|move: Stealth Rock
|move|p1a: Metagross|Stealth Rock|p2a: Great Tusk
|-sidestart|p2: Umu Eze|move: Stealth Rock
|
|upkeep
|turn|8
|
|t:|1758343405
|move|p2a: Great Tusk|Rapid Spin|p1a: Metagross
|-resisted|p1a: Metagross
|-damage|p1a: Metagross|22/100
|-boost|p2a: Great Tusk|spe|1
|-damage|p2a: Great Tusk|84/100|[from] item: Rocky Helmet|[of] p1a: Metagross
|-sideend|p2: Umu Eze|Stealth Rock|[from] move: Rapid Spin|[of] p2a: Great Tusk
|move|p1a: Metagross|Psychic Fangs|p2a: Great Tusk
|-supereffective|p2a: Great Tusk
|-damage|p2a: Great Tusk|27/100
|
|upkeep
|turn|9
|inactive|Umu Eze has 120 seconds left.
|inactive|Umu Eze has 90 seconds left.
|
|t:|1758343466
|move|p2a: Great Tusk|Headlong Rush|p1a: Metagross
|-supereffective|p1a: Metagross
|-damage|p1a: Metagross|0 fnt
|-unboost|p2a: Great Tusk|def|1
|-unboost|p2a: Great Tusk|spd|1
|-damage|p2a: Great Tusk|11/100|[from] item: Rocky Helmet|[of] p1a: Metagross
|faint|p1a: Metagross
|
|upkeep
|
|t:|1758343479
|switch|p1a: Great Tusk|Great Tusk|100/100
|-damage|p1a: Great Tusk|98/100|[from] Stealth Rock
|turn|10
|inactive|Umu Eze has 60 seconds left.
|
|t:|1758343514
|-end|p2a: Great Tusk|Protosynthesis|[silent]
|switch|p2a: Pecharunt|Pecharunt|100/100
|move|p1a: Great Tusk|Rapid Spin|p2a: Pecharunt
|-immune|p2a: Pecharunt
|
|-heal|p1a: Great Tusk|100/100|[from] item: Leftovers
|upkeep
|turn|11
|inactive|Umu Eze has 60 seconds left.
|
|t:|1758343536
|switch|p2a: Vikavolt|Vikavolt, M|100/100
|-end|p1a: Great Tusk|Protosynthesis|[silent]
|switch|p1a: Slowking|Slowking-Galar, F|100/100
|-damage|p1a: Slowking|88/100|[from] Stealth Rock
|
|upkeep
|turn|12
|inactive|Umu Eze has 60 seconds left.
|
|t:|1758343559
|move|p2a: Vikavolt|Agility|p2a: Vikavolt
|-boost|p2a: Vikavolt|spe|2
|move|p1a: Slowking|Sludge Bomb|p2a: Vikavolt
|-damage|p2a: Vikavolt|29/100
|-status|p2a: Vikavolt|psn
|
|-damage|p2a: Vikavolt|17/100 psn|[from] psn
|upkeep
|turn|13
|
|t:|1758343574
|move|p2a: Vikavolt|Bug Buzz|p1a: Slowking
|-damage|p1a: Slowking|52/100
|-damage|p2a: Vikavolt|7/100 psn|[from] item: Life Orb
|move|p1a: Slowking|Sludge Bomb|p2a: Vikavolt
|-damage|p2a: Vikavolt|0 fnt
|faint|p2a: Vikavolt
|
|upkeep
|
|t:|1758343588
|switch|p2a: Great Tusk|Great Tusk|11/100
|turn|14
|
|t:|1758343598
|switch|p1a: Great Tusk|Great Tusk|100/100
|-damage|p1a: Great Tusk|98/100|[from] Stealth Rock
|move|p2a: Great Tusk|Headlong Rush|p1a: Great Tusk
|-damage|p1a: Great Tusk|68/100
|-unboost|p2a: Great Tusk|def|1
|-unboost|p2a: Great Tusk|spd|1
|
|-heal|p1a: Great Tusk|74/100|[from] item: Leftovers
|upkeep
|turn|15
|inactive|Umu Eze has 60 seconds left.
|
|t:|1758343609
|move|p2a: Great Tusk|Headlong Rush|p1a: Great Tusk
|-damage|p1a: Great Tusk|46/100
|-unboost|p2a: Great Tusk|def|1
|-unboost|p2a: Great Tusk|spd|1
|move|p1a: Great Tusk|Bulk Up|p1a: Great Tusk
|-boost|p1a: Great Tusk|atk|1
|-boost|p1a: Great Tusk|def|1
|
|-heal|p1a: Great Tusk|52/100|[from] item: Leftovers
|upkeep
|turn|16
|inactive|Umu Eze has 60 seconds left.
|
|t:|1758343648
|-end|p2a: Great Tusk|Protosynthesis|[silent]
|switch|p2a: Weavile|Weavile, M|100/100
|-ability|p2a: Weavile|Pressure
|move|p1a: Great Tusk|Rapid Spin|p2a: Weavile
|-damage|p2a: Weavile|63/100
|-boost|p1a: Great Tusk|spe|1
|-sideend|p1: saibayman|Stealth Rock|[from] move: Rapid Spin|[of] p1a: Great Tusk
|
|-heal|p1a: Great Tusk|58/100|[from] item: Leftovers
|upkeep
|turn|17
|
|t:|1758343662
|-terastallize|p1a: Great Tusk|Steel
|move|p2a: Weavile|Triple Axel|p1a: Great Tusk
|-resisted|p1a: Great Tusk
|-damage|p1a: Great Tusk|57/100
|-resisted|p1a: Great Tusk
|-damage|p1a: Great Tusk|54/100
|-hitcount|p1a: Great Tusk|2
|move|p1a: Great Tusk|Rapid Spin|p2a: Weavile
|-damage|p2a: Weavile|28/100
|-boost|p1a: Great Tusk|spe|1
|
|-heal|p1a: Great Tusk|60/100|[from] item: Leftovers
|upkeep
|turn|18
|
|t:|1758343678
|move|p1a: Great Tusk|Earthquake|p2a: Weavile
|-damage|p2a: Weavile|0 fnt
|faint|p2a: Weavile
|
|-heal|p1a: Great Tusk|66/100|[from] item: Leftovers
|upkeep
|
|t:|1758343680
|switch|p2a: Garganacl|Garganacl, F, shiny|100/100
|turn|19
|
|t:|1758343691
|-terastallize|p2a: Garganacl|Ghost
|move|p1a: Great Tusk|Earthquake|p2a: Garganacl
|-damage|p2a: Garganacl|54/100
|move|p2a: Garganacl|Iron Defense|p2a: Garganacl
|-boost|p2a: Garganacl|def|2
|
|-heal|p1a: Great Tusk|72/100|[from] item: Leftovers
|-heal|p2a: Garganacl|61/100|[from] item: Leftovers
|upkeep
|turn|20
|
|t:|1758343702
|move|p1a: Great Tusk|Earthquake|p2a: Garganacl
|-damage|p2a: Garganacl|40/100
|move|p2a: Garganacl|Salt Cure|p1a: Great Tusk
|-resisted|p1a: Great Tusk
|-damage|p1a: Great Tusk|70/100
|-start|p1a: Great Tusk|Salt Cure
|
|-heal|p1a: Great Tusk|76/100|[from] item: Leftovers
|-heal|p2a: Garganacl|47/100|[from] item: Leftovers
|-damage|p1a: Great Tusk|51/100|[from] Salt Cure
|upkeep
|turn|21
|
|t:|1758343717
|-end|p1a: Great Tusk|Protosynthesis|[silent]
|switch|p1a: Meowscarada|Meowscarada, M|52/100
|move|p2a: Garganacl|Recover|p2a: Garganacl
|-heal|p2a: Garganacl|97/100
|
|-heal|p2a: Garganacl|100/100|[from] item: Leftovers
|upkeep
|turn|22
|
|t:|1758343728
|move|p1a: Meowscarada|Knock Off|p2a: Garganacl
|-start|p1a: Meowscarada|typechange|Dark|[from] ability: Protean
|-supereffective|p2a: Garganacl
|-damage|p2a: Garganacl|61/100
|-enditem|p2a: Garganacl|Leftovers|[from] move: Knock Off|[of] p1a: Meowscarada
|move|p2a: Garganacl|Body Press|p1a: Meowscarada
|-supereffective|p1a: Meowscarada
|-damage|p1a: Meowscarada|0 fnt
|faint|p1a: Meowscarada
|
|upkeep
|
|t:|1758343746
|switch|p1a: Zapdos|Zapdos|100/100
|turn|23
|
|t:|1758343759
|move|p1a: Zapdos|Thunderbolt|p2a: Garganacl
|-damage|p2a: Garganacl|18/100
|move|p2a: Garganacl|Salt Cure|p1a: Zapdos
|-supereffective|p1a: Zapdos
|-damage|p1a: Zapdos|66/100
|-start|p1a: Zapdos|Salt Cure
|
|-damage|p1a: Zapdos|54/100|[from] Salt Cure
|upkeep
|turn|24
|
|t:|1758343772
|switch|p1a: Dragapult|Dragapult, M|100/100
|move|p2a: Garganacl|Recover|p2a: Garganacl
|-heal|p2a: Garganacl|68/100
|
|upkeep
|turn|25
|
|t:|1758343787
|move|p1a: Dragapult|Dragon Darts|p2a: Garganacl
|-damage|p2a: Garganacl|59/100
|-anim|p1a: Dragapult|Dragon Darts|p2a: Garganacl
|-damage|p2a: Garganacl|50/100
|move|p2a: Garganacl|Recover|p2a: Garganacl
|-heal|p2a: Garganacl|99/100
|
|upkeep
|turn|26
|
|t:|1758343803
|move|p1a: Dragapult|Phantom Force||[still]
|-prepare|p1a: Dragapult|Phantom Force
|move|p2a: Garganacl|Salt Cure|p1a: Dragapult|[miss]
|-miss|p2a: Garganacl|p1a: Dragapult
|
|upkeep
|turn|27
|
|t:|1758343808
|move|p1a: Dragapult|Phantom Force|p2a: Garganacl|[from] lockedmove
|-supereffective|p2a: Garganacl
|-damage|p2a: Garganacl|83/100
|move|p2a: Garganacl|Salt Cure|p1a: Dragapult
|-damage|p1a: Dragapult|81/100
|-start|p1a: Dragapult|Salt Cure
|
|-damage|p1a: Dragapult|68/100|[from] Salt Cure
|upkeep
|turn|28
|inactive|Umu Eze has 90 seconds left.
|
|t:|1758343825
|move|p1a: Dragapult|U-turn|p2a: Garganacl
|-resisted|p2a: Garganacl
|-damage|p2a: Garganacl|79/100
|
|t:|1758343828
|switch|p1a: Slowking|Slowking-Galar, F|85/100|[from] U-turn
|move|p2a: Garganacl|Iron Defense|p2a: Garganacl
|-boost|p2a: Garganacl|def|2
|
|upkeep
|turn|29
|inactive|Umu Eze has 90 seconds left.
|
|t:|1758343838
|move|p2a: Garganacl|Salt Cure|p1a: Slowking
|-damage|p1a: Slowking|70/100
|-start|p1a: Slowking|Salt Cure
|move|p1a: Slowking|Fire Blast|p2a: Garganacl
|-crit|p2a: Garganacl
|-damage|p2a: Garganacl|45/100
|
|-damage|p1a: Slowking|57/100|[from] Salt Cure
|upkeep
|turn|30
|
|t:|1758343848
|switch|p1a: Dragapult|Dragapult, M|68/100
|move|p2a: Garganacl|Recover|p2a: Garganacl
|-heal|p2a: Garganacl|95/100
|
|upkeep
|turn|31
|
|t:|1758343855
|move|p1a: Dragapult|Dragon Darts|p2a: Garganacl
|-damage|p2a: Garganacl|89/100
|-anim|p1a: Dragapult|Dragon Darts|p2a: Garganacl
|-damage|p2a: Garganacl|83/100
|move|p2a: Garganacl|Salt Cure|p1a: Dragapult
|-damage|p1a: Dragapult|48/100
|-start|p1a: Dragapult|Salt Cure
|
|-damage|p1a: Dragapult|36/100|[from] Salt Cure
|upkeep
|turn|32
|
|t:|1758343865
|move|p1a: Dragapult|U-turn|p2a: Garganacl
|-resisted|p2a: Garganacl
|-damage|p2a: Garganacl|80/100
|
|t:|1758343868
|switch|p1a: Slowking|Slowking-Galar, F|91/100|[from] U-turn
|move|p2a: Garganacl|Salt Cure|p1a: Slowking
|-damage|p1a: Slowking|75/100
|-start|p1a: Slowking|Salt Cure
|
|-damage|p1a: Slowking|63/100|[from] Salt Cure
|upkeep
|turn|33
|inactive|Umu Eze has 120 seconds left.
|
|t:|1758343891
|switch|p1a: Great Tusk|Great Tusk, tera:Steel|51/100
|move|p2a: Garganacl|Salt Cure|p1a: Great Tusk
|-resisted|p1a: Great Tusk
|-damage|p1a: Great Tusk|48/100
|-start|p1a: Great Tusk|Salt Cure
|
|-heal|p1a: Great Tusk|55/100|[from] item: Leftovers
|-damage|p1a: Great Tusk|30/100|[from] Salt Cure
|upkeep
|turn|34
|
|t:|1758343902
|-end|p1a: Great Tusk|Protosynthesis|[silent]
|switch|p1a: Slowking|Slowking-Galar, F|96/100
|move|p2a: Garganacl|Iron Defense|p2a: Garganacl
|-boost|p2a: Garganacl|def|2
|
|upkeep
|turn|35
|
|t:|1758343913
|move|p2a: Garganacl|Salt Cure|p1a: Slowking
|-damage|p1a: Slowking|82/100
|-start|p1a: Slowking|Salt Cure
|move|p1a: Slowking|Fire Blast|p2a: Garganacl
|-damage|p2a: Garganacl|57/100
|
|-damage|p1a: Slowking|70/100|[from] Salt Cure
|upkeep
|turn|36
|
|t:|1758343922
|move|p2a: Garganacl|Recover|p2a: Garganacl
|-heal|p2a: Garganacl|100/100
|move|p1a: Slowking|Fire Blast|p2a: Garganacl|[miss]
|-miss|p1a: Slowking|p2a: Garganacl
|
|-damage|p1a: Slowking|57/100|[from] Salt Cure
|upkeep
|turn|37
|
|t:|1758343931
|switch|p1a: Dragapult|Dragapult, M|36/100
|move|p2a: Garganacl|Body Press|p1a: Dragapult
|-immune|p1a: Dragapult
|
|upkeep
|turn|38
|
|t:|1758343940
|move|p1a: Dragapult|Phantom Force||[still]
|-prepare|p1a: Dragapult|Phantom Force
|move|p2a: Garganacl|Salt Cure|p1a: Dragapult|[miss]
|-miss|p2a: Garganacl|p1a: Dragapult
|
|upkeep
|turn|39
|
|t:|1758343945
|move|p1a: Dragapult|Phantom Force|p2a: Garganacl|[from] lockedmove
|-supereffective|p2a: Garganacl
|-damage|p2a: Garganacl|93/100
|move|p2a: Garganacl|Salt Cure|p1a: Dragapult
|-damage|p1a: Dragapult|18/100
|-start|p1a: Dragapult|Salt Cure
|
|-damage|p1a: Dragapult|6/100|[from] Salt Cure
|upkeep
|turn|40
|
|t:|1758343954
|move|p1a: Dragapult|U-turn|p2a: Garganacl
|-resisted|p2a: Garganacl
|-damage|p2a: Garganacl|91/100
|
|t:|1758343957
|switch|p1a: Slowking|Slowking-Galar, F|91/100|[from] U-turn
|move|p2a: Garganacl|Salt Cure|p1a: Slowking
|-damage|p1a: Slowking|75/100
|-start|p1a: Slowking|Salt Cure
|
|-damage|p1a: Slowking|63/100|[from] Salt Cure
|upkeep
|turn|41
|
|t:|1758343967
|move|p2a: Garganacl|Body Press|p1a: Slowking
|-resisted|p1a: Slowking
|-damage|p1a: Slowking|40/100
|move|p1a: Slowking|Fire Blast|p2a: Garganacl|[miss]
|-miss|p1a: Slowking|p2a: Garganacl
|
|-damage|p1a: Slowking|27/100|[from] Salt Cure
|upkeep
|turn|42
|
|t:|1758343976
|switch|p1a: Dragapult|Dragapult, M|6/100
|move|p2a: Garganacl|Salt Cure|p1a: Dragapult
|-damage|p1a: Dragapult|0 fnt
|faint|p1a: Dragapult
|
|upkeep
|
|t:|1758343984
|switch|p1a: Zapdos|Zapdos|54/100
|turn|43
|
|t:|1758343987
|move|p1a: Zapdos|Volt Switch|p2a: Garganacl
|-damage|p2a: Garganacl|55/100
|
|t:|1758343991
|switch|p1a: Slowking|Slowking-Galar, F|60/100|[from] Volt Switch
|move|p2a: Garganacl|Salt Cure|p1a: Slowking
|-damage|p1a: Slowking|46/100
|-start|p1a: Slowking|Salt Cure
|
|-damage|p1a: Slowking|33/100|[from] Salt Cure
|upkeep
|turn|44
|
|t:|1758344005
|switch|p1a: Zapdos|Zapdos|54/100
|move|p2a: Garganacl|Recover|p2a: Garganacl
|-heal|p2a: Garganacl|100/100
|
|upkeep
|turn|45
|
|t:|1758344011
|move|p1a: Zapdos|Volt Switch|p2a: Garganacl
|-damage|p2a: Garganacl|68/100
|
|t:|1758344014
|switch|p1a: Slowking|Slowking-Galar, F|67/100|[from] Volt Switch
|move|p2a: Garganacl|Salt Cure|p1a: Slowking
|-damage|p1a: Slowking|51/100
|-start|p1a: Slowking|Salt Cure
|
|-damage|p1a: Slowking|38/100|[from] Salt Cure
|upkeep
|turn|46
|
|t:|1758344024
|switch|p1a: Zapdos|Zapdos|54/100
|move|p2a: Garganacl|Body Press|p1a: Zapdos
|-resisted|p1a: Zapdos
|-damage|p1a: Zapdos|0 fnt
|faint|p1a: Zapdos
|
|upkeep
|-message|saibayman forfeited.
|
|win|Umu Eze
|raw|saibayman's rating: 1335 &rarr; <strong>1317</strong><br />(-18 for losing)
|raw|Umu Eze's rating: 1377 &rarr; <strong>1395</strong><br />(+18 for winning)
|l|☆saibayman
|player|p1|
|l|☆Umu Eze
|player|p2|
