|j|☆Pem779567 phone
|j|☆khaa636
|t:|1758273347
|gametype|singles
|player|p1|Pem779567 phone|2|1281
|player|p2|khaa636|170|1248
|gen|9
|tier|[Gen 9] OU
|rated|
|rule|HP Percentage Mod: HP is shown in percentages
|rule|Endless Battle Clause: Forcing endless battles is banned
|rule|Species Clause: Limit one of each Pokémon
|rule|OHKO Clause: OHKO moves are banned
|rule|Evasion Items Clause: Evasion items are banned
|rule|Evasion Moves Clause: Evasion moves are banned
|rule|Evasion Abilities Clause: Evasion abilities are banned
|rule|Sleep Moves Clause: Sleep-inducing moves are banned
|clearpoke
|poke|p1|Flygon, F|
|poke|p1|Entei|
|poke|p1|Mienshao, F|
|poke|p1|Vaporeon, M|
|poke|p1|Ninetales-Alola, M|
|poke|p1|Metagross|
|poke|p2|Toxapex, F|
|poke|p2|Meowscarada, F|
|poke|p2|Gholdengo|
|poke|p2|Dragonite, F|
|poke|p2|Garganacl, F|
|poke|p2|Great Tusk|
|teampreview
|inactive|Battle timer is ON: inactive players will automatically lose when time's up. (requested by khaa636)
|
|t:|1758273356
|teamsize|p1|6
|teamsize|p2|6
|start
|switch|p1a: Entei|Entei|100/100
|switch|p2a: Meowscarada|Meowscarada, F|100/100
|turn|1
|
|t:|1758273369
|switch|p2a: Garganacl|Garganacl, F|100/100
|move|p1a: Entei|Sacred Fire|p2a: Garganacl
|-resisted|p2a: Garganacl
|-damage|p2a: Garganacl|86/100
|
|upkeep
|turn|2
|
|t:|1758273377
|move|p1a: Entei|Iron Head|p2a: Garganacl
|-supereffective|p2a: Garganacl
|-damage|p2a: Garganacl|56/100
|-damage|p1a: Entei|84/100|[from] item: Rocky Helmet|[of] p2a: Garganacl
|move|p2a: Garganacl|Salt Cure|p1a: Entei
|-supereffective|p1a: Entei
|-damage|p1a: Entei|53/100
|-start|p1a: Entei|Salt Cure
|
|-heal|p1a: Entei|59/100|[from] item: Leftovers
|-damage|p1a: Entei|47/100|[from] Salt Cure
|upkeep
|turn|3
|
|t:|1758273388
|move|p1a: Entei|Iron Head|p2a: Garganacl
|-supereffective|p2a: Garganacl
|-damage|p2a: Garganacl|21/100
|-damage|p1a: Entei|30/100|[from] item: Rocky Helmet|[of] p2a: Garganacl
|move|p2a: Garganacl|Recover|p2a: Garganacl
|-heal|p2a: Garganacl|71/100
|
|-heal|p1a: Entei|36/100|[from] item: Leftovers
|-damage|p1a: Entei|24/100|[from] Salt Cure
|upkeep
|turn|4
|
|t:|1758273397
|move|p1a: Entei|Iron Head|p2a: Garganacl
|-supereffective|p2a: Garganacl
|-damage|p2a: Garganacl|40/100
|-damage|p1a: Entei|8/100|[from] item: Rocky Helmet|[of] p2a: Garganacl
|move|p2a: Garganacl|Recover|p2a: Garganacl
|-heal|p2a: Garganacl|90/100
|
|-heal|p1a: Entei|14/100|[from] item: Leftovers
|-damage|p1a: Entei|1/100|[from] Salt Cure
|upkeep
|turn|5
|
|t:|1758273411
|move|p1a: Entei|Iron Head|p2a: Garganacl
|-supereffective|p2a: Garganacl
|-damage|p2a: Garganacl|55/100
|-damage|p1a: Entei|0 fnt|[from] item: Rocky Helmet|[of] p2a: Garganacl
|faint|p1a: Entei
|cant|p2a: Garganacl|flinch
|
|upkeep
|
|t:|1758273425
|switch|p1a: Metagross|Metagross|100/100
|turn|6
|
|t:|1758273428
|move|p1a: Metagross|Meteor Mash|p2a: Garganacl
|-supereffective|p2a: Garganacl
|-damage|p2a: Garganacl|0 fnt
|-damage|p1a: Metagross|84/100|[from] item: Rocky Helmet|[of] p2a: Garganacl
|faint|p2a: Garganacl
|
|upkeep
|
|t:|1758273436
|switch|p2a: Great Tusk|Great Tusk|100/100
|turn|7
|
|t:|1758273447
|move|p2a: Great Tusk|Rapid Spin|p1a: Metagross
|-resisted|p1a: Metagross
|-crit|p1a: Metagross
|-damage|p1a: Metagross|72/100
|-boost|p2a: Great Tusk|spe|1
|move|p1a: Metagross|Ice Punch|p2a: Great Tusk
|-supereffective|p2a: Great Tusk
|-damage|p2a: Great Tusk|58/100
|
|upkeep
|turn|8
|
|t:|1758273455
|move|p2a: Great Tusk|Knock Off|p1a: Metagross
|-supereffective|p1a: Metagross
|-damage|p1a: Metagross|13/100
|-enditem|p1a: Metagross|Weakness Policy
|-boost|p1a: Metagross|atk|2|[from] item: Weakness Policy
|-boost|p1a: Metagross|spa|2|[from] item: Weakness Policy
|move|p1a: Metagross|Meteor Mash|p2a: Great Tusk|[miss]
|-miss|p1a: Metagross|p2a: Great Tusk
|
|upkeep
|turn|9
|
|t:|1758273469
|move|p1a: Metagross|Bullet Punch|p2a: Great Tusk
|-damage|p2a: Great Tusk|25/100
|move|p2a: Great Tusk|Knock Off|p1a: Metagross
|-supereffective|p1a: Metagross
|-damage|p1a: Metagross|0 fnt
|faint|p1a: Metagross
|
|upkeep
|
|t:|1758273476
|switch|p1a: Mienshao|Mienshao, F|100/100
|turn|10
|
|t:|1758273481
|move|p1a: Mienshao|Fake Out|p2a: Great Tusk
|-damage|p2a: Great Tusk|15/100
|cant|p2a: Great Tusk|flinch
|
|upkeep
|turn|11
|
|t:|1758273490
|move|p2a: Great Tusk|Knock Off|p1a: Mienshao
|-resisted|p1a: Mienshao
|-damage|p1a: Mienshao|66/100
|-enditem|p1a: Mienshao|Focus Sash|[from] move: Knock Off|[of] p2a: Great Tusk
|move|p1a: Mienshao|Close Combat|p2a: Great Tusk
|-damage|p2a: Great Tusk|0 fnt
|-unboost|p1a: Mienshao|def|1
|-unboost|p1a: Mienshao|spd|1
|faint|p2a: Great Tusk
|-end|p2a: Great Tusk|Protosynthesis|[silent]
|
|upkeep
|
|t:|1758273500
|switch|p2a: Toxapex|Toxapex, F|100/100
|turn|12
|
|t:|1758273502
|move|p1a: Mienshao|Knock Off|p2a: Toxapex
|-damage|p2a: Toxapex|75/100
|-enditem|p2a: Toxapex|Leftovers|[from] move: Knock Off|[of] p1a: Mienshao
|move|p2a: Toxapex|Toxic|p1a: Mienshao
|-status|p1a: Mienshao|tox
|
|-damage|p1a: Mienshao|60/100 tox|[from] psn
|upkeep
|turn|13
|
|t:|1758273510
|move|p1a: Mienshao|Close Combat|p2a: Toxapex
|-resisted|p2a: Toxapex
|-damage|p2a: Toxapex|50/100
|-unboost|p1a: Mienshao|def|1
|-unboost|p1a: Mienshao|spd|1
|move|p2a: Toxapex|Infestation|p1a: Mienshao
|-resisted|p1a: Mienshao
|-damage|p1a: Mienshao|55/100 tox
|-activate|p1a: Mienshao|move: Infestation|[of] p2a: Toxapex
|
|-damage|p1a: Mienshao|43/100 tox|[from] psn
|-damage|p1a: Mienshao|31/100 tox|[from] move: Infestation|[partiallytrapped]
|upkeep
|turn|14
|
|t:|1758273520
|move|p2a: Toxapex|Baneful Bunker|p2a: Toxapex
|-singleturn|p2a: Toxapex|move: Protect
|move|p1a: Mienshao|Close Combat|p2a: Toxapex
|-activate|p2a: Toxapex|move: Protect
|
|-damage|p1a: Mienshao|13/100 tox|[from] psn
|-damage|p1a: Mienshao|1/100 tox|[from] move: Infestation|[partiallytrapped]
|upkeep
|turn|15
|
|t:|1758273529
|switch|p2a: Gholdengo|Gholdengo|100/100
|move|p1a: Mienshao|Close Combat|p2a: Gholdengo
|-immune|p2a: Gholdengo
|
|-damage|p1a: Mienshao|0 fnt|[from] psn
|faint|p1a: Mienshao
|upkeep
|
|t:|1758273542
|switch|p1a: Flygon|Flygon, F|100/100
|turn|16
|
|t:|1758273547
|switch|p2a: Dragonite|Dragonite, F|100/100
|move|p1a: Flygon|Dragon Dance|p1a: Flygon
|-boost|p1a: Flygon|atk|1
|-boost|p1a: Flygon|spe|1
|
|upkeep
|turn|17
|
|t:|1758273552
|move|p1a: Flygon|Dragon Claw|p2a: Dragonite
|-supereffective|p2a: Dragonite
|-damage|p2a: Dragonite|45/100
|move|p2a: Dragonite|Dragon Dance|p2a: Dragonite
|-boost|p2a: Dragonite|atk|1
|-boost|p2a: Dragonite|spe|1
|
|upkeep
|turn|18
|
|t:|1758273563
|-terastallize|p2a: Dragonite|Normal
|move|p1a: Flygon|Dragon Claw|p2a: Dragonite
|-damage|p2a: Dragonite|0 fnt
|faint|p2a: Dragonite
|
|upkeep
|
|t:|1758273570
|switch|p2a: Toxapex|Toxapex, F|83/100
|turn|19
|
|t:|1758273575
|move|p1a: Flygon|Thunder Punch|p2a: Toxapex
|-supereffective|p2a: Toxapex
|-damage|p2a: Toxapex|30/100
|move|p2a: Toxapex|Toxic|p1a: Flygon
|-status|p1a: Flygon|tox
|
|-damage|p1a: Flygon|95/100 tox|[from] psn
|upkeep
|turn|20
|
|t:|1758273583
|move|p2a: Toxapex|Baneful Bunker|p2a: Toxapex
|-singleturn|p2a: Toxapex|move: Protect
|move|p1a: Flygon|Dragon Dance|p1a: Flygon
|-boost|p1a: Flygon|atk|1
|-boost|p1a: Flygon|spe|1
|
|-damage|p1a: Flygon|83/100 tox|[from] psn
|upkeep
|turn|21
|
|t:|1758273590
|move|p1a: Flygon|Thunder Punch|p2a: Toxapex
|-supereffective|p2a: Toxapex
|-damage|p2a: Toxapex|0 fnt
|faint|p2a: Toxapex
|
|-damage|p1a: Flygon|65/100 tox|[from] psn
|upkeep
|
|t:|1758273596
|switch|p2a: Gholdengo|Gholdengo|100/100
|turn|22
|
|t:|1758273600
|switch|p2a: Meowscarada|Meowscarada, F|100/100
|move|p1a: Flygon|Earthquake|p2a: Meowscarada
|-resisted|p2a: Meowscarada
|-damage|p2a: Meowscarada|38/100
|
|-damage|p1a: Flygon|41/100 tox|[from] psn
|upkeep
|turn|23
|
|t:|1758273608
|move|p1a: Flygon|Earthquake|p2a: Meowscarada
|-resisted|p2a: Meowscarada
|-damage|p2a: Meowscarada|0 fnt
|faint|p2a: Meowscarada
|
|-damage|p1a: Flygon|11/100 tox|[from] psn
|upkeep
|
|t:|1758273613
|switch|p2a: Gholdengo|Gholdengo|100/100
|turn|24
|
|t:|1758273618
|move|p1a: Flygon|Earthquake|p2a: Gholdengo
|-supereffective|p2a: Gholdengo
|-damage|p2a: Gholdengo|0 fnt
|faint|p2a: Gholdengo
|
|win|Pem779567 phone
|raw|Pem779567 phone's rating: 1281 &rarr; <strong>1304</strong><br />(+23 for winning)
|raw|khaa636's rating: 1248 &rarr; <strong>1225</strong><br />(-23 for losing)
|l|☆khaa636
|player|p2|
|l|☆Pem779567 phone
|player|p1|
