|j|☆poketrep
|j|‽DuckZruleZ
|t:|1758258953
|gametype|singles
|player|p1|poketrep|swimmerf|1427
|player|p2|DuckZruleZ|101|1372
|gen|9
|tier|[Gen 9] OU
|rated|
|rule|HP Percentage Mod: HP is shown in percentages
|rule|Endless Battle Clause: Forcing endless battles is banned
|rule|Species Clause: Limit one of each Pokémon
|rule|OHKO Clause: OHKO moves are banned
|rule|Evasion Items Clause: Evasion items are banned
|rule|Evasion Moves Clause: Evasion moves are banned
|rule|Evasion Abilities Clause: Evasion abilities are banned
|rule|Sleep Moves Clause: Sleep-inducing moves are banned
|clearpoke
|poke|p1|Heatran, M|
|poke|p1|Mandibuzz, F|
|poke|p1|Iron Valiant|
|poke|p1|Latios, M|
|poke|p1|Conkeldurr, M|
|poke|p1|Garchomp, F|
|poke|p2|Primarina, M|
|poke|p2|Pecharunt|
|poke|p2|Great Tusk|
|poke|p2|Garganacl, F|
|poke|p2|Samurott-Hisui, F|
|poke|p2|Iron Crown|
|teampreview
|inactive|Battle timer is ON: inactive players will automatically lose when time's up. (requested by DuckZruleZ)
|inactive|poketrep has 120 seconds left.
|l|☆poketrep
|inactive|poketrep disconnected and has a minute to reconnect!
|player|p1|
|j|☆poketrep
|inactive|poketrep reconnected and has 90 seconds left.
|player|p1|poketrep|swimmerf|
|
|t:|1758259033
|teamsize|p1|6
|teamsize|p2|6
|start
|switch|p1a: Cronk|Conkeldurr, M|100/100
|switch|p2a: Garganacl|Garganacl, F|100/100
|turn|1
|
|t:|1758259042
|switch|p2a: Pecharunt|Pecharunt|100/100
|move|p1a: Cronk|Drain Punch|p2a: Pecharunt
|-immune|p2a: Pecharunt
|
|upkeep
|turn|2
|
|t:|1758259050
|move|p2a: Pecharunt|Malignant Chain|p1a: Cronk
|-damage|p1a: Cronk|73/100
|move|p1a: Cronk|Knock Off|p2a: Pecharunt
|-supereffective|p2a: Pecharunt
|-damage|p2a: Pecharunt|57/100
|-damage|p1a: Cronk|57/100|[from] item: Rocky Helmet|[of] p2a: Pecharunt
|-enditem|p2a: Pecharunt|Rocky Helmet|[from] move: Knock Off|[of] p1a: Cronk
|
|upkeep
|turn|3
|
|t:|1758259057
|switch|p1a: Turd|Heatran, M|100/100
|move|p2a: Pecharunt|Recover|p2a: Pecharunt
|-heal|p2a: Pecharunt|100/100
|
|upkeep
|turn|4
|
|t:|1758259060
|move|p2a: Pecharunt|Parting Shot|p1a: Turd
|-unboost|p1a: Turd|atk|1
|-unboost|p1a: Turd|spa|1
|
|t:|1758259065
|switch|p2a: Samurott|Samurott-Hisui, F|100/100|[from] Parting Shot
|move|p1a: Turd|Magma Storm|p2a: Samurott
|-resisted|p2a: Samurott
|-damage|p2a: Samurott|79/100
|-activate|p2a: Samurott|move: Magma Storm|[of] p1a: Turd
|
|-damage|p2a: Samurott|66/100|[from] move: Magma Storm|[partiallytrapped]
|upkeep
|turn|5
|inactive|poketrep has 120 seconds left.
|
|t:|1758259117
|switch|p1a: Spike|Garchomp, F|100/100
|move|p2a: Samurott|Ceaseless Edge|p1a: Spike
|-damage|p1a: Spike|61/100
|-damage|p2a: Samurott|54/100|[from] ability: Rough Skin|[of] p1a: Spike
|-damage|p2a: Samurott|37/100|[from] item: Rocky Helmet|[of] p1a: Spike
|-sidestart|p1: poketrep|Spikes
|-damage|p2a: Samurott|27/100|[from] item: Life Orb
|
|-end|p2a: Samurott|Magma Storm|[partiallytrapped]|[silent]
|upkeep
|turn|6
|
|t:|1758259130
|switch|p2a: Primarina|Primarina, M|100/100
|move|p1a: Spike|Stealth Rock|p2a: Primarina
|-sidestart|p2: DuckZruleZ|move: Stealth Rock
|
|upkeep
|turn|7
|inactive|poketrep has 90 seconds left.
|inactive|poketrep has 60 seconds left.
|
|t:|1758259181
|move|p1a: Spike|Stealth Rock||[still]
|-fail|p1a: Spike
|move|p2a: Primarina|Hydro Pump|p1a: Spike
|-damage|p1a: Spike|15/100
|
|upkeep
|turn|8
|
|t:|1758259188
|move|p1a: Spike|Earthquake|p2a: Primarina
|-damage|p2a: Primarina|62/100
|move|p2a: Primarina|Hydro Pump|p1a: Spike
|-damage|p1a: Spike|0 fnt
|faint|p1a: Spike
|
|-heal|p2a: Primarina|68/100|[from] item: Leftovers
|upkeep
|
|t:|1758259202
|switch|p1a: Brrrrrrrr|Latios, M|100/100
|turn|9
|
|t:|1758259206
|move|p1a: Brrrrrrrr|Luster Purge|p2a: Primarina
|-damage|p2a: Primarina|6/100
|-unboost|p2a: Primarina|spd|1
|move|p2a: Primarina|Calm Mind|p2a: Primarina
|-boost|p2a: Primarina|spa|1
|-boost|p2a: Primarina|spd|1
|
|-heal|p2a: Primarina|12/100|[from] item: Leftovers
|upkeep
|turn|10
|
|t:|1758259210
|move|p1a: Brrrrrrrr|Luster Purge|p2a: Primarina
|-damage|p2a: Primarina|0 fnt
|faint|p2a: Primarina
|
|upkeep
|
|t:|1758259212
|switch|p2a: Samurott|Samurott-Hisui, F|27/100
|-damage|p2a: Samurott|15/100|[from] Stealth Rock
|turn|11
|
|t:|1758259218
|switch|p1a: Mandby|Mandibuzz, F|100/100
|move|p2a: Samurott|Sucker Punch||[still]
|-fail|p2a: Samurott
|
|upkeep
|turn|12
|inactive|poketrep has 90 seconds left.
|inactive|poketrep has 60 seconds left.
|inactive|poketrep has 30 seconds left.
|inactive|poketrep has 20 seconds left.
|inactive|poketrep has 15 seconds left.
|inactive|poketrep has 10 seconds left.
|
|t:|1758259317
|move|p2a: Samurott|Ceaseless Edge|p1a: Mandby
|-resisted|p1a: Mandby
|-damage|p1a: Mandby|82/100
|-sidestart|p1: poketrep|Spikes
|-damage|p2a: Samurott|5/100|[from] item: Life Orb
|move|p1a: Mandby|U-turn|p2a: Samurott
|-supereffective|p2a: Samurott
|-damage|p2a: Samurott|0 fnt
|faint|p2a: Samurott
|inactive|poketrep has 15 seconds left this turn.
|inactive|poketrep has 10 seconds left.
|
|t:|1758259324
|switch|p1a: Brrrrrrrr|Latios, M|100/100|[from] U-turn
|
|upkeep
|
|t:|1758259349
|switch|p2a: Iron Crown|Iron Crown|100/100
|-damage|p2a: Iron Crown|94/100|[from] Stealth Rock
|-enditem|p2a: Iron Crown|Booster Energy
|-activate|p2a: Iron Crown|ability: Quark Drive|[fromitem]
|-start|p2a: Iron Crown|quarkdrivespe
|turn|13
|inactive|poketrep has 25 seconds left this turn.
|inactive|poketrep has 20 seconds left.
|
|t:|1758259357
|switch|p1a: Turd|Heatran, M|100/100
|-damage|p1a: Turd|84/100|[from] Spikes
|move|p2a: Iron Crown|Calm Mind|p2a: Iron Crown
|-boost|p2a: Iron Crown|spa|1
|-boost|p2a: Iron Crown|spd|1
|
|-heal|p1a: Turd|90/100|[from] item: Leftovers
|upkeep
|turn|14
|inactive|poketrep has 30 seconds left this turn.
|
|t:|1758259361
|move|p2a: Iron Crown|Focus Blast|p1a: Turd
|-supereffective|p1a: Turd
|-damage|p1a: Turd|29/100
|move|p1a: Turd|Magma Storm|p2a: Iron Crown
|-supereffective|p2a: Iron Crown
|-damage|p2a: Iron Crown|46/100
|-activate|p2a: Iron Crown|move: Magma Storm|[of] p1a: Turd
|
|-heal|p1a: Turd|36/100|[from] item: Leftovers
|-damage|p2a: Iron Crown|33/100|[from] move: Magma Storm|[partiallytrapped]
|upkeep
|turn|15
|inactive|poketrep has 30 seconds left.
|
|t:|1758259373
|move|p2a: Iron Crown|Focus Blast|p1a: Turd
|-supereffective|p1a: Turd
|-damage|p1a: Turd|0 fnt
|faint|p1a: Turd
|
|-end|p2a: Iron Crown|Magma Storm|[partiallytrapped]|[silent]
|upkeep
|inactive|poketrep has 30 seconds left.
|inactive|poketrep has 20 seconds left.
|
|t:|1758259390
|switch|p1a: Mandby|Mandibuzz, F|82/100
|turn|16
|inactive|poketrep has 30 seconds left this turn.
|inactive|poketrep has 20 seconds left.
|
|t:|1758259401
|-terastallize|p2a: Iron Crown|Steel
|move|p2a: Iron Crown|Tachyon Cutter|p1a: Mandby
|-damage|p1a: Mandby|47/100
|-damage|p1a: Mandby|15/100
|-hitcount|p1a: Mandby|2
|move|p1a: Mandby|Foul Play|p2a: Iron Crown
|-damage|p2a: Iron Crown|16/100
|
|upkeep
|turn|17
|inactive|poketrep has 30 seconds left this turn.
|
|t:|1758259410
|move|p2a: Iron Crown|Tachyon Cutter|p1a: Mandby
|-damage|p1a: Mandby|0 fnt
|faint|p1a: Mandby
|-hitcount|p1: Mandby|1
|
|upkeep
|inactive|poketrep has 30 seconds left this turn.
|inactive|poketrep has 20 seconds left.
|inactive|poketrep has 15 seconds left.
|
|t:|1758259427
|switch|p1a: Justice|Iron Valiant|100/100
|-damage|p1a: Justice|84/100|[from] Spikes
|-enditem|p1a: Justice|Booster Energy
|-activate|p1a: Justice|ability: Quark Drive|[fromitem]
|-start|p1a: Justice|quarkdrivespe
|turn|18
|inactive|poketrep has 25 seconds left this turn.
|inactive|poketrep has 20 seconds left.
|
|t:|1758259434
|move|p1a: Justice|Close Combat|p2a: Iron Crown
|-supereffective|p2a: Iron Crown
|-damage|p2a: Iron Crown|0 fnt
|-unboost|p1a: Justice|def|1
|-unboost|p1a: Justice|spd|1
|faint|p2a: Iron Crown
|-end|p2a: Iron Crown|Quark Drive|[silent]
|
|upkeep
|
|t:|1758259438
|switch|p2a: Pecharunt|Pecharunt|100/100
|-damage|p2a: Pecharunt|88/100|[from] Stealth Rock
|turn|19
|inactive|poketrep has 30 seconds left.
|inactive|poketrep has 20 seconds left.
|inactive|poketrep has 15 seconds left.
|inactive|poketrep has 10 seconds left.
|inactive|poketrep has 5 seconds left.
|
|t:|1758259472
|-end|p1a: Justice|Quark Drive|[silent]
|switch|p1a: Cronk|Conkeldurr, M|57/100
|-damage|p1a: Cronk|40/100|[from] Spikes
|move|p2a: Pecharunt|Malignant Chain|p1a: Cronk
|-damage|p1a: Cronk|14/100
|-status|p1a: Cronk|tox
|-start|p1a: Cronk|confusion|[from] ability: Poison Puppeteer|[of] p2a: Pecharunt
|
|-damage|p1a: Cronk|8/100 tox|[from] psn
|upkeep
|turn|20
|inactive|poketrep has 15 seconds left this turn.
|inactive|poketrep has 10 seconds left.
|
|t:|1758259483
|move|p2a: Pecharunt|Recover|p2a: Pecharunt
|-heal|p2a: Pecharunt|100/100
|-activate|p1a: Cronk|confusion
|move|p1a: Cronk|Knock Off|p2a: Pecharunt
|-supereffective|p2a: Pecharunt
|-damage|p2a: Pecharunt|58/100
|
|-damage|p1a: Cronk|0 fnt|[from] psn
|faint|p1a: Cronk
|upkeep
|inactive|poketrep has 15 seconds left this turn.
|inactive|poketrep has 10 seconds left.
|
|t:|1758259492
|switch|p1a: Brrrrrrrr|Latios, M|100/100
|turn|21
|inactive|poketrep has 20 seconds left this turn.
|
|t:|1758259496
|move|p1a: Brrrrrrrr|Luster Purge|p2a: Pecharunt
|-supereffective|p2a: Pecharunt
|-damage|p2a: Pecharunt|0 fnt
|faint|p2a: Pecharunt
|
|upkeep
|
|t:|1758259498
|switch|p2a: Garganacl|Garganacl, F|100/100
|-damage|p2a: Garganacl|88/100|[from] Stealth Rock
|turn|22
|inactive|poketrep has 30 seconds left.
|
|t:|1758259506
|move|p1a: Brrrrrrrr|Luster Purge|p2a: Garganacl
|-damage|p2a: Garganacl|36/100
|-unboost|p2a: Garganacl|spd|1
|move|p2a: Garganacl|Salt Cure|p1a: Brrrrrrrr
|-damage|p1a: Brrrrrrrr|80/100
|-start|p1a: Brrrrrrrr|Salt Cure
|
|-heal|p2a: Garganacl|42/100|[from] item: Leftovers
|-damage|p1a: Brrrrrrrr|67/100|[from] Salt Cure
|upkeep
|turn|23
|-message|DuckZruleZ forfeited.
|
|win|poketrep
|raw|poketrep's rating: 1427 &rarr; <strong>1444</strong><br />(+17 for winning)
|raw|DuckZruleZ's rating: 1372 &rarr; <strong>1355</strong><br />(-17 for losing)
|l|‽DuckZruleZ
|player|p2|
