|j|☆maxx77
|j|☆Martoelpro
|t:|1758289580
|gametype|singles
|player|p1|maxx77|102|1104
|player|p2|Martoelpro|2|1133
|gen|9
|tier|[Gen 9] OU
|rated|
|rule|HP Percentage Mod: HP is shown in percentages
|rule|Endless Battle Clause: Forcing endless battles is banned
|rule|Species Clause: Limit one of each Pokémon
|rule|OHKO Clause: OHKO moves are banned
|rule|Evasion Items Clause: Evasion items are banned
|rule|Evasion Moves Clause: Evasion moves are banned
|rule|Evasion Abilities Clause: Evasion abilities are banned
|rule|Sleep Moves Clause: Sleep-inducing moves are banned
|clearpoke
|poke|p1|Latios, M|
|poke|p1|Tyranitar, M|
|poke|p1|Primarina, M|
|poke|p1|Kingambit, F|
|poke|p1|Slowking-Galar, M|
|poke|p1|Great Tusk|
|poke|p2|Meowscarada, M|
|poke|p2|Gengar, M|
|poke|p2|Sandy Shocks|
|poke|p2|Corviknight, M|
|poke|p2|Umbreon, M|
|poke|p2|Tauros-Paldea-Aqua, M|
|teampreview
|inactive|Battle timer is ON: inactive players will automatically lose when time's up. (requested by maxx77)
|
|t:|1758289588
|teamsize|p1|6
|teamsize|p2|6
|start
|switch|p1a: Tyranitar|Tyranitar, M|100/100
|switch|p2a: Meowscarada|Meowscarada, M, shiny|100/100
|-weather|Sandstorm|[from] ability: Sand Stream|[of] p1a: Tyranitar
|turn|1
|inactive|maxx77 has 120 seconds left.
|
|t:|1758289621
|move|p2a: Meowscarada|Flower Trick|p1a: Tyranitar
|-start|p2a: Meowscarada|typechange|Grass|[from] ability: Protean
|-supereffective|p1a: Tyranitar
|-crit|p1a: Tyranitar
|-damage|p1a: Tyranitar|21/100
|move|p1a: Tyranitar|Stone Edge|p2a: Meowscarada
|-damage|p2a: Meowscarada|0 fnt
|faint|p2a: Meowscarada
|
|-weather|Sandstorm|[upkeep]
|upkeep
|
|t:|1758289630
|switch|p2a: Tauros|Tauros-Paldea-Aqua, M, shiny|100/100
|-ability|p2a: Tauros|Intimidate|boost
|-unboost|p1a: Tyranitar|atk|1
|turn|2
|
|t:|1758289642
|switch|p1a: Primarina|Primarina, M|100/100
|move|p2a: Tauros|Wave Crash|p1a: Primarina
|-resisted|p1a: Primarina
|-damage|p1a: Primarina|55/100
|-damage|p2a: Tauros|84/100|[from] Recoil
|
|-weather|Sandstorm|[upkeep]
|-damage|p2a: Tauros|78/100|[from] Sandstorm
|-damage|p1a: Primarina|49/100|[from] Sandstorm
|upkeep
|turn|3
|inactive|maxx77 has 120 seconds left.
|
|t:|1758289661
|move|p2a: Tauros|Earthquake|p1a: Primarina
|-crit|p1a: Primarina
|-damage|p1a: Primarina|0 fnt
|faint|p1a: Primarina
|
|-weather|Sandstorm|[upkeep]
|-damage|p2a: Tauros|72/100|[from] Sandstorm
|upkeep
|inactive|maxx77 has 120 seconds left.
|
|t:|1758289676
|switch|p1a: Latios|Latios, M|100/100
|turn|4
|
|t:|1758289680
|switch|p2a: Umbreon|Umbreon, M, shiny|100/100
|move|p1a: Latios|Luster Purge|p2a: Umbreon
|-immune|p2a: Umbreon
|
|-weather|Sandstorm|[upkeep]
|-damage|p1a: Latios|95/100|[from] Sandstorm
|-damage|p2a: Umbreon|94/100|[from] Sandstorm
|-heal|p2a: Umbreon|100/100|[from] item: Leftovers
|upkeep
|turn|5
|inactive|maxx77 has 120 seconds left.
|
|t:|1758289692
|switch|p1a: Slowking|Slowking-Galar, M|100/100
|move|p2a: Umbreon|Toxic|p1a: Slowking
|-immune|p1a: Slowking
|
|-weather|none
|upkeep
|turn|6
|inactive|maxx77 has 120 seconds left.
|
|t:|1758289703
|move|p2a: Umbreon|Foul Play|p1a: Slowking
|-supereffective|p1a: Slowking
|-damage|p1a: Slowking|65/100
|-prepare|p1a: Slowking|Chilly Reception|[premajor]
|move|p1a: Slowking|Chilly Reception|p1a: Slowking
|-weather|Snowscape
|inactive|maxx77 has 120 seconds left.
|
|t:|1758289709
|switch|p1a: Tyranitar|Tyranitar, M|21/100|[from] Chilly Reception
|-weather|Sandstorm|[from] ability: Sand Stream|[of] p1a: Tyranitar
|
|-weather|Sandstorm|[upkeep]
|-damage|p2a: Umbreon|94/100|[from] Sandstorm
|-heal|p2a: Umbreon|100/100|[from] item: Leftovers
|upkeep
|turn|7
|inactive|maxx77 has 120 seconds left.
|
|t:|1758289721
|move|p2a: Umbreon|Toxic|p1a: Tyranitar|[miss]
|-miss|p2a: Umbreon|p1a: Tyranitar
|move|p1a: Tyranitar|Knock Off|p2a: Umbreon
|-resisted|p2a: Umbreon
|-damage|p2a: Umbreon|67/100
|-enditem|p2a: Umbreon|Leftovers|[from] move: Knock Off|[of] p1a: Tyranitar
|
|-weather|Sandstorm|[upkeep]
|-damage|p2a: Umbreon|61/100|[from] Sandstorm
|upkeep
|turn|8
|inactive|maxx77 has 120 seconds left.
|
|t:|1758289732
|move|p1a: Tyranitar|Knock Off|p2a: Umbreon
|-resisted|p2a: Umbreon
|-damage|p2a: Umbreon|37/100
|move|p2a: Umbreon|Roar|p1a: Tyranitar
|drag|p1a: Great Tusk|Great Tusk|100/100
|
|-weather|Sandstorm|[upkeep]
|-damage|p2a: Umbreon|31/100|[from] Sandstorm
|upkeep
|turn|9
|inactive|maxx77 has 120 seconds left.
|
|t:|1758289745
|switch|p2a: Gengar|Gengar, M|100/100
|move|p1a: Great Tusk|Body Press|p2a: Gengar
|-immune|p2a: Gengar
|
|-weather|Sandstorm|[upkeep]
|-damage|p2a: Gengar|95/100|[from] Sandstorm
|-heal|p2a: Gengar|100/100|[from] item: Black Sludge
|upkeep
|turn|10
|inactive|maxx77 has 120 seconds left.
|
|t:|1758289756
|move|p2a: Gengar|Will-O-Wisp|p1a: Great Tusk
|-status|p1a: Great Tusk|brn
|move|p1a: Great Tusk|Earthquake|p2a: Gengar
|-supereffective|p2a: Gengar
|-damage|p2a: Gengar|17/100
|
|-weather|none
|-heal|p2a: Gengar|23/100|[from] item: Black Sludge
|-damage|p1a: Great Tusk|94/100 brn|[from] brn
|upkeep
|turn|11
|
|t:|1758289765
|switch|p2a: Corviknight|Corviknight, M, shiny|100/100
|-ability|p2a: Corviknight|Pressure
|move|p1a: Great Tusk|Knock Off|p2a: Corviknight
|-damage|p2a: Corviknight|92/100
|-damage|p1a: Great Tusk|78/100 brn|[from] item: Rocky Helmet|[of] p2a: Corviknight
|-enditem|p2a: Corviknight|Rocky Helmet|[from] move: Knock Off|[of] p1a: Great Tusk
|
|-damage|p1a: Great Tusk|71/100 brn|[from] brn
|upkeep
|turn|12
|inactive|maxx77 has 120 seconds left.
|
|t:|1758289785
|-end|p1a: Great Tusk|Protosynthesis|[silent]
|switch|p1a: Slowking|Slowking-Galar, M|99/100
|move|p2a: Corviknight|Brave Bird|p1a: Slowking
|-damage|p1a: Slowking|66/100
|-damage|p2a: Corviknight|81/100|[from] Recoil
|
|-heal|p1a: Slowking|72/100|[from] item: Leftovers
|upkeep
|turn|13
|inactive|maxx77 has 120 seconds left.
|
|t:|1758289804
|move|p2a: Corviknight|U-turn|p1a: Slowking
|-damage|p1a: Slowking|60/100
|
|t:|1758289808
|switch|p2a: Gengar|Gengar, M|23/100|[from] U-turn
|move|p1a: Slowking|Thunder Wave|p2a: Gengar
|-status|p2a: Gengar|par
|
|-heal|p2a: Gengar|29/100 par|[from] item: Black Sludge
|-heal|p1a: Slowking|66/100|[from] item: Leftovers
|upkeep
|turn|14
|
|t:|1758289820
|move|p2a: Gengar|Will-O-Wisp|p1a: Slowking
|-status|p1a: Slowking|brn
|move|p1a: Slowking|Psychic Noise|p2a: Gengar
|-supereffective|p2a: Gengar
|-damage|p2a: Gengar|0 fnt
|-start|p1a: Slowking|Disable|Psychic Noise|[from] ability: Cursed Body|[of] p2a: Gengar
|faint|p2a: Gengar
|
|-heal|p1a: Slowking|72/100 brn|[from] item: Leftovers
|-damage|p1a: Slowking|66/100 brn|[from] brn
|upkeep
|
|t:|1758289831
|switch|p2a: Umbreon|Umbreon, M, shiny|31/100
|turn|15
|
|t:|1758289837
|move|p2a: Umbreon|Moonlight|p2a: Umbreon
|-heal|p2a: Umbreon|81/100
|move|p1a: Slowking|Thunder Wave||[still]
|-status|p2a: Umbreon|par
|-activate|p2a: Umbreon|ability: Synchronize
|-fail|p2a: Umbreon
|
|-heal|p1a: Slowking|72/100 brn|[from] item: Leftovers
|-damage|p1a: Slowking|66/100 brn|[from] brn
|upkeep
|turn|16
|
|t:|1758289847
|cant|p2a: Umbreon|par
|move|p1a: Slowking|Sludge Bomb|p2a: Umbreon
|-damage|p2a: Umbreon|62/100 par
|
|-heal|p1a: Slowking|72/100 brn|[from] item: Leftovers
|-damage|p1a: Slowking|66/100 brn|[from] brn
|upkeep
|turn|17
|
|t:|1758289858
|cant|p2a: Umbreon|par
|-prepare|p1a: Slowking|Chilly Reception|[premajor]
|move|p1a: Slowking|Chilly Reception|p1a: Slowking
|-weather|Snowscape
|-message|Martoelpro forfeited.
|
|win|maxx77
|raw|maxx77's rating: 1104 &rarr; <strong>1131</strong><br />(+27 for winning)
|raw|Martoelpro's rating: 1133 &rarr; <strong>1106</strong><br />(-27 for losing)
|l|☆Martoelpro
|player|p2|
|l|☆maxx77
|player|p1|
