|j|☆gabbagoul
|j|☆Tader13
|t:|1758242999
|gametype|singles
|player|p1|gabbagoul|rocketgrunt|1202
|player|p2|Tader13|n|1208
|gen|9
|tier|[Gen 9] OU
|rated|
|rule|HP Percentage Mod: HP is shown in percentages
|rule|Endless Battle Clause: Forcing endless battles is banned
|rule|Species Clause: Limit one of each Pokémon
|rule|OHKO Clause: OHKO moves are banned
|rule|Evasion Items Clause: Evasion items are banned
|rule|Evasion Moves Clause: Evasion moves are banned
|rule|Evasion Abilities Clause: Evasion abilities are banned
|rule|Sleep Moves Clause: Sleep-inducing moves are banned
|clearpoke
|poke|p1|Magneton|
|poke|p1|Mamoswine, F|
|poke|p1|Maushold-Four|
|poke|p1|Reuniclus, M|
|poke|p1|Milotic, F|
|poke|p1|Comfey, M|
|poke|p2|Kingambit, M|
|poke|p2|Great Tusk|
|poke|p2|Ogerpon-Cornerstone, F|
|poke|p2|Ceruledge, M|
|poke|p2|Galvantula, M|
|poke|p2|Primarina, F|
|teampreview
|inactive|Battle timer is ON: inactive players will automatically lose when time's up. (requested by gabbagoul)
|
|t:|1758243003
|teamsize|p1|6
|teamsize|p2|6
|start
|switch|p1a: Milotic|Milotic, F|100/100
|switch|p2a: Mygavolt|Galvantula, M, shiny|100/100
|turn|1
|
|t:|1758243007
|switch|p1a: Mamoswine|Mamoswine, F|100/100
|move|p2a: Mygavolt|Thunder|p1a: Mamoswine
|-immune|p1a: Mamoswine
|
|upkeep
|turn|2
|
|t:|1758243012
|move|p2a: Mygavolt|Bug Buzz|p1a: Mamoswine
|-damage|p1a: Mamoswine|46/100
|move|p1a: Mamoswine|Curse|p1a: Mamoswine
|-unboost|p1a: Mamoswine|spe|1
|-boost|p1a: Mamoswine|atk|1
|-boost|p1a: Mamoswine|def|1
|
|upkeep
|turn|3
|
|t:|1758243020
|-terastallize|p1a: Mamoswine|Rock
|move|p2a: Mygavolt|Bug Buzz|p1a: Mamoswine
|-damage|p1a: Mamoswine|0 fnt
|faint|p1a: Mamoswine
|
|upkeep
|
|t:|1758243027
|switch|p1a: Magneton|Magneton|100/100
|turn|4
|
|t:|1758243037
|move|p2a: Mygavolt|Sticky Web|p1a: Magneton
|-sidestart|p1: gabbagoul|move: Sticky Web
|move|p1a: Magneton|Thunderbolt|p2a: Mygavolt
|-resisted|p2a: Mygavolt
|-damage|p2a: Mygavolt|48/100
|
|upkeep
|turn|5
|
|t:|1758243041
|switch|p2a: Great Tusk|Great Tusk|100/100
|-enditem|p2a: Great Tusk|Booster Energy
|-activate|p2a: Great Tusk|ability: Protosynthesis|[fromitem]
|-start|p2a: Great Tusk|protosynthesisatk
|move|p1a: Magneton|Thunderbolt|p2a: Great Tusk
|-immune|p2a: Great Tusk
|
|upkeep
|turn|6
|
|t:|1758243058
|switch|p1a: Milotic|Milotic, F|100/100
|-activate|p1a: Milotic|move: Sticky Web
|-unboost|p1a: Milotic|spe|1
|move|p2a: Great Tusk|Earthquake|p1a: Milotic
|-damage|p1a: Milotic|50/100
|
|-status|p1a: Milotic|brn|[from] item: Flame Orb
|upkeep
|turn|7
|
|t:|1758243064
|move|p2a: Great Tusk|Earthquake|p1a: Milotic
|-crit|p1a: Milotic
|-damage|p1a: Milotic|4/100 brn
|move|p1a: Milotic|Scald|p2a: Great Tusk
|-supereffective|p2a: Great Tusk
|-damage|p2a: Great Tusk|13/100
|
|-damage|p1a: Milotic|0 fnt|[from] brn
|faint|p1a: Milotic
|upkeep
|
|t:|1758243071
|switch|p1a: Comfey|Comfey, M|100/100
|-activate|p1a: Comfey|move: Sticky Web
|-unboost|p1a: Comfey|spe|1
|turn|8
|
|t:|1758243096
|move|p1a: Comfey|Draining Kiss|p2a: Great Tusk
|-supereffective|p2a: Great Tusk
|-damage|p2a: Great Tusk|0 fnt
|faint|p2a: Great Tusk
|-end|p2a: Great Tusk|Protosynthesis|[silent]
|
|upkeep
|
|t:|1758243105
|switch|p2a: Ceruledge|Ceruledge, M|100/100
|turn|9
|
|t:|1758243110
|move|p2a: Ceruledge|Bulk Up|p2a: Ceruledge
|-boost|p2a: Ceruledge|atk|1
|-boost|p2a: Ceruledge|def|1
|move|p1a: Comfey|Calm Mind|p1a: Comfey
|-boost|p1a: Comfey|spa|1
|-boost|p1a: Comfey|spd|1
|
|upkeep
|turn|10
|inactive|Tader13 has 120 seconds left.
|
|t:|1758243146
|move|p1a: Comfey|Draining Kiss|p2a: Ceruledge
|-resisted|p2a: Ceruledge
|-damage|p2a: Ceruledge|83/100
|move|p2a: Ceruledge|Bitter Blade|p1a: Comfey
|-damage|p1a: Comfey|22/100
|-heal|p2a: Ceruledge|100/100|[from] drain|[of] p1a: Comfey
|
|upkeep
|turn|11
|
|t:|1758243151
|move|p1a: Comfey|Draining Kiss|p2a: Ceruledge
|-resisted|p2a: Ceruledge
|-damage|p2a: Ceruledge|81/100
|-heal|p1a: Comfey|40/100|[from] drain|[of] p2a: Ceruledge
|move|p2a: Ceruledge|Bitter Blade|p1a: Comfey
|-damage|p1a: Comfey|0 fnt
|-heal|p2a: Ceruledge|100/100|[from] drain|[of] p1a: Comfey
|faint|p1a: Comfey
|
|upkeep
|-message|gabbagoul forfeited.
|
|win|Tader13
|raw|gabbagoul's rating: 1202 &rarr; <strong>1177</strong><br />(-25 for losing)
|raw|Tader13's rating: 1208 &rarr; <strong>1233</strong><br />(+25 for winning)
|l|☆gabbagoul
|player|p1|
|l|☆Tader13
|player|p2|
