|j|☆magical leaves
|j|☆malamarFriend25
|t:|1758342833
|gametype|singles
|player|p1|magical leaves|aromalady|1323
|player|p2|malamarFriend25|marley|1325
|gen|9
|tier|[Gen 9] OU
|rated|
|rule|HP Percentage Mod: HP is shown in percentages
|rule|Endless Battle Clause: Forcing endless battles is banned
|rule|Species Clause: Limit one of each Pokémon
|rule|OHKO Clause: OHKO moves are banned
|rule|Evasion Items Clause: Evasion items are banned
|rule|Evasion Moves Clause: Evasion moves are banned
|rule|Evasion Abilities Clause: Evasion abilities are banned
|rule|Sleep Moves Clause: Sleep-inducing moves are banned
|clearpoke
|poke|p1|Lilligant-Hisui, F|
|poke|p1|Thundurus, M|
|poke|p1|Ting-Lu|
|poke|p1|Blaziken, F|
|poke|p1|Walking Wake|
|poke|p1|Scizor, M|
|poke|p2|Malamar, M|
|poke|p2|Araquanid, M|
|poke|p2|Gengar, M|
|poke|p2|Iron Crown|
|poke|p2|Great Tusk|
|poke|p2|Dragonite, F|
|teampreview
|
|t:|1758342851
|teamsize|p1|6
|teamsize|p2|6
|start
|switch|p1a: thundercat|Thundurus, M|100/100
|switch|p2a: Great Tusk|Great Tusk|100/100
|turn|1
|
|t:|1758342860
|move|p1a: thundercat|Sunny Day|p1a: thundercat
|-weather|SunnyDay
|-activate|p2a: Great Tusk|ability: Protosynthesis
|-start|p2a: Great Tusk|protosynthesisdef
|move|p2a: Great Tusk|Stealth Rock|p1a: thundercat
|-sidestart|p1: magical leaves|move: Stealth Rock
|
|-weather|SunnyDay|[upkeep]
|upkeep
|turn|2
|
|t:|1758342869
|switch|p1a: atopos|Lilligant-Hisui, F|100/100
|-damage|p1a: atopos|95/100|[from] Stealth Rock
|move|p2a: Great Tusk|Knock Off|p1a: atopos
|-resisted|p1a: atopos
|-damage|p1a: atopos|75/100
|-enditem|p1a: atopos|Life Orb|[from] move: Knock Off|[of] p2a: Great Tusk
|
|-weather|SunnyDay|[upkeep]
|upkeep
|turn|3
|
|t:|1758342894
|-end|p2a: Great Tusk|Protosynthesis|[silent]
|switch|p2a: Iron Crown|Iron Crown|100/100
|-enditem|p2a: Iron Crown|Booster Energy
|-activate|p2a: Iron Crown|ability: Quark Drive|[fromitem]
|-start|p2a: Iron Crown|quarkdrivespe
|move|p1a: atopos|Solar Blade||[still]
|-prepare|p1a: atopos|Solar Blade
|-anim|p1a: atopos|Solar Blade|p2a: Iron Crown
|-resisted|p2a: Iron Crown
|-damage|p2a: Iron Crown|69/100
|
|-weather|SunnyDay|[upkeep]
|upkeep
|turn|4
|
|t:|1758342910
|-terastallize|p1a: atopos|Fire
|move|p1a: atopos|Tera Blast|p2a: Iron Crown|[anim] Tera Blast Fire
|-supereffective|p2a: Iron Crown
|-damage|p2a: Iron Crown|0 fnt
|faint|p2a: Iron Crown
|-end|p2a: Iron Crown|Quark Drive|[silent]
|
|-weather|SunnyDay|[upkeep]
|upkeep
|
|t:|1758342920
|switch|p2a: Gengar|Gengar, M|100/100
|turn|5
|
|t:|1758342926
|move|p1a: atopos|Tera Blast|p2a: Gengar|[anim] Tera Blast Fire
|-enditem|p2a: Gengar|Focus Sash
|-damage|p2a: Gengar|1/100
|move|p2a: Gengar|Shadow Ball|p1a: atopos
|-damage|p1a: atopos|23/100
|
|-weather|SunnyDay|[upkeep]
|upkeep
|turn|6
|
|t:|1758342935
|switch|p2a: Great Tusk|Great Tusk|100/100
|-activate|p2a: Great Tusk|ability: Protosynthesis
|-start|p2a: Great Tusk|protosynthesisdef
|move|p1a: atopos|Solar Blade||[still]
|-prepare|p1a: atopos|Solar Blade
|-anim|p1a: atopos|Solar Blade|p2a: Great Tusk
|-supereffective|p2a: Great Tusk
|-damage|p2a: Great Tusk|51/100
|
|-weather|SunnyDay|[upkeep]
|-heal|p2a: Great Tusk|57/100|[from] item: Leftovers
|upkeep
|turn|7
|
|t:|1758342950
|move|p1a: atopos|Solar Blade||[still]
|-prepare|p1a: atopos|Solar Blade
|-anim|p1a: atopos|Solar Blade|p2a: Great Tusk
|-supereffective|p2a: Great Tusk
|-damage|p2a: Great Tusk|9/100
|move|p2a: Great Tusk|Earthquake|p1a: atopos
|-supereffective|p1a: atopos
|-damage|p1a: atopos|0 fnt
|faint|p1a: atopos
|
|-weather|SunnyDay|[upkeep]
|-heal|p2a: Great Tusk|15/100|[from] item: Leftovers
|upkeep
|
|t:|1758342973
|switch|p1a: thundercat|Thundurus, M|100/100
|-damage|p1a: thundercat|76/100|[from] Stealth Rock
|turn|8
|
|t:|1758342978
|move|p1a: thundercat|Weather Ball|p2a: Great Tusk
|-damage|p2a: Great Tusk|0 fnt
|faint|p2a: Great Tusk
|-end|p2a: Great Tusk|Protosynthesis|[silent]
|
|-weather|none
|upkeep
|
|t:|1758342987
|switch|p2a: Gengar|Gengar, M|1/100
|turn|9
|
|t:|1758342999
|move|p1a: thundercat|Sunny Day|p1a: thundercat
|-weather|SunnyDay
|move|p2a: Gengar|Sludge Wave|p1a: thundercat
|-damage|p1a: thundercat|14/100
|-status|p1a: thundercat|psn
|
|-weather|SunnyDay|[upkeep]
|-damage|p1a: thundercat|1/100 psn|[from] psn
|upkeep
|turn|10
|
|t:|1758343010
|move|p2a: Gengar|Toxic||[still]
|-fail|p2a: Gengar
|move|p1a: thundercat|Volt Switch|p2a: Gengar
|-damage|p2a: Gengar|0 fnt
|faint|p2a: Gengar
|
|t:|1758343031
|switch|p1a: WIDE AWAAAAAKE!|Walking Wake|100/100|[from] Volt Switch
|-damage|p1a: WIDE AWAAAAAKE!|88/100|[from] Stealth Rock
|-activate|p1a: WIDE AWAAAAAKE!|ability: Protosynthesis
|-start|p1a: WIDE AWAAAAAKE!|protosynthesisspe
|
|-weather|SunnyDay|[upkeep]
|upkeep
|
|t:|1758343038
|switch|p2a: Malamar|Malamar, M, shiny|100/100
|turn|11
|
|t:|1758343043
|move|p1a: WIDE AWAAAAAKE!|Hydro Steam|p2a: Malamar
|-crit|p2a: Malamar
|-enditem|p2a: Malamar|Focus Sash
|-damage|p2a: Malamar|1/100
|-damage|p1a: WIDE AWAAAAAKE!|78/100|[from] item: Life Orb
|move|p2a: Malamar|Trick Room|p2a: Malamar
|-fieldstart|move: Trick Room|[of] p2a: Malamar
|
|-weather|SunnyDay|[upkeep]
|upkeep
|turn|12
|
|t:|1758343055
|-end|p1a: WIDE AWAAAAAKE!|Protosynthesis|[silent]
|switch|p1a: shnow|Ting-Lu|100/100
|-damage|p1a: shnow|94/100|[from] Stealth Rock
|-ability|p1a: shnow|Vessel of Ruin
|move|p2a: Malamar|Destiny Bond|p2a: Malamar
|-singlemove|p2a: Malamar|Destiny Bond
|
|-weather|SunnyDay|[upkeep]
|-heal|p1a: shnow|100/100|[from] item: Leftovers
|upkeep
|turn|13
|
|t:|1758343066
|move|p1a: shnow|Stealth Rock|p2a: Malamar
|-sidestart|p2: malamarFriend25|move: Stealth Rock
|move|p2a: Malamar|Knock Off|p1a: shnow
|-resisted|p1a: shnow
|-crit|p1a: shnow
|-damage|p1a: shnow|86/100
|-enditem|p1a: shnow|Leftovers|[from] move: Knock Off|[of] p2a: Malamar
|
|-weather|SunnyDay|[upkeep]
|upkeep
|turn|14
|
|t:|1758343077
|move|p1a: shnow|Spikes|p2a: Malamar
|-sidestart|p2: malamarFriend25|Spikes
|move|p2a: Malamar|Destiny Bond|p2a: Malamar
|-singlemove|p2a: Malamar|Destiny Bond
|
|-weather|SunnyDay|[upkeep]
|upkeep
|turn|15
|
|t:|1758343083
|move|p1a: shnow|Spikes|p2a: Malamar
|-sidestart|p2: malamarFriend25|Spikes
|move|p2a: Malamar|Knock Off|p1a: shnow
|-resisted|p1a: shnow
|-damage|p1a: shnow|80/100
|
|-weather|SunnyDay|[upkeep]
|-fieldend|move: Trick Room
|upkeep
|turn|16
|
|t:|1758343093
|move|p2a: Malamar|Knock Off|p1a: shnow
|-resisted|p1a: shnow
|-damage|p1a: shnow|74/100
|move|p1a: shnow|Whirlwind|p2a: Malamar
|drag|p2a: Araquanid|Araquanid, M|100/100
|-damage|p2a: Araquanid|76/100|[from] Stealth Rock
|-damage|p2a: Araquanid|59/100|[from] Spikes
|
|-weather|none
|upkeep
|turn|17
|
|t:|1758343103
|move|p2a: Araquanid|Liquidation|p1a: shnow
|-supereffective|p1a: shnow
|-damage|p1a: shnow|0 fnt
|faint|p1a: shnow
|
|upkeep
|
|t:|1758343109
|switch|p1a: raps|Scizor, M|100/100
|turn|18
|
|t:|1758343118
|move|p1a: raps|Swords Dance|p1a: raps
|-boost|p1a: raps|atk|2
|move|p2a: Araquanid|Liquidation|p1a: raps
|-damage|p1a: raps|0 fnt
|faint|p1a: raps
|
|upkeep
|
|t:|1758343133
|switch|p1a: WIDE AWAAAAAKE!|Walking Wake|78/100
|-damage|p1a: WIDE AWAAAAAKE!|66/100|[from] Stealth Rock
|turn|19
|
|t:|1758343139
|move|p1a: WIDE AWAAAAAKE!|Draco Meteor|p2a: Araquanid
|-damage|p2a: Araquanid|0 fnt
|-unboost|p1a: WIDE AWAAAAAKE!|spa|2
|faint|p2a: Araquanid
|-damage|p1a: WIDE AWAAAAAKE!|56/100|[from] item: Life Orb
|
|upkeep
|
|t:|1758343145
|switch|p2a: Dragonite|Dragonite, F|100/100
|turn|20
|
|t:|1758343155
|-end|p1a: WIDE AWAAAAAKE!|Protosynthesis|[silent]
|switch|p1a: jello|Blaziken, F|100/100
|-damage|p1a: jello|88/100|[from] Stealth Rock
|move|p2a: Dragonite|Dragon Dance|p2a: Dragonite
|-boost|p2a: Dragonite|atk|1
|-boost|p2a: Dragonite|spe|1
|
|upkeep
|turn|21
|
|t:|1758343165
|move|p2a: Dragonite|Earthquake|p1a: jello
|-supereffective|p1a: jello
|-damage|p1a: jello|0 fnt
|faint|p1a: jello
|
|upkeep
|
|t:|1758343170
|switch|p1a: WIDE AWAAAAAKE!|Walking Wake|56/100
|-damage|p1a: WIDE AWAAAAAKE!|44/100|[from] Stealth Rock
|turn|22
|
|t:|1758343177
|-terastallize|p2a: Dragonite|Normal
|move|p2a: Dragonite|Extreme Speed|p1a: WIDE AWAAAAAKE!
|-damage|p1a: WIDE AWAAAAAKE!|0 fnt
|faint|p1a: WIDE AWAAAAAKE!
|-end|p1a: WIDE AWAAAAAKE!|Protosynthesis|[silent]
|
|upkeep
|
|t:|1758343184
|switch|p1a: thundercat|Thundurus, M|1/100 psn
|-damage|p1a: thundercat|0 fnt|[from] Stealth Rock
|faint|p1a: thundercat
|
|win|malamarFriend25
|raw|magical leaves's rating: 1323 &rarr; <strong>1303</strong><br />(-20 for losing)
|raw|malamarFriend25's rating: 1325 &rarr; <strong>1345</strong><br />(+20 for winning)
|l|☆malamarFriend25
|player|p2|
|l|☆magical leaves
|player|p1|
