|j|☆ThiccHash
|j|‽AmaraJyotiVGC
|t:|1758333371
|gametype|singles
|player|p1|ThiccHash|266|1123
|player|p2|AmaraJyotiVGC|cynthia-gen4|1150
|gen|9
|tier|[Gen 9] OU
|rated|
|rule|HP Percentage Mod: HP is shown in percentages
|rule|Endless Battle Clause: Forcing endless battles is banned
|rule|Species Clause: Limit one of each Pokémon
|rule|OHKO Clause: OHKO moves are banned
|rule|Evasion Items Clause: Evasion items are banned
|rule|Evasion Moves Clause: Evasion moves are banned
|rule|Evasion Abilities Clause: Evasion abilities are banned
|rule|Sleep Moves Clause: Sleep-inducing moves are banned
|clearpoke
|poke|p1|Klawf, F|
|poke|p1|Goodra-Hisui, F|
|poke|p1|Scrafty, M|
|poke|p1|Braviary-Hisui, M|
|poke|p1|Quaquaval, M|
|poke|p1|Scizor, M|
|poke|p2|Rotom-Heat|
|poke|p2|Rillaboom, M|
|poke|p2|Slowking, M|
|poke|p2|Ninetales-Alola, F|
|poke|p2|Goodra-Hisui, F|
|poke|p2|Moltres-Galar|
|teampreview
|inactive|Battle timer is ON: inactive players will automatically lose when time's up. (requested by ThiccHash)
|
|t:|1758333383
|teamsize|p1|6
|teamsize|p2|6
|start
|switch|p1a: Scizor|Scizor, M|100/100
|switch|p2a: Ninetales|Ninetales-Alola, F, shiny|100/100
|-weather|Snowscape|[from] ability: Snow Warning|[of] p2a: Ninetales
|turn|1
|
|t:|1758333397
|switch|p2a: Goodra|Goodra-Hisui, F, shiny|100/100
|move|p1a: Scizor|Bullet Punch|p2a: Goodra
|-resisted|p2a: Goodra
|-damage|p2a: Goodra|81/100
|-damage|p1a: Scizor|91/100|[from] item: Life Orb
|
|-weather|Snowscape|[upkeep]
|upkeep
|turn|2
|
|t:|1758333409
|switch|p1a: Goodra|Goodra-Hisui, F|100/100
|move|p2a: Goodra|Flamethrower|p1a: Goodra
|-damage|p1a: Goodra|81/100
|
|-weather|Snowscape|[upkeep]
|upkeep
|turn|3
|
|t:|1758333426
|switch|p2a: Moltres|Moltres-Galar, shiny|100/100
|move|p1a: Goodra|Dragon Tail|p2a: Moltres
|-damage|p2a: Moltres|74/100
|drag|p2a: Rotom|Rotom-Heat, shiny|100/100
|
|-weather|Snowscape|[upkeep]
|upkeep
|turn|4
|inactive|ThiccHash has 120 seconds left.
|
|t:|1758333472
|-terastallize|p2a: Rotom|Fire
|move|p2a: Rotom|Overheat|p1a: Goodra
|-damage|p1a: Goodra|37/100
|-unboost|p2a: Rotom|spa|2
|-damage|p2a: Rotom|91/100|[from] item: Life Orb
|move|p1a: Goodra|Sludge Bomb|p2a: Rotom
|-damage|p2a: Rotom|61/100
|-status|p2a: Rotom|psn
|
|-weather|Snowscape|[upkeep]
|-damage|p2a: Rotom|49/100 psn|[from] psn
|upkeep
|turn|5
|
|t:|1758333490
|switch|p2a: Rillaboom|Rillaboom, M, shiny|100/100
|-fieldstart|move: Grassy Terrain|[from] ability: Grassy Surge|[of] p2a: Rillaboom
|move|p1a: Goodra|Sludge Bomb|p2a: Rillaboom
|-supereffective|p2a: Rillaboom
|-damage|p2a: Rillaboom|35/100
|-status|p2a: Rillaboom|psn
|
|-weather|none
|-heal|p2a: Rillaboom|42/100 psn|[from] Grassy Terrain
|-heal|p1a: Goodra|43/100|[from] Grassy Terrain
|-damage|p2a: Rillaboom|29/100 psn|[from] psn
|upkeep
|turn|6
|
|t:|1758333502
|switch|p1a: Braviary|Braviary-Hisui, M|100/100
|move|p2a: Rillaboom|Drain Punch|p1a: Braviary
|-resisted|p1a: Braviary
|-damage|p1a: Braviary|92/100
|-heal|p2a: Rillaboom|35/100 psn|[from] drain|[of] p1a: Braviary
|-damage|p2a: Rillaboom|25/100 psn|[from] item: Life Orb
|
|-heal|p2a: Rillaboom|31/100 psn|[from] Grassy Terrain
|-damage|p2a: Rillaboom|19/100 psn|[from] psn
|upkeep
|turn|7
|inactive|AmaraJyotiVGC has 120 seconds left.
|n|☆AmaraJyotiVGC|amarajyotivgc
|inactive|AmaraJyotiVGC has 90 seconds left.
|c|☆AmaraJyotiVGC|Two poison? Two times F*ck your entire family!
|-message|AmaraJyotiVGC forfeited.
|
|win|ThiccHash
