|j|‽Orbica
|j|☆ORAS_appreciater
|t:|1758343286
|gametype|singles
|player|p1|Orbica|doctor|1275
|player|p2|ORAS_appreciater|266|1256
|gen|9
|tier|[Gen 9] OU
|rated|
|rule|HP Percentage Mod: HP is shown in percentages
|rule|Endless Battle Clause: Forcing endless battles is banned
|rule|Species Clause: Limit one of each Pokémon
|rule|OHKO Clause: OHKO moves are banned
|rule|Evasion Items Clause: Evasion items are banned
|rule|Evasion Moves Clause: Evasion moves are banned
|rule|Evasion Abilities Clause: Evasion abilities are banned
|rule|Sleep Moves Clause: Sleep-inducing moves are banned
|clearpoke
|poke|p1|Cinderace, F|
|poke|p1|Latios, M|
|poke|p1|Scizor, M|
|poke|p1|Alomomola, M|
|poke|p1|Tyranitar, F|
|poke|p1|Goodra-Hisui, M|
|poke|p2|Zamazenta-*|
|poke|p2|Clefable, F|
|poke|p2|Samurott-Hisui, M|
|poke|p2|Kyurem|
|poke|p2|Great Tusk|
|poke|p2|Gholdengo|
|teampreview
|
|t:|1758343297
|teamsize|p1|6
|teamsize|p2|6
|start
|switch|p1a: Scizor|Scizor, M|100/100
|switch|p2a: Clefable|Clefable, F|100/100
|turn|1
|inactive|Battle timer is ON: inactive players will automatically lose when time's up. (requested by Orbica)
|
|t:|1758343328
|switch|p1a: Tyranitar|Tyranitar, F|100/100
|-weather|Sandstorm|[from] ability: Sand Stream|[of] p1a: Tyranitar
|switch|p2a: Great Tusk|Great Tusk, shiny|100/100
|
|-weather|Sandstorm|[upkeep]
|upkeep
|turn|2
|inactive|Orbica has 120 seconds left.
|
|t:|1758343358
|switch|p1a: Alomomola|Alomomola, M|100/100
|move|p2a: Great Tusk|Headlong Rush|p1a: Alomomola
|-crit|p1a: Alomomola
|-damage|p1a: Alomomola|50/100
|-unboost|p2a: Great Tusk|def|1
|-unboost|p2a: Great Tusk|spd|1
|-damage|p2a: Great Tusk|84/100|[from] item: Rocky Helmet|[of] p1a: Alomomola
|
|-weather|Sandstorm|[upkeep]
|-damage|p1a: Alomomola|44/100|[from] Sandstorm
|upkeep
|turn|3
|inactive|Orbica has 120 seconds left.
|
|t:|1758343379
|-end|p2a: Great Tusk|Protosynthesis|[silent]
|switch|p2a: Clefable|Clefable, F|100/100
|move|p1a: Alomomola|Wish|p1a: Alomomola
|
|-weather|Sandstorm|[upkeep]
|-damage|p1a: Alomomola|38/100|[from] Sandstorm
|upkeep
|turn|4
|inactive|Orbica has 120 seconds left.
|
|t:|1758343399
|move|p1a: Alomomola|Protect|p1a: Alomomola
|-singleturn|p1a: Alomomola|Protect
|move|p2a: Clefable|Stealth Rock|p1a: Alomomola
|-sidestart|p1: Orbica|move: Stealth Rock
|
|-weather|Sandstorm|[upkeep]
|-damage|p1a: Alomomola|32/100|[from] Sandstorm
|-heal|p1a: Alomomola|82/100|[from] move: Wish|[wisher] Alomomola
|upkeep
|turn|5
|inactive|Orbica has 120 seconds left.
|
|t:|1758343410
|switch|p1a: Scizor|Scizor, M|100/100
|-damage|p1a: Scizor|88/100|[from] Stealth Rock
|move|p2a: Clefable|Knock Off|p1a: Scizor
|-damage|p1a: Scizor|73/100
|-enditem|p1a: Scizor|Choice Band|[from] move: Knock Off|[of] p2a: Clefable
|
|-weather|none
|upkeep
|turn|6
|inactive|Orbica has 120 seconds left.
|
|t:|1758343435
|switch|p2a: Great Tusk|Great Tusk, shiny|84/100
|move|p1a: Scizor|Knock Off|p2a: Great Tusk
|-resisted|p2a: Great Tusk
|-damage|p2a: Great Tusk|70/100
|-enditem|p2a: Great Tusk|Heavy-Duty Boots|[from] move: Knock Off|[of] p1a: Scizor
|
|upkeep
|turn|7
|inactive|Orbica has 120 seconds left.
|
|t:|1758343451
|switch|p1a: Alomomola|Alomomola, M|100/100
|-damage|p1a: Alomomola|88/100|[from] Stealth Rock
|move|p2a: Great Tusk|Rapid Spin|p1a: Alomomola
|-damage|p1a: Alomomola|78/100
|-boost|p2a: Great Tusk|spe|1
|-damage|p2a: Great Tusk|54/100|[from] item: Rocky Helmet|[of] p1a: Alomomola
|
|upkeep
|turn|8
|inactive|Orbica has 120 seconds left.
|inactive|ORAS_appreciater has 120 seconds left.
|
|t:|1758343467
|-end|p2a: Great Tusk|Protosynthesis|[silent]
|switch|p2a: Samurott|Samurott-Hisui, M, shiny|100/100
|move|p1a: Alomomola|Aqua Jet|p2a: Samurott
|-resisted|p2a: Samurott
|-damage|p2a: Samurott|94/100
|
|upkeep
|turn|9
|
|t:|1758343476
|move|p2a: Samurott|Ceaseless Edge|p1a: Alomomola
|-damage|p1a: Alomomola|53/100
|-damage|p2a: Samurott|77/100|[from] item: Rocky Helmet|[of] p1a: Alomomola
|-sidestart|p1: Orbica|Spikes
|move|p1a: Alomomola|Play Rough|p2a: Samurott
|-supereffective|p2a: Samurott
|-damage|p2a: Samurott|36/100
|
|upkeep
|turn|10
|
|t:|1758343486
|move|p2a: Samurott|Knock Off|p1a: Alomomola
|-damage|p1a: Alomomola|27/100
|-damage|p2a: Samurott|19/100|[from] item: Rocky Helmet|[of] p1a: Alomomola
|-enditem|p1a: Alomomola|Rocky Helmet|[from] move: Knock Off|[of] p2a: Samurott
|move|p1a: Alomomola|Wish|p1a: Alomomola
|
|upkeep
|turn|11
|
|t:|1758343502
|move|p1a: Alomomola|Protect|p1a: Alomomola
|-singleturn|p1a: Alomomola|Protect
|move|p2a: Samurott|Ceaseless Edge|p1a: Alomomola
|-activate|p1a: Alomomola|move: Protect
|
|-heal|p1a: Alomomola|77/100|[from] move: Wish|[wisher] Alomomola
|upkeep
|turn|12
|
|t:|1758343511
|switch|p2a: Kyurem|Kyurem|100/100
|-ability|p2a: Kyurem|Pressure
|move|p1a: Alomomola|Play Rough|p2a: Kyurem
|-supereffective|p2a: Kyurem
|-damage|p2a: Kyurem|69/100
|
|upkeep
|turn|13
|
|t:|1758343526
|switch|p1a: Cinderace|Cinderace, F|100/100
|move|p2a: Kyurem|Draco Meteor|p1a: Cinderace|[miss]
|-miss|p2a: Kyurem|p1a: Cinderace
|
|upkeep
|turn|14
|
|t:|1758343537
|move|p1a: Cinderace|Court Change|p1a: Cinderace
|-swapsideconditions
|-activate|p1a: Cinderace|move: Court Change
|move|p2a: Kyurem|Draco Meteor|p1a: Cinderace
|-crit|p1a: Cinderace
|-damage|p1a: Cinderace|0 fnt
|-unboost|p2a: Kyurem|spa|2
|faint|p1a: Cinderace
|
|upkeep
|
|t:|1758343552
|switch|p1a: Latios|Latios, M, shiny|100/100
|turn|15
|
|t:|1758343569
|switch|p2a: Clefable|Clefable, F|100/100
|move|p1a: Latios|Luster Purge|p2a: Clefable
|-damage|p2a: Clefable|49/100
|-unboost|p2a: Clefable|spd|1
|
|-heal|p2a: Clefable|56/100|[from] item: Leftovers
|upkeep
|turn|16
|
|t:|1758343586
|switch|p2a: Samurott|Samurott-Hisui, M, shiny|19/100
|move|p1a: Latios|Luster Purge|p2a: Samurott
|-immune|p2a: Samurott
|
|upkeep
|turn|17
|
|t:|1758343597
|switch|p1a: Scizor|Scizor, M|73/100
|move|p2a: Samurott|Ceaseless Edge|p1a: Scizor
|-damage|p1a: Scizor|27/100
|-sidestart|p1: Orbica|Spikes
|
|upkeep
|turn|18
|
|t:|1758343608
|move|p1a: Scizor|Bullet Punch|p2a: Samurott
|-resisted|p2a: Samurott
|-damage|p2a: Samurott|0 fnt
|faint|p2a: Samurott
|
|upkeep
|
|t:|1758343619
|switch|p2a: Great Tusk|Great Tusk, shiny|54/100
|-damage|p2a: Great Tusk|51/100|[from] Stealth Rock
|-damage|p2a: Great Tusk|39/100|[from] Spikes
|turn|19
|
|t:|1758343629
|move|p1a: Scizor|Bullet Punch|p2a: Great Tusk
|-damage|p2a: Great Tusk|13/100
|move|p2a: Great Tusk|Rapid Spin|p1a: Scizor
|-resisted|p1a: Scizor
|-damage|p1a: Scizor|17/100
|-boost|p2a: Great Tusk|spe|1
|-sideend|p2: ORAS_appreciater|Spikes|[from] move: Rapid Spin|[of] p2a: Great Tusk
|-sideend|p2: ORAS_appreciater|Stealth Rock|[from] move: Rapid Spin|[of] p2a: Great Tusk
|
|upkeep
|turn|20
|
|t:|1758343647
|move|p1a: Scizor|Bullet Punch|p2a: Great Tusk
|-damage|p2a: Great Tusk|0 fnt
|faint|p2a: Great Tusk
|-end|p2a: Great Tusk|Protosynthesis|[silent]
|
|upkeep
|
|t:|1758343658
|switch|p2a: Zamazenta|Zamazenta|100/100
|-ability|p2a: Zamazenta|Dauntless Shield|boost
|-boost|p2a: Zamazenta|def|1
|turn|21
|
|t:|1758343665
|move|p1a: Scizor|Bullet Punch|p2a: Zamazenta
|-damage|p2a: Zamazenta|78/100
|move|p2a: Zamazenta|Crunch|p1a: Scizor
|-damage|p1a: Scizor|0 fnt
|faint|p1a: Scizor
|
|upkeep
|
|t:|1758343680
|switch|p1a: Latios|Latios, M, shiny|100/100
|turn|22
|
|t:|1758343688
|-terastallize|p2a: Zamazenta|Dark
|-terastallize|p1a: Latios|Steel
|move|p2a: Zamazenta|Crunch|p1a: Latios
|-damage|p1a: Latios|43/100
|-unboost|p1a: Latios|def|1
|move|p1a: Latios|Luster Purge|p2a: Zamazenta
|-immune|p2a: Zamazenta
|
|upkeep
|turn|23
|
|t:|1758343699
|switch|p1a: Alomomola|Alomomola, M|100/100
|-damage|p1a: Alomomola|88/100|[from] Spikes
|move|p2a: Zamazenta|Crunch|p1a: Alomomola
|-crit|p1a: Alomomola
|-damage|p1a: Alomomola|55/100
|
|upkeep
|turn|24
|
|t:|1758343711
|switch|p2a: Kyurem|Kyurem|69/100
|-ability|p2a: Kyurem|Pressure
|move|p1a: Alomomola|Wish|p1a: Alomomola
|
|upkeep
|turn|25
|inactive|ORAS_appreciater has 120 seconds left.
|
|t:|1758343746
|switch|p1a: Tyranitar|Tyranitar, F|100/100
|-damage|p1a: Tyranitar|88/100|[from] Spikes
|-weather|Sandstorm|[from] ability: Sand Stream|[of] p1a: Tyranitar
|move|p2a: Kyurem|Freeze-Dry|p1a: Tyranitar
|-damage|p1a: Tyranitar|62/100
|
|-weather|Sandstorm|[upkeep]
|-damage|p2a: Kyurem|63/100|[from] Sandstorm
|-heal|p1a: Tyranitar|100/100|[from] move: Wish|[wisher] Alomomola
|upkeep
|turn|26
|inactive|ORAS_appreciater has 120 seconds left.
|
|t:|1758343760
|switch|p2a: Clefable|Clefable, F|56/100
|move|p1a: Tyranitar|Rock Blast|p2a: Clefable
|-crit|p2a: Clefable
|-damage|p2a: Clefable|33/100
|-damage|p2a: Clefable|20/100
|-damage|p2a: Clefable|5/100
|-hitcount|p2a: Clefable|3
|
|-weather|Sandstorm|[upkeep]
|-heal|p2a: Clefable|11/100|[from] item: Leftovers
|upkeep
|turn|27
|inactive|ORAS_appreciater has 120 seconds left.
|
|t:|1758343777
|move|p1a: Tyranitar|Rock Blast|p2a: Clefable
|-damage|p2a: Clefable|0 fnt
|faint|p2a: Clefable
|-hitcount|p2: Clefable|1
|
|-weather|Sandstorm|[upkeep]
|upkeep
|
|t:|1758343783
|switch|p2a: Kyurem|Kyurem|63/100
|-ability|p2a: Kyurem|Pressure
|turn|28
|
|t:|1758343799
|move|p2a: Kyurem|Earth Power|p1a: Tyranitar
|-supereffective|p1a: Tyranitar
|-damage|p1a: Tyranitar|58/100
|move|p1a: Tyranitar|Rock Blast|p2a: Kyurem
|-supereffective|p2a: Kyurem
|-damage|p2a: Kyurem|38/100
|-supereffective|p2a: Kyurem
|-damage|p2a: Kyurem|14/100
|-supereffective|p2a: Kyurem
|-damage|p2a: Kyurem|0 fnt
|faint|p2a: Kyurem
|-hitcount|p2: Kyurem|3
|
|-weather|Sandstorm|[upkeep]
|upkeep
|inactive|ORAS_appreciater has 120 seconds left.
|
|t:|1758343810
|switch|p2a: Zamazenta|Zamazenta, tera:Dark|78/100
|turn|29
|
|t:|1758343830
|move|p2a: Zamazenta|Close Combat|p1a: Tyranitar
|-supereffective|p1a: Tyranitar
|-damage|p1a: Tyranitar|0 fnt
|-unboost|p2a: Zamazenta|def|1
|-unboost|p2a: Zamazenta|spd|1
|faint|p1a: Tyranitar
|
|-weather|none
|upkeep
|
|t:|1758343836
|switch|p1a: Alomomola|Alomomola, M|89/100
|-damage|p1a: Alomomola|76/100|[from] Spikes
|turn|30
|
|t:|1758343855
|switch|p2a: Gholdengo|Gholdengo|100/100
|-item|p2a: Gholdengo|Air Balloon
|move|p1a: Alomomola|Play Rough|p2a: Gholdengo
|-resisted|p2a: Gholdengo
|-damage|p2a: Gholdengo|95/100
|-enditem|p2a: Gholdengo|Air Balloon
|
|upkeep
|turn|31
|
|t:|1758343869
|switch|p1a: Goodra|Goodra-Hisui, M|100/100
|-damage|p1a: Goodra|88/100|[from] Spikes
|move|p2a: Gholdengo|Thunder Wave|p1a: Goodra
|-status|p1a: Goodra|par
|
|upkeep
|turn|32
|
|t:|1758343881
|switch|p2a: Zamazenta|Zamazenta, tera:Dark|78/100
|cant|p1a: Goodra|par
|
|upkeep
|turn|33
|
|t:|1758343890
|switch|p1a: Alomomola|Alomomola, M|100/100
|-damage|p1a: Alomomola|88/100|[from] Spikes
|move|p2a: Zamazenta|Roar|p1a: Alomomola
|drag|p1a: Goodra|Goodra-Hisui, M|88/100 par
|-damage|p1a: Goodra|76/100 par|[from] Spikes
|
|upkeep
|turn|34
|
|t:|1758343910
|switch|p1a: Alomomola|Alomomola, M|100/100
|-damage|p1a: Alomomola|88/100|[from] Spikes
|move|p2a: Zamazenta|Close Combat|p1a: Alomomola
|-damage|p1a: Alomomola|52/100
|-unboost|p2a: Zamazenta|def|1
|-unboost|p2a: Zamazenta|spd|1
|
|upkeep
|turn|35
|
|t:|1758343920
|switch|p2a: Gholdengo|Gholdengo|95/100
|move|p1a: Alomomola|Aqua Jet|p2a: Gholdengo
|-damage|p2a: Gholdengo|87/100
|
|upkeep
|turn|36
|
|t:|1758343927
|switch|p1a: Goodra|Goodra-Hisui, M|76/100 par
|-damage|p1a: Goodra|63/100 par|[from] Spikes
|move|p2a: Gholdengo|Hex|p1a: Goodra
|-crit|p1a: Goodra
|-damage|p1a: Goodra|34/100 par
|
|upkeep
|turn|37
|
|t:|1758343938
|switch|p2a: Zamazenta|Zamazenta, tera:Dark|78/100
|move|p1a: Goodra|Draco Meteor|p2a: Zamazenta
|-damage|p2a: Zamazenta|24/100
|-unboost|p1a: Goodra|spa|2
|
|upkeep
|turn|38
|inactive|Orbica has 120 seconds left.
|inactive|Orbica has 90 seconds left.
|inactive|Orbica has 60 seconds left.
|inactive|Orbica has 30 seconds left.
|inactive|Orbica has 20 seconds left.
|inactive|Orbica has 15 seconds left.
|inactive|Orbica has 10 seconds left.
|inactive|Orbica has 5 seconds left.
|-message|Orbica lost due to inactivity.
|
|win|ORAS_appreciater
|raw|Orbica's rating: 1275 &rarr; <strong>1249</strong><br />(-26 for losing)
|raw|ORAS_appreciater's rating: 1256 &rarr; <strong>1282</strong><br />(+26 for winning)
|l|☆ORAS_appreciater
|player|p2|
|l|‽Orbica
|player|p1|
