|j|‽user.cancel
|j|☆tony93420
|t:|1758324817
|gametype|singles
|player|p1|user.cancel|bugcatcher-gen4dp|1253
|player|p2|tony93420|hugh|1280
|gen|9
|tier|[Gen 9] OU
|rated|
|rule|HP Percentage Mod: HP is shown in percentages
|rule|Endless Battle Clause: Forcing endless battles is banned
|rule|Species Clause: Limit one of each Pokémon
|rule|OHKO Clause: OHKO moves are banned
|rule|Evasion Items Clause: Evasion items are banned
|rule|Evasion Moves Clause: Evasion moves are banned
|rule|Evasion Abilities Clause: Evasion abilities are banned
|rule|Sleep Moves Clause: Sleep-inducing moves are banned
|clearpoke
|poke|p1|Walking Wake|
|poke|p1|Torkoal, M|
|poke|p1|Great Tusk|
|poke|p1|Clodsire, F|
|poke|p1|Ceruledge, F|
|poke|p1|Munkidori, M|
|poke|p2|Gliscor, M|
|poke|p2|Cinderace, M|
|poke|p2|Moltres|
|poke|p2|Dragonite, M|
|poke|p2|Ogerpon-Cornerstone, F|
|poke|p2|Donphan, M|
|teampreview
|inactive|Battle timer is ON: inactive players will automatically lose when time's up. (requested by tony93420)
|
|t:|1758324825
|teamsize|p1|6
|teamsize|p2|6
|start
|switch|p1a: Munkidori|Munkidori, M|100/100
|switch|p2a: Ogerpon|Ogerpon-Cornerstone, F|100/100
|turn|1
|
|t:|1758324831
|move|p1a: Munkidori|Sludge Wave|p2a: Ogerpon
|-damage|p2a: Ogerpon|40/100
|move|p2a: Ogerpon|Ivy Cudgel|p1a: Munkidori|[anim] Ivy Cudgel Rock
|-damage|p1a: Munkidori|10/100
|
|upkeep
|turn|2
|
|t:|1758324838
|move|p2a: Ogerpon|Spiky Shield|p2a: Ogerpon
|-singleturn|p2a: Ogerpon|move: Protect
|move|p1a: Munkidori|Sludge Wave|p2a: Ogerpon
|-activate|p2a: Ogerpon|move: Protect
|
|upkeep
|turn|3
|
|t:|1758324843
|switch|p2a: Gliscor|Gliscor, M, shiny|100/100
|move|p1a: Munkidori|Sludge Wave|p2a: Gliscor
|-resisted|p2a: Gliscor
|-damage|p2a: Gliscor|67/100
|
|-status|p2a: Gliscor|tox|[from] item: Toxic Orb
|upkeep
|turn|4
|
|t:|1758324853
|switch|p1a: Walking Wake|Walking Wake|100/100
|move|p2a: Gliscor|Earthquake|p1a: Walking Wake
|-damage|p1a: Walking Wake|51/100
|
|-heal|p2a: Gliscor|79/100 tox|[from] ability: Poison Heal
|upkeep
|turn|5
|
|t:|1758324866
|switch|p2a: Ogerpon|Ogerpon-Cornerstone, F|40/100
|move|p1a: Walking Wake|Hydro Steam|p2a: Ogerpon
|-damage|p2a: Ogerpon|0 fnt
|faint|p2a: Ogerpon
|
|upkeep
|
|t:|1758324871
|switch|p2a: Dragonite|Dragonite, M|100/100
|turn|6
|
|t:|1758324875
|-end|p1a: Walking Wake|Protosynthesis|[silent]
|switch|p1a: Torkoal|Torkoal, M|100/100
|-weather|SunnyDay|[from] ability: Drought|[of] p1a: Torkoal
|move|p2a: Dragonite|Dragon Dance|p2a: Dragonite
|-boost|p2a: Dragonite|atk|1
|-boost|p2a: Dragonite|spe|1
|
|-weather|SunnyDay|[upkeep]
|upkeep
|turn|7
|
|t:|1758324882
|move|p2a: Dragonite|Earthquake|p1a: Torkoal
|-supereffective|p1a: Torkoal
|-damage|p1a: Torkoal|36/100
|move|p1a: Torkoal|Will-O-Wisp|p2a: Dragonite
|-status|p2a: Dragonite|brn
|
|-weather|SunnyDay|[upkeep]
|-damage|p2a: Dragonite|94/100 brn|[from] brn
|upkeep
|turn|8
|
|t:|1758324886
|switch|p1a: Great Tusk|Great Tusk|100/100
|-activate|p1a: Great Tusk|ability: Protosynthesis
|-start|p1a: Great Tusk|protosynthesisdef
|move|p2a: Dragonite|Dragon Dance|p2a: Dragonite
|-boost|p2a: Dragonite|atk|1
|-boost|p2a: Dragonite|spe|1
|
|-weather|SunnyDay|[upkeep]
|-heal|p2a: Dragonite|100/100 brn|[from] item: Leftovers
|-damage|p2a: Dragonite|94/100 brn|[from] brn
|upkeep
|turn|9
|
|t:|1758324893
|move|p2a: Dragonite|Ice Spinner|p1a: Great Tusk
|-supereffective|p1a: Great Tusk
|-damage|p1a: Great Tusk|78/100
|-damage|p2a: Dragonite|78/100 brn|[from] item: Rocky Helmet|[of] p1a: Great Tusk
|move|p1a: Great Tusk|Ice Spinner|p2a: Dragonite
|-supereffective|p2a: Dragonite
|-damage|p2a: Dragonite|0 fnt
|faint|p2a: Dragonite
|
|-weather|SunnyDay|[upkeep]
|upkeep
|
|t:|1758324901
|switch|p2a: Moltres|Moltres|100/100
|turn|10
|
|t:|1758324905
|move|p2a: Moltres|Flamethrower|p1a: Great Tusk
|-damage|p1a: Great Tusk|0 fnt
|faint|p1a: Great Tusk
|-end|p1a: Great Tusk|Protosynthesis|[silent]
|
|-weather|SunnyDay|[upkeep]
|upkeep
|
|t:|1758324910
|switch|p1a: Walking Wake|Walking Wake|51/100
|-activate|p1a: Walking Wake|ability: Protosynthesis
|-start|p1a: Walking Wake|protosynthesisspe
|turn|11
|
|t:|1758324915
|move|p1a: Walking Wake|Hydro Steam|p2a: Moltres
|-supereffective|p2a: Moltres
|-damage|p2a: Moltres|0 fnt
|faint|p2a: Moltres
|
|-weather|SunnyDay|[upkeep]
|upkeep
|
|t:|1758324919
|switch|p2a: Cinderace|Cinderace, M, shiny|100/100
|turn|12
|
|t:|1758324921
|move|p2a: Cinderace|Sucker Punch|p1a: Walking Wake
|-start|p2a: Cinderace|typechange|Dark|[from] ability: Libero
|-damage|p1a: Walking Wake|13/100
|move|p1a: Walking Wake|Hydro Steam|p2a: Cinderace
|-crit|p2a: Cinderace
|-damage|p2a: Cinderace|0 fnt
|faint|p2a: Cinderace
|
|-weather|SunnyDay|[upkeep]
|upkeep
|
|t:|1758324928
|switch|p2a: Donphan|Donphan, M|100/100
|turn|13
|
|t:|1758324934
|-end|p1a: Walking Wake|Protosynthesis|[silent]
|switch|p1a: Clodsire|Clodsire, F|100/100
|move|p2a: Donphan|Ice Shard|p1a: Clodsire
|-supereffective|p1a: Clodsire
|-damage|p1a: Clodsire|78/100
|
|-weather|none
|-heal|p1a: Clodsire|84/100|[from] item: Leftovers
|upkeep
|turn|14
|
|t:|1758324941
|move|p2a: Donphan|Rapid Spin|p1a: Clodsire
|-damage|p1a: Clodsire|70/100
|-boost|p2a: Donphan|spe|1
|move|p1a: Clodsire|Toxic|p2a: Donphan
|-status|p2a: Donphan|tox
|
|-heal|p1a: Clodsire|76/100|[from] item: Leftovers
|-damage|p2a: Donphan|94/100 tox|[from] psn
|upkeep
|turn|15
|
|t:|1758324947
|move|p2a: Donphan|Earthquake|p1a: Clodsire
|-supereffective|p1a: Clodsire
|-damage|p1a: Clodsire|0 fnt
|faint|p1a: Clodsire
|
|-damage|p2a: Donphan|82/100 tox|[from] psn
|upkeep
|
|t:|1758324953
|switch|p1a: Munkidori|Munkidori, M|10/100
|turn|16
|
|t:|1758324961
|move|p1a: Munkidori|Psychic|p2a: Donphan
|-damage|p2a: Donphan|41/100 tox
|-unboost|p2a: Donphan|spd|1
|move|p2a: Donphan|Rapid Spin|p1a: Munkidori
|-damage|p1a: Munkidori|0 fnt
|-boost|p2a: Donphan|spe|1
|faint|p1a: Munkidori
|
|-damage|p2a: Donphan|22/100 tox|[from] psn
|upkeep
|
|t:|1758324970
|switch|p1a: Torkoal|Torkoal, M|36/100
|-weather|SunnyDay|[from] ability: Drought|[of] p1a: Torkoal
|turn|17
|
|t:|1758324976
|move|p2a: Donphan|Earthquake|p1a: Torkoal
|-supereffective|p1a: Torkoal
|-damage|p1a: Torkoal|0 fnt
|faint|p1a: Torkoal
|
|-weather|SunnyDay|[upkeep]
|-damage|p2a: Donphan|0 fnt|[from] psn
|faint|p2a: Donphan
|upkeep
|
|t:|1758324980
|switch|p2a: Gliscor|Gliscor, M, shiny|79/100 tox
|switch|p1a: Walking Wake|Walking Wake|13/100
|-activate|p1a: Walking Wake|ability: Protosynthesis
|-start|p1a: Walking Wake|protosynthesisspe
|turn|18
|
|t:|1758324983
|-terastallize|p2a: Gliscor|Normal
|move|p1a: Walking Wake|Hydro Steam|p2a: Gliscor
|-crit|p2a: Gliscor
|-damage|p2a: Gliscor|0 fnt
|faint|p2a: Gliscor
|
|win|user.cancel
|raw|user.cancel's rating: 1253 &rarr; <strong>1280</strong><br />(+27 for winning)
|raw|tony93420's rating: 1280 &rarr; <strong>1253</strong><br />(-27 for losing)
|l|☆tony93420
|player|p2|
|l|‽user.cancel
|player|p1|
