|j|☆Dinoquin123
|j|☆nlemartyr
|t:|1758232369
|gametype|singles
|player|p1|Dinoquin123|lucas|1114
|player|p2|nlemartyr|102|1085
|gen|9
|tier|[Gen 9] OU
|rated|
|rule|HP Percentage Mod: HP is shown in percentages
|rule|Endless Battle Clause: Forcing endless battles is banned
|rule|Species Clause: Limit one of each Pokémon
|rule|OHKO Clause: OHKO moves are banned
|rule|Evasion Items Clause: Evasion items are banned
|rule|Evasion Moves Clause: Evasion moves are banned
|rule|Evasion Abilities Clause: Evasion abilities are banned
|rule|Sleep Moves Clause: Sleep-inducing moves are banned
|clearpoke
|poke|p1|Phione|
|poke|p1|Pelipper, M|
|poke|p1|Diancie|
|poke|p1|Lumineon, F|
|poke|p1|Glimmora, M|
|poke|p1|Azelf|
|poke|p2|Galvantula, F|
|poke|p2|Corviknight, M|
|poke|p2|Iron Moth|
|poke|p2|Landorus-Therian, M|
|poke|p2|Clefable, M|
|poke|p2|Kingambit, F|
|teampreview
|
|t:|1758232386
|teamsize|p1|6
|teamsize|p2|6
|start
|switch|p1a: Glimmora|Glimmora, M|100/100
|switch|p2a: Clefable|Clefable, M|100/100
|turn|1
|
|t:|1758232391
|move|p1a: Glimmora|Stealth Rock|p2a: Clefable
|-sidestart|p2: nlemartyr|move: Stealth Rock
|move|p2a: Clefable|Thunder Wave|p1a: Glimmora|[miss]
|-miss|p2a: Clefable|p1a: Glimmora
|
|upkeep
|turn|2
|
|t:|1758232404
|move|p1a: Glimmora|Power Gem|p2a: Clefable
|-damage|p2a: Clefable|57/100
|move|p2a: Clefable|Thunder Wave|p1a: Glimmora
|-status|p1a: Glimmora|par
|
|-heal|p2a: Clefable|63/100|[from] item: Leftovers
|upkeep
|turn|3
|
|t:|1758232411
|move|p2a: Clefable|Stealth Rock|p1a: Glimmora
|-sidestart|p1: Dinoquin123|move: Stealth Rock
|move|p1a: Glimmora|Power Gem|p2a: Clefable
|-damage|p2a: Clefable|20/100
|
|-heal|p2a: Clefable|26/100|[from] item: Leftovers
|upkeep
|turn|4
|
|t:|1758232417
|move|p2a: Clefable|Moonblast|p1a: Glimmora
|-resisted|p1a: Glimmora
|-damage|p1a: Glimmora|82/100 par
|move|p1a: Glimmora|Mortal Spin|p2a: Clefable
|-supereffective|p2a: Clefable
|-damage|p2a: Clefable|16/100
|-status|p2a: Clefable|psn
|-sideend|p1: Dinoquin123|Stealth Rock|[from] move: Mortal Spin|[of] p1a: Glimmora
|
|-heal|p2a: Clefable|22/100 psn|[from] item: Leftovers
|-heal|p1a: Glimmora|88/100 par|[from] item: Leftovers
|upkeep
|turn|5
|
|t:|1758232425
|move|p2a: Clefable|Moonlight|p2a: Clefable
|-heal|p2a: Clefable|72/100 psn
|move|p1a: Glimmora|Power Gem|p2a: Clefable
|-damage|p2a: Clefable|32/100 psn
|
|-heal|p2a: Clefable|38/100 psn|[from] item: Leftovers
|-heal|p1a: Glimmora|94/100 par|[from] item: Leftovers
|upkeep
|turn|6
|
|t:|1758232433
|move|p2a: Clefable|Moonlight|p2a: Clefable
|-heal|p2a: Clefable|88/100 psn
|move|p1a: Glimmora|Power Gem|p2a: Clefable
|-damage|p2a: Clefable|42/100 psn
|
|-heal|p2a: Clefable|48/100 psn|[from] item: Leftovers
|-heal|p1a: Glimmora|100/100 par|[from] item: Leftovers
|upkeep
|turn|7
|
|t:|1758232444
|switch|p1a: Pelipper|Pelipper, M|100/100
|-weather|RainDance|[from] ability: Drizzle|[of] p1a: Pelipper
|move|p2a: Clefable|Moonlight|p2a: Clefable
|-heal|p2a: Clefable|73/100 psn
|
|-weather|RainDance|[upkeep]
|-heal|p2a: Clefable|79/100 psn|[from] item: Leftovers
|upkeep
|turn|8
|
|t:|1758232452
|move|p1a: Pelipper|Knock Off|p2a: Clefable
|-resisted|p2a: Clefable
|-damage|p2a: Clefable|75/100 psn
|-enditem|p2a: Clefable|Leftovers|[from] move: Knock Off|[of] p1a: Pelipper
|move|p2a: Clefable|Stealth Rock|p1a: Pelipper
|-sidestart|p1: Dinoquin123|move: Stealth Rock
|
|-weather|RainDance|[upkeep]
|upkeep
|turn|9
|
|t:|1758232458
|move|p1a: Pelipper|U-turn|p2a: Clefable
|-resisted|p2a: Clefable
|-damage|p2a: Clefable|72/100 psn
|
|t:|1758232469
|switch|p1a: Lumineon|Lumineon, F|100/100|[from] U-turn
|-damage|p1a: Lumineon|88/100|[from] Stealth Rock
|move|p2a: Clefable|Thunder Wave|p1a: Lumineon|[miss]
|-miss|p2a: Clefable|p1a: Lumineon
|
|-weather|RainDance|[upkeep]
|upkeep
|turn|10
|
|t:|1758232477
|move|p1a: Lumineon|Alluring Voice|p2a: Clefable
|-damage|p2a: Clefable|53/100 psn
|-enditem|p1a: Lumineon|Throat Spray
|-boost|p1a: Lumineon|spa|1|[from] item: Throat Spray
|move|p2a: Clefable|Thunder Wave|p1a: Lumineon
|-status|p1a: Lumineon|par
|
|-weather|RainDance|[upkeep]
|upkeep
|turn|11
|
|t:|1758232485
|move|p1a: Lumineon|Hydro Pump|p2a: Clefable
|-damage|p2a: Clefable|0 fnt
|faint|p2a: Clefable
|
|-weather|RainDance|[upkeep]
|upkeep
|inactive|Battle timer is ON: inactive players will automatically lose when time's up. (requested by Dinoquin123)
|
|t:|1758232520
|switch|p2a: Corviknight|Corviknight, M|100/100
|-damage|p2a: Corviknight|88/100|[from] Stealth Rock
|-ability|p2a: Corviknight|Pressure
|turn|12
|
|t:|1758232528
|move|p1a: Lumineon|Hydro Pump|p2a: Corviknight
|-damage|p2a: Corviknight|0 fnt
|faint|p2a: Corviknight
|
|-weather|RainDance|[upkeep]
|upkeep
|
|t:|1758232542
|switch|p2a: Iron Moth|Iron Moth|100/100
|-damage|p2a: Iron Moth|76/100|[from] Stealth Rock
|-enditem|p2a: Iron Moth|Booster Energy
|-activate|p2a: Iron Moth|ability: Quark Drive|[fromitem]
|-start|p2a: Iron Moth|quarkdrivespe
|turn|13
|
|t:|1758232546
|move|p2a: Iron Moth|Substitute|p2a: Iron Moth
|-start|p2a: Iron Moth|Substitute
|-damage|p2a: Iron Moth|51/100
|move|p1a: Lumineon|Hydro Pump|p2a: Iron Moth
|-supereffective|p2a: Iron Moth
|-end|p2a: Iron Moth|Substitute
|
|-weather|RainDance|[upkeep]
|upkeep
|turn|14
|
|t:|1758232551
|move|p2a: Iron Moth|Substitute|p2a: Iron Moth
|-start|p2a: Iron Moth|Substitute
|-damage|p2a: Iron Moth|26/100
|cant|p1a: Lumineon|par
|
|-weather|none
|upkeep
|turn|15
|
|t:|1758232559
|move|p2a: Iron Moth|Fiery Dance|p1a: Lumineon
|-resisted|p1a: Lumineon
|-damage|p1a: Lumineon|63/100 par
|move|p1a: Lumineon|Hydro Pump|p2a: Iron Moth
|-supereffective|p2a: Iron Moth
|-end|p2a: Iron Moth|Substitute
|
|upkeep
|turn|16
|
|t:|1758232567
|move|p2a: Iron Moth|Sludge Wave|p1a: Lumineon
|-damage|p1a: Lumineon|0 fnt
|faint|p1a: Lumineon
|
|upkeep
|
|t:|1758232575
|switch|p1a: Azelf|Azelf|100/100
|-damage|p1a: Azelf|88/100|[from] Stealth Rock
|turn|17
|
|t:|1758232585
|move|p2a: Iron Moth|Sludge Wave|p1a: Azelf
|-damage|p1a: Azelf|6/100
|-status|p1a: Azelf|psn
|move|p1a: Azelf|Dazzling Gleam|p2a: Iron Moth
|-resisted|p2a: Iron Moth
|-damage|p2a: Iron Moth|19/100
|
|-damage|p1a: Azelf|0 fnt|[from] psn
|faint|p1a: Azelf
|upkeep
|
|t:|1758232594
|switch|p1a: Diancie|Diancie|100/100
|-damage|p1a: Diancie|88/100|[from] Stealth Rock
|turn|18
|
|t:|1758232599
|move|p2a: Iron Moth|Sludge Wave|p1a: Diancie
|-damage|p1a: Diancie|40/100
|move|p1a: Diancie|Meteor Beam||[still]
|-prepare|p1a: Diancie|Meteor Beam
|-boost|p1a: Diancie|spa|1
|-enditem|p1a: Diancie|Power Herb
|-anim|p1a: Diancie|Meteor Beam|p2a: Iron Moth
|-supereffective|p2a: Iron Moth
|-crit|p2a: Iron Moth
|-damage|p2a: Iron Moth|0 fnt
|faint|p2a: Iron Moth
|-end|p2a: Iron Moth|Quark Drive|[silent]
|
|upkeep
|
|t:|1758232611
|switch|p2a: Galvantula|Galvantula, F|100/100
|-damage|p2a: Galvantula|76/100|[from] Stealth Rock
|turn|19
|
|t:|1758232614
|move|p2a: Galvantula|Sticky Web|p1a: Diancie
|-sidestart|p1: Dinoquin123|move: Sticky Web
|move|p1a: Diancie|Rock Polish|p1a: Diancie
|-boost|p1a: Diancie|spe|2
|
|upkeep
|turn|20
|
|t:|1758232623
|move|p1a: Diancie|Earth Power|p2a: Galvantula
|-damage|p2a: Galvantula|0 fnt
|faint|p2a: Galvantula
|
|upkeep
|
|t:|1758232631
|switch|p2a: Landorus|Landorus-Therian, M|100/100
|-damage|p2a: Landorus|88/100|[from] Stealth Rock
|-ability|p2a: Landorus|Intimidate|boost
|-fail|p1a: Diancie|unboost|[from] ability: Clear Body|[of] p1a: Diancie
|turn|21
|
|t:|1758232639
|move|p1a: Diancie|Moonblast|p2a: Landorus
|-damage|p2a: Landorus|0 fnt
|faint|p2a: Landorus
|
|upkeep
|
|t:|1758232643
|switch|p2a: Kingambit|Kingambit, F|100/100
|-damage|p2a: Kingambit|94/100|[from] Stealth Rock
|-activate|p2a: Kingambit|ability: Supreme Overlord
|-start|p2a: Kingambit|fallen5|[silent]
|turn|22
|
|t:|1758232646
|move|p2a: Kingambit|Sucker Punch|p1a: Diancie
|-resisted|p1a: Diancie
|-damage|p1a: Diancie|5/100
|move|p1a: Diancie|Earth Power|p2a: Kingambit
|-supereffective|p2a: Kingambit
|-damage|p2a: Kingambit|18/100
|
|upkeep
|turn|23
|
|t:|1758232655
|move|p2a: Kingambit|Sucker Punch||[still]
|-fail|p2a: Kingambit
|move|p1a: Diancie|Rock Polish|p1a: Diancie
|-boost|p1a: Diancie|spe|2
|
|upkeep
|turn|24
|
|t:|1758232660
|move|p2a: Kingambit|Sucker Punch||[still]
|-fail|p2a: Kingambit
|move|p1a: Diancie|Rock Polish|p1a: Diancie
|-boost|p1a: Diancie|spe|2
|
|upkeep
|turn|25
|
|t:|1758232662
|move|p2a: Kingambit|Sucker Punch|p1a: Diancie
|-resisted|p1a: Diancie
|-damage|p1a: Diancie|0 fnt
|faint|p1a: Diancie
|
|upkeep
|
|t:|1758232665
|switch|p1a: Pelipper|Pelipper, M|100/100
|-damage|p1a: Pelipper|75/100|[from] Stealth Rock
|-weather|RainDance|[from] ability: Drizzle|[of] p1a: Pelipper
|turn|26
|
|t:|1758232675
|move|p1a: Pelipper|Hurricane|p2a: Kingambit
|-resisted|p2a: Kingambit
|-damage|p2a: Kingambit|0 fnt
|faint|p2a: Kingambit
|-end|p2a: Kingambit|fallen5|[silent]
|
|win|Dinoquin123
|raw|Dinoquin123's rating: 1114 &rarr; <strong>1137</strong><br />(+23 for winning)
|raw|nlemartyr's rating: 1085 &rarr; <strong>1064</strong><br />(-21 for losing)
|l|☆nlemartyr
|player|p2|
|l|☆Dinoquin123
|player|p1|
