|j|☆walmartface
|j|☆Artenshi
|t:|1758297766
|gametype|singles
|player|p1|walmartface|1|1049
|player|p2|Artenshi|bruno|1071
|gen|9
|tier|[Gen 9] OU
|rated|
|rule|HP Percentage Mod: HP is shown in percentages
|rule|Endless Battle Clause: Forcing endless battles is banned
|rule|Species Clause: Limit one of each Pokémon
|rule|OHKO Clause: OHKO moves are banned
|rule|Evasion Items Clause: Evasion items are banned
|rule|Evasion Moves Clause: Evasion moves are banned
|rule|Evasion Abilities Clause: Evasion abilities are banned
|rule|Sleep Moves Clause: Sleep-inducing moves are banned
|clearpoke
|poke|p1|Trevenant, M|
|poke|p1|Gholdengo|
|poke|p1|Gengar, F|
|poke|p1|Chandelure, M|
|poke|p1|Garchomp, F|
|poke|p1|Iron Valiant|
|poke|p2|Sylveon, F|
|poke|p2|Pawmot, M|
|poke|p2|Amoonguss, F|
|poke|p2|Iron Moth|
|poke|p2|Gholdengo|
|poke|p2|Dragonite, F|
|teampreview
|
|t:|1758297779
|teamsize|p1|6
|teamsize|p2|6
|start
|switch|p1a: Chandelure|Chandelure, M, shiny|100/100
|switch|p2a: Dragonite|Dragonite, F|100/100
|turn|1
|
|t:|1758297786
|move|p2a: Dragonite|Aqua Tail|p1a: Chandelure
|-supereffective|p1a: Chandelure
|-damage|p1a: Chandelure|0 fnt
|faint|p1a: Chandelure
|
|upkeep
|
|t:|1758297793
|switch|p1a: Garchomp|Garchomp, F|100/100
|turn|2
|
|t:|1758297802
|-terastallize|p2a: Dragonite|Normal
|move|p2a: Dragonite|Ice Spinner|p1a: Garchomp
|-supereffective|p1a: Garchomp
|-damage|p1a: Garchomp|0 fnt
|-damage|p2a: Dragonite|88/100|[from] ability: Rough Skin|[of] p1a: Garchomp
|-damage|p2a: Dragonite|72/100|[from] item: Rocky Helmet|[of] p1a: Garchomp
|faint|p1a: Garchomp
|
|upkeep
|
|t:|1758297813
|switch|p1a: Gengar|Gengar, F, shiny|100/100
|turn|3
|
|t:|1758297823
|move|p1a: Gengar|Thunder|p2a: Dragonite|[miss]
|-miss|p1a: Gengar|p2a: Dragonite
|move|p2a: Dragonite|Scale Shot|p1a: Gengar
|-damage|p1a: Gengar|72/100
|-damage|p1a: Gengar|42/100
|-start|p2a: Dragonite|Disable|Scale Shot|[from] ability: Cursed Body|[of] p1a: Gengar
|-damage|p1a: Gengar|13/100
|-damage|p1a: Gengar|0 fnt
|faint|p1a: Gengar
|-hitcount|p1: Gengar|4
|-unboost|p2a: Dragonite|def|1
|-boost|p2a: Dragonite|spe|1
|
|upkeep
|
|t:|1758297849
|switch|p1a: Trevenant|Trevenant, M, shiny|100/100
|turn|4
|
|t:|1758297863
|move|p2a: Dragonite|Earthquake|p1a: Trevenant
|-resisted|p1a: Trevenant
|-damage|p1a: Trevenant|80/100
|move|p1a: Trevenant|Rock Slide|p2a: Dragonite
|-damage|p2a: Dragonite|30/100
|
|upkeep
|turn|5
|
|t:|1758297872
|switch|p2a: Iron Moth|Iron Moth|100/100
|-enditem|p2a: Iron Moth|Booster Energy
|-activate|p2a: Iron Moth|ability: Quark Drive|[fromitem]
|-start|p2a: Iron Moth|quarkdrivespe
|move|p1a: Trevenant|Wood Hammer|p2a: Iron Moth
|-resisted|p2a: Iron Moth
|-damage|p2a: Iron Moth|79/100
|-damage|p1a: Trevenant|74/100|[from] Recoil
|
|upkeep
|turn|6
|l|☆walmartface
|player|p1|
|j|☆walmartface
|player|p1|walmartface|1|
|inactive|Battle timer is ON: inactive players will automatically lose when time's up. (requested by Artenshi)
|-message|walmartface forfeited.
|
|win|Artenshi
|raw|walmartface's rating: 1049 &rarr; <strong>1033</strong><br />(-16 for losing)
|raw|Artenshi's rating: 1071 &rarr; <strong>1098</strong><br />(+27 for winning)
|l|☆walmartface
|player|p1|
