|j|☆mighelycodyy
|j|☆G982342
|t:|1758377969
|gametype|singles
|player|p1|mighelycodyy|n|1089
|player|p2|G982342|169|1130
|gen|9
|tier|[Gen 9] OU
|rated|
|rule|HP Percentage Mod: HP is shown in percentages
|rule|Endless Battle Clause: Forcing endless battles is banned
|rule|Species Clause: Limit one of each Pokémon
|rule|OHKO Clause: OHKO moves are banned
|rule|Evasion Items Clause: Evasion items are banned
|rule|Evasion Moves Clause: Evasion moves are banned
|rule|Evasion Abilities Clause: Evasion abilities are banned
|rule|Sleep Moves Clause: Sleep-inducing moves are banned
|clearpoke
|poke|p1|Meganium, F|
|poke|p1|Delphox, M|
|poke|p1|Raichu, F|
|poke|p1|Hawlucha, F|
|poke|p1|Greninja-*, M|
|poke|p1|Froslass, F|
|poke|p2|Ogerpon-Cornerstone, F|
|poke|p2|Glimmora, M|
|poke|p2|Greninja-*, M|
|poke|p2|Raging Bolt|
|poke|p2|Maushold|
|poke|p2|Scizor, M|
|teampreview
|inactive|Battle timer is ON: inactive players will automatically lose when time's up. (requested by mighelycodyy)
|
|t:|1758377983
|teamsize|p1|6
|teamsize|p2|6
|start
|switch|p1a: Greninja|Greninja, M|100/100
|switch|p2a: Ogerpon|Ogerpon-Cornerstone, F|100/100
|turn|1
|
|t:|1758378000
|switch|p1a: Raichu|Raichu, F|100/100
|-item|p1a: Raichu|Air Balloon
|move|p2a: Ogerpon|Trailblaze|p1a: Raichu
|-damage|p1a: Raichu|37/100
|-boost|p2a: Ogerpon|spe|1
|-enditem|p1a: Raichu|Air Balloon
|
|upkeep
|turn|2
|
|t:|1758378010
|move|p2a: Ogerpon|Ivy Cudgel|p1a: Raichu|[anim] Ivy Cudgel Rock
|-damage|p1a: Raichu|0 fnt
|faint|p1a: Raichu
|
|upkeep
|
|t:|1758378015
|switch|p1a: Hawlucha|Hawlucha, F|100/100
|turn|3
|
|t:|1758378028
|move|p2a: Ogerpon|Ivy Cudgel|p1a: Hawlucha|[anim] Ivy Cudgel Rock
|-damage|p1a: Hawlucha|17/100
|move|p1a: Hawlucha|Sky Attack||[still]
|-prepare|p1a: Hawlucha|Sky Attack
|-enditem|p1a: Hawlucha|Power Herb
|-anim|p1a: Hawlucha|Sky Attack|p2a: Ogerpon|[miss]
|-miss|p1a: Hawlucha|p2a: Ogerpon
|
|upkeep
|turn|4
|
|t:|1758378040
|move|p1a: Hawlucha|Close Combat|p2a: Ogerpon
|-supereffective|p2a: Ogerpon
|-ability|p2a: Ogerpon|Sturdy
|-damage|p2a: Ogerpon|1/100
|-unboost|p1a: Hawlucha|def|1
|-unboost|p1a: Hawlucha|spd|1
|move|p2a: Ogerpon|Ivy Cudgel|p1a: Hawlucha|[anim] Ivy Cudgel Rock
|-damage|p1a: Hawlucha|0 fnt
|faint|p1a: Hawlucha
|
|upkeep
|
|t:|1758378043
|switch|p1a: Greninja|Greninja, M|100/100
|turn|5
|
|t:|1758378054
|move|p1a: Greninja|Water Shuriken|p2a: Ogerpon
|-damage|p2a: Ogerpon|0 fnt
|faint|p2a: Ogerpon
|-ability|p1a: Greninja|Battle Bond|boost
|-boost|p1a: Greninja|atk|1
|-boost|p1a: Greninja|spa|1
|-boost|p1a: Greninja|spe|1
|-activate|p1a: Greninja|ability: Battle Bond
|-hitcount|p2: Ogerpon|1
|-damage|p1a: Greninja|91/100|[from] item: Life Orb
|
|upkeep
|inactive|G982342 has 120 seconds left.
|
|t:|1758378080
|switch|p2a: Glimmora|Glimmora, M|100/100
|turn|6
|
|t:|1758378089
|move|p1a: Greninja|Water Shuriken|p2a: Glimmora
|-supereffective|p2a: Glimmora
|-damage|p2a: Glimmora|68/100
|-supereffective|p2a: Glimmora
|-damage|p2a: Glimmora|32/100
|-supereffective|p2a: Glimmora
|-damage|p2a: Glimmora|0 fnt
|faint|p2a: Glimmora
|-hitcount|p2: Glimmora|3
|-damage|p1a: Greninja|81/100|[from] item: Life Orb
|
|upkeep
|
|t:|1758378101
|switch|p2a: Raging Bolt|Raging Bolt|100/100
|-enditem|p2a: Raging Bolt|Booster Energy
|-activate|p2a: Raging Bolt|ability: Protosynthesis|[fromitem]
|-start|p2a: Raging Bolt|protosynthesisspa
|turn|7
|
|t:|1758378109
|move|p2a: Raging Bolt|Thunderclap|p1a: Greninja
|-supereffective|p1a: Greninja
|-damage|p1a: Greninja|0 fnt
|faint|p1a: Greninja
|
|upkeep
|
|t:|1758378111
|switch|p1a: Froslass|Froslass, F|100/100
|turn|8
|
|t:|1758378118
|move|p1a: Froslass|Frost Breath|p2a: Raging Bolt
|-supereffective|p2a: Raging Bolt
|-crit|p2a: Raging Bolt
|-damage|p2a: Raging Bolt|44/100
|move|p2a: Raging Bolt|Thunderbolt|p1a: Froslass
|-damage|p1a: Froslass|0 fnt
|faint|p1a: Froslass
|
|upkeep
|
|t:|1758378124
|switch|p1a: Meganium|Meganium, F|100/100
|turn|9
|
|t:|1758378136
|-end|p2a: Raging Bolt|Protosynthesis|[silent]
|switch|p2a: Scizor|Scizor, M|100/100
|move|p1a: Meganium|Earthquake|p2a: Scizor
|-damage|p2a: Scizor|75/100
|
|upkeep
|turn|10
|
|t:|1758378145
|switch|p1a: Delphox|Delphox, M, shiny|100/100
|move|p2a: Scizor|U-turn|p1a: Delphox
|-damage|p1a: Delphox|7/100
|
|t:|1758378152
|switch|p2a: Greninja|Greninja, M|100/100|[from] U-turn
|
|upkeep
|turn|11
|
|t:|1758378160
|switch|p1a: Meganium|Meganium, F|100/100
|move|p2a: Greninja|Dark Pulse|p1a: Meganium
|-damage|p1a: Meganium|42/100
|-enditem|p1a: Meganium|Sitrus Berry|[eat]
|-heal|p1a: Meganium|67/100|[from] item: Sitrus Berry
|
|upkeep
|turn|12
|
|t:|1758378170
|switch|p2a: Maushold|Maushold|100/100
|move|p1a: Meganium|Trailblaze|p2a: Maushold
|-damage|p2a: Maushold|69/100
|-boost|p1a: Meganium|spe|1
|
|upkeep
|turn|13
|
|t:|1758378178
|-terastallize|p1a: Meganium|Steel
|move|p1a: Meganium|Swords Dance|p1a: Meganium
|-boost|p1a: Meganium|atk|2
|move|p2a: Maushold|Population Bomb|p1a: Meganium
|-resisted|p1a: Meganium
|-damage|p1a: Meganium|61/100
|-resisted|p1a: Meganium
|-damage|p1a: Meganium|56/100
|-resisted|p1a: Meganium
|-damage|p1a: Meganium|50/100
|-resisted|p1a: Meganium
|-damage|p1a: Meganium|43/100
|-resisted|p1a: Meganium
|-damage|p1a: Meganium|37/100
|-resisted|p1a: Meganium
|-damage|p1a: Meganium|31/100
|-resisted|p1a: Meganium
|-damage|p1a: Meganium|25/100
|-resisted|p1a: Meganium
|-damage|p1a: Meganium|19/100
|-resisted|p1a: Meganium
|-damage|p1a: Meganium|13/100
|-resisted|p1a: Meganium
|-damage|p1a: Meganium|6/100
|-hitcount|p1a: Meganium|10
|
|upkeep
|turn|14
|
|t:|1758378189
|move|p1a: Meganium|Knock Off|p2a: Maushold
|-damage|p2a: Maushold|0 fnt
|-enditem|p2a: Maushold|Wide Lens|[from] move: Knock Off|[of] p1a: Meganium
|faint|p2a: Maushold
|
|upkeep
|
|t:|1758378194
|switch|p2a: Scizor|Scizor, M|75/100
|turn|15
|-message|mighelycodyy forfeited.
|
|win|G982342
|raw|mighelycodyy's rating: 1089 &rarr; <strong>1068</strong><br />(-21 for losing)
|raw|G982342's rating: 1130 &rarr; <strong>1152</strong><br />(+22 for winning)
|l|☆mighelycodyy
|player|p1|
|l|☆G982342
|player|p2|
