|j|☆taywimz
|j|☆Reeelbadman
|t:|1758302445
|gametype|singles
|player|p1|taywimz|roxie|1443
|player|p2|Reeelbadman|cynthia-gen4|1476
|gen|9
|tier|[Gen 9] OU
|rated|
|rule|HP Percentage Mod: HP is shown in percentages
|rule|Endless Battle Clause: Forcing endless battles is banned
|rule|Species Clause: Limit one of each Pokémon
|rule|OHKO Clause: OHKO moves are banned
|rule|Evasion Items Clause: Evasion items are banned
|rule|Evasion Moves Clause: Evasion moves are banned
|rule|Evasion Abilities Clause: Evasion abilities are banned
|rule|Sleep Moves Clause: Sleep-inducing moves are banned
|clearpoke
|poke|p1|Dragonite, F|
|poke|p1|Gholdengo|
|poke|p1|Regidrago|
|poke|p1|Scizor, F|
|poke|p1|Ting-Lu|
|poke|p1|Weezing-Galar, M|
|poke|p2|Walking Wake|
|poke|p2|Scream Tail|
|poke|p2|Hatterene, F|
|poke|p2|Ninetales, F|
|poke|p2|Dragonite, M|
|poke|p2|Kingambit, F|
|teampreview
|inactive|Battle timer is ON: inactive players will automatically lose when time's up. (requested by Reeelbadman)
|inactive|taywimz has 120 seconds left.
|
|t:|1758302490
|teamsize|p1|6
|teamsize|p2|6
|start
|switch|p1a: Ting-Lu|Ting-Lu, shiny|100/100
|switch|p2a: Ninetales|Ninetales, F, shiny|100/100
|-weather|SunnyDay|[from] ability: Drought|[of] p2a: Ninetales
|-ability|p1a: Ting-Lu|Vessel of Ruin
|turn|1
|
|t:|1758302514
|move|p2a: Ninetales|Will-O-Wisp|p1a: Ting-Lu
|-status|p1a: Ting-Lu|brn
|move|p1a: Ting-Lu|Stealth Rock|p2a: Ninetales
|-sidestart|p2: Reeelbadman|move: Stealth Rock
|
|-weather|SunnyDay|[upkeep]
|-damage|p1a: Ting-Lu|94/100 brn|[from] brn
|upkeep
|turn|2
|
|t:|1758302523
|move|p2a: Ninetales|Encore|p1a: Ting-Lu
|-start|p1a: Ting-Lu|Encore
|move|p1a: Ting-Lu|Stealth Rock||[still]
|-fail|p1a: Ting-Lu
|
|-weather|SunnyDay|[upkeep]
|-heal|p1a: Ting-Lu|100/100 brn|[from] item: Leftovers
|-damage|p1a: Ting-Lu|94/100 brn|[from] brn
|upkeep
|turn|3
|inactive|taywimz has 120 seconds left.
|
|t:|1758302568
|switch|p1a: Regidrago|Regidrago, shiny|100/100
|move|p2a: Ninetales|Flamethrower|p1a: Regidrago
|-resisted|p1a: Regidrago
|-damage|p1a: Regidrago|74/100
|
|-weather|SunnyDay|[upkeep]
|upkeep
|turn|4
|inactiveoff|Battle timer is now OFF.
|
|t:|1758302590
|-terastallize|p1a: Regidrago|Steel
|move|p1a: Regidrago|Tera Blast|p2a: Ninetales|[anim] Tera Blast Steel
|-resisted|p2a: Ninetales
|-damage|p2a: Ninetales|80/100
|move|p2a: Ninetales|Scorching Sands|p1a: Regidrago
|-supereffective|p1a: Regidrago
|-damage|p1a: Regidrago|32/100
|
|-weather|SunnyDay|[upkeep]
|upkeep
|turn|5
|
|t:|1758302615
|switch|p1a: Ting-Lu|Ting-Lu, shiny|94/100 brn
|-ability|p1a: Ting-Lu|Vessel of Ruin
|move|p2a: Ninetales|Flamethrower|p1a: Ting-Lu
|-damage|p1a: Ting-Lu|72/100 brn
|
|-weather|SunnyDay|[upkeep]
|-heal|p1a: Ting-Lu|78/100 brn|[from] item: Leftovers
|-damage|p1a: Ting-Lu|72/100 brn|[from] brn
|upkeep
|turn|6
|
|t:|1758302650
|move|p2a: Ninetales|Flamethrower|p1a: Ting-Lu
|-damage|p1a: Ting-Lu|52/100 brn
|move|p1a: Ting-Lu|Earthquake|p2a: Ninetales
|-supereffective|p2a: Ninetales
|-damage|p2a: Ninetales|26/100
|
|-weather|SunnyDay|[upkeep]
|-heal|p1a: Ting-Lu|58/100 brn|[from] item: Leftovers
|-damage|p1a: Ting-Lu|52/100 brn|[from] brn
|upkeep
|turn|7
|
|t:|1758302671
|switch|p2a: Walking Wake|Walking Wake|100/100
|-damage|p2a: Walking Wake|88/100|[from] Stealth Rock
|-activate|p2a: Walking Wake|ability: Protosynthesis
|-start|p2a: Walking Wake|protosynthesisspa
|move|p1a: Ting-Lu|Ruination|p2a: Walking Wake
|-damage|p2a: Walking Wake|44/100
|
|-weather|SunnyDay|[upkeep]
|-heal|p1a: Ting-Lu|58/100 brn|[from] item: Leftovers
|-damage|p1a: Ting-Lu|52/100 brn|[from] brn
|upkeep
|turn|8
|
|t:|1758302732
|switch|p1a: Weezing|Weezing-Galar, M, shiny|100/100
|-ability|p1a: Weezing|Neutralizing Gas
|move|p2a: Walking Wake|Hydro Steam|p1a: Weezing
|-damage|p1a: Weezing|0 fnt
|faint|p1a: Weezing
|-end|p1a: Weezing|ability: Neutralizing Gas
|
|-weather|none
|-end|p2a: Walking Wake|Protosynthesis
|upkeep
|
|t:|1758302752
|switch|p1a: Gholdengo|Gholdengo, shiny|100/100
|turn|9
|
|t:|1758302767
|-end|p2a: Walking Wake|Protosynthesis|[silent]
|switch|p2a: Ninetales|Ninetales, F, shiny|26/100
|-damage|p2a: Ninetales|1/100|[from] Stealth Rock
|-weather|SunnyDay|[from] ability: Drought|[of] p2a: Ninetales
|move|p1a: Gholdengo|Thunderbolt|p2a: Ninetales
|-damage|p2a: Ninetales|0 fnt
|faint|p2a: Ninetales
|
|-weather|SunnyDay|[upkeep]
|upkeep
|inactive|Battle timer is ON: inactive players will automatically lose when time's up. (requested by taywimz)
|
|t:|1758302800
|switch|p2a: Walking Wake|Walking Wake|44/100
|-damage|p2a: Walking Wake|32/100|[from] Stealth Rock
|-activate|p2a: Walking Wake|ability: Protosynthesis
|-start|p2a: Walking Wake|protosynthesisspa
|turn|10
|inactive|taywimz has 120 seconds left.
|
|t:|1758302826
|move|p2a: Walking Wake|Hydro Steam|p1a: Gholdengo
|-damage|p1a: Gholdengo|0 fnt
|faint|p1a: Gholdengo
|
|-weather|SunnyDay|[upkeep]
|upkeep
|
|t:|1758302833
|switch|p1a: Regidrago|Regidrago, shiny, tera:Steel|32/100
|turn|11
|
|t:|1758302846
|-end|p2a: Walking Wake|Protosynthesis|[silent]
|switch|p2a: Scream Tail|Scream Tail|100/100
|-activate|p2a: Scream Tail|ability: Protosynthesis
|-start|p2a: Scream Tail|protosynthesisspe
|move|p1a: Regidrago|Draco Meteor|p2a: Scream Tail
|-immune|p2a: Scream Tail
|
|-weather|SunnyDay|[upkeep]
|upkeep
|turn|12
|
|t:|1758302865
|switch|p1a: Scizor|Scizor, F, shiny|100/100
|move|p2a: Scream Tail|Wish|p2a: Scream Tail
|
|-weather|SunnyDay|[upkeep]
|upkeep
|turn|13
|inactive|Reeelbadman has 120 seconds left.
|
|t:|1758302918
|-end|p2a: Scream Tail|Protosynthesis|[silent]
|switch|p2a: Hatterene|Hatterene, F|100/100
|-damage|p2a: Hatterene|88/100|[from] Stealth Rock
|move|p1a: Scizor|U-turn|p2a: Hatterene
|-crit|p2a: Hatterene
|-damage|p2a: Hatterene|0 fnt
|faint|p2a: Hatterene
|inactive|taywimz has 90 seconds left.
|
|t:|1758302939
|switch|p1a: Dragonite|Dragonite, F, shiny|100/100|[from] U-turn
|
|-weather|SunnyDay|[upkeep]
|upkeep
|
|t:|1758302942
|switch|p2a: Walking Wake|Walking Wake|32/100
|-damage|p2a: Walking Wake|20/100|[from] Stealth Rock
|-activate|p2a: Walking Wake|ability: Protosynthesis
|-start|p2a: Walking Wake|protosynthesisspa
|turn|14
|
|t:|1758302951
|move|p1a: Dragonite|Extreme Speed|p2a: Walking Wake
|-damage|p2a: Walking Wake|0 fnt
|faint|p2a: Walking Wake
|-end|p2a: Walking Wake|Protosynthesis|[silent]
|
|-weather|SunnyDay|[upkeep]
|upkeep
|inactive|Reeelbadman has 120 seconds left.
|
|t:|1758302960
|switch|p2a: Scream Tail|Scream Tail|100/100
|-activate|p2a: Scream Tail|ability: Protosynthesis
|-start|p2a: Scream Tail|protosynthesisspe
|turn|15
|
|t:|1758302977
|move|p2a: Scream Tail|Thunder Wave|p1a: Dragonite
|-status|p1a: Dragonite|par
|move|p1a: Dragonite|Dragon Dance|p1a: Dragonite
|-boost|p1a: Dragonite|atk|1
|-boost|p1a: Dragonite|spe|1
|
|-weather|SunnyDay|[upkeep]
|upkeep
|turn|16
|
|t:|1758302986
|move|p2a: Scream Tail|Dazzling Gleam|p1a: Dragonite
|-supereffective|p1a: Dragonite
|-damage|p1a: Dragonite|80/100 par
|move|p1a: Dragonite|Dragon Dance|p1a: Dragonite
|-boost|p1a: Dragonite|atk|1
|-boost|p1a: Dragonite|spe|1
|
|-weather|none
|-end|p2a: Scream Tail|Protosynthesis
|upkeep
|turn|17
|
|t:|1758303000
|move|p2a: Scream Tail|Encore|p1a: Dragonite
|-start|p1a: Dragonite|Encore
|move|p1a: Dragonite|Dragon Dance|p1a: Dragonite
|-boost|p1a: Dragonite|atk|1
|-boost|p1a: Dragonite|spe|1
|
|upkeep
|turn|18
|inactive|Reeelbadman has 120 seconds left.
|
|t:|1758303034
|switch|p1a: Scizor|Scizor, F, shiny|100/100
|move|p2a: Scream Tail|Dazzling Gleam|p1a: Scizor
|-resisted|p1a: Scizor
|-damage|p1a: Scizor|88/100
|
|upkeep
|turn|19
|
|t:|1758303043
|move|p1a: Scizor|Bullet Punch|p2a: Scream Tail
|-supereffective|p2a: Scream Tail
|-damage|p2a: Scream Tail|18/100
|move|p2a: Scream Tail|Thunder Wave|p1a: Scizor
|-status|p1a: Scizor|par
|
|upkeep
|turn|20
|
|t:|1758303055
|move|p1a: Scizor|Bullet Punch|p2a: Scream Tail
|-supereffective|p2a: Scream Tail
|-damage|p2a: Scream Tail|0 fnt
|faint|p2a: Scream Tail
|-end|p2a: Scream Tail|Protosynthesis|[silent]
|
|upkeep
|
|t:|1758303060
|switch|p2a: Dragonite|Dragonite, M|100/100
|turn|21
|
|t:|1758303065
|cant|p1a: Scizor|par
|move|p2a: Dragonite|Dragon Dance|p2a: Dragonite
|-boost|p2a: Dragonite|atk|1
|-boost|p2a: Dragonite|spe|1
|
|upkeep
|turn|22
|
|t:|1758303076
|move|p1a: Scizor|Bullet Punch|p2a: Dragonite
|-damage|p2a: Dragonite|70/100
|move|p2a: Dragonite|Earthquake|p1a: Scizor
|-crit|p1a: Scizor
|-damage|p1a: Scizor|0 fnt
|faint|p1a: Scizor
|
|upkeep
|inactive|taywimz has 120 seconds left.
|
|t:|1758303104
|switch|p1a: Regidrago|Regidrago, shiny, tera:Steel|32/100
|turn|23
|
|t:|1758303113
|-terastallize|p2a: Dragonite|Normal
|move|p2a: Dragonite|Extreme Speed|p1a: Regidrago
|-resisted|p1a: Regidrago
|-damage|p1a: Regidrago|0 fnt
|faint|p1a: Regidrago
|
|upkeep
|
|t:|1758303124
|switch|p1a: Dragonite|Dragonite, F, shiny|80/100 par
|turn|24
|inactive|taywimz has 90 seconds left.
|
|t:|1758303156
|move|p1a: Dragonite|Extreme Speed|p2a: Dragonite
|-damage|p2a: Dragonite|34/100
|move|p2a: Dragonite|Ice Spinner|p1a: Dragonite
|-supereffective|p1a: Dragonite
|-damage|p1a: Dragonite|0 fnt
|faint|p1a: Dragonite
|
|upkeep
|inactive|taywimz has 90 seconds left.
|-message|taywimz forfeited.
|
|win|Reeelbadman
|raw|taywimz's rating: 1443 &rarr; <strong>1425</strong><br />(-18 for losing)
|raw|Reeelbadman's rating: 1476 &rarr; <strong>1494</strong><br />(+18 for winning)
|l|☆taywimz
|player|p1|
