|j|☆metakill4r
|j|☆Yothas
|t:|1758310208
|gametype|singles
|player|p1|metakill4r|n|1394
|player|p2|Yothas|2|1317
|gen|9
|tier|[Gen 9] OU
|rated|
|rule|HP Percentage Mod: HP is shown in percentages
|rule|Endless Battle Clause: Forcing endless battles is banned
|rule|Species Clause: Limit one of each Pokémon
|rule|OHKO Clause: OHKO moves are banned
|rule|Evasion Items Clause: Evasion items are banned
|rule|Evasion Moves Clause: Evasion moves are banned
|rule|Evasion Abilities Clause: Evasion abilities are banned
|rule|Sleep Moves Clause: Sleep-inducing moves are banned
|clearpoke
|poke|p1|Great Tusk|
|poke|p1|Slowking-Galar, F|
|poke|p1|Zapdos|
|poke|p1|Cinderace, M|
|poke|p1|Crawdaunt, F|
|poke|p1|Gholdengo|
|poke|p2|Slaking, F|
|poke|p2|Clodsire, F|
|poke|p2|Clefable, F|
|poke|p2|Medicham, M|
|poke|p2|Landorus-Therian, M|
|poke|p2|Blastoise, M|
|teampreview
|inactive|Battle timer is ON: inactive players will automatically lose when time's up. (requested by Yothas)
|
|t:|1758310220
|teamsize|p1|6
|teamsize|p2|6
|start
|switch|p1a: Crawdaunt|Crawdaunt, F|100/100
|switch|p2a: Slaking|Slaking, F|100/100
|turn|1
|
|t:|1758310228
|switch|p1a: Gholdengo|Gholdengo|100/100
|move|p2a: Slaking|Giga Impact|p1a: Gholdengo
|-immune|p1a: Gholdengo
|
|upkeep
|turn|2
|
|t:|1758310236
|switch|p2a: Clodsire|Clodsire, F|100/100
|move|p1a: Gholdengo|Make It Rain|p2a: Clodsire
|-damage|p2a: Clodsire|67/100
|-unboost|p1a: Gholdengo|spa|1
|
|-heal|p2a: Clodsire|73/100|[from] item: Leftovers
|upkeep
|turn|3
|
|t:|1758310245
|switch|p1a: Great Tusk|Great Tusk|100/100
|move|p2a: Clodsire|Spikes|p1a: Great Tusk
|-sidestart|p1: metakill4r|Spikes
|
|-heal|p2a: Clodsire|79/100|[from] item: Leftovers
|upkeep
|turn|4
|
|t:|1758310250
|switch|p2a: Clefable|Clefable, F|100/100
|move|p1a: Great Tusk|Stealth Rock|p2a: Clefable
|-sidestart|p2: Yothas|move: Stealth Rock
|
|upkeep
|turn|5
|
|t:|1758310259
|-end|p1a: Great Tusk|Protosynthesis|[silent]
|switch|p1a: Slowking|Slowking-Galar, F|100/100
|-damage|p1a: Slowking|88/100|[from] Spikes
|move|p2a: Clefable|Thunder Wave|p1a: Slowking|[miss]
|-miss|p2a: Clefable|p1a: Slowking
|
|upkeep
|turn|6
|
|t:|1758310265
|move|p2a: Clefable|Thunder Wave|p1a: Slowking
|-status|p1a: Slowking|par
|cant|p1a: Slowking|par
|
|upkeep
|turn|7
|
|t:|1758310271
|switch|p2a: Slaking|Slaking, F|100/100
|-damage|p2a: Slaking|88/100|[from] Stealth Rock
|move|p1a: Slowking|Sludge Bomb|p2a: Slaking
|-damage|p2a: Slaking|44/100
|
|upkeep
|turn|8
|
|t:|1758310278
|switch|p1a: Great Tusk|Great Tusk|100/100
|-damage|p1a: Great Tusk|88/100|[from] Spikes
|move|p2a: Slaking|Knock Off|p1a: Great Tusk
|-resisted|p1a: Great Tusk
|-damage|p1a: Great Tusk|70/100
|-damage|p2a: Slaking|27/100|[from] item: Rocky Helmet|[of] p1a: Great Tusk
|-enditem|p1a: Great Tusk|Rocky Helmet|[from] move: Knock Off|[of] p2a: Slaking
|
|upkeep
|turn|9
|
|t:|1758310288
|switch|p2a: Clefable|Clefable, F|100/100
|-damage|p2a: Clefable|88/100|[from] Stealth Rock
|move|p1a: Great Tusk|Rapid Spin|p2a: Clefable
|-damage|p2a: Clefable|77/100
|-boost|p1a: Great Tusk|spe|1
|-sideend|p1: metakill4r|Spikes|[from] move: Rapid Spin|[of] p1a: Great Tusk
|
|-heal|p2a: Clefable|83/100|[from] item: Leftovers
|upkeep
|turn|10
|
|t:|1758310301
|-end|p1a: Great Tusk|Protosynthesis|[silent]
|switch|p1a: Slowking|Slowking-Galar, F|100/100 par
|move|p2a: Clefable|Stealth Rock|p1a: Slowking
|-sidestart|p1: metakill4r|move: Stealth Rock
|
|-heal|p2a: Clefable|90/100|[from] item: Leftovers
|upkeep
|turn|11
|
|t:|1758310319
|switch|p2a: Clodsire|Clodsire, F|79/100
|-damage|p2a: Clodsire|73/100|[from] Stealth Rock
|move|p1a: Slowking|Psyshock|p2a: Clodsire
|-supereffective|p2a: Clodsire
|-damage|p2a: Clodsire|0 fnt
|faint|p2a: Clodsire
|
|upkeep
|
|t:|1758310332
|switch|p2a: Slaking|Slaking, F|27/100
|-damage|p2a: Slaking|15/100|[from] Stealth Rock
|turn|12
|
|t:|1758310338
|switch|p1a: Gholdengo|Gholdengo|100/100
|-damage|p1a: Gholdengo|94/100|[from] Stealth Rock
|move|p2a: Slaking|Earthquake|p1a: Gholdengo
|-supereffective|p1a: Gholdengo
|-damage|p1a: Gholdengo|0 fnt
|faint|p1a: Gholdengo
|
|upkeep
|
|t:|1758310343
|switch|p1a: Great Tusk|Great Tusk|70/100
|-damage|p1a: Great Tusk|67/100|[from] Stealth Rock
|turn|13
|
|t:|1758310350
|switch|p2a: Landorus|Landorus-Therian, M|100/100
|-damage|p2a: Landorus|88/100|[from] Stealth Rock
|-ability|p2a: Landorus|Intimidate|boost
|-unboost|p1a: Great Tusk|atk|1
|move|p1a: Great Tusk|Rapid Spin|p2a: Landorus
|-damage|p2a: Landorus|75/100
|-boost|p1a: Great Tusk|spe|1
|-sideend|p1: metakill4r|Stealth Rock|[from] move: Rapid Spin|[of] p1a: Great Tusk
|
|upkeep
|turn|14
|c|☆metakill4r|I respect using Slacking btw
|
|t:|1758310364
|move|p1a: Great Tusk|Ice Spinner|p2a: Landorus
|-supereffective|p2a: Landorus
|-damage|p2a: Landorus|0 fnt
|faint|p2a: Landorus
|
|upkeep
|
|t:|1758310369
|switch|p2a: Medicham|Medicham, M, shiny|100/100
|-damage|p2a: Medicham|94/100|[from] Stealth Rock
|turn|15
|
|t:|1758310374
|move|p1a: Great Tusk|Headlong Rush|p2a: Medicham
|-damage|p2a: Medicham|40/100
|-unboost|p1a: Great Tusk|def|1
|-unboost|p1a: Great Tusk|spd|1
|move|p2a: Medicham|Ice Punch|p1a: Great Tusk
|-supereffective|p1a: Great Tusk
|-damage|p1a: Great Tusk|4/100
|-status|p1a: Great Tusk|frz
|
|upkeep
|turn|16
|
|t:|1758310382
|-curestatus|p1a: Great Tusk|frz|[msg]
|move|p1a: Great Tusk|Headlong Rush|p2a: Medicham
|-damage|p2a: Medicham|0 fnt
|-unboost|p1a: Great Tusk|def|1
|-unboost|p1a: Great Tusk|spd|1
|faint|p2a: Medicham
|
|upkeep
|
|t:|1758310386
|switch|p2a: Blastoise|Blastoise, M, shiny|100/100
|-damage|p2a: Blastoise|88/100|[from] Stealth Rock
|turn|17
|
|t:|1758310391
|move|p1a: Great Tusk|Headlong Rush|p2a: Blastoise
|-damage|p2a: Blastoise|63/100
|-unboost|p1a: Great Tusk|def|1
|-unboost|p1a: Great Tusk|spd|1
|move|p2a: Blastoise|Rapid Spin|p1a: Great Tusk
|-damage|p1a: Great Tusk|0 fnt
|-boost|p2a: Blastoise|spe|1
|-sideend|p2: Yothas|Stealth Rock|[from] move: Rapid Spin|[of] p2a: Blastoise
|faint|p1a: Great Tusk
|-end|p1a: Great Tusk|Protosynthesis|[silent]
|
|-heal|p2a: Blastoise|69/100|[from] item: Leftovers
|upkeep
|
|t:|1758310397
|switch|p1a: Crawdaunt|Crawdaunt, F|100/100
|turn|18
|
|t:|1758310407
|switch|p2a: Clefable|Clefable, F|90/100
|move|p1a: Crawdaunt|Knock Off|p2a: Clefable
|-resisted|p2a: Clefable
|-damage|p2a: Clefable|49/100
|-enditem|p2a: Clefable|Leftovers|[from] move: Knock Off|[of] p1a: Crawdaunt
|
|upkeep
|turn|19
|
|t:|1758310414
|switch|p1a: Slowking|Slowking-Galar, F|100/100 par
|move|p2a: Clefable|Moonlight|p2a: Clefable
|-heal|p2a: Clefable|99/100
|
|upkeep
|turn|20
|
|t:|1758310421
|switch|p2a: Slaking|Slaking, F|15/100
|move|p1a: Slowking|Sludge Bomb|p2a: Slaking
|-damage|p2a: Slaking|0 fnt
|faint|p2a: Slaking
|
|upkeep
|-message|Yothas forfeited.
|
|win|metakill4r
|raw|metakill4r's rating: 1394 &rarr; <strong>1410</strong><br />(+16 for winning)
|raw|Yothas's rating: 1317 &rarr; <strong>1301</strong><br />(-16 for losing)
|l|☆Yothas
|player|p2|
|l|☆metakill4r
|player|p1|
