|j|☆traserakos
|j|☆vicWeather.report
|t:|1758365093
|gametype|singles
|player|p1|traserakos|169|1054
|player|p2|vicWeather.report|wallace|1077
|gen|9
|tier|[Gen 9] OU
|rated|
|rule|HP Percentage Mod: HP is shown in percentages
|rule|Endless Battle Clause: Forcing endless battles is banned
|rule|Species Clause: Limit one of each Pokémon
|rule|OHKO Clause: OHKO moves are banned
|rule|Evasion Items Clause: Evasion items are banned
|rule|Evasion Moves Clause: Evasion moves are banned
|rule|Evasion Abilities Clause: Evasion abilities are banned
|rule|Sleep Moves Clause: Sleep-inducing moves are banned
|clearpoke
|poke|p1|Fezandipiti, M|
|poke|p1|Donphan, F|
|poke|p1|Blastoise, F|
|poke|p1|Lucario, M|
|poke|p1|Camerupt, F|
|poke|p1|Sliggoo-Hisui, F|
|poke|p2|Clefable, F|
|poke|p2|Raging Bolt|
|poke|p2|Ninetales, M|
|poke|p2|Breloom, F|
|poke|p2|Venusaur, F|
|poke|p2|Scovillain, M|
|teampreview
|
|t:|1758365119
|teamsize|p1|6
|teamsize|p2|6
|start
|switch|p1a: Sliggoo|Sliggoo-Hisui, F|100/100
|switch|p2a: Clefable|Clefable, F|100/100
|turn|1
|
|t:|1758365130
|move|p2a: Clefable|Sunny Day|p2a: Clefable
|-weather|SunnyDay
|move|p1a: Sliggoo|Skitter Smack|p2a: Clefable
|-resisted|p2a: Clefable
|-damage|p2a: Clefable|95/100
|-unboost|p2a: Clefable|spa|1
|
|-weather|SunnyDay|[upkeep]
|upkeep
|turn|2
|
|t:|1758365142
|move|p2a: Clefable|Cosmic Power|p2a: Clefable
|-boost|p2a: Clefable|def|1
|-boost|p2a: Clefable|spd|1
|move|p1a: Sliggoo|Skitter Smack|p2a: Clefable
|-resisted|p2a: Clefable
|-damage|p2a: Clefable|92/100
|-unboost|p2a: Clefable|spa|1
|
|-weather|SunnyDay|[upkeep]
|upkeep
|turn|3
|
|t:|1758365152
|move|p2a: Clefable|Cosmic Power|p2a: Clefable
|-boost|p2a: Clefable|def|1
|-boost|p2a: Clefable|spd|1
|move|p1a: Sliggoo|Curse|p1a: Sliggoo
|-unboost|p1a: Sliggoo|spe|1
|-boost|p1a: Sliggoo|atk|1
|-boost|p1a: Sliggoo|def|1
|
|-weather|SunnyDay|[upkeep]
|upkeep
|turn|4
|
|t:|1758365169
|switch|p2a: Raging Bolt|Raging Bolt|100/100
|-activate|p2a: Raging Bolt|ability: Protosynthesis
|-start|p2a: Raging Bolt|protosynthesisspa
|move|p1a: Sliggoo|Curse|p1a: Sliggoo
|-unboost|p1a: Sliggoo|spe|1
|-boost|p1a: Sliggoo|atk|1
|-boost|p1a: Sliggoo|def|1
|
|-weather|SunnyDay|[upkeep]
|upkeep
|turn|5
|
|t:|1758365188
|move|p2a: Raging Bolt|Draco Meteor|p1a: Sliggoo
|-damage|p1a: Sliggoo|36/100
|-unboost|p2a: Raging Bolt|spa|2
|move|p1a: Sliggoo|Skitter Smack|p2a: Raging Bolt
|-damage|p2a: Raging Bolt|82/100
|-unboost|p2a: Raging Bolt|spa|1
|
|-weather|none
|-end|p2a: Raging Bolt|Protosynthesis
|upkeep
|-enditem|p2a: Raging Bolt|Booster Energy
|-activate|p2a: Raging Bolt|ability: Protosynthesis|[fromitem]
|-start|p2a: Raging Bolt|protosynthesisdef
|turn|6
|
|t:|1758365205
|move|p2a: Raging Bolt|Volt Switch|p1a: Sliggoo
|-resisted|p1a: Sliggoo
|-damage|p1a: Sliggoo|30/100
|
|t:|1758365211
|-end|p2a: Raging Bolt|Protosynthesis|[silent]
|switch|p2a: Ninetales|Ninetales, M|100/100|[from] Volt Switch
|-weather|SunnyDay|[from] ability: Drought|[of] p2a: Ninetales
|move|p1a: Sliggoo|Ice Spinner|p2a: Ninetales
|-resisted|p2a: Ninetales
|-damage|p2a: Ninetales|79/100
|
|-weather|SunnyDay|[upkeep]
|upkeep
|turn|7
|
|t:|1758365227
|switch|p2a: Raging Bolt|Raging Bolt|82/100
|-activate|p2a: Raging Bolt|ability: Protosynthesis
|-start|p2a: Raging Bolt|protosynthesisspa
|move|p1a: Sliggoo|Skitter Smack|p2a: Raging Bolt
|-damage|p2a: Raging Bolt|60/100
|-unboost|p2a: Raging Bolt|spa|1
|
|-weather|SunnyDay|[upkeep]
|upkeep
|turn|8
|
|t:|1758365242
|switch|p1a: Lucario|Lucario, M|100/100
|move|p2a: Raging Bolt|Draco Meteor|p1a: Lucario
|-resisted|p1a: Lucario
|-damage|p1a: Lucario|75/100
|-unboost|p2a: Raging Bolt|spa|2
|
|-weather|SunnyDay|[upkeep]
|upkeep
|turn|9
|
|t:|1758365255
|move|p1a: Lucario|Drain Punch|p2a: Raging Bolt
|-damage|p2a: Raging Bolt|32/100
|-heal|p1a: Lucario|94/100|[from] drain|[of] p2a: Raging Bolt
|move|p2a: Raging Bolt|Volt Switch|p1a: Lucario
|-crit|p1a: Lucario
|-damage|p1a: Lucario|22/100
|
|t:|1758365265
|-end|p2a: Raging Bolt|Protosynthesis|[silent]
|switch|p2a: Breloom|Breloom, F|100/100|[from] Volt Switch
|
|-weather|SunnyDay|[upkeep]
|upkeep
|turn|10
|
|t:|1758365272
|move|p1a: Lucario|Extreme Speed|p2a: Breloom
|-crit|p2a: Breloom
|-damage|p2a: Breloom|42/100
|move|p2a: Breloom|Growth|p2a: Breloom
|-boost|p2a: Breloom|atk|2
|-boost|p2a: Breloom|spa|2
|
|-weather|SunnyDay|[upkeep]
|upkeep
|turn|11
|
|t:|1758365282
|move|p1a: Lucario|Extreme Speed|p2a: Breloom
|-damage|p2a: Breloom|5/100
|move|p2a: Breloom|Mach Punch|p1a: Lucario
|-supereffective|p1a: Lucario
|-damage|p1a: Lucario|0 fnt
|faint|p1a: Lucario
|
|-weather|SunnyDay|[upkeep]
|upkeep
|
|t:|1758365301
|switch|p1a: Fezandipiti|Fezandipiti, M|100/100
|turn|12
|
|t:|1758365308
|-terastallize|p1a: Fezandipiti|Fighting
|move|p1a: Fezandipiti|Poison Tail|p2a: Breloom
|-supereffective|p2a: Breloom
|-damage|p2a: Breloom|0 fnt
|faint|p2a: Breloom
|
|-weather|SunnyDay|[upkeep]
|upkeep
|
|t:|1758365317
|switch|p2a: Clefable|Clefable, F|92/100
|turn|13
|
|t:|1758365329
|switch|p2a: Venusaur|Venusaur, F|100/100
|move|p1a: Fezandipiti|Double Kick|p2a: Venusaur
|-resisted|p2a: Venusaur
|-damage|p2a: Venusaur|89/100
|-resisted|p2a: Venusaur
|-damage|p2a: Venusaur|77/100
|-hitcount|p2a: Venusaur|2
|
|-weather|none
|-heal|p2a: Venusaur|83/100|[from] item: Black Sludge
|upkeep
|turn|14
|
|t:|1758365342
|switch|p2a: Clefable|Clefable, F|92/100
|move|p1a: Fezandipiti|Acrobatics|p2a: Clefable
|-damage|p2a: Clefable|76/100
|
|upkeep
|turn|15
|
|t:|1758365350
|move|p1a: Fezandipiti|Poison Tail|p2a: Clefable
|-supereffective|p2a: Clefable
|-damage|p2a: Clefable|33/100
|-enditem|p2a: Clefable|Sitrus Berry|[eat]
|-heal|p2a: Clefable|58/100|[from] item: Sitrus Berry
|move|p2a: Clefable|Sunny Day|p2a: Clefable
|-weather|SunnyDay
|
|-weather|SunnyDay|[upkeep]
|upkeep
|turn|16
|
|t:|1758365362
|move|p1a: Fezandipiti|Acrobatics|p2a: Clefable
|-damage|p2a: Clefable|43/100
|move|p2a: Clefable|Moonlight|p2a: Clefable
|-heal|p2a: Clefable|100/100
|
|-weather|SunnyDay|[upkeep]
|upkeep
|turn|17
|
|t:|1758365374
|switch|p1a: Camerupt|Camerupt, F, shiny|100/100
|move|p2a: Clefable|Cosmic Power|p2a: Clefable
|-boost|p2a: Clefable|def|1
|-boost|p2a: Clefable|spd|1
|
|-weather|SunnyDay|[upkeep]
|upkeep
|turn|18
|
|t:|1758365385
|move|p2a: Clefable|Cosmic Power|p2a: Clefable
|-boost|p2a: Clefable|def|1
|-boost|p2a: Clefable|spd|1
|move|p1a: Camerupt|Amnesia|p1a: Camerupt
|-boost|p1a: Camerupt|spd|2
|
|-weather|SunnyDay|[upkeep]
|upkeep
|turn|19
|
|t:|1758365395
|move|p2a: Clefable|Moonblast|p1a: Camerupt
|-resisted|p1a: Camerupt
|-crit|p1a: Camerupt
|-damage|p1a: Camerupt|72/100
|move|p1a: Camerupt|Amnesia|p1a: Camerupt
|-boost|p1a: Camerupt|spd|2
|
|-weather|none
|upkeep
|turn|20
|
|t:|1758365405
|move|p2a: Clefable|Moonblast|p1a: Camerupt
|-resisted|p1a: Camerupt
|-damage|p1a: Camerupt|66/100
|move|p1a: Camerupt|Amnesia|p1a: Camerupt
|-boost|p1a: Camerupt|spd|2
|
|upkeep
|turn|21
|
|t:|1758365413
|move|p2a: Clefable|Moonblast|p1a: Camerupt
|-resisted|p1a: Camerupt
|-damage|p1a: Camerupt|61/100
|move|p1a: Camerupt|Curse|p1a: Camerupt
|-unboost|p1a: Camerupt|spe|1
|-boost|p1a: Camerupt|atk|1
|-boost|p1a: Camerupt|def|1
|
|upkeep
|turn|22
|
|t:|1758365427
|move|p2a: Clefable|Sunny Day|p2a: Clefable
|-weather|SunnyDay
|move|p1a: Camerupt|Flame Charge|p2a: Clefable
|-damage|p2a: Clefable|86/100
|-boost|p1a: Camerupt|spe|1
|
|-weather|SunnyDay|[upkeep]
|upkeep
|turn|23
|
|t:|1758365441
|switch|p2a: Raging Bolt|Raging Bolt|32/100
|-activate|p2a: Raging Bolt|ability: Protosynthesis
|-start|p2a: Raging Bolt|protosynthesisspa
|move|p1a: Camerupt|Curse|p1a: Camerupt
|-unboost|p1a: Camerupt|spe|1
|-boost|p1a: Camerupt|atk|1
|-boost|p1a: Camerupt|def|1
|
|-weather|SunnyDay|[upkeep]
|upkeep
|turn|24
|
|t:|1758365456
|move|p2a: Raging Bolt|Solar Beam||[still]
|-prepare|p2a: Raging Bolt|Solar Beam
|-anim|p2a: Raging Bolt|Solar Beam|p1a: Camerupt
|-damage|p1a: Camerupt|43/100
|move|p1a: Camerupt|Flame Charge|p2a: Raging Bolt
|-resisted|p2a: Raging Bolt
|-damage|p2a: Raging Bolt|10/100
|-boost|p1a: Camerupt|spe|1
|
|-weather|SunnyDay|[upkeep]
|upkeep
|turn|25
|
|t:|1758365467
|move|p2a: Raging Bolt|Solar Beam||[still]
|-prepare|p2a: Raging Bolt|Solar Beam
|-anim|p2a: Raging Bolt|Solar Beam|p1a: Camerupt
|-damage|p1a: Camerupt|26/100
|move|p1a: Camerupt|Curse|p1a: Camerupt
|-unboost|p1a: Camerupt|spe|1
|-boost|p1a: Camerupt|atk|1
|-boost|p1a: Camerupt|def|1
|
|-weather|SunnyDay|[upkeep]
|upkeep
|turn|26
|
|t:|1758365477
|move|p2a: Raging Bolt|Solar Beam||[still]
|-prepare|p2a: Raging Bolt|Solar Beam
|-anim|p2a: Raging Bolt|Solar Beam|p1a: Camerupt
|-crit|p1a: Camerupt
|-damage|p1a: Camerupt|0 fnt
|faint|p1a: Camerupt
|
|-weather|none
|-end|p2a: Raging Bolt|Protosynthesis
|upkeep
|
|t:|1758365486
|switch|p1a: Donphan|Donphan, F|100/100
|turn|27
|
|t:|1758365490
|move|p1a: Donphan|Ice Shard|p2a: Raging Bolt
|-supereffective|p2a: Raging Bolt
|-damage|p2a: Raging Bolt|0 fnt
|faint|p2a: Raging Bolt
|-end|p2a: Raging Bolt|Protosynthesis|[silent]
|
|upkeep
|
|t:|1758365496
|switch|p2a: Clefable|Clefable, F|86/100
|turn|28
|
|t:|1758365500
|switch|p1a: Blastoise|Blastoise, F, shiny|100/100
|move|p2a: Clefable|Sunny Day|p2a: Clefable
|-weather|SunnyDay
|
|-weather|SunnyDay|[upkeep]
|upkeep
|turn|29
|
|t:|1758365508
|move|p1a: Blastoise|Shell Smash|p1a: Blastoise
|-unboost|p1a: Blastoise|def|1
|-unboost|p1a: Blastoise|spd|1
|-boost|p1a: Blastoise|atk|2
|-boost|p1a: Blastoise|spa|2
|-boost|p1a: Blastoise|spe|2
|-enditem|p1a: Blastoise|White Herb
|-clearnegativeboost|p1a: Blastoise|[silent]
|move|p2a: Clefable|Cosmic Power|p2a: Clefable
|-boost|p2a: Clefable|def|1
|-boost|p2a: Clefable|spd|1
|
|-weather|SunnyDay|[upkeep]
|upkeep
|turn|30
|
|t:|1758365521
|move|p1a: Blastoise|Aura Sphere|p2a: Clefable
|-resisted|p2a: Clefable
|-damage|p2a: Clefable|73/100
|move|p2a: Clefable|Moonblast|p1a: Blastoise
|-damage|p1a: Blastoise|65/100
|
|-weather|SunnyDay|[upkeep]
|upkeep
|turn|31
|
|t:|1758365551
|move|p1a: Blastoise|Ice Beam|p2a: Clefable
|-damage|p2a: Clefable|40/100
|move|p2a: Clefable|Moonblast|p1a: Blastoise
|-damage|p1a: Blastoise|33/100
|
|-weather|SunnyDay|[upkeep]
|upkeep
|turn|32
|
|t:|1758365559
|move|p1a: Blastoise|Ice Beam|p2a: Clefable
|-damage|p2a: Clefable|9/100
|move|p2a: Clefable|Moonblast|p1a: Blastoise
|-damage|p1a: Blastoise|1/100
|
|-weather|none
|upkeep
|turn|33
|
|t:|1758365568
|move|p1a: Blastoise|Ice Beam|p2a: Clefable
|-damage|p2a: Clefable|0 fnt
|faint|p2a: Clefable
|
|upkeep
|
|t:|1758365574
|switch|p2a: Ninetales|Ninetales, M|79/100
|-weather|SunnyDay|[from] ability: Drought|[of] p2a: Ninetales
|turn|34
|
|t:|1758365579
|move|p1a: Blastoise|Surf|p2a: Ninetales
|-supereffective|p2a: Ninetales
|-damage|p2a: Ninetales|0 fnt
|faint|p2a: Ninetales
|
|-weather|SunnyDay|[upkeep]
|upkeep
|
|t:|1758365585
|switch|p2a: Scovillain|Scovillain, M|100/100
|turn|35
|
|t:|1758365599
|move|p2a: Scovillain|Solar Beam||[still]
|-prepare|p2a: Scovillain|Solar Beam
|-anim|p2a: Scovillain|Solar Beam|p1a: Blastoise
|-supereffective|p1a: Blastoise
|-damage|p1a: Blastoise|0 fnt
|faint|p1a: Blastoise
|-damage|p2a: Scovillain|91/100|[from] item: Life Orb
|
|-weather|SunnyDay|[upkeep]
|upkeep
|
|t:|1758365611
|switch|p1a: Sliggoo|Sliggoo-Hisui, F|30/100
|turn|36
|
|t:|1758365614
|move|p2a: Scovillain|Growth|p2a: Scovillain
|-boost|p2a: Scovillain|atk|2
|-boost|p2a: Scovillain|spa|2
|move|p1a: Sliggoo|Skitter Smack|p2a: Scovillain
|-damage|p2a: Scovillain|67/100
|-unboost|p2a: Scovillain|spa|1
|
|-weather|SunnyDay|[upkeep]
|upkeep
|turn|37
|
|t:|1758365626
|move|p2a: Scovillain|Overheat|p1a: Sliggoo
|-damage|p1a: Sliggoo|0 fnt
|-unboost|p2a: Scovillain|spa|2
|faint|p1a: Sliggoo
|-damage|p2a: Scovillain|57/100|[from] item: Life Orb
|
|-weather|SunnyDay|[upkeep]
|upkeep
|
|t:|1758365654
|switch|p1a: Fezandipiti|Fezandipiti, M, tera:Fighting|100/100
|turn|38
|
|t:|1758365660
|switch|p2a: Venusaur|Venusaur, F|83/100
|move|p1a: Fezandipiti|Poison Tail|p2a: Venusaur
|-crit|p2a: Venusaur
|-damage|p2a: Venusaur|26/100
|
|-weather|SunnyDay|[upkeep]
|-heal|p2a: Venusaur|32/100|[from] item: Black Sludge
|upkeep
|turn|39
|
|t:|1758365683
|move|p2a: Venusaur|Synthesis|p2a: Venusaur
|-heal|p2a: Venusaur|99/100
|move|p1a: Fezandipiti|Poison Tail|p2a: Venusaur
|-damage|p2a: Venusaur|63/100
|
|-weather|SunnyDay|[upkeep]
|-heal|p2a: Venusaur|69/100|[from] item: Black Sludge
|upkeep
|turn|40
|
|t:|1758365693
|move|p2a: Venusaur|Growl|p1a: Fezandipiti
|-unboost|p1a: Fezandipiti|atk|1
|move|p1a: Fezandipiti|Poison Tail|p2a: Venusaur
|-damage|p2a: Venusaur|45/100
|
|-weather|SunnyDay|[upkeep]
|-heal|p2a: Venusaur|51/100|[from] item: Black Sludge
|upkeep
|turn|41
|
|t:|1758365703
|move|p2a: Venusaur|Weather Ball|p1a: Fezandipiti
|-damage|p1a: Fezandipiti|63/100
|move|p1a: Fezandipiti|Acrobatics|p2a: Venusaur
|-supereffective|p2a: Venusaur
|-damage|p2a: Venusaur|10/100
|
|-weather|none
|-heal|p2a: Venusaur|16/100|[from] item: Black Sludge
|upkeep
|turn|42
|
|t:|1758365713
|switch|p2a: Scovillain|Scovillain, M|57/100
|move|p1a: Fezandipiti|Acrobatics|p2a: Scovillain
|-supereffective|p2a: Scovillain
|-damage|p2a: Scovillain|5/100
|
|upkeep
|turn|43
|
|t:|1758365722
|move|p1a: Fezandipiti|Acrobatics|p2a: Scovillain
|-supereffective|p2a: Scovillain
|-damage|p2a: Scovillain|0 fnt
|faint|p2a: Scovillain
|
|upkeep
|
|t:|1758365728
|switch|p2a: Venusaur|Venusaur, F|16/100
|turn|44
|
|t:|1758365731
|move|p2a: Venusaur|Solar Beam||[still]
|-prepare|p2a: Venusaur|Solar Beam
|move|p1a: Fezandipiti|Acrobatics|p2a: Venusaur
|-supereffective|p2a: Venusaur
|-damage|p2a: Venusaur|0 fnt
|faint|p2a: Venusaur
|
|win|traserakos
|raw|traserakos's rating: 1054 &rarr; <strong>1088</strong><br />(+34 for winning)
|raw|vicWeather.report's rating: 1077 &rarr; <strong>1054</strong><br />(-23 for losing)
|l|☆traserakos
|player|p1|
|l|☆vicWeather.report
|player|p2|
