|j|☆efogiggergg
|j|☆Neko2006
|t:|1758267972
|gametype|singles
|player|p1|efogiggergg|170|1110
|player|p2|Neko2006|drayden|1063
|gen|9
|tier|[Gen 9] OU
|rated|
|rule|HP Percentage Mod: HP is shown in percentages
|rule|Endless Battle Clause: Forcing endless battles is banned
|rule|Species Clause: Limit one of each Pokémon
|rule|OHKO Clause: OHKO moves are banned
|rule|Evasion Items Clause: Evasion items are banned
|rule|Evasion Moves Clause: Evasion moves are banned
|rule|Evasion Abilities Clause: Evasion abilities are banned
|rule|Sleep Moves Clause: Sleep-inducing moves are banned
|clearpoke
|poke|p1|Manaphy|
|poke|p1|Alomomola, F|
|poke|p1|Slowking-Galar, M|
|poke|p1|Gliscor, M|
|poke|p1|Araquanid, F|
|poke|p1|Golduck, M|
|poke|p2|Alomomola, M|
|poke|p2|Blastoise, F|
|poke|p2|Samurott-Hisui, M|
|poke|p2|Pelipper, M|
|poke|p2|Araquanid, M|
|poke|p2|Rotom-Wash|
|teampreview
|
|t:|1758267986
|teamsize|p1|6
|teamsize|p2|6
|start
|switch|p1a: Alomomola|Alomomola, F|100/100
|switch|p2a: Blastoise|Blastoise, F|100/100
|turn|1
|
|t:|1758268001
|move|p2a: Blastoise|Shell Smash|p2a: Blastoise
|-unboost|p2a: Blastoise|def|1
|-unboost|p2a: Blastoise|spd|1
|-boost|p2a: Blastoise|atk|2
|-boost|p2a: Blastoise|spa|2
|-boost|p2a: Blastoise|spe|2
|-enditem|p2a: Blastoise|White Herb
|-clearnegativeboost|p2a: Blastoise|[silent]
|move|p1a: Alomomola|Flip Turn|p2a: Blastoise
|-resisted|p2a: Blastoise
|-damage|p2a: Blastoise|91/100
|
|t:|1758268014
|switch|p1a: Slowking|Slowking-Galar, M|100/100|[from] Flip Turn
|
|upkeep
|turn|2
|
|t:|1758268021
|move|p2a: Blastoise|Hydro Pump|p1a: Slowking
|-damage|p1a: Slowking|49/100
|move|p1a: Slowking|Thunder Wave|p2a: Blastoise
|-status|p2a: Blastoise|par
|
|upkeep
|turn|3
|
|t:|1758268032
|switch|p1a: Alomomola|Alomomola, F|100/100
|move|p2a: Blastoise|Hydro Pump|p1a: Alomomola|[miss]
|-miss|p2a: Blastoise|p1a: Alomomola
|
|upkeep
|turn|4
|
|t:|1758268045
|move|p2a: Blastoise|Rapid Spin|p1a: Alomomola
|-damage|p1a: Alomomola|92/100
|-boost|p2a: Blastoise|spe|1
|-damage|p2a: Blastoise|75/100 par|[from] item: Rocky Helmet|[of] p1a: Alomomola
|move|p1a: Alomomola|Flip Turn|p2a: Blastoise
|-resisted|p2a: Blastoise
|-damage|p2a: Blastoise|67/100 par
|
|t:|1758268057
|switch|p1a: Slowking|Slowking-Galar, M|82/100|[from] Flip Turn
|
|upkeep
|turn|5
|
|t:|1758268068
|move|p2a: Blastoise|Hydro Pump|p1a: Slowking
|-damage|p1a: Slowking|33/100
|move|p1a: Slowking|Future Sight|p2a: Blastoise
|-start|p1a: Slowking|move: Future Sight
|
|upkeep
|turn|6
|
|t:|1758268076
|switch|p1a: Alomomola|Alomomola, F|100/100
|move|p2a: Blastoise|Hydro Pump|p1a: Alomomola
|-resisted|p1a: Alomomola
|-damage|p1a: Alomomola|49/100
|
|upkeep
|turn|7
|
|t:|1758268082
|move|p1a: Alomomola|Protect|p1a: Alomomola
|-singleturn|p1a: Alomomola|Protect
|move|p2a: Blastoise|Shell Smash|p2a: Blastoise
|-unboost|p2a: Blastoise|def|1
|-unboost|p2a: Blastoise|spd|1
|-boost|p2a: Blastoise|atk|2
|-boost|p2a: Blastoise|spa|2
|-boost|p2a: Blastoise|spe|2
|
|-end|p2a: Blastoise|move: Future Sight
|-damage|p2a: Blastoise|0 fnt
|faint|p2a: Blastoise
|upkeep
|
|t:|1758268091
|switch|p2a: Rotom|Rotom-Wash|100/100
|turn|8
|
|t:|1758268103
|switch|p1a: Slowking|Slowking-Galar, M|67/100
|move|p2a: Rotom|Volt Switch|p1a: Slowking
|-damage|p1a: Slowking|45/100
|
|t:|1758268109
|switch|p2a: Araquanid|Araquanid, M|100/100|[from] Volt Switch
|
|upkeep
|turn|9
|
|t:|1758268124
|switch|p1a: Manaphy|Manaphy|100/100
|move|p2a: Araquanid|Sticky Web|p1a: Manaphy
|-sidestart|p1: efogiggergg|move: Sticky Web
|
|upkeep
|turn|10
|
|t:|1758268133
|move|p1a: Manaphy|Skill Swap|p2a: Araquanid
|-activate|p1a: Manaphy|move: Skill Swap|Water Bubble|Hydration|[of] p2a: Araquanid
|move|p2a: Araquanid|Surf|p1a: Manaphy
|-resisted|p1a: Manaphy
|-damage|p1a: Manaphy|87/100
|
|-heal|p1a: Manaphy|93/100|[from] item: Leftovers
|upkeep
|turn|11
|
|t:|1758268141
|move|p1a: Manaphy|Tail Glow|p1a: Manaphy
|-boost|p1a: Manaphy|spa|3
|move|p2a: Araquanid|Surf|p1a: Manaphy
|-resisted|p1a: Manaphy
|-damage|p1a: Manaphy|79/100
|
|-heal|p1a: Manaphy|85/100|[from] item: Leftovers
|upkeep
|turn|12
|
|t:|1758268148
|switch|p2a: Rotom|Rotom-Wash|100/100
|move|p1a: Manaphy|Tail Glow|p1a: Manaphy
|-boost|p1a: Manaphy|spa|3
|
|-heal|p1a: Manaphy|91/100|[from] item: Leftovers
|upkeep
|turn|13
|
|t:|1758268159
|-terastallize|p1a: Manaphy|Water
|move|p1a: Manaphy|Surf|p2a: Rotom
|-resisted|p2a: Rotom
|-damage|p2a: Rotom|0 fnt
|faint|p2a: Rotom
|
|-heal|p1a: Manaphy|97/100|[from] item: Leftovers
|upkeep
|
|t:|1758268164
|switch|p2a: Pelipper|Pelipper, M|100/100
|-weather|RainDance|[from] ability: Drizzle|[of] p2a: Pelipper
|turn|14
|
|t:|1758268170
|move|p1a: Manaphy|Surf|p2a: Pelipper
|-resisted|p2a: Pelipper
|-damage|p2a: Pelipper|0 fnt
|faint|p2a: Pelipper
|
|-weather|RainDance|[upkeep]
|-heal|p1a: Manaphy|100/100|[from] item: Leftovers
|upkeep
|-message|Neko2006 forfeited.
|
|win|efogiggergg
|raw|efogiggergg's rating: 1110 &rarr; <strong>1132</strong><br />(+22 for winning)
|raw|Neko2006's rating: 1063 &rarr; <strong>1046</strong><br />(-17 for losing)
|l|☆Neko2006
|player|p2|
