|j|☆PirateKingJoyBoy
|j|☆takeyouout
|t:|1758255277
|gametype|singles
|player|p1|PirateKingJoyBoy|2|1485
|player|p2|takeyouout|richboy|1498
|gen|9
|tier|[Gen 9] OU
|rated|
|rule|HP Percentage Mod: HP is shown in percentages
|rule|Endless Battle Clause: Forcing endless battles is banned
|rule|Species Clause: Limit one of each Pokémon
|rule|OHKO Clause: OHKO moves are banned
|rule|Evasion Items Clause: Evasion items are banned
|rule|Evasion Moves Clause: Evasion moves are banned
|rule|Evasion Abilities Clause: Evasion abilities are banned
|rule|Sleep Moves Clause: Sleep-inducing moves are banned
|clearpoke
|poke|p1|Cinderace, M|
|poke|p1|Landorus-Therian, M|
|poke|p1|Gholdengo|
|poke|p1|Clefable, M|
|poke|p1|Mimikyu, M|
|poke|p1|Toxapex, M|
|poke|p2|Tyranitar, F|
|poke|p2|Garganacl, M|
|poke|p2|Deoxys-Speed|
|poke|p2|Alomomola, F|
|poke|p2|Excadrill, M|
|poke|p2|Tornadus-Therian, M|
|teampreview
|
|t:|1758255357
|teamsize|p1|6
|teamsize|p2|6
|start
|switch|p1a: Gholdengo|Gholdengo|100/100
|switch|p2a: Sri Lanka|Tornadus-Therian, M|100/100
|turn|1
|
|t:|1758255368
|switch|p1a: Toxapex|Toxapex, M|100/100
|move|p2a: Sri Lanka|Dark Pulse|p1a: Toxapex
|-damage|p1a: Toxapex|79/100
|-damage|p2a: Sri Lanka|90/100|[from] item: Life Orb
|
|-heal|p1a: Toxapex|86/100|[from] item: Leftovers
|upkeep
|turn|2
|
|t:|1758255375
|switch|p2a: RockIce|Garganacl, M|100/100
|move|p1a: Toxapex|Toxic|p2a: RockIce
|-immune|p2a: RockIce|[from] ability: Purifying Salt
|
|-heal|p1a: Toxapex|92/100|[from] item: Leftovers
|upkeep
|turn|3
|
|t:|1758255385
|switch|p1a: Clefable|Clefable, M|100/100
|switch|p2a: Starscream|Excadrill, M|100/100
|
|upkeep
|turn|4
|
|t:|1758255392
|switch|p1a: Landorus|Landorus-Therian, M|100/100
|-ability|p1a: Landorus|Intimidate|boost
|-unboost|p2a: Starscream|atk|1
|move|p2a: Starscream|Iron Head|p1a: Landorus
|-damage|p1a: Landorus|57/100
|
|-heal|p1a: Landorus|63/100|[from] item: Leftovers
|upkeep
|turn|5
|
|t:|1758255400
|move|p2a: Starscream|Iron Head|p1a: Landorus
|-damage|p1a: Landorus|24/100
|cant|p1a: Landorus|flinch
|
|-heal|p1a: Landorus|30/100|[from] item: Leftovers
|upkeep
|turn|6
|
|t:|1758255408
|switch|p1a: Cinderace|Cinderace, M|100/100
|move|p2a: Starscream|Iron Head|p1a: Cinderace
|-resisted|p1a: Cinderace
|-damage|p1a: Cinderace|69/100
|
|upkeep
|turn|7
|
|t:|1758255413
|switch|p2a: Molllllyyyyy|Alomomola, F, shiny|100/100
|move|p1a: Cinderace|U-turn|p2a: Molllllyyyyy
|-start|p1a: Cinderace|typechange|Bug|[from] ability: Libero
|-damage|p2a: Molllllyyyyy|80/100
|-damage|p1a: Cinderace|53/100|[from] item: Rocky Helmet|[of] p2a: Molllllyyyyy
|
|t:|1758255421
|switch|p1a: Clefable|Clefable, M|100/100|[from] U-turn
|
|upkeep
|turn|8
|
|t:|1758255461
|move|p1a: Clefable|Thunderbolt|p2a: Molllllyyyyy
|-supereffective|p2a: Molllllyyyyy
|-damage|p2a: Molllllyyyyy|7/100
|move|p2a: Molllllyyyyy|Flip Turn|p1a: Clefable
|-damage|p1a: Clefable|82/100
|
|t:|1758255464
|switch|p2a: Starscream|Excadrill, M|100/100|[from] Flip Turn
|
|upkeep
|turn|9
|
|t:|1758255469
|-terastallize|p1a: Clefable|Fire
|move|p2a: Starscream|Iron Head|p1a: Clefable
|-resisted|p1a: Clefable
|-damage|p1a: Clefable|47/100
|cant|p1a: Clefable|flinch
|
|upkeep
|turn|10
|
|t:|1758255475
|move|p2a: Starscream|Iron Head|p1a: Clefable
|-resisted|p1a: Clefable
|-damage|p1a: Clefable|14/100
|cant|p1a: Clefable|flinch
|
|upkeep
|turn|11
|c|☆takeyouout|haha
|
|t:|1758255481
|switch|p1a: Toxapex|Toxapex, M|100/100
|move|p2a: Starscream|Iron Head|p1a: Toxapex
|-resisted|p1a: Toxapex
|-damage|p1a: Toxapex|76/100
|
|-heal|p1a: Toxapex|82/100|[from] item: Leftovers
|upkeep
|turn|12
|
|t:|1758255488
|switch|p2a: Broomhilda|Tyranitar, F, shiny|100/100
|-weather|Sandstorm|[from] ability: Sand Stream|[of] p2a: Broomhilda
|switch|p1a: Gholdengo|Gholdengo|100/100
|
|-weather|Sandstorm|[upkeep]
|upkeep
|turn|13
|
|t:|1758255495
|move|p1a: Gholdengo|Make It Rain|p2a: Broomhilda
|-supereffective|p2a: Broomhilda
|-damage|p2a: Broomhilda|44/100
|-unboost|p1a: Gholdengo|spa|1
|move|p2a: Broomhilda|Knock Off|p1a: Gholdengo
|-supereffective|p1a: Gholdengo
|-damage|p1a: Gholdengo|0 fnt
|-enditem|p1a: Gholdengo|Choice Scarf|[from] move: Knock Off|[of] p2a: Broomhilda
|faint|p1a: Gholdengo
|
|-weather|Sandstorm|[upkeep]
|upkeep
|
|t:|1758255506
|switch|p1a: Landorus|Landorus-Therian, M|30/100
|-ability|p1a: Landorus|Intimidate|boost
|-unboost|p2a: Broomhilda|atk|1
|turn|14
|
|t:|1758255519
|move|p1a: Landorus|Earthquake|p2a: Broomhilda
|-supereffective|p2a: Broomhilda
|-crit|p2a: Broomhilda
|-damage|p2a: Broomhilda|0 fnt
|faint|p2a: Broomhilda
|
|-weather|Sandstorm|[upkeep]
|-heal|p1a: Landorus|36/100|[from] item: Leftovers
|upkeep
|
|t:|1758255523
|switch|p2a: Sri Lanka|Tornadus-Therian, M|100/100
|turn|15
|
|t:|1758255527
|switch|p1a: Toxapex|Toxapex, M|100/100
|move|p2a: Sri Lanka|Bleakwind Storm|p1a: Toxapex
|-damage|p1a: Toxapex|65/100
|-unboost|p1a: Toxapex|spe|1
|-damage|p2a: Sri Lanka|90/100|[from] item: Life Orb
|
|-weather|Sandstorm|[upkeep]
|-damage|p2a: Sri Lanka|84/100|[from] Sandstorm
|-damage|p1a: Toxapex|58/100|[from] Sandstorm
|-heal|p1a: Toxapex|65/100|[from] item: Leftovers
|upkeep
|turn|16
|
|t:|1758255539
|switch|p1a: Clefable|Clefable, M, tera:Fire|14/100
|move|p2a: Sri Lanka|Nasty Plot|p2a: Sri Lanka
|-boost|p2a: Sri Lanka|spa|2
|
|-weather|none
|upkeep
|turn|17
|
|t:|1758255544
|move|p2a: Sri Lanka|Dark Pulse|p1a: Clefable
|-damage|p1a: Clefable|0 fnt
|faint|p1a: Clefable
|-damage|p2a: Sri Lanka|74/100|[from] item: Life Orb
|
|upkeep
|inactive|Battle timer is ON: inactive players will automatically lose when time's up. (requested by takeyouout)
|
|t:|1758255552
|switch|p1a: Cinderace|Cinderace, M|53/100
|turn|18
|
|t:|1758255558
|switch|p2a: Molllllyyyyy|Alomomola, F, shiny|40/100
|move|p1a: Cinderace|Pyro Ball|p2a: Molllllyyyyy
|-resisted|p2a: Molllllyyyyy
|-damage|p2a: Molllllyyyyy|21/100
|
|upkeep
|turn|19
|
|t:|1758255564
|move|p1a: Cinderace|U-turn|p2a: Molllllyyyyy
|-start|p1a: Cinderace|typechange|Bug|[from] ability: Libero
|-damage|p2a: Molllllyyyyy|0 fnt
|-damage|p1a: Cinderace|36/100|[from] item: Rocky Helmet|[of] p2a: Molllllyyyyy
|faint|p2a: Molllllyyyyy
|
|t:|1758255578
|switch|p1a: Toxapex|Toxapex, M|98/100|[from] U-turn
|
|-heal|p1a: Toxapex|100/100|[from] item: Leftovers
|upkeep
|
|t:|1758255582
|switch|p2a: Sri Lanka|Tornadus-Therian, M|100/100
|turn|20
|
|t:|1758255586
|switch|p2a: Starscream|Excadrill, M|100/100
|move|p1a: Toxapex|Toxic|p2a: Starscream
|-immune|p2a: Starscream
|
|upkeep
|turn|21
|
|t:|1758255592
|move|p2a: Starscream|Rock Slide|p1a: Toxapex
|-crit|p1a: Toxapex
|-damage|p1a: Toxapex|52/100
|move|p1a: Toxapex|Surf|p2a: Starscream
|-supereffective|p2a: Starscream
|-damage|p2a: Starscream|54/100
|
|-heal|p1a: Toxapex|59/100|[from] item: Leftovers
|upkeep
|turn|22
|
|t:|1758255600
|switch|p2a: 99|Deoxys-Speed|100/100
|-ability|p2a: 99|Pressure
|move|p1a: Toxapex|Recover|p1a: Toxapex
|-heal|p1a: Toxapex|100/100
|
|upkeep
|turn|23
|
|t:|1758255606
|move|p2a: 99|Psycho Boost|p1a: Toxapex
|-supereffective|p1a: Toxapex
|-damage|p1a: Toxapex|0 fnt
|-unboost|p2a: 99|spa|2
|faint|p1a: Toxapex
|-damage|p2a: 99|91/100|[from] item: Life Orb
|
|upkeep
|
|t:|1758255614
|switch|p1a: Cinderace|Cinderace, M|36/100
|turn|24
|
|t:|1758255617
|move|p1a: Cinderace|Sucker Punch|p2a: 99
|-start|p1a: Cinderace|typechange|Dark|[from] ability: Libero
|-supereffective|p2a: 99
|-damage|p2a: 99|0 fnt
|faint|p2a: 99
|
|upkeep
|
|t:|1758255621
|switch|p2a: Sri Lanka|Tornadus-Therian, M|100/100
|turn|25
|
|t:|1758255628
|move|p2a: Sri Lanka|Bleakwind Storm|p1a: Cinderace
|-damage|p1a: Cinderace|0 fnt
|faint|p1a: Cinderace
|-damage|p2a: Sri Lanka|90/100|[from] item: Life Orb
|
|upkeep
|
|t:|1758255633
|switch|p1a: Mimikyu|Mimikyu, M|100/100
|turn|26
|
|t:|1758255636
|move|p2a: Sri Lanka|Dark Pulse|p1a: Mimikyu
|-activate|p1a: Mimikyu|ability: Disguise
|-damage|p1a: Mimikyu|100/100
|detailschange|p1a: Mimikyu|Mimikyu-Busted, M
|-damage|p1a: Mimikyu|88/100|[from] pokemon: Mimikyu-Busted
|-damage|p2a: Sri Lanka|80/100|[from] item: Life Orb
|move|p1a: Mimikyu|Swords Dance|p1a: Mimikyu
|-boost|p1a: Mimikyu|atk|2
|
|upkeep
|turn|27
|
|t:|1758255656
|move|p2a: Sri Lanka|Bleakwind Storm|p1a: Mimikyu|[miss]
|-miss|p2a: Sri Lanka|p1a: Mimikyu
|move|p1a: Mimikyu|Shadow Claw|p2a: Sri Lanka
|-crit|p2a: Sri Lanka
|-damage|p2a: Sri Lanka|0 fnt
|faint|p2a: Sri Lanka
|-damage|p1a: Mimikyu|78/100|[from] item: Life Orb
|
|upkeep
|
|t:|1758255660
|switch|p2a: Starscream|Excadrill, M|54/100
|turn|28
|
|t:|1758255671
|move|p1a: Mimikyu|Shadow Claw|p2a: Starscream
|-damage|p2a: Starscream|0 fnt
|faint|p2a: Starscream
|-damage|p1a: Mimikyu|68/100|[from] item: Life Orb
|
|upkeep
|
|t:|1758255700
|switch|p2a: RockIce|Garganacl, M|100/100
|turn|29
|
|t:|1758255704
|move|p1a: Mimikyu|Play Rough|p2a: RockIce
|-damage|p2a: RockIce|35/100
|-damage|p1a: Mimikyu|58/100|[from] item: Life Orb
|move|p2a: RockIce|Curse|p2a: RockIce
|-unboost|p2a: RockIce|spe|1
|-boost|p2a: RockIce|atk|1
|-boost|p2a: RockIce|def|1
|
|-heal|p2a: RockIce|41/100|[from] item: Leftovers
|upkeep
|turn|30
|
|t:|1758255714
|move|p2a: RockIce|Protect|p2a: RockIce
|-singleturn|p2a: RockIce|Protect
|move|p1a: Mimikyu|Play Rough|p2a: RockIce
|-activate|p2a: RockIce|move: Protect
|
|-heal|p2a: RockIce|47/100|[from] item: Leftovers
|upkeep
|turn|31
|
|t:|1758255722
|switch|p1a: Landorus|Landorus-Therian, M|36/100
|-ability|p1a: Landorus|Intimidate|boost
|-unboost|p2a: RockIce|atk|1
|move|p2a: RockIce|Recover|p2a: RockIce
|-heal|p2a: RockIce|97/100
|
|-heal|p1a: Landorus|42/100|[from] item: Leftovers
|-heal|p2a: RockIce|100/100|[from] item: Leftovers
|upkeep
|turn|32
|
|t:|1758255731
|move|p1a: Landorus|Taunt|p2a: RockIce
|-start|p2a: RockIce|move: Taunt
|cant|p2a: RockIce|move: Taunt|Curse
|
|-heal|p1a: Landorus|48/100|[from] item: Leftovers
|upkeep
|turn|33
|
|t:|1758255737
|move|p1a: Landorus|Earthquake|p2a: RockIce
|-supereffective|p2a: RockIce
|-damage|p2a: RockIce|56/100
|move|p2a: RockIce|Salt Cure|p1a: Landorus
|-damage|p1a: Landorus|36/100
|-start|p1a: Landorus|Salt Cure
|
|-heal|p1a: Landorus|42/100|[from] item: Leftovers
|-heal|p2a: RockIce|62/100|[from] item: Leftovers
|-damage|p1a: Landorus|30/100|[from] Salt Cure
|upkeep
|turn|34
|
|t:|1758255745
|-terastallize|p2a: RockIce|Grass
|move|p1a: Landorus|Earthquake|p2a: RockIce
|-resisted|p2a: RockIce
|-damage|p2a: RockIce|52/100
|move|p2a: RockIce|Salt Cure|p1a: Landorus
|-damage|p1a: Landorus|17/100
|
|-heal|p1a: Landorus|23/100|[from] item: Leftovers
|-heal|p2a: RockIce|58/100|[from] item: Leftovers
|-damage|p1a: Landorus|10/100|[from] Salt Cure
|-end|p2a: RockIce|move: Taunt
|upkeep
|turn|35
|
|t:|1758255759
|move|p2a: RockIce|Protect|p2a: RockIce
|-singleturn|p2a: RockIce|Protect
|move|p1a: Landorus|U-turn|p2a: RockIce
|-activate|p2a: RockIce|move: Protect
|
|-heal|p1a: Landorus|16/100|[from] item: Leftovers
|-heal|p2a: RockIce|65/100|[from] item: Leftovers
|-damage|p1a: Landorus|4/100|[from] Salt Cure
|upkeep
|turn|36
|inactive|takeyouout has 120 seconds left.
|
|t:|1758255804
|move|p1a: Landorus|Taunt|p2a: RockIce
|-start|p2a: RockIce|move: Taunt
|cant|p2a: RockIce|move: Taunt|Recover
|
|-heal|p1a: Landorus|10/100|[from] item: Leftovers
|-heal|p2a: RockIce|71/100|[from] item: Leftovers
|-damage|p1a: Landorus|0 fnt|[from] Salt Cure
|faint|p1a: Landorus
|upkeep
|
|t:|1758255813
|switch|p1a: Mimikyu|Mimikyu-Busted, M|58/100
|turn|37
|
|t:|1758255828
|move|p1a: Mimikyu|Swords Dance|p1a: Mimikyu
|-boost|p1a: Mimikyu|atk|2
|move|p2a: RockIce|Salt Cure|p1a: Mimikyu
|-damage|p1a: Mimikyu|35/100
|-start|p1a: Mimikyu|Salt Cure
|
|-heal|p2a: RockIce|77/100|[from] item: Leftovers
|-damage|p1a: Mimikyu|23/100|[from] Salt Cure
|upkeep
|turn|38
|
|t:|1758255843
|move|p1a: Mimikyu|Swords Dance|p1a: Mimikyu
|-boost|p1a: Mimikyu|atk|2
|move|p2a: RockIce|Salt Cure|p1a: Mimikyu
|-damage|p1a: Mimikyu|0 fnt
|faint|p1a: Mimikyu
|
|win|takeyouout
|raw|PirateKingJoyBoy's rating: 1485 &rarr; <strong>1467</strong><br />(-18 for losing)
|raw|takeyouout's rating: 1521 &rarr; <strong>1539</strong><br />(+18 for winning)
|l|☆PirateKingJoyBoy
|player|p1|
|l|☆takeyouout
|player|p2|
