|j|☆demonseal666
|j|☆eYeek
|t:|1758276938
|gametype|singles
|player|p1|demonseal666|2|1692
|player|p2|eYeek|lillie-masters|1665
|gen|9
|tier|[Gen 9] OU
|rated|
|rule|HP Percentage Mod: HP is shown in percentages
|rule|Endless Battle Clause: Forcing endless battles is banned
|rule|Species Clause: Limit one of each Pokémon
|rule|OHKO Clause: OHKO moves are banned
|rule|Evasion Items Clause: Evasion items are banned
|rule|Evasion Moves Clause: Evasion moves are banned
|rule|Evasion Abilities Clause: Evasion abilities are banned
|rule|Sleep Moves Clause: Sleep-inducing moves are banned
|clearpoke
|poke|p1|Dragapult, M|
|poke|p1|Iron Valiant|
|poke|p1|Dragonite, M|
|poke|p1|Alomomola, F|
|poke|p1|Iron Treads|
|poke|p1|Glimmora, M|
|poke|p2|Pelipper, F|
|poke|p2|Hatterene, F|
|poke|p2|Iron Treads|
|poke|p2|Toxicroak, F|
|poke|p2|Barraskewda, F|
|poke|p2|Zapdos|
|teampreview
|inactive|Battle timer is ON: inactive players will automatically lose when time's up. (requested by eYeek)
|
|t:|1758276949
|teamsize|p1|6
|teamsize|p2|6
|start
|switch|p1a: Glimmora|Glimmora, M|100/100
|switch|p2a: Barraskewda|Barraskewda, F|100/100
|turn|1
|
|t:|1758276956
|switch|p1a: Alomomola|Alomomola, F|100/100
|move|p2a: Barraskewda|Flip Turn|p1a: Alomomola
|-resisted|p1a: Alomomola
|-damage|p1a: Alomomola|88/100
|
|t:|1758276959
|switch|p2a: Toxicroak|Toxicroak, F|100/100|[from] Flip Turn
|
|upkeep
|turn|2
|
|t:|1758276963
|switch|p1a: Glimmora|Glimmora, M|100/100
|move|p2a: Toxicroak|Knock Off|p1a: Glimmora
|-damage|p1a: Glimmora|72/100
|-activate|p1a: Glimmora|ability: Toxic Debris
|-sidestart|p2: eYeek|move: Toxic Spikes
|-enditem|p1a: Glimmora|Power Herb|[from] move: Knock Off|[of] p2a: Toxicroak
|
|upkeep
|turn|3
|
|t:|1758276971
|switch|p2a: Pelipper|Pelipper, F|100/100
|-weather|RainDance|[from] ability: Drizzle|[of] p2a: Pelipper
|move|p1a: Glimmora|Earth Power|p2a: Pelipper
|-immune|p2a: Pelipper
|
|-weather|RainDance|[upkeep]
|upkeep
|turn|4
|
|t:|1758276974
|switch|p2a: Toxicroak|Toxicroak, F|100/100
|-sideend|p2: eYeek|move: Toxic Spikes|[of] p2a: Toxicroak
|move|p1a: Glimmora|Sludge Wave|p2a: Toxicroak
|-resisted|p2a: Toxicroak
|-damage|p2a: Toxicroak|66/100
|
|-weather|RainDance|[upkeep]
|-heal|p2a: Toxicroak|78/100|[from] ability: Dry Skin
|upkeep
|turn|5
|
|t:|1758276980
|switch|p2a: Zapdos|Zapdos|100/100
|move|p1a: Glimmora|Meteor Beam||[still]
|-prepare|p1a: Glimmora|Meteor Beam
|-boost|p1a: Glimmora|spa|1
|
|-weather|RainDance|[upkeep]
|upkeep
|turn|6
|
|t:|1758276987
|move|p2a: Zapdos|Weather Ball|p1a: Glimmora
|-supereffective|p1a: Glimmora
|-damage|p1a: Glimmora|0 fnt
|faint|p1a: Glimmora
|
|-weather|RainDance|[upkeep]
|upkeep
|
|t:|1758276996
|switch|p1a: Dragapult|Dragapult, M|100/100
|turn|7
|
|t:|1758277000
|switch|p2a: Iron Treads|Iron Treads|100/100
|move|p1a: Dragapult|Dragon Darts|p2a: Iron Treads
|-resisted|p2a: Iron Treads
|-damage|p2a: Iron Treads|85/100
|-anim|p1a: Dragapult|Dragon Darts|p2a: Iron Treads
|-resisted|p2a: Iron Treads
|-damage|p2a: Iron Treads|71/100
|
|-weather|RainDance|[upkeep]
|-heal|p2a: Iron Treads|77/100|[from] item: Leftovers
|upkeep
|turn|8
|
|t:|1758277006
|switch|p1a: Alomomola|Alomomola, F|100/100
|move|p2a: Iron Treads|Stealth Rock|p1a: Alomomola
|-sidestart|p1: demonseal666|move: Stealth Rock
|
|-weather|RainDance|[upkeep]
|-heal|p2a: Iron Treads|83/100|[from] item: Leftovers
|upkeep
|turn|9
|
|t:|1758277009
|move|p2a: Iron Treads|Volt Switch|p1a: Alomomola
|-supereffective|p1a: Alomomola
|-damage|p1a: Alomomola|74/100
|
|t:|1758277011
|-end|p2a: Iron Treads|Quark Drive|[silent]
|switch|p2a: Toxicroak|Toxicroak, F|78/100|[from] Volt Switch
|move|p1a: Alomomola|Wish|p1a: Alomomola
|
|-weather|RainDance|[upkeep]
|-heal|p2a: Toxicroak|90/100|[from] ability: Dry Skin
|upkeep
|turn|10
|
|t:|1758277015
|switch|p1a: Iron Treads|Iron Treads|100/100
|-damage|p1a: Iron Treads|97/100|[from] Stealth Rock
|move|p2a: Toxicroak|Knock Off|p1a: Iron Treads
|-damage|p1a: Iron Treads|80/100
|-enditem|p1a: Iron Treads|Assault Vest|[from] move: Knock Off|[of] p2a: Toxicroak
|
|-weather|none
|-heal|p1a: Iron Treads|100/100|[from] move: Wish|[wisher] Alomomola
|upkeep
|turn|11
|
|t:|1758277019
|move|p1a: Iron Treads|Rapid Spin|p2a: Toxicroak
|-damage|p2a: Toxicroak|77/100
|-boost|p1a: Iron Treads|spe|1
|-damage|p1a: Iron Treads|84/100|[from] item: Rocky Helmet|[of] p2a: Toxicroak
|-sideend|p1: demonseal666|Stealth Rock|[from] move: Rapid Spin|[of] p1a: Iron Treads
|move|p2a: Toxicroak|Drain Punch|p1a: Iron Treads
|-supereffective|p1a: Iron Treads
|-damage|p1a: Iron Treads|46/100
|-heal|p2a: Toxicroak|97/100|[from] drain|[of] p1a: Iron Treads
|
|upkeep
|turn|12
|
|t:|1758277023
|switch|p2a: Pelipper|Pelipper, F|100/100
|-weather|RainDance|[from] ability: Drizzle|[of] p2a: Pelipper
|move|p1a: Iron Treads|Knock Off|p2a: Pelipper
|-damage|p2a: Pelipper|73/100
|-enditem|p2a: Pelipper|Damp Rock|[from] move: Knock Off|[of] p1a: Iron Treads
|
|-weather|RainDance|[upkeep]
|upkeep
|turn|13
|
|t:|1758277030
|-end|p1a: Iron Treads|Quark Drive|[silent]
|switch|p1a: Alomomola|Alomomola, F|100/100
|move|p2a: Pelipper|U-turn|p1a: Alomomola
|-damage|p1a: Alomomola|96/100
|j| amimec
|inactive|eYeek has 120 seconds left.
|
|t:|1758277062
|switch|p2a: Zapdos|Zapdos|100/100|[from] U-turn
|
|-weather|RainDance|[upkeep]
|upkeep
|turn|14
|
|t:|1758277065
|move|p1a: Alomomola|Protect|p1a: Alomomola
|-singleturn|p1a: Alomomola|Protect
|move|p2a: Zapdos|Volt Switch|p1a: Alomomola
|-activate|p1a: Alomomola|move: Protect
|
|-weather|RainDance|[upkeep]
|upkeep
|turn|15
|
|t:|1758277070
|switch|p2a: Barraskewda|Barraskewda, F|100/100
|switch|p1a: Iron Treads|Iron Treads|46/100
|
|-weather|RainDance|[upkeep]
|upkeep
|turn|16
|
|t:|1758277073
|-end|p1a: Iron Treads|Quark Drive|[silent]
|switch|p1a: Alomomola|Alomomola, F|100/100
|move|p2a: Barraskewda|Flip Turn|p1a: Alomomola
|-resisted|p1a: Alomomola
|-damage|p1a: Alomomola|80/100
|
|t:|1758277081
|switch|p2a: Zapdos|Zapdos|100/100|[from] Flip Turn
|
|-weather|RainDance|[upkeep]
|upkeep
|turn|17
|
|t:|1758277084
|move|p1a: Alomomola|Protect|p1a: Alomomola
|-singleturn|p1a: Alomomola|Protect
|move|p2a: Zapdos|Hurricane|p1a: Alomomola
|-activate|p1a: Alomomola|move: Protect
|
|-weather|RainDance|[upkeep]
|upkeep
|turn|18
|
|t:|1758277091
|move|p2a: Zapdos|Hurricane|p1a: Alomomola
|-damage|p1a: Alomomola|0 fnt
|faint|p1a: Alomomola
|
|-weather|RainDance|[upkeep]
|upkeep
|
|t:|1758277097
|switch|p1a: Dragapult|Dragapult, M|100/100
|turn|19
|
|t:|1758277110
|move|p1a: Dragapult|Dragon Darts|p2a: Zapdos
|-damage|p2a: Zapdos|48/100
|-anim|p1a: Dragapult|Dragon Darts|p2a: Zapdos
|-damage|p2a: Zapdos|0 fnt
|faint|p2a: Zapdos
|
|-weather|none
|upkeep
|
|t:|1758277117
|switch|p2a: Pelipper|Pelipper, F|73/100
|-weather|RainDance|[from] ability: Drizzle|[of] p2a: Pelipper
|turn|20
|
|t:|1758277121
|switch|p1a: Iron Treads|Iron Treads|46/100
|switch|p2a: Hatterene|Hatterene, F|100/100
|
|-weather|RainDance|[upkeep]
|upkeep
|turn|21
|
|t:|1758277128
|move|p1a: Iron Treads|Knock Off|p2a: Hatterene
|-damage|p2a: Hatterene|76/100
|-enditem|p2a: Hatterene|Eject Button|[from] move: Knock Off|[of] p1a: Iron Treads
|move|p2a: Hatterene|Psychic Noise|p1a: Iron Treads
|-resisted|p1a: Iron Treads
|-damage|p1a: Iron Treads|27/100
|-start|p1a: Iron Treads|move: Heal Block
|
|-weather|RainDance|[upkeep]
|upkeep
|turn|22
|
|t:|1758277139
|switch|p2a: Toxicroak|Toxicroak, F|97/100
|move|p1a: Iron Treads|Earthquake|p2a: Toxicroak
|-supereffective|p2a: Toxicroak
|-damage|p2a: Toxicroak|25/100
|
|-weather|RainDance|[upkeep]
|-heal|p2a: Toxicroak|37/100|[from] ability: Dry Skin
|-end|p1a: Iron Treads|move: Heal Block
|upkeep
|turn|23
|
|t:|1758277147
|move|p1a: Iron Treads|Earthquake|p2a: Toxicroak
|-supereffective|p2a: Toxicroak
|-damage|p2a: Toxicroak|0 fnt
|faint|p2a: Toxicroak
|
|-weather|RainDance|[upkeep]
|upkeep
|
|t:|1758277149
|switch|p2a: Barraskewda|Barraskewda, F|100/100
|turn|24
|
|t:|1758277153
|move|p2a: Barraskewda|Liquidation|p1a: Iron Treads
|-supereffective|p1a: Iron Treads
|-damage|p1a: Iron Treads|0 fnt
|faint|p1a: Iron Treads
|-end|p1a: Iron Treads|Quark Drive|[silent]
|
|-weather|none
|upkeep
|
|t:|1758277155
|switch|p1a: Dragapult|Dragapult, M|100/100
|turn|25
|
|t:|1758277159
|switch|p2a: Pelipper|Pelipper, F|73/100
|-weather|RainDance|[from] ability: Drizzle|[of] p2a: Pelipper
|move|p1a: Dragapult|U-turn|p2a: Pelipper
|-resisted|p2a: Pelipper
|-damage|p2a: Pelipper|54/100
|
|t:|1758277166
|switch|p1a: Iron Valiant|Iron Valiant|100/100|[from] U-turn
|-enditem|p1a: Iron Valiant|Booster Energy
|-activate|p1a: Iron Valiant|ability: Quark Drive|[fromitem]
|-start|p1a: Iron Valiant|quarkdrivespe
|
|-weather|RainDance|[upkeep]
|upkeep
|turn|26
|
|t:|1758277172
|move|p1a: Iron Valiant|Moonblast|p2a: Pelipper
|-damage|p2a: Pelipper|10/100
|-unboost|p2a: Pelipper|spa|1
|move|p2a: Pelipper|Hurricane|p1a: Iron Valiant
|-supereffective|p1a: Iron Valiant
|-damage|p1a: Iron Valiant|8/100
|-start|p1a: Iron Valiant|confusion
|
|-weather|RainDance|[upkeep]
|upkeep
|turn|27
|
|t:|1758277178
|switch|p2a: Iron Treads|Iron Treads|83/100
|-activate|p1a: Iron Valiant|confusion
|move|p1a: Iron Valiant|Shadow Ball|p2a: Iron Treads
|-damage|p2a: Iron Treads|61/100
|-unboost|p2a: Iron Treads|spd|1
|
|-weather|RainDance|[upkeep]
|-heal|p2a: Iron Treads|67/100|[from] item: Leftovers
|upkeep
|turn|28
|
|t:|1758277184
|-end|p2a: Iron Treads|Quark Drive|[silent]
|switch|p2a: Hatterene|Hatterene, F|76/100
|-activate|p1a: Iron Valiant|confusion
|-damage|p1a: Iron Valiant|0 fnt|[from] confusion
|faint|p1a: Iron Valiant
|-end|p1a: Iron Valiant|Quark Drive|[silent]
|
|-weather|RainDance|[upkeep]
|upkeep
|
|t:|1758277193
|switch|p1a: Dragapult|Dragapult, M|100/100
|turn|29
|
|t:|1758277221
|switch|p2a: Barraskewda|Barraskewda, F|100/100
|-terastallize|p1a: Dragapult|Ghost
|move|p1a: Dragapult|Tera Blast|p2a: Barraskewda|[anim] Tera Blast Ghost
|-damage|p2a: Barraskewda|0 fnt
|faint|p2a: Barraskewda
|
|-weather|none
|upkeep
|
|t:|1758277223
|switch|p2a: Hatterene|Hatterene, F|76/100
|turn|30
|c|☆eYeek|oops
|
|t:|1758277227
|-terastallize|p2a: Hatterene|Normal
|move|p1a: Dragapult|Tera Blast|p2a: Hatterene|[anim] Tera Blast Ghost
|-immune|p2a: Hatterene
|move|p2a: Hatterene|Nuzzle|p1a: Dragapult
|-damage|p1a: Dragapult|95/100
|-status|p1a: Dragapult|par
|
|upkeep
|turn|31
|c|☆eYeek|pranked
|
|t:|1758277231
|move|p1a: Dragapult|Tera Blast|p2a: Hatterene|[anim] Tera Blast Ghost
|-immune|p2a: Hatterene
|move|p2a: Hatterene|Nuzzle|p1a: Dragapult
|-damage|p1a: Dragapult|90/100 par
|
|upkeep
|turn|32
|
|t:|1758277235
|cant|p1a: Dragapult|par
|move|p2a: Hatterene|Nuzzle|p1a: Dragapult
|-damage|p1a: Dragapult|84/100 par
|
|upkeep
|turn|33
|
|t:|1758277238
|cant|p1a: Dragapult|par
|move|p2a: Hatterene|Draining Kiss|p1a: Dragapult
|-damage|p1a: Dragapult|56/100 par
|-heal|p2a: Hatterene|98/100|[from] drain|[of] p1a: Dragapult
|
|upkeep
|turn|34
|
|t:|1758277240
|move|p1a: Dragapult|Tera Blast|p2a: Hatterene|[anim] Tera Blast Ghost
|-immune|p2a: Hatterene
|move|p2a: Hatterene|Draining Kiss|p1a: Dragapult
|-damage|p1a: Dragapult|24/100 par
|-heal|p2a: Hatterene|100/100|[from] drain|[of] p1a: Dragapult
|
|upkeep
|turn|35
|
|t:|1758277242
|move|p1a: Dragapult|Tera Blast|p2a: Hatterene|[anim] Tera Blast Ghost
|-immune|p2a: Hatterene
|move|p2a: Hatterene|Nuzzle|p1a: Dragapult
|-damage|p1a: Dragapult|19/100 par
|
|upkeep
|turn|36
|
|t:|1758277244
|cant|p1a: Dragapult|par
|move|p2a: Hatterene|Nuzzle|p1a: Dragapult
|-damage|p1a: Dragapult|13/100 par
|
|upkeep
|turn|37
|
|t:|1758277246
|move|p1a: Dragapult|Tera Blast|p2a: Hatterene|[anim] Tera Blast Ghost
|-immune|p2a: Hatterene
|move|p2a: Hatterene|Nuzzle|p1a: Dragapult
|-crit|p1a: Dragapult
|-damage|p1a: Dragapult|6/100 par
|
|upkeep
|turn|38
|
|t:|1758277248
|move|p1a: Dragapult|Tera Blast|p2a: Hatterene|[anim] Tera Blast Ghost
|-immune|p2a: Hatterene
|move|p2a: Hatterene|Nuzzle|p1a: Dragapult
|-damage|p1a: Dragapult|0 fnt
|faint|p1a: Dragapult
|
|upkeep
|
|t:|1758277252
|switch|p1a: Dragonite|Dragonite, M|100/100
|turn|39
|
|t:|1758277254
|move|p1a: Dragonite|Encore|p2a: Hatterene
|move|p2a: Hatterene|Encore||[from] ability: Magic Bounce|[still]
|-fail|p2a: Hatterene
|move|p2a: Hatterene|Nuzzle|p1a: Dragonite
|-damage|p1a: Dragonite|98/100
|-status|p1a: Dragonite|par
|
|upkeep
|turn|40
|
|t:|1758277257
|move|p1a: Dragonite|Dragon Dance|p1a: Dragonite
|-boost|p1a: Dragonite|atk|1
|-boost|p1a: Dragonite|spe|1
|move|p2a: Hatterene|Draining Kiss|p1a: Dragonite
|-supereffective|p1a: Dragonite
|-damage|p1a: Dragonite|46/100 par
|
|upkeep
|turn|41
|
|t:|1758277261
|move|p1a: Dragonite|Earthquake|p2a: Hatterene
|-damage|p2a: Hatterene|44/100
|move|p2a: Hatterene|Draining Kiss|p1a: Dragonite
|-supereffective|p1a: Dragonite
|-damage|p1a: Dragonite|0 fnt
|-heal|p2a: Hatterene|78/100|[from] drain|[of] p1a: Dragonite
|faint|p1a: Dragonite
|
|win|eYeek
|raw|demonseal666's rating: 1692 &rarr; <strong>1670</strong><br />(-22 for losing)
|raw|eYeek's rating: 1665 &rarr; <strong>1687</strong><br />(+22 for winning)
|l|☆demonseal666
|player|p1|
|l|☆eYeek
|player|p2|
|l| amimec
