|j|☆dual22
|j|☆y_de_yuki
|t:|1758238036
|gametype|singles
|player|p1|dual22|hilbert|1455
|player|p2|y_de_yuki|170|1401
|gen|9
|tier|[Gen 9] OU
|rated|
|rule|HP Percentage Mod: HP is shown in percentages
|rule|Endless Battle Clause: Forcing endless battles is banned
|rule|Species Clause: Limit one of each Pokémon
|rule|OHKO Clause: OHKO moves are banned
|rule|Evasion Items Clause: Evasion items are banned
|rule|Evasion Moves Clause: Evasion moves are banned
|rule|Evasion Abilities Clause: Evasion abilities are banned
|rule|Sleep Moves Clause: Sleep-inducing moves are banned
|clearpoke
|poke|p1|Pelipper, F|
|poke|p1|Hatterene, F|
|poke|p1|Iron Treads|
|poke|p1|Toxicroak, F|
|poke|p1|Barraskewda, F|
|poke|p1|Zapdos|
|poke|p2|Mimikyu, F|
|poke|p2|Ogerpon-Wellspring, F|
|poke|p2|Meloetta|
|poke|p2|Raichu, M|
|poke|p2|Umbreon, M|
|poke|p2|Corviknight, M|
|teampreview
|inactive|Battle timer is ON: inactive players will automatically lose when time's up. (requested by dual22)
|
|t:|1758238056
|teamsize|p1|6
|teamsize|p2|6
|start
|switch|p1a: Pelipper|Pelipper, F|100/100
|switch|p2a: Garfield|Raichu, M|100/100
|-weather|RainDance|[from] ability: Drizzle|[of] p1a: Pelipper
|turn|1
|
|t:|1758238066
|switch|p1a: Iron Treads|Iron Treads|100/100
|move|p2a: Garfield|Surf|p1a: Iron Treads
|-supereffective|p1a: Iron Treads
|-damage|p1a: Iron Treads|11/100
|
|-weather|RainDance|[upkeep]
|-heal|p1a: Iron Treads|17/100|[from] item: Leftovers
|upkeep
|turn|2
|
|t:|1758238078
|switch|p2a: Corvo|Corviknight, M|100/100
|-ability|p2a: Corvo|Pressure
|-end|p1a: Iron Treads|Quark Drive|[silent]
|switch|p1a: Toxicroak|Toxicroak, F|100/100
|
|-weather|RainDance|[upkeep]
|upkeep
|turn|3
|
|t:|1758238089
|switch|p1a: Zapdos|Zapdos|100/100
|move|p2a: Corvo|U-turn|p1a: Zapdos
|-resisted|p1a: Zapdos
|-damage|p1a: Zapdos|92/100
|-status|p2a: Corvo|par|[from] ability: Static|[of] p1a: Zapdos
|
|t:|1758238096
|switch|p2a: Afrodita|Ogerpon-Wellspring, F|100/100|[from] U-turn
|
|-weather|RainDance|[upkeep]
|upkeep
|turn|4
|
|t:|1758238105
|switch|p1a: Toxicroak|Toxicroak, F|100/100
|move|p2a: Afrodita|Ivy Cudgel|p1a: Toxicroak|[anim] Ivy Cudgel Water
|-immune|p1a: Toxicroak|[from] ability: Dry Skin
|
|-weather|RainDance|[upkeep]
|upkeep
|turn|5
|
|t:|1758238115
|switch|p2a: Corvo|Corviknight, M|100/100 par
|-ability|p2a: Corvo|Pressure
|move|p1a: Toxicroak|Knock Off|p2a: Corvo
|-damage|p2a: Corvo|86/100 par
|-damage|p1a: Toxicroak|84/100|[from] item: Rocky Helmet|[of] p2a: Corvo
|-enditem|p2a: Corvo|Rocky Helmet|[from] move: Knock Off|[of] p1a: Toxicroak
|
|-weather|RainDance|[upkeep]
|-heal|p1a: Toxicroak|96/100|[from] ability: Dry Skin
|upkeep
|turn|6
|
|t:|1758238128
|switch|p1a: Zapdos|Zapdos|92/100
|move|p2a: Corvo|U-turn|p1a: Zapdos
|-resisted|p1a: Zapdos
|-damage|p1a: Zapdos|84/100
|
|t:|1758238134
|switch|p2a: Afrodita|Ogerpon-Wellspring, F|100/100|[from] U-turn
|
|-weather|RainDance|[upkeep]
|upkeep
|turn|7
|
|t:|1758238140
|switch|p1a: Toxicroak|Toxicroak, F|96/100
|move|p2a: Afrodita|U-turn|p1a: Toxicroak
|-resisted|p1a: Toxicroak
|-damage|p1a: Toxicroak|90/100
|-damage|p2a: Afrodita|84/100|[from] item: Rocky Helmet|[of] p1a: Toxicroak
|
|t:|1758238142
|switch|p2a: Zafiro|Meloetta|100/100|[from] U-turn
|
|-weather|RainDance|[upkeep]
|-heal|p1a: Toxicroak|100/100|[from] ability: Dry Skin
|upkeep
|turn|8
|
|t:|1758238155
|switch|p1a: Hatterene|Hatterene, F|100/100
|move|p2a: Zafiro|Psychic|p1a: Hatterene
|-resisted|p1a: Hatterene
|-damage|p1a: Hatterene|75/100
|-enditem|p1a: Hatterene|Eject Button
|
|t:|1758238171
|switch|p1a: Barraskewda|Barraskewda, F|100/100
|
|-weather|none
|upkeep
|turn|9
|
|t:|1758238178
|switch|p2a: Afrodita|Ogerpon-Wellspring, F|84/100
|move|p1a: Barraskewda|Flip Turn|p2a: Afrodita
|-heal|p2a: Afrodita|100/100|[from] ability: Water Absorb|[of] p1a: Barraskewda
|
|upkeep
|turn|10
|
|t:|1758238183
|switch|p1a: Toxicroak|Toxicroak, F|100/100
|move|p2a: Afrodita|Knock Off|p1a: Toxicroak
|-resisted|p1a: Toxicroak
|-damage|p1a: Toxicroak|82/100
|-damage|p2a: Afrodita|84/100|[from] item: Rocky Helmet|[of] p1a: Toxicroak
|-enditem|p1a: Toxicroak|Rocky Helmet|[from] move: Knock Off|[of] p2a: Afrodita
|
|upkeep
|turn|11
|
|t:|1758238193
|switch|p1a: Pelipper|Pelipper, F|100/100
|-weather|RainDance|[from] ability: Drizzle|[of] p1a: Pelipper
|move|p2a: Afrodita|U-turn|p1a: Pelipper
|-resisted|p1a: Pelipper
|-damage|p1a: Pelipper|87/100
|
|t:|1758238196
|switch|p2a: Garfield|Raichu, M|100/100|[from] U-turn
|
|-weather|RainDance|[upkeep]
|upkeep
|turn|12
|
|t:|1758238206
|switch|p1a: Zapdos|Zapdos|84/100
|move|p2a: Garfield|Volt Switch|p1a: Zapdos
|-damage|p1a: Zapdos|32/100
|
|t:|1758238210
|switch|p2a: Zafiro|Meloetta|100/100|[from] Volt Switch
|
|-weather|RainDance|[upkeep]
|upkeep
|turn|13
|
|t:|1758238222
|move|p2a: Zafiro|Psychic|p1a: Zapdos
|-damage|p1a: Zapdos|0 fnt
|faint|p1a: Zapdos
|
|-weather|RainDance|[upkeep]
|upkeep
|
|t:|1758238226
|switch|p1a: Barraskewda|Barraskewda, F|100/100
|turn|14
|
|t:|1758238256
|switch|p2a: Corvo|Corviknight, M|86/100 par
|-ability|p2a: Corvo|Pressure
|move|p1a: Barraskewda|Close Combat|p2a: Corvo
|-damage|p2a: Corvo|50/100 par
|-unboost|p1a: Barraskewda|def|1
|-unboost|p1a: Barraskewda|spd|1
|
|-weather|RainDance|[upkeep]
|upkeep
|turn|15
|
|t:|1758238268
|switch|p1a: Iron Treads|Iron Treads|17/100
|cant|p2a: Corvo|par
|
|-weather|RainDance|[upkeep]
|-heal|p1a: Iron Treads|23/100|[from] item: Leftovers
|upkeep
|turn|16
|
|t:|1758238273
|move|p1a: Iron Treads|Stealth Rock|p2a: Corvo
|-sidestart|p2: y_de_yuki|move: Stealth Rock
|cant|p2a: Corvo|par
|
|-weather|RainDance|[upkeep]
|-heal|p1a: Iron Treads|29/100|[from] item: Leftovers
|upkeep
|turn|17
|
|t:|1758238278
|move|p1a: Iron Treads|Volt Switch|p2a: Corvo
|-supereffective|p2a: Corvo
|-damage|p2a: Corvo|27/100 par
|
|t:|1758238285
|-end|p1a: Iron Treads|Quark Drive|[silent]
|switch|p1a: Barraskewda|Barraskewda, F|100/100|[from] Volt Switch
|cant|p2a: Corvo|par
|
|-weather|RainDance|[upkeep]
|upkeep
|turn|18
|inactive|y_de_yuki has 120 seconds left.
|
|t:|1758238318
|switch|p2a: Afrodita|Ogerpon-Wellspring, F|84/100
|-damage|p2a: Afrodita|72/100|[from] Stealth Rock
|move|p1a: Barraskewda|Flip Turn|p2a: Afrodita
|-heal|p2a: Afrodita|97/100|[from] ability: Water Absorb|[of] p1a: Barraskewda
|
|-weather|none
|upkeep
|turn|19
|
|t:|1758238324
|switch|p1a: Toxicroak|Toxicroak, F|82/100
|move|p2a: Afrodita|U-turn|p1a: Toxicroak
|-resisted|p1a: Toxicroak
|-damage|p1a: Toxicroak|75/100
|
|t:|1758238327
|switch|p2a: Zafiro|Meloetta|100/100|[from] U-turn
|-damage|p2a: Zafiro|88/100|[from] Stealth Rock
|
|upkeep
|turn|20
|
|t:|1758238336
|switch|p1a: Pelipper|Pelipper, F|87/100
|-weather|RainDance|[from] ability: Drizzle|[of] p1a: Pelipper
|move|p2a: Zafiro|Psychic|p1a: Pelipper
|-damage|p1a: Pelipper|45/100
|
|-weather|RainDance|[upkeep]
|upkeep
|turn|21
|
|t:|1758238344
|switch|p1a: Hatterene|Hatterene, F|75/100
|move|p2a: Zafiro|Psychic|p1a: Hatterene
|-resisted|p1a: Hatterene
|-damage|p1a: Hatterene|53/100
|
|-weather|RainDance|[upkeep]
|upkeep
|turn|22
|
|t:|1758238361
|switch|p2a: Corvo|Corviknight, M|27/100 par
|-damage|p2a: Corvo|15/100 par|[from] Stealth Rock
|-ability|p2a: Corvo|Pressure
|move|p1a: Hatterene|Draining Kiss|p2a: Corvo
|-resisted|p2a: Corvo
|-damage|p2a: Corvo|3/100 par
|-heal|p1a: Hatterene|64/100|[from] drain|[of] p2a: Corvo
|
|-weather|RainDance|[upkeep]
|upkeep
|turn|23
|
|t:|1758238365
|move|p1a: Hatterene|Draining Kiss|p2a: Corvo
|-resisted|p2a: Corvo
|-damage|p2a: Corvo|0 fnt
|-heal|p1a: Hatterene|66/100|[from] drain|[of] p2a: Corvo
|faint|p2a: Corvo
|
|-weather|RainDance|[upkeep]
|upkeep
|
|t:|1758238373
|switch|p2a: Garfield|Raichu, M|100/100
|-damage|p2a: Garfield|88/100|[from] Stealth Rock
|turn|24
|
|t:|1758238379
|move|p2a: Garfield|Surf|p1a: Hatterene
|-damage|p1a: Hatterene|9/100
|move|p1a: Hatterene|Draining Kiss|p2a: Garfield
|-damage|p2a: Garfield|53/100
|-heal|p1a: Hatterene|31/100|[from] drain|[of] p2a: Garfield
|
|-weather|RainDance|[upkeep]
|upkeep
|turn|25
|
|t:|1758238388
|switch|p2a: Zafiro|Meloetta|88/100
|-damage|p2a: Zafiro|76/100|[from] Stealth Rock
|switch|p1a: Toxicroak|Toxicroak, F|75/100
|
|-weather|RainDance|[upkeep]
|-heal|p1a: Toxicroak|87/100|[from] ability: Dry Skin
|upkeep
|turn|26
|
|t:|1758238413
|switch|p1a: Iron Treads|Iron Treads|29/100
|-terastallize|p2a: Zafiro|Psychic
|move|p2a: Zafiro|Psychic|p1a: Iron Treads
|-resisted|p1a: Iron Treads
|-damage|p1a: Iron Treads|5/100
|
|-weather|RainDance|[upkeep]
|-heal|p1a: Iron Treads|11/100|[from] item: Leftovers
|upkeep
|turn|27
|inactive|dual22 has 120 seconds left.
|
|t:|1758238430
|move|p2a: Zafiro|Psychic|p1a: Iron Treads
|-resisted|p1a: Iron Treads
|-damage|p1a: Iron Treads|0 fnt
|faint|p1a: Iron Treads
|-end|p1a: Iron Treads|Quark Drive|[silent]
|
|-weather|none
|upkeep
|inactive|dual22 has 120 seconds left.
|
|t:|1758238438
|switch|p1a: Barraskewda|Barraskewda, F|100/100
|turn|28
|
|t:|1758238441
|move|p2a: Zafiro|Psychic|p1a: Barraskewda
|-damage|p1a: Barraskewda|0 fnt
|faint|p1a: Barraskewda
|
|upkeep
|-message|dual22 forfeited.
|
|win|y_de_yuki
|raw|dual22's rating: 1455 &rarr; <strong>1432</strong><br />(-23 for losing)
|raw|y_de_yuki's rating: 1401 &rarr; <strong>1424</strong><br />(+23 for winning)
|l|☆dual22
|player|p1|
|l|☆y_de_yuki
|player|p2|
