|j|☆Crabpears
|j|☆The Paldea Region
|t:|1758323193
|gametype|singles
|player|p1|Crabpears|preschooler|1466
|player|p2|The Paldea Region|emma|1426
|gen|9
|tier|[Gen 9] OU
|rated|
|rule|HP Percentage Mod: HP is shown in percentages
|rule|Endless Battle Clause: Forcing endless battles is banned
|rule|Species Clause: Limit one of each Pokémon
|rule|OHKO Clause: OHKO moves are banned
|rule|Evasion Items Clause: Evasion items are banned
|rule|Evasion Moves Clause: Evasion moves are banned
|rule|Evasion Abilities Clause: Evasion abilities are banned
|rule|Sleep Moves Clause: Sleep-inducing moves are banned
|clearpoke
|poke|p1|Scizor, M|
|poke|p1|Great Tusk|
|poke|p1|Raging Bolt|
|poke|p1|Primarina, M|
|poke|p1|Corviknight, M|
|poke|p1|Darkrai|
|poke|p2|Veluza, M|
|poke|p2|Tornadus-Therian, M|
|poke|p2|Blissey, F|
|poke|p2|Gliscor, F|
|poke|p2|Iron Valiant|
|poke|p2|Scizor, M|
|teampreview
|inactive|Battle timer is ON: inactive players will automatically lose when time's up. (requested by Crabpears)
|
|t:|1758323209
|teamsize|p1|6
|teamsize|p2|6
|start
|switch|p1a: Scizor|Scizor, M, shiny|100/100
|switch|p2a: Veluza|Veluza, M|100/100
|-ability|p2a: Veluza|Mold Breaker
|turn|1
|
|t:|1758323214
|move|p2a: Veluza|Final Gambit|p1a: Scizor
|-damage|p1a: Scizor|0 fnt
|faint|p2a: Veluza
|faint|p1a: Scizor
|
|upkeep
|
|t:|1758323221
|switch|p2a: Blissey|Blissey, F|100/100
|switch|p1a: Great Tusk|Great Tusk|100/100
|turn|2
|
|t:|1758323226
|move|p2a: Blissey|Copycat|p2a: Blissey
|move|p2a: Blissey|Final Gambit|p1a: Great Tusk|[from] move: Copycat
|-damage|p1a: Great Tusk|0 fnt
|faint|p2a: Blissey
|faint|p1a: Great Tusk
|-end|p1a: Great Tusk|Protosynthesis|[silent]
|
|upkeep
|inactive|The Paldea Region has 120 seconds left.
|
|t:|1758323256
|switch|p1a: Raging Bolt|Raging Bolt|100/100
|switch|p2a: Iron Valiant|Iron Valiant|100/100
|-enditem|p2a: Iron Valiant|Booster Energy
|-activate|p2a: Iron Valiant|ability: Quark Drive|[fromitem]
|-start|p2a: Iron Valiant|quarkdrivespe
|turn|3
|
|t:|1758323268
|-end|p1a: Raging Bolt|Protosynthesis|[silent]
|switch|p1a: Corviknight|Corviknight, M|100/100
|-ability|p1a: Corviknight|Pressure
|move|p2a: Iron Valiant|Calm Mind|p2a: Iron Valiant
|-boost|p2a: Iron Valiant|spa|1
|-boost|p2a: Iron Valiant|spd|1
|
|upkeep
|turn|4
|
|t:|1758323280
|-terastallize|p2a: Iron Valiant|Ghost
|move|p2a: Iron Valiant|Shadow Ball|p1a: Corviknight
|-damage|p1a: Corviknight|40/100
|move|p1a: Corviknight|Brave Bird|p2a: Iron Valiant
|-damage|p2a: Iron Valiant|49/100
|-damage|p1a: Corviknight|27/100|[from] Recoil
|
|upkeep
|turn|5
|
|t:|1758323293
|move|p2a: Iron Valiant|Moonblast|p1a: Corviknight
|-resisted|p1a: Corviknight
|-damage|p1a: Corviknight|0 fnt
|faint|p1a: Corviknight
|
|upkeep
|
|t:|1758323298
|switch|p1a: Primarina|Primarina, M|100/100
|turn|6
|
|t:|1758323312
|move|p2a: Iron Valiant|Moonblast|p1a: Primarina
|-damage|p1a: Primarina|58/100
|move|p1a: Primarina|Moonblast|p2a: Iron Valiant
|-damage|p2a: Iron Valiant|0 fnt
|faint|p2a: Iron Valiant
|-end|p2a: Iron Valiant|Quark Drive|[silent]
|
|upkeep
|
|t:|1758323324
|switch|p2a: Scizor|Scizor, M|100/100
|turn|7
|
|t:|1758323343
|switch|p1a: Raging Bolt|Raging Bolt|100/100
|move|p2a: Scizor|Bullet Punch|p1a: Raging Bolt
|-resisted|p1a: Raging Bolt
|-damage|p1a: Raging Bolt|80/100
|-damage|p2a: Scizor|91/100|[from] item: Life Orb
|
|-heal|p1a: Raging Bolt|86/100|[from] item: Leftovers
|upkeep
|turn|8
|
|t:|1758323348
|switch|p2a: Gliscor|Gliscor, F|100/100
|move|p1a: Raging Bolt|Dragon Pulse|p2a: Gliscor
|-damage|p2a: Gliscor|53/100
|
|-heal|p1a: Raging Bolt|92/100|[from] item: Leftovers
|-status|p2a: Gliscor|tox|[from] item: Toxic Orb
|upkeep
|turn|9
|
|t:|1758323359
|move|p2a: Gliscor|Protect|p2a: Gliscor
|-singleturn|p2a: Gliscor|Protect
|move|p1a: Raging Bolt|Calm Mind|p1a: Raging Bolt
|-boost|p1a: Raging Bolt|spa|1
|-boost|p1a: Raging Bolt|spd|1
|
|-heal|p1a: Raging Bolt|98/100|[from] item: Leftovers
|-heal|p2a: Gliscor|66/100 tox|[from] ability: Poison Heal
|upkeep
|turn|10
|
|t:|1758323371
|switch|p2a: Scizor|Scizor, M|91/100
|move|p1a: Raging Bolt|Dragon Pulse|p2a: Scizor
|-resisted|p2a: Scizor
|-damage|p2a: Scizor|41/100
|
|-heal|p1a: Raging Bolt|100/100|[from] item: Leftovers
|upkeep
|turn|11
|
|t:|1758323380
|move|p1a: Raging Bolt|Thunderclap||[still]
|-fail|p1a: Raging Bolt
|move|p2a: Scizor|Swords Dance|p2a: Scizor
|-boost|p2a: Scizor|atk|2
|
|upkeep
|turn|12
|
|t:|1758323386
|move|p2a: Scizor|Bullet Punch|p1a: Raging Bolt
|-resisted|p1a: Raging Bolt
|-damage|p1a: Raging Bolt|57/100
|-damage|p2a: Scizor|31/100|[from] item: Life Orb
|move|p1a: Raging Bolt|Thunderbolt|p2a: Scizor
|-damage|p2a: Scizor|0 fnt
|faint|p2a: Scizor
|
|-heal|p1a: Raging Bolt|63/100|[from] item: Leftovers
|upkeep
|
|t:|1758323393
|switch|p2a: Gliscor|Gliscor, F|66/100 tox
|turn|13
|
|t:|1758323396
|move|p1a: Raging Bolt|Dragon Pulse|p2a: Gliscor
|-damage|p2a: Gliscor|0 fnt
|faint|p2a: Gliscor
|
|-heal|p1a: Raging Bolt|69/100|[from] item: Leftovers
|upkeep
|
|t:|1758323400
|switch|p2a: Tornadus|Tornadus-Therian, M|100/100
|turn|14
|
|t:|1758323405
|move|p2a: Tornadus|Nasty Plot|p2a: Tornadus
|-boost|p2a: Tornadus|spa|2
|move|p1a: Raging Bolt|Thunderbolt|p2a: Tornadus
|-supereffective|p2a: Tornadus
|-damage|p2a: Tornadus|0 fnt
|faint|p2a: Tornadus
|
|win|Crabpears
|raw|Crabpears's rating: 1466 &rarr; <strong>1484</strong><br />(+18 for winning)
|raw|The Paldea Region's rating: 1426 &rarr; <strong>1408</strong><br />(-18 for losing)
|l|☆Crabpears
|player|p1|
