|j|☆liffehh
|j|☆londonlucariosV2
|t:|1758239112
|gametype|singles
|player|p1|liffehh|dawn|1322
|player|p2|londonlucariosV2|2|1302
|gen|9
|tier|[Gen 9] OU
|rated|
|rule|HP Percentage Mod: HP is shown in percentages
|rule|Endless Battle Clause: Forcing endless battles is banned
|rule|Species Clause: Limit one of each Pokémon
|rule|OHKO Clause: OHKO moves are banned
|rule|Evasion Items Clause: Evasion items are banned
|rule|Evasion Moves Clause: Evasion moves are banned
|rule|Evasion Abilities Clause: Evasion abilities are banned
|rule|Sleep Moves Clause: Sleep-inducing moves are banned
|clearpoke
|poke|p1|Indeedee, M|
|poke|p1|Hatterene, F|
|poke|p1|Mimikyu, M|
|poke|p1|Iron Hands|
|poke|p1|Ursaluna, F|
|poke|p1|Hoopa-Unbound|
|poke|p2|Kyurem|
|poke|p2|Raging Bolt|
|poke|p2|Slowking-Galar, F|
|poke|p2|Samurott-Hisui, F|
|poke|p2|Galvantula, F|
|poke|p2|Cinderace, F|
|teampreview
|inactive|Battle timer is ON: inactive players will automatically lose when time's up. (requested by liffehh)
|
|t:|1758239134
|teamsize|p1|6
|teamsize|p2|6
|start
|switch|p1a: Iron Hands|Iron Hands|100/100
|switch|p2a: Kyurem|Kyurem|100/100
|-ability|p2a: Kyurem|Pressure
|-enditem|p1a: Iron Hands|Booster Energy
|-activate|p1a: Iron Hands|ability: Quark Drive|[fromitem]
|-start|p1a: Iron Hands|quarkdriveatk
|turn|1
|
|t:|1758239146
|switch|p2a: Galvantula|Galvantula, F|100/100
|move|p1a: Iron Hands|Close Combat|p2a: Galvantula
|-resisted|p2a: Galvantula
|-damage|p2a: Galvantula|13/100
|-unboost|p1a: Iron Hands|def|1
|-unboost|p1a: Iron Hands|spd|1
|
|upkeep
|turn|2
|
|t:|1758239156
|-end|p1a: Iron Hands|Quark Drive|[silent]
|switch|p1a: Hatterene|Hatterene, F, shiny|100/100
|move|p2a: Galvantula|Bug Buzz|p1a: Hatterene
|-damage|p1a: Hatterene|40/100
|
|upkeep
|turn|3
|
|t:|1758239174
|switch|p1a: Ursaluna|Ursaluna, F, shiny|100/100
|move|p2a: Galvantula|Bug Buzz|p1a: Ursaluna
|-damage|p1a: Ursaluna|50/100
|
|-status|p1a: Ursaluna|brn|[from] item: Flame Orb
|upkeep
|turn|4
|
|t:|1758239183
|switch|p1a: Mimikyu|Mimikyu, M, shiny|100/100
|move|p2a: Galvantula|Bug Buzz|p1a: Mimikyu
|-activate|p1a: Mimikyu|ability: Disguise
|-damage|p1a: Mimikyu|100/100
|detailschange|p1a: Mimikyu|Mimikyu-Busted, M, shiny
|-damage|p1a: Mimikyu|88/100|[from] pokemon: Mimikyu-Busted
|-enditem|p1a: Mimikyu|Red Card|[of] p2a: Galvantula
|drag|p2a: Kyurem|Kyurem|100/100
|-ability|p2a: Kyurem|Pressure
|
|upkeep
|turn|5
|
|t:|1758239191
|switch|p2a: Cinderace|Cinderace, F|100/100
|move|p1a: Mimikyu|Trick Room|p1a: Mimikyu
|-fieldstart|move: Trick Room|[of] p1a: Mimikyu
|
|upkeep
|turn|6
|
|t:|1758239219
|switch|p1a: Indeedee|Indeedee, M, shiny|100/100
|-fieldstart|move: Psychic Terrain|[from] ability: Psychic Surge|[of] p1a: Indeedee
|move|p2a: Cinderace|Will-O-Wisp|p1a: Indeedee
|-status|p1a: Indeedee|brn
|
|-damage|p1a: Indeedee|94/100 brn|[from] brn
|upkeep
|turn|7
|
|t:|1758239229
|switch|p2a: Slowking|Slowking-Galar, F|100/100
|move|p1a: Indeedee|Expanding Force|p2a: Slowking
|-damage|p2a: Slowking|69/100
|
|-damage|p1a: Indeedee|88/100 brn|[from] brn
|upkeep
|turn|8
|
|t:|1758239238
|move|p2a: Slowking|Future Sight|p1a: Indeedee
|-start|p2a: Slowking|move: Future Sight
|move|p1a: Indeedee|Encore|p2a: Slowking
|-start|p2a: Slowking|Encore
|
|-damage|p1a: Indeedee|82/100 brn|[from] brn
|upkeep
|turn|9
|
|t:|1758239248
|switch|p2a: Samurott|Samurott-Hisui, F|100/100
|switch|p1a: Hoopa|Hoopa-Unbound|100/100
|-enditem|p1a: Hoopa|Psychic Seed
|-boost|p1a: Hoopa|spd|1|[from] item: Psychic Seed
|
|-fieldend|move: Trick Room
|upkeep
|turn|10
|inactive|londonlucariosV2 has 120 seconds left.
|
|t:|1758239278
|switch|p2a: Cinderace|Cinderace, F|100/100
|move|p1a: Hoopa|Trick Room|p1a: Hoopa
|-fieldstart|move: Trick Room|[of] p1a: Hoopa
|
|-end|p1a: Hoopa|move: Future Sight
|-immune|p1a: Hoopa
|upkeep
|turn|11
|inactive|londonlucariosV2 has 120 seconds left.
|
|t:|1758239300
|move|p1a: Hoopa|Expanding Force|p2a: Cinderace
|-damage|p2a: Cinderace|0 fnt
|faint|p2a: Cinderace
|-item|p1a: Hoopa|Heavy-Duty Boots|[from] ability: Magician|[of] p2: Cinderace
|
|upkeep
|
|t:|1758239309
|switch|p2a: Samurott|Samurott-Hisui, F|100/100
|turn|12
|
|t:|1758239313
|move|p1a: Hoopa|Focus Blast|p2a: Samurott
|-supereffective|p2a: Samurott
|-damage|p2a: Samurott|21/100
|move|p2a: Samurott|Ceaseless Edge|p1a: Hoopa
|-damage|p1a: Hoopa|52/100
|-sidestart|p1: liffehh|Spikes
|
|upkeep
|turn|13
|
|t:|1758239321
|move|p2a: Samurott|Sucker Punch|p1a: Hoopa
|-activate|p1a: Hoopa|move: Psychic Terrain
|move|p1a: Hoopa|Focus Blast|p2a: Samurott
|-supereffective|p2a: Samurott
|-damage|p2a: Samurott|0 fnt
|faint|p2a: Samurott
|
|-fieldend|move: Psychic Terrain
|upkeep
|
|t:|1758239329
|switch|p2a: Slowking|Slowking-Galar, F|100/100
|turn|14
|
|t:|1758239336
|switch|p2a: Galvantula|Galvantula, F|13/100
|move|p1a: Hoopa|Hyperspace Fury|p2a: Galvantula
|-damage|p2a: Galvantula|0 fnt
|-unboost|p1a: Hoopa|def|1
|faint|p2a: Galvantula
|
|-fieldend|move: Trick Room
|upkeep
|
|t:|1758239349
|switch|p2a: Raging Bolt|Raging Bolt|100/100
|turn|15
|
|t:|1758239356
|switch|p1a: Mimikyu|Mimikyu-Busted, M, shiny|88/100
|-damage|p1a: Mimikyu|76/100|[from] Spikes
|move|p2a: Raging Bolt|Thunderbolt|p1a: Mimikyu
|-damage|p1a: Mimikyu|23/100
|
|upkeep
|turn|16
|
|t:|1758239369
|-end|p2a: Raging Bolt|Protosynthesis|[silent]
|switch|p2a: Slowking|Slowking-Galar, F|100/100
|move|p1a: Mimikyu|Destiny Bond|p1a: Mimikyu
|-singlemove|p1a: Mimikyu|Destiny Bond
|
|upkeep
|turn|17
|
|t:|1758239381
|move|p2a: Slowking|Future Sight|p1a: Mimikyu
|-start|p2a: Slowking|move: Future Sight
|move|p1a: Mimikyu|Trick Room|p1a: Mimikyu
|-fieldstart|move: Trick Room|[of] p1a: Mimikyu
|
|upkeep
|turn|18
|
|t:|1758239389
|move|p2a: Slowking|Sludge Bomb|p1a: Mimikyu
|-damage|p1a: Mimikyu|0 fnt
|faint|p1a: Mimikyu
|
|upkeep
|
|t:|1758239393
|switch|p1a: Hoopa|Hoopa-Unbound|52/100
|turn|19
|
|t:|1758239410
|-terastallize|p2a: Slowking|Water
|move|p2a: Slowking|Sludge Bomb|p1a: Hoopa
|-damage|p1a: Hoopa|24/100
|move|p1a: Hoopa|Hyperspace Fury|p2a: Slowking
|-damage|p2a: Slowking|47/100
|-unboost|p1a: Hoopa|def|1
|
|-end|p1a: Hoopa|move: Future Sight
|-immune|p1a: Hoopa
|upkeep
|turn|20
|
|t:|1758239420
|move|p2a: Slowking|Sludge Bomb|p1a: Hoopa
|-damage|p1a: Hoopa|0 fnt
|faint|p1a: Hoopa
|
|upkeep
|
|t:|1758239439
|switch|p1a: Hatterene|Hatterene, F, shiny|40/100
|-damage|p1a: Hatterene|27/100|[from] Spikes
|turn|21
|
|t:|1758239452
|switch|p2a: Raging Bolt|Raging Bolt|100/100
|move|p1a: Hatterene|Expanding Force|p2a: Raging Bolt
|-damage|p2a: Raging Bolt|69/100
|-damage|p1a: Hatterene|18/100|[from] item: Life Orb
|
|-fieldend|move: Trick Room
|upkeep
|turn|22
|
|t:|1758239458
|-end|p2a: Raging Bolt|Protosynthesis|[silent]
|switch|p2a: Slowking|Slowking-Galar, F, tera:Water|80/100
|switch|p1a: Ursaluna|Ursaluna, F, shiny|50/100 brn
|-damage|p1a: Ursaluna|37/100 brn|[from] Spikes
|
|-damage|p1a: Ursaluna|31/100 brn|[from] brn
|upkeep
|turn|23
|
|t:|1758239469
|switch|p2a: Raging Bolt|Raging Bolt|69/100
|move|p1a: Ursaluna|Supercell Slam|p2a: Raging Bolt|[miss]
|-miss|p1a: Ursaluna|p2a: Raging Bolt
|-damage|p1a: Ursaluna|0 fnt|[from] supercellslam
|faint|p1a: Ursaluna
|
|upkeep
|
|t:|1758239477
|switch|p1a: Indeedee|Indeedee, M, shiny|82/100 brn
|-damage|p1a: Indeedee|70/100 brn|[from] Spikes
|-fieldstart|move: Psychic Terrain|[from] ability: Psychic Surge|[of] p1a: Indeedee
|turn|24
|
|t:|1758239488
|-end|p2a: Raging Bolt|Protosynthesis|[silent]
|switch|p2a: Slowking|Slowking-Galar, F, tera:Water|100/100
|move|p1a: Indeedee|Trick Room|p1a: Indeedee
|-fieldstart|move: Trick Room|[of] p1a: Indeedee
|
|-damage|p1a: Indeedee|63/100 brn|[from] brn
|upkeep
|turn|25
|
|t:|1758239493
|move|p2a: Slowking|Future Sight|p1a: Indeedee
|-start|p2a: Slowking|move: Future Sight
|move|p1a: Indeedee|Healing Wish|p1a: Indeedee
|faint|p1a: Indeedee
|
|upkeep
|
|t:|1758239495
|switch|p1a: Hatterene|Hatterene, F, shiny|18/100
|-heal|p1a: Hatterene|100/100|[from] move: Healing Wish
|-damage|p1a: Hatterene|88/100|[from] Spikes
|turn|26
|
|t:|1758239506
|-terastallize|p1a: Hatterene|Stellar
|move|p1a: Hatterene|Expanding Force|p2a: Slowking
|-crit|p2a: Slowking
|-damage|p2a: Slowking|0 fnt
|faint|p2a: Slowking
|-damage|p1a: Hatterene|78/100|[from] item: Life Orb
|
|upkeep
|c|☆londonlucariosV2|so lucky
|inactive|londonlucariosV2 has 120 seconds left.
|c|☆liffehh|didnt mattered
|c|☆londonlucariosV2|57 max wth
|
|t:|1758239540
|switch|p2a: Raging Bolt|Raging Bolt|69/100
|turn|27
|
|t:|1758239549
|move|p1a: Hatterene|Expanding Force|p2a: Raging Bolt
|-damage|p2a: Raging Bolt|5/100
|-damage|p1a: Hatterene|69/100|[from] item: Life Orb
|move|p2a: Raging Bolt|Thunderbolt|p1a: Hatterene
|-damage|p1a: Hatterene|10/100
|
|-end|p1a: Hatterene|move: Future Sight
|-resisted|p1a: Hatterene
|-crit|p1a: Hatterene
|-damage|p1a: Hatterene|0 fnt
|faint|p1a: Hatterene
|upkeep
|c|☆londonlucariosV2|are u slow
|
|t:|1758239552
|switch|p1a: Iron Hands|Iron Hands|100/100
|-damage|p1a: Iron Hands|88/100|[from] Spikes
|turn|28
|c|☆londonlucariosV2|it didnt even do 60
|inactive|londonlucariosV2 has 120 seconds left.
|c|☆londonlucariosV2|and as u see i took one with a less bulky mon
|c|☆liffehh|I would 2ko anyway
|c|☆londonlucariosV2|im regen
|inactive|londonlucariosV2 has 90 seconds left.
|
|t:|1758239603
|move|p1a: Iron Hands|Ice Punch|p2a: Raging Bolt
|-supereffective|p2a: Raging Bolt
|-damage|p2a: Raging Bolt|0 fnt
|faint|p2a: Raging Bolt
|-end|p2a: Raging Bolt|Protosynthesis|[silent]
|
|-fieldend|move: Trick Room
|upkeep
|
|t:|1758239606
|switch|p2a: Kyurem|Kyurem|100/100
|-ability|p2a: Kyurem|Pressure
|turn|29
|
|t:|1758239610
|move|p2a: Kyurem|Draco Meteor|p1a: Iron Hands
|-damage|p1a: Iron Hands|39/100
|-unboost|p2a: Kyurem|spa|2
|move|p1a: Iron Hands|Close Combat|p2a: Kyurem
|-supereffective|p2a: Kyurem
|-damage|p2a: Kyurem|0 fnt
|-unboost|p1a: Iron Hands|def|1
|-unboost|p1a: Iron Hands|spd|1
|faint|p2a: Kyurem
|
|win|liffehh
|raw|liffehh's rating: 1322 &rarr; <strong>1341</strong><br />(+19 for winning)
|raw|londonlucariosV2's rating: 1302 &rarr; <strong>1283</strong><br />(-19 for losing)
|c|☆liffehh|bad player
|c|☆londonlucariosV2|how
|l|☆liffehh
|player|p1|
|c|☆londonlucariosV2|u literally dont wvem know abilities
