|j|☆Typrim
|j|☆RobinMuisterr
|t:|1758312276
|gametype|singles
|player|p1|Typrim|hilbert|1159
|player|p2|RobinMuisterr|266|1123
|gen|9
|tier|[Gen 9] OU
|rated|
|rule|HP Percentage Mod: HP is shown in percentages
|rule|Endless Battle Clause: Forcing endless battles is banned
|rule|Species Clause: Limit one of each Pokémon
|rule|OHKO Clause: OHKO moves are banned
|rule|Evasion Items Clause: Evasion items are banned
|rule|Evasion Moves Clause: Evasion moves are banned
|rule|Evasion Abilities Clause: Evasion abilities are banned
|rule|Sleep Moves Clause: Sleep-inducing moves are banned
|clearpoke
|poke|p1|Scizor, F|
|poke|p1|Thundurus, M|
|poke|p1|Iron Treads|
|poke|p1|Keldeo-Resolute|
|poke|p1|Rillaboom, F|
|poke|p1|Latias, F|
|poke|p2|Lilligant-Hisui, F|
|poke|p2|Walking Wake|
|poke|p2|Great Tusk|
|poke|p2|Kingambit, M|
|poke|p2|Ninetales, F|
|poke|p2|Alcremie-Mint-Cream, F|
|teampreview
|inactive|Battle timer is ON: inactive players will automatically lose when time's up. (requested by Typrim)
|
|t:|1758312286
|teamsize|p1|6
|teamsize|p2|6
|start
|switch|p1a: Scizor|Scizor, F|100/100
|switch|p2a: Alcremie|Alcremie-Mint-Cream, F|100/100
|turn|1
|
|t:|1758312292
|-terastallize|p1a: Scizor|Steel
|-terastallize|p2a: Alcremie|Steel
|move|p1a: Scizor|Bullet Punch|p2a: Alcremie
|-resisted|p2a: Alcremie
|-damage|p2a: Alcremie|55/100
|move|p2a: Alcremie|Acid Armor|p2a: Alcremie
|-boost|p2a: Alcremie|def|2
|
|-heal|p2a: Alcremie|61/100|[from] item: Leftovers
|upkeep
|turn|2
|
|t:|1758312303
|switch|p1a: Thundurus|Thundurus, M|100/100
|move|p2a: Alcremie|Acid Armor|p2a: Alcremie
|-boost|p2a: Alcremie|def|2
|
|-heal|p2a: Alcremie|67/100|[from] item: Leftovers
|upkeep
|turn|3
|
|t:|1758312306
|move|p1a: Thundurus|Rain Dance|p1a: Thundurus
|-weather|RainDance
|move|p2a: Alcremie|Calm Mind|p2a: Alcremie
|-boost|p2a: Alcremie|spa|1
|-boost|p2a: Alcremie|spd|1
|
|-weather|RainDance|[upkeep]
|-heal|p2a: Alcremie|73/100|[from] item: Leftovers
|upkeep
|turn|4
|
|t:|1758312313
|move|p1a: Thundurus|Thunder Wave|p2a: Alcremie
|-status|p2a: Alcremie|par
|cant|p2a: Alcremie|par
|
|-weather|RainDance|[upkeep]
|-heal|p2a: Alcremie|79/100 par|[from] item: Leftovers
|upkeep
|turn|5
|
|t:|1758312317
|move|p1a: Thundurus|Volt Switch|p2a: Alcremie
|-damage|p2a: Alcremie|64/100 par
|
|t:|1758312321
|switch|p1a: Keldeo|Keldeo-Resolute|100/100|[from] Volt Switch
|cant|p2a: Alcremie|par
|
|-weather|RainDance|[upkeep]
|-heal|p2a: Alcremie|70/100 par|[from] item: Leftovers
|upkeep
|turn|6
|
|t:|1758312326
|move|p1a: Keldeo|Hydro Pump|p2a: Alcremie
|-damage|p2a: Alcremie|16/100 par
|move|p2a: Alcremie|Calm Mind|p2a: Alcremie
|-boost|p2a: Alcremie|spa|1
|-boost|p2a: Alcremie|spd|1
|
|-weather|RainDance|[upkeep]
|-heal|p2a: Alcremie|22/100 par|[from] item: Leftovers
|upkeep
|turn|7
|
|t:|1758312331
|move|p1a: Keldeo|Hydro Pump|p2a: Alcremie|[miss]
|-miss|p1a: Keldeo|p2a: Alcremie
|move|p2a: Alcremie|Draining Kiss|p1a: Keldeo
|-supereffective|p1a: Keldeo
|-damage|p1a: Keldeo|17/100
|-heal|p2a: Alcremie|83/100 par|[from] drain|[of] p1a: Keldeo
|
|-weather|none
|-heal|p2a: Alcremie|89/100 par|[from] item: Leftovers
|upkeep
|turn|8
|
|t:|1758312341
|move|p1a: Keldeo|Hydro Pump|p2a: Alcremie|[miss]
|-miss|p1a: Keldeo|p2a: Alcremie
|move|p2a: Alcremie|Calm Mind|p2a: Alcremie
|-boost|p2a: Alcremie|spa|1
|-boost|p2a: Alcremie|spd|1
|
|-heal|p2a: Alcremie|95/100 par|[from] item: Leftovers
|upkeep
|turn|9
|
|t:|1758312347
|move|p1a: Keldeo|Hydro Pump|p2a: Alcremie
|-damage|p2a: Alcremie|74/100 par
|move|p2a: Alcremie|Draining Kiss|p1a: Keldeo
|-supereffective|p1a: Keldeo
|-damage|p1a: Keldeo|0 fnt
|-heal|p2a: Alcremie|87/100 par|[from] drain|[of] p1a: Keldeo
|faint|p1a: Keldeo
|
|-heal|p2a: Alcremie|93/100 par|[from] item: Leftovers
|upkeep
|
|t:|1758312356
|switch|p1a: Scizor|Scizor, F, tera:Steel|100/100
|turn|10
|
|t:|1758312362
|move|p1a: Scizor|Knock Off|p2a: Alcremie
|-damage|p2a: Alcremie|69/100 par
|-enditem|p2a: Alcremie|Leftovers|[from] move: Knock Off|[of] p1a: Scizor
|cant|p2a: Alcremie|par
|
|upkeep
|turn|11
|
|t:|1758312372
|switch|p1a: Rillaboom|Rillaboom, F|100/100
|-fieldstart|move: Grassy Terrain|[from] ability: Grassy Surge|[of] p1a: Rillaboom
|move|p2a: Alcremie|Stored Power|p1a: Rillaboom
|-damage|p1a: Rillaboom|0 fnt
|faint|p1a: Rillaboom
|
|-heal|p2a: Alcremie|75/100 par|[from] Grassy Terrain
|upkeep
|
|t:|1758312375
|switch|p1a: Iron Treads|Iron Treads|100/100
|turn|12
|
|t:|1758312383
|move|p1a: Iron Treads|Steel Roller|p2a: Alcremie
|-resisted|p2a: Alcremie
|-damage|p2a: Alcremie|59/100 par
|-fieldend|move: Grassy Terrain
|move|p2a: Alcremie|Stored Power|p1a: Iron Treads
|-resisted|p1a: Iron Treads
|-damage|p1a: Iron Treads|42/100
|
|upkeep
|turn|13
|
|t:|1758312391
|move|p1a: Iron Treads|Earthquake|p2a: Alcremie
|-supereffective|p2a: Alcremie
|-damage|p2a: Alcremie|15/100 par
|move|p2a: Alcremie|Stored Power|p1a: Iron Treads
|-resisted|p1a: Iron Treads
|-damage|p1a: Iron Treads|0 fnt
|faint|p1a: Iron Treads
|-end|p1a: Iron Treads|Quark Drive|[silent]
|
|upkeep
|
|t:|1758312402
|switch|p1a: Thundurus|Thundurus, M|100/100
|turn|14
|
|t:|1758312409
|move|p1a: Thundurus|Volt Switch|p2a: Alcremie
|-damage|p2a: Alcremie|7/100 par
|
|t:|1758312412
|switch|p1a: Latias|Latias, F|100/100|[from] Volt Switch
|move|p2a: Alcremie|Draining Kiss|p1a: Latias
|-supereffective|p1a: Latias
|-damage|p1a: Latias|21/100
|-heal|p2a: Alcremie|61/100 par|[from] drain|[of] p1a: Latias
|
|upkeep
|turn|15
|
|t:|1758312421
|move|p1a: Latias|Draco Meteor|p2a: Alcremie
|-resisted|p2a: Alcremie
|-damage|p2a: Alcremie|51/100 par
|-unboost|p1a: Latias|spa|2
|move|p2a: Alcremie|Draining Kiss|p1a: Latias
|-supereffective|p1a: Latias
|-damage|p1a: Latias|0 fnt
|-heal|p2a: Alcremie|65/100 par|[from] drain|[of] p1a: Latias
|faint|p1a: Latias
|
|upkeep
|
|t:|1758312425
|switch|p1a: Scizor|Scizor, F, tera:Steel|100/100
|turn|16
|c|☆RobinMuisterr|nerf alcremie
|
|t:|1758312434
|move|p1a: Scizor|Knock Off|p2a: Alcremie
|-damage|p2a: Alcremie|50/100 par
|move|p2a: Alcremie|Stored Power|p1a: Scizor
|-resisted|p1a: Scizor
|-damage|p1a: Scizor|7/100
|
|upkeep
|turn|17
|
|t:|1758312441
|move|p1a: Scizor|Knock Off|p2a: Alcremie
|-damage|p2a: Alcremie|33/100 par
|move|p2a: Alcremie|Calm Mind|p2a: Alcremie
|-boost|p2a: Alcremie|spa|1
|-boost|p2a: Alcremie|spd|1
|
|upkeep
|turn|18
|
|t:|1758312460
|move|p1a: Scizor|Knock Off|p2a: Alcremie
|-damage|p2a: Alcremie|16/100 par
|cant|p2a: Alcremie|par
|
|upkeep
|turn|19
|
|t:|1758312465
|move|p1a: Scizor|Knock Off|p2a: Alcremie
|-damage|p2a: Alcremie|0 fnt
|faint|p2a: Alcremie
|
|upkeep
|
|t:|1758312476
|switch|p2a: Great Tusk|Great Tusk|100/100
|turn|20
|
|t:|1758312501
|move|p2a: Great Tusk|Ice Spinner|p1a: Scizor
|-resisted|p1a: Scizor
|-damage|p1a: Scizor|0 fnt
|faint|p1a: Scizor
|
|upkeep
|
|t:|1758312502
|switch|p1a: Thundurus|Thundurus, M|100/100
|turn|21
|
|t:|1758312507
|move|p1a: Thundurus|Rain Dance|p1a: Thundurus
|-weather|RainDance
|move|p2a: Great Tusk|Ice Spinner|p1a: Thundurus
|-supereffective|p1a: Thundurus
|-damage|p1a: Thundurus|17/100
|
|-weather|RainDance|[upkeep]
|upkeep
|turn|22
|
|t:|1758312510
|move|p1a: Thundurus|Weather Ball|p2a: Great Tusk
|-supereffective|p2a: Great Tusk
|-damage|p2a: Great Tusk|0 fnt
|faint|p2a: Great Tusk
|-end|p2a: Great Tusk|Protosynthesis|[silent]
|
|-weather|RainDance|[upkeep]
|upkeep
|
|t:|1758312516
|switch|p2a: Ninetales|Ninetales, F|100/100
|-weather|SunnyDay|[from] ability: Drought|[of] p2a: Ninetales
|turn|23
|inactive|Typrim has 120 seconds left.
|
|t:|1758312565
|move|p1a: Thundurus|Rain Dance|p1a: Thundurus
|-weather|RainDance
|move|p2a: Ninetales|Weather Ball|p1a: Thundurus
|-damage|p1a: Thundurus|0 fnt
|faint|p1a: Thundurus
|
|win|RobinMuisterr
|raw|Typrim's rating: 1159 &rarr; <strong>1131</strong><br />(-28 for losing)
|raw|RobinMuisterr's rating: 1123 &rarr; <strong>1151</strong><br />(+28 for winning)
|l|☆Typrim
|player|p1|
|l|☆RobinMuisterr
|player|p2|
