|j|☆diglett101
|j|☆Over hit
|t:|1758271185
|gametype|singles
|player|p1|diglett101|102|1143
|player|p2|Over hit|169|1126
|gen|9
|tier|[Gen 9] OU
|rated|
|rule|HP Percentage Mod: HP is shown in percentages
|rule|Endless Battle Clause: Forcing endless battles is banned
|rule|Species Clause: Limit one of each Pokémon
|rule|OHKO Clause: OHKO moves are banned
|rule|Evasion Items Clause: Evasion items are banned
|rule|Evasion Moves Clause: Evasion moves are banned
|rule|Evasion Abilities Clause: Evasion abilities are banned
|rule|Sleep Moves Clause: Sleep-inducing moves are banned
|clearpoke
|poke|p1|Lycanroc-Dusk, M|
|poke|p1|Heracross, M|
|poke|p1|Torterra, F|
|poke|p1|Armarouge, F|
|poke|p1|Noivern, F|
|poke|p1|Glaceon, F|
|poke|p2|Gallade, M|
|poke|p2|Maushold|
|poke|p2|Dragonite, M|
|poke|p2|Alomomola, M|
|poke|p2|Ninetales-Alola, F|
|poke|p2|Heatran, M|
|teampreview
|inactive|Battle timer is ON: inactive players will automatically lose when time's up. (requested by diglett101)
|
|t:|1758271198
|teamsize|p1|6
|teamsize|p2|6
|start
|switch|p1a: Lycanroc|Lycanroc-Dusk, M|100/100
|switch|p2a: Maushold|Maushold|100/100
|turn|1
|
|t:|1758271207
|move|p2a: Maushold|Tidy Up|p2a: Maushold
|-boost|p2a: Maushold|atk|1
|-boost|p2a: Maushold|spe|1
|move|p1a: Lycanroc|Close Combat|p2a: Maushold
|-supereffective|p2a: Maushold
|-damage|p2a: Maushold|0 fnt
|-unboost|p1a: Lycanroc|def|1
|-unboost|p1a: Lycanroc|spd|1
|faint|p2a: Maushold
|-damage|p1a: Lycanroc|91/100|[from] item: Life Orb
|
|upkeep
|
|t:|1758271231
|switch|p2a: Gallade|Gallade, M|100/100
|turn|2
|
|t:|1758271236
|move|p2a: Gallade|Sacred Sword|p1a: Lycanroc
|-supereffective|p1a: Lycanroc
|-damage|p1a: Lycanroc|0 fnt
|faint|p1a: Lycanroc
|
|upkeep
|
|t:|1758271240
|switch|p1a: Noivern|Noivern, F|100/100
|turn|3
|
|t:|1758271253
|switch|p2a: Ninetales|Ninetales-Alola, F, shiny|100/100
|-weather|Snowscape|[from] ability: Snow Warning|[of] p2a: Ninetales
|move|p1a: Noivern|Air Slash|p2a: Ninetales
|-damage|p2a: Ninetales|70/100
|
|-weather|Snowscape|[upkeep]
|upkeep
|turn|4
|
|t:|1758271271
|switch|p1a: Armarouge|Armarouge, F|100/100
|move|p2a: Ninetales|Aurora Veil|p2a: Ninetales
|-sidestart|p2: Over hit|move: Aurora Veil
|
|-weather|Snowscape|[upkeep]
|upkeep
|turn|5
|
|t:|1758271281
|switch|p2a: Heatran|Heatran, M|100/100
|-item|p2a: Heatran|Air Balloon
|move|p1a: Armarouge|Meteor Beam||[still]
|-prepare|p1a: Armarouge|Meteor Beam
|-boost|p1a: Armarouge|spa|1
|-enditem|p1a: Armarouge|Power Herb
|-anim|p1a: Armarouge|Meteor Beam|p2a: Heatran
|-damage|p2a: Heatran|81/100
|-enditem|p2a: Heatran|Air Balloon
|
|-weather|Snowscape|[upkeep]
|upkeep
|turn|6
|
|t:|1758271295
|-terastallize|p1a: Armarouge|Grass
|move|p1a: Armarouge|Psychic|p2a: Heatran
|-resisted|p2a: Heatran
|-damage|p2a: Heatran|70/100
|move|p2a: Heatran|Earth Power|p1a: Armarouge
|-resisted|p1a: Armarouge
|-damage|p1a: Armarouge|86/100
|
|-weather|Snowscape|[upkeep]
|upkeep
|turn|7
|
|t:|1758271305
|move|p1a: Armarouge|Psychic|p2a: Heatran
|-resisted|p2a: Heatran
|-damage|p2a: Heatran|60/100
|move|p2a: Heatran|Magma Storm|p1a: Armarouge
|-start|p1a: Armarouge|ability: Flash Fire
|
|-weather|none
|upkeep
|turn|8
|
|t:|1758271333
|switch|p2a: Ninetales|Ninetales-Alola, F, shiny|70/100
|-weather|Snowscape|[from] ability: Snow Warning|[of] p2a: Ninetales
|move|p1a: Armarouge|Psychic|p2a: Ninetales
|-damage|p2a: Ninetales|35/100
|
|-weather|Snowscape|[upkeep]
|upkeep
|turn|9
|
|t:|1758271341
|move|p2a: Ninetales|Blizzard|p1a: Armarouge
|-supereffective|p1a: Armarouge
|-damage|p1a: Armarouge|15/100
|move|p1a: Armarouge|Psychic|p2a: Ninetales
|-damage|p2a: Ninetales|1/100
|
|-weather|Snowscape|[upkeep]
|upkeep
|turn|10
|
|t:|1758271348
|move|p2a: Ninetales|Blizzard|p1a: Armarouge
|-supereffective|p1a: Armarouge
|-damage|p1a: Armarouge|0 fnt
|faint|p1a: Armarouge
|
|-weather|Snowscape|[upkeep]
|upkeep
|
|t:|1758271353
|switch|p1a: Glaceon|Glaceon, F|100/100
|turn|11
|
|t:|1758271361
|move|p1a: Glaceon|Ice Shard|p2a: Ninetales
|-resisted|p2a: Ninetales
|-damage|p2a: Ninetales|0 fnt
|faint|p2a: Ninetales
|
|-weather|Snowscape|[upkeep]
|-sideend|p2: Over hit|move: Aurora Veil
|upkeep
|
|t:|1758271373
|switch|p2a: Heatran|Heatran, M|60/100
|turn|12
|
|t:|1758271385
|switch|p1a: Noivern|Noivern, F|100/100
|move|p2a: Heatran|Magma Storm|p1a: Noivern
|-resisted|p1a: Noivern
|-damage|p1a: Noivern|74/100
|-activate|p1a: Noivern|move: Magma Storm|[of] p2a: Heatran
|
|-weather|none
|-damage|p1a: Noivern|62/100|[from] move: Magma Storm|[partiallytrapped]
|upkeep
|turn|13
|
|t:|1758271402
|move|p1a: Noivern|Boomburst|p2a: Heatran
|-resisted|p2a: Heatran
|-damage|p2a: Heatran|48/100
|-enditem|p1a: Noivern|Throat Spray
|-boost|p1a: Noivern|spa|1|[from] item: Throat Spray
|move|p2a: Heatran|Stealth Rock|p1a: Noivern
|-sidestart|p1: diglett101|move: Stealth Rock
|
|-damage|p1a: Noivern|50/100|[from] move: Magma Storm|[partiallytrapped]
|upkeep
|turn|14
|
|t:|1758271414
|switch|p2a: Dragonite|Dragonite, M|100/100
|move|p1a: Noivern|Air Slash|p2a: Dragonite
|-damage|p2a: Dragonite|47/100
|
|-end|p1a: Noivern|Magma Storm|[partiallytrapped]|[silent]
|upkeep
|turn|15
|
|t:|1758271421
|-terastallize|p2a: Dragonite|Normal
|move|p2a: Dragonite|Extreme Speed|p1a: Noivern
|-damage|p1a: Noivern|0 fnt
|faint|p1a: Noivern
|
|upkeep
|
|t:|1758271427
|switch|p1a: Glaceon|Glaceon, F|100/100
|turn|16
|
|t:|1758271431
|move|p2a: Dragonite|Extreme Speed|p1a: Glaceon
|-damage|p1a: Glaceon|44/100
|move|p1a: Glaceon|Freeze-Dry|p2a: Dragonite
|-damage|p2a: Dragonite|5/100
|
|upkeep
|turn|17
|
|t:|1758271440
|move|p1a: Glaceon|Protect|p1a: Glaceon
|-singleturn|p1a: Glaceon|Protect
|move|p2a: Dragonite|Extreme Speed|p1a: Glaceon
|-activate|p1a: Glaceon|move: Protect
|
|upkeep
|turn|18
|
|t:|1758271446
|move|p2a: Dragonite|Extreme Speed|p1a: Glaceon
|-damage|p1a: Glaceon|0 fnt
|faint|p1a: Glaceon
|
|upkeep
|
|t:|1758271450
|switch|p1a: Heracross|Heracross, M|100/100
|-damage|p1a: Heracross|88/100|[from] Stealth Rock
|turn|19
|
|t:|1758271457
|move|p2a: Dragonite|Extreme Speed|p1a: Heracross
|-damage|p1a: Heracross|0 fnt
|faint|p1a: Heracross
|
|upkeep
|
|t:|1758271461
|switch|p1a: Torterra|Torterra, F|100/100
|-damage|p1a: Torterra|94/100|[from] Stealth Rock
|turn|20
|
|t:|1758271466
|move|p2a: Dragonite|Extreme Speed|p1a: Torterra
|-damage|p1a: Torterra|23/100
|move|p1a: Torterra|Crunch|p2a: Dragonite
|-damage|p2a: Dragonite|0 fnt
|faint|p2a: Dragonite
|
|upkeep
|
|t:|1758271476
|switch|p2a: Heatran|Heatran, M|48/100
|turn|21
|
|t:|1758271479
|move|p1a: Torterra|Earthquake|p2a: Heatran
|-supereffective|p2a: Heatran
|-crit|p2a: Heatran
|-damage|p2a: Heatran|0 fnt
|faint|p2a: Heatran
|
|upkeep
|
|t:|1758271487
|switch|p2a: Alomomola|Alomomola, M|100/100
|turn|22
|
|t:|1758271491
|move|p1a: Torterra|Shell Smash|p1a: Torterra
|-unboost|p1a: Torterra|def|1
|-unboost|p1a: Torterra|spd|1
|-boost|p1a: Torterra|atk|2
|-boost|p1a: Torterra|spa|2
|-boost|p1a: Torterra|spe|2
|-enditem|p1a: Torterra|White Herb
|-clearnegativeboost|p1a: Torterra|[silent]
|move|p2a: Alomomola|Scald|p1a: Torterra
|-damage|p1a: Torterra|7/100
|
|upkeep
|turn|23
|
|t:|1758271501
|move|p1a: Torterra|Earthquake|p2a: Alomomola
|-damage|p2a: Alomomola|49/100
|move|p2a: Alomomola|Scald|p1a: Torterra
|-damage|p1a: Torterra|0 fnt
|faint|p1a: Torterra
|
|win|Over hit
|raw|diglett101's rating: 1143 &rarr; <strong>1117</strong><br />(-26 for losing)
|raw|Over hit's rating: 1126 &rarr; <strong>1152</strong><br />(+26 for winning)
|l|☆diglett101
|player|p1|
|l|☆Over hit
|player|p2|
