|j|☆boldenhauer
|j|☆AsierX
|t:|1758307700
|gametype|singles
|player|p1|boldenhauer|170|1372
|player|p2|AsierX|skierf|1361
|gen|9
|tier|[Gen 9] OU
|rated|
|rule|HP Percentage Mod: HP is shown in percentages
|rule|Endless Battle Clause: Forcing endless battles is banned
|rule|Species Clause: Limit one of each Pokémon
|rule|OHKO Clause: OHKO moves are banned
|rule|Evasion Items Clause: Evasion items are banned
|rule|Evasion Moves Clause: Evasion moves are banned
|rule|Evasion Abilities Clause: Evasion abilities are banned
|rule|Sleep Moves Clause: Sleep-inducing moves are banned
|clearpoke
|poke|p1|Ogerpon-Wellspring, F|
|poke|p1|Moltres|
|poke|p1|Malamar, M|
|poke|p1|Dragapult, M|
|poke|p1|Spidops, M|
|poke|p1|Empoleon, M|
|poke|p2|Great Tusk|
|poke|p2|Kyurem|
|poke|p2|Ogerpon-Wellspring, F|
|poke|p2|Gholdengo|
|poke|p2|Ceruledge, M|
|poke|p2|Darkrai|
|teampreview
|
|t:|1758307709
|teamsize|p1|6
|teamsize|p2|6
|start
|switch|p1a: Spidops|Spidops, M|100/100
|switch|p2a: Truth|Darkrai|100/100
|turn|1
|
|t:|1758307713
|move|p2a: Truth|Taunt|p1a: Spidops
|-start|p1a: Spidops|move: Taunt
|move|p1a: Spidops|Circle Throw|p2a: Truth
|-supereffective|p2a: Truth
|-damage|p2a: Truth|72/100
|drag|p2a: Vinethesis|Ogerpon-Wellspring, F|100/100
|
|upkeep
|turn|2
|
|t:|1758307723
|switch|p1a: Empoleon|Empoleon, M|100/100
|move|p2a: Vinethesis|Encore||[still]
|-fail|p2a: Vinethesis
|
|upkeep
|turn|3
|
|t:|1758307729
|move|p1a: Empoleon|Ice Beam|p2a: Vinethesis
|-damage|p2a: Vinethesis|73/100
|move|p2a: Vinethesis|Swords Dance|p2a: Vinethesis
|-boost|p2a: Vinethesis|atk|2
|
|upkeep
|turn|4
|
|t:|1758307733
|move|p1a: Empoleon|Ice Beam|p2a: Vinethesis
|-damage|p2a: Vinethesis|44/100
|move|p2a: Vinethesis|Horn Leech|p1a: Empoleon
|-damage|p1a: Empoleon|9/100
|-heal|p2a: Vinethesis|100/100|[from] drain|[of] p1a: Empoleon
|
|upkeep
|turn|5
|
|t:|1758307736
|move|p1a: Empoleon|Ice Beam|p2a: Vinethesis
|-damage|p2a: Vinethesis|76/100
|move|p2a: Vinethesis|Horn Leech|p1a: Empoleon
|-damage|p1a: Empoleon|0 fnt
|-heal|p2a: Vinethesis|81/100|[from] drain|[of] p1a: Empoleon
|faint|p1a: Empoleon
|
|upkeep
|
|t:|1758307749
|switch|p1a: Spidops|Spidops, M|100/100
|turn|6
|
|t:|1758307751
|move|p2a: Vinethesis|Ivy Cudgel|p1a: Spidops|[anim] Ivy Cudgel Water
|-enditem|p1a: Spidops|Focus Sash
|-damage|p1a: Spidops|1/100
|move|p1a: Spidops|Circle Throw|p2a: Vinethesis
|-damage|p2a: Vinethesis|66/100
|drag|p2a: Roller|Great Tusk|100/100
|-enditem|p2a: Roller|Booster Energy
|-activate|p2a: Roller|ability: Protosynthesis|[fromitem]
|-start|p2a: Roller|protosynthesisspe
|
|upkeep
|turn|7
|
|t:|1758307756
|move|p2a: Roller|Rapid Spin|p1a: Spidops
|-damage|p1a: Spidops|0 fnt
|-boost|p2a: Roller|spe|1
|faint|p1a: Spidops
|
|upkeep
|
|t:|1758307759
|switch|p1a: Ogerpon|Ogerpon-Wellspring, F|100/100
|turn|8
|
|t:|1758307763
|-end|p2a: Roller|Protosynthesis|[silent]
|switch|p2a: Vinethesis|Ogerpon-Wellspring, F|66/100
|move|p1a: Ogerpon|Horn Leech|p2a: Vinethesis
|-damage|p2a: Vinethesis|8/100
|
|upkeep
|turn|9
|
|t:|1758307766
|move|p1a: Ogerpon|Horn Leech|p2a: Vinethesis
|-damage|p2a: Vinethesis|0 fnt
|faint|p2a: Vinethesis
|
|upkeep
|
|t:|1758307769
|switch|p2a: Stratus|Kyurem|100/100
|-ability|p2a: Stratus|Pressure
|turn|10
|
|t:|1758307773
|switch|p1a: Moltres|Moltres|100/100
|move|p2a: Stratus|Freeze-Dry|p1a: Moltres
|-damage|p1a: Moltres|62/100
|
|upkeep
|turn|11
|
|t:|1758307775
|move|p2a: Stratus|Freeze-Dry|p1a: Moltres
|-damage|p1a: Moltres|26/100
|move|p1a: Moltres|Roost|p1a: Moltres
|-heal|p1a: Moltres|76/100
|-singleturn|p1a: Moltres|move: Roost
|
|upkeep
|turn|12
|
|t:|1758307779
|move|p2a: Stratus|Freeze-Dry|p1a: Moltres
|-damage|p1a: Moltres|37/100
|move|p1a: Moltres|Roost|p1a: Moltres
|-heal|p1a: Moltres|87/100
|-singleturn|p1a: Moltres|move: Roost
|
|upkeep
|turn|13
|
|t:|1758307784
|switch|p2a: Truth|Darkrai|72/100
|move|p1a: Moltres|Hurricane|p2a: Truth
|-damage|p2a: Truth|10/100
|
|upkeep
|turn|14
|
|t:|1758307786
|move|p2a: Truth|Taunt|p1a: Moltres
|-start|p1a: Moltres|move: Taunt
|move|p1a: Moltres|Flamethrower|p2a: Truth
|-damage|p2a: Truth|0 fnt
|faint|p2a: Truth
|
|upkeep
|
|t:|1758307787
|switch|p2a: Stratus|Kyurem|100/100
|-ability|p2a: Stratus|Pressure
|turn|15
|
|t:|1758307794
|move|p2a: Stratus|Freeze-Dry|p1a: Moltres
|-damage|p1a: Moltres|48/100
|move|p1a: Moltres|Flamethrower|p2a: Stratus
|-damage|p2a: Stratus|66/100
|
|upkeep
|turn|16
|
|t:|1758307799
|move|p2a: Stratus|Freeze-Dry|p1a: Moltres
|-damage|p1a: Moltres|9/100
|move|p1a: Moltres|Flamethrower|p2a: Stratus
|-damage|p2a: Stratus|33/100
|
|-end|p1a: Moltres|move: Taunt
|upkeep
|turn|17
|
|t:|1758307806
|move|p2a: Stratus|Freeze-Dry|p1a: Moltres
|-damage|p1a: Moltres|0 fnt
|faint|p1a: Moltres
|
|upkeep
|
|t:|1758307809
|switch|p1a: Malamar|Malamar, M|100/100
|turn|18
|
|t:|1758307810
|switch|p2a: Avarice|Gholdengo|100/100
|move|p1a: Malamar|Disable|p2a: Avarice
|-immune|p2a: Avarice|[from] ability: Good as Gold
|
|upkeep
|turn|19
|
|t:|1758307813
|move|p2a: Avarice|Dazzling Gleam|p1a: Malamar
|-supereffective|p1a: Malamar
|-damage|p1a: Malamar|33/100
|move|p1a: Malamar|Knock Off|p2a: Avarice
|-supereffective|p2a: Avarice
|-damage|p2a: Avarice|28/100
|-enditem|p2a: Avarice|Choice Scarf|[from] move: Knock Off|[of] p1a: Malamar
|
|-heal|p1a: Malamar|40/100|[from] item: Leftovers
|upkeep
|turn|20
|
|t:|1758307818
|move|p2a: Avarice|Dazzling Gleam|p1a: Malamar
|-supereffective|p1a: Malamar
|-damage|p1a: Malamar|0 fnt
|faint|p1a: Malamar
|
|upkeep
|
|t:|1758307823
|switch|p1a: Ogerpon|Ogerpon-Wellspring, F|100/100
|turn|21
|
|t:|1758307826
|move|p1a: Ogerpon|Ivy Cudgel|p2a: Avarice|[anim] Ivy Cudgel Water
|-damage|p2a: Avarice|0 fnt
|faint|p2a: Avarice
|
|upkeep
|
|t:|1758307829
|switch|p2a: Stratus|Kyurem|33/100
|-ability|p2a: Stratus|Pressure
|turn|22
|
|t:|1758307832
|-terastallize|p1a: Ogerpon|Water
|detailschange|p1a: Ogerpon|Ogerpon-Wellspring-Tera, F, tera:Water
|-ability|p1a: Ogerpon|Embody Aspect (Wellspring)|boost
|-boost|p1a: Ogerpon|spd|1
|move|p2a: Stratus|Freeze-Dry|p1a: Ogerpon
|-supereffective|p1a: Ogerpon
|-damage|p1a: Ogerpon|42/100
|move|p1a: Ogerpon|Ivy Cudgel|p2a: Stratus|[anim] Ivy Cudgel Water
|-resisted|p2a: Stratus
|-damage|p2a: Stratus|0 fnt
|faint|p2a: Stratus
|
|upkeep
|
|t:|1758307835
|switch|p2a: Elhanan|Ceruledge, M, shiny|100/100
|turn|23
|
|t:|1758307844
|switch|p1a: Dragapult|Dragapult, M|100/100
|move|p2a: Elhanan|Swords Dance|p2a: Elhanan
|-boost|p2a: Elhanan|atk|2
|
|upkeep
|turn|24
|
|t:|1758307847
|move|p2a: Elhanan|Shadow Sneak|p1a: Dragapult
|-supereffective|p1a: Dragapult
|-damage|p1a: Dragapult|0 fnt
|faint|p1a: Dragapult
|
|upkeep
|-message|boldenhauer forfeited.
|
|win|AsierX
|raw|boldenhauer's rating: 1372 &rarr; <strong>1351</strong><br />(-21 for losing)
|raw|AsierX's rating: 1361 &rarr; <strong>1382</strong><br />(+21 for winning)
|l|☆boldenhauer
|player|p1|
|l|☆AsierX
|player|p2|
