|j|☆ilikehorse222
|j|☆AlmostNamedOne
|t:|1758232430
|gametype|singles
|player|p1|ilikehorse222|pokefan-gen4|1301
|player|p2|AlmostNamedOne|1|1250
|gen|9
|tier|[Gen 9] OU
|rated|
|rule|HP Percentage Mod: HP is shown in percentages
|rule|Endless Battle Clause: Forcing endless battles is banned
|rule|Species Clause: Limit one of each Pokémon
|rule|OHKO Clause: OHKO moves are banned
|rule|Evasion Items Clause: Evasion items are banned
|rule|Evasion Moves Clause: Evasion moves are banned
|rule|Evasion Abilities Clause: Evasion abilities are banned
|rule|Sleep Moves Clause: Sleep-inducing moves are banned
|clearpoke
|poke|p1|Dondozo, M|
|poke|p1|Blissey, F|
|poke|p1|Corviknight, M|
|poke|p1|Weezing-Galar, F|
|poke|p1|Gliscor, F|
|poke|p1|Toxapex, F|
|poke|p2|Toxapex, M|
|poke|p2|Corviknight, M|
|poke|p2|Gliscor, F|
|poke|p2|Garganacl, F|
|poke|p2|Slowking-Galar, F|
|poke|p2|Kingambit, M|
|teampreview
|inactive|Battle timer is ON: inactive players will automatically lose when time's up. (requested by ilikehorse222)
|
|t:|1758232440
|teamsize|p1|6
|teamsize|p2|6
|start
|switch|p1a: Weezing|Weezing-Galar, F|100/100
|switch|p2a: Gliscor|Gliscor, F|100/100
|-ability|p1a: Weezing|Neutralizing Gas
|turn|1
|
|t:|1758232449
|move|p2a: Gliscor|Stealth Rock|p1a: Weezing
|-sidestart|p1: ilikehorse222|move: Stealth Rock
|move|p1a: Weezing|Will-O-Wisp|p2a: Gliscor|[miss]
|-miss|p1a: Weezing|p2a: Gliscor
|
|-status|p2a: Gliscor|tox|[from] item: Toxic Orb
|upkeep
|turn|2
|
|t:|1758232460
|move|p2a: Gliscor|Spikes|p1a: Weezing
|-sidestart|p1: ilikehorse222|Spikes
|move|p1a: Weezing|Defog|p2a: Gliscor
|-unboost|p2a: Gliscor|evasion|1
|-sideend|p1: ilikehorse222|Spikes|[from] move: Defog|[of] p1a: Weezing
|-sideend|p1: ilikehorse222|Stealth Rock|[from] move: Defog|[of] p1a: Weezing
|
|-damage|p2a: Gliscor|94/100 tox|[from] psn
|upkeep
|turn|3
|
|t:|1758232470
|switch|p2a: Corviknight|Corviknight, M|100/100
|move|p1a: Weezing|Strange Steam|p2a: Corviknight
|-resisted|p2a: Corviknight
|-damage|p2a: Corviknight|92/100
|
|-heal|p2a: Corviknight|98/100|[from] item: Leftovers
|upkeep
|turn|4
|
|t:|1758232496
|-end|p1a: Weezing|ability: Neutralizing Gas
|switch|p1a: Gliscor|Gliscor, F|100/100
|move|p2a: Corviknight|Iron Defense|p2a: Corviknight
|-boost|p2a: Corviknight|def|2
|
|-heal|p2a: Corviknight|100/100|[from] item: Leftovers
|-status|p1a: Gliscor|tox|[from] item: Toxic Orb
|upkeep
|turn|5
|inactive|ilikehorse222 has 120 seconds left.
|
|t:|1758232533
|move|p1a: Gliscor|Knock Off|p2a: Corviknight
|-damage|p2a: Corviknight|91/100
|-enditem|p2a: Corviknight|Leftovers|[from] move: Knock Off|[of] p1a: Gliscor
|move|p2a: Corviknight|Iron Defense|p2a: Corviknight
|-boost|p2a: Corviknight|def|2
|
|upkeep
|turn|6
|
|t:|1758232542
|switch|p1a: Dondozo|Dondozo, M|100/100
|move|p2a: Corviknight|Iron Defense|p2a: Corviknight
|-boost|p2a: Corviknight|def|2
|
|upkeep
|turn|7
|
|t:|1758232548
|move|p2a: Corviknight|Body Press|p1a: Dondozo
|-damage|p1a: Dondozo|92/100
|move|p1a: Dondozo|Body Press|p2a: Corviknight
|-damage|p2a: Corviknight|69/100
|
|-heal|p1a: Dondozo|98/100|[from] item: Leftovers
|upkeep
|turn|8
|inactive|ilikehorse222 has 120 seconds left.
|
|t:|1758232563
|switch|p2a: Slowking|Slowking-Galar, F|100/100
|move|p1a: Dondozo|Body Press|p2a: Slowking
|-resisted|p2a: Slowking
|-damage|p2a: Slowking|93/100
|
|-heal|p1a: Dondozo|100/100|[from] item: Leftovers
|-heal|p2a: Slowking|99/100|[from] item: Leftovers
|upkeep
|turn|9
|inactive|ilikehorse222 has 120 seconds left.
|
|t:|1758232579
|switch|p1a: Blissey|Blissey, F|100/100
|move|p2a: Slowking|Toxic|p1a: Blissey
|-status|p1a: Blissey|tox
|
|-heal|p2a: Slowking|100/100|[from] item: Leftovers
|-damage|p1a: Blissey|94/100 tox|[from] psn
|upkeep
|turn|10
|
|t:|1758232588
|move|p1a: Blissey|Stealth Rock|p2a: Slowking
|-sidestart|p2: AlmostNamedOne|move: Stealth Rock
|-prepare|p2a: Slowking|Chilly Reception|[premajor]
|move|p2a: Slowking|Chilly Reception|p2a: Slowking
|-weather|Snowscape
|
|t:|1758232596
|switch|p2a: Gliscor|Gliscor, F|94/100 tox|[from] Chilly Reception
|-damage|p2a: Gliscor|82/100 tox|[from] Stealth Rock
|
|-weather|Snowscape|[upkeep]
|-heal|p1a: Blissey|100/100 tox|[from] item: Leftovers
|-heal|p2a: Gliscor|94/100 tox|[from] ability: Poison Heal
|-damage|p1a: Blissey|88/100 tox|[from] psn
|upkeep
|turn|11
|
|t:|1758232606
|-curestatus|p1a: Blissey|tox|[from] ability: Natural Cure
|switch|p1a: Weezing|Weezing-Galar, F|100/100
|-ability|p1a: Weezing|Neutralizing Gas
|move|p2a: Gliscor|Stealth Rock|p1a: Weezing
|-sidestart|p1: ilikehorse222|move: Stealth Rock
|
|-weather|Snowscape|[upkeep]
|-damage|p2a: Gliscor|82/100 tox|[from] psn
|upkeep
|turn|12
|
|t:|1758232615
|switch|p2a: Corviknight|Corviknight, M|69/100
|-damage|p2a: Corviknight|57/100|[from] Stealth Rock
|move|p1a: Weezing|Defog|p2a: Corviknight
|-unboost|p2a: Corviknight|evasion|1
|-sideend|p2: AlmostNamedOne|Stealth Rock|[from] move: Defog|[of] p1a: Weezing
|-sideend|p1: ilikehorse222|Stealth Rock|[from] move: Defog|[of] p1a: Weezing
|
|-weather|Snowscape|[upkeep]
|upkeep
|turn|13
|
|t:|1758232628
|-end|p1a: Weezing|ability: Neutralizing Gas
|switch|p1a: Gliscor|Gliscor, F|100/100 tox
|move|p2a: Corviknight|Roost|p2a: Corviknight
|-heal|p2a: Corviknight|100/100
|-singleturn|p2a: Corviknight|move: Roost
|
|-weather|Snowscape|[upkeep]
|upkeep
|turn|14
|
|t:|1758232638
|move|p1a: Gliscor|Knock Off|p2a: Corviknight
|-damage|p2a: Corviknight|88/100
|move|p2a: Corviknight|Body Press|p1a: Gliscor
|-resisted|p1a: Gliscor
|-damage|p1a: Gliscor|93/100 tox
|
|-weather|none
|-heal|p1a: Gliscor|100/100 tox|[from] ability: Poison Heal
|upkeep
|turn|15
|
|t:|1758232648
|switch|p2a: Gliscor|Gliscor, F|82/100 tox
|move|p1a: Gliscor|Knock Off|p2a: Gliscor
|-damage|p2a: Gliscor|69/100 tox
|-enditem|p2a: Gliscor|Toxic Orb|[from] move: Knock Off|[of] p1a: Gliscor
|
|-heal|p2a: Gliscor|81/100 tox|[from] ability: Poison Heal
|upkeep
|turn|16
|
|t:|1758232659
|switch|p1a: Weezing|Weezing-Galar, F|100/100
|-ability|p1a: Weezing|Neutralizing Gas
|move|p2a: Gliscor|Stealth Rock|p1a: Weezing
|-sidestart|p1: ilikehorse222|move: Stealth Rock
|
|-damage|p2a: Gliscor|69/100 tox|[from] psn
|upkeep
|turn|17
|
|t:|1758232670
|switch|p2a: Toxapex|Toxapex, M|100/100
|move|p1a: Weezing|Defog|p2a: Toxapex
|-unboost|p2a: Toxapex|evasion|1
|-sideend|p1: ilikehorse222|Stealth Rock|[from] move: Defog|[of] p1a: Weezing
|
|upkeep
|turn|18
|
|t:|1758232687
|-end|p1a: Weezing|ability: Neutralizing Gas
|switch|p1a: Toxapex|Toxapex, F|100/100
|move|p2a: Toxapex|Liquidation|p1a: Toxapex
|-resisted|p1a: Toxapex
|-damage|p1a: Toxapex|93/100
|
|upkeep
|turn|19
|
|t:|1758232697
|move|p1a: Toxapex|Toxic Spikes|p2a: Toxapex
|-sidestart|p2: AlmostNamedOne|move: Toxic Spikes
|move|p2a: Toxapex|Liquidation|p1a: Toxapex
|-resisted|p1a: Toxapex
|-damage|p1a: Toxapex|85/100
|
|upkeep
|turn|20
|
|t:|1758232704
|move|p1a: Toxapex|Toxic Spikes|p2a: Toxapex
|-sidestart|p2: AlmostNamedOne|move: Toxic Spikes
|move|p2a: Toxapex|Liquidation|p1a: Toxapex
|-resisted|p1a: Toxapex
|-damage|p1a: Toxapex|77/100
|
|upkeep
|turn|21
|
|t:|1758232726
|switch|p1a: Weezing|Weezing-Galar, F|100/100
|-ability|p1a: Weezing|Neutralizing Gas
|move|p2a: Toxapex|Toxic Spikes|p1a: Weezing
|-sidestart|p1: ilikehorse222|move: Toxic Spikes
|
|upkeep
|turn|22
|
|t:|1758232733
|switch|p2a: Slowking|Slowking-Galar, F|100/100
|-sideend|p2: AlmostNamedOne|move: Toxic Spikes|[of] p2a: Slowking
|move|p1a: Weezing|Defog|p2a: Slowking
|-unboost|p2a: Slowking|evasion|1
|-sideend|p1: ilikehorse222|Toxic Spikes|[from] move: Defog|[of] p1a: Weezing
|
|upkeep
|turn|23
|
|t:|1758232742
|-end|p1a: Weezing|ability: Neutralizing Gas
|switch|p1a: Blissey|Blissey, F|88/100
|move|p2a: Slowking|Psychic|p1a: Blissey
|-damage|p1a: Blissey|78/100
|
|-heal|p1a: Blissey|85/100|[from] item: Leftovers
|upkeep
|turn|24
|
|t:|1758232749
|move|p1a: Blissey|Stealth Rock|p2a: Slowking
|-sidestart|p2: AlmostNamedOne|move: Stealth Rock
|move|p2a: Slowking|Toxic|p1a: Blissey
|-status|p1a: Blissey|tox
|
|-heal|p1a: Blissey|91/100 tox|[from] item: Leftovers
|-damage|p1a: Blissey|85/100 tox|[from] psn
|upkeep
|turn|25
|
|t:|1758232759
|move|p1a: Blissey|Seismic Toss|p2a: Slowking
|-damage|p2a: Slowking|75/100
|-prepare|p2a: Slowking|Chilly Reception|[premajor]
|move|p2a: Slowking|Chilly Reception|p2a: Slowking
|-weather|Snowscape
|
|t:|1758232766
|switch|p2a: Corviknight|Corviknight, M|88/100|[from] Chilly Reception
|-damage|p2a: Corviknight|76/100|[from] Stealth Rock
|
|-weather|Snowscape|[upkeep]
|-heal|p1a: Blissey|91/100 tox|[from] item: Leftovers
|-damage|p1a: Blissey|78/100 tox|[from] psn
|upkeep
|turn|26
|
|t:|1758232777
|-curestatus|p1a: Blissey|tox|[from] ability: Natural Cure
|switch|p1a: Gliscor|Gliscor, F|100/100 tox
|move|p2a: Corviknight|Defog|p1a: Gliscor
|-unboost|p1a: Gliscor|evasion|1
|-sideend|p2: AlmostNamedOne|Stealth Rock|[from] move: Defog|[of] p2a: Corviknight
|
|-weather|Snowscape|[upkeep]
|upkeep
|turn|27
|
|t:|1758232785
|switch|p2a: Toxapex|Toxapex, M|100/100
|move|p1a: Gliscor|Spikes|p2a: Toxapex
|-sidestart|p2: AlmostNamedOne|Spikes
|
|-weather|Snowscape|[upkeep]
|upkeep
|turn|28
|
|t:|1758232800
|switch|p1a: Toxapex|Toxapex, F|100/100
|move|p2a: Toxapex|Liquidation|p1a: Toxapex
|-resisted|p1a: Toxapex
|-damage|p1a: Toxapex|93/100
|
|-weather|Snowscape|[upkeep]
|upkeep
|turn|29
|
|t:|1758232807
|switch|p2a: Corviknight|Corviknight, M|76/100
|move|p1a: Toxapex|Toxic Spikes|p2a: Corviknight
|-sidestart|p2: AlmostNamedOne|move: Toxic Spikes
|
|-weather|none
|upkeep
|turn|30
|
|t:|1758232821
|switch|p1a: Gliscor|Gliscor, F|100/100 tox
|move|p2a: Corviknight|Defog|p1a: Gliscor
|-unboost|p1a: Gliscor|evasion|1
|-sideend|p2: AlmostNamedOne|Spikes|[from] move: Defog|[of] p2a: Corviknight
|-sideend|p2: AlmostNamedOne|Toxic Spikes|[from] move: Defog|[of] p2a: Corviknight
|
|upkeep
|turn|31
|
|t:|1758232829
|move|p1a: Gliscor|Spikes|p2a: Corviknight
|-sidestart|p2: AlmostNamedOne|Spikes
|move|p2a: Corviknight|Roost|p2a: Corviknight
|-heal|p2a: Corviknight|100/100
|-singleturn|p2a: Corviknight|move: Roost
|
|upkeep
|turn|32
|
|t:|1758232835
|move|p1a: Gliscor|Spikes|p2a: Corviknight
|-sidestart|p2: AlmostNamedOne|Spikes
|move|p2a: Corviknight|Defog|p1a: Gliscor
|-unboost|p1a: Gliscor|evasion|1
|-sideend|p2: AlmostNamedOne|Spikes|[from] move: Defog|[of] p2a: Corviknight
|
|upkeep
|turn|33
|
|t:|1758232853
|switch|p1a: Weezing|Weezing-Galar, F|100/100
|-ability|p1a: Weezing|Neutralizing Gas
|switch|p2a: Gliscor|Gliscor, F|69/100 tox
|
|-damage|p2a: Gliscor|63/100 tox|[from] psn
|upkeep
|turn|34
|
|t:|1758232860
|move|p2a: Gliscor|Earthquake|p1a: Weezing
|-supereffective|p1a: Weezing
|-damage|p1a: Weezing|55/100
|move|p1a: Weezing|Will-O-Wisp|p2a: Gliscor|[miss]
|-miss|p1a: Weezing|p2a: Gliscor
|
|-damage|p2a: Gliscor|50/100 tox|[from] psn
|upkeep
|turn|35
|
|t:|1758232869
|-end|p1a: Weezing|ability: Neutralizing Gas
|switch|p1a: Gliscor|Gliscor, F|100/100 tox
|move|p2a: Gliscor|Earthquake|p1a: Gliscor
|-immune|p1a: Gliscor
|
|-heal|p2a: Gliscor|63/100 tox|[from] ability: Poison Heal
|upkeep
|turn|36
|
|t:|1758232879
|move|p2a: Gliscor|Stealth Rock|p1a: Gliscor
|-sidestart|p1: ilikehorse222|move: Stealth Rock
|move|p1a: Gliscor|Knock Off|p2a: Gliscor
|-damage|p2a: Gliscor|53/100 tox
|
|-heal|p2a: Gliscor|65/100 tox|[from] ability: Poison Heal
|upkeep
|turn|37
|
|t:|1758232891
|move|p2a: Gliscor|Spikes|p1a: Gliscor
|-sidestart|p1: ilikehorse222|Spikes
|move|p1a: Gliscor|Spikes|p2a: Gliscor
|-sidestart|p2: AlmostNamedOne|Spikes
|
|-heal|p2a: Gliscor|78/100 tox|[from] ability: Poison Heal
|upkeep
|turn|38
|
|t:|1758232900
|switch|p1a: Corviknight|Corviknight, M|100/100
|-damage|p1a: Corviknight|88/100|[from] Stealth Rock
|-ability|p1a: Corviknight|Pressure
|move|p2a: Gliscor|Spikes|p1a: Corviknight
|-sidestart|p1: ilikehorse222|Spikes
|
|-heal|p1a: Corviknight|94/100|[from] item: Leftovers
|-heal|p2a: Gliscor|90/100 tox|[from] ability: Poison Heal
|upkeep
|turn|39
|
|t:|1758232914
|move|p2a: Gliscor|Spikes|p1a: Corviknight
|-sidestart|p1: ilikehorse222|Spikes
|move|p1a: Corviknight|Defog|p2a: Gliscor
|-unboost|p2a: Gliscor|evasion|1
|-sideend|p2: AlmostNamedOne|Spikes|[from] move: Defog|[of] p1a: Corviknight
|-sideend|p1: ilikehorse222|Spikes|[from] move: Defog|[of] p1a: Corviknight
|-sideend|p1: ilikehorse222|Stealth Rock|[from] move: Defog|[of] p1a: Corviknight
|
|-heal|p1a: Corviknight|100/100|[from] item: Leftovers
|-heal|p2a: Gliscor|100/100 tox|[from] ability: Poison Heal
|upkeep
|turn|40
|
|t:|1758232937
|switch|p2a: Garganacl|Garganacl, F|100/100
|move|p1a: Corviknight|Iron Defense|p1a: Corviknight
|-boost|p1a: Corviknight|def|2
|
|upkeep
|turn|41
|
|t:|1758232943
|switch|p1a: Weezing|Weezing-Galar, F|55/100
|-ability|p1a: Weezing|Neutralizing Gas
|move|p2a: Garganacl|Salt Cure|p1a: Weezing
|-damage|p1a: Weezing|46/100
|-start|p1a: Weezing|Salt Cure
|
|-damage|p1a: Weezing|33/100|[from] Salt Cure
|upkeep
|turn|42
|
|t:|1758232954
|switch|p2a: Gliscor|Gliscor, F|100/100 tox
|move|p1a: Weezing|Pain Split|p2a: Gliscor
|-sethp|p2a: Gliscor|66/100 tox|[from] move: Pain Split|[silent]
|-sethp|p1a: Weezing|70/100|[from] move: Pain Split
|
|-damage|p2a: Gliscor|60/100 tox|[from] psn
|-damage|p1a: Weezing|58/100|[from] Salt Cure
|upkeep
|turn|43
|
|t:|1758232964
|-end|p1a: Weezing|ability: Neutralizing Gas
|switch|p1a: Corviknight|Corviknight, M|100/100
|-ability|p1a: Corviknight|Pressure
|move|p2a: Gliscor|Earthquake|p1a: Corviknight
|-immune|p1a: Corviknight
|
|-heal|p2a: Gliscor|72/100 tox|[from] ability: Poison Heal
|upkeep
|turn|44
|
|t:|1758232979
|switch|p2a: Corviknight|Corviknight, M|100/100
|move|p1a: Corviknight|Body Press|p2a: Corviknight
|-damage|p2a: Corviknight|77/100
|
|upkeep
|turn|45
|
|t:|1758232990
|switch|p1a: Weezing|Weezing-Galar, F|58/100
|-ability|p1a: Weezing|Neutralizing Gas
|move|p2a: Corviknight|Iron Defense|p2a: Corviknight
|-boost|p2a: Corviknight|def|2
|
|upkeep
|turn|46
|
|t:|1758233008
|switch|p2a: Gliscor|Gliscor, F|72/100 tox
|move|p1a: Weezing|Will-O-Wisp||[still]
|-fail|p1a: Weezing
|
|-damage|p2a: Gliscor|66/100 tox|[from] psn
|upkeep
|turn|47
|
|t:|1758233017
|-end|p1a: Weezing|ability: Neutralizing Gas
|switch|p1a: Corviknight|Corviknight, M|100/100
|-ability|p1a: Corviknight|Pressure
|move|p2a: Gliscor|Earthquake|p1a: Corviknight
|-immune|p1a: Corviknight
|
|-heal|p2a: Gliscor|78/100 tox|[from] ability: Poison Heal
|upkeep
|turn|48
|
|t:|1758233032
|switch|p2a: Slowking|Slowking-Galar, F|100/100
|move|p1a: Corviknight|Body Press|p2a: Slowking
|-resisted|p2a: Slowking
|-damage|p2a: Slowking|93/100
|
|-heal|p2a: Slowking|99/100|[from] item: Leftovers
|upkeep
|turn|49
|
|t:|1758233046
|switch|p1a: Blissey|Blissey, F|78/100
|move|p2a: Slowking|Toxic|p1a: Blissey
|-status|p1a: Blissey|tox
|
|-heal|p1a: Blissey|85/100 tox|[from] item: Leftovers
|-heal|p2a: Slowking|100/100|[from] item: Leftovers
|-damage|p1a: Blissey|78/100 tox|[from] psn
|upkeep
|turn|50
|
|t:|1758233059
|move|p1a: Blissey|Stealth Rock|p2a: Slowking
|-sidestart|p2: AlmostNamedOne|move: Stealth Rock
|-prepare|p2a: Slowking|Chilly Reception|[premajor]
|move|p2a: Slowking|Chilly Reception|p2a: Slowking
|-weather|Snowscape
|
|t:|1758233063
|switch|p2a: Corviknight|Corviknight, M|77/100|[from] Chilly Reception
|-damage|p2a: Corviknight|64/100|[from] Stealth Rock
|
|-weather|Snowscape|[upkeep]
|-heal|p1a: Blissey|85/100 tox|[from] item: Leftovers
|-damage|p1a: Blissey|72/100 tox|[from] psn
|upkeep
|turn|51
|
|t:|1758233073
|-curestatus|p1a: Blissey|tox|[from] ability: Natural Cure
|switch|p1a: Weezing|Weezing-Galar, F|58/100
|-ability|p1a: Weezing|Neutralizing Gas
|move|p2a: Corviknight|Defog|p1a: Weezing
|-unboost|p1a: Weezing|evasion|1
|-sideend|p2: AlmostNamedOne|Stealth Rock|[from] move: Defog|[of] p2a: Corviknight
|
|-weather|Snowscape|[upkeep]
|upkeep
|turn|52
|
|t:|1758233082
|switch|p2a: Garganacl|Garganacl, F|100/100
|move|p1a: Weezing|Will-O-Wisp|p2a: Garganacl
|-status|p2a: Garganacl|brn
|
|-weather|Snowscape|[upkeep]
|-damage|p2a: Garganacl|94/100 brn|[from] brn
|upkeep
|turn|53
|
|t:|1758233093
|move|p1a: Weezing|Pain Split|p2a: Garganacl
|-sethp|p2a: Garganacl|71/100 brn|[from] move: Pain Split|[silent]
|-sethp|p1a: Weezing|86/100|[from] move: Pain Split
|move|p2a: Garganacl|Salt Cure|p1a: Weezing
|-damage|p1a: Weezing|81/100
|-start|p1a: Weezing|Salt Cure
|
|-weather|Snowscape|[upkeep]
|-heal|p2a: Garganacl|77/100 brn|[from] item: Leftovers
|-damage|p2a: Garganacl|71/100 brn|[from] brn
|-damage|p1a: Weezing|69/100|[from] Salt Cure
|upkeep
|turn|54
|
|t:|1758233114
|-end|p1a: Weezing|ability: Neutralizing Gas
|switch|p1a: Gliscor|Gliscor, F|100/100 tox
|move|p2a: Garganacl|Earthquake|p1a: Gliscor
|-immune|p1a: Gliscor
|
|-weather|none
|-heal|p2a: Garganacl|77/100 brn|[from] item: Leftovers
|-damage|p2a: Garganacl|71/100 brn|[from] brn
|upkeep
|turn|55
|
|t:|1758233123
|move|p1a: Gliscor|Knock Off|p2a: Garganacl
|-damage|p2a: Garganacl|61/100 brn
|-enditem|p2a: Garganacl|Leftovers|[from] move: Knock Off|[of] p1a: Gliscor
|move|p2a: Garganacl|Salt Cure|p1a: Gliscor
|-damage|p1a: Gliscor|95/100 tox
|-start|p1a: Gliscor|Salt Cure
|
|-heal|p1a: Gliscor|100/100 tox|[from] ability: Poison Heal
|-damage|p2a: Garganacl|55/100 brn|[from] brn
|-damage|p1a: Gliscor|88/100 tox|[from] Salt Cure
|upkeep
|turn|56
|inactive|ilikehorse222 has 120 seconds left.
|
|t:|1758233158
|move|p1a: Gliscor|Protect|p1a: Gliscor
|-singleturn|p1a: Gliscor|Protect
|move|p2a: Garganacl|Recover|p2a: Garganacl
|-heal|p2a: Garganacl|100/100 brn
|
|-heal|p1a: Gliscor|100/100 tox|[from] ability: Poison Heal
|-damage|p2a: Garganacl|94/100 brn|[from] brn
|-damage|p1a: Gliscor|88/100 tox|[from] Salt Cure
|upkeep
|turn|57
|inactive|ilikehorse222 has 120 seconds left.
|
|t:|1758233169
|switch|p1a: Weezing|Weezing-Galar, F|69/100
|-ability|p1a: Weezing|Neutralizing Gas
|switch|p2a: Corviknight|Corviknight, M|64/100
|
|upkeep
|turn|58
|
|t:|1758233176
|switch|p2a: Garganacl|Garganacl, F|94/100 brn
|move|p1a: Weezing|Will-O-Wisp|p2a: Garganacl
|-fail|p2a: Garganacl|brn
|
|-damage|p2a: Garganacl|88/100 brn|[from] brn
|upkeep
|turn|59
|
|t:|1758233186
|move|p1a: Weezing|Strange Steam|p2a: Garganacl
|-damage|p2a: Garganacl|64/100 brn
|move|p2a: Garganacl|Salt Cure|p1a: Weezing
|-damage|p1a: Weezing|65/100
|-start|p1a: Weezing|Salt Cure
|
|-damage|p2a: Garganacl|58/100 brn|[from] brn
|-damage|p1a: Weezing|52/100|[from] Salt Cure
|upkeep
|turn|60
|
|t:|1758233195
|-end|p1a: Weezing|ability: Neutralizing Gas
|switch|p1a: Gliscor|Gliscor, F|88/100 tox
|move|p2a: Garganacl|Recover|p2a: Garganacl
|-heal|p2a: Garganacl|100/100 brn
|
|-heal|p1a: Gliscor|100/100 tox|[from] ability: Poison Heal
|-damage|p2a: Garganacl|94/100 brn|[from] brn
|upkeep
|turn|61
|
|t:|1758233209
|switch|p2a: Gliscor|Gliscor, F|78/100 tox
|move|p1a: Gliscor|Earthquake|p2a: Gliscor
|-immune|p2a: Gliscor
|
|-heal|p2a: Gliscor|91/100 tox|[from] ability: Poison Heal
|upkeep
|turn|62
|
|t:|1758233228
|switch|p2a: Garganacl|Garganacl, F|94/100 brn
|move|p1a: Gliscor|Spikes|p2a: Garganacl
|-sidestart|p2: AlmostNamedOne|Spikes
|
|-damage|p2a: Garganacl|88/100 brn|[from] brn
|upkeep
|turn|63
|
|t:|1758233246
|move|p1a: Gliscor|Spikes|p2a: Garganacl
|-sidestart|p2: AlmostNamedOne|Spikes
|move|p2a: Garganacl|Salt Cure|p1a: Gliscor
|-damage|p1a: Gliscor|95/100 tox
|-start|p1a: Gliscor|Salt Cure
|
|-heal|p1a: Gliscor|100/100 tox|[from] ability: Poison Heal
|-damage|p2a: Garganacl|82/100 brn|[from] brn
|-damage|p1a: Gliscor|88/100 tox|[from] Salt Cure
|upkeep
|turn|64
|
|t:|1758233257
|switch|p2a: Corviknight|Corviknight, M|64/100
|move|p1a: Gliscor|Spikes|p2a: Corviknight
|-sidestart|p2: AlmostNamedOne|Spikes
|
|-heal|p1a: Gliscor|100/100 tox|[from] ability: Poison Heal
|-damage|p1a: Gliscor|88/100 tox|[from] Salt Cure
|upkeep
|turn|65
|
|t:|1758233268
|switch|p1a: Corviknight|Corviknight, M|100/100
|-ability|p1a: Corviknight|Pressure
|move|p2a: Corviknight|Defog|p1a: Corviknight
|-unboost|p1a: Corviknight|evasion|1
|-sideend|p2: AlmostNamedOne|Spikes|[from] move: Defog|[of] p2a: Corviknight
|
|upkeep
|turn|66
|
|t:|1758233279
|move|p2a: Corviknight|Iron Defense|p2a: Corviknight
|-boost|p2a: Corviknight|def|2
|move|p1a: Corviknight|Iron Defense|p1a: Corviknight
|-boost|p1a: Corviknight|def|2
|
|upkeep
|turn|67
|
|t:|1758233284
|move|p2a: Corviknight|Iron Defense|p2a: Corviknight
|-boost|p2a: Corviknight|def|2
|move|p1a: Corviknight|Iron Defense|p1a: Corviknight
|-boost|p1a: Corviknight|def|2
|
|upkeep
|turn|68
|
|t:|1758233289
|move|p2a: Corviknight|Iron Defense|p2a: Corviknight
|-boost|p2a: Corviknight|def|2
|move|p1a: Corviknight|Iron Defense|p1a: Corviknight
|-boost|p1a: Corviknight|def|2
|
|upkeep
|turn|69
|
|t:|1758233295
|move|p2a: Corviknight|Body Press|p1a: Corviknight
|-damage|p1a: Corviknight|89/100
|move|p1a: Corviknight|Body Press|p2a: Corviknight
|-damage|p2a: Corviknight|41/100
|
|-heal|p1a: Corviknight|95/100|[from] item: Leftovers
|upkeep
|turn|70
|
|t:|1758233305
|move|p1a: Corviknight|Body Press|p2a: Corviknight
|-damage|p2a: Corviknight|19/100
|move|p2a: Corviknight|Roost|p2a: Corviknight
|-heal|p2a: Corviknight|69/100
|-singleturn|p2a: Corviknight|move: Roost
|
|-heal|p1a: Corviknight|100/100|[from] item: Leftovers
|upkeep
|turn|71
|
|t:|1758233314
|move|p2a: Corviknight|Body Press|p1a: Corviknight
|-crit|p1a: Corviknight
|-damage|p1a: Corviknight|31/100
|move|p1a: Corviknight|Body Press|p2a: Corviknight
|-damage|p2a: Corviknight|48/100
|
|-heal|p1a: Corviknight|37/100|[from] item: Leftovers
|upkeep
|turn|72
|
|t:|1758233323
|move|p2a: Corviknight|Body Press|p1a: Corviknight
|-damage|p1a: Corviknight|26/100
|move|p1a: Corviknight|Roost|p1a: Corviknight
|-heal|p1a: Corviknight|76/100
|-singleturn|p1a: Corviknight|move: Roost
|
|-heal|p1a: Corviknight|82/100|[from] item: Leftovers
|upkeep
|turn|73
|
|t:|1758233334
|move|p1a: Corviknight|Body Press|p2a: Corviknight
|-damage|p2a: Corviknight|26/100
|move|p2a: Corviknight|Body Press|p1a: Corviknight
|-damage|p1a: Corviknight|71/100
|
|-heal|p1a: Corviknight|77/100|[from] item: Leftovers
|upkeep
|turn|74
|
|t:|1758233359
|switch|p1a: Dondozo|Dondozo, M|100/100
|move|p2a: Corviknight|Roost|p2a: Corviknight
|-heal|p2a: Corviknight|76/100
|-singleturn|p2a: Corviknight|move: Roost
|
|upkeep
|turn|75
|inactive|ilikehorse222 has 120 seconds left.
|
|t:|1758233392
|switch|p2a: Toxapex|Toxapex, M|100/100
|move|p1a: Dondozo|Body Press|p2a: Toxapex
|-resisted|p2a: Toxapex
|-damage|p2a: Toxapex|91/100
|-damage|p1a: Dondozo|84/100|[from] item: Rocky Helmet|[of] p2a: Toxapex
|
|-heal|p1a: Dondozo|90/100|[from] item: Leftovers
|upkeep
|turn|76
|
|t:|1758233402
|switch|p1a: Toxapex|Toxapex, F|100/100
|move|p2a: Toxapex|Toxic Spikes|p1a: Toxapex
|-sidestart|p1: ilikehorse222|move: Toxic Spikes
|
|upkeep
|turn|77
|
|t:|1758233410
|switch|p1a: Weezing|Weezing-Galar, F|52/100
|-ability|p1a: Weezing|Neutralizing Gas
|-sideend|p1: ilikehorse222|move: Toxic Spikes|[of] p1a: Weezing
|move|p2a: Toxapex|Liquidation|p1a: Weezing
|-damage|p1a: Weezing|39/100
|
|upkeep
|turn|78
|inactive|ilikehorse222 has 120 seconds left.
|
|t:|1758233419
|move|p1a: Weezing|Pain Split|p2a: Toxapex
|-sethp|p2a: Toxapex|67/100|[from] move: Pain Split|[silent]
|-sethp|p1a: Weezing|61/100|[from] move: Pain Split
|move|p2a: Toxapex|Liquidation|p1a: Weezing
|-damage|p1a: Weezing|47/100
|
|upkeep
|turn|79
|
|t:|1758233426
|move|p1a: Weezing|Will-O-Wisp|p2a: Toxapex
|-status|p2a: Toxapex|brn
|move|p2a: Toxapex|Toxic Spikes|p1a: Weezing
|-sidestart|p1: ilikehorse222|move: Toxic Spikes
|
|-damage|p2a: Toxapex|61/100 brn|[from] brn
|upkeep
|turn|80
|
|t:|1758233439
|move|p1a: Weezing|Pain Split|p2a: Toxapex
|-sethp|p2a: Toxapex|56/100 brn|[from] move: Pain Split|[silent]
|-sethp|p1a: Weezing|51/100|[from] move: Pain Split
|move|p2a: Toxapex|Recover|p2a: Toxapex
|-heal|p2a: Toxapex|100/100 brn
|
|-damage|p2a: Toxapex|94/100 brn|[from] brn
|upkeep
|turn|81
|
|t:|1758233447
|move|p1a: Weezing|Pain Split|p2a: Toxapex
|-sethp|p2a: Toxapex|75/100 brn|[from] move: Pain Split|[silent]
|-sethp|p1a: Weezing|68/100|[from] move: Pain Split
|move|p2a: Toxapex|Liquidation|p1a: Weezing
|-damage|p1a: Weezing|62/100
|
|-damage|p2a: Toxapex|69/100 brn|[from] brn
|upkeep
|turn|82
|
|t:|1758233458
|-end|p1a: Weezing|ability: Neutralizing Gas
|switch|p1a: Toxapex|Toxapex, F|100/100
|-sideend|p1: ilikehorse222|move: Toxic Spikes|[of] p1a: Toxapex
|move|p2a: Toxapex|Liquidation|p1a: Toxapex
|-resisted|p1a: Toxapex
|-damage|p1a: Toxapex|97/100
|
|-damage|p2a: Toxapex|62/100 brn|[from] brn
|upkeep
|turn|83
|
|t:|1758233468
|move|p1a: Toxapex|Toxic||[still]
|-fail|p1a: Toxapex
|move|p2a: Toxapex|Recover|p2a: Toxapex
|-heal|p2a: Toxapex|100/100 brn
|
|-damage|p2a: Toxapex|94/100 brn|[from] brn
|upkeep
|turn|84
|
|t:|1758233477
|move|p1a: Toxapex|Toxic Spikes|p2a: Toxapex
|-sidestart|p2: AlmostNamedOne|move: Toxic Spikes
|move|p2a: Toxapex|Toxic Spikes|p1a: Toxapex
|-sidestart|p1: ilikehorse222|move: Toxic Spikes
|
|-damage|p2a: Toxapex|88/100 brn|[from] brn
|upkeep
|turn|85
|
|t:|1758233483
|move|p1a: Toxapex|Toxic Spikes|p2a: Toxapex
|-sidestart|p2: AlmostNamedOne|move: Toxic Spikes
|move|p2a: Toxapex|Toxic Spikes|p1a: Toxapex
|-sidestart|p1: ilikehorse222|move: Toxic Spikes
|
|-damage|p2a: Toxapex|82/100 brn|[from] brn
|upkeep
|turn|86
|
|t:|1758233490
|switch|p1a: Weezing|Weezing-Galar, F|62/100
|-ability|p1a: Weezing|Neutralizing Gas
|-sideend|p1: ilikehorse222|move: Toxic Spikes|[of] p1a: Weezing
|move|p2a: Toxapex|Liquidation|p1a: Weezing
|-damage|p1a: Weezing|55/100
|-unboost|p1a: Weezing|def|1
|
|-damage|p2a: Toxapex|75/100 brn|[from] brn
|upkeep
|turn|87
|
|t:|1758233500
|move|p1a: Weezing|Pain Split|p2a: Toxapex
|-sethp|p2a: Toxapex|68/100 brn|[from] move: Pain Split|[silent]
|-sethp|p1a: Weezing|62/100|[from] move: Pain Split
|move|p2a: Toxapex|Liquidation|p1a: Weezing
|-damage|p1a: Weezing|52/100
|-unboost|p1a: Weezing|def|1
|
|-damage|p2a: Toxapex|62/100 brn|[from] brn
|upkeep
|turn|88
|
|t:|1758233509
|-end|p1a: Weezing|ability: Neutralizing Gas
|switch|p1a: Toxapex|Toxapex, F|100/100
|move|p2a: Toxapex|Liquidation|p1a: Toxapex
|-resisted|p1a: Toxapex
|-damage|p1a: Toxapex|96/100
|-unboost|p1a: Toxapex|def|1
|
|-damage|p2a: Toxapex|55/100 brn|[from] brn
|upkeep
|turn|89
|
|t:|1758233524
|move|p1a: Toxapex|Toxic Spikes||[still]
|-fail|p1a: Toxapex
|move|p2a: Toxapex|Recover|p2a: Toxapex
|-heal|p2a: Toxapex|100/100 brn
|
|-damage|p2a: Toxapex|94/100 brn|[from] brn
|upkeep
|turn|90
|
|t:|1758233533
|switch|p1a: Weezing|Weezing-Galar, F|52/100
|-ability|p1a: Weezing|Neutralizing Gas
|move|p2a: Toxapex|Toxic Spikes|p1a: Weezing
|-sidestart|p1: ilikehorse222|move: Toxic Spikes
|
|-damage|p2a: Toxapex|88/100 brn|[from] brn
|upkeep
|turn|91
|
|t:|1758233544
|move|p1a: Weezing|Pain Split|p2a: Toxapex
|-sethp|p2a: Toxapex|73/100 brn|[from] move: Pain Split|[silent]
|-sethp|p1a: Weezing|66/100|[from] move: Pain Split
|move|p2a: Toxapex|Liquidation|p1a: Weezing
|-damage|p1a: Weezing|60/100
|-unboost|p1a: Weezing|def|1
|
|-damage|p2a: Toxapex|66/100 brn|[from] brn
|upkeep
|turn|92
|
|t:|1758233553
|-end|p1a: Weezing|ability: Neutralizing Gas
|switch|p1a: Toxapex|Toxapex, F|100/100
|-sideend|p1: ilikehorse222|move: Toxic Spikes|[of] p1a: Toxapex
|move|p2a: Toxapex|Liquidation|p1a: Toxapex
|-resisted|p1a: Toxapex
|-damage|p1a: Toxapex|96/100
|
|-damage|p2a: Toxapex|60/100 brn|[from] brn
|upkeep
|turn|93
|
|t:|1758233566
|switch|p2a: Slowking|Slowking-Galar, F|100/100
|-sideend|p2: AlmostNamedOne|move: Toxic Spikes|[of] p2a: Slowking
|move|p1a: Toxapex|Toxic Spikes|p2a: Slowking
|-sidestart|p2: AlmostNamedOne|move: Toxic Spikes
|
|upkeep
|turn|94
|
|t:|1758233573
|switch|p1a: Blissey|Blissey, F|72/100
|move|p2a: Slowking|Psychic|p1a: Blissey
|-damage|p1a: Blissey|63/100
|
|-heal|p1a: Blissey|69/100|[from] item: Leftovers
|upkeep
|turn|95
|
|t:|1758233579
|move|p1a: Blissey|Stealth Rock|p2a: Slowking
|-sidestart|p2: AlmostNamedOne|move: Stealth Rock
|move|p2a: Slowking|Toxic|p1a: Blissey
|-status|p1a: Blissey|tox
|
|-heal|p1a: Blissey|75/100 tox|[from] item: Leftovers
|-damage|p1a: Blissey|69/100 tox|[from] psn
|upkeep
|turn|96
|
|t:|1758233589
|-curestatus|p1a: Blissey|tox|[from] ability: Natural Cure
|switch|p1a: Corviknight|Corviknight, M|77/100
|-ability|p1a: Corviknight|Pressure
|-prepare|p2a: Slowking|Chilly Reception|[premajor]
|move|p2a: Slowking|Chilly Reception|p2a: Slowking
|-weather|Snowscape
|
|t:|1758233599
|switch|p2a: Garganacl|Garganacl, F|82/100 brn|[from] Chilly Reception
|-damage|p2a: Garganacl|70/100 brn|[from] Stealth Rock
|
|-weather|Snowscape|[upkeep]
|-heal|p1a: Corviknight|83/100|[from] item: Leftovers
|-damage|p2a: Garganacl|63/100 brn|[from] brn
|upkeep
|turn|97
|
|t:|1758233613
|switch|p1a: Gliscor|Gliscor, F|88/100 tox
|move|p2a: Garganacl|Salt Cure|p1a: Gliscor
|-damage|p1a: Gliscor|82/100 tox
|-start|p1a: Gliscor|Salt Cure
|
|-weather|Snowscape|[upkeep]
|-heal|p1a: Gliscor|95/100 tox|[from] ability: Poison Heal
|-damage|p2a: Garganacl|57/100 brn|[from] brn
|-damage|p1a: Gliscor|82/100 tox|[from] Salt Cure
|upkeep
|turn|98
|
|t:|1758233624
|switch|p2a: Toxapex|Toxapex, M|93/100 brn
|-sideend|p2: AlmostNamedOne|move: Toxic Spikes|[of] p2a: Toxapex
|-damage|p2a: Toxapex|81/100 brn|[from] Stealth Rock
|move|p1a: Gliscor|Earthquake|p2a: Toxapex
|-supereffective|p2a: Toxapex
|-damage|p2a: Toxapex|37/100 brn
|
|-weather|Snowscape|[upkeep]
|-heal|p1a: Gliscor|95/100 tox|[from] ability: Poison Heal
|-damage|p2a: Toxapex|30/100 brn|[from] brn
|-damage|p1a: Gliscor|82/100 tox|[from] Salt Cure
|upkeep
|turn|99
|
|t:|1758233638
|switch|p2a: Corviknight|Corviknight, M|76/100
|-damage|p2a: Corviknight|63/100|[from] Stealth Rock
|move|p1a: Gliscor|Earthquake|p2a: Corviknight
|-immune|p2a: Corviknight
|
|-weather|Snowscape|[upkeep]
|-heal|p1a: Gliscor|95/100 tox|[from] ability: Poison Heal
|-damage|p1a: Gliscor|82/100 tox|[from] Salt Cure
|upkeep
|turn|100
|
|t:|1758233651
|switch|p1a: Corviknight|Corviknight, M|83/100
|-ability|p1a: Corviknight|Pressure
|move|p2a: Corviknight|Defog|p1a: Corviknight
|-unboost|p1a: Corviknight|evasion|1
|-sideend|p2: AlmostNamedOne|Stealth Rock|[from] move: Defog|[of] p2a: Corviknight
|
|-weather|none
|-heal|p1a: Corviknight|90/100|[from] item: Leftovers
|upkeep
|turn|101
|
|t:|1758233669
|switch|p2a: Garganacl|Garganacl, F|57/100 brn
|move|p1a: Corviknight|Iron Defense|p1a: Corviknight
|-boost|p1a: Corviknight|def|2
|
|-heal|p1a: Corviknight|96/100|[from] item: Leftovers
|-damage|p2a: Garganacl|51/100 brn|[from] brn
|upkeep
|turn|102
|
|t:|1758233677
|switch|p1a: Gliscor|Gliscor, F|82/100 tox
|move|p2a: Garganacl|Salt Cure|p1a: Gliscor
|-damage|p1a: Gliscor|77/100 tox
|-start|p1a: Gliscor|Salt Cure
|
|-heal|p1a: Gliscor|89/100 tox|[from] ability: Poison Heal
|-damage|p2a: Garganacl|45/100 brn|[from] brn
|-damage|p1a: Gliscor|77/100 tox|[from] Salt Cure
|upkeep
|turn|103
|
|t:|1758233691
|switch|p1a: Toxapex|Toxapex, F|100/100
|switch|p2a: Gliscor|Gliscor, F|91/100 tox
|
|-heal|p2a: Gliscor|100/100 tox|[from] ability: Poison Heal
|upkeep
|turn|104
|
|t:|1758233699
|switch|p1a: Gliscor|Gliscor, F|77/100 tox
|move|p2a: Gliscor|Earthquake|p1a: Gliscor
|-immune|p1a: Gliscor
|
|-heal|p1a: Gliscor|89/100 tox|[from] ability: Poison Heal
|upkeep
|turn|105
|
|t:|1758233710
|switch|p2a: Garganacl|Garganacl, F|45/100 brn
|move|p1a: Gliscor|Earthquake|p2a: Garganacl
|-supereffective|p2a: Garganacl
|-damage|p2a: Garganacl|9/100 brn
|
|-heal|p1a: Gliscor|100/100 tox|[from] ability: Poison Heal
|-damage|p2a: Garganacl|3/100 brn|[from] brn
|upkeep
|turn|106
|
|t:|1758233720
|move|p1a: Gliscor|Spikes|p2a: Garganacl
|-sidestart|p2: AlmostNamedOne|Spikes
|move|p2a: Garganacl|Salt Cure|p1a: Gliscor
|-damage|p1a: Gliscor|95/100 tox
|-start|p1a: Gliscor|Salt Cure
|
|-heal|p1a: Gliscor|100/100 tox|[from] ability: Poison Heal
|-damage|p2a: Garganacl|0 fnt|[from] brn
|faint|p2a: Garganacl
|-damage|p1a: Gliscor|88/100 tox|[from] Salt Cure
|upkeep
|
|t:|1758233730
|switch|p2a: Corviknight|Corviknight, M|63/100
|turn|107
|
|t:|1758233735
|switch|p1a: Corviknight|Corviknight, M|96/100
|-ability|p1a: Corviknight|Pressure
|move|p2a: Corviknight|Defog|p1a: Corviknight
|-unboost|p1a: Corviknight|evasion|1
|-sideend|p2: AlmostNamedOne|Spikes|[from] move: Defog|[of] p2a: Corviknight
|
|-heal|p1a: Corviknight|100/100|[from] item: Leftovers
|upkeep
|turn|108
|
|t:|1758233744
|switch|p2a: Slowking|Slowking-Galar, F|100/100
|move|p1a: Corviknight|Iron Defense|p1a: Corviknight
|-boost|p1a: Corviknight|def|2
|
|upkeep
|turn|109
|
|t:|1758233752
|switch|p1a: Blissey|Blissey, F|69/100
|move|p2a: Slowking|Disable||[still]
|-fail|p2a: Slowking
|
|-heal|p1a: Blissey|75/100|[from] item: Leftovers
|upkeep
|turn|110
|
|t:|1758233759
|move|p1a: Blissey|Stealth Rock|p2a: Slowking
|-sidestart|p2: AlmostNamedOne|move: Stealth Rock
|move|p2a: Slowking|Toxic|p1a: Blissey
|-status|p1a: Blissey|tox
|
|-heal|p1a: Blissey|81/100 tox|[from] item: Leftovers
|-damage|p1a: Blissey|75/100 tox|[from] psn
|upkeep
|turn|111
|
|t:|1758233773
|-curestatus|p1a: Blissey|tox|[from] ability: Natural Cure
|switch|p1a: Corviknight|Corviknight, M|100/100
|-ability|p1a: Corviknight|Pressure
|-prepare|p2a: Slowking|Chilly Reception|[premajor]
|move|p2a: Slowking|Chilly Reception|p2a: Slowking
|-weather|Snowscape
|
|t:|1758233787
|switch|p2a: Toxapex|Toxapex, M|64/100 brn|[from] Chilly Reception
|-damage|p2a: Toxapex|51/100 brn|[from] Stealth Rock
|
|-weather|Snowscape|[upkeep]
|-damage|p2a: Toxapex|45/100 brn|[from] brn
|upkeep
|turn|112
|
|t:|1758233794
|switch|p1a: Weezing|Weezing-Galar, F|60/100
|-ability|p1a: Weezing|Neutralizing Gas
|move|p2a: Toxapex|Recover|p2a: Toxapex
|-heal|p2a: Toxapex|95/100 brn
|
|-weather|Snowscape|[upkeep]
|-damage|p2a: Toxapex|89/100 brn|[from] brn
|upkeep
|turn|113
|
|t:|1758233809
|move|p1a: Weezing|Pain Split|p2a: Toxapex
|-sethp|p2a: Toxapex|77/100 brn|[from] move: Pain Split|[silent]
|-sethp|p1a: Weezing|70/100|[from] move: Pain Split
|move|p2a: Toxapex|Liquidation|p1a: Weezing
|-damage|p1a: Weezing|64/100
|-unboost|p1a: Weezing|def|1
|
|-weather|Snowscape|[upkeep]
|-damage|p2a: Toxapex|71/100 brn|[from] brn
|upkeep
|turn|114
|
|t:|1758233818
|-end|p1a: Weezing|ability: Neutralizing Gas
|switch|p1a: Toxapex|Toxapex, F|100/100
|move|p2a: Toxapex|Liquidation|p1a: Toxapex
|-resisted|p1a: Toxapex
|-damage|p1a: Toxapex|97/100
|
|-weather|Snowscape|[upkeep]
|-damage|p2a: Toxapex|65/100 brn|[from] brn
|upkeep
|turn|115
|
|t:|1758233828
|move|p1a: Toxapex|Toxic Spikes|p2a: Toxapex
|-sidestart|p2: AlmostNamedOne|move: Toxic Spikes
|move|p2a: Toxapex|Toxic Spikes|p1a: Toxapex
|-sidestart|p1: ilikehorse222|move: Toxic Spikes
|
|-weather|none
|-damage|p2a: Toxapex|58/100 brn|[from] brn
|upkeep
|turn|116
|
|t:|1758233835
|switch|p2a: Slowking|Slowking-Galar, F|100/100
|-damage|p2a: Slowking|88/100|[from] Stealth Rock
|-sideend|p2: AlmostNamedOne|move: Toxic Spikes|[of] p2a: Slowking
|move|p1a: Toxapex|Toxic Spikes|p2a: Slowking
|-sidestart|p2: AlmostNamedOne|move: Toxic Spikes
|
|-heal|p2a: Slowking|94/100|[from] item: Leftovers
|upkeep
|turn|117
|
|t:|1758233843
|switch|p1a: Blissey|Blissey, F|75/100
|-status|p1a: Blissey|psn
|move|p2a: Slowking|Toxic||[still]
|-fail|p2a: Slowking
|
|-heal|p1a: Blissey|81/100 psn|[from] item: Leftovers
|-heal|p2a: Slowking|99/100|[from] item: Leftovers
|-damage|p1a: Blissey|69/100 psn|[from] psn
|upkeep
|turn|118
|inactive|AlmostNamedOne has 120 seconds left.
|
|t:|1758233856
|move|p1a: Blissey|Soft-Boiled|p1a: Blissey
|-heal|p1a: Blissey|100/100 psn
|-prepare|p2a: Slowking|Chilly Reception|[premajor]
|move|p2a: Slowking|Chilly Reception|p2a: Slowking
|-weather|Snowscape
|inactive|AlmostNamedOne has 120 seconds left.
|
|t:|1758233862
|switch|p2a: Toxapex|Toxapex, M|92/100 brn|[from] Chilly Reception
|-damage|p2a: Toxapex|79/100 brn|[from] Stealth Rock
|-sideend|p2: AlmostNamedOne|move: Toxic Spikes|[of] p2a: Toxapex
|
|-weather|Snowscape|[upkeep]
|-damage|p1a: Blissey|88/100 psn|[from] psn
|-damage|p2a: Toxapex|73/100 brn|[from] brn
|upkeep
|turn|119
|inactive|AlmostNamedOne has 120 seconds left.
|
|t:|1758233873
|-curestatus|p1a: Blissey|psn|[from] ability: Natural Cure
|switch|p1a: Toxapex|Toxapex, F|100/100
|-sideend|p1: ilikehorse222|move: Toxic Spikes|[of] p1a: Toxapex
|switch|p2a: Corviknight|Corviknight, M|63/100
|-damage|p2a: Corviknight|51/100|[from] Stealth Rock
|
|-weather|Snowscape|[upkeep]
|upkeep
|turn|120
|
|t:|1758233886
|switch|p1a: Corviknight|Corviknight, M|100/100
|-ability|p1a: Corviknight|Pressure
|move|p2a: Corviknight|Defog|p1a: Corviknight
|-unboost|p1a: Corviknight|evasion|1
|-sideend|p2: AlmostNamedOne|Stealth Rock|[from] move: Defog|[of] p2a: Corviknight
|
|-weather|Snowscape|[upkeep]
|upkeep
|turn|121
|
|t:|1758233897
|move|p2a: Corviknight|Roost|p2a: Corviknight
|-heal|p2a: Corviknight|100/100
|-singleturn|p2a: Corviknight|move: Roost
|move|p1a: Corviknight|Iron Defense|p1a: Corviknight
|-boost|p1a: Corviknight|def|2
|
|-weather|Snowscape|[upkeep]
|upkeep
|turn|122
|inactive|AlmostNamedOne has 90 seconds left.
|
|t:|1758233935
|switch|p2a: Slowking|Slowking-Galar, F|100/100
|move|p1a: Corviknight|Body Press|p2a: Slowking
|-resisted|p2a: Slowking
|-damage|p2a: Slowking|87/100
|
|-weather|none
|-heal|p2a: Slowking|93/100|[from] item: Leftovers
|upkeep
|turn|123
|
|t:|1758233949
|switch|p1a: Blissey|Blissey, F|88/100
|move|p2a: Slowking|Toxic|p1a: Blissey
|-status|p1a: Blissey|tox
|
|-heal|p1a: Blissey|94/100 tox|[from] item: Leftovers
|-heal|p2a: Slowking|99/100|[from] item: Leftovers
|-damage|p1a: Blissey|88/100 tox|[from] psn
|upkeep
|turn|124
|
|t:|1758233959
|switch|p2a: Corviknight|Corviknight, M|100/100
|move|p1a: Blissey|Stealth Rock|p2a: Corviknight
|-sidestart|p2: AlmostNamedOne|move: Stealth Rock
|
|-heal|p1a: Blissey|94/100 tox|[from] item: Leftovers
|-damage|p1a: Blissey|82/100 tox|[from] psn
|upkeep
|turn|125
|
|t:|1758233968
|-curestatus|p1a: Blissey|tox|[from] ability: Natural Cure
|switch|p1a: Corviknight|Corviknight, M|100/100
|-ability|p1a: Corviknight|Pressure
|move|p2a: Corviknight|Defog|p1a: Corviknight
|-unboost|p1a: Corviknight|evasion|1
|-sideend|p2: AlmostNamedOne|Stealth Rock|[from] move: Defog|[of] p2a: Corviknight
|
|upkeep
|turn|126
|
|t:|1758233986
|switch|p2a: Slowking|Slowking-Galar, F|100/100
|move|p1a: Corviknight|Defog|p2a: Slowking
|-unboost|p2a: Slowking|evasion|1
|
|upkeep
|turn|127
|
|t:|1758233994
|switch|p1a: Blissey|Blissey, F|82/100
|move|p2a: Slowking|Toxic|p1a: Blissey
|-status|p1a: Blissey|tox
|
|-heal|p1a: Blissey|88/100 tox|[from] item: Leftovers
|-damage|p1a: Blissey|82/100 tox|[from] psn
|upkeep
|turn|128
|
|t:|1758234002
|switch|p2a: Kingambit|Kingambit, M|100/100
|-activate|p2a: Kingambit|ability: Supreme Overlord
|-start|p2a: Kingambit|fallen1|[silent]
|move|p1a: Blissey|Stealth Rock|p2a: Kingambit
|-sidestart|p2: AlmostNamedOne|move: Stealth Rock
|
|-heal|p1a: Blissey|88/100 tox|[from] item: Leftovers
|-damage|p1a: Blissey|75/100 tox|[from] psn
|upkeep
|turn|129
|
|t:|1758234011
|-curestatus|p1a: Blissey|tox|[from] ability: Natural Cure
|switch|p1a: Corviknight|Corviknight, M|100/100
|-ability|p1a: Corviknight|Pressure
|move|p2a: Kingambit|Swords Dance|p2a: Kingambit
|-boost|p2a: Kingambit|atk|2
|
|upkeep
|turn|130
|
|t:|1758234020
|-terastallize|p1a: Corviknight|Fighting
|-terastallize|p2a: Kingambit|Dark
|move|p1a: Corviknight|Body Press|p2a: Kingambit
|-supereffective|p2a: Kingambit
|-damage|p2a: Kingambit|42/100
|move|p2a: Kingambit|Kowtow Cleave|p1a: Corviknight
|-resisted|p1a: Corviknight
|-damage|p1a: Corviknight|52/100
|
|-heal|p1a: Corviknight|59/100|[from] item: Leftovers
|upkeep
|turn|131
|
|t:|1758234036
|-end|p2a: Kingambit|fallen1|[silent]
|switch|p2a: Slowking|Slowking-Galar, F|100/100
|-damage|p2a: Slowking|88/100|[from] Stealth Rock
|move|p1a: Corviknight|Body Press|p2a: Slowking
|-resisted|p2a: Slowking
|-damage|p2a: Slowking|78/100
|
|-heal|p1a: Corviknight|65/100|[from] item: Leftovers
|-heal|p2a: Slowking|84/100|[from] item: Leftovers
|upkeep
|turn|132
|
|t:|1758234045
|switch|p1a: Blissey|Blissey, F|75/100
|move|p2a: Slowking|Toxic|p1a: Blissey
|-status|p1a: Blissey|tox
|
|-heal|p1a: Blissey|82/100 tox|[from] item: Leftovers
|-heal|p2a: Slowking|90/100|[from] item: Leftovers
|-damage|p1a: Blissey|75/100 tox|[from] psn
|upkeep
|turn|133
|inactive|AlmostNamedOne has 60 seconds left.
|
|t:|1758234067
|switch|p2a: Corviknight|Corviknight, M|100/100
|-damage|p2a: Corviknight|88/100|[from] Stealth Rock
|move|p1a: Blissey|Seismic Toss|p2a: Corviknight
|-damage|p2a: Corviknight|63/100
|
|-heal|p1a: Blissey|82/100 tox|[from] item: Leftovers
|-damage|p1a: Blissey|69/100 tox|[from] psn
|upkeep
|turn|134
|
|t:|1758234090
|switch|p2a: Gliscor|Gliscor, F|100/100 tox
|-damage|p2a: Gliscor|88/100 tox|[from] Stealth Rock
|move|p1a: Blissey|Seismic Toss|p2a: Gliscor
|-damage|p2a: Gliscor|60/100 tox
|
|-heal|p1a: Blissey|75/100 tox|[from] item: Leftovers
|-heal|p2a: Gliscor|72/100 tox|[from] ability: Poison Heal
|-damage|p1a: Blissey|57/100 tox|[from] psn
|upkeep
|turn|135
|inactive|AlmostNamedOne has 30 seconds left.
|
|t:|1758234108
|-curestatus|p1a: Blissey|tox|[from] ability: Natural Cure
|switch|p1a: Gliscor|Gliscor, F|88/100 tox
|move|p2a: Gliscor|Stealth Rock|p1a: Gliscor
|-sidestart|p1: ilikehorse222|move: Stealth Rock
|
|-heal|p2a: Gliscor|85/100 tox|[from] ability: Poison Heal
|-heal|p1a: Gliscor|100/100 tox|[from] ability: Poison Heal
|upkeep
|turn|136
|inactive|AlmostNamedOne has 30 seconds left.
|
|t:|1758234118
|move|p2a: Gliscor|Spikes|p1a: Gliscor
|-sidestart|p1: ilikehorse222|Spikes
|move|p1a: Gliscor|Earthquake|p2a: Gliscor
|-immune|p2a: Gliscor
|
|-heal|p2a: Gliscor|97/100 tox|[from] ability: Poison Heal
|upkeep
|turn|137
|inactive|AlmostNamedOne has 30 seconds left this turn.
|
|t:|1758234127
|move|p2a: Gliscor|Spikes|p1a: Gliscor
|-sidestart|p1: ilikehorse222|Spikes
|move|p1a: Gliscor|Knock Off|p2a: Gliscor
|-damage|p2a: Gliscor|88/100 tox
|
|-heal|p2a: Gliscor|100/100 tox|[from] ability: Poison Heal
|upkeep
|turn|138
|inactive|AlmostNamedOne has 30 seconds left this turn.
|
|t:|1758234133
|move|p2a: Gliscor|Spikes|p1a: Gliscor
|-sidestart|p1: ilikehorse222|Spikes
|move|p1a: Gliscor|Spikes|p2a: Gliscor
|-sidestart|p2: AlmostNamedOne|Spikes
|
|upkeep
|turn|139
|inactive|AlmostNamedOne has 30 seconds left this turn.
|
|t:|1758234143
|move|p2a: Gliscor|Stealth Rock||[still]
|-fail|p2a: Gliscor
|move|p1a: Gliscor|Spikes|p2a: Gliscor
|-sidestart|p2: AlmostNamedOne|Spikes
|
|upkeep
|turn|140
|inactive|AlmostNamedOne has 30 seconds left this turn.
|
|t:|1758234158
|switch|p1a: Dondozo|Dondozo, M|90/100
|-damage|p1a: Dondozo|78/100|[from] Stealth Rock
|-damage|p1a: Dondozo|53/100|[from] Spikes
|move|p2a: Gliscor|Stealth Rock||[still]
|-fail|p2a: Gliscor
|
|-heal|p1a: Dondozo|59/100|[from] item: Leftovers
|upkeep
|turn|141
|inactive|AlmostNamedOne has 30 seconds left.
|
|t:|1758234167
|switch|p1a: Corviknight|Corviknight, M, tera:Fighting|65/100
|-damage|p1a: Corviknight|59/100|[from] Stealth Rock
|-damage|p1a: Corviknight|34/100|[from] Spikes
|-ability|p1a: Corviknight|Pressure
|move|p2a: Gliscor|Toxic|p1a: Corviknight
|-status|p1a: Corviknight|tox
|
|-heal|p1a: Corviknight|40/100 tox|[from] item: Leftovers
|-damage|p1a: Corviknight|34/100 tox|[from] psn
|upkeep
|turn|142
|inactive|AlmostNamedOne has 30 seconds left.
|inactive|AlmostNamedOne has 20 seconds left.
|
|t:|1758234182
|move|p2a: Gliscor|Stealth Rock||[still]
|-fail|p2a: Gliscor
|move|p1a: Corviknight|Defog|p2a: Gliscor
|-unboost|p2a: Gliscor|evasion|1
|-sideend|p2: AlmostNamedOne|Spikes|[from] move: Defog|[of] p1a: Corviknight
|-sideend|p2: AlmostNamedOne|Stealth Rock|[from] move: Defog|[of] p1a: Corviknight
|-sideend|p1: ilikehorse222|Spikes|[from] move: Defog|[of] p1a: Corviknight
|-sideend|p1: ilikehorse222|Stealth Rock|[from] move: Defog|[of] p1a: Corviknight
|
|-heal|p1a: Corviknight|40/100 tox|[from] item: Leftovers
|-damage|p1a: Corviknight|27/100 tox|[from] psn
|upkeep
|turn|143
|inactive|AlmostNamedOne has 25 seconds left this turn.
|inactive|AlmostNamedOne has 20 seconds left.
|
|t:|1758234191
|move|p2a: Gliscor|Stealth Rock|p1a: Corviknight
|-sidestart|p1: ilikehorse222|move: Stealth Rock
|move|p1a: Corviknight|Roost|p1a: Corviknight
|-heal|p1a: Corviknight|77/100 tox
|
|-heal|p1a: Corviknight|84/100 tox|[from] item: Leftovers
|-damage|p1a: Corviknight|65/100 tox|[from] psn
|upkeep
|turn|144
|inactive|AlmostNamedOne has 25 seconds left this turn.
|inactive|AlmostNamedOne has 20 seconds left.
|inactive|AlmostNamedOne has 15 seconds left.
|
|t:|1758234202
|move|p2a: Gliscor|Earthquake|p1a: Corviknight
|-damage|p1a: Corviknight|45/100 tox
|move|p1a: Corviknight|Defog|p2a: Gliscor
|-unboost|p2a: Gliscor|evasion|1
|-sideend|p1: ilikehorse222|Stealth Rock|[from] move: Defog|[of] p1a: Corviknight
|
|-heal|p1a: Corviknight|52/100 tox|[from] item: Leftovers
|-damage|p1a: Corviknight|27/100 tox|[from] psn
|upkeep
|turn|145
|inactive|AlmostNamedOne has 20 seconds left this turn.
|inactive|AlmostNamedOne has 15 seconds left.
|
|t:|1758234210
|switch|p1a: Gliscor|Gliscor, F|100/100 tox
|move|p2a: Gliscor|Earthquake|p1a: Gliscor
|-immune|p1a: Gliscor
|
|upkeep
|turn|146
|inactive|AlmostNamedOne has 20 seconds left this turn.
|inactive|AlmostNamedOne has 15 seconds left.
|
|t:|1758234216
|move|p2a: Gliscor|Spikes|p1a: Gliscor
|-sidestart|p1: ilikehorse222|Spikes
|move|p1a: Gliscor|Knock Off|p2a: Gliscor
|-damage|p2a: Gliscor|91/100 tox
|
|-heal|p2a: Gliscor|100/100 tox|[from] ability: Poison Heal
|upkeep
|turn|147
|inactive|AlmostNamedOne has 20 seconds left this turn.
|inactive|AlmostNamedOne has 15 seconds left.
|
|t:|1758234237
|switch|p1a: Dondozo|Dondozo, M|59/100
|-damage|p1a: Dondozo|47/100|[from] Spikes
|move|p2a: Gliscor|Stealth Rock|p1a: Dondozo
|-sidestart|p1: ilikehorse222|move: Stealth Rock
|
|-heal|p1a: Dondozo|53/100|[from] item: Leftovers
|upkeep
|turn|148
|inactive|AlmostNamedOne has 20 seconds left this turn.
|inactive|AlmostNamedOne has 15 seconds left.
|
|t:|1758234243
|move|p2a: Gliscor|Toxic|p1a: Dondozo
|-status|p1a: Dondozo|tox
|move|p1a: Dondozo|Avalanche|p2a: Gliscor
|-supereffective|p2a: Gliscor
|-damage|p2a: Gliscor|65/100 tox
|
|-heal|p1a: Dondozo|59/100 tox|[from] item: Leftovers
|-heal|p2a: Gliscor|78/100 tox|[from] ability: Poison Heal
|-damage|p1a: Dondozo|53/100 tox|[from] psn
|upkeep
|turn|149
|inactive|AlmostNamedOne has 20 seconds left this turn.
|inactive|AlmostNamedOne has 15 seconds left.
|inactive|AlmostNamedOne has 10 seconds left.
|
|t:|1758234258
|move|p2a: Gliscor|Spikes|p1a: Dondozo
|-sidestart|p1: ilikehorse222|Spikes
|move|p1a: Dondozo|Avalanche|p2a: Gliscor
|-supereffective|p2a: Gliscor
|-damage|p2a: Gliscor|43/100 tox
|
|-heal|p1a: Dondozo|59/100 tox|[from] item: Leftovers
|-heal|p2a: Gliscor|55/100 tox|[from] ability: Poison Heal
|-damage|p1a: Dondozo|47/100 tox|[from] psn
|upkeep
|turn|150
|inactive|AlmostNamedOne has 15 seconds left this turn.
|
|t:|1758234265
|switch|p1a: Corviknight|Corviknight, M, tera:Fighting|27/100 tox
|-damage|p1a: Corviknight|10/100 tox|[from] Spikes
|-damage|p1a: Corviknight|4/100 tox|[from] Stealth Rock
|-ability|p1a: Corviknight|Pressure
|move|p2a: Gliscor|Spikes|p1a: Corviknight
|-sidestart|p1: ilikehorse222|Spikes
|
|-heal|p1a: Corviknight|10/100 tox|[from] item: Leftovers
|-heal|p2a: Gliscor|68/100 tox|[from] ability: Poison Heal
|-damage|p1a: Corviknight|4/100 tox|[from] psn
|upkeep
|turn|151
|inactive|AlmostNamedOne has 20 seconds left this turn.
|inactive|AlmostNamedOne has 15 seconds left.
|
|t:|1758234271
|move|p2a: Gliscor|Earthquake|p1a: Corviknight
|-damage|p1a: Corviknight|0 fnt
|faint|p1a: Corviknight
|
|-heal|p2a: Gliscor|80/100 tox|[from] ability: Poison Heal
|upkeep
|
|t:|1758234277
|switch|p1a: Weezing|Weezing-Galar, F|64/100
|-ability|p1a: Weezing|Neutralizing Gas
|turn|152
|inactive|AlmostNamedOne has 25 seconds left this turn.
|inactive|AlmostNamedOne has 20 seconds left.
|
|t:|1758234283
|move|p2a: Gliscor|Earthquake|p1a: Weezing
|-supereffective|p1a: Weezing
|-damage|p1a: Weezing|20/100
|move|p1a: Weezing|Defog|p2a: Gliscor
|-unboost|p2a: Gliscor|evasion|1
|-sideend|p1: ilikehorse222|Spikes|[from] move: Defog|[of] p1a: Weezing
|-sideend|p1: ilikehorse222|Stealth Rock|[from] move: Defog|[of] p1a: Weezing
|
|-damage|p2a: Gliscor|0 fnt|[from] psn
|faint|p2a: Gliscor
|upkeep
|inactive|AlmostNamedOne has 25 seconds left this turn.
|inactive|AlmostNamedOne has 20 seconds left.
|inactive|AlmostNamedOne has 15 seconds left.
|c|☆AlmostNamedOne|wtf
|
|t:|1758234297
|switch|p2a: Slowking|Slowking-Galar, F|100/100
|turn|153
|inactive|AlmostNamedOne has 20 seconds left this turn.
|c|☆ilikehorse222|gas
|inactive|AlmostNamedOne has 15 seconds left.
|
|t:|1758234302
|-end|p1a: Weezing|ability: Neutralizing Gas
|switch|p1a: Blissey|Blissey, F|57/100
|move|p2a: Slowking|Toxic|p1a: Blissey
|-status|p1a: Blissey|tox
|
|-heal|p1a: Blissey|63/100 tox|[from] item: Leftovers
|-damage|p1a: Blissey|57/100 tox|[from] psn
|upkeep
|turn|154
|inactive|AlmostNamedOne has 20 seconds left this turn.
|inactive|AlmostNamedOne has 15 seconds left.
|c|☆AlmostNamedOne|I lost 60%
|
|t:|1758234311
|move|p1a: Blissey|Stealth Rock|p2a: Slowking
|-sidestart|p2: AlmostNamedOne|move: Stealth Rock
|-prepare|p2a: Slowking|Chilly Reception|[premajor]
|move|p2a: Slowking|Chilly Reception|p2a: Slowking
|-weather|Snowscape
|inactive|AlmostNamedOne has 20 seconds left this turn.
|c|☆ilikehorse222|yeah
|inactive|AlmostNamedOne has 15 seconds left.
|
|t:|1758234316
|switch|p2a: Corviknight|Corviknight, M|63/100|[from] Chilly Reception
|-damage|p2a: Corviknight|50/100|[from] Stealth Rock
|
|-weather|Snowscape|[upkeep]
|-heal|p1a: Blissey|63/100 tox|[from] item: Leftovers
|-damage|p1a: Blissey|50/100 tox|[from] psn
|upkeep
|turn|155
|inactive|AlmostNamedOne has 20 seconds left this turn.
|c|☆ilikehorse222|u had been in 4 a really long time
|
|t:|1758234326
|-curestatus|p1a: Blissey|tox|[from] ability: Natural Cure
|switch|p1a: Gliscor|Gliscor, F|100/100 tox
|move|p2a: Corviknight|Defog|p1a: Gliscor
|-unboost|p1a: Gliscor|evasion|1
|-sideend|p2: AlmostNamedOne|Stealth Rock|[from] move: Defog|[of] p2a: Corviknight
|
|-weather|Snowscape|[upkeep]
|upkeep
|turn|156
|inactive|AlmostNamedOne has 25 seconds left this turn.
|c|☆AlmostNamedOne|oh
|c|☆AlmostNamedOne|mean
|inactive|AlmostNamedOne has 20 seconds left.
|inactive|AlmostNamedOne has 15 seconds left.
|
|t:|1758234336
|move|p1a: Gliscor|Spikes|p2a: Corviknight
|-sidestart|p2: AlmostNamedOne|Spikes
|move|p2a: Corviknight|Iron Defense|p2a: Corviknight
|-boost|p2a: Corviknight|def|2
|
|-weather|Snowscape|[upkeep]
|upkeep
|turn|157
|inactive|AlmostNamedOne has 20 seconds left this turn.
|c|☆ilikehorse222|i still lose hear
|
|t:|1758234345
|move|p1a: Gliscor|Spikes|p2a: Corviknight
|-sidestart|p2: AlmostNamedOne|Spikes
|move|p2a: Corviknight|Iron Defense|p2a: Corviknight
|-boost|p2a: Corviknight|def|2
|
|-weather|Snowscape|[upkeep]
|upkeep
|turn|158
|inactive|AlmostNamedOne has 25 seconds left this turn.
|inactive|AlmostNamedOne has 20 seconds left.
|c|☆AlmostNamedOne|maybe
|
|t:|1758234354
|move|p1a: Gliscor|Spikes|p2a: Corviknight
|-sidestart|p2: AlmostNamedOne|Spikes
|move|p2a: Corviknight|Iron Defense|p2a: Corviknight
|-boost|p2a: Corviknight|def|2
|
|-weather|none
|upkeep
|turn|159
|inactive|AlmostNamedOne has 25 seconds left this turn.
|
|t:|1758234359
|switch|p1a: Dondozo|Dondozo, M|47/100 tox
|move|p2a: Corviknight|Roost|p2a: Corviknight
|-heal|p2a: Corviknight|100/100
|-singleturn|p2a: Corviknight|move: Roost
|
|-heal|p1a: Dondozo|53/100 tox|[from] item: Leftovers
|-damage|p1a: Dondozo|47/100 tox|[from] psn
|upkeep
|turn|160
|inactive|AlmostNamedOne has 30 seconds left this turn.
|inactive|AlmostNamedOne has 20 seconds left.
|
|t:|1758234370
|move|p2a: Corviknight|Body Press|p1a: Dondozo
|-damage|p1a: Dondozo|39/100 tox
|move|p1a: Dondozo|Rest|p1a: Dondozo
|-status|p1a: Dondozo|slp|[from] move: Rest
|-heal|p1a: Dondozo|100/100 slp|[silent]
|
|upkeep
|turn|161
|inactive|AlmostNamedOne has 25 seconds left this turn.
|
|t:|1758234375
|move|p2a: Corviknight|Defog|p1a: Dondozo
|-unboost|p1a: Dondozo|evasion|1
|-sideend|p2: AlmostNamedOne|Spikes|[from] move: Defog|[of] p2a: Corviknight
|cant|p1a: Dondozo|slp
|move|p1a: Dondozo|Sleep Talk|p1a: Dondozo
|move|p1a: Dondozo|Rest||[from] move: Sleep Talk|[still]
|-fail|p1a: Dondozo
|
|upkeep
|turn|162
|inactive|AlmostNamedOne has 30 seconds left this turn.
|
|t:|1758234385
|move|p2a: Corviknight|Body Press|p1a: Dondozo
|-damage|p1a: Dondozo|93/100 slp
|cant|p1a: Dondozo|slp
|move|p1a: Dondozo|Sleep Talk|p1a: Dondozo
|move|p1a: Dondozo|Body Press|p2a: Corviknight|[from] move: Sleep Talk
|-damage|p2a: Corviknight|78/100
|
|-heal|p1a: Dondozo|99/100 slp|[from] item: Leftovers
|upkeep
|turn|163
|inactive|AlmostNamedOne has 30 seconds left this turn.
|
|t:|1758234395
|move|p2a: Corviknight|Body Press|p1a: Dondozo
|-damage|p1a: Dondozo|91/100 slp
|-curestatus|p1a: Dondozo|slp|[msg]
|move|p1a: Dondozo|Sleep Talk||[still]
|-fail|p1a: Dondozo
|
|-heal|p1a: Dondozo|97/100|[from] item: Leftovers
|upkeep
|turn|164
|inactive|AlmostNamedOne has 30 seconds left.
|
|t:|1758234406
|switch|p2a: Slowking|Slowking-Galar, F|100/100
|move|p1a: Dondozo|Body Press|p2a: Slowking
|-resisted|p2a: Slowking
|-damage|p2a: Slowking|94/100
|
|-heal|p1a: Dondozo|100/100|[from] item: Leftovers
|-heal|p2a: Slowking|99/100|[from] item: Leftovers
|upkeep
|turn|165
|c|☆AlmostNamedOne|rest is always 2 turn
|inactive|AlmostNamedOne has 30 seconds left.
|
|t:|1758234413
|switch|p1a: Blissey|Blissey, F|50/100
|move|p2a: Slowking|Toxic|p1a: Blissey
|-status|p1a: Blissey|tox
|
|-heal|p1a: Blissey|57/100 tox|[from] item: Leftovers
|-heal|p2a: Slowking|100/100|[from] item: Leftovers
|-damage|p1a: Blissey|50/100 tox|[from] psn
|upkeep
|turn|166
|inactive|AlmostNamedOne has 30 seconds left.
|
|t:|1758234429
|switch|p2a: Corviknight|Corviknight, M|78/100
|move|p1a: Blissey|Soft-Boiled|p1a: Blissey
|-heal|p1a: Blissey|100/100 tox
|
|-damage|p1a: Blissey|88/100 tox|[from] psn
|upkeep
|turn|167
|inactive|AlmostNamedOne has 30 seconds left this turn.
|
|t:|1758234441
|-curestatus|p1a: Blissey|tox|[from] ability: Natural Cure
|switch|p1a: Dondozo|Dondozo, M|100/100
|move|p2a: Corviknight|Body Press|p1a: Dondozo
|-damage|p1a: Dondozo|93/100
|
|-heal|p1a: Dondozo|99/100|[from] item: Leftovers
|upkeep
|turn|168
|inactive|AlmostNamedOne has 30 seconds left this turn.
|
|t:|1758234446
|switch|p2a: Slowking|Slowking-Galar, F|100/100
|move|p1a: Dondozo|Body Press|p2a: Slowking
|-resisted|p2a: Slowking
|-damage|p2a: Slowking|94/100
|
|-heal|p1a: Dondozo|100/100|[from] item: Leftovers
|-heal|p2a: Slowking|99/100|[from] item: Leftovers
|upkeep
|turn|169
|inactive|AlmostNamedOne has 30 seconds left this turn.
|
|t:|1758234454
|switch|p1a: Blissey|Blissey, F|88/100
|move|p2a: Slowking|Toxic|p1a: Blissey
|-status|p1a: Blissey|tox
|
|-heal|p1a: Blissey|94/100 tox|[from] item: Leftovers
|-heal|p2a: Slowking|100/100|[from] item: Leftovers
|-damage|p1a: Blissey|88/100 tox|[from] psn
|upkeep
|turn|170
|inactive|AlmostNamedOne has 30 seconds left this turn.
|
|t:|1758234463
|switch|p2a: Corviknight|Corviknight, M|78/100
|move|p1a: Blissey|Stealth Rock|p2a: Corviknight
|-sidestart|p2: AlmostNamedOne|move: Stealth Rock
|
|-heal|p1a: Blissey|94/100 tox|[from] item: Leftovers
|-damage|p1a: Blissey|82/100 tox|[from] psn
|upkeep
|turn|171
|inactive|AlmostNamedOne has 30 seconds left this turn.
|
|t:|1758234472
|switch|p2a: Slowking|Slowking-Galar, F|100/100
|-damage|p2a: Slowking|88/100|[from] Stealth Rock
|-curestatus|p1a: Blissey|tox|[from] ability: Natural Cure
|switch|p1a: Dondozo|Dondozo, M|100/100
|
|-heal|p2a: Slowking|94/100|[from] item: Leftovers
|upkeep
|turn|172
|inactive|AlmostNamedOne has 30 seconds left this turn.
|
|t:|1758234483
|switch|p1a: Blissey|Blissey, F|82/100
|move|p2a: Slowking|Toxic|p1a: Blissey
|-status|p1a: Blissey|tox
|
|-heal|p1a: Blissey|88/100 tox|[from] item: Leftovers
|-heal|p2a: Slowking|99/100|[from] item: Leftovers
|-damage|p1a: Blissey|82/100 tox|[from] psn
|upkeep
|turn|173
|inactive|AlmostNamedOne has 30 seconds left this turn.
|
|t:|1758234493
|switch|p2a: Corviknight|Corviknight, M|78/100
|-damage|p2a: Corviknight|65/100|[from] Stealth Rock
|move|p1a: Blissey|Seismic Toss|p2a: Corviknight
|-damage|p2a: Corviknight|40/100
|
|-heal|p1a: Blissey|88/100 tox|[from] item: Leftovers
|-damage|p1a: Blissey|75/100 tox|[from] psn
|upkeep
|turn|174
|inactive|AlmostNamedOne has 30 seconds left this turn.
|inactive|AlmostNamedOne has 20 seconds left.
|
|t:|1758234516
|-curestatus|p1a: Blissey|tox|[from] ability: Natural Cure
|switch|p1a: Dondozo|Dondozo, M|100/100
|move|p2a: Corviknight|Defog|p1a: Dondozo
|-unboost|p1a: Dondozo|evasion|1
|-sideend|p2: AlmostNamedOne|Stealth Rock|[from] move: Defog|[of] p2a: Corviknight
|
|upkeep
|turn|175
|inactive|AlmostNamedOne has 25 seconds left this turn.
|c|☆AlmostNamedOne|long ahh battke
|c|☆AlmostNamedOne|you probably win here
|inactive|AlmostNamedOne has 20 seconds left.
|c|☆ilikehorse222|real
|c|☆ilikehorse222|nah
|inactive|ilikehorse222 has 120 seconds left.
|c|☆ilikehorse222|i lose to kingambit
|
|t:|1758234536
|move|p2a: Corviknight|Roost|p2a: Corviknight
|-heal|p2a: Corviknight|90/100
|-singleturn|p2a: Corviknight|move: Roost
|move|p1a: Dondozo|Body Press|p2a: Corviknight
|-supereffective|p2a: Corviknight
|-damage|p2a: Corviknight|42/100
|
|upkeep
|turn|176
|inactive|AlmostNamedOne has 25 seconds left this turn.
|c|☆AlmostNamedOne|maybe
|inactive|AlmostNamedOne has 20 seconds left.
|c|☆AlmostNamedOne|I also gotta leave for soccer soon
|inactive|AlmostNamedOne has 15 seconds left.
|
|t:|1758234548
|move|p2a: Corviknight|Body Press|p1a: Dondozo
|-damage|p1a: Dondozo|92/100
|move|p1a: Dondozo|Body Press|p2a: Corviknight
|-damage|p2a: Corviknight|18/100
|
|-heal|p1a: Dondozo|98/100|[from] item: Leftovers
|upkeep
|turn|177
|inactive|AlmostNamedOne has 20 seconds left this turn.
|c|☆ilikehorse222|dozo is my only hope
|inactive|AlmostNamedOne has 15 seconds left.
|c|☆AlmostNamedOne|i'll see what I can do
|
|t:|1758234557
|move|p2a: Corviknight|Roost|p2a: Corviknight
|-heal|p2a: Corviknight|68/100
|-singleturn|p2a: Corviknight|move: Roost
|move|p1a: Dondozo|Body Press|p2a: Corviknight
|-supereffective|p2a: Corviknight
|-damage|p2a: Corviknight|21/100
|
|-heal|p1a: Dondozo|100/100|[from] item: Leftovers
|upkeep
|turn|178
|inactive|AlmostNamedOne has 20 seconds left this turn.
|c|☆AlmostNamedOne|I'm out of roosts
|inactive|ilikehorse222 has 90 seconds left.
|
|t:|1758234587
|move|p2a: Corviknight|Body Press|p1a: Dondozo
|-damage|p1a: Dondozo|92/100
|move|p1a: Dondozo|Body Press|p2a: Corviknight
|-damage|p2a: Corviknight|0 fnt
|faint|p2a: Corviknight
|
|-heal|p1a: Dondozo|98/100|[from] item: Leftovers
|upkeep
|inactive|AlmostNamedOne has 25 seconds left this turn.
|c|☆AlmostNamedOne|and body presses
|inactive|AlmostNamedOne has 20 seconds left.
|c|☆ilikehorse222|oh
|
|t:|1758234595
|switch|p2a: Toxapex|Toxapex, M|100/100 brn
|turn|179
|inactive|AlmostNamedOne has 25 seconds left this turn.
|
|t:|1758234601
|switch|p1a: Toxapex|Toxapex, F|100/100
|move|p2a: Toxapex|Toxic Spikes|p1a: Toxapex
|-sidestart|p1: ilikehorse222|move: Toxic Spikes
|
|-damage|p2a: Toxapex|94/100 brn|[from] brn
|upkeep
|turn|180
|inactive|AlmostNamedOne has 30 seconds left this turn.
|
|t:|1758234610
|switch|p1a: Weezing|Weezing-Galar, F|20/100
|-ability|p1a: Weezing|Neutralizing Gas
|-sideend|p1: ilikehorse222|move: Toxic Spikes|[of] p1a: Weezing
|switch|p2a: Slowking|Slowking-Galar, F|100/100
|
|upkeep
|turn|181
|inactive|AlmostNamedOne has 30 seconds left this turn.
|inactive|AlmostNamedOne has 20 seconds left.
|
|t:|1758234622
|move|p1a: Weezing|Pain Split|p2a: Slowking
|-sethp|p2a: Slowking|59/100|[from] move: Pain Split|[silent]
|-sethp|p1a: Weezing|69/100|[from] move: Pain Split
|move|p2a: Slowking|Psychic|p1a: Weezing
|-supereffective|p1a: Weezing
|-damage|p1a: Weezing|0 fnt
|faint|p1a: Weezing
|-end|p1a: Weezing|ability: Neutralizing Gas
|
|-heal|p2a: Slowking|65/100|[from] item: Leftovers
|upkeep
|c|☆AlmostNamedOne|OH
|c|☆AlmostNamedOne|YES
|
|t:|1758234631
|switch|p1a: Blissey|Blissey, F|75/100
|turn|182
|inactive|AlmostNamedOne has 30 seconds left this turn.
|c|☆ilikehorse222|im cooked now
|
|t:|1758234638
|move|p1a: Blissey|Stealth Rock|p2a: Slowking
|-sidestart|p2: AlmostNamedOne|move: Stealth Rock
|move|p2a: Slowking|Toxic|p1a: Blissey
|-status|p1a: Blissey|tox
|
|-heal|p1a: Blissey|82/100 tox|[from] item: Leftovers
|-heal|p2a: Slowking|71/100|[from] item: Leftovers
|-damage|p1a: Blissey|75/100 tox|[from] psn
|upkeep
|turn|183
|inactive|AlmostNamedOne has 30 seconds left.
|inactive|ilikehorse222 has 90 seconds left.
|
|t:|1758234654
|move|p1a: Blissey|Seismic Toss|p2a: Slowking
|-damage|p2a: Slowking|46/100
|move|p2a: Slowking|Psychic|p1a: Blissey
|-damage|p1a: Blissey|65/100 tox
|
|-heal|p1a: Blissey|71/100 tox|[from] item: Leftovers
|-heal|p2a: Slowking|52/100|[from] item: Leftovers
|-damage|p1a: Blissey|59/100 tox|[from] psn
|upkeep
|turn|184
|inactive|AlmostNamedOne has 30 seconds left this turn.
|inactive|ilikehorse222 has 90 seconds left.
|
|t:|1758234663
|move|p1a: Blissey|Seismic Toss|p2a: Slowking
|-damage|p2a: Slowking|26/100
|move|p2a: Slowking|Disable|p1a: Blissey
|-start|p1a: Blissey|Disable|Seismic Toss
|
|-heal|p1a: Blissey|65/100 tox|[from] item: Leftovers
|-heal|p2a: Slowking|32/100|[from] item: Leftovers
|-damage|p1a: Blissey|46/100 tox|[from] psn
|upkeep
|turn|185
|inactive|AlmostNamedOne has 30 seconds left this turn.
|c|☆AlmostNamedOne|...
|inactive|ilikehorse222 has 90 seconds left.
|c|☆ilikehorse222|oh no
|
|t:|1758234673
|move|p1a: Blissey|Soft-Boiled|p1a: Blissey
|-heal|p1a: Blissey|96/100 tox
|move|p2a: Slowking|Psychic|p1a: Blissey
|-damage|p1a: Blissey|85/100 tox
|
|-heal|p1a: Blissey|92/100 tox|[from] item: Leftovers
|-heal|p2a: Slowking|39/100|[from] item: Leftovers
|-damage|p1a: Blissey|67/100 tox|[from] psn
|upkeep
|turn|186
|inactive|AlmostNamedOne has 30 seconds left this turn.
|inactive|ilikehorse222 has 90 seconds left.
|
|t:|1758234680
|-curestatus|p1a: Blissey|tox|[from] ability: Natural Cure
|switch|p1a: Gliscor|Gliscor, F|100/100 tox
|move|p2a: Slowking|Psychic|p1a: Gliscor
|-damage|p1a: Gliscor|74/100 tox
|
|-heal|p2a: Slowking|45/100|[from] item: Leftovers
|-heal|p1a: Gliscor|87/100 tox|[from] ability: Poison Heal
|upkeep
|turn|187
|inactive|AlmostNamedOne has 30 seconds left this turn.
|inactive|ilikehorse222 has 90 seconds left.
|
|t:|1758234687
|move|p1a: Gliscor|Spikes|p2a: Slowking
|-sidestart|p2: AlmostNamedOne|Spikes
|move|p2a: Slowking|Psychic|p1a: Gliscor
|-damage|p1a: Gliscor|58/100 tox
|
|-heal|p2a: Slowking|51/100|[from] item: Leftovers
|-heal|p1a: Gliscor|71/100 tox|[from] ability: Poison Heal
|upkeep
|turn|188
|inactive|AlmostNamedOne has 30 seconds left this turn.
|
|t:|1758234691
|move|p1a: Gliscor|Spikes|p2a: Slowking
|-sidestart|p2: AlmostNamedOne|Spikes
|move|p2a: Slowking|Psychic|p1a: Gliscor
|-damage|p1a: Gliscor|44/100 tox
|
|-heal|p2a: Slowking|57/100|[from] item: Leftovers
|-heal|p1a: Gliscor|57/100 tox|[from] ability: Poison Heal
|upkeep
|turn|189
|
|t:|1758234697
|move|p1a: Gliscor|Spikes|p2a: Slowking
|-sidestart|p2: AlmostNamedOne|Spikes
|move|p2a: Slowking|Psychic|p1a: Gliscor
|-damage|p1a: Gliscor|28/100 tox
|
|-heal|p2a: Slowking|63/100|[from] item: Leftovers
|-heal|p1a: Gliscor|40/100 tox|[from] ability: Poison Heal
|upkeep
|turn|190
|inactive|ilikehorse222 has 90 seconds left.
|
|t:|1758234709
|move|p1a: Gliscor|Earthquake|p2a: Slowking
|-supereffective|p2a: Slowking
|-damage|p2a: Slowking|0 fnt
|faint|p2a: Slowking
|
|-heal|p1a: Gliscor|53/100 tox|[from] ability: Poison Heal
|upkeep
|c|☆AlmostNamedOne|OOPS
|c|☆AlmostNamedOne|oh I lose
|
|t:|1758234717
|switch|p2a: Toxapex|Toxapex, M|94/100 brn
|-damage|p2a: Toxapex|82/100 brn|[from] Stealth Rock
|-damage|p2a: Toxapex|57/100 brn|[from] Spikes
|turn|191
|c|☆ilikehorse222|no probably not
|inactive|ilikehorse222 has 90 seconds left.
|
|t:|1758234728
|move|p1a: Gliscor|Earthquake|p2a: Toxapex
|-supereffective|p2a: Toxapex
|-damage|p2a: Toxapex|15/100 brn
|move|p2a: Toxapex|Recover|p2a: Toxapex
|-heal|p2a: Toxapex|65/100 brn
|
|-heal|p1a: Gliscor|65/100 tox|[from] ability: Poison Heal
|-damage|p2a: Toxapex|59/100 brn|[from] brn
|upkeep
|turn|192
|inactive|ilikehorse222 has 90 seconds left.
|c|☆AlmostNamedOne|gambit loses to dozo
|inactive|AlmostNamedOne has 30 seconds left.
|
|t:|1758234739
|move|p1a: Gliscor|Earthquake|p2a: Toxapex
|-supereffective|p2a: Toxapex
|-damage|p2a: Toxapex|16/100 brn
|move|p2a: Toxapex|Recover|p2a: Toxapex
|-heal|p2a: Toxapex|66/100 brn
|
|-heal|p1a: Gliscor|78/100 tox|[from] ability: Poison Heal
|-damage|p2a: Toxapex|59/100 brn|[from] brn
|upkeep
|turn|193
|inactive|ilikehorse222 has 90 seconds left.
|
|t:|1758234747
|move|p1a: Gliscor|Earthquake|p2a: Toxapex
|-supereffective|p2a: Toxapex
|-damage|p2a: Toxapex|14/100 brn
|move|p2a: Toxapex|Liquidation|p1a: Gliscor
|-supereffective|p1a: Gliscor
|-damage|p1a: Gliscor|62/100 tox
|-unboost|p1a: Gliscor|def|1
|
|-heal|p1a: Gliscor|75/100 tox|[from] ability: Poison Heal
|-damage|p2a: Toxapex|8/100 brn|[from] brn
|upkeep
|turn|194
|inactive|AlmostNamedOne has 30 seconds left.
|
|t:|1758234760
|move|p2a: Toxapex|Protect|p2a: Toxapex
|-singleturn|p2a: Toxapex|Protect
|move|p1a: Gliscor|Earthquake|p2a: Toxapex
|-activate|p2a: Toxapex|move: Protect
|
|-heal|p1a: Gliscor|87/100 tox|[from] ability: Poison Heal
|-damage|p2a: Toxapex|1/100 brn|[from] brn
|upkeep
|turn|195
|inactive|AlmostNamedOne has 30 seconds left.
|
|t:|1758234768
|move|p1a: Gliscor|Earthquake|p2a: Toxapex
|-supereffective|p2a: Toxapex
|-damage|p2a: Toxapex|0 fnt
|faint|p2a: Toxapex
|
|-heal|p1a: Gliscor|99/100 tox|[from] ability: Poison Heal
|upkeep
|c|☆ilikehorse222|ok
|inactive|AlmostNamedOne has 30 seconds left.
|
|t:|1758234774
|switch|p2a: Kingambit|Kingambit, M, tera:Dark|42/100
|-damage|p2a: Kingambit|30/100|[from] Stealth Rock
|-damage|p2a: Kingambit|5/100|[from] Spikes
|-activate|p2a: Kingambit|ability: Supreme Overlord
|-start|p2a: Kingambit|fallen5|[silent]
|turn|196
|c|☆ilikehorse222|moment of truth
|inactive|AlmostNamedOne has 30 seconds left.
|
|t:|1758234786
|move|p2a: Kingambit|Sucker Punch|p1a: Gliscor
|-damage|p1a: Gliscor|0 fnt
|faint|p1a: Gliscor
|
|upkeep
|c|☆AlmostNamedOne|OKAY
|
|t:|1758234789
|switch|p1a: Dondozo|Dondozo, M|98/100
|turn|197
|c|☆AlmostNamedOne|HERE WE GOOO
|c|☆ilikehorse222|dozo surely
|inactive|AlmostNamedOne has 30 seconds left.
|c|☆AlmostNamedOne|can I ask
|c|☆AlmostNamedOne|what is your speed
|inactive|AlmostNamedOne has 20 seconds left.
|inactive|AlmostNamedOne has 15 seconds left.
|
|t:|1758234813
|move|p2a: Kingambit|Kowtow Cleave|p1a: Dondozo
|-damage|p1a: Dondozo|41/100
|move|p1a: Dondozo|Body Press|p2a: Kingambit
|-supereffective|p2a: Kingambit
|-damage|p2a: Kingambit|0 fnt
|faint|p2a: Kingambit
|-end|p2a: Kingambit|fallen5|[silent]
|
|win|ilikehorse222
|raw|ilikehorse222's rating: 1301 &rarr; <strong>1318</strong><br />(+17 for winning)
|raw|AlmostNamedOne's rating: 1250 &rarr; <strong>1229</strong><br />(-21 for losing)
|c|☆ilikehorse222|185
|c|☆AlmostNamedOne|gg
|c|☆ilikehorse222|gg
|c|☆AlmostNamedOne|o7
|c|☆AlmostNamedOne|alr cya
|c|☆ilikehorse222|holy game
|c|☆AlmostNamedOne|that was... fun.
