|j|☆TigerGhosty
|j|☆pejelegante
|t:|1758289633
|gametype|singles
|player|p1|TigerGhosty|cheryl|1152
|player|p2|pejelegante|hugh|1225
|gen|9
|tier|[Gen 9] OU
|rated|
|rule|HP Percentage Mod: HP is shown in percentages
|rule|Endless Battle Clause: Forcing endless battles is banned
|rule|Species Clause: Limit one of each Pokémon
|rule|OHKO Clause: OHKO moves are banned
|rule|Evasion Items Clause: Evasion items are banned
|rule|Evasion Moves Clause: Evasion moves are banned
|rule|Evasion Abilities Clause: Evasion abilities are banned
|rule|Sleep Moves Clause: Sleep-inducing moves are banned
|clearpoke
|poke|p1|Porygon2|
|poke|p1|Garganacl, F|
|poke|p1|Kingambit, M|
|poke|p1|Slowking-Galar, M|
|poke|p1|Dusclops, M|
|poke|p1|Weezing-Galar, M|
|poke|p2|Lokix, M|
|poke|p2|Enamorus, F|
|poke|p2|Empoleon, M|
|poke|p2|Iron Treads|
|poke|p2|Gholdengo|
|poke|p2|Cinderace, M|
|teampreview
|inactive|Battle timer is ON: inactive players will automatically lose when time's up. (requested by pejelegante)
|
|t:|1758289651
|teamsize|p1|6
|teamsize|p2|6
|start
|switch|p1a: Porygon2|Porygon2|100/100
|switch|p2a: Idc bout your type|Lokix, M, shiny|100/100
|-ability|p1a: Porygon2|Download|boost
|-boost|p1a: Porygon2|spa|1
|turn|1
|
|t:|1758289660
|move|p2a: Idc bout your type|U-turn|p1a: Porygon2
|-damage|p1a: Porygon2|71/100
|-damage|p2a: Idc bout your type|91/100|[from] item: Life Orb
|
|t:|1758289663
|switch|p2a: Gholdengo|Gholdengo|100/100|[from] U-turn
|-item|p2a: Gholdengo|Air Balloon
|move|p1a: Porygon2|Trick Room|p1a: Porygon2
|-fieldstart|move: Trick Room|[of] p1a: Porygon2
|
|upkeep
|turn|2
|
|t:|1758289689
|switch|p1a: Dusclops|Dusclops, M|100/100
|-item|p2a: Gholdengo|Air Balloon|[from] ability: Frisk|[of] p1a: Dusclops
|move|p2a: Gholdengo|Nasty Plot|p2a: Gholdengo
|-boost|p2a: Gholdengo|spa|2
|
|upkeep
|turn|3
|
|t:|1758289695
|move|p1a: Dusclops|Will-O-Wisp|p2a: Gholdengo
|-immune|p2a: Gholdengo|[from] ability: Good as Gold
|move|p2a: Gholdengo|Shadow Ball|p1a: Dusclops
|-supereffective|p1a: Dusclops
|-damage|p1a: Dusclops|17/100
|
|upkeep
|turn|4
|
|t:|1758289702
|move|p1a: Dusclops|Hex|p2a: Gholdengo
|-supereffective|p2a: Gholdengo
|-damage|p2a: Gholdengo|67/100
|-enditem|p2a: Gholdengo|Air Balloon
|move|p2a: Gholdengo|Shadow Ball|p1a: Dusclops
|-supereffective|p1a: Dusclops
|-damage|p1a: Dusclops|0 fnt
|faint|p1a: Dusclops
|
|upkeep
|
|t:|1758289708
|switch|p1a: Kingambit|Kingambit, M|100/100
|-activate|p1a: Kingambit|ability: Supreme Overlord
|-start|p1a: Kingambit|fallen1|[silent]
|-item|p1a: Kingambit|Air Balloon
|turn|5
|
|t:|1758289714
|-terastallize|p2a: Gholdengo|Fairy
|move|p1a: Kingambit|Swords Dance|p1a: Kingambit
|-boost|p1a: Kingambit|atk|2
|move|p2a: Gholdengo|Dazzling Gleam|p1a: Kingambit
|-damage|p1a: Kingambit|3/100
|-enditem|p1a: Kingambit|Air Balloon
|
|-fieldend|move: Trick Room
|upkeep
|turn|6
|-message|TigerGhosty forfeited.
|
|win|pejelegante
|raw|TigerGhosty's rating: 1152 &rarr; <strong>1132</strong><br />(-20 for losing)
|raw|pejelegante's rating: 1225 &rarr; <strong>1245</strong><br />(+20 for winning)
|l|☆TigerGhosty
|player|p1|
