|j|☆le krappers
|j|☆Disanbe
|t:|1758265695
|gametype|singles
|player|p1|le krappers|plasmagrunt|1051
|player|p2|Disanbe|hiker-gen4|1099
|gen|9
|tier|[Gen 9] OU
|rated|
|rule|HP Percentage Mod: HP is shown in percentages
|rule|Endless Battle Clause: Forcing endless battles is banned
|rule|Species Clause: Limit one of each Pokémon
|rule|OHKO Clause: OHKO moves are banned
|rule|Evasion Items Clause: Evasion items are banned
|rule|Evasion Moves Clause: Evasion moves are banned
|rule|Evasion Abilities Clause: Evasion abilities are banned
|rule|Sleep Moves Clause: Sleep-inducing moves are banned
|clearpoke
|poke|p1|Pelipper, M|
|poke|p1|Barraskewda, M|
|poke|p1|Basculegion-F, F|
|poke|p1|Tornadus-Therian, M|
|poke|p1|Blastoise, M|
|poke|p1|Clodsire, M|
|poke|p2|Garchomp, F|
|poke|p2|Magnezone|
|poke|p2|Serperior, M|
|poke|p2|Milotic, M|
|poke|p2|Weezing-Galar, F|
|poke|p2|Ceruledge, M|
|teampreview
|inactive|Battle timer is ON: inactive players will automatically lose when time's up. (requested by le krappers)
|
|t:|1758265715
|teamsize|p1|6
|teamsize|p2|6
|start
|switch|p1a: Cloud Brown|Clodsire, M|100/100
|switch|p2a: Magnezone|Magnezone|100/100
|turn|1
|
|t:|1758265724
|switch|p2a: Serperior|Serperior, M|100/100
|move|p1a: Cloud Brown|Earthquake|p2a: Serperior
|-resisted|p2a: Serperior
|-damage|p2a: Serperior|83/100
|
|upkeep
|turn|2
|
|t:|1758265732
|move|p2a: Serperior|Leaf Storm|p1a: Cloud Brown
|-damage|p1a: Cloud Brown|61/100
|-boost|p2a: Serperior|spa|2
|move|p1a: Cloud Brown|Toxic|p2a: Serperior
|-status|p2a: Serperior|tox
|
|-damage|p2a: Serperior|77/100 tox|[from] psn
|upkeep
|turn|3
|
|t:|1758265746
|switch|p1a: RAIN!|Pelipper, M|100/100
|-weather|RainDance|[from] ability: Drizzle|[of] p1a: RAIN!
|move|p2a: Serperior|Leaf Storm|p1a: RAIN!
|-damage|p1a: RAIN!|0 fnt
|-boost|p2a: Serperior|spa|2
|faint|p1a: RAIN!
|
|-weather|RainDance|[upkeep]
|-damage|p2a: Serperior|65/100 tox|[from] psn
|upkeep
|
|t:|1758265768
|switch|p1a: Bruce Dim|Barraskewda, M|100/100
|turn|4
|
|t:|1758265784
|move|p1a: Bruce Dim|Poison Jab|p2a: Serperior
|-supereffective|p2a: Serperior
|-damage|p2a: Serperior|0 fnt
|faint|p2a: Serperior
|-damage|p1a: Bruce Dim|91/100|[from] item: Life Orb
|
|-weather|RainDance|[upkeep]
|upkeep
|
|t:|1758265797
|switch|p2a: Magnezone|Magnezone|100/100
|turn|5
|
|t:|1758265806
|-terastallize|p1a: Bruce Dim|Grass
|move|p1a: Bruce Dim|Liquidation|p2a: Magnezone
|-damage|p2a: Magnezone|9/100
|-damage|p1a: Bruce Dim|81/100|[from] item: Life Orb
|move|p2a: Magnezone|Flash Cannon|p1a: Bruce Dim
|-damage|p1a: Bruce Dim|0 fnt
|faint|p1a: Bruce Dim
|
|-weather|RainDance|[upkeep]
|upkeep
|
|t:|1758265817
|switch|p1a: Mrs Dim|Basculegion-F, F|100/100
|turn|6
|
|t:|1758265822
|move|p1a: Mrs Dim|Surf|p2a: Magnezone
|-damage|p2a: Magnezone|0 fnt
|faint|p2a: Magnezone
|
|-weather|RainDance|[upkeep]
|upkeep
|
|t:|1758265829
|switch|p2a: Garchomp|Garchomp, F|100/100
|turn|7
|
|t:|1758265832
|move|p1a: Mrs Dim|Ice Beam|p2a: Garchomp
|-supereffective|p2a: Garchomp
|-damage|p2a: Garchomp|0 fnt
|faint|p2a: Garchomp
|
|-weather|RainDance|[upkeep]
|upkeep
|
|t:|1758265840
|switch|p2a: Ceruledge|Ceruledge, M|100/100
|turn|8
|
|t:|1758265843
|move|p1a: Mrs Dim|Surf|p2a: Ceruledge
|-supereffective|p2a: Ceruledge
|-enditem|p2a: Ceruledge|Focus Sash
|-damage|p2a: Ceruledge|1/100
|move|p2a: Ceruledge|Swords Dance|p2a: Ceruledge
|-boost|p2a: Ceruledge|atk|2
|
|-weather|RainDance|[upkeep]
|upkeep
|turn|9
|
|t:|1758265853
|move|p2a: Ceruledge|Shadow Sneak|p1a: Mrs Dim
|-supereffective|p1a: Mrs Dim
|-damage|p1a: Mrs Dim|0 fnt
|faint|p1a: Mrs Dim
|
|-weather|RainDance|[upkeep]
|upkeep
|
|t:|1758265863
|switch|p1a: Shell.SM|Blastoise, M|100/100
|turn|10
|
|t:|1758265867
|-terastallize|p2a: Ceruledge|Ghost
|move|p2a: Ceruledge|Poltergeist|p1a: Shell.SM
|-activate|p1a: Shell.SM|move: Poltergeist|Heavy-Duty Boots
|-damage|p1a: Shell.SM|0 fnt
|faint|p1a: Shell.SM
|
|-weather|none
|upkeep
|
|t:|1758265876
|switch|p1a: Cloud Brown|Clodsire, M|61/100
|turn|11
|
|t:|1758265883
|move|p2a: Ceruledge|Poltergeist|p1a: Cloud Brown
|-activate|p1a: Cloud Brown|move: Poltergeist|Damp Rock
|-damage|p1a: Cloud Brown|0 fnt
|faint|p1a: Cloud Brown
|
|upkeep
|
|t:|1758265888
|switch|p1a: Lurdson|Tornadus-Therian, M|100/100
|turn|12
|
|t:|1758265895
|move|p1a: Lurdson|Knock Off|p2a: Ceruledge
|-supereffective|p2a: Ceruledge
|-damage|p2a: Ceruledge|0 fnt
|faint|p2a: Ceruledge
|
|upkeep
|
|t:|1758265899
|switch|p2a: Weezing|Weezing-Galar, F|100/100
|-ability|p2a: Weezing|Neutralizing Gas
|turn|13
|
|t:|1758265908
|move|p1a: Lurdson|Knock Off|p2a: Weezing
|-resisted|p2a: Weezing
|-damage|p2a: Weezing|93/100
|-damage|p1a: Lurdson|84/100|[from] item: Rocky Helmet|[of] p2a: Weezing
|-enditem|p2a: Weezing|Rocky Helmet|[from] move: Knock Off|[of] p1a: Lurdson
|move|p2a: Weezing|Will-O-Wisp|p1a: Lurdson|[miss]
|-miss|p2a: Weezing|p1a: Lurdson
|
|upkeep
|turn|14
|
|t:|1758265919
|move|p1a: Lurdson|Hurricane|p2a: Weezing
|-damage|p2a: Weezing|27/100
|move|p2a: Weezing|Will-O-Wisp|p1a: Lurdson|[miss]
|-miss|p2a: Weezing|p1a: Lurdson
|
|upkeep
|turn|15
|
|t:|1758265928
|move|p1a: Lurdson|Dark Pulse|p2a: Weezing
|-resisted|p2a: Weezing
|-damage|p2a: Weezing|11/100
|move|p2a: Weezing|Pain Split|p1a: Lurdson
|-sethp|p1a: Lurdson|48/100|[from] move: Pain Split|[silent]
|-sethp|p2a: Weezing|43/100|[from] move: Pain Split
|
|upkeep
|turn|16
|
|t:|1758265935
|move|p1a: Lurdson|Hurricane|p2a: Weezing
|-crit|p2a: Weezing
|-damage|p2a: Weezing|0 fnt
|faint|p2a: Weezing
|-end|p2a: Weezing|ability: Neutralizing Gas
|
|upkeep
|
|t:|1758265939
|switch|p2a: Milotic|Milotic, M|100/100
|turn|17
|
|t:|1758265943
|move|p1a: Lurdson|Hurricane|p2a: Milotic|[miss]
|-miss|p1a: Lurdson|p2a: Milotic
|move|p2a: Milotic|Ice Beam|p1a: Lurdson
|-supereffective|p1a: Lurdson
|-damage|p1a: Lurdson|0 fnt
|faint|p1a: Lurdson
|
|win|Disanbe
|raw|le krappers's rating: 1051 &rarr; <strong>1036</strong><br />(-15 for losing)
|raw|Disanbe's rating: 1099 &rarr; <strong>1121</strong><br />(+22 for winning)
|l|☆Disanbe
|player|p2|
|l|☆le krappers
|player|p1|
