|j|☆samothy
|j|☆nicolasgimenez
|t:|1758313889
|gametype|singles
|player|p1|samothy|2|1256
|player|p2|nicolasgimenez|266|1264
|gen|9
|tier|[Gen 9] OU
|rated|
|rule|HP Percentage Mod: HP is shown in percentages
|rule|Endless Battle Clause: Forcing endless battles is banned
|rule|Species Clause: Limit one of each Pokémon
|rule|OHKO Clause: OHKO moves are banned
|rule|Evasion Items Clause: Evasion items are banned
|rule|Evasion Moves Clause: Evasion moves are banned
|rule|Evasion Abilities Clause: Evasion abilities are banned
|rule|Sleep Moves Clause: Sleep-inducing moves are banned
|clearpoke
|poke|p1|Lokix, F|
|poke|p1|Iron Crown|
|poke|p1|Gliscor, F|
|poke|p1|Garganacl, M|
|poke|p1|Pecharunt|
|poke|p1|Cinderace, M|
|poke|p2|Diancie|
|poke|p2|Decidueye, F|
|poke|p2|Rillaboom, M|
|poke|p2|Latias, F|
|poke|p2|Toxapex, F|
|poke|p2|Salazzle, F|
|teampreview
|inactive|Battle timer is ON: inactive players will automatically lose when time's up. (requested by samothy)
|
|t:|1758313907
|teamsize|p1|6
|teamsize|p2|6
|start
|switch|p1a: Gliscor|Gliscor, F|100/100
|switch|p2a: Toxapex|Toxapex, F|100/100
|turn|1
|
|t:|1758313918
|move|p1a: Gliscor|Knock Off|p2a: Toxapex
|-damage|p2a: Toxapex|88/100
|-damage|p1a: Gliscor|84/100|[from] item: Rocky Helmet|[of] p2a: Toxapex
|-enditem|p2a: Toxapex|Rocky Helmet|[from] move: Knock Off|[of] p1a: Gliscor
|move|p2a: Toxapex|Acid Spray|p1a: Gliscor
|-resisted|p1a: Gliscor
|-damage|p1a: Gliscor|78/100
|-unboost|p1a: Gliscor|spd|2
|
|-status|p1a: Gliscor|tox|[from] item: Toxic Orb
|upkeep
|turn|2
|
|t:|1758313935
|switch|p1a: Iron Crown|Iron Crown|100/100
|move|p2a: Toxapex|Acid Spray|p1a: Iron Crown
|-immune|p1a: Iron Crown
|
|upkeep
|turn|3
|
|t:|1758313945
|switch|p2a: Rillaboom|Rillaboom, M|100/100
|-fieldstart|move: Grassy Terrain|[from] ability: Grassy Surge|[of] p2a: Rillaboom
|move|p1a: Iron Crown|Volt Switch|p2a: Rillaboom
|-resisted|p2a: Rillaboom
|-damage|p2a: Rillaboom|78/100
|
|t:|1758313953
|-end|p1a: Iron Crown|Quark Drive|[silent]
|switch|p1a: Lokix|Lokix, F|100/100|[from] Volt Switch
|
|-heal|p2a: Rillaboom|84/100|[from] Grassy Terrain
|upkeep
|turn|4
|
|t:|1758313962
|switch|p2a: Toxapex|Toxapex, F|100/100
|move|p1a: Lokix|U-turn|p2a: Toxapex
|-resisted|p2a: Toxapex
|-damage|p2a: Toxapex|76/100
|-damage|p1a: Lokix|91/100|[from] item: Life Orb
|
|t:|1758313968
|switch|p1a: Iron Crown|Iron Crown|100/100|[from] U-turn
|
|-heal|p2a: Toxapex|82/100|[from] Grassy Terrain
|upkeep
|turn|5
|
|t:|1758313978
|switch|p2a: Rillaboom|Rillaboom, M|84/100
|move|p1a: Iron Crown|Psyshock|p2a: Rillaboom
|-damage|p2a: Rillaboom|23/100
|
|-heal|p2a: Rillaboom|29/100|[from] Grassy Terrain
|upkeep
|turn|6
|
|t:|1758313988
|move|p2a: Rillaboom|U-turn|p1a: Iron Crown
|-damage|p1a: Iron Crown|72/100
|
|t:|1758313991
|switch|p2a: Decidueye|Decidueye, F|100/100|[from] U-turn
|move|p1a: Iron Crown|Psyshock|p2a: Decidueye
|-damage|p2a: Decidueye|35/100
|
|-heal|p1a: Iron Crown|78/100|[from] Grassy Terrain
|-heal|p2a: Decidueye|41/100|[from] Grassy Terrain
|-heal|p2a: Decidueye|47/100|[from] item: Leftovers
|upkeep
|turn|7
|
|t:|1758314007
|-end|p1a: Iron Crown|Quark Drive|[silent]
|switch|p1a: Lokix|Lokix, F|91/100
|move|p2a: Decidueye|Shadow Sneak|p1a: Lokix
|-resisted|p1a: Lokix
|-damage|p1a: Lokix|77/100
|
|-heal|p1a: Lokix|83/100|[from] Grassy Terrain
|-heal|p2a: Decidueye|53/100|[from] Grassy Terrain
|-heal|p2a: Decidueye|59/100|[from] item: Leftovers
|-fieldend|move: Grassy Terrain
|upkeep
|turn|8
|
|t:|1758314023
|switch|p2a: Rillaboom|Rillaboom, M|29/100
|-fieldstart|move: Grassy Terrain|[from] ability: Grassy Surge|[of] p2a: Rillaboom
|move|p1a: Lokix|First Impression|p2a: Rillaboom
|-supereffective|p2a: Rillaboom
|-damage|p2a: Rillaboom|0 fnt
|faint|p2a: Rillaboom
|-damage|p1a: Lokix|73/100|[from] item: Life Orb
|
|-heal|p1a: Lokix|79/100|[from] Grassy Terrain
|upkeep
|inactive|nicolasgimenez has 120 seconds left.
|
|t:|1758314039
|switch|p2a: Diancie|Diancie|100/100
|turn|9
|
|t:|1758314047
|switch|p1a: Garganacl|Garganacl, M|100/100
|move|p2a: Diancie|Diamond Storm|p1a: Garganacl
|-damage|p1a: Garganacl|68/100
|
|-heal|p1a: Garganacl|74/100|[from] Grassy Terrain
|-heal|p1a: Garganacl|80/100|[from] item: Leftovers
|upkeep
|turn|10
|
|t:|1758314059
|move|p2a: Diancie|Diamond Storm|p1a: Garganacl
|-damage|p1a: Garganacl|52/100
|-boost|p2a: Diancie|def|2
|move|p1a: Garganacl|Salt Cure|p2a: Diancie
|-damage|p2a: Diancie|94/100
|-start|p2a: Diancie|Salt Cure
|
|-heal|p2a: Diancie|99/100|[from] Grassy Terrain
|-heal|p1a: Garganacl|58/100|[from] Grassy Terrain
|-heal|p1a: Garganacl|64/100|[from] item: Leftovers
|-damage|p2a: Diancie|88/100|[from] Salt Cure
|upkeep
|turn|11
|
|t:|1758314073
|move|p2a: Diancie|Body Press|p1a: Garganacl
|-supereffective|p1a: Garganacl
|-damage|p1a: Garganacl|1/100
|move|p1a: Garganacl|Recover|p1a: Garganacl
|-heal|p1a: Garganacl|51/100
|
|-heal|p2a: Diancie|94/100|[from] Grassy Terrain
|-heal|p1a: Garganacl|57/100|[from] Grassy Terrain
|-heal|p1a: Garganacl|63/100|[from] item: Leftovers
|-damage|p2a: Diancie|81/100|[from] Salt Cure
|upkeep
|turn|12
|
|t:|1758314086
|move|p1a: Garganacl|Protect|p1a: Garganacl
|-singleturn|p1a: Garganacl|Protect
|move|p2a: Diancie|Diamond Storm|p1a: Garganacl
|-activate|p1a: Garganacl|move: Protect
|
|-heal|p2a: Diancie|88/100|[from] Grassy Terrain
|-heal|p1a: Garganacl|69/100|[from] Grassy Terrain
|-heal|p1a: Garganacl|75/100|[from] item: Leftovers
|-damage|p2a: Diancie|75/100|[from] Salt Cure
|-fieldend|move: Grassy Terrain
|upkeep
|turn|13
|
|t:|1758314104
|move|p2a: Diancie|Body Press|p1a: Garganacl
|-supereffective|p1a: Garganacl
|-damage|p1a: Garganacl|13/100
|move|p1a: Garganacl|Substitute|p1a: Garganacl
|-fail|p1a: Garganacl|move: Substitute|[weak]
|
|-heal|p1a: Garganacl|19/100|[from] item: Leftovers
|-damage|p2a: Diancie|63/100|[from] Salt Cure
|upkeep
|turn|14
|
|t:|1758314114
|switch|p2a: Latias|Latias, F|100/100
|move|p1a: Garganacl|Protect||[still]
|-fail|p1a: Garganacl
|
|-heal|p1a: Garganacl|25/100|[from] item: Leftovers
|upkeep
|turn|15
|
|t:|1758314128
|-terastallize|p1a: Garganacl|Water
|move|p2a: Latias|Aura Sphere|p1a: Garganacl
|-damage|p1a: Garganacl|7/100
|move|p1a: Garganacl|Recover|p1a: Garganacl
|-heal|p1a: Garganacl|57/100
|
|-heal|p1a: Garganacl|63/100|[from] item: Leftovers
|upkeep
|turn|16
|
|t:|1758314150
|switch|p2a: Decidueye|Decidueye, F|59/100
|move|p1a: Garganacl|Salt Cure|p2a: Decidueye
|-damage|p2a: Decidueye|44/100
|-start|p2a: Decidueye|Salt Cure
|
|-heal|p2a: Decidueye|50/100|[from] item: Leftovers
|-heal|p1a: Garganacl|70/100|[from] item: Leftovers
|-damage|p2a: Decidueye|37/100|[from] Salt Cure
|upkeep
|turn|17
|
|t:|1758314164
|switch|p1a: Pecharunt|Pecharunt|100/100
|move|p2a: Decidueye|Swords Dance|p2a: Decidueye
|-boost|p2a: Decidueye|atk|2
|
|-heal|p2a: Decidueye|44/100|[from] item: Leftovers
|-damage|p2a: Decidueye|31/100|[from] Salt Cure
|upkeep
|turn|18
|
|t:|1758314176
|switch|p2a: Salazzle|Salazzle, F|100/100
|move|p1a: Pecharunt|Foul Play|p2a: Salazzle
|-damage|p2a: Salazzle|82/100
|
|-heal|p2a: Salazzle|88/100|[from] item: Black Sludge
|upkeep
|turn|19
|
|t:|1758314185
|switch|p1a: Garganacl|Garganacl, M, tera:Water|70/100
|move|p2a: Salazzle|Toxic|p1a: Garganacl
|-immune|p1a: Garganacl|[from] ability: Purifying Salt
|
|-heal|p2a: Salazzle|95/100|[from] item: Black Sludge
|-heal|p1a: Garganacl|76/100|[from] item: Leftovers
|upkeep
|turn|20
|
|t:|1758314196
|switch|p2a: Toxapex|Toxapex, F|100/100
|move|p1a: Garganacl|Salt Cure|p2a: Toxapex
|-damage|p2a: Toxapex|93/100
|-start|p2a: Toxapex|Salt Cure
|
|-heal|p1a: Garganacl|82/100|[from] item: Leftovers
|-damage|p2a: Toxapex|68/100|[from] Salt Cure
|upkeep
|turn|21
|-message|nicolasgimenez forfeited.
|
|win|samothy
|raw|samothy's rating: 1256 &rarr; <strong>1282</strong><br />(+26 for winning)
|raw|nicolasgimenez's rating: 1264 &rarr; <strong>1238</strong><br />(-26 for losing)
|l|☆nicolasgimenez
|player|p2|
|l|☆samothy
|player|p1|
