|j|☆SpinoRaptor2023
|j|☆Test4823
|t:|1758257303
|gametype|singles
|player|p1|SpinoRaptor2023|2|1407
|player|p2|Test4823|101|1435
|gen|9
|tier|[Gen 9] OU
|rated|
|rule|HP Percentage Mod: HP is shown in percentages
|rule|Endless Battle Clause: Forcing endless battles is banned
|rule|Species Clause: Limit one of each Pokémon
|rule|OHKO Clause: OHKO moves are banned
|rule|Evasion Items Clause: Evasion items are banned
|rule|Evasion Moves Clause: Evasion moves are banned
|rule|Evasion Abilities Clause: Evasion abilities are banned
|rule|Sleep Moves Clause: Sleep-inducing moves are banned
|clearpoke
|poke|p1|Samurott-Hisui, M|
|poke|p1|Ogerpon-Wellspring, F|
|poke|p1|Iron Crown|
|poke|p1|Raging Bolt|
|poke|p1|Rillaboom, M|
|poke|p1|Gholdengo|
|poke|p2|Landorus-Therian, M|
|poke|p2|Heatran, M|
|poke|p2|Toxapex, M|
|poke|p2|Goodra-Hisui, M|
|poke|p2|Meowscarada, M|
|poke|p2|Weezing-Galar, F|
|teampreview
|inactive|Battle timer is ON: inactive players will automatically lose when time's up. (requested by SpinoRaptor2023)
|
|t:|1758257313
|teamsize|p1|6
|teamsize|p2|6
|start
|switch|p1a: Samurott|Samurott-Hisui, M|100/100
|switch|p2a: Landorus|Landorus-Therian, M|100/100
|-ability|p2a: Landorus|Intimidate|boost
|-unboost|p1a: Samurott|atk|1
|turn|1
|
|t:|1758257315
|move|p2a: Landorus|U-turn|p1a: Samurott
|-supereffective|p1a: Samurott
|-damage|p1a: Samurott|30/100
|
|t:|1758257318
|switch|p2a: Meowscarada|Meowscarada, M|100/100|[from] U-turn
|move|p1a: Samurott|Ceaseless Edge|p2a: Meowscarada
|-resisted|p2a: Meowscarada
|-damage|p2a: Meowscarada|75/100
|-sidestart|p2: Test4823|Spikes
|
|upkeep
|turn|2
|
|t:|1758257332
|move|p1a: Samurott|Sucker Punch|p2a: Meowscarada
|-resisted|p2a: Meowscarada
|-damage|p2a: Meowscarada|56/100
|move|p2a: Meowscarada|U-turn|p1a: Samurott
|-start|p2a: Meowscarada|typechange|Bug|[from] ability: Protean
|-supereffective|p1a: Samurott
|-damage|p1a: Samurott|0 fnt
|faint|p1a: Samurott
|
|t:|1758257342
|switch|p2a: Landorus|Landorus-Therian, M|100/100|[from] U-turn
|
|upkeep
|
|t:|1758257349
|switch|p1a: Rillaboom|Rillaboom, M|100/100
|-fieldstart|move: Grassy Terrain|[from] ability: Grassy Surge|[of] p1a: Rillaboom
|turn|3
|
|t:|1758257353
|move|p2a: Landorus|U-turn|p1a: Rillaboom
|-supereffective|p1a: Rillaboom
|-damage|p1a: Rillaboom|46/100
|
|t:|1758257357
|switch|p2a: Goodra|Goodra-Hisui, M|100/100|[from] U-turn
|-damage|p2a: Goodra|88/100|[from] Spikes
|move|p1a: Rillaboom|U-turn|p2a: Goodra
|-resisted|p2a: Goodra
|-damage|p2a: Goodra|77/100
|
|t:|1758257363
|switch|p1a: Gholdengo|Gholdengo|100/100|[from] U-turn
|-item|p1a: Gholdengo|Air Balloon
|
|-heal|p2a: Goodra|83/100|[from] Grassy Terrain
|-heal|p2a: Goodra|89/100|[from] item: Leftovers
|upkeep
|turn|4
|
|t:|1758257369
|move|p1a: Gholdengo|Nasty Plot|p1a: Gholdengo
|-boost|p1a: Gholdengo|spa|2
|move|p2a: Goodra|Knock Off|p1a: Gholdengo
|-supereffective|p1a: Gholdengo
|-damage|p1a: Gholdengo|47/100
|-enditem|p1a: Gholdengo|Air Balloon
|
|-heal|p1a: Gholdengo|53/100|[from] Grassy Terrain
|-heal|p2a: Goodra|95/100|[from] Grassy Terrain
|-heal|p2a: Goodra|100/100|[from] item: Leftovers
|upkeep
|turn|5
|
|t:|1758257374
|move|p1a: Gholdengo|Focus Blast|p2a: Goodra
|-supereffective|p2a: Goodra
|-damage|p2a: Goodra|0 fnt
|faint|p2a: Goodra
|
|-heal|p1a: Gholdengo|59/100|[from] Grassy Terrain
|upkeep
|
|t:|1758257394
|switch|p2a: Landorus|Landorus-Therian, M|100/100
|-ability|p2a: Landorus|Intimidate|boost
|-unboost|p1a: Gholdengo|atk|1
|turn|6
|
|t:|1758257412
|-terastallize|p1a: Gholdengo|Fairy
|move|p2a: Landorus|Earthquake|p1a: Gholdengo
|-damage|p1a: Gholdengo|27/100
|move|p1a: Gholdengo|Shadow Ball|p2a: Landorus
|-damage|p2a: Landorus|0 fnt
|faint|p2a: Landorus
|
|-heal|p1a: Gholdengo|33/100|[from] Grassy Terrain
|upkeep
|
|t:|1758257421
|switch|p2a: Meowscarada|Meowscarada, M|56/100
|-damage|p2a: Meowscarada|44/100|[from] Spikes
|turn|7
|
|t:|1758257427
|move|p2a: Meowscarada|Flower Trick|p1a: Gholdengo
|-start|p2a: Meowscarada|typechange|Grass|[from] ability: Protean
|-crit|p1a: Gholdengo
|-damage|p1a: Gholdengo|0 fnt
|faint|p1a: Gholdengo
|
|-heal|p2a: Meowscarada|50/100|[from] Grassy Terrain
|upkeep
|
|t:|1758257434
|switch|p1a: Raging Bolt|Raging Bolt|100/100
|turn|8
|
|t:|1758257438
|switch|p2a: Heatran|Heatran, M|100/100
|-item|p2a: Heatran|Air Balloon
|move|p1a: Raging Bolt|Calm Mind|p1a: Raging Bolt
|-boost|p1a: Raging Bolt|spa|1
|-boost|p1a: Raging Bolt|spd|1
|
|upkeep
|turn|9
|
|t:|1758257444
|move|p1a: Raging Bolt|Thunderbolt|p2a: Heatran
|-damage|p2a: Heatran|6/100
|-enditem|p2a: Heatran|Air Balloon
|-damage|p1a: Raging Bolt|91/100|[from] item: Life Orb
|move|p2a: Heatran|Earth Power|p1a: Raging Bolt
|-supereffective|p1a: Raging Bolt
|-damage|p1a: Raging Bolt|46/100
|
|-heal|p1a: Raging Bolt|52/100|[from] Grassy Terrain
|-heal|p2a: Heatran|13/100|[from] Grassy Terrain
|upkeep
|turn|10
|
|t:|1758257454
|move|p1a: Raging Bolt|Thunderbolt|p2a: Heatran
|-damage|p2a: Heatran|0 fnt
|faint|p2a: Heatran
|-damage|p1a: Raging Bolt|42/100|[from] item: Life Orb
|
|-heal|p1a: Raging Bolt|48/100|[from] Grassy Terrain
|-fieldend|move: Grassy Terrain
|upkeep
|
|t:|1758257458
|switch|p2a: Meowscarada|Meowscarada, M|50/100
|-damage|p2a: Meowscarada|38/100|[from] Spikes
|turn|11
|
|t:|1758257486
|move|p2a: Meowscarada|Sucker Punch|p1a: Raging Bolt
|-start|p2a: Meowscarada|typechange|Dark|[from] ability: Protean
|-damage|p1a: Raging Bolt|5/100
|move|p1a: Raging Bolt|Thunderclap||[still]
|-fail|p1a: Raging Bolt
|
|upkeep
|turn|12
|
|t:|1758257496
|-end|p1a: Raging Bolt|Protosynthesis|[silent]
|switch|p1a: Rillaboom|Rillaboom, M|46/100
|-fieldstart|move: Grassy Terrain|[from] ability: Grassy Surge|[of] p1a: Rillaboom
|move|p2a: Meowscarada|Sucker Punch||[still]
|-fail|p2a: Meowscarada
|
|-heal|p2a: Meowscarada|44/100|[from] Grassy Terrain
|-heal|p1a: Rillaboom|52/100|[from] Grassy Terrain
|upkeep
|turn|13
|
|t:|1758257506
|move|p2a: Meowscarada|Sucker Punch|p1a: Rillaboom
|-damage|p1a: Rillaboom|6/100
|move|p1a: Rillaboom|U-turn|p2a: Meowscarada
|-supereffective|p2a: Meowscarada
|-damage|p2a: Meowscarada|0 fnt
|faint|p2a: Meowscarada
|
|t:|1758257511
|switch|p1a: Raging Bolt|Raging Bolt|5/100|[from] U-turn
|
|-heal|p1a: Raging Bolt|11/100|[from] Grassy Terrain
|upkeep
|
|t:|1758257515
|switch|p2a: Weezing|Weezing-Galar, F|100/100
|turn|14
|
|t:|1758257519
|move|p1a: Raging Bolt|Thunderbolt|p2a: Weezing
|-damage|p2a: Weezing|11/100
|-damage|p1a: Raging Bolt|2/100|[from] item: Life Orb
|move|p2a: Weezing|Strange Steam|p1a: Raging Bolt
|-supereffective|p1a: Raging Bolt
|-damage|p1a: Raging Bolt|0 fnt
|faint|p1a: Raging Bolt
|-end|p1a: Raging Bolt|Protosynthesis|[silent]
|
|-heal|p2a: Weezing|17/100|[from] item: Leftovers
|upkeep
|
|t:|1758257525
|switch|p1a: Should it be ban?|Ogerpon-Wellspring, F|100/100
|turn|15
|
|t:|1758257529
|move|p1a: Should it be ban?|Ivy Cudgel|p2a: Weezing|[anim] Ivy Cudgel Water
|-damage|p2a: Weezing|0 fnt
|faint|p2a: Weezing
|
|upkeep
|
|t:|1758257532
|switch|p2a: Toxapex|Toxapex, M|100/100
|-damage|p2a: Toxapex|88/100|[from] Spikes
|turn|16
|
|t:|1758257540
|move|p1a: Should it be ban?|Swords Dance|p1a: Should it be ban?
|-boost|p1a: Should it be ban?|atk|2
|move|p2a: Toxapex|Sludge Wave|p1a: Should it be ban?
|-supereffective|p1a: Should it be ban?
|-damage|p1a: Should it be ban?|32/100
|
|-heal|p1a: Should it be ban?|38/100|[from] Grassy Terrain
|-heal|p2a: Toxapex|94/100|[from] Grassy Terrain
|upkeep
|turn|17
|
|t:|1758257549
|move|p1a: Should it be ban?|Horn Leech|p2a: Toxapex
|-damage|p2a: Toxapex|8/100
|-heal|p1a: Should it be ban?|82/100|[from] drain|[of] p2a: Toxapex
|move|p2a: Toxapex|Sludge Wave|p1a: Should it be ban?
|-supereffective|p1a: Should it be ban?
|-damage|p1a: Should it be ban?|6/100
|
|-heal|p1a: Should it be ban?|12/100|[from] Grassy Terrain
|-heal|p2a: Toxapex|14/100|[from] Grassy Terrain
|upkeep
|turn|18
|
|t:|1758257558
|-terastallize|p2a: Toxapex|Ghost
|move|p1a: Should it be ban?|Grassy Glide|p2a: Toxapex
|-damage|p2a: Toxapex|0 fnt
|faint|p2a: Toxapex
|
|win|SpinoRaptor2023
|raw|SpinoRaptor2023's rating: 1407 &rarr; <strong>1429</strong><br />(+22 for winning)
|raw|Test4823's rating: 1435 &rarr; <strong>1413</strong><br />(-22 for losing)
|c|☆Test4823|gg
|c|☆SpinoRaptor2023|gg
|l|☆Test4823
|player|p2|
|l|☆SpinoRaptor2023
|player|p1|
