|j|☆Eiio
|j|☆0ddish0ne
|t:|1758377806
|gametype|singles
|player|p1|Eiio|169|1577
|player|p2|0ddish0ne|lucas|1563
|gen|9
|tier|[Gen 9] OU
|rated|
|rule|HP Percentage Mod: HP is shown in percentages
|rule|Endless Battle Clause: Forcing endless battles is banned
|rule|Species Clause: Limit one of each Pokémon
|rule|OHKO Clause: OHKO moves are banned
|rule|Evasion Items Clause: Evasion items are banned
|rule|Evasion Moves Clause: Evasion moves are banned
|rule|Evasion Abilities Clause: Evasion abilities are banned
|rule|Sleep Moves Clause: Sleep-inducing moves are banned
|clearpoke
|poke|p1|Quagsire, F|
|poke|p1|Blissey, F|
|poke|p1|Toxapex, M|
|poke|p1|Weezing-Galar, F|
|poke|p1|Gliscor, F|
|poke|p1|Corviknight, F|
|poke|p2|Zamazenta-*|
|poke|p2|Gholdengo|
|poke|p2|Ting-Lu|
|poke|p2|Pecharunt|
|poke|p2|Tornadus-Therian, M|
|poke|p2|Cinderace, F|
|teampreview
|inactive|Battle timer is ON: inactive players will automatically lose when time's up. (requested by 0ddish0ne)
|inactive|0ddish0ne has 120 seconds left.
|
|t:|1758377837
|teamsize|p1|6
|teamsize|p2|6
|start
|switch|p1a: Gliscor|Gliscor, F|100/100
|switch|p2a: Tornadus|Tornadus-Therian, M|100/100
|turn|1
|l|☆Eiio
|inactive|Eiio disconnected and has a minute to reconnect!
|player|p1|
|j|☆Eiio
|inactive|Eiio reconnected and has 135 seconds left.
|player|p1|Eiio|169|
|
|t:|1758377857
|move|p1a: Gliscor|Protect|p1a: Gliscor
|-singleturn|p1a: Gliscor|Protect
|move|p2a: Tornadus|Knock Off|p1a: Gliscor
|-activate|p1a: Gliscor|move: Protect
|
|-status|p1a: Gliscor|tox|[from] item: Toxic Orb
|upkeep
|turn|2
|
|t:|1758377883
|switch|p1a: Toxapex|Toxapex, M|100/100
|move|p2a: Tornadus|Taunt|p1a: Toxapex
|-start|p1a: Toxapex|move: Taunt
|
|upkeep
|turn|3
|inactive|0ddish0ne has 120 seconds left.
|
|t:|1758377904
|switch|p1a: Gliscor|Gliscor, F|100/100 tox
|move|p2a: Tornadus|Knock Off|p1a: Gliscor
|-damage|p1a: Gliscor|85/100 tox
|-enditem|p1a: Gliscor|Toxic Orb|[from] move: Knock Off|[of] p2a: Tornadus
|
|-heal|p1a: Gliscor|98/100 tox|[from] ability: Poison Heal
|upkeep
|turn|4
|
|t:|1758377909
|move|p2a: Tornadus|Taunt|p1a: Gliscor
|-start|p1a: Gliscor|move: Taunt
|move|p1a: Gliscor|Knock Off|p2a: Tornadus
|-damage|p2a: Tornadus|72/100
|-enditem|p2a: Tornadus|Heavy-Duty Boots|[from] move: Knock Off|[of] p1a: Gliscor
|
|-heal|p1a: Gliscor|100/100 tox|[from] ability: Poison Heal
|upkeep
|turn|5
|
|t:|1758377913
|move|p2a: Tornadus|Bleakwind Storm|p1a: Gliscor
|-damage|p1a: Gliscor|43/100 tox
|move|p1a: Gliscor|Facade|p2a: Tornadus
|-damage|p2a: Tornadus|33/100
|
|-heal|p1a: Gliscor|56/100 tox|[from] ability: Poison Heal
|upkeep
|turn|6
|
|t:|1758377923
|switch|p1a: Corviknight|Corviknight, F|100/100
|-ability|p1a: Corviknight|Pressure
|move|p2a: Tornadus|U-turn|p1a: Corviknight
|-resisted|p1a: Corviknight
|-damage|p1a: Corviknight|98/100
|-damage|p2a: Tornadus|17/100|[from] item: Rocky Helmet|[of] p1a: Corviknight
|
|t:|1758377927
|switch|p2a: Cinderace|Cinderace, F|100/100|[from] U-turn
|
|upkeep
|turn|7
|
|t:|1758377938
|switch|p1a: Toxapex|Toxapex, M|100/100
|move|p2a: Cinderace|Pyro Ball|p1a: Toxapex
|-resisted|p1a: Toxapex
|-damage|p1a: Toxapex|80/100
|
|-heal|p1a: Toxapex|86/100|[from] item: Leftovers
|upkeep
|turn|8
|
|t:|1758377945
|move|p2a: Cinderace|U-turn|p1a: Toxapex
|-resisted|p1a: Toxapex
|-damage|p1a: Toxapex|79/100
|
|t:|1758377960
|switch|p2a: Pecharunt|Pecharunt|100/100|[from] U-turn
|move|p1a: Toxapex|Toxic|p2a: Pecharunt
|-immune|p2a: Pecharunt
|
|-heal|p1a: Toxapex|85/100|[from] item: Leftovers
|upkeep
|turn|9
|
|t:|1758377965
|switch|p1a: Blissey|Blissey, F|100/100
|move|p2a: Pecharunt|Parting Shot|p1a: Blissey
|-unboost|p1a: Blissey|atk|1
|-unboost|p1a: Blissey|spa|1
|
|t:|1758377976
|switch|p2a: Cinderace|Cinderace, F|100/100|[from] Parting Shot
|
|upkeep
|turn|10
|
|t:|1758377980
|switch|p1a: Toxapex|Toxapex, M|100/100
|move|p2a: Cinderace|Will-O-Wisp|p1a: Toxapex
|-status|p1a: Toxapex|brn
|
|-damage|p1a: Toxapex|95/100 brn|[from] brn
|upkeep
|turn|11
|
|t:|1758377984
|move|p1a: Toxapex|Baneful Bunker|p1a: Toxapex
|-singleturn|p1a: Toxapex|move: Protect
|move|p2a: Cinderace|U-turn|p1a: Toxapex
|-activate|p1a: Toxapex|move: Protect
|-status|p2a: Cinderace|psn
|
|-heal|p1a: Toxapex|100/100 brn|[from] item: Leftovers
|-damage|p2a: Cinderace|88/100 psn|[from] psn
|-damage|p1a: Toxapex|95/100 brn|[from] brn
|upkeep
|turn|12
|
|t:|1758377990
|switch|p1a: Corviknight|Corviknight, F|98/100
|-ability|p1a: Corviknight|Pressure
|move|p2a: Cinderace|U-turn|p1a: Corviknight
|-resisted|p1a: Corviknight
|-damage|p1a: Corviknight|95/100
|-damage|p2a: Cinderace|72/100 psn|[from] item: Rocky Helmet|[of] p1a: Corviknight
|
|t:|1758377992
|switch|p2a: Pecharunt|Pecharunt|100/100|[from] U-turn
|
|upkeep
|turn|13
|
|t:|1758378000
|switch|p1a: Gliscor|Gliscor, F|56/100 tox
|move|p2a: Pecharunt|Parting Shot|p1a: Gliscor
|-unboost|p1a: Gliscor|atk|1
|-unboost|p1a: Gliscor|spa|1
|
|t:|1758378008
|switch|p2a: Tornadus|Tornadus-Therian, M|50/100|[from] Parting Shot
|
|-heal|p1a: Gliscor|68/100 tox|[from] ability: Poison Heal
|upkeep
|turn|14
|
|t:|1758378014
|move|p1a: Gliscor|Protect|p1a: Gliscor
|-singleturn|p1a: Gliscor|Protect
|move|p2a: Tornadus|U-turn|p1a: Gliscor
|-activate|p1a: Gliscor|move: Protect
|
|-heal|p1a: Gliscor|81/100 tox|[from] ability: Poison Heal
|upkeep
|turn|15
|
|t:|1758378022
|switch|p1a: Toxapex|Toxapex, M|100/100 brn
|move|p2a: Tornadus|Bleakwind Storm|p1a: Toxapex
|-damage|p1a: Toxapex|71/100 brn
|
|-heal|p1a: Toxapex|77/100 brn|[from] item: Leftovers
|-damage|p1a: Toxapex|71/100 brn|[from] brn
|upkeep
|turn|16
|
|t:|1758378033
|switch|p1a: Corviknight|Corviknight, F|95/100
|-ability|p1a: Corviknight|Pressure
|move|p2a: Tornadus|Taunt|p1a: Corviknight
|-start|p1a: Corviknight|move: Taunt
|
|upkeep
|turn|17
|inactive|0ddish0ne has 120 seconds left.
|
|t:|1758378065
|switch|p2a: Pecharunt|Pecharunt|100/100
|switch|p1a: Gliscor|Gliscor, F|81/100 tox
|
|-heal|p1a: Gliscor|93/100 tox|[from] ability: Poison Heal
|upkeep
|turn|18
|
|t:|1758378074
|move|p1a: Gliscor|Swords Dance|p1a: Gliscor
|-boost|p1a: Gliscor|atk|2
|move|p2a: Pecharunt|Parting Shot|p1a: Gliscor
|-unboost|p1a: Gliscor|atk|1
|-unboost|p1a: Gliscor|spa|1
|
|t:|1758378089
|switch|p2a: Zamazenta|Zamazenta|100/100|[from] Parting Shot
|-ability|p2a: Zamazenta|Dauntless Shield|boost
|-boost|p2a: Zamazenta|def|1
|
|-heal|p1a: Gliscor|100/100 tox|[from] ability: Poison Heal
|upkeep
|turn|19
|
|t:|1758378096
|move|p1a: Gliscor|Protect|p1a: Gliscor
|-singleturn|p1a: Gliscor|Protect
|move|p2a: Zamazenta|Ice Fang|p1a: Gliscor
|-activate|p1a: Gliscor|move: Protect
|
|upkeep
|turn|20
|
|t:|1758378102
|switch|p1a: Toxapex|Toxapex, M|100/100 brn
|move|p2a: Zamazenta|Close Combat|p1a: Toxapex
|-resisted|p1a: Toxapex
|-damage|p1a: Toxapex|77/100 brn
|-unboost|p2a: Zamazenta|def|1
|-unboost|p2a: Zamazenta|spd|1
|
|-heal|p1a: Toxapex|83/100 brn|[from] item: Leftovers
|-damage|p1a: Toxapex|77/100 brn|[from] brn
|upkeep
|turn|21
|
|t:|1758378114
|switch|p2a: Pecharunt|Pecharunt|100/100
|move|p1a: Toxapex|Toxic|p2a: Pecharunt
|-immune|p2a: Pecharunt
|
|-heal|p1a: Toxapex|83/100 brn|[from] item: Leftovers
|-damage|p1a: Toxapex|77/100 brn|[from] brn
|upkeep
|turn|22
|
|t:|1758378118
|switch|p1a: Blissey|Blissey, F|100/100
|move|p2a: Pecharunt|Parting Shot|p1a: Blissey
|-unboost|p1a: Blissey|atk|1
|-unboost|p1a: Blissey|spa|1
|
|t:|1758378121
|switch|p2a: Cinderace|Cinderace, F|72/100 psn|[from] Parting Shot
|
|-damage|p2a: Cinderace|59/100 psn|[from] psn
|upkeep
|turn|23
|
|t:|1758378125
|switch|p1a: Toxapex|Toxapex, M|100/100 brn
|move|p2a: Cinderace|Will-O-Wisp|p1a: Toxapex
|-fail|p1a: Toxapex|brn
|
|-damage|p2a: Cinderace|47/100 psn|[from] psn
|-damage|p1a: Toxapex|95/100 brn|[from] brn
|upkeep
|turn|24
|
|t:|1758378135
|switch|p2a: Pecharunt|Pecharunt|100/100
|move|p1a: Toxapex|Baneful Bunker||[still]
|-fail|p1a: Toxapex
|
|-heal|p1a: Toxapex|100/100 brn|[from] item: Leftovers
|-damage|p1a: Toxapex|95/100 brn|[from] brn
|upkeep
|turn|25
|
|t:|1758378140
|switch|p2a: Tornadus|Tornadus-Therian, M|83/100
|switch|p1a: Corviknight|Corviknight, F|95/100
|-ability|p1a: Corviknight|Pressure
|
|upkeep
|turn|26
|
|t:|1758378148
|switch|p1a: Gliscor|Gliscor, F|100/100 tox
|move|p2a: Tornadus|Taunt|p1a: Gliscor
|-start|p1a: Gliscor|move: Taunt
|
|upkeep
|turn|27
|
|t:|1758378158
|move|p2a: Tornadus|Bleakwind Storm|p1a: Gliscor
|-damage|p1a: Gliscor|44/100 tox
|move|p1a: Gliscor|Knock Off|p2a: Tornadus
|-damage|p2a: Tornadus|63/100
|
|-heal|p1a: Gliscor|57/100 tox|[from] ability: Poison Heal
|upkeep
|turn|28
|
|t:|1758378166
|switch|p1a: Corviknight|Corviknight, F|95/100
|-ability|p1a: Corviknight|Pressure
|move|p2a: Tornadus|Knock Off|p1a: Corviknight
|-damage|p1a: Corviknight|81/100
|-damage|p2a: Tornadus|46/100|[from] item: Rocky Helmet|[of] p1a: Corviknight
|-enditem|p1a: Corviknight|Rocky Helmet|[from] move: Knock Off|[of] p2a: Tornadus
|
|upkeep
|turn|29
|
|t:|1758378175
|switch|p2a: Ting-Lu|Ting-Lu|100/100
|-ability|p2a: Ting-Lu|Vessel of Ruin
|move|p1a: Corviknight|Body Press|p2a: Ting-Lu
|-supereffective|p2a: Ting-Lu
|-damage|p2a: Ting-Lu|70/100
|
|-heal|p2a: Ting-Lu|76/100|[from] item: Leftovers
|upkeep
|turn|30
|
|t:|1758378190
|move|p1a: Corviknight|Iron Defense|p1a: Corviknight
|-boost|p1a: Corviknight|def|2
|move|p2a: Ting-Lu|Stealth Rock|p1a: Corviknight
|-sidestart|p1: Eiio|move: Stealth Rock
|
|-heal|p2a: Ting-Lu|83/100|[from] item: Leftovers
|upkeep
|turn|31
|
|t:|1758378195
|switch|p2a: Gholdengo|Gholdengo|100/100
|move|p1a: Corviknight|Defog|p2a: Gholdengo
|-immune|p2a: Gholdengo|[from] ability: Good as Gold
|
|upkeep
|turn|32
|
|t:|1758378199
|switch|p1a: Blissey|Blissey, F|100/100
|-damage|p1a: Blissey|88/100|[from] Stealth Rock
|move|p2a: Gholdengo|Nasty Plot|p2a: Gholdengo
|-boost|p2a: Gholdengo|spa|2
|
|-heal|p1a: Blissey|94/100|[from] item: Leftovers
|upkeep
|turn|33
|
|t:|1758378207
|move|p2a: Gholdengo|Nasty Plot|p2a: Gholdengo
|-boost|p2a: Gholdengo|spa|2
|move|p1a: Blissey|Stealth Rock|p2a: Gholdengo
|-sidestart|p2: 0ddish0ne|move: Stealth Rock
|
|-heal|p1a: Blissey|99/100|[from] item: Leftovers
|upkeep
|turn|34
|
|t:|1758378213
|-terastallize|p2a: Gholdengo|Steel
|move|p2a: Gholdengo|Make It Rain|p1a: Blissey
|-damage|p1a: Blissey|7/100
|-unboost|p2a: Gholdengo|spa|1
|move|p1a: Blissey|Calm Mind|p1a: Blissey
|-boost|p1a: Blissey|spa|1
|-boost|p1a: Blissey|spd|1
|
|-heal|p1a: Blissey|13/100|[from] item: Leftovers
|upkeep
|turn|35
|
|t:|1758378231
|switch|p1a: Toxapex|Toxapex, M|100/100 brn
|-damage|p1a: Toxapex|88/100 brn|[from] Stealth Rock
|move|p2a: Gholdengo|Make It Rain|p1a: Toxapex
|-resisted|p1a: Toxapex
|-damage|p1a: Toxapex|12/100 brn
|-unboost|p2a: Gholdengo|spa|1
|
|-heal|p1a: Toxapex|18/100 brn|[from] item: Leftovers
|-damage|p1a: Toxapex|12/100 brn|[from] brn
|upkeep
|turn|36
|
|t:|1758378254
|switch|p1a: Quagsire|Quagsire, F|100/100
|-damage|p1a: Quagsire|94/100|[from] Stealth Rock
|move|p2a: Gholdengo|Make It Rain|p1a: Quagsire
|-resisted|p1a: Quagsire
|-damage|p1a: Quagsire|33/100
|-unboost|p2a: Gholdengo|spa|1
|
|-heal|p1a: Quagsire|39/100|[from] item: Leftovers
|upkeep
|turn|37
|inactive|Eiio has 120 seconds left.
|
|t:|1758378269
|switch|p1a: Toxapex|Toxapex, M|45/100 brn
|-damage|p1a: Toxapex|33/100 brn|[from] Stealth Rock
|move|p2a: Gholdengo|Nasty Plot|p2a: Gholdengo
|-boost|p2a: Gholdengo|spa|2
|
|-heal|p1a: Toxapex|39/100 brn|[from] item: Leftovers
|-damage|p1a: Toxapex|33/100 brn|[from] brn
|upkeep
|turn|38
|
|t:|1758378276
|move|p1a: Toxapex|Baneful Bunker|p1a: Toxapex
|-singleturn|p1a: Toxapex|move: Protect
|move|p2a: Gholdengo|Make It Rain|p1a: Toxapex
|-activate|p1a: Toxapex|move: Protect
|
|-heal|p1a: Toxapex|39/100 brn|[from] item: Leftovers
|-damage|p1a: Toxapex|33/100 brn|[from] brn
|upkeep
|turn|39
|inactive|Eiio has 120 seconds left.
|
|t:|1758378303
|switch|p1a: Quagsire|Quagsire, F|39/100
|-damage|p1a: Quagsire|33/100|[from] Stealth Rock
|move|p2a: Gholdengo|Nasty Plot|p2a: Gholdengo
|-boost|p2a: Gholdengo|spa|2
|
|-heal|p1a: Quagsire|39/100|[from] item: Leftovers
|upkeep
|turn|40
|
|t:|1758378309
|move|p2a: Gholdengo|Shadow Ball|p1a: Quagsire
|-damage|p1a: Quagsire|0 fnt
|faint|p1a: Quagsire
|
|upkeep
|
|t:|1758378325
|switch|p1a: Toxapex|Toxapex, M|66/100 brn
|-damage|p1a: Toxapex|54/100 brn|[from] Stealth Rock
|turn|41
|
|t:|1758378331
|move|p2a: Gholdengo|Shadow Ball|p1a: Toxapex
|-damage|p1a: Toxapex|0 fnt
|faint|p1a: Toxapex
|
|upkeep
|
|t:|1758378334
|switch|p1a: Blissey|Blissey, F|13/100
|-damage|p1a: Blissey|0 fnt|[from] Stealth Rock
|faint|p1a: Blissey
|
|t:|1758378336
|switch|p1a: Corviknight|Corviknight, F|81/100
|-damage|p1a: Corviknight|69/100|[from] Stealth Rock
|-ability|p1a: Corviknight|Pressure
|turn|42
|
|t:|1758378339
|move|p2a: Gholdengo|Shadow Ball|p1a: Corviknight
|-damage|p1a: Corviknight|0 fnt
|faint|p1a: Corviknight
|
|upkeep
|
|t:|1758378341
|switch|p1a: Gliscor|Gliscor, F|57/100 tox
|-damage|p1a: Gliscor|44/100 tox|[from] Stealth Rock
|turn|43
|
|t:|1758378343
|move|p1a: Gliscor|Knock Off|p2a: Gholdengo
|-damage|p2a: Gholdengo|75/100
|-enditem|p2a: Gholdengo|Iron Plate|[from] move: Knock Off|[of] p1a: Gliscor
|move|p2a: Gholdengo|Shadow Ball|p1a: Gliscor
|-damage|p1a: Gliscor|0 fnt
|faint|p1a: Gliscor
|
|upkeep
|c|☆0ddish0ne|Gg
|
|t:|1758378349
|switch|p1a: Weezing|Weezing-Galar, F|100/100
|-ability|p1a: Weezing|Neutralizing Gas
|-damage|p1a: Weezing|88/100|[from] Stealth Rock
|turn|44
|
|t:|1758378352
|-terastallize|p1a: Weezing|Ghost
|move|p2a: Gholdengo|Make It Rain|p1a: Weezing
|-damage|p1a: Weezing|0 fnt
|-unboost|p2a: Gholdengo|spa|1
|faint|p1a: Weezing
|-end|p1a: Weezing|ability: Neutralizing Gas
|
|win|0ddish0ne
|raw|Eiio's rating: 1577 &rarr; <strong>1556</strong><br />(-21 for losing)
|raw|0ddish0ne's rating: 1563 &rarr; <strong>1584</strong><br />(+21 for winning)
|l|☆Eiio
|player|p1|
|l|☆0ddish0ne
|player|p2|
