|j|☆Gerryop
|j|☆Oosugsagnjkd
|t:|1758290835
|gametype|singles
|player|p1|Gerryop|101|1139
|player|p2|Oosugsagnjkd|pokemonrangerf|1150
|gen|9
|tier|[Gen 9] OU
|rated|
|rule|HP Percentage Mod: HP is shown in percentages
|rule|Endless Battle Clause: Forcing endless battles is banned
|rule|Species Clause: Limit one of each Pokémon
|rule|OHKO Clause: OHKO moves are banned
|rule|Evasion Items Clause: Evasion items are banned
|rule|Evasion Moves Clause: Evasion moves are banned
|rule|Evasion Abilities Clause: Evasion abilities are banned
|rule|Sleep Moves Clause: Sleep-inducing moves are banned
|clearpoke
|poke|p1|Alomomola, F|
|poke|p1|Goodra-Hisui, M|
|poke|p1|Fezandipiti, M|
|poke|p1|Gastrodon-East, F|
|poke|p1|Corviknight, M|
|poke|p1|Skeledirge, M|
|poke|p2|Brambleghast, M|
|poke|p2|Kilowattrel, F|
|poke|p2|Dachsbun, F|
|poke|p2|Pelipper, M|
|poke|p2|Avalugg, M|
|poke|p2|Forretress, F|
|teampreview
|
|t:|1758290851
|teamsize|p1|6
|teamsize|p2|6
|start
|switch|p1a: Fezandipiti|Fezandipiti, M|100/100
|switch|p2a: Forretress|Forretress, F|100/100
|turn|1
|inactive|Battle timer is ON: inactive players will automatically lose when time's up. (requested by Oosugsagnjkd)
|
|t:|1758290860
|move|p1a: Fezandipiti|U-turn|p2a: Forretress
|-resisted|p2a: Forretress
|-damage|p2a: Forretress|95/100
|
|t:|1758290863
|switch|p1a: Corviknight|Corviknight, M|100/100|[from] U-turn
|-ability|p1a: Corviknight|Pressure
|move|p2a: Forretress|Lunge|p1a: Corviknight
|-resisted|p1a: Corviknight
|-damage|p1a: Corviknight|92/100
|-unboost|p1a: Corviknight|atk|1
|
|upkeep
|turn|2
|
|t:|1758290875
|switch|p2a: Pelipper|Pelipper, M, shiny|100/100
|-weather|RainDance|[from] ability: Drizzle|[of] p2a: Pelipper
|move|p1a: Corviknight|Drill Peck|p2a: Pelipper
|-damage|p2a: Pelipper|81/100
|
|-weather|RainDance|[upkeep]
|upkeep
|turn|3
|
|t:|1758290886
|switch|p1a: Fezandipiti|Fezandipiti, M|100/100
|move|p2a: Pelipper|Hurricane|p1a: Fezandipiti
|-damage|p1a: Fezandipiti|77/100
|
|-weather|RainDance|[upkeep]
|-heal|p1a: Fezandipiti|83/100|[from] item: Leftovers
|upkeep
|turn|4
|
|t:|1758290895
|move|p2a: Pelipper|U-turn|p1a: Fezandipiti
|-resisted|p1a: Fezandipiti
|-damage|p1a: Fezandipiti|81/100
|
|t:|1758290900
|switch|p2a: Forretress|Forretress, F|95/100|[from] U-turn
|move|p1a: Fezandipiti|Play Rough|p2a: Forretress
|-resisted|p2a: Forretress
|-crit|p2a: Forretress
|-damage|p2a: Forretress|78/100
|
|-weather|RainDance|[upkeep]
|-heal|p1a: Fezandipiti|87/100|[from] item: Leftovers
|upkeep
|turn|5
|
|t:|1758290911
|move|p1a: Fezandipiti|U-turn|p2a: Forretress
|-resisted|p2a: Forretress
|-damage|p2a: Forretress|73/100
|
|t:|1758290914
|switch|p1a: Alomomola|Alomomola, F|100/100|[from] U-turn
|move|p2a: Forretress|Lunge|p1a: Alomomola
|-damage|p1a: Alomomola|69/100
|-unboost|p1a: Alomomola|atk|1
|-damage|p2a: Forretress|56/100|[from] item: Rocky Helmet|[of] p1a: Alomomola
|
|-weather|RainDance|[upkeep]
|upkeep
|turn|6
|
|t:|1758290924
|switch|p2a: Kilowattrel|Kilowattrel, F|100/100
|move|p1a: Alomomola|Flip Turn|p2a: Kilowattrel
|-damage|p2a: Kilowattrel|68/100
|
|t:|1758290930
|switch|p1a: Fezandipiti|Fezandipiti, M|87/100|[from] Flip Turn
|
|-weather|RainDance|[upkeep]
|-heal|p1a: Fezandipiti|93/100|[from] item: Leftovers
|upkeep
|turn|7
|
|t:|1758290944
|switch|p2a: Avalugg|Avalugg, M, shiny|100/100
|move|p1a: Fezandipiti|Play Rough|p2a: Avalugg|[miss]
|-miss|p1a: Fezandipiti|p2a: Avalugg
|
|-weather|RainDance|[upkeep]
|-heal|p1a: Fezandipiti|99/100|[from] item: Leftovers
|upkeep
|turn|8
|
|t:|1758290954
|move|p1a: Fezandipiti|U-turn|p2a: Avalugg
|-damage|p2a: Avalugg|94/100
|
|t:|1758290958
|switch|p1a: Alomomola|Alomomola, F|100/100|[from] U-turn
|move|p2a: Avalugg|Recover|p2a: Avalugg
|-heal|p2a: Avalugg|100/100
|
|-weather|RainDance|[upkeep]
|upkeep
|turn|9
|
|t:|1758290966
|switch|p2a: Brambleghast|Brambleghast, M|100/100
|move|p1a: Alomomola|Wish|p1a: Alomomola
|
|-weather|none
|upkeep
|turn|10
|
|t:|1758290972
|move|p2a: Brambleghast|Rapid Spin|p1a: Alomomola
|-damage|p1a: Alomomola|92/100
|-boost|p2a: Brambleghast|spe|1
|-damage|p2a: Brambleghast|84/100|[from] item: Rocky Helmet|[of] p1a: Alomomola
|move|p1a: Alomomola|Flip Turn|p2a: Brambleghast
|-resisted|p2a: Brambleghast
|-damage|p2a: Brambleghast|68/100
|
|t:|1758290981
|switch|p1a: Fezandipiti|Fezandipiti, M|99/100|[from] Flip Turn
|
|-heal|p1a: Fezandipiti|100/100|[from] move: Wish|[wisher] Alomomola
|upkeep
|turn|11
|
|t:|1758290987
|move|p2a: Brambleghast|Strength Sap|p1a: Fezandipiti
|-unboost|p1a: Fezandipiti|atk|1
|-heal|p2a: Brambleghast|100/100
|move|p1a: Fezandipiti|Beat Up|p2a: Brambleghast
|-supereffective|p2a: Brambleghast
|-damage|p2a: Brambleghast|93/100
|-status|p2a: Brambleghast|tox|[from] ability: Toxic Chain|[of] p1a: Fezandipiti
|-supereffective|p2a: Brambleghast
|-damage|p2a: Brambleghast|85/100 tox
|-supereffective|p2a: Brambleghast
|-damage|p2a: Brambleghast|78/100 tox
|-supereffective|p2a: Brambleghast
|-damage|p2a: Brambleghast|70/100 tox
|-supereffective|p2a: Brambleghast
|-damage|p2a: Brambleghast|62/100 tox
|-supereffective|p2a: Brambleghast
|-crit|p2a: Brambleghast
|-damage|p2a: Brambleghast|46/100 tox
|-hitcount|p2a: Brambleghast|6
|
|-damage|p2a: Brambleghast|40/100 tox|[from] psn
|upkeep
|turn|12
|
|t:|1758291006
|move|p2a: Brambleghast|Strength Sap|p1a: Fezandipiti
|-unboost|p1a: Fezandipiti|atk|1
|-heal|p2a: Brambleghast|100/100 tox
|move|p1a: Fezandipiti|Beat Up|p2a: Brambleghast
|-supereffective|p2a: Brambleghast
|-damage|p2a: Brambleghast|94/100 tox
|-supereffective|p2a: Brambleghast
|-damage|p2a: Brambleghast|87/100 tox
|-supereffective|p2a: Brambleghast
|-damage|p2a: Brambleghast|82/100 tox
|-supereffective|p2a: Brambleghast
|-damage|p2a: Brambleghast|76/100 tox
|-supereffective|p2a: Brambleghast
|-damage|p2a: Brambleghast|70/100 tox
|-supereffective|p2a: Brambleghast
|-damage|p2a: Brambleghast|65/100 tox
|-hitcount|p2a: Brambleghast|6
|
|-damage|p2a: Brambleghast|53/100 tox|[from] psn
|upkeep
|turn|13
|
|t:|1758291023
|switch|p2a: Pelipper|Pelipper, M, shiny|81/100
|-weather|RainDance|[from] ability: Drizzle|[of] p2a: Pelipper
|move|p1a: Fezandipiti|Beat Up|p2a: Pelipper
|-damage|p2a: Pelipper|78/100
|-damage|p2a: Pelipper|76/100
|-damage|p2a: Pelipper|75/100
|-status|p2a: Pelipper|tox|[from] ability: Toxic Chain|[of] p1a: Fezandipiti
|-damage|p2a: Pelipper|72/100 tox
|-damage|p2a: Pelipper|70/100 tox
|-damage|p2a: Pelipper|68/100 tox
|-hitcount|p2a: Pelipper|6
|
|-weather|RainDance|[upkeep]
|-damage|p2a: Pelipper|62/100 tox|[from] psn
|upkeep
|turn|14
|
|t:|1758291039
|move|p2a: Pelipper|Roost|p2a: Pelipper
|-heal|p2a: Pelipper|100/100 tox
|-singleturn|p2a: Pelipper|move: Roost
|move|p1a: Fezandipiti|U-turn|p2a: Pelipper
|-damage|p2a: Pelipper|91/100 tox
|inactive|Gerryop has 120 seconds left.
|
|t:|1758291049
|switch|p1a: Goodra|Goodra-Hisui, M|100/100|[from] U-turn
|
|-weather|RainDance|[upkeep]
|-damage|p2a: Pelipper|79/100 tox|[from] psn
|upkeep
|turn|15
|
|t:|1758291059
|move|p2a: Pelipper|U-turn|p1a: Goodra
|-resisted|p1a: Goodra
|-damage|p1a: Goodra|97/100
|
|t:|1758291062
|switch|p2a: Avalugg|Avalugg, M, shiny|100/100|[from] U-turn
|move|p1a: Goodra|Curse|p1a: Goodra
|-unboost|p1a: Goodra|spe|1
|-boost|p1a: Goodra|atk|1
|-boost|p1a: Goodra|def|1
|
|-weather|RainDance|[upkeep]
|-heal|p1a: Goodra|100/100|[from] item: Leftovers
|upkeep
|turn|16
|
|t:|1758291073
|move|p1a: Goodra|Curse|p1a: Goodra
|-unboost|p1a: Goodra|spe|1
|-boost|p1a: Goodra|atk|1
|-boost|p1a: Goodra|def|1
|move|p2a: Avalugg|Curse|p2a: Avalugg
|-unboost|p2a: Avalugg|spe|1
|-boost|p2a: Avalugg|atk|1
|-boost|p2a: Avalugg|def|1
|
|-weather|RainDance|[upkeep]
|upkeep
|turn|17
|
|t:|1758291083
|move|p1a: Goodra|Curse|p1a: Goodra
|-unboost|p1a: Goodra|spe|1
|-boost|p1a: Goodra|atk|1
|-boost|p1a: Goodra|def|1
|move|p2a: Avalugg|Curse|p2a: Avalugg
|-unboost|p2a: Avalugg|spe|1
|-boost|p2a: Avalugg|atk|1
|-boost|p2a: Avalugg|def|1
|
|-weather|RainDance|[upkeep]
|upkeep
|turn|18
|
|t:|1758291093
|move|p2a: Avalugg|Curse|p2a: Avalugg
|-unboost|p2a: Avalugg|spe|1
|-boost|p2a: Avalugg|atk|1
|-boost|p2a: Avalugg|def|1
|move|p1a: Goodra|Dragon Tail|p2a: Avalugg
|-damage|p2a: Avalugg|91/100
|drag|p2a: Pelipper|Pelipper, M, shiny|79/100 tox
|
|-weather|RainDance|[upkeep]
|-damage|p2a: Pelipper|73/100 tox|[from] psn
|upkeep
|turn|19
|
|t:|1758291104
|move|p2a: Pelipper|U-turn|p1a: Goodra
|-resisted|p1a: Goodra
|-damage|p1a: Goodra|99/100
|
|t:|1758291107
|switch|p2a: Avalugg|Avalugg, M, shiny|91/100|[from] U-turn
|move|p1a: Goodra|Dragon Tail|p2a: Avalugg
|-damage|p2a: Avalugg|68/100
|drag|p2a: Forretress|Forretress, F|56/100
|
|-weather|RainDance|[upkeep]
|-heal|p1a: Goodra|100/100|[from] item: Leftovers
|upkeep
|turn|20
|
|t:|1758291118
|move|p2a: Forretress|Ice Spinner|p1a: Goodra
|-damage|p1a: Goodra|88/100
|move|p1a: Goodra|Dragon Tail|p2a: Forretress
|-resisted|p2a: Forretress
|-damage|p2a: Forretress|38/100
|drag|p2a: Avalugg|Avalugg, M, shiny|68/100
|
|-weather|none
|-heal|p2a: Avalugg|74/100|[from] item: Leftovers
|-heal|p1a: Goodra|94/100|[from] item: Leftovers
|upkeep
|turn|21
|
|t:|1758291128
|switch|p2a: Dachsbun|Dachsbun, F|100/100
|move|p1a: Goodra|Dragon Tail|p2a: Dachsbun
|-immune|p2a: Dachsbun
|
|-heal|p1a: Goodra|99/100|[from] item: Leftovers
|upkeep
|turn|22
|
|t:|1758291136
|-terastallize|p2a: Dachsbun|Steel
|move|p1a: Goodra|Heavy Slam|p2a: Dachsbun
|-resisted|p2a: Dachsbun
|-damage|p2a: Dachsbun|47/100
|move|p2a: Dachsbun|Roar|p1a: Goodra
|drag|p1a: Alomomola|Alomomola, F|100/100
|
|-heal|p2a: Dachsbun|54/100|[from] item: Leftovers
|upkeep
|turn|23
|
|t:|1758291147
|move|p2a: Dachsbun|Wish|p2a: Dachsbun
|move|p1a: Alomomola|Flip Turn|p2a: Dachsbun
|-damage|p2a: Dachsbun|37/100
|
|t:|1758291156
|switch|p1a: Gastrodon|Gastrodon-East, F|100/100|[from] Flip Turn
|
|-heal|p2a: Dachsbun|43/100|[from] item: Leftovers
|upkeep
|turn|24
|
|t:|1758291162
|switch|p2a: Pelipper|Pelipper, M, shiny|73/100 tox
|-weather|RainDance|[from] ability: Drizzle|[of] p2a: Pelipper
|move|p1a: Gastrodon|Earthquake|p2a: Pelipper
|-immune|p2a: Pelipper
|
|-weather|RainDance|[upkeep]
|-heal|p2a: Pelipper|100/100 tox|[from] move: Wish|[wisher] Dachsbun
|-damage|p2a: Pelipper|94/100 tox|[from] psn
|upkeep
|turn|25
|
|t:|1758291173
|move|p2a: Pelipper|U-turn|p1a: Gastrodon
|-damage|p1a: Gastrodon|92/100
|
|t:|1758291176
|switch|p2a: Brambleghast|Brambleghast, M|53/100 tox|[from] U-turn
|move|p1a: Gastrodon|Ice Beam|p2a: Brambleghast
|-supereffective|p2a: Brambleghast
|-damage|p2a: Brambleghast|0 fnt
|faint|p2a: Brambleghast
|
|-weather|RainDance|[upkeep]
|-heal|p1a: Gastrodon|98/100|[from] item: Leftovers
|upkeep
|-message|Oosugsagnjkd forfeited.
|
|win|Gerryop
|raw|Gerryop's rating: 1139 &rarr; <strong>1165</strong><br />(+26 for winning)
|raw|Oosugsagnjkd's rating: 1150 &rarr; <strong>1124</strong><br />(-26 for losing)
|l|☆Oosugsagnjkd
|player|p2|
|l|☆Gerryop
|player|p1|
