|j|☆Iamashit8
|j|☆ay cheu
|t:|1758353591
|gametype|singles
|player|p1|Iamashit8|102|1490
|player|p2|ay cheu|riley|1477
|gen|9
|tier|[Gen 9] OU
|rated|
|rule|HP Percentage Mod: HP is shown in percentages
|rule|Endless Battle Clause: Forcing endless battles is banned
|rule|Species Clause: Limit one of each Pokémon
|rule|OHKO Clause: OHKO moves are banned
|rule|Evasion Items Clause: Evasion items are banned
|rule|Evasion Moves Clause: Evasion moves are banned
|rule|Evasion Abilities Clause: Evasion abilities are banned
|rule|Sleep Moves Clause: Sleep-inducing moves are banned
|clearpoke
|poke|p1|Gholdengo|
|poke|p1|Ting-Lu|
|poke|p1|Dragonite, M|
|poke|p1|Zamazenta-*|
|poke|p1|Clefable, M|
|poke|p1|Deoxys-Speed|
|poke|p2|Arcanine-Hisui, M|
|poke|p2|Zapdos-Galar|
|poke|p2|Metagross|
|poke|p2|Milotic, F|
|poke|p2|Venusaur, F|
|poke|p2|Sandy Shocks|
|teampreview
|inactive|Battle timer is ON: inactive players will automatically lose when time's up. (requested by ay cheu)
|
|t:|1758353607
|teamsize|p1|6
|teamsize|p2|6
|start
|switch|p1a: Deoxys|Deoxys-Speed|100/100
|switch|p2a: Milotic|Milotic, F, shiny|100/100
|-ability|p1a: Deoxys|Pressure
|turn|1
|
|t:|1758353617
|move|p1a: Deoxys|Thunderbolt|p2a: Milotic
|-supereffective|p2a: Milotic
|-damage|p2a: Milotic|72/100
|move|p2a: Milotic|Scald|p1a: Deoxys
|-damage|p1a: Deoxys|61/100
|-status|p1a: Deoxys|brn
|
|-heal|p2a: Milotic|78/100|[from] item: Leftovers
|-damage|p1a: Deoxys|55/100 brn|[from] brn
|upkeep
|turn|2
|
|t:|1758353630
|switch|p1a: Gholdengo|Gholdengo|100/100
|move|p2a: Milotic|Alluring Voice|p1a: Gholdengo
|-resisted|p1a: Gholdengo
|-damage|p1a: Gholdengo|93/100
|
|-heal|p2a: Milotic|84/100|[from] item: Leftovers
|upkeep
|turn|3
|
|t:|1758353646
|move|p1a: Gholdengo|Nasty Plot|p1a: Gholdengo
|-boost|p1a: Gholdengo|spa|2
|move|p2a: Milotic|Flip Turn|p1a: Gholdengo
|-damage|p1a: Gholdengo|84/100
|
|t:|1758353659
|switch|p2a: Sandy Shocks|Sandy Shocks|100/100|[from] Flip Turn
|
|upkeep
|turn|4
|
|t:|1758353667
|switch|p1a: Ting-Lu|Ting-Lu|100/100
|-ability|p1a: Ting-Lu|Vessel of Ruin
|move|p2a: Sandy Shocks|Volt Switch|p1a: Ting-Lu
|-immune|p1a: Ting-Lu
|
|upkeep
|turn|5
|
|t:|1758353674
|move|p2a: Sandy Shocks|Spikes|p1a: Ting-Lu
|-sidestart|p1: Iamashit8|Spikes
|move|p1a: Ting-Lu|Spikes|p2a: Sandy Shocks
|-sidestart|p2: ay cheu|Spikes
|
|upkeep
|turn|6
|
|t:|1758353687
|-terastallize|p2a: Sandy Shocks|Ice
|move|p2a: Sandy Shocks|Tera Blast|p1a: Ting-Lu|[anim] Tera Blast Ice
|-supereffective|p1a: Ting-Lu
|-damage|p1a: Ting-Lu|59/100
|-damage|p2a: Sandy Shocks|91/100|[from] item: Life Orb
|move|p1a: Ting-Lu|Spikes|p2a: Sandy Shocks
|-sidestart|p2: ay cheu|Spikes
|
|-heal|p1a: Ting-Lu|65/100|[from] item: Leftovers
|upkeep
|turn|7
|
|t:|1758353715
|switch|p1a: Zamazenta|Zamazenta|100/100
|-ability|p1a: Zamazenta|Dauntless Shield|boost
|-boost|p1a: Zamazenta|def|1
|move|p2a: Sandy Shocks|Spikes|p1a: Zamazenta
|-sidestart|p1: Iamashit8|Spikes
|
|upkeep
|turn|8
|
|t:|1758353725
|-end|p2a: Sandy Shocks|Protosynthesis|[silent]
|switch|p2a: Venusaur|Venusaur, F|100/100
|move|p1a: Zamazenta|Close Combat|p2a: Venusaur
|-resisted|p2a: Venusaur
|-damage|p2a: Venusaur|79/100
|-unboost|p1a: Zamazenta|def|1
|-unboost|p1a: Zamazenta|spd|1
|
|upkeep
|turn|9
|
|t:|1758353745
|switch|p1a: Gholdengo|Gholdengo|84/100
|move|p2a: Venusaur|Sunny Day|p2a: Venusaur
|-weather|SunnyDay
|
|-weather|SunnyDay|[upkeep]
|upkeep
|turn|10
|inactive|Iamashit8 has 120 seconds left.
|
|t:|1758353763
|move|p2a: Venusaur|Weather Ball|p1a: Gholdengo
|-supereffective|p1a: Gholdengo
|-damage|p1a: Gholdengo|26/100
|move|p1a: Gholdengo|Make It Rain|p2a: Venusaur
|-damage|p2a: Venusaur|30/100
|-unboost|p1a: Gholdengo|spa|1
|
|-weather|SunnyDay|[upkeep]
|upkeep
|turn|11
|
|t:|1758353770
|switch|p1a: Dragonite|Dragonite, M|100/100
|move|p2a: Venusaur|Synthesis|p2a: Venusaur
|-heal|p2a: Venusaur|97/100
|
|-weather|SunnyDay|[upkeep]
|upkeep
|turn|12
|
|t:|1758353777
|move|p2a: Venusaur|Sludge Bomb|p1a: Dragonite
|-damage|p1a: Dragonite|88/100
|-status|p1a: Dragonite|psn
|move|p1a: Dragonite|Dragon Tail|p2a: Venusaur|[miss]
|-miss|p1a: Dragonite|p2a: Venusaur
|
|-weather|SunnyDay|[upkeep]
|-damage|p1a: Dragonite|75/100 psn|[from] psn
|upkeep
|turn|13
|
|t:|1758353783
|move|p2a: Venusaur|Sludge Bomb|p1a: Dragonite
|-damage|p1a: Dragonite|46/100 psn
|move|p1a: Dragonite|Dragon Tail|p2a: Venusaur
|-damage|p2a: Venusaur|69/100
|drag|p2a: Sandy Shocks|Sandy Shocks, tera:Ice|91/100
|-damage|p2a: Sandy Shocks|74/100|[from] Spikes
|-activate|p2a: Sandy Shocks|ability: Protosynthesis
|-start|p2a: Sandy Shocks|protosynthesisspe
|
|-weather|none
|-end|p2a: Sandy Shocks|Protosynthesis
|-damage|p1a: Dragonite|33/100 psn|[from] psn
|upkeep
|turn|14
|
|t:|1758353791
|move|p2a: Sandy Shocks|Spikes|p1a: Dragonite
|-sidestart|p1: Iamashit8|Spikes
|move|p1a: Dragonite|Roost|p1a: Dragonite
|-heal|p1a: Dragonite|84/100 psn
|-singleturn|p1a: Dragonite|move: Roost
|
|-damage|p1a: Dragonite|71/100 psn|[from] psn
|upkeep
|turn|15
|
|t:|1758353794
|-terastallize|p1a: Dragonite|Normal
|move|p1a: Dragonite|Extreme Speed|p2a: Sandy Shocks
|-damage|p2a: Sandy Shocks|24/100
|move|p2a: Sandy Shocks|Tera Blast|p1a: Dragonite|[anim] Tera Blast Ice
|-damage|p1a: Dragonite|26/100 psn
|-damage|p2a: Sandy Shocks|14/100|[from] item: Life Orb
|
|-damage|p1a: Dragonite|14/100 psn|[from] psn
|upkeep
|turn|16
|
|t:|1758353802
|-end|p2a: Sandy Shocks|Protosynthesis|[silent]
|switch|p2a: Metagross|Metagross, shiny|100/100
|-damage|p2a: Metagross|84/100|[from] Spikes
|move|p1a: Dragonite|Extreme Speed|p2a: Metagross
|-resisted|p2a: Metagross
|-damage|p2a: Metagross|70/100
|-damage|p1a: Dragonite|0 fnt|[from] item: Rocky Helmet|[of] p2a: Metagross
|faint|p1a: Dragonite
|
|upkeep
|
|t:|1758353820
|switch|p1a: Gholdengo|Gholdengo|26/100
|turn|17
|
|t:|1758353825
|move|p1a: Gholdengo|Recover|p1a: Gholdengo
|-heal|p1a: Gholdengo|76/100
|move|p2a: Metagross|Stealth Rock|p1a: Gholdengo
|-sidestart|p1: Iamashit8|move: Stealth Rock
|
|upkeep
|turn|18
|
|t:|1758353828
|switch|p2a: Milotic|Milotic, F, shiny|84/100
|-damage|p2a: Milotic|67/100|[from] Spikes
|move|p1a: Gholdengo|Recover|p1a: Gholdengo
|-heal|p1a: Gholdengo|100/100
|
|-heal|p2a: Milotic|73/100|[from] item: Leftovers
|upkeep
|turn|19
|
|t:|1758353831
|move|p1a: Gholdengo|Nasty Plot|p1a: Gholdengo
|-boost|p1a: Gholdengo|spa|2
|move|p2a: Milotic|Scald|p1a: Gholdengo
|-damage|p1a: Gholdengo|76/100
|
|-heal|p2a: Milotic|79/100|[from] item: Leftovers
|upkeep
|turn|20
|
|t:|1758353841
|move|p1a: Gholdengo|Shadow Ball|p2a: Milotic
|-damage|p2a: Milotic|39/100
|move|p2a: Milotic|Flip Turn|p1a: Gholdengo
|-damage|p1a: Gholdengo|68/100
|
|t:|1758353847
|switch|p2a: 灰灰|Arcanine-Hisui, M|100/100|[from] Flip Turn
|-damage|p2a: 灰灰|84/100|[from] Spikes
|
|upkeep
|turn|21
|
|t:|1758353854
|switch|p1a: Clefable|Clefable, M|100/100
|move|p2a: 灰灰|Flare Blitz|p1a: Clefable
|-damage|p1a: Clefable|39/100
|-damage|p2a: 灰灰|67/100|[from] item: Rocky Helmet|[of] p1a: Clefable
|
|upkeep
|turn|22
|
|t:|1758353859
|move|p2a: 灰灰|Flare Blitz|p1a: Clefable
|-damage|p1a: Clefable|0 fnt
|-damage|p2a: 灰灰|50/100|[from] item: Rocky Helmet|[of] p1a: Clefable
|faint|p1a: Clefable
|
|upkeep
|
|t:|1758353862
|switch|p1a: Deoxys|Deoxys-Speed|55/100 brn
|-ability|p1a: Deoxys|Pressure
|turn|23
|
|t:|1758353878
|switch|p1a: Zamazenta|Zamazenta|100/100
|switch|p2a: Metagross|Metagross, shiny|70/100
|-damage|p2a: Metagross|54/100|[from] Spikes
|
|upkeep
|turn|24
|
|t:|1758353881
|move|p1a: Zamazenta|Crunch|p2a: Metagross
|-supereffective|p2a: Metagross
|-damage|p2a: Metagross|26/100
|-damage|p1a: Zamazenta|84/100|[from] item: Rocky Helmet|[of] p2a: Metagross
|move|p2a: Metagross|Psychic Noise|p1a: Zamazenta
|-supereffective|p1a: Zamazenta
|-damage|p1a: Zamazenta|39/100
|-start|p1a: Zamazenta|move: Heal Block
|
|upkeep
|turn|25
|
|t:|1758353891
|switch|p1a: Gholdengo|Gholdengo|68/100
|move|p2a: Metagross|Psychic Noise|p1a: Gholdengo
|-resisted|p1a: Gholdengo
|-damage|p1a: Gholdengo|56/100
|-start|p1a: Gholdengo|move: Heal Block
|
|upkeep
|turn|26
|
|t:|1758353897
|switch|p2a: Sandy Shocks|Sandy Shocks, tera:Ice|14/100
|-damage|p2a: Sandy Shocks|0 fnt|[from] Spikes
|faint|p2a: Sandy Shocks
|-end|p2a: Sandy Shocks|Protosynthesis|[silent]
|move|p1a: Gholdengo|Shadow Ball|p2: Sandy Shocks|[notarget]
|-fail|p1a: Gholdengo
|
|-end|p1a: Gholdengo|move: Heal Block
|upkeep
|
|t:|1758353899
|switch|p2a: 灰灰|Arcanine-Hisui, M|50/100
|-damage|p2a: 灰灰|34/100|[from] Spikes
|turn|27
|
|t:|1758353913
|switch|p1a: Ting-Lu|Ting-Lu|65/100
|-damage|p1a: Ting-Lu|40/100|[from] Spikes
|-damage|p1a: Ting-Lu|34/100|[from] Stealth Rock
|-ability|p1a: Ting-Lu|Vessel of Ruin
|move|p2a: 灰灰|Flare Blitz|p1a: Ting-Lu
|-damage|p1a: Ting-Lu|0 fnt
|faint|p1a: Ting-Lu
|
|upkeep
|
|t:|1758353915
|switch|p1a: Deoxys|Deoxys-Speed|55/100 brn
|-ability|p1a: Deoxys|Pressure
|turn|28
|
|t:|1758353928
|switch|p2a: Metagross|Metagross, shiny|26/100
|-damage|p2a: Metagross|9/100|[from] Spikes
|move|p1a: Deoxys|Thunderbolt|p2a: Metagross
|-damage|p2a: Metagross|0 fnt
|faint|p2a: Metagross
|
|-damage|p1a: Deoxys|49/100 brn|[from] brn
|upkeep
|
|t:|1758353934
|switch|p2a: Milotic|Milotic, F, shiny|39/100
|-damage|p2a: Milotic|22/100|[from] Spikes
|turn|29
|
|t:|1758353936
|move|p1a: Deoxys|Thunderbolt|p2a: Milotic
|-supereffective|p2a: Milotic
|-damage|p2a: Milotic|0 fnt
|faint|p2a: Milotic
|
|-damage|p1a: Deoxys|43/100 brn|[from] brn
|upkeep
|
|t:|1758353943
|switch|p2a: 灰灰|Arcanine-Hisui, M|34/100
|-damage|p2a: 灰灰|17/100|[from] Spikes
|turn|30
|
|t:|1758353953
|switch|p1a: Zamazenta|Zamazenta|39/100
|move|p2a: 灰灰|Flare Blitz|p1a: Zamazenta
|-damage|p1a: Zamazenta|0 fnt
|faint|p1a: Zamazenta
|
|upkeep
|
|t:|1758353957
|switch|p1a: Deoxys|Deoxys-Speed|43/100 brn
|-ability|p1a: Deoxys|Pressure
|turn|31
|
|t:|1758353965
|switch|p2a: Venusaur|Venusaur, F|69/100
|move|p1a: Deoxys|Thunderbolt|p2a: Venusaur
|-resisted|p2a: Venusaur
|-damage|p2a: Venusaur|56/100
|-status|p2a: Venusaur|par
|
|-damage|p1a: Deoxys|37/100 brn|[from] brn
|upkeep
|turn|32
|
|t:|1758353970
|move|p1a: Deoxys|Psycho Boost|p2a: Venusaur|[miss]
|-miss|p1a: Deoxys|p2a: Venusaur
|move|p2a: Venusaur|Sludge Bomb|p1a: Deoxys
|-damage|p1a: Deoxys|0 fnt
|faint|p1a: Deoxys
|
|upkeep
|
|t:|1758353972
|switch|p1a: Gholdengo|Gholdengo|56/100
|turn|33
|
|t:|1758353995
|move|p1a: Gholdengo|Shadow Ball|p2a: Venusaur
|-damage|p2a: Venusaur|22/100 par
|move|p2a: Venusaur|Sunny Day|p2a: Venusaur
|-weather|SunnyDay
|
|-weather|SunnyDay|[upkeep]
|upkeep
|turn|34
|
|t:|1758353999
|move|p1a: Gholdengo|Shadow Ball|p2a: Venusaur
|-damage|p2a: Venusaur|0 fnt
|faint|p2a: Venusaur
|
|-weather|SunnyDay|[upkeep]
|upkeep
|
|t:|1758354002
|switch|p2a: 灰灰|Arcanine-Hisui, M|17/100
|-damage|p2a: 灰灰|0 fnt|[from] Spikes
|faint|p2a: 灰灰
|
|t:|1758354005
|switch|p2a: 火|Zapdos-Galar|100/100
|turn|35
|
|t:|1758354007
|move|p2a: 火|Knock Off|p1a: Gholdengo
|-supereffective|p1a: Gholdengo
|-damage|p1a: Gholdengo|7/100
|-enditem|p1a: Gholdengo|Heavy-Duty Boots|[from] move: Knock Off|[of] p2a: 火
|move|p1a: Gholdengo|Recover|p1a: Gholdengo
|-heal|p1a: Gholdengo|57/100
|
|-weather|SunnyDay|[upkeep]
|upkeep
|turn|36
|
|t:|1758354011
|move|p2a: 火|Knock Off|p1a: Gholdengo
|-supereffective|p1a: Gholdengo
|-damage|p1a: Gholdengo|24/100
|move|p1a: Gholdengo|Recover|p1a: Gholdengo
|-heal|p1a: Gholdengo|75/100
|
|-weather|SunnyDay|[upkeep]
|upkeep
|turn|37
|
|t:|1758354015
|move|p2a: 火|Knock Off|p1a: Gholdengo
|-supereffective|p1a: Gholdengo
|-damage|p1a: Gholdengo|44/100
|move|p1a: Gholdengo|Recover|p1a: Gholdengo
|-heal|p1a: Gholdengo|94/100
|
|-weather|none
|upkeep
|turn|38
|
|t:|1758354019
|move|p2a: 火|Knock Off|p1a: Gholdengo
|-supereffective|p1a: Gholdengo
|-damage|p1a: Gholdengo|61/100
|move|p1a: Gholdengo|Shadow Ball|p2a: 火
|-damage|p2a: 火|62/100
|-unboost|p2a: 火|spd|1
|-ability|p2a: 火|Defiant|boost
|-boost|p2a: 火|atk|2
|
|upkeep
|turn|39
|
|t:|1758354023
|move|p2a: 火|Knock Off|p1a: Gholdengo
|-supereffective|p1a: Gholdengo
|-damage|p1a: Gholdengo|0 fnt
|faint|p1a: Gholdengo
|
|win|ay cheu
|raw|Iamashit8's rating: 1490 &rarr; <strong>1469</strong><br />(-21 for losing)
|raw|ay cheu's rating: 1477 &rarr; <strong>1498</strong><br />(+21 for winning)
|l|☆Iamashit8
|player|p1|
