|j|☆chaomei_shen
|j|☆yfwm
|t:|1758254606
|gametype|singles
|player|p1|chaomei_shen|102|1350
|player|p2|yfwm|169|1336
|gen|9
|tier|[Gen 9] OU
|rated|
|rule|HP Percentage Mod: HP is shown in percentages
|rule|Endless Battle Clause: Forcing endless battles is banned
|rule|Species Clause: Limit one of each Pokémon
|rule|OHKO Clause: OHKO moves are banned
|rule|Evasion Items Clause: Evasion items are banned
|rule|Evasion Moves Clause: Evasion moves are banned
|rule|Evasion Abilities Clause: Evasion abilities are banned
|rule|Sleep Moves Clause: Sleep-inducing moves are banned
|clearpoke
|poke|p1|Torkoal, F|
|poke|p1|Charizard, M|
|poke|p1|Cinderace, F|
|poke|p1|Alomomola, M|
|poke|p1|Walking Wake|
|poke|p1|Regidrago|
|poke|p2|Walking Wake|
|poke|p2|Ninetales, M|
|poke|p2|Landorus-Therian, M|
|poke|p2|Raging Bolt|
|poke|p2|Zamazenta-*|
|poke|p2|Slowking-Galar, M|
|teampreview
|inactive|Battle timer is ON: inactive players will automatically lose when time's up. (requested by yfwm)
|
|t:|1758254622
|teamsize|p1|6
|teamsize|p2|6
|start
|switch|p1a: Regidrago|Regidrago|100/100
|switch|p2a: Walking Wake|Walking Wake|100/100
|turn|1
|
|t:|1758254626
|-terastallize|p2a: Walking Wake|Water
|move|p1a: Regidrago|Dragon Energy|p2a: Walking Wake
|-damage|p2a: Walking Wake|0 fnt
|faint|p2a: Walking Wake
|-end|p2a: Walking Wake|Protosynthesis|[silent]
|
|upkeep
|
|t:|1758254638
|switch|p2a: Slowking|Slowking-Galar, M|100/100
|turn|2
|
|t:|1758254646
|move|p1a: Regidrago|Dragon Energy|p2a: Slowking
|-damage|p2a: Slowking|44/100
|move|p2a: Slowking|Thunder Wave|p1a: Regidrago
|-status|p1a: Regidrago|par
|
|upkeep
|turn|3
|
|t:|1758254652
|switch|p2a: Landorus|Landorus-Therian, M|100/100
|-ability|p2a: Landorus|Intimidate|boost
|-unboost|p1a: Regidrago|atk|1
|move|p1a: Regidrago|Dragon Energy|p2a: Landorus
|-damage|p2a: Landorus|16/100
|-enditem|p2a: Landorus|Sitrus Berry|[eat]
|-heal|p2a: Landorus|41/100|[from] item: Sitrus Berry
|
|upkeep
|turn|4
|
|t:|1758254667
|switch|p1a: Alomomola|Alomomola, M|100/100
|move|p2a: Landorus|Earthquake|p1a: Alomomola
|-damage|p1a: Alomomola|74/100
|
|upkeep
|turn|5
|
|t:|1758254673
|move|p2a: Landorus|U-turn|p1a: Alomomola
|-damage|p1a: Alomomola|61/100
|-damage|p2a: Landorus|25/100|[from] item: Rocky Helmet|[of] p1a: Alomomola
|
|t:|1758254680
|switch|p2a: Zamazenta|Zamazenta|100/100|[from] U-turn
|-ability|p2a: Zamazenta|Dauntless Shield|boost
|-boost|p2a: Zamazenta|def|1
|move|p1a: Alomomola|Healing Wish|p1a: Alomomola
|faint|p1a: Alomomola
|
|upkeep
|
|t:|1758254683
|switch|p1a: Regidrago|Regidrago|100/100 par
|-heal|p1a: Regidrago|100/100|[from] move: Healing Wish
|turn|6
|
|t:|1758254689
|-terastallize|p1a: Regidrago|Dragon
|move|p1a: Regidrago|Dragon Energy|p2a: Zamazenta
|-damage|p2a: Zamazenta|0 fnt
|faint|p2a: Zamazenta
|
|upkeep
|
|t:|1758254694
|switch|p2a: Slowking|Slowking-Galar, M|77/100
|turn|7
|-message|yfwm forfeited.
|
|win|chaomei_shen
|raw|chaomei_shen's rating: 1350 &rarr; <strong>1369</strong><br />(+19 for winning)
|raw|yfwm's rating: 1336 &rarr; <strong>1317</strong><br />(-19 for losing)
|l|☆yfwm
|player|p2|
|l|☆chaomei_shen
|player|p1|
