|j|☆Flapjack Hero
|j|☆Labooble
|t:|1758373353
|gametype|singles
|player|p1|Flapjack Hero|2|1540
|player|p2|Labooble|266|1541
|gen|9
|tier|[Gen 9] OU
|rated|
|rule|HP Percentage Mod: HP is shown in percentages
|rule|Endless Battle Clause: Forcing endless battles is banned
|rule|Species Clause: Limit one of each Pokémon
|rule|OHKO Clause: OHKO moves are banned
|rule|Evasion Items Clause: Evasion items are banned
|rule|Evasion Moves Clause: Evasion moves are banned
|rule|Evasion Abilities Clause: Evasion abilities are banned
|rule|Sleep Moves Clause: Sleep-inducing moves are banned
|clearpoke
|poke|p1|Great Tusk|
|poke|p1|Ceruledge, M|
|poke|p1|Hatterene, F|
|poke|p1|Ninetales, F|
|poke|p1|Venusaur, F|
|poke|p1|Walking Wake|
|poke|p2|Toxapex, M|
|poke|p2|Fezandipiti, M|
|poke|p2|Moltres|
|poke|p2|Kyurem|
|poke|p2|Dragapult, M|
|poke|p2|Primarina, F|
|teampreview
|
|t:|1758373359
|teamsize|p1|6
|teamsize|p2|6
|start
|switch|p1a: Ninetales|Ninetales, F|100/100
|switch|p2a: Fezandipiti|Fezandipiti, M|100/100
|-weather|SunnyDay|[from] ability: Drought|[of] p1a: Ninetales
|turn|1
|
|t:|1758373368
|switch|p1a: Venusaur|Venusaur, F|100/100
|move|p2a: Fezandipiti|Beat Up|p1a: Venusaur
|-damage|p1a: Venusaur|97/100
|-crit|p1a: Venusaur
|-damage|p1a: Venusaur|92/100
|-damage|p1a: Venusaur|87/100
|-damage|p1a: Venusaur|82/100
|-damage|p1a: Venusaur|77/100
|-damage|p1a: Venusaur|73/100
|-hitcount|p1a: Venusaur|6
|
|-weather|SunnyDay|[upkeep]
|upkeep
|turn|2
|
|t:|1758373373
|move|p1a: Venusaur|Sludge Bomb|p2a: Fezandipiti
|-damage|p2a: Fezandipiti|80/100
|-damage|p1a: Venusaur|63/100|[from] item: Life Orb
|move|p2a: Fezandipiti|Gunk Shot|p1a: Venusaur|[miss]
|-miss|p2a: Fezandipiti|p1a: Venusaur
|
|-weather|SunnyDay|[upkeep]
|upkeep
|turn|3
|
|t:|1758373378
|switch|p1a: Great Tusk|Great Tusk|100/100
|-activate|p1a: Great Tusk|ability: Protosynthesis
|-start|p1a: Great Tusk|protosynthesisspe
|move|p2a: Fezandipiti|Gunk Shot|p1a: Great Tusk
|-resisted|p1a: Great Tusk
|-damage|p1a: Great Tusk|88/100
|
|-weather|SunnyDay|[upkeep]
|upkeep
|turn|4
|
|t:|1758373381
|switch|p2a: Moltres|Moltres|100/100
|move|p1a: Great Tusk|Headlong Rush|p2a: Moltres
|-immune|p2a: Moltres
|
|-weather|SunnyDay|[upkeep]
|upkeep
|turn|5
|
|t:|1758373384
|move|p1a: Great Tusk|Stealth Rock|p2a: Moltres
|-sidestart|p2: Labooble|move: Stealth Rock
|move|p2a: Moltres|Flamethrower|p1a: Great Tusk
|-damage|p1a: Great Tusk|0 fnt
|faint|p1a: Great Tusk
|-end|p1a: Great Tusk|Protosynthesis|[silent]
|
|-weather|SunnyDay|[upkeep]
|upkeep
|
|t:|1758373390
|switch|p1a: Walking Wake|Walking Wake|100/100
|-activate|p1a: Walking Wake|ability: Protosynthesis
|-start|p1a: Walking Wake|protosynthesisspa
|turn|6
|
|t:|1758373395
|switch|p2a: Toxapex|Toxapex, M|100/100
|-damage|p2a: Toxapex|88/100|[from] Stealth Rock
|move|p1a: Walking Wake|Hydro Steam|p2a: Toxapex
|-resisted|p2a: Toxapex
|-damage|p2a: Toxapex|32/100
|
|-weather|SunnyDay|[upkeep]
|upkeep
|turn|7
|
|t:|1758373401
|move|p1a: Walking Wake|Hydro Steam|p2a: Toxapex
|-resisted|p2a: Toxapex
|-damage|p2a: Toxapex|0 fnt
|faint|p2a: Toxapex
|
|-weather|SunnyDay|[upkeep]
|upkeep
|
|t:|1758373404
|switch|p2a: Primarina|Primarina, F|100/100
|-damage|p2a: Primarina|88/100|[from] Stealth Rock
|turn|8
|
|t:|1758373411
|-end|p1a: Walking Wake|Protosynthesis|[silent]
|switch|p1a: Venusaur|Venusaur, F|63/100
|switch|p2a: Moltres|Moltres|100/100
|
|-weather|none
|upkeep
|turn|9
|
|t:|1758373417
|switch|p1a: Ninetales|Ninetales, F|100/100
|-weather|SunnyDay|[from] ability: Drought|[of] p1a: Ninetales
|move|p2a: Moltres|Scorching Sands|p1a: Ninetales
|-supereffective|p1a: Ninetales
|-damage|p1a: Ninetales|49/100
|
|-weather|SunnyDay|[upkeep]
|upkeep
|turn|10
|
|t:|1758373421
|switch|p1a: Hatterene|Hatterene, F|100/100
|move|p2a: Moltres|Scorching Sands|p1a: Hatterene
|-damage|p1a: Hatterene|75/100
|-enditem|p1a: Hatterene|Eject Button
|
|t:|1758373424
|switch|p1a: Walking Wake|Walking Wake|100/100
|-activate|p1a: Walking Wake|ability: Protosynthesis
|-start|p1a: Walking Wake|protosynthesisspa
|
|-weather|SunnyDay|[upkeep]
|upkeep
|turn|11
|
|t:|1758373432
|move|p1a: Walking Wake|Hydro Steam|p2a: Moltres
|-supereffective|p2a: Moltres
|-damage|p2a: Moltres|0 fnt
|faint|p2a: Moltres
|
|-weather|SunnyDay|[upkeep]
|upkeep
|
|t:|1758373437
|switch|p2a: Dragapult|Dragapult, M|100/100
|-damage|p2a: Dragapult|88/100|[from] Stealth Rock
|turn|12
|
|t:|1758373445
|-end|p1a: Walking Wake|Protosynthesis|[silent]
|switch|p1a: Hatterene|Hatterene, F|75/100
|-terastallize|p2a: Dragapult|Dragon
|move|p2a: Dragapult|Dragon Darts|p1a: Hatterene
|-immune|p1a: Hatterene
|
|-weather|SunnyDay|[upkeep]
|upkeep
|turn|13
|
|t:|1758373460
|switch|p2a: Fezandipiti|Fezandipiti, M|80/100
|-damage|p2a: Fezandipiti|68/100|[from] Stealth Rock
|move|p1a: Hatterene|Nuzzle|p2a: Fezandipiti
|-damage|p2a: Fezandipiti|63/100
|-status|p2a: Fezandipiti|par
|
|-weather|SunnyDay|[upkeep]
|upkeep
|turn|14
|
|t:|1758373469
|cant|p2a: Fezandipiti|par
|move|p1a: Hatterene|Psychic Noise|p2a: Fezandipiti
|-supereffective|p2a: Fezandipiti
|-damage|p2a: Fezandipiti|41/100 par
|-start|p2a: Fezandipiti|move: Heal Block
|
|-weather|SunnyDay|[upkeep]
|upkeep
|turn|15
|
|t:|1758373477
|cant|p2a: Fezandipiti|par
|move|p1a: Hatterene|Psychic Noise|p2a: Fezandipiti
|-supereffective|p2a: Fezandipiti
|-damage|p2a: Fezandipiti|15/100 par
|
|-weather|SunnyDay|[upkeep]
|-end|p2a: Fezandipiti|move: Heal Block
|upkeep
|turn|16
|
|t:|1758373479
|move|p2a: Fezandipiti|Gunk Shot|p1a: Hatterene
|-supereffective|p1a: Hatterene
|-damage|p1a: Hatterene|11/100
|-status|p1a: Hatterene|tox|[from] ability: Toxic Chain|[of] p2a: Fezandipiti
|move|p1a: Hatterene|Psychic Noise|p2a: Fezandipiti
|-supereffective|p2a: Fezandipiti
|-damage|p2a: Fezandipiti|0 fnt
|faint|p2a: Fezandipiti
|
|-weather|none
|-damage|p1a: Hatterene|5/100 tox|[from] psn
|upkeep
|
|t:|1758373488
|switch|p2a: Kyurem|Kyurem|100/100
|-ability|p2a: Kyurem|Pressure
|turn|17
|
|t:|1758373496
|move|p2a: Kyurem|Earth Power|p1a: Hatterene
|-damage|p1a: Hatterene|0 fnt
|faint|p1a: Hatterene
|
|upkeep
|
|t:|1758373500
|switch|p1a: Ninetales|Ninetales, F|49/100
|-weather|SunnyDay|[from] ability: Drought|[of] p1a: Ninetales
|turn|18
|
|t:|1758373509
|move|p1a: Ninetales|Flamethrower|p2a: Kyurem
|-damage|p2a: Kyurem|61/100
|move|p2a: Kyurem|Earth Power|p1a: Ninetales
|-supereffective|p1a: Ninetales
|-damage|p1a: Ninetales|0 fnt
|faint|p1a: Ninetales
|
|-weather|SunnyDay|[upkeep]
|upkeep
|
|t:|1758373512
|switch|p1a: Venusaur|Venusaur, F|63/100
|turn|19
|
|t:|1758373519
|-terastallize|p1a: Venusaur|Fire
|move|p1a: Venusaur|Weather Ball|p2a: Kyurem
|-damage|p2a: Kyurem|0 fnt
|faint|p2a: Kyurem
|-damage|p1a: Venusaur|53/100|[from] item: Life Orb
|
|-weather|SunnyDay|[upkeep]
|upkeep
|
|t:|1758373523
|switch|p2a: Dragapult|Dragapult, M, tera:Dragon|88/100
|-damage|p2a: Dragapult|76/100|[from] Stealth Rock
|turn|20
|
|t:|1758373526
|move|p2a: Dragapult|Dragon Darts|p1a: Venusaur
|-damage|p1a: Venusaur|8/100
|-anim|p2a: Dragapult|Dragon Darts|p1a: Venusaur
|-damage|p1a: Venusaur|0 fnt
|faint|p1a: Venusaur
|
|-weather|SunnyDay|[upkeep]
|upkeep
|
|t:|1758373529
|switch|p1a: Ceruledge|Ceruledge, M|100/100
|turn|21
|
|t:|1758373533
|move|p2a: Dragapult|Dragon Darts|p1a: Ceruledge
|-damage|p1a: Ceruledge|46/100
|-ability|p1a: Ceruledge|Weak Armor|boost
|-unboost|p1a: Ceruledge|def|1
|-boost|p1a: Ceruledge|spe|2
|-anim|p2a: Dragapult|Dragon Darts|p1a: Ceruledge
|-damage|p1a: Ceruledge|0 fnt
|faint|p1a: Ceruledge
|
|-weather|SunnyDay|[upkeep]
|upkeep
|-message|Flapjack Hero forfeited.
|
|win|Labooble
|raw|Flapjack Hero's rating: 1540 &rarr; <strong>1520</strong><br />(-20 for losing)
|raw|Labooble's rating: 1541 &rarr; <strong>1561</strong><br />(+20 for winning)
|l|☆Flapjack Hero
|player|p1|
|l|☆Labooble
|player|p2|
