|j|☆Sezonac
|j|☆MyGoodBuddyMason
|t:|1758283742
|gametype|singles
|player|p1|Sezonac|pokefan|1355
|player|p2|MyGoodBuddyMason|ghetsis|1330
|gen|9
|tier|[Gen 9] OU
|rated|
|rule|HP Percentage Mod: HP is shown in percentages
|rule|Endless Battle Clause: Forcing endless battles is banned
|rule|Species Clause: Limit one of each Pokémon
|rule|OHKO Clause: OHKO moves are banned
|rule|Evasion Items Clause: Evasion items are banned
|rule|Evasion Moves Clause: Evasion moves are banned
|rule|Evasion Abilities Clause: Evasion abilities are banned
|rule|Sleep Moves Clause: Sleep-inducing moves are banned
|clearpoke
|poke|p1|Glimmora, M|
|poke|p1|Gholdengo|
|poke|p1|Kingambit, M|
|poke|p1|Dragonite, M|
|poke|p1|Iron Valiant|
|poke|p1|Iron Moth|
|poke|p2|Zapdos|
|poke|p2|Eiscue, M|
|poke|p2|Empoleon, M|
|poke|p2|Garchomp, F|
|poke|p2|Donphan, M|
|poke|p2|Lokix, M|
|teampreview
|inactive|Battle timer is ON: inactive players will automatically lose when time's up. (requested by Sezonac)
|inactive|Sezonac has 120 seconds left.
|
|t:|1758283799
|teamsize|p1|6
|teamsize|p2|6
|start
|switch|p1a: Glimmora|Glimmora, M|100/100
|switch|p2a: Steel Beam Enjoyer|Empoleon, M|100/100
|turn|1
|inactive|Sezonac has 120 seconds left.
|
|t:|1758283832
|move|p1a: Glimmora|Stealth Rock|p2a: Steel Beam Enjoyer
|-sidestart|p2: MyGoodBuddyMason|move: Stealth Rock
|move|p2a: Steel Beam Enjoyer|Surf|p1a: Glimmora
|-supereffective|p1a: Glimmora
|-damage|p1a: Glimmora|11/100
|
|upkeep
|turn|2
|
|t:|1758283850
|move|p1a: Glimmora|Spikes|p2a: Steel Beam Enjoyer
|-sidestart|p2: MyGoodBuddyMason|Spikes
|move|p2a: Steel Beam Enjoyer|Flip Turn|p1a: Glimmora
|-supereffective|p1a: Glimmora
|-damage|p1a: Glimmora|0 fnt
|-activate|p1a: Glimmora|ability: Toxic Debris
|-sidestart|p2: MyGoodBuddyMason|move: Toxic Spikes
|faint|p1a: Glimmora
|
|t:|1758283866
|switch|p2a: Shock Tuah|Zapdos|100/100|[from] Flip Turn
|
|upkeep
|
|t:|1758283879
|switch|p1a: Gholdengo|Gholdengo|100/100
|turn|3
|
|t:|1758283884
|move|p1a: Gholdengo|Trick|p2a: Shock Tuah
|-activate|p1a: Gholdengo|move: Trick|[of] p2a: Shock Tuah
|-item|p2a: Shock Tuah|Choice Scarf|[from] move: Trick
|-item|p1a: Gholdengo|Heavy-Duty Boots|[from] move: Trick
|move|p2a: Shock Tuah|Discharge|p1a: Gholdengo
|-damage|p1a: Gholdengo|60/100
|
|upkeep
|turn|4
|
|t:|1758283895
|move|p2a: Shock Tuah|Discharge|p1a: Gholdengo
|-damage|p1a: Gholdengo|19/100
|move|p1a: Gholdengo|Shadow Ball|p2a: Shock Tuah
|-damage|p2a: Shock Tuah|61/100
|
|upkeep
|turn|5
|
|t:|1758283903
|switch|p1a: Iron Moth|Iron Moth|100/100
|-enditem|p1a: Iron Moth|Booster Energy
|-activate|p1a: Iron Moth|ability: Quark Drive|[fromitem]
|-start|p1a: Iron Moth|quarkdrivespa
|move|p2a: Shock Tuah|Discharge|p1a: Iron Moth
|-damage|p1a: Iron Moth|67/100
|
|upkeep
|turn|6
|
|t:|1758283912
|move|p2a: Shock Tuah|Discharge|p1a: Iron Moth
|-damage|p1a: Iron Moth|31/100
|-status|p1a: Iron Moth|par
|move|p1a: Iron Moth|Sludge Wave|p2a: Shock Tuah
|-damage|p2a: Shock Tuah|0 fnt
|faint|p2a: Shock Tuah
|
|upkeep
|
|t:|1758283933
|switch|p2a: Long Snout|Donphan, M, shiny|100/100
|turn|7
|
|t:|1758283959
|-end|p1a: Iron Moth|Quark Drive|[silent]
|switch|p1a: Gholdengo|Gholdengo|19/100
|move|p2a: Long Snout|Earthquake|p1a: Gholdengo
|-supereffective|p1a: Gholdengo
|-damage|p1a: Gholdengo|0 fnt
|faint|p1a: Gholdengo
|
|upkeep
|
|t:|1758283966
|switch|p1a: Iron Valiant|Iron Valiant|100/100
|-enditem|p1a: Iron Valiant|Booster Energy
|-activate|p1a: Iron Valiant|ability: Quark Drive|[fromitem]
|-start|p1a: Iron Valiant|quarkdrivespe
|turn|8
|
|t:|1758283972
|-terastallize|p1a: Iron Valiant|Fairy
|move|p1a: Iron Valiant|Spirit Break|p2a: Long Snout
|-damage|p2a: Long Snout|66/100
|-unboost|p2a: Long Snout|spa|1
|move|p2a: Long Snout|Rapid Spin|p1a: Iron Valiant
|-damage|p1a: Iron Valiant|79/100
|-boost|p2a: Long Snout|spe|1
|-sideend|p2: MyGoodBuddyMason|Spikes|[from] move: Rapid Spin|[of] p2a: Long Snout
|-sideend|p2: MyGoodBuddyMason|Toxic Spikes|[from] move: Rapid Spin|[of] p2a: Long Snout
|-sideend|p2: MyGoodBuddyMason|Stealth Rock|[from] move: Rapid Spin|[of] p2a: Long Snout
|
|upkeep
|turn|9
|
|t:|1758283988
|move|p1a: Iron Valiant|Close Combat|p2a: Long Snout
|-damage|p2a: Long Snout|21/100
|-unboost|p1a: Iron Valiant|def|1
|-unboost|p1a: Iron Valiant|spd|1
|move|p2a: Long Snout|Earthquake|p1a: Iron Valiant
|-damage|p1a: Iron Valiant|0 fnt
|faint|p1a: Iron Valiant
|-end|p1a: Iron Valiant|Quark Drive|[silent]
|
|upkeep
|
|t:|1758283996
|switch|p1a: Iron Moth|Iron Moth|31/100 par
|turn|10
|
|t:|1758283999
|move|p2a: Long Snout|Earthquake|p1a: Iron Moth
|-supereffective|p1a: Iron Moth
|-damage|p1a: Iron Moth|0 fnt
|faint|p1a: Iron Moth
|-end|p1a: Iron Moth|Quark Drive|[silent]
|
|upkeep
|
|t:|1758284003
|switch|p1a: Dragonite|Dragonite, M|100/100
|turn|11
|
|t:|1758284011
|move|p2a: Long Snout|Ice Shard|p1a: Dragonite
|-supereffective|p1a: Dragonite
|-damage|p1a: Dragonite|74/100
|move|p1a: Dragonite|Dragon Dance|p1a: Dragonite
|-boost|p1a: Dragonite|atk|1
|-boost|p1a: Dragonite|spe|1
|
|upkeep
|turn|12
|
|t:|1758284019
|move|p1a: Dragonite|Extreme Speed|p2a: Long Snout
|-crit|p2a: Long Snout
|-damage|p2a: Long Snout|0 fnt
|faint|p2a: Long Snout
|
|upkeep
|
|t:|1758284022
|switch|p2a: Mr. Freeze|Eiscue, M|100/100
|turn|13
|
|t:|1758284026
|move|p1a: Dragonite|Earthquake|p2a: Mr. Freeze
|-activate|p2a: Mr. Freeze|ability: Ice Face
|-damage|p2a: Mr. Freeze|100/100
|detailschange|p2a: Mr. Freeze|Eiscue-Noice, M
|move|p2a: Mr. Freeze|Freeze-Dry|p1a: Dragonite
|-supereffective|p1a: Dragonite
|-damage|p1a: Dragonite|0 fnt
|faint|p1a: Dragonite
|
|upkeep
|
|t:|1758284035
|switch|p1a: Kingambit|Kingambit, M|100/100
|-activate|p1a: Kingambit|ability: Supreme Overlord
|-start|p1a: Kingambit|fallen5|[silent]
|turn|14
|
|t:|1758284039
|move|p2a: Mr. Freeze|Snowscape|p2a: Mr. Freeze
|-weather|Snowscape
|-activate|p2a: Mr. Freeze|ability: Ice Face
|detailschange|p2a: Mr. Freeze|Eiscue, M
|move|p1a: Kingambit|Swords Dance|p1a: Kingambit
|-boost|p1a: Kingambit|atk|2
|
|-weather|Snowscape|[upkeep]
|upkeep
|turn|15
|
|t:|1758284050
|move|p1a: Kingambit|Sucker Punch||[still]
|-fail|p1a: Kingambit
|move|p2a: Mr. Freeze|Feather Dance|p1a: Kingambit
|-unboost|p1a: Kingambit|atk|2
|
|-weather|Snowscape|[upkeep]
|upkeep
|turn|16
|
|t:|1758284056
|move|p2a: Mr. Freeze|Feather Dance|p1a: Kingambit
|-unboost|p1a: Kingambit|atk|2
|move|p1a: Kingambit|Iron Head|p2a: Mr. Freeze
|-activate|p2a: Mr. Freeze|ability: Ice Face
|-damage|p2a: Mr. Freeze|100/100
|-damage|p1a: Kingambit|84/100|[from] item: Rocky Helmet|[of] p2a: Mr. Freeze
|detailschange|p2a: Mr. Freeze|Eiscue-Noice, M
|
|-weather|Snowscape|[upkeep]
|-heal|p1a: Kingambit|90/100|[from] item: Leftovers
|upkeep
|turn|17
|
|t:|1758284067
|move|p2a: Mr. Freeze|Flip Turn|p1a: Kingambit
|-damage|p1a: Kingambit|83/100
|
|t:|1758284070
|switch|p2a: Sharkry|Garchomp, F|100/100|[from] Flip Turn
|move|p1a: Kingambit|Iron Head|p2a: Sharkry
|-damage|p2a: Sharkry|80/100
|-damage|p1a: Kingambit|70/100|[from] ability: Rough Skin|[of] p2a: Sharkry
|-damage|p1a: Kingambit|54/100|[from] item: Rocky Helmet|[of] p2a: Sharkry
|
|-weather|Snowscape|[upkeep]
|-heal|p1a: Kingambit|60/100|[from] item: Leftovers
|upkeep
|turn|18
|-message|Sezonac forfeited.
|
|win|MyGoodBuddyMason
|raw|Sezonac's rating: 1355 &rarr; <strong>1334</strong><br />(-21 for losing)
|raw|MyGoodBuddyMason's rating: 1330 &rarr; <strong>1351</strong><br />(+21 for winning)
|l|☆Sezonac
|player|p1|
|l|☆MyGoodBuddyMason
|player|p2|
