|j|☆romesjones
|j|☆BlueDash
|t:|1758349291
|gametype|singles
|player|p1|romesjones|170|1383
|player|p2|BlueDash|shadowtriad|1350
|gen|9
|tier|[Gen 9] OU
|rated|
|rule|HP Percentage Mod: HP is shown in percentages
|rule|Endless Battle Clause: Forcing endless battles is banned
|rule|Species Clause: Limit one of each Pokémon
|rule|OHKO Clause: OHKO moves are banned
|rule|Evasion Items Clause: Evasion items are banned
|rule|Evasion Moves Clause: Evasion moves are banned
|rule|Evasion Abilities Clause: Evasion abilities are banned
|rule|Sleep Moves Clause: Sleep-inducing moves are banned
|clearpoke
|poke|p1|Primarina, M|
|poke|p1|Great Tusk|
|poke|p1|Kingambit, M|
|poke|p1|Slowking-Galar, F|
|poke|p1|Ogerpon, F|
|poke|p1|Enamorus, F|
|poke|p2|Sinistcha-Masterpiece|
|poke|p2|Donphan, M|
|poke|p2|Braviary-Hisui, M|
|poke|p2|Grimmsnarl, M|
|poke|p2|Dragonite, M|
|poke|p2|Samurott-Hisui, M|
|teampreview
|inactive|Battle timer is ON: inactive players will automatically lose when time's up. (requested by BlueDash)
|
|t:|1758349308
|teamsize|p1|6
|teamsize|p2|6
|start
|switch|p1a: Gabatron|Primarina, M|100/100
|switch|p2a: Samurott|Samurott-Hisui, M|100/100
|turn|1
|
|t:|1758349311
|move|p2a: Samurott|Flip Turn|p1a: Gabatron
|-resisted|p1a: Gabatron
|-damage|p1a: Gabatron|79/100
|
|t:|1758349312
|switch|p2a: Grimmsnarl|Grimmsnarl, M|100/100|[from] Flip Turn
|move|p1a: Gabatron|Psychic Noise|p2a: Grimmsnarl
|-damage|p2a: Grimmsnarl|69/100
|-start|p2a: Grimmsnarl|move: Heal Block
|
|-heal|p1a: Gabatron|85/100|[from] item: Leftovers
|upkeep
|turn|2
|
|t:|1758349320
|move|p2a: Grimmsnarl|Light Screen|p2a: Grimmsnarl
|-sidestart|p2: BlueDash|move: Light Screen
|move|p1a: Gabatron|Moonblast|p2a: Grimmsnarl
|-supereffective|p2a: Grimmsnarl
|-damage|p2a: Grimmsnarl|27/100
|
|-heal|p1a: Gabatron|91/100|[from] item: Leftovers
|-end|p2a: Grimmsnarl|move: Heal Block
|upkeep
|turn|3
|
|t:|1758349326
|move|p2a: Grimmsnarl|Reflect|p2a: Grimmsnarl
|-sidestart|p2: BlueDash|Reflect
|move|p1a: Gabatron|Whirlpool|p2a: Grimmsnarl
|-damage|p2a: Grimmsnarl|19/100
|-activate|p2a: Grimmsnarl|move: Whirlpool|[of] p1a: Gabatron
|
|-heal|p1a: Gabatron|97/100|[from] item: Leftovers
|-damage|p2a: Grimmsnarl|6/100|[from] move: Whirlpool|[partiallytrapped]
|upkeep
|turn|4
|
|t:|1758349335
|move|p1a: Gabatron|Whirlpool|p2a: Grimmsnarl
|-damage|p2a: Grimmsnarl|0 fnt
|faint|p2a: Grimmsnarl
|
|-heal|p1a: Gabatron|100/100|[from] item: Leftovers
|upkeep
|
|t:|1758349344
|switch|p2a: Sinistcha|Sinistcha-Masterpiece, shiny|100/100
|turn|5
|
|t:|1758349354
|switch|p1a: Jungle Jit|Slowking-Galar, F|100/100
|move|p2a: Sinistcha|Calm Mind|p2a: Sinistcha
|-boost|p2a: Sinistcha|spa|1
|-boost|p2a: Sinistcha|spd|1
|
|upkeep
|turn|6
|
|t:|1758349360
|move|p2a: Sinistcha|Shadow Ball|p1a: Jungle Jit
|-supereffective|p1a: Jungle Jit
|-damage|p1a: Jungle Jit|25/100
|move|p1a: Jungle Jit|Sludge Bomb|p2a: Sinistcha
|-damage|p2a: Sinistcha|88/100
|
|-heal|p2a: Sinistcha|94/100|[from] item: Leftovers
|upkeep
|turn|7
|
|t:|1758349365
|switch|p1a: Alexandracore|Kingambit, M|100/100
|move|p2a: Sinistcha|Shadow Ball|p1a: Alexandracore
|-resisted|p1a: Alexandracore
|-damage|p1a: Alexandracore|69/100
|
|-heal|p2a: Sinistcha|100/100|[from] item: Leftovers
|-heal|p1a: Alexandracore|75/100|[from] item: Leftovers
|upkeep
|turn|8
|
|t:|1758349372
|move|p2a: Sinistcha|Scald|p1a: Alexandracore
|-damage|p1a: Alexandracore|34/100
|move|p1a: Alexandracore|Swords Dance|p1a: Alexandracore
|-boost|p1a: Alexandracore|atk|2
|
|-heal|p1a: Alexandracore|41/100|[from] item: Leftovers
|upkeep
|turn|9
|
|t:|1758349384
|move|p2a: Sinistcha|Scald|p1a: Alexandracore
|-damage|p1a: Alexandracore|0 fnt
|faint|p1a: Alexandracore
|-end|p1a: Alexandracore|fallenundefined|[silent]
|
|-sideend|p2: BlueDash|move: Light Screen
|upkeep
|
|t:|1758349398
|switch|p1a: Abuellita|Enamorus, F|100/100
|turn|10
|
|t:|1758349403
|move|p1a: Abuellita|Moonblast|p2a: Sinistcha
|-damage|p2a: Sinistcha|59/100
|move|p2a: Sinistcha|Scald|p1a: Abuellita
|-damage|p1a: Abuellita|43/100
|
|-heal|p2a: Sinistcha|66/100|[from] item: Leftovers
|-sideend|p2: BlueDash|Reflect
|upkeep
|turn|11
|
|t:|1758349419
|move|p1a: Abuellita|Moonblast|p2a: Sinistcha
|-damage|p2a: Sinistcha|22/100
|-unboost|p2a: Sinistcha|spa|1
|move|p2a: Sinistcha|Matcha Gotcha|p1a: Abuellita
|-resisted|p1a: Abuellita
|-damage|p1a: Abuellita|12/100
|-heal|p2a: Sinistcha|35/100|[from] drain|[of] p1a: Abuellita
|
|-heal|p2a: Sinistcha|41/100|[from] item: Leftovers
|upkeep
|turn|12
|
|t:|1758349428
|move|p1a: Abuellita|Moonblast|p2a: Sinistcha
|-damage|p2a: Sinistcha|0 fnt
|faint|p2a: Sinistcha
|
|upkeep
|
|t:|1758349429
|switch|p2a: Dragonite|Dragonite, M|100/100
|turn|13
|
|t:|1758349432
|switch|p1a: Big T|Great Tusk|100/100
|move|p2a: Dragonite|Extreme Speed|p1a: Big T
|-damage|p1a: Big T|79/100
|-damage|p2a: Dragonite|84/100|[from] item: Rocky Helmet|[of] p1a: Big T
|
|upkeep
|turn|14
|
|t:|1758349442
|move|p1a: Big T|Stealth Rock|p2a: Dragonite
|-sidestart|p2: BlueDash|move: Stealth Rock
|move|p2a: Dragonite|Dragon Dance|p2a: Dragonite
|-boost|p2a: Dragonite|atk|1
|-boost|p2a: Dragonite|spe|1
|
|upkeep
|turn|15
|
|t:|1758349446
|move|p2a: Dragonite|Ice Spinner|p1a: Big T
|-supereffective|p1a: Big T
|-damage|p1a: Big T|12/100
|-damage|p2a: Dragonite|68/100|[from] item: Rocky Helmet|[of] p1a: Big T
|move|p1a: Big T|Ice Spinner|p2a: Dragonite
|-supereffective|p2a: Dragonite
|-damage|p2a: Dragonite|0 fnt
|faint|p2a: Dragonite
|
|upkeep
|
|t:|1758349449
|switch|p2a: Donphan|Donphan, M, shiny|100/100
|turn|16
|
|t:|1758349464
|-end|p1a: Big T|Protosynthesis|[silent]
|switch|p1a: Laufey|Ogerpon, F|100/100
|move|p2a: Donphan|Rapid Spin|p1a: Laufey
|-damage|p1a: Laufey|78/100
|-boost|p2a: Donphan|spe|1
|-sideend|p2: BlueDash|Stealth Rock|[from] move: Rapid Spin|[of] p2a: Donphan
|
|upkeep
|turn|17
|
|t:|1758349475
|move|p1a: Laufey|Ivy Cudgel|p2a: Donphan
|-supereffective|p2a: Donphan
|-ability|p2a: Donphan|Sturdy
|-damage|p2a: Donphan|1/100
|move|p2a: Donphan|Earthquake|p1a: Laufey
|-resisted|p1a: Laufey
|-damage|p1a: Laufey|42/100
|
|upkeep
|turn|18
|
|t:|1758349482
|move|p2a: Donphan|Ice Shard|p1a: Laufey
|-supereffective|p1a: Laufey
|-damage|p1a: Laufey|0 fnt
|faint|p1a: Laufey
|
|upkeep
|
|t:|1758349493
|switch|p1a: Gabatron|Primarina, M|100/100
|turn|19
|
|t:|1758349497
|switch|p1a: Abuellita|Enamorus, F|12/100
|move|p2a: Donphan|Knock Off|p1a: Abuellita
|-resisted|p1a: Abuellita
|-damage|p1a: Abuellita|0 fnt
|-enditem|p1a: Abuellita|Choice Scarf|[from] move: Knock Off|[of] p2a: Donphan
|faint|p1a: Abuellita
|
|upkeep
|
|t:|1758349501
|switch|p1a: Jungle Jit|Slowking-Galar, F|59/100
|turn|20
|
|t:|1758349509
|move|p2a: Donphan|Earthquake|p1a: Jungle Jit
|-supereffective|p1a: Jungle Jit
|-damage|p1a: Jungle Jit|0 fnt
|faint|p1a: Jungle Jit
|
|upkeep
|
|t:|1758349512
|switch|p1a: Gabatron|Primarina, M|100/100
|turn|21
|
|t:|1758349515
|move|p1a: Gabatron|Psychic Noise|p2a: Donphan
|-supereffective|p2a: Donphan
|-damage|p2a: Donphan|0 fnt
|faint|p2a: Donphan
|
|upkeep
|
|t:|1758349517
|switch|p2a: Braviary|Braviary-Hisui, M, shiny|100/100
|turn|22
|
|t:|1758349525
|move|p2a: Braviary|Agility|p2a: Braviary
|-boost|p2a: Braviary|spe|2
|move|p1a: Gabatron|Moonblast|p2a: Braviary
|-damage|p2a: Braviary|33/100
|
|upkeep
|turn|23
|
|t:|1758349532
|move|p2a: Braviary|Esper Wing|p1a: Gabatron
|-damage|p1a: Gabatron|40/100
|move|p1a: Gabatron|Moonblast|p2a: Braviary
|-damage|p2a: Braviary|0 fnt
|faint|p2a: Braviary
|
|-heal|p1a: Gabatron|46/100|[from] item: Leftovers
|upkeep
|
|t:|1758349535
|switch|p2a: Samurott|Samurott-Hisui, M|100/100
|turn|24
|
|t:|1758349548
|move|p2a: Samurott|Aqua Cutter|p1a: Gabatron
|-resisted|p1a: Gabatron
|-damage|p1a: Gabatron|11/100
|move|p1a: Gabatron|Moonblast|p2a: Samurott
|-supereffective|p2a: Samurott
|-damage|p2a: Samurott|0 fnt
|faint|p2a: Samurott
|
|win|romesjones
|raw|romesjones's rating: 1383 &rarr; <strong>1401</strong><br />(+18 for winning)
|raw|BlueDash's rating: 1350 &rarr; <strong>1332</strong><br />(-18 for losing)
|l|☆BlueDash
|player|p2|
|l|☆romesjones
|player|p1|
