|j|☆Nultiprise
|j|☆Holy air
|t:|1758375058
|gametype|singles
|player|p1|Nultiprise|preschooler|1504
|player|p2|Holy air|miku-ground|1495
|gen|9
|tier|[Gen 9] OU
|rated|
|rule|HP Percentage Mod: HP is shown in percentages
|rule|Endless Battle Clause: Forcing endless battles is banned
|rule|Species Clause: Limit one of each Pokémon
|rule|OHKO Clause: OHKO moves are banned
|rule|Evasion Items Clause: Evasion items are banned
|rule|Evasion Moves Clause: Evasion moves are banned
|rule|Evasion Abilities Clause: Evasion abilities are banned
|rule|Sleep Moves Clause: Sleep-inducing moves are banned
|clearpoke
|poke|p1|Greninja-*, M|
|poke|p1|Zoroark-Hisui, F|
|poke|p1|Great Tusk|
|poke|p1|Deoxys-Speed|
|poke|p1|Yanmega, M|
|poke|p1|Mimikyu, M|
|poke|p2|Serperior, F|
|poke|p2|Samurott-Hisui, M|
|poke|p2|Kyurem|
|poke|p2|Iron Treads|
|poke|p2|Gholdengo|
|poke|p2|Moltres|
|teampreview
|inactive|Battle timer is ON: inactive players will automatically lose when time's up. (requested by Holy air)
|c|☆Nultiprise|i kneel before the air
|
|t:|1758375086
|teamsize|p1|6
|teamsize|p2|6
|start
|switch|p1a: Quoi ?|Greninja, M|100/100
|switch|p2a: Samurott|Samurott-Hisui, M|100/100
|turn|1
|
|t:|1758375103
|move|p2a: Samurott|Sacred Sword|p1a: Quoi ?
|-supereffective|p1a: Quoi ?
|-enditem|p1a: Quoi ?|Focus Sash
|-damage|p1a: Quoi ?|1/100
|move|p1a: Quoi ?|Counter|p2a: Samurott
|-damage|p2a: Samurott|0 fnt
|faint|p2a: Samurott
|-ability|p1a: Quoi ?|Battle Bond|boost
|-boost|p1a: Quoi ?|atk|1
|-boost|p1a: Quoi ?|spa|1
|-boost|p1a: Quoi ?|spe|1
|-activate|p1a: Quoi ?|ability: Battle Bond
|
|upkeep
|inactive|Holy air has 120 seconds left.
|
|t:|1758375148
|switch|p2a: Kyurem|Kyurem|100/100
|-ability|p2a: Kyurem|Pressure
|turn|2
|
|t:|1758375153
|move|p1a: Quoi ?|Dark Pulse|p2a: Kyurem
|-damage|p2a: Kyurem|54/100
|move|p2a: Kyurem|Scale Shot|p1a: Quoi ?
|-damage|p1a: Quoi ?|0 fnt
|faint|p1a: Quoi ?
|-hitcount|p1: Quoi ?|1
|-unboost|p2a: Kyurem|def|1
|-boost|p2a: Kyurem|spe|1
|
|upkeep
|
|t:|1758375160
|switch|p1a: Mimikyu|Mimikyu, M|100/100
|turn|3
|
|t:|1758375168
|switch|p1a: Deoxys|Deoxys-Speed|100/100
|-terastallize|p2a: Kyurem|Fire
|move|p2a: Kyurem|Dragon Dance|p2a: Kyurem
|-boost|p2a: Kyurem|atk|1
|-boost|p2a: Kyurem|spe|1
|
|upkeep
|turn|4
|inactive|Holy air has 120 seconds left.
|
|t:|1758375177
|move|p2a: Kyurem|Icicle Spear|p1a: Deoxys
|-damage|p1a: Deoxys|56/100
|replace|p1a: Feur|Zoroark-Hisui, F
|-end|p1a: Feur|Illusion
|-damage|p1a: Feur|10/100
|-damage|p1a: Feur|0 fnt
|faint|p1a: Feur
|-hitcount|p1: Feur|3
|
|upkeep
|
|t:|1758375181
|switch|p1a: Yanmega|Yanmega, M|100/100
|turn|5
|
|t:|1758375184
|move|p1a: Yanmega|Protect|p1a: Yanmega
|-singleturn|p1a: Yanmega|Protect
|move|p2a: Kyurem|Icicle Spear|p1a: Yanmega
|-activate|p1a: Yanmega|move: Protect
|
|-ability|p1a: Yanmega|Speed Boost|boost
|-boost|p1a: Yanmega|spe|1
|upkeep
|turn|6
|
|t:|1758375196
|-terastallize|p1a: Yanmega|Fire
|move|p2a: Kyurem|Icicle Spear|p1a: Yanmega
|-resisted|p1a: Yanmega
|-damage|p1a: Yanmega|86/100
|-resisted|p1a: Yanmega
|-damage|p1a: Yanmega|73/100
|-resisted|p1a: Yanmega
|-damage|p1a: Yanmega|59/100
|-resisted|p1a: Yanmega
|-damage|p1a: Yanmega|46/100
|-resisted|p1a: Yanmega
|-damage|p1a: Yanmega|33/100
|-hitcount|p1a: Yanmega|5
|move|p1a: Yanmega|Air Slash|p2a: Kyurem
|-damage|p2a: Kyurem|17/100
|
|-ability|p1a: Yanmega|Speed Boost|boost
|-boost|p1a: Yanmega|spe|1
|upkeep
|turn|7
|
|t:|1758375210
|move|p2a: Kyurem|Tera Blast|p1a: Yanmega|[anim] Tera Blast Fire
|-resisted|p1a: Yanmega
|-damage|p1a: Yanmega|0 fnt
|faint|p1a: Yanmega
|
|upkeep
|-message|Nultiprise forfeited.
|
|win|Holy air
|raw|Nultiprise's rating: 1504 &rarr; <strong>1483</strong><br />(-21 for losing)
|raw|Holy air's rating: 1495 &rarr; <strong>1516</strong><br />(+21 for winning)
|l|☆Nultiprise
|player|p1|
|l|☆Holy air
|player|p2|
