|j|☆AlolanskiMarowak
|j|☆374785774h
|t:|1758352044
|gametype|singles
|player|p1|AlolanskiMarowak|unknown|1074
|player|p2|374785774h|1|1108
|gen|9
|tier|[Gen 9] OU
|rated|
|rule|HP Percentage Mod: HP is shown in percentages
|rule|Endless Battle Clause: Forcing endless battles is banned
|rule|Species Clause: Limit one of each Pokémon
|rule|OHKO Clause: OHKO moves are banned
|rule|Evasion Items Clause: Evasion items are banned
|rule|Evasion Moves Clause: Evasion moves are banned
|rule|Evasion Abilities Clause: Evasion abilities are banned
|rule|Sleep Moves Clause: Sleep-inducing moves are banned
|clearpoke
|poke|p1|Reuniclus, F|
|poke|p1|Barraskewda, F|
|poke|p1|Vikavolt, M|
|poke|p1|Incineroar, M|
|poke|p1|Haunter, M|
|poke|p1|Porygon-Z|
|poke|p2|Araquanid, M|
|poke|p2|Gliscor, F|
|poke|p2|Raging Bolt|
|poke|p2|Ceruledge, M|
|poke|p2|Enamorus, F|
|poke|p2|Dragapult, F|
|teampreview
|inactive|Battle timer is ON: inactive players will automatically lose when time's up. (requested by AlolanskiMarowak)
|
|t:|1758352050
|teamsize|p1|6
|teamsize|p2|6
|start
|switch|p1a: Vikavolt|Vikavolt, M|100/100
|switch|p2a: Araquanid|Araquanid, M|100/100
|turn|1
|
|t:|1758352057
|move|p1a: Vikavolt|Agility|p1a: Vikavolt
|-boost|p1a: Vikavolt|spe|2
|move|p2a: Araquanid|Sticky Web|p1a: Vikavolt
|-sidestart|p1: AlolanskiMarowak|move: Sticky Web
|
|upkeep
|turn|2
|
|t:|1758352069
|move|p1a: Vikavolt|Thunderbolt|p2a: Araquanid
|-supereffective|p2a: Araquanid
|-damage|p2a: Araquanid|7/100
|-status|p2a: Araquanid|par
|move|p2a: Araquanid|Hydro Pump|p1a: Vikavolt
|-damage|p1a: Vikavolt|5/100
|
|-heal|p1a: Vikavolt|11/100|[from] item: Leftovers
|-heal|p2a: Araquanid|13/100 par|[from] item: Leftovers
|upkeep
|turn|3
|
|t:|1758352081
|-terastallize|p1a: Vikavolt|Ice
|move|p1a: Vikavolt|Tera Blast|p2a: Araquanid|[anim] Tera Blast Ice
|-resisted|p2a: Araquanid
|-damage|p2a: Araquanid|0 fnt
|faint|p2a: Araquanid
|
|-heal|p1a: Vikavolt|17/100|[from] item: Leftovers
|upkeep
|
|t:|1758352091
|switch|p2a: Dragapult|Dragapult, F|100/100
|turn|4
|
|t:|1758352095
|move|p2a: Dragapult|Sucker Punch|p1a: Vikavolt
|-damage|p1a: Vikavolt|0 fnt
|faint|p1a: Vikavolt
|-damage|p2a: Dragapult|91/100|[from] item: Life Orb
|
|upkeep
|
|t:|1758352102
|switch|p1a: Incineroar|Incineroar, M|100/100
|-activate|p1a: Incineroar|move: Sticky Web
|-unboost|p1a: Incineroar|spe|1
|-ability|p1a: Incineroar|Intimidate|boost
|-fail|p2a: Dragapult|unboost|[from] ability: Clear Body|[of] p2a: Dragapult
|turn|5
|
|t:|1758352119
|switch|p2a: Gliscor|Gliscor, F|100/100
|move|p1a: Incineroar|Throat Chop|p2a: Gliscor
|-damage|p2a: Gliscor|70/100
|-start|p2a: Gliscor|Throat Chop|[silent]
|
|-status|p2a: Gliscor|tox|[from] item: Toxic Orb
|upkeep
|turn|6
|
|t:|1758352129
|move|p2a: Gliscor|Protect|p2a: Gliscor
|-singleturn|p2a: Gliscor|Protect
|move|p1a: Incineroar|Parting Shot|p2a: Gliscor
|-activate|p2a: Gliscor|move: Protect
|
|-heal|p2a: Gliscor|82/100 tox|[from] ability: Poison Heal
|-end|p2a: Gliscor|Throat Chop|[silent]
|upkeep
|turn|7
|
|t:|1758352137
|move|p2a: Gliscor|Swords Dance|p2a: Gliscor
|-boost|p2a: Gliscor|atk|2
|move|p1a: Incineroar|Parting Shot|p2a: Gliscor
|-unboost|p2a: Gliscor|atk|1
|-unboost|p2a: Gliscor|spa|1
|
|t:|1758352140
|switch|p1a: Barraskewda|Barraskewda, F|100/100|[from] Parting Shot
|-activate|p1a: Barraskewda|move: Sticky Web
|-unboost|p1a: Barraskewda|spe|1
|
|-heal|p2a: Gliscor|94/100 tox|[from] ability: Poison Heal
|upkeep
|turn|8
|
|t:|1758352156
|-terastallize|p2a: Gliscor|Poison
|move|p1a: Barraskewda|Liquidation|p2a: Gliscor
|-crit|p2a: Gliscor
|-damage|p2a: Gliscor|13/100 tox
|move|p2a: Gliscor|Swords Dance|p2a: Gliscor
|-boost|p2a: Gliscor|atk|2
|
|-heal|p2a: Gliscor|26/100 tox|[from] ability: Poison Heal
|upkeep
|turn|9
|
|t:|1758352169
|move|p2a: Gliscor|Protect|p2a: Gliscor
|-singleturn|p2a: Gliscor|Protect
|move|p1a: Barraskewda|Liquidation|p2a: Gliscor
|-activate|p2a: Gliscor|move: Protect
|
|-heal|p2a: Gliscor|38/100 tox|[from] ability: Poison Heal
|upkeep
|turn|10
|inactive|374785774h has 120 seconds left.
|
|t:|1758352204
|move|p1a: Barraskewda|Liquidation|p2a: Gliscor
|-damage|p2a: Gliscor|0 fnt
|faint|p2a: Gliscor
|
|upkeep
|
|t:|1758352222
|switch|p2a: Raging Bolt|Raging Bolt|100/100
|-enditem|p2a: Raging Bolt|Booster Energy
|-activate|p2a: Raging Bolt|ability: Protosynthesis|[fromitem]
|-start|p2a: Raging Bolt|protosynthesisspa
|turn|11
|
|t:|1758352230
|switch|p1a: Reuniclus|Reuniclus, F, shiny|100/100
|-activate|p1a: Reuniclus|move: Sticky Web
|-unboost|p1a: Reuniclus|spe|1
|move|p2a: Raging Bolt|Thunderclap||[still]
|-fail|p2a: Raging Bolt
|
|upkeep
|turn|12
|
|t:|1758352239
|move|p2a: Raging Bolt|Calm Mind|p2a: Raging Bolt
|-boost|p2a: Raging Bolt|spa|1
|-boost|p2a: Raging Bolt|spd|1
|move|p1a: Reuniclus|Calm Mind|p1a: Reuniclus
|-boost|p1a: Reuniclus|spa|1
|-boost|p1a: Reuniclus|spd|1
|
|upkeep
|turn|13
|
|t:|1758352248
|move|p2a: Raging Bolt|Thunderbolt|p1a: Reuniclus
|-damage|p1a: Reuniclus|52/100
|move|p1a: Reuniclus|Calm Mind|p1a: Reuniclus
|-boost|p1a: Reuniclus|spa|1
|-boost|p1a: Reuniclus|spd|1
|
|upkeep
|turn|14
|inactive|374785774h has 120 seconds left.
|
|t:|1758352256
|move|p2a: Raging Bolt|Thunderbolt|p1a: Reuniclus
|-damage|p1a: Reuniclus|16/100
|move|p1a: Reuniclus|Recover|p1a: Reuniclus
|-heal|p1a: Reuniclus|66/100
|
|upkeep
|turn|15
|
|t:|1758352263
|move|p2a: Raging Bolt|Calm Mind|p2a: Raging Bolt
|-boost|p2a: Raging Bolt|spa|1
|-boost|p2a: Raging Bolt|spd|1
|move|p1a: Reuniclus|Recover|p1a: Reuniclus
|-heal|p1a: Reuniclus|100/100
|
|upkeep
|turn|16
|
|t:|1758352269
|move|p2a: Raging Bolt|Calm Mind|p2a: Raging Bolt
|-boost|p2a: Raging Bolt|spa|1
|-boost|p2a: Raging Bolt|spd|1
|move|p1a: Reuniclus|Calm Mind|p1a: Reuniclus
|-boost|p1a: Reuniclus|spa|1
|-boost|p1a: Reuniclus|spd|1
|
|upkeep
|turn|17
|
|t:|1758352278
|move|p2a: Raging Bolt|Calm Mind|p2a: Raging Bolt
|-boost|p2a: Raging Bolt|spa|1
|-boost|p2a: Raging Bolt|spd|1
|move|p1a: Reuniclus|Calm Mind|p1a: Reuniclus
|-boost|p1a: Reuniclus|spa|1
|-boost|p1a: Reuniclus|spd|1
|
|upkeep
|turn|18
|
|t:|1758352285
|move|p2a: Raging Bolt|Calm Mind|p2a: Raging Bolt
|-boost|p2a: Raging Bolt|spa|1
|-boost|p2a: Raging Bolt|spd|1
|move|p1a: Reuniclus|Calm Mind|p1a: Reuniclus
|-boost|p1a: Reuniclus|spa|1
|-boost|p1a: Reuniclus|spd|1
|
|upkeep
|turn|19
|
|t:|1758352292
|move|p2a: Raging Bolt|Calm Mind|p2a: Raging Bolt
|-boost|p2a: Raging Bolt|spa|1
|-boost|p2a: Raging Bolt|spd|1
|move|p1a: Reuniclus|Psychic|p2a: Raging Bolt
|-damage|p2a: Raging Bolt|60/100
|
|upkeep
|turn|20
|
|t:|1758352300
|move|p2a: Raging Bolt|Thunderbolt|p1a: Reuniclus
|-damage|p1a: Reuniclus|51/100
|move|p1a: Reuniclus|Calm Mind|p1a: Reuniclus
|-boost|p1a: Reuniclus|spa|1
|-boost|p1a: Reuniclus|spd|1
|
|upkeep
|turn|21
|
|t:|1758352307
|move|p2a: Raging Bolt|Thunderbolt|p1a: Reuniclus
|-damage|p1a: Reuniclus|3/100
|move|p1a: Reuniclus|Recover|p1a: Reuniclus
|-heal|p1a: Reuniclus|53/100
|
|upkeep
|turn|22
|
|t:|1758352313
|move|p2a: Raging Bolt|Thunderbolt|p1a: Reuniclus
|-damage|p1a: Reuniclus|10/100
|move|p1a: Reuniclus|Recover|p1a: Reuniclus
|-heal|p1a: Reuniclus|60/100
|
|upkeep
|turn|23
|
|t:|1758352320
|move|p2a: Raging Bolt|Thunderbolt|p1a: Reuniclus
|-damage|p1a: Reuniclus|18/100
|move|p1a: Reuniclus|Psychic|p2a: Raging Bolt
|-damage|p2a: Raging Bolt|12/100
|
|upkeep
|turn|24
|
|t:|1758352327
|move|p2a: Raging Bolt|Thunderbolt|p1a: Reuniclus
|-damage|p1a: Reuniclus|0 fnt
|faint|p1a: Reuniclus
|
|upkeep
|
|t:|1758352335
|switch|p1a: Incineroar|Incineroar, M|100/100
|-activate|p1a: Incineroar|move: Sticky Web
|-unboost|p1a: Incineroar|spe|1
|-ability|p1a: Incineroar|Intimidate|boost
|-unboost|p2a: Raging Bolt|atk|1
|turn|25
|
|t:|1758352343
|move|p1a: Incineroar|Fake Out|p2a: Raging Bolt
|-damage|p2a: Raging Bolt|0 fnt
|faint|p2a: Raging Bolt
|-end|p2a: Raging Bolt|Protosynthesis|[silent]
|
|upkeep
|
|t:|1758352351
|switch|p2a: Enamorus|Enamorus, F|100/100
|turn|26
|
|t:|1758352358
|move|p2a: Enamorus|Superpower|p1a: Incineroar
|-supereffective|p1a: Incineroar
|-damage|p1a: Incineroar|21/100
|-boost|p2a: Enamorus|atk|1
|-boost|p2a: Enamorus|def|1
|-damage|p2a: Enamorus|84/100|[from] item: Rocky Helmet|[of] p1a: Incineroar
|move|p1a: Incineroar|Parting Shot|p2a: Enamorus
|-boost|p2a: Enamorus|atk|1
|-boost|p2a: Enamorus|spa|1
|
|t:|1758352372
|switch|p1a: Haunter|Haunter, M|100/100|[from] Parting Shot
|
|upkeep
|turn|27
|
|t:|1758352383
|move|p1a: Haunter|Curse|p2a: Enamorus
|-start|p2a: Enamorus|Curse|[of] p1a: Haunter
|-damage|p1a: Haunter|51/100
|move|p2a: Enamorus|Iron Head|p1a: Haunter
|-damage|p1a: Haunter|0 fnt
|faint|p1a: Haunter
|
|-damage|p2a: Enamorus|59/100|[from] Curse
|upkeep
|
|t:|1758352390
|switch|p1a: Incineroar|Incineroar, M|21/100
|-activate|p1a: Incineroar|move: Sticky Web
|-unboost|p1a: Incineroar|spe|1
|-ability|p1a: Incineroar|Intimidate|boost
|-boost|p2a: Enamorus|atk|1
|turn|28
|
|t:|1758352399
|move|p1a: Incineroar|Fake Out|p2a: Enamorus
|-damage|p2a: Enamorus|45/100
|cant|p2a: Enamorus|flinch
|
|-damage|p2a: Enamorus|20/100|[from] Curse
|upkeep
|turn|29
|
|t:|1758352407
|move|p2a: Enamorus|Superpower|p1a: Incineroar
|-supereffective|p1a: Incineroar
|-damage|p1a: Incineroar|0 fnt
|-boost|p2a: Enamorus|atk|1
|-boost|p2a: Enamorus|def|1
|-damage|p2a: Enamorus|4/100|[from] item: Rocky Helmet|[of] p1a: Incineroar
|faint|p1a: Incineroar
|
|-damage|p2a: Enamorus|0 fnt|[from] Curse
|faint|p2a: Enamorus
|upkeep
|
|t:|1758352433
|switch|p2a: Ceruledge|Ceruledge, M|100/100
|switch|p1a: Barraskewda|Barraskewda, F|100/100
|-activate|p1a: Barraskewda|move: Sticky Web
|-unboost|p1a: Barraskewda|spe|1
|turn|30
|inactive|374785774h has 120 seconds left.
|
|t:|1758352451
|move|p2a: Ceruledge|Shadow Sneak|p1a: Barraskewda
|-damage|p1a: Barraskewda|53/100
|move|p1a: Barraskewda|Liquidation|p2a: Ceruledge
|-supereffective|p2a: Ceruledge
|-damage|p2a: Ceruledge|0 fnt
|faint|p2a: Ceruledge
|
|upkeep
|inactive|374785774h has 120 seconds left.
|
|t:|1758352459
|switch|p2a: Dragapult|Dragapult, F|91/100
|turn|31
|
|t:|1758352466
|move|p2a: Dragapult|Dragon Darts|p1a: Barraskewda
|-damage|p1a: Barraskewda|0 fnt
|faint|p1a: Barraskewda
|-damage|p2a: Dragapult|81/100|[from] item: Life Orb
|
|upkeep
|
|t:|1758352469
|switch|p1a: Porygon-Z|Porygon-Z|100/100
|-activate|p1a: Porygon-Z|move: Sticky Web
|-unboost|p1a: Porygon-Z|spe|1
|turn|32
|
|t:|1758352480
|move|p2a: Dragapult|Dragon Darts|p1a: Porygon-Z
|-damage|p1a: Porygon-Z|45/100
|-anim|p2a: Dragapult|Dragon Darts|p1a: Porygon-Z
|-damage|p1a: Porygon-Z|0 fnt
|faint|p1a: Porygon-Z
|-damage|p2a: Dragapult|71/100|[from] item: Life Orb
|
|win|374785774h
|raw|AlolanskiMarowak's rating: 1074 &rarr; <strong>1055</strong><br />(-19 for losing)
|raw|374785774h's rating: 1108 &rarr; <strong>1131</strong><br />(+23 for winning)
|l|☆AlolanskiMarowak
|player|p1|
|l|☆374785774h
|player|p2|
