|j|☆tertyrats
|j|☆QWASXC
|t:|1758237624
|gametype|singles
|player|p1|tertyrats|1|1263
|player|p2|QWASXC|102|1203
|gen|9
|tier|[Gen 9] OU
|rated|
|rule|HP Percentage Mod: HP is shown in percentages
|rule|Endless Battle Clause: Forcing endless battles is banned
|rule|Species Clause: Limit one of each Pokémon
|rule|OHKO Clause: OHKO moves are banned
|rule|Evasion Items Clause: Evasion items are banned
|rule|Evasion Moves Clause: Evasion moves are banned
|rule|Evasion Abilities Clause: Evasion abilities are banned
|rule|Sleep Moves Clause: Sleep-inducing moves are banned
|clearpoke
|poke|p1|Grafaiai, F|
|poke|p1|Rillaboom, M|
|poke|p1|Ogerpon-Cornerstone, F|
|poke|p1|Glimmora, F|
|poke|p1|Enamorus, F|
|poke|p1|Kingambit, F|
|poke|p2|Araquanid, M|
|poke|p2|Pelipper, M|
|poke|p2|Weavile, F|
|poke|p2|Corviknight, F|
|poke|p2|Barraskewda, M|
|poke|p2|Azelf|
|teampreview
|inactive|Battle timer is ON: inactive players will automatically lose when time's up. (requested by tertyrats)
|
|t:|1758237637
|teamsize|p1|6
|teamsize|p2|6
|start
|switch|p1a: Glimmora|Glimmora, F|100/100
|switch|p2a: Pelipper|Pelipper, M|100/100
|-weather|RainDance|[from] ability: Drizzle|[of] p2a: Pelipper
|turn|1
|
|t:|1758237655
|move|p1a: Glimmora|Stealth Rock|p2a: Pelipper
|-sidestart|p2: QWASXC|move: Stealth Rock
|move|p2a: Pelipper|Hydro Pump|p1a: Glimmora
|-supereffective|p1a: Glimmora
|-enditem|p1a: Glimmora|Focus Sash
|-damage|p1a: Glimmora|1/100
|
|-weather|RainDance|[upkeep]
|upkeep
|turn|2
|
|t:|1758237662
|move|p1a: Glimmora|Mortal Spin|p2a: Pelipper
|-crit|p2a: Pelipper
|-damage|p2a: Pelipper|93/100
|-status|p2a: Pelipper|psn
|move|p2a: Pelipper|Tailwind|p2a: Pelipper
|-sidestart|p2: QWASXC|move: Tailwind
|
|-weather|RainDance|[upkeep]
|-damage|p2a: Pelipper|80/100 psn|[from] psn
|upkeep
|turn|3
|
|t:|1758237671
|move|p2a: Pelipper|U-turn|p1a: Glimmora
|-resisted|p1a: Glimmora
|-damage|p1a: Glimmora|0 fnt
|-activate|p1a: Glimmora|ability: Toxic Debris
|-sidestart|p2: QWASXC|move: Toxic Spikes
|faint|p1a: Glimmora
|
|t:|1758237678
|switch|p2a: Azelf|Azelf|100/100|[from] U-turn
|-damage|p2a: Azelf|88/100|[from] Stealth Rock
|
|-weather|RainDance|[upkeep]
|upkeep
|
|t:|1758237683
|switch|p1a: Rillaboom|Rillaboom, M|100/100
|-fieldstart|move: Grassy Terrain|[from] ability: Grassy Surge|[of] p1a: Rillaboom
|turn|4
|
|t:|1758237693
|move|p2a: Azelf|Stealth Rock|p1a: Rillaboom
|-sidestart|p1: tertyrats|move: Stealth Rock
|move|p1a: Rillaboom|Knock Off|p2a: Azelf
|-supereffective|p2a: Azelf
|-damage|p2a: Azelf|0 fnt
|-enditem|p2a: Azelf|Mind Plate|[from] move: Knock Off|[of] p1a: Rillaboom
|faint|p2a: Azelf
|
|-weather|RainDance|[upkeep]
|upkeep
|
|t:|1758237703
|switch|p2a: Weavile|Weavile, F|100/100
|-damage|p2a: Weavile|76/100|[from] Stealth Rock
|-status|p2a: Weavile|psn
|-ability|p2a: Weavile|Pressure
|turn|5
|
|t:|1758237710
|move|p2a: Weavile|Icicle Crash|p1a: Rillaboom
|-supereffective|p1a: Rillaboom
|-damage|p1a: Rillaboom|0 fnt
|faint|p1a: Rillaboom
|-damage|p2a: Weavile|66/100 psn|[from] item: Life Orb
|
|-weather|RainDance|[upkeep]
|-heal|p2a: Weavile|72/100 psn|[from] Grassy Terrain
|-damage|p2a: Weavile|59/100 psn|[from] psn
|-sideend|p2: QWASXC|move: Tailwind
|upkeep
|
|t:|1758237718
|switch|p1a: Grafaiai|Grafaiai, F|100/100
|-damage|p1a: Grafaiai|88/100|[from] Stealth Rock
|-enditem|p1a: Grafaiai|Grassy Seed
|-boost|p1a: Grafaiai|def|1|[from] item: Grassy Seed
|turn|6
|
|t:|1758237725
|move|p1a: Grafaiai|Low Kick|p2a: Weavile
|-supereffective|p2a: Weavile
|-damage|p2a: Weavile|0 fnt
|faint|p2a: Weavile
|
|-weather|RainDance|[upkeep]
|-heal|p1a: Grafaiai|94/100|[from] Grassy Terrain
|upkeep
|
|t:|1758237738
|switch|p2a: Corviknight|Corviknight, F, shiny|100/100
|-damage|p2a: Corviknight|88/100|[from] Stealth Rock
|turn|7
|
|t:|1758237751
|move|p1a: Grafaiai|Swords Dance|p1a: Grafaiai
|-boost|p1a: Grafaiai|atk|2
|move|p2a: Corviknight|Curse|p2a: Corviknight
|-unboost|p2a: Corviknight|spe|1
|-boost|p2a: Corviknight|atk|1
|-boost|p2a: Corviknight|def|1
|
|-weather|RainDance|[upkeep]
|-heal|p1a: Grafaiai|99/100|[from] Grassy Terrain
|upkeep
|turn|8
|
|t:|1758237760
|move|p1a: Grafaiai|Low Kick|p2a: Corviknight
|-damage|p2a: Corviknight|69/100
|-damage|p1a: Grafaiai|84/100|[from] item: Rocky Helmet|[of] p2a: Corviknight
|move|p2a: Corviknight|Iron Head|p1a: Grafaiai
|-damage|p1a: Grafaiai|44/100
|
|-weather|none
|-heal|p1a: Grafaiai|50/100|[from] Grassy Terrain
|-fieldend|move: Grassy Terrain
|upkeep
|turn|9
|inactive|tertyrats has 120 seconds left.
|
|t:|1758237807
|move|p1a: Grafaiai|Low Kick|p2a: Corviknight
|-damage|p2a: Corviknight|49/100
|-damage|p1a: Grafaiai|33/100|[from] item: Rocky Helmet|[of] p2a: Corviknight
|move|p2a: Corviknight|Iron Head|p1a: Grafaiai
|-damage|p1a: Grafaiai|0 fnt
|faint|p1a: Grafaiai
|
|upkeep
|
|t:|1758237819
|switch|p1a: Ogerpon|Ogerpon-Cornerstone, F|100/100
|-damage|p1a: Ogerpon|88/100|[from] Stealth Rock
|turn|10
|
|t:|1758237826
|move|p1a: Ogerpon|Spiky Shield|p1a: Ogerpon
|-singleturn|p1a: Ogerpon|move: Protect
|move|p2a: Corviknight|Iron Head|p1a: Ogerpon
|-activate|p1a: Ogerpon|move: Protect
|-damage|p2a: Corviknight|37/100|[from] Spiky Shield|[of] p1a: Ogerpon
|
|upkeep
|turn|11
|
|t:|1758237847
|move|p1a: Ogerpon|Swords Dance|p1a: Ogerpon
|-boost|p1a: Ogerpon|atk|2
|move|p2a: Corviknight|Roost|p2a: Corviknight
|-heal|p2a: Corviknight|87/100
|-singleturn|p2a: Corviknight|move: Roost
|
|upkeep
|turn|12
|
|t:|1758237861
|-terastallize|p1a: Ogerpon|Rock
|detailschange|p1a: Ogerpon|Ogerpon-Cornerstone-Tera, F, tera:Rock
|-ability|p1a: Ogerpon|Embody Aspect (Cornerstone)|boost
|-boost|p1a: Ogerpon|def|1
|move|p1a: Ogerpon|Ivy Cudgel|p2a: Corviknight|[anim] Ivy Cudgel Rock
|-damage|p2a: Corviknight|18/100
|move|p2a: Corviknight|Curse|p2a: Corviknight
|-unboost|p2a: Corviknight|spe|1
|-boost|p2a: Corviknight|atk|1
|-boost|p2a: Corviknight|def|1
|
|upkeep
|turn|13
|
|t:|1758237874
|move|p1a: Ogerpon|Ivy Cudgel|p2a: Corviknight|[anim] Ivy Cudgel Rock
|-damage|p2a: Corviknight|0 fnt
|faint|p2a: Corviknight
|
|upkeep
|
|t:|1758237883
|switch|p2a: Barraskewda|Barraskewda, M|100/100
|-damage|p2a: Barraskewda|88/100|[from] Stealth Rock
|-status|p2a: Barraskewda|psn
|turn|14
|
|t:|1758237895
|move|p1a: Ogerpon|Trailblaze|p2a: Barraskewda
|-supereffective|p2a: Barraskewda
|-damage|p2a: Barraskewda|0 fnt
|-boost|p1a: Ogerpon|spe|1
|faint|p2a: Barraskewda
|
|upkeep
|
|t:|1758237901
|switch|p2a: Pelipper|Pelipper, M|80/100 psn
|-damage|p2a: Pelipper|55/100 psn|[from] Stealth Rock
|-weather|RainDance|[from] ability: Drizzle|[of] p2a: Pelipper
|turn|15
|
|t:|1758237906
|move|p1a: Ogerpon|Ivy Cudgel|p2a: Pelipper|[anim] Ivy Cudgel Rock
|-supereffective|p2a: Pelipper
|-damage|p2a: Pelipper|0 fnt
|faint|p2a: Pelipper
|
|-weather|RainDance|[upkeep]
|upkeep
|
|t:|1758237911
|switch|p2a: Araquanid|Araquanid, M, shiny|100/100
|-damage|p2a: Araquanid|76/100|[from] Stealth Rock
|-status|p2a: Araquanid|psn
|turn|16
|
|t:|1758237917
|-terastallize|p2a: Araquanid|Water
|move|p1a: Ogerpon|Ivy Cudgel|p2a: Araquanid|[anim] Ivy Cudgel Rock
|-damage|p2a: Araquanid|0 fnt
|faint|p2a: Araquanid
|
|win|tertyrats
|raw|tertyrats's rating: 1263 &rarr; <strong>1284</strong><br />(+21 for winning)
|raw|QWASXC's rating: 1203 &rarr; <strong>1182</strong><br />(-21 for losing)
|l|☆QWASXC
|player|p2|
|l|☆tertyrats
|player|p1|
