|j|☆shrek5baby
|j|☆bena13
|t:|1758290524
|gametype|singles
|player|p1|shrek5baby|169|1300
|player|p2|bena13|2|1296
|gen|9
|tier|[Gen 9] OU
|rated|
|rule|HP Percentage Mod: HP is shown in percentages
|rule|Endless Battle Clause: Forcing endless battles is banned
|rule|Species Clause: Limit one of each Pokémon
|rule|OHKO Clause: OHKO moves are banned
|rule|Evasion Items Clause: Evasion items are banned
|rule|Evasion Moves Clause: Evasion moves are banned
|rule|Evasion Abilities Clause: Evasion abilities are banned
|rule|Sleep Moves Clause: Sleep-inducing moves are banned
|clearpoke
|poke|p1|Gholdengo|
|poke|p1|Gliscor, M|
|poke|p1|Cinderace, F|
|poke|p1|Lokix, M|
|poke|p1|Primarina, M|
|poke|p1|Kingambit, M|
|poke|p2|Spiritomb, M|
|poke|p2|Okidogi, M|
|poke|p2|Gastrodon, F|
|poke|p2|Vileplume, F|
|poke|p2|Salazzle, F|
|poke|p2|Regidrago|
|teampreview
|inactive|Battle timer is ON: inactive players will automatically lose when time's up. (requested by bena13)
|
|t:|1758290536
|teamsize|p1|6
|teamsize|p2|6
|start
|switch|p1a: Lokix|Lokix, M|100/100
|switch|p2a: Salazzle|Salazzle, F|100/100
|turn|1
|
|t:|1758290544
|move|p1a: Lokix|Sucker Punch|p2a: Salazzle
|-crit|p2a: Salazzle
|-damage|p2a: Salazzle|0 fnt
|faint|p2a: Salazzle
|-damage|p1a: Lokix|91/100|[from] item: Life Orb
|
|upkeep
|
|t:|1758290553
|switch|p2a: Okidogi|Okidogi, M|100/100
|turn|2
|
|t:|1758290563
|move|p1a: Lokix|U-turn|p2a: Okidogi
|-resisted|p2a: Okidogi
|-damage|p2a: Okidogi|85/100
|-damage|p1a: Lokix|81/100|[from] item: Life Orb
|
|t:|1758290569
|switch|p1a: Gholdengo|Gholdengo|100/100|[from] U-turn
|move|p2a: Okidogi|Bulk Up|p2a: Okidogi
|-boost|p2a: Okidogi|atk|1
|-boost|p2a: Okidogi|def|1
|
|-heal|p2a: Okidogi|91/100|[from] item: Leftovers
|upkeep
|turn|3
|
|t:|1758290579
|move|p1a: Gholdengo|Make It Rain|p2a: Okidogi
|-damage|p2a: Okidogi|43/100
|-unboost|p1a: Gholdengo|spa|1
|move|p2a: Okidogi|Bulk Up|p2a: Okidogi
|-boost|p2a: Okidogi|atk|1
|-boost|p2a: Okidogi|def|1
|
|-heal|p2a: Okidogi|49/100|[from] item: Leftovers
|upkeep
|turn|4
|
|t:|1758290591
|switch|p1a: Lokix|Lokix, M|81/100
|move|p2a: Okidogi|Knock Off|p1a: Lokix
|-resisted|p1a: Lokix
|-damage|p1a: Lokix|41/100
|-enditem|p1a: Lokix|Life Orb|[from] move: Knock Off|[of] p2a: Okidogi
|
|-heal|p2a: Okidogi|55/100|[from] item: Leftovers
|upkeep
|turn|5
|
|t:|1758290602
|move|p1a: Lokix|Knock Off|p2a: Okidogi
|-resisted|p2a: Okidogi
|-damage|p2a: Okidogi|37/100
|-enditem|p2a: Okidogi|Leftovers|[from] move: Knock Off|[of] p1a: Lokix
|move|p2a: Okidogi|Drain Punch|p1a: Lokix
|-damage|p1a: Lokix|0 fnt
|-heal|p2a: Okidogi|53/100|[from] drain|[of] p1a: Lokix
|faint|p1a: Lokix
|
|upkeep
|
|t:|1758290619
|switch|p1a: Gholdengo|Gholdengo|100/100
|turn|6
|
|t:|1758290622
|move|p1a: Gholdengo|Make It Rain|p2a: Okidogi
|-damage|p2a: Okidogi|5/100
|-unboost|p1a: Gholdengo|spa|1
|move|p2a: Okidogi|Knock Off|p1a: Gholdengo
|-supereffective|p1a: Gholdengo
|-damage|p1a: Gholdengo|0 fnt
|-enditem|p1a: Gholdengo|Choice Scarf|[from] move: Knock Off|[of] p2a: Okidogi
|faint|p1a: Gholdengo
|
|upkeep
|
|t:|1758290625
|switch|p1a: Cinderace|Cinderace, F|100/100
|turn|7
|
|t:|1758290638
|move|p1a: Cinderace|Pyro Ball|p2a: Okidogi
|-damage|p2a: Okidogi|0 fnt
|faint|p2a: Okidogi
|
|upkeep
|
|t:|1758290645
|switch|p2a: Gastrodon|Gastrodon, F|100/100
|turn|8
|l|☆shrek5baby
|inactive|shrek5baby disconnected and has a minute to reconnect!
|player|p1|
|inactive|shrek5baby has 30 seconds to reconnect!
|inactive|shrek5baby has 20 seconds to reconnect!
|inactive|shrek5baby has 15 seconds to reconnect!
|inactive|shrek5baby has 10 seconds to reconnect!
|inactive|shrek5baby has 5 seconds to reconnect!
|-message|shrek5baby lost due to inactivity.
|
|win|bena13
|raw|shrek5baby's rating: 1300 &rarr; <strong>1275</strong><br />(-25 for losing)
|raw|bena13's rating: 1296 &rarr; <strong>1321</strong><br />(+25 for winning)
|l|☆bena13
|player|p2|
