|j|☆wispycrunchy48
|j|☆nonaud11
|t:|1758306122
|gametype|singles
|player|p1|wispycrunchy48|veteran|1146
|player|p2|nonaud11|1|1164
|gen|9
|tier|[Gen 9] OU
|rated|
|rule|HP Percentage Mod: HP is shown in percentages
|rule|Endless Battle Clause: Forcing endless battles is banned
|rule|Species Clause: Limit one of each Pokémon
|rule|OHKO Clause: OHKO moves are banned
|rule|Evasion Items Clause: Evasion items are banned
|rule|Evasion Moves Clause: Evasion moves are banned
|rule|Evasion Abilities Clause: Evasion abilities are banned
|rule|Sleep Moves Clause: Sleep-inducing moves are banned
|clearpoke
|poke|p1|Charizard, F|
|poke|p1|Pelipper, M|
|poke|p1|Luvdisc, F|
|poke|p1|Virizion|
|poke|p1|Empoleon, M|
|poke|p1|Cryogonal|
|poke|p2|Arcanine-Hisui, M|
|poke|p2|Gliscor, M|
|poke|p2|Great Tusk|
|poke|p2|Darkrai|
|poke|p2|Slowking-Galar, F|
|poke|p2|Rillaboom, F|
|teampreview
|
|t:|1758306131
|teamsize|p1|6
|teamsize|p2|6
|start
|switch|p1a: Napoleon|Empoleon, M|100/100
|switch|p2a: Arcanine|Arcanine-Hisui, M|100/100
|turn|1
|
|t:|1758306138
|switch|p2a: Slowking|Slowking-Galar, F|100/100
|move|p1a: Napoleon|Stealth Rock|p2a: Slowking
|-sidestart|p2: nonaud11|move: Stealth Rock
|
|upkeep
|turn|2
|
|t:|1758306144
|move|p1a: Napoleon|Flip Turn|p2a: Slowking
|-crit|p2a: Slowking
|-damage|p2a: Slowking|77/100
|
|t:|1758306157
|switch|p1a: BBL|Pelipper, M|100/100|[from] Flip Turn
|-weather|RainDance|[from] ability: Drizzle|[of] p1a: BBL
|move|p2a: Slowking|Future Sight|p1a: BBL
|-start|p2a: Slowking|move: Future Sight
|
|-weather|RainDance|[upkeep]
|upkeep
|turn|3
|
|t:|1758306166
|move|p1a: BBL|Tailwind|p1a: BBL
|-sidestart|p1: wispycrunchy48|move: Tailwind
|-prepare|p2a: Slowking|Chilly Reception|[premajor]
|move|p2a: Slowking|Chilly Reception|p2a: Slowking
|-weather|Snowscape
|
|t:|1758306183
|switch|p2a: Rillaboom|Rillaboom, F|100/100|[from] Chilly Reception
|-damage|p2a: Rillaboom|88/100|[from] Stealth Rock
|-fieldstart|move: Grassy Terrain|[from] ability: Grassy Surge|[of] p2a: Rillaboom
|
|-weather|Snowscape|[upkeep]
|-heal|p2a: Rillaboom|94/100|[from] Grassy Terrain
|upkeep
|turn|4
|inactive|Battle timer is ON: inactive players will automatically lose when time's up. (requested by nonaud11)
|
|t:|1758306214
|move|p1a: BBL|U-turn|p2a: Rillaboom
|-supereffective|p2a: Rillaboom
|-damage|p2a: Rillaboom|76/100
|
|t:|1758306223
|switch|p1a: Sriracha|Charizard, F, shiny|100/100|[from] U-turn
|move|p2a: Rillaboom|U-turn|p1a: Sriracha
|-resisted|p1a: Sriracha
|-damage|p1a: Sriracha|89/100
|
|t:|1758306229
|switch|p2a: Arcanine|Arcanine-Hisui, M|100/100|[from] U-turn
|-damage|p2a: Arcanine|76/100|[from] Stealth Rock
|
|-weather|Snowscape|[upkeep]
|-end|p1a: Sriracha|move: Future Sight
|-damage|p1a: Sriracha|28/100
|-heal|p2a: Arcanine|82/100|[from] Grassy Terrain
|upkeep
|turn|5
|
|t:|1758306238
|-terastallize|p2a: Arcanine|Normal
|move|p2a: Arcanine|Extreme Speed|p1a: Sriracha
|-damage|p1a: Sriracha|0 fnt
|faint|p1a: Sriracha
|-damage|p2a: Arcanine|72/100|[from] item: Life Orb
|
|-weather|Snowscape|[upkeep]
|-heal|p2a: Arcanine|78/100|[from] Grassy Terrain
|upkeep
|
|t:|1758306245
|switch|p1a: Napoleon|Empoleon, M|100/100
|turn|6
|
|t:|1758306256
|move|p1a: Napoleon|Surf|p2a: Arcanine
|-damage|p2a: Arcanine|19/100
|move|p2a: Arcanine|Head Smash|p1a: Napoleon
|-resisted|p1a: Napoleon
|-damage|p1a: Napoleon|56/100
|-damage|p2a: Arcanine|9/100|[from] item: Life Orb
|
|-weather|Snowscape|[upkeep]
|-heal|p1a: Napoleon|63/100|[from] Grassy Terrain
|-heal|p1a: Napoleon|69/100|[from] item: Leftovers
|-heal|p2a: Arcanine|15/100|[from] Grassy Terrain
|-sideend|p1: wispycrunchy48|move: Tailwind
|upkeep
|turn|7
|
|t:|1758306268
|move|p2a: Arcanine|Flare Blitz|p1a: Napoleon
|-crit|p1a: Napoleon
|-damage|p1a: Napoleon|0 fnt
|faint|p1a: Napoleon
|-damage|p2a: Arcanine|5/100|[from] item: Life Orb
|
|-weather|none
|-heal|p2a: Arcanine|11/100|[from] Grassy Terrain
|-fieldend|move: Grassy Terrain
|upkeep
|
|t:|1758306273
|switch|p1a: BBL|Pelipper, M|100/100
|-weather|RainDance|[from] ability: Drizzle|[of] p1a: BBL
|turn|8
|
|t:|1758306279
|move|p2a: Arcanine|Head Smash|p1a: BBL
|-supereffective|p1a: BBL
|-damage|p1a: BBL|0 fnt
|faint|p1a: BBL
|-damage|p2a: Arcanine|1/100|[from] item: Life Orb
|
|-weather|RainDance|[upkeep]
|upkeep
|
|t:|1758306288
|switch|p1a: Wireless|Virizion|100/100
|turn|9
|
|t:|1758306297
|move|p2a: Arcanine|Extreme Speed|p1a: Wireless
|-damage|p1a: Wireless|27/100
|-damage|p2a: Arcanine|0 fnt|[from] item: Life Orb
|faint|p2a: Arcanine
|move|p1a: Wireless|Swords Dance|p1a: Wireless
|-boost|p1a: Wireless|atk|2
|
|-weather|RainDance|[upkeep]
|upkeep
|
|t:|1758306304
|switch|p2a: Darkrai|Darkrai|100/100
|-damage|p2a: Darkrai|88/100|[from] Stealth Rock
|turn|10
|
|t:|1758306309
|move|p2a: Darkrai|Sludge Bomb|p1a: Wireless
|-supereffective|p1a: Wireless
|-damage|p1a: Wireless|0 fnt
|faint|p1a: Wireless
|
|-weather|RainDance|[upkeep]
|upkeep
|
|t:|1758306311
|switch|p1a: GADNUK|Luvdisc, F|100/100
|turn|11
|
|t:|1758306320
|switch|p2a: Slowking|Slowking-Galar, F|100/100
|move|p1a: GADNUK|Hydro Pump|p2a: Slowking|[miss]
|-miss|p1a: GADNUK|p2a: Slowking
|
|-weather|RainDance|[upkeep]
|upkeep
|turn|12
|
|t:|1758306326
|move|p1a: GADNUK|Hydro Pump|p2a: Slowking
|-damage|p2a: Slowking|59/100
|-prepare|p2a: Slowking|Chilly Reception|[premajor]
|move|p2a: Slowking|Chilly Reception|p2a: Slowking
|-weather|Snowscape
|
|t:|1758306332
|switch|p2a: Rillaboom|Rillaboom, F|76/100|[from] Chilly Reception
|-damage|p2a: Rillaboom|64/100|[from] Stealth Rock
|-fieldstart|move: Grassy Terrain|[from] ability: Grassy Surge|[of] p2a: Rillaboom
|
|-weather|Snowscape|[upkeep]
|-heal|p2a: Rillaboom|70/100|[from] Grassy Terrain
|upkeep
|turn|13
|
|t:|1758306341
|switch|p1a: McFlurry|Cryogonal|100/100
|move|p2a: Rillaboom|Wood Hammer|p1a: McFlurry
|-damage|p1a: McFlurry|0 fnt
|faint|p1a: McFlurry
|-damage|p2a: Rillaboom|41/100|[from] Recoil
|
|-weather|Snowscape|[upkeep]
|-heal|p2a: Rillaboom|47/100|[from] Grassy Terrain
|upkeep
|
|t:|1758306346
|switch|p1a: GADNUK|Luvdisc, F|100/100
|turn|14
|
|t:|1758306357
|switch|p2a: Slowking|Slowking-Galar, F|92/100
|move|p1a: GADNUK|Ice Beam|p2a: Slowking
|-damage|p2a: Slowking|77/100
|
|-weather|Snowscape|[upkeep]
|-heal|p2a: Slowking|83/100|[from] Grassy Terrain
|upkeep
|turn|15
|-message|wispycrunchy48 forfeited.
|
|win|nonaud11
|raw|wispycrunchy48's rating: 1146 &rarr; <strong>1122</strong><br />(-24 for losing)
|raw|nonaud11's rating: 1164 &rarr; <strong>1188</strong><br />(+24 for winning)
|l|☆wispycrunchy48
|player|p1|
|l|☆nonaud11
|player|p2|
