|j|☆fashion people时尚人
|j|☆AminitraboTTT
|t:|1758297240
|gametype|singles
|player|p1|fashion people时尚人|brock|
|player|p2|AminitraboTTT|supernerd|
|gen|9
|tier|[Gen 9] OU
|rule|HP Percentage Mod: HP is shown in percentages
|rule|Endless Battle Clause: Forcing endless battles is banned
|rule|Species Clause: Limit one of each Pokémon
|rule|OHKO Clause: OHKO moves are banned
|rule|Evasion Items Clause: Evasion items are banned
|rule|Evasion Moves Clause: Evasion moves are banned
|rule|Evasion Abilities Clause: Evasion abilities are banned
|rule|Sleep Moves Clause: Sleep-inducing moves are banned
|clearpoke
|poke|p1|Gholdengo|
|poke|p1|Samurott-Hisui, M|
|poke|p1|Moltres|
|poke|p1|Great Tusk|
|poke|p1|Clefable, M|
|poke|p1|Kingambit, F|
|poke|p2|Gliscor, F|
|poke|p2|Alomomola, M|
|poke|p2|Gholdengo|
|poke|p2|Hoopa-Unbound|
|poke|p2|Cinderace, M|
|poke|p2|Zamazenta-*|
|teampreview
|c|☆AminitraboTTT|Hola, soy AminitraboTTT, el bot de la sala Español. gl hf
|inactive|Battle timer is ON: inactive players will automatically lose when time's up. (requested by AminitraboTTT)
|
|t:|1758297245
|teamsize|p1|6
|teamsize|p2|6
|start
|switch|p1a: Samurott|Samurott-Hisui, M|100/100
|switch|p2a: Zamazenta|Zamazenta|100/100
|-ability|p2a: Zamazenta|Dauntless Shield|boost
|-boost|p2a: Zamazenta|def|1
|turn|1
|
|t:|1758297247
|switch|p1a: Clefable|Clefable, M|100/100
|move|p2a: Zamazenta|Roar|p1a: Clefable
|drag|p1a: Kingambit|Kingambit, F|100/100
|
|upkeep
|turn|2
|
|t:|1758297250
|switch|p1a: Clefable|Clefable, M|100/100
|-terastallize|p2a: Zamazenta|Steel
|move|p2a: Zamazenta|Body Press|p1a: Clefable
|-resisted|p1a: Clefable
|-damage|p1a: Clefable|86/100
|
|upkeep
|turn|3
|
|t:|1758297253
|switch|p2a: Gholdengo|Gholdengo|100/100
|move|p1a: Clefable|Thunder Wave|p2a: Gholdengo
|-immune|p2a: Gholdengo|[from] ability: Good as Gold
|
|upkeep
|turn|4
|
|t:|1758297255
|switch|p1a: Samurott|Samurott-Hisui, M|100/100
|move|p2a: Gholdengo|Make It Rain|p1a: Samurott
|-resisted|p1a: Samurott
|-damage|p1a: Samurott|78/100
|-unboost|p2a: Gholdengo|spa|1
|
|upkeep
|turn|5
|
|t:|1758297258
|switch|p2a: Alomomola|Alomomola, M|100/100
|move|p1a: Samurott|Ceaseless Edge|p2a: Alomomola
|-damage|p2a: Alomomola|76/100
|-sidestart|p2: AminitraboTTT|Spikes
|-enditem|p2a: Alomomola|Red Card|[of] p1a: Samurott
|drag|p1a: Great Tusk|Great Tusk|100/100
|
|upkeep
|turn|6
|
|t:|1758297262
|switch|p2a: Gliscor|Gliscor, F|100/100
|move|p1a: Great Tusk|Stealth Rock|p2a: Gliscor
|-sidestart|p2: AminitraboTTT|move: Stealth Rock
|
|-status|p2a: Gliscor|tox|[from] item: Toxic Orb
|upkeep
|turn|7
|
|t:|1758297267
|-end|p1a: Great Tusk|Protosynthesis|[silent]
|switch|p1a: Samurott|Samurott-Hisui, M|78/100
|move|p2a: Gliscor|Protect||[still]
|-fail|p2a: Gliscor
|
|upkeep
|turn|8
|
|t:|1758297269
|switch|p2a: Alomomola|Alomomola, M|100/100
|-damage|p2a: Alomomola|88/100|[from] Spikes
|-damage|p2a: Alomomola|76/100|[from] Stealth Rock
|move|p1a: Samurott|Razor Shell|p2a: Alomomola
|-resisted|p2a: Alomomola
|-damage|p2a: Alomomola|62/100
|
|upkeep
|turn|9
|
|t:|1758297273
|move|p1a: Samurott|Knock Off|p2a: Alomomola
|-crit|p2a: Alomomola
|-damage|p2a: Alomomola|40/100
|move|p2a: Alomomola|Acrobatics|p1a: Samurott
|-damage|p1a: Samurott|56/100
|
|upkeep
|turn|10
|
|t:|1758297279
|move|p1a: Samurott|Ceaseless Edge|p2a: Alomomola
|-damage|p2a: Alomomola|17/100
|-sidestart|p2: AminitraboTTT|Spikes
|move|p2a: Alomomola|Wish|p2a: Alomomola
|
|upkeep
|turn|11
|
|t:|1758297282
|move|p1a: Samurott|Ceaseless Edge|p2a: Alomomola
|-damage|p2a: Alomomola|0 fnt
|-sidestart|p2: AminitraboTTT|Spikes
|faint|p2a: Alomomola
|
|upkeep
|
|t:|1758297282
|switch|p2a: Hoopa|Hoopa-Unbound|100/100
|-damage|p2a: Hoopa|76/100|[from] Spikes
|-damage|p2a: Hoopa|63/100|[from] Stealth Rock
|turn|12
|
|t:|1758297289
|switch|p1a: Clefable|Clefable, M|86/100
|move|p2a: Hoopa|Thunderbolt|p1a: Clefable
|-damage|p1a: Clefable|53/100
|
|upkeep
|turn|13
|
|t:|1758297292
|move|p2a: Hoopa|Gunk Shot|p1a: Clefable
|-supereffective|p1a: Clefable
|-damage|p1a: Clefable|0 fnt
|faint|p1a: Clefable
|
|upkeep
|
|t:|1758297302
|switch|p1a: Kingambit|Kingambit, F|100/100
|turn|14
|j| vywxiwjxjwk
|
|t:|1758297310
|switch|p2a: Cinderace|Cinderace, M|100/100
|move|p1a: Kingambit|Swords Dance|p1a: Kingambit
|-boost|p1a: Kingambit|atk|2
|
|upkeep
|turn|15
|
|t:|1758297314
|-terastallize|p1a: Kingambit|Flying
|move|p2a: Cinderace|Pyro Ball|p1a: Kingambit
|-damage|p1a: Kingambit|60/100
|move|p1a: Kingambit|Swords Dance|p1a: Kingambit
|-boost|p1a: Kingambit|atk|2
|
|-heal|p1a: Kingambit|67/100|[from] item: Leftovers
|upkeep
|turn|16
|
|t:|1758297317
|move|p1a: Kingambit|Sucker Punch|p2a: Cinderace
|-damage|p2a: Cinderace|0 fnt
|faint|p2a: Cinderace
|
|-heal|p1a: Kingambit|73/100|[from] item: Leftovers
|upkeep
|
|t:|1758297317
|switch|p2a: Gholdengo|Gholdengo|100/100
|-damage|p2a: Gholdengo|76/100|[from] Spikes
|-damage|p2a: Gholdengo|70/100|[from] Stealth Rock
|turn|17
|
|t:|1758297319
|move|p1a: Kingambit|Sucker Punch|p2a: Gholdengo
|-supereffective|p2a: Gholdengo
|-damage|p2a: Gholdengo|0 fnt
|faint|p2a: Gholdengo
|
|-heal|p1a: Kingambit|79/100|[from] item: Leftovers
|upkeep
|
|t:|1758297319
|switch|p2a: Zamazenta|Zamazenta, tera:Steel|100/100
|-damage|p2a: Zamazenta|76/100|[from] Spikes
|-damage|p2a: Zamazenta|70/100|[from] Stealth Rock
|turn|18
|
|t:|1758297322
|move|p1a: Kingambit|Sucker Punch|p2a: Zamazenta
|-damage|p2a: Zamazenta|0 fnt
|faint|p2a: Zamazenta
|
|-heal|p1a: Kingambit|85/100|[from] item: Leftovers
|upkeep
|
|t:|1758297322
|switch|p2a: Hoopa|Hoopa-Unbound|63/100
|-damage|p2a: Hoopa|39/100|[from] Spikes
|-damage|p2a: Hoopa|26/100|[from] Stealth Rock
|turn|19
|
|t:|1758297324
|move|p1a: Kingambit|Sucker Punch|p2a: Hoopa
|-damage|p2a: Hoopa|0 fnt
|faint|p2a: Hoopa
|
|-heal|p1a: Kingambit|91/100|[from] item: Leftovers
|upkeep
|
|t:|1758297324
|switch|p2a: Gliscor|Gliscor, F|100/100 tox
|-damage|p2a: Gliscor|88/100 tox|[from] Stealth Rock
|turn|20
|
|t:|1758297326
|move|p2a: Gliscor|Swords Dance|p2a: Gliscor
|-boost|p2a: Gliscor|atk|2
|move|p1a: Kingambit|Kowtow Cleave|p2a: Gliscor
|-damage|p2a: Gliscor|0 fnt
|faint|p2a: Gliscor
|
|win|fashion people时尚人
|c|☆AminitraboTTT|:(
|l|☆AminitraboTTT
|player|p2|
|l|☆fashion people时尚人
|player|p1|
