|j|☆Shibuya Arc
|j|☆KittyCatViolet379
|t:|1758249443
|gametype|singles
|player|p1|Shibuya Arc|265|1442
|player|p2|KittyCatViolet379|battlegirl-gen4|1440
|gen|9
|tier|[Gen 9] OU
|rated|
|rule|HP Percentage Mod: HP is shown in percentages
|rule|Endless Battle Clause: Forcing endless battles is banned
|rule|Species Clause: Limit one of each Pokémon
|rule|OHKO Clause: OHKO moves are banned
|rule|Evasion Items Clause: Evasion items are banned
|rule|Evasion Moves Clause: Evasion moves are banned
|rule|Evasion Abilities Clause: Evasion abilities are banned
|rule|Sleep Moves Clause: Sleep-inducing moves are banned
|clearpoke
|poke|p1|Dragapult, F|
|poke|p1|Dragonite, F|
|poke|p1|Ting-Lu|
|poke|p1|Weezing-Galar, F|
|poke|p1|Iron Crown|
|poke|p1|Zapdos|
|poke|p2|Meowscarada, F|
|poke|p2|Primarina, F|
|poke|p2|Great Tusk|
|poke|p2|Iron Moth|
|poke|p2|Scizor, M|
|poke|p2|Dragonite, M|
|teampreview
|
|t:|1758249452
|teamsize|p1|6
|teamsize|p2|6
|start
|switch|p1a: Iron Crown|Iron Crown|100/100
|switch|p2a: Silas|Scizor, M|100/100
|turn|1
|inactive|Battle timer is ON: inactive players will automatically lose when time's up. (requested by Shibuya Arc)
|
|t:|1758249456
|move|p1a: Iron Crown|Volt Switch|p2a: Silas
|-damage|p2a: Silas|53/100
|
|t:|1758249469
|-end|p1a: Iron Crown|Quark Drive|[silent]
|switch|p1a: Weezing|Weezing-Galar, F|100/100|[from] Volt Switch
|-ability|p1a: Weezing|Neutralizing Gas
|move|p2a: Silas|Knock Off|p1a: Weezing
|-resisted|p1a: Weezing
|-damage|p1a: Weezing|82/100
|-enditem|p1a: Weezing|Heavy-Duty Boots|[from] move: Knock Off|[of] p2a: Silas
|
|upkeep
|turn|2
|
|t:|1758249481
|switch|p2a: Zalophie|Primarina, F, shiny|100/100
|move|p1a: Weezing|Will-O-Wisp|p2a: Zalophie
|-status|p2a: Zalophie|brn
|
|-damage|p2a: Zalophie|94/100 brn|[from] brn
|upkeep
|turn|3
|
|t:|1758249486
|-end|p1a: Weezing|ability: Neutralizing Gas
|switch|p1a: Iron Crown|Iron Crown|100/100
|move|p2a: Zalophie|Psychic Noise|p1a: Iron Crown
|-resisted|p1a: Iron Crown
|-damage|p1a: Iron Crown|93/100
|-start|p1a: Iron Crown|move: Heal Block
|
|-damage|p2a: Zalophie|88/100 brn|[from] brn
|upkeep
|turn|4
|
|t:|1758249496
|move|p1a: Iron Crown|Tachyon Cutter|p2a: Zalophie
|-damage|p2a: Zalophie|62/100 brn
|-damage|p2a: Zalophie|39/100 brn
|-hitcount|p2a: Zalophie|2
|move|p2a: Zalophie|Flip Turn|p1a: Iron Crown
|-damage|p1a: Iron Crown|86/100
|
|t:|1758249502
|switch|p2a: Mecha Mothra|Iron Moth|100/100|[from] Flip Turn
|-enditem|p2a: Mecha Mothra|Booster Energy
|-activate|p2a: Mecha Mothra|ability: Quark Drive|[fromitem]
|-start|p2a: Mecha Mothra|quarkdrivespe
|
|-end|p1a: Iron Crown|move: Heal Block
|upkeep
|turn|5
|
|t:|1758249510
|-end|p1a: Iron Crown|Quark Drive|[silent]
|switch|p1a: Ting-Lu|Ting-Lu|100/100
|-ability|p1a: Ting-Lu|Vessel of Ruin
|move|p2a: Mecha Mothra|Substitute|p2a: Mecha Mothra
|-start|p2a: Mecha Mothra|Substitute
|-damage|p2a: Mecha Mothra|76/100
|
|upkeep
|turn|6
|
|t:|1758249520
|-terastallize|p2a: Mecha Mothra|Fairy
|move|p2a: Mecha Mothra|Dazzling Gleam|p1a: Ting-Lu
|-supereffective|p1a: Ting-Lu
|-damage|p1a: Ting-Lu|65/100
|move|p1a: Ting-Lu|Stealth Rock|p2a: Mecha Mothra
|-sidestart|p2: KittyCatViolet379|move: Stealth Rock
|
|-heal|p1a: Ting-Lu|71/100|[from] item: Leftovers
|upkeep
|turn|7
|
|t:|1758249527
|-terastallize|p1a: Ting-Lu|Water
|move|p2a: Mecha Mothra|Dazzling Gleam|p1a: Ting-Lu
|-damage|p1a: Ting-Lu|56/100
|move|p1a: Ting-Lu|Ruination|p2a: Mecha Mothra
|-end|p2a: Mecha Mothra|Substitute
|
|-heal|p1a: Ting-Lu|62/100|[from] item: Leftovers
|upkeep
|turn|8
|
|t:|1758249534
|move|p2a: Mecha Mothra|Sludge Wave|p1a: Ting-Lu
|-damage|p1a: Ting-Lu|42/100
|move|p1a: Ting-Lu|Ruination|p2a: Mecha Mothra
|-damage|p2a: Mecha Mothra|38/100
|
|-heal|p1a: Ting-Lu|48/100|[from] item: Leftovers
|upkeep
|turn|9
|
|t:|1758249542
|move|p2a: Mecha Mothra|Sludge Wave|p1a: Ting-Lu
|-damage|p1a: Ting-Lu|28/100
|move|p1a: Ting-Lu|Earthquake|p2a: Mecha Mothra
|-damage|p2a: Mecha Mothra|0 fnt
|faint|p2a: Mecha Mothra
|-end|p2a: Mecha Mothra|Quark Drive|[silent]
|
|-heal|p1a: Ting-Lu|35/100|[from] item: Leftovers
|upkeep
|
|t:|1758249549
|switch|p2a: Nyallia|Meowscarada, F|100/100
|-damage|p2a: Nyallia|88/100|[from] Stealth Rock
|turn|10
|
|t:|1758249553
|switch|p1a: Weezing|Weezing-Galar, F|82/100
|-ability|p1a: Weezing|Neutralizing Gas
|move|p2a: Nyallia|Flower Trick|p1a: Weezing
|-resisted|p1a: Weezing
|-crit|p1a: Weezing
|-damage|p1a: Weezing|67/100
|
|upkeep
|turn|11
|
|t:|1758249564
|switch|p2a: Zalophie|Primarina, F, shiny|39/100 brn
|-damage|p2a: Zalophie|26/100 brn|[from] Stealth Rock
|move|p1a: Weezing|Will-O-Wisp|p2a: Zalophie
|-fail|p2a: Zalophie|brn
|
|-damage|p2a: Zalophie|20/100 brn|[from] brn
|upkeep
|turn|12
|
|t:|1758249568
|-end|p1a: Weezing|ability: Neutralizing Gas
|switch|p1a: Ting-Lu|Ting-Lu, tera:Water|35/100
|-ability|p1a: Ting-Lu|Vessel of Ruin
|move|p2a: Zalophie|Whirlpool|p1a: Ting-Lu
|-resisted|p1a: Ting-Lu
|-damage|p1a: Ting-Lu|28/100
|-activate|p1a: Ting-Lu|move: Whirlpool|[of] p2a: Zalophie
|
|-heal|p1a: Ting-Lu|34/100|[from] item: Leftovers
|-damage|p2a: Zalophie|14/100 brn|[from] brn
|-damage|p1a: Ting-Lu|22/100|[from] move: Whirlpool|[partiallytrapped]
|upkeep
|turn|13
|
|t:|1758249576
|move|p2a: Zalophie|Moonblast|p1a: Ting-Lu
|-damage|p1a: Ting-Lu|1/100
|-unboost|p1a: Ting-Lu|spa|1
|move|p1a: Ting-Lu|Earthquake|p2a: Zalophie
|-damage|p2a: Zalophie|0 fnt
|faint|p2a: Zalophie
|
|-heal|p1a: Ting-Lu|7/100|[from] item: Leftovers
|-end|p1a: Ting-Lu|Whirlpool|[partiallytrapped]|[silent]
|upkeep
|
|t:|1758249589
|switch|p2a: Nyallia|Meowscarada, F|88/100
|-damage|p2a: Nyallia|76/100|[from] Stealth Rock
|turn|14
|
|t:|1758249593
|switch|p1a: Weezing|Weezing-Galar, F|67/100
|-ability|p1a: Weezing|Neutralizing Gas
|move|p2a: Nyallia|U-turn|p1a: Weezing
|-resisted|p1a: Weezing
|-damage|p1a: Weezing|63/100
|
|t:|1758249600
|switch|p2a: Silas|Scizor, M|53/100|[from] U-turn
|-damage|p2a: Silas|41/100|[from] Stealth Rock
|
|upkeep
|turn|15
|
|t:|1758249605
|-end|p1a: Weezing|ability: Neutralizing Gas
|switch|p1a: Zapdos|Zapdos|100/100
|move|p2a: Silas|U-turn|p1a: Zapdos
|-resisted|p1a: Zapdos
|-damage|p1a: Zapdos|66/100
|
|t:|1758249609
|switch|p2a: Ononokus|Dragonite, M|100/100|[from] U-turn
|
|upkeep
|turn|16
|
|t:|1758249614
|move|p1a: Zapdos|Volt Switch|p2a: Ononokus
|-damage|p2a: Ononokus|83/100
|
|t:|1758249624
|switch|p1a: Ting-Lu|Ting-Lu, tera:Water|7/100|[from] Volt Switch
|-ability|p1a: Ting-Lu|Vessel of Ruin
|move|p2a: Ononokus|Dragon Dance|p2a: Ononokus
|-boost|p2a: Ononokus|atk|1
|-boost|p2a: Ononokus|spe|1
|
|-heal|p1a: Ting-Lu|13/100|[from] item: Leftovers
|upkeep
|turn|17
|
|t:|1758249631
|move|p2a: Ononokus|Earthquake|p1a: Ting-Lu
|-damage|p1a: Ting-Lu|0 fnt
|faint|p1a: Ting-Lu
|
|upkeep
|
|t:|1758249639
|switch|p1a: Dragapult|Dragapult, F|100/100
|turn|18
|
|t:|1758249643
|move|p1a: Dragapult|Will-O-Wisp|p2a: Ononokus
|-status|p2a: Ononokus|brn
|move|p2a: Ononokus|Ice Spinner|p1a: Dragapult
|-supereffective|p1a: Dragapult
|-damage|p1a: Dragapult|35/100
|
|-damage|p2a: Ononokus|77/100 brn|[from] brn
|upkeep
|turn|19
|
|t:|1758249651
|move|p1a: Dragapult|Dragon Darts|p2a: Ononokus
|-supereffective|p2a: Ononokus
|-damage|p2a: Ononokus|28/100 brn
|-anim|p1a: Dragapult|Dragon Darts|p2a: Ononokus
|-supereffective|p2a: Ononokus
|-damage|p2a: Ononokus|0 fnt
|faint|p2a: Ononokus
|
|upkeep
|
|t:|1758249655
|switch|p2a: Nyallia|Meowscarada, F|76/100
|-damage|p2a: Nyallia|64/100|[from] Stealth Rock
|turn|20
|
|t:|1758249659
|switch|p1a: Weezing|Weezing-Galar, F|63/100
|-ability|p1a: Weezing|Neutralizing Gas
|move|p2a: Nyallia|Triple Axel|p1a: Weezing|[miss]
|-miss|p2a: Nyallia|p1a: Weezing
|
|upkeep
|turn|21
|
|t:|1758249670
|switch|p2a: Tuskma Male|Great Tusk|100/100
|move|p1a: Weezing|Will-O-Wisp|p2a: Tuskma Male
|-status|p2a: Tuskma Male|brn
|
|-damage|p2a: Tuskma Male|94/100 brn|[from] brn
|upkeep
|turn|22
|
|t:|1758249674
|-end|p1a: Weezing|ability: Neutralizing Gas
|switch|p1a: Dragapult|Dragapult, F|35/100
|move|p2a: Tuskma Male|Stealth Rock|p1a: Dragapult
|-sidestart|p1: Shibuya Arc|move: Stealth Rock
|
|-damage|p2a: Tuskma Male|88/100 brn|[from] brn
|upkeep
|turn|23
|
|t:|1758249679
|move|p1a: Dragapult|Hex|p2a: Tuskma Male
|-damage|p2a: Tuskma Male|1/100 brn
|move|p2a: Tuskma Male|Ice Spinner|p1a: Dragapult
|-supereffective|p1a: Dragapult
|-crit|p1a: Dragapult
|-damage|p1a: Dragapult|0 fnt
|faint|p1a: Dragapult
|
|-damage|p2a: Tuskma Male|0 fnt|[from] brn
|faint|p2a: Tuskma Male
|-end|p2a: Tuskma Male|Protosynthesis|[silent]
|upkeep
|
|t:|1758249688
|switch|p1a: Dragonite|Dragonite, F|100/100
|switch|p2a: Silas|Scizor, M|41/100
|-damage|p2a: Silas|28/100|[from] Stealth Rock
|turn|24
|
|t:|1758249692
|move|p2a: Silas|Bullet Punch|p1a: Dragonite
|-damage|p1a: Dragonite|76/100
|move|p1a: Dragonite|Earthquake|p2a: Silas
|-damage|p2a: Silas|0 fnt
|faint|p2a: Silas
|
|upkeep
|
|t:|1758249695
|switch|p2a: Nyallia|Meowscarada, F|64/100
|-damage|p2a: Nyallia|51/100|[from] Stealth Rock
|turn|25
|
|t:|1758249699
|move|p1a: Dragonite|Extreme Speed|p2a: Nyallia
|-damage|p2a: Nyallia|2/100
|move|p2a: Nyallia|Triple Axel|p1a: Dragonite
|-start|p2a: Nyallia|typechange|Ice|[from] ability: Protean
|-supereffective|p1a: Dragonite
|-damage|p1a: Dragonite|35/100
|-hitcount|p1a: Dragonite|1
|
|upkeep
|turn|26
|c|☆KittyCatViolet379|ggs
|
|t:|1758249708
|move|p1a: Dragonite|Extreme Speed|p2a: Nyallia
|-damage|p2a: Nyallia|0 fnt
|faint|p2a: Nyallia
|
|win|Shibuya Arc
|raw|Shibuya Arc's rating: 1442 &rarr; <strong>1462</strong><br />(+20 for winning)
|raw|KittyCatViolet379's rating: 1440 &rarr; <strong>1420</strong><br />(-20 for losing)
|l|☆Shibuya Arc
|player|p1|
