|j|☆evin
|j|☆cmstnbttlx2
|t:|1758235215
|gametype|singles
|player|p1|evin|266|1453
|player|p2|cmstnbttlx2|cheren-gen5bw2|1541
|gen|9
|tier|[Gen 9] OU
|rated|
|rule|HP Percentage Mod: HP is shown in percentages
|rule|Endless Battle Clause: Forcing endless battles is banned
|rule|Species Clause: Limit one of each Pokémon
|rule|OHKO Clause: OHKO moves are banned
|rule|Evasion Items Clause: Evasion items are banned
|rule|Evasion Moves Clause: Evasion moves are banned
|rule|Evasion Abilities Clause: Evasion abilities are banned
|rule|Sleep Moves Clause: Sleep-inducing moves are banned
|clearpoke
|poke|p1|Ursaluna, F|
|poke|p1|Garchomp, F|
|poke|p1|Noivern, F|
|poke|p1|Avalugg, F|
|poke|p1|Lucario, M|
|poke|p1|Iron Valiant|
|poke|p2|Iron Valiant|
|poke|p2|Samurott-Hisui, F|
|poke|p2|Gholdengo|
|poke|p2|Weavile, F|
|poke|p2|Landorus-Therian, M|
|poke|p2|Kingambit, F|
|teampreview
|inactive|Battle timer is ON: inactive players will automatically lose when time's up. (requested by cmstnbttlx2)
|inactive|evin has 120 seconds left.
|
|t:|1758235281
|teamsize|p1|6
|teamsize|p2|6
|start
|switch|p1a: Avalugg|Avalugg, F|100/100
|switch|p2a: Samurott|Samurott-Hisui, F|100/100
|turn|1
|
|t:|1758235286
|move|p2a: Samurott|Knock Off|p1a: Avalugg
|-damage|p1a: Avalugg|74/100
|-enditem|p1a: Avalugg|Heavy-Duty Boots|[from] move: Knock Off|[of] p2a: Samurott
|move|p1a: Avalugg|Body Press|p2a: Samurott
|-supereffective|p2a: Samurott
|-damage|p2a: Samurott|29/100
|
|upkeep
|turn|2
|
|t:|1758235293
|move|p2a: Samurott|Ceaseless Edge|p1a: Avalugg|[miss]
|-miss|p2a: Samurott|p1a: Avalugg
|move|p1a: Avalugg|Rapid Spin|p2a: Samurott
|-damage|p2a: Samurott|12/100
|-boost|p1a: Avalugg|spe|1
|
|upkeep
|turn|3
|
|t:|1758235299
|switch|p2a: Iron Valiant|Iron Valiant|100/100
|move|p1a: Avalugg|Icicle Crash|p2a: Iron Valiant|[miss]
|-miss|p1a: Avalugg|p2a: Iron Valiant
|
|upkeep
|turn|4
|
|t:|1758235304
|move|p2a: Iron Valiant|Moonblast|p1a: Avalugg
|-damage|p1a: Avalugg|29/100
|move|p1a: Avalugg|Icicle Crash|p2a: Iron Valiant
|-damage|p2a: Iron Valiant|60/100
|
|upkeep
|turn|5
|
|t:|1758235317
|move|p2a: Iron Valiant|Moonblast|p1a: Avalugg
|-damage|p1a: Avalugg|0 fnt
|faint|p1a: Avalugg
|
|upkeep
|
|t:|1758235319
|switch|p1a: Ursaluna|Ursaluna, F|100/100
|turn|6
|
|t:|1758235326
|-end|p2a: Iron Valiant|Quark Drive|[silent]
|switch|p2a: Landorus|Landorus-Therian, M|100/100
|-ability|p2a: Landorus|Intimidate|boost
|-unboost|p1a: Ursaluna|atk|1
|move|p1a: Ursaluna|Earthquake|p2a: Landorus
|-immune|p2a: Landorus
|
|upkeep
|turn|7
|
|t:|1758235333
|switch|p1a: Noivern|Noivern, F|100/100
|move|p2a: Landorus|Taunt|p1a: Noivern
|-start|p1a: Noivern|move: Taunt
|
|upkeep
|turn|8
|
|t:|1758235343
|move|p1a: Noivern|Flamethrower|p2a: Landorus
|-damage|p2a: Landorus|51/100
|-status|p2a: Landorus|brn
|move|p2a: Landorus|Stone Edge|p1a: Noivern
|-supereffective|p1a: Noivern
|-damage|p1a: Noivern|49/100
|
|-damage|p2a: Landorus|45/100 brn|[from] brn
|upkeep
|turn|9
|
|t:|1758235350
|move|p1a: Noivern|Flamethrower|p2a: Landorus
|-damage|p2a: Landorus|0 fnt
|faint|p2a: Landorus
|
|-end|p1a: Noivern|move: Taunt
|upkeep
|
|t:|1758235354
|switch|p2a: Iron Valiant|Iron Valiant|60/100
|turn|10
|
|t:|1758235359
|switch|p1a: Ursaluna|Ursaluna, F|100/100
|move|p2a: Iron Valiant|Moonblast|p1a: Ursaluna
|-damage|p1a: Ursaluna|74/100
|
|-heal|p1a: Ursaluna|80/100|[from] item: Leftovers
|upkeep
|turn|11
|
|t:|1758235372
|-end|p2a: Iron Valiant|Quark Drive|[silent]
|switch|p2a: Samurott|Samurott-Hisui, F|12/100
|move|p1a: Ursaluna|Earthquake|p2a: Samurott
|-damage|p2a: Samurott|0 fnt
|faint|p2a: Samurott
|
|-heal|p1a: Ursaluna|86/100|[from] item: Leftovers
|upkeep
|
|t:|1758235375
|switch|p2a: Weavile|Weavile, F|100/100
|-ability|p2a: Weavile|Pressure
|turn|12
|
|t:|1758235382
|move|p2a: Weavile|Triple Axel|p1a: Ursaluna
|-supereffective|p1a: Ursaluna
|-damage|p1a: Ursaluna|72/100
|-supereffective|p1a: Ursaluna
|-damage|p1a: Ursaluna|44/100
|-supereffective|p1a: Ursaluna
|-damage|p1a: Ursaluna|0 fnt
|faint|p1a: Ursaluna
|-hitcount|p1: Ursaluna|3
|
|upkeep
|
|t:|1758235386
|switch|p1a: Lucario|Lucario, M|100/100
|turn|13
|
|t:|1758235392
|switch|p2a: Gholdengo|Gholdengo, shiny|100/100
|-item|p2a: Gholdengo|Air Balloon
|move|p1a: Lucario|Nasty Plot|p1a: Lucario
|-boost|p1a: Lucario|spa|2
|
|upkeep
|turn|14
|
|t:|1758235395
|move|p1a: Lucario|Dark Pulse|p2a: Gholdengo
|-supereffective|p2a: Gholdengo
|-damage|p2a: Gholdengo|0 fnt
|-enditem|p2a: Gholdengo|Air Balloon
|faint|p2a: Gholdengo
|-damage|p1a: Lucario|91/100|[from] item: Life Orb
|
|upkeep
|
|t:|1758235400
|switch|p2a: Iron Valiant|Iron Valiant|60/100
|turn|15
|
|t:|1758235417
|move|p2a: Iron Valiant|Close Combat|p1a: Lucario
|-supereffective|p1a: Lucario
|-damage|p1a: Lucario|0 fnt
|-unboost|p2a: Iron Valiant|def|1
|-unboost|p2a: Iron Valiant|spd|1
|faint|p1a: Lucario
|
|upkeep
|
|t:|1758235421
|switch|p1a: Iron Valiant|Iron Valiant|100/100
|-enditem|p1a: Iron Valiant|Booster Energy
|-activate|p1a: Iron Valiant|ability: Quark Drive|[fromitem]
|-start|p1a: Iron Valiant|quarkdrivespe
|turn|16
|
|t:|1758235436
|move|p2a: Iron Valiant|Close Combat|p1a: Iron Valiant
|-resisted|p1a: Iron Valiant
|-damage|p1a: Iron Valiant|67/100
|-unboost|p2a: Iron Valiant|def|1
|-unboost|p2a: Iron Valiant|spd|1
|move|p1a: Iron Valiant|Calm Mind|p1a: Iron Valiant
|-boost|p1a: Iron Valiant|spa|1
|-boost|p1a: Iron Valiant|spd|1
|
|upkeep
|turn|17
|
|t:|1758235451
|move|p1a: Iron Valiant|Moonblast|p2a: Iron Valiant
|-supereffective|p2a: Iron Valiant
|-damage|p2a: Iron Valiant|0 fnt
|faint|p2a: Iron Valiant
|-end|p2a: Iron Valiant|Quark Drive|[silent]
|
|upkeep
|
|t:|1758235454
|switch|p2a: Kingambit|Kingambit, F, shiny|100/100
|-activate|p2a: Kingambit|ability: Supreme Overlord
|-start|p2a: Kingambit|fallen4|[silent]
|-item|p2a: Kingambit|Air Balloon
|turn|18
|
|t:|1758235459
|-terastallize|p2a: Kingambit|Fire
|move|p1a: Iron Valiant|Moonblast|p2a: Kingambit
|-resisted|p2a: Kingambit
|-damage|p2a: Kingambit|62/100
|-enditem|p2a: Kingambit|Air Balloon
|move|p2a: Kingambit|Iron Head|p1a: Iron Valiant
|-supereffective|p1a: Iron Valiant
|-damage|p1a: Iron Valiant|0 fnt
|faint|p1a: Iron Valiant
|-end|p1a: Iron Valiant|Quark Drive|[silent]
|
|upkeep
|
|t:|1758235464
|switch|p1a: Garchomp|Garchomp, F|100/100
|turn|19
|
|t:|1758235471
|move|p2a: Kingambit|Sucker Punch|p1a: Garchomp
|-damage|p1a: Garchomp|42/100
|-damage|p2a: Kingambit|49/100|[from] ability: Rough Skin|[of] p1a: Garchomp
|move|p1a: Garchomp|Earthquake|p2a: Kingambit
|-supereffective|p2a: Kingambit
|-damage|p2a: Kingambit|0 fnt
|faint|p2a: Kingambit
|-end|p2a: Kingambit|fallen4|[silent]
|-damage|p1a: Garchomp|32/100|[from] item: Life Orb
|
|upkeep
|
|t:|1758235473
|switch|p2a: Weavile|Weavile, F|100/100
|-ability|p2a: Weavile|Pressure
|turn|20
|
|t:|1758235484
|-terastallize|p1a: Garchomp|Fire
|move|p2a: Weavile|Knock Off|p1a: Garchomp
|-damage|p1a: Garchomp|0 fnt
|-damage|p2a: Weavile|88/100|[from] ability: Rough Skin|[of] p1a: Garchomp
|-enditem|p1a: Garchomp|Life Orb|[from] move: Knock Off|[of] p2a: Weavile
|faint|p1a: Garchomp
|
|upkeep
|
|t:|1758235495
|switch|p1a: Noivern|Noivern, F|49/100
|turn|21
|
|t:|1758235498
|move|p2a: Weavile|Ice Shard|p1a: Noivern
|-supereffective|p1a: Noivern
|-damage|p1a: Noivern|0 fnt
|faint|p1a: Noivern
|
|win|cmstnbttlx2
|raw|evin's rating: 1453 &rarr; <strong>1438</strong><br />(-15 for losing)
|raw|cmstnbttlx2's rating: 1541 &rarr; <strong>1556</strong><br />(+15 for winning)
|l|☆evin
|player|p1|
|l|☆cmstnbttlx2
|player|p2|
