|j|☆ashalotofblunts
|j|‽Jalennn<3
|t:|1758335735
|gametype|singles
|player|p1|ashalotofblunts|ash-kalos|1150
|player|p2|Jalennn<3|169|1119
|gen|9
|tier|[Gen 9] OU
|rated|
|rule|HP Percentage Mod: HP is shown in percentages
|rule|Endless Battle Clause: Forcing endless battles is banned
|rule|Species Clause: Limit one of each Pokémon
|rule|OHKO Clause: OHKO moves are banned
|rule|Evasion Items Clause: Evasion items are banned
|rule|Evasion Moves Clause: Evasion moves are banned
|rule|Evasion Abilities Clause: Evasion abilities are banned
|rule|Sleep Moves Clause: Sleep-inducing moves are banned
|clearpoke
|poke|p1|Cramorant, M|
|poke|p1|Lucario, M|
|poke|p1|Azumarill, F|
|poke|p1|Enamorus, F|
|poke|p1|Dragonite, M|
|poke|p1|Armarouge, M|
|poke|p2|Hydreigon, M|
|poke|p2|Spidops, M|
|poke|p2|Sableye, F|
|poke|p2|Meowstic, M|
|poke|p2|Orthworm, M|
|poke|p2|Hitmontop, M|
|teampreview
|inactive|Battle timer is ON: inactive players will automatically lose when time's up. (requested by ashalotofblunts)
|
|t:|1758335753
|teamsize|p1|6
|teamsize|p2|6
|start
|switch|p1a: Enamorus|Enamorus, F|100/100
|switch|p2a: Spidops|Spidops, M|100/100
|turn|1
|
|t:|1758335765
|move|p1a: Enamorus|Superpower|p2a: Spidops
|-resisted|p2a: Spidops
|-damage|p2a: Spidops|83/100
|-boost|p1a: Enamorus|atk|1
|-boost|p1a: Enamorus|def|1
|move|p2a: Spidops|Knock Off|p1a: Enamorus
|-resisted|p1a: Enamorus
|-damage|p1a: Enamorus|85/100
|-enditem|p1a: Enamorus|Assault Vest|[from] move: Knock Off|[of] p2a: Spidops
|
|upkeep
|turn|2
|
|t:|1758335776
|move|p1a: Enamorus|Mystical Fire|p2a: Spidops
|-supereffective|p2a: Spidops
|-damage|p2a: Spidops|23/100
|-unboost|p2a: Spidops|spa|1
|move|p2a: Spidops|Circle Throw|p1a: Enamorus
|-resisted|p1a: Enamorus
|-damage|p1a: Enamorus|80/100
|drag|p1a: Lucario|Lucario, M, shiny|100/100
|
|upkeep
|turn|3
|
|t:|1758335793
|move|p2a: Spidops|Silk Trap|p2a: Spidops
|-singleturn|p2a: Spidops|Protect
|move|p1a: Lucario|Bullet Punch|p2a: Spidops
|-activate|p2a: Spidops|move: Protect
|-unboost|p1a: Lucario|spe|1
|
|upkeep
|turn|4
|
|t:|1758335805
|switch|p1a: Enamorus|Enamorus, F|80/100
|move|p2a: Spidops|Sticky Web|p1a: Enamorus
|-sidestart|p1: ashalotofblunts|move: Sticky Web
|
|upkeep
|turn|5
|
|t:|1758335811
|move|p2a: Spidops|Silk Trap|p2a: Spidops
|-singleturn|p2a: Spidops|Protect
|move|p1a: Enamorus|Superpower|p2a: Spidops
|-activate|p2a: Spidops|move: Protect
|-boost|p1a: Enamorus|spe|1
|
|upkeep
|turn|6
|
|t:|1758335820
|move|p1a: Enamorus|Superpower|p2a: Spidops
|-resisted|p2a: Spidops
|-damage|p2a: Spidops|5/100
|-boost|p1a: Enamorus|atk|1
|-boost|p1a: Enamorus|def|1
|move|p2a: Spidops|Circle Throw|p1a: Enamorus
|-resisted|p1a: Enamorus
|-damage|p1a: Enamorus|75/100
|drag|p1a: Dragonite|Dragonite, M|100/100
|
|upkeep
|turn|7
|
|t:|1758335830
|move|p1a: Dragonite|Dragon Dance|p1a: Dragonite
|-boost|p1a: Dragonite|atk|1
|-boost|p1a: Dragonite|spe|1
|move|p2a: Spidops|Knock Off|p1a: Dragonite
|-damage|p1a: Dragonite|85/100
|-enditem|p1a: Dragonite|Weakness Policy|[from] move: Knock Off|[of] p2a: Spidops
|
|upkeep
|turn|8
|
|t:|1758335837
|move|p2a: Spidops|Silk Trap|p2a: Spidops
|-singleturn|p2a: Spidops|Protect
|move|p1a: Dragonite|Dragon Dance|p1a: Dragonite
|-boost|p1a: Dragonite|atk|1
|-boost|p1a: Dragonite|spe|1
|
|upkeep
|turn|9
|
|t:|1758335843
|move|p1a: Dragonite|Fire Punch|p2a: Spidops
|-supereffective|p2a: Spidops
|-damage|p2a: Spidops|0 fnt
|faint|p2a: Spidops
|
|upkeep
|
|t:|1758335848
|switch|p2a: Sableye|Sableye, F|100/100
|turn|10
|
|t:|1758335853
|move|p2a: Sableye|Will-O-Wisp|p1a: Dragonite
|-status|p1a: Dragonite|brn
|move|p1a: Dragonite|Fly||[still]
|-prepare|p1a: Dragonite|Fly
|
|-damage|p1a: Dragonite|79/100 brn|[from] brn
|upkeep
|turn|11
|
|t:|1758335865
|switch|p2a: Orthworm|Orthworm, M, shiny|100/100
|move|p1a: Dragonite|Fly|p2a: Orthworm|[from] lockedmove
|-resisted|p2a: Orthworm
|-damage|p2a: Orthworm|80/100
|
|-heal|p2a: Orthworm|87/100|[from] item: Leftovers
|-damage|p1a: Dragonite|73/100 brn|[from] brn
|upkeep
|turn|12
|
|t:|1758335870
|move|p1a: Dragonite|Fire Punch|p2a: Orthworm
|-supereffective|p2a: Orthworm
|-damage|p2a: Orthworm|45/100
|move|p2a: Orthworm|Iron Defense|p2a: Orthworm
|-boost|p2a: Orthworm|def|2
|
|-heal|p2a: Orthworm|51/100|[from] item: Leftovers
|-damage|p1a: Dragonite|67/100 brn|[from] brn
|upkeep
|turn|13
|
|t:|1758335876
|-terastallize|p2a: Orthworm|Electric
|move|p1a: Dragonite|Dragon Dance|p1a: Dragonite
|-boost|p1a: Dragonite|atk|1
|-boost|p1a: Dragonite|spe|1
|move|p2a: Orthworm|Stealth Rock|p1a: Dragonite
|-sidestart|p1: ashalotofblunts|move: Stealth Rock
|
|-heal|p2a: Orthworm|57/100|[from] item: Leftovers
|-damage|p1a: Dragonite|61/100 brn|[from] brn
|upkeep
|turn|14
|
|t:|1758335888
|move|p1a: Dragonite|Fire Punch|p2a: Orthworm
|-damage|p2a: Orthworm|45/100
|move|p2a: Orthworm|Iron Defense|p2a: Orthworm
|-boost|p2a: Orthworm|def|2
|
|-heal|p2a: Orthworm|51/100|[from] item: Leftovers
|-damage|p1a: Dragonite|54/100 brn|[from] brn
|upkeep
|turn|15
|
|t:|1758335895
|move|p1a: Dragonite|Dragon Dance|p1a: Dragonite
|-boost|p1a: Dragonite|atk|1
|-boost|p1a: Dragonite|spe|1
|move|p2a: Orthworm|Body Press|p1a: Dragonite
|-resisted|p1a: Dragonite
|-damage|p1a: Dragonite|14/100 brn
|
|-heal|p2a: Orthworm|57/100|[from] item: Leftovers
|-damage|p1a: Dragonite|8/100 brn|[from] brn
|upkeep
|turn|16
|
|t:|1758335904
|move|p1a: Dragonite|Fire Punch|p2a: Orthworm
|-damage|p2a: Orthworm|47/100
|move|p2a: Orthworm|Body Press|p1a: Dragonite
|-resisted|p1a: Dragonite
|-damage|p1a: Dragonite|0 fnt
|faint|p1a: Dragonite
|
|-heal|p2a: Orthworm|53/100|[from] item: Leftovers
|upkeep
|
|t:|1758335909
|switch|p1a: Cramorant|Cramorant, M, shiny|100/100
|-damage|p1a: Cramorant|76/100|[from] Stealth Rock
|turn|17
|
|t:|1758335917
|move|p1a: Cramorant|Defog|p2a: Orthworm
|-unboost|p2a: Orthworm|evasion|1
|-sideend|p1: ashalotofblunts|Stealth Rock|[from] move: Defog|[of] p1a: Cramorant
|-sideend|p1: ashalotofblunts|Sticky Web|[from] move: Defog|[of] p1a: Cramorant
|move|p2a: Orthworm|Body Press|p1a: Cramorant
|-resisted|p1a: Cramorant
|-damage|p1a: Cramorant|0 fnt
|faint|p1a: Cramorant
|
|-heal|p2a: Orthworm|59/100|[from] item: Leftovers
|upkeep
|
|t:|1758335926
|switch|p1a: Lucario|Lucario, M, shiny|100/100
|turn|18
|
|t:|1758335931
|move|p1a: Lucario|Earthquake|p2a: Orthworm
|-heal|p2a: Orthworm|84/100|[from] ability: Earth Eater|[of] p1a: Lucario
|move|p2a: Orthworm|Body Press|p1a: Lucario
|-supereffective|p1a: Lucario
|-damage|p1a: Lucario|0 fnt
|faint|p1a: Lucario
|
|-heal|p2a: Orthworm|90/100|[from] item: Leftovers
|upkeep
|
|t:|1758335959
|switch|p1a: Azumarill|Azumarill, F, shiny|100/100
|turn|19
|
|t:|1758335965
|move|p2a: Orthworm|Body Press|p1a: Azumarill
|-resisted|p1a: Azumarill
|-damage|p1a: Azumarill|61/100
|move|p1a: Azumarill|Knock Off|p2a: Orthworm
|-damage|p2a: Orthworm|80/100
|-enditem|p2a: Orthworm|Leftovers|[from] move: Knock Off|[of] p1a: Azumarill
|
|upkeep
|turn|20
|
|t:|1758335987
|move|p2a: Orthworm|Iron Defense|p2a: Orthworm
|-boost|p2a: Orthworm|def|2
|move|p1a: Azumarill|Liquidation|p2a: Orthworm
|-damage|p2a: Orthworm|71/100
|
|upkeep
|turn|21
|
|t:|1758335991
|move|p2a: Orthworm|Body Press|p1a: Azumarill
|-resisted|p1a: Azumarill
|-damage|p1a: Azumarill|7/100
|-enditem|p1a: Azumarill|Sitrus Berry|[eat]
|-heal|p1a: Azumarill|32/100|[from] item: Sitrus Berry
|move|p1a: Azumarill|Play Rough|p2a: Orthworm
|-damage|p2a: Orthworm|60/100
|
|upkeep
|turn|22
|
|t:|1758335997
|move|p2a: Orthworm|Body Press|p1a: Azumarill
|-resisted|p1a: Azumarill
|-damage|p1a: Azumarill|0 fnt
|faint|p1a: Azumarill
|
|upkeep
|
|t:|1758336001
|switch|p1a: Armarouge|Armarouge, M|100/100
|turn|23
|
|t:|1758336016
|move|p1a: Armarouge|Psychic|p2a: Orthworm
|-damage|p2a: Orthworm|17/100
|move|p2a: Orthworm|Body Press|p1a: Armarouge
|-resisted|p1a: Armarouge
|-damage|p1a: Armarouge|45/100
|-ability|p1a: Armarouge|Weak Armor|boost
|-unboost|p1a: Armarouge|def|1
|-boost|p1a: Armarouge|spe|2
|
|upkeep
|turn|24
|
|t:|1758336027
|move|p1a: Armarouge|Energy Ball|p2a: Orthworm
|-damage|p2a: Orthworm|0 fnt
|faint|p2a: Orthworm
|
|upkeep
|
|t:|1758336034
|switch|p2a: Hydreigon|Hydreigon, M, shiny|100/100
|turn|25
|
|t:|1758336051
|move|p1a: Armarouge|Aura Sphere|p2a: Hydreigon
|-supereffective|p2a: Hydreigon
|-damage|p2a: Hydreigon|43/100
|move|p2a: Hydreigon|Focus Energy|p2a: Hydreigon
|-start|p2a: Hydreigon|move: Focus Energy
|
|upkeep
|turn|26
|
|t:|1758336066
|switch|p2a: Sableye|Sableye, F|100/100
|move|p1a: Armarouge|Aura Sphere|p2a: Sableye
|-immune|p2a: Sableye
|
|upkeep
|turn|27
|
|t:|1758336071
|move|p1a: Armarouge|Armor Cannon|p2a: Sableye
|-damage|p2a: Sableye|0 fnt
|-unboost|p1a: Armarouge|def|1
|-unboost|p1a: Armarouge|spd|1
|faint|p2a: Sableye
|
|upkeep
|
|t:|1758336078
|switch|p2a: Meowstic|Meowstic, M|100/100
|turn|28
|
|t:|1758336081
|move|p1a: Armarouge|Armor Cannon|p2a: Meowstic
|-damage|p2a: Meowstic|21/100
|-unboost|p1a: Armarouge|def|1
|-unboost|p1a: Armarouge|spd|1
|move|p2a: Meowstic|Shadow Ball|p1a: Armarouge
|-supereffective|p1a: Armarouge
|-damage|p1a: Armarouge|0 fnt
|faint|p1a: Armarouge
|
|upkeep
|
|t:|1758336088
|switch|p1a: Enamorus|Enamorus, F|75/100
|turn|29
|
|t:|1758336100
|-terastallize|p1a: Enamorus|Fairy
|move|p1a: Enamorus|Moonblast|p2a: Meowstic
|-damage|p2a: Meowstic|0 fnt
|faint|p2a: Meowstic
|
|upkeep
|
|t:|1758336112
|switch|p2a: Hitmontop|Hitmontop, M|100/100
|turn|30
|
|t:|1758336119
|move|p1a: Enamorus|Moonblast|p2a: Hitmontop
|-supereffective|p2a: Hitmontop
|-damage|p2a: Hitmontop|5/100
|move|p2a: Hitmontop|Triple Axel|p1a: Enamorus|[miss]
|-miss|p2a: Hitmontop|p1a: Enamorus
|
|upkeep
|turn|31
|-message|Jalennn<3 forfeited.
|
|win|ashalotofblunts
|raw|ashalotofblunts's rating: 1150 &rarr; <strong>1173</strong><br />(+23 for winning)
|raw|Jalennn&lt;3's rating: 1119 &rarr; <strong>1096</strong><br />(-23 for losing)
|l|‽Jalennn<3
|player|p2|
|l|☆ashalotofblunts
|player|p1|
