|j|☆tianer
|j|☆evilmassacre
|t:|1758259513
|gametype|singles
|player|p1|tianer|1|1169
|player|p2|evilmassacre|clown|1178
|gen|9
|tier|[Gen 9] OU
|rated|
|rule|HP Percentage Mod: HP is shown in percentages
|rule|Endless Battle Clause: Forcing endless battles is banned
|rule|Species Clause: Limit one of each Pokémon
|rule|OHKO Clause: OHKO moves are banned
|rule|Evasion Items Clause: Evasion items are banned
|rule|Evasion Moves Clause: Evasion moves are banned
|rule|Evasion Abilities Clause: Evasion abilities are banned
|rule|Sleep Moves Clause: Sleep-inducing moves are banned
|clearpoke
|poke|p1|Galvantula, M|
|poke|p1|Jirachi|
|poke|p1|Decidueye-Hisui, M|
|poke|p1|Blissey, F|
|poke|p1|Iron Moth|
|poke|p1|Kingambit, F|
|poke|p2|Galvantula, M|
|poke|p2|Jirachi|
|poke|p2|Sinistcha|
|poke|p2|Dudunsparce-*, M|
|poke|p2|Slowking, F|
|poke|p2|Arbok, M|
|teampreview
|inactive|Battle timer is ON: inactive players will automatically lose when time's up. (requested by evilmassacre)
|
|t:|1758259540
|teamsize|p1|6
|teamsize|p2|6
|start
|switch|p1a: Iron Moth|Iron Moth|100/100
|switch|p2a: Galvantula|Galvantula, M|100/100
|-enditem|p1a: Iron Moth|Booster Energy
|-activate|p1a: Iron Moth|ability: Quark Drive|[fromitem]
|-start|p1a: Iron Moth|quarkdrivespe
|turn|1
|
|t:|1758259556
|switch|p2a: Slowking|Slowking, F|100/100
|move|p1a: Iron Moth|Fiery Dance|p2a: Slowking
|-resisted|p2a: Slowking
|-damage|p2a: Slowking|87/100
|-boost|p1a: Iron Moth|spa|1
|
|upkeep
|turn|2
|
|t:|1758259568
|-terastallize|p1a: Iron Moth|Grass
|move|p1a: Iron Moth|Energy Ball|p2a: Slowking
|-supereffective|p2a: Slowking
|-damage|p2a: Slowking|0 fnt
|faint|p2a: Slowking
|
|upkeep
|
|t:|1758259583
|switch|p2a: Dudunsparce|Dudunsparce, M|100/100
|turn|3
|
|t:|1758259590
|move|p1a: Iron Moth|Fiery Dance|p2a: Dudunsparce
|-damage|p2a: Dudunsparce|51/100
|-boost|p1a: Iron Moth|spa|1
|move|p2a: Dudunsparce|Glare|p1a: Iron Moth
|-status|p1a: Iron Moth|par
|
|-heal|p2a: Dudunsparce|58/100|[from] item: Leftovers
|upkeep
|turn|4
|
|t:|1758259600
|cant|p1a: Iron Moth|par
|move|p2a: Dudunsparce|Pain Split|p1a: Iron Moth
|-sethp|p1a: Iron Moth|89/100 par|[from] move: Pain Split|[silent]
|-sethp|p2a: Dudunsparce|65/100|[from] move: Pain Split
|
|-heal|p2a: Dudunsparce|72/100|[from] item: Leftovers
|upkeep
|turn|5
|
|t:|1758259616
|move|p1a: Iron Moth|Fiery Dance|p2a: Dudunsparce
|-damage|p2a: Dudunsparce|1/100
|move|p2a: Dudunsparce|Headbutt|p1a: Iron Moth
|-crit|p1a: Iron Moth
|-damage|p1a: Iron Moth|31/100 par
|
|-heal|p2a: Dudunsparce|7/100|[from] item: Leftovers
|upkeep
|turn|6
|
|t:|1758259626
|move|p1a: Iron Moth|Fiery Dance|p2a: Dudunsparce
|-damage|p2a: Dudunsparce|0 fnt
|-boost|p1a: Iron Moth|spa|1
|faint|p2a: Dudunsparce
|
|upkeep
|
|t:|1758259634
|switch|p2a: Arbok|Arbok, M|100/100
|turn|7
|
|t:|1758259639
|move|p2a: Arbok|Fire Fang|p1a: Iron Moth
|-supereffective|p1a: Iron Moth
|-damage|p1a: Iron Moth|0 fnt
|faint|p1a: Iron Moth
|-end|p1a: Iron Moth|Quark Drive|[silent]
|
|upkeep
|
|t:|1758259647
|switch|p1a: Galvantula|Galvantula, M|100/100
|turn|8
|
|t:|1758259662
|switch|p2a: Sinistcha|Sinistcha|100/100
|move|p1a: Galvantula|Sticky Web|p2a: Sinistcha
|-sidestart|p2: evilmassacre|move: Sticky Web
|
|upkeep
|turn|9
|
|t:|1758259673
|move|p1a: Galvantula|Volt Switch|p2a: Sinistcha
|-resisted|p2a: Sinistcha
|-damage|p2a: Sinistcha|84/100
|
|t:|1758259678
|switch|p1a: Kingambit|Kingambit, F|100/100|[from] Volt Switch
|-activate|p1a: Kingambit|ability: Supreme Overlord
|-start|p1a: Kingambit|fallen1|[silent]
|move|p2a: Sinistcha|Calm Mind|p2a: Sinistcha
|-boost|p2a: Sinistcha|spa|1
|-boost|p2a: Sinistcha|spd|1
|
|-heal|p2a: Sinistcha|90/100|[from] item: Leftovers
|upkeep
|turn|10
|
|t:|1758259690
|switch|p2a: Arbok|Arbok, M|100/100
|-activate|p2a: Arbok|move: Sticky Web
|-unboost|p2a: Arbok|spe|1
|move|p1a: Kingambit|Kowtow Cleave|p2a: Arbok
|-crit|p2a: Arbok
|-damage|p2a: Arbok|0 fnt
|faint|p2a: Arbok
|
|upkeep
|-message|evilmassacre forfeited.
|
|win|tianer
|raw|tianer's rating: 1169 &rarr; <strong>1195</strong><br />(+26 for winning)
|raw|evilmassacre's rating: 1178 &rarr; <strong>1152</strong><br />(-26 for losing)
|l|☆evilmassacre
|player|p2|
|l|☆tianer
|player|p1|
