|j|☆senpako
|j|☆firecharmander004
|t:|1758373702
|gametype|singles
|player|p1|senpako|koga|1435
|player|p2|firecharmander004|1|1523
|gen|9
|tier|[Gen 9] OU
|rated|
|rule|HP Percentage Mod: HP is shown in percentages
|rule|Endless Battle Clause: Forcing endless battles is banned
|rule|Species Clause: Limit one of each Pokémon
|rule|OHKO Clause: OHKO moves are banned
|rule|Evasion Items Clause: Evasion items are banned
|rule|Evasion Moves Clause: Evasion moves are banned
|rule|Evasion Abilities Clause: Evasion abilities are banned
|rule|Sleep Moves Clause: Sleep-inducing moves are banned
|clearpoke
|poke|p1|Great Tusk|
|poke|p1|Greninja-*, M|
|poke|p1|Pecharunt|
|poke|p1|Blaziken, M|
|poke|p1|Raging Bolt|
|poke|p1|Tsareena, F|
|poke|p2|Iron Treads|
|poke|p2|Ogerpon-Wellspring, F|
|poke|p2|Kingambit, M|
|poke|p2|Dragapult, F|
|poke|p2|Arcanine-Hisui, F|
|poke|p2|Iron Valiant|
|teampreview
|inactive|Battle timer is ON: inactive players will automatically lose when time's up. (requested by firecharmander004)
|
|t:|1758373731
|teamsize|p1|6
|teamsize|p2|6
|start
|switch|p1a: Chickenfast|Blaziken, M|100/100
|switch|p2a: Iron Treads|Iron Treads|100/100
|-enditem|p2a: Iron Treads|Booster Energy
|-activate|p2a: Iron Treads|ability: Quark Drive|[fromitem]
|-start|p2a: Iron Treads|quarkdrivespe
|turn|1
|
|t:|1758373735
|move|p2a: Iron Treads|Stealth Rock|p1a: Chickenfast
|-sidestart|p1: senpako|move: Stealth Rock
|move|p1a: Chickenfast|Close Combat|p2a: Iron Treads
|-supereffective|p2a: Iron Treads
|-damage|p2a: Iron Treads|0 fnt
|-unboost|p1a: Chickenfast|def|1
|-unboost|p1a: Chickenfast|spd|1
|faint|p2a: Iron Treads
|-end|p2a: Iron Treads|Quark Drive|[silent]
|
|-ability|p1a: Chickenfast|Speed Boost|boost
|-boost|p1a: Chickenfast|spe|1
|upkeep
|
|t:|1758373743
|switch|p2a: Iron Valiant|Iron Valiant|100/100
|-enditem|p2a: Iron Valiant|Booster Energy
|-activate|p2a: Iron Valiant|ability: Quark Drive|[fromitem]
|-start|p2a: Iron Valiant|quarkdrivespe
|turn|2
|
|t:|1758373746
|move|p2a: Iron Valiant|Moonblast|p1a: Chickenfast
|-enditem|p1a: Chickenfast|Focus Sash
|-damage|p1a: Chickenfast|1/100
|move|p1a: Chickenfast|Earthquake|p2a: Iron Valiant
|-crit|p2a: Iron Valiant
|-damage|p2a: Iron Valiant|35/100
|
|-ability|p1a: Chickenfast|Speed Boost|boost
|-boost|p1a: Chickenfast|spe|1
|upkeep
|turn|3
|
|t:|1758373758
|move|p1a: Chickenfast|Protect|p1a: Chickenfast
|-singleturn|p1a: Chickenfast|Protect
|move|p2a: Iron Valiant|Encore|p1a: Chickenfast
|-activate|p1a: Chickenfast|move: Protect
|
|-ability|p1a: Chickenfast|Speed Boost|boost
|-boost|p1a: Chickenfast|spe|1
|upkeep
|turn|4
|
|t:|1758373767
|move|p1a: Chickenfast|Earthquake|p2a: Iron Valiant
|-damage|p2a: Iron Valiant|0 fnt
|faint|p2a: Iron Valiant
|-end|p2a: Iron Valiant|Quark Drive|[silent]
|
|-ability|p1a: Chickenfast|Speed Boost|boost
|-boost|p1a: Chickenfast|spe|1
|upkeep
|
|t:|1758373773
|switch|p2a: Ogerpon|Ogerpon-Wellspring, F|100/100
|turn|5
|
|t:|1758373780
|move|p1a: Chickenfast|Close Combat|p2a: Ogerpon
|-damage|p2a: Ogerpon|19/100
|-unboost|p1a: Chickenfast|def|1
|-unboost|p1a: Chickenfast|spd|1
|move|p2a: Ogerpon|Ivy Cudgel|p1a: Chickenfast|[anim] Ivy Cudgel Water
|-supereffective|p1a: Chickenfast
|-damage|p1a: Chickenfast|0 fnt
|faint|p1a: Chickenfast
|
|upkeep
|
|t:|1758373784
|switch|p1a: Tsareena|Tsareena, F|100/100
|-damage|p1a: Tsareena|88/100|[from] Stealth Rock
|turn|6
|
|t:|1758373792
|switch|p2a: Dragapult|Dragapult, F|100/100
|move|p1a: Tsareena|Rapid Spin|p2a: Dragapult
|-immune|p2a: Dragapult
|
|upkeep
|turn|7
|
|t:|1758373803
|switch|p1a: Pecharunt|Pecharunt|100/100
|-damage|p1a: Pecharunt|88/100|[from] Stealth Rock
|move|p2a: Dragapult|Draco Meteor|p1a: Pecharunt
|-damage|p1a: Pecharunt|42/100
|-unboost|p2a: Dragapult|spa|2
|
|upkeep
|turn|8
|
|t:|1758373812
|switch|p2a: Kingambit|Kingambit, M|100/100
|-activate|p2a: Kingambit|ability: Supreme Overlord
|-start|p2a: Kingambit|fallen2|[silent]
|move|p1a: Pecharunt|Malignant Chain|p2a: Kingambit
|-immune|p2a: Kingambit
|
|upkeep
|turn|9
|
|t:|1758373821
|move|p1a: Pecharunt|Night Shade|p2a: Kingambit
|-damage|p2a: Kingambit|75/100
|move|p2a: Kingambit|Swords Dance|p2a: Kingambit
|-boost|p2a: Kingambit|atk|2
|
|-heal|p2a: Kingambit|81/100|[from] item: Leftovers
|upkeep
|turn|10
|
|t:|1758373825
|move|p1a: Pecharunt|Night Shade|p2a: Kingambit
|-damage|p2a: Kingambit|56/100
|move|p2a: Kingambit|Kowtow Cleave|p1a: Pecharunt
|-supereffective|p1a: Pecharunt
|-damage|p1a: Pecharunt|0 fnt
|faint|p1a: Pecharunt
|
|-heal|p2a: Kingambit|62/100|[from] item: Leftovers
|upkeep
|
|t:|1758373828
|switch|p1a: Great Tusk|Great Tusk|100/100
|-damage|p1a: Great Tusk|98/100|[from] Stealth Rock
|-enditem|p1a: Great Tusk|Booster Energy
|-activate|p1a: Great Tusk|ability: Protosynthesis|[fromitem]
|-start|p1a: Great Tusk|protosynthesisatk
|turn|11
|
|t:|1758373835
|-terastallize|p2a: Kingambit|Ghost
|move|p1a: Great Tusk|Headlong Rush|p2a: Kingambit
|-damage|p2a: Kingambit|0 fnt
|-unboost|p1a: Great Tusk|def|1
|-unboost|p1a: Great Tusk|spd|1
|faint|p2a: Kingambit
|-end|p2a: Kingambit|fallen2|[silent]
|
|upkeep
|
|t:|1758373852
|switch|p2a: Ogerpon|Ogerpon-Wellspring, F|19/100
|turn|12
|
|t:|1758373858
|move|p2a: Ogerpon|Play Rough|p1a: Great Tusk|[miss]
|-miss|p2a: Ogerpon|p1a: Great Tusk
|move|p1a: Great Tusk|Rapid Spin|p2a: Ogerpon
|-damage|p2a: Ogerpon|0 fnt
|-boost|p1a: Great Tusk|spe|1
|-sideend|p1: senpako|Stealth Rock|[from] move: Rapid Spin|[of] p1a: Great Tusk
|faint|p2a: Ogerpon
|
|upkeep
|
|t:|1758373866
|switch|p2a: Dragapult|Dragapult, F|100/100
|turn|13
|
|t:|1758373870
|move|p2a: Dragapult|Draco Meteor|p1a: Great Tusk
|-damage|p1a: Great Tusk|0 fnt
|-unboost|p2a: Dragapult|spa|2
|faint|p1a: Great Tusk
|-end|p1a: Great Tusk|Protosynthesis|[silent]
|
|upkeep
|
|t:|1758373877
|switch|p1a: Itachi|Greninja, M|100/100
|turn|14
|
|t:|1758373881
|switch|p2a: Arcanine|Arcanine-Hisui, F|100/100
|move|p1a: Itachi|Water Shuriken|p2a: Arcanine
|-supereffective|p2a: Arcanine
|-damage|p2a: Arcanine|63/100
|-supereffective|p2a: Arcanine
|-damage|p2a: Arcanine|29/100
|-supereffective|p2a: Arcanine
|-damage|p2a: Arcanine|0 fnt
|faint|p2a: Arcanine
|-ability|p1a: Itachi|Battle Bond|boost
|-boost|p1a: Itachi|atk|1
|-boost|p1a: Itachi|spa|1
|-boost|p1a: Itachi|spe|1
|-activate|p1a: Itachi|ability: Battle Bond
|-hitcount|p2: Arcanine|3
|
|upkeep
|-message|firecharmander004 forfeited.
|
|win|senpako
|raw|senpako's rating: 1435 &rarr; <strong>1460</strong><br />(+25 for winning)
|raw|firecharmander004's rating: 1523 &rarr; <strong>1498</strong><br />(-25 for losing)
|c|☆firecharmander004|gg
|l|☆senpako
|player|p1|
