|j|☆t0903094842
|j|☆Fvll3n
|t:|1758340624
|gametype|singles
|player|p1|t0903094842|1|1139
|player|p2|Fvll3n|266|1098
|gen|9
|tier|[Gen 9] OU
|rated|
|rule|HP Percentage Mod: HP is shown in percentages
|rule|Endless Battle Clause: Forcing endless battles is banned
|rule|Species Clause: Limit one of each Pokémon
|rule|OHKO Clause: OHKO moves are banned
|rule|Evasion Items Clause: Evasion items are banned
|rule|Evasion Moves Clause: Evasion moves are banned
|rule|Evasion Abilities Clause: Evasion abilities are banned
|rule|Sleep Moves Clause: Sleep-inducing moves are banned
|clearpoke
|poke|p1|Glimmora, F|
|poke|p1|Whimsicott, F|
|poke|p1|Arboliva, F|
|poke|p1|Ting-Lu|
|poke|p1|Dragonite, F|
|poke|p1|Goodra-Hisui, M|
|poke|p2|Tyranitar, F|
|poke|p2|Excadrill, F|
|poke|p2|Gliscor, M|
|poke|p2|Garganacl, M|
|poke|p2|Corviknight, F|
|poke|p2|Zapdos|
|teampreview
|
|t:|1758340630
|teamsize|p1|6
|teamsize|p2|6
|start
|switch|p1a: Glimmora|Glimmora, F|100/100
|switch|p2a: Tyranitar|Tyranitar, F|100/100
|-weather|Sandstorm|[from] ability: Sand Stream|[of] p2a: Tyranitar
|turn|1
|
|t:|1758340645
|move|p1a: Glimmora|Spikes|p2a: Tyranitar
|-sidestart|p2: Fvll3n|Spikes
|move|p2a: Tyranitar|Roar|p1a: Glimmora
|drag|p1a: Dragonite|Dragonite, F|100/100
|
|-weather|Sandstorm|[upkeep]
|-damage|p1a: Dragonite|94/100|[from] Sandstorm
|upkeep
|turn|2
|
|t:|1758340657
|move|p1a: Dragonite|Aqua Jet|p2a: Tyranitar
|-supereffective|p2a: Tyranitar
|-damage|p2a: Tyranitar|62/100
|move|p2a: Tyranitar|Ice Beam|p1a: Dragonite
|-supereffective|p1a: Dragonite
|-damage|p1a: Dragonite|24/100
|
|-weather|Sandstorm|[upkeep]
|-damage|p1a: Dragonite|18/100|[from] Sandstorm
|upkeep
|turn|3
|
|t:|1758340667
|move|p1a: Dragonite|Aqua Jet|p2a: Tyranitar
|-supereffective|p2a: Tyranitar
|-damage|p2a: Tyranitar|25/100
|move|p2a: Tyranitar|Stealth Rock|p1a: Dragonite
|-sidestart|p1: t0903094842|move: Stealth Rock
|
|-weather|Sandstorm|[upkeep]
|-damage|p1a: Dragonite|11/100|[from] Sandstorm
|upkeep
|turn|4
|
|t:|1758340687
|switch|p2a: Corviknight|Corviknight, F|100/100
|-ability|p2a: Corviknight|Pressure
|move|p1a: Dragonite|Aqua Jet|p2a: Corviknight
|-damage|p2a: Corviknight|86/100
|
|-weather|Sandstorm|[upkeep]
|-damage|p1a: Dragonite|5/100|[from] Sandstorm
|-heal|p2a: Corviknight|92/100|[from] item: Leftovers
|upkeep
|turn|5
|
|t:|1758340702
|move|p1a: Dragonite|Aqua Jet|p2a: Corviknight
|-damage|p2a: Corviknight|79/100
|move|p2a: Corviknight|Roost|p2a: Corviknight
|-heal|p2a: Corviknight|100/100
|-singleturn|p2a: Corviknight|move: Roost
|
|-weather|Sandstorm|[upkeep]
|-damage|p1a: Dragonite|0 fnt|[from] Sandstorm
|faint|p1a: Dragonite
|upkeep
|
|t:|1758340713
|switch|p1a: Glimmora|Glimmora, F|100/100
|-damage|p1a: Glimmora|88/100|[from] Stealth Rock
|turn|6
|
|t:|1758340725
|move|p1a: Glimmora|Stealth Rock|p2a: Corviknight
|-sidestart|p2: Fvll3n|move: Stealth Rock
|move|p2a: Corviknight|U-turn|p1a: Glimmora
|-resisted|p1a: Glimmora
|-damage|p1a: Glimmora|83/100
|-damage|p2a: Corviknight|84/100|[from] item: Rocky Helmet|[of] p1a: Glimmora
|-activate|p1a: Glimmora|ability: Toxic Debris
|-sidestart|p2: Fvll3n|move: Toxic Spikes
|
|t:|1758340733
|switch|p2a: Excadrill|Excadrill, F|100/100|[from] U-turn
|-damage|p2a: Excadrill|97/100|[from] Stealth Rock
|-item|p2a: Excadrill|Air Balloon
|
|-weather|Sandstorm|[upkeep]
|upkeep
|turn|7
|
|t:|1758340747
|move|p2a: Excadrill|Earthquake|p1a: Glimmora
|-supereffective|p1a: Glimmora
|-damage|p1a: Glimmora|0 fnt
|-activate|p1a: Glimmora|ability: Toxic Debris
|-sidestart|p2: Fvll3n|move: Toxic Spikes
|faint|p1a: Glimmora
|
|-weather|Sandstorm|[upkeep]
|upkeep
|
|t:|1758340760
|switch|p1a: Ting-Lu|Ting-Lu|100/100
|-damage|p1a: Ting-Lu|94/100|[from] Stealth Rock
|-ability|p1a: Ting-Lu|Vessel of Ruin
|turn|8
|
|t:|1758340778
|move|p2a: Excadrill|Rapid Spin|p1a: Ting-Lu
|-damage|p1a: Ting-Lu|87/100
|-boost|p2a: Excadrill|spe|1
|-sideend|p2: Fvll3n|Spikes|[from] move: Rapid Spin|[of] p2a: Excadrill
|-sideend|p2: Fvll3n|Toxic Spikes|[from] move: Rapid Spin|[of] p2a: Excadrill
|-sideend|p2: Fvll3n|Stealth Rock|[from] move: Rapid Spin|[of] p2a: Excadrill
|move|p1a: Ting-Lu|Whirlwind|p2a: Excadrill
|drag|p2a: Tyranitar|Tyranitar, F|25/100
|
|-weather|none
|-heal|p1a: Ting-Lu|93/100|[from] item: Leftovers
|upkeep
|turn|9
|
|t:|1758340802
|switch|p2a: Gliscor|Gliscor, M|100/100
|move|p1a: Ting-Lu|Whirlwind|p2a: Gliscor
|drag|p2a: Garganacl|Garganacl, M|100/100
|
|-heal|p1a: Ting-Lu|99/100|[from] item: Leftovers
|upkeep
|turn|10
|
|t:|1758340811
|move|p1a: Ting-Lu|Stealth Rock|p2a: Garganacl
|-sidestart|p2: Fvll3n|move: Stealth Rock
|move|p2a: Garganacl|Curse|p2a: Garganacl
|-unboost|p2a: Garganacl|spe|1
|-boost|p2a: Garganacl|atk|1
|-boost|p2a: Garganacl|def|1
|
|-heal|p1a: Ting-Lu|100/100|[from] item: Leftovers
|upkeep
|turn|11
|
|t:|1758340822
|move|p2a: Garganacl|Salt Cure|p1a: Ting-Lu
|-resisted|p1a: Ting-Lu
|-damage|p1a: Ting-Lu|96/100
|-start|p1a: Ting-Lu|Salt Cure
|move|p1a: Ting-Lu|Whirlwind|p2a: Garganacl
|drag|p2a: Zapdos|Zapdos|100/100
|
|-heal|p1a: Ting-Lu|100/100|[from] item: Leftovers
|-damage|p1a: Ting-Lu|88/100|[from] Salt Cure
|upkeep
|turn|12
|
|t:|1758340837
|switch|p1a: Arboliva|Arboliva, F|100/100
|-damage|p1a: Arboliva|88/100|[from] Stealth Rock
|move|p2a: Zapdos|Hurricane|p1a: Arboliva
|-supereffective|p1a: Arboliva
|-damage|p1a: Arboliva|0 fnt
|faint|p1a: Arboliva
|
|upkeep
|
|t:|1758340846
|switch|p1a: Goodra|Goodra-Hisui, M|100/100
|-damage|p1a: Goodra|94/100|[from] Stealth Rock
|turn|13
|
|t:|1758340851
|move|p2a: Zapdos|Heat Wave|p1a: Goodra
|-damage|p1a: Goodra|73/100
|move|p1a: Goodra|Curse|p1a: Goodra
|-unboost|p1a: Goodra|spe|1
|-boost|p1a: Goodra|atk|1
|-boost|p1a: Goodra|def|1
|
|upkeep
|turn|14
|
|t:|1758340861
|move|p2a: Zapdos|Hurricane|p1a: Goodra
|-resisted|p1a: Goodra
|-damage|p1a: Goodra|56/100
|move|p1a: Goodra|Curse|p1a: Goodra
|-unboost|p1a: Goodra|spe|1
|-boost|p1a: Goodra|atk|1
|-boost|p1a: Goodra|def|1
|
|upkeep
|turn|15
|
|t:|1758340872
|move|p2a: Zapdos|Hurricane|p1a: Goodra
|-resisted|p1a: Goodra
|-damage|p1a: Goodra|40/100
|-enditem|p1a: Goodra|Sitrus Berry|[eat]
|-heal|p1a: Goodra|65/100|[from] item: Sitrus Berry
|move|p1a: Goodra|Gyro Ball|p2a: Zapdos
|-resisted|p2a: Zapdos
|-damage|p2a: Zapdos|41/100
|
|upkeep
|turn|16
|
|t:|1758340886
|move|p2a: Zapdos|Hurricane|p1a: Goodra
|-resisted|p1a: Goodra
|-damage|p1a: Goodra|46/100
|move|p1a: Goodra|Gyro Ball|p2a: Zapdos
|-resisted|p2a: Zapdos
|-damage|p2a: Zapdos|0 fnt
|-status|p1a: Goodra|par|[from] ability: Static|[of] p2a: Zapdos
|faint|p2a: Zapdos
|
|upkeep
|
|t:|1758340899
|switch|p2a: Tyranitar|Tyranitar, F|25/100
|-damage|p2a: Tyranitar|13/100|[from] Stealth Rock
|-weather|Sandstorm|[from] ability: Sand Stream|[of] p2a: Tyranitar
|turn|17
|
|t:|1758340909
|-terastallize|p1a: Goodra|Ghost
|move|p2a: Tyranitar|Ice Beam|p1a: Goodra
|-damage|p1a: Goodra|33/100 par
|move|p1a: Goodra|Dragon Tail|p2a: Tyranitar
|-damage|p2a: Tyranitar|0 fnt
|faint|p2a: Tyranitar
|
|-weather|Sandstorm|[upkeep]
|-damage|p1a: Goodra|26/100 par|[from] Sandstorm
|upkeep
|
|t:|1758340920
|switch|p2a: Excadrill|Excadrill, F|97/100
|-damage|p2a: Excadrill|94/100|[from] Stealth Rock
|-item|p2a: Excadrill|Air Balloon
|turn|18
|
|t:|1758340928
|move|p2a: Excadrill|Earthquake|p1a: Goodra
|-damage|p1a: Goodra|5/100 par
|move|p1a: Goodra|Body Press|p2a: Excadrill
|-supereffective|p2a: Excadrill
|-damage|p2a: Excadrill|0 fnt
|-enditem|p2a: Excadrill|Air Balloon
|faint|p2a: Excadrill
|
|-weather|Sandstorm|[upkeep]
|-damage|p1a: Goodra|0 fnt|[from] Sandstorm
|faint|p1a: Goodra
|upkeep
|
|t:|1758340954
|switch|p2a: Corviknight|Corviknight, F|84/100
|switch|p1a: Ting-Lu|Ting-Lu|88/100
|-damage|p2a: Corviknight|72/100|[from] Stealth Rock
|-ability|p2a: Corviknight|Pressure
|-damage|p1a: Ting-Lu|82/100|[from] Stealth Rock
|-ability|p1a: Ting-Lu|Vessel of Ruin
|turn|19
|
|t:|1758340971
|move|p2a: Corviknight|Brave Bird|p1a: Ting-Lu
|-damage|p1a: Ting-Lu|66/100
|-damage|p2a: Corviknight|65/100|[from] Recoil
|move|p1a: Ting-Lu|Whirlwind|p2a: Corviknight
|drag|p2a: Gliscor|Gliscor, M|100/100
|-damage|p2a: Gliscor|88/100|[from] Stealth Rock
|
|-weather|Sandstorm|[upkeep]
|-heal|p1a: Ting-Lu|72/100|[from] item: Leftovers
|-status|p2a: Gliscor|tox|[from] item: Toxic Orb
|upkeep
|turn|20
|
|t:|1758340987
|move|p2a: Gliscor|Swords Dance|p2a: Gliscor
|-boost|p2a: Gliscor|atk|2
|move|p1a: Ting-Lu|Ruination|p2a: Gliscor
|-damage|p2a: Gliscor|44/100 tox
|
|-weather|Sandstorm|[upkeep]
|-heal|p1a: Ting-Lu|78/100|[from] item: Leftovers
|-heal|p2a: Gliscor|57/100 tox|[from] ability: Poison Heal
|upkeep
|turn|21
|
|t:|1758340999
|move|p2a: Gliscor|Knock Off|p1a: Ting-Lu
|-resisted|p1a: Ting-Lu
|-damage|p1a: Ting-Lu|70/100
|-enditem|p1a: Ting-Lu|Leftovers|[from] move: Knock Off|[of] p2a: Gliscor
|move|p1a: Ting-Lu|Whirlwind|p2a: Gliscor
|drag|p2a: Garganacl|Garganacl, M|100/100
|-damage|p2a: Garganacl|88/100|[from] Stealth Rock
|
|-weather|Sandstorm|[upkeep]
|-heal|p2a: Garganacl|94/100|[from] item: Leftovers
|upkeep
|turn|22
|
|t:|1758341011
|move|p1a: Ting-Lu|Ruination|p2a: Garganacl
|-damage|p2a: Garganacl|48/100
|move|p2a: Garganacl|Salt Cure|p1a: Ting-Lu
|-resisted|p1a: Ting-Lu
|-damage|p1a: Ting-Lu|67/100
|-start|p1a: Ting-Lu|Salt Cure
|
|-weather|Sandstorm|[upkeep]
|-heal|p2a: Garganacl|54/100|[from] item: Leftovers
|-damage|p1a: Ting-Lu|55/100|[from] Salt Cure
|upkeep
|turn|23
|
|t:|1758341031
|move|p1a: Ting-Lu|Ruination|p2a: Garganacl|[miss]
|-miss|p1a: Ting-Lu|p2a: Garganacl
|move|p2a: Garganacl|Recover|p2a: Garganacl
|-heal|p2a: Garganacl|100/100
|
|-weather|Sandstorm|[upkeep]
|-damage|p1a: Ting-Lu|42/100|[from] Salt Cure
|upkeep
|turn|24
|
|t:|1758341043
|switch|p1a: Whimsicott|Whimsicott, F|100/100
|-damage|p1a: Whimsicott|88/100|[from] Stealth Rock
|move|p2a: Garganacl|Protect||[still]
|-fail|p2a: Garganacl
|
|-weather|none
|upkeep
|turn|25
|
|t:|1758341053
|move|p1a: Whimsicott|Encore|p2a: Garganacl
|-start|p2a: Garganacl|Encore
|move|p2a: Garganacl|Protect||[still]
|-fail|p2a: Garganacl
|
|upkeep
|turn|26
|
|t:|1758341066
|switch|p1a: Ting-Lu|Ting-Lu|42/100
|-damage|p1a: Ting-Lu|36/100|[from] Stealth Rock
|-ability|p1a: Ting-Lu|Vessel of Ruin
|move|p2a: Garganacl|Protect||[still]
|-fail|p2a: Garganacl
|
|upkeep
|turn|27
|
|t:|1758341079
|move|p2a: Garganacl|Protect|p2a: Garganacl
|-singleturn|p2a: Garganacl|Protect
|move|p1a: Ting-Lu|Ruination|p2a: Garganacl
|-activate|p2a: Garganacl|move: Protect
|
|-end|p2a: Garganacl|Encore
|upkeep
|turn|28
|
|t:|1758341087
|move|p2a: Garganacl|Salt Cure|p1a: Ting-Lu
|-resisted|p1a: Ting-Lu
|-damage|p1a: Ting-Lu|33/100
|-start|p1a: Ting-Lu|Salt Cure
|move|p1a: Ting-Lu|Whirlwind|p2a: Garganacl
|drag|p2a: Gliscor|Gliscor, M|57/100 tox
|-damage|p2a: Gliscor|44/100 tox|[from] Stealth Rock
|
|-heal|p2a: Gliscor|57/100 tox|[from] ability: Poison Heal
|-damage|p1a: Ting-Lu|21/100|[from] Salt Cure
|upkeep
|turn|29
|
|t:|1758341102
|move|p2a: Gliscor|Protect|p2a: Gliscor
|-singleturn|p2a: Gliscor|Protect
|move|p1a: Ting-Lu|Ruination|p2a: Gliscor
|-activate|p2a: Gliscor|move: Protect
|
|-heal|p2a: Gliscor|69/100 tox|[from] ability: Poison Heal
|-damage|p1a: Ting-Lu|8/100|[from] Salt Cure
|upkeep
|turn|30
|
|t:|1758341116
|move|p2a: Gliscor|Swords Dance|p2a: Gliscor
|-boost|p2a: Gliscor|atk|2
|move|p1a: Ting-Lu|Ruination|p2a: Gliscor
|-damage|p2a: Gliscor|35/100 tox
|
|-heal|p2a: Gliscor|47/100 tox|[from] ability: Poison Heal
|-damage|p1a: Ting-Lu|0 fnt|[from] Salt Cure
|faint|p1a: Ting-Lu
|upkeep
|
|t:|1758341126
|switch|p1a: Whimsicott|Whimsicott, F|88/100
|-damage|p1a: Whimsicott|76/100|[from] Stealth Rock
|turn|31
|
|t:|1758341132
|move|p2a: Gliscor|Protect|p2a: Gliscor
|-singleturn|p2a: Gliscor|Protect
|move|p1a: Whimsicott|Moonblast|p2a: Gliscor
|-activate|p2a: Gliscor|move: Protect
|
|-heal|p2a: Gliscor|60/100 tox|[from] ability: Poison Heal
|upkeep
|turn|32
|
|t:|1758341141
|move|p1a: Whimsicott|Encore|p2a: Gliscor
|-start|p2a: Gliscor|Encore
|move|p2a: Gliscor|Protect||[still]
|-fail|p2a: Gliscor
|
|-heal|p2a: Gliscor|72/100 tox|[from] ability: Poison Heal
|upkeep
|turn|33
|
|t:|1758341149
|move|p2a: Gliscor|Protect|p2a: Gliscor
|-singleturn|p2a: Gliscor|Protect
|move|p1a: Whimsicott|Moonblast|p2a: Gliscor
|-activate|p2a: Gliscor|move: Protect
|
|-heal|p2a: Gliscor|85/100 tox|[from] ability: Poison Heal
|upkeep
|turn|34
|
|t:|1758341158
|move|p2a: Gliscor|Protect||[still]
|-fail|p2a: Gliscor
|move|p1a: Whimsicott|Moonblast|p2a: Gliscor
|-damage|p2a: Gliscor|57/100 tox
|
|-heal|p2a: Gliscor|70/100 tox|[from] ability: Poison Heal
|-end|p2a: Gliscor|Encore
|upkeep
|turn|35
|
|t:|1758341168
|move|p1a: Whimsicott|Encore|p2a: Gliscor
|-start|p2a: Gliscor|Encore
|move|p2a: Gliscor|Protect||[still]
|-fail|p2a: Gliscor
|
|-heal|p2a: Gliscor|82/100 tox|[from] ability: Poison Heal
|upkeep
|turn|36
|
|t:|1758341178
|move|p2a: Gliscor|Protect|p2a: Gliscor
|-singleturn|p2a: Gliscor|Protect
|move|p1a: Whimsicott|Moonblast|p2a: Gliscor
|-activate|p2a: Gliscor|move: Protect
|
|-heal|p2a: Gliscor|95/100 tox|[from] ability: Poison Heal
|upkeep
|turn|37
|
|t:|1758341186
|move|p2a: Gliscor|Protect||[still]
|-fail|p2a: Gliscor
|move|p1a: Whimsicott|Moonblast|p2a: Gliscor
|-damage|p2a: Gliscor|65/100 tox
|
|-heal|p2a: Gliscor|77/100 tox|[from] ability: Poison Heal
|-end|p2a: Gliscor|Encore
|upkeep
|turn|38
|
|t:|1758341197
|move|p1a: Whimsicott|Moonblast|p2a: Gliscor
|-damage|p2a: Gliscor|49/100 tox
|move|p2a: Gliscor|Facade|p1a: Whimsicott
|-damage|p1a: Whimsicott|0 fnt
|faint|p1a: Whimsicott
|
|win|Fvll3n
|raw|t0903094842's rating: 1139 &rarr; <strong>1111</strong><br />(-28 for losing)
|raw|Fvll3n's rating: 1098 &rarr; <strong>1126</strong><br />(+28 for winning)
|l|☆t0903094842
|player|p1|
|l|☆Fvll3n
|player|p2|
