|j|☆cfdffth
|j|☆bttisthesigma
|t:|1758284041
|gametype|singles
|player|p1|cfdffth|102|1074
|player|p2|bttisthesigma|artist|1078
|gen|9
|tier|[Gen 9] OU
|rated|
|rule|HP Percentage Mod: HP is shown in percentages
|rule|Endless Battle Clause: Forcing endless battles is banned
|rule|Species Clause: Limit one of each Pokémon
|rule|OHKO Clause: OHKO moves are banned
|rule|Evasion Items Clause: Evasion items are banned
|rule|Evasion Moves Clause: Evasion moves are banned
|rule|Evasion Abilities Clause: Evasion abilities are banned
|rule|Sleep Moves Clause: Sleep-inducing moves are banned
|clearpoke
|poke|p1|Pelipper, F|
|poke|p1|Greninja-*, M|
|poke|p1|Basculegion, M|
|poke|p1|Zapdos|
|poke|p1|Sandy Shocks|
|poke|p1|Scizor, F|
|poke|p2|Toucannon, M|
|poke|p2|Dragonite, M|
|poke|p2|Zamazenta-*|
|poke|p2|Iron Treads|
|poke|p2|Zapdos|
|poke|p2|Articuno-Galar|
|teampreview
|
|t:|1758284061
|teamsize|p1|6
|teamsize|p2|6
|start
|switch|p1a: Pelipper|Pelipper, F|100/100
|switch|p2a: Articuno|Articuno-Galar|100/100
|-weather|RainDance|[from] ability: Drizzle|[of] p1a: Pelipper
|turn|1
|
|t:|1758284071
|switch|p1a: Scizor|Scizor, F|100/100
|move|p2a: Articuno|Trick Room|p2a: Articuno
|-fieldstart|move: Trick Room|[of] p2a: Articuno
|
|-weather|RainDance|[upkeep]
|upkeep
|turn|2
|
|t:|1758284082
|move|p1a: Scizor|Thief|p2a: Articuno
|-supereffective|p2a: Articuno
|-damage|p2a: Articuno|20/100
|-enditem|p2a: Articuno|Weakness Policy
|-boost|p2a: Articuno|atk|2|[from] item: Weakness Policy
|-boost|p2a: Articuno|spa|2|[from] item: Weakness Policy
|move|p2a: Articuno|Hurricane|p1a: Scizor
|-damage|p1a: Scizor|0 fnt
|faint|p1a: Scizor
|
|-weather|RainDance|[upkeep]
|upkeep
|
|t:|1758284094
|switch|p1a: Greninja|Greninja, M|100/100
|turn|3
|
|t:|1758284103
|move|p1a: Greninja|Water Shuriken|p2a: Articuno
|-damage|p2a: Articuno|8/100
|-damage|p2a: Articuno|0 fnt
|faint|p2a: Articuno
|-ability|p1a: Greninja|Battle Bond|boost
|-boost|p1a: Greninja|atk|1
|-boost|p1a: Greninja|spa|1
|-boost|p1a: Greninja|spe|1
|-activate|p1a: Greninja|ability: Battle Bond
|-hitcount|p2: Articuno|2
|-damage|p1a: Greninja|91/100|[from] item: Life Orb
|
|-weather|RainDance|[upkeep]
|upkeep
|
|t:|1758284116
|switch|p2a: Zapdos|Zapdos|100/100
|turn|4
|
|t:|1758284121
|move|p2a: Zapdos|Volt Switch|p1a: Greninja
|-supereffective|p1a: Greninja
|-damage|p1a: Greninja|0 fnt
|faint|p1a: Greninja
|
|t:|1758284131
|switch|p2a: Franky|Toucannon, M|100/100|[from] Volt Switch
|
|-weather|RainDance|[upkeep]
|upkeep
|
|t:|1758284141
|switch|p1a: Zapdos|Zapdos|100/100
|turn|5
|
|t:|1758284155
|move|p2a: Franky|Rock Blast|p1a: Zapdos
|-supereffective|p1a: Zapdos
|-damage|p1a: Zapdos|83/100
|-supereffective|p1a: Zapdos
|-damage|p1a: Zapdos|67/100
|-supereffective|p1a: Zapdos
|-damage|p1a: Zapdos|50/100
|-supereffective|p1a: Zapdos
|-damage|p1a: Zapdos|33/100
|-supereffective|p1a: Zapdos
|-damage|p1a: Zapdos|18/100
|-hitcount|p1a: Zapdos|5
|move|p1a: Zapdos|U-turn|p2a: Franky
|-resisted|p2a: Franky
|-damage|p2a: Franky|92/100
|
|t:|1758284167
|switch|p1a: Basculegion|Basculegion, M|100/100|[from] U-turn
|
|-weather|RainDance|[upkeep]
|-fieldend|move: Trick Room
|upkeep
|turn|6
|
|t:|1758284186
|switch|p2a: Dragonite|Dragonite, M|100/100
|move|p1a: Basculegion|Wave Crash|p2a: Dragonite
|-resisted|p2a: Dragonite
|-damage|p2a: Dragonite|62/100
|-damage|p1a: Basculegion|90/100|[from] Recoil
|
|-weather|RainDance|[upkeep]
|upkeep
|turn|7
|
|t:|1758284201
|move|p1a: Basculegion|Wave Crash|p2a: Dragonite
|-resisted|p2a: Dragonite
|-damage|p2a: Dragonite|0 fnt
|faint|p2a: Dragonite
|-damage|p1a: Basculegion|72/100|[from] Recoil
|
|-weather|RainDance|[upkeep]
|upkeep
|
|t:|1758284207
|switch|p2a: Zapdos|Zapdos|100/100
|turn|8
|
|t:|1758284211
|move|p1a: Basculegion|Wave Crash|p2a: Zapdos
|-damage|p2a: Zapdos|0 fnt
|faint|p2a: Zapdos
|-damage|p1a: Basculegion|45/100|[from] Recoil
|
|-weather|none
|upkeep
|
|t:|1758284216
|switch|p2a: Zamazenta|Zamazenta|100/100
|-ability|p2a: Zamazenta|Dauntless Shield|boost
|-boost|p2a: Zamazenta|def|1
|turn|9
|
|t:|1758284223
|move|p2a: Zamazenta|Stone Edge|p1a: Basculegion
|-damage|p1a: Basculegion|0 fnt
|faint|p1a: Basculegion
|
|upkeep
|
|t:|1758284228
|switch|p1a: Sandy Shocks|Sandy Shocks|100/100
|-enditem|p1a: Sandy Shocks|Booster Energy
|-activate|p1a: Sandy Shocks|ability: Protosynthesis|[fromitem]
|-start|p1a: Sandy Shocks|protosynthesisspe
|turn|10
|
|t:|1758284237
|-end|p1a: Sandy Shocks|Protosynthesis|[silent]
|switch|p1a: Pelipper|Pelipper, F|100/100
|-weather|RainDance|[from] ability: Drizzle|[of] p1a: Pelipper
|switch|p2a: Iron Treads|Iron Treads|100/100
|-item|p2a: Iron Treads|Air Balloon
|
|-weather|RainDance|[upkeep]
|upkeep
|turn|11
|
|t:|1758284251
|-end|p2a: Iron Treads|Quark Drive|[silent]
|switch|p2a: Franky|Toucannon, M|92/100
|move|p1a: Pelipper|Surf|p2a: Franky
|-damage|p2a: Franky|43/100
|
|-weather|RainDance|[upkeep]
|upkeep
|turn|12
|
|t:|1758284259
|-terastallize|p1a: Pelipper|Ground
|move|p1a: Pelipper|Surf|p2a: Franky
|-damage|p2a: Franky|0 fnt
|faint|p2a: Franky
|
|-weather|RainDance|[upkeep]
|upkeep
|
|t:|1758284265
|switch|p2a: Iron Treads|Iron Treads|100/100
|-item|p2a: Iron Treads|Air Balloon
|turn|13
|
|t:|1758284279
|move|p2a: Iron Treads|Ice Spinner|p1a: Pelipper
|-supereffective|p1a: Pelipper
|-damage|p1a: Pelipper|47/100
|move|p1a: Pelipper|Surf|p2a: Iron Treads
|-supereffective|p2a: Iron Treads
|-damage|p2a: Iron Treads|0 fnt
|-enditem|p2a: Iron Treads|Air Balloon
|faint|p2a: Iron Treads
|-end|p2a: Iron Treads|Quark Drive|[silent]
|
|-weather|RainDance|[upkeep]
|upkeep
|
|t:|1758284282
|switch|p2a: Zamazenta|Zamazenta|100/100
|turn|14
|
|t:|1758284293
|move|p2a: Zamazenta|Close Combat|p1a: Pelipper
|-damage|p1a: Pelipper|0 fnt
|-unboost|p2a: Zamazenta|def|1
|-unboost|p2a: Zamazenta|spd|1
|faint|p1a: Pelipper
|
|-weather|RainDance|[upkeep]
|upkeep
|
|t:|1758284301
|switch|p1a: Zapdos|Zapdos|18/100
|turn|15
|
|t:|1758284321
|move|p2a: Zamazenta|Close Combat|p1a: Zapdos
|-resisted|p1a: Zapdos
|-damage|p1a: Zapdos|0 fnt
|-unboost|p2a: Zamazenta|def|1
|-unboost|p2a: Zamazenta|spd|1
|faint|p1a: Zapdos
|
|-weather|RainDance|[upkeep]
|upkeep
|
|t:|1758284329
|switch|p1a: Sandy Shocks|Sandy Shocks|100/100
|turn|16
|
|t:|1758284344
|move|p2a: Zamazenta|Close Combat|p1a: Sandy Shocks
|-damage|p1a: Sandy Shocks|1/100
|-unboost|p2a: Zamazenta|def|1
|-unboost|p2a: Zamazenta|spd|1
|move|p1a: Sandy Shocks|Thunderbolt|p2a: Zamazenta
|-damage|p2a: Zamazenta|0 fnt
|faint|p2a: Zamazenta
|
|win|cfdffth
|raw|cfdffth's rating: 1074 &rarr; <strong>1103</strong><br />(+29 for winning)
|raw|bttisthesigma's rating: 1078 &rarr; <strong>1056</strong><br />(-22 for losing)
|c|☆bttisthesigma|damn
|l|☆cfdffth
|player|p1|
|l|☆bttisthesigma
|player|p2|
