|inactive|Battle timer is ON: inactive players will automatically lose when time's up.
|badge|p1|silver|gen9ou|30-6
|uhtml|medal-msg|<div class="broadcast-blue">Curious what those medals under the avatar are? PS now has Ladder Seasons! For more information, check out the <a href="https://www.smogon.com/forums/threads/3740067/">thread on Smogon.</a></div>
|t:|1758337376
|gametype|singles
|player|p1|LT123VB 87|dawn|
|player|p2|Coach Jones 6fifth|lusamine-nihilego|
|gen|9
|tier|[Gen 9] OU
|rule|HP Percentage Mod: HP is shown in percentages
|rule|Endless Battle Clause: Forcing endless battles is banned
|rule|Species Clause: Limit one of each Pokémon
|rule|OHKO Clause: OHKO moves are banned
|rule|Evasion Items Clause: Evasion items are banned
|rule|Evasion Moves Clause: Evasion moves are banned
|rule|Evasion Abilities Clause: Evasion abilities are banned
|rule|Sleep Moves Clause: Sleep-inducing moves are banned
|clearpoke
|poke|p1|Ninetales-Alola, M|
|poke|p1|Iron Moth|
|poke|p1|Gliscor, M|
|poke|p1|Hatterene, F|
|poke|p1|Kyurem|
|poke|p1|Zamazenta-*|
|poke|p2|Slowking-Galar, M|
|poke|p2|Kyurem|
|poke|p2|Great Tusk|
|poke|p2|Zapdos|
|poke|p2|Zamazenta-*|
|poke|p2|Kingambit, F|
|teampreview
|raw|<div class="broadcast-red"><strong>Moderated chat was set to ☆!</strong><br />Only users of rank ☆ and higher can talk.</div>
|inactive|LT123VB 87 has 270 seconds left.
|inactive|Coach Jones 6fifth has 270 seconds left.
|
|t:|1758337415
|teamsize|p1|6
|teamsize|p2|6
|start
|switch|p1a: Ninetales|Ninetales-Alola, M|100/100
|switch|p2a: Slowking|Slowking-Galar, M, shiny|100/100
|-weather|Snowscape|[from] ability: Snow Warning|[of] p1a: Ninetales
|turn|1
|
|t:|1758337419
|move|p1a: Ninetales|Aurora Veil|p1a: Ninetales
|-sidestart|p1: LT123VB 87|move: Aurora Veil
|move|p2a: Slowking|Sludge Bomb|p1a: Ninetales
|-supereffective|p1a: Ninetales
|-damage|p1a: Ninetales|68/100
|-status|p1a: Ninetales|psn
|
|-weather|Snowscape|[upkeep]
|-damage|p1a: Ninetales|55/100 psn|[from] psn
|upkeep
|turn|2
|
|t:|1758337425
|switch|p1a: Gliscor|Gliscor, M|100/100
|-prepare|p2a: Slowking|Chilly Reception|[premajor]
|move|p2a: Slowking|Chilly Reception|p2a: Slowking
|
|t:|1758337427
|switch|p2a: Frozone|Kyurem, shiny|100/100|[from] Chilly Reception
|-ability|p2a: Frozone|Pressure
|
|-weather|Snowscape|[upkeep]
|-status|p1a: Gliscor|tox|[from] item: Toxic Orb
|upkeep
|turn|3
|inactive|LT123VB 87 has 270 seconds left.
|
|t:|1758337470
|-terastallize|p1a: Gliscor|Normal
|move|p2a: Frozone|Blizzard|p1a: Gliscor
|-damage|p1a: Gliscor|50/100 tox
|move|p1a: Gliscor|Swords Dance|p1a: Gliscor
|-boost|p1a: Gliscor|atk|2
|
|-weather|Snowscape|[upkeep]
|-heal|p1a: Gliscor|63/100 tox|[from] ability: Poison Heal
|upkeep
|turn|4
|
|t:|1758337483
|switch|p1a: Iron Moth|Iron Moth|100/100
|-enditem|p1a: Iron Moth|Booster Energy
|-activate|p1a: Iron Moth|ability: Quark Drive|[fromitem]
|-start|p1a: Iron Moth|quarkdrivespe
|move|p2a: Frozone|Blizzard|p1a: Iron Moth
|-resisted|p1a: Iron Moth
|-damage|p1a: Iron Moth|77/100
|-status|p1a: Iron Moth|frz
|
|-weather|Snowscape|[upkeep]
|upkeep
|turn|5
|
|t:|1758337503
|cant|p1a: Iron Moth|frz
|move|p2a: Frozone|Blizzard|p1a: Iron Moth
|-resisted|p1a: Iron Moth
|-damage|p1a: Iron Moth|53/100 frz
|
|-weather|none
|upkeep
|turn|6
|
|t:|1758337507
|switch|p2a: Slowking|Slowking-Galar, M, shiny|100/100
|cant|p1a: Iron Moth|frz
|
|upkeep
|turn|7
|
|t:|1758337510
|-end|p1a: Iron Moth|Quark Drive|[silent]
|switch|p1a: Gliscor|Gliscor, M, tera:Normal|63/100 tox
|move|p2a: Slowking|Psyshock|p1a: Gliscor
|-damage|p1a: Gliscor|52/100 tox
|
|-heal|p1a: Gliscor|64/100 tox|[from] ability: Poison Heal
|upkeep
|turn|8
|
|t:|1758337518
|move|p1a: Gliscor|Earthquake|p2a: Slowking
|-supereffective|p2a: Slowking
|-damage|p2a: Slowking|18/100
|-prepare|p2a: Slowking|Chilly Reception|[premajor]
|move|p2a: Slowking|Chilly Reception|p2a: Slowking
|-weather|Snowscape
|
|t:|1758337523
|switch|p2a: Frozone|Kyurem, shiny|100/100|[from] Chilly Reception
|-ability|p2a: Frozone|Pressure
|
|-weather|Snowscape|[upkeep]
|-heal|p1a: Gliscor|77/100 tox|[from] ability: Poison Heal
|-sideend|p1: LT123VB 87|move: Aurora Veil
|upkeep
|turn|9
|
|t:|1758337527
|switch|p1a: Iron Moth|Iron Moth|53/100 frz
|move|p2a: Frozone|Blizzard|p1a: Iron Moth
|-resisted|p1a: Iron Moth
|-damage|p1a: Iron Moth|4/100 frz
|
|-weather|Snowscape|[upkeep]
|upkeep
|turn|10
|
|t:|1758337530
|cant|p1a: Iron Moth|frz
|move|p2a: Frozone|Blizzard|p1a: Iron Moth
|-resisted|p1a: Iron Moth
|-damage|p1a: Iron Moth|0 fnt
|faint|p1a: Iron Moth
|-end|p1a: Iron Moth|Quark Drive|[silent]
|
|-weather|Snowscape|[upkeep]
|upkeep
|
|t:|1758337532
|switch|p1a: Ninetales|Ninetales-Alola, M|55/100 psn
|turn|11
|
|t:|1758337546
|switch|p2a: Slowking|Slowking-Galar, M, shiny|52/100
|move|p1a: Ninetales|Aurora Veil|p1a: Ninetales
|-sidestart|p1: LT123VB 87|move: Aurora Veil
|
|-weather|Snowscape|[upkeep]
|-damage|p1a: Ninetales|43/100 psn|[from] psn
|upkeep
|turn|12
|
|t:|1758337550
|switch|p1a: Gliscor|Gliscor, M, tera:Normal|77/100 tox
|-prepare|p2a: Slowking|Chilly Reception|[premajor]
|move|p2a: Slowking|Chilly Reception|p2a: Slowking
|
|t:|1758337553
|switch|p2a: Frozone|Kyurem, shiny|100/100|[from] Chilly Reception
|-ability|p2a: Frozone|Pressure
|
|-weather|none
|-heal|p1a: Gliscor|89/100 tox|[from] ability: Poison Heal
|upkeep
|turn|13
|
|t:|1758337558
|move|p2a: Frozone|Ice Beam|p1a: Gliscor
|-crit|p1a: Gliscor
|-damage|p1a: Gliscor|0 fnt
|faint|p1a: Gliscor
|
|upkeep
|c|☆LT123VB 87|)
|c|☆Coach Jones 6fifth|rip
|
|t:|1758337572
|switch|p1a: Hatterene|Hatterene, F|100/100
|turn|14
|
|t:|1758337579
|switch|p2a: Slowking|Slowking-Galar, M, shiny|85/100
|move|p1a: Hatterene|Calm Mind|p1a: Hatterene
|-boost|p1a: Hatterene|spa|1
|-boost|p1a: Hatterene|spd|1
|
|upkeep
|turn|15
|
|t:|1758337584
|move|p1a: Hatterene|Psyshock|p2a: Slowking
|-damage|p2a: Slowking|28/100
|move|p2a: Slowking|Sludge Bomb|p1a: Hatterene
|-supereffective|p1a: Hatterene
|-damage|p1a: Hatterene|75/100
|-status|p1a: Hatterene|psn
|
|-heal|p1a: Hatterene|81/100 psn|[from] item: Leftovers
|-damage|p1a: Hatterene|69/100 psn|[from] psn
|upkeep
|turn|16
|
|t:|1758337595
|move|p1a: Hatterene|Nuzzle|p2a: Slowking
|-damage|p2a: Slowking|24/100
|-status|p2a: Slowking|par
|cant|p2a: Slowking|par
|
|-heal|p1a: Hatterene|75/100 psn|[from] item: Leftovers
|-damage|p1a: Hatterene|62/100 psn|[from] psn
|upkeep
|turn|17
|
|t:|1758337598
|move|p1a: Hatterene|Psyshock|p2a: Slowking
|-damage|p2a: Slowking|0 fnt
|faint|p2a: Slowking
|
|-heal|p1a: Hatterene|68/100 psn|[from] item: Leftovers
|-damage|p1a: Hatterene|56/100 psn|[from] psn
|upkeep
|inactive|Coach Jones 6fifth has 270 seconds left.
|
|t:|1758337654
|switch|p2a: Kingambit|Kingambit, F, shiny|100/100
|-activate|p2a: Kingambit|ability: Supreme Overlord
|-start|p2a: Kingambit|fallen1|[silent]
|turn|18
|
|t:|1758337658
|move|p2a: Kingambit|Iron Head|p1a: Hatterene
|-supereffective|p1a: Hatterene
|-damage|p1a: Hatterene|17/100 psn
|move|p1a: Hatterene|Draining Kiss|p2a: Kingambit
|-damage|p2a: Kingambit|69/100
|-heal|p1a: Hatterene|43/100 psn|[from] drain|[of] p2a: Kingambit
|
|-heal|p2a: Kingambit|75/100|[from] item: Leftovers
|-heal|p1a: Hatterene|49/100 psn|[from] item: Leftovers
|-damage|p1a: Hatterene|37/100 psn|[from] psn
|-sideend|p1: LT123VB 87|move: Aurora Veil
|upkeep
|turn|19
|
|t:|1758337666
|move|p2a: Kingambit|Iron Head|p1a: Hatterene
|-supereffective|p1a: Hatterene
|-damage|p1a: Hatterene|0 fnt
|faint|p1a: Hatterene
|
|-heal|p2a: Kingambit|82/100|[from] item: Leftovers
|upkeep
|
|t:|1758337667
|switch|p1a: Ninetales|Ninetales-Alola, M|43/100 psn
|-weather|Snowscape|[from] ability: Snow Warning|[of] p1a: Ninetales
|turn|20
|
|t:|1758337676
|move|p1a: Ninetales|Aurora Veil|p1a: Ninetales
|-sidestart|p1: LT123VB 87|move: Aurora Veil
|move|p2a: Kingambit|Swords Dance|p2a: Kingambit
|-boost|p2a: Kingambit|atk|2
|
|-weather|Snowscape|[upkeep]
|-heal|p2a: Kingambit|88/100|[from] item: Leftovers
|-damage|p1a: Ninetales|31/100 psn|[from] psn
|upkeep
|turn|21
|
|t:|1758337679
|-end|p2a: Kingambit|fallen1|[silent]
|switch|p2a: Frozone|Kyurem, shiny|100/100
|-ability|p2a: Frozone|Pressure
|move|p1a: Ninetales|Encore||[still]
|-fail|p1a: Ninetales
|
|-weather|Snowscape|[upkeep]
|-damage|p1a: Ninetales|18/100 psn|[from] psn
|upkeep
|turn|22
|
|t:|1758337687
|switch|p2a: Kingambit|Kingambit, F, shiny|88/100
|-activate|p2a: Kingambit|ability: Supreme Overlord
|-start|p2a: Kingambit|fallen1|[silent]
|move|p1a: Ninetales|Moonblast|p2a: Kingambit
|-damage|p2a: Kingambit|60/100
|
|-weather|Snowscape|[upkeep]
|-heal|p2a: Kingambit|67/100|[from] item: Leftovers
|-damage|p1a: Ninetales|6/100 psn|[from] psn
|upkeep
|turn|23
|
|t:|1758337693
|move|p1a: Ninetales|Moonblast|p2a: Kingambit
|-damage|p2a: Kingambit|40/100
|move|p2a: Kingambit|Swords Dance|p2a: Kingambit
|-boost|p2a: Kingambit|atk|2
|
|-weather|Snowscape|[upkeep]
|-heal|p2a: Kingambit|46/100|[from] item: Leftovers
|-damage|p1a: Ninetales|0 fnt|[from] psn
|faint|p1a: Ninetales
|upkeep
|
|t:|1758337695
|switch|p1a: Zamazenta|Zamazenta|100/100
|-ability|p1a: Zamazenta|Dauntless Shield|boost
|-boost|p1a: Zamazenta|def|1
|turn|24
|
|t:|1758337702
|switch|p1a: Kyurem|Kyurem|100/100
|-ability|p1a: Kyurem|Pressure
|-end|p2a: Kingambit|fallen1|[silent]
|switch|p2a: Zapdos|Zapdos|100/100
|
|-weather|none
|upkeep
|turn|25
|
|t:|1758337708
|switch|p2a: Kingambit|Kingambit, F, shiny|46/100
|-activate|p2a: Kingambit|ability: Supreme Overlord
|-start|p2a: Kingambit|fallen1|[silent]
|move|p1a: Kyurem|Substitute|p1a: Kyurem
|-start|p1a: Kyurem|Substitute
|-damage|p1a: Kyurem|76/100
|
|-heal|p2a: Kingambit|52/100|[from] item: Leftovers
|upkeep
|turn|26
|
|t:|1758337710
|move|p1a: Kyurem|Dragon Dance|p1a: Kyurem
|-boost|p1a: Kyurem|atk|1
|-boost|p1a: Kyurem|spe|1
|move|p2a: Kingambit|Iron Head|p1a: Kyurem
|-supereffective|p1a: Kyurem
|-end|p1a: Kyurem|Substitute
|
|-heal|p2a: Kingambit|59/100|[from] item: Leftovers
|upkeep
|turn|27
|
|t:|1758337713
|move|p1a: Kyurem|Icicle Spear|p2a: Kingambit
|-resisted|p2a: Kingambit
|-damage|p2a: Kingambit|51/100
|-resisted|p2a: Kingambit
|-damage|p2a: Kingambit|44/100
|-resisted|p2a: Kingambit
|-damage|p2a: Kingambit|36/100
|-resisted|p2a: Kingambit
|-damage|p2a: Kingambit|29/100
|-hitcount|p2a: Kingambit|4
|move|p2a: Kingambit|Iron Head|p1a: Kyurem
|-supereffective|p1a: Kyurem
|-damage|p1a: Kyurem|28/100
|
|-heal|p2a: Kingambit|35/100|[from] item: Leftovers
|-sideend|p1: LT123VB 87|move: Aurora Veil
|upkeep
|turn|28
|
|t:|1758337718
|move|p1a: Kyurem|Icicle Spear|p2a: Kingambit
|-resisted|p2a: Kingambit
|-damage|p2a: Kingambit|28/100
|-resisted|p2a: Kingambit
|-damage|p2a: Kingambit|20/100
|-resisted|p2a: Kingambit
|-damage|p2a: Kingambit|12/100
|-resisted|p2a: Kingambit
|-crit|p2a: Kingambit
|-damage|p2a: Kingambit|1/100
|-resisted|p2a: Kingambit
|-damage|p2a: Kingambit|0 fnt
|faint|p2a: Kingambit
|-end|p2a: Kingambit|fallen1|[silent]
|-hitcount|p2: Kingambit|5
|
|upkeep
|
|t:|1758337722
|switch|p2a: Zamazenta|Zamazenta, shiny|100/100
|-ability|p2a: Zamazenta|Dauntless Shield|boost
|-boost|p2a: Zamazenta|def|1
|turn|29
|
|t:|1758337726
|move|p1a: Kyurem|Icicle Spear|p2a: Zamazenta
|-damage|p2a: Zamazenta|88/100
|-damage|p2a: Zamazenta|75/100
|-damage|p2a: Zamazenta|62/100
|-damage|p2a: Zamazenta|50/100
|-damage|p2a: Zamazenta|37/100
|-hitcount|p2a: Zamazenta|5
|move|p2a: Zamazenta|Close Combat|p1a: Kyurem
|-supereffective|p1a: Kyurem
|-damage|p1a: Kyurem|0 fnt
|-unboost|p2a: Zamazenta|def|1
|-unboost|p2a: Zamazenta|spd|1
|faint|p1a: Kyurem
|
|upkeep
|
|t:|1758337728
|switch|p1a: Zamazenta|Zamazenta|100/100
|turn|30
|
|t:|1758337730
|move|p2a: Zamazenta|Close Combat|p1a: Zamazenta
|-damage|p1a: Zamazenta|24/100
|-unboost|p2a: Zamazenta|def|1
|-unboost|p2a: Zamazenta|spd|1
|move|p1a: Zamazenta|Iron Defense|p1a: Zamazenta
|-boost|p1a: Zamazenta|def|2
|
|-heal|p1a: Zamazenta|31/100|[from] item: Leftovers
|upkeep
|turn|31
|
|t:|1758337734
|move|p2a: Zamazenta|Close Combat|p1a: Zamazenta
|-damage|p1a: Zamazenta|0 fnt
|-unboost|p2a: Zamazenta|def|1
|-unboost|p2a: Zamazenta|spd|1
|faint|p1a: Zamazenta
|
|win|Coach Jones 6fifth
|player|p1|
