|j|☆Reginald Chaos
|j|☆axunyu
|t:|1758343341
|gametype|singles
|player|p1|Reginald Chaos|170|1318
|player|p2|axunyu|benga|1364
|gen|9
|tier|[Gen 9] OU
|rated|
|rule|HP Percentage Mod: HP is shown in percentages
|rule|Endless Battle Clause: Forcing endless battles is banned
|rule|Species Clause: Limit one of each Pokémon
|rule|OHKO Clause: OHKO moves are banned
|rule|Evasion Items Clause: Evasion items are banned
|rule|Evasion Moves Clause: Evasion moves are banned
|rule|Evasion Abilities Clause: Evasion abilities are banned
|rule|Sleep Moves Clause: Sleep-inducing moves are banned
|clearpoke
|poke|p1|Pelipper, F|
|poke|p1|Beartic, F|
|poke|p1|Barraskewda, F|
|poke|p1|Ogerpon-Wellspring, F|
|poke|p1|Zapdos|
|poke|p1|Hatterene, F|
|poke|p2|Torkoal, F|
|poke|p2|Scovillain, M|
|poke|p2|Zamazenta-*|
|poke|p2|Corviknight, M|
|poke|p2|Raging Bolt|
|poke|p2|Arcanine-Hisui, M|
|teampreview
|inactive|Battle timer is ON: inactive players will automatically lose when time's up. (requested by axunyu)
|inactive|Reginald Chaos also wants the timer to be on.
|
|t:|1758343347
|teamsize|p1|6
|teamsize|p2|6
|start
|switch|p1a: Barraskewda|Barraskewda, F|100/100
|switch|p2a: Arcanine|Arcanine-Hisui, M|100/100
|turn|1
|
|t:|1758343351
|switch|p2a: Torkoal|Torkoal, F, shiny|100/100
|-weather|SunnyDay|[from] ability: Drought|[of] p2a: Torkoal
|move|p1a: Barraskewda|Flip Turn|p2a: Torkoal
|-supereffective|p2a: Torkoal
|-damage|p2a: Torkoal|79/100
|
|t:|1758343355
|switch|p1a: Pelipper|Pelipper, F|100/100|[from] Flip Turn
|-weather|RainDance|[from] ability: Drizzle|[of] p1a: Pelipper
|
|-weather|RainDance|[upkeep]
|upkeep
|turn|2
|
|t:|1758343359
|switch|p2a: Corviknight|Corviknight, M|100/100
|-ability|p2a: Corviknight|Pressure
|move|p1a: Pelipper|U-turn|p2a: Corviknight
|-resisted|p2a: Corviknight
|-damage|p2a: Corviknight|99/100
|
|t:|1758343371
|switch|p1a: Ogerpon|Ogerpon-Wellspring, F|100/100|[from] U-turn
|
|-weather|RainDance|[upkeep]
|-heal|p2a: Corviknight|100/100|[from] item: Leftovers
|upkeep
|turn|3
|
|t:|1758343375
|move|p1a: Ogerpon|Ivy Cudgel|p2a: Corviknight|[anim] Ivy Cudgel Water
|-damage|p2a: Corviknight|51/100
|move|p2a: Corviknight|Brave Bird|p1a: Ogerpon
|-supereffective|p1a: Ogerpon
|-damage|p1a: Ogerpon|2/100
|-damage|p2a: Corviknight|26/100|[from] Recoil
|
|-weather|RainDance|[upkeep]
|-heal|p2a: Corviknight|32/100|[from] item: Leftovers
|upkeep
|turn|4
|
|t:|1758343381
|move|p1a: Ogerpon|Ivy Cudgel|p2a: Corviknight|[anim] Ivy Cudgel Water
|-damage|p2a: Corviknight|0 fnt
|faint|p2a: Corviknight
|
|-weather|RainDance|[upkeep]
|upkeep
|
|t:|1758343384
|switch|p2a: Torkoal|Torkoal, F, shiny|79/100
|-weather|SunnyDay|[from] ability: Drought|[of] p2a: Torkoal
|turn|5
|
|t:|1758343388
|switch|p1a: Hatterene|Hatterene, F|100/100
|move|p2a: Torkoal|Stealth Rock|p1a: Hatterene
|move|p1a: Hatterene|Stealth Rock|p2a: Torkoal|[from] ability: Magic Bounce
|-sidestart|p2: axunyu|move: Stealth Rock
|
|-weather|SunnyDay|[upkeep]
|upkeep
|turn|6
|
|t:|1758343396
|move|p1a: Hatterene|Psychic Noise|p2a: Torkoal
|-damage|p2a: Torkoal|32/100
|-start|p2a: Torkoal|move: Heal Block
|move|p2a: Torkoal|Rapid Spin|p1a: Hatterene
|-damage|p1a: Hatterene|91/100
|-boost|p2a: Torkoal|spe|1
|-sideend|p2: axunyu|Stealth Rock|[from] move: Rapid Spin|[of] p2a: Torkoal
|-enditem|p1a: Hatterene|Eject Button
|
|t:|1758343402
|switch|p1a: Pelipper|Pelipper, F|100/100
|-weather|RainDance|[from] ability: Drizzle|[of] p1a: Pelipper
|
|-weather|RainDance|[upkeep]
|upkeep
|turn|7
|
|t:|1758343406
|switch|p2a: Raging Bolt|Raging Bolt|100/100
|move|p1a: Pelipper|Surf|p2a: Raging Bolt
|-resisted|p2a: Raging Bolt
|-damage|p2a: Raging Bolt|80/100
|
|-weather|RainDance|[upkeep]
|-heal|p2a: Raging Bolt|86/100|[from] item: Leftovers
|upkeep
|turn|8
|
|t:|1758343412
|switch|p1a: Ogerpon|Ogerpon-Wellspring, F|2/100
|move|p2a: Raging Bolt|Thunderbolt|p1a: Ogerpon
|-damage|p1a: Ogerpon|0 fnt
|faint|p1a: Ogerpon
|
|-weather|RainDance|[upkeep]
|-heal|p2a: Raging Bolt|92/100|[from] item: Leftovers
|upkeep
|
|t:|1758343414
|switch|p1a: Beartic|Beartic, F|100/100
|turn|9
|
|t:|1758343418
|-end|p2a: Raging Bolt|Protosynthesis|[silent]
|switch|p2a: Zamazenta|Zamazenta|100/100
|-ability|p2a: Zamazenta|Dauntless Shield|boost
|-boost|p2a: Zamazenta|def|1
|move|p1a: Beartic|Icicle Spear|p2a: Zamazenta
|-damage|p2a: Zamazenta|92/100
|-damage|p2a: Zamazenta|83/100
|-crit|p2a: Zamazenta
|-damage|p2a: Zamazenta|62/100
|-damage|p2a: Zamazenta|53/100
|-damage|p2a: Zamazenta|44/100
|-hitcount|p2a: Zamazenta|5
|
|-weather|RainDance|[upkeep]
|upkeep
|turn|10
|
|t:|1758343429
|switch|p1a: Zapdos|Zapdos|100/100
|move|p2a: Zamazenta|Wild Charge|p1a: Zapdos
|-damage|p1a: Zapdos|62/100
|-status|p2a: Zamazenta|par|[from] ability: Static|[of] p1a: Zapdos
|-damage|p2a: Zamazenta|35/100 par|[from] Recoil
|
|-weather|RainDance|[upkeep]
|upkeep
|turn|11
|
|t:|1758343434
|move|p1a: Zapdos|Hurricane|p2a: Zamazenta
|-supereffective|p2a: Zamazenta
|-damage|p2a: Zamazenta|0 fnt
|faint|p2a: Zamazenta
|
|-weather|RainDance|[upkeep]
|upkeep
|
|t:|1758343437
|switch|p2a: Torkoal|Torkoal, F, shiny|32/100
|-weather|SunnyDay|[from] ability: Drought|[of] p2a: Torkoal
|turn|12
|
|t:|1758343441
|switch|p2a: Arcanine|Arcanine-Hisui, M|100/100
|move|p1a: Zapdos|Volt Switch|p2a: Arcanine
|-damage|p2a: Arcanine|52/100
|
|t:|1758343445
|switch|p1a: Pelipper|Pelipper, F|100/100|[from] Volt Switch
|-weather|RainDance|[from] ability: Drizzle|[of] p1a: Pelipper
|
|-weather|RainDance|[upkeep]
|upkeep
|turn|13
|
|t:|1758343452
|switch|p1a: Hatterene|Hatterene, F|91/100
|move|p2a: Arcanine|Head Smash|p1a: Hatterene
|-damage|p1a: Hatterene|0 fnt
|faint|p1a: Hatterene
|
|-weather|RainDance|[upkeep]
|upkeep
|
|t:|1758343454
|switch|p1a: Barraskewda|Barraskewda, F|100/100
|turn|14
|
|t:|1758343463
|switch|p2a: Raging Bolt|Raging Bolt|92/100
|move|p1a: Barraskewda|Flip Turn|p2a: Raging Bolt
|-resisted|p2a: Raging Bolt
|-damage|p2a: Raging Bolt|66/100
|
|t:|1758343467
|switch|p1a: Beartic|Beartic, F|100/100|[from] Flip Turn
|
|-weather|RainDance|[upkeep]
|-heal|p2a: Raging Bolt|72/100|[from] item: Leftovers
|upkeep
|turn|15
|
|t:|1758343475
|-terastallize|p2a: Raging Bolt|Fairy
|move|p1a: Beartic|Substitute|p1a: Beartic
|-start|p1a: Beartic|Substitute
|-damage|p1a: Beartic|76/100
|move|p2a: Raging Bolt|Thunderbolt|p1a: Beartic
|-end|p1a: Beartic|Substitute
|
|-weather|RainDance|[upkeep]
|-heal|p2a: Raging Bolt|78/100|[from] item: Leftovers
|upkeep
|turn|16
|
|t:|1758343483
|-terastallize|p1a: Beartic|Ground
|move|p1a: Beartic|Earthquake|p2a: Raging Bolt
|-damage|p2a: Raging Bolt|22/100
|move|p2a: Raging Bolt|Thunderbolt|p1a: Beartic
|-immune|p1a: Beartic
|
|-weather|RainDance|[upkeep]
|-heal|p2a: Raging Bolt|29/100|[from] item: Leftovers
|upkeep
|turn|17
|
|t:|1758343490
|move|p1a: Beartic|Earthquake|p2a: Raging Bolt
|-damage|p2a: Raging Bolt|0 fnt
|faint|p2a: Raging Bolt
|-end|p2a: Raging Bolt|Protosynthesis|[silent]
|
|-weather|RainDance|[upkeep]
|upkeep
|
|t:|1758343492
|switch|p2a: Torkoal|Torkoal, F, shiny|32/100
|-weather|SunnyDay|[from] ability: Drought|[of] p2a: Torkoal
|turn|18
|
|t:|1758343500
|switch|p2a: Arcanine|Arcanine-Hisui, M|52/100
|move|p1a: Beartic|Earthquake|p2a: Arcanine
|-supereffective|p2a: Arcanine
|-damage|p2a: Arcanine|0 fnt
|faint|p2a: Arcanine
|
|-weather|SunnyDay|[upkeep]
|upkeep
|
|t:|1758343501
|switch|p2a: Scovillain|Scovillain, M|100/100
|turn|19
|
|t:|1758343505
|switch|p1a: Pelipper|Pelipper, F|100/100
|-weather|RainDance|[from] ability: Drizzle|[of] p1a: Pelipper
|move|p2a: Scovillain|Giga Drain|p1a: Pelipper
|-damage|p1a: Pelipper|34/100
|-damage|p2a: Scovillain|91/100|[from] item: Life Orb
|
|-weather|RainDance|[upkeep]
|upkeep
|turn|20
|
|t:|1758343509
|move|p2a: Scovillain|Giga Drain|p1a: Pelipper
|-damage|p1a: Pelipper|0 fnt
|-heal|p2a: Scovillain|100/100|[from] drain|[of] p1a: Pelipper
|faint|p1a: Pelipper
|-damage|p2a: Scovillain|91/100|[from] item: Life Orb
|
|-weather|RainDance|[upkeep]
|upkeep
|
|t:|1758343516
|switch|p1a: Beartic|Beartic, F, tera:Ground|76/100
|turn|21
|
|t:|1758343520
|switch|p2a: Torkoal|Torkoal, F, shiny|32/100
|-weather|SunnyDay|[from] ability: Drought|[of] p2a: Torkoal
|move|p1a: Beartic|Substitute|p1a: Beartic
|-start|p1a: Beartic|Substitute
|-damage|p1a: Beartic|51/100
|
|-weather|SunnyDay|[upkeep]
|upkeep
|turn|22
|
|t:|1758343523
|move|p1a: Beartic|Earthquake|p2a: Torkoal
|-supereffective|p2a: Torkoal
|-damage|p2a: Torkoal|0 fnt
|faint|p2a: Torkoal
|
|-weather|SunnyDay|[upkeep]
|upkeep
|
|t:|1758343525
|switch|p2a: Scovillain|Scovillain, M|91/100
|turn|23
|
|t:|1758343527
|move|p2a: Scovillain|Giga Drain|p1a: Beartic
|-supereffective|p1a: Beartic
|-end|p1a: Beartic|Substitute
|-heal|p2a: Scovillain|100/100|[from] drain|[of] p1a: Beartic
|-damage|p2a: Scovillain|91/100|[from] item: Life Orb
|move|p1a: Beartic|Icicle Spear|p2a: Scovillain
|-damage|p2a: Scovillain|65/100
|-damage|p2a: Scovillain|40/100
|-damage|p2a: Scovillain|13/100
|-damage|p2a: Scovillain|0 fnt
|faint|p2a: Scovillain
|-hitcount|p2: Scovillain|4
|
|win|Reginald Chaos
|raw|Reginald Chaos's rating: 1318 &rarr; <strong>1341</strong><br />(+23 for winning)
|raw|axunyu's rating: 1364 &rarr; <strong>1341</strong><br />(-23 for losing)
|l|☆axunyu
|player|p2|
|l|☆Reginald Chaos
|player|p1|
