|j|☆CCL0611
|j|☆Adoumi_
|t:|1758293412
|gametype|singles
|player|p1|CCL0611|266|1055
|player|p2|Adoumi_|hiker-gen4|1072
|gen|9
|tier|[Gen 9] OU
|rated|
|rule|HP Percentage Mod: HP is shown in percentages
|rule|Endless Battle Clause: Forcing endless battles is banned
|rule|Species Clause: Limit one of each Pokémon
|rule|OHKO Clause: OHKO moves are banned
|rule|Evasion Items Clause: Evasion items are banned
|rule|Evasion Moves Clause: Evasion moves are banned
|rule|Evasion Abilities Clause: Evasion abilities are banned
|rule|Sleep Moves Clause: Sleep-inducing moves are banned
|clearpoke
|poke|p1|Gholdengo|
|poke|p1|Kingdra, F|
|poke|p1|Rhyperior, M|
|poke|p1|Jolteon, M|
|poke|p1|Rotom-Wash|
|poke|p1|Tornadus, M|
|poke|p2|Weavile, F|
|poke|p2|Dragonite, F|
|poke|p2|Azumarill, M|
|poke|p2|Breloom, F|
|poke|p2|Ceruledge, M|
|poke|p2|Quaquaval, M|
|teampreview
|inactive|Battle timer is ON: inactive players will automatically lose when time's up. (requested by Adoumi_)
|
|t:|1758293422
|teamsize|p1|6
|teamsize|p2|6
|start
|switch|p1a: Gholdengo|Gholdengo|100/100
|switch|p2a: Azumarill|Azumarill, M|100/100
|turn|1
|
|t:|1758293436
|move|p1a: Gholdengo|Reflect|p1a: Gholdengo
|-sidestart|p1: CCL0611|Reflect
|move|p2a: Azumarill|Belly Drum|p2a: Azumarill
|-damage|p2a: Azumarill|50/100
|-setboost|p2a: Azumarill|atk|6|[from] move: Belly Drum
|-enditem|p2a: Azumarill|Sitrus Berry|[eat]
|-heal|p2a: Azumarill|75/100|[from] item: Sitrus Berry
|
|upkeep
|turn|2
|
|t:|1758293451
|move|p2a: Azumarill|Aqua Jet|p1a: Gholdengo
|-damage|p1a: Gholdengo|49/100
|move|p1a: Gholdengo|Make It Rain|p2a: Azumarill
|-damage|p2a: Azumarill|16/100
|-unboost|p1a: Gholdengo|spa|1
|
|upkeep
|turn|3
|
|t:|1758293462
|move|p2a: Azumarill|Aqua Jet|p1a: Gholdengo
|-damage|p1a: Gholdengo|0 fnt
|faint|p1a: Gholdengo
|
|upkeep
|
|t:|1758293467
|switch|p1a: Rotom|Rotom-Wash|100/100
|turn|4
|
|t:|1758293476
|move|p2a: Azumarill|Aqua Jet|p1a: Rotom
|-resisted|p1a: Rotom
|-damage|p1a: Rotom|82/100
|move|p1a: Rotom|Discharge|p2a: Azumarill
|-supereffective|p2a: Azumarill
|-crit|p2a: Azumarill
|-damage|p2a: Azumarill|0 fnt
|faint|p2a: Azumarill
|
|-heal|p1a: Rotom|88/100|[from] item: Leftovers
|upkeep
|
|t:|1758293498
|switch|p2a: Breloom|Breloom, F|100/100
|turn|5
|
|t:|1758293502
|switch|p1a: Kingdra|Kingdra, F|100/100
|move|p2a: Breloom|Swords Dance|p2a: Breloom
|-boost|p2a: Breloom|atk|2
|
|upkeep
|turn|6
|
|t:|1758293525
|move|p2a: Breloom|Mach Punch|p1a: Kingdra
|-damage|p1a: Kingdra|57/100
|move|p1a: Kingdra|Focus Energy|p1a: Kingdra
|-start|p1a: Kingdra|move: Focus Energy
|
|upkeep
|turn|7
|inactive|Adoumi_ has 120 seconds left.
|
|t:|1758293554
|switch|p2a: Weavile|Weavile, F|100/100
|-ability|p2a: Weavile|Pressure
|move|p1a: Kingdra|Draco Meteor|p2a: Weavile
|-crit|p2a: Weavile
|-damage|p2a: Weavile|0 fnt
|-unboost|p1a: Kingdra|spa|2
|faint|p2a: Weavile
|
|upkeep
|
|t:|1758293566
|switch|p2a: Breloom|Breloom, F|100/100
|turn|8
|
|t:|1758293569
|move|p1a: Kingdra|Draco Meteor|p2a: Breloom
|-crit|p2a: Breloom
|-damage|p2a: Breloom|0 fnt
|-unboost|p1a: Kingdra|spa|2
|faint|p2a: Breloom
|
|-sideend|p1: CCL0611|Reflect
|upkeep
|inactive|Adoumi_ has 120 seconds left.
|
|t:|1758293577
|switch|p2a: Quaquaval|Quaquaval, M|100/100
|turn|9
|
|t:|1758293583
|move|p1a: Kingdra|Draco Meteor|p2a: Quaquaval
|-crit|p2a: Quaquaval
|-damage|p2a: Quaquaval|0 fnt
|-unboost|p1a: Kingdra|spa|2
|faint|p2a: Quaquaval
|
|upkeep
|
|t:|1758293590
|switch|p2a: Ceruledge|Ceruledge, M|100/100
|turn|10
|
|t:|1758293598
|move|p2a: Ceruledge|Swords Dance|p2a: Ceruledge
|-boost|p2a: Ceruledge|atk|2
|move|p1a: Kingdra|Draco Meteor|p2a: Ceruledge
|-crit|p2a: Ceruledge
|-damage|p2a: Ceruledge|0 fnt
|faint|p2a: Ceruledge
|
|upkeep
|
|t:|1758293606
|switch|p2a: Dragonite|Dragonite, F|100/100
|turn|11
|
|t:|1758293612
|-terastallize|p2a: Dragonite|Steel
|move|p1a: Kingdra|Draco Meteor|p2a: Dragonite
|-resisted|p2a: Dragonite
|-crit|p2a: Dragonite
|-damage|p2a: Dragonite|74/100
|move|p2a: Dragonite|Dragon Dance|p2a: Dragonite
|-boost|p2a: Dragonite|atk|1
|-boost|p2a: Dragonite|spe|1
|
|-heal|p2a: Dragonite|80/100|[from] item: Leftovers
|upkeep
|turn|12
|
|t:|1758293628
|move|p2a: Dragonite|Outrage|p1a: Kingdra
|-supereffective|p1a: Kingdra
|-damage|p1a: Kingdra|0 fnt
|faint|p1a: Kingdra
|
|-heal|p2a: Dragonite|86/100|[from] item: Leftovers
|upkeep
|
|t:|1758293635
|switch|p1a: Rhyperior|Rhyperior, M|100/100
|turn|13
|
|t:|1758293640
|move|p2a: Dragonite|Outrage|p1a: Rhyperior|[from] lockedmove
|-damage|p1a: Rhyperior|50/100
|-start|p2a: Dragonite|confusion|[fatigue]
|move|p1a: Rhyperior|Earthquake|p2a: Dragonite
|-supereffective|p2a: Dragonite
|-damage|p2a: Dragonite|0 fnt
|faint|p2a: Dragonite
|
|win|CCL0611
|raw|CCL0611's rating: 1055 &rarr; <strong>1088</strong><br />(+33 for winning)
|raw|Adoumi_'s rating: 1072 &rarr; <strong>1050</strong><br />(-22 for losing)
|l|☆Adoumi_
|player|p2|
