|badge|p1|silver|gen9ru|30-6
|uhtml|medal-msg|<div class="broadcast-blue">Curious what those medals under the avatar are? PS now has Ladder Seasons! For more information, check out the <a href="https://www.smogon.com/forums/threads/3740067/">thread on Smogon.</a></div>
|j|☆somepepper
|j|☆axunyu
|t:|1758334937
|gametype|singles
|player|p1|somepepper|scientist|1306
|player|p2|axunyu|266|1255
|gen|9
|tier|[Gen 9] OU
|rated|
|rule|HP Percentage Mod: HP is shown in percentages
|rule|Endless Battle Clause: Forcing endless battles is banned
|rule|Species Clause: Limit one of each Pokémon
|rule|OHKO Clause: OHKO moves are banned
|rule|Evasion Items Clause: Evasion items are banned
|rule|Evasion Moves Clause: Evasion moves are banned
|rule|Evasion Abilities Clause: Evasion abilities are banned
|rule|Sleep Moves Clause: Sleep-inducing moves are banned
|clearpoke
|poke|p1|Gardevoir, F|
|poke|p1|Greninja-*, M|
|poke|p1|Blaziken, M|
|poke|p1|Shiftry, M|
|poke|p1|Banette, M|
|poke|p1|Bisharp, M|
|poke|p2|Torkoal, M|
|poke|p2|Scovillain, M|
|poke|p2|Zamazenta-*|
|poke|p2|Corviknight, F|
|poke|p2|Raging Bolt|
|poke|p2|Arcanine-Hisui, M|
|teampreview
|inactive|Battle timer is ON: inactive players will automatically lose when time's up. (requested by axunyu)
|c|☆somepepper|hf
|
|t:|1758334964
|teamsize|p1|6
|teamsize|p2|6
|start
|switch|p1a: Victor|Banette, M|100/100
|switch|p2a: Arcanine|Arcanine-Hisui, M|100/100
|-item|p2a: Arcanine|Choice Band|[from] ability: Frisk|[of] p1a: Victor
|turn|1
|
|t:|1758334970
|move|p2a: Arcanine|Head Smash|p1a: Victor
|-enditem|p1a: Victor|Focus Sash
|-damage|p1a: Victor|1/100
|move|p1a: Victor|Poltergeist|p2a: Arcanine
|-activate|p2a: Arcanine|move: Poltergeist|Choice Band
|-damage|p2a: Arcanine|24/100
|
|upkeep
|turn|2
|
|t:|1758334978
|switch|p2a: Torkoal|Torkoal, M, shiny|100/100
|-weather|SunnyDay|[from] ability: Drought|[of] p2a: Torkoal
|move|p1a: Victor|Sucker Punch||[still]
|-fail|p1a: Victor
|
|-weather|SunnyDay|[upkeep]
|upkeep
|turn|3
|
|t:|1758334989
|switch|p2a: Corviknight|Corviknight, F|100/100
|-ability|p2a: Corviknight|Pressure
|move|p1a: Victor|Poltergeist|p2a: Corviknight
|-activate|p2a: Corviknight|move: Poltergeist|Leftovers
|-damage|p2a: Corviknight|64/100
|
|-weather|SunnyDay|[upkeep]
|-heal|p2a: Corviknight|70/100|[from] item: Leftovers
|upkeep
|turn|4
|
|t:|1758334999
|move|p1a: Victor|Curse|p2a: Corviknight
|-start|p2a: Corviknight|Curse|[of] p1a: Victor
|-damage|p1a: Victor|0 fnt
|faint|p1a: Victor
|move|p2a: Corviknight|U-turn|p1: Victor|[notarget]
|-fail|p2a: Corviknight
|
|-weather|SunnyDay|[upkeep]
|-heal|p2a: Corviknight|76/100|[from] item: Leftovers
|-damage|p2a: Corviknight|51/100|[from] Curse
|upkeep
|
|t:|1758335008
|switch|p1a: Cole|Blaziken, M|100/100
|turn|5
|
|t:|1758335013
|switch|p2a: Arcanine|Arcanine-Hisui, M|24/100
|move|p1a: Cole|Swords Dance|p1a: Cole
|-boost|p1a: Cole|atk|2
|
|-weather|SunnyDay|[upkeep]
|-ability|p1a: Cole|Speed Boost|boost
|-boost|p1a: Cole|spe|1
|upkeep
|turn|6
|
|t:|1758335020
|move|p1a: Cole|Detect|p1a: Cole
|-singleturn|p1a: Cole|Protect
|move|p2a: Arcanine|Extreme Speed|p1a: Cole
|-activate|p1a: Cole|move: Protect
|
|-weather|SunnyDay|[upkeep]
|-ability|p1a: Cole|Speed Boost|boost
|-boost|p1a: Cole|spe|1
|upkeep
|turn|7
|
|t:|1758335028
|move|p2a: Arcanine|Extreme Speed|p1a: Cole
|-damage|p1a: Cole|47/100
|move|p1a: Cole|Close Combat|p2a: Arcanine
|-supereffective|p2a: Arcanine
|-damage|p2a: Arcanine|0 fnt
|-unboost|p1a: Cole|def|1
|-unboost|p1a: Cole|spd|1
|faint|p2a: Arcanine
|
|-weather|SunnyDay|[upkeep]
|-ability|p1a: Cole|Speed Boost|boost
|-boost|p1a: Cole|spe|1
|upkeep
|
|t:|1758335037
|switch|p2a: Raging Bolt|Raging Bolt|100/100
|-activate|p2a: Raging Bolt|ability: Protosynthesis
|-start|p2a: Raging Bolt|protosynthesisspa
|turn|8
|
|t:|1758335042
|switch|p1a: Mindy|Gardevoir, F|100/100
|move|p2a: Raging Bolt|Calm Mind|p2a: Raging Bolt
|-boost|p2a: Raging Bolt|spa|1
|-boost|p2a: Raging Bolt|spd|1
|
|-weather|SunnyDay|[upkeep]
|upkeep
|turn|9
|
|t:|1758335049
|-terastallize|p2a: Raging Bolt|Fairy
|move|p2a: Raging Bolt|Thunderbolt|p1a: Mindy
|-damage|p1a: Mindy|41/100
|move|p1a: Mindy|Moonblast|p2a: Raging Bolt
|-damage|p2a: Raging Bolt|70/100
|
|-weather|none
|-end|p2a: Raging Bolt|Protosynthesis
|-heal|p2a: Raging Bolt|76/100|[from] item: Leftovers
|upkeep
|turn|10
|
|t:|1758335060
|move|p2a: Raging Bolt|Thunderbolt|p1a: Mindy
|-damage|p1a: Mindy|0 fnt
|faint|p1a: Mindy
|
|-heal|p2a: Raging Bolt|83/100|[from] item: Leftovers
|upkeep
|
|t:|1758335068
|switch|p1a: Percy|Bisharp, M|100/100
|turn|11
|
|t:|1758335073
|move|p2a: Raging Bolt|Thunderbolt|p1a: Percy
|-damage|p1a: Percy|49/100
|move|p1a: Percy|Iron Head|p2a: Raging Bolt
|-supereffective|p2a: Raging Bolt
|-damage|p2a: Raging Bolt|14/100
|
|-heal|p2a: Raging Bolt|20/100|[from] item: Leftovers
|upkeep
|turn|12
|
|t:|1758335080
|move|p2a: Raging Bolt|Calm Mind|p2a: Raging Bolt
|-boost|p2a: Raging Bolt|spa|1
|-boost|p2a: Raging Bolt|spd|1
|move|p1a: Percy|Swords Dance|p1a: Percy
|-boost|p1a: Percy|atk|2
|
|-heal|p2a: Raging Bolt|26/100|[from] item: Leftovers
|upkeep
|turn|13
|
|t:|1758335086
|move|p2a: Raging Bolt|Thunderclap|p1a: Percy
|-damage|p1a: Percy|0 fnt
|faint|p1a: Percy
|
|-heal|p2a: Raging Bolt|32/100|[from] item: Leftovers
|upkeep
|
|t:|1758335101
|switch|p1a: Cole|Blaziken, M|47/100
|turn|14
|
|t:|1758335106
|move|p1a: Cole|Swords Dance|p1a: Cole
|-boost|p1a: Cole|atk|2
|move|p2a: Raging Bolt|Thunderbolt|p1a: Cole
|-damage|p1a: Cole|0 fnt
|faint|p1a: Cole
|
|-heal|p2a: Raging Bolt|38/100|[from] item: Leftovers
|upkeep
|-message|somepepper forfeited.
|
|win|axunyu
|raw|somepepper's rating: 1306 &rarr; <strong>1283</strong><br />(-23 for losing)
|raw|axunyu's rating: 1255 &rarr; <strong>1284</strong><br />(+29 for winning)
|l|☆somepepper
|player|p1|
|l|☆axunyu
|player|p2|
