|j|☆mateuscavalo
|j|☆s0urs
|t:|1758289022
|gametype|singles
|player|p1|mateuscavalo|2|1632
|player|p2|s0urs|1|1595
|gen|9
|tier|[Gen 9] OU
|rated|
|rule|HP Percentage Mod: HP is shown in percentages
|rule|Endless Battle Clause: Forcing endless battles is banned
|rule|Species Clause: Limit one of each Pokémon
|rule|OHKO Clause: OHKO moves are banned
|rule|Evasion Items Clause: Evasion items are banned
|rule|Evasion Moves Clause: Evasion moves are banned
|rule|Evasion Abilities Clause: Evasion abilities are banned
|rule|Sleep Moves Clause: Sleep-inducing moves are banned
|clearpoke
|poke|p1|Iron Hands|
|poke|p1|Alomomola, F|
|poke|p1|Pecharunt|
|poke|p1|Landorus-Therian, M|
|poke|p1|Darkrai|
|poke|p1|Scizor, F|
|poke|p2|Pelipper, F|
|poke|p2|Hatterene, F|
|poke|p2|Iron Treads|
|poke|p2|Toxicroak, F|
|poke|p2|Barraskewda, F|
|poke|p2|Zapdos|
|teampreview
|inactive|Battle timer is ON: inactive players will automatically lose when time's up. (requested by mateuscavalo)
|
|t:|1758289056
|teamsize|p1|6
|teamsize|p2|6
|start
|switch|p1a: Iron Hands|Iron Hands|100/100
|switch|p2a: Pelipper|Pelipper, F|100/100
|-weather|RainDance|[from] ability: Drizzle|[of] p2a: Pelipper
|turn|1
|
|t:|1758289064
|switch|p2a: Hatterene|Hatterene, F|100/100
|move|p1a: Iron Hands|Close Combat|p2a: Hatterene
|-resisted|p2a: Hatterene
|-damage|p2a: Hatterene|80/100
|-unboost|p1a: Iron Hands|def|1
|-unboost|p1a: Iron Hands|spd|1
|-enditem|p2a: Hatterene|Eject Button
|inactive|s0urs has 120 seconds left.
|
|t:|1758289113
|switch|p2a: Zapdos|Zapdos|100/100
|
|-weather|RainDance|[upkeep]
|upkeep
|turn|2
|
|t:|1758289122
|-end|p1a: Iron Hands|Quark Drive|[silent]
|switch|p1a: Alomomola|Alomomola, F|100/100
|move|p2a: Zapdos|Hurricane|p1a: Alomomola
|-damage|p1a: Alomomola|61/100
|-start|p1a: Alomomola|confusion
|
|-weather|RainDance|[upkeep]
|upkeep
|turn|3
|inactive|s0urs has 120 seconds left.
|
|t:|1758289136
|switch|p1a: Iron Hands|Iron Hands|100/100
|move|p2a: Zapdos|Hurricane|p1a: Iron Hands
|-damage|p1a: Iron Hands|15/100
|-start|p1a: Iron Hands|confusion
|
|-weather|RainDance|[upkeep]
|upkeep
|turn|4
|inactive|s0urs has 120 seconds left.
|
|t:|1758289141
|move|p2a: Zapdos|Hurricane|p1a: Iron Hands
|-damage|p1a: Iron Hands|0 fnt
|faint|p1a: Iron Hands
|-end|p1a: Iron Hands|Quark Drive|[silent]
|
|-weather|RainDance|[upkeep]
|upkeep
|
|t:|1758289144
|switch|p1a: Darkrai|Darkrai|100/100
|turn|5
|inactive|s0urs has 120 seconds left.
|inactive|s0urs has 90 seconds left.
|
|t:|1758289190
|switch|p2a: Iron Treads|Iron Treads|100/100
|move|p1a: Darkrai|Ice Beam|p2a: Iron Treads
|-damage|p2a: Iron Treads|73/100
|
|-weather|RainDance|[upkeep]
|-heal|p2a: Iron Treads|79/100|[from] item: Leftovers
|upkeep
|turn|6
|
|t:|1758289200
|move|p1a: Darkrai|Will-O-Wisp|p2a: Iron Treads
|-status|p2a: Iron Treads|brn
|move|p2a: Iron Treads|Stealth Rock|p1a: Darkrai
|-sidestart|p1: mateuscavalo|move: Stealth Rock
|
|-weather|RainDance|[upkeep]
|-heal|p2a: Iron Treads|85/100 brn|[from] item: Leftovers
|-damage|p2a: Iron Treads|79/100 brn|[from] brn
|upkeep
|turn|7
|
|t:|1758289213
|switch|p1a: Scizor|Scizor, F|100/100
|-damage|p1a: Scizor|88/100|[from] Stealth Rock
|move|p2a: Iron Treads|Volt Switch|p1a: Scizor
|-damage|p1a: Scizor|74/100
|inactive|s0urs has 90 seconds left.
|
|t:|1758289230
|-end|p2a: Iron Treads|Quark Drive|[silent]
|switch|p2a: Zapdos|Zapdos|100/100|[from] Volt Switch
|
|-weather|RainDance|[upkeep]
|upkeep
|turn|8
|inactive|s0urs has 90 seconds left.
|
|t:|1758289243
|switch|p1a: Alomomola|Alomomola, F|94/100
|-damage|p1a: Alomomola|82/100|[from] Stealth Rock
|move|p2a: Zapdos|Hurricane|p1a: Alomomola
|-damage|p1a: Alomomola|39/100
|
|-weather|none
|upkeep
|turn|9
|inactive|s0urs has 90 seconds left.
|
|t:|1758289252
|switch|p2a: Pelipper|Pelipper, F|100/100
|-weather|RainDance|[from] ability: Drizzle|[of] p2a: Pelipper
|switch|p1a: Landorus|Landorus-Therian, M|100/100
|-damage|p1a: Landorus|88/100|[from] Stealth Rock
|-ability|p1a: Landorus|Intimidate|boost
|-unboost|p2a: Pelipper|atk|1
|
|-weather|RainDance|[upkeep]
|upkeep
|turn|10
|inactive|s0urs has 90 seconds left.
|
|t:|1758289267
|move|p1a: Landorus|Stone Edge|p2a: Pelipper
|-supereffective|p2a: Pelipper
|-damage|p2a: Pelipper|25/100
|move|p2a: Pelipper|U-turn|p1a: Landorus
|-resisted|p1a: Landorus
|-damage|p1a: Landorus|85/100
|
|t:|1758289290
|switch|p2a: Zapdos|Zapdos|100/100|[from] U-turn
|
|-weather|RainDance|[upkeep]
|upkeep
|turn|11
|
|t:|1758289311
|move|p1a: Landorus|Stone Edge|p2a: Zapdos
|-supereffective|p2a: Zapdos
|-damage|p2a: Zapdos|8/100
|move|p2a: Zapdos|Hurricane|p1a: Landorus
|-damage|p1a: Landorus|0 fnt
|faint|p1a: Landorus
|
|-weather|RainDance|[upkeep]
|upkeep
|
|t:|1758289321
|switch|p1a: Darkrai|Darkrai|100/100
|turn|12
|inactive|s0urs has 90 seconds left.
|
|t:|1758289327
|switch|p2a: Iron Treads|Iron Treads|79/100 brn
|move|p1a: Darkrai|Dark Pulse|p2a: Iron Treads
|-damage|p2a: Iron Treads|47/100 brn
|
|-weather|RainDance|[upkeep]
|-heal|p2a: Iron Treads|53/100 brn|[from] item: Leftovers
|-damage|p2a: Iron Treads|47/100 brn|[from] brn
|upkeep
|turn|13
|
|t:|1758289334
|move|p1a: Darkrai|Dark Pulse|p2a: Iron Treads
|-damage|p2a: Iron Treads|14/100 brn
|move|p2a: Iron Treads|Volt Switch|p1a: Darkrai
|-damage|p1a: Darkrai|87/100
|inactive|s0urs has 90 seconds left.
|
|t:|1758289344
|-end|p2a: Iron Treads|Quark Drive|[silent]
|switch|p2a: Barraskewda|Barraskewda, F|100/100|[from] Volt Switch
|
|-weather|RainDance|[upkeep]
|upkeep
|turn|14
|
|t:|1758289351
|switch|p1a: Alomomola|Alomomola, F|73/100
|-damage|p1a: Alomomola|60/100|[from] Stealth Rock
|move|p2a: Barraskewda|Flip Turn|p1a: Alomomola
|-resisted|p1a: Alomomola
|-damage|p1a: Alomomola|34/100
|
|t:|1758289357
|switch|p2a: Zapdos|Zapdos|8/100|[from] Flip Turn
|
|-weather|RainDance|[upkeep]
|upkeep
|turn|15
|
|t:|1758289374
|move|p2a: Zapdos|Hurricane|p1a: Alomomola
|-damage|p1a: Alomomola|0 fnt
|faint|p1a: Alomomola
|
|-weather|RainDance|[upkeep]
|upkeep
|
|t:|1758289380
|switch|p1a: Darkrai|Darkrai|87/100
|turn|16
|inactive|s0urs has 90 seconds left.
|
|t:|1758289408
|switch|p2a: Toxicroak|Toxicroak, F|100/100
|move|p1a: Darkrai|Dark Pulse|p2a: Toxicroak
|-resisted|p2a: Toxicroak
|-damage|p2a: Toxicroak|74/100
|
|-weather|none
|upkeep
|turn|17
|
|t:|1758289416
|switch|p2a: Pelipper|Pelipper, F|25/100
|-weather|RainDance|[from] ability: Drizzle|[of] p2a: Pelipper
|move|p1a: Darkrai|Will-O-Wisp|p2a: Pelipper|[miss]
|-miss|p1a: Darkrai|p2a: Pelipper
|
|-weather|RainDance|[upkeep]
|upkeep
|turn|18
|
|t:|1758289422
|switch|p2a: Iron Treads|Iron Treads|14/100 brn
|move|p1a: Darkrai|Ice Beam|p2a: Iron Treads
|-damage|p2a: Iron Treads|0 fnt
|faint|p2a: Iron Treads
|-end|p2a: Iron Treads|Quark Drive|[silent]
|
|-weather|RainDance|[upkeep]
|upkeep
|inactive|s0urs has 90 seconds left.
|
|t:|1758289451
|switch|p2a: Barraskewda|Barraskewda, F|100/100
|turn|19
|
|t:|1758289468
|switch|p1a: Scizor|Scizor, F|74/100
|-damage|p1a: Scizor|62/100|[from] Stealth Rock
|move|p2a: Barraskewda|Flip Turn|p1a: Scizor
|-damage|p1a: Scizor|0 fnt
|faint|p1a: Scizor
|
|t:|1758289477
|switch|p2a: Hatterene|Hatterene, F|80/100|[from] Flip Turn
|
|-weather|RainDance|[upkeep]
|upkeep
|
|t:|1758289487
|switch|p1a: Pecharunt|Pecharunt|100/100
|-damage|p1a: Pecharunt|88/100|[from] Stealth Rock
|-item|p1a: Pecharunt|Air Balloon
|turn|20
|inactive|s0urs has 90 seconds left.
|
|t:|1758289496
|move|p1a: Pecharunt|Malignant Chain|p2a: Hatterene
|-supereffective|p2a: Hatterene
|-damage|p2a: Hatterene|15/100
|move|p2a: Hatterene|Healing Wish|p2a: Hatterene
|faint|p2a: Hatterene
|
|-weather|RainDance|[upkeep]
|upkeep
|inactive|s0urs has 90 seconds left.
|
|t:|1758289502
|switch|p2a: Zapdos|Zapdos|8/100
|-heal|p2a: Zapdos|100/100|[from] move: Healing Wish
|turn|21
|
|t:|1758289511
|-terastallize|p2a: Zapdos|Flying
|move|p2a: Zapdos|Hurricane|p1a: Pecharunt
|-damage|p1a: Pecharunt|0 fnt
|-enditem|p1a: Pecharunt|Air Balloon
|faint|p1a: Pecharunt
|
|-weather|RainDance|[upkeep]
|upkeep
|-message|mateuscavalo forfeited.
|
|win|s0urs
|raw|mateuscavalo's rating: 1632 &rarr; <strong>1610</strong><br />(-22 for losing)
|raw|s0urs's rating: 1595 &rarr; <strong>1617</strong><br />(+22 for winning)
|l|☆mateuscavalo
|player|p1|
|l|☆s0urs
|player|p2|
