|j|☆snoboardwantr
|j|☆Sneasel Squad 彡
|t:|1758233421
|gametype|singles
|player|p1|snoboardwantr|pokemonbreeder-gen4|1198
|player|p2|Sneasel Squad 彡|elesa|1217
|gen|9
|tier|[Gen 9] OU
|rated|
|rule|HP Percentage Mod: HP is shown in percentages
|rule|Endless Battle Clause: Forcing endless battles is banned
|rule|Species Clause: Limit one of each Pokémon
|rule|OHKO Clause: OHKO moves are banned
|rule|Evasion Items Clause: Evasion items are banned
|rule|Evasion Moves Clause: Evasion moves are banned
|rule|Evasion Abilities Clause: Evasion abilities are banned
|rule|Sleep Moves Clause: Sleep-inducing moves are banned
|clearpoke
|poke|p1|Garchomp, M|
|poke|p1|Tyranitar, M|
|poke|p1|Gholdengo|
|poke|p1|Conkeldurr, F|
|poke|p1|Clefable, M|
|poke|p1|Mamoswine, M|
|poke|p2|Sneasel, M|
|poke|p2|Great Tusk|
|poke|p2|Gholdengo|
|poke|p2|Dragapult, M|
|poke|p2|Kingambit, M|
|poke|p2|Primarina, F|
|teampreview
|inactive|Battle timer is ON: inactive players will automatically lose when time's up. (requested by Sneasel Squad 彡)
|
|t:|1758233425
|teamsize|p1|6
|teamsize|p2|6
|start
|switch|p1a: Garchomp|Garchomp, M|100/100
|switch|p2a: Sneasel|Sneasel, M|100/100
|turn|1
|
|t:|1758233431
|-terastallize|p1a: Garchomp|Ghost
|move|p2a: Sneasel|Ice Shard|p1a: Garchomp
|-damage|p1a: Garchomp|90/100
|move|p1a: Garchomp|Stealth Rock|p2a: Sneasel
|-sidestart|p2: Sneasel Squad 彡|move: Stealth Rock
|
|upkeep
|turn|2
|
|t:|1758233437
|move|p2a: Sneasel|Knock Off|p1a: Garchomp
|-supereffective|p1a: Garchomp
|-damage|p1a: Garchomp|39/100
|-damage|p2a: Sneasel|88/100|[from] ability: Rough Skin|[of] p1a: Garchomp
|-damage|p2a: Sneasel|72/100|[from] item: Rocky Helmet|[of] p1a: Garchomp
|-enditem|p1a: Garchomp|Rocky Helmet|[from] move: Knock Off|[of] p2a: Sneasel
|move|p1a: Garchomp|Dragon Tail|p2a: Sneasel
|-damage|p2a: Sneasel|33/100
|drag|p2a: Dragapult|Dragapult, M, shiny|100/100
|-damage|p2a: Dragapult|88/100|[from] Stealth Rock
|
|upkeep
|turn|3
|
|t:|1758233450
|switch|p1a: Tyranitar|Tyranitar, M|100/100
|-weather|Sandstorm|[from] ability: Sand Stream|[of] p1a: Tyranitar
|move|p2a: Dragapult|U-turn|p1a: Tyranitar
|-supereffective|p1a: Tyranitar
|-damage|p1a: Tyranitar|48/100
|
|t:|1758233464
|switch|p2a: Kingambit|Kingambit, M|100/100|[from] U-turn
|-damage|p2a: Kingambit|94/100|[from] Stealth Rock
|
|-weather|Sandstorm|[upkeep]
|-heal|p2a: Kingambit|100/100|[from] item: Leftovers
|upkeep
|turn|4
|
|t:|1758233471
|-terastallize|p2a: Kingambit|Fighting
|move|p2a: Kingambit|Swords Dance|p2a: Kingambit
|-boost|p2a: Kingambit|atk|2
|move|p1a: Tyranitar|Low Kick|p2a: Kingambit
|-damage|p2a: Kingambit|72/100
|
|-weather|Sandstorm|[upkeep]
|-damage|p2a: Kingambit|66/100|[from] Sandstorm
|-heal|p2a: Kingambit|72/100|[from] item: Leftovers
|upkeep
|turn|5
|
|t:|1758233475
|switch|p1a: Garchomp|Garchomp, M, tera:Ghost|39/100
|move|p2a: Kingambit|Swords Dance|p2a: Kingambit
|-boost|p2a: Kingambit|atk|2
|
|-weather|Sandstorm|[upkeep]
|-damage|p1a: Garchomp|33/100|[from] Sandstorm
|-damage|p2a: Kingambit|66/100|[from] Sandstorm
|-heal|p2a: Kingambit|72/100|[from] item: Leftovers
|upkeep
|turn|6
|
|t:|1758233480
|move|p2a: Kingambit|Swords Dance|p2a: Kingambit
|-boost|p2a: Kingambit|atk|2
|move|p1a: Garchomp|Dragon Tail|p2a: Kingambit
|-crit|p2a: Kingambit
|-damage|p2a: Kingambit|43/100
|-end|p2a: Kingambit|fallenundefined|[silent]
|drag|p2a: Primarina|Primarina, F|100/100
|-damage|p2a: Primarina|88/100|[from] Stealth Rock
|
|-weather|Sandstorm|[upkeep]
|-damage|p1a: Garchomp|27/100|[from] Sandstorm
|-damage|p2a: Primarina|82/100|[from] Sandstorm
|upkeep
|turn|7
|
|t:|1758233491
|move|p1a: Garchomp|Earthquake|p2a: Primarina
|-damage|p2a: Primarina|19/100
|move|p2a: Primarina|Moonblast|p1a: Garchomp
|-damage|p1a: Garchomp|0 fnt
|faint|p1a: Garchomp
|
|-weather|Sandstorm|[upkeep]
|-damage|p2a: Primarina|13/100|[from] Sandstorm
|upkeep
|
|t:|1758233498
|switch|p1a: Clefable|Clefable, M|100/100
|turn|8
|
|t:|1758233502
|move|p2a: Primarina|Flip Turn|p1a: Clefable
|-damage|p1a: Clefable|88/100
|
|t:|1758233505
|switch|p2a: Sneasel|Sneasel, M|33/100|[from] Flip Turn
|-damage|p2a: Sneasel|9/100|[from] Stealth Rock
|move|p1a: Clefable|Calm Mind|p1a: Clefable
|-boost|p1a: Clefable|spa|1
|-boost|p1a: Clefable|spd|1
|
|-weather|Sandstorm|[upkeep]
|-damage|p2a: Sneasel|2/100|[from] Sandstorm
|upkeep
|turn|9
|
|t:|1758233516
|move|p2a: Sneasel|Swords Dance|p2a: Sneasel
|-boost|p2a: Sneasel|atk|2
|move|p1a: Clefable|Moonlight|p1a: Clefable
|-heal|p1a: Clefable|100/100
|
|-weather|Sandstorm|[upkeep]
|-damage|p2a: Sneasel|0 fnt|[from] Sandstorm
|faint|p2a: Sneasel
|upkeep
|
|t:|1758233532
|switch|p2a: Gholdengo|Gholdengo|100/100
|-damage|p2a: Gholdengo|94/100|[from] Stealth Rock
|-item|p2a: Gholdengo|Air Balloon
|turn|10
|
|t:|1758233558
|move|p2a: Gholdengo|Make It Rain|p1a: Clefable
|-supereffective|p1a: Clefable
|-damage|p1a: Clefable|29/100
|-unboost|p2a: Gholdengo|spa|1
|move|p1a: Clefable|Calm Mind|p1a: Clefable
|-boost|p1a: Clefable|spa|1
|-boost|p1a: Clefable|spd|1
|
|-weather|none
|upkeep
|turn|11
|
|t:|1758233571
|move|p2a: Gholdengo|Make It Rain|p1a: Clefable
|-supereffective|p1a: Clefable
|-damage|p1a: Clefable|0 fnt
|-unboost|p2a: Gholdengo|spa|1
|faint|p1a: Clefable
|
|upkeep
|
|t:|1758233572
|switch|p1a: Mamoswine|Mamoswine, M|100/100
|turn|12
|
|t:|1758233582
|switch|p2a: Great Tusk|Great Tusk|100/100
|-damage|p2a: Great Tusk|98/100|[from] Stealth Rock
|move|p1a: Mamoswine|Icicle Crash|p2a: Great Tusk|[miss]
|-miss|p1a: Mamoswine|p2a: Great Tusk
|
|upkeep
|turn|13
|
|t:|1758233596
|-end|p2a: Great Tusk|Protosynthesis|[silent]
|switch|p2a: Kingambit|Kingambit, M, tera:Fighting|43/100
|-damage|p2a: Kingambit|37/100|[from] Stealth Rock
|-activate|p2a: Kingambit|ability: Supreme Overlord
|-start|p2a: Kingambit|fallen1|[silent]
|switch|p1a: Gholdengo|Gholdengo|100/100
|-item|p1a: Gholdengo|Air Balloon
|
|-heal|p2a: Kingambit|43/100|[from] item: Leftovers
|upkeep
|turn|14
|
|t:|1758233612
|switch|p1a: Tyranitar|Tyranitar, M|48/100
|-weather|Sandstorm|[from] ability: Sand Stream|[of] p1a: Tyranitar
|move|p2a: Kingambit|Sucker Punch||[still]
|-fail|p2a: Kingambit
|
|-weather|Sandstorm|[upkeep]
|-damage|p2a: Kingambit|37/100|[from] Sandstorm
|-heal|p2a: Kingambit|43/100|[from] item: Leftovers
|upkeep
|turn|15
|
|t:|1758233618
|move|p2a: Kingambit|Low Kick|p1a: Tyranitar
|-supereffective|p1a: Tyranitar
|-damage|p1a: Tyranitar|0 fnt
|faint|p1a: Tyranitar
|
|-weather|Sandstorm|[upkeep]
|-damage|p2a: Kingambit|37/100|[from] Sandstorm
|-heal|p2a: Kingambit|43/100|[from] item: Leftovers
|upkeep
|
|t:|1758233628
|switch|p1a: Mamoswine|Mamoswine, M|100/100
|turn|16
|
|t:|1758233632
|move|p1a: Mamoswine|Icicle Crash|p2a: Kingambit
|-damage|p2a: Kingambit|9/100
|move|p2a: Kingambit|Low Kick|p1a: Mamoswine
|-supereffective|p1a: Mamoswine
|-damage|p1a: Mamoswine|0 fnt
|faint|p1a: Mamoswine
|
|-weather|Sandstorm|[upkeep]
|-damage|p2a: Kingambit|3/100|[from] Sandstorm
|-heal|p2a: Kingambit|9/100|[from] item: Leftovers
|upkeep
|
|t:|1758233638
|switch|p1a: Conkeldurr|Conkeldurr, F|100/100
|turn|17
|
|t:|1758233641
|move|p2a: Kingambit|Sucker Punch|p1a: Conkeldurr
|-resisted|p1a: Conkeldurr
|-damage|p1a: Conkeldurr|80/100
|move|p1a: Conkeldurr|Mach Punch|p2a: Kingambit
|-crit|p2a: Kingambit
|-damage|p2a: Kingambit|0 fnt
|faint|p2a: Kingambit
|-end|p2a: Kingambit|fallen1|[silent]
|
|-weather|Sandstorm|[upkeep]
|upkeep
|-message|snoboardwantr forfeited.
|
|win|Sneasel Squad 彡
|raw|snoboardwantr's rating: 1198 &rarr; <strong>1174</strong><br />(-24 for losing)
|raw|Sneasel Squad 彡's rating: 1217 &rarr; <strong>1241</strong><br />(+24 for winning)
|l|☆snoboardwantr
|player|p1|
|l|☆Sneasel Squad 彡
|player|p2|
