|j|☆ChasemanY2K
|j|☆mesnaj
|t:|1758233752
|gametype|singles
|player|p1|ChasemanY2K|2|1166
|player|p2|mesnaj|shadowtriad|1171
|gen|9
|tier|[Gen 9] OU
|rated|
|rule|HP Percentage Mod: HP is shown in percentages
|rule|Endless Battle Clause: Forcing endless battles is banned
|rule|Species Clause: Limit one of each Pokémon
|rule|OHKO Clause: OHKO moves are banned
|rule|Evasion Items Clause: Evasion items are banned
|rule|Evasion Moves Clause: Evasion moves are banned
|rule|Evasion Abilities Clause: Evasion abilities are banned
|rule|Sleep Moves Clause: Sleep-inducing moves are banned
|clearpoke
|poke|p1|Primarina, M|
|poke|p1|Rillaboom, F|
|poke|p1|Grimmsnarl, M|
|poke|p1|Zamazenta-*|
|poke|p1|Cinderace, F|
|poke|p1|Great Tusk|
|poke|p2|Bisharp, M|
|poke|p2|Zebstrika, M|
|poke|p2|Gholdengo|
|poke|p2|Swampert, M|
|poke|p2|Drifblim, M|
|poke|p2|Metagross|
|teampreview
|inactive|Battle timer is ON: inactive players will automatically lose when time's up. (requested by mesnaj)
|
|t:|1758233780
|teamsize|p1|6
|teamsize|p2|6
|start
|switch|p1a: Rillaboom|Rillaboom, F|100/100
|switch|p2a: Fourze-Eletrick|Zebstrika, M|100/100
|-fieldstart|move: Grassy Terrain|[from] ability: Grassy Surge|[of] p1a: Rillaboom
|turn|1
|
|t:|1758233791
|move|p2a: Fourze-Eletrick|Overheat|p1a: Rillaboom
|-supereffective|p1a: Rillaboom
|-damage|p1a: Rillaboom|10/100
|-unboost|p2a: Fourze-Eletrick|spa|2
|-damage|p2a: Fourze-Eletrick|91/100|[from] item: Life Orb
|move|p1a: Rillaboom|Knock Off|p2a: Fourze-Eletrick
|-damage|p2a: Fourze-Eletrick|0 fnt
|-enditem|p2a: Fourze-Eletrick|Life Orb|[from] move: Knock Off|[of] p1a: Rillaboom
|faint|p2a: Fourze-Eletrick
|
|-heal|p1a: Rillaboom|16/100|[from] Grassy Terrain
|upkeep
|
|t:|1758233805
|switch|p2a: G3-X|Metagross|100/100
|turn|2
|
|t:|1758233810
|move|p1a: Rillaboom|Knock Off|p2a: G3-X
|-supereffective|p2a: G3-X
|-damage|p2a: G3-X|11/100
|-enditem|p2a: G3-X|Weakness Policy
|-boost|p2a: G3-X|atk|2|[from] item: Weakness Policy
|-boost|p2a: G3-X|spa|2|[from] item: Weakness Policy
|move|p2a: G3-X|Agility|p2a: G3-X
|-boost|p2a: G3-X|spe|2
|
|-heal|p2a: G3-X|17/100|[from] Grassy Terrain
|-heal|p1a: Rillaboom|22/100|[from] Grassy Terrain
|upkeep
|turn|3
|
|t:|1758233824
|switch|p1a: Grimmsnarl|Grimmsnarl, M|100/100
|move|p2a: G3-X|Psychic Fangs|p1a: Grimmsnarl
|-immune|p1a: Grimmsnarl
|
|-heal|p2a: G3-X|23/100|[from] Grassy Terrain
|upkeep
|turn|4
|
|t:|1758233829
|move|p1a: Grimmsnarl|Fake Out|p2a: G3-X
|-resisted|p2a: G3-X
|-damage|p2a: G3-X|19/100
|cant|p2a: G3-X|flinch
|
|-heal|p2a: G3-X|25/100|[from] Grassy Terrain
|upkeep
|turn|5
|
|t:|1758233843
|-terastallize|p2a: G3-X|Dark
|move|p1a: Grimmsnarl|Thunder Wave|p2a: G3-X
|-hint|Since gen 7, Dark is immune to Prankster moves.
|-immune|p2a: G3-X
|move|p2a: G3-X|Earthquake|p1a: Grimmsnarl
|-damage|p1a: Grimmsnarl|50/100
|
|-heal|p2a: G3-X|31/100|[from] Grassy Terrain
|-heal|p1a: Grimmsnarl|57/100|[from] Grassy Terrain
|-heal|p1a: Grimmsnarl|63/100|[from] item: Leftovers
|-fieldend|move: Grassy Terrain
|upkeep
|turn|6
|
|t:|1758233860
|move|p2a: G3-X|Earthquake|p1a: Grimmsnarl
|-damage|p1a: Grimmsnarl|0 fnt
|faint|p1a: Grimmsnarl
|
|upkeep
|
|t:|1758233864
|switch|p1a: Rillaboom|Rillaboom, F|22/100
|-fieldstart|move: Grassy Terrain|[from] ability: Grassy Surge|[of] p1a: Rillaboom
|turn|7
|
|t:|1758233868
|move|p1a: Rillaboom|Grassy Glide|p2a: G3-X
|-damage|p2a: G3-X|0 fnt
|faint|p2a: G3-X
|
|-heal|p1a: Rillaboom|29/100|[from] Grassy Terrain
|upkeep
|
|t:|1758233875
|switch|p2a: Hyper-Muteki|Gholdengo|100/100
|turn|8
|
|t:|1758233882
|switch|p1a: Zamazenta|Zamazenta|100/100
|-ability|p1a: Zamazenta|Dauntless Shield|boost
|-boost|p1a: Zamazenta|def|1
|move|p2a: Hyper-Muteki|Shadow Ball|p1a: Zamazenta
|-damage|p1a: Zamazenta|57/100
|
|-heal|p1a: Zamazenta|63/100|[from] Grassy Terrain
|-heal|p1a: Zamazenta|69/100|[from] item: Leftovers
|upkeep
|turn|9
|
|t:|1758233898
|move|p1a: Zamazenta|Crunch|p2a: Hyper-Muteki
|-supereffective|p2a: Hyper-Muteki
|-damage|p2a: Hyper-Muteki|39/100
|move|p2a: Hyper-Muteki|Shadow Ball|p1a: Zamazenta
|-damage|p1a: Zamazenta|25/100
|
|-heal|p1a: Zamazenta|31/100|[from] Grassy Terrain
|-heal|p1a: Zamazenta|37/100|[from] item: Leftovers
|-heal|p2a: Hyper-Muteki|45/100|[from] Grassy Terrain
|upkeep
|turn|10
|
|t:|1758233908
|move|p1a: Zamazenta|Crunch|p2a: Hyper-Muteki
|-supereffective|p2a: Hyper-Muteki
|-damage|p2a: Hyper-Muteki|0 fnt
|faint|p2a: Hyper-Muteki
|
|-heal|p1a: Zamazenta|43/100|[from] Grassy Terrain
|-heal|p1a: Zamazenta|49/100|[from] item: Leftovers
|upkeep
|
|t:|1758233928
|switch|p2a: Ghost|Drifblim, M|100/100
|turn|11
|
|t:|1758233934
|move|p1a: Zamazenta|Crunch|p2a: Ghost
|-supereffective|p2a: Ghost
|-damage|p2a: Ghost|31/100
|-unboost|p2a: Ghost|def|1
|-damage|p1a: Zamazenta|33/100|[from] item: Rocky Helmet|[of] p2a: Ghost
|move|p2a: Ghost|Destiny Bond|p2a: Ghost
|-singlemove|p2a: Ghost|Destiny Bond
|
|-heal|p1a: Zamazenta|39/100|[from] Grassy Terrain
|-heal|p1a: Zamazenta|45/100|[from] item: Leftovers
|-fieldend|move: Grassy Terrain
|upkeep
|turn|12
|
|t:|1758233950
|switch|p1a: Great Tusk|Great Tusk|100/100
|move|p2a: Ghost|Strength Sap|p1a: Great Tusk
|-unboost|p1a: Great Tusk|atk|1
|-heal|p2a: Ghost|100/100
|
|upkeep
|turn|13
|inactive|ChasemanY2K has 120 seconds left.
|
|t:|1758233977
|move|p2a: Ghost|Will-O-Wisp|p1a: Great Tusk
|-status|p1a: Great Tusk|brn
|move|p1a: Great Tusk|Knock Off|p2a: Ghost
|-supereffective|p2a: Ghost
|-damage|p2a: Ghost|53/100
|-damage|p1a: Great Tusk|84/100 brn|[from] item: Rocky Helmet|[of] p2a: Ghost
|-enditem|p2a: Ghost|Rocky Helmet|[from] move: Knock Off|[of] p1a: Great Tusk
|
|-damage|p1a: Great Tusk|78/100 brn|[from] brn
|upkeep
|turn|14
|inactive|ChasemanY2K has 120 seconds left.
|
|t:|1758233991
|move|p2a: Ghost|Strength Sap|p1a: Great Tusk
|-unboost|p1a: Great Tusk|atk|1
|-heal|p2a: Ghost|100/100
|move|p1a: Great Tusk|Knock Off|p2a: Ghost
|-supereffective|p2a: Ghost
|-damage|p2a: Ghost|76/100
|
|-damage|p1a: Great Tusk|71/100 brn|[from] brn
|upkeep
|turn|15
|inactive|ChasemanY2K has 120 seconds left.
|
|t:|1758234008
|move|p2a: Ghost|Strength Sap|p1a: Great Tusk
|-unboost|p1a: Great Tusk|atk|1
|-heal|p2a: Ghost|100/100
|move|p1a: Great Tusk|Knock Off|p2a: Ghost
|-supereffective|p2a: Ghost
|-damage|p2a: Ghost|80/100
|
|-damage|p1a: Great Tusk|65/100 brn|[from] brn
|upkeep
|turn|16
|inactive|ChasemanY2K has 120 seconds left.
|
|t:|1758234027
|move|p2a: Ghost|Strength Sap|p1a: Great Tusk
|-unboost|p1a: Great Tusk|atk|1
|-heal|p2a: Ghost|100/100
|move|p1a: Great Tusk|Knock Off|p2a: Ghost
|-supereffective|p2a: Ghost
|-damage|p2a: Ghost|83/100
|
|-damage|p1a: Great Tusk|59/100 brn|[from] brn
|upkeep
|turn|17
|inactive|ChasemanY2K has 120 seconds left.
|
|t:|1758234054
|move|p2a: Ghost|Strength Sap|p1a: Great Tusk
|-unboost|p1a: Great Tusk|atk|1
|-heal|p2a: Ghost|100/100
|move|p1a: Great Tusk|Knock Off|p2a: Ghost
|-supereffective|p2a: Ghost
|-damage|p2a: Ghost|87/100
|
|-damage|p1a: Great Tusk|53/100 brn|[from] brn
|upkeep
|turn|18
|
|t:|1758234070
|move|p2a: Ghost|Strength Sap|p1a: Great Tusk
|-unboost|p1a: Great Tusk|atk|1
|-heal|p2a: Ghost|100/100
|move|p1a: Great Tusk|Knock Off|p2a: Ghost
|-supereffective|p2a: Ghost
|-damage|p2a: Ghost|89/100
|
|-damage|p1a: Great Tusk|47/100 brn|[from] brn
|upkeep
|turn|19
|
|t:|1758234086
|switch|p2a: Faiz-ø|Bisharp, M|100/100
|move|p1a: Great Tusk|Knock Off|p2a: Faiz-ø
|-resisted|p2a: Faiz-ø
|-damage|p2a: Faiz-ø|99/100
|-enditem|p2a: Faiz-ø|Eviolite|[from] move: Knock Off|[of] p1a: Great Tusk
|
|-damage|p1a: Great Tusk|41/100 brn|[from] brn
|upkeep
|turn|20
|
|t:|1758234093
|move|p1a: Great Tusk|Close Combat|p2a: Faiz-ø
|-supereffective|p2a: Faiz-ø
|-damage|p2a: Faiz-ø|59/100
|-unboost|p1a: Great Tusk|def|1
|-unboost|p1a: Great Tusk|spd|1
|move|p2a: Faiz-ø|Swords Dance|p2a: Faiz-ø
|-boost|p2a: Faiz-ø|atk|2
|
|-damage|p1a: Great Tusk|34/100 brn|[from] brn
|upkeep
|turn|21
|
|t:|1758234103
|move|p1a: Great Tusk|Close Combat|p2a: Faiz-ø
|-supereffective|p2a: Faiz-ø
|-damage|p2a: Faiz-ø|25/100
|-unboost|p1a: Great Tusk|def|1
|-unboost|p1a: Great Tusk|spd|1
|move|p2a: Faiz-ø|Swords Dance|p2a: Faiz-ø
|-boost|p2a: Faiz-ø|atk|2
|
|-damage|p1a: Great Tusk|28/100 brn|[from] brn
|upkeep
|turn|22
|
|t:|1758234109
|move|p2a: Faiz-ø|Sucker Punch|p1a: Great Tusk
|-resisted|p1a: Great Tusk
|-damage|p1a: Great Tusk|0 fnt
|-damage|p2a: Faiz-ø|8/100|[from] item: Rocky Helmet|[of] p1a: Great Tusk
|faint|p1a: Great Tusk
|-end|p1a: Great Tusk|Protosynthesis|[silent]
|
|upkeep
|
|t:|1758234113
|switch|p1a: Rillaboom|Rillaboom, F|29/100
|-fieldstart|move: Grassy Terrain|[from] ability: Grassy Surge|[of] p1a: Rillaboom
|turn|23
|
|t:|1758234120
|move|p1a: Rillaboom|Grassy Glide|p2a: Faiz-ø
|-resisted|p2a: Faiz-ø
|-damage|p2a: Faiz-ø|0 fnt
|faint|p2a: Faiz-ø
|
|-heal|p1a: Rillaboom|35/100|[from] Grassy Terrain
|upkeep
|
|t:|1758234121
|switch|p2a: Ghost|Drifblim, M|89/100
|turn|24
|
|t:|1758234127
|switch|p1a: Primarina|Primarina, M|100/100
|move|p2a: Ghost|Will-O-Wisp|p1a: Primarina
|-status|p1a: Primarina|brn
|
|-damage|p1a: Primarina|95/100 brn|[from] brn
|upkeep
|turn|25
|
|t:|1758234132
|move|p2a: Ghost|Strength Sap|p1a: Primarina
|-unboost|p1a: Primarina|atk|1
|-heal|p2a: Ghost|100/100
|move|p1a: Primarina|Ice Beam|p2a: Ghost
|-supereffective|p2a: Ghost
|-damage|p2a: Ghost|29/100
|
|-heal|p1a: Primarina|100/100 brn|[from] Grassy Terrain
|-damage|p1a: Primarina|95/100 brn|[from] brn
|upkeep
|turn|26
|
|t:|1758234138
|move|p2a: Ghost|Destiny Bond|p2a: Ghost
|-singlemove|p2a: Ghost|Destiny Bond
|move|p1a: Primarina|Ice Beam|p2a: Ghost
|-supereffective|p2a: Ghost
|-damage|p2a: Ghost|0 fnt
|faint|p2a: Ghost
|-activate|p2a: Ghost|move: Destiny Bond
|faint|p1a: Primarina
|
|upkeep
|
|t:|1758234148
|switch|p2a: Amazon-SigΣa|Swampert, M, shiny|100/100
|switch|p1a: Rillaboom|Rillaboom, F|35/100
|turn|27
|
|t:|1758234155
|move|p1a: Rillaboom|Grassy Glide|p2a: Amazon-SigΣa
|-supereffective|p2a: Amazon-SigΣa
|-damage|p2a: Amazon-SigΣa|0 fnt
|faint|p2a: Amazon-SigΣa
|
|win|ChasemanY2K
|raw|ChasemanY2K's rating: 1166 &rarr; <strong>1191</strong><br />(+25 for winning)
|raw|mesnaj's rating: 1171 &rarr; <strong>1146</strong><br />(-25 for losing)
|l|☆mesnaj
|player|p2|
