|j|☆TheInfiniteCrafter
|j|☆SilIest_Guy
|t:|1758256111
|gametype|singles
|player|p1|TheInfiniteCrafter|hilbert|1063
|player|p2|SilIest_Guy|1|1043
|gen|9
|tier|[Gen 9] OU
|rated|
|rule|HP Percentage Mod: HP is shown in percentages
|rule|Endless Battle Clause: Forcing endless battles is banned
|rule|Species Clause: Limit one of each Pokémon
|rule|OHKO Clause: OHKO moves are banned
|rule|Evasion Items Clause: Evasion items are banned
|rule|Evasion Moves Clause: Evasion moves are banned
|rule|Evasion Abilities Clause: Evasion abilities are banned
|rule|Sleep Moves Clause: Sleep-inducing moves are banned
|clearpoke
|poke|p1|Flapple, M|
|poke|p1|Meowstic, M|
|poke|p1|Ceruledge, M|
|poke|p1|Garganacl, M|
|poke|p1|Gardevoir, M|
|poke|p1|Glimmora, F|
|poke|p2|Ting-Lu|
|poke|p2|Dragonite, M|
|poke|p2|Zamazenta-*|
|poke|p2|Great Tusk|
|poke|p2|Gholdengo|
|poke|p2|Ogerpon-Wellspring, F|
|teampreview
|c|☆TheInfiniteCrafter|glhf
|
|t:|1758256120
|teamsize|p1|6
|teamsize|p2|6
|start
|switch|p1a: Glimmora|Glimmora, F, shiny|100/100
|switch|p2a: Ting-Lu|Ting-Lu|100/100
|-ability|p2a: Ting-Lu|Vessel of Ruin
|turn|1
|
|t:|1758256131
|move|p1a: Glimmora|Stealth Rock|p2a: Ting-Lu
|-sidestart|p2: SilIest_Guy|move: Stealth Rock
|move|p2a: Ting-Lu|Stealth Rock|p1a: Glimmora
|-sidestart|p1: TheInfiniteCrafter|move: Stealth Rock
|
|upkeep
|turn|2
|
|t:|1758256136
|move|p1a: Glimmora|Mortal Spin|p2a: Ting-Lu
|-resisted|p2a: Ting-Lu
|-damage|p2a: Ting-Lu|99/100
|-status|p2a: Ting-Lu|psn
|-sideend|p1: TheInfiniteCrafter|Stealth Rock|[from] move: Mortal Spin|[of] p1a: Glimmora
|move|p2a: Ting-Lu|Whirlwind|p1a: Glimmora
|drag|p1a: Gardevoir|Gardevoir, M, shiny|100/100
|
|-heal|p2a: Ting-Lu|100/100 psn|[from] item: Leftovers
|-damage|p2a: Ting-Lu|88/100 psn|[from] psn
|upkeep
|turn|3
|
|t:|1758256146
|move|p1a: Gardevoir|Moonblast|p2a: Ting-Lu
|-supereffective|p2a: Ting-Lu
|-damage|p2a: Ting-Lu|45/100 psn
|move|p2a: Ting-Lu|Stealth Rock|p1a: Gardevoir
|-sidestart|p1: TheInfiniteCrafter|move: Stealth Rock
|
|-heal|p2a: Ting-Lu|51/100 psn|[from] item: Leftovers
|-damage|p2a: Ting-Lu|39/100 psn|[from] psn
|upkeep
|turn|4
|
|t:|1758256159
|switch|p2a: Great Tusk|Great Tusk|100/100
|-damage|p2a: Great Tusk|98/100|[from] Stealth Rock
|move|p1a: Gardevoir|Moonblast|p2a: Great Tusk
|-supereffective|p2a: Great Tusk
|-damage|p2a: Great Tusk|0 fnt
|faint|p2a: Great Tusk
|-end|p2a: Great Tusk|Protosynthesis|[silent]
|
|upkeep
|
|t:|1758256171
|switch|p2a: Gholdengo|Gholdengo|100/100
|-damage|p2a: Gholdengo|94/100|[from] Stealth Rock
|turn|5
|
|t:|1758256177
|move|p2a: Gholdengo|Trick|p1a: Gardevoir
|-activate|p2a: Gholdengo|move: Trick|[of] p1a: Gardevoir
|-item|p1a: Gardevoir|Choice Scarf|[from] move: Trick
|-item|p2a: Gholdengo|Assault Vest|[from] move: Trick
|move|p1a: Gardevoir|Mystical Fire|p2a: Gholdengo
|-supereffective|p2a: Gholdengo
|-damage|p2a: Gholdengo|51/100
|-unboost|p2a: Gholdengo|spa|1
|
|upkeep
|turn|6
|
|t:|1758256193
|move|p1a: Gardevoir|Mystical Fire|p2a: Gholdengo
|-supereffective|p2a: Gholdengo
|-damage|p2a: Gholdengo|9/100
|-unboost|p2a: Gholdengo|spa|1
|move|p2a: Gholdengo|Make It Rain|p1a: Gardevoir
|-supereffective|p1a: Gardevoir
|-damage|p1a: Gardevoir|25/100
|-unboost|p2a: Gholdengo|spa|1
|
|upkeep
|turn|7
|
|t:|1758256212
|switch|p2a: Ogerpon|Ogerpon-Wellspring, F|100/100
|-damage|p2a: Ogerpon|88/100|[from] Stealth Rock
|move|p1a: Gardevoir|Mystical Fire|p2a: Ogerpon
|-damage|p2a: Ogerpon|58/100
|-unboost|p2a: Ogerpon|spa|1
|
|upkeep
|turn|8
|
|t:|1758256226
|move|p1a: Gardevoir|Mystical Fire|p2a: Ogerpon
|-crit|p2a: Ogerpon
|-damage|p2a: Ogerpon|13/100
|-unboost|p2a: Ogerpon|spa|1
|move|p2a: Ogerpon|Spikes|p1a: Gardevoir
|-sidestart|p1: TheInfiniteCrafter|Spikes
|
|upkeep
|turn|9
|
|t:|1758256253
|switch|p2a: Zamazenta|Zamazenta|100/100
|-damage|p2a: Zamazenta|94/100|[from] Stealth Rock
|-ability|p2a: Zamazenta|Dauntless Shield|boost
|-boost|p2a: Zamazenta|def|1
|move|p1a: Gardevoir|Mystical Fire|p2a: Zamazenta
|-damage|p2a: Zamazenta|75/100
|-unboost|p2a: Zamazenta|spa|1
|
|-heal|p2a: Zamazenta|82/100|[from] item: Leftovers
|upkeep
|turn|10
|
|t:|1758256266
|switch|p1a: Garganacl|Garganacl, M|100/100
|-damage|p1a: Garganacl|88/100|[from] Stealth Rock
|-damage|p1a: Garganacl|76/100|[from] Spikes
|move|p2a: Zamazenta|Roar|p1a: Garganacl
|drag|p1a: Ceruledge|Ceruledge, M|100/100
|-damage|p1a: Ceruledge|76/100|[from] Stealth Rock
|-damage|p1a: Ceruledge|63/100|[from] Spikes
|
|-heal|p2a: Zamazenta|88/100|[from] item: Leftovers
|upkeep
|turn|11
|
|t:|1758256281
|-terastallize|p1a: Ceruledge|Ghost
|move|p2a: Zamazenta|Iron Defense|p2a: Zamazenta
|-boost|p2a: Zamazenta|def|2
|move|p1a: Ceruledge|Swords Dance|p1a: Ceruledge
|-boost|p1a: Ceruledge|atk|2
|
|-heal|p2a: Zamazenta|94/100|[from] item: Leftovers
|upkeep
|turn|12
|
|t:|1758256289
|move|p2a: Zamazenta|Crunch|p1a: Ceruledge
|-supereffective|p1a: Ceruledge
|-damage|p1a: Ceruledge|4/100
|-ability|p1a: Ceruledge|Weak Armor|boost
|-unboost|p1a: Ceruledge|def|1
|-boost|p1a: Ceruledge|spe|2
|move|p1a: Ceruledge|Bitter Blade|p2a: Zamazenta
|-damage|p2a: Zamazenta|65/100
|-heal|p1a: Ceruledge|23/100|[from] drain|[of] p2a: Zamazenta
|
|-heal|p2a: Zamazenta|72/100|[from] item: Leftovers
|upkeep
|turn|13
|
|t:|1758256302
|move|p1a: Ceruledge|Poltergeist|p2a: Zamazenta|[miss]
|-miss|p1a: Ceruledge|p2a: Zamazenta
|move|p2a: Zamazenta|Iron Defense|p2a: Zamazenta
|-boost|p2a: Zamazenta|def|2
|
|-heal|p2a: Zamazenta|78/100|[from] item: Leftovers
|upkeep
|turn|14
|
|t:|1758256311
|move|p1a: Ceruledge|Poltergeist|p2a: Zamazenta
|-activate|p2a: Zamazenta|move: Poltergeist|Leftovers
|-damage|p2a: Zamazenta|47/100
|move|p2a: Zamazenta|Crunch|p1a: Ceruledge
|-supereffective|p1a: Ceruledge
|-damage|p1a: Ceruledge|0 fnt
|faint|p1a: Ceruledge
|
|-heal|p2a: Zamazenta|53/100|[from] item: Leftovers
|upkeep
|
|t:|1758256321
|switch|p1a: Glimmora|Glimmora, F, shiny|100/100
|-damage|p1a: Glimmora|88/100|[from] Stealth Rock
|-damage|p1a: Glimmora|76/100|[from] Spikes
|turn|15
|
|t:|1758256327
|move|p2a: Zamazenta|Iron Defense|p2a: Zamazenta
|-boost|p2a: Zamazenta|def|1
|move|p1a: Glimmora|Mortal Spin|p2a: Zamazenta
|-damage|p2a: Zamazenta|52/100
|-status|p2a: Zamazenta|psn
|-sideend|p1: TheInfiniteCrafter|Spikes|[from] move: Mortal Spin|[of] p1a: Glimmora
|-sideend|p1: TheInfiniteCrafter|Stealth Rock|[from] move: Mortal Spin|[of] p1a: Glimmora
|
|-heal|p2a: Zamazenta|58/100 psn|[from] item: Leftovers
|-damage|p2a: Zamazenta|45/100 psn|[from] psn
|upkeep
|turn|16
|
|t:|1758256341
|move|p2a: Zamazenta|Body Press|p1a: Glimmora
|-crit|p1a: Glimmora
|-damage|p1a: Glimmora|0 fnt
|-activate|p1a: Glimmora|ability: Toxic Debris
|-sidestart|p2: SilIest_Guy|move: Toxic Spikes
|faint|p1a: Glimmora
|
|-heal|p2a: Zamazenta|52/100 psn|[from] item: Leftovers
|-damage|p2a: Zamazenta|39/100 psn|[from] psn
|upkeep
|
|t:|1758256352
|switch|p1a: Meowstic|Meowstic, M|100/100
|turn|17
|
|t:|1758256361
|move|p1a: Meowstic|Gravity|p1a: Meowstic
|-fieldstart|move: Gravity
|move|p2a: Zamazenta|Crunch|p1a: Meowstic
|-supereffective|p1a: Meowstic
|-damage|p1a: Meowstic|50/100
|-enditem|p1a: Meowstic|Eject Button
|
|t:|1758256366
|switch|p1a: Flapple|Flapple, M|100/100
|
|-heal|p2a: Zamazenta|45/100 psn|[from] item: Leftovers
|-damage|p2a: Zamazenta|33/100 psn|[from] psn
|upkeep
|turn|18
|
|t:|1758256378
|move|p1a: Flapple|Endure|p1a: Flapple
|-singleturn|p1a: Flapple|move: Endure
|move|p2a: Zamazenta|Body Press|p1a: Flapple
|-activate|p1a: Flapple|move: Endure
|-damage|p1a: Flapple|1/100
|-enditem|p1a: Flapple|Salac Berry|[eat]
|-boost|p1a: Flapple|spe|1|[from] item: Salac Berry
|
|-heal|p2a: Zamazenta|39/100 psn|[from] item: Leftovers
|-damage|p2a: Zamazenta|27/100 psn|[from] psn
|upkeep
|turn|19
|
|t:|1758256396
|move|p1a: Flapple|Acrobatics|p2a: Zamazenta
|-supereffective|p2a: Zamazenta
|-damage|p2a: Zamazenta|9/100 psn
|move|p2a: Zamazenta|Body Press|p1a: Flapple
|-damage|p1a: Flapple|0 fnt
|faint|p1a: Flapple
|
|-heal|p2a: Zamazenta|15/100 psn|[from] item: Leftovers
|-damage|p2a: Zamazenta|3/100 psn|[from] psn
|upkeep
|
|t:|1758256406
|switch|p1a: Gardevoir|Gardevoir, M, shiny|25/100
|turn|20
|-message|SilIest_Guy forfeited.
|
|win|TheInfiniteCrafter
|raw|TheInfiniteCrafter's rating: 1063 &rarr; <strong>1092</strong><br />(+29 for winning)
|raw|SilIest_Guy's rating: 1043 &rarr; <strong>1027</strong><br />(-16 for losing)
|l|☆SilIest_Guy
|player|p2|
