|j|☆wrdonawing
|j|☆c3rrot
|t:|1758364618
|gametype|singles
|player|p1|wrdonawing|lana|1341
|player|p2|c3rrot|gentleman|1339
|gen|9
|tier|[Gen 9] OU
|rated|
|rule|HP Percentage Mod: HP is shown in percentages
|rule|Endless Battle Clause: Forcing endless battles is banned
|rule|Species Clause: Limit one of each Pokémon
|rule|OHKO Clause: OHKO moves are banned
|rule|Evasion Items Clause: Evasion items are banned
|rule|Evasion Moves Clause: Evasion moves are banned
|rule|Evasion Abilities Clause: Evasion abilities are banned
|rule|Sleep Moves Clause: Sleep-inducing moves are banned
|clearpoke
|poke|p1|Iron Moth|
|poke|p1|Decidueye-Hisui, M|
|poke|p1|Hoopa-Unbound|
|poke|p1|Comfey, M|
|poke|p1|Pecharunt|
|poke|p1|Scyther, M|
|poke|p2|Hoopa-Unbound|
|poke|p2|Ogerpon-Wellspring, F|
|poke|p2|Cinderace, F|
|poke|p2|Primarina, F|
|poke|p2|Corviknight, F|
|poke|p2|Landorus-Therian, M|
|teampreview
|inactive|Battle timer is ON: inactive players will automatically lose when time's up. (requested by wrdonawing)
|inactive|c3rrot also wants the timer to be on.
|
|t:|1758364630
|teamsize|p1|6
|teamsize|p2|6
|start
|switch|p1a: Hoopa|Hoopa-Unbound|100/100
|switch|p2a: Cinderace|Cinderace, F|100/100
|turn|1
|
|t:|1758364632
|move|p2a: Cinderace|U-turn|p1a: Hoopa
|-start|p2a: Cinderace|typechange|Bug|[from] ability: Libero
|-supereffective|p1a: Hoopa
|-damage|p1a: Hoopa|0 fnt
|faint|p1a: Hoopa
|
|t:|1758364635
|switch|p2a: Hoopa|Hoopa-Unbound|100/100|[from] U-turn
|
|upkeep
|
|t:|1758364643
|switch|p1a: Scyther|Scyther, M|100/100
|turn|2
|
|t:|1758364649
|switch|p2a: Corviknight|Corviknight, F|100/100
|-ability|p2a: Corviknight|Pressure
|move|p1a: Scyther|Swords Dance|p1a: Scyther
|-boost|p1a: Scyther|atk|2
|
|upkeep
|turn|3
|
|t:|1758364652
|move|p1a: Scyther|Close Combat|p2a: Corviknight
|-damage|p2a: Corviknight|56/100
|-unboost|p1a: Scyther|def|1
|-unboost|p1a: Scyther|spd|1
|-damage|p1a: Scyther|84/100|[from] item: Rocky Helmet|[of] p2a: Corviknight
|move|p2a: Corviknight|Iron Defense|p2a: Corviknight
|-boost|p2a: Corviknight|def|2
|
|upkeep
|turn|4
|
|t:|1758364666
|move|p1a: Scyther|Close Combat|p2a: Corviknight
|-damage|p2a: Corviknight|33/100
|-unboost|p1a: Scyther|def|1
|-unboost|p1a: Scyther|spd|1
|-damage|p1a: Scyther|68/100|[from] item: Rocky Helmet|[of] p2a: Corviknight
|move|p2a: Corviknight|Roost|p2a: Corviknight
|-heal|p2a: Corviknight|83/100
|-singleturn|p2a: Corviknight|move: Roost
|
|upkeep
|turn|5
|
|t:|1758364669
|move|p1a: Scyther|Swords Dance|p1a: Scyther
|-boost|p1a: Scyther|atk|2
|move|p2a: Corviknight|Iron Defense|p2a: Corviknight
|-boost|p2a: Corviknight|def|2
|
|upkeep
|turn|6
|
|t:|1758364672
|move|p1a: Scyther|Close Combat|p2a: Corviknight
|-damage|p2a: Corviknight|59/100
|-unboost|p1a: Scyther|def|1
|-unboost|p1a: Scyther|spd|1
|-damage|p1a: Scyther|51/100|[from] item: Rocky Helmet|[of] p2a: Corviknight
|move|p2a: Corviknight|Iron Defense|p2a: Corviknight
|-boost|p2a: Corviknight|def|2
|
|upkeep
|turn|7
|
|t:|1758364675
|move|p1a: Scyther|Close Combat|p2a: Corviknight
|-damage|p2a: Corviknight|43/100
|-unboost|p1a: Scyther|def|1
|-unboost|p1a: Scyther|spd|1
|-damage|p1a: Scyther|35/100|[from] item: Rocky Helmet|[of] p2a: Corviknight
|move|p2a: Corviknight|Body Press|p1a: Scyther
|-resisted|p1a: Scyther
|-damage|p1a: Scyther|0 fnt
|faint|p1a: Scyther
|
|upkeep
|
|t:|1758364679
|switch|p1a: Pecharunt|Pecharunt|100/100
|turn|8
|
|t:|1758364682
|move|p1a: Pecharunt|Nasty Plot|p1a: Pecharunt
|-boost|p1a: Pecharunt|spa|2
|move|p2a: Corviknight|Roost|p2a: Corviknight
|-heal|p2a: Corviknight|93/100
|-singleturn|p2a: Corviknight|move: Roost
|
|upkeep
|turn|9
|
|t:|1758364692
|-terastallize|p1a: Pecharunt|Fire
|move|p1a: Pecharunt|Tera Blast|p2a: Corviknight|[anim] Tera Blast Fire
|-supereffective|p2a: Corviknight
|-damage|p2a: Corviknight|0 fnt
|faint|p2a: Corviknight
|
|upkeep
|
|t:|1758364700
|switch|p2a: Primarina|Primarina, F|100/100
|turn|10
|
|t:|1758364702
|move|p1a: Pecharunt|Malignant Chain|p2a: Primarina
|-supereffective|p2a: Primarina
|-damage|p2a: Primarina|9/100
|-status|p2a: Primarina|tox
|-start|p2a: Primarina|confusion|[from] ability: Poison Puppeteer|[of] p1a: Pecharunt
|-activate|p2a: Primarina|confusion
|move|p2a: Primarina|Moonblast|p1a: Pecharunt
|-resisted|p1a: Pecharunt
|-damage|p1a: Pecharunt|68/100
|
|-heal|p1a: Pecharunt|74/100|[from] item: Leftovers
|-damage|p2a: Primarina|3/100 tox|[from] psn
|upkeep
|turn|11
|
|t:|1758364708
|move|p1a: Pecharunt|Tera Blast|p2a: Primarina|[anim] Tera Blast Fire
|-resisted|p2a: Primarina
|-damage|p2a: Primarina|0 fnt
|faint|p2a: Primarina
|
|-heal|p1a: Pecharunt|80/100|[from] item: Leftovers
|upkeep
|
|t:|1758364714
|switch|p2a: Ogerpon|Ogerpon-Wellspring, F|100/100
|turn|12
|
|t:|1758364716
|move|p2a: Ogerpon|Ivy Cudgel|p1a: Pecharunt|[anim] Ivy Cudgel Water
|-supereffective|p1a: Pecharunt
|-damage|p1a: Pecharunt|0 fnt
|faint|p1a: Pecharunt
|
|upkeep
|
|t:|1758364718
|switch|p1a: Iron Moth|Iron Moth|100/100
|-enditem|p1a: Iron Moth|Booster Energy
|-activate|p1a: Iron Moth|ability: Quark Drive|[fromitem]
|-start|p1a: Iron Moth|quarkdrivespe
|turn|13
|
|t:|1758364723
|-terastallize|p2a: Ogerpon|Water
|detailschange|p2a: Ogerpon|Ogerpon-Wellspring-Tera, F, tera:Water
|-ability|p2a: Ogerpon|Embody Aspect (Wellspring)|boost
|-boost|p2a: Ogerpon|spd|1
|move|p1a: Iron Moth|Sludge Wave|p2a: Ogerpon
|-damage|p2a: Ogerpon|65/100
|move|p2a: Ogerpon|Ivy Cudgel|p1a: Iron Moth|[anim] Ivy Cudgel Water
|-supereffective|p1a: Iron Moth
|-damage|p1a: Iron Moth|0 fnt
|faint|p1a: Iron Moth
|-end|p1a: Iron Moth|Quark Drive|[silent]
|
|upkeep
|
|t:|1758364727
|switch|p1a: Decidueye|Decidueye-Hisui, M|100/100
|turn|14
|
|t:|1758364732
|move|p2a: Ogerpon|U-turn|p1a: Decidueye
|-damage|p1a: Decidueye|66/100
|
|t:|1758364734
|switch|p2a: Landorus|Landorus-Therian, M|100/100|[from] U-turn
|-ability|p2a: Landorus|Intimidate|boost
|-fail|p1a: Decidueye|unboost|Attack|[from] ability: Scrappy|[of] p1a: Decidueye
|move|p1a: Decidueye|Leaf Blade|p2a: Landorus
|-damage|p2a: Landorus|50/100
|
|upkeep
|turn|15
|
|t:|1758364743
|move|p2a: Landorus|U-turn|p1a: Decidueye
|-damage|p1a: Decidueye|35/100
|
|t:|1758364745
|switch|p2a: Cinderace|Cinderace, F|100/100|[from] U-turn
|move|p1a: Decidueye|Leaf Blade|p2a: Cinderace
|-resisted|p2a: Cinderace
|-damage|p2a: Cinderace|72/100
|
|upkeep
|turn|16
|
|t:|1758364748
|move|p2a: Cinderace|Pyro Ball|p1a: Decidueye
|-supereffective|p1a: Decidueye
|-damage|p1a: Decidueye|0 fnt
|faint|p1a: Decidueye
|
|upkeep
|
|t:|1758364749
|switch|p1a: Comfey|Comfey, M|100/100
|turn|17
|
|t:|1758364751
|move|p2a: Cinderace|U-turn|p1a: Comfey
|-start|p2a: Cinderace|typechange|Bug|[from] ability: Libero
|-resisted|p1a: Comfey
|-damage|p1a: Comfey|88/100
|
|t:|1758364753
|switch|p2a: Hoopa|Hoopa-Unbound|100/100|[from] U-turn
|move|p1a: Comfey|Calm Mind|p1a: Comfey
|-boost|p1a: Comfey|spa|1
|-boost|p1a: Comfey|spd|1
|
|-heal|p1a: Comfey|94/100|[from] item: Leftovers
|upkeep
|turn|18
|
|t:|1758364756
|move|p2a: Hoopa|Psyshock|p1a: Comfey
|-damage|p1a: Comfey|17/100
|move|p1a: Comfey|Draining Kiss|p2a: Hoopa
|-supereffective|p2a: Hoopa
|-damage|p2a: Hoopa|58/100
|-heal|p1a: Comfey|48/100|[from] drain|[of] p2a: Hoopa
|
|-heal|p1a: Comfey|54/100|[from] item: Leftovers
|upkeep
|turn|19
|
|t:|1758364759
|move|p2a: Hoopa|Psyshock|p1a: Comfey
|-damage|p1a: Comfey|0 fnt
|faint|p1a: Comfey
|
|win|c3rrot
|raw|wrdonawing's rating: 1341 &rarr; <strong>1321</strong><br />(-20 for losing)
|raw|c3rrot's rating: 1339 &rarr; <strong>1359</strong><br />(+20 for winning)
|l|☆wrdonawing
|player|p1|
|l|☆c3rrot
|player|p2|
