|j|☆Docter_Peng99
|j|☆xX_Gab_Xx
|t:|1758293937
|gametype|singles
|player|p1|Docter_Peng99|drayton|1395
|player|p2|xX_Gab_Xx|hugh|1345
|gen|9
|tier|[Gen 9] OU
|rated|
|rule|HP Percentage Mod: HP is shown in percentages
|rule|Endless Battle Clause: Forcing endless battles is banned
|rule|Species Clause: Limit one of each Pokémon
|rule|OHKO Clause: OHKO moves are banned
|rule|Evasion Items Clause: Evasion items are banned
|rule|Evasion Moves Clause: Evasion moves are banned
|rule|Evasion Abilities Clause: Evasion abilities are banned
|rule|Sleep Moves Clause: Sleep-inducing moves are banned
|clearpoke
|poke|p1|Ting-Lu|
|poke|p1|Zamazenta-*|
|poke|p1|Primarina, F|
|poke|p1|Great Tusk|
|poke|p1|Sinistcha-Masterpiece|
|poke|p1|Kingambit, M|
|poke|p2|Gholdengo|
|poke|p2|Gliscor, F|
|poke|p2|Clodsire, F|
|poke|p2|Skarmory, M|
|poke|p2|Dondozo, F|
|poke|p2|Amoonguss, F|
|teampreview
|inactive|Battle timer is ON: inactive players will automatically lose when time's up. (requested by xX_Gab_Xx)
|
|t:|1758293949
|teamsize|p1|6
|teamsize|p2|6
|start
|switch|p1a: Ruinous Bowl|Ting-Lu|100/100
|switch|p2a: Gliscor|Gliscor, F, shiny|100/100
|-ability|p1a: Ruinous Bowl|Vessel of Ruin
|turn|1
|
|t:|1758293957
|move|p2a: Gliscor|Knock Off|p1a: Ruinous Bowl
|-resisted|p1a: Ruinous Bowl
|-damage|p1a: Ruinous Bowl|95/100
|-enditem|p1a: Ruinous Bowl|Leftovers|[from] move: Knock Off|[of] p2a: Gliscor
|move|p1a: Ruinous Bowl|Spikes|p2a: Gliscor
|-sidestart|p2: xX_Gab_Xx|Spikes
|
|-status|p2a: Gliscor|tox|[from] item: Toxic Orb
|upkeep
|turn|2
|
|t:|1758293965
|move|p2a: Gliscor|Swords Dance|p2a: Gliscor
|-boost|p2a: Gliscor|atk|2
|move|p1a: Ruinous Bowl|Spikes|p2a: Gliscor
|-sidestart|p2: xX_Gab_Xx|Spikes
|
|upkeep
|turn|3
|
|t:|1758293971
|move|p2a: Gliscor|Earthquake|p1a: Ruinous Bowl
|-damage|p1a: Ruinous Bowl|60/100
|move|p1a: Ruinous Bowl|Spikes|p2a: Gliscor
|-sidestart|p2: xX_Gab_Xx|Spikes
|
|upkeep
|turn|4
|
|t:|1758293982
|move|p2a: Gliscor|Earthquake|p1a: Ruinous Bowl
|-damage|p1a: Ruinous Bowl|24/100
|move|p1a: Ruinous Bowl|Whirlwind|p2a: Gliscor
|drag|p2a: Dondozo|Dondozo, F|100/100
|
|upkeep
|turn|5
|
|t:|1758293993
|move|p1a: Ruinous Bowl|Ruination|p2a: Dondozo|[miss]
|-miss|p1a: Ruinous Bowl|p2a: Dondozo
|move|p2a: Dondozo|Avalanche|p1a: Ruinous Bowl
|-supereffective|p1a: Ruinous Bowl
|-damage|p1a: Ruinous Bowl|4/100
|
|upkeep
|turn|6
|
|t:|1758294002
|switch|p2a: Gliscor|Gliscor, F, shiny|100/100 tox
|move|p1a: Ruinous Bowl|Ruination|p2a: Gliscor
|-damage|p2a: Gliscor|50/100 tox
|
|-heal|p2a: Gliscor|63/100 tox|[from] ability: Poison Heal
|upkeep
|turn|7
|
|t:|1758294009
|move|p2a: Gliscor|Knock Off|p1a: Ruinous Bowl
|-resisted|p1a: Ruinous Bowl
|-damage|p1a: Ruinous Bowl|0 fnt
|faint|p1a: Ruinous Bowl
|
|-heal|p2a: Gliscor|75/100 tox|[from] ability: Poison Heal
|upkeep
|
|t:|1758294014
|switch|p1a: WhoLetTheDogsOut|Zamazenta|100/100
|-ability|p1a: WhoLetTheDogsOut|Dauntless Shield|boost
|-boost|p1a: WhoLetTheDogsOut|def|1
|turn|8
|
|t:|1758294024
|switch|p2a: Dondozo|Dondozo, F|100/100
|move|p1a: WhoLetTheDogsOut|Iron Defense|p1a: WhoLetTheDogsOut
|-boost|p1a: WhoLetTheDogsOut|def|2
|
|upkeep
|turn|9
|
|t:|1758294033
|move|p1a: WhoLetTheDogsOut|Body Press|p2a: Dondozo
|-damage|p2a: Dondozo|81/100
|move|p2a: Dondozo|Waterfall|p1a: WhoLetTheDogsOut
|-damage|p1a: WhoLetTheDogsOut|71/100
|
|upkeep
|turn|10
|
|t:|1758294040
|move|p1a: WhoLetTheDogsOut|Body Press|p2a: Dondozo
|-damage|p2a: Dondozo|61/100
|move|p2a: Dondozo|Waterfall|p1a: WhoLetTheDogsOut
|-damage|p1a: WhoLetTheDogsOut|42/100
|
|upkeep
|turn|11
|
|t:|1758294046
|move|p1a: WhoLetTheDogsOut|Body Press|p2a: Dondozo
|-damage|p2a: Dondozo|42/100
|move|p2a: Dondozo|Waterfall|p1a: WhoLetTheDogsOut
|-damage|p1a: WhoLetTheDogsOut|16/100
|
|upkeep
|turn|12
|
|t:|1758294053
|move|p1a: WhoLetTheDogsOut|Body Press|p2a: Dondozo
|-damage|p2a: Dondozo|23/100
|move|p2a: Dondozo|Rest|p2a: Dondozo
|-status|p2a: Dondozo|slp|[from] move: Rest
|-heal|p2a: Dondozo|100/100 slp|[silent]
|
|upkeep
|turn|13
|
|t:|1758294060
|move|p1a: WhoLetTheDogsOut|Crunch|p2a: Dondozo
|-damage|p2a: Dondozo|87/100 slp
|cant|p2a: Dondozo|slp
|move|p2a: Dondozo|Sleep Talk|p2a: Dondozo
|move|p2a: Dondozo|Rest||[from] move: Sleep Talk|[still]
|-fail|p2a: Dondozo
|
|upkeep
|turn|14
|
|t:|1758294067
|move|p1a: WhoLetTheDogsOut|Body Press|p2a: Dondozo
|-damage|p2a: Dondozo|68/100 slp
|cant|p2a: Dondozo|slp
|move|p2a: Dondozo|Sleep Talk|p2a: Dondozo
|move|p2a: Dondozo|Rest||[from] move: Sleep Talk|[still]
|-fail|p2a: Dondozo
|
|upkeep
|turn|15
|
|t:|1758294075
|move|p1a: WhoLetTheDogsOut|Body Press|p2a: Dondozo
|-damage|p2a: Dondozo|49/100 slp
|-curestatus|p2a: Dondozo|slp|[msg]
|move|p2a: Dondozo|Rest|p2a: Dondozo
|-status|p2a: Dondozo|slp|[from] move: Rest
|-heal|p2a: Dondozo|100/100 slp|[silent]
|
|upkeep
|turn|16
|
|t:|1758294083
|move|p1a: WhoLetTheDogsOut|Body Press|p2a: Dondozo
|-damage|p2a: Dondozo|81/100 slp
|cant|p2a: Dondozo|slp
|move|p2a: Dondozo|Sleep Talk|p2a: Dondozo
|move|p2a: Dondozo|Rest||[from] move: Sleep Talk|[still]
|-fail|p2a: Dondozo
|
|upkeep
|turn|17
|
|t:|1758294090
|move|p1a: WhoLetTheDogsOut|Body Press|p2a: Dondozo
|-damage|p2a: Dondozo|62/100 slp
|cant|p2a: Dondozo|slp
|move|p2a: Dondozo|Sleep Talk|p2a: Dondozo
|move|p2a: Dondozo|Avalanche|p1a: WhoLetTheDogsOut|[from] move: Sleep Talk
|-damage|p1a: WhoLetTheDogsOut|0 fnt
|faint|p1a: WhoLetTheDogsOut
|
|upkeep
|
|t:|1758294093
|switch|p1a: Shirahoshi|Primarina, F|100/100
|turn|18
|
|t:|1758294109
|switch|p2a: Amoonguss|Amoonguss, F|100/100
|move|p1a: Shirahoshi|Psychic Noise|p2a: Amoonguss
|-resisted|p2a: Amoonguss
|-damage|p2a: Amoonguss|80/100
|-start|p2a: Amoonguss|move: Heal Block
|
|upkeep
|turn|19
|
|t:|1758294120
|move|p1a: Shirahoshi|Flip Turn|p2a: Amoonguss
|-resisted|p2a: Amoonguss
|-damage|p2a: Amoonguss|75/100
|
|t:|1758294127
|switch|p1a: Wood Mugulis|Sinistcha-Masterpiece|100/100|[from] Flip Turn
|move|p2a: Amoonguss|Toxic|p1a: Wood Mugulis
|-status|p1a: Wood Mugulis|tox
|
|-damage|p1a: Wood Mugulis|94/100 tox|[from] psn
|-end|p2a: Amoonguss|move: Heal Block
|upkeep
|turn|20
|
|t:|1758294146
|switch|p2a: Clodsire|Clodsire, F|100/100
|move|p1a: Wood Mugulis|Shadow Ball|p2a: Clodsire
|-damage|p2a: Clodsire|77/100
|
|-damage|p1a: Wood Mugulis|82/100 tox|[from] psn
|upkeep
|turn|21
|
|t:|1758294159
|move|p1a: Wood Mugulis|Stun Spore|p2a: Clodsire|[miss]
|-miss|p1a: Wood Mugulis|p2a: Clodsire
|move|p2a: Clodsire|Poison Jab|p1a: Wood Mugulis
|-damage|p1a: Wood Mugulis|62/100 tox
|
|-damage|p1a: Wood Mugulis|44/100 tox|[from] psn
|upkeep
|turn|22
|
|t:|1758294167
|switch|p2a: Amoonguss|Amoonguss, F|100/100
|move|p1a: Wood Mugulis|Stun Spore|p2a: Amoonguss
|-immune|p2a: Amoonguss
|
|-damage|p1a: Wood Mugulis|20/100 tox|[from] psn
|upkeep
|turn|23
|
|t:|1758294179
|move|p1a: Wood Mugulis|Shadow Ball|p2a: Amoonguss
|-damage|p2a: Amoonguss|57/100
|move|p2a: Amoonguss|Grass Knot|p1a: Wood Mugulis
|-resisted|p1a: Wood Mugulis
|-damage|p1a: Wood Mugulis|16/100 tox
|
|-damage|p1a: Wood Mugulis|0 fnt|[from] psn
|faint|p1a: Wood Mugulis
|upkeep
|
|t:|1758294185
|switch|p1a: Checkmate|Kingambit, M, shiny|100/100
|-activate|p1a: Checkmate|ability: Supreme Overlord
|-start|p1a: Checkmate|fallen3|[silent]
|turn|24
|
|t:|1758294193
|switch|p2a: Skarmory|Skarmory, M|100/100
|move|p1a: Checkmate|Kowtow Cleave|p2a: Skarmory
|-damage|p2a: Skarmory|57/100
|-damage|p1a: Checkmate|84/100|[from] item: Rocky Helmet|[of] p2a: Skarmory
|
|-heal|p1a: Checkmate|90/100|[from] item: Leftovers
|upkeep
|turn|25
|
|t:|1758294202
|-terastallize|p1a: Checkmate|Ghost
|move|p2a: Skarmory|Roost|p2a: Skarmory
|-heal|p2a: Skarmory|100/100
|-singleturn|p2a: Skarmory|move: Roost
|move|p1a: Checkmate|Swords Dance|p1a: Checkmate
|-boost|p1a: Checkmate|atk|2
|
|-heal|p1a: Checkmate|96/100|[from] item: Leftovers
|upkeep
|turn|26
|
|t:|1758294213
|move|p2a: Skarmory|Stealth Rock|p1a: Checkmate
|-sidestart|p1: Docter_Peng99|move: Stealth Rock
|move|p1a: Checkmate|Swords Dance|p1a: Checkmate
|-boost|p1a: Checkmate|atk|2
|
|-heal|p1a: Checkmate|100/100|[from] item: Leftovers
|upkeep
|turn|27
|
|t:|1758294220
|move|p2a: Skarmory|Iron Defense|p2a: Skarmory
|-boost|p2a: Skarmory|def|2
|move|p1a: Checkmate|Kowtow Cleave|p2a: Skarmory
|-damage|p2a: Skarmory|40/100
|-damage|p1a: Checkmate|84/100|[from] item: Rocky Helmet|[of] p2a: Skarmory
|
|-heal|p1a: Checkmate|90/100|[from] item: Leftovers
|upkeep
|turn|28
|
|t:|1758294228
|move|p2a: Skarmory|Roost|p2a: Skarmory
|-heal|p2a: Skarmory|90/100
|-singleturn|p2a: Skarmory|move: Roost
|move|p1a: Checkmate|Kowtow Cleave|p2a: Skarmory
|-damage|p2a: Skarmory|26/100
|-damage|p1a: Checkmate|73/100|[from] item: Rocky Helmet|[of] p2a: Skarmory
|
|-heal|p1a: Checkmate|79/100|[from] item: Leftovers
|upkeep
|turn|29
|
|t:|1758294238
|-end|p1a: Checkmate|fallen3|[silent]
|switch|p1a: Ancient Elephant|Great Tusk|100/100
|move|p2a: Skarmory|Roost|p2a: Skarmory
|-heal|p2a: Skarmory|76/100
|-singleturn|p2a: Skarmory|move: Roost
|
|upkeep
|turn|30
|
|t:|1758294247
|move|p1a: Ancient Elephant|Rapid Spin|p2a: Skarmory
|-resisted|p2a: Skarmory
|-damage|p2a: Skarmory|73/100
|-boost|p1a: Ancient Elephant|spe|1
|-damage|p1a: Ancient Elephant|84/100|[from] item: Rocky Helmet|[of] p2a: Skarmory
|-sideend|p1: Docter_Peng99|Stealth Rock|[from] move: Rapid Spin|[of] p1a: Ancient Elephant
|move|p2a: Skarmory|Iron Defense|p2a: Skarmory
|-boost|p2a: Skarmory|def|2
|
|upkeep
|turn|31
|
|t:|1758294255
|move|p1a: Ancient Elephant|Knock Off|p2a: Skarmory
|-damage|p2a: Skarmory|66/100
|-damage|p1a: Ancient Elephant|68/100|[from] item: Rocky Helmet|[of] p2a: Skarmory
|-enditem|p2a: Skarmory|Rocky Helmet|[from] move: Knock Off|[of] p1a: Ancient Elephant
|move|p2a: Skarmory|Iron Defense|p2a: Skarmory
|-boost|p2a: Skarmory|def|2
|
|upkeep
|turn|32
|
|t:|1758294264
|-end|p1a: Ancient Elephant|Protosynthesis|[silent]
|switch|p1a: Shirahoshi|Primarina, F|100/100
|move|p2a: Skarmory|Stealth Rock|p1a: Shirahoshi
|-sidestart|p1: Docter_Peng99|move: Stealth Rock
|
|upkeep
|turn|33
|
|t:|1758294272
|switch|p2a: Amoonguss|Amoonguss, F|90/100
|move|p1a: Shirahoshi|Ice Beam|p2a: Amoonguss
|-supereffective|p2a: Amoonguss
|-damage|p2a: Amoonguss|27/100
|
|upkeep
|turn|34
|
|t:|1758294284
|switch|p2a: Gholdengo|Gholdengo|100/100
|-item|p2a: Gholdengo|Air Balloon
|move|p1a: Shirahoshi|Ice Beam|p2a: Gholdengo
|-resisted|p2a: Gholdengo
|-damage|p2a: Gholdengo|84/100
|-status|p2a: Gholdengo|frz
|-enditem|p2a: Gholdengo|Air Balloon
|
|upkeep
|turn|35
|
|t:|1758294296
|cant|p2a: Gholdengo|frz
|move|p1a: Shirahoshi|Psychic Noise|p2a: Gholdengo
|-crit|p2a: Gholdengo
|-damage|p2a: Gholdengo|20/100 frz
|-start|p2a: Gholdengo|move: Heal Block
|
|upkeep
|turn|36
|
|t:|1758294303
|cant|p2a: Gholdengo|frz
|move|p1a: Shirahoshi|Flip Turn|p2a: Gholdengo
|-damage|p2a: Gholdengo|10/100 frz
|
|t:|1758294307
|switch|p1a: Ancient Elephant|Great Tusk|68/100|[from] Flip Turn
|
|-end|p2a: Gholdengo|move: Heal Block
|upkeep
|turn|37
|
|t:|1758294313
|move|p1a: Ancient Elephant|Knock Off|p2a: Gholdengo
|-supereffective|p2a: Gholdengo
|-damage|p2a: Gholdengo|0 fnt
|faint|p2a: Gholdengo
|
|upkeep
|
|t:|1758294317
|switch|p2a: Dondozo|Dondozo, F|62/100 slp
|turn|38
|
|t:|1758294332
|move|p1a: Ancient Elephant|Knock Off|p2a: Dondozo
|-damage|p2a: Dondozo|42/100 slp
|-enditem|p2a: Dondozo|Heavy-Duty Boots|[from] move: Knock Off|[of] p1a: Ancient Elephant
|-curestatus|p2a: Dondozo|slp|[msg]
|move|p2a: Dondozo|Rest|p2a: Dondozo
|-status|p2a: Dondozo|slp|[from] move: Rest
|-heal|p2a: Dondozo|100/100 slp|[silent]
|
|upkeep
|turn|39
|
|t:|1758294340
|move|p1a: Ancient Elephant|Rapid Spin|p2a: Dondozo
|-damage|p2a: Dondozo|89/100 slp
|-boost|p1a: Ancient Elephant|spe|1
|-sideend|p1: Docter_Peng99|Stealth Rock|[from] move: Rapid Spin|[of] p1a: Ancient Elephant
|cant|p2a: Dondozo|slp
|move|p2a: Dondozo|Sleep Talk|p2a: Dondozo
|move|p2a: Dondozo|Rest||[from] move: Sleep Talk|[still]
|-fail|p2a: Dondozo
|
|upkeep
|turn|40
|
|t:|1758294349
|-end|p1a: Ancient Elephant|Protosynthesis|[silent]
|switch|p1a: Shirahoshi|Primarina, F|100/100
|cant|p2a: Dondozo|slp
|move|p2a: Dondozo|Sleep Talk|p2a: Dondozo
|move|p2a: Dondozo|Avalanche|p1a: Shirahoshi|[from] move: Sleep Talk
|-resisted|p1a: Shirahoshi
|-damage|p1a: Shirahoshi|88/100
|
|upkeep
|turn|41
|
|t:|1758294364
|switch|p2a: Clodsire|Clodsire, F|77/100
|move|p1a: Shirahoshi|Moonblast|p2a: Clodsire
|-resisted|p2a: Clodsire
|-damage|p2a: Clodsire|63/100
|
|upkeep
|turn|42
|
|t:|1758294375
|move|p1a: Shirahoshi|Ice Beam|p2a: Clodsire
|-supereffective|p2a: Clodsire
|-damage|p2a: Clodsire|30/100
|move|p2a: Clodsire|Poison Jab|p1a: Shirahoshi
|-supereffective|p1a: Shirahoshi
|-damage|p1a: Shirahoshi|27/100
|-status|p1a: Shirahoshi|psn
|
|-damage|p1a: Shirahoshi|14/100 psn|[from] psn
|upkeep
|turn|43
|
|t:|1758294385
|switch|p2a: Skarmory|Skarmory, M|66/100
|move|p1a: Shirahoshi|Ice Beam|p2a: Skarmory
|-damage|p2a: Skarmory|16/100
|
|-damage|p1a: Shirahoshi|2/100 psn|[from] psn
|upkeep
|turn|44
|
|t:|1758294393
|move|p1a: Shirahoshi|Flip Turn|p2a: Skarmory
|-damage|p2a: Skarmory|6/100
|
|t:|1758294395
|switch|p1a: Ancient Elephant|Great Tusk|68/100|[from] Flip Turn
|move|p2a: Skarmory|Roost|p2a: Skarmory
|-heal|p2a: Skarmory|56/100
|-singleturn|p2a: Skarmory|move: Roost
|
|upkeep
|turn|45
|
|t:|1758294403
|move|p1a: Ancient Elephant|Ice Spinner|p2a: Skarmory
|-damage|p2a: Skarmory|38/100
|move|p2a: Skarmory|Stealth Rock|p1a: Ancient Elephant
|-sidestart|p1: Docter_Peng99|move: Stealth Rock
|
|upkeep
|turn|46
|
|t:|1758294409
|move|p1a: Ancient Elephant|Rapid Spin|p2a: Skarmory
|-resisted|p2a: Skarmory
|-damage|p2a: Skarmory|33/100
|-boost|p1a: Ancient Elephant|spe|1
|-sideend|p1: Docter_Peng99|Stealth Rock|[from] move: Rapid Spin|[of] p1a: Ancient Elephant
|move|p2a: Skarmory|Roost|p2a: Skarmory
|-heal|p2a: Skarmory|83/100
|-singleturn|p2a: Skarmory|move: Roost
|
|upkeep
|turn|47
|
|t:|1758294417
|move|p1a: Ancient Elephant|Ice Spinner|p2a: Skarmory
|-damage|p2a: Skarmory|66/100
|move|p2a: Skarmory|Iron Defense|p2a: Skarmory
|-boost|p2a: Skarmory|def|2
|
|upkeep
|turn|48
|
|t:|1758294423
|move|p1a: Ancient Elephant|Ice Spinner|p2a: Skarmory
|-damage|p2a: Skarmory|56/100
|move|p2a: Skarmory|Stealth Rock|p1a: Ancient Elephant
|-sidestart|p1: Docter_Peng99|move: Stealth Rock
|
|upkeep
|turn|49
|
|t:|1758294428
|move|p1a: Ancient Elephant|Rapid Spin|p2a: Skarmory
|-resisted|p2a: Skarmory
|-damage|p2a: Skarmory|54/100
|-boost|p1a: Ancient Elephant|spe|1
|-sideend|p1: Docter_Peng99|Stealth Rock|[from] move: Rapid Spin|[of] p1a: Ancient Elephant
|move|p2a: Skarmory|Iron Defense|p2a: Skarmory
|-boost|p2a: Skarmory|def|2
|
|upkeep
|turn|50
|
|t:|1758294436
|move|p1a: Ancient Elephant|Ice Spinner|p2a: Skarmory
|-damage|p2a: Skarmory|48/100
|move|p2a: Skarmory|Roost|p2a: Skarmory
|-heal|p2a: Skarmory|98/100
|-singleturn|p2a: Skarmory|move: Roost
|
|upkeep
|turn|51
|
|t:|1758294442
|move|p1a: Ancient Elephant|Ice Spinner|p2a: Skarmory
|-damage|p2a: Skarmory|92/100
|move|p2a: Skarmory|Iron Defense|p2a: Skarmory
|-boost|p2a: Skarmory|def|2
|
|upkeep
|turn|52
|
|t:|1758294447
|move|p1a: Ancient Elephant|Ice Spinner|p2a: Skarmory
|-crit|p2a: Skarmory
|-damage|p2a: Skarmory|68/100
|move|p2a: Skarmory|Stealth Rock|p1a: Ancient Elephant
|-sidestart|p1: Docter_Peng99|move: Stealth Rock
|
|upkeep
|turn|53
|
|t:|1758294454
|move|p1a: Ancient Elephant|Rapid Spin|p2a: Skarmory
|-resisted|p2a: Skarmory
|-damage|p2a: Skarmory|66/100
|-boost|p1a: Ancient Elephant|spe|1
|-sideend|p1: Docter_Peng99|Stealth Rock|[from] move: Rapid Spin|[of] p1a: Ancient Elephant
|move|p2a: Skarmory|Body Press|p1a: Ancient Elephant
|-damage|p1a: Ancient Elephant|0 fnt
|faint|p1a: Ancient Elephant
|-end|p1a: Ancient Elephant|Protosynthesis|[silent]
|
|upkeep
|
|t:|1758294456
|switch|p1a: Shirahoshi|Primarina, F|2/100 psn
|turn|54
|
|t:|1758294466
|move|p2a: Skarmory|Roost|p2a: Skarmory
|-heal|p2a: Skarmory|100/100
|-singleturn|p2a: Skarmory|move: Roost
|move|p1a: Shirahoshi|Psychic Noise|p2a: Skarmory
|-damage|p2a: Skarmory|42/100
|-start|p2a: Skarmory|move: Heal Block
|
|-damage|p1a: Shirahoshi|0 fnt|[from] psn
|faint|p1a: Shirahoshi
|upkeep
|
|t:|1758294470
|switch|p1a: Checkmate|Kingambit, M, shiny, tera:Ghost|79/100
|-activate|p1a: Checkmate|ability: Supreme Overlord
|-start|p1a: Checkmate|fallen5|[silent]
|turn|55
|
|t:|1758294488
|switch|p2a: Gliscor|Gliscor, F, shiny|75/100 tox
|move|p1a: Checkmate|Swords Dance|p1a: Checkmate
|-boost|p1a: Checkmate|atk|2
|
|-heal|p1a: Checkmate|86/100|[from] item: Leftovers
|-heal|p2a: Gliscor|88/100 tox|[from] ability: Poison Heal
|upkeep
|turn|56
|
|t:|1758294496
|move|p1a: Checkmate|Sucker Punch|p2a: Gliscor
|-damage|p2a: Gliscor|0 fnt
|faint|p2a: Gliscor
|
|-heal|p1a: Checkmate|92/100|[from] item: Leftovers
|upkeep
|
|t:|1758294503
|switch|p2a: Dondozo|Dondozo, F|89/100 slp
|-damage|p2a: Dondozo|65/100 slp|[from] Spikes
|turn|57
|
|t:|1758294512
|move|p1a: Checkmate|Kowtow Cleave|p2a: Dondozo
|-damage|p2a: Dondozo|17/100 slp
|-curestatus|p2a: Dondozo|slp|[msg]
|move|p2a: Dondozo|Rest|p2a: Dondozo
|-status|p2a: Dondozo|slp|[from] move: Rest
|-heal|p2a: Dondozo|100/100 slp|[silent]
|
|-heal|p1a: Checkmate|98/100|[from] item: Leftovers
|upkeep
|turn|58
|
|t:|1758294521
|move|p1a: Checkmate|Kowtow Cleave|p2a: Dondozo
|-damage|p2a: Dondozo|53/100 slp
|cant|p2a: Dondozo|slp
|move|p2a: Dondozo|Sleep Talk|p2a: Dondozo
|move|p2a: Dondozo|Waterfall|p1a: Checkmate|[from] move: Sleep Talk
|-damage|p1a: Checkmate|66/100
|
|-heal|p1a: Checkmate|72/100|[from] item: Leftovers
|upkeep
|turn|59
|
|t:|1758294536
|-terastallize|p2a: Dondozo|Fighting
|move|p1a: Checkmate|Kowtow Cleave|p2a: Dondozo
|-resisted|p2a: Dondozo
|-damage|p2a: Dondozo|32/100 slp
|cant|p2a: Dondozo|slp
|move|p2a: Dondozo|Sleep Talk|p2a: Dondozo
|move|p2a: Dondozo|Rest||[from] move: Sleep Talk|[still]
|-fail|p2a: Dondozo
|
|-heal|p1a: Checkmate|79/100|[from] item: Leftovers
|upkeep
|turn|60
|
|t:|1758294548
|move|p1a: Checkmate|Iron Head|p2a: Dondozo
|-damage|p2a: Dondozo|0 fnt
|faint|p2a: Dondozo
|
|-heal|p1a: Checkmate|85/100|[from] item: Leftovers
|upkeep
|
|t:|1758294555
|switch|p2a: Amoonguss|Amoonguss, F|60/100
|turn|61
|
|t:|1758294560
|move|p1a: Checkmate|Kowtow Cleave|p2a: Amoonguss
|-damage|p2a: Amoonguss|0 fnt
|faint|p2a: Amoonguss
|
|-heal|p1a: Checkmate|91/100|[from] item: Leftovers
|upkeep
|-message|xX_Gab_Xx forfeited.
|
|win|Docter_Peng99
|raw|Docter_Peng99's rating: 1395 &rarr; <strong>1412</strong><br />(+17 for winning)
|raw|xX_Gab_Xx's rating: 1345 &rarr; <strong>1328</strong><br />(-17 for losing)
|l|☆xX_Gab_Xx
|player|p2|
