|j|☆DecafRiffraf
|j|☆raffwastaken
|t:|1758334508
|gametype|singles
|player|p1|DecafRiffraf|265|1105
|player|p2|raffwastaken|aaron|1113
|gen|9
|tier|[Gen 9] OU
|rated|
|rule|HP Percentage Mod: HP is shown in percentages
|rule|Endless Battle Clause: Forcing endless battles is banned
|rule|Species Clause: Limit one of each Pokémon
|rule|OHKO Clause: OHKO moves are banned
|rule|Evasion Items Clause: Evasion items are banned
|rule|Evasion Moves Clause: Evasion moves are banned
|rule|Evasion Abilities Clause: Evasion abilities are banned
|rule|Sleep Moves Clause: Sleep-inducing moves are banned
|clearpoke
|poke|p1|Raging Bolt|
|poke|p1|Great Tusk|
|poke|p1|Alomomola, M|
|poke|p1|Gholdengo|
|poke|p1|Dragonite, M|
|poke|p1|Garganacl, F|
|poke|p2|Necrozma|
|poke|p2|Mew|
|poke|p2|Metagross|
|poke|p2|Meloetta|
|poke|p2|Deoxys-Defense|
|poke|p2|Flittle, F|
|teampreview
|inactive|Battle timer is ON: inactive players will automatically lose when time's up. (requested by raffwastaken)
|
|t:|1758334525
|teamsize|p1|6
|teamsize|p2|6
|start
|switch|p1a: Great Tusk|Great Tusk|100/100
|switch|p2a: Deoxys|Deoxys-Defense|100/100
|-ability|p2a: Deoxys|Pressure
|turn|1
|
|t:|1758334536
|move|p1a: Great Tusk|Knock Off|p2a: Deoxys
|-supereffective|p2a: Deoxys
|-damage|p2a: Deoxys|47/100
|-enditem|p2a: Deoxys|Leftovers|[from] move: Knock Off|[of] p1a: Great Tusk
|move|p2a: Deoxys|Psycho Boost|p1a: Great Tusk
|-supereffective|p1a: Great Tusk
|-damage|p1a: Great Tusk|0 fnt
|-unboost|p2a: Deoxys|spa|2
|faint|p1a: Great Tusk
|-end|p1a: Great Tusk|Protosynthesis|[silent]
|
|upkeep
|
|t:|1758334551
|switch|p1a: Raging Bolt|Raging Bolt|100/100
|turn|2
|
|t:|1758334558
|move|p1a: Raging Bolt|Volt Switch|p2a: Deoxys
|-damage|p2a: Deoxys|13/100
|
|t:|1758334565
|-end|p1a: Raging Bolt|Protosynthesis|[silent]
|switch|p1a: Alomomola|Alomomola, M|100/100|[from] Volt Switch
|move|p2a: Deoxys|Stealth Rock|p1a: Alomomola
|-sidestart|p1: DecafRiffraf|move: Stealth Rock
|
|upkeep
|turn|3
|
|t:|1758334571
|move|p2a: Deoxys|Recover|p2a: Deoxys
|-heal|p2a: Deoxys|64/100
|move|p1a: Alomomola|Flip Turn|p2a: Deoxys
|-damage|p2a: Deoxys|52/100
|
|t:|1758334576
|switch|p1a: Raging Bolt|Raging Bolt|100/100|[from] Flip Turn
|-damage|p1a: Raging Bolt|88/100|[from] Stealth Rock
|
|upkeep
|turn|4
|
|t:|1758334587
|move|p1a: Raging Bolt|Draco Meteor|p2a: Deoxys
|-damage|p2a: Deoxys|0 fnt
|-unboost|p1a: Raging Bolt|spa|2
|faint|p2a: Deoxys
|
|upkeep
|
|t:|1758334609
|switch|p2a: Meloetta|Meloetta|100/100
|turn|5
|
|t:|1758334632
|-end|p1a: Raging Bolt|Protosynthesis|[silent]
|switch|p1a: Alomomola|Alomomola, M|100/100
|move|p2a: Meloetta|Relic Song|p1a: Alomomola
|-damage|p1a: Alomomola|64/100
|-formechange|p2a: Meloetta|Meloetta-Pirouette|[msg]
|-enditem|p2a: Meloetta|Throat Spray
|-boost|p2a: Meloetta|spa|1|[from] item: Throat Spray
|
|upkeep
|turn|6
|
|t:|1758334655
|move|p2a: Meloetta|Relic Song|p1a: Alomomola
|-damage|p1a: Alomomola|29/100
|-formechange|p2a: Meloetta|Meloetta|[msg]
|move|p1a: Alomomola|Wish|p1a: Alomomola
|
|upkeep
|turn|7
|inactive|DecafRiffraf has 120 seconds left.
|
|t:|1758334678
|move|p2a: Meloetta|Relic Song|p1a: Alomomola
|-damage|p1a: Alomomola|0 fnt
|faint|p1a: Alomomola
|-formechange|p2a: Meloetta|Meloetta-Pirouette|[msg]
|
|upkeep
|inactive|DecafRiffraf has 120 seconds left.
|
|t:|1758334683
|switch|p1a: Gholdengo|Gholdengo|100/100
|-damage|p1a: Gholdengo|94/100|[from] Stealth Rock
|turn|8
|
|t:|1758334691
|move|p1a: Gholdengo|Shadow Ball|p2a: Meloetta
|-immune|p2a: Meloetta
|move|p2a: Meloetta|Knock Off|p1a: Gholdengo
|-supereffective|p1a: Gholdengo
|-damage|p1a: Gholdengo|34/100
|-enditem|p1a: Gholdengo|Choice Scarf|[from] move: Knock Off|[of] p2a: Meloetta
|
|upkeep
|turn|9
|
|t:|1758334705
|move|p2a: Meloetta|Knock Off|p1a: Gholdengo
|-supereffective|p1a: Gholdengo
|-damage|p1a: Gholdengo|0 fnt
|faint|p1a: Gholdengo
|
|upkeep
|
|t:|1758334713
|switch|p1a: Garganacl|Garganacl, F|100/100
|-damage|p1a: Garganacl|88/100|[from] Stealth Rock
|turn|10
|inactive|DecafRiffraf has 120 seconds left.
|
|t:|1758334729
|move|p2a: Meloetta|Psychic|p1a: Garganacl
|-damage|p1a: Garganacl|64/100
|move|p1a: Garganacl|Stealth Rock|p2a: Meloetta
|-sidestart|p2: raffwastaken|move: Stealth Rock
|
|-heal|p1a: Garganacl|70/100|[from] item: Leftovers
|upkeep
|turn|11
|
|t:|1758334737
|move|p2a: Meloetta|Close Combat|p1a: Garganacl
|-supereffective|p1a: Garganacl
|-damage|p1a: Garganacl|0 fnt
|-unboost|p2a: Meloetta|def|1
|-unboost|p2a: Meloetta|spd|1
|faint|p1a: Garganacl
|
|upkeep
|
|t:|1758334744
|switch|p1a: Raging Bolt|Raging Bolt|88/100
|-damage|p1a: Raging Bolt|76/100|[from] Stealth Rock
|turn|12
|
|t:|1758334749
|move|p1a: Raging Bolt|Thunderclap|p2a: Meloetta
|-damage|p2a: Meloetta|0 fnt
|faint|p2a: Meloetta
|
|upkeep
|
|t:|1758334756
|switch|p2a: Metagross|Metagross|100/100
|-damage|p2a: Metagross|95/100|[from] Stealth Rock
|turn|13
|
|t:|1758334766
|-end|p1a: Raging Bolt|Protosynthesis|[silent]
|switch|p1a: Dragonite|Dragonite, M|100/100
|move|p2a: Metagross|Earthquake|p1a: Dragonite
|-immune|p1a: Dragonite
|
|-heal|p2a: Metagross|100/100|[from] item: Leftovers
|upkeep
|turn|14
|
|t:|1758334783
|move|p1a: Dragonite|Dragon Dance|p1a: Dragonite
|-boost|p1a: Dragonite|atk|1
|-boost|p1a: Dragonite|spe|1
|move|p2a: Metagross|Agility|p2a: Metagross
|-boost|p2a: Metagross|spe|2
|
|upkeep
|turn|15
|
|t:|1758334790
|move|p2a: Metagross|Heavy Slam|p1a: Dragonite
|-damage|p1a: Dragonite|81/100
|move|p1a: Dragonite|Dragon Dance|p1a: Dragonite
|-boost|p1a: Dragonite|atk|1
|-boost|p1a: Dragonite|spe|1
|
|upkeep
|turn|16
|
|t:|1758334802
|move|p1a: Dragonite|Dragon Dance|p1a: Dragonite
|-boost|p1a: Dragonite|atk|1
|-boost|p1a: Dragonite|spe|1
|move|p2a: Metagross|Heavy Slam|p1a: Dragonite
|-damage|p1a: Dragonite|42/100
|
|upkeep
|turn|17
|
|t:|1758334813
|move|p1a: Dragonite|Roost|p1a: Dragonite
|-heal|p1a: Dragonite|92/100
|-singleturn|p1a: Dragonite|move: Roost
|move|p2a: Metagross|Psychic Fangs|p1a: Dragonite
|-damage|p1a: Dragonite|37/100
|
|upkeep
|turn|18
|
|t:|1758334819
|move|p1a: Dragonite|Earthquake|p2a: Metagross
|-supereffective|p2a: Metagross
|-damage|p2a: Metagross|0 fnt
|faint|p2a: Metagross
|
|upkeep
|
|t:|1758334829
|switch|p2a: Necrozma|Necrozma|100/100
|-damage|p2a: Necrozma|88/100|[from] Stealth Rock
|turn|19
|
|t:|1758334839
|move|p1a: Dragonite|Earthquake|p2a: Necrozma
|-crit|p2a: Necrozma
|-damage|p2a: Necrozma|0 fnt
|faint|p2a: Necrozma
|
|upkeep
|
|t:|1758334842
|switch|p2a: Mew|Mew|100/100
|-damage|p2a: Mew|88/100|[from] Stealth Rock
|turn|20
|
|t:|1758334847
|move|p1a: Dragonite|Earthquake|p2a: Mew
|-damage|p2a: Mew|0 fnt
|faint|p2a: Mew
|
|upkeep
|
|t:|1758334849
|switch|p2a: Flittle|Flittle, F|100/100
|-damage|p2a: Flittle|88/100|[from] Stealth Rock
|turn|21
|
|t:|1758334859
|move|p2a: Flittle|Protect|p2a: Flittle
|-singleturn|p2a: Flittle|Protect
|move|p1a: Dragonite|Earthquake|p2a: Flittle
|-activate|p2a: Flittle|move: Protect
|
|-ability|p2a: Flittle|Speed Boost|boost
|-boost|p2a: Flittle|spe|1
|upkeep
|turn|22
|
|t:|1758334870
|-terastallize|p2a: Flittle|Fairy
|move|p1a: Dragonite|Extreme Speed|p2a: Flittle
|-damage|p2a: Flittle|0 fnt
|faint|p2a: Flittle
|
|win|DecafRiffraf
|raw|DecafRiffraf's rating: 1105 &rarr; <strong>1131</strong><br />(+26 for winning)
|raw|raffwastaken's rating: 1113 &rarr; <strong>1087</strong><br />(-26 for losing)
|l|☆raffwastaken
|player|p2|
|l|☆DecafRiffraf
|player|p1|
