|j|☆Woodelfdragonborn
|j|☆noahthebadplayer
|t:|1758259344
|gametype|singles
|player|p1|Woodelfdragonborn|steven|1224
|player|p2|noahthebadplayer|170|1254
|gen|9
|tier|[Gen 9] OU
|rated|
|rule|HP Percentage Mod: HP is shown in percentages
|rule|Endless Battle Clause: Forcing endless battles is banned
|rule|Species Clause: Limit one of each Pokémon
|rule|OHKO Clause: OHKO moves are banned
|rule|Evasion Items Clause: Evasion items are banned
|rule|Evasion Moves Clause: Evasion moves are banned
|rule|Evasion Abilities Clause: Evasion abilities are banned
|rule|Sleep Moves Clause: Sleep-inducing moves are banned
|clearpoke
|poke|p1|Deoxys-Speed|
|poke|p1|Dragapult, F|
|poke|p1|Weavile, F|
|poke|p1|Glimmora, F|
|poke|p1|Blaziken, F|
|poke|p1|Primarina, F|
|poke|p2|Jolteon, F|
|poke|p2|Iron Valiant|
|poke|p2|Chandelure, M|
|poke|p2|Serperior, F|
|poke|p2|Basculegion, M|
|poke|p2|Iron Treads|
|teampreview
|c|☆noahthebadplayer|Glhf
|inactive|Battle timer is ON: inactive players will automatically lose when time's up. (requested by Woodelfdragonborn)
|
|t:|1758259353
|teamsize|p1|6
|teamsize|p2|6
|start
|switch|p1a: Glimmora|Glimmora, F|100/100
|switch|p2a: Basculegion|Basculegion, M|100/100
|turn|1
|
|t:|1758259360
|move|p2a: Basculegion|Surf|p1a: Glimmora
|-supereffective|p1a: Glimmora
|-enditem|p1a: Glimmora|Focus Sash
|-damage|p1a: Glimmora|1/100
|move|p1a: Glimmora|Stealth Rock|p2a: Basculegion
|-sidestart|p2: noahthebadplayer|move: Stealth Rock
|
|upkeep
|turn|2
|
|t:|1758259371
|switch|p1a: Primarina|Primarina, F|100/100
|move|p2a: Basculegion|Surf|p1a: Primarina
|-resisted|p1a: Primarina
|-damage|p1a: Primarina|86/100
|
|upkeep
|turn|3
|
|t:|1758259382
|switch|p2a: Serperior|Serperior, F|100/100
|-damage|p2a: Serperior|88/100|[from] Stealth Rock
|move|p1a: Primarina|Moonblast|p2a: Serperior
|-damage|p2a: Serperior|39/100
|-boost|p2a: Serperior|spa|1
|
|-heal|p2a: Serperior|45/100|[from] item: Leftovers
|upkeep
|turn|4
|
|t:|1758259398
|switch|p1a: Weavile|Weavile, F|100/100
|-ability|p1a: Weavile|Pressure
|move|p2a: Serperior|Giga Drain|p1a: Weavile
|-damage|p1a: Weavile|58/100
|-heal|p2a: Serperior|62/100|[from] drain|[of] p1a: Weavile
|
|-heal|p2a: Serperior|68/100|[from] item: Leftovers
|upkeep
|turn|5
|
|t:|1758259405
|move|p1a: Weavile|Triple Axel|p2a: Serperior
|-supereffective|p2a: Serperior
|-damage|p2a: Serperior|36/100
|-supereffective|p2a: Serperior
|-damage|p2a: Serperior|0 fnt
|faint|p2a: Serperior
|-hitcount|p2: Serperior|2
|
|upkeep
|
|t:|1758259412
|switch|p2a: Iron Treads|Iron Treads|100/100
|-damage|p2a: Iron Treads|97/100|[from] Stealth Rock
|turn|6
|
|t:|1758259417
|switch|p1a: Dragapult|Dragapult, F|100/100
|move|p2a: Iron Treads|Rapid Spin|p1a: Dragapult
|-immune|p1a: Dragapult
|
|upkeep
|turn|7
|
|t:|1758259421
|move|p1a: Dragapult|Will-O-Wisp|p2a: Iron Treads|[miss]
|-miss|p1a: Dragapult|p2a: Iron Treads
|move|p2a: Iron Treads|Ice Spinner|p1a: Dragapult
|-supereffective|p1a: Dragapult
|-damage|p1a: Dragapult|5/100
|-damage|p2a: Iron Treads|87/100|[from] item: Life Orb
|
|upkeep
|turn|8
|
|t:|1758259429
|-end|p2a: Iron Treads|Quark Drive|[silent]
|switch|p2a: Chandelure|Chandelure, M|100/100
|move|p1a: Dragapult|U-turn|p2a: Chandelure
|-resisted|p2a: Chandelure
|-damage|p2a: Chandelure|96/100
|
|t:|1758259440
|switch|p1a: Weavile|Weavile, F|58/100|[from] U-turn
|-ability|p1a: Weavile|Pressure
|
|upkeep
|turn|9
|
|t:|1758259444
|move|p1a: Weavile|Knock Off|p2a: Chandelure
|-supereffective|p2a: Chandelure
|-damage|p2a: Chandelure|0 fnt
|-enditem|p2a: Chandelure|Heavy-Duty Boots|[from] move: Knock Off|[of] p1a: Weavile
|faint|p2a: Chandelure
|
|upkeep
|
|t:|1758259450
|switch|p2a: Iron Treads|Iron Treads|87/100
|-damage|p2a: Iron Treads|84/100|[from] Stealth Rock
|turn|10
|
|t:|1758259453
|move|p1a: Weavile|Knock Off|p2a: Iron Treads
|-damage|p2a: Iron Treads|21/100
|-enditem|p2a: Iron Treads|Life Orb|[from] move: Knock Off|[of] p1a: Weavile
|move|p2a: Iron Treads|Rapid Spin|p1a: Weavile
|-damage|p1a: Weavile|30/100
|-boost|p2a: Iron Treads|spe|1
|-sideend|p2: noahthebadplayer|Stealth Rock|[from] move: Rapid Spin|[of] p2a: Iron Treads
|
|upkeep
|turn|11
|
|t:|1758259462
|move|p2a: Iron Treads|Iron Head|p1a: Weavile
|-supereffective|p1a: Weavile
|-damage|p1a: Weavile|0 fnt
|faint|p1a: Weavile
|
|upkeep
|
|t:|1758259466
|switch|p1a: Blaziken|Blaziken, F, shiny|100/100
|turn|12
|
|t:|1758259470
|move|p1a: Blaziken|Protect|p1a: Blaziken
|-singleturn|p1a: Blaziken|Protect
|move|p2a: Iron Treads|Earthquake|p1a: Blaziken
|-activate|p1a: Blaziken|move: Protect
|
|-ability|p1a: Blaziken|Speed Boost|boost
|-boost|p1a: Blaziken|spe|1
|upkeep
|turn|13
|
|t:|1758259478
|move|p1a: Blaziken|Protect||[still]
|-fail|p1a: Blaziken
|move|p2a: Iron Treads|Earthquake|p1a: Blaziken
|-supereffective|p1a: Blaziken
|-damage|p1a: Blaziken|0 fnt
|faint|p1a: Blaziken
|
|upkeep
|
|t:|1758259481
|switch|p1a: Deoxys|Deoxys-Speed|100/100
|-ability|p1a: Deoxys|Pressure
|turn|14
|
|t:|1758259490
|move|p2a: Iron Treads|Earthquake|p1a: Deoxys
|-damage|p1a: Deoxys|29/100
|move|p1a: Deoxys|Ice Beam|p2a: Iron Treads
|-damage|p2a: Iron Treads|0 fnt
|faint|p2a: Iron Treads
|-end|p2a: Iron Treads|Quark Drive|[silent]
|
|upkeep
|
|t:|1758259499
|switch|p2a: Basculegion|Basculegion, M|100/100
|turn|15
|l|☆Woodelfdragonborn
|inactive|Woodelfdragonborn disconnected and has a minute to reconnect!
|player|p1|
|inactive|Woodelfdragonborn has 30 seconds to reconnect!
|j|☆Woodelfdragonborn
|inactive|Woodelfdragonborn reconnected and has 115 seconds left.
|player|p1|Woodelfdragonborn|steven|
|
|t:|1758259539
|move|p1a: Deoxys|Knock Off|p2a: Basculegion
|-supereffective|p2a: Basculegion
|-damage|p2a: Basculegion|34/100
|-enditem|p2a: Basculegion|Choice Scarf|[from] move: Knock Off|[of] p1a: Deoxys
|move|p2a: Basculegion|Shadow Ball|p1a: Deoxys
|-supereffective|p1a: Deoxys
|-damage|p1a: Deoxys|0 fnt
|faint|p1a: Deoxys
|
|upkeep
|
|t:|1758259558
|switch|p1a: Dragapult|Dragapult, F|5/100
|turn|16
|
|t:|1758259563
|move|p1a: Dragapult|Hex|p2a: Basculegion
|-supereffective|p2a: Basculegion
|-damage|p2a: Basculegion|0 fnt
|faint|p2a: Basculegion
|
|upkeep
|
|t:|1758259569
|switch|p2a: Iron Valiant|Iron Valiant|100/100
|turn|17
|
|t:|1758259573
|move|p1a: Dragapult|Will-O-Wisp|p2a: Iron Valiant|[miss]
|-miss|p1a: Dragapult|p2a: Iron Valiant
|move|p2a: Iron Valiant|Spirit Break|p1a: Dragapult
|-supereffective|p1a: Dragapult
|-damage|p1a: Dragapult|0 fnt
|faint|p1a: Dragapult
|
|upkeep
|
|t:|1758259582
|switch|p1a: Primarina|Primarina, F|86/100
|turn|18
|
|t:|1758259587
|-terastallize|p1a: Primarina|Poison
|move|p2a: Iron Valiant|Spirit Break|p1a: Primarina
|-resisted|p1a: Primarina
|-damage|p1a: Primarina|47/100
|-unboost|p1a: Primarina|spa|1
|move|p1a: Primarina|Moonblast|p2a: Iron Valiant
|-supereffective|p2a: Iron Valiant
|-damage|p2a: Iron Valiant|0 fnt
|faint|p2a: Iron Valiant
|-end|p2a: Iron Valiant|Quark Drive|[silent]
|
|upkeep
|
|t:|1758259598
|switch|p2a: Jolteon|Jolteon, F|100/100
|turn|19
|
|t:|1758259602
|switch|p1a: Glimmora|Glimmora, F|1/100
|move|p2a: Jolteon|Thunderbolt|p1a: Glimmora
|-damage|p1a: Glimmora|0 fnt
|faint|p1a: Glimmora
|
|upkeep
|
|t:|1758259607
|switch|p1a: Primarina|Primarina, F, tera:Poison|47/100
|turn|20
|
|t:|1758259610
|move|p2a: Jolteon|Thunderbolt|p1a: Primarina
|-damage|p1a: Primarina|10/100
|move|p1a: Primarina|Moonblast|p2a: Jolteon
|-damage|p2a: Jolteon|26/100
|
|upkeep
|turn|21
|
|t:|1758259616
|move|p2a: Jolteon|Thunderbolt|p1a: Primarina
|-damage|p1a: Primarina|0 fnt
|faint|p1a: Primarina
|
|win|noahthebadplayer
|raw|Woodelfdragonborn's rating: 1224 &rarr; <strong>1201</strong><br />(-23 for losing)
|raw|noahthebadplayer's rating: 1254 &rarr; <strong>1277</strong><br />(+23 for winning)
|c|☆Woodelfdragonborn|Gg
|l|☆noahthebadplayer
|player|p2|
|l|☆Woodelfdragonborn
|player|p1|
