|j|☆brorca
|j|☆blanc_941
|t:|1758236470
|gametype|singles
|player|p1|brorca|elesa|1189
|player|p2|blanc_941|169|1152
|gen|9
|tier|[Gen 9] OU
|rated|
|rule|HP Percentage Mod: HP is shown in percentages
|rule|Endless Battle Clause: Forcing endless battles is banned
|rule|Species Clause: Limit one of each Pokémon
|rule|OHKO Clause: OHKO moves are banned
|rule|Evasion Items Clause: Evasion items are banned
|rule|Evasion Moves Clause: Evasion moves are banned
|rule|Evasion Abilities Clause: Evasion abilities are banned
|rule|Sleep Moves Clause: Sleep-inducing moves are banned
|clearpoke
|poke|p1|Glimmora, M|
|poke|p1|Pelipper, F|
|poke|p1|Walking Wake|
|poke|p1|Gholdengo|
|poke|p1|Basculegion, M|
|poke|p1|Overqwil, F|
|poke|p2|Cyclizar, F|
|poke|p2|Skarmory, F|
|poke|p2|Goodra-Hisui, M|
|poke|p2|Slowbro, F|
|poke|p2|Iron Moth|
|poke|p2|Garchomp, M|
|teampreview
|inactive|Battle timer is ON: inactive players will automatically lose when time's up. (requested by brorca)
|
|t:|1758236478
|teamsize|p1|6
|teamsize|p2|6
|start
|switch|p1a: Pelipper|Pelipper, F|100/100
|switch|p2a: Skarmory|Skarmory, F|100/100
|-weather|RainDance|[from] ability: Drizzle|[of] p1a: Pelipper
|turn|1
|
|t:|1758236484
|switch|p2a: Goodra|Goodra-Hisui, M|100/100
|move|p1a: Pelipper|U-turn|p2a: Goodra
|-resisted|p2a: Goodra
|-damage|p2a: Goodra|95/100
|
|t:|1758236490
|switch|p1a: Glimmora|Glimmora, M|100/100|[from] U-turn
|
|-weather|RainDance|[upkeep]
|upkeep
|turn|2
|inactive|blanc_941 has 120 seconds left.
|c|☆brorca|=_=
|inactive|blanc_941 has 90 seconds left.
|
|t:|1758236560
|switch|p2a: Garchomp|Garchomp, M|100/100
|move|p1a: Glimmora|Stealth Rock|p2a: Garchomp
|-sidestart|p2: blanc_941|move: Stealth Rock
|
|-weather|RainDance|[upkeep]
|upkeep
|turn|3
|c|☆blanc_941|teehee
|
|t:|1758236570
|move|p2a: Garchomp|Substitute|p2a: Garchomp
|-start|p2a: Garchomp|Substitute
|-damage|p2a: Garchomp|76/100
|move|p1a: Glimmora|Explosion|p2a: Garchomp
|-end|p2a: Garchomp|Substitute
|faint|p1a: Glimmora
|
|-weather|RainDance|[upkeep]
|upkeep
|c|☆blanc_941|teehee
|
|t:|1758236582
|switch|p1a: Basculegion|Basculegion, M|100/100
|turn|4
|
|t:|1758236588
|switch|p2a: Slowbro|Slowbro, F|100/100
|-damage|p2a: Slowbro|88/100|[from] Stealth Rock
|move|p1a: Basculegion|Wave Crash|p2a: Slowbro
|-resisted|p2a: Slowbro
|-damage|p2a: Slowbro|38/100
|-damage|p1a: Basculegion|86/100|[from] Recoil
|
|-weather|RainDance|[upkeep]
|-heal|p2a: Slowbro|44/100|[from] item: Leftovers
|upkeep
|turn|5
|
|t:|1758236600
|switch|p2a: Skarmory|Skarmory, F|100/100
|-damage|p2a: Skarmory|88/100|[from] Stealth Rock
|move|p1a: Basculegion|Wave Crash|p2a: Skarmory
|-damage|p2a: Skarmory|6/100
|-damage|p1a: Basculegion|62/100|[from] Recoil
|
|-weather|RainDance|[upkeep]
|-heal|p2a: Skarmory|12/100|[from] item: Leftovers
|upkeep
|turn|6
|
|t:|1758236611
|switch|p2a: Slowbro|Slowbro, F|77/100
|-damage|p2a: Slowbro|64/100|[from] Stealth Rock
|move|p1a: Basculegion|Wave Crash|p2a: Slowbro
|-resisted|p2a: Slowbro
|-damage|p2a: Slowbro|12/100
|-damage|p1a: Basculegion|47/100|[from] Recoil
|
|-weather|RainDance|[upkeep]
|-heal|p2a: Slowbro|18/100|[from] item: Leftovers
|upkeep
|turn|7
|
|t:|1758236628
|switch|p2a: Skarmory|Skarmory, F|12/100
|-damage|p2a: Skarmory|0 fnt|[from] Stealth Rock
|faint|p2a: Skarmory
|move|p1a: Basculegion|Wave Crash|p2: Skarmory|[notarget]
|-fail|p1a: Basculegion
|
|-weather|RainDance|[upkeep]
|upkeep
|
|t:|1758236643
|switch|p2a: Slowbro|Slowbro, F|51/100
|-damage|p2a: Slowbro|39/100|[from] Stealth Rock
|turn|8
|
|t:|1758236646
|switch|p2a: Goodra|Goodra-Hisui, M|95/100
|-damage|p2a: Goodra|89/100|[from] Stealth Rock
|move|p1a: Basculegion|Wave Crash|p2a: Goodra
|-resisted|p2a: Goodra
|-damage|p2a: Goodra|6/100
|-damage|p1a: Basculegion|26/100|[from] Recoil
|
|-weather|none
|upkeep
|turn|9
|
|t:|1758236660
|switch|p2a: Slowbro|Slowbro, F|72/100
|-damage|p2a: Slowbro|60/100|[from] Stealth Rock
|move|p1a: Basculegion|Wave Crash|p2a: Slowbro
|-resisted|p2a: Slowbro
|-damage|p2a: Slowbro|30/100
|-damage|p1a: Basculegion|17/100|[from] Recoil
|
|-heal|p2a: Slowbro|36/100|[from] item: Leftovers
|upkeep
|turn|10
|
|t:|1758236673
|move|p1a: Basculegion|Wave Crash|p2a: Slowbro
|-resisted|p2a: Slowbro
|-damage|p2a: Slowbro|2/100
|-damage|p1a: Basculegion|8/100|[from] Recoil
|move|p2a: Slowbro|Scald|p1a: Basculegion
|-resisted|p1a: Basculegion
|-damage|p1a: Basculegion|0 fnt
|faint|p1a: Basculegion
|
|-heal|p2a: Slowbro|8/100|[from] item: Leftovers
|upkeep
|
|t:|1758236680
|switch|p1a: Pelipper|Pelipper, F|100/100
|-weather|RainDance|[from] ability: Drizzle|[of] p1a: Pelipper
|turn|11
|
|t:|1758236686
|switch|p2a: Goodra|Goodra-Hisui, M|6/100
|-damage|p2a: Goodra|0 fnt|[from] Stealth Rock
|faint|p2a: Goodra
|move|p1a: Pelipper|U-turn|p2: Goodra|[notarget]
|-fail|p1a: Pelipper
|
|-weather|RainDance|[upkeep]
|upkeep
|
|t:|1758236689
|switch|p2a: Cyclizar|Cyclizar, F|100/100
|turn|12
|
|t:|1758236692
|move|p2a: Cyclizar|Rapid Spin|p1a: Pelipper
|-damage|p1a: Pelipper|83/100
|-boost|p2a: Cyclizar|spe|1
|-sideend|p2: blanc_941|Stealth Rock|[from] move: Rapid Spin|[of] p2a: Cyclizar
|move|p1a: Pelipper|U-turn|p2a: Cyclizar
|-damage|p2a: Cyclizar|85/100
|
|t:|1758236699
|switch|p1a: Overqwil|Overqwil, F, shiny|100/100|[from] U-turn
|
|-weather|RainDance|[upkeep]
|upkeep
|turn|13
|
|t:|1758236707
|move|p1a: Overqwil|Barb Barrage|p2a: Cyclizar
|-damage|p2a: Cyclizar|19/100
|-status|p2a: Cyclizar|psn
|-damage|p1a: Overqwil|91/100|[from] item: Life Orb
|move|p2a: Cyclizar|Body Slam|p1a: Overqwil
|-damage|p1a: Overqwil|42/100
|
|-weather|RainDance|[upkeep]
|-damage|p2a: Cyclizar|6/100 psn|[from] psn
|upkeep
|turn|14
|
|t:|1758236722
|switch|p2a: Iron Moth|Iron Moth|100/100
|-enditem|p2a: Iron Moth|Booster Energy
|-activate|p2a: Iron Moth|ability: Quark Drive|[fromitem]
|-start|p2a: Iron Moth|quarkdrivespa
|move|p1a: Overqwil|Aqua Jet|p2a: Iron Moth
|-supereffective|p2a: Iron Moth
|-damage|p2a: Iron Moth|3/100
|-damage|p1a: Overqwil|32/100|[from] item: Life Orb
|
|-weather|RainDance|[upkeep]
|upkeep
|turn|15
|-message|blanc_941 forfeited.
|
|win|brorca
|raw|brorca's rating: 1189 &rarr; <strong>1211</strong><br />(+22 for winning)
|raw|blanc_941's rating: 1152 &rarr; <strong>1130</strong><br />(-22 for losing)
|l|☆blanc_941
|player|p2|
