|j|☆blabala
|j|☆aaron200589
|t:|1758275658
|gametype|singles
|player|p1|blabala|brendan-contest|1224
|player|p2|aaron200589|giovanni|1266
|gen|9
|tier|[Gen 9] OU
|rated|
|rule|HP Percentage Mod: HP is shown in percentages
|rule|Endless Battle Clause: Forcing endless battles is banned
|rule|Species Clause: Limit one of each Pokémon
|rule|OHKO Clause: OHKO moves are banned
|rule|Evasion Items Clause: Evasion items are banned
|rule|Evasion Moves Clause: Evasion moves are banned
|rule|Evasion Abilities Clause: Evasion abilities are banned
|rule|Sleep Moves Clause: Sleep-inducing moves are banned
|clearpoke
|poke|p1|Chimecho, F|
|poke|p2|Alomomola, M|
|poke|p2|Torkoal, M|
|poke|p2|Walking Wake|
|poke|p2|Great Tusk|
|poke|p2|Leafeon, F|
|poke|p2|Skeledirge, F|
|teampreview
|
|t:|1758275667
|teamsize|p1|1
|teamsize|p2|6
|start
|switch|p1a: Eva-001|Chimecho, F|100/100
|switch|p2a: Skeledirge|Skeledirge, F|100/100
|turn|1
|c|☆blabala|Testing testing
|
|t:|1758275678
|move|p2a: Skeledirge|Shadow Ball|p1a: Eva-001
|-supereffective|p1a: Eva-001
|-damage|p1a: Eva-001|54/100
|-unboost|p1a: Eva-001|spd|1
|-enditem|p1a: Eva-001|Weakness Policy
|-boost|p1a: Eva-001|atk|2|[from] item: Weakness Policy
|-boost|p1a: Eva-001|spa|2|[from] item: Weakness Policy
|move|p1a: Eva-001|Cosmic Power|p1a: Eva-001
|-boost|p1a: Eva-001|def|1
|-boost|p1a: Eva-001|spd|1
|
|upkeep
|turn|2
|
|t:|1758275689
|-terastallize|p1a: Eva-001|Fairy
|move|p2a: Skeledirge|Shadow Ball|p1a: Eva-001
|-damage|p1a: Eva-001|34/100
|move|p1a: Eva-001|Recover|p1a: Eva-001
|-heal|p1a: Eva-001|84/100
|
|upkeep
|turn|3
|
|t:|1758275699
|move|p2a: Skeledirge|Shadow Ball|p1a: Eva-001
|-damage|p1a: Eva-001|61/100
|move|p1a: Eva-001|Cosmic Power|p1a: Eva-001
|-boost|p1a: Eva-001|def|1
|-boost|p1a: Eva-001|spd|1
|
|upkeep
|turn|4
|
|t:|1758275711
|-terastallize|p2a: Skeledirge|Fairy
|move|p2a: Skeledirge|Shadow Ball|p1a: Eva-001
|-damage|p1a: Eva-001|38/100
|move|p1a: Eva-001|Cosmic Power|p1a: Eva-001
|-boost|p1a: Eva-001|def|1
|-boost|p1a: Eva-001|spd|1
|
|upkeep
|turn|5
|
|t:|1758275756
|move|p2a: Skeledirge|Shadow Ball|p1a: Eva-001
|-damage|p1a: Eva-001|13/100
|move|p1a: Eva-001|Recover|p1a: Eva-001
|-heal|p1a: Eva-001|63/100
|
|upkeep
|turn|6
|
|t:|1758275765
|switch|p2a: Torkoal|Torkoal, M|100/100
|-weather|SunnyDay|[from] ability: Drought|[of] p2a: Torkoal
|move|p1a: Eva-001|Cosmic Power|p1a: Eva-001
|-boost|p1a: Eva-001|def|1
|-boost|p1a: Eva-001|spd|1
|
|-weather|SunnyDay|[upkeep]
|upkeep
|turn|7
|
|t:|1758275778
|move|p1a: Eva-001|Cosmic Power|p1a: Eva-001
|-boost|p1a: Eva-001|def|1
|-boost|p1a: Eva-001|spd|1
|move|p2a: Torkoal|Will-O-Wisp|p1a: Eva-001|[miss]
|-miss|p2a: Torkoal|p1a: Eva-001
|
|-weather|SunnyDay|[upkeep]
|upkeep
|turn|8
|
|t:|1758275786
|move|p1a: Eva-001|Recover|p1a: Eva-001
|-heal|p1a: Eva-001|100/100
|move|p2a: Torkoal|Will-O-Wisp|p1a: Eva-001
|-status|p1a: Eva-001|brn
|
|-weather|SunnyDay|[upkeep]
|-damage|p1a: Eva-001|94/100 brn|[from] brn
|upkeep
|turn|9
|
|t:|1758275798
|move|p1a: Eva-001|Cosmic Power|p1a: Eva-001
|-boost|p1a: Eva-001|def|1
|-boost|p1a: Eva-001|spd|1
|move|p2a: Torkoal|Shell Smash|p2a: Torkoal
|-unboost|p2a: Torkoal|def|1
|-unboost|p2a: Torkoal|spd|1
|-boost|p2a: Torkoal|atk|2
|-boost|p2a: Torkoal|spa|2
|-boost|p2a: Torkoal|spe|2
|-enditem|p2a: Torkoal|Eject Pack
|
|t:|1758275806
|switch|p2a: Leafeon|Leafeon, F|100/100
|
|-weather|SunnyDay|[upkeep]
|-damage|p1a: Eva-001|88/100 brn|[from] brn
|upkeep
|turn|10
|
|t:|1758275813
|move|p2a: Leafeon|Copycat|p2a: Leafeon
|move|p2a: Leafeon|Shell Smash|p2a: Leafeon|[from] move: Copycat
|-unboost|p2a: Leafeon|def|1
|-unboost|p2a: Leafeon|spd|1
|-boost|p2a: Leafeon|atk|2
|-boost|p2a: Leafeon|spa|2
|-boost|p2a: Leafeon|spe|2
|-enditem|p2a: Leafeon|White Herb
|-clearnegativeboost|p2a: Leafeon|[silent]
|move|p1a: Eva-001|Stored Power|p2a: Leafeon
|-damage|p2a: Leafeon|0 fnt
|faint|p2a: Leafeon
|
|-weather|none
|-damage|p1a: Eva-001|82/100 brn|[from] brn
|upkeep
|
|t:|1758275832
|switch|p2a: Torkoal|Torkoal, M|100/100
|-weather|SunnyDay|[from] ability: Drought|[of] p2a: Torkoal
|turn|11
|
|t:|1758275841
|move|p1a: Eva-001|Stored Power|p2a: Torkoal
|-crit|p2a: Torkoal
|-damage|p2a: Torkoal|0 fnt
|faint|p2a: Torkoal
|
|-weather|SunnyDay|[upkeep]
|-damage|p1a: Eva-001|76/100 brn|[from] brn
|upkeep
|c|☆blabala|Ze nuke
|
|t:|1758275850
|switch|p2a: Walking Wake|Walking Wake|100/100
|-activate|p2a: Walking Wake|ability: Protosynthesis
|-start|p2a: Walking Wake|protosynthesisspe
|turn|12
|
|t:|1758275856
|move|p2a: Walking Wake|Hydro Steam|p1a: Eva-001
|-damage|p1a: Eva-001|61/100 brn
|move|p1a: Eva-001|Recover|p1a: Eva-001
|-heal|p1a: Eva-001|100/100 brn
|
|-weather|SunnyDay|[upkeep]
|-damage|p1a: Eva-001|94/100 brn|[from] brn
|upkeep
|turn|13
|
|t:|1758275865
|move|p2a: Walking Wake|Hydro Steam|p1a: Eva-001
|-damage|p1a: Eva-001|77/100 brn
|move|p1a: Eva-001|Stored Power|p2a: Walking Wake
|-damage|p2a: Walking Wake|0 fnt
|faint|p2a: Walking Wake
|-end|p2a: Walking Wake|Protosynthesis|[silent]
|
|-weather|SunnyDay|[upkeep]
|-damage|p1a: Eva-001|71/100 brn|[from] brn
|upkeep
|inactive|Battle timer is ON: inactive players will automatically lose when time's up. (requested by blabala)
|
|t:|1758275880
|switch|p2a: Great Tusk|Great Tusk|100/100
|-activate|p2a: Great Tusk|ability: Protosynthesis
|-start|p2a: Great Tusk|protosynthesisspe
|turn|14
|
|t:|1758275887
|move|p2a: Great Tusk|Headlong Rush|p1a: Eva-001
|-immune|p1a: Eva-001|[from] ability: Levitate
|move|p1a: Eva-001|Stored Power|p2a: Great Tusk
|-supereffective|p2a: Great Tusk
|-damage|p2a: Great Tusk|0 fnt
|faint|p2a: Great Tusk
|-end|p2a: Great Tusk|Protosynthesis|[silent]
|
|-weather|SunnyDay|[upkeep]
|-damage|p1a: Eva-001|65/100 brn|[from] brn
|upkeep
|
|t:|1758275899
|switch|p2a: Skeledirge|Skeledirge, F, tera:Fairy|100/100
|turn|15
|
|t:|1758275905
|move|p2a: Skeledirge|Torch Song|p1a: Eva-001
|-damage|p1a: Eva-001|32/100 brn
|-boost|p2a: Skeledirge|spa|1
|move|p1a: Eva-001|Stored Power|p2a: Skeledirge
|-damage|p2a: Skeledirge|0 fnt
|faint|p2a: Skeledirge
|
|-weather|none
|-damage|p1a: Eva-001|26/100 brn|[from] brn
|upkeep
|
|t:|1758275916
|switch|p2a: Alomomola|Alomomola, M|100/100
|turn|16
|
|t:|1758275920
|move|p1a: Eva-001|Recover|p1a: Eva-001
|-heal|p1a: Eva-001|76/100 brn
|move|p2a: Alomomola|Flip Turn|p1a: Eva-001
|-damage|p1a: Eva-001|72/100 brn
|
|-damage|p1a: Eva-001|65/100 brn|[from] brn
|upkeep
|turn|17
|c|☆aaron200589|Greattttt!!!!
|c|☆aaron200589|Can you build for me ???
|inactive|aaron200589 has 120 seconds left.
|c|☆blabala|!dt showteam
|error|'showteam' doesn't match any Pokémon, item, move, ability or nature. (Check your spelling?)
|c|☆blabala|Whoops just an sec
|inactive|aaron200589 has 90 seconds left.
|c|☆aaron200589|Do you mind sending me their statuses?
|c|☆aaron200589|It's a good Pokemon surprise
|inactive|aaron200589 has 60 seconds left.
|c|☆blabala|https://pokepast.es/df247dc1ed523c04
|c|☆blabala|Don't bet on him too much though
|inactive|aaron200589 has 30 seconds left.
|inactive|aaron200589 has 20 seconds left.
|inactive|aaron200589 has 15 seconds left.
|inactive|aaron200589 has 10 seconds left.
|inactive|aaron200589 has 5 seconds left.
|c|☆aaron200589|Thanks, I'm trying new strategies.
|-message|aaron200589 lost due to inactivity.
|
|win|blabala
|raw|blabala's rating: 1224 &rarr; <strong>1252</strong><br />(+28 for winning)
|raw|aaron200589's rating: 1266 &rarr; <strong>1238</strong><br />(-28 for losing)
|c|☆aaron200589|Its good
|c|☆aaron200589|Gg
|c|☆blabala|Cya later
|l|☆blabala
|player|p1|
|c|☆aaron200589|^^
