|j|☆ouku bakuza
|j|☆ur doggo
|t:|1758342320
|gametype|singles
|player|p1|ouku bakuza|169|1569
|player|p2|ur doggo|169|1641
|gen|9
|tier|[Gen 9] OU
|rated|
|rule|HP Percentage Mod: HP is shown in percentages
|rule|Endless Battle Clause: Forcing endless battles is banned
|rule|Species Clause: Limit one of each Pokémon
|rule|OHKO Clause: OHKO moves are banned
|rule|Evasion Items Clause: Evasion items are banned
|rule|Evasion Moves Clause: Evasion moves are banned
|rule|Evasion Abilities Clause: Evasion abilities are banned
|rule|Sleep Moves Clause: Sleep-inducing moves are banned
|clearpoke
|poke|p1|Great Tusk|
|poke|p1|Dragonite, M|
|poke|p1|Gholdengo|
|poke|p1|Iron Treads|
|poke|p1|Rotom-Wash|
|poke|p1|Iron Valiant|
|poke|p2|Pelipper, F|
|poke|p2|Hatterene, F|
|poke|p2|Iron Treads|
|poke|p2|Toxicroak, F|
|poke|p2|Barraskewda, F|
|poke|p2|Zapdos|
|teampreview
|inactive|Battle timer is ON: inactive players will automatically lose when time's up. (requested by ouku bakuza)
|
|t:|1758342350
|teamsize|p1|6
|teamsize|p2|6
|start
|switch|p1a: Rotom|Rotom-Wash|100/100
|switch|p2a: Toxicroak|Toxicroak, F|100/100
|turn|1
|
|t:|1758342368
|move|p1a: Rotom|Volt Switch|p2a: Toxicroak
|-damage|p2a: Toxicroak|61/100
|
|t:|1758342371
|switch|p1a: van gho|Gholdengo|100/100|[from] Volt Switch
|move|p2a: Toxicroak|Knock Off|p1a: van gho
|-supereffective|p1a: van gho
|-damage|p1a: van gho|67/100
|-enditem|p1a: van gho|Leftovers|[from] move: Knock Off|[of] p2a: Toxicroak
|
|upkeep
|turn|2
|
|t:|1758342387
|switch|p2a: Pelipper|Pelipper, F|100/100
|-weather|RainDance|[from] ability: Drizzle|[of] p2a: Pelipper
|move|p1a: van gho|Make It Rain|p2a: Pelipper
|-resisted|p2a: Pelipper
|-damage|p2a: Pelipper|73/100
|-unboost|p1a: van gho|spa|1
|
|-weather|RainDance|[upkeep]
|upkeep
|turn|3
|
|t:|1758342395
|move|p1a: van gho|Shadow Ball|p2a: Pelipper
|-damage|p2a: Pelipper|51/100
|move|p2a: Pelipper|U-turn|p1a: van gho
|-resisted|p1a: van gho
|-damage|p1a: van gho|65/100
|
|t:|1758342398
|switch|p2a: Barraskewda|Barraskewda, F|100/100|[from] U-turn
|
|-weather|RainDance|[upkeep]
|upkeep
|turn|4
|
|t:|1758342419
|move|p2a: Barraskewda|Flip Turn|p1a: van gho
|-damage|p1a: van gho|14/100
|
|t:|1758342423
|switch|p2a: Iron Treads|Iron Treads|100/100|[from] Flip Turn
|move|p1a: van gho|Shadow Ball|p2a: Iron Treads
|-damage|p2a: Iron Treads|82/100
|
|-weather|RainDance|[upkeep]
|-heal|p2a: Iron Treads|88/100|[from] item: Leftovers
|upkeep
|turn|5
|
|t:|1758342431
|switch|p1a: Rotom|Rotom-Wash|100/100
|move|p2a: Iron Treads|Stealth Rock|p1a: Rotom
|-sidestart|p1: ouku bakuza|move: Stealth Rock
|
|-weather|RainDance|[upkeep]
|-heal|p2a: Iron Treads|94/100|[from] item: Leftovers
|upkeep
|turn|6
|
|t:|1758342440
|-end|p2a: Iron Treads|Quark Drive|[silent]
|switch|p2a: Toxicroak|Toxicroak, F|61/100
|move|p1a: Rotom|Trick|p2a: Toxicroak
|-activate|p1a: Rotom|move: Trick|[of] p2a: Toxicroak
|-item|p2a: Toxicroak|Choice Scarf|[from] move: Trick
|-item|p1a: Rotom|Rocky Helmet|[from] move: Trick
|
|-weather|RainDance|[upkeep]
|-heal|p2a: Toxicroak|74/100|[from] ability: Dry Skin
|upkeep
|turn|7
|
|t:|1758342454
|move|p2a: Toxicroak|Toxic|p1a: Rotom
|-status|p1a: Rotom|tox
|move|p1a: Rotom|Will-O-Wisp|p2a: Toxicroak
|-status|p2a: Toxicroak|brn
|
|-weather|RainDance|[upkeep]
|-heal|p2a: Toxicroak|86/100 brn|[from] ability: Dry Skin
|-damage|p1a: Rotom|95/100 tox|[from] psn
|-damage|p2a: Toxicroak|80/100 brn|[from] brn
|upkeep
|turn|8
|
|t:|1758342470
|switch|p2a: Hatterene|Hatterene, F|100/100
|move|p1a: Rotom|Volt Switch|p2a: Hatterene
|-damage|p2a: Hatterene|72/100
|-enditem|p2a: Hatterene|Eject Button
|
|t:|1758342473
|switch|p2a: Zapdos|Zapdos|100/100
|
|-weather|RainDance|[upkeep]
|-damage|p1a: Rotom|83/100 tox|[from] psn
|upkeep
|turn|9
|
|t:|1758342490
|move|p2a: Zapdos|Weather Ball|p1a: Rotom
|-resisted|p1a: Rotom
|-damage|p1a: Rotom|43/100 tox
|move|p1a: Rotom|Will-O-Wisp|p2a: Zapdos
|-status|p2a: Zapdos|brn
|
|-weather|none
|-damage|p1a: Rotom|25/100 tox|[from] psn
|-damage|p2a: Zapdos|94/100 brn|[from] brn
|upkeep
|turn|10
|
|t:|1758342498
|move|p2a: Zapdos|Weather Ball|p1a: Rotom
|-damage|p1a: Rotom|0 fnt
|faint|p1a: Rotom
|
|-damage|p2a: Zapdos|88/100 brn|[from] brn
|upkeep
|
|t:|1758342502
|switch|p1a: Iron Treads|Iron Treads|100/100
|-damage|p1a: Iron Treads|97/100|[from] Stealth Rock
|-enditem|p1a: Iron Treads|Booster Energy
|-activate|p1a: Iron Treads|ability: Quark Drive|[fromitem]
|-start|p1a: Iron Treads|quarkdrivespe
|turn|11
|
|t:|1758342507
|switch|p2a: Pelipper|Pelipper, F|51/100
|-weather|RainDance|[from] ability: Drizzle|[of] p2a: Pelipper
|move|p1a: Iron Treads|Rapid Spin|p2a: Pelipper
|-damage|p2a: Pelipper|34/100
|-boost|p1a: Iron Treads|spe|1
|-sideend|p1: ouku bakuza|Stealth Rock|[from] move: Rapid Spin|[of] p1a: Iron Treads
|
|-weather|RainDance|[upkeep]
|upkeep
|turn|12
|
|t:|1758342514
|switch|p2a: Zapdos|Zapdos|88/100 brn
|move|p1a: Iron Treads|Stealth Rock|p2a: Zapdos
|-sidestart|p2: ur doggo|move: Stealth Rock
|
|-weather|RainDance|[upkeep]
|-damage|p2a: Zapdos|82/100 brn|[from] brn
|upkeep
|turn|13
|
|t:|1758342526
|move|p1a: Iron Treads|Iron Head|p2a: Zapdos
|-resisted|p2a: Zapdos
|-damage|p2a: Zapdos|59/100 brn
|move|p2a: Zapdos|Weather Ball|p1a: Iron Treads
|-supereffective|p1a: Iron Treads
|-damage|p1a: Iron Treads|0 fnt
|faint|p1a: Iron Treads
|-end|p1a: Iron Treads|Quark Drive|[silent]
|
|-weather|RainDance|[upkeep]
|-damage|p2a: Zapdos|53/100 brn|[from] brn
|upkeep
|
|t:|1758342530
|switch|p1a: Iron Valiant|Iron Valiant|100/100
|-enditem|p1a: Iron Valiant|Booster Energy
|-activate|p1a: Iron Valiant|ability: Quark Drive|[fromitem]
|-start|p1a: Iron Valiant|quarkdrivespe
|turn|14
|
|t:|1758342548
|switch|p2a: Toxicroak|Toxicroak, F|80/100 brn
|-damage|p2a: Toxicroak|74/100 brn|[from] Stealth Rock
|move|p1a: Iron Valiant|Ice Punch|p2a: Toxicroak
|-damage|p2a: Toxicroak|50/100 brn
|
|-weather|RainDance|[upkeep]
|-heal|p2a: Toxicroak|62/100 brn|[from] ability: Dry Skin
|-damage|p2a: Toxicroak|56/100 brn|[from] brn
|upkeep
|turn|15
|
|t:|1758342565
|-end|p1a: Iron Valiant|Quark Drive|[silent]
|switch|p1a: van gho|Gholdengo|14/100
|move|p2a: Toxicroak|Toxic|p1a: van gho
|-immune|p1a: van gho|[from] ability: Good as Gold
|
|-weather|RainDance|[upkeep]
|-heal|p2a: Toxicroak|69/100 brn|[from] ability: Dry Skin
|-damage|p2a: Toxicroak|62/100 brn|[from] brn
|upkeep
|turn|16
|inactive|ouku bakuza has 120 seconds left.
|
|t:|1758342592
|switch|p2a: Iron Treads|Iron Treads|94/100
|-damage|p2a: Iron Treads|91/100|[from] Stealth Rock
|move|p1a: van gho|Shadow Ball|p2a: Iron Treads
|-damage|p2a: Iron Treads|63/100
|
|-weather|RainDance|[upkeep]
|-heal|p2a: Iron Treads|69/100|[from] item: Leftovers
|upkeep
|turn|17
|inactive|ouku bakuza has 120 seconds left.
|
|t:|1758342627
|switch|p1a: good horns|Great Tusk|100/100
|-enditem|p1a: good horns|Booster Energy
|-activate|p1a: good horns|ability: Protosynthesis|[fromitem]
|-start|p1a: good horns|protosynthesisatk
|move|p2a: Iron Treads|Earthquake|p1a: good horns
|-damage|p1a: good horns|74/100
|
|-weather|RainDance|[upkeep]
|-heal|p2a: Iron Treads|75/100|[from] item: Leftovers
|upkeep
|turn|18
|
|t:|1758342635
|-end|p2a: Iron Treads|Quark Drive|[silent]
|switch|p2a: Zapdos|Zapdos|53/100 brn
|-damage|p2a: Zapdos|28/100 brn|[from] Stealth Rock
|move|p1a: good horns|Rapid Spin|p2a: Zapdos
|-damage|p2a: Zapdos|0 fnt
|-boost|p1a: good horns|spe|1
|faint|p2a: Zapdos
|
|-weather|none
|upkeep
|
|t:|1758342641
|switch|p2a: Pelipper|Pelipper, F|34/100
|-damage|p2a: Pelipper|9/100|[from] Stealth Rock
|-weather|RainDance|[from] ability: Drizzle|[of] p2a: Pelipper
|turn|19
|
|t:|1758342648
|move|p1a: good horns|Rapid Spin|p2a: Pelipper
|-damage|p2a: Pelipper|0 fnt
|-boost|p1a: good horns|spe|1
|faint|p2a: Pelipper
|
|-weather|RainDance|[upkeep]
|upkeep
|
|t:|1758342667
|switch|p2a: Barraskewda|Barraskewda, F|100/100
|-damage|p2a: Barraskewda|88/100|[from] Stealth Rock
|turn|20
|
|t:|1758342679
|-terastallize|p1a: good horns|Grass
|move|p2a: Barraskewda|Flip Turn|p1a: good horns
|-resisted|p1a: good horns
|-damage|p1a: good horns|46/100
|
|t:|1758342684
|switch|p2a: Toxicroak|Toxicroak, F|62/100 brn|[from] Flip Turn
|-damage|p2a: Toxicroak|56/100 brn|[from] Stealth Rock
|move|p1a: good horns|Earthquake|p2a: Toxicroak
|-supereffective|p2a: Toxicroak
|-damage|p2a: Toxicroak|0 fnt
|faint|p2a: Toxicroak
|
|-weather|RainDance|[upkeep]
|upkeep
|
|t:|1758342691
|switch|p2a: Hatterene|Hatterene, F|72/100
|-damage|p2a: Hatterene|59/100|[from] Stealth Rock
|turn|21
|
|t:|1758342694
|move|p1a: good horns|Earthquake|p2a: Hatterene
|-damage|p2a: Hatterene|0 fnt
|faint|p2a: Hatterene
|
|-weather|RainDance|[upkeep]
|upkeep
|
|t:|1758342701
|switch|p2a: Barraskewda|Barraskewda, F|88/100
|-damage|p2a: Barraskewda|76/100|[from] Stealth Rock
|turn|22
|
|t:|1758342713
|-terastallize|p2a: Barraskewda|Water
|move|p2a: Barraskewda|Liquidation|p1a: good horns
|-resisted|p1a: good horns
|-damage|p1a: good horns|0 fnt
|faint|p1a: good horns
|-end|p1a: good horns|Protosynthesis|[silent]
|
|-weather|RainDance|[upkeep]
|upkeep
|
|t:|1758342728
|switch|p1a: van gho|Gholdengo|14/100
|turn|23
|
|t:|1758342731
|move|p2a: Barraskewda|Liquidation|p1a: van gho
|-damage|p1a: van gho|0 fnt
|faint|p1a: van gho
|
|-weather|RainDance|[upkeep]
|upkeep
|inactive|ouku bakuza has 120 seconds left.
|
|t:|1758342775
|switch|p1a: Dragonite|Dragonite, M|100/100
|turn|24
|
|t:|1758342780
|move|p2a: Barraskewda|Liquidation|p1a: Dragonite
|-resisted|p1a: Dragonite
|-damage|p1a: Dragonite|63/100
|move|p1a: Dragonite|Dragon Claw|p2a: Barraskewda
|-damage|p2a: Barraskewda|0 fnt
|faint|p2a: Barraskewda
|
|-weather|RainDance|[upkeep]
|-heal|p1a: Dragonite|69/100|[from] item: Leftovers
|upkeep
|
|t:|1758342783
|switch|p2a: Iron Treads|Iron Treads|75/100
|-damage|p2a: Iron Treads|73/100|[from] Stealth Rock
|turn|25
|
|t:|1758342797
|move|p1a: Dragonite|Fire Punch|p2a: Iron Treads
|-supereffective|p2a: Iron Treads
|-damage|p2a: Iron Treads|50/100
|move|p2a: Iron Treads|Rapid Spin|p1a: Dragonite
|-damage|p1a: Dragonite|55/100
|-boost|p2a: Iron Treads|spe|1
|-sideend|p2: ur doggo|Stealth Rock|[from] move: Rapid Spin|[of] p2a: Iron Treads
|
|-weather|RainDance|[upkeep]
|-heal|p2a: Iron Treads|56/100|[from] item: Leftovers
|-heal|p1a: Dragonite|61/100|[from] item: Leftovers
|upkeep
|turn|26
|-message|ur doggo forfeited.
|
|win|ouku bakuza
|raw|ouku bakuza's rating: 1569 &rarr; <strong>1593</strong><br />(+24 for winning)
|raw|ur doggo's rating: 1641 &rarr; <strong>1617</strong><br />(-24 for losing)
|l|☆ur doggo
|player|p2|
