|j|☆modegobelin
|j|☆Syvird
|t:|1758302865
|gametype|singles
|player|p1|modegobelin|169|1649
|player|p2|Syvird|guzma|1668
|gen|9
|tier|[Gen 9] OU
|rated|
|rule|HP Percentage Mod: HP is shown in percentages
|rule|Endless Battle Clause: Forcing endless battles is banned
|rule|Species Clause: Limit one of each Pokémon
|rule|OHKO Clause: OHKO moves are banned
|rule|Evasion Items Clause: Evasion items are banned
|rule|Evasion Moves Clause: Evasion moves are banned
|rule|Evasion Abilities Clause: Evasion abilities are banned
|rule|Sleep Moves Clause: Sleep-inducing moves are banned
|clearpoke
|poke|p1|Enamorus, F|
|poke|p1|Ting-Lu|
|poke|p1|Garganacl, M|
|poke|p1|Cinderace, F|
|poke|p1|Great Tusk|
|poke|p1|Slowking-Galar, M|
|poke|p2|Okidogi, M|
|poke|p2|Rillaboom, M|
|poke|p2|Zamazenta-*|
|poke|p2|Iron Treads|
|poke|p2|Clefable, F|
|poke|p2|Walking Wake|
|teampreview
|inactive|Battle timer is ON: inactive players will automatically lose when time's up. (requested by Syvird)
|
|t:|1758302885
|teamsize|p1|6
|teamsize|p2|6
|start
|switch|p1a: Enamorus|Enamorus, F|100/100
|switch|p2a: Clefable|Clefable, F|100/100
|turn|1
|
|t:|1758302894
|switch|p1a: Slowking|Slowking-Galar, M|100/100
|move|p2a: Clefable|Thunder Wave|p1a: Slowking
|-status|p1a: Slowking|par
|
|upkeep
|turn|2
|j| Nikator98
|l| Nikator98
|
|t:|1758302914
|switch|p2a: Walking Wake|Walking Wake|100/100
|-prepare|p1a: Slowking|Chilly Reception|[premajor]
|move|p1a: Slowking|Chilly Reception|p1a: Slowking
|-weather|Snowscape
|
|t:|1758302935
|switch|p1a: Garganacl|Garganacl, M|100/100|[from] Chilly Reception
|
|-weather|Snowscape|[upkeep]
|upkeep
|turn|3
|
|t:|1758302939
|-end|p2a: Walking Wake|Protosynthesis|[silent]
|switch|p2a: Iron Treads|Iron Treads|100/100
|-terastallize|p1a: Garganacl|Water
|move|p1a: Garganacl|Stealth Rock|p2a: Iron Treads
|-sidestart|p2: Syvird|move: Stealth Rock
|
|-weather|Snowscape|[upkeep]
|upkeep
|turn|4
|
|t:|1758302949
|switch|p1a: Great Tusk|Great Tusk|100/100
|move|p2a: Iron Treads|Stealth Rock|p1a: Great Tusk
|-sidestart|p1: modegobelin|move: Stealth Rock
|
|-weather|Snowscape|[upkeep]
|upkeep
|turn|5
|
|t:|1758302955
|move|p2a: Iron Treads|Rapid Spin|p1a: Great Tusk
|-damage|p1a: Great Tusk|91/100
|-boost|p2a: Iron Treads|spe|1
|-sideend|p2: Syvird|Stealth Rock|[from] move: Rapid Spin|[of] p2a: Iron Treads
|move|p1a: Great Tusk|Close Combat|p2a: Iron Treads
|-supereffective|p2a: Iron Treads
|-damage|p2a: Iron Treads|12/100
|-unboost|p1a: Great Tusk|def|1
|-unboost|p1a: Great Tusk|spd|1
|
|-weather|Snowscape|[upkeep]
|-heal|p2a: Iron Treads|18/100|[from] item: Leftovers
|upkeep
|turn|6
|
|t:|1758302970
|-end|p2a: Iron Treads|Quark Drive|[silent]
|switch|p2a: Clefable|Clefable, F|100/100
|move|p1a: Great Tusk|Close Combat|p2a: Clefable
|-resisted|p2a: Clefable
|-damage|p2a: Clefable|75/100
|-unboost|p1a: Great Tusk|def|1
|-unboost|p1a: Great Tusk|spd|1
|
|-weather|none
|-heal|p2a: Clefable|81/100|[from] item: Leftovers
|upkeep
|turn|7
|
|t:|1758302982
|-end|p1a: Great Tusk|Protosynthesis|[silent]
|switch|p1a: Slowking|Slowking-Galar, M|100/100 par
|move|p2a: Clefable|Calm Mind|p2a: Clefable
|-boost|p2a: Clefable|spa|1
|-boost|p2a: Clefable|spd|1
|
|-heal|p2a: Clefable|87/100|[from] item: Leftovers
|upkeep
|turn|8
|
|t:|1758302999
|switch|p2a: Iron Treads|Iron Treads|18/100
|-prepare|p1a: Slowking|Chilly Reception|[premajor]
|move|p1a: Slowking|Chilly Reception|p1a: Slowking
|-weather|Snowscape
|
|t:|1758303006
|switch|p1a: Cinderace|Cinderace, F|100/100|[from] Chilly Reception
|
|-weather|Snowscape|[upkeep]
|-heal|p2a: Iron Treads|24/100|[from] item: Leftovers
|upkeep
|turn|9
|
|t:|1758303010
|move|p1a: Cinderace|Pyro Ball|p2a: Iron Treads
|-supereffective|p2a: Iron Treads
|-crit|p2a: Iron Treads
|-damage|p2a: Iron Treads|0 fnt
|faint|p2a: Iron Treads
|-end|p2a: Iron Treads|Quark Drive|[silent]
|
|-weather|Snowscape|[upkeep]
|upkeep
|
|t:|1758303034
|switch|p2a: Walking Wake|Walking Wake|100/100
|turn|10
|
|t:|1758303040
|move|p1a: Cinderace|U-turn|p2a: Walking Wake
|-damage|p2a: Walking Wake|79/100
|
|t:|1758303043
|switch|p1a: Garganacl|Garganacl, M, tera:Water|100/100|[from] U-turn
|-damage|p1a: Garganacl|88/100|[from] Stealth Rock
|move|p2a: Walking Wake|Draco Meteor|p1a: Garganacl
|-damage|p1a: Garganacl|25/100
|-unboost|p2a: Walking Wake|spa|2
|
|-weather|Snowscape|[upkeep]
|-heal|p1a: Garganacl|31/100|[from] item: Leftovers
|upkeep
|turn|11
|
|t:|1758303051
|move|p2a: Walking Wake|Draco Meteor|p1a: Garganacl
|-crit|p1a: Garganacl
|-damage|p1a: Garganacl|0 fnt
|-unboost|p2a: Walking Wake|spa|2
|faint|p1a: Garganacl
|
|-weather|Snowscape|[upkeep]
|upkeep
|
|t:|1758303055
|switch|p1a: Enamorus|Enamorus, F|100/100
|-damage|p1a: Enamorus|76/100|[from] Stealth Rock
|turn|12
|
|t:|1758303070
|-end|p2a: Walking Wake|Protosynthesis|[silent]
|switch|p2a: Clefable|Clefable, F|87/100
|move|p1a: Enamorus|Moonblast|p2a: Clefable
|-damage|p2a: Clefable|16/100
|
|-weather|none
|-heal|p2a: Clefable|22/100|[from] item: Leftovers
|upkeep
|turn|13
|
|t:|1758303079
|move|p1a: Enamorus|Moonblast|p2a: Clefable
|-damage|p2a: Clefable|0 fnt
|faint|p2a: Clefable
|
|upkeep
|
|t:|1758303081
|switch|p2a: Okidogi|Okidogi, M|100/100
|turn|14
|
|t:|1758303100
|switch|p1a: Cinderace|Cinderace, F|100/100
|move|p2a: Okidogi|Gunk Shot|p1a: Cinderace|[miss]
|-miss|p2a: Okidogi|p1a: Cinderace
|
|upkeep
|turn|15
|
|t:|1758303115
|-terastallize|p2a: Okidogi|Fire
|move|p1a: Cinderace|Will-O-Wisp|p2a: Okidogi
|-immune|p2a: Okidogi
|move|p2a: Okidogi|Knock Off|p1a: Cinderace
|-damage|p1a: Cinderace|65/100
|-enditem|p1a: Cinderace|Heavy-Duty Boots|[from] move: Knock Off|[of] p2a: Okidogi
|
|upkeep
|turn|16
|
|t:|1758303124
|move|p1a: Cinderace|Court Change|p1a: Cinderace
|-swapsideconditions
|-activate|p1a: Cinderace|move: Court Change
|move|p2a: Okidogi|Bulk Up|p2a: Okidogi
|-boost|p2a: Okidogi|atk|1
|-boost|p2a: Okidogi|def|1
|
|upkeep
|turn|17
|
|t:|1758303134
|move|p1a: Cinderace|Pyro Ball|p2a: Okidogi
|-resisted|p2a: Okidogi
|-damage|p2a: Okidogi|87/100
|move|p2a: Okidogi|Gunk Shot|p1a: Cinderace
|-damage|p1a: Cinderace|0 fnt
|faint|p1a: Cinderace
|
|-heal|p2a: Okidogi|93/100|[from] item: Leftovers
|upkeep
|
|t:|1758303137
|switch|p1a: Enamorus|Enamorus, F|76/100
|turn|18
|
|t:|1758303144
|switch|p2a: Rillaboom|Rillaboom, M|100/100
|-damage|p2a: Rillaboom|88/100|[from] Stealth Rock
|-fieldstart|move: Grassy Terrain|[from] ability: Grassy Surge|[of] p2a: Rillaboom
|move|p1a: Enamorus|Earth Power|p2a: Rillaboom
|-resisted|p2a: Rillaboom
|-damage|p2a: Rillaboom|58/100
|
|-heal|p2a: Rillaboom|64/100|[from] Grassy Terrain
|upkeep
|turn|19
|
|t:|1758303161
|switch|p1a: Slowking|Slowking-Galar, M|100/100 par
|move|p2a: Rillaboom|Swords Dance|p2a: Rillaboom
|-boost|p2a: Rillaboom|atk|2
|
|-heal|p2a: Rillaboom|70/100|[from] Grassy Terrain
|upkeep
|turn|20
|
|t:|1758303175
|move|p2a: Rillaboom|Knock Off|p1a: Slowking
|-supereffective|p1a: Slowking
|-damage|p1a: Slowking|6/100 par
|-enditem|p1a: Slowking|Heavy-Duty Boots|[from] move: Knock Off|[of] p2a: Rillaboom
|move|p1a: Slowking|Sludge Bomb|p2a: Rillaboom
|-supereffective|p2a: Rillaboom
|-damage|p2a: Rillaboom|0 fnt
|faint|p2a: Rillaboom
|
|-heal|p1a: Slowking|12/100 par|[from] Grassy Terrain
|upkeep
|
|t:|1758303187
|switch|p2a: Walking Wake|Walking Wake|79/100
|-damage|p2a: Walking Wake|67/100|[from] Stealth Rock
|turn|21
|
|t:|1758303195
|move|p2a: Walking Wake|Surf|p1a: Slowking
|-damage|p1a: Slowking|0 fnt
|faint|p1a: Slowking
|
|-heal|p2a: Walking Wake|73/100|[from] Grassy Terrain
|upkeep
|
|t:|1758303211
|switch|p1a: Ting-Lu|Ting-Lu|100/100
|-ability|p1a: Ting-Lu|Vessel of Ruin
|turn|22
|
|t:|1758303214
|move|p2a: Walking Wake|Surf|p1a: Ting-Lu
|-supereffective|p1a: Ting-Lu
|-damage|p1a: Ting-Lu|45/100
|move|p1a: Ting-Lu|Whirlwind|p2a: Walking Wake
|-end|p2a: Walking Wake|Protosynthesis|[silent]
|drag|p2a: Okidogi|Okidogi, M, tera:Fire|93/100
|-damage|p2a: Okidogi|68/100|[from] Stealth Rock
|
|-heal|p2a: Okidogi|74/100|[from] Grassy Terrain
|-heal|p2a: Okidogi|80/100|[from] item: Leftovers
|-heal|p1a: Ting-Lu|51/100|[from] Grassy Terrain
|-heal|p1a: Ting-Lu|58/100|[from] item: Leftovers
|upkeep
|turn|23
|inactive|Syvird has 120 seconds left.
|
|t:|1758303245
|switch|p2a: Walking Wake|Walking Wake|73/100
|-damage|p2a: Walking Wake|60/100|[from] Stealth Rock
|switch|p1a: Enamorus|Enamorus, F|76/100
|
|-heal|p2a: Walking Wake|67/100|[from] Grassy Terrain
|upkeep
|turn|24
|
|t:|1758303255
|move|p2a: Walking Wake|Surf|p1a: Enamorus
|-damage|p1a: Enamorus|0 fnt
|faint|p1a: Enamorus
|
|-heal|p2a: Walking Wake|73/100|[from] Grassy Terrain
|upkeep
|-message|modegobelin forfeited.
|
|win|Syvird
|raw|modegobelin's rating: 1649 &rarr; <strong>1630</strong><br />(-19 for losing)
|raw|Syvird's rating: 1668 &rarr; <strong>1687</strong><br />(+19 for winning)
|l|☆modegobelin
|player|p1|
|l|☆Syvird
|player|p2|
