|j|☆axeshay
|j|☆REX_1A91S
|t:|1758261721
|gametype|singles
|player|p1|axeshay|2|1349
|player|p2|REX_1A91S|riley|1389
|gen|9
|tier|[Gen 9] OU
|rated|
|rule|HP Percentage Mod: HP is shown in percentages
|rule|Endless Battle Clause: Forcing endless battles is banned
|rule|Species Clause: Limit one of each Pokémon
|rule|OHKO Clause: OHKO moves are banned
|rule|Evasion Items Clause: Evasion items are banned
|rule|Evasion Moves Clause: Evasion moves are banned
|rule|Evasion Abilities Clause: Evasion abilities are banned
|rule|Sleep Moves Clause: Sleep-inducing moves are banned
|clearpoke
|poke|p1|Araquanid, F|
|poke|p1|Kingambit, F|
|poke|p1|Iron Treads|
|poke|p1|Enamorus, F|
|poke|p1|Gholdengo|
|poke|p1|Blaziken, M|
|poke|p2|Corviknight, M|
|poke|p2|Slowking-Galar, M|
|poke|p2|Pecharunt|
|poke|p2|Kyurem|
|poke|p2|Zamazenta-*|
|poke|p2|Darkrai|
|teampreview
|inactive|Battle timer is ON: inactive players will automatically lose when time's up. (requested by axeshay)
|
|t:|1758261738
|teamsize|p1|6
|teamsize|p2|6
|start
|switch|p1a: CHERRY BOMB|Enamorus, F|100/100
|switch|p2a: Kyurem|Kyurem|100/100
|-ability|p2a: Kyurem|Pressure
|turn|1
|
|t:|1758261747
|switch|p2a: Slowking|Slowking-Galar, M|100/100
|-terastallize|p1a: CHERRY BOMB|Fairy
|move|p1a: CHERRY BOMB|Mystical Fire|p2a: Slowking
|-damage|p2a: Slowking|80/100
|-unboost|p2a: Slowking|spa|1
|
|upkeep
|turn|2
|
|t:|1758261763
|switch|p1a: QUARTZ|Iron Treads|100/100
|-enditem|p1a: QUARTZ|Booster Energy
|-activate|p1a: QUARTZ|ability: Quark Drive|[fromitem]
|-start|p1a: QUARTZ|quarkdriveatk
|move|p2a: Slowking|Flamethrower|p1a: QUARTZ
|-supereffective|p1a: QUARTZ
|-damage|p1a: QUARTZ|49/100
|
|upkeep
|turn|3
|
|t:|1758261772
|switch|p2a: Corviknight|Corviknight, M|100/100
|-ability|p2a: Corviknight|Pressure
|move|p1a: QUARTZ|Stealth Rock|p2a: Corviknight
|-sidestart|p2: REX_1A91S|move: Stealth Rock
|
|upkeep
|turn|4
|
|t:|1758261778
|move|p1a: QUARTZ|Stone Edge|p2a: Corviknight
|-damage|p2a: Corviknight|74/100
|move|p2a: Corviknight|U-turn|p1a: QUARTZ
|-resisted|p1a: QUARTZ
|-damage|p1a: QUARTZ|43/100
|
|t:|1758261784
|switch|p2a: Slowking|Slowking-Galar, M|100/100|[from] U-turn
|-damage|p2a: Slowking|88/100|[from] Stealth Rock
|
|upkeep
|turn|5
|
|t:|1758261789
|switch|p2a: Corviknight|Corviknight, M|74/100
|-damage|p2a: Corviknight|62/100|[from] Stealth Rock
|-ability|p2a: Corviknight|Pressure
|move|p1a: QUARTZ|Earthquake|p2a: Corviknight
|-immune|p2a: Corviknight
|
|-heal|p2a: Corviknight|68/100|[from] item: Leftovers
|upkeep
|turn|6
|
|t:|1758261798
|-end|p1a: QUARTZ|Quark Drive|[silent]
|switch|p1a: CHERRY BOMB|Enamorus, F, tera:Fairy|100/100
|move|p2a: Corviknight|Defog|p1a: CHERRY BOMB
|-boost|p1a: CHERRY BOMB|evasion|1
|-sideend|p2: REX_1A91S|Stealth Rock|[from] move: Defog|[of] p2a: Corviknight
|
|-heal|p2a: Corviknight|74/100|[from] item: Leftovers
|upkeep
|turn|7
|
|t:|1758261805
|switch|p2a: Slowking|Slowking-Galar, M|100/100
|move|p1a: CHERRY BOMB|Moonblast|p2a: Slowking
|-resisted|p2a: Slowking
|-damage|p2a: Slowking|75/100
|
|upkeep
|turn|8
|
|t:|1758261813
|move|p1a: CHERRY BOMB|Moonblast|p2a: Slowking
|-resisted|p2a: Slowking
|-damage|p2a: Slowking|47/100
|move|p2a: Slowking|Flamethrower|p1a: CHERRY BOMB
|-damage|p1a: CHERRY BOMB|58/100
|
|upkeep
|turn|9
|
|t:|1758261819
|switch|p1a: QUARTZ|Iron Treads|43/100
|move|p2a: Slowking|Sludge Bomb|p1a: QUARTZ
|-immune|p1a: QUARTZ
|
|upkeep
|turn|10
|
|t:|1758261832
|switch|p2a: Corviknight|Corviknight, M|74/100
|-ability|p2a: Corviknight|Pressure
|move|p1a: QUARTZ|Stone Edge|p2a: Corviknight
|-damage|p2a: Corviknight|54/100
|
|-heal|p2a: Corviknight|60/100|[from] item: Leftovers
|upkeep
|turn|11
|
|t:|1758261841
|move|p1a: QUARTZ|Stealth Rock|p2a: Corviknight
|-sidestart|p2: REX_1A91S|move: Stealth Rock
|move|p2a: Corviknight|Brave Bird|p1a: QUARTZ
|-resisted|p1a: QUARTZ
|-damage|p1a: QUARTZ|27/100
|-damage|p2a: Corviknight|56/100|[from] Recoil
|
|-heal|p2a: Corviknight|62/100|[from] item: Leftovers
|upkeep
|turn|12
|
|t:|1758261850
|-end|p1a: QUARTZ|Quark Drive|[silent]
|switch|p1a: CHERRY BOMB|Enamorus, F, tera:Fairy|58/100
|move|p2a: Corviknight|Defog|p1a: CHERRY BOMB
|-boost|p1a: CHERRY BOMB|evasion|1
|-sideend|p2: REX_1A91S|Stealth Rock|[from] move: Defog|[of] p2a: Corviknight
|
|-heal|p2a: Corviknight|68/100|[from] item: Leftovers
|upkeep
|turn|13
|
|t:|1758261857
|switch|p2a: Slowking|Slowking-Galar, M|80/100
|move|p1a: CHERRY BOMB|Earth Power|p2a: Slowking
|-supereffective|p2a: Slowking
|-crit|p2a: Slowking
|-damage|p2a: Slowking|7/100
|-unboost|p2a: Slowking|spd|1
|
|upkeep
|turn|14
|
|t:|1758261865
|switch|p1a: BUFFALO|Blaziken, M|100/100
|-item|p1a: BUFFALO|Air Balloon
|switch|p2a: Corviknight|Corviknight, M|68/100
|-ability|p2a: Corviknight|Pressure
|
|-heal|p2a: Corviknight|74/100|[from] item: Leftovers
|upkeep
|turn|15
|
|t:|1758261874
|switch|p2a: Pecharunt|Pecharunt|100/100
|move|p1a: BUFFALO|Swords Dance|p1a: BUFFALO
|-boost|p1a: BUFFALO|atk|2
|
|-ability|p1a: BUFFALO|Speed Boost|boost
|-boost|p1a: BUFFALO|spe|1
|upkeep
|turn|16
|
|t:|1758261881
|move|p1a: BUFFALO|Flare Blitz|p2a: Pecharunt
|-damage|p2a: Pecharunt|35/100
|-damage|p1a: BUFFALO|73/100|[from] Recoil
|move|p2a: Pecharunt|Malignant Chain|p1a: BUFFALO
|-damage|p1a: BUFFALO|29/100
|-status|p1a: BUFFALO|tox
|-start|p1a: BUFFALO|confusion|[from] ability: Poison Puppeteer|[of] p2a: Pecharunt
|-enditem|p1a: BUFFALO|Air Balloon
|
|-damage|p1a: BUFFALO|23/100 tox|[from] psn
|-ability|p1a: BUFFALO|Speed Boost|boost
|-boost|p1a: BUFFALO|spe|1
|upkeep
|turn|17
|
|t:|1758261897
|-activate|p1a: BUFFALO|confusion
|-damage|p1a: BUFFALO|0 fnt|[from] confusion
|faint|p1a: BUFFALO
|move|p2a: Pecharunt|Parting Shot|p1: BUFFALO|[notarget]
|-fail|p2a: Pecharunt
|
|upkeep
|
|t:|1758261917
|switch|p1a: CHERRY BOMB|Enamorus, F, tera:Fairy|58/100
|turn|18
|
|t:|1758261920
|move|p1a: CHERRY BOMB|Mystical Fire|p2a: Pecharunt
|-damage|p2a: Pecharunt|0 fnt
|faint|p2a: Pecharunt
|
|upkeep
|
|t:|1758261928
|switch|p2a: Darkrai|Darkrai|100/100
|turn|19
|
|t:|1758261942
|switch|p1a: DEATHCAMP|Kingambit, F|100/100
|-activate|p1a: DEATHCAMP|ability: Supreme Overlord
|-start|p1a: DEATHCAMP|fallen1|[silent]
|move|p2a: Darkrai|Sludge Bomb|p1a: DEATHCAMP
|-immune|p1a: DEATHCAMP
|
|upkeep
|turn|20
|
|t:|1758261961
|-end|p1a: DEATHCAMP|fallen1|[silent]
|switch|p1a: QUARTZ|Iron Treads|27/100
|move|p2a: Darkrai|Focus Blast|p1a: QUARTZ
|-supereffective|p1a: QUARTZ
|-damage|p1a: QUARTZ|0 fnt
|faint|p1a: QUARTZ
|-end|p1a: QUARTZ|Quark Drive|[silent]
|-damage|p2a: Darkrai|91/100|[from] item: Life Orb
|
|upkeep
|
|t:|1758261974
|switch|p1a: PILOT|Araquanid, F|100/100
|turn|21
|
|t:|1758261980
|move|p2a: Darkrai|Dark Pulse|p1a: PILOT
|-damage|p1a: PILOT|57/100
|-damage|p2a: Darkrai|81/100|[from] item: Life Orb
|cant|p1a: PILOT|flinch
|
|upkeep
|turn|22
|
|t:|1758261987
|switch|p2a: Kyurem|Kyurem|100/100
|-ability|p2a: Kyurem|Pressure
|move|p1a: PILOT|Surf|p2a: Kyurem
|-resisted|p2a: Kyurem
|-damage|p2a: Kyurem|73/100
|
|upkeep
|turn|23
|
|t:|1758261994
|switch|p1a: DEATHCAMP|Kingambit, F|100/100
|-activate|p1a: DEATHCAMP|ability: Supreme Overlord
|-start|p1a: DEATHCAMP|fallen2|[silent]
|move|p2a: Kyurem|Freeze-Dry|p1a: DEATHCAMP
|-resisted|p1a: DEATHCAMP
|-damage|p1a: DEATHCAMP|69/100
|
|upkeep
|turn|24
|
|t:|1758262003
|switch|p2a: Zamazenta|Zamazenta|100/100
|-ability|p2a: Zamazenta|Dauntless Shield|boost
|-boost|p2a: Zamazenta|def|1
|-end|p1a: DEATHCAMP|fallen2|[silent]
|switch|p1a: CHERRY BOMB|Enamorus, F, tera:Fairy|58/100
|
|upkeep
|turn|25
|
|t:|1758262018
|switch|p2a: Corviknight|Corviknight, M|74/100
|-ability|p2a: Corviknight|Pressure
|move|p1a: CHERRY BOMB|Moonblast|p2a: Corviknight
|-resisted|p2a: Corviknight
|-damage|p2a: Corviknight|22/100
|
|-heal|p2a: Corviknight|28/100|[from] item: Leftovers
|upkeep
|turn|26
|
|t:|1758262027
|move|p1a: CHERRY BOMB|Moonblast|p2a: Corviknight
|-resisted|p2a: Corviknight
|-damage|p2a: Corviknight|0 fnt
|faint|p2a: Corviknight
|
|upkeep
|
|t:|1758262032
|switch|p2a: Darkrai|Darkrai|81/100
|turn|27
|
|t:|1758262042
|switch|p1a: DEATHCAMP|Kingambit, F|69/100
|-activate|p1a: DEATHCAMP|ability: Supreme Overlord
|-start|p1a: DEATHCAMP|fallen2|[silent]
|move|p2a: Darkrai|Sludge Bomb|p1a: DEATHCAMP
|-immune|p1a: DEATHCAMP
|
|upkeep
|turn|28
|
|t:|1758262050
|move|p2a: Darkrai|Focus Blast|p1a: DEATHCAMP|[miss]
|-miss|p2a: Darkrai|p1a: DEATHCAMP
|move|p1a: DEATHCAMP|Swords Dance|p1a: DEATHCAMP
|-boost|p1a: DEATHCAMP|atk|2
|
|upkeep
|turn|29
|
|t:|1758262055
|move|p1a: DEATHCAMP|Sucker Punch|p2a: Darkrai
|-resisted|p2a: Darkrai
|-crit|p2a: Darkrai
|-damage|p2a: Darkrai|0 fnt
|faint|p2a: Darkrai
|
|upkeep
|c|☆REX_1A91S|broooo
|
|t:|1758262063
|switch|p2a: Zamazenta|Zamazenta|100/100
|turn|30
|
|t:|1758262067
|-end|p1a: DEATHCAMP|fallen2|[silent]
|switch|p1a: SMUCKERS|Gholdengo|100/100
|move|p2a: Zamazenta|Iron Defense|p2a: Zamazenta
|-boost|p2a: Zamazenta|def|2
|
|upkeep
|turn|31
|
|t:|1758262074
|-terastallize|p2a: Zamazenta|Fire
|move|p2a: Zamazenta|Crunch|p1a: SMUCKERS
|-supereffective|p1a: SMUCKERS
|-damage|p1a: SMUCKERS|51/100
|move|p1a: SMUCKERS|Shadow Ball|p2a: Zamazenta
|-damage|p2a: Zamazenta|66/100
|-unboost|p2a: Zamazenta|spd|1
|
|-heal|p2a: Zamazenta|72/100|[from] item: Leftovers
|upkeep
|turn|32
|
|t:|1758262084
|move|p2a: Zamazenta|Iron Defense|p2a: Zamazenta
|-boost|p2a: Zamazenta|def|2
|move|p1a: SMUCKERS|Shadow Ball|p2a: Zamazenta
|-damage|p2a: Zamazenta|20/100
|
|-heal|p2a: Zamazenta|27/100|[from] item: Leftovers
|upkeep
|turn|33
|
|t:|1758262091
|move|p2a: Zamazenta|Body Press|p1a: SMUCKERS
|-immune|p1a: SMUCKERS
|move|p1a: SMUCKERS|Shadow Ball|p2a: Zamazenta
|-damage|p2a: Zamazenta|0 fnt
|faint|p2a: Zamazenta
|
|upkeep
|-message|REX_1A91S forfeited.
|
|win|axeshay
|raw|axeshay's rating: 1349 &rarr; <strong>1371</strong><br />(+22 for winning)
|raw|REX_1A91S's rating: 1389 &rarr; <strong>1367</strong><br />(-22 for losing)
|l|☆REX_1A91S
|player|p2|
|c|☆axeshay|That crit didn't matter bro
