|j|☆MK5
|j|☆Oreoinabox
|t:|1758249194
|gametype|singles
|player|p1|MK5|hiker-gen4|1473
|player|p2|Oreoinabox|266|1452
|gen|9
|tier|[Gen 9] OU
|rated|
|rule|HP Percentage Mod: HP is shown in percentages
|rule|Endless Battle Clause: Forcing endless battles is banned
|rule|Species Clause: Limit one of each Pokémon
|rule|OHKO Clause: OHKO moves are banned
|rule|Evasion Items Clause: Evasion items are banned
|rule|Evasion Moves Clause: Evasion moves are banned
|rule|Evasion Abilities Clause: Evasion abilities are banned
|rule|Sleep Moves Clause: Sleep-inducing moves are banned
|clearpoke
|poke|p1|Dragonite, M|
|poke|p1|Ting-Lu|
|poke|p1|Gholdengo|
|poke|p1|Scizor, F|
|poke|p1|Great Tusk|
|poke|p1|Dragapult, F|
|poke|p2|Iron Thorns|
|poke|p2|Araquanid, M|
|poke|p2|Blastoise, M|
|poke|p2|Corviknight, M|
|poke|p2|Meowscarada, M|
|poke|p2|Great Tusk|
|teampreview
|inactive|Battle timer is ON: inactive players will automatically lose when time's up. (requested by Oreoinabox)
|
|t:|1758249209
|teamsize|p1|6
|teamsize|p2|6
|start
|switch|p1a: Dragapult|Dragapult, F|100/100
|switch|p2a: Araquanid|Araquanid, M|100/100
|turn|1
|
|t:|1758249219
|move|p1a: Dragapult|Dragon Darts|p2a: Araquanid
|-damage|p2a: Araquanid|75/100
|-anim|p1a: Dragapult|Dragon Darts|p2a: Araquanid
|-damage|p2a: Araquanid|51/100
|move|p2a: Araquanid|Sticky Web|p1a: Dragapult
|-sidestart|p1: MK5|move: Sticky Web
|
|upkeep
|turn|2
|
|t:|1758249231
|move|p1a: Dragapult|Dragon Darts|p2a: Araquanid
|-crit|p2a: Araquanid
|-damage|p2a: Araquanid|14/100
|-anim|p1a: Dragapult|Dragon Darts|p2a: Araquanid
|-damage|p2a: Araquanid|0 fnt
|faint|p2a: Araquanid
|
|upkeep
|
|t:|1758249237
|switch|p2a: Corviknight|Corviknight, M|100/100
|-ability|p2a: Corviknight|Pressure
|turn|3
|
|t:|1758249267
|move|p1a: Dragapult|Will-O-Wisp|p2a: Corviknight|[miss]
|-miss|p1a: Dragapult|p2a: Corviknight
|move|p2a: Corviknight|Brave Bird|p1a: Dragapult
|-damage|p1a: Dragapult|53/100
|-damage|p2a: Corviknight|88/100|[from] Recoil
|
|upkeep
|turn|4
|inactive|MK5 has 120 seconds left.
|
|t:|1758249287
|move|p1a: Dragapult|Will-O-Wisp|p2a: Corviknight
|-status|p2a: Corviknight|brn
|move|p2a: Corviknight|Brave Bird|p1a: Dragapult
|-damage|p1a: Dragapult|27/100
|-damage|p2a: Corviknight|81/100 brn|[from] Recoil
|
|-damage|p2a: Corviknight|75/100 brn|[from] brn
|upkeep
|turn|5
|inactive|MK5 has 120 seconds left.
|
|t:|1758249302
|switch|p1a: Gholdengo|Gholdengo|100/100
|-activate|p1a: Gholdengo|move: Sticky Web
|-unboost|p1a: Gholdengo|spe|1
|move|p2a: Corviknight|U-turn|p1a: Gholdengo
|-resisted|p1a: Gholdengo
|-damage|p1a: Gholdengo|99/100
|
|t:|1758249305
|switch|p2a: Great Tusk|Great Tusk|100/100|[from] U-turn
|
|upkeep
|turn|6
|
|t:|1758249315
|switch|p1a: Great Tusk|Great Tusk|100/100
|-activate|p1a: Great Tusk|move: Sticky Web
|-unboost|p1a: Great Tusk|spe|1
|move|p2a: Great Tusk|Headlong Rush|p1a: Great Tusk
|-damage|p1a: Great Tusk|61/100
|-unboost|p2a: Great Tusk|def|1
|-unboost|p2a: Great Tusk|spd|1
|
|-heal|p1a: Great Tusk|67/100|[from] item: Leftovers
|upkeep
|turn|7
|
|t:|1758249329
|-end|p2a: Great Tusk|Protosynthesis|[silent]
|switch|p2a: Corviknight|Corviknight, M|75/100 brn
|-ability|p2a: Corviknight|Pressure
|move|p1a: Great Tusk|Rapid Spin|p2a: Corviknight
|-resisted|p2a: Corviknight
|-damage|p2a: Corviknight|70/100 brn
|-boost|p1a: Great Tusk|spe|1
|-damage|p1a: Great Tusk|50/100|[from] item: Rocky Helmet|[of] p2a: Corviknight
|-sideend|p1: MK5|Sticky Web|[from] move: Rapid Spin|[of] p1a: Great Tusk
|
|-heal|p1a: Great Tusk|57/100|[from] item: Leftovers
|-damage|p2a: Corviknight|64/100 brn|[from] brn
|upkeep
|turn|8
|
|t:|1758249347
|-end|p1a: Great Tusk|Protosynthesis|[silent]
|switch|p1a: Gholdengo|Gholdengo|99/100
|move|p2a: Corviknight|Roost|p2a: Corviknight
|-heal|p2a: Corviknight|100/100 brn
|-singleturn|p2a: Corviknight|move: Roost
|
|-damage|p2a: Corviknight|94/100 brn|[from] brn
|upkeep
|turn|9
|
|t:|1758249355
|move|p1a: Gholdengo|Shadow Ball|p2a: Corviknight
|-damage|p2a: Corviknight|64/100 brn
|move|p2a: Corviknight|U-turn|p1a: Gholdengo
|-resisted|p1a: Gholdengo
|-damage|p1a: Gholdengo|98/100
|
|t:|1758249367
|switch|p2a: Meowscarada|Meowscarada, M|100/100|[from] U-turn
|
|upkeep
|turn|10
|inactive|MK5 has 120 seconds left.
|
|t:|1758249397
|switch|p1a: Scizor|Scizor, F|100/100
|move|p2a: Meowscarada|Knock Off|p1a: Scizor
|-start|p2a: Meowscarada|typechange|Dark|[from] ability: Protean
|-damage|p1a: Scizor|28/100
|-enditem|p1a: Scizor|Choice Band|[from] move: Knock Off|[of] p2a: Meowscarada
|
|upkeep
|turn|11
|inactive|MK5 has 120 seconds left.
|
|t:|1758249409
|move|p2a: Meowscarada|Knock Off|p1a: Scizor
|-damage|p1a: Scizor|0 fnt
|faint|p1a: Scizor
|
|upkeep
|inactive|MK5 has 120 seconds left.
|
|t:|1758249420
|switch|p1a: Dragapult|Dragapult, F|27/100
|turn|12
|
|t:|1758249423
|switch|p2a: Corviknight|Corviknight, M|64/100 brn
|-ability|p2a: Corviknight|Pressure
|move|p1a: Dragapult|Dragon Darts|p2a: Corviknight
|-resisted|p2a: Corviknight
|-damage|p2a: Corviknight|58/100 brn
|-anim|p1a: Dragapult|Dragon Darts|p2a: Corviknight
|-resisted|p2a: Corviknight
|-damage|p2a: Corviknight|50/100 brn
|
|-damage|p2a: Corviknight|44/100 brn|[from] brn
|upkeep
|turn|13
|
|t:|1758249434
|move|p1a: Dragapult|Hex|p2a: Corviknight
|-damage|p2a: Corviknight|0 fnt
|faint|p2a: Corviknight
|
|upkeep
|
|t:|1758249439
|switch|p2a: Blastoise|Blastoise, M|100/100
|turn|14
|
|t:|1758249448
|move|p1a: Dragapult|U-turn|p2a: Blastoise
|-damage|p2a: Blastoise|79/100
|
|t:|1758249451
|switch|p1a: Ting-Lu|Ting-Lu|100/100|[from] U-turn
|-ability|p1a: Ting-Lu|Vessel of Ruin
|move|p2a: Blastoise|Shell Smash|p2a: Blastoise
|-unboost|p2a: Blastoise|def|1
|-unboost|p2a: Blastoise|spd|1
|-boost|p2a: Blastoise|atk|2
|-boost|p2a: Blastoise|spa|2
|-boost|p2a: Blastoise|spe|2
|-enditem|p2a: Blastoise|White Herb
|-clearnegativeboost|p2a: Blastoise|[silent]
|
|upkeep
|turn|15
|
|t:|1758249464
|move|p2a: Blastoise|Surf|p1a: Ting-Lu
|-supereffective|p1a: Ting-Lu
|-damage|p1a: Ting-Lu|36/100
|move|p1a: Ting-Lu|Stealth Rock|p2a: Blastoise
|-sidestart|p2: Oreoinabox|move: Stealth Rock
|
|-heal|p1a: Ting-Lu|43/100|[from] item: Leftovers
|upkeep
|turn|16
|
|t:|1758249471
|move|p2a: Blastoise|Surf|p1a: Ting-Lu
|-supereffective|p1a: Ting-Lu
|-damage|p1a: Ting-Lu|0 fnt
|faint|p1a: Ting-Lu
|
|upkeep
|
|t:|1758249485
|switch|p1a: Gholdengo|Gholdengo|98/100
|turn|17
|
|t:|1758249488
|move|p2a: Blastoise|Surf|p1a: Gholdengo
|-damage|p1a: Gholdengo|18/100
|move|p1a: Gholdengo|Shadow Ball|p2a: Blastoise
|-damage|p2a: Blastoise|39/100
|
|upkeep
|turn|18
|
|t:|1758249494
|move|p2a: Blastoise|Surf|p1a: Gholdengo
|-damage|p1a: Gholdengo|0 fnt
|faint|p1a: Gholdengo
|
|upkeep
|
|t:|1758249499
|switch|p1a: Dragonite|Dragonite, M|100/100
|turn|19
|
|t:|1758249503
|-terastallize|p1a: Dragonite|Normal
|move|p1a: Dragonite|Extreme Speed|p2a: Blastoise
|-damage|p2a: Blastoise|0 fnt
|faint|p2a: Blastoise
|
|upkeep
|
|t:|1758249513
|switch|p2a: Great Tusk|Great Tusk|100/100
|-damage|p2a: Great Tusk|98/100|[from] Stealth Rock
|turn|20
|
|t:|1758249517
|switch|p1a: Great Tusk|Great Tusk|57/100
|move|p2a: Great Tusk|Rapid Spin|p1a: Great Tusk
|-damage|p1a: Great Tusk|46/100
|-boost|p2a: Great Tusk|spe|1
|-sideend|p2: Oreoinabox|Stealth Rock|[from] move: Rapid Spin|[of] p2a: Great Tusk
|
|-heal|p1a: Great Tusk|52/100|[from] item: Leftovers
|upkeep
|turn|21
|
|t:|1758249526
|move|p2a: Great Tusk|Ice Spinner|p1a: Great Tusk
|-supereffective|p1a: Great Tusk
|-damage|p1a: Great Tusk|15/100
|move|p1a: Great Tusk|Bulk Up|p1a: Great Tusk
|-boost|p1a: Great Tusk|atk|1
|-boost|p1a: Great Tusk|def|1
|
|-heal|p1a: Great Tusk|21/100|[from] item: Leftovers
|upkeep
|turn|22
|
|t:|1758249535
|move|p2a: Great Tusk|Ice Spinner|p1a: Great Tusk
|-supereffective|p1a: Great Tusk
|-damage|p1a: Great Tusk|0 fnt
|faint|p1a: Great Tusk
|-end|p1a: Great Tusk|Protosynthesis|[silent]
|
|upkeep
|
|t:|1758249539
|switch|p1a: Dragapult|Dragapult, F|27/100
|turn|23
|
|t:|1758249543
|move|p2a: Great Tusk|Ice Spinner|p1a: Dragapult
|-supereffective|p1a: Dragapult
|-damage|p1a: Dragapult|0 fnt
|faint|p1a: Dragapult
|
|upkeep
|
|t:|1758249547
|switch|p1a: Dragonite|Dragonite, M, tera:Normal|100/100
|turn|24
|
|t:|1758249552
|move|p2a: Great Tusk|Ice Spinner|p1a: Dragonite
|-damage|p1a: Dragonite|86/100
|move|p1a: Dragonite|Ice Spinner|p2a: Great Tusk
|-supereffective|p2a: Great Tusk
|-damage|p2a: Great Tusk|50/100
|
|upkeep
|turn|25
|
|t:|1758249558
|move|p1a: Dragonite|Extreme Speed|p2a: Great Tusk
|-damage|p2a: Great Tusk|16/100
|move|p2a: Great Tusk|Close Combat|p1a: Dragonite
|-supereffective|p1a: Dragonite
|-damage|p1a: Dragonite|0 fnt
|-unboost|p2a: Great Tusk|def|1
|-unboost|p2a: Great Tusk|spd|1
|faint|p1a: Dragonite
|
|win|Oreoinabox
|raw|MK5's rating: 1473 &rarr; <strong>1452</strong><br />(-21 for losing)
|raw|Oreoinabox's rating: 1452 &rarr; <strong>1473</strong><br />(+21 for winning)
|l|☆MK5
|player|p1|
|l|☆Oreoinabox
|player|p2|
