|j|☆sumi_random2
|j|☆Rocksane
|t:|1758298125
|gametype|singles
|player|p1|sumi_random2|lana-masters|1492
|player|p2|Rocksane|1|1552
|gen|9
|tier|[Gen 9] OU
|rated|
|rule|HP Percentage Mod: HP is shown in percentages
|rule|Endless Battle Clause: Forcing endless battles is banned
|rule|Species Clause: Limit one of each Pokémon
|rule|OHKO Clause: OHKO moves are banned
|rule|Evasion Items Clause: Evasion items are banned
|rule|Evasion Moves Clause: Evasion moves are banned
|rule|Evasion Abilities Clause: Evasion abilities are banned
|rule|Sleep Moves Clause: Sleep-inducing moves are banned
|clearpoke
|poke|p1|Samurott-Hisui, F|
|poke|p1|Cinccino, F|
|poke|p1|Volcanion|
|poke|p1|Hydrapple, F|
|poke|p1|Gholdengo|
|poke|p1|Landorus-Therian, M|
|poke|p2|Gliscor, F|
|poke|p2|Alomomola, M|
|poke|p2|Hoopa-Unbound|
|poke|p2|Great Tusk|
|poke|p2|Meowscarada, M|
|poke|p2|Dragapult, M|
|teampreview
|
|t:|1758298169
|teamsize|p1|6
|teamsize|p2|6
|start
|switch|p1a: Landorus|Landorus-Therian, M|100/100
|switch|p2a: Meowscarada|Meowscarada, M|100/100
|-ability|p1a: Landorus|Intimidate|boost
|-unboost|p2a: Meowscarada|atk|1
|turn|1
|
|t:|1758298177
|move|p1a: Landorus|U-turn|p2a: Meowscarada
|-supereffective|p2a: Meowscarada
|-damage|p2a: Meowscarada|0 fnt
|faint|p2a: Meowscarada
|
|t:|1758298193
|switch|p1a: Cinccino|Cinccino, F|100/100|[from] U-turn
|
|upkeep
|
|t:|1758298198
|switch|p2a: Dragapult|Dragapult, M|100/100
|turn|2
|
|t:|1758298209
|switch|p1a: Gholdengo|Gholdengo|100/100
|-item|p1a: Gholdengo|Air Balloon
|move|p2a: Dragapult|Draco Meteor|p1a: Gholdengo
|-resisted|p1a: Gholdengo
|-damage|p1a: Gholdengo|69/100
|-unboost|p2a: Dragapult|spa|2
|-enditem|p1a: Gholdengo|Air Balloon
|
|upkeep
|turn|3
|
|t:|1758298228
|switch|p2a: Gliscor|Gliscor, F|100/100
|switch|p1a: Cinccino|Cinccino, F|100/100
|
|-status|p2a: Gliscor|tox|[from] item: Toxic Orb
|upkeep
|turn|4
|
|t:|1758298236
|switch|p2a: Alomomola|Alomomola, M|100/100
|move|p1a: Cinccino|Triple Axel|p2a: Alomomola
|-resisted|p2a: Alomomola
|-damage|p2a: Alomomola|98/100
|-damage|p1a: Cinccino|84/100|[from] item: Rocky Helmet|[of] p2a: Alomomola
|-resisted|p2a: Alomomola
|-damage|p2a: Alomomola|93/100
|-damage|p1a: Cinccino|68/100|[from] item: Rocky Helmet|[of] p2a: Alomomola
|-resisted|p2a: Alomomola
|-damage|p2a: Alomomola|87/100
|-damage|p1a: Cinccino|51/100|[from] item: Rocky Helmet|[of] p2a: Alomomola
|-hitcount|p2a: Alomomola|3
|
|upkeep
|turn|5
|
|t:|1758298250
|move|p1a: Cinccino|Tidy Up|p1a: Cinccino
|-boost|p1a: Cinccino|atk|1
|-boost|p1a: Cinccino|spe|1
|move|p2a: Alomomola|Flip Turn|p1a: Cinccino
|-damage|p1a: Cinccino|24/100
|
|t:|1758298260
|switch|p2a: Dragapult|Dragapult, M|100/100|[from] Flip Turn
|
|upkeep
|turn|6
|
|t:|1758298265
|switch|p2a: Alomomola|Alomomola, M|100/100
|move|p1a: Cinccino|Triple Axel|p2a: Alomomola
|-resisted|p2a: Alomomola
|-damage|p2a: Alomomola|97/100
|-damage|p1a: Cinccino|7/100|[from] item: Rocky Helmet|[of] p2a: Alomomola
|-resisted|p2a: Alomomola
|-damage|p2a: Alomomola|91/100
|-damage|p1a: Cinccino|0 fnt|[from] item: Rocky Helmet|[of] p2a: Alomomola
|faint|p1a: Cinccino
|-hitcount|p2a: Alomomola|2
|
|upkeep
|
|t:|1758298271
|switch|p1a: Hydrapple|Hydrapple, F|100/100
|turn|7
|
|t:|1758298284
|switch|p2a: Hoopa|Hoopa-Unbound|100/100
|move|p1a: Hydrapple|Giga Drain|p2a: Hoopa
|-damage|p2a: Hoopa|71/100
|
|upkeep
|turn|8
|
|t:|1758298307
|switch|p1a: Samurott|Samurott-Hisui, F|100/100
|move|p2a: Hoopa|Hyperspace Fury|p1a: Samurott
|-resisted|p1a: Samurott
|-damage|p1a: Samurott|48/100
|-unboost|p2a: Hoopa|def|1
|
|upkeep
|turn|9
|
|t:|1758298320
|switch|p2a: Alomomola|Alomomola, M|100/100
|move|p1a: Samurott|Razor Shell|p2a: Alomomola
|-resisted|p2a: Alomomola
|-damage|p2a: Alomomola|84/100
|-damage|p1a: Samurott|31/100|[from] item: Rocky Helmet|[of] p2a: Alomomola
|
|upkeep
|turn|10
|
|t:|1758298334
|switch|p1a: Volcanion|Volcanion|100/100
|move|p2a: Alomomola|Flip Turn|p1a: Volcanion
|-immune|p1a: Volcanion|[from] ability: Water Absorb
|
|upkeep
|turn|11
|
|t:|1758298341
|move|p1a: Volcanion|Will-O-Wisp|p2a: Alomomola
|-status|p2a: Alomomola|brn
|move|p2a: Alomomola|Wish|p2a: Alomomola
|
|-damage|p2a: Alomomola|78/100 brn|[from] brn
|upkeep
|turn|12
|
|t:|1758298354
|switch|p2a: Dragapult|Dragapult, M|100/100
|move|p1a: Volcanion|Earth Power|p2a: Dragapult
|-damage|p2a: Dragapult|55/100
|
|-heal|p2a: Dragapult|100/100|[from] move: Wish|[wisher] Alomomola
|upkeep
|turn|13
|
|t:|1758298366
|move|p2a: Dragapult|Shadow Ball|p1a: Volcanion
|-damage|p1a: Volcanion|42/100
|move|p1a: Volcanion|Earth Power|p2a: Dragapult
|-damage|p2a: Dragapult|55/100
|
|upkeep
|turn|14
|
|t:|1758298387
|move|p2a: Dragapult|Shadow Ball|p1a: Volcanion
|-damage|p1a: Volcanion|0 fnt
|faint|p1a: Volcanion
|
|upkeep
|
|t:|1758298391
|switch|p1a: Landorus|Landorus-Therian, M|100/100
|-ability|p1a: Landorus|Intimidate|boost
|-unboost|p2a: Dragapult|atk|1
|turn|15
|
|t:|1758298401
|switch|p2a: Alomomola|Alomomola, M|100/100 brn
|move|p1a: Landorus|U-turn|p2a: Alomomola
|-damage|p2a: Alomomola|87/100 brn
|-damage|p1a: Landorus|84/100|[from] item: Rocky Helmet|[of] p2a: Alomomola
|
|t:|1758298408
|switch|p1a: Samurott|Samurott-Hisui, F|31/100|[from] U-turn
|
|-damage|p2a: Alomomola|81/100 brn|[from] brn
|upkeep
|turn|16
|
|t:|1758298415
|move|p1a: Samurott|Ceaseless Edge|p2a: Alomomola
|-damage|p2a: Alomomola|54/100 brn
|-damage|p1a: Samurott|15/100|[from] item: Rocky Helmet|[of] p2a: Alomomola
|-sidestart|p2: Rocksane|Spikes
|move|p2a: Alomomola|Flip Turn|p1a: Samurott
|-resisted|p1a: Samurott
|-damage|p1a: Samurott|11/100
|
|t:|1758298424
|switch|p2a: Great Tusk|Great Tusk|100/100|[from] Flip Turn
|
|upkeep
|turn|17
|
|t:|1758298437
|move|p1a: Samurott|Aqua Jet|p2a: Great Tusk
|-supereffective|p2a: Great Tusk
|-damage|p2a: Great Tusk|73/100
|move|p2a: Great Tusk|Knock Off|p1a: Samurott
|-resisted|p1a: Samurott
|-damage|p1a: Samurott|0 fnt
|-enditem|p1a: Samurott|Heavy-Duty Boots|[from] move: Knock Off|[of] p2a: Great Tusk
|faint|p1a: Samurott
|
|upkeep
|
|t:|1758298452
|switch|p1a: Landorus|Landorus-Therian, M|84/100
|-ability|p1a: Landorus|Intimidate|boost
|-unboost|p2a: Great Tusk|atk|1
|turn|18
|
|t:|1758298458
|-end|p2a: Great Tusk|Protosynthesis|[silent]
|switch|p2a: Alomomola|Alomomola, M|87/100 brn
|-damage|p2a: Alomomola|75/100 brn|[from] Spikes
|move|p1a: Landorus|U-turn|p2a: Alomomola
|-damage|p2a: Alomomola|60/100 brn
|-damage|p1a: Landorus|67/100|[from] item: Rocky Helmet|[of] p2a: Alomomola
|
|t:|1758298463
|switch|p1a: Hydrapple|Hydrapple, F|100/100|[from] U-turn
|
|-damage|p2a: Alomomola|54/100 brn|[from] brn
|upkeep
|turn|19
|
|t:|1758298477
|move|p1a: Hydrapple|Nasty Plot|p1a: Hydrapple
|-boost|p1a: Hydrapple|spa|2
|move|p2a: Alomomola|Flip Turn|p1a: Hydrapple
|-resisted|p1a: Hydrapple
|-damage|p1a: Hydrapple|99/100
|-damage|p2a: Alomomola|37/100 brn|[from] item: Rocky Helmet|[of] p1a: Hydrapple
|
|t:|1758298485
|switch|p2a: Dragapult|Dragapult, M|55/100|[from] Flip Turn
|-damage|p2a: Dragapult|43/100|[from] Spikes
|
|upkeep
|turn|20
|
|t:|1758298492
|-terastallize|p1a: Hydrapple|Fairy
|move|p2a: Dragapult|U-turn|p1a: Hydrapple
|-resisted|p1a: Hydrapple
|-damage|p1a: Hydrapple|94/100
|-damage|p2a: Dragapult|26/100|[from] item: Rocky Helmet|[of] p1a: Hydrapple
|
|t:|1758298502
|switch|p2a: Alomomola|Alomomola, M|71/100 brn|[from] U-turn
|-damage|p2a: Alomomola|58/100 brn|[from] Spikes
|move|p1a: Hydrapple|Fickle Beam|p2a: Alomomola
|-damage|p2a: Alomomola|0 fnt
|faint|p2a: Alomomola
|
|upkeep
|
|t:|1758298513
|switch|p2a: Hoopa|Hoopa-Unbound|71/100
|-damage|p2a: Hoopa|58/100|[from] Spikes
|turn|21
|
|t:|1758298519
|move|p2a: Hoopa|Gunk Shot|p1a: Hydrapple
|-supereffective|p1a: Hydrapple
|-damage|p1a: Hydrapple|9/100
|move|p1a: Hydrapple|Giga Drain|p2a: Hoopa
|-damage|p2a: Hoopa|6/100
|-heal|p1a: Hydrapple|28/100|[from] drain|[of] p2a: Hoopa
|
|upkeep
|turn|22
|
|t:|1758298539
|switch|p2a: Dragapult|Dragapult, M|26/100
|-damage|p2a: Dragapult|14/100|[from] Spikes
|switch|p1a: Gholdengo|Gholdengo|69/100
|
|upkeep
|turn|23
|
|t:|1758298548
|move|p2a: Dragapult|Shadow Ball|p1a: Gholdengo
|-supereffective|p1a: Gholdengo
|-damage|p1a: Gholdengo|0 fnt
|faint|p1a: Gholdengo
|
|upkeep
|
|t:|1758298552
|switch|p1a: Landorus|Landorus-Therian, M|67/100
|-ability|p1a: Landorus|Intimidate|boost
|-unboost|p2a: Dragapult|atk|1
|turn|24
|
|t:|1758298563
|switch|p2a: Gliscor|Gliscor, F|100/100 tox
|move|p1a: Landorus|U-turn|p2a: Gliscor
|-resisted|p2a: Gliscor
|-damage|p2a: Gliscor|90/100 tox
|
|t:|1758298568
|switch|p1a: Hydrapple|Hydrapple, F, tera:Fairy|61/100|[from] U-turn
|
|-heal|p2a: Gliscor|100/100 tox|[from] ability: Poison Heal
|upkeep
|turn|25
|
|t:|1758298576
|move|p2a: Gliscor|Toxic|p1a: Hydrapple
|-status|p1a: Hydrapple|tox
|move|p1a: Hydrapple|Nasty Plot|p1a: Hydrapple
|-boost|p1a: Hydrapple|spa|2
|
|-damage|p1a: Hydrapple|55/100 tox|[from] psn
|upkeep
|turn|26
|
|t:|1758298585
|move|p2a: Gliscor|Earthquake|p1a: Hydrapple
|-damage|p1a: Hydrapple|37/100 tox
|move|p1a: Hydrapple|Giga Drain|p2a: Gliscor
|-damage|p2a: Gliscor|47/100 tox
|-heal|p1a: Hydrapple|60/100 tox|[from] drain|[of] p2a: Gliscor
|
|-heal|p2a: Gliscor|59/100 tox|[from] ability: Poison Heal
|-damage|p1a: Hydrapple|48/100 tox|[from] psn
|upkeep
|turn|27
|
|t:|1758298595
|move|p2a: Gliscor|Earthquake|p1a: Hydrapple
|-damage|p1a: Hydrapple|29/100 tox
|move|p1a: Hydrapple|Giga Drain|p2a: Gliscor
|-damage|p2a: Gliscor|5/100 tox
|-heal|p1a: Hydrapple|52/100 tox|[from] drain|[of] p2a: Gliscor
|
|-heal|p2a: Gliscor|17/100 tox|[from] ability: Poison Heal
|-damage|p1a: Hydrapple|34/100 tox|[from] psn
|upkeep
|turn|28
|
|t:|1758298606
|move|p2a: Gliscor|Protect|p2a: Gliscor
|-singleturn|p2a: Gliscor|Protect
|move|p1a: Hydrapple|Giga Drain|p2a: Gliscor
|-activate|p2a: Gliscor|move: Protect
|
|-heal|p2a: Gliscor|30/100 tox|[from] ability: Poison Heal
|-damage|p1a: Hydrapple|10/100 tox|[from] psn
|upkeep
|turn|29
|
|t:|1758298615
|switch|p1a: Landorus|Landorus-Therian, M|67/100
|-ability|p1a: Landorus|Intimidate|boost
|-unboost|p2a: Gliscor|atk|1
|move|p2a: Gliscor|Earthquake|p1a: Landorus
|-immune|p1a: Landorus
|
|-heal|p2a: Gliscor|42/100 tox|[from] ability: Poison Heal
|upkeep
|turn|30
|
|t:|1758298625
|switch|p1a: Hydrapple|Hydrapple, F, tera:Fairy|43/100 tox
|move|p2a: Gliscor|Protect||[still]
|-fail|p2a: Gliscor
|
|-heal|p2a: Gliscor|55/100 tox|[from] ability: Poison Heal
|-damage|p1a: Hydrapple|37/100 tox|[from] psn
|upkeep
|turn|31
|
|t:|1758298635
|switch|p1a: Landorus|Landorus-Therian, M|67/100
|-ability|p1a: Landorus|Intimidate|boost
|-unboost|p2a: Gliscor|atk|1
|move|p2a: Gliscor|Earthquake|p1a: Landorus
|-immune|p1a: Landorus
|
|-heal|p2a: Gliscor|67/100 tox|[from] ability: Poison Heal
|upkeep
|turn|32
|
|t:|1758298647
|switch|p1a: Hydrapple|Hydrapple, F, tera:Fairy|71/100 tox
|move|p2a: Gliscor|Stealth Rock|p1a: Hydrapple
|-sidestart|p1: sumi_random2|move: Stealth Rock
|
|-heal|p2a: Gliscor|80/100 tox|[from] ability: Poison Heal
|-damage|p1a: Hydrapple|65/100 tox|[from] psn
|upkeep
|turn|33
|
|t:|1758298659
|switch|p2a: Hoopa|Hoopa-Unbound|6/100
|-damage|p2a: Hoopa|0 fnt|[from] Spikes
|faint|p2a: Hoopa
|move|p1a: Hydrapple|Nasty Plot|p1a: Hydrapple
|-boost|p1a: Hydrapple|spa|2
|
|-damage|p1a: Hydrapple|53/100 tox|[from] psn
|upkeep
|
|t:|1758298669
|switch|p2a: Dragapult|Dragapult, M|14/100
|-damage|p2a: Dragapult|2/100|[from] Spikes
|turn|34
|
|t:|1758298687
|-terastallize|p2a: Dragapult|Ghost
|move|p2a: Dragapult|Shadow Ball|p1a: Hydrapple
|-damage|p1a: Hydrapple|0 fnt
|faint|p1a: Hydrapple
|
|upkeep
|
|t:|1758298692
|switch|p1a: Landorus|Landorus-Therian, M|67/100
|-damage|p1a: Landorus|55/100|[from] Stealth Rock
|-ability|p1a: Landorus|Intimidate|boost
|-unboost|p2a: Dragapult|atk|1
|turn|35
|
|t:|1758298706
|move|p1a: Landorus|Stone Edge|p2a: Dragapult
|-damage|p2a: Dragapult|0 fnt
|faint|p2a: Dragapult
|
|upkeep
|
|t:|1758298712
|switch|p2a: Great Tusk|Great Tusk|73/100
|turn|36
|-message|sumi_random2 forfeited.
|
|win|Rocksane
|raw|sumi_random2's rating: 1492 &rarr; <strong>1475</strong><br />(-17 for losing)
|raw|Rocksane's rating: 1552 &rarr; <strong>1569</strong><br />(+17 for winning)
|l|☆sumi_random2
|player|p1|
|l|☆Rocksane
|player|p2|
