|j|☆ZU Propaganda
|j|☆vdiwhecwce
|t:|1758322026
|gametype|singles
|player|p1|ZU Propaganda|pokemonbreeder-gen4|1000
|player|p2|vdiwhecwce|101|1000
|gen|9
|tier|[Gen 9] OU
|rated|
|rule|HP Percentage Mod: HP is shown in percentages
|rule|Endless Battle Clause: Forcing endless battles is banned
|rule|Species Clause: Limit one of each Pokémon
|rule|OHKO Clause: OHKO moves are banned
|rule|Evasion Items Clause: Evasion items are banned
|rule|Evasion Moves Clause: Evasion moves are banned
|rule|Evasion Abilities Clause: Evasion abilities are banned
|rule|Sleep Moves Clause: Sleep-inducing moves are banned
|clearpoke
|poke|p1|Basculin-Blue-Striped, F|
|poke|p1|Beartic, F|
|poke|p1|Toedscruel, F|
|poke|p1|Persian-Alola, F|
|poke|p1|Mesprit|
|poke|p1|Magmortar, F|
|poke|p2|Sceptile, F|
|poke|p2|Gliscor, M|
|poke|p2|Slowking-Galar, F|
|poke|p2|Hitmonlee, M|
|poke|p2|Donphan, M|
|poke|p2|Bisharp, F|
|teampreview
|
|t:|1758322039
|teamsize|p1|6
|teamsize|p2|6
|start
|switch|p1a: Mesprit|Mesprit|100/100
|switch|p2a: Bisharp|Bisharp, F|100/100
|turn|1
|inactive|Battle timer is ON: inactive players will automatically lose when time's up. (requested by vdiwhecwce)
|
|t:|1758322047
|switch|p1a: Magmortar|Magmortar, F|100/100
|move|p2a: Bisharp|Taunt|p1a: Magmortar
|-start|p1a: Magmortar|move: Taunt
|
|upkeep
|turn|2
|
|t:|1758322054
|switch|p2a: Slowking|Slowking-Galar, F|100/100
|move|p1a: Magmortar|Knock Off|p2a: Slowking
|-supereffective|p2a: Slowking
|-damage|p2a: Slowking|72/100
|-enditem|p2a: Slowking|Assault Vest|[from] move: Knock Off|[of] p1a: Magmortar
|
|upkeep
|turn|3
|
|t:|1758322074
|move|p1a: Magmortar|Scorching Sands|p2a: Slowking
|-supereffective|p2a: Slowking
|-damage|p2a: Slowking|39/100
|-status|p2a: Slowking|brn
|move|p2a: Slowking|Chilling Water|p1a: Magmortar
|-supereffective|p1a: Magmortar
|-damage|p1a: Magmortar|73/100
|-unboost|p1a: Magmortar|atk|1
|
|-damage|p2a: Slowking|33/100 brn|[from] brn
|-end|p1a: Magmortar|move: Taunt
|upkeep
|turn|4
|
|t:|1758322092
|switch|p2a: Gliscor|Gliscor, M|100/100
|move|p1a: Magmortar|Knock Off|p2a: Gliscor
|-damage|p2a: Gliscor|88/100
|-enditem|p2a: Gliscor|White Herb|[from] move: Knock Off|[of] p1a: Magmortar
|
|upkeep
|turn|5
|inactive|ZU Propaganda has 120 seconds left.
|
|t:|1758322115
|switch|p1a: Mesprit|Mesprit|100/100
|move|p2a: Gliscor|Scale Shot|p1a: Mesprit
|-damage|p1a: Mesprit|94/100
|-damage|p1a: Mesprit|87/100
|-hitcount|p1a: Mesprit|2
|-unboost|p2a: Gliscor|def|1
|-boost|p2a: Gliscor|spe|1
|
|upkeep
|turn|6
|
|t:|1758322130
|move|p2a: Gliscor|Acrobatics|p1a: Mesprit
|-damage|p1a: Mesprit|41/100
|move|p1a: Mesprit|Ice Beam|p2a: Gliscor
|-supereffective|p2a: Gliscor
|-damage|p2a: Gliscor|0 fnt
|faint|p2a: Gliscor
|
|upkeep
|
|t:|1758322139
|switch|p2a: Bisharp|Bisharp, F|100/100
|turn|7
|
|t:|1758322145
|switch|p1a: Magmortar|Magmortar, F|73/100
|move|p2a: Bisharp|Foul Play|p1a: Magmortar
|-damage|p1a: Magmortar|44/100
|-damage|p2a: Bisharp|84/100|[from] item: Rocky Helmet|[of] p1a: Magmortar
|
|upkeep
|turn|8
|
|t:|1758322165
|move|p1a: Magmortar|Knock Off|p2a: Bisharp
|-resisted|p2a: Bisharp
|-damage|p2a: Bisharp|79/100
|-enditem|p2a: Bisharp|Eviolite|[from] move: Knock Off|[of] p1a: Magmortar
|move|p2a: Bisharp|Foul Play|p1a: Magmortar
|-damage|p1a: Magmortar|13/100
|-damage|p2a: Bisharp|62/100|[from] item: Rocky Helmet|[of] p1a: Magmortar
|
|upkeep
|turn|9
|
|t:|1758322180
|move|p2a: Bisharp|Sucker Punch|p1a: Magmortar
|-damage|p1a: Magmortar|0 fnt
|-damage|p2a: Bisharp|46/100|[from] item: Rocky Helmet|[of] p1a: Magmortar
|-status|p2a: Bisharp|brn|[from] ability: Flame Body|[of] p1a: Magmortar
|faint|p1a: Magmortar
|
|-damage|p2a: Bisharp|40/100 brn|[from] brn
|upkeep
|
|t:|1758322188
|switch|p1a: Toedscruel|Toedscruel, F|100/100
|turn|10
|
|t:|1758322203
|move|p2a: Bisharp|Taunt|p1a: Toedscruel
|-start|p1a: Toedscruel|move: Taunt
|cant|p1a: Toedscruel|move: Taunt|Rain Dance
|
|-damage|p2a: Bisharp|34/100 brn|[from] brn
|upkeep
|turn|11
|
|t:|1758322214
|move|p1a: Toedscruel|Earth Power|p2a: Bisharp
|-supereffective|p2a: Bisharp
|-damage|p2a: Bisharp|0 fnt
|faint|p2a: Bisharp
|
|upkeep
|
|t:|1758322224
|switch|p2a: Sceptile|Sceptile, F|100/100
|turn|12
|
|t:|1758322232
|switch|p1a: Persian|Persian-Alola, F|100/100
|move|p2a: Sceptile|Solar Beam||[still]
|-prepare|p2a: Sceptile|Solar Beam
|-enditem|p2a: Sceptile|Power Herb
|-anim|p2a: Sceptile|Solar Beam|p1a: Persian
|-crit|p1a: Persian
|-damage|p1a: Persian|21/100
|
|upkeep
|turn|13
|
|t:|1758322244
|move|p1a: Persian|Fake Out|p2a: Sceptile
|-crit|p2a: Sceptile
|-damage|p2a: Sceptile|85/100
|cant|p2a: Sceptile|flinch
|
|upkeep
|turn|14
|
|t:|1758322251
|move|p2a: Sceptile|Energy Ball|p1a: Persian
|-damage|p1a: Persian|0 fnt
|faint|p1a: Persian
|
|upkeep
|
|t:|1758322273
|switch|p1a: Mesprit|Mesprit|41/100
|turn|15
|
|t:|1758322281
|move|p2a: Sceptile|Energy Ball|p1a: Mesprit
|-damage|p1a: Mesprit|2/100
|move|p1a: Mesprit|Ice Beam|p2a: Sceptile
|-supereffective|p2a: Sceptile
|-damage|p2a: Sceptile|0 fnt
|faint|p2a: Sceptile
|
|upkeep
|
|t:|1758322295
|switch|p2a: Hitmonlee|Hitmonlee, M|100/100
|turn|16
|
|t:|1758322302
|move|p2a: Hitmonlee|Knock Off|p1a: Mesprit
|-supereffective|p1a: Mesprit
|-damage|p1a: Mesprit|0 fnt
|-enditem|p1a: Mesprit|Heavy-Duty Boots|[from] move: Knock Off|[of] p2a: Hitmonlee
|faint|p1a: Mesprit
|
|upkeep
|
|t:|1758322308
|switch|p1a: Toedscruel|Toedscruel, F|100/100
|turn|17
|
|t:|1758322314
|move|p2a: Hitmonlee|Knock Off|p1a: Toedscruel
|-damage|p1a: Toedscruel|42/100
|-enditem|p1a: Toedscruel|Focus Sash|[from] move: Knock Off|[of] p2a: Hitmonlee
|move|p1a: Toedscruel|Rain Dance|p1a: Toedscruel
|-weather|RainDance
|
|-weather|RainDance|[upkeep]
|upkeep
|turn|18
|
|t:|1758322321
|move|p1a: Toedscruel|Giga Drain|p2a: Hitmonlee
|-damage|p2a: Hitmonlee|64/100
|-heal|p1a: Toedscruel|57/100|[from] drain|[of] p2a: Hitmonlee
|move|p2a: Hitmonlee|Knock Off|p1a: Toedscruel
|-damage|p1a: Toedscruel|17/100
|
|-weather|RainDance|[upkeep]
|upkeep
|turn|19
|
|t:|1758322330
|move|p1a: Toedscruel|Earth Power|p2a: Hitmonlee
|-damage|p2a: Hitmonlee|22/100
|-enditem|p2a: Hitmonlee|Liechi Berry|[eat]
|-boost|p2a: Hitmonlee|atk|1|[from] item: Liechi Berry
|move|p2a: Hitmonlee|Knock Off|p1a: Toedscruel
|-damage|p1a: Toedscruel|0 fnt
|faint|p1a: Toedscruel
|
|-weather|RainDance|[upkeep]
|upkeep
|
|t:|1758322335
|switch|p1a: Basculin|Basculin-Blue-Striped, F|100/100
|turn|20
|
|t:|1758322347
|-terastallize|p1a: Basculin|Water
|move|p1a: Basculin|Aqua Jet|p2a: Hitmonlee
|-damage|p2a: Hitmonlee|0 fnt
|faint|p2a: Hitmonlee
|-damage|p1a: Basculin|91/100|[from] item: Life Orb
|
|-weather|RainDance|[upkeep]
|upkeep
|
|t:|1758322360
|switch|p2a: Slowking|Slowking-Galar, F|66/100 brn
|turn|21
|
|t:|1758322369
|move|p1a: Basculin|Crunch|p2a: Slowking
|-supereffective|p2a: Slowking
|-damage|p2a: Slowking|26/100 brn
|-damage|p1a: Basculin|81/100|[from] item: Life Orb
|move|p2a: Slowking|Sludge Wave|p1a: Basculin
|-damage|p1a: Basculin|11/100
|
|-weather|none
|-damage|p2a: Slowking|20/100 brn|[from] brn
|upkeep
|turn|22
|
|t:|1758322379
|-terastallize|p2a: Slowking|Poison
|move|p1a: Basculin|Aqua Jet|p2a: Slowking
|-damage|p2a: Slowking|0 fnt
|faint|p2a: Slowking
|-damage|p1a: Basculin|1/100|[from] item: Life Orb
|
|upkeep
|
|t:|1758322387
|switch|p2a: Donphan|Donphan, M|100/100
|turn|23
|
|t:|1758322391
|move|p1a: Basculin|Aqua Jet|p2a: Donphan
|-supereffective|p2a: Donphan
|-damage|p2a: Donphan|65/100
|-damage|p1a: Basculin|0 fnt|[from] item: Life Orb
|faint|p1a: Basculin
|move|p2a: Donphan|Rapid Spin|p1: Basculin|[notarget]
|-fail|p2a: Donphan
|
|upkeep
|
|t:|1758322401
|switch|p1a: Beartic|Beartic, F|100/100
|turn|24
|
|t:|1758322410
|move|p1a: Beartic|Trailblaze|p2a: Donphan
|-supereffective|p2a: Donphan
|-damage|p2a: Donphan|46/100
|-boost|p1a: Beartic|spe|1
|move|p2a: Donphan|Body Press|p1a: Beartic
|-supereffective|p1a: Beartic
|-damage|p1a: Beartic|30/100
|
|upkeep
|turn|25
|
|t:|1758322419
|move|p1a: Beartic|Icicle Crash|p2a: Donphan
|-supereffective|p2a: Donphan
|-damage|p2a: Donphan|0 fnt
|faint|p2a: Donphan
|
|win|ZU Propaganda
|raw|ZU Propaganda's rating: 1000 &rarr; <strong>1040</strong><br />(+40 for winning)
|raw|vdiwhecwce's rating: 1000 &rarr; <strong>1000</strong><br />(+0 for losing)
|l|☆vdiwhecwce
|player|p2|
