|j|☆mooch99
|j|☆WeR#4Hay!
|t:|1758241257
|gametype|singles
|player|p1|mooch99|unknown|1561
|player|p2|WeR#4Hay!|170|1634
|gen|9
|tier|[Gen 9] OU
|rated|
|rule|HP Percentage Mod: HP is shown in percentages
|rule|Endless Battle Clause: Forcing endless battles is banned
|rule|Species Clause: Limit one of each Pokémon
|rule|OHKO Clause: OHKO moves are banned
|rule|Evasion Items Clause: Evasion items are banned
|rule|Evasion Moves Clause: Evasion moves are banned
|rule|Evasion Abilities Clause: Evasion abilities are banned
|rule|Sleep Moves Clause: Sleep-inducing moves are banned
|clearpoke
|poke|p1|Cinderace, F|
|poke|p1|Garganacl, M|
|poke|p1|Rillaboom, F|
|poke|p1|Zapdos|
|poke|p1|Slowking-Galar, F|
|poke|p1|Dragapult, M|
|poke|p2|Hydrapple, F|
|poke|p2|Slowking, M|
|poke|p2|Iron Treads|
|poke|p2|Moltres|
|poke|p2|Zamazenta-*|
|poke|p2|Kingambit, F|
|teampreview
|inactive|Battle timer is ON: inactive players will automatically lose when time's up. (requested by mooch99)
|inactive|mooch99 has 120 seconds left.
|inactive|WeR#4Hay! has 120 seconds left.
|
|t:|1758241299
|teamsize|p1|6
|teamsize|p2|6
|start
|switch|p1a: Dragapult|Dragapult, M|100/100
|switch|p2a: Moltres|Moltres|100/100
|turn|1
|
|t:|1758241309
|switch|p2a: Kingambit|Kingambit, F|100/100
|move|p1a: Dragapult|Draco Meteor|p2a: Kingambit
|-resisted|p2a: Kingambit
|-damage|p2a: Kingambit|57/100
|-unboost|p1a: Dragapult|spa|2
|
|-heal|p2a: Kingambit|63/100|[from] item: Leftovers
|upkeep
|turn|2
|
|t:|1758241319
|switch|p1a: Zapdos|Zapdos|100/100
|move|p2a: Kingambit|Kowtow Cleave|p1a: Zapdos
|-damage|p1a: Zapdos|65/100
|
|-heal|p2a: Kingambit|69/100|[from] item: Leftovers
|upkeep
|turn|3
|
|t:|1758241327
|-end|p2a: Kingambit|fallenundefined|[silent]
|switch|p2a: Iron Treads|Iron Treads|100/100
|move|p1a: Zapdos|Volt Switch|p2a: Iron Treads
|-immune|p2a: Iron Treads
|
|upkeep
|turn|4
|
|t:|1758241348
|switch|p1a: Rillaboom|Rillaboom, F|100/100
|-fieldstart|move: Grassy Terrain|[from] ability: Grassy Surge|[of] p1a: Rillaboom
|move|p2a: Iron Treads|Ice Spinner|p1a: Rillaboom
|-supereffective|p1a: Rillaboom
|-damage|p1a: Rillaboom|57/100
|-fieldend|move: Grassy Terrain
|
|upkeep
|turn|5
|
|t:|1758241368
|-end|p2a: Iron Treads|Quark Drive|[silent]
|switch|p2a: Moltres|Moltres|100/100
|move|p1a: Rillaboom|Drum Beating|p2a: Moltres
|-resisted|p2a: Moltres
|-damage|p2a: Moltres|91/100
|-unboost|p2a: Moltres|spe|1
|
|upkeep
|turn|6
|
|t:|1758241380
|switch|p1a: Zapdos|Zapdos|65/100
|move|p2a: Moltres|U-turn|p1a: Zapdos
|-resisted|p1a: Zapdos
|-damage|p1a: Zapdos|60/100
|
|t:|1758241404
|switch|p2a: Iron Treads|Iron Treads|100/100|[from] U-turn
|
|upkeep
|turn|7
|
|t:|1758241416
|move|p2a: Iron Treads|Ice Spinner|p1a: Zapdos
|-supereffective|p1a: Zapdos
|-damage|p1a: Zapdos|30/100
|move|p1a: Zapdos|Roost|p1a: Zapdos
|-heal|p1a: Zapdos|80/100
|-singleturn|p1a: Zapdos|move: Roost
|
|upkeep
|turn|8
|
|t:|1758241426
|-end|p2a: Iron Treads|Quark Drive|[silent]
|switch|p2a: Kingambit|Kingambit, F|69/100
|move|p1a: Zapdos|Hurricane|p2a: Kingambit
|-resisted|p2a: Kingambit
|-damage|p2a: Kingambit|47/100
|
|-heal|p2a: Kingambit|53/100|[from] item: Leftovers
|upkeep
|turn|9
|
|t:|1758241433
|move|p1a: Zapdos|Discharge|p2a: Kingambit
|-damage|p2a: Kingambit|18/100
|move|p2a: Kingambit|Kowtow Cleave|p1a: Zapdos
|-damage|p1a: Zapdos|46/100
|
|-heal|p2a: Kingambit|24/100|[from] item: Leftovers
|upkeep
|turn|10
|
|t:|1758241442
|-end|p2a: Kingambit|fallenundefined|[silent]
|switch|p2a: Slowking|Slowking, M|100/100
|move|p1a: Zapdos|Roost|p1a: Zapdos
|-heal|p1a: Zapdos|96/100
|-singleturn|p1a: Zapdos|move: Roost
|
|upkeep
|turn|11
|
|t:|1758241450
|move|p1a: Zapdos|Volt Switch|p2a: Slowking
|-supereffective|p2a: Slowking
|-damage|p2a: Slowking|62/100
|
|t:|1758241453
|switch|p1a: Slowking|Slowking-Galar, F|100/100|[from] Volt Switch
|move|p2a: Slowking|Future Sight|p1a: Slowking
|-start|p2a: Slowking|move: Future Sight
|
|upkeep
|turn|12
|
|t:|1758241462
|move|p2a: Slowking|Thunder Wave|p1a: Slowking
|-status|p1a: Slowking|par
|-prepare|p1a: Slowking|Chilly Reception|[premajor]
|move|p1a: Slowking|Chilly Reception|p1a: Slowking
|-weather|Snowscape
|inactive|mooch99 has 120 seconds left.
|
|t:|1758241497
|switch|p1a: Dragapult|Dragapult, M|100/100|[from] Chilly Reception
|
|-weather|Snowscape|[upkeep]
|upkeep
|turn|13
|inactive|mooch99 has 120 seconds left.
|inactive|WeR#4Hay! has 120 seconds left.
|
|t:|1758241531
|switch|p2a: Kingambit|Kingambit, F|24/100
|move|p1a: Dragapult|Shadow Ball|p2a: Kingambit
|-resisted|p2a: Kingambit
|-damage|p2a: Kingambit|0 fnt
|faint|p2a: Kingambit
|-end|p2a: Kingambit|fallenundefined|[silent]
|
|-weather|Snowscape|[upkeep]
|-end|p1a: Dragapult|move: Future Sight
|-crit|p1a: Dragapult
|-damage|p1a: Dragapult|14/100
|upkeep
|inactive|WeR#4Hay! has 120 seconds left.
|
|t:|1758241539
|switch|p2a: Hydrapple|Hydrapple, F|100/100
|turn|14
|
|t:|1758241550
|switch|p1a: Zapdos|Zapdos|96/100
|move|p2a: Hydrapple|Fickle Beam|p1a: Zapdos
|-damage|p1a: Zapdos|40/100
|-damage|p2a: Hydrapple|91/100|[from] item: Life Orb
|
|-weather|Snowscape|[upkeep]
|upkeep
|turn|15
|
|t:|1758241564
|-terastallize|p2a: Hydrapple|Poison
|move|p1a: Zapdos|Roost|p1a: Zapdos
|-heal|p1a: Zapdos|91/100
|-singleturn|p1a: Zapdos|move: Roost
|move|p2a: Hydrapple|Fickle Beam|p1a: Zapdos
|-damage|p1a: Zapdos|31/100
|-damage|p2a: Hydrapple|81/100|[from] item: Life Orb
|
|-weather|Snowscape|[upkeep]
|upkeep
|turn|16
|
|t:|1758241571
|switch|p1a: Slowking|Slowking-Galar, F|100/100 par
|move|p2a: Hydrapple|Earth Power|p1a: Slowking
|-supereffective|p1a: Slowking
|-damage|p1a: Slowking|47/100 par
|-unboost|p1a: Slowking|spd|1
|-damage|p2a: Hydrapple|71/100|[from] item: Life Orb
|
|-weather|none
|upkeep
|turn|17
|inactive|mooch99 has 120 seconds left.
|
|t:|1758241604
|switch|p1a: Zapdos|Zapdos|31/100
|move|p2a: Hydrapple|Fickle Beam|p1a: Zapdos
|-damage|p1a: Zapdos|0 fnt
|faint|p1a: Zapdos
|-damage|p2a: Hydrapple|61/100|[from] item: Life Orb
|
|upkeep
|
|t:|1758241615
|switch|p1a: Slowking|Slowking-Galar, F|80/100 par
|turn|18
|
|t:|1758241620
|switch|p2a: Iron Treads|Iron Treads|100/100
|move|p1a: Slowking|Psychic Noise|p2a: Iron Treads
|-resisted|p2a: Iron Treads
|-damage|p2a: Iron Treads|90/100
|-start|p2a: Iron Treads|move: Heal Block
|
|upkeep
|turn|19
|inactive|mooch99 has 120 seconds left.
|
|t:|1758241638
|switch|p1a: Rillaboom|Rillaboom, F|57/100
|-fieldstart|move: Grassy Terrain|[from] ability: Grassy Surge|[of] p1a: Rillaboom
|move|p2a: Iron Treads|Knock Off|p1a: Rillaboom
|-damage|p1a: Rillaboom|32/100
|-enditem|p1a: Rillaboom|Choice Band|[from] move: Knock Off|[of] p2a: Iron Treads
|
|-heal|p1a: Rillaboom|38/100|[from] Grassy Terrain
|-end|p2a: Iron Treads|move: Heal Block
|upkeep
|turn|20
|
|t:|1758241652
|-end|p2a: Iron Treads|Quark Drive|[silent]
|switch|p2a: Moltres|Moltres|91/100
|move|p1a: Rillaboom|U-turn|p2a: Moltres
|-resisted|p2a: Moltres
|-damage|p2a: Moltres|87/100
|-status|p1a: Rillaboom|brn|[from] ability: Flame Body|[of] p2a: Moltres
|
|t:|1758241662
|switch|p1a: Garganacl|Garganacl, M|100/100|[from] U-turn
|
|upkeep
|turn|21
|
|t:|1758241665
|move|p2a: Moltres|U-turn|p1a: Garganacl
|-damage|p1a: Garganacl|91/100
|
|t:|1758241667
|switch|p2a: Hydrapple|Hydrapple, F, tera:Poison|95/100|[from] U-turn
|move|p1a: Garganacl|Salt Cure|p2a: Hydrapple
|-damage|p2a: Hydrapple|83/100
|-start|p2a: Hydrapple|Salt Cure
|
|-heal|p2a: Hydrapple|89/100|[from] Grassy Terrain
|-heal|p1a: Garganacl|98/100|[from] Grassy Terrain
|-damage|p2a: Hydrapple|76/100|[from] Salt Cure
|upkeep
|turn|22
|inactive|mooch99 has 120 seconds left.
|
|t:|1758241691
|switch|p2a: Iron Treads|Iron Treads|90/100
|switch|p1a: Rillaboom|Rillaboom, F|38/100 brn
|
|-heal|p1a: Rillaboom|44/100 brn|[from] Grassy Terrain
|-heal|p2a: Iron Treads|96/100|[from] Grassy Terrain
|-heal|p2a: Iron Treads|100/100|[from] item: Leftovers
|-damage|p1a: Rillaboom|38/100 brn|[from] brn
|upkeep
|turn|23
|inactive|mooch99 has 120 seconds left.
|
|t:|1758241701
|move|p1a: Rillaboom|Knock Off|p2a: Iron Treads
|-damage|p2a: Iron Treads|89/100
|-enditem|p2a: Iron Treads|Leftovers|[from] move: Knock Off|[of] p1a: Rillaboom
|move|p2a: Iron Treads|Ice Spinner|p1a: Rillaboom
|-supereffective|p1a: Rillaboom
|-damage|p1a: Rillaboom|0 fnt
|-fieldend|move: Grassy Terrain
|faint|p1a: Rillaboom
|
|upkeep
|inactive|mooch99 has 120 seconds left.
|
|t:|1758241707
|switch|p1a: Cinderace|Cinderace, F|100/100
|turn|24
|inactive|mooch99 has 120 seconds left.
|
|t:|1758241725
|-end|p2a: Iron Treads|Quark Drive|[silent]
|switch|p2a: Moltres|Moltres|87/100
|move|p1a: Cinderace|Pyro Ball|p2a: Moltres
|-resisted|p2a: Moltres
|-damage|p2a: Moltres|67/100
|
|upkeep
|turn|25
|inactive|mooch99 has 120 seconds left.
|
|t:|1758241736
|move|p1a: Cinderace|Pyro Ball|p2a: Moltres
|-resisted|p2a: Moltres
|-damage|p2a: Moltres|48/100
|move|p2a: Moltres|Roost|p2a: Moltres
|-heal|p2a: Moltres|98/100
|-singleturn|p2a: Moltres|move: Roost
|
|upkeep
|turn|26
|
|t:|1758241745
|move|p1a: Cinderace|Pyro Ball|p2a: Moltres
|-resisted|p2a: Moltres
|-damage|p2a: Moltres|79/100
|move|p2a: Moltres|U-turn|p1a: Cinderace
|-resisted|p1a: Cinderace
|-damage|p1a: Cinderace|91/100
|
|t:|1758241747
|switch|p2a: Slowking|Slowking, M|96/100|[from] U-turn
|
|upkeep
|turn|27
|
|t:|1758241761
|switch|p1a: Slowking|Slowking-Galar, F|100/100 par
|-prepare|p2a: Slowking|Chilly Reception|[premajor]
|move|p2a: Slowking|Chilly Reception|p2a: Slowking
|-weather|Snowscape
|
|t:|1758241767
|switch|p2a: Iron Treads|Iron Treads|89/100|[from] Chilly Reception
|
|-weather|Snowscape|[upkeep]
|upkeep
|turn|28
|inactive|mooch99 has 120 seconds left.
|
|t:|1758241793
|move|p2a: Iron Treads|Earthquake|p1a: Slowking
|-supereffective|p1a: Slowking
|-damage|p1a: Slowking|21/100 par
|cant|p1a: Slowking|par
|
|-weather|Snowscape|[upkeep]
|upkeep
|turn|29
|
|t:|1758241801
|switch|p1a: Cinderace|Cinderace, F|91/100
|move|p2a: Iron Treads|Knock Off|p1a: Cinderace
|-damage|p1a: Cinderace|56/100
|-enditem|p1a: Cinderace|Heavy-Duty Boots|[from] move: Knock Off|[of] p2a: Iron Treads
|
|-weather|Snowscape|[upkeep]
|upkeep
|turn|30
|
|t:|1758241815
|switch|p1a: Garganacl|Garganacl, M|98/100
|-end|p2a: Iron Treads|Quark Drive|[silent]
|switch|p2a: Moltres|Moltres|79/100
|
|-weather|Snowscape|[upkeep]
|upkeep
|turn|31
|
|t:|1758241822
|move|p2a: Moltres|U-turn|p1a: Garganacl
|-damage|p1a: Garganacl|88/100
|
|t:|1758241838
|switch|p2a: Hydrapple|Hydrapple, F, tera:Poison|100/100|[from] U-turn
|move|p1a: Garganacl|Salt Cure|p2a: Hydrapple
|-damage|p2a: Hydrapple|89/100
|-start|p2a: Hydrapple|Salt Cure
|
|-weather|none
|-damage|p2a: Hydrapple|77/100|[from] Salt Cure
|upkeep
|turn|32
|
|t:|1758241853
|-terastallize|p1a: Garganacl|Fairy
|move|p2a: Hydrapple|Earth Power|p1a: Garganacl
|-damage|p1a: Garganacl|62/100
|-unboost|p1a: Garganacl|spd|1
|-damage|p2a: Hydrapple|67/100|[from] item: Life Orb
|move|p1a: Garganacl|Salt Cure|p2a: Hydrapple
|-damage|p2a: Hydrapple|56/100
|
|-damage|p2a: Hydrapple|44/100|[from] Salt Cure
|upkeep
|turn|33
|
|t:|1758241863
|move|p2a: Hydrapple|Leaf Storm|p1a: Garganacl|[miss]
|-miss|p2a: Hydrapple|p1a: Garganacl
|move|p1a: Garganacl|Recover|p1a: Garganacl
|-heal|p1a: Garganacl|100/100
|
|-damage|p2a: Hydrapple|31/100|[from] Salt Cure
|upkeep
|turn|34
|
|t:|1758241880
|switch|p2a: Slowking|Slowking, M|100/100
|move|p1a: Garganacl|Protect||[still]
|-fail|p1a: Garganacl
|
|upkeep
|turn|35
|
|t:|1758241894
|move|p1a: Garganacl|Stealth Rock|p2a: Slowking
|-sidestart|p2: WeR#4Hay!|move: Stealth Rock
|move|p2a: Slowking|Future Sight|p1a: Garganacl
|-start|p2a: Slowking|move: Future Sight
|
|upkeep
|turn|36
|
|t:|1758241901
|switch|p1a: Slowking|Slowking-Galar, F|54/100 par
|-prepare|p2a: Slowking|Chilly Reception|[premajor]
|move|p2a: Slowking|Chilly Reception|p2a: Slowking
|-weather|Snowscape
|
|t:|1758241905
|switch|p2a: Iron Treads|Iron Treads|89/100|[from] Chilly Reception
|-damage|p2a: Iron Treads|86/100|[from] Stealth Rock
|
|-weather|Snowscape|[upkeep]
|upkeep
|turn|37
|
|t:|1758241911
|switch|p1a: Garganacl|Garganacl, M, tera:Fairy|100/100
|move|p2a: Iron Treads|Earthquake|p1a: Garganacl
|-damage|p1a: Garganacl|77/100
|
|-weather|Snowscape|[upkeep]
|-end|p1a: Garganacl|move: Future Sight
|-damage|p1a: Garganacl|50/100
|upkeep
|turn|38
|
|t:|1758241920
|move|p2a: Iron Treads|Knock Off|p1a: Garganacl
|-resisted|p1a: Garganacl
|-damage|p1a: Garganacl|42/100
|-enditem|p1a: Garganacl|Heavy-Duty Boots|[from] move: Knock Off|[of] p2a: Iron Treads
|move|p1a: Garganacl|Recover|p1a: Garganacl
|-heal|p1a: Garganacl|92/100
|
|-weather|Snowscape|[upkeep]
|upkeep
|turn|39
|
|t:|1758241931
|-end|p2a: Iron Treads|Quark Drive|[silent]
|switch|p2a: Zamazenta|Zamazenta|100/100
|-damage|p2a: Zamazenta|94/100|[from] Stealth Rock
|-ability|p2a: Zamazenta|Dauntless Shield|boost
|-boost|p2a: Zamazenta|def|1
|move|p1a: Garganacl|Salt Cure|p2a: Zamazenta
|-resisted|p2a: Zamazenta
|-damage|p2a: Zamazenta|91/100
|-start|p2a: Zamazenta|Salt Cure
|
|-weather|Snowscape|[upkeep]
|-damage|p2a: Zamazenta|78/100|[from] Salt Cure
|upkeep
|turn|40
|
|t:|1758241939
|switch|p2a: Slowking|Slowking, M|100/100
|switch|p1a: Slowking|Slowking-Galar, F|87/100 par
|
|-weather|none
|upkeep
|turn|41
|
|t:|1758241942
|move|p2a: Slowking|Future Sight|p1a: Slowking
|-start|p2a: Slowking|move: Future Sight
|-prepare|p1a: Slowking|Chilly Reception|[premajor]
|move|p1a: Slowking|Chilly Reception|p1a: Slowking
|-weather|Snowscape
|
|t:|1758241948
|switch|p1a: Dragapult|Dragapult, M|14/100|[from] Chilly Reception
|
|-weather|Snowscape|[upkeep]
|upkeep
|turn|42
|inactive|mooch99 has 120 seconds left.
|
|t:|1758241996
|move|p1a: Dragapult|U-turn|p2a: Slowking
|-supereffective|p2a: Slowking
|-damage|p2a: Slowking|62/100
|
|t:|1758241998
|switch|p1a: Slowking|Slowking-Galar, F|100/100 par|[from] U-turn
|move|p2a: Slowking|Scald|p1a: Slowking
|-damage|p1a: Slowking|86/100 par
|
|-weather|Snowscape|[upkeep]
|upkeep
|turn|43
|
|t:|1758242013
|-prepare|p2a: Slowking|Chilly Reception|[premajor]
|move|p2a: Slowking|Chilly Reception|p2a: Slowking
|
|t:|1758242016
|switch|p2a: Iron Treads|Iron Treads|86/100|[from] Chilly Reception
|-damage|p2a: Iron Treads|83/100|[from] Stealth Rock
|move|p1a: Slowking|Ice Beam|p2a: Iron Treads
|-damage|p2a: Iron Treads|64/100
|
|-weather|Snowscape|[upkeep]
|-end|p1a: Slowking|move: Future Sight
|-crit|p1a: Slowking
|-damage|p1a: Slowking|50/100 par
|upkeep
|turn|44
|j| Fiinyx
|inactive|mooch99 has 120 seconds left.
|
|t:|1758242030
|switch|p1a: Garganacl|Garganacl, M, tera:Fairy|92/100
|move|p2a: Iron Treads|Rapid Spin|p1a: Garganacl
|-damage|p1a: Garganacl|84/100
|-boost|p2a: Iron Treads|spe|1
|-sideend|p2: WeR#4Hay!|Stealth Rock|[from] move: Rapid Spin|[of] p2a: Iron Treads
|
|-weather|Snowscape|[upkeep]
|upkeep
|turn|45
|
|t:|1758242039
|-end|p2a: Iron Treads|Quark Drive|[silent]
|switch|p2a: Hydrapple|Hydrapple, F, tera:Poison|65/100
|move|p1a: Garganacl|Salt Cure|p2a: Hydrapple
|-damage|p2a: Hydrapple|52/100
|-start|p2a: Hydrapple|Salt Cure
|
|-weather|none
|-damage|p2a: Hydrapple|40/100|[from] Salt Cure
|upkeep
|turn|46
|
|t:|1758242048
|move|p2a: Hydrapple|Nasty Plot|p2a: Hydrapple
|-boost|p2a: Hydrapple|spa|2
|move|p1a: Garganacl|Stealth Rock|p2a: Hydrapple
|-sidestart|p2: WeR#4Hay!|move: Stealth Rock
|
|-damage|p2a: Hydrapple|27/100|[from] Salt Cure
|upkeep
|turn|47
|
|t:|1758242055
|switch|p2a: Slowking|Slowking, M|95/100
|move|p1a: Garganacl|Protect||[still]
|-fail|p1a: Garganacl
|
|upkeep
|turn|48
|
|t:|1758242062
|move|p1a: Garganacl|Salt Cure|p2a: Slowking
|-damage|p2a: Slowking|82/100
|-start|p2a: Slowking|Salt Cure
|move|p2a: Slowking|Future Sight|p1a: Garganacl
|-start|p2a: Slowking|move: Future Sight
|
|-damage|p2a: Slowking|57/100|[from] Salt Cure
|upkeep
|turn|49
|
|t:|1758242070
|move|p1a: Garganacl|Salt Cure|p2a: Slowking
|-damage|p2a: Slowking|43/100
|-prepare|p2a: Slowking|Chilly Reception|[premajor]
|move|p2a: Slowking|Chilly Reception|p2a: Slowking
|-weather|Snowscape
|
|t:|1758242074
|switch|p2a: Hydrapple|Hydrapple, F, tera:Poison|60/100|[from] Chilly Reception
|-damage|p2a: Hydrapple|48/100|[from] Stealth Rock
|
|-weather|Snowscape|[upkeep]
|upkeep
|turn|50
|
|t:|1758242088
|switch|p1a: Cinderace|Cinderace, F|56/100
|move|p2a: Hydrapple|Nasty Plot|p2a: Hydrapple
|-boost|p2a: Hydrapple|spa|2
|
|-weather|Snowscape|[upkeep]
|-end|p1a: Cinderace|move: Future Sight
|-damage|p1a: Cinderace|0 fnt
|faint|p1a: Cinderace
|upkeep
|
|t:|1758242092
|switch|p1a: Dragapult|Dragapult, M|14/100
|turn|51
|
|t:|1758242102
|switch|p2a: Moltres|Moltres|79/100
|move|p1a: Dragapult|Shadow Ball|p2a: Moltres
|-damage|p2a: Moltres|26/100
|
|-weather|Snowscape|[upkeep]
|upkeep
|turn|52
|inactive|WeR#4Hay! has 120 seconds left.
|
|t:|1758242146
|move|p1a: Dragapult|Shadow Ball|p2a: Moltres
|-damage|p2a: Moltres|0 fnt
|faint|p2a: Moltres
|
|-weather|Snowscape|[upkeep]
|upkeep
|
|t:|1758242147
|switch|p2a: Hydrapple|Hydrapple, F, tera:Poison|81/100
|-damage|p2a: Hydrapple|69/100|[from] Stealth Rock
|turn|53
|
|t:|1758242162
|move|p1a: Dragapult|Shadow Ball|p2a: Hydrapple
|-damage|p2a: Hydrapple|13/100
|-unboost|p2a: Hydrapple|spd|1
|move|p2a: Hydrapple|Earth Power|p1a: Dragapult
|-damage|p1a: Dragapult|0 fnt
|faint|p1a: Dragapult
|-damage|p2a: Hydrapple|3/100|[from] item: Life Orb
|
|-weather|none
|upkeep
|
|t:|1758242174
|switch|p1a: Slowking|Slowking-Galar, F|83/100 par
|turn|54
|
|t:|1758242177
|switch|p2a: Slowking|Slowking, M|77/100
|-prepare|p1a: Slowking|Chilly Reception|[premajor]
|move|p1a: Slowking|Chilly Reception|p1a: Slowking
|-weather|Snowscape
|
|t:|1758242180
|switch|p1a: Garganacl|Garganacl, M, tera:Fairy|84/100|[from] Chilly Reception
|
|-weather|Snowscape|[upkeep]
|upkeep
|turn|55
|
|t:|1758242184
|move|p1a: Garganacl|Salt Cure|p2a: Slowking
|-damage|p2a: Slowking|61/100
|-start|p2a: Slowking|Salt Cure
|move|p2a: Slowking|Future Sight|p1a: Garganacl
|-start|p2a: Slowking|move: Future Sight
|
|-weather|Snowscape|[upkeep]
|-damage|p2a: Slowking|36/100|[from] Salt Cure
|upkeep
|turn|56
|
|t:|1758242194
|move|p1a: Garganacl|Salt Cure|p2a: Slowking
|-damage|p2a: Slowking|21/100
|-prepare|p2a: Slowking|Chilly Reception|[premajor]
|move|p2a: Slowking|Chilly Reception|p2a: Slowking
|
|t:|1758242205
|switch|p2a: Iron Treads|Iron Treads|64/100|[from] Chilly Reception
|-damage|p2a: Iron Treads|61/100|[from] Stealth Rock
|
|-weather|Snowscape|[upkeep]
|upkeep
|turn|57
|
|t:|1758242213
|move|p2a: Iron Treads|Rapid Spin|p1a: Garganacl
|-damage|p1a: Garganacl|75/100
|-boost|p2a: Iron Treads|spe|1
|-sideend|p2: WeR#4Hay!|Stealth Rock|[from] move: Rapid Spin|[of] p2a: Iron Treads
|move|p1a: Garganacl|Recover|p1a: Garganacl
|-heal|p1a: Garganacl|100/100
|
|-weather|Snowscape|[upkeep]
|-end|p1a: Garganacl|move: Future Sight
|-damage|p1a: Garganacl|75/100
|upkeep
|turn|58
|
|t:|1758242225
|-end|p2a: Iron Treads|Quark Drive|[silent]
|switch|p2a: Zamazenta|Zamazenta|78/100
|move|p1a: Garganacl|Salt Cure|p2a: Zamazenta
|-resisted|p2a: Zamazenta
|-damage|p2a: Zamazenta|71/100
|-start|p2a: Zamazenta|Salt Cure
|
|-weather|none
|-damage|p2a: Zamazenta|59/100|[from] Salt Cure
|upkeep
|turn|59
|
|t:|1758242236
|switch|p2a: Hydrapple|Hydrapple, F, tera:Poison|37/100
|move|p1a: Garganacl|Salt Cure|p2a: Hydrapple
|-damage|p2a: Hydrapple|26/100
|-start|p2a: Hydrapple|Salt Cure
|
|-damage|p2a: Hydrapple|14/100|[from] Salt Cure
|upkeep
|turn|60
|
|t:|1758242248
|switch|p2a: Zamazenta|Zamazenta|59/100
|move|p1a: Garganacl|Salt Cure|p2a: Zamazenta
|-resisted|p2a: Zamazenta
|-damage|p2a: Zamazenta|53/100
|-start|p2a: Zamazenta|Salt Cure
|
|-damage|p2a: Zamazenta|41/100|[from] Salt Cure
|upkeep
|turn|61
|
|t:|1758242255
|switch|p2a: Hydrapple|Hydrapple, F, tera:Poison|47/100
|move|p1a: Garganacl|Recover|p1a: Garganacl
|-heal|p1a: Garganacl|100/100
|
|upkeep
|turn|62
|
|t:|1758242263
|switch|p2a: Zamazenta|Zamazenta|41/100
|move|p1a: Garganacl|Salt Cure|p2a: Zamazenta
|-resisted|p2a: Zamazenta
|-damage|p2a: Zamazenta|35/100
|-start|p2a: Zamazenta|Salt Cure
|
|-damage|p2a: Zamazenta|22/100|[from] Salt Cure
|upkeep
|turn|63
|
|t:|1758242269
|switch|p2a: Hydrapple|Hydrapple, F, tera:Poison|80/100
|move|p1a: Garganacl|Salt Cure|p2a: Hydrapple
|-damage|p2a: Hydrapple|68/100
|-start|p2a: Hydrapple|Salt Cure
|
|-damage|p2a: Hydrapple|56/100|[from] Salt Cure
|upkeep
|turn|64
|
|t:|1758242277
|switch|p2a: Zamazenta|Zamazenta|22/100
|move|p1a: Garganacl|Stealth Rock|p2a: Zamazenta
|-sidestart|p2: WeR#4Hay!|move: Stealth Rock
|
|upkeep
|turn|65
|
|t:|1758242282
|move|p2a: Zamazenta|Stone Edge|p1a: Garganacl
|-crit|p1a: Garganacl
|-damage|p1a: Garganacl|55/100
|move|p1a: Garganacl|Salt Cure|p2a: Zamazenta
|-resisted|p2a: Zamazenta
|-damage|p2a: Zamazenta|17/100
|-start|p2a: Zamazenta|Salt Cure
|
|-damage|p2a: Zamazenta|4/100|[from] Salt Cure
|upkeep
|turn|66
|
|t:|1758242287
|move|p2a: Zamazenta|Stone Edge|p1a: Garganacl
|-damage|p1a: Garganacl|20/100
|move|p1a: Garganacl|Recover|p1a: Garganacl
|-heal|p1a: Garganacl|70/100
|
|-damage|p2a: Zamazenta|0 fnt|[from] Salt Cure
|faint|p2a: Zamazenta
|upkeep
|
|t:|1758242290
|switch|p2a: Hydrapple|Hydrapple, F, tera:Poison|89/100
|-damage|p2a: Hydrapple|77/100|[from] Stealth Rock
|turn|67
|
|t:|1758242301
|move|p2a: Hydrapple|Nasty Plot|p2a: Hydrapple
|-boost|p2a: Hydrapple|spa|2
|move|p1a: Garganacl|Salt Cure|p2a: Hydrapple
|-damage|p2a: Hydrapple|66/100
|-start|p2a: Hydrapple|Salt Cure
|
|-damage|p2a: Hydrapple|53/100|[from] Salt Cure
|upkeep
|turn|68
|
|t:|1758242317
|switch|p2a: Slowking|Slowking, M|54/100
|move|p1a: Garganacl|Recover|p1a: Garganacl
|-heal|p1a: Garganacl|100/100
|
|upkeep
|turn|69
|
|t:|1758242327
|move|p1a: Garganacl|Salt Cure|p2a: Slowking
|-damage|p2a: Slowking|40/100
|-start|p2a: Slowking|Salt Cure
|move|p2a: Slowking|Future Sight|p1a: Garganacl
|-start|p2a: Slowking|move: Future Sight
|
|-damage|p2a: Slowking|15/100|[from] Salt Cure
|upkeep
|turn|70
|
|t:|1758242338
|switch|p2a: Iron Treads|Iron Treads|61/100
|-damage|p2a: Iron Treads|58/100|[from] Stealth Rock
|move|p1a: Garganacl|Salt Cure|p2a: Iron Treads
|-resisted|p2a: Iron Treads
|-damage|p2a: Iron Treads|56/100
|-start|p2a: Iron Treads|Salt Cure
|
|-damage|p2a: Iron Treads|31/100|[from] Salt Cure
|upkeep
|turn|71
|
|t:|1758242360
|move|p2a: Iron Treads|Earthquake|p1a: Garganacl
|-damage|p1a: Garganacl|74/100
|move|p1a: Garganacl|Salt Cure|p2a: Iron Treads
|-resisted|p2a: Iron Treads
|-damage|p2a: Iron Treads|28/100
|
|-end|p1a: Garganacl|move: Future Sight
|-damage|p1a: Garganacl|46/100
|-damage|p2a: Iron Treads|4/100|[from] Salt Cure
|upkeep
|turn|72
|
|t:|1758242368
|-end|p2a: Iron Treads|Quark Drive|[silent]
|switch|p2a: Slowking|Slowking, M|48/100
|move|p1a: Garganacl|Recover|p1a: Garganacl
|-heal|p1a: Garganacl|96/100
|
|upkeep
|turn|73
|
|t:|1758242374
|move|p1a: Garganacl|Salt Cure|p2a: Slowking
|-damage|p2a: Slowking|33/100
|-start|p2a: Slowking|Salt Cure
|move|p2a: Slowking|Future Sight|p1a: Garganacl
|-start|p2a: Slowking|move: Future Sight
|
|-damage|p2a: Slowking|8/100|[from] Salt Cure
|upkeep
|turn|74
|
|t:|1758242383
|switch|p2a: Iron Treads|Iron Treads|4/100
|-damage|p2a: Iron Treads|1/100|[from] Stealth Rock
|move|p1a: Garganacl|Salt Cure|p2a: Iron Treads
|-resisted|p2a: Iron Treads
|-damage|p2a: Iron Treads|0 fnt
|faint|p2a: Iron Treads
|-end|p2a: Iron Treads|Quark Drive|[silent]
|
|upkeep
|
|t:|1758242389
|switch|p2a: Hydrapple|Hydrapple, F, tera:Poison|87/100
|-damage|p2a: Hydrapple|74/100|[from] Stealth Rock
|turn|75
|
|t:|1758242409
|move|p2a: Hydrapple|Leaf Storm|p1a: Garganacl
|-damage|p1a: Garganacl|38/100
|-unboost|p2a: Hydrapple|spa|2
|-damage|p2a: Hydrapple|64/100|[from] item: Life Orb
|move|p1a: Garganacl|Salt Cure|p2a: Hydrapple
|-damage|p2a: Hydrapple|53/100
|-start|p2a: Hydrapple|Salt Cure
|
|-end|p1a: Garganacl|move: Future Sight
|-damage|p1a: Garganacl|14/100
|-damage|p2a: Hydrapple|41/100|[from] Salt Cure
|upkeep
|turn|76
|
|t:|1758242422
|move|p2a: Hydrapple|Leaf Storm|p1a: Garganacl
|-damage|p1a: Garganacl|0 fnt
|-unboost|p2a: Hydrapple|spa|2
|faint|p1a: Garganacl
|-damage|p2a: Hydrapple|31/100|[from] item: Life Orb
|
|-damage|p2a: Hydrapple|18/100|[from] Salt Cure
|upkeep
|
|t:|1758242425
|switch|p1a: Slowking|Slowking-Galar, F|100/100 par
|turn|77
|
|t:|1758242429
|switch|p2a: Slowking|Slowking, M|42/100
|move|p1a: Slowking|Sludge Bomb|p2a: Slowking
|-damage|p2a: Slowking|21/100
|-status|p2a: Slowking|psn
|
|-damage|p2a: Slowking|8/100 psn|[from] psn
|upkeep
|turn|78
|
|t:|1758242444
|move|p2a: Slowking|Future Sight|p1a: Slowking
|-start|p2a: Slowking|move: Future Sight
|move|p1a: Slowking|Psychic Noise|p2a: Slowking
|-resisted|p2a: Slowking
|-damage|p2a: Slowking|0 fnt
|faint|p2a: Slowking
|
|upkeep
|
|t:|1758242446
|switch|p2a: Hydrapple|Hydrapple, F, tera:Poison|52/100
|-damage|p2a: Hydrapple|39/100|[from] Stealth Rock
|turn|79
|
|t:|1758242456
|move|p2a: Hydrapple|Earth Power|p1a: Slowking
|-supereffective|p1a: Slowking
|-damage|p1a: Slowking|52/100 par
|-damage|p2a: Hydrapple|30/100|[from] item: Life Orb
|cant|p1a: Slowking|par
|
|upkeep
|turn|80
|
|t:|1758242468
|move|p2a: Hydrapple|Earth Power|p1a: Slowking
|-supereffective|p1a: Slowking
|-damage|p1a: Slowking|6/100 par
|-damage|p2a: Hydrapple|20/100|[from] item: Life Orb
|move|p1a: Slowking|Psychic Noise|p2a: Hydrapple
|-supereffective|p2a: Hydrapple
|-damage|p2a: Hydrapple|0 fnt
|faint|p2a: Hydrapple
|
|win|mooch99
|raw|mooch99's rating: 1561 &rarr; <strong>1585</strong><br />(+24 for winning)
|raw|WeR#4Hay!'s rating: 1634 &rarr; <strong>1610</strong><br />(-24 for losing)
|c|☆WeR#4Hay!|damn
|c|☆WeR#4Hay!|so close
|c|☆WeR#4Hay!|gg
|l|☆mooch99
|player|p1|
|c|☆WeR#4Hay!|if only Future Sight was allowed to hit
