|j|☆participationsux
|j|☆hypnopie
|t:|1758264651
|gametype|singles
|player|p1|participationsux|winona|1255
|player|p2|hypnopie|burglar|1257
|gen|9
|tier|[Gen 9] OU
|rated|
|rule|HP Percentage Mod: HP is shown in percentages
|rule|Endless Battle Clause: Forcing endless battles is banned
|rule|Species Clause: Limit one of each Pokémon
|rule|OHKO Clause: OHKO moves are banned
|rule|Evasion Items Clause: Evasion items are banned
|rule|Evasion Moves Clause: Evasion moves are banned
|rule|Evasion Abilities Clause: Evasion abilities are banned
|rule|Sleep Moves Clause: Sleep-inducing moves are banned
|clearpoke
|poke|p1|Gholdengo|
|poke|p1|Darkrai|
|poke|p1|Iron Valiant|
|poke|p1|Glimmora, F|
|poke|p1|Kingambit, F|
|poke|p1|Dragonite, F|
|poke|p2|Dragonite, M|
|poke|p2|Azelf|
|poke|p2|Gliscor, F|
|poke|p2|Hatterene, F|
|poke|p2|Hoopa-Unbound|
|poke|p2|Corviknight, M|
|teampreview
|inactive|Battle timer is ON: inactive players will automatically lose when time's up. (requested by hypnopie)
|inactive|participationsux also wants the timer to be on.
|
|t:|1758264659
|teamsize|p1|6
|teamsize|p2|6
|start
|switch|p1a: Glimmora|Glimmora, F|100/100
|switch|p2a: Gliscor|Gliscor, F|100/100
|turn|1
|
|t:|1758264663
|switch|p2a: Hatterene|Hatterene, F|100/100
|move|p1a: Glimmora|Stealth Rock|p2a: Hatterene
|move|p2a: Hatterene|Stealth Rock|p1a: Glimmora|[from] ability: Magic Bounce
|-sidestart|p1: participationsux|move: Stealth Rock
|
|upkeep
|turn|2
|
|t:|1758264671
|move|p1a: Glimmora|Mortal Spin|p2a: Hatterene
|-supereffective|p2a: Hatterene
|-damage|p2a: Hatterene|85/100
|-status|p2a: Hatterene|psn
|-sideend|p1: participationsux|Stealth Rock|[from] move: Mortal Spin|[of] p1a: Glimmora
|-enditem|p2a: Hatterene|Red Card|[of] p1a: Glimmora
|drag|p1a: Gholdengo|Gholdengo|100/100
|-item|p1a: Gholdengo|Air Balloon
|move|p2a: Hatterene|Psychic Noise|p1a: Gholdengo
|-resisted|p1a: Gholdengo
|-damage|p1a: Gholdengo|76/100
|-start|p1a: Gholdengo|move: Heal Block
|-enditem|p1a: Gholdengo|Air Balloon
|
|-damage|p2a: Hatterene|73/100 psn|[from] psn
|upkeep
|turn|3
|
|t:|1758264693
|switch|p1a: Glimmora|Glimmora, F|100/100
|switch|p2a: Corviknight|Corviknight, M|100/100
|
|upkeep
|turn|4
|
|t:|1758264698
|switch|p2a: Hatterene|Hatterene, F|73/100 psn
|move|p1a: Glimmora|Stealth Rock|p2a: Hatterene
|move|p2a: Hatterene|Stealth Rock|p1a: Glimmora|[from] ability: Magic Bounce
|-sidestart|p1: participationsux|move: Stealth Rock
|
|-damage|p2a: Hatterene|61/100 psn|[from] psn
|upkeep
|turn|5
|
|t:|1758264701
|move|p1a: Glimmora|Sludge Wave|p2a: Hatterene
|-supereffective|p2a: Hatterene
|-damage|p2a: Hatterene|0 fnt
|faint|p2a: Hatterene
|
|upkeep
|
|t:|1758264706
|switch|p2a: Hoopa|Hoopa-Unbound|100/100
|turn|6
|
|t:|1758264713
|move|p2a: Hoopa|Psychic Noise|p1a: Glimmora
|-supereffective|p1a: Glimmora
|-crit|p1a: Glimmora
|-enditem|p1a: Glimmora|Focus Sash
|-damage|p1a: Glimmora|1/100
|-start|p1a: Glimmora|move: Heal Block
|move|p1a: Glimmora|Mortal Spin|p2a: Hoopa
|-damage|p2a: Hoopa|90/100
|-status|p2a: Hoopa|psn
|-sideend|p1: participationsux|Stealth Rock|[from] move: Mortal Spin|[of] p1a: Glimmora
|
|-damage|p2a: Hoopa|77/100 psn|[from] psn
|upkeep
|turn|7
|
|t:|1758264724
|switch|p1a: Darkrai|Darkrai|100/100
|move|p2a: Hoopa|Psychic Noise|p1a: Darkrai
|-immune|p1a: Darkrai
|
|-damage|p2a: Hoopa|65/100 psn|[from] psn
|upkeep
|turn|8
|
|t:|1758264731
|switch|p2a: Gliscor|Gliscor, F|100/100
|switch|p1a: Glimmora|Glimmora, F|1/100
|
|-status|p2a: Gliscor|tox|[from] item: Toxic Orb
|upkeep
|turn|9
|
|t:|1758264734
|switch|p2a: Corviknight|Corviknight, M|100/100
|move|p1a: Glimmora|Stealth Rock|p2a: Corviknight
|-sidestart|p2: hypnopie|move: Stealth Rock
|
|upkeep
|turn|10
|
|t:|1758264738
|switch|p1a: Gholdengo|Gholdengo|76/100
|move|p2a: Corviknight|Defog|p1a: Gholdengo
|-immune|p1a: Gholdengo|[from] ability: Good as Gold
|
|upkeep
|turn|11
|
|t:|1758264746
|switch|p2a: Gliscor|Gliscor, F|100/100 tox
|-damage|p2a: Gliscor|88/100 tox|[from] Stealth Rock
|move|p1a: Gholdengo|Shadow Ball|p2a: Gliscor
|-damage|p2a: Gliscor|36/100 tox
|
|-heal|p2a: Gliscor|49/100 tox|[from] ability: Poison Heal
|upkeep
|turn|12
|
|t:|1758264753
|switch|p1a: Glimmora|Glimmora, F|1/100
|move|p2a: Gliscor|Protect||[still]
|-fail|p2a: Gliscor
|
|-heal|p2a: Gliscor|61/100 tox|[from] ability: Poison Heal
|upkeep
|turn|13
|
|t:|1758264757
|move|p1a: Glimmora|Sludge Wave|p2a: Gliscor
|-resisted|p2a: Gliscor
|-damage|p2a: Gliscor|33/100 tox
|move|p2a: Gliscor|U-turn|p1a: Glimmora
|-resisted|p1a: Glimmora
|-damage|p1a: Glimmora|0 fnt
|-activate|p1a: Glimmora|ability: Toxic Debris
|-sidestart|p2: hypnopie|move: Toxic Spikes
|faint|p1a: Glimmora
|
|t:|1758264763
|switch|p2a: Corviknight|Corviknight, M|100/100|[from] U-turn
|-damage|p2a: Corviknight|88/100|[from] Stealth Rock
|
|-heal|p2a: Corviknight|94/100|[from] item: Leftovers
|upkeep
|
|t:|1758264765
|switch|p1a: Gholdengo|Gholdengo|76/100
|turn|14
|
|t:|1758264770
|switch|p2a: Hoopa|Hoopa-Unbound|65/100 psn
|-damage|p2a: Hoopa|53/100 psn|[from] Stealth Rock
|move|p1a: Gholdengo|Shadow Ball|p2a: Hoopa
|-damage|p2a: Hoopa|17/100 psn
|
|-damage|p2a: Hoopa|5/100 psn|[from] psn
|upkeep
|turn|15
|
|t:|1758264780
|switch|p1a: Darkrai|Darkrai|100/100
|move|p2a: Hoopa|Dark Pulse|p1a: Darkrai
|-resisted|p1a: Darkrai
|-damage|p1a: Darkrai|66/100
|
|-damage|p2a: Hoopa|0 fnt|[from] psn
|faint|p2a: Hoopa
|upkeep
|
|t:|1758264787
|switch|p2a: Corviknight|Corviknight, M|94/100
|-damage|p2a: Corviknight|82/100|[from] Stealth Rock
|turn|16
|
|t:|1758264799
|switch|p1a: Gholdengo|Gholdengo|76/100
|switch|p2a: Azelf|Azelf|100/100
|-damage|p2a: Azelf|88/100|[from] Stealth Rock
|
|upkeep
|turn|17
|
|t:|1758264804
|switch|p1a: Darkrai|Darkrai|66/100
|move|p2a: Azelf|Knock Off|p1a: Darkrai
|-resisted|p1a: Darkrai
|-damage|p1a: Darkrai|45/100
|-enditem|p1a: Darkrai|Heavy-Duty Boots|[from] move: Knock Off|[of] p2a: Azelf
|
|upkeep
|turn|18
|inactive|hypnopie has 120 seconds left.
|
|t:|1758264844
|move|p1a: Darkrai|Dark Pulse|p2a: Azelf
|-supereffective|p2a: Azelf
|-damage|p2a: Azelf|0 fnt
|faint|p2a: Azelf
|
|upkeep
|
|t:|1758264851
|switch|p2a: Dragonite|Dragonite, M|100/100
|-damage|p2a: Dragonite|76/100|[from] Stealth Rock
|turn|19
|
|t:|1758264855
|-terastallize|p2a: Dragonite|Fairy
|move|p1a: Darkrai|Ice Beam|p2a: Dragonite
|-damage|p2a: Dragonite|45/100
|move|p2a: Dragonite|Dragon Dance|p2a: Dragonite
|-boost|p2a: Dragonite|atk|1
|-boost|p2a: Dragonite|spe|1
|
|upkeep
|turn|20
|
|t:|1758264867
|move|p1a: Darkrai|Sludge Bomb|p2a: Dragonite
|-supereffective|p2a: Dragonite
|-crit|p2a: Dragonite
|-damage|p2a: Dragonite|0 fnt
|faint|p2a: Dragonite
|
|upkeep
|inactive|hypnopie has 120 seconds left.
|l|☆hypnopie
|inactive|hypnopie disconnected and has a minute to reconnect!
|player|p2|
|inactive|hypnopie has 30 seconds to reconnect!
|inactive|hypnopie has 20 seconds to reconnect!
|inactive|hypnopie has 15 seconds to reconnect!
|inactive|hypnopie has 10 seconds to reconnect!
|inactive|hypnopie has 5 seconds to reconnect!
|-message|hypnopie lost due to inactivity.
|
|win|participationsux
|raw|participationsux's rating: 1255 &rarr; <strong>1280</strong><br />(+25 for winning)
|raw|hypnopie's rating: 1257 &rarr; <strong>1232</strong><br />(-25 for losing)
|l|☆participationsux
|player|p1|
