|j|☆FriedAstronauts
|j|☆pokomonplayer
|t:|1758235773
|gametype|singles
|player|p1|FriedAstronauts|marlon|1279
|player|p2|pokomonplayer|102|1296
|gen|9
|tier|[Gen 9] OU
|rated|
|rule|HP Percentage Mod: HP is shown in percentages
|rule|Endless Battle Clause: Forcing endless battles is banned
|rule|Species Clause: Limit one of each Pokémon
|rule|OHKO Clause: OHKO moves are banned
|rule|Evasion Items Clause: Evasion items are banned
|rule|Evasion Moves Clause: Evasion moves are banned
|rule|Evasion Abilities Clause: Evasion abilities are banned
|rule|Sleep Moves Clause: Sleep-inducing moves are banned
|clearpoke
|poke|p1|Zoroark-Hisui, F|
|poke|p1|Ursaluna, F|
|poke|p1|Blissey, F|
|poke|p1|Porygon2|
|poke|p1|Slaking, M|
|poke|p1|Staraptor, F|
|poke|p2|Hoopa-Unbound|
|poke|p2|Landorus-Therian, M|
|poke|p2|Slowking-Galar, M|
|poke|p2|Iron Moth|
|poke|p2|Primarina, F|
|poke|p2|Scizor, M|
|teampreview
|inactive|Battle timer is ON: inactive players will automatically lose when time's up. (requested by pokomonplayer)
|inactive|FriedAstronauts also wants the timer to be on.
|
|t:|1758235781
|teamsize|p1|6
|teamsize|p2|6
|start
|switch|p1a: Blissey|Blissey, F|100/100
|switch|p2a: Landorus|Landorus-Therian, M|100/100
|-ability|p2a: Landorus|Intimidate|boost
|-unboost|p1a: Blissey|atk|1
|turn|1
|
|t:|1758235792
|move|p1a: Blissey|Nasty Plot|p1a: Blissey
|-boost|p1a: Blissey|spa|2
|move|p2a: Landorus|Smack Down|p1a: Blissey
|-damage|p1a: Blissey|66/100
|replace|p1a: Zoroark|Zoroark-Hisui, F
|-end|p1a: Zoroark|Illusion
|
|upkeep
|turn|2
|
|t:|1758235801
|move|p1a: Zoroark|Hyper Voice|p2a: Landorus
|-damage|p2a: Landorus|7/100
|move|p2a: Landorus|Crunch|p1a: Zoroark
|-supereffective|p1a: Zoroark
|-damage|p1a: Zoroark|0 fnt
|faint|p1a: Zoroark
|
|upkeep
|
|t:|1758235807
|switch|p1a: Staraptor|Staraptor, F|100/100
|-ability|p1a: Staraptor|Intimidate|boost
|-unboost|p2a: Landorus|atk|1
|turn|3
|
|t:|1758235824
|move|p1a: Staraptor|U-turn|p2a: Landorus
|-resisted|p2a: Landorus
|-damage|p2a: Landorus|0 fnt
|-damage|p1a: Staraptor|84/100|[from] item: Rocky Helmet|[of] p2a: Landorus
|faint|p2a: Landorus
|
|t:|1758235832
|switch|p1a: Ursaluna|Ursaluna, F|100/100|[from] U-turn
|
|-status|p1a: Ursaluna|brn|[from] item: Flame Orb
|upkeep
|
|t:|1758235849
|switch|p2a: Scizor|Scizor, M|100/100
|turn|4
|
|t:|1758235853
|-terastallize|p1a: Ursaluna|Ground
|move|p2a: Scizor|Close Combat|p1a: Ursaluna
|-damage|p1a: Ursaluna|54/100 brn
|-unboost|p2a: Scizor|def|1
|-unboost|p2a: Scizor|spd|1
|move|p1a: Ursaluna|Earthquake|p2a: Scizor
|-damage|p2a: Scizor|0 fnt
|faint|p2a: Scizor
|
|-damage|p1a: Ursaluna|48/100 brn|[from] brn
|upkeep
|
|t:|1758235864
|switch|p2a: Iron Moth|Iron Moth|100/100
|-enditem|p2a: Iron Moth|Booster Energy
|-activate|p2a: Iron Moth|ability: Quark Drive|[fromitem]
|-start|p2a: Iron Moth|quarkdrivespe
|turn|5
|
|t:|1758235873
|move|p2a: Iron Moth|Fiery Dance|p1a: Ursaluna
|-damage|p1a: Ursaluna|12/100 brn
|-boost|p2a: Iron Moth|spa|1
|move|p1a: Ursaluna|Earthquake|p2a: Iron Moth
|-supereffective|p2a: Iron Moth
|-damage|p2a: Iron Moth|0 fnt
|faint|p2a: Iron Moth
|-end|p2a: Iron Moth|Quark Drive|[silent]
|
|-damage|p1a: Ursaluna|6/100 brn|[from] brn
|upkeep
|
|t:|1758235883
|switch|p2a: Hoopa|Hoopa-Unbound|100/100
|turn|6
|
|t:|1758235888
|-terastallize|p2a: Hoopa|Flying
|move|p2a: Hoopa|Drain Punch|p1a: Ursaluna
|-damage|p1a: Ursaluna|0 fnt
|faint|p1a: Ursaluna
|
|upkeep
|
|t:|1758235894
|switch|p1a: Porygon2|Porygon2|100/100
|turn|7
|
|t:|1758235897
|switch|p2a: Primarina|Primarina, F|100/100
|move|p1a: Porygon2|Ice Beam|p2a: Primarina
|-resisted|p2a: Primarina
|-damage|p2a: Primarina|92/100
|
|upkeep
|turn|8
|
|t:|1758235906
|switch|p1a: Blissey|Blissey, F|100/100
|move|p2a: Primarina|Surf|p1a: Blissey
|-damage|p1a: Blissey|83/100
|
|-heal|p1a: Blissey|89/100|[from] item: Leftovers
|upkeep
|turn|9
|
|t:|1758235918
|switch|p2a: Hoopa|Hoopa-Unbound, tera:Flying|100/100
|move|p1a: Blissey|Thunder Wave|p2a: Hoopa
|-status|p2a: Hoopa|par
|
|-heal|p1a: Blissey|95/100|[from] item: Leftovers
|upkeep
|turn|10
|
|t:|1758235925
|switch|p1a: Staraptor|Staraptor, F|84/100
|-ability|p1a: Staraptor|Intimidate|boost
|-unboost|p2a: Hoopa|atk|1
|move|p2a: Hoopa|Drain Punch|p1a: Staraptor
|-damage|p1a: Staraptor|55/100
|
|upkeep
|turn|11
|
|t:|1758235934
|move|p1a: Staraptor|Brave Bird|p2a: Hoopa
|-damage|p2a: Hoopa|34/100 par
|-damage|p1a: Staraptor|29/100|[from] Recoil
|move|p2a: Hoopa|Thunderbolt|p1a: Staraptor
|-supereffective|p1a: Staraptor
|-damage|p1a: Staraptor|0 fnt
|faint|p1a: Staraptor
|
|upkeep
|
|t:|1758235941
|switch|p1a: Slaking|Slaking, M|100/100
|turn|12
|
|t:|1758235946
|move|p1a: Slaking|Knock Off|p2a: Hoopa
|-damage|p2a: Hoopa|0 fnt
|-enditem|p2a: Hoopa|Assault Vest|[from] move: Knock Off|[of] p1a: Slaking
|faint|p2a: Hoopa
|
|upkeep
|-message|pokomonplayer forfeited.
|
|win|FriedAstronauts
|raw|FriedAstronauts's rating: 1279 &rarr; <strong>1305</strong><br />(+26 for winning)
|raw|pokomonplayer's rating: 1296 &rarr; <strong>1270</strong><br />(-26 for losing)
|l|☆pokomonplayer
|player|p2|
|l|☆FriedAstronauts
|player|p1|
