|j|☆zuzusenpai
|j|☆Samarand
|t:|1758231609
|gametype|singles
|player|p1|zuzusenpai|265|1236
|player|p2|Samarand|veteranf|1240
|gen|9
|tier|[Gen 9] OU
|rated|
|rule|HP Percentage Mod: HP is shown in percentages
|rule|Endless Battle Clause: Forcing endless battles is banned
|rule|Species Clause: Limit one of each Pokémon
|rule|OHKO Clause: OHKO moves are banned
|rule|Evasion Items Clause: Evasion items are banned
|rule|Evasion Moves Clause: Evasion moves are banned
|rule|Evasion Abilities Clause: Evasion abilities are banned
|rule|Sleep Moves Clause: Sleep-inducing moves are banned
|clearpoke
|poke|p1|Clefable, F|
|poke|p1|Serperior, F|
|poke|p1|Jolteon, F|
|poke|p1|Salamence, M|
|poke|p1|Garganacl, M|
|poke|p1|Dragonite, F|
|poke|p2|Delphox, F|
|poke|p2|Rillaboom, F|
|poke|p2|Ninetales, F|
|poke|p2|Corviknight, M|
|poke|p2|Iron Treads|
|poke|p2|Araquanid, M|
|teampreview
|
|t:|1758231640
|teamsize|p1|6
|teamsize|p2|6
|start
|switch|p1a: Jolteon|Jolteon, F|100/100
|switch|p2a: Iron Treads|Iron Treads|100/100
|turn|1
|
|t:|1758231647
|move|p1a: Jolteon|Protect|p1a: Jolteon
|-singleturn|p1a: Jolteon|Protect
|move|p2a: Iron Treads|Stealth Rock|p1a: Jolteon
|-sidestart|p1: zuzusenpai|move: Stealth Rock
|
|-status|p1a: Jolteon|brn|[from] item: Flame Orb
|upkeep
|turn|2
|
|t:|1758231661
|-terastallize|p1a: Jolteon|Ice
|move|p1a: Jolteon|Tera Blast|p2a: Iron Treads|[anim] Tera Blast Ice
|-damage|p2a: Iron Treads|46/100
|-enditem|p2a: Iron Treads|Sitrus Berry|[eat]
|-heal|p2a: Iron Treads|71/100|[from] item: Sitrus Berry
|move|p2a: Iron Treads|High Horsepower|p1a: Jolteon
|-damage|p1a: Jolteon|17/100 brn
|
|-damage|p1a: Jolteon|11/100 brn|[from] brn
|upkeep
|turn|3
|
|t:|1758231687
|-end|p2a: Iron Treads|Quark Drive|[silent]
|switch|p2a: Araquanid|Araquanid, M|100/100
|move|p1a: Jolteon|Shadow Ball|p2a: Araquanid
|-damage|p2a: Araquanid|78/100
|
|-damage|p1a: Jolteon|5/100 brn|[from] brn
|upkeep
|turn|4
|
|t:|1758231701
|switch|p2a: Iron Treads|Iron Treads|71/100
|move|p1a: Jolteon|Volt Switch|p2a: Iron Treads
|-immune|p2a: Iron Treads
|
|-damage|p1a: Jolteon|0 fnt|[from] brn
|faint|p1a: Jolteon
|upkeep
|
|t:|1758231713
|switch|p1a: Salamence|Salamence, M|100/100
|-damage|p1a: Salamence|75/100|[from] Stealth Rock
|turn|5
|
|t:|1758231733
|move|p1a: Salamence|Earthquake|p2a: Iron Treads
|-supereffective|p2a: Iron Treads
|-damage|p2a: Iron Treads|3/100
|move|p2a: Iron Treads|Rapid Spin|p1a: Salamence
|-damage|p1a: Salamence|54/100
|-boost|p2a: Iron Treads|spe|1
|
|upkeep
|turn|6
|
|t:|1758231739
|move|p2a: Iron Treads|Endeavor|p1a: Salamence
|-damage|p1a: Salamence|3/100
|move|p1a: Salamence|Earthquake|p2a: Iron Treads
|-supereffective|p2a: Iron Treads
|-damage|p2a: Iron Treads|0 fnt
|faint|p2a: Iron Treads
|-end|p2a: Iron Treads|Quark Drive|[silent]
|-ability|p1a: Salamence|Moxie|boost
|-boost|p1a: Salamence|atk|1
|
|upkeep
|
|t:|1758231748
|switch|p2a: Rillaboom|Rillaboom, F|100/100
|-fieldstart|move: Grassy Terrain|[from] ability: Grassy Surge|[of] p2a: Rillaboom
|turn|7
|
|t:|1758231751
|move|p2a: Rillaboom|Grassy Glide|p1a: Salamence
|-resisted|p1a: Salamence
|-damage|p1a: Salamence|0 fnt
|faint|p1a: Salamence
|
|upkeep
|
|t:|1758231762
|switch|p1a: Garganacl|Garganacl, M|100/100
|-damage|p1a: Garganacl|88/100|[from] Stealth Rock
|turn|8
|
|t:|1758231773
|switch|p2a: Delphox|Delphox, F|100/100
|move|p1a: Garganacl|Stealth Rock|p2a: Delphox
|-sidestart|p2: Samarand|move: Stealth Rock
|
|-heal|p1a: Garganacl|94/100|[from] Grassy Terrain
|-heal|p1a: Garganacl|100/100|[from] item: Leftovers
|upkeep
|turn|9
|
|t:|1758231782
|move|p2a: Delphox|Grass Knot|p1a: Garganacl
|-supereffective|p1a: Garganacl
|-damage|p1a: Garganacl|0 fnt
|faint|p1a: Garganacl
|
|upkeep
|-message|zuzusenpai forfeited.
|
|win|Samarand
|raw|zuzusenpai's rating: 1236 &rarr; <strong>1211</strong><br />(-25 for losing)
|raw|Samarand's rating: 1240 &rarr; <strong>1265</strong><br />(+25 for winning)
|l|☆zuzusenpai
|player|p1|
