|j|☆SOMBRABRYT
|j|☆chise0713
|t:|1758350949
|gametype|singles
|player|p1|SOMBRABRYT|265|1169
|player|p2|chise0713|skyla|1194
|gen|9
|tier|[Gen 9] OU
|rated|
|rule|HP Percentage Mod: HP is shown in percentages
|rule|Endless Battle Clause: Forcing endless battles is banned
|rule|Species Clause: Limit one of each Pokémon
|rule|OHKO Clause: OHKO moves are banned
|rule|Evasion Items Clause: Evasion items are banned
|rule|Evasion Moves Clause: Evasion moves are banned
|rule|Evasion Abilities Clause: Evasion abilities are banned
|rule|Sleep Moves Clause: Sleep-inducing moves are banned
|clearpoke
|poke|p1|Ursaluna, M|
|poke|p1|Malamar, M|
|poke|p1|Gyarados, M|
|poke|p1|Cloyster, F|
|poke|p1|Araquanid, F|
|poke|p1|Mamoswine, M|
|poke|p2|Politoed, M|
|poke|p2|Kingdra, M|
|poke|p2|Kilowattrel, F|
|poke|p2|Noivern, M|
|poke|p2|Barraskewda, M|
|poke|p2|Goodra-Hisui, M|
|teampreview
|inactive|Battle timer is ON: inactive players will automatically lose when time's up. (requested by chise0713)
|
|t:|1758350962
|teamsize|p1|6
|teamsize|p2|6
|start
|switch|p1a: Mamoswine|Mamoswine, M|100/100
|switch|p2a: Politoed|Politoed, M|100/100
|-weather|RainDance|[from] ability: Drizzle|[of] p2a: Politoed
|turn|1
|
|t:|1758350980
|-terastallize|p1a: Mamoswine|Ice
|move|p1a: Mamoswine|Icicle Crash|p2a: Politoed
|-resisted|p2a: Politoed
|-damage|p2a: Politoed|70/100
|-enditem|p2a: Politoed|Eject Button
|
|t:|1758351003
|switch|p2a: Barraskewda|Barraskewda, M|100/100
|
|-weather|RainDance|[upkeep]
|upkeep
|turn|2
|
|t:|1758351019
|switch|p1a: Malamar|Malamar, M|100/100
|move|p2a: Barraskewda|Liquidation|p1a: Malamar
|-damage|p1a: Malamar|0 fnt
|faint|p1a: Malamar
|
|-weather|RainDance|[upkeep]
|upkeep
|
|t:|1758351033
|switch|p1a: Cloyster|Cloyster, F|100/100
|turn|3
|
|t:|1758351040
|switch|p2a: Goodra|Goodra-Hisui, M|100/100
|move|p1a: Cloyster|Shell Smash|p1a: Cloyster
|-unboost|p1a: Cloyster|def|1
|-unboost|p1a: Cloyster|spd|1
|-boost|p1a: Cloyster|atk|2
|-boost|p1a: Cloyster|spa|2
|-boost|p1a: Cloyster|spe|2
|
|-weather|RainDance|[upkeep]
|upkeep
|turn|4
|
|t:|1758351051
|move|p1a: Cloyster|Icicle Spear|p2a: Goodra
|-damage|p2a: Goodra|85/100
|-damage|p2a: Goodra|69/100
|-damage|p2a: Goodra|54/100
|-damage|p2a: Goodra|37/100
|-damage|p2a: Goodra|22/100
|-hitcount|p2a: Goodra|5
|move|p2a: Goodra|Body Press|p1a: Cloyster
|-supereffective|p1a: Cloyster
|-damage|p1a: Cloyster|38/100
|
|-weather|RainDance|[upkeep]
|-heal|p2a: Goodra|28/100|[from] item: Leftovers
|upkeep
|turn|5
|inactive|chise0713 has 120 seconds left.
|
|t:|1758351081
|move|p1a: Cloyster|Icicle Spear|p2a: Goodra
|-damage|p2a: Goodra|13/100
|-damage|p2a: Goodra|0 fnt
|faint|p2a: Goodra
|-hitcount|p2: Goodra|2
|
|-weather|none
|upkeep
|
|t:|1758351085
|switch|p2a: Politoed|Politoed, M|70/100
|-weather|RainDance|[from] ability: Drizzle|[of] p2a: Politoed
|turn|6
|
|t:|1758351091
|move|p1a: Cloyster|Rock Blast|p2a: Politoed
|-damage|p2a: Politoed|51/100
|-damage|p2a: Politoed|33/100
|-damage|p2a: Politoed|16/100
|-damage|p2a: Politoed|0 fnt
|faint|p2a: Politoed
|-hitcount|p2: Politoed|4
|
|-weather|RainDance|[upkeep]
|upkeep
|
|t:|1758351103
|switch|p2a: Kilowattrel|Kilowattrel, F|100/100
|turn|7
|
|t:|1758351110
|move|p1a: Cloyster|Icicle Spear|p2a: Kilowattrel
|-supereffective|p2a: Kilowattrel
|-damage|p2a: Kilowattrel|23/100
|-supereffective|p2a: Kilowattrel
|-damage|p2a: Kilowattrel|0 fnt
|faint|p2a: Kilowattrel
|-hitcount|p2: Kilowattrel|2
|
|-weather|RainDance|[upkeep]
|upkeep
|
|t:|1758351115
|switch|p2a: Kingdra|Kingdra, M|100/100
|turn|8
|
|t:|1758351120
|move|p1a: Cloyster|Icicle Spear|p2a: Kingdra
|-damage|p2a: Kingdra|79/100
|-damage|p2a: Kingdra|58/100
|-damage|p2a: Kingdra|36/100
|-damage|p2a: Kingdra|12/100
|-damage|p2a: Kingdra|0 fnt
|faint|p2a: Kingdra
|-hitcount|p2: Kingdra|5
|
|-weather|RainDance|[upkeep]
|upkeep
|-message|chise0713 forfeited.
|
|win|SOMBRABRYT
|raw|SOMBRABRYT's rating: 1169 &rarr; <strong>1196</strong><br />(+27 for winning)
|raw|chise0713's rating: 1194 &rarr; <strong>1167</strong><br />(-27 for losing)
|l|☆chise0713
|player|p2|
|l|☆SOMBRABRYT
|player|p1|
