|j|☆WhatssAShield
|j|☆C3F2
|t:|1758247227
|gametype|singles
|player|p1|WhatssAShield|266|1114
|player|p2|C3F2|misty|1117
|gen|9
|tier|[Gen 9] OU
|rated|
|rule|HP Percentage Mod: HP is shown in percentages
|rule|Endless Battle Clause: Forcing endless battles is banned
|rule|Species Clause: Limit one of each Pokémon
|rule|OHKO Clause: OHKO moves are banned
|rule|Evasion Items Clause: Evasion items are banned
|rule|Evasion Moves Clause: Evasion moves are banned
|rule|Evasion Abilities Clause: Evasion abilities are banned
|rule|Sleep Moves Clause: Sleep-inducing moves are banned
|clearpoke
|poke|p1|Clefable, M|
|poke|p1|Great Tusk|
|poke|p1|Garganacl, F|
|poke|p1|Lilligant-Hisui, F|
|poke|p1|Ninetales, M|
|poke|p1|Registeel|
|poke|p2|Hatterene, F|
|poke|p2|Torkoal, M|
|poke|p2|Walking Wake|
|poke|p2|Great Tusk|
|poke|p2|Corviknight, M|
|poke|p2|Raging Bolt|
|teampreview
|
|t:|1758247234
|teamsize|p1|6
|teamsize|p2|6
|start
|switch|p1a: Registeel|Registeel|100/100
|switch|p2a: Torkoal|Torkoal, M|100/100
|-weather|SunnyDay|[from] ability: Drought|[of] p2a: Torkoal
|turn|1
|
|t:|1758247245
|move|p1a: Registeel|Earthquake|p2a: Torkoal
|-supereffective|p2a: Torkoal
|-damage|p2a: Torkoal|67/100
|move|p2a: Torkoal|Stealth Rock|p1a: Registeel
|-sidestart|p1: WhatssAShield|move: Stealth Rock
|
|-weather|SunnyDay|[upkeep]
|upkeep
|turn|2
|inactive|Battle timer is ON: inactive players will automatically lose when time's up. (requested by WhatssAShield)
|
|t:|1758247260
|switch|p1a: Ninetales|Ninetales, M, shiny|100/100
|-damage|p1a: Ninetales|76/100|[from] Stealth Rock
|switch|p2a: Corviknight|Corviknight, M|100/100
|-ability|p2a: Corviknight|Pressure
|
|-weather|SunnyDay|[upkeep]
|upkeep
|turn|3
|
|t:|1758247272
|switch|p2a: Walking Wake|Walking Wake|100/100
|-activate|p2a: Walking Wake|ability: Protosynthesis
|-start|p2a: Walking Wake|protosynthesisspe
|move|p1a: Ninetales|Weather Ball|p2a: Walking Wake
|-resisted|p2a: Walking Wake
|-damage|p2a: Walking Wake|81/100
|
|-weather|SunnyDay|[upkeep]
|upkeep
|turn|4
|
|t:|1758247284
|move|p2a: Walking Wake|Hydro Steam|p1a: Ninetales
|-supereffective|p1a: Ninetales
|-damage|p1a: Ninetales|0 fnt
|faint|p1a: Ninetales
|-damage|p2a: Walking Wake|72/100|[from] item: Life Orb
|
|-weather|SunnyDay|[upkeep]
|upkeep
|
|t:|1758247291
|switch|p1a: Lilligant|Lilligant-Hisui, F, shiny|100/100
|-damage|p1a: Lilligant|94/100|[from] Stealth Rock
|turn|5
|
|t:|1758247296
|move|p1a: Lilligant|Solar Blade||[still]
|-prepare|p1a: Lilligant|Solar Blade
|-anim|p1a: Lilligant|Solar Blade|p2a: Walking Wake
|-damage|p2a: Walking Wake|0 fnt
|faint|p2a: Walking Wake
|-end|p2a: Walking Wake|Protosynthesis|[silent]
|-damage|p1a: Lilligant|84/100|[from] item: Life Orb
|
|-weather|SunnyDay|[upkeep]
|upkeep
|
|t:|1758247305
|switch|p2a: Raging Bolt|Raging Bolt|100/100
|-activate|p2a: Raging Bolt|ability: Protosynthesis
|-start|p2a: Raging Bolt|protosynthesisspa
|turn|6
|
|t:|1758247313
|move|p2a: Raging Bolt|Thunderclap|p1a: Lilligant
|-resisted|p1a: Lilligant
|-damage|p1a: Lilligant|27/100
|-damage|p2a: Raging Bolt|91/100|[from] item: Life Orb
|move|p1a: Lilligant|Triple Axel|p2a: Raging Bolt
|-supereffective|p2a: Raging Bolt
|-damage|p2a: Raging Bolt|77/100
|-supereffective|p2a: Raging Bolt
|-damage|p2a: Raging Bolt|50/100
|-supereffective|p2a: Raging Bolt
|-damage|p2a: Raging Bolt|11/100
|-hitcount|p2a: Raging Bolt|3
|-damage|p1a: Lilligant|17/100|[from] item: Life Orb
|
|-weather|SunnyDay|[upkeep]
|upkeep
|turn|7
|
|t:|1758247326
|switch|p1a: Great Tusk|Great Tusk|100/100
|-damage|p1a: Great Tusk|98/100|[from] Stealth Rock
|-activate|p1a: Great Tusk|ability: Protosynthesis
|-start|p1a: Great Tusk|protosynthesisatk
|move|p2a: Raging Bolt|Thunderclap||[still]
|-fail|p2a: Raging Bolt
|
|-weather|SunnyDay|[upkeep]
|upkeep
|turn|8
|
|t:|1758247336
|-end|p2a: Raging Bolt|Protosynthesis|[silent]
|switch|p2a: Corviknight|Corviknight, M|100/100
|-ability|p2a: Corviknight|Pressure
|move|p1a: Great Tusk|Rapid Spin|p2a: Corviknight
|-resisted|p2a: Corviknight
|-damage|p2a: Corviknight|90/100
|-boost|p1a: Great Tusk|spe|1
|-damage|p1a: Great Tusk|81/100|[from] item: Rocky Helmet|[of] p2a: Corviknight
|-sideend|p1: WhatssAShield|Stealth Rock|[from] move: Rapid Spin|[of] p1a: Great Tusk
|
|-weather|none
|-end|p1a: Great Tusk|Protosynthesis
|upkeep
|-enditem|p1a: Great Tusk|Booster Energy
|-activate|p1a: Great Tusk|ability: Protosynthesis|[fromitem]
|-start|p1a: Great Tusk|protosynthesisspe
|turn|9
|
|t:|1758247353
|-end|p1a: Great Tusk|Protosynthesis|[silent]
|switch|p1a: Garganacl|Garganacl, F, shiny|100/100
|move|p2a: Corviknight|Iron Defense|p2a: Corviknight
|-boost|p2a: Corviknight|def|2
|
|upkeep
|turn|10
|
|t:|1758247361
|move|p2a: Corviknight|Body Press|p1a: Garganacl
|-supereffective|p1a: Garganacl
|-damage|p1a: Garganacl|64/100
|move|p1a: Garganacl|Salt Cure|p2a: Corviknight
|-damage|p2a: Corviknight|85/100
|-start|p2a: Corviknight|Salt Cure
|
|-heal|p1a: Garganacl|71/100|[from] item: Leftovers
|-damage|p2a: Corviknight|60/100|[from] Salt Cure
|upkeep
|turn|11
|
|t:|1758247372
|switch|p2a: Torkoal|Torkoal, M|67/100
|-weather|SunnyDay|[from] ability: Drought|[of] p2a: Torkoal
|move|p1a: Garganacl|Curse|p1a: Garganacl
|-unboost|p1a: Garganacl|spe|1
|-boost|p1a: Garganacl|atk|1
|-boost|p1a: Garganacl|def|1
|
|-weather|SunnyDay|[upkeep]
|-heal|p1a: Garganacl|77/100|[from] item: Leftovers
|upkeep
|turn|12
|
|t:|1758247384
|switch|p1a: Lilligant|Lilligant-Hisui, F, shiny|17/100
|move|p2a: Torkoal|Stealth Rock|p1a: Lilligant
|-sidestart|p1: WhatssAShield|move: Stealth Rock
|
|-weather|SunnyDay|[upkeep]
|upkeep
|turn|13
|
|t:|1758247391
|move|p1a: Lilligant|Close Combat|p2a: Torkoal
|-damage|p2a: Torkoal|11/100
|-unboost|p1a: Lilligant|def|1
|-unboost|p1a: Lilligant|spd|1
|-damage|p1a: Lilligant|7/100|[from] item: Life Orb
|move|p2a: Torkoal|Will-O-Wisp|p1a: Lilligant
|-status|p1a: Lilligant|brn
|
|-weather|SunnyDay|[upkeep]
|-damage|p1a: Lilligant|1/100 brn|[from] brn
|upkeep
|turn|14
|
|t:|1758247408
|switch|p2a: Great Tusk|Great Tusk|100/100
|-activate|p2a: Great Tusk|ability: Protosynthesis
|-start|p2a: Great Tusk|protosynthesisatk
|move|p1a: Lilligant|Close Combat|p2a: Great Tusk
|-damage|p2a: Great Tusk|74/100
|-unboost|p1a: Lilligant|def|1
|-unboost|p1a: Lilligant|spd|1
|-damage|p1a: Lilligant|0 fnt|[from] item: Life Orb
|faint|p1a: Lilligant
|
|-weather|SunnyDay|[upkeep]
|-heal|p2a: Great Tusk|80/100|[from] item: Leftovers
|upkeep
|
|t:|1758247416
|switch|p1a: Clefable|Clefable, M|100/100
|turn|15
|
|t:|1758247431
|move|p2a: Great Tusk|Bulk Up|p2a: Great Tusk
|-boost|p2a: Great Tusk|atk|1
|-boost|p2a: Great Tusk|def|1
|move|p1a: Clefable|Calm Mind|p1a: Clefable
|-boost|p1a: Clefable|spa|1
|-boost|p1a: Clefable|spd|1
|
|-weather|SunnyDay|[upkeep]
|-heal|p2a: Great Tusk|86/100|[from] item: Leftovers
|upkeep
|turn|16
|
|t:|1758247440
|-terastallize|p2a: Great Tusk|Ground
|move|p2a: Great Tusk|Headlong Rush|p1a: Clefable
|-damage|p1a: Clefable|0 fnt
|-unboost|p2a: Great Tusk|def|1
|-unboost|p2a: Great Tusk|spd|1
|faint|p1a: Clefable
|
|-weather|SunnyDay|[upkeep]
|-heal|p2a: Great Tusk|92/100|[from] item: Leftovers
|upkeep
|
|t:|1758247450
|switch|p1a: Great Tusk|Great Tusk|81/100
|-damage|p1a: Great Tusk|78/100|[from] Stealth Rock
|-activate|p1a: Great Tusk|ability: Protosynthesis
|-start|p1a: Great Tusk|protosynthesisatk
|turn|17
|
|t:|1758247458
|move|p1a: Great Tusk|Ice Spinner|p2a: Great Tusk
|-supereffective|p2a: Great Tusk
|-damage|p2a: Great Tusk|35/100
|move|p2a: Great Tusk|Headlong Rush|p1a: Great Tusk
|-damage|p1a: Great Tusk|0 fnt
|-unboost|p2a: Great Tusk|def|1
|-unboost|p2a: Great Tusk|spd|1
|faint|p1a: Great Tusk
|-end|p1a: Great Tusk|Protosynthesis|[silent]
|
|-weather|SunnyDay|[upkeep]
|-heal|p2a: Great Tusk|41/100|[from] item: Leftovers
|upkeep
|
|t:|1758247466
|switch|p1a: Registeel|Registeel|100/100
|-damage|p1a: Registeel|95/100|[from] Stealth Rock
|turn|18
|
|t:|1758247473
|move|p2a: Great Tusk|Headlong Rush|p1a: Registeel
|-supereffective|p1a: Registeel
|-damage|p1a: Registeel|0 fnt
|-unboost|p2a: Great Tusk|def|1
|-unboost|p2a: Great Tusk|spd|1
|faint|p1a: Registeel
|
|-weather|none
|-end|p2a: Great Tusk|Protosynthesis
|-heal|p2a: Great Tusk|47/100|[from] item: Leftovers
|upkeep
|
|t:|1758247476
|switch|p1a: Garganacl|Garganacl, F, shiny|77/100
|-damage|p1a: Garganacl|64/100|[from] Stealth Rock
|turn|19
|
|t:|1758247489
|-terastallize|p1a: Garganacl|Water
|move|p2a: Great Tusk|Headlong Rush|p1a: Garganacl
|-damage|p1a: Garganacl|0 fnt
|-unboost|p2a: Great Tusk|def|1
|-unboost|p2a: Great Tusk|spd|1
|faint|p1a: Garganacl
|
|win|C3F2
|raw|WhatssAShield's rating: 1114 &rarr; <strong>1089</strong><br />(-25 for losing)
|raw|C3F2's rating: 1117 &rarr; <strong>1142</strong><br />(+25 for winning)
|l|☆WhatssAShield
|player|p1|
