|j|☆sergio.andres0211
|j|☆KuroNoTamashi
|t:|1758271532
|gametype|singles
|player|p1|sergio.andres0211|hilbert-wonderlauncher|1532
|player|p2|KuroNoTamashi|265|1505
|gen|9
|tier|[Gen 9] OU
|rated|
|rule|HP Percentage Mod: HP is shown in percentages
|rule|Endless Battle Clause: Forcing endless battles is banned
|rule|Species Clause: Limit one of each Pokémon
|rule|OHKO Clause: OHKO moves are banned
|rule|Evasion Items Clause: Evasion items are banned
|rule|Evasion Moves Clause: Evasion moves are banned
|rule|Evasion Abilities Clause: Evasion abilities are banned
|rule|Sleep Moves Clause: Sleep-inducing moves are banned
|clearpoke
|poke|p1|Meowscarada, F|
|poke|p1|Quaquaval, M|
|poke|p1|Ceruledge, M|
|poke|p1|Sandy Shocks|
|poke|p1|Enamorus, F|
|poke|p1|Glimmora, M|
|poke|p2|Kyurem|
|poke|p2|Ting-Lu|
|poke|p2|Pecharunt|
|poke|p2|Iron Moth|
|poke|p2|Cinderace, F|
|poke|p2|Deoxys-Speed|
|teampreview
|
|t:|1758271539
|teamsize|p1|6
|teamsize|p2|6
|start
|switch|p1a: Quaquaval|Quaquaval, M|100/100
|switch|p2a: Kyurem|Kyurem, shiny|100/100
|-ability|p2a: Kyurem|Pressure
|turn|1
|
|t:|1758271545
|-terastallize|p2a: Kyurem|Ghost
|move|p2a: Kyurem|Dragon Dance|p2a: Kyurem
|-boost|p2a: Kyurem|atk|1
|-boost|p2a: Kyurem|spe|1
|move|p1a: Quaquaval|Close Combat|p2a: Kyurem
|-immune|p2a: Kyurem
|
|upkeep
|turn|2
|inactive|Battle timer is ON: inactive players will automatically lose when time's up. (requested by sergio.andres0211)
|
|t:|1758271549
|move|p2a: Kyurem|Freeze-Dry|p1a: Quaquaval
|-supereffective|p1a: Quaquaval
|-damage|p1a: Quaquaval|20/100
|move|p1a: Quaquaval|Aqua Step|p2a: Kyurem
|-damage|p2a: Kyurem|58/100
|-boost|p1a: Quaquaval|spe|1
|
|upkeep
|turn|3
|
|t:|1758271556
|move|p2a: Kyurem|Freeze-Dry|p1a: Quaquaval
|-supereffective|p1a: Quaquaval
|-damage|p1a: Quaquaval|0 fnt
|faint|p1a: Quaquaval
|
|upkeep
|
|t:|1758271560
|switch|p1a: Meowscarada|Meowscarada, F|100/100
|turn|4
|
|t:|1758271562
|move|p1a: Meowscarada|Sucker Punch|p2a: Kyurem
|-supereffective|p2a: Kyurem
|-damage|p2a: Kyurem|0 fnt
|faint|p2a: Kyurem
|-damage|p1a: Meowscarada|91/100|[from] item: Life Orb
|
|upkeep
|
|t:|1758271566
|switch|p2a: Cinderace|Cinderace, F|100/100
|turn|5
|
|t:|1758271571
|switch|p1a: Glimmora|Glimmora, M|100/100
|move|p2a: Cinderace|U-turn|p1a: Glimmora
|-start|p2a: Cinderace|typechange|Bug|[from] ability: Libero
|-resisted|p1a: Glimmora
|-damage|p1a: Glimmora|89/100
|-activate|p1a: Glimmora|ability: Toxic Debris
|-sidestart|p2: KuroNoTamashi|move: Toxic Spikes
|
|t:|1758271573
|switch|p2a: Pecharunt|Pecharunt|100/100|[from] U-turn
|-sideend|p2: KuroNoTamashi|move: Toxic Spikes|[of] p2a: Pecharunt
|
|-heal|p1a: Glimmora|95/100|[from] item: Leftovers
|upkeep
|turn|6
|
|t:|1758271577
|move|p2a: Pecharunt|Parting Shot|p1a: Glimmora
|-unboost|p1a: Glimmora|atk|1
|-unboost|p1a: Glimmora|spa|1
|
|t:|1758271579
|switch|p2a: Ting-Lu|Ting-Lu, shiny|100/100|[from] Parting Shot
|-ability|p2a: Ting-Lu|Vessel of Ruin
|move|p1a: Glimmora|Earth Power|p2a: Ting-Lu
|-damage|p2a: Ting-Lu|91/100
|
|-heal|p1a: Glimmora|100/100|[from] item: Leftovers
|-heal|p2a: Ting-Lu|97/100|[from] item: Leftovers
|upkeep
|turn|7
|
|t:|1758271583
|move|p1a: Glimmora|Mortal Spin|p2a: Ting-Lu
|-resisted|p2a: Ting-Lu
|-damage|p2a: Ting-Lu|96/100
|-status|p2a: Ting-Lu|psn
|move|p2a: Ting-Lu|Earthquake|p1a: Glimmora
|-supereffective|p1a: Glimmora
|-damage|p1a: Glimmora|0 fnt
|-activate|p1a: Glimmora|ability: Toxic Debris
|-sidestart|p2: KuroNoTamashi|move: Toxic Spikes
|faint|p1a: Glimmora
|
|-heal|p2a: Ting-Lu|100/100 psn|[from] item: Leftovers
|-damage|p2a: Ting-Lu|88/100 psn|[from] psn
|upkeep
|
|t:|1758271590
|switch|p1a: Meowscarada|Meowscarada, F|91/100
|turn|8
|
|t:|1758271593
|move|p1a: Meowscarada|Flower Trick|p2a: Ting-Lu
|-supereffective|p2a: Ting-Lu
|-crit|p2a: Ting-Lu
|-damage|p2a: Ting-Lu|34/100 psn
|-damage|p1a: Meowscarada|81/100|[from] item: Life Orb
|move|p2a: Ting-Lu|Stealth Rock|p1a: Meowscarada
|-sidestart|p1: sergio.andres0211|move: Stealth Rock
|
|-heal|p2a: Ting-Lu|41/100 psn|[from] item: Leftovers
|-damage|p2a: Ting-Lu|28/100 psn|[from] psn
|upkeep
|turn|9
|
|t:|1758271599
|move|p1a: Meowscarada|Knock Off|p2a: Ting-Lu
|-resisted|p2a: Ting-Lu
|-damage|p2a: Ting-Lu|15/100 psn
|-enditem|p2a: Ting-Lu|Leftovers|[from] move: Knock Off|[of] p1a: Meowscarada
|-damage|p1a: Meowscarada|71/100|[from] item: Life Orb
|move|p2a: Ting-Lu|Whirlwind|p1a: Meowscarada
|drag|p1a: Enamorus|Enamorus, F|100/100
|-damage|p1a: Enamorus|76/100|[from] Stealth Rock
|
|-heal|p1a: Enamorus|82/100|[from] item: Leftovers
|-damage|p2a: Ting-Lu|3/100 psn|[from] psn
|upkeep
|turn|10
|
|t:|1758271604
|move|p1a: Enamorus|Superpower|p2a: Ting-Lu
|-supereffective|p2a: Ting-Lu
|-damage|p2a: Ting-Lu|0 fnt
|-boost|p1a: Enamorus|atk|1
|-boost|p1a: Enamorus|def|1
|faint|p2a: Ting-Lu
|
|-heal|p1a: Enamorus|88/100|[from] item: Leftovers
|upkeep
|
|t:|1758271606
|switch|p2a: Pecharunt|Pecharunt|100/100
|-sideend|p2: KuroNoTamashi|move: Toxic Spikes|[of] p2a: Pecharunt
|turn|11
|
|t:|1758271610
|move|p1a: Enamorus|Earth Power|p2a: Pecharunt
|-supereffective|p2a: Pecharunt
|-damage|p2a: Pecharunt|41/100
|move|p2a: Pecharunt|Malignant Chain|p1a: Enamorus
|-supereffective|p1a: Enamorus
|-damage|p1a: Enamorus|0 fnt
|faint|p1a: Enamorus
|
|-heal|p2a: Pecharunt|47/100|[from] item: Black Sludge
|upkeep
|
|t:|1758271615
|switch|p1a: Meowscarada|Meowscarada, F|71/100
|-damage|p1a: Meowscarada|59/100|[from] Stealth Rock
|turn|12
|
|t:|1758271620
|move|p1a: Meowscarada|Knock Off|p2a: Pecharunt
|-supereffective|p2a: Pecharunt
|-damage|p2a: Pecharunt|0 fnt
|-enditem|p2a: Pecharunt|Black Sludge|[from] move: Knock Off|[of] p1a: Meowscarada
|faint|p2a: Pecharunt
|-damage|p1a: Meowscarada|49/100|[from] item: Life Orb
|
|upkeep
|
|t:|1758271622
|switch|p2a: Iron Moth|Iron Moth|100/100
|-enditem|p2a: Iron Moth|Booster Energy
|-activate|p2a: Iron Moth|ability: Quark Drive|[fromitem]
|-start|p2a: Iron Moth|quarkdrivespe
|turn|13
|
|t:|1758271627
|switch|p1a: Ceruledge|Ceruledge, M|100/100
|move|p2a: Iron Moth|Fiery Dance|p1a: Ceruledge
|-start|p1a: Ceruledge|ability: Flash Fire
|
|upkeep
|turn|14
|
|t:|1758271630
|move|p2a: Iron Moth|Sludge Wave|p1a: Ceruledge
|-resisted|p1a: Ceruledge
|-damage|p1a: Ceruledge|79/100
|move|p1a: Ceruledge|Bulk Up|p1a: Ceruledge
|-boost|p1a: Ceruledge|atk|1
|-boost|p1a: Ceruledge|def|1
|
|upkeep
|turn|15
|
|t:|1758271634
|move|p2a: Iron Moth|Sludge Wave|p1a: Ceruledge
|-resisted|p1a: Ceruledge
|-damage|p1a: Ceruledge|57/100
|move|p1a: Ceruledge|Bulk Up|p1a: Ceruledge
|-boost|p1a: Ceruledge|atk|1
|-boost|p1a: Ceruledge|def|1
|
|upkeep
|turn|16
|
|t:|1758271638
|move|p2a: Iron Moth|Sludge Wave|p1a: Ceruledge
|-resisted|p1a: Ceruledge
|-damage|p1a: Ceruledge|36/100
|move|p1a: Ceruledge|Bitter Blade|p2a: Iron Moth
|-resisted|p2a: Iron Moth
|-damage|p2a: Iron Moth|0 fnt
|-heal|p1a: Ceruledge|83/100|[from] drain|[of] p2a: Iron Moth
|faint|p2a: Iron Moth
|-end|p2a: Iron Moth|Quark Drive|[silent]
|
|upkeep
|-message|KuroNoTamashi forfeited.
|
|win|sergio.andres0211
|raw|sergio.andres0211's rating: 1532 &rarr; <strong>1550</strong><br />(+18 for winning)
|raw|KuroNoTamashi's rating: 1505 &rarr; <strong>1487</strong><br />(-18 for losing)
|l|☆KuroNoTamashi
|player|p2|
|l|☆sergio.andres0211
|player|p1|
