|j|☆Mouu'D
|j|☆rod jaeger22
|t:|1758320235
|gametype|singles
|player|p1|Mouu'D|buck|1225
|player|p2|rod jaeger22|miku-fairy|1279
|gen|9
|tier|[Gen 9] OU
|rated|
|rule|HP Percentage Mod: HP is shown in percentages
|rule|Endless Battle Clause: Forcing endless battles is banned
|rule|Species Clause: Limit one of each Pokémon
|rule|OHKO Clause: OHKO moves are banned
|rule|Evasion Items Clause: Evasion items are banned
|rule|Evasion Moves Clause: Evasion moves are banned
|rule|Evasion Abilities Clause: Evasion abilities are banned
|rule|Sleep Moves Clause: Sleep-inducing moves are banned
|clearpoke
|poke|p1|Slowbro, M|
|poke|p1|Diancie|
|poke|p1|Oranguru, F|
|poke|p1|Ursaluna, F|
|poke|p1|Incineroar, M|
|poke|p1|Conkeldurr, M|
|poke|p2|Darkrai|
|poke|p2|Serperior, M|
|poke|p2|Blaziken, M|
|poke|p2|Corviknight, F|
|poke|p2|Rotom-Wash|
|poke|p2|Grimmsnarl, M|
|teampreview
|inactive|Battle timer is ON: inactive players will automatically lose when time's up. (requested by rod jaeger22)
|
|t:|1758320254
|teamsize|p1|6
|teamsize|p2|6
|start
|switch|p1a: Robin|Diancie|100/100
|switch|p2a: Blaziken|Blaziken, M|100/100
|turn|1
|
|t:|1758320269
|move|p2a: Blaziken|Swords Dance|p2a: Blaziken
|-boost|p2a: Blaziken|atk|2
|move|p1a: Robin|Trick Room|p1a: Robin
|-fieldstart|move: Trick Room|[of] p1a: Robin
|
|-ability|p2a: Blaziken|Speed Boost|boost
|-boost|p2a: Blaziken|spe|1
|upkeep
|turn|2
|
|t:|1758320286
|move|p1a: Robin|Power Gem|p2a: Blaziken
|-damage|p2a: Blaziken|45/100
|move|p2a: Blaziken|Close Combat|p1a: Robin
|-crit|p1a: Robin
|-enditem|p1a: Robin|Focus Sash
|-damage|p1a: Robin|1/100
|-unboost|p2a: Blaziken|def|1
|-unboost|p2a: Blaziken|spd|1
|
|-ability|p2a: Blaziken|Speed Boost|boost
|-boost|p2a: Blaziken|spe|1
|upkeep
|turn|3
|
|t:|1758320300
|switch|p2a: Corviknight|Corviknight, F|100/100
|move|p1a: Robin|Moonblast|p2a: Corviknight
|-resisted|p2a: Corviknight
|-damage|p2a: Corviknight|77/100
|
|-heal|p2a: Corviknight|83/100|[from] item: Leftovers
|upkeep
|turn|4
|
|t:|1758320309
|move|p1a: Robin|Power Gem|p2a: Corviknight
|-damage|p2a: Corviknight|46/100
|move|p2a: Corviknight|U-turn|p1a: Robin
|-resisted|p1a: Robin
|-damage|p1a: Robin|0 fnt
|faint|p1a: Robin
|
|t:|1758320320
|switch|p2a: Rotom|Rotom-Wash|100/100|[from] U-turn
|
|upkeep
|
|t:|1758320334
|switch|p1a: Chopper|Ursaluna, F|100/100
|turn|5
|
|t:|1758320341
|move|p1a: Chopper|Facade|p2a: Rotom
|-damage|p2a: Rotom|54/100
|move|p2a: Rotom|Hydro Pump|p1a: Chopper
|-supereffective|p1a: Chopper
|-damage|p1a: Chopper|0 fnt
|faint|p1a: Chopper
|
|-heal|p2a: Rotom|60/100|[from] item: Leftovers
|-fieldend|move: Trick Room
|upkeep
|
|t:|1758320353
|switch|p1a: Jinbei|Slowbro, M, shiny|100/100
|turn|6
|
|t:|1758320356
|move|p2a: Rotom|Volt Switch|p1a: Jinbei
|-supereffective|p1a: Jinbei
|-damage|p1a: Jinbei|22/100
|
|t:|1758320359
|switch|p2a: Corviknight|Corviknight, F|46/100|[from] Volt Switch
|move|p1a: Jinbei|Trick Room|p1a: Jinbei
|-fieldstart|move: Trick Room|[of] p1a: Jinbei
|
|-heal|p2a: Corviknight|52/100|[from] item: Leftovers
|upkeep
|turn|7
|
|t:|1758320368
|switch|p1a: Luffy gear 4th|Conkeldurr, M|100/100
|move|p2a: Corviknight|U-turn|p1a: Luffy gear 4th
|-resisted|p1a: Luffy gear 4th
|-damage|p1a: Luffy gear 4th|93/100
|
|t:|1758320378
|switch|p2a: Grimmsnarl|Grimmsnarl, M|100/100|[from] U-turn
|
|-status|p1a: Luffy gear 4th|brn|[from] item: Flame Orb
|upkeep
|turn|8
|
|t:|1758320387
|-terastallize|p1a: Luffy gear 4th|Fighting
|move|p2a: Grimmsnarl|Reflect|p2a: Grimmsnarl
|-sidestart|p2: rod jaeger22|Reflect
|move|p1a: Luffy gear 4th|Drain Punch|p2a: Grimmsnarl
|-damage|p2a: Grimmsnarl|42/100
|-heal|p1a: Luffy gear 4th|100/100 brn|[from] drain|[of] p2a: Grimmsnarl
|
|-damage|p1a: Luffy gear 4th|94/100 brn|[from] brn
|upkeep
|turn|9
|
|t:|1758320404
|switch|p2a: Corviknight|Corviknight, F|52/100
|move|p1a: Luffy gear 4th|Drain Punch|p2a: Corviknight
|-damage|p2a: Corviknight|13/100
|-heal|p1a: Luffy gear 4th|100/100 brn|[from] drain|[of] p2a: Corviknight
|
|-heal|p2a: Corviknight|20/100|[from] item: Leftovers
|-damage|p1a: Luffy gear 4th|94/100 brn|[from] brn
|upkeep
|turn|10
|
|t:|1758320415
|move|p1a: Luffy gear 4th|Drain Punch|p2a: Corviknight
|-damage|p2a: Corviknight|0 fnt
|-heal|p1a: Luffy gear 4th|100/100 brn|[from] drain|[of] p2a: Corviknight
|faint|p2a: Corviknight
|
|-damage|p1a: Luffy gear 4th|94/100 brn|[from] brn
|-fieldend|move: Trick Room
|upkeep
|
|t:|1758320434
|switch|p2a: Darkrai|Darkrai|100/100
|turn|11
|
|t:|1758320449
|-terastallize|p2a: Darkrai|Ghost
|move|p2a: Darkrai|Nasty Plot|p2a: Darkrai
|-boost|p2a: Darkrai|spa|2
|move|p1a: Luffy gear 4th|Drain Punch|p2a: Darkrai
|-immune|p2a: Darkrai
|
|-damage|p1a: Luffy gear 4th|88/100 brn|[from] brn
|upkeep
|turn|12
|
|t:|1758320461
|switch|p1a: Xebec|Incineroar, M|100/100
|-ability|p1a: Xebec|Intimidate|boost
|-unboost|p2a: Darkrai|atk|1
|move|p2a: Darkrai|Sludge Bomb|p1a: Xebec
|-damage|p1a: Xebec|36/100
|-enditem|p1a: Xebec|Sitrus Berry|[eat]
|-heal|p1a: Xebec|61/100|[from] item: Sitrus Berry
|
|upkeep
|turn|13
|
|t:|1758320472
|move|p2a: Darkrai|Sludge Bomb|p1a: Xebec
|-damage|p1a: Xebec|5/100
|move|p1a: Xebec|Darkest Lariat|p2a: Darkrai
|-supereffective|p2a: Darkrai
|-damage|p2a: Darkrai|44/100
|
|upkeep
|turn|14
|
|t:|1758320480
|move|p2a: Darkrai|Dark Pulse|p1a: Xebec
|-resisted|p1a: Xebec
|-damage|p1a: Xebec|0 fnt
|faint|p1a: Xebec
|
|upkeep
|
|t:|1758320492
|switch|p1a: Crocus|Oranguru, F|100/100
|turn|15
|
|t:|1758320496
|move|p2a: Darkrai|Dark Pulse|p1a: Crocus
|-supereffective|p1a: Crocus
|-damage|p1a: Crocus|3/100
|move|p1a: Crocus|Trick Room|p1a: Crocus
|-fieldstart|move: Trick Room|[of] p1a: Crocus
|
|-sideend|p2: rod jaeger22|Reflect
|upkeep
|turn|16
|
|t:|1758320514
|move|p1a: Crocus|Shadow Ball|p2a: Darkrai
|-supereffective|p2a: Darkrai
|-damage|p2a: Darkrai|0 fnt
|faint|p2a: Darkrai
|
|upkeep
|
|t:|1758320525
|switch|p2a: Grimmsnarl|Grimmsnarl, M|42/100
|turn|17
|
|t:|1758320533
|move|p2a: Grimmsnarl|Light Screen|p2a: Grimmsnarl
|-sidestart|p2: rod jaeger22|move: Light Screen
|move|p1a: Crocus|Focus Blast|p2a: Grimmsnarl|[miss]
|-miss|p1a: Crocus|p2a: Grimmsnarl
|
|upkeep
|turn|18
|
|t:|1758320538
|move|p1a: Crocus|Focus Blast|p2a: Grimmsnarl
|-damage|p2a: Grimmsnarl|27/100
|move|p2a: Grimmsnarl|Spirit Break|p1a: Crocus
|-damage|p1a: Crocus|0 fnt
|faint|p1a: Crocus
|
|upkeep
|
|t:|1758320550
|switch|p1a: Luffy gear 4th|Conkeldurr, M, tera:Fighting|88/100 brn
|turn|19
|
|t:|1758320555
|move|p2a: Grimmsnarl|Reflect|p2a: Grimmsnarl
|-sidestart|p2: rod jaeger22|Reflect
|move|p1a: Luffy gear 4th|Drain Punch|p2a: Grimmsnarl
|-damage|p2a: Grimmsnarl|0 fnt
|-heal|p1a: Luffy gear 4th|100/100 brn|[from] drain|[of] p2a: Grimmsnarl
|faint|p2a: Grimmsnarl
|
|-damage|p1a: Luffy gear 4th|94/100 brn|[from] brn
|-fieldend|move: Trick Room
|upkeep
|
|t:|1758320562
|switch|p2a: Blaziken|Blaziken, M|45/100
|turn|20
|
|t:|1758320576
|switch|p1a: Jinbei|Slowbro, M, shiny|22/100
|move|p2a: Blaziken|Swords Dance|p2a: Blaziken
|-boost|p2a: Blaziken|atk|2
|
|-ability|p2a: Blaziken|Speed Boost|boost
|-boost|p2a: Blaziken|spe|1
|upkeep
|turn|21
|
|t:|1758320582
|move|p2a: Blaziken|Acrobatics|p1a: Jinbei
|-damage|p1a: Jinbei|0 fnt
|faint|p1a: Jinbei
|
|-ability|p2a: Blaziken|Speed Boost|boost
|-boost|p2a: Blaziken|spe|1
|upkeep
|
|t:|1758320586
|switch|p1a: Luffy gear 4th|Conkeldurr, M, tera:Fighting|94/100 brn
|turn|22
|
|t:|1758320591
|move|p1a: Luffy gear 4th|Mach Punch|p2a: Blaziken
|-damage|p2a: Blaziken|5/100
|move|p2a: Blaziken|Close Combat|p1a: Luffy gear 4th
|-damage|p1a: Luffy gear 4th|0 fnt
|-unboost|p2a: Blaziken|def|1
|-unboost|p2a: Blaziken|spd|1
|faint|p1a: Luffy gear 4th
|
|win|rod jaeger22
|raw|Mouu&apos;D's rating: 1225 &rarr; <strong>1204</strong><br />(-21 for losing)
|raw|rod jaeger22's rating: 1279 &rarr; <strong>1300</strong><br />(+21 for winning)
|l|☆rod jaeger22
|player|p2|
|l|☆Mouu'D
|player|p1|
