|j|☆SilIest_Guy
|j|☆JesusSavedMe_04
|t:|1758308403
|gametype|singles
|player|p1|SilIest_Guy|101|1169
|player|p2|JesusSavedMe_04|hilbert-wonderlauncher|1161
|gen|9
|tier|[Gen 9] OU
|rated|
|rule|HP Percentage Mod: HP is shown in percentages
|rule|Endless Battle Clause: Forcing endless battles is banned
|rule|Species Clause: Limit one of each Pokémon
|rule|OHKO Clause: OHKO moves are banned
|rule|Evasion Items Clause: Evasion items are banned
|rule|Evasion Moves Clause: Evasion moves are banned
|rule|Evasion Abilities Clause: Evasion abilities are banned
|rule|Sleep Moves Clause: Sleep-inducing moves are banned
|clearpoke
|poke|p1|Ting-Lu|
|poke|p1|Dragonite, F|
|poke|p1|Zamazenta-*|
|poke|p1|Great Tusk|
|poke|p1|Gholdengo|
|poke|p1|Ogerpon-Wellspring, F|
|poke|p2|Ninetales-Alola, M|
|poke|p2|Deoxys-Speed|
|poke|p2|Kingambit, F|
|poke|p2|Iron Valiant|
|poke|p2|Great Tusk|
|poke|p2|Dragapult, M|
|teampreview
|
|t:|1758308421
|teamsize|p1|6
|teamsize|p2|6
|start
|switch|p1a: Bartolme De|Ting-Lu|100/100
|switch|p2a: Ninetales|Ninetales-Alola, M|100/100
|-weather|Snowscape|[from] ability: Snow Warning|[of] p2a: Ninetales
|-ability|p1a: Bartolme De|Vessel of Ruin
|turn|1
|
|t:|1758308450
|move|p2a: Ninetales|Aurora Veil|p2a: Ninetales
|-sidestart|p2: JesusSavedMe_04|move: Aurora Veil
|move|p1a: Bartolme De|Stealth Rock|p2a: Ninetales
|-sidestart|p2: JesusSavedMe_04|move: Stealth Rock
|
|-weather|Snowscape|[upkeep]
|upkeep
|turn|2
|
|t:|1758308469
|move|p2a: Ninetales|Freeze-Dry|p1a: Bartolme De
|-supereffective|p1a: Bartolme De
|-damage|p1a: Bartolme De|83/100
|move|p1a: Bartolme De|Whirlwind|p2a: Ninetales
|drag|p2a: Mbappé|Deoxys-Speed|100/100
|-damage|p2a: Mbappé|88/100|[from] Stealth Rock
|-ability|p2a: Mbappé|Pressure
|
|-weather|Snowscape|[upkeep]
|-heal|p1a: Bartolme De|89/100|[from] item: Leftovers
|upkeep
|turn|3
|
|t:|1758308484
|move|p2a: Mbappé|Knock Off|p1a: Bartolme De
|-resisted|p1a: Bartolme De
|-damage|p1a: Bartolme De|83/100
|-enditem|p1a: Bartolme De|Leftovers|[from] move: Knock Off|[of] p2a: Mbappé
|move|p1a: Bartolme De|Ruination|p2a: Mbappé
|-damage|p2a: Mbappé|44/100
|
|-weather|Snowscape|[upkeep]
|upkeep
|turn|4
|
|t:|1758308496
|move|p2a: Mbappé|Stealth Rock|p1a: Bartolme De
|-sidestart|p1: SilIest_Guy|move: Stealth Rock
|move|p1a: Bartolme De|Ruination|p2a: Mbappé
|-damage|p2a: Mbappé|23/100
|
|-weather|Snowscape|[upkeep]
|upkeep
|turn|5
|
|t:|1758308508
|move|p2a: Mbappé|Psychic Noise|p1a: Bartolme De
|-immune|p1a: Bartolme De
|move|p1a: Bartolme De|Ruination|p2a: Mbappé
|-damage|p2a: Mbappé|12/100
|
|-weather|Snowscape|[upkeep]
|-sideend|p2: JesusSavedMe_04|move: Aurora Veil
|upkeep
|turn|6
|
|t:|1758308523
|move|p2a: Mbappé|Knock Off|p1a: Bartolme De
|-resisted|p1a: Bartolme De
|-damage|p1a: Bartolme De|79/100
|move|p1a: Bartolme De|Earthquake|p2a: Mbappé
|-damage|p2a: Mbappé|0 fnt
|faint|p2a: Mbappé
|
|-weather|Snowscape|[upkeep]
|upkeep
|
|t:|1758308547
|switch|p2a: Ngolo|Great Tusk|100/100
|-damage|p2a: Ngolo|98/100|[from] Stealth Rock
|-enditem|p2a: Ngolo|Booster Energy
|-activate|p2a: Ngolo|ability: Protosynthesis|[fromitem]
|-start|p2a: Ngolo|protosynthesisatk
|turn|7
|
|t:|1758308558
|switch|p1a: Mega Evolution|Dragonite, F|100/100
|move|p2a: Ngolo|Close Combat|p1a: Mega Evolution
|-resisted|p1a: Mega Evolution
|-damage|p1a: Mega Evolution|80/100
|-unboost|p2a: Ngolo|def|1
|-unboost|p2a: Ngolo|spd|1
|
|-weather|Snowscape|[upkeep]
|upkeep
|turn|8
|
|t:|1758308569
|move|p2a: Ngolo|Ice Spinner|p1a: Mega Evolution
|-supereffective|p1a: Mega Evolution
|-damage|p1a: Mega Evolution|0 fnt
|faint|p1a: Mega Evolution
|
|-weather|none
|upkeep
|
|t:|1758308576
|switch|p1a: Droppings|Ogerpon-Wellspring, F|100/100
|-damage|p1a: Droppings|88/100|[from] Stealth Rock
|turn|9
|inactive|Battle timer is ON: inactive players will automatically lose when time's up. (requested by SilIest_Guy)
|
|t:|1758308625
|move|p1a: Droppings|Ivy Cudgel|p2a: Ngolo|[anim] Ivy Cudgel Water
|-supereffective|p2a: Ngolo
|-damage|p2a: Ngolo|0 fnt
|faint|p2a: Ngolo
|-end|p2a: Ngolo|Protosynthesis|[silent]
|
|upkeep
|inactive|JesusSavedMe_04 has 120 seconds left.
|
|t:|1758308683
|switch|p2a: Dragapult|Dragapult, M|100/100
|-damage|p2a: Dragapult|88/100|[from] Stealth Rock
|turn|10
|
|t:|1758308691
|move|p2a: Dragapult|Draco Meteor|p1a: Droppings
|-damage|p1a: Droppings|0 fnt
|-unboost|p2a: Dragapult|spa|2
|faint|p1a: Droppings
|
|upkeep
|
|t:|1758308697
|switch|p1a: Sewer Grit|Great Tusk|100/100
|-damage|p1a: Sewer Grit|98/100|[from] Stealth Rock
|turn|11
|inactive|JesusSavedMe_04 has 120 seconds left.
|
|t:|1758308737
|move|p2a: Dragapult|Draco Meteor|p1a: Sewer Grit
|-damage|p1a: Sewer Grit|32/100
|-unboost|p2a: Dragapult|spa|2
|move|p1a: Sewer Grit|Knock Off|p2a: Dragapult
|-supereffective|p2a: Dragapult
|-damage|p2a: Dragapult|0 fnt
|-enditem|p2a: Dragapult|Choice Specs|[from] move: Knock Off|[of] p1a: Sewer Grit
|faint|p2a: Dragapult
|
|upkeep
|inactive|JesusSavedMe_04 has 90 seconds left.
|
|t:|1758308770
|switch|p2a: Haaland|Iron Valiant|100/100
|-damage|p2a: Haaland|94/100|[from] Stealth Rock
|-enditem|p2a: Haaland|Booster Energy
|-activate|p2a: Haaland|ability: Quark Drive|[fromitem]
|-start|p2a: Haaland|quarkdrivespe
|turn|12
|inactive|JesusSavedMe_04 has 90 seconds left.
|
|t:|1758308781
|move|p2a: Haaland|Moonblast|p1a: Sewer Grit
|-supereffective|p1a: Sewer Grit
|-damage|p1a: Sewer Grit|0 fnt
|faint|p1a: Sewer Grit
|-end|p1a: Sewer Grit|Protosynthesis|[silent]
|
|upkeep
|
|t:|1758308786
|switch|p1a: Goldean|Gholdengo|100/100
|-damage|p1a: Goldean|94/100|[from] Stealth Rock
|turn|13
|inactive|JesusSavedMe_04 has 90 seconds left.
|inactive|JesusSavedMe_04 has 60 seconds left.
|
|t:|1758308857
|-end|p2a: Haaland|Quark Drive|[silent]
|switch|p2a: Ronaldo|Kingambit, F|100/100
|-damage|p2a: Ronaldo|94/100|[from] Stealth Rock
|-activate|p2a: Ronaldo|ability: Supreme Overlord
|-start|p2a: Ronaldo|fallen3|[silent]
|move|p1a: Goldean|Trick|p2a: Ronaldo
|-activate|p1a: Goldean|move: Trick|[of] p2a: Ronaldo
|-item|p2a: Ronaldo|Choice Scarf|[from] move: Trick
|-item|p1a: Goldean|Leftovers|[from] move: Trick
|
|-heal|p1a: Goldean|100/100|[from] item: Leftovers
|upkeep
|turn|14
|inactive|JesusSavedMe_04 has 30 seconds left.
|
|t:|1758308875
|move|p1a: Goldean|Focus Blast|p2a: Ronaldo
|-supereffective|p2a: Ronaldo
|-damage|p2a: Ronaldo|0 fnt
|faint|p2a: Ronaldo
|-end|p2a: Ronaldo|fallen3|[silent]
|
|upkeep
|inactive|JesusSavedMe_04 has 30 seconds left.
|
|t:|1758308887
|switch|p2a: Ninetales|Ninetales-Alola, M|100/100
|-damage|p2a: Ninetales|76/100|[from] Stealth Rock
|-weather|Snowscape|[from] ability: Snow Warning|[of] p2a: Ninetales
|turn|15
|inactive|JesusSavedMe_04 has 30 seconds left.
|inactive|JesusSavedMe_04 has 20 seconds left.
|inactive|JesusSavedMe_04 has 15 seconds left.
|
|t:|1758308909
|-terastallize|p2a: Ninetales|Water
|move|p2a: Ninetales|Moonblast|p1a: Goldean
|-resisted|p1a: Goldean
|-damage|p1a: Goldean|86/100
|move|p1a: Goldean|Make It Rain|p2a: Ninetales
|-resisted|p2a: Ninetales
|-damage|p2a: Ninetales|43/100
|-unboost|p1a: Goldean|spa|1
|
|-weather|Snowscape|[upkeep]
|-heal|p1a: Goldean|92/100|[from] item: Leftovers
|upkeep
|turn|16
|inactive|JesusSavedMe_04 has 25 seconds left this turn.
|inactive|JesusSavedMe_04 has 20 seconds left.
|inactive|JesusSavedMe_04 has 15 seconds left.
|inactive|SilIest_Guy has 120 seconds left.
|inactive|SilIest_Guy has 90 seconds left.
|inactive|SilIest_Guy has 60 seconds left.
|inactive|SilIest_Guy has 30 seconds left.
|inactive|SilIest_Guy has 20 seconds left.
|inactive|SilIest_Guy has 15 seconds left.
|
|t:|1758309037
|move|p2a: Ninetales|Freeze-Dry|p1a: Goldean
|-resisted|p1a: Goldean
|-damage|p1a: Goldean|80/100
|move|p1a: Goldean|Make It Rain|p2a: Ninetales
|-resisted|p2a: Ninetales
|-damage|p2a: Ninetales|23/100
|-unboost|p1a: Goldean|spa|1
|
|-weather|Snowscape|[upkeep]
|-heal|p1a: Goldean|86/100|[from] item: Leftovers
|upkeep
|turn|17
|inactive|SilIest_Guy has 25 seconds left this turn.
|inactive|JesusSavedMe_04 has 25 seconds left this turn.
|inactive|SilIest_Guy has 20 seconds left.
|inactive|JesusSavedMe_04 has 20 seconds left.
|inactiveoff|Battle timer is now OFF.
|
|t:|1758309063
|move|p2a: Ninetales|Freeze-Dry|p1a: Goldean
|-resisted|p1a: Goldean
|-damage|p1a: Goldean|75/100
|move|p1a: Goldean|Shadow Ball|p2a: Ninetales
|-damage|p2a: Ninetales|3/100
|
|-weather|Snowscape|[upkeep]
|-heal|p1a: Goldean|81/100|[from] item: Leftovers
|upkeep
|turn|18
|
|t:|1758309074
|move|p2a: Ninetales|Freeze-Dry|p1a: Goldean
|-resisted|p1a: Goldean
|-damage|p1a: Goldean|69/100
|move|p1a: Goldean|Shadow Ball|p2a: Ninetales
|-damage|p2a: Ninetales|0 fnt
|faint|p2a: Ninetales
|
|-weather|Snowscape|[upkeep]
|-heal|p1a: Goldean|75/100|[from] item: Leftovers
|upkeep
|
|t:|1758309085
|switch|p2a: Haaland|Iron Valiant|94/100
|-damage|p2a: Haaland|88/100|[from] Stealth Rock
|turn|19
|
|t:|1758309090
|move|p2a: Haaland|Moonblast|p1a: Goldean
|-resisted|p1a: Goldean
|-damage|p1a: Goldean|47/100
|-unboost|p1a: Goldean|spa|1
|move|p1a: Goldean|Make It Rain|p2a: Haaland
|-supereffective|p2a: Haaland
|-damage|p2a: Haaland|0 fnt
|-unboost|p1a: Goldean|spa|1
|faint|p2a: Haaland
|-end|p2a: Haaland|Quark Drive|[silent]
|
|win|SilIest_Guy
|raw|SilIest_Guy's rating: 1169 &rarr; <strong>1193</strong><br />(+24 for winning)
|raw|JesusSavedMe_04's rating: 1161 &rarr; <strong>1137</strong><br />(-24 for losing)
|l|☆SilIest_Guy
|player|p1|
