|j|☆Jagger is a boss
|j|☆zast3133
|t:|1758371815
|gametype|singles
|player|p1|Jagger is a boss|pokekid|1205
|player|p2|zast3133|nate|1252
|gen|9
|tier|[Gen 9] OU
|rated|
|rule|HP Percentage Mod: HP is shown in percentages
|rule|Endless Battle Clause: Forcing endless battles is banned
|rule|Species Clause: Limit one of each Pokémon
|rule|OHKO Clause: OHKO moves are banned
|rule|Evasion Items Clause: Evasion items are banned
|rule|Evasion Moves Clause: Evasion moves are banned
|rule|Evasion Abilities Clause: Evasion abilities are banned
|rule|Sleep Moves Clause: Sleep-inducing moves are banned
|clearpoke
|poke|p1|Pecharunt|
|poke|p1|Breloom, F|
|poke|p1|Iron Treads|
|poke|p1|Muk-Alola, F|
|poke|p1|Dragapult, M|
|poke|p1|Heatran, M|
|poke|p2|Raging Bolt|
|poke|p2|Dondozo, M|
|poke|p2|Araquanid, M|
|poke|p2|Scizor, M|
|poke|p2|Great Tusk|
|poke|p2|Iron Crown|
|teampreview
|inactive|Battle timer is ON: inactive players will automatically lose when time's up. (requested by Jagger is a boss)
|
|t:|1758371826
|teamsize|p1|6
|teamsize|p2|6
|start
|switch|p1a: Luigi|Breloom, F|100/100
|switch|p2a: Great Tusk|Great Tusk, shiny|100/100
|turn|1
|
|t:|1758371833
|move|p2a: Great Tusk|Ice Spinner|p1a: Luigi
|-supereffective|p1a: Luigi
|-damage|p1a: Luigi|30/100
|move|p1a: Luigi|Leech Seed|p2a: Great Tusk
|-start|p2a: Great Tusk|move: Leech Seed
|
|-damage|p2a: Great Tusk|88/100|[from] Leech Seed|[of] p1a: Luigi
|-heal|p1a: Luigi|47/100|[silent]
|-status|p1a: Luigi|tox|[from] item: Toxic Orb
|upkeep
|turn|2
|
|t:|1758371845
|move|p1a: Luigi|Protect|p1a: Luigi
|-singleturn|p1a: Luigi|Protect
|move|p2a: Great Tusk|Knock Off|p1a: Luigi
|-activate|p1a: Luigi|move: Protect
|
|-damage|p2a: Great Tusk|76/100|[from] Leech Seed|[of] p1a: Luigi
|-heal|p1a: Luigi|65/100 tox|[silent]
|-heal|p1a: Luigi|77/100 tox|[from] ability: Poison Heal
|upkeep
|turn|3
|
|t:|1758371855
|move|p2a: Great Tusk|Ice Spinner|p1a: Luigi
|-supereffective|p1a: Luigi
|-damage|p1a: Luigi|8/100 tox
|move|p1a: Luigi|Bulk Up|p1a: Luigi
|-boost|p1a: Luigi|atk|1
|-boost|p1a: Luigi|def|1
|
|-damage|p2a: Great Tusk|63/100|[from] Leech Seed|[of] p1a: Luigi
|-heal|p1a: Luigi|26/100 tox|[silent]
|-heal|p1a: Luigi|38/100 tox|[from] ability: Poison Heal
|upkeep
|turn|4
|
|t:|1758371868
|-end|p2a: Great Tusk|Protosynthesis|[silent]
|switch|p2a: Scizor|Scizor, M, shiny|100/100
|move|p1a: Luigi|Protect||[still]
|-fail|p1a: Luigi
|
|-heal|p1a: Luigi|50/100 tox|[from] ability: Poison Heal
|upkeep
|turn|5
|
|t:|1758371880
|move|p1a: Luigi|Protect|p1a: Luigi
|-singleturn|p1a: Luigi|Protect
|move|p2a: Scizor|Dual Wingbeat|p1a: Luigi
|-activate|p1a: Luigi|move: Protect
|
|-heal|p1a: Luigi|62/100 tox|[from] ability: Poison Heal
|upkeep
|turn|6
|
|t:|1758371892
|-terastallize|p1a: Luigi|Water
|move|p1a: Luigi|Leech Seed|p2a: Scizor
|-start|p2a: Scizor|move: Leech Seed
|move|p2a: Scizor|Dual Wingbeat|p1a: Luigi
|-damage|p1a: Luigi|44/100 tox
|-damage|p1a: Luigi|25/100 tox
|-hitcount|p1a: Luigi|2
|
|-damage|p2a: Scizor|88/100|[from] Leech Seed|[of] p1a: Luigi
|-heal|p1a: Luigi|41/100 tox|[silent]
|-heal|p1a: Luigi|53/100 tox|[from] ability: Poison Heal
|upkeep
|turn|7
|
|t:|1758371906
|move|p1a: Luigi|Drain Punch|p2a: Scizor
|-damage|p2a: Scizor|38/100
|-heal|p1a: Luigi|86/100 tox|[from] drain|[of] p2a: Scizor
|move|p2a: Scizor|Swords Dance|p2a: Scizor
|-boost|p2a: Scizor|atk|2
|
|-heal|p2a: Scizor|44/100|[from] item: Leftovers
|-damage|p2a: Scizor|32/100|[from] Leech Seed|[of] p1a: Luigi
|-heal|p1a: Luigi|100/100 tox|[silent]
|upkeep
|turn|8
|
|t:|1758371921
|move|p1a: Luigi|Bulk Up|p1a: Luigi
|-boost|p1a: Luigi|atk|1
|-boost|p1a: Luigi|def|1
|move|p2a: Scizor|Dual Wingbeat|p1a: Luigi
|-damage|p1a: Luigi|72/100 tox
|-damage|p1a: Luigi|46/100 tox
|-hitcount|p1a: Luigi|2
|
|-heal|p2a: Scizor|38/100|[from] item: Leftovers
|-damage|p2a: Scizor|25/100|[from] Leech Seed|[of] p1a: Luigi
|-heal|p1a: Luigi|62/100 tox|[silent]
|-heal|p1a: Luigi|75/100 tox|[from] ability: Poison Heal
|upkeep
|turn|9
|
|t:|1758371939
|switch|p2a: Dondozo|Dondozo, M, shiny|100/100
|move|p1a: Luigi|Drain Punch|p2a: Dondozo
|-damage|p2a: Dondozo|87/100
|-heal|p1a: Luigi|88/100 tox|[from] drain|[of] p2a: Dondozo
|
|-heal|p2a: Dondozo|93/100|[from] item: Leftovers
|-heal|p1a: Luigi|99/100 tox|[from] ability: Poison Heal
|upkeep
|turn|10
|
|t:|1758371951
|switch|p2a: Scizor|Scizor, M, shiny|25/100
|move|p1a: Luigi|Leech Seed|p2a: Scizor
|-start|p2a: Scizor|move: Leech Seed
|
|-heal|p2a: Scizor|32/100|[from] item: Leftovers
|-damage|p2a: Scizor|19/100|[from] Leech Seed|[of] p1a: Luigi
|-heal|p1a: Luigi|100/100 tox|[silent]
|upkeep
|turn|11
|
|t:|1758371962
|move|p2a: Scizor|Bullet Punch|p1a: Luigi
|-resisted|p1a: Luigi
|-damage|p1a: Luigi|89/100 tox
|move|p1a: Luigi|Bulk Up|p1a: Luigi
|-boost|p1a: Luigi|atk|1
|-boost|p1a: Luigi|def|1
|
|-heal|p2a: Scizor|25/100|[from] item: Leftovers
|-damage|p2a: Scizor|13/100|[from] Leech Seed|[of] p1a: Luigi
|-heal|p1a: Luigi|100/100 tox|[silent]
|upkeep
|turn|12
|
|t:|1758371973
|switch|p2a: Dondozo|Dondozo, M, shiny|93/100
|move|p1a: Luigi|Drain Punch|p2a: Dondozo
|-damage|p2a: Dondozo|79/100
|
|-heal|p2a: Dondozo|85/100|[from] item: Leftovers
|upkeep
|turn|13
|
|t:|1758371983
|move|p1a: Luigi|Leech Seed|p2a: Dondozo
|-start|p2a: Dondozo|move: Leech Seed
|move|p2a: Dondozo|Avalanche|p1a: Luigi
|-resisted|p1a: Luigi
|-damage|p1a: Luigi|93/100 tox
|
|-heal|p2a: Dondozo|91/100|[from] item: Leftovers
|-damage|p2a: Dondozo|79/100|[from] Leech Seed|[of] p1a: Luigi
|-heal|p1a: Luigi|100/100 tox|[silent]
|upkeep
|turn|14
|
|t:|1758371994
|switch|p2a: Iron Crown|Iron Crown|100/100
|-item|p2a: Iron Crown|Air Balloon
|move|p1a: Luigi|Drain Punch|p2a: Iron Crown
|-damage|p2a: Iron Crown|5/100
|-enditem|p2a: Iron Crown|Air Balloon
|
|upkeep
|turn|15
|
|t:|1758372005
|move|p2a: Iron Crown|Sacred Sword|p1a: Luigi
|-damage|p1a: Luigi|81/100 tox
|move|p1a: Luigi|Leech Seed|p2a: Iron Crown
|-start|p2a: Iron Crown|move: Leech Seed
|
|-damage|p2a: Iron Crown|0 fnt|[from] Leech Seed|[of] p1a: Luigi
|-heal|p1a: Luigi|87/100 tox|[silent]
|faint|p2a: Iron Crown
|-end|p2a: Iron Crown|Quark Drive|[silent]
|-heal|p1a: Luigi|99/100 tox|[from] ability: Poison Heal
|upkeep
|
|t:|1758372016
|switch|p2a: Raging Bolt|Raging Bolt|100/100
|-enditem|p2a: Raging Bolt|Booster Energy
|-activate|p2a: Raging Bolt|ability: Protosynthesis|[fromitem]
|-start|p2a: Raging Bolt|protosynthesisspa
|turn|16
|
|t:|1758372023
|switch|p1a: Iron Tusk|Iron Treads|100/100
|-enditem|p1a: Iron Tusk|Booster Energy
|-activate|p1a: Iron Tusk|ability: Quark Drive|[fromitem]
|-start|p1a: Iron Tusk|quarkdrivespe
|move|p2a: Raging Bolt|Thunderbolt|p1a: Iron Tusk
|-immune|p1a: Iron Tusk
|
|upkeep
|turn|17
|
|t:|1758372032
|-end|p2a: Raging Bolt|Protosynthesis|[silent]
|switch|p2a: Great Tusk|Great Tusk, shiny|63/100
|move|p1a: Iron Tusk|Earthquake|p2a: Great Tusk
|-damage|p2a: Great Tusk|29/100
|
|upkeep
|turn|18
|
|t:|1758372040
|move|p1a: Iron Tusk|Earthquake|p2a: Great Tusk
|-damage|p2a: Great Tusk|0 fnt
|faint|p2a: Great Tusk
|-end|p2a: Great Tusk|Protosynthesis|[silent]
|
|upkeep
|
|t:|1758372046
|switch|p2a: Raging Bolt|Raging Bolt|100/100
|turn|19
|
|t:|1758372052
|move|p1a: Iron Tusk|Earthquake|p2a: Raging Bolt
|-supereffective|p2a: Raging Bolt
|-damage|p2a: Raging Bolt|4/100
|move|p2a: Raging Bolt|Dragon Pulse|p1a: Iron Tusk
|-resisted|p1a: Iron Tusk
|-damage|p1a: Iron Tusk|68/100
|
|upkeep
|turn|20
|
|t:|1758372060
|-end|p2a: Raging Bolt|Protosynthesis|[silent]
|switch|p2a: Dondozo|Dondozo, M, shiny|79/100
|move|p1a: Iron Tusk|Rapid Spin|p2a: Dondozo
|-damage|p2a: Dondozo|72/100
|-boost|p1a: Iron Tusk|spe|1
|
|-heal|p2a: Dondozo|78/100|[from] item: Leftovers
|upkeep
|turn|21
|
|t:|1758372070
|-end|p1a: Iron Tusk|Quark Drive|[silent]
|switch|p1a: Backwards|Muk-Alola, F|100/100
|move|p2a: Dondozo|Curse|p2a: Dondozo
|-unboost|p2a: Dondozo|spe|1
|-boost|p2a: Dondozo|atk|1
|-boost|p2a: Dondozo|def|1
|
|-heal|p2a: Dondozo|84/100|[from] item: Leftovers
|upkeep
|turn|22
|
|t:|1758372079
|move|p1a: Backwards|Knock Off|p2a: Dondozo
|-damage|p2a: Dondozo|68/100
|-enditem|p2a: Dondozo|Leftovers|[from] move: Knock Off|[of] p1a: Backwards
|move|p2a: Dondozo|Curse|p2a: Dondozo
|-unboost|p2a: Dondozo|spe|1
|-boost|p2a: Dondozo|atk|1
|-boost|p2a: Dondozo|def|1
|
|upkeep
|turn|23
|
|t:|1758372089
|move|p1a: Backwards|Poison Jab|p2a: Dondozo
|-damage|p2a: Dondozo|59/100
|move|p2a: Dondozo|Waterfall|p1a: Backwards
|-damage|p1a: Backwards|47/100
|
|upkeep
|turn|24
|
|t:|1758372096
|move|p1a: Backwards|Poison Jab|p2a: Dondozo
|-damage|p2a: Dondozo|50/100
|-status|p2a: Dondozo|psn
|move|p2a: Dondozo|Waterfall|p1a: Backwards
|-damage|p1a: Backwards|0 fnt
|faint|p1a: Backwards
|
|-damage|p2a: Dondozo|37/100 psn|[from] psn
|upkeep
|
|t:|1758372109
|switch|p1a: Hexy time|Dragapult, M|100/100
|turn|25
|
|t:|1758372116
|-terastallize|p2a: Dondozo|Dark
|move|p1a: Hexy time|Dragon Darts|p2a: Dondozo
|-damage|p2a: Dondozo|28/100 psn
|-anim|p1a: Hexy time|Dragon Darts|p2a: Dondozo
|-damage|p2a: Dondozo|19/100 psn
|move|p2a: Dondozo|Rest|p2a: Dondozo
|-status|p2a: Dondozo|slp|[from] move: Rest
|-heal|p2a: Dondozo|100/100 slp|[silent]
|
|upkeep
|turn|26
|
|t:|1758372127
|switch|p1a: Luigi|Breloom, F, tera:Water|99/100 tox
|cant|p2a: Dondozo|slp
|
|-heal|p1a: Luigi|100/100 tox|[from] ability: Poison Heal
|upkeep
|turn|27
|
|t:|1758372136
|switch|p2a: Raging Bolt|Raging Bolt|4/100
|move|p1a: Luigi|Leech Seed|p2a: Raging Bolt|[miss]
|-miss|p1a: Luigi|p2a: Raging Bolt
|
|upkeep
|turn|28
|
|t:|1758372142
|switch|p1a: Iron Tusk|Iron Treads|68/100
|move|p2a: Raging Bolt|Thunderclap||[still]
|-fail|p2a: Raging Bolt
|
|upkeep
|turn|29
|
|t:|1758372148
|move|p1a: Iron Tusk|Earthquake|p2a: Raging Bolt
|-supereffective|p2a: Raging Bolt
|-damage|p2a: Raging Bolt|0 fnt
|faint|p2a: Raging Bolt
|-end|p2a: Raging Bolt|Protosynthesis|[silent]
|
|upkeep
|
|t:|1758372154
|switch|p2a: Araquanid|Araquanid, M|100/100
|turn|30
|
|t:|1758372158
|move|p1a: Iron Tusk|Iron Head|p2a: Araquanid
|-resisted|p2a: Araquanid
|-damage|p2a: Araquanid|79/100
|move|p2a: Araquanid|Surf|p1a: Iron Tusk
|-supereffective|p1a: Iron Tusk
|-damage|p1a: Iron Tusk|0 fnt
|faint|p1a: Iron Tusk
|-end|p1a: Iron Tusk|Quark Drive|[silent]
|
|upkeep
|
|t:|1758372164
|switch|p1a: Hexy time|Dragapult, M|100/100
|turn|31
|
|t:|1758372169
|switch|p2a: Scizor|Scizor, M, shiny|13/100
|move|p1a: Hexy time|Dragon Darts|p2a: Scizor
|-resisted|p2a: Scizor
|-damage|p2a: Scizor|0 fnt
|faint|p2a: Scizor
|
|upkeep
|
|t:|1758372177
|switch|p2a: Dondozo|Dondozo, M, shiny, tera:Dark|100/100 slp
|turn|32
|
|t:|1758372184
|move|p1a: Hexy time|Dragon Darts|p2a: Dondozo
|-damage|p2a: Dondozo|84/100 slp
|-anim|p1a: Hexy time|Dragon Darts|p2a: Dondozo
|-damage|p2a: Dondozo|67/100 slp
|cant|p2a: Dondozo|slp
|
|upkeep
|turn|33
|
|t:|1758372193
|switch|p1a: Finna nut|Pecharunt|100/100
|-curestatus|p2a: Dondozo|slp|[msg]
|move|p2a: Dondozo|Curse|p2a: Dondozo
|-unboost|p2a: Dondozo|spe|1
|-boost|p2a: Dondozo|atk|1
|-boost|p2a: Dondozo|def|1
|
|upkeep
|turn|34
|
|t:|1758372202
|move|p1a: Finna nut|Parting Shot|p2a: Dondozo
|-unboost|p2a: Dondozo|atk|1
|-unboost|p2a: Dondozo|spa|1
|
|t:|1758372207
|switch|p1a: Luigi|Breloom, F, tera:Water|100/100 tox|[from] Parting Shot
|move|p2a: Dondozo|Curse|p2a: Dondozo
|-unboost|p2a: Dondozo|spe|1
|-boost|p2a: Dondozo|atk|1
|-boost|p2a: Dondozo|def|1
|
|upkeep
|turn|35
|
|t:|1758372220
|move|p1a: Luigi|Leech Seed|p2a: Dondozo
|-start|p2a: Dondozo|move: Leech Seed
|move|p2a: Dondozo|Waterfall|p1a: Luigi
|-resisted|p1a: Luigi
|-damage|p1a: Luigi|74/100 tox
|
|-damage|p2a: Dondozo|54/100|[from] Leech Seed|[of] p1a: Luigi
|-heal|p1a: Luigi|98/100 tox|[silent]
|-heal|p1a: Luigi|100/100 tox|[from] ability: Poison Heal
|upkeep
|turn|36
|
|t:|1758372230
|switch|p2a: Araquanid|Araquanid, M|79/100
|move|p1a: Luigi|Bulk Up|p1a: Luigi
|-boost|p1a: Luigi|atk|1
|-boost|p1a: Luigi|def|1
|
|upkeep
|turn|37
|
|t:|1758372238
|move|p1a: Luigi|Leech Seed|p2a: Araquanid
|-start|p2a: Araquanid|move: Leech Seed
|move|p2a: Araquanid|Surf|p1a: Luigi
|-resisted|p1a: Luigi
|-damage|p1a: Luigi|61/100 tox
|
|-damage|p2a: Araquanid|67/100|[from] Leech Seed|[of] p1a: Luigi
|-heal|p1a: Luigi|77/100 tox|[silent]
|-heal|p1a: Luigi|89/100 tox|[from] ability: Poison Heal
|upkeep
|turn|38
|
|t:|1758372247
|move|p1a: Luigi|Drain Punch|p2a: Araquanid
|-resisted|p2a: Araquanid
|-damage|p2a: Araquanid|40/100
|-heal|p1a: Luigi|100/100 tox|[from] drain|[of] p2a: Araquanid
|move|p2a: Araquanid|Surf|p1a: Luigi
|-resisted|p1a: Luigi
|-damage|p1a: Luigi|62/100 tox
|
|-damage|p2a: Araquanid|27/100|[from] Leech Seed|[of] p1a: Luigi
|-heal|p1a: Luigi|78/100 tox|[silent]
|-heal|p1a: Luigi|90/100 tox|[from] ability: Poison Heal
|upkeep
|turn|39
|
|t:|1758372260
|move|p1a: Luigi|Drain Punch|p2a: Araquanid
|-resisted|p2a: Araquanid
|-damage|p2a: Araquanid|1/100
|-heal|p1a: Luigi|100/100 tox|[from] drain|[of] p2a: Araquanid
|move|p2a: Araquanid|Endeavor|p1a: Luigi
|-damage|p1a: Luigi|1/100 tox
|
|-damage|p2a: Araquanid|0 fnt|[from] Leech Seed|[of] p1a: Luigi
|-heal|p1a: Luigi|1/100 tox|[silent]
|faint|p2a: Araquanid
|-heal|p1a: Luigi|13/100 tox|[from] ability: Poison Heal
|upkeep
|
|t:|1758372273
|switch|p2a: Dondozo|Dondozo, M, shiny, tera:Dark|54/100
|turn|40
|
|t:|1758372277
|move|p1a: Luigi|Drain Punch|p2a: Dondozo
|-supereffective|p2a: Dondozo
|-damage|p2a: Dondozo|26/100
|-heal|p1a: Luigi|41/100 tox|[from] drain|[of] p2a: Dondozo
|move|p2a: Dondozo|Avalanche|p1a: Luigi
|-resisted|p1a: Luigi
|-damage|p1a: Luigi|26/100 tox
|
|-heal|p1a: Luigi|38/100 tox|[from] ability: Poison Heal
|upkeep
|turn|41
|
|t:|1758372288
|move|p1a: Luigi|Leech Seed|p2a: Dondozo
|-start|p2a: Dondozo|move: Leech Seed
|move|p2a: Dondozo|Curse|p2a: Dondozo
|-unboost|p2a: Dondozo|spe|1
|-boost|p2a: Dondozo|atk|1
|-boost|p2a: Dondozo|def|1
|
|-damage|p2a: Dondozo|13/100|[from] Leech Seed|[of] p1a: Luigi
|-heal|p1a: Luigi|62/100 tox|[silent]
|-heal|p1a: Luigi|74/100 tox|[from] ability: Poison Heal
|upkeep
|turn|42
|
|t:|1758372298
|move|p1a: Luigi|Drain Punch|p2a: Dondozo
|-supereffective|p2a: Dondozo
|-damage|p2a: Dondozo|0 fnt
|-heal|p1a: Luigi|86/100 tox|[from] drain|[of] p2a: Dondozo
|faint|p2a: Dondozo
|
|win|Jagger is a boss
|raw|Jagger is a boss's rating: 1205 &rarr; <strong>1233</strong><br />(+28 for winning)
|raw|zast3133's rating: 1252 &rarr; <strong>1224</strong><br />(-28 for losing)
