|j|☆MoronicMonki
|j|☆Trumpismessiah
|t:|1758247377
|gametype|singles
|player|p1|MoronicMonki|iris-gen5bw2|1444
|player|p2|Trumpismessiah|102|1457
|gen|9
|tier|[Gen 9] OU
|rated|
|rule|HP Percentage Mod: HP is shown in percentages
|rule|Endless Battle Clause: Forcing endless battles is banned
|rule|Species Clause: Limit one of each Pokémon
|rule|OHKO Clause: OHKO moves are banned
|rule|Evasion Items Clause: Evasion items are banned
|rule|Evasion Moves Clause: Evasion moves are banned
|rule|Evasion Abilities Clause: Evasion abilities are banned
|rule|Sleep Moves Clause: Sleep-inducing moves are banned
|clearpoke
|poke|p1|Gliscor, M|
|poke|p1|Glimmora, M|
|poke|p1|Tornadus-Therian, M|
|poke|p1|Zamazenta-*|
|poke|p1|Dragonite, M|
|poke|p1|Hydrapple, F|
|poke|p2|Snorlax, F|
|poke|p2|Gengar, F|
|poke|p2|Moltres|
|poke|p2|Vileplume, F|
|poke|p2|Vaporeon, M|
|poke|p2|Sandslash-Alola, F|
|teampreview
|inactive|Battle timer is ON: inactive players will automatically lose when time's up. (requested by MoronicMonki)
|
|t:|1758247390
|teamsize|p1|6
|teamsize|p2|6
|start
|switch|p1a: Tornadus|Tornadus-Therian, M|100/100
|switch|p2a: Sandslash|Sandslash-Alola, F|100/100
|turn|1
|
|t:|1758247407
|move|p1a: Tornadus|Heat Wave|p2a: Sandslash
|-supereffective|p2a: Sandslash
|-enditem|p2a: Sandslash|Focus Sash
|-damage|p2a: Sandslash|1/100
|move|p2a: Sandslash|Icicle Spear|p1a: Tornadus
|-supereffective|p1a: Tornadus
|-damage|p1a: Tornadus|75/100
|-supereffective|p1a: Tornadus
|-damage|p1a: Tornadus|45/100
|-hitcount|p1a: Tornadus|2
|
|upkeep
|turn|2
|
|t:|1758247412
|move|p2a: Sandslash|Ice Shard|p1a: Tornadus
|-supereffective|p1a: Tornadus
|-damage|p1a: Tornadus|2/100
|move|p1a: Tornadus|U-turn|p2a: Sandslash
|-resisted|p2a: Sandslash
|-damage|p2a: Sandslash|0 fnt
|faint|p2a: Sandslash
|
|t:|1758247417
|switch|p1a: Gliscor|Gliscor, M|100/100|[from] U-turn
|
|-status|p1a: Gliscor|tox|[from] item: Toxic Orb
|upkeep
|
|t:|1758247423
|switch|p2a: Gengar|Gengar, F|100/100
|turn|3
|
|t:|1758247427
|move|p2a: Gengar|Icy Wind|p1a: Gliscor
|-supereffective|p1a: Gliscor
|-damage|p1a: Gliscor|35/100 tox
|-unboost|p1a: Gliscor|spe|1
|move|p1a: Gliscor|Earthquake|p2a: Gengar
|-supereffective|p2a: Gengar
|-enditem|p2a: Gengar|Focus Sash
|-damage|p2a: Gengar|1/100
|
|-heal|p1a: Gliscor|47/100 tox|[from] ability: Poison Heal
|upkeep
|turn|4
|
|t:|1758247431
|move|p1a: Gliscor|Protect|p1a: Gliscor
|-singleturn|p1a: Gliscor|Protect
|move|p2a: Gengar|Shadow Ball|p1a: Gliscor
|-activate|p1a: Gliscor|move: Protect
|
|-heal|p1a: Gliscor|60/100 tox|[from] ability: Poison Heal
|upkeep
|turn|5
|
|t:|1758247441
|switch|p1a: Tornadus|Tornadus-Therian, M|35/100
|move|p2a: Gengar|Icy Wind|p1a: Tornadus
|-supereffective|p1a: Tornadus
|-damage|p1a: Tornadus|9/100
|-unboost|p1a: Tornadus|spe|1
|
|upkeep
|turn|6
|
|t:|1758247456
|move|p2a: Gengar|Shadow Ball|p1a: Tornadus
|-crit|p1a: Tornadus
|-damage|p1a: Tornadus|0 fnt
|faint|p1a: Tornadus
|
|upkeep
|
|t:|1758247463
|switch|p1a: Zamazenta|Zamazenta|100/100
|-ability|p1a: Zamazenta|Dauntless Shield|boost
|-boost|p1a: Zamazenta|def|1
|turn|7
|
|t:|1758247465
|switch|p2a: Vileplume|Vileplume, F|100/100
|move|p1a: Zamazenta|Crunch|p2a: Vileplume
|-damage|p2a: Vileplume|84/100
|-unboost|p2a: Vileplume|def|1
|-damage|p1a: Zamazenta|84/100|[from] item: Rocky Helmet|[of] p2a: Vileplume
|
|-heal|p1a: Zamazenta|90/100|[from] item: Leftovers
|upkeep
|turn|8
|
|t:|1758247475
|switch|p1a: Hydrapple|Hydrapple, F|100/100
|move|p2a: Vileplume|Leech Seed|p1a: Hydrapple
|-immune|p1a: Hydrapple
|
|upkeep
|turn|9
|
|t:|1758247480
|switch|p2a: Snorlax|Snorlax, F|100/100
|move|p1a: Hydrapple|Nasty Plot|p1a: Hydrapple
|-boost|p1a: Hydrapple|spa|2
|
|upkeep
|turn|10
|
|t:|1758247487
|switch|p1a: Zamazenta|Zamazenta|90/100
|move|p2a: Snorlax|Body Slam|p1a: Zamazenta
|-damage|p1a: Zamazenta|61/100
|
|-heal|p1a: Zamazenta|67/100|[from] item: Leftovers
|upkeep
|turn|11
|
|t:|1758247490
|switch|p2a: Moltres|Moltres|100/100
|move|p1a: Zamazenta|Body Press|p2a: Moltres
|-resisted|p2a: Moltres
|-damage|p2a: Moltres|89/100
|
|-heal|p1a: Zamazenta|73/100|[from] item: Leftovers
|upkeep
|turn|12
|
|t:|1758247495
|switch|p1a: Glimmora|Glimmora, M|100/100
|move|p2a: Moltres|U-turn|p1a: Glimmora
|-resisted|p1a: Glimmora
|-damage|p1a: Glimmora|92/100
|-activate|p1a: Glimmora|ability: Toxic Debris
|-sidestart|p2: Trumpismessiah|move: Toxic Spikes
|-enditem|p1a: Glimmora|Red Card|[of] p2a: Moltres
|drag|p2a: Vileplume|Vileplume, F|84/100
|-sideend|p2: Trumpismessiah|move: Toxic Spikes|[of] p2a: Vileplume
|
|upkeep
|turn|13
|
|t:|1758247503
|move|p1a: Glimmora|Stealth Rock|p2a: Vileplume
|-sidestart|p2: Trumpismessiah|move: Stealth Rock
|move|p2a: Vileplume|Leech Seed|p1a: Glimmora
|-start|p1a: Glimmora|move: Leech Seed
|
|-damage|p1a: Glimmora|80/100|[from] Leech Seed|[of] p2a: Vileplume
|-heal|p2a: Vileplume|95/100|[silent]
|upkeep
|turn|14
|
|t:|1758247511
|switch|p1a: Hydrapple|Hydrapple, F|100/100
|move|p2a: Vileplume|Sludge Bomb|p1a: Hydrapple
|-supereffective|p1a: Hydrapple
|-damage|p1a: Hydrapple|34/100
|
|upkeep
|turn|15
|
|t:|1758247521
|switch|p1a: Glimmora|Glimmora, M|80/100
|move|p2a: Vileplume|Sludge Bomb|p1a: Glimmora
|-resisted|p1a: Glimmora
|-damage|p1a: Glimmora|68/100
|
|upkeep
|turn|16
|
|t:|1758247525
|move|p1a: Glimmora|Power Gem|p2a: Vileplume
|-damage|p2a: Vileplume|49/100
|move|p2a: Vileplume|Strength Sap|p1a: Glimmora
|-unboost|p1a: Glimmora|atk|1
|-heal|p2a: Vileplume|86/100
|
|upkeep
|turn|17
|
|t:|1758247531
|move|p1a: Glimmora|Power Gem|p2a: Vileplume
|-damage|p2a: Vileplume|43/100
|move|p2a: Vileplume|Giga Drain|p1a: Glimmora
|-damage|p1a: Glimmora|28/100
|-heal|p2a: Vileplume|61/100|[from] drain|[of] p1a: Glimmora
|
|upkeep
|turn|18
|
|t:|1758247536
|switch|p2a: Vaporeon|Vaporeon, M|100/100
|-damage|p2a: Vaporeon|88/100|[from] Stealth Rock
|move|p1a: Glimmora|Power Gem|p2a: Vaporeon
|-damage|p2a: Vaporeon|66/100
|
|-heal|p2a: Vaporeon|72/100|[from] item: Leftovers
|upkeep
|turn|19
|
|t:|1758247538
|move|p1a: Glimmora|Mortal Spin|p2a: Vaporeon
|-damage|p2a: Vaporeon|68/100
|-status|p2a: Vaporeon|psn
|move|p2a: Vaporeon|Scald|p1a: Glimmora
|-supereffective|p1a: Glimmora
|-damage|p1a: Glimmora|0 fnt
|faint|p1a: Glimmora
|
|-heal|p2a: Vaporeon|74/100 psn|[from] item: Leftovers
|-damage|p2a: Vaporeon|62/100 psn|[from] psn
|upkeep
|
|t:|1758247546
|switch|p1a: Hydrapple|Hydrapple, F|67/100
|turn|20
|
|t:|1758247549
|move|p2a: Vaporeon|Protect|p2a: Vaporeon
|-singleturn|p2a: Vaporeon|Protect
|move|p1a: Hydrapple|Giga Drain|p2a: Vaporeon
|-activate|p2a: Vaporeon|move: Protect
|
|-heal|p2a: Vaporeon|68/100 psn|[from] item: Leftovers
|-damage|p2a: Vaporeon|56/100 psn|[from] psn
|upkeep
|turn|21
|
|t:|1758247554
|switch|p2a: Snorlax|Snorlax, F|100/100
|-damage|p2a: Snorlax|88/100|[from] Stealth Rock
|move|p1a: Hydrapple|Giga Drain|p2a: Snorlax
|-damage|p2a: Snorlax|71/100
|-heal|p1a: Hydrapple|78/100|[from] drain|[of] p2a: Snorlax
|
|upkeep
|turn|22
|
|t:|1758247563
|move|p1a: Hydrapple|Nasty Plot|p1a: Hydrapple
|-boost|p1a: Hydrapple|spa|2
|move|p2a: Snorlax|Body Slam|p1a: Hydrapple
|-damage|p1a: Hydrapple|54/100
|
|upkeep
|turn|23
|
|t:|1758247566
|move|p1a: Hydrapple|Fickle Beam|p2a: Snorlax
|-damage|p2a: Snorlax|32/100
|move|p2a: Snorlax|Outrage|p1a: Hydrapple
|-supereffective|p1a: Hydrapple
|-damage|p1a: Hydrapple|8/100
|
|upkeep
|turn|24
|-enditem|p2a: Snorlax|Custap Berry|[eat]
|-activate|p2a: Snorlax|item: Custap Berry|[consumed]
|
|t:|1758247569
|move|p2a: Snorlax|Outrage|p1a: Hydrapple|[from] lockedmove
|-supereffective|p1a: Hydrapple
|-damage|p1a: Hydrapple|0 fnt
|faint|p1a: Hydrapple
|-start|p2a: Snorlax|confusion|[fatigue]
|
|upkeep
|
|t:|1758247575
|switch|p1a: Zamazenta|Zamazenta|73/100
|turn|25
|
|t:|1758247580
|move|p1a: Zamazenta|Iron Defense|p1a: Zamazenta
|-boost|p1a: Zamazenta|def|2
|-activate|p2a: Snorlax|confusion
|move|p2a: Snorlax|Body Slam|p1a: Zamazenta
|-crit|p1a: Zamazenta
|-damage|p1a: Zamazenta|28/100
|
|-heal|p1a: Zamazenta|35/100|[from] item: Leftovers
|upkeep
|turn|26
|
|t:|1758247588
|switch|p2a: Moltres|Moltres|89/100
|move|p1a: Zamazenta|Body Press|p2a: Moltres
|-resisted|p2a: Moltres
|-damage|p2a: Moltres|64/100
|
|-heal|p1a: Zamazenta|41/100|[from] item: Leftovers
|upkeep
|turn|27
|
|t:|1758247598
|move|p1a: Zamazenta|Crunch|p2a: Moltres
|-damage|p2a: Moltres|50/100
|move|p2a: Moltres|Roost|p2a: Moltres
|-heal|p2a: Moltres|99/100
|-singleturn|p2a: Moltres|move: Roost
|
|-heal|p1a: Zamazenta|47/100|[from] item: Leftovers
|upkeep
|turn|28
|
|t:|1758247600
|move|p2a: Moltres|Will-O-Wisp|p1a: Zamazenta
|-status|p1a: Zamazenta|brn
|move|p1a: Zamazenta|Roar|p2a: Moltres
|drag|p2a: Gengar|Gengar, F|1/100
|-damage|p2a: Gengar|0 fnt|[from] Stealth Rock
|faint|p2a: Gengar
|
|-heal|p1a: Zamazenta|53/100 brn|[from] item: Leftovers
|-damage|p1a: Zamazenta|47/100 brn|[from] brn
|upkeep
|
|t:|1758247607
|switch|p2a: Moltres|Moltres|99/100
|turn|29
|
|t:|1758247610
|move|p2a: Moltres|Flamethrower|p1a: Zamazenta
|-crit|p1a: Zamazenta
|-damage|p1a: Zamazenta|0 fnt
|faint|p1a: Zamazenta
|
|upkeep
|
|t:|1758247614
|switch|p1a: Gliscor|Gliscor, M|60/100 tox
|turn|30
|
|t:|1758247618
|switch|p2a: Snorlax|Snorlax, F|32/100
|-damage|p2a: Snorlax|19/100|[from] Stealth Rock
|move|p1a: Gliscor|Protect||[still]
|-fail|p1a: Gliscor
|
|-heal|p1a: Gliscor|72/100 tox|[from] ability: Poison Heal
|upkeep
|turn|31
|
|t:|1758247623
|move|p1a: Gliscor|Earthquake|p2a: Snorlax
|-damage|p2a: Snorlax|0 fnt
|faint|p2a: Snorlax
|
|-heal|p1a: Gliscor|85/100 tox|[from] ability: Poison Heal
|upkeep
|
|t:|1758247625
|switch|p2a: Vileplume|Vileplume, F|61/100
|-damage|p2a: Vileplume|48/100|[from] Stealth Rock
|turn|32
|
|t:|1758247629
|move|p1a: Gliscor|Protect|p1a: Gliscor
|-singleturn|p1a: Gliscor|Protect
|move|p2a: Vileplume|Strength Sap|p1a: Gliscor
|-activate|p1a: Gliscor|move: Protect
|
|-heal|p1a: Gliscor|97/100 tox|[from] ability: Poison Heal
|upkeep
|turn|33
|
|t:|1758247633
|move|p1a: Gliscor|Swords Dance|p1a: Gliscor
|-boost|p1a: Gliscor|atk|2
|move|p2a: Vileplume|Strength Sap|p1a: Gliscor
|-unboost|p1a: Gliscor|atk|1
|-heal|p2a: Vileplume|100/100
|
|-heal|p1a: Gliscor|100/100 tox|[from] ability: Poison Heal
|upkeep
|turn|34
|
|t:|1758247636
|move|p1a: Gliscor|Swords Dance|p1a: Gliscor
|-boost|p1a: Gliscor|atk|2
|move|p2a: Vileplume|Leech Seed|p1a: Gliscor
|-start|p1a: Gliscor|move: Leech Seed
|
|-damage|p1a: Gliscor|88/100 tox|[from] Leech Seed|[of] p2a: Vileplume
|-heal|p1a: Gliscor|100/100 tox|[from] ability: Poison Heal
|upkeep
|turn|35
|
|t:|1758247638
|move|p1a: Gliscor|Swords Dance|p1a: Gliscor
|-boost|p1a: Gliscor|atk|2
|move|p2a: Vileplume|Giga Drain|p1a: Gliscor
|-damage|p1a: Gliscor|76/100 tox
|
|-damage|p1a: Gliscor|64/100 tox|[from] Leech Seed|[of] p2a: Vileplume
|-heal|p1a: Gliscor|76/100 tox|[from] ability: Poison Heal
|upkeep
|turn|36
|
|t:|1758247641
|move|p1a: Gliscor|Swords Dance|p1a: Gliscor
|-boost|p1a: Gliscor|atk|1
|move|p2a: Vileplume|Strength Sap|p1a: Gliscor
|-unboost|p1a: Gliscor|atk|1
|
|-damage|p1a: Gliscor|64/100 tox|[from] Leech Seed|[of] p2a: Vileplume
|-heal|p1a: Gliscor|76/100 tox|[from] ability: Poison Heal
|upkeep
|turn|37
|
|t:|1758247644
|move|p1a: Gliscor|Swords Dance|p1a: Gliscor
|-boost|p1a: Gliscor|atk|1
|move|p2a: Vileplume|Strength Sap|p1a: Gliscor
|-unboost|p1a: Gliscor|atk|1
|
|-damage|p1a: Gliscor|64/100 tox|[from] Leech Seed|[of] p2a: Vileplume
|-heal|p1a: Gliscor|76/100 tox|[from] ability: Poison Heal
|upkeep
|turn|38
|
|t:|1758247647
|-terastallize|p1a: Gliscor|Normal
|move|p1a: Gliscor|Facade|p2a: Vileplume
|-damage|p2a: Vileplume|0 fnt
|-damage|p1a: Gliscor|60/100 tox|[from] item: Rocky Helmet|[of] p2a: Vileplume
|faint|p2a: Vileplume
|
|-heal|p1a: Gliscor|72/100 tox|[from] ability: Poison Heal
|upkeep
|
|t:|1758247664
|switch|p2a: Vaporeon|Vaporeon, M|56/100 psn
|-damage|p2a: Vaporeon|43/100 psn|[from] Stealth Rock
|turn|39
|
|t:|1758247668
|move|p2a: Vaporeon|Protect|p2a: Vaporeon
|-singleturn|p2a: Vaporeon|Protect
|move|p1a: Gliscor|Facade|p2a: Vaporeon
|-activate|p2a: Vaporeon|move: Protect
|
|-heal|p2a: Vaporeon|49/100 psn|[from] item: Leftovers
|-damage|p1a: Gliscor|60/100 tox|[from] Leech Seed|[of] p2a: Vaporeon
|-heal|p2a: Vaporeon|59/100 psn|[silent]
|-heal|p1a: Gliscor|72/100 tox|[from] ability: Poison Heal
|-damage|p2a: Vaporeon|46/100 psn|[from] psn
|upkeep
|turn|40
|
|t:|1758247676
|-terastallize|p2a: Vaporeon|Ghost
|move|p1a: Gliscor|Facade|p2a: Vaporeon
|-immune|p2a: Vaporeon
|move|p2a: Vaporeon|Scald|p1a: Gliscor
|-damage|p1a: Gliscor|45/100 tox
|
|-heal|p2a: Vaporeon|53/100 psn|[from] item: Leftovers
|-damage|p1a: Gliscor|33/100 tox|[from] Leech Seed|[of] p2a: Vaporeon
|-heal|p2a: Vaporeon|62/100 psn|[silent]
|-heal|p1a: Gliscor|45/100 tox|[from] ability: Poison Heal
|-damage|p2a: Vaporeon|50/100 psn|[from] psn
|upkeep
|turn|41
|
|t:|1758247683
|move|p1a: Gliscor|Earthquake|p2a: Vaporeon
|-damage|p2a: Vaporeon|0 fnt
|faint|p2a: Vaporeon
|
|-heal|p1a: Gliscor|58/100 tox|[from] ability: Poison Heal
|upkeep
|
|t:|1758247684
|switch|p2a: Moltres|Moltres|99/100
|turn|42
|
|t:|1758247687
|move|p1a: Gliscor|Facade|p2a: Moltres
|-damage|p2a: Moltres|0 fnt
|faint|p2a: Moltres
|
|win|MoronicMonki
|raw|MoronicMonki's rating: 1444 &rarr; <strong>1465</strong><br />(+21 for winning)
|raw|Trumpismessiah's rating: 1457 &rarr; <strong>1436</strong><br />(-21 for losing)
|l|☆MoronicMonki
|player|p1|
|l|☆Trumpismessiah
|player|p2|
