|j|☆Ctannn
|j|☆Glonxxu
|t:|1758281965
|gametype|singles
|player|p1|Ctannn|266|1753
|player|p2|Glonxxu|dawn-masters2|1640
|gen|9
|tier|[Gen 9] OU
|rated|
|rule|HP Percentage Mod: HP is shown in percentages
|rule|Endless Battle Clause: Forcing endless battles is banned
|rule|Species Clause: Limit one of each Pokémon
|rule|OHKO Clause: OHKO moves are banned
|rule|Evasion Items Clause: Evasion items are banned
|rule|Evasion Moves Clause: Evasion moves are banned
|rule|Evasion Abilities Clause: Evasion abilities are banned
|rule|Sleep Moves Clause: Sleep-inducing moves are banned
|clearpoke
|poke|p1|Rillaboom, M|
|poke|p1|Gholdengo|
|poke|p1|Cinderace, F|
|poke|p1|Raging Bolt|
|poke|p1|Slowking-Galar, F|
|poke|p1|Landorus-Therian, M|
|poke|p2|Ceruledge, M|
|poke|p2|Pecharunt|
|poke|p2|Tyranitar, F|
|poke|p2|Excadrill, M|
|poke|p2|Ting-Lu|
|poke|p2|Raging Bolt|
|teampreview
|inactive|Battle timer is ON: inactive players will automatically lose when time's up. (requested by Ctannn)
|
|t:|1758281986
|teamsize|p1|6
|teamsize|p2|6
|start
|switch|p1a: Rillaboom|Rillaboom, M|100/100
|switch|p2a: Raging Bolt|Raging Bolt|100/100
|-fieldstart|move: Grassy Terrain|[from] ability: Grassy Surge|[of] p1a: Rillaboom
|turn|1
|
|t:|1758281993
|switch|p1a: Slowking|Slowking-Galar, F|100/100
|move|p2a: Raging Bolt|Draco Meteor|p1a: Slowking
|-damage|p1a: Slowking|19/100
|-unboost|p2a: Raging Bolt|spa|2
|
|-heal|p1a: Slowking|25/100|[from] Grassy Terrain
|upkeep
|turn|2
|
|t:|1758281999
|switch|p1a: Gholdengo|Gholdengo|100/100
|move|p2a: Raging Bolt|Draco Meteor|p1a: Gholdengo
|-resisted|p1a: Gholdengo
|-damage|p1a: Gholdengo|69/100
|-unboost|p2a: Raging Bolt|spa|2
|
|-heal|p1a: Gholdengo|75/100|[from] Grassy Terrain
|upkeep
|turn|3
|
|t:|1758282005
|switch|p1a: Slowking|Slowking-Galar, F|58/100
|-end|p2a: Raging Bolt|Protosynthesis|[silent]
|switch|p2a: Ting-Lu|Ting-Lu|100/100
|-ability|p2a: Ting-Lu|Vessel of Ruin
|
|-heal|p1a: Slowking|64/100|[from] Grassy Terrain
|upkeep
|turn|4
|
|t:|1758282018
|move|p2a: Ting-Lu|Stealth Rock|p1a: Slowking
|-sidestart|p1: Ctannn|move: Stealth Rock
|move|p1a: Slowking|Future Sight|p2a: Ting-Lu
|-start|p1a: Slowking|move: Future Sight
|
|-heal|p1a: Slowking|70/100|[from] Grassy Terrain
|upkeep
|turn|5
|
|t:|1758282022
|move|p2a: Ting-Lu|Ruination|p1a: Slowking
|-damage|p1a: Slowking|36/100
|-prepare|p1a: Slowking|Chilly Reception|[premajor]
|move|p1a: Slowking|Chilly Reception|p1a: Slowking
|-weather|Snowscape
|
|t:|1758282029
|switch|p1a: Cinderace|Cinderace, F|100/100|[from] Chilly Reception
|
|-weather|Snowscape|[upkeep]
|-fieldend|move: Grassy Terrain
|upkeep
|turn|6
|
|t:|1758282044
|move|p1a: Cinderace|High Jump Kick|p2a: Ting-Lu
|-start|p1a: Cinderace|typechange|Fighting|[from] ability: Libero
|-supereffective|p2a: Ting-Lu
|-damage|p2a: Ting-Lu|31/100
|move|p2a: Ting-Lu|Stealth Rock||[still]
|-fail|p2a: Ting-Lu
|
|-weather|Snowscape|[upkeep]
|-end|p2a: Ting-Lu|move: Future Sight
|-immune|p2a: Ting-Lu
|-heal|p2a: Ting-Lu|37/100|[from] item: Leftovers
|upkeep
|turn|7
|
|t:|1758282053
|switch|p2a: Pecharunt|Pecharunt|100/100
|move|p1a: Cinderace|High Jump Kick|p2a: Pecharunt
|-immune|p2a: Pecharunt
|-damage|p1a: Cinderace|51/100|[from] highjumpkick
|
|-weather|Snowscape|[upkeep]
|upkeep
|turn|8
|
|t:|1758282060
|move|p1a: Cinderace|Court Change|p1a: Cinderace
|-swapsideconditions
|-activate|p1a: Cinderace|move: Court Change
|move|p2a: Pecharunt|Parting Shot|p1a: Cinderace
|-unboost|p1a: Cinderace|atk|1
|-unboost|p1a: Cinderace|spa|1
|j| isaac_gam3r
|l| isaac_gam3r
|
|t:|1758282083
|switch|p2a: Ceruledge|Ceruledge, M|100/100|[from] Parting Shot
|-damage|p2a: Ceruledge|76/100|[from] Stealth Rock
|-item|p2a: Ceruledge|Air Balloon
|
|-weather|Snowscape|[upkeep]
|upkeep
|turn|9
|
|t:|1758282097
|switch|p1a: Gholdengo|Gholdengo|75/100
|move|p2a: Ceruledge|Bitter Blade|p1a: Gholdengo
|-supereffective|p1a: Gholdengo
|-damage|p1a: Gholdengo|0 fnt
|-heal|p2a: Ceruledge|100/100|[from] drain|[of] p1a: Gholdengo
|faint|p1a: Gholdengo
|
|-weather|none
|upkeep
|
|t:|1758282106
|switch|p1a: Raging Bolt|Raging Bolt|100/100
|turn|10
|
|t:|1758282120
|switch|p2a: Ting-Lu|Ting-Lu|37/100
|-damage|p2a: Ting-Lu|31/100|[from] Stealth Rock
|-ability|p2a: Ting-Lu|Vessel of Ruin
|move|p1a: Raging Bolt|Draco Meteor|p2a: Ting-Lu
|-damage|p2a: Ting-Lu|0 fnt
|-unboost|p1a: Raging Bolt|spa|2
|faint|p2a: Ting-Lu
|
|upkeep
|
|t:|1758282126
|switch|p2a: Tyranitar|Tyranitar, F|100/100
|-damage|p2a: Tyranitar|88/100|[from] Stealth Rock
|-weather|Sandstorm|[from] ability: Sand Stream|[of] p2a: Tyranitar
|turn|11
|
|t:|1758282133
|-end|p1a: Raging Bolt|Protosynthesis|[silent]
|switch|p1a: Cinderace|Cinderace, F|51/100
|move|p2a: Tyranitar|Ice Beam|p1a: Cinderace
|-resisted|p1a: Cinderace
|-damage|p1a: Cinderace|31/100
|
|-weather|Sandstorm|[upkeep]
|-damage|p1a: Cinderace|25/100|[from] Sandstorm
|upkeep
|turn|12
|
|t:|1758282140
|switch|p2a: Pecharunt|Pecharunt|100/100
|-damage|p2a: Pecharunt|88/100|[from] Stealth Rock
|move|p1a: Cinderace|U-turn|p2a: Pecharunt
|-start|p1a: Cinderace|typechange|Bug|[from] ability: Libero
|-resisted|p2a: Pecharunt
|-damage|p2a: Pecharunt|84/100
|-damage|p1a: Cinderace|9/100|[from] item: Rocky Helmet|[of] p2a: Pecharunt
|
|t:|1758282142
|switch|p1a: Slowking|Slowking-Galar, F|69/100|[from] U-turn
|
|-weather|Sandstorm|[upkeep]
|-damage|p2a: Pecharunt|78/100|[from] Sandstorm
|-damage|p1a: Slowking|63/100|[from] Sandstorm
|upkeep
|turn|13
|
|t:|1758282149
|move|p2a: Pecharunt|Parting Shot|p1a: Slowking
|-unboost|p1a: Slowking|atk|1
|-unboost|p1a: Slowking|spa|1
|
|t:|1758282163
|switch|p2a: Raging Bolt|Raging Bolt|100/100|[from] Parting Shot
|-damage|p2a: Raging Bolt|88/100|[from] Stealth Rock
|move|p1a: Slowking|Future Sight|p2a: Raging Bolt
|-start|p1a: Slowking|move: Future Sight
|
|-weather|Sandstorm|[upkeep]
|-damage|p2a: Raging Bolt|82/100|[from] Sandstorm
|-damage|p1a: Slowking|57/100|[from] Sandstorm
|upkeep
|turn|14
|
|t:|1758282170
|-terastallize|p1a: Slowking|Fairy
|move|p2a: Raging Bolt|Draco Meteor|p1a: Slowking
|-immune|p1a: Slowking
|-prepare|p1a: Slowking|Chilly Reception|[premajor]
|move|p1a: Slowking|Chilly Reception|p1a: Slowking
|-weather|Snowscape
|
|t:|1758282173
|switch|p1a: Raging Bolt|Raging Bolt|100/100|[from] Chilly Reception
|
|-weather|Snowscape|[upkeep]
|upkeep
|turn|15
|
|t:|1758282197
|-end|p2a: Raging Bolt|Protosynthesis|[silent]
|switch|p2a: Tyranitar|Tyranitar, F|88/100
|-damage|p2a: Tyranitar|76/100|[from] Stealth Rock
|-weather|Sandstorm|[from] ability: Sand Stream|[of] p2a: Tyranitar
|move|p1a: Raging Bolt|Draco Meteor|p2a: Tyranitar
|-damage|p2a: Tyranitar|32/100
|-unboost|p1a: Raging Bolt|spa|2
|
|-weather|Sandstorm|[upkeep]
|-damage|p1a: Raging Bolt|94/100|[from] Sandstorm
|-end|p2a: Tyranitar|move: Future Sight
|-immune|p2a: Tyranitar
|upkeep
|turn|16
|
|t:|1758282209
|-end|p1a: Raging Bolt|Protosynthesis|[silent]
|switch|p1a: Slowking|Slowking-Galar, F, tera:Fairy|90/100
|move|p2a: Tyranitar|Ice Beam|p1a: Slowking
|-crit|p1a: Slowking
|-damage|p1a: Slowking|58/100
|
|-weather|Sandstorm|[upkeep]
|-damage|p1a: Slowking|52/100|[from] Sandstorm
|upkeep
|turn|17
|
|t:|1758282218
|move|p2a: Tyranitar|Heavy Slam|p1a: Slowking
|-supereffective|p1a: Slowking
|-damage|p1a: Slowking|24/100
|-damage|p2a: Tyranitar|15/100|[from] item: Rocky Helmet|[of] p1a: Slowking
|-prepare|p1a: Slowking|Chilly Reception|[premajor]
|move|p1a: Slowking|Chilly Reception|p1a: Slowking
|-weather|Snowscape
|
|t:|1758282226
|switch|p1a: Raging Bolt|Raging Bolt|94/100|[from] Chilly Reception
|
|-weather|Snowscape|[upkeep]
|upkeep
|turn|18
|inactive|Glonxxu has 120 seconds left.
|
|t:|1758282257
|move|p1a: Raging Bolt|Draco Meteor|p2a: Tyranitar
|-damage|p2a: Tyranitar|0 fnt
|-unboost|p1a: Raging Bolt|spa|2
|faint|p2a: Tyranitar
|
|-weather|Snowscape|[upkeep]
|upkeep
|inactive|Glonxxu has 120 seconds left.
|
|t:|1758282274
|switch|p2a: Excadrill|Excadrill, M|100/100
|-damage|p2a: Excadrill|97/100|[from] Stealth Rock
|-item|p2a: Excadrill|Air Balloon
|turn|19
|
|t:|1758282283
|-end|p1a: Raging Bolt|Protosynthesis|[silent]
|switch|p1a: Landorus|Landorus-Therian, M|100/100
|-ability|p1a: Landorus|Intimidate|boost
|-unboost|p2a: Excadrill|atk|1
|move|p2a: Excadrill|Rapid Spin|p1a: Landorus
|-damage|p1a: Landorus|92/100
|-boost|p2a: Excadrill|spe|1
|-damage|p2a: Excadrill|81/100|[from] item: Rocky Helmet|[of] p1a: Landorus
|-sideend|p2: Glonxxu|Stealth Rock|[from] move: Rapid Spin|[of] p2a: Excadrill
|
|-weather|Snowscape|[upkeep]
|upkeep
|turn|20
|inactive|Glonxxu has 120 seconds left.
|
|t:|1758282298
|switch|p2a: Raging Bolt|Raging Bolt|82/100
|move|p1a: Landorus|Weather Ball|p2a: Raging Bolt
|-supereffective|p2a: Raging Bolt
|-damage|p2a: Raging Bolt|46/100
|
|-weather|Snowscape|[upkeep]
|upkeep
|turn|21
|inactive|Glonxxu has 120 seconds left.
|
|t:|1758282311
|-terastallize|p2a: Raging Bolt|Flying
|move|p1a: Landorus|Earthquake|p2a: Raging Bolt
|-immune|p2a: Raging Bolt
|move|p2a: Raging Bolt|Draco Meteor|p1a: Landorus
|-damage|p1a: Landorus|0 fnt
|-unboost|p2a: Raging Bolt|spa|2
|faint|p1a: Landorus
|
|-weather|none
|upkeep
|
|t:|1758282333
|switch|p1a: Slowking|Slowking-Galar, F, tera:Fairy|57/100
|turn|22
|
|t:|1758282342
|-end|p2a: Raging Bolt|Protosynthesis|[silent]
|switch|p2a: Excadrill|Excadrill, M|81/100
|-item|p2a: Excadrill|Air Balloon
|move|p1a: Slowking|Psychic|p2a: Excadrill
|-resisted|p2a: Excadrill
|-damage|p2a: Excadrill|60/100
|-enditem|p2a: Excadrill|Air Balloon
|
|upkeep
|turn|23
|inactive|Glonxxu has 120 seconds left.
|
|t:|1758282362
|move|p2a: Excadrill|Rock Slide|p1a: Slowking
|-damage|p1a: Slowking|37/100
|-prepare|p1a: Slowking|Chilly Reception|[premajor]
|move|p1a: Slowking|Chilly Reception|p1a: Slowking
|-weather|Snowscape
|
|t:|1758282368
|switch|p1a: Cinderace|Cinderace, F|9/100|[from] Chilly Reception
|
|-weather|Snowscape|[upkeep]
|upkeep
|turn|24
|
|t:|1758282373
|switch|p2a: Ceruledge|Ceruledge, M|100/100
|-item|p2a: Ceruledge|Air Balloon
|move|p1a: Cinderace|Pyro Ball|p2a: Ceruledge
|-start|p2a: Ceruledge|ability: Flash Fire
|
|-weather|Snowscape|[upkeep]
|upkeep
|turn|25
|
|t:|1758282381
|move|p2a: Ceruledge|Shadow Sneak|p1a: Cinderace
|-damage|p1a: Cinderace|0 fnt
|faint|p1a: Cinderace
|
|-weather|Snowscape|[upkeep]
|upkeep
|
|t:|1758282383
|switch|p1a: Raging Bolt|Raging Bolt|94/100
|turn|26
|
|t:|1758282398
|-end|p2a: Ceruledge|ability: Flash Fire|[silent]
|switch|p2a: Raging Bolt|Raging Bolt, tera:Flying|46/100
|move|p1a: Raging Bolt|Draco Meteor|p2a: Raging Bolt
|-damage|p2a: Raging Bolt|0 fnt
|-unboost|p1a: Raging Bolt|spa|2
|faint|p2a: Raging Bolt
|-end|p2a: Raging Bolt|Protosynthesis|[silent]
|
|-weather|Snowscape|[upkeep]
|upkeep
|
|t:|1758282412
|switch|p2a: Ceruledge|Ceruledge, M|100/100
|-item|p2a: Ceruledge|Air Balloon
|turn|27
|
|t:|1758282416
|move|p1a: Raging Bolt|Draco Meteor|p2a: Ceruledge
|-crit|p2a: Ceruledge
|-damage|p2a: Ceruledge|0 fnt
|-unboost|p1a: Raging Bolt|spa|2
|-enditem|p2a: Ceruledge|Air Balloon
|faint|p2a: Ceruledge
|
|-weather|none
|upkeep
|
|t:|1758282422
|switch|p2a: Excadrill|Excadrill, M|60/100
|turn|28
|
|t:|1758282431
|switch|p2a: Pecharunt|Pecharunt|78/100
|-end|p1a: Raging Bolt|Protosynthesis|[silent]
|switch|p1a: Rillaboom|Rillaboom, M|100/100
|-fieldstart|move: Grassy Terrain|[from] ability: Grassy Surge|[of] p1a: Rillaboom
|
|-heal|p2a: Pecharunt|84/100|[from] Grassy Terrain
|upkeep
|turn|29
|
|t:|1758282445
|move|p1a: Rillaboom|Swords Dance|p1a: Rillaboom
|-boost|p1a: Rillaboom|atk|2
|move|p2a: Pecharunt|Malignant Chain|p1a: Rillaboom
|-supereffective|p1a: Rillaboom
|-damage|p1a: Rillaboom|11/100
|-status|p1a: Rillaboom|tox
|-start|p1a: Rillaboom|confusion|[from] ability: Poison Puppeteer|[of] p2a: Pecharunt
|
|-heal|p1a: Rillaboom|17/100 tox|[from] Grassy Terrain
|-heal|p2a: Pecharunt|90/100|[from] Grassy Terrain
|-damage|p1a: Rillaboom|11/100 tox|[from] psn
|upkeep
|turn|30
|
|t:|1758282468
|-activate|p1a: Rillaboom|confusion
|-damage|p1a: Rillaboom|0 fnt|[from] confusion
|faint|p1a: Rillaboom
|move|p2a: Pecharunt|Recover|p2a: Pecharunt
|-heal|p2a: Pecharunt|100/100
|
|upkeep
|
|t:|1758282475
|switch|p1a: Slowking|Slowking-Galar, F, tera:Fairy|70/100
|turn|31
|
|t:|1758282478
|move|p2a: Pecharunt|Malignant Chain|p1a: Slowking
|-supereffective|p1a: Slowking
|-damage|p1a: Slowking|22/100
|move|p1a: Slowking|Psychic|p2a: Pecharunt
|-supereffective|p2a: Pecharunt
|-damage|p2a: Pecharunt|38/100
|
|-heal|p2a: Pecharunt|44/100|[from] Grassy Terrain
|-heal|p1a: Slowking|28/100|[from] Grassy Terrain
|upkeep
|turn|32
|
|t:|1758282491
|move|p2a: Pecharunt|Malignant Chain|p1a: Slowking
|-supereffective|p1a: Slowking
|-damage|p1a: Slowking|0 fnt
|faint|p1a: Slowking
|
|-heal|p2a: Pecharunt|50/100|[from] Grassy Terrain
|-fieldend|move: Grassy Terrain
|upkeep
|
|t:|1758282493
|switch|p1a: Raging Bolt|Raging Bolt|94/100
|turn|33
|
|t:|1758282498
|move|p1a: Raging Bolt|Draco Meteor|p2a: Pecharunt
|-damage|p2a: Pecharunt|0 fnt
|-unboost|p1a: Raging Bolt|spa|2
|faint|p2a: Pecharunt
|
|upkeep
|
|t:|1758282500
|switch|p2a: Excadrill|Excadrill, M|60/100
|turn|34
|
|t:|1758282502
|move|p2a: Excadrill|Earthquake|p1a: Raging Bolt
|-supereffective|p1a: Raging Bolt
|-damage|p1a: Raging Bolt|2/100
|move|p1a: Raging Bolt|Draco Meteor|p2a: Excadrill
|-resisted|p2a: Excadrill
|-damage|p2a: Excadrill|21/100
|-unboost|p1a: Raging Bolt|spa|2
|
|upkeep
|turn|35
|
|t:|1758282508
|move|p2a: Excadrill|Earthquake|p1a: Raging Bolt
|-supereffective|p1a: Raging Bolt
|-damage|p1a: Raging Bolt|0 fnt
|faint|p1a: Raging Bolt
|-end|p1a: Raging Bolt|Protosynthesis|[silent]
|
|win|Glonxxu
|raw|Ctannn's rating: 1753 &rarr; <strong>1727</strong><br />(-26 for losing)
|raw|Glonxxu's rating: 1640 &rarr; <strong>1666</strong><br />(+26 for winning)
|l|☆Ctannn
|player|p1|
