|j|☆LordHelix600
|j|☆taango
|t:|1758303680
|gametype|singles
|player|p1|LordHelix600|ballguy|1174
|player|p2|taango|clair|1160
|gen|9
|tier|[Gen 9] OU
|rated|
|rule|HP Percentage Mod: HP is shown in percentages
|rule|Endless Battle Clause: Forcing endless battles is banned
|rule|Species Clause: Limit one of each Pokémon
|rule|OHKO Clause: OHKO moves are banned
|rule|Evasion Items Clause: Evasion items are banned
|rule|Evasion Moves Clause: Evasion moves are banned
|rule|Evasion Abilities Clause: Evasion abilities are banned
|rule|Sleep Moves Clause: Sleep-inducing moves are banned
|clearpoke
|poke|p1|Swalot, M|
|poke|p1|Dodrio, M|
|poke|p1|Necrozma|
|poke|p1|Inteleon, M|
|poke|p1|Volcanion|
|poke|p1|Hydrapple, M|
|poke|p2|Hatterene, F|
|poke|p2|Drifblim, F|
|poke|p2|Torkoal, F|
|poke|p2|Walking Wake|
|poke|p2|Emboar, M|
|poke|p2|Rampardos, M|
|teampreview
|inactive|Battle timer is ON: inactive players will automatically lose when time's up. (requested by taango)
|
|t:|1758303692
|teamsize|p1|6
|teamsize|p2|6
|start
|switch|p1a: Swalot|Swalot, M|100/100
|switch|p2a: Torkoal|Torkoal, F|100/100
|-weather|SunnyDay|[from] ability: Drought|[of] p2a: Torkoal
|turn|1
|
|t:|1758303701
|move|p1a: Swalot|Stuff Cheeks|p1a: Swalot
|-boost|p1a: Swalot|def|2
|-enditem|p1a: Swalot|Starf Berry|[eat]
|-boost|p1a: Swalot|spd|2|[from] item: Starf Berry
|move|p2a: Torkoal|Stealth Rock|p1a: Swalot
|-sidestart|p1: LordHelix600|move: Stealth Rock
|
|-weather|SunnyDay|[upkeep]
|upkeep
|turn|2
|
|t:|1758303710
|switch|p2a: Walking Wake|Walking Wake|100/100
|-activate|p2a: Walking Wake|ability: Protosynthesis
|-start|p2a: Walking Wake|protosynthesisspa
|move|p1a: Swalot|Belch|p2a: Walking Wake
|-damage|p2a: Walking Wake|63/100
|
|-weather|SunnyDay|[upkeep]
|upkeep
|turn|3
|
|t:|1758303720
|move|p2a: Walking Wake|Hydro Steam|p1a: Swalot
|-damage|p1a: Swalot|63/100
|-damage|p2a: Walking Wake|53/100|[from] item: Life Orb
|move|p1a: Swalot|Body Press|p2a: Walking Wake
|-damage|p2a: Walking Wake|17/100
|
|-weather|SunnyDay|[upkeep]
|upkeep
|turn|4
|
|t:|1758303730
|move|p2a: Walking Wake|Draco Meteor|p1a: Swalot
|-damage|p1a: Swalot|23/100
|-unboost|p2a: Walking Wake|spa|2
|-damage|p2a: Walking Wake|7/100|[from] item: Life Orb
|move|p1a: Swalot|Body Press|p2a: Walking Wake
|-damage|p2a: Walking Wake|0 fnt
|faint|p2a: Walking Wake
|-end|p2a: Walking Wake|Protosynthesis|[silent]
|
|-weather|SunnyDay|[upkeep]
|upkeep
|
|t:|1758303745
|switch|p2a: Drifblim|Drifblim, F|100/100
|turn|5
|
|t:|1758303750
|move|p1a: Swalot|Thief|p2a: Drifblim
|-supereffective|p2a: Drifblim
|-damage|p2a: Drifblim|74/100
|-damage|p1a: Swalot|7/100|[from] item: Rocky Helmet|[of] p2a: Drifblim
|-enditem|p2a: Drifblim|Rocky Helmet|[silent]|[from] move: Thief|[of] p1a: Swalot
|-item|p1a: Swalot|Rocky Helmet|[from] move: Thief|[of] p2a: Drifblim
|move|p2a: Drifblim|Trick Room|p2a: Drifblim
|-fieldstart|move: Trick Room|[of] p2a: Drifblim
|
|-weather|none
|upkeep
|turn|6
|
|t:|1758303761
|move|p1a: Swalot|Belch|p2a: Drifblim
|-resisted|p2a: Drifblim
|-damage|p2a: Drifblim|56/100
|move|p2a: Drifblim|Explosion|p1a: Swalot
|-damage|p1a: Swalot|0 fnt
|faint|p2a: Drifblim
|faint|p1a: Swalot
|
|upkeep
|
|t:|1758303775
|switch|p1a: Necrozma|Necrozma|100/100
|switch|p2a: Emboar|Emboar, M|100/100
|-damage|p1a: Necrozma|88/100|[from] Stealth Rock
|turn|7
|
|t:|1758303786
|move|p2a: Emboar|Flare Blitz|p1a: Necrozma
|-damage|p1a: Necrozma|0 fnt
|faint|p1a: Necrozma
|-damage|p2a: Emboar|78/100|[from] Recoil
|
|upkeep
|
|t:|1758303794
|switch|p1a: Cifcanion|Volcanion|100/100
|-damage|p1a: Cifcanion|76/100|[from] Stealth Rock
|turn|8
|
|t:|1758303799
|-terastallize|p2a: Emboar|Fire
|move|p2a: Emboar|Flare Blitz|p1a: Cifcanion
|-resisted|p1a: Cifcanion
|-damage|p1a: Cifcanion|45/100
|-damage|p2a: Emboar|69/100|[from] Recoil
|move|p1a: Cifcanion|Steam Eruption|p2a: Emboar
|-supereffective|p2a: Emboar
|-damage|p2a: Emboar|0 fnt
|faint|p2a: Emboar
|
|upkeep
|
|t:|1758303811
|switch|p2a: Torkoal|Torkoal, F|100/100
|-weather|SunnyDay|[from] ability: Drought|[of] p2a: Torkoal
|turn|9
|
|t:|1758303822
|switch|p2a: Hatterene|Hatterene, F|100/100
|move|p1a: Cifcanion|Steam Eruption|p2a: Hatterene
|-damage|p2a: Hatterene|53/100
|
|-weather|SunnyDay|[upkeep]
|-heal|p2a: Hatterene|59/100|[from] item: Leftovers
|-fieldend|move: Trick Room
|upkeep
|turn|10
|
|t:|1758303833
|move|p1a: Cifcanion|Steam Eruption|p2a: Hatterene
|-damage|p2a: Hatterene|8/100
|move|p2a: Hatterene|Trick Room|p2a: Hatterene
|-fieldstart|move: Trick Room|[of] p2a: Hatterene
|
|-weather|SunnyDay|[upkeep]
|-heal|p2a: Hatterene|14/100|[from] item: Leftovers
|upkeep
|turn|11
|
|t:|1758303841
|move|p2a: Hatterene|Healing Wish|p2a: Hatterene
|faint|p2a: Hatterene
|move|p1a: Cifcanion|Steam Eruption|p2: Hatterene|[notarget]
|-fail|p1a: Cifcanion
|
|-weather|SunnyDay|[upkeep]
|upkeep
|
|t:|1758303848
|switch|p2a: Rampardos|Rampardos, M|100/100
|turn|12
|
|t:|1758303857
|move|p2a: Rampardos|Rock Slide|p1a: Cifcanion
|-supereffective|p1a: Cifcanion
|-damage|p1a: Cifcanion|0 fnt
|faint|p1a: Cifcanion
|
|-weather|SunnyDay|[upkeep]
|upkeep
|
|t:|1758303863
|switch|p1a: Dodrio|Dodrio, M|100/100
|-damage|p1a: Dodrio|76/100|[from] Stealth Rock
|turn|13
|
|t:|1758303869
|move|p1a: Dodrio|Protect|p1a: Dodrio
|-singleturn|p1a: Dodrio|Protect
|move|p2a: Rampardos|Rock Slide|p1a: Dodrio
|-activate|p1a: Dodrio|move: Protect
|
|-weather|none
|upkeep
|turn|14
|l|☆taango
|inactive|taango disconnected and has a minute to reconnect!
|player|p2|
|j|☆taango
|inactive|taango reconnected and has 120 seconds left.
|player|p2|taango|clair|
|
|t:|1758303902
|move|p1a: Dodrio|Protect|p1a: Dodrio
|-singleturn|p1a: Dodrio|Protect
|move|p2a: Rampardos|Rock Slide|p1a: Dodrio
|-activate|p1a: Dodrio|move: Protect
|
|-fieldend|move: Trick Room
|upkeep
|turn|15
|
|t:|1758303910
|move|p1a: Dodrio|Knock Off|p2a: Rampardos
|-damage|p2a: Rampardos|60/100
|-enditem|p2a: Rampardos|Life Orb|[from] move: Knock Off|[of] p1a: Dodrio
|move|p2a: Rampardos|Rock Slide|p1a: Dodrio
|-supereffective|p1a: Dodrio
|-damage|p1a: Dodrio|0 fnt
|faint|p1a: Dodrio
|
|upkeep
|
|t:|1758303916
|switch|p1a: Inteleon|Inteleon, M|100/100
|-damage|p1a: Inteleon|88/100|[from] Stealth Rock
|turn|16
|
|t:|1758303923
|move|p1a: Inteleon|Snipe Shot|p2a: Rampardos
|-supereffective|p2a: Rampardos
|-damage|p2a: Rampardos|0 fnt
|faint|p2a: Rampardos
|
|upkeep
|
|t:|1758303928
|switch|p2a: Torkoal|Torkoal, F|100/100
|-weather|SunnyDay|[from] ability: Drought|[of] p2a: Torkoal
|turn|17
|
|t:|1758303934
|-terastallize|p1a: Inteleon|Water
|move|p1a: Inteleon|Snipe Shot|p2a: Torkoal
|-supereffective|p2a: Torkoal
|-damage|p2a: Torkoal|42/100
|move|p2a: Torkoal|Eruption|p1a: Inteleon
|-resisted|p1a: Inteleon
|-damage|p1a: Inteleon|62/100
|
|-weather|SunnyDay|[upkeep]
|-heal|p2a: Torkoal|48/100|[from] item: Leftovers
|upkeep
|turn|18
|-message|taango forfeited.
|
|win|LordHelix600
|raw|LordHelix600's rating: 1174 &rarr; <strong>1198</strong><br />(+24 for winning)
|raw|taango's rating: 1160 &rarr; <strong>1136</strong><br />(-24 for losing)
|l|☆taango
|player|p2|
|l|☆LordHelix600
|player|p1|
