|j|☆ouku bakuza
|j|☆kyoujic
|t:|1758343150
|gametype|singles
|player|p1|ouku bakuza|169|1575
|player|p2|kyoujic|169|1512
|gen|9
|tier|[Gen 9] OU
|rated|
|rule|HP Percentage Mod: HP is shown in percentages
|rule|Endless Battle Clause: Forcing endless battles is banned
|rule|Species Clause: Limit one of each Pokémon
|rule|OHKO Clause: OHKO moves are banned
|rule|Evasion Items Clause: Evasion items are banned
|rule|Evasion Moves Clause: Evasion moves are banned
|rule|Evasion Abilities Clause: Evasion abilities are banned
|rule|Sleep Moves Clause: Sleep-inducing moves are banned
|clearpoke
|poke|p1|Great Tusk|
|poke|p1|Dragonite, M|
|poke|p1|Gholdengo|
|poke|p1|Iron Treads|
|poke|p1|Rotom-Wash|
|poke|p1|Iron Valiant|
|poke|p2|Glimmora, F|
|poke|p2|Ogerpon-Wellspring, F|
|poke|p2|Hatterene, F|
|poke|p2|Iron Moth|
|poke|p2|Dragonite, F|
|poke|p2|Kingambit, F|
|teampreview
|inactive|Battle timer is ON: inactive players will automatically lose when time's up. (requested by ouku bakuza)
|
|t:|1758343162
|teamsize|p1|6
|teamsize|p2|6
|start
|switch|p1a: Rotom|Rotom-Wash|100/100
|switch|p2a: Glimmora|Glimmora, F|100/100
|turn|1
|
|t:|1758343179
|move|p1a: Rotom|Volt Switch|p2a: Glimmora
|-damage|p2a: Glimmora|58/100
|
|t:|1758343182
|switch|p1a: Iron Treads|Iron Treads|100/100|[from] Volt Switch
|-enditem|p1a: Iron Treads|Booster Energy
|-activate|p1a: Iron Treads|ability: Quark Drive|[fromitem]
|-start|p1a: Iron Treads|quarkdrivespe
|move|p2a: Glimmora|Stealth Rock|p1a: Iron Treads
|-sidestart|p1: ouku bakuza|move: Stealth Rock
|
|upkeep
|turn|2
|
|t:|1758343197
|-terastallize|p2a: Glimmora|Ghost
|move|p1a: Iron Treads|Iron Head|p2a: Glimmora
|-damage|p2a: Glimmora|10/100
|-activate|p2a: Glimmora|ability: Toxic Debris
|-sidestart|p1: ouku bakuza|move: Toxic Spikes
|move|p2a: Glimmora|Mud Shot|p1a: Iron Treads
|-supereffective|p1a: Iron Treads
|-damage|p1a: Iron Treads|39/100
|-unboost|p1a: Iron Treads|spe|1
|
|upkeep
|turn|3
|
|t:|1758343214
|move|p1a: Iron Treads|Iron Head|p2a: Glimmora
|-damage|p2a: Glimmora|0 fnt
|-activate|p2a: Glimmora|ability: Toxic Debris
|-sidestart|p1: ouku bakuza|move: Toxic Spikes
|faint|p2a: Glimmora
|
|upkeep
|
|t:|1758343219
|switch|p2a: Iron Moth|Iron Moth|100/100
|-enditem|p2a: Iron Moth|Booster Energy
|-activate|p2a: Iron Moth|ability: Quark Drive|[fromitem]
|-start|p2a: Iron Moth|quarkdrivespe
|turn|4
|
|t:|1758343240
|-terastallize|p1a: Iron Treads|Water
|move|p2a: Iron Moth|Fiery Dance|p1a: Iron Treads
|-resisted|p1a: Iron Treads
|-crit|p1a: Iron Treads
|-damage|p1a: Iron Treads|0 fnt
|faint|p1a: Iron Treads
|-end|p1a: Iron Treads|Quark Drive|[silent]
|
|upkeep
|
|t:|1758343253
|switch|p1a: good horns|Great Tusk|100/100
|-damage|p1a: good horns|98/100|[from] Stealth Rock
|-status|p1a: good horns|tox
|-enditem|p1a: good horns|Booster Energy
|-activate|p1a: good horns|ability: Protosynthesis|[fromitem]
|-start|p1a: good horns|protosynthesisatk
|turn|5
|
|t:|1758343261
|move|p2a: Iron Moth|Substitute|p2a: Iron Moth
|-start|p2a: Iron Moth|Substitute
|-damage|p2a: Iron Moth|76/100
|move|p1a: good horns|Rapid Spin|p2a: Iron Moth
|-end|p2a: Iron Moth|Substitute
|-sideend|p1: ouku bakuza|Toxic Spikes|[from] move: Rapid Spin|[of] p1a: good horns
|-sideend|p1: ouku bakuza|Stealth Rock|[from] move: Rapid Spin|[of] p1a: good horns
|-boost|p1a: good horns|spe|1
|
|-damage|p1a: good horns|91/100 tox|[from] psn
|upkeep
|turn|6
|
|t:|1758343275
|move|p2a: Iron Moth|Dazzling Gleam|p1a: good horns
|-supereffective|p1a: good horns
|-damage|p1a: good horns|7/100 tox
|move|p1a: good horns|Earthquake|p2a: Iron Moth
|-supereffective|p2a: Iron Moth
|-damage|p2a: Iron Moth|0 fnt
|faint|p2a: Iron Moth
|-end|p2a: Iron Moth|Quark Drive|[silent]
|
|-damage|p1a: good horns|0 fnt|[from] psn
|faint|p1a: good horns
|-end|p1a: good horns|Protosynthesis|[silent]
|upkeep
|
|t:|1758343287
|switch|p2a: Ogerpon|Ogerpon-Wellspring, F|100/100
|switch|p1a: Rotom|Rotom-Wash|100/100
|turn|7
|
|t:|1758343297
|move|p1a: Rotom|Volt Switch|p2a: Ogerpon
|-damage|p2a: Ogerpon|64/100
|
|t:|1758343299
|switch|p1a: Iron Valiant|Iron Valiant|100/100|[from] Volt Switch
|-enditem|p1a: Iron Valiant|Booster Energy
|-activate|p1a: Iron Valiant|ability: Quark Drive|[fromitem]
|-start|p1a: Iron Valiant|quarkdrivespe
|move|p2a: Ogerpon|Ivy Cudgel|p1a: Iron Valiant|[anim] Ivy Cudgel Water
|-damage|p1a: Iron Valiant|23/100
|
|upkeep
|turn|8
|
|t:|1758343315
|move|p1a: Iron Valiant|Close Combat|p2a: Ogerpon
|-damage|p2a: Ogerpon|0 fnt
|-unboost|p1a: Iron Valiant|def|1
|-unboost|p1a: Iron Valiant|spd|1
|faint|p2a: Ogerpon
|
|upkeep
|
|t:|1758343323
|switch|p2a: Dragonite|Dragonite, F|100/100
|turn|9
|
|t:|1758343326
|-end|p1a: Iron Valiant|Quark Drive|[silent]
|switch|p1a: van gho|Gholdengo|100/100
|move|p2a: Dragonite|Earthquake|p1a: van gho
|-supereffective|p1a: van gho
|-damage|p1a: van gho|44/100
|
|-heal|p1a: van gho|50/100|[from] item: Leftovers
|upkeep
|turn|10
|
|t:|1758343334
|move|p2a: Dragonite|Dragon Dance|p2a: Dragonite
|-boost|p2a: Dragonite|atk|1
|-boost|p2a: Dragonite|spe|1
|move|p1a: van gho|Make It Rain|p2a: Dragonite
|-damage|p2a: Dragonite|72/100
|-unboost|p1a: van gho|spa|1
|
|-heal|p1a: van gho|56/100|[from] item: Leftovers
|upkeep
|turn|11
|
|t:|1758343345
|move|p2a: Dragonite|Ice Spinner|p1a: van gho
|-resisted|p1a: van gho
|-damage|p1a: van gho|39/100
|move|p1a: van gho|Make It Rain|p2a: Dragonite
|-damage|p2a: Dragonite|35/100
|-unboost|p1a: van gho|spa|1
|
|-heal|p1a: van gho|45/100|[from] item: Leftovers
|upkeep
|turn|12
|
|t:|1758343361
|switch|p1a: Iron Valiant|Iron Valiant|23/100
|move|p2a: Dragonite|Earthquake|p1a: Iron Valiant
|-damage|p1a: Iron Valiant|0 fnt
|faint|p1a: Iron Valiant
|-end|p1a: Iron Valiant|Quark Drive|[silent]
|
|upkeep
|inactive|ouku bakuza has 120 seconds left.
|
|t:|1758343394
|switch|p1a: Rotom|Rotom-Wash|100/100
|turn|13
|
|t:|1758343403
|move|p2a: Dragonite|Ice Spinner|p1a: Rotom
|-resisted|p1a: Rotom
|-damage|p1a: Rotom|74/100
|move|p1a: Rotom|Volt Switch|p2a: Dragonite
|-damage|p2a: Dragonite|3/100
|inactive|ouku bakuza has 120 seconds left.
|
|t:|1758343409
|switch|p1a: van gho|Gholdengo|45/100|[from] Volt Switch
|
|-heal|p1a: van gho|51/100|[from] item: Leftovers
|upkeep
|turn|14
|
|t:|1758343413
|switch|p1a: Rotom|Rotom-Wash|74/100
|move|p2a: Dragonite|Earthquake|p1a: Rotom
|-immune|p1a: Rotom|[from] ability: Levitate
|
|upkeep
|turn|15
|
|t:|1758343418
|move|p1a: Rotom|Volt Switch|p2a: Dragonite
|-damage|p2a: Dragonite|0 fnt
|faint|p2a: Dragonite
|inactive|ouku bakuza has 120 seconds left.
|
|t:|1758343443
|switch|p1a: van gho|Gholdengo|51/100|[from] Volt Switch
|
|-heal|p1a: van gho|57/100|[from] item: Leftovers
|upkeep
|
|t:|1758343446
|switch|p2a: Kingambit|Kingambit, F|100/100
|-activate|p2a: Kingambit|ability: Supreme Overlord
|-start|p2a: Kingambit|fallen4|[silent]
|turn|16
|
|t:|1758343450
|switch|p1a: Rotom|Rotom-Wash|74/100
|move|p2a: Kingambit|Swords Dance|p2a: Kingambit
|-boost|p2a: Kingambit|atk|2
|
|upkeep
|turn|17
|
|t:|1758343456
|move|p1a: Rotom|Trick|p2a: Kingambit
|-activate|p1a: Rotom|move: Trick|[of] p2a: Kingambit
|-item|p2a: Kingambit|Choice Scarf|[from] move: Trick
|-item|p1a: Rotom|Black Glasses|[from] move: Trick
|move|p2a: Kingambit|Kowtow Cleave|p1a: Rotom
|-damage|p1a: Rotom|0 fnt
|faint|p1a: Rotom
|
|upkeep
|
|t:|1758343466
|switch|p1a: Dragonite|Dragonite, M|100/100
|turn|18
|
|t:|1758343468
|move|p2a: Kingambit|Kowtow Cleave|p1a: Dragonite
|-damage|p1a: Dragonite|20/100
|move|p1a: Dragonite|Fire Punch|p2a: Kingambit
|-supereffective|p2a: Kingambit
|-damage|p2a: Kingambit|48/100
|
|-heal|p1a: Dragonite|26/100|[from] item: Leftovers
|upkeep
|turn|19
|
|t:|1758343476
|move|p1a: Dragonite|Extreme Speed|p2a: Kingambit
|-resisted|p2a: Kingambit
|-damage|p2a: Kingambit|35/100
|move|p2a: Kingambit|Kowtow Cleave|p1a: Dragonite
|-damage|p1a: Dragonite|0 fnt
|faint|p1a: Dragonite
|
|upkeep
|
|t:|1758343479
|switch|p1a: van gho|Gholdengo|57/100
|turn|20
|c|☆kyoujic|lol
|
|t:|1758343485
|move|p2a: Kingambit|Kowtow Cleave|p1a: van gho
|-supereffective|p1a: van gho
|-damage|p1a: van gho|0 fnt
|faint|p1a: van gho
|
|win|kyoujic
|raw|ouku bakuza's rating: 1575 &rarr; <strong>1551</strong><br />(-24 for losing)
|raw|kyoujic's rating: 1512 &rarr; <strong>1536</strong><br />(+24 for winning)
|l|☆ouku bakuza
|player|p1|
|l|☆kyoujic
|player|p2|
