|j|☆KONGLIANG
|j|☆Degenerate Emo
|t:|1758371649
|gametype|singles
|player|p1|KONGLIANG|steven|1412
|player|p2|Degenerate Emo|ltsurge|1482
|gen|9
|tier|[Gen 9] OU
|rated|
|rule|HP Percentage Mod: HP is shown in percentages
|rule|Endless Battle Clause: Forcing endless battles is banned
|rule|Species Clause: Limit one of each Pokémon
|rule|OHKO Clause: OHKO moves are banned
|rule|Evasion Items Clause: Evasion items are banned
|rule|Evasion Moves Clause: Evasion moves are banned
|rule|Evasion Abilities Clause: Evasion abilities are banned
|rule|Sleep Moves Clause: Sleep-inducing moves are banned
|clearpoke
|poke|p1|Galvantula, M|
|poke|p1|Gallade, M|
|poke|p1|Terrakion|
|poke|p1|Basculegion-F, F|
|poke|p1|Bisharp, M|
|poke|p1|Volcanion|
|poke|p2|Indeedee, M|
|poke|p2|Polteageist|
|poke|p2|Glimmora, F|
|poke|p2|Dragonite, F|
|poke|p2|Iron Crown|
|poke|p2|Great Tusk|
|teampreview
|inactive|Battle timer is ON: inactive players will automatically lose when time's up. (requested by Degenerate Emo)
|
|t:|1758371669
|teamsize|p1|6
|teamsize|p2|6
|start
|switch|p1a: Galvantula|Galvantula, M|100/100
|switch|p2a: Glimmora|Glimmora, F|100/100
|turn|1
|
|t:|1758371676
|move|p1a: Galvantula|Thunder Wave|p2a: Glimmora
|-status|p2a: Glimmora|par
|move|p2a: Glimmora|Mortal Spin|p1a: Galvantula
|-damage|p1a: Galvantula|88/100
|-status|p1a: Galvantula|psn
|
|-damage|p1a: Galvantula|76/100 psn|[from] psn
|upkeep
|turn|2
|
|t:|1758371694
|move|p1a: Galvantula|Bug Buzz|p2a: Glimmora
|-resisted|p2a: Glimmora
|-damage|p2a: Glimmora|74/100 par
|move|p2a: Glimmora|Stealth Rock|p1a: Galvantula
|-sidestart|p1: KONGLIANG|move: Stealth Rock
|
|-damage|p1a: Galvantula|63/100 psn|[from] psn
|upkeep
|turn|3
|
|t:|1758371700
|move|p1a: Galvantula|Sticky Web|p2a: Glimmora
|-sidestart|p2: Degenerate Emo|move: Sticky Web
|move|p2a: Glimmora|Mortal Spin|p1a: Galvantula
|-damage|p1a: Galvantula|52/100 psn
|-sideend|p2: Degenerate Emo|Sticky Web|[from] move: Mortal Spin|[of] p2a: Glimmora
|
|-damage|p1a: Galvantula|40/100 psn|[from] psn
|upkeep
|turn|4
|
|t:|1758371705
|move|p1a: Galvantula|Sticky Web|p2a: Glimmora
|-sidestart|p2: Degenerate Emo|move: Sticky Web
|move|p2a: Glimmora|Mortal Spin|p1a: Galvantula
|-damage|p1a: Galvantula|29/100 psn
|-sideend|p2: Degenerate Emo|Sticky Web|[from] move: Mortal Spin|[of] p2a: Glimmora
|
|-damage|p1a: Galvantula|17/100 psn|[from] psn
|upkeep
|turn|5
|
|t:|1758371709
|move|p1a: Galvantula|Sticky Web|p2a: Glimmora
|-sidestart|p2: Degenerate Emo|move: Sticky Web
|move|p2a: Glimmora|Mortal Spin|p1a: Galvantula
|-damage|p1a: Galvantula|5/100 psn
|-sideend|p2: Degenerate Emo|Sticky Web|[from] move: Mortal Spin|[of] p2a: Glimmora
|
|-damage|p1a: Galvantula|0 fnt|[from] psn
|faint|p1a: Galvantula
|upkeep
|
|t:|1758371713
|switch|p1a: Bisharp|Bisharp, M|100/100
|-damage|p1a: Bisharp|94/100|[from] Stealth Rock
|turn|6
|
|t:|1758371718
|move|p1a: Bisharp|Swords Dance|p1a: Bisharp
|-boost|p1a: Bisharp|atk|2
|cant|p2a: Glimmora|par
|
|upkeep
|turn|7
|
|t:|1758371721
|move|p1a: Bisharp|Iron Head|p2a: Glimmora
|-supereffective|p2a: Glimmora
|-damage|p2a: Glimmora|0 fnt
|-activate|p2a: Glimmora|ability: Toxic Debris
|-sidestart|p1: KONGLIANG|move: Toxic Spikes
|faint|p2a: Glimmora
|
|upkeep
|
|t:|1758371730
|switch|p2a: Great Tusk|Great Tusk|100/100
|-enditem|p2a: Great Tusk|Booster Energy
|-activate|p2a: Great Tusk|ability: Protosynthesis|[fromitem]
|-start|p2a: Great Tusk|protosynthesisspe
|turn|8
|
|t:|1758371737
|-terastallize|p1a: Bisharp|Ghost
|move|p2a: Great Tusk|Earthquake|p1a: Bisharp
|-damage|p1a: Bisharp|57/100
|move|p1a: Bisharp|Low Kick|p2a: Great Tusk
|-damage|p2a: Great Tusk|37/100
|
|upkeep
|turn|9
|
|t:|1758371741
|move|p2a: Great Tusk|Knock Off|p1a: Bisharp
|-supereffective|p1a: Bisharp
|-damage|p1a: Bisharp|12/100
|-enditem|p1a: Bisharp|Eviolite|[from] move: Knock Off|[of] p2a: Great Tusk
|move|p1a: Bisharp|Low Kick|p2a: Great Tusk
|-damage|p2a: Great Tusk|0 fnt
|faint|p2a: Great Tusk
|-end|p2a: Great Tusk|Protosynthesis|[silent]
|
|upkeep
|
|t:|1758371745
|switch|p2a: Indeedee|Indeedee, M|100/100
|-fieldstart|move: Psychic Terrain|[from] ability: Psychic Surge|[of] p2a: Indeedee
|turn|10
|
|t:|1758371758
|move|p2a: Indeedee|Expanding Force|p1a: Bisharp
|-damage|p1a: Bisharp|0 fnt
|faint|p1a: Bisharp
|
|upkeep
|
|t:|1758371771
|switch|p1a: Basculegion|Basculegion-F, F|100/100
|-damage|p1a: Basculegion|88/100|[from] Stealth Rock
|-status|p1a: Basculegion|psn
|turn|11
|
|t:|1758371776
|move|p2a: Indeedee|Expanding Force|p1a: Basculegion
|-damage|p1a: Basculegion|21/100 psn
|move|p1a: Basculegion|Shadow Ball|p2a: Indeedee
|-immune|p2a: Indeedee
|
|-damage|p1a: Basculegion|9/100 psn|[from] psn
|upkeep
|turn|12
|
|t:|1758371786
|move|p2a: Indeedee|Expanding Force|p1a: Basculegion
|-damage|p1a: Basculegion|0 fnt
|faint|p1a: Basculegion
|
|upkeep
|-message|KONGLIANG forfeited.
|
|win|Degenerate Emo
|raw|KONGLIANG's rating: 1412 &rarr; <strong>1396</strong><br />(-16 for losing)
|raw|Degenerate Emo's rating: 1482 &rarr; <strong>1498</strong><br />(+16 for winning)
|l|☆KONGLIANG
|player|p1|
|l|☆Degenerate Emo
|player|p2|
