|j|☆kosco2
|j|☆Campyy
|t:|1758307658
|gametype|singles
|player|p1|kosco2|blue|1086
|player|p2|Campyy|1|1118
|gen|9
|tier|[Gen 9] OU
|rated|
|rule|HP Percentage Mod: HP is shown in percentages
|rule|Endless Battle Clause: Forcing endless battles is banned
|rule|Species Clause: Limit one of each Pokémon
|rule|OHKO Clause: OHKO moves are banned
|rule|Evasion Items Clause: Evasion items are banned
|rule|Evasion Moves Clause: Evasion moves are banned
|rule|Evasion Abilities Clause: Evasion abilities are banned
|rule|Sleep Moves Clause: Sleep-inducing moves are banned
|clearpoke
|poke|p1|Lycanroc-Dusk, F|
|poke|p1|Dunsparce, F|
|poke|p1|Honchkrow, M|
|poke|p1|Porygon2|
|poke|p1|Scizor, M|
|poke|p1|Girafarig, M|
|poke|p2|Dragonite, F|
|poke|p2|Gholdengo|
|poke|p2|Iron Treads|
|poke|p2|Quaquaval, F|
|poke|p2|Slowking-Galar, M|
|poke|p2|Ting-Lu|
|teampreview
|inactive|Battle timer is ON: inactive players will automatically lose when time's up. (requested by kosco2)
|inactive|Campyy has 120 seconds left.
|
|t:|1758307690
|teamsize|p1|6
|teamsize|p2|6
|start
|switch|p1a: Honchkrow|Honchkrow, M, shiny|100/100
|switch|p2a: Ting-Lu|Ting-Lu|100/100
|-ability|p2a: Ting-Lu|Vessel of Ruin
|turn|1
|
|t:|1758307696
|move|p1a: Honchkrow|Tailwind|p1a: Honchkrow
|-sidestart|p1: kosco2|move: Tailwind
|move|p2a: Ting-Lu|Spikes|p1a: Honchkrow
|-sidestart|p1: kosco2|Spikes
|
|upkeep
|turn|2
|
|t:|1758307701
|move|p1a: Honchkrow|Night Slash|p2a: Ting-Lu
|-resisted|p2a: Ting-Lu
|-crit|p2a: Ting-Lu
|-damage|p2a: Ting-Lu|84/100
|move|p2a: Ting-Lu|Spikes|p1a: Honchkrow
|-sidestart|p1: kosco2|Spikes
|
|-heal|p2a: Ting-Lu|90/100|[from] item: Leftovers
|upkeep
|turn|3
|
|t:|1758307706
|move|p1a: Honchkrow|U-turn|p2a: Ting-Lu
|-supereffective|p2a: Ting-Lu
|-crit|p2a: Ting-Lu
|-damage|p2a: Ting-Lu|50/100
|
|t:|1758307711
|switch|p1a: Lycanroc|Lycanroc-Dusk, F, shiny|100/100|[from] U-turn
|-damage|p1a: Lycanroc|84/100|[from] Spikes
|move|p2a: Ting-Lu|Spikes|p1a: Lycanroc
|-sidestart|p1: kosco2|Spikes
|
|-heal|p2a: Ting-Lu|56/100|[from] item: Leftovers
|upkeep
|turn|4
|
|t:|1758307718
|switch|p2a: Iron Treads|Iron Treads|100/100
|move|p1a: Lycanroc|Trailblaze|p2a: Iron Treads
|-damage|p2a: Iron Treads|74/100
|-boost|p1a: Lycanroc|spe|1
|-damage|p1a: Lycanroc|74/100|[from] item: Life Orb
|
|-heal|p2a: Iron Treads|81/100|[from] item: Leftovers
|-sideend|p1: kosco2|move: Tailwind
|upkeep
|turn|5
|
|t:|1758307725
|move|p1a: Lycanroc|Close Combat|p2a: Iron Treads
|-supereffective|p2a: Iron Treads
|-damage|p2a: Iron Treads|0 fnt
|-unboost|p1a: Lycanroc|def|1
|-unboost|p1a: Lycanroc|spd|1
|faint|p2a: Iron Treads
|-end|p2a: Iron Treads|Quark Drive|[silent]
|-damage|p1a: Lycanroc|64/100|[from] item: Life Orb
|
|upkeep
|
|t:|1758307730
|switch|p2a: Dragonite|Dragonite, F|100/100
|turn|6
|
|t:|1758307733
|move|p1a: Lycanroc|Iron Head|p2a: Dragonite
|-damage|p2a: Dragonite|74/100
|-damage|p1a: Lycanroc|54/100|[from] item: Life Orb
|move|p2a: Dragonite|Earthquake|p1a: Lycanroc
|-supereffective|p1a: Lycanroc
|-damage|p1a: Lycanroc|0 fnt
|faint|p1a: Lycanroc
|
|upkeep
|
|t:|1758307739
|switch|p1a: Honchkrow|Honchkrow, M, shiny|100/100
|turn|7
|
|t:|1758307744
|switch|p2a: Gholdengo|Gholdengo|100/100
|move|p1a: Honchkrow|Tailwind|p1a: Honchkrow
|-sidestart|p1: kosco2|move: Tailwind
|
|upkeep
|turn|8
|
|t:|1758307751
|-terastallize|p2a: Gholdengo|Fairy
|move|p1a: Honchkrow|Night Slash|p2a: Gholdengo
|-resisted|p2a: Gholdengo
|-crit|p2a: Gholdengo
|-damage|p2a: Gholdengo|67/100
|move|p2a: Gholdengo|Make It Rain|p1a: Honchkrow
|-damage|p1a: Honchkrow|0 fnt
|-unboost|p2a: Gholdengo|spa|1
|faint|p1a: Honchkrow
|
|upkeep
|
|t:|1758307762
|switch|p1a: Dunsparce|Dunsparce, F|100/100
|-damage|p1a: Dunsparce|76/100|[from] Spikes
|turn|9
|
|t:|1758307765
|switch|p2a: Ting-Lu|Ting-Lu|56/100
|-ability|p2a: Ting-Lu|Vessel of Ruin
|move|p1a: Dunsparce|Body Slam|p2a: Ting-Lu
|-crit|p2a: Ting-Lu
|-damage|p2a: Ting-Lu|39/100
|
|-heal|p2a: Ting-Lu|45/100|[from] item: Leftovers
|upkeep
|turn|10
|
|t:|1758307775
|move|p1a: Dunsparce|Body Slam|p2a: Ting-Lu
|-damage|p2a: Ting-Lu|34/100
|move|p2a: Ting-Lu|Whirlwind|p1a: Dunsparce
|drag|p1a: Porygon2|Porygon2, shiny|100/100
|-damage|p1a: Porygon2|76/100|[from] Spikes
|
|-heal|p2a: Ting-Lu|40/100|[from] item: Leftovers
|-sideend|p1: kosco2|move: Tailwind
|upkeep
|turn|11
|
|t:|1758307782
|switch|p2a: Slowking|Slowking-Galar, M|100/100
|move|p1a: Porygon2|Tri Attack|p2a: Slowking
|-damage|p2a: Slowking|66/100
|
|upkeep
|turn|12
|
|t:|1758307789
|move|p1a: Porygon2|Thunderbolt|p2a: Slowking
|-damage|p2a: Slowking|47/100
|-prepare|p2a: Slowking|Chilly Reception|[premajor]
|move|p2a: Slowking|Chilly Reception|p2a: Slowking
|-weather|Snowscape
|
|t:|1758307797
|switch|p2a: Quaquaval|Quaquaval, F|100/100|[from] Chilly Reception
|
|-weather|Snowscape|[upkeep]
|upkeep
|turn|13
|
|t:|1758307802
|move|p2a: Quaquaval|Close Combat|p1a: Porygon2
|-supereffective|p1a: Porygon2
|-damage|p1a: Porygon2|0 fnt
|-unboost|p2a: Quaquaval|def|1
|-unboost|p2a: Quaquaval|spd|1
|faint|p1a: Porygon2
|-ability|p2a: Quaquaval|Moxie|boost
|-boost|p2a: Quaquaval|atk|1
|
|-weather|Snowscape|[upkeep]
|upkeep
|
|t:|1758307809
|switch|p1a: Dunsparce|Dunsparce, F|76/100
|-damage|p1a: Dunsparce|51/100|[from] Spikes
|turn|14
|
|t:|1758307812
|move|p2a: Quaquaval|Close Combat|p1a: Dunsparce
|-supereffective|p1a: Dunsparce
|-damage|p1a: Dunsparce|0 fnt
|-unboost|p2a: Quaquaval|def|1
|-unboost|p2a: Quaquaval|spd|1
|faint|p1a: Dunsparce
|-ability|p2a: Quaquaval|Moxie|boost
|-boost|p2a: Quaquaval|atk|1
|
|-weather|Snowscape|[upkeep]
|upkeep
|
|t:|1758307815
|switch|p1a: Girafarig|Girafarig, M|100/100
|-damage|p1a: Girafarig|76/100|[from] Spikes
|turn|15
|
|t:|1758307822
|move|p1a: Girafarig|Psychic|p2a: Quaquaval
|-supereffective|p2a: Quaquaval
|-damage|p2a: Quaquaval|0 fnt
|faint|p2a: Quaquaval
|
|-weather|Snowscape|[upkeep]
|upkeep
|
|t:|1758307828
|switch|p2a: Ting-Lu|Ting-Lu|40/100
|-ability|p2a: Ting-Lu|Vessel of Ruin
|turn|16
|
|t:|1758307834
|move|p1a: Girafarig|Hyper Voice|p2a: Ting-Lu
|-damage|p2a: Ting-Lu|22/100
|move|p2a: Ting-Lu|Ruination|p1a: Girafarig
|-damage|p1a: Girafarig|38/100
|
|-weather|none
|-heal|p2a: Ting-Lu|29/100|[from] item: Leftovers
|upkeep
|turn|17
|
|t:|1758307839
|move|p1a: Girafarig|Hyper Voice|p2a: Ting-Lu
|-damage|p2a: Ting-Lu|11/100
|move|p2a: Ting-Lu|Whirlwind|p1a: Girafarig
|drag|p1a: Scizor|Scizor, M|100/100
|-damage|p1a: Scizor|76/100|[from] Spikes
|
|-heal|p2a: Ting-Lu|17/100|[from] item: Leftovers
|upkeep
|turn|18
|
|t:|1758307850
|switch|p2a: Slowking|Slowking-Galar, M|80/100
|-terastallize|p1a: Scizor|Steel
|move|p1a: Scizor|Bullet Punch|p2a: Slowking
|-damage|p2a: Slowking|27/100
|
|upkeep
|turn|19
|
|t:|1758307857
|move|p1a: Scizor|Bullet Punch|p2a: Slowking
|-damage|p2a: Slowking|0 fnt
|faint|p2a: Slowking
|
|upkeep
|
|t:|1758307860
|switch|p2a: Gholdengo|Gholdengo, tera:Fairy|67/100
|turn|20
|
|t:|1758307863
|move|p1a: Scizor|Bullet Punch|p2a: Gholdengo
|-supereffective|p2a: Gholdengo
|-damage|p2a: Gholdengo|0 fnt
|faint|p2a: Gholdengo
|
|upkeep
|
|t:|1758307866
|switch|p2a: Dragonite|Dragonite, F|74/100
|turn|21
|
|t:|1758307868
|move|p1a: Scizor|Bullet Punch|p2a: Dragonite
|-damage|p2a: Dragonite|0 fnt
|faint|p2a: Dragonite
|
|upkeep
|-message|Campyy forfeited.
|
|win|kosco2
|raw|kosco2's rating: 1086 &rarr; <strong>1116</strong><br />(+30 for winning)
|raw|Campyy's rating: 1118 &rarr; <strong>1091</strong><br />(-27 for losing)
|l|☆Campyy
|player|p2|
|c|☆kosco2|Jajajaj
|c|☆kosco2|MDF
|l|☆kosco2
|player|p1|
