|badge|p2|silver|gen9ru|30-6
|uhtml|medal-msg|<div class="broadcast-blue">Curious what those medals under the avatar are? PS now has Ladder Seasons! For more information, check out the <a href="https://www.smogon.com/forums/threads/3740067/">thread on Smogon.</a></div>
|j|☆GlueLicker
|j|☆JoelMasterX@!
|inactive|Battle timer is ON: inactive players will automatically lose when time's up.
|t:|1758313978
|gametype|singles
|player|p1|GlueLicker|harlequin|
|player|p2|JoelMasterX|carmine-festival|
|gen|9
|tier|[Gen 9] OU
|rated|Tournament battle
|rule|HP Percentage Mod: HP is shown in percentages
|rule|Endless Battle Clause: Forcing endless battles is banned
|rule|Species Clause: Limit one of each Pokémon
|rule|OHKO Clause: OHKO moves are banned
|rule|Evasion Items Clause: Evasion items are banned
|rule|Evasion Moves Clause: Evasion moves are banned
|rule|Evasion Abilities Clause: Evasion abilities are banned
|rule|Sleep Moves Clause: Sleep-inducing moves are banned
|clearpoke
|poke|p1|Ogerpon, F|
|poke|p1|Raging Bolt|
|poke|p1|Tinkaton, F|
|poke|p1|Garchomp, M|
|poke|p1|Slowking-Galar, M|
|poke|p1|Corviknight, F|
|poke|p2|Meowscarada, F|
|poke|p2|Gholdengo|
|poke|p2|Slowking-Galar, F|
|poke|p2|Ting-Lu|
|poke|p2|Dragonite, F|
|poke|p2|Great Tusk|
|teampreview
|j|*Lady Monita ☀
|j| BB-8-NU
|j| Nerf Woger
|c|☆JoelMasterX|glhf
|j| Raichu95lucario
|j| hilmno
|j|+RoyalReloaded
|j| Donkey Ollie
|
|t:|1758313993
|teamsize|p1|6
|teamsize|p2|6
|start
|switch|p1a: Tinkaton|Tinkaton, F|100/100
|switch|p2a: Slowking|Slowking-Galar, F|100/100
|-item|p1a: Tinkaton|Air Balloon
|turn|1
|c| hilmno|i like ogrepon
|
|t:|1758313999
|move|p1a: Tinkaton|Stealth Rock|p2a: Slowking
|-sidestart|p2: JoelMasterX|move: Stealth Rock
|move|p2a: Slowking|Future Sight|p1a: Tinkaton
|-start|p2a: Slowking|move: Future Sight
|
|upkeep
|turn|2
|
|t:|1758314003
|move|p1a: Tinkaton|Knock Off|p2a: Slowking
|-supereffective|p2a: Slowking
|-damage|p2a: Slowking|74/100
|-enditem|p2a: Slowking|Shuca Berry|[from] move: Knock Off|[of] p1a: Tinkaton
|-prepare|p2a: Slowking|Chilly Reception|[premajor]
|move|p2a: Slowking|Chilly Reception|p2a: Slowking
|-weather|Snowscape
|
|t:|1758314007
|switch|p2a: Great Tusk|Great Tusk|100/100|[from] Chilly Reception
|
|-weather|Snowscape|[upkeep]
|upkeep
|turn|3
|c| Nerf Woger|who let joel in finals
|
|t:|1758314011
|switch|p1a: Corviknight|Corviknight, F|100/100
|-ability|p1a: Corviknight|Pressure
|move|p2a: Great Tusk|Rapid Spin|p1a: Corviknight
|-resisted|p1a: Corviknight
|-damage|p1a: Corviknight|94/100
|-boost|p2a: Great Tusk|spe|1
|-damage|p2a: Great Tusk|84/100|[from] item: Rocky Helmet|[of] p1a: Corviknight
|-sideend|p2: JoelMasterX|Stealth Rock|[from] move: Rapid Spin|[of] p2a: Great Tusk
|
|-weather|Snowscape|[upkeep]
|-end|p1a: Corviknight|move: Future Sight
|-resisted|p1a: Corviknight
|-damage|p1a: Corviknight|74/100
|upkeep
|turn|4
|
|t:|1758314019
|move|p2a: Great Tusk|Knock Off|p1a: Corviknight
|-damage|p1a: Corviknight|50/100
|-damage|p2a: Great Tusk|68/100|[from] item: Rocky Helmet|[of] p1a: Corviknight
|-enditem|p1a: Corviknight|Rocky Helmet|[from] move: Knock Off|[of] p2a: Great Tusk
|move|p1a: Corviknight|U-turn|p2a: Great Tusk
|-resisted|p2a: Great Tusk
|-damage|p2a: Great Tusk|62/100
|
|t:|1758314021
|switch|p1a: Ogerpon|Ogerpon, F|100/100|[from] U-turn
|
|-weather|Snowscape|[upkeep]
|upkeep
|turn|5
|j| how play pkm
|
|t:|1758314031
|-end|p2a: Great Tusk|Protosynthesis|[silent]
|switch|p2a: Slowking|Slowking-Galar, F|100/100
|move|p1a: Ogerpon|Ivy Cudgel|p2a: Slowking
|-resisted|p2a: Slowking
|-damage|p2a: Slowking|75/100
|
|-weather|Snowscape|[upkeep]
|upkeep
|turn|6
|c| how play pkm|+
|
|t:|1758314045
|switch|p1a: Tinkaton|Tinkaton, F|100/100
|-item|p1a: Tinkaton|Air Balloon
|move|p2a: Slowking|Future Sight|p1a: Tinkaton
|-start|p2a: Slowking|move: Future Sight
|
|-weather|none
|upkeep
|turn|7
|
|t:|1758314057
|move|p1a: Tinkaton|Gigaton Hammer|p2a: Slowking
|-damage|p2a: Slowking|44/100
|-prepare|p2a: Slowking|Chilly Reception|[premajor]
|move|p2a: Slowking|Chilly Reception|p2a: Slowking
|-weather|Snowscape
|j| poultryenthusiast
|
|t:|1758314067
|switch|p2a: Ting-Lu|Ting-Lu|100/100|[from] Chilly Reception
|-ability|p2a: Ting-Lu|Vessel of Ruin
|
|-weather|Snowscape|[upkeep]
|upkeep
|turn|8
|
|t:|1758314078
|move|p1a: Tinkaton|Knock Off|p2a: Ting-Lu
|-resisted|p2a: Ting-Lu
|-damage|p2a: Ting-Lu|96/100
|-enditem|p2a: Ting-Lu|Leftovers|[from] move: Knock Off|[of] p1a: Tinkaton
|move|p2a: Ting-Lu|Ruination|p1a: Tinkaton
|-damage|p1a: Tinkaton|50/100
|-enditem|p1a: Tinkaton|Air Balloon
|
|-weather|Snowscape|[upkeep]
|-end|p1a: Tinkaton|move: Future Sight
|-resisted|p1a: Tinkaton
|-damage|p1a: Tinkaton|37/100
|upkeep
|turn|9
|
|t:|1758314087
|switch|p1a: Ogerpon|Ogerpon, F|100/100
|move|p2a: Ting-Lu|Earthquake|p1a: Ogerpon
|-resisted|p1a: Ogerpon
|-damage|p1a: Ogerpon|77/100
|
|-weather|Snowscape|[upkeep]
|upkeep
|turn|10
|
|t:|1758314092
|switch|p2a: Slowking|Slowking-Galar, F|77/100
|move|p1a: Ogerpon|U-turn|p2a: Slowking
|-damage|p2a: Slowking|53/100
|
|t:|1758314099
|switch|p1a: Garchomp|Garchomp, M|100/100|[from] U-turn
|
|-weather|Snowscape|[upkeep]
|upkeep
|turn|11
|l| poultryenthusiast
|
|t:|1758314103
|move|p1a: Garchomp|Scale Shot|p2a: Slowking
|-damage|p2a: Slowking|44/100
|-damage|p2a: Slowking|34/100
|-damage|p2a: Slowking|24/100
|-damage|p2a: Slowking|15/100
|-hitcount|p2a: Slowking|4
|-unboost|p1a: Garchomp|def|1
|-boost|p1a: Garchomp|spe|1
|move|p2a: Slowking|Ice Beam|p1a: Garchomp
|-supereffective|p1a: Garchomp
|-damage|p1a: Garchomp|4/100
|
|-weather|none
|upkeep
|turn|12
|
|t:|1758314113
|switch|p2a: Ting-Lu|Ting-Lu|96/100
|-ability|p2a: Ting-Lu|Vessel of Ruin
|move|p1a: Garchomp|Earthquake|p2a: Ting-Lu
|-damage|p2a: Ting-Lu|65/100
|
|upkeep
|turn|13
|
|t:|1758314118
|switch|p1a: Corviknight|Corviknight, F|50/100
|-ability|p1a: Corviknight|Pressure
|move|p2a: Ting-Lu|Earthquake|p1a: Corviknight
|-immune|p1a: Corviknight
|
|upkeep
|turn|14
|
|t:|1758314124
|switch|p2a: Gholdengo|Gholdengo|100/100
|move|p1a: Corviknight|Roost|p1a: Corviknight
|-heal|p1a: Corviknight|99/100
|-singleturn|p1a: Corviknight|move: Roost
|
|upkeep
|turn|15
|
|t:|1758314129
|move|p2a: Gholdengo|Shadow Ball|p1a: Corviknight
|-damage|p1a: Corviknight|60/100
|-unboost|p1a: Corviknight|spd|1
|move|p1a: Corviknight|U-turn|p2a: Gholdengo
|-resisted|p2a: Gholdengo
|-damage|p2a: Gholdengo|97/100
|
|t:|1758314138
|switch|p1a: Ogerpon|Ogerpon, F|77/100|[from] U-turn
|
|upkeep
|turn|16
|l|+RoyalReloaded
|
|t:|1758314144
|move|p2a: Gholdengo|Shadow Ball|p1a: Ogerpon
|-damage|p1a: Ogerpon|28/100
|move|p1a: Ogerpon|Knock Off|p2a: Gholdengo
|-supereffective|p2a: Gholdengo
|-crit|p2a: Gholdengo
|-damage|p2a: Gholdengo|0 fnt
|-enditem|p2a: Gholdengo|Choice Scarf|[from] move: Knock Off|[of] p1a: Ogerpon
|faint|p2a: Gholdengo
|
|upkeep
|
|t:|1758314150
|switch|p2a: Meowscarada|Meowscarada, F|100/100
|turn|17
|
|t:|1758314158
|switch|p1a: Tinkaton|Tinkaton, F|37/100
|move|p2a: Meowscarada|U-turn|p1a: Tinkaton
|-start|p2a: Meowscarada|typechange|Bug|[from] ability: Protean
|-resisted|p1a: Tinkaton
|-damage|p1a: Tinkaton|25/100
|-enditem|p2a: Meowscarada|Choice Band|[silent]|[from] ability: Pickpocket|[of] p2a: Meowscarada
|-item|p1a: Tinkaton|Choice Band|[from] ability: Pickpocket|[of] p2a: Meowscarada
|
|t:|1758314164
|switch|p2a: Great Tusk|Great Tusk|62/100|[from] U-turn
|
|upkeep
|turn|18
|
|t:|1758314168
|move|p1a: Tinkaton|Gigaton Hammer|p2a: Great Tusk
|-damage|p2a: Great Tusk|18/100
|move|p2a: Great Tusk|Stealth Rock|p1a: Tinkaton
|-sidestart|p1: GlueLicker|move: Stealth Rock
|
|upkeep
|turn|19
|inactive|GlueLicker has 120 seconds left.
|
|t:|1758314210
|-end|p2a: Great Tusk|Protosynthesis|[silent]
|switch|p2a: Meowscarada|Meowscarada, F|100/100
|-activate|p1a: Tinkaton|move: Struggle
|move|p1a: Tinkaton|Struggle|p2a: Meowscarada
|-damage|p2a: Meowscarada|78/100
|-damage|p1a: Tinkaton|0 fnt|[from] recoil
|faint|p1a: Tinkaton
|
|upkeep
|c| hilmno|that aint good
|
|t:|1758314223
|switch|p1a: Slowking|Slowking-Galar, M|100/100
|-damage|p1a: Slowking|88/100|[from] Stealth Rock
|turn|20
|
|t:|1758314228
|move|p2a: Meowscarada|U-turn|p1a: Slowking
|-start|p2a: Meowscarada|typechange|Bug|[from] ability: Protean
|-damage|p1a: Slowking|64/100
|
|t:|1758314235
|switch|p2a: Great Tusk|Great Tusk|18/100|[from] U-turn
|move|p1a: Slowking|Sludge Bomb|p2a: Great Tusk
|-resisted|p2a: Great Tusk
|-damage|p2a: Great Tusk|0 fnt
|faint|p2a: Great Tusk
|-end|p2a: Great Tusk|Protosynthesis|[silent]
|
|upkeep
|
|t:|1758314240
|switch|p2a: Meowscarada|Meowscarada, F|78/100
|turn|21
|
|t:|1758314258
|-terastallize|p2a: Meowscarada|Electric
|move|p2a: Meowscarada|Tera Blast|p1a: Slowking|[anim] Tera Blast Electric
|-crit|p1a: Slowking
|-damage|p1a: Slowking|26/100
|move|p1a: Slowking|Sludge Bomb|p2a: Meowscarada
|-damage|p2a: Meowscarada|27/100
|-status|p2a: Meowscarada|psn
|
|-damage|p2a: Meowscarada|14/100 psn|[from] psn
|upkeep
|turn|22
|
|t:|1758314266
|move|p2a: Meowscarada|U-turn|p1a: Slowking
|-damage|p1a: Slowking|12/100
|
|t:|1758314270
|switch|p2a: Ting-Lu|Ting-Lu|65/100|[from] U-turn
|-ability|p2a: Ting-Lu|Vessel of Ruin
|-prepare|p1a: Slowking|Chilly Reception|[premajor]
|move|p1a: Slowking|Chilly Reception|p1a: Slowking
|-weather|Snowscape
|inactive|GlueLicker has 120 seconds left.
|
|t:|1758314292
|switch|p1a: Corviknight|Corviknight, F|60/100|[from] Chilly Reception
|-damage|p1a: Corviknight|48/100|[from] Stealth Rock
|-ability|p1a: Corviknight|Pressure
|
|-weather|Snowscape|[upkeep]
|upkeep
|turn|23
|
|t:|1758314298
|move|p1a: Corviknight|Roost|p1a: Corviknight
|-heal|p1a: Corviknight|98/100
|-singleturn|p1a: Corviknight|move: Roost
|move|p2a: Ting-Lu|Ruination|p1a: Corviknight
|-damage|p1a: Corviknight|49/100
|
|-weather|Snowscape|[upkeep]
|upkeep
|turn|24
|
|t:|1758314300
|move|p1a: Corviknight|Defog|p2a: Ting-Lu
|-unboost|p2a: Ting-Lu|evasion|1
|-sideend|p1: GlueLicker|Stealth Rock|[from] move: Defog|[of] p1a: Corviknight
|move|p2a: Ting-Lu|Earthquake|p1a: Corviknight
|-immune|p1a: Corviknight
|
|-weather|Snowscape|[upkeep]
|upkeep
|turn|25
|
|t:|1758314303
|move|p1a: Corviknight|Roost|p1a: Corviknight
|-heal|p1a: Corviknight|99/100
|-singleturn|p1a: Corviknight|move: Roost
|move|p2a: Ting-Lu|Earthquake|p1a: Corviknight
|-supereffective|p1a: Corviknight
|-damage|p1a: Corviknight|50/100
|
|-weather|Snowscape|[upkeep]
|upkeep
|turn|26
|j| federal government
|
|t:|1758314306
|move|p1a: Corviknight|Body Press|p2a: Ting-Lu
|-supereffective|p2a: Ting-Lu
|-damage|p2a: Ting-Lu|36/100
|move|p2a: Ting-Lu|Ruination|p1a: Corviknight
|-damage|p1a: Corviknight|25/100
|
|-weather|none
|upkeep
|turn|27
|
|t:|1758314313
|move|p1a: Corviknight|Roost|p1a: Corviknight
|-heal|p1a: Corviknight|75/100
|-singleturn|p1a: Corviknight|move: Roost
|move|p2a: Ting-Lu|Ruination|p1a: Corviknight
|-damage|p1a: Corviknight|38/100
|
|upkeep
|turn|28
|
|t:|1758314317
|move|p1a: Corviknight|Roost|p1a: Corviknight
|-heal|p1a: Corviknight|88/100
|-singleturn|p1a: Corviknight|move: Roost
|move|p2a: Ting-Lu|Earthquake|p1a: Corviknight
|-supereffective|p1a: Corviknight
|-damage|p1a: Corviknight|37/100
|
|upkeep
|turn|29
|j| Darkshowl
|
|t:|1758314321
|move|p1a: Corviknight|Body Press|p2a: Ting-Lu
|-supereffective|p2a: Ting-Lu
|-damage|p2a: Ting-Lu|9/100
|move|p2a: Ting-Lu|Ruination|p1a: Corviknight
|-damage|p1a: Corviknight|19/100
|
|upkeep
|turn|30
|l| federal government
|
|t:|1758314323
|move|p1a: Corviknight|Roost|p1a: Corviknight
|-heal|p1a: Corviknight|69/100
|-singleturn|p1a: Corviknight|move: Roost
|move|p2a: Ting-Lu|Earthquake|p1a: Corviknight
|-supereffective|p1a: Corviknight
|-damage|p1a: Corviknight|16/100
|
|upkeep
|turn|31
|
|t:|1758314326
|move|p1a: Corviknight|Body Press|p2a: Ting-Lu
|-supereffective|p2a: Ting-Lu
|-damage|p2a: Ting-Lu|0 fnt
|faint|p2a: Ting-Lu
|
|upkeep
|
|t:|1758314328
|switch|p2a: Meowscarada|Meowscarada, F, tera:Electric|14/100 psn
|turn|32
|
|t:|1758314350
|switch|p1a: Slowking|Slowking-Galar, M|45/100
|move|p2a: Meowscarada|Knock Off|p1a: Slowking
|-supereffective|p1a: Slowking
|-damage|p1a: Slowking|0 fnt
|-enditem|p1a: Slowking|Shuca Berry|[from] move: Knock Off|[of] p2a: Meowscarada
|faint|p1a: Slowking
|
|-damage|p2a: Meowscarada|2/100 psn|[from] psn
|upkeep
|j| FuecocoFan6789
|inactive|GlueLicker has 120 seconds left.
|l| FuecocoFan6789
|
|t:|1758314379
|switch|p1a: Ogerpon|Ogerpon, F|28/100
|turn|33
|j| BIG TONY 2014
|
|t:|1758314390
|switch|p1a: Garchomp|Garchomp, M|4/100
|move|p2a: Meowscarada|U-turn|p1a: Garchomp
|-damage|p1a: Garchomp|0 fnt
|-damage|p2a: Meowscarada|0 fnt|[from] ability: Rough Skin|[of] p1a: Garchomp
|faint|p1a: Garchomp
|faint|p2a: Meowscarada
|
|upkeep
|j| FuecocoFan6789
|
|t:|1758314406
|switch|p2a: Dragonite|Dragonite, F|100/100
|switch|p1a: Ogerpon|Ogerpon, F|28/100
|turn|34
|
|t:|1758314411
|move|p2a: Dragonite|Extreme Speed|p1a: Ogerpon
|-damage|p1a: Ogerpon|0 fnt
|faint|p1a: Ogerpon
|
|upkeep
|
|t:|1758314416
|switch|p1a: Raging Bolt|Raging Bolt|100/100
|turn|35
|
|t:|1758314418
|move|p1a: Raging Bolt|Draco Meteor|p2a: Dragonite
|-supereffective|p2a: Dragonite
|-damage|p2a: Dragonite|0 fnt
|-unboost|p1a: Raging Bolt|spa|2
|faint|p2a: Dragonite
|
|upkeep
|c|☆JoelMasterX|damn thought i'd at least live one xd
|c| Nerf Woger|noo joel
|
|t:|1758314432
|switch|p2a: Slowking|Slowking-Galar, F|48/100
|turn|36
|
|t:|1758314440
|-end|p1a: Raging Bolt|Protosynthesis|[silent]
|switch|p1a: Corviknight|Corviknight, F|16/100
|-ability|p1a: Corviknight|Pressure
|move|p2a: Slowking|Ice Beam|p1a: Corviknight
|-damage|p1a: Corviknight|0 fnt
|faint|p1a: Corviknight
|
|upkeep
|c|☆JoelMasterX|rip
|
|t:|1758314443
|switch|p1a: Raging Bolt|Raging Bolt|100/100
|turn|37
|c|☆JoelMasterX|gg
|
|t:|1758314446
|move|p1a: Raging Bolt|Thunderbolt|p2a: Slowking
|-damage|p2a: Slowking|0 fnt
|faint|p2a: Slowking
|
|win|GlueLicker
|n|☆GlueLicker|gluelicker
|n|☆JoelMasterX@!|joelmasterx
|n|*Lady Monita ☀|ladymonita
|n| BB-8-NU|bb8nu
|n| Nerf Woger|nerfwoger
|n| Raichu95lucario|raichu95lucario
|n| hilmno|hilmno
|n| Donkey Ollie|donkeyollie
|n| how play pkm|howplaypkm
|n| Darkshowl|darkshowl
|n| BIG TONY 2014|bigtony2014
|n| FuecocoFan6789|fuecocofan6789
|l|*Lady Monita ☀
