|j|☆Orkaros
|j|☆whichjuanz
|t:|1758321386
|gametype|singles
|player|p1|Orkaros|265|1455
|player|p2|whichjuanz|hiker-gen4|1458
|gen|9
|tier|[Gen 9] OU
|rated|
|rule|HP Percentage Mod: HP is shown in percentages
|rule|Endless Battle Clause: Forcing endless battles is banned
|rule|Species Clause: Limit one of each Pokémon
|rule|OHKO Clause: OHKO moves are banned
|rule|Evasion Items Clause: Evasion items are banned
|rule|Evasion Moves Clause: Evasion moves are banned
|rule|Evasion Abilities Clause: Evasion abilities are banned
|rule|Sleep Moves Clause: Sleep-inducing moves are banned
|clearpoke
|poke|p1|Great Tusk|
|poke|p1|Darkrai|
|poke|p1|Zamazenta-*|
|poke|p1|Gholdengo|
|poke|p1|Primarina, M|
|poke|p1|Dragonite, M|
|poke|p2|Maushold-Four|
|poke|p2|Lucario, M|
|poke|p2|Lokix, M|
|poke|p2|Zoroark-Hisui, F|
|poke|p2|Regidrago|
|poke|p2|Deoxys-Speed|
|teampreview
|inactive|Battle timer is ON: inactive players will automatically lose when time's up. (requested by whichjuanz)
|inactive|Orkaros also wants the timer to be on.
|
|t:|1758321411
|teamsize|p1|6
|teamsize|p2|6
|start
|switch|p1a: Primarina|Primarina, M|100/100
|switch|p2a: Maushold|Maushold-Four|100/100
|turn|1
|
|t:|1758321423
|switch|p1a: Gholdengo|Gholdengo|100/100
|-item|p1a: Gholdengo|Air Balloon
|move|p2a: Maushold|Switcheroo|p1a: Gholdengo
|-immune|p1a: Gholdengo|[from] ability: Good as Gold
|
|upkeep
|turn|2
|
|t:|1758321437
|switch|p2a: Lokix|Lokix, M|100/100
|move|p1a: Gholdengo|Nasty Plot|p1a: Gholdengo
|-boost|p1a: Gholdengo|spa|2
|
|upkeep
|turn|3
|
|t:|1758321466
|-terastallize|p1a: Gholdengo|Fairy
|move|p2a: Lokix|Throat Chop|p1a: Gholdengo
|-resisted|p1a: Gholdengo
|-damage|p1a: Gholdengo|69/100
|-start|p1a: Gholdengo|Throat Chop|[silent]
|-enditem|p1a: Gholdengo|Air Balloon
|-damage|p2a: Lokix|91/100|[from] item: Life Orb
|move|p1a: Gholdengo|Make It Rain|p2a: Lokix
|-damage|p2a: Lokix|0 fnt
|-unboost|p1a: Gholdengo|spa|1
|faint|p2a: Lokix
|
|upkeep
|
|t:|1758321479
|switch|p2a: Maushold|Maushold-Four|100/100
|turn|4
|
|t:|1758321483
|move|p2a: Maushold|Population Bomb|p1a: Gholdengo
|-damage|p1a: Gholdengo|62/100
|-damage|p1a: Gholdengo|54/100
|-damage|p1a: Gholdengo|46/100
|-damage|p1a: Gholdengo|39/100
|-damage|p1a: Gholdengo|31/100
|-damage|p1a: Gholdengo|23/100
|-damage|p1a: Gholdengo|15/100
|-damage|p1a: Gholdengo|8/100
|-damage|p1a: Gholdengo|0 fnt
|faint|p1a: Gholdengo
|-hitcount|p1: Gholdengo|9
|
|upkeep
|
|t:|1758321492
|switch|p1a: Zamazenta|Zamazenta|100/100
|-ability|p1a: Zamazenta|Dauntless Shield|boost
|-boost|p1a: Zamazenta|def|1
|turn|5
|
|t:|1758321503
|switch|p2a: Deoxys|Deoxys-Speed|100/100
|-ability|p2a: Deoxys|Pressure
|move|p1a: Zamazenta|Iron Defense|p1a: Zamazenta
|-boost|p1a: Zamazenta|def|2
|
|upkeep
|turn|6
|
|t:|1758321510
|switch|p1a: Darkrai|Darkrai|100/100
|move|p2a: Deoxys|Thunder Wave|p1a: Darkrai
|-status|p1a: Darkrai|par
|
|upkeep
|turn|7
|
|t:|1758321516
|move|p2a: Deoxys|Superpower|p1a: Darkrai
|-supereffective|p1a: Darkrai
|-damage|p1a: Darkrai|36/100 par
|-unboost|p2a: Deoxys|atk|1
|-unboost|p2a: Deoxys|def|1
|-enditem|p2a: Deoxys|Eject Pack
|
|t:|1758321521
|switch|p2a: Lucario|Lucario, M|100/100
|-item|p2a: Lucario|Air Balloon
|move|p1a: Darkrai|Dark Pulse|p2a: Lucario
|-resisted|p2a: Lucario
|-damage|p2a: Lucario|52/100
|-ability|p2a: Lucario|Justified|boost
|-boost|p2a: Lucario|atk|1
|-enditem|p2a: Lucario|Air Balloon
|-damage|p1a: Darkrai|26/100 par|[from] item: Life Orb
|
|upkeep
|turn|8
|-message|Orkaros forfeited.
|
|win|whichjuanz
|raw|Orkaros's rating: 1455 &rarr; <strong>1435</strong><br />(-20 for losing)
|raw|whichjuanz's rating: 1458 &rarr; <strong>1478</strong><br />(+20 for winning)
|l|☆Orkaros
|player|p1|
|l|☆whichjuanz
|player|p2|
