|j|☆Lucario1324
|j|☆basic_name
|t:|1758310312
|gametype|singles
|player|p1|Lucario1324|101|1450
|player|p2|basic_name|collector|1454
|gen|9
|tier|[Gen 9] OU
|rated|
|rule|HP Percentage Mod: HP is shown in percentages
|rule|Endless Battle Clause: Forcing endless battles is banned
|rule|Species Clause: Limit one of each Pokémon
|rule|OHKO Clause: OHKO moves are banned
|rule|Evasion Items Clause: Evasion items are banned
|rule|Evasion Moves Clause: Evasion moves are banned
|rule|Evasion Abilities Clause: Evasion abilities are banned
|rule|Sleep Moves Clause: Sleep-inducing moves are banned
|clearpoke
|poke|p1|Samurott-Hisui, F|
|poke|p1|Ursaluna, M|
|poke|p1|Hatterene, F|
|poke|p1|Pecharunt|
|poke|p1|Dragapult, M|
|poke|p1|Iron Valiant|
|poke|p2|Maushold|
|poke|p2|Gastrodon, F|
|poke|p2|Zamazenta-*|
|poke|p2|Ting-Lu|
|poke|p2|Serperior, F|
|poke|p2|Weavile, M|
|teampreview
|
|t:|1758310327
|teamsize|p1|6
|teamsize|p2|6
|start
|switch|p1a: Dragapult|Dragapult, M|100/100
|switch|p2a: Maushold|Maushold|100/100
|turn|1
|
|t:|1758310336
|switch|p2a: Ting-Lu|Ting-Lu|100/100
|-ability|p2a: Ting-Lu|Vessel of Ruin
|move|p1a: Dragapult|Will-O-Wisp|p2a: Ting-Lu|[miss]
|-miss|p1a: Dragapult|p2a: Ting-Lu
|
|upkeep
|turn|2
|
|t:|1758310342
|move|p1a: Dragapult|U-turn|p2a: Ting-Lu
|-supereffective|p2a: Ting-Lu
|-damage|p2a: Ting-Lu|78/100
|
|t:|1758310345
|switch|p1a: Hatterene|Hatterene, F|100/100|[from] U-turn
|move|p2a: Ting-Lu|Ruination|p1a: Hatterene
|-damage|p1a: Hatterene|50/100
|
|-heal|p2a: Ting-Lu|84/100|[from] item: Leftovers
|-heal|p1a: Hatterene|56/100|[from] item: Leftovers
|upkeep
|turn|3
|
|t:|1758310357
|move|p2a: Ting-Lu|Earthquake|p1a: Hatterene
|-damage|p1a: Hatterene|23/100
|move|p1a: Hatterene|Nuzzle|p2a: Ting-Lu
|-immune|p2a: Ting-Lu
|
|-heal|p2a: Ting-Lu|90/100|[from] item: Leftovers
|-heal|p1a: Hatterene|29/100|[from] item: Leftovers
|upkeep
|turn|4
|
|t:|1758310368
|move|p2a: Ting-Lu|Earthquake|p1a: Hatterene
|-damage|p1a: Hatterene|0 fnt
|faint|p1a: Hatterene
|
|-heal|p2a: Ting-Lu|96/100|[from] item: Leftovers
|upkeep
|
|t:|1758310371
|switch|p1a: Samurott|Samurott-Hisui, F|100/100
|turn|5
|
|t:|1758310377
|switch|p2a: Gastrodon|Gastrodon, F|100/100
|move|p1a: Samurott|Razor Shell|p2a: Gastrodon
|-damage|p2a: Gastrodon|65/100
|-unboost|p2a: Gastrodon|def|1
|-damage|p1a: Samurott|84/100|[from] item: Rocky Helmet|[of] p2a: Gastrodon
|
|upkeep
|turn|6
|
|t:|1758310384
|move|p1a: Samurott|Ceaseless Edge|p2a: Gastrodon
|-damage|p2a: Gastrodon|21/100
|-damage|p1a: Samurott|67/100|[from] item: Rocky Helmet|[of] p2a: Gastrodon
|-sidestart|p2: basic_name|Spikes
|move|p2a: Gastrodon|Stealth Rock|p1a: Samurott
|-sidestart|p1: Lucario1324|move: Stealth Rock
|
|upkeep
|turn|7
|
|t:|1758310392
|move|p1a: Samurott|Knock Off|p2a: Gastrodon
|-damage|p2a: Gastrodon|0 fnt
|-damage|p1a: Samurott|51/100|[from] item: Rocky Helmet|[of] p2a: Gastrodon
|-enditem|p2a: Gastrodon|Rocky Helmet|[from] move: Knock Off|[of] p1a: Samurott
|faint|p2a: Gastrodon
|
|upkeep
|
|t:|1758310421
|switch|p2a: Maushold|Maushold|100/100
|-damage|p2a: Maushold|88/100|[from] Spikes
|turn|8
|
|t:|1758310425
|move|p2a: Maushold|Tidy Up|p2a: Maushold
|-sideend|p2: basic_name|Spikes
|-sideend|p1: Lucario1324|Stealth Rock
|-activate|p2a: Maushold|move: Tidy Up
|-boost|p2a: Maushold|atk|1
|-boost|p2a: Maushold|spe|1
|move|p1a: Samurott|Ceaseless Edge|p2a: Maushold
|-damage|p2a: Maushold|23/100
|-sidestart|p2: basic_name|Spikes
|
|upkeep
|turn|9
|
|t:|1758310432
|move|p1a: Samurott|Sucker Punch|p2a: Maushold
|-damage|p2a: Maushold|0 fnt
|faint|p2a: Maushold
|
|upkeep
|
|t:|1758310447
|switch|p2a: Zamazenta|Zamazenta|100/100
|-ability|p2a: Zamazenta|Dauntless Shield|boost
|-boost|p2a: Zamazenta|def|1
|turn|10
|
|t:|1758310452
|switch|p1a: Pecharunt|Pecharunt|100/100
|move|p2a: Zamazenta|Close Combat|p1a: Pecharunt
|-immune|p1a: Pecharunt
|
|upkeep
|turn|11
|
|t:|1758310460
|switch|p2a: Ting-Lu|Ting-Lu|96/100
|-damage|p2a: Ting-Lu|84/100|[from] Spikes
|-ability|p2a: Ting-Lu|Vessel of Ruin
|move|p1a: Pecharunt|Parting Shot|p2a: Ting-Lu
|-unboost|p2a: Ting-Lu|atk|1
|-unboost|p2a: Ting-Lu|spa|1
|
|t:|1758310468
|switch|p1a: Ursaluna|Ursaluna, M|100/100|[from] Parting Shot
|
|-heal|p2a: Ting-Lu|90/100|[from] item: Leftovers
|-status|p1a: Ursaluna|brn|[from] item: Flame Orb
|upkeep
|turn|12
|
|t:|1758310476
|switch|p2a: Serperior|Serperior, F|100/100
|-damage|p2a: Serperior|88/100|[from] Spikes
|move|p1a: Ursaluna|Swords Dance|p1a: Ursaluna
|-boost|p1a: Ursaluna|atk|2
|
|-heal|p2a: Serperior|94/100|[from] item: Leftovers
|-damage|p1a: Ursaluna|94/100 brn|[from] brn
|upkeep
|turn|13
|
|t:|1758310480
|move|p2a: Serperior|Leaf Storm|p1a: Ursaluna
|-supereffective|p1a: Ursaluna
|-damage|p1a: Ursaluna|29/100 brn
|-boost|p2a: Serperior|spa|2
|move|p1a: Ursaluna|Facade|p2a: Serperior
|-damage|p2a: Serperior|0 fnt
|faint|p2a: Serperior
|
|-damage|p1a: Ursaluna|22/100 brn|[from] brn
|upkeep
|
|t:|1758310483
|switch|p2a: Weavile|Weavile, M|100/100
|-ability|p2a: Weavile|Pressure
|turn|14
|
|t:|1758310494
|move|p2a: Weavile|Knock Off|p1a: Ursaluna
|-damage|p1a: Ursaluna|0 fnt
|-enditem|p1a: Ursaluna|Flame Orb|[from] move: Knock Off|[of] p2a: Weavile
|faint|p1a: Ursaluna
|
|upkeep
|
|t:|1758310503
|switch|p1a: Dragapult|Dragapult, M|100/100
|turn|15
|
|t:|1758310507
|switch|p2a: Ting-Lu|Ting-Lu|90/100
|-damage|p2a: Ting-Lu|78/100|[from] Spikes
|-ability|p2a: Ting-Lu|Vessel of Ruin
|move|p1a: Dragapult|Will-O-Wisp|p2a: Ting-Lu
|-status|p2a: Ting-Lu|brn
|
|-heal|p2a: Ting-Lu|84/100 brn|[from] item: Leftovers
|-damage|p2a: Ting-Lu|78/100 brn|[from] brn
|upkeep
|turn|16
|
|t:|1758310513
|move|p1a: Dragapult|U-turn|p2a: Ting-Lu
|-supereffective|p2a: Ting-Lu
|-damage|p2a: Ting-Lu|57/100 brn
|
|t:|1758310517
|switch|p1a: Samurott|Samurott-Hisui, F|51/100|[from] U-turn
|move|p2a: Ting-Lu|Stealth Rock|p1a: Samurott
|-sidestart|p1: Lucario1324|move: Stealth Rock
|
|-heal|p2a: Ting-Lu|63/100 brn|[from] item: Leftovers
|-damage|p2a: Ting-Lu|57/100 brn|[from] brn
|upkeep
|turn|17
|
|t:|1758310547
|switch|p2a: Zamazenta|Zamazenta|100/100
|move|p1a: Samurott|Razor Shell|p2a: Zamazenta
|-damage|p2a: Zamazenta|58/100
|
|upkeep
|turn|18
|
|t:|1758310557
|move|p2a: Zamazenta|Heavy Slam|p1a: Samurott
|-resisted|p1a: Samurott
|-damage|p1a: Samurott|36/100
|move|p1a: Samurott|Razor Shell|p2a: Zamazenta
|-damage|p2a: Zamazenta|12/100
|
|upkeep
|turn|19
|
|t:|1758310566
|move|p1a: Samurott|Sucker Punch|p2a: Zamazenta
|-resisted|p2a: Zamazenta
|-damage|p2a: Zamazenta|0 fnt
|faint|p2a: Zamazenta
|
|upkeep
|
|t:|1758310568
|switch|p2a: Weavile|Weavile, M|100/100
|-ability|p2a: Weavile|Pressure
|turn|20
|
|t:|1758310573
|move|p2a: Weavile|Ice Shard|p1a: Samurott
|-resisted|p1a: Samurott
|-damage|p1a: Samurott|24/100
|move|p1a: Samurott|Razor Shell|p2a: Weavile
|-damage|p2a: Weavile|16/100
|-unboost|p2a: Weavile|def|1
|
|upkeep
|turn|21
|-message|basic_name forfeited.
|
|win|Lucario1324
|raw|Lucario1324's rating: 1450 &rarr; <strong>1470</strong><br />(+20 for winning)
|raw|basic_name's rating: 1454 &rarr; <strong>1434</strong><br />(-20 for losing)
|l|☆basic_name
|player|p2|
|l|☆Lucario1324
|player|p1|
