|j|‽098qqq
|j|☆Goofiest Gooberro
|t:|1758305409
|gametype|singles
|player|p1|098qqq|266|1061
|player|p2|Goofiest Gooberro|265|1051
|gen|9
|tier|[Gen 9] OU
|rated|
|rule|HP Percentage Mod: HP is shown in percentages
|rule|Endless Battle Clause: Forcing endless battles is banned
|rule|Species Clause: Limit one of each Pokémon
|rule|OHKO Clause: OHKO moves are banned
|rule|Evasion Items Clause: Evasion items are banned
|rule|Evasion Moves Clause: Evasion moves are banned
|rule|Evasion Abilities Clause: Evasion abilities are banned
|rule|Sleep Moves Clause: Sleep-inducing moves are banned
|clearpoke
|poke|p1|Tyranitar, M|
|poke|p1|Corviknight, M|
|poke|p1|Hariyama, M|
|poke|p1|Inteleon, M|
|poke|p1|Ribombee, M|
|poke|p1|Gholdengo|
|poke|p2|Dondozo, M|
|poke|p2|Blissey, F|
|poke|p2|Corviknight, M|
|poke|p2|Weezing-Galar, M|
|poke|p2|Gliscor, M|
|poke|p2|Toxapex, M|
|teampreview
|
|t:|1758305413
|teamsize|p1|6
|teamsize|p2|6
|start
|switch|p1a: Tyranitar|Tyranitar, M|100/100
|switch|p2a: Toxapex|Toxapex, M|100/100
|-weather|Sandstorm|[from] ability: Sand Stream|[of] p1a: Tyranitar
|turn|1
|c|☆Goofiest Gooberro|hi
|
|t:|1758305420
|switch|p1a: Corviknight|Corviknight, M|100/100
|move|p2a: Toxapex|Toxic Spikes|p1a: Corviknight
|-sidestart|p1: 098qqq|move: Toxic Spikes
|
|-weather|Sandstorm|[upkeep]
|-damage|p2a: Toxapex|94/100|[from] Sandstorm
|-heal|p2a: Toxapex|100/100|[from] item: Leftovers
|upkeep
|turn|2
|
|t:|1758305428
|move|p1a: Corviknight|Defog|p2a: Toxapex
|-unboost|p2a: Toxapex|evasion|1
|-sideend|p1: 098qqq|Toxic Spikes|[from] move: Defog|[of] p1a: Corviknight
|move|p2a: Toxapex|Toxic Spikes|p1a: Corviknight
|-sidestart|p1: 098qqq|move: Toxic Spikes
|
|-weather|Sandstorm|[upkeep]
|-damage|p2a: Toxapex|94/100|[from] Sandstorm
|-heal|p2a: Toxapex|100/100|[from] item: Leftovers
|upkeep
|turn|3
|
|t:|1758305438
|move|p1a: Corviknight|Defog|p2a: Toxapex
|-unboost|p2a: Toxapex|evasion|1
|-sideend|p1: 098qqq|Toxic Spikes|[from] move: Defog|[of] p1a: Corviknight
|move|p2a: Toxapex|Toxic Spikes|p1a: Corviknight
|-sidestart|p1: 098qqq|move: Toxic Spikes
|
|-weather|Sandstorm|[upkeep]
|-damage|p2a: Toxapex|94/100|[from] Sandstorm
|-heal|p2a: Toxapex|100/100|[from] item: Leftovers
|upkeep
|turn|4
|
|t:|1758305444
|switch|p1a: Gholdengo|Gholdengo|100/100
|move|p2a: Toxapex|Toxic Spikes|p1a: Gholdengo
|-sidestart|p1: 098qqq|move: Toxic Spikes
|
|-weather|Sandstorm|[upkeep]
|-damage|p2a: Toxapex|94/100|[from] Sandstorm
|-heal|p2a: Toxapex|100/100|[from] item: Leftovers
|upkeep
|turn|5
|c|☆Goofiest Gooberro|we can just sit here spamming these moves at each other
|
|t:|1758305458
|move|p1a: Gholdengo|Thunderbolt|p2a: Toxapex
|-supereffective|p2a: Toxapex
|-damage|p2a: Toxapex|56/100
|move|p2a: Toxapex|Haze|p2a: Toxapex
|-clearallboost
|
|-weather|Sandstorm|[upkeep]
|-damage|p2a: Toxapex|50/100|[from] Sandstorm
|-heal|p2a: Toxapex|56/100|[from] item: Leftovers
|upkeep
|turn|6
|inactive|Battle timer is ON: inactive players will automatically lose when time's up. (requested by 098qqq)
|
|t:|1758305467
|move|p1a: Gholdengo|Thunderbolt|p2a: Toxapex
|-supereffective|p2a: Toxapex
|-damage|p2a: Toxapex|13/100
|move|p2a: Toxapex|Recover|p2a: Toxapex
|-heal|p2a: Toxapex|63/100
|
|-weather|Sandstorm|[upkeep]
|-damage|p2a: Toxapex|57/100|[from] Sandstorm
|-heal|p2a: Toxapex|63/100|[from] item: Leftovers
|upkeep
|turn|7
|
|t:|1758305476
|move|p1a: Gholdengo|Thunderbolt|p2a: Toxapex
|-supereffective|p2a: Toxapex
|-damage|p2a: Toxapex|17/100
|move|p2a: Toxapex|Recover|p2a: Toxapex
|-heal|p2a: Toxapex|67/100
|
|-weather|Sandstorm|[upkeep]
|-damage|p2a: Toxapex|61/100|[from] Sandstorm
|-heal|p2a: Toxapex|67/100|[from] item: Leftovers
|upkeep
|turn|8
|c|☆Goofiest Gooberro|you won't be able to kill toxapex
|
|t:|1758305484
|move|p1a: Gholdengo|Thunderbolt|p2a: Toxapex
|-supereffective|p2a: Toxapex
|-damage|p2a: Toxapex|20/100
|move|p2a: Toxapex|Recover|p2a: Toxapex
|-heal|p2a: Toxapex|70/100
|
|-weather|none
|-heal|p2a: Toxapex|76/100|[from] item: Leftovers
|upkeep
|turn|9
|c|☆Goofiest Gooberro|as long as i keep spamming recover
|
|t:|1758305492
|move|p1a: Gholdengo|Thunderbolt|p2a: Toxapex
|-supereffective|p2a: Toxapex
|-damage|p2a: Toxapex|31/100
|move|p2a: Toxapex|Recover|p2a: Toxapex
|-heal|p2a: Toxapex|81/100
|
|-heal|p2a: Toxapex|87/100|[from] item: Leftovers
|upkeep
|turn|10
|c|☆Goofiest Gooberro|we'll be stuck here
|
|t:|1758305499
|move|p1a: Gholdengo|Thunderbolt|p2a: Toxapex
|-supereffective|p2a: Toxapex
|-damage|p2a: Toxapex|40/100
|move|p2a: Toxapex|Recover|p2a: Toxapex
|-heal|p2a: Toxapex|90/100
|
|-heal|p2a: Toxapex|96/100|[from] item: Leftovers
|upkeep
|turn|11
|
|t:|1758305505
|move|p1a: Gholdengo|Thunderbolt|p2a: Toxapex
|-supereffective|p2a: Toxapex
|-damage|p2a: Toxapex|53/100
|move|p2a: Toxapex|Haze|p2a: Toxapex
|-clearallboost
|
|-heal|p2a: Toxapex|60/100|[from] item: Leftovers
|upkeep
|turn|12
|
|t:|1758305512
|move|p1a: Gholdengo|Thunderbolt|p2a: Toxapex
|-supereffective|p2a: Toxapex
|-damage|p2a: Toxapex|15/100
|move|p2a: Toxapex|Recover|p2a: Toxapex
|-heal|p2a: Toxapex|65/100
|
|-heal|p2a: Toxapex|71/100|[from] item: Leftovers
|upkeep
|turn|13
|
|t:|1758305518
|move|p1a: Gholdengo|Thunderbolt|p2a: Toxapex
|-supereffective|p2a: Toxapex
|-damage|p2a: Toxapex|24/100
|move|p2a: Toxapex|Recover|p2a: Toxapex
|-heal|p2a: Toxapex|74/100
|
|-heal|p2a: Toxapex|80/100|[from] item: Leftovers
|upkeep
|turn|14
|
|t:|1758305525
|move|p1a: Gholdengo|Thunderbolt|p2a: Toxapex
|-supereffective|p2a: Toxapex
|-damage|p2a: Toxapex|37/100
|-status|p2a: Toxapex|par
|cant|p2a: Toxapex|par
|
|-heal|p2a: Toxapex|44/100 par|[from] item: Leftovers
|upkeep
|turn|15
|
|t:|1758305530
|move|p1a: Gholdengo|Thunderbolt|p2a: Toxapex
|-supereffective|p2a: Toxapex
|-damage|p2a: Toxapex|0 fnt
|faint|p2a: Toxapex
|
|upkeep
|
|t:|1758305536
|switch|p2a: Blissey|Blissey, F, shiny|100/100
|turn|16
|
|t:|1758305541
|switch|p1a: Corviknight|Corviknight, M|100/100
|move|p2a: Blissey|Stealth Rock|p1a: Corviknight
|-sidestart|p1: 098qqq|move: Stealth Rock
|
|upkeep
|turn|17
|c|☆Goofiest Gooberro|don't you dare defog
|
|t:|1758305554
|move|p1a: Corviknight|Defog|p2a: Blissey
|-unboost|p2a: Blissey|evasion|1
|-sideend|p1: 098qqq|Toxic Spikes|[from] move: Defog|[of] p1a: Corviknight
|-sideend|p1: 098qqq|Stealth Rock|[from] move: Defog|[of] p1a: Corviknight
|move|p2a: Blissey|Calm Mind|p2a: Blissey
|-boost|p2a: Blissey|spa|1
|-boost|p2a: Blissey|spd|1
|
|upkeep
|turn|18
|
|t:|1758305558
|move|p1a: Corviknight|U-turn|p2a: Blissey
|-damage|p2a: Blissey|84/100
|c|☆Goofiest Gooberro|you rapscallion
|
|t:|1758305562
|switch|p1a: Hariyama|Hariyama, M|100/100|[from] U-turn
|move|p2a: Blissey|Calm Mind|p2a: Blissey
|-boost|p2a: Blissey|spa|1
|-boost|p2a: Blissey|spd|1
|
|-heal|p2a: Blissey|90/100|[from] item: Leftovers
|upkeep
|turn|19
|c|☆Goofiest Gooberro|you absolute fellow
|
|t:|1758305571
|-terastallize|p2a: Blissey|Dark
|move|p2a: Blissey|Seismic Toss|p1a: Hariyama
|-damage|p1a: Hariyama|80/100
|move|p1a: Hariyama|Belly Drum|p1a: Hariyama
|-damage|p1a: Hariyama|30/100
|-setboost|p1a: Hariyama|atk|6|[from] move: Belly Drum
|
|-heal|p2a: Blissey|96/100|[from] item: Leftovers
|upkeep
|turn|20
|
|t:|1758305579
|move|p2a: Blissey|Seismic Toss|p1a: Hariyama
|-damage|p1a: Hariyama|10/100
|move|p1a: Hariyama|Drain Punch|p2a: Blissey
|-supereffective|p2a: Blissey
|-damage|p2a: Blissey|0 fnt
|-heal|p1a: Hariyama|74/100|[from] drain|[of] p2a: Blissey
|faint|p2a: Blissey
|-heal|p1a: Hariyama|90/100|[from] item: Shell Bell|[of] p2: Blissey
|
|upkeep
|-message|Goofiest Gooberro forfeited.
|
|win|098qqq
|raw|098qqq's rating: 1041 &rarr; <strong>1076</strong><br />(+35 for winning)
|raw|Goofiest Gooberro's rating: 1051 &rarr; <strong>1033</strong><br />(-18 for losing)
|l|☆Goofiest Gooberro
|player|p2|
