|j|☆MunkiC
|j|☆kurrykid0720
|t:|1758294309
|gametype|singles
|player|p1|MunkiC|265|1333
|player|p2|kurrykid0720|shauntal|1352
|gen|9
|tier|[Gen 9] OU
|rated|
|rule|HP Percentage Mod: HP is shown in percentages
|rule|Endless Battle Clause: Forcing endless battles is banned
|rule|Species Clause: Limit one of each Pokémon
|rule|OHKO Clause: OHKO moves are banned
|rule|Evasion Items Clause: Evasion items are banned
|rule|Evasion Moves Clause: Evasion moves are banned
|rule|Evasion Abilities Clause: Evasion abilities are banned
|rule|Sleep Moves Clause: Sleep-inducing moves are banned
|clearpoke
|poke|p1|Pelipper, F|
|poke|p1|Hatterene, F|
|poke|p1|Barraskewda, F|
|poke|p1|Zapdos|
|poke|p1|Iron Treads|
|poke|p1|Toxicroak, F|
|poke|p2|Rillaboom, M|
|poke|p2|Forretress, M|
|poke|p2|Blissey, F|
|poke|p2|Pelipper, M|
|poke|p2|Scizor, F|
|poke|p2|Garganacl, F|
|teampreview
|inactive|Battle timer is ON: inactive players will automatically lose when time's up. (requested by kurrykid0720)
|
|t:|1758294337
|teamsize|p1|6
|teamsize|p2|6
|start
|switch|p1a: Pelipper|Pelipper, F|100/100
|switch|p2a: Garganacl|Garganacl, F|100/100
|-weather|RainDance|[from] ability: Drizzle|[of] p1a: Pelipper
|turn|1
|
|t:|1758294345
|move|p1a: Pelipper|U-turn|p2a: Garganacl
|-damage|p2a: Garganacl|94/100
|
|t:|1758294347
|switch|p1a: Hatterene|Hatterene, F|100/100|[from] U-turn
|move|p2a: Garganacl|Salt Cure|p1a: Hatterene
|-damage|p1a: Hatterene|88/100
|-start|p1a: Hatterene|Salt Cure
|-enditem|p1a: Hatterene|Eject Button
|
|t:|1758294351
|switch|p1a: Barraskewda|Barraskewda, F|100/100
|
|-weather|RainDance|[upkeep]
|-heal|p2a: Garganacl|99/100|[from] item: Leftovers
|upkeep
|turn|2
|
|t:|1758294361
|-terastallize|p2a: Garganacl|Fairy
|move|p1a: Barraskewda|Flip Turn|p2a: Garganacl
|-damage|p2a: Garganacl|56/100
|
|t:|1758294371
|switch|p1a: Toxicroak|Toxicroak, F|100/100|[from] Flip Turn
|move|p2a: Garganacl|Curse|p2a: Garganacl
|-unboost|p2a: Garganacl|spe|1
|-boost|p2a: Garganacl|atk|1
|-boost|p2a: Garganacl|def|1
|
|-weather|RainDance|[upkeep]
|-heal|p2a: Garganacl|62/100|[from] item: Leftovers
|upkeep
|turn|3
|
|t:|1758294394
|move|p1a: Toxicroak|Encore|p2a: Garganacl
|-start|p2a: Garganacl|Encore
|move|p2a: Garganacl|Curse|p2a: Garganacl
|-unboost|p2a: Garganacl|spe|1
|-boost|p2a: Garganacl|atk|1
|-boost|p2a: Garganacl|def|1
|
|-weather|RainDance|[upkeep]
|-heal|p2a: Garganacl|69/100|[from] item: Leftovers
|upkeep
|turn|4
|
|t:|1758294402
|switch|p2a: Forretress|Forretress, M|100/100
|move|p1a: Toxicroak|Knock Off|p2a: Forretress
|-damage|p2a: Forretress|88/100
|-enditem|p2a: Forretress|Leftovers|[from] move: Knock Off|[of] p1a: Toxicroak
|
|-weather|RainDance|[upkeep]
|upkeep
|turn|5
|
|t:|1758294410
|switch|p1a: Hatterene|Hatterene, F|88/100
|switch|p2a: Pelipper|Pelipper, M|100/100
|
|-weather|RainDance|[upkeep]
|upkeep
|turn|6
|
|t:|1758294416
|move|p2a: Pelipper|Weather Ball|p1a: Hatterene
|-damage|p1a: Hatterene|0 fnt
|faint|p1a: Hatterene
|
|-weather|RainDance|[upkeep]
|upkeep
|
|t:|1758294420
|switch|p1a: Zapdos|Zapdos|100/100
|turn|7
|
|t:|1758294427
|switch|p2a: Rillaboom|Rillaboom, M|100/100
|-fieldstart|move: Grassy Terrain|[from] ability: Grassy Surge|[of] p2a: Rillaboom
|move|p1a: Zapdos|Thunder|p2a: Rillaboom
|-resisted|p2a: Rillaboom
|-damage|p2a: Rillaboom|40/100
|
|-weather|RainDance|[upkeep]
|-heal|p2a: Rillaboom|46/100|[from] Grassy Terrain
|upkeep
|turn|8
|
|t:|1758294436
|move|p1a: Zapdos|Thunder|p2a: Rillaboom
|-resisted|p2a: Rillaboom
|-damage|p2a: Rillaboom|0 fnt
|faint|p2a: Rillaboom
|
|-weather|none
|upkeep
|
|t:|1758294441
|switch|p2a: Blissey|Blissey, F|100/100
|turn|9
|
|t:|1758294445
|switch|p1a: Pelipper|Pelipper, F|100/100
|-weather|RainDance|[from] ability: Drizzle|[of] p1a: Pelipper
|move|p2a: Blissey|Stealth Rock|p1a: Pelipper
|-sidestart|p1: MunkiC|move: Stealth Rock
|
|-weather|RainDance|[upkeep]
|upkeep
|turn|10
|
|t:|1758294454
|move|p2a: Blissey|Calm Mind|p2a: Blissey
|-boost|p2a: Blissey|spa|1
|-boost|p2a: Blissey|spd|1
|move|p1a: Pelipper|U-turn|p2a: Blissey
|-damage|p2a: Blissey|91/100
|
|t:|1758294456
|switch|p1a: Barraskewda|Barraskewda, F|100/100|[from] U-turn
|-damage|p1a: Barraskewda|88/100|[from] Stealth Rock
|
|-weather|RainDance|[upkeep]
|-heal|p1a: Barraskewda|94/100|[from] Grassy Terrain
|-heal|p2a: Blissey|97/100|[from] Grassy Terrain
|-heal|p2a: Blissey|100/100|[from] item: Leftovers
|upkeep
|turn|11
|
|t:|1758294461
|switch|p2a: Forretress|Forretress, M|88/100
|-terastallize|p1a: Barraskewda|Water
|move|p1a: Barraskewda|Liquidation|p2a: Forretress
|-damage|p2a: Forretress|9/100
|
|-weather|RainDance|[upkeep]
|-heal|p1a: Barraskewda|100/100|[from] Grassy Terrain
|-heal|p2a: Forretress|15/100|[from] Grassy Terrain
|-fieldend|move: Grassy Terrain
|upkeep
|turn|12
|
|t:|1758294470
|move|p1a: Barraskewda|Liquidation|p2a: Forretress
|-damage|p2a: Forretress|0 fnt
|faint|p2a: Forretress
|
|-weather|RainDance|[upkeep]
|upkeep
|
|t:|1758294478
|switch|p2a: Garganacl|Garganacl, F, tera:Fairy|69/100
|turn|13
|
|t:|1758294484
|move|p1a: Barraskewda|Liquidation|p2a: Garganacl
|-damage|p2a: Garganacl|0 fnt
|faint|p2a: Garganacl
|
|-weather|RainDance|[upkeep]
|upkeep
|
|t:|1758294491
|switch|p2a: Scizor|Scizor, F|100/100
|turn|14
|
|t:|1758294498
|move|p1a: Barraskewda|Liquidation|p2a: Scizor
|-damage|p2a: Scizor|0 fnt
|faint|p2a: Scizor
|
|-weather|RainDance|[upkeep]
|upkeep
|
|t:|1758294502
|switch|p2a: Pelipper|Pelipper, M|100/100
|turn|15
|
|t:|1758294507
|move|p1a: Barraskewda|Liquidation|p2a: Pelipper
|-resisted|p2a: Pelipper
|-crit|p2a: Pelipper
|-damage|p2a: Pelipper|0 fnt
|faint|p2a: Pelipper
|
|-weather|RainDance|[upkeep]
|upkeep
|-message|kurrykid0720 forfeited.
|
|win|MunkiC
|raw|MunkiC's rating: 1333 &rarr; <strong>1354</strong><br />(+21 for winning)
|raw|kurrykid0720's rating: 1352 &rarr; <strong>1331</strong><br />(-21 for losing)
|l|☆kurrykid0720
|player|p2|
