|j|☆192837acc
|j|☆DarkJesusaliasMiku
|t:|1758363334
|gametype|singles
|player|p1|192837acc|cynthia-gen4|1107
|player|p2|DarkJesusaliasMiku|dawn|1126
|gen|9
|tier|[Gen 9] OU
|rated|
|rule|HP Percentage Mod: HP is shown in percentages
|rule|Endless Battle Clause: Forcing endless battles is banned
|rule|Species Clause: Limit one of each Pokémon
|rule|OHKO Clause: OHKO moves are banned
|rule|Evasion Items Clause: Evasion items are banned
|rule|Evasion Moves Clause: Evasion moves are banned
|rule|Evasion Abilities Clause: Evasion abilities are banned
|rule|Sleep Moves Clause: Sleep-inducing moves are banned
|clearpoke
|poke|p1|Pelipper, F|
|poke|p1|Barraskewda, M|
|poke|p1|Zapdos|
|poke|p1|Clodsire, F|
|poke|p1|Corviknight, F|
|poke|p1|Incineroar, M|
|poke|p2|Iron Crown|
|poke|p2|Samurott-Hisui, M|
|poke|p2|Zapdos|
|poke|p2|Dragapult, M|
|poke|p2|Great Tusk|
|poke|p2|Iron Boulder|
|teampreview
|inactive|Battle timer is ON: inactive players will automatically lose when time's up. (requested by 192837acc)
|inactive|DarkJesusaliasMiku has 120 seconds left.
|inactive|DarkJesusaliasMiku has 90 seconds left.
|
|t:|1758363396
|teamsize|p1|6
|teamsize|p2|6
|start
|switch|p1a: Pelipper|Pelipper, F|100/100
|switch|p2a: Everytime We Touch|Samurott-Hisui, M|100/100
|-weather|RainDance|[from] ability: Drizzle|[of] p1a: Pelipper
|turn|1
|
|t:|1758363407
|move|p2a: Everytime We Touch|Ceaseless Edge|p1a: Pelipper
|-damage|p1a: Pelipper|69/100
|-sidestart|p1: 192837acc|Spikes
|move|p1a: Pelipper|U-turn|p2a: Everytime We Touch
|-supereffective|p2a: Everytime We Touch
|-damage|p2a: Everytime We Touch|79/100
|
|t:|1758363421
|switch|p1a: Zapdos|Zapdos|100/100|[from] U-turn
|
|-weather|RainDance|[upkeep]
|upkeep
|turn|2
|inactive|DarkJesusaliasMiku has 120 seconds left.
|
|t:|1758363474
|switch|p2a: Revery|Iron Boulder|100/100
|-enditem|p2a: Revery|Booster Energy
|-activate|p2a: Revery|ability: Quark Drive|[fromitem]
|-start|p2a: Revery|quarkdrivespe
|move|p1a: Zapdos|Hurricane|p2a: Revery
|-resisted|p2a: Revery
|-damage|p2a: Revery|74/100
|
|-weather|RainDance|[upkeep]
|upkeep
|turn|3
|
|t:|1758363491
|switch|p1a: Incineroar|Incineroar, M|100/100
|-ability|p1a: Incineroar|Intimidate|boost
|-unboost|p2a: Revery|atk|1
|move|p2a: Revery|Swords Dance|p2a: Revery
|-boost|p2a: Revery|atk|2
|
|-weather|RainDance|[upkeep]
|upkeep
|turn|4
|
|t:|1758363502
|move|p2a: Revery|Mighty Cleave|p1a: Incineroar
|-supereffective|p1a: Incineroar
|-damage|p1a: Incineroar|0 fnt
|faint|p1a: Incineroar
|
|-weather|RainDance|[upkeep]
|upkeep
|
|t:|1758363508
|switch|p1a: Barraskewda|Barraskewda, M, shiny|100/100
|-damage|p1a: Barraskewda|88/100|[from] Spikes
|turn|5
|inactive|DarkJesusaliasMiku has 90 seconds left.
|
|t:|1758363538
|move|p1a: Barraskewda|Liquidation|p2a: Revery
|-supereffective|p2a: Revery
|-damage|p2a: Revery|0 fnt
|faint|p2a: Revery
|-end|p2a: Revery|Quark Drive|[silent]
|
|-weather|RainDance|[upkeep]
|upkeep
|
|t:|1758363549
|switch|p2a: Everytime We Touch|Samurott-Hisui, M|79/100
|turn|6
|
|t:|1758363568
|switch|p1a: Corviknight|Corviknight, F|100/100
|move|p2a: Everytime We Touch|Ceaseless Edge|p1a: Corviknight
|-damage|p1a: Corviknight|75/100
|-sidestart|p1: 192837acc|Spikes
|
|-weather|RainDance|[upkeep]
|upkeep
|turn|7
|
|t:|1758363577
|move|p2a: Everytime We Touch|Ceaseless Edge|p1a: Corviknight
|-damage|p1a: Corviknight|46/100
|-sidestart|p1: 192837acc|Spikes
|move|p1a: Corviknight|Defog|p2a: Everytime We Touch
|-unboost|p2a: Everytime We Touch|evasion|1
|-sideend|p1: 192837acc|Spikes|[from] move: Defog|[of] p1a: Corviknight
|
|-weather|RainDance|[upkeep]
|upkeep
|turn|8
|
|t:|1758363586
|move|p2a: Everytime We Touch|Ceaseless Edge|p1a: Corviknight|[miss]
|-miss|p2a: Everytime We Touch|p1a: Corviknight
|move|p1a: Corviknight|Roost|p1a: Corviknight
|-heal|p1a: Corviknight|96/100
|-singleturn|p1a: Corviknight|move: Roost
|
|-weather|none
|upkeep
|turn|9
|
|t:|1758363602
|switch|p2a: Hurikan|Zapdos|100/100
|move|p1a: Corviknight|U-turn|p2a: Hurikan
|-resisted|p2a: Hurikan
|-damage|p2a: Hurikan|95/100
|
|t:|1758363612
|switch|p1a: Clodsire|Clodsire, F|100/100|[from] U-turn
|
|upkeep
|turn|10
|
|t:|1758363631
|move|p2a: Hurikan|U-turn|p1a: Clodsire
|-resisted|p1a: Clodsire
|-damage|p1a: Clodsire|93/100
|
|t:|1758363636
|switch|p2a: Pump It|Great Tusk|100/100|[from] U-turn
|move|p1a: Clodsire|Stealth Rock|p2a: Pump It
|-sidestart|p2: DarkJesusaliasMiku|move: Stealth Rock
|
|-heal|p1a: Clodsire|99/100|[from] item: Leftovers
|upkeep
|turn|11
|
|t:|1758363647
|switch|p1a: Pelipper|Pelipper, F|69/100
|-weather|RainDance|[from] ability: Drizzle|[of] p1a: Pelipper
|move|p2a: Pump It|Stealth Rock|p1a: Pelipper
|-sidestart|p1: 192837acc|move: Stealth Rock
|
|-weather|RainDance|[upkeep]
|upkeep
|turn|12
|
|t:|1758363672
|move|p2a: Pump It|Ice Spinner|p1a: Pelipper
|-damage|p1a: Pelipper|47/100
|move|p1a: Pelipper|U-turn|p2a: Pump It
|-resisted|p2a: Pump It
|-damage|p2a: Pump It|97/100
|
|t:|1758363688
|switch|p1a: Barraskewda|Barraskewda, M, shiny|88/100|[from] U-turn
|-damage|p1a: Barraskewda|76/100|[from] Stealth Rock
|
|-weather|RainDance|[upkeep]
|upkeep
|turn|13
|inactive|192837acc has 120 seconds left.
|
|t:|1758363713
|-end|p2a: Pump It|Protosynthesis|[silent]
|switch|p2a: Hurikan|Zapdos|95/100
|move|p1a: Barraskewda|Liquidation|p2a: Hurikan
|-damage|p2a: Hurikan|17/100
|-unboost|p2a: Hurikan|def|1
|
|-weather|RainDance|[upkeep]
|upkeep
|turn|14
|inactive|192837acc has 120 seconds left.
|inactive|DarkJesusaliasMiku has 60 seconds left.
|-message|DarkJesusaliasMiku forfeited.
|
|win|192837acc
|raw|192837acc's rating: 1107 &rarr; <strong>1133</strong><br />(+26 for winning)
|raw|DarkJesusaliasMiku's rating: 1126 &rarr; <strong>1100</strong><br />(-26 for losing)
|l|☆DarkJesusaliasMiku
|player|p2|
|l|☆192837acc
|player|p1|
|j|☆192837acc
|player|p1|192837acc|cynthia-gen4|
