|j|☆the voiced concern
|j|☆doctorrocket
|t:|1758342260
|gametype|singles
|player|p1|the voiced concern|bea|1315
|player|p2|doctorrocket|scientist|1312
|gen|9
|tier|[Gen 9] OU
|rated|
|rule|HP Percentage Mod: HP is shown in percentages
|rule|Endless Battle Clause: Forcing endless battles is banned
|rule|Species Clause: Limit one of each Pokémon
|rule|OHKO Clause: OHKO moves are banned
|rule|Evasion Items Clause: Evasion items are banned
|rule|Evasion Moves Clause: Evasion moves are banned
|rule|Evasion Abilities Clause: Evasion abilities are banned
|rule|Sleep Moves Clause: Sleep-inducing moves are banned
|clearpoke
|poke|p1|Ogerpon-Cornerstone, F|
|poke|p1|Iron Moth|
|poke|p1|Ceruledge, M|
|poke|p1|Rillaboom, M|
|poke|p1|Iron Hands|
|poke|p1|Kingambit, M|
|poke|p2|Kyurem|
|poke|p2|Garganacl, M|
|poke|p2|Kingambit, M|
|poke|p2|Raging Bolt|
|poke|p2|Ogerpon-Wellspring, F|
|poke|p2|Ribombee, M|
|teampreview
|inactive|Battle timer is ON: inactive players will automatically lose when time's up. (requested by doctorrocket)
|inactive|the voiced concern also wants the timer to be on.
|
|t:|1758342276
|teamsize|p1|6
|teamsize|p2|6
|start
|switch|p1a: Ogerpon|Ogerpon-Cornerstone, F|100/100
|switch|p2a: Ribombee|Ribombee, M|100/100
|turn|1
|
|t:|1758342283
|move|p2a: Ribombee|Sticky Web|p1a: Ogerpon
|-sidestart|p1: the voiced concern|move: Sticky Web
|move|p1a: Ogerpon|Taunt|p2a: Ribombee
|-start|p2a: Ribombee|move: Taunt
|
|upkeep
|turn|2
|
|t:|1758342290
|switch|p2a: Garganacl|Garganacl, M|100/100
|move|p1a: Ogerpon|Ivy Cudgel|p2a: Garganacl|[anim] Ivy Cudgel Rock
|-damage|p2a: Garganacl|65/100
|
|-heal|p2a: Garganacl|71/100|[from] item: Leftovers
|upkeep
|turn|3
|
|t:|1758342297
|-terastallize|p2a: Garganacl|Ghost
|move|p1a: Ogerpon|Power Whip|p2a: Garganacl
|-damage|p2a: Garganacl|28/100
|move|p2a: Garganacl|Recover|p2a: Garganacl
|-heal|p2a: Garganacl|78/100
|
|-heal|p2a: Garganacl|84/100|[from] item: Leftovers
|upkeep
|turn|4
|
|t:|1758342320
|move|p1a: Ogerpon|Ivy Cudgel|p2a: Garganacl|[anim] Ivy Cudgel Rock
|-crit|p2a: Garganacl
|-damage|p2a: Garganacl|33/100
|move|p2a: Garganacl|Iron Defense|p2a: Garganacl
|-boost|p2a: Garganacl|def|2
|
|-heal|p2a: Garganacl|40/100|[from] item: Leftovers
|upkeep
|turn|5
|
|t:|1758342327
|move|p1a: Ogerpon|Taunt|p2a: Garganacl
|-start|p2a: Garganacl|move: Taunt
|cant|p2a: Garganacl|move: Taunt|Recover
|
|-heal|p2a: Garganacl|46/100|[from] item: Leftovers
|upkeep
|turn|6
|
|t:|1758342341
|move|p1a: Ogerpon|Power Whip|p2a: Garganacl
|-damage|p2a: Garganacl|23/100
|move|p2a: Garganacl|Body Press|p1a: Ogerpon
|-supereffective|p1a: Ogerpon
|-ability|p1a: Ogerpon|Sturdy
|-damage|p1a: Ogerpon|1/100
|
|-heal|p2a: Garganacl|29/100|[from] item: Leftovers
|upkeep
|turn|7
|
|t:|1758342358
|move|p1a: Ogerpon|Ivy Cudgel|p2a: Garganacl|[anim] Ivy Cudgel Rock
|-damage|p2a: Garganacl|11/100
|move|p2a: Garganacl|Salt Cure|p1a: Ogerpon
|-damage|p1a: Ogerpon|0 fnt
|faint|p1a: Ogerpon
|
|-heal|p2a: Garganacl|17/100|[from] item: Leftovers
|-end|p2a: Garganacl|move: Taunt
|upkeep
|inactive|the voiced concern has 120 seconds left.
|
|t:|1758342385
|switch|p1a: Iron Moth|Iron Moth|100/100
|-activate|p1a: Iron Moth|move: Sticky Web
|-unboost|p1a: Iron Moth|spe|1
|-enditem|p1a: Iron Moth|Booster Energy
|-activate|p1a: Iron Moth|ability: Quark Drive|[fromitem]
|-start|p1a: Iron Moth|quarkdrivespa
|turn|8
|inactive|the voiced concern has 120 seconds left.
|
|t:|1758342392
|move|p1a: Iron Moth|Fiery Dance|p2a: Garganacl
|-damage|p2a: Garganacl|0 fnt
|faint|p2a: Garganacl
|
|upkeep
|
|t:|1758342396
|switch|p2a: Ogerpon|Ogerpon-Wellspring, F|100/100
|turn|9
|inactive|the voiced concern has 120 seconds left.
|
|t:|1758342412
|move|p2a: Ogerpon|Ivy Cudgel|p1a: Iron Moth|[anim] Ivy Cudgel Water
|-supereffective|p1a: Iron Moth
|-damage|p1a: Iron Moth|0 fnt
|faint|p1a: Iron Moth
|-end|p1a: Iron Moth|Quark Drive|[silent]
|
|upkeep
|inactive|the voiced concern has 120 seconds left.
|
|t:|1758342432
|switch|p1a: Rillaboom|Rillaboom, M|100/100
|-activate|p1a: Rillaboom|move: Sticky Web
|-unboost|p1a: Rillaboom|spe|1
|-fieldstart|move: Grassy Terrain|[from] ability: Grassy Surge|[of] p1a: Rillaboom
|turn|10
|
|t:|1758342439
|switch|p2a: Ribombee|Ribombee, M|100/100
|move|p1a: Rillaboom|Swords Dance|p1a: Rillaboom
|-boost|p1a: Rillaboom|atk|2
|
|upkeep
|turn|11
|
|t:|1758342447
|move|p2a: Ribombee|Trick|p1a: Rillaboom
|-activate|p2a: Ribombee|move: Trick|[of] p1a: Rillaboom
|-item|p1a: Rillaboom|Choice Specs|[from] move: Trick
|-item|p2a: Ribombee|Life Orb|[from] move: Trick
|move|p1a: Rillaboom|Swords Dance|p1a: Rillaboom
|-boost|p1a: Rillaboom|atk|2
|
|upkeep
|turn|12
|inactive|the voiced concern has 120 seconds left.
|
|t:|1758342468
|move|p2a: Ribombee|Psychic|p1a: Rillaboom
|-damage|p1a: Rillaboom|56/100
|-damage|p2a: Ribombee|91/100|[from] item: Life Orb
|move|p1a: Rillaboom|Swords Dance|p1a: Rillaboom
|-boost|p1a: Rillaboom|atk|2
|
|-heal|p2a: Ribombee|97/100|[from] Grassy Terrain
|-heal|p1a: Rillaboom|62/100|[from] Grassy Terrain
|upkeep
|turn|13
|
|t:|1758342478
|switch|p1a: Guts|Kingambit, M|100/100
|-activate|p1a: Guts|move: Sticky Web
|-unboost|p1a: Guts|spe|1
|-activate|p1a: Guts|ability: Supreme Overlord
|-start|p1a: Guts|fallen2|[silent]
|move|p2a: Ribombee|Moonblast|p1a: Guts
|-damage|p1a: Guts|38/100
|-damage|p2a: Ribombee|87/100|[from] item: Life Orb
|
|-heal|p2a: Ribombee|93/100|[from] Grassy Terrain
|-heal|p1a: Guts|44/100|[from] Grassy Terrain
|upkeep
|turn|14
|
|t:|1758342493
|move|p1a: Guts|Sucker Punch|p2a: Ribombee
|-resisted|p2a: Ribombee
|-damage|p2a: Ribombee|46/100
|move|p2a: Ribombee|Moonblast|p1a: Guts
|-damage|p1a: Guts|0 fnt
|faint|p1a: Guts
|-end|p1a: Guts|fallen2|[silent]
|-damage|p2a: Ribombee|37/100|[from] item: Life Orb
|
|-heal|p2a: Ribombee|43/100|[from] Grassy Terrain
|-fieldend|move: Grassy Terrain
|upkeep
|inactive|the voiced concern has 90 seconds left.
|
|t:|1758342519
|switch|p1a: Rillaboom|Rillaboom, M|62/100
|-activate|p1a: Rillaboom|move: Sticky Web
|-unboost|p1a: Rillaboom|spe|1
|-fieldstart|move: Grassy Terrain|[from] ability: Grassy Surge|[of] p1a: Rillaboom
|turn|15
|inactive|the voiced concern has 90 seconds left.
|
|t:|1758342533
|move|p1a: Rillaboom|Grassy Glide|p2a: Ribombee
|-resisted|p2a: Ribombee
|-damage|p2a: Ribombee|7/100
|move|p2a: Ribombee|Moonblast|p1a: Rillaboom
|-damage|p1a: Rillaboom|0 fnt
|faint|p1a: Rillaboom
|-damage|p2a: Ribombee|0 fnt|[from] item: Life Orb
|faint|p2a: Ribombee
|
|upkeep
|inactive|the voiced concern has 90 seconds left.
|
|t:|1758342553
|switch|p2a: Raging Bolt|Raging Bolt|100/100
|switch|p1a: Ceruledge|Ceruledge, M, shiny|100/100
|-activate|p1a: Ceruledge|move: Sticky Web
|-unboost|p1a: Ceruledge|spe|1
|turn|16
|
|t:|1758342561
|move|p1a: Ceruledge|Poltergeist|p2a: Raging Bolt
|-activate|p2a: Raging Bolt|move: Poltergeist|Life Orb
|-damage|p2a: Raging Bolt|52/100
|move|p2a: Raging Bolt|Calm Mind|p2a: Raging Bolt
|-boost|p2a: Raging Bolt|spa|1
|-boost|p2a: Raging Bolt|spd|1
|
|-heal|p2a: Raging Bolt|58/100|[from] Grassy Terrain
|upkeep
|turn|17
|
|t:|1758342580
|move|p1a: Ceruledge|Swords Dance|p1a: Ceruledge
|-boost|p1a: Ceruledge|atk|2
|move|p2a: Raging Bolt|Dragon Pulse|p1a: Ceruledge
|-enditem|p1a: Ceruledge|Focus Sash
|-damage|p1a: Ceruledge|1/100
|-damage|p2a: Raging Bolt|49/100|[from] item: Life Orb
|
|-heal|p1a: Ceruledge|7/100|[from] Grassy Terrain
|-heal|p2a: Raging Bolt|55/100|[from] Grassy Terrain
|upkeep
|turn|18
|
|t:|1758342590
|move|p2a: Raging Bolt|Thunderclap||[still]
|-fail|p2a: Raging Bolt
|move|p1a: Ceruledge|Swords Dance|p1a: Ceruledge
|-boost|p1a: Ceruledge|atk|2
|
|-heal|p1a: Ceruledge|13/100|[from] Grassy Terrain
|-heal|p2a: Raging Bolt|61/100|[from] Grassy Terrain
|upkeep
|turn|19
|inactive|the voiced concern has 90 seconds left.
|
|t:|1758342597
|move|p1a: Ceruledge|Swords Dance|p1a: Ceruledge
|-boost|p1a: Ceruledge|atk|2
|move|p2a: Raging Bolt|Dragon Pulse|p1a: Ceruledge
|-damage|p1a: Ceruledge|0 fnt
|faint|p1a: Ceruledge
|-damage|p2a: Raging Bolt|51/100|[from] item: Life Orb
|
|-heal|p2a: Raging Bolt|57/100|[from] Grassy Terrain
|-fieldend|move: Grassy Terrain
|upkeep
|inactive|the voiced concern has 90 seconds left.
|
|t:|1758342606
|switch|p1a: Iron Hands|Iron Hands|100/100
|-activate|p1a: Iron Hands|move: Sticky Web
|-unboost|p1a: Iron Hands|spe|1
|turn|20
|
|t:|1758342611
|move|p2a: Raging Bolt|Dragon Pulse|p1a: Iron Hands
|-damage|p1a: Iron Hands|0 fnt
|faint|p1a: Iron Hands
|-end|p1a: Iron Hands|Quark Drive|[silent]
|-damage|p2a: Raging Bolt|47/100|[from] item: Life Orb
|
|win|doctorrocket
|raw|the voiced concern's rating: 1315 &rarr; <strong>1295</strong><br />(-20 for losing)
|raw|doctorrocket's rating: 1312 &rarr; <strong>1332</strong><br />(+20 for winning)
|l|☆the voiced concern
|player|p1|
|l|☆doctorrocket
|player|p2|
