|j|☆Trumpismessiah
|j|☆LEITDOLONG
|t:|1758240813
|gametype|singles
|player|p1|Trumpismessiah|102|1323
|player|p2|LEITDOLONG|ethan|1388
|gen|9
|tier|[Gen 9] OU
|rated|
|rule|HP Percentage Mod: HP is shown in percentages
|rule|Endless Battle Clause: Forcing endless battles is banned
|rule|Species Clause: Limit one of each Pokémon
|rule|OHKO Clause: OHKO moves are banned
|rule|Evasion Items Clause: Evasion items are banned
|rule|Evasion Moves Clause: Evasion moves are banned
|rule|Evasion Abilities Clause: Evasion abilities are banned
|rule|Sleep Moves Clause: Sleep-inducing moves are banned
|clearpoke
|poke|p1|Snorlax, F|
|poke|p1|Gengar, F|
|poke|p1|Moltres|
|poke|p1|Vileplume, F|
|poke|p1|Vaporeon, F|
|poke|p1|Tauros, M|
|poke|p2|Araquanid, M|
|poke|p2|Lokix, F|
|poke|p2|Great Tusk|
|poke|p2|Raging Bolt|
|poke|p2|Alomomola, F|
|poke|p2|Iron Crown|
|teampreview
|inactive|Battle timer is ON: inactive players will automatically lose when time's up. (requested by LEITDOLONG)
|
|t:|1758240836
|teamsize|p1|6
|teamsize|p2|6
|start
|switch|p1a: Tauros|Tauros, M|100/100
|switch|p2a: Araquanid|Araquanid, M|100/100
|turn|1
|
|t:|1758240843
|move|p1a: Tauros|Body Slam|p2a: Araquanid
|-damage|p2a: Araquanid|30/100
|-damage|p1a: Tauros|84/100|[from] item: Rocky Helmet|[of] p2a: Araquanid
|move|p2a: Araquanid|Sticky Web|p1a: Tauros
|-sidestart|p1: Trumpismessiah|move: Sticky Web
|
|upkeep
|turn|2
|
|t:|1758240851
|move|p1a: Tauros|Body Slam|p2a: Araquanid
|-damage|p2a: Araquanid|0 fnt
|-damage|p1a: Tauros|68/100|[from] item: Rocky Helmet|[of] p2a: Araquanid
|faint|p2a: Araquanid
|
|upkeep
|
|t:|1758240860
|switch|p2a: Lokix|Lokix, F|100/100
|turn|3
|
|t:|1758240863
|move|p2a: Lokix|First Impression|p1a: Tauros
|-damage|p1a: Tauros|15/100
|move|p1a: Tauros|Body Slam|p2a: Lokix
|-damage|p2a: Lokix|7/100
|
|upkeep
|turn|4
|
|t:|1758240869
|move|p2a: Lokix|Sucker Punch|p1a: Tauros
|-damage|p1a: Tauros|0 fnt
|faint|p1a: Tauros
|
|upkeep
|
|t:|1758240874
|switch|p1a: Vileplume|Vileplume, F|100/100
|-activate|p1a: Vileplume|move: Sticky Web
|-unboost|p1a: Vileplume|spe|1
|turn|5
|
|t:|1758240878
|move|p2a: Lokix|U-turn|p1a: Vileplume
|-damage|p1a: Vileplume|75/100
|-damage|p2a: Lokix|0 fnt|[from] item: Rocky Helmet|[of] p1a: Vileplume
|faint|p2a: Lokix
|move|p1a: Vileplume|Leech Seed|p2: Lokix|[notarget]
|-fail|p1a: Vileplume
|
|upkeep
|
|t:|1758240882
|switch|p2a: Iron Crown|Iron Crown|100/100
|turn|6
|
|t:|1758240885
|switch|p1a: Vaporeon|Vaporeon, F|100/100
|-activate|p1a: Vaporeon|move: Sticky Web
|-unboost|p1a: Vaporeon|spe|1
|move|p2a: Iron Crown|Agility|p2a: Iron Crown
|-boost|p2a: Iron Crown|spe|2
|
|upkeep
|turn|7
|
|t:|1758240888
|move|p2a: Iron Crown|Calm Mind|p2a: Iron Crown
|-boost|p2a: Iron Crown|spa|1
|-boost|p2a: Iron Crown|spd|1
|move|p1a: Vaporeon|Scald|p2a: Iron Crown
|-damage|p2a: Iron Crown|79/100
|
|-heal|p2a: Iron Crown|85/100|[from] item: Leftovers
|upkeep
|turn|8
|
|t:|1758240891
|move|p2a: Iron Crown|Calm Mind|p2a: Iron Crown
|-boost|p2a: Iron Crown|spa|1
|-boost|p2a: Iron Crown|spd|1
|move|p1a: Vaporeon|Scald|p2a: Iron Crown
|-damage|p2a: Iron Crown|71/100
|
|-heal|p2a: Iron Crown|77/100|[from] item: Leftovers
|upkeep
|turn|9
|
|t:|1758240893
|move|p2a: Iron Crown|Stored Power|p1a: Vaporeon
|-damage|p1a: Vaporeon|20/100
|move|p1a: Vaporeon|Shadow Ball|p2a: Iron Crown
|-supereffective|p2a: Iron Crown
|-damage|p2a: Iron Crown|54/100
|
|-heal|p2a: Iron Crown|61/100|[from] item: Leftovers
|-heal|p1a: Vaporeon|26/100|[from] item: Leftovers
|upkeep
|turn|10
|
|t:|1758240896
|move|p1a: Vaporeon|Protect|p1a: Vaporeon
|-singleturn|p1a: Vaporeon|Protect
|move|p2a: Iron Crown|Calm Mind|p2a: Iron Crown
|-boost|p2a: Iron Crown|spa|1
|-boost|p2a: Iron Crown|spd|1
|
|-heal|p2a: Iron Crown|67/100|[from] item: Leftovers
|-heal|p1a: Vaporeon|32/100|[from] item: Leftovers
|upkeep
|turn|11
|
|t:|1758240899
|move|p2a: Iron Crown|Stored Power|p1a: Vaporeon
|-damage|p1a: Vaporeon|0 fnt
|faint|p1a: Vaporeon
|
|-heal|p2a: Iron Crown|73/100|[from] item: Leftovers
|upkeep
|
|t:|1758240911
|switch|p1a: Gengar|Gengar, F|100/100
|-activate|p1a: Gengar|move: Sticky Web
|-unboost|p1a: Gengar|spe|1
|turn|12
|
|t:|1758240915
|move|p2a: Iron Crown|Tachyon Cutter|p1a: Gengar
|-enditem|p1a: Gengar|Focus Sash
|-damage|p1a: Gengar|1/100
|-damage|p1a: Gengar|0 fnt
|faint|p1a: Gengar
|-hitcount|p1: Gengar|2
|
|-heal|p2a: Iron Crown|79/100|[from] item: Leftovers
|upkeep
|
|t:|1758240917
|switch|p1a: Snorlax|Snorlax, F|100/100
|-activate|p1a: Snorlax|move: Sticky Web
|-unboost|p1a: Snorlax|spe|1
|turn|13
|
|t:|1758240921
|move|p2a: Iron Crown|Stored Power|p1a: Snorlax
|-damage|p1a: Snorlax|0 fnt
|faint|p1a: Snorlax
|
|-heal|p2a: Iron Crown|86/100|[from] item: Leftovers
|upkeep
|-message|Trumpismessiah forfeited.
|
|win|LEITDOLONG
|raw|Trumpismessiah's rating: 1323 &rarr; <strong>1307</strong><br />(-16 for losing)
|raw|LEITDOLONG's rating: 1388 &rarr; <strong>1404</strong><br />(+16 for winning)
|l|☆Trumpismessiah
|player|p1|
|l|☆LEITDOLONG
|player|p2|
