|j|☆malamarFriend25
|j|☆Uuds
|t:|1758341227
|gametype|singles
|player|p1|malamarFriend25|marley|1345
|player|p2|Uuds|bugcatcher-gen4dp|1404
|gen|9
|tier|[Gen 9] OU
|rated|
|rule|HP Percentage Mod: HP is shown in percentages
|rule|Endless Battle Clause: Forcing endless battles is banned
|rule|Species Clause: Limit one of each Pokémon
|rule|OHKO Clause: OHKO moves are banned
|rule|Evasion Items Clause: Evasion items are banned
|rule|Evasion Moves Clause: Evasion moves are banned
|rule|Evasion Abilities Clause: Evasion abilities are banned
|rule|Sleep Moves Clause: Sleep-inducing moves are banned
|clearpoke
|poke|p1|Malamar, F|
|poke|p1|Araquanid, M|
|poke|p1|Gengar, M|
|poke|p1|Iron Crown|
|poke|p1|Great Tusk|
|poke|p1|Dragonite, M|
|poke|p2|Yanmega, F|
|poke|p2|Landorus-Therian, M|
|poke|p2|Rillaboom, F|
|poke|p2|Cinderace, F|
|poke|p2|Hoopa-Unbound|
|poke|p2|Pecharunt|
|teampreview
|
|t:|1758341236
|teamsize|p1|6
|teamsize|p2|6
|start
|switch|p1a: Great Tusk|Great Tusk|100/100
|switch|p2a: Yanmega|Yanmega, F|100/100
|turn|1
|
|t:|1758341255
|-end|p1a: Great Tusk|Protosynthesis|[silent]
|switch|p1a: Iron Crown|Iron Crown|100/100
|-enditem|p1a: Iron Crown|Booster Energy
|-activate|p1a: Iron Crown|ability: Quark Drive|[fromitem]
|-start|p1a: Iron Crown|quarkdrivespe
|move|p2a: Yanmega|Psychic Noise|p1a: Iron Crown
|-resisted|p1a: Iron Crown
|-damage|p1a: Iron Crown|95/100
|-start|p1a: Iron Crown|move: Heal Block
|-enditem|p2a: Yanmega|Throat Spray
|-boost|p2a: Yanmega|spa|1|[from] item: Throat Spray
|
|-ability|p2a: Yanmega|Speed Boost|boost
|-boost|p2a: Yanmega|spe|1
|upkeep
|turn|2
|
|t:|1758341275
|move|p1a: Iron Crown|Tachyon Cutter|p2a: Yanmega
|-damage|p2a: Yanmega|64/100
|-damage|p2a: Yanmega|27/100
|-hitcount|p2a: Yanmega|2
|move|p2a: Yanmega|Bug Buzz|p1a: Iron Crown
|-damage|p1a: Iron Crown|25/100
|
|-end|p1a: Iron Crown|move: Heal Block
|-ability|p2a: Yanmega|Speed Boost|boost
|-boost|p2a: Yanmega|spe|1
|upkeep
|turn|3
|
|t:|1758341286
|move|p1a: Iron Crown|Tachyon Cutter|p2a: Yanmega
|-damage|p2a: Yanmega|0 fnt
|faint|p2a: Yanmega
|-hitcount|p2: Yanmega|1
|
|upkeep
|
|t:|1758341289
|switch|p2a: Cinderace|Cinderace, F|100/100
|turn|4
|
|t:|1758341293
|move|p1a: Iron Crown|Psychic|p2a: Cinderace
|-damage|p2a: Cinderace|43/100
|-unboost|p2a: Cinderace|spd|1
|move|p2a: Cinderace|Flare Blitz|p1a: Iron Crown
|-supereffective|p1a: Iron Crown
|-damage|p1a: Iron Crown|0 fnt
|faint|p1a: Iron Crown
|-end|p1a: Iron Crown|Quark Drive|[silent]
|-damage|p2a: Cinderace|33/100|[from] Recoil
|
|upkeep
|
|t:|1758341304
|switch|p1a: Great Tusk|Great Tusk|100/100
|turn|5
|
|t:|1758341308
|move|p2a: Cinderace|Will-O-Wisp|p1a: Great Tusk
|-status|p1a: Great Tusk|brn
|move|p1a: Great Tusk|Knock Off|p2a: Cinderace
|-damage|p2a: Cinderace|13/100
|-enditem|p2a: Cinderace|Heavy-Duty Boots|[from] move: Knock Off|[of] p1a: Great Tusk
|
|-damage|p1a: Great Tusk|94/100 brn|[from] brn
|upkeep
|turn|6
|
|t:|1758341314
|switch|p2a: Landorus|Landorus-Therian, M|100/100
|-ability|p2a: Landorus|Intimidate|boost
|-unboost|p1a: Great Tusk|atk|1
|move|p1a: Great Tusk|Stealth Rock|p2a: Landorus
|-sidestart|p2: Uuds|move: Stealth Rock
|
|-heal|p1a: Great Tusk|100/100 brn|[from] item: Leftovers
|-damage|p1a: Great Tusk|94/100 brn|[from] brn
|upkeep
|turn|7
|
|t:|1758341319
|-end|p1a: Great Tusk|Protosynthesis|[silent]
|switch|p1a: Araquanid|Araquanid, M|100/100
|move|p2a: Landorus|Stealth Rock|p1a: Araquanid
|-sidestart|p1: malamarFriend25|move: Stealth Rock
|
|upkeep
|turn|8
|
|t:|1758341323
|switch|p2a: Cinderace|Cinderace, F|13/100
|-damage|p2a: Cinderace|0 fnt|[from] Stealth Rock
|faint|p2a: Cinderace
|move|p1a: Araquanid|Liquidation|p2: Cinderace|[notarget]
|-fail|p1a: Araquanid
|
|upkeep
|
|t:|1758341329
|switch|p2a: Pecharunt|Pecharunt|100/100
|-damage|p2a: Pecharunt|88/100|[from] Stealth Rock
|turn|9
|
|t:|1758341342
|move|p2a: Pecharunt|Malignant Chain|p1a: Araquanid
|-damage|p1a: Araquanid|75/100
|-status|p1a: Araquanid|tox
|-start|p1a: Araquanid|confusion|[from] ability: Poison Puppeteer|[of] p2a: Pecharunt
|-activate|p1a: Araquanid|confusion
|move|p1a: Araquanid|Liquidation|p2a: Pecharunt
|-damage|p2a: Pecharunt|47/100
|
|-heal|p2a: Pecharunt|53/100|[from] item: Leftovers
|-damage|p1a: Araquanid|69/100 tox|[from] psn
|upkeep
|turn|10
|
|t:|1758341356
|switch|p1a: Great Tusk|Great Tusk|94/100 brn
|-damage|p1a: Great Tusk|91/100 brn|[from] Stealth Rock
|move|p2a: Pecharunt|Recover|p2a: Pecharunt
|-heal|p2a: Pecharunt|100/100
|
|-heal|p1a: Great Tusk|97/100 brn|[from] item: Leftovers
|-damage|p1a: Great Tusk|91/100 brn|[from] brn
|upkeep
|turn|11
|
|t:|1758341362
|move|p1a: Great Tusk|Knock Off|p2a: Pecharunt
|-supereffective|p2a: Pecharunt
|-damage|p2a: Pecharunt|87/100
|-enditem|p2a: Pecharunt|Leftovers|[from] move: Knock Off|[of] p1a: Great Tusk
|move|p2a: Pecharunt|Parting Shot|p1a: Great Tusk
|-unboost|p1a: Great Tusk|atk|1
|-unboost|p1a: Great Tusk|spa|1
|
|t:|1758341366
|switch|p2a: Landorus|Landorus-Therian, M|100/100|[from] Parting Shot
|-damage|p2a: Landorus|88/100|[from] Stealth Rock
|-ability|p2a: Landorus|Intimidate|boost
|-unboost|p1a: Great Tusk|atk|1
|
|-heal|p1a: Great Tusk|97/100 brn|[from] item: Leftovers
|-damage|p1a: Great Tusk|91/100 brn|[from] brn
|upkeep
|turn|12
|
|t:|1758341368
|move|p2a: Landorus|U-turn|p1a: Great Tusk
|-resisted|p1a: Great Tusk
|-damage|p1a: Great Tusk|84/100 brn
|
|t:|1758341370
|switch|p2a: Pecharunt|Pecharunt|87/100|[from] U-turn
|-damage|p2a: Pecharunt|74/100|[from] Stealth Rock
|move|p1a: Great Tusk|Rapid Spin|p2a: Pecharunt
|-immune|p2a: Pecharunt
|
|-heal|p1a: Great Tusk|90/100 brn|[from] item: Leftovers
|-damage|p1a: Great Tusk|84/100 brn|[from] brn
|upkeep
|turn|13
|
|t:|1758341380
|move|p1a: Great Tusk|Earthquake|p2a: Pecharunt
|-supereffective|p2a: Pecharunt
|-damage|p2a: Pecharunt|64/100
|move|p2a: Pecharunt|Shadow Ball|p1a: Great Tusk
|-damage|p1a: Great Tusk|53/100 brn
|-unboost|p1a: Great Tusk|spd|1
|
|-heal|p1a: Great Tusk|59/100 brn|[from] item: Leftovers
|-damage|p1a: Great Tusk|53/100 brn|[from] brn
|upkeep
|turn|14
|
|t:|1758341397
|-end|p1a: Great Tusk|Protosynthesis|[silent]
|switch|p1a: Malamar|Malamar, F, shiny|100/100
|-damage|p1a: Malamar|88/100|[from] Stealth Rock
|move|p2a: Pecharunt|Recover|p2a: Pecharunt
|-heal|p2a: Pecharunt|100/100
|
|upkeep
|turn|15
|
|t:|1758341405
|move|p2a: Pecharunt|Malignant Chain|p1a: Malamar
|-damage|p1a: Malamar|52/100
|-status|p1a: Malamar|tox
|-start|p1a: Malamar|confusion|[from] ability: Poison Puppeteer|[of] p2a: Pecharunt
|-activate|p1a: Malamar|confusion
|-damage|p1a: Malamar|40/100 tox|[from] confusion
|
|-damage|p1a: Malamar|34/100 tox|[from] psn
|upkeep
|turn|16
|
|t:|1758341424
|switch|p1a: Great Tusk|Great Tusk|53/100 brn
|-damage|p1a: Great Tusk|50/100 brn|[from] Stealth Rock
|move|p2a: Pecharunt|Malignant Chain|p1a: Great Tusk
|-resisted|p1a: Great Tusk
|-damage|p1a: Great Tusk|30/100 brn
|
|-heal|p1a: Great Tusk|36/100 brn|[from] item: Leftovers
|-damage|p1a: Great Tusk|30/100 brn|[from] brn
|upkeep
|turn|17
|
|t:|1758341436
|move|p1a: Great Tusk|Earthquake|p2a: Pecharunt
|-supereffective|p2a: Pecharunt
|-damage|p2a: Pecharunt|80/100
|move|p2a: Pecharunt|Shadow Ball|p1a: Great Tusk
|-damage|p1a: Great Tusk|0 fnt
|faint|p1a: Great Tusk
|-end|p1a: Great Tusk|Protosynthesis|[silent]
|
|upkeep
|
|t:|1758341442
|switch|p1a: Gengar|Gengar, M|100/100
|-damage|p1a: Gengar|88/100|[from] Stealth Rock
|turn|18
|
|t:|1758341445
|switch|p2a: Hoopa|Hoopa-Unbound|100/100
|-damage|p2a: Hoopa|88/100|[from] Stealth Rock
|move|p1a: Gengar|Shadow Ball|p2a: Hoopa
|-damage|p2a: Hoopa|50/100
|
|upkeep
|turn|19
|
|t:|1758341453
|switch|p1a: Malamar|Malamar, F, shiny|34/100 tox
|-damage|p1a: Malamar|22/100 tox|[from] Stealth Rock
|move|p2a: Hoopa|Dark Pulse|p1a: Malamar
|-damage|p1a: Malamar|0 fnt
|faint|p1a: Malamar
|
|upkeep
|
|t:|1758341460
|switch|p1a: Araquanid|Araquanid, M|69/100 tox
|-damage|p1a: Araquanid|44/100 tox|[from] Stealth Rock
|turn|20
|
|t:|1758341465
|move|p2a: Hoopa|Dark Pulse|p1a: Araquanid
|-damage|p1a: Araquanid|0 fnt
|faint|p1a: Araquanid
|
|upkeep
|
|t:|1758341471
|switch|p1a: Dragonite|Dragonite, M|100/100
|turn|21
|
|t:|1758341481
|move|p2a: Hoopa|Dark Pulse|p1a: Dragonite
|-damage|p1a: Dragonite|76/100
|move|p1a: Dragonite|Dragon Dance|p1a: Dragonite
|-boost|p1a: Dragonite|atk|1
|-boost|p1a: Dragonite|spe|1
|
|upkeep
|turn|22
|
|t:|1758341488
|-terastallize|p1a: Dragonite|Normal
|move|p1a: Dragonite|Extreme Speed|p2a: Hoopa
|-damage|p2a: Hoopa|0 fnt
|faint|p2a: Hoopa
|
|upkeep
|
|t:|1758341492
|switch|p2a: Landorus|Landorus-Therian, M|88/100
|-damage|p2a: Landorus|75/100|[from] Stealth Rock
|-ability|p2a: Landorus|Intimidate|boost
|-unboost|p1a: Dragonite|atk|1
|turn|23
|
|t:|1758341497
|-terastallize|p2a: Landorus|Ground
|move|p2a: Landorus|Earthquake|p1a: Dragonite
|-damage|p1a: Dragonite|3/100
|move|p1a: Dragonite|Dragon Dance|p1a: Dragonite
|-boost|p1a: Dragonite|atk|1
|-boost|p1a: Dragonite|spe|1
|
|upkeep
|turn|24
|
|t:|1758341504
|switch|p2a: Pecharunt|Pecharunt|80/100
|-damage|p2a: Pecharunt|68/100|[from] Stealth Rock
|move|p1a: Dragonite|Extreme Speed|p2a: Pecharunt
|-immune|p2a: Pecharunt
|
|upkeep
|turn|25
|
|t:|1758341507
|move|p1a: Dragonite|Earthquake|p2a: Pecharunt
|-supereffective|p2a: Pecharunt
|-damage|p2a: Pecharunt|17/100
|move|p2a: Pecharunt|Malignant Chain|p1a: Dragonite
|-damage|p1a: Dragonite|0 fnt
|faint|p1a: Dragonite
|
|upkeep
|
|t:|1758341511
|switch|p1a: Gengar|Gengar, M|88/100
|-damage|p1a: Gengar|76/100|[from] Stealth Rock
|turn|26
|
|t:|1758341516
|move|p1a: Gengar|Shadow Ball|p2a: Pecharunt
|-supereffective|p2a: Pecharunt
|-damage|p2a: Pecharunt|0 fnt
|faint|p2a: Pecharunt
|
|upkeep
|
|t:|1758341518
|switch|p2a: Landorus|Landorus-Therian, M, tera:Ground|75/100
|-damage|p2a: Landorus|69/100|[from] Stealth Rock
|-ability|p2a: Landorus|Intimidate|boost
|-unboost|p1a: Gengar|atk|1
|turn|27
|
|t:|1758341525
|move|p2a: Landorus|Earthquake|p1a: Gengar
|-supereffective|p1a: Gengar
|-damage|p1a: Gengar|0 fnt
|-start|p2a: Landorus|Disable|Earthquake|[from] ability: Cursed Body|[of] p1a: Gengar
|faint|p1a: Gengar
|
|win|Uuds
|raw|malamarFriend25's rating: 1345 &rarr; <strong>1328</strong><br />(-17 for losing)
|raw|Uuds's rating: 1404 &rarr; <strong>1421</strong><br />(+17 for winning)
|l|☆Uuds
|player|p2|
|l|☆malamarFriend25
|player|p1|
