|j|☆moutisma-water
|j|☆AdibUchiha
|t:|1758289526
|gametype|singles
|player|p1|moutisma-water|lucas|1193
|player|p2|AdibUchiha|veteran|1181
|gen|9
|tier|[Gen 9] OU
|rated|
|rule|HP Percentage Mod: HP is shown in percentages
|rule|Endless Battle Clause: Forcing endless battles is banned
|rule|Species Clause: Limit one of each Pokémon
|rule|OHKO Clause: OHKO moves are banned
|rule|Evasion Items Clause: Evasion items are banned
|rule|Evasion Moves Clause: Evasion moves are banned
|rule|Evasion Abilities Clause: Evasion abilities are banned
|rule|Sleep Moves Clause: Sleep-inducing moves are banned
|clearpoke
|poke|p1|Meowscarada, M|
|poke|p1|Incineroar, F|
|poke|p1|Raikou|
|poke|p1|Perrserker, M|
|poke|p1|Mew|
|poke|p1|Persian-Alola, M|
|poke|p2|Dragapult, M|
|poke|p2|Kingambit, M|
|poke|p2|Great Tusk|
|poke|p2|Toxapex, M|
|poke|p2|Hatterene, F|
|poke|p2|Meowscarada, M|
|teampreview
|
|t:|1758289553
|teamsize|p1|6
|teamsize|p2|6
|start
|switch|p1a: Miaw 🧱|Perrserker, M|100/100
|switch|p2a: Meowscarada|Meowscarada, M|100/100
|turn|1
|
|t:|1758289588
|move|p2a: Meowscarada|U-turn|p1a: Miaw 🧱
|-start|p2a: Meowscarada|typechange|Bug|[from] ability: Protean
|-resisted|p1a: Miaw 🧱
|-damage|p1a: Miaw 🧱|90/100
|
|t:|1758289601
|switch|p2a: Great Tusk|Great Tusk|100/100|[from] U-turn
|move|p1a: Miaw 🧱|Stealth Rock|p2a: Great Tusk
|-sidestart|p2: AdibUchiha|move: Stealth Rock
|
|-heal|p1a: Miaw 🧱|96/100|[from] item: Leftovers
|upkeep
|turn|2
|
|t:|1758289609
|switch|p1a: MIOW|Incineroar, F|100/100
|-ability|p1a: MIOW|Intimidate|boost
|-unboost|p2a: Great Tusk|atk|1
|move|p2a: Great Tusk|Body Press|p1a: MIOW
|-supereffective|p1a: MIOW
|-damage|p1a: MIOW|0 fnt
|faint|p1a: MIOW
|
|upkeep
|
|t:|1758289612
|switch|p1a: Miiiiiaaaaw|Meowscarada, M|100/100
|turn|3
|
|t:|1758289619
|move|p1a: Miiiiiaaaaw|Flower Trick|p2a: Great Tusk
|-start|p1a: Miiiiiaaaaw|typechange|Grass|[from] ability: Protean
|-supereffective|p2a: Great Tusk
|-crit|p2a: Great Tusk
|-damage|p2a: Great Tusk|37/100
|move|p2a: Great Tusk|Rapid Spin|p1a: Miiiiiaaaaw
|-crit|p1a: Miiiiiaaaaw
|-damage|p1a: Miiiiiaaaaw|65/100
|-boost|p2a: Great Tusk|spe|1
|-sideend|p2: AdibUchiha|Stealth Rock|[from] move: Rapid Spin|[of] p2a: Great Tusk
|
|-heal|p2a: Great Tusk|43/100|[from] item: Leftovers
|upkeep
|turn|4
|
|t:|1758289632
|switch|p1a: Persian|Persian-Alola, M|100/100
|move|p2a: Great Tusk|Body Press|p1a: Persian
|-supereffective|p1a: Persian
|-damage|p1a: Persian|25/100
|
|-heal|p2a: Great Tusk|49/100|[from] item: Leftovers
|upkeep
|turn|5
|
|t:|1758289640
|move|p1a: Persian|Parting Shot|p2a: Great Tusk
|-unboost|p2a: Great Tusk|atk|1
|-unboost|p2a: Great Tusk|spa|1
|
|t:|1758289649
|switch|p1a: Mew mew|Mew|100/100|[from] Parting Shot
|move|p2a: Great Tusk|Body Press|p1a: Mew mew
|-resisted|p1a: Mew mew
|-damage|p1a: Mew mew|79/100
|
|-heal|p2a: Great Tusk|56/100|[from] item: Leftovers
|upkeep
|turn|6
|
|t:|1758289660
|move|p1a: Mew mew|Psychic|p2a: Great Tusk
|-supereffective|p2a: Great Tusk
|-damage|p2a: Great Tusk|0 fnt
|faint|p2a: Great Tusk
|-end|p2a: Great Tusk|Protosynthesis|[silent]
|-damage|p1a: Mew mew|69/100|[from] item: Life Orb
|
|upkeep
|
|t:|1758289671
|switch|p2a: Meowscarada|Meowscarada, M|100/100
|turn|7
|
|t:|1758289677
|switch|p1a: Persian|Persian-Alola, M|25/100
|move|p2a: Meowscarada|Knock Off|p1a: Persian
|-start|p2a: Meowscarada|typechange|Dark|[from] ability: Protean
|-resisted|p1a: Persian
|-damage|p1a: Persian|6/100
|-enditem|p1a: Persian|Choice Specs|[from] move: Knock Off|[of] p2a: Meowscarada
|
|upkeep
|turn|8
|
|t:|1758289685
|move|p2a: Meowscarada|Knock Off|p1a: Persian
|-resisted|p1a: Persian
|-damage|p1a: Persian|0 fnt
|faint|p1a: Persian
|
|upkeep
|
|t:|1758289692
|switch|p1a: Miiiiiaaaaw|Meowscarada, M|65/100
|turn|9
|
|t:|1758289695
|move|p2a: Meowscarada|Knock Off|p1a: Miiiiiaaaaw
|-resisted|p1a: Miiiiiaaaaw
|-damage|p1a: Miiiiiaaaaw|32/100
|-enditem|p1a: Miiiiiaaaaw|Choice Band|[from] move: Knock Off|[of] p2a: Meowscarada
|move|p1a: Miiiiiaaaaw|U-turn|p2a: Meowscarada
|-start|p1a: Miiiiiaaaaw|typechange|Bug|[from] ability: Protean
|-supereffective|p2a: Meowscarada
|-crit|p2a: Meowscarada
|-damage|p2a: Meowscarada|0 fnt
|faint|p2a: Meowscarada
|
|t:|1758289705
|switch|p1a: Miaw 🧱|Perrserker, M|96/100|[from] U-turn
|
|-heal|p1a: Miaw 🧱|100/100|[from] item: Leftovers
|upkeep
|
|t:|1758289715
|switch|p2a: Hatterene|Hatterene, F|100/100
|turn|10
|
|t:|1758289723
|-terastallize|p2a: Hatterene|Psychic
|move|p1a: Miaw 🧱|Iron Head|p2a: Hatterene
|-damage|p2a: Hatterene|56/100
|move|p2a: Hatterene|Mystical Fire|p1a: Miaw 🧱
|-supereffective|p1a: Miaw 🧱
|-damage|p1a: Miaw 🧱|34/100
|-unboost|p1a: Miaw 🧱|spa|1
|
|-heal|p1a: Miaw 🧱|40/100|[from] item: Leftovers
|-heal|p2a: Hatterene|62/100|[from] item: Leftovers
|upkeep
|turn|11
|
|t:|1758289733
|move|p1a: Miaw 🧱|U-turn|p2a: Hatterene
|-supereffective|p2a: Hatterene
|-damage|p2a: Hatterene|12/100
|
|t:|1758289736
|switch|p1a: MIAW|Raikou|100/100|[from] U-turn
|-ability|p1a: MIAW|Pressure
|move|p2a: Hatterene|Mystical Fire|p1a: MIAW
|-damage|p1a: MIAW|85/100
|-unboost|p1a: MIAW|spa|1
|
|-heal|p2a: Hatterene|17/100|[from] item: Leftovers
|upkeep
|turn|12
|
|t:|1758289746
|move|p1a: MIAW|Volt Switch|p2a: Hatterene
|-damage|p2a: Hatterene|1/100
|
|t:|1758289753
|switch|p1a: Miiiiiaaaaw|Meowscarada, M|32/100|[from] Volt Switch
|move|p2a: Hatterene|Draining Kiss|p1a: Miiiiiaaaaw
|-supereffective|p1a: Miiiiiaaaaw
|-damage|p1a: Miiiiiaaaaw|0 fnt
|-heal|p2a: Hatterene|23/100|[from] drain|[of] p1a: Miiiiiaaaaw
|faint|p1a: Miiiiiaaaaw
|
|-heal|p2a: Hatterene|29/100|[from] item: Leftovers
|upkeep
|
|t:|1758289757
|switch|p1a: MIAW|Raikou|85/100
|-ability|p1a: MIAW|Pressure
|turn|13
|
|t:|1758289768
|move|p1a: MIAW|Volt Switch|p2a: Hatterene
|-damage|p2a: Hatterene|5/100
|
|t:|1758289772
|switch|p1a: Miaw 🧱|Perrserker, M|40/100|[from] Volt Switch
|move|p2a: Hatterene|Mystical Fire|p1a: Miaw 🧱
|-supereffective|p1a: Miaw 🧱
|-damage|p1a: Miaw 🧱|0 fnt
|faint|p1a: Miaw 🧱
|
|-heal|p2a: Hatterene|11/100|[from] item: Leftovers
|upkeep
|
|t:|1758289774
|switch|p1a: MIAW|Raikou|85/100
|-ability|p1a: MIAW|Pressure
|turn|14
|
|t:|1758289783
|move|p1a: MIAW|Discharge|p2a: Hatterene
|-damage|p2a: Hatterene|0 fnt
|faint|p2a: Hatterene
|
|upkeep
|
|t:|1758289788
|switch|p2a: Dragapult|Dragapult, M|100/100
|turn|15
|inactive|Battle timer is ON: inactive players will automatically lose when time's up. (requested by AdibUchiha)
|
|t:|1758289829
|move|p2a: Dragapult|Draco Meteor|p1a: MIAW
|-damage|p1a: MIAW|33/100
|-unboost|p2a: Dragapult|spa|2
|-damage|p2a: Dragapult|91/100|[from] item: Life Orb
|move|p1a: MIAW|Discharge|p2a: Dragapult
|-resisted|p2a: Dragapult
|-damage|p2a: Dragapult|59/100
|
|upkeep
|turn|16
|
|t:|1758289838
|move|p2a: Dragapult|Dragon Darts|p1a: MIAW
|-damage|p1a: MIAW|0 fnt
|faint|p1a: MIAW
|-damage|p2a: Dragapult|50/100|[from] item: Life Orb
|
|upkeep
|
|t:|1758289840
|switch|p1a: Mew mew|Mew|69/100
|turn|17
|
|t:|1758289844
|-terastallize|p1a: Mew mew|Fairy
|move|p2a: Dragapult|Will-O-Wisp|p1a: Mew mew
|-status|p1a: Mew mew|brn
|-activate|p1a: Mew mew|ability: Synchronize
|-status|p2a: Dragapult|brn
|move|p1a: Mew mew|Nasty Plot|p1a: Mew mew
|-boost|p1a: Mew mew|spa|2
|
|-damage|p2a: Dragapult|44/100 brn|[from] brn
|-damage|p1a: Mew mew|62/100 brn|[from] brn
|upkeep
|turn|18
|
|t:|1758289854
|move|p2a: Dragapult|Shadow Ball|p1a: Mew mew
|-damage|p1a: Mew mew|37/100 brn
|-unboost|p1a: Mew mew|spd|1
|-damage|p2a: Dragapult|34/100 brn|[from] item: Life Orb
|move|p1a: Mew mew|Alluring Voice|p2a: Dragapult
|-supereffective|p2a: Dragapult
|-damage|p2a: Dragapult|0 fnt
|faint|p2a: Dragapult
|-damage|p1a: Mew mew|27/100 brn|[from] item: Life Orb
|
|-damage|p1a: Mew mew|21/100 brn|[from] brn
|upkeep
|
|t:|1758289861
|switch|p2a: Toxapex|Toxapex, M|100/100
|turn|19
|
|t:|1758289865
|move|p2a: Toxapex|Baneful Bunker|p2a: Toxapex
|-singleturn|p2a: Toxapex|move: Protect
|move|p1a: Mew mew|Psychic|p2a: Toxapex
|-activate|p2a: Toxapex|move: Protect
|
|-damage|p1a: Mew mew|15/100 brn|[from] brn
|upkeep
|turn|20
|
|t:|1758289872
|move|p1a: Mew mew|Vacuum Wave|p2a: Toxapex
|-resisted|p2a: Toxapex
|-damage|p2a: Toxapex|89/100
|-damage|p1a: Mew mew|5/100 brn|[from] item: Life Orb
|move|p2a: Toxapex|Surf|p1a: Mew mew
|-damage|p1a: Mew mew|0 fnt
|faint|p1a: Mew mew
|
|win|AdibUchiha
|raw|moutisma-water's rating: 1193 &rarr; <strong>1167</strong><br />(-26 for losing)
|raw|AdibUchiha's rating: 1181 &rarr; <strong>1207</strong><br />(+26 for winning)
|l|☆AdibUchiha
|player|p2|
