|j|☆Vk_XR
|j|☆Dhdjdmsmsska
|t:|1758351833
|gametype|singles
|player|p1|Vk_XR|102|1206
|player|p2|Dhdjdmsmsska|jacq|1099
|gen|9
|tier|[Gen 9] OU
|rated|
|rule|HP Percentage Mod: HP is shown in percentages
|rule|Endless Battle Clause: Forcing endless battles is banned
|rule|Species Clause: Limit one of each Pokémon
|rule|OHKO Clause: OHKO moves are banned
|rule|Evasion Items Clause: Evasion items are banned
|rule|Evasion Moves Clause: Evasion moves are banned
|rule|Evasion Abilities Clause: Evasion abilities are banned
|rule|Sleep Moves Clause: Sleep-inducing moves are banned
|clearpoke
|poke|p1|Gardevoir, F|
|poke|p1|Dragonite, F|
|poke|p1|Ogerpon-Wellspring, F|
|poke|p1|Kingambit, M|
|poke|p1|Okidogi, M|
|poke|p1|Heatran, F|
|poke|p2|Indeedee, M|
|poke|p2|Polteageist-Antique|
|poke|p2|Hatterene, F|
|poke|p2|Iron Boulder|
|poke|p2|Cinderace, M|
|poke|p2|Ogerpon-Wellspring, F|
|teampreview
|
|t:|1758351847
|teamsize|p1|6
|teamsize|p2|6
|start
|switch|p1a: Kingambit|Kingambit, M|100/100
|switch|p2a: Indeedee|Indeedee, M|100/100
|-fieldstart|move: Psychic Terrain|[from] ability: Psychic Surge|[of] p2a: Indeedee
|turn|1
|inactive|Battle timer is ON: inactive players will automatically lose when time's up. (requested by Dhdjdmsmsska)
|
|t:|1758351855
|switch|p2a: Hatterene|Hatterene, F, shiny|100/100
|move|p1a: Kingambit|Swords Dance|p1a: Kingambit
|-boost|p1a: Kingambit|atk|2
|
|upkeep
|turn|2
|
|t:|1758351861
|move|p1a: Kingambit|Iron Head|p2a: Hatterene
|-supereffective|p2a: Hatterene
|-damage|p2a: Hatterene|0 fnt
|faint|p2a: Hatterene
|
|upkeep
|
|t:|1758351865
|switch|p2a: Cinderace|Cinderace, M|100/100
|turn|3
|
|t:|1758351872
|-end|p1a: Kingambit|fallenundefined|[silent]
|switch|p1a: Ogerpon|Ogerpon-Wellspring, F|100/100
|move|p2a: Cinderace|High Jump Kick|p1a: Ogerpon
|-start|p2a: Cinderace|typechange|Fighting|[from] ability: Libero
|-damage|p1a: Ogerpon|16/100
|
|upkeep
|turn|4
|
|t:|1758351881
|move|p2a: Cinderace|U-turn|p1a: Ogerpon
|-supereffective|p1a: Ogerpon
|-damage|p1a: Ogerpon|0 fnt
|faint|p1a: Ogerpon
|
|t:|1758351900
|switch|p2a: Iron Boulder|Iron Boulder|100/100|[from] U-turn
|-enditem|p2a: Iron Boulder|Booster Energy
|-activate|p2a: Iron Boulder|ability: Quark Drive|[fromitem]
|-start|p2a: Iron Boulder|quarkdrivespe
|
|upkeep
|
|t:|1758351917
|switch|p1a: Heatran|Heatran, F|100/100
|-item|p1a: Heatran|Air Balloon
|turn|5
|
|t:|1758351923
|move|p2a: Iron Boulder|Swords Dance|p2a: Iron Boulder
|-boost|p2a: Iron Boulder|atk|2
|move|p1a: Heatran|Scorching Sands|p2a: Iron Boulder
|-supereffective|p2a: Iron Boulder
|-damage|p2a: Iron Boulder|44/100
|
|upkeep
|turn|6
|
|t:|1758351929
|move|p2a: Iron Boulder|Close Combat|p1a: Heatran
|-supereffective|p1a: Heatran
|-damage|p1a: Heatran|0 fnt
|-unboost|p2a: Iron Boulder|def|1
|-unboost|p2a: Iron Boulder|spd|1
|-enditem|p1a: Heatran|Air Balloon
|faint|p1a: Heatran
|
|upkeep
|
|t:|1758351939
|switch|p1a: Gardevoir|Gardevoir, F|100/100
|turn|7
|
|t:|1758351944
|move|p2a: Iron Boulder|Mighty Cleave|p1a: Gardevoir
|-enditem|p1a: Gardevoir|Focus Sash
|-damage|p1a: Gardevoir|1/100
|move|p1a: Gardevoir|Alluring Voice|p2a: Iron Boulder
|-damage|p2a: Iron Boulder|0 fnt
|faint|p2a: Iron Boulder
|-end|p2a: Iron Boulder|Quark Drive|[silent]
|
|upkeep
|
|t:|1758351952
|switch|p2a: Ogerpon|Ogerpon-Wellspring, F|100/100
|-ability|p1a: Gardevoir|Water Absorb|Trace|[from] ability: Trace|[of] p2a: Ogerpon
|turn|8
|
|t:|1758351958
|move|p2a: Ogerpon|Trailblaze|p1a: Gardevoir
|-damage|p1a: Gardevoir|0 fnt
|-boost|p2a: Ogerpon|spe|1
|faint|p1a: Gardevoir
|
|-fieldend|move: Psychic Terrain
|upkeep
|
|t:|1758351966
|switch|p1a: Dragonite|Dragonite, F|100/100
|turn|9
|
|t:|1758351971
|move|p2a: Ogerpon|Knock Off|p1a: Dragonite
|-damage|p1a: Dragonite|80/100
|-enditem|p1a: Dragonite|Heavy-Duty Boots|[from] move: Knock Off|[of] p2a: Ogerpon
|move|p1a: Dragonite|Dragon Dance|p1a: Dragonite
|-boost|p1a: Dragonite|atk|1
|-boost|p1a: Dragonite|spe|1
|
|upkeep
|turn|10
|
|t:|1758351979
|move|p2a: Ogerpon|Ivy Cudgel|p1a: Dragonite|[anim] Ivy Cudgel Water
|-resisted|p1a: Dragonite
|-damage|p1a: Dragonite|49/100
|move|p1a: Dragonite|Aerial Ace|p2a: Ogerpon
|-supereffective|p2a: Ogerpon
|-damage|p2a: Ogerpon|0 fnt
|faint|p2a: Ogerpon
|
|upkeep
|
|t:|1758351985
|switch|p2a: Indeedee|Indeedee, M|100/100
|-fieldstart|move: Psychic Terrain|[from] ability: Psychic Surge|[of] p2a: Indeedee
|turn|11
|
|t:|1758351994
|-terastallize|p1a: Dragonite|Steel
|move|p1a: Dragonite|Dragon Dance|p1a: Dragonite
|-boost|p1a: Dragonite|atk|1
|-boost|p1a: Dragonite|spe|1
|move|p2a: Indeedee|Encore|p1a: Dragonite
|-start|p1a: Dragonite|Encore
|
|upkeep
|turn|12
|
|t:|1758352004
|switch|p2a: Polteageist|Polteageist-Antique, shiny|100/100
|move|p1a: Dragonite|Dragon Dance|p1a: Dragonite
|-boost|p1a: Dragonite|atk|1
|-boost|p1a: Dragonite|spe|1
|
|upkeep
|turn|13
|
|t:|1758352016
|switch|p1a: Okidogi|Okidogi, M|100/100
|move|p2a: Polteageist|Shadow Ball|p1a: Okidogi
|-damage|p1a: Okidogi|47/100
|
|upkeep
|turn|14
|
|t:|1758352026
|move|p1a: Okidogi|Poison Jab|p2a: Polteageist
|-resisted|p2a: Polteageist
|-damage|p2a: Polteageist|64/100
|-ability|p2a: Polteageist|Weak Armor|boost
|-unboost|p2a: Polteageist|def|1
|-boost|p2a: Polteageist|spe|2
|move|p2a: Polteageist|Shell Smash|p2a: Polteageist
|-unboost|p2a: Polteageist|def|1
|-unboost|p2a: Polteageist|spd|1
|-boost|p2a: Polteageist|atk|2
|-boost|p2a: Polteageist|spa|2
|-boost|p2a: Polteageist|spe|2
|
|upkeep
|turn|15
|
|t:|1758352039
|move|p2a: Polteageist|Shadow Ball|p1a: Okidogi
|-damage|p1a: Okidogi|0 fnt
|faint|p1a: Okidogi
|
|upkeep
|
|t:|1758352045
|switch|p1a: Kingambit|Kingambit, M|100/100
|-activate|p1a: Kingambit|ability: Supreme Overlord
|-start|p1a: Kingambit|fallen4|[silent]
|turn|16
|
|t:|1758352053
|-terastallize|p2a: Polteageist|Fighting
|move|p2a: Polteageist|Tera Blast|p1a: Kingambit|[anim] Tera Blast Fighting
|-supereffective|p1a: Kingambit
|-damage|p1a: Kingambit|0 fnt
|faint|p1a: Kingambit
|-end|p1a: Kingambit|fallen4|[silent]
|
|upkeep
|
|t:|1758352061
|switch|p1a: Dragonite|Dragonite, F, tera:Steel|49/100
|turn|17
|
|t:|1758352067
|move|p2a: Polteageist|Shadow Ball|p1a: Dragonite
|-damage|p1a: Dragonite|0 fnt
|faint|p1a: Dragonite
|
|win|Dhdjdmsmsska
|raw|Vk_XR's rating: 1206 &rarr; <strong>1174</strong><br />(-32 for losing)
|raw|Dhdjdmsmsska's rating: 1099 &rarr; <strong>1132</strong><br />(+33 for winning)
|c|☆Vk_XR|damn.gg
|l|☆Vk_XR
|player|p1|
