|j|☆RugzV
|j|☆marix_ou
|t:|1758303223
|gametype|singles
|player|p1|RugzV|gentleman-gen4|1165
|player|p2|marix_ou|wattson|1206
|gen|9
|tier|[Gen 9] OU
|rated|
|rule|HP Percentage Mod: HP is shown in percentages
|rule|Endless Battle Clause: Forcing endless battles is banned
|rule|Species Clause: Limit one of each Pokémon
|rule|OHKO Clause: OHKO moves are banned
|rule|Evasion Items Clause: Evasion items are banned
|rule|Evasion Moves Clause: Evasion moves are banned
|rule|Evasion Abilities Clause: Evasion abilities are banned
|rule|Sleep Moves Clause: Sleep-inducing moves are banned
|clearpoke
|poke|p1|Clodsire, F|
|poke|p1|Meowscarada, M|
|poke|p1|Alomomola, F|
|poke|p1|Enamorus-Therian, F|
|poke|p1|Ceruledge, F|
|poke|p1|Reuniclus, F|
|poke|p2|Kingambit, F|
|poke|p2|Great Tusk|
|poke|p2|Dragonite, M|
|poke|p2|Iron Moth|
|poke|p2|Primarina, F|
|poke|p2|Kommo-o, F|
|teampreview
|inactive|Battle timer is ON: inactive players will automatically lose when time's up. (requested by RugzV)
|
|t:|1758303256
|teamsize|p1|6
|teamsize|p2|6
|start
|switch|p1a: Purrfecto|Meowscarada, M|100/100
|switch|p2a: Kommo-o|Kommo-o, F|100/100
|turn|1
|
|t:|1758303276
|move|p1a: Purrfecto|Triple Axel|p2a: Kommo-o
|-start|p1a: Purrfecto|typechange|Ice|[from] ability: Protean
|-supereffective|p2a: Kommo-o
|-damage|p2a: Kommo-o|81/100
|-supereffective|p2a: Kommo-o
|-damage|p2a: Kommo-o|46/100
|-hitcount|p2a: Kommo-o|2
|move|p2a: Kommo-o|Clangorous Soul|p2a: Kommo-o
|-boost|p2a: Kommo-o|atk|1
|-boost|p2a: Kommo-o|def|1
|-boost|p2a: Kommo-o|spa|1
|-boost|p2a: Kommo-o|spd|1
|-boost|p2a: Kommo-o|spe|1
|-damage|p2a: Kommo-o|13/100
|
|upkeep
|turn|2
|
|t:|1758303291
|move|p1a: Purrfecto|Triple Axel|p2a: Kommo-o
|-supereffective|p2a: Kommo-o
|-damage|p2a: Kommo-o|0 fnt
|faint|p2a: Kommo-o
|-hitcount|p2: Kommo-o|1
|
|upkeep
|
|t:|1758303304
|switch|p2a: Meruem|Kingambit, F|100/100
|-activate|p2a: Meruem|ability: Supreme Overlord
|-start|p2a: Meruem|fallen1|[silent]
|turn|3
|
|t:|1758303318
|switch|p1a: Embybro|Reuniclus, F|100/100
|move|p2a: Meruem|Swords Dance|p2a: Meruem
|-boost|p2a: Meruem|atk|2
|
|upkeep
|turn|4
|
|t:|1758303325
|-terastallize|p1a: Embybro|Fighting
|move|p2a: Meruem|Kowtow Cleave|p1a: Embybro
|-resisted|p1a: Embybro
|-damage|p1a: Embybro|44/100
|move|p1a: Embybro|Focus Blast|p2a: Meruem
|-supereffective|p2a: Meruem
|-damage|p2a: Meruem|0 fnt
|faint|p2a: Meruem
|-end|p2a: Meruem|fallen1|[silent]
|
|upkeep
|
|t:|1758303335
|switch|p2a: Anomаly|Iron Moth|100/100
|-enditem|p2a: Anomаly|Booster Energy
|-activate|p2a: Anomаly|ability: Quark Drive|[fromitem]
|-start|p2a: Anomаly|quarkdrivespe
|turn|5
|
|t:|1758303340
|switch|p1a: Spookilla|Ceruledge, F|100/100
|move|p2a: Anomаly|Dazzling Gleam|p1a: Spookilla
|-resisted|p1a: Spookilla
|-damage|p1a: Spookilla|86/100
|
|upkeep
|turn|6
|
|t:|1758303347
|-end|p2a: Anomаly|Quark Drive|[silent]
|switch|p2a: Anomaly|Great Tusk|100/100
|-enditem|p2a: Anomaly|Booster Energy
|-activate|p2a: Anomaly|ability: Protosynthesis|[fromitem]
|-start|p2a: Anomaly|protosynthesisatk
|move|p1a: Spookilla|Bitter Blade|p2a: Anomaly
|-damage|p2a: Anomaly|67/100
|-heal|p1a: Spookilla|100/100|[from] drain|[of] p2a: Anomaly
|
|upkeep
|turn|7
|
|t:|1758303357
|switch|p1a: Bigfish|Alomomola, F|100/100
|move|p2a: Anomaly|Headlong Rush|p1a: Bigfish
|-damage|p1a: Bigfish|55/100
|-unboost|p2a: Anomaly|def|1
|-unboost|p2a: Anomaly|spd|1
|-damage|p2a: Anomaly|51/100|[from] item: Rocky Helmet|[of] p1a: Bigfish
|
|upkeep
|turn|8
|
|t:|1758303370
|-end|p2a: Anomaly|Protosynthesis|[silent]
|switch|p2a: Siren|Primarina, F|100/100
|move|p1a: Bigfish|Flip Turn|p2a: Siren
|-resisted|p2a: Siren
|-damage|p2a: Siren|90/100
|
|t:|1758303378
|switch|p1a: Clodders|Clodsire, F|100/100|[from] Flip Turn
|
|upkeep
|turn|9
|
|t:|1758303394
|switch|p2a: Anomaly|Great Tusk|51/100
|move|p1a: Clodders|Toxic|p2a: Anomaly
|-status|p2a: Anomaly|tox
|
|-damage|p2a: Anomaly|44/100 tox|[from] psn
|upkeep
|turn|10
|
|t:|1758303411
|switch|p1a: Bigfish|Alomomola, F|88/100
|move|p2a: Anomaly|Headlong Rush|p1a: Bigfish
|-damage|p1a: Bigfish|56/100
|-unboost|p2a: Anomaly|def|1
|-unboost|p2a: Anomaly|spd|1
|-damage|p2a: Anomaly|28/100 tox|[from] item: Rocky Helmet|[of] p1a: Bigfish
|
|-damage|p2a: Anomaly|16/100 tox|[from] psn
|upkeep
|turn|11
|
|t:|1758303422
|-end|p2a: Anomaly|Protosynthesis|[silent]
|switch|p2a: Siren|Primarina, F|90/100
|move|p1a: Bigfish|Flip Turn|p2a: Siren
|-resisted|p2a: Siren
|-damage|p2a: Siren|78/100
|
|t:|1758303429
|switch|p1a: Clodders|Clodsire, F|100/100|[from] Flip Turn
|
|upkeep
|turn|12
|
|t:|1758303444
|move|p2a: Siren|Psychic Noise|p1a: Clodders
|-supereffective|p1a: Clodders
|-damage|p1a: Clodders|72/100
|-start|p1a: Clodders|move: Heal Block
|move|p1a: Clodders|Stealth Rock|p2a: Siren
|-sidestart|p2: marix_ou|move: Stealth Rock
|
|upkeep
|turn|13
|
|t:|1758303452
|move|p2a: Siren|Surf|p1a: Clodders
|-immune|p1a: Clodders|[from] ability: Water Absorb
|move|p1a: Clodders|Toxic|p2a: Siren
|-status|p2a: Siren|tox
|
|-damage|p2a: Siren|72/100 tox|[from] psn
|-end|p1a: Clodders|move: Heal Block
|upkeep
|turn|14
|
|t:|1758303462
|switch|p2a: Anomaly|Great Tusk|16/100 tox
|-damage|p2a: Anomaly|13/100 tox|[from] Stealth Rock
|move|p1a: Clodders|Earthquake|p2a: Anomaly
|-damage|p2a: Anomaly|0 fnt
|faint|p2a: Anomaly
|-end|p2a: Anomaly|Protosynthesis|[silent]
|
|-heal|p1a: Clodders|78/100|[from] item: Leftovers
|upkeep
|
|t:|1758303477
|switch|p2a: Anomаly|Iron Moth|100/100
|-damage|p2a: Anomаly|76/100|[from] Stealth Rock
|turn|15
|
|t:|1758303485
|switch|p1a: Spookilla|Ceruledge, F|100/100
|-terastallize|p2a: Anomаly|Flying
|move|p2a: Anomаly|Fiery Dance|p1a: Spookilla
|-start|p1a: Spookilla|ability: Flash Fire
|
|upkeep
|turn|16
|inactive|marix_ou has 120 seconds left.
|
|t:|1758303523
|move|p2a: Anomаly|Sludge Wave|p1a: Spookilla
|-resisted|p1a: Spookilla
|-crit|p1a: Spookilla
|-damage|p1a: Spookilla|55/100
|move|p1a: Spookilla|Swords Dance|p1a: Spookilla
|-boost|p1a: Spookilla|atk|2
|
|upkeep
|turn|17
|inactive|marix_ou has 120 seconds left.
|
|t:|1758303532
|move|p2a: Anomаly|Sludge Wave|p1a: Spookilla
|-resisted|p1a: Spookilla
|-damage|p1a: Spookilla|25/100
|-status|p1a: Spookilla|psn
|move|p1a: Spookilla|Bitter Blade|p2a: Anomаly
|-damage|p2a: Anomаly|0 fnt
|-heal|p1a: Spookilla|64/100 psn|[from] drain|[of] p2a: Anomаly
|faint|p2a: Anomаly
|-end|p2a: Anomаly|Quark Drive|[silent]
|
|-damage|p1a: Spookilla|52/100 psn|[from] psn
|upkeep
|inactive|marix_ou has 120 seconds left.
|
|t:|1758303541
|switch|p2a: Yoshi|Dragonite, M, shiny|100/100
|-damage|p2a: Yoshi|76/100|[from] Stealth Rock
|turn|18
|
|t:|1758303553
|move|p1a: Spookilla|Shadow Sneak|p2a: Yoshi
|-damage|p2a: Yoshi|37/100
|move|p2a: Yoshi|Dragon Dance|p2a: Yoshi
|-boost|p2a: Yoshi|atk|1
|-boost|p2a: Yoshi|spe|1
|
|-damage|p1a: Spookilla|39/100 psn|[from] psn
|upkeep
|turn|19
|
|t:|1758303572
|move|p1a: Spookilla|Shadow Sneak|p2a: Yoshi
|-damage|p2a: Yoshi|0 fnt
|faint|p2a: Yoshi
|
|-damage|p1a: Spookilla|27/100 psn|[from] psn
|upkeep
|-message|marix_ou forfeited.
|
|win|RugzV
|raw|RugzV's rating: 1165 &rarr; <strong>1193</strong><br />(+28 for winning)
|raw|marix_ou's rating: 1206 &rarr; <strong>1178</strong><br />(-28 for losing)
|l|☆marix_ou
|player|p2|
|l|☆RugzV
|player|p1|
