|j|☆BabyGronkel
|j|☆FrankieX99
|t:|1758235742
|gametype|singles
|player|p1|BabyGronkel|juan|1099
|player|p2|FrankieX99|cynthia-gen4|1141
|gen|9
|tier|[Gen 9] OU
|rated|
|rule|HP Percentage Mod: HP is shown in percentages
|rule|Endless Battle Clause: Forcing endless battles is banned
|rule|Species Clause: Limit one of each Pokémon
|rule|OHKO Clause: OHKO moves are banned
|rule|Evasion Items Clause: Evasion items are banned
|rule|Evasion Moves Clause: Evasion moves are banned
|rule|Evasion Abilities Clause: Evasion abilities are banned
|rule|Sleep Moves Clause: Sleep-inducing moves are banned
|clearpoke
|poke|p1|Hydreigon, M|
|poke|p1|Iron Leaves|
|poke|p1|Keldeo-Resolute|
|poke|p1|Palossand, F|
|poke|p1|Oricorio, M|
|poke|p1|Kleavor, F|
|poke|p2|Deoxys-Speed|
|poke|p2|Iron Valiant|
|poke|p2|Scizor, M|
|poke|p2|Alomomola, M|
|poke|p2|Darkrai|
|poke|p2|Dragapult, M|
|teampreview
|
|t:|1758235748
|teamsize|p1|6
|teamsize|p2|6
|start
|switch|p1a: Vaike|Kleavor, F|100/100
|switch|p2a: Deoxys|Deoxys-Speed|100/100
|-ability|p2a: Deoxys|Pressure
|turn|1
|
|t:|1758235754
|switch|p2a: Alomomola|Alomomola, M|100/100
|move|p1a: Vaike|Stone Axe|p2a: Alomomola
|-damage|p2a: Alomomola|71/100
|-sidestart|p2: FrankieX99|move: Stealth Rock
|
|-heal|p2a: Alomomola|77/100|[from] item: Leftovers
|upkeep
|turn|2
|
|t:|1758235769
|switch|p1a: Olivia|Oricorio, M|100/100
|move|p2a: Alomomola|Scald|p1a: Olivia
|-supereffective|p1a: Olivia
|-damage|p1a: Olivia|53/100
|
|-heal|p2a: Alomomola|83/100|[from] item: Leftovers
|upkeep
|turn|3
|
|t:|1758235776
|switch|p1a: Grima|Hydreigon, M|100/100
|move|p2a: Alomomola|Flip Turn|p1a: Grima
|-resisted|p1a: Grima
|-damage|p1a: Grima|91/100
|
|t:|1758235781
|switch|p2a: Iron Valiant|Iron Valiant|100/100|[from] Flip Turn
|-damage|p2a: Iron Valiant|94/100|[from] Stealth Rock
|
|upkeep
|turn|4
|
|t:|1758235786
|switch|p1a: Olivia|Oricorio, M|53/100
|move|p2a: Iron Valiant|Spirit Break|p1a: Olivia
|-resisted|p1a: Olivia
|-damage|p1a: Olivia|22/100
|-unboost|p1a: Olivia|spa|1
|
|upkeep
|turn|5
|
|t:|1758235793
|-end|p2a: Iron Valiant|Quark Drive|[silent]
|switch|p2a: Alomomola|Alomomola, M|100/100
|-damage|p2a: Alomomola|88/100|[from] Stealth Rock
|move|p1a: Olivia|Feather Dance|p2a: Alomomola
|-unboost|p2a: Alomomola|atk|2
|
|-heal|p2a: Alomomola|94/100|[from] item: Leftovers
|upkeep
|turn|6
|
|t:|1758235801
|switch|p1a: Chrom|Keldeo-Resolute|100/100
|move|p2a: Alomomola|Flip Turn|p1a: Chrom
|-resisted|p1a: Chrom
|-damage|p1a: Chrom|96/100
|
|t:|1758235805
|switch|p2a: Iron Valiant|Iron Valiant|94/100|[from] Flip Turn
|-damage|p2a: Iron Valiant|88/100|[from] Stealth Rock
|
|upkeep
|turn|7
|
|t:|1758235809
|switch|p1a: Olivia|Oricorio, M|22/100
|move|p2a: Iron Valiant|Spirit Break|p1a: Olivia
|-resisted|p1a: Olivia
|-crit|p1a: Olivia
|-damage|p1a: Olivia|0 fnt
|faint|p1a: Olivia
|
|upkeep
|
|t:|1758235814
|switch|p1a: Lon'qu's fort|Palossand, F|100/100
|turn|8
|
|t:|1758235818
|-end|p2a: Iron Valiant|Quark Drive|[silent]
|switch|p2a: Alomomola|Alomomola, M|100/100
|-damage|p2a: Alomomola|88/100|[from] Stealth Rock
|move|p1a: Lon'qu's fort|Earth Power|p2a: Alomomola
|-crit|p2a: Alomomola
|-damage|p2a: Alomomola|25/100
|
|-heal|p2a: Alomomola|31/100|[from] item: Leftovers
|upkeep
|turn|9
|
|t:|1758235824
|move|p2a: Alomomola|Scald|p1a: Lon'qu's fort
|-supereffective|p1a: Lon'qu's fort
|-damage|p1a: Lon'qu's fort|68/100
|-ability|p1a: Lon'qu's fort|Water Compaction|boost
|-boost|p1a: Lon'qu's fort|def|2
|move|p1a: Lon'qu's fort|Earth Power|p2a: Alomomola
|-damage|p2a: Alomomola|0 fnt
|faint|p2a: Alomomola
|
|-heal|p1a: Lon'qu's fort|74/100|[from] item: Leftovers
|upkeep
|
|t:|1758235832
|switch|p2a: Deoxys|Deoxys-Speed|100/100
|-damage|p2a: Deoxys|88/100|[from] Stealth Rock
|-ability|p2a: Deoxys|Pressure
|turn|10
|
|t:|1758235837
|move|p2a: Deoxys|Psycho Boost|p1a: Lon'qu's fort
|-damage|p1a: Lon'qu's fort|19/100
|-unboost|p2a: Deoxys|spa|2
|move|p1a: Lon'qu's fort|Earth Power|p2a: Deoxys
|-damage|p2a: Deoxys|48/100
|
|-heal|p1a: Lon'qu's fort|25/100|[from] item: Leftovers
|upkeep
|turn|11
|
|t:|1758235851
|switch|p1a: Vaike|Kleavor, F|100/100
|move|p2a: Deoxys|Psycho Boost|p1a: Vaike
|-damage|p1a: Vaike|65/100
|-unboost|p2a: Deoxys|spa|2
|
|upkeep
|turn|12
|
|t:|1758235863
|move|p2a: Deoxys|Stealth Rock|p1a: Vaike
|-sidestart|p1: BabyGronkel|move: Stealth Rock
|move|p1a: Vaike|Dual Wingbeat|p2a: Deoxys
|-damage|p2a: Deoxys|29/100
|-damage|p2a: Deoxys|9/100
|-hitcount|p2a: Deoxys|2
|
|upkeep
|turn|13
|
|t:|1758235871
|move|p2a: Deoxys|Thunder Wave|p1a: Vaike
|-status|p1a: Vaike|par
|move|p1a: Vaike|Dual Wingbeat|p2a: Deoxys
|-damage|p2a: Deoxys|0 fnt
|faint|p2a: Deoxys
|-hitcount|p2: Deoxys|1
|
|upkeep
|
|t:|1758235882
|switch|p2a: Scizor|Scizor, M|100/100
|-damage|p2a: Scizor|88/100|[from] Stealth Rock
|turn|14
|
|t:|1758235890
|move|p2a: Scizor|Bullet Punch|p1a: Vaike
|-supereffective|p1a: Vaike
|-damage|p1a: Vaike|0 fnt
|faint|p1a: Vaike
|-damage|p2a: Scizor|78/100|[from] item: Life Orb
|
|upkeep
|
|t:|1758235898
|switch|p1a: Chrom|Keldeo-Resolute|96/100
|-damage|p1a: Chrom|90/100|[from] Stealth Rock
|turn|15
|
|t:|1758235904
|move|p1a: Chrom|Surf|p2a: Scizor
|-damage|p2a: Scizor|23/100
|move|p2a: Scizor|Defog|p1a: Chrom
|-unboost|p1a: Chrom|evasion|1
|-sideend|p1: BabyGronkel|Stealth Rock|[from] move: Defog|[of] p2a: Scizor
|-sideend|p2: FrankieX99|Stealth Rock|[from] move: Defog|[of] p2a: Scizor
|
|upkeep
|turn|16
|
|t:|1758235918
|switch|p2a: Darkrai|Darkrai|100/100
|move|p1a: Chrom|Surf|p2a: Darkrai
|-damage|p2a: Darkrai|40/100
|
|upkeep
|turn|17
|
|t:|1758235925
|switch|p1a: Grima|Hydreigon, M|91/100
|move|p2a: Darkrai|Dark Pulse|p1a: Grima
|-resisted|p1a: Grima
|-damage|p1a: Grima|68/100
|
|upkeep
|turn|18
|
|t:|1758235933
|switch|p2a: Scizor|Scizor, M|23/100
|move|p1a: Grima|Fire Blast|p2a: Scizor
|-supereffective|p2a: Scizor
|-damage|p2a: Scizor|0 fnt
|faint|p2a: Scizor
|
|upkeep
|
|t:|1758235936
|switch|p2a: Iron Valiant|Iron Valiant|88/100
|turn|19
|
|t:|1758235940
|switch|p1a: Lon'qu's fort|Palossand, F|25/100
|move|p2a: Iron Valiant|Spirit Break|p1a: Lon'qu's fort
|-damage|p1a: Lon'qu's fort|0 fnt
|faint|p1a: Lon'qu's fort
|
|upkeep
|
|t:|1758235953
|switch|p1a: Lucina|Iron Leaves|100/100
|-enditem|p1a: Lucina|Booster Energy
|-activate|p1a: Lucina|ability: Quark Drive|[fromitem]
|-start|p1a: Lucina|quarkdriveatk
|turn|20
|
|t:|1758235962
|-end|p2a: Iron Valiant|Quark Drive|[silent]
|switch|p2a: Darkrai|Darkrai|40/100
|move|p1a: Lucina|Leaf Blade|p2a: Darkrai
|-damage|p2a: Darkrai|0 fnt
|faint|p2a: Darkrai
|
|upkeep
|
|t:|1758235968
|switch|p2a: Iron Valiant|Iron Valiant|88/100
|turn|21
|
|t:|1758235972
|move|p2a: Iron Valiant|Knock Off|p1a: Lucina
|-supereffective|p1a: Lucina
|-damage|p1a: Lucina|43/100
|move|p1a: Lucina|Psyblade|p2a: Iron Valiant
|-supereffective|p2a: Iron Valiant
|-crit|p2a: Iron Valiant
|-damage|p2a: Iron Valiant|0 fnt
|faint|p2a: Iron Valiant
|-end|p2a: Iron Valiant|Quark Drive|[silent]
|
|upkeep
|
|t:|1758235976
|switch|p2a: Dragapult|Dragapult, M|100/100
|turn|22
|
|t:|1758235981
|-terastallize|p2a: Dragapult|Fairy
|move|p2a: Dragapult|Flamethrower|p1a: Lucina
|-supereffective|p1a: Lucina
|-damage|p1a: Lucina|0 fnt
|faint|p1a: Lucina
|-end|p1a: Lucina|Quark Drive|[silent]
|-damage|p2a: Dragapult|91/100|[from] item: Life Orb
|
|upkeep
|
|t:|1758235995
|switch|p1a: Grima|Hydreigon, M|68/100
|turn|23
|
|t:|1758235999
|move|p2a: Dragapult|U-turn|p1a: Grima
|-supereffective|p1a: Grima
|-damage|p1a: Grima|10/100
|-damage|p2a: Dragapult|81/100|[from] item: Life Orb
|move|p1a: Grima|Fire Blast|p2a: Dragapult
|-damage|p2a: Dragapult|31/100
|
|upkeep
|turn|24
|
|t:|1758236007
|move|p2a: Dragapult|U-turn|p1a: Grima
|-supereffective|p1a: Grima
|-damage|p1a: Grima|0 fnt
|faint|p1a: Grima
|-damage|p2a: Dragapult|21/100|[from] item: Life Orb
|
|upkeep
|
|t:|1758236009
|switch|p1a: Chrom|Keldeo-Resolute|90/100
|turn|25
|
|t:|1758236013
|-terastallize|p1a: Chrom|Steel
|move|p2a: Dragapult|Draco Meteor|p1a: Chrom
|-resisted|p1a: Chrom
|-damage|p1a: Chrom|48/100
|-unboost|p2a: Dragapult|spa|2
|-damage|p2a: Dragapult|12/100|[from] item: Life Orb
|move|p1a: Chrom|Surf|p2a: Dragapult
|-damage|p2a: Dragapult|0 fnt
|faint|p2a: Dragapult
|
|win|BabyGronkel
|raw|BabyGronkel's rating: 1099 &rarr; <strong>1127</strong><br />(+28 for winning)
|raw|FrankieX99's rating: 1141 &rarr; <strong>1113</strong><br />(-28 for losing)
|l|☆BabyGronkel
|player|p1|
|l|☆FrankieX99
|player|p2|
