|j|☆No1NumelFan
|j|☆quixic4
|t:|1758235866
|gametype|singles
|player|p1|No1NumelFan|clown|1194
|player|p2|quixic4|ingo|1119
|gen|9
|tier|[Gen 9] OU
|rated|
|rule|HP Percentage Mod: HP is shown in percentages
|rule|Endless Battle Clause: Forcing endless battles is banned
|rule|Species Clause: Limit one of each Pokémon
|rule|OHKO Clause: OHKO moves are banned
|rule|Evasion Items Clause: Evasion items are banned
|rule|Evasion Moves Clause: Evasion moves are banned
|rule|Evasion Abilities Clause: Evasion abilities are banned
|rule|Sleep Moves Clause: Sleep-inducing moves are banned
|clearpoke
|poke|p1|Tornadus, M|
|poke|p1|Araquanid, M|
|poke|p1|Weezing-Galar, F|
|poke|p1|Gholdengo|
|poke|p1|Dragapult, M|
|poke|p1|Gliscor, M|
|poke|p2|Polteageist|
|poke|p2|Sinistcha|
|poke|p2|Appletun, M|
|poke|p2|Hydrapple, M|
|poke|p2|Wo-Chien|
|poke|p2|Yanmega, M|
|teampreview
|inactive|Battle timer is ON: inactive players will automatically lose when time's up. (requested by quixic4)
|inactive|No1NumelFan has 120 seconds left.
|inactive|No1NumelFan has 90 seconds left.
|
|t:|1758235957
|teamsize|p1|6
|teamsize|p2|6
|start
|switch|p1a: Dragapult|Dragapult, M|100/100
|switch|p2a: Yanmega|Yanmega, M|100/100
|turn|1
|
|t:|1758235981
|switch|p1a: 4 robux|Gholdengo|100/100
|move|p2a: Yanmega|Bug Buzz|p1a: 4 robux
|-resisted|p1a: 4 robux
|-damage|p1a: 4 robux|82/100
|
|-ability|p2a: Yanmega|Speed Boost|boost
|-boost|p2a: Yanmega|spe|1
|upkeep
|turn|2
|
|t:|1758235994
|switch|p2a: Hydrapple|Hydrapple, M|100/100
|move|p1a: 4 robux|Make It Rain|p2a: Hydrapple
|-damage|p2a: Hydrapple|17/100
|-unboost|p1a: 4 robux|spa|1
|
|upkeep
|turn|3
|-enditem|p2a: Hydrapple|Custap Berry|[eat]
|-activate|p2a: Hydrapple|item: Custap Berry|[consumed]
|
|t:|1758236011
|move|p2a: Hydrapple|Nasty Plot|p2a: Hydrapple
|-boost|p2a: Hydrapple|spa|2
|move|p1a: 4 robux|Make It Rain|p2a: Hydrapple
|-damage|p2a: Hydrapple|0 fnt
|-unboost|p1a: 4 robux|spa|1
|faint|p2a: Hydrapple
|
|upkeep
|
|t:|1758236019
|switch|p2a: Wo-Chien|Wo-Chien|100/100
|-ability|p2a: Wo-Chien|Tablets of Ruin
|turn|4
|
|t:|1758236028
|switch|p1a: The 1% of Gamblers|Tornadus, M|100/100
|move|p2a: Wo-Chien|Leech Seed|p1a: The 1% of Gamblers
|-start|p1a: The 1% of Gamblers|move: Leech Seed
|
|-damage|p1a: The 1% of Gamblers|88/100|[from] Leech Seed|[of] p2a: Wo-Chien
|upkeep
|turn|5
|
|t:|1758236034
|move|p1a: The 1% of Gamblers|Bleakwind Storm|p2a: Wo-Chien
|-supereffective|p2a: Wo-Chien
|-damage|p2a: Wo-Chien|32/100
|move|p2a: Wo-Chien|Growth|p2a: Wo-Chien
|-boost|p2a: Wo-Chien|atk|1
|-boost|p2a: Wo-Chien|spa|1
|
|-heal|p2a: Wo-Chien|38/100|[from] item: Leftovers
|-damage|p1a: The 1% of Gamblers|76/100|[from] Leech Seed|[of] p2a: Wo-Chien
|-heal|p2a: Wo-Chien|48/100|[silent]
|upkeep
|turn|6
|
|t:|1758236043
|move|p1a: The 1% of Gamblers|Bleakwind Storm|p2a: Wo-Chien|[miss]
|-miss|p1a: The 1% of Gamblers|p2a: Wo-Chien
|move|p2a: Wo-Chien|Giga Drain|p1a: The 1% of Gamblers
|-resisted|p1a: The 1% of Gamblers
|-damage|p1a: The 1% of Gamblers|38/100
|-heal|p2a: Wo-Chien|63/100|[from] drain|[of] p1a: The 1% of Gamblers
|
|-heal|p2a: Wo-Chien|69/100|[from] item: Leftovers
|-damage|p1a: The 1% of Gamblers|25/100|[from] Leech Seed|[of] p2a: Wo-Chien
|-heal|p2a: Wo-Chien|79/100|[silent]
|upkeep
|turn|7
|
|t:|1758236063
|move|p1a: The 1% of Gamblers|Heat Wave|p2a: Wo-Chien
|-supereffective|p2a: Wo-Chien
|-damage|p2a: Wo-Chien|33/100
|move|p2a: Wo-Chien|Giga Drain|p1a: The 1% of Gamblers
|-resisted|p1a: The 1% of Gamblers
|-damage|p1a: The 1% of Gamblers|0 fnt
|-heal|p2a: Wo-Chien|43/100|[from] drain|[of] p1a: The 1% of Gamblers
|faint|p1a: The 1% of Gamblers
|
|-heal|p2a: Wo-Chien|49/100|[from] item: Leftovers
|upkeep
|
|t:|1758236074
|switch|p1a: 4 robux|Gholdengo|82/100
|turn|8
|
|t:|1758236086
|move|p1a: 4 robux|Make It Rain|p2a: Wo-Chien
|-damage|p2a: Wo-Chien|0 fnt
|-unboost|p1a: 4 robux|spa|1
|faint|p2a: Wo-Chien
|
|upkeep
|
|t:|1758236093
|switch|p2a: Appletun|Appletun, M|100/100
|turn|9
|
|t:|1758236108
|switch|p1a: evil fuckin bug|Araquanid, M, shiny|100/100
|-terastallize|p2a: Appletun|Steel
|move|p2a: Appletun|Amnesia|p2a: Appletun
|-boost|p2a: Appletun|spd|2
|
|upkeep
|turn|10
|
|t:|1758236118
|move|p1a: evil fuckin bug|Liquidation|p2a: Appletun
|-damage|p2a: Appletun|38/100
|move|p2a: Appletun|Giga Drain|p1a: evil fuckin bug
|-damage|p1a: evil fuckin bug|82/100
|-heal|p2a: Appletun|45/100|[from] drain|[of] p1a: evil fuckin bug
|
|-heal|p2a: Appletun|51/100|[from] item: Leftovers
|upkeep
|turn|11
|
|t:|1758236135
|move|p1a: evil fuckin bug|Liquidation|p2a: Appletun
|-damage|p2a: Appletun|0 fnt
|faint|p2a: Appletun
|
|upkeep
|
|t:|1758236144
|switch|p2a: Yanmega|Yanmega, M|100/100
|turn|12
|
|t:|1758236169
|-terastallize|p1a: evil fuckin bug|Water
|move|p2a: Yanmega|Giga Drain|p1a: evil fuckin bug
|-supereffective|p1a: evil fuckin bug
|-damage|p1a: evil fuckin bug|20/100
|move|p1a: evil fuckin bug|Liquidation|p2a: Yanmega
|-damage|p2a: Yanmega|0 fnt
|faint|p2a: Yanmega
|
|upkeep
|
|t:|1758236179
|switch|p2a: Sinistcha|Sinistcha|100/100
|turn|13
|
|t:|1758236187
|switch|p1a: Weezer-Galar|Weezing-Galar, F|100/100
|move|p2a: Sinistcha|Iron Defense|p2a: Sinistcha
|-boost|p2a: Sinistcha|def|2
|
|upkeep
|turn|14
|
|t:|1758236201
|switch|p1a: Dragapult|Dragapult, M|100/100
|move|p2a: Sinistcha|Calm Mind|p2a: Sinistcha
|-boost|p2a: Sinistcha|spa|1
|-boost|p2a: Sinistcha|spd|1
|
|upkeep
|turn|15
|
|t:|1758236225
|move|p1a: Dragapult|Shadow Ball|p2a: Sinistcha
|-supereffective|p2a: Sinistcha
|-damage|p2a: Sinistcha|15/100
|move|p2a: Sinistcha|Calm Mind|p2a: Sinistcha
|-boost|p2a: Sinistcha|spa|1
|-boost|p2a: Sinistcha|spd|1
|
|-heal|p2a: Sinistcha|21/100|[from] item: Leftovers
|upkeep
|turn|16
|
|t:|1758236233
|move|p1a: Dragapult|Shadow Ball|p2a: Sinistcha
|-supereffective|p2a: Sinistcha
|-damage|p2a: Sinistcha|0 fnt
|faint|p2a: Sinistcha
|
|upkeep
|inactive|quixic4 has 120 seconds left.
|
|t:|1758236257
|switch|p2a: Polteageist|Polteageist|100/100
|turn|17
|
|t:|1758236260
|move|p1a: Dragapult|Shadow Ball|p2a: Polteageist
|-supereffective|p2a: Polteageist
|-enditem|p2a: Polteageist|Focus Sash
|-damage|p2a: Polteageist|1/100
|move|p2a: Polteageist|Shell Smash|p2a: Polteageist
|-unboost|p2a: Polteageist|def|1
|-unboost|p2a: Polteageist|spd|1
|-boost|p2a: Polteageist|atk|2
|-boost|p2a: Polteageist|spa|2
|-boost|p2a: Polteageist|spe|2
|
|upkeep
|turn|18
|
|t:|1758236273
|move|p2a: Polteageist|Stored Power|p1a: Dragapult
|-damage|p1a: Dragapult|0 fnt
|faint|p1a: Dragapult
|
|upkeep
|
|t:|1758236279
|switch|p1a: 4 robux|Gholdengo|82/100
|turn|19
|
|t:|1758236286
|move|p2a: Polteageist|Stored Power|p1a: 4 robux
|-resisted|p1a: 4 robux
|-damage|p1a: 4 robux|27/100
|move|p1a: 4 robux|Make It Rain|p2a: Polteageist
|-damage|p2a: Polteageist|0 fnt
|-unboost|p1a: 4 robux|spa|1
|faint|p2a: Polteageist
|
|win|No1NumelFan
|raw|No1NumelFan's rating: 1194 &rarr; <strong>1216</strong><br />(+22 for winning)
|raw|quixic4's rating: 1146 &rarr; <strong>1124</strong><br />(-22 for losing)
|l|☆quixic4
|player|p2|
|l|☆No1NumelFan
|player|p1|
