|j|☆reileyb
|j|‽KetchupHinz
|t:|1758262349
|gametype|singles
|player|p1|reileyb|169|1200
|player|p2|KetchupHinz|wallace|1260
|gen|9
|tier|[Gen 9] OU
|rated|
|rule|HP Percentage Mod: HP is shown in percentages
|rule|Endless Battle Clause: Forcing endless battles is banned
|rule|Species Clause: Limit one of each Pokémon
|rule|OHKO Clause: OHKO moves are banned
|rule|Evasion Items Clause: Evasion items are banned
|rule|Evasion Moves Clause: Evasion moves are banned
|rule|Evasion Abilities Clause: Evasion abilities are banned
|rule|Sleep Moves Clause: Sleep-inducing moves are banned
|clearpoke
|poke|p1|Moltres|
|poke|p1|Gholdengo|
|poke|p1|Walking Wake|
|poke|p1|Glimmora, F|
|poke|p1|Arcanine-Hisui, M|
|poke|p1|Clefable, M|
|poke|p2|Ceruledge, M|
|poke|p2|Corviknight, M|
|poke|p2|Samurott-Hisui, M|
|poke|p2|Ogerpon-Wellspring, F|
|poke|p2|Latias, F|
|poke|p2|Gholdengo|
|teampreview
|
|t:|1758262355
|teamsize|p1|6
|teamsize|p2|6
|start
|switch|p1a: Glimmora|Glimmora, F, shiny|100/100
|switch|p2a: Samurott|Samurott-Hisui, M|100/100
|turn|1
|inactive|Battle timer is ON: inactive players will automatically lose when time's up. (requested by reileyb)
|
|t:|1758262371
|move|p2a: Samurott|Flip Turn|p1a: Glimmora
|-supereffective|p1a: Glimmora
|-damage|p1a: Glimmora|44/100
|-activate|p1a: Glimmora|ability: Toxic Debris
|-sidestart|p2: KetchupHinz|move: Toxic Spikes
|
|t:|1758262378
|switch|p2a: Latias|Latias, F|100/100|[from] Flip Turn
|move|p1a: Glimmora|Sunny Day|p1a: Glimmora
|-weather|SunnyDay
|
|-weather|SunnyDay|[upkeep]
|upkeep
|turn|2
|
|t:|1758262388
|move|p2a: Latias|Mist Ball|p1a: Glimmora
|-supereffective|p1a: Glimmora
|-damage|p1a: Glimmora|0 fnt
|faint|p1a: Glimmora
|
|-weather|SunnyDay|[upkeep]
|upkeep
|
|t:|1758262398
|switch|p1a: Walking Wake|Walking Wake|100/100
|-activate|p1a: Walking Wake|ability: Protosynthesis
|-start|p1a: Walking Wake|protosynthesisspa
|turn|3
|
|t:|1758262409
|-terastallize|p2a: Latias|Steel
|move|p2a: Latias|Draco Meteor|p1a: Walking Wake
|-supereffective|p1a: Walking Wake
|-damage|p1a: Walking Wake|0 fnt
|-unboost|p2a: Latias|spa|2
|faint|p1a: Walking Wake
|-end|p1a: Walking Wake|Protosynthesis|[silent]
|
|-weather|SunnyDay|[upkeep]
|upkeep
|
|t:|1758262423
|switch|p1a: Moltres|Moltres, shiny|100/100
|turn|4
|
|t:|1758262427
|switch|p2a: Samurott|Samurott-Hisui, M|100/100
|-status|p2a: Samurott|psn
|move|p1a: Moltres|Flamethrower|p2a: Samurott
|-resisted|p2a: Samurott
|-damage|p2a: Samurott|56/100 psn
|
|-weather|SunnyDay|[upkeep]
|-damage|p2a: Samurott|44/100 psn|[from] psn
|upkeep
|turn|5
|
|t:|1758262437
|move|p2a: Samurott|Razor Shell|p1a: Moltres
|-supereffective|p1a: Moltres
|-damage|p1a: Moltres|58/100
|-unboost|p1a: Moltres|def|1
|move|p1a: Moltres|Flamethrower|p2a: Samurott
|-resisted|p2a: Samurott
|-damage|p2a: Samurott|2/100 psn
|
|-weather|SunnyDay|[upkeep]
|-damage|p2a: Samurott|0 fnt|[from] psn
|faint|p2a: Samurott
|upkeep
|
|t:|1758262460
|switch|p2a: Latias|Latias, F, tera:Steel|100/100
|turn|6
|
|t:|1758262467
|move|p2a: Latias|Draco Meteor|p1a: Moltres
|-damage|p1a: Moltres|0 fnt
|-unboost|p2a: Latias|spa|2
|faint|p1a: Moltres
|
|-weather|SunnyDay|[upkeep]
|upkeep
|
|t:|1758262480
|switch|p1a: Arcanine|Arcanine-Hisui, M|100/100
|turn|7
|
|t:|1758262486
|switch|p2a: Ceruledge|Ceruledge, M|100/100
|-status|p2a: Ceruledge|psn
|move|p1a: Arcanine|Flare Blitz|p2a: Ceruledge
|-resisted|p2a: Ceruledge
|-damage|p2a: Ceruledge|31/100 psn
|-ability|p2a: Ceruledge|Weak Armor|boost
|-unboost|p2a: Ceruledge|def|1
|-boost|p2a: Ceruledge|spe|2
|
|-weather|SunnyDay|[upkeep]
|-damage|p2a: Ceruledge|19/100 psn|[from] psn
|upkeep
|turn|8
|
|t:|1758262506
|move|p2a: Ceruledge|Poltergeist|p1a: Arcanine
|-activate|p1a: Arcanine|move: Poltergeist|Choice Scarf
|-damage|p1a: Arcanine|44/100
|move|p1a: Arcanine|Flare Blitz|p2a: Ceruledge
|-resisted|p2a: Ceruledge
|-damage|p2a: Ceruledge|0 fnt
|faint|p2a: Ceruledge
|
|-weather|none
|upkeep
|
|t:|1758262514
|switch|p2a: Latias|Latias, F, tera:Steel|100/100
|turn|9
|
|t:|1758262532
|move|p2a: Latias|Mist Ball|p1a: Arcanine
|-damage|p1a: Arcanine|0 fnt
|faint|p1a: Arcanine
|
|upkeep
|
|t:|1758262542
|switch|p1a: Clefable|Clefable, M|100/100
|turn|10
|
|t:|1758262550
|move|p2a: Latias|Calm Mind|p2a: Latias
|-boost|p2a: Latias|spa|1
|-boost|p2a: Latias|spd|1
|move|p1a: Clefable|Trick|p2a: Latias
|-activate|p1a: Clefable|move: Trick|[of] p2a: Latias
|-item|p2a: Latias|Choice Band|[from] move: Trick
|-item|p1a: Clefable|Soul Dew|[from] move: Trick
|
|upkeep
|turn|11
|
|t:|1758262560
|switch|p1a: Gholdengo|Gholdengo|100/100
|move|p2a: Latias|Mist Ball|p1a: Gholdengo
|-resisted|p1a: Gholdengo
|-damage|p1a: Gholdengo|66/100
|-unboost|p1a: Gholdengo|spa|1
|
|-heal|p1a: Gholdengo|72/100|[from] item: Leftovers
|upkeep
|turn|12
|
|t:|1758262571
|move|p2a: Latias|Mist Ball|p1a: Gholdengo
|-resisted|p1a: Gholdengo
|-damage|p1a: Gholdengo|35/100
|move|p1a: Gholdengo|Nasty Plot|p1a: Gholdengo
|-boost|p1a: Gholdengo|spa|2
|
|-heal|p1a: Gholdengo|41/100|[from] item: Leftovers
|upkeep
|turn|13
|
|t:|1758262585
|move|p2a: Latias|Mist Ball|p1a: Gholdengo
|-resisted|p1a: Gholdengo
|-damage|p1a: Gholdengo|7/100
|-unboost|p1a: Gholdengo|spa|1
|move|p1a: Gholdengo|Focus Blast|p2a: Latias
|-supereffective|p2a: Latias
|-damage|p2a: Latias|53/100
|
|-heal|p1a: Gholdengo|13/100|[from] item: Leftovers
|upkeep
|turn|14
|-message|reileyb forfeited.
|
|win|KetchupHinz
|raw|reileyb's rating: 1200 &rarr; <strong>1179</strong><br />(-21 for losing)
|raw|KetchupHinz's rating: 1260 &rarr; <strong>1281</strong><br />(+21 for winning)
|l|☆reileyb
|player|p1|
|l|‽KetchupHinz
|player|p2|
