|j|☆OneTwoSeven
|j|☆LX1987
|t:|1758265799
|gametype|singles
|player|p1|OneTwoSeven|boarder|1413
|player|p2|LX1987|170|1343
|gen|9
|tier|[Gen 9] OU
|rated|
|rule|HP Percentage Mod: HP is shown in percentages
|rule|Endless Battle Clause: Forcing endless battles is banned
|rule|Species Clause: Limit one of each Pokémon
|rule|OHKO Clause: OHKO moves are banned
|rule|Evasion Items Clause: Evasion items are banned
|rule|Evasion Moves Clause: Evasion moves are banned
|rule|Evasion Abilities Clause: Evasion abilities are banned
|rule|Sleep Moves Clause: Sleep-inducing moves are banned
|clearpoke
|poke|p1|Gholdengo|
|poke|p1|Zamazenta-*|
|poke|p1|Ting-Lu|
|poke|p1|Clefable, F|
|poke|p1|Dragonite, M|
|poke|p1|Deoxys-Speed|
|poke|p2|Drifblim, M|
|poke|p2|Rillaboom, M|
|poke|p2|Tauros-Paldea-Blaze, M|
|poke|p2|Slowking, M|
|poke|p2|Muk-Alola, F|
|poke|p2|Flygon, M|
|teampreview
|
|t:|1758265819
|teamsize|p1|6
|teamsize|p2|6
|start
|switch|p1a: Ting-Lu|Ting-Lu|100/100
|switch|p2a: Rillaboom|Rillaboom, M|100/100
|-fieldstart|move: Grassy Terrain|[from] ability: Grassy Surge|[of] p2a: Rillaboom
|-ability|p1a: Ting-Lu|Vessel of Ruin
|turn|1
|inactive|Battle timer is ON: inactive players will automatically lose when time's up. (requested by LX1987)
|
|t:|1758265832
|switch|p1a: Dragonite|Dragonite, M|100/100
|move|p2a: Rillaboom|Knock Off|p1a: Dragonite
|-damage|p1a: Dragonite|75/100
|-enditem|p1a: Dragonite|Heavy-Duty Boots|[from] move: Knock Off|[of] p2a: Rillaboom
|
|upkeep
|turn|2
|
|t:|1758265841
|switch|p2a: Tauros|Tauros-Paldea-Blaze, M|100/100
|-ability|p2a: Tauros|Intimidate|boost
|-unboost|p1a: Dragonite|atk|1
|move|p1a: Dragonite|Dragon Tail|p2a: Tauros
|-damage|p2a: Tauros|77/100
|drag|p2a: Drifblim|Drifblim, M|100/100
|-enditem|p2a: Drifblim|Grassy Seed
|-boost|p2a: Drifblim|def|1|[from] item: Grassy Seed
|
|upkeep
|turn|3
|
|t:|1758265852
|switch|p1a: Ting-Lu|Ting-Lu|100/100
|-ability|p1a: Ting-Lu|Vessel of Ruin
|move|p2a: Drifblim|Calm Mind|p2a: Drifblim
|-boost|p2a: Drifblim|spa|1
|-boost|p2a: Drifblim|spd|1
|
|upkeep
|turn|4
|
|t:|1758265861
|-terastallize|p2a: Drifblim|Fighting
|move|p2a: Drifblim|Tera Blast|p1a: Ting-Lu|[anim] Tera Blast Fighting
|-supereffective|p1a: Ting-Lu
|-damage|p1a: Ting-Lu|69/100
|move|p1a: Ting-Lu|Whirlwind|p2a: Drifblim
|drag|p2a: Muk|Muk-Alola, F|100/100
|
|-heal|p1a: Ting-Lu|75/100|[from] Grassy Terrain
|-heal|p1a: Ting-Lu|81/100|[from] item: Leftovers
|upkeep
|turn|5
|
|t:|1758265875
|switch|p2a: Flygon|Flygon, M|100/100
|move|p1a: Ting-Lu|Spikes|p2a: Flygon
|-sidestart|p2: LX1987|Spikes
|
|-heal|p1a: Ting-Lu|87/100|[from] Grassy Terrain
|-heal|p1a: Ting-Lu|93/100|[from] item: Leftovers
|-fieldend|move: Grassy Terrain
|upkeep
|turn|6
|
|t:|1758265885
|switch|p1a: Clefable|Clefable, F|100/100
|move|p2a: Flygon|Dragon Dance|p2a: Flygon
|-boost|p2a: Flygon|atk|1
|-boost|p2a: Flygon|spe|1
|
|upkeep
|turn|7
|
|t:|1758265894
|move|p2a: Flygon|Earthquake|p1a: Clefable
|-damage|p1a: Clefable|46/100
|move|p1a: Clefable|Moonblast|p2a: Flygon
|-supereffective|p2a: Flygon
|-damage|p2a: Flygon|18/100
|
|upkeep
|turn|8
|
|t:|1758265902
|switch|p1a: Dragonite|Dragonite, M|75/100
|move|p2a: Flygon|Dragon Rush|p1a: Dragonite|[miss]
|-miss|p2a: Flygon|p1a: Dragonite
|
|upkeep
|turn|9
|
|t:|1758265911
|move|p1a: Dragonite|Extreme Speed|p2a: Flygon
|-damage|p2a: Flygon|0 fnt
|faint|p2a: Flygon
|
|upkeep
|
|t:|1758265919
|switch|p2a: Muk|Muk-Alola, F|100/100
|-damage|p2a: Muk|88/100|[from] Spikes
|turn|10
|
|t:|1758265933
|move|p1a: Dragonite|Earthquake|p2a: Muk
|-supereffective|p2a: Muk
|-crit|p2a: Muk
|-damage|p2a: Muk|0 fnt
|faint|p2a: Muk
|
|upkeep
|-message|LX1987 forfeited.
|
|win|OneTwoSeven
|raw|OneTwoSeven's rating: 1413 &rarr; <strong>1429</strong><br />(+16 for winning)
|raw|LX1987's rating: 1343 &rarr; <strong>1327</strong><br />(-16 for losing)
|l|☆LX1987
|player|p2|
|l|☆OneTwoSeven
|player|p1|
