|j|☆wiggilydiggily
|j|☆TirTire
|t:|1758245468
|gametype|singles
|player|p1|wiggilydiggily|170|1392
|player|p2|TirTire|bugcatcher-gen4dp|1436
|gen|9
|tier|[Gen 9] OU
|rated|
|rule|HP Percentage Mod: HP is shown in percentages
|rule|Endless Battle Clause: Forcing endless battles is banned
|rule|Species Clause: Limit one of each Pokémon
|rule|OHKO Clause: OHKO moves are banned
|rule|Evasion Items Clause: Evasion items are banned
|rule|Evasion Moves Clause: Evasion moves are banned
|rule|Evasion Abilities Clause: Evasion abilities are banned
|rule|Sleep Moves Clause: Sleep-inducing moves are banned
|clearpoke
|poke|p1|Wigglytuff, M|
|poke|p1|Great Tusk|
|poke|p1|Ogerpon-Wellspring, F|
|poke|p1|Dragapult, F|
|poke|p1|Rillaboom, F|
|poke|p1|Scizor, F|
|poke|p2|Araquanid, M|
|poke|p2|Great Tusk|
|poke|p2|Gholdengo|
|poke|p2|Iron Moth|
|poke|p2|Raging Bolt|
|poke|p2|Enamorus, F|
|teampreview
|
|t:|1758245471
|teamsize|p1|6
|teamsize|p2|6
|start
|switch|p1a: Wigglytuff|Wigglytuff, M|100/100
|switch|p2a: Aesop Rock|Araquanid, M|100/100
|turn|1
|
|t:|1758245476
|move|p1a: Wigglytuff|Thunder Wave|p2a: Aesop Rock
|-status|p2a: Aesop Rock|par
|move|p2a: Aesop Rock|Sticky Web|p1a: Wigglytuff
|-sidestart|p1: wiggilydiggily|move: Sticky Web
|
|upkeep
|turn|2
|
|t:|1758245481
|move|p1a: Wigglytuff|Stealth Rock|p2a: Aesop Rock
|-sidestart|p2: TirTire|move: Stealth Rock
|cant|p2a: Aesop Rock|par
|
|upkeep
|turn|3
|
|t:|1758245485
|move|p1a: Wigglytuff|Misty Explosion|p2a: Aesop Rock
|-damage|p2a: Aesop Rock|72/100 par
|faint|p1a: Wigglytuff
|move|p2a: Aesop Rock|Surf|p1: Wigglytuff|[notarget]
|-fail|p2a: Aesop Rock
|
|upkeep
|
|t:|1758245502
|switch|p1a: Rillaboom|Rillaboom, F|100/100
|-activate|p1a: Rillaboom|move: Sticky Web
|-unboost|p1a: Rillaboom|spe|1
|-fieldstart|move: Grassy Terrain|[from] ability: Grassy Surge|[of] p1a: Rillaboom
|turn|4
|
|t:|1758245507
|move|p1a: Rillaboom|Wood Hammer|p2a: Aesop Rock
|-crit|p2a: Aesop Rock
|-damage|p2a: Aesop Rock|0 fnt
|faint|p2a: Aesop Rock
|-damage|p1a: Rillaboom|77/100|[from] Recoil
|
|-heal|p1a: Rillaboom|83/100|[from] Grassy Terrain
|upkeep
|
|t:|1758245514
|switch|p2a: Daveed Digs|Gholdengo|100/100
|-damage|p2a: Daveed Digs|94/100|[from] Stealth Rock
|turn|5
|
|t:|1758245523
|-terastallize|p1a: Rillaboom|Grass
|move|p2a: Daveed Digs|Substitute|p2a: Daveed Digs
|-start|p2a: Daveed Digs|Substitute
|-damage|p2a: Daveed Digs|70/100
|move|p1a: Rillaboom|Wood Hammer|p2a: Daveed Digs
|-resisted|p2a: Daveed Digs
|-end|p2a: Daveed Digs|Substitute
|-damage|p1a: Rillaboom|76/100|[from] Recoil|[of] p2a: Daveed Digs
|
|-heal|p2a: Daveed Digs|76/100|[from] Grassy Terrain
|-heal|p2a: Daveed Digs|82/100|[from] item: Leftovers
|-heal|p1a: Rillaboom|82/100|[from] Grassy Terrain
|upkeep
|turn|6
|
|t:|1758245541
|switch|p1a: Scizor|Scizor, F|100/100
|-activate|p1a: Scizor|move: Sticky Web
|-unboost|p1a: Scizor|spe|1
|move|p2a: Daveed Digs|Substitute|p2a: Daveed Digs
|-start|p2a: Daveed Digs|Substitute
|-damage|p2a: Daveed Digs|57/100
|
|-heal|p2a: Daveed Digs|63/100|[from] Grassy Terrain
|-heal|p2a: Daveed Digs|69/100|[from] item: Leftovers
|upkeep
|turn|7
|
|t:|1758245550
|move|p2a: Daveed Digs|Shadow Ball|p1a: Scizor
|-damage|p1a: Scizor|38/100
|move|p1a: Scizor|U-turn|p2a: Daveed Digs
|-resisted|p2a: Daveed Digs
|-activate|p2a: Daveed Digs|move: Substitute|[damage]
|
|t:|1758245564
|switch|p1a: Rillaboom|Rillaboom, F, tera:Grass|82/100|[from] U-turn
|-activate|p1a: Rillaboom|move: Sticky Web
|-unboost|p1a: Rillaboom|spe|1
|
|-heal|p2a: Daveed Digs|75/100|[from] Grassy Terrain
|-heal|p2a: Daveed Digs|81/100|[from] item: Leftovers
|-heal|p1a: Rillaboom|88/100|[from] Grassy Terrain
|upkeep
|turn|8
|
|t:|1758245577
|move|p2a: Daveed Digs|Shadow Ball|p1a: Rillaboom
|-damage|p1a: Rillaboom|30/100
|move|p1a: Rillaboom|Wood Hammer|p2a: Daveed Digs
|-resisted|p2a: Daveed Digs
|-end|p2a: Daveed Digs|Substitute
|-damage|p1a: Rillaboom|27/100|[from] Recoil|[of] p2a: Daveed Digs
|
|-heal|p2a: Daveed Digs|87/100|[from] Grassy Terrain
|-heal|p2a: Daveed Digs|93/100|[from] item: Leftovers
|-heal|p1a: Rillaboom|33/100|[from] Grassy Terrain
|-fieldend|move: Grassy Terrain
|upkeep
|turn|9
|
|t:|1758245588
|move|p2a: Daveed Digs|Shadow Ball|p1a: Rillaboom
|-damage|p1a: Rillaboom|0 fnt
|faint|p1a: Rillaboom
|
|-heal|p2a: Daveed Digs|99/100|[from] item: Leftovers
|upkeep
|
|t:|1758245591
|switch|p1a: Ogerpon|Ogerpon-Wellspring, F|100/100
|-activate|p1a: Ogerpon|move: Sticky Web
|-unboost|p1a: Ogerpon|spe|1
|turn|10
|
|t:|1758245598
|move|p2a: Daveed Digs|Shadow Ball|p1a: Ogerpon
|-damage|p1a: Ogerpon|43/100
|move|p1a: Ogerpon|Ivy Cudgel|p2a: Daveed Digs|[anim] Ivy Cudgel Water
|-damage|p2a: Daveed Digs|32/100
|
|-heal|p2a: Daveed Digs|38/100|[from] item: Leftovers
|upkeep
|turn|11
|
|t:|1758245607
|move|p2a: Daveed Digs|Shadow Ball|p1a: Ogerpon
|-damage|p1a: Ogerpon|0 fnt
|faint|p1a: Ogerpon
|
|-heal|p2a: Daveed Digs|44/100|[from] item: Leftovers
|upkeep
|
|t:|1758245619
|switch|p1a: Dragapult|Dragapult, F|100/100
|-activate|p1a: Dragapult|move: Sticky Web
|-unboost|p1a: Dragapult|spe|1
|turn|12
|
|t:|1758245624
|move|p1a: Dragapult|Shadow Ball|p2a: Daveed Digs
|-supereffective|p2a: Daveed Digs
|-damage|p2a: Daveed Digs|0 fnt
|faint|p2a: Daveed Digs
|
|upkeep
|
|t:|1758245632
|switch|p2a: Damon Albarn|Iron Moth|100/100
|-damage|p2a: Damon Albarn|76/100|[from] Stealth Rock
|-enditem|p2a: Damon Albarn|Booster Energy
|-activate|p2a: Damon Albarn|ability: Quark Drive|[fromitem]
|-start|p2a: Damon Albarn|quarkdrivespa
|turn|13
|inactive|Battle timer is ON: inactive players will automatically lose when time's up. (requested by wiggilydiggily)
|
|t:|1758245642
|switch|p1a: Scizor|Scizor, F|38/100
|-activate|p1a: Scizor|move: Sticky Web
|-unboost|p1a: Scizor|spe|1
|move|p2a: Damon Albarn|Dazzling Gleam|p1a: Scizor
|-resisted|p1a: Scizor
|-damage|p1a: Scizor|10/100
|
|upkeep
|turn|14
|
|t:|1758245649
|move|p1a: Scizor|Bullet Punch|p2a: Damon Albarn
|-resisted|p2a: Damon Albarn
|-damage|p2a: Damon Albarn|34/100
|move|p2a: Damon Albarn|Fiery Dance|p1a: Scizor
|-supereffective|p1a: Scizor
|-damage|p1a: Scizor|0 fnt
|-boost|p2a: Damon Albarn|spa|1
|faint|p1a: Scizor
|
|upkeep
|
|t:|1758245657
|switch|p1a: Great Tusk|Great Tusk|100/100
|-activate|p1a: Great Tusk|move: Sticky Web
|-unboost|p1a: Great Tusk|spe|1
|-enditem|p1a: Great Tusk|Booster Energy
|-activate|p1a: Great Tusk|ability: Protosynthesis|[fromitem]
|-start|p1a: Great Tusk|protosynthesisatk
|turn|15
|
|t:|1758245663
|move|p2a: Damon Albarn|Energy Ball|p1a: Great Tusk
|-supereffective|p1a: Great Tusk
|-damage|p1a: Great Tusk|0 fnt
|faint|p1a: Great Tusk
|-end|p1a: Great Tusk|Protosynthesis|[silent]
|
|upkeep
|
|t:|1758245665
|switch|p1a: Dragapult|Dragapult, F|100/100
|-activate|p1a: Dragapult|move: Sticky Web
|-unboost|p1a: Dragapult|spe|1
|turn|16
|
|t:|1758245670
|move|p2a: Damon Albarn|Dazzling Gleam|p1a: Dragapult
|-supereffective|p1a: Dragapult
|-damage|p1a: Dragapult|0 fnt
|faint|p1a: Dragapult
|
|win|TirTire
|raw|wiggilydiggily's rating: 1392 &rarr; <strong>1375</strong><br />(-17 for losing)
|raw|TirTire's rating: 1436 &rarr; <strong>1453</strong><br />(+17 for winning)
|c|☆TirTire|gg
|l|☆TirTire
|player|p2|
|l|☆wiggilydiggily
|player|p1|
