|j|☆Braxl
|j|☆ermfranktaylor
|t:|1758241928
|gametype|singles
|player|p1|Braxl|2|1061
|player|p2|ermfranktaylor|169|1076
|gen|9
|tier|[Gen 9] OU
|rated|
|rule|HP Percentage Mod: HP is shown in percentages
|rule|Endless Battle Clause: Forcing endless battles is banned
|rule|Species Clause: Limit one of each Pokémon
|rule|OHKO Clause: OHKO moves are banned
|rule|Evasion Items Clause: Evasion items are banned
|rule|Evasion Moves Clause: Evasion moves are banned
|rule|Evasion Abilities Clause: Evasion abilities are banned
|rule|Sleep Moves Clause: Sleep-inducing moves are banned
|clearpoke
|poke|p1|Clefable, F|
|poke|p1|Dragonite, F|
|poke|p1|Charizard, M|
|poke|p1|Blastoise, M|
|poke|p1|Venusaur, M|
|poke|p1|Mew|
|poke|p2|Hitmonlee, M|
|poke|p2|Dragonite, M|
|poke|p2|Kingambit, M|
|poke|p2|Greninja-*, M|
|poke|p2|Iron Moth|
|poke|p2|Furret, M|
|teampreview
|inactive|Battle timer is ON: inactive players will automatically lose when time's up. (requested by ermfranktaylor)
|
|t:|1758241950
|teamsize|p1|6
|teamsize|p2|6
|start
|switch|p1a: Mew|Mew, shiny|100/100
|switch|p2a: Iron Moth|Iron Moth|100/100
|-enditem|p2a: Iron Moth|Booster Energy
|-activate|p2a: Iron Moth|ability: Quark Drive|[fromitem]
|-start|p2a: Iron Moth|quarkdrivespe
|turn|1
|
|t:|1758241955
|move|p2a: Iron Moth|Fiery Dance|p1a: Mew
|-damage|p1a: Mew|77/100
|-boost|p2a: Iron Moth|spa|1
|move|p1a: Mew|Spikes|p2a: Iron Moth
|-sidestart|p2: ermfranktaylor|Spikes
|
|upkeep
|turn|2
|
|t:|1758241963
|-end|p2a: Iron Moth|Quark Drive|[silent]
|switch|p2a: Furret|Furret, M|100/100
|-damage|p2a: Furret|88/100|[from] Spikes
|-item|p1a: Mew|Sitrus Berry|[from] ability: Frisk|[of] p2a: Furret
|move|p1a: Mew|Dragon Tail|p2a: Furret
|-damage|p2a: Furret|70/100
|drag|p2a: Greninja|Greninja, M|100/100
|-damage|p2a: Greninja|88/100|[from] Spikes
|
|upkeep
|turn|3
|
|t:|1758241979
|move|p2a: Greninja|Water Shuriken|p1a: Mew
|-damage|p1a: Mew|72/100
|-damage|p1a: Mew|67/100
|-hitcount|p1a: Mew|2
|move|p1a: Mew|Spikes|p2a: Greninja
|-sidestart|p2: ermfranktaylor|Spikes
|
|upkeep
|turn|4
|
|t:|1758241992
|move|p2a: Greninja|Dark Pulse|p1a: Mew
|-supereffective|p1a: Mew
|-damage|p1a: Mew|26/100
|-enditem|p1a: Mew|Sitrus Berry|[eat]
|-heal|p1a: Mew|51/100|[from] item: Sitrus Berry
|move|p1a: Mew|Curse|p1a: Mew
|-unboost|p1a: Mew|spe|1
|-boost|p1a: Mew|atk|1
|-boost|p1a: Mew|def|1
|
|upkeep
|turn|5
|
|t:|1758242002
|move|p2a: Greninja|Dark Pulse|p1a: Mew
|-supereffective|p1a: Mew
|-damage|p1a: Mew|6/100
|move|p1a: Mew|Dragon Tail|p2a: Greninja
|-damage|p2a: Greninja|55/100
|drag|p2a: Iron Moth|Iron Moth|100/100
|-damage|p2a: Iron Moth|84/100|[from] Spikes
|
|upkeep
|turn|6
|
|t:|1758242012
|move|p2a: Iron Moth|Fiery Dance|p1a: Mew
|-damage|p1a: Mew|0 fnt
|-boost|p2a: Iron Moth|spa|1
|faint|p1a: Mew
|
|upkeep
|
|t:|1758242020
|switch|p1a: Blastoise|Blastoise, M, shiny|100/100
|turn|7
|
|t:|1758242027
|-end|p2a: Iron Moth|Quark Drive|[silent]
|switch|p2a: Dragonite|Dragonite, M|100/100
|move|p1a: Blastoise|Water Spout|p2a: Dragonite
|-resisted|p2a: Dragonite
|-damage|p2a: Dragonite|85/100
|
|upkeep
|turn|8
|
|t:|1758242037
|switch|p1a: Clefable|Clefable, F, shiny|100/100
|move|p2a: Dragonite|Extreme Speed|p1a: Clefable
|-damage|p1a: Clefable|68/100
|-damage|p2a: Dragonite|69/100|[from] item: Rocky Helmet|[of] p1a: Clefable
|
|upkeep
|turn|9
|
|t:|1758242056
|switch|p2a: Kingambit|Kingambit, M|100/100
|-damage|p2a: Kingambit|84/100|[from] Spikes
|move|p1a: Clefable|Stealth Rock|p2a: Kingambit
|-sidestart|p2: ermfranktaylor|move: Stealth Rock
|
|upkeep
|turn|10
|
|t:|1758242069
|move|p1a: Clefable|Thunder Wave|p2a: Kingambit
|-status|p2a: Kingambit|par
|move|p2a: Kingambit|Iron Head|p1a: Clefable
|-supereffective|p1a: Clefable
|-damage|p1a: Clefable|0 fnt
|-damage|p2a: Kingambit|67/100 par|[from] item: Rocky Helmet|[of] p1a: Clefable
|faint|p1a: Clefable
|
|upkeep
|
|t:|1758242087
|switch|p1a: Charizard|Charizard, M, shiny|100/100
|turn|11
|
|t:|1758242099
|move|p2a: Kingambit|Sucker Punch|p1a: Charizard
|-crit|p1a: Charizard
|-damage|p1a: Charizard|12/100
|move|p1a: Charizard|Flamethrower|p2a: Kingambit
|-supereffective|p2a: Kingambit
|-damage|p2a: Kingambit|0 fnt
|faint|p2a: Kingambit
|-end|p2a: Kingambit|fallenundefined|[silent]
|
|upkeep
|
|t:|1758242105
|switch|p2a: Furret|Furret, M|70/100
|-damage|p2a: Furret|53/100|[from] Spikes
|-damage|p2a: Furret|41/100|[from] Stealth Rock
|-item|p1a: Charizard|Assault Vest|[from] ability: Frisk|[of] p2a: Furret
|turn|12
|
|t:|1758242113
|move|p1a: Charizard|Flamethrower|p2a: Furret
|-damage|p2a: Furret|0 fnt
|faint|p2a: Furret
|
|upkeep
|
|t:|1758242116
|switch|p2a: Greninja|Greninja, M|55/100
|-damage|p2a: Greninja|39/100|[from] Spikes
|-damage|p2a: Greninja|26/100|[from] Stealth Rock
|turn|13
|
|t:|1758242129
|move|p2a: Greninja|Dark Pulse|p1a: Charizard
|-damage|p1a: Charizard|0 fnt
|faint|p1a: Charizard
|-ability|p2a: Greninja|Battle Bond|boost
|-boost|p2a: Greninja|atk|1
|-boost|p2a: Greninja|spa|1
|-boost|p2a: Greninja|spe|1
|-activate|p2a: Greninja|ability: Battle Bond
|
|upkeep
|
|t:|1758242141
|switch|p1a: Venusaur|Venusaur, M, shiny|100/100
|turn|14
|
|t:|1758242149
|move|p2a: Greninja|Hydro Pump|p1a: Venusaur
|-resisted|p1a: Venusaur
|-damage|p1a: Venusaur|73/100
|move|p1a: Venusaur|Leech Seed|p2a: Greninja
|-start|p2a: Greninja|move: Leech Seed
|
|-heal|p1a: Venusaur|79/100|[from] item: Leftovers
|-damage|p2a: Greninja|14/100|[from] Leech Seed|[of] p1a: Venusaur
|-heal|p1a: Venusaur|89/100|[silent]
|upkeep
|turn|15
|
|t:|1758242159
|move|p1a: Venusaur|Protect|p1a: Venusaur
|-singleturn|p1a: Venusaur|Protect
|move|p2a: Greninja|Dark Pulse|p1a: Venusaur
|-activate|p1a: Venusaur|move: Protect
|
|-heal|p1a: Venusaur|95/100|[from] item: Leftovers
|-damage|p2a: Greninja|2/100|[from] Leech Seed|[of] p1a: Venusaur
|-heal|p1a: Venusaur|100/100|[silent]
|upkeep
|turn|16
|
|t:|1758242171
|move|p2a: Greninja|Dark Pulse|p1a: Venusaur
|-damage|p1a: Venusaur|63/100
|move|p1a: Venusaur|Giga Drain|p2a: Greninja
|-supereffective|p2a: Greninja
|-damage|p2a: Greninja|0 fnt
|-heal|p1a: Venusaur|64/100|[from] drain|[of] p2a: Greninja
|faint|p2a: Greninja
|
|-heal|p1a: Venusaur|70/100|[from] item: Leftovers
|upkeep
|
|t:|1758242177
|switch|p2a: Hitmonlee|Hitmonlee, M, shiny|100/100
|-damage|p2a: Hitmonlee|84/100|[from] Spikes
|-damage|p2a: Hitmonlee|78/100|[from] Stealth Rock
|turn|17
|
|t:|1758242187
|move|p2a: Hitmonlee|Endure|p2a: Hitmonlee
|-singleturn|p2a: Hitmonlee|move: Endure
|move|p1a: Venusaur|Leech Seed|p2a: Hitmonlee|[miss]
|-miss|p1a: Venusaur|p2a: Hitmonlee
|
|-heal|p1a: Venusaur|76/100|[from] item: Leftovers
|upkeep
|turn|18
|
|t:|1758242198
|switch|p2a: Iron Moth|Iron Moth|84/100
|-damage|p2a: Iron Moth|67/100|[from] Spikes
|-damage|p2a: Iron Moth|43/100|[from] Stealth Rock
|move|p1a: Venusaur|Leech Seed|p2a: Iron Moth|[miss]
|-miss|p1a: Venusaur|p2a: Iron Moth
|
|-heal|p1a: Venusaur|82/100|[from] item: Leftovers
|upkeep
|turn|19
|
|t:|1758242213
|move|p2a: Iron Moth|Fiery Dance|p1a: Venusaur
|-supereffective|p1a: Venusaur
|-damage|p1a: Venusaur|29/100
|move|p1a: Venusaur|Leech Seed|p2a: Iron Moth
|-start|p2a: Iron Moth|move: Leech Seed
|
|-heal|p1a: Venusaur|35/100|[from] item: Leftovers
|-damage|p2a: Iron Moth|30/100|[from] Leech Seed|[of] p1a: Venusaur
|-heal|p1a: Venusaur|47/100|[silent]
|upkeep
|turn|20
|
|t:|1758242223
|move|p1a: Venusaur|Protect|p1a: Venusaur
|-singleturn|p1a: Venusaur|Protect
|move|p2a: Iron Moth|Fiery Dance|p1a: Venusaur
|-activate|p1a: Venusaur|move: Protect
|
|-heal|p1a: Venusaur|54/100|[from] item: Leftovers
|-damage|p2a: Iron Moth|18/100|[from] Leech Seed|[of] p1a: Venusaur
|-heal|p1a: Venusaur|66/100|[silent]
|upkeep
|turn|21
|
|t:|1758242233
|move|p2a: Iron Moth|Fiery Dance|p1a: Venusaur
|-supereffective|p1a: Venusaur
|-damage|p1a: Venusaur|15/100
|-boost|p2a: Iron Moth|spa|1
|move|p1a: Venusaur|Giga Drain|p2a: Iron Moth
|-resisted|p2a: Iron Moth
|-damage|p2a: Iron Moth|9/100
|-heal|p1a: Venusaur|19/100|[from] drain|[of] p2a: Iron Moth
|
|-heal|p1a: Venusaur|25/100|[from] item: Leftovers
|-damage|p2a: Iron Moth|0 fnt|[from] Leech Seed|[of] p1a: Venusaur
|-heal|p1a: Venusaur|34/100|[silent]
|faint|p2a: Iron Moth
|-end|p2a: Iron Moth|Quark Drive|[silent]
|upkeep
|
|t:|1758242238
|switch|p2a: Dragonite|Dragonite, M|69/100
|-damage|p2a: Dragonite|44/100|[from] Stealth Rock
|turn|22
|
|t:|1758242250
|move|p2a: Dragonite|Extreme Speed|p1a: Venusaur
|-damage|p1a: Venusaur|0 fnt
|faint|p1a: Venusaur
|
|upkeep
|
|t:|1758242259
|switch|p1a: Dragonite|Dragonite, F, shiny|100/100
|turn|23
|
|t:|1758242264
|move|p1a: Dragonite|Dragon Dance|p1a: Dragonite
|-boost|p1a: Dragonite|atk|1
|-boost|p1a: Dragonite|spe|1
|move|p2a: Dragonite|Dragon Dance|p2a: Dragonite
|-boost|p2a: Dragonite|atk|1
|-boost|p2a: Dragonite|spe|1
|
|upkeep
|turn|24
|
|t:|1758242274
|move|p2a: Dragonite|Scale Shot|p1a: Dragonite
|-supereffective|p1a: Dragonite
|-damage|p1a: Dragonite|75/100
|-enditem|p1a: Dragonite|Weakness Policy
|-boost|p1a: Dragonite|atk|2|[from] item: Weakness Policy
|-boost|p1a: Dragonite|spa|2|[from] item: Weakness Policy
|-supereffective|p1a: Dragonite
|-damage|p1a: Dragonite|21/100
|-supereffective|p1a: Dragonite
|-damage|p1a: Dragonite|0 fnt
|faint|p1a: Dragonite
|-hitcount|p1: Dragonite|3
|-unboost|p2a: Dragonite|def|1
|-boost|p2a: Dragonite|spe|1
|
|upkeep
|
|t:|1758242286
|switch|p1a: Blastoise|Blastoise, M, shiny|100/100
|turn|25
|
|t:|1758242296
|-terastallize|p1a: Blastoise|Water
|move|p2a: Dragonite|Scale Shot|p1a: Blastoise
|-damage|p1a: Blastoise|75/100
|-damage|p1a: Blastoise|49/100
|-damage|p1a: Blastoise|22/100
|-damage|p1a: Blastoise|0 fnt
|faint|p1a: Blastoise
|-hitcount|p1: Blastoise|4
|
|win|ermfranktaylor
|raw|Braxl's rating: 1061 &rarr; <strong>1043</strong><br />(-18 for losing)
|raw|ermfranktaylor's rating: 1076 &rarr; <strong>1103</strong><br />(+27 for winning)
|l|☆Braxl
|player|p1|
|l|☆ermfranktaylor
|player|p2|
