|j|☆fat nerd 22
|j|☆Gellygreen
|t:|1758321294
|gametype|singles
|player|p1|fat nerd 22|giovanni|1313
|player|p2|Gellygreen|clair|1296
|gen|9
|tier|[Gen 9] OU
|rated|
|rule|HP Percentage Mod: HP is shown in percentages
|rule|Endless Battle Clause: Forcing endless battles is banned
|rule|Species Clause: Limit one of each Pokémon
|rule|OHKO Clause: OHKO moves are banned
|rule|Evasion Items Clause: Evasion items are banned
|rule|Evasion Moves Clause: Evasion moves are banned
|rule|Evasion Abilities Clause: Evasion abilities are banned
|rule|Sleep Moves Clause: Sleep-inducing moves are banned
|clearpoke
|poke|p1|Kommo-o, F|
|poke|p1|Gholdengo|
|poke|p1|Heracross, F|
|poke|p1|Araquanid, M|
|poke|p1|Cyclizar, F|
|poke|p1|Gardevoir, M|
|poke|p2|Zamazenta-*|
|poke|p2|Latios, M|
|poke|p2|Crawdaunt, M|
|poke|p2|Porygon2|
|poke|p2|Skeledirge, M|
|poke|p2|Scizor, F|
|teampreview
|
|t:|1758321319
|teamsize|p1|6
|teamsize|p2|6
|start
|switch|p1a: Araquanid|Araquanid, M|100/100
|switch|p2a: Anus' creator|Crawdaunt, M|100/100
|turn|1
|
|t:|1758321326
|move|p2a: Anus' creator|Knock Off|p1a: Araquanid
|-damage|p1a: Araquanid|0 fnt
|-enditem|p1a: Araquanid|Assault Vest|[from] move: Knock Off|[of] p2a: Anus' creator
|faint|p1a: Araquanid
|
|upkeep
|
|t:|1758321343
|switch|p1a: Gardevoir|Gardevoir, M|100/100
|-ability|p1a: Gardevoir|Adaptability|Trace|[from] ability: Trace|[of] p2a: Anus' creator
|turn|2
|
|t:|1758321350
|switch|p2a: God2|Porygon2|100/100
|-ability|p2a: God2|Adaptability|Trace|[from] ability: Trace|[of] p1a: Gardevoir
|move|p1a: Gardevoir|Moonblast|p2a: God2
|-damage|p2a: God2|70/100
|-unboost|p2a: God2|spa|1
|
|upkeep
|turn|3
|
|t:|1758321359
|move|p1a: Gardevoir|Mystical Fire|p2a: God2
|-damage|p2a: God2|57/100
|-unboost|p2a: God2|spa|1
|move|p2a: God2|Discharge|p1a: Gardevoir
|-damage|p1a: Gardevoir|92/100
|
|-heal|p1a: Gardevoir|98/100|[from] item: Leftovers
|upkeep
|turn|4
|
|t:|1758321365
|move|p1a: Gardevoir|Moonblast|p2a: God2
|-damage|p2a: God2|28/100
|move|p2a: God2|Recover|p2a: God2
|-heal|p2a: God2|78/100
|
|-heal|p1a: Gardevoir|100/100|[from] item: Leftovers
|upkeep
|turn|5
|
|t:|1758321372
|move|p1a: Gardevoir|Moonblast|p2a: God2
|-damage|p2a: God2|45/100
|move|p2a: God2|Discharge|p1a: Gardevoir
|-damage|p1a: Gardevoir|91/100
|
|-heal|p1a: Gardevoir|97/100|[from] item: Leftovers
|upkeep
|turn|6
|
|t:|1758321381
|move|p1a: Gardevoir|Psychic|p2a: God2
|-damage|p2a: God2|17/100
|move|p2a: God2|Recover|p2a: God2
|-heal|p2a: God2|67/100
|
|-heal|p1a: Gardevoir|100/100|[from] item: Leftovers
|upkeep
|turn|7
|
|t:|1758321387
|move|p1a: Gardevoir|Moonblast|p2a: God2
|-damage|p2a: God2|34/100
|move|p2a: God2|Discharge|p1a: Gardevoir
|-damage|p1a: Gardevoir|91/100
|
|-heal|p1a: Gardevoir|97/100|[from] item: Leftovers
|upkeep
|turn|8
|
|t:|1758321395
|move|p1a: Gardevoir|Moonblast|p2a: God2
|-damage|p2a: God2|3/100
|-unboost|p2a: God2|spa|1
|move|p2a: God2|Recover|p2a: God2
|-heal|p2a: God2|53/100
|
|-heal|p1a: Gardevoir|100/100|[from] item: Leftovers
|upkeep
|turn|9
|
|t:|1758321400
|move|p1a: Gardevoir|Moonblast|p2a: God2
|-damage|p2a: God2|19/100
|move|p2a: God2|Discharge|p1a: Gardevoir
|-damage|p1a: Gardevoir|94/100
|
|-heal|p1a: Gardevoir|99/100|[from] item: Leftovers
|upkeep
|turn|10
|
|t:|1758321408
|switch|p2a: Muhammad Ali|Scizor, F|100/100
|move|p1a: Gardevoir|Moonblast|p2a: Muhammad Ali
|-resisted|p2a: Muhammad Ali
|-damage|p2a: Muhammad Ali|58/100
|-unboost|p2a: Muhammad Ali|spa|1
|
|-heal|p1a: Gardevoir|100/100|[from] item: Leftovers
|upkeep
|turn|11
|
|t:|1758321418
|-terastallize|p1a: Gardevoir|Fire
|move|p2a: Muhammad Ali|Bullet Punch|p1a: Gardevoir
|-resisted|p1a: Gardevoir
|-damage|p1a: Gardevoir|77/100
|move|p1a: Gardevoir|Mystical Fire|p2a: Muhammad Ali
|-supereffective|p2a: Muhammad Ali
|-damage|p2a: Muhammad Ali|0 fnt
|faint|p2a: Muhammad Ali
|
|-heal|p1a: Gardevoir|83/100|[from] item: Leftovers
|upkeep
|
|t:|1758321424
|switch|p2a: Anus' creator|Crawdaunt, M|100/100
|turn|12
|
|t:|1758321432
|move|p2a: Anus' creator|Aqua Jet|p1a: Gardevoir
|-supereffective|p1a: Gardevoir
|-damage|p1a: Gardevoir|0 fnt
|faint|p1a: Gardevoir
|
|upkeep
|
|t:|1758321445
|switch|p1a: Kommo-o|Kommo-o, F|100/100
|turn|13
|
|t:|1758321459
|switch|p2a: Black sheep|Latios, M|100/100
|move|p1a: Kommo-o|Clangorous Soul|p1a: Kommo-o
|-boost|p1a: Kommo-o|atk|1
|-boost|p1a: Kommo-o|def|1
|-boost|p1a: Kommo-o|spa|1
|-boost|p1a: Kommo-o|spd|1
|-boost|p1a: Kommo-o|spe|1
|-damage|p1a: Kommo-o|68/100
|-enditem|p1a: Kommo-o|Throat Spray
|-boost|p1a: Kommo-o|spa|1|[from] item: Throat Spray
|
|upkeep
|turn|14
|
|t:|1758321467
|move|p2a: Black sheep|Luster Purge|p1a: Kommo-o
|-supereffective|p1a: Kommo-o
|-damage|p1a: Kommo-o|0 fnt
|faint|p1a: Kommo-o
|
|upkeep
|
|t:|1758321475
|switch|p1a: Gholdengo|Gholdengo|100/100
|turn|15
|
|t:|1758321482
|switch|p2a: Anus' creator|Crawdaunt, M|100/100
|move|p1a: Gholdengo|Dazzling Gleam|p2a: Anus' creator
|-supereffective|p2a: Anus' creator
|-damage|p2a: Anus' creator|0 fnt
|faint|p2a: Anus' creator
|
|upkeep
|
|t:|1758321492
|switch|p2a: Black sheep|Latios, M|100/100
|turn|16
|
|t:|1758321500
|switch|p1a: Cyclizar|Cyclizar, F|100/100
|move|p2a: Black sheep|Draco Meteor|p1a: Cyclizar
|-supereffective|p1a: Cyclizar
|-enditem|p1a: Cyclizar|Focus Sash
|-damage|p1a: Cyclizar|1/100
|-unboost|p2a: Black sheep|spa|2
|
|upkeep
|turn|17
|
|t:|1758321507
|move|p2a: Black sheep|Draco Meteor|p1a: Cyclizar
|-supereffective|p1a: Cyclizar
|-damage|p1a: Cyclizar|0 fnt
|-unboost|p2a: Black sheep|spa|2
|faint|p1a: Cyclizar
|
|upkeep
|
|t:|1758321514
|switch|p1a: Heracross|Heracross, F|100/100
|turn|18
|
|t:|1758321518
|switch|p2a: VIVA MEXICO PINGA|Skeledirge, M|100/100
|move|p1a: Heracross|Trailblaze|p2a: VIVA MEXICO PINGA
|-resisted|p2a: VIVA MEXICO PINGA
|-damage|p2a: VIVA MEXICO PINGA|95/100
|-boost|p1a: Heracross|spe|1
|
|-status|p1a: Heracross|brn|[from] item: Flame Orb
|upkeep
|turn|19
|
|t:|1758321527
|move|p1a: Heracross|Earthquake|p2a: VIVA MEXICO PINGA
|-supereffective|p2a: VIVA MEXICO PINGA
|-damage|p2a: VIVA MEXICO PINGA|29/100
|move|p2a: VIVA MEXICO PINGA|Torch Song|p1a: Heracross
|-supereffective|p1a: Heracross
|-damage|p1a: Heracross|37/100 brn
|-boost|p2a: VIVA MEXICO PINGA|spa|1
|
|-damage|p1a: Heracross|31/100 brn|[from] brn
|upkeep
|turn|20
|
|t:|1758321538
|switch|p2a: Black sheep|Latios, M|100/100
|move|p1a: Heracross|Earthquake|p2a: Black sheep
|-immune|p2a: Black sheep|[from] ability: Levitate
|
|-damage|p1a: Heracross|25/100 brn|[from] brn
|upkeep
|turn|21
|
|t:|1758321548
|move|p2a: Black sheep|Luster Purge|p1a: Heracross
|-supereffective|p1a: Heracross
|-damage|p1a: Heracross|0 fnt
|faint|p1a: Heracross
|
|upkeep
|
|t:|1758321551
|switch|p1a: Gholdengo|Gholdengo|100/100
|turn|22
|
|t:|1758321558
|move|p2a: Black sheep|Luster Purge|p1a: Gholdengo
|-resisted|p1a: Gholdengo
|-damage|p1a: Gholdengo|74/100
|-unboost|p1a: Gholdengo|spd|1
|move|p1a: Gholdengo|Dazzling Gleam|p2a: Black sheep
|-supereffective|p2a: Black sheep
|-damage|p2a: Black sheep|40/100
|
|upkeep
|turn|23
|-message|fat nerd 22 forfeited.
|
|win|Gellygreen
|raw|fat nerd 22's rating: 1313 &rarr; <strong>1292</strong><br />(-21 for losing)
|raw|Gellygreen's rating: 1296 &rarr; <strong>1322</strong><br />(+26 for winning)
|l|☆fat nerd 22
|player|p1|
|l|☆Gellygreen
|player|p2|
