|j|☆swumpy mumpus
|j|☆crealed
|t:|1758342579
|gametype|singles
|player|p1|swumpy mumpus|170|1466
|player|p2|crealed|raihan|1451
|gen|9
|tier|[Gen 9] OU
|rated|
|rule|HP Percentage Mod: HP is shown in percentages
|rule|Endless Battle Clause: Forcing endless battles is banned
|rule|Species Clause: Limit one of each Pokémon
|rule|OHKO Clause: OHKO moves are banned
|rule|Evasion Items Clause: Evasion items are banned
|rule|Evasion Moves Clause: Evasion moves are banned
|rule|Evasion Abilities Clause: Evasion abilities are banned
|rule|Sleep Moves Clause: Sleep-inducing moves are banned
|clearpoke
|poke|p1|Okidogi, M|
|poke|p1|Weezing-Galar, M|
|poke|p1|Ogerpon-Wellspring, F|
|poke|p1|Hatterene, F|
|poke|p1|Weavile, F|
|poke|p1|Hawlucha, M|
|poke|p2|Scrafty, F|
|poke|p2|Iron Crown|
|poke|p2|Rillaboom, F|
|poke|p2|Samurott-Hisui, M|
|poke|p2|Dragapult, M|
|poke|p2|Landorus-Therian, M|
|teampreview
|inactive|Battle timer is ON: inactive players will automatically lose when time's up. (requested by crealed)
|
|t:|1758342612
|teamsize|p1|6
|teamsize|p2|6
|start
|switch|p1a: Weavile|Weavile, F|100/100
|switch|p2a: Iron Crown|Iron Crown|100/100
|-ability|p1a: Weavile|Pressure
|turn|1
|
|t:|1758342625
|switch|p1a: Ogerpon|Ogerpon-Wellspring, F|100/100
|move|p2a: Iron Crown|Tachyon Cutter|p1a: Ogerpon
|-resisted|p1a: Ogerpon
|-damage|p1a: Ogerpon|87/100
|-resisted|p1a: Ogerpon
|-damage|p1a: Ogerpon|72/100
|-hitcount|p1a: Ogerpon|2
|
|upkeep
|turn|2
|
|t:|1758342633
|-end|p2a: Iron Crown|Quark Drive|[silent]
|switch|p2a: Scrafty|Scrafty, F|100/100
|-ability|p2a: Scrafty|Intimidate|boost
|-unboost|p1a: Ogerpon|atk|1
|move|p1a: Ogerpon|Ivy Cudgel|p2a: Scrafty|[anim] Ivy Cudgel Water
|-damage|p2a: Scrafty|74/100
|
|-heal|p2a: Scrafty|80/100|[from] item: Leftovers
|upkeep
|turn|3
|
|t:|1758342641
|switch|p1a: Weezing|Weezing-Galar, M|100/100
|-fieldstart|move: Misty Terrain|[from] ability: Misty Surge|[of] p1a: Weezing
|move|p2a: Scrafty|Knock Off|p1a: Weezing
|-resisted|p1a: Weezing
|-damage|p1a: Weezing|91/100
|-enditem|p1a: Weezing|Terrain Extender|[from] move: Knock Off|[of] p2a: Scrafty
|
|-heal|p2a: Scrafty|86/100|[from] item: Leftovers
|upkeep
|turn|4
|
|t:|1758342664
|switch|p1a: Ogerpon|Ogerpon-Wellspring, F|72/100
|switch|p2a: Iron Crown|Iron Crown|100/100
|
|upkeep
|turn|5
|
|t:|1758342673
|-end|p2a: Iron Crown|Quark Drive|[silent]
|switch|p2a: Scrafty|Scrafty, F|86/100
|-ability|p2a: Scrafty|Intimidate|boost
|-unboost|p1a: Ogerpon|atk|1
|move|p1a: Ogerpon|Swords Dance|p1a: Ogerpon
|-boost|p1a: Ogerpon|atk|2
|
|-heal|p2a: Scrafty|92/100|[from] item: Leftovers
|upkeep
|turn|6
|
|t:|1758342676
|move|p1a: Ogerpon|Play Rough|p2a: Scrafty
|-supereffective|p2a: Scrafty
|-damage|p2a: Scrafty|0 fnt
|faint|p2a: Scrafty
|
|upkeep
|
|t:|1758342684
|switch|p2a: Rillaboom|Rillaboom, F|100/100
|-fieldstart|move: Grassy Terrain|[from] ability: Grassy Surge|[of] p2a: Rillaboom
|turn|7
|
|t:|1758342687
|switch|p1a: Weezing|Weezing-Galar, M|91/100
|-fieldstart|move: Misty Terrain|[from] ability: Misty Surge|[of] p1a: Weezing
|move|p2a: Rillaboom|Grassy Glide|p1a: Weezing
|-resisted|p1a: Weezing
|-damage|p1a: Weezing|77/100
|
|upkeep
|turn|8
|
|t:|1758342694
|switch|p2a: Iron Crown|Iron Crown|100/100
|switch|p1a: Okidogi|Okidogi, M|100/100
|
|upkeep
|turn|9
|
|t:|1758342704
|switch|p1a: Ogerpon|Ogerpon-Wellspring, F|72/100
|move|p2a: Iron Crown|Future Sight|p1a: Ogerpon
|-start|p2a: Iron Crown|move: Future Sight
|
|upkeep
|turn|10
|
|t:|1758342709
|move|p1a: Ogerpon|Ivy Cudgel|p2a: Iron Crown|[anim] Ivy Cudgel Water
|-crit|p2a: Iron Crown
|-damage|p2a: Iron Crown|14/100
|move|p2a: Iron Crown|Volt Switch|p1a: Ogerpon
|-damage|p1a: Ogerpon|45/100
|
|t:|1758342716
|-end|p2a: Iron Crown|Quark Drive|[silent]
|switch|p2a: Dragapult|Dragapult, M|100/100|[from] Volt Switch
|
|upkeep
|turn|11
|
|t:|1758342720
|switch|p1a: Weavile|Weavile, F|100/100
|-ability|p1a: Weavile|Pressure
|move|p2a: Dragapult|U-turn|p1a: Weavile
|-supereffective|p1a: Weavile
|-damage|p1a: Weavile|45/100
|
|t:|1758342728
|switch|p2a: Rillaboom|Rillaboom, F|100/100|[from] U-turn
|-fieldstart|move: Grassy Terrain|[from] ability: Grassy Surge|[of] p2a: Rillaboom
|
|-end|p1a: Weavile|move: Future Sight
|-immune|p1a: Weavile
|-heal|p1a: Weavile|51/100|[from] Grassy Terrain
|upkeep
|turn|12
|
|t:|1758342735
|switch|p1a: Weezing|Weezing-Galar, M|77/100
|-fieldstart|move: Misty Terrain|[from] ability: Misty Surge|[of] p1a: Weezing
|move|p2a: Rillaboom|U-turn|p1a: Weezing
|-resisted|p1a: Weezing
|-damage|p1a: Weezing|71/100
|
|t:|1758342746
|switch|p2a: Iron Crown|Iron Crown|14/100|[from] U-turn
|
|upkeep
|turn|13
|
|t:|1758342762
|switch|p1a: Ogerpon|Ogerpon-Wellspring, F|45/100
|move|p2a: Iron Crown|Tachyon Cutter|p1a: Ogerpon
|-resisted|p1a: Ogerpon
|-damage|p1a: Ogerpon|29/100
|-resisted|p1a: Ogerpon
|-damage|p1a: Ogerpon|15/100
|-hitcount|p1a: Ogerpon|2
|
|upkeep
|turn|14
|
|t:|1758342776
|-end|p2a: Iron Crown|Quark Drive|[silent]
|switch|p2a: Rillaboom|Rillaboom, F|100/100
|-fieldstart|move: Grassy Terrain|[from] ability: Grassy Surge|[of] p2a: Rillaboom
|move|p1a: Ogerpon|Synthesis|p1a: Ogerpon
|-heal|p1a: Ogerpon|65/100
|
|-heal|p1a: Ogerpon|71/100|[from] Grassy Terrain
|upkeep
|turn|15
|
|t:|1758342788
|-terastallize|p1a: Ogerpon|Water
|detailschange|p1a: Ogerpon|Ogerpon-Wellspring-Tera, F, tera:Water
|-ability|p1a: Ogerpon|Embody Aspect (Wellspring)|boost
|-boost|p1a: Ogerpon|spd|1
|move|p1a: Ogerpon|Swords Dance|p1a: Ogerpon
|-boost|p1a: Ogerpon|atk|2
|move|p2a: Rillaboom|Wood Hammer|p1a: Ogerpon
|-supereffective|p1a: Ogerpon
|-damage|p1a: Ogerpon|0 fnt
|faint|p1a: Ogerpon
|detailschange|p1: Ogerpon|Ogerpon-Wellspring, F|[silent]
|-damage|p2a: Rillaboom|80/100|[from] Recoil
|
|-heal|p2a: Rillaboom|86/100|[from] Grassy Terrain
|upkeep
|
|t:|1758342794
|switch|p1a: Weavile|Weavile, F|51/100
|-ability|p1a: Weavile|Pressure
|turn|16
|
|t:|1758342798
|switch|p2a: Iron Crown|Iron Crown|14/100
|move|p1a: Weavile|Triple Axel|p2a: Iron Crown
|-resisted|p2a: Iron Crown
|-damage|p2a: Iron Crown|6/100
|-resisted|p2a: Iron Crown
|-damage|p2a: Iron Crown|0 fnt
|faint|p2a: Iron Crown
|-end|p2a: Iron Crown|Quark Drive|[silent]
|-hitcount|p2: Iron Crown|2
|
|-heal|p1a: Weavile|57/100|[from] Grassy Terrain
|upkeep
|
|t:|1758342803
|switch|p2a: Rillaboom|Rillaboom, F|86/100
|turn|17
|
|t:|1758342806
|switch|p1a: Weezing|Weezing-Galar, M|71/100
|-fieldstart|move: Misty Terrain|[from] ability: Misty Surge|[of] p1a: Weezing
|move|p2a: Rillaboom|Grassy Glide|p1a: Weezing
|-resisted|p1a: Weezing
|-damage|p1a: Weezing|56/100
|
|upkeep
|turn|18
|
|t:|1758342810
|switch|p2a: Landorus|Landorus-Therian, M|100/100
|-ability|p2a: Landorus|Intimidate|boost
|-unboost|p1a: Weezing|atk|1
|switch|p1a: Weavile|Weavile, F|57/100
|-ability|p1a: Weavile|Pressure
|
|upkeep
|turn|19
|
|t:|1758342816
|-terastallize|p2a: Landorus|Water
|move|p1a: Weavile|Triple Axel|p2a: Landorus
|-resisted|p2a: Landorus
|-damage|p2a: Landorus|94/100
|-damage|p1a: Weavile|41/100|[from] item: Rocky Helmet|[of] p2a: Landorus
|-resisted|p2a: Landorus
|-damage|p2a: Landorus|80/100
|-damage|p1a: Weavile|24/100|[from] item: Rocky Helmet|[of] p2a: Landorus
|-resisted|p2a: Landorus
|-damage|p2a: Landorus|59/100
|-damage|p1a: Weavile|8/100|[from] item: Rocky Helmet|[of] p2a: Landorus
|-hitcount|p2a: Landorus|3
|move|p2a: Landorus|U-turn|p1a: Weavile
|-supereffective|p1a: Weavile
|-damage|p1a: Weavile|0 fnt
|faint|p1a: Weavile
|
|t:|1758342826
|switch|p2a: Rillaboom|Rillaboom, F|86/100|[from] U-turn
|-fieldstart|move: Grassy Terrain|[from] ability: Grassy Surge|[of] p2a: Rillaboom
|
|-heal|p2a: Rillaboom|92/100|[from] Grassy Terrain
|upkeep
|
|t:|1758342831
|switch|p1a: Weezing|Weezing-Galar, M|56/100
|-fieldstart|move: Misty Terrain|[from] ability: Misty Surge|[of] p1a: Weezing
|turn|20
|
|t:|1758342837
|switch|p1a: Okidogi|Okidogi, M|100/100
|move|p2a: Rillaboom|U-turn|p1a: Okidogi
|-resisted|p1a: Okidogi
|-damage|p1a: Okidogi|93/100
|
|t:|1758342841
|switch|p2a: Landorus|Landorus-Therian, M, tera:Water|59/100|[from] U-turn
|-ability|p2a: Landorus|Intimidate|boost
|-ability|p1a: Okidogi|Guard Dog|boost
|-boost|p1a: Okidogi|atk|1
|
|-heal|p1a: Okidogi|99/100|[from] item: Leftovers
|upkeep
|turn|21
|
|t:|1758342852
|move|p2a: Landorus|Earth Power|p1a: Okidogi
|-supereffective|p1a: Okidogi
|-damage|p1a: Okidogi|33/100
|-unboost|p1a: Okidogi|spd|1
|move|p1a: Okidogi|Drain Punch|p2a: Landorus
|-damage|p2a: Landorus|0 fnt
|-heal|p1a: Okidogi|63/100|[from] drain|[of] p2a: Landorus
|-damage|p1a: Okidogi|46/100|[from] item: Rocky Helmet|[of] p2a: Landorus
|faint|p2a: Landorus
|
|-heal|p1a: Okidogi|52/100|[from] item: Leftovers
|upkeep
|
|t:|1758342863
|switch|p2a: Dragapult|Dragapult, M|100/100
|turn|22
|
|t:|1758342868
|move|p2a: Dragapult|Shadow Ball|p1a: Okidogi
|-damage|p1a: Okidogi|0 fnt
|faint|p1a: Okidogi
|
|upkeep
|
|t:|1758342871
|switch|p1a: Hawlucha|Hawlucha, M|100/100
|-enditem|p1a: Hawlucha|Misty Seed
|-boost|p1a: Hawlucha|spd|1|[from] item: Misty Seed
|turn|23
|
|t:|1758342877
|move|p1a: Hawlucha|Swords Dance|p1a: Hawlucha
|-boost|p1a: Hawlucha|atk|2
|move|p2a: Dragapult|Shadow Ball|p1a: Hawlucha
|-damage|p1a: Hawlucha|53/100
|-unboost|p1a: Hawlucha|spd|1
|
|upkeep
|turn|24
|
|t:|1758342889
|switch|p2a: Samurott|Samurott-Hisui, M|100/100
|move|p1a: Hawlucha|Acrobatics|p2a: Samurott
|-damage|p2a: Samurott|0 fnt
|faint|p2a: Samurott
|
|-fieldend|Misty Terrain
|upkeep
|
|t:|1758342894
|switch|p2a: Rillaboom|Rillaboom, F|92/100
|-fieldstart|move: Grassy Terrain|[from] ability: Grassy Surge|[of] p2a: Rillaboom
|turn|25
|
|t:|1758342900
|move|p2a: Rillaboom|Grassy Glide|p1a: Hawlucha
|-resisted|p1a: Hawlucha
|-damage|p1a: Hawlucha|11/100
|move|p1a: Hawlucha|Acrobatics|p2a: Rillaboom
|-supereffective|p2a: Rillaboom
|-damage|p2a: Rillaboom|0 fnt
|faint|p2a: Rillaboom
|
|upkeep
|
|t:|1758342903
|switch|p2a: Dragapult|Dragapult, M|100/100
|turn|26
|
|t:|1758342905
|move|p1a: Hawlucha|Acrobatics|p2a: Dragapult
|-damage|p2a: Dragapult|0 fnt
|faint|p2a: Dragapult
|
|win|swumpy mumpus
|raw|swumpy mumpus's rating: 1466 &rarr; <strong>1485</strong><br />(+19 for winning)
|raw|crealed's rating: 1451 &rarr; <strong>1432</strong><br />(-19 for losing)
|c|☆swumpy mumpus|gg
|l|☆crealed
|player|p2|
|l|☆swumpy mumpus
|player|p1|
