|j|☆cattoungue2681
|j|☆Kis Vegallomas
|t:|1758284175
|gametype|singles
|player|p1|cattoungue2681|1|1391
|player|p2|Kis Vegallomas|170|1417
|gen|9
|tier|[Gen 9] OU
|rated|
|rule|HP Percentage Mod: HP is shown in percentages
|rule|Endless Battle Clause: Forcing endless battles is banned
|rule|Species Clause: Limit one of each Pokémon
|rule|OHKO Clause: OHKO moves are banned
|rule|Evasion Items Clause: Evasion items are banned
|rule|Evasion Moves Clause: Evasion moves are banned
|rule|Evasion Abilities Clause: Evasion abilities are banned
|rule|Sleep Moves Clause: Sleep-inducing moves are banned
|clearpoke
|poke|p1|Pelipper, M|
|poke|p1|Barraskewda, M|
|poke|p1|Tornadus-Therian, M|
|poke|p1|Greninja-*, M|
|poke|p1|Iron Treads|
|poke|p1|Raging Bolt|
|poke|p2|Goodra-Hisui, F|
|poke|p2|Pecharunt|
|poke|p2|Tsareena, F|
|poke|p2|Skeledirge, F|
|poke|p2|Scizor, F|
|poke|p2|Azumarill, M|
|teampreview
|inactive|Battle timer is ON: inactive players will automatically lose when time's up. (requested by cattoungue2681)
|inactive|Kis Vegallomas has 120 seconds left.
|l|☆cattoungue2681
|inactive|cattoungue2681 disconnected and has a minute to reconnect!
|player|p1|
|j|☆cattoungue2681
|inactive|cattoungue2681 reconnected.
|player|p1|cattoungue2681|1|
|inactiveoff|Battle timer is now OFF.
|
|t:|1758284241
|teamsize|p1|6
|teamsize|p2|6
|start
|switch|p1a: Pelipper|Pelipper, M, shiny|100/100
|switch|p2a: Scizor|Scizor, F|100/100
|-weather|RainDance|[from] ability: Drizzle|[of] p1a: Pelipper
|turn|1
|
|t:|1758284249
|move|p2a: Scizor|Knock Off|p1a: Pelipper
|-damage|p1a: Pelipper|67/100
|-enditem|p1a: Pelipper|Damp Rock|[from] move: Knock Off|[of] p2a: Scizor
|move|p1a: Pelipper|U-turn|p2a: Scizor
|-resisted|p2a: Scizor
|-damage|p2a: Scizor|96/100
|-enditem|p2a: Scizor|Red Card|[of] p1a: Pelipper
|drag|p1a: Tornadus|Tornadus-Therian, M, shiny|100/100
|
|-weather|RainDance|[upkeep]
|upkeep
|turn|2
|inactive|Battle timer is ON: inactive players will automatically lose when time's up. (requested by cattoungue2681)
|
|t:|1758284260
|switch|p2a: Goodra|Goodra-Hisui, F|100/100
|move|p1a: Tornadus|Hurricane|p2a: Goodra
|-resisted|p2a: Goodra
|-damage|p2a: Goodra|83/100
|
|-weather|RainDance|[upkeep]
|upkeep
|turn|3
|
|t:|1758284267
|switch|p1a: Iron Treads|Iron Treads, shiny|100/100
|move|p2a: Goodra|Dragon Pulse|p1a: Iron Treads
|-resisted|p1a: Iron Treads
|-damage|p1a: Iron Treads|72/100
|-enditem|p1a: Iron Treads|Eject Button
|
|t:|1758284271
|-end|p1a: Iron Treads|Quark Drive|[silent]
|switch|p1a: Tornadus|Tornadus-Therian, M, shiny|100/100
|
|-weather|RainDance|[upkeep]
|upkeep
|turn|4
|
|t:|1758284275
|move|p1a: Tornadus|Focus Blast|p2a: Goodra
|-supereffective|p2a: Goodra
|-damage|p2a: Goodra|33/100
|move|p2a: Goodra|Dragon Pulse|p1a: Tornadus
|-damage|p1a: Tornadus|44/100
|
|-weather|RainDance|[upkeep]
|upkeep
|turn|5
|
|t:|1758284281
|move|p1a: Tornadus|Focus Blast|p2a: Goodra
|-supereffective|p2a: Goodra
|-damage|p2a: Goodra|0 fnt
|faint|p2a: Goodra
|
|-weather|RainDance|[upkeep]
|upkeep
|
|t:|1758284287
|switch|p2a: Pecharunt|Pecharunt|100/100
|turn|6
|
|t:|1758284296
|switch|p1a: Iron Treads|Iron Treads, shiny|72/100
|move|p2a: Pecharunt|Shadow Ball|p1a: Iron Treads
|-damage|p1a: Iron Treads|25/100
|
|-weather|RainDance|[upkeep]
|upkeep
|turn|7
|
|t:|1758284302
|switch|p2a: Tsareena|Tsareena, F|100/100
|move|p1a: Iron Treads|Stealth Rock|p2a: Tsareena
|-sidestart|p2: Kis Vegallomas|move: Stealth Rock
|
|-weather|RainDance|[upkeep]
|upkeep
|turn|8
|
|t:|1758284310
|move|p1a: Iron Treads|Ice Spinner|p2a: Tsareena
|-supereffective|p2a: Tsareena
|-damage|p2a: Tsareena|60/100
|move|p2a: Tsareena|Rapid Spin|p1a: Iron Treads
|-resisted|p1a: Iron Treads
|-damage|p1a: Iron Treads|20/100
|-boost|p2a: Tsareena|spe|1
|-sideend|p2: Kis Vegallomas|Stealth Rock|[from] move: Rapid Spin|[of] p2a: Tsareena
|
|-weather|none
|upkeep
|turn|9
|
|t:|1758284316
|move|p1a: Iron Treads|Stealth Rock|p2a: Tsareena
|-sidestart|p2: Kis Vegallomas|move: Stealth Rock
|move|p2a: Tsareena|Power Whip|p1a: Iron Treads
|-damage|p1a: Iron Treads|0 fnt
|faint|p1a: Iron Treads
|-end|p1a: Iron Treads|Quark Drive|[silent]
|
|upkeep
|
|t:|1758284322
|switch|p1a: Pelipper|Pelipper, M, shiny|67/100
|-weather|RainDance|[from] ability: Drizzle|[of] p1a: Pelipper
|turn|10
|
|t:|1758284333
|move|p2a: Tsareena|Rapid Spin|p1a: Pelipper
|-damage|p1a: Pelipper|55/100
|-boost|p2a: Tsareena|spe|1
|-sideend|p2: Kis Vegallomas|Stealth Rock|[from] move: Rapid Spin|[of] p2a: Tsareena
|move|p1a: Pelipper|Hurricane|p2a: Tsareena
|-supereffective|p2a: Tsareena
|-damage|p2a: Tsareena|0 fnt
|faint|p2a: Tsareena
|
|-weather|RainDance|[upkeep]
|upkeep
|
|t:|1758284337
|switch|p2a: Azumarill|Azumarill, M|100/100
|turn|11
|
|t:|1758284344
|move|p2a: Azumarill|Play Rough|p1a: Pelipper
|-damage|p1a: Pelipper|0 fnt
|faint|p1a: Pelipper
|
|-weather|RainDance|[upkeep]
|upkeep
|
|t:|1758284353
|switch|p1a: Tornadus|Tornadus-Therian, M, shiny|77/100
|turn|12
|
|t:|1758284356
|move|p1a: Tornadus|Hurricane|p2a: Azumarill
|-damage|p2a: Azumarill|21/100
|move|p2a: Azumarill|Play Rough|p1a: Tornadus
|-damage|p1a: Tornadus|0 fnt
|faint|p1a: Tornadus
|
|-weather|RainDance|[upkeep]
|upkeep
|
|t:|1758284362
|switch|p1a: Greninja|Greninja, M|100/100
|turn|13
|
|t:|1758284365
|switch|p2a: Scizor|Scizor, F|96/100
|move|p1a: Greninja|Surf|p2a: Scizor
|-damage|p2a: Scizor|3/100
|-damage|p1a: Greninja|91/100|[from] item: Life Orb
|
|-weather|RainDance|[upkeep]
|upkeep
|turn|14
|
|t:|1758284373
|move|p1a: Greninja|Water Shuriken|p2a: Scizor
|-damage|p2a: Scizor|0 fnt
|faint|p2a: Scizor
|-ability|p1a: Greninja|Battle Bond|boost
|-boost|p1a: Greninja|atk|1
|-boost|p1a: Greninja|spa|1
|-boost|p1a: Greninja|spe|1
|-activate|p1a: Greninja|ability: Battle Bond
|-hitcount|p2: Scizor|1
|-damage|p1a: Greninja|81/100|[from] item: Life Orb
|
|-weather|none
|upkeep
|
|t:|1758284375
|switch|p2a: Skeledirge|Skeledirge, F|100/100
|turn|15
|
|t:|1758284379
|-terastallize|p2a: Skeledirge|Fairy
|move|p1a: Greninja|Surf|p2a: Skeledirge
|-damage|p2a: Skeledirge|46/100
|-damage|p1a: Greninja|71/100|[from] item: Life Orb
|move|p2a: Skeledirge|Alluring Voice|p1a: Greninja
|-supereffective|p1a: Greninja
|-damage|p1a: Greninja|0 fnt
|faint|p1a: Greninja
|
|upkeep
|
|t:|1758284384
|switch|p1a: Barraskewda|Barraskewda, M, shiny|100/100
|turn|16
|
|t:|1758284387
|move|p1a: Barraskewda|Liquidation|p2a: Skeledirge
|-damage|p2a: Skeledirge|0 fnt
|faint|p2a: Skeledirge
|
|upkeep
|
|t:|1758284390
|switch|p2a: Pecharunt|Pecharunt|100/100
|turn|17
|
|t:|1758284393
|move|p1a: Barraskewda|Liquidation|p2a: Pecharunt
|-damage|p2a: Pecharunt|59/100
|move|p2a: Pecharunt|Malignant Chain|p1a: Barraskewda
|-damage|p1a: Barraskewda|0 fnt
|faint|p1a: Barraskewda
|
|upkeep
|
|t:|1758284396
|switch|p1a: Raging Bolt|Raging Bolt|100/100
|-enditem|p1a: Raging Bolt|Booster Energy
|-activate|p1a: Raging Bolt|ability: Protosynthesis|[fromitem]
|-start|p1a: Raging Bolt|protosynthesisspa
|turn|18
|
|t:|1758284404
|move|p2a: Pecharunt|Malignant Chain|p1a: Raging Bolt
|-damage|p1a: Raging Bolt|62/100
|-status|p1a: Raging Bolt|tox
|-start|p1a: Raging Bolt|confusion|[from] ability: Poison Puppeteer|[of] p2a: Pecharunt
|-activate|p1a: Raging Bolt|confusion
|move|p1a: Raging Bolt|Calm Mind|p1a: Raging Bolt
|-boost|p1a: Raging Bolt|spa|1
|-boost|p1a: Raging Bolt|spd|1
|
|-damage|p1a: Raging Bolt|55/100 tox|[from] psn
|upkeep
|turn|19
|
|t:|1758284411
|switch|p2a: Azumarill|Azumarill, M|21/100
|-activate|p1a: Raging Bolt|confusion
|move|p1a: Raging Bolt|Dragon Pulse|p2a: Azumarill
|-immune|p2a: Azumarill
|
|-damage|p1a: Raging Bolt|43/100 tox|[from] psn
|upkeep
|turn|20
|
|t:|1758284418
|-activate|p1a: Raging Bolt|confusion
|move|p1a: Raging Bolt|Thunderclap|p2a: Azumarill
|-supereffective|p2a: Azumarill
|-damage|p2a: Azumarill|0 fnt
|faint|p2a: Azumarill
|
|-damage|p1a: Raging Bolt|25/100 tox|[from] psn
|upkeep
|
|t:|1758284420
|switch|p2a: Pecharunt|Pecharunt|59/100
|turn|21
|
|t:|1758284426
|move|p2a: Pecharunt|Malignant Chain|p1a: Raging Bolt
|-damage|p1a: Raging Bolt|0 fnt
|faint|p1a: Raging Bolt
|-end|p1a: Raging Bolt|Protosynthesis|[silent]
|
|win|Kis Vegallomas
|raw|cattoungue2681's rating: 1391 &rarr; <strong>1372</strong><br />(-19 for losing)
|raw|Kis Vegallomas's rating: 1417 &rarr; <strong>1436</strong><br />(+19 for winning)
|l|☆cattoungue2681
|player|p1|
|l|☆Kis Vegallomas
|player|p2|
