|j|☆Lukasdbvl
|j|☆guerrero105
|t:|1758293585
|gametype|singles
|player|p1|Lukasdbvl|266|1405
|player|p2|guerrero105|265|1416
|gen|9
|tier|[Gen 9] OU
|rated|
|rule|HP Percentage Mod: HP is shown in percentages
|rule|Endless Battle Clause: Forcing endless battles is banned
|rule|Species Clause: Limit one of each Pokémon
|rule|OHKO Clause: OHKO moves are banned
|rule|Evasion Items Clause: Evasion items are banned
|rule|Evasion Moves Clause: Evasion moves are banned
|rule|Evasion Abilities Clause: Evasion abilities are banned
|rule|Sleep Moves Clause: Sleep-inducing moves are banned
|clearpoke
|poke|p1|Gholdengo|
|poke|p1|Ceruledge, F|
|poke|p1|Enamorus, F|
|poke|p1|Ribombee, F|
|poke|p1|Quaquaval, M|
|poke|p1|Iron Treads|
|poke|p2|Clodsire, M|
|poke|p2|Mandibuzz, F|
|poke|p2|Sinistcha-Masterpiece|
|poke|p2|Cinderace, M|
|poke|p2|Tauros-Paldea-Aqua, M|
|poke|p2|Tinkaton, F|
|teampreview
|
|t:|1758293618
|teamsize|p1|6
|teamsize|p2|6
|start
|switch|p1a: Ribombee|Ribombee, F|100/100
|switch|p2a: Cinderace|Cinderace, M|100/100
|turn|1
|
|t:|1758293627
|move|p1a: Ribombee|Stun Spore|p2a: Cinderace
|-status|p2a: Cinderace|par
|move|p2a: Cinderace|Pyro Ball|p1a: Ribombee
|-supereffective|p1a: Ribombee
|-enditem|p1a: Ribombee|Focus Sash
|-damage|p1a: Ribombee|1/100
|
|upkeep
|turn|2
|
|t:|1758293652
|move|p1a: Ribombee|Sticky Web|p2a: Cinderace
|-sidestart|p2: guerrero105|move: Sticky Web
|move|p2a: Cinderace|U-turn|p1a: Ribombee
|-start|p2a: Cinderace|typechange|Bug|[from] ability: Libero
|-resisted|p1a: Ribombee
|-damage|p1a: Ribombee|0 fnt
|faint|p1a: Ribombee
|
|t:|1758293668
|switch|p2a: Mandibuzz|Mandibuzz, F|100/100|[from] U-turn
|
|upkeep
|
|t:|1758293673
|switch|p1a: Iron Treads|Iron Treads, shiny|100/100
|-enditem|p1a: Iron Treads|Booster Energy
|-activate|p1a: Iron Treads|ability: Quark Drive|[fromitem]
|-start|p1a: Iron Treads|quarkdriveatk
|turn|3
|
|t:|1758293680
|move|p1a: Iron Treads|Supercell Slam|p2a: Mandibuzz
|-supereffective|p2a: Mandibuzz
|-damage|p2a: Mandibuzz|50/100
|move|p2a: Mandibuzz|Foul Play|p1a: Iron Treads
|-damage|p1a: Iron Treads|65/100
|
|upkeep
|turn|4
|
|t:|1758293699
|switch|p2a: Clodsire|Clodsire, M|100/100
|-activate|p2a: Clodsire|move: Sticky Web
|-unboost|p2a: Clodsire|spe|1
|move|p1a: Iron Treads|Supercell Slam|p2a: Clodsire
|-immune|p2a: Clodsire
|-damage|p1a: Iron Treads|15/100|[from] supercellslam
|
|upkeep
|turn|5
|
|t:|1758293712
|move|p1a: Iron Treads|Earthquake|p2a: Clodsire
|-supereffective|p2a: Clodsire
|-damage|p2a: Clodsire|0 fnt
|faint|p2a: Clodsire
|
|upkeep
|
|t:|1758293724
|switch|p2a: Cinderace|Cinderace, M|100/100 par
|turn|6
|
|t:|1758293727
|move|p2a: Cinderace|Sucker Punch|p1a: Iron Treads
|-start|p2a: Cinderace|typechange|Dark|[from] ability: Libero
|-damage|p1a: Iron Treads|0 fnt
|faint|p1a: Iron Treads
|-end|p1a: Iron Treads|Quark Drive|[silent]
|
|upkeep
|
|t:|1758293734
|switch|p1a: Enamorus|Enamorus, F|100/100
|turn|7
|
|t:|1758293740
|switch|p2a: Tinkaton|Tinkaton, F|100/100
|-ability|p2a: Tinkaton|Mold Breaker
|-item|p2a: Tinkaton|Air Balloon
|-terastallize|p1a: Enamorus|Stellar
|move|p1a: Enamorus|Tera Blast|p2a: Tinkaton|[anim] Tera Blast Stellar
|-damage|p2a: Tinkaton|32/100
|-boost|p1a: Enamorus|atk|1
|-boost|p1a: Enamorus|spa|1
|-enditem|p2a: Tinkaton|Air Balloon
|-damage|p1a: Enamorus|91/100|[from] item: Life Orb
|
|upkeep
|turn|8
|
|t:|1758293756
|move|p2a: Tinkaton|Gigaton Hammer|p1a: Enamorus
|-supereffective|p1a: Enamorus
|-damage|p1a: Enamorus|0 fnt
|faint|p1a: Enamorus
|
|upkeep
|
|t:|1758293771
|switch|p1a: Ceruledge|Ceruledge, F|100/100
|turn|9
|
|t:|1758293785
|move|p2a: Tinkaton|Thunder Wave|p1a: Ceruledge
|-status|p1a: Ceruledge|par
|move|p1a: Ceruledge|Swords Dance|p1a: Ceruledge
|-boost|p1a: Ceruledge|atk|2
|
|upkeep
|turn|10
|
|t:|1758293861
|move|p2a: Tinkaton|Encore|p1a: Ceruledge
|-start|p1a: Ceruledge|Encore
|move|p1a: Ceruledge|Swords Dance|p1a: Ceruledge
|-boost|p1a: Ceruledge|atk|2
|
|upkeep
|turn|11
|inactive|Battle timer is ON: inactive players will automatically lose when time's up. (requested by guerrero105)
|
|t:|1758294009
|switch|p1a: Quaquaval|Quaquaval, M|100/100
|move|p2a: Tinkaton|Knock Off|p1a: Quaquaval
|-resisted|p1a: Quaquaval
|-damage|p1a: Quaquaval|89/100
|-enditem|p1a: Quaquaval|Assault Vest|[from] move: Knock Off|[of] p2a: Tinkaton
|
|upkeep
|turn|12
|
|t:|1758294018
|move|p2a: Tinkaton|Thunder Wave|p1a: Quaquaval|[miss]
|-miss|p2a: Tinkaton|p1a: Quaquaval
|move|p1a: Quaquaval|Aqua Step|p2a: Tinkaton
|-damage|p2a: Tinkaton|0 fnt
|-boost|p1a: Quaquaval|spe|1
|faint|p2a: Tinkaton
|-ability|p1a: Quaquaval|Moxie|boost
|-boost|p1a: Quaquaval|atk|1
|
|upkeep
|
|t:|1758294027
|switch|p2a: Tauros|Tauros-Paldea-Aqua, M|100/100
|-activate|p2a: Tauros|move: Sticky Web
|-unboost|p2a: Tauros|spe|1
|-ability|p2a: Tauros|Intimidate|boost
|-unboost|p1a: Quaquaval|atk|1
|turn|13
|
|t:|1758294034
|move|p1a: Quaquaval|Knock Off|p2a: Tauros
|-resisted|p2a: Tauros
|-damage|p2a: Tauros|85/100
|-enditem|p2a: Tauros|Leftovers|[from] move: Knock Off|[of] p1a: Quaquaval
|move|p2a: Tauros|Bulk Up|p2a: Tauros
|-boost|p2a: Tauros|atk|1
|-boost|p2a: Tauros|def|1
|
|upkeep
|turn|14
|
|t:|1758294043
|switch|p1a: Gholdengo|Gholdengo|100/100
|-item|p1a: Gholdengo|Air Balloon
|move|p2a: Tauros|Trailblaze|p1a: Gholdengo
|-resisted|p1a: Gholdengo
|-damage|p1a: Gholdengo|88/100
|-boost|p2a: Tauros|spe|1
|-enditem|p1a: Gholdengo|Air Balloon
|
|upkeep
|turn|15
|
|t:|1758294052
|move|p2a: Tauros|Wave Crash|p1a: Gholdengo
|-damage|p1a: Gholdengo|7/100
|-damage|p2a: Tauros|60/100|[from] Recoil
|move|p1a: Gholdengo|Shadow Ball|p2a: Tauros
|-damage|p2a: Tauros|0 fnt
|faint|p2a: Tauros
|
|upkeep
|
|t:|1758294060
|switch|p2a: Mandibuzz|Mandibuzz, F|50/100
|turn|16
|
|t:|1758294064
|move|p1a: Gholdengo|Dazzling Gleam|p2a: Mandibuzz
|-supereffective|p2a: Mandibuzz
|-damage|p2a: Mandibuzz|0 fnt
|faint|p2a: Mandibuzz
|
|upkeep
|
|t:|1758294069
|switch|p2a: Cinderace|Cinderace, M|100/100 par
|turn|17
|
|t:|1758294073
|cant|p2a: Cinderace|par
|move|p1a: Gholdengo|Nasty Plot|p1a: Gholdengo
|-boost|p1a: Gholdengo|spa|2
|
|upkeep
|turn|18
|inactive|Lukasdbvl has 120 seconds left.
|inactive|Lukasdbvl has 90 seconds left.
|
|t:|1758294142
|cant|p2a: Cinderace|par
|move|p1a: Gholdengo|Shadow Ball|p2a: Cinderace
|-damage|p2a: Cinderace|0 fnt
|faint|p2a: Cinderace
|
|upkeep
|-message|guerrero105 forfeited.
|
|win|Lukasdbvl
|raw|Lukasdbvl's rating: 1405 &rarr; <strong>1426</strong><br />(+21 for winning)
|raw|guerrero105's rating: 1416 &rarr; <strong>1395</strong><br />(-21 for losing)
|l|☆guerrero105
|player|p2|
|l|☆Lukasdbvl
|player|p1|
