|j|☆geigeidragon
|j|☆raditzisthebest
|t:|1758346833
|gametype|singles
|player|p1|geigeidragon|dawn-gen4pt|1631
|player|p2|raditzisthebest|bruno|1631
|gen|9
|tier|[Gen 9] OU
|rated|
|rule|HP Percentage Mod: HP is shown in percentages
|rule|Endless Battle Clause: Forcing endless battles is banned
|rule|Species Clause: Limit one of each Pokémon
|rule|OHKO Clause: OHKO moves are banned
|rule|Evasion Items Clause: Evasion items are banned
|rule|Evasion Moves Clause: Evasion moves are banned
|rule|Evasion Abilities Clause: Evasion abilities are banned
|rule|Sleep Moves Clause: Sleep-inducing moves are banned
|clearpoke
|poke|p1|Ogerpon-Wellspring, F|
|poke|p1|Ting-Lu|
|poke|p1|Dragonite, M|
|poke|p1|Scizor, M|
|poke|p1|Iron Valiant|
|poke|p1|Great Tusk|
|poke|p2|Primarina, M|
|poke|p2|Great Tusk|
|poke|p2|Kingambit, M|
|poke|p2|Slowking-Galar, M|
|poke|p2|Ogerpon, F|
|poke|p2|Enamorus, F|
|teampreview
|inactive|Battle timer is ON: inactive players will automatically lose when time's up. (requested by raditzisthebest)
|
|t:|1758346846
|teamsize|p1|6
|teamsize|p2|6
|start
|switch|p1a: Scizor|Scizor, M|100/100
|switch|p2a: Heismay|Ogerpon, F|100/100
|turn|1
|
|t:|1758346851
|move|p2a: Heismay|U-turn|p1a: Scizor
|-resisted|p1a: Scizor
|-damage|p1a: Scizor|84/100
|
|t:|1758346863
|switch|p2a: Junah|Primarina, M, shiny|100/100|[from] U-turn
|move|p1a: Scizor|U-turn|p2a: Junah
|-resisted|p2a: Junah
|-damage|p2a: Junah|71/100
|
|t:|1758346872
|switch|p1a: Ogerpon|Ogerpon-Wellspring, F|100/100|[from] U-turn
|
|-heal|p2a: Junah|77/100|[from] item: Leftovers
|upkeep
|turn|2
|
|t:|1758346882
|switch|p2a: Heismay|Ogerpon, F|100/100
|move|p1a: Ogerpon|Swords Dance|p1a: Ogerpon
|-boost|p1a: Ogerpon|atk|2
|
|upkeep
|turn|3
|
|t:|1758346889
|switch|p1a: Scizor|Scizor, M|84/100
|move|p2a: Heismay|Ivy Cudgel|p1a: Scizor
|-resisted|p1a: Scizor
|-damage|p1a: Scizor|65/100
|
|upkeep
|turn|4
|
|t:|1758346895
|switch|p2a: Basilio|Great Tusk, shiny|100/100
|move|p1a: Scizor|Bullet Punch|p2a: Basilio
|-damage|p2a: Basilio|77/100
|-damage|p1a: Scizor|48/100|[from] item: Rocky Helmet|[of] p2a: Basilio
|
|upkeep
|turn|5
|
|t:|1758346914
|switch|p1a: Great Tusk|Great Tusk|100/100
|move|p2a: Basilio|Stealth Rock|p1a: Great Tusk
|-sidestart|p1: geigeidragon|move: Stealth Rock
|
|upkeep
|turn|6
|
|t:|1758346924
|move|p2a: Basilio|Rapid Spin|p1a: Great Tusk
|-damage|p1a: Great Tusk|92/100
|-boost|p2a: Basilio|spe|1
|move|p1a: Great Tusk|Rapid Spin|p2a: Basilio
|-damage|p2a: Basilio|66/100
|-boost|p1a: Great Tusk|spe|1
|-damage|p1a: Great Tusk|76/100|[from] item: Rocky Helmet|[of] p2a: Basilio
|-sideend|p1: geigeidragon|Stealth Rock|[from] move: Rapid Spin|[of] p1a: Great Tusk
|
|upkeep
|turn|7
|
|t:|1758346929
|move|p2a: Basilio|Ice Spinner|p1a: Great Tusk
|-supereffective|p1a: Great Tusk
|-damage|p1a: Great Tusk|47/100
|move|p1a: Great Tusk|Earthquake|p2a: Basilio
|-damage|p2a: Basilio|34/100
|
|upkeep
|turn|8
|
|t:|1758346934
|move|p2a: Basilio|Stealth Rock|p1a: Great Tusk
|-sidestart|p1: geigeidragon|move: Stealth Rock
|move|p1a: Great Tusk|Earthquake|p2a: Basilio
|-damage|p2a: Basilio|1/100
|
|upkeep
|turn|9
|
|t:|1758346951
|-end|p2a: Basilio|Protosynthesis|[silent]
|switch|p2a: Eupha|Enamorus, F, shiny|100/100
|move|p1a: Great Tusk|Rapid Spin|p2a: Eupha
|-damage|p2a: Eupha|77/100
|-boost|p1a: Great Tusk|spe|1
|-sideend|p1: geigeidragon|Stealth Rock|[from] move: Rapid Spin|[of] p1a: Great Tusk
|
|upkeep
|turn|10
|
|t:|1758346960
|move|p2a: Eupha|Moonblast|p1a: Great Tusk
|-supereffective|p1a: Great Tusk
|-damage|p1a: Great Tusk|0 fnt
|faint|p1a: Great Tusk
|-end|p1a: Great Tusk|Protosynthesis|[silent]
|
|upkeep
|j| Ctannn
|
|t:|1758346990
|switch|p1a: Scizor|Scizor, M|48/100
|turn|11
|
|t:|1758346997
|switch|p2a: Strohl|Kingambit, M, shiny|100/100
|move|p1a: Scizor|Bullet Punch|p2a: Strohl
|-resisted|p2a: Strohl
|-damage|p2a: Strohl|89/100
|
|-heal|p2a: Strohl|95/100|[from] item: Leftovers
|upkeep
|turn|12
|
|t:|1758347007
|move|p1a: Scizor|Close Combat|p2a: Strohl
|-supereffective|p2a: Strohl
|-damage|p2a: Strohl|0 fnt
|-unboost|p1a: Scizor|def|1
|-unboost|p1a: Scizor|spd|1
|faint|p2a: Strohl
|-end|p2a: Strohl|fallenundefined|[silent]
|
|upkeep
|
|t:|1758347017
|switch|p2a: More|Slowking-Galar, M, shiny|100/100
|turn|13
|j| wgw2333
|
|t:|1758347024
|move|p1a: Scizor|U-turn|p2a: More
|-damage|p2a: More|73/100
|
|t:|1758347027
|switch|p1a: Ting-Lu|Ting-Lu|100/100|[from] U-turn
|-ability|p1a: Ting-Lu|Vessel of Ruin
|move|p2a: More|Flamethrower|p1a: Ting-Lu
|-damage|p1a: Ting-Lu|86/100
|
|-heal|p1a: Ting-Lu|93/100|[from] item: Leftovers
|upkeep
|turn|14
|
|t:|1758347032
|switch|p2a: Basilio|Great Tusk, shiny|1/100
|move|p1a: Ting-Lu|Stealth Rock|p2a: Basilio
|-sidestart|p2: raditzisthebest|move: Stealth Rock
|
|-heal|p1a: Ting-Lu|99/100|[from] item: Leftovers
|upkeep
|turn|15
|
|t:|1758347061
|switch|p1a: Scizor|Scizor, M|48/100
|move|p2a: Basilio|Rapid Spin|p1a: Scizor
|-resisted|p1a: Scizor
|-damage|p1a: Scizor|40/100
|-boost|p2a: Basilio|spe|1
|-sideend|p2: raditzisthebest|Stealth Rock|[from] move: Rapid Spin|[of] p2a: Basilio
|
|upkeep
|turn|16
|
|t:|1758347065
|move|p1a: Scizor|Bullet Punch|p2a: Basilio
|-damage|p2a: Basilio|0 fnt
|-damage|p1a: Scizor|24/100|[from] item: Rocky Helmet|[of] p2a: Basilio
|faint|p2a: Basilio
|-end|p2a: Basilio|Protosynthesis|[silent]
|
|upkeep
|
|t:|1758347072
|switch|p2a: Heismay|Ogerpon, F|100/100
|turn|17
|
|t:|1758347087
|switch|p1a: Dragonite|Dragonite, M|100/100
|move|p2a: Heismay|Knock Off|p1a: Dragonite
|-damage|p1a: Dragonite|72/100
|-enditem|p1a: Dragonite|Heavy-Duty Boots|[from] move: Knock Off|[of] p2a: Heismay
|
|upkeep
|turn|18
|
|t:|1758347104
|switch|p2a: Eupha|Enamorus, F, shiny|77/100
|switch|p1a: Scizor|Scizor, M|24/100
|
|upkeep
|turn|19
|
|t:|1758347111
|switch|p2a: More|Slowking-Galar, M, shiny|100/100
|move|p1a: Scizor|Bullet Punch|p2a: More
|-crit|p2a: More
|-damage|p2a: More|62/100
|
|upkeep
|turn|20
|
|t:|1758347122
|move|p1a: Scizor|Knock Off|p2a: More
|-supereffective|p2a: More
|-damage|p2a: More|9/100
|-enditem|p2a: More|Assault Vest|[from] move: Knock Off|[of] p1a: Scizor
|move|p2a: More|Ice Beam|p1a: Scizor
|-resisted|p1a: Scizor
|-damage|p1a: Scizor|10/100
|
|upkeep
|turn|21
|
|t:|1758347130
|move|p1a: Scizor|Knock Off|p2a: More
|-supereffective|p2a: More
|-damage|p2a: More|0 fnt
|faint|p2a: More
|
|upkeep
|
|t:|1758347133
|switch|p2a: Heismay|Ogerpon, F|100/100
|turn|22
|
|t:|1758347138
|switch|p1a: Dragonite|Dragonite, M|72/100
|move|p2a: Heismay|Ivy Cudgel|p1a: Dragonite
|-resisted|p1a: Dragonite
|-damage|p1a: Dragonite|52/100
|
|upkeep
|turn|23
|
|t:|1758347146
|switch|p2a: Eupha|Enamorus, F, shiny|77/100
|move|p1a: Dragonite|Tera Blast|p2a: Eupha
|-damage|p2a: Eupha|52/100
|
|upkeep
|turn|24
|
|t:|1758347160
|switch|p1a: Ting-Lu|Ting-Lu|99/100
|-ability|p1a: Ting-Lu|Vessel of Ruin
|move|p2a: Eupha|Moonblast|p1a: Ting-Lu
|-supereffective|p1a: Ting-Lu
|-damage|p1a: Ting-Lu|37/100
|
|-heal|p1a: Ting-Lu|43/100|[from] item: Leftovers
|upkeep
|turn|25
|
|t:|1758347163
|move|p2a: Eupha|Moonblast|p1a: Ting-Lu
|-supereffective|p1a: Ting-Lu
|-damage|p1a: Ting-Lu|0 fnt
|faint|p1a: Ting-Lu
|
|upkeep
|
|t:|1758347168
|switch|p1a: Scizor|Scizor, M|10/100
|turn|26
|inactive|raditzisthebest has 120 seconds left.
|
|t:|1758347207
|switch|p2a: Heismay|Ogerpon, F|100/100
|move|p1a: Scizor|Bullet Punch|p2a: Heismay
|-damage|p2a: Heismay|51/100
|
|upkeep
|turn|27
|
|t:|1758347222
|switch|p1a: Ogerpon|Ogerpon-Wellspring, F|100/100
|move|p2a: Heismay|U-turn|p1a: Ogerpon
|-supereffective|p1a: Ogerpon
|-damage|p1a: Ogerpon|5/100
|inactive|raditzisthebest has 120 seconds left.
|
|t:|1758347234
|switch|p2a: Eupha|Enamorus, F, shiny|52/100|[from] U-turn
|
|upkeep
|turn|28
|
|t:|1758347241
|move|p2a: Eupha|Moonblast|p1a: Ogerpon
|-damage|p1a: Ogerpon|0 fnt
|faint|p1a: Ogerpon
|
|upkeep
|
|t:|1758347245
|switch|p1a: Scizor|Scizor, M|10/100
|turn|29
|
|t:|1758347259
|move|p1a: Scizor|Bullet Punch|p2a: Eupha
|-supereffective|p2a: Eupha
|-damage|p2a: Eupha|0 fnt
|faint|p2a: Eupha
|
|upkeep
|
|t:|1758347262
|switch|p2a: Heismay|Ogerpon, F|51/100
|turn|30
|
|t:|1758347266
|move|p1a: Scizor|Bullet Punch|p2a: Heismay
|-damage|p2a: Heismay|6/100
|move|p2a: Heismay|U-turn|p1a: Scizor
|-resisted|p1a: Scizor
|-damage|p1a: Scizor|0 fnt
|faint|p1a: Scizor
|
|t:|1758347271
|switch|p2a: Junah|Primarina, M, shiny|77/100|[from] U-turn
|
|-heal|p2a: Junah|83/100|[from] item: Leftovers
|upkeep
|
|t:|1758347298
|switch|p1a: Dragonite|Dragonite, M|52/100
|turn|31
|
|t:|1758347301
|move|p1a: Dragonite|Earthquake|p2a: Junah
|-damage|p2a: Junah|25/100
|move|p2a: Junah|Moonblast|p1a: Dragonite
|-supereffective|p1a: Dragonite
|-damage|p1a: Dragonite|0 fnt
|faint|p1a: Dragonite
|
|-heal|p2a: Junah|31/100|[from] item: Leftovers
|upkeep
|
|t:|1758347306
|switch|p1a: Iron Valiant|Iron Valiant|100/100
|turn|32
|
|t:|1758347311
|move|p1a: Iron Valiant|Moonblast|p2a: Junah
|-damage|p2a: Junah|0 fnt
|faint|p2a: Junah
|
|upkeep
|-message|raditzisthebest forfeited.
|
|win|geigeidragon
|raw|geigeidragon's rating: 1631 &rarr; <strong>1651</strong><br />(+20 for winning)
|raw|raditzisthebest's rating: 1631 &rarr; <strong>1611</strong><br />(-20 for losing)
|l|☆raditzisthebest
|player|p2|
|l|☆geigeidragon
|player|p1|
|l| wgw2333
