|j|☆sheroz123
|j|☆Aggrhy
|t:|1758240725
|gametype|singles
|player|p1|sheroz123|cyclist|1340
|player|p2|Aggrhy|red-masters|1331
|gen|9
|tier|[Gen 9] OU
|rated|
|rule|HP Percentage Mod: HP is shown in percentages
|rule|Endless Battle Clause: Forcing endless battles is banned
|rule|Species Clause: Limit one of each Pokémon
|rule|OHKO Clause: OHKO moves are banned
|rule|Evasion Items Clause: Evasion items are banned
|rule|Evasion Moves Clause: Evasion moves are banned
|rule|Evasion Abilities Clause: Evasion abilities are banned
|rule|Sleep Moves Clause: Sleep-inducing moves are banned
|clearpoke
|poke|p1|Darkrai|
|poke|p1|Gliscor, M|
|poke|p1|Moltres|
|poke|p1|Great Tusk|
|poke|p1|Ogerpon-Wellspring, F|
|poke|p1|Dragapult, M|
|poke|p2|Pikachu, F|
|poke|p2|Lokix, M|
|poke|p2|Fezandipiti, M|
|poke|p2|Blastoise, F|
|poke|p2|Flygon, M|
|poke|p2|Vikavolt, F|
|teampreview
|inactive|Battle timer is ON: inactive players will automatically lose when time's up. (requested by Aggrhy)
|
|t:|1758240755
|teamsize|p1|6
|teamsize|p2|6
|start
|switch|p1a: Moltres|Moltres|100/100
|switch|p2a: Fezandipiti|Fezandipiti, M|100/100
|turn|1
|
|t:|1758240772
|move|p2a: Fezandipiti|Heat Wave|p1a: Moltres
|-resisted|p1a: Moltres
|-damage|p1a: Moltres|92/100
|-status|p1a: Moltres|tox|[from] ability: Toxic Chain|[of] p2a: Fezandipiti
|move|p1a: Moltres|Will-O-Wisp|p2a: Fezandipiti
|-status|p2a: Fezandipiti|brn
|
|-damage|p1a: Moltres|86/100 tox|[from] psn
|-damage|p2a: Fezandipiti|94/100 brn|[from] brn
|upkeep
|turn|2
|inactive|Aggrhy has 120 seconds left.
|
|t:|1758240799
|switch|p2a: Blastoise|Blastoise, F|100/100
|move|p1a: Moltres|U-turn|p2a: Blastoise
|-damage|p2a: Blastoise|91/100
|
|t:|1758240811
|switch|p1a: Ogerpon|Ogerpon-Wellspring, F|100/100|[from] U-turn
|
|-heal|p2a: Blastoise|97/100|[from] item: Leftovers
|upkeep
|turn|3
|
|t:|1758240825
|switch|p2a: Vikavolt|Vikavolt, F|100/100
|move|p1a: Ogerpon|Horn Leech|p2a: Vikavolt
|-resisted|p2a: Vikavolt
|-damage|p2a: Vikavolt|82/100
|-damage|p1a: Ogerpon|84/100|[from] item: Rocky Helmet|[of] p2a: Vikavolt
|
|upkeep
|turn|4
|
|t:|1758240839
|switch|p1a: Gliscor|Gliscor, M|100/100
|move|p2a: Vikavolt|Sticky Web|p1a: Gliscor
|-sidestart|p1: sheroz123|move: Sticky Web
|
|-status|p1a: Gliscor|tox|[from] item: Toxic Orb
|upkeep
|turn|5
|
|t:|1758240848
|switch|p2a: Blastoise|Blastoise, F|97/100
|move|p1a: Gliscor|Toxic|p2a: Blastoise
|-status|p2a: Blastoise|tox
|
|-heal|p2a: Blastoise|100/100 tox|[from] item: Leftovers
|-damage|p2a: Blastoise|94/100 tox|[from] psn
|upkeep
|turn|6
|
|t:|1758240863
|switch|p2a: Pikachu|Pikachu, F|100/100
|move|p1a: Gliscor|Substitute|p1a: Gliscor
|-start|p1a: Gliscor|Substitute
|-damage|p1a: Gliscor|75/100 tox
|
|-heal|p1a: Gliscor|88/100 tox|[from] ability: Poison Heal
|upkeep
|turn|7
|
|t:|1758240872
|move|p2a: Pikachu|Surf|p1a: Gliscor
|-supereffective|p1a: Gliscor
|-end|p1a: Gliscor|Substitute
|move|p1a: Gliscor|Earthquake|p2a: Pikachu
|-supereffective|p2a: Pikachu
|-damage|p2a: Pikachu|0 fnt
|faint|p2a: Pikachu
|
|-heal|p1a: Gliscor|100/100 tox|[from] ability: Poison Heal
|upkeep
|
|t:|1758240883
|switch|p2a: Blastoise|Blastoise, F|94/100 tox
|turn|8
|
|t:|1758240897
|switch|p1a: Ogerpon|Ogerpon-Wellspring, F|84/100
|-activate|p1a: Ogerpon|move: Sticky Web
|-unboost|p1a: Ogerpon|spe|1
|move|p2a: Blastoise|Liquidation|p1a: Ogerpon
|-heal|p1a: Ogerpon|100/100|[from] ability: Water Absorb|[of] p2a: Blastoise
|
|-heal|p2a: Blastoise|100/100 tox|[from] item: Leftovers
|-damage|p2a: Blastoise|94/100 tox|[from] psn
|upkeep
|turn|9
|
|t:|1758240908
|move|p1a: Ogerpon|Ivy Cudgel|p2a: Blastoise|[anim] Ivy Cudgel Water
|-resisted|p2a: Blastoise
|-damage|p2a: Blastoise|74/100 tox
|move|p2a: Blastoise|Body Press|p1a: Ogerpon
|-damage|p1a: Ogerpon|68/100
|
|-heal|p2a: Blastoise|80/100 tox|[from] item: Leftovers
|-damage|p2a: Blastoise|68/100 tox|[from] psn
|upkeep
|turn|10
|
|t:|1758240919
|switch|p2a: Vikavolt|Vikavolt, F|82/100
|move|p1a: Ogerpon|Horn Leech|p2a: Vikavolt
|-resisted|p2a: Vikavolt
|-damage|p2a: Vikavolt|62/100
|-heal|p1a: Ogerpon|79/100|[from] drain|[of] p2a: Vikavolt
|-damage|p1a: Ogerpon|62/100|[from] item: Rocky Helmet|[of] p2a: Vikavolt
|
|upkeep
|turn|11
|
|t:|1758240928
|switch|p1a: Great Tusk|Great Tusk|100/100
|-activate|p1a: Great Tusk|move: Sticky Web
|-unboost|p1a: Great Tusk|spe|1
|move|p2a: Vikavolt|Bug Buzz|p1a: Great Tusk
|-resisted|p1a: Great Tusk
|-damage|p1a: Great Tusk|70/100
|
|-heal|p1a: Great Tusk|76/100|[from] item: Leftovers
|upkeep
|turn|12
|
|t:|1758240939
|move|p1a: Great Tusk|Rapid Spin|p2a: Vikavolt
|-damage|p2a: Vikavolt|49/100
|-boost|p1a: Great Tusk|spe|1
|-damage|p1a: Great Tusk|60/100|[from] item: Rocky Helmet|[of] p2a: Vikavolt
|-sideend|p1: sheroz123|Sticky Web|[from] move: Rapid Spin|[of] p1a: Great Tusk
|move|p2a: Vikavolt|Energy Ball|p1a: Great Tusk
|-supereffective|p1a: Great Tusk
|-crit|p1a: Great Tusk
|-damage|p1a: Great Tusk|0 fnt
|faint|p1a: Great Tusk
|-end|p1a: Great Tusk|Protosynthesis|[silent]
|
|upkeep
|
|t:|1758240950
|switch|p1a: Dragapult|Dragapult, M|100/100
|turn|13
|
|t:|1758240954
|switch|p2a: Fezandipiti|Fezandipiti, M|94/100 brn
|move|p1a: Dragapult|Dragon Darts|p2a: Fezandipiti
|-immune|p2a: Fezandipiti
|
|-heal|p2a: Fezandipiti|100/100 brn|[from] item: Leftovers
|-damage|p2a: Fezandipiti|94/100 brn|[from] brn
|upkeep
|turn|14
|
|t:|1758240967
|switch|p1a: Ogerpon|Ogerpon-Wellspring, F|62/100
|switch|p2a: Vikavolt|Vikavolt, F|49/100
|
|upkeep
|turn|15
|
|t:|1758240976
|move|p1a: Ogerpon|Ivy Cudgel|p2a: Vikavolt|[anim] Ivy Cudgel Water
|-damage|p2a: Vikavolt|0 fnt
|faint|p2a: Vikavolt
|
|upkeep
|
|t:|1758240981
|switch|p2a: Lokix|Lokix, M|100/100
|turn|16
|
|t:|1758240993
|move|p1a: Ogerpon|Ivy Cudgel|p2a: Lokix|[anim] Ivy Cudgel Water
|-damage|p2a: Lokix|27/100
|move|p2a: Lokix|Swords Dance|p2a: Lokix
|-boost|p2a: Lokix|atk|2
|
|upkeep
|turn|17
|
|t:|1758241000
|switch|p1a: Moltres|Moltres|86/100 tox
|move|p2a: Lokix|Sucker Punch||[still]
|-fail|p2a: Lokix
|
|-damage|p1a: Moltres|80/100 tox|[from] psn
|upkeep
|turn|18
|
|t:|1758241008
|move|p2a: Lokix|Leech Life|p1a: Moltres
|-resisted|p1a: Moltres
|-damage|p1a: Moltres|55/100 tox
|-heal|p2a: Lokix|44/100|[from] drain|[of] p1a: Moltres
|move|p1a: Moltres|Flamethrower|p2a: Lokix
|-supereffective|p2a: Lokix
|-damage|p2a: Lokix|0 fnt
|faint|p2a: Lokix
|
|-damage|p1a: Moltres|43/100 tox|[from] psn
|upkeep
|
|t:|1758241020
|switch|p2a: Flygon|Flygon, M|100/100
|turn|19
|
|t:|1758241040
|-terastallize|p2a: Flygon|Fire
|move|p2a: Flygon|Dragon Dance|p2a: Flygon
|-boost|p2a: Flygon|atk|1
|-boost|p2a: Flygon|spe|1
|move|p1a: Moltres|Will-O-Wisp|p2a: Flygon
|-immune|p2a: Flygon
|
|-damage|p1a: Moltres|25/100 tox|[from] psn
|upkeep
|turn|20
|
|t:|1758241051
|move|p2a: Flygon|Dragon Dance|p2a: Flygon
|-boost|p2a: Flygon|atk|1
|-boost|p2a: Flygon|spe|1
|move|p1a: Moltres|U-turn|p2a: Flygon
|-resisted|p2a: Flygon
|-damage|p2a: Flygon|90/100
|
|t:|1758241061
|switch|p1a: Darkrai|Darkrai|100/100|[from] U-turn
|
|upkeep
|turn|21
|
|t:|1758241068
|move|p2a: Flygon|Earthquake|p1a: Darkrai
|-damage|p1a: Darkrai|0 fnt
|faint|p1a: Darkrai
|-damage|p2a: Flygon|80/100|[from] item: Life Orb
|
|upkeep
|
|t:|1758241073
|switch|p1a: Gliscor|Gliscor, M|100/100 tox
|turn|22
|
|t:|1758241077
|move|p2a: Flygon|Outrage|p1a: Gliscor
|-damage|p1a: Gliscor|0 fnt
|faint|p1a: Gliscor
|-damage|p2a: Flygon|70/100|[from] item: Life Orb
|
|upkeep
|
|t:|1758241084
|switch|p1a: Dragapult|Dragapult, M|100/100
|turn|23
|
|t:|1758241090
|move|p1a: Dragapult|Sucker Punch|p2a: Flygon
|-damage|p2a: Flygon|20/100
|move|p2a: Flygon|Outrage|p1a: Dragapult|[from] lockedmove
|-supereffective|p1a: Dragapult
|-damage|p1a: Dragapult|0 fnt
|faint|p1a: Dragapult
|-damage|p2a: Flygon|10/100|[from] item: Life Orb
|
|upkeep
|-message|sheroz123 forfeited.
|
|win|Aggrhy
|raw|sheroz123's rating: 1340 &rarr; <strong>1319</strong><br />(-21 for losing)
|raw|Aggrhy's rating: 1331 &rarr; <strong>1352</strong><br />(+21 for winning)
|l|☆sheroz123
|player|p1|
|l|☆Aggrhy
|player|p2|
