|j|☆Aggrhy
|j|☆Sauronikov
|t:|1758331424
|gametype|singles
|player|p1|Aggrhy|red-masters|1397
|player|p2|Sauronikov|1|1328
|gen|9
|tier|[Gen 9] OU
|rated|
|rule|HP Percentage Mod: HP is shown in percentages
|rule|Endless Battle Clause: Forcing endless battles is banned
|rule|Species Clause: Limit one of each Pokémon
|rule|OHKO Clause: OHKO moves are banned
|rule|Evasion Items Clause: Evasion items are banned
|rule|Evasion Moves Clause: Evasion moves are banned
|rule|Evasion Abilities Clause: Evasion abilities are banned
|rule|Sleep Moves Clause: Sleep-inducing moves are banned
|clearpoke
|poke|p1|Pikachu, M|
|poke|p1|Metagross|
|poke|p1|Gardevoir, M|
|poke|p1|Glimmora, F|
|poke|p1|Milotic, F|
|poke|p1|Hydrapple, M|
|poke|p2|Grimmsnarl, M|
|poke|p2|Rhyperior, F|
|poke|p2|Revavroom, M|
|poke|p2|Raikou|
|poke|p2|Entei|
|poke|p2|Iron Boulder|
|teampreview
|inactive|Battle timer is ON: inactive players will automatically lose when time's up. (requested by Aggrhy)
|
|t:|1758331435
|teamsize|p1|6
|teamsize|p2|6
|start
|switch|p1a: Metagross|Metagross|100/100
|switch|p2a: Grimmsnarl|Grimmsnarl, M|100/100
|turn|1
|inactive|Sauronikov has 120 seconds left.
|
|t:|1758331472
|move|p2a: Grimmsnarl|Reflect|p2a: Grimmsnarl
|-sidestart|p2: Sauronikov|Reflect
|move|p1a: Metagross|Knock Off|p2a: Grimmsnarl
|-resisted|p2a: Grimmsnarl
|-damage|p2a: Grimmsnarl|96/100
|-enditem|p2a: Grimmsnarl|Light Clay|[from] move: Knock Off|[of] p1a: Metagross
|
|upkeep
|turn|2
|inactive|Sauronikov has 120 seconds left.
|
|t:|1758331479
|move|p2a: Grimmsnarl|Parting Shot|p1a: Metagross
|-fail|p1a: Metagross|unboost|[from] ability: Clear Body|[of] p1a: Metagross
|move|p1a: Metagross|Hard Press|p2a: Grimmsnarl
|-supereffective|p2a: Grimmsnarl
|-damage|p2a: Grimmsnarl|42/100
|
|upkeep
|turn|3
|
|t:|1758331488
|switch|p2a: Rhyperior|Rhyperior, F, shiny|100/100
|move|p1a: Metagross|Knock Off|p2a: Rhyperior
|-damage|p2a: Rhyperior|85/100
|-enditem|p2a: Rhyperior|Weakness Policy|[from] move: Knock Off|[of] p1a: Metagross
|
|upkeep
|turn|4
|
|t:|1758331498
|switch|p1a: Hydrapple|Hydrapple, M|100/100
|move|p2a: Rhyperior|Rock Polish|p2a: Rhyperior
|-boost|p2a: Rhyperior|spe|2
|
|upkeep
|turn|5
|
|t:|1758331505
|-terastallize|p2a: Rhyperior|Grass
|move|p2a: Rhyperior|Ice Punch|p1a: Hydrapple
|-supereffective|p1a: Hydrapple
|-damage|p1a: Hydrapple|21/100
|-status|p1a: Hydrapple|frz
|-damage|p2a: Rhyperior|69/100|[from] item: Rocky Helmet|[of] p1a: Hydrapple
|cant|p1a: Hydrapple|frz
|
|upkeep
|turn|6
|
|t:|1758331528
|switch|p1a: Milotic|Milotic, F|100/100
|move|p2a: Rhyperior|Ice Punch|p1a: Milotic
|-resisted|p1a: Milotic
|-damage|p1a: Milotic|85/100
|
|-heal|p1a: Milotic|91/100|[from] item: Leftovers
|upkeep
|turn|7
|
|t:|1758331539
|move|p2a: Rhyperior|Tera Blast|p1a: Milotic|[anim] Tera Blast Grass
|-supereffective|p1a: Milotic
|-damage|p1a: Milotic|0 fnt
|faint|p1a: Milotic
|
|upkeep
|
|t:|1758331547
|switch|p1a: Glimmora|Glimmora, F|100/100
|turn|8
|
|t:|1758331552
|-terastallize|p1a: Glimmora|Grass
|move|p2a: Rhyperior|Earthquake|p1a: Glimmora
|-resisted|p1a: Glimmora
|-damage|p1a: Glimmora|73/100
|-activate|p1a: Glimmora|ability: Toxic Debris
|-sidestart|p2: Sauronikov|move: Toxic Spikes
|move|p1a: Glimmora|Mortal Spin|p2a: Rhyperior
|-supereffective|p2a: Rhyperior
|-damage|p2a: Rhyperior|65/100
|-status|p2a: Rhyperior|psn
|
|-damage|p2a: Rhyperior|53/100 psn|[from] psn
|-sideend|p2: Sauronikov|Reflect
|upkeep
|turn|9
|
|t:|1758331575
|move|p2a: Rhyperior|Ice Punch|p1a: Glimmora
|-supereffective|p1a: Glimmora
|-damage|p1a: Glimmora|17/100
|-activate|p1a: Glimmora|ability: Toxic Debris
|-sidestart|p2: Sauronikov|move: Toxic Spikes
|move|p1a: Glimmora|Reflect|p1a: Glimmora
|-sidestart|p1: Aggrhy|Reflect
|
|-damage|p2a: Rhyperior|41/100 psn|[from] psn
|upkeep
|turn|10
|
|t:|1758331595
|switch|p1a: Hydrapple|Hydrapple, M|55/100 frz
|move|p2a: Rhyperior|Ice Punch|p1a: Hydrapple
|-supereffective|p1a: Hydrapple
|-damage|p1a: Hydrapple|19/100 frz
|-damage|p2a: Rhyperior|24/100 psn|[from] item: Rocky Helmet|[of] p1a: Hydrapple
|
|-damage|p2a: Rhyperior|12/100 psn|[from] psn
|upkeep
|turn|11
|
|t:|1758331605
|switch|p1a: Metagross|Metagross|100/100
|move|p2a: Rhyperior|Earthquake|p1a: Metagross
|-supereffective|p1a: Metagross
|-damage|p1a: Metagross|58/100
|
|-damage|p2a: Rhyperior|0 fnt|[from] psn
|faint|p2a: Rhyperior
|upkeep
|
|t:|1758331613
|switch|p2a: Revavroom|Revavroom, M|100/100
|-sideend|p2: Sauronikov|move: Toxic Spikes|[of] p2a: Revavroom
|turn|12
|
|t:|1758331618
|switch|p2a: Grimmsnarl|Grimmsnarl, M|42/100
|move|p1a: Metagross|Psychic Fangs|p2a: Grimmsnarl
|-immune|p2a: Grimmsnarl
|
|upkeep
|turn|13
|
|t:|1758331626
|move|p2a: Grimmsnarl|Reflect|p2a: Grimmsnarl
|-sidestart|p2: Sauronikov|Reflect
|move|p1a: Metagross|Earthquake|p2a: Grimmsnarl
|-damage|p2a: Grimmsnarl|21/100
|
|upkeep
|turn|14
|
|t:|1758331636
|switch|p2a: Entei|Entei, shiny|100/100
|move|p1a: Metagross|Earthquake|p2a: Entei
|-supereffective|p2a: Entei
|-damage|p2a: Entei|67/100
|-enditem|p2a: Entei|Weakness Policy
|-boost|p2a: Entei|atk|2|[from] item: Weakness Policy
|-boost|p2a: Entei|spa|2|[from] item: Weakness Policy
|
|upkeep
|turn|15
|
|t:|1758331645
|switch|p1a: Hydrapple|Hydrapple, M|52/100 frz
|move|p2a: Entei|Agility|p2a: Entei
|-boost|p2a: Entei|spe|2
|
|upkeep
|turn|16
|
|t:|1758331652
|switch|p1a: Glimmora|Glimmora, F, tera:Grass|17/100
|move|p2a: Entei|Sacred Fire|p1a: Glimmora
|-supereffective|p1a: Glimmora
|-damage|p1a: Glimmora|0 fnt
|-activate|p1a: Glimmora|ability: Toxic Debris
|-sidestart|p2: Sauronikov|move: Toxic Spikes
|faint|p1a: Glimmora
|
|-sideend|p1: Aggrhy|Reflect
|upkeep
|
|t:|1758331663
|switch|p1a: Hydrapple|Hydrapple, M|85/100 frz
|turn|17
|
|t:|1758331668
|move|p2a: Entei|Sacred Fire|p1a: Hydrapple
|-damage|p1a: Hydrapple|9/100 frz
|-curestatus|p1a: Hydrapple|frz|[msg]
|move|p1a: Hydrapple|Earth Power|p2a: Entei
|-supereffective|p2a: Entei
|-damage|p2a: Entei|3/100
|
|-sideend|p2: Sauronikov|Reflect
|upkeep
|turn|18
|
|t:|1758331685
|move|p2a: Entei|Sacred Fire|p1a: Hydrapple
|-damage|p1a: Hydrapple|0 fnt
|faint|p1a: Hydrapple
|
|upkeep
|
|t:|1758331690
|switch|p1a: Pikachu|Pikachu, M|100/100
|turn|19
|
|t:|1758331694
|move|p1a: Pikachu|Quick Attack|p2a: Entei
|-damage|p2a: Entei|0 fnt
|faint|p2a: Entei
|
|upkeep
|
|t:|1758331696
|switch|p2a: Grimmsnarl|Grimmsnarl, M|21/100
|-status|p2a: Grimmsnarl|psn
|turn|20
|
|t:|1758331704
|move|p1a: Pikachu|Quick Attack|p2a: Grimmsnarl
|-damage|p2a: Grimmsnarl|5/100 psn
|move|p2a: Grimmsnarl|Reflect|p2a: Grimmsnarl
|-sidestart|p2: Sauronikov|Reflect
|
|-damage|p2a: Grimmsnarl|0 fnt|[from] psn
|faint|p2a: Grimmsnarl
|upkeep
|
|t:|1758331706
|switch|p2a: Revavroom|Revavroom, M|100/100
|-sideend|p2: Sauronikov|move: Toxic Spikes|[of] p2a: Revavroom
|turn|21
|
|t:|1758331717
|move|p1a: Pikachu|Volt Tackle|p2a: Revavroom
|-damage|p2a: Revavroom|64/100
|-status|p2a: Revavroom|par
|-damage|p1a: Pikachu|80/100|[from] Recoil
|move|p2a: Revavroom|Shift Gear|p2a: Revavroom
|-boost|p2a: Revavroom|spe|2
|-boost|p2a: Revavroom|atk|1
|
|upkeep
|turn|22
|
|t:|1758331727
|switch|p1a: Metagross|Metagross|58/100
|move|p2a: Revavroom|High Horsepower|p1a: Metagross|[miss]
|-miss|p2a: Revavroom|p1a: Metagross
|
|upkeep
|turn|23
|
|t:|1758331737
|move|p2a: Revavroom|High Horsepower|p1a: Metagross
|-supereffective|p1a: Metagross
|-damage|p1a: Metagross|0 fnt
|faint|p1a: Metagross
|
|upkeep
|
|t:|1758331743
|switch|p1a: Gardevoir|Gardevoir, M|100/100
|-ability|p1a: Gardevoir|Filter|Trace|[from] ability: Trace|[of] p2a: Revavroom
|turn|24
|
|t:|1758331748
|cant|p2a: Revavroom|par
|move|p1a: Gardevoir|Psychic|p2a: Revavroom
|-damage|p2a: Revavroom|1/100 par
|
|-sideend|p2: Sauronikov|Reflect
|upkeep
|turn|25
|
|t:|1758331757
|cant|p2a: Revavroom|par
|move|p1a: Gardevoir|Psychic|p2a: Revavroom
|-damage|p2a: Revavroom|0 fnt
|faint|p2a: Revavroom
|
|upkeep
|
|t:|1758331760
|switch|p2a: Iron Boulder|Iron Boulder|100/100
|turn|26
|
|t:|1758331769
|move|p2a: Iron Boulder|Agility|p2a: Iron Boulder
|-boost|p2a: Iron Boulder|spe|2
|move|p1a: Gardevoir|Moonblast|p2a: Iron Boulder
|-damage|p2a: Iron Boulder|62/100
|-unboost|p2a: Iron Boulder|spa|1
|
|upkeep
|turn|27
|
|t:|1758331778
|move|p2a: Iron Boulder|Mighty Cleave|p1a: Gardevoir
|-damage|p1a: Gardevoir|25/100
|move|p1a: Gardevoir|Moonblast|p2a: Iron Boulder
|-damage|p2a: Iron Boulder|23/100
|
|upkeep
|turn|28
|
|t:|1758331785
|move|p2a: Iron Boulder|Mighty Cleave|p1a: Gardevoir
|-damage|p1a: Gardevoir|0 fnt
|faint|p1a: Gardevoir
|
|upkeep
|
|t:|1758331790
|switch|p1a: Pikachu|Pikachu, M|80/100
|turn|29
|
|t:|1758331793
|move|p1a: Pikachu|Quick Attack|p2a: Iron Boulder
|-resisted|p2a: Iron Boulder
|-damage|p2a: Iron Boulder|15/100
|move|p2a: Iron Boulder|Mighty Cleave|p1a: Pikachu
|-damage|p1a: Pikachu|0 fnt
|faint|p1a: Pikachu
|
|win|Sauronikov
|raw|Aggrhy's rating: 1397 &rarr; <strong>1373</strong><br />(-24 for losing)
|raw|Sauronikov's rating: 1328 &rarr; <strong>1352</strong><br />(+24 for winning)
|l|☆Aggrhy
|player|p1|
|l|☆Sauronikov
|player|p2|
