|j|☆jop90
|j|☆noslen9385
|t:|1758291378
|gametype|singles
|player|p1|jop90|1|1362
|player|p2|noslen9385|266|1329
|gen|9
|tier|[Gen 9] OU
|rated|
|rule|HP Percentage Mod: HP is shown in percentages
|rule|Endless Battle Clause: Forcing endless battles is banned
|rule|Species Clause: Limit one of each Pokémon
|rule|OHKO Clause: OHKO moves are banned
|rule|Evasion Items Clause: Evasion items are banned
|rule|Evasion Moves Clause: Evasion moves are banned
|rule|Evasion Abilities Clause: Evasion abilities are banned
|rule|Sleep Moves Clause: Sleep-inducing moves are banned
|clearpoke
|poke|p1|Araquanid, M|
|poke|p1|Scizor, M|
|poke|p1|Lokix, M|
|poke|p1|Yanmega, F|
|poke|p1|Forretress, F|
|poke|p1|Ribombee, F|
|poke|p2|Great Tusk|
|poke|p2|Iron Moth|
|poke|p2|Dragonite, F|
|poke|p2|Rotom-Wash|
|poke|p2|Clefable, F|
|poke|p2|Zamazenta-*|
|teampreview
|
|t:|1758291394
|teamsize|p1|6
|teamsize|p2|6
|start
|switch|p1a: Yanmega|Yanmega, F|100/100
|switch|p2a: Rotom|Rotom-Wash, shiny|100/100
|turn|1
|
|t:|1758291399
|move|p1a: Yanmega|Giga Drain|p2a: Rotom
|-supereffective|p2a: Rotom
|-crit|p2a: Rotom
|-damage|p2a: Rotom|0 fnt
|faint|p2a: Rotom
|
|upkeep
|
|t:|1758291402
|switch|p2a: Iron Moth|Iron Moth, shiny|100/100
|-enditem|p2a: Iron Moth|Booster Energy
|-activate|p2a: Iron Moth|ability: Quark Drive|[fromitem]
|-start|p2a: Iron Moth|quarkdrivespa
|turn|2
|
|t:|1758291406
|switch|p1a: Araquanid|Araquanid, M|100/100
|-terastallize|p2a: Iron Moth|Fire
|move|p2a: Iron Moth|Fiery Dance|p1a: Araquanid
|-damage|p1a: Araquanid|81/100
|-boost|p2a: Iron Moth|spa|1
|
|upkeep
|turn|3
|
|t:|1758291414
|move|p2a: Iron Moth|Sludge Wave|p1a: Araquanid
|-damage|p1a: Araquanid|25/100
|move|p1a: Araquanid|Liquidation|p2a: Iron Moth
|-supereffective|p2a: Iron Moth
|-damage|p2a: Iron Moth|0 fnt
|faint|p2a: Iron Moth
|-end|p2a: Iron Moth|Quark Drive|[silent]
|
|upkeep
|
|t:|1758291417
|switch|p2a: Dragonite|Dragonite, F|100/100
|turn|4
|
|t:|1758291424
|move|p2a: Dragonite|Dragon Dance|p2a: Dragonite
|-boost|p2a: Dragonite|atk|1
|-boost|p2a: Dragonite|spe|1
|move|p1a: Araquanid|Liquidation|p2a: Dragonite
|-resisted|p2a: Dragonite
|-damage|p2a: Dragonite|87/100
|-unboost|p2a: Dragonite|def|1
|
|upkeep
|turn|5
|
|t:|1758291431
|switch|p1a: Forretress|Forretress, F|100/100
|move|p2a: Dragonite|Extreme Speed|p1a: Forretress
|-resisted|p1a: Forretress
|-damage|p1a: Forretress|88/100
|
|-heal|p1a: Forretress|94/100|[from] item: Leftovers
|upkeep
|turn|6
|
|t:|1758291436
|move|p2a: Dragonite|Earthquake|p1a: Forretress
|-damage|p1a: Forretress|62/100
|move|p1a: Forretress|Stealth Rock|p2a: Dragonite
|-sidestart|p2: noslen9385|move: Stealth Rock
|
|-heal|p1a: Forretress|68/100|[from] item: Leftovers
|upkeep
|turn|7
|
|t:|1758291439
|move|p2a: Dragonite|Earthquake|p1a: Forretress
|-damage|p1a: Forretress|36/100
|move|p1a: Forretress|Body Press|p2a: Dragonite
|-resisted|p2a: Dragonite
|-damage|p2a: Dragonite|62/100
|
|-heal|p1a: Forretress|43/100|[from] item: Leftovers
|upkeep
|turn|8
|
|t:|1758291447
|move|p2a: Dragonite|Earthquake|p1a: Forretress
|-damage|p1a: Forretress|11/100
|move|p1a: Forretress|Volt Switch|p2a: Dragonite
|-damage|p2a: Dragonite|53/100
|
|t:|1758291451
|switch|p1a: Lokix|Lokix, M|100/100|[from] Volt Switch
|
|upkeep
|turn|9
|
|t:|1758291455
|move|p1a: Lokix|First Impression|p2a: Dragonite
|-resisted|p2a: Dragonite
|-damage|p2a: Dragonite|0 fnt
|faint|p2a: Dragonite
|
|upkeep
|
|t:|1758291476
|switch|p2a: Great Tusk|Great Tusk|100/100
|-damage|p2a: Great Tusk|98/100|[from] Stealth Rock
|-enditem|p2a: Great Tusk|Booster Energy
|-activate|p2a: Great Tusk|ability: Protosynthesis|[fromitem]
|-start|p2a: Great Tusk|protosynthesisatk
|turn|10
|
|t:|1758291483
|switch|p1a: Forretress|Forretress, F|11/100
|move|p2a: Great Tusk|Headlong Rush|p1a: Forretress
|-damage|p1a: Forretress|0 fnt
|-unboost|p2a: Great Tusk|def|1
|-unboost|p2a: Great Tusk|spd|1
|faint|p1a: Forretress
|
|upkeep
|
|t:|1758291491
|switch|p1a: Yanmega|Yanmega, F|100/100
|turn|11
|
|t:|1758291495
|move|p1a: Yanmega|Air Slash|p2a: Great Tusk
|-supereffective|p2a: Great Tusk
|-damage|p2a: Great Tusk|0 fnt
|faint|p2a: Great Tusk
|-end|p2a: Great Tusk|Protosynthesis|[silent]
|
|upkeep
|
|t:|1758291497
|switch|p2a: Zamazenta|Zamazenta|100/100
|-damage|p2a: Zamazenta|94/100|[from] Stealth Rock
|-ability|p2a: Zamazenta|Dauntless Shield|boost
|-boost|p2a: Zamazenta|def|1
|turn|12
|
|t:|1758291501
|move|p1a: Yanmega|Air Slash|p2a: Zamazenta
|-supereffective|p2a: Zamazenta
|-damage|p2a: Zamazenta|16/100
|cant|p2a: Zamazenta|flinch
|
|upkeep
|turn|13
|
|t:|1758291505
|move|p1a: Yanmega|Air Slash|p2a: Zamazenta
|-supereffective|p2a: Zamazenta
|-damage|p2a: Zamazenta|0 fnt
|faint|p2a: Zamazenta
|
|upkeep
|-message|noslen9385 forfeited.
|
|win|jop90
|raw|jop90's rating: 1362 &rarr; <strong>1380</strong><br />(+18 for winning)
|raw|noslen9385's rating: 1329 &rarr; <strong>1311</strong><br />(-18 for losing)
|l|☆noslen9385
|player|p2|
|l|☆jop90
|player|p1|
