|j|☆xzeroxman
|j|☆4DEF+4SPD=GG
|t:|1758326693
|gametype|singles
|player|p1|xzeroxman|pokefan|1480
|player|p2|4DEF+4SPD=GG|preschooler|1494
|gen|9
|tier|[Gen 9] OU
|rated|
|rule|HP Percentage Mod: HP is shown in percentages
|rule|Endless Battle Clause: Forcing endless battles is banned
|rule|Species Clause: Limit one of each Pokémon
|rule|OHKO Clause: OHKO moves are banned
|rule|Evasion Items Clause: Evasion items are banned
|rule|Evasion Moves Clause: Evasion moves are banned
|rule|Evasion Abilities Clause: Evasion abilities are banned
|rule|Sleep Moves Clause: Sleep-inducing moves are banned
|clearpoke
|poke|p1|Ninetales, F|
|poke|p1|Ceruledge, M|
|poke|p1|Venusaur, M|
|poke|p1|Hatterene, F|
|poke|p1|Great Tusk|
|poke|p1|Walking Wake|
|poke|p2|Tyranitar, M|
|poke|p2|Excadrill, M|
|poke|p2|Corviknight, M|
|poke|p2|Glimmora, M|
|poke|p2|Hippowdon, M|
|poke|p2|Scizor, M|
|teampreview
|inactive|Battle timer is ON: inactive players will automatically lose when time's up. (requested by 4DEF+4SPD=GG)
|
|t:|1758326705
|teamsize|p1|6
|teamsize|p2|6
|start
|switch|p1a: Spin Diesel|Great Tusk|100/100
|switch|p2a: Tyranitar|Tyranitar, M|100/100
|-weather|Sandstorm|[from] ability: Sand Stream|[of] p2a: Tyranitar
|turn|1
|
|t:|1758326712
|switch|p2a: Corviknight|Corviknight, M|100/100
|move|p1a: Spin Diesel|Stealth Rock|p2a: Corviknight
|-sidestart|p2: 4DEF+4SPD=GG|move: Stealth Rock
|
|-weather|Sandstorm|[upkeep]
|upkeep
|turn|2
|
|t:|1758326737
|-end|p1a: Spin Diesel|Protosynthesis|[silent]
|switch|p1a: Naruto|Ninetales, F|100/100
|-weather|SunnyDay|[from] ability: Drought|[of] p1a: Naruto
|move|p2a: Corviknight|Defog|p1a: Naruto
|-unboost|p1a: Naruto|evasion|1
|-sideend|p2: 4DEF+4SPD=GG|Stealth Rock|[from] move: Defog|[of] p2a: Corviknight
|
|-weather|SunnyDay|[upkeep]
|upkeep
|turn|3
|
|t:|1758326748
|switch|p2a: Tyranitar|Tyranitar, M|100/100
|-weather|Sandstorm|[from] ability: Sand Stream|[of] p2a: Tyranitar
|move|p1a: Naruto|Will-O-Wisp|p2a: Tyranitar
|-status|p2a: Tyranitar|brn
|
|-weather|Sandstorm|[upkeep]
|-damage|p1a: Naruto|94/100|[from] Sandstorm
|-damage|p2a: Tyranitar|94/100 brn|[from] brn
|upkeep
|turn|4
|
|t:|1758326760
|switch|p1a: Spin Diesel|Great Tusk|100/100
|switch|p2a: Glimmora|Glimmora, M|100/100
|
|-weather|Sandstorm|[upkeep]
|upkeep
|turn|5
|
|t:|1758326773
|-terastallize|p2a: Glimmora|Bug
|move|p1a: Spin Diesel|Rapid Spin|p2a: Glimmora
|-damage|p2a: Glimmora|82/100
|-boost|p1a: Spin Diesel|spe|1
|-activate|p2a: Glimmora|ability: Toxic Debris
|-sidestart|p1: xzeroxman|move: Toxic Spikes
|-sideend|p1: xzeroxman|Toxic Spikes|[from] move: Rapid Spin|[of] p1a: Spin Diesel
|move|p2a: Glimmora|Meteor Beam||[still]
|-prepare|p2a: Glimmora|Meteor Beam
|-boost|p2a: Glimmora|spa|1
|-enditem|p2a: Glimmora|Power Herb
|-anim|p2a: Glimmora|Meteor Beam|p1a: Spin Diesel
|-resisted|p1a: Spin Diesel
|-damage|p1a: Spin Diesel|66/100
|
|-weather|Sandstorm|[upkeep]
|-damage|p2a: Glimmora|76/100|[from] Sandstorm
|upkeep
|turn|6
|inactive|xzeroxman has 120 seconds left.
|
|t:|1758326820
|-end|p1a: Spin Diesel|Protosynthesis|[silent]
|switch|p1a: walKING JAMES|Walking Wake|100/100
|move|p2a: Glimmora|Earth Power|p1a: walKING JAMES
|-damage|p1a: walKING JAMES|42/100
|
|-weather|Sandstorm|[upkeep]
|-damage|p1a: walKING JAMES|36/100|[from] Sandstorm
|-damage|p2a: Glimmora|70/100|[from] Sandstorm
|upkeep
|turn|7
|
|t:|1758326824
|switch|p2a: Corviknight|Corviknight, M|100/100
|move|p1a: walKING JAMES|Hydro Steam|p2a: Corviknight
|-damage|p2a: Corviknight|37/100
|
|-weather|Sandstorm|[upkeep]
|-damage|p1a: walKING JAMES|30/100|[from] Sandstorm
|upkeep
|turn|8
|
|t:|1758326831
|move|p1a: walKING JAMES|Hydro Steam|p2a: Corviknight
|-damage|p2a: Corviknight|0 fnt
|faint|p2a: Corviknight
|
|-weather|Sandstorm|[upkeep]
|-damage|p1a: walKING JAMES|24/100|[from] Sandstorm
|upkeep
|
|t:|1758326833
|switch|p2a: Excadrill|Excadrill, M|100/100
|turn|9
|inactive|xzeroxman has 120 seconds left.
|
|t:|1758326839
|-end|p1a: walKING JAMES|Protosynthesis|[silent]
|switch|p1a: Spin Diesel|Great Tusk|66/100
|move|p2a: Excadrill|Earthquake|p1a: Spin Diesel
|-damage|p1a: Spin Diesel|28/100
|
|-weather|Sandstorm|[upkeep]
|upkeep
|turn|10
|inactive|xzeroxman has 120 seconds left.
|
|t:|1758326877
|move|p2a: Excadrill|Earthquake|p1a: Spin Diesel
|-damage|p1a: Spin Diesel|0 fnt
|faint|p1a: Spin Diesel
|-end|p1a: Spin Diesel|Protosynthesis|[silent]
|
|-weather|none
|upkeep
|
|t:|1758326886
|switch|p1a: walKING JAMES|Walking Wake|24/100
|turn|11
|
|t:|1758326890
|switch|p2a: Tyranitar|Tyranitar, M|94/100 brn
|-weather|Sandstorm|[from] ability: Sand Stream|[of] p2a: Tyranitar
|move|p1a: walKING JAMES|Hydro Steam|p2a: Tyranitar
|-supereffective|p2a: Tyranitar
|-damage|p2a: Tyranitar|20/100 brn
|
|-weather|Sandstorm|[upkeep]
|-damage|p1a: walKING JAMES|17/100|[from] Sandstorm
|-damage|p2a: Tyranitar|14/100 brn|[from] brn
|upkeep
|turn|12
|
|t:|1758326897
|move|p1a: walKING JAMES|Hydro Steam|p2a: Tyranitar
|-supereffective|p2a: Tyranitar
|-damage|p2a: Tyranitar|0 fnt
|faint|p2a: Tyranitar
|
|-weather|Sandstorm|[upkeep]
|-damage|p1a: walKING JAMES|11/100|[from] Sandstorm
|upkeep
|
|t:|1758326898
|switch|p2a: Excadrill|Excadrill, M|100/100
|turn|13
|inactive|xzeroxman has 120 seconds left.
|
|t:|1758326906
|-end|p1a: walKING JAMES|Protosynthesis|[silent]
|switch|p1a: Sorting Hat|Hatterene, F|100/100
|move|p2a: Excadrill|Rapid Spin|p1a: Sorting Hat
|-damage|p1a: Sorting Hat|84/100
|-boost|p2a: Excadrill|spe|1
|-enditem|p1a: Sorting Hat|Eject Button
|
|t:|1758326910
|switch|p1a: Naruto|Ninetales, F|94/100
|-weather|SunnyDay|[from] ability: Drought|[of] p1a: Naruto
|
|-weather|SunnyDay|[upkeep]
|upkeep
|turn|14
|inactive|xzeroxman has 120 seconds left.
|
|t:|1758326930
|-terastallize|p1a: Naruto|Ghost
|move|p2a: Excadrill|Earthquake|p1a: Naruto
|-damage|p1a: Naruto|21/100
|move|p1a: Naruto|Flamethrower|p2a: Excadrill
|-supereffective|p2a: Excadrill
|-damage|p2a: Excadrill|4/100
|
|-weather|SunnyDay|[upkeep]
|upkeep
|turn|15
|inactive|xzeroxman has 120 seconds left.
|
|t:|1758326958
|move|p2a: Excadrill|Earthquake|p1a: Naruto
|-crit|p1a: Naruto
|-damage|p1a: Naruto|0 fnt
|faint|p1a: Naruto
|
|-weather|SunnyDay|[upkeep]
|upkeep
|
|t:|1758326959
|switch|p1a: Fat Dumpy|Venusaur, M|100/100
|turn|16
|
|t:|1758326966
|switch|p2a: Hippowdon|Hippowdon, M|100/100
|-weather|Sandstorm|[from] ability: Sand Stream|[of] p2a: Hippowdon
|move|p1a: Fat Dumpy|Weather Ball|p2a: Hippowdon
|-resisted|p2a: Hippowdon
|-damage|p2a: Hippowdon|78/100
|-damage|p1a: Fat Dumpy|91/100|[from] item: Life Orb
|
|-weather|Sandstorm|[upkeep]
|-damage|p1a: Fat Dumpy|85/100|[from] Sandstorm
|upkeep
|turn|17
|inactive|xzeroxman has 120 seconds left.
|
|t:|1758326977
|switch|p2a: Glimmora|Glimmora, M, tera:Bug|70/100
|move|p1a: Fat Dumpy|Giga Drain|p2a: Glimmora
|-resisted|p2a: Glimmora
|-damage|p2a: Glimmora|38/100
|-heal|p1a: Fat Dumpy|100/100|[from] drain|[of] p2a: Glimmora
|-damage|p1a: Fat Dumpy|91/100|[from] item: Life Orb
|
|-weather|Sandstorm|[upkeep]
|-damage|p2a: Glimmora|32/100|[from] Sandstorm
|-damage|p1a: Fat Dumpy|85/100|[from] Sandstorm
|upkeep
|turn|18
|inactive|xzeroxman has 120 seconds left.
|
|t:|1758326986
|move|p2a: Glimmora|Rock Polish|p2a: Glimmora
|-boost|p2a: Glimmora|spe|2
|move|p1a: Fat Dumpy|Weather Ball|p2a: Glimmora
|-supereffective|p2a: Glimmora
|-damage|p2a: Glimmora|0 fnt
|faint|p2a: Glimmora
|-damage|p1a: Fat Dumpy|75/100|[from] item: Life Orb
|
|-weather|Sandstorm|[upkeep]
|-damage|p1a: Fat Dumpy|69/100|[from] Sandstorm
|upkeep
|
|t:|1758326988
|switch|p2a: Excadrill|Excadrill, M|4/100
|turn|19
|
|t:|1758326995
|move|p2a: Excadrill|Earthquake|p1a: Fat Dumpy
|-damage|p1a: Fat Dumpy|0 fnt
|faint|p1a: Fat Dumpy
|
|-weather|Sandstorm|[upkeep]
|upkeep
|inactive|xzeroxman has 120 seconds left.
|inactive|xzeroxman has 90 seconds left.
|inactive|xzeroxman has 60 seconds left.
|
|t:|1758327076
|switch|p1a: Sorting Hat|Hatterene, F|84/100
|turn|20
|inactive|xzeroxman has 60 seconds left.
|
|t:|1758327088
|move|p2a: Excadrill|Iron Head|p1a: Sorting Hat
|-supereffective|p1a: Sorting Hat
|-damage|p1a: Sorting Hat|2/100
|move|p1a: Sorting Hat|Healing Wish|p1a: Sorting Hat
|faint|p1a: Sorting Hat
|
|-weather|Sandstorm|[upkeep]
|upkeep
|
|t:|1758327098
|switch|p1a: walKING JAMES|Walking Wake|11/100
|-heal|p1a: walKING JAMES|100/100|[from] move: Healing Wish
|turn|21
|inactive|xzeroxman has 60 seconds left.
|
|t:|1758327118
|move|p2a: Excadrill|Earthquake|p1a: walKING JAMES
|-damage|p1a: walKING JAMES|33/100
|move|p1a: walKING JAMES|Flamethrower|p2a: Excadrill
|-supereffective|p2a: Excadrill
|-damage|p2a: Excadrill|0 fnt
|faint|p2a: Excadrill
|
|-weather|Sandstorm|[upkeep]
|-damage|p1a: walKING JAMES|27/100|[from] Sandstorm
|upkeep
|
|t:|1758327126
|switch|p2a: Scizor|Scizor, M|100/100
|turn|22
|
|t:|1758327139
|move|p2a: Scizor|Bullet Punch|p1a: walKING JAMES
|-resisted|p1a: walKING JAMES
|-damage|p1a: walKING JAMES|0 fnt
|faint|p1a: walKING JAMES
|-end|p1a: walKING JAMES|Protosynthesis|[silent]
|
|-weather|Sandstorm|[upkeep]
|upkeep
|
|t:|1758327145
|switch|p1a: Edge Lord|Ceruledge, M|100/100
|turn|23
|inactive|xzeroxman has 30 seconds left.
|
|t:|1758327180
|move|p2a: Scizor|Bullet Punch|p1a: Edge Lord
|-resisted|p1a: Edge Lord
|-damage|p1a: Edge Lord|66/100
|-ability|p1a: Edge Lord|Weak Armor|boost
|-unboost|p1a: Edge Lord|def|1
|-boost|p1a: Edge Lord|spe|2
|move|p1a: Edge Lord|Swords Dance|p1a: Edge Lord
|-boost|p1a: Edge Lord|atk|2
|
|-weather|none
|upkeep
|turn|24
|
|t:|1758327186
|switch|p2a: Hippowdon|Hippowdon, M|78/100
|-weather|Sandstorm|[from] ability: Sand Stream|[of] p2a: Hippowdon
|move|p1a: Edge Lord|Bitter Blade|p2a: Hippowdon
|-damage|p2a: Hippowdon|31/100
|-heal|p1a: Edge Lord|99/100|[from] drain|[of] p2a: Hippowdon
|
|-weather|Sandstorm|[upkeep]
|-damage|p1a: Edge Lord|94/100|[from] Sandstorm
|upkeep
|turn|25
|
|t:|1758327195
|move|p1a: Edge Lord|Bitter Blade|p2a: Hippowdon
|-damage|p2a: Hippowdon|0 fnt
|-heal|p1a: Edge Lord|100/100|[from] drain|[of] p2a: Hippowdon
|faint|p2a: Hippowdon
|
|-weather|Sandstorm|[upkeep]
|-damage|p1a: Edge Lord|94/100|[from] Sandstorm
|upkeep
|
|t:|1758327198
|switch|p2a: Scizor|Scizor, M|100/100
|turn|26
|
|t:|1758327201
|move|p2a: Scizor|Bullet Punch|p1a: Edge Lord
|-resisted|p1a: Edge Lord
|-damage|p1a: Edge Lord|41/100
|-ability|p1a: Edge Lord|Weak Armor|boost
|-unboost|p1a: Edge Lord|def|1
|-boost|p1a: Edge Lord|spe|2
|move|p1a: Edge Lord|Bitter Blade|p2a: Scizor
|-supereffective|p2a: Scizor
|-damage|p2a: Scizor|0 fnt
|-heal|p1a: Edge Lord|100/100|[from] drain|[of] p2a: Scizor
|faint|p2a: Scizor
|
|win|xzeroxman
|raw|xzeroxman's rating: 1480 &rarr; <strong>1501</strong><br />(+21 for winning)
|raw|4DEF+4SPD=GG's rating: 1494 &rarr; <strong>1473</strong><br />(-21 for losing)
