|j|☆3idk
|j|☆omnomapuss
|t:|1758256972
|gametype|singles
|player|p1|3idk|lusamine-masters|1578
|player|p2|omnomapuss|crasherwake|1593
|gen|9
|tier|[Gen 9] OU
|rated|
|rule|HP Percentage Mod: HP is shown in percentages
|rule|Endless Battle Clause: Forcing endless battles is banned
|rule|Species Clause: Limit one of each Pokémon
|rule|OHKO Clause: OHKO moves are banned
|rule|Evasion Items Clause: Evasion items are banned
|rule|Evasion Moves Clause: Evasion moves are banned
|rule|Evasion Abilities Clause: Evasion abilities are banned
|rule|Sleep Moves Clause: Sleep-inducing moves are banned
|clearpoke
|poke|p1|Pelipper, F|
|poke|p1|Hatterene, F|
|poke|p1|Iron Treads|
|poke|p1|Toxicroak, F|
|poke|p1|Barraskewda, F|
|poke|p1|Zapdos|
|poke|p2|Primarina, F|
|poke|p2|Dragapult, F|
|poke|p2|Scizor, M|
|poke|p2|Great Tusk|
|poke|p2|Zapdos|
|poke|p2|Slowking-Galar, F|
|teampreview
|inactive|Battle timer is ON: inactive players will automatically lose when time's up. (requested by 3idk)
|
|t:|1758256984
|teamsize|p1|6
|teamsize|p2|6
|start
|switch|p1a: Barraskewda|Barraskewda, F|100/100
|switch|p2a: Zapdos|Zapdos|100/100
|turn|1
|
|t:|1758257000
|move|p1a: Barraskewda|Flip Turn|p2a: Zapdos
|-damage|p2a: Zapdos|63/100
|-status|p1a: Barraskewda|par|[from] ability: Static|[of] p2a: Zapdos
|
|t:|1758257006
|switch|p1a: Hatterene|Hatterene, F|100/100|[from] Flip Turn
|move|p2a: Zapdos|U-turn|p1a: Hatterene
|-damage|p1a: Hatterene|87/100
|-enditem|p1a: Hatterene|Eject Button
|
|t:|1758257010
|switch|p1a: Zapdos|Zapdos|100/100
|
|upkeep
|turn|2
|
|t:|1758257021
|move|p1a: Zapdos|Volt Switch|p2a: Zapdos
|-damage|p2a: Zapdos|11/100
|
|t:|1758257026
|switch|p1a: Iron Treads|Iron Treads|100/100|[from] Volt Switch
|move|p2a: Zapdos|Roost|p2a: Zapdos
|-heal|p2a: Zapdos|61/100
|-singleturn|p2a: Zapdos|move: Roost
|
|upkeep
|turn|3
|
|t:|1758257036
|switch|p2a: Great Tusk|Great Tusk|100/100
|move|p1a: Iron Treads|Stealth Rock|p2a: Great Tusk
|-sidestart|p2: omnomapuss|move: Stealth Rock
|
|upkeep
|turn|4
|
|t:|1758257044
|-end|p1a: Iron Treads|Quark Drive|[silent]
|switch|p1a: Pelipper|Pelipper, F|100/100
|-weather|RainDance|[from] ability: Drizzle|[of] p1a: Pelipper
|move|p2a: Great Tusk|Rapid Spin|p1a: Pelipper
|-damage|p1a: Pelipper|81/100
|-boost|p2a: Great Tusk|spe|1
|-sideend|p2: omnomapuss|Stealth Rock|[from] move: Rapid Spin|[of] p2a: Great Tusk
|
|-weather|RainDance|[upkeep]
|upkeep
|turn|5
|j| KappaHalo
|inactive|omnomapuss has 120 seconds left.
|
|t:|1758257077
|-end|p2a: Great Tusk|Protosynthesis|[silent]
|switch|p2a: Primarina|Primarina, F|100/100
|move|p1a: Pelipper|U-turn|p2a: Primarina
|-resisted|p2a: Primarina
|-damage|p2a: Primarina|95/100
|
|t:|1758257088
|switch|p1a: Zapdos|Zapdos|100/100|[from] U-turn
|
|-weather|RainDance|[upkeep]
|upkeep
|turn|6
|
|t:|1758257096
|switch|p2a: Slowking|Slowking-Galar, F|100/100
|move|p1a: Zapdos|Volt Switch|p2a: Slowking
|-damage|p2a: Slowking|69/100
|
|t:|1758257102
|switch|p1a: Barraskewda|Barraskewda, F|100/100 par|[from] Volt Switch
|
|-weather|RainDance|[upkeep]
|upkeep
|turn|7
|
|t:|1758257112
|switch|p2a: Primarina|Primarina, F|95/100
|move|p1a: Barraskewda|Flip Turn|p2a: Primarina
|-resisted|p2a: Primarina
|-damage|p2a: Primarina|48/100
|
|t:|1758257119
|switch|p1a: Zapdos|Zapdos|100/100|[from] Flip Turn
|
|-weather|RainDance|[upkeep]
|upkeep
|turn|8
|
|t:|1758257133
|move|p1a: Zapdos|Hurricane|p2a: Primarina
|-damage|p2a: Primarina|0 fnt
|faint|p2a: Primarina
|
|-weather|RainDance|[upkeep]
|upkeep
|
|t:|1758257142
|switch|p2a: Dragapult|Dragapult, F|100/100
|turn|9
|j| IM AT MY LIMIT
|
|t:|1758257147
|switch|p1a: Iron Treads|Iron Treads|100/100
|-terastallize|p2a: Dragapult|Ghost
|move|p2a: Dragapult|Tera Blast|p1a: Iron Treads|[anim] Tera Blast Ghost
|-crit|p1a: Iron Treads
|-damage|p1a: Iron Treads|0 fnt
|faint|p1a: Iron Treads
|-end|p1a: Iron Treads|Quark Drive|[silent]
|
|-weather|RainDance|[upkeep]
|upkeep
|
|t:|1758257156
|switch|p1a: Toxicroak|Toxicroak, F|100/100
|turn|10
|
|t:|1758257159
|switch|p2a: Great Tusk|Great Tusk|100/100
|move|p1a: Toxicroak|Knock Off|p2a: Great Tusk
|-resisted|p2a: Great Tusk
|-damage|p2a: Great Tusk|92/100
|-damage|p1a: Toxicroak|84/100|[from] item: Rocky Helmet|[of] p2a: Great Tusk
|-enditem|p2a: Great Tusk|Rocky Helmet|[from] move: Knock Off|[of] p1a: Toxicroak
|
|-weather|RainDance|[upkeep]
|-heal|p1a: Toxicroak|96/100|[from] ability: Dry Skin
|upkeep
|turn|11
|
|t:|1758257166
|move|p2a: Great Tusk|Headlong Rush|p1a: Toxicroak
|-supereffective|p1a: Toxicroak
|-damage|p1a: Toxicroak|0 fnt
|-unboost|p2a: Great Tusk|def|1
|-unboost|p2a: Great Tusk|spd|1
|-damage|p2a: Great Tusk|76/100|[from] item: Rocky Helmet|[of] p1a: Toxicroak
|faint|p1a: Toxicroak
|
|-weather|none
|upkeep
|l| IM AT MY LIMIT
|
|t:|1758257171
|switch|p1a: Pelipper|Pelipper, F|81/100
|-weather|RainDance|[from] ability: Drizzle|[of] p1a: Pelipper
|turn|12
|
|t:|1758257174
|move|p2a: Great Tusk|Stealth Rock|p1a: Pelipper
|-sidestart|p1: 3idk|move: Stealth Rock
|move|p1a: Pelipper|U-turn|p2a: Great Tusk
|-resisted|p2a: Great Tusk
|-damage|p2a: Great Tusk|71/100
|
|t:|1758257181
|switch|p1a: Zapdos|Zapdos|100/100|[from] U-turn
|-damage|p1a: Zapdos|76/100|[from] Stealth Rock
|
|-weather|RainDance|[upkeep]
|upkeep
|turn|13
|
|t:|1758257188
|move|p1a: Zapdos|Hurricane|p2a: Great Tusk
|-supereffective|p2a: Great Tusk
|-damage|p2a: Great Tusk|0 fnt
|faint|p2a: Great Tusk
|-end|p2a: Great Tusk|Protosynthesis|[silent]
|
|-weather|RainDance|[upkeep]
|upkeep
|
|t:|1758257193
|switch|p2a: Slowking|Slowking-Galar, F|100/100
|turn|14
|
|t:|1758257200
|move|p1a: Zapdos|Hurricane|p2a: Slowking
|-damage|p2a: Slowking|49/100
|move|p2a: Slowking|Sludge Bomb|p1a: Zapdos
|-damage|p1a: Zapdos|39/100
|-status|p1a: Zapdos|psn
|
|-weather|RainDance|[upkeep]
|-damage|p1a: Zapdos|26/100 psn|[from] psn
|upkeep
|turn|15
|j| IM AT MY LIMIT
|
|t:|1758257213
|move|p1a: Zapdos|Hurricane|p2a: Slowking
|-damage|p2a: Slowking|1/100
|-start|p2a: Slowking|confusion
|-activate|p2a: Slowking|confusion
|-damage|p2a: Slowking|0 fnt|[from] confusion
|faint|p2a: Slowking
|
|-weather|RainDance|[upkeep]
|-damage|p1a: Zapdos|14/100 psn|[from] psn
|upkeep
|
|t:|1758257218
|switch|p2a: Dragapult|Dragapult, F, tera:Ghost|100/100
|turn|16
|
|t:|1758257221
|move|p2a: Dragapult|Tera Blast|p1a: Zapdos|[anim] Tera Blast Ghost
|-damage|p1a: Zapdos|0 fnt
|faint|p1a: Zapdos
|
|-weather|RainDance|[upkeep]
|upkeep
|
|t:|1758257224
|switch|p1a: Hatterene|Hatterene, F|87/100
|-damage|p1a: Hatterene|75/100|[from] Stealth Rock
|turn|17
|
|t:|1758257231
|-terastallize|p1a: Hatterene|Normal
|move|p2a: Dragapult|Tera Blast|p1a: Hatterene|[anim] Tera Blast Ghost
|-immune|p1a: Hatterene
|move|p1a: Hatterene|Nuzzle|p2a: Dragapult
|-damage|p2a: Dragapult|95/100
|-status|p2a: Dragapult|par
|
|-weather|RainDance|[upkeep]
|upkeep
|turn|18
|
|t:|1758257257
|switch|p2a: Zapdos|Zapdos|61/100
|switch|p1a: Barraskewda|Barraskewda, F|100/100 par
|-damage|p1a: Barraskewda|88/100 par|[from] Stealth Rock
|
|-weather|RainDance|[upkeep]
|upkeep
|turn|19
|
|t:|1758257261
|move|p1a: Barraskewda|Flip Turn|p2a: Zapdos
|-damage|p2a: Zapdos|8/100
|
|t:|1758257266
|switch|p1a: Hatterene|Hatterene, F, tera:Normal|75/100|[from] Flip Turn
|-damage|p1a: Hatterene|63/100|[from] Stealth Rock
|move|p2a: Zapdos|Hurricane|p1a: Hatterene
|-damage|p1a: Hatterene|14/100
|
|-weather|none
|upkeep
|turn|20
|
|t:|1758257270
|move|p2a: Zapdos|Roost|p2a: Zapdos
|-heal|p2a: Zapdos|58/100
|-singleturn|p2a: Zapdos|move: Roost
|move|p1a: Hatterene|Healing Wish|p1a: Hatterene
|faint|p1a: Hatterene
|
|upkeep
|
|t:|1758257274
|switch|p1a: Barraskewda|Barraskewda, F|88/100 par
|-heal|p1a: Barraskewda|100/100|[from] move: Healing Wish
|-damage|p1a: Barraskewda|88/100|[from] Stealth Rock
|turn|21
|
|t:|1758257278
|move|p1a: Barraskewda|Liquidation|p2a: Zapdos
|-damage|p2a: Zapdos|10/100
|move|p2a: Zapdos|Roost|p2a: Zapdos
|-heal|p2a: Zapdos|60/100
|-singleturn|p2a: Zapdos|move: Roost
|
|upkeep
|turn|22
|
|t:|1758257283
|switch|p1a: Pelipper|Pelipper, F|81/100
|-damage|p1a: Pelipper|56/100|[from] Stealth Rock
|-weather|RainDance|[from] ability: Drizzle|[of] p1a: Pelipper
|move|p2a: Zapdos|Roost|p2a: Zapdos
|-heal|p2a: Zapdos|100/100
|-singleturn|p2a: Zapdos|move: Roost
|
|-weather|RainDance|[upkeep]
|upkeep
|turn|23
|
|t:|1758257290
|move|p2a: Zapdos|Hurricane|p1a: Pelipper
|-damage|p1a: Pelipper|11/100
|move|p1a: Pelipper|Hurricane|p2a: Zapdos
|-resisted|p2a: Zapdos
|-damage|p2a: Zapdos|83/100
|
|-weather|RainDance|[upkeep]
|upkeep
|turn|24
|j| nsdede
|
|t:|1758257296
|move|p2a: Zapdos|Hurricane|p1a: Pelipper
|-damage|p1a: Pelipper|0 fnt
|faint|p1a: Pelipper
|
|-weather|RainDance|[upkeep]
|upkeep
|l| nsdede
|
|t:|1758257300
|switch|p1a: Barraskewda|Barraskewda, F|88/100
|-damage|p1a: Barraskewda|76/100|[from] Stealth Rock
|turn|25
|
|t:|1758257310
|move|p1a: Barraskewda|Liquidation|p2a: Zapdos
|-damage|p2a: Zapdos|8/100
|move|p2a: Zapdos|Hurricane|p1a: Barraskewda
|-damage|p1a: Barraskewda|0 fnt
|faint|p1a: Barraskewda
|
|win|omnomapuss
|raw|3idk's rating: 1578 &rarr; <strong>1559</strong><br />(-19 for losing)
|raw|omnomapuss's rating: 1593 &rarr; <strong>1612</strong><br />(+19 for winning)
|l|☆omnomapuss
|player|p2|
|l|☆3idk
|player|p1|
|l| KappaHalo
