|j|☆Lonelyenders
|j|☆CallMeSam94
|t:|1758370157
|gametype|singles
|player|p1|Lonelyenders|acetrainer|1416
|player|p2|CallMeSam94|266|1375
|gen|9
|tier|[Gen 9] OU
|rated|
|rule|HP Percentage Mod: HP is shown in percentages
|rule|Endless Battle Clause: Forcing endless battles is banned
|rule|Species Clause: Limit one of each Pokémon
|rule|OHKO Clause: OHKO moves are banned
|rule|Evasion Items Clause: Evasion items are banned
|rule|Evasion Moves Clause: Evasion moves are banned
|rule|Evasion Abilities Clause: Evasion abilities are banned
|rule|Sleep Moves Clause: Sleep-inducing moves are banned
|clearpoke
|poke|p1|Great Tusk|
|poke|p1|Decidueye-Hisui, M|
|poke|p1|Dragonite, F|
|poke|p1|Zapdos|
|poke|p1|Heatran, F|
|poke|p1|Primarina, F|
|poke|p2|Indeedee, M|
|poke|p2|Hatterene, F|
|poke|p2|Ursaluna, F|
|poke|p2|Iron Hands|
|poke|p2|Hoopa-Unbound|
|poke|p2|Mimikyu, F|
|teampreview
|inactive|Battle timer is ON: inactive players will automatically lose when time's up. (requested by Lonelyenders)
|j| chamu rye
|l| chamu rye
|
|t:|1758370169
|teamsize|p1|6
|teamsize|p2|6
|start
|switch|p1a: Heatran|Heatran, F|100/100
|switch|p2a: LEBRON|Iron Hands, shiny|100/100
|-enditem|p2a: LEBRON|Booster Energy
|-activate|p2a: LEBRON|ability: Quark Drive|[fromitem]
|-start|p2a: LEBRON|quarkdriveatk
|turn|1
|
|t:|1758370180
|-terastallize|p1a: Heatran|Grass
|move|p1a: Heatran|Will-O-Wisp|p2a: LEBRON
|-status|p2a: LEBRON|brn
|move|p2a: LEBRON|Close Combat|p1a: Heatran
|-damage|p1a: Heatran|62/100
|-unboost|p2a: LEBRON|def|1
|-unboost|p2a: LEBRON|spd|1
|
|-heal|p1a: Heatran|68/100|[from] item: Leftovers
|-damage|p2a: LEBRON|94/100 brn|[from] brn
|upkeep
|turn|2
|
|t:|1758370193
|move|p1a: Heatran|Earth Power|p2a: LEBRON
|-supereffective|p2a: LEBRON
|-damage|p2a: LEBRON|31/100 brn
|move|p2a: LEBRON|Ice Punch|p1a: Heatran
|-supereffective|p1a: Heatran
|-damage|p1a: Heatran|36/100
|
|-heal|p1a: Heatran|42/100|[from] item: Leftovers
|-damage|p2a: LEBRON|25/100 brn|[from] brn
|upkeep
|turn|3
|
|t:|1758370204
|move|p1a: Heatran|Earth Power|p2a: LEBRON
|-supereffective|p2a: LEBRON
|-damage|p2a: LEBRON|0 fnt
|faint|p2a: LEBRON
|-end|p2a: LEBRON|Quark Drive|[silent]
|
|-heal|p1a: Heatran|48/100|[from] item: Leftovers
|upkeep
|
|t:|1758370217
|switch|p2a: Subaru|Indeedee, M, shiny|100/100
|-fieldstart|move: Psychic Terrain|[from] ability: Psychic Surge|[of] p2a: Subaru
|turn|4
|
|t:|1758370223
|switch|p2a: King Von|Hoopa-Unbound|100/100
|-enditem|p2a: King Von|Psychic Seed
|-boost|p2a: King Von|spd|1|[from] item: Psychic Seed
|move|p1a: Heatran|Magma Storm|p2a: King Von
|-damage|p2a: King Von|80/100
|-activate|p2a: King Von|move: Magma Storm|[of] p1a: Heatran
|
|-heal|p1a: Heatran|55/100|[from] item: Leftovers
|-damage|p2a: King Von|68/100|[from] move: Magma Storm|[partiallytrapped]
|upkeep
|turn|5
|
|t:|1758370248
|move|p1a: Heatran|Earth Power|p2a: King Von
|-damage|p2a: King Von|54/100
|move|p2a: King Von|Expanding Force|p1a: Heatran
|-damage|p1a: Heatran|0 fnt
|faint|p1a: Heatran
|-item|p2a: King Von|Leftovers|[from] ability: Magician|[of] p1: Heatran
|
|-heal|p2a: King Von|60/100|[from] item: Leftovers
|-end|p2a: King Von|Magma Storm|[partiallytrapped]|[silent]
|upkeep
|
|t:|1758370263
|switch|p1a: Primarina|Primarina, F|100/100
|turn|6
|
|t:|1758370265
|move|p1a: Primarina|Moonblast|p2a: King Von
|-supereffective|p2a: King Von
|-damage|p2a: King Von|5/100
|move|p2a: King Von|Trick Room|p2a: King Von
|-fieldstart|move: Trick Room|[of] p2a: King Von
|
|-heal|p2a: King Von|11/100|[from] item: Leftovers
|upkeep
|turn|7
|
|t:|1758370277
|move|p2a: King Von|Expanding Force|p1a: Primarina
|-damage|p1a: Primarina|39/100
|move|p1a: Primarina|Flip Turn|p2a: King Von
|-damage|p2a: King Von|0 fnt
|faint|p2a: King Von
|
|t:|1758370284
|switch|p1a: Decidueye|Decidueye-Hisui, M|100/100|[from] Flip Turn
|
|upkeep
|
|t:|1758370289
|switch|p2a: Satella|Hatterene, F, shiny|100/100
|turn|8
|
|t:|1758370306
|switch|p1a: Primarina|Primarina, F|39/100
|-terastallize|p2a: Satella|Stellar
|move|p2a: Satella|Expanding Force|p1a: Primarina
|-damage|p1a: Primarina|0 fnt
|faint|p1a: Primarina
|-damage|p2a: Satella|91/100|[from] item: Life Orb
|
|upkeep
|
|t:|1758370322
|switch|p1a: Zapdos|Zapdos, shiny|100/100
|turn|9
|
|t:|1758370332
|move|p2a: Satella|Expanding Force|p1a: Zapdos
|-damage|p1a: Zapdos|0 fnt
|faint|p1a: Zapdos
|-damage|p2a: Satella|81/100|[from] item: Life Orb
|
|upkeep
|
|t:|1758370335
|switch|p1a: Dragonite|Dragonite, F|100/100
|turn|10
|
|t:|1758370339
|move|p2a: Satella|Draining Kiss|p1a: Dragonite
|-supereffective|p1a: Dragonite
|-damage|p1a: Dragonite|40/100
|-heal|p2a: Satella|100/100|[from] drain|[of] p1a: Dragonite
|-damage|p2a: Satella|91/100|[from] item: Life Orb
|move|p1a: Dragonite|Dragon Dance|p1a: Dragonite
|-boost|p1a: Dragonite|atk|1
|-boost|p1a: Dragonite|spe|1
|
|-fieldend|move: Trick Room
|upkeep
|turn|11
|
|t:|1758370348
|switch|p2a: Mimi|Mimikyu, F, shiny|100/100
|move|p1a: Dragonite|Extreme Speed|p2a: Mimi
|-activate|p2a: Mimi|move: Psychic Terrain
|
|-fieldend|move: Psychic Terrain
|upkeep
|turn|12
|
|t:|1758370354
|switch|p1a: Decidueye|Decidueye-Hisui, M|100/100
|move|p2a: Mimi|Trick Room|p2a: Mimi
|-fieldstart|move: Trick Room|[of] p2a: Mimi
|
|upkeep
|turn|13
|
|t:|1758370358
|switch|p2a: Subaru|Indeedee, M, shiny|100/100
|-fieldstart|move: Psychic Terrain|[from] ability: Psychic Surge|[of] p2a: Subaru
|move|p1a: Decidueye|Triple Arrows|p2a: Subaru
|-damage|p2a: Subaru|23/100
|-unboost|p2a: Subaru|def|1
|
|upkeep
|turn|14
|
|t:|1758370370
|move|p2a: Subaru|Expanding Force|p1a: Decidueye
|-supereffective|p1a: Decidueye
|-damage|p1a: Decidueye|0 fnt
|faint|p1a: Decidueye
|
|upkeep
|
|t:|1758370373
|switch|p1a: Dragonite|Dragonite, F|40/100
|turn|15
|
|t:|1758370376
|move|p1a: Dragonite|Extreme Speed|p2a: Subaru
|-activate|p2a: Subaru|move: Psychic Terrain
|move|p2a: Subaru|Expanding Force|p1a: Dragonite
|-damage|p1a: Dragonite|0 fnt
|faint|p1a: Dragonite
|
|upkeep
|
|t:|1758370379
|switch|p1a: Great Tusk|Great Tusk|100/100
|turn|16
|c|☆CallMeSam94|psychich terrain makes prioty moves impossible
|
|t:|1758370391
|move|p2a: Subaru|Expanding Force|p1a: Great Tusk
|-supereffective|p1a: Great Tusk
|-damage|p1a: Great Tusk|0 fnt
|faint|p1a: Great Tusk
|-end|p1a: Great Tusk|Protosynthesis|[silent]
|
|win|CallMeSam94
|raw|Lonelyenders's rating: 1416 &rarr; <strong>1394</strong><br />(-22 for losing)
|raw|CallMeSam94's rating: 1375 &rarr; <strong>1397</strong><br />(+22 for winning)
|l|☆CallMeSam94
|player|p2|
|l|☆Lonelyenders
|player|p1|
