|j|☆Pahancor
|j|☆PirateKingJoyBoy
|t:|1758257464
|gametype|singles
|player|p1|Pahancor|steven|1435
|player|p2|PirateKingJoyBoy|2|1467
|gen|9
|tier|[Gen 9] OU
|rated|
|rule|HP Percentage Mod: HP is shown in percentages
|rule|Endless Battle Clause: Forcing endless battles is banned
|rule|Species Clause: Limit one of each Pokémon
|rule|OHKO Clause: OHKO moves are banned
|rule|Evasion Items Clause: Evasion items are banned
|rule|Evasion Moves Clause: Evasion moves are banned
|rule|Evasion Abilities Clause: Evasion abilities are banned
|rule|Sleep Moves Clause: Sleep-inducing moves are banned
|clearpoke
|poke|p1|Comfey, M|
|poke|p1|Whimsicott, F|
|poke|p1|Iron Moth|
|poke|p1|Walking Wake|
|poke|p1|Great Tusk|
|poke|p1|Ninetales, M|
|poke|p2|Cinderace, F|
|poke|p2|Landorus-Therian, M|
|poke|p2|Gholdengo|
|poke|p2|Clefable, M|
|poke|p2|Mimikyu, F|
|poke|p2|Toxapex, F|
|teampreview
|
|t:|1758257471
|teamsize|p1|6
|teamsize|p2|6
|start
|switch|p1a: Ninetales|Ninetales, M|100/100
|switch|p2a: Landorus|Landorus-Therian, M|100/100
|-weather|SunnyDay|[from] ability: Drought|[of] p1a: Ninetales
|-ability|p2a: Landorus|Intimidate|boost
|-unboost|p1a: Ninetales|atk|1
|turn|1
|inactive|Battle timer is ON: inactive players will automatically lose when time's up. (requested by Pahancor)
|
|t:|1758257479
|switch|p1a: Great Tusk|Great Tusk|100/100
|-activate|p1a: Great Tusk|ability: Protosynthesis
|-start|p1a: Great Tusk|protosynthesisspe
|move|p2a: Landorus|Earthquake|p1a: Great Tusk
|-damage|p1a: Great Tusk|73/100
|
|-weather|SunnyDay|[upkeep]
|upkeep
|turn|2
|
|t:|1758257489
|switch|p2a: Toxapex|Toxapex, F|100/100
|move|p1a: Great Tusk|Ice Spinner|p2a: Toxapex
|-resisted|p2a: Toxapex
|-damage|p2a: Toxapex|91/100
|
|-weather|SunnyDay|[upkeep]
|-heal|p2a: Toxapex|98/100|[from] item: Leftovers
|upkeep
|turn|3
|inactive|Pahancor has 120 seconds left.
|
|t:|1758257526
|-end|p1a: Great Tusk|Protosynthesis|[silent]
|switch|p1a: Iron Moth|Iron Moth|100/100
|-enditem|p1a: Iron Moth|Booster Energy
|-activate|p1a: Iron Moth|ability: Quark Drive|[fromitem]
|-start|p1a: Iron Moth|quarkdrivespa
|switch|p2a: Landorus|Landorus-Therian, M|100/100
|-ability|p2a: Landorus|Intimidate|boost
|-unboost|p1a: Iron Moth|atk|1
|
|-weather|SunnyDay|[upkeep]
|upkeep
|turn|4
|inactive|Pahancor has 120 seconds left.
|
|t:|1758257545
|-end|p1a: Iron Moth|Quark Drive|[silent]
|switch|p1a: Great Tusk|Great Tusk|73/100
|-activate|p1a: Great Tusk|ability: Protosynthesis
|-start|p1a: Great Tusk|protosynthesisspe
|switch|p2a: Toxapex|Toxapex, F|100/100
|
|-weather|SunnyDay|[upkeep]
|upkeep
|turn|5
|
|t:|1758257570
|move|p1a: Great Tusk|Headlong Rush|p2a: Toxapex
|-supereffective|p2a: Toxapex
|-damage|p2a: Toxapex|21/100
|-unboost|p1a: Great Tusk|def|1
|-unboost|p1a: Great Tusk|spd|1
|move|p2a: Toxapex|Toxic|p1a: Great Tusk
|-status|p1a: Great Tusk|tox
|
|-weather|SunnyDay|[upkeep]
|-heal|p2a: Toxapex|27/100|[from] item: Leftovers
|-damage|p1a: Great Tusk|67/100 tox|[from] psn
|upkeep
|turn|6
|
|t:|1758257586
|move|p2a: Toxapex|Baneful Bunker|p2a: Toxapex
|-singleturn|p2a: Toxapex|move: Protect
|move|p1a: Great Tusk|Rapid Spin|p2a: Toxapex
|-activate|p2a: Toxapex|move: Protect
|
|-weather|SunnyDay|[upkeep]
|-heal|p2a: Toxapex|33/100|[from] item: Leftovers
|-damage|p1a: Great Tusk|55/100 tox|[from] psn
|upkeep
|turn|7
|
|t:|1758257596
|switch|p2a: Landorus|Landorus-Therian, M|100/100
|-ability|p2a: Landorus|Intimidate|boost
|-unboost|p1a: Great Tusk|atk|1
|move|p1a: Great Tusk|Close Combat|p2a: Landorus
|-resisted|p2a: Landorus
|-damage|p2a: Landorus|85/100
|-unboost|p1a: Great Tusk|def|1
|-unboost|p1a: Great Tusk|spd|1
|
|-weather|SunnyDay|[upkeep]
|-heal|p2a: Landorus|91/100|[from] item: Leftovers
|-damage|p1a: Great Tusk|36/100 tox|[from] psn
|upkeep
|turn|8
|inactive|Pahancor has 90 seconds left.
|
|t:|1758257616
|switch|p2a: Cinderace|Cinderace, F|100/100
|move|p1a: Great Tusk|Headlong Rush|p2a: Cinderace
|-supereffective|p2a: Cinderace
|-damage|p2a: Cinderace|0 fnt
|-unboost|p1a: Great Tusk|def|1
|-unboost|p1a: Great Tusk|spd|1
|faint|p2a: Cinderace
|
|-weather|none
|-end|p1a: Great Tusk|Protosynthesis
|-damage|p1a: Great Tusk|11/100 tox|[from] psn
|upkeep
|
|t:|1758257630
|switch|p2a: Mimikyu|Mimikyu, F|100/100
|turn|9
|
|t:|1758257638
|move|p2a: Mimikyu|Shadow Sneak|p1a: Great Tusk
|-damage|p1a: Great Tusk|0 fnt
|-damage|p2a: Mimikyu|84/100|[from] item: Rocky Helmet|[of] p1a: Great Tusk
|faint|p1a: Great Tusk
|-end|p1a: Great Tusk|Protosynthesis|[silent]
|-damage|p2a: Mimikyu|74/100|[from] item: Life Orb
|
|upkeep
|
|t:|1758257645
|switch|p1a: Ninetales|Ninetales, M|100/100
|-weather|SunnyDay|[from] ability: Drought|[of] p1a: Ninetales
|turn|10
|
|t:|1758257652
|switch|p2a: Toxapex|Toxapex, F|67/100
|move|p1a: Ninetales|Will-O-Wisp|p2a: Toxapex|[miss]
|-miss|p1a: Ninetales|p2a: Toxapex
|
|-weather|SunnyDay|[upkeep]
|-heal|p2a: Toxapex|73/100|[from] item: Leftovers
|upkeep
|turn|11
|
|t:|1758257663
|switch|p1a: Iron Moth|Iron Moth|100/100
|switch|p2a: Landorus|Landorus-Therian, M|91/100
|-ability|p2a: Landorus|Intimidate|boost
|-unboost|p1a: Iron Moth|atk|1
|
|-weather|SunnyDay|[upkeep]
|-heal|p2a: Landorus|97/100|[from] item: Leftovers
|upkeep
|turn|12
|inactive|Pahancor has 90 seconds left.
|inactive|PirateKingJoyBoy has 120 seconds left.
|
|t:|1758257708
|-end|p1a: Iron Moth|Quark Drive|[silent]
|switch|p1a: Whimsicott|Whimsicott, F|100/100
|-terastallize|p2a: Landorus|Water
|move|p2a: Landorus|Earthquake|p1a: Whimsicott
|-resisted|p1a: Whimsicott
|-damage|p1a: Whimsicott|70/100
|
|-weather|SunnyDay|[upkeep]
|-heal|p2a: Landorus|100/100|[from] item: Leftovers
|upkeep
|turn|13
|inactive|PirateKingJoyBoy has 120 seconds left.
|
|t:|1758257720
|switch|p2a: Toxapex|Toxapex, F|100/100
|move|p1a: Whimsicott|Growth|p1a: Whimsicott
|-boost|p1a: Whimsicott|atk|2
|-boost|p1a: Whimsicott|spa|2
|
|-weather|SunnyDay|[upkeep]
|upkeep
|turn|14
|
|t:|1758257730
|-terastallize|p1a: Whimsicott|Ghost
|move|p1a: Whimsicott|Growth|p1a: Whimsicott
|-boost|p1a: Whimsicott|atk|2
|-boost|p1a: Whimsicott|spa|2
|move|p2a: Toxapex|Toxic|p1a: Whimsicott
|-status|p1a: Whimsicott|tox
|
|-weather|SunnyDay|[upkeep]
|-damage|p1a: Whimsicott|64/100 tox|[from] psn
|upkeep
|turn|15
|inactive|Pahancor has 90 seconds left.
|
|t:|1758257743
|move|p1a: Whimsicott|Shadow Ball|p2a: Toxapex
|-crit|p2a: Toxapex
|-damage|p2a: Toxapex|0 fnt
|faint|p2a: Toxapex
|-damage|p1a: Whimsicott|54/100 tox|[from] item: Life Orb
|
|-weather|SunnyDay|[upkeep]
|-damage|p1a: Whimsicott|41/100 tox|[from] psn
|upkeep
|
|t:|1758257751
|switch|p2a: Mimikyu|Mimikyu, F|74/100
|turn|16
|
|t:|1758257759
|move|p2a: Mimikyu|Shadow Sneak|p1a: Whimsicott
|-supereffective|p1a: Whimsicott
|-damage|p1a: Whimsicott|0 fnt
|faint|p1a: Whimsicott
|-damage|p2a: Mimikyu|64/100|[from] item: Life Orb
|
|-weather|SunnyDay|[upkeep]
|upkeep
|inactive|Pahancor has 90 seconds left.
|
|t:|1758257776
|switch|p1a: Iron Moth|Iron Moth|100/100
|turn|17
|
|t:|1758257786
|move|p1a: Iron Moth|Overheat|p2a: Mimikyu
|-activate|p2a: Mimikyu|ability: Disguise
|-damage|p2a: Mimikyu|64/100
|-unboost|p1a: Iron Moth|spa|2
|detailschange|p2a: Mimikyu|Mimikyu-Busted, F
|-damage|p2a: Mimikyu|52/100|[from] pokemon: Mimikyu-Busted
|move|p2a: Mimikyu|Swords Dance|p2a: Mimikyu
|-boost|p2a: Mimikyu|atk|2
|
|-weather|none
|upkeep
|turn|18
|
|t:|1758257800
|-end|p1a: Iron Moth|Quark Drive|[silent]
|switch|p1a: Ninetales|Ninetales, M|100/100
|-weather|SunnyDay|[from] ability: Drought|[of] p1a: Ninetales
|move|p2a: Mimikyu|Shadow Claw|p1a: Ninetales
|-damage|p1a: Ninetales|6/100
|-damage|p2a: Mimikyu|42/100|[from] item: Life Orb
|
|-weather|SunnyDay|[upkeep]
|upkeep
|turn|19
|
|t:|1758257812
|move|p2a: Mimikyu|Shadow Sneak|p1a: Ninetales
|-damage|p1a: Ninetales|0 fnt
|faint|p1a: Ninetales
|-damage|p2a: Mimikyu|32/100|[from] item: Life Orb
|
|-weather|SunnyDay|[upkeep]
|upkeep
|inactive|Pahancor has 90 seconds left.
|
|t:|1758257825
|switch|p1a: Comfey|Comfey, M|100/100
|turn|20
|
|t:|1758257835
|move|p1a: Comfey|Draining Kiss|p2a: Mimikyu
|-damage|p2a: Mimikyu|0 fnt
|faint|p2a: Mimikyu
|-damage|p1a: Comfey|91/100|[from] item: Life Orb
|
|-weather|SunnyDay|[upkeep]
|upkeep
|
|t:|1758257841
|switch|p2a: Gholdengo|Gholdengo|100/100
|turn|21
|
|t:|1758257847
|switch|p1a: Walking Wake|Walking Wake|100/100
|-activate|p1a: Walking Wake|ability: Protosynthesis
|-start|p1a: Walking Wake|protosynthesisspe
|move|p2a: Gholdengo|Make It Rain|p1a: Walking Wake
|-resisted|p1a: Walking Wake
|-crit|p1a: Walking Wake
|-damage|p1a: Walking Wake|69/100
|-unboost|p2a: Gholdengo|spa|1
|
|-weather|SunnyDay|[upkeep]
|upkeep
|turn|22
|
|t:|1758257860
|move|p1a: Walking Wake|Hydro Steam|p2a: Gholdengo
|-damage|p2a: Gholdengo|32/100
|move|p2a: Gholdengo|Make It Rain|p1a: Walking Wake
|-resisted|p1a: Walking Wake
|-damage|p1a: Walking Wake|56/100
|-unboost|p2a: Gholdengo|spa|1
|
|-weather|SunnyDay|[upkeep]
|upkeep
|turn|23
|
|t:|1758257873
|move|p1a: Walking Wake|Hydro Steam|p2a: Gholdengo
|-damage|p2a: Gholdengo|0 fnt
|faint|p2a: Gholdengo
|
|-weather|SunnyDay|[upkeep]
|upkeep
|
|t:|1758257879
|switch|p2a: Clefable|Clefable, M|100/100
|turn|24
|inactive|Pahancor has 120 seconds left.
|
|t:|1758257888
|-end|p1a: Walking Wake|Protosynthesis|[silent]
|switch|p1a: Iron Moth|Iron Moth|100/100
|switch|p2a: Landorus|Landorus-Therian, M, tera:Water|100/100
|-ability|p2a: Landorus|Intimidate|boost
|-unboost|p1a: Iron Moth|atk|1
|
|-weather|SunnyDay|[upkeep]
|upkeep
|turn|25
|inactive|Pahancor has 120 seconds left.
|inactive|Pahancor has 90 seconds left.
|
|t:|1758257930
|-end|p1a: Iron Moth|Quark Drive|[silent]
|switch|p1a: Walking Wake|Walking Wake|56/100
|-activate|p1a: Walking Wake|ability: Protosynthesis
|-start|p1a: Walking Wake|protosynthesisspe
|move|p2a: Landorus|Earthquake|p1a: Walking Wake
|-damage|p1a: Walking Wake|14/100
|
|-weather|none
|-end|p1a: Walking Wake|Protosynthesis
|upkeep
|turn|26
|inactive|Pahancor has 90 seconds left.
|
|t:|1758257946
|switch|p2a: Clefable|Clefable, M|100/100
|move|p1a: Walking Wake|Hydro Steam|p2a: Clefable
|-damage|p2a: Clefable|63/100
|
|upkeep
|turn|27
|inactive|Pahancor has 90 seconds left.
|
|t:|1758257956
|move|p1a: Walking Wake|Hydro Steam|p2a: Clefable
|-damage|p2a: Clefable|27/100
|move|p2a: Clefable|Thunderbolt|p1a: Walking Wake
|-damage|p1a: Walking Wake|0 fnt
|faint|p1a: Walking Wake
|-end|p1a: Walking Wake|Protosynthesis|[silent]
|
|upkeep
|
|t:|1758257969
|switch|p1a: Comfey|Comfey, M|91/100
|turn|28
|
|t:|1758257981
|move|p1a: Comfey|Growth|p1a: Comfey
|-boost|p1a: Comfey|atk|1
|-boost|p1a: Comfey|spa|1
|move|p2a: Clefable|Moonblast|p1a: Comfey
|-damage|p1a: Comfey|36/100
|
|upkeep
|turn|29
|
|t:|1758257987
|move|p1a: Comfey|Draining Kiss|p2a: Clefable
|-damage|p2a: Clefable|0 fnt
|-heal|p1a: Comfey|61/100|[from] drain|[of] p2a: Clefable
|faint|p2a: Clefable
|-damage|p1a: Comfey|52/100|[from] item: Life Orb
|
|upkeep
|
|t:|1758257993
|switch|p2a: Landorus|Landorus-Therian, M, tera:Water|100/100
|-ability|p2a: Landorus|Intimidate|boost
|-unboost|p1a: Comfey|atk|1
|turn|30
|
|t:|1758257997
|move|p1a: Comfey|Draining Kiss|p2a: Landorus
|-damage|p2a: Landorus|53/100
|-heal|p1a: Comfey|96/100|[from] drain|[of] p2a: Landorus
|-damage|p1a: Comfey|86/100|[from] item: Life Orb
|move|p2a: Landorus|Earthquake|p1a: Comfey
|-damage|p1a: Comfey|27/100
|
|-heal|p2a: Landorus|59/100|[from] item: Leftovers
|upkeep
|turn|31
|-message|PirateKingJoyBoy forfeited.
|
|win|Pahancor
|raw|Pahancor's rating: 1435 &rarr; <strong>1457</strong><br />(+22 for winning)
|raw|PirateKingJoyBoy's rating: 1467 &rarr; <strong>1445</strong><br />(-22 for losing)
|l|☆PirateKingJoyBoy
|player|p2|
|l|☆Pahancor
|player|p1|
