|j|☆mrgentwo
|j|☆katoluvsu
|t:|1758318890
|gametype|singles
|player|p1|mrgentwo|ethan|1234
|player|p2|katoluvsu|n|1201
|gen|9
|tier|[Gen 9] OU
|rated|
|rule|HP Percentage Mod: HP is shown in percentages
|rule|Endless Battle Clause: Forcing endless battles is banned
|rule|Species Clause: Limit one of each Pokémon
|rule|OHKO Clause: OHKO moves are banned
|rule|Evasion Items Clause: Evasion items are banned
|rule|Evasion Moves Clause: Evasion moves are banned
|rule|Evasion Abilities Clause: Evasion abilities are banned
|rule|Sleep Moves Clause: Sleep-inducing moves are banned
|clearpoke
|poke|p1|Espeon, F|
|poke|p1|Entei|
|poke|p1|Walking Wake|
|poke|p1|Suicune|
|poke|p1|Magcargo, F|
|poke|p1|Forretress, F|
|poke|p2|Hawlucha, F|
|poke|p2|Rillaboom, M|
|poke|p2|Comfey, F|
|poke|p2|Gallade, M|
|poke|p2|Kleavor, M|
|poke|p2|Darkrai|
|teampreview
|l|☆katoluvsu
|player|p2|
|j|☆katoluvsu
|player|p2|katoluvsu|n|
|c|☆mrgentwo|hello again
|
|t:|1758318915
|teamsize|p1|6
|teamsize|p2|6
|start
|switch|p1a: Forretress|Forretress, F|100/100
|switch|p2a: Rillaboom|Rillaboom, M, shiny|100/100
|-fieldstart|move: Grassy Terrain|[from] ability: Grassy Surge|[of] p2a: Rillaboom
|turn|1
|
|t:|1758318924
|move|p2a: Rillaboom|U-turn|p1a: Forretress
|-resisted|p1a: Forretress
|-damage|p1a: Forretress|90/100
|
|t:|1758318936
|switch|p2a: Hawlucha|Hawlucha, F, shiny|100/100|[from] U-turn
|-enditem|p2a: Hawlucha|Grassy Seed
|-boost|p2a: Hawlucha|def|1|[from] item: Grassy Seed
|move|p1a: Forretress|Thunder Wave|p2a: Hawlucha
|-status|p2a: Hawlucha|par
|
|-heal|p1a: Forretress|96/100|[from] Grassy Terrain
|upkeep
|turn|2
|
|t:|1758318950
|move|p2a: Hawlucha|Swords Dance|p2a: Hawlucha
|-boost|p2a: Hawlucha|atk|2
|move|p1a: Forretress|Toxic Spikes|p2a: Hawlucha
|-sidestart|p2: katoluvsu|move: Toxic Spikes
|
|-heal|p1a: Forretress|100/100|[from] Grassy Terrain
|upkeep
|turn|3
|
|t:|1758318959
|cant|p2a: Hawlucha|par
|move|p1a: Forretress|Body Press|p2a: Hawlucha
|-resisted|p2a: Hawlucha
|-damage|p2a: Hawlucha|84/100 par
|
|upkeep
|turn|4
|
|t:|1758318966
|move|p2a: Hawlucha|Swords Dance|p2a: Hawlucha
|-boost|p2a: Hawlucha|atk|2
|move|p1a: Forretress|Body Press|p2a: Hawlucha
|-resisted|p2a: Hawlucha
|-damage|p2a: Hawlucha|68/100 par
|
|upkeep
|turn|5
|
|t:|1758318974
|move|p2a: Hawlucha|Drain Punch|p1a: Forretress
|-damage|p1a: Forretress|52/100
|-heal|p2a: Hawlucha|97/100 par|[from] drain|[of] p1a: Forretress
|move|p1a: Forretress|Body Press|p2a: Hawlucha
|-resisted|p2a: Hawlucha
|-damage|p2a: Hawlucha|80/100 par
|
|-heal|p1a: Forretress|58/100|[from] Grassy Terrain
|-fieldend|move: Grassy Terrain
|upkeep
|turn|6
|
|t:|1758318987
|cant|p2a: Hawlucha|par
|move|p1a: Forretress|Rapid Spin|p2a: Hawlucha
|-damage|p2a: Hawlucha|71/100 par
|-boost|p1a: Forretress|spe|1
|
|upkeep
|turn|7
|
|t:|1758318996
|move|p2a: Hawlucha|Acrobatics|p1a: Forretress
|-damage|p1a: Forretress|0 fnt
|faint|p1a: Forretress
|
|upkeep
|
|t:|1758319010
|switch|p1a: Espeon|Espeon, F, shiny|100/100
|turn|8
|
|t:|1758319017
|-terastallize|p2a: Hawlucha|Flying
|move|p1a: Espeon|Psychic|p2a: Hawlucha
|-damage|p2a: Hawlucha|0 fnt
|faint|p2a: Hawlucha
|
|upkeep
|
|t:|1758319021
|switch|p2a: Rillaboom|Rillaboom, M, shiny|100/100
|-status|p2a: Rillaboom|psn
|-fieldstart|move: Grassy Terrain|[from] ability: Grassy Surge|[of] p2a: Rillaboom
|turn|9
|
|t:|1758319030
|switch|p1a: Magcargo|Magcargo, F|100/100
|move|p2a: Rillaboom|U-turn|p1a: Magcargo
|-resisted|p1a: Magcargo
|-damage|p1a: Magcargo|82/100
|
|t:|1758319039
|switch|p2a: Gallade|Gallade, M, shiny|100/100|[from] U-turn
|-status|p2a: Gallade|psn
|
|-heal|p1a: Magcargo|88/100|[from] Grassy Terrain
|-damage|p2a: Gallade|88/100 psn|[from] psn
|upkeep
|turn|10
|
|t:|1758319049
|switch|p1a: Espeon|Espeon, F, shiny|100/100
|move|p2a: Gallade|Leaf Blade|p1a: Espeon
|-damage|p1a: Espeon|0 fnt
|faint|p1a: Espeon
|
|-heal|p2a: Gallade|94/100 psn|[from] Grassy Terrain
|-damage|p2a: Gallade|82/100 psn|[from] psn
|upkeep
|
|t:|1758319068
|switch|p1a: Magcargo|Magcargo, F|88/100
|turn|11
|
|t:|1758319071
|-terastallize|p1a: Magcargo|Grass
|move|p2a: Gallade|Aqua Cutter|p1a: Magcargo
|-resisted|p1a: Magcargo
|-damage|p1a: Magcargo|69/100
|move|p1a: Magcargo|Shell Smash|p1a: Magcargo
|-unboost|p1a: Magcargo|def|1
|-unboost|p1a: Magcargo|spd|1
|-boost|p1a: Magcargo|atk|2
|-boost|p1a: Magcargo|spa|2
|-boost|p1a: Magcargo|spe|2
|-enditem|p1a: Magcargo|White Herb
|-clearnegativeboost|p1a: Magcargo|[silent]
|
|-heal|p1a: Magcargo|75/100|[from] Grassy Terrain
|-heal|p2a: Gallade|88/100 psn|[from] Grassy Terrain
|-damage|p2a: Gallade|76/100 psn|[from] psn
|upkeep
|turn|12
|
|t:|1758319088
|switch|p2a: Rillaboom|Rillaboom, M, shiny|100/100 psn
|move|p1a: Magcargo|Tera Blast|p2a: Rillaboom|[anim] Tera Blast Grass
|-resisted|p2a: Rillaboom
|-damage|p2a: Rillaboom|38/100 psn
|
|-heal|p1a: Magcargo|81/100|[from] Grassy Terrain
|-heal|p2a: Rillaboom|44/100 psn|[from] Grassy Terrain
|-damage|p2a: Rillaboom|32/100 psn|[from] psn
|upkeep
|turn|13
|
|t:|1758319110
|move|p1a: Magcargo|Stealth Rock|p2a: Rillaboom
|-sidestart|p2: katoluvsu|move: Stealth Rock
|move|p2a: Rillaboom|U-turn|p1a: Magcargo
|-supereffective|p1a: Magcargo
|-damage|p1a: Magcargo|1/100
|
|t:|1758319115
|switch|p2a: Comfey|Comfey, F, shiny|100/100|[from] U-turn
|-status|p2a: Comfey|psn
|-damage|p2a: Comfey|88/100 psn|[from] Stealth Rock
|
|-heal|p2a: Comfey|94/100 psn|[from] Grassy Terrain
|-heal|p1a: Magcargo|7/100|[from] Grassy Terrain
|-damage|p2a: Comfey|82/100 psn|[from] psn
|-fieldend|move: Grassy Terrain
|upkeep
|turn|14
|
|t:|1758319130
|move|p2a: Comfey|Draining Kiss|p1a: Magcargo
|-damage|p1a: Magcargo|0 fnt
|-heal|p2a: Comfey|87/100 psn|[from] drain|[of] p1a: Magcargo
|faint|p1a: Magcargo
|-damage|p2a: Comfey|77/100 psn|[from] item: Life Orb
|
|-damage|p2a: Comfey|65/100 psn|[from] psn
|upkeep
|
|t:|1758319139
|switch|p1a: Suicune|Suicune, shiny|100/100
|-ability|p1a: Suicune|Pressure
|turn|15
|
|t:|1758319145
|move|p2a: Comfey|Calm Mind|p2a: Comfey
|-boost|p2a: Comfey|spa|1
|-boost|p2a: Comfey|spd|1
|move|p1a: Suicune|Calm Mind|p1a: Suicune
|-boost|p1a: Suicune|spa|1
|-boost|p1a: Suicune|spd|1
|
|-damage|p2a: Comfey|53/100 psn|[from] psn
|upkeep
|turn|16
|
|t:|1758319156
|move|p2a: Comfey|Calm Mind|p2a: Comfey
|-boost|p2a: Comfey|spa|1
|-boost|p2a: Comfey|spd|1
|move|p1a: Suicune|Calm Mind|p1a: Suicune
|-boost|p1a: Suicune|spa|1
|-boost|p1a: Suicune|spd|1
|
|-damage|p2a: Comfey|40/100 psn|[from] psn
|upkeep
|turn|17
|
|t:|1758319164
|move|p2a: Comfey|Draining Kiss|p1a: Suicune
|-damage|p1a: Suicune|81/100
|-heal|p2a: Comfey|65/100 psn|[from] drain|[of] p1a: Suicune
|-damage|p2a: Comfey|55/100 psn|[from] item: Life Orb
|move|p1a: Suicune|Scald|p2a: Comfey
|-damage|p2a: Comfey|8/100 psn
|
|-damage|p2a: Comfey|0 fnt|[from] psn
|faint|p2a: Comfey
|upkeep
|
|t:|1758319170
|switch|p2a: Rillaboom|Rillaboom, M, shiny|32/100 psn
|-damage|p2a: Rillaboom|20/100 psn|[from] Stealth Rock
|-fieldstart|move: Grassy Terrain|[from] ability: Grassy Surge|[of] p2a: Rillaboom
|turn|18
|
|t:|1758319185
|switch|p1a: Entei|Entei, shiny|100/100
|-ability|p1a: Entei|Pressure
|move|p2a: Rillaboom|Grassy Glide|p1a: Entei
|-resisted|p1a: Entei
|-damage|p1a: Entei|73/100
|
|-heal|p1a: Entei|79/100|[from] Grassy Terrain
|-heal|p2a: Rillaboom|26/100 psn|[from] Grassy Terrain
|-damage|p2a: Rillaboom|13/100 psn|[from] psn
|upkeep
|turn|19
|
|t:|1758319198
|move|p1a: Entei|Extreme Speed|p2a: Rillaboom
|-damage|p2a: Rillaboom|0 fnt
|faint|p2a: Rillaboom
|
|-heal|p1a: Entei|85/100|[from] Grassy Terrain
|upkeep
|
|t:|1758319207
|switch|p2a: Darkrai|Darkrai, shiny|100/100
|-status|p2a: Darkrai|psn
|-damage|p2a: Darkrai|88/100 psn|[from] Stealth Rock
|turn|20
|
|t:|1758319215
|move|p1a: Entei|Extreme Speed|p2a: Darkrai
|-damage|p2a: Darkrai|33/100 psn
|move|p2a: Darkrai|Dark Pulse|p1a: Entei
|-damage|p1a: Entei|5/100
|
|-heal|p2a: Darkrai|39/100 psn|[from] Grassy Terrain
|-heal|p1a: Entei|11/100|[from] Grassy Terrain
|-damage|p2a: Darkrai|26/100 psn|[from] psn
|upkeep
|turn|21
|
|t:|1758319233
|move|p1a: Entei|Extreme Speed|p2a: Darkrai
|-damage|p2a: Darkrai|0 fnt
|faint|p2a: Darkrai
|
|-heal|p1a: Entei|17/100|[from] Grassy Terrain
|upkeep
|
|t:|1758319234
|switch|p2a: Gallade|Gallade, M, shiny|76/100 psn
|-damage|p2a: Gallade|70/100 psn|[from] Stealth Rock
|turn|22
|
|t:|1758319245
|move|p1a: Entei|Extreme Speed|p2a: Gallade
|-damage|p2a: Gallade|4/100 psn
|move|p2a: Gallade|Aqua Cutter|p1a: Entei
|-supereffective|p1a: Entei
|-damage|p1a: Entei|0 fnt
|faint|p1a: Entei
|
|-heal|p2a: Gallade|10/100 psn|[from] Grassy Terrain
|-damage|p2a: Gallade|0 fnt|[from] psn
|faint|p2a: Gallade
|-fieldend|move: Grassy Terrain
|upkeep
|
|t:|1758319259
|switch|p1a: Walking Wake|Walking Wake|100/100
|switch|p2a: Kleavor|Kleavor, M, shiny|100/100
|-status|p2a: Kleavor|psn
|-damage|p2a: Kleavor|76/100 psn|[from] Stealth Rock
|-enditem|p1a: Walking Wake|Booster Energy
|-activate|p1a: Walking Wake|ability: Protosynthesis|[fromitem]
|-start|p1a: Walking Wake|protosynthesisspa
|turn|23
|
|t:|1758319264
|move|p1a: Walking Wake|Hydro Steam|p2a: Kleavor
|-supereffective|p2a: Kleavor
|-damage|p2a: Kleavor|0 fnt
|faint|p2a: Kleavor
|
|win|mrgentwo
|raw|mrgentwo's rating: 1234 &rarr; <strong>1257</strong><br />(+23 for winning)
|raw|katoluvsu's rating: 1201 &rarr; <strong>1178</strong><br />(-23 for losing)
|c|☆mrgentwo|gg
|l|☆katoluvsu
|player|p2|
|l|☆mrgentwo
|player|p1|
