|j|☆jarvisim0_
|j|☆GlueLicker
|t:|1758234894
|gametype|singles
|player|p1|jarvisim0_|acetrainer-gen4dp|1405
|player|p2|GlueLicker|harlequin|1415
|gen|9
|tier|[Gen 9] OU
|rated|
|rule|HP Percentage Mod: HP is shown in percentages
|rule|Endless Battle Clause: Forcing endless battles is banned
|rule|Species Clause: Limit one of each Pokémon
|rule|OHKO Clause: OHKO moves are banned
|rule|Evasion Items Clause: Evasion items are banned
|rule|Evasion Moves Clause: Evasion moves are banned
|rule|Evasion Abilities Clause: Evasion abilities are banned
|rule|Sleep Moves Clause: Sleep-inducing moves are banned
|clearpoke
|poke|p1|Weezing-Galar, F|
|poke|p1|Volcanion|
|poke|p1|Rillaboom, M|
|poke|p1|Gholdengo|
|poke|p1|Great Tusk|
|poke|p1|Dragonite, M|
|poke|p2|Pelipper, F|
|poke|p2|Hatterene, F|
|poke|p2|Iron Treads|
|poke|p2|Toxicroak, F|
|poke|p2|Barraskewda, F|
|poke|p2|Zapdos|
|teampreview
|
|t:|1758234914
|teamsize|p1|6
|teamsize|p2|6
|start
|switch|p1a: Rillaboom|Rillaboom, M|100/100
|switch|p2a: Pelipper|Pelipper, F|100/100
|-fieldstart|move: Grassy Terrain|[from] ability: Grassy Surge|[of] p1a: Rillaboom
|-weather|RainDance|[from] ability: Drizzle|[of] p2a: Pelipper
|turn|1
|
|t:|1758234923
|switch|p2a: Toxicroak|Toxicroak, F|100/100
|move|p1a: Rillaboom|U-turn|p2a: Toxicroak
|-resisted|p2a: Toxicroak
|-damage|p2a: Toxicroak|93/100
|-damage|p1a: Rillaboom|84/100|[from] item: Rocky Helmet|[of] p2a: Toxicroak
|
|t:|1758234941
|switch|p1a: Great Tusk|Great Tusk|100/100|[from] U-turn
|
|-weather|RainDance|[upkeep]
|-heal|p2a: Toxicroak|100/100|[from] ability: Dry Skin
|upkeep
|turn|2
|
|t:|1758234944
|switch|p2a: Zapdos|Zapdos|100/100
|move|p1a: Great Tusk|Stealth Rock|p2a: Zapdos
|-sidestart|p2: GlueLicker|move: Stealth Rock
|
|-weather|RainDance|[upkeep]
|upkeep
|turn|3
|
|t:|1758234965
|-end|p1a: Great Tusk|Protosynthesis|[silent]
|switch|p1a: Gholdengo|Gholdengo|100/100
|move|p2a: Zapdos|Hurricane|p1a: Gholdengo
|-resisted|p1a: Gholdengo
|-damage|p1a: Gholdengo|48/100
|
|-weather|RainDance|[upkeep]
|-heal|p1a: Gholdengo|54/100|[from] Grassy Terrain
|upkeep
|turn|4
|
|t:|1758234991
|move|p1a: Gholdengo|Recover|p1a: Gholdengo
|-heal|p1a: Gholdengo|100/100
|move|p2a: Zapdos|Hurricane|p1a: Gholdengo
|-resisted|p1a: Gholdengo
|-damage|p1a: Gholdengo|53/100
|
|-weather|RainDance|[upkeep]
|-heal|p1a: Gholdengo|59/100|[from] Grassy Terrain
|upkeep
|turn|5
|inactive|Battle timer is ON: inactive players will automatically lose when time's up. (requested by GlueLicker)
|
|t:|1758234998
|move|p1a: Gholdengo|Recover|p1a: Gholdengo
|-heal|p1a: Gholdengo|100/100
|move|p2a: Zapdos|Hurricane|p1a: Gholdengo
|-resisted|p1a: Gholdengo
|-damage|p1a: Gholdengo|49/100
|-start|p1a: Gholdengo|confusion
|
|-weather|RainDance|[upkeep]
|-heal|p1a: Gholdengo|55/100|[from] Grassy Terrain
|-fieldend|move: Grassy Terrain
|upkeep
|turn|6
|inactive|jarvisim0_ has 120 seconds left.
|inactive|jarvisim0_ has 90 seconds left.
|
|t:|1758235064
|switch|p1a: Weezing|Weezing-Galar, F|100/100
|-ability|p1a: Weezing|Neutralizing Gas
|-terastallize|p2a: Zapdos|Flying
|move|p2a: Zapdos|Hurricane|p1a: Weezing
|-damage|p1a: Weezing|0 fnt
|faint|p1a: Weezing
|-end|p1a: Weezing|ability: Neutralizing Gas
|
|-weather|RainDance|[upkeep]
|upkeep
|
|t:|1758235090
|switch|p1a: Volcanion|Volcanion|100/100
|turn|7
|
|t:|1758235097
|-terastallize|p1a: Volcanion|Steel
|move|p2a: Zapdos|Hurricane|p1a: Volcanion
|-resisted|p1a: Volcanion
|-damage|p1a: Volcanion|63/100
|move|p1a: Volcanion|Steam Eruption|p2a: Zapdos
|-damage|p2a: Zapdos|0 fnt
|faint|p2a: Zapdos
|
|-weather|RainDance|[upkeep]
|upkeep
|
|t:|1758235112
|switch|p2a: Barraskewda|Barraskewda, F|100/100
|-damage|p2a: Barraskewda|88/100|[from] Stealth Rock
|turn|8
|
|t:|1758235117
|switch|p1a: Great Tusk|Great Tusk|100/100
|move|p2a: Barraskewda|Close Combat|p1a: Great Tusk
|-damage|p1a: Great Tusk|56/100
|-unboost|p2a: Barraskewda|def|1
|-unboost|p2a: Barraskewda|spd|1
|-damage|p2a: Barraskewda|72/100|[from] item: Rocky Helmet|[of] p1a: Great Tusk
|
|-weather|none
|upkeep
|turn|9
|inactive|jarvisim0_ has 90 seconds left.
|
|t:|1758235139
|switch|p2a: Pelipper|Pelipper, F|100/100
|-damage|p2a: Pelipper|76/100|[from] Stealth Rock
|-weather|RainDance|[from] ability: Drizzle|[of] p2a: Pelipper
|-end|p1a: Great Tusk|Protosynthesis|[silent]
|switch|p1a: Rillaboom|Rillaboom, M|84/100
|-fieldstart|move: Grassy Terrain|[from] ability: Grassy Surge|[of] p1a: Rillaboom
|
|-weather|RainDance|[upkeep]
|-heal|p1a: Rillaboom|90/100|[from] Grassy Terrain
|upkeep
|turn|10
|
|t:|1758235150
|switch|p2a: Toxicroak|Toxicroak, F|100/100
|-damage|p2a: Toxicroak|94/100|[from] Stealth Rock
|move|p1a: Rillaboom|Knock Off|p2a: Toxicroak
|-resisted|p2a: Toxicroak
|-damage|p2a: Toxicroak|73/100
|-damage|p1a: Rillaboom|74/100|[from] item: Rocky Helmet|[of] p2a: Toxicroak
|-enditem|p2a: Toxicroak|Rocky Helmet|[from] move: Knock Off|[of] p1a: Rillaboom
|
|-weather|RainDance|[upkeep]
|-heal|p2a: Toxicroak|86/100|[from] ability: Dry Skin
|-heal|p1a: Rillaboom|80/100|[from] Grassy Terrain
|-heal|p2a: Toxicroak|92/100|[from] Grassy Terrain
|upkeep
|turn|11
|
|t:|1758235158
|switch|p1a: Gholdengo|Gholdengo|55/100
|move|p2a: Toxicroak|Knock Off|p1a: Gholdengo
|-supereffective|p1a: Gholdengo
|-damage|p1a: Gholdengo|5/100
|-enditem|p1a: Gholdengo|Choice Scarf|[from] move: Knock Off|[of] p2a: Toxicroak
|
|-weather|RainDance|[upkeep]
|-heal|p2a: Toxicroak|100/100|[from] ability: Dry Skin
|-heal|p1a: Gholdengo|11/100|[from] Grassy Terrain
|upkeep
|turn|12
|
|t:|1758235180
|switch|p2a: Iron Treads|Iron Treads|100/100
|-damage|p2a: Iron Treads|98/100|[from] Stealth Rock
|move|p1a: Gholdengo|Recover|p1a: Gholdengo
|-heal|p1a: Gholdengo|61/100
|
|-weather|RainDance|[upkeep]
|-heal|p1a: Gholdengo|67/100|[from] Grassy Terrain
|-heal|p2a: Iron Treads|100/100|[from] Grassy Terrain
|upkeep
|turn|13
|
|t:|1758235195
|move|p1a: Gholdengo|Recover|p1a: Gholdengo
|-heal|p1a: Gholdengo|100/100
|move|p2a: Iron Treads|Rapid Spin|p1a: Gholdengo
|-immune|p1a: Gholdengo
|
|-weather|RainDance|[upkeep]
|-fieldend|move: Grassy Terrain
|upkeep
|turn|14
|
|t:|1758235204
|move|p1a: Gholdengo|Shadow Ball|p2a: Iron Treads
|-damage|p2a: Iron Treads|68/100
|-unboost|p2a: Iron Treads|spd|1
|move|p2a: Iron Treads|Rapid Spin|p1a: Gholdengo
|-immune|p1a: Gholdengo
|
|-weather|RainDance|[upkeep]
|-heal|p2a: Iron Treads|74/100|[from] item: Leftovers
|upkeep
|turn|15
|
|t:|1758235212
|switch|p1a: Rillaboom|Rillaboom, M|80/100
|-fieldstart|move: Grassy Terrain|[from] ability: Grassy Surge|[of] p1a: Rillaboom
|-end|p2a: Iron Treads|Quark Drive|[silent]
|switch|p2a: Hatterene|Hatterene, F|100/100
|-damage|p2a: Hatterene|88/100|[from] Stealth Rock
|
|-weather|RainDance|[upkeep]
|-heal|p1a: Rillaboom|86/100|[from] Grassy Terrain
|-heal|p2a: Hatterene|94/100|[from] Grassy Terrain
|upkeep
|turn|16
|
|t:|1758235218
|move|p1a: Rillaboom|Wood Hammer|p2a: Hatterene
|-damage|p2a: Hatterene|0 fnt
|faint|p2a: Hatterene
|-damage|p1a: Rillaboom|57/100|[from] Recoil
|
|-weather|none
|-heal|p1a: Rillaboom|64/100|[from] Grassy Terrain
|upkeep
|
|t:|1758235226
|switch|p2a: Barraskewda|Barraskewda, F|72/100
|-damage|p2a: Barraskewda|60/100|[from] Stealth Rock
|turn|17
|
|t:|1758235232
|switch|p1a: Gholdengo|Gholdengo|100/100
|move|p2a: Barraskewda|Close Combat|p1a: Gholdengo
|-immune|p1a: Gholdengo
|
|-heal|p2a: Barraskewda|66/100|[from] Grassy Terrain
|upkeep
|turn|18
|
|t:|1758235239
|switch|p2a: Iron Treads|Iron Treads|74/100
|-damage|p2a: Iron Treads|71/100|[from] Stealth Rock
|move|p1a: Gholdengo|Shadow Ball|p2a: Iron Treads
|-damage|p2a: Iron Treads|35/100
|
|-heal|p2a: Iron Treads|41/100|[from] Grassy Terrain
|-heal|p2a: Iron Treads|47/100|[from] item: Leftovers
|upkeep
|turn|19
|
|t:|1758235244
|move|p1a: Gholdengo|Shadow Ball|p2a: Iron Treads
|-damage|p2a: Iron Treads|16/100
|move|p2a: Iron Treads|Stealth Rock|p1a: Gholdengo
|-sidestart|p1: jarvisim0_|move: Stealth Rock
|
|-heal|p2a: Iron Treads|22/100|[from] Grassy Terrain
|-heal|p2a: Iron Treads|28/100|[from] item: Leftovers
|-fieldend|move: Grassy Terrain
|upkeep
|turn|20
|
|t:|1758235248
|move|p1a: Gholdengo|Shadow Ball|p2a: Iron Treads
|-damage|p2a: Iron Treads|0 fnt
|faint|p2a: Iron Treads
|-end|p2a: Iron Treads|Quark Drive|[silent]
|
|upkeep
|
|t:|1758235251
|switch|p2a: Pelipper|Pelipper, F|76/100
|-damage|p2a: Pelipper|51/100|[from] Stealth Rock
|-weather|RainDance|[from] ability: Drizzle|[of] p2a: Pelipper
|turn|21
|
|t:|1758235254
|move|p1a: Gholdengo|Shadow Ball|p2a: Pelipper
|-damage|p2a: Pelipper|12/100
|move|p2a: Pelipper|Roost|p2a: Pelipper
|-heal|p2a: Pelipper|62/100
|-singleturn|p2a: Pelipper|move: Roost
|
|-weather|RainDance|[upkeep]
|upkeep
|turn|22
|
|t:|1758235259
|move|p1a: Gholdengo|Shadow Ball|p2a: Pelipper
|-damage|p2a: Pelipper|24/100
|move|p2a: Pelipper|U-turn|p1a: Gholdengo
|-resisted|p1a: Gholdengo
|-damage|p1a: Gholdengo|98/100
|
|t:|1758235260
|switch|p2a: Barraskewda|Barraskewda, F|66/100|[from] U-turn
|-damage|p2a: Barraskewda|54/100|[from] Stealth Rock
|
|-weather|RainDance|[upkeep]
|upkeep
|turn|23
|
|t:|1758235269
|switch|p1a: Great Tusk|Great Tusk|56/100
|-damage|p1a: Great Tusk|53/100|[from] Stealth Rock
|move|p2a: Barraskewda|Close Combat|p1a: Great Tusk
|-damage|p1a: Great Tusk|6/100
|-unboost|p2a: Barraskewda|def|1
|-unboost|p2a: Barraskewda|spd|1
|-damage|p2a: Barraskewda|37/100|[from] item: Rocky Helmet|[of] p1a: Great Tusk
|
|-weather|RainDance|[upkeep]
|upkeep
|turn|24
|
|t:|1758235278
|switch|p2a: Toxicroak|Toxicroak, F|100/100
|-damage|p2a: Toxicroak|94/100|[from] Stealth Rock
|move|p1a: Great Tusk|Rapid Spin|p2a: Toxicroak
|-damage|p2a: Toxicroak|77/100
|-boost|p1a: Great Tusk|spe|1
|-sideend|p1: jarvisim0_|Stealth Rock|[from] move: Rapid Spin|[of] p1a: Great Tusk
|
|-weather|RainDance|[upkeep]
|-heal|p2a: Toxicroak|89/100|[from] ability: Dry Skin
|upkeep
|turn|25
|-message|GlueLicker forfeited.
|
|win|jarvisim0_
|raw|jarvisim0_'s rating: 1405 &rarr; <strong>1426</strong><br />(+21 for winning)
|raw|GlueLicker's rating: 1415 &rarr; <strong>1394</strong><br />(-21 for losing)
|l|☆GlueLicker
|player|p2|
