|j|☆syk1307
|j|☆AnOriginalName3
|t:|1758292966
|gametype|singles
|player|p1|syk1307|giovanni|1438
|player|p2|AnOriginalName3|2|1421
|gen|9
|tier|[Gen 9] OU
|rated|
|rule|HP Percentage Mod: HP is shown in percentages
|rule|Endless Battle Clause: Forcing endless battles is banned
|rule|Species Clause: Limit one of each Pokémon
|rule|OHKO Clause: OHKO moves are banned
|rule|Evasion Items Clause: Evasion items are banned
|rule|Evasion Moves Clause: Evasion moves are banned
|rule|Evasion Abilities Clause: Evasion abilities are banned
|rule|Sleep Moves Clause: Sleep-inducing moves are banned
|clearpoke
|poke|p1|Jolteon, M|
|poke|p1|Gyarados, M|
|poke|p1|Arcanine, M|
|poke|p1|Scizor, M|
|poke|p1|Corviknight, M|
|poke|p1|Mew|
|poke|p2|Araquanid, M|
|poke|p2|Manaphy|
|poke|p2|Ceruledge, M|
|poke|p2|Great Tusk|
|poke|p2|Corviknight, F|
|poke|p2|Iron Crown|
|teampreview
|
|t:|1758292973
|teamsize|p1|6
|teamsize|p2|6
|start
|switch|p1a: Jolteon|Jolteon, M|100/100
|switch|p2a: Araquanid|Araquanid, M|100/100
|turn|1
|
|t:|1758292981
|move|p1a: Jolteon|Volt Switch|p2a: Araquanid
|-supereffective|p2a: Araquanid
|-damage|p2a: Araquanid|19/100
|
|t:|1758292985
|switch|p1a: Corviknight|Corviknight, M|100/100|[from] Volt Switch
|move|p2a: Araquanid|Sticky Web|p1a: Corviknight
|-sidestart|p1: syk1307|move: Sticky Web
|
|upkeep
|turn|2
|-enditem|p2a: Araquanid|Custap Berry|[eat]
|-activate|p2a: Araquanid|item: Custap Berry|[consumed]
|
|t:|1758292994
|move|p2a: Araquanid|Endeavor|p1a: Corviknight
|-damage|p1a: Corviknight|17/100
|-damage|p2a: Araquanid|3/100|[from] item: Rocky Helmet|[of] p1a: Corviknight
|move|p1a: Corviknight|Defog|p2a: Araquanid
|-unboost|p2a: Araquanid|evasion|1
|-sideend|p1: syk1307|Sticky Web|[from] move: Defog|[of] p1a: Corviknight
|
|upkeep
|turn|3
|
|t:|1758293009
|move|p1a: Corviknight|Body Press|p2a: Araquanid
|-resisted|p2a: Araquanid
|-damage|p2a: Araquanid|0 fnt
|faint|p2a: Araquanid
|
|upkeep
|
|t:|1758293031
|switch|p2a: Iron Crown|Iron Crown|100/100
|turn|4
|
|t:|1758293047
|switch|p1a: Jolteon|Jolteon, M|100/100
|move|p2a: Iron Crown|Volt Switch|p1a: Jolteon
|-immune|p1a: Jolteon|[from] ability: Volt Absorb
|
|upkeep
|turn|5
|inactive|Battle timer is ON: inactive players will automatically lose when time's up. (requested by AnOriginalName3)
|
|t:|1758293104
|move|p1a: Jolteon|Shadow Ball|p2a: Iron Crown
|-supereffective|p2a: Iron Crown
|-damage|p2a: Iron Crown|48/100
|move|p2a: Iron Crown|Psychic Noise|p1a: Jolteon
|-damage|p1a: Jolteon|47/100
|-start|p1a: Jolteon|move: Heal Block
|
|upkeep
|turn|6
|
|t:|1758293123
|-end|p2a: Iron Crown|Quark Drive|[silent]
|switch|p2a: Corviknight|Corviknight, F|100/100
|-ability|p2a: Corviknight|Pressure
|move|p1a: Jolteon|Shadow Ball|p2a: Corviknight
|-damage|p2a: Corviknight|74/100
|
|-end|p1a: Jolteon|move: Heal Block
|upkeep
|turn|7
|
|t:|1758293134
|switch|p1a: Corviknight|Corviknight, M|17/100
|move|p2a: Corviknight|U-turn|p1a: Corviknight
|-resisted|p1a: Corviknight
|-damage|p1a: Corviknight|15/100
|-damage|p2a: Corviknight|57/100|[from] item: Rocky Helmet|[of] p1a: Corviknight
|
|t:|1758293145
|switch|p2a: Ceruledge|Ceruledge, M|100/100|[from] U-turn
|
|upkeep
|turn|8
|
|t:|1758293173
|switch|p1a: Arcanine|Arcanine, M|100/100
|move|p2a: Ceruledge|Bulk Up|p2a: Ceruledge
|-boost|p2a: Ceruledge|atk|1
|-boost|p2a: Ceruledge|def|1
|
|upkeep
|turn|9
|
|t:|1758293187
|move|p1a: Arcanine|Wild Charge|p2a: Ceruledge
|-damage|p2a: Ceruledge|63/100
|-damage|p1a: Arcanine|90/100|[from] Recoil
|move|p2a: Ceruledge|Bulk Up|p2a: Ceruledge
|-boost|p2a: Ceruledge|atk|1
|-boost|p2a: Ceruledge|def|1
|
|upkeep
|turn|10
|
|t:|1758293205
|move|p1a: Arcanine|Wild Charge|p2a: Ceruledge
|-damage|p2a: Ceruledge|36/100
|-damage|p1a: Arcanine|83/100|[from] Recoil
|move|p2a: Ceruledge|Bitter Blade|p1a: Arcanine
|-start|p1a: Arcanine|ability: Flash Fire
|
|upkeep
|turn|11
|
|t:|1758293222
|-end|p1a: Arcanine|ability: Flash Fire|[silent]
|switch|p1a: Corviknight|Corviknight, M|15/100
|move|p2a: Ceruledge|Shadow Sneak|p1a: Corviknight
|-damage|p1a: Corviknight|0 fnt
|-damage|p2a: Ceruledge|19/100|[from] item: Rocky Helmet|[of] p1a: Corviknight
|faint|p1a: Corviknight
|
|upkeep
|inactive|syk1307 has 120 seconds left.
|inactive|syk1307 has 90 seconds left.
|l|☆AnOriginalName3
|inactive|AnOriginalName3 disconnected and has a minute to reconnect!
|player|p2|
|inactive|syk1307 has 60 seconds left.
|
|t:|1758293304
|switch|p1a: Arcanine|Arcanine, M|83/100
|turn|12
|inactive|syk1307 has 60 seconds left.
|j|☆AnOriginalName3
|inactive|AnOriginalName3 reconnected and has 120 seconds left.
|player|p2|AnOriginalName3|2|
|
|t:|1758293332
|-terastallize|p1a: Arcanine|Normal
|move|p2a: Ceruledge|Shadow Sneak|p1a: Arcanine
|-immune|p1a: Arcanine
|move|p1a: Arcanine|Wild Charge|p2a: Ceruledge
|-damage|p2a: Ceruledge|0 fnt
|faint|p2a: Ceruledge
|-damage|p1a: Arcanine|77/100|[from] Recoil
|
|upkeep
|
|t:|1758293337
|switch|p2a: Great Tusk|Great Tusk|100/100
|turn|13
|
|t:|1758293351
|-end|p2a: Great Tusk|Protosynthesis|[silent]
|switch|p2a: Iron Crown|Iron Crown|48/100
|switch|p1a: Gyarados|Gyarados, M|100/100
|
|upkeep
|turn|14
|
|t:|1758293361
|switch|p1a: Jolteon|Jolteon, M|47/100
|move|p2a: Iron Crown|Volt Switch|p1a: Jolteon
|-heal|p1a: Jolteon|72/100|[from] ability: Volt Absorb|[of] p2a: Iron Crown
|
|upkeep
|turn|15
|
|t:|1758293370
|-end|p2a: Iron Crown|Quark Drive|[silent]
|switch|p2a: Corviknight|Corviknight, F|57/100
|-ability|p2a: Corviknight|Pressure
|move|p1a: Jolteon|Shadow Ball|p2a: Corviknight
|-damage|p2a: Corviknight|34/100
|
|upkeep
|turn|16
|
|t:|1758293378
|switch|p1a: Arcanine|Arcanine, M, tera:Normal|77/100
|move|p2a: Corviknight|Roost|p2a: Corviknight
|-heal|p2a: Corviknight|84/100
|-singleturn|p2a: Corviknight|move: Roost
|
|upkeep
|turn|17
|
|t:|1758293390
|-terastallize|p2a: Corviknight|Dragon
|move|p1a: Arcanine|Flare Blitz|p2a: Corviknight
|-resisted|p2a: Corviknight
|-damage|p2a: Corviknight|50/100
|-damage|p1a: Arcanine|61/100|[from] item: Rocky Helmet|[of] p2a: Corviknight
|-damage|p1a: Arcanine|47/100|[from] Recoil
|move|p2a: Corviknight|Iron Defense|p2a: Corviknight
|-boost|p2a: Corviknight|def|2
|
|upkeep
|turn|18
|
|t:|1758293408
|switch|p1a: Scizor|Scizor, M|100/100
|move|p2a: Corviknight|Roost|p2a: Corviknight
|-heal|p2a: Corviknight|99/100
|
|upkeep
|turn|19
|
|t:|1758293427
|move|p1a: Scizor|Knock Off|p2a: Corviknight
|-damage|p2a: Corviknight|77/100
|-damage|p1a: Scizor|84/100|[from] item: Rocky Helmet|[of] p2a: Corviknight
|-enditem|p2a: Corviknight|Rocky Helmet|[from] move: Knock Off|[of] p1a: Scizor
|move|p2a: Corviknight|Iron Defense|p2a: Corviknight
|-boost|p2a: Corviknight|def|2
|
|upkeep
|turn|20
|
|t:|1758293445
|switch|p1a: Arcanine|Arcanine, M, tera:Normal|47/100
|move|p2a: Corviknight|Iron Defense|p2a: Corviknight
|-boost|p2a: Corviknight|def|2
|
|upkeep
|turn|21
|
|t:|1758293465
|move|p1a: Arcanine|Extreme Speed|p2a: Corviknight
|-damage|p2a: Corviknight|64/100
|move|p2a: Corviknight|Roost|p2a: Corviknight
|-heal|p2a: Corviknight|100/100
|
|upkeep
|turn|22
|
|t:|1758293471
|move|p1a: Arcanine|Extreme Speed|p2a: Corviknight
|-damage|p2a: Corviknight|87/100
|move|p2a: Corviknight|Body Press|p1a: Arcanine
|-supereffective|p1a: Arcanine
|-damage|p1a: Arcanine|0 fnt
|faint|p1a: Arcanine
|
|upkeep
|inactive|syk1307 has 60 seconds left.
|inactive|syk1307 has 30 seconds left.
|inactive|syk1307 has 20 seconds left.
|
|t:|1758293528
|switch|p1a: Mew|Mew, shiny|100/100
|turn|23
|inactive|syk1307 has 30 seconds left this turn.
|inactive|syk1307 has 20 seconds left.
|
|t:|1758293538
|move|p1a: Mew|Draining Kiss|p2a: Corviknight
|-supereffective|p2a: Corviknight
|-damage|p2a: Corviknight|63/100
|move|p2a: Corviknight|Body Press|p1a: Mew
|-resisted|p1a: Mew
|-damage|p1a: Mew|65/100
|
|upkeep
|turn|24
|inactive|syk1307 has 30 seconds left this turn.
|
|t:|1758293544
|move|p1a: Mew|Nasty Plot|p1a: Mew
|-boost|p1a: Mew|spa|2
|move|p2a: Corviknight|Roost|p2a: Corviknight
|-heal|p2a: Corviknight|100/100
|
|upkeep
|turn|25
|inactive|syk1307 has 30 seconds left.
|
|t:|1758293559
|move|p1a: Mew|Draining Kiss|p2a: Corviknight
|-supereffective|p2a: Corviknight
|-damage|p2a: Corviknight|59/100
|-heal|p1a: Mew|100/100|[from] drain|[of] p2a: Corviknight
|move|p2a: Corviknight|Body Press|p1a: Mew
|-resisted|p1a: Mew
|-damage|p1a: Mew|65/100
|
|upkeep
|turn|26
|
|t:|1758293567
|move|p1a: Mew|Draining Kiss|p2a: Corviknight
|-supereffective|p2a: Corviknight
|-damage|p2a: Corviknight|15/100
|-heal|p1a: Mew|100/100|[from] drain|[of] p2a: Corviknight
|move|p2a: Corviknight|Body Press|p1a: Mew
|-resisted|p1a: Mew
|-damage|p1a: Mew|69/100
|
|upkeep
|turn|27
|
|t:|1758293574
|move|p1a: Mew|Draining Kiss|p2a: Corviknight
|-supereffective|p2a: Corviknight
|-damage|p2a: Corviknight|0 fnt
|-heal|p1a: Mew|82/100|[from] drain|[of] p2a: Corviknight
|faint|p2a: Corviknight
|
|upkeep
|inactive|AnOriginalName3 has 120 seconds left.
|
|t:|1758293611
|switch|p2a: Manaphy|Manaphy|100/100
|turn|28
|inactive|syk1307 has 30 seconds left.
|
|t:|1758293643
|move|p2a: Manaphy|Tail Glow|p2a: Manaphy
|-boost|p2a: Manaphy|spa|3
|move|p1a: Mew|Psychic|p2a: Manaphy
|-damage|p2a: Manaphy|19/100
|
|upkeep
|turn|29
|inactive|syk1307 has 30 seconds left.
|inactive|AnOriginalName3 has 120 seconds left.
|
|t:|1758293667
|move|p2a: Manaphy|Surf|p1a: Mew
|-damage|p1a: Mew|0 fnt
|faint|p1a: Mew
|
|upkeep
|inactive|syk1307 has 30 seconds left.
|
|t:|1758293675
|switch|p1a: Jolteon|Jolteon, M|72/100
|turn|30
|inactive|syk1307 has 30 seconds left.
|inactive|AnOriginalName3 has 120 seconds left.
|
|t:|1758293689
|move|p1a: Jolteon|Shadow Ball|p2a: Manaphy
|-damage|p2a: Manaphy|0 fnt
|faint|p2a: Manaphy
|
|upkeep
|
|t:|1758293691
|switch|p2a: Great Tusk|Great Tusk|100/100
|turn|31
|
|t:|1758293700
|switch|p1a: Gyarados|Gyarados, M|100/100
|move|p2a: Great Tusk|Rapid Spin|p1a: Gyarados
|-damage|p1a: Gyarados|77/100
|-boost|p2a: Great Tusk|spe|1
|
|upkeep
|turn|32
|
|t:|1758293707
|move|p2a: Great Tusk|Ice Spinner|p1a: Gyarados
|-damage|p1a: Gyarados|39/100
|move|p1a: Gyarados|Waterfall|p2a: Great Tusk
|-supereffective|p2a: Great Tusk
|-damage|p2a: Great Tusk|29/100
|
|upkeep
|turn|33
|
|t:|1758293712
|move|p2a: Great Tusk|Ice Spinner|p1a: Gyarados
|-damage|p1a: Gyarados|4/100
|move|p1a: Gyarados|Waterfall|p2a: Great Tusk
|-supereffective|p2a: Great Tusk
|-damage|p2a: Great Tusk|0 fnt
|faint|p2a: Great Tusk
|-end|p2a: Great Tusk|Protosynthesis|[silent]
|-ability|p1a: Gyarados|Moxie|boost
|-boost|p1a: Gyarados|atk|1
|
|upkeep
|
|t:|1758293714
|switch|p2a: Iron Crown|Iron Crown|48/100
|turn|34
|inactive|syk1307 has 60 seconds left.
|
|t:|1758293722
|move|p2a: Iron Crown|Tachyon Cutter|p1a: Gyarados
|-resisted|p1a: Gyarados
|-damage|p1a: Gyarados|0 fnt
|faint|p1a: Gyarados
|-hitcount|p1: Gyarados|1
|
|upkeep
|inactive|syk1307 has 60 seconds left.
|
|t:|1758293727
|switch|p1a: Scizor|Scizor, M|84/100
|turn|35
|l|☆AnOriginalName3
|inactive|AnOriginalName3 disconnected and has a minute to reconnect!
|player|p2|
|j|☆AnOriginalName3
|inactive|AnOriginalName3 reconnected and has 135 seconds left.
|player|p2|AnOriginalName3|2|
|
|t:|1758293748
|move|p2a: Iron Crown|Focus Blast|p1a: Scizor
|-damage|p1a: Scizor|32/100
|move|p1a: Scizor|Knock Off|p2a: Iron Crown
|-supereffective|p2a: Iron Crown
|-damage|p2a: Iron Crown|0 fnt
|-enditem|p2a: Iron Crown|Assault Vest|[from] move: Knock Off|[of] p1a: Scizor
|faint|p2a: Iron Crown
|-end|p2a: Iron Crown|Quark Drive|[silent]
|
|win|syk1307
|raw|syk1307's rating: 1438 &rarr; <strong>1459</strong><br />(+21 for winning)
|raw|AnOriginalName3's rating: 1462 &rarr; <strong>1441</strong><br />(-21 for losing)
|l|☆AnOriginalName3
|player|p2|
|l|☆syk1307
|player|p1|
