|j|☆uwontwinprobably
|j|☆champ bogar
|t:|1758319872
|gametype|singles
|player|p1|uwontwinprobably|acetrainer-gen4dp|1576
|player|p2|champ bogar|cynthia-masters3|1601
|gen|9
|tier|[Gen 9] OU
|rated|
|rule|HP Percentage Mod: HP is shown in percentages
|rule|Endless Battle Clause: Forcing endless battles is banned
|rule|Species Clause: Limit one of each Pokémon
|rule|OHKO Clause: OHKO moves are banned
|rule|Evasion Items Clause: Evasion items are banned
|rule|Evasion Moves Clause: Evasion moves are banned
|rule|Evasion Abilities Clause: Evasion abilities are banned
|rule|Sleep Moves Clause: Sleep-inducing moves are banned
|clearpoke
|poke|p1|Heatran, F|
|poke|p1|Zamazenta-*|
|poke|p1|Enamorus, F|
|poke|p1|Ursaluna, M|
|poke|p1|Ogerpon-Wellspring, F|
|poke|p1|Kyurem|
|poke|p2|Garchomp, M|
|poke|p2|Darkrai|
|poke|p2|Deoxys-Speed|
|poke|p2|Clodsire, F|
|poke|p2|Corviknight, M|
|poke|p2|Cinderace, M|
|teampreview
|inactive|Battle timer is ON: inactive players will automatically lose when time's up. (requested by champ bogar)
|
|t:|1758319888
|teamsize|p1|6
|teamsize|p2|6
|start
|switch|p1a: Ursaluna|Ursaluna, M|100/100
|switch|p2a: Cinderace|Cinderace, M|100/100
|turn|1
|
|t:|1758319891
|move|p2a: Cinderace|U-turn|p1a: Ursaluna
|-start|p2a: Cinderace|typechange|Bug|[from] ability: Libero
|-damage|p1a: Ursaluna|75/100
|
|t:|1758319893
|switch|p2a: Corviknight|Corviknight, M|100/100|[from] U-turn
|-ability|p2a: Corviknight|Pressure
|move|p1a: Ursaluna|Swords Dance|p1a: Ursaluna
|-boost|p1a: Ursaluna|atk|2
|
|-status|p1a: Ursaluna|brn|[from] item: Flame Orb
|upkeep
|turn|2
|
|t:|1758319901
|move|p1a: Ursaluna|Facade|p2a: Corviknight
|-resisted|p2a: Corviknight
|-damage|p2a: Corviknight|40/100
|-damage|p1a: Ursaluna|58/100 brn|[from] item: Rocky Helmet|[of] p2a: Corviknight
|move|p2a: Corviknight|Body Press|p1a: Ursaluna
|-supereffective|p1a: Ursaluna
|-crit|p1a: Ursaluna
|-damage|p1a: Ursaluna|0 fnt
|faint|p1a: Ursaluna
|
|upkeep
|
|t:|1758319911
|switch|p1a: Ogerpon|Ogerpon-Wellspring, F|100/100
|turn|3
|
|t:|1758319915
|move|p1a: Ogerpon|Swords Dance|p1a: Ogerpon
|-boost|p1a: Ogerpon|atk|2
|move|p2a: Corviknight|U-turn|p1a: Ogerpon
|-supereffective|p1a: Ogerpon
|-damage|p1a: Ogerpon|63/100
|
|t:|1758319917
|switch|p2a: Cinderace|Cinderace, M|100/100|[from] U-turn
|
|upkeep
|turn|4
|
|t:|1758319922
|-terastallize|p1a: Ogerpon|Water
|detailschange|p1a: Ogerpon|Ogerpon-Wellspring-Tera, F, tera:Water
|-ability|p1a: Ogerpon|Embody Aspect (Wellspring)|boost
|-boost|p1a: Ogerpon|spd|1
|move|p2a: Cinderace|U-turn|p1a: Ogerpon
|-start|p2a: Cinderace|typechange|Bug|[from] ability: Libero
|-damage|p1a: Ogerpon|16/100
|
|t:|1758319929
|switch|p2a: Corviknight|Corviknight, M|40/100|[from] U-turn
|-ability|p2a: Corviknight|Pressure
|move|p1a: Ogerpon|Ivy Cudgel|p2a: Corviknight|[anim] Ivy Cudgel Water
|-damage|p2a: Corviknight|0 fnt
|faint|p2a: Corviknight
|
|upkeep
|
|t:|1758319932
|switch|p2a: Cinderace|Cinderace, M|100/100
|turn|5
|
|t:|1758319936
|move|p2a: Cinderace|U-turn|p1a: Ogerpon
|-start|p2a: Cinderace|typechange|Bug|[from] ability: Libero
|-damage|p1a: Ogerpon|0 fnt
|faint|p1a: Ogerpon
|detailschange|p1: Ogerpon|Ogerpon-Wellspring, F|[silent]
|
|t:|1758319943
|switch|p2a: Darkrai|Darkrai|100/100|[from] U-turn
|
|upkeep
|
|t:|1758319948
|switch|p1a: Zamazenta|Zamazenta|100/100
|-ability|p1a: Zamazenta|Dauntless Shield|boost
|-boost|p1a: Zamazenta|def|1
|turn|6
|
|t:|1758319951
|switch|p2a: Garchomp|Garchomp, M|100/100
|move|p1a: Zamazenta|Close Combat|p2a: Garchomp
|-damage|p2a: Garchomp|46/100
|-unboost|p1a: Zamazenta|def|1
|-unboost|p1a: Zamazenta|spd|1
|-damage|p1a: Zamazenta|88/100|[from] ability: Rough Skin|[of] p2a: Garchomp
|-damage|p1a: Zamazenta|72/100|[from] item: Rocky Helmet|[of] p2a: Garchomp
|-damage|p1a: Zamazenta|62/100|[from] item: Life Orb
|
|upkeep
|turn|7
|
|t:|1758319954
|move|p2a: Garchomp|Endure|p2a: Garchomp
|-singleturn|p2a: Garchomp|move: Endure
|move|p1a: Zamazenta|Close Combat|p2a: Garchomp
|-activate|p2a: Garchomp|move: Endure
|-damage|p2a: Garchomp|1/100
|-unboost|p1a: Zamazenta|def|1
|-unboost|p1a: Zamazenta|spd|1
|-damage|p1a: Zamazenta|50/100|[from] ability: Rough Skin|[of] p2a: Garchomp
|-damage|p1a: Zamazenta|33/100|[from] item: Rocky Helmet|[of] p2a: Garchomp
|-damage|p1a: Zamazenta|23/100|[from] item: Life Orb
|
|upkeep
|turn|8
|
|t:|1758319959
|move|p2a: Garchomp|Endure||[still]
|-fail|p2a: Garchomp
|move|p1a: Zamazenta|Close Combat|p2a: Garchomp
|-damage|p2a: Garchomp|0 fnt
|-unboost|p1a: Zamazenta|def|1
|-unboost|p1a: Zamazenta|spd|1
|-damage|p1a: Zamazenta|11/100|[from] ability: Rough Skin|[of] p2a: Garchomp
|-damage|p1a: Zamazenta|0 fnt|[from] item: Rocky Helmet|[of] p2a: Garchomp
|faint|p2a: Garchomp
|faint|p1a: Zamazenta
|
|upkeep
|
|t:|1758319967
|switch|p1a: Kyurem|Kyurem|100/100
|switch|p2a: Darkrai|Darkrai|100/100
|-ability|p1a: Kyurem|Pressure
|turn|9
|
|t:|1758319969
|move|p1a: Kyurem|Blizzard|p2a: Darkrai
|-damage|p2a: Darkrai|15/100
|-status|p2a: Darkrai|frz
|cant|p2a: Darkrai|frz
|
|upkeep
|turn|10
|
|t:|1758319979
|switch|p1a: Enamorus|Enamorus, F|100/100
|cant|p2a: Darkrai|frz
|
|upkeep
|turn|11
|
|t:|1758319983
|cant|p2a: Darkrai|frz
|move|p1a: Enamorus|Earth Power|p2a: Darkrai
|-damage|p2a: Darkrai|0 fnt
|faint|p2a: Darkrai
|-damage|p1a: Enamorus|90/100|[from] item: Life Orb
|
|upkeep
|
|t:|1758319990
|switch|p2a: Clodsire|Clodsire, F|100/100
|turn|12
|
|t:|1758319992
|move|p1a: Enamorus|Earth Power|p2a: Clodsire
|-supereffective|p2a: Clodsire
|-damage|p2a: Clodsire|60/100
|-damage|p1a: Enamorus|80/100|[from] item: Life Orb
|move|p2a: Clodsire|Earthquake|p1a: Enamorus
|-immune|p1a: Enamorus
|
|-heal|p2a: Clodsire|66/100|[from] item: Leftovers
|upkeep
|turn|13
|
|t:|1758319998
|move|p1a: Enamorus|Earth Power|p2a: Clodsire
|-supereffective|p2a: Clodsire
|-damage|p2a: Clodsire|22/100
|-damage|p1a: Enamorus|70/100|[from] item: Life Orb
|move|p2a: Clodsire|Recover|p2a: Clodsire
|-heal|p2a: Clodsire|72/100
|
|-heal|p2a: Clodsire|78/100|[from] item: Leftovers
|upkeep
|turn|14
|
|t:|1758320003
|move|p1a: Enamorus|Earth Power|p2a: Clodsire
|-supereffective|p2a: Clodsire
|-damage|p2a: Clodsire|30/100
|-damage|p1a: Enamorus|60/100|[from] item: Life Orb
|move|p2a: Clodsire|Recover|p2a: Clodsire
|-heal|p2a: Clodsire|80/100
|
|-heal|p2a: Clodsire|86/100|[from] item: Leftovers
|upkeep
|turn|15
|
|t:|1758320008
|move|p1a: Enamorus|Earth Power|p2a: Clodsire
|-supereffective|p2a: Clodsire
|-damage|p2a: Clodsire|39/100
|-damage|p1a: Enamorus|50/100|[from] item: Life Orb
|move|p2a: Clodsire|Poison Jab|p1a: Enamorus
|-supereffective|p1a: Enamorus
|-damage|p1a: Enamorus|0 fnt
|faint|p1a: Enamorus
|
|-heal|p2a: Clodsire|46/100|[from] item: Leftovers
|upkeep
|
|t:|1758320012
|switch|p1a: Kyurem|Kyurem|100/100
|-ability|p1a: Kyurem|Pressure
|turn|16
|
|t:|1758320021
|-terastallize|p2a: Clodsire|Dark
|move|p1a: Kyurem|Blizzard|p2a: Clodsire
|-damage|p2a: Clodsire|14/100
|-status|p2a: Clodsire|frz
|cant|p2a: Clodsire|frz
|
|-heal|p2a: Clodsire|20/100 frz|[from] item: Leftovers
|upkeep
|turn|17
|
|t:|1758320036
|switch|p1a: Heatran|Heatran, F|100/100
|-curestatus|p2a: Clodsire|frz|[msg]
|move|p2a: Clodsire|Recover|p2a: Clodsire
|-heal|p2a: Clodsire|70/100
|
|-heal|p2a: Clodsire|76/100|[from] item: Leftovers
|upkeep
|turn|18
|
|t:|1758320042
|switch|p1a: Kyurem|Kyurem|100/100
|-ability|p1a: Kyurem|Pressure
|move|p2a: Clodsire|Earthquake|p1a: Kyurem
|-damage|p1a: Kyurem|73/100
|
|-heal|p2a: Clodsire|82/100|[from] item: Leftovers
|upkeep
|turn|19
|
|t:|1758320046
|move|p1a: Kyurem|Focus Blast|p2a: Clodsire
|-supereffective|p2a: Clodsire
|-damage|p2a: Clodsire|36/100
|move|p2a: Clodsire|Recover|p2a: Clodsire
|-heal|p2a: Clodsire|86/100
|
|-heal|p2a: Clodsire|92/100|[from] item: Leftovers
|upkeep
|turn|20
|
|t:|1758320050
|switch|p2a: Deoxys|Deoxys-Speed, shiny|100/100
|-ability|p2a: Deoxys|Pressure
|move|p1a: Kyurem|Focus Blast|p2a: Deoxys
|-resisted|p2a: Deoxys
|-damage|p2a: Deoxys|62/100
|
|upkeep
|turn|21
|
|t:|1758320053
|switch|p1a: Heatran|Heatran, F|100/100
|move|p2a: Deoxys|Psycho Boost|p1a: Heatran
|-resisted|p1a: Heatran
|-damage|p1a: Heatran|65/100
|-unboost|p2a: Deoxys|spa|2
|-damage|p2a: Deoxys|52/100|[from] item: Life Orb
|
|upkeep
|turn|22
|
|t:|1758320056
|move|p2a: Deoxys|Superpower|p1a: Heatran
|-supereffective|p1a: Heatran
|-damage|p1a: Heatran|0 fnt
|-unboost|p2a: Deoxys|atk|1
|-unboost|p2a: Deoxys|def|1
|-status|p2a: Deoxys|brn|[from] ability: Flame Body|[of] p1a: Heatran
|faint|p1a: Heatran
|-damage|p2a: Deoxys|42/100 brn|[from] item: Life Orb
|
|-damage|p2a: Deoxys|36/100 brn|[from] brn
|upkeep
|
|t:|1758320059
|switch|p1a: Kyurem|Kyurem|73/100
|-ability|p1a: Kyurem|Pressure
|turn|23
|
|t:|1758320073
|move|p2a: Deoxys|Superpower|p1a: Kyurem
|-supereffective|p1a: Kyurem
|-damage|p1a: Kyurem|52/100
|-unboost|p2a: Deoxys|atk|1
|-unboost|p2a: Deoxys|def|1
|-damage|p2a: Deoxys|26/100 brn|[from] item: Life Orb
|move|p1a: Kyurem|Blizzard|p2a: Deoxys|[miss]
|-miss|p1a: Kyurem|p2a: Deoxys
|
|-damage|p2a: Deoxys|20/100 brn|[from] brn
|upkeep
|turn|24
|
|t:|1758320077
|move|p2a: Deoxys|Superpower|p1a: Kyurem
|-supereffective|p1a: Kyurem
|-damage|p1a: Kyurem|34/100
|-unboost|p2a: Deoxys|atk|1
|-unboost|p2a: Deoxys|def|1
|-damage|p2a: Deoxys|10/100 brn|[from] item: Life Orb
|move|p1a: Kyurem|Blizzard|p2a: Deoxys|[miss]
|-miss|p1a: Kyurem|p2a: Deoxys
|
|-damage|p2a: Deoxys|3/100 brn|[from] brn
|upkeep
|turn|25
|-message|uwontwinprobably forfeited.
|
|win|champ bogar
|raw|uwontwinprobably's rating: 1576 &rarr; <strong>1557</strong><br />(-19 for losing)
|raw|champ bogar's rating: 1601 &rarr; <strong>1620</strong><br />(+19 for winning)
|l|☆uwontwinprobably
|player|p1|
