|j|☆SML Shrek
|j|☆PjSand
|t:|1758316217
|gametype|singles
|player|p1|SML Shrek|hiker-gen4|1423
|player|p2|PjSand|169|1366
|gen|9
|tier|[Gen 9] OU
|rated|
|rule|HP Percentage Mod: HP is shown in percentages
|rule|Endless Battle Clause: Forcing endless battles is banned
|rule|Species Clause: Limit one of each Pokémon
|rule|OHKO Clause: OHKO moves are banned
|rule|Evasion Items Clause: Evasion items are banned
|rule|Evasion Moves Clause: Evasion moves are banned
|rule|Evasion Abilities Clause: Evasion abilities are banned
|rule|Sleep Moves Clause: Sleep-inducing moves are banned
|clearpoke
|poke|p1|Ribombee, F|
|poke|p1|Cinderace, F|
|poke|p1|Quaquaval, M|
|poke|p1|Gholdengo|
|poke|p1|Sinistcha|
|poke|p1|Ting-Lu|
|poke|p2|Ninetales, M|
|poke|p2|Ceruledge, F|
|poke|p2|Venusaur, M|
|poke|p2|Hatterene, F|
|poke|p2|Great Tusk|
|poke|p2|Walking Wake|
|teampreview
|inactive|Battle timer is ON: inactive players will automatically lose when time's up. (requested by PjSand)
|
|t:|1758316222
|teamsize|p1|6
|teamsize|p2|6
|start
|switch|p1a: Cinderace|Cinderace, F|100/100
|switch|p2a: Kurama Chakra Mode|Ninetales, M|100/100
|-weather|SunnyDay|[from] ability: Drought|[of] p2a: Kurama Chakra Mode
|turn|1
|
|t:|1758316229
|switch|p2a: Die w A Smile|Hatterene, F|100/100
|move|p1a: Cinderace|Pyro Ball|p2a: Die w A Smile
|-damage|p2a: Die w A Smile|29/100
|-enditem|p2a: Die w A Smile|Eject Button
|
|t:|1758316233
|switch|p2a: Dubya|Walking Wake|100/100
|-activate|p2a: Dubya|ability: Protosynthesis
|-start|p2a: Dubya|protosynthesisspa
|
|-weather|SunnyDay|[upkeep]
|upkeep
|turn|2
|
|t:|1758316243
|switch|p1a: Ribombee|Ribombee, F|100/100
|move|p2a: Dubya|Hydro Steam|p1a: Ribombee
|-enditem|p1a: Ribombee|Focus Sash
|-damage|p1a: Ribombee|1/100
|
|-weather|SunnyDay|[upkeep]
|upkeep
|turn|3
|
|t:|1758316251
|move|p1a: Ribombee|Skill Swap||[still]
|-fail|p1a: Ribombee
|move|p2a: Dubya|Hydro Steam|p1a: Ribombee
|-damage|p1a: Ribombee|0 fnt
|faint|p1a: Ribombee
|
|-weather|SunnyDay|[upkeep]
|upkeep
|
|t:|1758316262
|switch|p1a: Ting-Lu|Ting-Lu|100/100
|-ability|p1a: Ting-Lu|Vessel of Ruin
|turn|4
|
|t:|1758316267
|-end|p2a: Dubya|Protosynthesis|[silent]
|switch|p2a: Die w A Smile|Hatterene, F|29/100
|-terastallize|p1a: Ting-Lu|Ghost
|move|p1a: Ting-Lu|Stealth Rock|p2a: Die w A Smile
|move|p2a: Die w A Smile|Stealth Rock|p1a: Ting-Lu|[from] ability: Magic Bounce
|-sidestart|p1: SML Shrek|move: Stealth Rock
|
|-weather|SunnyDay|[upkeep]
|upkeep
|turn|5
|-message|SML Shrek forfeited.
|
|win|PjSand
|raw|SML Shrek's rating: 1423 &rarr; <strong>1400</strong><br />(-23 for losing)
|raw|PjSand's rating: 1366 &rarr; <strong>1389</strong><br />(+23 for winning)
|l|☆SML Shrek
|player|p1|
