|j|☆Partynparadise
|j|☆wiggilydiggily
|t:|1758302696
|gametype|singles
|player|p1|Partynparadise|brock|1456
|player|p2|wiggilydiggily|170|1464
|gen|9
|tier|[Gen 9] OU
|rated|
|rule|HP Percentage Mod: HP is shown in percentages
|rule|Endless Battle Clause: Forcing endless battles is banned
|rule|Species Clause: Limit one of each Pokémon
|rule|OHKO Clause: OHKO moves are banned
|rule|Evasion Items Clause: Evasion items are banned
|rule|Evasion Moves Clause: Evasion moves are banned
|rule|Evasion Abilities Clause: Evasion abilities are banned
|rule|Sleep Moves Clause: Sleep-inducing moves are banned
|clearpoke
|poke|p1|Great Tusk|
|poke|p1|Kyurem|
|poke|p1|Slowking-Galar, F|
|poke|p1|Moltres|
|poke|p1|Iron Valiant|
|poke|p1|Meowscarada, M|
|poke|p2|Wigglytuff, F|
|poke|p2|Gholdengo|
|poke|p2|Great Tusk|
|poke|p2|Slowking-Galar, F|
|poke|p2|Samurott-Hisui, F|
|poke|p2|Sinistcha-Masterpiece|
|teampreview
|inactive|Battle timer is ON: inactive players will automatically lose when time's up. (requested by Partynparadise)
|
|t:|1758302701
|teamsize|p1|6
|teamsize|p2|6
|start
|switch|p1a: Meowscarada|Meowscarada, M|100/100
|switch|p2a: Wigglytuff|Wigglytuff, F|100/100
|turn|1
|
|t:|1758302706
|move|p1a: Meowscarada|Trick|p2a: Wigglytuff
|-start|p1a: Meowscarada|typechange|Psychic|[from] ability: Protean
|-activate|p1a: Meowscarada|move: Trick|[of] p2a: Wigglytuff
|-item|p2a: Wigglytuff|Choice Scarf|[from] move: Trick
|-item|p1a: Meowscarada|Heavy-Duty Boots|[from] move: Trick
|move|p2a: Wigglytuff|Stealth Rock|p1a: Meowscarada
|-sidestart|p1: Partynparadise|move: Stealth Rock
|
|upkeep
|turn|2
|inactive|wiggilydiggily has 120 seconds left.
|
|t:|1758302748
|switch|p2a: Gholdengo|Gholdengo|100/100
|move|p1a: Meowscarada|Knock Off|p2a: Gholdengo
|-supereffective|p2a: Gholdengo
|-damage|p2a: Gholdengo|58/100
|-enditem|p2a: Gholdengo|Ability Shield|[from] move: Knock Off|[of] p1a: Meowscarada
|
|upkeep
|turn|3
|
|t:|1758302756
|move|p1a: Meowscarada|U-turn|p2a: Gholdengo
|-resisted|p2a: Gholdengo
|-damage|p2a: Gholdengo|54/100
|
|t:|1758302760
|switch|p1a: Slowking|Slowking-Galar, F|100/100|[from] U-turn
|move|p2a: Gholdengo|Recover|p2a: Gholdengo
|-heal|p2a: Gholdengo|100/100
|
|upkeep
|turn|4
|
|t:|1758302763
|move|p2a: Gholdengo|Nasty Plot|p2a: Gholdengo
|-boost|p2a: Gholdengo|spa|2
|-prepare|p1a: Slowking|Chilly Reception|[premajor]
|move|p1a: Slowking|Chilly Reception|p1a: Slowking
|-weather|Snowscape
|
|t:|1758302771
|switch|p1a: Moltres|Moltres|100/100|[from] Chilly Reception
|
|-weather|Snowscape|[upkeep]
|upkeep
|turn|5
|
|t:|1758302782
|switch|p2a: Samurott|Samurott-Hisui, F|100/100
|move|p1a: Moltres|Flamethrower|p2a: Samurott
|-resisted|p2a: Samurott
|-damage|p2a: Samurott|88/100
|
|-weather|Snowscape|[upkeep]
|upkeep
|turn|6
|
|t:|1758302794
|-terastallize|p1a: Moltres|Fairy
|move|p2a: Samurott|Knock Off|p1a: Moltres
|-resisted|p1a: Moltres
|-damage|p1a: Moltres|86/100
|-enditem|p1a: Moltres|Heavy-Duty Boots|[from] move: Knock Off|[of] p2a: Samurott
|move|p1a: Moltres|U-turn|p2a: Samurott
|-supereffective|p2a: Samurott
|-damage|p2a: Samurott|52/100
|
|t:|1758302804
|switch|p1a: Great Tusk|Great Tusk|100/100|[from] U-turn
|-damage|p1a: Great Tusk|98/100|[from] Stealth Rock
|
|-weather|Snowscape|[upkeep]
|upkeep
|turn|7
|
|t:|1758302813
|switch|p2a: Sinistcha|Sinistcha-Masterpiece|100/100
|move|p1a: Great Tusk|Close Combat|p2a: Sinistcha
|-immune|p2a: Sinistcha
|
|-weather|Snowscape|[upkeep]
|upkeep
|turn|8
|
|t:|1758302820
|move|p1a: Great Tusk|Stealth Rock|p2a: Sinistcha
|-sidestart|p2: wiggilydiggily|move: Stealth Rock
|move|p2a: Sinistcha|Calm Mind|p2a: Sinistcha
|-boost|p2a: Sinistcha|spa|1
|-boost|p2a: Sinistcha|spd|1
|
|-weather|none
|upkeep
|turn|9
|
|t:|1758302823
|-end|p1a: Great Tusk|Protosynthesis|[silent]
|switch|p1a: Slowking|Slowking-Galar, F|100/100
|move|p2a: Sinistcha|Calm Mind|p2a: Sinistcha
|-boost|p2a: Sinistcha|spa|1
|-boost|p2a: Sinistcha|spd|1
|
|upkeep
|turn|10
|
|t:|1758302825
|move|p2a: Sinistcha|Shadow Ball|p1a: Slowking
|-supereffective|p1a: Slowking
|-damage|p1a: Slowking|21/100
|move|p1a: Slowking|Toxic|p2a: Sinistcha
|-status|p2a: Sinistcha|tox
|
|-damage|p2a: Sinistcha|94/100 tox|[from] psn
|upkeep
|turn|11
|
|t:|1758302832
|switch|p1a: Meowscarada|Meowscarada, M|100/100
|move|p2a: Sinistcha|Shadow Ball|p1a: Meowscarada
|-resisted|p1a: Meowscarada
|-crit|p1a: Meowscarada
|-damage|p1a: Meowscarada|30/100
|-unboost|p1a: Meowscarada|spd|1
|
|-heal|p2a: Sinistcha|100/100 tox|[from] item: Leftovers
|-damage|p2a: Sinistcha|88/100 tox|[from] psn
|upkeep
|turn|12
|
|t:|1758302846
|move|p1a: Meowscarada|U-turn|p2a: Sinistcha
|-start|p1a: Meowscarada|typechange|Bug|[from] ability: Protean
|-damage|p2a: Sinistcha|59/100 tox
|
|t:|1758302853
|switch|p1a: Slowking|Slowking-Galar, F|54/100|[from] U-turn
|move|p2a: Sinistcha|Strength Sap|p1a: Slowking
|-unboost|p1a: Slowking|atk|1
|-heal|p2a: Sinistcha|94/100 tox
|
|-heal|p2a: Sinistcha|100/100 tox|[from] item: Leftovers
|-damage|p2a: Sinistcha|82/100 tox|[from] psn
|upkeep
|turn|13
|
|t:|1758302861
|move|p2a: Sinistcha|Shadow Ball|p1a: Slowking
|-supereffective|p1a: Slowking
|-damage|p1a: Slowking|0 fnt
|faint|p1a: Slowking
|
|-heal|p2a: Sinistcha|88/100 tox|[from] item: Leftovers
|-damage|p2a: Sinistcha|64/100 tox|[from] psn
|upkeep
|
|t:|1758302867
|switch|p1a: Kyurem|Kyurem, shiny|100/100
|-damage|p1a: Kyurem|76/100|[from] Stealth Rock
|-ability|p1a: Kyurem|Pressure
|turn|14
|
|t:|1758302882
|switch|p2a: Gholdengo|Gholdengo|100/100
|-damage|p2a: Gholdengo|94/100|[from] Stealth Rock
|move|p1a: Kyurem|Substitute|p1a: Kyurem
|-start|p1a: Kyurem|Substitute
|-damage|p1a: Kyurem|51/100
|
|-heal|p1a: Kyurem|57/100|[from] item: Leftovers
|upkeep
|turn|15
|
|t:|1758302901
|move|p1a: Kyurem|Earth Power|p2a: Gholdengo
|-supereffective|p2a: Gholdengo
|-damage|p2a: Gholdengo|23/100
|-unboost|p2a: Gholdengo|spd|1
|move|p2a: Gholdengo|Shadow Ball|p1a: Kyurem
|-end|p1a: Kyurem|Substitute
|
|-heal|p1a: Kyurem|63/100|[from] item: Leftovers
|upkeep
|turn|16
|
|t:|1758302916
|move|p1a: Kyurem|Substitute|p1a: Kyurem
|-start|p1a: Kyurem|Substitute
|-damage|p1a: Kyurem|38/100
|move|p2a: Gholdengo|Make It Rain|p1a: Kyurem
|-supereffective|p1a: Kyurem
|-end|p1a: Kyurem|Substitute
|-unboost|p2a: Gholdengo|spa|1
|
|-heal|p1a: Kyurem|44/100|[from] item: Leftovers
|upkeep
|turn|17
|
|t:|1758302919
|move|p1a: Kyurem|Earth Power|p2a: Gholdengo
|-supereffective|p2a: Gholdengo
|-damage|p2a: Gholdengo|0 fnt
|faint|p2a: Gholdengo
|
|-heal|p1a: Kyurem|50/100|[from] item: Leftovers
|upkeep
|
|t:|1758302931
|switch|p2a: Slowking|Slowking-Galar, F|100/100
|-damage|p2a: Slowking|88/100|[from] Stealth Rock
|turn|18
|
|t:|1758302937
|move|p1a: Kyurem|Substitute|p1a: Kyurem
|-start|p1a: Kyurem|Substitute
|-damage|p1a: Kyurem|26/100
|move|p2a: Slowking|Sludge Bomb|p1a: Kyurem
|-end|p1a: Kyurem|Substitute
|
|-heal|p1a: Kyurem|32/100|[from] item: Leftovers
|upkeep
|turn|19
|
|t:|1758302941
|move|p1a: Kyurem|Earth Power|p2a: Slowking
|-supereffective|p2a: Slowking
|-damage|p2a: Slowking|57/100
|move|p2a: Slowking|Sludge Bomb|p1a: Kyurem
|-damage|p1a: Kyurem|0 fnt
|faint|p1a: Kyurem
|
|upkeep
|
|t:|1758302945
|switch|p1a: Meowscarada|Meowscarada, M|30/100
|turn|20
|
|t:|1758302962
|switch|p2a: Wigglytuff|Wigglytuff, F|100/100
|-damage|p2a: Wigglytuff|88/100|[from] Stealth Rock
|move|p1a: Meowscarada|U-turn|p2a: Wigglytuff
|-start|p1a: Meowscarada|typechange|Bug|[from] ability: Protean
|-resisted|p2a: Wigglytuff
|-damage|p2a: Wigglytuff|64/100
|
|t:|1758302967
|switch|p1a: Moltres|Moltres, tera:Fairy|86/100|[from] U-turn
|-damage|p1a: Moltres|74/100|[from] Stealth Rock
|
|upkeep
|turn|21
|
|t:|1758302992
|move|p1a: Moltres|Flamethrower|p2a: Wigglytuff
|-damage|p2a: Wigglytuff|36/100
|-status|p2a: Wigglytuff|brn
|move|p2a: Wigglytuff|Thunder Wave|p1a: Moltres
|-status|p1a: Moltres|par
|
|-damage|p2a: Wigglytuff|30/100 brn|[from] brn
|upkeep
|turn|22
|
|t:|1758303006
|move|p2a: Wigglytuff|Thunder Wave|p1a: Moltres
|-fail|p1a: Moltres|par
|cant|p1a: Moltres|par
|
|-damage|p2a: Wigglytuff|24/100 brn|[from] brn
|upkeep
|turn|23
|
|t:|1758303014
|move|p2a: Wigglytuff|Thunder Wave|p1a: Moltres
|-fail|p1a: Moltres|par
|cant|p1a: Moltres|par
|
|-damage|p2a: Wigglytuff|18/100 brn|[from] brn
|upkeep
|turn|24
|
|t:|1758303018
|move|p2a: Wigglytuff|Thunder Wave|p1a: Moltres
|-fail|p1a: Moltres|par
|move|p1a: Moltres|U-turn|p2a: Wigglytuff
|-resisted|p2a: Wigglytuff
|-damage|p2a: Wigglytuff|8/100 brn
|
|t:|1758303024
|switch|p1a: Great Tusk|Great Tusk|98/100|[from] U-turn
|-damage|p1a: Great Tusk|95/100|[from] Stealth Rock
|
|-damage|p2a: Wigglytuff|1/100 brn|[from] brn
|upkeep
|turn|25
|
|t:|1758303028
|switch|p2a: Sinistcha|Sinistcha-Masterpiece|64/100 tox
|-damage|p2a: Sinistcha|52/100 tox|[from] Stealth Rock
|move|p1a: Great Tusk|Rapid Spin|p2a: Sinistcha
|-immune|p2a: Sinistcha
|
|-heal|p2a: Sinistcha|58/100 tox|[from] item: Leftovers
|-damage|p2a: Sinistcha|52/100 tox|[from] psn
|upkeep
|turn|26
|
|t:|1758303037
|-end|p1a: Great Tusk|Protosynthesis|[silent]
|switch|p1a: Iron Valiant|Iron Valiant|100/100
|-damage|p1a: Iron Valiant|94/100|[from] Stealth Rock
|-enditem|p1a: Iron Valiant|Booster Energy
|-activate|p1a: Iron Valiant|ability: Quark Drive|[fromitem]
|-start|p1a: Iron Valiant|quarkdrivespe
|move|p2a: Sinistcha|Matcha Gotcha|p1a: Iron Valiant
|-damage|p1a: Iron Valiant|30/100
|-heal|p2a: Sinistcha|79/100 tox|[from] drain|[of] p1a: Iron Valiant
|
|-heal|p2a: Sinistcha|85/100 tox|[from] item: Leftovers
|-damage|p2a: Sinistcha|73/100 tox|[from] psn
|upkeep
|turn|27
|
|t:|1758303047
|move|p1a: Iron Valiant|Moonblast|p2a: Sinistcha
|-damage|p2a: Sinistcha|16/100 tox
|move|p2a: Sinistcha|Shadow Ball|p1a: Iron Valiant
|-damage|p1a: Iron Valiant|0 fnt
|faint|p1a: Iron Valiant
|-end|p1a: Iron Valiant|Quark Drive|[silent]
|
|-heal|p2a: Sinistcha|22/100 tox|[from] item: Leftovers
|-damage|p2a: Sinistcha|4/100 tox|[from] psn
|upkeep
|
|t:|1758303051
|switch|p1a: Meowscarada|Meowscarada, M|30/100
|turn|28
|
|t:|1758303066
|switch|p2a: Wigglytuff|Wigglytuff, F|1/100 brn
|-damage|p2a: Wigglytuff|0 fnt|[from] Stealth Rock
|faint|p2a: Wigglytuff
|move|p1a: Meowscarada|U-turn|p2: Wigglytuff|[notarget]
|-fail|p1a: Meowscarada
|
|upkeep
|inactive|wiggilydiggily has 120 seconds left.
|
|t:|1758303103
|switch|p2a: Great Tusk|Great Tusk|100/100
|turn|29
|
|t:|1758303115
|switch|p1a: Moltres|Moltres, tera:Fairy|74/100 par
|-damage|p1a: Moltres|62/100 par|[from] Stealth Rock
|-terastallize|p2a: Great Tusk|Ghost
|move|p2a: Great Tusk|Rapid Spin|p1a: Moltres
|-crit|p1a: Moltres
|-damage|p1a: Moltres|45/100 par
|-boost|p2a: Great Tusk|spe|1
|-status|p2a: Great Tusk|brn|[from] ability: Flame Body|[of] p1a: Moltres
|-sideend|p2: wiggilydiggily|Stealth Rock|[from] move: Rapid Spin|[of] p2a: Great Tusk
|
|-damage|p2a: Great Tusk|94/100 brn|[from] brn
|upkeep
|turn|30
|
|t:|1758303124
|move|p2a: Great Tusk|Headlong Rush|p1a: Moltres
|-damage|p1a: Moltres|22/100 par
|-unboost|p2a: Great Tusk|def|1
|-unboost|p2a: Great Tusk|spd|1
|cant|p1a: Moltres|par
|
|-damage|p2a: Great Tusk|88/100 brn|[from] brn
|upkeep
|turn|31
|inactive|wiggilydiggily has 120 seconds left.
|
|t:|1758303130
|switch|p1a: Great Tusk|Great Tusk|95/100
|-damage|p1a: Great Tusk|92/100|[from] Stealth Rock
|move|p2a: Great Tusk|Headlong Rush|p1a: Great Tusk
|-damage|p1a: Great Tusk|68/100
|-unboost|p2a: Great Tusk|def|1
|-unboost|p2a: Great Tusk|spd|1
|-damage|p2a: Great Tusk|72/100 brn|[from] item: Rocky Helmet|[of] p1a: Great Tusk
|
|-damage|p2a: Great Tusk|65/100 brn|[from] brn
|upkeep
|turn|32
|
|t:|1758303137
|-end|p2a: Great Tusk|Protosynthesis|[silent]
|switch|p2a: Sinistcha|Sinistcha-Masterpiece|4/100 tox
|move|p1a: Great Tusk|Stealth Rock|p2a: Sinistcha
|-sidestart|p2: wiggilydiggily|move: Stealth Rock
|
|-heal|p2a: Sinistcha|10/100 tox|[from] item: Leftovers
|-damage|p2a: Sinistcha|4/100 tox|[from] psn
|upkeep
|turn|33
|
|t:|1758303142
|move|p1a: Great Tusk|Knock Off|p2a: Sinistcha
|-supereffective|p2a: Sinistcha
|-damage|p2a: Sinistcha|0 fnt
|-enditem|p2a: Sinistcha|Leftovers|[from] move: Knock Off|[of] p1a: Great Tusk
|faint|p2a: Sinistcha
|
|upkeep
|
|t:|1758303146
|switch|p2a: Great Tusk|Great Tusk, tera:Ghost|65/100 brn
|turn|34
|
|t:|1758303154
|move|p1a: Great Tusk|Knock Off|p2a: Great Tusk
|-supereffective|p2a: Great Tusk
|-damage|p2a: Great Tusk|7/100 brn
|-enditem|p2a: Great Tusk|Heavy-Duty Boots|[from] move: Knock Off|[of] p1a: Great Tusk
|move|p2a: Great Tusk|Roar|p1a: Great Tusk
|-end|p1a: Great Tusk|Protosynthesis|[silent]
|drag|p1a: Moltres|Moltres, tera:Fairy|22/100 par
|-damage|p1a: Moltres|10/100 par|[from] Stealth Rock
|
|-damage|p2a: Great Tusk|1/100 brn|[from] brn
|upkeep
|turn|35
|
|t:|1758303164
|move|p2a: Great Tusk|Headlong Rush|p1a: Moltres
|-crit|p1a: Moltres
|-damage|p1a: Moltres|0 fnt
|-unboost|p2a: Great Tusk|def|1
|-unboost|p2a: Great Tusk|spd|1
|faint|p1a: Moltres
|
|-damage|p2a: Great Tusk|0 fnt|[from] brn
|faint|p2a: Great Tusk
|-end|p2a: Great Tusk|Protosynthesis|[silent]
|upkeep
|
|t:|1758303173
|switch|p2a: Samurott|Samurott-Hisui, F|52/100
|switch|p1a: Meowscarada|Meowscarada, M|30/100
|-damage|p2a: Samurott|40/100|[from] Stealth Rock
|turn|36
|
|t:|1758303181
|move|p2a: Samurott|Sucker Punch|p1a: Meowscarada
|-resisted|p1a: Meowscarada
|-damage|p1a: Meowscarada|5/100
|move|p1a: Meowscarada|U-turn|p2a: Samurott
|-start|p1a: Meowscarada|typechange|Bug|[from] ability: Protean
|-supereffective|p2a: Samurott
|-damage|p2a: Samurott|0 fnt
|faint|p2a: Samurott
|
|t:|1758303187
|switch|p1a: Great Tusk|Great Tusk|68/100|[from] U-turn
|-damage|p1a: Great Tusk|65/100|[from] Stealth Rock
|
|upkeep
|
|t:|1758303190
|switch|p2a: Slowking|Slowking-Galar, F|90/100
|-damage|p2a: Slowking|78/100|[from] Stealth Rock
|turn|37
|
|t:|1758303192
|move|p1a: Great Tusk|Knock Off|p2a: Slowking
|-supereffective|p2a: Slowking
|-damage|p2a: Slowking|6/100
|-enditem|p2a: Slowking|Assault Vest|[from] move: Knock Off|[of] p1a: Great Tusk
|move|p2a: Slowking|Ice Beam|p1a: Great Tusk
|-supereffective|p1a: Great Tusk
|-crit|p1a: Great Tusk
|-damage|p1a: Great Tusk|0 fnt
|faint|p1a: Great Tusk
|-end|p1a: Great Tusk|Protosynthesis|[silent]
|
|upkeep
|
|t:|1758303195
|switch|p1a: Meowscarada|Meowscarada, M|5/100
|turn|38
|
|t:|1758303201
|move|p1a: Meowscarada|Knock Off|p2a: Slowking
|-start|p1a: Meowscarada|typechange|Dark|[from] ability: Protean
|-supereffective|p2a: Slowking
|-damage|p2a: Slowking|0 fnt
|faint|p2a: Slowking
|
|win|Partynparadise
|raw|Partynparadise's rating: 1456 &rarr; <strong>1476</strong><br />(+20 for winning)
|raw|wiggilydiggily's rating: 1464 &rarr; <strong>1444</strong><br />(-20 for losing)
