|j|☆lapadaseca
|j|☆pbjojo
|t:|1758334224
|gametype|singles
|player|p1|lapadaseca|janitor|1373
|player|p2|pbjojo|hoopster|1417
|gen|9
|tier|[Gen 9] OU
|rated|
|rule|HP Percentage Mod: HP is shown in percentages
|rule|Endless Battle Clause: Forcing endless battles is banned
|rule|Species Clause: Limit one of each Pokémon
|rule|OHKO Clause: OHKO moves are banned
|rule|Evasion Items Clause: Evasion items are banned
|rule|Evasion Moves Clause: Evasion moves are banned
|rule|Evasion Abilities Clause: Evasion abilities are banned
|rule|Sleep Moves Clause: Sleep-inducing moves are banned
|clearpoke
|poke|p1|Minun, M|
|poke|p1|Moltres|
|poke|p1|Great Tusk|
|poke|p1|Ogerpon-Wellspring, F|
|poke|p1|Clefable, F|
|poke|p1|Iron Crown|
|poke|p2|Zamazenta-*|
|poke|p2|Pecharunt|
|poke|p2|Kyurem|
|poke|p2|Ninetales-Alola, F|
|poke|p2|Araquanid, F|
|poke|p2|Avalugg, F|
|teampreview
|
|t:|1758334231
|teamsize|p1|6
|teamsize|p2|6
|start
|switch|p1a: Iron Crown|Iron Crown|100/100
|switch|p2a: kaiju|Kyurem, shiny|100/100
|-ability|p2a: kaiju|Pressure
|turn|1
|inactive|Battle timer is ON: inactive players will automatically lose when time's up. (requested by lapadaseca)
|
|t:|1758334252
|-terastallize|p2a: kaiju|Ground
|move|p1a: Iron Crown|Volt Switch|p2a: kaiju
|-immune|p2a: kaiju
|move|p2a: kaiju|Earth Power|p1a: Iron Crown
|-supereffective|p1a: Iron Crown
|-damage|p1a: Iron Crown|0 fnt
|faint|p1a: Iron Crown
|-end|p1a: Iron Crown|Quark Drive|[silent]
|
|upkeep
|
|t:|1758334258
|switch|p1a: Ogerpon|Ogerpon-Wellspring, F|100/100
|turn|2
|
|t:|1758334266
|switch|p2a: spidy|Araquanid, F, shiny|100/100
|move|p1a: Ogerpon|Swords Dance|p1a: Ogerpon
|-boost|p1a: Ogerpon|atk|2
|
|upkeep
|turn|3
|
|t:|1758334276
|-terastallize|p1a: Ogerpon|Water
|detailschange|p1a: Ogerpon|Ogerpon-Wellspring-Tera, F, tera:Water
|-ability|p1a: Ogerpon|Embody Aspect (Wellspring)|boost
|-boost|p1a: Ogerpon|spd|1
|move|p1a: Ogerpon|Swords Dance|p1a: Ogerpon
|-boost|p1a: Ogerpon|atk|2
|move|p2a: spidy|Sticky Web|p1a: Ogerpon
|-sidestart|p1: lapadaseca|move: Sticky Web
|
|upkeep
|turn|4
|
|t:|1758334286
|move|p2a: spidy|Endure|p2a: spidy
|-singleturn|p2a: spidy|move: Endure
|move|p1a: Ogerpon|Horn Leech|p2a: spidy
|-activate|p2a: spidy|move: Endure
|-damage|p2a: spidy|1/100
|
|upkeep
|turn|5
|-enditem|p2a: spidy|Custap Berry|[eat]
|-activate|p2a: spidy|item: Custap Berry|[consumed]
|
|t:|1758334293
|move|p2a: spidy|Endeavor|p1a: Ogerpon
|-damage|p1a: Ogerpon|1/100
|move|p1a: Ogerpon|Horn Leech|p2a: spidy
|-damage|p2a: spidy|0 fnt
|-heal|p1a: Ogerpon|1/100|[from] drain|[of] p2a: spidy
|faint|p2a: spidy
|
|upkeep
|
|t:|1758334301
|switch|p2a: zaza|Zamazenta, shiny|100/100
|-ability|p2a: zaza|Dauntless Shield|boost
|-boost|p2a: zaza|def|1
|turn|6
|
|t:|1758334315
|switch|p1a: Moltres|Moltres|100/100
|move|p2a: zaza|Iron Head|p1a: Moltres
|-resisted|p1a: Moltres
|-damage|p1a: Moltres|88/100
|-damage|p2a: zaza|91/100|[from] item: Life Orb
|
|upkeep
|turn|7
|
|t:|1758334324
|switch|p2a: fukmedry|Pecharunt|100/100
|move|p1a: Moltres|U-turn|p2a: fukmedry
|-resisted|p2a: fukmedry
|-damage|p2a: fukmedry|98/100
|
|t:|1758334335
|switch|p1a: Great Tusk|Great Tusk|100/100|[from] U-turn
|
|upkeep
|turn|8
|
|t:|1758334349
|move|p2a: fukmedry|Malignant Chain|p1a: Great Tusk
|-resisted|p1a: Great Tusk
|-damage|p1a: Great Tusk|80/100
|move|p1a: Great Tusk|Headlong Rush|p2a: fukmedry
|-supereffective|p2a: fukmedry
|-damage|p2a: fukmedry|28/100
|-unboost|p1a: Great Tusk|def|1
|-unboost|p1a: Great Tusk|spd|1
|
|upkeep
|turn|9
|
|t:|1758334359
|-end|p1a: Great Tusk|Protosynthesis|[silent]
|switch|p1a: Minun|Minun, M, shiny|100/100
|-activate|p1a: Minun|move: Sticky Web
|-unboost|p1a: Minun|spe|1
|move|p2a: fukmedry|Parting Shot|p1a: Minun
|-unboost|p1a: Minun|atk|1
|-unboost|p1a: Minun|spa|1
|
|t:|1758334367
|switch|p2a: kaiju|Kyurem, shiny, tera:Ground|100/100|[from] Parting Shot
|-ability|p2a: kaiju|Pressure
|
|upkeep
|turn|10
|
|t:|1758334380
|move|p2a: kaiju|Freeze-Dry|p1a: Minun
|-damage|p1a: Minun|56/100
|move|p1a: Minun|Super Fang|p2a: kaiju
|-damage|p2a: kaiju|50/100
|
|upkeep
|turn|11
|
|t:|1758334392
|move|p2a: kaiju|Freeze-Dry|p1a: Minun
|-damage|p1a: Minun|11/100
|move|p1a: Minun|Alluring Voice|p2a: kaiju
|-damage|p2a: kaiju|41/100
|
|upkeep
|turn|12
|
|t:|1758334405
|move|p2a: kaiju|Freeze-Dry|p1a: Minun
|-damage|p1a: Minun|0 fnt
|faint|p1a: Minun
|
|upkeep
|
|t:|1758334411
|switch|p1a: Moltres|Moltres|88/100
|turn|13
|
|t:|1758334422
|switch|p2a: zaza|Zamazenta, shiny|91/100
|move|p1a: Moltres|Fire Blast|p2a: zaza|[miss]
|-miss|p1a: Moltres|p2a: zaza
|
|upkeep
|turn|14
|
|t:|1758334432
|switch|p1a: Great Tusk|Great Tusk|80/100
|move|p2a: zaza|Close Combat|p1a: Great Tusk
|-damage|p1a: Great Tusk|27/100
|-unboost|p2a: zaza|def|1
|-unboost|p2a: zaza|spd|1
|-damage|p2a: zaza|81/100|[from] item: Life Orb
|
|upkeep
|turn|15
|
|t:|1758334439
|-end|p1a: Great Tusk|Protosynthesis|[silent]
|switch|p1a: Moltres|Moltres|88/100
|move|p2a: zaza|Close Combat|p1a: Moltres
|-resisted|p1a: Moltres
|-damage|p1a: Moltres|59/100
|-unboost|p2a: zaza|def|1
|-unboost|p2a: zaza|spd|1
|-damage|p2a: zaza|71/100|[from] item: Life Orb
|
|upkeep
|turn|16
|
|t:|1758334448
|switch|p2a: TABLE|Avalugg, F|100/100
|move|p1a: Moltres|Fire Blast|p2a: TABLE
|-supereffective|p2a: TABLE
|-damage|p2a: TABLE|0 fnt
|faint|p2a: TABLE
|
|upkeep
|
|t:|1758334454
|switch|p2a: hehe|Ninetales-Alola, F, shiny|100/100
|-weather|Snowscape|[from] ability: Snow Warning|[of] p2a: hehe
|turn|17
|
|t:|1758334460
|move|p2a: hehe|Aurora Veil|p2a: hehe
|-sidestart|p2: pbjojo|move: Aurora Veil
|move|p1a: Moltres|Fire Blast|p2a: hehe
|-supereffective|p2a: hehe
|-damage|p2a: hehe|38/100
|
|-weather|Snowscape|[upkeep]
|upkeep
|turn|18
|
|t:|1758334469
|move|p2a: hehe|Blizzard|p1a: Moltres
|-damage|p1a: Moltres|14/100
|move|p1a: Moltres|Roost|p1a: Moltres
|-heal|p1a: Moltres|64/100
|-singleturn|p1a: Moltres|move: Roost
|
|-weather|Snowscape|[upkeep]
|upkeep
|turn|19
|
|t:|1758334486
|switch|p1a: Clefable|Clefable, F|100/100
|-activate|p1a: Clefable|move: Sticky Web
|-unboost|p1a: Clefable|spe|1
|move|p2a: hehe|Blizzard|p1a: Clefable
|-damage|p1a: Clefable|62/100
|
|-weather|Snowscape|[upkeep]
|upkeep
|turn|20
|
|t:|1758334493
|move|p2a: hehe|Blizzard|p1a: Clefable
|-damage|p1a: Clefable|28/100
|move|p1a: Clefable|Stealth Rock|p2a: hehe
|-sidestart|p2: pbjojo|move: Stealth Rock
|
|-weather|Snowscape|[upkeep]
|upkeep
|turn|21
|
|t:|1758334498
|move|p2a: hehe|Encore|p1a: Clefable
|-start|p1a: Clefable|Encore
|move|p1a: Clefable|Stealth Rock||[still]
|-fail|p1a: Clefable
|
|-weather|Snowscape|[upkeep]
|-sideend|p2: pbjojo|move: Aurora Veil
|upkeep
|turn|22
|
|t:|1758334511
|switch|p1a: Moltres|Moltres|64/100
|move|p2a: hehe|Blizzard|p1a: Moltres
|-damage|p1a: Moltres|17/100
|
|-weather|Snowscape|[upkeep]
|upkeep
|turn|23
|
|t:|1758334517
|move|p2a: hehe|Blizzard|p1a: Moltres
|-damage|p1a: Moltres|0 fnt
|faint|p1a: Moltres
|
|-weather|Snowscape|[upkeep]
|upkeep
|
|t:|1758334523
|switch|p1a: Clefable|Clefable, F|28/100
|-activate|p1a: Clefable|move: Sticky Web
|-unboost|p1a: Clefable|spe|1
|turn|24
|
|t:|1758334528
|move|p2a: hehe|Blizzard|p1a: Clefable
|-crit|p1a: Clefable
|-damage|p1a: Clefable|0 fnt
|faint|p1a: Clefable
|
|-weather|none
|upkeep
|-message|lapadaseca forfeited.
|
|win|pbjojo
|raw|lapadaseca's rating: 1373 &rarr; <strong>1356</strong><br />(-17 for losing)
|raw|pbjojo's rating: 1417 &rarr; <strong>1434</strong><br />(+17 for winning)
|l|☆lapadaseca
|player|p1|
|l|☆pbjojo
|player|p2|
