|j|☆xOmniscience
|j|☆Mouu'D
|t:|1758320602
|gametype|singles
|player|p1|xOmniscience|flannery|1152
|player|p2|Mouu'D|buck|1204
|gen|9
|tier|[Gen 9] OU
|rated|
|rule|HP Percentage Mod: HP is shown in percentages
|rule|Endless Battle Clause: Forcing endless battles is banned
|rule|Species Clause: Limit one of each Pokémon
|rule|OHKO Clause: OHKO moves are banned
|rule|Evasion Items Clause: Evasion items are banned
|rule|Evasion Moves Clause: Evasion moves are banned
|rule|Evasion Abilities Clause: Evasion abilities are banned
|rule|Sleep Moves Clause: Sleep-inducing moves are banned
|clearpoke
|poke|p1|Moltres|
|poke|p1|Zamazenta-*|
|poke|p1|Darkrai|
|poke|p1|Hydrapple, M|
|poke|p1|Ting-Lu|
|poke|p1|Tinkaton, F|
|poke|p2|Slowbro, M|
|poke|p2|Diancie|
|poke|p2|Oranguru, F|
|poke|p2|Ursaluna, M|
|poke|p2|Incineroar, F|
|poke|p2|Conkeldurr, M|
|teampreview
|inactive|Battle timer is ON: inactive players will automatically lose when time's up. (requested by xOmniscience)
|
|t:|1758320618
|teamsize|p1|6
|teamsize|p2|6
|start
|switch|p1a: Ting-Lu|Ting-Lu|100/100
|switch|p2a: Robin|Diancie|100/100
|-ability|p1a: Ting-Lu|Vessel of Ruin
|turn|1
|
|t:|1758320628
|move|p1a: Ting-Lu|Earthquake|p2a: Robin
|-supereffective|p2a: Robin
|-damage|p2a: Robin|37/100
|move|p2a: Robin|Trick Room|p2a: Robin
|-fieldstart|move: Trick Room|[of] p2a: Robin
|
|upkeep
|turn|2
|
|t:|1758320634
|switch|p2a: Chopper|Ursaluna, M|100/100
|move|p1a: Ting-Lu|Spikes|p2a: Chopper
|-sidestart|p2: Mouu'D|Spikes
|
|-status|p2a: Chopper|brn|[from] item: Flame Orb
|upkeep
|turn|3
|
|t:|1758320642
|move|p2a: Chopper|Facade|p1a: Ting-Lu
|-damage|p1a: Ting-Lu|36/100
|move|p1a: Ting-Lu|Whirlwind|p2a: Chopper
|drag|p2a: Crocus|Oranguru, F|100/100
|-damage|p2a: Crocus|88/100|[from] Spikes
|
|-heal|p1a: Ting-Lu|42/100|[from] item: Leftovers
|upkeep
|turn|4
|
|t:|1758320654
|switch|p2a: Luffy gear 4th|Conkeldurr, M|100/100
|-damage|p2a: Luffy gear 4th|88/100|[from] Spikes
|move|p1a: Ting-Lu|Spikes|p2a: Luffy gear 4th
|-sidestart|p2: Mouu'D|Spikes
|
|-heal|p1a: Ting-Lu|49/100|[from] item: Leftovers
|-status|p2a: Luffy gear 4th|brn|[from] item: Flame Orb
|upkeep
|turn|5
|
|t:|1758320668
|switch|p1a: Tinkaton|Tinkaton, F|100/100
|-ability|p1a: Tinkaton|Mold Breaker
|-item|p1a: Tinkaton|Air Balloon
|-terastallize|p2a: Luffy gear 4th|Fighting
|move|p2a: Luffy gear 4th|Drain Punch|p1a: Tinkaton
|-damage|p1a: Tinkaton|0 fnt
|-heal|p2a: Luffy gear 4th|100/100 brn|[from] drain|[of] p1a: Tinkaton
|-enditem|p1a: Tinkaton|Air Balloon
|faint|p1a: Tinkaton
|
|-damage|p2a: Luffy gear 4th|94/100 brn|[from] brn
|-fieldend|move: Trick Room
|upkeep
|
|t:|1758320682
|switch|p1a: Ting-Lu|Ting-Lu|49/100
|-ability|p1a: Ting-Lu|Vessel of Ruin
|turn|6
|
|t:|1758320689
|move|p2a: Luffy gear 4th|Mach Punch|p1a: Ting-Lu
|-supereffective|p1a: Ting-Lu
|-damage|p1a: Ting-Lu|0 fnt
|faint|p1a: Ting-Lu
|
|-damage|p2a: Luffy gear 4th|88/100 brn|[from] brn
|upkeep
|
|t:|1758320701
|switch|p1a: Zamazenta|Zamazenta|100/100
|-ability|p1a: Zamazenta|Dauntless Shield|boost
|-boost|p1a: Zamazenta|def|1
|turn|7
|
|t:|1758320707
|move|p1a: Zamazenta|Close Combat|p2a: Luffy gear 4th
|-damage|p2a: Luffy gear 4th|40/100 brn
|-unboost|p1a: Zamazenta|def|1
|-unboost|p1a: Zamazenta|spd|1
|move|p2a: Luffy gear 4th|Drain Punch|p1a: Zamazenta
|-damage|p1a: Zamazenta|9/100
|-heal|p2a: Luffy gear 4th|76/100 brn|[from] drain|[of] p1a: Zamazenta
|
|-damage|p2a: Luffy gear 4th|70/100 brn|[from] brn
|upkeep
|turn|8
|
|t:|1758320720
|move|p2a: Luffy gear 4th|Mach Punch|p1a: Zamazenta
|-damage|p1a: Zamazenta|0 fnt
|faint|p1a: Zamazenta
|
|-damage|p2a: Luffy gear 4th|64/100 brn|[from] brn
|upkeep
|-message|xOmniscience forfeited.
|
|win|Mouu'D
|raw|xOmniscience's rating: 1152 &rarr; <strong>1131</strong><br />(-21 for losing)
|raw|Mouu&apos;D's rating: 1204 &rarr; <strong>1225</strong><br />(+21 for winning)
|l|☆xOmniscience
|player|p1|
|l|☆Mouu'D
|player|p2|
