|j|☆notmeezo
|j|☆supersplinter
|t:|1758295185
|gametype|singles
|player|p1|notmeezo|lucas|1381
|player|p2|supersplinter|dancer|1422
|gen|9
|tier|[Gen 9] OU
|rated|
|rule|HP Percentage Mod: HP is shown in percentages
|rule|Endless Battle Clause: Forcing endless battles is banned
|rule|Species Clause: Limit one of each Pokémon
|rule|OHKO Clause: OHKO moves are banned
|rule|Evasion Items Clause: Evasion items are banned
|rule|Evasion Moves Clause: Evasion moves are banned
|rule|Evasion Abilities Clause: Evasion abilities are banned
|rule|Sleep Moves Clause: Sleep-inducing moves are banned
|clearpoke
|poke|p1|Zamazenta-*|
|poke|p1|Serperior, M|
|poke|p1|Rotom-Heat|
|poke|p1|Corviknight, F|
|poke|p1|Gliscor, M|
|poke|p1|Ogerpon-Wellspring, F|
|poke|p2|Iron Treads|
|poke|p2|Tornadus-Therian, M|
|poke|p2|Samurott-Hisui, F|
|poke|p2|Heatran, M|
|poke|p2|Pecharunt|
|poke|p2|Raging Bolt|
|teampreview
|inactive|Battle timer is ON: inactive players will automatically lose when time's up. (requested by notmeezo)
|
|t:|1758295215
|teamsize|p1|6
|teamsize|p2|6
|start
|switch|p1a: Telkom|Rotom-Heat|100/100
|switch|p2a: Heatran|Heatran, M|100/100
|turn|1
|
|t:|1758295222
|move|p1a: Telkom|Volt Switch|p2a: Heatran
|-damage|p2a: Heatran|77/100
|
|t:|1758295227
|switch|p1a: Pinch|Gliscor, M|100/100|[from] Volt Switch
|move|p2a: Heatran|Stealth Rock|p1a: Pinch
|-sidestart|p1: notmeezo|move: Stealth Rock
|
|-heal|p2a: Heatran|83/100|[from] item: Leftovers
|-status|p1a: Pinch|tox|[from] item: Toxic Orb
|upkeep
|turn|2
|
|t:|1758295246
|switch|p2a: Iron Treads|Iron Treads|100/100
|move|p1a: Pinch|Earthquake|p2a: Iron Treads
|-supereffective|p2a: Iron Treads
|-damage|p2a: Iron Treads|48/100
|
|upkeep
|turn|3
|
|t:|1758295253
|move|p2a: Iron Treads|Ice Spinner|p1a: Pinch
|-supereffective|p1a: Pinch
|-damage|p1a: Pinch|28/100 tox
|move|p1a: Pinch|Earthquake|p2a: Iron Treads
|-supereffective|p2a: Iron Treads
|-damage|p2a: Iron Treads|0 fnt
|faint|p2a: Iron Treads
|-end|p2a: Iron Treads|Quark Drive|[silent]
|
|-heal|p1a: Pinch|40/100 tox|[from] ability: Poison Heal
|upkeep
|
|t:|1758295257
|switch|p2a: Samurott|Samurott-Hisui, F|100/100
|turn|4
|
|t:|1758295262
|switch|p1a: Corviknight|Corviknight, F|100/100
|-damage|p1a: Corviknight|88/100|[from] Stealth Rock
|move|p2a: Samurott|Ceaseless Edge|p1a: Corviknight
|-damage|p1a: Corviknight|63/100
|-damage|p2a: Samurott|84/100|[from] item: Rocky Helmet|[of] p1a: Corviknight
|-sidestart|p1: notmeezo|Spikes
|
|upkeep
|turn|5
|
|t:|1758295268
|switch|p2a: Heatran|Heatran, M|83/100
|move|p1a: Corviknight|Defog|p2a: Heatran
|-unboost|p2a: Heatran|evasion|1
|-sideend|p1: notmeezo|Spikes|[from] move: Defog|[of] p1a: Corviknight
|-sideend|p1: notmeezo|Stealth Rock|[from] move: Defog|[of] p1a: Corviknight
|
|-heal|p2a: Heatran|90/100|[from] item: Leftovers
|upkeep
|turn|6
|
|t:|1758295272
|switch|p1a: Telkom|Rotom-Heat|100/100
|move|p2a: Heatran|Magma Storm|p1a: Telkom
|-resisted|p1a: Telkom
|-damage|p1a: Telkom|73/100
|-activate|p1a: Telkom|move: Magma Storm|[of] p2a: Heatran
|
|-heal|p2a: Heatran|96/100|[from] item: Leftovers
|-damage|p1a: Telkom|61/100|[from] move: Magma Storm|[partiallytrapped]
|upkeep
|turn|7
|
|t:|1758295279
|move|p1a: Telkom|Volt Switch|p2a: Heatran
|-damage|p2a: Heatran|72/100
|
|t:|1758295284
|switch|p1a: Mystic|Ogerpon-Wellspring, F|100/100|[from] Volt Switch
|move|p2a: Heatran|Stealth Rock|p1a: Mystic
|-sidestart|p1: notmeezo|move: Stealth Rock
|
|-heal|p2a: Heatran|79/100|[from] item: Leftovers
|upkeep
|turn|8
|
|t:|1758295287
|switch|p2a: Pecharunt|Pecharunt|100/100
|move|p1a: Mystic|Ivy Cudgel|p2a: Pecharunt|[anim] Ivy Cudgel Water
|-damage|p2a: Pecharunt|70/100
|
|upkeep
|turn|9
|
|t:|1758295293
|move|p1a: Mystic|U-turn|p2a: Pecharunt
|-resisted|p2a: Pecharunt
|-damage|p2a: Pecharunt|66/100
|-damage|p1a: Mystic|84/100|[from] item: Rocky Helmet|[of] p2a: Pecharunt
|
|t:|1758295301
|switch|p1a: Corviknight|Corviknight, F|63/100|[from] U-turn
|-damage|p1a: Corviknight|50/100|[from] Stealth Rock
|move|p2a: Pecharunt|Parting Shot|p1a: Corviknight
|-ability|p1a: Corviknight|Mirror Armor
|-unboost|p2a: Pecharunt|atk|1
|-ability|p1a: Corviknight|Mirror Armor
|-unboost|p2a: Pecharunt|spa|1
|
|t:|1758295310
|switch|p2a: Heatran|Heatran, M|79/100|[from] Parting Shot
|
|-heal|p2a: Heatran|85/100|[from] item: Leftovers
|upkeep
|turn|10
|
|t:|1758295315
|move|p2a: Heatran|Magma Storm|p1a: Corviknight
|-supereffective|p1a: Corviknight
|-damage|p1a: Corviknight|0 fnt
|faint|p1a: Corviknight
|
|-heal|p2a: Heatran|91/100|[from] item: Leftovers
|upkeep
|
|t:|1758295326
|switch|p1a: Shield|Zamazenta|100/100
|-damage|p1a: Shield|94/100|[from] Stealth Rock
|-ability|p1a: Shield|Dauntless Shield|boost
|-boost|p1a: Shield|def|1
|turn|11
|
|t:|1758295333
|switch|p2a: Pecharunt|Pecharunt|66/100
|move|p1a: Shield|Body Press|p2a: Pecharunt
|-immune|p2a: Pecharunt
|
|upkeep
|turn|12
|
|t:|1758295343
|move|p1a: Shield|Ice Fang|p2a: Pecharunt
|-damage|p2a: Pecharunt|57/100
|-damage|p1a: Shield|78/100|[from] item: Rocky Helmet|[of] p2a: Pecharunt
|move|p2a: Pecharunt|Recover|p2a: Pecharunt
|-heal|p2a: Pecharunt|100/100
|
|upkeep
|turn|13
|
|t:|1758295347
|move|p2a: Pecharunt|Malignant Chain|p1a: Shield
|-damage|p1a: Shield|49/100
|-status|p1a: Shield|tox
|-start|p1a: Shield|confusion|[from] ability: Poison Puppeteer|[of] p2a: Pecharunt
|-activate|p1a: Shield|confusion
|-damage|p1a: Shield|43/100 tox|[from] confusion
|
|-damage|p1a: Shield|37/100 tox|[from] psn
|upkeep
|turn|14
|inactive|notmeezo has 120 seconds left.
|
|t:|1758295379
|switch|p1a: Pinch|Gliscor, M|40/100 tox
|-damage|p1a: Pinch|28/100 tox|[from] Stealth Rock
|move|p2a: Pecharunt|Parting Shot|p1a: Pinch
|-unboost|p1a: Pinch|atk|1
|-unboost|p1a: Pinch|spa|1
|
|t:|1758295383
|switch|p2a: Samurott|Samurott-Hisui, F|84/100|[from] Parting Shot
|
|-heal|p1a: Pinch|40/100 tox|[from] ability: Poison Heal
|upkeep
|turn|15
|inactive|notmeezo has 120 seconds left.
|
|t:|1758295403
|move|p2a: Samurott|Ceaseless Edge|p1a: Pinch
|-damage|p1a: Pinch|7/100 tox
|-sidestart|p1: notmeezo|Spikes
|move|p1a: Pinch|Earthquake|p2a: Samurott
|-damage|p2a: Samurott|54/100
|
|-heal|p1a: Pinch|19/100 tox|[from] ability: Poison Heal
|upkeep
|turn|16
|
|t:|1758295408
|move|p1a: Pinch|Protect|p1a: Pinch
|-singleturn|p1a: Pinch|Protect
|move|p2a: Samurott|Ceaseless Edge|p1a: Pinch
|-activate|p1a: Pinch|move: Protect
|
|-heal|p1a: Pinch|32/100 tox|[from] ability: Poison Heal
|upkeep
|turn|17
|inactive|notmeezo has 120 seconds left.
|
|t:|1758295430
|switch|p1a: Mystic|Ogerpon-Wellspring, F|84/100
|-damage|p1a: Mystic|72/100|[from] Stealth Rock
|-damage|p1a: Mystic|59/100|[from] Spikes
|move|p2a: Samurott|Ceaseless Edge|p1a: Mystic
|-damage|p1a: Mystic|0 fnt
|-sidestart|p1: notmeezo|Spikes
|faint|p1a: Mystic
|
|upkeep
|
|t:|1758295437
|switch|p1a: Fuzzy|Serperior, M|100/100
|-damage|p1a: Fuzzy|88/100|[from] Stealth Rock
|-damage|p1a: Fuzzy|72/100|[from] Spikes
|turn|18
|
|t:|1758295442
|switch|p2a: Heatran|Heatran, M|91/100
|move|p1a: Fuzzy|Leaf Storm|p2a: Heatran
|-resisted|p2a: Heatran
|-damage|p2a: Heatran|85/100
|-boost|p1a: Fuzzy|spa|2
|
|-heal|p1a: Fuzzy|78/100|[from] item: Leftovers
|-heal|p2a: Heatran|91/100|[from] item: Leftovers
|upkeep
|turn|19
|
|t:|1758295449
|-terastallize|p1a: Fuzzy|Electric
|move|p1a: Fuzzy|Leaf Storm|p2a: Heatran
|-resisted|p2a: Heatran
|-damage|p2a: Heatran|78/100
|-boost|p1a: Fuzzy|spa|2
|move|p2a: Heatran|Magma Storm|p1a: Fuzzy
|-damage|p1a: Fuzzy|32/100
|-activate|p1a: Fuzzy|move: Magma Storm|[of] p2a: Heatran
|
|-heal|p1a: Fuzzy|38/100|[from] item: Leftovers
|-heal|p2a: Heatran|85/100|[from] item: Leftovers
|-damage|p1a: Fuzzy|25/100|[from] move: Magma Storm|[partiallytrapped]
|upkeep
|turn|20
|
|t:|1758295458
|move|p1a: Fuzzy|Tera Blast|p2a: Heatran|[anim] Tera Blast Electric
|-damage|p2a: Heatran|31/100
|move|p2a: Heatran|Earth Power|p1a: Fuzzy
|-supereffective|p1a: Fuzzy
|-damage|p1a: Fuzzy|0 fnt
|faint|p1a: Fuzzy
|
|-heal|p2a: Heatran|38/100|[from] item: Leftovers
|upkeep
|-message|notmeezo forfeited.
|
|win|supersplinter
|raw|notmeezo's rating: 1381 &rarr; <strong>1363</strong><br />(-18 for losing)
|raw|supersplinter's rating: 1422 &rarr; <strong>1440</strong><br />(+18 for winning)
|l|☆notmeezo
|player|p1|
|l|☆supersplinter
|player|p2|
