|j|☆StickyBucciarati
|j|☆ccncn123
|t:|1758291729
|gametype|singles
|player|p1|StickyBucciarati|roxie|1356
|player|p2|ccncn123|swimmerf-gen4|1396
|gen|9
|tier|[Gen 9] OU
|rated|
|rule|HP Percentage Mod: HP is shown in percentages
|rule|Endless Battle Clause: Forcing endless battles is banned
|rule|Species Clause: Limit one of each Pokémon
|rule|OHKO Clause: OHKO moves are banned
|rule|Evasion Items Clause: Evasion items are banned
|rule|Evasion Moves Clause: Evasion moves are banned
|rule|Evasion Abilities Clause: Evasion abilities are banned
|rule|Sleep Moves Clause: Sleep-inducing moves are banned
|clearpoke
|poke|p1|Ting-Lu|
|poke|p1|Iron Hands|
|poke|p1|Alomomola, M|
|poke|p1|Drifblim, F|
|poke|p1|Kyurem|
|poke|p1|Scizor, M|
|poke|p2|Great Tusk|
|poke|p2|Cinderace, F|
|poke|p2|Gholdengo|
|poke|p2|Pecharunt|
|poke|p2|Kingambit, F|
|poke|p2|Primarina, F|
|teampreview
|inactive|Battle timer is ON: inactive players will automatically lose when time's up. (requested by StickyBucciarati)
|inactive|ccncn123 also wants the timer to be on.
|
|t:|1758291755
|teamsize|p1|6
|teamsize|p2|6
|start
|switch|p1a: Kyurem|Kyurem|100/100
|switch|p2a: Primarina|Primarina, F|100/100
|-ability|p1a: Kyurem|Pressure
|turn|1
|
|t:|1758291784
|move|p1a: Kyurem|Freeze-Dry|p2a: Primarina
|-supereffective|p2a: Primarina
|-damage|p2a: Primarina|60/100
|move|p2a: Primarina|Moonblast|p1a: Kyurem
|-supereffective|p1a: Kyurem
|-damage|p1a: Kyurem|2/100
|
|upkeep
|turn|2
|
|t:|1758291793
|switch|p1a: Scizor|Scizor, M|100/100
|move|p2a: Primarina|Aqua Jet|p1a: Scizor
|-damage|p1a: Scizor|91/100
|
|-heal|p1a: Scizor|98/100|[from] item: Leftovers
|upkeep
|turn|3
|
|t:|1758291802
|switch|p2a: Great Tusk|Great Tusk|100/100
|move|p1a: Scizor|Knock Off|p2a: Great Tusk
|-resisted|p2a: Great Tusk
|-damage|p2a: Great Tusk|86/100
|-damage|p1a: Scizor|81/100|[from] item: Rocky Helmet|[of] p2a: Great Tusk
|-enditem|p2a: Great Tusk|Rocky Helmet|[from] move: Knock Off|[of] p1a: Scizor
|
|-heal|p1a: Scizor|87/100|[from] item: Leftovers
|upkeep
|turn|4
|
|t:|1758291817
|switch|p1a: Alomomola|Alomomola, M|100/100
|move|p2a: Great Tusk|Stealth Rock|p1a: Alomomola
|-sidestart|p1: StickyBucciarati|move: Stealth Rock
|
|upkeep
|turn|5
|
|t:|1758291832
|move|p2a: Great Tusk|Knock Off|p1a: Alomomola
|-damage|p1a: Alomomola|80/100
|-enditem|p1a: Alomomola|Heavy-Duty Boots|[from] move: Knock Off|[of] p2a: Great Tusk
|move|p1a: Alomomola|Scald|p2a: Great Tusk
|-supereffective|p2a: Great Tusk
|-damage|p2a: Great Tusk|48/100
|
|upkeep
|turn|6
|
|t:|1758291842
|-end|p2a: Great Tusk|Protosynthesis|[silent]
|switch|p2a: Primarina|Primarina, F|60/100
|move|p1a: Alomomola|Flip Turn|p2a: Primarina
|-resisted|p2a: Primarina
|-damage|p2a: Primarina|52/100
|
|t:|1758291847
|switch|p1a: Scizor|Scizor, M|87/100|[from] Flip Turn
|-damage|p1a: Scizor|75/100|[from] Stealth Rock
|
|-heal|p1a: Scizor|81/100|[from] item: Leftovers
|upkeep
|turn|7
|
|t:|1758291854
|switch|p2a: Great Tusk|Great Tusk|48/100
|move|p1a: Scizor|Defog|p2a: Great Tusk
|-unboost|p2a: Great Tusk|evasion|1
|-sideend|p1: StickyBucciarati|Stealth Rock|[from] move: Defog|[of] p1a: Scizor
|
|-heal|p1a: Scizor|87/100|[from] item: Leftovers
|upkeep
|turn|8
|
|t:|1758291860
|move|p1a: Scizor|Bullet Punch|p2a: Great Tusk
|-damage|p2a: Great Tusk|24/100
|move|p2a: Great Tusk|Stealth Rock|p1a: Scizor
|-sidestart|p1: StickyBucciarati|move: Stealth Rock
|
|-heal|p1a: Scizor|93/100|[from] item: Leftovers
|upkeep
|turn|9
|
|t:|1758291866
|-end|p2a: Great Tusk|Protosynthesis|[silent]
|switch|p2a: Cinderace|Cinderace, F|100/100
|move|p1a: Scizor|Defog|p2a: Cinderace
|-unboost|p2a: Cinderace|evasion|1
|-sideend|p1: StickyBucciarati|Stealth Rock|[from] move: Defog|[of] p1a: Scizor
|
|-heal|p1a: Scizor|99/100|[from] item: Leftovers
|upkeep
|turn|10
|
|t:|1758291877
|switch|p1a: Alomomola|Alomomola, M|100/100
|move|p2a: Cinderace|Pyro Ball|p1a: Alomomola
|-resisted|p1a: Alomomola
|-damage|p1a: Alomomola|83/100
|
|upkeep
|turn|11
|
|t:|1758291882
|move|p2a: Cinderace|U-turn|p1a: Alomomola
|-start|p2a: Cinderace|typechange|Bug|[from] ability: Libero
|-damage|p1a: Alomomola|64/100
|
|t:|1758291884
|switch|p2a: Pecharunt|Pecharunt|100/100|[from] U-turn
|move|p1a: Alomomola|Flip Turn|p2a: Pecharunt
|-damage|p2a: Pecharunt|91/100
|
|t:|1758291898
|switch|p1a: Drifblim|Drifblim, F|100/100|[from] Flip Turn
|
|-status|p1a: Drifblim|brn|[from] item: Flame Orb
|upkeep
|turn|12
|
|t:|1758291909
|switch|p2a: Primarina|Primarina, F|52/100
|move|p1a: Drifblim|Shadow Ball|p2a: Primarina
|-damage|p2a: Primarina|24/100
|
|-damage|p1a: Drifblim|94/100 brn|[from] brn
|upkeep
|turn|13
|
|t:|1758291919
|move|p1a: Drifblim|Calm Mind|p1a: Drifblim
|-boost|p1a: Drifblim|spa|1
|-boost|p1a: Drifblim|spd|1
|move|p2a: Primarina|Moonblast|p1a: Drifblim
|-damage|p1a: Drifblim|57/100 brn
|
|-damage|p1a: Drifblim|50/100 brn|[from] brn
|upkeep
|turn|14
|
|t:|1758291925
|move|p1a: Drifblim|Shadow Ball|p2a: Primarina
|-damage|p2a: Primarina|0 fnt
|faint|p2a: Primarina
|
|-damage|p1a: Drifblim|44/100 brn|[from] brn
|upkeep
|
|t:|1758291930
|switch|p2a: Kingambit|Kingambit, F|100/100
|-activate|p2a: Kingambit|ability: Supreme Overlord
|-start|p2a: Kingambit|fallen1|[silent]
|turn|15
|
|t:|1758291935
|-terastallize|p1a: Drifblim|Fighting
|move|p2a: Kingambit|Sucker Punch||[still]
|-fail|p2a: Kingambit
|move|p1a: Drifblim|Strength Sap|p2a: Kingambit
|-unboost|p2a: Kingambit|atk|1
|-heal|p1a: Drifblim|100/100 brn
|
|-damage|p1a: Drifblim|94/100 brn|[from] brn
|upkeep
|turn|16
|
|t:|1758291951
|move|p1a: Drifblim|Tera Blast|p2a: Kingambit|[anim] Tera Blast Fighting
|-supereffective|p2a: Kingambit
|-damage|p2a: Kingambit|0 fnt
|faint|p2a: Kingambit
|-end|p2a: Kingambit|fallen1|[silent]
|
|-damage|p1a: Drifblim|88/100 brn|[from] brn
|upkeep
|
|t:|1758291957
|switch|p2a: Pecharunt|Pecharunt|91/100
|turn|17
|
|t:|1758291961
|move|p2a: Pecharunt|Shadow Ball|p1a: Drifblim
|-damage|p1a: Drifblim|71/100 brn
|move|p1a: Drifblim|Shadow Ball|p2a: Pecharunt
|-supereffective|p2a: Pecharunt
|-damage|p2a: Pecharunt|0 fnt
|faint|p2a: Pecharunt
|
|-damage|p1a: Drifblim|65/100 brn|[from] brn
|upkeep
|-message|ccncn123 forfeited.
|
|win|StickyBucciarati
|raw|StickyBucciarati's rating: 1356 &rarr; <strong>1378</strong><br />(+22 for winning)
|raw|ccncn123's rating: 1396 &rarr; <strong>1374</strong><br />(-22 for losing)
|l|☆ccncn123
|player|p2|
