|j|☆EllieMinibot
|j|☆jinu55
|t:|1758261249
|gametype|singles
|player|p1|EllieMinibot|veteranf|1330
|player|p2|jinu55|byron|1334
|gen|9
|tier|[Gen 9] OU
|rated|
|rule|HP Percentage Mod: HP is shown in percentages
|rule|Endless Battle Clause: Forcing endless battles is banned
|rule|Species Clause: Limit one of each Pokémon
|rule|OHKO Clause: OHKO moves are banned
|rule|Evasion Items Clause: Evasion items are banned
|rule|Evasion Moves Clause: Evasion moves are banned
|rule|Evasion Abilities Clause: Evasion abilities are banned
|rule|Sleep Moves Clause: Sleep-inducing moves are banned
|clearpoke
|poke|p1|Ursaluna, F|
|poke|p1|Gliscor, F|
|poke|p1|Ogerpon-Wellspring, F|
|poke|p1|Kingambit, M|
|poke|p1|Glimmora, M|
|poke|p1|Cinderace, F|
|poke|p2|Hitmonlee, M|
|poke|p2|Azumarill, F|
|poke|p2|Blaziken, F|
|poke|p2|Meowscarada, F|
|poke|p2|Donphan, M|
|poke|p2|Dragonite, M|
|teampreview
|inactive|Battle timer is ON: inactive players will automatically lose when time's up. (requested by jinu55)
|
|t:|1758261259
|teamsize|p1|6
|teamsize|p2|6
|start
|switch|p1a: Glimmora|Glimmora, M|100/100
|switch|p2a: Azumarill|Azumarill, F|100/100
|turn|1
|
|t:|1758261263
|-terastallize|p2a: Azumarill|Steel
|move|p1a: Glimmora|Meteor Beam||[still]
|-prepare|p1a: Glimmora|Meteor Beam
|-boost|p1a: Glimmora|spa|1
|-enditem|p1a: Glimmora|Power Herb
|-anim|p1a: Glimmora|Meteor Beam|p2a: Azumarill
|-resisted|p2a: Azumarill
|-damage|p2a: Azumarill|52/100
|move|p2a: Azumarill|Belly Drum|p2a: Azumarill
|-damage|p2a: Azumarill|2/100
|-setboost|p2a: Azumarill|atk|6|[from] move: Belly Drum
|-enditem|p2a: Azumarill|Sitrus Berry|[eat]
|-heal|p2a: Azumarill|27/100|[from] item: Sitrus Berry
|
|upkeep
|turn|2
|
|t:|1758261282
|move|p1a: Glimmora|Earth Power|p2a: Azumarill
|-supereffective|p2a: Azumarill
|-damage|p2a: Azumarill|0 fnt
|faint|p2a: Azumarill
|
|upkeep
|
|t:|1758261290
|switch|p2a: Meowscarada|Meowscarada, F|100/100
|turn|3
|
|t:|1758261300
|move|p2a: Meowscarada|Flower Trick|p1a: Glimmora
|-crit|p1a: Glimmora
|-damage|p1a: Glimmora|43/100
|-activate|p1a: Glimmora|ability: Toxic Debris
|-sidestart|p2: jinu55|move: Toxic Spikes
|move|p1a: Glimmora|Sludge Wave|p2a: Meowscarada
|-supereffective|p2a: Meowscarada
|-enditem|p2a: Meowscarada|Focus Sash
|-damage|p2a: Meowscarada|1/100
|
|upkeep
|turn|4
|inactive|EllieMinibot has 120 seconds left.
|inactive|EllieMinibot has 90 seconds left.
|inactive|EllieMinibot has 60 seconds left.
|inactive|EllieMinibot has 30 seconds left.
|
|t:|1758261422
|switch|p1a: Gliscor|Gliscor, F|100/100
|move|p2a: Meowscarada|Flower Trick|p1a: Gliscor
|-crit|p1a: Gliscor
|-damage|p1a: Gliscor|55/100
|
|-status|p1a: Gliscor|tox|[from] item: Toxic Orb
|upkeep
|turn|5
|
|t:|1758261429
|move|p1a: Gliscor|Protect|p1a: Gliscor
|-singleturn|p1a: Gliscor|Protect
|move|p2a: Meowscarada|Triple Axel|p1a: Gliscor
|-activate|p1a: Gliscor|move: Protect
|
|-heal|p1a: Gliscor|68/100 tox|[from] ability: Poison Heal
|upkeep
|turn|6
|inactive|EllieMinibot has 30 seconds left.
|
|t:|1758261449
|switch|p1a: Glimmora|Glimmora, M|43/100
|move|p2a: Meowscarada|Flower Trick|p1a: Glimmora
|-crit|p1a: Glimmora
|-damage|p1a: Glimmora|0 fnt
|-activate|p1a: Glimmora|ability: Toxic Debris
|-sidestart|p2: jinu55|move: Toxic Spikes
|faint|p1a: Glimmora
|
|upkeep
|inactive|EllieMinibot has 30 seconds left this turn.
|inactive|EllieMinibot has 20 seconds left.
|inactive|EllieMinibot has 15 seconds left.
|
|t:|1758261465
|switch|p1a: Ogerpon|Ogerpon-Wellspring, F|100/100
|turn|7
|inactive|EllieMinibot has 25 seconds left this turn.
|
|t:|1758261472
|move|p1a: Ogerpon|Spiky Shield|p1a: Ogerpon
|-singleturn|p1a: Ogerpon|move: Protect
|move|p2a: Meowscarada|Flower Trick|p1a: Ogerpon
|-activate|p1a: Ogerpon|move: Protect
|
|upkeep
|turn|8
|inactive|EllieMinibot has 30 seconds left.
|
|t:|1758261483
|move|p2a: Meowscarada|Flower Trick|p1a: Ogerpon
|-crit|p1a: Ogerpon
|-damage|p1a: Ogerpon|0 fnt
|faint|p1a: Ogerpon
|
|upkeep
|inactive|EllieMinibot has 30 seconds left this turn.
|
|t:|1758261490
|switch|p1a: Kingambit|Kingambit, M|100/100
|-activate|p1a: Kingambit|ability: Supreme Overlord
|-start|p1a: Kingambit|fallen2|[silent]
|turn|9
|
|t:|1758261493
|move|p1a: Kingambit|Sucker Punch|p2a: Meowscarada
|-resisted|p2a: Meowscarada
|-damage|p2a: Meowscarada|0 fnt
|faint|p2a: Meowscarada
|
|upkeep
|
|t:|1758261497
|switch|p2a: Donphan|Donphan, M|100/100
|turn|10
|
|t:|1758261506
|-end|p1a: Kingambit|fallen2|[silent]
|switch|p1a: Gliscor|Gliscor, F|68/100 tox
|move|p2a: Donphan|Rapid Spin|p1a: Gliscor
|-damage|p1a: Gliscor|56/100 tox
|-boost|p2a: Donphan|spe|1
|-sideend|p2: jinu55|Toxic Spikes|[from] move: Rapid Spin|[of] p2a: Donphan
|
|-heal|p1a: Gliscor|68/100 tox|[from] ability: Poison Heal
|upkeep
|turn|11
|
|t:|1758261512
|move|p2a: Donphan|Ice Shard|p1a: Gliscor
|-supereffective|p1a: Gliscor
|-damage|p1a: Gliscor|33/100 tox
|move|p1a: Gliscor|Knock Off|p2a: Donphan
|-damage|p2a: Donphan|83/100
|-enditem|p2a: Donphan|Heavy-Duty Boots|[from] move: Knock Off|[of] p1a: Gliscor
|
|-heal|p1a: Gliscor|46/100 tox|[from] ability: Poison Heal
|upkeep
|turn|12
|
|t:|1758261519
|move|p1a: Gliscor|Protect|p1a: Gliscor
|-singleturn|p1a: Gliscor|Protect
|move|p2a: Donphan|Ice Shard|p1a: Gliscor
|-activate|p1a: Gliscor|move: Protect
|
|-heal|p1a: Gliscor|58/100 tox|[from] ability: Poison Heal
|upkeep
|turn|13
|inactive|EllieMinibot has 60 seconds left.
|
|t:|1758261526
|move|p2a: Donphan|Ice Shard|p1a: Gliscor
|-supereffective|p1a: Gliscor
|-damage|p1a: Gliscor|19/100 tox
|move|p1a: Gliscor|Spikes|p2a: Donphan
|-sidestart|p2: jinu55|Spikes
|
|-heal|p1a: Gliscor|32/100 tox|[from] ability: Poison Heal
|upkeep
|turn|14
|
|t:|1758261530
|move|p1a: Gliscor|Protect|p1a: Gliscor
|-singleturn|p1a: Gliscor|Protect
|move|p2a: Donphan|Stealth Rock|p1a: Gliscor
|-sidestart|p1: EllieMinibot|move: Stealth Rock
|
|-heal|p1a: Gliscor|44/100 tox|[from] ability: Poison Heal
|upkeep
|turn|15
|
|t:|1758261534
|switch|p1a: Ursaluna|Ursaluna, F|100/100
|-damage|p1a: Ursaluna|94/100|[from] Stealth Rock
|move|p2a: Donphan|Ice Shard|p1a: Ursaluna
|-supereffective|p1a: Ursaluna
|-damage|p1a: Ursaluna|73/100
|
|-status|p1a: Ursaluna|brn|[from] item: Flame Orb
|upkeep
|turn|16
|
|t:|1758261541
|move|p2a: Donphan|Earthquake|p1a: Ursaluna
|-damage|p1a: Ursaluna|34/100 brn
|move|p1a: Ursaluna|Bulk Up|p1a: Ursaluna
|-boost|p1a: Ursaluna|atk|1
|-boost|p1a: Ursaluna|def|1
|
|-damage|p1a: Ursaluna|28/100 brn|[from] brn
|upkeep
|turn|17
|inactive|EllieMinibot has 90 seconds left.
|
|t:|1758261548
|move|p2a: Donphan|Earthquake|p1a: Ursaluna
|-damage|p1a: Ursaluna|2/100 brn
|move|p1a: Ursaluna|Drain Punch|p2a: Donphan
|-damage|p2a: Donphan|35/100
|-heal|p1a: Ursaluna|19/100 brn|[from] drain|[of] p2a: Donphan
|
|-damage|p1a: Ursaluna|13/100 brn|[from] brn
|upkeep
|turn|18
|
|t:|1758261556
|move|p2a: Donphan|Earthquake|p1a: Ursaluna
|-damage|p1a: Ursaluna|0 fnt
|faint|p1a: Ursaluna
|
|upkeep
|
|t:|1758261564
|switch|p1a: Gliscor|Gliscor, F|44/100 tox
|-damage|p1a: Gliscor|32/100 tox|[from] Stealth Rock
|turn|19
|
|t:|1758261567
|move|p2a: Donphan|Ice Shard|p1a: Gliscor
|-supereffective|p1a: Gliscor
|-damage|p1a: Gliscor|0 fnt
|faint|p1a: Gliscor
|
|upkeep
|
|t:|1758261570
|switch|p1a: Cinderace|Cinderace, F|100/100
|turn|20
|
|t:|1758261573
|-terastallize|p1a: Cinderace|Fire
|move|p1a: Cinderace|Pyro Ball|p2a: Donphan
|-damage|p2a: Donphan|0 fnt
|faint|p2a: Donphan
|
|upkeep
|
|t:|1758261578
|switch|p2a: Hitmonlee|Hitmonlee, M|100/100
|-damage|p2a: Hitmonlee|88/100|[from] Spikes
|turn|21
|
|t:|1758261583
|move|p1a: Cinderace|Pyro Ball|p2a: Hitmonlee
|-damage|p2a: Hitmonlee|0 fnt
|faint|p2a: Hitmonlee
|
|upkeep
|
|t:|1758261590
|switch|p2a: Blaziken|Blaziken, F|100/100
|-damage|p2a: Blaziken|88/100|[from] Spikes
|turn|22
|
|t:|1758261594
|move|p2a: Blaziken|Protect|p2a: Blaziken
|-singleturn|p2a: Blaziken|Protect
|move|p1a: Cinderace|Pyro Ball|p2a: Blaziken
|-activate|p2a: Blaziken|move: Protect
|
|-ability|p2a: Blaziken|Speed Boost|boost
|-boost|p2a: Blaziken|spe|1
|upkeep
|turn|23
|
|t:|1758261601
|move|p2a: Blaziken|Close Combat|p1a: Cinderace
|-damage|p1a: Cinderace|0 fnt
|-unboost|p2a: Blaziken|def|1
|-unboost|p2a: Blaziken|spd|1
|faint|p1a: Cinderace
|-damage|p2a: Blaziken|78/100|[from] item: Life Orb
|
|-ability|p2a: Blaziken|Speed Boost|boost
|-boost|p2a: Blaziken|spe|1
|upkeep
|
|t:|1758261605
|switch|p1a: Kingambit|Kingambit, M|100/100
|-damage|p1a: Kingambit|94/100|[from] Stealth Rock
|-activate|p1a: Kingambit|ability: Supreme Overlord
|-start|p1a: Kingambit|fallen5|[silent]
|turn|24
|
|t:|1758261609
|move|p2a: Blaziken|Swords Dance|p2a: Blaziken
|-boost|p2a: Blaziken|atk|2
|move|p1a: Kingambit|Swords Dance|p1a: Kingambit
|-boost|p1a: Kingambit|atk|2
|
|-heal|p1a: Kingambit|100/100|[from] item: Leftovers
|-ability|p2a: Blaziken|Speed Boost|boost
|-boost|p2a: Blaziken|spe|1
|upkeep
|turn|25
|
|t:|1758261615
|move|p2a: Blaziken|Protect|p2a: Blaziken
|-singleturn|p2a: Blaziken|Protect
|move|p1a: Kingambit|Sucker Punch||[still]
|-fail|p1a: Kingambit
|
|-ability|p2a: Blaziken|Speed Boost|boost
|-boost|p2a: Blaziken|spe|1
|upkeep
|turn|26
|
|t:|1758261619
|move|p2a: Blaziken|Close Combat|p1a: Kingambit
|-supereffective|p1a: Kingambit
|-damage|p1a: Kingambit|0 fnt
|-unboost|p2a: Blaziken|def|1
|-unboost|p2a: Blaziken|spd|1
|faint|p1a: Kingambit
|-end|p1a: Kingambit|fallen5|[silent]
|-damage|p2a: Blaziken|68/100|[from] item: Life Orb
|
|win|jinu55
|raw|EllieMinibot's rating: 1330 &rarr; <strong>1310</strong><br />(-20 for losing)
|raw|jinu55's rating: 1334 &rarr; <strong>1354</strong><br />(+20 for winning)
|l|☆EllieMinibot
|player|p1|
