|j|☆RelecX
|j|☆vikxzi
|t:|1758318956
|gametype|singles
|player|p1|RelecX|backersf|1000
|player|p2|vikxzi|101|1035
|gen|9
|tier|[Gen 9] OU
|rated|
|rule|HP Percentage Mod: HP is shown in percentages
|rule|Endless Battle Clause: Forcing endless battles is banned
|rule|Species Clause: Limit one of each Pokémon
|rule|OHKO Clause: OHKO moves are banned
|rule|Evasion Items Clause: Evasion items are banned
|rule|Evasion Moves Clause: Evasion moves are banned
|rule|Evasion Abilities Clause: Evasion abilities are banned
|rule|Sleep Moves Clause: Sleep-inducing moves are banned
|clearpoke
|poke|p1|Garganacl, M|
|poke|p1|Empoleon, M|
|poke|p1|Arcanine-Hisui, F|
|poke|p1|Hatterene, F|
|poke|p1|Rillaboom, F|
|poke|p1|Sandy Shocks|
|poke|p2|Blaziken, M|
|poke|p2|Landorus-Therian, M|
|poke|p2|Cetitan, M|
|poke|p2|Meowscarada, F|
|poke|p2|Slowking, M|
|poke|p2|Gholdengo|
|teampreview
|
|t:|1758318967
|teamsize|p1|6
|teamsize|p2|6
|start
|switch|p1a: Garganacl|Garganacl, M, shiny|100/100
|switch|p2a: Landorus|Landorus-Therian, M|100/100
|-ability|p2a: Landorus|Intimidate|boost
|-unboost|p1a: Garganacl|atk|1
|turn|1
|
|t:|1758318978
|move|p2a: Landorus|Earth Power|p1a: Garganacl
|-supereffective|p1a: Garganacl
|-damage|p1a: Garganacl|60/100
|move|p1a: Garganacl|Salt Cure|p2a: Landorus
|-damage|p2a: Landorus|92/100
|-start|p2a: Landorus|Salt Cure
|
|-heal|p1a: Garganacl|67/100|[from] item: Leftovers
|-damage|p2a: Landorus|79/100|[from] Salt Cure
|upkeep
|turn|2
|
|t:|1758318987
|move|p2a: Landorus|Taunt|p1a: Garganacl
|-start|p1a: Garganacl|move: Taunt
|cant|p1a: Garganacl|move: Taunt|Stealth Rock
|
|-heal|p1a: Garganacl|73/100|[from] item: Leftovers
|-damage|p2a: Landorus|67/100|[from] Salt Cure
|upkeep
|turn|3
|
|t:|1758318998
|switch|p1a: Hatterene|Hatterene, F, shiny|100/100
|move|p2a: Landorus|Stealth Rock|p1a: Hatterene
|move|p1a: Hatterene|Stealth Rock|p2a: Landorus|[from] ability: Magic Bounce
|-sidestart|p2: vikxzi|move: Stealth Rock
|
|-damage|p2a: Landorus|55/100|[from] Salt Cure
|upkeep
|turn|4
|
|t:|1758319007
|move|p2a: Landorus|U-turn|p1a: Hatterene
|-damage|p1a: Hatterene|78/100
|-damage|p2a: Landorus|38/100|[from] item: Rocky Helmet|[of] p1a: Hatterene
|
|t:|1758319015
|switch|p2a: Gholdengo|Gholdengo|100/100|[from] U-turn
|-damage|p2a: Gholdengo|94/100|[from] Stealth Rock
|move|p1a: Hatterene|Psychic|p2a: Gholdengo
|-resisted|p2a: Gholdengo
|-damage|p2a: Gholdengo|64/100
|
|upkeep
|turn|5
|
|t:|1758319023
|switch|p1a: Empoleon|Empoleon, M, shiny|100/100
|move|p2a: Gholdengo|Make It Rain|p1a: Empoleon
|-resisted|p1a: Empoleon
|-damage|p1a: Empoleon|87/100
|-unboost|p2a: Gholdengo|spa|1
|
|upkeep
|turn|6
|
|t:|1758319033
|switch|p2a: Slowking|Slowking, M|100/100
|move|p1a: Empoleon|Surf|p2a: Slowking
|-resisted|p2a: Slowking
|-damage|p2a: Slowking|75/100
|
|upkeep
|turn|7
|
|t:|1758319043
|switch|p1a: Rillaboom|Rillaboom, F|100/100
|-fieldstart|move: Grassy Terrain|[from] ability: Grassy Surge|[of] p1a: Rillaboom
|-prepare|p2a: Slowking|Chilly Reception|[premajor]
|move|p2a: Slowking|Chilly Reception|p2a: Slowking
|-weather|Snowscape
|
|t:|1758319051
|switch|p2a: Cetitan|Cetitan, M|100/100|[from] Chilly Reception
|-damage|p2a: Cetitan|76/100|[from] Stealth Rock
|
|-weather|Snowscape|[upkeep]
|-heal|p2a: Cetitan|82/100|[from] Grassy Terrain
|upkeep
|turn|8
|
|t:|1758319059
|-terastallize|p1a: Rillaboom|Grass
|move|p1a: Rillaboom|Grassy Glide|p2a: Cetitan
|-damage|p2a: Cetitan|32/100
|-enditem|p2a: Cetitan|Sitrus Berry|[eat]
|-heal|p2a: Cetitan|57/100|[from] item: Sitrus Berry
|move|p2a: Cetitan|Belly Drum|p2a: Cetitan
|-damage|p2a: Cetitan|7/100
|-setboost|p2a: Cetitan|atk|6|[from] move: Belly Drum
|
|-weather|Snowscape|[upkeep]
|-heal|p2a: Cetitan|13/100|[from] Grassy Terrain
|upkeep
|turn|9
|
|t:|1758319078
|move|p1a: Rillaboom|Grassy Glide|p2a: Cetitan
|-damage|p2a: Cetitan|0 fnt
|faint|p2a: Cetitan
|
|-weather|Snowscape|[upkeep]
|upkeep
|
|t:|1758319089
|switch|p2a: Gholdengo|Gholdengo|64/100
|-damage|p2a: Gholdengo|58/100|[from] Stealth Rock
|turn|10
|
|t:|1758319093
|move|p1a: Rillaboom|Grassy Glide|p2a: Gholdengo
|-resisted|p2a: Gholdengo
|-damage|p2a: Gholdengo|16/100
|move|p2a: Gholdengo|Thunderbolt|p1a: Rillaboom
|-resisted|p1a: Rillaboom
|-damage|p1a: Rillaboom|80/100
|
|-weather|Snowscape|[upkeep]
|-heal|p2a: Gholdengo|22/100|[from] Grassy Terrain
|-heal|p1a: Rillaboom|86/100|[from] Grassy Terrain
|upkeep
|turn|11
|
|t:|1758319102
|move|p1a: Rillaboom|Grassy Glide|p2a: Gholdengo
|-resisted|p2a: Gholdengo
|-damage|p2a: Gholdengo|0 fnt
|faint|p2a: Gholdengo
|
|-weather|none
|-heal|p1a: Rillaboom|92/100|[from] Grassy Terrain
|-fieldend|move: Grassy Terrain
|upkeep
|
|t:|1758319113
|switch|p2a: Blaziken|Blaziken, M, shiny|100/100
|-damage|p2a: Blaziken|88/100|[from] Stealth Rock
|turn|12
|
|t:|1758319124
|switch|p1a: Garganacl|Garganacl, M, shiny|73/100
|move|p2a: Blaziken|Knock Off|p1a: Garganacl
|-damage|p1a: Garganacl|40/100
|-enditem|p1a: Garganacl|Leftovers|[from] move: Knock Off|[of] p2a: Blaziken
|-damage|p2a: Blaziken|78/100|[from] item: Life Orb
|
|-ability|p2a: Blaziken|Speed Boost|boost
|-boost|p2a: Blaziken|spe|1
|upkeep
|turn|13
|
|t:|1758319133
|move|p2a: Blaziken|Close Combat|p1a: Garganacl
|-supereffective|p1a: Garganacl
|-damage|p1a: Garganacl|0 fnt
|-unboost|p2a: Blaziken|def|1
|-unboost|p2a: Blaziken|spd|1
|faint|p1a: Garganacl
|-damage|p2a: Blaziken|68/100|[from] item: Life Orb
|
|-ability|p2a: Blaziken|Speed Boost|boost
|-boost|p2a: Blaziken|spe|1
|upkeep
|
|t:|1758319136
|switch|p1a: Arcanine|Arcanine-Hisui, F, shiny|100/100
|turn|14
|
|t:|1758319148
|move|p2a: Blaziken|Close Combat|p1a: Arcanine
|-supereffective|p1a: Arcanine
|-enditem|p1a: Arcanine|Focus Sash
|-damage|p1a: Arcanine|1/100
|-unboost|p2a: Blaziken|def|1
|-unboost|p2a: Blaziken|spd|1
|-damage|p2a: Blaziken|58/100|[from] item: Life Orb
|move|p1a: Arcanine|Wild Charge|p2a: Blaziken
|-damage|p2a: Blaziken|0 fnt
|faint|p2a: Blaziken
|
|upkeep
|
|t:|1758319159
|switch|p2a: Landorus|Landorus-Therian, M|38/100
|-damage|p2a: Landorus|26/100|[from] Stealth Rock
|-ability|p2a: Landorus|Intimidate|boost
|-unboost|p1a: Arcanine|atk|1
|turn|15
|
|t:|1758319165
|move|p2a: Landorus|Earth Power|p1a: Arcanine
|-supereffective|p1a: Arcanine
|-damage|p1a: Arcanine|0 fnt
|faint|p1a: Arcanine
|
|upkeep
|
|t:|1758319170
|switch|p1a: Hatterene|Hatterene, F, shiny|78/100
|turn|16
|
|t:|1758319177
|move|p2a: Landorus|U-turn|p1a: Hatterene
|-crit|p1a: Hatterene
|-damage|p1a: Hatterene|44/100
|-damage|p2a: Landorus|9/100|[from] item: Rocky Helmet|[of] p1a: Hatterene
|
|t:|1758319185
|switch|p2a: Meowscarada|Meowscarada, F|100/100|[from] U-turn
|-damage|p2a: Meowscarada|88/100|[from] Stealth Rock
|move|p1a: Hatterene|Nuzzle|p2a: Meowscarada
|-resisted|p2a: Meowscarada
|-damage|p2a: Meowscarada|85/100
|-status|p2a: Meowscarada|par
|
|upkeep
|turn|17
|
|t:|1758319201
|move|p2a: Meowscarada|Triple Axel|p1a: Hatterene
|-start|p2a: Meowscarada|typechange|Ice|[from] ability: Protean
|-damage|p1a: Hatterene|29/100
|-damage|p2a: Meowscarada|69/100 par|[from] item: Rocky Helmet|[of] p1a: Hatterene
|-damage|p1a: Hatterene|0 fnt
|-damage|p2a: Meowscarada|52/100 par|[from] item: Rocky Helmet|[of] p1a: Hatterene
|faint|p1a: Hatterene
|-hitcount|p1: Hatterene|2
|
|upkeep
|
|t:|1758319204
|switch|p1a: Rillaboom|Rillaboom, F, tera:Grass|92/100
|-fieldstart|move: Grassy Terrain|[from] ability: Grassy Surge|[of] p1a: Rillaboom
|turn|18
|
|t:|1758319215
|switch|p2a: Slowking|Slowking, M|100/100
|move|p1a: Rillaboom|Grassy Glide|p2a: Slowking
|-supereffective|p2a: Slowking
|-damage|p2a: Slowking|0 fnt
|faint|p2a: Slowking
|
|-heal|p1a: Rillaboom|98/100|[from] Grassy Terrain
|upkeep
|
|t:|1758319225
|switch|p2a: Landorus|Landorus-Therian, M|9/100
|-damage|p2a: Landorus|0 fnt|[from] Stealth Rock
|faint|p2a: Landorus
|-message|vikxzi forfeited.
|
|win|RelecX
|raw|RelecX's rating: 1000 &rarr; <strong>1044</strong><br />(+44 for winning)
|raw|vikxzi's rating: 1035 &rarr; <strong>1018</strong><br />(-17 for losing)
|l|☆vikxzi
|player|p2|
