|j|☆djalove62
|j|☆heal_fire
|t:|1758360841
|gametype|singles
|player|p1|djalove62|waitress|1117
|player|p2|heal_fire|ghetsis|1188
|gen|9
|tier|[Gen 9] OU
|rated|
|rule|HP Percentage Mod: HP is shown in percentages
|rule|Endless Battle Clause: Forcing endless battles is banned
|rule|Species Clause: Limit one of each Pokémon
|rule|OHKO Clause: OHKO moves are banned
|rule|Evasion Items Clause: Evasion items are banned
|rule|Evasion Moves Clause: Evasion moves are banned
|rule|Evasion Abilities Clause: Evasion abilities are banned
|rule|Sleep Moves Clause: Sleep-inducing moves are banned
|clearpoke
|poke|p1|Reuniclus, M|
|poke|p1|Dragonite, M|
|poke|p1|Alomomola, M|
|poke|p1|Mandibuzz, F|
|poke|p1|Tornadus-Therian, M|
|poke|p1|Dipplin, M|
|poke|p2|Pelipper, M|
|poke|p2|Iron Treads|
|poke|p2|Ludicolo, M|
|poke|p2|Barraskewda, F|
|poke|p2|Raging Bolt|
|poke|p2|Overqwil, F|
|teampreview
|
|t:|1758360854
|teamsize|p1|6
|teamsize|p2|6
|start
|switch|p1a: Alomomola|Alomomola, M|100/100
|switch|p2a: Grosse mouette|Pelipper, M|100/100
|-weather|RainDance|[from] ability: Drizzle|[of] p2a: Grosse mouette
|turn|1
|c|☆heal_fire|you meanie stall user
|c|☆heal_fire|I got the power of rain and france on my side
|
|t:|1758360868
|move|p2a: Grosse mouette|U-turn|p1a: Alomomola
|-damage|p1a: Alomomola|96/100
|
|t:|1758360872
|switch|p2a: Ananas|Ludicolo, M|100/100|[from] U-turn
|move|p1a: Alomomola|Mirror Coat||[still]
|-fail|p1a: Alomomola
|
|-weather|RainDance|[upkeep]
|-heal|p1a: Alomomola|100/100|[from] item: Leftovers
|upkeep
|turn|2
|c|☆djalove62|ahh oui oui baguette
|
|t:|1758360887
|switch|p1a: Dipplin|Dipplin, M|100/100
|move|p2a: Ananas|Encore||[still]
|-fail|p2a: Ananas
|
|-weather|RainDance|[upkeep]
|upkeep
|turn|3
|
|t:|1758360894
|move|p2a: Ananas|Ice Beam|p1a: Dipplin
|-supereffective|p1a: Dipplin
|-damage|p1a: Dipplin|0 fnt
|faint|p1a: Dipplin
|-damage|p2a: Ananas|91/100|[from] item: Life Orb
|
|-weather|RainDance|[upkeep]
|upkeep
|
|t:|1758360900
|switch|p1a: Reuniclus|Reuniclus, M, shiny|100/100
|turn|4
|c|☆heal_fire|mais quelle indignité
|
|t:|1758360909
|move|p2a: Ananas|Hydro Pump|p1a: Reuniclus
|-damage|p1a: Reuniclus|40/100
|-damage|p2a: Ananas|81/100|[from] item: Life Orb
|move|p1a: Reuniclus|Future Sight|p2a: Ananas
|-start|p1a: Reuniclus|move: Future Sight
|
|-weather|RainDance|[upkeep]
|upkeep
|turn|5
|
|t:|1758360918
|switch|p1a: Alomomola|Alomomola, M|100/100
|move|p2a: Ananas|Hydro Pump|p1a: Alomomola
|-resisted|p1a: Alomomola
|-damage|p1a: Alomomola|42/100
|-damage|p2a: Ananas|71/100|[from] item: Life Orb
|
|-weather|RainDance|[upkeep]
|-heal|p1a: Alomomola|48/100|[from] item: Leftovers
|upkeep
|turn|6
|
|t:|1758360927
|move|p1a: Alomomola|Protect|p1a: Alomomola
|-singleturn|p1a: Alomomola|Protect
|move|p2a: Ananas|Giga Drain|p1a: Alomomola
|-activate|p1a: Alomomola|move: Protect
|
|-weather|RainDance|[upkeep]
|-end|p2a: Ananas|move: Future Sight
|-damage|p2a: Ananas|0 fnt
|faint|p2a: Ananas
|-heal|p1a: Alomomola|55/100|[from] item: Leftovers
|upkeep
|c|☆heal_fire|well
|c|☆heal_fire|that was not predicted
|
|t:|1758360937
|switch|p2a: Fugu|Overqwil, F|100/100
|turn|7
|
|t:|1758360947
|move|p2a: Fugu|Swords Dance|p2a: Fugu
|-boost|p2a: Fugu|atk|2
|move|p1a: Alomomola|Flip Turn|p2a: Fugu
|-damage|p2a: Fugu|74/100
|
|t:|1758360961
|switch|p1a: Dragonite|Dragonite, M|100/100|[from] Flip Turn
|
|-weather|RainDance|[upkeep]
|upkeep
|turn|8
|
|t:|1758360972
|-terastallize|p1a: Dragonite|Normal
|move|p1a: Dragonite|Extreme Speed|p2a: Fugu
|-damage|p2a: Fugu|17/100
|move|p2a: Fugu|Crunch|p1a: Dragonite
|-damage|p1a: Dragonite|47/100
|-unboost|p1a: Dragonite|def|1
|-damage|p2a: Fugu|7/100|[from] item: Life Orb
|
|-weather|none
|upkeep
|turn|9
|
|t:|1758360983
|switch|p1a: Alomomola|Alomomola, M|88/100
|move|p2a: Fugu|Crunch|p1a: Alomomola
|-damage|p1a: Alomomola|33/100
|-unboost|p1a: Alomomola|def|1
|-damage|p2a: Fugu|0 fnt|[from] item: Life Orb
|faint|p2a: Fugu
|
|-heal|p1a: Alomomola|39/100|[from] item: Leftovers
|upkeep
|
|t:|1758360988
|switch|p2a: Grosse mouette|Pelipper, M|100/100
|-weather|RainDance|[from] ability: Drizzle|[of] p2a: Grosse mouette
|turn|10
|
|t:|1758360998
|move|p1a: Alomomola|Wish|p1a: Alomomola
|move|p2a: Grosse mouette|U-turn|p1a: Alomomola
|-damage|p1a: Alomomola|32/100
|
|t:|1758361004
|switch|p2a: Assault vest|Raging Bolt|100/100|[from] U-turn
|
|-weather|RainDance|[upkeep]
|-heal|p1a: Alomomola|38/100|[from] item: Leftovers
|upkeep
|turn|11
|
|t:|1758361011
|switch|p1a: Reuniclus|Reuniclus, M, shiny|73/100
|move|p2a: Assault vest|Thunder|p1a: Reuniclus
|-damage|p1a: Reuniclus|19/100
|
|-weather|RainDance|[upkeep]
|-heal|p1a: Reuniclus|82/100|[from] move: Wish|[wisher] Alomomola
|upkeep
|turn|12
|
|t:|1758361032
|-terastallize|p2a: Assault vest|Electric
|move|p2a: Assault vest|Thunder|p1a: Reuniclus
|-damage|p1a: Reuniclus|7/100
|-status|p1a: Reuniclus|par
|move|p1a: Reuniclus|Future Sight|p2a: Assault vest
|-start|p1a: Reuniclus|move: Future Sight
|
|-weather|RainDance|[upkeep]
|upkeep
|turn|13
|
|t:|1758361049
|switch|p1a: Dragonite|Dragonite, M, tera:Normal|47/100
|move|p2a: Assault vest|Thunder|p1a: Dragonite
|-damage|p1a: Dragonite|0 fnt
|faint|p1a: Dragonite
|
|-weather|RainDance|[upkeep]
|upkeep
|
|t:|1758361057
|switch|p1a: Alomomola|Alomomola, M|71/100
|turn|14
|c|☆djalove62|hum
|
|t:|1758361067
|move|p1a: Alomomola|Protect|p1a: Alomomola
|-singleturn|p1a: Alomomola|Protect
|move|p2a: Assault vest|Thunder|p1a: Alomomola
|-activate|p1a: Alomomola|move: Protect
|
|-weather|RainDance|[upkeep]
|-end|p2a: Assault vest|move: Future Sight
|-damage|p2a: Assault vest|41/100
|-heal|p1a: Alomomola|77/100|[from] item: Leftovers
|upkeep
|turn|15
|c|☆heal_fire|yeah?
|
|t:|1758361096
|switch|p1a: Mandibuzz|Mandibuzz, F|100/100
|move|p2a: Assault vest|Thunder|p1a: Mandibuzz
|-supereffective|p1a: Mandibuzz
|-damage|p1a: Mandibuzz|0 fnt
|faint|p1a: Mandibuzz
|
|-weather|RainDance|[upkeep]
|upkeep
|
|t:|1758361104
|switch|p1a: Tornadus|Tornadus-Therian, M|100/100
|turn|16
|-message|djalove62 forfeited.
|
|win|heal_fire
|raw|djalove62's rating: 1117 &rarr; <strong>1097</strong><br />(-20 for losing)
|raw|heal_fire's rating: 1188 &rarr; <strong>1208</strong><br />(+20 for winning)
|l|☆djalove62
|player|p1|
|c|☆heal_fire|well gg
|l|☆heal_fire
|player|p2|
