|j|☆7th jim
|j|☆rookie22
|t:|1758232931
|gametype|singles
|player|p1|7th jim|brock|1702
|player|p2|rookie22|iris-gen5bw2|1709
|gen|9
|tier|[Gen 9] OU
|rated|
|rule|HP Percentage Mod: HP is shown in percentages
|rule|Endless Battle Clause: Forcing endless battles is banned
|rule|Species Clause: Limit one of each Pokémon
|rule|OHKO Clause: OHKO moves are banned
|rule|Evasion Items Clause: Evasion items are banned
|rule|Evasion Moves Clause: Evasion moves are banned
|rule|Evasion Abilities Clause: Evasion abilities are banned
|rule|Sleep Moves Clause: Sleep-inducing moves are banned
|clearpoke
|poke|p1|Ceruledge, M|
|poke|p1|Ting-Lu|
|poke|p1|Toxicroak, F|
|poke|p1|Raging Bolt|
|poke|p1|Ogerpon-Wellspring, F|
|poke|p1|Enamorus, F|
|poke|p2|Dragonite, M|
|poke|p2|Meowscarada, M|
|poke|p2|Keldeo|
|poke|p2|Iron Crown|
|poke|p2|Raging Bolt|
|poke|p2|Great Tusk|
|teampreview
|inactive|Battle timer is ON: inactive players will automatically lose when time's up. (requested by rookie22)
|
|t:|1758232948
|teamsize|p1|6
|teamsize|p2|6
|start
|switch|p1a: Enamorus|Enamorus, F|100/100
|switch|p2a: Meowscarada|Meowscarada, M|100/100
|turn|1
|
|t:|1758232953
|switch|p2a: Bene Gesserit|Iron Crown|100/100
|move|p1a: Enamorus|Moonblast|p2a: Bene Gesserit
|-resisted|p2a: Bene Gesserit
|-damage|p2a: Bene Gesserit|84/100
|
|upkeep
|turn|2
|
|t:|1758232964
|switch|p1a: Ting-Lu|Ting-Lu|100/100
|-ability|p1a: Ting-Lu|Vessel of Ruin
|-end|p2a: Bene Gesserit|Quark Drive|[silent]
|switch|p2a: Lisan Al Gaib|Keldeo|100/100
|
|upkeep
|turn|3
|l|☆rookie22
|inactive|rookie22 disconnected and has a minute to reconnect!
|player|p2|
|j|☆rookie22
|inactive|rookie22 reconnected and has 120 seconds left.
|player|p2|rookie22|iris-gen5bw2|
|
|t:|1758233011
|switch|p1a: Toxicroak|Toxicroak, F|100/100
|move|p2a: Lisan Al Gaib|Surf|p1a: Toxicroak
|-immune|p1a: Toxicroak|[from] ability: Dry Skin
|
|upkeep
|turn|4
|
|t:|1758233015
|switch|p2a: Great Tusk|Great Tusk|100/100
|move|p1a: Toxicroak|Toxic|p2a: Great Tusk
|-status|p2a: Great Tusk|tox
|
|-damage|p2a: Great Tusk|94/100 tox|[from] psn
|upkeep
|turn|5
|inactive|rookie22 has 120 seconds left.
|
|t:|1758233021
|switch|p1a: Enamorus|Enamorus, F|100/100
|move|p2a: Great Tusk|Stealth Rock|p1a: Enamorus
|-sidestart|p1: 7th jim|move: Stealth Rock
|
|-heal|p2a: Great Tusk|100/100 tox|[from] item: Leftovers
|-damage|p2a: Great Tusk|88/100 tox|[from] psn
|upkeep
|turn|6
|
|t:|1758233031
|-end|p2a: Great Tusk|Protosynthesis|[silent]
|switch|p2a: Bene Gesserit|Iron Crown|84/100
|move|p1a: Enamorus|Mystical Fire|p2a: Bene Gesserit
|-supereffective|p2a: Bene Gesserit
|-damage|p2a: Bene Gesserit|46/100
|-unboost|p2a: Bene Gesserit|spa|1
|
|upkeep
|turn|7
|
|t:|1758233039
|switch|p1a: Ting-Lu|Ting-Lu|100/100
|-damage|p1a: Ting-Lu|94/100|[from] Stealth Rock
|-ability|p1a: Ting-Lu|Vessel of Ruin
|move|p2a: Bene Gesserit|Tachyon Cutter|p1a: Ting-Lu
|-damage|p1a: Ting-Lu|87/100
|-damage|p1a: Ting-Lu|80/100
|-hitcount|p1a: Ting-Lu|2
|
|-heal|p1a: Ting-Lu|86/100|[from] item: Leftovers
|upkeep
|turn|8
|
|t:|1758233051
|-end|p2a: Bene Gesserit|Quark Drive|[silent]
|switch|p2a: Lisan Al Gaib|Keldeo|100/100
|move|p1a: Ting-Lu|Stealth Rock|p2a: Lisan Al Gaib
|-sidestart|p2: rookie22|move: Stealth Rock
|
|-heal|p1a: Ting-Lu|93/100|[from] item: Leftovers
|upkeep
|turn|9
|
|t:|1758233056
|switch|p1a: Toxicroak|Toxicroak, F|100/100
|-damage|p1a: Toxicroak|94/100|[from] Stealth Rock
|move|p2a: Lisan Al Gaib|Air Slash|p1a: Toxicroak
|-supereffective|p1a: Toxicroak
|-damage|p1a: Toxicroak|0 fnt
|faint|p1a: Toxicroak
|
|upkeep
|
|t:|1758233061
|switch|p1a: Raging Bolt|Raging Bolt|100/100
|turn|10
|
|t:|1758233068
|switch|p2a: Bene Gesserit|Iron Crown|46/100
|-damage|p2a: Bene Gesserit|40/100|[from] Stealth Rock
|move|p1a: Raging Bolt|Dragon Pulse|p2a: Bene Gesserit
|-resisted|p2a: Bene Gesserit
|-damage|p2a: Bene Gesserit|24/100
|
|upkeep
|turn|11
|
|t:|1758233075
|move|p1a: Raging Bolt|Thunderclap|p2a: Bene Gesserit
|-damage|p2a: Bene Gesserit|0 fnt
|faint|p2a: Bene Gesserit
|-end|p2a: Bene Gesserit|Quark Drive|[silent]
|
|upkeep
|
|t:|1758233078
|switch|p2a: Meowscarada|Meowscarada, M|100/100
|turn|12
|
|t:|1758233087
|move|p2a: Meowscarada|Triple Axel|p1a: Raging Bolt
|-start|p2a: Meowscarada|typechange|Ice|[from] ability: Protean
|-supereffective|p1a: Raging Bolt
|-damage|p1a: Raging Bolt|81/100
|-hitcount|p1a: Raging Bolt|1
|move|p1a: Raging Bolt|Dragon Pulse|p2a: Meowscarada
|-damage|p2a: Meowscarada|20/100
|
|upkeep
|turn|13
|
|t:|1758233116
|switch|p2a: Great Tusk|Great Tusk|88/100 tox
|-damage|p2a: Great Tusk|85/100 tox|[from] Stealth Rock
|move|p1a: Raging Bolt|Thunderclap||[still]
|-fail|p1a: Raging Bolt
|
|-heal|p2a: Great Tusk|91/100 tox|[from] item: Leftovers
|-damage|p2a: Great Tusk|85/100 tox|[from] psn
|upkeep
|turn|14
|j| Shucklye
|
|t:|1758233136
|-end|p1a: Raging Bolt|Protosynthesis|[silent]
|switch|p1a: Enamorus|Enamorus, F|100/100
|-damage|p1a: Enamorus|76/100|[from] Stealth Rock
|move|p2a: Great Tusk|Earthquake|p1a: Enamorus
|-immune|p1a: Enamorus
|
|-heal|p2a: Great Tusk|91/100 tox|[from] item: Leftovers
|-damage|p2a: Great Tusk|79/100 tox|[from] psn
|upkeep
|turn|15
|inactive|rookie22 has 120 seconds left.
|
|t:|1758233161
|-end|p2a: Great Tusk|Protosynthesis|[silent]
|switch|p2a: Meowscarada|Meowscarada, M|20/100
|move|p1a: Enamorus|Moonblast|p2a: Meowscarada
|-supereffective|p2a: Meowscarada
|-damage|p2a: Meowscarada|0 fnt
|faint|p2a: Meowscarada
|
|upkeep
|j| tabata toxapex
|
|t:|1758233184
|switch|p2a: Raging Bolt|Raging Bolt|100/100
|-damage|p2a: Raging Bolt|88/100|[from] Stealth Rock
|turn|16
|j| babyshark974
|
|t:|1758233201
|switch|p1a: Ting-Lu|Ting-Lu|93/100
|-damage|p1a: Ting-Lu|86/100|[from] Stealth Rock
|-ability|p1a: Ting-Lu|Vessel of Ruin
|-end|p2a: Raging Bolt|Protosynthesis|[silent]
|switch|p2a: Lisan Al Gaib|Keldeo|100/100
|-damage|p2a: Lisan Al Gaib|94/100|[from] Stealth Rock
|
|-heal|p1a: Ting-Lu|93/100|[from] item: Leftovers
|upkeep
|turn|17
|
|t:|1758233215
|switch|p1a: Ceruledge|Ceruledge, M|100/100
|move|p2a: Lisan Al Gaib|Aura Sphere|p1a: Ceruledge
|-immune|p1a: Ceruledge
|
|upkeep
|turn|18
|
|t:|1758233225
|switch|p2a: Great Tusk|Great Tusk|79/100 tox
|-damage|p2a: Great Tusk|76/100 tox|[from] Stealth Rock
|move|p1a: Ceruledge|Poltergeist|p2a: Great Tusk
|-activate|p2a: Great Tusk|move: Poltergeist|Leftovers
|-damage|p2a: Great Tusk|43/100 tox
|
|-heal|p2a: Great Tusk|49/100 tox|[from] item: Leftovers
|-damage|p2a: Great Tusk|43/100 tox|[from] psn
|upkeep
|turn|19
|
|t:|1758233235
|switch|p1a: Enamorus|Enamorus, F|76/100
|-damage|p1a: Enamorus|51/100|[from] Stealth Rock
|move|p2a: Great Tusk|Earthquake|p1a: Enamorus
|-immune|p1a: Enamorus
|
|-heal|p2a: Great Tusk|49/100 tox|[from] item: Leftovers
|-damage|p2a: Great Tusk|37/100 tox|[from] psn
|upkeep
|turn|20
|l|☆rookie22
|inactive|rookie22 disconnected and has a minute to reconnect!
|player|p2|
|j|☆rookie22
|inactive|rookie22 reconnected and has 95 seconds left.
|player|p2|rookie22|iris-gen5bw2|
|inactive|rookie22 has 90 seconds left.
|l| babyshark974
|inactive|rookie22 has 60 seconds left.
|c|☆rookie22|what the f i cliked switch 😭
|
|t:|1758233314
|move|p1a: Enamorus|Moonblast|p2a: Great Tusk
|-supereffective|p2a: Great Tusk
|-damage|p2a: Great Tusk|0 fnt
|faint|p2a: Great Tusk
|-end|p2a: Great Tusk|Protosynthesis|[silent]
|
|upkeep
|
|t:|1758233325
|switch|p2a: Raging Bolt|Raging Bolt|88/100
|-damage|p2a: Raging Bolt|76/100|[from] Stealth Rock
|turn|21
|
|t:|1758233334
|switch|p1a: Ting-Lu|Ting-Lu|93/100
|-damage|p1a: Ting-Lu|86/100|[from] Stealth Rock
|-ability|p1a: Ting-Lu|Vessel of Ruin
|-end|p2a: Raging Bolt|Protosynthesis|[silent]
|switch|p2a: Lisan Al Gaib|Keldeo|94/100
|-damage|p2a: Lisan Al Gaib|88/100|[from] Stealth Rock
|
|-heal|p1a: Ting-Lu|93/100|[from] item: Leftovers
|upkeep
|turn|22
|
|t:|1758233345
|move|p2a: Lisan Al Gaib|Surf|p1a: Ting-Lu
|-supereffective|p1a: Ting-Lu
|-damage|p1a: Ting-Lu|32/100
|move|p1a: Ting-Lu|Ruination|p2a: Lisan Al Gaib
|-damage|p2a: Lisan Al Gaib|44/100
|-ability|p2a: Lisan Al Gaib|Justified|boost
|-boost|p2a: Lisan Al Gaib|atk|1
|
|-heal|p1a: Ting-Lu|38/100|[from] item: Leftovers
|upkeep
|turn|23
|
|t:|1758233369
|switch|p2a: MEGA DRAGONITE|Dragonite, M|100/100
|switch|p1a: Raging Bolt|Raging Bolt|81/100
|
|upkeep
|turn|24
|
|t:|1758233392
|switch|p2a: Lisan Al Gaib|Keldeo|44/100
|-damage|p2a: Lisan Al Gaib|38/100|[from] Stealth Rock
|move|p1a: Raging Bolt|Dragon Pulse|p2a: Lisan Al Gaib
|-damage|p2a: Lisan Al Gaib|0 fnt
|faint|p2a: Lisan Al Gaib
|
|upkeep
|l|☆rookie22
|inactive|rookie22 disconnected and has a minute to reconnect!
|player|p2|
|inactive|rookie22 has 30 seconds left.
|j|☆rookie22
|inactive|rookie22 reconnected and has 25 seconds left.
|player|p2|rookie22|iris-gen5bw2|
|inactive|rookie22 has 20 seconds left.
|inactive|rookie22 has 15 seconds left.
|inactive|rookie22 has 10 seconds left.
|
|t:|1758233423
|switch|p2a: MEGA DRAGONITE|Dragonite, M|100/100
|turn|25
|inactive|rookie22 has 20 seconds left this turn.
|inactive|rookie22 has 15 seconds left.
|
|t:|1758233430
|-terastallize|p2a: MEGA DRAGONITE|Flying
|move|p2a: MEGA DRAGONITE|Dragon Dance|p2a: MEGA DRAGONITE
|-boost|p2a: MEGA DRAGONITE|atk|1
|-boost|p2a: MEGA DRAGONITE|spe|1
|move|p1a: Raging Bolt|Dragon Pulse|p2a: MEGA DRAGONITE
|-damage|p2a: MEGA DRAGONITE|75/100
|
|upkeep
|turn|26
|inactive|rookie22 has 25 seconds left this turn.
|inactive|rookie22 has 20 seconds left.
|l|☆rookie22
|inactive|rookie22 disconnected and has a minute to reconnect!
|player|p2|
|inactive|rookie22 has 15 seconds left.
|inactive|rookie22 has 10 seconds left.
|inactive|rookie22 has 5 seconds left.
|-message|rookie22 lost due to inactivity.
|
|win|7th jim
|raw|7th jim's rating: 1702 &rarr; <strong>1722</strong><br />(+20 for winning)
|raw|rookie22's rating: 1709 &rarr; <strong>1689</strong><br />(-20 for losing)
|l|☆7th jim
|player|p1|
|j|☆rookie22
|player|p2|rookie22|iris-gen5bw2|
|l|☆rookie22
|player|p2|
