|j|☆leasainm
|j|☆Reylly
|t:|1758348274
|gametype|singles
|player|p1|leasainm|1|1095
|player|p2|Reylly|cynthia-gen4|1083
|gen|9
|tier|[Gen 9] OU
|rated|
|rule|HP Percentage Mod: HP is shown in percentages
|rule|Endless Battle Clause: Forcing endless battles is banned
|rule|Species Clause: Limit one of each Pokémon
|rule|OHKO Clause: OHKO moves are banned
|rule|Evasion Items Clause: Evasion items are banned
|rule|Evasion Moves Clause: Evasion moves are banned
|rule|Evasion Abilities Clause: Evasion abilities are banned
|rule|Sleep Moves Clause: Sleep-inducing moves are banned
|clearpoke
|poke|p1|Dragapult, F|
|poke|p1|Scizor, M|
|poke|p1|Moltres|
|poke|p1|Shiftry, M|
|poke|p1|Weezing-Galar, M|
|poke|p1|Suicune|
|poke|p2|Hitmonlee, M|
|poke|p2|Armarouge, M|
|poke|p2|Greedent, F|
|poke|p2|Mew|
|poke|p2|Lokix, M|
|poke|p2|Furret, F|
|teampreview
|
|t:|1758348292
|teamsize|p1|6
|teamsize|p2|6
|start
|switch|p1a: Scizor|Scizor, M|100/100
|switch|p2a: Mew|Mew|100/100
|turn|1
|
|t:|1758348300
|-terastallize|p2a: Mew|Steel
|move|p1a: Scizor|U-turn|p2a: Mew
|-resisted|p2a: Mew
|-damage|p2a: Mew|84/100
|
|t:|1758348304
|switch|p1a: Suicune|Suicune|100/100|[from] U-turn
|-ability|p1a: Suicune|Pressure
|move|p2a: Mew|Whirlpool|p1a: Suicune
|-resisted|p1a: Suicune
|-damage|p1a: Suicune|97/100
|-activate|p1a: Suicune|move: Whirlpool|[of] p2a: Mew
|
|-heal|p2a: Mew|90/100|[from] item: Leftovers
|-heal|p1a: Suicune|100/100|[from] item: Leftovers
|-damage|p1a: Suicune|88/100|[from] move: Whirlpool|[partiallytrapped]
|upkeep
|turn|2
|
|t:|1758348317
|move|p2a: Mew|Imprison|p2a: Mew
|-start|p2a: Mew|move: Imprison
|move|p1a: Suicune|Roar|p2a: Mew
|drag|p2a: Armarouge|Armarouge, M|100/100
|
|-heal|p1a: Suicune|94/100|[from] item: Leftovers
|-end|p1a: Suicune|Whirlpool|[partiallytrapped]|[silent]
|upkeep
|turn|3
|
|t:|1758348327
|move|p2a: Armarouge|Endure|p2a: Armarouge
|-singleturn|p2a: Armarouge|move: Endure
|move|p1a: Suicune|Scald|p2a: Armarouge
|-supereffective|p2a: Armarouge
|-damage|p2a: Armarouge|31/100
|-enditem|p2a: Armarouge|Weakness Policy
|-boost|p2a: Armarouge|atk|2|[from] item: Weakness Policy
|-boost|p2a: Armarouge|spa|2|[from] item: Weakness Policy
|
|-heal|p1a: Suicune|100/100|[from] item: Leftovers
|upkeep
|turn|4
|
|t:|1758348339
|move|p2a: Armarouge|Stored Power|p1a: Suicune
|-damage|p1a: Suicune|17/100
|move|p1a: Suicune|Scald|p2a: Armarouge
|-supereffective|p2a: Armarouge
|-damage|p2a: Armarouge|0 fnt
|faint|p2a: Armarouge
|
|-heal|p1a: Suicune|23/100|[from] item: Leftovers
|upkeep
|
|t:|1758348373
|switch|p2a: Lokix|Lokix, M|100/100
|turn|5
|
|t:|1758348377
|switch|p1a: Weezing|Weezing-Galar, M|100/100
|-ability|p1a: Weezing|Neutralizing Gas
|move|p2a: Lokix|First Impression|p1a: Weezing
|-resisted|p1a: Weezing
|-damage|p1a: Weezing|93/100
|-damage|p2a: Lokix|84/100|[from] item: Rocky Helmet|[of] p1a: Weezing
|
|upkeep
|turn|6
|
|t:|1758348387
|move|p2a: Lokix|U-turn|p1a: Weezing
|-resisted|p1a: Weezing
|-damage|p1a: Weezing|88/100
|-damage|p2a: Lokix|67/100|[from] item: Rocky Helmet|[of] p1a: Weezing
|
|t:|1758348390
|switch|p2a: Hitmonlee|Hitmonlee, M|100/100|[from] U-turn
|move|p1a: Weezing|Will-O-Wisp|p2a: Hitmonlee
|-status|p2a: Hitmonlee|brn
|
|-damage|p2a: Hitmonlee|94/100 brn|[from] brn
|upkeep
|turn|7
|-message|Reylly forfeited.
|
|win|leasainm
|raw|leasainm's rating: 1095 &rarr; <strong>1120</strong><br />(+25 for winning)
|raw|Reylly's rating: 1083 &rarr; <strong>1061</strong><br />(-22 for losing)
|l|☆Reylly
|player|p2|
|l|☆leasainm
|player|p1|
