|j|☆Fitis3
|j|☆LousiV
|t:|1758357946
|gametype|singles
|player|p1|Fitis3|266|1187
|player|p2|LousiV|102|1123
|gen|9
|tier|[Gen 9] OU
|rated|
|rule|HP Percentage Mod: HP is shown in percentages
|rule|Endless Battle Clause: Forcing endless battles is banned
|rule|Species Clause: Limit one of each Pokémon
|rule|OHKO Clause: OHKO moves are banned
|rule|Evasion Items Clause: Evasion items are banned
|rule|Evasion Moves Clause: Evasion moves are banned
|rule|Evasion Abilities Clause: Evasion abilities are banned
|rule|Sleep Moves Clause: Sleep-inducing moves are banned
|clearpoke
|poke|p1|Gliscor, M|
|poke|p1|Iron Valiant|
|poke|p1|Typhlosion, F|
|poke|p1|Iron Treads|
|poke|p1|Hatterene, F|
|poke|p1|Clodsire, M|
|poke|p2|Staraptor, M|
|poke|p2|Cetitan, M|
|poke|p2|Azumarill, M|
|poke|p2|Abomasnow, M|
|poke|p2|Slowking, M|
|poke|p2|Sandy Shocks|
|teampreview
|inactive|Battle timer is ON: inactive players will automatically lose when time's up. (requested by Fitis3)
|
|t:|1758357970
|teamsize|p1|6
|teamsize|p2|6
|start
|switch|p1a: Iron Treads|Iron Treads|100/100
|switch|p2a: Abomasnow|Abomasnow, M|100/100
|-weather|Snowscape|[from] ability: Snow Warning|[of] p2a: Abomasnow
|turn|1
|
|t:|1758357978
|move|p1a: Iron Treads|Stealth Rock|p2a: Abomasnow
|-sidestart|p2: LousiV|move: Stealth Rock
|move|p2a: Abomasnow|Earth Power|p1a: Iron Treads
|-supereffective|p1a: Iron Treads
|-damage|p1a: Iron Treads|57/100
|
|-weather|Snowscape|[upkeep]
|upkeep
|turn|2
|
|t:|1758357988
|move|p1a: Iron Treads|Earthquake|p2a: Abomasnow
|-resisted|p2a: Abomasnow
|-damage|p2a: Abomasnow|87/100
|move|p2a: Abomasnow|Avalanche|p1a: Iron Treads
|-damage|p1a: Iron Treads|17/100
|
|-weather|Snowscape|[upkeep]
|upkeep
|turn|3
|
|t:|1758357990
|move|p1a: Iron Treads|Rapid Spin|p2a: Abomasnow
|-damage|p2a: Abomasnow|77/100
|-boost|p1a: Iron Treads|spe|1
|move|p2a: Abomasnow|Avalanche|p1a: Iron Treads
|-damage|p1a: Iron Treads|0 fnt
|faint|p1a: Iron Treads
|-end|p1a: Iron Treads|Quark Drive|[silent]
|
|-weather|Snowscape|[upkeep]
|upkeep
|
|t:|1758357997
|switch|p1a: Typhlosion|Typhlosion, F|100/100
|turn|4
|
|t:|1758358006
|switch|p2a: Azumarill|Azumarill, M|100/100
|-damage|p2a: Azumarill|88/100|[from] Stealth Rock
|move|p1a: Typhlosion|Eruption|p2a: Azumarill
|-resisted|p2a: Azumarill
|-damage|p2a: Azumarill|56/100
|
|-weather|Snowscape|[upkeep]
|upkeep
|turn|5
|
|t:|1758358013
|switch|p1a: Clodsire|Clodsire, M|100/100
|move|p2a: Azumarill|Liquidation|p1a: Clodsire
|-immune|p1a: Clodsire|[from] ability: Water Absorb
|
|-weather|none
|upkeep
|turn|6
|
|t:|1758358020
|switch|p2a: Slowking|Slowking, M|100/100
|-damage|p2a: Slowking|88/100|[from] Stealth Rock
|move|p1a: Clodsire|Toxic|p2a: Slowking
|-status|p2a: Slowking|tox
|
|-heal|p2a: Slowking|94/100 tox|[from] item: Leftovers
|-damage|p2a: Slowking|88/100 tox|[from] psn
|upkeep
|turn|7
|
|t:|1758358027
|switch|p1a: Hatterene|Hatterene, F|100/100
|move|p2a: Slowking|Future Sight|p1a: Hatterene
|-start|p2a: Slowking|move: Future Sight
|
|-heal|p2a: Slowking|94/100 tox|[from] item: Leftovers
|-damage|p2a: Slowking|82/100 tox|[from] psn
|upkeep
|turn|8
|
|t:|1758358030
|-prepare|p2a: Slowking|Chilly Reception|[premajor]
|move|p2a: Slowking|Chilly Reception|p2a: Slowking
|-weather|Snowscape
|
|t:|1758358033
|switch|p2a: Sandy Shocks|Sandy Shocks|100/100|[from] Chilly Reception
|-damage|p2a: Sandy Shocks|94/100|[from] Stealth Rock
|move|p1a: Hatterene|Calm Mind|p1a: Hatterene
|-boost|p1a: Hatterene|spa|1
|-boost|p1a: Hatterene|spd|1
|
|-weather|Snowscape|[upkeep]
|upkeep
|turn|9
|
|t:|1758358038
|move|p2a: Sandy Shocks|Volt Switch|p1a: Hatterene
|-damage|p1a: Hatterene|62/100
|
|t:|1758358046
|-end|p2a: Sandy Shocks|Protosynthesis|[silent]
|switch|p2a: Azumarill|Azumarill, M|56/100|[from] Volt Switch
|-damage|p2a: Azumarill|44/100|[from] Stealth Rock
|move|p1a: Hatterene|Draining Kiss|p2a: Azumarill
|-damage|p2a: Azumarill|20/100
|-heal|p1a: Hatterene|84/100|[from] drain|[of] p2a: Azumarill
|
|-weather|Snowscape|[upkeep]
|-end|p1a: Hatterene|move: Future Sight
|-resisted|p1a: Hatterene
|-damage|p1a: Hatterene|71/100
|-heal|p1a: Hatterene|77/100|[from] item: Leftovers
|upkeep
|turn|10
|
|t:|1758358053
|move|p2a: Azumarill|Play Rough|p1a: Hatterene
|-damage|p1a: Hatterene|34/100
|move|p1a: Hatterene|Draining Kiss|p2a: Azumarill
|-damage|p2a: Azumarill|0 fnt
|-heal|p1a: Hatterene|52/100|[from] drain|[of] p2a: Azumarill
|faint|p2a: Azumarill
|
|-weather|Snowscape|[upkeep]
|-heal|p1a: Hatterene|58/100|[from] item: Leftovers
|upkeep
|
|t:|1758358057
|switch|p2a: Staraptor|Staraptor, M|100/100
|-damage|p2a: Staraptor|76/100|[from] Stealth Rock
|turn|11
|
|t:|1758358061
|move|p2a: Staraptor|Brave Bird|p1a: Hatterene
|-damage|p1a: Hatterene|0 fnt
|faint|p1a: Hatterene
|-damage|p2a: Staraptor|56/100|[from] Recoil
|
|-weather|Snowscape|[upkeep]
|upkeep
|
|t:|1758358067
|switch|p1a: Iron Valiant|Iron Valiant|100/100
|turn|12
|
|t:|1758358072
|move|p1a: Iron Valiant|Thunderbolt|p2a: Staraptor
|-supereffective|p2a: Staraptor
|-damage|p2a: Staraptor|0 fnt
|faint|p2a: Staraptor
|
|-weather|none
|upkeep
|
|t:|1758358075
|switch|p2a: Sandy Shocks|Sandy Shocks|94/100
|-damage|p2a: Sandy Shocks|88/100|[from] Stealth Rock
|turn|13
|
|t:|1758358078
|-end|p1a: Iron Valiant|Quark Drive|[silent]
|switch|p1a: Gliscor|Gliscor, M|100/100
|move|p2a: Sandy Shocks|Flash Cannon|p1a: Gliscor
|-damage|p1a: Gliscor|44/100
|
|-status|p1a: Gliscor|tox|[from] item: Toxic Orb
|upkeep
|turn|14
|
|t:|1758358084
|move|p2a: Sandy Shocks|Flash Cannon|p1a: Gliscor
|-damage|p1a: Gliscor|0 fnt
|faint|p1a: Gliscor
|
|upkeep
|
|t:|1758358086
|switch|p1a: Clodsire|Clodsire, M|100/100
|turn|15
|
|t:|1758358092
|-end|p2a: Sandy Shocks|Protosynthesis|[silent]
|switch|p2a: Abomasnow|Abomasnow, M|77/100
|-damage|p2a: Abomasnow|52/100|[from] Stealth Rock
|-weather|Snowscape|[from] ability: Snow Warning|[of] p2a: Abomasnow
|move|p1a: Clodsire|Earthquake|p2a: Abomasnow
|-resisted|p2a: Abomasnow
|-damage|p2a: Abomasnow|41/100
|
|-weather|Snowscape|[upkeep]
|upkeep
|turn|16
|
|t:|1758358101
|move|p1a: Clodsire|Toxic|p2a: Abomasnow
|-status|p2a: Abomasnow|tox
|move|p2a: Abomasnow|Avalanche|p1a: Clodsire
|-supereffective|p1a: Clodsire
|-damage|p1a: Clodsire|39/100
|
|-weather|Snowscape|[upkeep]
|-heal|p1a: Clodsire|46/100|[from] item: Leftovers
|-damage|p2a: Abomasnow|35/100 tox|[from] psn
|upkeep
|turn|17
|
|t:|1758358104
|move|p1a: Clodsire|Recover|p1a: Clodsire
|-heal|p1a: Clodsire|96/100
|move|p2a: Abomasnow|Avalanche|p1a: Clodsire
|-supereffective|p1a: Clodsire
|-damage|p1a: Clodsire|39/100
|
|-weather|Snowscape|[upkeep]
|-heal|p1a: Clodsire|45/100|[from] item: Leftovers
|-damage|p2a: Abomasnow|23/100 tox|[from] psn
|upkeep
|turn|18
|
|t:|1758358106
|move|p1a: Clodsire|Recover|p1a: Clodsire
|-heal|p1a: Clodsire|95/100
|move|p2a: Abomasnow|Avalanche|p1a: Clodsire
|-supereffective|p1a: Clodsire
|-damage|p1a: Clodsire|32/100
|
|-weather|Snowscape|[upkeep]
|-heal|p1a: Clodsire|39/100|[from] item: Leftovers
|-damage|p2a: Abomasnow|5/100 tox|[from] psn
|upkeep
|turn|19
|
|t:|1758358109
|move|p1a: Clodsire|Recover|p1a: Clodsire
|-heal|p1a: Clodsire|89/100
|move|p2a: Abomasnow|Avalanche|p1a: Clodsire
|-supereffective|p1a: Clodsire
|-damage|p1a: Clodsire|32/100
|
|-weather|none
|-heal|p1a: Clodsire|38/100|[from] item: Leftovers
|-damage|p2a: Abomasnow|0 fnt|[from] psn
|faint|p2a: Abomasnow
|upkeep
|
|t:|1758358110
|switch|p2a: Slowking|Slowking, M|100/100 tox
|-damage|p2a: Slowking|88/100 tox|[from] Stealth Rock
|turn|20
|
|t:|1758358114
|-prepare|p2a: Slowking|Chilly Reception|[premajor]
|move|p2a: Slowking|Chilly Reception|p2a: Slowking
|-weather|Snowscape
|
|t:|1758358116
|switch|p2a: Cetitan|Cetitan, M|100/100|[from] Chilly Reception
|-damage|p2a: Cetitan|76/100|[from] Stealth Rock
|move|p1a: Clodsire|Recover|p1a: Clodsire
|-heal|p1a: Clodsire|88/100
|
|-weather|Snowscape|[upkeep]
|-heal|p1a: Clodsire|94/100|[from] item: Leftovers
|upkeep
|turn|21
|
|t:|1758358122
|move|p2a: Cetitan|Icicle Crash|p1a: Clodsire
|-supereffective|p1a: Clodsire
|-damage|p1a: Clodsire|0 fnt
|faint|p1a: Clodsire
|
|-weather|Snowscape|[upkeep]
|upkeep
|
|t:|1758358124
|switch|p1a: Typhlosion|Typhlosion, F|100/100
|turn|22
|
|t:|1758358127
|move|p1a: Typhlosion|Eruption|p2a: Cetitan
|-supereffective|p2a: Cetitan
|-damage|p2a: Cetitan|0 fnt
|faint|p2a: Cetitan
|
|-weather|Snowscape|[upkeep]
|upkeep
|
|t:|1758358130
|switch|p2a: Sandy Shocks|Sandy Shocks|88/100
|-damage|p2a: Sandy Shocks|82/100|[from] Stealth Rock
|turn|23
|
|t:|1758358135
|switch|p1a: Iron Valiant|Iron Valiant|100/100
|move|p2a: Sandy Shocks|Earth Power|p1a: Iron Valiant
|-damage|p1a: Iron Valiant|0 fnt
|faint|p1a: Iron Valiant
|-end|p1a: Iron Valiant|Quark Drive|[silent]
|
|-weather|Snowscape|[upkeep]
|upkeep
|
|t:|1758358141
|switch|p1a: Typhlosion|Typhlosion, F|100/100
|turn|24
|
|t:|1758358144
|-terastallize|p1a: Typhlosion|Fire
|move|p2a: Sandy Shocks|Earth Power|p1a: Typhlosion
|-supereffective|p1a: Typhlosion
|-damage|p1a: Typhlosion|0 fnt
|faint|p1a: Typhlosion
|
|win|LousiV
|raw|Fitis3's rating: 1187 &rarr; <strong>1157</strong><br />(-30 for losing)
|raw|LousiV's rating: 1123 &rarr; <strong>1153</strong><br />(+30 for winning)
|l|☆Fitis3
|player|p1|
|l|☆LousiV
|player|p2|
