|j|☆Chuck2025
|j|☆Trumpismessiah
|t:|1758242119
|gametype|singles
|player|p1|Chuck2025|dawn|1297
|player|p2|Trumpismessiah|102|1317
|gen|9
|tier|[Gen 9] OU
|rated|
|rule|HP Percentage Mod: HP is shown in percentages
|rule|Endless Battle Clause: Forcing endless battles is banned
|rule|Species Clause: Limit one of each Pokémon
|rule|OHKO Clause: OHKO moves are banned
|rule|Evasion Items Clause: Evasion items are banned
|rule|Evasion Moves Clause: Evasion moves are banned
|rule|Evasion Abilities Clause: Evasion abilities are banned
|rule|Sleep Moves Clause: Sleep-inducing moves are banned
|clearpoke
|poke|p1|Dragonite, M|
|poke|p1|Swampert, M|
|poke|p1|Iron Hands|
|poke|p1|Zamazenta-*|
|poke|p1|Zapdos|
|poke|p1|Volcanion|
|poke|p2|Snorlax, F|
|poke|p2|Gengar, F|
|poke|p2|Moltres|
|poke|p2|Vileplume, M|
|poke|p2|Vaporeon, F|
|poke|p2|Tauros, M|
|teampreview
|inactive|Battle timer is ON: inactive players will automatically lose when time's up. (requested by Trumpismessiah)
|
|t:|1758242134
|teamsize|p1|6
|teamsize|p2|6
|start
|switch|p1a: Zapdos|Zapdos|100/100
|switch|p2a: Tauros|Tauros, M|100/100
|turn|1
|
|t:|1758242141
|move|p2a: Tauros|Body Slam|p1a: Zapdos
|-damage|p1a: Zapdos|19/100
|move|p1a: Zapdos|Thunderbolt|p2a: Tauros
|-damage|p2a: Tauros|28/100
|
|upkeep
|turn|2
|
|t:|1758242148
|move|p2a: Tauros|Body Slam|p1a: Zapdos
|-damage|p1a: Zapdos|0 fnt
|faint|p1a: Zapdos
|
|upkeep
|
|t:|1758242153
|switch|p1a: Iron Hands|Iron Hands, shiny|100/100
|turn|3
|
|t:|1758242157
|move|p2a: Tauros|Body Slam|p1a: Iron Hands
|-damage|p1a: Iron Hands|55/100
|-damage|p2a: Tauros|12/100|[from] item: Rocky Helmet|[of] p1a: Iron Hands
|move|p1a: Iron Hands|Drain Punch|p2a: Tauros
|-supereffective|p2a: Tauros
|-damage|p2a: Tauros|0 fnt
|-heal|p1a: Iron Hands|58/100|[from] drain|[of] p2a: Tauros
|faint|p2a: Tauros
|
|upkeep
|
|t:|1758242175
|switch|p2a: Vileplume|Vileplume, M|100/100
|turn|4
|
|t:|1758242187
|move|p1a: Iron Hands|Earthquake|p2a: Vileplume
|-damage|p2a: Vileplume|71/100
|move|p2a: Vileplume|Sludge Bomb|p1a: Iron Hands
|-crit|p1a: Iron Hands
|-damage|p1a: Iron Hands|10/100
|-status|p1a: Iron Hands|psn
|
|-damage|p1a: Iron Hands|0 fnt|[from] psn
|faint|p1a: Iron Hands
|-end|p1a: Iron Hands|Quark Drive|[silent]
|upkeep
|
|t:|1758242198
|switch|p1a: Volcanion|Volcanion|100/100
|turn|5
|
|t:|1758242201
|switch|p2a: Vaporeon|Vaporeon, F|100/100
|move|p1a: Volcanion|Flamethrower|p2a: Vaporeon
|-resisted|p2a: Vaporeon
|-damage|p2a: Vaporeon|86/100
|
|-heal|p2a: Vaporeon|93/100|[from] item: Leftovers
|upkeep
|turn|6
|
|t:|1758242211
|switch|p1a: Dragonite|Dragonite, M|100/100
|move|p2a: Vaporeon|Protect||[still]
|-fail|p2a: Vaporeon
|
|-heal|p2a: Vaporeon|99/100|[from] item: Leftovers
|upkeep
|turn|7
|
|t:|1758242219
|switch|p2a: Moltres|Moltres|100/100
|move|p1a: Dragonite|Dragon Claw|p2a: Moltres
|-damage|p2a: Moltres|70/100
|
|upkeep
|turn|8
|
|t:|1758242227
|switch|p1a: Swampert|Swampert, M|100/100
|move|p2a: Moltres|Roost|p2a: Moltres
|-heal|p2a: Moltres|100/100
|-singleturn|p2a: Moltres|move: Roost
|
|upkeep
|turn|9
|
|t:|1758242236
|switch|p2a: Vileplume|Vileplume, M|71/100
|move|p1a: Swampert|Ice Beam|p2a: Vileplume
|-supereffective|p2a: Vileplume
|-damage|p2a: Vileplume|18/100
|
|upkeep
|turn|10
|
|t:|1758242244
|switch|p1a: Dragonite|Dragonite, M|100/100
|move|p2a: Vileplume|Strength Sap|p1a: Dragonite
|-unboost|p1a: Dragonite|atk|1
|-heal|p2a: Vileplume|100/100
|
|upkeep
|turn|11
|
|t:|1758242252
|move|p1a: Dragonite|Ice Beam|p2a: Vileplume
|-supereffective|p2a: Vileplume
|-damage|p2a: Vileplume|54/100
|move|p2a: Vileplume|Leech Seed|p1a: Dragonite
|-start|p1a: Dragonite|move: Leech Seed
|
|-damage|p1a: Dragonite|88/100|[from] Leech Seed|[of] p2a: Vileplume
|-heal|p2a: Vileplume|65/100|[silent]
|upkeep
|turn|12
|
|t:|1758242260
|move|p1a: Dragonite|Ice Beam|p2a: Vileplume
|-supereffective|p2a: Vileplume
|-damage|p2a: Vileplume|24/100
|move|p2a: Vileplume|Strength Sap|p1a: Dragonite
|-unboost|p1a: Dragonite|atk|1
|-heal|p2a: Vileplume|99/100
|
|-damage|p1a: Dragonite|76/100|[from] Leech Seed|[of] p2a: Vileplume
|-heal|p2a: Vileplume|100/100|[silent]
|upkeep
|turn|13
|
|t:|1758242270
|switch|p2a: Vaporeon|Vaporeon, F|99/100
|move|p1a: Dragonite|Ice Beam|p2a: Vaporeon
|-resisted|p2a: Vaporeon
|-damage|p2a: Vaporeon|93/100
|-status|p2a: Vaporeon|frz
|
|-heal|p2a: Vaporeon|99/100 frz|[from] item: Leftovers
|-damage|p1a: Dragonite|63/100|[from] Leech Seed|[of] p2a: Vaporeon
|-heal|p2a: Vaporeon|100/100 frz|[silent]
|upkeep
|turn|14
|
|t:|1758242282
|switch|p1a: Swampert|Swampert, M|100/100
|-curestatus|p2a: Vaporeon|frz|[from] move: Scald
|move|p2a: Vaporeon|Scald|p1a: Swampert
|-damage|p1a: Swampert|74/100
|
|upkeep
|turn|15
|
|t:|1758242291
|move|p2a: Vaporeon|Protect|p2a: Vaporeon
|-singleturn|p2a: Vaporeon|Protect
|move|p1a: Swampert|Sludge Wave|p2a: Vaporeon
|-activate|p2a: Vaporeon|move: Protect
|
|upkeep
|turn|16
|
|t:|1758242299
|move|p2a: Vaporeon|Scald|p1a: Swampert
|-damage|p1a: Swampert|44/100
|-status|p1a: Swampert|brn
|move|p1a: Swampert|Sludge Wave|p2a: Vaporeon
|-damage|p2a: Vaporeon|85/100
|
|-heal|p2a: Vaporeon|91/100|[from] item: Leftovers
|-damage|p1a: Swampert|38/100 brn|[from] brn
|upkeep
|turn|17
|
|t:|1758242310
|move|p2a: Vaporeon|Scald|p1a: Swampert
|-damage|p1a: Swampert|10/100 brn
|move|p1a: Swampert|Sludge Wave|p2a: Vaporeon
|-damage|p2a: Vaporeon|77/100
|
|-heal|p2a: Vaporeon|83/100|[from] item: Leftovers
|-damage|p1a: Swampert|4/100 brn|[from] brn
|upkeep
|turn|18
|
|t:|1758242319
|move|p2a: Vaporeon|Protect|p2a: Vaporeon
|-singleturn|p2a: Vaporeon|Protect
|move|p1a: Swampert|Sludge Wave|p2a: Vaporeon
|-activate|p2a: Vaporeon|move: Protect
|
|-heal|p2a: Vaporeon|89/100|[from] item: Leftovers
|-damage|p1a: Swampert|0 fnt|[from] brn
|faint|p1a: Swampert
|upkeep
|
|t:|1758242329
|switch|p1a: Dragonite|Dragonite, M|63/100
|turn|19
|
|t:|1758242335
|switch|p2a: Snorlax|Snorlax, F|100/100
|move|p1a: Dragonite|Extreme Speed|p2a: Snorlax
|-damage|p2a: Snorlax|74/100
|
|upkeep
|turn|20
|
|t:|1758242342
|move|p1a: Dragonite|Dragon Claw|p2a: Snorlax
|-damage|p2a: Snorlax|29/100
|move|p2a: Snorlax|Body Slam|p1a: Dragonite
|-damage|p1a: Dragonite|18/100
|-status|p1a: Dragonite|par
|
|upkeep
|turn|21
|-enditem|p2a: Snorlax|Custap Berry|[eat]
|-activate|p2a: Snorlax|item: Custap Berry|[consumed]
|
|t:|1758242350
|move|p1a: Dragonite|Extreme Speed|p2a: Snorlax
|-damage|p2a: Snorlax|0 fnt
|faint|p2a: Snorlax
|
|upkeep
|
|t:|1758242354
|switch|p2a: Gengar|Gengar, F|100/100
|turn|22
|
|t:|1758242359
|move|p2a: Gengar|Shadow Ball|p1a: Dragonite
|-damage|p1a: Dragonite|0 fnt
|faint|p1a: Dragonite
|
|upkeep
|
|t:|1758242367
|switch|p1a: Zamazenta|Zamazenta|100/100
|-ability|p1a: Zamazenta|Dauntless Shield|boost
|-boost|p1a: Zamazenta|def|1
|turn|23
|
|t:|1758242372
|switch|p2a: Vileplume|Vileplume, M|100/100
|move|p1a: Zamazenta|Crunch|p2a: Vileplume
|-damage|p2a: Vileplume|80/100
|-damage|p1a: Zamazenta|84/100|[from] item: Rocky Helmet|[of] p2a: Vileplume
|
|upkeep
|turn|24
|
|t:|1758242379
|move|p1a: Zamazenta|Body Press|p2a: Vileplume
|-resisted|p2a: Vileplume
|-damage|p2a: Vileplume|61/100
|-damage|p1a: Zamazenta|68/100|[from] item: Rocky Helmet|[of] p2a: Vileplume
|move|p2a: Vileplume|Sludge Bomb|p1a: Zamazenta
|-crit|p1a: Zamazenta
|-damage|p1a: Zamazenta|41/100
|
|upkeep
|turn|25
|
|t:|1758242388
|switch|p1a: Volcanion|Volcanion|100/100
|move|p2a: Vileplume|Strength Sap|p1a: Volcanion
|-unboost|p1a: Volcanion|atk|1
|-heal|p2a: Vileplume|100/100
|
|upkeep
|turn|26
|
|t:|1758242396
|switch|p2a: Vaporeon|Vaporeon, F|89/100
|move|p1a: Volcanion|Flamethrower|p2a: Vaporeon
|-resisted|p2a: Vaporeon
|-damage|p2a: Vaporeon|76/100
|
|-heal|p2a: Vaporeon|82/100|[from] item: Leftovers
|upkeep
|turn|27
|
|t:|1758242405
|move|p2a: Vaporeon|Shadow Ball|p1a: Volcanion
|-damage|p1a: Volcanion|82/100
|move|p1a: Volcanion|Sludge Bomb|p2a: Vaporeon
|-damage|p2a: Vaporeon|63/100
|
|-heal|p2a: Vaporeon|70/100|[from] item: Leftovers
|upkeep
|turn|28
|
|t:|1758242414
|move|p2a: Vaporeon|Protect|p2a: Vaporeon
|-singleturn|p2a: Vaporeon|Protect
|move|p1a: Volcanion|Earthquake|p2a: Vaporeon
|-activate|p2a: Vaporeon|move: Protect
|
|-heal|p2a: Vaporeon|76/100|[from] item: Leftovers
|upkeep
|turn|29
|
|t:|1758242423
|move|p2a: Vaporeon|Shadow Ball|p1a: Volcanion
|-damage|p1a: Volcanion|62/100
|move|p1a: Volcanion|Earthquake|p2a: Vaporeon
|-damage|p2a: Vaporeon|57/100
|
|-heal|p2a: Vaporeon|63/100|[from] item: Leftovers
|upkeep
|turn|30
|
|t:|1758242431
|move|p2a: Vaporeon|Shadow Ball|p1a: Volcanion
|-damage|p1a: Volcanion|43/100
|move|p1a: Volcanion|Sludge Bomb|p2a: Vaporeon
|-damage|p2a: Vaporeon|45/100
|-status|p2a: Vaporeon|psn
|
|-heal|p2a: Vaporeon|51/100 psn|[from] item: Leftovers
|-damage|p2a: Vaporeon|39/100 psn|[from] psn
|upkeep
|turn|31
|
|t:|1758242442
|move|p2a: Vaporeon|Wish|p2a: Vaporeon
|move|p1a: Volcanion|Sludge Bomb|p2a: Vaporeon
|-damage|p2a: Vaporeon|22/100 psn
|
|-heal|p2a: Vaporeon|28/100 psn|[from] item: Leftovers
|-damage|p2a: Vaporeon|15/100 psn|[from] psn
|upkeep
|turn|32
|
|t:|1758242472
|move|p2a: Vaporeon|Protect|p2a: Vaporeon
|-singleturn|p2a: Vaporeon|Protect
|move|p1a: Volcanion|Steam Eruption|p2a: Vaporeon
|-activate|p2a: Vaporeon|move: Protect
|
|-heal|p2a: Vaporeon|65/100 psn|[from] move: Wish|[wisher] Vaporeon
|-heal|p2a: Vaporeon|72/100 psn|[from] item: Leftovers
|-damage|p2a: Vaporeon|59/100 psn|[from] psn
|upkeep
|turn|33
|
|t:|1758242483
|move|p2a: Vaporeon|Shadow Ball|p1a: Volcanion
|-damage|p1a: Volcanion|24/100
|move|p1a: Volcanion|Steam Eruption|p2a: Vaporeon
|-heal|p2a: Vaporeon|84/100 psn|[from] ability: Water Absorb|[of] p1a: Volcanion
|
|-heal|p2a: Vaporeon|90/100 psn|[from] item: Leftovers
|-damage|p2a: Vaporeon|78/100 psn|[from] psn
|upkeep
|turn|34
|-message|Chuck2025 forfeited.
|
|win|Trumpismessiah
|raw|Chuck2025's rating: 1297 &rarr; <strong>1273</strong><br />(-24 for losing)
|raw|Trumpismessiah's rating: 1317 &rarr; <strong>1336</strong><br />(+19 for winning)
|l|☆Chuck2025
|player|p1|
