|j|☆castillo919
|j|☆yessurskit
|t:|1758344297
|gametype|singles
|player|p1|castillo919|1|1350
|player|p2|yessurskit|dancer|1404
|gen|9
|tier|[Gen 9] OU
|rated|
|rule|HP Percentage Mod: HP is shown in percentages
|rule|Endless Battle Clause: Forcing endless battles is banned
|rule|Species Clause: Limit one of each Pokémon
|rule|OHKO Clause: OHKO moves are banned
|rule|Evasion Items Clause: Evasion items are banned
|rule|Evasion Moves Clause: Evasion moves are banned
|rule|Evasion Abilities Clause: Evasion abilities are banned
|rule|Sleep Moves Clause: Sleep-inducing moves are banned
|clearpoke
|poke|p1|Samurott-Hisui, M|
|poke|p1|Clodsire, M|
|poke|p1|Sinistcha-Masterpiece|
|poke|p1|Moltres|
|poke|p1|Deoxys-Speed|
|poke|p1|Cyclizar, M|
|poke|p2|Pelipper, M|
|poke|p2|Quaquaval, M|
|poke|p2|Kingdra, F|
|poke|p2|Overqwil, F|
|poke|p2|Iron Treads|
|poke|p2|Iron Valiant|
|teampreview
|
|t:|1758344310
|teamsize|p1|6
|teamsize|p2|6
|start
|switch|p1a: Cyclizar|Cyclizar, M|100/100
|switch|p2a: Pelipper|Pelipper, M|100/100
|-weather|RainDance|[from] ability: Drizzle|[of] p2a: Pelipper
|turn|1
|
|t:|1758344344
|move|p1a: Cyclizar|Knock Off|p2a: Pelipper
|-damage|p2a: Pelipper|84/100
|-enditem|p2a: Pelipper|Damp Rock|[from] move: Knock Off|[of] p1a: Cyclizar
|move|p2a: Pelipper|U-turn|p1a: Cyclizar
|-damage|p1a: Cyclizar|87/100
|
|t:|1758344350
|switch|p2a: Overqwil|Overqwil, F|100/100|[from] U-turn
|
|-weather|RainDance|[upkeep]
|upkeep
|turn|2
|
|t:|1758344359
|switch|p1a: Clodsire|Clodsire, M, shiny|100/100
|move|p2a: Overqwil|Gunk Shot|p1a: Clodsire
|-resisted|p1a: Clodsire
|-damage|p1a: Clodsire|84/100
|-damage|p2a: Overqwil|91/100|[from] item: Life Orb
|
|-weather|RainDance|[upkeep]
|-heal|p1a: Clodsire|90/100|[from] item: Black Sludge
|upkeep
|turn|3
|
|t:|1758344381
|move|p2a: Overqwil|Throat Chop|p1a: Clodsire
|-damage|p1a: Clodsire|50/100
|-start|p1a: Clodsire|Throat Chop|[silent]
|-damage|p2a: Overqwil|81/100|[from] item: Life Orb
|move|p1a: Clodsire|Stealth Rock|p2a: Overqwil
|-sidestart|p2: yessurskit|move: Stealth Rock
|
|-weather|RainDance|[upkeep]
|-heal|p1a: Clodsire|56/100|[from] item: Black Sludge
|upkeep
|turn|4
|
|t:|1758344394
|switch|p2a: Iron Treads|Iron Treads|100/100
|-damage|p2a: Iron Treads|97/100|[from] Stealth Rock
|-enditem|p2a: Iron Treads|Booster Energy
|-activate|p2a: Iron Treads|ability: Quark Drive|[fromitem]
|-start|p2a: Iron Treads|quarkdrivespe
|move|p1a: Clodsire|Recover|p1a: Clodsire
|-heal|p1a: Clodsire|100/100
|
|-weather|RainDance|[upkeep]
|-end|p1a: Clodsire|Throat Chop|[silent]
|upkeep
|turn|5
|
|t:|1758344409
|switch|p1a: Sinistcha|Sinistcha-Masterpiece|100/100
|move|p2a: Iron Treads|Stealth Rock|p1a: Sinistcha
|-sidestart|p1: castillo919|move: Stealth Rock
|
|-weather|RainDance|[upkeep]
|upkeep
|turn|6
|
|t:|1758344417
|-end|p2a: Iron Treads|Quark Drive|[silent]
|switch|p2a: Overqwil|Overqwil, F|81/100
|-damage|p2a: Overqwil|69/100|[from] Stealth Rock
|move|p1a: Sinistcha|Shadow Ball|p2a: Overqwil
|-resisted|p2a: Overqwil
|-damage|p2a: Overqwil|42/100
|
|-weather|RainDance|[upkeep]
|upkeep
|turn|7
|
|t:|1758344433
|switch|p1a: Clodsire|Clodsire, M, shiny|100/100
|-damage|p1a: Clodsire|94/100|[from] Stealth Rock
|move|p2a: Overqwil|Liquidation|p1a: Clodsire
|-supereffective|p1a: Clodsire
|-damage|p1a: Clodsire|0 fnt
|faint|p1a: Clodsire
|-damage|p2a: Overqwil|32/100|[from] item: Life Orb
|
|-weather|RainDance|[upkeep]
|upkeep
|
|t:|1758344445
|switch|p1a: Deoxys|Deoxys-Speed|100/100
|-damage|p1a: Deoxys|88/100|[from] Stealth Rock
|-ability|p1a: Deoxys|Pressure
|turn|8
|
|t:|1758344451
|move|p2a: Overqwil|Throat Chop|p1a: Deoxys
|-supereffective|p1a: Deoxys
|-damage|p1a: Deoxys|0 fnt
|faint|p1a: Deoxys
|-damage|p2a: Overqwil|23/100|[from] item: Life Orb
|
|-weather|none
|upkeep
|
|t:|1758344473
|switch|p1a: Cyclizar|Cyclizar, M|100/100
|-damage|p1a: Cyclizar|88/100|[from] Stealth Rock
|turn|9
|inactive|Battle timer is ON: inactive players will automatically lose when time's up. (requested by yessurskit)
|
|t:|1758344478
|switch|p2a: Pelipper|Pelipper, M|84/100
|-damage|p2a: Pelipper|59/100|[from] Stealth Rock
|-weather|RainDance|[from] ability: Drizzle|[of] p2a: Pelipper
|move|p1a: Cyclizar|Rapid Spin|p2a: Pelipper
|-damage|p2a: Pelipper|46/100
|-boost|p1a: Cyclizar|spe|1
|-sideend|p1: castillo919|Stealth Rock|[from] move: Rapid Spin|[of] p1a: Cyclizar
|
|-weather|RainDance|[upkeep]
|upkeep
|turn|10
|
|t:|1758344500
|switch|p2a: Iron Valiant|Iron Valiant|100/100
|-damage|p2a: Iron Valiant|94/100|[from] Stealth Rock
|-enditem|p2a: Iron Valiant|Booster Energy
|-activate|p2a: Iron Valiant|ability: Quark Drive|[fromitem]
|-start|p2a: Iron Valiant|quarkdrivespe
|move|p1a: Cyclizar|Dragon Tail|p2a: Iron Valiant
|-immune|p2a: Iron Valiant
|
|-weather|RainDance|[upkeep]
|upkeep
|turn|11
|inactive|yessurskit has 120 seconds left.
|inactive|castillo919 has 120 seconds left.
|inactive|yessurskit has 90 seconds left.
|
|t:|1758344563
|-terastallize|p1a: Cyclizar|Fairy
|move|p2a: Iron Valiant|Close Combat|p1a: Cyclizar
|-resisted|p1a: Cyclizar
|-damage|p1a: Cyclizar|44/100
|-unboost|p2a: Iron Valiant|def|1
|-unboost|p2a: Iron Valiant|spd|1
|move|p1a: Cyclizar|U-turn|p2a: Iron Valiant
|-resisted|p2a: Iron Valiant
|-damage|p2a: Iron Valiant|87/100
|inactive|castillo919 has 120 seconds left.
|
|t:|1758344584
|switch|p1a: Moltres|Moltres|100/100|[from] U-turn
|
|-weather|RainDance|[upkeep]
|upkeep
|turn|12
|
|t:|1758344591
|move|p2a: Iron Valiant|Liquidation|p1a: Moltres
|-supereffective|p1a: Moltres
|-crit|p1a: Moltres
|-damage|p1a: Moltres|7/100
|-status|p2a: Iron Valiant|brn|[from] ability: Flame Body|[of] p1a: Moltres
|move|p1a: Moltres|Flamethrower|p2a: Iron Valiant
|-damage|p2a: Iron Valiant|37/100 brn
|
|-weather|RainDance|[upkeep]
|-damage|p2a: Iron Valiant|31/100 brn|[from] brn
|upkeep
|turn|13
|
|t:|1758344608
|move|p2a: Iron Valiant|Knock Off|p1a: Moltres
|-damage|p1a: Moltres|0 fnt
|-enditem|p1a: Moltres|Heavy-Duty Boots|[from] move: Knock Off|[of] p2a: Iron Valiant
|faint|p1a: Moltres
|
|-weather|none
|-damage|p2a: Iron Valiant|25/100 brn|[from] brn
|upkeep
|
|t:|1758344617
|switch|p1a: Samurott|Samurott-Hisui, M|100/100
|turn|14
|
|t:|1758344622
|move|p1a: Samurott|Aqua Jet|p2a: Iron Valiant
|-damage|p2a: Iron Valiant|0 fnt
|faint|p2a: Iron Valiant
|-end|p2a: Iron Valiant|Quark Drive|[silent]
|
|upkeep
|
|t:|1758344631
|switch|p2a: Quaquaval|Quaquaval, M|100/100
|-damage|p2a: Quaquaval|94/100|[from] Stealth Rock
|turn|15
|
|t:|1758344651
|switch|p1a: Sinistcha|Sinistcha-Masterpiece|100/100
|move|p2a: Quaquaval|Knock Off|p1a: Sinistcha
|-supereffective|p1a: Sinistcha
|-crit|p1a: Sinistcha
|-damage|p1a: Sinistcha|28/100
|-enditem|p1a: Sinistcha|Leftovers|[from] move: Knock Off|[of] p2a: Quaquaval
|
|upkeep
|turn|16
|
|t:|1758344663
|move|p2a: Quaquaval|Knock Off|p1a: Sinistcha
|-supereffective|p1a: Sinistcha
|-damage|p1a: Sinistcha|0 fnt
|faint|p1a: Sinistcha
|-ability|p2a: Quaquaval|Moxie|boost
|-boost|p2a: Quaquaval|atk|1
|
|upkeep
|c|☆yessurskit|My bad
|inactive|castillo919 has 120 seconds left.
|l|☆castillo919
|inactive|castillo919 disconnected and has a minute to reconnect!
|player|p1|
|j|☆castillo919
|inactive|castillo919 reconnected and has 105 seconds left.
|player|p1|castillo919|1|
|inactive|castillo919 has 90 seconds left.
|inactive|castillo919 has 60 seconds left.
|inactive|castillo919 has 30 seconds left.
|inactive|castillo919 has 20 seconds left.
|inactive|castillo919 has 15 seconds left.
|inactive|castillo919 has 10 seconds left.
|inactive|castillo919 has 5 seconds left.
|-message|castillo919 lost due to inactivity.
|
|win|yessurskit
|raw|castillo919's rating: 1350 &rarr; <strong>1333</strong><br />(-17 for losing)
|raw|yessurskit's rating: 1404 &rarr; <strong>1421</strong><br />(+17 for winning)
|l|☆yessurskit
|player|p2|
|j|☆yessurskit
|player|p2|yessurskit|dancer|
|l|☆yessurskit
|player|p2|
