|j|☆xcPurple
|j|☆Pedranico
|t:|1758347333
|gametype|singles
|player|p1|xcPurple|rosa|1348
|player|p2|Pedranico|266|1350
|gen|9
|tier|[Gen 9] OU
|rated|
|rule|HP Percentage Mod: HP is shown in percentages
|rule|Endless Battle Clause: Forcing endless battles is banned
|rule|Species Clause: Limit one of each Pokémon
|rule|OHKO Clause: OHKO moves are banned
|rule|Evasion Items Clause: Evasion items are banned
|rule|Evasion Moves Clause: Evasion moves are banned
|rule|Evasion Abilities Clause: Evasion abilities are banned
|rule|Sleep Moves Clause: Sleep-inducing moves are banned
|clearpoke
|poke|p1|Pelipper, F|
|poke|p1|Greninja-*, M|
|poke|p1|Basculegion, M|
|poke|p1|Zapdos|
|poke|p1|Sandy Shocks|
|poke|p1|Scizor, F|
|poke|p2|Thundurus-Therian, M|
|poke|p2|Lokix, M|
|poke|p2|Alomomola, F|
|poke|p2|Hatterene, F|
|poke|p2|Iron Treads|
|poke|p2|Zamazenta-*|
|teampreview
|inactive|Battle timer is ON: inactive players will automatically lose when time's up. (requested by xcPurple)
|
|t:|1758347346
|teamsize|p1|6
|teamsize|p2|6
|start
|switch|p1a: Pelipper|Pelipper, F|100/100
|switch|p2a: Thundurus|Thundurus-Therian, M|100/100
|-weather|RainDance|[from] ability: Drizzle|[of] p1a: Pelipper
|turn|1
|
|t:|1758347356
|switch|p1a: Sandy Shocks|Sandy Shocks, shiny|100/100
|-enditem|p1a: Sandy Shocks|Booster Energy
|-activate|p1a: Sandy Shocks|ability: Protosynthesis|[fromitem]
|-start|p1a: Sandy Shocks|protosynthesisspe
|move|p2a: Thundurus|Grass Knot|p1a: Sandy Shocks
|-supereffective|p1a: Sandy Shocks
|-damage|p1a: Sandy Shocks|0 fnt
|faint|p1a: Sandy Shocks
|-end|p1a: Sandy Shocks|Protosynthesis|[silent]
|
|-weather|RainDance|[upkeep]
|upkeep
|
|t:|1758347366
|switch|p1a: Basculegion|Basculegion, M|100/100
|turn|2
|
|t:|1758347370
|switch|p2a: Alomomola|Alomomola, F|100/100
|-terastallize|p1a: Basculegion|Water
|move|p1a: Basculegion|Wave Crash|p2a: Alomomola
|-resisted|p2a: Alomomola
|-damage|p2a: Alomomola|47/100
|-damage|p1a: Basculegion|81/100|[from] Recoil
|-enditem|p2a: Alomomola|Eject Button
|
|t:|1758347390
|switch|p2a: Zamazenta|Zamazenta|100/100
|-ability|p2a: Zamazenta|Dauntless Shield|boost
|-boost|p2a: Zamazenta|def|1
|
|-weather|RainDance|[upkeep]
|upkeep
|turn|3
|
|t:|1758347393
|move|p1a: Basculegion|Wave Crash|p2a: Zamazenta
|-damage|p2a: Zamazenta|0 fnt
|faint|p2a: Zamazenta
|-damage|p1a: Basculegion|51/100|[from] Recoil
|
|-weather|RainDance|[upkeep]
|upkeep
|
|t:|1758347402
|switch|p2a: Lokix|Lokix, M|100/100
|turn|4
|
|t:|1758347407
|switch|p1a: Scizor|Scizor, F|100/100
|move|p2a: Lokix|First Impression|p1a: Scizor
|-resisted|p1a: Scizor
|-damage|p1a: Scizor|54/100
|
|-weather|RainDance|[upkeep]
|upkeep
|turn|5
|
|t:|1758347420
|switch|p2a: Alomomola|Alomomola, F|80/100
|move|p1a: Scizor|Bullet Punch|p2a: Alomomola
|-resisted|p2a: Alomomola
|-damage|p2a: Alomomola|71/100
|
|-weather|RainDance|[upkeep]
|upkeep
|turn|6
|
|t:|1758347428
|switch|p2a: Iron Treads|Iron Treads|100/100
|move|p1a: Scizor|U-turn|p2a: Iron Treads
|-resisted|p2a: Iron Treads
|-damage|p2a: Iron Treads|87/100
|
|t:|1758347436
|switch|p1a: Greninja|Greninja, M|100/100|[from] U-turn
|
|-weather|RainDance|[upkeep]
|upkeep
|turn|7
|
|t:|1758347441
|-end|p2a: Iron Treads|Quark Drive|[silent]
|switch|p2a: Hatterene|Hatterene, F|100/100
|move|p1a: Greninja|Surf|p2a: Hatterene
|-damage|p2a: Hatterene|59/100
|-damage|p1a: Greninja|91/100|[from] item: Life Orb
|
|-weather|RainDance|[upkeep]
|upkeep
|turn|8
|
|t:|1758347454
|switch|p1a: Zapdos|Zapdos, shiny|100/100
|move|p2a: Hatterene|Draining Kiss|p1a: Zapdos
|-damage|p1a: Zapdos|78/100
|-heal|p2a: Hatterene|79/100|[from] drain|[of] p1a: Zapdos
|
|-weather|none
|upkeep
|turn|9
|
|t:|1758347463
|move|p1a: Zapdos|U-turn|p2a: Hatterene
|-damage|p2a: Hatterene|63/100
|
|t:|1758347465
|switch|p1a: Pelipper|Pelipper, F|100/100|[from] U-turn
|-weather|RainDance|[from] ability: Drizzle|[of] p1a: Pelipper
|move|p2a: Hatterene|Future Sight|p1a: Pelipper
|-start|p2a: Hatterene|move: Future Sight
|
|-weather|RainDance|[upkeep]
|upkeep
|turn|10
|
|t:|1758347476
|move|p1a: Pelipper|Weather Ball|p2a: Hatterene
|-damage|p2a: Hatterene|26/100
|move|p2a: Hatterene|Mystical Fire|p1a: Pelipper
|-resisted|p1a: Pelipper
|-damage|p1a: Pelipper|93/100
|-unboost|p1a: Pelipper|spa|1
|
|-weather|RainDance|[upkeep]
|upkeep
|turn|11
|
|t:|1758347485
|switch|p2a: Alomomola|Alomomola, F|100/100
|move|p1a: Pelipper|U-turn|p2a: Alomomola
|-damage|p2a: Alomomola|95/100
|
|t:|1758347494
|switch|p1a: Zapdos|Zapdos, shiny|78/100|[from] U-turn
|
|-weather|RainDance|[upkeep]
|-end|p1a: Zapdos|move: Future Sight
|-damage|p1a: Zapdos|24/100
|upkeep
|turn|12
|
|t:|1758347502
|move|p2a: Alomomola|Protect|p2a: Alomomola
|-singleturn|p2a: Alomomola|Protect
|move|p1a: Zapdos|Roost|p1a: Zapdos
|-heal|p1a: Zapdos|74/100
|-singleturn|p1a: Zapdos|move: Roost
|
|-weather|RainDance|[upkeep]
|upkeep
|turn|13
|
|t:|1758347509
|switch|p2a: Thundurus|Thundurus-Therian, M|100/100
|move|p1a: Zapdos|U-turn|p2a: Thundurus
|-resisted|p2a: Thundurus
|-damage|p2a: Thundurus|90/100
|
|t:|1758347520
|switch|p1a: Basculegion|Basculegion, M, tera:Water|51/100|[from] U-turn
|
|-weather|RainDance|[upkeep]
|upkeep
|turn|14
|
|t:|1758347534
|switch|p1a: Zapdos|Zapdos, shiny|74/100
|switch|p2a: Hatterene|Hatterene, F|26/100
|
|-weather|RainDance|[upkeep]
|upkeep
|turn|15
|
|t:|1758347543
|move|p1a: Zapdos|Thunder|p2a: Hatterene
|-damage|p2a: Hatterene|3/100
|move|p2a: Hatterene|Future Sight|p1a: Zapdos
|-start|p2a: Hatterene|move: Future Sight
|
|-weather|RainDance|[upkeep]
|upkeep
|turn|16
|
|t:|1758347552
|move|p1a: Zapdos|U-turn|p2a: Hatterene
|-crit|p2a: Hatterene
|-damage|p2a: Hatterene|0 fnt
|faint|p2a: Hatterene
|
|t:|1758347557
|switch|p1a: Scizor|Scizor, F|54/100|[from] U-turn
|
|-weather|none
|upkeep
|
|t:|1758347561
|switch|p2a: Alomomola|Alomomola, F|100/100
|turn|17
|
|t:|1758347574
|move|p1a: Scizor|U-turn|p2a: Alomomola
|-damage|p2a: Alomomola|76/100
|
|t:|1758347577
|switch|p1a: Zapdos|Zapdos, shiny|74/100|[from] U-turn
|move|p2a: Alomomola|Flip Turn|p1a: Zapdos
|-damage|p1a: Zapdos|60/100
|
|t:|1758347590
|switch|p2a: Thundurus|Thundurus-Therian, M|90/100|[from] Flip Turn
|
|-end|p1a: Zapdos|move: Future Sight
|-damage|p1a: Zapdos|8/100
|upkeep
|turn|18
|
|t:|1758347607
|move|p2a: Thundurus|Volt Switch|p1a: Zapdos
|-damage|p1a: Zapdos|0 fnt
|faint|p1a: Zapdos
|
|t:|1758347626
|switch|p2a: Alomomola|Alomomola, F|100/100|[from] Volt Switch
|
|upkeep
|-message|xcPurple forfeited.
|
|win|Pedranico
|raw|xcPurple's rating: 1348 &rarr; <strong>1328</strong><br />(-20 for losing)
|raw|Pedranico's rating: 1350 &rarr; <strong>1370</strong><br />(+20 for winning)
|l|☆xcPurple
|player|p1|
|l|☆Pedranico
|player|p2|
