|j|☆bidofest
|j|☆overheat xyz
|t:|1758255845
|gametype|singles
|player|p1|bidofest|1|1758
|player|p2|overheat xyz|265|1752
|gen|9
|tier|[Gen 9] OU
|rated|
|rule|HP Percentage Mod: HP is shown in percentages
|rule|Endless Battle Clause: Forcing endless battles is banned
|rule|Species Clause: Limit one of each Pokémon
|rule|OHKO Clause: OHKO moves are banned
|rule|Evasion Items Clause: Evasion items are banned
|rule|Evasion Moves Clause: Evasion moves are banned
|rule|Evasion Abilities Clause: Evasion abilities are banned
|rule|Sleep Moves Clause: Sleep-inducing moves are banned
|clearpoke
|poke|p1|Gholdengo|
|poke|p1|Weavile, F|
|poke|p1|Moltres|
|poke|p1|Clefable, M|
|poke|p1|Great Tusk|
|poke|p1|Samurott-Hisui, M|
|poke|p2|Kingambit, F|
|poke|p2|Garganacl, M|
|poke|p2|Rillaboom, F|
|poke|p2|Hatterene, F|
|poke|p2|Dragapult, F|
|poke|p2|Corviknight, F|
|teampreview
|inactive|Battle timer is ON: inactive players will automatically lose when time's up. (requested by overheat xyz)
|
|t:|1758255874
|teamsize|p1|6
|teamsize|p2|6
|start
|switch|p1a: Samurott|Samurott-Hisui, M|100/100
|switch|p2a: Dragapult|Dragapult, F|100/100
|turn|1
|
|t:|1758255890
|switch|p2a: Corviknight|Corviknight, F|100/100
|-ability|p2a: Corviknight|Pressure
|move|p1a: Samurott|Knock Off|p2a: Corviknight
|-damage|p2a: Corviknight|73/100
|-damage|p1a: Samurott|84/100|[from] item: Rocky Helmet|[of] p2a: Corviknight
|-enditem|p2a: Corviknight|Rocky Helmet|[from] move: Knock Off|[of] p1a: Samurott
|
|upkeep
|turn|2
|
|t:|1758255900
|switch|p1a: Moltres|Moltres|100/100
|move|p2a: Corviknight|Roost|p2a: Corviknight
|-heal|p2a: Corviknight|100/100
|-singleturn|p2a: Corviknight|move: Roost
|
|upkeep
|turn|3
|
|t:|1758255904
|switch|p2a: Garganacl|Garganacl, M|100/100
|move|p1a: Moltres|U-turn|p2a: Garganacl
|-damage|p2a: Garganacl|91/100
|
|t:|1758255907
|switch|p1a: Gholdengo|Gholdengo|100/100|[from] U-turn
|
|-heal|p2a: Garganacl|98/100|[from] item: Leftovers
|upkeep
|turn|4
|
|t:|1758255914
|move|p2a: Garganacl|Protect|p2a: Garganacl
|-singleturn|p2a: Garganacl|Protect
|move|p1a: Gholdengo|Nasty Plot|p1a: Gholdengo
|-boost|p1a: Gholdengo|spa|2
|
|-heal|p2a: Garganacl|100/100|[from] item: Leftovers
|upkeep
|turn|5
|
|t:|1758255934
|-terastallize|p2a: Garganacl|Water
|move|p1a: Gholdengo|Thunderbolt|p2a: Garganacl
|-supereffective|p2a: Garganacl
|-damage|p2a: Garganacl|3/100
|move|p2a: Garganacl|Salt Cure|p1a: Gholdengo
|-resisted|p1a: Gholdengo
|-damage|p1a: Gholdengo|92/100
|-start|p1a: Gholdengo|Salt Cure
|
|-heal|p2a: Garganacl|10/100|[from] item: Leftovers
|-damage|p1a: Gholdengo|67/100|[from] Salt Cure
|upkeep
|turn|6
|
|t:|1758255946
|move|p2a: Garganacl|Protect|p2a: Garganacl
|-singleturn|p2a: Garganacl|Protect
|move|p1a: Gholdengo|Thunderbolt|p2a: Garganacl
|-activate|p2a: Garganacl|move: Protect
|
|-heal|p2a: Garganacl|16/100|[from] item: Leftovers
|-damage|p1a: Gholdengo|42/100|[from] Salt Cure
|upkeep
|turn|7
|
|t:|1758255954
|move|p2a: Garganacl|Protect|p2a: Garganacl
|-singleturn|p2a: Garganacl|Protect
|move|p1a: Gholdengo|Make It Rain|p2a: Garganacl
|-activate|p2a: Garganacl|move: Protect
|
|-heal|p2a: Garganacl|22/100|[from] item: Leftovers
|-damage|p1a: Gholdengo|18/100|[from] Salt Cure
|upkeep
|turn|8
|
|t:|1758255959
|move|p2a: Garganacl|Protect||[still]
|-fail|p2a: Garganacl
|move|p1a: Gholdengo|Recover|p1a: Gholdengo
|-heal|p1a: Gholdengo|68/100
|
|-heal|p2a: Garganacl|28/100|[from] item: Leftovers
|-damage|p1a: Gholdengo|43/100|[from] Salt Cure
|upkeep
|turn|9
|
|t:|1758255964
|move|p2a: Garganacl|Protect|p2a: Garganacl
|-singleturn|p2a: Garganacl|Protect
|move|p1a: Gholdengo|Recover|p1a: Gholdengo
|-heal|p1a: Gholdengo|93/100
|
|-heal|p2a: Garganacl|34/100|[from] item: Leftovers
|-damage|p1a: Gholdengo|68/100|[from] Salt Cure
|upkeep
|turn|10
|
|t:|1758255971
|move|p1a: Gholdengo|Make It Rain|p2a: Garganacl
|-resisted|p2a: Garganacl
|-damage|p2a: Garganacl|0 fnt
|-unboost|p1a: Gholdengo|spa|1
|faint|p2a: Garganacl
|
|-damage|p1a: Gholdengo|44/100|[from] Salt Cure
|upkeep
|
|t:|1758255978
|switch|p2a: Rillaboom|Rillaboom, F|100/100
|-fieldstart|move: Grassy Terrain|[from] ability: Grassy Surge|[of] p2a: Rillaboom
|turn|11
|
|t:|1758255981
|switch|p1a: Moltres|Moltres|100/100
|move|p2a: Rillaboom|Knock Off|p1a: Moltres
|-damage|p1a: Moltres|50/100
|-enditem|p1a: Moltres|Heavy-Duty Boots|[from] move: Knock Off|[of] p2a: Rillaboom
|
|upkeep
|turn|12
|
|t:|1758255987
|switch|p2a: Hatterene|Hatterene, F|100/100
|move|p1a: Moltres|U-turn|p2a: Hatterene
|-damage|p2a: Hatterene|83/100
|
|t:|1758255993
|switch|p1a: Gholdengo|Gholdengo|44/100|[from] U-turn
|
|-heal|p1a: Gholdengo|50/100|[from] Grassy Terrain
|-heal|p2a: Hatterene|89/100|[from] Grassy Terrain
|upkeep
|turn|13
|
|t:|1758256003
|move|p1a: Gholdengo|Make It Rain|p2a: Hatterene
|-supereffective|p2a: Hatterene
|-damage|p2a: Hatterene|0 fnt
|-unboost|p1a: Gholdengo|spa|1
|faint|p2a: Hatterene
|
|-heal|p1a: Gholdengo|56/100|[from] Grassy Terrain
|upkeep
|
|t:|1758256010
|switch|p2a: Dragapult|Dragapult, F|100/100
|turn|14
|
|t:|1758256018
|switch|p1a: Clefable|Clefable, M|100/100
|move|p2a: Dragapult|Shadow Ball|p1a: Clefable
|-damage|p1a: Clefable|52/100
|
|-heal|p1a: Clefable|58/100|[from] Grassy Terrain
|upkeep
|turn|15
|
|t:|1758256022
|move|p2a: Dragapult|Shadow Ball|p1a: Clefable
|-damage|p1a: Clefable|6/100
|move|p1a: Clefable|Thunder Wave|p2a: Dragapult
|-status|p2a: Dragapult|par
|
|-heal|p1a: Clefable|12/100|[from] Grassy Terrain
|-fieldend|move: Grassy Terrain
|upkeep
|turn|16
|
|t:|1758256027
|move|p2a: Dragapult|Shadow Ball|p1a: Clefable
|-damage|p1a: Clefable|0 fnt
|faint|p1a: Clefable
|
|upkeep
|
|t:|1758256030
|switch|p1a: Samurott|Samurott-Hisui, M|84/100
|turn|17
|
|t:|1758256036
|switch|p2a: Corviknight|Corviknight, F|100/100
|-ability|p2a: Corviknight|Pressure
|move|p1a: Samurott|Ceaseless Edge|p2a: Corviknight
|-damage|p2a: Corviknight|72/100
|-sidestart|p2: overheat xyz|Spikes
|
|upkeep
|turn|18
|
|t:|1758256044
|switch|p1a: Gholdengo|Gholdengo|56/100
|switch|p2a: Kingambit|Kingambit, F|100/100
|-damage|p2a: Kingambit|88/100|[from] Spikes
|-activate|p2a: Kingambit|ability: Supreme Overlord
|-start|p2a: Kingambit|fallen2|[silent]
|
|upkeep
|turn|19
|j| Cjjdjgjsjfjsuf
|
|t:|1758256050
|switch|p1a: Great Tusk|Great Tusk|100/100
|move|p2a: Kingambit|Swords Dance|p2a: Kingambit
|-boost|p2a: Kingambit|atk|2
|
|upkeep
|turn|20
|
|t:|1758256055
|move|p1a: Great Tusk|Headlong Rush|p2a: Kingambit
|-supereffective|p2a: Kingambit
|-damage|p2a: Kingambit|5/100
|-unboost|p1a: Great Tusk|def|1
|-unboost|p1a: Great Tusk|spd|1
|move|p2a: Kingambit|Iron Head|p1a: Great Tusk
|-damage|p1a: Great Tusk|3/100
|-damage|p2a: Kingambit|0 fnt|[from] item: Rocky Helmet|[of] p1a: Great Tusk
|faint|p2a: Kingambit
|-end|p2a: Kingambit|fallen2|[silent]
|
|upkeep
|
|t:|1758256065
|switch|p2a: Rillaboom|Rillaboom, F|100/100
|-damage|p2a: Rillaboom|88/100|[from] Spikes
|-fieldstart|move: Grassy Terrain|[from] ability: Grassy Surge|[of] p2a: Rillaboom
|turn|21
|
|t:|1758256072
|move|p1a: Great Tusk|Ice Spinner|p2a: Rillaboom
|-supereffective|p2a: Rillaboom
|-crit|p2a: Rillaboom
|-damage|p2a: Rillaboom|14/100
|-fieldend|move: Grassy Terrain
|move|p2a: Rillaboom|Knock Off|p1a: Great Tusk
|-resisted|p1a: Great Tusk
|-damage|p1a: Great Tusk|0 fnt
|-damage|p2a: Rillaboom|0 fnt|[from] item: Rocky Helmet|[of] p1a: Great Tusk
|faint|p1a: Great Tusk
|-end|p1a: Great Tusk|Protosynthesis|[silent]
|faint|p2a: Rillaboom
|
|upkeep
|-message|overheat xyz forfeited.
|
|win|bidofest
|raw|bidofest's rating: 1758 &rarr; <strong>1778</strong><br />(+20 for winning)
|raw|overheat xyz's rating: 1752 &rarr; <strong>1732</strong><br />(-20 for losing)
|l|☆overheat xyz
|player|p2|
|l|☆bidofest
|player|p1|
|l| Cjjdjgjsjfjsuf
