|j|☆CuentaTemporal00
|j|☆BlueDash
|t:|1758349129
|gametype|singles
|player|p1|CuentaTemporal00|li|1277
|player|p2|BlueDash|shadowtriad|1333
|gen|9
|tier|[Gen 9] OU
|rated|
|rule|HP Percentage Mod: HP is shown in percentages
|rule|Endless Battle Clause: Forcing endless battles is banned
|rule|Species Clause: Limit one of each Pokémon
|rule|OHKO Clause: OHKO moves are banned
|rule|Evasion Items Clause: Evasion items are banned
|rule|Evasion Moves Clause: Evasion moves are banned
|rule|Evasion Abilities Clause: Evasion abilities are banned
|rule|Sleep Moves Clause: Sleep-inducing moves are banned
|clearpoke
|poke|p1|Staraptor, F|
|poke|p1|Dragapult, F|
|poke|p1|Conkeldurr, F|
|poke|p1|Rotom-Wash|
|poke|p1|Weavile, M|
|poke|p1|Iron Hands|
|poke|p2|Iron Valiant|
|poke|p2|Grafaiai, M|
|poke|p2|Greninja-*, M|
|poke|p2|Corviknight, M|
|poke|p2|Garchomp, M|
|poke|p2|Gholdengo|
|teampreview
|
|t:|1758349132
|teamsize|p1|6
|teamsize|p2|6
|start
|switch|p1a: Staraptor|Staraptor, F|100/100
|switch|p2a: Grafaiai|Grafaiai, M|100/100
|turn|1
|
|t:|1758349138
|-terastallize|p1a: Staraptor|Flying
|move|p1a: Staraptor|Brave Bird|p2a: Grafaiai
|-enditem|p2a: Grafaiai|Focus Sash
|-damage|p2a: Grafaiai|1/100
|-damage|p1a: Staraptor|72/100|[from] Recoil
|move|p2a: Grafaiai|Knock Off|p1a: Staraptor
|-damage|p1a: Staraptor|27/100
|-enditem|p1a: Staraptor|Sharp Beak|[from] move: Knock Off|[of] p2a: Grafaiai
|
|upkeep
|turn|2
|inactive|Battle timer is ON: inactive players will automatically lose when time's up. (requested by BlueDash)
|
|t:|1758349152
|move|p2a: Grafaiai|Acrobatics|p1a: Staraptor
|-damage|p1a: Staraptor|0 fnt
|faint|p1a: Staraptor
|
|upkeep
|
|t:|1758349157
|switch|p1a: Conkeldurr|Conkeldurr, F|100/100
|turn|3
|
|t:|1758349163
|-terastallize|p2a: Grafaiai|Ghost
|move|p1a: Conkeldurr|Mach Punch|p2a: Grafaiai
|-immune|p2a: Grafaiai
|move|p2a: Grafaiai|Acrobatics|p1a: Conkeldurr
|-supereffective|p1a: Conkeldurr
|-damage|p1a: Conkeldurr|44/100
|
|-status|p1a: Conkeldurr|brn|[from] item: Flame Orb
|upkeep
|turn|4
|
|t:|1758349170
|move|p2a: Grafaiai|Acrobatics|p1a: Conkeldurr
|-supereffective|p1a: Conkeldurr
|-damage|p1a: Conkeldurr|0 fnt
|faint|p1a: Conkeldurr
|
|upkeep
|
|t:|1758349176
|switch|p1a: Weavile|Weavile, M|100/100
|turn|5
|
|t:|1758349179
|move|p1a: Weavile|Ice Shard|p2a: Grafaiai
|-damage|p2a: Grafaiai|0 fnt
|faint|p2a: Grafaiai
|-damage|p1a: Weavile|91/100|[from] item: Life Orb
|
|upkeep
|
|t:|1758349187
|switch|p2a: Corviknight|Corviknight, M, shiny|100/100
|turn|6
|
|t:|1758349190
|move|p1a: Weavile|Knock Off|p2a: Corviknight
|-damage|p2a: Corviknight|45/100
|-damage|p1a: Weavile|74/100|[from] item: Rocky Helmet|[of] p2a: Corviknight
|-enditem|p2a: Corviknight|Rocky Helmet|[from] move: Knock Off|[of] p1a: Weavile
|-damage|p1a: Weavile|64/100|[from] item: Life Orb
|move|p2a: Corviknight|U-turn|p1a: Weavile
|-supereffective|p1a: Weavile
|-damage|p1a: Weavile|21/100
|
|t:|1758349196
|switch|p2a: Gholdengo|Gholdengo, shiny|100/100|[from] U-turn
|
|upkeep
|turn|7
|
|t:|1758349201
|move|p2a: Gholdengo|Shadow Ball|p1a: Weavile
|-resisted|p1a: Weavile
|-crit|p1a: Weavile
|-damage|p1a: Weavile|0 fnt
|faint|p1a: Weavile
|
|upkeep
|
|t:|1758349207
|switch|p1a: Dragapult|Dragapult, F|100/100
|turn|8
|
|t:|1758349212
|switch|p1a: Rotom|Rotom-Wash|100/100
|move|p2a: Gholdengo|Shadow Ball|p1a: Rotom
|-damage|p1a: Rotom|61/100
|
|upkeep
|turn|9
|
|t:|1758349217
|move|p2a: Gholdengo|Shadow Ball|p1a: Rotom
|-crit|p1a: Rotom
|-damage|p1a: Rotom|5/100
|move|p1a: Rotom|Shadow Ball|p2a: Gholdengo
|-supereffective|p2a: Gholdengo
|-damage|p2a: Gholdengo|46/100
|-unboost|p2a: Gholdengo|spd|1
|
|upkeep
|turn|10
|
|t:|1758349220
|move|p2a: Gholdengo|Shadow Ball|p1a: Rotom
|-damage|p1a: Rotom|0 fnt
|faint|p1a: Rotom
|
|upkeep
|
|t:|1758349227
|switch|p1a: Iron Hands|Iron Hands|100/100
|-enditem|p1a: Iron Hands|Booster Energy
|-activate|p1a: Iron Hands|ability: Quark Drive|[fromitem]
|-start|p1a: Iron Hands|quarkdriveatk
|turn|11
|
|t:|1758349237
|switch|p2a: Corviknight|Corviknight, M, shiny|45/100
|move|p1a: Iron Hands|Thunder Punch|p2a: Corviknight
|-supereffective|p2a: Corviknight
|-damage|p2a: Corviknight|0 fnt
|faint|p2a: Corviknight
|
|upkeep
|
|t:|1758349241
|switch|p2a: Garchomp|Garchomp, M, shiny|100/100
|turn|12
|
|t:|1758349247
|move|p2a: Garchomp|Earthquake|p1a: Iron Hands
|-supereffective|p1a: Iron Hands
|-damage|p1a: Iron Hands|34/100
|move|p1a: Iron Hands|Ice Punch|p2a: Garchomp
|-supereffective|p2a: Garchomp
|-damage|p2a: Garchomp|0 fnt
|-damage|p1a: Iron Hands|22/100|[from] ability: Rough Skin|[of] p2a: Garchomp
|faint|p2a: Garchomp
|
|upkeep
|
|t:|1758349253
|switch|p2a: Iron Valiant|Iron Valiant, shiny|100/100
|-enditem|p2a: Iron Valiant|Booster Energy
|-activate|p2a: Iron Valiant|ability: Quark Drive|[fromitem]
|-start|p2a: Iron Valiant|quarkdrivespe
|turn|13
|c|☆CuentaTemporal00|gg
|
|t:|1758349269
|move|p2a: Iron Valiant|Spirit Break|p1a: Iron Hands
|-supereffective|p1a: Iron Hands
|-damage|p1a: Iron Hands|0 fnt
|faint|p1a: Iron Hands
|-end|p1a: Iron Hands|Quark Drive|[silent]
|
|upkeep
|
|t:|1758349272
|switch|p1a: Dragapult|Dragapult, F|100/100
|turn|14
|
|t:|1758349277
|move|p2a: Iron Valiant|Spirit Break|p1a: Dragapult
|-supereffective|p1a: Dragapult
|-damage|p1a: Dragapult|0 fnt
|faint|p1a: Dragapult
|
|win|BlueDash
|raw|CuentaTemporal00's rating: 1277 &rarr; <strong>1256</strong><br />(-21 for losing)
|raw|BlueDash's rating: 1333 &rarr; <strong>1350</strong><br />(+17 for winning)
|l|☆BlueDash
|player|p2|
|l|☆CuentaTemporal00
|player|p1|
