|j|☆grimer waifu
|j|☆DomCat
|t:|1758250155
|gametype|singles
|player|p1|grimer waifu|firebreather|1364
|player|p2|DomCat|lady-gen4|1396
|gen|9
|tier|[Gen 9] OU
|rated|
|rule|HP Percentage Mod: HP is shown in percentages
|rule|Endless Battle Clause: Forcing endless battles is banned
|rule|Species Clause: Limit one of each Pokémon
|rule|OHKO Clause: OHKO moves are banned
|rule|Evasion Items Clause: Evasion items are banned
|rule|Evasion Moves Clause: Evasion moves are banned
|rule|Evasion Abilities Clause: Evasion abilities are banned
|rule|Sleep Moves Clause: Sleep-inducing moves are banned
|clearpoke
|poke|p1|Gliscor, F|
|poke|p1|Corviknight, M|
|poke|p1|Clefable, F|
|poke|p1|Gholdengo|
|poke|p1|Slowking-Galar, F|
|poke|p1|Dragonite, F|
|poke|p2|Heatran, M|
|poke|p2|Quaquaval, M|
|poke|p2|Garganacl, M|
|poke|p2|Gliscor, F|
|poke|p2|Zapdos|
|poke|p2|Walking Wake|
|teampreview
|inactive|Battle timer is ON: inactive players will automatically lose when time's up. (requested by grimer waifu)
|
|t:|1758250166
|teamsize|p1|6
|teamsize|p2|6
|start
|switch|p1a: Gholdengo|Gholdengo|100/100
|switch|p2a: Sparkuno|Zapdos|100/100
|turn|1
|
|t:|1758250171
|switch|p1a: Clefable|Clefable, F, shiny|100/100
|move|p2a: Sparkuno|Heat Wave|p1a: Clefable
|-damage|p1a: Clefable|78/100
|
|upkeep
|turn|2
|
|t:|1758250176
|move|p2a: Sparkuno|Volt Switch|p1a: Clefable
|-damage|p1a: Clefable|51/100
|
|t:|1758250183
|switch|p2a: Himalayan Salt|Garganacl, M|100/100|[from] Volt Switch
|move|p1a: Clefable|Knock Off|p2a: Himalayan Salt
|-damage|p2a: Himalayan Salt|87/100
|-enditem|p2a: Himalayan Salt|Leftovers|[from] move: Knock Off|[of] p1a: Clefable
|
|upkeep
|turn|3
|
|t:|1758250189
|switch|p1a: Gholdengo|Gholdengo|100/100
|move|p2a: Himalayan Salt|Salt Cure|p1a: Gholdengo
|-resisted|p1a: Gholdengo
|-damage|p1a: Gholdengo|93/100
|
|upkeep
|turn|4
|
|t:|1758250207
|switch|p1a: Gliscor|Gliscor, F, shiny|100/100
|switch|p2a: Sparkuno|Zapdos|100/100
|
|-status|p1a: Gliscor|tox|[from] item: Toxic Orb
|upkeep
|turn|5
|
|t:|1758250213
|move|p2a: Sparkuno|Hurricane|p1a: Gliscor|[miss]
|-miss|p2a: Sparkuno|p1a: Gliscor
|move|p1a: Gliscor|Stealth Rock|p2a: Sparkuno
|-sidestart|p2: DomCat|move: Stealth Rock
|
|upkeep
|turn|6
|
|t:|1758250218
|move|p2a: Sparkuno|Hurricane|p1a: Gliscor
|-damage|p1a: Gliscor|29/100 tox
|move|p1a: Gliscor|Knock Off|p2a: Sparkuno
|-damage|p2a: Sparkuno|79/100
|-enditem|p2a: Sparkuno|Heavy-Duty Boots|[from] move: Knock Off|[of] p1a: Gliscor
|
|-heal|p1a: Gliscor|41/100 tox|[from] ability: Poison Heal
|upkeep
|turn|7
|
|t:|1758250226
|switch|p1a: Slowking|Slowking-Galar, F|100/100
|move|p2a: Sparkuno|Roost|p2a: Sparkuno
|-heal|p2a: Sparkuno|100/100
|-singleturn|p2a: Sparkuno|move: Roost
|
|upkeep
|turn|8
|
|t:|1758250235
|move|p2a: Sparkuno|Volt Switch|p1a: Slowking
|-damage|p1a: Slowking|75/100
|
|t:|1758250238
|switch|p2a: Chop Chop|Gliscor, F|100/100|[from] Volt Switch
|-damage|p2a: Chop Chop|88/100|[from] Stealth Rock
|move|p1a: Slowking|Future Sight|p2a: Chop Chop
|-start|p1a: Slowking|move: Future Sight
|
|-status|p2a: Chop Chop|tox|[from] item: Toxic Orb
|upkeep
|turn|9
|
|t:|1758250245
|switch|p2a: Boiling Dragon|Walking Wake|100/100
|-damage|p2a: Boiling Dragon|88/100|[from] Stealth Rock
|switch|p1a: Gliscor|Gliscor, F, shiny|41/100 tox
|
|-heal|p1a: Gliscor|54/100 tox|[from] ability: Poison Heal
|upkeep
|turn|10
|
|t:|1758250254
|move|p1a: Gliscor|Protect|p1a: Gliscor
|-singleturn|p1a: Gliscor|Protect
|move|p2a: Boiling Dragon|Hydro Steam|p1a: Gliscor
|-activate|p1a: Gliscor|move: Protect
|
|-end|p2a: Boiling Dragon|move: Future Sight
|-damage|p2a: Boiling Dragon|32/100
|-heal|p1a: Gliscor|66/100 tox|[from] ability: Poison Heal
|upkeep
|turn|11
|
|t:|1758250262
|switch|p1a: Slowking|Slowking-Galar, F|100/100
|move|p2a: Boiling Dragon|Hydro Steam|p1a: Slowking
|-damage|p1a: Slowking|66/100
|
|upkeep
|turn|12
|
|t:|1758250269
|-end|p2a: Boiling Dragon|Protosynthesis|[silent]
|switch|p2a: Molten Salt|Heatran, M|100/100
|-damage|p2a: Molten Salt|88/100|[from] Stealth Rock
|move|p1a: Slowking|Future Sight|p2a: Molten Salt
|-start|p1a: Slowking|move: Future Sight
|
|-heal|p2a: Molten Salt|94/100|[from] item: Leftovers
|upkeep
|turn|13
|
|t:|1758250276
|move|p2a: Molten Salt|Stealth Rock|p1a: Slowking
|-sidestart|p1: grimer waifu|move: Stealth Rock
|move|p1a: Slowking|Toxic Spikes|p2a: Molten Salt
|-sidestart|p2: DomCat|move: Toxic Spikes
|
|-heal|p2a: Molten Salt|100/100|[from] item: Leftovers
|upkeep
|turn|14
|
|t:|1758250281
|move|p2a: Molten Salt|Earth Power|p1a: Slowking
|-supereffective|p1a: Slowking
|-damage|p1a: Slowking|26/100
|-prepare|p1a: Slowking|Chilly Reception|[premajor]
|move|p1a: Slowking|Chilly Reception|p1a: Slowking
|-weather|Snowscape
|
|t:|1758250284
|switch|p1a: Gliscor|Gliscor, F, shiny|66/100 tox|[from] Chilly Reception
|-damage|p1a: Gliscor|54/100 tox|[from] Stealth Rock
|
|-weather|Snowscape|[upkeep]
|-end|p2a: Molten Salt|move: Future Sight
|-resisted|p2a: Molten Salt
|-damage|p2a: Molten Salt|81/100
|-heal|p2a: Molten Salt|87/100|[from] item: Leftovers
|-heal|p1a: Gliscor|66/100 tox|[from] ability: Poison Heal
|upkeep
|turn|15
|
|t:|1758250297
|switch|p1a: Slowking|Slowking-Galar, F|59/100
|switch|p2a: Sparkuno|Zapdos|100/100
|-damage|p2a: Sparkuno|75/100|[from] Stealth Rock
|
|-weather|Snowscape|[upkeep]
|upkeep
|turn|16
|
|t:|1758250303
|move|p2a: Sparkuno|Hurricane|p1a: Slowking|[miss]
|-miss|p2a: Sparkuno|p1a: Slowking
|-prepare|p1a: Slowking|Chilly Reception|[premajor]
|move|p1a: Slowking|Chilly Reception|p1a: Slowking
|
|t:|1758250312
|switch|p1a: Gholdengo|Gholdengo|93/100|[from] Chilly Reception
|-damage|p1a: Gholdengo|86/100|[from] Stealth Rock
|
|-weather|Snowscape|[upkeep]
|upkeep
|turn|17
|
|t:|1758250317
|switch|p1a: Slowking|Slowking-Galar, F|93/100
|move|p2a: Sparkuno|Heat Wave|p1a: Slowking
|-damage|p1a: Slowking|71/100
|
|-weather|Snowscape|[upkeep]
|upkeep
|turn|18
|
|t:|1758250323
|move|p2a: Sparkuno|Volt Switch|p1a: Slowking
|-damage|p1a: Slowking|46/100
|
|t:|1758250328
|switch|p2a: Molten Salt|Heatran, M|87/100|[from] Volt Switch
|-damage|p2a: Molten Salt|75/100|[from] Stealth Rock
|move|p1a: Slowking|Future Sight|p2a: Molten Salt
|-start|p1a: Slowking|move: Future Sight
|
|-weather|none
|-heal|p2a: Molten Salt|81/100|[from] item: Leftovers
|upkeep
|turn|19
|
|t:|1758250335
|switch|p1a: Gliscor|Gliscor, F, shiny|66/100 tox
|-damage|p1a: Gliscor|54/100 tox|[from] Stealth Rock
|move|p2a: Molten Salt|Magma Storm|p1a: Gliscor
|-damage|p1a: Gliscor|0 fnt
|faint|p1a: Gliscor
|
|-heal|p2a: Molten Salt|87/100|[from] item: Leftovers
|upkeep
|
|t:|1758250347
|switch|p1a: Clefable|Clefable, F, shiny|51/100
|turn|20
|
|t:|1758250355
|switch|p2a: Sparkuno|Zapdos|75/100
|-damage|p2a: Sparkuno|50/100|[from] Stealth Rock
|move|p1a: Clefable|Thunder Wave|p2a: Sparkuno
|-immune|p2a: Sparkuno
|
|-end|p2a: Sparkuno|move: Future Sight
|-damage|p2a: Sparkuno|7/100
|upkeep
|turn|21
|
|t:|1758250364
|move|p2a: Sparkuno|Roost|p2a: Sparkuno
|-heal|p2a: Sparkuno|57/100
|-singleturn|p2a: Sparkuno|move: Roost
|move|p1a: Clefable|Moonblast|p2a: Sparkuno
|-damage|p2a: Sparkuno|27/100
|-unboost|p2a: Sparkuno|spa|1
|
|upkeep
|turn|22
|
|t:|1758250372
|move|p2a: Sparkuno|Roost|p2a: Sparkuno
|-heal|p2a: Sparkuno|77/100
|-singleturn|p2a: Sparkuno|move: Roost
|move|p1a: Clefable|Moonlight|p1a: Clefable
|-heal|p1a: Clefable|100/100
|
|upkeep
|turn|23
|
|t:|1758250379
|switch|p1a: Gholdengo|Gholdengo|86/100
|-damage|p1a: Gholdengo|80/100|[from] Stealth Rock
|move|p2a: Sparkuno|Volt Switch|p1a: Gholdengo
|-damage|p1a: Gholdengo|62/100
|
|t:|1758250386
|switch|p2a: Chop Chop|Gliscor, F|88/100 tox|[from] Volt Switch
|-damage|p2a: Chop Chop|76/100 tox|[from] Stealth Rock
|
|-heal|p2a: Chop Chop|88/100 tox|[from] ability: Poison Heal
|upkeep
|turn|24
|
|t:|1758250392
|switch|p1a: Corviknight|Corviknight, M|100/100
|-damage|p1a: Corviknight|88/100|[from] Stealth Rock
|-ability|p1a: Corviknight|Pressure
|move|p2a: Chop Chop|Knock Off|p1a: Corviknight
|-damage|p1a: Corviknight|74/100
|-damage|p2a: Chop Chop|71/100 tox|[from] item: Rocky Helmet|[of] p1a: Corviknight
|-enditem|p1a: Corviknight|Rocky Helmet|[from] move: Knock Off|[of] p2a: Chop Chop
|
|-heal|p2a: Chop Chop|84/100 tox|[from] ability: Poison Heal
|upkeep
|turn|25
|
|t:|1758250405
|switch|p2a: Sparkuno|Zapdos|77/100
|-damage|p2a: Sparkuno|52/100|[from] Stealth Rock
|move|p1a: Corviknight|Brave Bird|p2a: Sparkuno
|-resisted|p2a: Sparkuno
|-damage|p2a: Sparkuno|31/100
|-status|p1a: Corviknight|par|[from] ability: Static|[of] p2a: Sparkuno
|-damage|p1a: Corviknight|68/100 par|[from] Recoil
|
|upkeep
|turn|26
|
|t:|1758250414
|switch|p1a: Slowking|Slowking-Galar, F|80/100
|move|p2a: Sparkuno|Roost|p2a: Sparkuno
|-heal|p2a: Sparkuno|81/100
|-singleturn|p2a: Sparkuno|move: Roost
|
|upkeep
|turn|27
|
|t:|1758250421
|move|p2a: Sparkuno|Volt Switch|p1a: Slowking
|-damage|p1a: Slowking|55/100
|
|t:|1758250424
|switch|p2a: Himalayan Salt|Garganacl, M|87/100|[from] Volt Switch
|-damage|p2a: Himalayan Salt|75/100|[from] Stealth Rock
|move|p1a: Slowking|Future Sight|p2a: Himalayan Salt
|-start|p1a: Slowking|move: Future Sight
|
|upkeep
|turn|28
|
|t:|1758250430
|move|p2a: Himalayan Salt|Earthquake|p1a: Slowking
|-supereffective|p1a: Slowking
|-damage|p1a: Slowking|0 fnt
|faint|p1a: Slowking
|
|upkeep
|
|t:|1758250433
|switch|p1a: Gholdengo|Gholdengo|62/100
|-damage|p1a: Gholdengo|56/100|[from] Stealth Rock
|turn|29
|
|t:|1758250441
|switch|p2a: Sparkuno|Zapdos|81/100
|-damage|p2a: Sparkuno|56/100|[from] Stealth Rock
|move|p1a: Gholdengo|Make It Rain|p2a: Sparkuno
|-resisted|p2a: Sparkuno
|-damage|p2a: Sparkuno|32/100
|-unboost|p1a: Gholdengo|spa|1
|
|-end|p2a: Sparkuno|move: Future Sight
|-damage|p2a: Sparkuno|0 fnt
|faint|p2a: Sparkuno
|upkeep
|
|t:|1758250452
|switch|p2a: Joker 2019|Quaquaval, M|100/100
|-damage|p2a: Joker 2019|94/100|[from] Stealth Rock
|-status|p2a: Joker 2019|psn
|turn|30
|
|t:|1758250459
|move|p2a: Joker 2019|Bulk Up|p2a: Joker 2019
|-boost|p2a: Joker 2019|atk|1
|-boost|p2a: Joker 2019|def|1
|move|p1a: Gholdengo|Recover|p1a: Gholdengo
|-heal|p1a: Gholdengo|100/100
|
|-heal|p2a: Joker 2019|100/100 psn|[from] item: Leftovers
|-damage|p2a: Joker 2019|88/100 psn|[from] psn
|upkeep
|turn|31
|
|t:|1758250468
|switch|p1a: Clefable|Clefable, F, shiny|100/100
|-terastallize|p2a: Joker 2019|Water
|move|p2a: Joker 2019|Aqua Step|p1a: Clefable
|-damage|p1a: Clefable|42/100
|-boost|p2a: Joker 2019|spe|1
|
|-heal|p2a: Joker 2019|94/100 psn|[from] item: Leftovers
|-damage|p2a: Joker 2019|82/100 psn|[from] psn
|upkeep
|turn|32
|
|t:|1758250483
|move|p2a: Joker 2019|Aqua Step|p1a: Clefable
|-damage|p1a: Clefable|0 fnt
|-boost|p2a: Joker 2019|spe|1
|faint|p1a: Clefable
|-ability|p2a: Joker 2019|Moxie|boost
|-boost|p2a: Joker 2019|atk|1
|
|-heal|p2a: Joker 2019|88/100 psn|[from] item: Leftovers
|-damage|p2a: Joker 2019|76/100 psn|[from] psn
|upkeep
|
|t:|1758250486
|switch|p1a: Dragonite|Dragonite, F, shiny|100/100
|-damage|p1a: Dragonite|76/100|[from] Stealth Rock
|turn|33
|
|t:|1758250502
|-terastallize|p1a: Dragonite|Fire
|move|p2a: Joker 2019|Triple Axel|p1a: Dragonite
|-resisted|p1a: Dragonite
|-crit|p1a: Dragonite
|-damage|p1a: Dragonite|64/100
|-resisted|p1a: Dragonite
|-damage|p1a: Dragonite|50/100
|-resisted|p1a: Dragonite
|-damage|p1a: Dragonite|30/100
|-hitcount|p1a: Dragonite|3
|move|p1a: Dragonite|Scale Shot|p2a: Joker 2019
|-damage|p2a: Joker 2019|62/100 psn
|-damage|p2a: Joker 2019|48/100 psn
|-damage|p2a: Joker 2019|35/100 psn
|-damage|p2a: Joker 2019|21/100 psn
|-damage|p2a: Joker 2019|10/100 psn
|-hitcount|p2a: Joker 2019|5
|-unboost|p1a: Dragonite|def|1
|-boost|p1a: Dragonite|spe|1
|
|-heal|p2a: Joker 2019|16/100 psn|[from] item: Leftovers
|-damage|p2a: Joker 2019|3/100 psn|[from] psn
|upkeep
|turn|34
|
|t:|1758250521
|move|p2a: Joker 2019|Aqua Step|p1a: Dragonite
|-supereffective|p1a: Dragonite
|-damage|p1a: Dragonite|0 fnt
|-boost|p2a: Joker 2019|spe|1
|faint|p1a: Dragonite
|-ability|p2a: Joker 2019|Moxie|boost
|-boost|p2a: Joker 2019|atk|1
|
|-heal|p2a: Joker 2019|10/100 psn|[from] item: Leftovers
|-damage|p2a: Joker 2019|0 fnt|[from] psn
|faint|p2a: Joker 2019
|upkeep
|
|t:|1758250532
|switch|p2a: Molten Salt|Heatran, M|87/100
|switch|p1a: Gholdengo|Gholdengo|100/100
|-damage|p1a: Gholdengo|94/100|[from] Stealth Rock
|-damage|p2a: Molten Salt|75/100|[from] Stealth Rock
|turn|35
|
|t:|1758250541
|move|p1a: Gholdengo|Nasty Plot|p1a: Gholdengo
|-boost|p1a: Gholdengo|spa|2
|move|p2a: Molten Salt|Earth Power|p1a: Gholdengo
|-supereffective|p1a: Gholdengo
|-damage|p1a: Gholdengo|45/100
|
|-heal|p2a: Molten Salt|81/100|[from] item: Leftovers
|upkeep
|turn|36
|
|t:|1758250549
|move|p2a: Molten Salt|Protect|p2a: Molten Salt
|-singleturn|p2a: Molten Salt|Protect
|move|p1a: Gholdengo|Shadow Ball|p2a: Molten Salt
|-activate|p2a: Molten Salt|move: Protect
|
|-heal|p2a: Molten Salt|87/100|[from] item: Leftovers
|upkeep
|turn|37
|
|t:|1758250556
|move|p1a: Gholdengo|Shadow Ball|p2a: Molten Salt
|-damage|p2a: Molten Salt|24/100
|move|p2a: Molten Salt|Earth Power|p1a: Gholdengo
|-supereffective|p1a: Gholdengo
|-damage|p1a: Gholdengo|0 fnt
|faint|p1a: Gholdengo
|
|-heal|p2a: Molten Salt|30/100|[from] item: Leftovers
|upkeep
|
|t:|1758250559
|switch|p1a: Corviknight|Corviknight, M|68/100 par
|-damage|p1a: Corviknight|56/100 par|[from] Stealth Rock
|-ability|p1a: Corviknight|Pressure
|turn|38
|
|t:|1758250568
|move|p2a: Molten Salt|Magma Storm|p1a: Corviknight
|-supereffective|p1a: Corviknight
|-damage|p1a: Corviknight|0 fnt
|faint|p1a: Corviknight
|
|win|DomCat
|raw|grimer waifu's rating: 1364 &rarr; <strong>1346</strong><br />(-18 for losing)
|raw|DomCat's rating: 1396 &rarr; <strong>1414</strong><br />(+18 for winning)
|l|☆grimer waifu
|player|p1|
