|j|☆chrxn't
|j|☆bibiGKC
|t:|1758269198
|gametype|singles
|player|p1|chrxn't|psychic-gen4|1153
|player|p2|bibiGKC|n|1118
|gen|9
|tier|[Gen 9] OU
|rated|
|rule|HP Percentage Mod: HP is shown in percentages
|rule|Endless Battle Clause: Forcing endless battles is banned
|rule|Species Clause: Limit one of each Pokémon
|rule|OHKO Clause: OHKO moves are banned
|rule|Evasion Items Clause: Evasion items are banned
|rule|Evasion Moves Clause: Evasion moves are banned
|rule|Evasion Abilities Clause: Evasion abilities are banned
|rule|Sleep Moves Clause: Sleep-inducing moves are banned
|clearpoke
|poke|p1|Squawkabilly, F|
|poke|p1|Lokix, F|
|poke|p1|Maushold-Four|
|poke|p1|Iron Treads|
|poke|p1|Cinderace, F|
|poke|p1|Dragapult, F|
|poke|p2|Ninetales-Alola, M|
|poke|p2|Cetitan, F|
|poke|p2|Frosmoth, M|
|poke|p2|Zoroark-Hisui, F|
|poke|p2|Heatran, M|
|poke|p2|Abomasnow, F|
|teampreview
|inactive|Battle timer is ON: inactive players will automatically lose when time's up. (requested by chrxn't)
|
|t:|1758269226
|teamsize|p1|6
|teamsize|p2|6
|start
|switch|p1a: i am killer|Squawkabilly, F|100/100
|switch|p2a: Ninetales|Ninetales-Alola, M|100/100
|-weather|Snowscape|[from] ability: Snow Warning|[of] p2a: Ninetales
|turn|1
|
|t:|1758269236
|move|p2a: Ninetales|Aurora Veil|p2a: Ninetales
|-sidestart|p2: bibiGKC|move: Aurora Veil
|move|p1a: i am killer|Double-Edge|p2a: Ninetales|[miss]
|-miss|p1a: i am killer|p2a: Ninetales
|
|-weather|Snowscape|[upkeep]
|upkeep
|turn|2
|
|t:|1758269250
|switch|p2a: Heatran|Heatran, M|100/100
|-item|p2a: Heatran|Air Balloon
|move|p1a: i am killer|Quick Attack|p2a: Heatran|[miss]
|-miss|p1a: i am killer|p2a: Heatran
|
|-weather|Snowscape|[upkeep]
|upkeep
|turn|3
|
|t:|1758269261
|move|p1a: i am killer|U-turn|p2a: Heatran
|-resisted|p2a: Heatran
|-damage|p2a: Heatran|97/100
|-enditem|p2a: Heatran|Air Balloon
|-damage|p1a: i am killer|91/100|[from] item: Life Orb
|
|t:|1758269271
|switch|p1a: Cinderace|Cinderace, F|100/100|[from] U-turn
|move|p2a: Heatran|Stealth Rock|p1a: Cinderace
|-sidestart|p1: chrxn't|move: Stealth Rock
|
|-weather|Snowscape|[upkeep]
|upkeep
|turn|4
|
|t:|1758269284
|move|p1a: Cinderace|U-turn|p2a: Heatran
|-start|p1a: Cinderace|typechange|Bug|[from] ability: Libero
|-resisted|p2a: Heatran
|-damage|p2a: Heatran|93/100
|
|t:|1758269292
|switch|p1a: i am killer|Squawkabilly, F|91/100|[from] U-turn
|-damage|p1a: i am killer|66/100|[from] Stealth Rock
|move|p2a: Heatran|Earth Power|p1a: i am killer
|-immune|p1a: i am killer
|
|-weather|Snowscape|[upkeep]
|upkeep
|turn|5
|
|t:|1758269311
|move|p2a: Heatran|Protect|p2a: Heatran
|-singleturn|p2a: Heatran|Protect
|move|p1a: i am killer|U-turn|p2a: Heatran
|-activate|p2a: Heatran|move: Protect
|
|-weather|none
|upkeep
|turn|6
|
|t:|1758269322
|switch|p2a: Abomasnow|Abomasnow, F|100/100
|-weather|Snowscape|[from] ability: Snow Warning|[of] p2a: Abomasnow
|move|p1a: i am killer|Double-Edge|p2a: Abomasnow
|-damage|p2a: Abomasnow|63/100
|-damage|p1a: i am killer|50/100|[from] Recoil
|-damage|p1a: i am killer|40/100|[from] item: Life Orb
|
|-weather|Snowscape|[upkeep]
|upkeep
|turn|7
|l|☆chrxn't
|inactive|chrxn't disconnected and has a minute to reconnect!
|player|p1|
|inactive|chrxn't has 30 seconds to reconnect!
|inactive|chrxn't has 20 seconds to reconnect!
|inactive|chrxn't has 15 seconds to reconnect!
|inactive|chrxn't has 10 seconds to reconnect!
|inactive|chrxn't has 5 seconds to reconnect!
|-message|chrxn't lost due to inactivity.
|
|win|bibiGKC
|raw|chrxn&apos;t's rating: 1153 &rarr; <strong>1125</strong><br />(-28 for losing)
|raw|bibiGKC's rating: 1118 &rarr; <strong>1146</strong><br />(+28 for winning)
|l|☆bibiGKC
|player|p2|
