|j|☆bingus100
|j|☆math76
|t:|1758269865
|gametype|singles
|player|p1|bingus100|clay|1481
|player|p2|math76|ghetsis|1565
|gen|9
|tier|[Gen 9] OU
|rated|
|rule|HP Percentage Mod: HP is shown in percentages
|rule|Endless Battle Clause: Forcing endless battles is banned
|rule|Species Clause: Limit one of each Pokémon
|rule|OHKO Clause: OHKO moves are banned
|rule|Evasion Items Clause: Evasion items are banned
|rule|Evasion Moves Clause: Evasion moves are banned
|rule|Evasion Abilities Clause: Evasion abilities are banned
|rule|Sleep Moves Clause: Sleep-inducing moves are banned
|clearpoke
|poke|p1|Heatran, M|
|poke|p1|Ogerpon-Wellspring, F|
|poke|p1|Rillaboom, M|
|poke|p1|Great Tusk|
|poke|p1|Dragapult, M|
|poke|p1|Bronzong|
|poke|p2|Pelipper, M|
|poke|p2|Barraskewda, M|
|poke|p2|Manaphy|
|poke|p2|Zapdos|
|poke|p2|Amoonguss, M|
|poke|p2|Kingdra, F|
|teampreview
|
|t:|1758269874
|teamsize|p1|6
|teamsize|p2|6
|start
|switch|p1a: Bronzong|Bronzong, shiny|100/100
|switch|p2a: Pelipper|Pelipper, M|100/100
|-weather|RainDance|[from] ability: Drizzle|[of] p2a: Pelipper
|turn|1
|
|t:|1758269906
|move|p2a: Pelipper|U-turn|p1a: Bronzong
|-damage|p1a: Bronzong|95/100
|
|t:|1758269917
|switch|p2a: Kingdra|Kingdra, F|100/100|[from] U-turn
|move|p1a: Bronzong|Stealth Rock|p2a: Kingdra
|-sidestart|p2: math76|move: Stealth Rock
|
|-weather|RainDance|[upkeep]
|upkeep
|turn|2
|
|t:|1758269929
|move|p2a: Kingdra|Weather Ball|p1a: Bronzong
|-damage|p1a: Bronzong|3/100
|move|p1a: Bronzong|Future Sight|p2a: Kingdra
|-start|p1a: Bronzong|move: Future Sight
|
|-weather|RainDance|[upkeep]
|upkeep
|turn|3
|
|t:|1758269936
|move|p2a: Kingdra|Weather Ball|p1a: Bronzong
|-damage|p1a: Bronzong|0 fnt
|faint|p1a: Bronzong
|
|-weather|RainDance|[upkeep]
|upkeep
|
|t:|1758269945
|switch|p1a: Ogerpon|Ogerpon-Wellspring, F|100/100
|turn|4
|
|t:|1758269969
|switch|p2a: Amoonguss|Amoonguss, M|100/100
|-damage|p2a: Amoonguss|88/100|[from] Stealth Rock
|move|p1a: Ogerpon|Swords Dance|p1a: Ogerpon
|-boost|p1a: Ogerpon|atk|2
|
|-weather|RainDance|[upkeep]
|-end|p2a: Amoonguss|move: Future Sight
|-supereffective|p2a: Amoonguss
|-damage|p2a: Amoonguss|39/100
|upkeep
|turn|5
|
|t:|1758269981
|move|p1a: Ogerpon|Ivy Cudgel|p2a: Amoonguss|[anim] Ivy Cudgel Water
|-resisted|p2a: Amoonguss
|-damage|p2a: Amoonguss|0 fnt
|faint|p2a: Amoonguss
|
|-weather|RainDance|[upkeep]
|upkeep
|
|t:|1758269987
|switch|p2a: Kingdra|Kingdra, F|100/100
|-damage|p2a: Kingdra|88/100|[from] Stealth Rock
|turn|6
|
|t:|1758269997
|-terastallize|p1a: Ogerpon|Water
|detailschange|p1a: Ogerpon|Ogerpon-Wellspring-Tera, F, tera:Water
|-ability|p1a: Ogerpon|Embody Aspect (Wellspring)|boost
|-boost|p1a: Ogerpon|spd|1
|move|p2a: Kingdra|Hurricane|p1a: Ogerpon
|-damage|p1a: Ogerpon|59/100
|move|p1a: Ogerpon|Play Rough|p2a: Kingdra
|-supereffective|p2a: Kingdra
|-damage|p2a: Kingdra|0 fnt
|faint|p2a: Kingdra
|
|-weather|RainDance|[upkeep]
|upkeep
|
|t:|1758270024
|switch|p2a: Barraskewda|Barraskewda, M|100/100
|-damage|p2a: Barraskewda|88/100|[from] Stealth Rock
|turn|7
|
|t:|1758270037
|switch|p1a: Great Tusk|Great Tusk|100/100
|-terastallize|p2a: Barraskewda|Water
|move|p2a: Barraskewda|Liquidation|p1a: Great Tusk
|-supereffective|p1a: Great Tusk
|-damage|p1a: Great Tusk|0 fnt
|faint|p1a: Great Tusk
|-end|p1a: Great Tusk|Protosynthesis|[silent]
|
|-weather|RainDance|[upkeep]
|upkeep
|
|t:|1758270045
|switch|p1a: Rillaboom|Rillaboom, M|100/100
|-fieldstart|move: Grassy Terrain|[from] ability: Grassy Surge|[of] p1a: Rillaboom
|turn|8
|
|t:|1758270057
|switch|p2a: Zapdos|Zapdos|100/100
|-damage|p2a: Zapdos|76/100|[from] Stealth Rock
|move|p1a: Rillaboom|Grassy Glide|p2a: Zapdos
|-resisted|p2a: Zapdos
|-damage|p2a: Zapdos|51/100
|
|-weather|none
|upkeep
|turn|9
|
|t:|1758270066
|switch|p1a: Dragapult|Dragapult, M|100/100
|move|p2a: Zapdos|Roost|p2a: Zapdos
|-heal|p2a: Zapdos|100/100
|-singleturn|p2a: Zapdos|move: Roost
|
|upkeep
|turn|10
|
|t:|1758270073
|switch|p2a: Pelipper|Pelipper, M|100/100
|-damage|p2a: Pelipper|76/100|[from] Stealth Rock
|-weather|RainDance|[from] ability: Drizzle|[of] p2a: Pelipper
|move|p1a: Dragapult|Shadow Ball|p2a: Pelipper
|-damage|p2a: Pelipper|0 fnt
|faint|p2a: Pelipper
|
|-weather|RainDance|[upkeep]
|upkeep
|
|t:|1758270086
|switch|p2a: Barraskewda|Barraskewda, M, tera:Water|88/100
|-damage|p2a: Barraskewda|76/100|[from] Stealth Rock
|turn|11
|
|t:|1758270109
|switch|p1a: Heatran|Heatran, M|100/100
|move|p2a: Barraskewda|Liquidation|p1a: Heatran
|-supereffective|p1a: Heatran
|-damage|p1a: Heatran|0 fnt
|faint|p1a: Heatran
|
|-weather|RainDance|[upkeep]
|-heal|p2a: Barraskewda|82/100|[from] Grassy Terrain
|upkeep
|
|t:|1758270117
|switch|p1a: Rillaboom|Rillaboom, M|100/100
|turn|12
|
|t:|1758270124
|switch|p2a: Zapdos|Zapdos|100/100
|-damage|p2a: Zapdos|76/100|[from] Stealth Rock
|move|p1a: Rillaboom|Knock Off|p2a: Zapdos
|-crit|p2a: Zapdos
|-damage|p2a: Zapdos|9/100
|-status|p1a: Rillaboom|par|[from] ability: Static|[of] p2a: Zapdos
|-enditem|p2a: Zapdos|Life Orb|[from] move: Knock Off|[of] p1a: Rillaboom
|
|-weather|RainDance|[upkeep]
|upkeep
|turn|13
|
|t:|1758270133
|move|p1a: Rillaboom|Grassy Glide|p2a: Zapdos
|-resisted|p2a: Zapdos
|-damage|p2a: Zapdos|0 fnt
|faint|p2a: Zapdos
|
|-weather|RainDance|[upkeep]
|upkeep
|
|t:|1758270138
|switch|p2a: Manaphy|Manaphy|100/100
|-damage|p2a: Manaphy|88/100|[from] Stealth Rock
|turn|14
|
|t:|1758270146
|move|p1a: Rillaboom|Grassy Glide|p2a: Manaphy
|-supereffective|p2a: Manaphy
|-crit|p2a: Manaphy
|-damage|p2a: Manaphy|0 fnt
|faint|p2a: Manaphy
|
|-weather|RainDance|[upkeep]
|upkeep
|-message|math76 forfeited.
|
|win|bingus100
|raw|bingus100's rating: 1481 &rarr; <strong>1506</strong><br />(+25 for winning)
|raw|math76's rating: 1565 &rarr; <strong>1540</strong><br />(-25 for losing)
|l|☆math76
|player|p2|
|l|☆bingus100
|player|p1|
