|j|☆Very_Pogger_Name
|j|☆annefrank67
|t:|1758328186
|gametype|singles
|player|p1|Very_Pogger_Name|unknownf|
|player|p2|annefrank67|elesa|
|gen|9
|tier|[Gen 9] OU
|rule|HP Percentage Mod: HP is shown in percentages
|rule|Endless Battle Clause: Forcing endless battles is banned
|rule|Species Clause: Limit one of each Pokémon
|rule|OHKO Clause: OHKO moves are banned
|rule|Evasion Items Clause: Evasion items are banned
|rule|Evasion Moves Clause: Evasion moves are banned
|rule|Evasion Abilities Clause: Evasion abilities are banned
|rule|Sleep Moves Clause: Sleep-inducing moves are banned
|clearpoke
|poke|p1|Dragapult, M|
|poke|p1|Dragonite, F|
|poke|p1|Ting-Lu|
|poke|p1|Weezing-Galar, F|
|poke|p1|Iron Crown|
|poke|p1|Zapdos|
|poke|p2|Weezing-Galar, M|
|poke|p2|Gholdengo|
|poke|p2|Gliscor, F|
|poke|p2|Araquanid, M|
|poke|p2|Zamazenta-*|
|poke|p2|Cinderace, F|
|teampreview
|
|t:|1758328209
|teamsize|p1|6
|teamsize|p2|6
|start
|switch|p1a: Zapdos|Zapdos|100/100
|switch|p2a: Gliscor|Gliscor, F, shiny|100/100
|turn|1
|
|t:|1758328217
|move|p1a: Zapdos|Hurricane|p2a: Gliscor
|-damage|p2a: Gliscor|33/100
|-start|p2a: Gliscor|confusion
|-activate|p2a: Gliscor|confusion
|-damage|p2a: Gliscor|24/100|[from] confusion
|
|-status|p2a: Gliscor|tox|[from] item: Toxic Orb
|upkeep
|turn|2
|
|t:|1758328232
|move|p1a: Zapdos|Heat Wave|p2a: Gliscor
|-damage|p2a: Gliscor|0 fnt
|faint|p2a: Gliscor
|
|upkeep
|c|☆Very_Pogger_Name|Rough
|c|☆annefrank67|ye it was better i just let him go
|
|t:|1758328254
|switch|p2a: Gholdengo|Gholdengo|100/100
|turn|3
|
|t:|1758328265
|switch|p1a: Ting-Lu|Ting-Lu|100/100
|-ability|p1a: Ting-Lu|Vessel of Ruin
|move|p2a: Gholdengo|Power Gem|p1a: Ting-Lu
|-resisted|p1a: Ting-Lu
|-damage|p1a: Ting-Lu|95/100
|
|-heal|p1a: Ting-Lu|100/100|[from] item: Leftovers
|upkeep
|turn|4
|
|t:|1758328301
|switch|p2a: Araquanid|Araquanid, M, shiny|100/100
|move|p1a: Ting-Lu|Stealth Rock|p2a: Araquanid
|-sidestart|p2: annefrank67|move: Stealth Rock
|
|upkeep
|turn|5
|
|t:|1758328313
|switch|p1a: Weezing|Weezing-Galar, F|100/100
|-ability|p1a: Weezing|Neutralizing Gas
|move|p2a: Araquanid|Liquidation|p1a: Weezing
|-damage|p1a: Weezing|80/100
|
|upkeep
|turn|6
|
|t:|1758328323
|move|p1a: Weezing|Toxic Spikes|p2a: Araquanid
|-sidestart|p2: annefrank67|move: Toxic Spikes
|move|p2a: Araquanid|Poison Jab|p1a: Weezing
|-crit|p1a: Weezing
|-damage|p1a: Weezing|59/100
|
|upkeep
|turn|7
|
|t:|1758328331
|move|p1a: Weezing|Toxic Spikes|p2a: Araquanid
|-sidestart|p2: annefrank67|move: Toxic Spikes
|move|p2a: Araquanid|Leech Life|p1a: Weezing
|-resisted|p1a: Weezing
|-damage|p1a: Weezing|55/100
|
|upkeep
|turn|8
|
|t:|1758328338
|move|p1a: Weezing|Pain Split|p2a: Araquanid
|-sethp|p2a: Araquanid|77/100|[from] move: Pain Split|[silent]
|-sethp|p1a: Weezing|78/100|[from] move: Pain Split
|move|p2a: Araquanid|Liquidation|p1a: Weezing
|-damage|p1a: Weezing|56/100
|
|-heal|p2a: Araquanid|83/100|[from] item: Leftovers
|upkeep
|turn|9
|
|t:|1758328346
|move|p1a: Weezing|Pain Split|p2a: Araquanid
|-sethp|p2a: Araquanid|69/100|[from] move: Pain Split|[silent]
|-sethp|p1a: Weezing|70/100|[from] move: Pain Split
|move|p2a: Araquanid|Liquidation|p1a: Weezing
|-damage|p1a: Weezing|47/100
|
|-heal|p2a: Araquanid|75/100|[from] item: Leftovers
|upkeep
|turn|10
|
|t:|1758328356
|move|p1a: Weezing|Pain Split|p2a: Araquanid
|-sethp|p2a: Araquanid|60/100|[from] move: Pain Split|[silent]
|-sethp|p1a: Weezing|61/100|[from] move: Pain Split
|move|p2a: Araquanid|Liquidation|p1a: Weezing
|-damage|p1a: Weezing|42/100
|
|-heal|p2a: Araquanid|67/100|[from] item: Leftovers
|upkeep
|turn|11
|
|t:|1758328363
|-end|p1a: Weezing|ability: Neutralizing Gas
|switch|p1a: Zapdos|Zapdos|100/100
|move|p2a: Araquanid|Liquidation|p1a: Zapdos
|-damage|p1a: Zapdos|59/100
|
|-heal|p2a: Araquanid|73/100|[from] item: Leftovers
|upkeep
|turn|12
|
|t:|1758328380
|switch|p2a: Gholdengo|Gholdengo|100/100
|-damage|p2a: Gholdengo|94/100|[from] Stealth Rock
|move|p1a: Zapdos|Volt Switch|p2a: Gholdengo
|-damage|p2a: Gholdengo|50/100
|
|t:|1758328401
|switch|p1a: Dragonite|Dragonite, F|100/100|[from] Volt Switch
|
|-heal|p2a: Gholdengo|56/100|[from] item: Leftovers
|upkeep
|turn|13
|
|t:|1758328411
|move|p2a: Gholdengo|Dazzling Gleam|p1a: Dragonite
|-supereffective|p1a: Dragonite
|-damage|p1a: Dragonite|73/100
|move|p1a: Dragonite|Dragon Dance|p1a: Dragonite
|-boost|p1a: Dragonite|atk|1
|-boost|p1a: Dragonite|spe|1
|
|-heal|p2a: Gholdengo|62/100|[from] item: Leftovers
|upkeep
|turn|14
|
|t:|1758328421
|move|p1a: Dragonite|Earthquake|p2a: Gholdengo
|-supereffective|p2a: Gholdengo
|-damage|p2a: Gholdengo|0 fnt
|faint|p2a: Gholdengo
|
|upkeep
|
|t:|1758328425
|switch|p2a: Zamazenta|Zamazenta, shiny|100/100
|-damage|p2a: Zamazenta|94/100|[from] Stealth Rock
|-status|p2a: Zamazenta|tox
|-ability|p2a: Zamazenta|Dauntless Shield|boost
|-boost|p2a: Zamazenta|def|1
|turn|15
|
|t:|1758328434
|switch|p1a: Iron Crown|Iron Crown|100/100
|move|p2a: Zamazenta|Ice Fang|p1a: Iron Crown
|-resisted|p1a: Iron Crown
|-crit|p1a: Iron Crown
|-damage|p1a: Iron Crown|81/100
|
|-damage|p2a: Zamazenta|88/100 tox|[from] psn
|upkeep
|turn|16
|
|t:|1758328442
|move|p1a: Iron Crown|Psyshock|p2a: Zamazenta
|-supereffective|p2a: Zamazenta
|-damage|p2a: Zamazenta|23/100 tox
|move|p2a: Zamazenta|Body Press|p1a: Iron Crown
|-damage|p1a: Iron Crown|34/100
|
|-damage|p2a: Zamazenta|10/100 tox|[from] psn
|upkeep
|turn|17
|
|t:|1758328450
|move|p1a: Iron Crown|Psyshock|p2a: Zamazenta
|-supereffective|p2a: Zamazenta
|-damage|p2a: Zamazenta|0 fnt
|faint|p2a: Zamazenta
|
|upkeep
|
|t:|1758328454
|switch|p2a: Cinderace|Cinderace, F|100/100
|turn|18
|
|t:|1758328462
|-end|p1a: Iron Crown|Quark Drive|[silent]
|switch|p1a: Ting-Lu|Ting-Lu|100/100
|-ability|p1a: Ting-Lu|Vessel of Ruin
|move|p2a: Cinderace|Court Change|p2a: Cinderace
|-start|p2a: Cinderace|typechange|Normal|[from] ability: Libero
|-swapsideconditions
|-activate|p2a: Cinderace|move: Court Change
|
|upkeep
|turn|19
|
|t:|1758328477
|move|p2a: Cinderace|Trailblaze|p1a: Ting-Lu
|-supereffective|p1a: Ting-Lu
|-damage|p1a: Ting-Lu|82/100
|-boost|p2a: Cinderace|spe|1
|move|p1a: Ting-Lu|Ruination|p2a: Cinderace
|-damage|p2a: Cinderace|51/100
|
|-heal|p1a: Ting-Lu|88/100|[from] item: Leftovers
|upkeep
|turn|20
|
|t:|1758328498
|move|p2a: Cinderace|Trailblaze|p1a: Ting-Lu
|-supereffective|p1a: Ting-Lu
|-damage|p1a: Ting-Lu|72/100
|-boost|p2a: Cinderace|spe|1
|move|p1a: Ting-Lu|Earthquake|p2a: Cinderace
|-damage|p2a: Cinderace|1/100
|
|-heal|p1a: Ting-Lu|78/100|[from] item: Leftovers
|upkeep
|turn|21
|
|t:|1758328508
|switch|p2a: Araquanid|Araquanid, M, shiny|73/100
|move|p1a: Ting-Lu|Earthquake|p2a: Araquanid
|-resisted|p2a: Araquanid
|-damage|p2a: Araquanid|52/100
|
|-heal|p1a: Ting-Lu|84/100|[from] item: Leftovers
|-heal|p2a: Araquanid|59/100|[from] item: Leftovers
|upkeep
|turn|22
|
|t:|1758328536
|switch|p1a: Weezing|Weezing-Galar, F|42/100
|-ability|p1a: Weezing|Neutralizing Gas
|-sideend|p1: Very_Pogger_Name|move: Toxic Spikes|[of] p1a: Weezing
|-terastallize|p2a: Araquanid|Water
|move|p2a: Araquanid|Liquidation|p1a: Weezing
|-damage|p1a: Weezing|12/100
|
|-heal|p2a: Araquanid|65/100|[from] item: Leftovers
|upkeep
|turn|23
|
|t:|1758328561
|move|p1a: Weezing|Pain Split|p2a: Araquanid
|-sethp|p2a: Araquanid|38/100|[from] move: Pain Split|[silent]
|-sethp|p1a: Weezing|39/100|[from] move: Pain Split
|move|p2a: Araquanid|Liquidation|p1a: Weezing
|-damage|p1a: Weezing|12/100
|
|-heal|p2a: Araquanid|44/100|[from] item: Leftovers
|upkeep
|turn|24
|
|t:|1758328576
|move|p1a: Weezing|Defog|p2a: Araquanid
|-unboost|p2a: Araquanid|evasion|1
|-sideend|p1: Very_Pogger_Name|Stealth Rock|[from] move: Defog|[of] p1a: Weezing
|move|p2a: Araquanid|Liquidation|p1a: Weezing
|-damage|p1a: Weezing|0 fnt
|faint|p1a: Weezing
|-end|p1a: Weezing|ability: Neutralizing Gas
|
|-heal|p2a: Araquanid|51/100|[from] item: Leftovers
|upkeep
|
|t:|1758328580
|switch|p1a: Zapdos|Zapdos|59/100
|turn|25
|
|t:|1758328593
|switch|p2a: Cinderace|Cinderace, F|1/100
|move|p1a: Zapdos|Volt Switch|p2a: Cinderace
|-damage|p2a: Cinderace|0 fnt
|faint|p2a: Cinderace
|
|t:|1758328605
|switch|p1a: Iron Crown|Iron Crown|34/100|[from] Volt Switch
|
|upkeep
|
|t:|1758328612
|switch|p2a: Araquanid|Araquanid, M, shiny, tera:Water|51/100
|turn|26
|
|t:|1758328616
|move|p1a: Iron Crown|Volt Switch|p2a: Araquanid
|-supereffective|p2a: Araquanid
|-damage|p2a: Araquanid|0 fnt
|faint|p2a: Araquanid
|
|t:|1758328620
|-end|p1a: Iron Crown|Quark Drive|[silent]
|switch|p1a: Ting-Lu|Ting-Lu|84/100|[from] Volt Switch
|-ability|p1a: Ting-Lu|Vessel of Ruin
|
|-heal|p1a: Ting-Lu|90/100|[from] item: Leftovers
|upkeep
|
|t:|1758328625
|switch|p2a: Weezing|Weezing-Galar, M|100/100
|-ability|p2a: Weezing|Neutralizing Gas
|turn|27
|
|t:|1758328634
|move|p2a: Weezing|Will-O-Wisp|p1a: Ting-Lu
|-status|p1a: Ting-Lu|brn
|move|p1a: Ting-Lu|Ruination|p2a: Weezing
|-damage|p2a: Weezing|50/100
|
|-heal|p2a: Weezing|56/100|[from] item: Leftovers
|-heal|p1a: Ting-Lu|97/100 brn|[from] item: Leftovers
|-damage|p1a: Ting-Lu|90/100 brn|[from] brn
|upkeep
|turn|28
|
|t:|1758328642
|move|p2a: Weezing|Pain Split|p1a: Ting-Lu
|-sethp|p1a: Ting-Lu|64/100 brn|[from] move: Pain Split|[silent]
|-sethp|p2a: Weezing|98/100|[from] move: Pain Split
|move|p1a: Ting-Lu|Earthquake|p2a: Weezing
|-supereffective|p2a: Weezing
|-damage|p2a: Weezing|67/100
|
|-heal|p2a: Weezing|73/100|[from] item: Leftovers
|-heal|p1a: Ting-Lu|70/100 brn|[from] item: Leftovers
|-damage|p1a: Ting-Lu|64/100 brn|[from] brn
|upkeep
|turn|29
|
|t:|1758328651
|move|p2a: Weezing|Pain Split|p1a: Ting-Lu
|-sethp|p1a: Ting-Lu|55/100 brn|[from] move: Pain Split|[silent]
|-sethp|p2a: Weezing|85/100|[from] move: Pain Split
|move|p1a: Ting-Lu|Ruination|p2a: Weezing
|-damage|p2a: Weezing|43/100
|
|-heal|p2a: Weezing|49/100|[from] item: Leftovers
|-heal|p1a: Ting-Lu|62/100 brn|[from] item: Leftovers
|-damage|p1a: Ting-Lu|55/100 brn|[from] brn
|upkeep
|turn|30
|
|t:|1758328660
|move|p2a: Weezing|Pain Split|p1a: Ting-Lu
|-sethp|p1a: Ting-Lu|44/100 brn|[from] move: Pain Split|[silent]
|-sethp|p2a: Weezing|67/100|[from] move: Pain Split
|move|p1a: Ting-Lu|Ruination|p2a: Weezing|[miss]
|-miss|p1a: Ting-Lu|p2a: Weezing
|
|-heal|p2a: Weezing|73/100|[from] item: Leftovers
|-heal|p1a: Ting-Lu|50/100 brn|[from] item: Leftovers
|-damage|p1a: Ting-Lu|44/100 brn|[from] brn
|upkeep
|turn|31
|
|t:|1758328670
|move|p2a: Weezing|Strange Steam|p1a: Ting-Lu
|-supereffective|p1a: Ting-Lu
|-crit|p1a: Ting-Lu
|-damage|p1a: Ting-Lu|0 fnt
|faint|p1a: Ting-Lu
|
|-heal|p2a: Weezing|79/100|[from] item: Leftovers
|upkeep
|
|t:|1758328677
|switch|p1a: Iron Crown|Iron Crown|34/100
|turn|32
|
|t:|1758328680
|move|p1a: Iron Crown|Psyshock|p2a: Weezing
|-supereffective|p2a: Weezing
|-damage|p2a: Weezing|0 fnt
|faint|p2a: Weezing
|-end|p2a: Weezing|ability: Neutralizing Gas
|
|win|Very_Pogger_Name
|c|☆Very_Pogger_Name|Gg!
|c|☆annefrank67|gg
