|j|☆zxcj1221
|j|☆kemious
|t:|1758290103
|gametype|singles
|player|p1|zxcj1221|2|1466
|player|p2|kemious|266|1452
|gen|9
|tier|[Gen 9] OU
|rated|
|rule|HP Percentage Mod: HP is shown in percentages
|rule|Endless Battle Clause: Forcing endless battles is banned
|rule|Species Clause: Limit one of each Pokémon
|rule|OHKO Clause: OHKO moves are banned
|rule|Evasion Items Clause: Evasion items are banned
|rule|Evasion Moves Clause: Evasion moves are banned
|rule|Evasion Abilities Clause: Evasion abilities are banned
|rule|Sleep Moves Clause: Sleep-inducing moves are banned
|clearpoke
|poke|p1|Pelipper, M|
|poke|p1|Greninja-*, M|
|poke|p1|Basculegion, M|
|poke|p1|Sandy Shocks|
|poke|p1|Iron Valiant|
|poke|p1|Dragapult, F|
|poke|p2|Chesnaught, M|
|poke|p2|Gastrodon, F|
|poke|p2|Kilowattrel, M|
|poke|p2|Glimmora, F|
|poke|p2|Ceruledge, M|
|poke|p2|Goodra-Hisui, F|
|teampreview
|
|t:|1758290114
|teamsize|p1|6
|teamsize|p2|6
|start
|switch|p1a: Sandy Shocks|Sandy Shocks|100/100
|switch|p2a: Kilowattrel|Kilowattrel, M, shiny|100/100
|-enditem|p1a: Sandy Shocks|Booster Energy
|-activate|p1a: Sandy Shocks|ability: Protosynthesis|[fromitem]
|-start|p1a: Sandy Shocks|protosynthesisspe
|turn|1
|
|t:|1758290181
|switch|p2a: Gastrodon|Gastrodon, F|100/100
|move|p1a: Sandy Shocks|Stealth Rock|p2a: Gastrodon
|-sidestart|p2: kemious|move: Stealth Rock
|
|upkeep
|turn|2
|
|t:|1758290187
|move|p1a: Sandy Shocks|Earth Power|p2a: Gastrodon
|-damage|p2a: Gastrodon|70/100
|move|p2a: Gastrodon|Surf|p1a: Sandy Shocks
|-supereffective|p1a: Sandy Shocks
|-damage|p1a: Sandy Shocks|18/100
|
|-heal|p2a: Gastrodon|76/100|[from] item: Leftovers
|upkeep
|turn|3
|
|t:|1758290198
|-end|p1a: Sandy Shocks|Protosynthesis|[silent]
|switch|p1a: Dragapult|Dragapult, F|100/100
|move|p2a: Gastrodon|Spikes|p1a: Dragapult
|-sidestart|p1: zxcj1221|Spikes
|
|-heal|p2a: Gastrodon|82/100|[from] item: Leftovers
|upkeep
|turn|4
|
|t:|1758290204
|switch|p2a: Goodra|Goodra-Hisui, F|100/100
|-damage|p2a: Goodra|95/100|[from] Stealth Rock
|move|p1a: Dragapult|Dragon Dance|p1a: Dragapult
|-boost|p1a: Dragapult|atk|1
|-boost|p1a: Dragapult|spe|1
|
|upkeep
|turn|5
|
|t:|1758290211
|switch|p2a: Glimmora|Glimmora, F|100/100
|-damage|p2a: Glimmora|88/100|[from] Stealth Rock
|-terastallize|p1a: Dragapult|Fairy
|move|p1a: Dragapult|Dragon Dance|p1a: Dragapult
|-boost|p1a: Dragapult|atk|1
|-boost|p1a: Dragapult|spe|1
|
|upkeep
|turn|6
|
|t:|1758290219
|move|p1a: Dragapult|Dragon Darts|p2a: Glimmora
|-damage|p2a: Glimmora|45/100
|-activate|p2a: Glimmora|ability: Toxic Debris
|-sidestart|p1: zxcj1221|move: Toxic Spikes
|-anim|p1a: Dragapult|Dragon Darts|p2a: Glimmora
|-damage|p2a: Glimmora|3/100
|-activate|p2a: Glimmora|ability: Toxic Debris
|-sidestart|p1: zxcj1221|move: Toxic Spikes
|-enditem|p2a: Glimmora|Red Card|[of] p1a: Dragapult
|drag|p1a: Greninja|Greninja, M|100/100
|-damage|p1a: Greninja|88/100|[from] Spikes
|-status|p1a: Greninja|tox
|move|p2a: Glimmora|Venoshock|p1a: Greninja
|-damage|p1a: Greninja|5/100 tox
|
|-damage|p1a: Greninja|0 fnt|[from] psn
|faint|p1a: Greninja
|upkeep
|
|t:|1758290231
|switch|p1a: Sandy Shocks|Sandy Shocks|18/100
|-damage|p1a: Sandy Shocks|5/100|[from] Spikes
|-status|p1a: Sandy Shocks|tox
|turn|7
|
|t:|1758290241
|move|p1a: Sandy Shocks|Earth Power|p2a: Glimmora
|-supereffective|p2a: Glimmora
|-damage|p2a: Glimmora|0 fnt
|faint|p2a: Glimmora
|
|-damage|p1a: Sandy Shocks|0 fnt|[from] psn
|faint|p1a: Sandy Shocks
|-end|p1a: Sandy Shocks|Protosynthesis|[silent]
|upkeep
|
|t:|1758290277
|switch|p1a: Pelipper|Pelipper, M|100/100
|switch|p2a: Goodra|Goodra-Hisui, F|95/100
|-weather|RainDance|[from] ability: Drizzle|[of] p1a: Pelipper
|-damage|p2a: Goodra|89/100|[from] Stealth Rock
|turn|8
|
|t:|1758290288
|move|p1a: Pelipper|Ice Beam|p2a: Goodra
|-damage|p2a: Goodra|77/100
|move|p2a: Goodra|Knock Off|p1a: Pelipper
|-damage|p1a: Pelipper|75/100
|-enditem|p1a: Pelipper|Damp Rock|[from] move: Knock Off|[of] p2a: Goodra
|
|-weather|RainDance|[upkeep]
|upkeep
|turn|9
|
|t:|1758290318
|move|p1a: Pelipper|U-turn|p2a: Goodra
|-resisted|p2a: Goodra
|-damage|p2a: Goodra|72/100
|
|t:|1758290329
|switch|p1a: Dragapult|Dragapult, F, tera:Fairy|100/100|[from] U-turn
|-damage|p1a: Dragapult|88/100|[from] Spikes
|-status|p1a: Dragapult|tox
|move|p2a: Goodra|Dragon Tail|p1a: Dragapult
|-immune|p1a: Dragapult
|
|-weather|RainDance|[upkeep]
|-damage|p1a: Dragapult|82/100 tox|[from] psn
|upkeep
|turn|10
|
|t:|1758290353
|move|p1a: Dragapult|Dragon Darts|p2a: Goodra
|-damage|p2a: Goodra|35/100
|-anim|p1a: Dragapult|Dragon Darts|p2a: Goodra
|-damage|p2a: Goodra|0 fnt
|faint|p2a: Goodra
|-damage|p1a: Dragapult|72/100 tox|[from] item: Life Orb
|
|-weather|RainDance|[upkeep]
|-damage|p1a: Dragapult|60/100 tox|[from] psn
|upkeep
|
|t:|1758290364
|switch|p2a: Gastrodon|Gastrodon, F|82/100
|-damage|p2a: Gastrodon|76/100|[from] Stealth Rock
|turn|11
|
|t:|1758290372
|-terastallize|p2a: Gastrodon|Fairy
|move|p1a: Dragapult|Dragon Darts|p2a: Gastrodon
|-immune|p2a: Gastrodon
|move|p2a: Gastrodon|Earth Power|p1a: Dragapult
|-damage|p1a: Dragapult|18/100 tox
|
|-weather|RainDance|[upkeep]
|-heal|p2a: Gastrodon|82/100|[from] item: Leftovers
|-damage|p1a: Dragapult|0 fnt|[from] psn
|faint|p1a: Dragapult
|upkeep
|
|t:|1758290380
|switch|p1a: Iron Valiant|Iron Valiant|100/100
|-damage|p1a: Iron Valiant|88/100|[from] Spikes
|-status|p1a: Iron Valiant|tox
|-enditem|p1a: Iron Valiant|Booster Energy
|-activate|p1a: Iron Valiant|ability: Quark Drive|[fromitem]
|-start|p1a: Iron Valiant|quarkdrivespe
|turn|12
|
|t:|1758290388
|move|p1a: Iron Valiant|Shadow Ball|p2a: Gastrodon
|-damage|p2a: Gastrodon|62/100
|move|p2a: Gastrodon|Earth Power|p1a: Iron Valiant
|-damage|p1a: Iron Valiant|35/100 tox
|
|-weather|RainDance|[upkeep]
|-heal|p2a: Gastrodon|68/100|[from] item: Leftovers
|-damage|p1a: Iron Valiant|29/100 tox|[from] psn
|upkeep
|turn|13
|
|t:|1758290398
|move|p1a: Iron Valiant|Destiny Bond|p1a: Iron Valiant
|-singlemove|p1a: Iron Valiant|Destiny Bond
|move|p2a: Gastrodon|Earth Power|p1a: Iron Valiant
|-damage|p1a: Iron Valiant|0 fnt
|faint|p1a: Iron Valiant
|-activate|p1a: Iron Valiant|move: Destiny Bond
|-end|p1a: Iron Valiant|Quark Drive|[silent]
|faint|p2a: Gastrodon
|
|-weather|RainDance|[upkeep]
|upkeep
|
|t:|1758290405
|switch|p1a: Basculegion|Basculegion, M|100/100
|switch|p2a: Kilowattrel|Kilowattrel, M, shiny|100/100
|-damage|p1a: Basculegion|88/100|[from] Spikes
|-status|p1a: Basculegion|tox
|turn|14
|
|t:|1758290411
|switch|p2a: Chesnaught|Chesnaught, M|100/100
|-damage|p2a: Chesnaught|94/100|[from] Stealth Rock
|move|p1a: Basculegion|Head Smash|p2a: Chesnaught|[miss]
|-miss|p1a: Basculegion|p2a: Chesnaught
|
|-weather|RainDance|[upkeep]
|-heal|p2a: Chesnaught|100/100|[from] item: Leftovers
|-damage|p1a: Basculegion|82/100 tox|[from] psn
|upkeep
|turn|15
|
|t:|1758290425
|switch|p1a: Pelipper|Pelipper, M|75/100
|move|p2a: Chesnaught|Knock Off|p1a: Pelipper
|-crit|p1a: Pelipper
|-damage|p1a: Pelipper|48/100
|
|-weather|none
|upkeep
|turn|16
|
|t:|1758290431
|switch|p2a: Ceruledge|Ceruledge, M|100/100
|move|p1a: Pelipper|U-turn|p2a: Ceruledge
|-resisted|p2a: Ceruledge
|-damage|p2a: Ceruledge|98/100
|
|t:|1758290433
|switch|p1a: Basculegion|Basculegion, M|82/100 tox|[from] U-turn
|-damage|p1a: Basculegion|70/100 tox|[from] Spikes
|
|-damage|p1a: Basculegion|64/100 tox|[from] psn
|upkeep
|turn|17
|
|t:|1758290441
|switch|p1a: Pelipper|Pelipper, M|48/100
|-weather|RainDance|[from] ability: Drizzle|[of] p1a: Pelipper
|move|p2a: Ceruledge|Shadow Sneak|p1a: Pelipper
|-damage|p1a: Pelipper|26/100
|
|-weather|RainDance|[upkeep]
|upkeep
|turn|18
|
|t:|1758290449
|switch|p2a: Chesnaught|Chesnaught, M|100/100
|-damage|p2a: Chesnaught|94/100|[from] Stealth Rock
|move|p1a: Pelipper|Surf|p2a: Chesnaught
|-resisted|p2a: Chesnaught
|-damage|p2a: Chesnaught|54/100
|
|-weather|RainDance|[upkeep]
|-heal|p2a: Chesnaught|60/100|[from] item: Leftovers
|upkeep
|turn|19
|
|t:|1758290458
|switch|p2a: Kilowattrel|Kilowattrel, M, shiny|100/100
|move|p1a: Pelipper|Hurricane|p2a: Kilowattrel
|-resisted|p2a: Kilowattrel
|-damage|p2a: Kilowattrel|56/100
|-start|p2a: Kilowattrel|confusion
|
|-weather|RainDance|[upkeep]
|upkeep
|turn|20
|
|t:|1758290462
|-activate|p2a: Kilowattrel|confusion
|move|p2a: Kilowattrel|Discharge|p1a: Pelipper
|-supereffective|p1a: Pelipper
|-damage|p1a: Pelipper|0 fnt
|faint|p1a: Pelipper
|
|-weather|RainDance|[upkeep]
|upkeep
|
|t:|1758290465
|switch|p1a: Basculegion|Basculegion, M|64/100 tox
|-damage|p1a: Basculegion|51/100 tox|[from] Spikes
|turn|21
|
|t:|1758290471
|switch|p2a: Chesnaught|Chesnaught, M|60/100
|-damage|p2a: Chesnaught|54/100|[from] Stealth Rock
|move|p1a: Basculegion|Wave Crash|p2a: Chesnaught
|-resisted|p2a: Chesnaught
|-damage|p2a: Chesnaught|7/100
|-damage|p1a: Basculegion|38/100 tox|[from] Recoil
|
|-weather|none
|-heal|p2a: Chesnaught|13/100|[from] item: Leftovers
|-damage|p1a: Basculegion|31/100 tox|[from] psn
|upkeep
|turn|22
|
|t:|1758290483
|move|p1a: Basculegion|Wave Crash|p2a: Chesnaught
|-resisted|p2a: Chesnaught
|-damage|p2a: Chesnaught|0 fnt
|faint|p2a: Chesnaught
|-damage|p1a: Basculegion|28/100 tox|[from] Recoil
|
|-damage|p1a: Basculegion|16/100 tox|[from] psn
|upkeep
|
|t:|1758290487
|switch|p2a: Ceruledge|Ceruledge, M|98/100
|turn|23
|
|t:|1758290489
|move|p2a: Ceruledge|Shadow Sneak|p1a: Basculegion
|-supereffective|p1a: Basculegion
|-damage|p1a: Basculegion|0 fnt
|faint|p1a: Basculegion
|
|win|kemious
|raw|zxcj1221's rating: 1466 &rarr; <strong>1445</strong><br />(-21 for losing)
|raw|kemious's rating: 1452 &rarr; <strong>1473</strong><br />(+21 for winning)
|l|☆zxcj1221
|player|p1|
