|j|☆tz142174606
|j|☆basedraybans
|t:|1758256588
|gametype|singles
|player|p1|tz142174606|crasherwake|1138
|player|p2|basedraybans|265|1193
|gen|9
|tier|[Gen 9] OU
|rated|
|rule|HP Percentage Mod: HP is shown in percentages
|rule|Endless Battle Clause: Forcing endless battles is banned
|rule|Species Clause: Limit one of each Pokémon
|rule|OHKO Clause: OHKO moves are banned
|rule|Evasion Items Clause: Evasion items are banned
|rule|Evasion Moves Clause: Evasion moves are banned
|rule|Evasion Abilities Clause: Evasion abilities are banned
|rule|Sleep Moves Clause: Sleep-inducing moves are banned
|clearpoke
|poke|p1|Tyranitar, F|
|poke|p1|Excadrill, M|
|poke|p1|Keldeo-Resolute|
|poke|p1|Heatran, F|
|poke|p1|Tornadus-Therian, M|
|poke|p1|Hydrapple, M|
|poke|p2|Tyranitar, M|
|poke|p2|Iron Thorns|
|poke|p2|Sinistcha|
|poke|p2|Slowking-Galar, F|
|poke|p2|Scizor, F|
|poke|p2|Greninja-*, M|
|teampreview
|inactive|Battle timer is ON: inactive players will automatically lose when time's up. (requested by basedraybans)
|
|t:|1758256605
|teamsize|p1|6
|teamsize|p2|6
|start
|switch|p1a: Tornadus|Tornadus-Therian, M, shiny|100/100
|switch|p2a: Tyranitar|Tyranitar, M|100/100
|-weather|Sandstorm|[from] ability: Sand Stream|[of] p2a: Tyranitar
|turn|1
|
|t:|1758256621
|move|p1a: Tornadus|U-turn|p2a: Tyranitar
|-supereffective|p2a: Tyranitar
|-damage|p2a: Tyranitar|75/100
|
|t:|1758256624
|switch|p1a: Hydrapple|Hydrapple, M, shiny|100/100|[from] U-turn
|move|p2a: Tyranitar|Knock Off|p1a: Hydrapple
|-damage|p1a: Hydrapple|51/100
|-damage|p2a: Tyranitar|59/100|[from] item: Rocky Helmet|[of] p1a: Hydrapple
|-enditem|p1a: Hydrapple|Rocky Helmet|[from] move: Knock Off|[of] p2a: Tyranitar
|
|-weather|Sandstorm|[upkeep]
|-damage|p1a: Hydrapple|45/100|[from] Sandstorm
|upkeep
|turn|2
|
|t:|1758256648
|switch|p2a: Slowking|Slowking-Galar, F|100/100
|switch|p1a: Heatran|Heatran, F, shiny|100/100
|
|-weather|Sandstorm|[upkeep]
|-damage|p2a: Slowking|94/100|[from] Sandstorm
|upkeep
|turn|3
|
|t:|1758256665
|move|p1a: Heatran|Taunt|p2a: Slowking
|-start|p2a: Slowking|move: Taunt
|-prepare|p2a: Slowking|Chilly Reception|[premajor]
|cant|p2a: Slowking|move: Taunt|Chilly Reception
|
|-weather|Sandstorm|[upkeep]
|-damage|p2a: Slowking|88/100|[from] Sandstorm
|upkeep
|turn|4
|
|t:|1758256674
|switch|p2a: Tyranitar|Tyranitar, M|59/100
|move|p1a: Heatran|Stealth Rock|p2a: Tyranitar
|-sidestart|p2: basedraybans|move: Stealth Rock
|
|-weather|Sandstorm|[upkeep]
|upkeep
|turn|5
|
|t:|1758256691
|switch|p1a: Tornadus|Tornadus-Therian, M, shiny|100/100
|move|p2a: Tyranitar|Knock Off|p1a: Tornadus
|-damage|p1a: Tornadus|5/100
|-enditem|p1a: Tornadus|Heavy-Duty Boots|[from] move: Knock Off|[of] p2a: Tyranitar
|
|-weather|none
|upkeep
|turn|6
|
|t:|1758256699
|switch|p2a: Slowking|Slowking-Galar, F|100/100
|move|p1a: Tornadus|U-turn|p2a: Slowking
|-damage|p2a: Slowking|85/100
|
|t:|1758256704
|switch|p1a: Heatran|Heatran, F, shiny|100/100|[from] U-turn
|
|upkeep
|turn|7
|
|t:|1758256709
|move|p1a: Heatran|Taunt|p2a: Slowking
|-start|p2a: Slowking|move: Taunt
|cant|p2a: Slowking|move: Taunt|Thunder Wave
|
|upkeep
|turn|8
|
|t:|1758256716
|switch|p2a: Tyranitar|Tyranitar, M|59/100
|-damage|p2a: Tyranitar|46/100|[from] Stealth Rock
|-weather|Sandstorm|[from] ability: Sand Stream|[of] p2a: Tyranitar
|move|p1a: Heatran|Magma Storm|p2a: Tyranitar|[miss]
|-miss|p1a: Heatran|p2a: Tyranitar
|
|-weather|Sandstorm|[upkeep]
|upkeep
|turn|9
|
|t:|1758256725
|move|p1a: Heatran|Magma Storm|p2a: Tyranitar
|-resisted|p2a: Tyranitar
|-damage|p2a: Tyranitar|33/100
|-activate|p2a: Tyranitar|move: Magma Storm|[of] p1a: Heatran
|move|p2a: Tyranitar|Knock Off|p1a: Heatran
|-damage|p1a: Heatran|26/100
|-status|p2a: Tyranitar|brn|[from] ability: Flame Body|[of] p1a: Heatran
|-enditem|p1a: Heatran|Leftovers|[from] move: Knock Off|[of] p2a: Tyranitar
|
|-weather|Sandstorm|[upkeep]
|-damage|p2a: Tyranitar|26/100 brn|[from] brn
|-damage|p2a: Tyranitar|14/100 brn|[from] move: Magma Storm|[partiallytrapped]
|upkeep
|turn|10
|
|t:|1758256739
|move|p1a: Heatran|Earth Power|p2a: Tyranitar
|-supereffective|p2a: Tyranitar
|-damage|p2a: Tyranitar|0 fnt
|faint|p2a: Tyranitar
|
|-weather|Sandstorm|[upkeep]
|upkeep
|
|t:|1758256767
|switch|p2a: Sinistcha|Sinistcha|100/100
|turn|11
|
|t:|1758256772
|move|p1a: Heatran|Magma Storm|p2a: Sinistcha|[miss]
|-miss|p1a: Heatran|p2a: Sinistcha
|move|p2a: Sinistcha|Shadow Ball|p1a: Heatran
|-damage|p1a: Heatran|6/100
|
|-weather|Sandstorm|[upkeep]
|-damage|p2a: Sinistcha|94/100|[from] Sandstorm
|upkeep
|turn|12
|
|t:|1758256780
|move|p1a: Heatran|Magma Storm|p2a: Sinistcha|[miss]
|-miss|p1a: Heatran|p2a: Sinistcha
|move|p2a: Sinistcha|Shadow Ball|p1a: Heatran
|-damage|p1a: Heatran|0 fnt
|faint|p1a: Heatran
|
|-weather|none
|upkeep
|
|t:|1758256788
|switch|p1a: Tornadus|Tornadus-Therian, M, shiny|38/100
|turn|13
|
|t:|1758256815
|switch|p2a: Slowking|Slowking-Galar, F|100/100
|move|p1a: Tornadus|U-turn|p2a: Slowking
|-damage|p2a: Slowking|85/100
|
|t:|1758256822
|switch|p1a: Excadrill|Excadrill, M, shiny|100/100|[from] U-turn
|-item|p1a: Excadrill|Air Balloon
|
|upkeep
|turn|14
|
|t:|1758256831
|switch|p2a: Sinistcha|Sinistcha|94/100
|move|p1a: Excadrill|Iron Head|p2a: Sinistcha
|-damage|p2a: Sinistcha|60/100
|
|upkeep
|turn|15
|
|t:|1758256841
|switch|p1a: Tornadus|Tornadus-Therian, M, shiny|71/100
|move|p2a: Sinistcha|Strength Sap|p1a: Tornadus
|-unboost|p1a: Tornadus|atk|1
|-heal|p2a: Sinistcha|100/100
|
|upkeep
|turn|16
|
|t:|1758256866
|switch|p2a: Slowking|Slowking-Galar, F|100/100
|move|p1a: Tornadus|Bleakwind Storm|p2a: Slowking
|-damage|p2a: Slowking|72/100
|-unboost|p2a: Slowking|spe|1
|
|upkeep
|turn|17
|
|t:|1758256873
|move|p1a: Tornadus|Taunt|p2a: Slowking
|-start|p2a: Slowking|move: Taunt
|cant|p2a: Slowking|move: Taunt|Thunder Wave
|
|upkeep
|turn|18
|
|t:|1758256877
|move|p1a: Tornadus|U-turn|p2a: Slowking
|-damage|p2a: Slowking|62/100
|
|t:|1758256880
|switch|p1a: Tyranitar|Tyranitar, F, shiny|100/100|[from] U-turn
|-weather|Sandstorm|[from] ability: Sand Stream|[of] p1a: Tyranitar
|move|p2a: Slowking|Psychic Noise|p1a: Tyranitar
|-immune|p1a: Tyranitar
|
|-weather|Sandstorm|[upkeep]
|-damage|p2a: Slowking|56/100|[from] Sandstorm
|upkeep
|turn|19
|
|t:|1758256895
|switch|p2a: Sinistcha|Sinistcha|100/100
|move|p1a: Tyranitar|Knock Off|p2a: Sinistcha
|-supereffective|p2a: Sinistcha
|-damage|p2a: Sinistcha|0 fnt
|-enditem|p2a: Sinistcha|Heavy-Duty Boots|[from] move: Knock Off|[of] p1a: Tyranitar
|faint|p2a: Sinistcha
|
|-weather|Sandstorm|[upkeep]
|upkeep
|
|t:|1758256908
|switch|p2a: Scizor|Scizor, F|100/100
|-damage|p2a: Scizor|88/100|[from] Stealth Rock
|turn|20
|
|t:|1758256915
|switch|p1a: Tornadus|Tornadus-Therian, M, shiny|100/100
|move|p2a: Scizor|U-turn|p1a: Tornadus
|-resisted|p1a: Tornadus
|-damage|p1a: Tornadus|79/100
|
|t:|1758256919
|switch|p2a: Iron Thorns|Iron Thorns|100/100|[from] U-turn
|-damage|p2a: Iron Thorns|88/100|[from] Stealth Rock
|
|-weather|Sandstorm|[upkeep]
|-damage|p1a: Tornadus|73/100|[from] Sandstorm
|upkeep
|turn|21
|
|t:|1758256927
|move|p1a: Tornadus|U-turn|p2a: Iron Thorns
|-damage|p2a: Iron Thorns|74/100
|
|t:|1758256930
|switch|p1a: Hydrapple|Hydrapple, M, shiny|79/100|[from] U-turn
|move|p2a: Iron Thorns|Dragon Dance|p2a: Iron Thorns
|-boost|p2a: Iron Thorns|atk|1
|-boost|p2a: Iron Thorns|spe|1
|
|-weather|Sandstorm|[upkeep]
|-damage|p1a: Hydrapple|72/100|[from] Sandstorm
|upkeep
|turn|22
|
|t:|1758256942
|move|p2a: Iron Thorns|Ice Punch|p1a: Hydrapple
|-supereffective|p1a: Hydrapple
|-damage|p1a: Hydrapple|0 fnt
|faint|p1a: Hydrapple
|-damage|p2a: Iron Thorns|64/100|[from] item: Life Orb
|
|-weather|none
|upkeep
|
|t:|1758256949
|switch|p1a: Tornadus|Tornadus-Therian, M, shiny|100/100
|turn|23
|
|t:|1758256965
|-terastallize|p2a: Iron Thorns|Electric
|move|p1a: Tornadus|Bleakwind Storm|p2a: Iron Thorns
|-resisted|p2a: Iron Thorns
|-damage|p2a: Iron Thorns|44/100
|move|p2a: Iron Thorns|Dragon Dance|p2a: Iron Thorns
|-boost|p2a: Iron Thorns|atk|1
|-boost|p2a: Iron Thorns|spe|1
|
|upkeep
|turn|24
|
|t:|1758256974
|move|p2a: Iron Thorns|Stone Edge|p1a: Tornadus
|-supereffective|p1a: Tornadus
|-damage|p1a: Tornadus|0 fnt
|faint|p1a: Tornadus
|-damage|p2a: Iron Thorns|34/100|[from] item: Life Orb
|
|upkeep
|
|t:|1758256979
|switch|p1a: Keldeo|Keldeo-Resolute, shiny|100/100
|turn|25
|
|t:|1758256983
|move|p2a: Iron Thorns|Supercell Slam|p1a: Keldeo
|-supereffective|p1a: Keldeo
|-damage|p1a: Keldeo|0 fnt
|faint|p1a: Keldeo
|-damage|p2a: Iron Thorns|24/100|[from] item: Life Orb
|
|upkeep
|-message|tz142174606 forfeited.
|
|win|basedraybans
|raw|tz142174606's rating: 1138 &rarr; <strong>1117</strong><br />(-21 for losing)
|raw|basedraybans's rating: 1193 &rarr; <strong>1214</strong><br />(+21 for winning)
|l|☆tz142174606
|player|p1|
|l|☆basedraybans
|player|p2|
