|j|‽theonlydork
|j|☆Shibuya Arc
|t:|1758257195
|gametype|singles
|player|p1|theonlydork|265|1529
|player|p2|Shibuya Arc|265|1538
|gen|9
|tier|[Gen 9] OU
|rated|
|rule|HP Percentage Mod: HP is shown in percentages
|rule|Endless Battle Clause: Forcing endless battles is banned
|rule|Species Clause: Limit one of each Pokémon
|rule|OHKO Clause: OHKO moves are banned
|rule|Evasion Items Clause: Evasion items are banned
|rule|Evasion Moves Clause: Evasion moves are banned
|rule|Evasion Abilities Clause: Evasion abilities are banned
|rule|Sleep Moves Clause: Sleep-inducing moves are banned
|clearpoke
|poke|p1|Kyurem|
|poke|p1|Great Tusk|
|poke|p1|Landorus-Therian, M|
|poke|p1|Kingambit, M|
|poke|p1|Pecharunt|
|poke|p1|Primarina, M|
|poke|p2|Dragapult, F|
|poke|p2|Dragonite, F|
|poke|p2|Ting-Lu|
|poke|p2|Weezing-Galar, F|
|poke|p2|Iron Crown|
|poke|p2|Zapdos|
|teampreview
|inactive|Battle timer is ON: inactive players will automatically lose when time's up. (requested by Shibuya Arc)
|
|t:|1758257213
|teamsize|p1|6
|teamsize|p2|6
|start
|switch|p1a: Primarina|Primarina, M, shiny|100/100
|switch|p2a: Ting-Lu|Ting-Lu|100/100
|-ability|p2a: Ting-Lu|Vessel of Ruin
|turn|1
|
|t:|1758257217
|move|p1a: Primarina|Whirlpool|p2a: Ting-Lu
|-supereffective|p2a: Ting-Lu
|-damage|p2a: Ting-Lu|85/100
|-activate|p2a: Ting-Lu|move: Whirlpool|[of] p1a: Primarina
|move|p2a: Ting-Lu|Ruination|p1a: Primarina
|-damage|p1a: Primarina|51/100
|
|-heal|p2a: Ting-Lu|91/100|[from] item: Leftovers
|-damage|p2a: Ting-Lu|79/100|[from] move: Whirlpool|[partiallytrapped]
|upkeep
|turn|2
|
|t:|1758257227
|-terastallize|p2a: Ting-Lu|Water
|move|p1a: Primarina|Psychic Noise|p2a: Ting-Lu
|-resisted|p2a: Ting-Lu
|-damage|p2a: Ting-Lu|71/100
|-start|p2a: Ting-Lu|move: Heal Block
|move|p2a: Ting-Lu|Earthquake|p1a: Primarina
|-damage|p1a: Primarina|2/100
|
|-damage|p2a: Ting-Lu|58/100|[from] move: Whirlpool|[partiallytrapped]
|upkeep
|turn|3
|
|t:|1758257237
|move|p1a: Primarina|Moonblast|p2a: Ting-Lu
|-damage|p2a: Ting-Lu|35/100
|move|p2a: Ting-Lu|Stealth Rock|p1a: Primarina
|-sidestart|p1: theonlydork|move: Stealth Rock
|
|-damage|p2a: Ting-Lu|23/100|[from] move: Whirlpool|[partiallytrapped]
|-end|p2a: Ting-Lu|move: Heal Block
|upkeep
|turn|4
|
|t:|1758257242
|move|p1a: Primarina|Moonblast|p2a: Ting-Lu
|-damage|p2a: Ting-Lu|2/100
|-unboost|p2a: Ting-Lu|spa|1
|move|p2a: Ting-Lu|Whirlwind|p1a: Primarina
|drag|p1a: Great Tusk|Great Tusk, shiny|100/100
|
|-heal|p2a: Ting-Lu|9/100|[from] item: Leftovers
|-end|p2a: Ting-Lu|Whirlpool|[partiallytrapped]|[silent]
|upkeep
|turn|5
|
|t:|1758257251
|switch|p2a: Zapdos|Zapdos|100/100
|move|p1a: Great Tusk|Headlong Rush|p2a: Zapdos
|-immune|p2a: Zapdos
|
|upkeep
|turn|6
|
|t:|1758257258
|-end|p1a: Great Tusk|Protosynthesis|[silent]
|switch|p1a: Kingambit|Kingambit, M, shiny|100/100
|-damage|p1a: Kingambit|94/100|[from] Stealth Rock
|move|p2a: Zapdos|Hurricane|p1a: Kingambit
|-resisted|p1a: Kingambit
|-damage|p1a: Kingambit|67/100
|
|-heal|p1a: Kingambit|74/100|[from] item: Leftovers
|upkeep
|turn|7
|
|t:|1758257269
|-end|p1a: Kingambit|fallenundefined|[silent]
|switch|p1a: Landorus|Landorus-Therian, M, shiny|100/100
|-damage|p1a: Landorus|88/100|[from] Stealth Rock
|-ability|p1a: Landorus|Intimidate|boost
|-unboost|p2a: Zapdos|atk|1
|move|p2a: Zapdos|Heat Wave|p1a: Landorus
|-damage|p1a: Landorus|42/100
|
|upkeep
|turn|8
|
|t:|1758257275
|switch|p2a: Iron Crown|Iron Crown|100/100
|move|p1a: Landorus|Stone Edge|p2a: Iron Crown
|-resisted|p2a: Iron Crown
|-damage|p2a: Iron Crown|80/100
|
|upkeep
|turn|9
|
|t:|1758257280
|switch|p1a: Primarina|Primarina, M, shiny|2/100
|-damage|p1a: Primarina|0 fnt|[from] Stealth Rock
|faint|p1a: Primarina
|-end|p2a: Iron Crown|Quark Drive|[silent]
|switch|p2a: Weezing|Weezing-Galar, F|100/100
|-ability|p2a: Weezing|Neutralizing Gas
|
|upkeep
|
|t:|1758257289
|switch|p1a: Great Tusk|Great Tusk, shiny|100/100
|turn|10
|
|t:|1758257294
|move|p1a: Great Tusk|Rapid Spin|p2a: Weezing
|-damage|p2a: Weezing|88/100
|-boost|p1a: Great Tusk|spe|1
|-sideend|p1: theonlydork|Stealth Rock|[from] move: Rapid Spin|[of] p1a: Great Tusk
|move|p2a: Weezing|Will-O-Wisp|p1a: Great Tusk|[miss]
|-miss|p2a: Weezing|p1a: Great Tusk
|
|upkeep
|turn|11
|
|t:|1758257301
|-end|p1a: Great Tusk|Protosynthesis|[silent]
|switch|p1a: Pecharunt|Pecharunt|100/100
|move|p2a: Weezing|Will-O-Wisp|p1a: Pecharunt
|-status|p1a: Pecharunt|brn
|
|-damage|p1a: Pecharunt|94/100 brn|[from] brn
|upkeep
|turn|12
|
|t:|1758257306
|move|p1a: Pecharunt|Parting Shot|p2a: Weezing
|-unboost|p2a: Weezing|atk|1
|-unboost|p2a: Weezing|spa|1
|
|t:|1758257309
|switch|p1a: Kyurem|Kyurem, shiny|100/100|[from] Parting Shot
|move|p2a: Weezing|Toxic Spikes|p1a: Kyurem
|-sidestart|p1: theonlydork|move: Toxic Spikes
|
|upkeep
|turn|13
|
|t:|1758257316
|-end|p2a: Weezing|ability: Neutralizing Gas
|-ability|p1a: Kyurem|Pressure
|switch|p2a: Ting-Lu|Ting-Lu, tera:Water|9/100
|-ability|p2a: Ting-Lu|Vessel of Ruin
|move|p1a: Kyurem|Substitute|p1a: Kyurem
|-start|p1a: Kyurem|Substitute
|-damage|p1a: Kyurem|76/100
|
|-heal|p1a: Kyurem|82/100|[from] item: Leftovers
|-heal|p2a: Ting-Lu|15/100|[from] item: Leftovers
|upkeep
|turn|14
|
|t:|1758257321
|switch|p2a: Iron Crown|Iron Crown|80/100
|move|p1a: Kyurem|Freeze-Dry|p2a: Iron Crown
|-resisted|p2a: Iron Crown
|-damage|p2a: Iron Crown|62/100
|-status|p2a: Iron Crown|frz
|
|-heal|p1a: Kyurem|88/100|[from] item: Leftovers
|upkeep
|turn|15
|
|t:|1758257338
|-terastallize|p1a: Kyurem|Steel
|cant|p2a: Iron Crown|frz
|move|p1a: Kyurem|Earth Power|p2a: Iron Crown
|-supereffective|p2a: Iron Crown
|-damage|p2a: Iron Crown|0 fnt
|faint|p2a: Iron Crown
|-end|p2a: Iron Crown|Quark Drive|[silent]
|
|-heal|p1a: Kyurem|94/100|[from] item: Leftovers
|upkeep
|
|t:|1758257344
|switch|p2a: Weezing|Weezing-Galar, F|88/100
|-ability|p2a: Weezing|Neutralizing Gas
|turn|16
|
|t:|1758257350
|-end|p2a: Weezing|ability: Neutralizing Gas
|-ability|p1a: Kyurem|Pressure
|switch|p2a: Zapdos|Zapdos|100/100
|move|p1a: Kyurem|Flash Cannon|p2a: Zapdos
|-resisted|p2a: Zapdos
|-damage|p2a: Zapdos|77/100
|
|-heal|p1a: Kyurem|99/100|[from] item: Leftovers
|upkeep
|turn|17
|
|t:|1758257355
|move|p2a: Zapdos|Volt Switch|p1a: Kyurem
|-end|p1a: Kyurem|Substitute
|
|t:|1758257360
|switch|p2a: Weezing|Weezing-Galar, F|88/100|[from] Volt Switch
|-ability|p2a: Weezing|Neutralizing Gas
|move|p1a: Kyurem|Freeze-Dry|p2a: Weezing
|-damage|p2a: Weezing|38/100
|
|-heal|p1a: Kyurem|100/100|[from] item: Leftovers
|upkeep
|turn|18
|
|t:|1758257367
|-end|p2a: Weezing|ability: Neutralizing Gas
|-ability|p1a: Kyurem|Pressure
|switch|p2a: Ting-Lu|Ting-Lu, tera:Water|15/100
|-ability|p2a: Ting-Lu|Vessel of Ruin
|move|p1a: Kyurem|Freeze-Dry|p2a: Ting-Lu
|-supereffective|p2a: Ting-Lu
|-damage|p2a: Ting-Lu|0 fnt
|faint|p2a: Ting-Lu
|
|upkeep
|
|t:|1758257373
|switch|p2a: Zapdos|Zapdos|77/100
|turn|19
|
|t:|1758257379
|switch|p1a: Pecharunt|Pecharunt|94/100 brn
|-sideend|p1: theonlydork|move: Toxic Spikes|[of] p1a: Pecharunt
|move|p2a: Zapdos|Heat Wave|p1a: Pecharunt
|-crit|p1a: Pecharunt
|-damage|p1a: Pecharunt|45/100 brn
|
|-damage|p1a: Pecharunt|39/100 brn|[from] brn
|upkeep
|turn|20
|
|t:|1758257385
|move|p2a: Zapdos|Hurricane|p1a: Pecharunt
|-damage|p1a: Pecharunt|0 fnt
|faint|p1a: Pecharunt
|
|upkeep
|
|t:|1758257401
|switch|p1a: Landorus|Landorus-Therian, M, shiny|42/100
|-ability|p1a: Landorus|Intimidate|boost
|-unboost|p2a: Zapdos|atk|1
|turn|21
|
|t:|1758257406
|switch|p2a: Weezing|Weezing-Galar, F|38/100
|-ability|p2a: Weezing|Neutralizing Gas
|move|p1a: Landorus|U-turn|p2a: Weezing
|-resisted|p2a: Weezing
|-damage|p2a: Weezing|34/100
|
|t:|1758257408
|switch|p1a: Kyurem|Kyurem, shiny, tera:Steel|100/100|[from] U-turn
|
|upkeep
|turn|22
|
|t:|1758257413
|move|p1a: Kyurem|Substitute|p1a: Kyurem
|-start|p1a: Kyurem|Substitute
|-damage|p1a: Kyurem|76/100
|move|p2a: Weezing|Pain Split||[still]
|-fail|p2a: Weezing
|
|-heal|p1a: Kyurem|82/100|[from] item: Leftovers
|upkeep
|turn|23
|
|t:|1758257418
|move|p1a: Kyurem|Freeze-Dry|p2a: Weezing
|-damage|p2a: Weezing|0 fnt
|faint|p2a: Weezing
|-end|p2a: Weezing|ability: Neutralizing Gas
|-ability|p1a: Kyurem|Pressure
|
|-heal|p1a: Kyurem|88/100|[from] item: Leftovers
|upkeep
|
|t:|1758257424
|switch|p2a: Zapdos|Zapdos|77/100
|turn|24
|
|t:|1758257430
|move|p2a: Zapdos|Heat Wave|p1a: Kyurem
|-supereffective|p1a: Kyurem
|-end|p1a: Kyurem|Substitute
|move|p1a: Kyurem|Freeze-Dry|p2a: Zapdos
|-supereffective|p2a: Zapdos
|-damage|p2a: Zapdos|1/100
|
|-heal|p1a: Kyurem|94/100|[from] item: Leftovers
|upkeep
|turn|25
|
|t:|1758257435
|move|p2a: Zapdos|Roost|p2a: Zapdos
|-heal|p2a: Zapdos|51/100
|-singleturn|p2a: Zapdos|move: Roost
|move|p1a: Kyurem|Freeze-Dry|p2a: Zapdos
|-damage|p2a: Zapdos|14/100
|
|-heal|p1a: Kyurem|99/100|[from] item: Leftovers
|upkeep
|turn|26
|
|t:|1758257445
|switch|p1a: Landorus|Landorus-Therian, M, shiny|42/100
|-ability|p1a: Landorus|Intimidate|boost
|-unboost|p2a: Zapdos|atk|1
|move|p2a: Zapdos|Roost|p2a: Zapdos
|-heal|p2a: Zapdos|65/100
|-singleturn|p2a: Zapdos|move: Roost
|
|upkeep
|turn|27
|
|t:|1758257453
|switch|p2a: Dragapult|Dragapult, F|100/100
|move|p1a: Landorus|Stone Edge|p2a: Dragapult
|-damage|p2a: Dragapult|48/100
|
|upkeep
|turn|28
|
|t:|1758257464
|move|p1a: Landorus|Stone Edge|p2a: Dragapult
|-damage|p2a: Dragapult|0 fnt
|-start|p1a: Landorus|Disable|Stone Edge|[from] ability: Cursed Body|[of] p2a: Dragapult
|faint|p2a: Dragapult
|
|upkeep
|
|t:|1758257468
|switch|p2a: Dragonite|Dragonite, F|100/100
|turn|29
|
|t:|1758257473
|switch|p1a: Great Tusk|Great Tusk, shiny|100/100
|move|p2a: Dragonite|Roost||[still]
|-fail|p2a: Dragonite|heal
|
|upkeep
|turn|30
|
|t:|1758257477
|switch|p2a: Zapdos|Zapdos|65/100
|move|p1a: Great Tusk|Rapid Spin|p2a: Zapdos
|-damage|p2a: Zapdos|45/100
|-boost|p1a: Great Tusk|spe|1
|-status|p1a: Great Tusk|par|[from] ability: Static|[of] p2a: Zapdos
|
|upkeep
|turn|31
|
|t:|1758257483
|move|p2a: Zapdos|Roost|p2a: Zapdos
|-heal|p2a: Zapdos|95/100
|-singleturn|p2a: Zapdos|move: Roost
|move|p1a: Great Tusk|Headlong Rush|p2a: Zapdos
|-supereffective|p2a: Zapdos
|-damage|p2a: Zapdos|0 fnt
|-unboost|p1a: Great Tusk|def|1
|-unboost|p1a: Great Tusk|spd|1
|faint|p2a: Zapdos
|
|upkeep
|
|t:|1758257489
|switch|p2a: Dragonite|Dragonite, F|100/100
|turn|32
|
|t:|1758257494
|move|p2a: Dragonite|Dragon Dance|p2a: Dragonite
|-boost|p2a: Dragonite|atk|1
|-boost|p2a: Dragonite|spe|1
|move|p1a: Great Tusk|Ice Spinner|p2a: Dragonite
|-supereffective|p2a: Dragonite
|-damage|p2a: Dragonite|40/100
|
|upkeep
|turn|33
|
|t:|1758257499
|move|p2a: Dragonite|Roost|p2a: Dragonite
|-heal|p2a: Dragonite|90/100
|-singleturn|p2a: Dragonite|move: Roost
|cant|p1a: Great Tusk|par
|
|upkeep
|turn|34
|
|t:|1758257505
|move|p2a: Dragonite|Roost|p2a: Dragonite
|-heal|p2a: Dragonite|100/100
|-singleturn|p2a: Dragonite|move: Roost
|move|p1a: Great Tusk|Ice Spinner|p2a: Dragonite
|-supereffective|p2a: Dragonite
|-damage|p2a: Dragonite|70/100
|
|upkeep
|turn|35
|
|t:|1758257511
|-end|p1a: Great Tusk|Protosynthesis|[silent]
|switch|p1a: Landorus|Landorus-Therian, M, shiny|42/100
|-ability|p1a: Landorus|Intimidate|boost
|-unboost|p2a: Dragonite|atk|1
|move|p2a: Dragonite|Dragon Dance|p2a: Dragonite
|-boost|p2a: Dragonite|atk|1
|-boost|p2a: Dragonite|spe|1
|
|upkeep
|turn|36
|
|t:|1758257515
|move|p2a: Dragonite|Roost|p2a: Dragonite
|-heal|p2a: Dragonite|100/100
|-singleturn|p2a: Dragonite|move: Roost
|move|p1a: Landorus|U-turn|p2a: Dragonite
|-damage|p2a: Dragonite|87/100
|
|t:|1758257518
|switch|p1a: Kyurem|Kyurem, shiny, tera:Steel|99/100|[from] U-turn
|-ability|p1a: Kyurem|Pressure
|
|-heal|p1a: Kyurem|100/100|[from] item: Leftovers
|upkeep
|turn|37
|
|t:|1758257522
|move|p2a: Dragonite|Earthquake|p1a: Kyurem
|-supereffective|p1a: Kyurem
|-damage|p1a: Kyurem|0 fnt
|faint|p1a: Kyurem
|
|upkeep
|
|t:|1758257549
|switch|p1a: Landorus|Landorus-Therian, M, shiny|42/100
|-ability|p1a: Landorus|Intimidate|boost
|-unboost|p2a: Dragonite|atk|1
|turn|38
|
|t:|1758257553
|move|p2a: Dragonite|Roost|p2a: Dragonite
|-heal|p2a: Dragonite|100/100
|-singleturn|p2a: Dragonite|move: Roost
|move|p1a: Landorus|U-turn|p2a: Dragonite
|-damage|p2a: Dragonite|87/100
|
|t:|1758257558
|switch|p1a: Kingambit|Kingambit, M, shiny|74/100|[from] U-turn
|-activate|p1a: Kingambit|ability: Supreme Overlord
|-start|p1a: Kingambit|fallen3|[silent]
|
|-heal|p1a: Kingambit|80/100|[from] item: Leftovers
|upkeep
|turn|39
|
|t:|1758257562
|-end|p1a: Kingambit|fallen3|[silent]
|switch|p1a: Landorus|Landorus-Therian, M, shiny|42/100
|-ability|p1a: Landorus|Intimidate|boost
|-unboost|p2a: Dragonite|atk|1
|move|p2a: Dragonite|Earthquake|p1a: Landorus
|-immune|p1a: Landorus
|
|upkeep
|turn|40
|
|t:|1758257570
|move|p2a: Dragonite|Dragon Dance|p2a: Dragonite
|-boost|p2a: Dragonite|atk|1
|-boost|p2a: Dragonite|spe|1
|move|p1a: Landorus|U-turn|p2a: Dragonite
|-resisted|p2a: Dragonite
|-damage|p2a: Dragonite|74/100
|
|t:|1758257573
|switch|p1a: Kingambit|Kingambit, M, shiny|80/100|[from] U-turn
|-activate|p1a: Kingambit|ability: Supreme Overlord
|-start|p1a: Kingambit|fallen3|[silent]
|
|-heal|p1a: Kingambit|86/100|[from] item: Leftovers
|upkeep
|turn|41
|
|t:|1758257577
|move|p2a: Dragonite|Earthquake|p1a: Kingambit
|-supereffective|p1a: Kingambit
|-damage|p1a: Kingambit|32/100
|move|p1a: Kingambit|Kowtow Cleave|p2a: Dragonite
|-damage|p2a: Dragonite|3/100
|
|-heal|p1a: Kingambit|38/100|[from] item: Leftovers
|upkeep
|turn|42
|
|t:|1758257589
|-end|p1a: Kingambit|fallen3|[silent]
|switch|p1a: Landorus|Landorus-Therian, M, shiny|42/100
|-ability|p1a: Landorus|Intimidate|boost
|-unboost|p2a: Dragonite|atk|1
|move|p2a: Dragonite|Earthquake|p1a: Landorus
|-immune|p1a: Landorus
|
|upkeep
|turn|43
|
|t:|1758257601
|move|p2a: Dragonite|Extreme Speed|p1a: Landorus
|-damage|p1a: Landorus|19/100
|move|p1a: Landorus|U-turn|p2a: Dragonite
|-resisted|p2a: Dragonite
|-damage|p2a: Dragonite|0 fnt
|faint|p2a: Dragonite
|
|win|theonlydork
|raw|theonlydork's rating: 1529 &rarr; <strong>1550</strong><br />(+21 for winning)
|raw|Shibuya Arc's rating: 1538 &rarr; <strong>1517</strong><br />(-21 for losing)
|l|☆Shibuya Arc
|player|p2|
