|j|☆lerendezvous
|j|☆evilbryanjohnson
|t:|1758346090
|gametype|singles
|player|p1|lerendezvous|101|1715
|player|p2|evilbryanjohnson|265|1723
|gen|9
|tier|[Gen 9] OU
|rated|
|rule|HP Percentage Mod: HP is shown in percentages
|rule|Endless Battle Clause: Forcing endless battles is banned
|rule|Species Clause: Limit one of each Pokémon
|rule|OHKO Clause: OHKO moves are banned
|rule|Evasion Items Clause: Evasion items are banned
|rule|Evasion Moves Clause: Evasion moves are banned
|rule|Evasion Abilities Clause: Evasion abilities are banned
|rule|Sleep Moves Clause: Sleep-inducing moves are banned
|clearpoke
|poke|p1|Ogerpon-Wellspring, F|
|poke|p1|Slowking-Galar, F|
|poke|p1|Great Tusk|
|poke|p1|Moltres|
|poke|p1|Dragapult, M|
|poke|p1|Kingambit, M|
|poke|p2|Garganacl, M|
|poke|p2|Sinistcha|
|poke|p2|Ting-Lu|
|poke|p2|Moltres|
|poke|p2|Okidogi, M|
|poke|p2|Dragonite, M|
|teampreview
|inactive|Battle timer is ON: inactive players will automatically lose when time's up. (requested by lerendezvous)
|
|t:|1758346098
|teamsize|p1|6
|teamsize|p2|6
|start
|switch|p1a: Ogerpon|Ogerpon-Wellspring, F|100/100
|switch|p2a: Okidogi|Okidogi, M|100/100
|turn|1
|
|t:|1758346103
|-terastallize|p1a: Ogerpon|Water
|detailschange|p1a: Ogerpon|Ogerpon-Wellspring-Tera, F, tera:Water
|-ability|p1a: Ogerpon|Embody Aspect (Wellspring)|boost
|-boost|p1a: Ogerpon|spd|1
|move|p1a: Ogerpon|Ivy Cudgel|p2a: Okidogi|[anim] Ivy Cudgel Water
|-damage|p2a: Okidogi|41/100
|move|p2a: Okidogi|Knock Off|p1a: Ogerpon
|-damage|p1a: Ogerpon|75/100
|
|-heal|p2a: Okidogi|47/100|[from] item: Leftovers
|upkeep
|turn|2
|
|t:|1758346110
|switch|p2a: Sinistcha|Sinistcha|100/100
|move|p1a: Ogerpon|Ivy Cudgel|p2a: Sinistcha|[anim] Ivy Cudgel Water
|-resisted|p2a: Sinistcha
|-crit|p2a: Sinistcha
|-damage|p2a: Sinistcha|60/100
|
|upkeep
|turn|3
|
|t:|1758346118
|move|p1a: Ogerpon|U-turn|p2a: Sinistcha
|-crit|p2a: Sinistcha
|-damage|p2a: Sinistcha|32/100
|
|t:|1758346123
|switch|p1a: Slowking|Slowking-Galar, F|100/100|[from] U-turn
|move|p2a: Sinistcha|Strength Sap|p1a: Slowking
|-unboost|p1a: Slowking|atk|1
|-heal|p2a: Sinistcha|67/100
|
|upkeep
|turn|4
|
|t:|1758346131
|move|p2a: Sinistcha|Shadow Ball|p1a: Slowking
|-supereffective|p1a: Slowking
|-damage|p1a: Slowking|65/100
|move|p1a: Slowking|Ice Beam|p2a: Sinistcha
|-supereffective|p2a: Sinistcha
|-damage|p2a: Sinistcha|0 fnt
|faint|p2a: Sinistcha
|
|upkeep
|
|t:|1758346139
|switch|p2a: Okidogi|Okidogi, M|47/100
|turn|5
|
|t:|1758346144
|move|p2a: Okidogi|Knock Off|p1a: Slowking
|-supereffective|p1a: Slowking
|-damage|p1a: Slowking|14/100
|-enditem|p1a: Slowking|Assault Vest|[from] move: Knock Off|[of] p2a: Okidogi
|move|p1a: Slowking|Psyshock|p2a: Okidogi
|-supereffective|p2a: Okidogi
|-damage|p2a: Okidogi|0 fnt
|faint|p2a: Okidogi
|
|upkeep
|
|t:|1758346147
|switch|p2a: Ting-Lu|Ting-Lu|100/100
|-ability|p2a: Ting-Lu|Vessel of Ruin
|turn|6
|
|t:|1758346152
|switch|p1a: Ogerpon|Ogerpon-Wellspring-Tera, F, tera:Water|75/100
|-ability|p1a: Ogerpon|Embody Aspect (Wellspring)|boost
|-boost|p1a: Ogerpon|spd|1
|move|p2a: Ting-Lu|Spikes|p1a: Ogerpon
|-sidestart|p1: lerendezvous|Spikes
|
|upkeep
|turn|7
|
|t:|1758346159
|switch|p2a: Dragonite|Dragonite, M|100/100
|move|p1a: Ogerpon|Ivy Cudgel|p2a: Dragonite|[anim] Ivy Cudgel Water
|-resisted|p2a: Dragonite
|-damage|p2a: Dragonite|81/100
|
|upkeep
|turn|8
|j| wgw2333
|
|t:|1758346167
|move|p1a: Ogerpon|Knock Off|p2a: Dragonite
|-damage|p2a: Dragonite|45/100
|-enditem|p2a: Dragonite|Heavy-Duty Boots|[from] move: Knock Off|[of] p1a: Ogerpon
|move|p2a: Dragonite|Dragon Tail|p1a: Ogerpon
|-damage|p1a: Ogerpon|30/100
|drag|p1a: Kingambit|Kingambit, M|100/100
|-damage|p1a: Kingambit|88/100|[from] Spikes
|
|-heal|p1a: Kingambit|94/100|[from] item: Leftovers
|upkeep
|turn|9
|
|t:|1758346174
|-end|p1a: Kingambit|fallenundefined|[silent]
|switch|p1a: Great Tusk|Great Tusk|100/100
|-damage|p1a: Great Tusk|88/100|[from] Spikes
|move|p2a: Dragonite|Low Kick|p1a: Great Tusk
|-damage|p1a: Great Tusk|51/100
|-damage|p2a: Dragonite|29/100|[from] item: Rocky Helmet|[of] p1a: Great Tusk
|
|upkeep
|turn|10
|
|t:|1758346180
|move|p1a: Great Tusk|Rapid Spin|p2a: Dragonite
|-damage|p2a: Dragonite|12/100
|-boost|p1a: Great Tusk|spe|1
|-sideend|p1: lerendezvous|Spikes|[from] move: Rapid Spin|[of] p1a: Great Tusk
|move|p2a: Dragonite|Roost|p2a: Dragonite
|-heal|p2a: Dragonite|62/100
|-singleturn|p2a: Dragonite|move: Roost
|
|upkeep
|turn|11
|
|t:|1758346185
|switch|p2a: Moltres|Moltres|100/100
|move|p1a: Great Tusk|Ice Spinner|p2a: Moltres
|-damage|p2a: Moltres|83/100
|-status|p1a: Great Tusk|brn|[from] ability: Flame Body|[of] p2a: Moltres
|
|-damage|p1a: Great Tusk|45/100 brn|[from] brn
|upkeep
|turn|12
|
|t:|1758346192
|move|p1a: Great Tusk|Stealth Rock|p2a: Moltres
|-sidestart|p2: evilbryanjohnson|move: Stealth Rock
|move|p2a: Moltres|Hurricane|p1a: Great Tusk|[miss]
|-miss|p2a: Moltres|p1a: Great Tusk
|
|-damage|p1a: Great Tusk|39/100 brn|[from] brn
|upkeep
|turn|13
|j| Shucklepilled
|
|t:|1758346199
|-end|p1a: Great Tusk|Protosynthesis|[silent]
|switch|p1a: Ogerpon|Ogerpon-Wellspring-Tera, F, tera:Water|30/100
|-ability|p1a: Ogerpon|Embody Aspect (Wellspring)|boost
|-boost|p1a: Ogerpon|spd|1
|switch|p2a: Ting-Lu|Ting-Lu|100/100
|-damage|p2a: Ting-Lu|94/100|[from] Stealth Rock
|-ability|p2a: Ting-Lu|Vessel of Ruin
|
|-heal|p2a: Ting-Lu|100/100|[from] item: Leftovers
|upkeep
|turn|14
|
|t:|1758346204
|move|p1a: Ogerpon|Ivy Cudgel|p2a: Ting-Lu|[anim] Ivy Cudgel Water
|-supereffective|p2a: Ting-Lu
|-damage|p2a: Ting-Lu|15/100
|move|p2a: Ting-Lu|Earthquake|p1a: Ogerpon
|-damage|p1a: Ogerpon|0 fnt
|faint|p1a: Ogerpon
|detailschange|p1: Ogerpon|Ogerpon-Wellspring, F|[silent]
|
|-heal|p2a: Ting-Lu|21/100|[from] item: Leftovers
|upkeep
|
|t:|1758346211
|switch|p1a: Dragapult|Dragapult, M|100/100
|turn|15
|
|t:|1758346215
|move|p1a: Dragapult|Dragon Darts|p2a: Ting-Lu
|-damage|p2a: Ting-Lu|8/100
|-anim|p1a: Dragapult|Dragon Darts|p2a: Ting-Lu
|-damage|p2a: Ting-Lu|0 fnt
|faint|p2a: Ting-Lu
|
|upkeep
|
|t:|1758346223
|switch|p2a: Garganacl|Garganacl, M|100/100
|-damage|p2a: Garganacl|88/100|[from] Stealth Rock
|turn|16
|
|t:|1758346228
|switch|p1a: Slowking|Slowking-Galar, F|47/100
|move|p2a: Garganacl|Protect||[still]
|-fail|p2a: Garganacl
|
|-heal|p2a: Garganacl|94/100|[from] item: Leftovers
|upkeep
|turn|17
|
|t:|1758346232
|switch|p1a: Great Tusk|Great Tusk|39/100 brn
|move|p2a: Garganacl|Stealth Rock|p1a: Great Tusk
|-sidestart|p1: lerendezvous|move: Stealth Rock
|
|-heal|p2a: Garganacl|100/100|[from] item: Leftovers
|-damage|p1a: Great Tusk|33/100 brn|[from] brn
|upkeep
|turn|18
|
|t:|1758346237
|move|p1a: Great Tusk|Rapid Spin|p2a: Garganacl
|-resisted|p2a: Garganacl
|-damage|p2a: Garganacl|98/100
|-boost|p1a: Great Tusk|spe|1
|-sideend|p1: lerendezvous|Stealth Rock|[from] move: Rapid Spin|[of] p1a: Great Tusk
|move|p2a: Garganacl|Salt Cure|p1a: Great Tusk
|-resisted|p1a: Great Tusk
|-damage|p1a: Great Tusk|30/100 brn
|-start|p1a: Great Tusk|Salt Cure
|
|-heal|p2a: Garganacl|100/100|[from] item: Leftovers
|-damage|p1a: Great Tusk|24/100 brn|[from] brn
|-damage|p1a: Great Tusk|12/100 brn|[from] Salt Cure
|upkeep
|turn|19
|
|t:|1758346249
|move|p1a: Great Tusk|Headlong Rush|p2a: Garganacl
|-supereffective|p2a: Garganacl
|-damage|p2a: Garganacl|58/100
|-unboost|p1a: Great Tusk|def|1
|-unboost|p1a: Great Tusk|spd|1
|move|p2a: Garganacl|Stealth Rock|p1a: Great Tusk
|-sidestart|p1: lerendezvous|move: Stealth Rock
|
|-heal|p2a: Garganacl|64/100|[from] item: Leftovers
|-damage|p1a: Great Tusk|5/100 brn|[from] brn
|-damage|p1a: Great Tusk|0 fnt|[from] Salt Cure
|faint|p1a: Great Tusk
|-end|p1a: Great Tusk|Protosynthesis|[silent]
|upkeep
|
|t:|1758346258
|switch|p1a: Kingambit|Kingambit, M|94/100
|-damage|p1a: Kingambit|88/100|[from] Stealth Rock
|-activate|p1a: Kingambit|ability: Supreme Overlord
|-start|p1a: Kingambit|fallen2|[silent]
|turn|20
|
|t:|1758346263
|-end|p1a: Kingambit|fallen2|[silent]
|switch|p1a: Slowking|Slowking-Galar, F|81/100
|-damage|p1a: Slowking|68/100|[from] Stealth Rock
|switch|p2a: Moltres|Moltres|83/100
|
|upkeep
|turn|21
|
|t:|1758346267
|move|p2a: Moltres|Will-O-Wisp|p1a: Slowking
|-status|p1a: Slowking|brn
|move|p1a: Slowking|Sludge Bomb|p2a: Moltres
|-damage|p2a: Moltres|43/100
|
|-damage|p1a: Slowking|62/100 brn|[from] brn
|upkeep
|turn|22
|
|t:|1758346272
|move|p2a: Moltres|Roost|p2a: Moltres
|-heal|p2a: Moltres|93/100
|-singleturn|p2a: Moltres|move: Roost
|move|p1a: Slowking|Sludge Bomb|p2a: Moltres
|-damage|p2a: Moltres|52/100
|-status|p2a: Moltres|psn
|
|-damage|p2a: Moltres|39/100 psn|[from] psn
|-damage|p1a: Slowking|56/100 brn|[from] brn
|upkeep
|turn|23
|
|t:|1758346277
|move|p2a: Moltres|Roost|p2a: Moltres
|-heal|p2a: Moltres|90/100 psn
|-singleturn|p2a: Moltres|move: Roost
|move|p1a: Slowking|Sludge Bomb|p2a: Moltres
|-damage|p2a: Moltres|46/100 psn
|
|-damage|p2a: Moltres|34/100 psn|[from] psn
|-damage|p1a: Slowking|50/100 brn|[from] brn
|upkeep
|turn|24
|
|t:|1758346282
|switch|p2a: Garganacl|Garganacl, M|64/100
|-damage|p2a: Garganacl|52/100|[from] Stealth Rock
|move|p1a: Slowking|Sludge Bomb|p2a: Garganacl
|-resisted|p2a: Garganacl
|-damage|p2a: Garganacl|37/100
|
|-heal|p2a: Garganacl|43/100|[from] item: Leftovers
|-damage|p1a: Slowking|44/100 brn|[from] brn
|upkeep
|turn|25
|j| baiyurainryan
|
|t:|1758346289
|move|p2a: Garganacl|Recover|p2a: Garganacl
|-heal|p2a: Garganacl|93/100
|move|p1a: Slowking|Psyshock|p2a: Garganacl
|-damage|p2a: Garganacl|68/100
|
|-heal|p2a: Garganacl|74/100|[from] item: Leftovers
|-damage|p1a: Slowking|38/100 brn|[from] brn
|upkeep
|turn|26
|
|t:|1758346296
|move|p2a: Garganacl|Salt Cure|p1a: Slowking
|-damage|p1a: Slowking|24/100 brn
|-start|p1a: Slowking|Salt Cure
|move|p1a: Slowking|Psyshock|p2a: Garganacl
|-damage|p2a: Garganacl|50/100
|
|-heal|p2a: Garganacl|56/100|[from] item: Leftovers
|-damage|p1a: Slowking|18/100 brn|[from] brn
|-damage|p1a: Slowking|6/100 brn|[from] Salt Cure
|upkeep
|turn|27
|
|t:|1758346304
|switch|p1a: Kingambit|Kingambit, M|88/100
|-damage|p1a: Kingambit|82/100|[from] Stealth Rock
|-activate|p1a: Kingambit|ability: Supreme Overlord
|-start|p1a: Kingambit|fallen2|[silent]
|move|p2a: Garganacl|Recover|p2a: Garganacl
|-heal|p2a: Garganacl|100/100
|
|-heal|p1a: Kingambit|88/100|[from] item: Leftovers
|upkeep
|turn|28
|
|t:|1758346308
|-terastallize|p2a: Garganacl|Water
|move|p1a: Kingambit|Swords Dance|p1a: Kingambit
|-boost|p1a: Kingambit|atk|2
|move|p2a: Garganacl|Salt Cure|p1a: Kingambit
|-resisted|p1a: Kingambit
|-damage|p1a: Kingambit|82/100
|-start|p1a: Kingambit|Salt Cure
|
|-heal|p1a: Kingambit|88/100|[from] item: Leftovers
|-damage|p1a: Kingambit|64/100|[from] Salt Cure
|upkeep
|turn|29
|
|t:|1758346318
|move|p2a: Garganacl|Protect|p2a: Garganacl
|-singleturn|p2a: Garganacl|Protect
|move|p1a: Kingambit|Swords Dance|p1a: Kingambit
|-boost|p1a: Kingambit|atk|2
|
|-heal|p1a: Kingambit|70/100|[from] item: Leftovers
|-damage|p1a: Kingambit|45/100|[from] Salt Cure
|upkeep
|turn|30
|
|t:|1758346323
|switch|p2a: Moltres|Moltres|34/100 psn
|move|p1a: Kingambit|Low Kick|p2a: Moltres
|-resisted|p2a: Moltres
|-damage|p2a: Moltres|0 fnt
|-status|p1a: Kingambit|brn|[from] ability: Flame Body|[of] p2a: Moltres
|faint|p2a: Moltres
|
|-heal|p1a: Kingambit|51/100 brn|[from] item: Leftovers
|-damage|p1a: Kingambit|45/100 brn|[from] brn
|-damage|p1a: Kingambit|20/100 brn|[from] Salt Cure
|upkeep
|
|t:|1758346328
|switch|p2a: Dragonite|Dragonite, M|62/100
|-damage|p2a: Dragonite|37/100|[from] Stealth Rock
|turn|31
|
|t:|1758346333
|move|p2a: Dragonite|Roost|p2a: Dragonite
|-heal|p2a: Dragonite|87/100
|-singleturn|p2a: Dragonite|move: Roost
|move|p1a: Kingambit|Low Kick|p2a: Dragonite
|-damage|p2a: Dragonite|21/100
|
|-heal|p1a: Kingambit|26/100 brn|[from] item: Leftovers
|-damage|p1a: Kingambit|20/100 brn|[from] brn
|-damage|p1a: Kingambit|0 fnt|[from] Salt Cure
|faint|p1a: Kingambit
|-end|p1a: Kingambit|fallen2|[silent]
|upkeep
|
|t:|1758346338
|switch|p1a: Slowking|Slowking-Galar, F|39/100 brn
|-damage|p1a: Slowking|27/100 brn|[from] Stealth Rock
|turn|32
|
|t:|1758346350
|move|p2a: Dragonite|Extreme Speed|p1a: Slowking
|-damage|p1a: Slowking|0 fnt
|faint|p1a: Slowking
|
|upkeep
|
|t:|1758346354
|switch|p1a: Dragapult|Dragapult, M|100/100
|turn|33
|
|t:|1758346359
|move|p1a: Dragapult|U-turn|p2a: Dragonite
|-resisted|p2a: Dragonite
|-damage|p2a: Dragonite|13/100
|
|t:|1758346364
|switch|p1a: Moltres|Moltres|100/100|[from] U-turn
|move|p2a: Dragonite|Dragon Tail|p1a: Moltres
|-damage|p1a: Moltres|74/100
|drag|p1a: Dragapult|Dragapult, M|100/100
|
|upkeep
|turn|34
|
|t:|1758346368
|move|p1a: Dragapult|Dragon Darts|p2a: Dragonite
|-supereffective|p2a: Dragonite
|-damage|p2a: Dragonite|0 fnt
|faint|p2a: Dragonite
|
|upkeep
|
|t:|1758346371
|switch|p2a: Garganacl|Garganacl, M, tera:Water|100/100
|-damage|p2a: Garganacl|88/100|[from] Stealth Rock
|turn|35
|
|t:|1758346376
|switch|p1a: Moltres|Moltres|74/100
|move|p2a: Garganacl|Salt Cure|p1a: Moltres
|-supereffective|p1a: Moltres
|-damage|p1a: Moltres|38/100
|-start|p1a: Moltres|Salt Cure
|
|-heal|p2a: Garganacl|94/100|[from] item: Leftovers
|-damage|p1a: Moltres|26/100|[from] Salt Cure
|upkeep
|turn|36
|
|t:|1758346382
|move|p1a: Moltres|Roost|p1a: Moltres
|-heal|p1a: Moltres|76/100
|-singleturn|p1a: Moltres|move: Roost
|move|p2a: Garganacl|Recover|p2a: Garganacl
|-heal|p2a: Garganacl|100/100
|
|-damage|p1a: Moltres|64/100|[from] Salt Cure
|upkeep
|turn|37
|
|t:|1758346387
|move|p1a: Moltres|Roost|p1a: Moltres
|-heal|p1a: Moltres|100/100
|-singleturn|p1a: Moltres|move: Roost
|move|p2a: Garganacl|Salt Cure|p1a: Moltres
|-supereffective|p1a: Moltres
|-damage|p1a: Moltres|81/100
|
|-damage|p1a: Moltres|69/100|[from] Salt Cure
|upkeep
|turn|38
|
|t:|1758346393
|move|p1a: Moltres|Roost|p1a: Moltres
|-heal|p1a: Moltres|100/100
|-singleturn|p1a: Moltres|move: Roost
|move|p2a: Garganacl|Salt Cure|p1a: Moltres
|-supereffective|p1a: Moltres
|-damage|p1a: Moltres|82/100
|
|-damage|p1a: Moltres|69/100|[from] Salt Cure
|upkeep
|turn|39
|
|t:|1758346399
|move|p1a: Moltres|Roost|p1a: Moltres
|-heal|p1a: Moltres|100/100
|-singleturn|p1a: Moltres|move: Roost
|move|p2a: Garganacl|Salt Cure|p1a: Moltres
|-supereffective|p1a: Moltres
|-damage|p1a: Moltres|82/100
|
|-damage|p1a: Moltres|69/100|[from] Salt Cure
|upkeep
|turn|40
|
|t:|1758346406
|move|p2a: Garganacl|Protect|p2a: Garganacl
|-singleturn|p2a: Garganacl|Protect
|move|p1a: Moltres|Roost|p1a: Moltres
|-heal|p1a: Moltres|100/100
|-singleturn|p1a: Moltres|move: Roost
|
|-damage|p1a: Moltres|88/100|[from] Salt Cure
|upkeep
|turn|41
|
|t:|1758346410
|move|p1a: Moltres|Flamethrower|p2a: Garganacl
|-resisted|p2a: Garganacl
|-damage|p2a: Garganacl|88/100
|move|p2a: Garganacl|Salt Cure|p1a: Moltres
|-supereffective|p1a: Moltres
|-damage|p1a: Moltres|47/100
|
|-heal|p2a: Garganacl|94/100|[from] item: Leftovers
|-damage|p1a: Moltres|35/100|[from] Salt Cure
|upkeep
|turn|42
|
|t:|1758346418
|move|p1a: Moltres|Roost|p1a: Moltres
|-heal|p1a: Moltres|85/100
|-singleturn|p1a: Moltres|move: Roost
|move|p2a: Garganacl|Salt Cure|p1a: Moltres
|-supereffective|p1a: Moltres
|-damage|p1a: Moltres|64/100
|
|-heal|p2a: Garganacl|99/100|[from] item: Leftovers
|-damage|p1a: Moltres|52/100|[from] Salt Cure
|upkeep
|turn|43
|
|t:|1758346424
|move|p1a: Moltres|Roost|p1a: Moltres
|-heal|p1a: Moltres|100/100
|-singleturn|p1a: Moltres|move: Roost
|move|p2a: Garganacl|Salt Cure|p1a: Moltres
|-supereffective|p1a: Moltres
|-damage|p1a: Moltres|82/100
|
|-heal|p2a: Garganacl|100/100|[from] item: Leftovers
|-damage|p1a: Moltres|69/100|[from] Salt Cure
|upkeep
|turn|44
|
|t:|1758346430
|move|p1a: Moltres|Roost|p1a: Moltres
|-heal|p1a: Moltres|100/100
|-singleturn|p1a: Moltres|move: Roost
|move|p2a: Garganacl|Salt Cure|p1a: Moltres
|-supereffective|p1a: Moltres
|-damage|p1a: Moltres|80/100
|
|-damage|p1a: Moltres|68/100|[from] Salt Cure
|upkeep
|turn|45
|
|t:|1758346436
|switch|p1a: Dragapult|Dragapult, M|100/100
|move|p2a: Garganacl|Salt Cure|p1a: Dragapult
|-damage|p1a: Dragapult|80/100
|-start|p1a: Dragapult|Salt Cure
|
|-damage|p1a: Dragapult|68/100|[from] Salt Cure
|upkeep
|turn|46
|
|t:|1758346441
|move|p2a: Garganacl|Protect|p2a: Garganacl
|-singleturn|p2a: Garganacl|Protect
|move|p1a: Dragapult|Dragon Darts|p2a: Garganacl
|-activate|p2a: Garganacl|move: Protect
|
|-damage|p1a: Dragapult|56/100|[from] Salt Cure
|upkeep
|turn|47
|
|t:|1758346446
|move|p1a: Dragapult|Hex|p2a: Garganacl
|-damage|p2a: Garganacl|91/100
|move|p2a: Garganacl|Salt Cure|p1a: Dragapult
|-damage|p1a: Dragapult|37/100
|
|-heal|p2a: Garganacl|97/100|[from] item: Leftovers
|-damage|p1a: Dragapult|24/100|[from] Salt Cure
|upkeep
|turn|48
|
|t:|1758346452
|move|p1a: Dragapult|U-turn|p2a: Garganacl
|-damage|p2a: Garganacl|84/100
|
|t:|1758346457
|switch|p1a: Moltres|Moltres|68/100|[from] U-turn
|move|p2a: Garganacl|Salt Cure|p1a: Moltres
|-supereffective|p1a: Moltres
|-damage|p1a: Moltres|29/100
|-start|p1a: Moltres|Salt Cure
|
|-heal|p2a: Garganacl|90/100|[from] item: Leftovers
|-damage|p1a: Moltres|17/100|[from] Salt Cure
|upkeep
|turn|49
|
|t:|1758346461
|move|p1a: Moltres|U-turn|p2a: Garganacl
|-damage|p2a: Garganacl|81/100
|
|t:|1758346466
|switch|p1a: Dragapult|Dragapult, M|24/100|[from] U-turn
|move|p2a: Garganacl|Recover|p2a: Garganacl
|-heal|p2a: Garganacl|100/100
|
|upkeep
|turn|50
|
|t:|1758346470
|move|p1a: Dragapult|Dragon Darts|p2a: Garganacl
|-damage|p2a: Garganacl|86/100
|-anim|p1a: Dragapult|Dragon Darts|p2a: Garganacl
|-damage|p2a: Garganacl|71/100
|move|p2a: Garganacl|Salt Cure|p1a: Dragapult
|-damage|p1a: Dragapult|5/100
|-start|p1a: Dragapult|Salt Cure
|
|-heal|p2a: Garganacl|77/100|[from] item: Leftovers
|-damage|p1a: Dragapult|0 fnt|[from] Salt Cure
|faint|p1a: Dragapult
|upkeep
|
|t:|1758346476
|switch|p1a: Moltres|Moltres|17/100
|turn|51
|
|t:|1758346479
|move|p1a: Moltres|Flamethrower|p2a: Garganacl
|-resisted|p2a: Garganacl
|-damage|p2a: Garganacl|64/100
|move|p2a: Garganacl|Salt Cure|p1a: Moltres
|-supereffective|p1a: Moltres
|-damage|p1a: Moltres|0 fnt
|faint|p1a: Moltres
|
|win|evilbryanjohnson
|raw|lerendezvous's rating: 1715 &rarr; <strong>1695</strong><br />(-20 for losing)
|raw|evilbryanjohnson's rating: 1723 &rarr; <strong>1743</strong><br />(+20 for winning)
|l|☆lerendezvous
|player|p1|
|l|☆evilbryanjohnson
|player|p2|
