|j|☆EvelynnLys
|j|☆GymLeader Avery
|t:|1758233147
|gametype|singles
|player|p1|EvelynnLys|rosa|
|player|p2|GymLeader Avery|giovanni-gen1|
|gen|9
|tier|[Gen 9] OU
|rule|HP Percentage Mod: HP is shown in percentages
|rule|Endless Battle Clause: Forcing endless battles is banned
|rule|Species Clause: Limit one of each Pokémon
|rule|OHKO Clause: OHKO moves are banned
|rule|Evasion Items Clause: Evasion items are banned
|rule|Evasion Moves Clause: Evasion moves are banned
|rule|Evasion Abilities Clause: Evasion abilities are banned
|rule|Sleep Moves Clause: Sleep-inducing moves are banned
|clearpoke
|poke|p1|Axew, L5, F|
|poke|p1|Snivy, L5, M|
|poke|p1|Sandile, L5, F|
|poke|p1|Joltik, L5, M|
|poke|p1|Tepig, L5, F|
|poke|p1|Oshawott, L5, M|
|poke|p2|Meowth-Alola, L5, M|
|poke|p2|Shroomish, L5, F|
|poke|p2|Grimer, L5, M|
|poke|p2|Froakie, L5, M|
|poke|p2|Drilbur, L5, M|
|poke|p2|Tyrogue, L5, M|
|teampreview
|c|☆GymLeader Avery|ight glhf
|c|☆EvelynnLys|glhf!
|c|☆GymLeader Avery|gen 5 ahh team
|c|☆GymLeader Avery|right
|c|☆EvelynnLys|yeah im the gen 5 girl LOL
|
|t:|1758233224
|teamsize|p1|6
|teamsize|p2|6
|start
|switch|p1a: Miku|Sandile, L5, F, shiny|100/100
|switch|p2a: Woakie|Froakie, L5, M|100/100
|-ability|p1a: Miku|Intimidate|boost
|-unboost|p2a: Woakie|atk|1
|turn|1
|
|t:|1758233238
|switch|p1a: Fine|Joltik, L5, M|100/100
|move|p2a: Woakie|U-turn|p1a: Fine
|-start|p2a: Woakie|typechange|Bug|[from] ability: Protean
|-damage|p1a: Fine|81/100
|
|t:|1758233271
|switch|p2a: Ty Wild|Tyrogue, L5, M|100/100|[from] U-turn
|
|-status|p2a: Ty Wild|brn|[from] item: Flame Orb
|upkeep
|turn|2
|
|t:|1758233281
|move|p1a: Fine|Protect|p1a: Fine
|-singleturn|p1a: Fine|Protect
|move|p2a: Ty Wild|Rapid Spin|p1a: Fine
|-activate|p1a: Fine|move: Protect
|
|-damage|p2a: Ty Wild|95/100 brn|[from] brn
|upkeep
|turn|3
|
|t:|1758233291
|switch|p1a: Miku|Sandile, L5, F, shiny|100/100
|-ability|p1a: Miku|Intimidate|boost
|-unboost|p2a: Ty Wild|atk|1
|move|p2a: Ty Wild|Rapid Spin|p1a: Miku
|-damage|p1a: Miku|81/100
|-boost|p2a: Ty Wild|spe|1
|
|-damage|p2a: Ty Wild|90/100 brn|[from] brn
|upkeep
|turn|4
|
|t:|1758233303
|move|p2a: Ty Wild|High Jump Kick|p1a: Miku
|-supereffective|p1a: Miku
|-crit|p1a: Miku
|-damage|p1a: Miku|0 fnt
|faint|p1a: Miku
|
|-damage|p2a: Ty Wild|85/100 brn|[from] brn
|upkeep
|
|t:|1758233310
|switch|p1a: Kirkia|Snivy, L5, M, shiny|100/100
|turn|5
|
|t:|1758233318
|move|p1a: Kirkia|Leaf Storm|p2a: Ty Wild
|-damage|p2a: Ty Wild|0 fnt
|-boost|p1a: Kirkia|spa|2
|faint|p2a: Ty Wild
|
|upkeep
|
|t:|1758233323
|switch|p2a: Goopular|Grimer, L5, M|100/100
|turn|6
|
|t:|1758233332
|switch|p1a: Teppy|Tepig, L5, F|100/100
|move|p2a: Goopular|Poison Jab|p1a: Teppy
|-damage|p1a: Teppy|57/100
|-status|p1a: Teppy|psn
|
|-damage|p1a: Teppy|48/100 psn|[from] psn
|upkeep
|turn|7
|
|t:|1758233340
|move|p1a: Teppy|Stomping Tantrum|p2a: Goopular
|-supereffective|p2a: Goopular
|-damage|p2a: Goopular|60/100
|move|p2a: Goopular|Drain Punch|p1a: Teppy
|-damage|p1a: Teppy|18/100 psn
|-heal|p2a: Goopular|76/100|[from] drain|[of] p1a: Teppy
|
|-damage|p1a: Teppy|9/100 psn|[from] psn
|upkeep
|turn|8
|
|t:|1758233352
|move|p2a: Goopular|Shadow Sneak|p1a: Teppy
|-damage|p1a: Teppy|0 fnt
|faint|p1a: Teppy
|
|upkeep
|c|☆GymLeader Avery|my child
|
|t:|1758233355
|switch|p1a: Hibiki|Axew, L5, F, shiny|100/100
|-ability|p1a: Hibiki|Mold Breaker
|turn|9
|
|t:|1758233360
|move|p1a: Hibiki|Dragon Dance|p1a: Hibiki
|-boost|p1a: Hibiki|atk|1
|-boost|p1a: Hibiki|spe|1
|move|p2a: Goopular|Acid Armor|p2a: Goopular
|-boost|p2a: Goopular|def|2
|
|upkeep
|turn|10
|
|t:|1758233369
|move|p1a: Hibiki|Dragon Claw|p2a: Goopular
|-damage|p2a: Goopular|48/100
|move|p2a: Goopular|Poison Jab|p1a: Hibiki
|-damage|p1a: Hibiki|43/100
|
|upkeep
|turn|11
|
|t:|1758233405
|move|p1a: Hibiki|Dragon Claw|p2a: Goopular
|-damage|p2a: Goopular|20/100
|move|p2a: Goopular|Poison Jab|p1a: Hibiki
|-damage|p1a: Hibiki|0 fnt
|faint|p1a: Hibiki
|
|upkeep
|
|t:|1758233417
|switch|p1a: Kirkia|Snivy, L5, M, shiny|100/100
|turn|12
|
|t:|1758233424
|move|p2a: Goopular|Shadow Sneak|p1a: Kirkia
|-damage|p1a: Kirkia|77/100
|move|p1a: Kirkia|Tera Blast|p2a: Goopular
|-damage|p2a: Goopular|0 fnt
|faint|p2a: Goopular
|
|upkeep
|
|t:|1758233428
|switch|p2a: Grumps|Shroomish, L5, F|100/100
|turn|13
|
|t:|1758233435
|switch|p1a: Fine|Joltik, L5, M|81/100
|move|p2a: Grumps|Sludge Bomb|p1a: Fine
|-damage|p1a: Fine|62/100
|-status|p1a: Fine|psn
|
|-damage|p1a: Fine|53/100 psn|[from] psn
|upkeep
|turn|14
|c|☆GymLeader Avery|listen
|c|☆GymLeader Avery|i aint mean for the poisons
|c|☆GymLeader Avery|LOL
|c|☆EvelynnLys|It happens LOL
|
|t:|1758233460
|move|p2a: Grumps|Protect|p2a: Grumps
|-singleturn|p2a: Grumps|Protect
|move|p1a: Fine|Bug Buzz|p2a: Grumps
|-activate|p2a: Grumps|move: Protect
|
|-damage|p1a: Fine|43/100 psn|[from] psn
|upkeep
|turn|15
|
|t:|1758233548
|switch|p2a: Woakie|Froakie, L5, M|100/100
|move|p1a: Fine|Bug Buzz|p2a: Woakie
|-damage|p2a: Woakie|40/100
|
|-damage|p1a: Fine|34/100 psn|[from] psn
|upkeep
|turn|16
|
|t:|1758233563
|switch|p1a: Tachibana|Oshawott, L5, M|100/100
|move|p2a: Woakie|Ice Beam|p1a: Tachibana
|-start|p2a: Woakie|typechange|Ice|[from] ability: Protean
|-resisted|p1a: Tachibana
|-crit|p1a: Tachibana
|-damage|p1a: Tachibana|73/100
|
|upkeep
|turn|17
|
|t:|1758233581
|switch|p2a: Grumps|Shroomish, L5, F|100/100
|move|p1a: Tachibana|Knock Off|p2a: Grumps
|-damage|p2a: Grumps|75/100
|-enditem|p2a: Grumps|Eviolite|[from] move: Knock Off|[of] p1a: Tachibana
|
|upkeep
|turn|18
|
|t:|1758233589
|switch|p1a: Fine|Joltik, L5, M|34/100 psn
|move|p2a: Grumps|Leech Seed|p1a: Fine
|-start|p1a: Fine|move: Leech Seed
|
|-damage|p1a: Fine|24/100 psn|[from] Leech Seed|[of] p2a: Grumps
|-heal|p2a: Grumps|84/100|[silent]
|-damage|p1a: Fine|15/100 psn|[from] psn
|upkeep
|turn|19
|
|t:|1758233596
|move|p2a: Grumps|Protect|p2a: Grumps
|-singleturn|p2a: Grumps|Protect
|move|p1a: Fine|Bug Buzz|p2a: Grumps
|-activate|p2a: Grumps|move: Protect
|
|-damage|p1a: Fine|5/100 psn|[from] Leech Seed|[of] p2a: Grumps
|-heal|p2a: Grumps|92/100|[silent]
|-damage|p1a: Fine|0 fnt|[from] psn
|faint|p1a: Fine
|upkeep
|
|t:|1758233608
|switch|p1a: Tachibana|Oshawott, L5, M|73/100
|turn|20
|
|t:|1758233619
|move|p1a: Tachibana|Knock Off|p2a: Grumps
|-damage|p2a: Grumps|67/100
|move|p2a: Grumps|Giga Drain|p1a: Tachibana
|-supereffective|p1a: Tachibana
|-damage|p1a: Tachibana|37/100
|-heal|p2a: Grumps|84/100|[from] drain|[of] p1a: Tachibana
|
|upkeep
|turn|21
|
|t:|1758233631
|move|p1a: Tachibana|Flip Turn|p2a: Grumps
|-resisted|p2a: Grumps
|-damage|p2a: Grumps|67/100
|
|t:|1758233634
|switch|p1a: Kirkia|Snivy, L5, M, shiny|77/100|[from] Flip Turn
|move|p2a: Grumps|Giga Drain|p1a: Kirkia
|-resisted|p1a: Kirkia
|-damage|p1a: Kirkia|58/100
|-heal|p2a: Grumps|75/100|[from] drain|[of] p1a: Kirkia
|
|upkeep
|turn|22
|
|t:|1758233638
|move|p1a: Kirkia|Tera Blast|p2a: Grumps
|-damage|p2a: Grumps|50/100
|move|p2a: Grumps|Sludge Bomb|p1a: Kirkia
|-supereffective|p1a: Kirkia
|-damage|p1a: Kirkia|0 fnt
|faint|p1a: Kirkia
|
|upkeep
|
|t:|1758233643
|switch|p1a: Tachibana|Oshawott, L5, M|37/100
|turn|23
|
|t:|1758233647
|move|p1a: Tachibana|Sacred Sword|p2a: Grumps
|-damage|p2a: Grumps|17/100
|-status|p1a: Tachibana|par|[from] ability: Effect Spore|[of] p2a: Grumps
|move|p2a: Grumps|Giga Drain|p1a: Tachibana
|-supereffective|p1a: Tachibana
|-damage|p1a: Tachibana|0 fnt
|-heal|p2a: Grumps|34/100|[from] drain|[of] p1a: Tachibana
|faint|p1a: Tachibana
|
|win|GymLeader Avery
|c|☆GymLeader Avery|ggs
