|j|☆EmmanuelR205506
|j|☆STRONGPPMAIN6969
|t:|1758352660
|gametype|singles
|player|p1|EmmanuelR205506|palmer|1727
|player|p2|STRONGPPMAIN6969|clown|1661
|gen|9
|tier|[Gen 9] OU
|rated|
|rule|HP Percentage Mod: HP is shown in percentages
|rule|Endless Battle Clause: Forcing endless battles is banned
|rule|Species Clause: Limit one of each Pokémon
|rule|OHKO Clause: OHKO moves are banned
|rule|Evasion Items Clause: Evasion items are banned
|rule|Evasion Moves Clause: Evasion moves are banned
|rule|Evasion Abilities Clause: Evasion abilities are banned
|rule|Sleep Moves Clause: Sleep-inducing moves are banned
|clearpoke
|poke|p1|Cinderace, M|
|poke|p1|Gholdengo|
|poke|p1|Heatran, M|
|poke|p1|Great Tusk|
|poke|p1|Primarina, F|
|poke|p1|Iron Valiant|
|poke|p2|Pecharunt|
|poke|p2|Great Tusk|
|poke|p2|Ogerpon-Wellspring, F|
|poke|p2|Iron Crown|
|poke|p2|Landorus-Therian, M|
|poke|p2|Samurott-Hisui, M|
|teampreview
|inactive|Battle timer is ON: inactive players will automatically lose when time's up. (requested by EmmanuelR205506)
|
|t:|1758352671
|teamsize|p1|6
|teamsize|p2|6
|start
|switch|p1a: Cinderace|Cinderace, M|100/100
|switch|p2a: Landorus|Landorus-Therian, M|100/100
|-ability|p2a: Landorus|Intimidate|boost
|-unboost|p1a: Cinderace|atk|1
|turn|1
|
|t:|1758352676
|switch|p1a: Great Tusk|Great Tusk|100/100
|move|p2a: Landorus|Earthquake|p1a: Great Tusk
|-damage|p1a: Great Tusk|75/100
|
|upkeep
|turn|2
|
|t:|1758352682
|switch|p2a: Pecharunt|Pecharunt|100/100
|move|p1a: Great Tusk|Knock Off|p2a: Pecharunt
|-supereffective|p2a: Pecharunt
|-damage|p2a: Pecharunt|73/100
|-damage|p1a: Great Tusk|58/100|[from] item: Rocky Helmet|[of] p2a: Pecharunt
|-enditem|p2a: Pecharunt|Rocky Helmet|[from] move: Knock Off|[of] p1a: Great Tusk
|
|upkeep
|turn|3
|j| Ctannn
|
|t:|1758352704
|-end|p1a: Great Tusk|Protosynthesis|[silent]
|switch|p1a: Gholdengo|Gholdengo|100/100
|move|p2a: Pecharunt|Parting Shot|p1a: Gholdengo
|-immune|p1a: Gholdengo|[from] ability: Good as Gold
|
|upkeep
|turn|4
|
|t:|1758352716
|switch|p2a: Samurott|Samurott-Hisui, M|100/100
|move|p1a: Gholdengo|Thunder Wave|p2a: Samurott
|-status|p2a: Samurott|par
|
|upkeep
|turn|5
|
|t:|1758352720
|switch|p1a: Great Tusk|Great Tusk|58/100
|move|p2a: Samurott|Ceaseless Edge|p1a: Great Tusk
|-resisted|p1a: Great Tusk
|-damage|p1a: Great Tusk|46/100
|-damage|p2a: Samurott|84/100 par|[from] item: Rocky Helmet|[of] p1a: Great Tusk
|-sidestart|p1: EmmanuelR205506|Spikes
|
|upkeep
|turn|6
|inactive|STRONGPPMAIN6969 has 120 seconds left.
|
|t:|1758352752
|switch|p2a: Great Tusk|Great Tusk|100/100
|-enditem|p2a: Great Tusk|Booster Energy
|-activate|p2a: Great Tusk|ability: Protosynthesis|[fromitem]
|-start|p2a: Great Tusk|protosynthesisspe
|move|p1a: Great Tusk|Earthquake|p2a: Great Tusk
|-damage|p2a: Great Tusk|75/100
|
|upkeep
|turn|7
|j| cynasaurus
|inactive|STRONGPPMAIN6969 has 120 seconds left.
|
|t:|1758352765
|move|p2a: Great Tusk|Headlong Rush|p1a: Great Tusk
|-damage|p1a: Great Tusk|23/100
|-unboost|p2a: Great Tusk|def|1
|-unboost|p2a: Great Tusk|spd|1
|-damage|p2a: Great Tusk|58/100|[from] item: Rocky Helmet|[of] p1a: Great Tusk
|move|p1a: Great Tusk|Rapid Spin|p2a: Great Tusk
|-damage|p2a: Great Tusk|43/100
|-boost|p1a: Great Tusk|spe|1
|-sideend|p1: EmmanuelR205506|Spikes|[from] move: Rapid Spin|[of] p1a: Great Tusk
|
|upkeep
|turn|8
|
|t:|1758352769
|move|p2a: Great Tusk|Headlong Rush|p1a: Great Tusk
|-damage|p1a: Great Tusk|0 fnt
|-unboost|p2a: Great Tusk|def|1
|-unboost|p2a: Great Tusk|spd|1
|-damage|p2a: Great Tusk|27/100|[from] item: Rocky Helmet|[of] p1a: Great Tusk
|faint|p1a: Great Tusk
|-end|p1a: Great Tusk|Protosynthesis|[silent]
|
|upkeep
|
|t:|1758352774
|switch|p1a: Iron Valiant|Iron Valiant|100/100
|-enditem|p1a: Iron Valiant|Booster Energy
|-activate|p1a: Iron Valiant|ability: Quark Drive|[fromitem]
|-start|p1a: Iron Valiant|quarkdrivespe
|turn|9
|
|t:|1758352779
|move|p1a: Iron Valiant|Moonblast|p2a: Great Tusk
|-supereffective|p2a: Great Tusk
|-damage|p2a: Great Tusk|0 fnt
|faint|p2a: Great Tusk
|-end|p2a: Great Tusk|Protosynthesis|[silent]
|
|upkeep
|
|t:|1758352793
|switch|p2a: Pecharunt|Pecharunt|73/100
|turn|10
|
|t:|1758352795
|-end|p1a: Iron Valiant|Quark Drive|[silent]
|switch|p1a: Gholdengo|Gholdengo|100/100
|move|p2a: Pecharunt|Recover|p2a: Pecharunt
|-heal|p2a: Pecharunt|100/100
|
|upkeep
|turn|11
|
|t:|1758352800
|switch|p2a: Samurott|Samurott-Hisui, M|84/100 par
|move|p1a: Gholdengo|Hex|p2a: Samurott
|-resisted|p2a: Samurott
|-damage|p2a: Samurott|60/100 par
|
|upkeep
|turn|12
|
|t:|1758352807
|switch|p1a: Primarina|Primarina, F|100/100
|move|p2a: Samurott|Ceaseless Edge|p1a: Primarina
|-resisted|p1a: Primarina
|-damage|p1a: Primarina|69/100
|-sidestart|p1: EmmanuelR205506|Spikes
|
|upkeep
|turn|13
|
|t:|1758352819
|switch|p2a: Pecharunt|Pecharunt|100/100
|move|p1a: Primarina|Moonblast|p2a: Pecharunt
|-resisted|p2a: Pecharunt
|-damage|p2a: Pecharunt|73/100
|
|upkeep
|turn|14
|
|t:|1758352824
|switch|p2a: Landorus|Landorus-Therian, M|100/100
|-ability|p2a: Landorus|Intimidate|boost
|-unboost|p1a: Primarina|atk|1
|move|p1a: Primarina|Hyper Voice|p2a: Landorus
|-supereffective|p2a: Landorus
|-damage|p2a: Landorus|0 fnt
|faint|p2a: Landorus
|
|upkeep
|
|t:|1758352830
|switch|p2a: Ogerpon|Ogerpon-Wellspring, F|100/100
|turn|15
|
|t:|1758352836
|-terastallize|p2a: Ogerpon|Water
|detailschange|p2a: Ogerpon|Ogerpon-Wellspring-Tera, F, tera:Water
|-ability|p2a: Ogerpon|Embody Aspect (Wellspring)|boost
|-boost|p2a: Ogerpon|spd|1
|move|p2a: Ogerpon|Ivy Cudgel|p1a: Primarina|[anim] Ivy Cudgel Water
|-resisted|p1a: Primarina
|-damage|p1a: Primarina|24/100
|move|p1a: Primarina|Ice Beam|p2a: Ogerpon
|-resisted|p2a: Ogerpon
|-damage|p2a: Ogerpon|90/100
|
|upkeep
|turn|16
|
|t:|1758352843
|move|p2a: Ogerpon|Swords Dance|p2a: Ogerpon
|-boost|p2a: Ogerpon|atk|2
|move|p1a: Primarina|Moonblast|p2a: Ogerpon
|-damage|p2a: Ogerpon|54/100
|
|upkeep
|turn|17
|
|t:|1758352846
|move|p2a: Ogerpon|Trailblaze|p1a: Primarina
|-supereffective|p1a: Primarina
|-damage|p1a: Primarina|0 fnt
|-boost|p2a: Ogerpon|spe|1
|faint|p1a: Primarina
|
|upkeep
|
|t:|1758352849
|switch|p1a: Heatran|Heatran, M|100/100
|-damage|p1a: Heatran|88/100|[from] Spikes
|turn|18
|
|t:|1758352864
|-terastallize|p1a: Heatran|Grass
|move|p2a: Ogerpon|Synthesis|p2a: Ogerpon
|-heal|p2a: Ogerpon|100/100
|move|p1a: Heatran|Will-O-Wisp|p2a: Ogerpon
|-status|p2a: Ogerpon|brn
|
|-heal|p1a: Heatran|94/100|[from] item: Leftovers
|-damage|p2a: Ogerpon|94/100 brn|[from] brn
|upkeep
|turn|19
|
|t:|1758352870
|move|p2a: Ogerpon|Swords Dance|p2a: Ogerpon
|-boost|p2a: Ogerpon|atk|2
|move|p1a: Heatran|Magma Storm|p2a: Ogerpon
|-resisted|p2a: Ogerpon
|-damage|p2a: Ogerpon|81/100 brn
|-activate|p2a: Ogerpon|move: Magma Storm|[of] p1a: Heatran
|
|-heal|p1a: Heatran|100/100|[from] item: Leftovers
|-damage|p2a: Ogerpon|75/100 brn|[from] brn
|-damage|p2a: Ogerpon|63/100 brn|[from] move: Magma Storm|[partiallytrapped]
|upkeep
|turn|20
|
|t:|1758352876
|move|p2a: Ogerpon|Swords Dance|p2a: Ogerpon
|-boost|p2a: Ogerpon|atk|2
|move|p1a: Heatran|Stealth Rock|p2a: Ogerpon
|-sidestart|p2: STRONGPPMAIN6969|move: Stealth Rock
|
|-damage|p2a: Ogerpon|57/100 brn|[from] brn
|-damage|p2a: Ogerpon|44/100 brn|[from] move: Magma Storm|[partiallytrapped]
|upkeep
|turn|21
|
|t:|1758352879
|move|p2a: Ogerpon|Synthesis|p2a: Ogerpon
|-heal|p2a: Ogerpon|94/100 brn
|move|p1a: Heatran|Earth Power|p2a: Ogerpon
|-damage|p2a: Ogerpon|78/100 brn
|
|-damage|p2a: Ogerpon|72/100 brn|[from] brn
|-damage|p2a: Ogerpon|60/100 brn|[from] move: Magma Storm|[partiallytrapped]
|upkeep
|turn|22
|
|t:|1758352883
|move|p2a: Ogerpon|Ivy Cudgel|p1a: Heatran|[anim] Ivy Cudgel Water
|-resisted|p1a: Heatran
|-damage|p1a: Heatran|42/100
|move|p1a: Heatran|Magma Storm|p2a: Ogerpon
|-resisted|p2a: Ogerpon
|-damage|p2a: Ogerpon|46/100 brn
|
|-heal|p1a: Heatran|49/100|[from] item: Leftovers
|-damage|p2a: Ogerpon|40/100 brn|[from] brn
|-damage|p2a: Ogerpon|27/100 brn|[from] move: Magma Storm|[partiallytrapped]
|upkeep
|turn|23
|
|t:|1758352892
|move|p2a: Ogerpon|Synthesis|p2a: Ogerpon
|-heal|p2a: Ogerpon|77/100 brn
|move|p1a: Heatran|Earth Power|p2a: Ogerpon
|-damage|p2a: Ogerpon|60/100 brn
|
|-heal|p1a: Heatran|55/100|[from] item: Leftovers
|-damage|p2a: Ogerpon|54/100 brn|[from] brn
|-end|p2a: Ogerpon|Magma Storm|[partiallytrapped]
|upkeep
|turn|24
|
|t:|1758352897
|move|p2a: Ogerpon|Trailblaze|p1a: Heatran
|-resisted|p1a: Heatran
|-damage|p1a: Heatran|33/100
|-boost|p2a: Ogerpon|spe|1
|move|p1a: Heatran|Magma Storm|p2a: Ogerpon
|-resisted|p2a: Ogerpon
|-damage|p2a: Ogerpon|40/100 brn
|-activate|p2a: Ogerpon|move: Magma Storm|[of] p1a: Heatran
|
|-heal|p1a: Heatran|40/100|[from] item: Leftovers
|-damage|p2a: Ogerpon|34/100 brn|[from] brn
|-damage|p2a: Ogerpon|22/100 brn|[from] move: Magma Storm|[partiallytrapped]
|upkeep
|turn|25
|
|t:|1758352906
|move|p2a: Ogerpon|Synthesis|p2a: Ogerpon
|-heal|p2a: Ogerpon|72/100 brn
|move|p1a: Heatran|Magma Storm|p2a: Ogerpon|[miss]
|-miss|p1a: Heatran|p2a: Ogerpon
|
|-heal|p1a: Heatran|46/100|[from] item: Leftovers
|-damage|p2a: Ogerpon|66/100 brn|[from] brn
|-damage|p2a: Ogerpon|53/100 brn|[from] move: Magma Storm|[partiallytrapped]
|upkeep
|turn|26
|
|t:|1758352923
|move|p2a: Ogerpon|Synthesis|p2a: Ogerpon
|-heal|p2a: Ogerpon|100/100 brn
|move|p1a: Heatran|Magma Storm|p2a: Ogerpon
|-resisted|p2a: Ogerpon
|-damage|p2a: Ogerpon|86/100 brn
|
|-heal|p1a: Heatran|52/100|[from] item: Leftovers
|-damage|p2a: Ogerpon|80/100 brn|[from] brn
|-damage|p2a: Ogerpon|67/100 brn|[from] move: Magma Storm|[partiallytrapped]
|upkeep
|turn|27
|
|t:|1758352929
|move|p2a: Ogerpon|Ivy Cudgel|p1a: Heatran|[anim] Ivy Cudgel Water
|-resisted|p1a: Heatran
|-damage|p1a: Heatran|0 fnt
|faint|p1a: Heatran
|
|-damage|p2a: Ogerpon|61/100 brn|[from] brn
|-end|p2a: Ogerpon|Magma Storm|[partiallytrapped]|[silent]
|upkeep
|
|t:|1758352932
|switch|p1a: Gholdengo|Gholdengo|100/100
|-damage|p1a: Gholdengo|88/100|[from] Spikes
|turn|28
|
|t:|1758352935
|move|p2a: Ogerpon|Ivy Cudgel|p1a: Gholdengo|[anim] Ivy Cudgel Water
|-crit|p1a: Gholdengo
|-damage|p1a: Gholdengo|0 fnt
|faint|p1a: Gholdengo
|
|-damage|p2a: Ogerpon|55/100 brn|[from] brn
|upkeep
|-message|EmmanuelR205506 forfeited.
|
|win|STRONGPPMAIN6969
|raw|EmmanuelR205506's rating: 1727 &rarr; <strong>1703</strong><br />(-24 for losing)
|raw|STRONGPPMAIN6969's rating: 1661 &rarr; <strong>1685</strong><br />(+24 for winning)
|l|☆EmmanuelR205506
|player|p1|
|l|☆STRONGPPMAIN6969
|player|p2|
|l| Ctannn
|l| cynasaurus
