|j|☆wrdonawing
|j|☆slinledieuvivant
|t:|1758364765
|gametype|singles
|player|p1|wrdonawing|lana|1321
|player|p2|slinledieuvivant|266|1363
|gen|9
|tier|[Gen 9] OU
|rated|
|rule|HP Percentage Mod: HP is shown in percentages
|rule|Endless Battle Clause: Forcing endless battles is banned
|rule|Species Clause: Limit one of each Pokémon
|rule|OHKO Clause: OHKO moves are banned
|rule|Evasion Items Clause: Evasion items are banned
|rule|Evasion Moves Clause: Evasion moves are banned
|rule|Evasion Abilities Clause: Evasion abilities are banned
|rule|Sleep Moves Clause: Sleep-inducing moves are banned
|clearpoke
|poke|p1|Iron Moth|
|poke|p1|Decidueye-Hisui, M|
|poke|p1|Hoopa-Unbound|
|poke|p1|Comfey, M|
|poke|p1|Pecharunt|
|poke|p1|Scyther, M|
|poke|p2|Delphox, F|
|poke|p2|Alomomola, F|
|poke|p2|Iron Treads|
|poke|p2|Chesnaught, M|
|poke|p2|Greninja-*, F|
|poke|p2|Zamazenta-*|
|teampreview
|inactive|Battle timer is ON: inactive players will automatically lose when time's up. (requested by wrdonawing)
|
|t:|1758364794
|teamsize|p1|6
|teamsize|p2|6
|start
|switch|p1a: Hoopa|Hoopa-Unbound|100/100
|switch|p2a: Greninja|Greninja, F|100/100
|turn|1
|
|t:|1758364807
|switch|p2a: Alomomola|Alomomola, F|100/100
|move|p1a: Hoopa|Fling|p2a: Alomomola
|-damage|p2a: Alomomola|55/100
|-enditem|p1a: Hoopa|Big Nugget|[from] move: Fling
|
|upkeep
|turn|2
|
|t:|1758364815
|move|p1a: Hoopa|Hyperspace Fury|p2a: Alomomola
|-damage|p2a: Alomomola|20/100
|-unboost|p1a: Hoopa|def|1
|-item|p1a: Hoopa|Heavy-Duty Boots|[from] ability: Magician|[of] p2a: Alomomola
|move|p2a: Alomomola|Wish|p2a: Alomomola
|
|upkeep
|turn|3
|
|t:|1758364832
|switch|p2a: Iron Treads|Iron Treads|100/100
|move|p1a: Hoopa|Hyperspace Fury|p2a: Iron Treads
|-damage|p2a: Iron Treads|52/100
|-unboost|p1a: Hoopa|def|1
|
|-heal|p2a: Iron Treads|100/100|[from] move: Wish|[wisher] Alomomola
|upkeep
|turn|4
|
|t:|1758364841
|move|p1a: Hoopa|Hyperspace Fury|p2a: Iron Treads
|-damage|p2a: Iron Treads|51/100
|-unboost|p1a: Hoopa|def|1
|move|p2a: Iron Treads|Earthquake|p1a: Hoopa
|-damage|p1a: Hoopa|0 fnt
|faint|p1a: Hoopa
|
|-heal|p2a: Iron Treads|57/100|[from] item: Leftovers
|upkeep
|
|t:|1758364846
|switch|p1a: Iron Moth|Iron Moth|100/100
|-enditem|p1a: Iron Moth|Booster Energy
|-activate|p1a: Iron Moth|ability: Quark Drive|[fromitem]
|-start|p1a: Iron Moth|quarkdrivespe
|turn|5
|
|t:|1758364857
|-terastallize|p2a: Iron Treads|Ghost
|move|p1a: Iron Moth|Fiery Dance|p2a: Iron Treads
|-damage|p2a: Iron Treads|26/100
|move|p2a: Iron Treads|Earthquake|p1a: Iron Moth
|-supereffective|p1a: Iron Moth
|-damage|p1a: Iron Moth|0 fnt
|faint|p1a: Iron Moth
|-end|p1a: Iron Moth|Quark Drive|[silent]
|
|-heal|p2a: Iron Treads|32/100|[from] item: Leftovers
|upkeep
|
|t:|1758364863
|switch|p1a: Pecharunt|Pecharunt|100/100
|turn|6
|
|t:|1758364877
|-end|p2a: Iron Treads|Quark Drive|[silent]
|switch|p2a: Greninja|Greninja, F|100/100
|move|p1a: Pecharunt|Nasty Plot|p1a: Pecharunt
|-boost|p1a: Pecharunt|spa|2
|
|upkeep
|turn|7
|
|t:|1758364888
|move|p2a: Greninja|Surf|p1a: Pecharunt
|-start|p2a: Greninja|typechange|Water|[from] ability: Protean
|-damage|p1a: Pecharunt|25/100
|move|p1a: Pecharunt|Malignant Chain|p2a: Greninja
|-damage|p2a: Greninja|0 fnt
|faint|p2a: Greninja
|
|-heal|p1a: Pecharunt|31/100|[from] item: Leftovers
|upkeep
|
|t:|1758364897
|switch|p2a: Delphox|Delphox, F|100/100
|turn|8
|
|t:|1758364901
|move|p2a: Delphox|Psyshock|p1a: Pecharunt
|-supereffective|p1a: Pecharunt
|-damage|p1a: Pecharunt|0 fnt
|faint|p1a: Pecharunt
|
|upkeep
|
|t:|1758364909
|switch|p1a: Scyther|Scyther, M|100/100
|turn|9
|
|t:|1758364931
|switch|p2a: Iron Treads|Iron Treads, tera:Ghost|32/100
|move|p1a: Scyther|Bug Bite|p2a: Iron Treads
|-resisted|p2a: Iron Treads
|-damage|p2a: Iron Treads|17/100
|
|-heal|p2a: Iron Treads|23/100|[from] item: Leftovers
|upkeep
|turn|10
|
|t:|1758364943
|move|p1a: Scyther|Swords Dance|p1a: Scyther
|-boost|p1a: Scyther|atk|2
|move|p2a: Iron Treads|Stealth Rock|p1a: Scyther
|-sidestart|p1: wrdonawing|move: Stealth Rock
|
|-heal|p2a: Iron Treads|29/100|[from] item: Leftovers
|upkeep
|turn|11
|
|t:|1758364949
|move|p1a: Scyther|Dual Wingbeat|p2a: Iron Treads
|-damage|p2a: Iron Treads|0 fnt
|faint|p2a: Iron Treads
|-end|p2a: Iron Treads|Quark Drive|[silent]
|-hitcount|p2: Iron Treads|1
|
|upkeep
|
|t:|1758364954
|switch|p2a: Zamazenta|Zamazenta|100/100
|-ability|p2a: Zamazenta|Dauntless Shield|boost
|-boost|p2a: Zamazenta|def|1
|turn|12
|
|t:|1758364960
|-terastallize|p1a: Scyther|Fighting
|move|p2a: Zamazenta|Stone Edge|p1a: Scyther
|-resisted|p1a: Scyther
|-damage|p1a: Scyther|86/100
|move|p1a: Scyther|Dual Wingbeat|p2a: Zamazenta
|-supereffective|p2a: Zamazenta
|-damage|p2a: Zamazenta|32/100
|-supereffective|p2a: Zamazenta
|-damage|p2a: Zamazenta|0 fnt
|faint|p2a: Zamazenta
|-hitcount|p2: Zamazenta|2
|
|upkeep
|-message|slinledieuvivant forfeited.
|
|win|wrdonawing
|raw|wrdonawing's rating: 1321 &rarr; <strong>1343</strong><br />(+22 for winning)
|raw|slinledieuvivant's rating: 1363 &rarr; <strong>1341</strong><br />(-22 for losing)
|l|☆slinledieuvivant
|player|p2|
|l|☆wrdonawing
|player|p1|
