|j|☆StarDio
|j|☆Danxsh17
|t:|1758263059
|gametype|singles
|player|p1|StarDio|lance|1501
|player|p2|Danxsh17|265|1543
|gen|9
|tier|[Gen 9] OU
|rated|
|rule|HP Percentage Mod: HP is shown in percentages
|rule|Endless Battle Clause: Forcing endless battles is banned
|rule|Species Clause: Limit one of each Pokémon
|rule|OHKO Clause: OHKO moves are banned
|rule|Evasion Items Clause: Evasion items are banned
|rule|Evasion Moves Clause: Evasion moves are banned
|rule|Evasion Abilities Clause: Evasion abilities are banned
|rule|Sleep Moves Clause: Sleep-inducing moves are banned
|clearpoke
|poke|p1|Ting-Lu|
|poke|p1|Pecharunt|
|poke|p1|Hatterene, F|
|poke|p1|Hoopa-Unbound|
|poke|p1|Dragonite, M|
|poke|p1|Zamazenta-*|
|poke|p2|Ogerpon-Wellspring, F|
|poke|p2|Kingambit, F|
|poke|p2|Landorus-Therian, M|
|poke|p2|Glimmora, M|
|poke|p2|Dragapult, M|
|poke|p2|Iron Valiant|
|teampreview
|inactive|Battle timer is ON: inactive players will automatically lose when time's up. (requested by StarDio)
|
|t:|1758263069
|teamsize|p1|6
|teamsize|p2|6
|start
|switch|p1a: Pecharunt|Pecharunt|100/100
|switch|p2a: Glimmora|Glimmora, M|100/100
|turn|1
|
|t:|1758263075
|switch|p1a: Hatterene|Hatterene, F|100/100
|move|p2a: Glimmora|Spikes|p1a: Hatterene
|move|p1a: Hatterene|Spikes|p2a: Glimmora|[from] ability: Magic Bounce
|-sidestart|p2: Danxsh17|Spikes
|
|upkeep
|turn|2
|
|t:|1758263083
|move|p2a: Glimmora|Mortal Spin|p1a: Hatterene
|-supereffective|p1a: Hatterene
|-damage|p1a: Hatterene|91/100
|-sideend|p2: Danxsh17|Spikes|[from] move: Mortal Spin|[of] p2a: Glimmora
|move|p1a: Hatterene|Psychic Noise|p2a: Glimmora
|-supereffective|p2a: Glimmora
|-damage|p2a: Glimmora|13/100
|-start|p2a: Glimmora|move: Heal Block
|
|upkeep
|turn|3
|
|t:|1758263090
|move|p2a: Glimmora|Meteor Beam||[still]
|-prepare|p2a: Glimmora|Meteor Beam
|-boost|p2a: Glimmora|spa|1
|-enditem|p2a: Glimmora|Power Herb
|-anim|p2a: Glimmora|Meteor Beam|p1a: Hatterene
|-damage|p1a: Hatterene|0 fnt
|faint|p1a: Hatterene
|
|-end|p2a: Glimmora|move: Heal Block
|upkeep
|
|t:|1758263103
|switch|p1a: Hoopa|Hoopa-Unbound|100/100
|turn|4
|
|t:|1758263107
|move|p1a: Hoopa|Psychic|p2a: Glimmora
|-supereffective|p2a: Glimmora
|-damage|p2a: Glimmora|0 fnt
|faint|p2a: Glimmora
|
|upkeep
|
|t:|1758263110
|switch|p2a: Kingambit|Kingambit, F|100/100
|-activate|p2a: Kingambit|ability: Supreme Overlord
|-start|p2a: Kingambit|fallen1|[silent]
|turn|5
|
|t:|1758263115
|switch|p1a: Ting-Lu|Ting-Lu|100/100
|-ability|p1a: Ting-Lu|Vessel of Ruin
|-end|p2a: Kingambit|fallen1|[silent]
|switch|p2a: Landorus|Landorus-Therian, M|100/100
|-ability|p2a: Landorus|Intimidate|boost
|-unboost|p1a: Ting-Lu|atk|1
|
|upkeep
|turn|6
|
|t:|1758263120
|move|p2a: Landorus|Taunt|p1a: Ting-Lu
|-start|p1a: Ting-Lu|move: Taunt
|cant|p1a: Ting-Lu|move: Taunt|Stealth Rock
|
|upkeep
|turn|7
|
|t:|1758263128
|move|p2a: Landorus|Stealth Rock|p1a: Ting-Lu
|-sidestart|p1: StarDio|move: Stealth Rock
|move|p1a: Ting-Lu|Ruination|p2a: Landorus
|-damage|p2a: Landorus|51/100
|
|upkeep
|turn|8
|
|t:|1758263131
|move|p2a: Landorus|Earthquake|p1a: Ting-Lu
|-damage|p1a: Ting-Lu|75/100
|move|p1a: Ting-Lu|Ruination|p2a: Landorus
|-damage|p2a: Landorus|26/100
|
|-end|p1a: Ting-Lu|move: Taunt
|upkeep
|turn|9
|
|t:|1758263136
|switch|p1a: Hoopa|Hoopa-Unbound|100/100
|-damage|p1a: Hoopa|88/100|[from] Stealth Rock
|move|p2a: Landorus|Taunt|p1a: Hoopa
|-start|p1a: Hoopa|move: Taunt
|
|upkeep
|turn|10
|
|t:|1758263140
|move|p1a: Hoopa|Ice Punch|p2a: Landorus
|-supereffective|p2a: Landorus
|-damage|p2a: Landorus|0 fnt
|-damage|p1a: Hoopa|72/100|[from] item: Rocky Helmet|[of] p2a: Landorus
|faint|p2a: Landorus
|
|upkeep
|
|t:|1758263143
|switch|p2a: Ogerpon|Ogerpon-Wellspring, F|100/100
|turn|11
|
|t:|1758263147
|switch|p1a: Pecharunt|Pecharunt|100/100
|move|p2a: Ogerpon|Ivy Cudgel|p1a: Pecharunt|[anim] Ivy Cudgel Water
|-crit|p1a: Pecharunt
|-damage|p1a: Pecharunt|49/100
|
|upkeep
|turn|12
|
|t:|1758263153
|switch|p2a: Kingambit|Kingambit, F|100/100
|-activate|p2a: Kingambit|ability: Supreme Overlord
|-start|p2a: Kingambit|fallen2|[silent]
|move|p1a: Pecharunt|Recover|p1a: Pecharunt
|-heal|p1a: Pecharunt|99/100
|
|upkeep
|turn|13
|
|t:|1758263159
|-end|p2a: Kingambit|fallen2|[silent]
|switch|p2a: Dragapult|Dragapult, M|100/100
|move|p1a: Pecharunt|Parting Shot|p2a: Dragapult
|-fail|p2a: Dragapult|unboost|[from] ability: Clear Body|[of] p2a: Dragapult
|
|upkeep
|turn|14
|
|t:|1758263167
|switch|p1a: Ting-Lu|Ting-Lu|75/100
|-damage|p1a: Ting-Lu|69/100|[from] Stealth Rock
|-ability|p1a: Ting-Lu|Vessel of Ruin
|move|p2a: Dragapult|U-turn|p1a: Ting-Lu
|-supereffective|p1a: Ting-Lu
|-damage|p1a: Ting-Lu|51/100
|-damage|p2a: Dragapult|84/100|[from] item: Rocky Helmet|[of] p1a: Ting-Lu
|
|t:|1758263169
|switch|p2a: Ogerpon|Ogerpon-Wellspring, F|100/100|[from] U-turn
|
|upkeep
|turn|15
|
|t:|1758263176
|move|p2a: Ogerpon|Ivy Cudgel|p1a: Ting-Lu|[anim] Ivy Cudgel Water
|-supereffective|p1a: Ting-Lu
|-damage|p1a: Ting-Lu|0 fnt
|faint|p1a: Ting-Lu
|
|upkeep
|
|t:|1758263178
|switch|p1a: Dragonite|Dragonite, M|100/100
|turn|16
|
|t:|1758263187
|-terastallize|p1a: Dragonite|Fairy
|move|p2a: Ogerpon|Play Rough|p1a: Dragonite
|-damage|p1a: Dragonite|81/100
|move|p1a: Dragonite|Tera Blast|p2a: Ogerpon|[anim] Tera Blast Fairy
|-damage|p2a: Ogerpon|41/100
|
|upkeep
|turn|17
|
|t:|1758263193
|move|p2a: Ogerpon|Ivy Cudgel|p1a: Dragonite|[anim] Ivy Cudgel Water
|-damage|p1a: Dragonite|18/100
|move|p1a: Dragonite|Dragon Dance|p1a: Dragonite
|-boost|p1a: Dragonite|atk|1
|-boost|p1a: Dragonite|spe|1
|
|upkeep
|turn|18
|
|t:|1758263199
|move|p1a: Dragonite|Tera Blast|p2a: Ogerpon|[anim] Tera Blast Fairy
|-damage|p2a: Ogerpon|0 fnt
|faint|p2a: Ogerpon
|
|upkeep
|
|t:|1758263201
|switch|p2a: Dragapult|Dragapult, M|84/100
|turn|19
|
|t:|1758263203
|move|p1a: Dragonite|Tera Blast|p2a: Dragapult|[anim] Tera Blast Fairy
|-supereffective|p2a: Dragapult
|-damage|p2a: Dragapult|0 fnt
|faint|p2a: Dragapult
|
|upkeep
|
|t:|1758263205
|switch|p2a: Kingambit|Kingambit, F|100/100
|-activate|p2a: Kingambit|ability: Supreme Overlord
|-start|p2a: Kingambit|fallen4|[silent]
|turn|20
|
|t:|1758263208
|move|p1a: Dragonite|Extreme Speed|p2a: Kingambit
|-resisted|p2a: Kingambit
|-damage|p2a: Kingambit|85/100
|move|p2a: Kingambit|Sucker Punch||[still]
|-fail|p2a: Kingambit
|
|-heal|p2a: Kingambit|91/100|[from] item: Leftovers
|upkeep
|turn|21
|
|t:|1758263211
|move|p2a: Kingambit|Sucker Punch|p1a: Dragonite
|-resisted|p1a: Dragonite
|-damage|p1a: Dragonite|0 fnt
|faint|p1a: Dragonite
|
|-heal|p2a: Kingambit|98/100|[from] item: Leftovers
|upkeep
|
|t:|1758263214
|switch|p1a: Zamazenta|Zamazenta|100/100
|-damage|p1a: Zamazenta|94/100|[from] Stealth Rock
|-ability|p1a: Zamazenta|Dauntless Shield|boost
|-boost|p1a: Zamazenta|def|1
|turn|22
|
|t:|1758263218
|-terastallize|p2a: Kingambit|Ghost
|move|p2a: Kingambit|Swords Dance|p2a: Kingambit
|-boost|p2a: Kingambit|atk|2
|move|p1a: Zamazenta|Roar|p2a: Kingambit
|-end|p2a: Kingambit|fallen4|[silent]
|drag|p2a: Iron Valiant|Iron Valiant|100/100
|-enditem|p2a: Iron Valiant|Booster Energy
|-activate|p2a: Iron Valiant|ability: Quark Drive|[fromitem]
|-start|p2a: Iron Valiant|quarkdrivespe
|
|-heal|p1a: Zamazenta|100/100|[from] item: Leftovers
|upkeep
|turn|23
|
|t:|1758263225
|move|p2a: Iron Valiant|Knock Off|p1a: Zamazenta
|-resisted|p1a: Zamazenta
|-damage|p1a: Zamazenta|90/100
|-enditem|p1a: Zamazenta|Leftovers|[from] move: Knock Off|[of] p2a: Iron Valiant
|move|p1a: Zamazenta|Roar|p2a: Iron Valiant
|-end|p2a: Iron Valiant|Quark Drive|[silent]
|drag|p2a: Kingambit|Kingambit, F, tera:Ghost|98/100
|-activate|p2a: Kingambit|ability: Supreme Overlord
|-start|p2a: Kingambit|fallen4|[silent]
|
|-heal|p2a: Kingambit|100/100|[from] item: Leftovers
|upkeep
|turn|24
|
|t:|1758263230
|move|p1a: Zamazenta|Crunch|p2a: Kingambit
|-supereffective|p2a: Kingambit
|-damage|p2a: Kingambit|63/100
|move|p2a: Kingambit|Iron Head|p1a: Zamazenta
|-damage|p1a: Zamazenta|52/100
|
|-heal|p2a: Kingambit|69/100|[from] item: Leftovers
|upkeep
|turn|25
|
|t:|1758263234
|move|p2a: Kingambit|Iron Head|p1a: Zamazenta
|-damage|p1a: Zamazenta|8/100
|cant|p1a: Zamazenta|flinch
|
|-heal|p2a: Kingambit|76/100|[from] item: Leftovers
|upkeep
|turn|26
|
|t:|1758263237
|move|p1a: Zamazenta|Crunch|p2a: Kingambit
|-supereffective|p2a: Kingambit
|-damage|p2a: Kingambit|37/100
|move|p2a: Kingambit|Iron Head|p1a: Zamazenta
|-damage|p1a: Zamazenta|0 fnt
|faint|p1a: Zamazenta
|
|-heal|p2a: Kingambit|43/100|[from] item: Leftovers
|upkeep
|
|t:|1758263243
|switch|p1a: Pecharunt|Pecharunt|99/100
|turn|27
|
|t:|1758263247
|move|p2a: Kingambit|Sucker Punch|p1a: Pecharunt
|-supereffective|p1a: Pecharunt
|-damage|p1a: Pecharunt|34/100
|move|p1a: Pecharunt|Hex|p2a: Kingambit
|-supereffective|p2a: Kingambit
|-damage|p2a: Kingambit|4/100
|
|-heal|p2a: Kingambit|10/100|[from] item: Leftovers
|upkeep
|turn|28
|
|t:|1758263251
|move|p1a: Pecharunt|Recover|p1a: Pecharunt
|-heal|p1a: Pecharunt|84/100
|move|p2a: Kingambit|Kowtow Cleave|p1a: Pecharunt
|-supereffective|p1a: Pecharunt
|-damage|p1a: Pecharunt|4/100
|
|-heal|p2a: Kingambit|16/100|[from] item: Leftovers
|upkeep
|turn|29
|
|t:|1758263255
|move|p2a: Kingambit|Sucker Punch||[still]
|-fail|p2a: Kingambit
|move|p1a: Pecharunt|Recover|p1a: Pecharunt
|-heal|p1a: Pecharunt|54/100
|
|-heal|p2a: Kingambit|23/100|[from] item: Leftovers
|upkeep
|turn|30
|
|t:|1758263257
|move|p2a: Kingambit|Sucker Punch|p1a: Pecharunt
|-supereffective|p1a: Pecharunt
|-damage|p1a: Pecharunt|0 fnt
|faint|p1a: Pecharunt
|
|-heal|p2a: Kingambit|29/100|[from] item: Leftovers
|upkeep
|
|t:|1758263258
|switch|p1a: Hoopa|Hoopa-Unbound|72/100
|-damage|p1a: Hoopa|59/100|[from] Stealth Rock
|turn|31
|
|t:|1758263261
|move|p2a: Kingambit|Sucker Punch|p1a: Hoopa
|-damage|p1a: Hoopa|0 fnt
|faint|p1a: Hoopa
|
|win|Danxsh17
|raw|StarDio's rating: 1501 &rarr; <strong>1483</strong><br />(-18 for losing)
|raw|Danxsh17's rating: 1543 &rarr; <strong>1561</strong><br />(+18 for winning)
|l|☆StarDio
|player|p1|
|l|☆Danxsh17
|player|p2|
