|j|☆boredbattle
|j|☆daydayxoxox
|t:|1758237945
|gametype|singles
|player|p1|boredbattle|102|1192
|player|p2|daydayxoxox|265|1153
|gen|9
|tier|[Gen 9] OU
|rated|
|rule|HP Percentage Mod: HP is shown in percentages
|rule|Endless Battle Clause: Forcing endless battles is banned
|rule|Species Clause: Limit one of each Pokémon
|rule|OHKO Clause: OHKO moves are banned
|rule|Evasion Items Clause: Evasion items are banned
|rule|Evasion Moves Clause: Evasion moves are banned
|rule|Evasion Abilities Clause: Evasion abilities are banned
|rule|Sleep Moves Clause: Sleep-inducing moves are banned
|clearpoke
|poke|p1|Weezing, F|
|poke|p1|Clodsire, M|
|poke|p1|Pecharunt|
|poke|p1|Salazzle, F|
|poke|p1|Toxapex, M|
|poke|p1|Swalot, F|
|poke|p2|Quaquaval, M|
|poke|p2|Glimmora, F|
|poke|p2|Blaziken, M|
|poke|p2|Garganacl, F|
|poke|p2|Espeon, M|
|poke|p2|Raichu-Alola, M|
|teampreview
|inactive|Battle timer is ON: inactive players will automatically lose when time's up. (requested by daydayxoxox)
|
|t:|1758237971
|teamsize|p1|6
|teamsize|p2|6
|start
|switch|p1a: Salazzle|Salazzle, F|100/100
|switch|p2a: Glimmora|Glimmora, F|100/100
|-item|p2a: Glimmora|Air Balloon
|turn|1
|
|t:|1758237983
|move|p1a: Salazzle|Protect|p1a: Salazzle
|-singleturn|p1a: Salazzle|Protect
|move|p2a: Glimmora|Power Gem|p1a: Salazzle
|-activate|p1a: Salazzle|move: Protect
|
|upkeep
|turn|2
|
|t:|1758237992
|move|p1a: Salazzle|Toxic|p2a: Glimmora
|-status|p2a: Glimmora|tox
|move|p2a: Glimmora|Stealth Rock|p1a: Salazzle
|-sidestart|p1: boredbattle|move: Stealth Rock
|
|-damage|p2a: Glimmora|94/100 tox|[from] psn
|upkeep
|turn|3
|
|t:|1758237998
|switch|p1a: Weezing|Weezing, F|100/100
|-damage|p1a: Weezing|88/100|[from] Stealth Rock
|move|p2a: Glimmora|Power Gem|p1a: Weezing
|-crit|p1a: Weezing
|-damage|p1a: Weezing|21/100
|
|-damage|p2a: Glimmora|82/100 tox|[from] psn
|upkeep
|turn|4
|
|t:|1758238007
|move|p2a: Glimmora|Power Gem|p1a: Weezing
|-damage|p1a: Weezing|0 fnt
|faint|p1a: Weezing
|
|-damage|p2a: Glimmora|63/100 tox|[from] psn
|upkeep
|
|t:|1758238009
|switch|p1a: Swalot|Swalot, F|100/100
|-damage|p1a: Swalot|88/100|[from] Stealth Rock
|turn|5
|
|t:|1758238017
|-terastallize|p1a: Swalot|Fighting
|move|p2a: Glimmora|Power Gem|p1a: Swalot
|-resisted|p1a: Swalot
|-crit|p1a: Swalot
|-damage|p1a: Swalot|64/100
|move|p1a: Swalot|Amnesia|p1a: Swalot
|-boost|p1a: Swalot|spd|2
|
|-heal|p1a: Swalot|70/100|[from] item: Leftovers
|-damage|p2a: Glimmora|39/100 tox|[from] psn
|upkeep
|turn|6
|
|t:|1758238022
|move|p2a: Glimmora|Dazzling Gleam|p1a: Swalot
|-supereffective|p1a: Swalot
|-damage|p1a: Swalot|48/100
|move|p1a: Swalot|Acid Armor|p1a: Swalot
|-boost|p1a: Swalot|def|2
|
|-heal|p1a: Swalot|54/100|[from] item: Leftovers
|-damage|p2a: Glimmora|8/100 tox|[from] psn
|upkeep
|turn|7
|
|t:|1758238027
|move|p2a: Glimmora|Dazzling Gleam|p1a: Swalot
|-supereffective|p1a: Swalot
|-damage|p1a: Swalot|30/100
|move|p1a: Swalot|Amnesia|p1a: Swalot
|-boost|p1a: Swalot|spd|2
|
|-heal|p1a: Swalot|37/100|[from] item: Leftovers
|-damage|p2a: Glimmora|0 fnt|[from] psn
|faint|p2a: Glimmora
|upkeep
|
|t:|1758238040
|switch|p2a: Quaquaval|Quaquaval, M|100/100
|turn|8
|
|t:|1758238045
|move|p2a: Quaquaval|Aqua Step|p1a: Swalot
|-damage|p1a: Swalot|21/100
|-boost|p2a: Quaquaval|spe|1
|move|p1a: Swalot|Pain Split|p2a: Quaquaval
|-sethp|p2a: Quaquaval|64/100|[from] move: Pain Split|[silent]
|-sethp|p1a: Swalot|50/100|[from] move: Pain Split
|
|-heal|p1a: Swalot|56/100|[from] item: Leftovers
|upkeep
|turn|9
|
|t:|1758238055
|move|p2a: Quaquaval|Close Combat|p1a: Swalot
|-damage|p1a: Swalot|32/100
|-unboost|p2a: Quaquaval|def|1
|-unboost|p2a: Quaquaval|spd|1
|move|p1a: Swalot|Amnesia|p1a: Swalot
|-boost|p1a: Swalot|spd|2
|
|-heal|p1a: Swalot|38/100|[from] item: Leftovers
|upkeep
|turn|10
|
|t:|1758238063
|move|p2a: Quaquaval|Close Combat|p1a: Swalot
|-damage|p1a: Swalot|13/100
|-unboost|p2a: Quaquaval|def|1
|-unboost|p2a: Quaquaval|spd|1
|move|p1a: Swalot|Amnesia|p1a: Swalot
|-boost|p1a: Swalot|spd|0
|
|-heal|p1a: Swalot|19/100|[from] item: Leftovers
|upkeep
|turn|11
|
|t:|1758238069
|move|p2a: Quaquaval|Close Combat|p1a: Swalot
|-crit|p1a: Swalot
|-damage|p1a: Swalot|0 fnt
|-unboost|p2a: Quaquaval|def|1
|-unboost|p2a: Quaquaval|spd|1
|faint|p1a: Swalot
|-ability|p2a: Quaquaval|Moxie|boost
|-boost|p2a: Quaquaval|atk|1
|
|upkeep
|
|t:|1758238072
|switch|p1a: Toxapex|Toxapex, M|100/100
|-damage|p1a: Toxapex|88/100|[from] Stealth Rock
|turn|12
|
|t:|1758238078
|switch|p2a: Garganacl|Garganacl, F|100/100
|move|p1a: Toxapex|Infestation|p2a: Garganacl
|-damage|p2a: Garganacl|98/100
|-activate|p2a: Garganacl|move: Infestation|[of] p1a: Toxapex
|
|-heal|p1a: Toxapex|94/100|[from] item: Black Sludge
|-heal|p2a: Garganacl|100/100|[from] item: Leftovers
|-damage|p2a: Garganacl|88/100|[from] move: Infestation|[partiallytrapped]
|upkeep
|turn|13
|
|t:|1758238084
|move|p1a: Toxapex|Baneful Bunker|p1a: Toxapex
|-singleturn|p1a: Toxapex|move: Protect
|move|p2a: Garganacl|Salt Cure|p1a: Toxapex
|-activate|p1a: Toxapex|move: Protect
|
|-heal|p2a: Garganacl|94/100|[from] item: Leftovers
|-heal|p1a: Toxapex|99/100|[from] item: Black Sludge
|-damage|p2a: Garganacl|82/100|[from] move: Infestation|[partiallytrapped]
|upkeep
|turn|14
|
|t:|1758238090
|switch|p1a: Clodsire|Clodsire, M|100/100
|-damage|p1a: Clodsire|94/100|[from] Stealth Rock
|move|p2a: Garganacl|Salt Cure|p1a: Clodsire
|-resisted|p1a: Clodsire
|-damage|p1a: Clodsire|89/100
|-start|p1a: Clodsire|Salt Cure
|-enditem|p1a: Clodsire|Kee Berry|[eat]
|-boost|p1a: Clodsire|def|1|[from] item: Kee Berry
|
|-heal|p2a: Garganacl|88/100|[from] item: Leftovers
|-end|p2a: Garganacl|Infestation|[partiallytrapped]|[silent]
|-damage|p1a: Clodsire|77/100|[from] Salt Cure
|upkeep
|turn|15
|inactive|daydayxoxox has 120 seconds left.
|
|t:|1758238122
|move|p2a: Garganacl|Earthquake|p1a: Clodsire
|-supereffective|p1a: Clodsire
|-damage|p1a: Clodsire|54/100
|move|p1a: Clodsire|Earthquake|p2a: Garganacl
|-supereffective|p2a: Garganacl
|-damage|p2a: Garganacl|56/100
|
|-heal|p2a: Garganacl|62/100|[from] item: Leftovers
|-damage|p1a: Clodsire|42/100|[from] Salt Cure
|upkeep
|turn|16
|
|t:|1758238126
|move|p2a: Garganacl|Recover|p2a: Garganacl
|-heal|p2a: Garganacl|100/100
|move|p1a: Clodsire|Recover|p1a: Clodsire
|-heal|p1a: Clodsire|92/100
|
|-damage|p1a: Clodsire|79/100|[from] Salt Cure
|upkeep
|turn|17
|
|t:|1758238131
|switch|p2a: Raichu|Raichu-Alola, M|100/100
|move|p1a: Clodsire|Toxic Spikes|p2a: Raichu
|-sidestart|p2: daydayxoxox|move: Toxic Spikes
|
|-damage|p1a: Clodsire|67/100|[from] Salt Cure
|upkeep
|turn|18
|
|t:|1758238141
|move|p2a: Raichu|Psyshock|p1a: Clodsire
|-supereffective|p1a: Clodsire
|-damage|p1a: Clodsire|36/100
|move|p1a: Clodsire|Earthquake|p2a: Raichu
|-supereffective|p2a: Raichu
|-damage|p2a: Raichu|0 fnt
|faint|p2a: Raichu
|
|-damage|p1a: Clodsire|24/100|[from] Salt Cure
|upkeep
|
|t:|1758238148
|switch|p2a: Quaquaval|Quaquaval, M|64/100
|-status|p2a: Quaquaval|psn
|turn|19
|
|t:|1758238163
|move|p2a: Quaquaval|Ice Spinner|p1a: Clodsire
|-supereffective|p1a: Clodsire
|-damage|p1a: Clodsire|0 fnt
|faint|p1a: Clodsire
|-ability|p2a: Quaquaval|Moxie|boost
|-boost|p2a: Quaquaval|atk|1
|
|-damage|p2a: Quaquaval|52/100 psn|[from] psn
|upkeep
|
|t:|1758238173
|switch|p1a: Pecharunt|Pecharunt|100/100
|-damage|p1a: Pecharunt|88/100|[from] Stealth Rock
|turn|20
|
|t:|1758238179
|move|p2a: Quaquaval|Ice Spinner|p1a: Pecharunt
|-damage|p1a: Pecharunt|64/100
|-damage|p2a: Quaquaval|35/100 psn|[from] item: Rocky Helmet|[of] p1a: Pecharunt
|move|p1a: Pecharunt|Hex|p2a: Quaquaval
|-damage|p2a: Quaquaval|0 fnt
|faint|p2a: Quaquaval
|
|upkeep
|
|t:|1758238185
|switch|p2a: Espeon|Espeon, M|100/100
|-status|p2a: Espeon|psn
|turn|21
|
|t:|1758238198
|move|p2a: Espeon|Psychic Noise|p1a: Pecharunt
|-supereffective|p1a: Pecharunt
|-damage|p1a: Pecharunt|0 fnt
|faint|p1a: Pecharunt
|-enditem|p2a: Espeon|Throat Spray
|-boost|p2a: Espeon|spa|1|[from] item: Throat Spray
|
|-damage|p2a: Espeon|88/100 psn|[from] psn
|upkeep
|
|t:|1758238200
|switch|p1a: Salazzle|Salazzle, F|100/100
|-damage|p1a: Salazzle|76/100|[from] Stealth Rock
|turn|22
|-message|boredbattle forfeited.
|
|win|daydayxoxox
|raw|boredbattle's rating: 1192 &rarr; <strong>1164</strong><br />(-28 for losing)
|raw|daydayxoxox's rating: 1153 &rarr; <strong>1181</strong><br />(+28 for winning)
|l|☆boredbattle
|player|p1|
|l|☆daydayxoxox
|player|p2|
