|j|☆gang696969
|j|☆uihjvb
|t:|1758346108
|gametype|singles
|player|p1|gang696969|266|1091
|player|p2|uihjvb|266|1077
|gen|9
|tier|[Gen 9] OU
|rated|
|rule|HP Percentage Mod: HP is shown in percentages
|rule|Endless Battle Clause: Forcing endless battles is banned
|rule|Species Clause: Limit one of each Pokémon
|rule|OHKO Clause: OHKO moves are banned
|rule|Evasion Items Clause: Evasion items are banned
|rule|Evasion Moves Clause: Evasion moves are banned
|rule|Evasion Abilities Clause: Evasion abilities are banned
|rule|Sleep Moves Clause: Sleep-inducing moves are banned
|clearpoke
|poke|p1|Great Tusk|
|poke|p1|Zapdos|
|poke|p1|Moltres|
|poke|p1|Dondozo, M|
|poke|p1|Dragonite, M|
|poke|p1|Kingambit, F|
|poke|p2|Ceruledge, F|
|poke|p2|Dondozo, M|
|poke|p2|Reuniclus, F|
|poke|p2|Toxapex, F|
|poke|p2|Dragonite, M|
|poke|p2|Gliscor, F|
|teampreview
|
|t:|1758346123
|teamsize|p1|6
|teamsize|p2|6
|start
|switch|p1a: Dondozo|Dondozo, M|100/100
|switch|p2a: Reuniclus|Reuniclus, F|100/100
|turn|1
|
|t:|1758346130
|move|p1a: Dondozo|Crunch|p2a: Reuniclus
|-supereffective|p2a: Reuniclus
|-damage|p2a: Reuniclus|49/100
|-unboost|p2a: Reuniclus|def|1
|move|p2a: Reuniclus|Acid Armor|p2a: Reuniclus
|-boost|p2a: Reuniclus|def|2
|
|-heal|p2a: Reuniclus|55/100|[from] item: Leftovers
|upkeep
|turn|2
|
|t:|1758346139
|move|p1a: Dondozo|Crunch|p2a: Reuniclus
|-supereffective|p2a: Reuniclus
|-damage|p2a: Reuniclus|6/100
|move|p2a: Reuniclus|Recover|p2a: Reuniclus
|-heal|p2a: Reuniclus|56/100
|
|-heal|p2a: Reuniclus|62/100|[from] item: Leftovers
|upkeep
|turn|3
|
|t:|1758346150
|move|p1a: Dondozo|Crunch|p2a: Reuniclus
|-supereffective|p2a: Reuniclus
|-damage|p2a: Reuniclus|6/100
|-unboost|p2a: Reuniclus|def|1
|move|p2a: Reuniclus|Recover|p2a: Reuniclus
|-heal|p2a: Reuniclus|56/100
|
|-heal|p2a: Reuniclus|62/100|[from] item: Leftovers
|upkeep
|turn|4
|
|t:|1758346170
|switch|p2a: Toxapex|Toxapex, F|100/100
|move|p1a: Dondozo|Crunch|p2a: Toxapex
|-damage|p2a: Toxapex|84/100
|-unboost|p2a: Toxapex|def|1
|
|-heal|p2a: Toxapex|90/100|[from] item: Leftovers
|upkeep
|turn|5
|
|t:|1758346179
|move|p2a: Toxapex|Baneful Bunker|p2a: Toxapex
|-singleturn|p2a: Toxapex|move: Protect
|move|p1a: Dondozo|Body Slam|p2a: Toxapex
|-activate|p2a: Toxapex|move: Protect
|-status|p1a: Dondozo|psn
|
|-heal|p2a: Toxapex|97/100|[from] item: Leftovers
|-damage|p1a: Dondozo|88/100 psn|[from] psn
|upkeep
|turn|6
|
|t:|1758346196
|move|p2a: Toxapex|Surf|p1a: Dondozo
|-resisted|p1a: Dondozo
|-crit|p1a: Dondozo
|-damage|p1a: Dondozo|73/100 psn
|move|p1a: Dondozo|Body Slam|p2a: Toxapex
|-damage|p2a: Toxapex|81/100
|
|-heal|p2a: Toxapex|87/100|[from] item: Leftovers
|-damage|p1a: Dondozo|61/100 psn|[from] psn
|upkeep
|turn|7
|
|t:|1758346207
|move|p1a: Dondozo|Body Slam|p2a: Toxapex
|-damage|p2a: Toxapex|70/100
|move|p2a: Toxapex|Surf|p1a: Dondozo
|-resisted|p1a: Dondozo
|-crit|p1a: Dondozo
|-damage|p1a: Dondozo|47/100 psn
|
|-heal|p2a: Toxapex|76/100|[from] item: Leftovers
|-damage|p1a: Dondozo|34/100 psn|[from] psn
|upkeep
|turn|8
|
|t:|1758346218
|move|p2a: Toxapex|Surf|p1a: Dondozo
|-resisted|p1a: Dondozo
|-crit|p1a: Dondozo
|-damage|p1a: Dondozo|20/100 psn
|move|p1a: Dondozo|Body Slam|p2a: Toxapex
|-damage|p2a: Toxapex|59/100
|
|-heal|p2a: Toxapex|66/100|[from] item: Leftovers
|-damage|p1a: Dondozo|8/100 psn|[from] psn
|upkeep
|turn|9
|
|t:|1758346233
|move|p1a: Dondozo|Body Slam|p2a: Toxapex
|-damage|p2a: Toxapex|49/100
|-status|p2a: Toxapex|par
|cant|p2a: Toxapex|par
|
|-heal|p2a: Toxapex|55/100 par|[from] item: Leftovers
|-damage|p1a: Dondozo|0 fnt|[from] psn
|faint|p1a: Dondozo
|upkeep
|
|t:|1758346242
|switch|p1a: Zapdos|Zapdos|100/100
|turn|10
|
|t:|1758346248
|move|p1a: Zapdos|Rain Dance|p1a: Zapdos
|-weather|RainDance
|cant|p2a: Toxapex|par
|
|-weather|RainDance|[upkeep]
|-heal|p2a: Toxapex|62/100 par|[from] item: Leftovers
|upkeep
|turn|11
|
|t:|1758346255
|move|p1a: Zapdos|Discharge|p2a: Toxapex
|-supereffective|p2a: Toxapex
|-crit|p2a: Toxapex
|-damage|p2a: Toxapex|0 fnt
|faint|p2a: Toxapex
|
|-weather|RainDance|[upkeep]
|upkeep
|
|t:|1758346270
|switch|p2a: Gliscor|Gliscor, F|100/100
|turn|12
|
|t:|1758346277
|move|p2a: Gliscor|Toxic|p1a: Zapdos
|-status|p1a: Zapdos|tox
|move|p1a: Zapdos|Hurricane|p2a: Gliscor
|-damage|p2a: Gliscor|26/100
|-start|p2a: Gliscor|confusion
|
|-weather|RainDance|[upkeep]
|-damage|p1a: Zapdos|94/100 tox|[from] psn
|-status|p2a: Gliscor|tox|[from] item: Toxic Orb
|upkeep
|turn|13
|
|t:|1758346289
|-activate|p2a: Gliscor|confusion
|move|p2a: Gliscor|Protect|p2a: Gliscor
|-singleturn|p2a: Gliscor|Protect
|move|p1a: Zapdos|Hurricane|p2a: Gliscor
|-activate|p2a: Gliscor|move: Protect
|
|-weather|RainDance|[upkeep]
|-heal|p1a: Zapdos|100/100 tox|[from] item: Leftovers
|-heal|p2a: Gliscor|38/100 tox|[from] ability: Poison Heal
|-damage|p1a: Zapdos|88/100 tox|[from] psn
|upkeep
|turn|14
|
|t:|1758346305
|switch|p2a: Dragonite|Dragonite, M|100/100
|move|p1a: Zapdos|Hurricane|p2a: Dragonite
|-damage|p2a: Dragonite|68/100
|
|-weather|none
|-heal|p1a: Zapdos|94/100 tox|[from] item: Leftovers
|-damage|p1a: Zapdos|75/100 tox|[from] psn
|upkeep
|turn|15
|
|t:|1758346324
|switch|p1a: Moltres|Moltres|100/100
|-terastallize|p2a: Dragonite|Normal
|move|p2a: Dragonite|Extreme Speed|p1a: Moltres
|-damage|p1a: Moltres|58/100
|
|-heal|p1a: Moltres|64/100|[from] item: Leftovers
|upkeep
|turn|16
|
|t:|1758346338
|move|p2a: Dragonite|Roost|p2a: Dragonite
|-heal|p2a: Dragonite|100/100
|move|p1a: Moltres|Will-O-Wisp|p2a: Dragonite
|-status|p2a: Dragonite|brn
|
|-heal|p1a: Moltres|70/100|[from] item: Leftovers
|-damage|p2a: Dragonite|94/100 brn|[from] brn
|upkeep
|turn|17
|
|t:|1758346350
|switch|p2a: Gliscor|Gliscor, F|38/100 tox
|move|p1a: Moltres|Roost|p1a: Moltres
|-heal|p1a: Moltres|100/100
|-singleturn|p1a: Moltres|move: Roost
|
|-heal|p2a: Gliscor|51/100 tox|[from] ability: Poison Heal
|upkeep
|turn|18
|
|t:|1758346360
|switch|p1a: Great Tusk|Great Tusk|100/100
|move|p2a: Gliscor|Toxic|p1a: Great Tusk
|-status|p1a: Great Tusk|tox
|
|-heal|p2a: Gliscor|63/100 tox|[from] ability: Poison Heal
|-damage|p1a: Great Tusk|94/100 tox|[from] psn
|upkeep
|turn|19
|
|t:|1758346369
|move|p2a: Gliscor|Protect|p2a: Gliscor
|-singleturn|p2a: Gliscor|Protect
|move|p1a: Great Tusk|Ice Spinner|p2a: Gliscor
|-activate|p2a: Gliscor|move: Protect
|
|-heal|p2a: Gliscor|76/100 tox|[from] ability: Poison Heal
|-damage|p1a: Great Tusk|82/100 tox|[from] psn
|upkeep
|turn|20
|
|t:|1758346379
|move|p2a: Gliscor|Substitute|p2a: Gliscor
|-start|p2a: Gliscor|Substitute
|-damage|p2a: Gliscor|51/100 tox
|move|p1a: Great Tusk|Ice Spinner|p2a: Gliscor
|-supereffective|p2a: Gliscor
|-end|p2a: Gliscor|Substitute
|
|-heal|p2a: Gliscor|63/100 tox|[from] ability: Poison Heal
|-damage|p1a: Great Tusk|63/100 tox|[from] psn
|upkeep
|turn|21
|
|t:|1758346390
|move|p2a: Gliscor|Protect|p2a: Gliscor
|-singleturn|p2a: Gliscor|Protect
|move|p1a: Great Tusk|Ice Spinner|p2a: Gliscor
|-activate|p2a: Gliscor|move: Protect
|
|-heal|p2a: Gliscor|76/100 tox|[from] ability: Poison Heal
|-damage|p1a: Great Tusk|38/100 tox|[from] psn
|upkeep
|turn|22
|
|t:|1758346405
|-end|p1a: Great Tusk|Protosynthesis|[silent]
|switch|p1a: Moltres|Moltres|100/100
|move|p2a: Gliscor|Substitute|p2a: Gliscor
|-start|p2a: Gliscor|Substitute
|-damage|p2a: Gliscor|51/100 tox
|
|-heal|p2a: Gliscor|63/100 tox|[from] ability: Poison Heal
|upkeep
|turn|23
|
|t:|1758346416
|-terastallize|p1a: Moltres|Steel
|move|p2a: Gliscor|Toxic|p1a: Moltres
|-immune|p1a: Moltres
|move|p1a: Moltres|Flamethrower|p2a: Gliscor
|-end|p2a: Gliscor|Substitute
|
|-heal|p2a: Gliscor|76/100 tox|[from] ability: Poison Heal
|upkeep
|turn|24
|
|t:|1758346431
|move|p2a: Gliscor|Protect|p2a: Gliscor
|-singleturn|p2a: Gliscor|Protect
|move|p1a: Moltres|Flamethrower|p2a: Gliscor
|-activate|p2a: Gliscor|move: Protect
|
|-heal|p2a: Gliscor|88/100 tox|[from] ability: Poison Heal
|upkeep
|turn|25
|
|t:|1758346442
|switch|p2a: Dondozo|Dondozo, M|100/100
|move|p1a: Moltres|Flamethrower|p2a: Dondozo
|-resisted|p2a: Dondozo
|-damage|p2a: Dondozo|79/100
|
|upkeep
|turn|26
|
|t:|1758346458
|switch|p1a: Great Tusk|Great Tusk|38/100 tox
|move|p2a: Dondozo|Liquidation|p1a: Great Tusk
|-supereffective|p1a: Great Tusk
|-damage|p1a: Great Tusk|0 fnt
|faint|p1a: Great Tusk
|-end|p1a: Great Tusk|Protosynthesis|[silent]
|
|upkeep
|
|t:|1758346468
|switch|p1a: Zapdos|Zapdos|75/100 tox
|turn|27
|
|t:|1758346473
|switch|p2a: Gliscor|Gliscor, F|88/100 tox
|move|p1a: Zapdos|Rain Dance|p1a: Zapdos
|-weather|RainDance
|
|-weather|RainDance|[upkeep]
|-heal|p1a: Zapdos|82/100 tox|[from] item: Leftovers
|-heal|p2a: Gliscor|100/100 tox|[from] ability: Poison Heal
|-damage|p1a: Zapdos|75/100 tox|[from] psn
|upkeep
|turn|28
|
|t:|1758346483
|move|p2a: Gliscor|Protect|p2a: Gliscor
|-singleturn|p2a: Gliscor|Protect
|move|p1a: Zapdos|Roost|p1a: Zapdos
|-heal|p1a: Zapdos|100/100 tox
|-singleturn|p1a: Zapdos|move: Roost
|
|-weather|RainDance|[upkeep]
|-damage|p1a: Zapdos|88/100 tox|[from] psn
|upkeep
|turn|29
|
|t:|1758346501
|switch|p2a: Dragonite|Dragonite, M, tera:Normal|94/100 brn
|move|p1a: Zapdos|Hurricane|p2a: Dragonite
|-damage|p2a: Dragonite|34/100 brn
|
|-weather|RainDance|[upkeep]
|-heal|p1a: Zapdos|94/100 tox|[from] item: Leftovers
|-damage|p1a: Zapdos|75/100 tox|[from] psn
|-damage|p2a: Dragonite|27/100 brn|[from] brn
|upkeep
|turn|30
|
|t:|1758346514
|move|p2a: Dragonite|Roost|p2a: Dragonite
|-heal|p2a: Dragonite|78/100 brn
|move|p1a: Zapdos|Hurricane|p2a: Dragonite
|-damage|p2a: Dragonite|15/100 brn
|-start|p2a: Dragonite|confusion
|
|-weather|RainDance|[upkeep]
|-heal|p1a: Zapdos|82/100 tox|[from] item: Leftovers
|-damage|p1a: Zapdos|57/100 tox|[from] psn
|-damage|p2a: Dragonite|9/100 brn|[from] brn
|upkeep
|turn|31
|
|t:|1758346530
|-activate|p2a: Dragonite|confusion
|move|p2a: Dragonite|Extreme Speed|p1a: Zapdos
|-damage|p1a: Zapdos|31/100 tox
|move|p1a: Zapdos|Hurricane|p2a: Dragonite
|-damage|p2a: Dragonite|0 fnt
|faint|p2a: Dragonite
|
|-weather|none
|-heal|p1a: Zapdos|37/100 tox|[from] item: Leftovers
|-damage|p1a: Zapdos|6/100 tox|[from] psn
|upkeep
|
|t:|1758346544
|switch|p2a: Gliscor|Gliscor, F|100/100 tox
|turn|32
|
|t:|1758346555
|switch|p1a: Moltres|Moltres, tera:Steel|100/100
|move|p2a: Gliscor|Protect||[still]
|-fail|p2a: Gliscor
|
|upkeep
|turn|33
|
|t:|1758346567
|switch|p2a: Dondozo|Dondozo, M|79/100
|move|p1a: Moltres|Hurricane|p2a: Dondozo|[miss]
|-miss|p1a: Moltres|p2a: Dondozo
|
|upkeep
|turn|34
|
|t:|1758346578
|switch|p1a: Dragonite|Dragonite, M|100/100
|move|p2a: Dondozo|Liquidation|p1a: Dragonite
|-resisted|p1a: Dragonite
|-damage|p1a: Dragonite|91/100
|-unboost|p1a: Dragonite|def|1
|
|upkeep
|turn|35
|
|t:|1758346594
|switch|p1a: Moltres|Moltres, tera:Steel|100/100
|switch|p2a: Gliscor|Gliscor, F|100/100 tox
|
|upkeep
|turn|36
|
|t:|1758346602
|switch|p2a: Dondozo|Dondozo, M|79/100
|move|p1a: Moltres|Will-O-Wisp|p2a: Dondozo
|-status|p2a: Dondozo|brn
|
|-damage|p2a: Dondozo|73/100 brn|[from] brn
|upkeep
|turn|37
|
|t:|1758346611
|move|p1a: Moltres|Hurricane|p2a: Dondozo|[miss]
|-miss|p1a: Moltres|p2a: Dondozo
|move|p2a: Dondozo|Liquidation|p1a: Moltres
|-damage|p1a: Moltres|83/100
|
|-heal|p1a: Moltres|89/100|[from] item: Leftovers
|-damage|p2a: Dondozo|66/100 brn|[from] brn
|upkeep
|turn|38
|
|t:|1758346621
|move|p1a: Moltres|Hurricane|p2a: Dondozo
|-damage|p2a: Dondozo|17/100 brn
|move|p2a: Dondozo|Liquidation|p1a: Moltres
|-damage|p1a: Moltres|71/100
|
|-heal|p1a: Moltres|77/100|[from] item: Leftovers
|-damage|p2a: Dondozo|11/100 brn|[from] brn
|upkeep
|turn|39
|
|t:|1758346634
|move|p1a: Moltres|Roost|p1a: Moltres
|-heal|p1a: Moltres|100/100
|move|p2a: Dondozo|Rest|p2a: Dondozo
|-status|p2a: Dondozo|slp|[from] move: Rest
|-heal|p2a: Dondozo|100/100 slp|[silent]
|
|upkeep
|turn|40
|
|t:|1758346642
|move|p1a: Moltres|Hurricane|p2a: Dondozo
|-damage|p2a: Dondozo|50/100 slp
|-start|p2a: Dondozo|confusion
|cant|p2a: Dondozo|slp
|-activate|p2a: Dondozo|confusion
|-damage|p2a: Dondozo|42/100 slp|[from] confusion
|
|upkeep
|turn|41
|
|t:|1758346651
|move|p1a: Moltres|Hurricane|p2a: Dondozo
|-damage|p2a: Dondozo|0 fnt
|faint|p2a: Dondozo
|
|upkeep
|
|t:|1758346659
|switch|p2a: Ceruledge|Ceruledge, F|100/100
|turn|42
|
|t:|1758346674
|switch|p1a: Zapdos|Zapdos|6/100 tox
|move|p2a: Ceruledge|Bitter Blade|p1a: Zapdos
|-damage|p1a: Zapdos|0 fnt
|faint|p1a: Zapdos
|
|upkeep
|
|t:|1758346684
|switch|p1a: Kingambit|Kingambit, F|100/100
|-activate|p1a: Kingambit|ability: Supreme Overlord
|-start|p1a: Kingambit|fallen3|[silent]
|turn|43
|
|t:|1758346696
|move|p1a: Kingambit|Sucker Punch||[still]
|-fail|p1a: Kingambit
|move|p2a: Ceruledge|Swords Dance|p2a: Ceruledge
|-boost|p2a: Ceruledge|atk|2
|
|upkeep
|turn|44
|
|t:|1758346702
|move|p1a: Kingambit|Sucker Punch||[still]
|-fail|p1a: Kingambit
|move|p2a: Ceruledge|Swords Dance|p2a: Ceruledge
|-boost|p2a: Ceruledge|atk|2
|
|upkeep
|turn|45
|
|t:|1758346708
|move|p1a: Kingambit|Sucker Punch||[still]
|-fail|p1a: Kingambit
|move|p2a: Ceruledge|Swords Dance|p2a: Ceruledge
|-boost|p2a: Ceruledge|atk|2
|
|upkeep
|turn|46
|
|t:|1758346723
|move|p2a: Ceruledge|Shadow Sneak|p1a: Kingambit
|-resisted|p1a: Kingambit
|-crit|p1a: Kingambit
|-damage|p1a: Kingambit|49/100
|move|p1a: Kingambit|Sucker Punch||[still]
|-fail|p1a: Kingambit
|
|upkeep
|turn|47
|
|t:|1758346733
|move|p2a: Ceruledge|Shadow Sneak|p1a: Kingambit
|-resisted|p1a: Kingambit
|-damage|p1a: Kingambit|15/100
|move|p1a: Kingambit|Kowtow Cleave|p2a: Ceruledge
|-supereffective|p2a: Ceruledge
|-enditem|p2a: Ceruledge|Focus Sash
|-damage|p2a: Ceruledge|1/100
|-ability|p2a: Ceruledge|Weak Armor|boost
|-unboost|p2a: Ceruledge|def|1
|-boost|p2a: Ceruledge|spe|2
|
|upkeep
|turn|48
|
|t:|1758346750
|move|p2a: Ceruledge|Shadow Sneak|p1a: Kingambit
|-resisted|p1a: Kingambit
|-damage|p1a: Kingambit|0 fnt
|faint|p1a: Kingambit
|-end|p1a: Kingambit|fallen3|[silent]
|
|upkeep
|
|t:|1758346761
|switch|p1a: Dragonite|Dragonite, M|91/100
|turn|49
|
|t:|1758346775
|move|p2a: Ceruledge|Bitter Blade|p1a: Dragonite
|-resisted|p1a: Dragonite
|-damage|p1a: Dragonite|0 fnt
|-heal|p2a: Ceruledge|61/100|[from] drain|[of] p1a: Dragonite
|faint|p1a: Dragonite
|
|upkeep
|
|t:|1758346781
|switch|p1a: Moltres|Moltres, tera:Steel|100/100
|turn|50
|
|t:|1758346785
|move|p2a: Ceruledge|Bitter Blade|p1a: Moltres
|-supereffective|p1a: Moltres
|-damage|p1a: Moltres|0 fnt
|-heal|p2a: Ceruledge|100/100|[from] drain|[of] p1a: Moltres
|faint|p1a: Moltres
|
|win|uihjvb
|raw|gang696969's rating: 1091 &rarr; <strong>1066</strong><br />(-25 for losing)
|raw|uihjvb's rating: 1077 &rarr; <strong>1107</strong><br />(+30 for winning)
|l|☆gang696969
|player|p1|
