|j|☆DeCompaniu
|j|☆sujirokfuja
|t:|1758300749
|gametype|singles
|player|p1|DeCompaniu|richboy|1252
|player|p2|sujirokfuja|101|1299
|gen|9
|tier|[Gen 9] OU
|rated|
|rule|HP Percentage Mod: HP is shown in percentages
|rule|Endless Battle Clause: Forcing endless battles is banned
|rule|Species Clause: Limit one of each Pokémon
|rule|OHKO Clause: OHKO moves are banned
|rule|Evasion Items Clause: Evasion items are banned
|rule|Evasion Moves Clause: Evasion moves are banned
|rule|Evasion Abilities Clause: Evasion abilities are banned
|rule|Sleep Moves Clause: Sleep-inducing moves are banned
|clearpoke
|poke|p1|Greedent, M|
|poke|p1|Malamar, M|
|poke|p1|Hawlucha, F|
|poke|p1|Glimmora, M|
|poke|p1|Indeedee, M|
|poke|p1|Polteageist-Antique|
|poke|p2|Landorus-Therian, M|
|poke|p2|Sinistcha|
|poke|p2|Tinkaton, F|
|poke|p2|Moltres|
|poke|p2|Samurott-Hisui, M|
|poke|p2|Hydreigon, M|
|teampreview
|inactive|Battle timer is ON: inactive players will automatically lose when time's up. (requested by sujirokfuja)
|
|t:|1758300758
|teamsize|p1|6
|teamsize|p2|6
|start
|switch|p1a: Malamar|Malamar, M|100/100
|switch|p2a: Tornadus Therian|Landorus-Therian, M, shiny|100/100
|-ability|p2a: Tornadus Therian|Intimidate|boost
|-boost|p1a: Malamar|atk|1
|turn|1
|
|t:|1758300767
|-terastallize|p1a: Malamar|Fairy
|move|p2a: Tornadus Therian|U-turn|p1a: Malamar
|-resisted|p1a: Malamar
|-damage|p1a: Malamar|84/100
|
|t:|1758300773
|switch|p2a: Zoio|Tinkaton, F, shiny|100/100|[from] U-turn
|-item|p2a: Zoio|Air Balloon
|move|p1a: Malamar|Trick|p2a: Zoio
|-activate|p1a: Malamar|move: Trick|[of] p2a: Zoio
|-item|p2a: Zoio|Choice Scarf|[from] move: Trick
|-item|p1a: Malamar|Air Balloon
|-item|p1a: Malamar|Air Balloon|[from] move: Trick
|
|upkeep
|turn|2
|
|t:|1758300786
|switch|p1a: Glimmora|Glimmora, M|100/100
|move|p2a: Zoio|Gigaton Hammer|p1a: Glimmora
|-supereffective|p1a: Glimmora
|-enditem|p1a: Glimmora|Focus Sash
|-damage|p1a: Glimmora|1/100
|-activate|p1a: Glimmora|ability: Toxic Debris
|-sidestart|p2: sujirokfuja|move: Toxic Spikes
|
|upkeep
|turn|3
|
|t:|1758300796
|-activate|p2a: Zoio|move: Struggle
|move|p2a: Zoio|Struggle|p1a: Glimmora
|-damage|p1a: Glimmora|0 fnt
|-activate|p1a: Glimmora|ability: Toxic Debris
|-sidestart|p2: sujirokfuja|move: Toxic Spikes
|faint|p1a: Glimmora
|-damage|p2a: Zoio|75/100|[from] recoil
|
|upkeep
|
|t:|1758300809
|switch|p1a: Polteageist|Polteageist-Antique|100/100
|turn|4
|
|t:|1758300815
|switch|p2a: Unicorno|Samurott-Hisui, M, shiny|100/100
|move|p1a: Polteageist|Shell Smash|p1a: Polteageist
|-unboost|p1a: Polteageist|def|1
|-unboost|p1a: Polteageist|spd|1
|-boost|p1a: Polteageist|atk|2
|-boost|p1a: Polteageist|spa|2
|-boost|p1a: Polteageist|spe|2
|
|upkeep
|turn|5
|
|t:|1758300825
|move|p2a: Unicorno|Sucker Punch|p1a: Polteageist
|-supereffective|p1a: Polteageist
|-enditem|p1a: Polteageist|Focus Sash
|-damage|p1a: Polteageist|1/100
|-ability|p1a: Polteageist|Weak Armor|boost
|-unboost|p1a: Polteageist|def|1
|-boost|p1a: Polteageist|spe|2
|move|p1a: Polteageist|Shadow Ball|p2a: Unicorno
|-resisted|p2a: Unicorno
|-damage|p2a: Unicorno|39/100
|
|upkeep
|turn|6
|
|t:|1758300836
|move|p2a: Unicorno|Sucker Punch||[still]
|-fail|p2a: Unicorno
|move|p1a: Polteageist|Will-O-Wisp|p2a: Unicorno
|-status|p2a: Unicorno|brn
|
|-damage|p2a: Unicorno|32/100 brn|[from] brn
|upkeep
|turn|7
|
|t:|1758300845
|move|p2a: Unicorno|Sucker Punch||[still]
|-fail|p2a: Unicorno
|move|p1a: Polteageist|Shell Smash|p1a: Polteageist
|-unboost|p1a: Polteageist|def|1
|-unboost|p1a: Polteageist|spd|1
|-boost|p1a: Polteageist|atk|2
|-boost|p1a: Polteageist|spa|2
|-boost|p1a: Polteageist|spe|2
|
|-damage|p2a: Unicorno|26/100 brn|[from] brn
|upkeep
|turn|8
|
|t:|1758300855
|move|p2a: Unicorno|Sucker Punch|p1a: Polteageist
|-supereffective|p1a: Polteageist
|-damage|p1a: Polteageist|0 fnt
|faint|p1a: Polteageist
|
|-damage|p2a: Unicorno|20/100 brn|[from] brn
|upkeep
|
|t:|1758300873
|switch|p1a: Greedent|Greedent, M|100/100
|turn|9
|
|t:|1758300878
|move|p2a: Unicorno|Knock Off|p1a: Greedent
|-damage|p1a: Greedent|87/100
|-enditem|p1a: Greedent|Ganlon Berry|[from] move: Knock Off|[of] p2a: Unicorno
|move|p1a: Greedent|Stuff Cheeks||[still]
|-fail|p1a: Greedent
|
|-damage|p2a: Unicorno|14/100 brn|[from] brn
|upkeep
|turn|10
|
|t:|1758300887
|move|p2a: Unicorno|Ceaseless Edge|p1a: Greedent
|-damage|p1a: Greedent|74/100
|-sidestart|p1: DeCompaniu|Spikes
|move|p1a: Greedent|Knock Off|p2a: Unicorno
|-resisted|p2a: Unicorno
|-damage|p2a: Unicorno|0 fnt
|-enditem|p2a: Unicorno|Heavy-Duty Boots|[from] move: Knock Off|[of] p1a: Greedent
|faint|p2a: Unicorno
|
|upkeep
|
|t:|1758300895
|switch|p2a: Galinha|Moltres, shiny|100/100
|turn|11
|
|t:|1758300899
|move|p2a: Galinha|Flamethrower|p1a: Greedent
|-damage|p1a: Greedent|39/100
|move|p1a: Greedent|Knock Off|p2a: Galinha
|-damage|p2a: Galinha|83/100
|-enditem|p2a: Galinha|Heavy-Duty Boots|[from] move: Knock Off|[of] p1a: Greedent
|
|upkeep
|turn|12
|
|t:|1758300907
|move|p2a: Galinha|Flamethrower|p1a: Greedent
|-damage|p1a: Greedent|1/100
|move|p1a: Greedent|Super Fang|p2a: Galinha
|-damage|p2a: Galinha|42/100
|-status|p1a: Greedent|brn|[from] ability: Flame Body|[of] p2a: Galinha
|
|-damage|p1a: Greedent|0 fnt|[from] brn
|faint|p1a: Greedent
|upkeep
|
|t:|1758300917
|switch|p1a: Indeedee|Indeedee, M|100/100
|-damage|p1a: Indeedee|88/100|[from] Spikes
|-fieldstart|move: Psychic Terrain|[from] ability: Psychic Surge|[of] p1a: Indeedee
|turn|13
|
|t:|1758300924
|move|p1a: Indeedee|Expanding Force|p2a: Galinha
|-damage|p2a: Galinha|0 fnt
|faint|p2a: Galinha
|
|upkeep
|
|t:|1758300926
|switch|p2a: Shyriu|Hydreigon, M, shiny|100/100
|turn|14
|
|t:|1758300931
|switch|p1a: Malamar|Malamar, M, tera:Fairy|84/100
|-item|p1a: Malamar|Air Balloon
|move|p2a: Shyriu|Dark Pulse|p1a: Malamar
|-resisted|p1a: Malamar
|-crit|p1a: Malamar
|-damage|p1a: Malamar|23/100
|-enditem|p1a: Malamar|Air Balloon
|
|upkeep
|turn|15
|
|t:|1758300942
|move|p2a: Shyriu|Dark Pulse|p1a: Malamar
|-resisted|p1a: Malamar
|-damage|p1a: Malamar|0 fnt
|faint|p1a: Malamar
|
|upkeep
|
|t:|1758300947
|switch|p1a: Hawlucha|Hawlucha, F|100/100
|-enditem|p1a: Hawlucha|Psychic Seed
|-boost|p1a: Hawlucha|spd|1|[from] item: Psychic Seed
|turn|16
|
|t:|1758300969
|move|p1a: Hawlucha|Swords Dance|p1a: Hawlucha
|-boost|p1a: Hawlucha|atk|2
|move|p2a: Shyriu|Dark Pulse|p1a: Hawlucha
|-resisted|p1a: Hawlucha
|-damage|p1a: Hawlucha|64/100
|
|upkeep
|turn|17
|
|t:|1758300977
|switch|p2a: Tornadus Therian|Landorus-Therian, M, shiny|100/100
|-ability|p2a: Tornadus Therian|Intimidate|boost
|-unboost|p1a: Hawlucha|atk|1
|move|p1a: Hawlucha|Swords Dance|p1a: Hawlucha
|-boost|p1a: Hawlucha|atk|2
|
|-fieldend|move: Psychic Terrain
|upkeep
|turn|18
|inactive|sujirokfuja has 120 seconds left.
|
|t:|1758301021
|move|p1a: Hawlucha|Acrobatics|p2a: Tornadus Therian
|-damage|p2a: Tornadus Therian|0 fnt
|faint|p2a: Tornadus Therian
|
|upkeep
|l|☆sujirokfuja
|inactive|sujirokfuja disconnected and has a minute to reconnect!
|player|p2|
|j|☆sujirokfuja
|inactive|sujirokfuja reconnected and has 95 seconds left.
|player|p2|sujirokfuja|101|
|inactive|sujirokfuja has 90 seconds left.
|inactive|sujirokfuja has 60 seconds left.
|
|t:|1758301079
|switch|p2a: Shyriu|Hydreigon, M, shiny|100/100
|turn|19
|
|t:|1758301086
|-terastallize|p2a: Shyriu|Steel
|move|p1a: Hawlucha|Close Combat|p2a: Shyriu
|-supereffective|p2a: Shyriu
|-damage|p2a: Shyriu|0 fnt
|-unboost|p1a: Hawlucha|def|1
|-unboost|p1a: Hawlucha|spd|1
|faint|p2a: Shyriu
|
|upkeep
|
|t:|1758301092
|switch|p2a: Zoio|Tinkaton, F, shiny|75/100
|turn|20
|
|t:|1758301098
|move|p1a: Hawlucha|Close Combat|p2a: Zoio
|-damage|p2a: Zoio|0 fnt
|-unboost|p1a: Hawlucha|def|1
|-unboost|p1a: Hawlucha|spd|1
|faint|p2a: Zoio
|
|upkeep
|
|t:|1758301100
|switch|p2a: Chá de boldo|Sinistcha, shiny|100/100
|turn|21
|
|t:|1758301107
|move|p1a: Hawlucha|Acrobatics|p2a: Chá de boldo
|-supereffective|p2a: Chá de boldo
|-damage|p2a: Chá de boldo|0 fnt
|faint|p2a: Chá de boldo
|
|win|DeCompaniu
|raw|DeCompaniu's rating: 1252 &rarr; <strong>1280</strong><br />(+28 for winning)
|raw|sujirokfuja's rating: 1299 &rarr; <strong>1271</strong><br />(-28 for losing)
|l|☆sujirokfuja
|player|p2|
|l|☆DeCompaniu
|player|p1|
