|j|☆dicolibri
|j|☆master ball rus
|t:|1758291539
|gametype|singles
|player|p1|dicolibri|hiker|1559
|player|p2|master ball rus|swimmer-gen4|1623
|gen|9
|tier|[Gen 9] OU
|rated|
|rule|HP Percentage Mod: HP is shown in percentages
|rule|Endless Battle Clause: Forcing endless battles is banned
|rule|Species Clause: Limit one of each Pokémon
|rule|OHKO Clause: OHKO moves are banned
|rule|Evasion Items Clause: Evasion items are banned
|rule|Evasion Moves Clause: Evasion moves are banned
|rule|Evasion Abilities Clause: Evasion abilities are banned
|rule|Sleep Moves Clause: Sleep-inducing moves are banned
|clearpoke
|poke|p1|Mesprit|
|poke|p1|Hatterene, F|
|poke|p1|Iron Hands|
|poke|p1|Ursaluna, F|
|poke|p1|Volcanion|
|poke|p1|Hoopa-Unbound|
|poke|p2|Gholdengo|
|poke|p2|Zamazenta-*|
|poke|p2|Ting-Lu|
|poke|p2|Clefable, F|
|poke|p2|Dragonite, M|
|poke|p2|Deoxys-Speed|
|teampreview
|inactive|Battle timer is ON: inactive players will automatically lose when time's up. (requested by dicolibri)
|
|t:|1758291600
|teamsize|p1|6
|teamsize|p2|6
|start
|switch|p1a: Iron Hands|Iron Hands|100/100
|switch|p2a: Clefable|Clefable, F|100/100
|-enditem|p1a: Iron Hands|Booster Energy
|-activate|p1a: Iron Hands|ability: Quark Drive|[fromitem]
|-start|p1a: Iron Hands|quarkdriveatk
|turn|1
|
|t:|1758291607
|move|p2a: Clefable|Moonblast|p1a: Iron Hands
|-supereffective|p1a: Iron Hands
|-damage|p1a: Iron Hands|44/100
|-unboost|p1a: Iron Hands|spa|1
|move|p1a: Iron Hands|Thunder Punch|p2a: Clefable
|-damage|p2a: Clefable|58/100
|-damage|p1a: Iron Hands|27/100|[from] item: Rocky Helmet|[of] p2a: Clefable
|
|upkeep
|turn|2
|
|t:|1758291614
|-end|p1a: Iron Hands|Quark Drive|[silent]
|switch|p1a: Volcanion|Volcanion|100/100
|move|p2a: Clefable|Stealth Rock|p1a: Volcanion
|-sidestart|p1: dicolibri|move: Stealth Rock
|
|upkeep
|turn|3
|
|t:|1758291621
|move|p2a: Clefable|Knock Off|p1a: Volcanion
|-damage|p1a: Volcanion|88/100
|-enditem|p1a: Volcanion|Shuca Berry|[from] move: Knock Off|[of] p2a: Clefable
|move|p1a: Volcanion|Steam Eruption|p2a: Clefable
|-damage|p2a: Clefable|4/100
|
|upkeep
|turn|4
|
|t:|1758291634
|move|p2a: Clefable|Moonlight|p2a: Clefable
|-heal|p2a: Clefable|54/100
|move|p1a: Volcanion|Steam Eruption|p2a: Clefable
|-damage|p2a: Clefable|0 fnt
|faint|p2a: Clefable
|
|upkeep
|
|t:|1758291656
|switch|p2a: Dragonite|Dragonite, M|100/100
|turn|5
|
|t:|1758291660
|move|p2a: Dragonite|Earthquake|p1a: Volcanion
|-supereffective|p1a: Volcanion
|-damage|p1a: Volcanion|26/100
|move|p1a: Volcanion|Will-O-Wisp|p2a: Dragonite|[miss]
|-miss|p1a: Volcanion|p2a: Dragonite
|
|upkeep
|turn|6
|
|t:|1758291665
|switch|p1a: Mesprit|Mesprit|100/100
|-damage|p1a: Mesprit|88/100|[from] Stealth Rock
|move|p2a: Dragonite|Earthquake|p1a: Mesprit
|-immune|p1a: Mesprit|[from] ability: Levitate
|
|upkeep
|turn|7
|
|t:|1758291671
|move|p1a: Mesprit|Stealth Rock|p2a: Dragonite
|-sidestart|p2: master ball rus|move: Stealth Rock
|move|p2a: Dragonite|Dragon Tail|p1a: Mesprit
|-damage|p1a: Mesprit|54/100
|drag|p1a: Hatterene|Hatterene, F|100/100
|-damage|p1a: Hatterene|88/100|[from] Stealth Rock
|
|-heal|p1a: Hatterene|94/100|[from] item: Leftovers
|upkeep
|turn|8
|
|t:|1758291681
|move|p2a: Dragonite|Earthquake|p1a: Hatterene
|-damage|p1a: Hatterene|60/100
|move|p1a: Hatterene|Trick Room|p1a: Hatterene
|-fieldstart|move: Trick Room|[of] p1a: Hatterene
|
|-heal|p1a: Hatterene|66/100|[from] item: Leftovers
|upkeep
|turn|9
|
|t:|1758291688
|switch|p1a: Ursaluna|Ursaluna, F|100/100
|-damage|p1a: Ursaluna|94/100|[from] Stealth Rock
|move|p2a: Dragonite|Earthquake|p1a: Ursaluna
|-damage|p1a: Ursaluna|68/100
|
|-status|p1a: Ursaluna|brn|[from] item: Flame Orb
|upkeep
|turn|10
|
|t:|1758291696
|move|p1a: Ursaluna|Facade|p2a: Dragonite
|-damage|p2a: Dragonite|38/100
|move|p2a: Dragonite|Roost|p2a: Dragonite
|-heal|p2a: Dragonite|88/100
|-singleturn|p2a: Dragonite|move: Roost
|
|-damage|p1a: Ursaluna|62/100 brn|[from] brn
|upkeep
|turn|11
|
|t:|1758291713
|move|p2a: Dragonite|Extreme Speed|p1a: Ursaluna
|-damage|p1a: Ursaluna|42/100 brn
|move|p1a: Ursaluna|Fire Punch|p2a: Dragonite
|-resisted|p2a: Dragonite
|-crit|p2a: Dragonite
|-damage|p2a: Dragonite|56/100
|
|-damage|p1a: Ursaluna|35/100 brn|[from] brn
|upkeep
|turn|12
|
|t:|1758291722
|move|p1a: Ursaluna|Facade|p2a: Dragonite
|-damage|p2a: Dragonite|0 fnt
|faint|p2a: Dragonite
|
|-damage|p1a: Ursaluna|29/100 brn|[from] brn
|-fieldend|move: Trick Room
|upkeep
|
|t:|1758291727
|switch|p2a: Deoxys|Deoxys-Speed|100/100
|-ability|p2a: Deoxys|Pressure
|turn|13
|
|t:|1758291738
|switch|p1a: Iron Hands|Iron Hands|27/100
|-damage|p1a: Iron Hands|21/100|[from] Stealth Rock
|move|p2a: Deoxys|Nasty Plot|p2a: Deoxys
|-boost|p2a: Deoxys|spa|2
|
|upkeep
|turn|14
|
|t:|1758291746
|move|p2a: Deoxys|Nasty Plot|p2a: Deoxys
|-boost|p2a: Deoxys|spa|2
|move|p1a: Iron Hands|Thunder Punch|p2a: Deoxys
|-damage|p2a: Deoxys|37/100
|
|upkeep
|turn|15
|
|t:|1758291766
|-terastallize|p2a: Deoxys|Electric
|move|p2a: Deoxys|Thunderbolt|p1a: Iron Hands
|-resisted|p1a: Iron Hands
|-damage|p1a: Iron Hands|0 fnt
|faint|p1a: Iron Hands
|-end|p1a: Iron Hands|Quark Drive|[silent]
|
|upkeep
|
|t:|1758291777
|switch|p1a: Hoopa|Hoopa-Unbound|100/100
|-damage|p1a: Hoopa|88/100|[from] Stealth Rock
|turn|16
|
|t:|1758291779
|move|p2a: Deoxys|Thunderbolt|p1a: Hoopa
|-damage|p1a: Hoopa|0 fnt
|faint|p1a: Hoopa
|
|upkeep
|-message|dicolibri forfeited.
|
|win|master ball rus
|raw|dicolibri's rating: 1559 &rarr; <strong>1543</strong><br />(-16 for losing)
|raw|master ball rus's rating: 1623 &rarr; <strong>1639</strong><br />(+16 for winning)
|l|☆dicolibri
|player|p1|
|l|☆master ball rus
|player|p2|
