|j|☆hmy1
|j|☆TheGamingPolitoed
|t:|1758361876
|gametype|singles
|player|p1|hmy1|elesa-gen5bw2|1383
|player|p2|TheGamingPolitoed|cress|1324
|gen|9
|tier|[Gen 9] OU
|rated|
|rule|HP Percentage Mod: HP is shown in percentages
|rule|Endless Battle Clause: Forcing endless battles is banned
|rule|Species Clause: Limit one of each Pokémon
|rule|OHKO Clause: OHKO moves are banned
|rule|Evasion Items Clause: Evasion items are banned
|rule|Evasion Moves Clause: Evasion moves are banned
|rule|Evasion Abilities Clause: Evasion abilities are banned
|rule|Sleep Moves Clause: Sleep-inducing moves are banned
|clearpoke
|poke|p1|Gliscor, M|
|poke|p1|Iron Moth|
|poke|p1|Cloyster, M|
|poke|p1|Grimmsnarl, M|
|poke|p1|Ceruledge, F|
|poke|p1|Corviknight, M|
|poke|p2|Primarina, F|
|poke|p2|Ludicolo, M|
|poke|p2|Samurott-Hisui, M|
|poke|p2|Toxapex, F|
|poke|p2|Politoed, M|
|poke|p2|Walking Wake|
|teampreview
|inactive|Battle timer is ON: inactive players will automatically lose when time's up. (requested by hmy1)
|
|t:|1758361879
|teamsize|p1|6
|teamsize|p2|6
|start
|switch|p1a: no girl love you|Grimmsnarl, M, shiny|100/100
|switch|p2a: Donny Ronny|Samurott-Hisui, M|100/100
|turn|1
|
|t:|1758361886
|move|p1a: no girl love you|Reflect|p1a: no girl love you
|-sidestart|p1: hmy1|Reflect
|move|p2a: Donny Ronny|Knock Off|p1a: no girl love you
|-resisted|p1a: no girl love you
|-damage|p1a: no girl love you|93/100
|-enditem|p1a: no girl love you|Light Clay|[from] move: Knock Off|[of] p2a: Donny Ronny
|
|upkeep
|turn|2
|
|t:|1758361892
|move|p1a: no girl love you|Light Screen|p1a: no girl love you
|-sidestart|p1: hmy1|move: Light Screen
|move|p2a: Donny Ronny|Ceaseless Edge|p1a: no girl love you
|-resisted|p1a: no girl love you
|-damage|p1a: no girl love you|87/100
|-sidestart|p1: hmy1|Spikes
|
|upkeep
|turn|3
|
|t:|1758361901
|switch|p2a: Ecomare|Primarina, F|100/100
|switch|p1a: 真红眼黑龙|Corviknight, M|100/100
|-ability|p1a: 真红眼黑龙|Pressure
|
|upkeep
|turn|4
|
|t:|1758361908
|move|p2a: Ecomare|Substitute|p2a: Ecomare
|-start|p2a: Ecomare|Substitute
|-damage|p2a: Ecomare|76/100
|move|p1a: 真红眼黑龙|Brave Bird|p2a: Ecomare
|-crit|p2a: Ecomare
|-end|p2a: Ecomare|Substitute
|-damage|p1a: 真红眼黑龙|94/100|[from] Recoil|[of] p2a: Ecomare
|
|-heal|p2a: Ecomare|82/100|[from] item: Leftovers
|upkeep
|turn|5
|
|t:|1758361917
|move|p2a: Ecomare|Hydro Pump|p1a: 真红眼黑龙
|-damage|p1a: 真红眼黑龙|71/100
|move|p1a: 真红眼黑龙|Brave Bird|p2a: Ecomare
|-damage|p2a: Ecomare|31/100
|-damage|p1a: 真红眼黑龙|57/100|[from] Recoil
|
|-heal|p2a: Ecomare|38/100|[from] item: Leftovers
|upkeep
|turn|6
|
|t:|1758361928
|switch|p2a: Toxatax|Toxapex, F|100/100
|move|p1a: 真红眼黑龙|Brave Bird|p2a: Toxatax
|-damage|p2a: Toxatax|78/100
|-damage|p1a: 真红眼黑龙|41/100|[from] item: Rocky Helmet|[of] p2a: Toxatax
|-damage|p1a: 真红眼黑龙|35/100|[from] Recoil
|
|-sideend|p1: hmy1|move: Light Screen
|upkeep
|turn|7
|
|t:|1758361936
|move|p1a: 真红眼黑龙|Roost|p1a: 真红眼黑龙
|-heal|p1a: 真红眼黑龙|85/100
|-singleturn|p1a: 真红眼黑龙|move: Roost
|move|p2a: Toxatax|Toxic Spikes|p1a: 真红眼黑龙
|-sidestart|p1: hmy1|move: Toxic Spikes
|
|upkeep
|turn|8
|
|t:|1758361944
|switch|p2a: Donny Ronny|Samurott-Hisui, M|100/100
|move|p1a: 真红眼黑龙|Defog|p2a: Donny Ronny
|-unboost|p2a: Donny Ronny|evasion|1
|-sideend|p1: hmy1|Spikes|[from] move: Defog|[of] p1a: 真红眼黑龙
|-sideend|p1: hmy1|Toxic Spikes|[from] move: Defog|[of] p1a: 真红眼黑龙
|
|-sideend|p1: hmy1|Reflect
|upkeep
|turn|9
|
|t:|1758361951
|move|p2a: Donny Ronny|Razor Shell|p1a: 真红眼黑龙
|-damage|p1a: 真红眼黑龙|43/100
|-unboost|p1a: 真红眼黑龙|def|1
|-damage|p2a: Donny Ronny|84/100|[from] item: Rocky Helmet|[of] p1a: 真红眼黑龙
|move|p1a: 真红眼黑龙|Brave Bird|p2a: Donny Ronny
|-damage|p2a: Donny Ronny|43/100
|-damage|p1a: 真红眼黑龙|30/100|[from] Recoil
|
|upkeep
|turn|10
|
|t:|1758361974
|switch|p1a: 龙王归位🐉|Cloyster, M|100/100
|move|p2a: Donny Ronny|Ceaseless Edge|p1a: 龙王归位🐉
|-damage|p1a: 龙王归位🐉|59/100
|-sidestart|p1: hmy1|Spikes
|
|upkeep
|turn|11
|
|t:|1758361981
|move|p1a: 龙王归位🐉|Rock Blast|p2a: Donny Ronny
|-damage|p2a: Donny Ronny|35/100
|-damage|p2a: Donny Ronny|28/100
|-damage|p2a: Donny Ronny|19/100
|-damage|p2a: Donny Ronny|11/100
|-damage|p2a: Donny Ronny|3/100
|-hitcount|p2a: Donny Ronny|5
|move|p2a: Donny Ronny|Ceaseless Edge|p1a: 龙王归位🐉
|-damage|p1a: 龙王归位🐉|20/100
|-sidestart|p1: hmy1|Spikes
|
|upkeep
|turn|12
|
|t:|1758361991
|move|p2a: Donny Ronny|Aqua Jet|p1a: 龙王归位🐉
|-resisted|p1a: 龙王归位🐉
|-damage|p1a: 龙王归位🐉|11/100
|move|p1a: 龙王归位🐉|Rock Blast|p2a: Donny Ronny
|-crit|p2a: Donny Ronny
|-damage|p2a: Donny Ronny|0 fnt
|faint|p2a: Donny Ronny
|-hitcount|p2: Donny Ronny|1
|
|upkeep
|
|t:|1758362000
|switch|p2a: The King|Politoed, M|100/100
|-weather|RainDance|[from] ability: Drizzle|[of] p2a: The King
|turn|13
|
|t:|1758362008
|switch|p1a: 真红眼黑龙|Corviknight, M|30/100
|-ability|p1a: 真红眼黑龙|Pressure
|move|p2a: The King|Surf|p1a: 真红眼黑龙
|-damage|p1a: 真红眼黑龙|0 fnt
|faint|p1a: 真红眼黑龙
|
|-weather|RainDance|[upkeep]
|upkeep
|
|t:|1758362017
|switch|p1a: no girl love you|Grimmsnarl, M, shiny|87/100
|-damage|p1a: no girl love you|70/100|[from] Spikes
|turn|14
|
|t:|1758362021
|move|p1a: no girl love you|Thunder Wave|p2a: The King
|-status|p2a: The King|par
|move|p2a: The King|Surf|p1a: no girl love you
|-damage|p1a: no girl love you|37/100
|
|-weather|RainDance|[upkeep]
|upkeep
|turn|15
|
|t:|1758362028
|move|p1a: no girl love you|Light Screen|p1a: no girl love you
|-sidestart|p1: hmy1|move: Light Screen
|move|p2a: The King|Encore|p1a: no girl love you
|-start|p1a: no girl love you|Encore
|
|-weather|RainDance|[upkeep]
|upkeep
|turn|16
|
|t:|1758362046
|switch|p1a: 土地云|Gliscor, M, shiny|100/100
|switch|p2a: Ecomare|Primarina, F|38/100
|
|-weather|RainDance|[upkeep]
|-heal|p2a: Ecomare|44/100|[from] item: Leftovers
|-status|p1a: 土地云|tox|[from] item: Toxic Orb
|upkeep
|turn|17
|
|t:|1758362054
|-terastallize|p1a: 土地云|Normal
|move|p1a: 土地云|Swords Dance|p1a: 土地云
|-boost|p1a: 土地云|atk|2
|move|p2a: Ecomare|Hydro Pump|p1a: 土地云
|-damage|p1a: 土地云|36/100 tox
|
|-weather|RainDance|[upkeep]
|-heal|p2a: Ecomare|50/100|[from] item: Leftovers
|-heal|p1a: 土地云|48/100 tox|[from] ability: Poison Heal
|upkeep
|turn|18
|
|t:|1758362064
|move|p1a: 土地云|Earthquake|p2a: Ecomare
|-damage|p2a: Ecomare|0 fnt
|faint|p2a: Ecomare
|
|-weather|RainDance|[upkeep]
|-heal|p1a: 土地云|60/100 tox|[from] ability: Poison Heal
|upkeep
|
|t:|1758362070
|switch|p2a: Walk the Dinosaur|Walking Wake|100/100
|turn|19
|
|t:|1758362081
|switch|p1a: 龙王归位🐉|Cloyster, M|11/100
|-damage|p1a: 龙王归位🐉|0 fnt|[from] Spikes
|faint|p1a: 龙王归位🐉
|-terastallize|p2a: Walk the Dinosaur|Water
|move|p2a: Walk the Dinosaur|Hydro Steam|p1: 龙王归位🐉|[notarget]
|-fail|p2a: Walk the Dinosaur
|
|-weather|RainDance|[upkeep]
|-sideend|p1: hmy1|move: Light Screen
|upkeep
|
|t:|1758362095
|switch|p1a: 阳光彩虹🦄|Ceruledge, F|100/100
|-damage|p1a: 阳光彩虹🦄|84/100|[from] Spikes
|turn|20
|
|t:|1758362100
|move|p1a: 阳光彩虹🦄|Shadow Sneak|p2a: Walk the Dinosaur
|-damage|p2a: Walk the Dinosaur|78/100
|move|p2a: Walk the Dinosaur|Hydro Steam|p1a: 阳光彩虹🦄
|-supereffective|p1a: 阳光彩虹🦄
|-damage|p1a: 阳光彩虹🦄|0 fnt
|faint|p1a: 阳光彩虹🦄
|
|-weather|none
|upkeep
|
|t:|1758362115
|switch|p1a: no girl love you|Grimmsnarl, M, shiny|37/100
|-damage|p1a: no girl love you|21/100|[from] Spikes
|turn|21
|
|t:|1758362120
|move|p1a: no girl love you|Thunder Wave|p2a: Walk the Dinosaur
|-status|p2a: Walk the Dinosaur|par
|move|p2a: Walk the Dinosaur|Hydro Steam|p1a: no girl love you
|-damage|p1a: no girl love you|0 fnt
|faint|p1a: no girl love you
|
|upkeep
|
|t:|1758362128
|switch|p1a: they ignore you|Iron Moth, shiny|100/100
|-damage|p1a: they ignore you|84/100|[from] Spikes
|-enditem|p1a: they ignore you|Booster Energy
|-activate|p1a: they ignore you|ability: Quark Drive|[fromitem]
|-start|p1a: they ignore you|quarkdrivespe
|turn|22
|
|t:|1758362135
|move|p1a: they ignore you|Substitute|p1a: they ignore you
|-start|p1a: they ignore you|Substitute
|-damage|p1a: they ignore you|59/100
|move|p2a: Walk the Dinosaur|Hydro Steam|p1a: they ignore you
|-supereffective|p1a: they ignore you
|-end|p1a: they ignore you|Substitute
|
|upkeep
|turn|23
|
|t:|1758362142
|move|p1a: they ignore you|Substitute|p1a: they ignore you
|-start|p1a: they ignore you|Substitute
|-damage|p1a: they ignore you|34/100
|move|p2a: Walk the Dinosaur|Hydro Steam|p1a: they ignore you
|-supereffective|p1a: they ignore you
|-end|p1a: they ignore you|Substitute
|
|upkeep
|turn|24
|
|t:|1758362148
|move|p1a: they ignore you|Substitute|p1a: they ignore you
|-start|p1a: they ignore you|Substitute
|-damage|p1a: they ignore you|9/100
|move|p2a: Walk the Dinosaur|Hydro Steam|p1a: they ignore you
|-supereffective|p1a: they ignore you
|-end|p1a: they ignore you|Substitute
|
|upkeep
|turn|25
|
|t:|1758362158
|move|p1a: they ignore you|Sludge Wave|p2a: Walk the Dinosaur
|-damage|p2a: Walk the Dinosaur|25/100 par
|move|p2a: Walk the Dinosaur|Hydro Steam|p1a: they ignore you
|-supereffective|p1a: they ignore you
|-damage|p1a: they ignore you|0 fnt
|faint|p1a: they ignore you
|-end|p1a: they ignore you|Quark Drive|[silent]
|
|upkeep
|c|☆hmy1|草特么
|
|t:|1758362172
|switch|p1a: 土地云|Gliscor, M, shiny, tera:Normal|60/100 tox
|-damage|p1a: 土地云|44/100 tox|[from] Spikes
|turn|26
|c|☆TheGamingPolitoed|Huh
|
|t:|1758362175
|move|p1a: 土地云|Earthquake|p2a: Walk the Dinosaur
|-damage|p2a: Walk the Dinosaur|0 fnt
|faint|p2a: Walk the Dinosaur
|-end|p2a: Walk the Dinosaur|Protosynthesis|[silent]
|
|-heal|p1a: 土地云|56/100 tox|[from] ability: Poison Heal
|upkeep
|
|t:|1758362182
|switch|p2a: The King|Politoed, M|100/100 par
|-weather|RainDance|[from] ability: Drizzle|[of] p2a: The King
|turn|27
|
|t:|1758362189
|move|p1a: 土地云|Swords Dance|p1a: 土地云
|-boost|p1a: 土地云|atk|2
|move|p2a: The King|Surf|p1a: 土地云
|-damage|p1a: 土地云|0 fnt
|faint|p1a: 土地云
|
|win|TheGamingPolitoed
|raw|hmy1's rating: 1359 &rarr; <strong>1337</strong><br />(-22 for losing)
|raw|TheGamingPolitoed's rating: 1324 &rarr; <strong>1346</strong><br />(+22 for winning)
|l|☆TheGamingPolitoed
|player|p2|
