|j|☆abhi_v2
|j|☆Perpetuum
|t:|1758293291
|gametype|singles
|player|p1|abhi_v2|tate|1094
|player|p2|Perpetuum|sabrina|1121
|gen|9
|tier|[Gen 9] OU
|rated|
|rule|HP Percentage Mod: HP is shown in percentages
|rule|Endless Battle Clause: Forcing endless battles is banned
|rule|Species Clause: Limit one of each Pokémon
|rule|OHKO Clause: OHKO moves are banned
|rule|Evasion Items Clause: Evasion items are banned
|rule|Evasion Moves Clause: Evasion moves are banned
|rule|Evasion Abilities Clause: Evasion abilities are banned
|rule|Sleep Moves Clause: Sleep-inducing moves are banned
|clearpoke
|poke|p1|Kingambit, F|
|poke|p1|Serperior, M|
|poke|p1|Articuno-Galar|
|poke|p1|Cloyster, F|
|poke|p1|Scyther, M|
|poke|p1|Garchomp, F|
|poke|p2|Meowscarada, F|
|poke|p2|Gliscor, F|
|poke|p2|Dragapult, F|
|poke|p2|Clefable, F|
|poke|p2|Skarmory, F|
|poke|p2|Slowking-Galar, F|
|teampreview
|
|t:|1758293304
|teamsize|p1|6
|teamsize|p2|6
|start
|switch|p1a: Garchomp|Garchomp, F|100/100
|switch|p2a: Clefable|Clefable, F|100/100
|turn|1
|
|t:|1758293310
|move|p1a: Garchomp|Stealth Rock|p2a: Clefable
|-sidestart|p2: Perpetuum|move: Stealth Rock
|move|p2a: Clefable|Stealth Rock|p1a: Garchomp
|-sidestart|p1: abhi_v2|move: Stealth Rock
|
|upkeep
|turn|2
|
|t:|1758293314
|move|p1a: Garchomp|Earthquake|p2a: Clefable
|-damage|p2a: Clefable|62/100
|move|p2a: Clefable|Moonblast|p1a: Garchomp
|-supereffective|p1a: Garchomp
|-damage|p1a: Garchomp|31/100
|
|-heal|p2a: Clefable|69/100|[from] item: Leftovers
|upkeep
|turn|3
|
|t:|1758293322
|move|p1a: Garchomp|Earthquake|p2a: Clefable
|-crit|p2a: Clefable
|-damage|p2a: Clefable|9/100
|move|p2a: Clefable|Moonblast|p1a: Garchomp
|-supereffective|p1a: Garchomp
|-damage|p1a: Garchomp|0 fnt
|faint|p1a: Garchomp
|
|-heal|p2a: Clefable|15/100|[from] item: Leftovers
|upkeep
|
|t:|1758293331
|switch|p1a: Serperior|Serperior, M|100/100
|-damage|p1a: Serperior|88/100|[from] Stealth Rock
|turn|4
|
|t:|1758293336
|move|p1a: Serperior|Leaf Storm|p2a: Clefable
|-crit|p2a: Clefable
|-damage|p2a: Clefable|0 fnt
|-boost|p1a: Serperior|spa|2
|faint|p2a: Clefable
|
|upkeep
|
|t:|1758293341
|switch|p2a: Slowking|Slowking-Galar, F|100/100
|turn|5
|
|t:|1758293354
|switch|p1a: Articuno|Articuno-Galar|100/100
|-damage|p1a: Articuno|76/100|[from] Stealth Rock
|move|p2a: Slowking|Sludge Bomb|p1a: Articuno
|-damage|p1a: Articuno|39/100
|-status|p1a: Articuno|psn
|
|-damage|p1a: Articuno|26/100 psn|[from] psn
|upkeep
|turn|6
|
|t:|1758293368
|move|p1a: Articuno|Trick|p2a: Slowking
|-activate|p1a: Articuno|move: Trick|[of] p2a: Slowking
|-item|p2a: Slowking|Choice Specs|[from] move: Trick
|-item|p1a: Articuno|Heavy-Duty Boots|[from] move: Trick
|-prepare|p2a: Slowking|Chilly Reception|[premajor]
|move|p2a: Slowking|Chilly Reception|p2a: Slowking
|-weather|Snowscape
|
|t:|1758293376
|switch|p2a: Gliscor|Gliscor, F|100/100|[from] Chilly Reception
|-damage|p2a: Gliscor|88/100|[from] Stealth Rock
|
|-weather|Snowscape|[upkeep]
|-damage|p1a: Articuno|14/100 psn|[from] psn
|-status|p2a: Gliscor|tox|[from] item: Toxic Orb
|upkeep
|turn|7
|
|t:|1758293387
|move|p1a: Articuno|Tailwind|p1a: Articuno
|-sidestart|p1: abhi_v2|move: Tailwind
|move|p2a: Gliscor|Swords Dance|p2a: Gliscor
|-boost|p2a: Gliscor|atk|2
|
|-weather|Snowscape|[upkeep]
|-damage|p1a: Articuno|1/100 psn|[from] psn
|-heal|p2a: Gliscor|100/100 tox|[from] ability: Poison Heal
|upkeep
|turn|8
|
|t:|1758293395
|move|p1a: Articuno|Freezing Glare|p2a: Gliscor
|-damage|p2a: Gliscor|60/100 tox
|move|p2a: Gliscor|Swords Dance|p2a: Gliscor
|-boost|p2a: Gliscor|atk|2
|
|-weather|Snowscape|[upkeep]
|-damage|p1a: Articuno|0 fnt|[from] psn
|faint|p1a: Articuno
|-heal|p2a: Gliscor|72/100 tox|[from] ability: Poison Heal
|upkeep
|
|t:|1758293405
|switch|p1a: Cloyster|Cloyster, F|100/100
|-damage|p1a: Cloyster|76/100|[from] Stealth Rock
|turn|9
|
|t:|1758293422
|move|p1a: Cloyster|Icicle Spear|p2a: Gliscor
|-supereffective|p2a: Gliscor
|-damage|p2a: Gliscor|33/100 tox
|-supereffective|p2a: Gliscor
|-damage|p2a: Gliscor|0 fnt
|faint|p2a: Gliscor
|-hitcount|p2: Gliscor|2
|
|-weather|Snowscape|[upkeep]
|upkeep
|
|t:|1758293429
|switch|p2a: Skarmory|Skarmory, F|100/100
|-damage|p2a: Skarmory|88/100|[from] Stealth Rock
|turn|10
|
|t:|1758293434
|move|p1a: Cloyster|Shell Smash|p1a: Cloyster
|-unboost|p1a: Cloyster|def|1
|-unboost|p1a: Cloyster|spd|1
|-boost|p1a: Cloyster|atk|2
|-boost|p1a: Cloyster|spa|2
|-boost|p1a: Cloyster|spe|2
|-enditem|p1a: Cloyster|White Herb
|-clearnegativeboost|p1a: Cloyster|[silent]
|move|p2a: Skarmory|Spikes|p1a: Cloyster
|-sidestart|p1: abhi_v2|Spikes
|
|-weather|none
|-sideend|p1: abhi_v2|move: Tailwind
|upkeep
|turn|11
|
|t:|1758293450
|move|p1a: Cloyster|Icicle Spear|p2a: Skarmory
|-damage|p2a: Skarmory|74/100
|-damage|p2a: Skarmory|60/100
|-damage|p2a: Skarmory|46/100
|-damage|p2a: Skarmory|31/100
|-damage|p2a: Skarmory|18/100
|-hitcount|p2a: Skarmory|5
|move|p2a: Skarmory|Whirlwind|p1a: Cloyster
|drag|p1a: Kingambit|Kingambit, F|100/100
|-damage|p1a: Kingambit|94/100|[from] Stealth Rock
|-damage|p1a: Kingambit|82/100|[from] Spikes
|-activate|p1a: Kingambit|ability: Supreme Overlord
|-start|p1a: Kingambit|fallen2|[silent]
|
|upkeep
|turn|12
|
|t:|1758293469
|move|p1a: Kingambit|Sucker Punch||[still]
|-fail|p1a: Kingambit
|move|p2a: Skarmory|Roost|p2a: Skarmory
|-heal|p2a: Skarmory|68/100
|-singleturn|p2a: Skarmory|move: Roost
|
|upkeep
|turn|13
|
|t:|1758293476
|-end|p1a: Kingambit|fallen2|[silent]
|switch|p1a: Scyther|Scyther, M|100/100
|-damage|p1a: Scyther|51/100|[from] Stealth Rock
|move|p2a: Skarmory|Spikes|p1a: Scyther
|-sidestart|p1: abhi_v2|Spikes
|
|upkeep
|turn|14
|
|t:|1758293484
|move|p1a: Scyther|Dual Wingbeat|p2a: Skarmory|[miss]
|-miss|p1a: Scyther|p2a: Skarmory
|move|p2a: Skarmory|Spikes|p1a: Scyther
|-sidestart|p1: abhi_v2|Spikes
|
|upkeep
|turn|15
|
|t:|1758293490
|move|p1a: Scyther|Dual Wingbeat|p2a: Skarmory
|-resisted|p2a: Skarmory
|-crit|p2a: Skarmory
|-damage|p2a: Skarmory|54/100
|-damage|p1a: Scyther|34/100|[from] item: Rocky Helmet|[of] p2a: Skarmory
|-resisted|p2a: Skarmory
|-damage|p2a: Skarmory|46/100
|-damage|p1a: Scyther|18/100|[from] item: Rocky Helmet|[of] p2a: Skarmory
|-hitcount|p2a: Skarmory|2
|move|p2a: Skarmory|Roost|p2a: Skarmory
|-heal|p2a: Skarmory|96/100
|-singleturn|p2a: Skarmory|move: Roost
|
|upkeep
|turn|16
|
|t:|1758293502
|move|p1a: Scyther|Dual Wingbeat|p2a: Skarmory
|-resisted|p2a: Skarmory
|-damage|p2a: Skarmory|88/100
|-damage|p1a: Scyther|2/100|[from] item: Rocky Helmet|[of] p2a: Skarmory
|-resisted|p2a: Skarmory
|-damage|p2a: Skarmory|80/100
|-damage|p1a: Scyther|0 fnt|[from] item: Rocky Helmet|[of] p2a: Skarmory
|faint|p1a: Scyther
|-hitcount|p2a: Skarmory|2
|move|p2a: Skarmory|Brave Bird|p1: Scyther|[notarget]
|-fail|p2a: Skarmory
|
|upkeep
|
|t:|1758293513
|switch|p1a: Cloyster|Cloyster, F|76/100
|-damage|p1a: Cloyster|51/100|[from] Stealth Rock
|-damage|p1a: Cloyster|26/100|[from] Spikes
|turn|17
|
|t:|1758293518
|move|p1a: Cloyster|Icicle Spear|p2a: Skarmory
|-damage|p2a: Skarmory|72/100
|-damage|p2a: Skarmory|64/100
|-damage|p2a: Skarmory|56/100
|-damage|p2a: Skarmory|48/100
|-damage|p2a: Skarmory|41/100
|-hitcount|p2a: Skarmory|5
|move|p2a: Skarmory|Whirlwind|p1a: Cloyster
|drag|p1a: Kingambit|Kingambit, F|82/100
|-damage|p1a: Kingambit|76/100|[from] Stealth Rock
|-damage|p1a: Kingambit|51/100|[from] Spikes
|-activate|p1a: Kingambit|ability: Supreme Overlord
|-start|p1a: Kingambit|fallen3|[silent]
|
|upkeep
|turn|18
|
|t:|1758293532
|move|p2a: Skarmory|Roost|p2a: Skarmory
|-heal|p2a: Skarmory|91/100
|-singleturn|p2a: Skarmory|move: Roost
|move|p1a: Kingambit|Kowtow Cleave|p2a: Skarmory
|-damage|p2a: Skarmory|40/100
|-damage|p1a: Kingambit|34/100|[from] item: Rocky Helmet|[of] p2a: Skarmory
|
|upkeep
|turn|19
|
|t:|1758293540
|move|p2a: Skarmory|Roost|p2a: Skarmory
|-heal|p2a: Skarmory|90/100
|-singleturn|p2a: Skarmory|move: Roost
|move|p1a: Kingambit|Kowtow Cleave|p2a: Skarmory
|-damage|p2a: Skarmory|44/100
|-damage|p1a: Kingambit|18/100|[from] item: Rocky Helmet|[of] p2a: Skarmory
|
|upkeep
|turn|20
|
|t:|1758293548
|move|p2a: Skarmory|Roost|p2a: Skarmory
|-heal|p2a: Skarmory|94/100
|-singleturn|p2a: Skarmory|move: Roost
|move|p1a: Kingambit|Kowtow Cleave|p2a: Skarmory
|-damage|p2a: Skarmory|49/100
|-damage|p1a: Kingambit|1/100|[from] item: Rocky Helmet|[of] p2a: Skarmory
|
|upkeep
|turn|21
|
|t:|1758293556
|move|p2a: Skarmory|Roost|p2a: Skarmory
|-heal|p2a: Skarmory|99/100
|-singleturn|p2a: Skarmory|move: Roost
|move|p1a: Kingambit|Kowtow Cleave|p2a: Skarmory
|-damage|p2a: Skarmory|49/100
|-damage|p1a: Kingambit|0 fnt|[from] item: Rocky Helmet|[of] p2a: Skarmory
|faint|p1a: Kingambit
|-end|p1a: Kingambit|fallen3|[silent]
|
|upkeep
|
|t:|1758293562
|switch|p1a: Cloyster|Cloyster, F|26/100
|-damage|p1a: Cloyster|1/100|[from] Stealth Rock
|-damage|p1a: Cloyster|0 fnt|[from] Spikes
|faint|p1a: Cloyster
|
|t:|1758293564
|switch|p1a: Serperior|Serperior, M|88/100
|-damage|p1a: Serperior|76/100|[from] Stealth Rock
|-damage|p1a: Serperior|51/100|[from] Spikes
|turn|22
|
|t:|1758293574
|-terastallize|p1a: Serperior|Grass
|move|p1a: Serperior|Leaf Storm|p2a: Skarmory
|-resisted|p2a: Skarmory
|-damage|p2a: Skarmory|26/100
|-boost|p1a: Serperior|spa|2
|move|p2a: Skarmory|Brave Bird|p1a: Serperior
|-supereffective|p1a: Serperior
|-damage|p1a: Serperior|0 fnt
|faint|p1a: Serperior
|-damage|p2a: Skarmory|12/100|[from] Recoil
|
|win|Perpetuum
|raw|abhi_v2's rating: 1094 &rarr; <strong>1072</strong><br />(-22 for losing)
|raw|Perpetuum's rating: 1121 &rarr; <strong>1144</strong><br />(+23 for winning)
|l|☆abhi_v2
|player|p1|
|l|☆Perpetuum
|player|p2|
