|j|☆Buttologist
|j|☆nate_feli
|t:|1758256520
|gametype|singles
|player|p1|Buttologist|beauty-gen6xy|1339
|player|p2|nate_feli|drayden|1341
|gen|9
|tier|[Gen 9] OU
|rated|
|rule|HP Percentage Mod: HP is shown in percentages
|rule|Endless Battle Clause: Forcing endless battles is banned
|rule|Species Clause: Limit one of each Pokémon
|rule|OHKO Clause: OHKO moves are banned
|rule|Evasion Items Clause: Evasion items are banned
|rule|Evasion Moves Clause: Evasion moves are banned
|rule|Evasion Abilities Clause: Evasion abilities are banned
|rule|Sleep Moves Clause: Sleep-inducing moves are banned
|clearpoke
|poke|p1|Hariyama, F|
|poke|p1|Meowscarada, F|
|poke|p1|Clodsire, M|
|poke|p1|Raging Bolt|
|poke|p1|Corviknight, M|
|poke|p1|Scream Tail|
|poke|p2|Ninetales, F|
|poke|p2|Ceruledge, F|
|poke|p2|Venusaur, M|
|poke|p2|Hatterene, F|
|poke|p2|Great Tusk|
|poke|p2|Walking Wake|
|teampreview
|inactive|Battle timer is ON: inactive players will automatically lose when time's up. (requested by Buttologist)
|
|t:|1758256546
|teamsize|p1|6
|teamsize|p2|6
|start
|switch|p1a: Hariyama|Hariyama, F|100/100
|switch|p2a: Mozilla|Ninetales, F|100/100
|-weather|SunnyDay|[from] ability: Drought|[of] p2a: Mozilla
|turn|1
|
|t:|1758256554
|move|p2a: Mozilla|Will-O-Wisp|p1a: Hariyama
|-status|p1a: Hariyama|brn
|move|p1a: Hariyama|Headlong Rush|p2a: Mozilla
|-supereffective|p2a: Mozilla
|-damage|p2a: Mozilla|0 fnt
|-unboost|p1a: Hariyama|def|1
|-unboost|p1a: Hariyama|spd|1
|faint|p2a: Mozilla
|
|-weather|SunnyDay|[upkeep]
|-damage|p1a: Hariyama|94/100 brn|[from] brn
|upkeep
|
|t:|1758256574
|switch|p2a: Johnny Blaze|Ceruledge, F|100/100
|turn|2
|
|t:|1758256578
|switch|p1a: Scream Tail|Scream Tail|100/100
|-activate|p1a: Scream Tail|ability: Protosynthesis
|-start|p1a: Scream Tail|protosynthesisspe
|move|p2a: Johnny Blaze|Swords Dance|p2a: Johnny Blaze
|-boost|p2a: Johnny Blaze|atk|2
|
|-weather|SunnyDay|[upkeep]
|upkeep
|turn|3
|
|t:|1758256593
|move|p1a: Scream Tail|Encore|p2a: Johnny Blaze
|-start|p2a: Johnny Blaze|Encore
|move|p2a: Johnny Blaze|Swords Dance|p2a: Johnny Blaze
|-boost|p2a: Johnny Blaze|atk|2
|
|-weather|SunnyDay|[upkeep]
|upkeep
|turn|4
|
|t:|1758256599
|-terastallize|p2a: Johnny Blaze|Fairy
|move|p1a: Scream Tail|Dazzling Gleam|p2a: Johnny Blaze
|-damage|p2a: Johnny Blaze|76/100
|move|p2a: Johnny Blaze|Swords Dance|p2a: Johnny Blaze
|-boost|p2a: Johnny Blaze|atk|2
|
|-weather|SunnyDay|[upkeep]
|upkeep
|turn|5
|
|t:|1758256609
|move|p1a: Scream Tail|Dazzling Gleam|p2a: Johnny Blaze
|-damage|p2a: Johnny Blaze|53/100
|move|p2a: Johnny Blaze|Swords Dance|p2a: Johnny Blaze
|-boost|p2a: Johnny Blaze|atk|0
|
|-weather|SunnyDay|[upkeep]
|-end|p2a: Johnny Blaze|Encore
|upkeep
|turn|6
|
|t:|1758256624
|switch|p2a: Sunflower|Venusaur, M|100/100
|move|p1a: Scream Tail|Encore||[still]
|-fail|p1a: Scream Tail
|
|-weather|SunnyDay|[upkeep]
|upkeep
|turn|7
|
|t:|1758256633
|-end|p1a: Scream Tail|Protosynthesis|[silent]
|switch|p1a: Raging Bolt|Raging Bolt|100/100
|-activate|p1a: Raging Bolt|ability: Protosynthesis
|-start|p1a: Raging Bolt|protosynthesisspa
|move|p2a: Sunflower|Sludge Bomb|p1a: Raging Bolt
|-damage|p1a: Raging Bolt|68/100
|-status|p1a: Raging Bolt|psn
|-damage|p2a: Sunflower|91/100|[from] item: Life Orb
|
|-weather|SunnyDay|[upkeep]
|-damage|p1a: Raging Bolt|55/100 psn|[from] psn
|upkeep
|turn|8
|
|t:|1758256645
|move|p2a: Sunflower|Weather Ball|p1a: Raging Bolt
|-resisted|p1a: Raging Bolt
|-damage|p1a: Raging Bolt|39/100 psn
|-damage|p2a: Sunflower|81/100|[from] item: Life Orb
|move|p1a: Raging Bolt|Dragon Pulse|p2a: Sunflower
|-damage|p2a: Sunflower|13/100
|
|-weather|none
|-end|p1a: Raging Bolt|Protosynthesis
|-damage|p1a: Raging Bolt|26/100 psn|[from] psn
|upkeep
|turn|9
|
|t:|1758256659
|move|p1a: Raging Bolt|Thunderclap|p2a: Sunflower
|-resisted|p2a: Sunflower
|-damage|p2a: Sunflower|0 fnt
|faint|p2a: Sunflower
|
|-damage|p1a: Raging Bolt|14/100 psn|[from] psn
|upkeep
|
|t:|1758256662
|switch|p2a: Johnny Blaze|Ceruledge, F, tera:Fairy|53/100
|turn|10
|
|t:|1758256669
|move|p2a: Johnny Blaze|Bitter Blade|p1a: Raging Bolt
|-resisted|p1a: Raging Bolt
|-damage|p1a: Raging Bolt|0 fnt
|-heal|p2a: Johnny Blaze|63/100|[from] drain|[of] p1a: Raging Bolt
|faint|p1a: Raging Bolt
|-end|p1a: Raging Bolt|Protosynthesis|[silent]
|
|upkeep
|
|t:|1758256686
|switch|p1a: Hariyama|Hariyama, F|94/100 brn
|turn|11
|
|t:|1758256691
|move|p1a: Hariyama|Bullet Punch|p2a: Johnny Blaze
|-supereffective|p2a: Johnny Blaze
|-damage|p2a: Johnny Blaze|0 fnt
|faint|p2a: Johnny Blaze
|
|-damage|p1a: Hariyama|88/100 brn|[from] brn
|upkeep
|
|t:|1758256695
|switch|p2a: Water-Dragon|Walking Wake|100/100
|turn|12
|inactive|Buttologist has 120 seconds left.
|
|t:|1758256726
|move|p2a: Water-Dragon|Hydro Steam|p1a: Hariyama
|-damage|p1a: Hariyama|21/100 brn
|move|p1a: Hariyama|Facade|p2a: Water-Dragon
|-damage|p2a: Water-Dragon|25/100
|
|-damage|p1a: Hariyama|15/100 brn|[from] brn
|upkeep
|turn|13
|
|t:|1758256736
|switch|p1a: Clodsire|Clodsire, M|100/100
|move|p2a: Water-Dragon|Hydro Steam|p1a: Clodsire
|-immune|p1a: Clodsire|[from] ability: Water Absorb
|
|upkeep
|turn|14
|
|t:|1758256744
|-end|p2a: Water-Dragon|Protosynthesis|[silent]
|switch|p2a: Manfred|Great Tusk|100/100
|move|p1a: Clodsire|Earthquake|p2a: Manfred
|-damage|p2a: Manfred|84/100
|
|upkeep
|turn|15
|
|t:|1758256752
|switch|p1a: Corviknight|Corviknight, M|100/100
|-ability|p1a: Corviknight|Pressure
|move|p2a: Manfred|Stealth Rock|p1a: Corviknight
|-sidestart|p1: Buttologist|move: Stealth Rock
|
|upkeep
|turn|16
|
|t:|1758256760
|move|p2a: Manfred|Ice Spinner|p1a: Corviknight
|-damage|p1a: Corviknight|85/100
|-damage|p2a: Manfred|67/100|[from] item: Rocky Helmet|[of] p1a: Corviknight
|move|p1a: Corviknight|Defog|p2a: Manfred
|-unboost|p2a: Manfred|evasion|1
|-sideend|p1: Buttologist|Stealth Rock|[from] move: Defog|[of] p1a: Corviknight
|
|upkeep
|turn|17
|
|t:|1758256769
|move|p2a: Manfred|Stealth Rock|p1a: Corviknight
|-sidestart|p1: Buttologist|move: Stealth Rock
|move|p1a: Corviknight|Brave Bird|p2a: Manfred
|-supereffective|p2a: Manfred
|-damage|p2a: Manfred|19/100
|-damage|p1a: Corviknight|68/100|[from] item: Rocky Helmet|[of] p2a: Manfred
|-damage|p1a: Corviknight|50/100|[from] Recoil
|
|upkeep
|turn|18
|inactive|nate_feli has 120 seconds left.
|
|t:|1758256804
|-end|p2a: Manfred|Protosynthesis|[silent]
|switch|p2a: Had a dream|Hatterene, F|100/100
|move|p1a: Corviknight|Roost|p1a: Corviknight
|-heal|p1a: Corviknight|99/100
|-singleturn|p1a: Corviknight|move: Roost
|
|upkeep
|turn|19
|inactive|nate_feli has 120 seconds left.
|
|t:|1758256818
|move|p1a: Corviknight|Defog|p2a: Had a dream
|move|p2a: Had a dream|Defog|p1a: Corviknight|[from] ability: Magic Bounce
|-unboost|p1a: Corviknight|evasion|1
|-sideend|p1: Buttologist|Stealth Rock|[from] move: Defog|[of] p2a: Had a dream
|move|p2a: Had a dream|Nuzzle|p1a: Corviknight
|-supereffective|p1a: Corviknight
|-damage|p1a: Corviknight|95/100
|-status|p1a: Corviknight|par
|-damage|p2a: Had a dream|84/100|[from] item: Rocky Helmet|[of] p1a: Corviknight
|
|upkeep
|turn|20
|inactive|nate_feli has 120 seconds left.
|
|t:|1758256836
|switch|p1a: Scream Tail|Scream Tail|100/100
|move|p2a: Had a dream|Psychic Noise|p1a: Scream Tail
|-resisted|p1a: Scream Tail
|-damage|p1a: Scream Tail|89/100
|-start|p1a: Scream Tail|move: Heal Block
|
|upkeep
|turn|21
|inactive|nate_feli has 120 seconds left.
|
|t:|1758256847
|move|p1a: Scream Tail|Dazzling Gleam|p2a: Had a dream
|-damage|p2a: Had a dream|66/100
|-enditem|p2a: Had a dream|Eject Button
|
|t:|1758256851
|switch|p2a: Manfred|Great Tusk|19/100
|
|-end|p1a: Scream Tail|move: Heal Block
|upkeep
|turn|22
|inactive|nate_feli has 120 seconds left.
|
|t:|1758256878
|-end|p2a: Manfred|Protosynthesis|[silent]
|switch|p2a: Had a dream|Hatterene, F|66/100
|move|p1a: Scream Tail|Dazzling Gleam|p2a: Had a dream
|-damage|p2a: Had a dream|47/100
|
|-heal|p1a: Scream Tail|95/100|[from] item: Leftovers
|upkeep
|turn|23
|
|t:|1758256899
|move|p1a: Scream Tail|Wish|p1a: Scream Tail
|move|p2a: Had a dream|Nuzzle|p1a: Scream Tail
|-damage|p1a: Scream Tail|92/100
|-status|p1a: Scream Tail|par
|
|-heal|p1a: Scream Tail|98/100 par|[from] item: Leftovers
|upkeep
|turn|24
|
|t:|1758256909
|-end|p1a: Scream Tail|Protosynthesis|[silent]
|switch|p1a: Hariyama|Hariyama, F|15/100 brn
|move|p2a: Had a dream|Dazzling Gleam|p1a: Hariyama
|-supereffective|p1a: Hariyama
|-damage|p1a: Hariyama|0 fnt
|faint|p1a: Hariyama
|
|upkeep
|
|t:|1758256918
|switch|p1a: Clodsire|Clodsire, M|100/100
|turn|25
|
|t:|1758256922
|-terastallize|p1a: Clodsire|Dark
|move|p2a: Had a dream|Healing Wish|p2a: Had a dream
|faint|p2a: Had a dream
|move|p1a: Clodsire|Earthquake|p2: Had a dream|[notarget]
|-fail|p1a: Clodsire
|
|upkeep
|
|t:|1758256936
|switch|p2a: Water-Dragon|Walking Wake|25/100
|-heal|p2a: Water-Dragon|100/100|[from] move: Healing Wish
|turn|26
|
|t:|1758256943
|move|p2a: Water-Dragon|Flamethrower|p1a: Clodsire
|-damage|p1a: Clodsire|73/100
|move|p1a: Clodsire|Toxic|p2a: Water-Dragon
|-status|p2a: Water-Dragon|tox
|
|-heal|p1a: Clodsire|79/100|[from] item: Leftovers
|-damage|p2a: Water-Dragon|94/100 tox|[from] psn
|upkeep
|turn|27
|
|t:|1758256959
|move|p2a: Water-Dragon|Flamethrower|p1a: Clodsire
|-damage|p1a: Clodsire|53/100
|move|p1a: Clodsire|Stealth Rock|p2a: Water-Dragon
|-sidestart|p2: nate_feli|move: Stealth Rock
|
|-heal|p1a: Clodsire|59/100|[from] item: Leftovers
|-damage|p2a: Water-Dragon|82/100 tox|[from] psn
|upkeep
|turn|28
|
|t:|1758256979
|move|p2a: Water-Dragon|Flamethrower|p1a: Clodsire
|-damage|p1a: Clodsire|34/100
|move|p1a: Clodsire|Earthquake|p2a: Water-Dragon
|-damage|p2a: Water-Dragon|54/100 tox
|
|-heal|p1a: Clodsire|40/100|[from] item: Leftovers
|-damage|p2a: Water-Dragon|35/100 tox|[from] psn
|upkeep
|turn|29
|
|t:|1758256984
|move|p2a: Water-Dragon|Flamethrower|p1a: Clodsire
|-damage|p1a: Clodsire|13/100
|move|p1a: Clodsire|Earthquake|p2a: Water-Dragon
|-damage|p2a: Water-Dragon|4/100 tox
|
|-heal|p1a: Clodsire|20/100|[from] item: Leftovers
|-damage|p2a: Water-Dragon|0 fnt|[from] psn
|faint|p2a: Water-Dragon
|-end|p2a: Water-Dragon|Protosynthesis|[silent]
|upkeep
|
|t:|1758256988
|switch|p2a: Manfred|Great Tusk|19/100
|-damage|p2a: Manfred|16/100|[from] Stealth Rock
|turn|30
|inactive|nate_feli has 120 seconds left.
|
|t:|1758257012
|move|p2a: Manfred|Rapid Spin|p1a: Clodsire
|-damage|p1a: Clodsire|5/100
|-boost|p2a: Manfred|spe|1
|-sideend|p2: nate_feli|Stealth Rock|[from] move: Rapid Spin|[of] p2a: Manfred
|move|p1a: Clodsire|Earthquake|p2a: Manfred
|-damage|p2a: Manfred|0 fnt
|faint|p2a: Manfred
|-end|p2a: Manfred|Protosynthesis|[silent]
|
|win|Buttologist
|raw|Buttologist's rating: 1339 &rarr; <strong>1359</strong><br />(+20 for winning)
|raw|nate_feli's rating: 1341 &rarr; <strong>1321</strong><br />(-20 for losing)
|l|☆Buttologist
|player|p1|
|l|☆nate_feli
|player|p2|
