|j|☆krookodile fangirl
|j|☆tentacultmember
|t:|1758261976
|gametype|singles
|player|p1|krookodile fangirl|roughneck|1148
|player|p2|tentacultmember|169|1200
|gen|9
|tier|[Gen 9] OU
|rated|
|rule|HP Percentage Mod: HP is shown in percentages
|rule|Endless Battle Clause: Forcing endless battles is banned
|rule|Species Clause: Limit one of each Pokémon
|rule|OHKO Clause: OHKO moves are banned
|rule|Evasion Items Clause: Evasion items are banned
|rule|Evasion Moves Clause: Evasion moves are banned
|rule|Evasion Abilities Clause: Evasion abilities are banned
|rule|Sleep Moves Clause: Sleep-inducing moves are banned
|clearpoke
|poke|p1|Krookodile, M|
|poke|p1|Ogerpon-Wellspring, F|
|poke|p1|Gholdengo|
|poke|p1|Cyclizar, M|
|poke|p1|Iron Valiant|
|poke|p1|Skarmory, M|
|poke|p2|Ursaluna, F|
|poke|p2|Indeedee, M|
|poke|p2|Hoopa-Unbound|
|poke|p2|Hatterene, F|
|poke|p2|Iron Valiant|
|poke|p2|Gallade, M|
|teampreview
|inactive|Battle timer is ON: inactive players will automatically lose when time's up. (requested by tentacultmember)
|
|t:|1758261983
|teamsize|p1|6
|teamsize|p2|6
|start
|switch|p1a: Pizza Delivery Guy|Cyclizar, M|100/100
|switch|p2a: Indeedee|Indeedee, M|100/100
|-fieldstart|move: Psychic Terrain|[from] ability: Psychic Surge|[of] p2a: Indeedee
|turn|1
|
|t:|1758261991
|move|p1a: Pizza Delivery Guy|Taunt|p2a: Indeedee
|-start|p2a: Indeedee|move: Taunt
|cant|p2a: Indeedee|move: Taunt|Trick Room
|
|upkeep
|turn|2
|
|t:|1758261997
|-terastallize|p2a: Indeedee|Fairy
|move|p1a: Pizza Delivery Guy|U-turn|p2a: Indeedee
|-resisted|p2a: Indeedee
|-damage|p2a: Indeedee|89/100
|
|t:|1758262000
|switch|p1a: John The Fisherman|Skarmory, M|100/100|[from] U-turn
|move|p2a: Indeedee|Draining Kiss|p1a: John The Fisherman
|-resisted|p1a: John The Fisherman
|-damage|p1a: John The Fisherman|79/100
|-heal|p2a: Indeedee|100/100|[from] drain|[of] p1a: John The Fisherman
|-enditem|p1a: John The Fisherman|Red Card|[of] p2a: Indeedee
|drag|p2a: Hoopa|Hoopa-Unbound|100/100
|
|upkeep
|turn|3
|
|t:|1758262015
|move|p1a: John The Fisherman|Body Press|p2a: Hoopa
|-damage|p2a: Hoopa|54/100
|move|p2a: Hoopa|Dark Pulse|p1a: John The Fisherman
|-damage|p1a: John The Fisherman|0 fnt
|faint|p1a: John The Fisherman
|
|upkeep
|
|t:|1758262020
|switch|p1a: T-800|Iron Valiant|100/100
|-enditem|p1a: T-800|Booster Energy
|-activate|p1a: T-800|ability: Quark Drive|[fromitem]
|-start|p1a: T-800|quarkdrivespe
|turn|4
|
|t:|1758262030
|move|p1a: T-800|Encore|p2a: Hoopa
|-start|p2a: Hoopa|Encore
|move|p2a: Hoopa|Dark Pulse|p1a: T-800
|-resisted|p1a: T-800
|-damage|p1a: T-800|78/100
|
|upkeep
|turn|5
|
|t:|1758262035
|move|p1a: T-800|Calm Mind|p1a: T-800
|-boost|p1a: T-800|spa|1
|-boost|p1a: T-800|spd|1
|move|p2a: Hoopa|Dark Pulse|p1a: T-800
|-resisted|p1a: T-800
|-damage|p1a: T-800|61/100
|
|-fieldend|move: Psychic Terrain
|upkeep
|turn|6
|
|t:|1758262045
|switch|p2a: Indeedee|Indeedee, M, tera:Fairy|100/100
|-fieldstart|move: Psychic Terrain|[from] ability: Psychic Surge|[of] p2a: Indeedee
|move|p1a: T-800|Calm Mind|p1a: T-800
|-boost|p1a: T-800|spa|1
|-boost|p1a: T-800|spd|1
|
|upkeep
|turn|7
|
|t:|1758262052
|move|p1a: T-800|Moonblast|p2a: Indeedee
|-damage|p2a: Indeedee|3/100
|move|p2a: Indeedee|Trick Room|p2a: Indeedee
|-fieldstart|move: Trick Room|[of] p2a: Indeedee
|
|upkeep
|turn|8
|
|t:|1758262061
|-end|p1a: T-800|Quark Drive|[silent]
|switch|p1a: Baconator|Krookodile, M, shiny|100/100
|move|p2a: Indeedee|Draining Kiss|p1a: Baconator
|-supereffective|p1a: Baconator
|-damage|p1a: Baconator|17/100
|-heal|p2a: Indeedee|67/100|[from] drain|[of] p1a: Baconator
|
|upkeep
|turn|9
|
|t:|1758262067
|switch|p1a: Larry|Gholdengo|100/100
|move|p2a: Indeedee|Draining Kiss|p1a: Larry
|-resisted|p1a: Larry
|-damage|p1a: Larry|84/100
|-heal|p2a: Indeedee|80/100|[from] drain|[of] p1a: Larry
|
|upkeep
|turn|10
|
|t:|1758262079
|switch|p2a: Ursaluna|Ursaluna, F|100/100
|move|p1a: Larry|Shadow Ball|p2a: Ursaluna
|-immune|p2a: Ursaluna
|
|-fieldend|move: Psychic Terrain
|-status|p2a: Ursaluna|brn|[from] item: Flame Orb
|upkeep
|turn|11
|
|t:|1758262104
|switch|p1a: Majora|Ogerpon-Wellspring, F|100/100
|move|p2a: Ursaluna|Headlong Rush|p1a: Majora
|-resisted|p1a: Majora
|-damage|p1a: Majora|33/100
|-unboost|p2a: Ursaluna|def|1
|-unboost|p2a: Ursaluna|spd|1
|
|-damage|p2a: Ursaluna|94/100 brn|[from] brn
|-fieldend|move: Trick Room
|upkeep
|turn|12
|
|t:|1758262119
|move|p1a: Majora|Ivy Cudgel|p2a: Ursaluna|[anim] Ivy Cudgel Water
|-supereffective|p2a: Ursaluna
|-damage|p2a: Ursaluna|0 fnt
|faint|p2a: Ursaluna
|
|upkeep
|
|t:|1758262125
|switch|p2a: Gallade|Gallade, M|100/100
|turn|13
|
|t:|1758262129
|-terastallize|p1a: Majora|Water
|detailschange|p1a: Majora|Ogerpon-Wellspring-Tera, F, tera:Water
|-ability|p1a: Majora|Embody Aspect (Wellspring)|boost
|-boost|p1a: Majora|spd|1
|move|p1a: Majora|Ivy Cudgel|p2a: Gallade|[anim] Ivy Cudgel Water
|-damage|p2a: Gallade|1/100
|move|p2a: Gallade|Trick Room|p2a: Gallade
|-fieldstart|move: Trick Room|[of] p2a: Gallade
|
|upkeep
|turn|14
|
|t:|1758262137
|switch|p1a: Pizza Delivery Guy|Cyclizar, M|100/100
|move|p2a: Gallade|Knock Off|p1a: Pizza Delivery Guy
|-damage|p1a: Pizza Delivery Guy|39/100
|-enditem|p1a: Pizza Delivery Guy|Heavy-Duty Boots|[from] move: Knock Off|[of] p2a: Gallade
|
|upkeep
|turn|15
|
|t:|1758262145
|switch|p1a: Larry|Gholdengo|84/100
|move|p2a: Gallade|Drain Punch|p1a: Larry
|-immune|p1a: Larry
|
|upkeep
|turn|16
|
|t:|1758262152
|switch|p1a: T-800|Iron Valiant|61/100
|move|p2a: Gallade|Knock Off|p1a: T-800
|-resisted|p1a: T-800
|-damage|p1a: T-800|54/100
|
|upkeep
|turn|17
|
|t:|1758262167
|switch|p2a: Iron Valiant|Iron Valiant|100/100
|-enditem|p2a: Iron Valiant|Booster Energy
|-activate|p2a: Iron Valiant|ability: Quark Drive|[fromitem]
|-start|p2a: Iron Valiant|quarkdrivespe
|-end|p1a: T-800|Quark Drive|[silent]
|switch|p1a: Baconator|Krookodile, M, shiny|17/100
|
|-fieldend|move: Trick Room
|upkeep
|turn|18
|
|t:|1758262188
|switch|p1a: Larry|Gholdengo|84/100
|move|p2a: Iron Valiant|Spirit Break|p1a: Larry
|-resisted|p1a: Larry
|-damage|p1a: Larry|61/100
|-unboost|p1a: Larry|spa|1
|
|upkeep
|turn|19
|
|t:|1758262200
|move|p2a: Iron Valiant|Knock Off|p1a: Larry
|-supereffective|p1a: Larry
|-damage|p1a: Larry|0 fnt
|-enditem|p1a: Larry|Choice Scarf|[from] move: Knock Off|[of] p2a: Iron Valiant
|faint|p1a: Larry
|
|upkeep
|
|t:|1758262205
|switch|p1a: T-800|Iron Valiant|54/100
|turn|20
|
|t:|1758262209
|move|p2a: Iron Valiant|Spirit Break|p1a: T-800
|-supereffective|p1a: T-800
|-damage|p1a: T-800|0 fnt
|faint|p1a: T-800
|-end|p1a: T-800|Quark Drive|[silent]
|
|upkeep
|
|t:|1758262212
|switch|p1a: Majora|Ogerpon-Wellspring-Tera, F, tera:Water|33/100
|-ability|p1a: Majora|Embody Aspect (Wellspring)|boost
|-boost|p1a: Majora|spd|1
|turn|21
|
|t:|1758262217
|move|p2a: Iron Valiant|Spirit Break|p1a: Majora
|-damage|p1a: Majora|0 fnt
|faint|p1a: Majora
|detailschange|p1: Majora|Ogerpon-Wellspring, F|[silent]
|
|upkeep
|
|t:|1758262221
|switch|p1a: Pizza Delivery Guy|Cyclizar, M|72/100
|turn|22
|
|t:|1758262223
|move|p2a: Iron Valiant|Spirit Break|p1a: Pizza Delivery Guy
|-supereffective|p1a: Pizza Delivery Guy
|-damage|p1a: Pizza Delivery Guy|0 fnt
|faint|p1a: Pizza Delivery Guy
|
|upkeep
|
|t:|1758262225
|switch|p1a: Baconator|Krookodile, M, shiny|17/100
|turn|23
|
|t:|1758262229
|move|p2a: Iron Valiant|Spirit Break|p1a: Baconator
|-supereffective|p1a: Baconator
|-damage|p1a: Baconator|0 fnt
|faint|p1a: Baconator
|
|win|tentacultmember
|raw|krookodile fangirl's rating: 1148 &rarr; <strong>1127</strong><br />(-21 for losing)
|raw|tentacultmember's rating: 1200 &rarr; <strong>1221</strong><br />(+21 for winning)
|l|☆tentacultmember
|player|p2|
