|j|☆batyaaa
|j|☆obih
|t:|1758372942
|gametype|singles
|player|p1|batyaaa|roxie|1104
|player|p2|obih|2|1097
|gen|9
|tier|[Gen 9] OU
|rated|
|rule|HP Percentage Mod: HP is shown in percentages
|rule|Endless Battle Clause: Forcing endless battles is banned
|rule|Species Clause: Limit one of each Pokémon
|rule|OHKO Clause: OHKO moves are banned
|rule|Evasion Items Clause: Evasion items are banned
|rule|Evasion Moves Clause: Evasion moves are banned
|rule|Evasion Abilities Clause: Evasion abilities are banned
|rule|Sleep Moves Clause: Sleep-inducing moves are banned
|clearpoke
|poke|p1|Tyranitar, M|
|poke|p1|Landorus-Therian, M|
|poke|p1|Excadrill, M|
|poke|p1|Kleavor, F|
|poke|p1|Minior-Indigo|
|poke|p1|Garchomp, M|
|poke|p2|Toxapex, M|
|poke|p2|Dragonite, F|
|poke|p2|Blissey, F|
|poke|p2|Corviknight, F|
|poke|p2|Arboliva, F|
|poke|p2|Orthworm, F|
|teampreview
|inactive|Battle timer is ON: inactive players will automatically lose when time's up. (requested by batyaaa)
|
|t:|1758372953
|teamsize|p1|6
|teamsize|p2|6
|start
|switch|p1a: Tyranitar|Tyranitar, M, shiny|100/100
|switch|p2a: Toxapex|Toxapex, M|100/100
|-weather|Sandstorm|[from] ability: Sand Stream|[of] p1a: Tyranitar
|turn|1
|
|t:|1758372967
|switch|p1a: Excadrill|Excadrill, M|100/100
|move|p2a: Toxapex|Toxic|p1a: Excadrill
|-immune|p1a: Excadrill
|
|-weather|Sandstorm|[upkeep]
|-damage|p2a: Toxapex|94/100|[from] Sandstorm
|-heal|p2a: Toxapex|100/100|[from] item: Leftovers
|upkeep
|turn|2
|
|t:|1758372977
|switch|p2a: Orthworm|Orthworm, F|100/100
|move|p1a: Excadrill|Earthquake|p2a: Orthworm
|-immune|p2a: Orthworm|[from] ability: Earth Eater
|
|-weather|Sandstorm|[upkeep]
|upkeep
|turn|3
|
|t:|1758372986
|switch|p1a: Minior|Minior-Indigo|100/100
|-formechange|p1a: Minior|Minior-Meteor||[from] ability: Shields Down
|move|p2a: Orthworm|Iron Defense|p2a: Orthworm
|-boost|p2a: Orthworm|def|2
|
|-weather|Sandstorm|[upkeep]
|upkeep
|turn|4
|
|t:|1758372995
|move|p1a: Minior|Shell Smash|p1a: Minior
|-unboost|p1a: Minior|def|1
|-unboost|p1a: Minior|spd|1
|-boost|p1a: Minior|atk|2
|-boost|p1a: Minior|spa|2
|-boost|p1a: Minior|spe|2
|move|p2a: Orthworm|Iron Defense|p2a: Orthworm
|-boost|p2a: Orthworm|def|2
|
|-weather|Sandstorm|[upkeep]
|upkeep
|turn|5
|
|t:|1758373007
|move|p1a: Minior|Power Gem|p2a: Orthworm
|-resisted|p2a: Orthworm
|-damage|p2a: Orthworm|57/100
|move|p2a: Orthworm|Substitute|p2a: Orthworm
|-start|p2a: Orthworm|Substitute
|-damage|p2a: Orthworm|32/100
|
|-weather|Sandstorm|[upkeep]
|-heal|p2a: Orthworm|38/100|[from] item: Leftovers
|upkeep
|turn|6
|
|t:|1758373021
|move|p2a: Orthworm|Protect|p2a: Orthworm
|-singleturn|p2a: Orthworm|Protect
|move|p1a: Minior|Power Gem|p2a: Orthworm
|-activate|p2a: Orthworm|move: Protect
|
|-weather|Sandstorm|[upkeep]
|-heal|p2a: Orthworm|44/100|[from] item: Leftovers
|upkeep
|turn|7
|
|t:|1758373038
|move|p1a: Minior|Power Gem|p2a: Orthworm
|-resisted|p2a: Orthworm
|-end|p2a: Orthworm|Substitute
|move|p2a: Orthworm|Body Press|p1a: Minior
|-enditem|p1a: Minior|Focus Sash
|-damage|p1a: Minior|1/100
|
|-weather|Sandstorm|[upkeep]
|-heal|p2a: Orthworm|50/100|[from] item: Leftovers
|-formechange|p1a: Minior|Minior-Indigo||[from] ability: Shields Down
|upkeep
|turn|8
|
|t:|1758373054
|move|p2a: Orthworm|Protect|p2a: Orthworm
|-singleturn|p2a: Orthworm|Protect
|move|p1a: Minior|Power Gem|p2a: Orthworm
|-activate|p2a: Orthworm|move: Protect
|
|-weather|none
|-heal|p2a: Orthworm|56/100|[from] item: Leftovers
|upkeep
|turn|9
|
|t:|1758373064
|move|p1a: Minior|Power Gem|p2a: Orthworm
|-resisted|p2a: Orthworm
|-damage|p2a: Orthworm|0 fnt
|faint|p2a: Orthworm
|
|upkeep
|
|t:|1758373082
|switch|p2a: Dragonite|Dragonite, F|100/100
|turn|10
|
|t:|1758373086
|move|p1a: Minior|Power Gem|p2a: Dragonite
|-supereffective|p2a: Dragonite
|-damage|p2a: Dragonite|16/100
|move|p2a: Dragonite|Ice Spinner|p1a: Minior
|-supereffective|p1a: Minior
|-damage|p1a: Minior|0 fnt
|faint|p1a: Minior
|
|upkeep
|
|t:|1758373093
|switch|p1a: Tyranitar|Tyranitar, M, shiny|100/100
|-weather|Sandstorm|[from] ability: Sand Stream|[of] p1a: Tyranitar
|turn|11
|
|t:|1758373110
|move|p2a: Dragonite|Ice Spinner|p1a: Tyranitar
|-damage|p1a: Tyranitar|79/100
|move|p1a: Tyranitar|Thunder Fang|p2a: Dragonite
|-damage|p2a: Dragonite|0 fnt
|faint|p2a: Dragonite
|
|-weather|Sandstorm|[upkeep]
|upkeep
|
|t:|1758373120
|switch|p2a: Corviknight|Corviknight, F|100/100
|-ability|p2a: Corviknight|Pressure
|turn|12
|
|t:|1758373125
|switch|p1a: Kleavor|Kleavor, F, shiny|100/100
|move|p2a: Corviknight|Iron Defense|p2a: Corviknight
|-boost|p2a: Corviknight|def|2
|
|-weather|Sandstorm|[upkeep]
|upkeep
|turn|13
|
|t:|1758373132
|move|p1a: Kleavor|Stone Axe|p2a: Corviknight
|-damage|p2a: Corviknight|84/100
|-sidestart|p2: obih|move: Stealth Rock
|move|p2a: Corviknight|Iron Defense|p2a: Corviknight
|-boost|p2a: Corviknight|def|2
|
|-weather|Sandstorm|[upkeep]
|-heal|p2a: Corviknight|91/100|[from] item: Leftovers
|upkeep
|turn|14
|
|t:|1758373143
|move|p1a: Kleavor|Trailblaze|p2a: Corviknight
|-resisted|p2a: Corviknight
|-damage|p2a: Corviknight|90/100
|-boost|p1a: Kleavor|spe|1
|move|p2a: Corviknight|Iron Defense|p2a: Corviknight
|-boost|p2a: Corviknight|def|2
|
|-weather|Sandstorm|[upkeep]
|-heal|p2a: Corviknight|96/100|[from] item: Leftovers
|upkeep
|turn|15
|
|t:|1758373157
|switch|p1a: Garchomp|Garchomp, M|100/100
|move|p2a: Corviknight|Body Press|p1a: Garchomp
|-damage|p1a: Garchomp|0 fnt
|-damage|p2a: Corviknight|84/100|[from] ability: Rough Skin|[of] p1a: Garchomp
|-damage|p2a: Corviknight|67/100|[from] item: Rocky Helmet|[of] p1a: Garchomp
|faint|p1a: Garchomp
|
|-weather|Sandstorm|[upkeep]
|-heal|p2a: Corviknight|73/100|[from] item: Leftovers
|upkeep
|
|t:|1758373168
|switch|p1a: Excadrill|Excadrill, M|100/100
|turn|16
|c|☆obih|Your team is very attack heavy
|
|t:|1758373173
|move|p1a: Excadrill|Iron Head|p2a: Corviknight
|-resisted|p2a: Corviknight
|-damage|p2a: Corviknight|68/100
|cant|p2a: Corviknight|flinch
|
|-weather|Sandstorm|[upkeep]
|-heal|p2a: Corviknight|74/100|[from] item: Leftovers
|upkeep
|turn|17
|
|t:|1758373182
|switch|p1a: Landorus|Landorus-Therian, M|100/100
|-ability|p1a: Landorus|Intimidate|boost
|-unboost|p2a: Corviknight|atk|1
|move|p2a: Corviknight|Body Press|p1a: Landorus
|-resisted|p1a: Landorus
|-damage|p1a: Landorus|43/100
|-enditem|p1a: Landorus|Eject Button
|
|t:|1758373191
|switch|p1a: Kleavor|Kleavor, F, shiny|100/100
|
|-weather|Sandstorm|[upkeep]
|-heal|p2a: Corviknight|80/100|[from] item: Leftovers
|upkeep
|turn|18
|
|t:|1758373198
|move|p1a: Kleavor|Stone Axe|p2a: Corviknight
|-damage|p2a: Corviknight|71/100
|move|p2a: Corviknight|Body Press|p1a: Kleavor
|-enditem|p1a: Kleavor|Focus Sash
|-damage|p1a: Kleavor|1/100
|
|-weather|none
|-heal|p2a: Corviknight|78/100|[from] item: Leftovers
|upkeep
|turn|19
|
|t:|1758373209
|move|p1a: Kleavor|Close Combat|p2a: Corviknight
|-damage|p2a: Corviknight|71/100
|-unboost|p1a: Kleavor|def|1
|-unboost|p1a: Kleavor|spd|1
|move|p2a: Corviknight|Body Press|p1a: Kleavor
|-damage|p1a: Kleavor|0 fnt
|faint|p1a: Kleavor
|
|-heal|p2a: Corviknight|77/100|[from] item: Leftovers
|upkeep
|
|t:|1758373218
|switch|p1a: Tyranitar|Tyranitar, M, shiny|79/100
|-weather|Sandstorm|[from] ability: Sand Stream|[of] p1a: Tyranitar
|turn|20
|
|t:|1758373225
|move|p2a: Corviknight|Body Press|p1a: Tyranitar
|-supereffective|p1a: Tyranitar
|-damage|p1a: Tyranitar|0 fnt
|faint|p1a: Tyranitar
|
|-weather|Sandstorm|[upkeep]
|-heal|p2a: Corviknight|83/100|[from] item: Leftovers
|upkeep
|-message|batyaaa forfeited.
|
|win|obih
|raw|batyaaa's rating: 1104 &rarr; <strong>1078</strong><br />(-26 for losing)
|raw|obih's rating: 1097 &rarr; <strong>1123</strong><br />(+26 for winning)
|l|☆batyaaa
|player|p1|
|l|☆obih
|player|p2|
