|j|☆TheTheyThemler
|j|☆lushlopunny
|t:|1758242185
|gametype|singles
|player|p1|TheTheyThemler|n|1106
|player|p2|lushlopunny|iris-gen5bw2|1153
|gen|9
|tier|[Gen 9] OU
|rated|
|rule|HP Percentage Mod: HP is shown in percentages
|rule|Endless Battle Clause: Forcing endless battles is banned
|rule|Species Clause: Limit one of each Pokémon
|rule|OHKO Clause: OHKO moves are banned
|rule|Evasion Items Clause: Evasion items are banned
|rule|Evasion Moves Clause: Evasion moves are banned
|rule|Evasion Abilities Clause: Evasion abilities are banned
|rule|Sleep Moves Clause: Sleep-inducing moves are banned
|clearpoke
|poke|p1|Charjabug, F|
|poke|p1|Ceruledge, F|
|poke|p1|Gholdengo|
|poke|p1|Umbreon, F|
|poke|p1|Great Tusk|
|poke|p1|Kyurem|
|poke|p2|Enamorus, F|
|poke|p2|Ceruledge, F|
|poke|p2|Gholdengo|
|poke|p2|Glimmora, M|
|poke|p2|Ambipom, M|
|poke|p2|Rotom-Wash|
|teampreview
|inactive|Battle timer is ON: inactive players will automatically lose when time's up. (requested by lushlopunny)
|
|t:|1758242191
|teamsize|p1|6
|teamsize|p2|6
|start
|switch|p1a: 🚍|Charjabug, F, shiny|100/100
|switch|p2a: Glimmora|Glimmora, M|100/100
|turn|1
|
|t:|1758242219
|move|p2a: Glimmora|Stealth Rock|p1a: 🚍
|-sidestart|p1: TheTheyThemler|move: Stealth Rock
|move|p1a: 🚍|Thunder Wave|p2a: Glimmora|[miss]
|-miss|p1a: 🚍|p2a: Glimmora
|
|upkeep
|turn|2
|
|t:|1758242226
|move|p2a: Glimmora|Earth Power|p1a: 🚍
|-damage|p1a: 🚍|71/100
|move|p1a: 🚍|Sticky Web|p2a: Glimmora
|-sidestart|p2: lushlopunny|move: Sticky Web
|
|upkeep
|turn|3
|
|t:|1758242246
|move|p2a: Glimmora|Mortal Spin|p1a: 🚍
|-damage|p1a: 🚍|68/100
|-status|p1a: 🚍|psn
|-sideend|p2: lushlopunny|Sticky Web|[from] move: Mortal Spin|[of] p2a: Glimmora
|move|p1a: 🚍|Thunder Wave|p2a: Glimmora
|-status|p2a: Glimmora|par
|
|-damage|p1a: 🚍|56/100 psn|[from] psn
|upkeep
|turn|4
|
|t:|1758242254
|cant|p2a: Glimmora|par
|move|p1a: 🚍|Sticky Web|p2a: Glimmora
|-sidestart|p2: lushlopunny|move: Sticky Web
|
|-damage|p1a: 🚍|44/100 psn|[from] psn
|upkeep
|turn|5
|
|t:|1758242274
|switch|p1a: 🎩|Gholdengo|100/100
|-damage|p1a: 🎩|94/100|[from] Stealth Rock
|move|p2a: Glimmora|Mortal Spin|p1a: 🎩
|-immune|p1a: 🎩
|
|-heal|p1a: 🎩|100/100|[from] item: Leftovers
|upkeep
|turn|6
|
|t:|1758242292
|move|p1a: 🎩|Hex|p2a: Glimmora
|-damage|p2a: Glimmora|12/100 par
|move|p2a: Glimmora|Earth Power|p1a: 🎩
|-supereffective|p1a: 🎩
|-damage|p1a: 🎩|33/100
|
|-heal|p1a: 🎩|40/100|[from] item: Leftovers
|upkeep
|turn|7
|
|t:|1758242301
|move|p1a: 🎩|Hex|p2a: Glimmora
|-damage|p2a: Glimmora|0 fnt
|faint|p2a: Glimmora
|
|-heal|p1a: 🎩|46/100|[from] item: Leftovers
|upkeep
|
|t:|1758242314
|switch|p2a: Ambipom|Ambipom, M, shiny|100/100
|turn|8
|inactive|TheTheyThemler has 120 seconds left.
|
|t:|1758242344
|move|p2a: Ambipom|Knock Off|p1a: 🎩
|-supereffective|p1a: 🎩
|-damage|p1a: 🎩|0 fnt
|-enditem|p1a: 🎩|Leftovers|[from] move: Knock Off|[of] p2a: Ambipom
|faint|p1a: 🎩
|
|upkeep
|
|t:|1758242348
|switch|p1a: 🐘|Great Tusk, shiny|100/100
|-damage|p1a: 🐘|98/100|[from] Stealth Rock
|turn|9
|
|t:|1758242358
|move|p2a: Ambipom|U-turn|p1a: 🐘
|-resisted|p1a: 🐘
|-damage|p1a: 🐘|92/100
|
|t:|1758242362
|switch|p2a: Ceruledge|Ceruledge, F, shiny|100/100|[from] U-turn
|-activate|p2a: Ceruledge|move: Sticky Web
|-unboost|p2a: Ceruledge|spe|1
|move|p1a: 🐘|Knock Off|p2a: Ceruledge
|-supereffective|p2a: Ceruledge
|-damage|p2a: Ceruledge|19/100
|-ability|p2a: Ceruledge|Weak Armor|boost
|-unboost|p2a: Ceruledge|def|1
|-boost|p2a: Ceruledge|spe|2
|-enditem|p2a: Ceruledge|Focus Sash|[from] move: Knock Off|[of] p1a: 🐘
|
|-heal|p1a: 🐘|99/100|[from] item: Leftovers
|upkeep
|turn|10
|inactive|TheTheyThemler has 120 seconds left.
|
|t:|1758242405
|move|p2a: Ceruledge|Bitter Blade|p1a: 🐘
|-damage|p1a: 🐘|73/100
|-heal|p2a: Ceruledge|35/100|[from] drain|[of] p1a: 🐘
|move|p1a: 🐘|Knock Off|p2a: Ceruledge
|-supereffective|p2a: Ceruledge
|-damage|p2a: Ceruledge|0 fnt
|faint|p2a: Ceruledge
|
|-heal|p1a: 🐘|79/100|[from] item: Leftovers
|upkeep
|
|t:|1758242427
|switch|p2a: Rotom|Rotom-Wash, shiny|100/100
|turn|11
|
|t:|1758242445
|move|p1a: 🐘|Stealth Rock|p2a: Rotom
|-sidestart|p2: lushlopunny|move: Stealth Rock
|move|p2a: Rotom|Will-O-Wisp|p1a: 🐘
|-status|p1a: 🐘|brn
|
|-heal|p1a: 🐘|85/100 brn|[from] item: Leftovers
|-damage|p1a: 🐘|79/100 brn|[from] brn
|upkeep
|turn|12
|
|t:|1758242453
|move|p1a: 🐘|Knock Off|p2a: Rotom
|-crit|p2a: Rotom
|-damage|p2a: Rotom|82/100
|-enditem|p2a: Rotom|Leftovers|[from] move: Knock Off|[of] p1a: 🐘
|move|p2a: Rotom|Hydro Pump|p1a: 🐘
|-supereffective|p1a: 🐘
|-damage|p1a: 🐘|0 fnt
|faint|p1a: 🐘
|-end|p1a: 🐘|Protosynthesis|[silent]
|
|upkeep
|
|t:|1758242466
|switch|p1a: 🐈‍⬛|Umbreon, F, shiny|100/100
|-damage|p1a: 🐈‍⬛|88/100|[from] Stealth Rock
|turn|13
|
|t:|1758242471
|move|p2a: Rotom|Will-O-Wisp|p1a: 🐈‍⬛
|-status|p1a: 🐈‍⬛|brn
|-activate|p1a: 🐈‍⬛|ability: Synchronize
|-status|p2a: Rotom|brn
|move|p1a: 🐈‍⬛|Toxic||[still]
|-fail|p1a: 🐈‍⬛
|
|-heal|p1a: 🐈‍⬛|94/100 brn|[from] item: Leftovers
|-damage|p2a: Rotom|75/100 brn|[from] brn
|-damage|p1a: 🐈‍⬛|88/100 brn|[from] brn
|upkeep
|turn|14
|inactive|TheTheyThemler has 120 seconds left.
|
|t:|1758242482
|move|p2a: Rotom|Hydro Pump|p1a: 🐈‍⬛
|-damage|p1a: 🐈‍⬛|66/100 brn
|move|p1a: 🐈‍⬛|Wish|p1a: 🐈‍⬛
|
|-heal|p1a: 🐈‍⬛|72/100 brn|[from] item: Leftovers
|-damage|p2a: Rotom|69/100 brn|[from] brn
|-damage|p1a: 🐈‍⬛|66/100 brn|[from] brn
|upkeep
|turn|15
|inactive|TheTheyThemler has 120 seconds left.
|
|t:|1758242507
|switch|p1a: 🧣|Kyurem, shiny|100/100
|-damage|p1a: 🧣|75/100|[from] Stealth Rock
|-ability|p1a: 🧣|Pressure
|move|p2a: Rotom|Hydro Pump|p1a: 🧣
|-resisted|p1a: 🧣
|-damage|p1a: 🧣|58/100
|
|-heal|p1a: 🧣|100/100|[from] move: Wish|[wisher] 🐈‍⬛
|-damage|p2a: Rotom|63/100 brn|[from] brn
|upkeep
|turn|16
|
|t:|1758242521
|move|p1a: 🧣|Freeze-Dry|p2a: Rotom
|-supereffective|p2a: Rotom
|-crit|p2a: Rotom
|-damage|p2a: Rotom|0 fnt
|faint|p2a: Rotom
|
|upkeep
|
|t:|1758242536
|switch|p2a: Ambipom|Ambipom, M, shiny|100/100
|turn|17
|
|t:|1758242545
|-terastallize|p1a: 🧣|Fighting
|move|p2a: Ambipom|Fake Out|p1a: 🧣
|-damage|p1a: 🧣|77/100
|cant|p1a: 🧣|flinch
|
|upkeep
|turn|18
|
|t:|1758242553
|move|p2a: Ambipom|Double-Edge|p1a: 🧣
|-damage|p1a: 🧣|27/100
|-damage|p2a: Ambipom|78/100|[from] Recoil
|move|p1a: 🧣|Tera Blast|p2a: Ambipom|[anim] Tera Blast Fighting
|-supereffective|p2a: Ambipom
|-damage|p2a: Ambipom|0 fnt
|faint|p2a: Ambipom
|
|upkeep
|
|t:|1758242565
|switch|p2a: Enamorus|Enamorus, F|100/100
|-damage|p2a: Enamorus|76/100|[from] Stealth Rock
|turn|19
|
|t:|1758242573
|move|p2a: Enamorus|Moonblast|p1a: 🧣
|-supereffective|p1a: 🧣
|-damage|p1a: 🧣|0 fnt
|faint|p1a: 🧣
|
|upkeep
|
|t:|1758242575
|switch|p1a: 🐈‍⬛|Umbreon, F, shiny|66/100 brn
|-damage|p1a: 🐈‍⬛|54/100 brn|[from] Stealth Rock
|turn|20
|
|t:|1758242586
|move|p2a: Enamorus|Moonblast|p1a: 🐈‍⬛
|-supereffective|p1a: 🐈‍⬛
|-damage|p1a: 🐈‍⬛|5/100 brn
|move|p1a: 🐈‍⬛|Wish|p1a: 🐈‍⬛
|
|-heal|p1a: 🐈‍⬛|11/100 brn|[from] item: Leftovers
|-damage|p1a: 🐈‍⬛|5/100 brn|[from] brn
|upkeep
|turn|21
|
|t:|1758242596
|move|p1a: 🐈‍⬛|Protect|p1a: 🐈‍⬛
|-singleturn|p1a: 🐈‍⬛|Protect
|move|p2a: Enamorus|Moonblast|p1a: 🐈‍⬛
|-activate|p1a: 🐈‍⬛|move: Protect
|
|-heal|p1a: 🐈‍⬛|55/100 brn|[from] move: Wish|[wisher] 🐈‍⬛
|-heal|p1a: 🐈‍⬛|61/100 brn|[from] item: Leftovers
|-damage|p1a: 🐈‍⬛|55/100 brn|[from] brn
|upkeep
|turn|22
|
|t:|1758242607
|move|p2a: Enamorus|Moonblast|p1a: 🐈‍⬛
|-supereffective|p1a: 🐈‍⬛
|-damage|p1a: 🐈‍⬛|4/100 brn
|move|p1a: 🐈‍⬛|Toxic|p2a: Enamorus
|-status|p2a: Enamorus|tox
|
|-heal|p1a: 🐈‍⬛|10/100 brn|[from] item: Leftovers
|-damage|p2a: Enamorus|69/100 tox|[from] psn
|-damage|p1a: 🐈‍⬛|4/100 brn|[from] brn
|upkeep
|turn|23
|
|t:|1758242617
|move|p1a: 🐈‍⬛|Protect|p1a: 🐈‍⬛
|-singleturn|p1a: 🐈‍⬛|Protect
|move|p2a: Enamorus|Moonblast|p1a: 🐈‍⬛
|-activate|p1a: 🐈‍⬛|move: Protect
|
|-heal|p1a: 🐈‍⬛|10/100 brn|[from] item: Leftovers
|-damage|p2a: Enamorus|57/100 tox|[from] psn
|-damage|p1a: 🐈‍⬛|4/100 brn|[from] brn
|upkeep
|turn|24
|
|t:|1758242627
|move|p1a: 🐈‍⬛|Protect|p1a: 🐈‍⬛
|-singleturn|p1a: 🐈‍⬛|Protect
|move|p2a: Enamorus|Moonblast|p1a: 🐈‍⬛
|-activate|p1a: 🐈‍⬛|move: Protect
|
|-heal|p1a: 🐈‍⬛|10/100 brn|[from] item: Leftovers
|-damage|p2a: Enamorus|38/100 tox|[from] psn
|-damage|p1a: 🐈‍⬛|4/100 brn|[from] brn
|upkeep
|turn|25
|c|☆lushlopunny|ofc double protect
|
|t:|1758242639
|move|p1a: 🐈‍⬛|Protect||[still]
|-fail|p1a: 🐈‍⬛
|move|p2a: Enamorus|Moonblast|p1a: 🐈‍⬛
|-supereffective|p1a: 🐈‍⬛
|-damage|p1a: 🐈‍⬛|0 fnt
|faint|p1a: 🐈‍⬛
|
|-damage|p2a: Enamorus|13/100 tox|[from] psn
|upkeep
|
|t:|1758242644
|switch|p1a: ⚔️|Ceruledge, F, shiny|100/100
|-damage|p1a: ⚔️|76/100|[from] Stealth Rock
|turn|26
|inactive|TheTheyThemler has 120 seconds left.
|c|☆lushlopunny|can we speed it up brother
|inactive|TheTheyThemler has 90 seconds left.
|inactive|TheTheyThemler has 60 seconds left.
|
|t:|1758242754
|move|p1a: ⚔️|Shadow Sneak|p2a: Enamorus
|-damage|p2a: Enamorus|0 fnt
|-damage|p1a: ⚔️|59/100|[from] item: Rocky Helmet|[of] p2a: Enamorus
|faint|p2a: Enamorus
|
|-heal|p1a: ⚔️|65/100|[from] item: Leftovers
|upkeep
|
|t:|1758242761
|switch|p2a: Gholdengo|Gholdengo, shiny|100/100
|-damage|p2a: Gholdengo|94/100|[from] Stealth Rock
|-item|p2a: Gholdengo|Air Balloon
|turn|27
|inactive|TheTheyThemler has 30 seconds left.
|inactive|TheTheyThemler has 20 seconds left.
|inactive|TheTheyThemler has 15 seconds left.
|inactive|TheTheyThemler has 10 seconds left.
|
|t:|1758242813
|move|p1a: ⚔️|Shadow Sneak|p2a: Gholdengo
|-supereffective|p2a: Gholdengo
|-damage|p2a: Gholdengo|51/100
|-enditem|p2a: Gholdengo|Air Balloon
|move|p2a: Gholdengo|Make It Rain|p1a: ⚔️
|-resisted|p1a: ⚔️
|-damage|p1a: ⚔️|28/100
|-unboost|p2a: Gholdengo|spa|1
|
|-heal|p1a: ⚔️|35/100|[from] item: Leftovers
|upkeep
|turn|28
|inactive|TheTheyThemler has 20 seconds left this turn.
|
|t:|1758242830
|-terastallize|p2a: Gholdengo|Fairy
|move|p1a: ⚔️|Bitter Blade|p2a: Gholdengo
|-damage|p2a: Gholdengo|4/100
|-heal|p1a: ⚔️|65/100|[from] drain|[of] p2a: Gholdengo
|move|p2a: Gholdengo|Recover|p2a: Gholdengo
|-heal|p2a: Gholdengo|54/100
|
|-heal|p1a: ⚔️|71/100|[from] item: Leftovers
|upkeep
|turn|29
|inactive|TheTheyThemler has 30 seconds left this turn.
|
|t:|1758242843
|move|p1a: ⚔️|Bitter Blade|p2a: Gholdengo
|-damage|p2a: Gholdengo|8/100
|-heal|p1a: ⚔️|100/100|[from] drain|[of] p2a: Gholdengo
|move|p2a: Gholdengo|Thunder Wave|p1a: ⚔️
|-status|p1a: ⚔️|par
|
|upkeep
|turn|30
|inactive|TheTheyThemler has 30 seconds left.
|
|t:|1758242851
|move|p1a: ⚔️|Shadow Sneak|p2a: Gholdengo
|-damage|p2a: Gholdengo|0 fnt
|faint|p2a: Gholdengo
|
|win|TheTheyThemler
|raw|TheTheyThemler's rating: 1106 &rarr; <strong>1134</strong><br />(+28 for winning)
|raw|lushlopunny's rating: 1153 &rarr; <strong>1125</strong><br />(-28 for losing)
|c|☆lushlopunny|god youre weird
|l|☆TheTheyThemler
|player|p1|
|l|☆lushlopunny
|player|p2|
