|j|☆BM DIO
|j|☆Jonyko
|t:|1758337638
|gametype|singles
|player|p1|BM DIO|lance|
|player|p2|Jonyko|lucas-contest|
|gen|9
|tier|[Gen 9] OU
|rule|HP Percentage Mod: HP is shown in percentages
|rule|Endless Battle Clause: Forcing endless battles is banned
|rule|Species Clause: Limit one of each Pokémon
|rule|OHKO Clause: OHKO moves are banned
|rule|Evasion Items Clause: Evasion items are banned
|rule|Evasion Moves Clause: Evasion moves are banned
|rule|Evasion Abilities Clause: Evasion abilities are banned
|rule|Sleep Moves Clause: Sleep-inducing moves are banned
|clearpoke
|poke|p1|Dondozo, M|
|poke|p1|Blissey, F|
|poke|p1|Corviknight, M|
|poke|p1|Weezing-Galar, M|
|poke|p1|Gliscor, F|
|poke|p1|Toxapex, M|
|poke|p2|Ribombee, F|
|poke|p2|Rampardos, F|
|poke|p2|Rillaboom, F|
|poke|p2|Great Tusk|
|poke|p2|Gholdengo|
|poke|p2|Ceruledge, F|
|teampreview
|
|t:|1758337644
|teamsize|p1|6
|teamsize|p2|6
|start
|switch|p1a: Gliscor|Gliscor, F|100/100
|switch|p2a: Ra-wr|Rampardos, F, shiny|100/100
|-ability|p2a: Ra-wr|Mold Breaker
|turn|1
|
|t:|1758337652
|move|p2a: Ra-wr|Swords Dance|p2a: Ra-wr
|-boost|p2a: Ra-wr|atk|2
|move|p1a: Gliscor|Spikes|p2a: Ra-wr
|-sidestart|p2: Jonyko|Spikes
|
|-status|p1a: Gliscor|tox|[from] item: Toxic Orb
|upkeep
|turn|2
|
|t:|1758337662
|move|p1a: Gliscor|Protect|p1a: Gliscor
|-singleturn|p1a: Gliscor|Protect
|move|p2a: Ra-wr|Head Smash|p1a: Gliscor
|-activate|p1a: Gliscor|move: Protect
|
|upkeep
|turn|3
|
|t:|1758337685
|switch|p1a: Weezing|Weezing-Galar, M|100/100
|-ability|p1a: Weezing|Neutralizing Gas
|move|p2a: Ra-wr|Head Smash|p1a: Weezing
|-damage|p1a: Weezing|0 fnt
|faint|p1a: Weezing
|-end|p1a: Weezing|ability: Neutralizing Gas
|-ability|p2a: Ra-wr|Mold Breaker
|-damage|p2a: Ra-wr|51/100|[from] Recoil
|
|upkeep
|
|t:|1758337703
|switch|p1a: Dondozo|Dondozo, M|100/100
|turn|4
|
|t:|1758337706
|move|p2a: Ra-wr|Head Smash|p1a: Dondozo
|-crit|p1a: Dondozo
|-damage|p1a: Dondozo|0 fnt
|faint|p1a: Dondozo
|-damage|p2a: Ra-wr|0 fnt|[from] Recoil
|faint|p2a: Ra-wr
|
|upkeep
|c|☆Jonyko|Éso Rampardos 🗣️🔥
|
|t:|1758337731
|switch|p2a: Great Tusk|Great Tusk|100/100
|switch|p1a: Blissey|Blissey, F|100/100
|turn|5
|
|t:|1758337737
|move|p2a: Great Tusk|Body Press|p1a: Blissey
|-supereffective|p1a: Blissey
|-damage|p1a: Blissey|0 fnt
|faint|p1a: Blissey
|
|upkeep
|
|t:|1758337763
|switch|p1a: Gliscor|Gliscor, F|100/100 tox
|turn|6
|
|t:|1758337774
|move|p1a: Gliscor|Knock Off|p2a: Great Tusk
|-resisted|p2a: Great Tusk
|-damage|p2a: Great Tusk|95/100
|-enditem|p2a: Great Tusk|Heavy-Duty Boots|[from] move: Knock Off|[of] p1a: Gliscor
|move|p2a: Great Tusk|Taunt|p1a: Gliscor
|-start|p1a: Gliscor|move: Taunt
|
|upkeep
|turn|7
|
|t:|1758337783
|move|p1a: Gliscor|Earthquake|p2a: Great Tusk
|-damage|p2a: Great Tusk|78/100
|move|p2a: Great Tusk|Rapid Spin|p1a: Gliscor
|-crit|p1a: Gliscor
|-damage|p1a: Gliscor|83/100 tox
|-boost|p2a: Great Tusk|spe|1
|-sideend|p2: Jonyko|Spikes|[from] move: Rapid Spin|[of] p2a: Great Tusk
|
|-heal|p1a: Gliscor|96/100 tox|[from] ability: Poison Heal
|upkeep
|turn|8
|
|t:|1758337800
|-end|p2a: Great Tusk|Protosynthesis|[silent]
|switch|p2a: Ri|Ribombee, F|100/100
|switch|p1a: Toxapex|Toxapex, M|100/100
|
|upkeep
|turn|9
|
|t:|1758337807
|move|p2a: Ri|Stun Spore|p1a: Toxapex
|-status|p1a: Toxapex|par
|move|p1a: Toxapex|Toxic|p2a: Ri
|-status|p2a: Ri|tox
|
|-damage|p2a: Ri|94/100 tox|[from] psn
|upkeep
|turn|10
|
|t:|1758337815
|move|p2a: Ri|Psychic Noise|p1a: Toxapex
|-supereffective|p1a: Toxapex
|-damage|p1a: Toxapex|72/100 par
|-start|p1a: Toxapex|move: Heal Block
|move|p1a: Toxapex|Toxic Spikes|p2a: Ri
|-sidestart|p2: Jonyko|move: Toxic Spikes
|
|-damage|p2a: Ri|82/100 tox|[from] psn
|upkeep
|turn|11
|
|t:|1758337835
|switch|p1a: Corviknight|Corviknight, M|100/100
|-ability|p1a: Corviknight|Pressure
|move|p2a: Ri|Psychic Noise|p1a: Corviknight
|-resisted|p1a: Corviknight
|-crit|p1a: Corviknight
|-damage|p1a: Corviknight|85/100
|-start|p1a: Corviknight|move: Heal Block
|
|-damage|p2a: Ri|64/100 tox|[from] psn
|upkeep
|turn|12
|
|t:|1758337852
|switch|p2a: Great Tusk|Great Tusk|78/100
|-status|p2a: Great Tusk|psn
|move|p1a: Corviknight|Body Press|p2a: Great Tusk
|-damage|p2a: Great Tusk|67/100 psn
|
|-damage|p2a: Great Tusk|54/100 psn|[from] psn
|-end|p1a: Corviknight|move: Heal Block
|upkeep
|turn|13
|
|t:|1758337863
|move|p2a: Great Tusk|Rapid Spin|p1a: Corviknight
|-resisted|p1a: Corviknight
|-damage|p1a: Corviknight|81/100
|-boost|p2a: Great Tusk|spe|1
|-sideend|p2: Jonyko|Toxic Spikes|[from] move: Rapid Spin|[of] p2a: Great Tusk
|move|p1a: Corviknight|Iron Defense|p1a: Corviknight
|-boost|p1a: Corviknight|def|2
|
|-heal|p1a: Corviknight|87/100|[from] item: Leftovers
|-damage|p2a: Great Tusk|42/100 psn|[from] psn
|upkeep
|turn|14
|
|t:|1758337876
|-end|p2a: Great Tusk|Protosynthesis|[silent]
|switch|p2a: Ceruledge|Ceruledge, F, shiny|100/100
|move|p1a: Corviknight|Body Press|p2a: Ceruledge
|-immune|p2a: Ceruledge
|
|-heal|p1a: Corviknight|93/100|[from] item: Leftovers
|upkeep
|turn|15
|
|t:|1758337892
|switch|p1a: Toxapex|Toxapex, M|100/100 par
|move|p2a: Ceruledge|Bulk Up|p2a: Ceruledge
|-boost|p2a: Ceruledge|atk|1
|-boost|p2a: Ceruledge|def|1
|
|upkeep
|turn|16
|
|t:|1758337899
|move|p2a: Ceruledge|Taunt|p1a: Toxapex
|-start|p1a: Toxapex|move: Taunt
|cant|p1a: Toxapex|move: Taunt|Toxic
|
|upkeep
|turn|17
|
|t:|1758337909
|switch|p1a: Gliscor|Gliscor, F|96/100 tox
|move|p2a: Ceruledge|Bulk Up|p2a: Ceruledge
|-boost|p2a: Ceruledge|atk|1
|-boost|p2a: Ceruledge|def|1
|
|-heal|p1a: Gliscor|100/100 tox|[from] ability: Poison Heal
|upkeep
|turn|18
|
|t:|1758337919
|move|p1a: Gliscor|Protect|p1a: Gliscor
|-singleturn|p1a: Gliscor|Protect
|move|p2a: Ceruledge|Bulk Up|p2a: Ceruledge
|-boost|p2a: Ceruledge|atk|1
|-boost|p2a: Ceruledge|def|1
|
|upkeep
|turn|19
|
|t:|1758337926
|switch|p1a: Toxapex|Toxapex, M|100/100 par
|move|p2a: Ceruledge|Bulk Up|p2a: Ceruledge
|-boost|p2a: Ceruledge|atk|1
|-boost|p2a: Ceruledge|def|1
|
|upkeep
|turn|20
|
|t:|1758337934
|move|p2a: Ceruledge|Taunt|p1a: Toxapex
|-start|p1a: Toxapex|move: Taunt
|cant|p1a: Toxapex|move: Taunt|Haze
|
|upkeep
|turn|21
|
|t:|1758337941
|move|p2a: Ceruledge|Bulk Up|p2a: Ceruledge
|-boost|p2a: Ceruledge|atk|1
|-boost|p2a: Ceruledge|def|1
|cant|p1a: Toxapex|par
|
|upkeep
|turn|22
|
|t:|1758337947
|move|p2a: Ceruledge|Bulk Up|p2a: Ceruledge
|-boost|p2a: Ceruledge|atk|1
|-boost|p2a: Ceruledge|def|1
|-activate|p1a: Toxapex|move: Struggle
|move|p1a: Toxapex|Struggle|p2a: Ceruledge
|-damage|p2a: Ceruledge|99/100
|-damage|p1a: Toxapex|75/100 par|[from] recoil
|
|-heal|p1a: Toxapex|82/100 par|[from] item: Leftovers
|-end|p1a: Toxapex|move: Taunt
|upkeep
|turn|23
|
|t:|1758337961
|move|p2a: Ceruledge|Taunt|p1a: Toxapex
|-start|p1a: Toxapex|move: Taunt
|cant|p1a: Toxapex|move: Taunt|Haze
|
|-heal|p1a: Toxapex|88/100 par|[from] item: Leftovers
|upkeep
|turn|24
|
|t:|1758337968
|-terastallize|p2a: Ceruledge|Fire
|move|p2a: Ceruledge|Bitter Blade|p1a: Toxapex
|-resisted|p1a: Toxapex
|-damage|p1a: Toxapex|11/100 par
|-heal|p2a: Ceruledge|100/100|[from] drain|[of] p1a: Toxapex
|cant|p1a: Toxapex|par
|
|-heal|p1a: Toxapex|17/100 par|[from] item: Leftovers
|upkeep
|turn|25
|
|t:|1758337978
|move|p2a: Ceruledge|Bitter Blade|p1a: Toxapex
|-resisted|p1a: Toxapex
|-damage|p1a: Toxapex|0 fnt
|faint|p1a: Toxapex
|
|upkeep
|c|☆Jonyko|Y todavía lo aguanta
|
|t:|1758337984
|switch|p1a: Corviknight|Corviknight, M|93/100
|-ability|p1a: Corviknight|Pressure
|turn|26
|
|t:|1758337992
|move|p2a: Ceruledge|Bitter Blade|p1a: Corviknight
|-supereffective|p1a: Corviknight
|-damage|p1a: Corviknight|0 fnt
|faint|p1a: Corviknight
|
|upkeep
|
|t:|1758337997
|switch|p1a: Gliscor|Gliscor, F|100/100 tox
|turn|27
|
|t:|1758338001
|move|p1a: Gliscor|Protect|p1a: Gliscor
|-singleturn|p1a: Gliscor|Protect
|move|p2a: Ceruledge|Bitter Blade|p1a: Gliscor
|-activate|p1a: Gliscor|move: Protect
|
|upkeep
|turn|28
|
|t:|1758338008
|move|p1a: Gliscor|Protect||[still]
|-fail|p1a: Gliscor
|move|p2a: Ceruledge|Bitter Blade|p1a: Gliscor
|-damage|p1a: Gliscor|0 fnt
|faint|p1a: Gliscor
|
|win|Jonyko
|l|☆BM DIO
|player|p1|
