|j|☆MrCooke510
|j|☆mappy621
|t:|1758257844
|gametype|singles
|player|p1|MrCooke510|1|1286
|player|p2|mappy621|266|1291
|gen|9
|tier|[Gen 9] OU
|rated|
|rule|HP Percentage Mod: HP is shown in percentages
|rule|Endless Battle Clause: Forcing endless battles is banned
|rule|Species Clause: Limit one of each Pokémon
|rule|OHKO Clause: OHKO moves are banned
|rule|Evasion Items Clause: Evasion items are banned
|rule|Evasion Moves Clause: Evasion moves are banned
|rule|Evasion Abilities Clause: Evasion abilities are banned
|rule|Sleep Moves Clause: Sleep-inducing moves are banned
|clearpoke
|poke|p1|Quaquaval, F|
|poke|p1|Corviknight, M|
|poke|p1|Samurott-Hisui, M|
|poke|p1|Cinderace, M|
|poke|p1|Gliscor, F|
|poke|p1|Raikou|
|poke|p2|Ninetales, M|
|poke|p2|Walking Wake|
|poke|p2|Great Tusk|
|poke|p2|Raging Bolt|
|poke|p2|Weezing-Galar, M|
|poke|p2|Dragapult, F|
|teampreview
|inactive|Battle timer is ON: inactive players will automatically lose when time's up. (requested by MrCooke510)
|
|t:|1758257864
|teamsize|p1|6
|teamsize|p2|6
|start
|switch|p1a: Raikou|Raikou|100/100
|switch|p2a: Dragapult|Dragapult, F|100/100
|turn|1
|
|t:|1758257883
|move|p2a: Dragapult|Dragon Darts|p1a: Raikou
|-crit|p1a: Raikou
|-damage|p1a: Raikou|15/100
|-anim|p2a: Dragapult|Dragon Darts|p1a: Raikou
|-damage|p1a: Raikou|0 fnt
|faint|p1a: Raikou
|
|upkeep
|
|t:|1758257890
|switch|p1a: Samurott|Samurott-Hisui, M|100/100
|turn|2
|
|t:|1758257895
|move|p2a: Dragapult|Dragon Darts|p1a: Samurott
|-damage|p1a: Samurott|63/100
|-anim|p2a: Dragapult|Dragon Darts|p1a: Samurott
|-damage|p1a: Samurott|25/100
|move|p1a: Samurott|Ceaseless Edge|p2a: Dragapult
|-supereffective|p2a: Dragapult
|-damage|p2a: Dragapult|0 fnt
|-sidestart|p2: mappy621|Spikes
|faint|p2a: Dragapult
|
|upkeep
|
|t:|1758257914
|switch|p2a: Weezing|Weezing-Galar, M|100/100
|-ability|p2a: Weezing|Neutralizing Gas
|-damage|p2a: Weezing|88/100|[from] Spikes
|turn|3
|
|t:|1758257927
|move|p1a: Samurott|Aqua Cutter|p2a: Weezing
|-damage|p2a: Weezing|61/100
|move|p2a: Weezing|Strange Steam|p1a: Samurott
|-supereffective|p1a: Samurott
|-damage|p1a: Samurott|0 fnt
|faint|p1a: Samurott
|
|upkeep
|
|t:|1758257941
|switch|p1a: Cinderace|Cinderace, M|100/100
|turn|4
|
|t:|1758257950
|move|p1a: Cinderace|Pyro Ball|p2a: Weezing
|-damage|p2a: Weezing|0 fnt
|faint|p2a: Weezing
|-end|p2a: Weezing|ability: Neutralizing Gas
|
|upkeep
|
|t:|1758257956
|switch|p2a: Ninetales|Ninetales, M|100/100
|-damage|p2a: Ninetales|88/100|[from] Spikes
|-weather|SunnyDay|[from] ability: Drought|[of] p2a: Ninetales
|turn|5
|
|t:|1758257961
|switch|p2a: Walking Wake|Walking Wake|100/100
|-damage|p2a: Walking Wake|88/100|[from] Spikes
|-activate|p2a: Walking Wake|ability: Protosynthesis
|-start|p2a: Walking Wake|protosynthesisspa
|move|p1a: Cinderace|Pyro Ball|p2a: Walking Wake
|-resisted|p2a: Walking Wake
|-damage|p2a: Walking Wake|47/100
|
|-weather|SunnyDay|[upkeep]
|upkeep
|turn|6
|
|t:|1758257977
|switch|p1a: Corviknight|Corviknight, M|100/100
|move|p2a: Walking Wake|Hydro Steam|p1a: Corviknight
|-damage|p1a: Corviknight|0 fnt
|faint|p1a: Corviknight
|-damage|p2a: Walking Wake|37/100|[from] item: Life Orb
|
|-weather|SunnyDay|[upkeep]
|upkeep
|inactive|MrCooke510 has 120 seconds left.
|
|t:|1758258007
|switch|p1a: Gliscor|Gliscor, F|100/100
|turn|7
|inactive|MrCooke510 has 120 seconds left.
|
|t:|1758258019
|-end|p2a: Walking Wake|Protosynthesis|[silent]
|switch|p2a: Great Tusk|Great Tusk|100/100
|-damage|p2a: Great Tusk|88/100|[from] Spikes
|-activate|p2a: Great Tusk|ability: Protosynthesis
|-start|p2a: Great Tusk|protosynthesisspe
|-terastallize|p1a: Gliscor|Poison
|move|p1a: Gliscor|Earthquake|p2a: Great Tusk
|-damage|p2a: Great Tusk|63/100
|
|-weather|SunnyDay|[upkeep]
|upkeep
|turn|8
|inactive|MrCooke510 has 120 seconds left.
|
|t:|1758258032
|move|p2a: Great Tusk|Earthquake|p1a: Gliscor
|-supereffective|p1a: Gliscor
|-damage|p1a: Gliscor|0 fnt
|faint|p1a: Gliscor
|-damage|p2a: Great Tusk|53/100|[from] item: Life Orb
|
|-weather|SunnyDay|[upkeep]
|upkeep
|
|t:|1758258042
|switch|p1a: Cinderace|Cinderace, M|100/100
|turn|9
|
|t:|1758258052
|move|p2a: Great Tusk|Earthquake|p1a: Cinderace
|-supereffective|p1a: Cinderace
|-damage|p1a: Cinderace|0 fnt
|faint|p1a: Cinderace
|-damage|p2a: Great Tusk|43/100|[from] item: Life Orb
|
|-weather|SunnyDay|[upkeep]
|upkeep
|inactive|MrCooke510 has 120 seconds left.
|
|t:|1758258064
|switch|p1a: Quaquaval|Quaquaval, F|100/100
|turn|10
|
|t:|1758258070
|move|p2a: Great Tusk|Close Combat|p1a: Quaquaval
|-damage|p1a: Quaquaval|17/100
|-unboost|p2a: Great Tusk|def|1
|-unboost|p2a: Great Tusk|spd|1
|-damage|p2a: Great Tusk|33/100|[from] item: Life Orb
|move|p1a: Quaquaval|Aqua Step|p2a: Great Tusk
|-supereffective|p2a: Great Tusk
|-damage|p2a: Great Tusk|0 fnt
|-boost|p1a: Quaquaval|spe|1
|faint|p2a: Great Tusk
|-end|p2a: Great Tusk|Protosynthesis|[silent]
|-ability|p1a: Quaquaval|Moxie|boost
|-boost|p1a: Quaquaval|atk|1
|-damage|p1a: Quaquaval|8/100|[from] item: Life Orb
|
|-weather|SunnyDay|[upkeep]
|upkeep
|
|t:|1758258077
|switch|p2a: Raging Bolt|Raging Bolt|100/100
|-damage|p2a: Raging Bolt|88/100|[from] Spikes
|-activate|p2a: Raging Bolt|ability: Protosynthesis
|-start|p2a: Raging Bolt|protosynthesisspa
|turn|11
|-message|MrCooke510 forfeited.
|
|win|mappy621
|raw|MrCooke510's rating: 1286 &rarr; <strong>1261</strong><br />(-25 for losing)
|raw|mappy621's rating: 1291 &rarr; <strong>1316</strong><br />(+25 for winning)
|l|☆MrCooke510
|player|p1|
|l|☆mappy621
|player|p2|
