|j|☆Nickthenickthenick
|j|☆LovingsFavPupil
|t:|1758283619
|gametype|singles
|player|p1|Nickthenickthenick|102|1340
|player|p2|LovingsFavPupil|102|1250
|gen|9
|tier|[Gen 9] OU
|rated|
|rule|HP Percentage Mod: HP is shown in percentages
|rule|Endless Battle Clause: Forcing endless battles is banned
|rule|Species Clause: Limit one of each Pokémon
|rule|OHKO Clause: OHKO moves are banned
|rule|Evasion Items Clause: Evasion items are banned
|rule|Evasion Moves Clause: Evasion moves are banned
|rule|Evasion Abilities Clause: Evasion abilities are banned
|rule|Sleep Moves Clause: Sleep-inducing moves are banned
|clearpoke
|poke|p1|Tyranitar, F|
|poke|p1|Sandslash, F|
|poke|p1|Excadrill, F|
|poke|p1|Houndstone, M|
|poke|p1|Gastrodon, M|
|poke|p1|Iron Moth|
|poke|p2|Alomomola, M|
|poke|p2|Hoopa-Unbound|
|poke|p2|Cinderace, M|
|poke|p2|Dragapult, F|
|poke|p2|Great Tusk|
|poke|p2|Iron Valiant|
|teampreview
|inactive|Battle timer is ON: inactive players will automatically lose when time's up. (requested by LovingsFavPupil)
|
|t:|1758283631
|teamsize|p1|6
|teamsize|p2|6
|start
|switch|p1a: Tyranitar|Tyranitar, F|100/100
|switch|p2a: Alomomola|Alomomola, M|100/100
|-weather|Sandstorm|[from] ability: Sand Stream|[of] p1a: Tyranitar
|turn|1
|
|t:|1758283639
|move|p2a: Alomomola|Scald|p1a: Tyranitar
|-supereffective|p1a: Tyranitar
|-damage|p1a: Tyranitar|90/100
|move|p1a: Tyranitar|Stealth Rock|p2a: Alomomola
|-sidestart|p2: LovingsFavPupil|move: Stealth Rock
|
|-weather|Sandstorm|[upkeep]
|-damage|p2a: Alomomola|94/100|[from] Sandstorm
|upkeep
|turn|2
|
|t:|1758283648
|move|p2a: Alomomola|Flip Turn|p1a: Tyranitar
|-supereffective|p1a: Tyranitar
|-damage|p1a: Tyranitar|64/100
|
|t:|1758283652
|switch|p2a: Great Tusk|Great Tusk|100/100|[from] Flip Turn
|move|p1a: Tyranitar|Knock Off|p2a: Great Tusk
|-resisted|p2a: Great Tusk
|-damage|p2a: Great Tusk|85/100
|-enditem|p2a: Great Tusk|Heavy-Duty Boots|[from] move: Knock Off|[of] p1a: Tyranitar
|
|-weather|Sandstorm|[upkeep]
|upkeep
|turn|3
|
|t:|1758283666
|switch|p1a: Houndstone|Houndstone, M|100/100
|move|p2a: Great Tusk|Stealth Rock|p1a: Houndstone
|-sidestart|p1: Nickthenickthenick|move: Stealth Rock
|
|-weather|Sandstorm|[upkeep]
|upkeep
|turn|4
|inactive|LovingsFavPupil has 120 seconds left.
|
|t:|1758283696
|move|p1a: Houndstone|Psychic Fangs|p2a: Great Tusk
|-supereffective|p2a: Great Tusk
|-damage|p2a: Great Tusk|42/100
|move|p2a: Great Tusk|Headlong Rush|p1a: Houndstone
|-damage|p1a: Houndstone|28/100
|-unboost|p2a: Great Tusk|def|1
|-unboost|p2a: Great Tusk|spd|1
|
|-weather|Sandstorm|[upkeep]
|upkeep
|turn|5
|inactive|LovingsFavPupil has 120 seconds left.
|
|t:|1758283711
|-end|p2a: Great Tusk|Protosynthesis|[silent]
|switch|p2a: Dragapult|Dragapult, F|100/100
|-damage|p2a: Dragapult|88/100|[from] Stealth Rock
|move|p1a: Houndstone|Psychic Fangs|p2a: Dragapult
|-damage|p2a: Dragapult|50/100
|
|-weather|Sandstorm|[upkeep]
|-damage|p2a: Dragapult|44/100|[from] Sandstorm
|upkeep
|turn|6
|inactive|LovingsFavPupil has 120 seconds left.
|
|t:|1758283725
|move|p1a: Houndstone|Play Rough|p2a: Dragapult|[miss]
|-miss|p1a: Houndstone|p2a: Dragapult
|move|p2a: Dragapult|Dragon Darts|p1a: Houndstone
|-damage|p1a: Houndstone|0 fnt
|faint|p1a: Houndstone
|
|-weather|Sandstorm|[upkeep]
|-damage|p2a: Dragapult|38/100|[from] Sandstorm
|upkeep
|
|t:|1758283739
|switch|p1a: Sandslash|Sandslash, F|100/100
|-damage|p1a: Sandslash|94/100|[from] Stealth Rock
|turn|7
|
|t:|1758283746
|switch|p2a: Alomomola|Alomomola, M|100/100
|-damage|p2a: Alomomola|88/100|[from] Stealth Rock
|move|p1a: Sandslash|Earthquake|p2a: Alomomola
|-damage|p2a: Alomomola|52/100
|-damage|p1a: Sandslash|84/100|[from] item: Life Orb
|
|-weather|Sandstorm|[upkeep]
|-damage|p2a: Alomomola|46/100|[from] Sandstorm
|upkeep
|turn|8
|
|t:|1758283758
|move|p1a: Sandslash|Rapid Spin|p2a: Alomomola
|-damage|p2a: Alomomola|35/100
|-boost|p1a: Sandslash|spe|1
|-damage|p1a: Sandslash|68/100|[from] item: Rocky Helmet|[of] p2a: Alomomola
|-sideend|p1: Nickthenickthenick|Stealth Rock|[from] move: Rapid Spin|[of] p1a: Sandslash
|-damage|p1a: Sandslash|58/100|[from] item: Life Orb
|move|p2a: Alomomola|Wish|p2a: Alomomola
|
|-weather|none
|upkeep
|turn|9
|
|t:|1758283768
|switch|p1a: Tyranitar|Tyranitar, F|64/100
|-weather|Sandstorm|[from] ability: Sand Stream|[of] p1a: Tyranitar
|move|p2a: Alomomola|Tickle|p1a: Tyranitar
|-unboost|p1a: Tyranitar|atk|1
|-unboost|p1a: Tyranitar|def|1
|
|-weather|Sandstorm|[upkeep]
|-damage|p2a: Alomomola|29/100|[from] Sandstorm
|-heal|p2a: Alomomola|79/100|[from] move: Wish|[wisher] Alomomola
|upkeep
|turn|10
|
|t:|1758283788
|switch|p1a: Gastrodon|Gastrodon, M|100/100
|move|p2a: Alomomola|Wish|p2a: Alomomola
|
|-weather|Sandstorm|[upkeep]
|-damage|p2a: Alomomola|73/100|[from] Sandstorm
|upkeep
|turn|11
|
|t:|1758283808
|move|p2a: Alomomola|Flip Turn|p1a: Gastrodon
|-damage|p1a: Gastrodon|84/100
|inactive|LovingsFavPupil has 120 seconds left.
|
|t:|1758283830
|switch|p2a: Great Tusk|Great Tusk|42/100|[from] Flip Turn
|-damage|p2a: Great Tusk|39/100|[from] Stealth Rock
|move|p1a: Gastrodon|Sludge Wave|p2a: Great Tusk
|-resisted|p2a: Great Tusk
|-damage|p2a: Great Tusk|18/100
|
|-weather|Sandstorm|[upkeep]
|-heal|p2a: Great Tusk|90/100|[from] move: Wish|[wisher] Alomomola
|-heal|p1a: Gastrodon|90/100|[from] item: Leftovers
|upkeep
|turn|12
|inactive|LovingsFavPupil has 120 seconds left.
|
|t:|1758283844
|move|p2a: Great Tusk|Stealth Rock|p1a: Gastrodon
|-sidestart|p1: Nickthenickthenick|move: Stealth Rock
|move|p1a: Gastrodon|Surf|p2a: Great Tusk
|-supereffective|p2a: Great Tusk
|-damage|p2a: Great Tusk|0 fnt
|faint|p2a: Great Tusk
|-end|p2a: Great Tusk|Protosynthesis|[silent]
|
|-weather|Sandstorm|[upkeep]
|-heal|p1a: Gastrodon|96/100|[from] item: Leftovers
|upkeep
|
|t:|1758283855
|switch|p2a: Hoopa|Hoopa-Unbound|100/100
|-damage|p2a: Hoopa|88/100|[from] Stealth Rock
|turn|13
|
|t:|1758283869
|move|p2a: Hoopa|Psychic Noise|p1a: Gastrodon
|-damage|p1a: Gastrodon|50/100
|-start|p1a: Gastrodon|move: Heal Block
|move|p1a: Gastrodon|Sludge Wave|p2a: Hoopa
|-damage|p2a: Hoopa|74/100
|
|-weather|Sandstorm|[upkeep]
|-damage|p2a: Hoopa|68/100|[from] Sandstorm
|upkeep
|turn|14
|
|t:|1758283885
|switch|p1a: Sandslash|Sandslash, F|58/100
|-damage|p1a: Sandslash|52/100|[from] Stealth Rock
|move|p2a: Hoopa|Psychic Noise|p1a: Sandslash
|-damage|p1a: Sandslash|0 fnt
|faint|p1a: Sandslash
|
|-weather|Sandstorm|[upkeep]
|-damage|p2a: Hoopa|62/100|[from] Sandstorm
|upkeep
|
|t:|1758283895
|switch|p1a: Excadrill|Excadrill, F|100/100
|-damage|p1a: Excadrill|97/100|[from] Stealth Rock
|-item|p1a: Excadrill|Air Balloon
|turn|15
|
|t:|1758283905
|move|p1a: Excadrill|Rapid Spin|p2a: Hoopa
|-damage|p2a: Hoopa|40/100
|-boost|p1a: Excadrill|spe|1
|-sideend|p1: Nickthenickthenick|Stealth Rock|[from] move: Rapid Spin|[of] p1a: Excadrill
|move|p2a: Hoopa|Drain Punch|p1a: Excadrill
|-supereffective|p1a: Excadrill
|-damage|p1a: Excadrill|27/100
|-heal|p2a: Hoopa|75/100|[from] drain|[of] p1a: Excadrill
|-enditem|p1a: Excadrill|Air Balloon
|
|-weather|Sandstorm|[upkeep]
|-damage|p2a: Hoopa|69/100|[from] Sandstorm
|upkeep
|turn|16
|
|t:|1758283918
|move|p1a: Excadrill|Earthquake|p2a: Hoopa
|-damage|p2a: Hoopa|9/100
|move|p2a: Hoopa|Drain Punch|p1a: Excadrill
|-supereffective|p1a: Excadrill
|-damage|p1a: Excadrill|0 fnt
|-heal|p2a: Hoopa|22/100|[from] drain|[of] p1a: Excadrill
|faint|p1a: Excadrill
|
|-weather|none
|upkeep
|
|t:|1758283928
|switch|p1a: Tyranitar|Tyranitar, F|64/100
|-weather|Sandstorm|[from] ability: Sand Stream|[of] p1a: Tyranitar
|turn|17
|inactive|LovingsFavPupil has 120 seconds left.
|
|t:|1758283936
|switch|p2a: Alomomola|Alomomola, M|100/100
|-damage|p2a: Alomomola|88/100|[from] Stealth Rock
|move|p1a: Tyranitar|Knock Off|p2a: Alomomola
|-damage|p2a: Alomomola|65/100
|-damage|p1a: Tyranitar|47/100|[from] item: Rocky Helmet|[of] p2a: Alomomola
|-enditem|p2a: Alomomola|Rocky Helmet|[from] move: Knock Off|[of] p1a: Tyranitar
|
|-weather|Sandstorm|[upkeep]
|-damage|p2a: Alomomola|58/100|[from] Sandstorm
|upkeep
|turn|18
|inactive|LovingsFavPupil has 120 seconds left.
|
|t:|1758283949
|switch|p1a: Gastrodon|Gastrodon, M|50/100
|move|p2a: Alomomola|Wish|p2a: Alomomola
|
|-weather|Sandstorm|[upkeep]
|-damage|p2a: Alomomola|52/100|[from] Sandstorm
|-heal|p1a: Gastrodon|57/100|[from] item: Leftovers
|upkeep
|turn|19
|inactive|LovingsFavPupil has 120 seconds left.
|
|t:|1758283964
|move|p2a: Alomomola|Tickle|p1a: Gastrodon
|-unboost|p1a: Gastrodon|atk|1
|-unboost|p1a: Gastrodon|def|1
|move|p1a: Gastrodon|Sludge Wave|p2a: Alomomola
|-damage|p2a: Alomomola|20/100
|
|-weather|Sandstorm|[upkeep]
|-damage|p2a: Alomomola|14/100|[from] Sandstorm
|-heal|p2a: Alomomola|64/100|[from] move: Wish|[wisher] Alomomola
|-heal|p1a: Gastrodon|63/100|[from] item: Leftovers
|upkeep
|turn|20
|inactive|LovingsFavPupil has 120 seconds left.
|
|t:|1758283976
|move|p2a: Alomomola|Wish|p2a: Alomomola
|move|p1a: Gastrodon|Sludge Wave|p2a: Alomomola
|-damage|p2a: Alomomola|33/100
|
|-weather|Sandstorm|[upkeep]
|-damage|p2a: Alomomola|26/100|[from] Sandstorm
|-heal|p1a: Gastrodon|69/100|[from] item: Leftovers
|upkeep
|turn|21
|inactive|LovingsFavPupil has 120 seconds left.
|
|t:|1758283996
|move|p2a: Alomomola|Scald|p1a: Gastrodon
|-damage|p1a: Gastrodon|55/100
|move|p1a: Gastrodon|Sludge Wave|p2a: Alomomola
|-damage|p2a: Alomomola|0 fnt
|faint|p2a: Alomomola
|
|-weather|Sandstorm|[upkeep]
|-heal|p1a: Gastrodon|61/100|[from] item: Leftovers
|upkeep
|
|t:|1758284011
|switch|p2a: Iron Valiant|Iron Valiant|100/100
|-damage|p2a: Iron Valiant|94/100|[from] Stealth Rock
|turn|22
|
|t:|1758284023
|move|p2a: Iron Valiant|Shadow Ball|p1a: Gastrodon
|-damage|p1a: Gastrodon|21/100
|move|p1a: Gastrodon|Sludge Wave|p2a: Iron Valiant
|-supereffective|p2a: Iron Valiant
|-damage|p2a: Iron Valiant|4/100
|
|-weather|Sandstorm|[upkeep]
|-damage|p2a: Iron Valiant|0 fnt|[from] Sandstorm
|faint|p2a: Iron Valiant
|-end|p2a: Iron Valiant|Quark Drive|[silent]
|-heal|p1a: Gastrodon|27/100|[from] item: Leftovers
|upkeep
|
|t:|1758284037
|switch|p2a: Hoopa|Hoopa-Unbound|22/100
|-damage|p2a: Hoopa|10/100|[from] Stealth Rock
|turn|23
|
|t:|1758284049
|move|p2a: Hoopa|Psychic Noise|p1a: Gastrodon
|-damage|p1a: Gastrodon|0 fnt
|faint|p1a: Gastrodon
|
|-weather|Sandstorm|[upkeep]
|-damage|p2a: Hoopa|4/100|[from] Sandstorm
|upkeep
|
|t:|1758284061
|switch|p1a: Iron Moth|Iron Moth|100/100
|-enditem|p1a: Iron Moth|Booster Energy
|-activate|p1a: Iron Moth|ability: Quark Drive|[fromitem]
|-start|p1a: Iron Moth|quarkdrivespe
|turn|24
|
|t:|1758284069
|move|p1a: Iron Moth|Fiery Dance|p2a: Hoopa
|-damage|p2a: Hoopa|0 fnt
|faint|p2a: Hoopa
|
|-weather|none
|upkeep
|
|t:|1758284077
|switch|p2a: Dragapult|Dragapult, F|38/100
|-damage|p2a: Dragapult|25/100|[from] Stealth Rock
|turn|25
|
|t:|1758284089
|-terastallize|p2a: Dragapult|Dragon
|move|p1a: Iron Moth|Dazzling Gleam|p2a: Dragapult
|-supereffective|p2a: Dragapult
|-damage|p2a: Dragapult|0 fnt
|faint|p2a: Dragapult
|
|upkeep
|
|t:|1758284096
|switch|p2a: Cinderace|Cinderace, M|100/100
|turn|26
|
|t:|1758284117
|move|p2a: Cinderace|Sucker Punch|p1a: Iron Moth
|-start|p2a: Cinderace|typechange|Dark|[from] ability: Libero
|-damage|p1a: Iron Moth|44/100
|move|p1a: Iron Moth|Sludge Wave|p2a: Cinderace
|-damage|p2a: Cinderace|27/100
|
|upkeep
|turn|27
|
|t:|1758284124
|-end|p1a: Iron Moth|Quark Drive|[silent]
|switch|p1a: Tyranitar|Tyranitar, F|47/100
|-weather|Sandstorm|[from] ability: Sand Stream|[of] p1a: Tyranitar
|move|p2a: Cinderace|Sucker Punch||[still]
|-fail|p2a: Cinderace
|
|-weather|Sandstorm|[upkeep]
|-damage|p2a: Cinderace|21/100|[from] Sandstorm
|upkeep
|turn|28
|
|t:|1758284136
|move|p2a: Cinderace|Sucker Punch|p1a: Tyranitar
|-resisted|p1a: Tyranitar
|-damage|p1a: Tyranitar|34/100
|move|p1a: Tyranitar|Stone Edge|p2a: Cinderace|[miss]
|-miss|p1a: Tyranitar|p2a: Cinderace
|
|-weather|Sandstorm|[upkeep]
|-damage|p2a: Cinderace|15/100|[from] Sandstorm
|upkeep
|turn|29
|
|t:|1758284145
|move|p2a: Cinderace|Sucker Punch|p1a: Tyranitar
|-resisted|p1a: Tyranitar
|-damage|p1a: Tyranitar|22/100
|move|p1a: Tyranitar|Ice Beam|p2a: Cinderace
|-damage|p2a: Cinderace|0 fnt
|faint|p2a: Cinderace
|
|win|Nickthenickthenick
|raw|Nickthenickthenick's rating: 1340 &rarr; <strong>1355</strong><br />(+15 for winning)
|raw|LovingsFavPupil's rating: 1250 &rarr; <strong>1231</strong><br />(-19 for losing)
|l|☆LovingsFavPupil
|player|p2|
