|j|☆michaelgoalise
|j|☆TrialNdErr0r
|t:|1758293498
|gametype|singles
|player|p1|michaelgoalise|1|1708
|player|p2|TrialNdErr0r|169|1726
|gen|9
|tier|[Gen 9] OU
|rated|
|rule|HP Percentage Mod: HP is shown in percentages
|rule|Endless Battle Clause: Forcing endless battles is banned
|rule|Species Clause: Limit one of each Pokémon
|rule|OHKO Clause: OHKO moves are banned
|rule|Evasion Items Clause: Evasion items are banned
|rule|Evasion Moves Clause: Evasion moves are banned
|rule|Evasion Abilities Clause: Evasion abilities are banned
|rule|Sleep Moves Clause: Sleep-inducing moves are banned
|clearpoke
|poke|p1|Empoleon, M|
|poke|p1|Rillaboom, F|
|poke|p1|Raging Bolt|
|poke|p1|Great Tusk|
|poke|p1|Gliscor, F|
|poke|p1|Darkrai|
|poke|p2|Zamazenta-*|
|poke|p2|Kingambit, M|
|poke|p2|Rotom-Wash|
|poke|p2|Garchomp, M|
|poke|p2|Cinderace, M|
|poke|p2|Pecharunt|
|teampreview
|inactive|Battle timer is ON: inactive players will automatically lose when time's up. (requested by TrialNdErr0r)
|j| Rieslingt
|inactive|michaelgoalise has 120 seconds left.
|inactive|michaelgoalise has 90 seconds left.
|
|t:|1758293582
|teamsize|p1|6
|teamsize|p2|6
|start
|switch|p1a: Rillaboom|Rillaboom, F|100/100
|switch|p2a: Rotom|Rotom-Wash|100/100
|-fieldstart|move: Grassy Terrain|[from] ability: Grassy Surge|[of] p1a: Rillaboom
|turn|1
|
|t:|1758293595
|switch|p2a: Pecharunt|Pecharunt|100/100
|move|p1a: Rillaboom|Knock Off|p2a: Pecharunt
|-supereffective|p2a: Pecharunt
|-damage|p2a: Pecharunt|45/100
|-enditem|p2a: Pecharunt|Heavy-Duty Boots|[from] move: Knock Off|[of] p1a: Rillaboom
|
|-heal|p2a: Pecharunt|51/100|[from] Grassy Terrain
|upkeep
|turn|2
|inactive|michaelgoalise has 120 seconds left.
|
|t:|1758293624
|switch|p1a: Gliscor|Gliscor, F|100/100
|move|p2a: Pecharunt|Recover|p2a: Pecharunt
|-heal|p2a: Pecharunt|100/100
|
|-status|p1a: Gliscor|tox|[from] item: Toxic Orb
|upkeep
|turn|3
|inactive|michaelgoalise has 120 seconds left.
|
|t:|1758293646
|switch|p1a: Empoleon|Empoleon, M|100/100
|move|p2a: Pecharunt|Parting Shot|p1a: Empoleon
|-unboost|p1a: Empoleon|atk|1
|-ability|p1a: Empoleon|Competitive|boost
|-boost|p1a: Empoleon|spa|2
|-unboost|p1a: Empoleon|spa|1
|-ability|p1a: Empoleon|Competitive|boost
|-boost|p1a: Empoleon|spa|2
|l| Rieslingt
|inactive|TrialNdErr0r has 120 seconds left.
|
|t:|1758293677
|switch|p2a: Zamazenta|Zamazenta, shiny|100/100|[from] Parting Shot
|-ability|p2a: Zamazenta|Dauntless Shield|boost
|-boost|p2a: Zamazenta|def|1
|
|upkeep
|turn|4
|inactive|michaelgoalise has 120 seconds left.
|
|t:|1758293684
|switch|p1a: Gliscor|Gliscor, F|100/100 tox
|move|p2a: Zamazenta|Close Combat|p1a: Gliscor
|-resisted|p1a: Gliscor
|-crit|p1a: Gliscor
|-damage|p1a: Gliscor|72/100 tox
|-unboost|p2a: Zamazenta|def|1
|-unboost|p2a: Zamazenta|spd|1
|
|-heal|p1a: Gliscor|84/100 tox|[from] ability: Poison Heal
|upkeep
|turn|5
|inactive|michaelgoalise has 120 seconds left.
|j| pepemav
|
|t:|1758293708
|switch|p2a: Rotom|Rotom-Wash|100/100
|move|p1a: Gliscor|U-turn|p2a: Rotom
|-damage|p2a: Rotom|89/100
|inactive|michaelgoalise has 90 seconds left.
|
|t:|1758293734
|switch|p1a: Raging Bolt|Raging Bolt|100/100|[from] U-turn
|
|-heal|p2a: Rotom|95/100|[from] item: Leftovers
|-fieldend|move: Grassy Terrain
|upkeep
|turn|6
|
|t:|1758293747
|switch|p2a: Kingambit|Kingambit, M, shiny|100/100
|move|p1a: Raging Bolt|Dragon Pulse|p2a: Kingambit
|-resisted|p2a: Kingambit
|-damage|p2a: Kingambit|73/100
|
|-heal|p2a: Kingambit|79/100|[from] item: Leftovers
|upkeep
|turn|7
|inactive|michaelgoalise has 90 seconds left.
|
|t:|1758293773
|-end|p1a: Raging Bolt|Protosynthesis|[silent]
|switch|p1a: Great Tusk|Great Tusk|100/100
|move|p2a: Kingambit|Swords Dance|p2a: Kingambit
|-boost|p2a: Kingambit|atk|2
|
|-heal|p2a: Kingambit|86/100|[from] item: Leftovers
|upkeep
|turn|8
|
|t:|1758293798
|-end|p1a: Great Tusk|Protosynthesis|[silent]
|switch|p1a: Gliscor|Gliscor, F|84/100 tox
|-end|p2a: Kingambit|fallenundefined|[silent]
|switch|p2a: Rotom|Rotom-Wash|95/100
|
|-heal|p2a: Rotom|100/100|[from] item: Leftovers
|-heal|p1a: Gliscor|97/100 tox|[from] ability: Poison Heal
|upkeep
|turn|9
|
|t:|1758293805
|switch|p1a: Raging Bolt|Raging Bolt|100/100
|move|p2a: Rotom|Hydro Pump|p1a: Raging Bolt|[miss]
|-miss|p2a: Rotom|p1a: Raging Bolt
|
|upkeep
|turn|10
|
|t:|1758293817
|move|p1a: Raging Bolt|Dragon Pulse|p2a: Rotom
|-damage|p2a: Rotom|45/100
|move|p2a: Rotom|Volt Switch|p1a: Raging Bolt
|-resisted|p1a: Raging Bolt
|-damage|p1a: Raging Bolt|95/100
|
|t:|1758293823
|switch|p2a: Kingambit|Kingambit, M, shiny|86/100|[from] Volt Switch
|
|-heal|p1a: Raging Bolt|100/100|[from] item: Leftovers
|-heal|p2a: Kingambit|92/100|[from] item: Leftovers
|upkeep
|turn|11
|
|t:|1758293829
|-end|p1a: Raging Bolt|Protosynthesis|[silent]
|switch|p1a: Great Tusk|Great Tusk|100/100
|move|p2a: Kingambit|Kowtow Cleave|p1a: Great Tusk
|-resisted|p1a: Great Tusk
|-damage|p1a: Great Tusk|82/100
|
|-heal|p2a: Kingambit|98/100|[from] item: Leftovers
|upkeep
|turn|12
|
|t:|1758293836
|-end|p2a: Kingambit|fallenundefined|[silent]
|switch|p2a: Rotom|Rotom-Wash|45/100
|move|p1a: Great Tusk|Stealth Rock|p2a: Rotom
|-sidestart|p2: TrialNdErr0r|move: Stealth Rock
|
|-heal|p2a: Rotom|51/100|[from] item: Leftovers
|upkeep
|turn|13
|
|t:|1758293843
|-end|p1a: Great Tusk|Protosynthesis|[silent]
|switch|p1a: Raging Bolt|Raging Bolt|100/100
|move|p2a: Rotom|Volt Switch|p1a: Raging Bolt
|-resisted|p1a: Raging Bolt
|-damage|p1a: Raging Bolt|95/100
|
|t:|1758293851
|switch|p2a: Garchomp|Garchomp, M|100/100|[from] Volt Switch
|-damage|p2a: Garchomp|94/100|[from] Stealth Rock
|
|-heal|p1a: Raging Bolt|100/100|[from] item: Leftovers
|upkeep
|turn|14
|
|t:|1758293860
|-end|p1a: Raging Bolt|Protosynthesis|[silent]
|switch|p1a: Rillaboom|Rillaboom, F|100/100
|-fieldstart|move: Grassy Terrain|[from] ability: Grassy Surge|[of] p1a: Rillaboom
|move|p2a: Garchomp|Earthquake|p1a: Rillaboom
|-resisted|p1a: Rillaboom
|-damage|p1a: Rillaboom|86/100
|
|-heal|p2a: Garchomp|100/100|[from] Grassy Terrain
|-heal|p1a: Rillaboom|92/100|[from] Grassy Terrain
|upkeep
|turn|15
|
|t:|1758293872
|switch|p2a: Pecharunt|Pecharunt|100/100
|-damage|p2a: Pecharunt|88/100|[from] Stealth Rock
|move|p1a: Rillaboom|Wood Hammer|p2a: Pecharunt
|-resisted|p2a: Pecharunt
|-damage|p2a: Pecharunt|58/100
|-damage|p1a: Rillaboom|82/100|[from] Recoil
|
|-heal|p1a: Rillaboom|88/100|[from] Grassy Terrain
|-heal|p2a: Pecharunt|64/100|[from] Grassy Terrain
|upkeep
|turn|16
|
|t:|1758293883
|switch|p1a: Empoleon|Empoleon, M|100/100
|switch|p2a: Rotom|Rotom-Wash|51/100
|-damage|p2a: Rotom|39/100|[from] Stealth Rock
|
|-heal|p2a: Rotom|45/100|[from] item: Leftovers
|upkeep
|turn|17
|
|t:|1758293890
|move|p2a: Rotom|Pain Split|p1a: Empoleon
|-sethp|p1a: Empoleon|69/100|[from] move: Pain Split|[silent]
|-sethp|p2a: Rotom|84/100|[from] move: Pain Split
|move|p1a: Empoleon|Knock Off|p2a: Rotom
|-damage|p2a: Rotom|70/100
|-enditem|p2a: Rotom|Leftovers|[from] move: Knock Off|[of] p1a: Empoleon
|
|-heal|p1a: Empoleon|75/100|[from] Grassy Terrain
|-heal|p1a: Empoleon|81/100|[from] item: Leftovers
|upkeep
|turn|18
|inactive|michaelgoalise has 120 seconds left.
|
|t:|1758293897
|switch|p1a: Raging Bolt|Raging Bolt|100/100
|move|p2a: Rotom|Volt Switch|p1a: Raging Bolt
|-resisted|p1a: Raging Bolt
|-damage|p1a: Raging Bolt|95/100
|
|t:|1758293901
|switch|p2a: Garchomp|Garchomp, M|100/100|[from] Volt Switch
|-damage|p2a: Garchomp|94/100|[from] Stealth Rock
|
|-heal|p2a: Garchomp|100/100|[from] Grassy Terrain
|-heal|p1a: Raging Bolt|100/100|[from] Grassy Terrain
|-fieldend|move: Grassy Terrain
|upkeep
|turn|19
|
|t:|1758293906
|-end|p1a: Raging Bolt|Protosynthesis|[silent]
|switch|p1a: Rillaboom|Rillaboom, F|88/100
|-fieldstart|move: Grassy Terrain|[from] ability: Grassy Surge|[of] p1a: Rillaboom
|move|p2a: Garchomp|Scale Shot|p1a: Rillaboom
|-damage|p1a: Rillaboom|74/100
|-damage|p1a: Rillaboom|61/100
|-damage|p1a: Rillaboom|48/100
|-damage|p1a: Rillaboom|35/100
|-hitcount|p1a: Rillaboom|4
|-unboost|p2a: Garchomp|def|1
|-boost|p2a: Garchomp|spe|1
|
|-heal|p1a: Rillaboom|41/100|[from] Grassy Terrain
|upkeep
|turn|20
|inactive|michaelgoalise has 120 seconds left.
|inactive|michaelgoalise has 90 seconds left.
|
|t:|1758293965
|switch|p2a: Cinderace|Cinderace, M|100/100
|move|p1a: Rillaboom|Grassy Glide|p2a: Cinderace
|-resisted|p2a: Cinderace
|-damage|p2a: Cinderace|62/100
|
|-heal|p2a: Cinderace|68/100|[from] Grassy Terrain
|-heal|p1a: Rillaboom|47/100|[from] Grassy Terrain
|upkeep
|turn|21
|
|t:|1758293971
|switch|p1a: Great Tusk|Great Tusk|82/100
|move|p2a: Cinderace|Court Change|p2a: Cinderace
|-swapsideconditions
|-activate|p2a: Cinderace|move: Court Change
|
|-heal|p2a: Cinderace|74/100|[from] Grassy Terrain
|-heal|p1a: Great Tusk|89/100|[from] Grassy Terrain
|upkeep
|turn|22
|
|t:|1758293977
|move|p2a: Cinderace|U-turn|p1a: Great Tusk
|-resisted|p1a: Great Tusk
|-damage|p1a: Great Tusk|82/100
|
|t:|1758293981
|switch|p2a: Rotom|Rotom-Wash|70/100|[from] U-turn
|move|p1a: Great Tusk|Stealth Rock|p2a: Rotom
|-sidestart|p2: TrialNdErr0r|move: Stealth Rock
|
|-heal|p1a: Great Tusk|88/100|[from] Grassy Terrain
|upkeep
|turn|23
|
|t:|1758293991
|-end|p1a: Great Tusk|Protosynthesis|[silent]
|switch|p1a: Raging Bolt|Raging Bolt|100/100
|-damage|p1a: Raging Bolt|88/100|[from] Stealth Rock
|move|p2a: Rotom|Volt Switch|p1a: Raging Bolt
|-resisted|p1a: Raging Bolt
|-damage|p1a: Raging Bolt|83/100
|
|t:|1758293999
|switch|p2a: Garchomp|Garchomp, M|100/100|[from] Volt Switch
|-damage|p2a: Garchomp|94/100|[from] Stealth Rock
|
|-heal|p2a: Garchomp|100/100|[from] Grassy Terrain
|-heal|p1a: Raging Bolt|89/100|[from] Grassy Terrain
|-heal|p1a: Raging Bolt|95/100|[from] item: Leftovers
|-fieldend|move: Grassy Terrain
|upkeep
|turn|24
|inactive|michaelgoalise has 120 seconds left.
|
|t:|1758294032
|-terastallize|p1a: Raging Bolt|Fairy
|move|p2a: Garchomp|Scale Shot|p1a: Raging Bolt
|-immune|p1a: Raging Bolt
|move|p1a: Raging Bolt|Dragon Pulse|p2a: Garchomp
|-supereffective|p2a: Garchomp
|-damage|p2a: Garchomp|0 fnt
|faint|p2a: Garchomp
|
|-heal|p1a: Raging Bolt|100/100|[from] item: Leftovers
|upkeep
|
|t:|1758294042
|switch|p2a: Kingambit|Kingambit, M, shiny|98/100
|-damage|p2a: Kingambit|92/100|[from] Stealth Rock
|-activate|p2a: Kingambit|ability: Supreme Overlord
|-start|p2a: Kingambit|fallen1|[silent]
|turn|25
|
|t:|1758294054
|-end|p1a: Raging Bolt|Protosynthesis|[silent]
|switch|p1a: Great Tusk|Great Tusk|88/100
|move|p2a: Kingambit|Iron Head|p1a: Great Tusk
|-damage|p1a: Great Tusk|53/100
|
|-heal|p2a: Kingambit|98/100|[from] item: Leftovers
|upkeep
|turn|26
|
|t:|1758294061
|-end|p2a: Kingambit|fallen1|[silent]
|switch|p2a: Rotom|Rotom-Wash|70/100
|-damage|p2a: Rotom|58/100|[from] Stealth Rock
|move|p1a: Great Tusk|Headlong Rush|p2a: Rotom
|-immune|p2a: Rotom|[from] ability: Levitate
|
|upkeep
|turn|27
|
|t:|1758294068
|-end|p1a: Great Tusk|Protosynthesis|[silent]
|switch|p1a: Rillaboom|Rillaboom, F|47/100
|-damage|p1a: Rillaboom|35/100|[from] Stealth Rock
|-fieldstart|move: Grassy Terrain|[from] ability: Grassy Surge|[of] p1a: Rillaboom
|move|p2a: Rotom|Volt Switch|p1a: Rillaboom
|-resisted|p1a: Rillaboom
|-damage|p1a: Rillaboom|17/100
|
|t:|1758294075
|switch|p2a: Cinderace|Cinderace, M|74/100|[from] Volt Switch
|
|-heal|p2a: Cinderace|80/100|[from] Grassy Terrain
|-heal|p1a: Rillaboom|24/100|[from] Grassy Terrain
|upkeep
|turn|28
|inactive|michaelgoalise has 120 seconds left.
|inactive|michaelgoalise has 90 seconds left.
|
|t:|1758294119
|switch|p1a: Empoleon|Empoleon, M|81/100
|-damage|p1a: Empoleon|75/100|[from] Stealth Rock
|move|p2a: Cinderace|U-turn|p1a: Empoleon
|-resisted|p1a: Empoleon
|-damage|p1a: Empoleon|65/100
|
|t:|1758294126
|switch|p2a: Rotom|Rotom-Wash|58/100|[from] U-turn
|-damage|p2a: Rotom|45/100|[from] Stealth Rock
|
|-heal|p1a: Empoleon|71/100|[from] Grassy Terrain
|-heal|p1a: Empoleon|77/100|[from] item: Leftovers
|upkeep
|turn|29
|j| RNG Savage
|inactive|michaelgoalise has 90 seconds left.
|
|t:|1758294147
|switch|p1a: Raging Bolt|Raging Bolt, tera:Fairy|100/100
|-damage|p1a: Raging Bolt|88/100|[from] Stealth Rock
|move|p2a: Rotom|Volt Switch|p1a: Raging Bolt
|-damage|p1a: Raging Bolt|65/100
|
|t:|1758294153
|switch|p2a: Kingambit|Kingambit, M, shiny|98/100|[from] Volt Switch
|-damage|p2a: Kingambit|92/100|[from] Stealth Rock
|-activate|p2a: Kingambit|ability: Supreme Overlord
|-start|p2a: Kingambit|fallen1|[silent]
|
|-heal|p1a: Raging Bolt|71/100|[from] Grassy Terrain
|-heal|p1a: Raging Bolt|78/100|[from] item: Leftovers
|-heal|p2a: Kingambit|98/100|[from] Grassy Terrain
|-heal|p2a: Kingambit|100/100|[from] item: Leftovers
|upkeep
|turn|30
|
|t:|1758294158
|-end|p1a: Raging Bolt|Protosynthesis|[silent]
|switch|p1a: Great Tusk|Great Tusk|53/100
|move|p2a: Kingambit|Iron Head|p1a: Great Tusk
|-damage|p1a: Great Tusk|12/100
|
|-heal|p1a: Great Tusk|18/100|[from] Grassy Terrain
|upkeep
|turn|31
|
|t:|1758294163
|-end|p2a: Kingambit|fallen1|[silent]
|switch|p2a: Rotom|Rotom-Wash|45/100
|-damage|p2a: Rotom|33/100|[from] Stealth Rock
|move|p1a: Great Tusk|Headlong Rush|p2a: Rotom
|-immune|p2a: Rotom|[from] ability: Levitate
|
|-heal|p1a: Great Tusk|24/100|[from] Grassy Terrain
|-fieldend|move: Grassy Terrain
|upkeep
|turn|32
|j| FaronAan
|
|t:|1758294173
|-end|p1a: Great Tusk|Protosynthesis|[silent]
|switch|p1a: Rillaboom|Rillaboom, F|24/100
|-damage|p1a: Rillaboom|11/100|[from] Stealth Rock
|-fieldstart|move: Grassy Terrain|[from] ability: Grassy Surge|[of] p1a: Rillaboom
|move|p2a: Rotom|Hydro Pump|p1a: Rillaboom
|-resisted|p1a: Rillaboom
|-damage|p1a: Rillaboom|0 fnt
|faint|p1a: Rillaboom
|
|upkeep
|
|t:|1758294179
|switch|p1a: Raging Bolt|Raging Bolt, tera:Fairy|78/100
|-damage|p1a: Raging Bolt|65/100|[from] Stealth Rock
|turn|33
|
|t:|1758294189
|move|p1a: Raging Bolt|Thunderbolt|p2a: Rotom
|-damage|p2a: Rotom|0 fnt
|faint|p2a: Rotom
|
|-heal|p1a: Raging Bolt|71/100|[from] Grassy Terrain
|-heal|p1a: Raging Bolt|78/100|[from] item: Leftovers
|upkeep
|
|t:|1758294191
|switch|p2a: Kingambit|Kingambit, M, shiny|100/100
|-damage|p2a: Kingambit|94/100|[from] Stealth Rock
|-activate|p2a: Kingambit|ability: Supreme Overlord
|-start|p2a: Kingambit|fallen2|[silent]
|turn|34
|
|t:|1758294198
|-end|p1a: Raging Bolt|Protosynthesis|[silent]
|switch|p1a: Empoleon|Empoleon, M|77/100
|-damage|p1a: Empoleon|71/100|[from] Stealth Rock
|move|p2a: Kingambit|Iron Head|p1a: Empoleon
|-resisted|p1a: Empoleon
|-damage|p1a: Empoleon|57/100
|
|-heal|p2a: Kingambit|100/100|[from] Grassy Terrain
|-heal|p1a: Empoleon|63/100|[from] Grassy Terrain
|-heal|p1a: Empoleon|69/100|[from] item: Leftovers
|upkeep
|turn|35
|
|t:|1758294203
|move|p2a: Kingambit|Swords Dance|p2a: Kingambit
|-boost|p2a: Kingambit|atk|2
|move|p1a: Empoleon|Knock Off|p2a: Kingambit
|-resisted|p2a: Kingambit
|-damage|p2a: Kingambit|94/100
|-enditem|p2a: Kingambit|Leftovers|[from] move: Knock Off|[of] p1a: Empoleon
|
|-heal|p2a: Kingambit|99/100|[from] Grassy Terrain
|-heal|p1a: Empoleon|75/100|[from] Grassy Terrain
|-heal|p1a: Empoleon|81/100|[from] item: Leftovers
|upkeep
|turn|36
|
|t:|1758294208
|move|p2a: Kingambit|Kowtow Cleave|p1a: Empoleon
|-damage|p1a: Empoleon|0 fnt
|faint|p1a: Empoleon
|
|-heal|p2a: Kingambit|100/100|[from] Grassy Terrain
|-fieldend|move: Grassy Terrain
|upkeep
|
|t:|1758294212
|switch|p1a: Darkrai|Darkrai|100/100
|-damage|p1a: Darkrai|88/100|[from] Stealth Rock
|turn|37
|j| Nikator98
|l| Nikator98
|
|t:|1758294233
|-terastallize|p2a: Kingambit|Fairy
|move|p1a: Darkrai|Trick|p2a: Kingambit
|-activate|p1a: Darkrai|move: Trick|[of] p2a: Kingambit
|-item|p2a: Kingambit|Choice Scarf|[from] move: Trick
|-enditem|p1a: Darkrai|Choice Scarf|[silent]|[from] move: Trick
|move|p2a: Kingambit|Iron Head|p1a: Darkrai
|-damage|p1a: Darkrai|0 fnt
|faint|p1a: Darkrai
|
|upkeep
|
|t:|1758294246
|switch|p1a: Gliscor|Gliscor, F|97/100 tox
|-damage|p1a: Gliscor|84/100 tox|[from] Stealth Rock
|turn|38
|
|t:|1758294249
|move|p2a: Kingambit|Iron Head|p1a: Gliscor
|-damage|p1a: Gliscor|14/100 tox
|move|p1a: Gliscor|Toxic|p2a: Kingambit
|-status|p2a: Kingambit|tox
|
|-damage|p2a: Kingambit|94/100 tox|[from] psn
|-heal|p1a: Gliscor|27/100 tox|[from] ability: Poison Heal
|upkeep
|turn|39
|
|t:|1758294255
|move|p1a: Gliscor|Protect|p1a: Gliscor
|-singleturn|p1a: Gliscor|Protect
|move|p2a: Kingambit|Iron Head|p1a: Gliscor
|-activate|p1a: Gliscor|move: Protect
|
|-damage|p2a: Kingambit|82/100 tox|[from] psn
|-heal|p1a: Gliscor|39/100 tox|[from] ability: Poison Heal
|upkeep
|turn|40
|
|t:|1758294265
|move|p1a: Gliscor|Protect||[still]
|-fail|p1a: Gliscor
|move|p2a: Kingambit|Iron Head|p1a: Gliscor
|-damage|p1a: Gliscor|0 fnt
|faint|p1a: Gliscor
|
|-damage|p2a: Kingambit|63/100 tox|[from] psn
|upkeep
|
|t:|1758294269
|switch|p1a: Great Tusk|Great Tusk|24/100
|turn|41
|
|t:|1758294278
|move|p1a: Great Tusk|Headlong Rush|p2a: Kingambit
|-damage|p2a: Kingambit|17/100 tox
|-unboost|p1a: Great Tusk|def|1
|-unboost|p1a: Great Tusk|spd|1
|move|p2a: Kingambit|Iron Head|p1a: Great Tusk
|-crit|p1a: Great Tusk
|-damage|p1a: Great Tusk|0 fnt
|faint|p1a: Great Tusk
|-end|p1a: Great Tusk|Protosynthesis|[silent]
|
|-damage|p2a: Kingambit|0 fnt|[from] psn
|faint|p2a: Kingambit
|-end|p2a: Kingambit|fallen2|[silent]
|upkeep
|
|t:|1758294287
|switch|p1a: Raging Bolt|Raging Bolt, tera:Fairy|78/100
|switch|p2a: Cinderace|Cinderace, M|80/100
|-damage|p1a: Raging Bolt|65/100|[from] Stealth Rock
|turn|42
|
|t:|1758294291
|move|p2a: Cinderace|Pyro Ball|p1a: Raging Bolt
|-damage|p1a: Raging Bolt|22/100
|move|p1a: Raging Bolt|Thunderbolt|p2a: Cinderace
|-damage|p2a: Cinderace|20/100
|
|-heal|p1a: Raging Bolt|28/100|[from] item: Leftovers
|upkeep
|turn|43
|
|t:|1758294296
|move|p2a: Cinderace|Will-O-Wisp|p1a: Raging Bolt|[miss]
|-miss|p2a: Cinderace|p1a: Raging Bolt
|move|p1a: Raging Bolt|Thunderbolt|p2a: Cinderace
|-damage|p2a: Cinderace|0 fnt
|faint|p2a: Cinderace
|
|-heal|p1a: Raging Bolt|34/100|[from] item: Leftovers
|upkeep
|
|t:|1758294300
|switch|p2a: Zamazenta|Zamazenta, shiny|100/100
|-damage|p2a: Zamazenta|94/100|[from] Stealth Rock
|turn|44
|
|t:|1758294310
|move|p2a: Zamazenta|Stone Edge|p1a: Raging Bolt
|-damage|p1a: Raging Bolt|7/100
|move|p1a: Raging Bolt|Thunderbolt|p2a: Zamazenta
|-damage|p2a: Zamazenta|46/100
|
|-heal|p1a: Raging Bolt|13/100|[from] item: Leftovers
|upkeep
|turn|45
|
|t:|1758294317
|move|p2a: Zamazenta|Heavy Slam|p1a: Raging Bolt
|-supereffective|p1a: Raging Bolt
|-damage|p1a: Raging Bolt|0 fnt
|faint|p1a: Raging Bolt
|-end|p1a: Raging Bolt|Protosynthesis|[silent]
|
|win|TrialNdErr0r
|raw|michaelgoalise's rating: 1708 &rarr; <strong>1689</strong><br />(-19 for losing)
|raw|TrialNdErr0r's rating: 1726 &rarr; <strong>1745</strong><br />(+19 for winning)
|c|☆TrialNdErr0r|GG
|l| pepemav
|l|☆TrialNdErr0r
|player|p2|
|l| RNG Savage
|l| FaronAan
