|j|☆kebab.ixx
|j|☆Argentide
|t:|1758373613
|gametype|singles
|player|p1|kebab.ixx|1|1495
|player|p2|Argentide|selene-masters|1545
|gen|9
|tier|[Gen 9] OU
|rated|
|rule|HP Percentage Mod: HP is shown in percentages
|rule|Endless Battle Clause: Forcing endless battles is banned
|rule|Species Clause: Limit one of each Pokémon
|rule|OHKO Clause: OHKO moves are banned
|rule|Evasion Items Clause: Evasion items are banned
|rule|Evasion Moves Clause: Evasion moves are banned
|rule|Evasion Abilities Clause: Evasion abilities are banned
|rule|Sleep Moves Clause: Sleep-inducing moves are banned
|clearpoke
|poke|p1|Hydrapple, M|
|poke|p1|Fezandipiti, M|
|poke|p1|Skarmory, M|
|poke|p1|Landorus-Therian, M|
|poke|p1|Samurott-Hisui, M|
|poke|p1|Skeledirge, M|
|poke|p2|Gliscor, M|
|poke|p2|Blissey, F|
|poke|p2|Mandibuzz, F|
|poke|p2|Skarmory, F|
|poke|p2|Ditto|
|poke|p2|Salazzle, F|
|teampreview
|
|t:|1758373632
|teamsize|p1|6
|teamsize|p2|6
|start
|switch|p1a: Samurott|Samurott-Hisui, M, shiny|100/100
|switch|p2a: Salazzle|Salazzle, F|100/100
|turn|1
|
|t:|1758373638
|switch|p2a: Skarmory|Skarmory, F|100/100
|move|p1a: Samurott|Flip Turn|p2a: Skarmory
|-damage|p2a: Skarmory|80/100
|-damage|p1a: Samurott|84/100|[from] item: Rocky Helmet|[of] p2a: Skarmory
|
|t:|1758373642
|switch|p1a: Skeledirge|Skeledirge, M|100/100|[from] Flip Turn
|
|upkeep
|turn|2
|
|t:|1758373657
|switch|p2a: Blissey|Blissey, F|100/100
|switch|p1a: Skarmory|Skarmory, M, shiny|100/100
|
|upkeep
|turn|3
|
|t:|1758373662
|move|p1a: Skarmory|Body Press|p2a: Blissey
|-supereffective|p2a: Blissey
|-damage|p2a: Blissey|40/100
|move|p2a: Blissey|Stealth Rock|p1a: Skarmory
|-sidestart|p1: kebab.ixx|move: Stealth Rock
|
|-heal|p2a: Blissey|46/100|[from] item: Leftovers
|upkeep
|turn|4
|
|t:|1758373666
|move|p2a: Blissey|Protect|p2a: Blissey
|-singleturn|p2a: Blissey|Protect
|move|p1a: Skarmory|Stealth Rock|p2a: Blissey
|-sidestart|p2: Argentide|move: Stealth Rock
|
|-heal|p2a: Blissey|52/100|[from] item: Leftovers
|upkeep
|turn|5
|
|t:|1758373674
|switch|p2a: Skarmory|Skarmory, F|80/100
|-damage|p2a: Skarmory|68/100|[from] Stealth Rock
|move|p1a: Skarmory|Body Press|p2a: Skarmory
|-damage|p2a: Skarmory|48/100
|-damage|p1a: Skarmory|84/100|[from] item: Rocky Helmet|[of] p2a: Skarmory
|
|upkeep
|turn|6
|
|t:|1758373681
|switch|p1a: Skeledirge|Skeledirge, M|100/100
|move|p2a: Skarmory|Roost|p2a: Skarmory
|-heal|p2a: Skarmory|98/100
|-singleturn|p2a: Skarmory|move: Roost
|
|upkeep
|turn|7
|
|t:|1758373693
|switch|p2a: Salazzle|Salazzle, F|100/100
|-damage|p2a: Salazzle|76/100|[from] Stealth Rock
|move|p1a: Skeledirge|Torch Song|p2a: Salazzle
|-resisted|p2a: Salazzle
|-crit|p2a: Salazzle
|-damage|p2a: Salazzle|41/100
|-boost|p1a: Skeledirge|spa|1
|
|-heal|p2a: Salazzle|47/100|[from] item: Leftovers
|upkeep
|turn|8
|
|t:|1758373708
|move|p2a: Salazzle|Toxic|p1a: Skeledirge
|-status|p1a: Skeledirge|tox
|move|p1a: Skeledirge|Earth Power|p2a: Salazzle
|-supereffective|p2a: Salazzle
|-damage|p2a: Salazzle|0 fnt
|faint|p2a: Salazzle
|
|-damage|p1a: Skeledirge|94/100 tox|[from] psn
|upkeep
|
|t:|1758373718
|switch|p2a: Blissey|Blissey, F|52/100
|-damage|p2a: Blissey|40/100|[from] Stealth Rock
|turn|9
|
|t:|1758373721
|switch|p1a: Samurott|Samurott-Hisui, M, shiny|84/100
|move|p2a: Blissey|Soft-Boiled|p2a: Blissey
|-heal|p2a: Blissey|90/100
|
|-heal|p2a: Blissey|96/100|[from] item: Leftovers
|upkeep
|turn|10
|
|t:|1758373731
|switch|p2a: Skarmory|Skarmory, F|98/100
|-damage|p2a: Skarmory|86/100|[from] Stealth Rock
|move|p1a: Samurott|Knock Off|p2a: Skarmory
|-damage|p2a: Skarmory|54/100
|-damage|p1a: Samurott|67/100|[from] item: Rocky Helmet|[of] p2a: Skarmory
|-enditem|p2a: Skarmory|Rocky Helmet|[from] move: Knock Off|[of] p1a: Samurott
|
|upkeep
|turn|11
|
|t:|1758373739
|move|p1a: Samurott|Flip Turn|p2a: Skarmory
|-damage|p2a: Skarmory|36/100
|
|t:|1758373743
|switch|p1a: Skeledirge|Skeledirge, M|94/100 tox|[from] Flip Turn
|move|p2a: Skarmory|Roost|p2a: Skarmory
|-heal|p2a: Skarmory|86/100
|-singleturn|p2a: Skarmory|move: Roost
|
|-damage|p1a: Skeledirge|88/100 tox|[from] psn
|upkeep
|turn|12
|
|t:|1758373753
|switch|p2a: Blissey|Blissey, F|96/100
|-damage|p2a: Blissey|83/100|[from] Stealth Rock
|switch|p1a: Samurott|Samurott-Hisui, M, shiny|67/100
|
|-heal|p2a: Blissey|89/100|[from] item: Leftovers
|upkeep
|turn|13
|
|t:|1758373758
|move|p2a: Blissey|Protect|p2a: Blissey
|-singleturn|p2a: Blissey|Protect
|move|p1a: Samurott|Ceaseless Edge|p2a: Blissey
|-activate|p2a: Blissey|move: Protect
|
|-heal|p2a: Blissey|96/100|[from] item: Leftovers
|upkeep
|turn|14
|
|t:|1758373773
|switch|p2a: Mandibuzz|Mandibuzz, F|100/100
|move|p1a: Samurott|Ceaseless Edge|p2a: Mandibuzz|[miss]
|-miss|p1a: Samurott|p2a: Mandibuzz
|
|upkeep
|turn|15
|
|t:|1758373783
|move|p1a: Samurott|Knock Off|p2a: Mandibuzz
|-resisted|p2a: Mandibuzz
|-damage|p2a: Mandibuzz|86/100
|-enditem|p2a: Mandibuzz|Heavy-Duty Boots|[from] move: Knock Off|[of] p1a: Samurott
|move|p2a: Mandibuzz|Foul Play|p1a: Samurott
|-resisted|p1a: Samurott
|-damage|p1a: Samurott|39/100
|
|upkeep
|turn|16
|
|t:|1758373792
|move|p1a: Samurott|Flip Turn|p2a: Mandibuzz
|-damage|p2a: Mandibuzz|70/100
|
|t:|1758373796
|switch|p1a: Hydrapple|Hydrapple, M, shiny|100/100|[from] Flip Turn
|move|p2a: Mandibuzz|Toxic|p1a: Hydrapple
|-status|p1a: Hydrapple|tox
|
|-damage|p1a: Hydrapple|94/100 tox|[from] psn
|upkeep
|turn|17
|
|t:|1758373807
|switch|p1a: Fezandipiti|Fezandipiti, M|100/100
|move|p2a: Mandibuzz|Defog|p1a: Fezandipiti
|-unboost|p1a: Fezandipiti|evasion|1
|-sideend|p1: kebab.ixx|Stealth Rock|[from] move: Defog|[of] p2a: Mandibuzz
|-sideend|p2: Argentide|Stealth Rock|[from] move: Defog|[of] p2a: Mandibuzz
|
|upkeep
|turn|18
|
|t:|1758373815
|switch|p1a: Samurott|Samurott-Hisui, M, shiny|39/100
|switch|p2a: Skarmory|Skarmory, F|86/100
|
|upkeep
|turn|19
|
|t:|1758373822
|move|p1a: Samurott|Ceaseless Edge|p2a: Skarmory
|-damage|p2a: Skarmory|57/100
|-sidestart|p2: Argentide|Spikes
|move|p2a: Skarmory|Spikes|p1a: Samurott
|-sidestart|p1: kebab.ixx|Spikes
|
|upkeep
|turn|20
|
|t:|1758373828
|move|p1a: Samurott|Ceaseless Edge|p2a: Skarmory
|-damage|p2a: Skarmory|29/100
|-sidestart|p2: Argentide|Spikes
|move|p2a: Skarmory|Roost|p2a: Skarmory
|-heal|p2a: Skarmory|79/100
|-singleturn|p2a: Skarmory|move: Roost
|
|upkeep
|turn|21
|
|t:|1758373836
|move|p1a: Samurott|Flip Turn|p2a: Skarmory
|-damage|p2a: Skarmory|59/100
|
|t:|1758373839
|switch|p1a: Skarmory|Skarmory, M, shiny|84/100|[from] Flip Turn
|move|p2a: Skarmory|Spikes|p1a: Skarmory
|-sidestart|p1: kebab.ixx|Spikes
|
|upkeep
|turn|22
|
|t:|1758373844
|move|p2a: Skarmory|Roost|p2a: Skarmory
|-heal|p2a: Skarmory|100/100
|-singleturn|p2a: Skarmory|move: Roost
|move|p1a: Skarmory|Stealth Rock|p2a: Skarmory
|-sidestart|p2: Argentide|move: Stealth Rock
|
|upkeep
|turn|23
|
|t:|1758373847
|move|p2a: Skarmory|Spikes|p1a: Skarmory
|-sidestart|p1: kebab.ixx|Spikes
|move|p1a: Skarmory|Body Press|p2a: Skarmory
|-crit|p2a: Skarmory
|-damage|p2a: Skarmory|70/100
|
|upkeep
|turn|24
|
|t:|1758373860
|move|p2a: Skarmory|Roost|p2a: Skarmory
|-heal|p2a: Skarmory|100/100
|-singleturn|p2a: Skarmory|move: Roost
|move|p1a: Skarmory|Body Press|p2a: Skarmory
|-supereffective|p2a: Skarmory
|-damage|p2a: Skarmory|60/100
|
|upkeep
|turn|25
|
|t:|1758373866
|move|p1a: Skarmory|Body Press|p2a: Skarmory
|-damage|p2a: Skarmory|40/100
|move|p2a: Skarmory|Whirlwind|p1a: Skarmory
|drag|p1a: Skeledirge|Skeledirge, M|88/100 tox
|
|-damage|p1a: Skeledirge|82/100 tox|[from] psn
|upkeep
|turn|26
|
|t:|1758373877
|switch|p2a: Blissey|Blissey, F|96/100
|-damage|p2a: Blissey|79/100|[from] Spikes
|-damage|p2a: Blissey|66/100|[from] Stealth Rock
|switch|p1a: Skarmory|Skarmory, M, shiny|84/100
|
|-heal|p2a: Blissey|73/100|[from] item: Leftovers
|upkeep
|turn|27
|
|t:|1758373883
|-terastallize|p2a: Blissey|Ghost
|move|p1a: Skarmory|Body Press|p2a: Blissey
|-immune|p2a: Blissey
|move|p2a: Blissey|Stealth Rock|p1a: Skarmory
|-sidestart|p1: kebab.ixx|move: Stealth Rock
|
|-heal|p2a: Blissey|79/100|[from] item: Leftovers
|upkeep
|turn|28
|
|t:|1758373894
|move|p1a: Skarmory|Brave Bird|p2a: Blissey
|-damage|p2a: Blissey|51/100
|-damage|p1a: Skarmory|64/100|[from] Recoil
|move|p2a: Blissey|Seismic Toss|p1a: Skarmory
|-damage|p1a: Skarmory|34/100
|-damage|p2a: Blissey|34/100|[from] item: Rocky Helmet|[of] p1a: Skarmory
|
|-heal|p2a: Blissey|40/100|[from] item: Leftovers
|upkeep
|turn|29
|
|t:|1758373905
|move|p1a: Skarmory|Roost|p1a: Skarmory
|-heal|p1a: Skarmory|84/100
|-singleturn|p1a: Skarmory|move: Roost
|move|p2a: Blissey|Soft-Boiled|p2a: Blissey
|-heal|p2a: Blissey|90/100
|
|-heal|p2a: Blissey|97/100|[from] item: Leftovers
|upkeep
|turn|30
|
|t:|1758373915
|switch|p1a: Skeledirge|Skeledirge, M|82/100 tox
|move|p2a: Blissey|Seismic Toss|p1a: Skeledirge
|-immune|p1a: Skeledirge
|
|-heal|p2a: Blissey|100/100|[from] item: Leftovers
|-damage|p1a: Skeledirge|76/100 tox|[from] psn
|upkeep
|turn|31
|
|t:|1758373924
|switch|p1a: Samurott|Samurott-Hisui, M, shiny|39/100
|move|p2a: Blissey|Protect||[still]
|-fail|p2a: Blissey
|
|upkeep
|turn|32
|
|t:|1758373943
|switch|p2a: Skarmory|Skarmory, F|40/100
|-damage|p2a: Skarmory|28/100|[from] Stealth Rock
|move|p1a: Samurott|Ceaseless Edge|p2a: Skarmory
|-damage|p2a: Skarmory|0 fnt
|-sidestart|p2: Argentide|Spikes
|faint|p2a: Skarmory
|
|upkeep
|
|t:|1758373949
|switch|p2a: Ditto|Ditto|100/100
|-damage|p2a: Ditto|76/100|[from] Spikes
|-damage|p2a: Ditto|63/100|[from] Stealth Rock
|-transform|p2a: Ditto|p1a: Samurott|[from] ability: Imposter
|turn|33
|
|t:|1758373960
|switch|p1a: Landorus|Landorus-Therian, M, shiny|100/100
|-damage|p1a: Landorus|88/100|[from] Stealth Rock
|-ability|p1a: Landorus|Intimidate|boost
|-unboost|p2a: Ditto|atk|1
|move|p2a: Ditto|Knock Off|p1a: Landorus
|-damage|p1a: Landorus|53/100
|-enditem|p1a: Landorus|Choice Scarf|[from] move: Knock Off|[of] p2a: Ditto
|
|upkeep
|turn|34
|
|t:|1758373969
|switch|p2a: Gliscor|Gliscor, M|100/100
|-damage|p2a: Gliscor|88/100|[from] Stealth Rock
|move|p1a: Landorus|U-turn|p2a: Gliscor
|-resisted|p2a: Gliscor
|-damage|p2a: Gliscor|77/100
|
|t:|1758373975
|switch|p1a: Samurott|Samurott-Hisui, M, shiny|39/100|[from] U-turn
|
|-status|p2a: Gliscor|tox|[from] item: Toxic Orb
|upkeep
|turn|35
|
|t:|1758373981
|move|p2a: Gliscor|Protect|p2a: Gliscor
|-singleturn|p2a: Gliscor|Protect
|move|p1a: Samurott|Flip Turn|p2a: Gliscor
|-activate|p2a: Gliscor|move: Protect
|
|-heal|p2a: Gliscor|90/100 tox|[from] ability: Poison Heal
|upkeep
|turn|36
|
|t:|1758373996
|move|p1a: Samurott|Flip Turn|p2a: Gliscor
|-supereffective|p2a: Gliscor
|-damage|p2a: Gliscor|42/100 tox
|
|t:|1758374004
|switch|p1a: Fezandipiti|Fezandipiti, M|100/100|[from] Flip Turn
|move|p2a: Gliscor|Knock Off|p1a: Fezandipiti
|-resisted|p1a: Fezandipiti
|-crit|p1a: Fezandipiti
|-damage|p1a: Fezandipiti|84/100
|-enditem|p1a: Fezandipiti|Heavy-Duty Boots|[from] move: Knock Off|[of] p2a: Gliscor
|
|-heal|p2a: Gliscor|54/100 tox|[from] ability: Poison Heal
|upkeep
|turn|37
|
|t:|1758374014
|move|p2a: Gliscor|Protect|p2a: Gliscor
|-singleturn|p2a: Gliscor|Protect
|move|p1a: Fezandipiti|Calm Mind|p1a: Fezandipiti
|-boost|p1a: Fezandipiti|spa|1
|-boost|p1a: Fezandipiti|spd|1
|
|-heal|p2a: Gliscor|67/100 tox|[from] ability: Poison Heal
|upkeep
|turn|38
|
|t:|1758374026
|switch|p2a: Blissey|Blissey, F, tera:Ghost|100/100
|-damage|p2a: Blissey|76/100|[from] Spikes
|-damage|p2a: Blissey|63/100|[from] Stealth Rock
|move|p1a: Fezandipiti|Calm Mind|p1a: Fezandipiti
|-boost|p1a: Fezandipiti|spa|1
|-boost|p1a: Fezandipiti|spd|1
|
|-heal|p2a: Blissey|69/100|[from] item: Leftovers
|upkeep
|turn|39
|
|t:|1758374035
|move|p1a: Fezandipiti|Moonblast|p2a: Blissey
|-damage|p2a: Blissey|52/100
|move|p2a: Blissey|Soft-Boiled|p2a: Blissey
|-heal|p2a: Blissey|100/100
|
|upkeep
|turn|40
|
|t:|1758374038
|move|p1a: Fezandipiti|Moonblast|p2a: Blissey
|-damage|p2a: Blissey|82/100
|-status|p2a: Blissey|tox|[from] ability: Toxic Chain|[of] p1a: Fezandipiti
|move|p2a: Blissey|Seismic Toss|p1a: Fezandipiti
|-damage|p1a: Fezandipiti|57/100
|
|-heal|p2a: Blissey|89/100 tox|[from] item: Leftovers
|-damage|p2a: Blissey|82/100 tox|[from] psn
|upkeep
|turn|41
|
|t:|1758374041
|move|p1a: Fezandipiti|Roost|p1a: Fezandipiti
|-heal|p1a: Fezandipiti|100/100
|-singleturn|p1a: Fezandipiti|move: Roost
|move|p2a: Blissey|Seismic Toss|p1a: Fezandipiti
|-damage|p1a: Fezandipiti|74/100
|
|-heal|p2a: Blissey|89/100 tox|[from] item: Leftovers
|-damage|p2a: Blissey|76/100 tox|[from] psn
|upkeep
|turn|42
|
|t:|1758374047
|move|p1a: Fezandipiti|Calm Mind|p1a: Fezandipiti
|-boost|p1a: Fezandipiti|spa|1
|-boost|p1a: Fezandipiti|spd|1
|move|p2a: Blissey|Seismic Toss|p1a: Fezandipiti
|-damage|p1a: Fezandipiti|48/100
|
|-heal|p2a: Blissey|82/100 tox|[from] item: Leftovers
|-damage|p2a: Blissey|64/100 tox|[from] psn
|upkeep
|turn|43
|
|t:|1758374060
|-curestatus|p2a: Blissey|tox|[from] ability: Natural Cure
|switch|p2a: Gliscor|Gliscor, M|67/100 tox
|-damage|p2a: Gliscor|54/100 tox|[from] Stealth Rock
|move|p1a: Fezandipiti|Roost|p1a: Fezandipiti
|-heal|p1a: Fezandipiti|98/100
|-singleturn|p1a: Fezandipiti|move: Roost
|
|-heal|p2a: Gliscor|67/100 tox|[from] ability: Poison Heal
|upkeep
|turn|44
|
|t:|1758374080
|move|p1a: Fezandipiti|Moonblast|p2a: Gliscor
|-damage|p2a: Gliscor|17/100 tox
|-unboost|p2a: Gliscor|spa|1
|move|p2a: Gliscor|Facade|p1a: Fezandipiti
|-damage|p1a: Fezandipiti|64/100
|
|-heal|p2a: Gliscor|29/100 tox|[from] ability: Poison Heal
|upkeep
|turn|45
|
|t:|1758374091
|move|p1a: Fezandipiti|Calm Mind|p1a: Fezandipiti
|-boost|p1a: Fezandipiti|spa|1
|-boost|p1a: Fezandipiti|spd|1
|move|p2a: Gliscor|Facade|p1a: Fezandipiti
|-damage|p1a: Fezandipiti|32/100
|
|-heal|p2a: Gliscor|42/100 tox|[from] ability: Poison Heal
|upkeep
|turn|46
|
|t:|1758374103
|move|p2a: Gliscor|Protect|p2a: Gliscor
|-singleturn|p2a: Gliscor|Protect
|move|p1a: Fezandipiti|Moonblast|p2a: Gliscor
|-activate|p2a: Gliscor|move: Protect
|
|-heal|p2a: Gliscor|54/100 tox|[from] ability: Poison Heal
|upkeep
|turn|47
|
|t:|1758374139
|switch|p2a: Mandibuzz|Mandibuzz, F|70/100
|-damage|p2a: Mandibuzz|46/100|[from] Stealth Rock
|move|p1a: Fezandipiti|Moonblast|p2a: Mandibuzz
|-supereffective|p2a: Mandibuzz
|-damage|p2a: Mandibuzz|0 fnt
|faint|p2a: Mandibuzz
|
|upkeep
|
|t:|1758374146
|switch|p2a: Ditto|Ditto|63/100
|-damage|p2a: Ditto|39/100|[from] Spikes
|-damage|p2a: Ditto|26/100|[from] Stealth Rock
|-transform|p2a: Ditto|p1a: Fezandipiti|[from] ability: Imposter
|turn|48
|
|t:|1758374170
|move|p2a: Ditto|Sludge Bomb|p1a: Fezandipiti
|-damage|p1a: Fezandipiti|18/100
|move|p1a: Fezandipiti|Roost|p1a: Fezandipiti
|-heal|p1a: Fezandipiti|68/100
|-singleturn|p1a: Fezandipiti|move: Roost
|
|upkeep
|turn|49
|
|t:|1758374176
|move|p2a: Ditto|Sludge Bomb|p1a: Fezandipiti
|-crit|p1a: Fezandipiti
|-damage|p1a: Fezandipiti|8/100
|move|p1a: Fezandipiti|Sludge Bomb|p2a: Ditto
|-damage|p2a: Ditto|9/100
|
|upkeep
|turn|50
|
|t:|1758374183
|move|p2a: Ditto|Sludge Bomb|p1a: Fezandipiti
|-damage|p1a: Fezandipiti|0 fnt
|faint|p1a: Fezandipiti
|
|upkeep
|
|t:|1758374190
|switch|p1a: Samurott|Samurott-Hisui, M, shiny|39/100
|turn|51
|
|t:|1758374198
|move|p1a: Samurott|Sucker Punch|p2a: Ditto
|-resisted|p2a: Ditto
|-damage|p2a: Ditto|0 fnt
|faint|p2a: Ditto
|
|upkeep
|
|t:|1758374202
|switch|p2a: Gliscor|Gliscor, M|54/100 tox
|-damage|p2a: Gliscor|42/100 tox|[from] Stealth Rock
|turn|52
|
|t:|1758374212
|move|p2a: Gliscor|Protect|p2a: Gliscor
|-singleturn|p2a: Gliscor|Protect
|move|p1a: Samurott|Flip Turn|p2a: Gliscor
|-activate|p2a: Gliscor|move: Protect
|
|-heal|p2a: Gliscor|54/100 tox|[from] ability: Poison Heal
|upkeep
|turn|53
|
|t:|1758374222
|move|p1a: Samurott|Flip Turn|p2a: Gliscor
|-supereffective|p2a: Gliscor
|-damage|p2a: Gliscor|3/100 tox
|
|t:|1758374226
|switch|p1a: Hydrapple|Hydrapple, M, shiny|100/100 tox|[from] Flip Turn
|move|p2a: Gliscor|Knock Off|p1a: Hydrapple
|-damage|p1a: Hydrapple|83/100 tox
|-enditem|p1a: Hydrapple|Heavy-Duty Boots|[from] move: Knock Off|[of] p2a: Gliscor
|
|-heal|p2a: Gliscor|16/100 tox|[from] ability: Poison Heal
|-damage|p1a: Hydrapple|77/100 tox|[from] psn
|upkeep
|turn|54
|
|t:|1758374237
|switch|p1a: Samurott|Samurott-Hisui, M, shiny|39/100
|move|p2a: Gliscor|Protect||[still]
|-fail|p2a: Gliscor
|
|-heal|p2a: Gliscor|28/100 tox|[from] ability: Poison Heal
|upkeep
|turn|55
|
|t:|1758374242
|move|p2a: Gliscor|Protect|p2a: Gliscor
|-singleturn|p2a: Gliscor|Protect
|move|p1a: Samurott|Flip Turn|p2a: Gliscor
|-activate|p2a: Gliscor|move: Protect
|
|-heal|p2a: Gliscor|41/100 tox|[from] ability: Poison Heal
|upkeep
|turn|56
|
|t:|1758374251
|move|p2a: Gliscor|Protect||[still]
|-fail|p2a: Gliscor
|move|p1a: Samurott|Flip Turn|p2a: Gliscor
|-supereffective|p2a: Gliscor
|-damage|p2a: Gliscor|0 fnt
|faint|p2a: Gliscor
|
|t:|1758374256
|switch|p1a: Landorus|Landorus-Therian, M, shiny|53/100|[from] Flip Turn
|-damage|p1a: Landorus|40/100|[from] Stealth Rock
|
|upkeep
|
|t:|1758374259
|switch|p2a: Blissey|Blissey, F, tera:Ghost|64/100
|-damage|p2a: Blissey|39/100|[from] Spikes
|-damage|p2a: Blissey|27/100|[from] Stealth Rock
|turn|57
|
|t:|1758374262
|move|p2a: Blissey|Protect|p2a: Blissey
|-singleturn|p2a: Blissey|Protect
|move|p1a: Landorus|Earthquake|p2a: Blissey
|-activate|p2a: Blissey|move: Protect
|
|-heal|p2a: Blissey|33/100|[from] item: Leftovers
|upkeep
|turn|58
|
|t:|1758374267
|move|p1a: Landorus|Earthquake|p2a: Blissey
|-damage|p2a: Blissey|0 fnt
|faint|p2a: Blissey
|
|win|kebab.ixx
|raw|kebab.ixx's rating: 1495 &rarr; <strong>1518</strong><br />(+23 for winning)
|raw|Argentide's rating: 1545 &rarr; <strong>1522</strong><br />(-23 for losing)
|l|☆Argentide
|player|p2|
|l|☆kebab.ixx
|player|p1|
