|j|☆AGreatRobot
|j|☆Xenofist
|t:|1758341960
|gametype|singles
|player|p1|AGreatRobot|wattson|1233
|player|p2|Xenofist|blackbelt-gen4dp|1322
|gen|9
|tier|[Gen 9] OU
|rated|
|rule|HP Percentage Mod: HP is shown in percentages
|rule|Endless Battle Clause: Forcing endless battles is banned
|rule|Species Clause: Limit one of each Pokémon
|rule|OHKO Clause: OHKO moves are banned
|rule|Evasion Items Clause: Evasion items are banned
|rule|Evasion Moves Clause: Evasion moves are banned
|rule|Evasion Abilities Clause: Evasion abilities are banned
|rule|Sleep Moves Clause: Sleep-inducing moves are banned
|clearpoke
|poke|p1|Sableye, M|
|poke|p1|Corviknight, F|
|poke|p1|Weavile, F|
|poke|p1|Dragapult, M|
|poke|p1|Tinkaton, F|
|poke|p1|Slowking-Galar, F|
|poke|p2|Pecharunt|
|poke|p2|Great Tusk|
|poke|p2|Ogerpon-Wellspring, F|
|poke|p2|Iron Crown|
|poke|p2|Landorus-Therian, M|
|poke|p2|Samurott-Hisui, M|
|teampreview
|
|t:|1758341998
|teamsize|p1|6
|teamsize|p2|6
|start
|switch|p1a: Corviknight|Corviknight, F|100/100
|switch|p2a: Samurott|Samurott-Hisui, M|100/100
|-ability|p1a: Corviknight|Pressure
|turn|1
|
|t:|1758342001
|move|p2a: Samurott|Ceaseless Edge|p1a: Corviknight
|-damage|p1a: Corviknight|72/100
|-damage|p2a: Samurott|84/100|[from] item: Rocky Helmet|[of] p1a: Corviknight
|-sidestart|p1: AGreatRobot|Spikes
|move|p1a: Corviknight|Body Press|p2a: Samurott
|-supereffective|p2a: Samurott
|-damage|p2a: Samurott|12/100
|
|upkeep
|turn|2
|
|t:|1758342013
|switch|p2a: Landorus|Landorus-Therian, M|100/100
|-ability|p2a: Landorus|Intimidate|boost
|-unboost|p1a: Corviknight|atk|1
|move|p1a: Corviknight|Roost|p1a: Corviknight
|-heal|p1a: Corviknight|100/100
|-singleturn|p1a: Corviknight|move: Roost
|
|upkeep
|turn|3
|
|t:|1758342020
|move|p2a: Landorus|Stone Edge|p1a: Corviknight
|-damage|p1a: Corviknight|77/100
|move|p1a: Corviknight|Defog|p2a: Landorus
|-unboost|p2a: Landorus|evasion|1
|-sideend|p1: AGreatRobot|Spikes|[from] move: Defog|[of] p1a: Corviknight
|
|upkeep
|turn|4
|
|t:|1758342025
|switch|p2a: Pecharunt|Pecharunt|100/100
|move|p1a: Corviknight|U-turn|p2a: Pecharunt
|-resisted|p2a: Pecharunt
|-damage|p2a: Pecharunt|99/100
|-damage|p1a: Corviknight|60/100|[from] item: Rocky Helmet|[of] p2a: Pecharunt
|
|t:|1758342034
|switch|p1a: Dragapult|Dragapult, M|100/100|[from] U-turn
|
|upkeep
|turn|5
|
|t:|1758342041
|move|p1a: Dragapult|Shadow Ball|p2a: Pecharunt
|-supereffective|p2a: Pecharunt
|-damage|p2a: Pecharunt|0 fnt
|faint|p2a: Pecharunt
|
|upkeep
|
|t:|1758342051
|switch|p2a: Great Tusk|Great Tusk|100/100
|-enditem|p2a: Great Tusk|Booster Energy
|-activate|p2a: Great Tusk|ability: Protosynthesis|[fromitem]
|-start|p2a: Great Tusk|protosynthesisspe
|turn|6
|
|t:|1758342060
|switch|p1a: Sableye|Sableye, M|100/100
|move|p2a: Great Tusk|Knock Off|p1a: Sableye
|-damage|p1a: Sableye|73/100
|-enditem|p1a: Sableye|Leftovers|[from] move: Knock Off|[of] p2a: Great Tusk
|
|upkeep
|turn|7
|
|t:|1758342068
|-end|p2a: Great Tusk|Protosynthesis|[silent]
|switch|p2a: Samurott|Samurott-Hisui, M|12/100
|move|p1a: Sableye|Encore|p2a: Samurott
|-hint|Since gen 7, Dark is immune to Prankster moves.
|-immune|p2a: Samurott
|
|upkeep
|turn|8
|
|t:|1758342076
|move|p2a: Samurott|Ceaseless Edge|p1a: Sableye
|-damage|p1a: Sableye|21/100
|-sidestart|p1: AGreatRobot|Spikes
|move|p1a: Sableye|Foul Play|p2a: Samurott
|-resisted|p2a: Samurott
|-damage|p2a: Samurott|0 fnt
|faint|p2a: Samurott
|
|upkeep
|
|t:|1758342084
|switch|p2a: Iron Crown|Iron Crown|100/100
|turn|9
|
|t:|1758342089
|move|p1a: Sableye|Recover|p1a: Sableye
|-heal|p1a: Sableye|71/100
|move|p2a: Iron Crown|Volt Switch|p1a: Sableye
|-damage|p1a: Sableye|18/100
|c|☆AGreatRobot|Holy spec
|
|t:|1758342100
|-end|p2a: Iron Crown|Quark Drive|[silent]
|switch|p2a: Great Tusk|Great Tusk|100/100|[from] Volt Switch
|
|upkeep
|turn|10
|
|t:|1758342115
|move|p1a: Sableye|Recover|p1a: Sableye
|-heal|p1a: Sableye|68/100
|move|p2a: Great Tusk|Stealth Rock|p1a: Sableye
|-sidestart|p1: AGreatRobot|move: Stealth Rock
|
|upkeep
|turn|11
|
|t:|1758342119
|switch|p1a: Corviknight|Corviknight, F|60/100
|-damage|p1a: Corviknight|48/100|[from] Stealth Rock
|-ability|p1a: Corviknight|Pressure
|move|p2a: Great Tusk|Headlong Rush|p1a: Corviknight
|-immune|p1a: Corviknight
|
|upkeep
|turn|12
|
|t:|1758342137
|-end|p2a: Great Tusk|Protosynthesis|[silent]
|switch|p2a: Ogerpon|Ogerpon-Wellspring, F|100/100
|move|p1a: Corviknight|Defog|p2a: Ogerpon
|-unboost|p2a: Ogerpon|evasion|1
|-sideend|p1: AGreatRobot|Spikes|[from] move: Defog|[of] p1a: Corviknight
|-sideend|p1: AGreatRobot|Stealth Rock|[from] move: Defog|[of] p1a: Corviknight
|
|upkeep
|turn|13
|
|t:|1758342143
|move|p2a: Ogerpon|Swords Dance|p2a: Ogerpon
|-boost|p2a: Ogerpon|atk|2
|move|p1a: Corviknight|Roost|p1a: Corviknight
|-heal|p1a: Corviknight|98/100
|-singleturn|p1a: Corviknight|move: Roost
|
|upkeep
|turn|14
|
|t:|1758342159
|-terastallize|p2a: Ogerpon|Water
|detailschange|p2a: Ogerpon|Ogerpon-Wellspring-Tera, F, tera:Water
|-ability|p2a: Ogerpon|Embody Aspect (Wellspring)|boost
|-boost|p2a: Ogerpon|spd|1
|move|p2a: Ogerpon|Ivy Cudgel|p1a: Corviknight|[anim] Ivy Cudgel Water
|-damage|p1a: Corviknight|14/100
|move|p1a: Corviknight|U-turn|p2a: Ogerpon
|-damage|p2a: Ogerpon|88/100
|
|t:|1758342192
|switch|p1a: Tinkaton|Tinkaton, F|100/100|[from] U-turn
|-item|p1a: Tinkaton|Air Balloon
|
|upkeep
|turn|15
|
|t:|1758342217
|switch|p2a: Landorus|Landorus-Therian, M|100/100
|-ability|p2a: Landorus|Intimidate|boost
|-unboost|p1a: Tinkaton|atk|1
|-terastallize|p1a: Tinkaton|Water
|move|p1a: Tinkaton|Gigaton Hammer|p2a: Landorus
|-damage|p2a: Landorus|55/100
|
|upkeep
|turn|16
|
|t:|1758342225
|move|p2a: Landorus|U-turn|p1a: Tinkaton
|-damage|p1a: Tinkaton|60/100
|-enditem|p1a: Tinkaton|Air Balloon
|-enditem|p2a: Landorus|Choice Scarf|[silent]|[from] ability: Pickpocket|[of] p2a: Landorus
|-item|p1a: Tinkaton|Choice Scarf|[from] ability: Pickpocket|[of] p2a: Landorus
|
|t:|1758342232
|switch|p2a: Iron Crown|Iron Crown|100/100|[from] U-turn
|move|p1a: Tinkaton|Substitute|p1a: Tinkaton
|-start|p1a: Tinkaton|Substitute
|-damage|p1a: Tinkaton|36/100
|
|upkeep
|turn|17
|c|☆AGreatRobot|Rip
|
|t:|1758342241
|switch|p1a: Corviknight|Corviknight, F|14/100
|-ability|p1a: Corviknight|Pressure
|move|p2a: Iron Crown|Volt Switch|p1a: Corviknight
|-supereffective|p1a: Corviknight
|-damage|p1a: Corviknight|0 fnt
|faint|p1a: Corviknight
|
|t:|1758342246
|-end|p2a: Iron Crown|Quark Drive|[silent]
|switch|p2a: Landorus|Landorus-Therian, M|55/100|[from] Volt Switch
|
|upkeep
|c|☆Xenofist|:)
|
|t:|1758342254
|switch|p1a: Tinkaton|Tinkaton, F, tera:Water|36/100
|turn|18
|c|☆AGreatRobot|Fastest bonk in the west
|
|t:|1758342282
|switch|p2a: Iron Crown|Iron Crown|100/100
|move|p1a: Tinkaton|Gigaton Hammer|p2a: Iron Crown
|-resisted|p2a: Iron Crown
|-damage|p2a: Iron Crown|70/100
|
|upkeep
|turn|19
|
|t:|1758342287
|switch|p1a: Slowking|Slowking-Galar, F|100/100
|move|p2a: Iron Crown|Volt Switch|p1a: Slowking
|-damage|p1a: Slowking|78/100
|
|t:|1758342290
|-end|p2a: Iron Crown|Quark Drive|[silent]
|switch|p2a: Ogerpon|Ogerpon-Wellspring-Tera, F, tera:Water|88/100|[from] Volt Switch
|-ability|p2a: Ogerpon|Embody Aspect (Wellspring)|boost
|-boost|p2a: Ogerpon|spd|1
|
|upkeep
|turn|20
|
|t:|1758342294
|move|p2a: Ogerpon|Swords Dance|p2a: Ogerpon
|-boost|p2a: Ogerpon|atk|2
|move|p1a: Slowking|Future Sight|p2a: Ogerpon
|-start|p1a: Slowking|move: Future Sight
|
|upkeep
|turn|21
|
|t:|1758342302
|move|p2a: Ogerpon|Trailblaze|p1a: Slowking
|-resisted|p1a: Slowking
|-crit|p1a: Slowking
|-damage|p1a: Slowking|43/100
|-boost|p2a: Ogerpon|spe|1
|-prepare|p1a: Slowking|Chilly Reception|[premajor]
|move|p1a: Slowking|Chilly Reception|p1a: Slowking
|-weather|Snowscape
|
|t:|1758342310
|switch|p1a: Sableye|Sableye, M|68/100|[from] Chilly Reception
|
|-weather|Snowscape|[upkeep]
|upkeep
|turn|22
|
|t:|1758342318
|move|p1a: Sableye|Encore|p2a: Ogerpon
|-start|p2a: Ogerpon|Encore
|move|p2a: Ogerpon|Trailblaze|p1a: Sableye
|-damage|p1a: Sableye|19/100
|-boost|p2a: Ogerpon|spe|1
|
|-weather|Snowscape|[upkeep]
|-end|p2a: Ogerpon|move: Future Sight
|-damage|p2a: Ogerpon|59/100
|upkeep
|turn|23
|
|t:|1758342323
|move|p1a: Sableye|Recover|p1a: Sableye
|-heal|p1a: Sableye|69/100
|move|p2a: Ogerpon|Trailblaze|p1a: Sableye
|-damage|p1a: Sableye|21/100
|-boost|p2a: Ogerpon|spe|1
|
|-weather|Snowscape|[upkeep]
|upkeep
|turn|24
|
|t:|1758342331
|move|p1a: Sableye|Thunder Wave|p2a: Ogerpon
|-status|p2a: Ogerpon|par
|move|p2a: Ogerpon|Trailblaze|p1a: Sableye
|-damage|p1a: Sableye|0 fnt
|-boost|p2a: Ogerpon|spe|1
|faint|p1a: Sableye
|
|-weather|Snowscape|[upkeep]
|-end|p2a: Ogerpon|Encore
|upkeep
|
|t:|1758342334
|switch|p1a: Dragapult|Dragapult, M|100/100
|turn|25
|
|t:|1758342337
|move|p2a: Ogerpon|Ivy Cudgel|p1a: Dragapult|[anim] Ivy Cudgel Water
|-resisted|p1a: Dragapult
|-damage|p1a: Dragapult|6/100
|move|p1a: Dragapult|Draco Meteor|p2a: Ogerpon
|-damage|p2a: Ogerpon|5/100 par
|-unboost|p1a: Dragapult|spa|2
|
|-weather|none
|upkeep
|turn|26
|c|☆Xenofist|i cri
|
|t:|1758342347
|switch|p1a: Tinkaton|Tinkaton, F, tera:Water|36/100
|move|p2a: Ogerpon|Ivy Cudgel|p1a: Tinkaton|[anim] Ivy Cudgel Water
|-resisted|p1a: Tinkaton
|-damage|p1a: Tinkaton|0 fnt
|faint|p1a: Tinkaton
|
|upkeep
|
|t:|1758342348
|switch|p1a: Weavile|Weavile, F|100/100
|-ability|p1a: Weavile|Pressure
|turn|27
|
|t:|1758342353
|move|p1a: Weavile|Ice Shard|p2a: Ogerpon
|-resisted|p2a: Ogerpon
|-damage|p2a: Ogerpon|0 fnt
|faint|p2a: Ogerpon
|detailschange|p2: Ogerpon|Ogerpon-Wellspring, F|[silent]
|
|upkeep
|
|t:|1758342367
|switch|p2a: Great Tusk|Great Tusk|100/100
|turn|28
|
|t:|1758342372
|switch|p1a: Slowking|Slowking-Galar, F|43/100
|move|p2a: Great Tusk|Headlong Rush|p1a: Slowking
|-supereffective|p1a: Slowking
|-damage|p1a: Slowking|0 fnt
|-unboost|p2a: Great Tusk|def|1
|-unboost|p2a: Great Tusk|spd|1
|faint|p1a: Slowking
|
|upkeep
|
|t:|1758342377
|switch|p1a: Dragapult|Dragapult, M|6/100
|turn|29
|
|t:|1758342384
|-end|p2a: Great Tusk|Protosynthesis|[silent]
|switch|p2a: Landorus|Landorus-Therian, M|55/100
|-ability|p2a: Landorus|Intimidate|boost
|-fail|p1a: Dragapult|unboost|[from] ability: Clear Body|[of] p1a: Dragapult
|move|p1a: Dragapult|Shadow Ball|p2a: Landorus
|-damage|p2a: Landorus|0 fnt
|faint|p2a: Landorus
|
|upkeep
|
|t:|1758342391
|switch|p2a: Iron Crown|Iron Crown|70/100
|turn|30
|
|t:|1758342394
|move|p1a: Dragapult|Shadow Ball|p2a: Iron Crown
|-supereffective|p2a: Iron Crown
|-damage|p2a: Iron Crown|0 fnt
|faint|p2a: Iron Crown
|-end|p2a: Iron Crown|Quark Drive|[silent]
|
|upkeep
|
|t:|1758342397
|switch|p2a: Great Tusk|Great Tusk|100/100
|turn|31
|c|☆Xenofist|gg
|
|t:|1758342402
|move|p1a: Dragapult|Shadow Ball|p2a: Great Tusk
|-damage|p2a: Great Tusk|37/100
|move|p2a: Great Tusk|Headlong Rush|p1a: Dragapult
|-damage|p1a: Dragapult|0 fnt
|-unboost|p2a: Great Tusk|def|1
|-unboost|p2a: Great Tusk|spd|1
|faint|p1a: Dragapult
|
|upkeep
|
|t:|1758342407
|switch|p1a: Weavile|Weavile, F|100/100
|-ability|p1a: Weavile|Pressure
|turn|32
|c|☆Xenofist|I should've rapid spin
|
|t:|1758342412
|move|p1a: Weavile|Ice Shard|p2a: Great Tusk
|-supereffective|p2a: Great Tusk
|-crit|p2a: Great Tusk
|-damage|p2a: Great Tusk|0 fnt
|faint|p2a: Great Tusk
|-end|p2a: Great Tusk|Protosynthesis|[silent]
|
|win|AGreatRobot
|raw|AGreatRobot's rating: 1233 &rarr; <strong>1264</strong><br />(+31 for winning)
|raw|Xenofist's rating: 1322 &rarr; <strong>1297</strong><br />(-25 for losing)
|l|☆Xenofist
|player|p2|
|c|☆AGreatRobot|Ggs
|l|☆AGreatRobot
|player|p1|
