|j|☆gigapoophater
|j|☆Ruby876
|t:|1758336633
|gametype|singles
|player|p1|gigapoophater|pokemaniac|1092
|player|p2|Ruby876|101|1127
|gen|9
|tier|[Gen 9] OU
|rated|
|rule|HP Percentage Mod: HP is shown in percentages
|rule|Endless Battle Clause: Forcing endless battles is banned
|rule|Species Clause: Limit one of each Pokémon
|rule|OHKO Clause: OHKO moves are banned
|rule|Evasion Items Clause: Evasion items are banned
|rule|Evasion Moves Clause: Evasion moves are banned
|rule|Evasion Abilities Clause: Evasion abilities are banned
|rule|Sleep Moves Clause: Sleep-inducing moves are banned
|clearpoke
|poke|p1|Cryogonal|
|poke|p1|Bastiodon, M|
|poke|p1|Bellibolt, M|
|poke|p1|Chesnaught, F|
|poke|p1|Espeon, F|
|poke|p1|Meowscarada, M|
|poke|p2|Dragonite, F|
|poke|p2|Comfey, M|
|poke|p2|Iron Crown|
|poke|p2|Kingambit, F|
|poke|p2|Dondozo, M|
|poke|p2|Hoopa-Unbound|
|teampreview
|
|t:|1758336642
|teamsize|p1|6
|teamsize|p2|6
|start
|switch|p1a: Meowscarada|Meowscarada, M|100/100
|switch|p2a: Comfey|Comfey, M|100/100
|turn|1
|inactive|Battle timer is ON: inactive players will automatically lose when time's up. (requested by gigapoophater)
|
|t:|1758336649
|move|p2a: Comfey|Draining Kiss|p1a: Meowscarada
|-supereffective|p1a: Meowscarada
|-damage|p1a: Meowscarada|10/100
|move|p1a: Meowscarada|Grassy Terrain|p1a: Meowscarada
|-start|p1a: Meowscarada|typechange|Grass|[from] ability: Protean
|-fieldstart|move: Grassy Terrain
|
|-heal|p1a: Meowscarada|16/100|[from] Grassy Terrain
|upkeep
|turn|2
|
|t:|1758336657
|move|p2a: Comfey|Draining Kiss|p1a: Meowscarada
|-damage|p1a: Meowscarada|0 fnt
|faint|p1a: Meowscarada
|
|upkeep
|
|t:|1758336663
|switch|p1a: Espeon|Espeon, F|100/100
|turn|3
|
|t:|1758336670
|switch|p2a: Kingambit|Kingambit, F|100/100
|move|p1a: Espeon|Light Screen|p1a: Espeon
|-sidestart|p1: gigapoophater|move: Light Screen
|
|upkeep
|turn|4
|
|t:|1758336675
|move|p1a: Espeon|Reflect|p1a: Espeon
|-sidestart|p1: gigapoophater|Reflect
|move|p2a: Kingambit|Swords Dance|p2a: Kingambit
|-boost|p2a: Kingambit|atk|2
|
|upkeep
|turn|5
|
|t:|1758336680
|move|p1a: Espeon|Thunder Wave|p2a: Kingambit
|-status|p2a: Kingambit|par
|-enditem|p2a: Kingambit|Lum Berry|[eat]
|-curestatus|p2a: Kingambit|par|[msg]
|move|p2a: Kingambit|Swords Dance|p2a: Kingambit
|-boost|p2a: Kingambit|atk|2
|
|upkeep
|turn|6
|
|t:|1758336688
|move|p1a: Espeon|Thunder Wave|p2a: Kingambit
|-status|p2a: Kingambit|par
|move|p2a: Kingambit|Kowtow Cleave|p1a: Espeon
|-supereffective|p1a: Espeon
|-damage|p1a: Espeon|0 fnt
|faint|p1a: Espeon
|
|upkeep
|
|t:|1758336693
|switch|p1a: Chesnaught|Chesnaught, F|100/100
|turn|7
|
|t:|1758336704
|-terastallize|p2a: Kingambit|Ghost
|move|p1a: Chesnaught|Belly Drum|p1a: Chesnaught
|-damage|p1a: Chesnaught|50/100
|-setboost|p1a: Chesnaught|atk|6|[from] move: Belly Drum
|-enditem|p1a: Chesnaught|Sitrus Berry|[eat]
|-heal|p1a: Chesnaught|75/100|[from] item: Sitrus Berry
|move|p2a: Kingambit|Swords Dance|p2a: Kingambit
|-boost|p2a: Kingambit|atk|2
|
|-heal|p1a: Chesnaught|82/100|[from] Grassy Terrain
|upkeep
|turn|8
|
|t:|1758336719
|move|p1a: Chesnaught|Grassy Glide|p2a: Kingambit
|-crit|p2a: Kingambit
|-damage|p2a: Kingambit|0 fnt
|faint|p2a: Kingambit
|
|-heal|p1a: Chesnaught|88/100|[from] Grassy Terrain
|-fieldend|move: Grassy Terrain
|upkeep
|
|t:|1758336731
|switch|p2a: Comfey|Comfey, M|100/100
|turn|9
|
|t:|1758336747
|move|p2a: Comfey|Draining Kiss|p1a: Chesnaught
|-supereffective|p1a: Chesnaught
|-damage|p1a: Chesnaught|50/100
|move|p1a: Chesnaught|Grassy Glide|p2a: Comfey
|-damage|p2a: Comfey|0 fnt
|faint|p2a: Comfey
|
|upkeep
|
|t:|1758336756
|switch|p2a: Dragonite|Dragonite, F|100/100
|turn|10
|
|t:|1758336761
|move|p2a: Dragonite|Ice Spinner|p1a: Chesnaught
|-supereffective|p1a: Chesnaught
|-damage|p1a: Chesnaught|28/100
|move|p1a: Chesnaught|Rock Tomb|p2a: Dragonite
|-supereffective|p2a: Dragonite
|-damage|p2a: Dragonite|11/100
|-unboost|p2a: Dragonite|spe|1
|
|-sideend|p1: gigapoophater|move: Light Screen
|upkeep
|turn|11
|
|t:|1758336770
|move|p2a: Dragonite|Ice Spinner|p1a: Chesnaught
|-supereffective|p1a: Chesnaught
|-crit|p1a: Chesnaught
|-damage|p1a: Chesnaught|0 fnt
|faint|p1a: Chesnaught
|
|-sideend|p1: gigapoophater|Reflect
|upkeep
|
|t:|1758336776
|switch|p1a: toadalizer|Bellibolt, M, shiny|100/100
|turn|12
|
|t:|1758336779
|move|p2a: Dragonite|Earthquake|p1a: toadalizer
|-supereffective|p1a: toadalizer
|-damage|p1a: toadalizer|41/100
|-start|p1a: toadalizer|Charge|Earthquake|[from] ability: Electromorphosis
|move|p1a: toadalizer|Volt Switch|p2a: Dragonite
|-crit|p2a: Dragonite
|-damage|p2a: Dragonite|0 fnt
|faint|p2a: Dragonite
|-end|p1a: toadalizer|Charge|[silent]
|
|t:|1758336786
|switch|p1a: Bastiodon|Bastiodon, M|100/100|[from] Volt Switch
|
|upkeep
|
|t:|1758336811
|switch|p2a: Dondozo|Dondozo, M|100/100
|turn|13
|
|t:|1758336832
|-terastallize|p1a: Bastiodon|Flying
|move|p1a: Bastiodon|Body Press|p2a: Dondozo
|-damage|p2a: Dondozo|77/100
|move|p2a: Dondozo|Wave Crash|p1a: Bastiodon
|-damage|p1a: Bastiodon|58/100
|-damage|p2a: Dondozo|60/100|[from] item: Rocky Helmet|[of] p1a: Bastiodon
|-damage|p2a: Dondozo|51/100|[from] Recoil
|
|upkeep
|turn|14
|
|t:|1758336843
|move|p1a: Bastiodon|Foul Play|p2a: Dondozo
|-damage|p2a: Dondozo|32/100
|move|p2a: Dondozo|Wave Crash|p1a: Bastiodon
|-damage|p1a: Bastiodon|13/100
|-damage|p2a: Dondozo|15/100|[from] item: Rocky Helmet|[of] p1a: Bastiodon
|-damage|p2a: Dondozo|6/100|[from] Recoil
|
|upkeep
|turn|15
|
|t:|1758336851
|move|p1a: Bastiodon|Body Press|p2a: Dondozo
|-damage|p2a: Dondozo|0 fnt
|faint|p2a: Dondozo
|
|upkeep
|
|t:|1758336855
|switch|p2a: Iron Crown|Iron Crown|100/100
|-enditem|p2a: Iron Crown|Booster Energy
|-activate|p2a: Iron Crown|ability: Quark Drive|[fromitem]
|-start|p2a: Iron Crown|quarkdrivespa
|turn|16
|
|t:|1758336860
|move|p2a: Iron Crown|Tachyon Cutter|p1a: Bastiodon
|-damage|p1a: Bastiodon|0 fnt
|faint|p1a: Bastiodon
|-hitcount|p1: Bastiodon|1
|
|upkeep
|
|t:|1758336863
|switch|p1a: Cryogonal|Cryogonal|100/100
|turn|17
|
|t:|1758336872
|move|p2a: Iron Crown|Tachyon Cutter|p1a: Cryogonal
|-supereffective|p1a: Cryogonal
|-damage|p1a: Cryogonal|76/100
|-supereffective|p1a: Cryogonal
|-damage|p1a: Cryogonal|54/100
|-hitcount|p1a: Cryogonal|2
|move|p1a: Cryogonal|Freeze-Dry|p2a: Iron Crown
|-resisted|p2a: Iron Crown
|-damage|p2a: Iron Crown|89/100
|-status|p2a: Iron Crown|frz
|
|upkeep
|turn|18
|
|t:|1758336881
|switch|p1a: toadalizer|Bellibolt, M, shiny|41/100
|cant|p2a: Iron Crown|frz
|
|upkeep
|turn|19
|
|t:|1758336886
|cant|p2a: Iron Crown|frz
|move|p1a: toadalizer|Parabolic Charge|p2a: Iron Crown
|-damage|p2a: Iron Crown|39/100 frz
|-heal|p1a: toadalizer|60/100|[from] drain|[of] p2a: Iron Crown
|
|upkeep
|turn|20
|
|t:|1758336893
|cant|p2a: Iron Crown|frz
|move|p1a: toadalizer|Parabolic Charge|p2a: Iron Crown
|-damage|p2a: Iron Crown|0 fnt
|-heal|p1a: toadalizer|75/100|[from] drain|[of] p2a: Iron Crown
|faint|p2a: Iron Crown
|-end|p2a: Iron Crown|Quark Drive|[silent]
|
|upkeep
|
|t:|1758336899
|switch|p2a: Hoopa|Hoopa-Unbound|100/100
|turn|21
|
|t:|1758336905
|move|p2a: Hoopa|Shadow Ball|p1a: toadalizer
|-damage|p1a: toadalizer|40/100
|-start|p1a: toadalizer|Charge|Shadow Ball|[from] ability: Electromorphosis
|-item|p2a: Hoopa|Choice Specs|[from] ability: Magician|[of] p1a: toadalizer
|move|p1a: toadalizer|Parabolic Charge|p2a: Hoopa
|-damage|p2a: Hoopa|51/100
|-heal|p1a: toadalizer|61/100|[from] drain|[of] p2a: Hoopa
|-end|p1a: toadalizer|Charge|[silent]
|
|upkeep
|turn|22
|
|t:|1758336918
|move|p2a: Hoopa|Shadow Ball|p1a: toadalizer
|-damage|p1a: toadalizer|8/100
|-start|p1a: toadalizer|Charge|Shadow Ball|[from] ability: Electromorphosis
|move|p1a: toadalizer|Parabolic Charge|p2a: Hoopa
|-damage|p2a: Hoopa|0 fnt
|-heal|p1a: toadalizer|29/100|[from] drain|[of] p2a: Hoopa
|faint|p2a: Hoopa
|-end|p1a: toadalizer|Charge|[silent]
|
|win|gigapoophater
|raw|gigapoophater's rating: 1092 &rarr; <strong>1121</strong><br />(+29 for winning)
|raw|Ruby876's rating: 1127 &rarr; <strong>1099</strong><br />(-28 for losing)
