|j|☆Quiero mucho a Mar
|j|☆luxgia
|t:|1758279116
|gametype|singles
|player|p1|Quiero mucho a Mar|firebreather-gen2|1688
|player|p2|luxgia|byron|1686
|gen|9
|tier|[Gen 9] OU
|rated|
|rule|HP Percentage Mod: HP is shown in percentages
|rule|Endless Battle Clause: Forcing endless battles is banned
|rule|Species Clause: Limit one of each Pokémon
|rule|OHKO Clause: OHKO moves are banned
|rule|Evasion Items Clause: Evasion items are banned
|rule|Evasion Moves Clause: Evasion moves are banned
|rule|Evasion Abilities Clause: Evasion abilities are banned
|rule|Sleep Moves Clause: Sleep-inducing moves are banned
|clearpoke
|poke|p1|Slowking-Galar, M|
|poke|p1|Great Tusk|
|poke|p1|Arcanine-Hisui, M|
|poke|p1|Corviknight, F|
|poke|p1|Dragapult, F|
|poke|p1|Darkrai|
|poke|p2|Iron Crown|
|poke|p2|Samurott-Hisui, M|
|poke|p2|Zapdos|
|poke|p2|Dragapult, F|
|poke|p2|Great Tusk|
|poke|p2|Iron Boulder|
|teampreview
|j| wgw2333
|
|t:|1758279171
|teamsize|p1|6
|teamsize|p2|6
|start
|switch|p1a: Dragapult|Dragapult, F|100/100
|switch|p2a: Everytime We Touch|Samurott-Hisui, M|100/100
|turn|1
|inactive|Battle timer is ON: inactive players will automatically lose when time's up. (requested by luxgia)
|
|t:|1758279176
|switch|p1a: Corviknight|Corviknight, F|100/100
|-ability|p1a: Corviknight|Pressure
|move|p2a: Everytime We Touch|Ceaseless Edge|p1a: Corviknight
|-damage|p1a: Corviknight|72/100
|-damage|p2a: Everytime We Touch|84/100|[from] item: Rocky Helmet|[of] p1a: Corviknight
|-sidestart|p1: Quiero mucho a Mar|Spikes
|
|upkeep
|turn|2
|
|t:|1758279180
|switch|p2a: Hurikan|Zapdos|100/100
|move|p1a: Corviknight|U-turn|p2a: Hurikan
|-resisted|p2a: Hurikan
|-damage|p2a: Hurikan|96/100
|
|t:|1758279182
|switch|p1a: Slowking|Slowking-Galar, M|100/100|[from] U-turn
|
|upkeep
|turn|3
|
|t:|1758279186
|move|p2a: Hurikan|U-turn|p1a: Slowking
|-damage|p1a: Slowking|87/100
|
|t:|1758279188
|switch|p2a: Everytime We Touch|Samurott-Hisui, M|84/100|[from] U-turn
|-prepare|p1a: Slowking|Chilly Reception|[premajor]
|move|p1a: Slowking|Chilly Reception|p1a: Slowking
|-weather|Snowscape
|
|t:|1758279190
|switch|p1a: Great Tusk|Great Tusk|100/100|[from] Chilly Reception
|
|-weather|Snowscape|[upkeep]
|upkeep
|turn|4
|
|t:|1758279193
|move|p2a: Everytime We Touch|Flip Turn|p1a: Great Tusk
|-supereffective|p1a: Great Tusk
|-damage|p1a: Great Tusk|60/100
|
|t:|1758279196
|switch|p2a: Hurikan|Zapdos|96/100|[from] Flip Turn
|move|p1a: Great Tusk|Stealth Rock|p2a: Hurikan
|-sidestart|p2: luxgia|move: Stealth Rock
|
|-weather|Snowscape|[upkeep]
|upkeep
|turn|5
|
|t:|1758279199
|-end|p1a: Great Tusk|Protosynthesis|[silent]
|switch|p1a: Slowking|Slowking-Galar, M|100/100
|move|p2a: Hurikan|Hurricane|p1a: Slowking
|-damage|p1a: Slowking|76/100
|
|-weather|Snowscape|[upkeep]
|upkeep
|turn|6
|
|t:|1758279201
|move|p2a: Hurikan|U-turn|p1a: Slowking
|-damage|p1a: Slowking|61/100
|
|t:|1758279205
|switch|p2a: Pump It|Great Tusk|100/100|[from] U-turn
|-prepare|p1a: Slowking|Chilly Reception|[premajor]
|move|p1a: Slowking|Chilly Reception|p1a: Slowking
|
|t:|1758279208
|switch|p1a: Darkrai|Darkrai|100/100|[from] Chilly Reception
|-damage|p1a: Darkrai|88/100|[from] Spikes
|
|-weather|Snowscape|[upkeep]
|-heal|p1a: Darkrai|94/100|[from] item: Leftovers
|upkeep
|turn|7
|
|t:|1758279215
|move|p1a: Darkrai|Will-O-Wisp|p2a: Pump It
|-status|p2a: Pump It|brn
|move|p2a: Pump It|Rapid Spin|p1a: Darkrai
|-damage|p1a: Darkrai|83/100
|-boost|p2a: Pump It|spe|1
|-sideend|p2: luxgia|Stealth Rock|[from] move: Rapid Spin|[of] p2a: Pump It
|
|-weather|none
|-heal|p1a: Darkrai|89/100|[from] item: Leftovers
|-damage|p2a: Pump It|94/100 brn|[from] brn
|upkeep
|turn|8
|
|t:|1758279221
|move|p2a: Pump It|Stealth Rock|p1a: Darkrai
|-sidestart|p1: Quiero mucho a Mar|move: Stealth Rock
|move|p1a: Darkrai|Nasty Plot|p1a: Darkrai
|-boost|p1a: Darkrai|spa|2
|
|-heal|p1a: Darkrai|95/100|[from] item: Leftovers
|-damage|p2a: Pump It|88/100 brn|[from] brn
|upkeep
|turn|9
|
|t:|1758279225
|move|p2a: Pump It|Headlong Rush|p1a: Darkrai
|-damage|p1a: Darkrai|53/100
|-unboost|p2a: Pump It|def|1
|-unboost|p2a: Pump It|spd|1
|move|p1a: Darkrai|Dark Pulse|p2a: Pump It
|-resisted|p2a: Pump It
|-damage|p2a: Pump It|0 fnt
|faint|p2a: Pump It
|-end|p2a: Pump It|Protosynthesis|[silent]
|
|-heal|p1a: Darkrai|59/100|[from] item: Leftovers
|upkeep
|
|t:|1758279231
|switch|p2a: Parasite|Dragapult, F|100/100
|turn|10
|
|t:|1758279242
|switch|p1a: Corviknight|Corviknight, F|72/100
|-damage|p1a: Corviknight|60/100|[from] Stealth Rock
|-ability|p1a: Corviknight|Pressure
|move|p2a: Parasite|U-turn|p1a: Corviknight
|-resisted|p1a: Corviknight
|-damage|p1a: Corviknight|54/100
|-damage|p2a: Parasite|84/100|[from] item: Rocky Helmet|[of] p1a: Corviknight
|
|t:|1758279251
|switch|p2a: Mindreader|Iron Crown|100/100|[from] U-turn
|
|upkeep
|turn|11
|
|t:|1758279255
|switch|p1a: Slowking|Slowking-Galar, M|94/100
|move|p2a: Mindreader|Volt Switch|p1a: Slowking
|-damage|p1a: Slowking|73/100
|
|t:|1758279265
|-end|p2a: Mindreader|Quark Drive|[silent]
|switch|p2a: Everytime We Touch|Samurott-Hisui, M|84/100|[from] Volt Switch
|
|upkeep
|turn|12
|
|t:|1758279267
|switch|p1a: Arcanine|Arcanine-Hisui, M|100/100
|-damage|p1a: Arcanine|88/100|[from] Spikes
|-damage|p1a: Arcanine|63/100|[from] Stealth Rock
|move|p2a: Everytime We Touch|Flip Turn|p1a: Arcanine
|-supereffective|p1a: Arcanine
|-damage|p1a: Arcanine|0 fnt
|faint|p1a: Arcanine
|
|t:|1758279277
|switch|p2a: Mindreader|Iron Crown|100/100|[from] Flip Turn
|
|upkeep
|
|t:|1758279281
|switch|p1a: Dragapult|Dragapult, F|100/100
|-damage|p1a: Dragapult|88/100|[from] Spikes
|-damage|p1a: Dragapult|76/100|[from] Stealth Rock
|turn|13
|
|t:|1758279288
|-end|p2a: Mindreader|Quark Drive|[silent]
|switch|p2a: Hurikan|Zapdos|96/100
|-terastallize|p1a: Dragapult|Ghost
|move|p1a: Dragapult|Tera Blast|p2a: Hurikan|[anim] Tera Blast Ghost
|-damage|p2a: Hurikan|35/100
|
|upkeep
|turn|14
|
|t:|1758279292
|switch|p2a: Everytime We Touch|Samurott-Hisui, M|84/100
|move|p1a: Dragapult|Tera Blast|p2a: Everytime We Touch|[anim] Tera Blast Ghost
|-resisted|p2a: Everytime We Touch
|-damage|p2a: Everytime We Touch|31/100
|
|upkeep
|turn|15
|
|t:|1758279295
|switch|p1a: Great Tusk|Great Tusk|60/100
|move|p2a: Everytime We Touch|Ceaseless Edge|p1a: Great Tusk
|-resisted|p1a: Great Tusk
|-damage|p1a: Great Tusk|45/100
|-sidestart|p1: Quiero mucho a Mar|Spikes
|
|upkeep
|turn|16
|
|t:|1758279300
|switch|p2a: Parasite|Dragapult, F|84/100
|move|p1a: Great Tusk|Headlong Rush|p2a: Parasite
|-damage|p2a: Parasite|6/100
|-unboost|p1a: Great Tusk|def|1
|-unboost|p1a: Great Tusk|spd|1
|
|upkeep
|turn|17
|
|t:|1758279307
|-end|p1a: Great Tusk|Protosynthesis|[silent]
|switch|p1a: Corviknight|Corviknight, F|54/100
|-damage|p1a: Corviknight|42/100|[from] Stealth Rock
|-ability|p1a: Corviknight|Pressure
|move|p2a: Parasite|U-turn|p1a: Corviknight
|-resisted|p1a: Corviknight
|-crit|p1a: Corviknight
|-damage|p1a: Corviknight|34/100
|-damage|p2a: Parasite|0 fnt|[from] item: Rocky Helmet|[of] p1a: Corviknight
|faint|p2a: Parasite
|
|upkeep
|
|t:|1758279318
|switch|p2a: Mindreader|Iron Crown|100/100
|turn|18
|
|t:|1758279323
|switch|p1a: Slowking|Slowking-Galar, M|100/100
|move|p2a: Mindreader|Tachyon Cutter|p1a: Slowking
|-damage|p1a: Slowking|78/100
|-damage|p1a: Slowking|58/100
|-hitcount|p1a: Slowking|2
|
|upkeep
|turn|19
|
|t:|1758279331
|-end|p2a: Mindreader|Quark Drive|[silent]
|switch|p2a: Hurikan|Zapdos|35/100
|-prepare|p1a: Slowking|Chilly Reception|[premajor]
|move|p1a: Slowking|Chilly Reception|p1a: Slowking
|-weather|Snowscape
|
|t:|1758279334
|switch|p1a: Great Tusk|Great Tusk|45/100|[from] Chilly Reception
|
|-weather|Snowscape|[upkeep]
|upkeep
|turn|20
|
|t:|1758279340
|move|p1a: Great Tusk|Rapid Spin|p2a: Hurikan
|-damage|p2a: Hurikan|23/100
|-boost|p1a: Great Tusk|spe|1
|-sideend|p1: Quiero mucho a Mar|Spikes|[from] move: Rapid Spin|[of] p1a: Great Tusk
|-sideend|p1: Quiero mucho a Mar|Stealth Rock|[from] move: Rapid Spin|[of] p1a: Great Tusk
|move|p2a: Hurikan|Hurricane|p1a: Great Tusk|[miss]
|-miss|p2a: Hurikan|p1a: Great Tusk
|
|-weather|Snowscape|[upkeep]
|upkeep
|turn|21
|
|t:|1758279345
|move|p1a: Great Tusk|Ice Spinner|p2a: Hurikan
|-supereffective|p2a: Hurikan
|-damage|p2a: Hurikan|0 fnt
|faint|p2a: Hurikan
|
|-weather|Snowscape|[upkeep]
|upkeep
|
|t:|1758279351
|switch|p2a: Revery|Iron Boulder|100/100
|-enditem|p2a: Revery|Booster Energy
|-activate|p2a: Revery|ability: Quark Drive|[fromitem]
|-start|p2a: Revery|quarkdrivespe
|turn|22
|
|t:|1758279353
|move|p2a: Revery|Zen Headbutt|p1a: Great Tusk
|-supereffective|p1a: Great Tusk
|-damage|p1a: Great Tusk|0 fnt
|faint|p1a: Great Tusk
|-end|p1a: Great Tusk|Protosynthesis|[silent]
|
|-weather|Snowscape|[upkeep]
|upkeep
|
|t:|1758279358
|switch|p1a: Corviknight|Corviknight, F|34/100
|-ability|p1a: Corviknight|Pressure
|turn|23
|
|t:|1758279361
|move|p2a: Revery|Mighty Cleave|p1a: Corviknight
|-damage|p1a: Corviknight|4/100
|-damage|p2a: Revery|84/100|[from] item: Rocky Helmet|[of] p1a: Corviknight
|move|p1a: Corviknight|Roost|p1a: Corviknight
|-heal|p1a: Corviknight|54/100
|-singleturn|p1a: Corviknight|move: Roost
|
|-weather|none
|upkeep
|turn|24
|
|t:|1758279365
|move|p2a: Revery|Swords Dance|p2a: Revery
|-boost|p2a: Revery|atk|2
|move|p1a: Corviknight|Roost|p1a: Corviknight
|-heal|p1a: Corviknight|100/100
|-singleturn|p1a: Corviknight|move: Roost
|
|upkeep
|turn|25
|
|t:|1758279368
|move|p2a: Revery|Mighty Cleave|p1a: Corviknight
|-damage|p1a: Corviknight|44/100
|-damage|p2a: Revery|67/100|[from] item: Rocky Helmet|[of] p1a: Corviknight
|move|p1a: Corviknight|Body Press|p2a: Revery
|-damage|p2a: Revery|34/100
|
|upkeep
|turn|26
|
|t:|1758279371
|move|p2a: Revery|Mighty Cleave|p1a: Corviknight
|-damage|p1a: Corviknight|0 fnt
|-damage|p2a: Revery|17/100|[from] item: Rocky Helmet|[of] p1a: Corviknight
|faint|p1a: Corviknight
|
|upkeep
|
|t:|1758279375
|switch|p1a: Slowking|Slowking-Galar, M|91/100
|turn|27
|
|t:|1758279379
|move|p2a: Revery|Mighty Cleave|p1a: Slowking
|-damage|p1a: Slowking|0 fnt
|faint|p1a: Slowking
|
|upkeep
|
|t:|1758279383
|switch|p1a: Dragapult|Dragapult, F, tera:Ghost|76/100
|turn|28
|
|t:|1758279386
|move|p1a: Dragapult|Sucker Punch|p2a: Revery
|-supereffective|p2a: Revery
|-damage|p2a: Revery|0 fnt
|faint|p2a: Revery
|-end|p2a: Revery|Quark Drive|[silent]
|
|upkeep
|
|t:|1758279395
|switch|p2a: Mindreader|Iron Crown|100/100
|turn|29
|
|t:|1758279398
|move|p1a: Dragapult|Sucker Punch|p2a: Mindreader
|-supereffective|p2a: Mindreader
|-damage|p2a: Mindreader|24/100
|move|p2a: Mindreader|Tachyon Cutter|p1a: Dragapult
|-damage|p1a: Dragapult|27/100
|-damage|p1a: Dragapult|0 fnt
|faint|p1a: Dragapult
|-hitcount|p1: Dragapult|2
|
|upkeep
|
|t:|1758279400
|switch|p1a: Darkrai|Darkrai|59/100
|turn|30
|
|t:|1758279405
|move|p1a: Darkrai|Dark Pulse|p2a: Mindreader
|-supereffective|p2a: Mindreader
|-damage|p2a: Mindreader|0 fnt
|faint|p2a: Mindreader
|-end|p2a: Mindreader|Quark Drive|[silent]
|
|-heal|p1a: Darkrai|65/100|[from] item: Leftovers
|upkeep
|
|t:|1758279407
|switch|p2a: Everytime We Touch|Samurott-Hisui, M|31/100
|turn|31
|c|☆Quiero mucho a Mar|scarf hamurott win yeah
|c|☆Quiero mucho a Mar|gg
|
|t:|1758279416
|move|p2a: Everytime We Touch|Sacred Sword|p1a: Darkrai
|-supereffective|p1a: Darkrai
|-damage|p1a: Darkrai|0 fnt
|faint|p1a: Darkrai
|
|win|luxgia
|raw|Quiero mucho a Mar's rating: 1688 &rarr; <strong>1668</strong><br />(-20 for losing)
|raw|luxgia's rating: 1686 &rarr; <strong>1706</strong><br />(+20 for winning)
|c|☆luxgia|gg
|l|☆Quiero mucho a Mar
|player|p1|
|l|☆luxgia
|player|p2|
|l| wgw2333
