|j|☆PlonkDaGod
|j|☆bengalsfan1
|t:|1758243276
|gametype|singles
|player|p1|PlonkDaGod|rosa|1157
|player|p2|bengalsfan1|1|1173
|gen|9
|tier|[Gen 9] OU
|rated|
|rule|HP Percentage Mod: HP is shown in percentages
|rule|Endless Battle Clause: Forcing endless battles is banned
|rule|Species Clause: Limit one of each Pokémon
|rule|OHKO Clause: OHKO moves are banned
|rule|Evasion Items Clause: Evasion items are banned
|rule|Evasion Moves Clause: Evasion moves are banned
|rule|Evasion Abilities Clause: Evasion abilities are banned
|rule|Sleep Moves Clause: Sleep-inducing moves are banned
|clearpoke
|poke|p1|Arcanine-Hisui, F|
|poke|p1|Rotom-Wash|
|poke|p1|Garganacl, M|
|poke|p1|Meowscarada, M|
|poke|p1|Great Tusk|
|poke|p1|Latias, F|
|poke|p2|Arcanine, F|
|poke|p2|Sandslash, M|
|poke|p2|Venomoth, M|
|poke|p2|Raichu, M|
|poke|p2|Articuno|
|poke|p2|Dragonite, M|
|teampreview
|
|t:|1758243293
|teamsize|p1|6
|teamsize|p2|6
|start
|switch|p1a: Rotom|Rotom-Wash|100/100
|switch|p2a: Raichu|Raichu, M|100/100
|turn|1
|
|t:|1758243313
|move|p2a: Raichu|Thunderbolt|p1a: Rotom
|-damage|p1a: Rotom|46/100
|move|p1a: Rotom|Hydro Pump|p2a: Raichu
|-damage|p2a: Raichu|43/100
|
|-heal|p1a: Rotom|52/100|[from] item: Leftovers
|upkeep
|turn|2
|
|t:|1758243329
|switch|p2a: Arcanine|Arcanine, F|100/100
|-ability|p2a: Arcanine|Intimidate|boost
|-unboost|p1a: Rotom|atk|1
|move|p1a: Rotom|Protect||[still]
|-fail|p1a: Rotom
|
|-heal|p1a: Rotom|59/100|[from] item: Leftovers
|upkeep
|turn|3
|
|t:|1758243344
|switch|p2a: Dragonite|Dragonite, M|100/100
|move|p1a: Rotom|Hydro Pump|p2a: Dragonite
|-resisted|p2a: Dragonite
|-damage|p2a: Dragonite|89/100
|
|-heal|p1a: Rotom|65/100|[from] item: Leftovers
|upkeep
|turn|4
|
|t:|1758243355
|switch|p2a: Raichu|Raichu, M|43/100
|move|p1a: Rotom|Will-O-Wisp|p2a: Raichu
|-status|p2a: Raichu|brn
|
|-heal|p1a: Rotom|71/100|[from] item: Leftovers
|-damage|p2a: Raichu|37/100 brn|[from] brn
|upkeep
|turn|5
|
|t:|1758243368
|-terastallize|p2a: Raichu|Fairy
|move|p2a: Raichu|Tera Blast|p1a: Rotom|[anim] Tera Blast Fairy
|-damage|p1a: Rotom|23/100
|move|p1a: Rotom|Hydro Pump|p2a: Raichu
|-damage|p2a: Raichu|0 fnt
|faint|p2a: Raichu
|
|-heal|p1a: Rotom|29/100|[from] item: Leftovers
|upkeep
|
|t:|1758243379
|switch|p2a: Venomoth|Venomoth, M|100/100
|turn|6
|
|t:|1758243394
|move|p2a: Venomoth|Quiver Dance|p2a: Venomoth
|-boost|p2a: Venomoth|spa|1
|-boost|p2a: Venomoth|spd|1
|-boost|p2a: Venomoth|spe|1
|move|p1a: Rotom|Volt Switch|p2a: Venomoth
|-damage|p2a: Venomoth|73/100
|
|t:|1758243406
|switch|p1a: Arcanine|Arcanine-Hisui, F|100/100|[from] Volt Switch
|
|upkeep
|turn|7
|
|t:|1758243419
|move|p2a: Venomoth|Giga Drain|p1a: Arcanine
|-damage|p1a: Arcanine|61/100
|-heal|p2a: Venomoth|97/100|[from] drain|[of] p1a: Arcanine
|move|p1a: Arcanine|Flare Blitz|p2a: Venomoth
|-supereffective|p2a: Venomoth
|-damage|p2a: Venomoth|0 fnt
|faint|p2a: Venomoth
|
|upkeep
|
|t:|1758243428
|switch|p2a: Sandslash|Sandslash, M|100/100
|turn|8
|
|t:|1758243453
|-terastallize|p1a: Arcanine|Normal
|move|p1a: Arcanine|Flare Blitz|p2a: Sandslash
|-damage|p2a: Sandslash|23/100
|-status|p2a: Sandslash|brn
|move|p2a: Sandslash|Rapid Spin|p1a: Arcanine
|-damage|p1a: Arcanine|51/100
|-boost|p2a: Sandslash|spe|1
|
|-damage|p2a: Sandslash|17/100 brn|[from] brn
|upkeep
|turn|9
|-message|bengalsfan1 forfeited.
|
|win|PlonkDaGod
|raw|PlonkDaGod's rating: 1157 &rarr; <strong>1183</strong><br />(+26 for winning)
|raw|bengalsfan1's rating: 1173 &rarr; <strong>1147</strong><br />(-26 for losing)
|l|☆bengalsfan1
|player|p2|
|l|☆PlonkDaGod
|player|p1|
