|j|☆Messibelino
|j|☆adsdef
|t:|1758293364
|gametype|singles
|player|p1|Messibelino|buck|1108
|player|p2|adsdef|youngn|1119
|gen|9
|tier|[Gen 9] OU
|rated|
|rule|HP Percentage Mod: HP is shown in percentages
|rule|Endless Battle Clause: Forcing endless battles is banned
|rule|Species Clause: Limit one of each Pokémon
|rule|OHKO Clause: OHKO moves are banned
|rule|Evasion Items Clause: Evasion items are banned
|rule|Evasion Moves Clause: Evasion moves are banned
|rule|Evasion Abilities Clause: Evasion abilities are banned
|rule|Sleep Moves Clause: Sleep-inducing moves are banned
|clearpoke
|poke|p1|Ampharos, M|
|poke|p1|Dragonite, M|
|poke|p1|Feraligatr, M|
|poke|p1|Weavile, M|
|poke|p1|Dragapult, M|
|poke|p1|Infernape, M|
|poke|p2|Polteageist|
|poke|p2|Kleavor, F|
|poke|p2|Necrozma|
|poke|p2|Komala, F|
|poke|p2|Braviary-Hisui, M|
|poke|p2|Lilligant-Hisui, F|
|teampreview
|inactive|Battle timer is ON: inactive players will automatically lose when time's up. (requested by adsdef)
|
|t:|1758293375
|teamsize|p1|6
|teamsize|p2|6
|start
|switch|p1a: Dragapult|Dragapult, M|100/100
|switch|p2a: Kleavor|Kleavor, F|100/100
|turn|1
|
|t:|1758293383
|move|p1a: Dragapult|Dragon Dance|p1a: Dragapult
|-boost|p1a: Dragapult|atk|1
|-boost|p1a: Dragapult|spe|1
|move|p2a: Kleavor|Tailwind|p2a: Kleavor
|-sidestart|p2: adsdef|move: Tailwind
|
|upkeep
|turn|2
|inactive|adsdef has 120 seconds left.
|
|t:|1758293437
|move|p1a: Dragapult|Dragon Darts|p2a: Kleavor
|-damage|p2a: Kleavor|34/100
|-anim|p1a: Dragapult|Dragon Darts|p2a: Kleavor
|-damage|p2a: Kleavor|0 fnt
|faint|p2a: Kleavor
|-damage|p1a: Dragapult|91/100|[from] item: Life Orb
|
|upkeep
|inactive|adsdef has 90 seconds left.
|
|t:|1758293453
|switch|p2a: Komala|Komala, F|100/100
|-ability|p2a: Komala|Comatose
|turn|3
|
|t:|1758293457
|move|p1a: Dragapult|Dragon Darts|p2a: Komala
|-damage|p2a: Komala|38/100
|-anim|p1a: Dragapult|Dragon Darts|p2a: Komala
|-damage|p2a: Komala|0 fnt
|faint|p2a: Komala
|-damage|p1a: Dragapult|81/100|[from] item: Life Orb
|
|upkeep
|
|t:|1758293471
|switch|p2a: Lilligant|Lilligant-Hisui, F|100/100
|turn|4
|
|t:|1758293475
|move|p2a: Lilligant|Protect|p2a: Lilligant
|-singleturn|p2a: Lilligant|Protect
|move|p1a: Dragapult|Psychic Fangs|p2a: Lilligant
|-activate|p2a: Lilligant|move: Protect
|
|-sideend|p2: adsdef|move: Tailwind
|upkeep
|turn|5
|
|t:|1758293481
|-terastallize|p2a: Lilligant|Grass
|move|p1a: Dragapult|Dragon Darts|p2a: Lilligant
|-damage|p2a: Lilligant|19/100
|-anim|p1a: Dragapult|Dragon Darts|p2a: Lilligant
|-damage|p2a: Lilligant|0 fnt
|faint|p2a: Lilligant
|-damage|p1a: Dragapult|71/100|[from] item: Life Orb
|
|upkeep
|
|t:|1758293487
|switch|p2a: Braviary|Braviary-Hisui, M|100/100
|turn|6
|
|t:|1758293497
|move|p1a: Dragapult|Dragon Darts|p2a: Braviary
|-damage|p2a: Braviary|31/100
|-anim|p1a: Dragapult|Dragon Darts|p2a: Braviary
|-damage|p2a: Braviary|0 fnt
|faint|p2a: Braviary
|-damage|p1a: Dragapult|61/100|[from] item: Life Orb
|
|upkeep
|
|t:|1758293500
|switch|p2a: Necrozma|Necrozma|100/100
|turn|7
|
|t:|1758293513
|-terastallize|p1a: Dragapult|Dragon
|move|p1a: Dragapult|Dragon Darts|p2a: Necrozma
|-damage|p2a: Necrozma|38/100
|-anim|p1a: Dragapult|Dragon Darts|p2a: Necrozma
|-damage|p2a: Necrozma|0 fnt
|faint|p2a: Necrozma
|-damage|p1a: Dragapult|52/100|[from] item: Life Orb
|
|upkeep
|
|t:|1758293519
|switch|p2a: Polteageist|Polteageist|100/100
|turn|8
|
|t:|1758293522
|move|p1a: Dragapult|Dragon Darts|p2a: Polteageist
|-enditem|p2a: Polteageist|Focus Sash
|-damage|p2a: Polteageist|1/100
|-ability|p2a: Polteageist|Weak Armor|boost
|-unboost|p2a: Polteageist|def|1
|-boost|p2a: Polteageist|spe|2
|-anim|p1a: Dragapult|Dragon Darts|p2a: Polteageist
|-damage|p2a: Polteageist|0 fnt
|faint|p2a: Polteageist
|-damage|p1a: Dragapult|42/100|[from] item: Life Orb
|
|win|Messibelino
|raw|Messibelino's rating: 1108 &rarr; <strong>1134</strong><br />(+26 for winning)
|raw|adsdef's rating: 1119 &rarr; <strong>1093</strong><br />(-26 for losing)
|l|☆adsdef
|player|p2|
|l|☆Messibelino
|player|p1|
