|j|☆euthica
|j|☆ovlop
|t:|1758284944
|gametype|singles
|player|p1|euthica|dahlia|1091
|player|p2|ovlop|170|1086
|gen|9
|tier|[Gen 9] OU
|rated|
|rule|HP Percentage Mod: HP is shown in percentages
|rule|Endless Battle Clause: Forcing endless battles is banned
|rule|Species Clause: Limit one of each Pokémon
|rule|OHKO Clause: OHKO moves are banned
|rule|Evasion Items Clause: Evasion items are banned
|rule|Evasion Moves Clause: Evasion moves are banned
|rule|Evasion Abilities Clause: Evasion abilities are banned
|rule|Sleep Moves Clause: Sleep-inducing moves are banned
|clearpoke
|poke|p1|Kingambit, M|
|poke|p1|Meowscarada, M|
|poke|p1|Ursaluna, M|
|poke|p1|Great Tusk|
|poke|p1|Gholdengo|
|poke|p1|Primarina, F|
|poke|p2|Garchomp, M|
|poke|p2|Corviknight, M|
|poke|p2|Pawmot, F|
|poke|p2|Greedent, F|
|poke|p2|Klawf, M|
|poke|p2|Greninja-*, M|
|teampreview
|
|t:|1758284951
|teamsize|p1|6
|teamsize|p2|6
|start
|switch|p1a: Great Tusk|Great Tusk|100/100
|switch|p2a: Greedent|Greedent, F|100/100
|turn|1
|
|t:|1758284966
|move|p1a: Great Tusk|Stealth Rock|p2a: Greedent
|-sidestart|p2: ovlop|move: Stealth Rock
|move|p2a: Greedent|Stuff Cheeks|p2a: Greedent
|-boost|p2a: Greedent|def|2
|-enditem|p2a: Greedent|Starf Berry|[eat]
|-boost|p2a: Greedent|def|2|[from] item: Starf Berry
|
|upkeep
|turn|2
|
|t:|1758284991
|-end|p1a: Great Tusk|Protosynthesis|[silent]
|switch|p1a: Gholdengo|Gholdengo|100/100
|move|p2a: Greedent|Curse|p2a: Greedent
|-unboost|p2a: Greedent|spe|1
|-boost|p2a: Greedent|atk|1
|-boost|p2a: Greedent|def|1
|
|upkeep
|turn|3
|
|t:|1758285000
|move|p1a: Gholdengo|Make It Rain|p2a: Greedent
|-damage|p2a: Greedent|42/100
|-unboost|p1a: Gholdengo|spa|1
|move|p2a: Greedent|Gyro Ball|p1a: Gholdengo
|-resisted|p1a: Gholdengo
|-damage|p1a: Gholdengo|78/100
|
|upkeep
|turn|4
|
|t:|1758285013
|move|p1a: Gholdengo|Make It Rain|p2a: Greedent
|-damage|p2a: Greedent|2/100
|-unboost|p1a: Gholdengo|spa|1
|move|p2a: Greedent|Gyro Ball|p1a: Gholdengo
|-resisted|p1a: Gholdengo
|-crit|p1a: Gholdengo
|-damage|p1a: Gholdengo|46/100
|
|upkeep
|turn|5
|
|t:|1758285021
|move|p1a: Gholdengo|Recover|p1a: Gholdengo
|-heal|p1a: Gholdengo|96/100
|move|p2a: Greedent|Gyro Ball|p1a: Gholdengo
|-resisted|p1a: Gholdengo
|-damage|p1a: Gholdengo|76/100
|
|upkeep
|turn|6
|
|t:|1758285026
|move|p1a: Gholdengo|Nasty Plot|p1a: Gholdengo
|-boost|p1a: Gholdengo|spa|2
|move|p2a: Greedent|Gyro Ball|p1a: Gholdengo
|-resisted|p1a: Gholdengo
|-damage|p1a: Gholdengo|56/100
|
|upkeep
|turn|7
|
|t:|1758285031
|move|p1a: Gholdengo|Nasty Plot|p1a: Gholdengo
|-boost|p1a: Gholdengo|spa|2
|move|p2a: Greedent|Gyro Ball|p1a: Gholdengo
|-resisted|p1a: Gholdengo
|-damage|p1a: Gholdengo|35/100
|
|upkeep
|turn|8
|
|t:|1758285037
|move|p1a: Gholdengo|Recover|p1a: Gholdengo
|-heal|p1a: Gholdengo|85/100
|move|p2a: Greedent|Gyro Ball|p1a: Gholdengo
|-resisted|p1a: Gholdengo
|-damage|p1a: Gholdengo|63/100
|
|upkeep
|turn|9
|
|t:|1758285042
|move|p1a: Gholdengo|Make It Rain|p2a: Greedent
|-crit|p2a: Greedent
|-damage|p2a: Greedent|0 fnt
|-unboost|p1a: Gholdengo|spa|1
|faint|p2a: Greedent
|
|upkeep
|inactive|Battle timer is ON: inactive players will automatically lose when time's up. (requested by euthica)
|
|t:|1758285059
|switch|p2a: Garchomp|Garchomp, M|100/100
|-damage|p2a: Garchomp|94/100|[from] Stealth Rock
|turn|10
|
|t:|1758285064
|move|p2a: Garchomp|Earthquake|p1a: Gholdengo
|-supereffective|p1a: Gholdengo
|-damage|p1a: Gholdengo|0 fnt
|faint|p1a: Gholdengo
|
|upkeep
|
|t:|1758285067
|switch|p1a: Primarina|Primarina, F|100/100
|turn|11
|
|t:|1758285075
|move|p2a: Garchomp|Earthquake|p1a: Primarina
|-damage|p1a: Primarina|33/100
|move|p1a: Primarina|Calm Mind|p1a: Primarina
|-boost|p1a: Primarina|spa|1
|-boost|p1a: Primarina|spd|1
|
|-heal|p1a: Primarina|40/100|[from] item: Leftovers
|upkeep
|turn|12
|
|t:|1758285082
|move|p2a: Garchomp|Earthquake|p1a: Primarina
|-damage|p1a: Primarina|0 fnt
|faint|p1a: Primarina
|
|upkeep
|
|t:|1758285086
|switch|p1a: Meowscarada|Meowscarada, M|100/100
|turn|13
|
|t:|1758285095
|switch|p2a: Corviknight|Corviknight, M|100/100
|-damage|p2a: Corviknight|88/100|[from] Stealth Rock
|move|p1a: Meowscarada|Play Rough|p2a: Corviknight
|-resisted|p2a: Corviknight
|-damage|p2a: Corviknight|77/100
|
|upkeep
|turn|14
|
|t:|1758285103
|move|p1a: Meowscarada|U-turn|p2a: Corviknight
|-resisted|p2a: Corviknight
|-damage|p2a: Corviknight|73/100
|
|t:|1758285106
|switch|p1a: Kingambit|Kingambit, M|100/100|[from] U-turn
|-activate|p1a: Kingambit|ability: Supreme Overlord
|-start|p1a: Kingambit|fallen2|[silent]
|move|p2a: Corviknight|Brave Bird|p1a: Kingambit
|-resisted|p1a: Kingambit
|-damage|p1a: Kingambit|78/100
|-damage|p2a: Corviknight|67/100|[from] Recoil
|
|upkeep
|turn|15
|
|t:|1758285117
|-end|p1a: Kingambit|fallen2|[silent]
|switch|p1a: Ursaluna|Ursaluna, M|100/100
|move|p2a: Corviknight|Iron Head|p1a: Ursaluna
|-damage|p1a: Ursaluna|73/100
|
|-status|p1a: Ursaluna|brn|[from] item: Flame Orb
|upkeep
|turn|16
|
|t:|1758285125
|move|p1a: Ursaluna|Fire Punch|p2a: Corviknight
|-supereffective|p2a: Corviknight
|-damage|p2a: Corviknight|0 fnt
|faint|p2a: Corviknight
|
|-damage|p1a: Ursaluna|67/100 brn|[from] brn
|upkeep
|
|t:|1758285138
|switch|p2a: Klawf|Klawf, M, shiny|100/100
|-damage|p2a: Klawf|88/100|[from] Stealth Rock
|turn|17
|
|t:|1758285145
|-terastallize|p2a: Klawf|Flying
|move|p2a: Klawf|Trailblaze|p1a: Ursaluna
|-supereffective|p1a: Ursaluna
|-damage|p1a: Ursaluna|41/100 brn
|-boost|p2a: Klawf|spe|1
|move|p1a: Ursaluna|Headlong Rush|p2a: Klawf
|-immune|p2a: Klawf
|
|-heal|p2a: Klawf|94/100|[from] item: Leftovers
|-damage|p1a: Ursaluna|35/100 brn|[from] brn
|upkeep
|turn|18
|
|t:|1758285161
|move|p2a: Klawf|Crabhammer|p1a: Ursaluna|[miss]
|-miss|p2a: Klawf|p1a: Ursaluna
|move|p1a: Ursaluna|Facade|p2a: Klawf
|-damage|p2a: Klawf|0 fnt
|faint|p2a: Klawf
|
|-damage|p1a: Ursaluna|29/100 brn|[from] brn
|upkeep
|
|t:|1758285169
|switch|p2a: Greninja|Greninja, M|100/100
|-damage|p2a: Greninja|88/100|[from] Stealth Rock
|turn|19
|
|t:|1758285174
|move|p2a: Greninja|Water Shuriken|p1a: Ursaluna
|-supereffective|p1a: Ursaluna
|-crit|p1a: Ursaluna
|-damage|p1a: Ursaluna|11/100 brn
|-supereffective|p1a: Ursaluna
|-damage|p1a: Ursaluna|0 fnt
|faint|p1a: Ursaluna
|-ability|p2a: Greninja|Battle Bond|boost
|-boost|p2a: Greninja|atk|1
|-boost|p2a: Greninja|spa|1
|-boost|p2a: Greninja|spe|1
|-activate|p2a: Greninja|ability: Battle Bond
|-hitcount|p1: Ursaluna|2
|
|upkeep
|
|t:|1758285180
|switch|p1a: Meowscarada|Meowscarada, M|100/100
|turn|20
|
|t:|1758285191
|move|p2a: Greninja|U-turn|p1a: Meowscarada
|-supereffective|p1a: Meowscarada
|-damage|p1a: Meowscarada|0 fnt
|faint|p1a: Meowscarada
|
|t:|1758285203
|switch|p2a: Garchomp|Garchomp, M|94/100|[from] U-turn
|-damage|p2a: Garchomp|88/100|[from] Stealth Rock
|
|upkeep
|
|t:|1758285207
|switch|p1a: Great Tusk|Great Tusk|100/100
|turn|21
|
|t:|1758285217
|move|p2a: Garchomp|Earthquake|p1a: Great Tusk
|-damage|p1a: Great Tusk|53/100
|move|p1a: Great Tusk|Ice Spinner|p2a: Garchomp
|-supereffective|p2a: Garchomp
|-damage|p2a: Garchomp|0 fnt
|-damage|p1a: Great Tusk|41/100|[from] ability: Rough Skin|[of] p2a: Garchomp
|faint|p2a: Garchomp
|
|-heal|p1a: Great Tusk|47/100|[from] item: Leftovers
|upkeep
|
|t:|1758285227
|switch|p2a: Greninja|Greninja, M|88/100
|-damage|p2a: Greninja|76/100|[from] Stealth Rock
|turn|22
|inactive|ovlop has 120 seconds left.
|
|t:|1758285281
|-terastallize|p1a: Great Tusk|Steel
|move|p2a: Greninja|Water Shuriken|p1a: Great Tusk
|-damage|p1a: Great Tusk|38/100
|-damage|p1a: Great Tusk|28/100
|-damage|p1a: Great Tusk|18/100
|-crit|p1a: Great Tusk
|-damage|p1a: Great Tusk|4/100
|-hitcount|p1a: Great Tusk|4
|move|p1a: Great Tusk|Headlong Rush|p2a: Greninja
|-damage|p2a: Greninja|0 fnt
|-unboost|p1a: Great Tusk|def|1
|-unboost|p1a: Great Tusk|spd|1
|faint|p2a: Greninja
|
|-heal|p1a: Great Tusk|10/100|[from] item: Leftovers
|upkeep
|
|t:|1758285295
|switch|p2a: Pawmot|Pawmot, F|100/100
|-damage|p2a: Pawmot|94/100|[from] Stealth Rock
|turn|23
|
|t:|1758285303
|move|p2a: Pawmot|Mach Punch|p1a: Great Tusk
|-supereffective|p1a: Great Tusk
|-damage|p1a: Great Tusk|0 fnt
|faint|p1a: Great Tusk
|-end|p1a: Great Tusk|Protosynthesis|[silent]
|
|upkeep
|
|t:|1758285305
|switch|p1a: Kingambit|Kingambit, M|78/100
|-activate|p1a: Kingambit|ability: Supreme Overlord
|-start|p1a: Kingambit|fallen5|[silent]
|turn|24
|c|☆ovlop|gg
|
|t:|1758285317
|move|p2a: Pawmot|Close Combat|p1a: Kingambit
|-supereffective|p1a: Kingambit
|-damage|p1a: Kingambit|0 fnt
|-unboost|p2a: Pawmot|def|1
|-unboost|p2a: Pawmot|spd|1
|faint|p1a: Kingambit
|-end|p1a: Kingambit|fallen5|[silent]
|
|win|ovlop
|raw|euthica's rating: 1091 &rarr; <strong>1067</strong><br />(-24 for losing)
|raw|ovlop's rating: 1086 &rarr; <strong>1113</strong><br />(+27 for winning)
|l|☆euthica
|player|p1|
|l|☆ovlop
|player|p2|
