|j|☆Hunter_of_Keys
|j|☆pikachu sooda
|t:|1758343541
|gametype|singles
|player|p1|Hunter_of_Keys|veteran|1415
|player|p2|pikachu sooda|brycenman|1446
|gen|9
|tier|[Gen 9] OU
|rated|
|rule|HP Percentage Mod: HP is shown in percentages
|rule|Endless Battle Clause: Forcing endless battles is banned
|rule|Species Clause: Limit one of each Pokémon
|rule|OHKO Clause: OHKO moves are banned
|rule|Evasion Items Clause: Evasion items are banned
|rule|Evasion Moves Clause: Evasion moves are banned
|rule|Evasion Abilities Clause: Evasion abilities are banned
|rule|Sleep Moves Clause: Sleep-inducing moves are banned
|clearpoke
|poke|p1|Espeon, F|
|poke|p1|Indeedee, M|
|poke|p1|Armarouge, F|
|poke|p1|Gallade, M|
|poke|p1|Cresselia, F|
|poke|p1|Rabsca, F|
|poke|p2|Pelipper, F|
|poke|p2|Hatterene, F|
|poke|p2|Iron Treads|
|poke|p2|Toxicroak, F|
|poke|p2|Barraskewda, F|
|poke|p2|Zapdos|
|teampreview
|inactive|Battle timer is ON: inactive players will automatically lose when time's up. (requested by Hunter_of_Keys)
|
|t:|1758343549
|teamsize|p1|6
|teamsize|p2|6
|start
|switch|p1a: Indeedee|Indeedee, M|100/100
|switch|p2a: Pelipper|Pelipper, F|100/100
|-fieldstart|move: Psychic Terrain|[from] ability: Psychic Surge|[of] p1a: Indeedee
|-weather|RainDance|[from] ability: Drizzle|[of] p2a: Pelipper
|turn|1
|
|t:|1758343554
|switch|p1a: Armarouge|Armarouge, F|100/100
|switch|p2a: Hatterene|Hatterene, F|100/100
|
|-weather|RainDance|[upkeep]
|upkeep
|turn|2
|
|t:|1758343561
|switch|p1a: Rabsca|Rabsca, F|100/100
|move|p2a: Hatterene|Nuzzle|p1a: Rabsca
|-damage|p1a: Rabsca|97/100
|-status|p1a: Rabsca|par
|-activate|p1a: Rabsca|ability: Synchronize
|-status|p2a: Hatterene|par
|
|-weather|RainDance|[upkeep]
|upkeep
|turn|3
|
|t:|1758343576
|switch|p2a: Iron Treads|Iron Treads|100/100
|move|p1a: Rabsca|Psychic Noise|p2a: Iron Treads
|-resisted|p2a: Iron Treads
|-damage|p2a: Iron Treads|86/100
|-start|p2a: Iron Treads|move: Heal Block
|
|-weather|RainDance|[upkeep]
|upkeep
|turn|4
|
|t:|1758343584
|switch|p1a: Espeon|Espeon, F|100/100
|move|p2a: Iron Treads|Volt Switch|p1a: Espeon
|-damage|p1a: Espeon|89/100
|
|t:|1758343586
|-end|p2a: Iron Treads|Quark Drive|[silent]
|switch|p2a: Barraskewda|Barraskewda, F|100/100|[from] Volt Switch
|
|-weather|RainDance|[upkeep]
|upkeep
|turn|5
|
|t:|1758343592
|switch|p1a: Cresselia|Cresselia, F|100/100
|move|p2a: Barraskewda|Flip Turn|p1a: Cresselia
|-damage|p1a: Cresselia|56/100
|-damage|p2a: Barraskewda|84/100|[from] item: Rocky Helmet|[of] p1a: Cresselia
|
|t:|1758343598
|switch|p2a: Zapdos|Zapdos|100/100|[from] Flip Turn
|
|-weather|RainDance|[upkeep]
|upkeep
|turn|6
|
|t:|1758343604
|move|p2a: Zapdos|Hurricane|p1a: Cresselia
|-damage|p1a: Cresselia|7/100
|move|p1a: Cresselia|Lunar Dance|p1a: Cresselia
|faint|p1a: Cresselia
|
|-weather|RainDance|[upkeep]
|upkeep
|
|t:|1758343623
|switch|p1a: Indeedee|Indeedee, M|100/100
|turn|7
|
|t:|1758343635
|-terastallize|p2a: Zapdos|Flying
|move|p2a: Zapdos|Hurricane|p1a: Indeedee
|-damage|p1a: Indeedee|0 fnt
|faint|p1a: Indeedee
|
|-weather|RainDance|[upkeep]
|upkeep
|
|t:|1758343655
|switch|p1a: Gallade|Gallade, M|100/100
|turn|8
|
|t:|1758343662
|move|p2a: Zapdos|Hurricane|p1a: Gallade
|-supereffective|p1a: Gallade
|-enditem|p1a: Gallade|Focus Sash
|-damage|p1a: Gallade|1/100
|move|p1a: Gallade|Psycho Cut|p2a: Zapdos
|-damage|p2a: Zapdos|5/100
|
|-weather|none
|-fieldend|move: Psychic Terrain
|upkeep
|turn|9
|
|t:|1758343665
|move|p2a: Zapdos|Hurricane|p1a: Gallade|[miss]
|-miss|p2a: Zapdos|p1a: Gallade
|move|p1a: Gallade|Psycho Cut|p2a: Zapdos
|-damage|p2a: Zapdos|0 fnt
|faint|p2a: Zapdos
|
|upkeep
|
|t:|1758343669
|switch|p2a: Barraskewda|Barraskewda, F|84/100
|turn|10
|
|t:|1758343673
|move|p2a: Barraskewda|Flip Turn|p1a: Gallade
|-damage|p1a: Gallade|0 fnt
|faint|p1a: Gallade
|
|t:|1758343683
|switch|p2a: Pelipper|Pelipper, F|100/100|[from] Flip Turn
|-weather|RainDance|[from] ability: Drizzle|[of] p2a: Pelipper
|
|-weather|RainDance|[upkeep]
|upkeep
|
|t:|1758343686
|switch|p1a: Rabsca|Rabsca, F|97/100 par
|-heal|p1a: Rabsca|100/100|[from] move: Lunar Dance
|turn|11
|
|t:|1758343697
|move|p1a: Rabsca|Speed Swap|p2a: Pelipper
|-activate|p1a: Rabsca|move: Speed Swap|[of] p2a: Pelipper
|move|p2a: Pelipper|U-turn|p1a: Rabsca
|-supereffective|p1a: Rabsca
|-damage|p1a: Rabsca|85/100
|
|t:|1758343702
|switch|p2a: Barraskewda|Barraskewda, F|84/100|[from] U-turn
|
|-weather|RainDance|[upkeep]
|upkeep
|turn|12
|
|t:|1758343705
|-terastallize|p1a: Rabsca|Water
|move|p2a: Barraskewda|Liquidation|p1a: Rabsca
|-resisted|p1a: Rabsca
|-damage|p1a: Rabsca|41/100
|move|p1a: Rabsca|Revival Blessing|p1a: Rabsca
|-enditem|p1a: Rabsca|Leppa Berry|[eat]
|-activate|p1a: Rabsca|item: Leppa Berry|Revival Blessing|[consumed]
|
|t:|1758343714
|-heal|p1: Indeedee|50/100|[from] move: Revival Blessing
|
|-weather|RainDance|[upkeep]
|upkeep
|turn|13
|
|t:|1758343720
|move|p2a: Barraskewda|Liquidation|p1a: Rabsca
|-resisted|p1a: Rabsca
|-crit|p1a: Rabsca
|-damage|p1a: Rabsca|0 fnt
|faint|p1a: Rabsca
|
|-weather|RainDance|[upkeep]
|upkeep
|
|t:|1758343724
|switch|p1a: Indeedee|Indeedee, M|50/100
|-fieldstart|move: Psychic Terrain|[from] ability: Psychic Surge|[of] p1a: Indeedee
|turn|14
|
|t:|1758343727
|switch|p2a: Iron Treads|Iron Treads|86/100
|move|p1a: Indeedee|Expanding Force|p2a: Iron Treads
|-resisted|p2a: Iron Treads
|-damage|p2a: Iron Treads|58/100
|
|-weather|RainDance|[upkeep]
|-heal|p2a: Iron Treads|64/100|[from] item: Leftovers
|upkeep
|turn|15
|
|t:|1758343738
|switch|p1a: Espeon|Espeon, F|89/100
|move|p2a: Iron Treads|Volt Switch|p1a: Espeon
|-damage|p1a: Espeon|77/100
|
|t:|1758343741
|-end|p2a: Iron Treads|Quark Drive|[silent]
|switch|p2a: Barraskewda|Barraskewda, F|84/100|[from] Volt Switch
|
|-weather|RainDance|[upkeep]
|upkeep
|turn|16
|
|t:|1758343744
|move|p2a: Barraskewda|Flip Turn|p1a: Espeon
|-damage|p1a: Espeon|4/100
|
|t:|1758343748
|switch|p2a: Iron Treads|Iron Treads|64/100|[from] Flip Turn
|move|p1a: Espeon|Thunder Wave|p2a: Iron Treads
|-immune|p2a: Iron Treads
|
|-weather|RainDance|[upkeep]
|-heal|p2a: Iron Treads|70/100|[from] item: Leftovers
|upkeep
|turn|17
|
|t:|1758343754
|move|p1a: Espeon|Psychic Noise|p2a: Iron Treads
|-resisted|p2a: Iron Treads
|-damage|p2a: Iron Treads|52/100
|-start|p2a: Iron Treads|move: Heal Block
|move|p2a: Iron Treads|Rapid Spin|p1a: Espeon
|-damage|p1a: Espeon|0 fnt
|-boost|p2a: Iron Treads|spe|1
|faint|p1a: Espeon
|
|-weather|none
|upkeep
|
|t:|1758343756
|switch|p1a: Armarouge|Armarouge, F|100/100
|turn|18
|
|t:|1758343759
|move|p1a: Armarouge|Endure|p1a: Armarouge
|-singleturn|p1a: Armarouge|move: Endure
|move|p2a: Iron Treads|Earthquake|p1a: Armarouge
|-supereffective|p1a: Armarouge
|-damage|p1a: Armarouge|15/100
|-ability|p1a: Armarouge|Weak Armor|boost
|-unboost|p1a: Armarouge|def|1
|-boost|p1a: Armarouge|spe|2
|-enditem|p1a: Armarouge|Weakness Policy
|-boost|p1a: Armarouge|atk|2|[from] item: Weakness Policy
|-boost|p1a: Armarouge|spa|2|[from] item: Weakness Policy
|
|-end|p2a: Iron Treads|move: Heal Block
|upkeep
|turn|19
|
|t:|1758343770
|move|p1a: Armarouge|Armor Cannon|p2a: Iron Treads
|-supereffective|p2a: Iron Treads
|-damage|p2a: Iron Treads|0 fnt
|-unboost|p1a: Armarouge|def|1
|-unboost|p1a: Armarouge|spd|1
|faint|p2a: Iron Treads
|-end|p2a: Iron Treads|Quark Drive|[silent]
|
|upkeep
|
|t:|1758343777
|switch|p2a: Pelipper|Pelipper, F|100/100
|-weather|RainDance|[from] ability: Drizzle|[of] p2a: Pelipper
|turn|20
|
|t:|1758343779
|switch|p2a: Hatterene|Hatterene, F|100/100 par
|move|p1a: Armarouge|Expanding Force|p2a: Hatterene
|-resisted|p2a: Hatterene
|-damage|p2a: Hatterene|9/100 par
|-enditem|p2a: Hatterene|Eject Button
|
|t:|1758343782
|switch|p2a: Barraskewda|Barraskewda, F|84/100
|
|-weather|RainDance|[upkeep]
|upkeep
|turn|21
|
|t:|1758343784
|move|p1a: Armarouge|Endure|p1a: Armarouge
|-singleturn|p1a: Armarouge|move: Endure
|move|p2a: Barraskewda|Aqua Jet|p1a: Armarouge
|-activate|p1a: Armarouge|move: Psychic Terrain
|
|-weather|RainDance|[upkeep]
|-fieldend|move: Psychic Terrain
|upkeep
|turn|22
|
|t:|1758343788
|move|p2a: Barraskewda|Aqua Jet|p1a: Armarouge
|-supereffective|p1a: Armarouge
|-damage|p1a: Armarouge|0 fnt
|faint|p1a: Armarouge
|
|-weather|RainDance|[upkeep]
|upkeep
|
|t:|1758343789
|switch|p1a: Indeedee|Indeedee, M|50/100
|-fieldstart|move: Psychic Terrain|[from] ability: Psychic Surge|[of] p1a: Indeedee
|turn|23
|
|t:|1758343792
|switch|p2a: Pelipper|Pelipper, F|100/100
|move|p1a: Indeedee|Expanding Force|p2a: Pelipper
|-damage|p2a: Pelipper|38/100
|
|-weather|RainDance|[upkeep]
|upkeep
|turn|24
|
|t:|1758343796
|move|p1a: Indeedee|Expanding Force|p2a: Pelipper
|-damage|p2a: Pelipper|0 fnt
|faint|p2a: Pelipper
|
|-weather|RainDance|[upkeep]
|upkeep
|
|t:|1758343798
|switch|p2a: Barraskewda|Barraskewda, F|84/100
|turn|25
|
|t:|1758343800
|move|p2a: Barraskewda|Liquidation|p1a: Indeedee
|-damage|p1a: Indeedee|0 fnt
|faint|p1a: Indeedee
|
|win|pikachu sooda
|raw|Hunter_of_Keys's rating: 1415 &rarr; <strong>1397</strong><br />(-18 for losing)
|raw|pikachu sooda's rating: 1446 &rarr; <strong>1464</strong><br />(+18 for winning)
|l|☆Hunter_of_Keys
|player|p1|
|l|☆pikachu sooda
|player|p2|
