|j|☆Disanbe
|j|☆ImNotSureAnymore
|t:|1758262375
|gametype|singles
|player|p1|Disanbe|hiker-gen4|1121
|player|p2|ImNotSureAnymore|aromalady|1165
|gen|9
|tier|[Gen 9] OU
|rated|
|rule|HP Percentage Mod: HP is shown in percentages
|rule|Endless Battle Clause: Forcing endless battles is banned
|rule|Species Clause: Limit one of each Pokémon
|rule|OHKO Clause: OHKO moves are banned
|rule|Evasion Items Clause: Evasion items are banned
|rule|Evasion Moves Clause: Evasion moves are banned
|rule|Evasion Abilities Clause: Evasion abilities are banned
|rule|Sleep Moves Clause: Sleep-inducing moves are banned
|clearpoke
|poke|p1|Garchomp, M|
|poke|p1|Magnezone|
|poke|p1|Serperior, F|
|poke|p1|Milotic, M|
|poke|p1|Weezing-Galar, M|
|poke|p1|Ceruledge, F|
|poke|p2|Alomomola, M|
|poke|p2|Crocalor, F|
|poke|p2|Altaria, F|
|poke|p2|Klefki, M|
|poke|p2|Goodra-Hisui, F|
|poke|p2|Mandibuzz, F|
|teampreview
|inactive|Battle timer is ON: inactive players will automatically lose when time's up. (requested by ImNotSureAnymore)
|
|t:|1758262386
|teamsize|p1|6
|teamsize|p2|6
|start
|switch|p1a: Ceruledge|Ceruledge, F|100/100
|switch|p2a: Klefki|Klefki, M|100/100
|turn|1
|
|t:|1758262391
|move|p2a: Klefki|Switcheroo|p1a: Ceruledge
|-activate|p2a: Klefki|move: Trick|[of] p1a: Ceruledge
|-item|p1a: Ceruledge|Choice Scarf|[from] move: Switcheroo
|-item|p2a: Klefki|Focus Sash|[from] move: Switcheroo
|move|p1a: Ceruledge|Swords Dance|p1a: Ceruledge
|-boost|p1a: Ceruledge|atk|2
|
|upkeep
|turn|2
|
|t:|1758262401
|switch|p1a: Garchomp|Garchomp, M|100/100
|move|p2a: Klefki|Foul Play|p1a: Garchomp
|-damage|p1a: Garchomp|67/100
|-damage|p2a: Klefki|88/100|[from] ability: Rough Skin|[of] p1a: Garchomp
|
|upkeep
|turn|3
|
|t:|1758262408
|switch|p2a: Mandibuzz|Mandibuzz, F|100/100
|move|p1a: Garchomp|Swords Dance|p1a: Garchomp
|-boost|p1a: Garchomp|atk|2
|
|upkeep
|turn|4
|
|t:|1758262415
|move|p1a: Garchomp|Scale Shot|p2a: Mandibuzz
|-damage|p2a: Mandibuzz|86/100
|-damage|p2a: Mandibuzz|70/100
|-damage|p2a: Mandibuzz|55/100
|-damage|p2a: Mandibuzz|40/100
|-hitcount|p2a: Mandibuzz|4
|-unboost|p1a: Garchomp|def|1
|-boost|p1a: Garchomp|spe|1
|move|p2a: Mandibuzz|Toxic|p1a: Garchomp
|-status|p1a: Garchomp|tox
|
|-heal|p2a: Mandibuzz|46/100|[from] item: Leftovers
|-damage|p1a: Garchomp|60/100 tox|[from] psn
|upkeep
|turn|5
|
|t:|1758262429
|switch|p2a: Alomomola|Alomomola, M|100/100
|move|p1a: Garchomp|Scale Shot|p2a: Alomomola
|-damage|p2a: Alomomola|85/100
|-damage|p2a: Alomomola|71/100
|-damage|p2a: Alomomola|57/100
|-damage|p2a: Alomomola|43/100
|-damage|p2a: Alomomola|30/100
|-hitcount|p2a: Alomomola|5
|-unboost|p1a: Garchomp|def|1
|-boost|p1a: Garchomp|spe|1
|
|-heal|p2a: Alomomola|36/100|[from] item: Leftovers
|-damage|p1a: Garchomp|48/100 tox|[from] psn
|upkeep
|turn|6
|
|t:|1758262443
|move|p2a: Alomomola|Protect|p2a: Alomomola
|-singleturn|p2a: Alomomola|Protect
|move|p1a: Garchomp|Earthquake|p2a: Alomomola
|-activate|p2a: Alomomola|move: Protect
|
|-heal|p2a: Alomomola|42/100|[from] item: Leftovers
|-damage|p1a: Garchomp|30/100 tox|[from] psn
|upkeep
|turn|7
|
|t:|1758262451
|switch|p2a: Altaria|Altaria, F|100/100
|move|p1a: Garchomp|Scale Shot|p2a: Altaria
|-supereffective|p2a: Altaria
|-damage|p2a: Altaria|59/100
|-supereffective|p2a: Altaria
|-damage|p2a: Altaria|20/100
|-supereffective|p2a: Altaria
|-damage|p2a: Altaria|0 fnt
|faint|p2a: Altaria
|-hitcount|p2: Altaria|3
|-unboost|p1a: Garchomp|def|1
|-boost|p1a: Garchomp|spe|1
|
|-damage|p1a: Garchomp|5/100 tox|[from] psn
|upkeep
|
|t:|1758262458
|switch|p2a: Alomomola|Alomomola, M|75/100
|turn|8
|
|t:|1758262467
|switch|p1a: Serperior|Serperior, F|100/100
|move|p2a: Alomomola|Protect||[still]
|-fail|p2a: Alomomola
|
|-heal|p2a: Alomomola|81/100|[from] item: Leftovers
|upkeep
|turn|9
|
|t:|1758262475
|switch|p2a: Crocalor|Crocalor, F|100/100
|move|p1a: Serperior|Leaf Storm|p2a: Crocalor
|-resisted|p2a: Crocalor
|-damage|p2a: Crocalor|80/100
|-boost|p1a: Serperior|spa|2
|
|upkeep
|turn|10
|
|t:|1758262482
|-terastallize|p1a: Serperior|Rock
|move|p1a: Serperior|Leaf Storm|p2a: Crocalor
|-resisted|p2a: Crocalor
|-damage|p2a: Crocalor|58/100
|-boost|p1a: Serperior|spa|2
|move|p2a: Crocalor|Will-O-Wisp|p1a: Serperior
|-status|p1a: Serperior|brn
|
|-damage|p1a: Serperior|94/100 brn|[from] brn
|upkeep
|turn|11
|
|t:|1758262492
|move|p1a: Serperior|Leaf Storm|p2a: Crocalor
|-resisted|p2a: Crocalor
|-damage|p2a: Crocalor|37/100
|-boost|p1a: Serperior|spa|2
|move|p2a: Crocalor|Slack Off|p2a: Crocalor
|-heal|p2a: Crocalor|87/100
|
|-damage|p1a: Serperior|88/100 brn|[from] brn
|upkeep
|turn|12
|
|t:|1758262501
|move|p1a: Serperior|Leaf Storm|p2a: Crocalor
|-resisted|p2a: Crocalor
|-damage|p2a: Crocalor|67/100
|move|p2a: Crocalor|Flamethrower|p1a: Serperior
|-resisted|p1a: Serperior
|-damage|p1a: Serperior|71/100 brn
|
|-damage|p1a: Serperior|64/100 brn|[from] brn
|upkeep
|turn|13
|
|t:|1758262512
|switch|p1a: Ceruledge|Ceruledge, F|100/100
|move|p2a: Crocalor|Roar|p1a: Ceruledge
|drag|p1a: Milotic|Milotic, M|100/100
|
|upkeep
|turn|14
|
|t:|1758262517
|switch|p2a: Goodra|Goodra-Hisui, F|100/100
|move|p1a: Milotic|Aqua Ring|p1a: Milotic
|-start|p1a: Milotic|Aqua Ring
|
|upkeep
|turn|15
|
|t:|1758262523
|move|p1a: Milotic|Ice Beam|p2a: Goodra
|-damage|p2a: Goodra|91/100
|move|p2a: Goodra|Flash Cannon|p1a: Milotic
|-resisted|p1a: Milotic
|-damage|p1a: Milotic|90/100
|
|-heal|p1a: Milotic|96/100|[from] item: Leftovers
|-heal|p2a: Goodra|97/100|[from] item: Leftovers
|-heal|p1a: Milotic|100/100|[from] Aqua Ring
|upkeep
|turn|16
|
|t:|1758262532
|move|p1a: Milotic|Scald|p2a: Goodra
|-resisted|p2a: Goodra
|-damage|p2a: Goodra|90/100
|move|p2a: Goodra|Earthquake|p1a: Milotic
|-damage|p1a: Milotic|82/100
|
|-heal|p1a: Milotic|89/100|[from] item: Leftovers
|-heal|p2a: Goodra|96/100|[from] item: Leftovers
|-heal|p1a: Milotic|95/100|[from] Aqua Ring
|upkeep
|turn|17
|
|t:|1758262546
|switch|p2a: Alomomola|Alomomola, M|100/100
|move|p1a: Milotic|Ice Beam|p2a: Alomomola
|-resisted|p2a: Alomomola
|-damage|p2a: Alomomola|89/100
|
|-heal|p1a: Milotic|100/100|[from] item: Leftovers
|-heal|p2a: Alomomola|95/100|[from] item: Leftovers
|upkeep
|turn|18
|
|t:|1758262556
|switch|p1a: Ceruledge|Ceruledge, F|100/100
|move|p2a: Alomomola|Wish|p2a: Alomomola
|
|-heal|p2a: Alomomola|100/100|[from] item: Leftovers
|upkeep
|turn|19
|
|t:|1758262561
|move|p1a: Ceruledge|Swords Dance|p1a: Ceruledge
|-boost|p1a: Ceruledge|atk|2
|move|p2a: Alomomola|Flip Turn|p1a: Ceruledge
|-supereffective|p1a: Ceruledge
|-damage|p1a: Ceruledge|53/100
|-ability|p1a: Ceruledge|Weak Armor|boost
|-unboost|p1a: Ceruledge|def|1
|-boost|p1a: Ceruledge|spe|2
|
|t:|1758262565
|switch|p2a: Mandibuzz|Mandibuzz, F|46/100|[from] Flip Turn
|
|-heal|p2a: Mandibuzz|100/100|[from] move: Wish|[wisher] Alomomola
|upkeep
|turn|20
|
|t:|1758262576
|switch|p1a: Milotic|Milotic, M|100/100
|move|p2a: Mandibuzz|Foul Play|p1a: Milotic
|-damage|p1a: Milotic|90/100
|
|-heal|p1a: Milotic|96/100|[from] item: Leftovers
|upkeep
|turn|21
|
|t:|1758262585
|move|p1a: Milotic|Aqua Ring|p1a: Milotic
|-start|p1a: Milotic|Aqua Ring
|move|p2a: Mandibuzz|Toxic|p1a: Milotic
|-status|p1a: Milotic|tox
|
|-heal|p1a: Milotic|100/100 tox|[from] item: Leftovers
|-damage|p1a: Milotic|94/100 tox|[from] psn
|upkeep
|turn|22
|
|t:|1758262593
|switch|p2a: Goodra|Goodra-Hisui, F|96/100
|move|p1a: Milotic|Scald|p2a: Goodra
|-resisted|p2a: Goodra
|-damage|p2a: Goodra|89/100
|-status|p2a: Goodra|brn
|
|-heal|p1a: Milotic|100/100 tox|[from] item: Leftovers
|-heal|p2a: Goodra|95/100 brn|[from] item: Leftovers
|-damage|p1a: Milotic|88/100 tox|[from] psn
|-damage|p2a: Goodra|89/100 brn|[from] brn
|upkeep
|turn|23
|
|t:|1758262610
|switch|p1a: Ceruledge|Ceruledge, F|53/100
|move|p2a: Goodra|Earthquake|p1a: Ceruledge
|-supereffective|p1a: Ceruledge
|-damage|p1a: Ceruledge|20/100
|-ability|p1a: Ceruledge|Weak Armor|boost
|-unboost|p1a: Ceruledge|def|1
|-boost|p1a: Ceruledge|spe|2
|
|-heal|p2a: Goodra|95/100 brn|[from] item: Leftovers
|-damage|p2a: Goodra|89/100 brn|[from] brn
|upkeep
|turn|24
|
|t:|1758262622
|switch|p2a: Alomomola|Alomomola, M|100/100
|move|p1a: Ceruledge|Poltergeist|p2a: Alomomola
|-activate|p2a: Alomomola|move: Poltergeist|Leftovers
|-damage|p2a: Alomomola|67/100
|
|-heal|p2a: Alomomola|73/100|[from] item: Leftovers
|upkeep
|turn|25
|
|t:|1758262630
|move|p1a: Ceruledge|Poltergeist|p2a: Alomomola|[miss]
|-miss|p1a: Ceruledge|p2a: Alomomola
|move|p2a: Alomomola|Flip Turn|p1a: Ceruledge
|-supereffective|p1a: Ceruledge
|-damage|p1a: Ceruledge|0 fnt
|faint|p1a: Ceruledge
|
|t:|1758262637
|switch|p2a: Klefki|Klefki, M|88/100|[from] Flip Turn
|
|upkeep
|
|t:|1758262640
|switch|p1a: Magnezone|Magnezone|100/100
|turn|26
|
|t:|1758262646
|switch|p2a: Mandibuzz|Mandibuzz, F|100/100
|move|p1a: Magnezone|Thunderbolt|p2a: Mandibuzz
|-supereffective|p2a: Mandibuzz
|-damage|p2a: Mandibuzz|13/100
|
|-heal|p2a: Mandibuzz|19/100|[from] item: Leftovers
|upkeep
|turn|27
|
|t:|1758262653
|switch|p2a: Goodra|Goodra-Hisui, F|89/100 brn
|move|p1a: Magnezone|Thunderbolt|p2a: Goodra
|-resisted|p2a: Goodra
|-damage|p2a: Goodra|75/100 brn
|
|-heal|p2a: Goodra|82/100 brn|[from] item: Leftovers
|-damage|p2a: Goodra|75/100 brn|[from] brn
|upkeep
|turn|28
|
|t:|1758262664
|move|p1a: Magnezone|Thunderbolt|p2a: Goodra
|-resisted|p2a: Goodra
|-damage|p2a: Goodra|61/100 brn
|move|p2a: Goodra|Earthquake|p1a: Magnezone
|-supereffective|p1a: Magnezone
|-damage|p1a: Magnezone|50/100
|
|-heal|p2a: Goodra|67/100 brn|[from] item: Leftovers
|-damage|p2a: Goodra|61/100 brn|[from] brn
|upkeep
|turn|29
|
|t:|1758262674
|switch|p1a: Serperior|Serperior, F, tera:Rock|64/100 brn
|move|p2a: Goodra|Flash Cannon|p1a: Serperior
|-supereffective|p1a: Serperior
|-damage|p1a: Serperior|0 fnt
|faint|p1a: Serperior
|
|-heal|p2a: Goodra|67/100 brn|[from] item: Leftovers
|-damage|p2a: Goodra|61/100 brn|[from] brn
|upkeep
|
|t:|1758262687
|switch|p1a: Garchomp|Garchomp, M|5/100 tox
|turn|30
|
|t:|1758262695
|switch|p2a: Alomomola|Alomomola, M|100/100
|move|p1a: Garchomp|Earthquake|p2a: Alomomola
|-damage|p2a: Alomomola|70/100
|
|-heal|p2a: Alomomola|76/100|[from] item: Leftovers
|-damage|p1a: Garchomp|0 fnt|[from] psn
|faint|p1a: Garchomp
|upkeep
|
|t:|1758262706
|switch|p1a: Weezing|Weezing-Galar, M|100/100
|-ability|p1a: Weezing|Neutralizing Gas
|turn|31
|
|t:|1758262711
|move|p1a: Weezing|Pain Split|p2a: Alomomola
|-sethp|p2a: Alomomola|70/100|[from] move: Pain Split|[silent]
|-sethp|p1a: Weezing|100/100|[from] move: Pain Split
|move|p2a: Alomomola|Flip Turn|p1a: Weezing
|-damage|p1a: Weezing|91/100
|-damage|p2a: Alomomola|53/100|[from] item: Rocky Helmet|[of] p1a: Weezing
|
|t:|1758262714
|switch|p2a: Goodra|Goodra-Hisui, F|61/100 brn|[from] Flip Turn
|
|-heal|p2a: Goodra|67/100 brn|[from] item: Leftovers
|-damage|p2a: Goodra|61/100 brn|[from] brn
|upkeep
|turn|32
|
|t:|1758262724
|move|p1a: Weezing|Defog|p2a: Goodra
|-unboost|p2a: Goodra|evasion|1
|move|p2a: Goodra|Life Dew|p2a: Goodra
|-heal|p2a: Goodra|86/100 brn
|
|-heal|p2a: Goodra|92/100 brn|[from] item: Leftovers
|-damage|p2a: Goodra|86/100 brn|[from] brn
|upkeep
|turn|33
|-message|Disanbe forfeited.
|
|win|ImNotSureAnymore
|raw|Disanbe's rating: 1121 &rarr; <strong>1099</strong><br />(-22 for losing)
|raw|ImNotSureAnymore's rating: 1165 &rarr; <strong>1187</strong><br />(+22 for winning)
|l|☆Disanbe
|player|p1|
|l|☆ImNotSureAnymore
|player|p2|
