|j|☆LikeEmerald
|j|☆Soava
|t:|1758311929
|gametype|singles
|player|p1|LikeEmerald|265|1067
|player|p2|Soava|hilbert-wonderlauncher|1088
|gen|9
|tier|[Gen 9] OU
|rated|
|rule|HP Percentage Mod: HP is shown in percentages
|rule|Endless Battle Clause: Forcing endless battles is banned
|rule|Species Clause: Limit one of each Pokémon
|rule|OHKO Clause: OHKO moves are banned
|rule|Evasion Items Clause: Evasion items are banned
|rule|Evasion Moves Clause: Evasion moves are banned
|rule|Evasion Abilities Clause: Evasion abilities are banned
|rule|Sleep Moves Clause: Sleep-inducing moves are banned
|clearpoke
|poke|p1|Vivillon-Pokeball, M|
|poke|p1|Samurott-Hisui, M|
|poke|p1|Slowking-Galar, M|
|poke|p1|Dragonite, M|
|poke|p1|Lucario, F|
|poke|p1|Arcanine-Hisui, F|
|poke|p2|Iron Valiant|
|poke|p2|Dragapult, F|
|poke|p2|Meowscarada, M|
|poke|p2|Cinderace, F|
|poke|p2|Glimmora, M|
|poke|p2|Rillaboom, M|
|teampreview
|
|t:|1758311939
|teamsize|p1|6
|teamsize|p2|6
|start
|switch|p1a: Samurott|Samurott-Hisui, M|100/100
|switch|p2a: Dragapult|Dragapult, F, shiny|100/100
|turn|1
|
|t:|1758311945
|move|p1a: Samurott|Ceaseless Edge|p2a: Dragapult
|-supereffective|p2a: Dragapult
|-crit|p2a: Dragapult
|-damage|p2a: Dragapult|0 fnt
|-sidestart|p2: Soava|Spikes
|faint|p2a: Dragapult
|
|upkeep
|
|t:|1758311953
|switch|p2a: Rillaboom|Rillaboom, M, shiny|100/100
|-damage|p2a: Rillaboom|88/100|[from] Spikes
|-fieldstart|move: Grassy Terrain|[from] ability: Grassy Surge|[of] p2a: Rillaboom
|turn|2
|
|t:|1758311959
|switch|p1a: Vivillon|Vivillon-Pokeball, M|100/100
|move|p2a: Rillaboom|Grassy Glide|p1a: Vivillon
|-resisted|p1a: Vivillon
|-damage|p1a: Vivillon|81/100
|
|-heal|p2a: Rillaboom|94/100|[from] Grassy Terrain
|upkeep
|turn|3
|
|t:|1758311969
|switch|p2a: Glimmora|Glimmora, M, shiny|100/100
|-damage|p2a: Glimmora|88/100|[from] Spikes
|move|p1a: Vivillon|Quiver Dance|p1a: Vivillon
|-boost|p1a: Vivillon|spa|1
|-boost|p1a: Vivillon|spd|1
|-boost|p1a: Vivillon|spe|1
|
|-heal|p2a: Glimmora|94/100|[from] Grassy Terrain
|upkeep
|turn|4
|
|t:|1758311979
|move|p1a: Vivillon|Hurricane|p2a: Glimmora
|-resisted|p2a: Glimmora
|-damage|p2a: Glimmora|45/100
|-start|p2a: Glimmora|confusion
|-activate|p2a: Glimmora|confusion
|move|p2a: Glimmora|Power Gem|p1a: Vivillon
|-supereffective|p1a: Vivillon
|-damage|p1a: Vivillon|0 fnt
|faint|p1a: Vivillon
|
|-heal|p2a: Glimmora|51/100|[from] Grassy Terrain
|upkeep
|
|t:|1758311996
|switch|p1a: Lucario|Lucario, F|100/100
|turn|5
|inactive|Battle timer is ON: inactive players will automatically lose when time's up. (requested by Soava)
|
|t:|1758312002
|-terastallize|p2a: Glimmora|Ground
|-activate|p2a: Glimmora|confusion
|-damage|p2a: Glimmora|45/100|[from] confusion
|move|p1a: Lucario|Swords Dance|p1a: Lucario
|-boost|p1a: Lucario|atk|2
|
|-heal|p2a: Glimmora|51/100|[from] Grassy Terrain
|upkeep
|turn|6
|
|t:|1758312022
|-terastallize|p1a: Lucario|Normal
|-end|p2a: Glimmora|confusion
|move|p2a: Glimmora|Earth Power|p1a: Lucario
|-damage|p1a: Lucario|40/100
|-enditem|p1a: Lucario|Red Card|[of] p2a: Glimmora
|drag|p2a: Meowscarada|Meowscarada, M|100/100
|-damage|p2a: Meowscarada|88/100|[from] Spikes
|move|p1a: Lucario|Swords Dance|p1a: Lucario
|-boost|p1a: Lucario|atk|2
|
|-heal|p2a: Meowscarada|94/100|[from] Grassy Terrain
|-heal|p1a: Lucario|46/100|[from] Grassy Terrain
|upkeep
|turn|7
|
|t:|1758312037
|move|p1a: Lucario|Extreme Speed|p2a: Meowscarada
|-damage|p2a: Meowscarada|0 fnt
|faint|p2a: Meowscarada
|
|-heal|p1a: Lucario|52/100|[from] Grassy Terrain
|upkeep
|-message|Soava forfeited.
|
|win|LikeEmerald
|raw|LikeEmerald's rating: 1067 &rarr; <strong>1099</strong><br />(+32 for winning)
|raw|Soava's rating: 1088 &rarr; <strong>1063</strong><br />(-25 for losing)
|l|☆Soava
|player|p2|
