|j|☆RizzlenDizzle
|j|☆notmeezo
|t:|1758254746
|gametype|singles
|player|p1|RizzlenDizzle|2|1283
|player|p2|notmeezo|lucas|1266
|gen|9
|tier|[Gen 9] OU
|rated|
|rule|HP Percentage Mod: HP is shown in percentages
|rule|Endless Battle Clause: Forcing endless battles is banned
|rule|Species Clause: Limit one of each Pokémon
|rule|OHKO Clause: OHKO moves are banned
|rule|Evasion Items Clause: Evasion items are banned
|rule|Evasion Moves Clause: Evasion moves are banned
|rule|Evasion Abilities Clause: Evasion abilities are banned
|rule|Sleep Moves Clause: Sleep-inducing moves are banned
|clearpoke
|poke|p1|Moltres|
|poke|p1|Tornadus-Therian, M|
|poke|p1|Dragonite, M|
|poke|p1|Slowking-Galar, M|
|poke|p1|Toxapex, F|
|poke|p1|Great Tusk|
|poke|p2|Zamazenta-*|
|poke|p2|Serperior, M|
|poke|p2|Rotom-Heat|
|poke|p2|Corviknight, M|
|poke|p2|Gliscor, M|
|poke|p2|Ogerpon-Wellspring, F|
|teampreview
|inactive|Battle timer is ON: inactive players will automatically lose when time's up. (requested by notmeezo)
|
|t:|1758254755
|teamsize|p1|6
|teamsize|p2|6
|start
|switch|p1a: Toxapex|Toxapex, F|100/100
|switch|p2a: Telkom|Rotom-Heat|100/100
|turn|1
|
|t:|1758254769
|switch|p2a: Pinch|Gliscor, M|100/100
|move|p1a: Toxapex|Toxic|p2a: Pinch
|-status|p2a: Pinch|tox
|
|upkeep
|turn|2
|
|t:|1758254773
|move|p2a: Pinch|Earthquake|p1a: Toxapex
|-supereffective|p1a: Toxapex
|-damage|p1a: Toxapex|41/100
|move|p1a: Toxapex|Ice Beam|p2a: Pinch
|-supereffective|p2a: Pinch
|-damage|p2a: Pinch|28/100 tox
|
|-heal|p2a: Pinch|40/100 tox|[from] ability: Poison Heal
|upkeep
|turn|3
|
|t:|1758254782
|switch|p1a: Tornadus|Tornadus-Therian, M|100/100
|move|p2a: Pinch|Earthquake|p1a: Tornadus
|-immune|p1a: Tornadus
|
|-heal|p2a: Pinch|53/100 tox|[from] ability: Poison Heal
|upkeep
|turn|4
|
|t:|1758254786
|move|p1a: Tornadus|Bleakwind Storm|p2a: Pinch|[miss]
|-miss|p1a: Tornadus|p2a: Pinch
|move|p2a: Pinch|Toxic|p1a: Tornadus
|-status|p1a: Tornadus|tox
|
|-damage|p1a: Tornadus|94/100 tox|[from] psn
|-heal|p2a: Pinch|65/100 tox|[from] ability: Poison Heal
|upkeep
|turn|5
|
|t:|1758254791
|switch|p2a: Telkom|Rotom-Heat|100/100
|move|p1a: Tornadus|Bleakwind Storm|p2a: Telkom
|-resisted|p2a: Telkom
|-damage|p2a: Telkom|69/100
|-unboost|p2a: Telkom|spe|1
|
|-damage|p1a: Tornadus|82/100 tox|[from] psn
|upkeep
|turn|6
|
|t:|1758254798
|move|p1a: Tornadus|U-turn|p2a: Telkom
|-resisted|p2a: Telkom
|-damage|p2a: Telkom|60/100
|
|t:|1758254803
|switch|p1a: Great Tusk|Great Tusk|100/100|[from] U-turn
|move|p2a: Telkom|Overheat|p1a: Great Tusk
|-damage|p1a: Great Tusk|13/100
|-unboost|p2a: Telkom|spa|2
|
|upkeep
|turn|7
|
|t:|1758254815
|-end|p1a: Great Tusk|Protosynthesis|[silent]
|switch|p1a: Toxapex|Toxapex, F|74/100
|move|p2a: Telkom|Overheat|p1a: Toxapex
|-resisted|p1a: Toxapex
|-damage|p1a: Toxapex|57/100
|-unboost|p2a: Telkom|spa|2
|
|upkeep
|turn|8
|
|t:|1758254822
|switch|p2a: Pinch|Gliscor, M|65/100 tox
|move|p1a: Toxapex|Ice Beam|p2a: Pinch
|-supereffective|p2a: Pinch
|-damage|p2a: Pinch|0 fnt
|faint|p2a: Pinch
|
|upkeep
|
|t:|1758254828
|switch|p2a: Fuzzy|Serperior, M|100/100
|turn|9
|
|t:|1758254831
|move|p2a: Fuzzy|Substitute|p2a: Fuzzy
|-start|p2a: Fuzzy|Substitute
|-damage|p2a: Fuzzy|75/100
|move|p1a: Toxapex|Toxic||[still]
|-fail|p1a: Toxapex
|
|-heal|p2a: Fuzzy|82/100|[from] item: Leftovers
|upkeep
|turn|10
|
|t:|1758254836
|move|p2a: Fuzzy|Glare|p1a: Toxapex
|-status|p1a: Toxapex|par
|cant|p1a: Toxapex|par
|
|-heal|p2a: Fuzzy|88/100|[from] item: Leftovers
|upkeep
|turn|11
|
|t:|1758254840
|move|p2a: Fuzzy|Leaf Storm|p1a: Toxapex
|-damage|p1a: Toxapex|17/100 par
|-boost|p2a: Fuzzy|spa|2
|move|p1a: Toxapex|Ice Beam|p2a: Fuzzy
|-supereffective|p2a: Fuzzy
|-end|p2a: Fuzzy|Substitute
|
|-heal|p2a: Fuzzy|94/100|[from] item: Leftovers
|upkeep
|turn|12
|
|t:|1758254845
|switch|p1a: Slowking|Slowking-Galar, M|100/100
|move|p2a: Fuzzy|Leaf Storm|p1a: Slowking
|-resisted|p1a: Slowking
|-damage|p1a: Slowking|76/100
|-boost|p2a: Fuzzy|spa|2
|
|-heal|p2a: Fuzzy|99/100|[from] item: Leftovers
|upkeep
|turn|13
|
|t:|1758254852
|-terastallize|p2a: Fuzzy|Electric
|move|p2a: Fuzzy|Glare|p1a: Slowking
|-status|p1a: Slowking|par
|move|p1a: Slowking|Ice Beam|p2a: Fuzzy
|-damage|p2a: Fuzzy|68/100
|-status|p2a: Fuzzy|frz
|
|-heal|p2a: Fuzzy|75/100 frz|[from] item: Leftovers
|upkeep
|turn|14
|
|t:|1758254858
|switch|p1a: Great Tusk|Great Tusk|13/100
|cant|p2a: Fuzzy|frz
|
|-heal|p2a: Fuzzy|81/100 frz|[from] item: Leftovers
|upkeep
|turn|15
|
|t:|1758254870
|switch|p2a: Telkom|Rotom-Heat|60/100
|move|p1a: Great Tusk|Headlong Rush|p2a: Telkom
|-immune|p2a: Telkom|[from] ability: Levitate
|
|upkeep
|turn|16
|
|t:|1758254874
|move|p2a: Telkom|Dark Pulse|p1a: Great Tusk
|-resisted|p1a: Great Tusk
|-damage|p1a: Great Tusk|0 fnt
|faint|p1a: Great Tusk
|-end|p1a: Great Tusk|Protosynthesis|[silent]
|
|upkeep
|
|t:|1758254902
|switch|p1a: Tornadus|Tornadus-Therian, M|100/100 tox
|turn|17
|
|t:|1758254908
|switch|p2a: Corviknight|Corviknight, M|100/100
|move|p1a: Tornadus|Bleakwind Storm|p2a: Corviknight|[miss]
|-miss|p1a: Tornadus|p2a: Corviknight
|
|-damage|p1a: Tornadus|94/100 tox|[from] psn
|upkeep
|turn|18
|
|t:|1758254914
|move|p1a: Tornadus|Heat Wave|p2a: Corviknight
|-supereffective|p2a: Corviknight
|-damage|p2a: Corviknight|41/100
|move|p2a: Corviknight|Iron Defense|p2a: Corviknight
|-boost|p2a: Corviknight|def|2
|
|-damage|p1a: Tornadus|82/100 tox|[from] psn
|upkeep
|turn|19
|
|t:|1758254917
|switch|p2a: Telkom|Rotom-Heat|60/100
|move|p1a: Tornadus|Heat Wave|p2a: Telkom
|-resisted|p2a: Telkom
|-damage|p2a: Telkom|43/100
|
|-damage|p1a: Tornadus|64/100 tox|[from] psn
|upkeep
|turn|20
|
|t:|1758254921
|move|p1a: Tornadus|Bleakwind Storm|p2a: Telkom
|-resisted|p2a: Telkom
|-damage|p2a: Telkom|11/100
|move|p2a: Telkom|Volt Switch|p1a: Tornadus
|-supereffective|p1a: Tornadus
|-damage|p1a: Tornadus|2/100 tox
|
|t:|1758254924
|switch|p2a: Shield|Zamazenta|100/100|[from] Volt Switch
|-ability|p2a: Shield|Dauntless Shield|boost
|-boost|p2a: Shield|def|1
|
|-damage|p1a: Tornadus|0 fnt|[from] psn
|faint|p1a: Tornadus
|upkeep
|
|t:|1758254930
|switch|p1a: Moltres|Moltres|100/100
|turn|21
|
|t:|1758254934
|switch|p2a: Fuzzy|Serperior, M, tera:Electric|81/100 frz
|move|p1a: Moltres|Scorching Sands|p2a: Fuzzy
|-supereffective|p2a: Fuzzy
|-damage|p2a: Fuzzy|39/100 frz
|-curestatus|p2a: Fuzzy|frz|[msg]
|
|-heal|p2a: Fuzzy|45/100|[from] item: Leftovers
|upkeep
|turn|22
|
|t:|1758254940
|move|p2a: Fuzzy|Tera Blast|p1a: Moltres|[anim] Tera Blast Electric
|-supereffective|p1a: Moltres
|-damage|p1a: Moltres|52/100
|move|p1a: Moltres|Scorching Sands|p2a: Fuzzy
|-supereffective|p2a: Fuzzy
|-damage|p2a: Fuzzy|3/100
|
|-heal|p2a: Fuzzy|9/100|[from] item: Leftovers
|upkeep
|turn|23
|
|t:|1758254960
|switch|p1a: Slowking|Slowking-Galar, M|100/100 par
|move|p2a: Fuzzy|Glare|p1a: Slowking
|-fail|p1a: Slowking|par
|
|-heal|p2a: Fuzzy|15/100|[from] item: Leftovers
|upkeep
|turn|24
|
|t:|1758254972
|switch|p2a: Corviknight|Corviknight, M|41/100
|move|p1a: Slowking|Psychic|p2a: Corviknight
|-resisted|p2a: Corviknight
|-damage|p2a: Corviknight|20/100
|
|upkeep
|turn|25
|
|t:|1758254976
|move|p2a: Corviknight|Roost|p2a: Corviknight
|-heal|p2a: Corviknight|70/100
|-singleturn|p2a: Corviknight|move: Roost
|move|p1a: Slowking|Flamethrower|p2a: Corviknight
|-supereffective|p2a: Corviknight
|-crit|p2a: Corviknight
|-damage|p2a: Corviknight|0 fnt
|faint|p2a: Corviknight
|
|upkeep
|
|t:|1758254982
|switch|p2a: Mystic|Ogerpon-Wellspring, F|100/100
|turn|26
|
|t:|1758254985
|move|p2a: Mystic|Knock Off|p1a: Slowking
|-supereffective|p1a: Slowking
|-damage|p1a: Slowking|31/100 par
|-enditem|p1a: Slowking|Assault Vest|[from] move: Knock Off|[of] p2a: Mystic
|cant|p1a: Slowking|par
|
|upkeep
|turn|27
|
|t:|1758254990
|switch|p1a: Toxapex|Toxapex, F|50/100 par
|move|p2a: Mystic|Ivy Cudgel|p1a: Toxapex|[anim] Ivy Cudgel Water
|-resisted|p1a: Toxapex
|-damage|p1a: Toxapex|24/100 par
|
|upkeep
|turn|28
|
|t:|1758254993
|move|p1a: Toxapex|Baneful Bunker|p1a: Toxapex
|-singleturn|p1a: Toxapex|move: Protect
|move|p2a: Mystic|Horn Leech|p1a: Toxapex
|-activate|p1a: Toxapex|move: Protect
|-status|p2a: Mystic|psn
|
|-damage|p2a: Mystic|88/100 psn|[from] psn
|upkeep
|turn|29
|
|t:|1758254997
|switch|p1a: Slowking|Slowking-Galar, M|64/100 par
|move|p2a: Mystic|Horn Leech|p1a: Slowking
|-resisted|p1a: Slowking
|-damage|p1a: Slowking|44/100 par
|-heal|p2a: Mystic|99/100 psn|[from] drain|[of] p1a: Slowking
|
|-damage|p2a: Mystic|87/100 psn|[from] psn
|upkeep
|turn|30
|
|t:|1758255001
|switch|p1a: Toxapex|Toxapex, F|57/100 par
|move|p2a: Mystic|Knock Off|p1a: Toxapex
|-damage|p1a: Toxapex|28/100 par
|-damage|p2a: Mystic|71/100 psn|[from] item: Rocky Helmet|[of] p1a: Toxapex
|-enditem|p1a: Toxapex|Rocky Helmet|[from] move: Knock Off|[of] p2a: Mystic
|
|-damage|p2a: Mystic|58/100 psn|[from] psn
|upkeep
|turn|31
|
|t:|1758255007
|switch|p2a: Fuzzy|Serperior, M, tera:Electric|15/100
|cant|p1a: Toxapex|par
|
|-heal|p2a: Fuzzy|22/100|[from] item: Leftovers
|upkeep
|turn|32
|
|t:|1758255015
|switch|p1a: Slowking|Slowking-Galar, M|77/100 par
|move|p2a: Fuzzy|Leaf Storm|p1a: Slowking
|-resisted|p1a: Slowking
|-damage|p1a: Slowking|57/100 par
|-boost|p2a: Fuzzy|spa|2
|
|-heal|p2a: Fuzzy|28/100|[from] item: Leftovers
|upkeep
|turn|33
|
|t:|1758255021
|move|p2a: Fuzzy|Leaf Storm|p1a: Slowking
|-resisted|p1a: Slowking
|-crit|p1a: Slowking
|-damage|p1a: Slowking|0 fnt
|-boost|p2a: Fuzzy|spa|2
|faint|p1a: Slowking
|
|-heal|p2a: Fuzzy|34/100|[from] item: Leftovers
|upkeep
|
|t:|1758255028
|switch|p1a: Toxapex|Toxapex, F|61/100 par
|turn|34
|
|t:|1758255031
|move|p2a: Fuzzy|Tera Blast|p1a: Toxapex|[anim] Tera Blast Electric
|-supereffective|p1a: Toxapex
|-damage|p1a: Toxapex|0 fnt
|faint|p1a: Toxapex
|
|-heal|p2a: Fuzzy|40/100|[from] item: Leftovers
|upkeep
|
|t:|1758255033
|switch|p1a: Dragonite|Dragonite, M|100/100
|turn|35
|
|t:|1758255041
|move|p2a: Fuzzy|Glare|p1a: Dragonite
|-status|p1a: Dragonite|par
|move|p1a: Dragonite|Earthquake|p2a: Fuzzy
|-supereffective|p2a: Fuzzy
|-damage|p2a: Fuzzy|0 fnt
|faint|p2a: Fuzzy
|
|upkeep
|
|t:|1758255046
|switch|p2a: Shield|Zamazenta|100/100
|turn|36
|
|t:|1758255050
|switch|p1a: Moltres|Moltres|52/100
|move|p2a: Shield|Iron Defense|p2a: Shield
|-boost|p2a: Shield|def|2
|
|upkeep
|turn|37
|
|t:|1758255055
|move|p2a: Shield|Body Press|p1a: Moltres
|-resisted|p1a: Moltres
|-crit|p1a: Moltres
|-damage|p1a: Moltres|19/100
|-status|p2a: Shield|brn|[from] ability: Flame Body|[of] p1a: Moltres
|move|p1a: Moltres|Roost|p1a: Moltres
|-heal|p1a: Moltres|69/100
|-singleturn|p1a: Moltres|move: Roost
|
|-damage|p2a: Shield|94/100 brn|[from] brn
|upkeep
|turn|38
|
|t:|1758255058
|move|p2a: Shield|Body Press|p1a: Moltres
|-resisted|p1a: Moltres
|-damage|p1a: Moltres|57/100
|move|p1a: Moltres|Scorching Sands|p2a: Shield
|-damage|p2a: Shield|78/100 brn
|
|-damage|p2a: Shield|72/100 brn|[from] brn
|upkeep
|turn|39
|
|t:|1758255064
|switch|p2a: Telkom|Rotom-Heat|11/100
|move|p1a: Moltres|Protect||[still]
|-fail|p1a: Moltres
|
|upkeep
|turn|40
|
|t:|1758255084
|move|p1a: Moltres|Protect|p1a: Moltres
|-singleturn|p1a: Moltres|Protect
|move|p2a: Telkom|Volt Switch|p1a: Moltres
|-activate|p1a: Moltres|move: Protect
|
|upkeep
|turn|41
|
|t:|1758255089
|move|p2a: Telkom|Volt Switch|p1a: Moltres
|-supereffective|p1a: Moltres
|-damage|p1a: Moltres|0 fnt
|faint|p1a: Moltres
|
|t:|1758255094
|switch|p2a: Shield|Zamazenta|72/100 brn|[from] Volt Switch
|
|-damage|p2a: Shield|66/100 brn|[from] brn
|upkeep
|
|t:|1758255096
|switch|p1a: Dragonite|Dragonite, M|100/100 par
|turn|42
|
|t:|1758255099
|move|p2a: Shield|Ice Fang|p1a: Dragonite
|-supereffective|p1a: Dragonite
|-damage|p1a: Dragonite|78/100 par
|move|p1a: Dragonite|Dragon Dance|p1a: Dragonite
|-boost|p1a: Dragonite|atk|1
|-boost|p1a: Dragonite|spe|1
|
|-heal|p1a: Dragonite|84/100 par|[from] item: Leftovers
|-damage|p2a: Shield|60/100 brn|[from] brn
|upkeep
|turn|43
|
|t:|1758255112
|move|p2a: Shield|Iron Defense|p2a: Shield
|-boost|p2a: Shield|def|2
|cant|p1a: Dragonite|par
|
|-heal|p1a: Dragonite|90/100 par|[from] item: Leftovers
|-damage|p2a: Shield|54/100 brn|[from] brn
|upkeep
|turn|44
|
|t:|1758255116
|switch|p2a: Telkom|Rotom-Heat|11/100
|move|p1a: Dragonite|Dragon Claw|p2a: Telkom
|-damage|p2a: Telkom|0 fnt
|faint|p2a: Telkom
|
|-heal|p1a: Dragonite|96/100 par|[from] item: Leftovers
|upkeep
|
|t:|1758255123
|switch|p2a: Shield|Zamazenta|54/100 brn
|turn|45
|
|t:|1758255128
|move|p2a: Shield|Iron Defense|p2a: Shield
|-boost|p2a: Shield|def|2
|move|p1a: Dragonite|Dragon Claw|p2a: Shield
|-crit|p2a: Shield
|-damage|p2a: Shield|0 fnt
|faint|p2a: Shield
|
|-heal|p1a: Dragonite|100/100 par|[from] item: Leftovers
|upkeep
|
|t:|1758255133
|switch|p2a: Mystic|Ogerpon-Wellspring, F|58/100 psn
|turn|46
|
|t:|1758255139
|-terastallize|p1a: Dragonite|Normal
|move|p1a: Dragonite|Extreme Speed|p2a: Mystic
|-damage|p2a: Mystic|0 fnt
|faint|p2a: Mystic
|
|win|RizzlenDizzle
|raw|RizzlenDizzle's rating: 1283 &rarr; <strong>1307</strong><br />(+24 for winning)
|raw|notmeezo's rating: 1266 &rarr; <strong>1242</strong><br />(-24 for losing)
|l|☆RizzlenDizzle
|player|p1|
|c|☆notmeezo|gg
|l|☆notmeezo
|player|p2|
