|j|☆ohshittigueraje
|j|‽trak2
|t:|1758351508
|gametype|singles
|player|p1|ohshittigueraje|265|1211
|player|p2|trak2|unknown|1224
|gen|9
|tier|[Gen 9] OU
|rated|
|rule|HP Percentage Mod: HP is shown in percentages
|rule|Endless Battle Clause: Forcing endless battles is banned
|rule|Species Clause: Limit one of each Pokémon
|rule|OHKO Clause: OHKO moves are banned
|rule|Evasion Items Clause: Evasion items are banned
|rule|Evasion Moves Clause: Evasion moves are banned
|rule|Evasion Abilities Clause: Evasion abilities are banned
|rule|Sleep Moves Clause: Sleep-inducing moves are banned
|clearpoke
|poke|p1|Alomomola, M|
|poke|p1|Slowking-Galar, M|
|poke|p1|Scizor, M|
|poke|p1|Rotom-Wash|
|poke|p1|Cryogonal|
|poke|p1|Ambipom, F|
|poke|p2|Dragonite, F|
|poke|p2|Grimmsnarl, M|
|poke|p2|Enamorus, F|
|poke|p2|Great Tusk|
|poke|p2|Scizor, M|
|poke|p2|Raging Bolt|
|teampreview
|inactive|Battle timer is ON: inactive players will automatically lose when time's up. (requested by trak2)
|
|t:|1758351517
|teamsize|p1|6
|teamsize|p2|6
|start
|switch|p1a: Ambipom|Ambipom, F|100/100
|switch|p2a: Great Tusk|Great Tusk|100/100
|-enditem|p2a: Great Tusk|Booster Energy
|-activate|p2a: Great Tusk|ability: Protosynthesis|[fromitem]
|-start|p2a: Great Tusk|protosynthesisspe
|turn|1
|
|t:|1758351526
|move|p1a: Ambipom|Fake Out|p2a: Great Tusk
|-damage|p2a: Great Tusk|80/100
|cant|p2a: Great Tusk|flinch
|
|upkeep
|turn|2
|
|t:|1758351538
|switch|p1a: Alomomola|Alomomola, M|100/100
|move|p2a: Great Tusk|Stealth Rock|p1a: Alomomola
|-sidestart|p1: ohshittigueraje|move: Stealth Rock
|
|upkeep
|turn|3
|
|t:|1758351544
|move|p2a: Great Tusk|Headlong Rush|p1a: Alomomola
|-damage|p1a: Alomomola|72/100
|-unboost|p2a: Great Tusk|def|1
|-unboost|p2a: Great Tusk|spd|1
|-damage|p2a: Great Tusk|64/100|[from] item: Rocky Helmet|[of] p1a: Alomomola
|move|p1a: Alomomola|Flip Turn|p2a: Great Tusk
|-supereffective|p2a: Great Tusk
|-damage|p2a: Great Tusk|37/100
|
|t:|1758351566
|switch|p1a: Ambipom|Ambipom, F|100/100|[from] Flip Turn
|-damage|p1a: Ambipom|88/100|[from] Stealth Rock
|
|upkeep
|turn|4
|
|t:|1758351573
|move|p1a: Ambipom|Fake Out|p2a: Great Tusk
|-damage|p2a: Great Tusk|6/100
|cant|p2a: Great Tusk|flinch
|
|upkeep
|turn|5
|
|t:|1758351602
|switch|p1a: Alomomola|Alomomola, M|100/100
|-damage|p1a: Alomomola|88/100|[from] Stealth Rock
|move|p2a: Great Tusk|Headlong Rush|p1a: Alomomola
|-damage|p1a: Alomomola|56/100
|-unboost|p2a: Great Tusk|def|1
|-unboost|p2a: Great Tusk|spd|1
|-damage|p2a: Great Tusk|0 fnt|[from] item: Rocky Helmet|[of] p1a: Alomomola
|faint|p2a: Great Tusk
|-end|p2a: Great Tusk|Protosynthesis|[silent]
|
|upkeep
|
|t:|1758351607
|switch|p2a: Grimmsnarl|Grimmsnarl, M|100/100
|turn|6
|
|t:|1758351624
|move|p2a: Grimmsnarl|Reflect|p2a: Grimmsnarl
|-sidestart|p2: trak2|Reflect
|move|p1a: Alomomola|Flip Turn|p2a: Grimmsnarl
|-damage|p2a: Grimmsnarl|91/100
|
|t:|1758351629
|switch|p1a: Slowking|Slowking-Galar, M|100/100|[from] Flip Turn
|-damage|p1a: Slowking|88/100|[from] Stealth Rock
|
|-heal|p1a: Slowking|94/100|[from] item: Black Sludge
|upkeep
|turn|7
|
|t:|1758351638
|move|p2a: Grimmsnarl|Light Screen|p2a: Grimmsnarl
|-sidestart|p2: trak2|move: Light Screen
|move|p1a: Slowking|Sludge Bomb|p2a: Grimmsnarl
|-supereffective|p2a: Grimmsnarl
|-damage|p2a: Grimmsnarl|61/100
|
|-heal|p1a: Slowking|99/100|[from] item: Black Sludge
|upkeep
|turn|8
|
|t:|1758351646
|move|p2a: Grimmsnarl|Parting Shot|p1a: Slowking
|-unboost|p1a: Slowking|atk|1
|-unboost|p1a: Slowking|spa|1
|
|t:|1758351650
|switch|p2a: Scizor|Scizor, M|100/100|[from] Parting Shot
|-prepare|p1a: Slowking|Chilly Reception|[premajor]
|move|p1a: Slowking|Chilly Reception|p1a: Slowking
|-weather|Snowscape
|
|t:|1758351659
|switch|p1a: Alomomola|Alomomola, M|89/100|[from] Chilly Reception
|-damage|p1a: Alomomola|77/100|[from] Stealth Rock
|
|-weather|Snowscape|[upkeep]
|upkeep
|turn|9
|
|t:|1758351667
|move|p2a: Scizor|Swords Dance|p2a: Scizor
|-boost|p2a: Scizor|atk|2
|move|p1a: Alomomola|Scald|p2a: Scizor
|-damage|p2a: Scizor|90/100
|
|-weather|Snowscape|[upkeep]
|upkeep
|turn|10
|
|t:|1758351675
|move|p2a: Scizor|Knock Off|p1a: Alomomola
|-damage|p1a: Alomomola|30/100
|-damage|p2a: Scizor|73/100|[from] item: Rocky Helmet|[of] p1a: Alomomola
|-enditem|p1a: Alomomola|Rocky Helmet|[from] move: Knock Off|[of] p2a: Scizor
|move|p1a: Alomomola|Scald|p2a: Scizor
|-damage|p2a: Scizor|61/100
|-status|p2a: Scizor|brn
|
|-weather|Snowscape|[upkeep]
|-damage|p2a: Scizor|54/100 brn|[from] brn
|upkeep
|turn|11
|
|t:|1758351688
|move|p2a: Scizor|Close Combat|p1a: Alomomola
|-damage|p1a: Alomomola|3/100
|-unboost|p2a: Scizor|def|1
|-unboost|p2a: Scizor|spd|1
|move|p1a: Alomomola|Wish|p1a: Alomomola
|
|-weather|Snowscape|[upkeep]
|-damage|p2a: Scizor|48/100 brn|[from] brn
|upkeep
|turn|12
|
|t:|1758351706
|switch|p1a: Slowking|Slowking-Galar, M|100/100
|-damage|p1a: Slowking|88/100|[from] Stealth Rock
|move|p2a: Scizor|Bullet Punch|p1a: Slowking
|-damage|p1a: Slowking|41/100
|
|-weather|none
|-heal|p1a: Slowking|100/100|[from] move: Wish|[wisher] Alomomola
|-damage|p2a: Scizor|42/100 brn|[from] brn
|upkeep
|turn|13
|
|t:|1758351729
|move|p2a: Scizor|Knock Off|p1a: Slowking
|-supereffective|p1a: Slowking
|-crit|p1a: Slowking
|-damage|p1a: Slowking|0 fnt
|-enditem|p1a: Slowking|Black Sludge|[from] move: Knock Off|[of] p2a: Scizor
|faint|p1a: Slowking
|
|-damage|p2a: Scizor|36/100 brn|[from] brn
|-sideend|p2: trak2|Reflect
|upkeep
|inactive|ohshittigueraje has 120 seconds left.
|
|t:|1758351742
|switch|p1a: Ambipom|Ambipom, F|88/100
|-damage|p1a: Ambipom|76/100|[from] Stealth Rock
|turn|14
|inactive|trak2 has 120 seconds left.
|
|t:|1758351769
|move|p1a: Ambipom|Fake Out|p2a: Scizor
|-resisted|p2a: Scizor
|-damage|p2a: Scizor|6/100 brn
|cant|p2a: Scizor|flinch
|
|-damage|p2a: Scizor|0 fnt|[from] brn
|faint|p2a: Scizor
|-sideend|p2: trak2|move: Light Screen
|upkeep
|
|t:|1758351771
|switch|p2a: Grimmsnarl|Grimmsnarl, M|61/100
|turn|15
|
|t:|1758351781
|move|p2a: Grimmsnarl|Reflect|p2a: Grimmsnarl
|-sidestart|p2: trak2|Reflect
|move|p1a: Ambipom|U-turn|p2a: Grimmsnarl
|-damage|p2a: Grimmsnarl|47/100
|
|t:|1758351794
|switch|p1a: Scizor|Scizor, M|100/100|[from] U-turn
|-damage|p1a: Scizor|88/100|[from] Stealth Rock
|
|-heal|p1a: Scizor|94/100|[from] item: Leftovers
|upkeep
|turn|16
|
|t:|1758351808
|move|p2a: Grimmsnarl|Light Screen|p2a: Grimmsnarl
|-sidestart|p2: trak2|move: Light Screen
|move|p1a: Scizor|U-turn|p2a: Grimmsnarl
|-damage|p2a: Grimmsnarl|24/100
|
|t:|1758351815
|switch|p1a: Alomomola|Alomomola, M|36/100|[from] U-turn
|-damage|p1a: Alomomola|24/100|[from] Stealth Rock
|
|upkeep
|turn|17
|
|t:|1758351821
|move|p1a: Alomomola|Flip Turn|p2a: Grimmsnarl
|-damage|p2a: Grimmsnarl|15/100
|
|t:|1758351825
|switch|p1a: Cryogonal|Cryogonal|100/100|[from] Flip Turn
|-damage|p1a: Cryogonal|75/100|[from] Stealth Rock
|move|p2a: Grimmsnarl|Spirit Break|p1a: Cryogonal
|-damage|p1a: Cryogonal|21/100
|-unboost|p1a: Cryogonal|spa|1
|
|upkeep
|turn|18
|
|t:|1758351836
|move|p1a: Cryogonal|Rapid Spin|p2a: Grimmsnarl
|-damage|p2a: Grimmsnarl|11/100
|-boost|p1a: Cryogonal|spe|1
|-sideend|p1: ohshittigueraje|Stealth Rock|[from] move: Rapid Spin|[of] p1a: Cryogonal
|move|p2a: Grimmsnarl|Spirit Break|p1a: Cryogonal
|-damage|p1a: Cryogonal|0 fnt
|faint|p1a: Cryogonal
|
|upkeep
|
|t:|1758351845
|switch|p1a: Scizor|Scizor, M|94/100
|turn|19
|
|t:|1758351851
|move|p1a: Scizor|Bullet Punch|p2a: Grimmsnarl
|-supereffective|p2a: Grimmsnarl
|-damage|p2a: Grimmsnarl|0 fnt
|faint|p2a: Grimmsnarl
|
|-heal|p1a: Scizor|99/100|[from] item: Leftovers
|upkeep
|
|t:|1758351867
|switch|p2a: Enamorus|Enamorus, F|100/100
|turn|20
|
|t:|1758351876
|switch|p1a: Alomomola|Alomomola, M|57/100
|move|p2a: Enamorus|Mystical Fire|p1a: Alomomola
|-resisted|p1a: Alomomola
|-damage|p1a: Alomomola|41/100
|-unboost|p1a: Alomomola|spa|1
|
|upkeep
|turn|21
|
|t:|1758351884
|switch|p2a: Raging Bolt|Raging Bolt|100/100
|-enditem|p2a: Raging Bolt|Booster Energy
|-activate|p2a: Raging Bolt|ability: Protosynthesis|[fromitem]
|-start|p2a: Raging Bolt|protosynthesisspa
|move|p1a: Alomomola|Wish|p1a: Alomomola
|
|upkeep
|turn|22
|inactive|ohshittigueraje has 120 seconds left.
|
|t:|1758351927
|switch|p1a: Rotom|Rotom-Wash|100/100
|move|p2a: Raging Bolt|Calm Mind|p2a: Raging Bolt
|-boost|p2a: Raging Bolt|spa|1
|-boost|p2a: Raging Bolt|spd|1
|
|-sideend|p2: trak2|Reflect
|upkeep
|turn|23
|
|t:|1758351937
|move|p1a: Rotom|Trick|p2a: Raging Bolt
|-activate|p1a: Rotom|move: Trick|[of] p2a: Raging Bolt
|-item|p2a: Raging Bolt|Choice Scarf|[from] move: Trick
|-enditem|p1a: Rotom|Choice Scarf|[silent]|[from] move: Trick
|move|p2a: Raging Bolt|Thunderbolt|p1a: Rotom
|-damage|p1a: Rotom|0 fnt
|faint|p1a: Rotom
|
|-sideend|p2: trak2|move: Light Screen
|upkeep
|
|t:|1758351946
|switch|p1a: Ambipom|Ambipom, F|76/100
|turn|24
|inactive|ohshittigueraje has 120 seconds left.
|
|t:|1758351954
|move|p1a: Ambipom|Fake Out|p2a: Raging Bolt
|-damage|p2a: Raging Bolt|69/100
|cant|p2a: Raging Bolt|flinch
|
|upkeep
|turn|25
|inactive|ohshittigueraje has 120 seconds left.
|
|t:|1758351969
|move|p2a: Raging Bolt|Thunderbolt|p1a: Ambipom
|-damage|p1a: Ambipom|0 fnt
|faint|p1a: Ambipom
|
|upkeep
|
|t:|1758351995
|switch|p1a: Alomomola|Alomomola, M|74/100
|turn|26
|
|t:|1758351999
|-terastallize|p1a: Alomomola|Grass
|move|p2a: Raging Bolt|Thunderbolt|p1a: Alomomola
|-resisted|p1a: Alomomola
|-crit|p1a: Alomomola
|-damage|p1a: Alomomola|0 fnt
|faint|p1a: Alomomola
|
|upkeep
|-message|ohshittigueraje forfeited.
|
|win|trak2
|raw|ohshittigueraje's rating: 1211 &rarr; <strong>1185</strong><br />(-26 for losing)
|raw|trak2's rating: 1203 &rarr; <strong>1229</strong><br />(+26 for winning)
|l|☆ohshittigueraje
|player|p1|
|l|‽trak2
|player|p2|
