|j|☆Shattersong
|j|☆veggiestew
|t:|1758306942
|gametype|singles
|player|p1|Shattersong|266|1358
|player|p2|veggiestew|cheryl|1313
|gen|9
|tier|[Gen 9] OU
|rated|
|rule|HP Percentage Mod: HP is shown in percentages
|rule|Endless Battle Clause: Forcing endless battles is banned
|rule|Species Clause: Limit one of each Pokémon
|rule|OHKO Clause: OHKO moves are banned
|rule|Evasion Items Clause: Evasion items are banned
|rule|Evasion Moves Clause: Evasion moves are banned
|rule|Evasion Abilities Clause: Evasion abilities are banned
|rule|Sleep Moves Clause: Sleep-inducing moves are banned
|clearpoke
|poke|p1|Ribombee, F|
|poke|p1|Smeargle, M|
|poke|p1|Serperior, F|
|poke|p1|Malamar, M|
|poke|p1|Empoleon, F|
|poke|p1|Kingambit, M|
|poke|p2|Zamazenta-*|
|poke|p2|Ninetales-Alola, M|
|poke|p2|Darkrai|
|poke|p2|Ceruledge, M|
|poke|p2|Gliscor, M|
|poke|p2|Hatterene, F|
|teampreview
|
|t:|1758306946
|teamsize|p1|6
|teamsize|p2|6
|start
|switch|p1a: Moonlight|Ribombee, F, shiny|100/100
|switch|p2a: Ninetales|Ninetales-Alola, M|100/100
|-weather|Snowscape|[from] ability: Snow Warning|[of] p2a: Ninetales
|turn|1
|
|t:|1758306953
|move|p1a: Moonlight|Sticky Web|p2a: Ninetales
|-sidestart|p2: veggiestew|move: Sticky Web
|move|p2a: Ninetales|Aurora Veil|p2a: Ninetales
|-sidestart|p2: veggiestew|move: Aurora Veil
|
|-weather|Snowscape|[upkeep]
|upkeep
|turn|2
|
|t:|1758306960
|switch|p1a: Kai|Smeargle, M|100/100
|switch|p2a: Hatterene|Hatterene, F|100/100
|-activate|p2a: Hatterene|move: Sticky Web
|-unboost|p2a: Hatterene|spe|1
|
|-weather|Snowscape|[upkeep]
|upkeep
|turn|3
|
|t:|1758306968
|move|p1a: Kai|Court Change|p1a: Kai
|-swapsideconditions
|-activate|p1a: Kai|move: Court Change
|move|p2a: Hatterene|Calm Mind|p2a: Hatterene
|-boost|p2a: Hatterene|spa|1
|-boost|p2a: Hatterene|spd|1
|
|-weather|Snowscape|[upkeep]
|upkeep
|turn|4
|
|t:|1758306979
|move|p1a: Kai|Apple Acid|p2a: Hatterene
|-damage|p2a: Hatterene|93/100
|-unboost|p2a: Hatterene|spd|1
|move|p2a: Hatterene|Draining Kiss|p1a: Kai
|-damage|p1a: Kai|57/100
|-heal|p2a: Hatterene|100/100|[from] drain|[of] p1a: Kai
|
|-weather|Snowscape|[upkeep]
|upkeep
|turn|5
|
|t:|1758306989
|move|p1a: Kai|Apple Acid|p2a: Hatterene
|-damage|p2a: Hatterene|90/100
|-unboost|p2a: Hatterene|spd|1
|move|p2a: Hatterene|Psyshock|p1a: Kai
|-damage|p1a: Kai|0 fnt
|faint|p1a: Kai
|
|-weather|none
|-heal|p2a: Hatterene|96/100|[from] item: Leftovers
|upkeep
|
|t:|1758306999
|switch|p1a: Jade|Empoleon, F|100/100
|-activate|p1a: Jade|move: Sticky Web
|-unboost|p1a: Jade|spe|1
|-ability|p1a: Jade|Competitive|boost
|-boost|p1a: Jade|spa|2
|turn|6
|
|t:|1758307013
|move|p1a: Jade|Flash Cannon|p2a: Hatterene
|-supereffective|p2a: Hatterene
|-damage|p2a: Hatterene|0 fnt
|faint|p2a: Hatterene
|
|upkeep
|
|t:|1758307021
|switch|p2a: Zamazenta|Zamazenta|100/100
|-ability|p2a: Zamazenta|Dauntless Shield|boost
|-boost|p2a: Zamazenta|def|1
|turn|7
|
|t:|1758307028
|move|p2a: Zamazenta|Body Press|p1a: Jade
|-supereffective|p1a: Jade
|-damage|p1a: Jade|48/100
|move|p1a: Jade|Air Slash|p2a: Zamazenta
|-supereffective|p2a: Zamazenta
|-damage|p2a: Zamazenta|6/100
|
|upkeep
|turn|8
|
|t:|1758307035
|move|p2a: Zamazenta|Body Press|p1a: Jade
|-supereffective|p1a: Jade
|-damage|p1a: Jade|0 fnt
|faint|p1a: Jade
|
|-sideend|p1: Shattersong|move: Aurora Veil
|upkeep
|
|t:|1758307040
|switch|p1a: Hibiscus|Serperior, F|100/100
|-activate|p1a: Hibiscus|move: Sticky Web
|-boost|p1a: Hibiscus|spe|1
|turn|9
|
|t:|1758307045
|move|p1a: Hibiscus|Leaf Storm|p2a: Zamazenta
|-damage|p2a: Zamazenta|0 fnt
|-boost|p1a: Hibiscus|spa|2
|faint|p2a: Zamazenta
|
|upkeep
|
|t:|1758307050
|switch|p2a: Ninetales|Ninetales-Alola, M|100/100
|-weather|Snowscape|[from] ability: Snow Warning|[of] p2a: Ninetales
|turn|10
|
|t:|1758307058
|-terastallize|p1a: Hibiscus|Stellar
|move|p1a: Hibiscus|Taunt|p2a: Ninetales
|-start|p2a: Ninetales|move: Taunt
|cant|p2a: Ninetales|move: Taunt|Aurora Veil
|
|-weather|Snowscape|[upkeep]
|upkeep
|turn|11
|
|t:|1758307065
|move|p1a: Hibiscus|Tera Blast|p2a: Ninetales|[anim] Tera Blast Stellar
|-damage|p2a: Ninetales|41/100
|-boost|p1a: Hibiscus|atk|1
|-boost|p1a: Hibiscus|spa|1
|move|p2a: Ninetales|Freeze-Dry|p1a: Hibiscus
|-supereffective|p1a: Hibiscus
|-damage|p1a: Hibiscus|47/100
|
|-weather|Snowscape|[upkeep]
|upkeep
|turn|12
|
|t:|1758307080
|move|p1a: Hibiscus|Tera Blast|p2a: Ninetales|[anim] Tera Blast Stellar
|-damage|p2a: Ninetales|0 fnt
|-boost|p1a: Hibiscus|atk|1
|-boost|p1a: Hibiscus|spa|1
|faint|p2a: Ninetales
|
|-weather|Snowscape|[upkeep]
|upkeep
|
|t:|1758307103
|switch|p2a: Darkrai|Darkrai|100/100
|turn|13
|
|t:|1758307110
|move|p1a: Hibiscus|Tera Blast|p2a: Darkrai|[anim] Tera Blast Stellar
|-damage|p2a: Darkrai|0 fnt
|-boost|p1a: Hibiscus|atk|1
|-boost|p1a: Hibiscus|spa|1
|faint|p2a: Darkrai
|
|-weather|Snowscape|[upkeep]
|upkeep
|
|t:|1758307116
|switch|p2a: Ceruledge|Ceruledge, M|100/100
|turn|14
|
|t:|1758307119
|move|p1a: Hibiscus|Tera Blast|p2a: Ceruledge|[anim] Tera Blast Stellar
|-damage|p2a: Ceruledge|30/100
|-boost|p1a: Hibiscus|atk|1
|-boost|p1a: Hibiscus|spa|1
|move|p2a: Ceruledge|Bitter Blade|p1a: Hibiscus
|-supereffective|p1a: Hibiscus
|-damage|p1a: Hibiscus|0 fnt
|-heal|p2a: Ceruledge|49/100|[from] drain|[of] p1a: Hibiscus
|faint|p1a: Hibiscus
|
|-weather|none
|upkeep
|
|t:|1758307129
|switch|p1a: Xerosic|Malamar, M|100/100
|-activate|p1a: Xerosic|move: Sticky Web
|-boost|p1a: Xerosic|spe|1
|turn|15
|
|t:|1758307135
|move|p1a: Xerosic|Knock Off|p2a: Ceruledge
|-supereffective|p2a: Ceruledge
|-damage|p2a: Ceruledge|0 fnt
|-enditem|p2a: Ceruledge|Covert Cloak|[from] move: Knock Off|[of] p1a: Xerosic
|faint|p2a: Ceruledge
|
|upkeep
|
|t:|1758307140
|switch|p2a: Gliscor|Gliscor, M|100/100
|turn|16
|
|t:|1758307146
|-terastallize|p2a: Gliscor|Normal
|move|p1a: Xerosic|Superpower|p2a: Gliscor
|-supereffective|p2a: Gliscor
|-crit|p2a: Gliscor
|-damage|p2a: Gliscor|27/100
|-boost|p1a: Xerosic|atk|1
|-boost|p1a: Xerosic|def|1
|move|p2a: Gliscor|Swords Dance|p2a: Gliscor
|-boost|p2a: Gliscor|atk|2
|
|-status|p2a: Gliscor|tox|[from] item: Toxic Orb
|upkeep
|turn|17
|
|t:|1758307158
|move|p1a: Xerosic|Superpower|p2a: Gliscor
|-supereffective|p2a: Gliscor
|-damage|p2a: Gliscor|0 fnt
|-boost|p1a: Xerosic|atk|1
|-boost|p1a: Xerosic|def|1
|faint|p2a: Gliscor
|
|win|Shattersong
|raw|Shattersong's rating: 1358 &rarr; <strong>1375</strong><br />(+17 for winning)
|raw|veggiestew's rating: 1313 &rarr; <strong>1296</strong><br />(-17 for losing)
|l|☆veggiestew
|player|p2|
|l|☆Shattersong
|player|p1|
