|j|☆KnockOffx2
|j|☆Shibuya Arc
|t:|1758254924
|gametype|singles
|player|p1|KnockOffx2|burglar|1531
|player|p2|Shibuya Arc|265|1550
|gen|9
|tier|[Gen 9] OU
|rated|
|rule|HP Percentage Mod: HP is shown in percentages
|rule|Endless Battle Clause: Forcing endless battles is banned
|rule|Species Clause: Limit one of each Pokémon
|rule|OHKO Clause: OHKO moves are banned
|rule|Evasion Items Clause: Evasion items are banned
|rule|Evasion Moves Clause: Evasion moves are banned
|rule|Evasion Abilities Clause: Evasion abilities are banned
|rule|Sleep Moves Clause: Sleep-inducing moves are banned
|clearpoke
|poke|p1|Great Tusk|
|poke|p1|Slowking-Galar, M|
|poke|p1|Moltres|
|poke|p1|Primarina, M|
|poke|p1|Gholdengo|
|poke|p1|Ogerpon-Cornerstone, F|
|poke|p2|Dragapult, M|
|poke|p2|Dragonite, F|
|poke|p2|Ting-Lu|
|poke|p2|Weezing-Galar, F|
|poke|p2|Iron Crown|
|poke|p2|Zapdos|
|teampreview
|
|t:|1758254934
|teamsize|p1|6
|teamsize|p2|6
|start
|switch|p1a: Gholdengo|Gholdengo|100/100
|switch|p2a: Iron Crown|Iron Crown|100/100
|turn|1
|inactive|Battle timer is ON: inactive players will automatically lose when time's up. (requested by Shibuya Arc)
|
|t:|1758254940
|-end|p2a: Iron Crown|Quark Drive|[silent]
|switch|p2a: Ting-Lu|Ting-Lu|100/100
|-ability|p2a: Ting-Lu|Vessel of Ruin
|move|p1a: Gholdengo|Shadow Ball|p2a: Ting-Lu
|-resisted|p2a: Ting-Lu
|-damage|p2a: Ting-Lu|92/100
|-unboost|p2a: Ting-Lu|spd|1
|
|-heal|p2a: Ting-Lu|98/100|[from] item: Leftovers
|upkeep
|turn|2
|
|t:|1758254947
|switch|p1a: Primarina|Primarina, M|100/100
|move|p2a: Ting-Lu|Ruination|p1a: Primarina
|-damage|p1a: Primarina|50/100
|
|-heal|p1a: Primarina|57/100|[from] item: Leftovers
|-heal|p2a: Ting-Lu|100/100|[from] item: Leftovers
|upkeep
|turn|3
|
|t:|1758254955
|switch|p2a: Iron Crown|Iron Crown|100/100
|move|p1a: Primarina|Draining Kiss|p2a: Iron Crown
|-resisted|p2a: Iron Crown
|-damage|p2a: Iron Crown|91/100
|-heal|p1a: Primarina|63/100|[from] drain|[of] p2a: Iron Crown
|
|-heal|p1a: Primarina|69/100|[from] item: Leftovers
|upkeep
|turn|4
|
|t:|1758254965
|switch|p1a: Slowking|Slowking-Galar, M|100/100
|move|p2a: Iron Crown|Tachyon Cutter|p1a: Slowking
|-damage|p1a: Slowking|80/100
|-damage|p1a: Slowking|63/100
|-hitcount|p1a: Slowking|2
|
|upkeep
|turn|5
|
|t:|1758254988
|move|p2a: Iron Crown|Tachyon Cutter|p1a: Slowking
|-damage|p1a: Slowking|44/100
|-damage|p1a: Slowking|24/100
|-hitcount|p1a: Slowking|2
|move|p1a: Slowking|Flamethrower|p2a: Iron Crown
|-supereffective|p2a: Iron Crown
|-damage|p2a: Iron Crown|35/100
|
|upkeep
|turn|6
|
|t:|1758254997
|switch|p1a: Gholdengo|Gholdengo|100/100
|move|p2a: Iron Crown|Tachyon Cutter|p1a: Gholdengo
|-resisted|p1a: Gholdengo
|-crit|p1a: Gholdengo
|-damage|p1a: Gholdengo|70/100
|-resisted|p1a: Gholdengo
|-damage|p1a: Gholdengo|49/100
|-hitcount|p1a: Gholdengo|2
|
|upkeep
|turn|7
|
|t:|1758255003
|-end|p2a: Iron Crown|Quark Drive|[silent]
|switch|p2a: Ting-Lu|Ting-Lu|100/100
|-ability|p2a: Ting-Lu|Vessel of Ruin
|move|p1a: Gholdengo|Shadow Ball|p2a: Ting-Lu
|-resisted|p2a: Ting-Lu
|-damage|p2a: Ting-Lu|92/100
|-unboost|p2a: Ting-Lu|spd|1
|
|-heal|p2a: Ting-Lu|98/100|[from] item: Leftovers
|upkeep
|turn|8
|
|t:|1758255014
|switch|p1a: Primarina|Primarina, M|69/100
|move|p2a: Ting-Lu|Ruination|p1a: Primarina
|-damage|p1a: Primarina|35/100
|
|-heal|p1a: Primarina|41/100|[from] item: Leftovers
|-heal|p2a: Ting-Lu|100/100|[from] item: Leftovers
|upkeep
|turn|9
|
|t:|1758255019
|-terastallize|p2a: Ting-Lu|Water
|move|p1a: Primarina|Psychic Noise|p2a: Ting-Lu
|-resisted|p2a: Ting-Lu
|-damage|p2a: Ting-Lu|91/100
|-start|p2a: Ting-Lu|move: Heal Block
|move|p2a: Ting-Lu|Earthquake|p1a: Primarina
|-damage|p1a: Primarina|8/100
|
|-heal|p1a: Primarina|14/100|[from] item: Leftovers
|upkeep
|turn|10
|
|t:|1758255032
|move|p1a: Primarina|Draining Kiss|p2a: Ting-Lu
|-damage|p2a: Ting-Lu|77/100
|-heal|p1a: Primarina|28/100|[from] drain|[of] p2a: Ting-Lu
|move|p2a: Ting-Lu|Earthquake|p1a: Primarina
|-damage|p1a: Primarina|0 fnt
|faint|p1a: Primarina
|
|-end|p2a: Ting-Lu|move: Heal Block
|upkeep
|
|t:|1758255036
|switch|p1a: Ogerpon|Ogerpon-Cornerstone, F|100/100
|turn|11
|
|t:|1758255040
|switch|p2a: Dragapult|Dragapult, M|100/100
|move|p1a: Ogerpon|Swords Dance|p1a: Ogerpon
|-boost|p1a: Ogerpon|atk|2
|
|upkeep
|turn|12
|
|t:|1758255045
|move|p2a: Dragapult|Will-O-Wisp|p1a: Ogerpon
|-status|p1a: Ogerpon|brn
|move|p1a: Ogerpon|Ivy Cudgel|p2a: Dragapult|[anim] Ivy Cudgel Rock
|-damage|p2a: Dragapult|20/100
|
|-damage|p1a: Ogerpon|95/100 brn|[from] brn
|upkeep
|turn|13
|
|t:|1758255049
|move|p2a: Dragapult|Hex|p1a: Ogerpon
|-damage|p1a: Ogerpon|29/100 brn
|move|p1a: Ogerpon|Ivy Cudgel|p2a: Dragapult|[anim] Ivy Cudgel Rock
|-crit|p2a: Dragapult
|-damage|p2a: Dragapult|0 fnt
|-start|p1a: Ogerpon|Disable|Ivy Cudgel|[from] ability: Cursed Body|[of] p2a: Dragapult
|faint|p2a: Dragapult
|
|-damage|p1a: Ogerpon|23/100 brn|[from] brn
|upkeep
|
|t:|1758255054
|switch|p2a: Dragonite|Dragonite, F|100/100
|turn|14
|
|t:|1758255059
|move|p1a: Ogerpon|Horn Leech|p2a: Dragonite
|-resisted|p2a: Dragonite
|-damage|p2a: Dragonite|95/100
|-heal|p1a: Ogerpon|26/100 brn|[from] drain|[of] p2a: Dragonite
|move|p2a: Dragonite|Roost|p2a: Dragonite
|-heal|p2a: Dragonite|100/100
|-singleturn|p2a: Dragonite|move: Roost
|
|-damage|p1a: Ogerpon|20/100 brn|[from] brn
|upkeep
|turn|15
|
|t:|1758255064
|move|p2a: Dragonite|Extreme Speed|p1a: Ogerpon
|-resisted|p1a: Ogerpon
|-damage|p1a: Ogerpon|1/100 brn
|move|p1a: Ogerpon|Horn Leech|p2a: Dragonite
|-resisted|p2a: Dragonite
|-damage|p2a: Dragonite|94/100
|-heal|p1a: Ogerpon|4/100 brn|[from] drain|[of] p2a: Dragonite
|
|-damage|p1a: Ogerpon|0 fnt|[from] brn
|faint|p1a: Ogerpon
|upkeep
|
|t:|1758255066
|switch|p1a: Moltres|Moltres|100/100
|turn|16
|
|t:|1758255071
|switch|p2a: Ting-Lu|Ting-Lu, tera:Water|77/100
|-ability|p2a: Ting-Lu|Vessel of Ruin
|switch|p1a: Gholdengo|Gholdengo|49/100
|
|-heal|p2a: Ting-Lu|84/100|[from] item: Leftovers
|upkeep
|turn|17
|
|t:|1758255080
|switch|p1a: Great Tusk|Great Tusk|100/100
|move|p2a: Ting-Lu|Earthquake|p1a: Great Tusk
|-damage|p1a: Great Tusk|79/100
|
|-heal|p2a: Ting-Lu|90/100|[from] item: Leftovers
|upkeep
|turn|18
|
|t:|1758255087
|move|p1a: Great Tusk|Stealth Rock|p2a: Ting-Lu
|-sidestart|p2: Shibuya Arc|move: Stealth Rock
|move|p2a: Ting-Lu|Ruination|p1a: Great Tusk|[miss]
|-miss|p2a: Ting-Lu|p1a: Great Tusk
|
|-heal|p2a: Ting-Lu|96/100|[from] item: Leftovers
|upkeep
|turn|19
|
|t:|1758255092
|move|p1a: Great Tusk|Headlong Rush|p2a: Ting-Lu
|-crit|p2a: Ting-Lu
|-damage|p2a: Ting-Lu|54/100
|-unboost|p1a: Great Tusk|def|1
|-unboost|p1a: Great Tusk|spd|1
|move|p2a: Ting-Lu|Ruination|p1a: Great Tusk
|-damage|p1a: Great Tusk|40/100
|
|-heal|p2a: Ting-Lu|60/100|[from] item: Leftovers
|upkeep
|turn|20
|
|t:|1758255101
|move|p1a: Great Tusk|Headlong Rush|p2a: Ting-Lu
|-damage|p2a: Ting-Lu|29/100
|-unboost|p1a: Great Tusk|def|1
|-unboost|p1a: Great Tusk|spd|1
|move|p2a: Ting-Lu|Earthquake|p1a: Great Tusk
|-damage|p1a: Great Tusk|0 fnt
|faint|p1a: Great Tusk
|-end|p1a: Great Tusk|Protosynthesis|[silent]
|
|-heal|p2a: Ting-Lu|35/100|[from] item: Leftovers
|upkeep
|
|t:|1758255111
|switch|p1a: Gholdengo|Gholdengo|49/100
|turn|21
|
|t:|1758255116
|move|p1a: Gholdengo|Shadow Ball|p2a: Ting-Lu
|-damage|p2a: Ting-Lu|16/100
|-unboost|p2a: Ting-Lu|spd|1
|move|p2a: Ting-Lu|Earthquake|p1a: Gholdengo
|-supereffective|p1a: Gholdengo
|-damage|p1a: Gholdengo|0 fnt
|faint|p1a: Gholdengo
|
|-heal|p2a: Ting-Lu|23/100|[from] item: Leftovers
|upkeep
|-message|KnockOffx2 forfeited.
|
|win|Shibuya Arc
|raw|KnockOffx2's rating: 1531 &rarr; <strong>1512</strong><br />(-19 for losing)
|raw|Shibuya Arc's rating: 1550 &rarr; <strong>1569</strong><br />(+19 for winning)
|l|☆Shibuya Arc
|player|p2|
|l|☆KnockOffx2
|player|p1|
