|j|☆Lonelyenders
|j|☆Nultiprise
|t:|1758375514
|gametype|singles
|player|p1|Lonelyenders|acetrainer|1455
|player|p2|Nultiprise|preschooler|1499
|gen|9
|tier|[Gen 9] OU
|rated|
|rule|HP Percentage Mod: HP is shown in percentages
|rule|Endless Battle Clause: Forcing endless battles is banned
|rule|Species Clause: Limit one of each Pokémon
|rule|OHKO Clause: OHKO moves are banned
|rule|Evasion Items Clause: Evasion items are banned
|rule|Evasion Moves Clause: Evasion moves are banned
|rule|Evasion Abilities Clause: Evasion abilities are banned
|rule|Sleep Moves Clause: Sleep-inducing moves are banned
|clearpoke
|poke|p1|Krookodile, F|
|poke|p1|Ogerpon-Cornerstone, F|
|poke|p1|Dragonite, M|
|poke|p1|Zapdos|
|poke|p1|Iron Moth|
|poke|p1|Primarina, M|
|poke|p2|Greninja-*, M|
|poke|p2|Zoroark-Hisui, F|
|poke|p2|Great Tusk|
|poke|p2|Deoxys-Speed|
|poke|p2|Yanmega, M|
|poke|p2|Mimikyu, M|
|teampreview
|inactive|Battle timer is ON: inactive players will automatically lose when time's up. (requested by Lonelyenders)
|
|t:|1758375523
|teamsize|p1|6
|teamsize|p2|6
|start
|switch|p1a: Zapdos|Zapdos|100/100
|switch|p2a: Quoi ?|Greninja, M|100/100
|turn|1
|
|t:|1758375534
|switch|p1a: Primarina|Primarina, M|100/100
|move|p2a: Quoi ?|Ice Beam|p1a: Primarina
|-resisted|p1a: Primarina
|-damage|p1a: Primarina|91/100
|
|upkeep
|turn|2
|
|t:|1758375540
|move|p2a: Quoi ?|Hydro Pump|p1a: Primarina
|-resisted|p1a: Primarina
|-crit|p1a: Primarina
|-damage|p1a: Primarina|67/100
|move|p1a: Primarina|Moonblast|p2a: Quoi ?
|-supereffective|p2a: Quoi ?
|-crit|p2a: Quoi ?
|-enditem|p2a: Quoi ?|Focus Sash
|-damage|p2a: Quoi ?|1/100
|-unboost|p2a: Quoi ?|spa|1
|
|upkeep
|turn|3
|
|t:|1758375546
|move|p2a: Quoi ?|Hydro Pump|p1a: Primarina
|-resisted|p1a: Primarina
|-damage|p1a: Primarina|57/100
|move|p1a: Primarina|Flip Turn|p2a: Quoi ?
|-resisted|p2a: Quoi ?
|-damage|p2a: Quoi ?|0 fnt
|faint|p2a: Quoi ?
|
|t:|1758375549
|switch|p1a: Zapdos|Zapdos|100/100|[from] Flip Turn
|
|upkeep
|
|t:|1758375552
|switch|p2a: Deoxys|Deoxys-Speed|100/100
|-ability|p2a: Deoxys|Pressure
|turn|4
|
|t:|1758375559
|switch|p1a: Krookodile|Krookodile, F|100/100
|move|p2a: Deoxys|Mirror Coat||[still]
|-fail|p2a: Deoxys
|
|upkeep
|turn|5
|
|t:|1758375563
|move|p1a: Krookodile|Knock Off|p2a: Deoxys
|-supereffective|p2a: Deoxys
|-crit|p2a: Deoxys
|-enditem|p2a: Deoxys|Focus Sash
|-damage|p2a: Deoxys|1/100
|move|p2a: Deoxys|Counter|p1a: Krookodile
|-damage|p1a: Krookodile|0 fnt
|faint|p1a: Krookodile
|
|upkeep
|
|t:|1758375570
|switch|p1a: Dragonite|Dragonite, M|100/100
|turn|6
|
|t:|1758375575
|switch|p2a: Mimikyu|Mimikyu, M|100/100
|move|p1a: Dragonite|Extreme Speed|p2a: Mimikyu
|-immune|p2a: Mimikyu
|
|upkeep
|turn|7
|
|t:|1758375580
|switch|p1a: Zapdos|Zapdos|100/100
|move|p2a: Mimikyu|Shadow Ball|p1a: Zapdos
|-damage|p1a: Zapdos|40/100
|-damage|p2a: Mimikyu|91/100|[from] item: Life Orb
|
|upkeep
|turn|8
|
|t:|1758375584
|move|p2a: Mimikyu|Shadow Ball|p1a: Zapdos
|-damage|p1a: Zapdos|0 fnt
|faint|p1a: Zapdos
|-damage|p2a: Mimikyu|81/100|[from] item: Life Orb
|
|upkeep
|
|t:|1758375588
|switch|p1a: Ogerpon|Ogerpon-Cornerstone, F|100/100
|turn|9
|
|t:|1758375594
|move|p1a: Ogerpon|Ivy Cudgel|p2a: Mimikyu|[anim] Ivy Cudgel Rock
|-damage|p2a: Mimikyu|0 fnt
|replace|p2a: Feur|Zoroark-Hisui, F
|-end|p2a: Feur|Illusion
|faint|p2a: Feur
|
|upkeep
|
|t:|1758375600
|switch|p2a: Deoxys|Deoxys-Speed|1/100
|-ability|p2a: Deoxys|Pressure
|turn|10
|
|t:|1758375618
|switch|p1a: Primarina|Primarina, M|57/100
|move|p2a: Deoxys|Ice Beam|p1a: Primarina
|-resisted|p1a: Primarina
|-damage|p1a: Primarina|50/100
|
|upkeep
|turn|11
|
|t:|1758375621
|move|p2a: Deoxys|Stealth Rock|p1a: Primarina
|-sidestart|p1: Lonelyenders|move: Stealth Rock
|move|p1a: Primarina|Flip Turn|p2a: Deoxys
|-damage|p2a: Deoxys|0 fnt
|faint|p2a: Deoxys
|
|t:|1758375628
|switch|p1a: Ogerpon|Ogerpon-Cornerstone, F|100/100|[from] Flip Turn
|-damage|p1a: Ogerpon|88/100|[from] Stealth Rock
|
|upkeep
|
|t:|1758375631
|switch|p2a: Yanmega|Yanmega, M|100/100
|turn|12
|
|t:|1758375635
|move|p2a: Yanmega|Protect|p2a: Yanmega
|-singleturn|p2a: Yanmega|Protect
|move|p1a: Ogerpon|Ivy Cudgel|p2a: Yanmega|[anim] Ivy Cudgel Rock
|-activate|p2a: Yanmega|move: Protect
|
|-ability|p2a: Yanmega|Speed Boost|boost
|-boost|p2a: Yanmega|spe|1
|upkeep
|turn|13
|
|t:|1758375641
|move|p2a: Yanmega|Bug Buzz|p1a: Ogerpon
|-supereffective|p1a: Ogerpon
|-damage|p1a: Ogerpon|0 fnt
|faint|p1a: Ogerpon
|-enditem|p2a: Yanmega|Throat Spray
|-boost|p2a: Yanmega|spa|1|[from] item: Throat Spray
|
|-ability|p2a: Yanmega|Speed Boost|boost
|-boost|p2a: Yanmega|spe|1
|upkeep
|
|t:|1758375645
|switch|p1a: Dragonite|Dragonite, M|100/100
|turn|14
|
|t:|1758375647
|move|p2a: Yanmega|Air Slash|p1a: Dragonite
|-crit|p1a: Dragonite
|-damage|p1a: Dragonite|51/100
|move|p1a: Dragonite|Dragon Dance|p1a: Dragonite
|-boost|p1a: Dragonite|atk|1
|-boost|p1a: Dragonite|spe|1
|
|-ability|p2a: Yanmega|Speed Boost|boost
|-boost|p2a: Yanmega|spe|1
|upkeep
|turn|15
|
|t:|1758375652
|-terastallize|p1a: Dragonite|Normal
|move|p1a: Dragonite|Extreme Speed|p2a: Yanmega
|-damage|p2a: Yanmega|17/100
|move|p2a: Yanmega|Air Slash|p1a: Dragonite
|-damage|p1a: Dragonite|0 fnt
|faint|p1a: Dragonite
|
|-ability|p2a: Yanmega|Speed Boost|boost
|-boost|p2a: Yanmega|spe|1
|upkeep
|
|t:|1758375657
|switch|p1a: Iron Moth|Iron Moth|100/100
|-damage|p1a: Iron Moth|76/100|[from] Stealth Rock
|-enditem|p1a: Iron Moth|Booster Energy
|-activate|p1a: Iron Moth|ability: Quark Drive|[fromitem]
|-start|p1a: Iron Moth|quarkdrivespe
|turn|16
|
|t:|1758375659
|move|p2a: Yanmega|Air Slash|p1a: Iron Moth
|-damage|p1a: Iron Moth|13/100
|move|p1a: Iron Moth|Fiery Dance|p2a: Yanmega
|-supereffective|p2a: Yanmega
|-damage|p2a: Yanmega|0 fnt
|faint|p2a: Yanmega
|
|upkeep
|
|t:|1758375662
|switch|p2a: Mimikyu|Mimikyu, M|100/100
|turn|17
|
|t:|1758375665
|move|p2a: Mimikyu|Shadow Sneak|p1a: Iron Moth
|-damage|p1a: Iron Moth|0 fnt
|faint|p1a: Iron Moth
|-end|p1a: Iron Moth|Quark Drive|[silent]
|-damage|p2a: Mimikyu|91/100|[from] item: Life Orb
|
|upkeep
|
|t:|1758375667
|switch|p1a: Primarina|Primarina, M|50/100
|-damage|p1a: Primarina|38/100|[from] Stealth Rock
|turn|18
|
|t:|1758375669
|move|p2a: Mimikyu|Wood Hammer|p1a: Primarina
|-supereffective|p1a: Primarina
|-damage|p1a: Primarina|0 fnt
|faint|p1a: Primarina
|-damage|p2a: Mimikyu|75/100|[from] Recoil
|-damage|p2a: Mimikyu|65/100|[from] item: Life Orb
|
|win|Nultiprise
|raw|Lonelyenders's rating: 1455 &rarr; <strong>1438</strong><br />(-17 for losing)
|raw|Nultiprise's rating: 1499 &rarr; <strong>1516</strong><br />(+17 for winning)
|l|☆Lonelyenders
|player|p1|
|l|☆Nultiprise
|player|p2|
