|j|☆bambijack
|j|☆mamaxia
|t:|1758289899
|gametype|singles
|player|p1|bambijack|2|1163
|player|p2|mamaxia|1|1166
|gen|9
|tier|[Gen 9] OU
|rated|
|rule|HP Percentage Mod: HP is shown in percentages
|rule|Endless Battle Clause: Forcing endless battles is banned
|rule|Species Clause: Limit one of each Pokémon
|rule|OHKO Clause: OHKO moves are banned
|rule|Evasion Items Clause: Evasion items are banned
|rule|Evasion Moves Clause: Evasion moves are banned
|rule|Evasion Abilities Clause: Evasion abilities are banned
|rule|Sleep Moves Clause: Sleep-inducing moves are banned
|clearpoke
|poke|p1|Great Tusk|
|poke|p1|Slowking-Galar, M|
|poke|p1|Alomomola, M|
|poke|p1|Kingambit, M|
|poke|p1|Dragapult, F|
|poke|p1|Toucannon, M|
|poke|p2|Mightyena, M|
|poke|p2|Salamence, M|
|poke|p2|Squawkabilly, M|
|poke|p2|Arcanine-Hisui, M|
|poke|p2|Toedscruel, M|
|poke|p2|Scovillain, F|
|teampreview
|inactive|Battle timer is ON: inactive players will automatically lose when time's up. (requested by mamaxia)
|inactive|bambijack has 120 seconds left.
|
|t:|1758289936
|teamsize|p1|6
|teamsize|p2|6
|start
|switch|p1a: Toucannon|Toucannon, M, shiny|100/100
|switch|p2a: Salamence|Salamence, M, shiny|100/100
|-ability|p2a: Salamence|Intimidate|boost
|-unboost|p1a: Toucannon|atk|1
|turn|1
|
|t:|1758289965
|move|p2a: Salamence|Draco Meteor|p1a: Toucannon
|-damage|p1a: Toucannon|7/100
|-unboost|p2a: Salamence|spa|2
|move|p1a: Toucannon|Rock Blast|p2a: Salamence|[miss]
|-miss|p1a: Toucannon|p2a: Salamence
|
|upkeep
|turn|2
|
|t:|1758289977
|switch|p1a: Slowking|Slowking-Galar, M, shiny|100/100
|move|p2a: Salamence|Draco Meteor|p1a: Slowking
|-damage|p1a: Slowking|82/100
|-unboost|p2a: Salamence|spa|2
|
|upkeep
|turn|3
|
|t:|1758289988
|switch|p2a: Toedscruel|Toedscruel, M|100/100
|move|p1a: Slowking|Thunder Wave|p2a: Toedscruel
|-immune|p2a: Toedscruel
|
|upkeep
|turn|4
|
|t:|1758290002
|move|p2a: Toedscruel|Earth Power|p1a: Slowking
|-supereffective|p1a: Slowking
|-damage|p1a: Slowking|45/100
|-prepare|p1a: Slowking|Chilly Reception|[premajor]
|move|p1a: Slowking|Chilly Reception|p1a: Slowking
|-weather|Snowscape
|
|t:|1758290010
|switch|p1a: Toucannon|Toucannon, M, shiny|7/100|[from] Chilly Reception
|
|-weather|Snowscape|[upkeep]
|upkeep
|turn|5
|
|t:|1758290021
|move|p2a: Toedscruel|Giga Drain|p1a: Toucannon
|-resisted|p1a: Toucannon
|-damage|p1a: Toucannon|0 fnt
|faint|p1a: Toucannon
|
|-weather|Snowscape|[upkeep]
|upkeep
|
|t:|1758290028
|switch|p1a: Dragapult|Dragapult, F, shiny|100/100
|turn|6
|
|t:|1758290038
|switch|p2a: Salamence|Salamence, M, shiny|100/100
|-ability|p2a: Salamence|Intimidate|boost
|-unboost|p1a: Dragapult|atk|1
|move|p1a: Dragapult|U-turn|p2a: Salamence
|-resisted|p2a: Salamence
|-damage|p2a: Salamence|93/100
|
|t:|1758290045
|switch|p1a: Great Tusk|Great Tusk, shiny|100/100|[from] U-turn
|
|-weather|Snowscape|[upkeep]
|upkeep
|turn|7
|
|t:|1758290052
|move|p2a: Salamence|Air Slash|p1a: Great Tusk
|-supereffective|p1a: Great Tusk
|-damage|p1a: Great Tusk|3/100
|move|p1a: Great Tusk|Ice Spinner|p2a: Salamence
|-supereffective|p2a: Salamence
|-damage|p2a: Salamence|0 fnt
|faint|p2a: Salamence
|
|-weather|Snowscape|[upkeep]
|upkeep
|
|t:|1758290071
|switch|p2a: Squawkabilly|Squawkabilly, M|100/100
|turn|8
|
|t:|1758290075
|move|p2a: Squawkabilly|Brave Bird|p1a: Great Tusk|[miss]
|-miss|p2a: Squawkabilly|p1a: Great Tusk
|move|p1a: Great Tusk|Stealth Rock|p2a: Squawkabilly
|-sidestart|p2: mamaxia|move: Stealth Rock
|
|-weather|none
|upkeep
|turn|9
|
|t:|1758290084
|move|p2a: Squawkabilly|Brave Bird|p1a: Great Tusk
|-supereffective|p1a: Great Tusk
|-damage|p1a: Great Tusk|0 fnt
|-damage|p2a: Squawkabilly|84/100|[from] item: Rocky Helmet|[of] p1a: Great Tusk
|faint|p1a: Great Tusk
|-end|p1a: Great Tusk|Protosynthesis|[silent]
|-damage|p2a: Squawkabilly|83/100|[from] Recoil
|
|upkeep
|
|t:|1758290092
|switch|p1a: Dragapult|Dragapult, F, shiny|100/100
|turn|10
|
|t:|1758290099
|move|p2a: Squawkabilly|Brave Bird|p1a: Dragapult
|-damage|p1a: Dragapult|3/100
|-damage|p2a: Squawkabilly|49/100|[from] Recoil
|move|p1a: Dragapult|Will-O-Wisp|p2a: Squawkabilly
|-status|p2a: Squawkabilly|brn
|
|-damage|p2a: Squawkabilly|43/100 brn|[from] brn
|upkeep
|turn|11
|
|t:|1758290107
|switch|p1a: Alomomola|Alomomola, M|100/100
|move|p2a: Squawkabilly|Brave Bird|p1a: Alomomola|[miss]
|-miss|p2a: Squawkabilly|p1a: Alomomola
|
|-damage|p2a: Squawkabilly|37/100 brn|[from] brn
|upkeep
|turn|12
|
|t:|1758290116
|switch|p2a: Toedscruel|Toedscruel, M|100/100
|-damage|p2a: Toedscruel|95/100|[from] Stealth Rock
|move|p1a: Alomomola|Wish|p1a: Alomomola
|
|upkeep
|turn|13
|
|t:|1758290124
|move|p2a: Toedscruel|Giga Drain|p1a: Alomomola
|-supereffective|p1a: Alomomola
|-damage|p1a: Alomomola|36/100
|-heal|p2a: Toedscruel|100/100|[from] drain|[of] p1a: Alomomola
|move|p1a: Alomomola|Flip Turn|p2a: Toedscruel
|-damage|p2a: Toedscruel|74/100
|
|t:|1758290130
|switch|p1a: Dragapult|Dragapult, F, shiny|3/100|[from] Flip Turn
|
|-heal|p1a: Dragapult|87/100|[from] move: Wish|[wisher] Alomomola
|upkeep
|turn|14
|
|t:|1758290147
|switch|p2a: Squawkabilly|Squawkabilly, M|37/100 brn
|-damage|p2a: Squawkabilly|12/100 brn|[from] Stealth Rock
|move|p1a: Dragapult|U-turn|p2a: Squawkabilly
|-resisted|p2a: Squawkabilly
|-damage|p2a: Squawkabilly|0 fnt
|faint|p2a: Squawkabilly
|
|t:|1758290164
|switch|p1a: Slowking|Slowking-Galar, M, shiny|78/100|[from] U-turn
|
|upkeep
|
|t:|1758290169
|switch|p2a: Arcanine|Arcanine-Hisui, M|100/100
|-damage|p2a: Arcanine|75/100|[from] Stealth Rock
|turn|15
|
|t:|1758290175
|move|p2a: Arcanine|Head Smash|p1a: Slowking
|-damage|p1a: Slowking|0 fnt
|faint|p1a: Slowking
|
|upkeep
|inactive|bambijack has 120 seconds left.
|
|t:|1758290224
|switch|p1a: Alomomola|Alomomola, M|70/100
|turn|16
|
|t:|1758290230
|-terastallize|p2a: Arcanine|Rock
|move|p2a: Arcanine|Head Smash|p1a: Alomomola
|-damage|p1a: Alomomola|15/100
|move|p1a: Alomomola|Flip Turn|p2a: Arcanine
|-supereffective|p2a: Arcanine
|-damage|p2a: Arcanine|35/100
|inactive|bambijack has 120 seconds left.
|
|t:|1758290237
|switch|p1a: Dragapult|Dragapult, F, shiny|87/100|[from] Flip Turn
|
|upkeep
|turn|17
|
|t:|1758290245
|switch|p2a: Mightyena|Mightyena, M|100/100
|-damage|p2a: Mightyena|88/100|[from] Stealth Rock
|-ability|p2a: Mightyena|Intimidate|boost
|-unboost|p1a: Dragapult|atk|1
|move|p1a: Dragapult|Dragon Darts|p2a: Mightyena
|-damage|p2a: Mightyena|59/100
|-anim|p1a: Dragapult|Dragon Darts|p2a: Mightyena
|-damage|p2a: Mightyena|30/100
|
|upkeep
|turn|18
|
|t:|1758290258
|move|p2a: Mightyena|Sucker Punch|p1a: Dragapult
|-supereffective|p1a: Dragapult
|-damage|p1a: Dragapult|0 fnt
|faint|p1a: Dragapult
|
|upkeep
|
|t:|1758290261
|switch|p1a: Kingambit|Kingambit, M, shiny|100/100
|-activate|p1a: Kingambit|ability: Supreme Overlord
|-start|p1a: Kingambit|fallen4|[silent]
|turn|19
|
|t:|1758290275
|move|p1a: Kingambit|Sucker Punch|p2a: Mightyena
|-resisted|p2a: Mightyena
|-damage|p2a: Mightyena|0 fnt
|faint|p2a: Mightyena
|
|upkeep
|
|t:|1758290283
|switch|p2a: Toedscruel|Toedscruel, M|74/100
|-damage|p2a: Toedscruel|68/100|[from] Stealth Rock
|turn|20
|inactive|bambijack has 120 seconds left.
|
|t:|1758290331
|move|p1a: Kingambit|Sucker Punch|p2a: Toedscruel
|-crit|p2a: Toedscruel
|-damage|p2a: Toedscruel|0 fnt
|faint|p2a: Toedscruel
|
|upkeep
|
|t:|1758290336
|switch|p2a: Scovillain|Scovillain, F|100/100
|-damage|p2a: Scovillain|75/100|[from] Stealth Rock
|turn|21
|
|t:|1758290343
|move|p1a: Kingambit|Sucker Punch|p2a: Scovillain
|-damage|p2a: Scovillain|0 fnt
|faint|p2a: Scovillain
|
|upkeep
|-message|mamaxia forfeited.
|
|win|bambijack
|raw|bambijack's rating: 1163 &rarr; <strong>1188</strong><br />(+25 for winning)
|raw|mamaxia's rating: 1166 &rarr; <strong>1141</strong><br />(-25 for losing)
|l|☆mamaxia
|player|p2|
|l|☆bambijack
|player|p1|
