|j|☆no calc edzooto
|j|☆Ftvfctvbybtyv
|t:|1758344051
|gametype|singles
|player|p1|no calc edzooto|265|1000
|player|p2|Ftvfctvbybtyv|scientist-gen4|1000
|gen|9
|tier|[Gen 9] OU
|rated|
|rule|HP Percentage Mod: HP is shown in percentages
|rule|Endless Battle Clause: Forcing endless battles is banned
|rule|Species Clause: Limit one of each Pokémon
|rule|OHKO Clause: OHKO moves are banned
|rule|Evasion Items Clause: Evasion items are banned
|rule|Evasion Moves Clause: Evasion moves are banned
|rule|Evasion Abilities Clause: Evasion abilities are banned
|rule|Sleep Moves Clause: Sleep-inducing moves are banned
|clearpoke
|poke|p1|Gholdengo|
|poke|p1|Ting-Lu|
|poke|p1|Moltres|
|poke|p1|Sinistcha|
|poke|p1|Samurott-Hisui, M|
|poke|p1|Great Tusk|
|poke|p2|Gliscor, M|
|poke|p2|Blissey, F|
|poke|p2|Toxapex, F|
|poke|p2|Alomomola, M|
|poke|p2|Clodsire, M|
|poke|p2|Dondozo, F|
|teampreview
|
|t:|1758344077
|teamsize|p1|6
|teamsize|p2|6
|start
|switch|p1a: sea dawg|Samurott-Hisui, M|100/100
|switch|p2a: You tried|Gliscor, M, shiny|100/100
|turn|1
|inactive|Battle timer is ON: inactive players will automatically lose when time's up. (requested by Ftvfctvbybtyv)
|
|t:|1758344091
|move|p2a: You tried|Protect|p2a: You tried
|-singleturn|p2a: You tried|Protect
|move|p1a: sea dawg|Flip Turn|p2a: You tried
|-activate|p2a: You tried|move: Protect
|
|-status|p2a: You tried|tox|[from] item: Toxic Orb
|upkeep
|turn|2
|
|t:|1758344097
|switch|p2a: Cancer|Toxapex, F|100/100
|move|p1a: sea dawg|Flip Turn|p2a: Cancer
|-resisted|p2a: Cancer
|-damage|p2a: Cancer|93/100
|
|t:|1758344111
|switch|p1a: Diggin-it|Gholdengo, shiny|100/100|[from] Flip Turn
|
|upkeep
|turn|3
|
|t:|1758344121
|move|p2a: Cancer|Baneful Bunker|p2a: Cancer
|-singleturn|p2a: Cancer|move: Protect
|move|p1a: Diggin-it|Reflect|p1a: Diggin-it
|-sidestart|p1: no calc edzooto|Reflect
|
|upkeep
|turn|4
|
|t:|1758344126
|switch|p2a: Thiccccc|Blissey, F, shiny|100/100
|move|p1a: Diggin-it|Light Screen|p1a: Diggin-it
|-sidestart|p1: no calc edzooto|move: Light Screen
|
|upkeep
|turn|5
|
|t:|1758344137
|switch|p1a: sea dawg|Samurott-Hisui, M|100/100
|move|p2a: Thiccccc|Stealth Rock|p1a: sea dawg
|-sidestart|p1: no calc edzooto|move: Stealth Rock
|
|upkeep
|turn|6
|
|t:|1758344144
|switch|p2a: Cancer|Toxapex, F|100/100
|move|p1a: sea dawg|Ceaseless Edge|p2a: Cancer|[miss]
|-miss|p1a: sea dawg|p2a: Cancer
|
|upkeep
|turn|7
|
|t:|1758344150
|move|p1a: sea dawg|Ceaseless Edge|p2a: Cancer
|-damage|p2a: Cancer|75/100
|-sidestart|p2: Ftvfctvbybtyv|Spikes
|move|p2a: Cancer|Toxic|p1a: sea dawg
|-status|p1a: sea dawg|tox
|
|-damage|p1a: sea dawg|94/100 tox|[from] psn
|-sideend|p1: no calc edzooto|Reflect
|upkeep
|turn|8
|
|t:|1758344154
|move|p2a: Cancer|Baneful Bunker|p2a: Cancer
|-singleturn|p2a: Cancer|move: Protect
|move|p1a: sea dawg|Ceaseless Edge|p2a: Cancer
|-activate|p2a: Cancer|move: Protect
|
|-damage|p1a: sea dawg|82/100 tox|[from] psn
|-sideend|p1: no calc edzooto|move: Light Screen
|upkeep
|turn|9
|
|t:|1758344156
|move|p1a: sea dawg|Ceaseless Edge|p2a: Cancer
|-damage|p2a: Cancer|46/100
|-sidestart|p2: Ftvfctvbybtyv|Spikes
|move|p2a: Cancer|Infestation|p1a: sea dawg
|-supereffective|p1a: sea dawg
|-damage|p1a: sea dawg|73/100 tox
|-activate|p1a: sea dawg|move: Infestation|[of] p2a: Cancer
|
|-damage|p1a: sea dawg|54/100 tox|[from] psn
|-damage|p1a: sea dawg|42/100 tox|[from] move: Infestation|[partiallytrapped]
|upkeep
|turn|10
|
|t:|1758344161
|move|p2a: Cancer|Baneful Bunker|p2a: Cancer
|-singleturn|p2a: Cancer|move: Protect
|move|p1a: sea dawg|Ceaseless Edge|p2a: Cancer
|-activate|p2a: Cancer|move: Protect
|
|-damage|p1a: sea dawg|17/100 tox|[from] psn
|-damage|p1a: sea dawg|5/100 tox|[from] move: Infestation|[partiallytrapped]
|upkeep
|turn|11
|
|t:|1758344166
|move|p1a: sea dawg|Ceaseless Edge|p2a: Cancer|[miss]
|-miss|p1a: sea dawg|p2a: Cancer
|move|p2a: Cancer|Recover|p2a: Cancer
|-heal|p2a: Cancer|96/100
|
|-damage|p1a: sea dawg|0 fnt|[from] psn
|faint|p1a: sea dawg
|upkeep
|
|t:|1758344172
|switch|p1a: Diggin-it|Gholdengo, shiny|100/100
|-damage|p1a: Diggin-it|94/100|[from] Stealth Rock
|turn|12
|
|t:|1758344176
|switch|p2a: You tried|Gliscor, M, shiny|100/100 tox
|move|p1a: Diggin-it|Reflect|p1a: Diggin-it
|-sidestart|p1: no calc edzooto|Reflect
|
|-heal|p1a: Diggin-it|100/100|[from] item: Leftovers
|upkeep
|turn|13
|
|t:|1758344183
|move|p2a: You tried|Spikes|p1a: Diggin-it
|-sidestart|p1: no calc edzooto|Spikes
|move|p1a: Diggin-it|Make It Rain|p2a: You tried
|-damage|p2a: You tried|35/100 tox
|-unboost|p1a: Diggin-it|spa|1
|
|-heal|p2a: You tried|48/100 tox|[from] ability: Poison Heal
|upkeep
|turn|14
|
|t:|1758344190
|switch|p1a: dumbo|Great Tusk|100/100
|move|p2a: You tried|Spikes|p1a: dumbo
|-sidestart|p1: no calc edzooto|Spikes
|
|-heal|p2a: You tried|60/100 tox|[from] ability: Poison Heal
|upkeep
|turn|15
|
|t:|1758344194
|move|p2a: You tried|Protect|p2a: You tried
|-singleturn|p2a: You tried|Protect
|move|p1a: dumbo|Rapid Spin|p2a: You tried
|-activate|p2a: You tried|move: Protect
|
|-heal|p2a: You tried|73/100 tox|[from] ability: Poison Heal
|upkeep
|turn|16
|
|t:|1758344201
|move|p2a: You tried|Toxic|p1a: dumbo
|-status|p1a: dumbo|tox
|move|p1a: dumbo|Rapid Spin|p2a: You tried
|-damage|p2a: You tried|61/100 tox
|-boost|p1a: dumbo|spe|1
|-sideend|p1: no calc edzooto|Spikes|[from] move: Rapid Spin|[of] p1a: dumbo
|-sideend|p1: no calc edzooto|Stealth Rock|[from] move: Rapid Spin|[of] p1a: dumbo
|
|-damage|p1a: dumbo|94/100 tox|[from] psn
|-heal|p2a: You tried|73/100 tox|[from] ability: Poison Heal
|-sideend|p1: no calc edzooto|Reflect
|upkeep
|turn|17
|
|t:|1758344230
|move|p1a: dumbo|Bulk Up|p1a: dumbo
|-boost|p1a: dumbo|atk|1
|-boost|p1a: dumbo|def|1
|move|p2a: You tried|Spikes|p1a: dumbo
|-sidestart|p1: no calc edzooto|Spikes
|
|-damage|p1a: dumbo|82/100 tox|[from] psn
|-heal|p2a: You tried|86/100 tox|[from] ability: Poison Heal
|upkeep
|turn|18
|
|t:|1758344237
|switch|p2a: Little fish|Alomomola, M, shiny|100/100
|move|p1a: dumbo|Bulk Up|p1a: dumbo
|-boost|p1a: dumbo|atk|1
|-boost|p1a: dumbo|def|1
|
|-damage|p1a: dumbo|63/100 tox|[from] psn
|upkeep
|turn|19
|
|t:|1758344250
|-terastallize|p2a: Little fish|Ghost
|move|p1a: dumbo|Close Combat|p2a: Little fish
|-immune|p2a: Little fish
|move|p2a: Little fish|Flip Turn|p1a: dumbo
|-supereffective|p1a: dumbo
|-damage|p1a: dumbo|53/100 tox
|
|t:|1758344255
|switch|p2a: You tried|Gliscor, M, shiny|86/100 tox|[from] Flip Turn
|
|-damage|p1a: dumbo|29/100 tox|[from] psn
|-heal|p2a: You tried|98/100 tox|[from] ability: Poison Heal
|upkeep
|turn|20
|
|t:|1758344258
|switch|p2a: Little fish|Alomomola, M, shiny, tera:Ghost|100/100
|move|p1a: dumbo|Bulk Up|p1a: dumbo
|-boost|p1a: dumbo|atk|1
|-boost|p1a: dumbo|def|1
|
|-damage|p1a: dumbo|0 fnt|[from] psn
|faint|p1a: dumbo
|-end|p1a: dumbo|Protosynthesis|[silent]
|upkeep
|
|t:|1758344266
|switch|p1a: Diggin-it|Gholdengo, shiny|100/100
|-damage|p1a: Diggin-it|88/100|[from] Spikes
|turn|21
|
|t:|1758344270
|switch|p2a: Thiccccc|Blissey, F, shiny|100/100
|move|p1a: Diggin-it|Reflect|p1a: Diggin-it
|-sidestart|p1: no calc edzooto|Reflect
|
|-heal|p1a: Diggin-it|94/100|[from] item: Leftovers
|upkeep
|turn|22
|
|t:|1758344274
|move|p1a: Diggin-it|Light Screen|p1a: Diggin-it
|-sidestart|p1: no calc edzooto|move: Light Screen
|move|p2a: Thiccccc|Stealth Rock|p1a: Diggin-it
|-sidestart|p1: no calc edzooto|move: Stealth Rock
|
|-heal|p1a: Diggin-it|99/100|[from] item: Leftovers
|upkeep
|turn|23
|
|t:|1758344304
|switch|p1a: 420|Sinistcha|100/100
|switch|p2a: You tried|Gliscor, M, shiny|98/100 tox
|
|-heal|p2a: You tried|100/100 tox|[from] ability: Poison Heal
|upkeep
|turn|24
|
|t:|1758344310
|-terastallize|p1a: 420|Poison
|move|p2a: You tried|Toxic|p1a: 420
|-immune|p1a: 420
|move|p1a: 420|Calm Mind|p1a: 420
|-boost|p1a: 420|spa|1
|-boost|p1a: 420|spd|1
|
|upkeep
|turn|25
|
|t:|1758344327
|move|p2a: You tried|Knock Off|p1a: 420
|-damage|p1a: 420|92/100
|-enditem|p1a: 420|Heavy-Duty Boots|[from] move: Knock Off|[of] p2a: You tried
|move|p1a: 420|Strength Sap|p2a: You tried
|-unboost|p2a: You tried|atk|1
|-heal|p1a: 420|100/100
|
|-sideend|p1: no calc edzooto|Reflect
|upkeep
|turn|26
|
|t:|1758344333
|move|p2a: You tried|Spikes|p1a: 420
|-sidestart|p1: no calc edzooto|Spikes
|move|p1a: 420|Calm Mind|p1a: 420
|-boost|p1a: 420|spa|1
|-boost|p1a: 420|spd|1
|
|-sideend|p1: no calc edzooto|move: Light Screen
|upkeep
|turn|27
|
|t:|1758344338
|move|p2a: You tried|Spikes|p1a: 420
|-sidestart|p1: no calc edzooto|Spikes
|move|p1a: 420|Calm Mind|p1a: 420
|-boost|p1a: 420|spa|1
|-boost|p1a: 420|spd|1
|
|upkeep
|turn|28
|
|t:|1758344346
|switch|p2a: mud bug|Clodsire, M, shiny|100/100
|move|p1a: 420|Calm Mind|p1a: 420
|-boost|p1a: 420|spa|1
|-boost|p1a: 420|spd|1
|
|upkeep
|turn|29
|
|t:|1758344353
|move|p1a: 420|Matcha Gotcha|p2a: mud bug
|-damage|p2a: mud bug|85/100
|move|p2a: mud bug|Amnesia|p2a: mud bug
|-boost|p2a: mud bug|spd|2
|
|upkeep
|turn|30
|
|t:|1758344359
|move|p1a: 420|Matcha Gotcha|p2a: mud bug
|-damage|p2a: mud bug|76/100
|move|p2a: mud bug|Amnesia|p2a: mud bug
|-boost|p2a: mud bug|spd|2
|
|upkeep
|turn|31
|
|t:|1758344366
|move|p1a: 420|Matcha Gotcha|p2a: mud bug
|-damage|p2a: mud bug|70/100
|move|p2a: mud bug|Earthquake|p1a: 420
|-supereffective|p1a: 420
|-crit|p1a: 420
|-damage|p1a: 420|31/100
|
|upkeep
|turn|32
|
|t:|1758344372
|move|p1a: 420|Strength Sap|p2a: mud bug
|-unboost|p2a: mud bug|atk|1
|-heal|p1a: 420|85/100
|move|p2a: mud bug|Earthquake|p1a: 420
|-supereffective|p1a: 420
|-damage|p1a: 420|52/100
|
|upkeep
|turn|33
|
|t:|1758344379
|move|p1a: 420|Matcha Gotcha|p2a: mud bug
|-damage|p2a: mud bug|64/100
|-heal|p1a: 420|56/100|[from] drain|[of] p2a: mud bug
|-status|p2a: mud bug|brn
|move|p2a: mud bug|Recover|p2a: mud bug
|-heal|p2a: mud bug|100/100 brn
|
|-damage|p2a: mud bug|94/100 brn|[from] brn
|upkeep
|turn|34
|
|t:|1758344389
|move|p1a: 420|Strength Sap|p2a: mud bug
|-unboost|p2a: mud bug|atk|1
|-heal|p1a: 420|92/100
|move|p2a: mud bug|Earthquake|p1a: 420
|-supereffective|p1a: 420
|-damage|p1a: 420|80/100
|
|-damage|p2a: mud bug|88/100 brn|[from] brn
|upkeep
|turn|35
|
|t:|1758344397
|move|p1a: 420|Shadow Ball|p2a: mud bug
|-crit|p2a: mud bug
|-damage|p2a: mud bug|63/100 brn
|move|p2a: mud bug|Amnesia|p2a: mud bug
|-boost|p2a: mud bug|spd|2
|
|-damage|p2a: mud bug|57/100 brn|[from] brn
|upkeep
|turn|36
|
|t:|1758344403
|move|p1a: 420|Shadow Ball|p2a: mud bug
|-damage|p2a: mud bug|52/100 brn
|move|p2a: mud bug|Earthquake|p1a: 420
|-supereffective|p1a: 420
|-damage|p1a: 420|67/100
|
|-damage|p2a: mud bug|46/100 brn|[from] brn
|upkeep
|turn|37
|
|t:|1758344411
|move|p1a: 420|Shadow Ball|p2a: mud bug
|-damage|p2a: mud bug|42/100 brn
|move|p2a: mud bug|Recover|p2a: mud bug
|-heal|p2a: mud bug|92/100 brn
|
|-damage|p2a: mud bug|86/100 brn|[from] brn
|upkeep
|turn|38
|
|t:|1758344429
|switch|p2a: Thiccccc|Blissey, F, shiny|100/100
|move|p1a: 420|Shadow Ball|p2a: Thiccccc
|-immune|p2a: Thiccccc
|
|upkeep
|turn|39
|
|t:|1758344437
|move|p2a: Thiccccc|Protect|p2a: Thiccccc
|-singleturn|p2a: Thiccccc|Protect
|move|p1a: 420|Matcha Gotcha|p2a: Thiccccc
|-activate|p2a: Thiccccc|move: Protect
|
|upkeep
|turn|40
|
|t:|1758344448
|switch|p2a: mud bug|Clodsire, M, shiny|86/100 brn
|move|p1a: 420|Matcha Gotcha|p2a: mud bug
|-damage|p2a: mud bug|70/100 brn
|-heal|p1a: 420|78/100|[from] drain|[of] p2a: mud bug
|
|-damage|p2a: mud bug|64/100 brn|[from] brn
|upkeep
|turn|41
|
|t:|1758344460
|switch|p2a: Thiccccc|Blissey, F, shiny|100/100
|move|p1a: 420|Strength Sap|p2a: Thiccccc
|-unboost|p2a: Thiccccc|atk|1
|-heal|p1a: 420|84/100
|
|upkeep
|turn|42
|
|t:|1758344465
|move|p2a: Thiccccc|Protect|p2a: Thiccccc
|-singleturn|p2a: Thiccccc|Protect
|move|p1a: 420|Matcha Gotcha|p2a: Thiccccc
|-activate|p2a: Thiccccc|move: Protect
|
|upkeep
|turn|43
|
|t:|1758344470
|move|p1a: 420|Matcha Gotcha|p2a: Thiccccc
|-damage|p2a: Thiccccc|63/100
|-heal|p1a: 420|100/100|[from] drain|[of] p2a: Thiccccc
|move|p2a: Thiccccc|Soft-Boiled|p2a: Thiccccc
|-heal|p2a: Thiccccc|100/100
|
|upkeep
|turn|44
|
|t:|1758344477
|switch|p2a: Cancer|Toxapex, F|100/100
|move|p1a: 420|Calm Mind|p1a: 420
|-boost|p1a: 420|spa|1
|-boost|p1a: 420|spd|1
|
|upkeep
|turn|45
|
|t:|1758344483
|move|p2a: Cancer|Baneful Bunker|p2a: Cancer
|-singleturn|p2a: Cancer|move: Protect
|move|p1a: 420|Shadow Ball|p2a: Cancer
|-activate|p2a: Cancer|move: Protect
|
|upkeep
|turn|46
|
|t:|1758344487
|switch|p2a: Thiccccc|Blissey, F, shiny|100/100
|move|p1a: 420|Shadow Ball|p2a: Thiccccc
|-immune|p2a: Thiccccc
|
|upkeep
|turn|47
|
|t:|1758344495
|move|p1a: 420|Matcha Gotcha|p2a: Thiccccc
|-damage|p2a: Thiccccc|61/100
|move|p2a: Thiccccc|Seismic Toss|p1a: 420
|-damage|p1a: 420|72/100
|
|upkeep
|turn|48
|
|t:|1758344502
|move|p1a: 420|Calm Mind|p1a: 420
|-boost|p1a: 420|spa|1
|-boost|p1a: 420|spd|1
|move|p2a: Thiccccc|Soft-Boiled|p2a: Thiccccc
|-heal|p2a: Thiccccc|100/100
|
|upkeep
|turn|49
|
|t:|1758344506
|move|p2a: Thiccccc|Protect|p2a: Thiccccc
|-singleturn|p2a: Thiccccc|Protect
|move|p1a: 420|Matcha Gotcha|p2a: Thiccccc
|-activate|p2a: Thiccccc|move: Protect
|
|upkeep
|turn|50
|
|t:|1758344515
|move|p1a: 420|Matcha Gotcha|p2a: Thiccccc
|-damage|p2a: Thiccccc|57/100
|-heal|p1a: 420|100/100|[from] drain|[of] p2a: Thiccccc
|-status|p2a: Thiccccc|brn
|move|p2a: Thiccccc|Seismic Toss|p1a: 420
|-damage|p1a: 420|72/100
|
|-damage|p2a: Thiccccc|51/100 brn|[from] brn
|upkeep
|turn|51
|
|t:|1758344525
|move|p2a: Thiccccc|Protect|p2a: Thiccccc
|-singleturn|p2a: Thiccccc|Protect
|move|p1a: 420|Shadow Ball|p2a: Thiccccc
|-activate|p2a: Thiccccc|move: Protect
|
|-damage|p2a: Thiccccc|44/100 brn|[from] brn
|upkeep
|turn|52
|
|t:|1758344529
|move|p1a: 420|Matcha Gotcha|p2a: Thiccccc
|-damage|p2a: Thiccccc|0 fnt
|-heal|p1a: 420|100/100|[from] drain|[of] p2a: Thiccccc
|faint|p2a: Thiccccc
|
|upkeep
|l|☆Ftvfctvbybtyv
|inactive|Ftvfctvbybtyv disconnected and has a minute to reconnect!
|player|p2|
|inactive|Ftvfctvbybtyv has 30 seconds to reconnect!
|inactive|Ftvfctvbybtyv has 20 seconds to reconnect!
|inactive|Ftvfctvbybtyv has 15 seconds to reconnect!
|inactive|Ftvfctvbybtyv has 10 seconds to reconnect!
|inactive|Ftvfctvbybtyv has 5 seconds to reconnect!
|-message|Ftvfctvbybtyv lost due to inactivity.
|
|win|no calc edzooto
|raw|no calc edzooto's rating: 1000 &rarr; <strong>1040</strong><br />(+40 for winning)
|raw|Ftvfctvbybtyv's rating: 1000 &rarr; <strong>1000</strong><br />(+0 for losing)
