|j|☆The Paldea Region
|j|☆birbirb
|t:|1758377208
|gametype|singles
|player|p1|The Paldea Region|emma|1445
|player|p2|birbirb|pokemaniac|1461
|gen|9
|tier|[Gen 9] OU
|rated|
|rule|HP Percentage Mod: HP is shown in percentages
|rule|Endless Battle Clause: Forcing endless battles is banned
|rule|Species Clause: Limit one of each Pokémon
|rule|OHKO Clause: OHKO moves are banned
|rule|Evasion Items Clause: Evasion items are banned
|rule|Evasion Moves Clause: Evasion moves are banned
|rule|Evasion Abilities Clause: Evasion abilities are banned
|rule|Sleep Moves Clause: Sleep-inducing moves are banned
|clearpoke
|poke|p1|Veluza, M|
|poke|p1|Tornadus-Therian, M|
|poke|p1|Blissey, F|
|poke|p1|Gliscor, F|
|poke|p1|Iron Valiant|
|poke|p1|Scizor, F|
|poke|p2|Landorus-Therian, M|
|poke|p2|Zamazenta-*|
|poke|p2|Pecharunt|
|poke|p2|Samurott-Hisui, M|
|poke|p2|Latios, M|
|poke|p2|Scizor, F|
|teampreview
|
|t:|1758377221
|teamsize|p1|6
|teamsize|p2|6
|start
|switch|p1a: Veluza|Veluza, M|100/100
|switch|p2a: Landorus|Landorus-Therian, M|100/100
|-ability|p1a: Veluza|Mold Breaker
|-ability|p2a: Landorus|Intimidate|boost
|-unboost|p1a: Veluza|atk|1
|turn|1
|
|t:|1758377227
|move|p1a: Veluza|Final Gambit|p2a: Landorus
|-damage|p2a: Landorus|0 fnt
|faint|p1a: Veluza
|faint|p2a: Landorus
|
|upkeep
|
|t:|1758377232
|switch|p2a: Samurott|Samurott-Hisui, M|100/100
|switch|p1a: Blissey|Blissey, F|100/100
|turn|2
|
|t:|1758377236
|move|p1a: Blissey|Copycat|p1a: Blissey
|move|p1a: Blissey|Final Gambit|p2a: Samurott|[from] move: Copycat
|-damage|p2a: Samurott|0 fnt
|faint|p1a: Blissey
|faint|p2a: Samurott
|
|upkeep
|
|t:|1758377250
|switch|p2a: Latios|Latios, M|100/100
|switch|p1a: Tornadus|Tornadus-Therian, M|100/100
|turn|3
|
|t:|1758377256
|move|p1a: Tornadus|Tailwind|p1a: Tornadus
|-sidestart|p1: The Paldea Region|move: Tailwind
|move|p2a: Latios|Calm Mind|p2a: Latios
|-boost|p2a: Latios|spa|1
|-boost|p2a: Latios|spd|1
|
|upkeep
|turn|4
|
|t:|1758377266
|move|p1a: Tornadus|Bleakwind Storm|p2a: Latios
|-damage|p2a: Latios|68/100
|move|p2a: Latios|Psychic Noise|p1a: Tornadus
|-damage|p1a: Tornadus|6/100
|-start|p1a: Tornadus|move: Heal Block
|-enditem|p1a: Tornadus|Eject Button
|
|t:|1758377297
|switch|p1a: Gliscor|Gliscor, F|100/100
|
|-status|p1a: Gliscor|tox|[from] item: Toxic Orb
|upkeep
|turn|5
|
|t:|1758377304
|switch|p1a: Scizor|Scizor, F|100/100
|-terastallize|p2a: Latios|Steel
|move|p2a: Latios|Psychic Noise|p1a: Scizor
|-resisted|p1a: Scizor
|-damage|p1a: Scizor|51/100
|-start|p1a: Scizor|move: Heal Block
|
|upkeep
|turn|6
|
|t:|1758377310
|move|p1a: Scizor|Close Combat|p2a: Latios
|-supereffective|p2a: Latios
|-damage|p2a: Latios|0 fnt
|-unboost|p1a: Scizor|def|1
|-unboost|p1a: Scizor|spd|1
|faint|p2a: Latios
|-damage|p1a: Scizor|41/100|[from] item: Life Orb
|
|-end|p1a: Scizor|move: Heal Block
|-sideend|p1: The Paldea Region|move: Tailwind
|upkeep
|
|t:|1758377312
|switch|p2a: Pecharunt|Pecharunt|100/100
|turn|7
|
|t:|1758377325
|move|p2a: Pecharunt|Shadow Ball|p1a: Scizor
|-damage|p1a: Scizor|0 fnt
|faint|p1a: Scizor
|
|upkeep
|
|t:|1758377337
|switch|p1a: Tornadus|Tornadus-Therian, M|39/100
|turn|8
|
|t:|1758377345
|switch|p1a: Iron Valiant|Iron Valiant|100/100
|-enditem|p1a: Iron Valiant|Booster Energy
|-activate|p1a: Iron Valiant|ability: Quark Drive|[fromitem]
|-start|p1a: Iron Valiant|quarkdrivespe
|move|p2a: Pecharunt|Malignant Chain|p1a: Iron Valiant
|-supereffective|p1a: Iron Valiant
|-damage|p1a: Iron Valiant|0 fnt
|faint|p1a: Iron Valiant
|-end|p1a: Iron Valiant|Quark Drive|[silent]
|
|upkeep
|
|t:|1758377373
|switch|p1a: Tornadus|Tornadus-Therian, M|72/100
|turn|9
|
|t:|1758377379
|-terastallize|p1a: Tornadus|Flying
|move|p1a: Tornadus|Bleakwind Storm|p2a: Pecharunt
|-damage|p2a: Pecharunt|37/100
|move|p2a: Pecharunt|Malignant Chain|p1a: Tornadus
|-damage|p1a: Tornadus|34/100
|
|upkeep
|turn|10
|
|t:|1758377390
|switch|p2a: Scizor|Scizor, F|100/100
|move|p1a: Tornadus|Bleakwind Storm|p2a: Scizor
|-damage|p2a: Scizor|15/100
|
|upkeep
|turn|11
|
|t:|1758377396
|switch|p1a: Gliscor|Gliscor, F|100/100 tox
|move|p2a: Scizor|Bullet Punch|p1a: Gliscor
|-damage|p1a: Gliscor|72/100 tox
|
|-heal|p1a: Gliscor|85/100 tox|[from] ability: Poison Heal
|upkeep
|turn|12
|
|t:|1758377408
|move|p2a: Scizor|Swords Dance|p2a: Scizor
|-boost|p2a: Scizor|atk|2
|move|p1a: Gliscor|Earthquake|p2a: Scizor
|-damage|p2a: Scizor|0 fnt
|faint|p2a: Scizor
|
|-heal|p1a: Gliscor|97/100 tox|[from] ability: Poison Heal
|upkeep
|
|t:|1758377410
|switch|p2a: Pecharunt|Pecharunt|37/100
|turn|13
|
|t:|1758377413
|move|p2a: Pecharunt|Recover|p2a: Pecharunt
|-heal|p2a: Pecharunt|87/100
|move|p1a: Gliscor|Earthquake|p2a: Pecharunt
|-supereffective|p2a: Pecharunt
|-damage|p2a: Pecharunt|44/100
|
|-heal|p1a: Gliscor|100/100 tox|[from] ability: Poison Heal
|upkeep
|turn|14
|
|t:|1758377419
|move|p2a: Pecharunt|Parting Shot|p1a: Gliscor
|-unboost|p1a: Gliscor|atk|1
|-unboost|p1a: Gliscor|spa|1
|
|t:|1758377420
|switch|p2a: Zamazenta|Zamazenta|100/100|[from] Parting Shot
|-ability|p2a: Zamazenta|Dauntless Shield|boost
|-boost|p2a: Zamazenta|def|1
|move|p1a: Gliscor|Earthquake|p2a: Zamazenta
|-damage|p2a: Zamazenta|90/100
|
|-heal|p2a: Zamazenta|96/100|[from] item: Leftovers
|upkeep
|turn|15
|
|t:|1758377424
|switch|p2a: Pecharunt|Pecharunt|44/100
|move|p1a: Gliscor|Toxic|p2a: Pecharunt
|-immune|p2a: Pecharunt
|
|upkeep
|turn|16
|
|t:|1758377428
|move|p2a: Pecharunt|Recover|p2a: Pecharunt
|-heal|p2a: Pecharunt|94/100
|move|p1a: Gliscor|Earthquake|p2a: Pecharunt
|-supereffective|p2a: Pecharunt
|-damage|p2a: Pecharunt|70/100
|
|upkeep
|turn|17
|
|t:|1758377433
|move|p2a: Pecharunt|Shadow Ball|p1a: Gliscor
|-damage|p1a: Gliscor|81/100 tox
|move|p1a: Gliscor|Toxic|p2a: Pecharunt
|-immune|p2a: Pecharunt
|
|-heal|p1a: Gliscor|93/100 tox|[from] ability: Poison Heal
|upkeep
|turn|18
|
|t:|1758377437
|move|p2a: Pecharunt|Shadow Ball|p1a: Gliscor
|-damage|p1a: Gliscor|73/100 tox
|-unboost|p1a: Gliscor|spd|1
|move|p1a: Gliscor|Toxic|p2a: Pecharunt
|-immune|p2a: Pecharunt
|
|-heal|p1a: Gliscor|86/100 tox|[from] ability: Poison Heal
|upkeep
|turn|19
|
|t:|1758377440
|move|p2a: Pecharunt|Shadow Ball|p1a: Gliscor
|-damage|p1a: Gliscor|56/100 tox
|move|p1a: Gliscor|Toxic|p2a: Pecharunt
|-immune|p2a: Pecharunt
|
|-heal|p1a: Gliscor|68/100 tox|[from] ability: Poison Heal
|upkeep
|turn|20
|
|t:|1758377446
|move|p1a: Gliscor|Protect|p1a: Gliscor
|-singleturn|p1a: Gliscor|Protect
|move|p2a: Pecharunt|Shadow Ball|p1a: Gliscor
|-activate|p1a: Gliscor|move: Protect
|
|-heal|p1a: Gliscor|81/100 tox|[from] ability: Poison Heal
|upkeep
|turn|21
|
|t:|1758377452
|switch|p1a: Tornadus|Tornadus-Therian, M, tera:Flying|67/100
|move|p2a: Pecharunt|Shadow Ball|p1a: Tornadus
|-crit|p1a: Tornadus
|-damage|p1a: Tornadus|24/100
|
|upkeep
|turn|22
|
|t:|1758377459
|switch|p1a: Gliscor|Gliscor, F|81/100 tox
|move|p2a: Pecharunt|Malignant Chain|p1a: Gliscor
|-resisted|p1a: Gliscor
|-damage|p1a: Gliscor|68/100 tox
|
|-heal|p1a: Gliscor|80/100 tox|[from] ability: Poison Heal
|upkeep
|turn|23
|
|t:|1758377466
|move|p2a: Pecharunt|Shadow Ball|p1a: Gliscor
|-damage|p1a: Gliscor|60/100 tox
|move|p1a: Gliscor|Earthquake|p2a: Pecharunt
|-supereffective|p2a: Pecharunt
|-damage|p2a: Pecharunt|29/100
|
|-heal|p1a: Gliscor|73/100 tox|[from] ability: Poison Heal
|upkeep
|turn|24
|
|t:|1758377472
|switch|p1a: Tornadus|Tornadus-Therian, M, tera:Flying|57/100
|move|p2a: Pecharunt|Recover|p2a: Pecharunt
|-heal|p2a: Pecharunt|79/100
|
|upkeep
|turn|25
|
|t:|1758377476
|switch|p1a: Gliscor|Gliscor, F|73/100 tox
|move|p2a: Pecharunt|Parting Shot|p1a: Gliscor
|-unboost|p1a: Gliscor|atk|1
|-unboost|p1a: Gliscor|spa|1
|
|t:|1758377477
|switch|p2a: Zamazenta|Zamazenta|96/100|[from] Parting Shot
|
|-heal|p2a: Zamazenta|100/100|[from] item: Leftovers
|-heal|p1a: Gliscor|85/100 tox|[from] ability: Poison Heal
|upkeep
|turn|26
|
|t:|1758377482
|switch|p2a: Pecharunt|Pecharunt|79/100
|move|p1a: Gliscor|Toxic|p2a: Pecharunt
|-immune|p2a: Pecharunt
|
|-heal|p1a: Gliscor|98/100 tox|[from] ability: Poison Heal
|upkeep
|turn|27
|
|t:|1758377488
|move|p2a: Pecharunt|Shadow Ball|p1a: Gliscor
|-damage|p1a: Gliscor|75/100 tox
|move|p1a: Gliscor|Toxic|p2a: Pecharunt|[miss]
|-miss|p1a: Gliscor|p2a: Pecharunt
|
|-heal|p1a: Gliscor|88/100 tox|[from] ability: Poison Heal
|upkeep
|turn|28
|
|t:|1758377493
|move|p1a: Gliscor|Protect|p1a: Gliscor
|-singleturn|p1a: Gliscor|Protect
|move|p2a: Pecharunt|Shadow Ball|p1a: Gliscor
|-activate|p1a: Gliscor|move: Protect
|
|-heal|p1a: Gliscor|100/100 tox|[from] ability: Poison Heal
|upkeep
|turn|29
|
|t:|1758377496
|switch|p1a: Tornadus|Tornadus-Therian, M, tera:Flying|90/100
|move|p2a: Pecharunt|Shadow Ball|p1a: Tornadus
|-damage|p1a: Tornadus|58/100
|
|upkeep
|turn|30
|
|t:|1758377500
|switch|p1a: Gliscor|Gliscor, F|100/100 tox
|move|p2a: Pecharunt|Parting Shot|p1a: Gliscor
|-unboost|p1a: Gliscor|atk|1
|-unboost|p1a: Gliscor|spa|1
|
|t:|1758377502
|switch|p2a: Zamazenta|Zamazenta|100/100|[from] Parting Shot
|
|upkeep
|turn|31
|
|t:|1758377505
|switch|p2a: Pecharunt|Pecharunt|79/100
|move|p1a: Gliscor|Toxic|p2a: Pecharunt
|-immune|p2a: Pecharunt
|
|upkeep
|turn|32
|
|t:|1758377510
|switch|p1a: Tornadus|Tornadus-Therian, M, tera:Flying|91/100
|move|p2a: Pecharunt|Shadow Ball|p1a: Tornadus
|-damage|p1a: Tornadus|61/100
|
|upkeep
|turn|33
|
|t:|1758377517
|switch|p1a: Gliscor|Gliscor, F|100/100 tox
|move|p2a: Pecharunt|Malignant Chain|p1a: Gliscor
|-resisted|p1a: Gliscor
|-damage|p1a: Gliscor|87/100 tox
|
|-heal|p1a: Gliscor|99/100 tox|[from] ability: Poison Heal
|upkeep
|turn|34
|
|t:|1758377523
|switch|p2a: Zamazenta|Zamazenta|100/100
|move|p1a: Gliscor|Toxic|p2a: Zamazenta
|-status|p2a: Zamazenta|tox
|
|-damage|p2a: Zamazenta|94/100 tox|[from] psn
|-heal|p1a: Gliscor|100/100 tox|[from] ability: Poison Heal
|upkeep
|turn|35
|
|t:|1758377526
|switch|p2a: Pecharunt|Pecharunt|79/100
|move|p1a: Gliscor|Earthquake|p2a: Pecharunt
|-supereffective|p2a: Pecharunt
|-damage|p2a: Pecharunt|37/100
|
|upkeep
|turn|36
|
|t:|1758377531
|switch|p1a: Tornadus|Tornadus-Therian, M, tera:Flying|94/100
|move|p2a: Pecharunt|Parting Shot|p1a: Tornadus
|-unboost|p1a: Tornadus|atk|1
|-unboost|p1a: Tornadus|spa|1
|
|t:|1758377532
|switch|p2a: Zamazenta|Zamazenta|94/100 tox|[from] Parting Shot
|
|-heal|p2a: Zamazenta|100/100 tox|[from] item: Leftovers
|-damage|p2a: Zamazenta|94/100 tox|[from] psn
|upkeep
|turn|37
|
|t:|1758377536
|move|p2a: Zamazenta|Body Press|p1a: Tornadus
|-resisted|p1a: Tornadus
|-damage|p1a: Tornadus|68/100
|move|p1a: Tornadus|Bleakwind Storm|p2a: Zamazenta
|-supereffective|p2a: Zamazenta
|-damage|p2a: Zamazenta|16/100 tox
|
|-heal|p2a: Zamazenta|23/100 tox|[from] item: Leftovers
|-damage|p2a: Zamazenta|10/100 tox|[from] psn
|upkeep
|turn|38
|
|t:|1758377543
|switch|p1a: Gliscor|Gliscor, F|100/100 tox
|move|p2a: Zamazenta|Body Press|p1a: Gliscor
|-resisted|p1a: Gliscor
|-damage|p1a: Gliscor|85/100 tox
|
|-heal|p2a: Zamazenta|16/100 tox|[from] item: Leftovers
|-damage|p2a: Zamazenta|0 fnt|[from] psn
|faint|p2a: Zamazenta
|-heal|p1a: Gliscor|98/100 tox|[from] ability: Poison Heal
|upkeep
|
|t:|1758377544
|switch|p2a: Pecharunt|Pecharunt|37/100
|turn|39
|
|t:|1758377548
|move|p2a: Pecharunt|Recover|p2a: Pecharunt
|-heal|p2a: Pecharunt|87/100
|move|p1a: Gliscor|Earthquake|p2a: Pecharunt
|-supereffective|p2a: Pecharunt
|-damage|p2a: Pecharunt|46/100
|
|-heal|p1a: Gliscor|100/100 tox|[from] ability: Poison Heal
|upkeep
|turn|40
|
|t:|1758377550
|move|p2a: Pecharunt|Parting Shot|p1a: Gliscor
|-unboost|p1a: Gliscor|atk|1
|-unboost|p1a: Gliscor|spa|1
|move|p1a: Gliscor|Earthquake|p2a: Pecharunt
|-supereffective|p2a: Pecharunt
|-damage|p2a: Pecharunt|17/100
|
|upkeep
|turn|41
|
|t:|1758377555
|switch|p1a: Tornadus|Tornadus-Therian, M, tera:Flying|100/100
|move|p2a: Pecharunt|Recover|p2a: Pecharunt
|-heal|p2a: Pecharunt|67/100
|
|upkeep
|turn|42
|
|t:|1758377562
|move|p1a: Tornadus|Bleakwind Storm|p2a: Pecharunt
|-crit|p2a: Pecharunt
|-damage|p2a: Pecharunt|0 fnt
|faint|p2a: Pecharunt
|
|win|The Paldea Region
|raw|The Paldea Region's rating: 1445 &rarr; <strong>1466</strong><br />(+21 for winning)
|raw|birbirb's rating: 1461 &rarr; <strong>1440</strong><br />(-21 for losing)
|l|☆birbirb
|player|p2|
