|j|☆LuoQingJun
|j|☆elvergatron69
|t:|1758293475
|gametype|singles
|player|p1|LuoQingJun|265|1194
|player|p2|elvergatron69|265|1152
|gen|9
|tier|[Gen 9] OU
|rated|
|rule|HP Percentage Mod: HP is shown in percentages
|rule|Endless Battle Clause: Forcing endless battles is banned
|rule|Species Clause: Limit one of each Pokémon
|rule|OHKO Clause: OHKO moves are banned
|rule|Evasion Items Clause: Evasion items are banned
|rule|Evasion Moves Clause: Evasion moves are banned
|rule|Evasion Abilities Clause: Evasion abilities are banned
|rule|Sleep Moves Clause: Sleep-inducing moves are banned
|clearpoke
|poke|p1|Kleavor, F|
|poke|p1|Ninetales-Alola, M|
|poke|p1|Meowscarada, F|
|poke|p1|Gholdengo|
|poke|p1|Kingambit, F|
|poke|p1|Dragonite, M|
|poke|p2|Duraludon, M|
|poke|p2|Iron Hands|
|poke|p2|Mandibuzz, F|
|poke|p2|Dragapult, M|
|poke|p2|Hitmonlee, M|
|poke|p2|Blissey, F|
|teampreview
|
|t:|1758293490
|teamsize|p1|6
|teamsize|p2|6
|start
|switch|p1a: Kleavor|Kleavor, F|100/100
|switch|p2a: Iron Hands|Iron Hands|100/100
|turn|1
|
|t:|1758293496
|move|p1a: Kleavor|Stone Axe|p2a: Iron Hands|[miss]
|-miss|p1a: Kleavor|p2a: Iron Hands
|move|p2a: Iron Hands|Belly Drum|p2a: Iron Hands
|-damage|p2a: Iron Hands|50/100
|-setboost|p2a: Iron Hands|atk|6|[from] move: Belly Drum
|-enditem|p2a: Iron Hands|Sitrus Berry|[eat]
|-heal|p2a: Iron Hands|75/100|[from] item: Sitrus Berry
|
|upkeep
|turn|2
|
|t:|1758293510
|move|p1a: Kleavor|Stone Axe|p2a: Iron Hands
|-resisted|p2a: Iron Hands
|-damage|p2a: Iron Hands|59/100
|-sidestart|p2: elvergatron69|move: Stealth Rock
|move|p2a: Iron Hands|Drain Punch|p1a: Kleavor
|-enditem|p1a: Kleavor|Focus Sash
|-damage|p1a: Kleavor|1/100
|-heal|p2a: Iron Hands|87/100|[from] drain|[of] p1a: Kleavor
|
|upkeep
|turn|3
|
|t:|1758293521
|move|p1a: Kleavor|U-turn|p2a: Iron Hands
|-resisted|p2a: Iron Hands
|-damage|p2a: Iron Hands|75/100
|
|t:|1758293524
|switch|p1a: Gholdengo|Gholdengo|100/100|[from] U-turn
|move|p2a: Iron Hands|Drain Punch|p1a: Gholdengo
|-immune|p1a: Gholdengo
|
|upkeep
|turn|4
|
|t:|1758293543
|move|p1a: Gholdengo|Make It Rain|p2a: Iron Hands
|-resisted|p2a: Iron Hands
|-damage|p2a: Iron Hands|45/100
|-unboost|p1a: Gholdengo|spa|1
|move|p2a: Iron Hands|Supercell Slam|p1a: Gholdengo
|-damage|p1a: Gholdengo|0 fnt
|faint|p1a: Gholdengo
|
|upkeep
|
|t:|1758293556
|switch|p1a: Dragonite|Dragonite, M|100/100
|turn|5
|
|t:|1758293561
|move|p1a: Dragonite|Earthquake|p2a: Iron Hands
|-supereffective|p2a: Iron Hands
|-damage|p2a: Iron Hands|0 fnt
|faint|p2a: Iron Hands
|-end|p2a: Iron Hands|Quark Drive|[silent]
|
|upkeep
|
|t:|1758293565
|switch|p2a: Mandibuzz|Mandibuzz, F|100/100
|turn|6
|
|t:|1758293570
|switch|p1a: Kleavor|Kleavor, F|1/100
|move|p2a: Mandibuzz|Defog|p1a: Kleavor
|-unboost|p1a: Kleavor|evasion|1
|-sideend|p2: elvergatron69|Stealth Rock|[from] move: Defog|[of] p2a: Mandibuzz
|
|upkeep
|turn|7
|
|t:|1758293578
|move|p1a: Kleavor|Stone Axe|p2a: Mandibuzz
|-supereffective|p2a: Mandibuzz
|-damage|p2a: Mandibuzz|38/100
|-sidestart|p2: elvergatron69|move: Stealth Rock
|move|p2a: Mandibuzz|Foul Play|p1a: Kleavor
|-damage|p1a: Kleavor|0 fnt
|faint|p1a: Kleavor
|
|upkeep
|
|t:|1758293585
|switch|p1a: Ninetales|Ninetales-Alola, M|100/100
|-weather|Snowscape|[from] ability: Snow Warning|[of] p1a: Ninetales
|turn|8
|
|t:|1758293592
|switch|p2a: Blissey|Blissey, F|100/100
|-damage|p2a: Blissey|88/100|[from] Stealth Rock
|move|p1a: Ninetales|Encore||[still]
|-fail|p1a: Ninetales
|
|-weather|Snowscape|[upkeep]
|-heal|p2a: Blissey|94/100|[from] item: Leftovers
|upkeep
|turn|9
|
|t:|1758293603
|switch|p1a: Meowscarada|Meowscarada, F|100/100
|move|p2a: Blissey|Light Screen|p2a: Blissey
|-sidestart|p2: elvergatron69|move: Light Screen
|
|-weather|Snowscape|[upkeep]
|-heal|p2a: Blissey|99/100|[from] item: Leftovers
|upkeep
|turn|10
|
|t:|1758293620
|switch|p2a: Duraludon|Duraludon, M|100/100
|-damage|p2a: Duraludon|94/100|[from] Stealth Rock
|move|p1a: Meowscarada|Flower Trick|p2a: Duraludon
|-start|p1a: Meowscarada|typechange|Grass|[from] ability: Protean
|-resisted|p2a: Duraludon
|-crit|p2a: Duraludon
|-damage|p2a: Duraludon|88/100
|
|-weather|Snowscape|[upkeep]
|upkeep
|turn|11
|
|t:|1758293639
|switch|p1a: Dragonite|Dragonite, M|100/100
|move|p2a: Duraludon|Flash Cannon|p1a: Dragonite
|-damage|p1a: Dragonite|79/100
|
|-weather|Snowscape|[upkeep]
|-heal|p1a: Dragonite|85/100|[from] item: Leftovers
|upkeep
|turn|12
|
|t:|1758293654
|-terastallize|p1a: Dragonite|Normal
|move|p1a: Dragonite|Dragon Dance|p1a: Dragonite
|-boost|p1a: Dragonite|atk|1
|-boost|p1a: Dragonite|spe|1
|move|p2a: Duraludon|Dragon Pulse|p1a: Dragonite
|-damage|p1a: Dragonite|37/100
|
|-weather|none
|-heal|p1a: Dragonite|43/100|[from] item: Leftovers
|upkeep
|turn|13
|
|t:|1758293665
|move|p1a: Dragonite|Earthquake|p2a: Duraludon
|-supereffective|p2a: Duraludon
|-damage|p2a: Duraludon|24/100
|move|p2a: Duraludon|Dragon Pulse|p1a: Dragonite
|-damage|p1a: Dragonite|0 fnt
|faint|p1a: Dragonite
|
|-sideend|p2: elvergatron69|move: Light Screen
|upkeep
|
|t:|1758293674
|switch|p1a: Ninetales|Ninetales-Alola, M|100/100
|-weather|Snowscape|[from] ability: Snow Warning|[of] p1a: Ninetales
|turn|14
|
|t:|1758293681
|move|p1a: Ninetales|Aurora Veil|p1a: Ninetales
|-sidestart|p1: LuoQingJun|move: Aurora Veil
|move|p2a: Duraludon|Flash Cannon|p1a: Ninetales
|-supereffective|p1a: Ninetales
|-damage|p1a: Ninetales|0 fnt
|faint|p1a: Ninetales
|
|-weather|Snowscape|[upkeep]
|upkeep
|
|t:|1758293688
|switch|p1a: Kingambit|Kingambit, F|100/100
|-activate|p1a: Kingambit|ability: Supreme Overlord
|-start|p1a: Kingambit|fallen4|[silent]
|turn|15
|
|t:|1758293694
|move|p2a: Duraludon|Steel Beam|p1a: Kingambit
|-resisted|p1a: Kingambit
|-damage|p1a: Kingambit|81/100
|-damage|p2a: Duraludon|0 fnt|[from] steelbeam
|faint|p2a: Duraludon
|move|p1a: Kingambit|Swords Dance|p1a: Kingambit
|-boost|p1a: Kingambit|atk|2
|
|-weather|Snowscape|[upkeep]
|upkeep
|
|t:|1758293703
|switch|p2a: Mandibuzz|Mandibuzz, F|38/100
|turn|16
|
|t:|1758293712
|move|p1a: Kingambit|Sucker Punch||[still]
|-fail|p1a: Kingambit
|move|p2a: Mandibuzz|Roost|p2a: Mandibuzz
|-heal|p2a: Mandibuzz|88/100
|-singleturn|p2a: Mandibuzz|move: Roost
|
|-weather|Snowscape|[upkeep]
|upkeep
|turn|17
|
|t:|1758293719
|move|p1a: Kingambit|Sucker Punch|p2a: Mandibuzz
|-resisted|p2a: Mandibuzz
|-damage|p2a: Mandibuzz|47/100
|move|p2a: Mandibuzz|Foul Play|p1a: Kingambit
|-resisted|p1a: Kingambit
|-damage|p1a: Kingambit|62/100
|
|-weather|Snowscape|[upkeep]
|upkeep
|turn|18
|
|t:|1758293729
|move|p2a: Mandibuzz|Roost|p2a: Mandibuzz
|-heal|p2a: Mandibuzz|97/100
|-singleturn|p2a: Mandibuzz|move: Roost
|move|p1a: Kingambit|Iron Head|p2a: Mandibuzz
|-damage|p2a: Mandibuzz|17/100
|
|-weather|none
|upkeep
|turn|19
|
|t:|1758293738
|move|p2a: Mandibuzz|Defog|p1a: Kingambit
|-unboost|p1a: Kingambit|evasion|1
|-sideend|p1: LuoQingJun|move: Aurora Veil
|-sideend|p2: elvergatron69|Stealth Rock|[from] move: Defog|[of] p2a: Mandibuzz
|move|p1a: Kingambit|Iron Head|p2a: Mandibuzz
|-crit|p2a: Mandibuzz
|-damage|p2a: Mandibuzz|0 fnt
|faint|p2a: Mandibuzz
|
|upkeep
|
|t:|1758293757
|switch|p2a: Hitmonlee|Hitmonlee, M|100/100
|turn|20
|
|t:|1758293763
|move|p1a: Kingambit|Sucker Punch|p2a: Hitmonlee
|-resisted|p2a: Hitmonlee
|-damage|p2a: Hitmonlee|0 fnt
|faint|p2a: Hitmonlee
|
|upkeep
|
|t:|1758293771
|switch|p2a: Dragapult|Dragapult, M|100/100
|turn|21
|inactive|Battle timer is ON: inactive players will automatically lose when time's up. (requested by LuoQingJun)
|
|t:|1758293800
|move|p1a: Kingambit|Sucker Punch||[still]
|-fail|p1a: Kingambit
|move|p2a: Dragapult|Dragon Dance|p2a: Dragapult
|-boost|p2a: Dragapult|atk|1
|-boost|p2a: Dragapult|spe|1
|
|upkeep
|turn|22
|
|t:|1758293810
|move|p1a: Kingambit|Sucker Punch|p2a: Dragapult
|-supereffective|p2a: Dragapult
|-enditem|p2a: Dragapult|Focus Sash
|-damage|p2a: Dragapult|1/100
|move|p2a: Dragapult|Dragon Darts|p1a: Kingambit
|-resisted|p1a: Kingambit
|-damage|p1a: Kingambit|48/100
|-anim|p2a: Dragapult|Dragon Darts|p1a: Kingambit
|-resisted|p1a: Kingambit
|-damage|p1a: Kingambit|35/100
|
|upkeep
|turn|23
|
|t:|1758293827
|move|p2a: Dragapult|Dragon Dance|p2a: Dragapult
|-boost|p2a: Dragapult|atk|1
|-boost|p2a: Dragapult|spe|1
|move|p1a: Kingambit|Kowtow Cleave|p2a: Dragapult
|-supereffective|p2a: Dragapult
|-damage|p2a: Dragapult|0 fnt
|faint|p2a: Dragapult
|
|upkeep
|
|t:|1758293834
|switch|p2a: Blissey|Blissey, F|99/100
|turn|24
|
|t:|1758293839
|move|p2a: Blissey|Seismic Toss|p1a: Kingambit
|-damage|p1a: Kingambit|10/100
|move|p1a: Kingambit|Iron Head|p2a: Blissey
|-damage|p2a: Blissey|0 fnt
|faint|p2a: Blissey
|
|win|LuoQingJun
|raw|LuoQingJun's rating: 1194 &rarr; <strong>1216</strong><br />(+22 for winning)
|raw|elvergatron69's rating: 1152 &rarr; <strong>1130</strong><br />(-22 for losing)
|l|☆elvergatron69
|player|p2|
|l|☆LuoQingJun
|player|p1|
