|j|☆Hunter_of_Keys
|j|☆Khalil He
|t:|1758351921
|gametype|singles
|player|p1|Hunter_of_Keys|veteran|1439
|player|p2|Khalil He|unknown|1451
|gen|9
|tier|[Gen 9] OU
|rated|
|rule|HP Percentage Mod: HP is shown in percentages
|rule|Endless Battle Clause: Forcing endless battles is banned
|rule|Species Clause: Limit one of each Pokémon
|rule|OHKO Clause: OHKO moves are banned
|rule|Evasion Items Clause: Evasion items are banned
|rule|Evasion Moves Clause: Evasion moves are banned
|rule|Evasion Abilities Clause: Evasion abilities are banned
|rule|Sleep Moves Clause: Sleep-inducing moves are banned
|clearpoke
|poke|p1|Flareon, F|
|poke|p1|Jolteon, F|
|poke|p1|Vaporeon, M|
|poke|p1|Umbreon, F|
|poke|p1|Sylveon, F|
|poke|p1|Espeon, M|
|poke|p2|Lokix, M|
|poke|p2|Araquanid, M|
|poke|p2|Scizor, M|
|poke|p2|Forretress, M|
|poke|p2|Frosmoth, F|
|poke|p2|Rabsca, M|
|teampreview
|inactive|Battle timer is ON: inactive players will automatically lose when time's up. (requested by Hunter_of_Keys)
|
|t:|1758351937
|teamsize|p1|6
|teamsize|p2|6
|start
|switch|p1a: Jolteon|Jolteon, F|100/100
|switch|p2a: Lokix|Lokix, M, shiny|100/100
|turn|1
|
|t:|1758351942
|move|p1a: Jolteon|Protect|p1a: Jolteon
|-singleturn|p1a: Jolteon|Protect
|move|p2a: Lokix|First Impression|p1a: Jolteon
|-activate|p1a: Jolteon|move: Protect
|
|-status|p1a: Jolteon|brn|[from] item: Flame Orb
|upkeep
|turn|2
|
|t:|1758351951
|move|p2a: Lokix|Sucker Punch|p1a: Jolteon
|-damage|p1a: Jolteon|22/100 brn
|-damage|p2a: Lokix|91/100|[from] item: Life Orb
|move|p1a: Jolteon|Volt Switch|p2a: Lokix
|-damage|p2a: Lokix|32/100
|
|t:|1758351953
|switch|p1a: Flareon|Flareon, F|100/100|[from] Volt Switch
|
|-status|p1a: Flareon|tox|[from] item: Toxic Orb
|upkeep
|turn|3
|
|t:|1758351967
|switch|p2a: Araquanid|Araquanid, M, shiny|100/100
|move|p1a: Flareon|Quick Attack|p2a: Araquanid
|-damage|p2a: Araquanid|73/100
|
|-damage|p1a: Flareon|95/100 tox|[from] psn
|upkeep
|turn|4
|
|t:|1758351974
|move|p1a: Flareon|Facade|p2a: Araquanid
|-damage|p2a: Araquanid|0 fnt
|faint|p2a: Araquanid
|
|-damage|p1a: Flareon|83/100 tox|[from] psn
|upkeep
|
|t:|1758351980
|switch|p2a: Frosmoth|Frosmoth, F, shiny|100/100
|turn|5
|
|t:|1758351984
|-terastallize|p2a: Frosmoth|Water
|move|p1a: Flareon|Flare Blitz|p2a: Frosmoth
|-resisted|p2a: Frosmoth
|-damage|p2a: Frosmoth|39/100
|-damage|p1a: Flareon|62/100 tox|[from] Recoil
|move|p2a: Frosmoth|Quiver Dance|p2a: Frosmoth
|-boost|p2a: Frosmoth|spa|1
|-boost|p2a: Frosmoth|spd|1
|-boost|p2a: Frosmoth|spe|1
|
|-damage|p1a: Flareon|44/100 tox|[from] psn
|upkeep
|turn|6
|
|t:|1758351991
|-terastallize|p1a: Flareon|Normal
|move|p1a: Flareon|Quick Attack|p2a: Frosmoth
|-damage|p2a: Frosmoth|0 fnt
|faint|p2a: Frosmoth
|
|-damage|p1a: Flareon|20/100 tox|[from] psn
|upkeep
|
|t:|1758351995
|switch|p2a: Scizor|Scizor, M|100/100
|turn|7
|
|t:|1758352012
|move|p2a: Scizor|Bullet Punch|p1a: Flareon
|-damage|p1a: Flareon|0 fnt
|faint|p1a: Flareon
|
|upkeep
|
|t:|1758352017
|switch|p1a: Vaporeon|Vaporeon, M|100/100
|turn|8
|
|t:|1758352030
|switch|p2a: Forretress|Forretress, M, shiny|100/100
|move|p1a: Vaporeon|Scald|p2a: Forretress
|-damage|p2a: Forretress|67/100
|
|upkeep
|turn|9
|
|t:|1758352040
|move|p1a: Vaporeon|Rain Dance|p1a: Vaporeon
|-weather|RainDance
|move|p2a: Forretress|Thunder Wave|p1a: Vaporeon|[miss]
|-miss|p2a: Forretress|p1a: Vaporeon
|
|-weather|RainDance|[upkeep]
|upkeep
|turn|10
|
|t:|1758352045
|move|p1a: Vaporeon|Calm Mind|p1a: Vaporeon
|-boost|p1a: Vaporeon|spa|1
|-boost|p1a: Vaporeon|spd|1
|move|p2a: Forretress|Thunder Wave|p1a: Vaporeon
|-status|p1a: Vaporeon|par
|
|-weather|RainDance|[upkeep]
|-activate|p1a: Vaporeon|ability: Hydration
|-curestatus|p1a: Vaporeon|par|[msg]
|upkeep
|turn|11
|
|t:|1758352057
|move|p1a: Vaporeon|Calm Mind|p1a: Vaporeon
|-boost|p1a: Vaporeon|spa|1
|-boost|p1a: Vaporeon|spd|1
|move|p2a: Forretress|Stealth Rock|p1a: Vaporeon
|-sidestart|p1: Hunter_of_Keys|move: Stealth Rock
|
|-weather|RainDance|[upkeep]
|upkeep
|turn|12
|
|t:|1758352070
|move|p1a: Vaporeon|Calm Mind|p1a: Vaporeon
|-boost|p1a: Vaporeon|spa|1
|-boost|p1a: Vaporeon|spd|1
|move|p2a: Forretress|Explosion|p1a: Vaporeon
|-crit|p1a: Vaporeon
|-damage|p1a: Vaporeon|34/100
|faint|p2a: Forretress
|-enditem|p1a: Vaporeon|Kee Berry|[eat]
|-boost|p1a: Vaporeon|def|1|[from] item: Kee Berry
|
|-weather|RainDance|[upkeep]
|upkeep
|
|t:|1758352073
|switch|p2a: Lokix|Lokix, M, shiny|32/100
|turn|13
|
|t:|1758352080
|move|p2a: Lokix|First Impression|p1a: Vaporeon
|-damage|p1a: Vaporeon|4/100
|-damage|p2a: Lokix|22/100|[from] item: Life Orb
|move|p1a: Vaporeon|Scald|p2a: Lokix
|-damage|p2a: Lokix|0 fnt
|faint|p2a: Lokix
|
|-weather|none
|upkeep
|
|t:|1758352084
|switch|p2a: Scizor|Scizor, M|100/100
|turn|14
|-message|Khalil He forfeited.
|
|win|Hunter_of_Keys
|raw|Hunter_of_Keys's rating: 1439 &rarr; <strong>1460</strong><br />(+21 for winning)
|raw|Khalil He's rating: 1451 &rarr; <strong>1430</strong><br />(-21 for losing)
|l|☆Khalil He
|player|p2|
|l|☆Hunter_of_Keys
|player|p1|
