|j|☆secondfeather
|j|☆GoldenBoyy91
|t:|1758269729
|gametype|singles
|player|p1|secondfeather|170|1061
|player|p2|GoldenBoyy91|170|1104
|gen|9
|tier|[Gen 9] OU
|rated|
|rule|HP Percentage Mod: HP is shown in percentages
|rule|Endless Battle Clause: Forcing endless battles is banned
|rule|Species Clause: Limit one of each Pokémon
|rule|OHKO Clause: OHKO moves are banned
|rule|Evasion Items Clause: Evasion items are banned
|rule|Evasion Moves Clause: Evasion moves are banned
|rule|Evasion Abilities Clause: Evasion abilities are banned
|rule|Sleep Moves Clause: Sleep-inducing moves are banned
|clearpoke
|poke|p1|Ogerpon, F|
|poke|p1|Rillaboom, M|
|poke|p1|Great Tusk|
|poke|p1|Gholdengo|
|poke|p1|Moltres|
|poke|p1|Samurott-Hisui, M|
|poke|p2|Weavile, M|
|poke|p2|Gliscor, F|
|poke|p2|Hatterene, F|
|poke|p2|Great Tusk|
|poke|p2|Latias, F|
|poke|p2|Cobalion|
|teampreview
|inactive|Battle timer is ON: inactive players will automatically lose when time's up. (requested by GoldenBoyy91)
|
|t:|1758269741
|teamsize|p1|6
|teamsize|p2|6
|start
|switch|p1a: Rillaboom|Rillaboom, M|100/100
|switch|p2a: Latias|Latias, F|100/100
|-fieldstart|move: Grassy Terrain|[from] ability: Grassy Surge|[of] p1a: Rillaboom
|turn|1
|
|t:|1758269749
|switch|p2a: Cobalion|Cobalion|100/100
|move|p1a: Rillaboom|Knock Off|p2a: Cobalion
|-resisted|p2a: Cobalion
|-damage|p2a: Cobalion|87/100
|-ability|p2a: Cobalion|Justified|boost
|-boost|p2a: Cobalion|atk|1
|-enditem|p2a: Cobalion|Shuca Berry|[from] move: Knock Off|[of] p1a: Rillaboom
|
|-heal|p2a: Cobalion|93/100|[from] Grassy Terrain
|upkeep
|turn|2
|
|t:|1758269761
|switch|p1a: Gholdengo|Gholdengo|100/100
|-item|p1a: Gholdengo|Air Balloon
|move|p2a: Cobalion|Stealth Rock|p1a: Gholdengo
|-sidestart|p1: secondfeather|move: Stealth Rock
|
|-heal|p2a: Cobalion|99/100|[from] Grassy Terrain
|upkeep
|turn|3
|
|t:|1758269768
|move|p2a: Cobalion|Volt Switch|p1a: Gholdengo
|-crit|p1a: Gholdengo
|-damage|p1a: Gholdengo|73/100
|-enditem|p1a: Gholdengo|Air Balloon
|
|t:|1758269773
|switch|p2a: Hatterene|Hatterene, F|100/100|[from] Volt Switch
|move|p1a: Gholdengo|Shadow Ball|p2a: Hatterene
|-supereffective|p2a: Hatterene
|-damage|p2a: Hatterene|45/100
|-unboost|p2a: Hatterene|spd|1
|
|-heal|p1a: Gholdengo|79/100|[from] Grassy Terrain
|-heal|p2a: Hatterene|51/100|[from] Grassy Terrain
|upkeep
|turn|4
|
|t:|1758269780
|move|p1a: Gholdengo|Shadow Ball|p2a: Hatterene
|-supereffective|p2a: Hatterene
|-damage|p2a: Hatterene|0 fnt
|faint|p2a: Hatterene
|
|-heal|p1a: Gholdengo|85/100|[from] Grassy Terrain
|upkeep
|
|t:|1758269786
|switch|p2a: Weavile|Weavile, M|100/100
|turn|5
|
|t:|1758269788
|move|p2a: Weavile|Knock Off|p1a: Gholdengo
|-supereffective|p1a: Gholdengo
|-damage|p1a: Gholdengo|18/100
|move|p1a: Gholdengo|Make It Rain|p2a: Weavile
|-supereffective|p2a: Weavile
|-damage|p2a: Weavile|0 fnt
|-unboost|p1a: Gholdengo|spa|1
|faint|p2a: Weavile
|
|-heal|p1a: Gholdengo|24/100|[from] Grassy Terrain
|upkeep
|
|t:|1758269808
|switch|p2a: Latias|Latias, F|100/100
|turn|6
|
|t:|1758269834
|move|p2a: Latias|Agility|p2a: Latias
|-boost|p2a: Latias|spe|2
|move|p1a: Gholdengo|Shadow Ball|p2a: Latias
|-supereffective|p2a: Latias
|-damage|p2a: Latias|59/100
|-enditem|p2a: Latias|Weakness Policy
|-boost|p2a: Latias|atk|2|[from] item: Weakness Policy
|-boost|p2a: Latias|spa|2|[from] item: Weakness Policy
|
|-heal|p1a: Gholdengo|30/100|[from] Grassy Terrain
|upkeep
|turn|7
|
|t:|1758269848
|move|p2a: Latias|Stored Power|p1a: Gholdengo
|-resisted|p1a: Gholdengo
|-damage|p1a: Gholdengo|0 fnt
|faint|p1a: Gholdengo
|
|upkeep
|
|t:|1758269856
|switch|p1a: Samurott|Samurott-Hisui, M|100/100
|-damage|p1a: Samurott|88/100|[from] Stealth Rock
|turn|8
|
|t:|1758269862
|-terastallize|p2a: Latias|Fighting
|move|p1a: Samurott|Sucker Punch|p2a: Latias
|-resisted|p2a: Latias
|-damage|p2a: Latias|44/100
|move|p2a: Latias|Aura Sphere|p1a: Samurott
|-supereffective|p1a: Samurott
|-damage|p1a: Samurott|2/100
|
|-heal|p1a: Samurott|8/100|[from] Grassy Terrain
|-fieldend|move: Grassy Terrain
|upkeep
|turn|9
|
|t:|1758269871
|move|p1a: Samurott|Sucker Punch|p2a: Latias
|-resisted|p2a: Latias
|-damage|p2a: Latias|29/100
|move|p2a: Latias|Aura Sphere|p1a: Samurott
|-supereffective|p1a: Samurott
|-damage|p1a: Samurott|0 fnt
|faint|p1a: Samurott
|
|upkeep
|
|t:|1758269875
|switch|p1a: Rillaboom|Rillaboom, M|100/100
|-damage|p1a: Rillaboom|88/100|[from] Stealth Rock
|-fieldstart|move: Grassy Terrain|[from] ability: Grassy Surge|[of] p1a: Rillaboom
|turn|10
|
|t:|1758269881
|move|p1a: Rillaboom|Grassy Glide|p2a: Latias
|-damage|p2a: Latias|0 fnt
|faint|p2a: Latias
|
|-heal|p1a: Rillaboom|94/100|[from] Grassy Terrain
|upkeep
|
|t:|1758269896
|switch|p2a: Gliscor|Gliscor, F|100/100
|turn|11
|
|t:|1758269913
|move|p2a: Gliscor|Protect|p2a: Gliscor
|-singleturn|p2a: Gliscor|Protect
|move|p1a: Rillaboom|Swords Dance|p1a: Rillaboom
|-boost|p1a: Rillaboom|atk|2
|
|-heal|p1a: Rillaboom|99/100|[from] Grassy Terrain
|-status|p2a: Gliscor|tox|[from] item: Toxic Orb
|upkeep
|turn|12
|
|t:|1758269918
|move|p1a: Rillaboom|Grassy Glide|p2a: Gliscor
|-damage|p2a: Gliscor|54/100 tox
|move|p2a: Gliscor|Knock Off|p1a: Rillaboom
|-damage|p1a: Rillaboom|78/100
|-enditem|p1a: Rillaboom|Terrain Extender|[from] move: Knock Off|[of] p2a: Gliscor
|
|-heal|p1a: Rillaboom|84/100|[from] Grassy Terrain
|-heal|p2a: Gliscor|66/100 tox|[from] ability: Poison Heal
|upkeep
|turn|13
|
|t:|1758269932
|switch|p2a: Cobalion|Cobalion|99/100
|move|p1a: Rillaboom|Grassy Glide|p2a: Cobalion
|-resisted|p2a: Cobalion
|-crit|p2a: Cobalion
|-damage|p2a: Cobalion|54/100
|
|-heal|p2a: Cobalion|60/100|[from] Grassy Terrain
|-heal|p1a: Rillaboom|90/100|[from] Grassy Terrain
|upkeep
|turn|14
|
|t:|1758269937
|move|p2a: Cobalion|Thunder Wave|p1a: Rillaboom
|-status|p1a: Rillaboom|par
|cant|p1a: Rillaboom|par
|
|-heal|p2a: Cobalion|66/100|[from] Grassy Terrain
|-heal|p1a: Rillaboom|96/100 par|[from] Grassy Terrain
|upkeep
|turn|15
|
|t:|1758269943
|move|p2a: Cobalion|Body Press|p1a: Rillaboom
|-damage|p1a: Rillaboom|59/100 par
|move|p1a: Rillaboom|High Horsepower|p2a: Cobalion
|-supereffective|p2a: Cobalion
|-damage|p2a: Cobalion|0 fnt
|faint|p2a: Cobalion
|
|-heal|p1a: Rillaboom|65/100 par|[from] Grassy Terrain
|upkeep
|
|t:|1758269952
|switch|p2a: Gliscor|Gliscor, F|66/100 tox
|turn|16
|
|t:|1758269962
|move|p1a: Rillaboom|Grassy Glide|p2a: Gliscor
|-damage|p2a: Gliscor|15/100 tox
|move|p2a: Gliscor|Spikes|p1a: Rillaboom
|-sidestart|p1: secondfeather|Spikes
|
|-heal|p1a: Rillaboom|71/100 par|[from] Grassy Terrain
|-heal|p2a: Gliscor|27/100 tox|[from] ability: Poison Heal
|upkeep
|turn|17
|
|t:|1758269968
|cant|p1a: Rillaboom|par
|move|p2a: Gliscor|Knock Off|p1a: Rillaboom
|-damage|p1a: Rillaboom|55/100 par
|
|-heal|p1a: Rillaboom|61/100 par|[from] Grassy Terrain
|-heal|p2a: Gliscor|39/100 tox|[from] ability: Poison Heal
|-fieldend|move: Grassy Terrain
|upkeep
|turn|18
|
|t:|1758269971
|move|p2a: Gliscor|Earthquake|p1a: Rillaboom
|-resisted|p1a: Rillaboom
|-damage|p1a: Rillaboom|45/100 par
|cant|p1a: Rillaboom|par
|
|-heal|p2a: Gliscor|52/100 tox|[from] ability: Poison Heal
|upkeep
|turn|19
|
|t:|1758269977
|switch|p1a: Great Tusk|Great Tusk|100/100
|move|p2a: Gliscor|Earthquake|p1a: Great Tusk
|-damage|p1a: Great Tusk|76/100
|
|-heal|p2a: Gliscor|64/100 tox|[from] ability: Poison Heal
|upkeep
|turn|20
|
|t:|1758269983
|move|p2a: Gliscor|Protect|p2a: Gliscor
|-singleturn|p2a: Gliscor|Protect
|move|p1a: Great Tusk|Rapid Spin|p2a: Gliscor
|-activate|p2a: Gliscor|move: Protect
|
|-heal|p2a: Gliscor|77/100 tox|[from] ability: Poison Heal
|upkeep
|turn|21
|
|t:|1758269991
|switch|p2a: Great Tusk|Great Tusk|100/100
|-enditem|p2a: Great Tusk|Booster Energy
|-activate|p2a: Great Tusk|ability: Protosynthesis|[fromitem]
|-start|p2a: Great Tusk|protosynthesisspe
|move|p1a: Great Tusk|Rapid Spin|p2a: Great Tusk
|-damage|p2a: Great Tusk|89/100
|-boost|p1a: Great Tusk|spe|1
|-sideend|p1: secondfeather|Spikes|[from] move: Rapid Spin|[of] p1a: Great Tusk
|-sideend|p1: secondfeather|Stealth Rock|[from] move: Rapid Spin|[of] p1a: Great Tusk
|
|upkeep
|turn|22
|
|t:|1758269998
|-end|p1a: Great Tusk|Protosynthesis|[silent]
|switch|p1a: Moltres|Moltres|100/100
|move|p2a: Great Tusk|Bulk Up|p2a: Great Tusk
|-boost|p2a: Great Tusk|atk|1
|-boost|p2a: Great Tusk|def|1
|
|upkeep
|turn|23
|
|t:|1758270018
|move|p2a: Great Tusk|Knock Off|p1a: Moltres
|-damage|p1a: Moltres|71/100
|-status|p2a: Great Tusk|brn|[from] ability: Flame Body|[of] p1a: Moltres
|-enditem|p1a: Moltres|Heavy-Duty Boots|[from] move: Knock Off|[of] p2a: Great Tusk
|move|p1a: Moltres|Hurricane|p2a: Great Tusk
|-supereffective|p2a: Great Tusk
|-damage|p2a: Great Tusk|0 fnt
|faint|p2a: Great Tusk
|-end|p2a: Great Tusk|Protosynthesis|[silent]
|
|upkeep
|-message|GoldenBoyy91 forfeited.
|
|win|secondfeather
|raw|secondfeather's rating: 1061 &rarr; <strong>1096</strong><br />(+35 for winning)
|raw|GoldenBoyy91's rating: 1104 &rarr; <strong>1076</strong><br />(-28 for losing)
|l|☆GoldenBoyy91
|player|p2|
|l|☆secondfeather
|player|p1|
