|j|☆LikeEmerald
|j|☆Danmark 99
|t:|1758312138
|gametype|singles
|player|p1|LikeEmerald|265|1099
|player|p2|Danmark 99|266|1096
|gen|9
|tier|[Gen 9] OU
|rated|
|rule|HP Percentage Mod: HP is shown in percentages
|rule|Endless Battle Clause: Forcing endless battles is banned
|rule|Species Clause: Limit one of each Pokémon
|rule|OHKO Clause: OHKO moves are banned
|rule|Evasion Items Clause: Evasion items are banned
|rule|Evasion Moves Clause: Evasion moves are banned
|rule|Evasion Abilities Clause: Evasion abilities are banned
|rule|Sleep Moves Clause: Sleep-inducing moves are banned
|clearpoke
|poke|p1|Vivillon-Pokeball, M|
|poke|p1|Samurott-Hisui, M|
|poke|p1|Slowking-Galar, M|
|poke|p1|Dragonite, F|
|poke|p1|Lucario, F|
|poke|p1|Arcanine-Hisui, M|
|poke|p2|Corviknight, M|
|poke|p2|Cinderace, M|
|poke|p2|Regidrago|
|poke|p2|Great Tusk|
|poke|p2|Dondozo, M|
|poke|p2|Slowking-Galar, F|
|teampreview
|
|t:|1758312146
|teamsize|p1|6
|teamsize|p2|6
|start
|switch|p1a: Samurott|Samurott-Hisui, M|100/100
|switch|p2a: Great Tusk|Great Tusk|100/100
|turn|1
|inactive|Battle timer is ON: inactive players will automatically lose when time's up. (requested by Danmark 99)
|
|t:|1758312166
|-end|p2a: Great Tusk|Protosynthesis|[silent]
|switch|p2a: Corviknight|Corviknight, M|100/100
|move|p1a: Samurott|Flip Turn|p2a: Corviknight
|-damage|p2a: Corviknight|79/100
|
|t:|1758312170
|switch|p1a: Arcanine|Arcanine-Hisui, M|100/100|[from] Flip Turn
|-item|p1a: Arcanine|Air Balloon
|
|-heal|p2a: Corviknight|86/100|[from] item: Leftovers
|upkeep
|turn|2
|
|t:|1758312176
|switch|p2a: Dondozo|Dondozo, M|100/100
|move|p1a: Arcanine|Stealth Rock|p2a: Dondozo
|-sidestart|p2: Danmark 99|move: Stealth Rock
|
|upkeep
|turn|3
|
|t:|1758312185
|switch|p1a: Slowking|Slowking-Galar, M|100/100
|move|p2a: Dondozo|Liquidation|p1a: Slowking
|-damage|p1a: Slowking|72/100
|
|upkeep
|turn|4
|
|t:|1758312197
|switch|p2a: Corviknight|Corviknight, M|86/100
|-damage|p2a: Corviknight|73/100|[from] Stealth Rock
|move|p1a: Slowking|Future Sight|p2a: Corviknight
|-start|p1a: Slowking|move: Future Sight
|
|-heal|p2a: Corviknight|79/100|[from] item: Leftovers
|upkeep
|turn|5
|
|t:|1758312201
|move|p2a: Corviknight|Defog|p1a: Slowking
|-unboost|p1a: Slowking|evasion|1
|-sideend|p2: Danmark 99|Stealth Rock|[from] move: Defog|[of] p2a: Corviknight
|move|p1a: Slowking|Fire Blast|p2a: Corviknight
|-supereffective|p2a: Corviknight
|-damage|p2a: Corviknight|26/100
|
|-heal|p2a: Corviknight|32/100|[from] item: Leftovers
|upkeep
|turn|6
|
|t:|1758312209
|move|p2a: Corviknight|U-turn|p1a: Slowking
|-damage|p1a: Slowking|57/100
|
|t:|1758312215
|switch|p2a: Regiman|Regidrago|100/100|[from] U-turn
|move|p1a: Slowking|Fire Blast|p2a: Regiman|[miss]
|-miss|p1a: Slowking|p2a: Regiman
|
|-end|p2a: Regiman|move: Future Sight
|-damage|p2a: Regiman|38/100
|upkeep
|turn|7
|
|t:|1758312230
|switch|p1a: Lucario|Lucario, F|100/100
|move|p2a: Regiman|Draco Meteor|p1a: Lucario|[miss]
|-miss|p2a: Regiman|p1a: Lucario
|
|upkeep
|turn|8
|
|t:|1758312240
|move|p2a: Regiman|Draco Meteor|p1a: Lucario|[miss]
|-miss|p2a: Regiman|p1a: Lucario
|move|p1a: Lucario|Swords Dance|p1a: Lucario
|-boost|p1a: Lucario|atk|2
|
|upkeep
|turn|9
|
|t:|1758312254
|move|p2a: Regiman|Draco Meteor|p1a: Lucario
|-resisted|p1a: Lucario
|-damage|p1a: Lucario|19/100
|-unboost|p2a: Regiman|spa|2
|-enditem|p1a: Lucario|Red Card|[of] p2a: Regiman
|drag|p2a: Cinderace|Cinderace, M|100/100
|move|p1a: Lucario|Swords Dance|p1a: Lucario
|-boost|p1a: Lucario|atk|2
|
|upkeep
|turn|10
|
|t:|1758312265
|-terastallize|p1a: Lucario|Normal
|move|p1a: Lucario|Extreme Speed|p2a: Cinderace
|-damage|p2a: Cinderace|0 fnt
|faint|p2a: Cinderace
|
|upkeep
|
|t:|1758312275
|switch|p2a: Great Tusk|Great Tusk|100/100
|turn|11
|
|t:|1758312280
|move|p1a: Lucario|Extreme Speed|p2a: Great Tusk
|-damage|p2a: Great Tusk|42/100
|move|p2a: Great Tusk|Knock Off|p1a: Lucario
|-damage|p1a: Lucario|0 fnt
|faint|p1a: Lucario
|
|-heal|p2a: Great Tusk|48/100|[from] item: Leftovers
|upkeep
|
|t:|1758312291
|switch|p1a: Dragonite|Dragonite, F|100/100
|turn|12
|
|t:|1758312295
|move|p1a: Dragonite|Dragon Dance|p1a: Dragonite
|-boost|p1a: Dragonite|atk|1
|-boost|p1a: Dragonite|spe|1
|move|p2a: Great Tusk|Knock Off|p1a: Dragonite
|-damage|p1a: Dragonite|86/100
|-enditem|p1a: Dragonite|Lum Berry|[from] move: Knock Off|[of] p2a: Great Tusk
|
|-heal|p2a: Great Tusk|54/100|[from] item: Leftovers
|upkeep
|turn|13
|
|t:|1758312302
|move|p1a: Dragonite|Outrage|p2a: Great Tusk
|-damage|p2a: Great Tusk|6/100
|move|p2a: Great Tusk|Knock Off|p1a: Dragonite
|-damage|p1a: Dragonite|65/100
|
|-heal|p2a: Great Tusk|12/100|[from] item: Leftovers
|upkeep
|turn|14
|
|t:|1758312311
|move|p1a: Dragonite|Outrage|p2a: Great Tusk|[from] lockedmove
|-damage|p2a: Great Tusk|0 fnt
|faint|p2a: Great Tusk
|-end|p2a: Great Tusk|Protosynthesis|[silent]
|-start|p1a: Dragonite|confusion|[fatigue]
|
|upkeep
|
|t:|1758312326
|switch|p2a: Regiman|Regidrago|38/100
|turn|15
|
|t:|1758312333
|switch|p1a: Slowking|Slowking-Galar, M|90/100
|move|p2a: Regiman|Dragon Energy|p1a: Slowking
|-damage|p1a: Slowking|42/100
|
|upkeep
|turn|16
|
|t:|1758312349
|move|p2a: Regiman|Dragon Energy|p1a: Slowking
|-damage|p1a: Slowking|0 fnt
|faint|p1a: Slowking
|
|upkeep
|
|t:|1758312355
|switch|p1a: Samurott|Samurott-Hisui, M|100/100
|turn|17
|
|t:|1758312362
|move|p1a: Samurott|Ceaseless Edge|p2a: Regiman
|-crit|p2a: Regiman
|-damage|p2a: Regiman|0 fnt
|-sidestart|p2: Danmark 99|Spikes
|faint|p2a: Regiman
|
|upkeep
|
|t:|1758312373
|switch|p2a: Corviknight|Corviknight, M|32/100
|turn|18
|
|t:|1758312376
|move|p1a: Samurott|Ceaseless Edge|p2a: Corviknight
|-damage|p2a: Corviknight|0 fnt
|-sidestart|p2: Danmark 99|Spikes
|faint|p2a: Corviknight
|
|upkeep
|
|t:|1758312384
|switch|p2a: Dondozo|Dondozo, M|100/100
|-damage|p2a: Dondozo|84/100|[from] Spikes
|turn|19
|
|t:|1758312400
|switch|p1a: Dragonite|Dragonite, F|65/100
|move|p2a: Dondozo|Body Press|p1a: Dragonite
|-resisted|p1a: Dragonite
|-damage|p1a: Dragonite|49/100
|
|upkeep
|turn|20
|
|t:|1758312407
|move|p1a: Dragonite|Outrage|p2a: Dondozo
|-damage|p2a: Dondozo|53/100
|move|p2a: Dondozo|Liquidation|p1a: Dragonite
|-resisted|p1a: Dragonite
|-damage|p1a: Dragonite|33/100
|
|upkeep
|turn|21
|
|t:|1758312411
|move|p1a: Dragonite|Outrage|p2a: Dondozo|[from] lockedmove
|-damage|p2a: Dondozo|21/100
|-start|p1a: Dragonite|confusion|[fatigue]
|move|p2a: Dondozo|Rest|p2a: Dondozo
|-status|p2a: Dondozo|slp|[from] move: Rest
|-heal|p2a: Dondozo|100/100 slp|[silent]
|
|upkeep
|turn|22
|
|t:|1758312419
|switch|p1a: Vivillon|Vivillon-Pokeball, M|100/100
|cant|p2a: Dondozo|slp
|move|p2a: Dondozo|Sleep Talk|p2a: Dondozo
|move|p2a: Dondozo|Rest||[from] move: Sleep Talk|[still]
|-fail|p2a: Dondozo
|
|upkeep
|turn|23
|
|t:|1758312427
|move|p1a: Vivillon|Quiver Dance|p1a: Vivillon
|-boost|p1a: Vivillon|spa|1
|-boost|p1a: Vivillon|spd|1
|-boost|p1a: Vivillon|spe|1
|cant|p2a: Dondozo|slp
|move|p2a: Dondozo|Sleep Talk|p2a: Dondozo
|move|p2a: Dondozo|Rest||[from] move: Sleep Talk|[still]
|-fail|p2a: Dondozo
|
|upkeep
|turn|24
|
|t:|1758312430
|move|p1a: Vivillon|Bug Buzz|p2a: Dondozo
|-damage|p2a: Dondozo|61/100 slp
|-enditem|p1a: Vivillon|Throat Spray
|-boost|p1a: Vivillon|spa|1|[from] item: Throat Spray
|-curestatus|p2a: Dondozo|slp|[msg]
|move|p2a: Dondozo|Sleep Talk||[still]
|-fail|p2a: Dondozo
|
|upkeep
|turn|25
|
|t:|1758312437
|move|p1a: Vivillon|Hurricane|p2a: Dondozo
|-damage|p2a: Dondozo|11/100
|move|p2a: Dondozo|Liquidation|p1a: Vivillon
|-damage|p1a: Vivillon|46/100
|
|upkeep
|turn|26
|
|t:|1758312442
|move|p1a: Vivillon|Bug Buzz|p2a: Dondozo
|-damage|p2a: Dondozo|0 fnt
|faint|p2a: Dondozo
|
|upkeep
|
|t:|1758312445
|switch|p2a: Slowking|Slowking-Galar, F|100/100
|turn|27
|
|t:|1758312455
|-terastallize|p2a: Slowking|Fairy
|move|p1a: Vivillon|Hurricane|p2a: Slowking
|-damage|p2a: Slowking|40/100
|move|p2a: Slowking|Sludge Bomb|p1a: Vivillon
|-damage|p1a: Vivillon|0 fnt
|faint|p1a: Vivillon
|
|upkeep
|
|t:|1758312466
|switch|p1a: Dragonite|Dragonite, F|33/100
|turn|28
|c|☆LikeEmerald|great
|inactive|Danmark 99 has 120 seconds left.
|c|☆LikeEmerald|gg
|inactive|Danmark 99 has 90 seconds left.
|inactive|Danmark 99 has 60 seconds left.
|inactive|Danmark 99 has 30 seconds left.
|inactive|Danmark 99 has 20 seconds left.
|inactive|Danmark 99 has 15 seconds left.
|inactive|Danmark 99 has 10 seconds left.
|inactive|Danmark 99 has 5 seconds left.
|-message|Danmark 99 lost due to inactivity.
|
|win|LikeEmerald
|raw|LikeEmerald's rating: 1099 &rarr; <strong>1124</strong><br />(+25 for winning)
|raw|Danmark 99's rating: 1096 &rarr; <strong>1072</strong><br />(-24 for losing)
|l|☆Danmark 99
|player|p2|
|l|☆LikeEmerald
|player|p1|
