|j|☆whichjuanz
|j|☆synergytheomegga
|t:|1758235916
|gametype|singles
|player|p1|whichjuanz|hiker-gen4|1349
|player|p2|synergytheomegga|1|1317
|gen|9
|tier|[Gen 9] OU
|rated|
|rule|HP Percentage Mod: HP is shown in percentages
|rule|Endless Battle Clause: Forcing endless battles is banned
|rule|Species Clause: Limit one of each Pokémon
|rule|OHKO Clause: OHKO moves are banned
|rule|Evasion Items Clause: Evasion items are banned
|rule|Evasion Moves Clause: Evasion moves are banned
|rule|Evasion Abilities Clause: Evasion abilities are banned
|rule|Sleep Moves Clause: Sleep-inducing moves are banned
|clearpoke
|poke|p1|Glimmora, M|
|poke|p1|Mimikyu, M|
|poke|p1|Samurott-Hisui, M|
|poke|p1|Kleavor, F|
|poke|p1|Decidueye-Hisui, M|
|poke|p1|Regidrago|
|poke|p2|Slither Wing|
|poke|p2|Slowking-Galar, M|
|poke|p2|Zapdos|
|poke|p2|Samurott-Hisui, M|
|poke|p2|Gholdengo|
|poke|p2|Great Tusk|
|teampreview
|inactive|Battle timer is ON: inactive players will automatically lose when time's up. (requested by whichjuanz)
|inactive|whichjuanz has 120 seconds left.
|inactive|whichjuanz has 90 seconds left.
|
|t:|1758235979
|teamsize|p1|6
|teamsize|p2|6
|start
|switch|p1a: Gimli|Kleavor, F|100/100
|switch|p2a: Samurott|Samurott-Hisui, M|100/100
|turn|1
|
|t:|1758235993
|move|p2a: Samurott|Flip Turn|p1a: Gimli
|-supereffective|p1a: Gimli
|-damage|p1a: Gimli|31/100
|
|t:|1758235996
|switch|p2a: Great Tusk|Great Tusk|100/100|[from] Flip Turn
|move|p1a: Gimli|Stone Axe|p2a: Great Tusk
|-resisted|p2a: Great Tusk
|-damage|p2a: Great Tusk|91/100
|-sidestart|p2: synergytheomegga|move: Stealth Rock
|
|upkeep
|turn|2
|
|t:|1758236005
|switch|p1a: Frodo|Mimikyu, M|100/100
|move|p2a: Great Tusk|Stealth Rock|p1a: Frodo
|-sidestart|p1: whichjuanz|move: Stealth Rock
|
|upkeep
|turn|3
|inactive|synergytheomegga has 120 seconds left.
|
|t:|1758236036
|-end|p2a: Great Tusk|Protosynthesis|[silent]
|switch|p2a: Samurott|Samurott-Hisui, M|100/100
|-damage|p2a: Samurott|88/100|[from] Stealth Rock
|move|p1a: Frodo|Will-O-Wisp|p2a: Samurott
|-status|p2a: Samurott|brn
|
|-damage|p2a: Samurott|82/100 brn|[from] brn
|upkeep
|turn|4
|
|t:|1758236048
|switch|p1a: Gimli|Kleavor, F|31/100
|-damage|p1a: Gimli|7/100|[from] Stealth Rock
|move|p2a: Samurott|Ceaseless Edge|p1a: Gimli
|-damage|p1a: Gimli|0 fnt
|-sidestart|p1: whichjuanz|Spikes
|faint|p1a: Gimli
|
|-damage|p2a: Samurott|76/100 brn|[from] brn
|upkeep
|
|t:|1758236050
|switch|p1a: Aragorn|Samurott-Hisui, M|100/100
|-damage|p1a: Aragorn|88/100|[from] Stealth Rock
|-damage|p1a: Aragorn|76/100|[from] Spikes
|turn|5
|
|t:|1758236056
|switch|p2a: Slither Wing|Slither Wing|100/100
|move|p1a: Aragorn|Ceaseless Edge|p2a: Slither Wing
|-resisted|p2a: Slither Wing
|-damage|p2a: Slither Wing|82/100
|-sidestart|p2: synergytheomegga|Spikes
|
|upkeep
|turn|6
|
|t:|1758236063
|switch|p1a: Gollum|Glimmora, M|100/100
|-damage|p1a: Gollum|88/100|[from] Stealth Rock
|-damage|p1a: Gollum|76/100|[from] Spikes
|move|p2a: Slither Wing|First Impression|p1a: Gollum
|-resisted|p1a: Gollum
|-damage|p1a: Gollum|62/100
|-activate|p1a: Gollum|ability: Toxic Debris
|-sidestart|p2: synergytheomegga|move: Toxic Spikes
|-enditem|p1a: Gollum|Red Card|[of] p2a: Slither Wing
|-end|p2a: Slither Wing|Protosynthesis|[silent]
|drag|p2a: Slowking|Slowking-Galar, M|100/100
|-sideend|p2: synergytheomegga|move: Toxic Spikes|[of] p2a: Slowking
|
|upkeep
|turn|7
|
|t:|1758236071
|switch|p1a: Aragorn|Samurott-Hisui, M|76/100
|-damage|p1a: Aragorn|63/100|[from] Stealth Rock
|-damage|p1a: Aragorn|51/100|[from] Spikes
|-prepare|p2a: Slowking|Chilly Reception|[premajor]
|move|p2a: Slowking|Chilly Reception|p2a: Slowking
|-weather|Snowscape
|
|t:|1758236077
|switch|p2a: Slither Wing|Slither Wing|82/100|[from] Chilly Reception
|
|-weather|Snowscape|[upkeep]
|upkeep
|turn|8
|
|t:|1758236080
|switch|p1a: Gollum|Glimmora, M|62/100
|-damage|p1a: Gollum|49/100|[from] Stealth Rock
|-damage|p1a: Gollum|37/100|[from] Spikes
|move|p2a: Slither Wing|First Impression|p1a: Gollum
|-resisted|p1a: Gollum
|-damage|p1a: Gollum|23/100
|-activate|p1a: Gollum|ability: Toxic Debris
|-sidestart|p2: synergytheomegga|move: Toxic Spikes
|
|-weather|Snowscape|[upkeep]
|upkeep
|turn|9
|
|t:|1758236091
|switch|p1a: Aragorn|Samurott-Hisui, M|51/100
|-damage|p1a: Aragorn|38/100|[from] Stealth Rock
|-damage|p1a: Aragorn|26/100|[from] Spikes
|-end|p2a: Slither Wing|Protosynthesis|[silent]
|switch|p2a: Gholdengo|Gholdengo|100/100
|-damage|p2a: Gholdengo|94/100|[from] Stealth Rock
|-item|p2a: Gholdengo|Air Balloon
|
|-weather|Snowscape|[upkeep]
|upkeep
|turn|10
|
|t:|1758236097
|switch|p2a: Great Tusk|Great Tusk|91/100
|move|p1a: Aragorn|Ceaseless Edge|p2a: Great Tusk
|-resisted|p2a: Great Tusk
|-damage|p2a: Great Tusk|75/100
|-sidestart|p2: synergytheomegga|Spikes
|
|-weather|Snowscape|[upkeep]
|upkeep
|turn|11
|
|t:|1758236101
|-terastallize|p1a: Aragorn|Ghost
|move|p1a: Aragorn|Ceaseless Edge|p2a: Great Tusk
|-resisted|p2a: Great Tusk
|-damage|p2a: Great Tusk|59/100
|-sidestart|p2: synergytheomegga|Spikes
|move|p2a: Great Tusk|Rapid Spin|p1a: Aragorn
|-immune|p1a: Aragorn
|
|-weather|none
|upkeep
|turn|12
|
|t:|1758236108
|move|p1a: Aragorn|Ceaseless Edge|p2a: Great Tusk
|-resisted|p2a: Great Tusk
|-damage|p2a: Great Tusk|44/100
|move|p2a: Great Tusk|Ice Spinner|p1a: Aragorn
|-damage|p1a: Aragorn|0 fnt
|faint|p1a: Aragorn
|
|upkeep
|
|t:|1758236111
|switch|p1a: Frodo|Mimikyu, M|100/100
|-damage|p1a: Frodo|88/100|[from] Stealth Rock
|-damage|p1a: Frodo|76/100|[from] Spikes
|turn|13
|
|t:|1758236116
|-end|p2a: Great Tusk|Protosynthesis|[silent]
|switch|p2a: Slowking|Slowking-Galar, M|100/100
|-sideend|p2: synergytheomegga|move: Toxic Spikes|[of] p2a: Slowking
|move|p1a: Frodo|Swords Dance|p1a: Frodo
|-boost|p1a: Frodo|atk|2
|
|upkeep
|turn|14
|
|t:|1758236121
|move|p1a: Frodo|Shadow Sneak|p2a: Slowking
|-supereffective|p2a: Slowking
|-damage|p2a: Slowking|37/100
|move|p2a: Slowking|Toxic|p1a: Frodo
|-status|p1a: Frodo|tox
|
|-damage|p1a: Frodo|70/100 tox|[from] psn
|upkeep
|turn|15
|
|t:|1758236128
|switch|p2a: Zapdos|Zapdos|100/100
|move|p1a: Frodo|Shadow Sneak|p2a: Zapdos
|-damage|p2a: Zapdos|68/100
|
|-damage|p1a: Frodo|58/100 tox|[from] psn
|upkeep
|turn|16
|
|t:|1758236130
|move|p1a: Frodo|Play Rough|p2a: Zapdos|[miss]
|-miss|p1a: Frodo|p2a: Zapdos
|move|p2a: Zapdos|U-turn|p1a: Frodo
|-activate|p1a: Frodo|ability: Disguise
|-damage|p1a: Frodo|58/100 tox
|detailschange|p1a: Frodo|Mimikyu-Busted, M
|-damage|p1a: Frodo|46/100 tox|[from] pokemon: Mimikyu-Busted
|-enditem|p1a: Frodo|Red Card|[of] p2a: Zapdos
|drag|p2a: Slowking|Slowking-Galar, M|70/100
|
|-damage|p1a: Frodo|28/100 tox|[from] psn
|upkeep
|turn|17
|
|t:|1758236148
|switch|p2a: Zapdos|Zapdos|68/100
|move|p1a: Frodo|Shadow Sneak|p2a: Zapdos
|-damage|p2a: Zapdos|32/100
|
|-damage|p1a: Frodo|4/100 tox|[from] psn
|upkeep
|turn|18
|
|t:|1758236153
|move|p1a: Frodo|Play Rough|p2a: Zapdos
|-damage|p2a: Zapdos|0 fnt
|faint|p2a: Zapdos
|
|-damage|p1a: Frodo|0 fnt|[from] psn
|faint|p1a: Frodo
|upkeep
|
|t:|1758236157
|switch|p1a: Smaug|Regidrago|100/100
|switch|p2a: Great Tusk|Great Tusk|44/100
|-damage|p1a: Smaug|88/100|[from] Stealth Rock
|-damage|p1a: Smaug|76/100|[from] Spikes
|turn|19
|
|t:|1758236162
|move|p1a: Smaug|Dragon Energy|p2a: Great Tusk
|-damage|p2a: Great Tusk|0 fnt
|faint|p2a: Great Tusk
|-end|p2a: Great Tusk|Protosynthesis|[silent]
|
|upkeep
|
|t:|1758236170
|switch|p2a: Slowking|Slowking-Galar, M|100/100
|turn|20
|
|t:|1758236174
|switch|p1a: Legolas|Decidueye-Hisui, M|100/100
|-damage|p1a: Legolas|94/100|[from] Stealth Rock
|-damage|p1a: Legolas|82/100|[from] Spikes
|move|p2a: Slowking|Toxic|p1a: Legolas
|-status|p1a: Legolas|tox
|
|-damage|p1a: Legolas|76/100 tox|[from] psn
|upkeep
|turn|21
|
|t:|1758236180
|switch|p2a: Gholdengo|Gholdengo|94/100
|-damage|p2a: Gholdengo|88/100|[from] Stealth Rock
|-item|p2a: Gholdengo|Air Balloon
|move|p1a: Legolas|U-turn|p2a: Gholdengo
|-resisted|p2a: Gholdengo
|-damage|p2a: Gholdengo|84/100
|-enditem|p2a: Gholdengo|Air Balloon
|
|t:|1758236183
|switch|p1a: Gollum|Glimmora, M|23/100|[from] U-turn
|-damage|p1a: Gollum|11/100|[from] Stealth Rock
|-damage|p1a: Gollum|0 fnt|[from] Spikes
|faint|p1a: Gollum
|
|upkeep
|
|t:|1758236185
|switch|p1a: Legolas|Decidueye-Hisui, M|76/100 tox
|-damage|p1a: Legolas|70/100 tox|[from] Stealth Rock
|-damage|p1a: Legolas|58/100 tox|[from] Spikes
|turn|22
|
|t:|1758236190
|move|p2a: Gholdengo|Shadow Ball|p1a: Legolas
|-damage|p1a: Legolas|35/100 tox
|move|p1a: Legolas|Triple Arrows|p2a: Gholdengo
|-supereffective|p2a: Gholdengo
|-damage|p2a: Gholdengo|22/100
|-unboost|p2a: Gholdengo|def|1
|
|-damage|p1a: Legolas|29/100 tox|[from] psn
|upkeep
|turn|23
|
|t:|1758236194
|move|p2a: Gholdengo|Shadow Ball|p1a: Legolas
|-damage|p1a: Legolas|7/100 tox
|move|p1a: Legolas|Trailblaze|p2a: Gholdengo
|-resisted|p2a: Gholdengo
|-damage|p2a: Gholdengo|9/100
|-boost|p1a: Legolas|spe|1
|
|-damage|p1a: Legolas|0 fnt|[from] psn
|faint|p1a: Legolas
|upkeep
|
|t:|1758236197
|switch|p1a: Smaug|Regidrago|76/100
|-damage|p1a: Smaug|63/100|[from] Stealth Rock
|-damage|p1a: Smaug|51/100|[from] Spikes
|turn|24
|
|t:|1758236200
|move|p1a: Smaug|Dragon Pulse|p2a: Gholdengo
|-resisted|p2a: Gholdengo
|-damage|p2a: Gholdengo|0 fnt
|faint|p2a: Gholdengo
|
|upkeep
|
|t:|1758236203
|switch|p2a: Slowking|Slowking-Galar, M|100/100
|turn|25
|
|t:|1758236205
|move|p1a: Smaug|Dragon Pulse|p2a: Slowking
|-damage|p2a: Slowking|67/100
|move|p2a: Slowking|Toxic|p1a: Smaug
|-status|p1a: Smaug|tox
|
|-damage|p1a: Smaug|45/100 tox|[from] psn
|upkeep
|turn|26
|-message|whichjuanz forfeited.
|
|win|synergytheomegga
|raw|whichjuanz's rating: 1349 &rarr; <strong>1327</strong><br />(-22 for losing)
|raw|synergytheomegga's rating: 1317 &rarr; <strong>1339</strong><br />(+22 for winning)
|l|☆whichjuanz
|player|p1|
|c|☆synergytheomegga|gg
|l|☆synergytheomegga
|player|p2|
