|j|☆Itotio
|j|☆squag7824
|t:|1758291408
|gametype|singles
|player|p1|Itotio|lucas|1751
|player|p2|squag7824|bugcatcher-gen4dp|1749
|gen|9
|tier|[Gen 9] OU
|rated|
|rule|HP Percentage Mod: HP is shown in percentages
|rule|Endless Battle Clause: Forcing endless battles is banned
|rule|Species Clause: Limit one of each Pokémon
|rule|OHKO Clause: OHKO moves are banned
|rule|Evasion Items Clause: Evasion items are banned
|rule|Evasion Moves Clause: Evasion moves are banned
|rule|Evasion Abilities Clause: Evasion abilities are banned
|rule|Sleep Moves Clause: Sleep-inducing moves are banned
|clearpoke
|poke|p1|Cinderace, M|
|poke|p1|Sinistcha-Masterpiece|
|poke|p1|Kingambit, M|
|poke|p1|Ninetales-Alola, M|
|poke|p1|Dragonite, F|
|poke|p1|Ursaluna, M|
|poke|p2|Alomomola, M|
|poke|p2|Ting-Lu|
|poke|p2|Great Tusk|
|poke|p2|Raging Bolt|
|poke|p2|Corviknight, M|
|poke|p2|Hatterene, F|
|teampreview
|inactive|Battle timer is ON: inactive players will automatically lose when time's up. (requested by squag7824)
|inactive|Itotio also wants the timer to be on.
|
|t:|1758291419
|teamsize|p1|6
|teamsize|p2|6
|start
|switch|p1a: Ninetales|Ninetales-Alola, M|100/100
|switch|p2a: Hatterene|Hatterene, F|100/100
|-weather|Snowscape|[from] ability: Snow Warning|[of] p1a: Ninetales
|turn|1
|
|t:|1758291422
|switch|p1a: Ursaluna|Ursaluna, M|100/100
|move|p2a: Hatterene|Nuzzle|p1a: Ursaluna
|-immune|p1a: Ursaluna
|
|-weather|Snowscape|[upkeep]
|-status|p1a: Ursaluna|brn|[from] item: Flame Orb
|upkeep
|turn|2
|
|t:|1758291426
|switch|p2a: Corviknight|Corviknight, M|100/100
|-ability|p2a: Corviknight|Pressure
|move|p1a: Ursaluna|Swords Dance|p1a: Ursaluna
|-boost|p1a: Ursaluna|atk|2
|
|-weather|Snowscape|[upkeep]
|-damage|p1a: Ursaluna|94/100 brn|[from] brn
|upkeep
|turn|3
|
|t:|1758291429
|move|p1a: Ursaluna|Fire Punch|p2a: Corviknight
|-supereffective|p2a: Corviknight
|-damage|p2a: Corviknight|0 fnt
|-damage|p1a: Ursaluna|78/100 brn|[from] item: Rocky Helmet|[of] p2a: Corviknight
|faint|p2a: Corviknight
|
|-weather|Snowscape|[upkeep]
|-damage|p1a: Ursaluna|72/100 brn|[from] brn
|upkeep
|
|t:|1758291434
|switch|p2a: Great Tusk|Great Tusk|100/100
|turn|4
|
|t:|1758291441
|switch|p1a: Sinistcha|Sinistcha-Masterpiece|100/100
|move|p2a: Great Tusk|Earthquake|p1a: Sinistcha
|-resisted|p1a: Sinistcha
|-damage|p1a: Sinistcha|80/100
|
|-weather|Snowscape|[upkeep]
|-heal|p1a: Sinistcha|86/100|[from] item: Leftovers
|upkeep
|turn|5
|
|t:|1758291452
|-end|p2a: Great Tusk|Protosynthesis|[silent]
|switch|p2a: Hatterene|Hatterene, F|100/100
|move|p1a: Sinistcha|Matcha Gotcha|p2a: Hatterene
|-damage|p2a: Hatterene|73/100
|-heal|p1a: Sinistcha|98/100|[from] drain|[of] p2a: Hatterene
|-status|p2a: Hatterene|brn
|
|-weather|none
|-heal|p1a: Sinistcha|100/100|[from] item: Leftovers
|-damage|p2a: Hatterene|67/100 brn|[from] brn
|upkeep
|turn|6
|
|t:|1758291460
|move|p1a: Sinistcha|Shadow Ball|p2a: Hatterene
|-supereffective|p2a: Hatterene
|-damage|p2a: Hatterene|18/100 brn
|move|p2a: Hatterene|Psychic Noise|p1a: Sinistcha
|-damage|p1a: Sinistcha|55/100
|-start|p1a: Sinistcha|move: Heal Block
|
|-damage|p2a: Hatterene|12/100 brn|[from] brn
|upkeep
|turn|7
|
|t:|1758291463
|switch|p2a: Raging Bolt|Raging Bolt|100/100
|move|p1a: Sinistcha|Shadow Ball|p2a: Raging Bolt
|-damage|p2a: Raging Bolt|65/100
|
|-end|p1a: Sinistcha|move: Heal Block
|upkeep
|turn|8
|
|t:|1758291468
|switch|p1a: Dragonite|Dragonite, F|100/100
|move|p2a: Raging Bolt|Draco Meteor|p1a: Dragonite
|-supereffective|p1a: Dragonite
|-damage|p1a: Dragonite|0 fnt
|-unboost|p2a: Raging Bolt|spa|2
|faint|p1a: Dragonite
|
|upkeep
|
|t:|1758291471
|switch|p1a: Kingambit|Kingambit, M, shiny|100/100
|-activate|p1a: Kingambit|ability: Supreme Overlord
|-start|p1a: Kingambit|fallen1|[silent]
|turn|9
|
|t:|1758291474
|-end|p2a: Raging Bolt|Protosynthesis|[silent]
|switch|p2a: Alomomola|Alomomola, M|100/100
|move|p1a: Kingambit|Swords Dance|p1a: Kingambit
|-boost|p1a: Kingambit|atk|2
|
|upkeep
|turn|10
|
|t:|1758291479
|move|p1a: Kingambit|Kowtow Cleave|p2a: Alomomola
|-damage|p2a: Alomomola|38/100
|move|p2a: Alomomola|Scald|p1a: Kingambit
|-damage|p1a: Kingambit|88/100
|-status|p1a: Kingambit|brn
|
|-heal|p1a: Kingambit|94/100 brn|[from] item: Leftovers
|-damage|p1a: Kingambit|88/100 brn|[from] brn
|upkeep
|turn|11
|
|t:|1758291484
|switch|p2a: Great Tusk|Great Tusk|100/100
|move|p1a: Kingambit|Kowtow Cleave|p2a: Great Tusk
|-resisted|p2a: Great Tusk
|-damage|p2a: Great Tusk|83/100
|
|-heal|p1a: Kingambit|94/100 brn|[from] item: Leftovers
|-damage|p1a: Kingambit|88/100 brn|[from] brn
|upkeep
|turn|12
|
|t:|1758291494
|move|p2a: Great Tusk|Knock Off|p1a: Kingambit
|-resisted|p1a: Kingambit
|-damage|p1a: Kingambit|76/100 brn
|-enditem|p1a: Kingambit|Leftovers|[from] move: Knock Off|[of] p2a: Great Tusk
|move|p1a: Kingambit|Iron Head|p2a: Great Tusk
|-damage|p2a: Great Tusk|47/100
|
|-damage|p1a: Kingambit|70/100 brn|[from] brn
|upkeep
|turn|13
|
|t:|1758291499
|-end|p1a: Kingambit|fallen1|[silent]
|switch|p1a: Sinistcha|Sinistcha-Masterpiece|55/100
|move|p2a: Great Tusk|Earthquake|p1a: Sinistcha
|-resisted|p1a: Sinistcha
|-damage|p1a: Sinistcha|33/100
|
|-heal|p1a: Sinistcha|39/100|[from] item: Leftovers
|upkeep
|turn|14
|
|t:|1758291501
|move|p2a: Great Tusk|Knock Off|p1a: Sinistcha
|-supereffective|p1a: Sinistcha
|-damage|p1a: Sinistcha|0 fnt
|-enditem|p1a: Sinistcha|Leftovers|[from] move: Knock Off|[of] p2a: Great Tusk
|faint|p1a: Sinistcha
|
|upkeep
|
|t:|1758291503
|switch|p1a: Ninetales|Ninetales-Alola, M|100/100
|-weather|Snowscape|[from] ability: Snow Warning|[of] p1a: Ninetales
|turn|15
|
|t:|1758291509
|move|p1a: Ninetales|Blizzard|p2a: Great Tusk
|-supereffective|p2a: Great Tusk
|-damage|p2a: Great Tusk|0 fnt
|faint|p2a: Great Tusk
|-end|p2a: Great Tusk|Protosynthesis|[silent]
|
|-weather|Snowscape|[upkeep]
|upkeep
|
|t:|1758291513
|switch|p2a: Ting-Lu|Ting-Lu|100/100
|-ability|p2a: Ting-Lu|Vessel of Ruin
|turn|16
|
|t:|1758291518
|switch|p1a: Ursaluna|Ursaluna, M|72/100 brn
|move|p2a: Ting-Lu|Ruination|p1a: Ursaluna
|-damage|p1a: Ursaluna|36/100 brn
|
|-weather|Snowscape|[upkeep]
|-damage|p1a: Ursaluna|30/100 brn|[from] brn
|upkeep
|turn|17
|
|t:|1758291521
|switch|p2a: Hatterene|Hatterene, F|12/100 brn
|move|p1a: Ursaluna|Facade|p2a: Hatterene
|-damage|p2a: Hatterene|0 fnt
|faint|p2a: Hatterene
|
|-weather|Snowscape|[upkeep]
|-damage|p1a: Ursaluna|24/100 brn|[from] brn
|upkeep
|
|t:|1758291523
|switch|p2a: Alomomola|Alomomola, M|71/100
|turn|18
|
|t:|1758291534
|move|p1a: Ursaluna|Facade|p2a: Alomomola
|-damage|p2a: Alomomola|9/100
|move|p2a: Alomomola|Scald|p1a: Ursaluna
|-supereffective|p1a: Ursaluna
|-damage|p1a: Ursaluna|0 fnt
|faint|p1a: Ursaluna
|
|-weather|Snowscape|[upkeep]
|upkeep
|
|t:|1758291540
|switch|p1a: Cinderace|Cinderace, M|100/100
|turn|19
|
|t:|1758291543
|switch|p2a: Raging Bolt|Raging Bolt|65/100
|move|p1a: Cinderace|U-turn|p2a: Raging Bolt
|-start|p1a: Cinderace|typechange|Bug|[from] ability: Libero
|-damage|p2a: Raging Bolt|35/100
|
|t:|1758291546
|switch|p1a: Ninetales|Ninetales-Alola, M|100/100|[from] U-turn
|
|-weather|none
|upkeep
|turn|20
|
|t:|1758291552
|-end|p2a: Raging Bolt|Protosynthesis|[silent]
|switch|p2a: Ting-Lu|Ting-Lu|100/100
|-ability|p2a: Ting-Lu|Vessel of Ruin
|move|p1a: Ninetales|Moonblast|p2a: Ting-Lu
|-supereffective|p2a: Ting-Lu
|-damage|p2a: Ting-Lu|72/100
|-unboost|p2a: Ting-Lu|spa|1
|
|-heal|p2a: Ting-Lu|78/100|[from] item: Leftovers
|upkeep
|turn|21
|
|t:|1758291555
|switch|p1a: Cinderace|Cinderace, M|100/100
|move|p2a: Ting-Lu|Ruination|p1a: Cinderace
|-damage|p1a: Cinderace|51/100
|
|-heal|p2a: Ting-Lu|85/100|[from] item: Leftovers
|upkeep
|turn|22
|
|t:|1758291558
|switch|p2a: Alomomola|Alomomola, M|42/100
|move|p1a: Cinderace|High Jump Kick|p2a: Alomomola
|-start|p1a: Cinderace|typechange|Fighting|[from] ability: Libero
|-damage|p2a: Alomomola|8/100
|
|upkeep
|turn|23
|
|t:|1758291561
|move|p2a: Alomomola|Protect|p2a: Alomomola
|-singleturn|p2a: Alomomola|Protect
|move|p1a: Cinderace|U-turn|p2a: Alomomola
|-activate|p2a: Alomomola|move: Protect
|
|upkeep
|turn|24
|
|t:|1758291582
|switch|p2a: Raging Bolt|Raging Bolt|35/100
|move|p1a: Cinderace|High Jump Kick|p2a: Raging Bolt
|-damage|p2a: Raging Bolt|0 fnt
|faint|p2a: Raging Bolt
|-end|p2a: Raging Bolt|Protosynthesis|[silent]
|
|upkeep
|
|t:|1758291585
|switch|p2a: Alomomola|Alomomola, M|42/100
|turn|25
|
|t:|1758291589
|move|p1a: Cinderace|U-turn|p2a: Alomomola
|-damage|p2a: Alomomola|29/100
|
|t:|1758291590
|switch|p1a: Ninetales|Ninetales-Alola, M|100/100|[from] U-turn
|-weather|Snowscape|[from] ability: Snow Warning|[of] p1a: Ninetales
|move|p2a: Alomomola|Flip Turn|p1a: Ninetales
|-damage|p1a: Ninetales|86/100
|
|t:|1758291592
|switch|p2a: Ting-Lu|Ting-Lu|85/100|[from] Flip Turn
|-ability|p2a: Ting-Lu|Vessel of Ruin
|
|-weather|Snowscape|[upkeep]
|-heal|p2a: Ting-Lu|91/100|[from] item: Leftovers
|upkeep
|turn|26
|
|t:|1758291602
|move|p1a: Ninetales|Blizzard|p2a: Ting-Lu
|-supereffective|p2a: Ting-Lu
|-damage|p2a: Ting-Lu|57/100
|move|p2a: Ting-Lu|Earthquake|p1a: Ninetales
|-damage|p1a: Ninetales|46/100
|
|-weather|Snowscape|[upkeep]
|-heal|p2a: Ting-Lu|63/100|[from] item: Leftovers
|upkeep
|turn|27
|
|t:|1758291606
|-terastallize|p2a: Ting-Lu|Steel
|move|p1a: Ninetales|Blizzard|p2a: Ting-Lu
|-resisted|p2a: Ting-Lu
|-damage|p2a: Ting-Lu|54/100
|move|p2a: Ting-Lu|Earthquake|p1a: Ninetales
|-damage|p1a: Ninetales|11/100
|
|-weather|Snowscape|[upkeep]
|-heal|p2a: Ting-Lu|60/100|[from] item: Leftovers
|upkeep
|turn|28
|
|t:|1758291611
|switch|p1a: Kingambit|Kingambit, M, shiny|70/100 brn
|-activate|p1a: Kingambit|ability: Supreme Overlord
|-start|p1a: Kingambit|fallen3|[silent]
|move|p2a: Ting-Lu|Earthquake|p1a: Kingambit
|-supereffective|p1a: Kingambit
|-damage|p1a: Kingambit|13/100 brn
|
|-weather|Snowscape|[upkeep]
|-heal|p2a: Ting-Lu|67/100|[from] item: Leftovers
|-damage|p1a: Kingambit|7/100 brn|[from] brn
|upkeep
|turn|29
|
|t:|1758291635
|switch|p2a: Alomomola|Alomomola, M|62/100
|move|p1a: Kingambit|Kowtow Cleave|p2a: Alomomola
|-damage|p2a: Alomomola|46/100
|
|-weather|none
|-damage|p1a: Kingambit|1/100 brn|[from] brn
|upkeep
|turn|30
|
|t:|1758291638
|move|p1a: Kingambit|Kowtow Cleave|p2a: Alomomola
|-damage|p2a: Alomomola|27/100
|move|p2a: Alomomola|Wish|p2a: Alomomola
|
|-damage|p1a: Kingambit|0 fnt|[from] brn
|faint|p1a: Kingambit
|-end|p1a: Kingambit|fallen3|[silent]
|upkeep
|
|t:|1758291640
|switch|p1a: Ninetales|Ninetales-Alola, M|11/100
|-weather|Snowscape|[from] ability: Snow Warning|[of] p1a: Ninetales
|turn|31
|
|t:|1758291644
|move|p2a: Alomomola|Protect|p2a: Alomomola
|-singleturn|p2a: Alomomola|Protect
|move|p1a: Ninetales|Freeze-Dry|p2a: Alomomola
|-activate|p2a: Alomomola|move: Protect
|
|-weather|Snowscape|[upkeep]
|-heal|p2a: Alomomola|77/100|[from] move: Wish|[wisher] Alomomola
|upkeep
|turn|32
|
|t:|1758291648
|switch|p2a: Ting-Lu|Ting-Lu, tera:Steel|67/100
|-ability|p2a: Ting-Lu|Vessel of Ruin
|move|p1a: Ninetales|Freeze-Dry|p2a: Ting-Lu
|-resisted|p2a: Ting-Lu
|-damage|p2a: Ting-Lu|61/100
|
|-weather|Snowscape|[upkeep]
|-heal|p2a: Ting-Lu|67/100|[from] item: Leftovers
|upkeep
|turn|33
|inactive|Itotio has 120 seconds left.
|inactive|Itotio has 90 seconds left.
|
|t:|1758291712
|move|p1a: Ninetales|Blizzard|p2a: Ting-Lu
|-resisted|p2a: Ting-Lu
|-damage|p2a: Ting-Lu|59/100
|move|p2a: Ting-Lu|Earthquake|p1a: Ninetales
|-damage|p1a: Ninetales|0 fnt
|faint|p1a: Ninetales
|
|-weather|Snowscape|[upkeep]
|-heal|p2a: Ting-Lu|65/100|[from] item: Leftovers
|upkeep
|j| wgw2333
|
|t:|1758291714
|switch|p1a: Cinderace|Cinderace, M|51/100
|turn|34
|
|t:|1758291718
|move|p1a: Cinderace|Pyro Ball|p2a: Ting-Lu
|-supereffective|p2a: Ting-Lu
|-damage|p2a: Ting-Lu|7/100
|move|p2a: Ting-Lu|Earthquake|p1a: Cinderace
|-supereffective|p1a: Cinderace
|-damage|p1a: Cinderace|0 fnt
|faint|p1a: Cinderace
|
|win|squag7824
|raw|Itotio's rating: 1751 &rarr; <strong>1731</strong><br />(-20 for losing)
|raw|squag7824's rating: 1749 &rarr; <strong>1769</strong><br />(+20 for winning)
|l|☆squag7824
|player|p2|
|l|☆Itotio
|player|p1|
|l| wgw2333
