|j|☆bebeuh
|j|☆peqmen 0.0
|t:|1758288696
|gametype|singles
|player|p1|bebeuh|caitlin|1159
|player|p2|peqmen 0.0|giovanni|1164
|gen|9
|tier|[Gen 9] OU
|rated|
|rule|HP Percentage Mod: HP is shown in percentages
|rule|Endless Battle Clause: Forcing endless battles is banned
|rule|Species Clause: Limit one of each Pokémon
|rule|OHKO Clause: OHKO moves are banned
|rule|Evasion Items Clause: Evasion items are banned
|rule|Evasion Moves Clause: Evasion moves are banned
|rule|Evasion Abilities Clause: Evasion abilities are banned
|rule|Sleep Moves Clause: Sleep-inducing moves are banned
|clearpoke
|poke|p1|Trevenant, F|
|poke|p1|Morpeko, M|
|poke|p1|Malamar, F|
|poke|p1|Articuno-Galar|
|poke|p1|Frosmoth, M|
|poke|p1|Emboar, M|
|poke|p2|Tyranitar, M|
|poke|p2|Latios, M|
|poke|p2|Excadrill, M|
|poke|p2|Landorus-Therian, M|
|poke|p2|Scizor, F|
|poke|p2|Zapdos|
|teampreview
|
|t:|1758288704
|teamsize|p1|6
|teamsize|p2|6
|start
|switch|p1a: Trevenant|Trevenant, F|100/100
|switch|p2a: Scizor|Scizor, F|100/100
|turn|1
|
|t:|1758288717
|move|p2a: Scizor|Focus Energy|p2a: Scizor
|-start|p2a: Scizor|move: Focus Energy
|move|p1a: Trevenant|Trick Room|p1a: Trevenant
|-fieldstart|move: Trick Room|[of] p1a: Trevenant
|
|upkeep
|turn|2
|inactive|Battle timer is ON: inactive players will automatically lose when time's up. (requested by peqmen 0.0)
|
|t:|1758288725
|switch|p1a: Emboar|Emboar, M|100/100
|move|p2a: Scizor|Swords Dance|p2a: Scizor
|-boost|p2a: Scizor|atk|2
|
|upkeep
|turn|3
|
|t:|1758288746
|-terastallize|p2a: Scizor|Steel
|move|p2a: Scizor|Bullet Punch|p1a: Emboar
|-resisted|p1a: Emboar
|-crit|p1a: Emboar
|-damage|p1a: Emboar|25/100
|move|p1a: Emboar|Flare Blitz|p2a: Scizor
|-supereffective|p2a: Scizor
|-damage|p2a: Scizor|0 fnt
|faint|p2a: Scizor
|-damage|p1a: Emboar|0 fnt|[from] Recoil
|faint|p1a: Emboar
|
|upkeep
|
|t:|1758288763
|switch|p1a: Malamar|Malamar, F|100/100
|switch|p2a: Tyranitar|Tyranitar, M|100/100
|-weather|Sandstorm|[from] ability: Sand Stream|[of] p2a: Tyranitar
|turn|4
|inactive|peqmen 0.0 has 120 seconds left.
|
|t:|1758288789
|move|p1a: Malamar|Superpower|p2a: Tyranitar
|-supereffective|p2a: Tyranitar
|-damage|p2a: Tyranitar|0 fnt
|-boost|p1a: Malamar|atk|1
|-boost|p1a: Malamar|def|1
|faint|p2a: Tyranitar
|
|-weather|Sandstorm|[upkeep]
|-damage|p1a: Malamar|94/100|[from] Sandstorm
|upkeep
|
|t:|1758288796
|switch|p2a: Landorus|Landorus-Therian, M|100/100
|-ability|p2a: Landorus|Intimidate|boost
|-boost|p1a: Malamar|atk|1
|turn|5
|
|t:|1758288805
|move|p1a: Malamar|Liquidation|p2a: Landorus
|-supereffective|p2a: Landorus
|-damage|p2a: Landorus|0 fnt
|-damage|p1a: Malamar|78/100|[from] item: Rocky Helmet|[of] p2a: Landorus
|faint|p2a: Landorus
|
|-weather|Sandstorm|[upkeep]
|-damage|p1a: Malamar|72/100|[from] Sandstorm
|-fieldend|move: Trick Room
|upkeep
|
|t:|1758288810
|switch|p2a: Excadrill|Excadrill, M|100/100
|turn|6
|
|t:|1758288819
|move|p2a: Excadrill|Iron Head|p1a: Malamar
|-damage|p1a: Malamar|38/100
|cant|p1a: Malamar|flinch
|
|-weather|Sandstorm|[upkeep]
|-damage|p1a: Malamar|32/100|[from] Sandstorm
|upkeep
|turn|7
|
|t:|1758288827
|move|p2a: Excadrill|Iron Head|p1a: Malamar
|-damage|p1a: Malamar|0 fnt
|faint|p1a: Malamar
|
|-weather|Sandstorm|[upkeep]
|upkeep
|
|t:|1758288834
|switch|p1a: Morpeko|Morpeko, M|100/100
|turn|8
|
|t:|1758288851
|move|p2a: Excadrill|Earthquake|p1a: Morpeko
|-supereffective|p1a: Morpeko
|-damage|p1a: Morpeko|0 fnt
|faint|p1a: Morpeko
|
|-weather|none
|upkeep
|
|t:|1758288865
|switch|p1a: Trevenant|Trevenant, F|100/100
|turn|9
|
|t:|1758288871
|switch|p2a: Zapdos|Zapdos|100/100
|move|p1a: Trevenant|Trick Room|p1a: Trevenant
|-fieldstart|move: Trick Room|[of] p1a: Trevenant
|
|upkeep
|turn|10
|
|t:|1758288878
|move|p1a: Trevenant|Poltergeist|p2a: Zapdos|[miss]
|-miss|p1a: Trevenant|p2a: Zapdos
|move|p2a: Zapdos|Hurricane|p1a: Trevenant|[miss]
|-miss|p2a: Zapdos|p1a: Trevenant
|
|upkeep
|turn|11
|
|t:|1758288885
|move|p1a: Trevenant|Poltergeist|p2a: Zapdos
|-activate|p2a: Zapdos|move: Poltergeist|Heavy-Duty Boots
|-damage|p2a: Zapdos|53/100
|move|p2a: Zapdos|Hurricane|p1a: Trevenant|[miss]
|-miss|p2a: Zapdos|p1a: Trevenant
|
|upkeep
|turn|12
|
|t:|1758288894
|move|p1a: Trevenant|Poltergeist|p2a: Zapdos
|-activate|p2a: Zapdos|move: Poltergeist|Heavy-Duty Boots
|-damage|p2a: Zapdos|4/100
|move|p2a: Zapdos|Roost|p2a: Zapdos
|-heal|p2a: Zapdos|54/100
|-singleturn|p2a: Zapdos|move: Roost
|
|upkeep
|turn|13
|
|t:|1758288910
|move|p1a: Trevenant|Poltergeist|p2a: Zapdos
|-activate|p2a: Zapdos|move: Poltergeist|Heavy-Duty Boots
|-damage|p2a: Zapdos|8/100
|move|p2a: Zapdos|Roost|p2a: Zapdos
|-heal|p2a: Zapdos|58/100
|-singleturn|p2a: Zapdos|move: Roost
|
|-fieldend|move: Trick Room
|upkeep
|turn|14
|
|t:|1758288921
|move|p2a: Zapdos|Hurricane|p1a: Trevenant
|-supereffective|p1a: Trevenant
|-damage|p1a: Trevenant|0 fnt
|faint|p1a: Trevenant
|
|upkeep
|
|t:|1758288928
|switch|p1a: Frosmoth|Frosmoth, M|100/100
|turn|15
|
|t:|1758288933
|move|p2a: Zapdos|Hurricane|p1a: Frosmoth|[miss]
|-miss|p2a: Zapdos|p1a: Frosmoth
|move|p1a: Frosmoth|Ice Beam|p2a: Zapdos
|-supereffective|p2a: Zapdos
|-damage|p2a: Zapdos|0 fnt
|faint|p2a: Zapdos
|
|upkeep
|
|t:|1758288936
|switch|p2a: Latios|Latios, M|100/100
|turn|16
|
|t:|1758288949
|-terastallize|p1a: Frosmoth|Ice
|move|p2a: Latios|Calm Mind|p2a: Latios
|-boost|p2a: Latios|spa|1
|-boost|p2a: Latios|spd|1
|move|p1a: Frosmoth|Ice Beam|p2a: Latios
|-supereffective|p2a: Latios
|-damage|p2a: Latios|14/100
|
|upkeep
|turn|17
|
|t:|1758288961
|move|p2a: Latios|Luster Purge|p1a: Frosmoth
|-damage|p1a: Frosmoth|69/100
|move|p1a: Frosmoth|Ice Beam|p2a: Latios
|-supereffective|p2a: Latios
|-damage|p2a: Latios|0 fnt
|faint|p2a: Latios
|
|upkeep
|
|t:|1758288964
|switch|p2a: Excadrill|Excadrill, M|100/100
|turn|18
|
|t:|1758288977
|move|p2a: Excadrill|Swords Dance|p2a: Excadrill
|-boost|p2a: Excadrill|atk|2
|move|p1a: Frosmoth|Ice Beam|p2a: Excadrill
|-damage|p2a: Excadrill|12/100
|
|-heal|p2a: Excadrill|19/100|[from] item: Leftovers
|upkeep
|turn|19
|
|t:|1758288986
|move|p2a: Excadrill|Iron Head|p1a: Frosmoth
|-supereffective|p1a: Frosmoth
|-crit|p1a: Frosmoth
|-damage|p1a: Frosmoth|0 fnt
|faint|p1a: Frosmoth
|
|-heal|p2a: Excadrill|25/100|[from] item: Leftovers
|upkeep
|
|t:|1758288993
|switch|p1a: Articuno|Articuno-Galar|100/100
|turn|20
|
|t:|1758289002
|move|p2a: Excadrill|Iron Head|p1a: Articuno
|-damage|p1a: Articuno|7/100
|move|p1a: Articuno|Shadow Ball|p2a: Excadrill
|-damage|p2a: Excadrill|0 fnt
|faint|p2a: Excadrill
|
|win|bebeuh
|raw|bebeuh's rating: 1159 &rarr; <strong>1184</strong><br />(+25 for winning)
|raw|peqmen 0.0's rating: 1164 &rarr; <strong>1139</strong><br />(-25 for losing)
|l|☆bebeuh
|player|p1|
|l|☆peqmen 0.0
|player|p2|
