|j|☆MalamarMyBestie
|j|☆mrgentwo
|t:|1758295167
|gametype|singles
|player|p1|MalamarMyBestie|will|1199
|player|p2|mrgentwo|ethan|1179
|gen|9
|tier|[Gen 9] OU
|rated|
|rule|HP Percentage Mod: HP is shown in percentages
|rule|Endless Battle Clause: Forcing endless battles is banned
|rule|Species Clause: Limit one of each Pokémon
|rule|OHKO Clause: OHKO moves are banned
|rule|Evasion Items Clause: Evasion items are banned
|rule|Evasion Moves Clause: Evasion moves are banned
|rule|Evasion Abilities Clause: Evasion abilities are banned
|rule|Sleep Moves Clause: Sleep-inducing moves are banned
|clearpoke
|poke|p1|Ninetales, M|
|poke|p1|Ceruledge, M|
|poke|p1|Venusaur, F|
|poke|p1|Hatterene, F|
|poke|p1|Great Tusk|
|poke|p1|Walking Wake|
|poke|p2|Espeon, F|
|poke|p2|Entei|
|poke|p2|Walking Wake|
|poke|p2|Suicune|
|poke|p2|Magcargo, F|
|poke|p2|Forretress, M|
|teampreview
|
|t:|1758295176
|teamsize|p1|6
|teamsize|p2|6
|start
|switch|p1a: Nicki Mage-naj|Hatterene, F|100/100
|switch|p2a: Walking Wake|Walking Wake|100/100
|-enditem|p2a: Walking Wake|Booster Energy
|-activate|p2a: Walking Wake|ability: Protosynthesis|[fromitem]
|-start|p2a: Walking Wake|protosynthesisspa
|turn|1
|
|t:|1758295179
|-terastallize|p2a: Walking Wake|Water
|move|p2a: Walking Wake|Hydro Steam|p1a: Nicki Mage-naj
|-damage|p1a: Nicki Mage-naj|31/100
|-enditem|p1a: Nicki Mage-naj|Eject Button
|
|t:|1758295196
|switch|p1a: GrowthRilla|Venusaur, F|100/100
|
|upkeep
|turn|2
|
|t:|1758295205
|move|p2a: Walking Wake|Flamethrower|p1a: GrowthRilla
|-supereffective|p1a: GrowthRilla
|-damage|p1a: GrowthRilla|7/100
|move|p1a: GrowthRilla|Giga Drain|p2a: Walking Wake
|-supereffective|p2a: Walking Wake
|-damage|p2a: Walking Wake|0 fnt
|-heal|p1a: GrowthRilla|63/100|[from] drain|[of] p2a: Walking Wake
|faint|p2a: Walking Wake
|-end|p2a: Walking Wake|Protosynthesis|[silent]
|-damage|p1a: GrowthRilla|53/100|[from] item: Life Orb
|
|upkeep
|
|t:|1758295216
|switch|p2a: Espeon|Espeon, F, shiny|100/100
|turn|3
|
|t:|1758295232
|switch|p1a: Nicki Mage-naj|Hatterene, F|31/100
|move|p2a: Espeon|Psychic|p1a: Nicki Mage-naj
|-resisted|p1a: Nicki Mage-naj
|-damage|p1a: Nicki Mage-naj|7/100
|
|upkeep
|turn|4
|
|t:|1758295237
|move|p2a: Espeon|Psychic|p1a: Nicki Mage-naj
|-resisted|p1a: Nicki Mage-naj
|-damage|p1a: Nicki Mage-naj|0 fnt
|faint|p1a: Nicki Mage-naj
|
|upkeep
|
|t:|1758295242
|switch|p1a: Childish 9-bino|Ninetales, M|100/100
|-weather|SunnyDay|[from] ability: Drought|[of] p1a: Childish 9-bino
|turn|5
|
|t:|1758295263
|switch|p2a: Entei|Entei, shiny|100/100
|-ability|p2a: Entei|Pressure
|move|p1a: Childish 9-bino|Flamethrower|p2a: Entei
|-resisted|p2a: Entei
|-damage|p2a: Entei|77/100
|
|-weather|SunnyDay|[upkeep]
|upkeep
|turn|6
|
|t:|1758295273
|switch|p1a: 50-Spin(ct)|Great Tusk|100/100
|-activate|p1a: 50-Spin(ct)|ability: Protosynthesis
|-start|p1a: 50-Spin(ct)|protosynthesisspe
|move|p2a: Entei|Stone Edge|p1a: 50-Spin(ct)
|-resisted|p1a: 50-Spin(ct)
|-damage|p1a: 50-Spin(ct)|93/100
|
|-weather|SunnyDay|[upkeep]
|upkeep
|turn|7
|
|t:|1758295296
|switch|p2a: Magcargo|Magcargo, F|100/100
|move|p1a: 50-Spin(ct)|Headlong Rush|p2a: Magcargo
|-supereffective|p2a: Magcargo
|-damage|p2a: Magcargo|0 fnt
|-unboost|p1a: 50-Spin(ct)|def|1
|-unboost|p1a: 50-Spin(ct)|spd|1
|faint|p2a: Magcargo
|
|-weather|SunnyDay|[upkeep]
|upkeep
|
|t:|1758295300
|switch|p2a: Suicune|Suicune, shiny|100/100
|-ability|p2a: Suicune|Pressure
|turn|8
|
|t:|1758295307
|-end|p1a: 50-Spin(ct)|Protosynthesis|[silent]
|switch|p1a: GrowthRilla|Venusaur, F|53/100
|move|p2a: Suicune|Scald|p1a: GrowthRilla
|-resisted|p1a: GrowthRilla
|-damage|p1a: GrowthRilla|44/100
|
|-weather|SunnyDay|[upkeep]
|upkeep
|turn|9
|
|t:|1758295315
|switch|p2a: Entei|Entei, shiny|77/100
|-ability|p2a: Entei|Pressure
|move|p1a: GrowthRilla|Giga Drain|p2a: Entei
|-resisted|p2a: Entei
|-damage|p2a: Entei|50/100
|-heal|p1a: GrowthRilla|61/100|[from] drain|[of] p2a: Entei
|-damage|p1a: GrowthRilla|51/100|[from] item: Life Orb
|
|-weather|SunnyDay|[upkeep]
|upkeep
|turn|10
|
|t:|1758295326
|move|p2a: Entei|Extreme Speed|p1a: GrowthRilla
|-damage|p1a: GrowthRilla|1/100
|move|p1a: GrowthRilla|Sludge Bomb|p2a: Entei
|-damage|p2a: Entei|0 fnt
|faint|p2a: Entei
|-damage|p1a: GrowthRilla|0 fnt|[from] item: Life Orb
|faint|p1a: GrowthRilla
|
|-weather|SunnyDay|[upkeep]
|upkeep
|-message|mrgentwo forfeited.
|
|win|MalamarMyBestie
|raw|MalamarMyBestie's rating: 1199 &rarr; <strong>1223</strong><br />(+24 for winning)
|raw|mrgentwo's rating: 1179 &rarr; <strong>1155</strong><br />(-24 for losing)
|l|☆MalamarMyBestie
|player|p1|
