|j|☆Truffle buddah
|j|☆arreat summit
|t:|1758247823
|gametype|singles
|player|p1|Truffle buddah|169|1749
|player|p2|arreat summit|ninjaboy|1699
|gen|9
|tier|[Gen 9] OU
|rated|
|rule|HP Percentage Mod: HP is shown in percentages
|rule|Endless Battle Clause: Forcing endless battles is banned
|rule|Species Clause: Limit one of each Pokémon
|rule|OHKO Clause: OHKO moves are banned
|rule|Evasion Items Clause: Evasion items are banned
|rule|Evasion Moves Clause: Evasion moves are banned
|rule|Evasion Abilities Clause: Evasion abilities are banned
|rule|Sleep Moves Clause: Sleep-inducing moves are banned
|clearpoke
|poke|p1|Hydrapple, F|
|poke|p1|Hatterene, F|
|poke|p1|Iron Hands|
|poke|p1|Diancie|
|poke|p1|Scizor, F|
|poke|p1|Dragonite, M|
|poke|p2|Dragonite, M|
|poke|p2|Samurott-Hisui, M|
|poke|p2|Gholdengo|
|poke|p2|Iron Treads|
|poke|p2|Iron Valiant|
|poke|p2|Raging Bolt|
|teampreview
|
|t:|1758247834
|teamsize|p1|6
|teamsize|p2|6
|start
|switch|p1a: Iron Hands|Iron Hands|100/100
|switch|p2a: Iron Treads|Iron Treads, shiny|100/100
|-enditem|p2a: Iron Treads|Booster Energy
|-activate|p2a: Iron Treads|ability: Quark Drive|[fromitem]
|-start|p2a: Iron Treads|quarkdrivespe
|turn|1
|
|t:|1758247838
|move|p2a: Iron Treads|Stealth Rock|p1a: Iron Hands
|-sidestart|p1: Truffle buddah|move: Stealth Rock
|move|p1a: Iron Hands|Drain Punch|p2a: Iron Treads
|-supereffective|p2a: Iron Treads
|-damage|p2a: Iron Treads|24/100
|
|upkeep
|turn|2
|
|t:|1758247843
|-end|p1a: Iron Hands|Quark Drive|[silent]
|switch|p1a: Hydrapple|Hydrapple, F|100/100
|-damage|p1a: Hydrapple|88/100|[from] Stealth Rock
|move|p2a: Iron Treads|Steel Beam|p1a: Hydrapple
|-damage|p1a: Hydrapple|38/100
|-damage|p2a: Iron Treads|0 fnt|[from] steelbeam
|faint|p2a: Iron Treads
|-end|p2a: Iron Treads|Quark Drive|[silent]
|
|upkeep
|
|t:|1758247853
|switch|p2a: Gholdengo|Gholdengo, shiny|100/100
|-item|p2a: Gholdengo|Air Balloon
|turn|3
|inactive|Battle timer is ON: inactive players will automatically lose when time's up. (requested by arreat summit)
|
|t:|1758247880
|switch|p1a: Iron Hands|Iron Hands|100/100
|-damage|p1a: Iron Hands|94/100|[from] Stealth Rock
|move|p2a: Gholdengo|Nasty Plot|p2a: Gholdengo
|-boost|p2a: Gholdengo|spa|2
|
|-heal|p1a: Iron Hands|100/100|[from] item: Leftovers
|upkeep
|turn|4
|
|t:|1758247884
|move|p2a: Gholdengo|Shadow Ball|p1a: Iron Hands
|-damage|p1a: Iron Hands|28/100
|move|p1a: Iron Hands|Wild Charge|p2a: Gholdengo
|-damage|p2a: Gholdengo|43/100
|-enditem|p2a: Gholdengo|Air Balloon
|-damage|p1a: Iron Hands|18/100|[from] Recoil
|
|-heal|p1a: Iron Hands|24/100|[from] item: Leftovers
|upkeep
|turn|5
|j| sharoomba
|
|t:|1758247904
|move|p2a: Gholdengo|Shadow Ball|p1a: Iron Hands
|-damage|p1a: Iron Hands|0 fnt
|faint|p1a: Iron Hands
|-end|p1a: Iron Hands|Quark Drive|[silent]
|
|upkeep
|inactive|Truffle buddah has 120 seconds left.
|
|t:|1758247930
|switch|p1a: Diancie|Diancie|100/100
|-damage|p1a: Diancie|88/100|[from] Stealth Rock
|turn|6
|
|t:|1758247934
|-terastallize|p1a: Diancie|Ground
|move|p2a: Gholdengo|Make It Rain|p1a: Diancie
|-damage|p1a: Diancie|0 fnt
|-unboost|p2a: Gholdengo|spa|1
|faint|p1a: Diancie
|
|upkeep
|
|t:|1758247937
|switch|p1a: Scizor|Scizor, F|100/100
|turn|7
|
|t:|1758247945
|move|p1a: Scizor|Bullet Punch|p2a: Gholdengo
|-resisted|p2a: Gholdengo
|-damage|p2a: Gholdengo|22/100
|move|p2a: Gholdengo|Shadow Ball|p1a: Scizor
|-damage|p1a: Scizor|27/100
|
|upkeep
|turn|8
|
|t:|1758247950
|move|p1a: Scizor|Bullet Punch|p2a: Gholdengo
|-resisted|p2a: Gholdengo
|-damage|p2a: Gholdengo|3/100
|move|p2a: Gholdengo|Shadow Ball|p1a: Scizor
|-damage|p1a: Scizor|0 fnt
|faint|p1a: Scizor
|
|upkeep
|
|t:|1758247953
|switch|p1a: Dragonite|Dragonite, M|100/100
|-damage|p1a: Dragonite|76/100|[from] Stealth Rock
|turn|9
|j| Phrew
|
|t:|1758247972
|move|p2a: Gholdengo|Make It Rain|p1a: Dragonite
|-damage|p1a: Dragonite|0 fnt
|-unboost|p2a: Gholdengo|spa|1
|faint|p1a: Dragonite
|
|upkeep
|
|t:|1758247977
|switch|p1a: Hatterene|Hatterene, F|100/100
|-damage|p1a: Hatterene|88/100|[from] Stealth Rock
|turn|10
|
|t:|1758247979
|move|p2a: Gholdengo|Make It Rain|p1a: Hatterene
|-supereffective|p1a: Hatterene
|-damage|p1a: Hatterene|0 fnt
|-unboost|p2a: Gholdengo|spa|1
|faint|p1a: Hatterene
|
|upkeep
|
|t:|1758247981
|switch|p1a: Hydrapple|Hydrapple, F|71/100
|-damage|p1a: Hydrapple|59/100|[from] Stealth Rock
|turn|11
|
|t:|1758247985
|move|p2a: Gholdengo|Make It Rain|p1a: Hydrapple
|-damage|p1a: Hydrapple|20/100
|-unboost|p2a: Gholdengo|spa|1
|move|p1a: Hydrapple|Earth Power|p2a: Gholdengo
|-supereffective|p2a: Gholdengo
|-damage|p2a: Gholdengo|0 fnt
|faint|p2a: Gholdengo
|
|upkeep
|l| sharoomba
|
|t:|1758247988
|switch|p2a: Iron Valiant|Iron Valiant, shiny|100/100
|-enditem|p2a: Iron Valiant|Booster Energy
|-activate|p2a: Iron Valiant|ability: Quark Drive|[fromitem]
|-start|p2a: Iron Valiant|quarkdrivespe
|turn|12
|-message|Truffle buddah forfeited.
|
|win|arreat summit
|raw|Truffle buddah's rating: 1749 &rarr; <strong>1726</strong><br />(-23 for losing)
|raw|arreat summit's rating: 1699 &rarr; <strong>1722</strong><br />(+23 for winning)
|l|☆Truffle buddah
|player|p1|
|l| Phrew
|l|☆arreat summit
|player|p2|
|j| wgw2333
