|j|☆xiaoting36d
|j|☆JaponaisAnglais
|t:|1758347130
|gametype|singles
|player|p1|xiaoting36d|winona|1200
|player|p2|JaponaisAnglais|silver|1205
|gen|9
|tier|[Gen 9] OU
|rated|
|rule|HP Percentage Mod: HP is shown in percentages
|rule|Endless Battle Clause: Forcing endless battles is banned
|rule|Species Clause: Limit one of each Pokémon
|rule|OHKO Clause: OHKO moves are banned
|rule|Evasion Items Clause: Evasion items are banned
|rule|Evasion Moves Clause: Evasion moves are banned
|rule|Evasion Abilities Clause: Evasion abilities are banned
|rule|Sleep Moves Clause: Sleep-inducing moves are banned
|clearpoke
|poke|p1|Primarina, M|
|poke|p1|Alomomola, F|
|poke|p1|Hoopa-Unbound|
|poke|p1|Dondozo, F|
|poke|p1|Great Tusk|
|poke|p1|Ting-Lu|
|poke|p2|Dragonite, F|
|poke|p2|Kleavor, F|
|poke|p2|Moltres-Galar|
|poke|p2|Pecharunt|
|poke|p2|Hitmontop, M|
|poke|p2|Iron Crown|
|teampreview
|inactive|Battle timer is ON: inactive players will automatically lose when time's up. (requested by JaponaisAnglais)
|
|t:|1758347146
|teamsize|p1|6
|teamsize|p2|6
|start
|switch|p1a: Hoopa|Hoopa-Unbound|100/100
|switch|p2a: Kleavor|Kleavor, F|100/100
|turn|1
|
|t:|1758347158
|move|p2a: Kleavor|U-turn|p1a: Hoopa
|-supereffective|p1a: Hoopa
|-damage|p1a: Hoopa|0 fnt
|faint|p1a: Hoopa
|
|t:|1758347179
|switch|p2a: Pecharunt|Pecharunt|100/100|[from] U-turn
|
|upkeep
|
|t:|1758347188
|switch|p1a: Primarina|Primarina, M|100/100
|turn|2
|
|t:|1758347194
|move|p2a: Pecharunt|Malignant Chain|p1a: Primarina
|-supereffective|p1a: Primarina
|-damage|p1a: Primarina|46/100
|move|p1a: Primarina|Calm Mind|p1a: Primarina
|-boost|p1a: Primarina|spa|1
|-boost|p1a: Primarina|spd|1
|
|upkeep
|turn|3
|
|t:|1758347203
|-terastallize|p1a: Primarina|Fire
|move|p2a: Pecharunt|Malignant Chain|p1a: Primarina
|-damage|p1a: Primarina|29/100
|-status|p1a: Primarina|tox
|-start|p1a: Primarina|confusion|[from] ability: Poison Puppeteer|[of] p2a: Pecharunt
|-activate|p1a: Primarina|confusion
|move|p1a: Primarina|Draining Kiss|p2a: Pecharunt
|-resisted|p2a: Pecharunt
|-damage|p2a: Pecharunt|81/100
|-heal|p1a: Primarina|44/100 tox|[from] drain|[of] p2a: Pecharunt
|
|-heal|p2a: Pecharunt|87/100|[from] item: Leftovers
|-damage|p1a: Primarina|38/100 tox|[from] psn
|upkeep
|turn|4
|
|t:|1758347222
|move|p2a: Pecharunt|Malignant Chain|p1a: Primarina
|-damage|p1a: Primarina|20/100 tox
|-activate|p1a: Primarina|confusion
|move|p1a: Primarina|Sparkling Aria|p2a: Pecharunt
|-damage|p2a: Pecharunt|0 fnt
|faint|p2a: Pecharunt
|
|-damage|p1a: Primarina|8/100 tox|[from] psn
|upkeep
|
|t:|1758347239
|switch|p2a: Hitmontop|Hitmontop, M|100/100
|turn|5
|
|t:|1758347243
|move|p2a: Hitmontop|Mach Punch|p1a: Primarina
|-damage|p1a: Primarina|0 fnt
|faint|p1a: Primarina
|
|upkeep
|
|t:|1758347257
|switch|p1a: Ting-Lu|Ting-Lu|100/100
|-ability|p1a: Ting-Lu|Vessel of Ruin
|turn|6
|
|t:|1758347267
|switch|p1a: Dondozo|Dondozo, F|100/100
|move|p2a: Hitmontop|Mach Punch|p1a: Dondozo
|-damage|p1a: Dondozo|88/100
|-damage|p2a: Hitmontop|84/100|[from] item: Rocky Helmet|[of] p1a: Dondozo
|
|upkeep
|turn|7
|
|t:|1758347276
|switch|p2a: Kleavor|Kleavor, F|100/100
|move|p1a: Dondozo|Crunch|p2a: Kleavor
|-damage|p2a: Kleavor|79/100
|
|upkeep
|turn|8
|
|t:|1758347285
|switch|p1a: Great Tusk|Great Tusk|100/100
|-enditem|p1a: Great Tusk|Booster Energy
|-activate|p1a: Great Tusk|ability: Protosynthesis|[fromitem]
|-start|p1a: Great Tusk|protosynthesisdef
|move|p2a: Kleavor|Stone Axe|p1a: Great Tusk|[miss]
|-miss|p2a: Kleavor|p1a: Great Tusk
|
|upkeep
|turn|9
|
|t:|1758347299
|move|p2a: Kleavor|Stone Axe|p1a: Great Tusk
|-resisted|p1a: Great Tusk
|-damage|p1a: Great Tusk|93/100
|-sidestart|p1: xiaoting36d|move: Stealth Rock
|move|p1a: Great Tusk|Knock Off|p2a: Kleavor
|-damage|p2a: Kleavor|47/100
|-enditem|p2a: Kleavor|Choice Band|[from] move: Knock Off|[of] p1a: Great Tusk
|
|upkeep
|turn|10
|
|t:|1758347309
|move|p2a: Kleavor|Stone Axe|p1a: Great Tusk
|-resisted|p1a: Great Tusk
|-damage|p1a: Great Tusk|89/100
|move|p1a: Great Tusk|Rapid Spin|p2a: Kleavor
|-resisted|p2a: Kleavor
|-damage|p2a: Kleavor|39/100
|-boost|p1a: Great Tusk|spe|1
|-sideend|p1: xiaoting36d|Stealth Rock|[from] move: Rapid Spin|[of] p1a: Great Tusk
|
|upkeep
|turn|11
|
|t:|1758347315
|move|p1a: Great Tusk|Knock Off|p2a: Kleavor
|-damage|p2a: Kleavor|16/100
|move|p2a: Kleavor|Stone Axe|p1a: Great Tusk
|-resisted|p1a: Great Tusk
|-damage|p1a: Great Tusk|84/100
|-sidestart|p1: xiaoting36d|move: Stealth Rock
|
|upkeep
|turn|12
|
|t:|1758347327
|switch|p2a: Iron Crown|Iron Crown|100/100
|move|p1a: Great Tusk|Rapid Spin|p2a: Iron Crown
|-resisted|p2a: Iron Crown
|-damage|p2a: Iron Crown|93/100
|-boost|p1a: Great Tusk|spe|1
|-sideend|p1: xiaoting36d|Stealth Rock|[from] move: Rapid Spin|[of] p1a: Great Tusk
|
|upkeep
|turn|13
|
|t:|1758347343
|move|p1a: Great Tusk|Knock Off|p2a: Iron Crown
|-supereffective|p2a: Iron Crown
|-damage|p2a: Iron Crown|32/100
|-enditem|p2a: Iron Crown|Choice Specs|[from] move: Knock Off|[of] p1a: Great Tusk
|move|p2a: Iron Crown|Psychic|p1a: Great Tusk
|-supereffective|p1a: Great Tusk
|-damage|p1a: Great Tusk|0 fnt
|faint|p1a: Great Tusk
|-end|p1a: Great Tusk|Protosynthesis|[silent]
|
|upkeep
|
|t:|1758347350
|switch|p1a: Ting-Lu|Ting-Lu|100/100
|-ability|p1a: Ting-Lu|Vessel of Ruin
|turn|14
|
|t:|1758347365
|-end|p2a: Iron Crown|Quark Drive|[silent]
|switch|p2a: Dragonite|Dragonite, F|100/100
|move|p1a: Ting-Lu|Spikes|p2a: Dragonite
|-sidestart|p2: JaponaisAnglais|Spikes
|
|upkeep
|turn|15
|
|t:|1758347372
|move|p2a: Dragonite|Ice Spinner|p1a: Ting-Lu
|-supereffective|p1a: Ting-Lu
|-damage|p1a: Ting-Lu|70/100
|move|p1a: Ting-Lu|Whirlwind|p2a: Dragonite
|drag|p2a: Kleavor|Kleavor, F|16/100
|-damage|p2a: Kleavor|4/100|[from] Spikes
|
|upkeep
|turn|16
|
|t:|1758347380
|move|p2a: Kleavor|X-Scissor|p1a: Ting-Lu
|-supereffective|p1a: Ting-Lu
|-damage|p1a: Ting-Lu|11/100
|-enditem|p1a: Ting-Lu|Sitrus Berry|[eat]
|-heal|p1a: Ting-Lu|36/100|[from] item: Sitrus Berry
|move|p1a: Ting-Lu|Spikes|p2a: Kleavor
|-sidestart|p2: JaponaisAnglais|Spikes
|
|upkeep
|turn|17
|
|t:|1758347388
|switch|p1a: Alomomola|Alomomola, F|100/100
|move|p2a: Kleavor|U-turn|p1a: Alomomola
|-damage|p1a: Alomomola|80/100
|
|t:|1758347400
|switch|p2a: Hitmontop|Hitmontop, M|84/100|[from] U-turn
|
|upkeep
|turn|18
|
|t:|1758347403
|move|p1a: Alomomola|Protect|p1a: Alomomola
|-singleturn|p1a: Alomomola|Protect
|move|p2a: Hitmontop|Rapid Spin|p1a: Alomomola
|-activate|p1a: Alomomola|move: Protect
|
|upkeep
|turn|19
|
|t:|1758347413
|move|p2a: Hitmontop|Rapid Spin|p1a: Alomomola
|-damage|p1a: Alomomola|68/100
|-boost|p2a: Hitmontop|spe|1
|-sideend|p2: JaponaisAnglais|Spikes|[from] move: Rapid Spin|[of] p2a: Hitmontop
|move|p1a: Alomomola|Wish|p1a: Alomomola
|
|upkeep
|turn|20
|
|t:|1758347422
|switch|p2a: Iron Crown|Iron Crown|32/100
|move|p1a: Alomomola|Flip Turn|p2a: Iron Crown
|-damage|p2a: Iron Crown|15/100
|
|t:|1758347427
|switch|p1a: Ting-Lu|Ting-Lu|36/100|[from] Flip Turn
|-ability|p1a: Ting-Lu|Vessel of Ruin
|
|-heal|p1a: Ting-Lu|88/100|[from] move: Wish|[wisher] Alomomola
|upkeep
|turn|21
|
|t:|1758347435
|move|p2a: Iron Crown|Focus Blast|p1a: Ting-Lu
|-supereffective|p1a: Ting-Lu
|-damage|p1a: Ting-Lu|48/100
|move|p1a: Ting-Lu|Payback|p2a: Iron Crown
|-supereffective|p2a: Iron Crown
|-damage|p2a: Iron Crown|0 fnt
|faint|p2a: Iron Crown
|-end|p2a: Iron Crown|Quark Drive|[silent]
|
|upkeep
|
|t:|1758347448
|switch|p2a: Kleavor|Kleavor, F|4/100
|turn|22
|
|t:|1758347453
|switch|p1a: Dondozo|Dondozo, F|88/100
|-terastallize|p2a: Kleavor|Bug
|move|p2a: Kleavor|X-Scissor|p1a: Dondozo
|-damage|p1a: Dondozo|53/100
|-damage|p2a: Kleavor|0 fnt|[from] item: Rocky Helmet|[of] p1a: Dondozo
|faint|p2a: Kleavor
|
|upkeep
|
|t:|1758347463
|switch|p2a: Moltres|Moltres-Galar|100/100
|turn|23
|
|t:|1758347471
|switch|p1a: Ting-Lu|Ting-Lu|48/100
|-ability|p1a: Ting-Lu|Vessel of Ruin
|move|p2a: Moltres|Fiery Wrath|p1a: Ting-Lu
|-resisted|p1a: Ting-Lu
|-crit|p1a: Ting-Lu
|-damage|p1a: Ting-Lu|34/100
|
|upkeep
|turn|24
|l|☆xiaoting36d
|inactive|xiaoting36d disconnected and has a minute to reconnect!
|player|p1|
|inactive|xiaoting36d has 30 seconds to reconnect!
|inactive|xiaoting36d has 20 seconds to reconnect!
|inactive|xiaoting36d has 15 seconds to reconnect!
|inactive|xiaoting36d has 10 seconds to reconnect!
|inactive|xiaoting36d has 5 seconds to reconnect!
|-message|xiaoting36d lost due to inactivity.
|
|win|JaponaisAnglais
|raw|xiaoting36d's rating: 1200 &rarr; <strong>1175</strong><br />(-25 for losing)
|raw|JaponaisAnglais's rating: 1205 &rarr; <strong>1230</strong><br />(+25 for winning)
|l|☆JaponaisAnglais
|player|p2|
