|j|☆tqswell
|j|☆FinalRaven
|t:|1758317316
|gametype|singles
|player|p1|tqswell|clown|1279
|player|p2|FinalRaven|palmer|1322
|gen|9
|tier|[Gen 9] OU
|rated|
|rule|HP Percentage Mod: HP is shown in percentages
|rule|Endless Battle Clause: Forcing endless battles is banned
|rule|Species Clause: Limit one of each Pokémon
|rule|OHKO Clause: OHKO moves are banned
|rule|Evasion Items Clause: Evasion items are banned
|rule|Evasion Moves Clause: Evasion moves are banned
|rule|Evasion Abilities Clause: Evasion abilities are banned
|rule|Sleep Moves Clause: Sleep-inducing moves are banned
|clearpoke
|poke|p1|Indeedee, M|
|poke|p1|Hatterene, F|
|poke|p1|Ursaluna, F|
|poke|p1|Iron Hands|
|poke|p1|Hoopa-Unbound|
|poke|p1|Mimikyu, F|
|poke|p2|Pelipper, M|
|poke|p2|Toxicroak, M|
|poke|p2|Hatterene, F|
|poke|p2|Iron Treads|
|poke|p2|Barraskewda, M|
|poke|p2|Zapdos|
|teampreview
|inactive|Battle timer is ON: inactive players will automatically lose when time's up. (requested by tqswell)
|inactive|tqswell has 120 seconds left.
|
|t:|1758317351
|teamsize|p1|6
|teamsize|p2|6
|start
|switch|p1a: Subaru|Indeedee, M, shiny|100/100
|switch|p2a: Barraskewda|Barraskewda, M|100/100
|-fieldstart|move: Psychic Terrain|[from] ability: Psychic Surge|[of] p1a: Subaru
|turn|1
|inactive|tqswell has 120 seconds left.
|
|t:|1758317411
|switch|p1a: Mimi|Mimikyu, F, shiny|100/100
|-terastallize|p2a: Barraskewda|Water
|move|p2a: Barraskewda|Liquidation|p1a: Mimi
|-activate|p1a: Mimi|ability: Disguise
|-damage|p1a: Mimi|100/100
|detailschange|p1a: Mimi|Mimikyu-Busted, F, shiny
|-damage|p1a: Mimi|88/100|[from] pokemon: Mimikyu-Busted
|-enditem|p1a: Mimi|Red Card|[of] p2a: Barraskewda
|drag|p2a: Zapdos|Zapdos|100/100
|
|upkeep
|turn|2
|inactive|tqswell has 90 seconds left.
|
|t:|1758317429
|move|p2a: Zapdos|Hurricane|p1a: Mimi|[miss]
|-miss|p2a: Zapdos|p1a: Mimi
|move|p1a: Mimi|Trick Room|p1a: Mimi
|-fieldstart|move: Trick Room|[of] p1a: Mimi
|
|upkeep
|turn|3
|
|t:|1758317435
|switch|p1a: King Von|Hoopa-Unbound|100/100
|-enditem|p1a: King Von|Psychic Seed
|-boost|p1a: King Von|spd|1|[from] item: Psychic Seed
|move|p2a: Zapdos|Hurricane|p1a: King Von|[miss]
|-miss|p2a: Zapdos|p1a: King Von
|
|upkeep
|turn|4
|
|t:|1758317447
|switch|p2a: Hatterene|Hatterene, F|100/100
|move|p1a: King Von|Expanding Force|p2a: Hatterene
|-resisted|p2a: Hatterene
|-damage|p2a: Hatterene|48/100
|-enditem|p2a: Hatterene|Eject Button
|
|t:|1758317457
|switch|p2a: Iron Treads|Iron Treads|100/100
|
|upkeep
|turn|5
|
|t:|1758317461
|move|p1a: King Von|Focus Blast|p2a: Iron Treads
|-supereffective|p2a: Iron Treads
|-damage|p2a: Iron Treads|17/100
|-item|p1a: King Von|Leftovers|[from] ability: Magician|[of] p2a: Iron Treads
|move|p2a: Iron Treads|Stealth Rock|p1a: King Von
|-sidestart|p1: tqswell|move: Stealth Rock
|
|upkeep
|turn|6
|
|t:|1758317482
|move|p1a: King Von|Expanding Force|p2a: Iron Treads
|-resisted|p2a: Iron Treads
|-damage|p2a: Iron Treads|0 fnt
|faint|p2a: Iron Treads
|-end|p2a: Iron Treads|Quark Drive|[silent]
|
|-fieldend|move: Trick Room
|upkeep
|
|t:|1758317490
|switch|p2a: Barraskewda|Barraskewda, M, tera:Water|100/100
|turn|7
|inactive|tqswell has 90 seconds left.
|inactive|tqswell has 60 seconds left.
|
|t:|1758317561
|switch|p1a: LEBRON|Iron Hands, shiny|100/100
|-damage|p1a: LEBRON|94/100|[from] Stealth Rock
|-enditem|p1a: LEBRON|Booster Energy
|-activate|p1a: LEBRON|ability: Quark Drive|[fromitem]
|-start|p1a: LEBRON|quarkdriveatk
|move|p2a: Barraskewda|Liquidation|p1a: LEBRON
|-damage|p1a: LEBRON|32/100
|
|upkeep
|turn|8
|
|t:|1758317573
|move|p2a: Barraskewda|Liquidation|p1a: LEBRON
|-damage|p1a: LEBRON|0 fnt
|faint|p1a: LEBRON
|-end|p1a: LEBRON|Quark Drive|[silent]
|
|-fieldend|move: Psychic Terrain
|upkeep
|inactive|tqswell has 30 seconds left.
|inactive|tqswell has 20 seconds left.
|
|t:|1758317607
|switch|p1a: Satella|Hatterene, F, shiny|100/100
|-damage|p1a: Satella|88/100|[from] Stealth Rock
|turn|9
|inactive|tqswell has 30 seconds left this turn.
|
|t:|1758317617
|move|p2a: Barraskewda|Liquidation|p1a: Satella
|-damage|p1a: Satella|0 fnt
|faint|p1a: Satella
|
|upkeep
|inactive|tqswell has 30 seconds left this turn.
|
|t:|1758317620
|switch|p1a: Subaru|Indeedee, M, shiny|100/100
|-damage|p1a: Subaru|88/100|[from] Stealth Rock
|-fieldstart|move: Psychic Terrain|[from] ability: Psychic Surge|[of] p1a: Subaru
|turn|10
|inactive|tqswell has 30 seconds left.
|
|t:|1758317633
|switch|p1a: Crashout YN|Ursaluna, F, shiny|100/100
|-damage|p1a: Crashout YN|94/100|[from] Stealth Rock
|move|p2a: Barraskewda|Liquidation|p1a: Crashout YN
|-supereffective|p1a: Crashout YN
|-damage|p1a: Crashout YN|0 fnt
|faint|p1a: Crashout YN
|
|upkeep
|inactive|tqswell has 30 seconds left.
|
|t:|1758317639
|switch|p1a: Mimi|Mimikyu-Busted, F, shiny|88/100
|-damage|p1a: Mimi|76/100|[from] Stealth Rock
|turn|11
|
|t:|1758317645
|-terastallize|p1a: Mimi|Water
|move|p2a: Barraskewda|Liquidation|p1a: Mimi
|-resisted|p1a: Mimi
|-damage|p1a: Mimi|36/100
|move|p1a: Mimi|Trick Room|p1a: Mimi
|-fieldstart|move: Trick Room|[of] p1a: Mimi
|
|upkeep
|turn|12
|
|t:|1758317651
|move|p1a: Mimi|Destiny Bond|p1a: Mimi
|-singlemove|p1a: Mimi|Destiny Bond
|move|p2a: Barraskewda|Liquidation|p1a: Mimi
|-resisted|p1a: Mimi
|-damage|p1a: Mimi|0 fnt
|faint|p1a: Mimi
|-activate|p1a: Mimi|move: Destiny Bond
|faint|p2a: Barraskewda
|
|upkeep
|
|t:|1758317662
|switch|p1a: King Von|Hoopa-Unbound|100/100
|switch|p2a: Hatterene|Hatterene, F|48/100
|-damage|p1a: King Von|88/100|[from] Stealth Rock
|turn|13
|
|t:|1758317669
|switch|p2a: Toxicroak|Toxicroak, M|100/100
|move|p1a: King Von|Expanding Force|p2a: Toxicroak
|-supereffective|p2a: Toxicroak
|-damage|p2a: Toxicroak|0 fnt
|faint|p2a: Toxicroak
|
|-heal|p1a: King Von|94/100|[from] item: Leftovers
|upkeep
|
|t:|1758317682
|switch|p2a: Pelipper|Pelipper, M|100/100
|-weather|RainDance|[from] ability: Drizzle|[of] p2a: Pelipper
|turn|14
|inactive|tqswell has 60 seconds left.
|
|t:|1758317697
|move|p1a: King Von|Expanding Force|p2a: Pelipper
|-damage|p2a: Pelipper|12/100
|move|p2a: Pelipper|U-turn|p1a: King Von
|-supereffective|p1a: King Von
|-damage|p1a: King Von|57/100
|
|t:|1758317700
|switch|p2a: Hatterene|Hatterene, F|48/100|[from] U-turn
|
|-weather|RainDance|[upkeep]
|-heal|p1a: King Von|63/100|[from] item: Leftovers
|upkeep
|turn|15
|
|t:|1758317703
|move|p2a: Hatterene|Draining Kiss|p1a: King Von
|-supereffective|p1a: King Von
|-damage|p1a: King Von|31/100
|-heal|p2a: Hatterene|76/100|[from] drain|[of] p1a: King Von
|move|p1a: King Von|Expanding Force|p2a: Hatterene
|-resisted|p2a: Hatterene
|-damage|p2a: Hatterene|22/100
|
|-weather|RainDance|[upkeep]
|-heal|p1a: King Von|37/100|[from] item: Leftovers
|-fieldend|move: Trick Room
|upkeep
|turn|16
|inactive|tqswell has 60 seconds left.
|
|t:|1758317724
|move|p1a: King Von|Expanding Force|p2a: Hatterene
|-resisted|p2a: Hatterene
|-damage|p2a: Hatterene|0 fnt
|faint|p2a: Hatterene
|
|-weather|RainDance|[upkeep]
|-heal|p1a: King Von|43/100|[from] item: Leftovers
|upkeep
|
|t:|1758317726
|switch|p2a: Zapdos|Zapdos|100/100
|turn|17
|
|t:|1758317730
|move|p2a: Zapdos|Thunder|p1a: King Von
|-damage|p1a: King Von|0 fnt
|faint|p1a: King Von
|
|-weather|RainDance|[upkeep]
|-fieldend|move: Psychic Terrain
|upkeep
|
|t:|1758317733
|switch|p1a: Subaru|Indeedee, M, shiny|88/100
|-damage|p1a: Subaru|76/100|[from] Stealth Rock
|-fieldstart|move: Psychic Terrain|[from] ability: Psychic Surge|[of] p1a: Subaru
|turn|18
|
|t:|1758317739
|move|p2a: Zapdos|Thunder|p1a: Subaru
|-damage|p1a: Subaru|0 fnt
|faint|p1a: Subaru
|
|win|FinalRaven
|raw|tqswell's rating: 1279 &rarr; <strong>1257</strong><br />(-22 for losing)
|raw|FinalRaven's rating: 1322 &rarr; <strong>1340</strong><br />(+18 for winning)
