|j|☆Sigmaurus
|j|☆adamsandlerfan38
|t:|1758312098
|gametype|singles
|player|p1|Sigmaurus|rosa|1378
|player|p2|adamsandlerfan38|ghetsis|1323
|gen|9
|tier|[Gen 9] OU
|rated|
|rule|HP Percentage Mod: HP is shown in percentages
|rule|Endless Battle Clause: Forcing endless battles is banned
|rule|Species Clause: Limit one of each Pokémon
|rule|OHKO Clause: OHKO moves are banned
|rule|Evasion Items Clause: Evasion items are banned
|rule|Evasion Moves Clause: Evasion moves are banned
|rule|Evasion Abilities Clause: Evasion abilities are banned
|rule|Sleep Moves Clause: Sleep-inducing moves are banned
|clearpoke
|poke|p1|Weavile, F|
|poke|p1|Thundurus-Therian, M|
|poke|p1|Cobalion|
|poke|p1|Araquanid, F|
|poke|p1|Chandelure, M|
|poke|p1|Hoopa-Unbound|
|poke|p2|Porygon2|
|poke|p2|Ditto|
|poke|p2|Hoopa-Unbound|
|poke|p2|Deoxys-Speed|
|poke|p2|Cinderace, F|
|poke|p2|Iron Valiant|
|teampreview
|
|t:|1758312109
|teamsize|p1|6
|teamsize|p2|6
|start
|switch|p1a: Araquanid|Araquanid, F|100/100
|switch|p2a: the snatcher|Deoxys-Speed|100/100
|-ability|p2a: the snatcher|Pressure
|turn|1
|
|t:|1758312117
|move|p2a: the snatcher|Skill Swap|p1a: Araquanid
|-activate|p2a: the snatcher|move: Skill Swap|Water Bubble|Pressure|[of] p1a: Araquanid
|-ability|p1a: Araquanid|Pressure
|move|p1a: Araquanid|Sticky Web|p2a: the snatcher
|-sidestart|p2: adamsandlerfan38|move: Sticky Web
|
|upkeep
|turn|2
|
|t:|1758312136
|switch|p2a: cosmic chris pratt|Porygon2, shiny|100/100
|-activate|p2a: cosmic chris pratt|move: Sticky Web
|-unboost|p2a: cosmic chris pratt|spe|1
|-ability|p2a: cosmic chris pratt|Pressure|Trace|[from] ability: Trace|[of] p1a: Araquanid
|-ability|p2a: cosmic chris pratt|Pressure
|move|p1a: Araquanid|Leech Life|p2a: cosmic chris pratt
|-damage|p2a: cosmic chris pratt|84/100
|
|upkeep
|turn|3
|
|t:|1758312149
|move|p1a: Araquanid|Liquidation|p2a: cosmic chris pratt
|-crit|p2a: cosmic chris pratt
|-damage|p2a: cosmic chris pratt|57/100
|move|p2a: cosmic chris pratt|Tera Blast|p1a: Araquanid
|-damage|p1a: Araquanid|77/100
|
|-heal|p1a: Araquanid|83/100|[from] item: Leftovers
|upkeep
|turn|4
|
|t:|1758312156
|move|p1a: Araquanid|Sticky Web||[still]
|-fail|p1a: Araquanid
|move|p2a: cosmic chris pratt|Recover|p2a: cosmic chris pratt
|-heal|p2a: cosmic chris pratt|100/100
|
|-heal|p1a: Araquanid|90/100|[from] item: Leftovers
|upkeep
|turn|5
|
|t:|1758312164
|move|p1a: Araquanid|Leech Life|p2a: cosmic chris pratt
|-damage|p2a: cosmic chris pratt|84/100
|-heal|p1a: Araquanid|99/100|[from] drain|[of] p2a: cosmic chris pratt
|move|p2a: cosmic chris pratt|Foul Play|p1a: Araquanid
|-damage|p1a: Araquanid|76/100
|
|-heal|p1a: Araquanid|82/100|[from] item: Leftovers
|upkeep
|turn|6
|
|t:|1758312179
|move|p1a: Araquanid|Leech Life|p2a: cosmic chris pratt
|-damage|p2a: cosmic chris pratt|67/100
|-heal|p1a: Araquanid|92/100|[from] drain|[of] p2a: cosmic chris pratt
|move|p2a: cosmic chris pratt|Tera Blast|p1a: Araquanid
|-damage|p1a: Araquanid|69/100
|
|-heal|p1a: Araquanid|75/100|[from] item: Leftovers
|upkeep
|turn|7
|
|t:|1758312184
|switch|p1a: Cobalion|Cobalion|100/100
|-item|p1a: Cobalion|Air Balloon
|move|p2a: cosmic chris pratt|Recover|p2a: cosmic chris pratt
|-heal|p2a: cosmic chris pratt|100/100
|
|upkeep
|turn|8
|
|t:|1758312206
|switch|p2a: gimme smth great|Ditto|100/100
|-activate|p2a: gimme smth great|move: Sticky Web
|-unboost|p2a: gimme smth great|spe|1
|-transform|p2a: gimme smth great|p1a: Cobalion|[from] ability: Imposter
|move|p1a: Cobalion|Iron Defense|p1a: Cobalion
|-boost|p1a: Cobalion|def|2
|
|upkeep
|turn|9
|
|t:|1758312215
|-terastallize|p1a: Cobalion|Water
|move|p2a: gimme smth great|Body Press|p1a: Cobalion
|-damage|p1a: Cobalion|89/100
|-enditem|p1a: Cobalion|Air Balloon
|move|p1a: Cobalion|Body Press|p2a: gimme smth great
|-supereffective|p2a: gimme smth great
|-damage|p2a: gimme smth great|0 fnt
|faint|p2a: gimme smth great
|
|upkeep
|
|t:|1758312219
|switch|p2a: ok'd the rabbit|Cinderace, F|100/100
|turn|10
|
|t:|1758312224
|move|p2a: ok'd the rabbit|Court Change|p2a: ok'd the rabbit
|-start|p2a: ok'd the rabbit|typechange|Normal|[from] ability: Libero
|-swapsideconditions
|-activate|p2a: ok'd the rabbit|move: Court Change
|move|p1a: Cobalion|Iron Defense|p1a: Cobalion
|-boost|p1a: Cobalion|def|2
|
|upkeep
|turn|11
|
|t:|1758312228
|move|p2a: ok'd the rabbit|U-turn|p1a: Cobalion
|-damage|p1a: Cobalion|85/100
|
|t:|1758312246
|switch|p2a: the snatcher|Deoxys-Speed|100/100|[from] U-turn
|-ability|p2a: the snatcher|Pressure
|move|p1a: Cobalion|Body Press|p2a: the snatcher
|-resisted|p2a: the snatcher
|-damage|p2a: the snatcher|4/100
|
|upkeep
|turn|12
|
|t:|1758312254
|move|p2a: the snatcher|Trick|p1a: Cobalion
|-activate|p2a: the snatcher|move: Trick|[of] p1a: Cobalion
|-item|p1a: Cobalion|Choice Specs|[from] move: Trick
|-enditem|p2a: the snatcher|Choice Specs|[silent]|[from] move: Trick
|move|p1a: Cobalion|Body Press|p2a: the snatcher
|-resisted|p2a: the snatcher
|-damage|p2a: the snatcher|0 fnt
|faint|p2a: the snatcher
|
|upkeep
|
|t:|1758312267
|switch|p2a: the bully|Hoopa-Unbound|100/100
|turn|13
|
|t:|1758312293
|-terastallize|p2a: the bully|Ghost
|move|p2a: the bully|Gunk Shot|p1a: Cobalion
|-damage|p1a: Cobalion|76/100
|-item|p2a: the bully|Choice Specs|[from] ability: Magician|[of] p1a: Cobalion
|move|p1a: Cobalion|Body Press|p2a: the bully
|-immune|p2a: the bully
|
|upkeep
|turn|14
|
|t:|1758312302
|move|p2a: the bully|Fling|p1a: Cobalion
|-damage|p1a: Cobalion|75/100
|-ability|p1a: Cobalion|Justified|boost
|-boost|p1a: Cobalion|atk|1
|-enditem|p2a: the bully|Choice Specs|[from] move: Fling
|move|p1a: Cobalion|Volt Switch|p2a: the bully
|-damage|p2a: the bully|87/100
|
|t:|1758312315
|switch|p1a: Weavile|Weavile, F|100/100|[from] Volt Switch
|-activate|p1a: Weavile|move: Sticky Web
|-unboost|p1a: Weavile|spe|1
|-ability|p1a: Weavile|Pressure
|
|upkeep
|turn|15
|
|t:|1758312323
|move|p2a: the bully|Drain Punch|p1a: Weavile
|-supereffective|p1a: Weavile
|-damage|p1a: Weavile|0 fnt
|-heal|p2a: the bully|100/100|[from] drain|[of] p1a: Weavile
|faint|p1a: Weavile
|-item|p2a: the bully|Life Orb|[from] ability: Magician|[of] p1: Weavile
|
|upkeep
|
|t:|1758312327
|switch|p1a: Araquanid|Araquanid, F|75/100
|-activate|p1a: Araquanid|move: Sticky Web
|-unboost|p1a: Araquanid|spe|1
|turn|16
|
|t:|1758312352
|move|p2a: the bully|Fling|p1a: Araquanid
|-damage|p1a: Araquanid|53/100
|-enditem|p2a: the bully|Life Orb|[from] move: Fling
|move|p1a: Araquanid|Liquidation|p2a: the bully
|-damage|p2a: the bully|0 fnt
|faint|p2a: the bully
|
|-heal|p1a: Araquanid|59/100|[from] item: Leftovers
|upkeep
|
|t:|1758312363
|switch|p2a: obligatory member|Iron Valiant|100/100
|-enditem|p2a: obligatory member|Booster Energy
|-activate|p2a: obligatory member|ability: Quark Drive|[fromitem]
|-start|p2a: obligatory member|quarkdrivespe
|turn|17
|
|t:|1758312370
|move|p2a: obligatory member|Moonblast|p1a: Araquanid
|-damage|p1a: Araquanid|20/100
|-unboost|p1a: Araquanid|spa|1
|move|p1a: Araquanid|Liquidation|p2a: obligatory member
|-damage|p2a: obligatory member|14/100
|
|-heal|p1a: Araquanid|26/100|[from] item: Leftovers
|upkeep
|turn|18
|
|t:|1758312379
|move|p2a: obligatory member|Moonblast|p1a: Araquanid
|-damage|p1a: Araquanid|0 fnt
|faint|p1a: Araquanid
|
|upkeep
|
|t:|1758312384
|switch|p1a: Hoopa|Hoopa-Unbound|100/100
|-activate|p1a: Hoopa|move: Sticky Web
|-unboost|p1a: Hoopa|spe|1
|turn|19
|
|t:|1758312399
|move|p2a: obligatory member|Destiny Bond|p2a: obligatory member
|-singlemove|p2a: obligatory member|Destiny Bond
|move|p1a: Hoopa|Psychic Noise|p2a: obligatory member
|-supereffective|p2a: obligatory member
|-damage|p2a: obligatory member|0 fnt
|faint|p2a: obligatory member
|-activate|p2a: obligatory member|move: Destiny Bond
|-end|p2a: obligatory member|Quark Drive|[silent]
|faint|p1a: Hoopa
|
|upkeep
|
|t:|1758312428
|switch|p2a: ok'd the rabbit|Cinderace, F|100/100
|switch|p1a: Chandelure|Chandelure, M|100/100
|turn|20
|
|t:|1758312438
|move|p2a: ok'd the rabbit|Pyro Ball|p1a: Chandelure
|-start|p1a: Chandelure|ability: Flash Fire
|move|p1a: Chandelure|Heat Wave|p2a: ok'd the rabbit
|-resisted|p2a: ok'd the rabbit
|-damage|p2a: ok'd the rabbit|40/100
|
|upkeep
|turn|21
|
|t:|1758312444
|move|p2a: ok'd the rabbit|U-turn|p1a: Chandelure
|-start|p2a: ok'd the rabbit|typechange|Bug|[from] ability: Libero
|-resisted|p1a: Chandelure
|-damage|p1a: Chandelure|90/100
|
|t:|1758312449
|switch|p2a: cosmic chris pratt|Porygon2, shiny|100/100|[from] U-turn
|-ability|p2a: cosmic chris pratt|Flash Fire|Trace|[from] ability: Trace|[of] p1a: Chandelure
|move|p1a: Chandelure|Heat Wave|p2a: cosmic chris pratt
|-start|p2a: cosmic chris pratt|ability: Flash Fire
|
|upkeep
|turn|22
|
|t:|1758312458
|move|p1a: Chandelure|Energy Ball|p2a: cosmic chris pratt
|-damage|p2a: cosmic chris pratt|80/100
|move|p2a: cosmic chris pratt|Foul Play|p1a: Chandelure
|-supereffective|p1a: Chandelure
|-damage|p1a: Chandelure|66/100
|
|upkeep
|turn|23
|
|t:|1758312466
|-end|p1a: Chandelure|ability: Flash Fire|[silent]
|switch|p1a: Cobalion|Cobalion, tera:Water|75/100
|-activate|p1a: Cobalion|move: Sticky Web
|-unboost|p1a: Cobalion|spe|1
|move|p2a: cosmic chris pratt|Foul Play|p1a: Cobalion
|-damage|p1a: Cobalion|66/100
|-ability|p1a: Cobalion|Justified|boost
|-boost|p1a: Cobalion|atk|1
|
|upkeep
|turn|24
|
|t:|1758312475
|move|p1a: Cobalion|Volt Switch|p2a: cosmic chris pratt
|-damage|p2a: cosmic chris pratt|73/100
|
|t:|1758312477
|switch|p1a: Thundurus|Thundurus-Therian, M|100/100|[from] Volt Switch
|move|p2a: cosmic chris pratt|Recover|p2a: cosmic chris pratt
|-heal|p2a: cosmic chris pratt|100/100
|
|upkeep
|turn|25
|
|t:|1758312483
|move|p1a: Thundurus|Focus Blast|p2a: cosmic chris pratt|[miss]
|-miss|p1a: Thundurus|p2a: cosmic chris pratt
|move|p2a: cosmic chris pratt|Ice Beam|p1a: Thundurus
|-supereffective|p1a: Thundurus
|-damage|p1a: Thundurus|52/100
|
|upkeep
|turn|26
|
|t:|1758312493
|move|p1a: Thundurus|Focus Blast|p2a: cosmic chris pratt
|-supereffective|p2a: cosmic chris pratt
|-damage|p2a: cosmic chris pratt|50/100
|move|p2a: cosmic chris pratt|Foul Play|p1a: Thundurus
|-damage|p1a: Thundurus|25/100
|
|upkeep
|turn|27
|
|t:|1758312499
|move|p1a: Thundurus|Focus Blast|p2a: cosmic chris pratt
|-supereffective|p2a: cosmic chris pratt
|-damage|p2a: cosmic chris pratt|0 fnt
|faint|p2a: cosmic chris pratt
|
|upkeep
|
|t:|1758312501
|switch|p2a: ok'd the rabbit|Cinderace, F|40/100
|turn|28
|
|t:|1758312509
|move|p2a: ok'd the rabbit|Pyro Ball|p1a: Thundurus
|-damage|p1a: Thundurus|0 fnt
|faint|p1a: Thundurus
|
|upkeep
|
|t:|1758312511
|switch|p1a: Chandelure|Chandelure, M|66/100
|turn|29
|
|t:|1758312514
|move|p2a: ok'd the rabbit|U-turn|p1a: Chandelure
|-start|p2a: ok'd the rabbit|typechange|Bug|[from] ability: Libero
|-resisted|p1a: Chandelure
|-damage|p1a: Chandelure|55/100
|move|p1a: Chandelure|Shadow Ball|p2a: ok'd the rabbit
|-damage|p2a: ok'd the rabbit|0 fnt
|faint|p2a: ok'd the rabbit
|
|win|Sigmaurus
|raw|Sigmaurus's rating: 1378 &rarr; <strong>1395</strong><br />(+17 for winning)
|raw|adamsandlerfan38's rating: 1323 &rarr; <strong>1306</strong><br />(-17 for losing)
|l|☆adamsandlerfan38
|player|p2|
|l|☆Sigmaurus
|player|p1|
