|j|☆Aimsss
|j|☆Charle_phate
|t:|1758341217
|gametype|singles
|player|p1|Aimsss|policeman-gen4|1334
|player|p2|Charle_phate|blue|1286
|gen|9
|tier|[Gen 9] OU
|rated|
|rule|HP Percentage Mod: HP is shown in percentages
|rule|Endless Battle Clause: Forcing endless battles is banned
|rule|Species Clause: Limit one of each Pokémon
|rule|OHKO Clause: OHKO moves are banned
|rule|Evasion Items Clause: Evasion items are banned
|rule|Evasion Moves Clause: Evasion moves are banned
|rule|Evasion Abilities Clause: Evasion abilities are banned
|rule|Sleep Moves Clause: Sleep-inducing moves are banned
|clearpoke
|poke|p1|Dragapult, F|
|poke|p1|Kingambit, F|
|poke|p1|Hawlucha, M|
|poke|p1|Glimmora, F|
|poke|p1|Chesnaught, F|
|poke|p1|Gallade, M|
|poke|p2|Serperior, F|
|poke|p2|Rotom-Wash|
|poke|p2|Zapdos|
|poke|p2|Heatran, F|
|poke|p2|Clefable, M|
|poke|p2|Landorus-Therian, M|
|teampreview
|inactive|Battle timer is ON: inactive players will automatically lose when time's up. (requested by Charle_phate)
|
|t:|1758341227
|teamsize|p1|6
|teamsize|p2|6
|start
|switch|p1a: Chesnaught|Chesnaught, F|100/100
|switch|p2a: Rotom|Rotom-Wash|100/100
|turn|1
|
|t:|1758341237
|switch|p2a: Zapdos|Zapdos|100/100
|move|p1a: Chesnaught|Leech Seed|p2a: Zapdos
|-start|p2a: Zapdos|move: Leech Seed
|
|-damage|p2a: Zapdos|88/100|[from] Leech Seed|[of] p1a: Chesnaught
|upkeep
|turn|2
|
|t:|1758341251
|switch|p2a: Clefable|Clefable, M|100/100
|switch|p1a: Glimmora|Glimmora, F|100/100
|-item|p1a: Glimmora|Air Balloon
|
|upkeep
|turn|3
|
|t:|1758341260
|move|p1a: Glimmora|Sludge Bomb|p2a: Clefable
|-supereffective|p2a: Clefable
|-damage|p2a: Clefable|9/100
|move|p2a: Clefable|Cosmic Power|p2a: Clefable
|-boost|p2a: Clefable|def|1
|-boost|p2a: Clefable|spd|1
|
|-heal|p2a: Clefable|15/100|[from] item: Leftovers
|upkeep
|turn|4
|
|t:|1758341271
|move|p1a: Glimmora|Sludge Bomb|p2a: Clefable
|-supereffective|p2a: Clefable
|-damage|p2a: Clefable|0 fnt
|faint|p2a: Clefable
|
|upkeep
|
|t:|1758341274
|switch|p2a: Landorus|Landorus-Therian, M|100/100
|-ability|p2a: Landorus|Intimidate|boost
|-unboost|p1a: Glimmora|atk|1
|turn|5
|
|t:|1758341280
|move|p2a: Landorus|Swords Dance|p2a: Landorus
|-boost|p2a: Landorus|atk|2
|move|p1a: Glimmora|Stealth Rock|p2a: Landorus
|-sidestart|p2: Charle_phate|move: Stealth Rock
|
|upkeep
|turn|6
|
|t:|1758341288
|move|p2a: Landorus|Stone Edge|p1a: Glimmora
|-damage|p1a: Glimmora|0 fnt
|-activate|p1a: Glimmora|ability: Toxic Debris
|-sidestart|p2: Charle_phate|move: Toxic Spikes
|-enditem|p1a: Glimmora|Air Balloon
|faint|p1a: Glimmora
|-damage|p2a: Landorus|90/100|[from] item: Life Orb
|
|upkeep
|
|t:|1758341299
|switch|p1a: Chesnaught|Chesnaught, F|100/100
|turn|7
|
|t:|1758341306
|move|p2a: Landorus|Outrage|p1a: Chesnaught
|-damage|p1a: Chesnaught|20/100
|-enditem|p1a: Chesnaught|Sitrus Berry|[eat]
|-heal|p1a: Chesnaught|45/100|[from] item: Sitrus Berry
|-damage|p2a: Landorus|80/100|[from] item: Life Orb
|move|p1a: Chesnaught|Leech Seed|p2a: Landorus
|-start|p2a: Landorus|move: Leech Seed
|
|-damage|p2a: Landorus|68/100|[from] Leech Seed|[of] p1a: Chesnaught
|-heal|p1a: Chesnaught|56/100|[silent]
|upkeep
|turn|8
|
|t:|1758341317
|switch|p1a: Kingambit|Kingambit, F|100/100
|move|p2a: Landorus|Outrage|p1a: Kingambit|[from] lockedmove
|-resisted|p1a: Kingambit
|-damage|p1a: Kingambit|57/100
|-damage|p2a: Landorus|58/100|[from] item: Life Orb
|-start|p2a: Landorus|confusion|[fatigue]
|
|-damage|p2a: Landorus|45/100|[from] Leech Seed|[of] p1a: Kingambit
|-heal|p1a: Kingambit|67/100|[silent]
|upkeep
|turn|9
|
|t:|1758341328
|-activate|p2a: Landorus|confusion
|move|p2a: Landorus|Earthquake|p1a: Kingambit
|-supereffective|p1a: Kingambit
|-damage|p1a: Kingambit|0 fnt
|faint|p1a: Kingambit
|-damage|p2a: Landorus|35/100|[from] item: Life Orb
|
|upkeep
|
|t:|1758341337
|switch|p1a: Dragapult|Dragapult, F|100/100
|turn|10
|
|t:|1758341353
|move|p1a: Dragapult|Shadow Ball|p2a: Landorus
|-damage|p2a: Landorus|0 fnt
|faint|p2a: Landorus
|
|upkeep
|
|t:|1758341362
|switch|p2a: Serperior|Serperior, F|100/100
|-damage|p2a: Serperior|88/100|[from] Stealth Rock
|-status|p2a: Serperior|psn
|turn|11
|
|t:|1758341368
|move|p1a: Dragapult|Hex|p2a: Serperior
|-damage|p2a: Serperior|23/100 psn
|move|p2a: Serperior|Glare|p1a: Dragapult
|-status|p1a: Dragapult|par
|
|-heal|p2a: Serperior|30/100 psn|[from] item: Leftovers
|-damage|p2a: Serperior|17/100 psn|[from] psn
|upkeep
|turn|12
|
|t:|1758341382
|move|p2a: Serperior|Leech Seed|p1a: Dragapult
|-start|p1a: Dragapult|move: Leech Seed
|move|p1a: Dragapult|Hex|p2a: Serperior
|-damage|p2a: Serperior|0 fnt
|faint|p2a: Serperior
|
|upkeep
|
|t:|1758341389
|switch|p2a: Zapdos|Zapdos|88/100
|-damage|p2a: Zapdos|63/100|[from] Stealth Rock
|turn|13
|
|t:|1758341394
|move|p2a: Zapdos|Ancient Power|p1a: Dragapult
|-damage|p1a: Dragapult|74/100 par
|move|p1a: Dragapult|Dragon Darts|p2a: Zapdos
|-crit|p2a: Zapdos
|-damage|p2a: Zapdos|32/100
|-anim|p1a: Dragapult|Dragon Darts|p2a: Zapdos
|-damage|p2a: Zapdos|11/100
|
|-heal|p2a: Zapdos|18/100|[from] item: Leftovers
|-damage|p1a: Dragapult|61/100 par|[from] Leech Seed|[of] p2a: Zapdos
|-heal|p2a: Zapdos|30/100|[silent]
|upkeep
|turn|14
|
|t:|1758341406
|switch|p1a: Chesnaught|Chesnaught, F|56/100
|move|p2a: Zapdos|Roost|p2a: Zapdos
|-heal|p2a: Zapdos|80/100
|-singleturn|p2a: Zapdos|move: Roost
|
|-heal|p2a: Zapdos|86/100|[from] item: Leftovers
|upkeep
|turn|15
|
|t:|1758341415
|move|p2a: Zapdos|Heat Wave|p1a: Chesnaught
|-supereffective|p1a: Chesnaught
|-damage|p1a: Chesnaught|6/100
|move|p1a: Chesnaught|Leech Seed|p2a: Zapdos|[miss]
|-miss|p1a: Chesnaught|p2a: Zapdos
|
|-heal|p2a: Zapdos|92/100|[from] item: Leftovers
|upkeep
|turn|16
|
|t:|1758341424
|move|p2a: Zapdos|Ancient Power|p1a: Chesnaught
|-resisted|p1a: Chesnaught
|-damage|p1a: Chesnaught|0 fnt
|faint|p1a: Chesnaught
|
|-heal|p2a: Zapdos|99/100|[from] item: Leftovers
|upkeep
|
|t:|1758341432
|switch|p1a: Gallade|Gallade, M, shiny|100/100
|turn|17
|
|t:|1758341438
|move|p1a: Gallade|Psycho Cut|p2a: Zapdos
|-damage|p2a: Zapdos|39/100
|move|p2a: Zapdos|Discharge|p1a: Gallade
|-crit|p1a: Gallade
|-damage|p1a: Gallade|46/100
|-enditem|p1a: Gallade|Sitrus Berry|[eat]
|-heal|p1a: Gallade|71/100|[from] item: Sitrus Berry
|
|-heal|p2a: Zapdos|46/100|[from] item: Leftovers
|upkeep
|turn|18
|
|t:|1758341454
|switch|p2a: Heatran|Heatran, F|100/100
|-damage|p2a: Heatran|88/100|[from] Stealth Rock
|move|p1a: Gallade|Psycho Cut|p2a: Heatran
|-resisted|p2a: Heatran
|-damage|p2a: Heatran|64/100
|
|-heal|p2a: Heatran|70/100|[from] item: Leftovers
|upkeep
|turn|19
|
|t:|1758341464
|switch|p2a: Zapdos|Zapdos|46/100
|-damage|p2a: Zapdos|21/100|[from] Stealth Rock
|move|p1a: Gallade|Agility|p1a: Gallade
|-boost|p1a: Gallade|spe|2
|
|-heal|p2a: Zapdos|27/100|[from] item: Leftovers
|upkeep
|turn|20
|
|t:|1758341473
|move|p1a: Gallade|Psycho Cut|p2a: Zapdos
|-damage|p2a: Zapdos|0 fnt
|faint|p2a: Zapdos
|
|upkeep
|
|t:|1758341477
|switch|p2a: Heatran|Heatran, F|70/100
|-damage|p2a: Heatran|57/100|[from] Stealth Rock
|turn|21
|
|t:|1758341485
|-terastallize|p2a: Heatran|Flying
|move|p1a: Gallade|Sacred Sword|p2a: Heatran
|-resisted|p2a: Heatran
|-damage|p2a: Heatran|28/100
|move|p2a: Heatran|Lava Plume|p1a: Gallade
|-damage|p1a: Gallade|37/100
|
|-heal|p2a: Heatran|34/100|[from] item: Leftovers
|upkeep
|turn|22
|
|t:|1758341496
|move|p1a: Gallade|Psycho Cut|p2a: Heatran
|-damage|p2a: Heatran|0 fnt
|faint|p2a: Heatran
|
|upkeep
|
|t:|1758341501
|switch|p2a: Rotom|Rotom-Wash|100/100
|-damage|p2a: Rotom|88/100|[from] Stealth Rock
|turn|23
|
|t:|1758341505
|move|p1a: Gallade|Sacred Sword|p2a: Rotom
|-damage|p2a: Rotom|16/100
|move|p2a: Rotom|Thunder Wave|p1a: Gallade
|-status|p1a: Gallade|par
|
|-heal|p2a: Rotom|22/100|[from] item: Leftovers
|upkeep
|turn|24
|
|t:|1758341514
|move|p1a: Gallade|Sacred Sword|p2a: Rotom
|-damage|p2a: Rotom|0 fnt
|faint|p2a: Rotom
|
|win|Aimsss
|raw|Aimsss's rating: 1334 &rarr; <strong>1351</strong><br />(+17 for winning)
|raw|Charle_phate's rating: 1286 &rarr; <strong>1264</strong><br />(-22 for losing)
|l|☆Charle_phate
|player|p2|
|l|☆Aimsss
|player|p1|
|j|☆Aimsss
|player|p1|Aimsss|policeman-gen4|
|l|☆Aimsss
|player|p1|
