|j|☆Dunoks
|j|☆ihateclodsire
|inactive|Battle timer is ON: inactive players will automatically lose when time's up.
|t:|1758289774
|gametype|singles
|player|p1|Dunoks|#fcl9mighty|
|player|p2|ihateclodsire|red|
|gen|9
|tier|[Gen 9] OU
|rated|Tournament battle
|rule|HP Percentage Mod: HP is shown in percentages
|rule|Endless Battle Clause: Forcing endless battles is banned
|rule|Species Clause: Limit one of each Pokémon
|rule|OHKO Clause: OHKO moves are banned
|rule|Evasion Items Clause: Evasion items are banned
|rule|Evasion Moves Clause: Evasion moves are banned
|rule|Evasion Abilities Clause: Evasion abilities are banned
|rule|Sleep Moves Clause: Sleep-inducing moves are banned
|clearpoke
|poke|p1|Zamazenta-*|
|poke|p1|Ceruledge, F|
|poke|p1|Kyurem|
|poke|p1|Ninetales-Alola, M|
|poke|p1|Hatterene, F|
|poke|p1|Darkrai|
|poke|p2|Venusaur, F|
|poke|p2|Torkoal, F|
|poke|p2|Meowscarada, M|
|poke|p2|Blaziken, F|
|poke|p2|Primarina, M|
|poke|p2|Skeledirge, F|
|teampreview
|j|*Lady Monita ☀
|inactive|Dunoks has 120 seconds left.
|inactive|Dunoks has 90 seconds left.
|
|t:|1758289848
|teamsize|p1|6
|teamsize|p2|6
|start
|switch|p1a: Darkrai|Darkrai|100/100
|switch|p2a: Meowscarada|Meowscarada, M|100/100
|turn|1
|
|t:|1758289852
|move|p1a: Darkrai|Focus Blast|p2a: Meowscarada|[miss]
|-miss|p1a: Darkrai|p2a: Meowscarada
|move|p2a: Meowscarada|Flower Trick|p1a: Darkrai
|-start|p2a: Meowscarada|typechange|Grass|[from] ability: Protean
|-crit|p1a: Darkrai
|-damage|p1a: Darkrai|36/100
|
|-heal|p1a: Darkrai|42/100|[from] item: Leftovers
|upkeep
|turn|2
|
|t:|1758289858
|move|p1a: Darkrai|Dark Pulse|p2a: Meowscarada
|-damage|p2a: Meowscarada|31/100
|move|p2a: Meowscarada|Flower Trick|p1a: Darkrai
|-crit|p1a: Darkrai
|-damage|p1a: Darkrai|0 fnt
|faint|p1a: Darkrai
|
|upkeep
|
|t:|1758289863
|switch|p1a: Ninetales|Ninetales-Alola, M|100/100
|-weather|Snowscape|[from] ability: Snow Warning|[of] p1a: Ninetales
|turn|3
|
|t:|1758289876
|move|p2a: Meowscarada|Knock Off|p1a: Ninetales
|-resisted|p1a: Ninetales
|-damage|p1a: Ninetales|89/100
|-enditem|p1a: Ninetales|Light Clay|[from] move: Knock Off|[of] p2a: Meowscarada
|move|p1a: Ninetales|Freeze-Dry|p2a: Meowscarada
|-supereffective|p2a: Meowscarada
|-damage|p2a: Meowscarada|0 fnt
|faint|p2a: Meowscarada
|
|-weather|Snowscape|[upkeep]
|upkeep
|
|t:|1758289886
|switch|p2a: Black Lung|Torkoal, F|100/100
|-weather|SunnyDay|[from] ability: Drought|[of] p2a: Black Lung
|turn|4
|
|t:|1758289891
|move|p1a: Ninetales|Snowscape|p1a: Ninetales
|-weather|Snowscape
|move|p2a: Black Lung|Weather Ball|p1a: Ninetales
|-resisted|p1a: Ninetales
|-damage|p1a: Ninetales|78/100
|
|-weather|Snowscape|[upkeep]
|upkeep
|turn|5
|
|t:|1758289895
|move|p1a: Ninetales|Aurora Veil|p1a: Ninetales
|-sidestart|p1: Dunoks|move: Aurora Veil
|move|p2a: Black Lung|Stealth Rock|p1a: Ninetales
|-sidestart|p1: Dunoks|move: Stealth Rock
|
|-weather|Snowscape|[upkeep]
|upkeep
|turn|6
|
|t:|1758289904
|switch|p1a: Hatterene|Hatterene, F|100/100
|-damage|p1a: Hatterene|88/100|[from] Stealth Rock
|switch|p2a: Need A Hand?!|Blaziken, F|100/100
|
|-weather|Snowscape|[upkeep]
|-heal|p1a: Hatterene|94/100|[from] item: Leftovers
|upkeep
|turn|7
|
|t:|1758289924
|switch|p2a: Primarina|Primarina, M|100/100
|move|p1a: Hatterene|Calm Mind|p1a: Hatterene
|-boost|p1a: Hatterene|spa|1
|-boost|p1a: Hatterene|spd|1
|
|-weather|Snowscape|[upkeep]
|-heal|p1a: Hatterene|99/100|[from] item: Leftovers
|upkeep
|turn|8
|
|t:|1758289936
|move|p2a: Primarina|Moonblast|p1a: Hatterene
|-damage|p1a: Hatterene|79/100
|move|p1a: Hatterene|Calm Mind|p1a: Hatterene
|-boost|p1a: Hatterene|spa|1
|-boost|p1a: Hatterene|spd|1
|
|-weather|none
|-heal|p1a: Hatterene|85/100|[from] item: Leftovers
|upkeep
|turn|9
|inactive|Dunoks has 120 seconds left.
|
|t:|1758289977
|move|p2a: Primarina|Moonblast|p1a: Hatterene
|-damage|p1a: Hatterene|72/100
|move|p1a: Hatterene|Calm Mind|p1a: Hatterene
|-boost|p1a: Hatterene|spa|1
|-boost|p1a: Hatterene|spd|1
|
|-heal|p1a: Hatterene|78/100|[from] item: Leftovers
|-sideend|p1: Dunoks|move: Aurora Veil
|upkeep
|turn|10
|
|t:|1758289988
|switch|p2a: Skeledirge|Skeledirge, F|100/100
|move|p1a: Hatterene|Draining Kiss|p2a: Skeledirge
|-resisted|p2a: Skeledirge
|-damage|p2a: Skeledirge|92/100
|-heal|p1a: Hatterene|87/100|[from] drain|[of] p2a: Skeledirge
|
|-heal|p1a: Hatterene|93/100|[from] item: Leftovers
|upkeep
|turn|11
|
|t:|1758289995
|switch|p1a: Ninetales|Ninetales-Alola, M|78/100
|-damage|p1a: Ninetales|53/100|[from] Stealth Rock
|-weather|Snowscape|[from] ability: Snow Warning|[of] p1a: Ninetales
|move|p2a: Skeledirge|Hex|p1a: Ninetales
|-damage|p1a: Ninetales|30/100
|
|-weather|Snowscape|[upkeep]
|upkeep
|turn|12
|inactive|Dunoks has 120 seconds left.
|
|t:|1758290012
|move|p1a: Ninetales|Aurora Veil|p1a: Ninetales
|-sidestart|p1: Dunoks|move: Aurora Veil
|move|p2a: Skeledirge|Torch Song|p1a: Ninetales
|-supereffective|p1a: Ninetales
|-damage|p1a: Ninetales|2/100
|-boost|p2a: Skeledirge|spa|1
|
|-weather|Snowscape|[upkeep]
|upkeep
|turn|13
|
|t:|1758290019
|move|p1a: Ninetales|Encore|p2a: Skeledirge
|-start|p2a: Skeledirge|Encore
|move|p2a: Skeledirge|Torch Song|p1a: Ninetales
|-supereffective|p1a: Ninetales
|-damage|p1a: Ninetales|0 fnt
|-boost|p2a: Skeledirge|spa|1
|faint|p1a: Ninetales
|
|-weather|Snowscape|[upkeep]
|upkeep
|
|t:|1758290026
|switch|p1a: Ceruledge|Ceruledge, F|100/100
|-damage|p1a: Ceruledge|76/100|[from] Stealth Rock
|turn|14
|
|t:|1758290032
|switch|p2a: Primarina|Primarina, M|100/100
|move|p1a: Ceruledge|Bulk Up|p1a: Ceruledge
|-boost|p1a: Ceruledge|atk|1
|-boost|p1a: Ceruledge|def|1
|
|-weather|Snowscape|[upkeep]
|upkeep
|turn|15
|
|t:|1758290035
|move|p1a: Ceruledge|Bulk Up|p1a: Ceruledge
|-boost|p1a: Ceruledge|atk|1
|-boost|p1a: Ceruledge|def|1
|move|p2a: Primarina|Surf|p1a: Ceruledge
|-supereffective|p1a: Ceruledge
|-damage|p1a: Ceruledge|34/100
|
|-weather|none
|upkeep
|turn|16
|
|t:|1758290039
|switch|p2a: Black Lung|Torkoal, F|100/100
|-weather|SunnyDay|[from] ability: Drought|[of] p2a: Black Lung
|move|p1a: Ceruledge|Bitter Blade|p2a: Black Lung
|-resisted|p2a: Black Lung
|-damage|p2a: Black Lung|59/100
|-heal|p1a: Ceruledge|55/100|[from] drain|[of] p2a: Black Lung
|
|-weather|SunnyDay|[upkeep]
|-sideend|p1: Dunoks|move: Aurora Veil
|upkeep
|turn|17
|
|t:|1758290046
|move|p1a: Ceruledge|Taunt|p2a: Black Lung
|-start|p2a: Black Lung|move: Taunt
|move|p2a: Black Lung|Weather Ball|p1a: Ceruledge
|-start|p1a: Ceruledge|ability: Flash Fire
|
|-weather|SunnyDay|[upkeep]
|upkeep
|turn|18
|
|t:|1758290050
|move|p1a: Ceruledge|Bitter Blade|p2a: Black Lung
|-resisted|p2a: Black Lung
|-damage|p2a: Black Lung|0 fnt
|-heal|p1a: Ceruledge|83/100|[from] drain|[of] p2a: Black Lung
|faint|p2a: Black Lung
|
|-weather|SunnyDay|[upkeep]
|upkeep
|
|t:|1758290053
|switch|p2a: PU for some reason|Venusaur, F|100/100
|turn|19
|
|t:|1758290058
|move|p2a: PU for some reason|Earth Power|p1a: Ceruledge
|-supereffective|p1a: Ceruledge
|-damage|p1a: Ceruledge|27/100
|-damage|p2a: PU for some reason|91/100|[from] item: Life Orb
|move|p1a: Ceruledge|Bitter Blade|p2a: PU for some reason
|-supereffective|p2a: PU for some reason
|-damage|p2a: PU for some reason|0 fnt
|-heal|p1a: Ceruledge|66/100|[from] drain|[of] p2a: PU for some reason
|faint|p2a: PU for some reason
|
|-weather|SunnyDay|[upkeep]
|upkeep
|
|t:|1758290085
|switch|p2a: Skeledirge|Skeledirge, F|92/100
|turn|20
|
|t:|1758290088
|-terastallize|p2a: Skeledirge|Grass
|move|p1a: Ceruledge|Bitter Blade|p2a: Skeledirge
|-supereffective|p2a: Skeledirge
|-damage|p2a: Skeledirge|0 fnt
|-heal|p1a: Ceruledge|100/100|[from] drain|[of] p2a: Skeledirge
|faint|p2a: Skeledirge
|
|-weather|SunnyDay|[upkeep]
|upkeep
|-message|ihateclodsire forfeited.
|
|win|Dunoks
|n|☆Dunoks|dunoks
|n|☆ihateclodsire|ihateclodsire
|n|*Lady Monita ☀|ladymonita
|l|*Lady Monita ☀
|l|☆ihateclodsire
|player|p2|
