|j|☆Liveds19
|j|☆zawaluduo11
|t:|1758289209
|gametype|singles
|player|p1|Liveds19|linebacker|1554
|player|p2|zawaluduo11|102|1541
|gen|9
|tier|[Gen 9] OU
|rated|
|rule|HP Percentage Mod: HP is shown in percentages
|rule|Endless Battle Clause: Forcing endless battles is banned
|rule|Species Clause: Limit one of each Pokémon
|rule|OHKO Clause: OHKO moves are banned
|rule|Evasion Items Clause: Evasion items are banned
|rule|Evasion Moves Clause: Evasion moves are banned
|rule|Evasion Abilities Clause: Evasion abilities are banned
|rule|Sleep Moves Clause: Sleep-inducing moves are banned
|clearpoke
|poke|p1|Sandy Shocks|
|poke|p1|Great Tusk|
|poke|p1|Corviknight, F|
|poke|p1|Slowking-Galar, M|
|poke|p1|Ogerpon-Wellspring, F|
|poke|p1|Iron Moth|
|poke|p2|Alomomola, F|
|poke|p2|Gliscor, M|
|poke|p2|Kingambit, F|
|poke|p2|Ursaluna, M|
|poke|p2|Raging Bolt|
|poke|p2|Grimmsnarl, M|
|teampreview
|inactive|Battle timer is ON: inactive players will automatically lose when time's up. (requested by Liveds19)
|
|t:|1758289224
|teamsize|p1|6
|teamsize|p2|6
|start
|switch|p1a: Sandy Shocks|Sandy Shocks|100/100
|switch|p2a: Grimmsnarl|Grimmsnarl, M|100/100
|turn|1
|
|t:|1758289231
|move|p2a: Grimmsnarl|Light Screen|p2a: Grimmsnarl
|-sidestart|p2: zawaluduo11|move: Light Screen
|move|p1a: Sandy Shocks|Spikes|p2a: Grimmsnarl
|-sidestart|p2: zawaluduo11|Spikes
|
|upkeep
|turn|2
|
|t:|1758289234
|move|p2a: Grimmsnarl|Taunt|p1a: Sandy Shocks
|-start|p1a: Sandy Shocks|move: Taunt
|cant|p1a: Sandy Shocks|move: Taunt|Spikes
|
|upkeep
|turn|3
|
|t:|1758289242
|-end|p1a: Sandy Shocks|Protosynthesis|[silent]
|switch|p1a: Great Tusk|Great Tusk|100/100
|move|p2a: Grimmsnarl|Reflect|p2a: Grimmsnarl
|-sidestart|p2: zawaluduo11|Reflect
|
|upkeep
|turn|4
|
|t:|1758289247
|move|p2a: Grimmsnarl|Parting Shot|p1a: Great Tusk
|-unboost|p1a: Great Tusk|atk|1
|-unboost|p1a: Great Tusk|spa|1
|
|t:|1758289251
|switch|p2a: Ursaluna|Ursaluna, M|100/100|[from] Parting Shot
|-damage|p2a: Ursaluna|88/100|[from] Spikes
|move|p1a: Great Tusk|Stealth Rock|p2a: Ursaluna
|-sidestart|p2: zawaluduo11|move: Stealth Rock
|
|-status|p2a: Ursaluna|brn|[from] item: Flame Orb
|upkeep
|turn|5
|
|t:|1758289260
|-end|p1a: Great Tusk|Protosynthesis|[silent]
|switch|p1a: Corviknight|Corviknight, F|100/100
|-ability|p1a: Corviknight|Pressure
|move|p2a: Ursaluna|Fire Punch|p1a: Corviknight
|-supereffective|p1a: Corviknight
|-damage|p1a: Corviknight|49/100
|-damage|p2a: Ursaluna|71/100 brn|[from] item: Rocky Helmet|[of] p1a: Corviknight
|
|-damage|p2a: Ursaluna|65/100 brn|[from] brn
|upkeep
|turn|6
|
|t:|1758289270
|move|p1a: Corviknight|Iron Defense|p1a: Corviknight
|-boost|p1a: Corviknight|def|2
|move|p2a: Ursaluna|Earthquake|p1a: Corviknight
|-immune|p1a: Corviknight
|
|-damage|p2a: Ursaluna|59/100 brn|[from] brn
|upkeep
|turn|7
|
|t:|1758289273
|switch|p2a: Raging Bolt|Raging Bolt|100/100
|-damage|p2a: Raging Bolt|88/100|[from] Spikes
|-damage|p2a: Raging Bolt|76/100|[from] Stealth Rock
|move|p1a: Corviknight|Roost|p1a: Corviknight
|-heal|p1a: Corviknight|99/100
|-singleturn|p1a: Corviknight|move: Roost
|
|upkeep
|turn|8
|
|t:|1758289283
|switch|p1a: Slowking|Slowking-Galar, M|100/100
|move|p2a: Raging Bolt|Draco Meteor|p1a: Slowking
|-damage|p1a: Slowking|29/100
|-unboost|p2a: Raging Bolt|spa|2
|
|-sideend|p2: zawaluduo11|move: Light Screen
|upkeep
|turn|9
|
|t:|1758289294
|switch|p1a: Iron Moth|Iron Moth|100/100
|-enditem|p1a: Iron Moth|Booster Energy
|-activate|p1a: Iron Moth|ability: Quark Drive|[fromitem]
|-start|p1a: Iron Moth|quarkdrivespe
|move|p2a: Raging Bolt|Draco Meteor|p1a: Iron Moth
|-damage|p1a: Iron Moth|42/100
|-unboost|p2a: Raging Bolt|spa|2
|
|upkeep
|turn|10
|
|t:|1758289306
|-end|p2a: Raging Bolt|Protosynthesis|[silent]
|switch|p2a: Kingambit|Kingambit, F|100/100
|-damage|p2a: Kingambit|88/100|[from] Spikes
|-damage|p2a: Kingambit|82/100|[from] Stealth Rock
|move|p1a: Iron Moth|Sludge Wave|p2a: Kingambit
|-immune|p2a: Kingambit
|
|-sideend|p2: zawaluduo11|Reflect
|upkeep
|turn|11
|
|t:|1758289315
|move|p2a: Kingambit|Sucker Punch||[still]
|-fail|p2a: Kingambit
|move|p1a: Iron Moth|Substitute|p1a: Iron Moth
|-start|p1a: Iron Moth|Substitute
|-damage|p1a: Iron Moth|17/100
|
|upkeep
|turn|12
|
|t:|1758289322
|-end|p2a: Kingambit|fallenundefined|[silent]
|switch|p2a: Grimmsnarl|Grimmsnarl, M|100/100
|-damage|p2a: Grimmsnarl|88/100|[from] Spikes
|-damage|p2a: Grimmsnarl|76/100|[from] Stealth Rock
|move|p1a: Iron Moth|Fiery Dance|p2a: Grimmsnarl
|-damage|p2a: Grimmsnarl|37/100
|-boost|p1a: Iron Moth|spa|1
|
|upkeep
|turn|13
|
|t:|1758289331
|move|p2a: Grimmsnarl|Light Screen|p2a: Grimmsnarl
|-sidestart|p2: zawaluduo11|move: Light Screen
|move|p1a: Iron Moth|Fiery Dance|p2a: Grimmsnarl
|-damage|p2a: Grimmsnarl|7/100
|-boost|p1a: Iron Moth|spa|1
|
|upkeep
|turn|14
|
|t:|1758289337
|move|p2a: Grimmsnarl|Reflect|p2a: Grimmsnarl
|-sidestart|p2: zawaluduo11|Reflect
|move|p1a: Iron Moth|Fiery Dance|p2a: Grimmsnarl
|-damage|p2a: Grimmsnarl|0 fnt
|-boost|p1a: Iron Moth|spa|1
|faint|p2a: Grimmsnarl
|
|upkeep
|-message|zawaluduo11 forfeited.
|
|win|Liveds19
|raw|Liveds19's rating: 1554 &rarr; <strong>1573</strong><br />(+19 for winning)
|raw|zawaluduo11's rating: 1541 &rarr; <strong>1522</strong><br />(-19 for losing)
|l|☆zawaluduo11
|player|p2|
|l|☆Liveds19
|player|p1|
