|j|☆NaDHHH
|j|☆xail44
|t:|1758321127
|gametype|singles
|player|p1|NaDHHH|harlequin|1260
|player|p2|xail44|2|1270
|gen|9
|tier|[Gen 9] OU
|rated|
|rule|HP Percentage Mod: HP is shown in percentages
|rule|Endless Battle Clause: Forcing endless battles is banned
|rule|Species Clause: Limit one of each Pokémon
|rule|OHKO Clause: OHKO moves are banned
|rule|Evasion Items Clause: Evasion items are banned
|rule|Evasion Moves Clause: Evasion moves are banned
|rule|Evasion Abilities Clause: Evasion abilities are banned
|rule|Sleep Moves Clause: Sleep-inducing moves are banned
|clearpoke
|poke|p1|Glimmora, M|
|poke|p1|Dragapult, M|
|poke|p1|Dragonite, F|
|poke|p1|Ogerpon-Wellspring, F|
|poke|p1|Iron Valiant|
|poke|p1|Kingambit, M|
|poke|p2|Hatterene, F|
|poke|p2|Honchkrow, F|
|poke|p2|Terrakion|
|poke|p2|Alomomola, M|
|poke|p2|Metagross|
|poke|p2|Salazzle, F|
|teampreview
|inactive|Battle timer is ON: inactive players will automatically lose when time's up. (requested by xail44)
|
|t:|1758321139
|teamsize|p1|6
|teamsize|p2|6
|start
|switch|p1a: Glimmora|Glimmora, M|100/100
|switch|p2a: Terrakion|Terrakion|100/100
|turn|1
|
|t:|1758321145
|move|p2a: Terrakion|Stealth Rock|p1a: Glimmora
|-sidestart|p1: NaDHHH|move: Stealth Rock
|move|p1a: Glimmora|Earth Power|p2a: Terrakion
|-supereffective|p2a: Terrakion
|-damage|p2a: Terrakion|20/100
|
|-heal|p2a: Terrakion|26/100|[from] item: Leftovers
|upkeep
|turn|2
|
|t:|1758321161
|move|p2a: Terrakion|Iron Head|p1a: Glimmora
|-supereffective|p1a: Glimmora
|-damage|p1a: Glimmora|33/100
|-activate|p1a: Glimmora|ability: Toxic Debris
|-sidestart|p2: xail44|move: Toxic Spikes
|move|p1a: Glimmora|Energy Ball|p2a: Terrakion
|-supereffective|p2a: Terrakion
|-damage|p2a: Terrakion|0 fnt
|faint|p2a: Terrakion
|
|upkeep
|
|t:|1758321173
|switch|p2a: Hatterene|Hatterene, F|100/100
|-status|p2a: Hatterene|psn
|turn|3
|
|t:|1758321177
|move|p1a: Glimmora|Sludge Wave|p2a: Hatterene
|-supereffective|p2a: Hatterene
|-enditem|p2a: Hatterene|Focus Sash
|-damage|p2a: Hatterene|1/100 psn
|move|p2a: Hatterene|Trick Room|p2a: Hatterene
|-fieldstart|move: Trick Room|[of] p2a: Hatterene
|
|-damage|p2a: Hatterene|0 fnt|[from] psn
|faint|p2a: Hatterene
|upkeep
|
|t:|1758321185
|switch|p2a: Honchkrow|Honchkrow, F|100/100
|-enditem|p2a: Honchkrow|Room Service
|-unboost|p2a: Honchkrow|spe|1|[from] item: Room Service
|turn|4
|
|t:|1758321193
|move|p2a: Honchkrow|Night Slash|p1a: Glimmora
|-damage|p1a: Glimmora|0 fnt
|-activate|p1a: Glimmora|ability: Toxic Debris
|-sidestart|p2: xail44|move: Toxic Spikes
|faint|p1a: Glimmora
|-ability|p2a: Honchkrow|Moxie|boost
|-boost|p2a: Honchkrow|atk|1
|
|upkeep
|
|t:|1758321211
|switch|p1a: Dragonite|Dragonite, F|100/100
|turn|5
|
|t:|1758321218
|move|p2a: Honchkrow|Acrobatics|p1a: Dragonite
|-damage|p1a: Dragonite|47/100
|move|p1a: Dragonite|Ice Spinner|p2a: Honchkrow
|-supereffective|p2a: Honchkrow
|-damage|p2a: Honchkrow|16/100
|
|upkeep
|turn|6
|
|t:|1758321226
|switch|p2a: Salazzle|Salazzle, F|100/100
|-item|p2a: Salazzle|Air Balloon
|move|p1a: Dragonite|Extreme Speed|p2a: Salazzle
|-damage|p2a: Salazzle|44/100
|-enditem|p2a: Salazzle|Air Balloon
|
|upkeep
|turn|7
|
|t:|1758321234
|switch|p2a: Metagross|Metagross|100/100
|move|p1a: Dragonite|Extreme Speed|p2a: Metagross
|-resisted|p2a: Metagross
|-damage|p2a: Metagross|88/100
|
|-fieldend|move: Trick Room
|upkeep
|turn|8
|
|t:|1758321245
|move|p1a: Dragonite|Earthquake|p2a: Metagross
|-supereffective|p2a: Metagross
|-damage|p2a: Metagross|27/100
|move|p2a: Metagross|Agility|p2a: Metagross
|-boost|p2a: Metagross|spe|2
|
|upkeep
|turn|9
|
|t:|1758321269
|move|p2a: Metagross|Meteor Beam||[still]
|-prepare|p2a: Metagross|Meteor Beam
|-boost|p2a: Metagross|spa|1
|-enditem|p2a: Metagross|Power Herb
|-anim|p2a: Metagross|Meteor Beam|p1a: Dragonite
|-supereffective|p1a: Dragonite
|-damage|p1a: Dragonite|0 fnt
|faint|p1a: Dragonite
|
|upkeep
|
|t:|1758321276
|switch|p1a: Iron Valiant|Iron Valiant|100/100
|-damage|p1a: Iron Valiant|94/100|[from] Stealth Rock
|-enditem|p1a: Iron Valiant|Booster Energy
|-activate|p1a: Iron Valiant|ability: Quark Drive|[fromitem]
|-start|p1a: Iron Valiant|quarkdrivespe
|turn|10
|
|t:|1758321282
|move|p1a: Iron Valiant|Knock Off|p2a: Metagross
|-supereffective|p2a: Metagross
|-damage|p2a: Metagross|0 fnt
|faint|p2a: Metagross
|
|upkeep
|
|t:|1758321290
|switch|p2a: Salazzle|Salazzle, F|44/100
|-sideend|p2: xail44|move: Toxic Spikes|[of] p2a: Salazzle
|turn|11
|
|t:|1758321303
|move|p1a: Iron Valiant|Close Combat|p2a: Salazzle
|-resisted|p2a: Salazzle
|-damage|p2a: Salazzle|0 fnt
|-unboost|p1a: Iron Valiant|def|1
|-unboost|p1a: Iron Valiant|spd|1
|faint|p2a: Salazzle
|
|upkeep
|
|t:|1758321306
|switch|p2a: Alomomola|Alomomola, M|100/100
|turn|12
|
|t:|1758321315
|move|p1a: Iron Valiant|Moonblast|p2a: Alomomola
|-damage|p2a: Alomomola|65/100
|move|p2a: Alomomola|Scald|p1a: Iron Valiant
|-damage|p1a: Iron Valiant|53/100
|
|upkeep
|turn|13
|
|t:|1758321327
|move|p1a: Iron Valiant|Moonblast|p2a: Alomomola
|-damage|p2a: Alomomola|29/100
|-unboost|p2a: Alomomola|spa|1
|move|p2a: Alomomola|Scald|p1a: Iron Valiant
|-damage|p1a: Iron Valiant|28/100
|-status|p1a: Iron Valiant|brn
|
|-damage|p1a: Iron Valiant|22/100 brn|[from] brn
|upkeep
|turn|14
|
|t:|1758321336
|move|p1a: Iron Valiant|Moonblast|p2a: Alomomola
|-damage|p2a: Alomomola|0 fnt
|faint|p2a: Alomomola
|
|-damage|p1a: Iron Valiant|16/100 brn|[from] brn
|upkeep
|
|t:|1758321339
|switch|p2a: Honchkrow|Honchkrow, F|16/100
|turn|15
|
|t:|1758321345
|move|p2a: Honchkrow|Sucker Punch|p1a: Iron Valiant
|-resisted|p1a: Iron Valiant
|-damage|p1a: Iron Valiant|0 fnt
|faint|p1a: Iron Valiant
|-end|p1a: Iron Valiant|Quark Drive|[silent]
|-ability|p2a: Honchkrow|Moxie|boost
|-boost|p2a: Honchkrow|atk|1
|
|upkeep
|
|t:|1758321353
|switch|p1a: Kingambit|Kingambit, M|100/100
|-damage|p1a: Kingambit|94/100|[from] Stealth Rock
|-activate|p1a: Kingambit|ability: Supreme Overlord
|-start|p1a: Kingambit|fallen3|[silent]
|turn|16
|
|t:|1758321376
|-terastallize|p2a: Honchkrow|Ground
|move|p1a: Kingambit|Kowtow Cleave|p2a: Honchkrow
|-damage|p2a: Honchkrow|0 fnt
|faint|p2a: Honchkrow
|
|win|NaDHHH
|raw|NaDHHH's rating: 1260 &rarr; <strong>1286</strong><br />(+26 for winning)
|raw|xail44's rating: 1270 &rarr; <strong>1244</strong><br />(-26 for losing)
|l|☆NaDHHH
|player|p1|
|l|☆xail44
|player|p2|
