|j|☆nbsw
|j|‽CilenTreeco
|t:|1758256878
|gametype|singles
|player|p1|nbsw|101|1300
|player|p2|CilenTreeco|265|1272
|gen|9
|tier|[Gen 9] OU
|rated|
|rule|HP Percentage Mod: HP is shown in percentages
|rule|Endless Battle Clause: Forcing endless battles is banned
|rule|Species Clause: Limit one of each Pokémon
|rule|OHKO Clause: OHKO moves are banned
|rule|Evasion Items Clause: Evasion items are banned
|rule|Evasion Moves Clause: Evasion moves are banned
|rule|Evasion Abilities Clause: Evasion abilities are banned
|rule|Sleep Moves Clause: Sleep-inducing moves are banned
|clearpoke
|poke|p1|Raging Bolt|
|poke|p1|Pelipper, M|
|poke|p1|Zapdos|
|poke|p1|Ogerpon-Wellspring, F|
|poke|p1|Iron Treads|
|poke|p1|Clodsire, M|
|poke|p2|Gholdengo|
|poke|p2|Quaquaval, M|
|poke|p2|Armarouge, F|
|poke|p2|Goodra-Hisui, F|
|poke|p2|Toxicroak, F|
|poke|p2|Mamoswine, F|
|teampreview
|
|t:|1758256896
|teamsize|p1|6
|teamsize|p2|6
|start
|switch|p1a: Ogerpon|Ogerpon-Wellspring, F|100/100
|switch|p2a: Armarouge|Armarouge, F, shiny|100/100
|turn|1
|
|t:|1758256901
|switch|p2a: Toxicroak|Toxicroak, F|100/100
|move|p1a: Ogerpon|Ivy Cudgel|p2a: Toxicroak|[anim] Ivy Cudgel Water
|-immune|p2a: Toxicroak|[from] ability: Dry Skin
|
|upkeep
|turn|2
|
|t:|1758256904
|move|p1a: Ogerpon|U-turn|p2a: Toxicroak
|-resisted|p2a: Toxicroak
|-damage|p2a: Toxicroak|90/100
|
|t:|1758256909
|switch|p1a: Clodsire|Clodsire, M|100/100|[from] U-turn
|move|p2a: Toxicroak|Swords Dance|p2a: Toxicroak
|-boost|p2a: Toxicroak|atk|2
|
|upkeep
|turn|3
|
|t:|1758256914
|-terastallize|p2a: Toxicroak|Ground
|move|p2a: Toxicroak|Earthquake|p1a: Clodsire
|-supereffective|p1a: Clodsire
|-damage|p1a: Clodsire|0 fnt
|faint|p1a: Clodsire
|
|upkeep
|
|t:|1758256945
|switch|p1a: Ogerpon|Ogerpon-Wellspring, F|100/100
|turn|4
|
|t:|1758256951
|move|p1a: Ogerpon|Trailblaze|p2a: Toxicroak
|-supereffective|p2a: Toxicroak
|-damage|p2a: Toxicroak|0 fnt
|-boost|p1a: Ogerpon|spe|1
|faint|p2a: Toxicroak
|
|upkeep
|
|t:|1758256959
|switch|p2a: Goodra|Goodra-Hisui, F|100/100
|turn|5
|
|t:|1758256964
|move|p1a: Ogerpon|U-turn|p2a: Goodra
|-resisted|p2a: Goodra
|-damage|p2a: Goodra|87/100
|
|t:|1758256970
|switch|p1a: Pelipper|Pelipper, M|100/100|[from] U-turn
|-weather|RainDance|[from] ability: Drizzle|[of] p1a: Pelipper
|move|p2a: Goodra|Dragon Tail|p1a: Pelipper
|-damage|p1a: Pelipper|76/100
|drag|p1a: Zapdos|Zapdos|100/100
|
|-weather|RainDance|[upkeep]
|upkeep
|turn|6
|
|t:|1758256981
|move|p1a: Zapdos|U-turn|p2a: Goodra
|-resisted|p2a: Goodra
|-damage|p2a: Goodra|80/100
|
|t:|1758256988
|switch|p1a: Iron Treads|Iron Treads|100/100|[from] U-turn
|-enditem|p1a: Iron Treads|Booster Energy
|-activate|p1a: Iron Treads|ability: Quark Drive|[fromitem]
|-start|p1a: Iron Treads|quarkdrivespe
|move|p2a: Goodra|Knock Off|p1a: Iron Treads
|-damage|p1a: Iron Treads|85/100
|
|-weather|RainDance|[upkeep]
|upkeep
|turn|7
|
|t:|1758256997
|switch|p2a: Gholdengo|Gholdengo, shiny|100/100
|-item|p2a: Gholdengo|Air Balloon
|move|p1a: Iron Treads|Earthquake|p2a: Gholdengo
|-immune|p2a: Gholdengo
|
|-weather|RainDance|[upkeep]
|upkeep
|turn|8
|
|t:|1758257007
|move|p1a: Iron Treads|Heavy Slam|p2a: Gholdengo
|-resisted|p2a: Gholdengo
|-damage|p2a: Gholdengo|68/100
|-enditem|p2a: Gholdengo|Air Balloon
|move|p2a: Gholdengo|Focus Blast|p1a: Iron Treads
|-supereffective|p1a: Iron Treads
|-damage|p1a: Iron Treads|0 fnt
|faint|p1a: Iron Treads
|-end|p1a: Iron Treads|Quark Drive|[silent]
|
|-weather|RainDance|[upkeep]
|upkeep
|
|t:|1758257017
|switch|p1a: Ogerpon|Ogerpon-Wellspring, F|100/100
|turn|9
|
|t:|1758257026
|move|p1a: Ogerpon|Ivy Cudgel|p2a: Gholdengo|[anim] Ivy Cudgel Water
|-crit|p2a: Gholdengo
|-damage|p2a: Gholdengo|0 fnt
|faint|p2a: Gholdengo
|
|-weather|RainDance|[upkeep]
|upkeep
|
|t:|1758257034
|switch|p2a: Mamoswine|Mamoswine, F|100/100
|turn|10
|
|t:|1758257040
|-terastallize|p1a: Ogerpon|Water
|detailschange|p1a: Ogerpon|Ogerpon-Wellspring-Tera, F, tera:Water
|-ability|p1a: Ogerpon|Embody Aspect (Wellspring)|boost
|-boost|p1a: Ogerpon|spd|1
|move|p2a: Mamoswine|Icicle Crash|p1a: Ogerpon
|-resisted|p1a: Ogerpon
|-damage|p1a: Ogerpon|70/100
|move|p1a: Ogerpon|Ivy Cudgel|p2a: Mamoswine|[anim] Ivy Cudgel Water
|-supereffective|p2a: Mamoswine
|-damage|p2a: Mamoswine|0 fnt
|faint|p2a: Mamoswine
|
|-weather|RainDance|[upkeep]
|upkeep
|
|t:|1758257049
|switch|p2a: Quaquaval|Quaquaval, M|100/100
|turn|11
|
|t:|1758257055
|move|p1a: Ogerpon|Ivy Cudgel|p2a: Quaquaval|[anim] Ivy Cudgel Water
|-resisted|p2a: Quaquaval
|-crit|p2a: Quaquaval
|-damage|p2a: Quaquaval|0 fnt
|faint|p2a: Quaquaval
|
|-weather|RainDance|[upkeep]
|upkeep
|-message|CilenTreeco forfeited.
|
|win|nbsw
|raw|nbsw's rating: 1300 &rarr; <strong>1321</strong><br />(+21 for winning)
|raw|CilenTreeco's rating: 1246 &rarr; <strong>1225</strong><br />(-21 for losing)
|l|‽CilenTreeco
|player|p2|
|l|☆nbsw
|player|p1|
