|j|☆John Kritter
|j|☆Hunter_of_Keys
|t:|1758327517
|gametype|singles
|player|p1|John Kritter|pokemaniac|1443
|player|p2|Hunter_of_Keys|veteran|1412
|gen|9
|tier|[Gen 9] OU
|rated|
|rule|HP Percentage Mod: HP is shown in percentages
|rule|Endless Battle Clause: Forcing endless battles is banned
|rule|Species Clause: Limit one of each Pokémon
|rule|OHKO Clause: OHKO moves are banned
|rule|Evasion Items Clause: Evasion items are banned
|rule|Evasion Moves Clause: Evasion moves are banned
|rule|Evasion Abilities Clause: Evasion abilities are banned
|rule|Sleep Moves Clause: Sleep-inducing moves are banned
|clearpoke
|poke|p1|Torkoal, F|
|poke|p1|Walking Wake|
|poke|p1|Hatterene, F|
|poke|p1|Great Tusk|
|poke|p1|Ceruledge, F|
|poke|p1|Enamorus, F|
|poke|p2|Espeon, F|
|poke|p2|Indeedee, M|
|poke|p2|Armarouge, F|
|poke|p2|Gallade, M|
|poke|p2|Cresselia, F|
|poke|p2|Rabsca, F|
|teampreview
|inactive|Battle timer is ON: inactive players will automatically lose when time's up. (requested by Hunter_of_Keys)
|inactive|John Kritter also wants the timer to be on.
|
|t:|1758327524
|teamsize|p1|6
|teamsize|p2|6
|start
|switch|p1a: Torkoal|Torkoal, F|100/100
|switch|p2a: Indeedee|Indeedee, M|100/100
|-fieldstart|move: Psychic Terrain|[from] ability: Psychic Surge|[of] p2a: Indeedee
|-weather|SunnyDay|[from] ability: Drought|[of] p1a: Torkoal
|turn|1
|
|t:|1758327535
|switch|p2a: Espeon|Espeon, F|100/100
|switch|p1a: Hatterene|Hatterene, F, shiny|100/100
|
|-weather|SunnyDay|[upkeep]
|upkeep
|turn|2
|
|t:|1758327542
|move|p2a: Espeon|Psychic Noise|p1a: Hatterene
|-resisted|p1a: Hatterene
|-damage|p1a: Hatterene|79/100
|-start|p1a: Hatterene|move: Heal Block
|-enditem|p1a: Hatterene|Eject Button
|
|t:|1758327552
|switch|p1a: Walking Wake|Walking Wake|100/100
|-activate|p1a: Walking Wake|ability: Protosynthesis
|-start|p1a: Walking Wake|protosynthesisspa
|
|-weather|SunnyDay|[upkeep]
|upkeep
|turn|3
|
|t:|1758327558
|move|p1a: Walking Wake|Hydro Steam|p2a: Espeon
|-damage|p2a: Espeon|0 fnt
|faint|p2a: Espeon
|
|-weather|SunnyDay|[upkeep]
|upkeep
|
|t:|1758327562
|switch|p2a: Gallade|Gallade, M|100/100
|turn|4
|
|t:|1758327567
|-end|p1a: Walking Wake|Protosynthesis|[silent]
|switch|p1a: Hatterene|Hatterene, F, shiny|79/100
|move|p2a: Gallade|Psycho Cut|p1a: Hatterene
|-resisted|p1a: Hatterene
|-crit|p1a: Hatterene
|-damage|p1a: Hatterene|28/100
|
|-weather|SunnyDay|[upkeep]
|upkeep
|turn|5
|
|t:|1758327576
|-terastallize|p1a: Hatterene|Steel
|move|p2a: Gallade|Psycho Cut|p1a: Hatterene
|-resisted|p1a: Hatterene
|-damage|p1a: Hatterene|0 fnt
|faint|p1a: Hatterene
|
|-weather|SunnyDay|[upkeep]
|upkeep
|
|t:|1758327583
|switch|p1a: Enamorus|Enamorus, F|100/100
|turn|6
|
|t:|1758327586
|move|p1a: Enamorus|Moonblast|p2a: Gallade
|-supereffective|p2a: Gallade
|-enditem|p2a: Gallade|Focus Sash
|-damage|p2a: Gallade|1/100
|move|p2a: Gallade|Psycho Cut|p1a: Enamorus
|-damage|p1a: Enamorus|0 fnt
|faint|p1a: Enamorus
|
|-weather|SunnyDay|[upkeep]
|upkeep
|
|t:|1758327596
|switch|p1a: Ceruledge|Ceruledge, F|100/100
|turn|7
|
|t:|1758327609
|switch|p2a: Cresselia|Cresselia, F|100/100
|move|p1a: Ceruledge|Bitter Blade|p2a: Cresselia
|-damage|p2a: Cresselia|56/100
|-damage|p1a: Ceruledge|84/100|[from] item: Rocky Helmet|[of] p2a: Cresselia
|
|-weather|SunnyDay|[upkeep]
|upkeep
|turn|8
|
|t:|1758327617
|move|p1a: Ceruledge|Swords Dance|p1a: Ceruledge
|-boost|p1a: Ceruledge|atk|2
|move|p2a: Cresselia|Thunder Wave|p1a: Ceruledge
|-status|p1a: Ceruledge|par
|
|-weather|none
|-fieldend|move: Psychic Terrain
|upkeep
|turn|9
|
|t:|1758327626
|move|p2a: Cresselia|Lunar Dance|p2a: Cresselia
|faint|p2a: Cresselia
|move|p1a: Ceruledge|Bitter Blade|p2: Cresselia|[notarget]
|-fail|p1a: Ceruledge
|
|upkeep
|
|t:|1758327629
|switch|p2a: Indeedee|Indeedee, M|100/100
|-fieldstart|move: Psychic Terrain|[from] ability: Psychic Surge|[of] p2a: Indeedee
|turn|10
|
|t:|1758327635
|switch|p2a: Armarouge|Armarouge, F|100/100
|cant|p1a: Ceruledge|par
|
|upkeep
|turn|11
|
|t:|1758327646
|switch|p1a: Torkoal|Torkoal, F|100/100
|-weather|SunnyDay|[from] ability: Drought|[of] p1a: Torkoal
|move|p2a: Armarouge|Endure||[still]
|-fail|p2a: Armarouge
|
|-weather|SunnyDay|[upkeep]
|upkeep
|turn|12
|
|t:|1758327654
|move|p2a: Armarouge|Expanding Force|p1a: Torkoal
|-damage|p1a: Torkoal|0 fnt
|faint|p1a: Torkoal
|
|-weather|SunnyDay|[upkeep]
|upkeep
|
|t:|1758327657
|switch|p1a: Walking Wake|Walking Wake|100/100
|-activate|p1a: Walking Wake|ability: Protosynthesis
|-start|p1a: Walking Wake|protosynthesisspa
|turn|13
|
|t:|1758327660
|move|p1a: Walking Wake|Hydro Steam|p2a: Armarouge
|-supereffective|p2a: Armarouge
|-damage|p2a: Armarouge|0 fnt
|faint|p2a: Armarouge
|
|-weather|SunnyDay|[upkeep]
|upkeep
|
|t:|1758327664
|switch|p2a: Rabsca|Rabsca, F|100/100
|turn|14
|
|t:|1758327666
|-terastallize|p2a: Rabsca|Water
|move|p1a: Walking Wake|Hydro Steam|p2a: Rabsca
|-resisted|p2a: Rabsca
|-damage|p2a: Rabsca|49/100
|move|p2a: Rabsca|Revival Blessing|p2a: Rabsca
|-enditem|p2a: Rabsca|Leppa Berry|[eat]
|-activate|p2a: Rabsca|item: Leppa Berry|Revival Blessing|[consumed]
|
|t:|1758327673
|-heal|p2: Cresselia|50/100|[from] move: Revival Blessing
|
|-weather|SunnyDay|[upkeep]
|upkeep
|turn|15
|
|t:|1758327687
|move|p1a: Walking Wake|Hydro Steam|p2a: Rabsca
|-resisted|p2a: Rabsca
|-crit|p2a: Rabsca
|-damage|p2a: Rabsca|0 fnt
|faint|p2a: Rabsca
|
|-weather|SunnyDay|[upkeep]
|upkeep
|
|t:|1758327691
|switch|p2a: Cresselia|Cresselia, F|50/100
|-heal|p2a: Cresselia|100/100|[from] move: Lunar Dance
|turn|16
|
|t:|1758327698
|-end|p1a: Walking Wake|Protosynthesis|[silent]
|switch|p1a: Ceruledge|Ceruledge, F|84/100 par
|move|p2a: Cresselia|Thunder Wave|p1a: Ceruledge
|-fail|p1a: Ceruledge|par
|
|-weather|SunnyDay|[upkeep]
|upkeep
|turn|17
|
|t:|1758327706
|switch|p2a: Gallade|Gallade, M|1/100
|move|p1a: Ceruledge|Swords Dance|p1a: Ceruledge
|-boost|p1a: Ceruledge|atk|2
|
|-weather|SunnyDay|[upkeep]
|-fieldend|move: Psychic Terrain
|upkeep
|turn|18
|
|t:|1758327711
|move|p1a: Ceruledge|Shadow Sneak|p2a: Gallade
|-supereffective|p2a: Gallade
|-damage|p2a: Gallade|0 fnt
|faint|p2a: Gallade
|
|-weather|none
|upkeep
|
|t:|1758327713
|switch|p2a: Indeedee|Indeedee, M|100/100
|-fieldstart|move: Psychic Terrain|[from] ability: Psychic Surge|[of] p2a: Indeedee
|turn|19
|
|t:|1758327717
|move|p2a: Indeedee|Expanding Force|p1a: Ceruledge
|-damage|p1a: Ceruledge|0 fnt
|faint|p1a: Ceruledge
|
|upkeep
|
|t:|1758327723
|switch|p1a: Walking Wake|Walking Wake|100/100
|turn|20
|
|t:|1758327729
|move|p1a: Walking Wake|Draco Meteor|p2a: Indeedee
|-damage|p2a: Indeedee|0 fnt
|-unboost|p1a: Walking Wake|spa|2
|faint|p2a: Indeedee
|
|upkeep
|
|t:|1758327731
|switch|p2a: Cresselia|Cresselia, F|100/100
|turn|21
|
|t:|1758327735
|-end|p1a: Walking Wake|Protosynthesis|[silent]
|switch|p1a: Don|Great Tusk, shiny|100/100
|move|p2a: Cresselia|Ice Beam|p1a: Don
|-supereffective|p1a: Don
|-damage|p1a: Don|55/100
|
|upkeep
|turn|22
|
|t:|1758327744
|move|p1a: Don|Ice Spinner|p2a: Cresselia
|-damage|p2a: Cresselia|84/100
|-damage|p1a: Don|38/100|[from] item: Rocky Helmet|[of] p2a: Cresselia
|-fieldend|move: Psychic Terrain
|move|p2a: Cresselia|Ice Beam|p1a: Don
|-supereffective|p1a: Don
|-damage|p1a: Don|0 fnt
|faint|p1a: Don
|-end|p1a: Don|Protosynthesis|[silent]
|
|upkeep
|
|t:|1758327749
|switch|p1a: Walking Wake|Walking Wake|100/100
|turn|23
|
|t:|1758327755
|move|p1a: Walking Wake|Dragon Pulse|p2a: Cresselia
|-damage|p2a: Cresselia|40/100
|move|p2a: Cresselia|Thunder Wave|p1a: Walking Wake
|-status|p1a: Walking Wake|par
|
|upkeep
|turn|24
|
|t:|1758327760
|move|p2a: Cresselia|Ice Beam|p1a: Walking Wake
|-damage|p1a: Walking Wake|82/100 par
|cant|p1a: Walking Wake|par
|
|upkeep
|turn|25
|
|t:|1758327764
|move|p2a: Cresselia|Ice Beam|p1a: Walking Wake
|-damage|p1a: Walking Wake|61/100 par
|cant|p1a: Walking Wake|par
|
|upkeep
|turn|26
|
|t:|1758327770
|move|p2a: Cresselia|Ice Beam|p1a: Walking Wake
|-crit|p1a: Walking Wake
|-damage|p1a: Walking Wake|34/100 par
|cant|p1a: Walking Wake|par
|
|upkeep
|turn|27
|
|t:|1758327774
|move|p2a: Cresselia|Ice Beam|p1a: Walking Wake
|-damage|p1a: Walking Wake|13/100 par
|cant|p1a: Walking Wake|par
|
|upkeep
|turn|28
|
|t:|1758327779
|move|p2a: Cresselia|Ice Beam|p1a: Walking Wake
|-crit|p1a: Walking Wake
|-damage|p1a: Walking Wake|0 fnt
|faint|p1a: Walking Wake
|-end|p1a: Walking Wake|Protosynthesis|[silent]
|
|win|Hunter_of_Keys
|raw|John Kritter's rating: 1443 &rarr; <strong>1421</strong><br />(-22 for losing)
|raw|Hunter_of_Keys's rating: 1412 &rarr; <strong>1434</strong><br />(+22 for winning)
|l|☆John Kritter
|player|p1|
|l|☆Hunter_of_Keys
|player|p2|
