|j|☆Lord Spink
|j|☆basedraybans
|t:|1758257005
|gametype|singles
|player|p1|Lord Spink|2|1248
|player|p2|basedraybans|265|1214
|gen|9
|tier|[Gen 9] OU
|rated|
|rule|HP Percentage Mod: HP is shown in percentages
|rule|Endless Battle Clause: Forcing endless battles is banned
|rule|Species Clause: Limit one of each Pokémon
|rule|OHKO Clause: OHKO moves are banned
|rule|Evasion Items Clause: Evasion items are banned
|rule|Evasion Moves Clause: Evasion moves are banned
|rule|Evasion Abilities Clause: Evasion abilities are banned
|rule|Sleep Moves Clause: Sleep-inducing moves are banned
|clearpoke
|poke|p1|Samurott-Hisui, M|
|poke|p1|Arcanine, M|
|poke|p1|Hatterene, F|
|poke|p1|Glimmora, F|
|poke|p1|Forretress, F|
|poke|p1|Porygon-Z|
|poke|p2|Tyranitar, M|
|poke|p2|Iron Thorns|
|poke|p2|Sinistcha|
|poke|p2|Slowking-Galar, M|
|poke|p2|Scizor, F|
|poke|p2|Greninja-*, M|
|teampreview
|inactive|Battle timer is ON: inactive players will automatically lose when time's up. (requested by basedraybans)
|
|t:|1758257019
|teamsize|p1|6
|teamsize|p2|6
|start
|switch|p1a: Big Samuel|Samurott-Hisui, M|100/100
|switch|p2a: Tyranitar|Tyranitar, M|100/100
|-weather|Sandstorm|[from] ability: Sand Stream|[of] p2a: Tyranitar
|turn|1
|
|t:|1758257029
|switch|p2a: Scizor|Scizor, F|100/100
|move|p1a: Big Samuel|Sacred Sword|p2a: Scizor
|-damage|p2a: Scizor|61/100
|
|-weather|Sandstorm|[upkeep]
|-damage|p1a: Big Samuel|94/100|[from] Sandstorm
|upkeep
|turn|2
|
|t:|1758257038
|move|p1a: Big Samuel|Drill Run|p2a: Scizor
|-damage|p2a: Scizor|35/100
|-enditem|p2a: Scizor|Sitrus Berry|[eat]
|-heal|p2a: Scizor|60/100|[from] item: Sitrus Berry
|move|p2a: Scizor|U-turn|p1a: Big Samuel
|-supereffective|p1a: Big Samuel
|-damage|p1a: Big Samuel|0 fnt
|faint|p1a: Big Samuel
|
|t:|1758257063
|switch|p2a: Iron Thorns|Iron Thorns|100/100|[from] U-turn
|
|-weather|Sandstorm|[upkeep]
|upkeep
|
|t:|1758257074
|switch|p1a: Big Gemma|Glimmora, F|100/100
|turn|3
|
|t:|1758257099
|-end|p2a: Iron Thorns|Quark Drive|[silent]
|switch|p2a: Tyranitar|Tyranitar, M|100/100
|move|p1a: Big Gemma|Earth Power|p2a: Tyranitar
|-supereffective|p2a: Tyranitar
|-damage|p2a: Tyranitar|40/100
|
|-weather|Sandstorm|[upkeep]
|upkeep
|turn|4
|
|t:|1758257113
|move|p1a: Big Gemma|Earth Power|p2a: Tyranitar
|-supereffective|p2a: Tyranitar
|-crit|p2a: Tyranitar
|-damage|p2a: Tyranitar|0 fnt
|faint|p2a: Tyranitar
|
|-weather|Sandstorm|[upkeep]
|upkeep
|
|t:|1758257118
|switch|p2a: Scizor|Scizor, F|60/100
|turn|5
|
|t:|1758257123
|switch|p1a: Big Francesca|Forretress, F|100/100
|move|p2a: Scizor|Bullet Punch|p1a: Big Francesca
|-resisted|p1a: Big Francesca
|-damage|p1a: Big Francesca|91/100
|-damage|p2a: Scizor|43/100|[from] item: Rocky Helmet|[of] p1a: Big Francesca
|
|-weather|none
|upkeep
|turn|6
|
|t:|1758257132
|switch|p2a: Slowking|Slowking-Galar, M|100/100
|move|p1a: Big Francesca|Stealth Rock|p2a: Slowking
|-sidestart|p2: basedraybans|move: Stealth Rock
|
|upkeep
|turn|7
|
|t:|1758257138
|move|p1a: Big Francesca|Thunder Wave|p2a: Slowking
|-status|p2a: Slowking|par
|cant|p2a: Slowking|par
|
|upkeep
|turn|8
|
|t:|1758257146
|switch|p1a: Big Gemma|Glimmora, F|100/100
|move|p2a: Slowking|Flamethrower|p1a: Big Gemma
|-resisted|p1a: Big Gemma
|-damage|p1a: Big Gemma|82/100
|
|upkeep
|turn|9
|
|t:|1758257154
|move|p1a: Big Gemma|Earth Power|p2a: Slowking
|-supereffective|p2a: Slowking
|-damage|p2a: Slowking|26/100 par
|cant|p2a: Slowking|par
|
|upkeep
|turn|10
|
|t:|1758257160
|move|p1a: Big Gemma|Earth Power|p2a: Slowking
|-supereffective|p2a: Slowking
|-damage|p2a: Slowking|0 fnt
|faint|p2a: Slowking
|
|upkeep
|
|t:|1758257161
|switch|p2a: Greninja|Greninja, M|100/100
|-damage|p2a: Greninja|88/100|[from] Stealth Rock
|turn|11
|
|t:|1758257186
|-terastallize|p2a: Greninja|Water
|-terastallize|p1a: Big Gemma|Grass
|move|p2a: Greninja|Surf|p1a: Big Gemma
|-resisted|p1a: Big Gemma
|-damage|p1a: Big Gemma|32/100
|-damage|p2a: Greninja|78/100|[from] item: Life Orb
|move|p1a: Big Gemma|Earth Power|p2a: Greninja
|-damage|p2a: Greninja|0 fnt
|faint|p2a: Greninja
|
|upkeep
|-message|basedraybans forfeited.
|
|win|Lord Spink
|raw|Lord Spink's rating: 1248 &rarr; <strong>1271</strong><br />(+23 for winning)
|raw|basedraybans's rating: 1214 &rarr; <strong>1191</strong><br />(-23 for losing)
|l|☆basedraybans
|player|p2|
|l|☆Lord Spink
|player|p1|
