|j|☆razzourus
|j|☆federal government
|inactive|Battle timer is ON: inactive players will automatically lose when time's up.
|t:|1758310583
|gametype|singles
|player|p1|razzourus|palmer|
|player|p2|federal government|169|
|gen|9
|tier|[Gen 9] OU
|rated|Tournament battle
|rule|HP Percentage Mod: HP is shown in percentages
|rule|Endless Battle Clause: Forcing endless battles is banned
|rule|Species Clause: Limit one of each Pokémon
|rule|OHKO Clause: OHKO moves are banned
|rule|Evasion Items Clause: Evasion items are banned
|rule|Evasion Moves Clause: Evasion moves are banned
|rule|Evasion Abilities Clause: Evasion abilities are banned
|rule|Sleep Moves Clause: Sleep-inducing moves are banned
|clearpoke
|poke|p1|Dondozo, F|
|poke|p1|Blissey, F|
|poke|p1|Corviknight, M|
|poke|p1|Weezing-Galar, M|
|poke|p1|Gliscor, M|
|poke|p1|Toxapex, F|
|poke|p2|Kyurem|
|poke|p2|Corviknight, F|
|poke|p2|Zamazenta-*|
|poke|p2|Rillaboom, F|
|poke|p2|Gholdengo|
|poke|p2|Deoxys-Speed|
|teampreview
|j|*Lady Monita ☀
|inactive|razzourus also wants the timer to be on.
|
|t:|1758310603
|teamsize|p1|6
|teamsize|p2|6
|start
|switch|p1a: Blissey|Blissey, F|100/100
|switch|p2a: Deoxys|Deoxys-Speed|100/100
|-ability|p2a: Deoxys|Pressure
|turn|1
|
|t:|1758310607
|move|p2a: Deoxys|Taunt|p1a: Blissey
|-start|p1a: Blissey|move: Taunt
|cant|p1a: Blissey|move: Taunt|Stealth Rock
|
|upkeep
|turn|2
|
|t:|1758310619
|switch|p1a: Gliscor|Gliscor, M|100/100
|move|p2a: Deoxys|Stealth Rock|p1a: Gliscor
|-sidestart|p1: razzourus|move: Stealth Rock
|
|-status|p1a: Gliscor|tox|[from] item: Toxic Orb
|upkeep
|turn|3
|
|t:|1758310624
|move|p2a: Deoxys|Taunt|p1a: Gliscor
|-start|p1a: Gliscor|move: Taunt
|move|p1a: Gliscor|Knock Off|p2a: Deoxys
|-supereffective|p2a: Deoxys
|-damage|p2a: Deoxys|46/100
|-enditem|p2a: Deoxys|Focus Sash|[from] move: Knock Off|[of] p1a: Gliscor
|
|upkeep
|turn|4
|
|t:|1758310630
|move|p2a: Deoxys|Spikes|p1a: Gliscor
|-sidestart|p1: razzourus|Spikes
|move|p1a: Gliscor|Knock Off|p2a: Deoxys
|-supereffective|p2a: Deoxys
|-damage|p2a: Deoxys|11/100
|
|upkeep
|turn|5
|
|t:|1758310639
|switch|p2a: Corviknight|Corviknight, F|100/100
|-ability|p2a: Corviknight|Unnerve
|move|p1a: Gliscor|Knock Off|p2a: Corviknight
|-crit|p2a: Corviknight
|-damage|p2a: Corviknight|82/100
|-damage|p1a: Gliscor|84/100 tox|[from] item: Rocky Helmet|[of] p2a: Corviknight
|-enditem|p2a: Corviknight|Rocky Helmet|[from] move: Knock Off|[of] p1a: Gliscor
|
|-heal|p1a: Gliscor|97/100 tox|[from] ability: Poison Heal
|-end|p1a: Gliscor|move: Taunt
|upkeep
|turn|6
|
|t:|1758310652
|switch|p2a: Kyurem|Kyurem|100/100
|-ability|p2a: Kyurem|Pressure
|move|p1a: Gliscor|Protect||[still]
|-fail|p1a: Gliscor
|
|-heal|p1a: Gliscor|100/100 tox|[from] ability: Poison Heal
|upkeep
|turn|7
|inactive|razzourus has 120 seconds left.
|
|t:|1758310701
|switch|p1a: Toxapex|Toxapex, F|100/100
|-damage|p1a: Toxapex|88/100|[from] Stealth Rock
|-damage|p1a: Toxapex|75/100|[from] Spikes
|move|p2a: Kyurem|Freeze-Dry|p1a: Toxapex
|-supereffective|p1a: Toxapex
|-damage|p1a: Toxapex|6/100
|
|-heal|p1a: Toxapex|13/100|[from] item: Leftovers
|upkeep
|turn|8
|inactive|razzourus has 90 seconds left.
|
|t:|1758310740
|switch|p1a: Blissey|Blissey, F|100/100
|-damage|p1a: Blissey|88/100|[from] Stealth Rock
|-damage|p1a: Blissey|75/100|[from] Spikes
|move|p2a: Kyurem|Freeze-Dry|p1a: Blissey
|-damage|p1a: Blissey|58/100
|
|-heal|p1a: Blissey|64/100|[from] item: Leftovers
|upkeep
|turn|9
|
|t:|1758310765
|switch|p2a: Zamazenta|Zamazenta|100/100
|-ability|p2a: Zamazenta|Dauntless Shield|boost
|-boost|p2a: Zamazenta|def|1
|move|p1a: Blissey|Soft-Boiled|p1a: Blissey
|-heal|p1a: Blissey|100/100
|
|upkeep
|turn|10
|
|t:|1758310781
|switch|p2a: Gholdengo|Gholdengo|100/100
|switch|p1a: Weezing|Weezing-Galar, M|100/100
|-ability|p1a: Weezing|Neutralizing Gas
|
|upkeep
|turn|11
|
|t:|1758310791
|move|p2a: Gholdengo|Nasty Plot|p2a: Gholdengo
|-boost|p2a: Gholdengo|spa|2
|move|p1a: Weezing|Defog|p2a: Gholdengo
|-unboost|p2a: Gholdengo|evasion|1
|-sideend|p1: razzourus|Spikes|[from] move: Defog|[of] p1a: Weezing
|-sideend|p1: razzourus|Stealth Rock|[from] move: Defog|[of] p1a: Weezing
|
|upkeep
|turn|12
|inactive|razzourus has 60 seconds left.
|
|t:|1758310837
|move|p2a: Gholdengo|Nasty Plot|p2a: Gholdengo
|-boost|p2a: Gholdengo|spa|2
|move|p1a: Weezing|Strange Steam|p2a: Gholdengo
|-resisted|p2a: Gholdengo
|-damage|p2a: Gholdengo|92/100
|
|-heal|p2a: Gholdengo|98/100|[from] item: Leftovers
|upkeep
|turn|13
|inactive|razzourus has 30 seconds left.
|
|t:|1758310868
|-end|p1a: Weezing|ability: Neutralizing Gas
|switch|p1a: Toxapex|Toxapex, F|46/100
|move|p2a: Gholdengo|Make It Rain|p1a: Toxapex
|-resisted|p1a: Toxapex
|-damage|p1a: Toxapex|0 fnt
|-unboost|p2a: Gholdengo|spa|1
|faint|p1a: Toxapex
|
|-heal|p2a: Gholdengo|100/100|[from] item: Leftovers
|upkeep
|inactive|razzourus has 30 seconds left this turn.
|
|t:|1758310875
|switch|p1a: Weezing|Weezing-Galar, M|100/100
|-ability|p1a: Weezing|Neutralizing Gas
|turn|14
|
|t:|1758310879
|move|p2a: Gholdengo|Make It Rain|p1a: Weezing
|-supereffective|p1a: Weezing
|-damage|p1a: Weezing|0 fnt
|-unboost|p2a: Gholdengo|spa|1
|faint|p1a: Weezing
|-end|p1a: Weezing|ability: Neutralizing Gas
|
|upkeep
|inactive|razzourus has 30 seconds left.
|
|t:|1758310896
|switch|p1a: Gliscor|Gliscor, M|100/100 tox
|turn|15
|
|t:|1758310904
|move|p1a: Gliscor|Earthquake|p2a: Gholdengo
|-supereffective|p2a: Gholdengo
|-damage|p2a: Gholdengo|37/100
|move|p2a: Gholdengo|Make It Rain|p1a: Gliscor
|-crit|p1a: Gliscor
|-damage|p1a: Gliscor|0 fnt
|-unboost|p2a: Gholdengo|spa|1
|faint|p1a: Gliscor
|
|-heal|p2a: Gholdengo|43/100|[from] item: Leftovers
|upkeep
|j| Albrtix
|
|t:|1758310911
|switch|p1a: Dondozo|Dondozo, F|100/100
|turn|16
|
|t:|1758310917
|move|p2a: Gholdengo|Recover|p2a: Gholdengo
|-heal|p2a: Gholdengo|93/100
|move|p1a: Dondozo|Body Press|p2a: Gholdengo
|-immune|p2a: Gholdengo
|
|-heal|p2a: Gholdengo|99/100|[from] item: Leftovers
|upkeep
|turn|17
|c|☆razzourus|i have a confession
|c|☆razzourus|im not as good as I was saying
|c|☆razzourus|can you forfeit
|c|☆razzourus|so everyone in the chat
|c|☆razzourus|thinks im cool
|inactive|razzourus has 30 seconds left.
|c|☆razzourus|its that or im going to lie
|c|☆razzourus|and say my cat died mid game
|inactive|razzourus has 20 seconds left.
|c|☆razzourus|and u didnt wait
|inactive|razzourus has 15 seconds left.
|
|t:|1758310953
|move|p2a: Gholdengo|Shadow Ball|p1a: Dondozo
|-damage|p1a: Dondozo|66/100
|-unboost|p1a: Dondozo|spd|1
|move|p1a: Dondozo|Body Press|p2a: Gholdengo
|-immune|p2a: Gholdengo
|
|-heal|p2a: Gholdengo|100/100|[from] item: Leftovers
|-heal|p1a: Dondozo|72/100|[from] item: Leftovers
|upkeep
|turn|18
|inactive|razzourus has 25 seconds left this turn.
|inactive|razzourus has 20 seconds left.
|
|t:|1758310960
|move|p2a: Gholdengo|Shadow Ball|p1a: Dondozo
|-damage|p1a: Dondozo|23/100
|move|p1a: Dondozo|Avalanche|p2a: Gholdengo
|-resisted|p2a: Gholdengo
|-damage|p2a: Gholdengo|88/100
|
|-heal|p2a: Gholdengo|94/100|[from] item: Leftovers
|-heal|p1a: Dondozo|29/100|[from] item: Leftovers
|upkeep
|turn|19
|inactive|razzourus has 30 seconds left this turn.
|
|t:|1758310966
|move|p2a: Gholdengo|Shadow Ball|p1a: Dondozo
|-crit|p1a: Dondozo
|-damage|p1a: Dondozo|0 fnt
|faint|p1a: Dondozo
|
|-heal|p2a: Gholdengo|99/100|[from] item: Leftovers
|upkeep
|inactive|razzourus has 30 seconds left this turn.
|-message|razzourus forfeited.
|
|win|federal government
|n|☆razzourus|razzourus
|n|☆federal government|federalgovernment
|n|*Lady Monita ☀|ladymonita
|n| Albrtix|albrtix
|l|*Lady Monita ☀
|l|☆razzourus
|player|p1|
|l|☆federal government
|player|p2|
