|j|☆TheTheyThemler
|j|☆attttt~Acandy
|t:|1758242024
|gametype|singles
|player|p1|TheTheyThemler|n|1076
|player|p2|attttt~Acandy|dawn-gen4pt|1088
|gen|9
|tier|[Gen 9] OU
|rated|
|rule|HP Percentage Mod: HP is shown in percentages
|rule|Endless Battle Clause: Forcing endless battles is banned
|rule|Species Clause: Limit one of each Pokémon
|rule|OHKO Clause: OHKO moves are banned
|rule|Evasion Items Clause: Evasion items are banned
|rule|Evasion Moves Clause: Evasion moves are banned
|rule|Evasion Abilities Clause: Evasion abilities are banned
|rule|Sleep Moves Clause: Sleep-inducing moves are banned
|clearpoke
|poke|p1|Charjabug, F|
|poke|p1|Ceruledge, F|
|poke|p1|Gholdengo|
|poke|p1|Umbreon, F|
|poke|p1|Great Tusk|
|poke|p1|Kyurem|
|poke|p2|Meowscarada, M|
|poke|p2|Garganacl, M|
|poke|p2|Walking Wake|
|poke|p2|Dragapult, M|
|poke|p2|Zapdos|
|poke|p2|Tinkaton, F|
|teampreview
|inactive|Battle timer is ON: inactive players will automatically lose when time's up. (requested by attttt~Acandy)
|
|t:|1758242055
|teamsize|p1|6
|teamsize|p2|6
|start
|switch|p1a: 🚍|Charjabug, F, shiny|100/100
|switch|p2a: Dragapult|Dragapult, M|100/100
|turn|1
|
|t:|1758242076
|move|p2a: Dragapult|Outrage|p1a: 🚍
|-damage|p1a: 🚍|58/100
|move|p1a: 🚍|Sticky Web|p2a: Dragapult
|-sidestart|p2: attttt~Acandy|move: Sticky Web
|
|upkeep
|turn|2
|
|t:|1758242085
|move|p2a: Dragapult|Outrage|p1a: 🚍|[from] lockedmove
|-damage|p1a: 🚍|18/100
|-start|p2a: Dragapult|confusion|[fatigue]
|move|p1a: 🚍|Thunder Wave|p2a: Dragapult
|-status|p2a: Dragapult|par
|
|upkeep
|turn|3
|
|t:|1758242091
|-activate|p2a: Dragapult|confusion
|move|p2a: Dragapult|Outrage|p1a: 🚍
|-damage|p1a: 🚍|0 fnt
|faint|p1a: 🚍
|
|upkeep
|
|t:|1758242102
|switch|p1a: 🐘|Great Tusk, shiny|100/100
|turn|4
|
|t:|1758242108
|move|p1a: 🐘|Knock Off|p2a: Dragapult
|-supereffective|p2a: Dragapult
|-damage|p2a: Dragapult|24/100 par
|-enditem|p2a: Dragapult|Choice Band|[from] move: Knock Off|[of] p1a: 🐘
|-activate|p2a: Dragapult|confusion
|move|p2a: Dragapult|Outrage|p1a: 🐘|[from] lockedmove
|-crit|p1a: 🐘
|-damage|p1a: 🐘|54/100
|
|-heal|p1a: 🐘|60/100|[from] item: Leftovers
|upkeep
|turn|5
|inactive|TheTheyThemler has 120 seconds left.
|
|t:|1758242138
|switch|p2a: Zapdos|Zapdos|100/100
|move|p1a: 🐘|Earthquake|p2a: Zapdos
|-immune|p2a: Zapdos
|
|-heal|p1a: 🐘|67/100|[from] item: Leftovers
|upkeep
|turn|6
|
|t:|1758242144
|-end|p1a: 🐘|Protosynthesis|[silent]
|switch|p1a: 🐈‍⬛|Umbreon, F, shiny|100/100
|move|p2a: Zapdos|Hurricane|p1a: 🐈‍⬛|[miss]
|-miss|p2a: Zapdos|p1a: 🐈‍⬛
|
|upkeep
|turn|7
|
|t:|1758242153
|move|p2a: Zapdos|Thunderbolt|p1a: 🐈‍⬛
|-damage|p1a: 🐈‍⬛|78/100
|move|p1a: 🐈‍⬛|Toxic|p2a: Zapdos
|-status|p2a: Zapdos|tox
|
|-heal|p1a: 🐈‍⬛|84/100|[from] item: Leftovers
|-damage|p2a: Zapdos|94/100 tox|[from] psn
|upkeep
|turn|8
|
|t:|1758242158
|move|p2a: Zapdos|Volt Switch|p1a: 🐈‍⬛
|-damage|p1a: 🐈‍⬛|65/100
|
|t:|1758242163
|switch|p2a: Walking Wake|Walking Wake|100/100|[from] Volt Switch
|-activate|p2a: Walking Wake|move: Sticky Web
|-unboost|p2a: Walking Wake|spe|1
|-enditem|p2a: Walking Wake|Booster Energy
|-activate|p2a: Walking Wake|ability: Protosynthesis|[fromitem]
|-start|p2a: Walking Wake|protosynthesisspa
|move|p1a: 🐈‍⬛|Wish|p1a: 🐈‍⬛
|
|-heal|p1a: 🐈‍⬛|71/100|[from] item: Leftovers
|upkeep
|turn|9
|
|t:|1758242173
|move|p2a: Walking Wake|Draco Meteor|p1a: 🐈‍⬛
|-damage|p1a: 🐈‍⬛|26/100
|-unboost|p2a: Walking Wake|spa|2
|move|p1a: 🐈‍⬛|Toxic|p2a: Walking Wake
|-status|p2a: Walking Wake|tox
|
|-heal|p1a: 🐈‍⬛|76/100|[from] move: Wish|[wisher] 🐈‍⬛
|-heal|p1a: 🐈‍⬛|82/100|[from] item: Leftovers
|-damage|p2a: Walking Wake|94/100 tox|[from] psn
|upkeep
|turn|10
|-message|attttt~Acandy forfeited.
|
|win|TheTheyThemler
|raw|TheTheyThemler's rating: 1076 &rarr; <strong>1106</strong><br />(+30 for winning)
|raw|attttt~Acandy's rating: 1088 &rarr; <strong>1064</strong><br />(-24 for losing)
|l|☆attttt~Acandy
|player|p2|
|l|☆TheTheyThemler
|player|p1|
