|j|☆LonelySxNner
|j|☆TapuTeao
|t:|1758276372
|gametype|singles
|player|p1|LonelySxNner|picnicker|1385
|player|p2|TapuTeao|170|1406
|gen|9
|tier|[Gen 9] OU
|rated|
|rule|HP Percentage Mod: HP is shown in percentages
|rule|Endless Battle Clause: Forcing endless battles is banned
|rule|Species Clause: Limit one of each Pokémon
|rule|OHKO Clause: OHKO moves are banned
|rule|Evasion Items Clause: Evasion items are banned
|rule|Evasion Moves Clause: Evasion moves are banned
|rule|Evasion Abilities Clause: Evasion abilities are banned
|rule|Sleep Moves Clause: Sleep-inducing moves are banned
|clearpoke
|poke|p1|Meloetta|
|poke|p1|Garchomp, M|
|poke|p1|Ceruledge, F|
|poke|p1|Grimmsnarl, M|
|poke|p1|Greninja-*, M|
|poke|p1|Cinderace, M|
|poke|p2|Necrozma|
|poke|p2|Kingambit, M|
|poke|p2|Samurott-Hisui, F|
|poke|p2|Iron Treads|
|poke|p2|Pecharunt|
|poke|p2|Enamorus, F|
|teampreview
|inactive|Battle timer is ON: inactive players will automatically lose when time's up. (requested by LonelySxNner)
|
|t:|1758276383
|teamsize|p1|6
|teamsize|p2|6
|start
|switch|p1a: Garchomp|Garchomp, M|100/100
|switch|p2a: Kingambit|Kingambit, M|100/100
|turn|1
|
|t:|1758276389
|move|p1a: Garchomp|Rock Tomb|p2a: Kingambit
|-resisted|p2a: Kingambit
|-damage|p2a: Kingambit|95/100
|-unboost|p2a: Kingambit|spe|1
|move|p2a: Kingambit|Kowtow Cleave|p1a: Garchomp
|-damage|p1a: Garchomp|51/100
|-damage|p2a: Kingambit|82/100|[from] ability: Rough Skin|[of] p1a: Garchomp
|
|upkeep
|turn|2
|
|t:|1758276403
|-end|p2a: Kingambit|fallenundefined|[silent]
|switch|p2a: Necrozma|Necrozma|100/100
|move|p1a: Garchomp|Earthquake|p2a: Necrozma
|-crit|p2a: Necrozma
|-damage|p2a: Necrozma|48/100
|
|upkeep
|turn|3
|
|t:|1758276409
|move|p1a: Garchomp|Scale Shot|p2a: Necrozma
|-damage|p2a: Necrozma|39/100
|-damage|p2a: Necrozma|30/100
|-damage|p2a: Necrozma|21/100
|-damage|p2a: Necrozma|11/100
|-hitcount|p2a: Necrozma|4
|-unboost|p1a: Garchomp|def|1
|-boost|p1a: Garchomp|spe|1
|move|p2a: Necrozma|Trick Room|p2a: Necrozma
|-fieldstart|move: Trick Room|[of] p2a: Necrozma
|
|upkeep
|turn|4
|
|t:|1758276421
|switch|p1a: Grimmsnarl|Grimmsnarl, M|100/100
|move|p2a: Necrozma|Photon Geyser|p1a: Grimmsnarl
|-immune|p1a: Grimmsnarl
|
|upkeep
|turn|5
|
|t:|1758276429
|-terastallize|p2a: Necrozma|Fairy
|move|p1a: Grimmsnarl|Light Screen|p1a: Grimmsnarl
|-sidestart|p1: LonelySxNner|move: Light Screen
|move|p2a: Necrozma|Tera Blast|p1a: Grimmsnarl|[anim] Tera Blast Fairy
|-supereffective|p1a: Grimmsnarl
|-damage|p1a: Grimmsnarl|59/100
|
|upkeep
|turn|6
|
|t:|1758276440
|move|p1a: Grimmsnarl|Reflect|p1a: Grimmsnarl
|-sidestart|p1: LonelySxNner|Reflect
|move|p2a: Necrozma|Tera Blast|p1a: Grimmsnarl|[anim] Tera Blast Fairy
|-supereffective|p1a: Grimmsnarl
|-damage|p1a: Grimmsnarl|17/100
|
|upkeep
|turn|7
|
|t:|1758276445
|move|p1a: Grimmsnarl|Parting Shot|p2a: Necrozma
|-unboost|p2a: Necrozma|atk|1
|-unboost|p2a: Necrozma|spa|1
|
|t:|1758276449
|switch|p1a: Greninja|Greninja, M|100/100|[from] Parting Shot
|move|p2a: Necrozma|Tera Blast|p1a: Greninja|[anim] Tera Blast Fairy
|-supereffective|p1a: Greninja
|-damage|p1a: Greninja|55/100
|
|-fieldend|move: Trick Room
|upkeep
|turn|8
|
|t:|1758276457
|move|p1a: Greninja|Switcheroo|p2a: Necrozma
|-activate|p1a: Greninja|move: Trick|[of] p2a: Necrozma
|-item|p2a: Necrozma|Choice Specs|[from] move: Switcheroo
|-item|p1a: Greninja|Colbur Berry|[from] move: Switcheroo
|move|p2a: Necrozma|Tera Blast|p1a: Greninja|[anim] Tera Blast Fairy
|-supereffective|p1a: Greninja
|-damage|p1a: Greninja|0 fnt
|faint|p1a: Greninja
|
|upkeep
|
|t:|1758276464
|switch|p1a: Ceruledge|Ceruledge, F|100/100
|turn|9
|
|t:|1758276468
|move|p1a: Ceruledge|Iron Defense|p1a: Ceruledge
|-boost|p1a: Ceruledge|def|2
|move|p2a: Necrozma|Tera Blast|p1a: Ceruledge|[anim] Tera Blast Fairy
|-resisted|p1a: Ceruledge
|-crit|p1a: Ceruledge
|-damage|p1a: Ceruledge|36/100
|
|upkeep
|turn|10
|
|t:|1758276476
|move|p1a: Ceruledge|Bitter Blade|p2a: Necrozma
|-damage|p2a: Necrozma|0 fnt
|-heal|p1a: Ceruledge|43/100|[from] drain|[of] p2a: Necrozma
|faint|p2a: Necrozma
|
|upkeep
|
|t:|1758276496
|switch|p2a: Samurott|Samurott-Hisui, F|100/100
|turn|11
|
|t:|1758276503
|move|p1a: Ceruledge|Bitter Blade|p2a: Samurott
|-resisted|p2a: Samurott
|-damage|p2a: Samurott|68/100
|-heal|p1a: Ceruledge|61/100|[from] drain|[of] p2a: Samurott
|move|p2a: Samurott|Razor Shell|p1a: Ceruledge
|-supereffective|p1a: Ceruledge
|-damage|p1a: Ceruledge|6/100
|-ability|p1a: Ceruledge|Weak Armor|boost
|-unboost|p1a: Ceruledge|def|1
|-boost|p1a: Ceruledge|spe|2
|-enditem|p1a: Ceruledge|Weakness Policy
|-boost|p1a: Ceruledge|atk|2|[from] item: Weakness Policy
|-boost|p1a: Ceruledge|spa|2|[from] item: Weakness Policy
|
|upkeep
|turn|12
|
|t:|1758276519
|switch|p2a: Pecharunt|Pecharunt|100/100
|-item|p2a: Pecharunt|Air Balloon
|move|p1a: Ceruledge|Bitter Blade|p2a: Pecharunt
|-damage|p2a: Pecharunt|50/100
|-heal|p1a: Ceruledge|38/100|[from] drain|[of] p2a: Pecharunt
|-enditem|p2a: Pecharunt|Air Balloon
|
|-sideend|p1: LonelySxNner|move: Light Screen
|upkeep
|turn|13
|
|t:|1758276528
|move|p1a: Ceruledge|Bitter Blade|p2a: Pecharunt
|-damage|p2a: Pecharunt|0 fnt
|-heal|p1a: Ceruledge|71/100|[from] drain|[of] p2a: Pecharunt
|faint|p2a: Pecharunt
|
|-sideend|p1: LonelySxNner|Reflect
|upkeep
|
|t:|1758276534
|switch|p2a: Samurott|Samurott-Hisui, F|68/100
|turn|14
|
|t:|1758276538
|-terastallize|p1a: Ceruledge|Electric
|move|p2a: Samurott|Aqua Jet|p1a: Ceruledge
|-damage|p1a: Ceruledge|41/100
|-ability|p1a: Ceruledge|Weak Armor|boost
|-unboost|p1a: Ceruledge|def|1
|-boost|p1a: Ceruledge|spe|2
|move|p1a: Ceruledge|Tera Blast|p2a: Samurott|[anim] Tera Blast Electric
|-supereffective|p2a: Samurott
|-damage|p2a: Samurott|0 fnt
|faint|p2a: Samurott
|
|upkeep
|
|t:|1758276549
|switch|p2a: Kingambit|Kingambit, M|82/100
|-activate|p2a: Kingambit|ability: Supreme Overlord
|-start|p2a: Kingambit|fallen3|[silent]
|turn|15
|
|t:|1758276553
|move|p2a: Kingambit|Sucker Punch||[still]
|-fail|p2a: Kingambit
|move|p1a: Ceruledge|Iron Defense|p1a: Ceruledge
|-boost|p1a: Ceruledge|def|2
|
|upkeep
|turn|16
|
|t:|1758276557
|move|p2a: Kingambit|Sucker Punch|p1a: Ceruledge
|-damage|p1a: Ceruledge|0 fnt
|faint|p1a: Ceruledge
|
|upkeep
|
|t:|1758276564
|switch|p1a: Grimmsnarl|Grimmsnarl, M|17/100
|turn|17
|
|t:|1758276567
|move|p1a: Grimmsnarl|Reflect|p1a: Grimmsnarl
|-sidestart|p1: LonelySxNner|Reflect
|move|p2a: Kingambit|Iron Head|p1a: Grimmsnarl
|-supereffective|p1a: Grimmsnarl
|-damage|p1a: Grimmsnarl|0 fnt
|faint|p1a: Grimmsnarl
|
|upkeep
|
|t:|1758276573
|switch|p1a: Cinderace|Cinderace, M|100/100
|turn|18
|
|t:|1758276579
|move|p1a: Cinderace|Pyro Ball|p2a: Kingambit|[miss]
|-miss|p1a: Cinderace|p2a: Kingambit
|move|p2a: Kingambit|Kowtow Cleave|p1a: Cinderace
|-damage|p1a: Cinderace|46/100
|
|upkeep
|turn|19
|
|t:|1758276586
|move|p2a: Kingambit|Sucker Punch|p1a: Cinderace
|-crit|p1a: Cinderace
|-damage|p1a: Cinderace|0 fnt
|faint|p1a: Cinderace
|
|upkeep
|
|t:|1758276596
|switch|p1a: Garchomp|Garchomp, M|51/100
|turn|20
|
|t:|1758276599
|move|p1a: Garchomp|Earthquake|p2a: Kingambit
|-supereffective|p2a: Kingambit
|-damage|p2a: Kingambit|15/100
|move|p2a: Kingambit|Kowtow Cleave|p1a: Garchomp
|-damage|p1a: Garchomp|17/100
|-damage|p2a: Kingambit|3/100|[from] ability: Rough Skin|[of] p1a: Garchomp
|
|upkeep
|turn|21
|
|t:|1758276607
|move|p2a: Kingambit|Sucker Punch|p1a: Garchomp
|-damage|p1a: Garchomp|0 fnt
|-damage|p2a: Kingambit|0 fnt|[from] ability: Rough Skin|[of] p1a: Garchomp
|faint|p1a: Garchomp
|faint|p2a: Kingambit
|-end|p2a: Kingambit|fallen3|[silent]
|
|upkeep
|
|t:|1758276612
|switch|p1a: Best girl|Meloetta, shiny|100/100
|switch|p2a: Enamorus|Enamorus, F|100/100
|turn|22
|
|t:|1758276617
|move|p2a: Enamorus|Moonblast|p1a: Best girl
|-damage|p1a: Best girl|54/100
|move|p1a: Best girl|Relic Song|p2a: Enamorus
|-damage|p2a: Enamorus|42/100
|-formechange|p1a: Best girl|Meloetta-Pirouette|[msg]
|-enditem|p1a: Best girl|Throat Spray
|-boost|p1a: Best girl|spa|1|[from] item: Throat Spray
|
|upkeep
|turn|23
|
|t:|1758276624
|move|p2a: Enamorus|Moonblast|p1a: Best girl
|-supereffective|p1a: Best girl
|-damage|p1a: Best girl|0 fnt
|faint|p1a: Best girl
|
|win|TapuTeao
|raw|LonelySxNner's rating: 1385 &rarr; <strong>1366</strong><br />(-19 for losing)
|raw|TapuTeao's rating: 1406 &rarr; <strong>1425</strong><br />(+19 for winning)
|l|☆LonelySxNner
|player|p1|
|l|☆TapuTeao
|player|p2|
