|j|☆Larmaster
|j|☆Trevoro
|t:|1758341106
|gametype|singles
|player|p1|Larmaster|hilbert-wonderlauncher|1516
|player|p2|Trevoro|iono|1599
|gen|9
|tier|[Gen 9] OU
|rated|
|rule|HP Percentage Mod: HP is shown in percentages
|rule|Endless Battle Clause: Forcing endless battles is banned
|rule|Species Clause: Limit one of each Pokémon
|rule|OHKO Clause: OHKO moves are banned
|rule|Evasion Items Clause: Evasion items are banned
|rule|Evasion Moves Clause: Evasion moves are banned
|rule|Evasion Abilities Clause: Evasion abilities are banned
|rule|Sleep Moves Clause: Sleep-inducing moves are banned
|clearpoke
|poke|p1|Ogerpon-Wellspring, F|
|poke|p1|Garganacl, M|
|poke|p1|Zapdos|
|poke|p1|Iron Moth|
|poke|p1|Great Tusk|
|poke|p1|Sinistcha-Masterpiece|
|poke|p2|Tyranitar, F|
|poke|p2|Excadrill, F|
|poke|p2|Keldeo-Resolute|
|poke|p2|Tornadus-Therian, M|
|poke|p2|Heatran, F|
|poke|p2|Hydrapple, F|
|teampreview
|
|t:|1758341122
|teamsize|p1|6
|teamsize|p2|6
|start
|switch|p1a: Garganacl|Garganacl, M|100/100
|switch|p2a: Tyranitar|Tyranitar, F|100/100
|-weather|Sandstorm|[from] ability: Sand Stream|[of] p2a: Tyranitar
|turn|1
|inactive|Battle timer is ON: inactive players will automatically lose when time's up. (requested by Trevoro)
|
|t:|1758341127
|move|p2a: Tyranitar|Low Kick|p1a: Garganacl
|-supereffective|p1a: Garganacl
|-damage|p1a: Garganacl|12/100
|move|p1a: Garganacl|Salt Cure|p2a: Tyranitar
|-damage|p2a: Tyranitar|88/100
|-start|p2a: Tyranitar|Salt Cure
|
|-weather|Sandstorm|[upkeep]
|-heal|p1a: Garganacl|19/100|[from] item: Leftovers
|-damage|p2a: Tyranitar|76/100|[from] Salt Cure
|upkeep
|turn|2
|
|t:|1758341136
|switch|p2a: Tornadus|Tornadus-Therian, M|100/100
|switch|p1a: Great Tusk|Great Tusk|100/100
|
|-weather|Sandstorm|[upkeep]
|-damage|p2a: Tornadus|94/100|[from] Sandstorm
|upkeep
|turn|3
|inactive|Larmaster has 120 seconds left.
|
|t:|1758341166
|-end|p1a: Great Tusk|Protosynthesis|[silent]
|switch|p1a: Garganacl|Garganacl, M|19/100
|move|p2a: Tornadus|Bleakwind Storm|p1a: Garganacl
|-resisted|p1a: Garganacl
|-damage|p1a: Garganacl|11/100
|
|-weather|Sandstorm|[upkeep]
|-damage|p2a: Tornadus|88/100|[from] Sandstorm
|-heal|p1a: Garganacl|17/100|[from] item: Leftovers
|upkeep
|turn|4
|
|t:|1758341173
|move|p2a: Tornadus|Taunt|p1a: Garganacl
|-start|p1a: Garganacl|move: Taunt
|cant|p1a: Garganacl|move: Taunt|Recover
|
|-weather|Sandstorm|[upkeep]
|-damage|p2a: Tornadus|82/100|[from] Sandstorm
|-heal|p1a: Garganacl|23/100|[from] item: Leftovers
|upkeep
|turn|5
|
|t:|1758341176
|move|p2a: Tornadus|U-turn|p1a: Garganacl
|-crit|p1a: Garganacl
|-damage|p1a: Garganacl|8/100
|
|t:|1758341180
|switch|p2a: Tyranitar|Tyranitar, F|76/100|[from] U-turn
|move|p1a: Garganacl|Salt Cure|p2a: Tyranitar
|-damage|p2a: Tyranitar|64/100
|-start|p2a: Tyranitar|Salt Cure
|
|-weather|none
|-heal|p1a: Garganacl|15/100|[from] item: Leftovers
|-damage|p2a: Tyranitar|51/100|[from] Salt Cure
|upkeep
|turn|6
|
|t:|1758341188
|move|p2a: Tyranitar|Knock Off|p1a: Garganacl
|-damage|p1a: Garganacl|0 fnt
|-enditem|p1a: Garganacl|Leftovers|[from] move: Knock Off|[of] p2a: Tyranitar
|faint|p1a: Garganacl
|
|-damage|p2a: Tyranitar|39/100|[from] Salt Cure
|upkeep
|
|t:|1758341195
|switch|p1a: Ogerpon|Ogerpon-Wellspring, F|100/100
|turn|7
|
|t:|1758341203
|switch|p2a: Hydrapple|Hydrapple, F|100/100
|move|p1a: Ogerpon|Ivy Cudgel|p2a: Hydrapple|[anim] Ivy Cudgel Water
|-resisted|p2a: Hydrapple
|-crit|p2a: Hydrapple
|-damage|p2a: Hydrapple|89/100
|
|upkeep
|turn|8
|inactive|Larmaster has 120 seconds left.
|
|t:|1758341248
|move|p1a: Ogerpon|U-turn|p2a: Hydrapple
|-supereffective|p2a: Hydrapple
|-damage|p2a: Hydrapple|57/100
|-damage|p1a: Ogerpon|84/100|[from] item: Rocky Helmet|[of] p2a: Hydrapple
|
|t:|1758341265
|switch|p1a: Sinistcha|Sinistcha-Masterpiece|100/100|[from] U-turn
|move|p2a: Hydrapple|Fickle Beam|p1a: Sinistcha
|-damage|p1a: Sinistcha|60/100
|
|-heal|p1a: Sinistcha|66/100|[from] item: Leftovers
|upkeep
|turn|9
|inactive|Trevoro has 120 seconds left.
|
|t:|1758341310
|move|p1a: Sinistcha|Calm Mind|p1a: Sinistcha
|-boost|p1a: Sinistcha|spa|1
|-boost|p1a: Sinistcha|spd|1
|move|p2a: Hydrapple|Fickle Beam|p1a: Sinistcha|[anim] Fickle Beam All Out
|-activate|p2a: Hydrapple|move: Fickle Beam
|-damage|p1a: Sinistcha|16/100
|
|-heal|p1a: Sinistcha|22/100|[from] item: Leftovers
|upkeep
|turn|10
|
|t:|1758341318
|move|p1a: Sinistcha|Strength Sap|p2a: Hydrapple
|-unboost|p2a: Hydrapple|atk|1
|-heal|p1a: Sinistcha|65/100
|move|p2a: Hydrapple|Fickle Beam|p1a: Sinistcha|[anim] Fickle Beam All Out
|-activate|p2a: Hydrapple|move: Fickle Beam
|-damage|p1a: Sinistcha|15/100
|
|-heal|p1a: Sinistcha|21/100|[from] item: Leftovers
|upkeep
|turn|11
|inactive|Trevoro has 120 seconds left.
|
|t:|1758341323
|move|p1a: Sinistcha|Strength Sap|p2a: Hydrapple
|-unboost|p2a: Hydrapple|atk|1
|-heal|p1a: Sinistcha|50/100
|move|p2a: Hydrapple|Fickle Beam|p1a: Sinistcha
|-damage|p1a: Sinistcha|22/100
|
|-heal|p1a: Sinistcha|29/100|[from] item: Leftovers
|upkeep
|turn|12
|
|t:|1758341335
|move|p1a: Sinistcha|Shadow Ball|p2a: Hydrapple
|-damage|p2a: Hydrapple|13/100
|move|p2a: Hydrapple|Fickle Beam|p1a: Sinistcha|[anim] Fickle Beam All Out
|-activate|p2a: Hydrapple|move: Fickle Beam
|-damage|p1a: Sinistcha|0 fnt
|faint|p1a: Sinistcha
|
|upkeep
|
|t:|1758341341
|switch|p1a: Great Tusk|Great Tusk|100/100
|turn|13
|
|t:|1758341354
|switch|p2a: Tornadus|Tornadus-Therian, M|100/100
|move|p1a: Great Tusk|Ice Spinner|p2a: Tornadus
|-supereffective|p2a: Tornadus
|-damage|p2a: Tornadus|53/100
|
|upkeep
|turn|14
|
|t:|1758341360
|-end|p1a: Great Tusk|Protosynthesis|[silent]
|switch|p1a: Iron Moth|Iron Moth|100/100
|-enditem|p1a: Iron Moth|Booster Energy
|-activate|p1a: Iron Moth|ability: Quark Drive|[fromitem]
|-start|p1a: Iron Moth|quarkdrivespe
|move|p2a: Tornadus|Bleakwind Storm|p1a: Iron Moth
|-damage|p1a: Iron Moth|58/100
|
|upkeep
|turn|15
|
|t:|1758341388
|switch|p2a: Heatran|Heatran, F|100/100
|move|p1a: Iron Moth|Fiery Dance|p2a: Heatran
|-damage|p2a: Heatran|73/100
|-boost|p1a: Iron Moth|spa|1
|
|-heal|p2a: Heatran|79/100|[from] item: Leftovers
|upkeep
|turn|16
|
|t:|1758341393
|move|p1a: Iron Moth|Fiery Dance|p2a: Heatran
|-crit|p2a: Heatran
|-damage|p2a: Heatran|26/100
|move|p2a: Heatran|Earth Power|p1a: Iron Moth
|-supereffective|p1a: Iron Moth
|-damage|p1a: Iron Moth|0 fnt
|faint|p1a: Iron Moth
|-end|p1a: Iron Moth|Quark Drive|[silent]
|
|-heal|p2a: Heatran|32/100|[from] item: Leftovers
|upkeep
|
|t:|1758341400
|switch|p1a: Ogerpon|Ogerpon-Wellspring, F|84/100
|turn|17
|
|t:|1758341408
|switch|p2a: Hydrapple|Hydrapple, F|46/100
|move|p1a: Ogerpon|Knock Off|p2a: Hydrapple
|-damage|p2a: Hydrapple|24/100
|-damage|p1a: Ogerpon|67/100|[from] item: Rocky Helmet|[of] p2a: Hydrapple
|-enditem|p2a: Hydrapple|Rocky Helmet|[from] move: Knock Off|[of] p1a: Ogerpon
|
|upkeep
|turn|18
|
|t:|1758341419
|move|p1a: Ogerpon|U-turn|p2a: Hydrapple
|-supereffective|p2a: Hydrapple
|-damage|p2a: Hydrapple|0 fnt
|faint|p2a: Hydrapple
|
|t:|1758341421
|switch|p1a: Zapdos|Zapdos|100/100|[from] U-turn
|
|upkeep
|
|t:|1758341430
|switch|p2a: Tyranitar|Tyranitar, F|39/100
|-weather|Sandstorm|[from] ability: Sand Stream|[of] p2a: Tyranitar
|turn|19
|
|t:|1758341446
|move|p1a: Zapdos|Volt Switch|p2a: Tyranitar
|-damage|p2a: Tyranitar|20/100
|
|t:|1758341448
|switch|p1a: Great Tusk|Great Tusk|100/100|[from] Volt Switch
|move|p2a: Tyranitar|Stone Edge|p1a: Great Tusk
|-resisted|p1a: Great Tusk
|-damage|p1a: Great Tusk|87/100
|
|-weather|Sandstorm|[upkeep]
|upkeep
|turn|20
|
|t:|1758341468
|switch|p2a: Tornadus|Tornadus-Therian, M|86/100
|move|p1a: Great Tusk|Rapid Spin|p2a: Tornadus
|-damage|p2a: Tornadus|70/100
|-boost|p1a: Great Tusk|spe|1
|
|-weather|Sandstorm|[upkeep]
|-damage|p2a: Tornadus|64/100|[from] Sandstorm
|upkeep
|turn|21
|
|t:|1758341478
|switch|p2a: Keldeo|Keldeo-Resolute|100/100
|move|p1a: Great Tusk|Ice Spinner|p2a: Keldeo
|-resisted|p2a: Keldeo
|-damage|p2a: Keldeo|88/100
|
|-weather|Sandstorm|[upkeep]
|-damage|p2a: Keldeo|82/100|[from] Sandstorm
|upkeep
|turn|22
|
|t:|1758341485
|-end|p1a: Great Tusk|Protosynthesis|[silent]
|switch|p1a: Zapdos|Zapdos|100/100
|move|p2a: Keldeo|Secret Sword|p1a: Zapdos
|-resisted|p1a: Zapdos
|-damage|p1a: Zapdos|79/100
|
|-weather|Sandstorm|[upkeep]
|-damage|p2a: Keldeo|75/100|[from] Sandstorm
|-damage|p1a: Zapdos|73/100|[from] Sandstorm
|upkeep
|turn|23
|
|t:|1758341492
|switch|p2a: Heatran|Heatran, F|32/100
|switch|p1a: Great Tusk|Great Tusk|87/100
|
|-weather|none
|-heal|p2a: Heatran|39/100|[from] item: Leftovers
|upkeep
|turn|24
|
|t:|1758341507
|move|p1a: Great Tusk|Headlong Rush|p2a: Heatran
|-supereffective|p2a: Heatran
|-damage|p2a: Heatran|0 fnt
|-unboost|p1a: Great Tusk|def|1
|-unboost|p1a: Great Tusk|spd|1
|faint|p2a: Heatran
|
|upkeep
|
|t:|1758341509
|switch|p2a: Keldeo|Keldeo-Resolute|75/100
|turn|25
|
|t:|1758341513
|-end|p1a: Great Tusk|Protosynthesis|[silent]
|switch|p1a: Zapdos|Zapdos|73/100
|move|p2a: Keldeo|Secret Sword|p1a: Zapdos
|-resisted|p1a: Zapdos
|-damage|p1a: Zapdos|48/100
|
|upkeep
|turn|26
|
|t:|1758341519
|switch|p2a: Tyranitar|Tyranitar, F|20/100
|-weather|Sandstorm|[from] ability: Sand Stream|[of] p2a: Tyranitar
|move|p1a: Zapdos|Roost|p1a: Zapdos
|-heal|p1a: Zapdos|98/100
|-singleturn|p1a: Zapdos|move: Roost
|
|-weather|Sandstorm|[upkeep]
|-damage|p1a: Zapdos|92/100|[from] Sandstorm
|upkeep
|turn|27
|
|t:|1758341524
|move|p1a: Zapdos|Volt Switch|p2a: Tyranitar
|-damage|p2a: Tyranitar|0 fnt
|faint|p2a: Tyranitar
|
|t:|1758341528
|switch|p1a: Ogerpon|Ogerpon-Wellspring, F|67/100|[from] Volt Switch
|
|-weather|Sandstorm|[upkeep]
|-damage|p1a: Ogerpon|62/100|[from] Sandstorm
|upkeep
|
|t:|1758341533
|switch|p2a: Tornadus|Tornadus-Therian, M|97/100
|turn|28
|
|t:|1758341547
|switch|p1a: Zapdos|Zapdos|92/100
|move|p2a: Tornadus|U-turn|p1a: Zapdos
|-resisted|p1a: Zapdos
|-damage|p1a: Zapdos|86/100
|
|t:|1758341552
|switch|p2a: Excadrill|Excadrill, F|100/100|[from] U-turn
|-item|p2a: Excadrill|Air Balloon
|
|-weather|Sandstorm|[upkeep]
|-damage|p1a: Zapdos|80/100|[from] Sandstorm
|upkeep
|turn|29
|
|t:|1758341561
|switch|p1a: Great Tusk|Great Tusk|87/100
|move|p2a: Excadrill|Swords Dance|p2a: Excadrill
|-boost|p2a: Excadrill|atk|2
|
|-weather|Sandstorm|[upkeep]
|upkeep
|turn|30
|
|t:|1758341568
|-terastallize|p2a: Excadrill|Ghost
|move|p2a: Excadrill|Rapid Spin|p1a: Great Tusk
|-damage|p1a: Great Tusk|61/100
|-boost|p2a: Excadrill|spe|1
|-damage|p2a: Excadrill|84/100|[from] item: Rocky Helmet|[of] p1a: Great Tusk
|move|p1a: Great Tusk|Rapid Spin|p2a: Excadrill
|-immune|p2a: Excadrill
|
|-weather|none
|upkeep
|turn|31
|
|t:|1758341577
|move|p2a: Excadrill|Iron Head|p1a: Great Tusk
|-damage|p1a: Great Tusk|0 fnt
|-damage|p2a: Excadrill|67/100|[from] item: Rocky Helmet|[of] p1a: Great Tusk
|faint|p1a: Great Tusk
|-end|p1a: Great Tusk|Protosynthesis|[silent]
|
|upkeep
|
|t:|1758341580
|switch|p1a: Zapdos|Zapdos|80/100
|turn|32
|
|t:|1758341584
|move|p2a: Excadrill|Iron Head|p1a: Zapdos
|-resisted|p1a: Zapdos
|-damage|p1a: Zapdos|44/100
|move|p1a: Zapdos|Hurricane|p2a: Excadrill|[miss]
|-miss|p1a: Zapdos|p2a: Excadrill
|
|upkeep
|turn|33
|
|t:|1758341588
|move|p2a: Excadrill|Iron Head|p1a: Zapdos
|-resisted|p1a: Zapdos
|-damage|p1a: Zapdos|10/100
|move|p1a: Zapdos|Hurricane|p2a: Excadrill
|-damage|p2a: Excadrill|9/100
|-enditem|p2a: Excadrill|Air Balloon
|
|upkeep
|turn|34
|
|t:|1758341596
|move|p2a: Excadrill|Iron Head|p1a: Zapdos
|-resisted|p1a: Zapdos
|-damage|p1a: Zapdos|0 fnt
|-status|p2a: Excadrill|par|[from] ability: Static|[of] p1a: Zapdos
|faint|p1a: Zapdos
|
|upkeep
|
|t:|1758341600
|switch|p1a: Ogerpon|Ogerpon-Wellspring, F|62/100
|turn|35
|
|t:|1758341606
|-terastallize|p1a: Ogerpon|Water
|detailschange|p1a: Ogerpon|Ogerpon-Wellspring-Tera, F, tera:Water
|-ability|p1a: Ogerpon|Embody Aspect (Wellspring)|boost
|-boost|p1a: Ogerpon|spd|1
|move|p1a: Ogerpon|Ivy Cudgel|p2a: Excadrill|[anim] Ivy Cudgel Water
|-damage|p2a: Excadrill|0 fnt
|faint|p2a: Excadrill
|
|upkeep
|
|t:|1758341609
|switch|p2a: Tornadus|Tornadus-Therian, M|100/100
|turn|36
|
|t:|1758341612
|move|p2a: Tornadus|Bleakwind Storm|p1a: Ogerpon|[miss]
|-miss|p2a: Tornadus|p1a: Ogerpon
|move|p1a: Ogerpon|Ivy Cudgel|p2a: Tornadus|[anim] Ivy Cudgel Water
|-damage|p2a: Tornadus|17/100
|
|upkeep
|turn|37
|
|t:|1758341618
|move|p2a: Tornadus|Bleakwind Storm|p1a: Ogerpon
|-damage|p1a: Ogerpon|32/100
|move|p1a: Ogerpon|Ivy Cudgel|p2a: Tornadus|[anim] Ivy Cudgel Water
|-damage|p2a: Tornadus|0 fnt
|faint|p2a: Tornadus
|
|upkeep
|
|t:|1758341621
|switch|p2a: Keldeo|Keldeo-Resolute|75/100
|turn|38
|
|t:|1758341627
|move|p2a: Keldeo|Vacuum Wave|p1a: Ogerpon
|-damage|p1a: Ogerpon|8/100
|move|p1a: Ogerpon|Ivy Cudgel|p2a: Keldeo|[anim] Ivy Cudgel Water
|-resisted|p2a: Keldeo
|-damage|p2a: Keldeo|33/100
|
|upkeep
|turn|39
|
|t:|1758341632
|move|p2a: Keldeo|Vacuum Wave|p1a: Ogerpon
|-damage|p1a: Ogerpon|0 fnt
|faint|p1a: Ogerpon
|detailschange|p1: Ogerpon|Ogerpon-Wellspring, F|[silent]
|
|win|Trevoro
|raw|Larmaster's rating: 1538 &rarr; <strong>1521</strong><br />(-17 for losing)
|raw|Trevoro's rating: 1599 &rarr; <strong>1616</strong><br />(+17 for winning)
|c|☆Trevoro|gg
|l|☆Larmaster
|player|p1|
|l|☆Trevoro
|player|p2|
|j|☆Trevoro
|player|p2|Trevoro|iono|
|l|☆Trevoro
|player|p2|
