|j|☆DeFeNdvs
|j|☆espyjump919
|t:|1758350764
|gametype|singles
|player|p1|DeFeNdvs|266|1388
|player|p2|espyjump919|unknownf|1414
|gen|9
|tier|[Gen 9] OU
|rated|
|rule|HP Percentage Mod: HP is shown in percentages
|rule|Endless Battle Clause: Forcing endless battles is banned
|rule|Species Clause: Limit one of each Pokémon
|rule|OHKO Clause: OHKO moves are banned
|rule|Evasion Items Clause: Evasion items are banned
|rule|Evasion Moves Clause: Evasion moves are banned
|rule|Evasion Abilities Clause: Evasion abilities are banned
|rule|Sleep Moves Clause: Sleep-inducing moves are banned
|clearpoke
|poke|p1|Alomomola, F|
|poke|p1|Gliscor, M|
|poke|p1|Corviknight, F|
|poke|p1|Clodsire, M|
|poke|p1|Slowking-Galar, M|
|poke|p1|Skeledirge, F|
|poke|p2|Samurott-Hisui, M|
|poke|p2|Indeedee, M|
|poke|p2|Polteageist|
|poke|p2|Iron Crown|
|poke|p2|Kyurem|
|poke|p2|Hatterene, F|
|teampreview
|inactive|Battle timer is ON: inactive players will automatically lose when time's up. (requested by DeFeNdvs)
|c|☆espyjump919|hf
|
|t:|1758350786
|teamsize|p1|6
|teamsize|p2|6
|start
|switch|p1a: Gliscor|Gliscor, M|100/100
|switch|p2a: Samurott|Samurott-Hisui, M|100/100
|turn|1
|
|t:|1758350795
|switch|p2a: Hatterene|Hatterene, F|100/100
|move|p1a: Gliscor|Protect||[still]
|-fail|p1a: Gliscor
|
|-status|p1a: Gliscor|tox|[from] item: Toxic Orb
|upkeep
|turn|2
|
|t:|1758350814
|move|p1a: Gliscor|U-turn|p2a: Hatterene
|-damage|p2a: Hatterene|88/100
|
|t:|1758350818
|switch|p1a: Slowking|Slowking-Galar, M|100/100|[from] U-turn
|move|p2a: Hatterene|Mystical Fire|p1a: Slowking
|-damage|p1a: Slowking|89/100
|-unboost|p1a: Slowking|spa|1
|
|-heal|p2a: Hatterene|94/100|[from] item: Leftovers
|upkeep
|turn|3
|
|t:|1758350832
|move|p2a: Hatterene|Calm Mind|p2a: Hatterene
|-boost|p2a: Hatterene|spa|1
|-boost|p2a: Hatterene|spd|1
|move|p1a: Slowking|Sludge Bomb|p2a: Hatterene
|-supereffective|p2a: Hatterene
|-damage|p2a: Hatterene|50/100
|
|-heal|p2a: Hatterene|56/100|[from] item: Leftovers
|upkeep
|turn|4
|
|t:|1758350843
|move|p2a: Hatterene|Mystical Fire|p1a: Slowking
|-damage|p1a: Slowking|71/100
|-unboost|p1a: Slowking|spa|1
|move|p1a: Slowking|Future Sight|p2a: Hatterene
|-start|p1a: Slowking|move: Future Sight
|
|-heal|p2a: Hatterene|62/100|[from] item: Leftovers
|upkeep
|turn|5
|
|t:|1758350858
|move|p2a: Hatterene|Calm Mind|p2a: Hatterene
|-boost|p2a: Hatterene|spa|1
|-boost|p2a: Hatterene|spd|1
|move|p1a: Slowking|Sludge Bomb|p2a: Hatterene
|-supereffective|p2a: Hatterene
|-damage|p2a: Hatterene|37/100
|
|-heal|p2a: Hatterene|43/100|[from] item: Leftovers
|upkeep
|turn|6
|
|t:|1758350868
|move|p2a: Hatterene|Draining Kiss|p1a: Slowking
|-resisted|p1a: Slowking
|-damage|p1a: Slowking|60/100
|-heal|p2a: Hatterene|54/100|[from] drain|[of] p1a: Slowking
|move|p1a: Slowking|Sludge Bomb|p2a: Hatterene
|-supereffective|p2a: Hatterene
|-damage|p2a: Hatterene|28/100
|
|-end|p2a: Hatterene|move: Future Sight
|-resisted|p2a: Hatterene
|-damage|p2a: Hatterene|20/100
|-heal|p2a: Hatterene|26/100|[from] item: Leftovers
|upkeep
|turn|7
|
|t:|1758350881
|move|p2a: Hatterene|Draining Kiss|p1a: Slowking
|-resisted|p1a: Slowking
|-damage|p1a: Slowking|47/100
|-heal|p2a: Hatterene|37/100|[from] drain|[of] p1a: Slowking
|move|p1a: Slowking|Sludge Bomb|p2a: Hatterene
|-supereffective|p2a: Hatterene
|-damage|p2a: Hatterene|15/100
|
|-heal|p2a: Hatterene|21/100|[from] item: Leftovers
|upkeep
|turn|8
|
|t:|1758350906
|switch|p1a: Skeledirge|Skeledirge, F|100/100
|move|p2a: Hatterene|Draining Kiss|p1a: Skeledirge
|-resisted|p1a: Skeledirge
|-damage|p1a: Skeledirge|89/100
|-heal|p2a: Hatterene|32/100|[from] drain|[of] p1a: Skeledirge
|
|-heal|p1a: Skeledirge|95/100|[from] item: Leftovers
|-heal|p2a: Hatterene|38/100|[from] item: Leftovers
|upkeep
|turn|9
|
|t:|1758350934
|move|p1a: Skeledirge|Torch Song|p2a: Hatterene
|-damage|p2a: Hatterene|6/100
|-boost|p1a: Skeledirge|spa|1
|move|p2a: Hatterene|Psyshock|p1a: Skeledirge
|-damage|p1a: Skeledirge|74/100
|
|-heal|p1a: Skeledirge|80/100|[from] item: Leftovers
|-heal|p2a: Hatterene|12/100|[from] item: Leftovers
|upkeep
|turn|10
|inactive|espyjump919 has 120 seconds left.
|
|t:|1758350951
|move|p1a: Skeledirge|Torch Song|p2a: Hatterene
|-damage|p2a: Hatterene|0 fnt
|-boost|p1a: Skeledirge|spa|1
|faint|p2a: Hatterene
|
|-heal|p1a: Skeledirge|86/100|[from] item: Leftovers
|upkeep
|inactive|espyjump919 has 120 seconds left.
|
|t:|1758350959
|switch|p2a: Samurott|Samurott-Hisui, M|100/100
|turn|11
|inactive|DeFeNdvs has 120 seconds left.
|
|t:|1758350994
|switch|p2a: Indeedee|Indeedee, M|100/100
|-fieldstart|move: Psychic Terrain|[from] ability: Psychic Surge|[of] p2a: Indeedee
|-terastallize|p1a: Skeledirge|Fairy
|move|p1a: Skeledirge|Will-O-Wisp|p2a: Indeedee
|-status|p2a: Indeedee|brn
|
|-heal|p1a: Skeledirge|92/100|[from] item: Leftovers
|-damage|p2a: Indeedee|94/100 brn|[from] brn
|upkeep
|turn|12
|
|t:|1758351008
|move|p2a: Indeedee|Encore|p1a: Skeledirge
|-start|p1a: Skeledirge|Encore
|move|p1a: Skeledirge|Will-O-Wisp|p2a: Indeedee
|-fail|p2a: Indeedee|brn
|
|-heal|p1a: Skeledirge|98/100|[from] item: Leftovers
|-damage|p2a: Indeedee|88/100 brn|[from] brn
|upkeep
|turn|13
|
|t:|1758351020
|switch|p2a: Polteageist|Polteageist|100/100
|move|p1a: Skeledirge|Will-O-Wisp|p2a: Polteageist
|-status|p2a: Polteageist|brn
|
|-heal|p1a: Skeledirge|100/100|[from] item: Leftovers
|-damage|p2a: Polteageist|94/100 brn|[from] brn
|upkeep
|turn|14
|inactive|DeFeNdvs has 120 seconds left.
|
|t:|1758351036
|move|p2a: Polteageist|Shell Smash|p2a: Polteageist
|-unboost|p2a: Polteageist|def|1
|-unboost|p2a: Polteageist|spd|1
|-boost|p2a: Polteageist|atk|2
|-boost|p2a: Polteageist|spa|2
|-boost|p2a: Polteageist|spe|2
|move|p1a: Skeledirge|Will-O-Wisp|p2a: Polteageist
|-fail|p2a: Polteageist|brn
|
|-damage|p2a: Polteageist|88/100 brn|[from] brn
|-end|p1a: Skeledirge|Encore
|upkeep
|turn|15
|
|t:|1758351052
|move|p2a: Polteageist|Stored Power|p1a: Skeledirge
|-damage|p1a: Skeledirge|32/100
|move|p1a: Skeledirge|Torch Song|p2a: Polteageist
|-damage|p2a: Polteageist|13/100 brn
|-boost|p1a: Skeledirge|spa|1
|
|-heal|p1a: Skeledirge|38/100|[from] item: Leftovers
|-damage|p2a: Polteageist|7/100 brn|[from] brn
|upkeep
|turn|16
|
|t:|1758351067
|switch|p1a: Alomomola|Alomomola, F|100/100
|move|p2a: Polteageist|Stored Power|p1a: Alomomola
|-damage|p1a: Alomomola|37/100
|
|-damage|p2a: Polteageist|1/100 brn|[from] brn
|upkeep
|turn|17
|
|t:|1758351078
|switch|p1a: Gliscor|Gliscor, M|100/100 tox
|move|p2a: Polteageist|Stored Power|p1a: Gliscor
|-damage|p1a: Gliscor|0 fnt
|faint|p1a: Gliscor
|
|-damage|p2a: Polteageist|0 fnt|[from] brn
|faint|p2a: Polteageist
|upkeep
|inactive|espyjump919 has 120 seconds left.
|
|t:|1758351093
|switch|p2a: Samurott|Samurott-Hisui, M|100/100
|switch|p1a: Alomomola|Alomomola, F|70/100
|turn|18
|
|t:|1758351102
|move|p2a: Samurott|Ceaseless Edge|p1a: Alomomola
|-damage|p1a: Alomomola|36/100
|-sidestart|p1: DeFeNdvs|Spikes
|move|p1a: Alomomola|Scald|p2a: Samurott
|-resisted|p2a: Samurott
|-damage|p2a: Samurott|90/100
|
|-fieldend|move: Psychic Terrain
|upkeep
|turn|19
|
|t:|1758351121
|move|p2a: Samurott|Ceaseless Edge|p1a: Alomomola
|-damage|p1a: Alomomola|5/100
|-sidestart|p1: DeFeNdvs|Spikes
|move|p1a: Alomomola|Scald|p2a: Samurott
|-resisted|p2a: Samurott
|-damage|p2a: Samurott|81/100
|-status|p2a: Samurott|brn
|
|-damage|p2a: Samurott|74/100 brn|[from] brn
|upkeep
|turn|20
|
|t:|1758351131
|switch|p1a: Corviknight|Corviknight, F|100/100
|-ability|p1a: Corviknight|Pressure
|move|p2a: Samurott|Ceaseless Edge|p1a: Corviknight
|-damage|p1a: Corviknight|87/100
|-sidestart|p1: DeFeNdvs|Spikes
|
|-heal|p1a: Corviknight|93/100|[from] item: Leftovers
|-damage|p2a: Samurott|68/100 brn|[from] brn
|upkeep
|turn|21
|inactive|espyjump919 has 120 seconds left.
|
|t:|1758351154
|move|p2a: Samurott|Ceaseless Edge|p1a: Corviknight
|-damage|p1a: Corviknight|81/100
|move|p1a: Corviknight|Defog|p2a: Samurott
|-unboost|p2a: Samurott|evasion|1
|-sideend|p1: DeFeNdvs|Spikes|[from] move: Defog|[of] p1a: Corviknight
|
|-heal|p1a: Corviknight|87/100|[from] item: Leftovers
|-damage|p2a: Samurott|62/100 brn|[from] brn
|upkeep
|turn|22
|inactive|espyjump919 has 120 seconds left.
|
|t:|1758351166
|move|p2a: Samurott|Ceaseless Edge|p1a: Corviknight
|-damage|p1a: Corviknight|74/100
|-sidestart|p1: DeFeNdvs|Spikes
|move|p1a: Corviknight|Body Press|p2a: Samurott
|-supereffective|p2a: Samurott
|-damage|p2a: Samurott|0 fnt
|faint|p2a: Samurott
|
|-heal|p1a: Corviknight|80/100|[from] item: Leftovers
|upkeep
|inactive|espyjump919 has 120 seconds left.
|
|t:|1758351177
|switch|p2a: Indeedee|Indeedee, M|88/100 brn
|-fieldstart|move: Psychic Terrain|[from] ability: Psychic Surge|[of] p2a: Indeedee
|turn|23
|inactive|DeFeNdvs has 120 seconds left.
|inactive|espyjump919 has 120 seconds left.
|
|t:|1758351185
|move|p2a: Indeedee|Encore|p1a: Corviknight
|-start|p1a: Corviknight|Encore
|move|p1a: Corviknight|Body Press|p2a: Indeedee
|-damage|p2a: Indeedee|41/100 brn
|
|-heal|p1a: Corviknight|86/100|[from] item: Leftovers
|-damage|p2a: Indeedee|34/100 brn|[from] brn
|upkeep
|turn|24
|
|t:|1758351194
|switch|p2a: Iron Crown|Iron Crown|100/100
|-enditem|p2a: Iron Crown|Booster Energy
|-activate|p2a: Iron Crown|ability: Quark Drive|[fromitem]
|-start|p2a: Iron Crown|quarkdrivespe
|move|p1a: Corviknight|Body Press|p2a: Iron Crown
|-damage|p2a: Iron Crown|75/100
|
|-heal|p1a: Corviknight|92/100|[from] item: Leftovers
|upkeep
|turn|25
|inactive|espyjump919 has 120 seconds left.
|
|t:|1758351209
|switch|p1a: Clodsire|Clodsire, M|100/100
|-damage|p1a: Clodsire|88/100|[from] Spikes
|-terastallize|p2a: Iron Crown|Psychic
|move|p2a: Iron Crown|Calm Mind|p2a: Iron Crown
|-boost|p2a: Iron Crown|spa|1
|-boost|p2a: Iron Crown|spd|1
|
|-heal|p1a: Clodsire|94/100|[from] item: Leftovers
|upkeep
|turn|26
|inactive|espyjump919 has 120 seconds left.
|inactive|DeFeNdvs has 120 seconds left.
|
|t:|1758351234
|move|p2a: Iron Crown|Expanding Force|p1a: Clodsire
|-supereffective|p1a: Clodsire
|-damage|p1a: Clodsire|0 fnt
|faint|p1a: Clodsire
|
|upkeep
|
|t:|1758351244
|switch|p1a: Slowking|Slowking-Galar, M|81/100
|-damage|p1a: Slowking|68/100|[from] Spikes
|turn|27
|inactive|DeFeNdvs has 120 seconds left.
|
|t:|1758351254
|move|p2a: Iron Crown|Expanding Force|p1a: Slowking
|-damage|p1a: Slowking|0 fnt
|faint|p1a: Slowking
|
|upkeep
|
|t:|1758351261
|switch|p1a: Skeledirge|Skeledirge, F, tera:Fairy|38/100
|-damage|p1a: Skeledirge|26/100|[from] Spikes
|turn|28
|inactive|DeFeNdvs has 120 seconds left.
|
|t:|1758351272
|move|p2a: Iron Crown|Expanding Force|p1a: Skeledirge
|-damage|p1a: Skeledirge|0 fnt
|faint|p1a: Skeledirge
|
|upkeep
|inactive|DeFeNdvs has 120 seconds left.
|-message|DeFeNdvs forfeited.
|
|win|espyjump919
|raw|DeFeNdvs's rating: 1388 &rarr; <strong>1369</strong><br />(-19 for losing)
|raw|espyjump919's rating: 1414 &rarr; <strong>1433</strong><br />(+19 for winning)
|l|☆DeFeNdvs
|player|p1|
|l|☆espyjump919
|player|p2|
