|j|☆shatterstar1998
|j|☆MyXoo
|t:|1758317204
|gametype|singles
|player|p1|shatterstar1998|102|1258
|player|p2|MyXoo|bea|1291
|gen|9
|tier|[Gen 9] OU
|rated|
|rule|HP Percentage Mod: HP is shown in percentages
|rule|Endless Battle Clause: Forcing endless battles is banned
|rule|Species Clause: Limit one of each Pokémon
|rule|OHKO Clause: OHKO moves are banned
|rule|Evasion Items Clause: Evasion items are banned
|rule|Evasion Moves Clause: Evasion moves are banned
|rule|Evasion Abilities Clause: Evasion abilities are banned
|rule|Sleep Moves Clause: Sleep-inducing moves are banned
|clearpoke
|poke|p1|Iron Crown|
|poke|p1|Samurott-Hisui, F|
|poke|p1|Landorus-Therian, M|
|poke|p1|Moltres|
|poke|p1|Clefable, M|
|poke|p1|Rillaboom, F|
|poke|p2|Samurott-Hisui, F|
|poke|p2|Scizor, F|
|poke|p2|Dragapult, F|
|poke|p2|Kingambit, M|
|poke|p2|Landorus-Therian, M|
|poke|p2|Iron Valiant|
|teampreview
|inactive|Battle timer is ON: inactive players will automatically lose when time's up. (requested by shatterstar1998)
|
|t:|1758317208
|teamsize|p1|6
|teamsize|p2|6
|start
|switch|p1a: Landorus|Landorus-Therian, M|100/100
|switch|p2a: Samurott|Samurott-Hisui, F|100/100
|-ability|p1a: Landorus|Intimidate|boost
|-unboost|p2a: Samurott|atk|1
|turn|1
|
|t:|1758317222
|move|p1a: Landorus|U-turn|p2a: Samurott
|-supereffective|p2a: Samurott
|-damage|p2a: Samurott|44/100
|
|t:|1758317225
|switch|p1a: Samurott|Samurott-Hisui, F|100/100|[from] U-turn
|move|p2a: Samurott|Ceaseless Edge|p1a: Samurott
|-resisted|p1a: Samurott
|-damage|p1a: Samurott|80/100
|-sidestart|p1: shatterstar1998|Spikes
|
|upkeep
|turn|2
|
|t:|1758317235
|move|p2a: Samurott|Ceaseless Edge|p1a: Samurott
|-resisted|p1a: Samurott
|-damage|p1a: Samurott|61/100
|-sidestart|p1: shatterstar1998|Spikes
|move|p1a: Samurott|Ceaseless Edge|p2a: Samurott
|-resisted|p2a: Samurott
|-damage|p2a: Samurott|15/100
|-sidestart|p2: MyXoo|Spikes
|
|upkeep
|turn|3
|
|t:|1758317244
|move|p1a: Samurott|Ceaseless Edge|p2a: Samurott|[miss]
|-miss|p1a: Samurott|p2a: Samurott
|move|p2a: Samurott|Ceaseless Edge|p1a: Samurott
|-resisted|p1a: Samurott
|-damage|p1a: Samurott|43/100
|-sidestart|p1: shatterstar1998|Spikes
|
|upkeep
|turn|4
|
|t:|1758317251
|move|p2a: Samurott|Sucker Punch|p1a: Samurott
|-resisted|p1a: Samurott
|-damage|p1a: Samurott|28/100
|move|p1a: Samurott|Ceaseless Edge|p2a: Samurott
|-resisted|p2a: Samurott
|-damage|p2a: Samurott|0 fnt
|-sidestart|p2: MyXoo|Spikes
|faint|p2a: Samurott
|
|upkeep
|
|t:|1758317279
|switch|p2a: Scizor|Scizor, F|100/100
|-damage|p2a: Scizor|84/100|[from] Spikes
|turn|5
|
|t:|1758317284
|switch|p1a: Moltres|Moltres|100/100
|move|p2a: Scizor|Bullet Punch|p1a: Moltres
|-resisted|p1a: Moltres
|-damage|p1a: Moltres|85/100
|-damage|p2a: Scizor|74/100|[from] item: Life Orb
|
|upkeep
|turn|6
|
|t:|1758317294
|switch|p2a: Dragapult|Dragapult, F|100/100
|-damage|p2a: Dragapult|84/100|[from] Spikes
|move|p1a: Moltres|Flamethrower|p2a: Dragapult
|-resisted|p2a: Dragapult
|-damage|p2a: Dragapult|57/100
|
|upkeep
|turn|7
|
|t:|1758317305
|switch|p1a: Clefable|Clefable, M|100/100
|move|p2a: Dragapult|Hydro Pump|p1a: Clefable
|-damage|p1a: Clefable|55/100
|
|-heal|p1a: Clefable|61/100|[from] item: Leftovers
|upkeep
|turn|8
|
|t:|1758317323
|switch|p2a: Scizor|Scizor, F|74/100
|-damage|p2a: Scizor|58/100|[from] Spikes
|move|p1a: Clefable|Stealth Rock|p2a: Scizor
|-sidestart|p2: MyXoo|move: Stealth Rock
|
|-heal|p1a: Clefable|67/100|[from] item: Leftovers
|upkeep
|turn|9
|
|t:|1758317335
|switch|p1a: Moltres|Moltres|85/100
|move|p2a: Scizor|Bullet Punch|p1a: Moltres
|-resisted|p1a: Moltres
|-damage|p1a: Moltres|69/100
|-status|p2a: Scizor|brn|[from] ability: Flame Body|[of] p1a: Moltres
|-damage|p2a: Scizor|48/100 brn|[from] item: Life Orb
|
|-damage|p2a: Scizor|41/100 brn|[from] brn
|upkeep
|turn|10
|
|t:|1758317348
|move|p2a: Scizor|Knock Off|p1a: Moltres
|-damage|p1a: Moltres|52/100
|-enditem|p1a: Moltres|Heavy-Duty Boots|[from] move: Knock Off|[of] p2a: Scizor
|-damage|p2a: Scizor|31/100 brn|[from] item: Life Orb
|move|p1a: Moltres|Roar|p2a: Scizor
|drag|p2a: Landorus|Landorus-Therian, M|100/100
|-damage|p2a: Landorus|88/100|[from] Stealth Rock
|-ability|p2a: Landorus|Intimidate|boost
|-unboost|p1a: Moltres|atk|1
|
|upkeep
|turn|11
|inactive|MyXoo has 120 seconds left.
|
|t:|1758317369
|move|p2a: Landorus|Stone Edge|p1a: Moltres
|-supereffective|p1a: Moltres
|-damage|p1a: Moltres|0 fnt
|faint|p1a: Moltres
|
|upkeep
|
|t:|1758317377
|switch|p1a: Landorus|Landorus-Therian, M|100/100
|-ability|p1a: Landorus|Intimidate|boost
|-unboost|p2a: Landorus|atk|1
|turn|12
|inactive|MyXoo has 120 seconds left.
|
|t:|1758317405
|switch|p2a: Dragapult|Dragapult, F|57/100
|-damage|p2a: Dragapult|41/100|[from] Spikes
|-damage|p2a: Dragapult|29/100|[from] Stealth Rock
|move|p1a: Landorus|Taunt|p2a: Dragapult
|-start|p2a: Dragapult|move: Taunt
|
|upkeep
|turn|13
|
|t:|1758317430
|move|p2a: Dragapult|Hydro Pump|p1a: Landorus
|-supereffective|p1a: Landorus
|-damage|p1a: Landorus|0 fnt
|faint|p1a: Landorus
|
|upkeep
|
|t:|1758317435
|switch|p1a: Iron Crown|Iron Crown|100/100
|-damage|p1a: Iron Crown|76/100|[from] Spikes
|turn|14
|
|t:|1758317448
|switch|p2a: Landorus|Landorus-Therian, M|88/100
|-damage|p2a: Landorus|76/100|[from] Stealth Rock
|-ability|p2a: Landorus|Intimidate|boost
|-unboost|p1a: Iron Crown|atk|1
|move|p1a: Iron Crown|Future Sight|p2a: Landorus
|-start|p1a: Iron Crown|move: Future Sight
|
|upkeep
|turn|15
|
|t:|1758317462
|move|p2a: Landorus|Earthquake|p1a: Iron Crown
|-supereffective|p1a: Iron Crown
|-damage|p1a: Iron Crown|0 fnt
|faint|p1a: Iron Crown
|-end|p1a: Iron Crown|Quark Drive|[silent]
|
|upkeep
|
|t:|1758317468
|switch|p1a: Rillaboom|Rillaboom, F|100/100
|-fieldstart|move: Grassy Terrain|[from] ability: Grassy Surge|[of] p1a: Rillaboom
|turn|16
|inactive|MyXoo has 90 seconds left.
|
|t:|1758317500
|switch|p2a: Kingambit|Kingambit, M|100/100
|-damage|p2a: Kingambit|84/100|[from] Spikes
|-damage|p2a: Kingambit|78/100|[from] Stealth Rock
|-activate|p2a: Kingambit|ability: Supreme Overlord
|-start|p2a: Kingambit|fallen1|[silent]
|-terastallize|p1a: Rillaboom|Grass
|move|p1a: Rillaboom|Wood Hammer|p2a: Kingambit
|-resisted|p2a: Kingambit
|-damage|p2a: Kingambit|33/100
|-damage|p1a: Rillaboom|86/100|[from] Recoil
|
|-end|p2a: Kingambit|move: Future Sight
|-immune|p2a: Kingambit
|-heal|p1a: Rillaboom|92/100|[from] Grassy Terrain
|-heal|p2a: Kingambit|40/100|[from] Grassy Terrain
|-heal|p2a: Kingambit|46/100|[from] item: Leftovers
|upkeep
|turn|17
|inactive|MyXoo has 90 seconds left.
|inactive|MyXoo has 60 seconds left.
|
|t:|1758317545
|move|p2a: Kingambit|Sucker Punch|p1a: Rillaboom
|-crit|p1a: Rillaboom
|-damage|p1a: Rillaboom|24/100
|move|p1a: Rillaboom|Wood Hammer|p2a: Kingambit
|-resisted|p2a: Kingambit
|-damage|p2a: Kingambit|0 fnt
|faint|p2a: Kingambit
|-end|p2a: Kingambit|fallen1|[silent]
|-damage|p1a: Rillaboom|9/100|[from] Recoil
|
|-heal|p1a: Rillaboom|16/100|[from] Grassy Terrain
|upkeep
|inactive|MyXoo has 60 seconds left.
|
|t:|1758317557
|switch|p2a: Scizor|Scizor, F|31/100 brn
|-damage|p2a: Scizor|15/100 brn|[from] Spikes
|-damage|p2a: Scizor|3/100 brn|[from] Stealth Rock
|turn|18
|
|t:|1758317563
|switch|p1a: Samurott|Samurott-Hisui, F|28/100
|move|p2a: Scizor|Bullet Punch|p1a: Samurott
|-resisted|p1a: Samurott
|-damage|p1a: Samurott|13/100
|-damage|p2a: Scizor|0 fnt|[from] item: Life Orb
|faint|p2a: Scizor
|
|-heal|p1a: Samurott|20/100|[from] Grassy Terrain
|upkeep
|inactive|MyXoo has 60 seconds left.
|
|t:|1758317580
|switch|p2a: Dragapult|Dragapult, F|29/100
|-damage|p2a: Dragapult|12/100|[from] Spikes
|-damage|p2a: Dragapult|0 fnt|[from] Stealth Rock
|faint|p2a: Dragapult
|
|t:|1758317597
|switch|p2a: Iron Valiant|Iron Valiant|100/100
|-damage|p2a: Iron Valiant|84/100|[from] Spikes
|-damage|p2a: Iron Valiant|78/100|[from] Stealth Rock
|-enditem|p2a: Iron Valiant|Booster Energy
|-activate|p2a: Iron Valiant|ability: Quark Drive|[fromitem]
|-start|p2a: Iron Valiant|quarkdrivespe
|turn|19
|
|t:|1758317613
|move|p2a: Iron Valiant|Moonblast|p1a: Samurott
|-supereffective|p1a: Samurott
|-damage|p1a: Samurott|0 fnt
|faint|p1a: Samurott
|
|-heal|p2a: Iron Valiant|84/100|[from] Grassy Terrain
|upkeep
|
|t:|1758317620
|switch|p1a: Rillaboom|Rillaboom, F, tera:Grass|16/100
|turn|20
|
|t:|1758317634
|move|p2a: Iron Valiant|Vacuum Wave|p1a: Rillaboom
|-damage|p1a: Rillaboom|0 fnt
|faint|p1a: Rillaboom
|
|-heal|p2a: Iron Valiant|90/100|[from] Grassy Terrain
|-fieldend|move: Grassy Terrain
|upkeep
|
|t:|1758317640
|switch|p1a: Clefable|Clefable, M|67/100
|turn|21
|
|t:|1758317655
|-terastallize|p2a: Iron Valiant|Ghost
|move|p2a: Iron Valiant|Moonblast|p1a: Clefable
|-damage|p1a: Clefable|24/100
|move|p1a: Clefable|Moonblast|p2a: Iron Valiant
|-damage|p2a: Iron Valiant|39/100
|
|-heal|p1a: Clefable|30/100|[from] item: Leftovers
|upkeep
|turn|22
|-message|shatterstar1998 forfeited.
|
|win|MyXoo
|raw|shatterstar1998's rating: 1258 &rarr; <strong>1235</strong><br />(-23 for losing)
|raw|MyXoo's rating: 1291 &rarr; <strong>1314</strong><br />(+23 for winning)
