|j|‽Once-well trained
|j|☆Magibullet Shooter
|t:|1758264781
|gametype|singles
|player|p1|Once-well trained|lucas|1193
|player|p2|Magibullet Shooter|nancy|1237
|gen|9
|tier|[Gen 9] OU
|rated|
|rule|HP Percentage Mod: HP is shown in percentages
|rule|Endless Battle Clause: Forcing endless battles is banned
|rule|Species Clause: Limit one of each Pokémon
|rule|OHKO Clause: OHKO moves are banned
|rule|Evasion Items Clause: Evasion items are banned
|rule|Evasion Moves Clause: Evasion moves are banned
|rule|Evasion Abilities Clause: Evasion abilities are banned
|rule|Sleep Moves Clause: Sleep-inducing moves are banned
|clearpoke
|poke|p1|Primarina, M|
|poke|p1|Regidrago|
|poke|p1|Altaria, M|
|poke|p1|Ditto|
|poke|p1|Cinderace, F|
|poke|p1|Indeedee, M|
|poke|p2|Great Tusk|
|poke|p2|Raging Bolt|
|poke|p2|Dragapult, F|
|poke|p2|Slowking-Galar, F|
|poke|p2|Kingambit, M|
|poke|p2|Ogerpon-Wellspring, F|
|teampreview
|
|t:|1758264787
|teamsize|p1|6
|teamsize|p2|6
|start
|switch|p1a: Indeedee|Indeedee, M|100/100
|switch|p2a: Great Tusk|Great Tusk|100/100
|-fieldstart|move: Psychic Terrain|[from] ability: Psychic Surge|[of] p1a: Indeedee
|turn|1
|
|t:|1758264798
|-end|p2a: Great Tusk|Protosynthesis|[silent]
|switch|p2a: Kingambit|Kingambit, M|100/100
|move|p1a: Indeedee|Expanding Force|p2a: Kingambit
|-immune|p2a: Kingambit
|
|upkeep
|turn|2
|
|t:|1758264813
|switch|p1a: Cinderace|Cinderace, F|100/100
|move|p2a: Kingambit|Kowtow Cleave|p1a: Cinderace
|-damage|p1a: Cinderace|29/100
|
|upkeep
|turn|3
|
|t:|1758264822
|-end|p2a: Kingambit|fallenundefined|[silent]
|switch|p2a: Slowking|Slowking-Galar, F|100/100
|move|p1a: Cinderace|U-turn|p2a: Slowking
|-start|p1a: Cinderace|typechange|Bug|[from] ability: Libero
|-damage|p2a: Slowking|75/100
|
|t:|1758264829
|switch|p1a: Regidrago|Regidrago|100/100|[from] U-turn
|
|upkeep
|turn|4
|
|t:|1758264845
|-terastallize|p1a: Regidrago|Dragon
|move|p1a: Regidrago|Dragon Energy|p2a: Slowking
|-damage|p2a: Slowking|3/100
|move|p2a: Slowking|Sludge Bomb|p1a: Regidrago
|-damage|p1a: Regidrago|64/100
|-status|p1a: Regidrago|psn
|
|-damage|p1a: Regidrago|52/100 psn|[from] psn
|upkeep
|turn|5
|
|t:|1758264855
|switch|p2a: Ogerpon|Ogerpon-Wellspring, F|100/100
|move|p1a: Regidrago|Dragon Energy|p2a: Ogerpon
|-damage|p2a: Ogerpon|23/100
|
|-damage|p1a: Regidrago|40/100 psn|[from] psn
|upkeep
|turn|6
|
|t:|1758264867
|move|p1a: Regidrago|Dragon Energy|p2a: Ogerpon
|-damage|p2a: Ogerpon|0 fnt
|faint|p2a: Ogerpon
|
|-damage|p1a: Regidrago|27/100 psn|[from] psn
|upkeep
|
|t:|1758264875
|switch|p2a: Raging Bolt|Raging Bolt|100/100
|-enditem|p2a: Raging Bolt|Booster Energy
|-activate|p2a: Raging Bolt|ability: Protosynthesis|[fromitem]
|-start|p2a: Raging Bolt|protosynthesisspa
|turn|7
|
|t:|1758264881
|move|p2a: Raging Bolt|Thunderclap|p1a: Regidrago
|-activate|p1a: Regidrago|move: Psychic Terrain
|move|p1a: Regidrago|Dragon Energy|p2a: Raging Bolt
|-supereffective|p2a: Raging Bolt
|-damage|p2a: Raging Bolt|35/100
|
|-damage|p1a: Regidrago|15/100 psn|[from] psn
|upkeep
|turn|8
|
|t:|1758264888
|move|p1a: Regidrago|Dragon Energy|p2a: Raging Bolt
|-supereffective|p2a: Raging Bolt
|-damage|p2a: Raging Bolt|2/100
|move|p2a: Raging Bolt|Thunderbolt|p1a: Regidrago
|-resisted|p1a: Regidrago
|-damage|p1a: Regidrago|0 fnt
|faint|p1a: Regidrago
|
|-fieldend|move: Psychic Terrain
|upkeep
|
|t:|1758264896
|switch|p1a: Indeedee|Indeedee, M|100/100
|-fieldstart|move: Psychic Terrain|[from] ability: Psychic Surge|[of] p1a: Indeedee
|turn|9
|
|t:|1758264903
|-end|p2a: Raging Bolt|Protosynthesis|[silent]
|switch|p2a: Kingambit|Kingambit, M|100/100
|-activate|p2a: Kingambit|ability: Supreme Overlord
|-start|p2a: Kingambit|fallen1|[silent]
|move|p1a: Indeedee|Dazzling Gleam|p2a: Kingambit
|-damage|p2a: Kingambit|75/100
|
|-heal|p2a: Kingambit|81/100|[from] item: Leftovers
|upkeep
|turn|10
|
|t:|1758264914
|switch|p1a: Altaria|Altaria, M|100/100
|move|p2a: Kingambit|Swords Dance|p2a: Kingambit
|-boost|p2a: Kingambit|atk|2
|
|-heal|p2a: Kingambit|87/100|[from] item: Leftovers
|upkeep
|turn|11
|
|t:|1758264925
|-terastallize|p2a: Kingambit|Fire
|move|p1a: Altaria|Flamethrower|p2a: Kingambit
|-resisted|p2a: Kingambit
|-damage|p2a: Kingambit|80/100
|move|p2a: Kingambit|Kowtow Cleave|p1a: Altaria
|-damage|p1a: Altaria|0 fnt
|faint|p1a: Altaria
|
|-heal|p2a: Kingambit|86/100|[from] item: Leftovers
|upkeep
|
|t:|1758264936
|switch|p1a: Ditto|Ditto|100/100
|-transform|p1a: Ditto|p2a: Kingambit|[from] ability: Imposter
|-activate|p1a: Ditto|ability: Supreme Overlord
|-start|p1a: Ditto|fallen2|[silent]
|-start|p1a: Ditto|typechange|Dark/Steel|[silent]
|turn|12
|
|t:|1758264946
|move|p1a: Ditto|Sucker Punch|p2a: Kingambit
|-activate|p2a: Kingambit|move: Psychic Terrain
|move|p2a: Kingambit|Kowtow Cleave|p1a: Ditto
|-resisted|p1a: Ditto
|-damage|p1a: Ditto|42/100
|
|-heal|p2a: Kingambit|92/100|[from] item: Leftovers
|upkeep
|turn|13
|
|t:|1758264958
|move|p1a: Ditto|Sucker Punch|p2a: Kingambit
|-activate|p2a: Kingambit|move: Psychic Terrain
|move|p2a: Kingambit|Kowtow Cleave|p1a: Ditto
|-resisted|p1a: Ditto
|-damage|p1a: Ditto|0 fnt
|faint|p1a: Ditto
|-end|p1a: Ditto|fallen2|[silent]
|
|-heal|p2a: Kingambit|98/100|[from] item: Leftovers
|upkeep
|-message|Once-well trained forfeited.
|
|win|Magibullet Shooter
|raw|Once-well trained's rating: 1193 &rarr; <strong>1171</strong><br />(-22 for losing)
|raw|Magibullet Shooter's rating: 1237 &rarr; <strong>1259</strong><br />(+22 for winning)
|l|‽Once-well trained
|player|p1|
|l|☆Magibullet Shooter
|player|p2|
