|j|☆Flaretoon
|j|☆JD Doggin'
|t:|1758311378
|gametype|singles
|player|p1|Flaretoon|giovanni|1295
|player|p2|JD Doggin'|170|1297
|gen|9
|tier|[Gen 9] OU
|rated|
|rule|HP Percentage Mod: HP is shown in percentages
|rule|Endless Battle Clause: Forcing endless battles is banned
|rule|Species Clause: Limit one of each Pokémon
|rule|OHKO Clause: OHKO moves are banned
|rule|Evasion Items Clause: Evasion items are banned
|rule|Evasion Moves Clause: Evasion moves are banned
|rule|Evasion Abilities Clause: Evasion abilities are banned
|rule|Sleep Moves Clause: Sleep-inducing moves are banned
|clearpoke
|poke|p1|Iron Crown|
|poke|p1|Alomomola, F|
|poke|p1|Pecharunt|
|poke|p1|Darkrai|
|poke|p1|Dragonite, M|
|poke|p1|Great Tusk|
|poke|p2|Zoroark-Hisui, M|
|poke|p2|Bisharp, M|
|poke|p2|Lilligant-Hisui, F|
|poke|p2|Jirachi|
|poke|p2|Decidueye-Hisui, F|
|poke|p2|Tornadus, M|
|teampreview
|
|t:|1758311404
|teamsize|p1|6
|teamsize|p2|6
|start
|switch|p1a: Great Tusk|Great Tusk|100/100
|switch|p2a: Bisharp|Bisharp, M, shiny|100/100
|turn|1
|
|t:|1758311418
|switch|p2a: Lilligant|Lilligant-Hisui, F, shiny|100/100
|move|p1a: Great Tusk|Stealth Rock|p2a: Lilligant
|-sidestart|p2: JD Doggin'|move: Stealth Rock
|
|upkeep
|turn|2
|
|t:|1758311430
|switch|p2a: Bisharp|Bisharp, M, shiny|100/100
|-damage|p2a: Bisharp|95/100|[from] Stealth Rock
|-end|p1a: Great Tusk|Protosynthesis|[silent]
|switch|p1a: Iron Crown|Iron Crown|100/100
|
|upkeep
|turn|3
|
|t:|1758311438
|move|p1a: Iron Crown|Volt Switch|p2a: Bisharp
|-damage|p2a: Bisharp|54/100
|
|t:|1758311444
|-end|p1a: Iron Crown|Quark Drive|[silent]
|switch|p1a: Alomomola|Alomomola, F|100/100|[from] Volt Switch
|move|p2a: Bisharp|Stealth Rock|p1a: Alomomola
|-sidestart|p1: Flaretoon|move: Stealth Rock
|
|upkeep
|turn|4
|
|t:|1758311448
|move|p2a: Bisharp|Thunder Wave|p1a: Alomomola
|-status|p1a: Alomomola|par
|move|p1a: Alomomola|Flip Turn|p2a: Bisharp
|-damage|p2a: Bisharp|33/100
|
|t:|1758311465
|switch|p1a: Great Tusk|Great Tusk|100/100|[from] Flip Turn
|-damage|p1a: Great Tusk|97/100|[from] Stealth Rock
|
|-heal|p1a: Great Tusk|100/100|[from] item: Leftovers
|upkeep
|turn|5
|
|t:|1758311482
|move|p1a: Great Tusk|Earthquake|p2a: Bisharp
|-supereffective|p2a: Bisharp
|-damage|p2a: Bisharp|0 fnt
|faint|p2a: Bisharp
|
|upkeep
|
|t:|1758311496
|switch|p2a: Tornadus|Tornadus, M|100/100
|turn|6
|
|t:|1758311506
|-end|p1a: Great Tusk|Protosynthesis|[silent]
|switch|p1a: Iron Crown|Iron Crown|100/100
|-damage|p1a: Iron Crown|94/100|[from] Stealth Rock
|move|p2a: Tornadus|Bleakwind Storm|p1a: Iron Crown
|-resisted|p1a: Iron Crown
|-damage|p1a: Iron Crown|78/100
|
|upkeep
|turn|7
|
|t:|1758311514
|move|p2a: Tornadus|U-turn|p1a: Iron Crown
|-damage|p1a: Iron Crown|60/100
|
|t:|1758311516
|switch|p2a: Jirachi|Jirachi|100/100|[from] U-turn
|-damage|p2a: Jirachi|94/100|[from] Stealth Rock
|move|p1a: Iron Crown|Volt Switch|p2a: Jirachi
|-damage|p2a: Jirachi|80/100
|
|t:|1758311537
|-end|p1a: Iron Crown|Quark Drive|[silent]
|switch|p1a: Great Tusk|Great Tusk|100/100|[from] Volt Switch
|-damage|p1a: Great Tusk|97/100|[from] Stealth Rock
|
|-heal|p1a: Great Tusk|100/100|[from] item: Leftovers
|upkeep
|turn|8
|
|t:|1758311554
|switch|p2a: Tornadus|Tornadus, M|100/100
|move|p1a: Great Tusk|Earthquake|p2a: Tornadus
|-immune|p2a: Tornadus
|
|upkeep
|turn|9
|
|t:|1758311573
|-end|p1a: Great Tusk|Protosynthesis|[silent]
|switch|p1a: Iron Crown|Iron Crown|60/100
|-damage|p1a: Iron Crown|54/100|[from] Stealth Rock
|move|p2a: Tornadus|U-turn|p1a: Iron Crown
|-damage|p1a: Iron Crown|36/100
|
|t:|1758311619
|switch|p2a: Jirachi|Jirachi|100/100|[from] U-turn
|-damage|p2a: Jirachi|88/100|[from] Stealth Rock
|
|upkeep
|turn|10
|
|t:|1758311627
|move|p2a: Jirachi|Shadow Ball|p1a: Iron Crown
|-supereffective|p1a: Iron Crown
|-crit|p1a: Iron Crown
|-damage|p1a: Iron Crown|0 fnt
|faint|p1a: Iron Crown
|-end|p1a: Iron Crown|Quark Drive|[silent]
|
|upkeep
|
|t:|1758311641
|switch|p1a: Great Tusk|Great Tusk|100/100
|-damage|p1a: Great Tusk|97/100|[from] Stealth Rock
|turn|11
|
|t:|1758311648
|move|p2a: Jirachi|Shadow Ball|p1a: Great Tusk
|-damage|p1a: Great Tusk|5/100
|move|p1a: Great Tusk|Rapid Spin|p2a: Jirachi
|-immune|p2a: Jirachi
|
|-heal|p1a: Great Tusk|11/100|[from] item: Leftovers
|upkeep
|turn|12
|
|t:|1758311706
|-end|p1a: Great Tusk|Protosynthesis|[silent]
|switch|p1a: Darkrai|Darkrai|100/100
|move|p2a: Jirachi|Shadow Ball|p1a: Darkrai
|-resisted|p1a: Darkrai
|-damage|p1a: Darkrai|64/100
|
|upkeep
|turn|13
|
|t:|1758311773
|switch|p2a: Jirachi|Jirachi|80/100
|-damage|p2a: Jirachi|74/100|[from] Stealth Rock
|move|p1a: Darkrai|Dark Pulse|p2a: Jirachi
|-supereffective|p2a: Jirachi
|-damage|p2a: Jirachi|23/100
|
|upkeep
|turn|14
|inactive|Battle timer is ON: inactive players will automatically lose when time's up. (requested by Flaretoon)
|
|t:|1758311798
|switch|p2a: Decidueye|Decidueye-Hisui, F, shiny|100/100
|-damage|p2a: Decidueye|95/100|[from] Stealth Rock
|move|p1a: Darkrai|Dark Pulse|p2a: Decidueye
|-resisted|p2a: Decidueye
|-damage|p2a: Decidueye|72/100
|
|upkeep
|turn|15
|
|t:|1758311825
|-terastallize|p1a: Darkrai|Fairy
|move|p1a: Darkrai|Tera Blast|p2a: Decidueye|[anim] Tera Blast Fairy
|-supereffective|p2a: Decidueye
|-damage|p2a: Decidueye|0 fnt
|faint|p2a: Decidueye
|
|upkeep
|
|t:|1758311842
|switch|p2a: Tornadus|Tornadus, M|100/100
|turn|16
|
|t:|1758311853
|switch|p1a: Pecharunt|Pecharunt|100/100
|move|p2a: Tornadus|Bleakwind Storm|p1a: Pecharunt
|-damage|p1a: Pecharunt|53/100
|
|upkeep
|turn|17
|
|t:|1758311863
|move|p2a: Tornadus|Psychic|p1a: Pecharunt
|-supereffective|p1a: Pecharunt
|-damage|p1a: Pecharunt|0 fnt
|faint|p1a: Pecharunt
|
|upkeep
|
|t:|1758311866
|switch|p1a: Dragonite|Dragonite, M|100/100
|turn|18
|
|t:|1758311871
|move|p2a: Tornadus|Bleakwind Storm|p1a: Dragonite
|-damage|p1a: Dragonite|79/100
|-unboost|p1a: Dragonite|spe|1
|move|p1a: Dragonite|Dragon Dance|p1a: Dragonite
|-boost|p1a: Dragonite|atk|1
|-boost|p1a: Dragonite|spe|1
|
|upkeep
|turn|19
|
|t:|1758311879
|move|p2a: Tornadus|Bleakwind Storm|p1a: Dragonite
|-damage|p1a: Dragonite|31/100
|-unboost|p1a: Dragonite|spe|1
|move|p1a: Dragonite|Dragon Dance|p1a: Dragonite
|-boost|p1a: Dragonite|atk|1
|-boost|p1a: Dragonite|spe|1
|
|upkeep
|turn|20
|
|t:|1758311896
|switch|p2a: Jirachi|Jirachi|23/100
|-damage|p2a: Jirachi|17/100|[from] Stealth Rock
|move|p1a: Dragonite|Extreme Speed|p2a: Jirachi
|-resisted|p2a: Jirachi
|-damage|p2a: Jirachi|0 fnt
|faint|p2a: Jirachi
|
|upkeep
|
|t:|1758311901
|switch|p2a: Tornadus|Tornadus, M|88/100
|-damage|p2a: Tornadus|76/100|[from] Stealth Rock
|turn|21
|
|t:|1758311920
|switch|p1a: Alomomola|Alomomola, F|100/100 par
|move|p2a: Tornadus|Shadow Ball|p1a: Alomomola
|-damage|p1a: Alomomola|31/100 par
|-unboost|p1a: Alomomola|spd|1
|
|upkeep
|turn|22
|
|t:|1758311926
|move|p2a: Tornadus|Shadow Ball|p1a: Alomomola
|-damage|p1a: Alomomola|0 fnt
|faint|p1a: Alomomola
|
|upkeep
|
|t:|1758311930
|switch|p1a: Darkrai|Darkrai, tera:Fairy|64/100
|turn|23
|c|☆JD Doggin'|helluva competitor
|
|t:|1758311953
|switch|p2a: Lilligant|Lilligant-Hisui, F, shiny|100/100
|-damage|p2a: Lilligant|94/100|[from] Stealth Rock
|move|p1a: Darkrai|Dark Pulse|p2a: Lilligant
|-resisted|p2a: Lilligant
|-damage|p2a: Lilligant|65/100
|
|upkeep
|turn|24
|c|☆JD Doggin'|I can win several ways
|c|☆JD Doggin'|but lets see
|c|☆Flaretoon|i know
|inactive|JD Doggin' has 120 seconds left.
|
|t:|1758311974
|move|p1a: Darkrai|Tera Blast|p2a: Lilligant|[anim] Tera Blast Fairy
|-supereffective|p2a: Lilligant
|-damage|p2a: Lilligant|0 fnt
|faint|p2a: Lilligant
|
|upkeep
|
|t:|1758311978
|switch|p2a: Tornadus|Tornadus, M|100/100
|turn|25
|
|t:|1758311990
|move|p1a: Darkrai|Dark Pulse|p2a: Tornadus
|-damage|p2a: Tornadus|47/100
|move|p2a: Tornadus|Bleakwind Storm|p1a: Darkrai
|-damage|p1a: Darkrai|6/100
|
|upkeep
|turn|26
|
|t:|1758311998
|move|p2a: Tornadus|Tailwind|p2a: Tornadus
|-sidestart|p2: JD Doggin'|move: Tailwind
|move|p1a: Darkrai|Dark Pulse|p2a: Tornadus
|-damage|p2a: Tornadus|0 fnt
|faint|p2a: Tornadus
|
|upkeep
|
|t:|1758312003
|switch|p2a: Zoroark|Zoroark-Hisui, M, shiny|76/100
|-damage|p2a: Zoroark|63/100|[from] Stealth Rock
|turn|27
|
|t:|1758312010
|-terastallize|p2a: Zoroark|Ghost
|move|p2a: Zoroark|Shadow Ball|p1a: Darkrai
|-damage|p1a: Darkrai|0 fnt
|faint|p1a: Darkrai
|
|upkeep
|
|t:|1758312014
|switch|p1a: Great Tusk|Great Tusk|11/100
|-damage|p1a: Great Tusk|8/100|[from] Stealth Rock
|turn|28
|
|t:|1758312018
|move|p2a: Zoroark|Shadow Ball|p1a: Great Tusk
|-damage|p1a: Great Tusk|0 fnt
|faint|p1a: Great Tusk
|-end|p1a: Great Tusk|Protosynthesis|[silent]
|
|upkeep
|
|t:|1758312021
|switch|p1a: Dragonite|Dragonite, M|31/100
|turn|29
|
|t:|1758312024
|move|p2a: Zoroark|Shadow Ball|p1a: Dragonite
|-damage|p1a: Dragonite|0 fnt
|faint|p1a: Dragonite
|
|win|JD Doggin'
|raw|Flaretoon's rating: 1295 &rarr; <strong>1270</strong><br />(-25 for losing)
|raw|JD Doggin&apos;'s rating: 1297 &rarr; <strong>1322</strong><br />(+25 for winning)
|l|☆Flaretoon
|player|p1|
