|j|☆Kiwi84
|j|☆tentacultmember
|t:|1758260447
|gametype|singles
|player|p1|Kiwi84|clown|1196
|player|p2|tentacultmember|169|1201
|gen|9
|tier|[Gen 9] OU
|rated|
|rule|HP Percentage Mod: HP is shown in percentages
|rule|Endless Battle Clause: Forcing endless battles is banned
|rule|Species Clause: Limit one of each Pokémon
|rule|OHKO Clause: OHKO moves are banned
|rule|Evasion Items Clause: Evasion items are banned
|rule|Evasion Moves Clause: Evasion moves are banned
|rule|Evasion Abilities Clause: Evasion abilities are banned
|rule|Sleep Moves Clause: Sleep-inducing moves are banned
|clearpoke
|poke|p1|Gliscor, M|
|poke|p1|Magnezone|
|poke|p1|Moltres|
|poke|p1|Toxapex, F|
|poke|p1|Weavile, F|
|poke|p1|Serperior, F|
|poke|p2|Ursaluna, F|
|poke|p2|Indeedee, M|
|poke|p2|Hoopa-Unbound|
|poke|p2|Hatterene, F|
|poke|p2|Iron Valiant|
|poke|p2|Gallade, M|
|teampreview
|inactive|Battle timer is ON: inactive players will automatically lose when time's up. (requested by tentacultmember)
|inactive|Kiwi84 also wants the timer to be on.
|
|t:|1758260464
|teamsize|p1|6
|teamsize|p2|6
|start
|switch|p1a: Weavile|Weavile, F|100/100
|switch|p2a: Indeedee|Indeedee, M|100/100
|-ability|p1a: Weavile|Pressure
|-fieldstart|move: Psychic Terrain|[from] ability: Psychic Surge|[of] p2a: Indeedee
|turn|1
|
|t:|1758260475
|move|p1a: Weavile|Knock Off|p2a: Indeedee
|-supereffective|p2a: Indeedee
|-enditem|p2a: Indeedee|Focus Sash
|-damage|p2a: Indeedee|1/100
|move|p2a: Indeedee|Trick Room|p2a: Indeedee
|-fieldstart|move: Trick Room|[of] p2a: Indeedee
|
|upkeep
|turn|2
|
|t:|1758260485
|-terastallize|p2a: Indeedee|Fairy
|move|p2a: Indeedee|Draining Kiss|p1a: Weavile
|-supereffective|p1a: Weavile
|-damage|p1a: Weavile|21/100
|-heal|p2a: Indeedee|52/100|[from] drain|[of] p1a: Weavile
|move|p1a: Weavile|Knock Off|p2a: Indeedee
|-resisted|p2a: Indeedee
|-damage|p2a: Indeedee|11/100
|
|upkeep
|turn|3
|
|t:|1758260504
|switch|p1a: Toxapex|Toxapex, F|100/100
|move|p2a: Indeedee|Draining Kiss|p1a: Toxapex
|-resisted|p1a: Toxapex
|-damage|p1a: Toxapex|89/100
|-heal|p2a: Indeedee|19/100|[from] drain|[of] p1a: Toxapex
|
|upkeep
|turn|4
|
|t:|1758260521
|move|p1a: Toxapex|Infestation|p2a: Indeedee
|-resisted|p2a: Indeedee
|-damage|p2a: Indeedee|17/100
|-activate|p2a: Indeedee|move: Infestation|[of] p1a: Toxapex
|move|p2a: Indeedee|Expanding Force|p1a: Toxapex
|-supereffective|p1a: Toxapex
|-damage|p1a: Toxapex|0 fnt
|faint|p1a: Toxapex
|
|-end|p2a: Indeedee|Infestation|[partiallytrapped]|[silent]
|upkeep
|
|t:|1758260531
|switch|p1a: Moltres|Moltres|100/100
|turn|5
|
|t:|1758260536
|move|p2a: Indeedee|Expanding Force|p1a: Moltres
|-damage|p1a: Moltres|22/100
|move|p1a: Moltres|Scorching Sands|p2a: Indeedee
|-damage|p2a: Indeedee|0 fnt
|faint|p2a: Indeedee
|
|-fieldend|move: Trick Room
|-fieldend|move: Psychic Terrain
|upkeep
|
|t:|1758260545
|switch|p2a: Gallade|Gallade, M|100/100
|turn|6
|
|t:|1758260558
|move|p1a: Moltres|Scorching Sands|p2a: Gallade
|-damage|p2a: Gallade|83/100
|move|p2a: Gallade|Trick Room|p2a: Gallade
|-fieldstart|move: Trick Room|[of] p2a: Gallade
|
|upkeep
|turn|7
|
|t:|1758260565
|move|p2a: Gallade|Knock Off|p1a: Moltres
|-damage|p1a: Moltres|0 fnt
|-enditem|p1a: Moltres|Heavy-Duty Boots|[from] move: Knock Off|[of] p2a: Gallade
|faint|p1a: Moltres
|
|upkeep
|
|t:|1758260576
|switch|p1a: Gliscor|Gliscor, M|100/100
|turn|8
|
|t:|1758260584
|move|p2a: Gallade|Knock Off|p1a: Gliscor
|-damage|p1a: Gliscor|70/100
|-enditem|p1a: Gliscor|Toxic Orb|[from] move: Knock Off|[of] p2a: Gallade
|move|p1a: Gliscor|Knock Off|p2a: Gallade
|-damage|p2a: Gallade|52/100
|-enditem|p2a: Gallade|Focus Sash|[from] move: Knock Off|[of] p1a: Gliscor
|
|upkeep
|turn|9
|
|t:|1758260599
|switch|p1a: Magnezone|Magnezone|100/100
|move|p2a: Gallade|Bulk Up|p2a: Gallade
|-boost|p2a: Gallade|atk|1
|-boost|p2a: Gallade|def|1
|
|upkeep
|turn|10
|
|t:|1758260609
|move|p2a: Gallade|Drain Punch|p1a: Magnezone
|-supereffective|p1a: Magnezone
|-damage|p1a: Magnezone|0 fnt
|-heal|p2a: Gallade|93/100|[from] drain|[of] p1a: Magnezone
|faint|p1a: Magnezone
|
|-fieldend|move: Trick Room
|upkeep
|
|t:|1758260619
|switch|p1a: Gliscor|Gliscor, M|70/100
|turn|11
|
|t:|1758260623
|move|p1a: Gliscor|Facade|p2a: Gallade
|-damage|p2a: Gallade|78/100
|move|p2a: Gallade|Trick Room|p2a: Gallade
|-fieldstart|move: Trick Room|[of] p2a: Gallade
|
|upkeep
|turn|12
|-message|Kiwi84 forfeited.
|
|win|tentacultmember
|raw|Kiwi84's rating: 1223 &rarr; <strong>1196</strong><br />(-27 for losing)
|raw|tentacultmember's rating: 1201 &rarr; <strong>1228</strong><br />(+27 for winning)
|l|☆Kiwi84
|player|p1|
|l|☆tentacultmember
|player|p2|
