|j|☆expsnake
|j|☆CherylBush
|t:|1758240241
|gametype|singles
|player|p1|expsnake|boarder|1518
|player|p2|CherylBush|mallow-masters|1502
|gen|9
|tier|[Gen 9] OU
|rated|
|rule|HP Percentage Mod: HP is shown in percentages
|rule|Endless Battle Clause: Forcing endless battles is banned
|rule|Species Clause: Limit one of each Pokémon
|rule|OHKO Clause: OHKO moves are banned
|rule|Evasion Items Clause: Evasion items are banned
|rule|Evasion Moves Clause: Evasion moves are banned
|rule|Evasion Abilities Clause: Evasion abilities are banned
|rule|Sleep Moves Clause: Sleep-inducing moves are banned
|clearpoke
|poke|p1|Pelipper, F|
|poke|p1|Pincurchin, F|
|poke|p1|Iron Jugulis|
|poke|p1|Iron Treads|
|poke|p1|Raging Bolt|
|poke|p1|Barraskewda, M|
|poke|p2|Landorus-Therian, M|
|poke|p2|Skeledirge, M|
|poke|p2|Skarmory, M|
|poke|p2|Hydrapple, M|
|poke|p2|Samurott-Hisui, M|
|poke|p2|Fezandipiti, M|
|teampreview
|inactive|Battle timer is ON: inactive players will automatically lose when time's up. (requested by expsnake)
|
|t:|1758240268
|teamsize|p1|6
|teamsize|p2|6
|start
|switch|p1a: Pelipper|Pelipper, F|100/100
|switch|p2a: Samurott|Samurott-Hisui, M, shiny|100/100
|-weather|RainDance|[from] ability: Drizzle|[of] p1a: Pelipper
|turn|1
|
|t:|1758240274
|move|p2a: Samurott|Knock Off|p1a: Pelipper
|-damage|p1a: Pelipper|65/100
|-enditem|p1a: Pelipper|Damp Rock|[from] move: Knock Off|[of] p2a: Samurott
|move|p1a: Pelipper|U-turn|p2a: Samurott
|-supereffective|p2a: Samurott
|-damage|p2a: Samurott|79/100
|
|t:|1758240276
|switch|p1a: Pincurchin|Pincurchin, F|100/100|[from] U-turn
|-fieldstart|move: Electric Terrain|[from] ability: Electric Surge|[of] p1a: Pincurchin
|
|-weather|RainDance|[upkeep]
|upkeep
|turn|2
|
|t:|1758240287
|move|p2a: Samurott|Ceaseless Edge|p1a: Pincurchin
|-damage|p1a: Pincurchin|58/100
|-sidestart|p1: expsnake|Spikes
|move|p1a: Pincurchin|Toxic Spikes|p2a: Samurott
|-sidestart|p2: CherylBush|move: Toxic Spikes
|
|-weather|RainDance|[upkeep]
|upkeep
|turn|3
|
|t:|1758240293
|move|p2a: Samurott|Knock Off|p1a: Pincurchin
|-damage|p1a: Pincurchin|14/100
|-enditem|p1a: Pincurchin|Terrain Extender|[from] move: Knock Off|[of] p2a: Samurott
|move|p1a: Pincurchin|Toxic Spikes|p2a: Samurott
|-sidestart|p2: CherylBush|move: Toxic Spikes
|
|-weather|RainDance|[upkeep]
|upkeep
|turn|4
|
|t:|1758240298
|move|p2a: Samurott|Ceaseless Edge|p1a: Pincurchin
|-damage|p1a: Pincurchin|0 fnt
|-sidestart|p1: expsnake|Spikes
|faint|p1a: Pincurchin
|
|-weather|RainDance|[upkeep]
|upkeep
|
|t:|1758240307
|switch|p1a: Iron Jugulis|Iron Jugulis|100/100
|-activate|p1a: Iron Jugulis|ability: Quark Drive
|-start|p1a: Iron Jugulis|quarkdrivespe
|turn|5
|
|t:|1758240311
|move|p1a: Iron Jugulis|Hurricane|p2a: Samurott
|-damage|p2a: Samurott|0 fnt
|faint|p2a: Samurott
|-damage|p1a: Iron Jugulis|91/100|[from] item: Life Orb
|
|-weather|RainDance|[upkeep]
|upkeep
|
|t:|1758240320
|switch|p2a: Fez Boi|Fezandipiti, M|100/100
|-sideend|p2: CherylBush|move: Toxic Spikes|[of] p2a: Fez Boi
|turn|6
|
|t:|1758240329
|move|p1a: Iron Jugulis|Earth Power|p2a: Fez Boi
|-supereffective|p2a: Fez Boi
|-damage|p2a: Fez Boi|52/100
|-damage|p1a: Iron Jugulis|81/100|[from] item: Life Orb
|move|p2a: Fez Boi|Moonblast|p1a: Iron Jugulis
|-supereffective|p1a: Iron Jugulis
|-damage|p1a: Iron Jugulis|20/100
|-unboost|p1a: Iron Jugulis|spa|1
|
|-weather|RainDance|[upkeep]
|upkeep
|turn|7
|
|t:|1758240336
|-end|p1a: Iron Jugulis|Quark Drive|[silent]
|switch|p1a: Iron Treads|Iron Treads|100/100
|-damage|p1a: Iron Treads|84/100|[from] Spikes
|-activate|p1a: Iron Treads|ability: Quark Drive
|-start|p1a: Iron Treads|quarkdrivespe
|move|p2a: Fez Boi|Roost|p2a: Fez Boi
|-heal|p2a: Fez Boi|100/100
|-singleturn|p2a: Fez Boi|move: Roost
|
|-weather|RainDance|[upkeep]
|upkeep
|turn|8
|
|t:|1758240347
|switch|p2a: Skeledirge|Skeledirge, M, shiny|100/100
|move|p1a: Iron Treads|Thunder|p2a: Skeledirge
|-damage|p2a: Skeledirge|74/100
|
|-weather|none
|-fieldend|move: Electric Terrain
|-end|p1a: Iron Treads|Quark Drive
|upkeep
|turn|9
|
|t:|1758240353
|move|p1a: Iron Treads|Earth Power|p2a: Skeledirge
|-supereffective|p2a: Skeledirge
|-damage|p2a: Skeledirge|25/100
|move|p2a: Skeledirge|Torch Song|p1a: Iron Treads
|-supereffective|p1a: Iron Treads
|-damage|p1a: Iron Treads|0 fnt
|-boost|p2a: Skeledirge|spa|1
|faint|p1a: Iron Treads
|-end|p1a: Iron Treads|Quark Drive|[silent]
|
|upkeep
|
|t:|1758240357
|switch|p1a: Pelipper|Pelipper, F|65/100
|-weather|RainDance|[from] ability: Drizzle|[of] p1a: Pelipper
|turn|10
|
|t:|1758240365
|move|p2a: Skeledirge|Slack Off|p2a: Skeledirge
|-heal|p2a: Skeledirge|75/100
|move|p1a: Pelipper|Hurricane|p2a: Skeledirge
|-damage|p2a: Skeledirge|46/100
|
|-weather|RainDance|[upkeep]
|upkeep
|turn|11
|
|t:|1758240369
|move|p2a: Skeledirge|Slack Off|p2a: Skeledirge
|-heal|p2a: Skeledirge|96/100
|move|p1a: Pelipper|Surf|p2a: Skeledirge
|-supereffective|p2a: Skeledirge
|-damage|p2a: Skeledirge|20/100
|
|-weather|RainDance|[upkeep]
|upkeep
|turn|12
|
|t:|1758240372
|move|p2a: Skeledirge|Tera Blast|p1a: Pelipper
|-damage|p1a: Pelipper|27/100
|move|p1a: Pelipper|Surf|p2a: Skeledirge
|-supereffective|p2a: Skeledirge
|-damage|p2a: Skeledirge|0 fnt
|faint|p2a: Skeledirge
|
|-weather|RainDance|[upkeep]
|upkeep
|
|t:|1758240379
|switch|p2a: Fez Boi|Fezandipiti, M|100/100
|turn|13
|
|t:|1758240386
|move|p2a: Fez Boi|Moonblast|p1a: Pelipper
|-damage|p1a: Pelipper|0 fnt
|faint|p1a: Pelipper
|
|-weather|RainDance|[upkeep]
|upkeep
|
|t:|1758240393
|switch|p1a: Iron Jugulis|Iron Jugulis|20/100
|turn|14
|
|t:|1758240398
|move|p1a: Iron Jugulis|Earth Power|p2a: Fez Boi
|-supereffective|p2a: Fez Boi
|-damage|p2a: Fez Boi|52/100
|-damage|p1a: Iron Jugulis|11/100|[from] item: Life Orb
|move|p2a: Fez Boi|Moonblast|p1a: Iron Jugulis
|-supereffective|p1a: Iron Jugulis
|-damage|p1a: Iron Jugulis|0 fnt
|faint|p1a: Iron Jugulis
|-end|p1a: Iron Jugulis|Quark Drive|[silent]
|
|-weather|none
|upkeep
|
|t:|1758240405
|switch|p1a: Barraskewda|Barraskewda, M|100/100
|-damage|p1a: Barraskewda|84/100|[from] Spikes
|turn|15
|
|t:|1758240416
|switch|p2a: Leviathan|Hydrapple, M, shiny|100/100
|move|p1a: Barraskewda|Flip Turn|p2a: Leviathan
|-resisted|p2a: Leviathan
|-damage|p2a: Leviathan|93/100
|
|t:|1758240418
|switch|p1a: Raging Bolt|Raging Bolt|100/100|[from] Flip Turn
|-damage|p1a: Raging Bolt|84/100|[from] Spikes
|-enditem|p1a: Raging Bolt|Booster Energy
|-activate|p1a: Raging Bolt|ability: Protosynthesis|[fromitem]
|-start|p1a: Raging Bolt|protosynthesisspa
|
|upkeep
|turn|16
|
|t:|1758240426
|switch|p2a: Fez Boi|Fezandipiti, M|52/100
|move|p1a: Raging Bolt|Dragon Pulse|p2a: Fez Boi
|-immune|p2a: Fez Boi
|
|upkeep
|turn|17
|-message|expsnake forfeited.
|
|win|CherylBush
|raw|expsnake's rating: 1518 &rarr; <strong>1497</strong><br />(-21 for losing)
|raw|CherylBush's rating: 1502 &rarr; <strong>1523</strong><br />(+21 for winning)
|l|☆expsnake
|player|p1|
|l|☆CherylBush
|player|p2|
