|j|☆meio_potato
|j|☆zachimations
|t:|1758244365
|gametype|singles
|player|p1|meio_potato|dawn-gen4pt|1476
|player|p2|zachimations|sordward|1528
|gen|9
|tier|[Gen 9] OU
|rated|
|rule|HP Percentage Mod: HP is shown in percentages
|rule|Endless Battle Clause: Forcing endless battles is banned
|rule|Species Clause: Limit one of each Pokémon
|rule|OHKO Clause: OHKO moves are banned
|rule|Evasion Items Clause: Evasion items are banned
|rule|Evasion Moves Clause: Evasion moves are banned
|rule|Evasion Abilities Clause: Evasion abilities are banned
|rule|Sleep Moves Clause: Sleep-inducing moves are banned
|clearpoke
|poke|p1|Gastrodon-East, F|
|poke|p1|Garchomp, M|
|poke|p1|Iron Valiant|
|poke|p1|Iron Treads|
|poke|p1|Blaziken, F|
|poke|p1|Azumarill, F|
|poke|p2|Deoxys-Speed|
|poke|p2|Great Tusk|
|poke|p2|Dragonite, M|
|poke|p2|Kingambit, M|
|poke|p2|Primarina, M|
|poke|p2|Raging Bolt|
|teampreview
|inactive|Battle timer is ON: inactive players will automatically lose when time's up. (requested by meio_potato)
|inactive|zachimations also wants the timer to be on.
|
|t:|1758244388
|teamsize|p1|6
|teamsize|p2|6
|start
|switch|p1a: Escargot|Gastrodon-East, F|100/100
|switch|p2a: Wembanyama|Deoxys-Speed|100/100
|-ability|p2a: Wembanyama|Pressure
|turn|1
|
|t:|1758244400
|move|p2a: Wembanyama|Stealth Rock|p1a: Escargot
|-sidestart|p1: meio_potato|move: Stealth Rock
|move|p1a: Escargot|Chilling Water|p2a: Wembanyama
|-damage|p2a: Wembanyama|70/100
|-unboost|p2a: Wembanyama|atk|1
|
|upkeep
|turn|2
|
|t:|1758244406
|move|p2a: Wembanyama|Knock Off|p1a: Escargot
|-damage|p1a: Escargot|87/100
|-enditem|p1a: Escargot|Assault Vest|[from] move: Knock Off|[of] p2a: Wembanyama
|move|p1a: Escargot|Earth Power|p2a: Wembanyama
|-damage|p2a: Wembanyama|14/100
|
|upkeep
|turn|3
|
|t:|1758244415
|move|p2a: Wembanyama|Psychic Noise|p1a: Escargot
|-damage|p1a: Escargot|63/100
|-start|p1a: Escargot|move: Heal Block
|move|p1a: Escargot|Chilling Water|p2a: Wembanyama
|-damage|p2a: Wembanyama|0 fnt
|faint|p2a: Wembanyama
|
|upkeep
|inactive|zachimations has 120 seconds left.
|
|t:|1758244448
|switch|p2a: Imagine Dragon|Dragonite, M|100/100
|turn|4
|
|t:|1758244451
|move|p2a: Imagine Dragon|Dragon Dance|p2a: Imagine Dragon
|-boost|p2a: Imagine Dragon|atk|1
|-boost|p2a: Imagine Dragon|spe|1
|move|p1a: Escargot|Chilling Water|p2a: Imagine Dragon
|-resisted|p2a: Imagine Dragon
|-damage|p2a: Imagine Dragon|94/100
|-unboost|p2a: Imagine Dragon|atk|1
|
|-end|p1a: Escargot|move: Heal Block
|upkeep
|turn|5
|
|t:|1758244467
|move|p2a: Imagine Dragon|Dragon Dance|p2a: Imagine Dragon
|-boost|p2a: Imagine Dragon|atk|1
|-boost|p2a: Imagine Dragon|spe|1
|move|p1a: Escargot|Ice Beam|p2a: Imagine Dragon
|-supereffective|p2a: Imagine Dragon
|-damage|p2a: Imagine Dragon|0 fnt
|faint|p2a: Imagine Dragon
|
|upkeep
|inactive|zachimations has 120 seconds left.
|
|t:|1758244482
|switch|p2a: Shaved Bumhole|Great Tusk|100/100
|-enditem|p2a: Shaved Bumhole|Booster Energy
|-activate|p2a: Shaved Bumhole|ability: Protosynthesis|[fromitem]
|-start|p2a: Shaved Bumhole|protosynthesisspe
|turn|6
|
|t:|1758244486
|move|p2a: Shaved Bumhole|Headlong Rush|p1a: Escargot
|-damage|p1a: Escargot|12/100
|-unboost|p2a: Shaved Bumhole|def|1
|-unboost|p2a: Shaved Bumhole|spd|1
|move|p1a: Escargot|Chilling Water|p2a: Shaved Bumhole
|-supereffective|p2a: Shaved Bumhole
|-damage|p2a: Shaved Bumhole|18/100
|-unboost|p2a: Shaved Bumhole|atk|1
|
|upkeep
|turn|7
|
|t:|1758244494
|move|p2a: Shaved Bumhole|Headlong Rush|p1a: Escargot
|-damage|p1a: Escargot|0 fnt
|-unboost|p2a: Shaved Bumhole|def|1
|-unboost|p2a: Shaved Bumhole|spd|1
|faint|p1a: Escargot
|
|upkeep
|
|t:|1758244498
|switch|p1a: Kiddy Pool|Azumarill, F, shiny|100/100
|-damage|p1a: Kiddy Pool|88/100|[from] Stealth Rock
|turn|8
|
|t:|1758244504
|-end|p2a: Shaved Bumhole|Protosynthesis|[silent]
|switch|p2a: DONT TAP THE GLASS|Primarina, M|100/100
|move|p1a: Kiddy Pool|Belly Drum|p1a: Kiddy Pool
|-damage|p1a: Kiddy Pool|38/100
|-setboost|p1a: Kiddy Pool|atk|6|[from] move: Belly Drum
|-enditem|p1a: Kiddy Pool|Sitrus Berry|[eat]
|-heal|p1a: Kiddy Pool|63/100|[from] item: Sitrus Berry
|
|upkeep
|turn|9
|
|t:|1758244513
|move|p2a: DONT TAP THE GLASS|Moonblast|p1a: Kiddy Pool
|-damage|p1a: Kiddy Pool|8/100
|move|p1a: Kiddy Pool|Play Rough|p2a: DONT TAP THE GLASS
|-crit|p2a: DONT TAP THE GLASS
|-damage|p2a: DONT TAP THE GLASS|0 fnt
|faint|p2a: DONT TAP THE GLASS
|
|upkeep
|
|t:|1758244524
|switch|p2a: Ashoom Ky|Raging Bolt|100/100
|-enditem|p2a: Ashoom Ky|Booster Energy
|-activate|p2a: Ashoom Ky|ability: Protosynthesis|[fromitem]
|-start|p2a: Ashoom Ky|protosynthesisspa
|turn|10
|
|t:|1758244529
|move|p2a: Ashoom Ky|Thunderclap|p1a: Kiddy Pool
|-supereffective|p1a: Kiddy Pool
|-damage|p1a: Kiddy Pool|0 fnt
|faint|p1a: Kiddy Pool
|
|upkeep
|
|t:|1758244535
|switch|p1a: Dogo|Iron Treads|100/100
|-damage|p1a: Dogo|97/100|[from] Stealth Rock
|-enditem|p1a: Dogo|Booster Energy
|-activate|p1a: Dogo|ability: Quark Drive|[fromitem]
|-start|p1a: Dogo|quarkdriveatk
|turn|11
|
|t:|1758244542
|-end|p2a: Ashoom Ky|Protosynthesis|[silent]
|switch|p2a: Shaved Bumhole|Great Tusk|18/100
|move|p1a: Dogo|Rapid Spin|p2a: Shaved Bumhole
|-damage|p2a: Shaved Bumhole|4/100
|-boost|p1a: Dogo|spe|1
|-sideend|p1: meio_potato|Stealth Rock|[from] move: Rapid Spin|[of] p1a: Dogo
|
|upkeep
|turn|12
|
|t:|1758244551
|move|p1a: Dogo|Rapid Spin|p2a: Shaved Bumhole
|-damage|p2a: Shaved Bumhole|0 fnt
|-boost|p1a: Dogo|spe|1
|faint|p2a: Shaved Bumhole
|-end|p2a: Shaved Bumhole|Protosynthesis|[silent]
|
|upkeep
|
|t:|1758244557
|switch|p2a: Pawnhub Premium|Kingambit, M|100/100
|-activate|p2a: Pawnhub Premium|ability: Supreme Overlord
|-start|p2a: Pawnhub Premium|fallen4|[silent]
|turn|13
|
|t:|1758244561
|-terastallize|p2a: Pawnhub Premium|Flying
|move|p1a: Dogo|Earthquake|p2a: Pawnhub Premium
|-immune|p2a: Pawnhub Premium
|move|p2a: Pawnhub Premium|Swords Dance|p2a: Pawnhub Premium
|-boost|p2a: Pawnhub Premium|atk|2
|
|upkeep
|turn|14
|
|t:|1758244570
|move|p1a: Dogo|Ice Spinner|p2a: Pawnhub Premium
|-supereffective|p2a: Pawnhub Premium
|-damage|p2a: Pawnhub Premium|41/100
|move|p2a: Pawnhub Premium|Kowtow Cleave|p1a: Dogo
|-damage|p1a: Dogo|0 fnt
|faint|p1a: Dogo
|-end|p1a: Dogo|Quark Drive|[silent]
|
|-heal|p2a: Pawnhub Premium|47/100|[from] item: Leftovers
|upkeep
|
|t:|1758244576
|switch|p1a: Majesty|Iron Valiant, shiny|100/100
|-enditem|p1a: Majesty|Booster Energy
|-activate|p1a: Majesty|ability: Quark Drive|[fromitem]
|-start|p1a: Majesty|quarkdrivespe
|turn|15
|inactive|zachimations has 120 seconds left.
|
|t:|1758244606
|move|p1a: Majesty|Thunderbolt|p2a: Pawnhub Premium
|-supereffective|p2a: Pawnhub Premium
|-damage|p2a: Pawnhub Premium|0 fnt
|faint|p2a: Pawnhub Premium
|-end|p2a: Pawnhub Premium|fallen4|[silent]
|
|upkeep
|
|t:|1758244611
|switch|p2a: Ashoom Ky|Raging Bolt|100/100
|turn|16
|
|t:|1758244622
|move|p1a: Majesty|Moonblast|p2a: Ashoom Ky
|-supereffective|p2a: Ashoom Ky
|-damage|p2a: Ashoom Ky|11/100
|move|p2a: Ashoom Ky|Calm Mind|p2a: Ashoom Ky
|-boost|p2a: Ashoom Ky|spa|1
|-boost|p2a: Ashoom Ky|spd|1
|
|upkeep
|turn|17
|
|t:|1758244629
|move|p2a: Ashoom Ky|Thunderclap|p1a: Majesty
|-damage|p1a: Majesty|0 fnt
|faint|p1a: Majesty
|-end|p1a: Majesty|Quark Drive|[silent]
|
|upkeep
|
|t:|1758244631
|switch|p1a: Baby Shark|Garchomp, M|100/100
|turn|18
|
|t:|1758244636
|move|p1a: Baby Shark|Earthquake|p2a: Ashoom Ky
|-supereffective|p2a: Ashoom Ky
|-damage|p2a: Ashoom Ky|0 fnt
|faint|p2a: Ashoom Ky
|-end|p2a: Ashoom Ky|Protosynthesis|[silent]
|
|win|meio_potato
|raw|meio_potato's rating: 1476 &rarr; <strong>1499</strong><br />(+23 for winning)
|raw|zachimations's rating: 1528 &rarr; <strong>1505</strong><br />(-23 for losing)
|l|☆meio_potato
|player|p1|
