|j|☆GermanDude5
|j|☆diav
|t:|1758287223
|gametype|singles
|player|p1|GermanDude5|169|1514
|player|p2|diav|artist-gen4|1558
|gen|9
|tier|[Gen 9] OU
|rated|
|rule|HP Percentage Mod: HP is shown in percentages
|rule|Endless Battle Clause: Forcing endless battles is banned
|rule|Species Clause: Limit one of each Pokémon
|rule|OHKO Clause: OHKO moves are banned
|rule|Evasion Items Clause: Evasion items are banned
|rule|Evasion Moves Clause: Evasion moves are banned
|rule|Evasion Abilities Clause: Evasion abilities are banned
|rule|Sleep Moves Clause: Sleep-inducing moves are banned
|clearpoke
|poke|p1|Tornadus-Therian, M|
|poke|p1|Gliscor, F|
|poke|p1|Keldeo|
|poke|p1|Heatran, M|
|poke|p1|Weezing-Galar, F|
|poke|p1|Kingambit, F|
|poke|p2|Kyurem|
|poke|p2|Chansey, F|
|poke|p2|Samurott-Hisui, F|
|poke|p2|Corviknight, F|
|poke|p2|Hatterene, F|
|poke|p2|Zamazenta-*|
|teampreview
|inactive|Battle timer is ON: inactive players will automatically lose when time's up. (requested by diav)
|
|t:|1758287249
|teamsize|p1|6
|teamsize|p2|6
|start
|switch|p1a: Keldeo|Keldeo|100/100
|switch|p2a: Kyurem|Kyurem|100/100
|-ability|p2a: Kyurem|Pressure
|turn|1
|
|t:|1758287267
|switch|p1a: Heatran|Heatran, M|100/100
|switch|p2a: Hatterene|Hatterene, F|100/100
|
|upkeep
|turn|2
|
|t:|1758287271
|move|p1a: Heatran|Magma Storm|p2a: Hatterene
|-damage|p2a: Hatterene|47/100
|-activate|p2a: Hatterene|move: Magma Storm|[of] p1a: Heatran
|move|p2a: Hatterene|Calm Mind|p2a: Hatterene
|-boost|p2a: Hatterene|spa|1
|-boost|p2a: Hatterene|spd|1
|
|-heal|p2a: Hatterene|53/100|[from] item: Leftovers
|-damage|p2a: Hatterene|40/100|[from] move: Magma Storm|[partiallytrapped]
|upkeep
|turn|3
|
|t:|1758287297
|move|p1a: Heatran|Magma Storm|p2a: Hatterene
|-damage|p2a: Hatterene|1/100
|move|p2a: Hatterene|Psyshock|p1a: Heatran
|-resisted|p1a: Heatran
|-damage|p1a: Heatran|68/100
|
|-heal|p1a: Heatran|74/100|[from] item: Leftovers
|-heal|p2a: Hatterene|7/100|[from] item: Leftovers
|-damage|p2a: Hatterene|0 fnt|[from] move: Magma Storm|[partiallytrapped]
|faint|p2a: Hatterene
|upkeep
|
|t:|1758287303
|switch|p2a: Samurott|Samurott-Hisui, F|100/100
|turn|4
|inactive|GermanDude5 has 120 seconds left.
|
|t:|1758287352
|switch|p1a: Weezing|Weezing-Galar, F|100/100
|-ability|p1a: Weezing|Neutralizing Gas
|move|p2a: Samurott|Ceaseless Edge|p1a: Weezing
|-resisted|p1a: Weezing
|-damage|p1a: Weezing|87/100
|-sidestart|p1: GermanDude5|Spikes
|
|upkeep
|turn|5
|
|t:|1758287361
|move|p2a: Samurott|Swords Dance|p2a: Samurott
|-boost|p2a: Samurott|atk|2
|move|p1a: Weezing|Will-O-Wisp|p2a: Samurott
|-status|p2a: Samurott|brn
|
|-damage|p2a: Samurott|94/100 brn|[from] brn
|upkeep
|turn|6
|
|t:|1758287376
|-end|p1a: Weezing|ability: Neutralizing Gas
|switch|p1a: Keldeo|Keldeo|100/100
|-damage|p1a: Keldeo|88/100|[from] Spikes
|move|p2a: Samurott|Swords Dance|p2a: Samurott
|-boost|p2a: Samurott|atk|2
|
|-damage|p2a: Samurott|88/100 brn|[from] brn
|upkeep
|turn|7
|
|t:|1758287387
|move|p2a: Samurott|Sucker Punch|p1a: Keldeo
|-resisted|p1a: Keldeo
|-damage|p1a: Keldeo|51/100
|-ability|p1a: Keldeo|Justified|boost
|-boost|p1a: Keldeo|atk|1
|move|p1a: Keldeo|Aura Sphere|p2a: Samurott
|-supereffective|p2a: Samurott
|-damage|p2a: Samurott|0 fnt
|faint|p2a: Samurott
|
|upkeep
|
|t:|1758287392
|switch|p2a: Zamazenta|Zamazenta, shiny|100/100
|-ability|p2a: Zamazenta|Dauntless Shield|boost
|-boost|p2a: Zamazenta|def|1
|turn|8
|inactive|GermanDude5 has 120 seconds left.
|
|t:|1758287413
|switch|p1a: Tornadus|Tornadus-Therian, M|100/100
|move|p2a: Zamazenta|Howl|p2a: Zamazenta
|-boost|p2a: Zamazenta|atk|1
|
|upkeep
|turn|9
|
|t:|1758287423
|move|p2a: Zamazenta|Crunch|p1a: Tornadus
|-damage|p1a: Tornadus|32/100
|-damage|p2a: Zamazenta|91/100|[from] item: Life Orb
|move|p1a: Tornadus|Bleakwind Storm|p2a: Zamazenta
|-supereffective|p2a: Zamazenta
|-damage|p2a: Zamazenta|1/100
|
|upkeep
|turn|10
|
|t:|1758287446
|move|p2a: Zamazenta|Close Combat|p1a: Tornadus
|-resisted|p1a: Tornadus
|-damage|p1a: Tornadus|0 fnt
|-unboost|p2a: Zamazenta|def|1
|-unboost|p2a: Zamazenta|spd|1
|faint|p1a: Tornadus
|-damage|p2a: Zamazenta|0 fnt|[from] item: Life Orb
|faint|p2a: Zamazenta
|
|upkeep
|inactive|GermanDude5 has 90 seconds left.
|
|t:|1758287465
|switch|p2a: Kyurem|Kyurem|100/100
|switch|p1a: Kingambit|Kingambit, F|100/100
|-ability|p2a: Kyurem|Pressure
|-damage|p1a: Kingambit|88/100|[from] Spikes
|-activate|p1a: Kingambit|ability: Supreme Overlord
|-start|p1a: Kingambit|fallen1|[silent]
|turn|11
|
|t:|1758287468
|move|p2a: Kyurem|Earth Power|p1a: Kingambit
|-supereffective|p1a: Kingambit
|-damage|p1a: Kingambit|0 fnt
|faint|p1a: Kingambit
|-end|p1a: Kingambit|fallen1|[silent]
|
|upkeep
|inactive|GermanDude5 has 90 seconds left.
|
|t:|1758287489
|switch|p1a: Gliscor|Gliscor, F|100/100
|turn|12
|
|t:|1758287493
|switch|p2a: Corviknight|Corviknight, F|100/100
|move|p1a: Gliscor|Swords Dance|p1a: Gliscor
|-boost|p1a: Gliscor|atk|2
|
|-status|p1a: Gliscor|tox|[from] item: Toxic Orb
|upkeep
|turn|13
|inactive|GermanDude5 has 90 seconds left.
|
|t:|1758287510
|move|p1a: Gliscor|Facade|p2a: Corviknight
|-resisted|p2a: Corviknight
|-crit|p2a: Corviknight
|-damage|p2a: Corviknight|72/100
|move|p2a: Corviknight|U-turn|p1a: Gliscor
|-resisted|p1a: Gliscor
|-damage|p1a: Gliscor|95/100 tox
|
|t:|1758287513
|switch|p2a: Kyurem|Kyurem|100/100|[from] U-turn
|-ability|p2a: Kyurem|Pressure
|
|-heal|p1a: Gliscor|100/100 tox|[from] ability: Poison Heal
|upkeep
|turn|14
|
|t:|1758287515
|move|p1a: Gliscor|Protect|p1a: Gliscor
|-singleturn|p1a: Gliscor|Protect
|move|p2a: Kyurem|Draco Meteor|p1a: Gliscor
|-activate|p1a: Gliscor|move: Protect
|
|upkeep
|turn|15
|
|t:|1758287520
|switch|p2a: Chansey|Chansey, F|100/100
|switch|p1a: Weezing|Weezing-Galar, F|87/100
|-ability|p1a: Weezing|Neutralizing Gas
|
|upkeep
|turn|16
|
|t:|1758287526
|move|p1a: Weezing|Defog|p2a: Chansey
|-unboost|p2a: Chansey|evasion|1
|-sideend|p1: GermanDude5|Spikes|[from] move: Defog|[of] p1a: Weezing
|move|p2a: Chansey|Thunder Wave|p1a: Weezing
|-status|p1a: Weezing|par
|
|upkeep
|turn|17
|
|t:|1758287540
|-end|p1a: Weezing|ability: Neutralizing Gas
|switch|p1a: Gliscor|Gliscor, F|100/100 tox
|move|p2a: Chansey|Seismic Toss|p1a: Gliscor
|-damage|p1a: Gliscor|72/100 tox
|
|-heal|p1a: Gliscor|85/100 tox|[from] ability: Poison Heal
|upkeep
|turn|18
|
|t:|1758287547
|switch|p2a: Kyurem|Kyurem|100/100
|-ability|p2a: Kyurem|Pressure
|move|p1a: Gliscor|Swords Dance|p1a: Gliscor
|-boost|p1a: Gliscor|atk|2
|
|-heal|p1a: Gliscor|97/100 tox|[from] ability: Poison Heal
|upkeep
|turn|19
|
|t:|1758287550
|move|p1a: Gliscor|Protect|p1a: Gliscor
|-singleturn|p1a: Gliscor|Protect
|move|p2a: Kyurem|Ice Beam|p1a: Gliscor
|-activate|p1a: Gliscor|move: Protect
|
|-heal|p1a: Gliscor|100/100 tox|[from] ability: Poison Heal
|upkeep
|turn|20
|
|t:|1758287555
|switch|p1a: Heatran|Heatran, M|74/100
|move|p2a: Kyurem|Ice Beam|p1a: Heatran
|-resisted|p1a: Heatran
|-crit|p1a: Heatran
|-damage|p1a: Heatran|47/100
|-status|p1a: Heatran|frz
|
|-heal|p1a: Heatran|53/100 frz|[from] item: Leftovers
|upkeep
|turn|21
|
|t:|1758287559
|switch|p2a: Chansey|Chansey, F|100/100
|cant|p1a: Heatran|frz
|
|-heal|p1a: Heatran|60/100 frz|[from] item: Leftovers
|upkeep
|turn|22
|
|t:|1758287568
|cant|p1a: Heatran|frz
|move|p2a: Chansey|Seismic Toss|p1a: Heatran
|-damage|p1a: Heatran|29/100 frz
|
|-heal|p1a: Heatran|35/100 frz|[from] item: Leftovers
|upkeep
|turn|23
|
|t:|1758287574
|switch|p1a: Gliscor|Gliscor, F|100/100 tox
|move|p2a: Chansey|Seismic Toss|p1a: Gliscor
|-damage|p1a: Gliscor|72/100 tox
|
|-heal|p1a: Gliscor|85/100 tox|[from] ability: Poison Heal
|upkeep
|turn|24
|
|t:|1758287578
|switch|p2a: Kyurem|Kyurem|100/100
|-ability|p2a: Kyurem|Pressure
|move|p1a: Gliscor|Facade|p2a: Kyurem
|-damage|p2a: Kyurem|70/100
|
|-heal|p1a: Gliscor|97/100 tox|[from] ability: Poison Heal
|upkeep
|turn|25
|
|t:|1758287582
|move|p1a: Gliscor|Protect|p1a: Gliscor
|-singleturn|p1a: Gliscor|Protect
|move|p2a: Kyurem|Ice Beam|p1a: Gliscor
|-activate|p1a: Gliscor|move: Protect
|
|-heal|p1a: Gliscor|100/100 tox|[from] ability: Poison Heal
|upkeep
|turn|26
|
|t:|1758287585
|switch|p1a: Heatran|Heatran, M|35/100 frz
|move|p2a: Kyurem|Ice Beam|p1a: Heatran
|-resisted|p1a: Heatran
|-damage|p1a: Heatran|16/100 frz
|
|-heal|p1a: Heatran|22/100 frz|[from] item: Leftovers
|upkeep
|turn|27
|
|t:|1758287588
|move|p2a: Kyurem|Ice Beam|p1a: Heatran
|-resisted|p1a: Heatran
|-damage|p1a: Heatran|4/100 frz
|cant|p1a: Heatran|frz
|
|-heal|p1a: Heatran|10/100 frz|[from] item: Leftovers
|upkeep
|turn|28
|
|t:|1758287594
|move|p2a: Kyurem|Ice Beam|p1a: Heatran
|-resisted|p1a: Heatran
|-damage|p1a: Heatran|0 fnt
|faint|p1a: Heatran
|
|upkeep
|
|t:|1758287596
|switch|p1a: Keldeo|Keldeo|51/100
|turn|29
|
|t:|1758287599
|switch|p2a: Chansey|Chansey, F|100/100
|move|p1a: Keldeo|Aura Sphere|p2a: Chansey
|-supereffective|p2a: Chansey
|-damage|p2a: Chansey|61/100
|
|upkeep
|turn|30
|
|t:|1758287607
|switch|p1a: Gliscor|Gliscor, F|100/100 tox
|move|p2a: Chansey|Soft-Boiled|p2a: Chansey
|-heal|p2a: Chansey|100/100
|
|upkeep
|turn|31
|
|t:|1758287633
|switch|p2a: Corviknight|Corviknight, F|72/100
|-terastallize|p1a: Gliscor|Normal
|move|p1a: Gliscor|Facade|p2a: Corviknight
|-resisted|p2a: Corviknight
|-damage|p2a: Corviknight|59/100
|
|-heal|p2a: Corviknight|66/100|[from] item: Leftovers
|upkeep
|turn|32
|
|t:|1758287651
|move|p1a: Gliscor|Swords Dance|p1a: Gliscor
|-boost|p1a: Gliscor|atk|2
|move|p2a: Corviknight|U-turn|p1a: Gliscor
|-damage|p1a: Gliscor|88/100 tox
|
|t:|1758287654
|switch|p2a: Kyurem|Kyurem|70/100|[from] U-turn
|-ability|p2a: Kyurem|Pressure
|
|-heal|p1a: Gliscor|100/100 tox|[from] ability: Poison Heal
|upkeep
|turn|33
|
|t:|1758287658
|move|p1a: Gliscor|Protect|p1a: Gliscor
|-singleturn|p1a: Gliscor|Protect
|move|p2a: Kyurem|Draco Meteor|p1a: Gliscor
|-activate|p1a: Gliscor|move: Protect
|
|upkeep
|turn|34
|
|t:|1758287673
|move|p2a: Kyurem|Draco Meteor|p1a: Gliscor
|-damage|p1a: Gliscor|4/100 tox
|-unboost|p2a: Kyurem|spa|2
|move|p1a: Gliscor|Facade|p2a: Kyurem
|-damage|p2a: Kyurem|0 fnt
|faint|p2a: Kyurem
|
|-heal|p1a: Gliscor|16/100 tox|[from] ability: Poison Heal
|upkeep
|-message|diav forfeited.
|
|win|GermanDude5
|raw|GermanDude5's rating: 1514 &rarr; <strong>1537</strong><br />(+23 for winning)
|raw|diav's rating: 1558 &rarr; <strong>1535</strong><br />(-23 for losing)
|l|☆diav
|player|p2|
|l|☆GermanDude5
|player|p1|
