|j|☆Shibuya Arc
|j|☆metakill4r
|t:|1758316351
|gametype|singles
|player|p1|Shibuya Arc|101|1672
|player|p2|metakill4r|n|1554
|gen|9
|tier|[Gen 9] OU
|rated|
|rule|HP Percentage Mod: HP is shown in percentages
|rule|Endless Battle Clause: Forcing endless battles is banned
|rule|Species Clause: Limit one of each Pokémon
|rule|OHKO Clause: OHKO moves are banned
|rule|Evasion Items Clause: Evasion items are banned
|rule|Evasion Moves Clause: Evasion moves are banned
|rule|Evasion Abilities Clause: Evasion abilities are banned
|rule|Sleep Moves Clause: Sleep-inducing moves are banned
|clearpoke
|poke|p1|Dragapult, M|
|poke|p1|Dragonite, F|
|poke|p1|Ting-Lu|
|poke|p1|Weezing-Galar, F|
|poke|p1|Iron Crown|
|poke|p1|Zapdos|
|poke|p2|Great Tusk|
|poke|p2|Slowking-Galar, M|
|poke|p2|Zapdos|
|poke|p2|Cinderace, M|
|poke|p2|Crawdaunt, M|
|poke|p2|Gholdengo|
|teampreview
|inactive|Battle timer is ON: inactive players will automatically lose when time's up. (requested by metakill4r)
|
|t:|1758316360
|teamsize|p1|6
|teamsize|p2|6
|start
|switch|p1a: Zapdos|Zapdos|100/100
|switch|p2a: Gholdengo|Gholdengo|100/100
|turn|1
|inactive|Shibuya Arc also wants the timer to be on.
|
|t:|1758316369
|switch|p2a: Slowking|Slowking-Galar, M|100/100
|move|p1a: Zapdos|Heat Wave|p2a: Slowking
|-damage|p2a: Slowking|85/100
|
|upkeep
|turn|2
|
|t:|1758316378
|move|p1a: Zapdos|Volt Switch|p2a: Slowking
|-damage|p2a: Slowking|68/100
|
|t:|1758316383
|switch|p1a: Iron Crown|Iron Crown|100/100|[from] Volt Switch
|move|p2a: Slowking|Sludge Bomb|p1a: Iron Crown
|-immune|p1a: Iron Crown
|
|upkeep
|turn|3
|
|t:|1758316389
|move|p1a: Iron Crown|Volt Switch|p2a: Slowking
|-crit|p2a: Slowking
|-damage|p2a: Slowking|44/100
|
|t:|1758316395
|-end|p1a: Iron Crown|Quark Drive|[silent]
|switch|p1a: Ting-Lu|Ting-Lu|100/100|[from] Volt Switch
|-ability|p1a: Ting-Lu|Vessel of Ruin
|move|p2a: Slowking|Flamethrower|p1a: Ting-Lu
|-damage|p1a: Ting-Lu|89/100
|
|-heal|p1a: Ting-Lu|95/100|[from] item: Leftovers
|upkeep
|turn|4
|
|t:|1758316400
|switch|p2a: Crawdaunt|Crawdaunt, M|100/100
|move|p1a: Ting-Lu|Ruination|p2a: Crawdaunt
|-damage|p2a: Crawdaunt|51/100
|
|-heal|p1a: Ting-Lu|100/100|[from] item: Leftovers
|upkeep
|turn|5
|
|t:|1758316411
|switch|p1a: Dragonite|Dragonite, F|100/100
|move|p2a: Crawdaunt|Crabhammer|p1a: Dragonite|[miss]
|-miss|p2a: Crawdaunt|p1a: Dragonite
|
|upkeep
|turn|6
|
|t:|1758316416
|switch|p2a: Zapdos|Zapdos|100/100
|move|p1a: Dragonite|Dragon Dance|p1a: Dragonite
|-boost|p1a: Dragonite|atk|1
|-boost|p1a: Dragonite|spe|1
|
|upkeep
|turn|7
|
|t:|1758316422
|move|p1a: Dragonite|Dragon Dance|p1a: Dragonite
|-boost|p1a: Dragonite|atk|1
|-boost|p1a: Dragonite|spe|1
|move|p2a: Zapdos|Thunder Wave|p1a: Dragonite
|-status|p1a: Dragonite|par
|
|upkeep
|turn|8
|
|t:|1758316427
|move|p2a: Zapdos|Volt Switch|p1a: Dragonite
|-damage|p1a: Dragonite|86/100 par
|
|t:|1758316430
|switch|p2a: Great Tusk|Great Tusk|100/100|[from] Volt Switch
|cant|p1a: Dragonite|par
|
|upkeep
|turn|9
|
|t:|1758316435
|move|p2a: Great Tusk|Ice Spinner|p1a: Dragonite
|-supereffective|p1a: Dragonite
|-damage|p1a: Dragonite|0 fnt
|faint|p1a: Dragonite
|
|upkeep
|
|t:|1758316442
|switch|p1a: Iron Crown|Iron Crown|100/100
|turn|10
|
|t:|1758316448
|-end|p2a: Great Tusk|Protosynthesis|[silent]
|switch|p2a: Slowking|Slowking-Galar, M|77/100
|move|p1a: Iron Crown|Tachyon Cutter|p2a: Slowking
|-damage|p2a: Slowking|58/100
|-crit|p2a: Slowking
|-damage|p2a: Slowking|30/100
|-hitcount|p2a: Slowking|2
|
|upkeep
|turn|11
|
|t:|1758316453
|switch|p2a: Crawdaunt|Crawdaunt, M|51/100
|move|p1a: Iron Crown|Tachyon Cutter|p2a: Crawdaunt
|-resisted|p2a: Crawdaunt
|-damage|p2a: Crawdaunt|13/100
|-resisted|p2a: Crawdaunt
|-damage|p2a: Crawdaunt|0 fnt
|faint|p2a: Crawdaunt
|-hitcount|p2: Crawdaunt|2
|
|upkeep
|
|t:|1758316457
|switch|p2a: Gholdengo|Gholdengo|100/100
|turn|12
|
|t:|1758316463
|-end|p1a: Iron Crown|Quark Drive|[silent]
|switch|p1a: Ting-Lu|Ting-Lu|100/100
|-ability|p1a: Ting-Lu|Vessel of Ruin
|move|p2a: Gholdengo|Shadow Ball|p1a: Ting-Lu
|-resisted|p1a: Ting-Lu
|-damage|p1a: Ting-Lu|92/100
|
|-heal|p1a: Ting-Lu|99/100|[from] item: Leftovers
|upkeep
|turn|13
|
|t:|1758316469
|switch|p2a: Great Tusk|Great Tusk|100/100
|move|p1a: Ting-Lu|Ruination|p2a: Great Tusk
|-damage|p2a: Great Tusk|50/100
|
|-heal|p1a: Ting-Lu|100/100|[from] item: Leftovers
|upkeep
|turn|14
|
|t:|1758316476
|move|p2a: Great Tusk|Stealth Rock|p1a: Ting-Lu
|-sidestart|p1: Shibuya Arc|move: Stealth Rock
|move|p1a: Ting-Lu|Earthquake|p2a: Great Tusk
|-damage|p2a: Great Tusk|26/100
|
|upkeep
|turn|15
|
|t:|1758316483
|move|p2a: Great Tusk|Ice Spinner|p1a: Ting-Lu
|-supereffective|p1a: Ting-Lu
|-damage|p1a: Ting-Lu|74/100
|move|p1a: Ting-Lu|Earthquake|p2a: Great Tusk
|-damage|p2a: Great Tusk|3/100
|
|-heal|p1a: Ting-Lu|80/100|[from] item: Leftovers
|upkeep
|turn|16
|
|t:|1758316490
|move|p2a: Great Tusk|Ice Spinner|p1a: Ting-Lu
|-supereffective|p1a: Ting-Lu
|-damage|p1a: Ting-Lu|54/100
|move|p1a: Ting-Lu|Earthquake|p2a: Great Tusk
|-damage|p2a: Great Tusk|0 fnt
|faint|p2a: Great Tusk
|-end|p2a: Great Tusk|Protosynthesis|[silent]
|
|-heal|p1a: Ting-Lu|60/100|[from] item: Leftovers
|upkeep
|
|t:|1758316495
|switch|p2a: Cinderace|Cinderace, M|100/100
|turn|17
|
|t:|1758316500
|move|p2a: Cinderace|High Jump Kick|p1a: Ting-Lu
|-start|p2a: Cinderace|typechange|Fighting|[from] ability: Libero
|-supereffective|p1a: Ting-Lu
|-damage|p1a: Ting-Lu|0 fnt
|faint|p1a: Ting-Lu
|
|upkeep
|
|t:|1758316508
|switch|p1a: Zapdos|Zapdos|100/100
|turn|18
|
|t:|1758316513
|switch|p2a: Slowking|Slowking-Galar, M|63/100
|move|p1a: Zapdos|Volt Switch|p2a: Slowking
|-crit|p2a: Slowking
|-damage|p2a: Slowking|39/100
|
|t:|1758316519
|switch|p1a: Iron Crown|Iron Crown|100/100|[from] Volt Switch
|-damage|p1a: Iron Crown|94/100|[from] Stealth Rock
|
|upkeep
|turn|19
|
|t:|1758316525
|switch|p2a: Gholdengo|Gholdengo|100/100
|move|p1a: Iron Crown|Volt Switch|p2a: Gholdengo
|-damage|p2a: Gholdengo|62/100
|
|t:|1758316531
|-end|p1a: Iron Crown|Quark Drive|[silent]
|switch|p1a: Zapdos|Zapdos|100/100|[from] Volt Switch
|
|upkeep
|turn|20
|
|t:|1758316537
|switch|p2a: Slowking|Slowking-Galar, M|72/100
|move|p1a: Zapdos|Heat Wave|p2a: Slowking
|-damage|p2a: Slowking|56/100
|-status|p2a: Slowking|brn
|
|-damage|p2a: Slowking|50/100 brn|[from] brn
|upkeep
|turn|21
|
|t:|1758316542
|switch|p2a: Zapdos|Zapdos|100/100
|move|p1a: Zapdos|Volt Switch|p2a: Zapdos
|-damage|p2a: Zapdos|66/100
|
|t:|1758316550
|switch|p1a: Dragapult|Dragapult, M|100/100|[from] Volt Switch
|
|upkeep
|turn|22
|
|t:|1758316555
|-terastallize|p2a: Zapdos|Steel
|move|p1a: Dragapult|Dragon Darts|p2a: Zapdos
|-resisted|p2a: Zapdos
|-damage|p2a: Zapdos|58/100
|-anim|p1a: Dragapult|Dragon Darts|p2a: Zapdos
|-resisted|p2a: Zapdos
|-damage|p2a: Zapdos|50/100
|move|p2a: Zapdos|Thunder Wave|p1a: Dragapult
|-status|p1a: Dragapult|par
|
|upkeep
|turn|23
|
|t:|1758316562
|switch|p1a: Iron Crown|Iron Crown|94/100
|-damage|p1a: Iron Crown|88/100|[from] Stealth Rock
|move|p2a: Zapdos|Roost|p2a: Zapdos
|-heal|p2a: Zapdos|100/100
|
|upkeep
|turn|24
|
|t:|1758316567
|move|p1a: Iron Crown|Focus Blast|p2a: Zapdos
|-supereffective|p2a: Zapdos
|-damage|p2a: Zapdos|0 fnt
|faint|p2a: Zapdos
|
|upkeep
|
|t:|1758316572
|switch|p2a: Cinderace|Cinderace, M|100/100
|turn|25
|
|t:|1758316577
|-end|p1a: Iron Crown|Quark Drive|[silent]
|switch|p1a: Dragapult|Dragapult, M|100/100 par
|move|p2a: Cinderace|Pyro Ball|p1a: Dragapult|[miss]
|-miss|p2a: Cinderace|p1a: Dragapult
|
|upkeep
|turn|26
|
|t:|1758316582
|move|p2a: Cinderace|U-turn|p1a: Dragapult
|-start|p2a: Cinderace|typechange|Bug|[from] ability: Libero
|-resisted|p1a: Dragapult
|-damage|p1a: Dragapult|78/100 par
|-start|p2a: Cinderace|Disable|U-turn|[from] ability: Cursed Body|[of] p1a: Dragapult
|
|t:|1758316585
|switch|p2a: Slowking|Slowking-Galar, M|83/100 brn|[from] U-turn
|move|p1a: Dragapult|Dragon Darts|p2a: Slowking
|-damage|p2a: Slowking|62/100 brn
|-anim|p1a: Dragapult|Dragon Darts|p2a: Slowking
|-damage|p2a: Slowking|40/100 brn
|
|-damage|p2a: Slowking|33/100 brn|[from] brn
|upkeep
|turn|27
|
|t:|1758316590
|switch|p2a: Gholdengo|Gholdengo|62/100
|move|p1a: Dragapult|Hex|p2a: Gholdengo
|-supereffective|p2a: Gholdengo
|-damage|p2a: Gholdengo|0 fnt
|faint|p2a: Gholdengo
|
|upkeep
|
|t:|1758316593
|switch|p2a: Slowking|Slowking-Galar, M|67/100 brn
|turn|28
|
|t:|1758316599
|move|p1a: Dragapult|Hex|p2a: Slowking
|-supereffective|p2a: Slowking
|-crit|p2a: Slowking
|-damage|p2a: Slowking|0 fnt
|faint|p2a: Slowking
|
|upkeep
|-message|metakill4r forfeited.
|
|win|Shibuya Arc
|raw|Shibuya Arc's rating: 1672 &rarr; <strong>1685</strong><br />(+13 for winning)
|raw|metakill4r's rating: 1554 &rarr; <strong>1541</strong><br />(-13 for losing)
|l|☆Shibuya Arc
|player|p1|
|l|☆metakill4r
|player|p2|
