|j|☆Tg3loading
|j|☆Larzito101
|t:|1758345826
|gametype|singles
|player|p1|Tg3loading|101|1263
|player|p2|Larzito101|170|1319
|gen|9
|tier|[Gen 9] OU
|rated|
|rule|HP Percentage Mod: HP is shown in percentages
|rule|Endless Battle Clause: Forcing endless battles is banned
|rule|Species Clause: Limit one of each Pokémon
|rule|OHKO Clause: OHKO moves are banned
|rule|Evasion Items Clause: Evasion items are banned
|rule|Evasion Moves Clause: Evasion moves are banned
|rule|Evasion Abilities Clause: Evasion abilities are banned
|rule|Sleep Moves Clause: Sleep-inducing moves are banned
|clearpoke
|poke|p1|Kommo-o, F|
|poke|p1|Tinkaton, F|
|poke|p1|Iron Moth|
|poke|p1|Staraptor, F|
|poke|p1|Swampert, F|
|poke|p1|Ogerpon-Wellspring, F|
|poke|p2|Araquanid, F|
|poke|p2|Gholdengo|
|poke|p2|Iron Moth|
|poke|p2|Iron Valiant|
|poke|p2|Raging Bolt|
|poke|p2|Kingambit, F|
|teampreview
|
|t:|1758345848
|teamsize|p1|6
|teamsize|p2|6
|start
|switch|p1a: Kommo-o|Kommo-o, F, shiny|100/100
|switch|p2a: QUIL|Araquanid, F|100/100
|turn|1
|
|t:|1758345857
|move|p1a: Kommo-o|Clangorous Soul|p1a: Kommo-o
|-boost|p1a: Kommo-o|atk|1
|-boost|p1a: Kommo-o|def|1
|-boost|p1a: Kommo-o|spa|1
|-boost|p1a: Kommo-o|spd|1
|-boost|p1a: Kommo-o|spe|1
|-damage|p1a: Kommo-o|68/100
|-enditem|p1a: Kommo-o|Throat Spray
|-boost|p1a: Kommo-o|spa|1|[from] item: Throat Spray
|move|p2a: QUIL|Sticky Web|p1a: Kommo-o
|-sidestart|p1: Tg3loading|move: Sticky Web
|
|upkeep
|turn|2
|
|t:|1758345868
|-terastallize|p1a: Kommo-o|Normal
|move|p1a: Kommo-o|Boomburst|p2a: QUIL
|-damage|p2a: QUIL|18/100
|move|p2a: QUIL|Endeavor|p1a: Kommo-o
|-damage|p1a: Kommo-o|21/100
|
|upkeep
|turn|3
|-enditem|p2a: QUIL|Custap Berry|[eat]
|-activate|p2a: QUIL|item: Custap Berry|[consumed]
|
|t:|1758345879
|move|p2a: QUIL|Surf|p1a: Kommo-o
|-damage|p1a: Kommo-o|0 fnt
|faint|p1a: Kommo-o
|
|upkeep
|
|t:|1758345886
|switch|p1a: Staraptor|Staraptor, F|100/100
|turn|4
|
|t:|1758345897
|switch|p2a: TREE?|Gholdengo|100/100
|-item|p2a: TREE?|Air Balloon
|move|p1a: Staraptor|Brave Bird|p2a: TREE?
|-resisted|p2a: TREE?
|-damage|p2a: TREE?|59/100
|-enditem|p2a: TREE?|Air Balloon
|-damage|p1a: Staraptor|87/100|[from] Recoil
|
|upkeep
|turn|5
|
|t:|1758345909
|switch|p1a: Tinkaton|Tinkaton, F|100/100
|-activate|p1a: Tinkaton|move: Sticky Web
|-unboost|p1a: Tinkaton|spe|1
|-ability|p1a: Tinkaton|Mold Breaker
|move|p2a: TREE?|Make It Rain|p1a: Tinkaton
|-damage|p1a: Tinkaton|28/100
|-unboost|p2a: TREE?|spa|1
|
|-heal|p1a: Tinkaton|34/100|[from] item: Leftovers
|upkeep
|turn|6
|
|t:|1758345922
|move|p2a: TREE?|Make It Rain|p1a: Tinkaton
|-damage|p1a: Tinkaton|0 fnt
|-unboost|p2a: TREE?|spa|1
|faint|p1a: Tinkaton
|
|upkeep
|
|t:|1758345926
|switch|p1a: Iron Moth|Iron Moth|100/100
|-activate|p1a: Iron Moth|move: Sticky Web
|-unboost|p1a: Iron Moth|spe|1
|-enditem|p1a: Iron Moth|Booster Energy
|-activate|p1a: Iron Moth|ability: Quark Drive|[fromitem]
|-start|p1a: Iron Moth|quarkdrivespa
|turn|7
|
|t:|1758345941
|move|p2a: TREE?|Psyshock|p1a: Iron Moth
|-supereffective|p1a: Iron Moth
|-damage|p1a: Iron Moth|51/100
|move|p1a: Iron Moth|Fiery Dance|p2a: TREE?
|-supereffective|p2a: TREE?
|-damage|p2a: TREE?|0 fnt
|faint|p2a: TREE?
|
|upkeep
|
|t:|1758345966
|switch|p2a: SUPA|Kingambit, F|100/100
|-activate|p2a: SUPA|ability: Supreme Overlord
|-start|p2a: SUPA|fallen1|[silent]
|-item|p2a: SUPA|Air Balloon
|turn|8
|
|t:|1758345974
|move|p1a: Iron Moth|Fiery Dance|p2a: SUPA
|-supereffective|p2a: SUPA
|-damage|p2a: SUPA|0 fnt
|-boost|p1a: Iron Moth|spa|1
|-enditem|p2a: SUPA|Air Balloon
|faint|p2a: SUPA
|-end|p2a: SUPA|fallen1|[silent]
|
|upkeep
|
|t:|1758345985
|switch|p2a: DELI|Raging Bolt|100/100
|-enditem|p2a: DELI|Booster Energy
|-activate|p2a: DELI|ability: Protosynthesis|[fromitem]
|-start|p2a: DELI|protosynthesisspa
|turn|9
|
|t:|1758345994
|move|p2a: DELI|Thunderbolt|p1a: Iron Moth
|-damage|p1a: Iron Moth|0 fnt
|faint|p1a: Iron Moth
|-end|p1a: Iron Moth|Quark Drive|[silent]
|
|upkeep
|
|t:|1758345997
|switch|p1a: Swampert|Swampert, F|100/100
|-activate|p1a: Swampert|move: Sticky Web
|-unboost|p1a: Swampert|spe|1
|turn|10
|
|t:|1758346008
|-terastallize|p2a: DELI|Ghost
|move|p2a: DELI|Dragon Pulse|p1a: Swampert
|-damage|p1a: Swampert|44/100
|move|p1a: Swampert|Earthquake|p2a: DELI
|-damage|p2a: DELI|28/100
|
|upkeep
|turn|11
|
|t:|1758346016
|move|p2a: DELI|Dragon Pulse|p1a: Swampert
|-damage|p1a: Swampert|0 fnt
|faint|p1a: Swampert
|
|upkeep
|
|t:|1758346019
|switch|p1a: Ogerpon|Ogerpon-Wellspring, F|100/100
|-activate|p1a: Ogerpon|move: Sticky Web
|-unboost|p1a: Ogerpon|spe|1
|turn|12
|
|t:|1758346027
|move|p2a: DELI|Thunderbolt|p1a: Ogerpon
|-damage|p1a: Ogerpon|23/100
|move|p1a: Ogerpon|Horn Leech|p2a: DELI
|-damage|p2a: DELI|0 fnt
|-heal|p1a: Ogerpon|41/100|[from] drain|[of] p2a: DELI
|faint|p2a: DELI
|-end|p2a: DELI|Protosynthesis|[silent]
|
|upkeep
|
|t:|1758346052
|switch|p2a: CALA|Iron Moth|100/100
|-enditem|p2a: CALA|Booster Energy
|-activate|p2a: CALA|ability: Quark Drive|[fromitem]
|-start|p2a: CALA|quarkdrivespa
|turn|13
|
|t:|1758346059
|move|p2a: CALA|Sludge Wave|p1a: Ogerpon
|-supereffective|p1a: Ogerpon
|-damage|p1a: Ogerpon|0 fnt
|faint|p1a: Ogerpon
|
|upkeep
|
|t:|1758346066
|switch|p1a: Staraptor|Staraptor, F|87/100
|turn|14
|
|t:|1758346071
|move|p1a: Staraptor|Double-Edge|p2a: CALA
|-damage|p2a: CALA|0 fnt
|faint|p2a: CALA
|-end|p2a: CALA|Quark Drive|[silent]
|-damage|p1a: Staraptor|55/100|[from] Recoil
|
|upkeep
|
|t:|1758346080
|switch|p2a: QUIL|Araquanid, F|18/100
|turn|15
|
|t:|1758346087
|move|p1a: Staraptor|Double-Edge|p2a: QUIL
|-damage|p2a: QUIL|0 fnt
|faint|p2a: QUIL
|-damage|p1a: Staraptor|48/100|[from] Recoil
|
|upkeep
|
|t:|1758346093
|switch|p2a: QUZZ|Iron Valiant|100/100
|-enditem|p2a: QUZZ|Booster Energy
|-activate|p2a: QUZZ|ability: Quark Drive|[fromitem]
|-start|p2a: QUZZ|quarkdrivespa
|turn|16
|c|☆Tg3loading|If he pull this off lol
|
|t:|1758346115
|move|p1a: Staraptor|Double-Edge|p2a: QUZZ
|-damage|p2a: QUZZ|8/100
|-damage|p1a: Staraptor|20/100|[from] Recoil
|move|p2a: QUZZ|Moonblast|p1a: Staraptor
|-damage|p1a: Staraptor|0 fnt
|faint|p1a: Staraptor
|
|win|Larzito101
|raw|Tg3loading's rating: 1263 &rarr; <strong>1242</strong><br />(-21 for losing)
|raw|Larzito101's rating: 1319 &rarr; <strong>1336</strong><br />(+17 for winning)
|l|☆Tg3loading
|player|p1|
|l|☆Larzito101
|player|p2|
