|j|☆hgduhdv
|j|☆hshshdurjif
|t:|1758249287
|gametype|singles
|player|p1|hgduhdv|169|1000
|player|p2|hshshdurjif|bruno|1000
|gen|9
|tier|[Gen 9] OU
|rated|
|rule|HP Percentage Mod: HP is shown in percentages
|rule|Endless Battle Clause: Forcing endless battles is banned
|rule|Species Clause: Limit one of each Pokémon
|rule|OHKO Clause: OHKO moves are banned
|rule|Evasion Items Clause: Evasion items are banned
|rule|Evasion Moves Clause: Evasion moves are banned
|rule|Evasion Abilities Clause: Evasion abilities are banned
|rule|Sleep Moves Clause: Sleep-inducing moves are banned
|clearpoke
|poke|p1|Pecharunt|
|poke|p1|Great Tusk|
|poke|p1|Ogerpon-Wellspring, F|
|poke|p1|Iron Crown|
|poke|p1|Samurott-Hisui, F|
|poke|p1|Landorus-Therian, M|
|poke|p2|Geodude, M|
|poke|p2|Golem, M|
|poke|p2|Magnezone|
|poke|p2|Electrode|
|poke|p2|Weezing, F|
|poke|p2|Kingambit, M|
|teampreview
|inactive|Battle timer is ON: inactive players will automatically lose when time's up. (requested by hgduhdv)
|
|t:|1758249298
|teamsize|p1|6
|teamsize|p2|6
|start
|switch|p1a: Samurott|Samurott-Hisui, F|100/100
|switch|p2a: Geodude|Geodude, M|100/100
|turn|1
|
|t:|1758249304
|move|p1a: Samurott|Ceaseless Edge|p2a: Geodude
|-damage|p2a: Geodude|39/100
|-sidestart|p2: hshshdurjif|Spikes
|move|p2a: Geodude|Explosion|p1a: Samurott
|-damage|p1a: Samurott|41/100
|faint|p2a: Geodude
|
|upkeep
|
|t:|1758249308
|switch|p2a: Golem|Golem, M|100/100
|-damage|p2a: Golem|88/100|[from] Spikes
|turn|2
|
|t:|1758249312
|move|p1a: Samurott|Ceaseless Edge|p2a: Golem
|-damage|p2a: Golem|50/100
|-sidestart|p2: hshshdurjif|Spikes
|move|p2a: Golem|Explosion|p1a: Samurott
|-damage|p1a: Samurott|0 fnt
|faint|p2a: Golem
|faint|p1a: Samurott
|
|upkeep
|
|t:|1758249323
|switch|p1a: Great Tusk|Great Tusk|100/100
|switch|p2a: Magnezone|Magnezone, shiny|100/100
|-damage|p2a: Magnezone|84/100|[from] Spikes
|-enditem|p1a: Great Tusk|Booster Energy
|-activate|p1a: Great Tusk|ability: Protosynthesis|[fromitem]
|-start|p1a: Great Tusk|protosynthesisspe
|turn|3
|
|t:|1758249331
|move|p1a: Great Tusk|Headlong Rush|p2a: Magnezone
|-supereffective|p2a: Magnezone
|-damage|p2a: Magnezone|0 fnt
|-unboost|p1a: Great Tusk|def|1
|-unboost|p1a: Great Tusk|spd|1
|faint|p2a: Magnezone
|
|upkeep
|
|t:|1758249334
|switch|p2a: Electrode|Electrode, shiny|100/100
|-damage|p2a: Electrode|84/100|[from] Spikes
|turn|4
|
|t:|1758249351
|move|p1a: Great Tusk|Headlong Rush|p2a: Electrode
|-supereffective|p2a: Electrode
|-damage|p2a: Electrode|0 fnt
|-unboost|p1a: Great Tusk|def|1
|-unboost|p1a: Great Tusk|spd|1
|faint|p2a: Electrode
|
|upkeep
|
|t:|1758249356
|switch|p2a: Weezing|Weezing, F|100/100
|turn|5
|
|t:|1758249360
|-end|p1a: Great Tusk|Protosynthesis|[silent]
|switch|p1a: Iron Crown|Iron Crown|100/100
|move|p2a: Weezing|Explosion|p1a: Iron Crown
|-enditem|p2a: Weezing|Normal Gem|[from] gem
|-resisted|p1a: Iron Crown
|-crit|p1a: Iron Crown
|-damage|p1a: Iron Crown|49/100
|faint|p2a: Weezing
|
|upkeep
|
|t:|1758249365
|switch|p2a: Kingvon|Kingambit, M|100/100
|-damage|p2a: Kingvon|84/100|[from] Spikes
|-activate|p2a: Kingvon|ability: Supreme Overlord
|-start|p2a: Kingvon|fallen5|[silent]
|turn|6
|l|☆hgduhdv
|inactive|hgduhdv disconnected and has a minute to reconnect!
|player|p1|
|inactive|hgduhdv has 30 seconds to reconnect!
|inactive|hgduhdv has 20 seconds to reconnect!
|inactive|hgduhdv has 15 seconds to reconnect!
|inactive|hgduhdv has 10 seconds to reconnect!
|inactive|hgduhdv has 5 seconds to reconnect!
|-message|hgduhdv lost due to inactivity.
|
|win|hshshdurjif
|raw|hgduhdv's rating: 1000 &rarr; <strong>1000</strong><br />(+0 for losing)
|raw|hshshdurjif's rating: 1000 &rarr; <strong>1040</strong><br />(+40 for winning)
