|j|‽gigapoophater
|j|☆BAOJIAN ET TIGROU
|t:|1758301776
|gametype|singles
|player|p1|gigapoophater|swimmer|1140
|player|p2|BAOJIAN ET TIGROU|cynthia-gen4|1104
|gen|9
|tier|[Gen 9] OU
|rated|
|rule|HP Percentage Mod: HP is shown in percentages
|rule|Endless Battle Clause: Forcing endless battles is banned
|rule|Species Clause: Limit one of each Pokémon
|rule|OHKO Clause: OHKO moves are banned
|rule|Evasion Items Clause: Evasion items are banned
|rule|Evasion Moves Clause: Evasion moves are banned
|rule|Evasion Abilities Clause: Evasion abilities are banned
|rule|Sleep Moves Clause: Sleep-inducing moves are banned
|clearpoke
|poke|p1|Dedenne, F|
|poke|p1|Cryogonal|
|poke|p1|Iron Leaves|
|poke|p1|Orthworm, F|
|poke|p1|Chandelure, M|
|poke|p1|Talonflame, M|
|poke|p2|Dondozo, F|
|poke|p2|Great Tusk|
|poke|p2|Hatterene, F|
|poke|p2|Zamazenta-*|
|poke|p2|Inteleon, F|
|poke|p2|Dragapult, F|
|teampreview
|inactive|Battle timer is ON: inactive players will automatically lose when time's up. (requested by BAOJIAN ET TIGROU)
|
|t:|1758301791
|teamsize|p1|6
|teamsize|p2|6
|start
|switch|p1a: Cryogonal|Cryogonal|100/100
|switch|p2a: Zamazenta|Zamazenta|100/100
|-ability|p2a: Zamazenta|Dauntless Shield|boost
|-boost|p2a: Zamazenta|def|1
|turn|1
|
|t:|1758301807
|switch|p1a: Dedenne|Dedenne, F|100/100
|move|p2a: Zamazenta|Body Press|p1a: Dedenne
|-resisted|p1a: Dedenne
|-damage|p1a: Dedenne|49/100
|-enditem|p1a: Dedenne|Kee Berry|[eat]
|-boost|p1a: Dedenne|def|1|[from] item: Kee Berry
|-heal|p1a: Dedenne|83/100|[from] ability: Cheek Pouch
|
|upkeep
|turn|2
|
|t:|1758301823
|move|p1a: Dedenne|Nuzzle|p2a: Zamazenta
|-damage|p2a: Zamazenta|98/100
|-status|p2a: Zamazenta|par
|move|p2a: Zamazenta|Heavy Slam|p1a: Dedenne
|-damage|p1a: Dedenne|22/100
|
|-heal|p2a: Zamazenta|100/100 par|[from] item: Leftovers
|upkeep
|turn|3
|
|t:|1758301836
|move|p1a: Dedenne|Draining Kiss|p2a: Zamazenta
|-supereffective|p2a: Zamazenta
|-damage|p2a: Zamazenta|63/100 par
|-heal|p1a: Dedenne|55/100|[from] drain|[of] p2a: Zamazenta
|move|p2a: Zamazenta|Heavy Slam|p1a: Dedenne
|-damage|p1a: Dedenne|0 fnt
|faint|p1a: Dedenne
|
|-heal|p2a: Zamazenta|69/100 par|[from] item: Leftovers
|upkeep
|
|t:|1758301852
|switch|p1a: Chandelure|Chandelure, M|100/100
|turn|4
|
|t:|1758301866
|move|p1a: Chandelure|Fire Blast|p2a: Zamazenta
|-damage|p2a: Zamazenta|9/100 par
|cant|p2a: Zamazenta|par
|
|-heal|p2a: Zamazenta|15/100 par|[from] item: Leftovers
|upkeep
|turn|5
|
|t:|1758301872
|move|p1a: Chandelure|Fire Blast|p2a: Zamazenta
|-crit|p2a: Zamazenta
|-damage|p2a: Zamazenta|0 fnt
|faint|p2a: Zamazenta
|
|upkeep
|
|t:|1758301878
|switch|p2a: Inteleon|Inteleon, F|100/100
|turn|6
|
|t:|1758301883
|switch|p1a: Cryogonal|Cryogonal|100/100
|move|p2a: Inteleon|Surf|p1a: Cryogonal
|-damage|p1a: Cryogonal|73/100
|
|upkeep
|turn|7
|
|t:|1758301890
|switch|p2a: Great Tusk|Great Tusk|100/100
|move|p1a: Cryogonal|Freeze-Dry|p2a: Great Tusk
|-supereffective|p2a: Great Tusk
|-damage|p2a: Great Tusk|34/100
|
|upkeep
|turn|8
|
|t:|1758301911
|switch|p1a: Iron Leaves|Iron Leaves|100/100
|-enditem|p1a: Iron Leaves|Booster Energy
|-activate|p1a: Iron Leaves|ability: Quark Drive|[fromitem]
|-start|p1a: Iron Leaves|quarkdrivespe
|move|p2a: Great Tusk|Close Combat|p1a: Iron Leaves
|-resisted|p1a: Iron Leaves
|-damage|p1a: Iron Leaves|69/100
|-unboost|p2a: Great Tusk|def|1
|-unboost|p2a: Great Tusk|spd|1
|
|upkeep
|turn|9
|
|t:|1758301919
|move|p1a: Iron Leaves|Swords Dance|p1a: Iron Leaves
|-boost|p1a: Iron Leaves|atk|2
|move|p2a: Great Tusk|Headlong Rush|p1a: Iron Leaves
|-resisted|p1a: Iron Leaves
|-damage|p1a: Iron Leaves|35/100
|-unboost|p2a: Great Tusk|def|1
|-unboost|p2a: Great Tusk|spd|1
|
|upkeep
|turn|10
|
|t:|1758301927
|move|p1a: Iron Leaves|Leaf Blade|p2a: Great Tusk
|-supereffective|p2a: Great Tusk
|-damage|p2a: Great Tusk|0 fnt
|-damage|p1a: Iron Leaves|19/100|[from] item: Rocky Helmet|[of] p2a: Great Tusk
|faint|p2a: Great Tusk
|-end|p2a: Great Tusk|Protosynthesis|[silent]
|
|upkeep
|
|t:|1758301931
|switch|p2a: Dragapult|Dragapult, F|100/100
|turn|11
|
|t:|1758301937
|move|p1a: Iron Leaves|Psyblade|p2a: Dragapult
|-enditem|p2a: Dragapult|Focus Sash
|-damage|p2a: Dragapult|1/100
|move|p2a: Dragapult|Dragon Darts|p1a: Iron Leaves
|-damage|p1a: Iron Leaves|0 fnt
|faint|p1a: Iron Leaves
|-end|p1a: Iron Leaves|Quark Drive|[silent]
|
|upkeep
|
|t:|1758301943
|switch|p1a: Chandelure|Chandelure, M|100/100
|turn|12
|
|t:|1758301952
|move|p1a: Chandelure|Shadow Ball|p2a: Dragapult
|-supereffective|p2a: Dragapult
|-damage|p2a: Dragapult|0 fnt
|faint|p2a: Dragapult
|
|upkeep
|
|t:|1758301963
|switch|p2a: Dondozo|Dondozo, F|100/100
|turn|13
|
|t:|1758301973
|switch|p1a: Orthworm|Orthworm, F|100/100
|move|p2a: Dondozo|Curse|p2a: Dondozo
|-unboost|p2a: Dondozo|spe|1
|-boost|p2a: Dondozo|atk|1
|-boost|p2a: Dondozo|def|1
|
|upkeep
|turn|14
|
|t:|1758301985
|move|p1a: Orthworm|Body Press|p2a: Dondozo
|-damage|p2a: Dondozo|90/100
|move|p2a: Dondozo|Curse|p2a: Dondozo
|-unboost|p2a: Dondozo|spe|1
|-boost|p2a: Dondozo|atk|1
|-boost|p2a: Dondozo|def|1
|
|-heal|p2a: Dondozo|97/100|[from] item: Leftovers
|upkeep
|turn|15
|
|t:|1758302003
|-terastallize|p2a: Dondozo|Fighting
|move|p1a: Orthworm|Body Press|p2a: Dondozo
|-damage|p2a: Dondozo|89/100
|move|p2a: Dondozo|Body Press|p1a: Orthworm
|-supereffective|p1a: Orthworm
|-damage|p1a: Orthworm|2/100
|-damage|p2a: Dondozo|72/100|[from] item: Rocky Helmet|[of] p1a: Orthworm
|
|-heal|p2a: Dondozo|78/100|[from] item: Leftovers
|upkeep
|turn|16
|
|t:|1758302011
|move|p1a: Orthworm|Body Press|p2a: Dondozo
|-damage|p2a: Dondozo|70/100
|move|p2a: Dondozo|Liquidation|p1a: Orthworm
|-damage|p1a: Orthworm|0 fnt
|-damage|p2a: Dondozo|54/100|[from] item: Rocky Helmet|[of] p1a: Orthworm
|faint|p1a: Orthworm
|
|-heal|p2a: Dondozo|60/100|[from] item: Leftovers
|upkeep
|
|t:|1758302025
|switch|p1a: Chandelure|Chandelure, M|100/100
|turn|17
|
|t:|1758302036
|-terastallize|p1a: Chandelure|Ghost
|move|p1a: Chandelure|Shadow Ball|p2a: Dondozo
|-damage|p2a: Dondozo|3/100
|move|p2a: Dondozo|Liquidation|p1a: Chandelure
|-damage|p1a: Chandelure|20/100
|
|-heal|p2a: Dondozo|9/100|[from] item: Leftovers
|upkeep
|turn|18
|
|t:|1758302045
|switch|p2a: Hatterene|Hatterene, F|100/100
|move|p1a: Chandelure|Shadow Ball|p2a: Hatterene
|-supereffective|p2a: Hatterene
|-damage|p2a: Hatterene|0 fnt
|faint|p2a: Hatterene
|
|upkeep
|
|t:|1758302048
|switch|p2a: Inteleon|Inteleon, F|100/100
|turn|19
|
|t:|1758302053
|move|p1a: Chandelure|Shadow Ball|p2a: Inteleon
|-damage|p2a: Inteleon|0 fnt
|faint|p2a: Inteleon
|
|upkeep
|
|t:|1758302056
|switch|p2a: Dondozo|Dondozo, F, tera:Fighting|9/100
|turn|20
|
|t:|1758302058
|move|p1a: Chandelure|Shadow Ball|p2a: Dondozo
|-damage|p2a: Dondozo|0 fnt
|faint|p2a: Dondozo
|
|win|gigapoophater
|raw|gigapoophater's rating: 1140 &rarr; <strong>1162</strong><br />(+22 for winning)
|raw|BAOJIAN ET TIGROU's rating: 1104 &rarr; <strong>1082</strong><br />(-22 for losing)
|l|☆BAOJIAN ET TIGROU
|player|p2|
