|j|☆jzhuc1841
|j|☆omnomapuss
|t:|1758251810
|gametype|singles
|player|p1|jzhuc1841|hilbert-wonderlauncher|1528
|player|p2|omnomapuss|crasherwake|1680
|gen|9
|tier|[Gen 9] OU
|rated|
|rule|HP Percentage Mod: HP is shown in percentages
|rule|Endless Battle Clause: Forcing endless battles is banned
|rule|Species Clause: Limit one of each Pokémon
|rule|OHKO Clause: OHKO moves are banned
|rule|Evasion Items Clause: Evasion items are banned
|rule|Evasion Moves Clause: Evasion moves are banned
|rule|Evasion Abilities Clause: Evasion abilities are banned
|rule|Sleep Moves Clause: Sleep-inducing moves are banned
|clearpoke
|poke|p1|Cinderace, M|
|poke|p1|Kyurem|
|poke|p1|Zapdos|
|poke|p1|Kingambit, F|
|poke|p1|Slowking-Galar, M|
|poke|p1|Great Tusk|
|poke|p2|Primarina, M|
|poke|p2|Dragapult, M|
|poke|p2|Scizor, F|
|poke|p2|Great Tusk|
|poke|p2|Zapdos|
|poke|p2|Slowking-Galar, M|
|teampreview
|
|t:|1758251832
|teamsize|p1|6
|teamsize|p2|6
|start
|switch|p1a: Great Tusk|Great Tusk|100/100
|switch|p2a: Dragapult|Dragapult, M|100/100
|turn|1
|
|t:|1758251836
|-terastallize|p1a: Great Tusk|Ground
|move|p1a: Great Tusk|Headlong Rush|p2a: Dragapult
|-damage|p2a: Dragapult|0 fnt
|-unboost|p1a: Great Tusk|def|1
|-unboost|p1a: Great Tusk|spd|1
|faint|p2a: Dragapult
|
|upkeep
|
|t:|1758251846
|switch|p2a: Great Tusk|Great Tusk|100/100
|turn|2
|
|t:|1758251850
|-end|p1a: Great Tusk|Protosynthesis|[silent]
|switch|p1a: Zapdos|Zapdos|100/100
|move|p2a: Great Tusk|Stealth Rock|p1a: Zapdos
|-sidestart|p1: jzhuc1841|move: Stealth Rock
|
|upkeep
|turn|3
|
|t:|1758251856
|-end|p2a: Great Tusk|Protosynthesis|[silent]
|switch|p2a: Zapdos|Zapdos|100/100
|move|p1a: Zapdos|Hurricane|p2a: Zapdos
|-resisted|p2a: Zapdos
|-damage|p2a: Zapdos|79/100
|
|upkeep
|turn|4
|
|t:|1758251862
|move|p2a: Zapdos|U-turn|p1a: Zapdos
|-resisted|p1a: Zapdos
|-crit|p1a: Zapdos
|-damage|p1a: Zapdos|93/100
|
|t:|1758251865
|switch|p2a: Slowking|Slowking-Galar, M|100/100|[from] U-turn
|move|p1a: Zapdos|Volt Switch|p2a: Slowking
|-damage|p2a: Slowking|82/100
|
|t:|1758251870
|switch|p1a: Cinderace|Cinderace, M|100/100|[from] Volt Switch
|
|upkeep
|turn|5
|
|t:|1758251875
|move|p1a: Cinderace|Pyro Ball|p2a: Slowking
|-damage|p2a: Slowking|22/100
|move|p2a: Slowking|Thunder Wave|p1a: Cinderace
|-status|p1a: Cinderace|par
|
|upkeep
|turn|6
|
|t:|1758251881
|switch|p2a: Great Tusk|Great Tusk|100/100
|move|p1a: Cinderace|Will-O-Wisp|p2a: Great Tusk
|-status|p2a: Great Tusk|brn
|
|-damage|p2a: Great Tusk|94/100 brn|[from] brn
|upkeep
|turn|7
|
|t:|1758251886
|move|p2a: Great Tusk|Headlong Rush|p1a: Cinderace
|-supereffective|p1a: Cinderace
|-damage|p1a: Cinderace|12/100 par
|-unboost|p2a: Great Tusk|def|1
|-unboost|p2a: Great Tusk|spd|1
|move|p1a: Cinderace|Court Change|p1a: Cinderace
|-start|p1a: Cinderace|typechange|Normal|[from] ability: Libero
|-swapsideconditions
|-activate|p1a: Cinderace|move: Court Change
|
|-damage|p2a: Great Tusk|88/100 brn|[from] brn
|upkeep
|turn|8
|
|t:|1758251895
|move|p2a: Great Tusk|Rapid Spin|p1a: Cinderace
|-damage|p1a: Cinderace|0 fnt
|-boost|p2a: Great Tusk|spe|1
|-sideend|p2: omnomapuss|Stealth Rock|[from] move: Rapid Spin|[of] p2a: Great Tusk
|faint|p1a: Cinderace
|
|-damage|p2a: Great Tusk|82/100 brn|[from] brn
|upkeep
|
|t:|1758251902
|switch|p1a: Zapdos|Zapdos|93/100
|turn|9
|
|t:|1758251908
|-end|p2a: Great Tusk|Protosynthesis|[silent]
|switch|p2a: Slowking|Slowking-Galar, M|55/100
|move|p1a: Zapdos|Hurricane|p2a: Slowking|[miss]
|-miss|p1a: Zapdos|p2a: Slowking
|
|upkeep
|turn|10
|
|t:|1758251912
|move|p1a: Zapdos|Discharge|p2a: Slowking
|-damage|p2a: Slowking|36/100
|-status|p2a: Slowking|par
|-prepare|p2a: Slowking|Chilly Reception|[premajor]
|move|p2a: Slowking|Chilly Reception|p2a: Slowking
|-weather|Snowscape
|
|t:|1758251931
|switch|p2a: Scizor|Scizor, F|100/100|[from] Chilly Reception
|
|-weather|Snowscape|[upkeep]
|upkeep
|turn|11
|
|t:|1758251937
|move|p1a: Zapdos|Discharge|p2a: Scizor
|-damage|p2a: Scizor|57/100
|move|p2a: Scizor|Knock Off|p1a: Zapdos
|-damage|p1a: Zapdos|54/100
|-status|p2a: Scizor|par|[from] ability: Static|[of] p1a: Zapdos
|-enditem|p1a: Zapdos|Heavy-Duty Boots|[from] move: Knock Off|[of] p2a: Scizor
|
|-weather|Snowscape|[upkeep]
|upkeep
|turn|12
|-message|omnomapuss forfeited.
|
|win|jzhuc1841
|raw|jzhuc1841's rating: 1528 &rarr; <strong>1556</strong><br />(+28 for winning)
|raw|omnomapuss's rating: 1680 &rarr; <strong>1652</strong><br />(-28 for losing)
|l|☆omnomapuss
|player|p2|
|l|☆jzhuc1841
|player|p1|
|j|☆jzhuc1841
|player|p1|jzhuc1841|hilbert-wonderlauncher|
|l|☆jzhuc1841
|player|p1|
|j| vywxiwjxjwk
