|j|☆Absetia
|j|☆slowbro named paul
|t:|1758278839
|gametype|singles
|player|p1|Absetia|bellelba|1257
|player|p2|slowbro named paul|skierf|1279
|gen|9
|tier|[Gen 9] OU
|rated|
|rule|HP Percentage Mod: HP is shown in percentages
|rule|Endless Battle Clause: Forcing endless battles is banned
|rule|Species Clause: Limit one of each Pokémon
|rule|OHKO Clause: OHKO moves are banned
|rule|Evasion Items Clause: Evasion items are banned
|rule|Evasion Moves Clause: Evasion moves are banned
|rule|Evasion Abilities Clause: Evasion abilities are banned
|rule|Sleep Moves Clause: Sleep-inducing moves are banned
|clearpoke
|poke|p1|Samurott-Hisui, F|
|poke|p1|Zapdos|
|poke|p1|Zamazenta-*|
|poke|p1|Weezing-Galar, M|
|poke|p1|Dragonite, M|
|poke|p1|Metagross|
|poke|p2|Toxapex, F|
|poke|p2|Skarmory, F|
|poke|p2|Scream Tail|
|poke|p2|Bisharp, M|
|poke|p2|Haxorus, M|
|poke|p2|Decidueye-Hisui, M|
|teampreview
|inactive|Battle timer is ON: inactive players will automatically lose when time's up. (requested by slowbro named paul)
|
|t:|1758278848
|teamsize|p1|6
|teamsize|p2|6
|start
|switch|p1a: Samurott|Samurott-Hisui, F|100/100
|switch|p2a: Princegambit|Bisharp, M, shiny|100/100
|turn|1
|
|t:|1758278853
|move|p1a: Samurott|Aqua Cutter|p2a: Princegambit
|-damage|p2a: Princegambit|74/100
|move|p2a: Princegambit|Swords Dance|p2a: Princegambit
|-boost|p2a: Princegambit|atk|2
|
|upkeep
|turn|2
|
|t:|1758278860
|move|p1a: Samurott|Aqua Cutter|p2a: Princegambit
|-crit|p2a: Princegambit
|-damage|p2a: Princegambit|39/100
|move|p2a: Princegambit|Throat Chop|p1a: Samurott
|-resisted|p1a: Samurott
|-damage|p1a: Samurott|61/100
|-start|p1a: Samurott|Throat Chop|[silent]
|
|upkeep
|turn|3
|
|t:|1758278865
|switch|p1a: Zamazenta|Zamazenta|100/100
|-ability|p1a: Zamazenta|Dauntless Shield|boost
|-boost|p1a: Zamazenta|def|1
|move|p2a: Princegambit|Swords Dance|p2a: Princegambit
|-boost|p2a: Princegambit|atk|2
|
|upkeep
|turn|4
|
|t:|1758278869
|move|p1a: Zamazenta|Body Press|p2a: Princegambit
|-supereffective|p2a: Princegambit
|-damage|p2a: Princegambit|0 fnt
|faint|p2a: Princegambit
|
|upkeep
|
|t:|1758278873
|switch|p2a: Friend|Scream Tail|100/100
|turn|5
|
|t:|1758278877
|move|p2a: Friend|Calm Mind|p2a: Friend
|-boost|p2a: Friend|spa|1
|-boost|p2a: Friend|spd|1
|move|p1a: Zamazenta|Roar|p2a: Friend
|-end|p2a: Friend|Protosynthesis|[silent]
|drag|p2a: Big Mac|Haxorus, M, shiny|100/100
|-ability|p2a: Big Mac|Mold Breaker
|
|upkeep
|turn|6
|
|t:|1758278880
|move|p1a: Zamazenta|Body Press|p2a: Big Mac
|-damage|p2a: Big Mac|67/100
|move|p2a: Big Mac|Taunt|p1a: Zamazenta
|-start|p1a: Zamazenta|move: Taunt
|
|-heal|p2a: Big Mac|74/100|[from] item: Leftovers
|upkeep
|turn|7
|
|t:|1758278884
|move|p1a: Zamazenta|Play Rough|p2a: Big Mac|[miss]
|-miss|p1a: Zamazenta|p2a: Big Mac
|move|p2a: Big Mac|Swords Dance|p2a: Big Mac
|-boost|p2a: Big Mac|atk|2
|
|-heal|p2a: Big Mac|80/100|[from] item: Leftovers
|upkeep
|turn|8
|
|t:|1758278887
|move|p1a: Zamazenta|Play Rough|p2a: Big Mac
|-supereffective|p2a: Big Mac
|-damage|p2a: Big Mac|46/100
|move|p2a: Big Mac|Breaking Swipe|p1a: Zamazenta
|-damage|p1a: Zamazenta|68/100
|-unboost|p1a: Zamazenta|atk|1
|
|-heal|p1a: Zamazenta|74/100|[from] item: Leftovers
|-heal|p2a: Big Mac|52/100|[from] item: Leftovers
|upkeep
|turn|9
|
|t:|1758278894
|move|p1a: Zamazenta|Body Press|p2a: Big Mac
|-damage|p2a: Big Mac|18/100
|move|p2a: Big Mac|Swords Dance|p2a: Big Mac
|-boost|p2a: Big Mac|atk|2
|
|-heal|p1a: Zamazenta|80/100|[from] item: Leftovers
|-heal|p2a: Big Mac|24/100|[from] item: Leftovers
|-end|p1a: Zamazenta|move: Taunt
|upkeep
|turn|10
|
|t:|1758278896
|move|p1a: Zamazenta|Body Press|p2a: Big Mac
|-crit|p2a: Big Mac
|-damage|p2a: Big Mac|0 fnt
|faint|p2a: Big Mac
|
|-heal|p1a: Zamazenta|87/100|[from] item: Leftovers
|upkeep
|
|t:|1758278900
|switch|p2a: Skarmory|Skarmory, F|100/100
|turn|11
|
|t:|1758278902
|move|p2a: Skarmory|Drill Peck|p1a: Zamazenta
|-supereffective|p1a: Zamazenta
|-damage|p1a: Zamazenta|62/100
|move|p1a: Zamazenta|Roar|p2a: Skarmory
|drag|p2a: Primrose|Toxapex, F, shiny|100/100
|
|-heal|p1a: Zamazenta|68/100|[from] item: Leftovers
|upkeep
|turn|12
|
|t:|1758278908
|switch|p1a: Weezing|Weezing-Galar, M|100/100
|-ability|p1a: Weezing|Neutralizing Gas
|move|p2a: Primrose|Surf|p1a: Weezing
|-damage|p1a: Weezing|71/100
|
|-heal|p1a: Weezing|77/100|[from] item: Leftovers
|upkeep
|turn|13
|
|t:|1758278910
|move|p1a: Weezing|Will-O-Wisp|p2a: Primrose|[miss]
|-miss|p1a: Weezing|p2a: Primrose
|move|p2a: Primrose|Acid Spray|p1a: Weezing
|-crit|p1a: Weezing
|-damage|p1a: Weezing|60/100
|-unboost|p1a: Weezing|spd|2
|
|-heal|p1a: Weezing|66/100|[from] item: Leftovers
|upkeep
|turn|14
|
|t:|1758278916
|-end|p1a: Weezing|ability: Neutralizing Gas
|switch|p1a: Samurott|Samurott-Hisui, F|61/100
|move|p2a: Primrose|Sludge Bomb|p1a: Samurott
|-damage|p1a: Samurott|16/100
|
|upkeep
|turn|15
|
|t:|1758278919
|move|p1a: Samurott|Ceaseless Edge|p2a: Primrose
|-damage|p2a: Primrose|66/100
|-sidestart|p2: slowbro named paul|Spikes
|move|p2a: Primrose|Sludge Bomb|p1a: Samurott
|-damage|p1a: Samurott|0 fnt
|faint|p1a: Samurott
|
|upkeep
|
|t:|1758278922
|switch|p1a: Zapdos|Zapdos|100/100
|turn|16
|
|t:|1758278926
|-terastallize|p2a: Primrose|Poison
|move|p1a: Zapdos|Hurricane|p2a: Primrose|[miss]
|-miss|p1a: Zapdos|p2a: Primrose
|move|p2a: Primrose|Acid Spray|p1a: Zapdos
|-damage|p1a: Zapdos|74/100
|-unboost|p1a: Zapdos|spd|2
|
|upkeep
|turn|17
|
|t:|1758278929
|move|p1a: Zapdos|Hurricane|p2a: Primrose
|-damage|p2a: Primrose|42/100
|move|p2a: Primrose|Sludge Bomb|p1a: Zapdos
|-damage|p1a: Zapdos|4/100
|
|upkeep
|turn|18
|
|t:|1758278932
|move|p1a: Zapdos|U-turn|p2a: Primrose
|-resisted|p2a: Primrose
|-damage|p2a: Primrose|37/100
|
|t:|1758278934
|switch|p1a: Metagross|Metagross|100/100|[from] U-turn
|move|p2a: Primrose|Acid Spray|p1a: Metagross
|-immune|p1a: Metagross
|
|upkeep
|turn|19
|
|t:|1758278939
|switch|p2a: Skarmory|Skarmory, F|100/100
|move|p1a: Metagross|Heavy Slam|p2a: Skarmory
|-resisted|p2a: Skarmory
|-damage|p2a: Skarmory|70/100
|-damage|p1a: Metagross|84/100|[from] item: Rocky Helmet|[of] p2a: Skarmory
|
|upkeep
|turn|20
|
|t:|1758278943
|switch|p1a: Zapdos|Zapdos|4/100
|move|p2a: Skarmory|Curse|p2a: Skarmory
|-unboost|p2a: Skarmory|spe|1
|-boost|p2a: Skarmory|atk|1
|-boost|p2a: Skarmory|def|1
|
|upkeep
|turn|21
|
|t:|1758278946
|move|p1a: Zapdos|Thunderbolt|p2a: Skarmory
|-supereffective|p2a: Skarmory
|-damage|p2a: Skarmory|0 fnt
|faint|p2a: Skarmory
|
|upkeep
|
|t:|1758278949
|switch|p2a: Hooty|Decidueye-Hisui, M, shiny|100/100
|turn|22
|
|t:|1758278952
|move|p1a: Zapdos|Hurricane|p2a: Hooty
|-supereffective|p2a: Hooty
|-damage|p2a: Hooty|0 fnt
|faint|p2a: Hooty
|
|upkeep
|
|t:|1758278957
|switch|p2a: Primrose|Toxapex, F, shiny, tera:Poison|70/100
|-damage|p2a: Primrose|58/100|[from] Spikes
|turn|23
|
|t:|1758278961
|move|p1a: Zapdos|Roost|p1a: Zapdos
|-heal|p1a: Zapdos|54/100
|-singleturn|p1a: Zapdos|move: Roost
|move|p2a: Primrose|Surf|p1a: Zapdos
|-damage|p1a: Zapdos|24/100
|
|upkeep
|turn|24
|
|t:|1758278963
|move|p1a: Zapdos|U-turn|p2a: Primrose
|-resisted|p2a: Primrose
|-damage|p2a: Primrose|52/100
|
|t:|1758278966
|switch|p1a: Metagross|Metagross|84/100|[from] U-turn
|move|p2a: Primrose|Acid Spray|p1a: Metagross
|-immune|p1a: Metagross
|
|upkeep
|turn|25
|-message|slowbro named paul forfeited.
|
|win|Absetia
|raw|Absetia's rating: 1257 &rarr; <strong>1284</strong><br />(+27 for winning)
|raw|slowbro named paul's rating: 1279 &rarr; <strong>1252</strong><br />(-27 for losing)
|l|☆slowbro named paul
|player|p2|
|l|☆Absetia
|player|p1|
