|j|☆jlce
|j|☆SBYK
|t:|1758316724
|gametype|singles
|player|p1|jlce|101|1419
|player|p2|SBYK|aaron|1455
|gen|9
|tier|[Gen 9] OU
|rated|
|rule|HP Percentage Mod: HP is shown in percentages
|rule|Endless Battle Clause: Forcing endless battles is banned
|rule|Species Clause: Limit one of each Pokémon
|rule|OHKO Clause: OHKO moves are banned
|rule|Evasion Items Clause: Evasion items are banned
|rule|Evasion Moves Clause: Evasion moves are banned
|rule|Evasion Abilities Clause: Evasion abilities are banned
|rule|Sleep Moves Clause: Sleep-inducing moves are banned
|clearpoke
|poke|p1|Dragapult, M|
|poke|p1|Weavile, F|
|poke|p1|Tentacruel, F|
|poke|p1|Samurott-Hisui, F|
|poke|p1|Sinistcha|
|poke|p1|Arcanine-Hisui, F|
|poke|p2|Kingambit, M|
|poke|p2|Garchomp, M|
|poke|p2|Donphan, F|
|poke|p2|Weezing-Galar, F|
|poke|p2|Pawmot, F|
|poke|p2|Meowscarada, F|
|teampreview
|inactive|Battle timer is ON: inactive players will automatically lose when time's up. (requested by SBYK)
|
|t:|1758316731
|teamsize|p1|6
|teamsize|p2|6
|start
|switch|p1a: Weavile|Weavile, F|100/100
|switch|p2a: Meowscarada|Meowscarada, F|100/100
|turn|1
|
|t:|1758316737
|move|p1a: Weavile|Triple Axel|p2a: Meowscarada
|-supereffective|p2a: Meowscarada
|-damage|p2a: Meowscarada|61/100
|-supereffective|p2a: Meowscarada
|-crit|p2a: Meowscarada
|-damage|p2a: Meowscarada|0 fnt
|faint|p2a: Meowscarada
|-hitcount|p2: Meowscarada|2
|-damage|p1a: Weavile|91/100|[from] item: Life Orb
|
|upkeep
|
|t:|1758316745
|switch|p2a: Weezing|Weezing-Galar, F|100/100
|-ability|p2a: Weezing|Neutralizing Gas
|turn|2
|
|t:|1758316750
|switch|p1a: Tentacruel|Tentacruel, F|100/100
|move|p2a: Weezing|Strange Steam|p1a: Tentacruel
|-resisted|p1a: Tentacruel
|-damage|p1a: Tentacruel|92/100
|
|upkeep
|turn|3
|
|t:|1758316756
|-end|p2a: Weezing|ability: Neutralizing Gas
|switch|p2a: Garchomp|Garchomp, M|100/100
|move|p1a: Tentacruel|Sludge Wave|p2a: Garchomp
|-resisted|p2a: Garchomp
|-damage|p2a: Garchomp|84/100
|
|upkeep
|turn|4
|
|t:|1758316760
|switch|p1a: Sinistcha|Sinistcha|100/100
|move|p2a: Garchomp|Scale Shot|p1a: Sinistcha
|-damage|p1a: Sinistcha|89/100
|-damage|p1a: Sinistcha|77/100
|-hitcount|p1a: Sinistcha|2
|-unboost|p2a: Garchomp|def|1
|-boost|p2a: Garchomp|spe|1
|-damage|p2a: Garchomp|74/100|[from] item: Life Orb
|
|-heal|p1a: Sinistcha|83/100|[from] item: Leftovers
|upkeep
|turn|5
|
|t:|1758316768
|move|p2a: Garchomp|Swords Dance|p2a: Garchomp
|-boost|p2a: Garchomp|atk|2
|move|p1a: Sinistcha|Stun Spore|p2a: Garchomp
|-status|p2a: Garchomp|par
|
|-heal|p1a: Sinistcha|89/100|[from] item: Leftovers
|upkeep
|turn|6
|
|t:|1758316772
|cant|p2a: Garchomp|par
|move|p1a: Sinistcha|Hex|p2a: Garchomp
|-damage|p2a: Garchomp|13/100 par
|
|-heal|p1a: Sinistcha|95/100|[from] item: Leftovers
|upkeep
|turn|7
|
|t:|1758316775
|move|p2a: Garchomp|Scale Shot|p1a: Sinistcha
|-damage|p1a: Sinistcha|72/100
|-damage|p1a: Sinistcha|48/100
|-damage|p1a: Sinistcha|25/100
|-damage|p1a: Sinistcha|4/100
|-hitcount|p1a: Sinistcha|4
|-unboost|p2a: Garchomp|def|1
|-boost|p2a: Garchomp|spe|1
|-damage|p2a: Garchomp|3/100 par|[from] item: Life Orb
|move|p1a: Sinistcha|Hex|p2a: Garchomp
|-damage|p2a: Garchomp|0 fnt
|faint|p2a: Garchomp
|
|-heal|p1a: Sinistcha|10/100|[from] item: Leftovers
|upkeep
|
|t:|1758316787
|switch|p2a: Pawmot|Pawmot, F|100/100
|turn|8
|
|t:|1758316790
|move|p2a: Pawmot|Encore|p1a: Sinistcha
|-start|p1a: Sinistcha|Encore
|move|p1a: Sinistcha|Hex|p2a: Pawmot
|-damage|p2a: Pawmot|52/100
|
|-heal|p1a: Sinistcha|16/100|[from] item: Leftovers
|upkeep
|turn|9
|
|t:|1758316797
|switch|p1a: Tentacruel|Tentacruel, F|92/100
|move|p2a: Pawmot|Revival Blessing|p2a: Pawmot
|-enditem|p2a: Pawmot|Leppa Berry|[eat]
|-activate|p2a: Pawmot|item: Leppa Berry|Revival Blessing|[consumed]
|
|t:|1758316799
|-heal|p2: Meowscarada|50/100|[from] move: Revival Blessing
|
|upkeep
|turn|10
|
|t:|1758316805
|move|p2a: Pawmot|Revival Blessing|p2a: Pawmot
|
|t:|1758316807
|-heal|p2: Garchomp|50/100|[from] move: Revival Blessing
|move|p1a: Tentacruel|Sludge Wave|p2a: Pawmot
|-damage|p2a: Pawmot|1/100
|
|upkeep
|turn|11
|
|t:|1758316811
|move|p2a: Pawmot|Encore|p1a: Tentacruel
|-start|p1a: Tentacruel|Encore
|move|p1a: Tentacruel|Sludge Wave|p2a: Pawmot
|-damage|p2a: Pawmot|0 fnt
|faint|p2a: Pawmot
|
|upkeep
|
|t:|1758316814
|switch|p2a: Kingambit|Kingambit, M|100/100
|-activate|p2a: Kingambit|ability: Supreme Overlord
|-start|p2a: Kingambit|fallen3|[silent]
|turn|12
|
|t:|1758316819
|switch|p1a: Sinistcha|Sinistcha|16/100
|move|p2a: Kingambit|Swords Dance|p2a: Kingambit
|-boost|p2a: Kingambit|atk|2
|
|-heal|p1a: Sinistcha|22/100|[from] item: Leftovers
|upkeep
|turn|13
|
|t:|1758316824
|move|p2a: Kingambit|Kowtow Cleave|p1a: Sinistcha
|-supereffective|p1a: Sinistcha
|-damage|p1a: Sinistcha|0 fnt
|faint|p1a: Sinistcha
|
|upkeep
|
|t:|1758316827
|switch|p1a: Samurott|Samurott-Hisui, F|100/100
|turn|14
|
|t:|1758316833
|-end|p2a: Kingambit|fallen3|[silent]
|switch|p2a: Weezing|Weezing-Galar, F|100/100
|-ability|p2a: Weezing|Neutralizing Gas
|move|p1a: Samurott|Razor Shell|p2a: Weezing
|-damage|p2a: Weezing|73/100
|
|-heal|p2a: Weezing|79/100|[from] item: Leftovers
|upkeep
|turn|15
|
|t:|1758316843
|move|p1a: Samurott|Flip Turn|p2a: Weezing
|-damage|p2a: Weezing|58/100
|
|t:|1758316845
|switch|p1a: Tentacruel|Tentacruel, F|92/100|[from] Flip Turn
|move|p2a: Weezing|Strange Steam|p1a: Tentacruel
|-resisted|p1a: Tentacruel
|-damage|p1a: Tentacruel|83/100
|-start|p1a: Tentacruel|confusion
|
|-heal|p2a: Weezing|65/100|[from] item: Leftovers
|upkeep
|turn|16
|
|t:|1758316850
|-end|p2a: Weezing|ability: Neutralizing Gas
|switch|p2a: Garchomp|Garchomp, M|50/100
|-activate|p1a: Tentacruel|confusion
|move|p1a: Tentacruel|Flip Turn|p2a: Garchomp
|-damage|p2a: Garchomp|36/100
|-damage|p1a: Tentacruel|70/100|[from] ability: Rough Skin|[of] p2a: Garchomp
|
|t:|1758316855
|switch|p1a: Weavile|Weavile, F|91/100|[from] Flip Turn
|
|upkeep
|turn|17
|
|t:|1758316861
|move|p1a: Weavile|Triple Axel|p2a: Garchomp
|-supereffective|p2a: Garchomp
|-damage|p2a: Garchomp|0 fnt
|-damage|p1a: Weavile|78/100|[from] ability: Rough Skin|[of] p2a: Garchomp
|faint|p2a: Garchomp
|-hitcount|p2: Garchomp|1
|-damage|p1a: Weavile|68/100|[from] item: Life Orb
|
|upkeep
|
|t:|1758316868
|switch|p2a: Donphan|Donphan, F|100/100
|turn|18
|
|t:|1758316874
|move|p1a: Weavile|Triple Axel|p2a: Donphan
|-supereffective|p2a: Donphan
|-damage|p2a: Donphan|81/100
|-supereffective|p2a: Donphan
|-damage|p2a: Donphan|42/100
|-supereffective|p2a: Donphan
|-damage|p2a: Donphan|0 fnt
|faint|p2a: Donphan
|-hitcount|p2: Donphan|3
|-damage|p1a: Weavile|58/100|[from] item: Life Orb
|
|upkeep
|
|t:|1758316882
|switch|p2a: Weezing|Weezing-Galar, F|65/100
|-ability|p2a: Weezing|Neutralizing Gas
|turn|19
|
|t:|1758316887
|switch|p1a: Tentacruel|Tentacruel, F|70/100
|-end|p2a: Weezing|ability: Neutralizing Gas
|switch|p2a: Kingambit|Kingambit, M|100/100
|-activate|p2a: Kingambit|ability: Supreme Overlord
|-start|p2a: Kingambit|fallen5|[silent]
|
|upkeep
|turn|20
|
|t:|1758316892
|move|p1a: Tentacruel|Flip Turn|p2a: Kingambit
|-damage|p2a: Kingambit|89/100
|
|t:|1758316896
|switch|p1a: Samurott|Samurott-Hisui, F|100/100|[from] Flip Turn
|move|p2a: Kingambit|Swords Dance|p2a: Kingambit
|-boost|p2a: Kingambit|atk|2
|
|upkeep
|turn|21
|
|t:|1758316899
|-terastallize|p2a: Kingambit|Dark
|move|p1a: Samurott|Razor Shell|p2a: Kingambit
|-damage|p2a: Kingambit|43/100
|-unboost|p2a: Kingambit|def|1
|move|p2a: Kingambit|Kowtow Cleave|p1a: Samurott
|-resisted|p1a: Samurott
|-enditem|p1a: Samurott|Focus Sash
|-damage|p1a: Samurott|1/100
|
|upkeep
|turn|22
|
|t:|1758316907
|move|p1a: Samurott|Sucker Punch|p2a: Kingambit
|-resisted|p2a: Kingambit
|-damage|p2a: Kingambit|23/100
|move|p2a: Kingambit|Sucker Punch||[still]
|-fail|p2a: Kingambit
|
|upkeep
|turn|23
|
|t:|1758316912
|move|p1a: Samurott|Razor Shell|p2a: Kingambit
|-damage|p2a: Kingambit|0 fnt
|faint|p2a: Kingambit
|-end|p2a: Kingambit|fallen5|[silent]
|
|upkeep
|
|t:|1758316915
|switch|p2a: Meowscarada|Meowscarada, F|50/100
|turn|24
|
|t:|1758316920
|move|p1a: Samurott|Sucker Punch|p2a: Meowscarada
|-resisted|p2a: Meowscarada
|-damage|p2a: Meowscarada|24/100
|move|p2a: Meowscarada|Flower Trick|p1a: Samurott
|-start|p2a: Meowscarada|typechange|Grass|[from] ability: Protean
|-supereffective|p1a: Samurott
|-crit|p1a: Samurott
|-damage|p1a: Samurott|0 fnt
|faint|p1a: Samurott
|
|upkeep
|
|t:|1758316923
|switch|p1a: Arcanine|Arcanine-Hisui, F|100/100
|turn|25
|
|t:|1758316927
|move|p1a: Arcanine|Extreme Speed|p2a: Meowscarada
|-damage|p2a: Meowscarada|0 fnt
|faint|p2a: Meowscarada
|
|upkeep
|-message|SBYK forfeited.
|
|win|jlce
|raw|jlce's rating: 1419 &rarr; <strong>1441</strong><br />(+22 for winning)
|raw|SBYK's rating: 1455 &rarr; <strong>1433</strong><br />(-22 for losing)
|l|☆SBYK
|player|p2|
|l|☆jlce
|player|p1|
