|j|☆Kirohn
|j|☆Martoelpro
|t:|1758289872
|gametype|singles
|player|p1|Kirohn|102|1109
|player|p2|Martoelpro|2|1106
|gen|9
|tier|[Gen 9] OU
|rated|
|rule|HP Percentage Mod: HP is shown in percentages
|rule|Endless Battle Clause: Forcing endless battles is banned
|rule|Species Clause: Limit one of each Pokémon
|rule|OHKO Clause: OHKO moves are banned
|rule|Evasion Items Clause: Evasion items are banned
|rule|Evasion Moves Clause: Evasion moves are banned
|rule|Evasion Abilities Clause: Evasion abilities are banned
|rule|Sleep Moves Clause: Sleep-inducing moves are banned
|clearpoke
|poke|p1|Kyurem|
|poke|p1|Kingambit, F|
|poke|p1|Hatterene, F|
|poke|p1|Iron Moth|
|poke|p1|Landorus-Therian, M|
|poke|p1|Zamazenta-*|
|poke|p2|Meowscarada, F|
|poke|p2|Gengar, M|
|poke|p2|Sandy Shocks|
|poke|p2|Corviknight, M|
|poke|p2|Umbreon, M|
|poke|p2|Tauros-Paldea-Aqua, M|
|teampreview
|inactive|Battle timer is ON: inactive players will automatically lose when time's up. (requested by Martoelpro)
|
|t:|1758289879
|teamsize|p1|6
|teamsize|p2|6
|start
|switch|p1a: Landorus|Landorus-Therian, M|100/100
|switch|p2a: Meowscarada|Meowscarada, F, shiny|100/100
|-ability|p1a: Landorus|Intimidate|boost
|-unboost|p2a: Meowscarada|atk|1
|turn|1
|
|t:|1758289904
|move|p2a: Meowscarada|Triple Axel|p1a: Landorus
|-start|p2a: Meowscarada|typechange|Ice|[from] ability: Protean
|-supereffective|p1a: Landorus
|-damage|p1a: Landorus|77/100
|-damage|p2a: Meowscarada|84/100|[from] item: Rocky Helmet|[of] p1a: Landorus
|-supereffective|p1a: Landorus
|-damage|p1a: Landorus|27/100
|-damage|p2a: Meowscarada|68/100|[from] item: Rocky Helmet|[of] p1a: Landorus
|-supereffective|p1a: Landorus
|-damage|p1a: Landorus|0 fnt
|-damage|p2a: Meowscarada|51/100|[from] item: Rocky Helmet|[of] p1a: Landorus
|faint|p1a: Landorus
|-hitcount|p1: Landorus|3
|
|upkeep
|inactive|Kirohn has 120 seconds left.
|
|t:|1758289925
|switch|p1a: Zamazenta|Zamazenta|100/100
|-ability|p1a: Zamazenta|Dauntless Shield|boost
|-boost|p1a: Zamazenta|def|1
|turn|2
|
|t:|1758289930
|switch|p2a: Corviknight|Corviknight, M, shiny|100/100
|-ability|p2a: Corviknight|Pressure
|move|p1a: Zamazenta|Body Press|p2a: Corviknight
|-damage|p2a: Corviknight|70/100
|-damage|p1a: Zamazenta|84/100|[from] item: Rocky Helmet|[of] p2a: Corviknight
|
|-heal|p1a: Zamazenta|90/100|[from] item: Leftovers
|upkeep
|turn|3
|inactive|Kirohn has 120 seconds left.
|
|t:|1758289941
|move|p1a: Zamazenta|Iron Defense|p1a: Zamazenta
|-boost|p1a: Zamazenta|def|2
|move|p2a: Corviknight|Brave Bird|p1a: Zamazenta
|-supereffective|p1a: Zamazenta
|-damage|p1a: Zamazenta|66/100
|-damage|p2a: Corviknight|63/100|[from] Recoil
|
|-heal|p1a: Zamazenta|72/100|[from] item: Leftovers
|upkeep
|turn|4
|
|t:|1758289949
|move|p1a: Zamazenta|Iron Defense|p1a: Zamazenta
|-boost|p1a: Zamazenta|def|2
|move|p2a: Corviknight|Roost|p2a: Corviknight
|-heal|p2a: Corviknight|100/100
|-singleturn|p2a: Corviknight|move: Roost
|
|-heal|p1a: Zamazenta|78/100|[from] item: Leftovers
|upkeep
|turn|5
|
|t:|1758289958
|switch|p2a: Gengar|Gengar, M|100/100
|move|p1a: Zamazenta|Iron Defense|p1a: Zamazenta
|-boost|p1a: Zamazenta|def|1
|
|-heal|p1a: Zamazenta|84/100|[from] item: Leftovers
|upkeep
|turn|6
|
|t:|1758289967
|move|p1a: Zamazenta|Crunch|p2a: Gengar
|-supereffective|p2a: Gengar
|-damage|p2a: Gengar|16/100
|-unboost|p2a: Gengar|def|1
|move|p2a: Gengar|Will-O-Wisp|p1a: Zamazenta
|-status|p1a: Zamazenta|brn
|
|-heal|p1a: Zamazenta|90/100 brn|[from] item: Leftovers
|-heal|p2a: Gengar|22/100|[from] item: Black Sludge
|-damage|p1a: Zamazenta|84/100 brn|[from] brn
|upkeep
|turn|7
|
|t:|1758289979
|switch|p2a: Corviknight|Corviknight, M, shiny|100/100
|-ability|p2a: Corviknight|Pressure
|move|p1a: Zamazenta|Crunch|p2a: Corviknight
|-damage|p2a: Corviknight|93/100
|-unboost|p2a: Corviknight|def|1
|-damage|p1a: Zamazenta|67/100 brn|[from] item: Rocky Helmet|[of] p2a: Corviknight
|
|-heal|p1a: Zamazenta|73/100 brn|[from] item: Leftovers
|-damage|p1a: Zamazenta|67/100 brn|[from] brn
|upkeep
|turn|8
|
|t:|1758290001
|switch|p1a: Iron Moth|Iron Moth, shiny|100/100
|-enditem|p1a: Iron Moth|Booster Energy
|-activate|p1a: Iron Moth|ability: Quark Drive|[fromitem]
|-start|p1a: Iron Moth|quarkdrivespe
|move|p2a: Corviknight|Brave Bird|p1a: Iron Moth
|-damage|p1a: Iron Moth|51/100
|-damage|p2a: Corviknight|81/100|[from] Recoil
|
|upkeep
|turn|9
|
|t:|1758290014
|switch|p2a: Tauros|Tauros-Paldea-Aqua, M, shiny|100/100
|-ability|p2a: Tauros|Intimidate|boost
|-unboost|p1a: Iron Moth|atk|1
|move|p1a: Iron Moth|Fiery Dance|p2a: Tauros
|-resisted|p2a: Tauros
|-damage|p2a: Tauros|68/100
|
|upkeep
|turn|10
|inactive|Kirohn has 120 seconds left.
|
|t:|1758290034
|move|p2a: Tauros|Aqua Jet|p1a: Iron Moth
|-supereffective|p1a: Iron Moth
|-damage|p1a: Iron Moth|0 fnt
|faint|p1a: Iron Moth
|-end|p1a: Iron Moth|Quark Drive|[silent]
|
|upkeep
|inactive|Kirohn has 120 seconds left.
|
|t:|1758290047
|switch|p1a: Kyurem|Kyurem, shiny|100/100
|-ability|p1a: Kyurem|Pressure
|turn|11
|inactive|Kirohn has 120 seconds left.
|
|t:|1758290064
|move|p2a: Tauros|Close Combat|p1a: Kyurem
|-supereffective|p1a: Kyurem
|-crit|p1a: Kyurem
|-damage|p1a: Kyurem|0 fnt
|-unboost|p2a: Tauros|def|1
|-unboost|p2a: Tauros|spd|1
|faint|p1a: Kyurem
|
|upkeep
|-message|Kirohn forfeited.
|
|win|Martoelpro
|raw|Kirohn's rating: 1109 &rarr; <strong>1084</strong><br />(-25 for losing)
|raw|Martoelpro's rating: 1106 &rarr; <strong>1131</strong><br />(+25 for winning)
|l|☆Kirohn
|player|p1|
|l|☆Martoelpro
|player|p2|
