|j|☆AzureNoire
|j|☆Oattumblely
|t:|1758255988
|gametype|singles
|player|p1|AzureNoire|101|1427
|player|p2|Oattumblely|rocketgruntf|1453
|gen|9
|tier|[Gen 9] OU
|rated|
|rule|HP Percentage Mod: HP is shown in percentages
|rule|Endless Battle Clause: Forcing endless battles is banned
|rule|Species Clause: Limit one of each Pokémon
|rule|OHKO Clause: OHKO moves are banned
|rule|Evasion Items Clause: Evasion items are banned
|rule|Evasion Moves Clause: Evasion moves are banned
|rule|Evasion Abilities Clause: Evasion abilities are banned
|rule|Sleep Moves Clause: Sleep-inducing moves are banned
|clearpoke
|poke|p1|Mandibuzz, F|
|poke|p1|Armarouge, F|
|poke|p1|Blaziken, M|
|poke|p1|Lokix, F|
|poke|p1|Hatterene, F|
|poke|p1|Lapras, M|
|poke|p2|Slither Wing|
|poke|p2|Ninetales, M|
|poke|p2|Venusaur, M|
|poke|p2|Great Tusk|
|poke|p2|Weezing-Galar, F|
|poke|p2|Cinderace, F|
|teampreview
|inactive|Battle timer is ON: inactive players will automatically lose when time's up. (requested by AzureNoire)
|
|t:|1758256004
|teamsize|p1|6
|teamsize|p2|6
|start
|switch|p1a: Mandibuzz|Mandibuzz, F|100/100
|switch|p2a: Ninetales|Ninetales, M|100/100
|-weather|SunnyDay|[from] ability: Drought|[of] p2a: Ninetales
|turn|1
|
|t:|1758256008
|move|p2a: Ninetales|Weather Ball|p1a: Mandibuzz
|-damage|p1a: Mandibuzz|69/100
|move|p1a: Mandibuzz|Toxic|p2a: Ninetales
|-status|p2a: Ninetales|tox
|
|-weather|SunnyDay|[upkeep]
|-heal|p1a: Mandibuzz|75/100|[from] item: Leftovers
|-damage|p2a: Ninetales|94/100 tox|[from] psn
|upkeep
|turn|2
|
|t:|1758256017
|switch|p2a: Cinderace|Cinderace, F|100/100
|switch|p1a: Blaziken|Blaziken, M|100/100
|
|-weather|SunnyDay|[upkeep]
|upkeep
|turn|3
|
|t:|1758256025
|switch|p2a: Weezing|Weezing-Galar, F|100/100
|-ability|p2a: Weezing|Neutralizing Gas
|move|p1a: Blaziken|Focus Energy|p1a: Blaziken
|-start|p1a: Blaziken|move: Focus Energy
|
|-weather|SunnyDay|[upkeep]
|upkeep
|turn|4
|
|t:|1758256032
|move|p1a: Blaziken|Overheat|p2a: Weezing
|-crit|p2a: Weezing
|-damage|p2a: Weezing|0 fnt
|-unboost|p1a: Blaziken|spa|2
|faint|p2a: Weezing
|-end|p2a: Weezing|ability: Neutralizing Gas
|
|-weather|SunnyDay|[upkeep]
|-ability|p1a: Blaziken|Speed Boost|boost
|-boost|p1a: Blaziken|spe|1
|upkeep
|
|t:|1758256041
|switch|p2a: Venusaur|Venusaur, M|100/100
|turn|5
|
|t:|1758256045
|-terastallize|p2a: Venusaur|Water
|move|p2a: Venusaur|Sludge Bomb|p1a: Blaziken
|-damage|p1a: Blaziken|34/100
|move|p1a: Blaziken|Overheat|p2a: Venusaur
|-resisted|p2a: Venusaur
|-crit|p2a: Venusaur
|-damage|p2a: Venusaur|20/100
|-unboost|p1a: Blaziken|spa|2
|
|-weather|SunnyDay|[upkeep]
|-heal|p2a: Venusaur|26/100|[from] item: Leftovers
|-ability|p1a: Blaziken|Speed Boost|boost
|-boost|p1a: Blaziken|spe|1
|upkeep
|turn|6
|
|t:|1758256051
|move|p1a: Blaziken|Detect|p1a: Blaziken
|-singleturn|p1a: Blaziken|Protect
|move|p2a: Venusaur|Sludge Bomb|p1a: Blaziken
|-activate|p1a: Blaziken|move: Protect
|
|-weather|SunnyDay|[upkeep]
|-heal|p2a: Venusaur|32/100|[from] item: Leftovers
|-ability|p1a: Blaziken|Speed Boost|boost
|-boost|p1a: Blaziken|spe|1
|upkeep
|turn|7
|
|t:|1758256053
|move|p1a: Blaziken|Close Combat|p2a: Venusaur
|-crit|p2a: Venusaur
|-damage|p2a: Venusaur|0 fnt
|-unboost|p1a: Blaziken|def|1
|-unboost|p1a: Blaziken|spd|1
|faint|p2a: Venusaur
|
|-weather|SunnyDay|[upkeep]
|-ability|p1a: Blaziken|Speed Boost|boost
|-boost|p1a: Blaziken|spe|1
|upkeep
|
|t:|1758256057
|switch|p2a: Cinderace|Cinderace, F|100/100
|turn|8
|
|t:|1758256059
|move|p2a: Cinderace|Sucker Punch|p1a: Blaziken
|-start|p2a: Cinderace|typechange|Dark|[from] ability: Libero
|-resisted|p1a: Blaziken
|-damage|p1a: Blaziken|0 fnt
|faint|p1a: Blaziken
|
|-weather|none
|upkeep
|
|t:|1758256066
|switch|p1a: Mandibuzz|Mandibuzz, F|75/100
|turn|9
|
|t:|1758256071
|move|p2a: Cinderace|U-turn|p1a: Mandibuzz
|-damage|p1a: Mandibuzz|58/100
|
|t:|1758256073
|switch|p2a: Ninetales|Ninetales, M|94/100 tox|[from] U-turn
|-weather|SunnyDay|[from] ability: Drought|[of] p2a: Ninetales
|move|p1a: Mandibuzz|Toxic|p2a: Ninetales
|-fail|p2a: Ninetales|tox
|
|-weather|SunnyDay|[upkeep]
|-heal|p1a: Mandibuzz|64/100|[from] item: Leftovers
|-damage|p2a: Ninetales|88/100 tox|[from] psn
|upkeep
|turn|10
|
|t:|1758256084
|switch|p2a: Cinderace|Cinderace, F|100/100
|move|p1a: Mandibuzz|Roost|p1a: Mandibuzz
|-heal|p1a: Mandibuzz|100/100
|-singleturn|p1a: Mandibuzz|move: Roost
|
|-weather|SunnyDay|[upkeep]
|upkeep
|turn|11
|
|t:|1758256087
|move|p2a: Cinderace|Pyro Ball|p1a: Mandibuzz|[miss]
|-miss|p2a: Cinderace|p1a: Mandibuzz
|move|p1a: Mandibuzz|Toxic|p2a: Cinderace
|-status|p2a: Cinderace|tox
|
|-weather|SunnyDay|[upkeep]
|-damage|p2a: Cinderace|95/100 tox|[from] psn
|upkeep
|turn|12
|
|t:|1758256090
|move|p2a: Cinderace|Pyro Ball|p1a: Mandibuzz
|-damage|p1a: Mandibuzz|38/100
|move|p1a: Mandibuzz|Foul Play|p2a: Cinderace
|-crit|p2a: Cinderace
|-damage|p2a: Cinderace|0 fnt
|faint|p2a: Cinderace
|
|-weather|SunnyDay|[upkeep]
|-heal|p1a: Mandibuzz|45/100|[from] item: Leftovers
|upkeep
|-message|Oattumblely forfeited.
|
|win|AzureNoire
|raw|AzureNoire's rating: 1427 &rarr; <strong>1448</strong><br />(+21 for winning)
|raw|Oattumblely's rating: 1453 &rarr; <strong>1432</strong><br />(-21 for losing)
|l|☆Oattumblely
|player|p2|
|l|☆AzureNoire
|player|p1|
