|j|☆Doodieray
|j|☆Mr.Vcard
|t:|1758328381
|gametype|singles
|player|p1|Doodieray|medium|1366
|player|p2|Mr.Vcard|101|1393
|gen|9
|tier|[Gen 9] OU
|rated|
|rule|HP Percentage Mod: HP is shown in percentages
|rule|Endless Battle Clause: Forcing endless battles is banned
|rule|Species Clause: Limit one of each Pokémon
|rule|OHKO Clause: OHKO moves are banned
|rule|Evasion Items Clause: Evasion items are banned
|rule|Evasion Moves Clause: Evasion moves are banned
|rule|Evasion Abilities Clause: Evasion abilities are banned
|rule|Sleep Moves Clause: Sleep-inducing moves are banned
|clearpoke
|poke|p1|Pelipper, F|
|poke|p1|Hatterene, F|
|poke|p1|Iron Treads|
|poke|p1|Toxicroak, F|
|poke|p1|Barraskewda, F|
|poke|p1|Zapdos|
|poke|p2|Landorus-Therian, M|
|poke|p2|Sinistcha|
|poke|p2|Tinkaton, F|
|poke|p2|Moltres|
|poke|p2|Samurott-Hisui, M|
|poke|p2|Hydreigon, M|
|teampreview
|inactive|Battle timer is ON: inactive players will automatically lose when time's up. (requested by Doodieray)
|
|t:|1758328392
|teamsize|p1|6
|teamsize|p2|6
|start
|switch|p1a: Barraskewda|Barraskewda, F|100/100
|switch|p2a: Hybrid|Hydreigon, M, shiny|100/100
|turn|1
|
|t:|1758328398
|switch|p2a: Phoenix|Moltres, shiny|100/100
|move|p1a: Barraskewda|Flip Turn|p2a: Phoenix
|-supereffective|p2a: Phoenix
|-damage|p2a: Phoenix|20/100
|-status|p1a: Barraskewda|brn|[from] ability: Flame Body|[of] p2a: Phoenix
|
|t:|1758328410
|switch|p1a: Zapdos|Zapdos|100/100|[from] Flip Turn
|
|upkeep
|turn|2
|
|t:|1758328418
|switch|p2a: Smile.exe|Tinkaton, F, shiny|100/100
|-item|p2a: Smile.exe|Air Balloon
|move|p1a: Zapdos|Hurricane|p2a: Smile.exe
|-resisted|p2a: Smile.exe
|-damage|p2a: Smile.exe|59/100
|-enditem|p2a: Smile.exe|Air Balloon
|
|upkeep
|turn|3
|
|t:|1758328430
|switch|p1a: Hatterene|Hatterene, F|100/100
|move|p2a: Smile.exe|Ice Hammer|p1a: Hatterene
|-damage|p1a: Hatterene|79/100
|-unboost|p2a: Smile.exe|spe|1
|-enditem|p1a: Hatterene|Eject Button
|
|t:|1758328441
|switch|p1a: Zapdos|Zapdos|100/100
|
|upkeep
|turn|4
|
|t:|1758328457
|switch|p2a: Jack Sparrow|Samurott-Hisui, M, shiny|100/100
|move|p1a: Zapdos|Volt Switch|p2a: Jack Sparrow
|-supereffective|p2a: Jack Sparrow
|-damage|p2a: Jack Sparrow|0 fnt
|faint|p2a: Jack Sparrow
|
|t:|1758328462
|switch|p1a: Pelipper|Pelipper, F|100/100|[from] Volt Switch
|-weather|RainDance|[from] ability: Drizzle|[of] p1a: Pelipper
|
|-weather|RainDance|[upkeep]
|upkeep
|
|t:|1758328468
|switch|p2a: Smile.exe|Tinkaton, F, shiny|59/100
|turn|5
|
|t:|1758328475
|move|p2a: Smile.exe|Gigaton Hammer|p1a: Pelipper
|-resisted|p1a: Pelipper
|-damage|p1a: Pelipper|68/100
|move|p1a: Pelipper|U-turn|p2a: Smile.exe
|-resisted|p2a: Smile.exe
|-damage|p2a: Smile.exe|56/100
|-enditem|p1a: Pelipper|Damp Rock|[silent]|[from] ability: Pickpocket|[of] p1a: Pelipper
|-item|p2a: Smile.exe|Damp Rock|[from] ability: Pickpocket|[of] p1a: Pelipper
|
|t:|1758328483
|switch|p1a: Zapdos|Zapdos|100/100|[from] U-turn
|
|-weather|RainDance|[upkeep]
|upkeep
|turn|6
|
|t:|1758328488
|-terastallize|p1a: Zapdos|Flying
|move|p1a: Zapdos|Hurricane|p2a: Smile.exe
|-resisted|p2a: Smile.exe
|-crit|p2a: Smile.exe
|-damage|p2a: Smile.exe|0 fnt
|faint|p2a: Smile.exe
|
|-weather|RainDance|[upkeep]
|upkeep
|
|t:|1758328493
|switch|p2a: Enten|Landorus-Therian, M, shiny|100/100
|-ability|p2a: Enten|Intimidate|boost
|-unboost|p1a: Zapdos|atk|1
|turn|7
|
|t:|1758328498
|switch|p1a: Iron Treads|Iron Treads|100/100
|move|p2a: Enten|Stone Edge|p1a: Iron Treads
|-resisted|p1a: Iron Treads
|-damage|p1a: Iron Treads|93/100
|
|-weather|RainDance|[upkeep]
|-heal|p1a: Iron Treads|99/100|[from] item: Leftovers
|upkeep
|turn|8
|
|t:|1758328506
|switch|p2a: Phoenix|Moltres, shiny|20/100
|move|p1a: Iron Treads|Volt Switch|p2a: Phoenix
|-supereffective|p2a: Phoenix
|-damage|p2a: Phoenix|3/100
|
|t:|1758328509
|-end|p1a: Iron Treads|Quark Drive|[silent]
|switch|p1a: Zapdos|Zapdos, tera:Flying|100/100|[from] Volt Switch
|
|-weather|RainDance|[upkeep]
|upkeep
|turn|9
|
|t:|1758328516
|move|p1a: Zapdos|Hurricane|p2a: Phoenix
|-damage|p2a: Phoenix|0 fnt
|faint|p2a: Phoenix
|
|-weather|RainDance|[upkeep]
|upkeep
|
|t:|1758328517
|switch|p2a: Hybrid|Hydreigon, M, shiny|100/100
|turn|10
|
|t:|1758328521
|move|p1a: Zapdos|Hurricane|p2a: Hybrid
|-damage|p2a: Hybrid|0 fnt
|faint|p2a: Hybrid
|
|-weather|RainDance|[upkeep]
|upkeep
|
|t:|1758328524
|switch|p2a: Enten|Landorus-Therian, M, shiny|100/100
|-ability|p2a: Enten|Intimidate|boost
|-unboost|p1a: Zapdos|atk|1
|turn|11
|
|t:|1758328529
|switch|p1a: Toxicroak|Toxicroak, F|100/100
|move|p2a: Enten|U-turn|p1a: Toxicroak
|-resisted|p1a: Toxicroak
|-damage|p1a: Toxicroak|94/100
|-damage|p2a: Enten|84/100|[from] item: Rocky Helmet|[of] p1a: Toxicroak
|
|t:|1758328531
|switch|p2a: Sagittarius|Sinistcha, shiny|100/100|[from] U-turn
|
|-weather|none
|upkeep
|turn|12
|
|t:|1758328538
|-terastallize|p2a: Sagittarius|Poison
|move|p1a: Toxicroak|Toxic|p2a: Sagittarius
|-immune|p2a: Sagittarius
|move|p2a: Sagittarius|Calm Mind|p2a: Sagittarius
|-boost|p2a: Sagittarius|spa|1
|-boost|p2a: Sagittarius|spd|1
|
|upkeep
|turn|13
|
|t:|1758328541
|move|p1a: Toxicroak|Encore|p2a: Sagittarius
|-start|p2a: Sagittarius|Encore
|move|p2a: Sagittarius|Calm Mind|p2a: Sagittarius
|-boost|p2a: Sagittarius|spa|1
|-boost|p2a: Sagittarius|spd|1
|
|upkeep
|turn|14
|
|t:|1758328549
|move|p1a: Toxicroak|Knock Off|p2a: Sagittarius
|-damage|p2a: Sagittarius|85/100
|-enditem|p2a: Sagittarius|Heavy-Duty Boots|[from] move: Knock Off|[of] p1a: Toxicroak
|move|p2a: Sagittarius|Calm Mind|p2a: Sagittarius
|-boost|p2a: Sagittarius|spa|1
|-boost|p2a: Sagittarius|spd|1
|
|upkeep
|turn|15
|
|t:|1758328558
|move|p1a: Toxicroak|Knock Off|p2a: Sagittarius
|-damage|p2a: Sagittarius|75/100
|move|p2a: Sagittarius|Calm Mind|p2a: Sagittarius
|-boost|p2a: Sagittarius|spa|1
|-boost|p2a: Sagittarius|spd|1
|
|-end|p2a: Sagittarius|Encore
|upkeep
|turn|16
|
|t:|1758328564
|move|p1a: Toxicroak|Encore|p2a: Sagittarius
|-start|p2a: Sagittarius|Encore
|move|p2a: Sagittarius|Calm Mind|p2a: Sagittarius
|-boost|p2a: Sagittarius|spa|1
|-boost|p2a: Sagittarius|spd|1
|
|upkeep
|turn|17
|
|t:|1758328575
|switch|p1a: Hatterene|Hatterene, F|79/100
|move|p2a: Sagittarius|Calm Mind|p2a: Sagittarius
|-boost|p2a: Sagittarius|spa|1
|-boost|p2a: Sagittarius|spd|1
|
|upkeep
|turn|18
|
|t:|1758328578
|move|p2a: Sagittarius|Calm Mind|p2a: Sagittarius
|-boost|p2a: Sagittarius|spa|0
|-boost|p2a: Sagittarius|spd|0
|move|p1a: Hatterene|Nuzzle|p2a: Sagittarius
|-damage|p2a: Sagittarius|72/100
|-status|p2a: Sagittarius|par
|
|-end|p2a: Sagittarius|Encore
|upkeep
|turn|19
|
|t:|1758328585
|move|p1a: Hatterene|Psychic Noise|p2a: Sagittarius
|-supereffective|p2a: Sagittarius
|-damage|p2a: Sagittarius|51/100 par
|-start|p2a: Sagittarius|move: Heal Block
|cant|p2a: Sagittarius|move: Heal Block|Matcha Gotcha
|
|upkeep
|turn|20
|
|t:|1758328595
|move|p1a: Hatterene|Healing Wish|p1a: Hatterene
|faint|p1a: Hatterene
|move|p2a: Sagittarius|Shadow Ball|p1: Hatterene|[notarget]
|-fail|p2a: Sagittarius
|
|-end|p2a: Sagittarius|move: Heal Block
|upkeep
|
|t:|1758328609
|switch|p1a: Barraskewda|Barraskewda, F|100/100 brn
|-heal|p1a: Barraskewda|100/100|[from] move: Healing Wish
|turn|21
|
|t:|1758328613
|move|p1a: Barraskewda|Flip Turn|p2a: Sagittarius
|-damage|p2a: Sagittarius|17/100 par
|
|t:|1758328615
|switch|p1a: Pelipper|Pelipper, F|68/100|[from] Flip Turn
|-weather|RainDance|[from] ability: Drizzle|[of] p1a: Pelipper
|move|p2a: Sagittarius|Matcha Gotcha|p1a: Pelipper
|-damage|p1a: Pelipper|0 fnt
|-heal|p2a: Sagittarius|49/100 par|[from] drain|[of] p1a: Pelipper
|faint|p1a: Pelipper
|
|-weather|RainDance|[upkeep]
|upkeep
|
|t:|1758328620
|switch|p1a: Barraskewda|Barraskewda, F|100/100
|turn|22
|
|t:|1758328627
|move|p1a: Barraskewda|Liquidation|p2a: Sagittarius
|-damage|p2a: Sagittarius|0 fnt
|faint|p2a: Sagittarius
|
|-weather|RainDance|[upkeep]
|upkeep
|-message|Mr.Vcard forfeited.
|
|win|Doodieray
|raw|Doodieray's rating: 1366 &rarr; <strong>1388</strong><br />(+22 for winning)
|raw|Mr.Vcard's rating: 1393 &rarr; <strong>1371</strong><br />(-22 for losing)
