|j|☆Common Krookodile
|j|☆Amoroc
|t:|1758306910
|gametype|singles
|player|p1|Common Krookodile|burglar|1409
|player|p2|Amoroc|hiker|1402
|gen|9
|tier|[Gen 9] OU
|rated|
|rule|HP Percentage Mod: HP is shown in percentages
|rule|Endless Battle Clause: Forcing endless battles is banned
|rule|Species Clause: Limit one of each Pokémon
|rule|OHKO Clause: OHKO moves are banned
|rule|Evasion Items Clause: Evasion items are banned
|rule|Evasion Moves Clause: Evasion moves are banned
|rule|Evasion Abilities Clause: Evasion abilities are banned
|rule|Sleep Moves Clause: Sleep-inducing moves are banned
|clearpoke
|poke|p1|Pelipper, F|
|poke|p1|Hatterene, F|
|poke|p1|Iron Treads|
|poke|p1|Toxicroak, F|
|poke|p1|Barraskewda, F|
|poke|p1|Zapdos|
|poke|p2|Vaporeon, F|
|poke|p2|Ting-Lu|
|poke|p2|Electrode-Hisui|
|poke|p2|Haxorus, M|
|poke|p2|Talonflame, F|
|poke|p2|Tinkaton, F|
|teampreview
|c|☆Common Krookodile|glhf
|inactive|Battle timer is ON: inactive players will automatically lose when time's up. (requested by Common Krookodile)
|inactive|Amoroc has 120 seconds left.
|inactive|Amoroc has 90 seconds left.
|inactive|Amoroc has 60 seconds left.
|
|t:|1758307090
|teamsize|p1|6
|teamsize|p2|6
|start
|switch|p1a: Pelipper|Pelipper, F|100/100
|switch|p2a: Excel Walter|Vaporeon, F|100/100
|-weather|RainDance|[from] ability: Drizzle|[of] p1a: Pelipper
|turn|1
|
|t:|1758307096
|switch|p1a: Toxicroak|Toxicroak, F|100/100
|move|p2a: Excel Walter|Calm Mind|p2a: Excel Walter
|-boost|p2a: Excel Walter|spa|1
|-boost|p2a: Excel Walter|spd|1
|
|-weather|RainDance|[upkeep]
|upkeep
|turn|2
|
|t:|1758307102
|move|p1a: Toxicroak|Toxic|p2a: Excel Walter
|-status|p2a: Excel Walter|tox
|move|p2a: Excel Walter|Acid Armor|p2a: Excel Walter
|-boost|p2a: Excel Walter|def|2
|
|-weather|RainDance|[upkeep]
|-damage|p2a: Excel Walter|94/100 tox|[from] psn
|upkeep
|turn|3
|inactive|Amoroc has 120 seconds left.
|
|t:|1758307111
|move|p1a: Toxicroak|Encore|p2a: Excel Walter
|-start|p2a: Excel Walter|Encore
|move|p2a: Excel Walter|Acid Armor|p2a: Excel Walter
|-boost|p2a: Excel Walter|def|2
|
|-weather|RainDance|[upkeep]
|-heal|p2a: Excel Walter|100/100 tox|[from] item: Leftovers
|-damage|p2a: Excel Walter|88/100 tox|[from] psn
|upkeep
|turn|4
|inactive|Amoroc has 120 seconds left.
|
|t:|1758307131
|switch|p2a: Jibril|Talonflame, F|100/100
|move|p1a: Toxicroak|Knock Off|p2a: Jibril
|-damage|p2a: Jibril|69/100
|-status|p1a: Toxicroak|brn|[from] ability: Flame Body|[of] p2a: Jibril
|-enditem|p2a: Jibril|Heavy-Duty Boots|[from] move: Knock Off|[of] p1a: Toxicroak
|
|-weather|RainDance|[upkeep]
|-damage|p1a: Toxicroak|94/100 brn|[from] brn
|upkeep
|turn|5
|
|t:|1758307142
|switch|p1a: Pelipper|Pelipper, F|100/100
|move|p2a: Jibril|Roost|p2a: Jibril
|-heal|p2a: Jibril|100/100
|-singleturn|p2a: Jibril|move: Roost
|
|-weather|RainDance|[upkeep]
|upkeep
|turn|6
|
|t:|1758307150
|switch|p2a: Excel Walter|Vaporeon, F|88/100 tox
|move|p1a: Pelipper|Weather Ball|p2a: Excel Walter
|-heal|p2a: Excel Walter|100/100 tox|[from] ability: Water Absorb|[of] p1a: Pelipper
|
|-weather|RainDance|[upkeep]
|-damage|p2a: Excel Walter|94/100 tox|[from] psn
|upkeep
|turn|7
|inactive|Amoroc has 120 seconds left.
|
|t:|1758307162
|move|p2a: Excel Walter|Ice Beam|p1a: Pelipper
|-damage|p1a: Pelipper|78/100
|move|p1a: Pelipper|U-turn|p2a: Excel Walter
|-damage|p2a: Excel Walter|87/100 tox
|
|t:|1758307169
|switch|p1a: Zapdos|Zapdos|100/100|[from] U-turn
|
|-weather|RainDance|[upkeep]
|-heal|p2a: Excel Walter|93/100 tox|[from] item: Leftovers
|-damage|p2a: Excel Walter|81/100 tox|[from] psn
|upkeep
|turn|8
|
|t:|1758307177
|switch|p2a: Noko Shikanoko|Ting-Lu|100/100
|-ability|p2a: Noko Shikanoko|Vessel of Ruin
|move|p1a: Zapdos|Volt Switch|p2a: Noko Shikanoko
|-immune|p2a: Noko Shikanoko
|
|-weather|none
|upkeep
|turn|9
|
|t:|1758307188
|switch|p1a: Hatterene|Hatterene, F|100/100
|move|p2a: Noko Shikanoko|Stone Edge|p1a: Hatterene
|-damage|p1a: Hatterene|54/100
|-enditem|p1a: Hatterene|Eject Button
|
|t:|1758307193
|switch|p1a: Pelipper|Pelipper, F|78/100
|-weather|RainDance|[from] ability: Drizzle|[of] p1a: Pelipper
|
|-weather|RainDance|[upkeep]
|upkeep
|turn|10
|
|t:|1758307199
|move|p2a: Noko Shikanoko|Stone Edge|p1a: Pelipper
|-supereffective|p1a: Pelipper
|-damage|p1a: Pelipper|0 fnt
|faint|p1a: Pelipper
|
|-weather|RainDance|[upkeep]
|upkeep
|
|t:|1758307203
|switch|p1a: Barraskewda|Barraskewda, F|100/100
|turn|11
|
|t:|1758307208
|switch|p2a: Excel Walter|Vaporeon, F|81/100 tox
|move|p1a: Barraskewda|Liquidation|p2a: Excel Walter
|-heal|p2a: Excel Walter|100/100 tox|[from] ability: Water Absorb|[of] p1a: Barraskewda
|
|-weather|RainDance|[upkeep]
|-damage|p2a: Excel Walter|94/100 tox|[from] psn
|upkeep
|turn|12
|
|t:|1758307219
|switch|p1a: Zapdos|Zapdos|100/100
|move|p2a: Excel Walter|Scald|p1a: Zapdos
|-damage|p1a: Zapdos|49/100
|
|-weather|RainDance|[upkeep]
|-heal|p2a: Excel Walter|100/100 tox|[from] item: Leftovers
|-damage|p2a: Excel Walter|88/100 tox|[from] psn
|upkeep
|turn|13
|
|t:|1758307230
|move|p1a: Zapdos|Thunder|p2a: Excel Walter
|-supereffective|p2a: Excel Walter
|-damage|p2a: Excel Walter|0 fnt
|faint|p2a: Excel Walter
|
|-weather|RainDance|[upkeep]
|upkeep
|
|t:|1758307242
|switch|p2a: Megumin|Electrode-Hisui|100/100
|turn|14
|
|t:|1758307245
|switch|p1a: Iron Treads|Iron Treads|100/100
|move|p2a: Megumin|Volt Switch|p1a: Iron Treads
|-immune|p1a: Iron Treads
|
|-weather|RainDance|[upkeep]
|upkeep
|turn|15
|
|t:|1758307252
|switch|p2a: Jibril|Talonflame, F|100/100
|move|p1a: Iron Treads|Stealth Rock|p2a: Jibril
|-sidestart|p2: Amoroc|move: Stealth Rock
|
|-weather|RainDance|[upkeep]
|upkeep
|turn|16
|
|t:|1758307257
|move|p2a: Jibril|Will-O-Wisp|p1a: Iron Treads
|-status|p1a: Iron Treads|brn
|move|p1a: Iron Treads|Volt Switch|p2a: Jibril
|-supereffective|p2a: Jibril
|-damage|p2a: Jibril|70/100
|
|t:|1758307264
|-end|p1a: Iron Treads|Quark Drive|[silent]
|switch|p1a: Barraskewda|Barraskewda, F|100/100|[from] Volt Switch
|
|-weather|none
|upkeep
|turn|17
|
|t:|1758307275
|switch|p2a: Megumin|Electrode-Hisui|100/100
|-damage|p2a: Megumin|88/100|[from] Stealth Rock
|move|p1a: Barraskewda|Aqua Jet|p2a: Megumin
|-resisted|p2a: Megumin
|-damage|p2a: Megumin|62/100
|-status|p1a: Barraskewda|par|[from] ability: Static|[of] p2a: Megumin
|
|upkeep
|turn|18
|
|t:|1758307286
|switch|p1a: Iron Treads|Iron Treads|100/100 brn
|move|p2a: Megumin|Chloroblast|p1a: Iron Treads
|-damage|p1a: Iron Treads|28/100 brn
|-damage|p2a: Megumin|11/100|[from] Recoil
|
|-heal|p1a: Iron Treads|34/100 brn|[from] item: Leftovers
|-damage|p1a: Iron Treads|28/100 brn|[from] brn
|upkeep
|turn|19
|
|t:|1758307306
|move|p2a: Megumin|Chloroblast|p1a: Iron Treads
|-damage|p1a: Iron Treads|0 fnt
|faint|p1a: Iron Treads
|-end|p1a: Iron Treads|Quark Drive|[silent]
|-damage|p2a: Megumin|0 fnt|[from] Recoil
|faint|p2a: Megumin
|
|upkeep
|
|t:|1758307312
|switch|p2a: Sanae Dekomori|Tinkaton, F|100/100
|switch|p1a: Barraskewda|Barraskewda, F|100/100 par
|-damage|p2a: Sanae Dekomori|94/100|[from] Stealth Rock
|-ability|p2a: Sanae Dekomori|Mold Breaker
|turn|20
|
|t:|1758307318
|move|p2a: Sanae Dekomori|Gigaton Hammer|p1a: Barraskewda
|-resisted|p1a: Barraskewda
|-damage|p1a: Barraskewda|48/100 par
|move|p1a: Barraskewda|Liquidation|p2a: Sanae Dekomori
|-damage|p2a: Sanae Dekomori|3/100
|
|-heal|p2a: Sanae Dekomori|10/100|[from] item: Leftovers
|upkeep
|turn|21
|
|t:|1758307334
|move|p2a: Sanae Dekomori|Play Rough|p1a: Barraskewda
|-damage|p1a: Barraskewda|0 fnt
|faint|p1a: Barraskewda
|
|-heal|p2a: Sanae Dekomori|16/100|[from] item: Leftovers
|upkeep
|
|t:|1758307338
|switch|p1a: Toxicroak|Toxicroak, F|94/100 brn
|turn|22
|
|t:|1758307342
|move|p2a: Sanae Dekomori|Gigaton Hammer|p1a: Toxicroak
|-damage|p1a: Toxicroak|41/100 brn
|move|p1a: Toxicroak|Drain Punch|p2a: Sanae Dekomori
|-damage|p2a: Sanae Dekomori|0 fnt
|-heal|p1a: Toxicroak|47/100 brn|[from] drain|[of] p2a: Sanae Dekomori
|faint|p2a: Sanae Dekomori
|
|-damage|p1a: Toxicroak|41/100 brn|[from] brn
|upkeep
|
|t:|1758307360
|switch|p2a: Jibril|Talonflame, F|70/100
|-damage|p2a: Jibril|20/100|[from] Stealth Rock
|turn|23
|
|t:|1758307367
|move|p2a: Jibril|Roost|p2a: Jibril
|-heal|p2a: Jibril|70/100
|-singleturn|p2a: Jibril|move: Roost
|move|p1a: Toxicroak|Knock Off|p2a: Jibril
|-damage|p2a: Jibril|60/100
|
|-damage|p1a: Toxicroak|35/100 brn|[from] brn
|upkeep
|turn|24
|
|t:|1758307374
|move|p2a: Jibril|Roost|p2a: Jibril
|-heal|p2a: Jibril|100/100
|-singleturn|p2a: Jibril|move: Roost
|move|p1a: Toxicroak|Toxic|p2a: Jibril
|-status|p2a: Jibril|tox
|
|-damage|p2a: Jibril|94/100 tox|[from] psn
|-damage|p1a: Toxicroak|28/100 brn|[from] brn
|upkeep
|turn|25
|
|t:|1758307383
|move|p2a: Jibril|Defog|p1a: Toxicroak
|-unboost|p1a: Toxicroak|evasion|1
|-sideend|p2: Amoroc|Stealth Rock|[from] move: Defog|[of] p2a: Jibril
|move|p1a: Toxicroak|Encore|p2a: Jibril
|-start|p2a: Jibril|Encore
|
|-damage|p2a: Jibril|82/100 tox|[from] psn
|-damage|p1a: Toxicroak|22/100 brn|[from] brn
|upkeep
|turn|26
|
|t:|1758307392
|switch|p2a: Rim|Haxorus, M|100/100
|-ability|p2a: Rim|Mold Breaker
|switch|p1a: Zapdos|Zapdos|49/100
|
|upkeep
|turn|27
|
|t:|1758307404
|move|p1a: Zapdos|Hurricane|p2a: Rim|[miss]
|-miss|p1a: Zapdos|p2a: Rim
|move|p2a: Rim|Dragon Dance|p2a: Rim
|-boost|p2a: Rim|atk|1
|-boost|p2a: Rim|spe|1
|
|upkeep
|turn|28
|
|t:|1758307410
|move|p2a: Rim|Outrage|p1a: Zapdos
|-damage|p1a: Zapdos|0 fnt
|faint|p1a: Zapdos
|-damage|p2a: Rim|91/100|[from] item: Life Orb
|
|upkeep
|
|t:|1758307414
|switch|p1a: Hatterene|Hatterene, F|54/100
|turn|29
|
|t:|1758307423
|move|p2a: Rim|Outrage|p1a: Hatterene|[from] lockedmove
|-immune|p1a: Hatterene
|-start|p2a: Rim|confusion|[fatigue]
|move|p1a: Hatterene|Draining Kiss|p2a: Rim
|-supereffective|p2a: Rim
|-damage|p2a: Rim|16/100
|-heal|p1a: Hatterene|100/100|[from] drain|[of] p2a: Rim
|
|upkeep
|turn|30
|
|t:|1758307431
|-activate|p2a: Rim|confusion
|move|p2a: Rim|Earthquake|p1a: Hatterene
|-damage|p1a: Hatterene|36/100
|-damage|p2a: Rim|6/100|[from] item: Life Orb
|move|p1a: Hatterene|Draining Kiss|p2a: Rim
|-supereffective|p2a: Rim
|-damage|p2a: Rim|0 fnt
|-heal|p1a: Hatterene|41/100|[from] drain|[of] p2a: Rim
|faint|p2a: Rim
|
|upkeep
|
|t:|1758307440
|switch|p2a: Noko Shikanoko|Ting-Lu|100/100
|-ability|p2a: Noko Shikanoko|Vessel of Ruin
|turn|31
|
|t:|1758307446
|-terastallize|p2a: Noko Shikanoko|Ground
|move|p1a: Hatterene|Draining Kiss|p2a: Noko Shikanoko
|-damage|p2a: Noko Shikanoko|88/100
|-heal|p1a: Hatterene|56/100|[from] drain|[of] p2a: Noko Shikanoko
|move|p2a: Noko Shikanoko|Earthquake|p1a: Hatterene
|-crit|p1a: Hatterene
|-damage|p1a: Hatterene|0 fnt
|faint|p1a: Hatterene
|
|upkeep
|
|t:|1758307453
|switch|p1a: Toxicroak|Toxicroak, F|22/100 brn
|turn|32
|
|t:|1758307456
|move|p1a: Toxicroak|Drain Punch|p2a: Noko Shikanoko
|-damage|p2a: Noko Shikanoko|81/100
|-heal|p1a: Toxicroak|27/100 brn|[from] drain|[of] p2a: Noko Shikanoko
|move|p2a: Noko Shikanoko|Earthquake|p1a: Toxicroak
|-supereffective|p1a: Toxicroak
|-damage|p1a: Toxicroak|0 fnt
|faint|p1a: Toxicroak
|
|win|Amoroc
|raw|Common Krookodile's rating: 1409 &rarr; <strong>1389</strong><br />(-20 for losing)
|raw|Amoroc's rating: 1402 &rarr; <strong>1422</strong><br />(+20 for winning)
|c|☆Common Krookodile|gg
|c|☆Amoroc|gg
|l|☆Common Krookodile
|player|p1|
