|j|☆Cynthiaforgen9
|j|☆pejelegante
|t:|1758234870
|gametype|singles
|player|p1|Cynthiaforgen9|265|1206
|player|p2|pejelegante|hugh|1231
|gen|9
|tier|[Gen 9] OU
|rated|
|rule|HP Percentage Mod: HP is shown in percentages
|rule|Endless Battle Clause: Forcing endless battles is banned
|rule|Species Clause: Limit one of each Pokémon
|rule|OHKO Clause: OHKO moves are banned
|rule|Evasion Items Clause: Evasion items are banned
|rule|Evasion Moves Clause: Evasion moves are banned
|rule|Evasion Abilities Clause: Evasion abilities are banned
|rule|Sleep Moves Clause: Sleep-inducing moves are banned
|clearpoke
|poke|p1|Alomomola, F|
|poke|p1|Araquanid, F|
|poke|p1|Gholdengo|
|poke|p1|Great Tusk|
|poke|p1|Gliscor, M|
|poke|p1|Iron Valiant|
|poke|p2|Lokix, M|
|poke|p2|Enamorus, F|
|poke|p2|Empoleon, F|
|poke|p2|Iron Treads|
|poke|p2|Gholdengo|
|poke|p2|Cinderace, M|
|teampreview
|inactive|Battle timer is ON: inactive players will automatically lose when time's up. (requested by Cynthiaforgen9)
|inactive|pejelegante also wants the timer to be on.
|
|t:|1758234882
|teamsize|p1|6
|teamsize|p2|6
|start
|switch|p1a: Araquanid|Araquanid, F|100/100
|switch|p2a: Idc bout your type|Lokix, M, shiny|100/100
|turn|1
|
|t:|1758234889
|move|p2a: Idc bout your type|U-turn|p1a: Araquanid
|-damage|p1a: Araquanid|52/100
|-damage|p2a: Idc bout your type|91/100|[from] item: Life Orb
|
|t:|1758234891
|switch|p2a: Iron Treads|Iron Treads|100/100|[from] U-turn
|move|p1a: Araquanid|Sticky Web|p2a: Iron Treads
|-sidestart|p2: pejelegante|move: Sticky Web
|
|upkeep
|turn|2
|
|t:|1758234904
|switch|p1a: Gholdengo|Gholdengo|100/100
|-item|p1a: Gholdengo|Air Balloon
|move|p2a: Iron Treads|Rapid Spin|p1a: Gholdengo
|-immune|p1a: Gholdengo
|
|upkeep
|turn|3
|
|t:|1758234911
|move|p1a: Gholdengo|Focus Blast|p2a: Iron Treads|[miss]
|-miss|p1a: Gholdengo|p2a: Iron Treads
|move|p2a: Iron Treads|Knock Off|p1a: Gholdengo
|-supereffective|p1a: Gholdengo
|-damage|p1a: Gholdengo|47/100
|-enditem|p1a: Gholdengo|Air Balloon
|
|upkeep
|turn|4
|
|t:|1758234920
|-end|p2a: Iron Treads|Quark Drive|[silent]
|switch|p2a: Gholdengo|Gholdengo|100/100
|-item|p2a: Gholdengo|Air Balloon
|move|p1a: Gholdengo|Focus Blast|p2a: Gholdengo
|-immune|p2a: Gholdengo
|
|upkeep
|turn|5
|
|t:|1758234926
|switch|p1a: Araquanid|Araquanid, F|52/100
|move|p2a: Gholdengo|Shadow Ball|p1a: Araquanid
|-damage|p1a: Araquanid|19/100
|
|upkeep
|turn|6
|-enditem|p1a: Araquanid|Custap Berry|[eat]
|-activate|p1a: Araquanid|item: Custap Berry|[consumed]
|
|t:|1758234935
|move|p1a: Araquanid|Surf|p2a: Gholdengo
|-damage|p2a: Gholdengo|38/100
|-enditem|p2a: Gholdengo|Air Balloon
|move|p2a: Gholdengo|Shadow Ball|p1a: Araquanid
|-damage|p1a: Araquanid|0 fnt
|faint|p1a: Araquanid
|
|upkeep
|
|t:|1758234948
|switch|p1a: Great Tusk|Great Tusk|100/100
|turn|7
|
|t:|1758234952
|move|p1a: Great Tusk|Headlong Rush|p2a: Gholdengo
|-supereffective|p2a: Gholdengo
|-damage|p2a: Gholdengo|0 fnt
|-unboost|p1a: Great Tusk|def|1
|-unboost|p1a: Great Tusk|spd|1
|faint|p2a: Gholdengo
|
|upkeep
|
|t:|1758234965
|switch|p2a: Enamorus|Enamorus, F|100/100
|turn|8
|
|t:|1758234972
|-end|p1a: Great Tusk|Protosynthesis|[silent]
|switch|p1a: Gliscor|Gliscor, M|100/100
|move|p2a: Enamorus|Calm Mind|p2a: Enamorus
|-boost|p2a: Enamorus|spa|1
|-boost|p2a: Enamorus|spd|1
|
|-status|p1a: Gliscor|tox|[from] item: Toxic Orb
|upkeep
|turn|9
|
|t:|1758234978
|move|p2a: Enamorus|Moonblast|p1a: Gliscor
|-damage|p1a: Gliscor|31/100 tox
|-unboost|p1a: Gliscor|spa|1
|move|p1a: Gliscor|Toxic|p2a: Enamorus
|-status|p2a: Enamorus|tox
|
|-damage|p2a: Enamorus|94/100 tox|[from] psn
|-heal|p1a: Gliscor|44/100 tox|[from] ability: Poison Heal
|upkeep
|turn|10
|
|t:|1758234986
|switch|p1a: Gholdengo|Gholdengo|47/100
|move|p2a: Enamorus|Calm Mind|p2a: Enamorus
|-boost|p2a: Enamorus|spa|1
|-boost|p2a: Enamorus|spd|1
|
|-damage|p2a: Enamorus|82/100 tox|[from] psn
|upkeep
|turn|11
|
|t:|1758234998
|move|p2a: Enamorus|Mystical Fire|p1a: Gholdengo
|-supereffective|p1a: Gholdengo
|-damage|p1a: Gholdengo|0 fnt
|faint|p1a: Gholdengo
|
|-damage|p2a: Enamorus|63/100 tox|[from] psn
|upkeep
|
|t:|1758235004
|switch|p1a: Alomomola|Alomomola, F|100/100
|turn|12
|
|t:|1758235011
|move|p2a: Enamorus|Moonblast|p1a: Alomomola
|-damage|p1a: Alomomola|0 fnt
|faint|p1a: Alomomola
|
|-damage|p2a: Enamorus|38/100 tox|[from] psn
|upkeep
|
|t:|1758235014
|switch|p1a: Iron Valiant|Iron Valiant|100/100
|-enditem|p1a: Iron Valiant|Booster Energy
|-activate|p1a: Iron Valiant|ability: Quark Drive|[fromitem]
|-start|p1a: Iron Valiant|quarkdrivespe
|turn|13
|-message|Cynthiaforgen9 forfeited.
|
|win|pejelegante
|raw|Cynthiaforgen9's rating: 1206 &rarr; <strong>1183</strong><br />(-23 for losing)
|raw|pejelegante's rating: 1231 &rarr; <strong>1254</strong><br />(+23 for winning)
|l|☆Cynthiaforgen9
|player|p1|
|c|☆pejelegante|Gg
