|j|☆YourFriendSanti
|j|☆gang696969
|t:|1758351901
|gametype|singles
|player|p1|YourFriendSanti|hilbert-wonderlauncher|1165
|player|p2|gang696969|266|1216
|gen|9
|tier|[Gen 9] OU
|rated|
|rule|HP Percentage Mod: HP is shown in percentages
|rule|Endless Battle Clause: Forcing endless battles is banned
|rule|Species Clause: Limit one of each Pokémon
|rule|OHKO Clause: OHKO moves are banned
|rule|Evasion Items Clause: Evasion items are banned
|rule|Evasion Moves Clause: Evasion moves are banned
|rule|Evasion Abilities Clause: Evasion abilities are banned
|rule|Sleep Moves Clause: Sleep-inducing moves are banned
|clearpoke
|poke|p1|Delphox, F|
|poke|p1|Hatterene, F|
|poke|p1|Hawlucha, F|
|poke|p1|Darkrai|
|poke|p1|Moltres|
|poke|p1|Lilligant-Hisui, F|
|poke|p2|Glimmora, F|
|poke|p2|Zapdos|
|poke|p2|Moltres|
|poke|p2|Dondozo, M|
|poke|p2|Dragonite, M|
|poke|p2|Kingambit, F|
|teampreview
|
|t:|1758351918
|teamsize|p1|6
|teamsize|p2|6
|start
|switch|p1a: Hatterene|Hatterene, F|100/100
|switch|p2a: Dondozo|Dondozo, M|100/100
|turn|1
|
|t:|1758351930
|move|p2a: Dondozo|Rain Dance|p2a: Dondozo
|-weather|RainDance
|move|p1a: Hatterene|Psychic Terrain|p1a: Hatterene
|-fieldstart|move: Psychic Terrain
|
|-weather|RainDance|[upkeep]
|upkeep
|turn|2
|
|t:|1758351950
|switch|p1a: Moltres|Moltres|100/100
|move|p2a: Dondozo|Liquidation|p1a: Moltres
|-supereffective|p1a: Moltres
|-damage|p1a: Moltres|23/100
|-status|p2a: Dondozo|brn|[from] ability: Flame Body|[of] p1a: Moltres
|
|-weather|RainDance|[upkeep]
|-damage|p2a: Dondozo|94/100 brn|[from] brn
|upkeep
|turn|3
|
|t:|1758351960
|move|p1a: Moltres|Sunny Day|p1a: Moltres
|-weather|SunnyDay
|move|p2a: Dondozo|Liquidation|p1a: Moltres
|-supereffective|p1a: Moltres
|-damage|p1a: Moltres|8/100
|-unboost|p1a: Moltres|def|1
|
|-weather|SunnyDay|[upkeep]
|-damage|p2a: Dondozo|88/100 brn|[from] brn
|upkeep
|turn|4
|
|t:|1758351972
|move|p1a: Moltres|Roost|p1a: Moltres
|-heal|p1a: Moltres|58/100
|-singleturn|p1a: Moltres|move: Roost
|move|p2a: Dondozo|Rain Dance|p2a: Dondozo
|-weather|RainDance
|
|-weather|RainDance|[upkeep]
|-damage|p2a: Dondozo|82/100 brn|[from] brn
|upkeep
|turn|5
|
|t:|1758351981
|move|p1a: Moltres|Sunny Day|p1a: Moltres
|-weather|SunnyDay
|move|p2a: Dondozo|Body Slam|p1a: Moltres
|-damage|p1a: Moltres|50/100
|
|-weather|SunnyDay|[upkeep]
|-damage|p2a: Dondozo|76/100 brn|[from] brn
|-fieldend|move: Psychic Terrain
|upkeep
|turn|6
|
|t:|1758351992
|move|p1a: Moltres|Hurricane|p2a: Dondozo
|-damage|p2a: Dondozo|28/100 brn
|-start|p2a: Dondozo|confusion
|-activate|p2a: Dondozo|confusion
|-damage|p2a: Dondozo|21/100 brn|[from] confusion
|
|-weather|SunnyDay|[upkeep]
|-damage|p2a: Dondozo|14/100 brn|[from] brn
|upkeep
|turn|7
|
|t:|1758352001
|move|p1a: Moltres|Hurricane|p2a: Dondozo
|-damage|p2a: Dondozo|0 fnt
|faint|p2a: Dondozo
|
|-weather|SunnyDay|[upkeep]
|upkeep
|
|t:|1758352011
|switch|p2a: Glimmora|Glimmora, F|100/100
|turn|8
|
|t:|1758352021
|move|p1a: Moltres|Roost|p1a: Moltres
|-heal|p1a: Moltres|99/100
|-singleturn|p1a: Moltres|move: Roost
|move|p2a: Glimmora|Toxic Spikes|p1a: Moltres
|-sidestart|p1: YourFriendSanti|move: Toxic Spikes
|
|-weather|SunnyDay|[upkeep]
|upkeep
|turn|9
|
|t:|1758352032
|move|p1a: Moltres|Flamethrower|p2a: Glimmora
|-resisted|p2a: Glimmora
|-damage|p2a: Glimmora|75/100
|move|p2a: Glimmora|Stealth Rock|p1a: Moltres
|-sidestart|p1: YourFriendSanti|move: Stealth Rock
|
|-weather|none
|upkeep
|turn|10
|
|t:|1758352046
|move|p1a: Moltres|Flamethrower|p2a: Glimmora
|-resisted|p2a: Glimmora
|-damage|p2a: Glimmora|56/100
|move|p2a: Glimmora|Reflect|p2a: Glimmora
|-sidestart|p2: gang696969|Reflect
|
|upkeep
|turn|11
|
|t:|1758352056
|move|p1a: Moltres|Sunny Day|p1a: Moltres
|-weather|SunnyDay
|move|p2a: Glimmora|Light Screen|p2a: Glimmora
|-sidestart|p2: gang696969|move: Light Screen
|
|-weather|SunnyDay|[upkeep]
|upkeep
|turn|12
|
|t:|1758352069
|switch|p2a: Zapdos|Zapdos|100/100
|move|p1a: Moltres|Flamethrower|p2a: Zapdos
|-damage|p2a: Zapdos|74/100
|
|-weather|SunnyDay|[upkeep]
|-heal|p2a: Zapdos|80/100|[from] item: Leftovers
|upkeep
|turn|13
|
|t:|1758352081
|move|p2a: Zapdos|Discharge|p1a: Moltres
|-supereffective|p1a: Moltres
|-damage|p1a: Moltres|4/100
|move|p1a: Moltres|Flamethrower|p2a: Zapdos
|-damage|p2a: Zapdos|52/100
|
|-weather|SunnyDay|[upkeep]
|-heal|p2a: Zapdos|58/100|[from] item: Leftovers
|upkeep
|turn|14
|
|t:|1758352097
|move|p2a: Zapdos|Discharge|p1a: Moltres
|-supereffective|p1a: Moltres
|-damage|p1a: Moltres|0 fnt
|faint|p1a: Moltres
|
|-weather|SunnyDay|[upkeep]
|-heal|p2a: Zapdos|64/100|[from] item: Leftovers
|-sideend|p2: gang696969|Reflect
|upkeep
|
|t:|1758352105
|switch|p1a: Lilligant|Lilligant-Hisui, F|100/100
|turn|15
|
|t:|1758352116
|switch|p2a: Dragonite|Dragonite, M|100/100
|move|p1a: Lilligant|Defog|p2a: Dragonite
|-unboost|p2a: Dragonite|evasion|1
|-sideend|p2: gang696969|move: Light Screen
|-sideend|p1: YourFriendSanti|Toxic Spikes|[from] move: Defog|[of] p1a: Lilligant
|-sideend|p1: YourFriendSanti|Stealth Rock|[from] move: Defog|[of] p1a: Lilligant
|
|-weather|none
|upkeep
|turn|16
|
|t:|1758352133
|switch|p1a: Hatterene|Hatterene, F|100/100
|move|p2a: Dragonite|Dragon Dance|p2a: Dragonite
|-boost|p2a: Dragonite|atk|1
|-boost|p2a: Dragonite|spe|1
|
|upkeep
|turn|17
|
|t:|1758352145
|switch|p2a: Glimmora|Glimmora, F|56/100
|move|p1a: Hatterene|Misty Explosion|p2a: Glimmora
|-resisted|p2a: Glimmora
|-damage|p2a: Glimmora|28/100
|faint|p1a: Hatterene
|
|upkeep
|
|t:|1758352153
|switch|p1a: Delphox|Delphox, F|100/100
|turn|18
|
|t:|1758352161
|move|p1a: Delphox|Agility|p1a: Delphox
|-boost|p1a: Delphox|spe|2
|move|p2a: Glimmora|Toxic Spikes|p1a: Delphox
|-sidestart|p1: YourFriendSanti|move: Toxic Spikes
|
|upkeep
|turn|19
|
|t:|1758352172
|move|p1a: Delphox|Expanding Force|p2a: Glimmora
|-supereffective|p2a: Glimmora
|-damage|p2a: Glimmora|0 fnt
|faint|p2a: Glimmora
|
|upkeep
|
|t:|1758352181
|switch|p2a: Dragonite|Dragonite, M|100/100
|turn|20
|
|t:|1758352186
|move|p1a: Delphox|Expanding Force|p2a: Dragonite
|-damage|p2a: Dragonite|83/100
|move|p2a: Dragonite|Earthquake|p1a: Delphox
|-supereffective|p1a: Delphox
|-enditem|p1a: Delphox|Focus Sash
|-damage|p1a: Delphox|1/100
|
|upkeep
|turn|21
|
|t:|1758352212
|move|p1a: Delphox|Expanding Force|p2a: Dragonite
|-crit|p2a: Dragonite
|-damage|p2a: Dragonite|29/100
|move|p2a: Dragonite|Earthquake|p1a: Delphox
|-supereffective|p1a: Delphox
|-damage|p1a: Delphox|0 fnt
|faint|p1a: Delphox
|
|upkeep
|
|t:|1758352220
|switch|p1a: Lilligant|Lilligant-Hisui, F|100/100
|turn|22
|
|t:|1758352227
|move|p1a: Lilligant|Defog|p2a: Dragonite
|-unboost|p2a: Dragonite|evasion|1
|-sideend|p1: YourFriendSanti|Toxic Spikes|[from] move: Defog|[of] p1a: Lilligant
|move|p2a: Dragonite|Ice Spinner|p1a: Lilligant
|-supereffective|p1a: Lilligant
|-damage|p1a: Lilligant|1/100
|
|upkeep
|turn|23
|
|t:|1758352251
|move|p1a: Lilligant|Triple Axel|p2a: Dragonite
|-supereffective|p2a: Dragonite
|-damage|p2a: Dragonite|0 fnt
|faint|p2a: Dragonite
|-hitcount|p2: Dragonite|1
|
|upkeep
|
|t:|1758352258
|switch|p2a: Kingambit|Kingambit, F|100/100
|-activate|p2a: Kingambit|ability: Supreme Overlord
|-start|p2a: Kingambit|fallen3|[silent]
|turn|24
|
|t:|1758352264
|move|p2a: Kingambit|Sucker Punch||[still]
|-fail|p2a: Kingambit
|move|p1a: Lilligant|Defog|p2a: Kingambit
|-unboost|p2a: Kingambit|evasion|1
|
|upkeep
|turn|25
|
|t:|1758352270
|move|p2a: Kingambit|Sucker Punch||[still]
|-fail|p2a: Kingambit
|move|p1a: Lilligant|Defog|p2a: Kingambit
|-unboost|p2a: Kingambit|evasion|1
|
|upkeep
|turn|26
|
|t:|1758352277
|move|p1a: Lilligant|Defog|p2a: Kingambit
|-unboost|p2a: Kingambit|evasion|1
|move|p2a: Kingambit|Kowtow Cleave|p1a: Lilligant
|-resisted|p1a: Lilligant
|-damage|p1a: Lilligant|0 fnt
|faint|p1a: Lilligant
|
|upkeep
|
|t:|1758352285
|switch|p1a: Hawlucha|Hawlucha, F|100/100
|turn|27
|
|t:|1758352290
|-end|p2a: Kingambit|fallen3|[silent]
|switch|p2a: Moltres|Moltres|100/100
|move|p1a: Hawlucha|Upper Hand||[still]
|-fail|p1a: Hawlucha
|
|upkeep
|turn|28
|
|t:|1758352296
|switch|p1a: Darkrai|Darkrai|100/100
|move|p2a: Moltres|Will-O-Wisp|p1a: Darkrai
|-status|p1a: Darkrai|brn
|
|-damage|p1a: Darkrai|94/100 brn|[from] brn
|upkeep
|turn|29
|
|t:|1758352305
|move|p1a: Darkrai|Nasty Plot|p1a: Darkrai
|-boost|p1a: Darkrai|spa|2
|move|p2a: Moltres|Flamethrower|p1a: Darkrai
|-damage|p1a: Darkrai|33/100 brn
|
|-damage|p1a: Darkrai|26/100 brn|[from] brn
|upkeep
|turn|30
|
|t:|1758352313
|move|p1a: Darkrai|Dark Pulse|p2a: Moltres
|-damage|p2a: Moltres|17/100
|move|p2a: Moltres|Flamethrower|p1a: Darkrai
|-damage|p1a: Darkrai|0 fnt
|faint|p1a: Darkrai
|
|-heal|p2a: Moltres|24/100|[from] item: Leftovers
|upkeep
|
|t:|1758352318
|switch|p1a: Hawlucha|Hawlucha, F|100/100
|turn|31
|
|t:|1758352325
|move|p1a: Hawlucha|Swords Dance|p1a: Hawlucha
|-boost|p1a: Hawlucha|atk|2
|move|p2a: Moltres|Flamethrower|p1a: Hawlucha
|-damage|p1a: Hawlucha|26/100
|
|-heal|p2a: Moltres|30/100|[from] item: Leftovers
|upkeep
|turn|32
|
|t:|1758352335
|move|p1a: Hawlucha|Acrobatics|p2a: Moltres
|-damage|p2a: Moltres|0 fnt
|faint|p2a: Moltres
|
|upkeep
|
|t:|1758352341
|switch|p2a: Zapdos|Zapdos|64/100
|turn|33
|
|t:|1758352347
|move|p1a: Hawlucha|Acrobatics|p2a: Zapdos
|-resisted|p2a: Zapdos
|-damage|p2a: Zapdos|37/100
|-status|p1a: Hawlucha|par|[from] ability: Static|[of] p2a: Zapdos
|move|p2a: Zapdos|Discharge|p1a: Hawlucha
|-supereffective|p1a: Hawlucha
|-damage|p1a: Hawlucha|0 fnt
|faint|p1a: Hawlucha
|
|win|gang696969
|raw|YourFriendSanti's rating: 1165 &rarr; <strong>1144</strong><br />(-21 for losing)
|raw|gang696969's rating: 1216 &rarr; <strong>1237</strong><br />(+21 for winning)
|l|☆YourFriendSanti
|player|p1|
|l|☆gang696969
|player|p2|
