|j|☆Doctorgeezer
|j|☆jinu55
|t:|1758255766
|gametype|singles
|player|p1|Doctorgeezer|lucas|1244
|player|p2|jinu55|byron|1225
|gen|9
|tier|[Gen 9] OU
|rated|
|rule|HP Percentage Mod: HP is shown in percentages
|rule|Endless Battle Clause: Forcing endless battles is banned
|rule|Species Clause: Limit one of each Pokémon
|rule|OHKO Clause: OHKO moves are banned
|rule|Evasion Items Clause: Evasion items are banned
|rule|Evasion Moves Clause: Evasion moves are banned
|rule|Evasion Abilities Clause: Evasion abilities are banned
|rule|Sleep Moves Clause: Sleep-inducing moves are banned
|clearpoke
|poke|p1|Tyranitar, M|
|poke|p1|Excadrill, M|
|poke|p1|Zapdos|
|poke|p1|Gholdengo|
|poke|p1|Ogerpon-Wellspring, F|
|poke|p1|Kingambit, M|
|poke|p2|Hitmonlee, M|
|poke|p2|Azumarill, F|
|poke|p2|Blaziken, M|
|poke|p2|Meowscarada, M|
|poke|p2|Donphan, F|
|poke|p2|Dragonite, M|
|teampreview
|inactive|Battle timer is ON: inactive players will automatically lose when time's up. (requested by jinu55)
|
|t:|1758255781
|teamsize|p1|6
|teamsize|p2|6
|start
|switch|p1a: Zapdos|Zapdos, shiny|100/100
|switch|p2a: Donphan|Donphan, F|100/100
|turn|1
|
|t:|1758255787
|move|p1a: Zapdos|Hurricane|p2a: Donphan|[miss]
|-miss|p1a: Zapdos|p2a: Donphan
|move|p2a: Donphan|Stealth Rock|p1a: Zapdos
|-sidestart|p1: Doctorgeezer|move: Stealth Rock
|
|upkeep
|turn|2
|
|t:|1758255804
|move|p2a: Donphan|Ice Shard|p1a: Zapdos
|-supereffective|p1a: Zapdos
|-damage|p1a: Zapdos|66/100
|move|p1a: Zapdos|Hurricane|p2a: Donphan|[miss]
|-miss|p1a: Zapdos|p2a: Donphan
|
|upkeep
|turn|3
|
|t:|1758255812
|switch|p1a: Ogerpon|Ogerpon-Wellspring, F|100/100
|-damage|p1a: Ogerpon|88/100|[from] Stealth Rock
|move|p2a: Donphan|Ice Shard|p1a: Ogerpon
|-damage|p1a: Ogerpon|68/100
|
|upkeep
|turn|4
|
|t:|1758255836
|move|p1a: Ogerpon|Trailblaze|p2a: Donphan
|-supereffective|p2a: Donphan
|-damage|p2a: Donphan|55/100
|-boost|p1a: Ogerpon|spe|1
|move|p2a: Donphan|Earthquake|p1a: Ogerpon
|-resisted|p1a: Ogerpon
|-damage|p1a: Ogerpon|33/100
|
|upkeep
|turn|5
|
|t:|1758255846
|move|p2a: Donphan|Ice Shard|p1a: Ogerpon
|-damage|p1a: Ogerpon|13/100
|move|p1a: Ogerpon|Synthesis|p1a: Ogerpon
|-heal|p1a: Ogerpon|63/100
|
|upkeep
|turn|6
|
|t:|1758255849
|move|p1a: Ogerpon|Synthesis|p1a: Ogerpon
|-heal|p1a: Ogerpon|100/100
|move|p2a: Donphan|Earthquake|p1a: Ogerpon
|-resisted|p1a: Ogerpon
|-damage|p1a: Ogerpon|67/100
|
|upkeep
|turn|7
|
|t:|1758255852
|move|p1a: Ogerpon|Swords Dance|p1a: Ogerpon
|-boost|p1a: Ogerpon|atk|2
|move|p2a: Donphan|Earthquake|p1a: Ogerpon
|-resisted|p1a: Ogerpon
|-damage|p1a: Ogerpon|33/100
|
|upkeep
|turn|8
|
|t:|1758255859
|move|p1a: Ogerpon|Synthesis|p1a: Ogerpon
|-heal|p1a: Ogerpon|83/100
|move|p2a: Donphan|Earthquake|p1a: Ogerpon
|-resisted|p1a: Ogerpon
|-damage|p1a: Ogerpon|51/100
|
|upkeep
|turn|9
|
|t:|1758255861
|move|p1a: Ogerpon|Synthesis|p1a: Ogerpon
|-heal|p1a: Ogerpon|100/100
|move|p2a: Donphan|Earthquake|p1a: Ogerpon
|-resisted|p1a: Ogerpon
|-damage|p1a: Ogerpon|67/100
|
|upkeep
|turn|10
|
|t:|1758255864
|move|p1a: Ogerpon|Trailblaze|p2a: Donphan
|-supereffective|p2a: Donphan
|-damage|p2a: Donphan|0 fnt
|-boost|p1a: Ogerpon|spe|1
|faint|p2a: Donphan
|
|upkeep
|
|t:|1758255887
|switch|p2a: Dragonite|Dragonite, M|100/100
|turn|11
|
|t:|1758255893
|move|p1a: Ogerpon|Ivy Cudgel|p2a: Dragonite|[anim] Ivy Cudgel Water
|-resisted|p2a: Dragonite
|-damage|p2a: Dragonite|68/100
|move|p2a: Dragonite|Dragon Dance|p2a: Dragonite
|-boost|p2a: Dragonite|atk|1
|-boost|p2a: Dragonite|spe|1
|
|upkeep
|turn|12
|
|t:|1758255914
|-terastallize|p2a: Dragonite|Normal
|move|p2a: Dragonite|Extreme Speed|p1a: Ogerpon
|-damage|p1a: Ogerpon|0 fnt
|faint|p1a: Ogerpon
|
|upkeep
|
|t:|1758255920
|switch|p1a: Tyranitar|Tyranitar, M, shiny|100/100
|-damage|p1a: Tyranitar|88/100|[from] Stealth Rock
|-weather|Sandstorm|[from] ability: Sand Stream|[of] p1a: Tyranitar
|turn|13
|
|t:|1758255924
|switch|p1a: Excadrill|Excadrill, M|100/100
|-damage|p1a: Excadrill|97/100|[from] Stealth Rock
|-item|p1a: Excadrill|Air Balloon
|move|p2a: Dragonite|Earthquake|p1a: Excadrill
|-immune|p1a: Excadrill
|
|-weather|Sandstorm|[upkeep]
|-damage|p2a: Dragonite|62/100|[from] Sandstorm
|upkeep
|turn|14
|
|t:|1758255932
|move|p2a: Dragonite|Extreme Speed|p1a: Excadrill
|-resisted|p1a: Excadrill
|-damage|p1a: Excadrill|51/100
|-enditem|p1a: Excadrill|Air Balloon
|move|p1a: Excadrill|Earthquake|p2a: Dragonite
|-damage|p2a: Dragonite|0 fnt
|faint|p2a: Dragonite
|
|-weather|Sandstorm|[upkeep]
|upkeep
|
|t:|1758255949
|switch|p2a: Azumarill|Azumarill, F|100/100
|turn|15
|
|t:|1758255958
|move|p1a: Excadrill|Earthquake|p2a: Azumarill
|-damage|p2a: Azumarill|43/100
|move|p2a: Azumarill|Belly Drum||[still]
|-fail|p2a: Azumarill
|
|-weather|Sandstorm|[upkeep]
|-damage|p2a: Azumarill|37/100|[from] Sandstorm
|-heal|p2a: Azumarill|43/100|[from] item: Leftovers
|upkeep
|turn|16
|
|t:|1758255962
|move|p2a: Azumarill|Aqua Jet|p1a: Excadrill
|-supereffective|p1a: Excadrill
|-damage|p1a: Excadrill|0 fnt
|faint|p1a: Excadrill
|
|-weather|Sandstorm|[upkeep]
|-damage|p2a: Azumarill|37/100|[from] Sandstorm
|-heal|p2a: Azumarill|43/100|[from] item: Leftovers
|upkeep
|
|t:|1758255967
|switch|p1a: Gholdengo|Gholdengo|100/100
|-damage|p1a: Gholdengo|94/100|[from] Stealth Rock
|turn|17
|
|t:|1758255977
|move|p2a: Azumarill|Aqua Jet|p1a: Gholdengo
|-damage|p1a: Gholdengo|68/100
|move|p1a: Gholdengo|Make It Rain|p2a: Azumarill
|-damage|p2a: Azumarill|0 fnt
|-unboost|p1a: Gholdengo|spa|1
|faint|p2a: Azumarill
|
|-weather|none
|upkeep
|
|t:|1758255983
|switch|p2a: Meowscarada|Meowscarada, M|100/100
|turn|18
|
|t:|1758255988
|-terastallize|p1a: Gholdengo|Fighting
|move|p2a: Meowscarada|Knock Off|p1a: Gholdengo
|-start|p2a: Meowscarada|typechange|Dark|[from] ability: Protean
|-resisted|p1a: Gholdengo
|-damage|p1a: Gholdengo|29/100
|-enditem|p1a: Gholdengo|Choice Specs|[from] move: Knock Off|[of] p2a: Meowscarada
|move|p1a: Gholdengo|Make It Rain|p2a: Meowscarada
|-damage|p2a: Meowscarada|31/100
|-unboost|p1a: Gholdengo|spa|1
|
|upkeep
|turn|19
|
|t:|1758255998
|move|p2a: Meowscarada|Knock Off|p1a: Gholdengo
|-resisted|p1a: Gholdengo
|-damage|p1a: Gholdengo|5/100
|move|p1a: Gholdengo|Make It Rain|p2a: Meowscarada
|-damage|p2a: Meowscarada|0 fnt
|-unboost|p1a: Gholdengo|spa|1
|faint|p2a: Meowscarada
|
|upkeep
|
|t:|1758256008
|switch|p2a: Blaziken|Blaziken, M|100/100
|turn|20
|
|t:|1758256014
|switch|p1a: Tyranitar|Tyranitar, M, shiny|88/100
|-damage|p1a: Tyranitar|76/100|[from] Stealth Rock
|-weather|Sandstorm|[from] ability: Sand Stream|[of] p1a: Tyranitar
|move|p2a: Blaziken|Swords Dance|p2a: Blaziken
|-boost|p2a: Blaziken|atk|2
|
|-weather|Sandstorm|[upkeep]
|-damage|p2a: Blaziken|95/100|[from] Sandstorm
|-ability|p2a: Blaziken|Speed Boost|boost
|-boost|p2a: Blaziken|spe|1
|upkeep
|turn|21
|
|t:|1758256022
|switch|p1a: Zapdos|Zapdos, shiny|66/100
|-damage|p1a: Zapdos|41/100|[from] Stealth Rock
|move|p2a: Blaziken|Close Combat|p1a: Zapdos
|-resisted|p1a: Zapdos
|-damage|p1a: Zapdos|0 fnt
|-unboost|p2a: Blaziken|def|1
|-unboost|p2a: Blaziken|spd|1
|-status|p2a: Blaziken|par|[from] ability: Static|[of] p1a: Zapdos
|faint|p1a: Zapdos
|-damage|p2a: Blaziken|85/100 par|[from] item: Life Orb
|
|-weather|Sandstorm|[upkeep]
|-damage|p2a: Blaziken|79/100 par|[from] Sandstorm
|-ability|p2a: Blaziken|Speed Boost|boost
|-boost|p2a: Blaziken|spe|1
|upkeep
|
|t:|1758256031
|switch|p1a: Gholdengo|Gholdengo, tera:Fighting|5/100
|-damage|p1a: Gholdengo|0 fnt|[from] Stealth Rock
|faint|p1a: Gholdengo
|
|t:|1758256036
|switch|p1a: Tyranitar|Tyranitar, M, shiny|76/100
|-damage|p1a: Tyranitar|64/100|[from] Stealth Rock
|turn|22
|
|t:|1758256047
|move|p2a: Blaziken|Close Combat|p1a: Tyranitar
|-supereffective|p1a: Tyranitar
|-damage|p1a: Tyranitar|0 fnt
|-unboost|p2a: Blaziken|def|1
|-unboost|p2a: Blaziken|spd|1
|faint|p1a: Tyranitar
|-damage|p2a: Blaziken|69/100 par|[from] item: Life Orb
|
|-weather|Sandstorm|[upkeep]
|-damage|p2a: Blaziken|63/100 par|[from] Sandstorm
|-ability|p2a: Blaziken|Speed Boost|boost
|-boost|p2a: Blaziken|spe|1
|upkeep
|
|t:|1758256050
|switch|p1a: Kingambit|Kingambit, M|100/100
|-damage|p1a: Kingambit|94/100|[from] Stealth Rock
|-activate|p1a: Kingambit|ability: Supreme Overlord
|-start|p1a: Kingambit|fallen5|[silent]
|turn|23
|
|t:|1758256062
|move|p1a: Kingambit|Sucker Punch||[still]
|-fail|p1a: Kingambit
|move|p2a: Blaziken|Swords Dance|p2a: Blaziken
|-boost|p2a: Blaziken|atk|2
|
|-weather|Sandstorm|[upkeep]
|-damage|p2a: Blaziken|57/100 par|[from] Sandstorm
|-ability|p2a: Blaziken|Speed Boost|boost
|-boost|p2a: Blaziken|spe|1
|upkeep
|turn|24
|
|t:|1758256068
|move|p2a: Blaziken|Protect|p2a: Blaziken
|-singleturn|p2a: Blaziken|Protect
|move|p1a: Kingambit|Sucker Punch||[still]
|-fail|p1a: Kingambit
|
|-weather|none
|-ability|p2a: Blaziken|Speed Boost|boost
|-boost|p2a: Blaziken|spe|1
|upkeep
|turn|25
|
|t:|1758256077
|move|p1a: Kingambit|Sucker Punch|p2a: Blaziken
|-resisted|p2a: Blaziken
|-damage|p2a: Blaziken|0 fnt
|faint|p2a: Blaziken
|
|upkeep
|
|t:|1758256079
|switch|p2a: Hitmonlee|Hitmonlee, M|100/100
|turn|26
|
|t:|1758256082
|move|p1a: Kingambit|Sucker Punch|p2a: Hitmonlee
|-resisted|p2a: Hitmonlee
|-damage|p2a: Hitmonlee|39/100
|move|p2a: Hitmonlee|High Jump Kick|p1a: Kingambit
|-supereffective|p1a: Kingambit
|-damage|p1a: Kingambit|0 fnt
|faint|p1a: Kingambit
|-end|p1a: Kingambit|fallen5|[silent]
|
|win|jinu55
|raw|Doctorgeezer's rating: 1244 &rarr; <strong>1218</strong><br />(-26 for losing)
|raw|jinu55's rating: 1225 &rarr; <strong>1251</strong><br />(+26 for winning)
|l|☆jinu55
|player|p2|
|l|☆Doctorgeezer
|player|p1|
