|j|☆bobby00120
|j|☆cattoungue2681
|t:|1758292235
|gametype|singles
|player|p1|bobby00120|169|1402
|player|p2|cattoungue2681|1|1579
|gen|9
|tier|[Gen 9] OU
|rated|
|rule|HP Percentage Mod: HP is shown in percentages
|rule|Endless Battle Clause: Forcing endless battles is banned
|rule|Species Clause: Limit one of each Pokémon
|rule|OHKO Clause: OHKO moves are banned
|rule|Evasion Items Clause: Evasion items are banned
|rule|Evasion Moves Clause: Evasion moves are banned
|rule|Evasion Abilities Clause: Evasion abilities are banned
|rule|Sleep Moves Clause: Sleep-inducing moves are banned
|clearpoke
|poke|p1|Hatterene, F|
|poke|p1|Ursaluna, F|
|poke|p1|Cresselia, F|
|poke|p1|Iron Hands|
|poke|p1|Iron Boulder|
|poke|p1|Enamorus-Therian, F|
|poke|p2|Pelipper, M|
|poke|p2|Barraskewda, M|
|poke|p2|Tornadus-Therian, M|
|poke|p2|Greninja-*, M|
|poke|p2|Iron Treads|
|poke|p2|Raging Bolt|
|teampreview
|inactive|Battle timer is ON: inactive players will automatically lose when time's up. (requested by bobby00120)
|
|t:|1758292242
|teamsize|p1|6
|teamsize|p2|6
|start
|switch|p1a: Hatterene|Hatterene, F|100/100
|switch|p2a: Pelipper|Pelipper, M, shiny|100/100
|-weather|RainDance|[from] ability: Drizzle|[of] p2a: Pelipper
|turn|1
|
|t:|1758292249
|move|p2a: Pelipper|U-turn|p1a: Hatterene
|-damage|p1a: Hatterene|90/100
|
|t:|1758292251
|switch|p2a: Iron Treads|Iron Treads, shiny|100/100|[from] U-turn
|move|p1a: Hatterene|Trick Room|p1a: Hatterene
|-fieldstart|move: Trick Room|[of] p1a: Hatterene
|
|-weather|RainDance|[upkeep]
|upkeep
|turn|2
|
|t:|1758292260
|switch|p1a: Enamorus|Enamorus-Therian, F|100/100
|-end|p2a: Iron Treads|Quark Drive|[silent]
|switch|p2a: Tornadus|Tornadus-Therian, M, shiny|100/100
|
|-weather|RainDance|[upkeep]
|upkeep
|turn|3
|
|t:|1758292266
|move|p1a: Enamorus|Calm Mind|p1a: Enamorus
|-boost|p1a: Enamorus|spa|1
|-boost|p1a: Enamorus|spd|1
|move|p2a: Tornadus|Hurricane|p1a: Enamorus
|-damage|p1a: Enamorus|48/100
|
|-weather|RainDance|[upkeep]
|-heal|p1a: Enamorus|54/100|[from] item: Leftovers
|upkeep
|turn|4
|
|t:|1758292270
|move|p1a: Enamorus|Moonblast|p2a: Tornadus
|-damage|p2a: Tornadus|0 fnt
|faint|p2a: Tornadus
|
|-weather|RainDance|[upkeep]
|-heal|p1a: Enamorus|60/100|[from] item: Leftovers
|upkeep
|
|t:|1758292275
|switch|p2a: Iron Treads|Iron Treads, shiny|100/100
|turn|5
|
|t:|1758292277
|move|p1a: Enamorus|Earth Power|p2a: Iron Treads
|-supereffective|p2a: Iron Treads
|-damage|p2a: Iron Treads|0 fnt
|faint|p2a: Iron Treads
|-end|p2a: Iron Treads|Quark Drive|[silent]
|
|-weather|RainDance|[upkeep]
|-heal|p1a: Enamorus|66/100|[from] item: Leftovers
|-fieldend|move: Trick Room
|upkeep
|
|t:|1758292280
|switch|p2a: Barraskewda|Barraskewda, M, shiny|100/100
|turn|6
|
|t:|1758292291
|-terastallize|p2a: Barraskewda|Water
|move|p2a: Barraskewda|Liquidation|p1a: Enamorus
|-damage|p1a: Enamorus|0 fnt
|faint|p1a: Enamorus
|
|-weather|RainDance|[upkeep]
|upkeep
|
|t:|1758292304
|switch|p1a: Cresselia|Cresselia, F|100/100
|turn|7
|
|t:|1758292308
|move|p2a: Barraskewda|Liquidation|p1a: Cresselia
|-damage|p1a: Cresselia|23/100
|move|p1a: Cresselia|Trick Room|p1a: Cresselia
|-fieldstart|move: Trick Room|[of] p1a: Cresselia
|
|-weather|RainDance|[upkeep]
|upkeep
|turn|8
|
|t:|1758292314
|move|p1a: Cresselia|Lunar Dance|p1a: Cresselia
|faint|p1a: Cresselia
|move|p2a: Barraskewda|Liquidation|p1: Cresselia|[notarget]
|-fail|p2a: Barraskewda
|
|-weather|none
|upkeep
|
|t:|1758292316
|switch|p1a: Iron Hands|Iron Hands|100/100
|-enditem|p1a: Iron Hands|Booster Energy
|-activate|p1a: Iron Hands|ability: Quark Drive|[fromitem]
|-start|p1a: Iron Hands|quarkdriveatk
|turn|9
|
|t:|1758292323
|switch|p2a: Pelipper|Pelipper, M, shiny|100/100
|-weather|RainDance|[from] ability: Drizzle|[of] p2a: Pelipper
|move|p1a: Iron Hands|Thunder Punch|p2a: Pelipper
|-supereffective|p2a: Pelipper
|-damage|p2a: Pelipper|0 fnt
|faint|p2a: Pelipper
|
|-weather|RainDance|[upkeep]
|upkeep
|
|t:|1758292329
|switch|p2a: Raging Bolt|Raging Bolt|100/100
|-enditem|p2a: Raging Bolt|Booster Energy
|-activate|p2a: Raging Bolt|ability: Protosynthesis|[fromitem]
|-start|p2a: Raging Bolt|protosynthesisspa
|turn|10
|
|t:|1758292336
|move|p1a: Iron Hands|Ice Punch|p2a: Raging Bolt
|-supereffective|p2a: Raging Bolt
|-damage|p2a: Raging Bolt|34/100
|move|p2a: Raging Bolt|Weather Ball|p1a: Iron Hands
|-damage|p1a: Iron Hands|36/100
|
|-weather|RainDance|[upkeep]
|upkeep
|turn|11
|
|t:|1758292341
|move|p1a: Iron Hands|Drain Punch|p2a: Raging Bolt
|-damage|p2a: Raging Bolt|0 fnt
|-heal|p1a: Iron Hands|53/100|[from] drain|[of] p2a: Raging Bolt
|faint|p2a: Raging Bolt
|-end|p2a: Raging Bolt|Protosynthesis|[silent]
|
|-weather|RainDance|[upkeep]
|-fieldend|move: Trick Room
|upkeep
|
|t:|1758292344
|switch|p2a: Greninja|Greninja, M|100/100
|turn|12
|
|t:|1758292353
|move|p2a: Greninja|Surf|p1a: Iron Hands
|-damage|p1a: Iron Hands|0 fnt
|faint|p1a: Iron Hands
|-end|p1a: Iron Hands|Quark Drive|[silent]
|-ability|p2a: Greninja|Battle Bond|boost
|-boost|p2a: Greninja|atk|1
|-boost|p2a: Greninja|spa|1
|-boost|p2a: Greninja|spe|1
|-activate|p2a: Greninja|ability: Battle Bond
|-damage|p2a: Greninja|91/100|[from] item: Life Orb
|
|-weather|RainDance|[upkeep]
|upkeep
|
|t:|1758292357
|switch|p1a: Hatterene|Hatterene, F|90/100
|-heal|p1a: Hatterene|100/100|[from] move: Lunar Dance
|turn|13
|
|t:|1758292361
|move|p2a: Greninja|Surf|p1a: Hatterene
|-enditem|p1a: Hatterene|Focus Sash
|-damage|p1a: Hatterene|1/100
|-damage|p2a: Greninja|81/100|[from] item: Life Orb
|move|p1a: Hatterene|Trick Room|p1a: Hatterene
|-fieldstart|move: Trick Room|[of] p1a: Hatterene
|
|-weather|RainDance|[upkeep]
|upkeep
|turn|14
|
|t:|1758292364
|move|p2a: Greninja|Water Shuriken|p1a: Hatterene
|-damage|p1a: Hatterene|0 fnt
|faint|p1a: Hatterene
|-hitcount|p1: Hatterene|1
|-damage|p2a: Greninja|71/100|[from] item: Life Orb
|
|-weather|RainDance|[upkeep]
|upkeep
|
|t:|1758292368
|switch|p1a: Ursaluna|Ursaluna, F|100/100
|turn|15
|
|t:|1758292370
|move|p2a: Greninja|Water Shuriken|p1a: Ursaluna
|-supereffective|p1a: Ursaluna
|-damage|p1a: Ursaluna|58/100
|-supereffective|p1a: Ursaluna
|-damage|p1a: Ursaluna|17/100
|-supereffective|p1a: Ursaluna
|-crit|p1a: Ursaluna
|-damage|p1a: Ursaluna|0 fnt
|faint|p1a: Ursaluna
|-hitcount|p1: Ursaluna|3
|-damage|p2a: Greninja|61/100|[from] item: Life Orb
|
|-weather|RainDance|[upkeep]
|upkeep
|
|t:|1758292379
|switch|p1a: Iron Boulder|Iron Boulder|100/100
|-enditem|p1a: Iron Boulder|Booster Energy
|-activate|p1a: Iron Boulder|ability: Quark Drive|[fromitem]
|-start|p1a: Iron Boulder|quarkdrivespe
|turn|16
|
|t:|1758292384
|move|p2a: Greninja|Water Shuriken|p1a: Iron Boulder
|-supereffective|p1a: Iron Boulder
|-damage|p1a: Iron Boulder|62/100
|-supereffective|p1a: Iron Boulder
|-damage|p1a: Iron Boulder|20/100
|-supereffective|p1a: Iron Boulder
|-damage|p1a: Iron Boulder|0 fnt
|faint|p1a: Iron Boulder
|-end|p1a: Iron Boulder|Quark Drive|[silent]
|-hitcount|p1: Iron Boulder|3
|-damage|p2a: Greninja|51/100|[from] item: Life Orb
|
|win|cattoungue2681
|raw|bobby00120's rating: 1402 &rarr; <strong>1391</strong><br />(-11 for losing)
|raw|cattoungue2681's rating: 1579 &rarr; <strong>1590</strong><br />(+11 for winning)
|l|☆bobby00120
|player|p1|
|l|☆cattoungue2681
|player|p2|
