|j|☆kbbl
|j|☆RyvalMD
|t:|1758300980
|gametype|singles
|player|p1|kbbl|2|1474
|player|p2|RyvalMD|102|1511
|gen|9
|tier|[Gen 9] OU
|rated|
|rule|HP Percentage Mod: HP is shown in percentages
|rule|Endless Battle Clause: Forcing endless battles is banned
|rule|Species Clause: Limit one of each Pokémon
|rule|OHKO Clause: OHKO moves are banned
|rule|Evasion Items Clause: Evasion items are banned
|rule|Evasion Moves Clause: Evasion moves are banned
|rule|Evasion Abilities Clause: Evasion abilities are banned
|rule|Sleep Moves Clause: Sleep-inducing moves are banned
|clearpoke
|poke|p1|Hippowdon, F|
|poke|p1|Clodsire, M|
|poke|p1|Excadrill, F|
|poke|p1|Corviknight, F|
|poke|p1|Greninja-*, M|
|poke|p1|Quaquaval, F|
|poke|p2|Ogerpon-Wellspring, F|
|poke|p2|Dragapult, M|
|poke|p2|Raging Bolt|
|poke|p2|Kingambit, M|
|poke|p2|Slowking-Galar, F|
|poke|p2|Great Tusk|
|teampreview
|inactive|Battle timer is ON: inactive players will automatically lose when time's up. (requested by RyvalMD)
|
|t:|1758300998
|teamsize|p1|6
|teamsize|p2|6
|start
|switch|p1a: Greninja|Greninja, M|100/100
|switch|p2a: Raging Bolt|Raging Bolt|100/100
|turn|1
|
|t:|1758301002
|switch|p1a: Clodsire|Clodsire, M|100/100
|-terastallize|p2a: Raging Bolt|Dragon
|move|p2a: Raging Bolt|Draco Meteor|p1a: Clodsire|[miss]
|-miss|p2a: Raging Bolt|p1a: Clodsire
|
|upkeep
|turn|2
|
|t:|1758301006
|move|p2a: Raging Bolt|Draco Meteor|p1a: Clodsire
|-damage|p1a: Clodsire|21/100
|-unboost|p2a: Raging Bolt|spa|2
|move|p1a: Clodsire|Recover|p1a: Clodsire
|-heal|p1a: Clodsire|72/100
|
|upkeep
|turn|3
|
|t:|1758301012
|move|p2a: Raging Bolt|Draco Meteor|p1a: Clodsire
|-damage|p1a: Clodsire|28/100
|-unboost|p2a: Raging Bolt|spa|2
|move|p1a: Clodsire|Toxic|p2a: Raging Bolt
|-status|p2a: Raging Bolt|tox
|
|-damage|p2a: Raging Bolt|94/100 tox|[from] psn
|upkeep
|turn|4
|
|t:|1758301015
|move|p2a: Raging Bolt|Draco Meteor|p1a: Clodsire
|-damage|p1a: Clodsire|2/100
|-unboost|p2a: Raging Bolt|spa|2
|move|p1a: Clodsire|Recover|p1a: Clodsire
|-heal|p1a: Clodsire|53/100
|
|-damage|p2a: Raging Bolt|82/100 tox|[from] psn
|upkeep
|turn|5
|
|t:|1758301019
|-end|p2a: Raging Bolt|Protosynthesis|[silent]
|switch|p2a: Great Tusk|Great Tusk|100/100
|move|p1a: Clodsire|Recover|p1a: Clodsire
|-heal|p1a: Clodsire|100/100
|
|upkeep
|turn|6
|
|t:|1758301026
|switch|p1a: Corviknight|Corviknight, F|100/100
|-ability|p1a: Corviknight|Pressure
|move|p2a: Great Tusk|Stealth Rock|p1a: Corviknight
|-sidestart|p1: kbbl|move: Stealth Rock
|
|upkeep
|turn|7
|
|t:|1758301033
|-end|p2a: Great Tusk|Protosynthesis|[silent]
|switch|p2a: Raging Bolt|Raging Bolt, tera:Dragon|82/100 tox
|move|p1a: Corviknight|Defog|p2a: Raging Bolt
|-unboost|p2a: Raging Bolt|evasion|1
|-sideend|p1: kbbl|Stealth Rock|[from] move: Defog|[of] p1a: Corviknight
|
|-damage|p2a: Raging Bolt|76/100 tox|[from] psn
|upkeep
|turn|8
|
|t:|1758301038
|switch|p1a: Clodsire|Clodsire, M|100/100
|move|p2a: Raging Bolt|Draco Meteor|p1a: Clodsire
|-damage|p1a: Clodsire|18/100
|-unboost|p2a: Raging Bolt|spa|2
|
|-damage|p2a: Raging Bolt|63/100 tox|[from] psn
|upkeep
|turn|9
|
|t:|1758301046
|-end|p2a: Raging Bolt|Protosynthesis|[silent]
|switch|p2a: Dragapult|Dragapult, M|100/100
|switch|p1a: Corviknight|Corviknight, F|100/100
|-ability|p1a: Corviknight|Pressure
|
|upkeep
|turn|10
|
|t:|1758301049
|move|p2a: Dragapult|Thunder Wave|p1a: Corviknight
|-status|p1a: Corviknight|par
|move|p1a: Corviknight|U-turn|p2a: Dragapult
|-resisted|p2a: Dragapult
|-damage|p2a: Dragapult|90/100
|
|t:|1758301055
|switch|p1a: Hippowdon|Hippowdon, F|100/100|[from] U-turn
|-weather|Sandstorm|[from] ability: Sand Stream|[of] p1a: Hippowdon
|
|-weather|Sandstorm|[upkeep]
|-damage|p2a: Dragapult|84/100|[from] Sandstorm
|upkeep
|turn|11
|l|☆RyvalMD
|inactive|RyvalMD disconnected and has a minute to reconnect!
|player|p2|
|j|☆RyvalMD
|inactive|RyvalMD reconnected and has 140 seconds left.
|player|p2|RyvalMD|102|
|
|t:|1758301070
|move|p2a: Dragapult|U-turn|p1a: Hippowdon
|-damage|p1a: Hippowdon|91/100
|
|t:|1758301073
|switch|p2a: Ogerpon|Ogerpon-Wellspring, F|100/100|[from] U-turn
|move|p1a: Hippowdon|Stealth Rock|p2a: Ogerpon
|-sidestart|p2: RyvalMD|move: Stealth Rock
|
|-weather|Sandstorm|[upkeep]
|-damage|p2a: Ogerpon|95/100|[from] Sandstorm
|upkeep
|turn|12
|
|t:|1758301078
|switch|p1a: Corviknight|Corviknight, F|100/100 par
|-ability|p1a: Corviknight|Pressure
|move|p2a: Ogerpon|Ivy Cudgel|p1a: Corviknight|[anim] Ivy Cudgel Water
|-crit|p1a: Corviknight
|-damage|p1a: Corviknight|46/100 par
|
|-weather|Sandstorm|[upkeep]
|-damage|p2a: Ogerpon|89/100|[from] Sandstorm
|upkeep
|turn|13
|
|t:|1758301081
|move|p2a: Ogerpon|Ivy Cudgel|p1a: Corviknight|[anim] Ivy Cudgel Water
|-crit|p1a: Corviknight
|-damage|p1a: Corviknight|0 fnt
|faint|p1a: Corviknight
|
|-weather|Sandstorm|[upkeep]
|-damage|p2a: Ogerpon|83/100|[from] Sandstorm
|upkeep
|
|t:|1758301088
|switch|p1a: Greninja|Greninja, M|100/100
|turn|14
|
|t:|1758301095
|move|p1a: Greninja|Sludge Wave|p2a: Ogerpon
|-start|p1a: Greninja|typechange|Poison|[from] ability: Protean
|-supereffective|p2a: Ogerpon
|-damage|p2a: Ogerpon|0 fnt
|faint|p2a: Ogerpon
|
|-weather|Sandstorm|[upkeep]
|-damage|p1a: Greninja|95/100|[from] Sandstorm
|upkeep
|
|t:|1758301100
|switch|p2a: Kingambit|Kingambit, M|100/100
|-damage|p2a: Kingambit|94/100|[from] Stealth Rock
|-activate|p2a: Kingambit|ability: Supreme Overlord
|-start|p2a: Kingambit|fallen1|[silent]
|-item|p2a: Kingambit|Air Balloon
|turn|15
|
|t:|1758301108
|switch|p1a: Clodsire|Clodsire, M|18/100
|move|p2a: Kingambit|Iron Head|p1a: Clodsire
|-damage|p1a: Clodsire|0 fnt
|faint|p1a: Clodsire
|
|-weather|Sandstorm|[upkeep]
|upkeep
|
|t:|1758301112
|switch|p1a: Quaquaval|Quaquaval, F|100/100
|turn|16
|
|t:|1758301117
|-end|p2a: Kingambit|fallen1|[silent]
|switch|p2a: Raging Bolt|Raging Bolt, tera:Dragon|63/100 tox
|-damage|p2a: Raging Bolt|51/100 tox|[from] Stealth Rock
|move|p1a: Quaquaval|Knock Off|p2a: Raging Bolt
|-damage|p2a: Raging Bolt|22/100 tox
|-enditem|p2a: Raging Bolt|Choice Specs|[from] move: Knock Off|[of] p1a: Quaquaval
|-damage|p1a: Quaquaval|91/100|[from] item: Life Orb
|
|-weather|Sandstorm|[upkeep]
|-damage|p1a: Quaquaval|84/100|[from] Sandstorm
|-damage|p2a: Raging Bolt|16/100 tox|[from] Sandstorm
|-damage|p2a: Raging Bolt|10/100 tox|[from] psn
|upkeep
|turn|17
|
|t:|1758301133
|move|p2a: Raging Bolt|Thunderclap|p1a: Quaquaval
|-supereffective|p1a: Quaquaval
|-damage|p1a: Quaquaval|0 fnt
|faint|p1a: Quaquaval
|
|-weather|none
|-damage|p2a: Raging Bolt|0 fnt|[from] psn
|faint|p2a: Raging Bolt
|-end|p2a: Raging Bolt|Protosynthesis|[silent]
|upkeep
|
|t:|1758301139
|switch|p1a: Greninja|Greninja, M|95/100
|switch|p2a: Great Tusk|Great Tusk|100/100
|-damage|p2a: Great Tusk|97/100|[from] Stealth Rock
|turn|18
|
|t:|1758301147
|move|p1a: Greninja|Ice Beam|p2a: Great Tusk
|-start|p1a: Greninja|typechange|Ice|[from] ability: Protean
|-supereffective|p2a: Great Tusk
|-damage|p2a: Great Tusk|0 fnt
|faint|p2a: Great Tusk
|-end|p2a: Great Tusk|Protosynthesis|[silent]
|
|upkeep
|
|t:|1758301160
|switch|p2a: Kingambit|Kingambit, M|94/100
|-damage|p2a: Kingambit|88/100|[from] Stealth Rock
|-activate|p2a: Kingambit|ability: Supreme Overlord
|-start|p2a: Kingambit|fallen3|[silent]
|-item|p2a: Kingambit|Air Balloon
|turn|19
|
|t:|1758301165
|move|p1a: Greninja|Ice Beam|p2a: Kingambit
|-resisted|p2a: Kingambit
|-damage|p2a: Kingambit|59/100
|-enditem|p2a: Kingambit|Air Balloon
|move|p2a: Kingambit|Swords Dance|p2a: Kingambit
|-boost|p2a: Kingambit|atk|2
|
|upkeep
|turn|20
|
|t:|1758301169
|move|p1a: Greninja|Ice Beam|p2a: Kingambit
|-resisted|p2a: Kingambit
|-damage|p2a: Kingambit|31/100
|move|p2a: Kingambit|Iron Head|p1a: Greninja
|-supereffective|p1a: Greninja
|-damage|p1a: Greninja|0 fnt
|faint|p1a: Greninja
|
|upkeep
|
|t:|1758301174
|switch|p1a: Hippowdon|Hippowdon, F|91/100
|-weather|Sandstorm|[from] ability: Sand Stream|[of] p1a: Hippowdon
|turn|21
|
|t:|1758301180
|move|p2a: Kingambit|Iron Head|p1a: Hippowdon
|-damage|p1a: Hippowdon|23/100
|move|p1a: Hippowdon|Earthquake|p2a: Kingambit
|-supereffective|p2a: Kingambit
|-damage|p2a: Kingambit|0 fnt
|faint|p2a: Kingambit
|-end|p2a: Kingambit|fallen3|[silent]
|
|-weather|Sandstorm|[upkeep]
|upkeep
|
|t:|1758301191
|switch|p2a: Slowking|Slowking-Galar, F|100/100
|turn|22
|
|t:|1758301194
|move|p1a: Hippowdon|Earthquake|p2a: Slowking
|-supereffective|p2a: Slowking
|-damage|p2a: Slowking|22/100
|move|p2a: Slowking|Future Sight|p1a: Hippowdon
|-start|p2a: Slowking|move: Future Sight
|
|-weather|Sandstorm|[upkeep]
|-damage|p2a: Slowking|16/100|[from] Sandstorm
|upkeep
|turn|23
|
|t:|1758301198
|move|p1a: Hippowdon|Earthquake|p2a: Slowking
|-supereffective|p2a: Slowking
|-damage|p2a: Slowking|0 fnt
|faint|p2a: Slowking
|
|-weather|Sandstorm|[upkeep]
|upkeep
|
|t:|1758301199
|switch|p2a: Dragapult|Dragapult, M|84/100
|turn|24
|
|t:|1758301201
|move|p2a: Dragapult|Hex|p1a: Hippowdon
|-damage|p1a: Hippowdon|0 fnt
|faint|p1a: Hippowdon
|
|-weather|Sandstorm|[upkeep]
|-damage|p2a: Dragapult|78/100|[from] Sandstorm
|-hint|Future Sight did not hit because the target is fainted.
|upkeep
|
|t:|1758301203
|switch|p1a: Excadrill|Excadrill, F|100/100
|turn|25
|
|t:|1758301206
|move|p1a: Excadrill|Earthquake|p2a: Dragapult
|-damage|p2a: Dragapult|0 fnt
|faint|p2a: Dragapult
|
|win|kbbl
|raw|kbbl's rating: 1474 &rarr; <strong>1496</strong><br />(+22 for winning)
|raw|RyvalMD's rating: 1511 &rarr; <strong>1489</strong><br />(-22 for losing)
|c|☆kbbl|gg
|l|☆RyvalMD
|player|p2|
|l|☆kbbl
|player|p1|
