|j|☆Grimbeon
|j|☆dangerdave712
|t:|1758379525
|gametype|singles
|player|p1|Grimbeon|galacticgruntf|1313
|player|p2|dangerdave712|266|1287
|gen|9
|tier|[Gen 9] OU
|rated|
|rule|HP Percentage Mod: HP is shown in percentages
|rule|Endless Battle Clause: Forcing endless battles is banned
|rule|Species Clause: Limit one of each Pokémon
|rule|OHKO Clause: OHKO moves are banned
|rule|Evasion Items Clause: Evasion items are banned
|rule|Evasion Moves Clause: Evasion moves are banned
|rule|Evasion Abilities Clause: Evasion abilities are banned
|rule|Sleep Moves Clause: Sleep-inducing moves are banned
|clearpoke
|poke|p1|Samurott-Hisui, F|
|poke|p1|Cinderace, F|
|poke|p1|Deoxys-Speed|
|poke|p1|Glimmora, F|
|poke|p1|Raging Bolt|
|poke|p1|Great Tusk|
|poke|p2|Slowking-Galar, M|
|poke|p2|Bellibolt, M|
|poke|p2|Ninetales-Alola, F|
|poke|p2|Sandslash-Alola, F|
|poke|p2|Donphan, F|
|poke|p2|Meowscarada, F|
|teampreview
|
|t:|1758379545
|teamsize|p1|6
|teamsize|p2|6
|start
|switch|p1a: Deoxys|Deoxys-Speed|100/100
|switch|p2a: Meowscarada|Meowscarada, F|100/100
|-ability|p1a: Deoxys|Pressure
|turn|1
|
|t:|1758379555
|move|p2a: Meowscarada|U-turn|p1a: Deoxys
|-start|p2a: Meowscarada|typechange|Bug|[from] ability: Protean
|-supereffective|p1a: Deoxys
|-damage|p1a: Deoxys|31/100
|
|t:|1758379561
|switch|p2a: Donphan|Donphan, F|100/100|[from] U-turn
|move|p1a: Deoxys|Superpower|p2a: Donphan
|-damage|p2a: Donphan|81/100
|-unboost|p1a: Deoxys|atk|1
|-unboost|p1a: Deoxys|def|1
|-enditem|p2a: Donphan|Red Card|[of] p1a: Deoxys
|drag|p1a: Cinderace|Cinderace, F|100/100
|
|upkeep
|turn|2
|
|t:|1758379571
|move|p1a: Cinderace|U-turn|p2a: Donphan
|-start|p1a: Cinderace|typechange|Bug|[from] ability: Libero
|-damage|p2a: Donphan|52/100
|
|t:|1758379578
|switch|p1a: Deoxys|Deoxys-Speed|31/100|[from] U-turn
|-ability|p1a: Deoxys|Pressure
|move|p2a: Donphan|Stealth Rock|p1a: Deoxys
|-sidestart|p1: Grimbeon|move: Stealth Rock
|
|upkeep
|turn|3
|
|t:|1758379585
|move|p1a: Deoxys|Stealth Rock|p2a: Donphan
|-sidestart|p2: dangerdave712|move: Stealth Rock
|move|p2a: Donphan|Rapid Spin|p1a: Deoxys
|-damage|p1a: Deoxys|12/100
|-boost|p2a: Donphan|spe|1
|-sideend|p2: dangerdave712|Stealth Rock|[from] move: Rapid Spin|[of] p2a: Donphan
|
|upkeep
|turn|4
|
|t:|1758379591
|move|p1a: Deoxys|Psycho Boost|p2a: Donphan
|-damage|p2a: Donphan|0 fnt
|-unboost|p1a: Deoxys|spa|2
|faint|p2a: Donphan
|
|upkeep
|
|t:|1758379599
|switch|p2a: Meowscarada|Meowscarada, F|100/100
|turn|5
|
|t:|1758379602
|switch|p1a: Glimmora|Glimmora, F|100/100
|-damage|p1a: Glimmora|88/100|[from] Stealth Rock
|move|p2a: Meowscarada|U-turn|p1a: Glimmora
|-start|p2a: Meowscarada|typechange|Bug|[from] ability: Protean
|-resisted|p1a: Glimmora
|-damage|p1a: Glimmora|71/100
|-damage|p2a: Meowscarada|84/100|[from] item: Rocky Helmet|[of] p1a: Glimmora
|-activate|p1a: Glimmora|ability: Toxic Debris
|-sidestart|p2: dangerdave712|move: Toxic Spikes
|
|t:|1758379613
|switch|p2a: Slowking|Slowking-Galar, M|100/100|[from] U-turn
|-sideend|p2: dangerdave712|move: Toxic Spikes|[of] p2a: Slowking
|
|upkeep
|turn|6
|
|t:|1758379617
|move|p1a: Glimmora|Mortal Spin|p2a: Slowking
|-resisted|p2a: Slowking
|-damage|p2a: Slowking|97/100
|-sideend|p1: Grimbeon|Stealth Rock|[from] move: Mortal Spin|[of] p1a: Glimmora
|move|p2a: Slowking|Future Sight|p1a: Glimmora
|-start|p2a: Slowking|move: Future Sight
|
|upkeep
|turn|7
|
|t:|1758379628
|switch|p1a: Cinderace|Cinderace, F|100/100
|move|p2a: Slowking|Trick Room|p2a: Slowking
|-fieldstart|move: Trick Room|[of] p2a: Slowking
|
|upkeep
|turn|8
|
|t:|1758379635
|switch|p1a: Samurott|Samurott-Hisui, F|100/100
|-prepare|p2a: Slowking|Chilly Reception|[premajor]
|move|p2a: Slowking|Chilly Reception|p2a: Slowking
|-weather|Snowscape
|
|t:|1758379644
|switch|p2a: Bellibolt|Bellibolt, M|100/100|[from] Chilly Reception
|
|-weather|Snowscape|[upkeep]
|-end|p1a: Samurott|move: Future Sight
|-immune|p1a: Samurott
|upkeep
|turn|9
|
|t:|1758379659
|switch|p1a: Raging Bolt|Raging Bolt|100/100
|-enditem|p1a: Raging Bolt|Booster Energy
|-activate|p1a: Raging Bolt|ability: Protosynthesis|[fromitem]
|-start|p1a: Raging Bolt|protosynthesisspa
|move|p2a: Bellibolt|Chilling Water|p1a: Raging Bolt
|-resisted|p1a: Raging Bolt
|-damage|p1a: Raging Bolt|93/100
|-unboost|p1a: Raging Bolt|atk|1
|
|-weather|Snowscape|[upkeep]
|upkeep
|turn|10
|
|t:|1758379668
|move|p2a: Bellibolt|Weather Ball|p1a: Raging Bolt
|-supereffective|p1a: Raging Bolt
|-damage|p1a: Raging Bolt|28/100
|move|p1a: Raging Bolt|Calm Mind|p1a: Raging Bolt
|-boost|p1a: Raging Bolt|spa|1
|-boost|p1a: Raging Bolt|spd|1
|
|-weather|Snowscape|[upkeep]
|upkeep
|turn|11
|
|t:|1758379677
|-terastallize|p1a: Raging Bolt|Fairy
|move|p2a: Bellibolt|Weather Ball|p1a: Raging Bolt
|-damage|p1a: Raging Bolt|8/100
|move|p1a: Raging Bolt|Calm Mind|p1a: Raging Bolt
|-boost|p1a: Raging Bolt|spa|1
|-boost|p1a: Raging Bolt|spd|1
|
|-weather|Snowscape|[upkeep]
|-fieldend|move: Trick Room
|upkeep
|turn|12
|
|t:|1758379692
|move|p1a: Raging Bolt|Dragon Pulse|p2a: Bellibolt
|-damage|p2a: Bellibolt|17/100
|move|p2a: Bellibolt|Volt Switch|p1a: Raging Bolt
|-damage|p1a: Raging Bolt|0 fnt
|faint|p1a: Raging Bolt
|-end|p1a: Raging Bolt|Protosynthesis|[silent]
|
|t:|1758379701
|switch|p2a: Meowscarada|Meowscarada, F|84/100|[from] Volt Switch
|
|-weather|none
|upkeep
|
|t:|1758379705
|switch|p1a: Cinderace|Cinderace, F|100/100
|turn|13
|
|t:|1758379711
|move|p2a: Meowscarada|U-turn|p1a: Cinderace
|-start|p2a: Meowscarada|typechange|Bug|[from] ability: Protean
|-resisted|p1a: Cinderace
|-damage|p1a: Cinderace|76/100
|
|t:|1758379719
|switch|p2a: Bellibolt|Bellibolt, M|17/100|[from] U-turn
|move|p1a: Cinderace|U-turn|p2a: Bellibolt
|-start|p1a: Cinderace|typechange|Bug|[from] ability: Libero
|-damage|p2a: Bellibolt|0 fnt
|faint|p2a: Bellibolt
|
|t:|1758379723
|switch|p1a: Deoxys|Deoxys-Speed|12/100|[from] U-turn
|-ability|p1a: Deoxys|Pressure
|
|upkeep
|
|t:|1758379734
|switch|p2a: Meowscarada|Meowscarada, F|84/100
|turn|14
|
|t:|1758379737
|switch|p1a: Glimmora|Glimmora, F|71/100
|move|p2a: Meowscarada|U-turn|p1a: Glimmora
|-start|p2a: Meowscarada|typechange|Bug|[from] ability: Protean
|-resisted|p1a: Glimmora
|-damage|p1a: Glimmora|54/100
|-damage|p2a: Meowscarada|68/100|[from] item: Rocky Helmet|[of] p1a: Glimmora
|-activate|p1a: Glimmora|ability: Toxic Debris
|-sidestart|p2: dangerdave712|move: Toxic Spikes
|
|t:|1758379747
|switch|p2a: Slowking|Slowking-Galar, M|100/100|[from] U-turn
|-sideend|p2: dangerdave712|move: Toxic Spikes|[of] p2a: Slowking
|
|upkeep
|turn|15
|
|t:|1758379753
|switch|p1a: Samurott|Samurott-Hisui, F|100/100
|-prepare|p2a: Slowking|Chilly Reception|[premajor]
|move|p2a: Slowking|Chilly Reception|p2a: Slowking
|-weather|Snowscape
|
|t:|1758379762
|switch|p2a: Meowscarada|Meowscarada, F|68/100|[from] Chilly Reception
|
|-weather|Snowscape|[upkeep]
|upkeep
|turn|16
|
|t:|1758379771
|move|p2a: Meowscarada|U-turn|p1a: Samurott
|-start|p2a: Meowscarada|typechange|Bug|[from] ability: Protean
|-supereffective|p1a: Samurott
|-damage|p1a: Samurott|14/100
|
|t:|1758379778
|switch|p2a: Ninetales|Ninetales-Alola, F|100/100|[from] U-turn
|move|p1a: Samurott|Razor Shell|p2a: Ninetales
|-damage|p2a: Ninetales|46/100
|-unboost|p2a: Ninetales|def|1
|
|-weather|Snowscape|[upkeep]
|upkeep
|turn|17
|
|t:|1758379789
|switch|p1a: Cinderace|Cinderace, F|76/100
|move|p2a: Ninetales|Aurora Veil|p2a: Ninetales
|-sidestart|p2: dangerdave712|move: Aurora Veil
|
|-weather|Snowscape|[upkeep]
|upkeep
|turn|18
|
|t:|1758379804
|switch|p2a: Slowking|Slowking-Galar, M|100/100
|move|p1a: Cinderace|Pyro Ball|p2a: Slowking
|-damage|p2a: Slowking|69/100
|
|-weather|Snowscape|[upkeep]
|upkeep
|turn|19
|
|t:|1758379812
|move|p1a: Cinderace|Pyro Ball|p2a: Slowking
|-damage|p2a: Slowking|35/100
|move|p2a: Slowking|Future Sight|p1a: Cinderace
|-start|p2a: Slowking|move: Future Sight
|
|-weather|none
|upkeep
|turn|20
|
|t:|1758379818
|move|p1a: Cinderace|Pyro Ball|p2a: Slowking
|-damage|p2a: Slowking|5/100
|-prepare|p2a: Slowking|Chilly Reception|[premajor]
|move|p2a: Slowking|Chilly Reception|p2a: Slowking
|-weather|Snowscape
|
|t:|1758379823
|switch|p2a: Sandslash|Sandslash-Alola, F|100/100|[from] Chilly Reception
|
|-weather|Snowscape|[upkeep]
|upkeep
|turn|21
|
|t:|1758379828
|move|p1a: Cinderace|Pyro Ball|p2a: Sandslash
|-supereffective|p2a: Sandslash
|-damage|p2a: Sandslash|18/100
|-status|p2a: Sandslash|brn
|move|p2a: Sandslash|Swords Dance|p2a: Sandslash
|-boost|p2a: Sandslash|atk|2
|
|-weather|Snowscape|[upkeep]
|-end|p1a: Cinderace|move: Future Sight
|-damage|p1a: Cinderace|17/100
|-damage|p2a: Sandslash|11/100 brn|[from] brn
|upkeep
|turn|22
|
|t:|1758379841
|move|p1a: Cinderace|Pyro Ball|p2a: Sandslash|[miss]
|-miss|p1a: Cinderace|p2a: Sandslash
|move|p2a: Sandslash|Icicle Spear|p1a: Cinderace
|-resisted|p1a: Cinderace
|-damage|p1a: Cinderace|8/100
|-resisted|p1a: Cinderace
|-damage|p1a: Cinderace|0 fnt
|faint|p1a: Cinderace
|-hitcount|p1: Cinderace|2
|
|-weather|Snowscape|[upkeep]
|-damage|p2a: Sandslash|5/100 brn|[from] brn
|upkeep
|
|t:|1758379846
|switch|p1a: Glimmora|Glimmora, F|54/100
|turn|23
|
|t:|1758379852
|move|p1a: Glimmora|Spiky Shield|p1a: Glimmora
|-singleturn|p1a: Glimmora|move: Protect
|move|p2a: Sandslash|Icicle Spear|p1a: Glimmora
|-activate|p1a: Glimmora|move: Protect
|
|-weather|Snowscape|[upkeep]
|-damage|p2a: Sandslash|0 fnt|[from] brn
|faint|p2a: Sandslash
|upkeep
|
|t:|1758379860
|switch|p2a: Slowking|Slowking-Galar, M|38/100
|turn|24
|
|t:|1758379864
|switch|p1a: Samurott|Samurott-Hisui, F|14/100
|move|p2a: Slowking|Future Sight|p1a: Samurott
|-start|p2a: Slowking|move: Future Sight
|
|-weather|none
|-sideend|p2: dangerdave712|move: Aurora Veil
|upkeep
|turn|25
|
|t:|1758379871
|move|p1a: Samurott|Ceaseless Edge|p2a: Slowking
|-supereffective|p2a: Slowking
|-damage|p2a: Slowking|0 fnt
|-sidestart|p2: dangerdave712|Spikes
|faint|p2a: Slowking
|
|upkeep
|
|t:|1758379877
|switch|p2a: Meowscarada|Meowscarada, F|68/100
|-damage|p2a: Meowscarada|55/100|[from] Spikes
|turn|26
|
|t:|1758379883
|move|p1a: Samurott|Sucker Punch|p2a: Meowscarada
|-resisted|p2a: Meowscarada
|-damage|p2a: Meowscarada|27/100
|move|p2a: Meowscarada|Flower Trick|p1a: Samurott
|-start|p2a: Meowscarada|typechange|Grass|[from] ability: Protean
|-supereffective|p1a: Samurott
|-crit|p1a: Samurott
|-damage|p1a: Samurott|0 fnt
|faint|p1a: Samurott
|
|-hint|Future Sight did not hit because the target is fainted.
|upkeep
|
|t:|1758379890
|switch|p1a: Glimmora|Glimmora, F|54/100
|turn|27
|
|t:|1758379897
|move|p2a: Meowscarada|Flower Trick|p1a: Glimmora
|-crit|p1a: Glimmora
|-damage|p1a: Glimmora|5/100
|-activate|p1a: Glimmora|ability: Toxic Debris
|-sidestart|p2: dangerdave712|move: Toxic Spikes
|move|p1a: Glimmora|Mortal Spin|p2a: Meowscarada
|-supereffective|p2a: Meowscarada
|-damage|p2a: Meowscarada|8/100
|-status|p2a: Meowscarada|psn
|
|-damage|p2a: Meowscarada|0 fnt|[from] psn
|faint|p2a: Meowscarada
|upkeep
|-message|dangerdave712 forfeited.
|
|win|Grimbeon
|raw|Grimbeon's rating: 1313 &rarr; <strong>1332</strong><br />(+19 for winning)
|raw|dangerdave712's rating: 1287 &rarr; <strong>1264</strong><br />(-23 for losing)
|l|☆dangerdave712
|player|p2|
