|j|☆Sandrof
|j|☆69trash69
|t:|1758338656
|gametype|singles
|player|p1|Sandrof|giovanni|
|player|p2|69trash69|may-masters|
|gen|9
|tier|[Gen 9] OU
|rule|HP Percentage Mod: HP is shown in percentages
|rule|Endless Battle Clause: Forcing endless battles is banned
|rule|Species Clause: Limit one of each Pokémon
|rule|OHKO Clause: OHKO moves are banned
|rule|Evasion Items Clause: Evasion items are banned
|rule|Evasion Moves Clause: Evasion moves are banned
|rule|Evasion Abilities Clause: Evasion abilities are banned
|rule|Sleep Moves Clause: Sleep-inducing moves are banned
|clearpoke
|poke|p1|Meowscarada, F|
|poke|p1|Scizor, M|
|poke|p1|Alomomola, F|
|poke|p1|Garganacl, M|
|poke|p1|Raging Bolt|
|poke|p1|Enamorus, F|
|poke|p2|Crawdaunt, F|
|poke|p2|Slither Wing|
|poke|p2|Heatran, M|
|poke|p2|Dragapult, M|
|poke|p2|Great Tusk|
|poke|p2|Raging Bolt|
|teampreview
|c|☆69trash69|cuck gaming
|c|☆Sandrof|dotn even remmeber wat u do
|
|t:|1758338694
|teamsize|p1|6
|teamsize|p2|6
|start
|switch|p1a: PVERov|Meowscarada, F|100/100
|switch|p2a: Dragapult|Dragapult, M|100/100
|turn|1
|c|☆Sandrof|had to
|c|☆69trash69|sez
|
|t:|1758338728
|switch|p2a: Slither Wing|Slither Wing|100/100
|switch|p1a: bpta|Scizor, M|100/100
|
|upkeep
|turn|2
|c|☆Sandrof|SUS
|c|☆Sandrof|!dt slither wing
|raw|<div class="message"><ul class="utilichart"><li class="result"><span class="col numcol">UU</span> <span class="col iconcol"><psicon pokemon="slitherwing"/></span> <span class="col pokemonnamecol" style="white-space:nowrap"><a href="https://dex.pokemonshowdown.com/pokemon/slitherwing" target="_blank">Slither Wing</a></span> <span class="col typecol"><img src="https://play.pokemonshowdown.com/sprites/types/Bug.png" alt="Bug" height="14" width="32"><img src="https://play.pokemonshowdown.com/sprites/types/Fighting.png" alt="Fighting" height="14" width="32"></span> <span style="float:left;min-height:26px"><span class="col abilitycol">Protosynthesis</span><span class="col abilitycol"></span></span><span style="float:left;min-height:26px"><span class="col statcol"><em>HP</em><br />85</span> <span class="col statcol"><em>Atk</em><br />135</span> <span class="col statcol"><em>Def</em><br />79</span> <span class="col statcol"><em>SpA</em><br />85</span> <span class="col statcol"><em>SpD</em><br />105</span> <span class="col statcol"><em>Spe</em><br />81</span> <span class="col bstcol"><em>BST<br />570</em></span> </span></li><li style="clear:both"></li></ul></div>
|raw|<font size="1"><font color="#686868">Dex#:</font> 988&nbsp;|&ThickSpace;<font color="#686868">Gen:</font> 9&nbsp;|&ThickSpace;<font color="#686868">Height:</font> 3.2 m&nbsp;|&ThickSpace;<font color="#686868">Weight:</font> 92 kg <em>(80 BP)</em>&nbsp;|&ThickSpace;<font color="#686868">Dex Colour:</font> White&nbsp;|&ThickSpace;<font color="#686868">Egg Group(s):</font> Undiscovered&nbsp;|&ThickSpace;<font color="#686868">Does Not Evolve</font></font>

|c|☆Sandrof|casnt
|c|☆Sandrof|how is that ur tank
|c|☆69trash69|y you bullying already
|
|t:|1758338775
|move|p2a: Slither Wing|Will-O-Wisp|p1a: bpta
|-status|p1a: bpta|brn
|move|p1a: bpta|Dual Wingbeat|p2a: Slither Wing
|-supereffective|p2a: Slither Wing
|-damage|p2a: Slither Wing|41/100
|-supereffective|p2a: Slither Wing
|-damage|p2a: Slither Wing|0 fnt
|faint|p2a: Slither Wing
|-end|p2a: Slither Wing|Protosynthesis|[silent]
|-hitcount|p2: Slither Wing|2
|
|-damage|p1a: bpta|94/100 brn|[from] brn
|upkeep
|c|☆Sandrof|naaa its max speed
|c|☆Sandrof|y is it
|c|☆Sandrof|max speed
|
|t:|1758338784
|switch|p2a: Heatran|Heatran, M|100/100
|turn|3
|c|☆69trash69|not max speed
|c|☆Sandrof|canbt
|c|☆Sandrof|how much
|c|☆Sandrof|speedi si t
|c|☆69trash69|it at 200
|c|☆Sandrof|NAAAA
|c|☆Sandrof|WIN THE SPEED TIE
|c|☆Sandrof|he had to
|c|☆Sandrof|already tilted nwo
|c|☆69trash69|cant
|
|t:|1758338837
|move|p2a: Heatran|Stealth Rock|p1a: bpta
|-sidestart|p1: Sandrof|move: Stealth Rock
|move|p1a: bpta|Dual Wingbeat|p2a: Heatran
|-resisted|p2a: Heatran
|-damage|p2a: Heatran|92/100
|-resisted|p2a: Heatran
|-damage|p2a: Heatran|83/100
|-hitcount|p2a: Heatran|2
|
|-heal|p2a: Heatran|90/100|[from] item: Leftovers
|-damage|p1a: bpta|88/100 brn|[from] brn
|upkeep
|turn|4
|
|t:|1758338849
|move|p2a: Heatran|Magma Storm|p1a: bpta|[miss]
|-miss|p2a: Heatran|p1a: bpta
|move|p1a: bpta|Dual Wingbeat|p2a: Heatran
|-resisted|p2a: Heatran
|-damage|p2a: Heatran|81/100
|-resisted|p2a: Heatran
|-damage|p2a: Heatran|72/100
|-hitcount|p2a: Heatran|2
|
|-heal|p2a: Heatran|78/100|[from] item: Leftovers
|-damage|p1a: bpta|82/100 brn|[from] brn
|upkeep
|turn|5
|
|t:|1758338851
|move|p2a: Heatran|Magma Storm|p1a: bpta
|-supereffective|p1a: bpta
|-damage|p1a: bpta|0 fnt
|faint|p1a: bpta
|
|-heal|p2a: Heatran|84/100|[from] item: Leftovers
|upkeep
|c|☆69trash69|classic
|c|☆Sandrof|man
|c|☆Sandrof|i dont know wat
|c|☆Sandrof|poop ass tera it is
|c|☆69trash69|used it before
|c|☆Sandrof|didnt pay attention to
|c|☆Sandrof|irrelevant mon
|c|☆Sandrof|NA
|c|☆Sandrof|GRASS
|c|☆69trash69|ya
|c|☆Sandrof|na thats kinda 5head
|c|☆69trash69|abouta timer you
|c|☆Sandrof|ik u got ep
|c|☆Sandrof|i jsut odnt rmemeber hte last move
|c|☆69trash69|every heatran has ep
|c|☆Sandrof|ya
|c|☆69trash69|i got taunt
|
|t:|1758338952
|switch|p1a: LCKDP|Enamorus, F|100/100
|-damage|p1a: LCKDP|76/100|[from] Stealth Rock
|turn|6
|c|☆69trash69|got me susin
|
|t:|1758339016
|switch|p2a: Dragapult|Dragapult, M|100/100
|-terastallize|p1a: LCKDP|Stellar
|move|p1a: LCKDP|Tera Blast|p2a: Dragapult|[anim] Tera Blast Stellar
|-damage|p2a: Dragapult|39/100
|-boost|p1a: LCKDP|atk|1
|-boost|p1a: LCKDP|spa|1
|
|upkeep
|turn|7
|
|t:|1758339023
|move|p1a: LCKDP|Tera Blast|p2a: Dragapult|[anim] Tera Blast Stellar
|-damage|p2a: Dragapult|0 fnt
|-boost|p1a: LCKDP|atk|1
|-boost|p1a: LCKDP|spa|1
|faint|p2a: Dragapult
|
|upkeep
|
|t:|1758339029
|switch|p2a: Raging Bolt|Raging Bolt|100/100
|turn|8
|
|t:|1758339032
|move|p2a: Raging Bolt|Thunderclap|p1a: LCKDP
|-supereffective|p1a: LCKDP
|-damage|p1a: LCKDP|0 fnt
|faint|p1a: LCKDP
|
|upkeep
|c|☆69trash69|any cucks
|c|☆69trash69|ciasubdgna
|c|☆Sandrof|dont want to have a cuck off
|c|☆69trash69|HUHHHH
|
|t:|1758339120
|switch|p1a: PVERov|Meowscarada, F|100/100
|-damage|p1a: PVERov|88/100|[from] Stealth Rock
|turn|9
|
|t:|1758339137
|-terastallize|p2a: Raging Bolt|Fairy
|move|p1a: PVERov|Triple Axel|p2a: Raging Bolt
|-start|p1a: PVERov|typechange|Ice|[from] ability: Protean
|-damage|p2a: Raging Bolt|88/100
|-damage|p2a: Raging Bolt|65/100
|-damage|p2a: Raging Bolt|30/100
|-hitcount|p2a: Raging Bolt|3
|-damage|p1a: PVERov|78/100|[from] item: Life Orb
|move|p2a: Raging Bolt|Volt Switch|p1a: PVERov
|-damage|p1a: PVERov|12/100
|
|t:|1758339149
|-end|p2a: Raging Bolt|Protosynthesis|[silent]
|switch|p2a: Crawdaunt|Crawdaunt, F|100/100|[from] Volt Switch
|
|upkeep
|turn|10
|
|t:|1758339155
|move|p2a: Crawdaunt|Aqua Jet|p1a: PVERov
|-damage|p1a: PVERov|0 fnt
|faint|p1a: PVERov
|
|upkeep
|
|t:|1758339166
|switch|p1a: rbcwwac|Raging Bolt|100/100
|-damage|p1a: rbcwwac|88/100|[from] Stealth Rock
|-enditem|p1a: rbcwwac|Booster Energy
|-activate|p1a: rbcwwac|ability: Protosynthesis|[fromitem]
|-start|p1a: rbcwwac|protosynthesisspa
|turn|11
|
|t:|1758339176
|switch|p2a: Heatran|Heatran, M|84/100
|move|p1a: rbcwwac|Dragon Pulse|p2a: Heatran
|-resisted|p2a: Heatran
|-damage|p2a: Heatran|53/100
|
|-heal|p2a: Heatran|59/100|[from] item: Leftovers
|upkeep
|turn|12
|
|t:|1758339187
|move|p1a: rbcwwac|Thunderclap|p2a: Heatran
|-damage|p2a: Heatran|8/100
|move|p2a: Heatran|Earth Power|p1a: rbcwwac
|-supereffective|p1a: rbcwwac
|-damage|p1a: rbcwwac|30/100
|
|-heal|p2a: Heatran|14/100|[from] item: Leftovers
|upkeep
|turn|13
|
|t:|1758339194
|move|p2a: Heatran|Earth Power|p1a: rbcwwac
|-supereffective|p1a: rbcwwac
|-damage|p1a: rbcwwac|0 fnt
|faint|p1a: rbcwwac
|-end|p1a: rbcwwac|Protosynthesis|[silent]
|
|-heal|p2a: Heatran|20/100|[from] item: Leftovers
|upkeep
|
|t:|1758339204
|switch|p1a: skr|Garganacl, M|100/100
|-damage|p1a: skr|88/100|[from] Stealth Rock
|turn|14
|
|t:|1758339213
|move|p2a: Heatran|Earth Power|p1a: skr
|-supereffective|p1a: skr
|-damage|p1a: skr|44/100
|move|p1a: skr|Stealth Rock|p2a: Heatran
|-sidestart|p2: 69trash69|move: Stealth Rock
|
|-heal|p2a: Heatran|27/100|[from] item: Leftovers
|-heal|p1a: skr|50/100|[from] item: Leftovers
|upkeep
|turn|15
|
|t:|1758339218
|move|p2a: Heatran|Earth Power|p1a: skr
|-supereffective|p1a: skr
|-damage|p1a: skr|8/100
|-unboost|p1a: skr|spd|1
|move|p1a: skr|Salt Cure|p2a: Heatran
|-damage|p2a: Heatran|12/100
|-start|p2a: Heatran|Salt Cure
|
|-heal|p2a: Heatran|18/100|[from] item: Leftovers
|-heal|p1a: skr|14/100|[from] item: Leftovers
|-damage|p2a: Heatran|0 fnt|[from] Salt Cure
|faint|p2a: Heatran
|upkeep
|
|t:|1758339224
|switch|p2a: Raging Bolt|Raging Bolt, tera:Fairy|30/100
|turn|16
|
|t:|1758339235
|move|p1a: skr|Protect|p1a: skr
|-singleturn|p1a: skr|Protect
|move|p2a: Raging Bolt|Thunderbolt|p1a: skr
|-activate|p1a: skr|move: Protect
|
|-heal|p1a: skr|21/100|[from] item: Leftovers
|upkeep
|turn|17
|c|☆69trash69|y
|c|☆Sandrof|leftovers
|c|☆69trash69|cabhgtn
|c|☆69trash69|for sure
|
|t:|1758339251
|move|p2a: Raging Bolt|Thunderbolt|p1a: skr
|-damage|p1a: skr|0 fnt
|faint|p1a: skr
|
|upkeep
|
|t:|1758339253
|switch|p1a: 3cW|Alomomola, F|100/100
|turn|18
|
|t:|1758339259
|move|p2a: Raging Bolt|Thunderbolt|p1a: 3cW
|-supereffective|p1a: 3cW
|-damage|p1a: 3cW|0 fnt
|faint|p1a: 3cW
|
|win|69trash69
|c|☆Sandrof|man that
|c|☆Sandrof|1 shots
|c|☆69trash69|feel like its a high roll
