|j|☆JaponaisAnglais
|j|☆Beejay242
|t:|1758289739
|gametype|singles
|player|p1|JaponaisAnglais|silver|1131
|player|p2|Beejay242|101|1150
|gen|9
|tier|[Gen 9] OU
|rated|
|rule|HP Percentage Mod: HP is shown in percentages
|rule|Endless Battle Clause: Forcing endless battles is banned
|rule|Species Clause: Limit one of each Pokémon
|rule|OHKO Clause: OHKO moves are banned
|rule|Evasion Items Clause: Evasion items are banned
|rule|Evasion Moves Clause: Evasion moves are banned
|rule|Evasion Abilities Clause: Evasion abilities are banned
|rule|Sleep Moves Clause: Sleep-inducing moves are banned
|clearpoke
|poke|p1|Dragonite, F|
|poke|p1|Kleavor, M|
|poke|p1|Moltres-Galar|
|poke|p1|Pecharunt|
|poke|p1|Hitmontop, M|
|poke|p1|Iron Crown|
|poke|p2|Darkrai|
|poke|p2|Dragapult, M|
|poke|p2|Glimmora, F|
|poke|p2|Tauros-Paldea-Blaze, M|
|poke|p2|Weezing-Galar, F|
|poke|p2|Samurott-Hisui, F|
|teampreview
|inactive|Battle timer is ON: inactive players will automatically lose when time's up. (requested by JaponaisAnglais)
|
|t:|1758289760
|teamsize|p1|6
|teamsize|p2|6
|start
|switch|p1a: Kleavor|Kleavor, M|100/100
|switch|p2a: Tauros|Tauros-Paldea-Blaze, M|100/100
|turn|1
|
|t:|1758289767
|move|p1a: Kleavor|Stone Axe|p2a: Tauros
|-damage|p2a: Tauros|27/100
|-sidestart|p2: Beejay242|move: Stealth Rock
|move|p2a: Tauros|Trailblaze|p1a: Kleavor
|-damage|p1a: Kleavor|84/100
|-boost|p2a: Tauros|spe|1
|
|upkeep
|turn|2
|
|t:|1758289777
|move|p2a: Tauros|Endure|p2a: Tauros
|-singleturn|p2a: Tauros|move: Endure
|move|p1a: Kleavor|Stone Axe|p2a: Tauros
|-activate|p2a: Tauros|move: Endure
|-damage|p2a: Tauros|1/100
|-enditem|p2a: Tauros|Liechi Berry|[eat]
|-boost|p2a: Tauros|atk|1|[from] item: Liechi Berry
|
|upkeep
|turn|3
|
|t:|1758289790
|switch|p1a: Pecharunt|Pecharunt|100/100
|move|p2a: Tauros|Reversal|p1a: Pecharunt
|-immune|p1a: Pecharunt
|
|-activate|p2a: Tauros|ability: Cud Chew
|-enditem|p2a: Tauros|Liechi Berry|[eat]
|-boost|p2a: Tauros|atk|1|[from] item: Liechi Berry
|upkeep
|turn|4
|
|t:|1758289816
|move|p2a: Tauros|Reversal|p1a: Pecharunt
|-immune|p1a: Pecharunt
|move|p1a: Pecharunt|Malignant Chain|p2a: Tauros
|-damage|p2a: Tauros|0 fnt
|faint|p2a: Tauros
|
|upkeep
|
|t:|1758289824
|switch|p2a: Darkrai|Darkrai|100/100
|-damage|p2a: Darkrai|88/100|[from] Stealth Rock
|turn|5
|
|t:|1758289834
|switch|p1a: Moltres|Moltres-Galar|100/100
|move|p2a: Darkrai|Nasty Plot|p2a: Darkrai
|-boost|p2a: Darkrai|spa|2
|
|upkeep
|turn|6
|
|t:|1758289846
|move|p2a: Darkrai|Ice Beam|p1a: Moltres
|-supereffective|p1a: Moltres
|-damage|p1a: Moltres|41/100
|-ability|p1a: Moltres|Berserk|boost
|-boost|p1a: Moltres|spa|1
|move|p1a: Moltres|Hurricane|p2a: Darkrai
|-damage|p2a: Darkrai|12/100
|
|upkeep
|turn|7
|
|t:|1758289856
|switch|p1a: Iron Crown|Iron Crown|100/100
|move|p2a: Darkrai|Ice Beam|p1a: Iron Crown
|-resisted|p1a: Iron Crown
|-damage|p1a: Iron Crown|73/100
|
|upkeep
|turn|8
|
|t:|1758289875
|move|p2a: Darkrai|Dark Pulse|p1a: Iron Crown
|-supereffective|p1a: Iron Crown
|-damage|p1a: Iron Crown|0 fnt
|faint|p1a: Iron Crown
|-end|p1a: Iron Crown|Quark Drive|[silent]
|
|upkeep
|inactive|JaponaisAnglais has 120 seconds left.
|
|t:|1758289911
|switch|p1a: Hitmontop|Hitmontop, M|100/100
|turn|9
|
|t:|1758289923
|move|p1a: Hitmontop|Bullet Punch|p2a: Darkrai
|-damage|p2a: Darkrai|0 fnt
|faint|p2a: Darkrai
|
|upkeep
|
|t:|1758289932
|switch|p2a: Weezing|Weezing-Galar, F|100/100
|-ability|p2a: Weezing|Neutralizing Gas
|-damage|p2a: Weezing|88/100|[from] Stealth Rock
|turn|10
|inactive|JaponaisAnglais has 120 seconds left.
|
|t:|1758289949
|-terastallize|p1a: Hitmontop|Steel
|move|p1a: Hitmontop|Bullet Punch|p2a: Weezing
|-supereffective|p2a: Weezing
|-damage|p2a: Weezing|58/100
|move|p2a: Weezing|Strange Steam|p1a: Hitmontop
|-resisted|p1a: Hitmontop
|-damage|p1a: Hitmontop|84/100
|
|upkeep
|turn|11
|
|t:|1758289956
|move|p1a: Hitmontop|Bullet Punch|p2a: Weezing
|-supereffective|p2a: Weezing
|-damage|p2a: Weezing|23/100
|move|p2a: Weezing|Will-O-Wisp|p1a: Hitmontop
|-status|p1a: Hitmontop|brn
|
|-damage|p1a: Hitmontop|77/100 brn|[from] brn
|upkeep
|turn|12
|inactive|JaponaisAnglais has 120 seconds left.
|
|t:|1758289966
|-end|p2a: Weezing|ability: Neutralizing Gas
|switch|p2a: Dragapult|Dragapult, M|100/100
|-damage|p2a: Dragapult|88/100|[from] Stealth Rock
|move|p1a: Hitmontop|Bullet Punch|p2a: Dragapult
|-damage|p2a: Dragapult|72/100
|
|-damage|p1a: Hitmontop|71/100 brn|[from] brn
|upkeep
|turn|13
|inactive|JaponaisAnglais has 120 seconds left.
|
|t:|1758289987
|switch|p1a: Kleavor|Kleavor, M|84/100
|move|p2a: Dragapult|Dragon Dance|p2a: Dragapult
|-boost|p2a: Dragapult|atk|1
|-boost|p2a: Dragapult|spe|1
|
|upkeep
|turn|14
|
|t:|1758290009
|move|p2a: Dragapult|Dragon Darts|p1a: Kleavor
|-damage|p1a: Kleavor|36/100
|-anim|p2a: Dragapult|Dragon Darts|p1a: Kleavor
|-damage|p1a: Kleavor|0 fnt
|faint|p1a: Kleavor
|
|upkeep
|
|t:|1758290021
|switch|p1a: Moltres|Moltres-Galar|41/100
|turn|15
|
|t:|1758290025
|move|p2a: Dragapult|Dragon Darts|p1a: Moltres
|-damage|p1a: Moltres|0 fnt
|faint|p1a: Moltres
|
|upkeep
|
|t:|1758290028
|switch|p1a: Pecharunt|Pecharunt|100/100
|turn|16
|inactive|Beejay242 has 120 seconds left.
|
|t:|1758290058
|-terastallize|p2a: Dragapult|Dragon
|move|p2a: Dragapult|Dragon Darts|p1a: Pecharunt
|-damage|p1a: Pecharunt|74/100
|-anim|p2a: Dragapult|Dragon Darts|p1a: Pecharunt
|-damage|p1a: Pecharunt|47/100
|move|p1a: Pecharunt|Malignant Chain|p2a: Dragapult
|-damage|p2a: Dragapult|30/100
|
|-heal|p1a: Pecharunt|53/100|[from] item: Leftovers
|upkeep
|turn|17
|
|t:|1758290075
|move|p2a: Dragapult|Phantom Force||[still]
|-prepare|p2a: Dragapult|Phantom Force
|move|p1a: Pecharunt|Recover|p1a: Pecharunt
|-heal|p1a: Pecharunt|100/100
|
|upkeep
|turn|18
|
|t:|1758290088
|move|p2a: Dragapult|Phantom Force|p1a: Pecharunt|[from] lockedmove
|-supereffective|p1a: Pecharunt
|-damage|p1a: Pecharunt|43/100
|move|p1a: Pecharunt|Malignant Chain|p2a: Dragapult
|-damage|p2a: Dragapult|0 fnt
|faint|p2a: Dragapult
|
|-heal|p1a: Pecharunt|49/100|[from] item: Leftovers
|upkeep
|
|t:|1758290103
|switch|p2a: Glimmora|Glimmora, F|100/100
|-damage|p2a: Glimmora|88/100|[from] Stealth Rock
|turn|19
|
|t:|1758290111
|move|p2a: Glimmora|Mortal Spin|p1a: Pecharunt
|-resisted|p1a: Pecharunt
|-damage|p1a: Pecharunt|49/100
|-sideend|p2: Beejay242|Stealth Rock|[from] move: Mortal Spin|[of] p2a: Glimmora
|move|p1a: Pecharunt|Recover|p1a: Pecharunt
|-heal|p1a: Pecharunt|99/100
|
|-heal|p1a: Pecharunt|100/100|[from] item: Leftovers
|upkeep
|turn|20
|
|t:|1758290120
|move|p2a: Glimmora|Meteor Beam||[still]
|-prepare|p2a: Glimmora|Meteor Beam
|-boost|p2a: Glimmora|spa|1
|-enditem|p2a: Glimmora|Power Herb
|-anim|p2a: Glimmora|Meteor Beam|p1a: Pecharunt
|-damage|p1a: Pecharunt|25/100
|move|p1a: Pecharunt|Shadow Ball|p2a: Glimmora
|-damage|p2a: Glimmora|62/100
|
|-heal|p1a: Pecharunt|31/100|[from] item: Leftovers
|upkeep
|turn|21
|
|t:|1758290141
|move|p2a: Glimmora|Meteor Beam||[still]
|-prepare|p2a: Glimmora|Meteor Beam
|-boost|p2a: Glimmora|spa|1
|move|p1a: Pecharunt|Recover|p1a: Pecharunt
|-heal|p1a: Pecharunt|81/100
|
|-heal|p1a: Pecharunt|87/100|[from] item: Leftovers
|upkeep
|turn|22
|
|t:|1758290147
|move|p2a: Glimmora|Meteor Beam|p1a: Pecharunt|[from] lockedmove
|-damage|p1a: Pecharunt|0 fnt
|faint|p1a: Pecharunt
|
|upkeep
|
|t:|1758290156
|switch|p1a: Dragonite|Dragonite, F|100/100
|turn|23
|
|t:|1758290162
|move|p2a: Glimmora|Mortal Spin|p1a: Dragonite
|-damage|p1a: Dragonite|97/100
|-status|p1a: Dragonite|psn
|move|p1a: Dragonite|Earthquake|p2a: Glimmora
|-supereffective|p2a: Glimmora
|-damage|p2a: Glimmora|0 fnt
|-activate|p2a: Glimmora|ability: Toxic Debris
|-sidestart|p1: JaponaisAnglais|move: Toxic Spikes
|faint|p2a: Glimmora
|
|-damage|p1a: Dragonite|84/100 psn|[from] psn
|upkeep
|
|t:|1758290182
|switch|p2a: Weezing|Weezing-Galar, F|23/100
|-ability|p2a: Weezing|Neutralizing Gas
|turn|24
|
|t:|1758290193
|move|p1a: Dragonite|Extreme Speed|p2a: Weezing
|-damage|p2a: Weezing|0 fnt
|faint|p2a: Weezing
|-end|p2a: Weezing|ability: Neutralizing Gas
|
|-damage|p1a: Dragonite|72/100 psn|[from] psn
|upkeep
|inactive|Beejay242 has 120 seconds left.
|inactive|Beejay242 has 90 seconds left.
|inactive|Beejay242 has 60 seconds left.
|
|t:|1758290299
|switch|p2a: Samurott|Samurott-Hisui, F|100/100
|turn|25
|
|t:|1758290306
|move|p1a: Dragonite|Extreme Speed|p2a: Samurott
|-damage|p2a: Samurott|61/100
|move|p2a: Samurott|Ceaseless Edge|p1a: Dragonite
|-damage|p1a: Dragonite|18/100 psn
|-sidestart|p1: JaponaisAnglais|Spikes
|
|-damage|p1a: Dragonite|5/100 psn|[from] psn
|upkeep
|turn|26
|inactive|Beejay242 has 30 seconds left.
|
|t:|1758290338
|move|p1a: Dragonite|Extreme Speed|p2a: Samurott
|-damage|p2a: Samurott|20/100
|move|p2a: Samurott|Ceaseless Edge|p1a: Dragonite
|-damage|p1a: Dragonite|0 fnt
|-sidestart|p1: JaponaisAnglais|Spikes
|faint|p1a: Dragonite
|
|upkeep
|
|t:|1758290344
|switch|p1a: Hitmontop|Hitmontop, M, tera:Steel|71/100 brn
|turn|27
|inactive|Beejay242 has 30 seconds left.
|inactive|Beejay242 has 20 seconds left.
|inactive|Beejay242 has 15 seconds left.
|inactive|Beejay242 has 10 seconds left.
|inactive|Beejay242 has 5 seconds left.
|
|t:|1758290386
|move|p1a: Hitmontop|Fake Out|p2a: Samurott
|-damage|p2a: Samurott|9/100
|cant|p2a: Samurott|flinch
|
|-damage|p1a: Hitmontop|65/100 brn|[from] brn
|upkeep
|turn|28
|inactive|Beejay242 has 15 seconds left this turn.
|
|t:|1758290393
|move|p1a: Hitmontop|Mach Punch|p2a: Samurott
|-supereffective|p2a: Samurott
|-damage|p2a: Samurott|0 fnt
|faint|p2a: Samurott
|
|win|JaponaisAnglais
|raw|JaponaisAnglais's rating: 1131 &rarr; <strong>1157</strong><br />(+26 for winning)
|raw|Beejay242's rating: 1150 &rarr; <strong>1124</strong><br />(-26 for losing)
|l|☆JaponaisAnglais
|player|p1|
|l|☆Beejay242
|player|p2|
