|j|☆Titanosaurus
|j|☆poussinot
|t:|1758367247
|gametype|singles
|player|p1|Titanosaurus|byron|1326
|player|p2|poussinot|n|1265
|gen|9
|tier|[Gen 9] OU
|rated|
|rule|HP Percentage Mod: HP is shown in percentages
|rule|Endless Battle Clause: Forcing endless battles is banned
|rule|Species Clause: Limit one of each Pokémon
|rule|OHKO Clause: OHKO moves are banned
|rule|Evasion Items Clause: Evasion items are banned
|rule|Evasion Moves Clause: Evasion moves are banned
|rule|Evasion Abilities Clause: Evasion abilities are banned
|rule|Sleep Moves Clause: Sleep-inducing moves are banned
|clearpoke
|poke|p1|Torkoal, M|
|poke|p1|Cinderace, M|
|poke|p1|Scovillain, F|
|poke|p1|Scream Tail|
|poke|p1|Great Tusk|
|poke|p1|Rhydon, F|
|poke|p2|Dragonite, F|
|poke|p2|Zamazenta-*|
|poke|p2|Landorus-Therian, M|
|poke|p2|Gholdengo|
|poke|p2|Darkrai|
|poke|p2|Hatterene, F|
|teampreview
|
|t:|1758367253
|teamsize|p1|6
|teamsize|p2|6
|start
|switch|p1a: Torkoal|Torkoal, M|100/100
|switch|p2a: Landorus|Landorus-Therian, M|100/100
|-ability|p2a: Landorus|Intimidate|boost
|-unboost|p1a: Torkoal|atk|1
|-weather|SunnyDay|[from] ability: Drought|[of] p1a: Torkoal
|turn|1
|inactive|Battle timer is ON: inactive players will automatically lose when time's up. (requested by Titanosaurus)
|
|t:|1758367265
|switch|p1a: Scovillain|Scovillain, F|100/100
|move|p2a: Landorus|Stealth Rock|p1a: Scovillain
|-sidestart|p1: Titanosaurus|move: Stealth Rock
|
|-weather|SunnyDay|[upkeep]
|upkeep
|turn|2
|
|t:|1758367280
|switch|p2a: Dragonite|Dragonite, F|100/100
|move|p1a: Scovillain|Flamethrower|p2a: Dragonite
|-resisted|p2a: Dragonite
|-damage|p2a: Dragonite|76/100
|
|-weather|SunnyDay|[upkeep]
|upkeep
|turn|3
|
|t:|1758367292
|switch|p1a: Rhydon|Rhydon, F|100/100
|-damage|p1a: Rhydon|94/100|[from] Stealth Rock
|-terastallize|p2a: Dragonite|Flying
|move|p2a: Dragonite|Tera Blast|p1a: Rhydon|[anim] Tera Blast Flying
|-resisted|p1a: Rhydon
|-crit|p1a: Rhydon
|-damage|p1a: Rhydon|72/100
|
|-weather|SunnyDay|[upkeep]
|upkeep
|turn|4
|
|t:|1758367309
|switch|p2a: Darkrai|Darkrai|100/100
|-terastallize|p1a: Rhydon|Normal
|move|p1a: Rhydon|Double-Edge|p2a: Darkrai
|-damage|p2a: Darkrai|4/100
|-damage|p1a: Rhydon|43/100|[from] Recoil
|
|-weather|SunnyDay|[upkeep]
|upkeep
|turn|5
|
|t:|1758367323
|switch|p1a: Scream Tail|Scream Tail|100/100
|-damage|p1a: Scream Tail|88/100|[from] Stealth Rock
|-activate|p1a: Scream Tail|ability: Protosynthesis
|-start|p1a: Scream Tail|protosynthesisspd
|move|p2a: Darkrai|Dark Pulse|p1a: Scream Tail
|-damage|p1a: Scream Tail|72/100
|
|-weather|SunnyDay|[upkeep]
|upkeep
|turn|6
|
|t:|1758367334
|move|p2a: Darkrai|Will-O-Wisp|p1a: Scream Tail|[miss]
|-miss|p2a: Darkrai|p1a: Scream Tail
|move|p1a: Scream Tail|Wish|p1a: Scream Tail
|
|-weather|SunnyDay|[upkeep]
|upkeep
|turn|7
|
|t:|1758367341
|-end|p1a: Scream Tail|Protosynthesis|[silent]
|switch|p1a: Scovillain|Scovillain, F|100/100
|-damage|p1a: Scovillain|75/100|[from] Stealth Rock
|move|p2a: Darkrai|Will-O-Wisp|p1a: Scovillain
|-immune|p1a: Scovillain
|
|-weather|SunnyDay|[upkeep]
|-heal|p1a: Scovillain|100/100|[from] move: Wish|[wisher] Scream Tail
|upkeep
|turn|8
|
|t:|1758367347
|switch|p2a: Dragonite|Dragonite, F, tera:Flying|76/100
|move|p1a: Scovillain|Flamethrower|p2a: Dragonite
|-damage|p2a: Dragonite|0 fnt
|faint|p2a: Dragonite
|
|-weather|none
|upkeep
|
|t:|1758367355
|switch|p2a: Gholdengo|Gholdengo|100/100
|-item|p2a: Gholdengo|Air Balloon
|turn|9
|
|t:|1758367359
|switch|p2a: Hatterene|Hatterene, F|100/100
|move|p1a: Scovillain|Flamethrower|p2a: Hatterene
|-damage|p2a: Hatterene|56/100
|-status|p2a: Hatterene|brn
|
|-damage|p2a: Hatterene|50/100 brn|[from] brn
|upkeep
|turn|10
|
|t:|1758367367
|switch|p1a: Scream Tail|Scream Tail|72/100
|-damage|p1a: Scream Tail|60/100|[from] Stealth Rock
|move|p2a: Hatterene|Psyshock|p1a: Scream Tail
|-resisted|p1a: Scream Tail
|-damage|p1a: Scream Tail|42/100
|
|-damage|p2a: Hatterene|44/100 brn|[from] brn
|upkeep
|turn|11
|
|t:|1758367373
|move|p1a: Scream Tail|Sunny Day|p1a: Scream Tail
|-weather|SunnyDay
|-activate|p1a: Scream Tail|ability: Protosynthesis
|-start|p1a: Scream Tail|protosynthesisspd
|move|p2a: Hatterene|Draining Kiss|p1a: Scream Tail
|-damage|p1a: Scream Tail|31/100
|-heal|p2a: Hatterene|55/100 brn|[from] drain|[of] p1a: Scream Tail
|
|-weather|SunnyDay|[upkeep]
|-damage|p2a: Hatterene|49/100 brn|[from] brn
|upkeep
|turn|12
|
|t:|1758367376
|move|p1a: Scream Tail|Wish|p1a: Scream Tail
|move|p2a: Hatterene|Draining Kiss|p1a: Scream Tail
|-damage|p1a: Scream Tail|21/100
|-heal|p2a: Hatterene|59/100 brn|[from] drain|[of] p1a: Scream Tail
|
|-weather|SunnyDay|[upkeep]
|-damage|p2a: Hatterene|53/100 brn|[from] brn
|upkeep
|turn|13
|
|t:|1758367380
|move|p1a: Scream Tail|Protect|p1a: Scream Tail
|-singleturn|p1a: Scream Tail|Protect
|move|p2a: Hatterene|Mystical Fire|p1a: Scream Tail
|-activate|p1a: Scream Tail|move: Protect
|
|-weather|SunnyDay|[upkeep]
|-heal|p1a: Scream Tail|71/100|[from] move: Wish|[wisher] Scream Tail
|-damage|p2a: Hatterene|47/100 brn|[from] brn
|upkeep
|turn|14
|
|t:|1758367385
|move|p1a: Scream Tail|Wish|p1a: Scream Tail
|move|p2a: Hatterene|Draining Kiss|p1a: Scream Tail
|-crit|p1a: Scream Tail
|-damage|p1a: Scream Tail|54/100
|-heal|p2a: Hatterene|65/100 brn|[from] drain|[of] p1a: Scream Tail
|
|-weather|SunnyDay|[upkeep]
|-damage|p2a: Hatterene|59/100 brn|[from] brn
|upkeep
|turn|15
|
|t:|1758367393
|-end|p1a: Scream Tail|Protosynthesis|[silent]
|switch|p1a: Scovillain|Scovillain, F|100/100
|-damage|p1a: Scovillain|75/100|[from] Stealth Rock
|move|p2a: Hatterene|Draining Kiss|p1a: Scovillain
|-resisted|p1a: Scovillain
|-damage|p1a: Scovillain|52/100
|-heal|p2a: Hatterene|74/100 brn|[from] drain|[of] p1a: Scovillain
|
|-weather|SunnyDay|[upkeep]
|-heal|p1a: Scovillain|100/100|[from] move: Wish|[wisher] Scream Tail
|-damage|p2a: Hatterene|68/100 brn|[from] brn
|upkeep
|turn|16
|
|t:|1758367399
|move|p1a: Scovillain|Flamethrower|p2a: Hatterene
|-damage|p2a: Hatterene|3/100 brn
|move|p2a: Hatterene|Draining Kiss|p1a: Scovillain
|-resisted|p1a: Scovillain
|-damage|p1a: Scovillain|78/100
|-heal|p2a: Hatterene|17/100 brn|[from] drain|[of] p1a: Scovillain
|
|-weather|SunnyDay|[upkeep]
|-damage|p2a: Hatterene|11/100 brn|[from] brn
|upkeep
|turn|17
|
|t:|1758367403
|move|p1a: Scovillain|Flamethrower|p2a: Hatterene
|-damage|p2a: Hatterene|0 fnt
|faint|p2a: Hatterene
|
|-weather|SunnyDay|[upkeep]
|upkeep
|
|t:|1758367414
|switch|p2a: Darkrai|Darkrai|4/100
|turn|18
|
|t:|1758367416
|move|p1a: Scovillain|Flamethrower|p2a: Darkrai
|-damage|p2a: Darkrai|0 fnt
|faint|p2a: Darkrai
|
|-weather|none
|upkeep
|
|t:|1758367419
|switch|p2a: Landorus|Landorus-Therian, M|100/100
|-ability|p2a: Landorus|Intimidate|boost
|-unboost|p1a: Scovillain|atk|1
|turn|19
|
|t:|1758367424
|switch|p1a: Rhydon|Rhydon, F, tera:Normal|43/100
|-damage|p1a: Rhydon|30/100|[from] Stealth Rock
|move|p2a: Landorus|Earthquake|p1a: Rhydon
|-damage|p1a: Rhydon|3/100
|
|upkeep
|turn|20
|
|t:|1758367428
|move|p2a: Landorus|U-turn|p1a: Rhydon
|-damage|p1a: Rhydon|0 fnt
|faint|p1a: Rhydon
|
|t:|1758367432
|switch|p2a: Zamazenta|Zamazenta|100/100|[from] U-turn
|-ability|p2a: Zamazenta|Dauntless Shield|boost
|-boost|p2a: Zamazenta|def|1
|
|upkeep
|
|t:|1758367435
|switch|p1a: Torkoal|Torkoal, M|100/100
|-damage|p1a: Torkoal|75/100|[from] Stealth Rock
|-weather|SunnyDay|[from] ability: Drought|[of] p1a: Torkoal
|turn|21
|
|t:|1758367443
|move|p2a: Zamazenta|Body Press|p1a: Torkoal
|-damage|p1a: Torkoal|45/100
|move|p1a: Torkoal|Rapid Spin|p2a: Zamazenta
|-damage|p2a: Zamazenta|95/100
|-boost|p1a: Torkoal|spe|1
|-sideend|p1: Titanosaurus|Stealth Rock|[from] move: Rapid Spin|[of] p1a: Torkoal
|
|-weather|SunnyDay|[upkeep]
|-heal|p2a: Zamazenta|100/100|[from] item: Leftovers
|upkeep
|turn|22
|
|t:|1758367451
|switch|p1a: Great Tusk|Great Tusk|100/100
|-activate|p1a: Great Tusk|ability: Protosynthesis
|-start|p1a: Great Tusk|protosynthesisatk
|move|p2a: Zamazenta|Body Press|p1a: Great Tusk
|-damage|p1a: Great Tusk|63/100
|
|-weather|SunnyDay|[upkeep]
|upkeep
|turn|23
|
|t:|1758367455
|move|p2a: Zamazenta|Body Press|p1a: Great Tusk
|-damage|p1a: Great Tusk|27/100
|move|p1a: Great Tusk|Play Rough|p2a: Zamazenta
|-supereffective|p2a: Zamazenta
|-damage|p2a: Zamazenta|56/100
|
|-weather|SunnyDay|[upkeep]
|-heal|p2a: Zamazenta|62/100|[from] item: Leftovers
|upkeep
|turn|24
|
|t:|1758367458
|move|p2a: Zamazenta|Body Press|p1a: Great Tusk
|-damage|p1a: Great Tusk|0 fnt
|faint|p1a: Great Tusk
|-end|p1a: Great Tusk|Protosynthesis|[silent]
|
|-weather|SunnyDay|[upkeep]
|-heal|p2a: Zamazenta|69/100|[from] item: Leftovers
|upkeep
|
|t:|1758367460
|switch|p1a: Scovillain|Scovillain, F|78/100
|turn|25
|
|t:|1758367464
|move|p1a: Scovillain|Solar Beam||[still]
|-prepare|p1a: Scovillain|Solar Beam
|-anim|p1a: Scovillain|Solar Beam|p2a: Zamazenta
|-damage|p2a: Zamazenta|0 fnt
|faint|p2a: Zamazenta
|
|-weather|SunnyDay|[upkeep]
|upkeep
|
|t:|1758367473
|switch|p2a: Landorus|Landorus-Therian, M|100/100
|-ability|p2a: Landorus|Intimidate|boost
|-unboost|p1a: Scovillain|atk|1
|turn|26
|
|t:|1758367476
|move|p1a: Scovillain|Solar Beam||[still]
|-prepare|p1a: Scovillain|Solar Beam
|-anim|p1a: Scovillain|Solar Beam|p2a: Landorus
|-damage|p2a: Landorus|12/100
|move|p2a: Landorus|Earthquake|p1a: Scovillain
|-crit|p1a: Scovillain
|-damage|p1a: Scovillain|0 fnt
|faint|p1a: Scovillain
|
|-weather|SunnyDay|[upkeep]
|upkeep
|
|t:|1758367483
|switch|p1a: Cinderace|Cinderace, M|100/100
|turn|27
|
|t:|1758367489
|move|p1a: Cinderace|Sucker Punch|p2a: Landorus
|-start|p1a: Cinderace|typechange|Dark|[from] ability: Libero
|-damage|p2a: Landorus|0 fnt
|-damage|p1a: Cinderace|84/100|[from] item: Rocky Helmet|[of] p2a: Landorus
|faint|p2a: Landorus
|
|-weather|SunnyDay|[upkeep]
|upkeep
|
|t:|1758367493
|switch|p2a: Gholdengo|Gholdengo|100/100
|-item|p2a: Gholdengo|Air Balloon
|turn|28
|
|t:|1758367495
|move|p1a: Cinderace|Pyro Ball|p2a: Gholdengo
|-supereffective|p2a: Gholdengo
|-damage|p2a: Gholdengo|0 fnt
|-enditem|p2a: Gholdengo|Air Balloon
|faint|p2a: Gholdengo
|
|win|Titanosaurus
|raw|Titanosaurus's rating: 1326 &rarr; <strong>1343</strong><br />(+17 for winning)
|raw|poussinot's rating: 1265 &rarr; <strong>1244</strong><br />(-21 for losing)
|l|☆poussinot
|player|p2|
|l|☆Titanosaurus
|player|p1|
