|j|☆famus123
|j|☆catcat77
|t:|1758342903
|gametype|singles
|player|p1|famus123|265|1479
|player|p2|catcat77|caitlin|1508
|gen|9
|tier|[Gen 9] OU
|rated|
|rule|HP Percentage Mod: HP is shown in percentages
|rule|Endless Battle Clause: Forcing endless battles is banned
|rule|Species Clause: Limit one of each Pokémon
|rule|OHKO Clause: OHKO moves are banned
|rule|Evasion Items Clause: Evasion items are banned
|rule|Evasion Moves Clause: Evasion moves are banned
|rule|Evasion Abilities Clause: Evasion abilities are banned
|rule|Sleep Moves Clause: Sleep-inducing moves are banned
|clearpoke
|poke|p1|Iron Valiant|
|poke|p1|Dragonite, M|
|poke|p1|Great Tusk|
|poke|p1|Iron Crown|
|poke|p1|Samurott-Hisui, M|
|poke|p1|Zapdos|
|poke|p2|Ogerpon-Wellspring, F|
|poke|p2|Kingambit, F|
|poke|p2|Great Tusk|
|poke|p2|Raging Bolt|
|poke|p2|Iron Crown|
|poke|p2|Zamazenta-*|
|teampreview
|inactive|Battle timer is ON: inactive players will automatically lose when time's up. (requested by famus123)
|
|t:|1758342916
|teamsize|p1|6
|teamsize|p2|6
|start
|switch|p1a: Iron Crown|Iron Crown|100/100
|switch|p2a: Ogerpon|Ogerpon-Wellspring, F|100/100
|turn|1
|
|t:|1758342926
|move|p2a: Ogerpon|Ivy Cudgel|p1a: Iron Crown|[anim] Ivy Cudgel Water
|-crit|p1a: Iron Crown
|-damage|p1a: Iron Crown|3/100
|move|p1a: Iron Crown|Volt Switch|p2a: Ogerpon
|-damage|p2a: Ogerpon|56/100
|inactive|famus123 has 120 seconds left.
|
|t:|1758342953
|-end|p1a: Iron Crown|Quark Drive|[silent]
|switch|p1a: Zapdos|Zapdos|100/100|[from] Volt Switch
|
|upkeep
|turn|2
|
|t:|1758342960
|switch|p2a: Raging Bolt|Raging Bolt|100/100
|move|p1a: Zapdos|Volt Switch|p2a: Raging Bolt
|-resisted|p2a: Raging Bolt
|-damage|p2a: Raging Bolt|94/100
|
|t:|1758342966
|switch|p1a: Great Tusk|Great Tusk|100/100|[from] Volt Switch
|
|-heal|p2a: Raging Bolt|99/100|[from] item: Leftovers
|upkeep
|turn|3
|
|t:|1758342969
|move|p1a: Great Tusk|Stealth Rock|p2a: Raging Bolt
|-sidestart|p2: catcat77|move: Stealth Rock
|move|p2a: Raging Bolt|Draco Meteor|p1a: Great Tusk
|-damage|p1a: Great Tusk|6/100
|-unboost|p2a: Raging Bolt|spa|2
|
|-heal|p2a: Raging Bolt|100/100|[from] item: Leftovers
|upkeep
|turn|4
|
|t:|1758342976
|-end|p1a: Great Tusk|Protosynthesis|[silent]
|switch|p1a: Zapdos|Zapdos|100/100
|-end|p2a: Raging Bolt|Protosynthesis|[silent]
|switch|p2a: Great Tusk|Great Tusk|100/100
|-damage|p2a: Great Tusk|97/100|[from] Stealth Rock
|
|upkeep
|turn|5
|
|t:|1758342982
|-end|p2a: Great Tusk|Protosynthesis|[silent]
|switch|p2a: Raging Bolt|Raging Bolt|100/100
|-damage|p2a: Raging Bolt|88/100|[from] Stealth Rock
|move|p1a: Zapdos|Hurricane|p2a: Raging Bolt
|-resisted|p2a: Raging Bolt
|-damage|p2a: Raging Bolt|69/100
|
|-heal|p2a: Raging Bolt|75/100|[from] item: Leftovers
|upkeep
|turn|6
|
|t:|1758342991
|switch|p1a: Great Tusk|Great Tusk|6/100
|move|p2a: Raging Bolt|Draco Meteor|p1a: Great Tusk
|-damage|p1a: Great Tusk|0 fnt
|-unboost|p2a: Raging Bolt|spa|2
|faint|p1a: Great Tusk
|-end|p1a: Great Tusk|Protosynthesis|[silent]
|
|-heal|p2a: Raging Bolt|81/100|[from] item: Leftovers
|upkeep
|
|t:|1758342996
|switch|p1a: Iron Valiant|Iron Valiant|100/100
|-enditem|p1a: Iron Valiant|Booster Energy
|-activate|p1a: Iron Valiant|ability: Quark Drive|[fromitem]
|-start|p1a: Iron Valiant|quarkdrivespe
|turn|7
|
|t:|1758343015
|-end|p2a: Raging Bolt|Protosynthesis|[silent]
|switch|p2a: Iron Crown|Iron Crown|100/100
|-damage|p2a: Iron Crown|94/100|[from] Stealth Rock
|move|p1a: Iron Valiant|Calm Mind|p1a: Iron Valiant
|-boost|p1a: Iron Valiant|spa|1
|-boost|p1a: Iron Valiant|spd|1
|
|upkeep
|turn|8
|
|t:|1758343030
|-terastallize|p1a: Iron Valiant|Ghost
|move|p1a: Iron Valiant|Calm Mind|p1a: Iron Valiant
|-boost|p1a: Iron Valiant|spa|1
|-boost|p1a: Iron Valiant|spd|1
|move|p2a: Iron Crown|Tachyon Cutter|p1a: Iron Valiant
|-damage|p1a: Iron Valiant|61/100
|-damage|p1a: Iron Valiant|27/100
|-hitcount|p1a: Iron Valiant|2
|
|upkeep
|turn|9
|
|t:|1758343036
|move|p1a: Iron Valiant|Shadow Ball|p2a: Iron Crown
|-supereffective|p2a: Iron Crown
|-damage|p2a: Iron Crown|0 fnt
|faint|p2a: Iron Crown
|-end|p2a: Iron Crown|Quark Drive|[silent]
|
|upkeep
|
|t:|1758343039
|switch|p2a: Kingambit|Kingambit, F|100/100
|-damage|p2a: Kingambit|94/100|[from] Stealth Rock
|turn|10
|
|t:|1758343042
|move|p2a: Kingambit|Sucker Punch||[still]
|-fail|p2a: Kingambit
|move|p1a: Iron Valiant|Calm Mind|p1a: Iron Valiant
|-boost|p1a: Iron Valiant|spa|1
|-boost|p1a: Iron Valiant|spd|1
|
|upkeep
|turn|11
|
|t:|1758343044
|move|p2a: Kingambit|Sucker Punch||[still]
|-fail|p2a: Kingambit
|move|p1a: Iron Valiant|Encore|p2a: Kingambit
|-start|p2a: Kingambit|Encore
|
|upkeep
|turn|12
|
|t:|1758343046
|move|p2a: Kingambit|Sucker Punch||[still]
|-fail|p2a: Kingambit
|move|p1a: Iron Valiant|Calm Mind|p1a: Iron Valiant
|-boost|p1a: Iron Valiant|spa|1
|-boost|p1a: Iron Valiant|spd|1
|
|upkeep
|turn|13
|
|t:|1758343047
|move|p2a: Kingambit|Sucker Punch||[still]
|-fail|p2a: Kingambit
|move|p1a: Iron Valiant|Calm Mind|p1a: Iron Valiant
|-boost|p1a: Iron Valiant|spa|1
|-boost|p1a: Iron Valiant|spd|1
|
|upkeep
|turn|14
|
|t:|1758343049
|move|p2a: Kingambit|Sucker Punch||[still]
|-fail|p2a: Kingambit
|move|p1a: Iron Valiant|Calm Mind|p1a: Iron Valiant
|-boost|p1a: Iron Valiant|spa|1
|-boost|p1a: Iron Valiant|spd|1
|
|-end|p2a: Kingambit|Encore
|upkeep
|turn|15
|
|t:|1758343053
|move|p2a: Kingambit|Sucker Punch||[still]
|-fail|p2a: Kingambit
|move|p1a: Iron Valiant|Encore|p2a: Kingambit
|-start|p2a: Kingambit|Encore
|
|upkeep
|turn|16
|
|t:|1758343055
|move|p2a: Kingambit|Sucker Punch||[still]
|-fail|p2a: Kingambit
|move|p1a: Iron Valiant|Calm Mind|p1a: Iron Valiant
|-boost|p1a: Iron Valiant|spa|0
|-boost|p1a: Iron Valiant|spd|0
|
|upkeep
|turn|17
|
|t:|1758343060
|switch|p2a: Raging Bolt|Raging Bolt|81/100
|-damage|p2a: Raging Bolt|69/100|[from] Stealth Rock
|move|p1a: Iron Valiant|Calm Mind|p1a: Iron Valiant
|-boost|p1a: Iron Valiant|spa|0
|-boost|p1a: Iron Valiant|spd|0
|
|-heal|p2a: Raging Bolt|75/100|[from] item: Leftovers
|upkeep
|turn|18
|
|t:|1758343065
|move|p2a: Raging Bolt|Thunderclap||[still]
|-fail|p2a: Raging Bolt
|move|p1a: Iron Valiant|Calm Mind|p1a: Iron Valiant
|-boost|p1a: Iron Valiant|spa|0
|-boost|p1a: Iron Valiant|spd|0
|
|-heal|p2a: Raging Bolt|81/100|[from] item: Leftovers
|upkeep
|turn|19
|
|t:|1758343072
|move|p2a: Raging Bolt|Thunderclap||[still]
|-fail|p2a: Raging Bolt
|move|p1a: Iron Valiant|Encore|p2a: Raging Bolt
|-start|p2a: Raging Bolt|Encore
|
|-heal|p2a: Raging Bolt|88/100|[from] item: Leftovers
|upkeep
|turn|20
|
|t:|1758343075
|move|p2a: Raging Bolt|Thunderclap||[still]
|-fail|p2a: Raging Bolt
|move|p1a: Iron Valiant|Calm Mind|p1a: Iron Valiant
|-boost|p1a: Iron Valiant|spa|0
|-boost|p1a: Iron Valiant|spd|0
|
|-heal|p2a: Raging Bolt|94/100|[from] item: Leftovers
|upkeep
|turn|21
|
|t:|1758343080
|move|p2a: Raging Bolt|Thunderclap||[still]
|-fail|p2a: Raging Bolt
|move|p1a: Iron Valiant|Calm Mind|p1a: Iron Valiant
|-boost|p1a: Iron Valiant|spa|0
|-boost|p1a: Iron Valiant|spd|0
|
|-heal|p2a: Raging Bolt|99/100|[from] item: Leftovers
|upkeep
|turn|22
|
|t:|1758343083
|move|p2a: Raging Bolt|Thunderclap||[still]
|-fail|p2a: Raging Bolt
|move|p1a: Iron Valiant|Calm Mind|p1a: Iron Valiant
|-boost|p1a: Iron Valiant|spa|0
|-boost|p1a: Iron Valiant|spd|0
|
|-heal|p2a: Raging Bolt|100/100|[from] item: Leftovers
|-end|p2a: Raging Bolt|Encore
|upkeep
|turn|23
|
|t:|1758343085
|move|p2a: Raging Bolt|Thunderclap||[still]
|-fail|p2a: Raging Bolt
|move|p1a: Iron Valiant|Encore|p2a: Raging Bolt
|-start|p2a: Raging Bolt|Encore
|
|upkeep
|turn|24
|
|t:|1758343086
|move|p2a: Raging Bolt|Thunderclap||[still]
|-fail|p2a: Raging Bolt
|move|p1a: Iron Valiant|Calm Mind|p1a: Iron Valiant
|-boost|p1a: Iron Valiant|spa|0
|-boost|p1a: Iron Valiant|spd|0
|
|upkeep
|turn|25
|
|t:|1758343089
|move|p2a: Raging Bolt|Thunderclap||[still]
|-fail|p2a: Raging Bolt
|move|p1a: Iron Valiant|Calm Mind|p1a: Iron Valiant
|-boost|p1a: Iron Valiant|spa|0
|-boost|p1a: Iron Valiant|spd|0
|
|-end|p2a: Raging Bolt|Encore
|upkeep
|turn|26
|
|t:|1758343092
|move|p1a: Iron Valiant|Moonblast|p2a: Raging Bolt
|-supereffective|p2a: Raging Bolt
|-damage|p2a: Raging Bolt|0 fnt
|faint|p2a: Raging Bolt
|-end|p2a: Raging Bolt|Protosynthesis|[silent]
|
|upkeep
|
|t:|1758343096
|switch|p2a: Kingambit|Kingambit, F|94/100
|-damage|p2a: Kingambit|88/100|[from] Stealth Rock
|turn|27
|
|t:|1758343099
|move|p1a: Iron Valiant|Moonblast|p2a: Kingambit
|-damage|p2a: Kingambit|0 fnt
|faint|p2a: Kingambit
|
|upkeep
|
|t:|1758343105
|switch|p2a: Zamazenta|Zamazenta|100/100
|-damage|p2a: Zamazenta|94/100|[from] Stealth Rock
|-ability|p2a: Zamazenta|Dauntless Shield|boost
|-boost|p2a: Zamazenta|def|1
|turn|28
|
|t:|1758343113
|move|p1a: Iron Valiant|Shadow Ball|p2a: Zamazenta
|-damage|p2a: Zamazenta|0 fnt
|faint|p2a: Zamazenta
|
|upkeep
|c|☆famus123|gg
|
|t:|1758343118
|switch|p2a: Great Tusk|Great Tusk|97/100
|-damage|p2a: Great Tusk|94/100|[from] Stealth Rock
|turn|29
|
|t:|1758343120
|move|p1a: Iron Valiant|Moonblast|p2a: Great Tusk
|-supereffective|p2a: Great Tusk
|-damage|p2a: Great Tusk|0 fnt
|faint|p2a: Great Tusk
|-end|p2a: Great Tusk|Protosynthesis|[silent]
|
|upkeep
|
|t:|1758343121
|switch|p2a: Ogerpon|Ogerpon-Wellspring, F|56/100
|-damage|p2a: Ogerpon|44/100|[from] Stealth Rock
|turn|30
|
|t:|1758343123
|move|p1a: Iron Valiant|Moonblast|p2a: Ogerpon
|-crit|p2a: Ogerpon
|-damage|p2a: Ogerpon|0 fnt
|faint|p2a: Ogerpon
|
|win|famus123
|raw|famus123's rating: 1479 &rarr; <strong>1501</strong><br />(+22 for winning)
|raw|catcat77's rating: 1508 &rarr; <strong>1486</strong><br />(-22 for losing)
