|j|☆zeqiangtian
|j|☆GFYSYDAR
|t:|1758264909
|gametype|singles
|player|p1|zeqiangtian|102|1120
|player|p2|GFYSYDAR|scientist-gen4dp|1125
|gen|9
|tier|[Gen 9] OU
|rated|
|rule|HP Percentage Mod: HP is shown in percentages
|rule|Endless Battle Clause: Forcing endless battles is banned
|rule|Species Clause: Limit one of each Pokémon
|rule|OHKO Clause: OHKO moves are banned
|rule|Evasion Items Clause: Evasion items are banned
|rule|Evasion Moves Clause: Evasion moves are banned
|rule|Evasion Abilities Clause: Evasion abilities are banned
|rule|Sleep Moves Clause: Sleep-inducing moves are banned
|clearpoke
|poke|p1|Incineroar, F|
|poke|p1|Gliscor, M|
|poke|p1|Garganacl, F|
|poke|p1|Ogerpon-Wellspring, F|
|poke|p1|Toxapex, M|
|poke|p1|Corviknight, F|
|poke|p2|Electrode-Hisui|
|poke|p2|Gallade, M|
|poke|p2|Slowking-Galar, M|
|poke|p2|Alomomola, F|
|poke|p2|Great Tusk|
|poke|p2|Landorus-Therian, M|
|teampreview
|inactive|Battle timer is ON: inactive players will automatically lose when time's up. (requested by GFYSYDAR)
|
|t:|1758264925
|teamsize|p1|6
|teamsize|p2|6
|start
|switch|p1a: Toxapex|Toxapex, M|100/100
|switch|p2a: Landorus|Landorus-Therian, M|100/100
|-ability|p2a: Landorus|Intimidate|boost
|-unboost|p1a: Toxapex|atk|1
|turn|1
|
|t:|1758264935
|move|p2a: Landorus|Stealth Rock|p1a: Toxapex
|-sidestart|p1: zeqiangtian|move: Stealth Rock
|move|p1a: Toxapex|Toxic|p2a: Landorus
|-status|p2a: Landorus|tox
|
|-damage|p2a: Landorus|94/100 tox|[from] psn
|upkeep
|turn|2
|
|t:|1758264943
|move|p2a: Landorus|U-turn|p1a: Toxapex
|-resisted|p1a: Toxapex
|-damage|p1a: Toxapex|91/100
|
|t:|1758264946
|switch|p2a: Slowking|Slowking-Galar, M|100/100|[from] U-turn
|move|p1a: Toxapex|Substitute|p1a: Toxapex
|-start|p1a: Toxapex|Substitute
|-damage|p1a: Toxapex|67/100
|
|-heal|p1a: Toxapex|73/100|[from] item: Black Sludge
|upkeep
|turn|3
|
|t:|1758264956
|move|p1a: Toxapex|Pain Split|p2a: Slowking
|-sethp|p2a: Slowking|73/100|[from] move: Pain Split|[silent]
|-sethp|p1a: Toxapex|100/100|[from] move: Pain Split
|move|p2a: Slowking|Future Sight|p1a: Toxapex
|-start|p2a: Slowking|move: Future Sight
|
|upkeep
|turn|4
|c|☆GFYSYDAR|Youre an actual dunce
|
|t:|1758264966
|move|p1a: Toxapex|Toxic|p2a: Slowking
|-immune|p2a: Slowking
|move|p2a: Slowking|Sludge Bomb|p1a: Toxapex
|-resisted|p1a: Toxapex
|-activate|p1a: Toxapex|move: Substitute|[damage]
|
|upkeep
|turn|5
|
|t:|1758264975
|move|p1a: Toxapex|Toxic|p2a: Slowking
|-immune|p2a: Slowking
|move|p2a: Slowking|Sludge Bomb|p1a: Toxapex
|-resisted|p1a: Toxapex
|-end|p1a: Toxapex|Substitute
|
|-end|p1a: Toxapex|move: Future Sight
|-supereffective|p1a: Toxapex
|-crit|p1a: Toxapex
|-damage|p1a: Toxapex|3/100
|-heal|p1a: Toxapex|9/100|[from] item: Black Sludge
|upkeep
|turn|6
|
|t:|1758264988
|move|p1a: Toxapex|Pain Split|p2a: Slowking
|-sethp|p2a: Slowking|39/100|[from] move: Pain Split|[silent]
|-sethp|p1a: Toxapex|63/100|[from] move: Pain Split
|move|p2a: Slowking|Future Sight|p1a: Toxapex
|-start|p2a: Slowking|move: Future Sight
|
|-heal|p1a: Toxapex|70/100|[from] item: Black Sludge
|upkeep
|turn|7
|
|t:|1758265000
|switch|p1a: Corviknight|Corviknight, F|100/100
|-damage|p1a: Corviknight|88/100|[from] Stealth Rock
|move|p2a: Slowking|Sludge Bomb|p1a: Corviknight
|-immune|p1a: Corviknight
|
|upkeep
|turn|8
|
|t:|1758265011
|switch|p2a: Landorus|Landorus-Therian, M|94/100 tox
|-ability|p2a: Landorus|Intimidate|boost
|-ability|p1a: Corviknight|Mirror Armor
|-unboost|p2a: Landorus|atk|1
|move|p1a: Corviknight|Defog|p2a: Landorus
|-unboost|p2a: Landorus|evasion|1
|-sideend|p1: zeqiangtian|Stealth Rock|[from] move: Defog|[of] p1a: Corviknight
|
|-end|p1a: Corviknight|move: Future Sight
|-resisted|p1a: Corviknight
|-damage|p1a: Corviknight|69/100
|-damage|p2a: Landorus|88/100 tox|[from] psn
|upkeep
|turn|9
|
|t:|1758265025
|move|p2a: Landorus|Stealth Rock|p1a: Corviknight
|-sidestart|p1: zeqiangtian|move: Stealth Rock
|move|p1a: Corviknight|Roost|p1a: Corviknight
|-heal|p1a: Corviknight|100/100
|-singleturn|p1a: Corviknight|move: Roost
|
|-damage|p2a: Landorus|76/100 tox|[from] psn
|upkeep
|turn|10
|
|t:|1758265034
|move|p2a: Landorus|Taunt|p1a: Corviknight
|-start|p1a: Corviknight|move: Taunt
|cant|p1a: Corviknight|move: Taunt|Defog
|
|-damage|p2a: Landorus|57/100 tox|[from] psn
|upkeep
|turn|11
|
|t:|1758265041
|switch|p2a: Alomomola|Alomomola, F, shiny|100/100
|move|p1a: Corviknight|U-turn|p2a: Alomomola
|-damage|p2a: Alomomola|92/100
|
|t:|1758265051
|switch|p1a: Toxapex|Toxapex, M|100/100|[from] U-turn
|-damage|p1a: Toxapex|88/100|[from] Stealth Rock
|
|-heal|p1a: Toxapex|94/100|[from] item: Black Sludge
|upkeep
|turn|12
|
|t:|1758265060
|move|p2a: Alomomola|Flip Turn|p1a: Toxapex
|-resisted|p1a: Toxapex
|-damage|p1a: Toxapex|88/100
|
|t:|1758265063
|switch|p2a: Slowking|Slowking-Galar, M|72/100|[from] Flip Turn
|move|p1a: Toxapex|Toxic|p2a: Slowking
|-immune|p2a: Slowking
|
|-heal|p1a: Toxapex|94/100|[from] item: Black Sludge
|upkeep
|turn|13
|c|☆GFYSYDAR|Dunce
|
|t:|1758265075
|switch|p1a: Corviknight|Corviknight, F|100/100
|-damage|p1a: Corviknight|88/100|[from] Stealth Rock
|move|p2a: Slowking|Future Sight|p1a: Corviknight
|-start|p2a: Slowking|move: Future Sight
|
|upkeep
|turn|14
|
|t:|1758265082
|switch|p2a: Alomomola|Alomomola, F, shiny|100/100
|move|p1a: Corviknight|Defog|p2a: Alomomola
|-unboost|p2a: Alomomola|evasion|1
|-sideend|p1: zeqiangtian|Stealth Rock|[from] move: Defog|[of] p1a: Corviknight
|
|upkeep
|turn|15
|
|t:|1758265090
|move|p1a: Corviknight|U-turn|p2a: Alomomola
|-damage|p2a: Alomomola|93/100
|
|t:|1758265098
|switch|p1a: Toxapex|Toxapex, M|100/100|[from] U-turn
|move|p2a: Alomomola|Wish|p2a: Alomomola
|
|-end|p1a: Toxapex|move: Future Sight
|-supereffective|p1a: Toxapex
|-damage|p1a: Toxapex|34/100
|-heal|p1a: Toxapex|40/100|[from] item: Black Sludge
|upkeep
|turn|16
|
|t:|1758265110
|move|p2a: Alomomola|Flip Turn|p1a: Toxapex
|-resisted|p1a: Toxapex
|-damage|p1a: Toxapex|33/100
|
|t:|1758265113
|switch|p2a: Landorus|Landorus-Therian, M|57/100 tox|[from] Flip Turn
|-ability|p2a: Landorus|Intimidate|boost
|-unboost|p1a: Toxapex|atk|1
|move|p1a: Toxapex|Pain Split|p2a: Landorus
|-sethp|p2a: Landorus|39/100 tox|[from] move: Pain Split|[silent]
|-sethp|p1a: Toxapex|60/100|[from] move: Pain Split
|
|-heal|p2a: Landorus|100/100 tox|[from] move: Wish|[wisher] Alomomola
|-heal|p1a: Toxapex|66/100|[from] item: Black Sludge
|-damage|p2a: Landorus|94/100 tox|[from] psn
|upkeep
|turn|17
|c|☆GFYSYDAR|Dunce
|
|t:|1758265128
|switch|p1a: Gliscor|Gliscor, M|100/100
|move|p2a: Landorus|Stealth Rock|p1a: Gliscor
|-sidestart|p1: zeqiangtian|move: Stealth Rock
|
|-damage|p2a: Landorus|82/100 tox|[from] psn
|-status|p1a: Gliscor|tox|[from] item: Toxic Orb
|upkeep
|turn|18
|
|t:|1758265138
|move|p2a: Landorus|U-turn|p1a: Gliscor
|-resisted|p1a: Gliscor
|-damage|p1a: Gliscor|93/100 tox
|
|t:|1758265141
|switch|p2a: Alomomola|Alomomola, F, shiny|100/100|[from] U-turn
|move|p1a: Gliscor|Knock Off|p2a: Alomomola
|-damage|p2a: Alomomola|88/100
|-enditem|p2a: Alomomola|Heavy-Duty Boots|[from] move: Knock Off|[of] p1a: Gliscor
|
|-heal|p1a: Gliscor|100/100 tox|[from] ability: Poison Heal
|upkeep
|turn|19
|
|t:|1758265151
|move|p1a: Gliscor|Toxic|p2a: Alomomola
|-status|p2a: Alomomola|tox
|move|p2a: Alomomola|Flip Turn|p1a: Gliscor
|-supereffective|p1a: Gliscor
|-damage|p1a: Gliscor|75/100 tox
|
|t:|1758265158
|switch|p2a: Electrode|Electrode-Hisui, shiny|100/100|[from] Flip Turn
|
|-heal|p1a: Gliscor|87/100 tox|[from] ability: Poison Heal
|upkeep
|turn|20
|c|☆GFYSYDAR|Dunce
|
|t:|1758265166
|-terastallize|p2a: Electrode|Ice
|move|p2a: Electrode|Tera Blast|p1a: Gliscor|[anim] Tera Blast Ice
|-supereffective|p1a: Gliscor
|-damage|p1a: Gliscor|0 fnt
|faint|p1a: Gliscor
|
|upkeep
|
|t:|1758265179
|switch|p1a: Toxapex|Toxapex, M|99/100
|-damage|p1a: Toxapex|87/100|[from] Stealth Rock
|turn|21
|
|t:|1758265185
|switch|p2a: Slowking|Slowking-Galar, M|100/100
|move|p1a: Toxapex|Toxic|p2a: Slowking
|-immune|p2a: Slowking
|
|-heal|p1a: Toxapex|93/100|[from] item: Black Sludge
|upkeep
|turn|22
|c|☆GFYSYDAR|Dunce
|
|t:|1758265201
|move|p1a: Toxapex|Substitute|p1a: Toxapex
|-start|p1a: Toxapex|Substitute
|-damage|p1a: Toxapex|68/100
|-prepare|p2a: Slowking|Chilly Reception|[premajor]
|move|p2a: Slowking|Chilly Reception|p2a: Slowking
|-weather|Snowscape
|
|t:|1758265207
|switch|p2a: Electrode|Electrode-Hisui, shiny, tera:Ice|100/100|[from] Chilly Reception
|
|-weather|Snowscape|[upkeep]
|-heal|p1a: Toxapex|74/100|[from] item: Black Sludge
|upkeep
|turn|23
|
|t:|1758265213
|move|p2a: Electrode|Volt Switch|p1a: Toxapex
|-supereffective|p1a: Toxapex
|-end|p1a: Toxapex|Substitute
|
|t:|1758265217
|switch|p2a: Slowking|Slowking-Galar, M|100/100|[from] Volt Switch
|move|p1a: Toxapex|Toxic|p2a: Slowking
|-immune|p2a: Slowking
|
|-weather|Snowscape|[upkeep]
|-heal|p1a: Toxapex|81/100|[from] item: Black Sludge
|upkeep
|turn|24
|-message|zeqiangtian forfeited.
|
|win|GFYSYDAR
|raw|zeqiangtian's rating: 1120 &rarr; <strong>1095</strong><br />(-25 for losing)
|raw|GFYSYDAR's rating: 1125 &rarr; <strong>1150</strong><br />(+25 for winning)
|l|☆zeqiangtian
|player|p1|
|c|☆GFYSYDAR|Dunce
