|j|☆Beile
|j|☆Shibuya Arc
|t:|1758361645
|gametype|singles
|player|p1|Beile|lucas|1590
|player|p2|Shibuya Arc|101|1657
|gen|9
|tier|[Gen 9] OU
|rated|
|rule|HP Percentage Mod: HP is shown in percentages
|rule|Endless Battle Clause: Forcing endless battles is banned
|rule|Species Clause: Limit one of each Pokémon
|rule|OHKO Clause: OHKO moves are banned
|rule|Evasion Items Clause: Evasion items are banned
|rule|Evasion Moves Clause: Evasion moves are banned
|rule|Evasion Abilities Clause: Evasion abilities are banned
|rule|Sleep Moves Clause: Sleep-inducing moves are banned
|clearpoke
|poke|p1|Ninetales-Alola, F|
|poke|p1|Scizor, F|
|poke|p1|Kyurem|
|poke|p1|Gliscor, F|
|poke|p1|Iron Crown|
|poke|p1|Raging Bolt|
|poke|p2|Dragapult, F|
|poke|p2|Dragonite, F|
|poke|p2|Ting-Lu|
|poke|p2|Weezing-Galar, F|
|poke|p2|Iron Crown|
|poke|p2|Zapdos|
|teampreview
|inactive|Battle timer is ON: inactive players will automatically lose when time's up. (requested by Shibuya Arc)
|
|t:|1758361661
|teamsize|p1|6
|teamsize|p2|6
|start
|switch|p1a: Raging Bolt|Raging Bolt|100/100
|switch|p2a: Iron Crown|Iron Crown|100/100
|-enditem|p1a: Raging Bolt|Booster Energy
|-activate|p1a: Raging Bolt|ability: Protosynthesis|[fromitem]
|-start|p1a: Raging Bolt|protosynthesisspa
|turn|1
|
|t:|1758361668
|-end|p2a: Iron Crown|Quark Drive|[silent]
|switch|p2a: Ting-Lu|Ting-Lu|100/100
|-ability|p2a: Ting-Lu|Vessel of Ruin
|move|p1a: Raging Bolt|Calm Mind|p1a: Raging Bolt
|-boost|p1a: Raging Bolt|spa|1
|-boost|p1a: Raging Bolt|spd|1
|
|upkeep
|turn|2
|
|t:|1758361689
|move|p1a: Raging Bolt|Dragon Pulse|p2a: Ting-Lu
|-damage|p2a: Ting-Lu|58/100
|move|p2a: Ting-Lu|Earthquake|p1a: Raging Bolt
|-supereffective|p1a: Raging Bolt
|-damage|p1a: Raging Bolt|40/100
|
|-heal|p2a: Ting-Lu|64/100|[from] item: Leftovers
|upkeep
|turn|3
|
|t:|1758361698
|move|p1a: Raging Bolt|Dragon Pulse|p2a: Ting-Lu
|-damage|p2a: Ting-Lu|24/100
|move|p2a: Ting-Lu|Earthquake|p1a: Raging Bolt
|-supereffective|p1a: Raging Bolt
|-damage|p1a: Raging Bolt|0 fnt
|faint|p1a: Raging Bolt
|-end|p1a: Raging Bolt|Protosynthesis|[silent]
|
|-heal|p2a: Ting-Lu|30/100|[from] item: Leftovers
|upkeep
|inactive|Beile has 120 seconds left.
|
|t:|1758361735
|switch|p1a: Ninetales|Ninetales-Alola, F|100/100
|-weather|Snowscape|[from] ability: Snow Warning|[of] p1a: Ninetales
|turn|4
|
|t:|1758361741
|move|p1a: Ninetales|Aurora Veil|p1a: Ninetales
|-sidestart|p1: Beile|move: Aurora Veil
|move|p2a: Ting-Lu|Stealth Rock|p1a: Ninetales
|-sidestart|p1: Beile|move: Stealth Rock
|
|-weather|Snowscape|[upkeep]
|-heal|p2a: Ting-Lu|36/100|[from] item: Leftovers
|upkeep
|turn|5
|inactive|Beile has 120 seconds left.
|
|t:|1758361755
|move|p1a: Ninetales|Encore|p2a: Ting-Lu
|-start|p2a: Ting-Lu|Encore
|move|p2a: Ting-Lu|Stealth Rock||[still]
|-fail|p2a: Ting-Lu
|
|-weather|Snowscape|[upkeep]
|-heal|p2a: Ting-Lu|42/100|[from] item: Leftovers
|upkeep
|turn|6
|inactive|Beile has 120 seconds left.
|
|t:|1758361763
|switch|p1a: Kyurem|Kyurem|100/100
|-damage|p1a: Kyurem|76/100|[from] Stealth Rock
|-ability|p1a: Kyurem|Pressure
|switch|p2a: Dragonite|Dragonite, F|100/100
|
|-weather|Snowscape|[upkeep]
|upkeep
|turn|7
|
|t:|1758361769
|switch|p2a: Ting-Lu|Ting-Lu|42/100
|-ability|p2a: Ting-Lu|Vessel of Ruin
|move|p1a: Kyurem|Dragon Dance|p1a: Kyurem
|-boost|p1a: Kyurem|atk|1
|-boost|p1a: Kyurem|spe|1
|
|-weather|Snowscape|[upkeep]
|-heal|p2a: Ting-Lu|48/100|[from] item: Leftovers
|upkeep
|turn|8
|
|t:|1758361775
|switch|p2a: Iron Crown|Iron Crown|100/100
|move|p1a: Kyurem|Icicle Spear|p2a: Iron Crown
|-resisted|p2a: Iron Crown
|-damage|p2a: Iron Crown|90/100
|-resisted|p2a: Iron Crown
|-damage|p2a: Iron Crown|77/100
|-resisted|p2a: Iron Crown
|-damage|p2a: Iron Crown|67/100
|-resisted|p2a: Iron Crown
|-damage|p2a: Iron Crown|55/100
|-hitcount|p2a: Iron Crown|4
|
|-weather|none
|upkeep
|turn|9
|
|t:|1758361783
|-terastallize|p1a: Kyurem|Fire
|move|p1a: Kyurem|Tera Blast|p2a: Iron Crown|[anim] Tera Blast Fire
|-supereffective|p2a: Iron Crown
|-damage|p2a: Iron Crown|0 fnt
|faint|p2a: Iron Crown
|-end|p2a: Iron Crown|Quark Drive|[silent]
|
|upkeep
|
|t:|1758361790
|switch|p2a: Ting-Lu|Ting-Lu|48/100
|-ability|p2a: Ting-Lu|Vessel of Ruin
|turn|10
|
|t:|1758361801
|-terastallize|p2a: Ting-Lu|Water
|move|p1a: Kyurem|Icicle Spear|p2a: Ting-Lu
|-resisted|p2a: Ting-Lu
|-damage|p2a: Ting-Lu|43/100
|-resisted|p2a: Ting-Lu
|-damage|p2a: Ting-Lu|36/100
|-resisted|p2a: Ting-Lu
|-damage|p2a: Ting-Lu|31/100
|-resisted|p2a: Ting-Lu
|-damage|p2a: Ting-Lu|25/100
|-hitcount|p2a: Ting-Lu|4
|move|p2a: Ting-Lu|Whirlwind|p1a: Kyurem
|drag|p1a: Scizor|Scizor, F|100/100
|-damage|p1a: Scizor|88/100|[from] Stealth Rock
|
|-heal|p2a: Ting-Lu|31/100|[from] item: Leftovers
|upkeep
|turn|11
|
|t:|1758361809
|switch|p2a: Zapdos|Zapdos|100/100
|move|p1a: Scizor|Close Combat|p2a: Zapdos
|-resisted|p2a: Zapdos
|-damage|p2a: Zapdos|62/100
|-unboost|p1a: Scizor|def|1
|-unboost|p1a: Scizor|spd|1
|-damage|p1a: Scizor|78/100|[from] item: Life Orb
|
|-sideend|p1: Beile|move: Aurora Veil
|upkeep
|turn|12
|
|t:|1758361823
|switch|p1a: Gliscor|Gliscor, F|100/100
|-damage|p1a: Gliscor|88/100|[from] Stealth Rock
|move|p2a: Zapdos|Hurricane|p1a: Gliscor
|-damage|p1a: Gliscor|0 fnt
|faint|p1a: Gliscor
|
|upkeep
|
|t:|1758361845
|switch|p1a: Ninetales|Ninetales-Alola, F|100/100
|-damage|p1a: Ninetales|76/100|[from] Stealth Rock
|-weather|Snowscape|[from] ability: Snow Warning|[of] p1a: Ninetales
|turn|13
|
|t:|1758361852
|move|p1a: Ninetales|Aurora Veil|p1a: Ninetales
|-sidestart|p1: Beile|move: Aurora Veil
|move|p2a: Zapdos|Heat Wave|p1a: Ninetales
|-supereffective|p1a: Ninetales
|-damage|p1a: Ninetales|42/100
|
|-weather|Snowscape|[upkeep]
|upkeep
|turn|14
|
|t:|1758361876
|switch|p1a: Iron Crown|Iron Crown|100/100
|-damage|p1a: Iron Crown|94/100|[from] Stealth Rock
|-enditem|p1a: Iron Crown|Booster Energy
|-activate|p1a: Iron Crown|ability: Quark Drive|[fromitem]
|-start|p1a: Iron Crown|quarkdrivespe
|move|p2a: Zapdos|Roost|p2a: Zapdos
|-heal|p2a: Zapdos|100/100
|-singleturn|p2a: Zapdos|move: Roost
|
|-weather|Snowscape|[upkeep]
|upkeep
|turn|15
|
|t:|1758361882
|move|p1a: Iron Crown|Calm Mind|p1a: Iron Crown
|-boost|p1a: Iron Crown|spa|1
|-boost|p1a: Iron Crown|spd|1
|move|p2a: Zapdos|Volt Switch|p1a: Iron Crown
|-damage|p1a: Iron Crown|84/100
|
|t:|1758361889
|switch|p2a: Ting-Lu|Ting-Lu, tera:Water|31/100|[from] Volt Switch
|-ability|p2a: Ting-Lu|Vessel of Ruin
|
|-weather|Snowscape|[upkeep]
|-heal|p2a: Ting-Lu|38/100|[from] item: Leftovers
|upkeep
|turn|16
|
|t:|1758361896
|move|p1a: Iron Crown|Stored Power|p2a: Ting-Lu
|-damage|p2a: Ting-Lu|22/100
|move|p2a: Ting-Lu|Whirlwind|p1a: Iron Crown
|-end|p1a: Iron Crown|Quark Drive|[silent]
|drag|p1a: Ninetales|Ninetales-Alola, F|42/100
|-damage|p1a: Ninetales|17/100|[from] Stealth Rock
|
|-weather|Snowscape|[upkeep]
|-heal|p2a: Ting-Lu|28/100|[from] item: Leftovers
|upkeep
|turn|17
|
|t:|1758361904
|move|p1a: Ninetales|Freeze-Dry|p2a: Ting-Lu
|-supereffective|p2a: Ting-Lu
|-damage|p2a: Ting-Lu|10/100
|move|p2a: Ting-Lu|Earthquake|p1a: Ninetales
|-damage|p1a: Ninetales|3/100
|
|-weather|none
|-heal|p2a: Ting-Lu|17/100|[from] item: Leftovers
|upkeep
|turn|18
|
|t:|1758361912
|move|p1a: Ninetales|Freeze-Dry|p2a: Ting-Lu
|-supereffective|p2a: Ting-Lu
|-damage|p2a: Ting-Lu|0 fnt
|faint|p2a: Ting-Lu
|
|upkeep
|
|t:|1758361919
|switch|p2a: Dragonite|Dragonite, F|100/100
|turn|19
|
|t:|1758361925
|move|p1a: Ninetales|Freeze-Dry|p2a: Dragonite
|-supereffective|p2a: Dragonite
|-damage|p2a: Dragonite|61/100
|move|p2a: Dragonite|Dragon Dance|p2a: Dragonite
|-boost|p2a: Dragonite|atk|1
|-boost|p2a: Dragonite|spe|1
|
|upkeep
|turn|20
|
|t:|1758361932
|move|p2a: Dragonite|Earthquake|p1a: Ninetales
|-damage|p1a: Ninetales|0 fnt
|faint|p1a: Ninetales
|
|-sideend|p1: Beile|move: Aurora Veil
|upkeep
|
|t:|1758361937
|switch|p1a: Scizor|Scizor, F|78/100
|-damage|p1a: Scizor|66/100|[from] Stealth Rock
|turn|21
|
|t:|1758361943
|move|p1a: Scizor|Bullet Punch|p2a: Dragonite
|-damage|p2a: Dragonite|19/100
|-damage|p1a: Scizor|56/100|[from] item: Life Orb
|move|p2a: Dragonite|Earthquake|p1a: Scizor
|-damage|p1a: Scizor|1/100
|
|upkeep
|turn|22
|
|t:|1758361950
|move|p2a: Dragonite|Extreme Speed|p1a: Scizor
|-resisted|p1a: Scizor
|-damage|p1a: Scizor|0 fnt
|faint|p1a: Scizor
|
|upkeep
|
|t:|1758361953
|switch|p1a: Iron Crown|Iron Crown|84/100
|-damage|p1a: Iron Crown|78/100|[from] Stealth Rock
|turn|23
|
|t:|1758361959
|move|p2a: Dragonite|Earthquake|p1a: Iron Crown
|-supereffective|p1a: Iron Crown
|-damage|p1a: Iron Crown|0 fnt
|faint|p1a: Iron Crown
|-end|p1a: Iron Crown|Quark Drive|[silent]
|
|upkeep
|
|t:|1758361961
|switch|p1a: Kyurem|Kyurem, tera:Fire|76/100
|-damage|p1a: Kyurem|51/100|[from] Stealth Rock
|-ability|p1a: Kyurem|Pressure
|turn|24
|
|t:|1758361963
|move|p2a: Dragonite|Earthquake|p1a: Kyurem
|-supereffective|p1a: Kyurem
|-damage|p1a: Kyurem|0 fnt
|faint|p1a: Kyurem
|
|win|Shibuya Arc
|raw|Beile's rating: 1590 &rarr; <strong>1574</strong><br />(-16 for losing)
|raw|Shibuya Arc's rating: 1657 &rarr; <strong>1673</strong><br />(+16 for winning)
|l|☆Shibuya Arc
|player|p2|
|l|☆Beile
|player|p1|
