|j|☆fiishing
|j|☆brobrubro
|inactive|Battle timer is ON: inactive players will automatically lose when time's up.
|t:|1758252814
|gametype|singles
|player|p1|fiishing|miku-water|
|player|p2|brobrubro|swimmerf-gen4dp|
|gen|9
|tier|[Gen 9] OU
|rated|Tournament battle
|rule|HP Percentage Mod: HP is shown in percentages
|rule|Endless Battle Clause: Forcing endless battles is banned
|rule|Species Clause: Limit one of each Pokémon
|rule|OHKO Clause: OHKO moves are banned
|rule|Evasion Items Clause: Evasion items are banned
|rule|Evasion Moves Clause: Evasion moves are banned
|rule|Evasion Abilities Clause: Evasion abilities are banned
|rule|Sleep Moves Clause: Sleep-inducing moves are banned
|clearpoke
|poke|p1|Darkrai|
|poke|p1|Garchomp, M|
|poke|p1|Alomomola, M|
|poke|p1|Corviknight, F|
|poke|p1|Weezing-Galar, M|
|poke|p1|Ogerpon, F|
|poke|p2|Kyurem|
|poke|p2|Great Tusk|
|poke|p2|Ogerpon-Wellspring, F|
|poke|p2|Deoxys-Speed|
|poke|p2|Moltres|
|poke|p2|Kingambit, F|
|teampreview
|inactive|fiishing also wants the timer to be on.
|j| Pawdrin
|l| Pawdrin
|c|☆brobrubro|gl hf
|c|☆fiishing|u2
|inactive|brobrubro has 120 seconds left.
|
|t:|1758252850
|teamsize|p1|6
|teamsize|p2|6
|start
|switch|p1a: Darkrai|Darkrai|100/100
|switch|p2a: Deoxys|Deoxys-Speed|100/100
|-ability|p2a: Deoxys|Pressure
|turn|1
|
|t:|1758252868
|-terastallize|p2a: Deoxys|Fighting
|move|p2a: Deoxys|Superpower|p1a: Darkrai
|-supereffective|p1a: Darkrai
|-damage|p1a: Darkrai|0 fnt
|-unboost|p2a: Deoxys|atk|1
|-unboost|p2a: Deoxys|def|1
|faint|p1a: Darkrai
|
|upkeep
|
|t:|1758252877
|switch|p1a: Corviknight|Corviknight, F|100/100
|-ability|p1a: Corviknight|Pressure
|turn|2
|
|t:|1758252895
|switch|p2a: Moltres|Moltres|100/100
|move|p1a: Corviknight|U-turn|p2a: Moltres
|-resisted|p2a: Moltres
|-damage|p2a: Moltres|98/100
|-status|p1a: Corviknight|brn|[from] ability: Flame Body|[of] p2a: Moltres
|
|t:|1758252902
|switch|p1a: Alomomola|Alomomola, M|100/100|[from] U-turn
|
|upkeep
|turn|3
|
|t:|1758252917
|switch|p2a: Ogerpon|Ogerpon-Wellspring, F|100/100
|move|p1a: Alomomola|Body Slam|p2a: Ogerpon
|-damage|p2a: Ogerpon|79/100
|
|upkeep
|turn|4
|
|t:|1758252929
|move|p2a: Ogerpon|U-turn|p1a: Alomomola
|-damage|p1a: Alomomola|79/100
|
|t:|1758252934
|switch|p2a: Great Tusk|Great Tusk|100/100|[from] U-turn
|move|p1a: Alomomola|Body Slam|p2a: Great Tusk
|-damage|p2a: Great Tusk|91/100
|-status|p2a: Great Tusk|par
|-damage|p1a: Alomomola|63/100|[from] item: Rocky Helmet|[of] p2a: Great Tusk
|
|upkeep
|turn|5
|
|t:|1758252947
|-end|p2a: Great Tusk|Protosynthesis|[silent]
|switch|p2a: Ogerpon|Ogerpon-Wellspring, F|79/100
|switch|p1a: Corviknight|Corviknight, F|100/100 brn
|-ability|p1a: Corviknight|Pressure
|
|-damage|p1a: Corviknight|94/100 brn|[from] brn
|upkeep
|turn|6
|
|t:|1758252971
|switch|p2a: Moltres|Moltres|98/100
|move|p1a: Corviknight|U-turn|p2a: Moltres
|-resisted|p2a: Moltres
|-damage|p2a: Moltres|97/100
|
|t:|1758252977
|switch|p1a: Garchomp|Garchomp, M|100/100|[from] U-turn
|
|upkeep
|turn|7
|
|t:|1758253001
|switch|p2a: Great Tusk|Great Tusk|91/100 par
|move|p1a: Garchomp|Spikes|p2a: Great Tusk
|-sidestart|p2: brobrubro|Spikes
|
|upkeep
|turn|8
|
|t:|1758253016
|move|p1a: Garchomp|Earthquake|p2a: Great Tusk
|-damage|p2a: Great Tusk|65/100 par
|cant|p2a: Great Tusk|par
|
|upkeep
|turn|9
|
|t:|1758253041
|move|p1a: Garchomp|Earthquake|p2a: Great Tusk
|-damage|p2a: Great Tusk|38/100 par
|move|p2a: Great Tusk|Ice Spinner|p1a: Garchomp
|-supereffective|p1a: Garchomp
|-damage|p1a: Garchomp|41/100
|-damage|p2a: Great Tusk|26/100 par|[from] ability: Rough Skin|[of] p1a: Garchomp
|-damage|p2a: Great Tusk|9/100 par|[from] item: Rocky Helmet|[of] p1a: Garchomp
|
|upkeep
|turn|10
|
|t:|1758253051
|-end|p2a: Great Tusk|Protosynthesis|[silent]
|switch|p2a: Moltres|Moltres|97/100
|move|p1a: Garchomp|Earthquake|p2a: Moltres
|-immune|p2a: Moltres
|
|upkeep
|turn|11
|
|t:|1758253054
|switch|p1a: Alomomola|Alomomola, M|96/100
|move|p2a: Moltres|Hurricane|p1a: Alomomola|[miss]
|-miss|p2a: Moltres|p1a: Alomomola
|
|upkeep
|turn|12
|
|t:|1758253071
|switch|p2a: Great Tusk|Great Tusk|9/100 par
|-damage|p2a: Great Tusk|0 fnt|[from] Spikes
|faint|p2a: Great Tusk
|-end|p2a: Great Tusk|Protosynthesis|[silent]
|move|p1a: Alomomola|Body Slam|p2: Great Tusk|[notarget]
|-fail|p1a: Alomomola
|
|upkeep
|
|t:|1758253086
|switch|p2a: Deoxys|Deoxys-Speed, tera:Fighting|100/100
|-ability|p2a: Deoxys|Pressure
|turn|13
|
|t:|1758253093
|move|p2a: Deoxys|Stealth Rock|p1a: Alomomola
|-sidestart|p1: fiishing|move: Stealth Rock
|move|p1a: Alomomola|Body Slam|p2a: Deoxys
|-damage|p2a: Deoxys|76/100
|
|upkeep
|turn|14
|
|t:|1758253108
|switch|p2a: Moltres|Moltres|97/100
|move|p1a: Alomomola|Mirror Coat||[still]
|-fail|p1a: Alomomola
|
|upkeep
|turn|15
|
|t:|1758253119
|move|p2a: Moltres|U-turn|p1a: Alomomola
|-damage|p1a: Alomomola|85/100
|
|t:|1758253128
|switch|p2a: Kyurem|Kyurem|100/100|[from] U-turn
|-damage|p2a: Kyurem|88/100|[from] Spikes
|-ability|p2a: Kyurem|Pressure
|move|p1a: Alomomola|Body Slam|p2a: Kyurem
|-damage|p2a: Kyurem|73/100
|
|upkeep
|turn|16
|
|t:|1758253141
|move|p2a: Kyurem|Freeze-Dry|p1a: Alomomola
|-supereffective|p1a: Alomomola
|-damage|p1a: Alomomola|29/100
|move|p1a: Alomomola|Mirror Coat|p2a: Kyurem
|-damage|p2a: Kyurem|0 fnt
|faint|p2a: Kyurem
|
|upkeep
|
|t:|1758253147
|switch|p2a: Ogerpon|Ogerpon-Wellspring, F|79/100
|-damage|p2a: Ogerpon|67/100|[from] Spikes
|turn|17
|
|t:|1758253154
|switch|p1a: Weezing|Weezing-Galar, M|100/100
|-ability|p1a: Weezing|Neutralizing Gas
|-damage|p1a: Weezing|88/100|[from] Stealth Rock
|move|p2a: Ogerpon|Ivy Cudgel|p1a: Weezing|[anim] Ivy Cudgel Water
|-damage|p1a: Weezing|46/100
|
|-heal|p1a: Weezing|52/100|[from] item: Leftovers
|upkeep
|turn|18
|
|t:|1758253172
|switch|p2a: Moltres|Moltres|97/100
|-terastallize|p1a: Weezing|Dragon
|move|p1a: Weezing|Will-O-Wisp|p2a: Moltres
|-immune|p2a: Moltres
|
|-heal|p1a: Weezing|58/100|[from] item: Leftovers
|upkeep
|turn|19
|
|t:|1758253181
|-end|p1a: Weezing|ability: Neutralizing Gas
|switch|p1a: Alomomola|Alomomola, M|63/100
|-damage|p1a: Alomomola|50/100|[from] Stealth Rock
|move|p2a: Moltres|Hurricane|p1a: Alomomola|[miss]
|-miss|p2a: Moltres|p1a: Alomomola
|
|upkeep
|turn|20
|
|t:|1758253196
|move|p2a: Moltres|U-turn|p1a: Alomomola
|-damage|p1a: Alomomola|39/100
|
|t:|1758253205
|switch|p2a: Deoxys|Deoxys-Speed, tera:Fighting|76/100|[from] U-turn
|-ability|p2a: Deoxys|Pressure
|move|p1a: Alomomola|Flip Turn|p2a: Deoxys
|-damage|p2a: Deoxys|50/100
|
|t:|1758253212
|switch|p1a: Corviknight|Corviknight, F|94/100 brn|[from] Flip Turn
|-damage|p1a: Corviknight|82/100 brn|[from] Stealth Rock
|-ability|p1a: Corviknight|Pressure
|
|-heal|p1a: Corviknight|88/100 brn|[from] item: Leftovers
|-damage|p1a: Corviknight|82/100 brn|[from] brn
|upkeep
|turn|21
|
|t:|1758253230
|switch|p2a: Kingambit|Kingambit, F|100/100
|-damage|p2a: Kingambit|88/100|[from] Spikes
|-activate|p2a: Kingambit|ability: Supreme Overlord
|-start|p2a: Kingambit|fallen2|[silent]
|move|p1a: Corviknight|Defog|p2a: Kingambit
|-unboost|p2a: Kingambit|evasion|1
|-sideend|p2: brobrubro|Spikes|[from] move: Defog|[of] p1a: Corviknight
|-sideend|p1: fiishing|Stealth Rock|[from] move: Defog|[of] p1a: Corviknight
|
|-heal|p1a: Corviknight|88/100 brn|[from] item: Leftovers
|-heal|p2a: Kingambit|94/100|[from] item: Leftovers
|-damage|p1a: Corviknight|82/100 brn|[from] brn
|upkeep
|turn|22
|
|t:|1758253247
|move|p1a: Corviknight|U-turn|p2a: Kingambit
|-damage|p2a: Kingambit|89/100
|
|t:|1758253251
|switch|p1a: Ogerpon|Ogerpon, F|100/100|[from] U-turn
|move|p2a: Kingambit|Swords Dance|p2a: Kingambit
|-boost|p2a: Kingambit|atk|2
|
|-heal|p2a: Kingambit|95/100|[from] item: Leftovers
|upkeep
|turn|23
|
|t:|1758253258
|-end|p2a: Kingambit|fallen2|[silent]
|switch|p2a: Moltres|Moltres|97/100
|move|p1a: Ogerpon|Encore||[still]
|-fail|p1a: Ogerpon
|
|upkeep
|turn|24
|
|t:|1758253271
|switch|p1a: Alomomola|Alomomola, M|72/100
|move|p2a: Moltres|Hurricane|p1a: Alomomola|[miss]
|-miss|p2a: Moltres|p1a: Alomomola
|
|upkeep
|turn|25
|c|☆brobrubro|man this thing is not hittin today
|
|t:|1758253290
|move|p2a: Moltres|Hurricane|p1a: Alomomola
|-crit|p1a: Alomomola
|-damage|p1a: Alomomola|38/100
|move|p1a: Alomomola|Body Slam|p2a: Moltres
|-damage|p2a: Moltres|86/100
|
|upkeep
|turn|26
|
|t:|1758253299
|move|p2a: Moltres|U-turn|p1a: Alomomola
|-damage|p1a: Alomomola|26/100
|
|t:|1758253312
|switch|p2a: Deoxys|Deoxys-Speed, tera:Fighting|50/100|[from] U-turn
|-ability|p2a: Deoxys|Pressure
|move|p1a: Alomomola|Mirror Coat||[still]
|-fail|p1a: Alomomola
|
|upkeep
|turn|27
|
|t:|1758253320
|switch|p1a: Corviknight|Corviknight, F|82/100 brn
|-ability|p1a: Corviknight|Pressure
|move|p2a: Deoxys|Stealth Rock|p1a: Corviknight
|-sidestart|p1: fiishing|move: Stealth Rock
|
|-heal|p1a: Corviknight|88/100 brn|[from] item: Leftovers
|-damage|p1a: Corviknight|82/100 brn|[from] brn
|upkeep
|turn|28
|
|t:|1758253334
|switch|p2a: Moltres|Moltres|86/100
|move|p1a: Corviknight|Defog|p2a: Moltres
|-unboost|p2a: Moltres|evasion|1
|-sideend|p1: fiishing|Stealth Rock|[from] move: Defog|[of] p1a: Corviknight
|
|-heal|p1a: Corviknight|88/100 brn|[from] item: Leftovers
|-damage|p1a: Corviknight|82/100 brn|[from] brn
|upkeep
|turn|29
|
|t:|1758253346
|switch|p1a: Alomomola|Alomomola, M|60/100
|move|p2a: Moltres|Hurricane|p1a: Alomomola
|-damage|p1a: Alomomola|38/100
|
|upkeep
|turn|30
|
|t:|1758253355
|move|p2a: Moltres|Hurricane|p1a: Alomomola
|-damage|p1a: Alomomola|14/100
|move|p1a: Alomomola|Body Slam|p2a: Moltres
|-damage|p2a: Moltres|76/100
|
|upkeep
|turn|31
|
|t:|1758253374
|switch|p1a: Corviknight|Corviknight, F|82/100 brn
|-ability|p1a: Corviknight|Pressure
|move|p2a: Moltres|Hurricane|p1a: Corviknight|[miss]
|-miss|p2a: Moltres|p1a: Corviknight
|
|-heal|p1a: Corviknight|88/100 brn|[from] item: Leftovers
|-damage|p1a: Corviknight|82/100 brn|[from] brn
|upkeep
|turn|32
|
|t:|1758253381
|move|p2a: Moltres|Overheat|p1a: Corviknight
|-supereffective|p1a: Corviknight
|-damage|p1a: Corviknight|0 fnt
|-unboost|p2a: Moltres|spa|2
|faint|p1a: Corviknight
|
|upkeep
|j| Jovanotti
|l| Jovanotti
|
|t:|1758253409
|switch|p1a: Ogerpon|Ogerpon, F|100/100
|turn|33
|
|t:|1758253417
|move|p1a: Ogerpon|Knock Off|p2a: Moltres
|-damage|p2a: Moltres|54/100
|-status|p1a: Ogerpon|brn|[from] ability: Flame Body|[of] p2a: Moltres
|-enditem|p2a: Moltres|Heavy-Duty Boots|[from] move: Knock Off|[of] p1a: Ogerpon
|move|p2a: Moltres|Roost|p2a: Moltres
|-heal|p2a: Moltres|100/100
|-singleturn|p2a: Moltres|move: Roost
|
|-damage|p1a: Ogerpon|95/100 brn|[from] brn
|upkeep
|turn|34
|
|t:|1758253437
|switch|p1a: Alomomola|Alomomola, M|47/100
|move|p2a: Moltres|Overheat|p1a: Alomomola
|-resisted|p1a: Alomomola
|-damage|p1a: Alomomola|41/100
|-unboost|p2a: Moltres|spa|2
|
|upkeep
|turn|35
|
|t:|1758253446
|move|p2a: Moltres|U-turn|p1a: Alomomola
|-damage|p1a: Alomomola|29/100
|
|t:|1758253456
|switch|p2a: Kingambit|Kingambit, F|95/100|[from] U-turn
|-activate|p2a: Kingambit|ability: Supreme Overlord
|-start|p2a: Kingambit|fallen2|[silent]
|move|p1a: Alomomola|Body Slam|p2a: Kingambit
|-resisted|p2a: Kingambit
|-damage|p2a: Kingambit|89/100
|-status|p2a: Kingambit|par
|
|-heal|p2a: Kingambit|95/100 par|[from] item: Leftovers
|upkeep
|turn|36
|
|t:|1758253467
|switch|p1a: Garchomp|Garchomp, M|41/100
|cant|p2a: Kingambit|par
|
|-heal|p2a: Kingambit|100/100 par|[from] item: Leftovers
|upkeep
|turn|37
|
|t:|1758253479
|move|p1a: Garchomp|Stealth Rock|p2a: Kingambit
|-sidestart|p2: brobrubro|move: Stealth Rock
|move|p2a: Kingambit|Swords Dance|p2a: Kingambit
|-boost|p2a: Kingambit|atk|2
|
|upkeep
|turn|38
|j| signed out
|
|t:|1758253489
|move|p1a: Garchomp|Earthquake|p2a: Kingambit
|-supereffective|p2a: Kingambit
|-damage|p2a: Kingambit|40/100 par
|move|p2a: Kingambit|Kowtow Cleave|p1a: Garchomp
|-damage|p1a: Garchomp|0 fnt
|-damage|p2a: Kingambit|27/100 par|[from] ability: Rough Skin|[of] p1a: Garchomp
|-damage|p2a: Kingambit|11/100 par|[from] item: Rocky Helmet|[of] p1a: Garchomp
|faint|p1a: Garchomp
|
|-heal|p2a: Kingambit|17/100 par|[from] item: Leftovers
|upkeep
|inactive|fiishing has 120 seconds left.
|inactive|fiishing has 90 seconds left.
|inactive|fiishing has 60 seconds left.
|c|☆fiishing|unlucky
|inactive|fiishing has 30 seconds left.
|
|t:|1758253610
|switch|p1a: Ogerpon|Ogerpon, F|95/100 brn
|turn|39
|c|☆brobrubro|on your part?
|
|t:|1758253618
|move|p2a: Kingambit|Sucker Punch|p1a: Ogerpon
|-damage|p1a: Ogerpon|0 fnt
|faint|p1a: Ogerpon
|
|-heal|p2a: Kingambit|23/100 par|[from] item: Leftovers
|upkeep
|inactive|fiishing has 30 seconds left.
|
|t:|1758253629
|switch|p1a: Alomomola|Alomomola, M|62/100
|turn|40
|
|t:|1758253637
|move|p1a: Alomomola|Aqua Jet|p2a: Kingambit
|-damage|p2a: Kingambit|15/100 par
|move|p2a: Kingambit|Sucker Punch||[still]
|-fail|p2a: Kingambit
|
|-heal|p2a: Kingambit|21/100 par|[from] item: Leftovers
|upkeep
|turn|41
|
|t:|1758253648
|move|p1a: Alomomola|Flip Turn|p2a: Kingambit
|-damage|p2a: Kingambit|9/100 par
|
|t:|1758253651
|switch|p1a: Weezing|Weezing-Galar, M, tera:Dragon|58/100|[from] Flip Turn
|-ability|p1a: Weezing|Neutralizing Gas
|cant|p2a: Kingambit|par
|
|-heal|p1a: Weezing|64/100|[from] item: Leftovers
|-heal|p2a: Kingambit|15/100 par|[from] item: Leftovers
|upkeep
|turn|42
|
|t:|1758253680
|move|p2a: Kingambit|Sucker Punch|p1a: Weezing
|-damage|p1a: Weezing|9/100
|move|p1a: Weezing|Sludge Bomb|p2a: Kingambit
|-immune|p2a: Kingambit
|
|-heal|p1a: Weezing|15/100|[from] item: Leftovers
|-heal|p2a: Kingambit|21/100 par|[from] item: Leftovers
|upkeep
|turn|43
|
|t:|1758253690
|move|p2a: Kingambit|Sucker Punch||[still]
|-fail|p2a: Kingambit
|move|p1a: Weezing|Pain Split|p2a: Kingambit
|-sethp|p2a: Kingambit|17/100 par|[from] move: Pain Split|[silent]
|-sethp|p1a: Weezing|20/100|[from] move: Pain Split
|
|-heal|p1a: Weezing|26/100|[from] item: Leftovers
|-heal|p2a: Kingambit|23/100 par|[from] item: Leftovers
|upkeep
|turn|44
|
|t:|1758253700
|move|p1a: Weezing|Pain Split|p2a: Kingambit
|-sethp|p2a: Kingambit|22/100 par|[from] move: Pain Split|[silent]
|-sethp|p1a: Weezing|26/100|[from] move: Pain Split
|move|p2a: Kingambit|Kowtow Cleave|p1a: Weezing
|-damage|p1a: Weezing|0 fnt
|faint|p1a: Weezing
|-end|p1a: Weezing|ability: Neutralizing Gas
|-activate|p2a: Kingambit|ability: Supreme Overlord
|-start|p2a: Kingambit|fallen2|[silent]
|
|-heal|p2a: Kingambit|28/100 par|[from] item: Leftovers
|upkeep
|
|t:|1758253705
|switch|p1a: Alomomola|Alomomola, M|95/100
|turn|45
|
|t:|1758253716
|cant|p2a: Kingambit|par
|move|p1a: Alomomola|Flip Turn|p2a: Kingambit
|-damage|p2a: Kingambit|16/100 par
|
|-heal|p2a: Kingambit|22/100 par|[from] item: Leftovers
|upkeep
|turn|46
|
|t:|1758253726
|move|p1a: Alomomola|Aqua Jet|p2a: Kingambit
|-damage|p2a: Kingambit|13/100 par
|cant|p2a: Kingambit|par
|
|-heal|p2a: Kingambit|20/100 par|[from] item: Leftovers
|upkeep
|turn|47
|
|t:|1758253734
|move|p1a: Alomomola|Flip Turn|p2a: Kingambit
|-damage|p2a: Kingambit|8/100 par
|move|p2a: Kingambit|Kowtow Cleave|p1a: Alomomola
|-damage|p1a: Alomomola|9/100
|
|-heal|p2a: Kingambit|14/100 par|[from] item: Leftovers
|upkeep
|turn|48
|
|t:|1758253742
|move|p2a: Kingambit|Sucker Punch|p1a: Alomomola
|-damage|p1a: Alomomola|0 fnt
|faint|p1a: Alomomola
|
|win|brobrubro
|n|☆fiishing|fiishing
|n|☆brobrubro|brobrubro
|n| signed out|signedout
|l|☆fiishing
|player|p1|
|c|☆brobrubro|gg
