|j|☆Alexboss30
|j|‽JustIh5an
|t:|1758303691
|gametype|singles
|player|p1|Alexboss30|marlon|1216
|player|p2|JustIh5an|101|1206
|gen|9
|tier|[Gen 9] OU
|rated|
|rule|HP Percentage Mod: HP is shown in percentages
|rule|Endless Battle Clause: Forcing endless battles is banned
|rule|Species Clause: Limit one of each Pokémon
|rule|OHKO Clause: OHKO moves are banned
|rule|Evasion Items Clause: Evasion items are banned
|rule|Evasion Moves Clause: Evasion moves are banned
|rule|Evasion Abilities Clause: Evasion abilities are banned
|rule|Sleep Moves Clause: Sleep-inducing moves are banned
|clearpoke
|poke|p1|Pelipper, F|
|poke|p1|Cloyster, M|
|poke|p1|Quaquaval, M|
|poke|p1|Whiscash, M|
|poke|p1|Qwilfish, M|
|poke|p1|Ogerpon-Wellspring, F|
|poke|p2|Tyranitar, M|
|poke|p2|Excadrill, M|
|poke|p2|Kingambit, F|
|poke|p2|Garchomp, M|
|poke|p2|Pecharunt|
|poke|p2|Rotom-Wash|
|teampreview
|inactive|Battle timer is ON: inactive players will automatically lose when time's up. (requested by Alexboss30)
|
|t:|1758303705
|teamsize|p1|6
|teamsize|p2|6
|start
|switch|p1a: Pelipper|Pelipper, F|100/100
|switch|p2a: Tyranitar|Tyranitar, M|100/100
|-weather|RainDance|[from] ability: Drizzle|[of] p1a: Pelipper
|-weather|Sandstorm|[from] ability: Sand Stream|[of] p2a: Tyranitar
|turn|1
|
|t:|1758303714
|move|p1a: Pelipper|Chilling Water|p2a: Tyranitar
|-supereffective|p2a: Tyranitar
|-damage|p2a: Tyranitar|86/100
|-unboost|p2a: Tyranitar|atk|1
|move|p2a: Tyranitar|Stealth Rock|p1a: Pelipper
|-sidestart|p1: Alexboss30|move: Stealth Rock
|
|-weather|Sandstorm|[upkeep]
|-damage|p1a: Pelipper|94/100|[from] Sandstorm
|upkeep
|turn|2
|
|t:|1758303724
|move|p1a: Pelipper|Chilling Water|p2a: Tyranitar
|-supereffective|p2a: Tyranitar
|-damage|p2a: Tyranitar|72/100
|-unboost|p2a: Tyranitar|atk|1
|move|p2a: Tyranitar|Thunder Wave|p1a: Pelipper
|-status|p1a: Pelipper|par
|
|-weather|Sandstorm|[upkeep]
|-damage|p1a: Pelipper|88/100 par|[from] Sandstorm
|upkeep
|turn|3
|
|t:|1758303734
|switch|p2a: Rotom|Rotom-Wash|100/100
|move|p1a: Pelipper|Chilling Water|p2a: Rotom
|-resisted|p2a: Rotom
|-damage|p2a: Rotom|92/100
|-unboost|p2a: Rotom|atk|1
|
|-weather|Sandstorm|[upkeep]
|-damage|p2a: Rotom|86/100|[from] Sandstorm
|-damage|p1a: Pelipper|82/100 par|[from] Sandstorm
|-heal|p2a: Rotom|92/100|[from] item: Leftovers
|upkeep
|turn|4
|
|t:|1758303746
|switch|p1a: Whiscash|Whiscash, M|100/100
|-damage|p1a: Whiscash|94/100|[from] Stealth Rock
|move|p2a: Rotom|Volt Switch|p1a: Whiscash
|-immune|p1a: Whiscash
|
|-weather|Sandstorm|[upkeep]
|-damage|p2a: Rotom|86/100|[from] Sandstorm
|-heal|p2a: Rotom|92/100|[from] item: Leftovers
|upkeep
|turn|5
|
|t:|1758303757
|move|p1a: Whiscash|Dragon Dance|p1a: Whiscash
|-boost|p1a: Whiscash|atk|1
|-boost|p1a: Whiscash|spe|1
|move|p2a: Rotom|Pain Split|p1a: Whiscash
|-sethp|p1a: Whiscash|86/100|[from] move: Pain Split|[silent]
|-sethp|p2a: Rotom|100/100|[from] move: Pain Split
|
|-weather|Sandstorm|[upkeep]
|-damage|p2a: Rotom|94/100|[from] Sandstorm
|-heal|p2a: Rotom|100/100|[from] item: Leftovers
|upkeep
|turn|6
|
|t:|1758303767
|move|p1a: Whiscash|Dragon Dance|p1a: Whiscash
|-boost|p1a: Whiscash|atk|1
|-boost|p1a: Whiscash|spe|1
|move|p2a: Rotom|Will-O-Wisp|p1a: Whiscash
|-status|p1a: Whiscash|brn
|
|-weather|Sandstorm|[upkeep]
|-damage|p2a: Rotom|94/100|[from] Sandstorm
|-heal|p2a: Rotom|100/100|[from] item: Leftovers
|-damage|p1a: Whiscash|80/100 brn|[from] brn
|upkeep
|turn|7
|inactive|JustIh5an has 120 seconds left.
|
|t:|1758303802
|switch|p2a: Tyranitar|Tyranitar, M|72/100
|move|p1a: Whiscash|Dragon Dance|p1a: Whiscash
|-boost|p1a: Whiscash|atk|1
|-boost|p1a: Whiscash|spe|1
|
|-weather|Sandstorm|[upkeep]
|-damage|p1a: Whiscash|74/100 brn|[from] brn
|upkeep
|turn|8
|inactive|JustIh5an has 120 seconds left.
|
|t:|1758303812
|move|p1a: Whiscash|Earthquake|p2a: Tyranitar
|-supereffective|p2a: Tyranitar
|-crit|p2a: Tyranitar
|-damage|p2a: Tyranitar|0 fnt
|faint|p2a: Tyranitar
|-damage|p1a: Whiscash|64/100 brn|[from] item: Life Orb
|
|-weather|none
|-damage|p1a: Whiscash|58/100 brn|[from] brn
|upkeep
|inactive|JustIh5an has 120 seconds left.
|
|t:|1758303829
|switch|p2a: Kingambit|Kingambit, F, shiny|100/100
|-activate|p2a: Kingambit|ability: Supreme Overlord
|-start|p2a: Kingambit|fallen1|[silent]
|turn|9
|
|t:|1758303834
|move|p2a: Kingambit|Sucker Punch|p1a: Whiscash
|-damage|p1a: Whiscash|0 fnt
|faint|p1a: Whiscash
|
|upkeep
|
|t:|1758303841
|switch|p1a: Pelipper|Pelipper, F|82/100 par
|-damage|p1a: Pelipper|57/100 par|[from] Stealth Rock
|-weather|RainDance|[from] ability: Drizzle|[of] p1a: Pelipper
|turn|10
|
|t:|1758303847
|move|p2a: Kingambit|Kowtow Cleave|p1a: Pelipper
|-damage|p1a: Pelipper|4/100 par
|move|p1a: Pelipper|Roost|p1a: Pelipper
|-heal|p1a: Pelipper|54/100 par
|-singleturn|p1a: Pelipper|move: Roost
|
|-weather|RainDance|[upkeep]
|upkeep
|turn|11
|
|t:|1758303855
|move|p2a: Kingambit|Swords Dance|p2a: Kingambit
|-boost|p2a: Kingambit|atk|2
|move|p1a: Pelipper|Chilling Water|p2a: Kingambit
|-damage|p2a: Kingambit|72/100
|-unboost|p2a: Kingambit|atk|1
|
|-weather|RainDance|[upkeep]
|upkeep
|turn|12
|
|t:|1758303864
|move|p2a: Kingambit|Kowtow Cleave|p1a: Pelipper
|-damage|p1a: Pelipper|0 fnt
|faint|p1a: Pelipper
|
|-weather|RainDance|[upkeep]
|upkeep
|
|t:|1758303870
|switch|p1a: Quaquaval|Quaquaval, M|100/100
|-damage|p1a: Quaquaval|94/100|[from] Stealth Rock
|turn|13
|
|t:|1758303875
|-end|p2a: Kingambit|fallen1|[silent]
|switch|p2a: Pecharunt|Pecharunt|100/100
|-item|p2a: Pecharunt|Air Balloon
|move|p1a: Quaquaval|Close Combat|p2a: Pecharunt
|-immune|p2a: Pecharunt
|
|-weather|RainDance|[upkeep]
|upkeep
|turn|14
|
|t:|1758303885
|switch|p1a: Qwilfish|Qwilfish, M|100/100
|-damage|p1a: Qwilfish|88/100|[from] Stealth Rock
|move|p2a: Pecharunt|Malignant Chain|p1a: Qwilfish
|-resisted|p1a: Qwilfish
|-damage|p1a: Qwilfish|54/100
|
|-weather|RainDance|[upkeep]
|upkeep
|turn|15
|
|t:|1758303894
|move|p1a: Qwilfish|Waterfall|p2a: Pecharunt
|-damage|p2a: Pecharunt|74/100
|-enditem|p2a: Pecharunt|Air Balloon
|move|p2a: Pecharunt|Parting Shot|p1a: Qwilfish
|-unboost|p1a: Qwilfish|atk|1
|-unboost|p1a: Qwilfish|spa|1
|
|t:|1758303900
|switch|p2a: Rotom|Rotom-Wash|100/100|[from] Parting Shot
|
|-weather|RainDance|[upkeep]
|upkeep
|turn|16
|
|t:|1758303906
|move|p1a: Qwilfish|Destiny Bond|p1a: Qwilfish
|-singlemove|p1a: Qwilfish|Destiny Bond
|move|p2a: Rotom|Volt Switch|p1a: Qwilfish
|-supereffective|p1a: Qwilfish
|-damage|p1a: Qwilfish|0 fnt
|faint|p1a: Qwilfish
|-activate|p1a: Qwilfish|move: Destiny Bond
|faint|p2a: Rotom
|
|-weather|RainDance|[upkeep]
|upkeep
|
|t:|1758303923
|switch|p1a: Quaquaval|Quaquaval, M|94/100
|switch|p2a: Pecharunt|Pecharunt|74/100
|-damage|p1a: Quaquaval|88/100|[from] Stealth Rock
|turn|17
|
|t:|1758303929
|move|p1a: Quaquaval|Aqua Step|p2a: Pecharunt
|-crit|p2a: Pecharunt
|-damage|p2a: Pecharunt|28/100
|-boost|p1a: Quaquaval|spe|1
|move|p2a: Pecharunt|Malignant Chain|p1a: Quaquaval
|-damage|p1a: Quaquaval|45/100
|-status|p1a: Quaquaval|tox
|-start|p1a: Quaquaval|confusion|[from] ability: Poison Puppeteer|[of] p2a: Pecharunt
|
|-weather|none
|-damage|p1a: Quaquaval|38/100 tox|[from] psn
|upkeep
|turn|18
|
|t:|1758303943
|-activate|p1a: Quaquaval|confusion
|move|p1a: Quaquaval|Aqua Step|p2a: Pecharunt
|-damage|p2a: Pecharunt|10/100
|-boost|p1a: Quaquaval|spe|1
|move|p2a: Pecharunt|Parting Shot|p1a: Quaquaval
|-unboost|p1a: Quaquaval|atk|1
|-unboost|p1a: Quaquaval|spa|1
|
|t:|1758303960
|switch|p2a: Garchomp|Garchomp, M, shiny|100/100|[from] Parting Shot
|
|-damage|p1a: Quaquaval|26/100 tox|[from] psn
|upkeep
|turn|19
|
|t:|1758303968
|-end|p1a: Quaquaval|confusion
|move|p1a: Quaquaval|Ice Spinner|p2a: Garchomp
|-supereffective|p2a: Garchomp
|-damage|p2a: Garchomp|31/100
|-damage|p1a: Quaquaval|14/100 tox|[from] ability: Rough Skin|[of] p2a: Garchomp
|move|p2a: Garchomp|Swords Dance|p2a: Garchomp
|-boost|p2a: Garchomp|atk|2
|-enditem|p1a: Quaquaval|Mirror Herb
|-boost|p1a: Quaquaval|atk|2|[from] item: Mirror Herb
|
|-damage|p1a: Quaquaval|0 fnt|[from] psn
|faint|p1a: Quaquaval
|upkeep
|
|t:|1758303981
|switch|p1a: Ogerpon|Ogerpon-Wellspring, F|100/100
|-damage|p1a: Ogerpon|88/100|[from] Stealth Rock
|turn|20
|
|t:|1758303991
|switch|p2a: Pecharunt|Pecharunt|10/100
|move|p1a: Ogerpon|Play Rough|p2a: Pecharunt
|-resisted|p2a: Pecharunt
|-damage|p2a: Pecharunt|2/100
|-unboost|p2a: Pecharunt|atk|1
|
|upkeep
|turn|21
|
|t:|1758304001
|move|p1a: Ogerpon|Ivy Cudgel|p2a: Pecharunt|[anim] Ivy Cudgel Water
|-damage|p2a: Pecharunt|0 fnt
|faint|p2a: Pecharunt
|
|upkeep
|
|t:|1758304007
|switch|p2a: Kingambit|Kingambit, F, shiny|72/100
|-activate|p2a: Kingambit|ability: Supreme Overlord
|-start|p2a: Kingambit|fallen3|[silent]
|turn|22
|
|t:|1758304013
|-terastallize|p1a: Ogerpon|Water
|detailschange|p1a: Ogerpon|Ogerpon-Wellspring-Tera, F, tera:Water
|-ability|p1a: Ogerpon|Embody Aspect (Wellspring)|boost
|-boost|p1a: Ogerpon|spd|1
|-terastallize|p2a: Kingambit|Dark
|move|p2a: Kingambit|Sucker Punch|p1a: Ogerpon
|-damage|p1a: Ogerpon|0 fnt
|faint|p1a: Ogerpon
|detailschange|p1: Ogerpon|Ogerpon-Wellspring, F|[silent]
|
|upkeep
|
|t:|1758304023
|switch|p1a: Cloyster|Cloyster, M|100/100
|turn|23
|
|t:|1758304026
|move|p1a: Cloyster|Icicle Spear|p2a: Kingambit
|-damage|p2a: Kingambit|62/100
|-damage|p2a: Kingambit|52/100
|-damage|p2a: Kingambit|43/100
|-damage|p2a: Kingambit|33/100
|-damage|p2a: Kingambit|24/100
|-hitcount|p2a: Kingambit|5
|move|p2a: Kingambit|Kowtow Cleave|p1a: Cloyster
|-damage|p1a: Cloyster|6/100
|
|upkeep
|turn|24
|
|t:|1758304037
|move|p2a: Kingambit|Sucker Punch|p1a: Cloyster
|-damage|p1a: Cloyster|0 fnt
|faint|p1a: Cloyster
|
|win|JustIh5an
|raw|Alexboss30's rating: 1216 &rarr; <strong>1190</strong><br />(-26 for losing)
|raw|JustIh5an's rating: 1206 &rarr; <strong>1232</strong><br />(+26 for winning)
|l|‽JustIh5an
|player|p2|
|l|☆Alexboss30
|player|p1|
