|j|☆fetyu
|j|☆Ruby Xoxo
|t:|1758328416
|gametype|singles
|player|p1|fetyu|li|1352
|player|p2|Ruby Xoxo|acetrainerf-gen4dp|1323
|gen|9
|tier|[Gen 9] OU
|rated|
|rule|HP Percentage Mod: HP is shown in percentages
|rule|Endless Battle Clause: Forcing endless battles is banned
|rule|Species Clause: Limit one of each Pokémon
|rule|OHKO Clause: OHKO moves are banned
|rule|Evasion Items Clause: Evasion items are banned
|rule|Evasion Moves Clause: Evasion moves are banned
|rule|Evasion Abilities Clause: Evasion abilities are banned
|rule|Sleep Moves Clause: Sleep-inducing moves are banned
|clearpoke
|poke|p1|Great Tusk|
|poke|p1|Heatran, M|
|poke|p1|Weavile, M|
|poke|p1|Primarina, M|
|poke|p1|Ogerpon, F|
|poke|p1|Pecharunt|
|poke|p2|Skarmory, M|
|poke|p2|Darkrai|
|poke|p2|Reuniclus, F|
|poke|p2|Tornadus-Therian, M|
|poke|p2|Moltres|
|poke|p2|Ting-Lu|
|teampreview
|inactive|Battle timer is ON: inactive players will automatically lose when time's up. (requested by fetyu)
|
|t:|1758328441
|teamsize|p1|6
|teamsize|p2|6
|start
|switch|p1a: Chaos|Heatran, M, shiny|100/100
|switch|p2a: Reuniclus|Reuniclus, F, shiny|100/100
|-item|p1a: Chaos|Air Balloon
|turn|1
|
|t:|1758328450
|switch|p1a: Celestine|Primarina, M, shiny|100/100
|move|p2a: Reuniclus|Focus Blast|p1a: Celestine
|-resisted|p1a: Celestine
|-damage|p1a: Celestine|86/100
|-unboost|p1a: Celestine|spd|1
|
|upkeep
|turn|2
|
|t:|1758328464
|move|p1a: Celestine|Whirlpool|p2a: Reuniclus|[miss]
|-miss|p1a: Celestine|p2a: Reuniclus
|move|p2a: Reuniclus|Knock Off|p1a: Celestine
|-resisted|p1a: Celestine
|-damage|p1a: Celestine|75/100
|-enditem|p1a: Celestine|Assault Vest|[from] move: Knock Off|[of] p2a: Reuniclus
|
|upkeep
|turn|3
|
|t:|1758328473
|move|p1a: Celestine|Whirlpool|p2a: Reuniclus
|-damage|p2a: Reuniclus|82/100
|-activate|p2a: Reuniclus|move: Whirlpool|[of] p1a: Celestine
|move|p2a: Reuniclus|Psychic Noise|p1a: Celestine
|-damage|p1a: Celestine|17/100
|-start|p1a: Celestine|move: Heal Block
|
|upkeep
|turn|4
|
|t:|1758328477
|move|p1a: Celestine|Moonblast|p2a: Reuniclus
|-damage|p2a: Reuniclus|29/100
|move|p2a: Reuniclus|Psychic Noise|p1a: Celestine
|-damage|p1a: Celestine|0 fnt
|faint|p1a: Celestine
|
|-end|p2a: Reuniclus|Whirlpool|[partiallytrapped]|[silent]
|upkeep
|
|t:|1758328488
|switch|p1a: Bandit|Weavile, M, shiny|100/100
|-ability|p1a: Bandit|Pressure
|turn|5
|
|t:|1758328490
|switch|p2a: Moltres|Moltres|100/100
|move|p1a: Bandit|Knock Off|p2a: Moltres
|-damage|p2a: Moltres|53/100
|-enditem|p2a: Moltres|Heavy-Duty Boots|[from] move: Knock Off|[of] p1a: Bandit
|
|upkeep
|turn|6
|
|t:|1758328495
|switch|p1a: Overseer|Pecharunt|100/100
|move|p2a: Moltres|Roost|p2a: Moltres
|-heal|p2a: Moltres|100/100
|-singleturn|p2a: Moltres|move: Roost
|
|upkeep
|turn|7
|
|t:|1758328498
|switch|p2a: Ting-Lu|Ting-Lu|100/100
|-ability|p2a: Ting-Lu|Vessel of Ruin
|move|p1a: Overseer|Parting Shot|p2a: Ting-Lu
|-unboost|p2a: Ting-Lu|atk|1
|-unboost|p2a: Ting-Lu|spa|1
|
|t:|1758328505
|switch|p1a: Behemoth|Great Tusk, shiny|100/100|[from] Parting Shot
|
|upkeep
|turn|8
|
|t:|1758328509
|move|p1a: Behemoth|Close Combat|p2a: Ting-Lu
|-supereffective|p2a: Ting-Lu
|-damage|p2a: Ting-Lu|28/100
|-unboost|p1a: Behemoth|def|1
|-unboost|p1a: Behemoth|spd|1
|-damage|p1a: Behemoth|84/100|[from] item: Rocky Helmet|[of] p2a: Ting-Lu
|move|p2a: Ting-Lu|Stealth Rock|p1a: Behemoth
|-sidestart|p1: fetyu|move: Stealth Rock
|
|upkeep
|turn|9
|
|t:|1758328514
|switch|p2a: Moltres|Moltres|100/100
|move|p1a: Behemoth|Rapid Spin|p2a: Moltres
|-damage|p2a: Moltres|89/100
|-boost|p1a: Behemoth|spe|1
|-status|p1a: Behemoth|brn|[from] ability: Flame Body|[of] p2a: Moltres
|-sideend|p1: fetyu|Stealth Rock|[from] move: Rapid Spin|[of] p1a: Behemoth
|
|-damage|p1a: Behemoth|78/100 brn|[from] brn
|upkeep
|turn|10
|
|t:|1758328526
|-end|p1a: Behemoth|Protosynthesis|[silent]
|switch|p1a: Overseer|Pecharunt|100/100
|switch|p2a: Ting-Lu|Ting-Lu|28/100
|-ability|p2a: Ting-Lu|Vessel of Ruin
|
|upkeep
|turn|11
|
|t:|1758328532
|move|p1a: Overseer|Parting Shot|p2a: Ting-Lu
|-unboost|p2a: Ting-Lu|atk|1
|-unboost|p2a: Ting-Lu|spa|1
|
|t:|1758328534
|switch|p1a: Anonymous|Ogerpon, F|100/100|[from] Parting Shot
|move|p2a: Ting-Lu|Stealth Rock|p1a: Anonymous
|-sidestart|p1: fetyu|move: Stealth Rock
|
|upkeep
|turn|12
|
|t:|1758328540
|switch|p2a: Skarmory|Skarmory, M|100/100
|move|p1a: Anonymous|Rock Tomb|p2a: Skarmory
|-damage|p2a: Skarmory|81/100
|-unboost|p2a: Skarmory|spe|1
|
|upkeep
|turn|13
|
|t:|1758328548
|switch|p1a: Behemoth|Great Tusk, shiny|78/100 brn
|move|p2a: Skarmory|Body Press|p1a: Behemoth
|-damage|p1a: Behemoth|54/100 brn
|
|-damage|p1a: Behemoth|48/100 brn|[from] brn
|upkeep
|turn|14
|
|t:|1758328555
|switch|p2a: Moltres|Moltres|89/100
|move|p1a: Behemoth|Rapid Spin|p2a: Moltres
|-damage|p2a: Moltres|83/100
|-boost|p1a: Behemoth|spe|1
|-sideend|p1: fetyu|Stealth Rock|[from] move: Rapid Spin|[of] p1a: Behemoth
|
|-damage|p1a: Behemoth|42/100 brn|[from] brn
|upkeep
|turn|15
|
|t:|1758328560
|-end|p1a: Behemoth|Protosynthesis|[silent]
|switch|p1a: Chaos|Heatran, M, shiny|100/100
|-item|p1a: Chaos|Air Balloon
|move|p2a: Moltres|Flamethrower|p1a: Chaos
|-start|p1a: Chaos|ability: Flash Fire
|
|upkeep
|turn|16
|
|t:|1758328566
|move|p1a: Chaos|Stealth Rock|p2a: Moltres
|-sidestart|p2: Ruby Xoxo|move: Stealth Rock
|move|p2a: Moltres|Roar|p1a: Chaos
|-end|p1a: Chaos|ability: Flash Fire|[silent]
|drag|p1a: Behemoth|Great Tusk, shiny|42/100 brn
|
|-damage|p1a: Behemoth|36/100 brn|[from] brn
|upkeep
|turn|17
|
|t:|1758328584
|-end|p1a: Behemoth|Protosynthesis|[silent]
|switch|p1a: Overseer|Pecharunt|100/100
|switch|p2a: Ting-Lu|Ting-Lu|28/100
|-damage|p2a: Ting-Lu|22/100|[from] Stealth Rock
|-ability|p2a: Ting-Lu|Vessel of Ruin
|
|upkeep
|turn|18
|
|t:|1758328589
|move|p1a: Overseer|Malignant Chain|p2a: Ting-Lu
|-resisted|p2a: Ting-Lu
|-damage|p2a: Ting-Lu|15/100
|-status|p2a: Ting-Lu|tox
|-start|p2a: Ting-Lu|confusion|[from] ability: Poison Puppeteer|[of] p1a: Overseer
|-activate|p2a: Ting-Lu|confusion
|-damage|p2a: Ting-Lu|9/100 tox|[from] confusion
|
|-damage|p2a: Ting-Lu|3/100 tox|[from] psn
|upkeep
|turn|19
|
|t:|1758328600
|move|p1a: Overseer|Shadow Ball|p2a: Ting-Lu
|-resisted|p2a: Ting-Lu
|-damage|p2a: Ting-Lu|0 fnt
|faint|p2a: Ting-Lu
|
|upkeep
|
|t:|1758328604
|switch|p2a: Darkrai|Darkrai|100/100
|-damage|p2a: Darkrai|88/100|[from] Stealth Rock
|turn|20
|
|t:|1758328610
|move|p2a: Darkrai|Dark Pulse|p1a: Overseer
|-supereffective|p1a: Overseer
|-damage|p1a: Overseer|15/100
|move|p1a: Overseer|Parting Shot|p2a: Darkrai
|-unboost|p2a: Darkrai|atk|1
|-unboost|p2a: Darkrai|spa|1
|
|t:|1758328619
|switch|p1a: Bandit|Weavile, M, shiny|100/100|[from] Parting Shot
|-ability|p1a: Bandit|Pressure
|
|upkeep
|turn|21
|
|t:|1758328626
|switch|p2a: Reuniclus|Reuniclus, F, shiny|29/100
|move|p1a: Bandit|Low Kick|p2a: Reuniclus
|-resisted|p2a: Reuniclus
|-damage|p2a: Reuniclus|20/100
|
|upkeep
|turn|22
|
|t:|1758328636
|switch|p1a: Behemoth|Great Tusk, shiny|36/100 brn
|move|p2a: Reuniclus|Recover|p2a: Reuniclus
|-heal|p2a: Reuniclus|70/100
|
|-damage|p1a: Behemoth|29/100 brn|[from] brn
|upkeep
|turn|23
|
|t:|1758328641
|move|p1a: Behemoth|Headlong Rush|p2a: Reuniclus
|-damage|p2a: Reuniclus|37/100
|-unboost|p1a: Behemoth|def|1
|-unboost|p1a: Behemoth|spd|1
|move|p2a: Reuniclus|Recover|p2a: Reuniclus
|-heal|p2a: Reuniclus|87/100
|
|-damage|p1a: Behemoth|23/100 brn|[from] brn
|upkeep
|turn|24
|
|t:|1758328645
|move|p1a: Behemoth|Headlong Rush|p2a: Reuniclus
|-damage|p2a: Reuniclus|52/100
|-unboost|p1a: Behemoth|def|1
|-unboost|p1a: Behemoth|spd|1
|move|p2a: Reuniclus|Psychic Noise|p1a: Behemoth
|-supereffective|p1a: Behemoth
|-damage|p1a: Behemoth|0 fnt
|faint|p1a: Behemoth
|-end|p1a: Behemoth|Protosynthesis|[silent]
|
|upkeep
|
|t:|1758328649
|switch|p1a: Bandit|Weavile, M, shiny|100/100
|-ability|p1a: Bandit|Pressure
|turn|25
|
|t:|1758328654
|-terastallize|p2a: Reuniclus|Fighting
|move|p1a: Bandit|Knock Off|p2a: Reuniclus
|-resisted|p2a: Reuniclus
|-damage|p2a: Reuniclus|16/100
|-enditem|p2a: Reuniclus|Life Orb|[from] move: Knock Off|[of] p1a: Bandit
|move|p2a: Reuniclus|Focus Blast|p1a: Bandit
|-supereffective|p1a: Bandit
|-damage|p1a: Bandit|0 fnt
|faint|p1a: Bandit
|
|upkeep
|
|t:|1758328661
|switch|p1a: Anonymous|Ogerpon, F|100/100
|turn|26
|
|t:|1758328670
|move|p1a: Anonymous|U-turn|p2a: Reuniclus
|-resisted|p2a: Reuniclus
|-damage|p2a: Reuniclus|0 fnt
|faint|p2a: Reuniclus
|
|t:|1758328677
|switch|p1a: Chaos|Heatran, M, shiny|100/100|[from] U-turn
|-item|p1a: Chaos|Air Balloon
|
|upkeep
|
|t:|1758328680
|switch|p2a: Darkrai|Darkrai|88/100
|-damage|p2a: Darkrai|76/100|[from] Stealth Rock
|turn|27
|
|t:|1758328687
|-terastallize|p1a: Chaos|Fairy
|move|p2a: Darkrai|Dark Pulse|p1a: Chaos
|-resisted|p1a: Chaos
|-damage|p1a: Chaos|79/100
|-enditem|p1a: Chaos|Air Balloon
|move|p1a: Chaos|Magma Storm|p2a: Darkrai
|-damage|p2a: Darkrai|6/100
|-activate|p2a: Darkrai|move: Magma Storm|[of] p1a: Chaos
|
|-damage|p2a: Darkrai|0 fnt|[from] move: Magma Storm|[partiallytrapped]
|faint|p2a: Darkrai
|upkeep
|
|t:|1758328709
|switch|p2a: Moltres|Moltres|83/100
|-damage|p2a: Moltres|33/100|[from] Stealth Rock
|turn|28
|
|t:|1758328714
|move|p1a: Chaos|Magma Storm|p2a: Moltres
|-resisted|p2a: Moltres
|-damage|p2a: Moltres|7/100
|-activate|p2a: Moltres|move: Magma Storm|[of] p1a: Chaos
|move|p2a: Moltres|Scorching Sands|p1a: Chaos
|-damage|p1a: Chaos|59/100
|-status|p1a: Chaos|brn
|
|-damage|p1a: Chaos|53/100 brn|[from] brn
|-damage|p2a: Moltres|0 fnt|[from] move: Magma Storm|[partiallytrapped]
|faint|p2a: Moltres
|upkeep
|
|t:|1758328731
|switch|p2a: Skarmory|Skarmory, M|81/100
|-damage|p2a: Skarmory|69/100|[from] Stealth Rock
|turn|29
|
|t:|1758328740
|switch|p1a: Overseer|Pecharunt|15/100
|move|p2a: Skarmory|Body Press|p1a: Overseer
|-immune|p1a: Overseer
|
|upkeep
|turn|30
|
|t:|1758328747
|move|p1a: Overseer|Recover|p1a: Overseer
|-heal|p1a: Overseer|65/100
|move|p2a: Skarmory|Roost|p2a: Skarmory
|-heal|p2a: Skarmory|100/100
|-singleturn|p2a: Skarmory|move: Roost
|
|upkeep
|turn|31
|
|t:|1758328762
|move|p1a: Overseer|Recover|p1a: Overseer
|-heal|p1a: Overseer|100/100
|move|p2a: Skarmory|Whirlwind|p1a: Overseer
|drag|p1a: Anonymous|Ogerpon, F|100/100
|
|upkeep
|turn|32
|
|t:|1758328777
|move|p1a: Anonymous|Knock Off|p2a: Skarmory
|-damage|p2a: Skarmory|72/100
|-damage|p1a: Anonymous|84/100|[from] item: Rocky Helmet|[of] p2a: Skarmory
|-enditem|p2a: Skarmory|Rocky Helmet|[from] move: Knock Off|[of] p1a: Anonymous
|move|p2a: Skarmory|Body Press|p1a: Anonymous
|-damage|p1a: Anonymous|46/100
|
|upkeep
|turn|33
|
|t:|1758328784
|switch|p1a: Overseer|Pecharunt|100/100
|move|p2a: Skarmory|Roost|p2a: Skarmory
|-heal|p2a: Skarmory|100/100
|-singleturn|p2a: Skarmory|move: Roost
|
|upkeep
|turn|34
|
|t:|1758328789
|move|p1a: Overseer|Shadow Ball|p2a: Skarmory
|-damage|p2a: Skarmory|67/100
|move|p2a: Skarmory|Whirlwind|p1a: Overseer
|drag|p1a: Anonymous|Ogerpon, F|46/100
|
|upkeep
|turn|35
|
|t:|1758328795
|move|p1a: Anonymous|U-turn|p2a: Skarmory
|-resisted|p2a: Skarmory
|-damage|p2a: Skarmory|62/100
|
|t:|1758328797
|switch|p1a: Overseer|Pecharunt|100/100|[from] U-turn
|move|p2a: Skarmory|Roost|p2a: Skarmory
|-heal|p2a: Skarmory|100/100
|-singleturn|p2a: Skarmory|move: Roost
|
|upkeep
|turn|36
|
|t:|1758328800
|move|p1a: Overseer|Shadow Ball|p2a: Skarmory
|-damage|p2a: Skarmory|68/100
|move|p2a: Skarmory|Whirlwind|p1a: Overseer
|drag|p1a: Chaos|Heatran, M, shiny, tera:Fairy|53/100 brn
|
|-damage|p1a: Chaos|47/100 brn|[from] brn
|upkeep
|turn|37
|
|t:|1758328807
|move|p1a: Chaos|Magma Storm|p2a: Skarmory
|-supereffective|p2a: Skarmory
|-damage|p2a: Skarmory|0 fnt
|faint|p2a: Skarmory
|
|-damage|p1a: Chaos|41/100 brn|[from] brn
|upkeep
|
|t:|1758328809
|switch|p2a: Tornadus|Tornadus-Therian, M|100/100
|-damage|p2a: Tornadus|76/100|[from] Stealth Rock
|turn|38
|
|t:|1758328828
|move|p2a: Tornadus|Bleakwind Storm|p1a: Chaos
|-damage|p1a: Chaos|0 fnt
|faint|p1a: Chaos
|-damage|p2a: Tornadus|66/100|[from] item: Life Orb
|
|upkeep
|
|t:|1758328832
|switch|p1a: Overseer|Pecharunt|100/100
|turn|39
|
|t:|1758328850
|move|p2a: Tornadus|Nasty Plot|p2a: Tornadus
|-boost|p2a: Tornadus|spa|2
|move|p1a: Overseer|Malignant Chain|p2a: Tornadus
|-damage|p2a: Tornadus|26/100
|
|upkeep
|turn|40
|
|t:|1758328855
|move|p2a: Tornadus|Bleakwind Storm|p1a: Overseer
|-damage|p1a: Overseer|0 fnt
|faint|p1a: Overseer
|-damage|p2a: Tornadus|16/100|[from] item: Life Orb
|
|upkeep
|
|t:|1758328862
|switch|p1a: Anonymous|Ogerpon, F|46/100
|turn|41
|
|t:|1758328878
|move|p2a: Tornadus|Heat Wave|p1a: Anonymous
|-supereffective|p1a: Anonymous
|-damage|p1a: Anonymous|0 fnt
|faint|p1a: Anonymous
|-damage|p2a: Tornadus|7/100|[from] item: Life Orb
|
|win|Ruby Xoxo
|raw|fetyu's rating: 1352 &rarr; <strong>1330</strong><br />(-22 for losing)
|raw|Ruby Xoxo's rating: 1323 &rarr; <strong>1345</strong><br />(+22 for winning)
|l|☆Ruby Xoxo
|player|p2|
|l|☆fetyu
|player|p1|
