|j|☆Daysiiii__
|j|☆goopunch
|t:|1758331133
|gametype|singles
|player|p1|Daysiiii__|102|1190
|player|p2|goopunch|2|1175
|gen|9
|tier|[Gen 9] OU
|rated|
|rule|HP Percentage Mod: HP is shown in percentages
|rule|Endless Battle Clause: Forcing endless battles is banned
|rule|Species Clause: Limit one of each Pokémon
|rule|OHKO Clause: OHKO moves are banned
|rule|Evasion Items Clause: Evasion items are banned
|rule|Evasion Moves Clause: Evasion moves are banned
|rule|Evasion Abilities Clause: Evasion abilities are banned
|rule|Sleep Moves Clause: Sleep-inducing moves are banned
|clearpoke
|poke|p1|Dedenne, F|
|poke|p1|Great Tusk|
|poke|p1|Heatran, F|
|poke|p1|Dragapult, F|
|poke|p1|Rillaboom, F|
|poke|p1|Kingambit, M|
|poke|p2|Torkoal, M|
|poke|p2|Hatterene, F|
|poke|p2|Walking Wake|
|poke|p2|Great Tusk|
|poke|p2|Lilligant-Hisui, F|
|poke|p2|Raging Bolt|
|teampreview
|
|t:|1758331148
|teamsize|p1|6
|teamsize|p2|6
|start
|switch|p1a: Great Tusk|Great Tusk, shiny|100/100
|switch|p2a: Torkoal|Torkoal, M|100/100
|-weather|SunnyDay|[from] ability: Drought|[of] p2a: Torkoal
|-activate|p1a: Great Tusk|ability: Protosynthesis
|-start|p1a: Great Tusk|protosynthesisdef
|turn|1
|
|t:|1758331163
|switch|p2a: Hatterene|Hatterene, F|100/100
|move|p1a: Great Tusk|Stealth Rock|p2a: Hatterene
|move|p2a: Hatterene|Stealth Rock|p1a: Great Tusk|[from] ability: Magic Bounce
|-sidestart|p1: Daysiiii__|move: Stealth Rock
|
|-weather|SunnyDay|[upkeep]
|upkeep
|turn|2
|inactive|Battle timer is ON: inactive players will automatically lose when time's up. (requested by Daysiiii__)
|
|t:|1758331181
|move|p1a: Great Tusk|Knock Off|p2a: Hatterene
|-damage|p2a: Hatterene|76/100
|-enditem|p2a: Hatterene|Eject Button|[from] move: Knock Off|[of] p1a: Great Tusk
|move|p2a: Hatterene|Dazzling Gleam|p1a: Great Tusk
|-supereffective|p1a: Great Tusk
|-damage|p1a: Great Tusk|1/100
|
|-weather|SunnyDay|[upkeep]
|-heal|p1a: Great Tusk|7/100|[from] item: Leftovers
|upkeep
|turn|3
|
|t:|1758331193
|move|p1a: Great Tusk|Rapid Spin|p2a: Hatterene
|-damage|p2a: Hatterene|62/100
|-boost|p1a: Great Tusk|spe|1
|-sideend|p1: Daysiiii__|Stealth Rock|[from] move: Rapid Spin|[of] p1a: Great Tusk
|move|p2a: Hatterene|Dazzling Gleam|p1a: Great Tusk
|-supereffective|p1a: Great Tusk
|-damage|p1a: Great Tusk|0 fnt
|faint|p1a: Great Tusk
|-end|p1a: Great Tusk|Protosynthesis|[silent]
|
|-weather|SunnyDay|[upkeep]
|upkeep
|
|t:|1758331210
|switch|p1a: Rillaboom|Rillaboom, F, shiny|100/100
|-fieldstart|move: Grassy Terrain|[from] ability: Grassy Surge|[of] p1a: Rillaboom
|turn|4
|
|t:|1758331228
|-terastallize|p1a: Rillaboom|Grass
|move|p1a: Rillaboom|Wood Hammer|p2a: Hatterene
|-damage|p2a: Hatterene|0 fnt
|faint|p2a: Hatterene
|-damage|p1a: Rillaboom|81/100|[from] Recoil
|
|-weather|SunnyDay|[upkeep]
|-heal|p1a: Rillaboom|88/100|[from] Grassy Terrain
|upkeep
|
|t:|1758331236
|switch|p2a: Torkoal|Torkoal, M|100/100
|turn|5
|
|t:|1758331248
|move|p1a: Rillaboom|Wood Hammer|p2a: Torkoal
|-resisted|p2a: Torkoal
|-damage|p2a: Torkoal|42/100
|-damage|p1a: Rillaboom|68/100|[from] Recoil
|move|p2a: Torkoal|Stealth Rock|p1a: Rillaboom
|-sidestart|p1: Daysiiii__|move: Stealth Rock
|
|-weather|SunnyDay|[upkeep]
|-heal|p1a: Rillaboom|74/100|[from] Grassy Terrain
|-heal|p2a: Torkoal|48/100|[from] Grassy Terrain
|upkeep
|turn|6
|
|t:|1758331259
|switch|p2a: Raging Bolt|Raging Bolt|100/100
|-activate|p2a: Raging Bolt|ability: Protosynthesis
|-start|p2a: Raging Bolt|protosynthesisspa
|move|p1a: Rillaboom|Wood Hammer|p2a: Raging Bolt
|-resisted|p2a: Raging Bolt
|-damage|p2a: Raging Bolt|28/100
|-damage|p1a: Rillaboom|46/100|[from] Recoil
|
|-weather|SunnyDay|[upkeep]
|-heal|p1a: Rillaboom|52/100|[from] Grassy Terrain
|-heal|p2a: Raging Bolt|34/100|[from] Grassy Terrain
|upkeep
|turn|7
|
|t:|1758331273
|move|p2a: Raging Bolt|Thunderclap|p1a: Rillaboom
|-resisted|p1a: Rillaboom
|-damage|p1a: Rillaboom|18/100
|move|p1a: Rillaboom|Wood Hammer|p2a: Raging Bolt
|-resisted|p2a: Raging Bolt
|-crit|p2a: Raging Bolt
|-damage|p2a: Raging Bolt|0 fnt
|faint|p2a: Raging Bolt
|-end|p2a: Raging Bolt|Protosynthesis|[silent]
|-damage|p1a: Rillaboom|4/100|[from] Recoil
|
|-weather|SunnyDay|[upkeep]
|-heal|p1a: Rillaboom|10/100|[from] Grassy Terrain
|upkeep
|
|t:|1758331293
|switch|p2a: Lilligant|Lilligant-Hisui, F|100/100
|turn|8
|
|t:|1758331316
|switch|p1a: Heatran|Heatran, F|100/100
|-damage|p1a: Heatran|88/100|[from] Stealth Rock
|move|p2a: Lilligant|Solar Blade||[still]
|-prepare|p2a: Lilligant|Solar Blade
|-anim|p2a: Lilligant|Solar Blade|p1a: Heatran
|-resisted|p1a: Heatran
|-damage|p1a: Heatran|67/100
|-damage|p2a: Lilligant|91/100|[from] item: Life Orb
|
|-weather|none
|-heal|p2a: Lilligant|97/100|[from] Grassy Terrain
|-heal|p1a: Heatran|73/100|[from] Grassy Terrain
|-heal|p1a: Heatran|79/100|[from] item: Leftovers
|-fieldend|move: Grassy Terrain
|upkeep
|turn|9
|
|t:|1758331335
|-terastallize|p2a: Lilligant|Fire
|move|p2a: Lilligant|Close Combat|p1a: Heatran
|-supereffective|p1a: Heatran
|-damage|p1a: Heatran|0 fnt
|-unboost|p2a: Lilligant|def|1
|-unboost|p2a: Lilligant|spd|1
|faint|p1a: Heatran
|-damage|p2a: Lilligant|87/100|[from] item: Life Orb
|
|upkeep
|inactive|Daysiiii__ has 120 seconds left.
|
|t:|1758331363
|switch|p1a: Dedenne|Dedenne, F, shiny|100/100
|-damage|p1a: Dedenne|88/100|[from] Stealth Rock
|turn|10
|
|t:|1758331372
|switch|p2a: Torkoal|Torkoal, M|48/100
|-weather|SunnyDay|[from] ability: Drought|[of] p2a: Torkoal
|move|p1a: Dedenne|Substitute|p1a: Dedenne
|-start|p1a: Dedenne|Substitute
|-damage|p1a: Dedenne|63/100
|
|-weather|SunnyDay|[upkeep]
|upkeep
|turn|11
|
|t:|1758331382
|move|p1a: Dedenne|Nuzzle|p2a: Torkoal
|-damage|p2a: Torkoal|44/100
|-status|p2a: Torkoal|par
|move|p2a: Torkoal|Lava Plume|p1a: Dedenne
|-end|p1a: Dedenne|Substitute
|
|-weather|SunnyDay|[upkeep]
|upkeep
|turn|12
|inactive|Daysiiii__ has 120 seconds left.
|
|t:|1758331394
|move|p1a: Dedenne|Volt Switch|p2a: Torkoal
|-damage|p2a: Torkoal|27/100 par
|
|t:|1758331402
|switch|p1a: Dragapult|Dragapult, F|100/100|[from] Volt Switch
|-damage|p1a: Dragapult|88/100|[from] Stealth Rock
|cant|p2a: Torkoal|par
|
|-weather|SunnyDay|[upkeep]
|upkeep
|turn|13
|inactive|Daysiiii__ has 120 seconds left.
|
|t:|1758331423
|move|p1a: Dragapult|Shadow Ball|p2a: Torkoal
|-damage|p2a: Torkoal|0 fnt
|faint|p2a: Torkoal
|
|-weather|SunnyDay|[upkeep]
|upkeep
|
|t:|1758331431
|switch|p2a: Walking Wake|Walking Wake|100/100
|-activate|p2a: Walking Wake|ability: Protosynthesis
|-start|p2a: Walking Wake|protosynthesisspe
|turn|14
|
|t:|1758331442
|switch|p1a: Dedenne|Dedenne, F, shiny|63/100
|-damage|p1a: Dedenne|51/100|[from] Stealth Rock
|move|p2a: Walking Wake|Hydro Steam|p1a: Dedenne
|-damage|p1a: Dedenne|0 fnt
|faint|p1a: Dedenne
|
|-weather|SunnyDay|[upkeep]
|upkeep
|
|t:|1758331451
|switch|p1a: Dragapult|Dragapult, F|88/100
|-damage|p1a: Dragapult|76/100|[from] Stealth Rock
|turn|15
|
|t:|1758331465
|move|p2a: Walking Wake|Hydro Steam|p1a: Dragapult
|-resisted|p1a: Dragapult
|-damage|p1a: Dragapult|9/100
|move|p1a: Dragapult|Draco Meteor|p2a: Walking Wake
|-supereffective|p2a: Walking Wake
|-damage|p2a: Walking Wake|0 fnt
|-unboost|p1a: Dragapult|spa|2
|faint|p2a: Walking Wake
|-end|p2a: Walking Wake|Protosynthesis|[silent]
|
|-weather|SunnyDay|[upkeep]
|upkeep
|
|t:|1758331474
|switch|p2a: Lilligant|Lilligant-Hisui, F, tera:Fire|87/100
|turn|16
|
|t:|1758331479
|move|p2a: Lilligant|Triple Axel|p1a: Dragapult
|-supereffective|p1a: Dragapult
|-damage|p1a: Dragapult|0 fnt
|faint|p1a: Dragapult
|-hitcount|p1: Dragapult|1
|-damage|p2a: Lilligant|77/100|[from] item: Life Orb
|
|-weather|SunnyDay|[upkeep]
|upkeep
|
|t:|1758331498
|switch|p1a: Rillaboom|Rillaboom, F, shiny, tera:Grass|10/100
|-damage|p1a: Rillaboom|0 fnt|[from] Stealth Rock
|faint|p1a: Rillaboom
|
|t:|1758331501
|switch|p1a: Kingambit|Kingambit, M, shiny|100/100
|-damage|p1a: Kingambit|94/100|[from] Stealth Rock
|-activate|p1a: Kingambit|ability: Supreme Overlord
|-start|p1a: Kingambit|fallen5|[silent]
|turn|17
|inactive|Daysiiii__ has 120 seconds left.
|
|t:|1758331524
|move|p1a: Kingambit|Sucker Punch|p2a: Lilligant
|-damage|p2a: Lilligant|0 fnt
|faint|p2a: Lilligant
|
|-weather|none
|-heal|p1a: Kingambit|100/100|[from] item: Leftovers
|upkeep
|
|t:|1758331529
|switch|p2a: Great Tusk|Great Tusk|100/100
|turn|18
|
|t:|1758331543
|move|p2a: Great Tusk|Knock Off|p1a: Kingambit
|-resisted|p1a: Kingambit
|-damage|p1a: Kingambit|91/100
|-enditem|p1a: Kingambit|Leftovers|[from] move: Knock Off|[of] p2a: Great Tusk
|move|p1a: Kingambit|Iron Head|p2a: Great Tusk
|-damage|p2a: Great Tusk|59/100
|
|upkeep
|turn|19
|
|t:|1758331558
|move|p2a: Great Tusk|Headlong Rush|p1a: Kingambit
|-supereffective|p1a: Kingambit
|-damage|p1a: Kingambit|18/100
|-unboost|p2a: Great Tusk|def|1
|-unboost|p2a: Great Tusk|spd|1
|move|p1a: Kingambit|Iron Head|p2a: Great Tusk
|-crit|p2a: Great Tusk
|-damage|p2a: Great Tusk|0 fnt
|faint|p2a: Great Tusk
|-end|p2a: Great Tusk|Protosynthesis|[silent]
|
|win|Daysiiii__
|raw|Daysiiii__'s rating: 1190 &rarr; <strong>1214</strong><br />(+24 for winning)
|raw|goopunch's rating: 1175 &rarr; <strong>1151</strong><br />(-24 for losing)
|l|☆Daysiiii__
|player|p1|
|l|☆goopunch
|player|p2|
|j|☆Daysiiii__
|player|p1|Daysiiii__|102|
