|j|☆FriedAstronauts
|j|☆hameed425
|t:|1758231635
|gametype|singles
|player|p1|FriedAstronauts|marlon|1211
|player|p2|hameed425|101|1216
|gen|9
|tier|[Gen 9] OU
|rated|
|rule|HP Percentage Mod: HP is shown in percentages
|rule|Endless Battle Clause: Forcing endless battles is banned
|rule|Species Clause: Limit one of each Pokémon
|rule|OHKO Clause: OHKO moves are banned
|rule|Evasion Items Clause: Evasion items are banned
|rule|Evasion Moves Clause: Evasion moves are banned
|rule|Evasion Abilities Clause: Evasion abilities are banned
|rule|Sleep Moves Clause: Sleep-inducing moves are banned
|clearpoke
|poke|p1|Zoroark-Hisui, M|
|poke|p1|Ursaluna, F|
|poke|p1|Blissey, F|
|poke|p1|Porygon2|
|poke|p1|Slaking, F|
|poke|p1|Staraptor, F|
|poke|p2|Great Tusk|
|poke|p2|Kingambit, M|
|poke|p2|Raging Bolt|
|poke|p2|Walking Wake|
|poke|p2|Ninetales, F|
|poke|p2|Ceruledge, F|
|teampreview
|
|t:|1758231645
|teamsize|p1|6
|teamsize|p2|6
|start
|switch|p1a: Blissey|Blissey, F|100/100
|switch|p2a: Ninetales|Ninetales, F|100/100
|-weather|SunnyDay|[from] ability: Drought|[of] p2a: Ninetales
|turn|1
|
|t:|1758231651
|switch|p2a: Great Tusk|Great Tusk|100/100
|-activate|p2a: Great Tusk|ability: Protosynthesis
|-start|p2a: Great Tusk|protosynthesisatk
|move|p1a: Blissey|Nasty Plot|p1a: Blissey
|-boost|p1a: Blissey|spa|2
|
|-weather|SunnyDay|[upkeep]
|upkeep
|turn|2
|
|t:|1758231654
|move|p1a: Blissey|Psychic|p2a: Great Tusk
|-supereffective|p2a: Great Tusk
|-damage|p2a: Great Tusk|0 fnt
|faint|p2a: Great Tusk
|-end|p2a: Great Tusk|Protosynthesis|[silent]
|
|-weather|SunnyDay|[upkeep]
|upkeep
|
|t:|1758231665
|switch|p2a: Kingambit|Kingambit, M|100/100
|-activate|p2a: Kingambit|ability: Supreme Overlord
|-start|p2a: Kingambit|fallen1|[silent]
|-item|p2a: Kingambit|Air Balloon
|turn|3
|
|t:|1758231670
|switch|p1a: Porygon2|Porygon2|100/100
|move|p2a: Kingambit|Kowtow Cleave|p1a: Porygon2
|-damage|p1a: Porygon2|75/100
|
|-weather|SunnyDay|[upkeep]
|upkeep
|turn|4
|
|t:|1758231674
|move|p2a: Kingambit|Swords Dance|p2a: Kingambit
|-boost|p2a: Kingambit|atk|2
|move|p1a: Porygon2|Tri Attack|p2a: Kingambit
|-resisted|p2a: Kingambit
|-damage|p2a: Kingambit|81/100
|-enditem|p2a: Kingambit|Air Balloon
|
|-weather|SunnyDay|[upkeep]
|upkeep
|turn|5
|
|t:|1758231679
|move|p2a: Kingambit|Low Kick|p1a: Porygon2
|-supereffective|p1a: Porygon2
|-damage|p1a: Porygon2|25/100
|move|p1a: Porygon2|Tri Attack|p2a: Kingambit
|-resisted|p2a: Kingambit
|-damage|p2a: Kingambit|60/100
|
|-weather|SunnyDay|[upkeep]
|upkeep
|turn|6
|
|t:|1758231682
|move|p2a: Kingambit|Kowtow Cleave|p1a: Porygon2
|-damage|p1a: Porygon2|0 fnt
|faint|p1a: Porygon2
|
|-weather|SunnyDay|[upkeep]
|upkeep
|
|t:|1758231686
|switch|p1a: Slaking|Slaking, F|100/100
|turn|7
|
|t:|1758231690
|-terastallize|p2a: Kingambit|Ghost
|move|p1a: Slaking|Earthquake|p2a: Kingambit
|-damage|p2a: Kingambit|27/100
|move|p2a: Kingambit|Swords Dance|p2a: Kingambit
|-boost|p2a: Kingambit|atk|2
|
|-weather|SunnyDay|[upkeep]
|upkeep
|turn|8
|
|t:|1758231695
|switch|p1a: Staraptor|Staraptor, F|100/100
|-ability|p1a: Staraptor|Intimidate|boost
|-unboost|p2a: Kingambit|atk|1
|move|p2a: Kingambit|Low Kick|p1a: Staraptor
|-damage|p1a: Staraptor|39/100
|
|-weather|none
|upkeep
|turn|9
|
|t:|1758231698
|move|p2a: Kingambit|Sucker Punch|p1a: Staraptor
|-damage|p1a: Staraptor|0 fnt
|faint|p1a: Staraptor
|
|upkeep
|
|t:|1758231700
|switch|p1a: Slaking|Slaking, F|100/100
|turn|10
|
|t:|1758231703
|move|p2a: Kingambit|Sucker Punch|p1a: Slaking
|-damage|p1a: Slaking|9/100
|move|p1a: Slaking|Knock Off|p2a: Kingambit
|-supereffective|p2a: Kingambit
|-damage|p2a: Kingambit|0 fnt
|faint|p2a: Kingambit
|-end|p2a: Kingambit|fallen1|[silent]
|
|upkeep
|
|t:|1758231707
|switch|p2a: Ninetales|Ninetales, F|100/100
|-weather|SunnyDay|[from] ability: Drought|[of] p2a: Ninetales
|turn|11
|
|t:|1758231710
|switch|p1a: Blissey|Blissey, F|100/100
|move|p2a: Ninetales|Scorching Sands|p1a: Blissey
|-damage|p1a: Blissey|94/100
|
|-weather|SunnyDay|[upkeep]
|-heal|p1a: Blissey|99/100|[from] item: Leftovers
|upkeep
|turn|12
|
|t:|1758231712
|switch|p2a: Ceruledge|Ceruledge, F|100/100
|move|p1a: Blissey|Stealth Rock|p2a: Ceruledge
|-sidestart|p2: hameed425|move: Stealth Rock
|
|-weather|SunnyDay|[upkeep]
|-heal|p1a: Blissey|100/100|[from] item: Leftovers
|upkeep
|turn|13
|
|t:|1758231716
|move|p2a: Ceruledge|Swords Dance|p2a: Ceruledge
|-boost|p2a: Ceruledge|atk|2
|move|p1a: Blissey|Thunder Wave|p2a: Ceruledge
|-status|p2a: Ceruledge|par
|
|-weather|SunnyDay|[upkeep]
|upkeep
|turn|14
|
|t:|1758231718
|switch|p1a: Ursaluna|Ursaluna, F|100/100
|move|p2a: Ceruledge|Bitter Blade|p1a: Ursaluna
|-damage|p1a: Ursaluna|2/100
|
|-weather|SunnyDay|[upkeep]
|-status|p1a: Ursaluna|brn|[from] item: Flame Orb
|upkeep
|turn|15
|
|t:|1758231722
|move|p1a: Ursaluna|Earthquake|p2a: Ceruledge
|-supereffective|p2a: Ceruledge
|-damage|p2a: Ceruledge|0 fnt
|faint|p2a: Ceruledge
|
|-weather|SunnyDay|[upkeep]
|-damage|p1a: Ursaluna|0 fnt|[from] brn
|faint|p1a: Ursaluna
|upkeep
|
|t:|1758231728
|switch|p2a: Walking Wake|Walking Wake|100/100
|switch|p1a: Slaking|Slaking, F|100/100
|-damage|p2a: Walking Wake|88/100|[from] Stealth Rock
|-activate|p2a: Walking Wake|ability: Protosynthesis
|-start|p2a: Walking Wake|protosynthesisspe
|turn|16
|
|t:|1758231732
|move|p2a: Walking Wake|Flip Turn|p1a: Slaking
|-damage|p1a: Slaking|85/100
|replace|p1a: Zoroark|Zoroark-Hisui, M
|-end|p1a: Zoroark|Illusion
|
|t:|1758231737
|-end|p2a: Walking Wake|Protosynthesis|[silent]
|switch|p2a: Raging Bolt|Raging Bolt|100/100|[from] Flip Turn
|-damage|p2a: Raging Bolt|88/100|[from] Stealth Rock
|-activate|p2a: Raging Bolt|ability: Protosynthesis
|-start|p2a: Raging Bolt|protosynthesisspa
|move|p1a: Zoroark|Hyper Voice|p2a: Raging Bolt
|-damage|p2a: Raging Bolt|48/100
|
|-weather|SunnyDay|[upkeep]
|upkeep
|turn|17
|
|t:|1758231741
|switch|p1a: Blissey|Blissey, F|100/100
|move|p2a: Raging Bolt|Thunderclap||[still]
|-fail|p2a: Raging Bolt
|
|-weather|SunnyDay|[upkeep]
|upkeep
|turn|18
|
|t:|1758231744
|move|p2a: Raging Bolt|Dragon Pulse|p1a: Blissey
|-crit|p1a: Blissey
|-damage|p1a: Blissey|54/100
|-damage|p2a: Raging Bolt|38/100|[from] item: Life Orb
|move|p1a: Blissey|Thunder Wave|p2a: Raging Bolt
|-immune|p2a: Raging Bolt
|
|-weather|none
|-end|p2a: Raging Bolt|Protosynthesis
|-heal|p1a: Blissey|60/100|[from] item: Leftovers
|upkeep
|turn|19
|
|t:|1758231748
|-end|p2a: Raging Bolt|Protosynthesis|[silent]
|switch|p2a: Ninetales|Ninetales, F|100/100
|-damage|p2a: Ninetales|76/100|[from] Stealth Rock
|-weather|SunnyDay|[from] ability: Drought|[of] p2a: Ninetales
|move|p1a: Blissey|Seismic Toss|p2a: Ninetales
|-damage|p2a: Ninetales|41/100
|
|-weather|SunnyDay|[upkeep]
|-heal|p1a: Blissey|66/100|[from] item: Leftovers
|upkeep
|turn|20
|
|t:|1758231753
|move|p2a: Ninetales|Encore|p1a: Blissey
|-start|p1a: Blissey|Encore
|move|p1a: Blissey|Seismic Toss|p2a: Ninetales
|-damage|p2a: Ninetales|6/100
|
|-weather|SunnyDay|[upkeep]
|-heal|p1a: Blissey|73/100|[from] item: Leftovers
|upkeep
|turn|21
|
|t:|1758231755
|move|p2a: Ninetales|Healing Wish|p2a: Ninetales
|faint|p2a: Ninetales
|move|p1a: Blissey|Seismic Toss|p2: Ninetales|[notarget]
|-fail|p1a: Blissey
|
|-weather|SunnyDay|[upkeep]
|-heal|p1a: Blissey|79/100|[from] item: Leftovers
|upkeep
|
|t:|1758231757
|switch|p2a: Raging Bolt|Raging Bolt|38/100
|-heal|p2a: Raging Bolt|100/100|[from] move: Healing Wish
|-damage|p2a: Raging Bolt|88/100|[from] Stealth Rock
|-activate|p2a: Raging Bolt|ability: Protosynthesis
|-start|p2a: Raging Bolt|protosynthesisspa
|turn|22
|
|t:|1758231759
|move|p2a: Raging Bolt|Dragon Pulse|p1a: Blissey
|-damage|p1a: Blissey|45/100
|-damage|p2a: Raging Bolt|78/100|[from] item: Life Orb
|move|p1a: Blissey|Seismic Toss|p2a: Raging Bolt
|-damage|p2a: Raging Bolt|53/100
|
|-weather|SunnyDay|[upkeep]
|-heal|p1a: Blissey|51/100|[from] item: Leftovers
|-end|p1a: Blissey|Encore
|upkeep
|turn|23
|
|t:|1758231761
|move|p2a: Raging Bolt|Dragon Pulse|p1a: Blissey
|-damage|p1a: Blissey|20/100
|-damage|p2a: Raging Bolt|43/100|[from] item: Life Orb
|move|p1a: Blissey|Soft-Boiled|p1a: Blissey
|-heal|p1a: Blissey|70/100
|
|-weather|SunnyDay|[upkeep]
|-heal|p1a: Blissey|77/100|[from] item: Leftovers
|upkeep
|turn|24
|inactive|Battle timer is ON: inactive players will automatically lose when time's up. (requested by FriedAstronauts)
|l|☆hameed425
|inactive|hameed425 disconnected and has a minute to reconnect!
|player|p2|
|inactive|hameed425 has 30 seconds to reconnect!
|inactive|hameed425 has 20 seconds to reconnect!
|inactive|hameed425 has 15 seconds to reconnect!
|inactive|hameed425 has 10 seconds to reconnect!
|l|☆FriedAstronauts
|inactive|FriedAstronauts disconnected and has a minute to reconnect!
|player|p1|
|inactive|hameed425 has 5 seconds to reconnect!
|-message|hameed425 lost due to inactivity.
|
|win|FriedAstronauts
|raw|FriedAstronauts's rating: 1211 &rarr; <strong>1235</strong><br />(+24 for winning)
|raw|hameed425's rating: 1191 &rarr; <strong>1167</strong><br />(-24 for losing)
