|j|☆doodieray
|j|☆Elite R2dnl
|t:|1758341348
|gametype|singles
|player|p1|doodieray|265|1410
|player|p2|Elite R2dnl|kimonogirl|1419
|gen|9
|tier|[Gen 9] OU
|rated|
|rule|HP Percentage Mod: HP is shown in percentages
|rule|Endless Battle Clause: Forcing endless battles is banned
|rule|Species Clause: Limit one of each Pokémon
|rule|OHKO Clause: OHKO moves are banned
|rule|Evasion Items Clause: Evasion items are banned
|rule|Evasion Moves Clause: Evasion moves are banned
|rule|Evasion Abilities Clause: Evasion abilities are banned
|rule|Sleep Moves Clause: Sleep-inducing moves are banned
|clearpoke
|poke|p1|Regidrago|
|poke|p1|Enamorus, F|
|poke|p1|Slowking-Galar, F|
|poke|p1|Iron Treads|
|poke|p1|Toxapex, M|
|poke|p1|Moltres-Galar|
|poke|p2|Ogerpon-Wellspring, F|
|poke|p2|Slowking-Galar, M|
|poke|p2|Great Tusk|
|poke|p2|Samurott-Hisui, F|
|poke|p2|Scizor, M|
|poke|p2|Zapdos|
|teampreview
|inactive|Battle timer is ON: inactive players will automatically lose when time's up. (requested by doodieray)
|
|t:|1758341363
|teamsize|p1|6
|teamsize|p2|6
|start
|switch|p1a: Regidrago|Regidrago|100/100
|switch|p2a: Zapdos|Zapdos|100/100
|-ability|p2a: Zapdos|Pressure
|turn|1
|
|t:|1758341377
|move|p2a: Zapdos|Volt Switch|p1a: Regidrago
|-resisted|p1a: Regidrago
|-damage|p1a: Regidrago|82/100
|
|t:|1758341397
|switch|p2a: Slowking|Slowking-Galar, M|100/100|[from] Volt Switch
|move|p1a: Regidrago|Draco Meteor|p2a: Slowking
|-damage|p2a: Slowking|32/100
|-unboost|p1a: Regidrago|spa|2
|
|upkeep
|turn|2
|inactive|Elite R2dnl has 120 seconds left.
|
|t:|1758341426
|move|p1a: Regidrago|Draco Meteor|p2a: Slowking
|-damage|p2a: Slowking|0 fnt
|-unboost|p1a: Regidrago|spa|2
|faint|p2a: Slowking
|
|upkeep
|inactive|Elite R2dnl has 90 seconds left.
|
|t:|1758341467
|switch|p2a: Scizor|Scizor, M|100/100
|turn|3
|
|t:|1758341474
|switch|p1a: Toxapex|Toxapex, M|100/100
|move|p2a: Scizor|Knock Off|p1a: Toxapex
|-crit|p1a: Toxapex
|-damage|p1a: Toxapex|72/100
|-damage|p2a: Scizor|84/100|[from] item: Rocky Helmet|[of] p1a: Toxapex
|-enditem|p1a: Toxapex|Rocky Helmet|[from] move: Knock Off|[of] p2a: Scizor
|
|upkeep
|turn|4
|inactive|Elite R2dnl has 90 seconds left.
|
|t:|1758341482
|move|p2a: Scizor|U-turn|p1a: Toxapex
|-resisted|p1a: Toxapex
|-damage|p1a: Toxapex|62/100
|
|t:|1758341486
|switch|p2a: Zapdos|Zapdos|100/100|[from] U-turn
|-ability|p2a: Zapdos|Pressure
|move|p1a: Toxapex|Toxic|p2a: Zapdos
|-status|p2a: Zapdos|tox
|
|-damage|p2a: Zapdos|94/100 tox|[from] psn
|upkeep
|turn|5
|
|t:|1758341496
|switch|p1a: Slowking|Slowking-Galar, F|100/100
|move|p2a: Zapdos|Thunderbolt|p1a: Slowking
|-damage|p1a: Slowking|73/100
|
|-damage|p2a: Zapdos|82/100 tox|[from] psn
|upkeep
|turn|6
|
|t:|1758341500
|move|p2a: Zapdos|Volt Switch|p1a: Slowking
|-damage|p1a: Slowking|54/100
|
|t:|1758341504
|switch|p2a: Samurott|Samurott-Hisui, F|100/100|[from] Volt Switch
|-prepare|p1a: Slowking|Chilly Reception|[premajor]
|move|p1a: Slowking|Chilly Reception|p1a: Slowking
|-weather|Snowscape
|
|t:|1758341514
|switch|p1a: Enamorus|Enamorus, F|100/100|[from] Chilly Reception
|
|-weather|Snowscape|[upkeep]
|upkeep
|turn|7
|inactive|Elite R2dnl has 120 seconds left.
|
|t:|1758341534
|move|p1a: Enamorus|Moonblast|p2a: Samurott
|-supereffective|p2a: Samurott
|-damage|p2a: Samurott|0 fnt
|faint|p2a: Samurott
|
|-weather|Snowscape|[upkeep]
|upkeep
|
|t:|1758341559
|switch|p2a: Ogerpon|Ogerpon-Wellspring, F|100/100
|turn|8
|
|t:|1758341572
|switch|p1a: Toxapex|Toxapex, M|95/100
|move|p2a: Ogerpon|Ivy Cudgel|p1a: Toxapex|[anim] Ivy Cudgel Water
|-resisted|p1a: Toxapex
|-damage|p1a: Toxapex|78/100
|
|-weather|Snowscape|[upkeep]
|upkeep
|turn|9
|inactive|Elite R2dnl has 90 seconds left.
|
|t:|1758341613
|switch|p2a: Scizor|Scizor, M|84/100
|move|p1a: Toxapex|Toxic|p2a: Scizor
|-immune|p2a: Scizor
|
|-weather|Snowscape|[upkeep]
|upkeep
|turn|10
|
|t:|1758341618
|move|p2a: Scizor|U-turn|p1a: Toxapex
|-resisted|p1a: Toxapex
|-damage|p1a: Toxapex|68/100
|
|t:|1758341621
|switch|p2a: Zapdos|Zapdos|82/100 tox|[from] U-turn
|-ability|p2a: Zapdos|Pressure
|move|p1a: Toxapex|Recover|p1a: Toxapex
|-heal|p1a: Toxapex|100/100
|
|-weather|none
|-damage|p2a: Zapdos|76/100 tox|[from] psn
|upkeep
|turn|11
|
|t:|1758341628
|switch|p1a: Iron Treads|Iron Treads|100/100
|-enditem|p1a: Iron Treads|Booster Energy
|-activate|p1a: Iron Treads|ability: Quark Drive|[fromitem]
|-start|p1a: Iron Treads|quarkdrivespe
|move|p2a: Zapdos|Thunderbolt|p1a: Iron Treads
|-immune|p1a: Iron Treads
|
|-damage|p2a: Zapdos|63/100 tox|[from] psn
|upkeep
|turn|12
|
|t:|1758341632
|move|p1a: Iron Treads|Stealth Rock|p2a: Zapdos
|-sidestart|p2: Elite R2dnl|move: Stealth Rock
|move|p2a: Zapdos|Heat Wave|p1a: Iron Treads
|-supereffective|p1a: Iron Treads
|-damage|p1a: Iron Treads|16/100
|
|-damage|p2a: Zapdos|44/100 tox|[from] psn
|upkeep
|turn|13
|
|t:|1758341637
|move|p1a: Iron Treads|Knock Off|p2a: Zapdos
|-damage|p2a: Zapdos|10/100 tox
|-enditem|p2a: Zapdos|Assault Vest|[from] move: Knock Off|[of] p1a: Iron Treads
|move|p2a: Zapdos|Heat Wave|p1a: Iron Treads
|-supereffective|p1a: Iron Treads
|-damage|p1a: Iron Treads|0 fnt
|faint|p1a: Iron Treads
|-end|p1a: Iron Treads|Quark Drive|[silent]
|
|-damage|p2a: Zapdos|0 fnt|[from] psn
|faint|p2a: Zapdos
|upkeep
|
|t:|1758341648
|switch|p1a: Regidrago|Regidrago|82/100
|switch|p2a: Scizor|Scizor, M|84/100
|-damage|p2a: Scizor|72/100|[from] Stealth Rock
|turn|14
|inactive|Elite R2dnl has 120 seconds left.
|inactive|Elite R2dnl has 90 seconds left.
|
|t:|1758341702
|move|p1a: Regidrago|Draco Meteor|p2a: Scizor
|-resisted|p2a: Scizor
|-damage|p2a: Scizor|0 fnt
|-unboost|p1a: Regidrago|spa|2
|faint|p2a: Scizor
|
|upkeep
|
|t:|1758341705
|switch|p2a: Ogerpon|Ogerpon-Wellspring, F|100/100
|-damage|p2a: Ogerpon|88/100|[from] Stealth Rock
|turn|15
|
|t:|1758341725
|switch|p1a: Toxapex|Toxapex, M|100/100
|-terastallize|p2a: Ogerpon|Water
|detailschange|p2a: Ogerpon|Ogerpon-Wellspring-Tera, F, tera:Water
|-ability|p2a: Ogerpon|Embody Aspect (Wellspring)|boost
|-boost|p2a: Ogerpon|spd|1
|move|p2a: Ogerpon|Swords Dance|p2a: Ogerpon
|-boost|p2a: Ogerpon|atk|2
|
|upkeep
|turn|16
|inactive|Elite R2dnl has 90 seconds left.
|
|t:|1758341735
|move|p2a: Ogerpon|Power Whip|p1a: Toxapex
|-damage|p1a: Toxapex|18/100
|move|p1a: Toxapex|Haze|p1a: Toxapex
|-clearallboost
|
|upkeep
|turn|17
|
|t:|1758341740
|move|p2a: Ogerpon|Swords Dance|p2a: Ogerpon
|-boost|p2a: Ogerpon|atk|2
|move|p1a: Toxapex|Toxic|p2a: Ogerpon
|-status|p2a: Ogerpon|tox
|
|-damage|p2a: Ogerpon|82/100 tox|[from] psn
|upkeep
|turn|18
|
|t:|1758341748
|move|p2a: Ogerpon|Knock Off|p1a: Toxapex
|-damage|p1a: Toxapex|0 fnt
|faint|p1a: Toxapex
|
|-damage|p2a: Ogerpon|70/100 tox|[from] psn
|upkeep
|
|t:|1758341750
|switch|p1a: Enamorus|Enamorus, F|100/100
|turn|19
|
|t:|1758341755
|move|p1a: Enamorus|Moonblast|p2a: Ogerpon
|-damage|p2a: Ogerpon|13/100 tox
|-unboost|p2a: Ogerpon|spa|1
|move|p2a: Ogerpon|Ivy Cudgel|p1a: Enamorus|[anim] Ivy Cudgel Water
|-damage|p1a: Enamorus|0 fnt
|faint|p1a: Enamorus
|
|-damage|p2a: Ogerpon|0 fnt|[from] psn
|faint|p2a: Ogerpon
|detailschange|p2: Ogerpon|Ogerpon-Wellspring, F|[silent]
|upkeep
|inactive|Elite R2dnl has 120 seconds left.
|
|t:|1758341764
|switch|p2a: Great Tusk|Great Tusk|100/100
|switch|p1a: Moltres|Moltres-Galar|100/100
|turn|20
|
|t:|1758341769
|-terastallize|p1a: Moltres|Fairy
|move|p2a: Great Tusk|Rapid Spin|p1a: Moltres
|-damage|p1a: Moltres|79/100
|-boost|p2a: Great Tusk|spe|1
|-sideend|p2: Elite R2dnl|Stealth Rock|[from] move: Rapid Spin|[of] p2a: Great Tusk
|move|p1a: Moltres|Tera Blast|p2a: Great Tusk|[anim] Tera Blast Fairy
|-supereffective|p2a: Great Tusk
|-damage|p2a: Great Tusk|0 fnt
|faint|p2a: Great Tusk
|-end|p2a: Great Tusk|Protosynthesis|[silent]
|
|win|doodieray
|raw|doodieray's rating: 1410 &rarr; <strong>1431</strong><br />(+21 for winning)
|raw|Elite R2dnl's rating: 1419 &rarr; <strong>1398</strong><br />(-21 for losing)
|l|☆Elite R2dnl
|player|p2|
|l|☆doodieray
|player|p1|
