|j|☆shadowVVyER
|j|☆notmeezo
|t:|1758254431
|gametype|singles
|player|p1|shadowVVyER|dawn-gen4pt|1225
|player|p2|notmeezo|lucas|1242
|gen|9
|tier|[Gen 9] OU
|rated|
|rule|HP Percentage Mod: HP is shown in percentages
|rule|Endless Battle Clause: Forcing endless battles is banned
|rule|Species Clause: Limit one of each Pokémon
|rule|OHKO Clause: OHKO moves are banned
|rule|Evasion Items Clause: Evasion items are banned
|rule|Evasion Moves Clause: Evasion moves are banned
|rule|Evasion Abilities Clause: Evasion abilities are banned
|rule|Sleep Moves Clause: Sleep-inducing moves are banned
|clearpoke
|poke|p1|Ogerpon-Wellspring, F|
|poke|p1|Kingambit, M|
|poke|p1|Landorus-Therian, M|
|poke|p1|Glimmora, F|
|poke|p1|Dragapult, M|
|poke|p1|Iron Valiant|
|poke|p2|Zamazenta-*|
|poke|p2|Serperior, M|
|poke|p2|Rotom-Heat|
|poke|p2|Corviknight, F|
|poke|p2|Gliscor, F|
|poke|p2|Ogerpon-Wellspring, F|
|teampreview
|inactive|Battle timer is ON: inactive players will automatically lose when time's up. (requested by notmeezo)
|inactive|notmeezo has 120 seconds left.
|
|t:|1758254467
|teamsize|p1|6
|teamsize|p2|6
|start
|switch|p1a: Landorus|Landorus-Therian, M|100/100
|switch|p2a: Mystic|Ogerpon-Wellspring, F|100/100
|-ability|p1a: Landorus|Intimidate|boost
|-unboost|p2a: Mystic|atk|1
|turn|1
|
|t:|1758254482
|switch|p2a: Corviknight|Corviknight, F|100/100
|switch|p1a: Ogerpon|Ogerpon-Wellspring, F|100/100
|
|upkeep
|turn|2
|
|t:|1758254488
|-terastallize|p1a: Ogerpon|Water
|detailschange|p1a: Ogerpon|Ogerpon-Wellspring-Tera, F, tera:Water
|-ability|p1a: Ogerpon|Embody Aspect (Wellspring)|boost
|-boost|p1a: Ogerpon|spd|1
|move|p1a: Ogerpon|Ivy Cudgel|p2a: Corviknight|[anim] Ivy Cudgel Water
|-crit|p2a: Corviknight
|-damage|p2a: Corviknight|25/100
|move|p2a: Corviknight|Body Press|p1a: Ogerpon
|-damage|p1a: Ogerpon|66/100
|
|upkeep
|turn|3
|
|t:|1758254500
|switch|p2a: Mystic|Ogerpon-Wellspring, F|100/100
|move|p1a: Ogerpon|Play Rough|p2a: Mystic
|-damage|p2a: Mystic|56/100
|
|upkeep
|turn|4
|
|t:|1758254513
|switch|p1a: Dragapult|Dragapult, M|100/100
|move|p2a: Mystic|Horn Leech|p1a: Dragapult
|-resisted|p1a: Dragapult
|-damage|p1a: Dragapult|72/100
|-heal|p2a: Mystic|71/100|[from] drain|[of] p1a: Dragapult
|
|upkeep
|turn|5
|
|t:|1758254523
|switch|p2a: Pinch|Gliscor, F|100/100
|move|p1a: Dragapult|Draco Meteor|p2a: Pinch
|-crit|p2a: Pinch
|-damage|p2a: Pinch|0 fnt
|-unboost|p1a: Dragapult|spa|2
|faint|p2a: Pinch
|
|upkeep
|
|t:|1758254538
|switch|p2a: Shield|Zamazenta|100/100
|-ability|p2a: Shield|Dauntless Shield|boost
|-boost|p2a: Shield|def|1
|turn|6
|
|t:|1758254547
|switch|p1a: Ogerpon|Ogerpon-Wellspring-Tera, F, tera:Water|66/100
|-ability|p1a: Ogerpon|Embody Aspect (Wellspring)|boost
|-boost|p1a: Ogerpon|spd|1
|move|p2a: Shield|Iron Defense|p2a: Shield
|-boost|p2a: Shield|def|2
|
|upkeep
|turn|7
|
|t:|1758254555
|move|p2a: Shield|Body Press|p1a: Ogerpon
|-damage|p1a: Ogerpon|0 fnt
|faint|p1a: Ogerpon
|detailschange|p1: Ogerpon|Ogerpon-Wellspring, F|[silent]
|
|upkeep
|
|t:|1758254560
|switch|p1a: Dragapult|Dragapult, M|72/100
|turn|8
|
|t:|1758254562
|move|p1a: Dragapult|Draco Meteor|p2a: Shield
|-damage|p2a: Shield|29/100
|-unboost|p1a: Dragapult|spa|2
|move|p2a: Shield|Ice Fang|p1a: Dragapult
|-supereffective|p1a: Dragapult
|-damage|p1a: Dragapult|18/100
|
|upkeep
|turn|9
|
|t:|1758254570
|move|p1a: Dragapult|Draco Meteor|p2a: Shield
|-damage|p2a: Shield|0 fnt
|-unboost|p1a: Dragapult|spa|2
|faint|p2a: Shield
|
|upkeep
|
|t:|1758254574
|switch|p2a: Fuzzy|Serperior, M|100/100
|turn|10
|
|t:|1758254584
|switch|p1a: Landorus|Landorus-Therian, M|100/100
|-ability|p1a: Landorus|Intimidate|boost
|-boost|p2a: Fuzzy|atk|1
|move|p2a: Fuzzy|Glare|p1a: Landorus
|-status|p1a: Landorus|par
|
|upkeep
|turn|11
|
|t:|1758254591
|-terastallize|p2a: Fuzzy|Electric
|move|p2a: Fuzzy|Substitute|p2a: Fuzzy
|-start|p2a: Fuzzy|Substitute
|-damage|p2a: Fuzzy|75/100
|cant|p1a: Landorus|par
|
|-heal|p2a: Fuzzy|82/100|[from] item: Leftovers
|upkeep
|turn|12
|
|t:|1758254599
|move|p2a: Fuzzy|Leaf Storm|p1a: Landorus|[miss]
|-miss|p2a: Fuzzy|p1a: Landorus
|cant|p1a: Landorus|par
|
|-heal|p2a: Fuzzy|88/100|[from] item: Leftovers
|upkeep
|turn|13
|
|t:|1758254606
|move|p2a: Fuzzy|Leaf Storm|p1a: Landorus
|-damage|p1a: Landorus|57/100 par
|-boost|p2a: Fuzzy|spa|2
|move|p1a: Landorus|Earthquake|p2a: Fuzzy
|-supereffective|p2a: Fuzzy
|-end|p2a: Fuzzy|Substitute
|
|-heal|p2a: Fuzzy|94/100|[from] item: Leftovers
|upkeep
|turn|14
|
|t:|1758254614
|move|p2a: Fuzzy|Leaf Storm|p1a: Landorus
|-damage|p1a: Landorus|0 fnt
|-boost|p2a: Fuzzy|spa|2
|faint|p1a: Landorus
|
|-heal|p2a: Fuzzy|99/100|[from] item: Leftovers
|upkeep
|
|t:|1758254621
|switch|p1a: Iron Valiant|Iron Valiant|100/100
|-enditem|p1a: Iron Valiant|Booster Energy
|-activate|p1a: Iron Valiant|ability: Quark Drive|[fromitem]
|-start|p1a: Iron Valiant|quarkdrivespe
|turn|15
|
|t:|1758254627
|move|p1a: Iron Valiant|Spirit Break|p2a: Fuzzy
|-damage|p2a: Fuzzy|58/100
|-boost|p2a: Fuzzy|spa|1
|move|p2a: Fuzzy|Leaf Storm|p1a: Iron Valiant
|-damage|p1a: Iron Valiant|0 fnt
|-boost|p2a: Fuzzy|spa|1
|faint|p1a: Iron Valiant
|-end|p1a: Iron Valiant|Quark Drive|[silent]
|
|-heal|p2a: Fuzzy|64/100|[from] item: Leftovers
|upkeep
|
|t:|1758254637
|switch|p1a: Dragapult|Dragapult, M|18/100
|turn|16
|
|t:|1758254642
|switch|p2a: Corviknight|Corviknight, F|25/100
|move|p1a: Dragapult|Draco Meteor|p2a: Corviknight
|-resisted|p2a: Corviknight
|-damage|p2a: Corviknight|0 fnt
|-unboost|p1a: Dragapult|spa|2
|faint|p2a: Corviknight
|
|upkeep
|
|t:|1758254648
|switch|p2a: Fuzzy|Serperior, M, tera:Electric|64/100
|turn|17
|
|t:|1758254653
|switch|p1a: Glimmora|Glimmora, F|100/100
|move|p2a: Fuzzy|Leaf Storm|p1a: Glimmora
|-damage|p1a: Glimmora|45/100
|-boost|p2a: Fuzzy|spa|2
|
|-heal|p2a: Fuzzy|71/100|[from] item: Leftovers
|upkeep
|turn|18
|
|t:|1758254661
|move|p2a: Fuzzy|Leaf Storm|p1a: Glimmora
|-damage|p1a: Glimmora|0 fnt
|-boost|p2a: Fuzzy|spa|2
|faint|p1a: Glimmora
|
|-heal|p2a: Fuzzy|77/100|[from] item: Leftovers
|upkeep
|
|t:|1758254668
|switch|p1a: Dragapult|Dragapult, M|18/100
|turn|19
|
|t:|1758254673
|switch|p2a: Telkom|Rotom-Heat|100/100
|move|p1a: Dragapult|Draco Meteor|p2a: Telkom
|-damage|p2a: Telkom|0 fnt
|-unboost|p1a: Dragapult|spa|2
|faint|p2a: Telkom
|
|upkeep
|
|t:|1758254679
|switch|p2a: Fuzzy|Serperior, M, tera:Electric|77/100
|turn|20
|
|t:|1758254683
|move|p1a: Dragapult|Draco Meteor|p2a: Fuzzy
|-damage|p2a: Fuzzy|33/100
|-unboost|p1a: Dragapult|spa|2
|move|p2a: Fuzzy|Substitute|p2a: Fuzzy
|-start|p2a: Fuzzy|Substitute
|-damage|p2a: Fuzzy|8/100
|
|-heal|p2a: Fuzzy|14/100|[from] item: Leftovers
|upkeep
|turn|21
|
|t:|1758254692
|switch|p1a: Kingambit|Kingambit, M|100/100
|-activate|p1a: Kingambit|ability: Supreme Overlord
|-start|p1a: Kingambit|fallen4|[silent]
|move|p2a: Fuzzy|Glare|p1a: Kingambit
|-status|p1a: Kingambit|par
|
|-heal|p2a: Fuzzy|20/100|[from] item: Leftovers
|upkeep
|turn|22
|
|t:|1758254701
|move|p2a: Fuzzy|Leaf Storm|p1a: Kingambit
|-resisted|p1a: Kingambit
|-damage|p1a: Kingambit|82/100 par
|-boost|p2a: Fuzzy|spa|2
|move|p1a: Kingambit|Swords Dance|p1a: Kingambit
|-boost|p1a: Kingambit|atk|2
|
|-heal|p2a: Fuzzy|26/100|[from] item: Leftovers
|-heal|p1a: Kingambit|88/100 par|[from] item: Leftovers
|upkeep
|turn|23
|
|t:|1758254709
|move|p2a: Fuzzy|Leaf Storm|p1a: Kingambit
|-resisted|p1a: Kingambit
|-damage|p1a: Kingambit|47/100 par
|-boost|p2a: Fuzzy|spa|2
|move|p1a: Kingambit|Kowtow Cleave|p2a: Fuzzy
|-end|p2a: Fuzzy|Substitute
|
|-heal|p2a: Fuzzy|33/100|[from] item: Leftovers
|-heal|p1a: Kingambit|53/100 par|[from] item: Leftovers
|upkeep
|turn|24
|
|t:|1758254719
|move|p1a: Kingambit|Sucker Punch||[still]
|-fail|p1a: Kingambit
|move|p2a: Fuzzy|Substitute|p2a: Fuzzy
|-start|p2a: Fuzzy|Substitute
|-damage|p2a: Fuzzy|8/100
|
|-heal|p2a: Fuzzy|14/100|[from] item: Leftovers
|-heal|p1a: Kingambit|59/100 par|[from] item: Leftovers
|upkeep
|turn|25
|
|t:|1758254725
|move|p2a: Fuzzy|Tera Blast|p1a: Kingambit|[anim] Tera Blast Electric
|-damage|p1a: Kingambit|0 fnt
|faint|p1a: Kingambit
|-end|p1a: Kingambit|fallen4|[silent]
|
|-heal|p2a: Fuzzy|20/100|[from] item: Leftovers
|upkeep
|-message|shadowVVyER forfeited.
|
|win|notmeezo
|raw|shadowVVyER's rating: 1225 &rarr; <strong>1201</strong><br />(-24 for losing)
|raw|notmeezo's rating: 1242 &rarr; <strong>1266</strong><br />(+24 for winning)
|l|☆shadowVVyER
|player|p1|
|l|☆notmeezo
|player|p2|
