|j|☆igoldenso
|j|☆darkthrillz
|t:|1758231226
|gametype|singles
|player|p1|igoldenso|juggler|1283
|player|p2|darkthrillz|shadowtriad|1258
|gen|9
|tier|[Gen 9] OU
|rated|
|rule|HP Percentage Mod: HP is shown in percentages
|rule|Endless Battle Clause: Forcing endless battles is banned
|rule|Species Clause: Limit one of each Pokémon
|rule|OHKO Clause: OHKO moves are banned
|rule|Evasion Items Clause: Evasion items are banned
|rule|Evasion Moves Clause: Evasion moves are banned
|rule|Evasion Abilities Clause: Evasion abilities are banned
|rule|Sleep Moves Clause: Sleep-inducing moves are banned
|clearpoke
|poke|p1|Ribombee, F|
|poke|p1|Cinderace, M|
|poke|p1|Serperior, F|
|poke|p1|Malamar, M|
|poke|p1|Milotic, F|
|poke|p1|Kingambit, M|
|poke|p2|Milotic, M|
|poke|p2|Ceruledge, M|
|poke|p2|Tauros-Paldea-Blaze, M|
|poke|p2|Tornadus-Therian, M|
|poke|p2|Toxtricity-Low-Key, F|
|poke|p2|Espeon, F|
|teampreview
|inactive|Battle timer is ON: inactive players will automatically lose when time's up. (requested by igoldenso)
|
|t:|1758231254
|teamsize|p1|6
|teamsize|p2|6
|start
|switch|p1a: Ribombee|Ribombee, F|100/100
|switch|p2a: Tauros|Tauros-Paldea-Blaze, M|100/100
|-ability|p2a: Tauros|Intimidate|boost
|-unboost|p1a: Ribombee|atk|1
|turn|1
|
|t:|1758231261
|switch|p2a: Ion|Espeon, F|100/100
|move|p1a: Ribombee|Sticky Web|p2a: Ion
|move|p2a: Ion|Sticky Web|p1a: Ribombee|[from] ability: Magic Bounce
|-sidestart|p1: igoldenso|move: Sticky Web
|
|upkeep
|turn|2
|c|☆darkthrillz|Noob
|
|t:|1758231275
|move|p1a: Ribombee|Skill Swap|p2a: Ion
|-activate|p1a: Ribombee|move: Skill Swap|Magic Bounce|Honey Gather|[of] p2a: Ion
|move|p2a: Ion|Light Screen|p2a: Ion
|-sidestart|p2: darkthrillz|move: Light Screen
|
|upkeep
|turn|3
|
|t:|1758231283
|move|p1a: Ribombee|Sticky Web|p2a: Ion
|-sidestart|p2: darkthrillz|move: Sticky Web
|move|p2a: Ion|Reflect|p2a: Ion
|-sidestart|p2: darkthrillz|Reflect
|
|upkeep
|turn|4
|
|t:|1758231290
|switch|p1a: Cinderace|Cinderace, M|100/100
|switch|p2a: Lotic|Milotic, M, shiny|100/100
|-activate|p2a: Lotic|move: Sticky Web
|-unboost|p2a: Lotic|spe|1
|-ability|p2a: Lotic|Competitive|boost
|-boost|p2a: Lotic|spa|2
|
|upkeep
|turn|5
|inactive|darkthrillz has 120 seconds left.
|
|t:|1758231320
|move|p1a: Cinderace|Court Change|p1a: Cinderace
|-swapsideconditions
|-activate|p1a: Cinderace|move: Court Change
|move|p2a: Lotic|Scald|p1a: Cinderace
|-supereffective|p1a: Cinderace
|-damage|p1a: Cinderace|24/100
|
|upkeep
|turn|6
|
|t:|1758231326
|move|p1a: Cinderace|Super Fang|p2a: Lotic
|-damage|p2a: Lotic|50/100
|move|p2a: Lotic|Scald|p1a: Cinderace
|-supereffective|p1a: Cinderace
|-damage|p1a: Cinderace|0 fnt
|faint|p1a: Cinderace
|
|-heal|p2a: Lotic|57/100|[from] item: Leftovers
|upkeep
|
|t:|1758231331
|switch|p1a: Serperior|Serperior, F|100/100
|-activate|p1a: Serperior|move: Sticky Web
|-boost|p1a: Serperior|spe|1
|turn|7
|
|t:|1758231338
|-terastallize|p2a: Lotic|Fairy
|move|p1a: Serperior|Leaf Storm|p2a: Lotic
|-damage|p2a: Lotic|27/100
|-boost|p1a: Serperior|spa|2
|move|p2a: Lotic|Draining Kiss|p1a: Serperior
|-damage|p1a: Serperior|76/100
|-heal|p2a: Lotic|41/100|[from] drain|[of] p1a: Serperior
|
|-heal|p2a: Lotic|47/100|[from] item: Leftovers
|upkeep
|turn|8
|
|t:|1758231347
|move|p1a: Serperior|Leaf Storm|p2a: Lotic
|-damage|p2a: Lotic|0 fnt
|-boost|p1a: Serperior|spa|2
|faint|p2a: Lotic
|
|upkeep
|
|t:|1758231351
|switch|p2a: Tornadus|Tornadus-Therian, M|100/100
|turn|9
|
|t:|1758231358
|-terastallize|p1a: Serperior|Stellar
|move|p1a: Serperior|Tera Blast|p2a: Tornadus|[anim] Tera Blast Stellar
|-damage|p2a: Tornadus|15/100
|-boost|p1a: Serperior|atk|1
|-boost|p1a: Serperior|spa|1
|-enditem|p2a: Tornadus|Sitrus Berry|[eat]
|-heal|p2a: Tornadus|39/100|[from] item: Sitrus Berry
|move|p2a: Tornadus|Tailwind|p2a: Tornadus
|-sidestart|p2: darkthrillz|move: Tailwind
|
|-sideend|p1: igoldenso|move: Light Screen
|upkeep
|turn|10
|
|t:|1758231372
|switch|p1a: Ribombee|Ribombee, F|100/100
|-activate|p1a: Ribombee|move: Sticky Web
|-unboost|p1a: Ribombee|spe|1
|move|p2a: Tornadus|U-turn|p1a: Ribombee
|-resisted|p1a: Ribombee
|-damage|p1a: Ribombee|93/100
|inactive|darkthrillz has 120 seconds left.
|inactive|darkthrillz has 90 seconds left.
|
|t:|1758231437
|switch|p2a: BLAARGH!!|Toxtricity-Low-Key, F|100/100|[from] U-turn
|-activate|p2a: BLAARGH!!|move: Sticky Web
|-unboost|p2a: BLAARGH!!|spe|1
|
|-sideend|p1: igoldenso|Reflect
|upkeep
|turn|11
|inactive|darkthrillz has 90 seconds left.
|
|t:|1758231476
|move|p1a: Ribombee|Skill Swap|p2a: BLAARGH!!
|-activate|p1a: Ribombee|move: Skill Swap|Punk Rock|Honey Gather|[of] p2a: BLAARGH!!
|move|p2a: BLAARGH!!|Volt Switch|p1a: Ribombee
|-damage|p1a: Ribombee|0 fnt
|faint|p1a: Ribombee
|inactive|darkthrillz has 60 seconds left.
|
|t:|1758231503
|switch|p2a: Ion|Espeon, F|100/100|[from] Volt Switch
|-activate|p2a: Ion|move: Sticky Web
|-unboost|p2a: Ion|spe|1
|
|upkeep
|
|t:|1758231510
|switch|p1a: Serperior|Serperior, F, tera:Stellar|76/100
|-activate|p1a: Serperior|move: Sticky Web
|-boost|p1a: Serperior|spe|1
|turn|12
|
|t:|1758231515
|move|p1a: Serperior|Leaf Storm|p2a: Ion
|-damage|p2a: Ion|26/100
|-boost|p1a: Serperior|spa|2
|move|p2a: Ion|Light Screen|p2a: Ion
|-sidestart|p2: darkthrillz|move: Light Screen
|
|-sideend|p2: darkthrillz|move: Tailwind
|upkeep
|turn|13
|inactive|darkthrillz has 60 seconds left.
|
|t:|1758231531
|move|p1a: Serperior|Substitute|p1a: Serperior
|-start|p1a: Serperior|Substitute
|-damage|p1a: Serperior|51/100
|move|p2a: Ion|Reflect|p2a: Ion
|-sidestart|p2: darkthrillz|Reflect
|
|upkeep
|turn|14
|inactive|darkthrillz has 60 seconds left.
|
|t:|1758231554
|switch|p2a: BLAARGH!!|Toxtricity-Low-Key, F|100/100
|-activate|p2a: BLAARGH!!|move: Sticky Web
|-unboost|p2a: BLAARGH!!|spe|1
|move|p1a: Serperior|Leaf Storm|p2a: BLAARGH!!
|-resisted|p2a: BLAARGH!!
|-damage|p2a: BLAARGH!!|65/100
|-boost|p1a: Serperior|spa|2
|
|upkeep
|turn|15
|
|t:|1758231563
|move|p1a: Serperior|Tera Blast|p2a: BLAARGH!!|[anim] Tera Blast Stellar
|-damage|p2a: BLAARGH!!|15/100
|-boost|p1a: Serperior|atk|1
|-boost|p1a: Serperior|spa|1
|move|p2a: BLAARGH!!|Boomburst|p1a: Serperior
|-damage|p1a: Serperior|0 fnt
|faint|p1a: Serperior
|
|upkeep
|
|t:|1758231574
|switch|p1a: Malamar|Malamar, M|100/100
|-activate|p1a: Malamar|move: Sticky Web
|-boost|p1a: Malamar|spe|1
|turn|16
|
|t:|1758231579
|move|p1a: Malamar|Psycho Cut|p2a: BLAARGH!!
|-supereffective|p2a: BLAARGH!!
|-damage|p2a: BLAARGH!!|0 fnt
|faint|p2a: BLAARGH!!
|
|upkeep
|
|t:|1758231590
|switch|p2a: Tauros|Tauros-Paldea-Blaze, M|100/100
|-activate|p2a: Tauros|move: Sticky Web
|-unboost|p2a: Tauros|spe|1
|-ability|p2a: Tauros|Intimidate|boost
|-boost|p1a: Malamar|atk|1
|turn|17
|
|t:|1758231596
|move|p1a: Malamar|Superpower|p2a: Tauros
|-damage|p2a: Tauros|83/100
|-boost|p1a: Malamar|atk|1
|-boost|p1a: Malamar|def|1
|move|p2a: Tauros|Will-O-Wisp|p1a: Malamar
|-status|p1a: Malamar|brn
|
|-damage|p1a: Malamar|94/100 brn|[from] brn
|upkeep
|turn|18
|inactive|darkthrillz has 60 seconds left.
|inactive|darkthrillz has 30 seconds left.
|inactive|darkthrillz has 20 seconds left.
|inactive|darkthrillz has 15 seconds left.
|
|t:|1758231670
|switch|p2a: Tornadus|Tornadus-Therian, M|73/100
|move|p1a: Malamar|Superpower|p2a: Tornadus
|-resisted|p2a: Tornadus
|-damage|p2a: Tornadus|65/100
|-boost|p1a: Malamar|atk|1
|-boost|p1a: Malamar|def|1
|
|-damage|p1a: Malamar|88/100 brn|[from] brn
|upkeep
|turn|19
|inactive|darkthrillz has 25 seconds left this turn.
|
|t:|1758231681
|move|p1a: Malamar|Superpower|p2a: Tornadus
|-resisted|p2a: Tornadus
|-damage|p2a: Tornadus|56/100
|-boost|p1a: Malamar|atk|1
|-boost|p1a: Malamar|def|1
|move|p2a: Tornadus|U-turn|p1a: Malamar
|-supereffective|p1a: Malamar
|-damage|p1a: Malamar|54/100 brn
|-enditem|p1a: Malamar|Red Card|[of] p2a: Tornadus
|drag|p2a: Tauros|Tauros-Paldea-Blaze, M|83/100
|-activate|p2a: Tauros|move: Sticky Web
|-unboost|p2a: Tauros|spe|1
|-ability|p2a: Tauros|Intimidate|boost
|-boost|p1a: Malamar|atk|1
|
|-damage|p1a: Malamar|48/100 brn|[from] brn
|-sideend|p2: darkthrillz|move: Light Screen
|upkeep
|turn|20
|inactive|darkthrillz has 30 seconds left.
|
|t:|1758231689
|move|p1a: Malamar|Psycho Cut|p2a: Tauros
|-supereffective|p2a: Tauros
|-damage|p2a: Tauros|49/100
|move|p2a: Tauros|Body Press|p1a: Malamar
|-damage|p1a: Malamar|27/100 brn
|
|-damage|p1a: Malamar|21/100 brn|[from] brn
|-sideend|p2: darkthrillz|Reflect
|upkeep
|turn|21
|
|t:|1758231697
|move|p1a: Malamar|Psycho Cut|p2a: Tauros
|-supereffective|p2a: Tauros
|-damage|p2a: Tauros|0 fnt
|faint|p2a: Tauros
|
|-damage|p1a: Malamar|15/100 brn|[from] brn
|upkeep
|
|t:|1758231700
|switch|p2a: Tornadus|Tornadus-Therian, M|89/100
|turn|22
|
|t:|1758231703
|move|p1a: Malamar|Destiny Bond|p1a: Malamar
|-singlemove|p1a: Malamar|Destiny Bond
|move|p2a: Tornadus|U-turn|p1a: Malamar
|-supereffective|p1a: Malamar
|-damage|p1a: Malamar|0 fnt
|faint|p1a: Malamar
|-activate|p1a: Malamar|move: Destiny Bond
|faint|p2a: Tornadus
|
|upkeep
|
|t:|1758231712
|switch|p2a: Ion|Espeon, F|26/100
|switch|p1a: Kingambit|Kingambit, M, shiny|100/100
|-activate|p2a: Ion|move: Sticky Web
|-unboost|p2a: Ion|spe|1
|-activate|p1a: Kingambit|move: Sticky Web
|-unboost|p1a: Kingambit|spe|1
|-ability|p1a: Kingambit|Defiant|boost
|-boost|p1a: Kingambit|atk|2
|turn|23
|
|t:|1758231715
|move|p2a: Ion|Reflect|p2a: Ion
|-sidestart|p2: darkthrillz|Reflect
|move|p1a: Kingambit|Kowtow Cleave|p2a: Ion
|-supereffective|p2a: Ion
|-damage|p2a: Ion|0 fnt
|faint|p2a: Ion
|
|upkeep
|inactive|darkthrillz has 60 seconds left.
|
|t:|1758231732
|switch|p2a: Ceruledge|Ceruledge, M, shiny|100/100
|-activate|p2a: Ceruledge|move: Sticky Web
|-unboost|p2a: Ceruledge|spe|1
|turn|24
|
|t:|1758231737
|move|p2a: Ceruledge|Bulk Up|p2a: Ceruledge
|-boost|p2a: Ceruledge|atk|1
|-boost|p2a: Ceruledge|def|1
|move|p1a: Kingambit|Kowtow Cleave|p2a: Ceruledge
|-supereffective|p2a: Ceruledge
|-damage|p2a: Ceruledge|23/100
|-ability|p2a: Ceruledge|Weak Armor|boost
|-unboost|p2a: Ceruledge|def|1
|-boost|p2a: Ceruledge|spe|2
|-enditem|p2a: Ceruledge|Weakness Policy
|-boost|p2a: Ceruledge|atk|2|[from] item: Weakness Policy
|-boost|p2a: Ceruledge|spa|2|[from] item: Weakness Policy
|
|upkeep
|turn|25
|
|t:|1758231744
|move|p2a: Ceruledge|Bitter Blade|p1a: Kingambit
|-supereffective|p1a: Kingambit
|-damage|p1a: Kingambit|0 fnt
|-heal|p2a: Ceruledge|80/100|[from] drain|[of] p1a: Kingambit
|faint|p1a: Kingambit
|
|upkeep
|
|t:|1758231747
|switch|p1a: Milotic|Milotic, F|100/100
|-activate|p1a: Milotic|move: Sticky Web
|-unboost|p1a: Milotic|spe|1
|-ability|p1a: Milotic|Competitive|boost
|-boost|p1a: Milotic|spa|2
|turn|26
|inactive|darkthrillz has 90 seconds left.
|
|t:|1758231755
|move|p2a: Ceruledge|Poltergeist|p1a: Milotic|[miss]
|-miss|p2a: Ceruledge|p1a: Milotic
|move|p1a: Milotic|Surf|p2a: Ceruledge
|-supereffective|p2a: Ceruledge
|-crit|p2a: Ceruledge
|-damage|p2a: Ceruledge|0 fnt
|faint|p2a: Ceruledge
|
|win|igoldenso
|raw|igoldenso's rating: 1283 &rarr; <strong>1306</strong><br />(+23 for winning)
|raw|darkthrillz's rating: 1258 &rarr; <strong>1235</strong><br />(-23 for losing)
|c|☆igoldenso|Gg
|c|☆darkthrillz|Bg
|c|☆igoldenso|;)
|l|☆igoldenso
|player|p1|
|l|☆darkthrillz
|player|p2|
