|j|☆vywxiwjxjwk
|j|☆vartholomeus
|t:|1758288362
|gametype|singles
|player|p1|vywxiwjxjwk|n|1378
|player|p2|vartholomeus|ruinmaniac|1405
|gen|9
|tier|[Gen 9] OU
|rated|
|rule|HP Percentage Mod: HP is shown in percentages
|rule|Endless Battle Clause: Forcing endless battles is banned
|rule|Species Clause: Limit one of each Pokémon
|rule|OHKO Clause: OHKO moves are banned
|rule|Evasion Items Clause: Evasion items are banned
|rule|Evasion Moves Clause: Evasion moves are banned
|rule|Evasion Abilities Clause: Evasion abilities are banned
|rule|Sleep Moves Clause: Sleep-inducing moves are banned
|clearpoke
|poke|p1|Samurott-Hisui, F|
|poke|p1|Great Tusk|
|poke|p1|Volcanion|
|poke|p1|Hydrapple, M|
|poke|p1|Gholdengo|
|poke|p1|Landorus-Therian, M|
|poke|p2|Moltres|
|poke|p2|Iron Crown|
|poke|p2|Rillaboom, M|
|poke|p2|Great Tusk|
|poke|p2|Zamazenta-*|
|poke|p2|Samurott-Hisui, M|
|teampreview
|inactive|Battle timer is ON: inactive players will automatically lose when time's up. (requested by vartholomeus)
|inactive|vywxiwjxjwk also wants the timer to be on.
|
|t:|1758288374
|teamsize|p1|6
|teamsize|p2|6
|start
|switch|p1a: Great Mustache|Landorus-Therian, M|100/100
|switch|p2a: Seiya|Samurott-Hisui, M, shiny|100/100
|-ability|p1a: Great Mustache|Intimidate|boost
|-unboost|p2a: Seiya|atk|1
|turn|1
|
|t:|1758288379
|move|p1a: Great Mustache|U-turn|p2a: Seiya
|-supereffective|p2a: Seiya
|-damage|p2a: Seiya|38/100
|
|t:|1758288382
|switch|p1a: The Fickle Heart|Hydrapple, M|100/100|[from] U-turn
|move|p2a: Seiya|Razor Shell|p1a: The Fickle Heart
|-resisted|p1a: The Fickle Heart
|-damage|p1a: The Fickle Heart|96/100
|-unboost|p1a: The Fickle Heart|def|1
|-damage|p2a: Seiya|21/100|[from] item: Rocky Helmet|[of] p1a: The Fickle Heart
|
|upkeep
|turn|2
|
|t:|1758288389
|switch|p2a: Irok|Iron Crown|100/100
|move|p1a: The Fickle Heart|Giga Drain|p2a: Irok
|-resisted|p2a: Irok
|-damage|p2a: Irok|86/100
|-heal|p1a: The Fickle Heart|100/100|[from] drain|[of] p2a: Irok
|
|upkeep
|turn|3
|
|t:|1758288397
|switch|p1a: The Last Ronin|Samurott-Hisui, F|100/100
|move|p2a: Irok|Tachyon Cutter|p1a: The Last Ronin
|-resisted|p1a: The Last Ronin
|-crit|p1a: The Last Ronin
|-damage|p1a: The Last Ronin|80/100
|-resisted|p1a: The Last Ronin
|-damage|p1a: The Last Ronin|67/100
|-hitcount|p1a: The Last Ronin|2
|
|upkeep
|turn|4
|
|t:|1758288404
|-end|p2a: Irok|Quark Drive|[silent]
|switch|p2a: Rollo|Rillaboom, M|100/100
|-fieldstart|move: Grassy Terrain|[from] ability: Grassy Surge|[of] p2a: Rollo
|switch|p1a: Great Mustache|Landorus-Therian, M|100/100
|-ability|p1a: Great Mustache|Intimidate|boost
|-unboost|p2a: Rollo|atk|1
|
|upkeep
|turn|5
|
|t:|1758288410
|switch|p2a: Pepe|Moltres|100/100
|-terastallize|p1a: Great Mustache|Flying
|move|p1a: Great Mustache|Tera Blast|p2a: Pepe|[anim] Tera Blast Flying
|-damage|p2a: Pepe|56/100
|
|upkeep
|turn|6
|
|t:|1758288421
|switch|p1a: Erupting Star|Volcanion|100/100
|move|p2a: Pepe|Roost|p2a: Pepe
|-heal|p2a: Pepe|100/100
|-singleturn|p2a: Pepe|move: Roost
|
|upkeep
|turn|7
|
|t:|1758288432
|switch|p2a: Seiya|Samurott-Hisui, M, shiny|21/100
|move|p1a: Erupting Star|Will-O-Wisp|p2a: Seiya
|-status|p2a: Seiya|brn
|
|-heal|p2a: Seiya|27/100 brn|[from] Grassy Terrain
|-damage|p2a: Seiya|21/100 brn|[from] brn
|upkeep
|turn|8
|
|t:|1758288436
|switch|p1a: The Fickle Heart|Hydrapple, M|100/100
|move|p2a: Seiya|Ceaseless Edge|p1a: The Fickle Heart
|-damage|p1a: The Fickle Heart|88/100
|-damage|p2a: Seiya|5/100 brn|[from] item: Rocky Helmet|[of] p1a: The Fickle Heart
|-sidestart|p1: vywxiwjxjwk|Spikes
|
|-heal|p2a: Seiya|11/100 brn|[from] Grassy Terrain
|-heal|p1a: The Fickle Heart|94/100|[from] Grassy Terrain
|-damage|p2a: Seiya|5/100 brn|[from] brn
|upkeep
|turn|9
|
|t:|1758288440
|move|p2a: Seiya|Ceaseless Edge|p1a: The Fickle Heart
|-damage|p1a: The Fickle Heart|81/100
|-damage|p2a: Seiya|0 fnt|[from] item: Rocky Helmet|[of] p1a: The Fickle Heart
|faint|p2a: Seiya
|move|p1a: The Fickle Heart|Nasty Plot|p1a: The Fickle Heart
|-boost|p1a: The Fickle Heart|spa|2
|
|-heal|p1a: The Fickle Heart|87/100|[from] Grassy Terrain
|upkeep
|
|t:|1758288451
|switch|p2a: Greatto|Great Tusk|100/100
|turn|10
|
|t:|1758288462
|move|p2a: Greatto|Ice Spinner|p1a: The Fickle Heart
|-supereffective|p1a: The Fickle Heart
|-damage|p1a: The Fickle Heart|19/100
|-damage|p2a: Greatto|84/100|[from] item: Rocky Helmet|[of] p1a: The Fickle Heart
|-fieldend|move: Grassy Terrain
|move|p1a: The Fickle Heart|Giga Drain|p2a: Greatto
|-supereffective|p2a: Greatto
|-damage|p2a: Greatto|0 fnt
|-heal|p1a: The Fickle Heart|56/100|[from] drain|[of] p2a: Greatto
|faint|p2a: Greatto
|-end|p2a: Greatto|Protosynthesis|[silent]
|
|upkeep
|
|t:|1758288468
|switch|p2a: Irok|Iron Crown|86/100
|turn|11
|
|t:|1758288476
|switch|p1a: The Last Ronin|Samurott-Hisui, F|67/100
|-damage|p1a: The Last Ronin|55/100|[from] Spikes
|move|p2a: Irok|Tachyon Cutter|p1a: The Last Ronin
|-resisted|p1a: The Last Ronin
|-damage|p1a: The Last Ronin|42/100
|-resisted|p1a: The Last Ronin
|-damage|p1a: The Last Ronin|29/100
|-hitcount|p1a: The Last Ronin|2
|
|upkeep
|turn|12
|
|t:|1758288483
|move|p1a: The Last Ronin|Sucker Punch|p2a: Irok
|-supereffective|p2a: Irok
|-damage|p2a: Irok|20/100
|move|p2a: Irok|Tachyon Cutter|p1a: The Last Ronin
|-resisted|p1a: The Last Ronin
|-damage|p1a: The Last Ronin|15/100
|-resisted|p1a: The Last Ronin
|-damage|p1a: The Last Ronin|3/100
|-hitcount|p1a: The Last Ronin|2
|
|upkeep
|turn|13
|
|t:|1758288494
|-end|p2a: Irok|Quark Drive|[silent]
|switch|p2a: Rollo|Rillaboom, M|100/100
|-fieldstart|move: Grassy Terrain|[from] ability: Grassy Surge|[of] p2a: Rollo
|move|p1a: The Last Ronin|Razor Shell|p2a: Rollo
|-resisted|p2a: Rollo
|-damage|p2a: Rollo|79/100
|
|-heal|p1a: The Last Ronin|9/100|[from] Grassy Terrain
|-heal|p2a: Rollo|85/100|[from] Grassy Terrain
|upkeep
|turn|14
|
|t:|1758288506
|switch|p1a: The Fickle Heart|Hydrapple, M|89/100
|-damage|p1a: The Fickle Heart|77/100|[from] Spikes
|move|p2a: Rollo|Grassy Glide|p1a: The Fickle Heart
|-resisted|p1a: The Fickle Heart
|-damage|p1a: The Fickle Heart|71/100
|-damage|p2a: Rollo|69/100|[from] item: Rocky Helmet|[of] p1a: The Fickle Heart
|
|-heal|p2a: Rollo|75/100|[from] Grassy Terrain
|-heal|p1a: The Fickle Heart|77/100|[from] Grassy Terrain
|upkeep
|turn|15
|
|t:|1758288514
|move|p2a: Rollo|U-turn|p1a: The Fickle Heart
|-supereffective|p1a: The Fickle Heart
|-damage|p1a: The Fickle Heart|47/100
|-damage|p2a: Rollo|58/100|[from] item: Rocky Helmet|[of] p1a: The Fickle Heart
|
|t:|1758288518
|switch|p2a: Irok|Iron Crown|20/100|[from] U-turn
|move|p1a: The Fickle Heart|Fickle Beam|p2a: Irok
|-resisted|p2a: Irok
|-damage|p2a: Irok|4/100
|
|-heal|p2a: Irok|10/100|[from] Grassy Terrain
|-heal|p1a: The Fickle Heart|53/100|[from] Grassy Terrain
|upkeep
|turn|16
|
|t:|1758288528
|switch|p1a: The Last Ronin|Samurott-Hisui, F|9/100
|-damage|p1a: The Last Ronin|0 fnt|[from] Spikes
|faint|p1a: The Last Ronin
|move|p2a: Irok|Tachyon Cutter|p1: The Last Ronin|[notarget]
|-fail|p2a: Irok
|
|-heal|p2a: Irok|16/100|[from] Grassy Terrain
|upkeep
|
|t:|1758288530
|switch|p1a: Great Mustache|Landorus-Therian, M, tera:Flying|100/100
|-ability|p1a: Great Mustache|Intimidate|boost
|-unboost|p2a: Irok|atk|1
|turn|17
|
|t:|1758288534
|move|p1a: Great Mustache|Tera Blast|p2a: Irok|[anim] Tera Blast Flying
|-resisted|p2a: Irok
|-damage|p2a: Irok|0 fnt
|faint|p2a: Irok
|-end|p2a: Irok|Quark Drive|[silent]
|
|upkeep
|
|t:|1758288541
|switch|p2a: Pepe|Moltres|100/100
|turn|18
|
|t:|1758288544
|switch|p1a: Erupting Star|Volcanion|100/100
|move|p2a: Pepe|Flamethrower|p1a: Erupting Star
|-resisted|p1a: Erupting Star
|-damage|p1a: Erupting Star|91/100
|
|-heal|p1a: Erupting Star|97/100|[from] Grassy Terrain
|upkeep
|turn|19
|
|t:|1758288554
|move|p1a: Erupting Star|Will-O-Wisp|p2a: Pepe
|-immune|p2a: Pepe
|move|p2a: Pepe|Scorching Sands|p1a: Erupting Star
|-supereffective|p1a: Erupting Star
|-damage|p1a: Erupting Star|60/100
|
|-heal|p1a: Erupting Star|66/100|[from] Grassy Terrain
|upkeep
|turn|20
|
|t:|1758288560
|switch|p1a: Great Mustache|Landorus-Therian, M, tera:Flying|100/100
|-ability|p1a: Great Mustache|Intimidate|boost
|-unboost|p2a: Pepe|atk|1
|switch|p2a: Rollo|Rillaboom, M|58/100
|
|-heal|p2a: Rollo|64/100|[from] Grassy Terrain
|-fieldend|move: Grassy Terrain
|upkeep
|turn|21
|
|t:|1758288565
|switch|p2a: Pepe|Moltres|100/100
|move|p1a: Great Mustache|Tera Blast|p2a: Pepe|[anim] Tera Blast Flying
|-damage|p2a: Pepe|59/100
|
|upkeep
|turn|22
|
|t:|1758288571
|switch|p1a: Erupting Star|Volcanion|66/100
|move|p2a: Pepe|Roost|p2a: Pepe
|-heal|p2a: Pepe|100/100
|-singleturn|p2a: Pepe|move: Roost
|
|upkeep
|turn|23
|
|t:|1758288576
|move|p1a: Erupting Star|Steam Eruption|p2a: Pepe
|-supereffective|p2a: Pepe
|-damage|p2a: Pepe|0 fnt
|faint|p2a: Pepe
|
|upkeep
|
|t:|1758288579
|switch|p2a: Zamas|Zamazenta|100/100
|-ability|p2a: Zamas|Dauntless Shield|boost
|-boost|p2a: Zamas|def|1
|turn|24
|
|t:|1758288584
|-terastallize|p2a: Zamas|Fire
|move|p2a: Zamas|Iron Defense|p2a: Zamas
|-boost|p2a: Zamas|def|2
|move|p1a: Erupting Star|Steam Eruption|p2a: Zamas
|-supereffective|p2a: Zamas
|-damage|p2a: Zamas|19/100
|
|-heal|p2a: Zamas|25/100|[from] item: Leftovers
|upkeep
|turn|25
|
|t:|1758288595
|move|p2a: Zamas|Body Press|p1a: Erupting Star
|-damage|p1a: Erupting Star|0 fnt
|faint|p1a: Erupting Star
|
|-heal|p2a: Zamas|31/100|[from] item: Leftovers
|upkeep
|
|t:|1758288601
|switch|p1a: Great Mustache|Landorus-Therian, M, tera:Flying|100/100
|-ability|p1a: Great Mustache|Intimidate|boost
|-unboost|p2a: Zamas|atk|1
|turn|26
|
|t:|1758288604
|move|p1a: Great Mustache|Earthquake|p2a: Zamas
|-supereffective|p2a: Zamas
|-damage|p2a: Zamas|0 fnt
|faint|p2a: Zamas
|
|upkeep
|
|t:|1758288608
|switch|p2a: Rollo|Rillaboom, M|64/100
|-fieldstart|move: Grassy Terrain|[from] ability: Grassy Surge|[of] p2a: Rollo
|turn|27
|
|t:|1758288612
|switch|p1a: The Fickle Heart|Hydrapple, M|86/100
|-damage|p1a: The Fickle Heart|74/100|[from] Spikes
|move|p2a: Rollo|Knock Off|p1a: The Fickle Heart
|-damage|p1a: The Fickle Heart|54/100
|-damage|p2a: Rollo|48/100|[from] item: Rocky Helmet|[of] p1a: The Fickle Heart
|-enditem|p1a: The Fickle Heart|Rocky Helmet|[from] move: Knock Off|[of] p2a: Rollo
|
|-heal|p2a: Rollo|54/100|[from] Grassy Terrain
|-heal|p1a: The Fickle Heart|60/100|[from] Grassy Terrain
|upkeep
|turn|28
|
|t:|1758288618
|move|p2a: Rollo|U-turn|p1a: The Fickle Heart
|-supereffective|p1a: The Fickle Heart
|-damage|p1a: The Fickle Heart|30/100
|move|p1a: The Fickle Heart|Fickle Beam|p2a: Rollo
|-damage|p2a: Rollo|15/100
|
|-heal|p2a: Rollo|21/100|[from] Grassy Terrain
|-heal|p1a: The Fickle Heart|36/100|[from] Grassy Terrain
|upkeep
|turn|29
|
|t:|1758288623
|move|p2a: Rollo|U-turn|p1a: The Fickle Heart
|-supereffective|p1a: The Fickle Heart
|-damage|p1a: The Fickle Heart|5/100
|move|p1a: The Fickle Heart|Fickle Beam|p2a: Rollo
|-damage|p2a: Rollo|0 fnt
|faint|p2a: Rollo
|
|win|vywxiwjxjwk
|raw|vywxiwjxjwk's rating: 1378 &rarr; <strong>1400</strong><br />(+22 for winning)
|raw|vartholomeus's rating: 1405 &rarr; <strong>1383</strong><br />(-22 for losing)
