|j|☆RNG Savage
|j|‽Vastcheetah03
|t:|1758284072
|gametype|singles
|player|p1|RNG Savage|giovanni-gen3|1142
|player|p2|Vastcheetah03|lance|1072
|gen|9
|tier|[Gen 9] OU
|rated|
|rule|HP Percentage Mod: HP is shown in percentages
|rule|Endless Battle Clause: Forcing endless battles is banned
|rule|Species Clause: Limit one of each Pokémon
|rule|OHKO Clause: OHKO moves are banned
|rule|Evasion Items Clause: Evasion items are banned
|rule|Evasion Moves Clause: Evasion moves are banned
|rule|Evasion Abilities Clause: Evasion abilities are banned
|rule|Sleep Moves Clause: Sleep-inducing moves are banned
|clearpoke
|poke|p1|Weavile, M|
|poke|p1|Honchkrow, M|
|poke|p1|Gyarados, M|
|poke|p1|Feraligatr, M|
|poke|p1|Greninja-*, M|
|poke|p1|Magnezone|
|poke|p2|Forretress, M|
|poke|p2|Skeledirge, M|
|poke|p2|Hydrapple, M|
|poke|p2|Lucario, M|
|poke|p2|Latios, M|
|poke|p2|Clefable, M|
|teampreview
|
|t:|1758284076
|teamsize|p1|6
|teamsize|p2|6
|start
|switch|p1a: Weavile|Weavile, M|100/100
|switch|p2a: Hydrapple|Hydrapple, M, shiny|100/100
|turn|1
|inactive|Battle timer is ON: inactive players will automatically lose when time's up. (requested by Vastcheetah03)
|inactive|RNG Savage has 120 seconds left.
|
|t:|1758284127
|switch|p2a: Forretress|Forretress, M, shiny|100/100
|move|p1a: Weavile|Triple Axel|p2a: Forretress
|-resisted|p2a: Forretress
|-damage|p2a: Forretress|98/100
|-resisted|p2a: Forretress
|-damage|p2a: Forretress|92/100
|-resisted|p2a: Forretress
|-damage|p2a: Forretress|84/100
|-hitcount|p2a: Forretress|3
|-enditem|p2a: Forretress|Red Card|[of] p1a: Weavile
|drag|p1a: Greninja|Greninja, M, shiny|100/100
|
|upkeep
|turn|2
|
|t:|1758284140
|switch|p1a: Feraligatr|Feraligatr, M|100/100
|move|p2a: Forretress|Stealth Rock|p1a: Feraligatr
|-sidestart|p1: RNG Savage|move: Stealth Rock
|
|upkeep
|turn|3
|
|t:|1758284148
|move|p1a: Feraligatr|Dragon Dance|p1a: Feraligatr
|-boost|p1a: Feraligatr|atk|1
|-boost|p1a: Feraligatr|spe|1
|move|p2a: Forretress|Volt Switch|p1a: Feraligatr
|-supereffective|p1a: Feraligatr
|-damage|p1a: Feraligatr|73/100
|
|t:|1758284157
|switch|p2a: Hydrapple|Hydrapple, M, shiny|100/100|[from] Volt Switch
|
|upkeep
|turn|4
|
|t:|1758284162
|-terastallize|p2a: Hydrapple|Water
|move|p1a: Feraligatr|Ice Punch|p2a: Hydrapple
|-resisted|p2a: Hydrapple
|-damage|p2a: Hydrapple|79/100
|move|p2a: Hydrapple|Giga Drain|p1a: Feraligatr
|-supereffective|p1a: Feraligatr
|-damage|p1a: Feraligatr|0 fnt
|-heal|p2a: Hydrapple|100/100|[from] drain|[of] p1a: Feraligatr
|faint|p1a: Feraligatr
|
|upkeep
|
|t:|1758284165
|switch|p1a: Magnezone|Magnezone, shiny|100/100
|-damage|p1a: Magnezone|94/100|[from] Stealth Rock
|turn|5
|
|t:|1758284179
|switch|p2a: Forretress|Forretress, M, shiny|84/100
|move|p1a: Magnezone|Thunderbolt|p2a: Forretress
|-crit|p2a: Forretress
|-damage|p2a: Forretress|0 fnt
|faint|p2a: Forretress
|
|upkeep
|
|t:|1758284187
|switch|p2a: Skeledirge|Skeledirge, M, shiny|100/100
|turn|6
|
|t:|1758284200
|move|p2a: Skeledirge|Substitute|p2a: Skeledirge
|-start|p2a: Skeledirge|Substitute
|-damage|p2a: Skeledirge|76/100
|move|p1a: Magnezone|Thunder Wave|p2a: Skeledirge|[miss]
|-miss|p1a: Magnezone|p2a: Skeledirge
|
|-heal|p2a: Skeledirge|82/100|[from] item: Leftovers
|upkeep
|turn|7
|
|t:|1758284210
|switch|p1a: Gyarados|Gyarados, M, shiny|100/100
|-damage|p1a: Gyarados|76/100|[from] Stealth Rock
|move|p2a: Skeledirge|Torch Song|p1a: Gyarados
|-resisted|p1a: Gyarados
|-damage|p1a: Gyarados|61/100
|-boost|p2a: Skeledirge|spa|1
|
|-heal|p2a: Skeledirge|88/100|[from] item: Leftovers
|upkeep
|turn|8
|
|t:|1758284222
|move|p1a: Gyarados|Waterfall|p2a: Skeledirge
|-supereffective|p2a: Skeledirge
|-end|p2a: Skeledirge|Substitute
|move|p2a: Skeledirge|Will-O-Wisp|p1a: Gyarados
|-status|p1a: Gyarados|brn
|
|-heal|p2a: Skeledirge|94/100|[from] item: Leftovers
|-damage|p1a: Gyarados|55/100 brn|[from] brn
|upkeep
|turn|9
|
|t:|1758284232
|switch|p2a: Latios|Latios, M, shiny|100/100
|move|p1a: Gyarados|Thunder Wave|p2a: Latios|[miss]
|-miss|p1a: Gyarados|p2a: Latios
|
|-damage|p1a: Gyarados|49/100 brn|[from] brn
|upkeep
|turn|10
|
|t:|1758284242
|move|p2a: Latios|Thunderbolt|p1a: Gyarados
|-supereffective|p1a: Gyarados
|-damage|p1a: Gyarados|0 fnt
|faint|p1a: Gyarados
|
|upkeep
|
|t:|1758284246
|switch|p1a: Weavile|Weavile, M|100/100
|turn|11
|
|t:|1758284254
|switch|p2a: Clefable|Clefable, M, shiny|100/100
|move|p1a: Weavile|Knock Off|p2a: Clefable
|-resisted|p2a: Clefable
|-damage|p2a: Clefable|75/100
|-enditem|p2a: Clefable|Leftovers|[from] move: Knock Off|[of] p1a: Weavile
|
|upkeep
|turn|12
|
|t:|1758284269
|switch|p1a: Magnezone|Magnezone, shiny|94/100
|-damage|p1a: Magnezone|88/100|[from] Stealth Rock
|move|p2a: Clefable|Night Shade|p1a: Magnezone
|-damage|p1a: Magnezone|59/100
|
|upkeep
|turn|13
|
|t:|1758284280
|switch|p2a: Latios|Latios, M, shiny|100/100
|move|p1a: Magnezone|Thunder Wave|p2a: Latios
|-status|p2a: Latios|par
|
|upkeep
|turn|14
|
|t:|1758284289
|cant|p2a: Latios|par
|move|p1a: Magnezone|Volt Switch|p2a: Latios
|-resisted|p2a: Latios
|-damage|p2a: Latios|80/100 par
|
|t:|1758284292
|switch|p1a: Weavile|Weavile, M|100/100|[from] Volt Switch
|
|upkeep
|turn|15
|
|t:|1758284298
|switch|p2a: Clefable|Clefable, M, shiny|75/100
|move|p1a: Weavile|Triple Axel|p2a: Clefable
|-damage|p2a: Clefable|64/100
|-damage|p2a: Clefable|43/100
|-damage|p2a: Clefable|10/100
|-hitcount|p2a: Clefable|3
|
|upkeep
|turn|16
|
|t:|1758284308
|move|p1a: Weavile|Knock Off|p2a: Clefable
|-resisted|p2a: Clefable
|-damage|p2a: Clefable|0 fnt
|faint|p2a: Clefable
|
|upkeep
|
|t:|1758284313
|switch|p2a: Lucario|Lucario, M, shiny|100/100
|turn|17
|
|t:|1758284322
|move|p1a: Weavile|Low Kick|p2a: Lucario
|-supereffective|p2a: Lucario
|-damage|p2a: Lucario|17/100
|move|p2a: Lucario|Swords Dance|p2a: Lucario
|-boost|p2a: Lucario|atk|2
|
|upkeep
|turn|18
|
|t:|1758284330
|move|p2a: Lucario|Extreme Speed|p1a: Weavile
|-damage|p1a: Weavile|20/100
|move|p1a: Weavile|Low Kick|p2a: Lucario
|-supereffective|p2a: Lucario
|-damage|p2a: Lucario|0 fnt
|faint|p2a: Lucario
|
|upkeep
|
|t:|1758284343
|switch|p2a: Hydrapple|Hydrapple, M, shiny, tera:Water|100/100
|turn|19
|
|t:|1758284352
|move|p1a: Weavile|Knock Off|p2a: Hydrapple
|-crit|p2a: Hydrapple
|-damage|p2a: Hydrapple|45/100
|-enditem|p2a: Hydrapple|Assault Vest|[from] move: Knock Off|[of] p1a: Weavile
|move|p2a: Hydrapple|Earth Power|p1a: Weavile
|-damage|p1a: Weavile|0 fnt
|faint|p1a: Weavile
|
|upkeep
|
|t:|1758284358
|switch|p1a: Magnezone|Magnezone, shiny|59/100
|-damage|p1a: Magnezone|53/100|[from] Stealth Rock
|turn|20
|
|t:|1758284364
|switch|p2a: Latios|Latios, M, shiny|80/100 par
|move|p1a: Magnezone|Thunderbolt|p2a: Latios
|-resisted|p2a: Latios
|-damage|p2a: Latios|53/100 par
|
|upkeep
|turn|21
|
|t:|1758284378
|move|p2a: Latios|Thunderbolt|p1a: Magnezone
|-resisted|p1a: Magnezone
|-damage|p1a: Magnezone|37/100
|move|p1a: Magnezone|Volt Switch|p2a: Latios
|-resisted|p2a: Latios
|-damage|p2a: Latios|33/100 par
|
|t:|1758284386
|switch|p1a: Greninja|Greninja, M, shiny|100/100|[from] Volt Switch
|-damage|p1a: Greninja|88/100|[from] Stealth Rock
|
|upkeep
|turn|22
|
|t:|1758284392
|move|p1a: Greninja|Dark Pulse|p2a: Latios
|-start|p1a: Greninja|typechange|Dark|[from] ability: Protean
|-supereffective|p2a: Latios
|-damage|p2a: Latios|0 fnt
|faint|p2a: Latios
|-damage|p1a: Greninja|78/100|[from] item: Life Orb
|
|upkeep
|
|t:|1758284402
|switch|p2a: Hydrapple|Hydrapple, M, shiny, tera:Water|78/100
|turn|23
|
|t:|1758284406
|move|p1a: Greninja|Dark Pulse|p2a: Hydrapple
|-damage|p2a: Hydrapple|34/100
|-damage|p1a: Greninja|69/100|[from] item: Life Orb
|move|p2a: Hydrapple|Draco Meteor|p1a: Greninja
|-damage|p1a: Greninja|0 fnt
|-unboost|p2a: Hydrapple|spa|2
|faint|p1a: Greninja
|
|upkeep
|
|t:|1758284410
|switch|p1a: Magnezone|Magnezone, shiny|37/100
|-damage|p1a: Magnezone|31/100|[from] Stealth Rock
|turn|24
|
|t:|1758284419
|switch|p2a: Skeledirge|Skeledirge, M, shiny|94/100
|move|p1a: Magnezone|Thunderbolt|p2a: Skeledirge
|-damage|p2a: Skeledirge|54/100
|
|-heal|p2a: Skeledirge|60/100|[from] item: Leftovers
|upkeep
|turn|25
|
|t:|1758284429
|-terastallize|p1a: Magnezone|Fire
|move|p2a: Skeledirge|Substitute|p2a: Skeledirge
|-start|p2a: Skeledirge|Substitute
|-damage|p2a: Skeledirge|35/100
|move|p1a: Magnezone|Thunderbolt|p2a: Skeledirge
|-end|p2a: Skeledirge|Substitute
|
|-heal|p2a: Skeledirge|41/100|[from] item: Leftovers
|upkeep
|turn|26
|
|t:|1758284440
|move|p2a: Skeledirge|Shadow Ball|p1a: Magnezone
|-damage|p1a: Magnezone|0 fnt
|faint|p1a: Magnezone
|
|-heal|p2a: Skeledirge|47/100|[from] item: Leftovers
|upkeep
|
|t:|1758284443
|switch|p1a: Honchkrow|Honchkrow, M|100/100
|turn|27
|
|t:|1758284451
|move|p1a: Honchkrow|Night Slash|p2a: Skeledirge
|-supereffective|p2a: Skeledirge
|-damage|p2a: Skeledirge|0 fnt
|faint|p2a: Skeledirge
|-ability|p1a: Honchkrow|Moxie|boost
|-boost|p1a: Honchkrow|atk|1
|
|upkeep
|
|t:|1758284458
|switch|p2a: Hydrapple|Hydrapple, M, shiny, tera:Water|67/100
|turn|28
|
|t:|1758284461
|move|p1a: Honchkrow|Brave Bird|p2a: Hydrapple
|-damage|p2a: Hydrapple|0 fnt
|faint|p2a: Hydrapple
|-damage|p1a: Honchkrow|78/100|[from] Recoil
|
|win|RNG Savage
|raw|RNG Savage's rating: 1112 &rarr; <strong>1134</strong><br />(+22 for winning)
|raw|Vastcheetah03's rating: 1072 &rarr; <strong>1054</strong><br />(-18 for losing)
|l|☆RNG Savage
|player|p1|
|l|‽Vastcheetah03
|player|p2|
