|j|☆iacidicowl
|j|☆mantikarp2.0
|t:|1758357833
|gametype|singles
|player|p1|iacidicowl|dahlia|1572
|player|p2|mantikarp2.0|266|1487
|gen|9
|tier|[Gen 9] OU
|rated|
|rule|HP Percentage Mod: HP is shown in percentages
|rule|Endless Battle Clause: Forcing endless battles is banned
|rule|Species Clause: Limit one of each Pokémon
|rule|OHKO Clause: OHKO moves are banned
|rule|Evasion Items Clause: Evasion items are banned
|rule|Evasion Moves Clause: Evasion moves are banned
|rule|Evasion Abilities Clause: Evasion abilities are banned
|rule|Sleep Moves Clause: Sleep-inducing moves are banned
|clearpoke
|poke|p1|Gliscor, M|
|poke|p1|Glimmora, M|
|poke|p1|Gholdengo|
|poke|p1|Zamazenta-*|
|poke|p1|Iron Valiant|
|poke|p1|Amoonguss, M|
|poke|p2|Ogerpon-Wellspring, F|
|poke|p2|Slowking-Galar, F|
|poke|p2|Alomomola, F|
|poke|p2|Weavile, F|
|poke|p2|Tornadus-Therian, M|
|poke|p2|Garchomp, M|
|teampreview
|inactive|Battle timer is ON: inactive players will automatically lose when time's up. (requested by mantikarp2.0)
|
|t:|1758357863
|teamsize|p1|6
|teamsize|p2|6
|start
|switch|p1a: Amoonguss|Amoonguss, M|100/100
|switch|p2a: Slowking|Slowking-Galar, F|100/100
|turn|1
|
|t:|1758357868
|move|p1a: Amoonguss|Stun Spore|p2a: Slowking
|-status|p2a: Slowking|par
|cant|p2a: Slowking|par
|
|upkeep
|turn|2
|
|t:|1758357878
|move|p1a: Amoonguss|Foul Play|p2a: Slowking
|-supereffective|p2a: Slowking
|-damage|p2a: Slowking|66/100 par
|move|p2a: Slowking|Future Sight|p1a: Amoonguss
|-start|p2a: Slowking|move: Future Sight
|
|upkeep
|turn|3
|
|t:|1758357888
|move|p1a: Amoonguss|Foul Play|p2a: Slowking
|-supereffective|p2a: Slowking
|-damage|p2a: Slowking|36/100 par
|-prepare|p2a: Slowking|Chilly Reception|[premajor]
|move|p2a: Slowking|Chilly Reception|p2a: Slowking
|-weather|Snowscape
|
|t:|1758357899
|switch|p2a: Weavile|Weavile, F|100/100|[from] Chilly Reception
|-ability|p2a: Weavile|Pressure
|
|-weather|Snowscape|[upkeep]
|upkeep
|turn|4
|
|t:|1758357921
|-terastallize|p1a: Amoonguss|Dark
|move|p2a: Weavile|Knock Off|p1a: Amoonguss
|-resisted|p1a: Amoonguss
|-damage|p1a: Amoonguss|83/100
|-damage|p2a: Weavile|84/100|[from] item: Rocky Helmet|[of] p1a: Amoonguss
|-enditem|p1a: Amoonguss|Rocky Helmet|[from] move: Knock Off|[of] p2a: Weavile
|move|p1a: Amoonguss|Stun Spore|p2a: Weavile|[miss]
|-miss|p1a: Amoonguss|p2a: Weavile
|
|-weather|Snowscape|[upkeep]
|-end|p1a: Amoonguss|move: Future Sight
|-immune|p1a: Amoonguss
|upkeep
|turn|5
|
|t:|1758357940
|switch|p2a: Slowking|Slowking-Galar, F|69/100 par
|move|p1a: Amoonguss|Foul Play|p2a: Slowking
|-supereffective|p2a: Slowking
|-damage|p2a: Slowking|18/100 par
|
|-weather|Snowscape|[upkeep]
|upkeep
|turn|6
|
|t:|1758357948
|switch|p2a: Alomomola|Alomomola, F|100/100
|move|p1a: Amoonguss|Stun Spore|p2a: Alomomola|[miss]
|-miss|p1a: Amoonguss|p2a: Alomomola
|
|-weather|Snowscape|[upkeep]
|upkeep
|turn|7
|inactive|mantikarp2.0 has 120 seconds left.
|inactive|mantikarp2.0 has 90 seconds left.
|
|t:|1758358021
|move|p2a: Alomomola|Wish|p2a: Alomomola
|move|p1a: Amoonguss|Sludge Bomb|p2a: Alomomola
|-damage|p2a: Alomomola|70/100
|-status|p2a: Alomomola|psn
|
|-weather|none
|-damage|p2a: Alomomola|57/100 psn|[from] psn
|upkeep
|turn|8
|
|t:|1758358040
|move|p2a: Alomomola|Flip Turn|p1a: Amoonguss
|-damage|p1a: Amoonguss|72/100
|
|t:|1758358043
|switch|p2a: Slowking|Slowking-Galar, F|51/100 par|[from] Flip Turn
|move|p1a: Amoonguss|Foul Play|p2a: Slowking
|-supereffective|p2a: Slowking
|-damage|p2a: Slowking|0 fnt
|faint|p2a: Slowking
|
|upkeep
|inactive|mantikarp2.0 has 60 seconds left.
|
|t:|1758358084
|switch|p2a: Weavile|Weavile, F|84/100
|-ability|p2a: Weavile|Pressure
|turn|9
|
|t:|1758358092
|move|p2a: Weavile|Triple Axel|p1a: Amoonguss
|-damage|p1a: Amoonguss|65/100
|-damage|p1a: Amoonguss|51/100
|-damage|p1a: Amoonguss|31/100
|-hitcount|p1a: Amoonguss|3
|move|p1a: Amoonguss|Stun Spore|p2a: Weavile|[miss]
|-miss|p1a: Amoonguss|p2a: Weavile
|
|upkeep
|turn|10
|
|t:|1758358101
|switch|p1a: Glimmora|Glimmora, M|100/100
|move|p2a: Weavile|Swords Dance|p2a: Weavile
|-boost|p2a: Weavile|atk|2
|
|upkeep
|turn|11
|
|t:|1758358121
|move|p2a: Weavile|Triple Axel|p1a: Glimmora
|-damage|p1a: Glimmora|82/100
|-activate|p1a: Glimmora|ability: Toxic Debris
|-sidestart|p2: mantikarp2.0|move: Toxic Spikes
|-damage|p1a: Glimmora|42/100
|-activate|p1a: Glimmora|ability: Toxic Debris
|-sidestart|p2: mantikarp2.0|move: Toxic Spikes
|-damage|p1a: Glimmora|0 fnt
|faint|p1a: Glimmora
|-hitcount|p1: Glimmora|3
|
|upkeep
|
|t:|1758358134
|switch|p1a: Zamazenta|Zamazenta|100/100
|-ability|p1a: Zamazenta|Dauntless Shield|boost
|-boost|p1a: Zamazenta|def|1
|turn|12
|inactive|mantikarp2.0 has 60 seconds left.
|inactive|mantikarp2.0 has 30 seconds left.
|inactive|mantikarp2.0 has 20 seconds left.
|inactive|mantikarp2.0 has 15 seconds left.
|inactive|mantikarp2.0 has 10 seconds left.
|
|t:|1758358197
|switch|p2a: Tornadus|Tornadus-Therian, M|100/100
|move|p1a: Zamazenta|Close Combat|p2a: Tornadus
|-resisted|p2a: Tornadus
|-damage|p2a: Tornadus|52/100
|-unboost|p1a: Zamazenta|def|1
|-unboost|p1a: Zamazenta|spd|1
|
|upkeep
|turn|13
|inactive|mantikarp2.0 has 20 seconds left this turn.
|inactive|mantikarp2.0 has 15 seconds left.
|inactive|mantikarp2.0 has 10 seconds left.
|
|t:|1758358214
|switch|p1a: Gholdengo|Gholdengo|100/100
|move|p2a: Tornadus|Bleakwind Storm|p1a: Gholdengo
|-resisted|p1a: Gholdengo
|-damage|p1a: Gholdengo|80/100
|
|upkeep
|turn|14
|inactive|mantikarp2.0 has 20 seconds left this turn.
|inactive|mantikarp2.0 has 15 seconds left.
|inactive|mantikarp2.0 has 10 seconds left.
|
|t:|1758358226
|move|p1a: Gholdengo|Shadow Ball|p2a: Tornadus
|-damage|p2a: Tornadus|14/100
|move|p2a: Tornadus|U-turn|p1a: Gholdengo
|-resisted|p1a: Gholdengo
|-damage|p1a: Gholdengo|76/100
|inactive|mantikarp2.0 has 15 seconds left this turn.
|inactive|mantikarp2.0 has 10 seconds left.
|
|t:|1758358231
|switch|p2a: Alomomola|Alomomola, F|91/100 psn|[from] U-turn
|
|-damage|p2a: Alomomola|78/100 psn|[from] psn
|upkeep
|turn|15
|inactive|mantikarp2.0 has 20 seconds left this turn.
|inactive|mantikarp2.0 has 15 seconds left.
|
|t:|1758358239
|switch|p1a: Amoonguss|Amoonguss, M, tera:Dark|64/100
|move|p2a: Alomomola|Flip Turn|p1a: Amoonguss
|-damage|p1a: Amoonguss|51/100
|inactive|mantikarp2.0 has 20 seconds left this turn.
|inactive|mantikarp2.0 has 15 seconds left.
|inactive|mantikarp2.0 has 10 seconds left.
|
|t:|1758358252
|switch|p2a: Tornadus|Tornadus-Therian, M|47/100|[from] Flip Turn
|
|upkeep
|turn|16
|inactive|mantikarp2.0 has 20 seconds left this turn.
|inactive|mantikarp2.0 has 15 seconds left.
|
|t:|1758358258
|switch|p1a: Gliscor|Gliscor, M|100/100
|move|p2a: Tornadus|U-turn|p1a: Gliscor
|-resisted|p1a: Gliscor
|-damage|p1a: Gliscor|95/100
|inactive|mantikarp2.0 has 20 seconds left this turn.
|
|t:|1758358262
|switch|p2a: Weavile|Weavile, F|84/100|[from] U-turn
|-ability|p2a: Weavile|Pressure
|
|-status|p1a: Gliscor|tox|[from] item: Toxic Orb
|upkeep
|turn|17
|inactive|mantikarp2.0 has 30 seconds left this turn.
|
|t:|1758358273
|switch|p1a: Amoonguss|Amoonguss, M, tera:Dark|84/100
|move|p2a: Weavile|Triple Axel|p1a: Amoonguss
|-damage|p1a: Amoonguss|77/100
|-hitcount|p1a: Amoonguss|1
|
|upkeep
|turn|18
|inactive|mantikarp2.0 has 30 seconds left.
|inactive|mantikarp2.0 has 20 seconds left.
|inactive|mantikarp2.0 has 15 seconds left.
|inactive|mantikarp2.0 has 10 seconds left.
|
|t:|1758358302
|move|p2a: Weavile|Swords Dance|p2a: Weavile
|-boost|p2a: Weavile|atk|2
|move|p1a: Amoonguss|Sludge Bomb|p2a: Weavile
|-damage|p2a: Weavile|44/100
|-status|p2a: Weavile|psn
|
|-damage|p2a: Weavile|32/100 psn|[from] psn
|upkeep
|turn|19
|inactive|mantikarp2.0 has 20 seconds left this turn.
|inactive|mantikarp2.0 has 15 seconds left.
|
|t:|1758358317
|move|p2a: Weavile|Triple Axel|p1a: Amoonguss
|-damage|p1a: Amoonguss|63/100
|-damage|p1a: Amoonguss|33/100
|-crit|p1a: Amoonguss
|-damage|p1a: Amoonguss|0 fnt
|faint|p1a: Amoonguss
|-hitcount|p1: Amoonguss|3
|
|-damage|p2a: Weavile|19/100 psn|[from] psn
|upkeep
|
|t:|1758358326
|switch|p1a: Zamazenta|Zamazenta|100/100
|turn|20
|inactive|mantikarp2.0 has 30 seconds left this turn.
|
|t:|1758358334
|switch|p2a: Tornadus|Tornadus-Therian, M|80/100
|move|p1a: Zamazenta|Close Combat|p2a: Tornadus
|-resisted|p2a: Tornadus
|-crit|p2a: Tornadus
|-damage|p2a: Tornadus|1/100
|-unboost|p1a: Zamazenta|def|1
|-unboost|p1a: Zamazenta|spd|1
|
|upkeep
|turn|21
|inactive|mantikarp2.0 has 30 seconds left.
|
|t:|1758358343
|switch|p2a: Alomomola|Alomomola, F|100/100 psn
|move|p1a: Zamazenta|Close Combat|p2a: Alomomola
|-damage|p2a: Alomomola|53/100 psn
|-unboost|p1a: Zamazenta|def|1
|-unboost|p1a: Zamazenta|spd|1
|
|-damage|p2a: Alomomola|40/100 psn|[from] psn
|upkeep
|turn|22
|
|t:|1758358352
|move|p1a: Zamazenta|Close Combat|p2a: Alomomola
|-damage|p2a: Alomomola|0 fnt
|-unboost|p1a: Zamazenta|def|1
|-unboost|p1a: Zamazenta|spd|1
|faint|p2a: Alomomola
|
|upkeep
|
|t:|1758358361
|switch|p2a: Garchomp|Garchomp, M|100/100
|-status|p2a: Garchomp|tox
|turn|23
|
|t:|1758358371
|switch|p1a: Gliscor|Gliscor, M|95/100 tox
|move|p2a: Garchomp|Scale Shot|p1a: Gliscor
|-damage|p1a: Gliscor|83/100 tox
|-damage|p1a: Gliscor|73/100 tox
|-crit|p1a: Gliscor
|-damage|p1a: Gliscor|58/100 tox
|-damage|p1a: Gliscor|48/100 tox
|-damage|p1a: Gliscor|38/100 tox
|-hitcount|p1a: Gliscor|5
|-unboost|p2a: Garchomp|def|1
|-boost|p2a: Garchomp|spe|1
|
|-damage|p2a: Garchomp|94/100 tox|[from] psn
|-heal|p1a: Gliscor|50/100 tox|[from] ability: Poison Heal
|upkeep
|turn|24
|
|t:|1758358381
|move|p2a: Garchomp|Swords Dance|p2a: Garchomp
|-boost|p2a: Garchomp|atk|2
|move|p1a: Gliscor|Facade|p2a: Garchomp
|-damage|p2a: Garchomp|50/100 tox
|-damage|p1a: Gliscor|38/100 tox|[from] ability: Rough Skin|[of] p2a: Garchomp
|
|-damage|p2a: Garchomp|38/100 tox|[from] psn
|-heal|p1a: Gliscor|50/100 tox|[from] ability: Poison Heal
|upkeep
|turn|25
|
|t:|1758358391
|move|p1a: Gliscor|Protect|p1a: Gliscor
|-singleturn|p1a: Gliscor|Protect
|move|p2a: Garchomp|Scale Shot|p1a: Gliscor
|-activate|p1a: Gliscor|move: Protect
|
|-damage|p2a: Garchomp|19/100 tox|[from] psn
|-heal|p1a: Gliscor|63/100 tox|[from] ability: Poison Heal
|upkeep
|turn|26
|
|t:|1758358401
|move|p1a: Gliscor|Protect|p1a: Gliscor
|-singleturn|p1a: Gliscor|Protect
|move|p2a: Garchomp|Earthquake|p1a: Gliscor
|-activate|p1a: Gliscor|move: Protect
|
|-damage|p2a: Garchomp|0 fnt|[from] psn
|faint|p2a: Garchomp
|-heal|p1a: Gliscor|75/100 tox|[from] ability: Poison Heal
|upkeep
|inactive|mantikarp2.0 has 60 seconds left.
|
|t:|1758358413
|switch|p2a: Weavile|Weavile, F|19/100 psn
|-ability|p2a: Weavile|Pressure
|turn|27
|inactive|mantikarp2.0 has 60 seconds left.
|
|t:|1758358423
|move|p2a: Weavile|Knock Off|p1a: Gliscor
|-damage|p1a: Gliscor|35/100 tox
|-enditem|p1a: Gliscor|Toxic Orb|[from] move: Knock Off|[of] p2a: Weavile
|move|p1a: Gliscor|Facade|p2a: Weavile
|-damage|p2a: Weavile|0 fnt
|faint|p2a: Weavile
|
|-heal|p1a: Gliscor|47/100 tox|[from] ability: Poison Heal
|upkeep
|inactive|mantikarp2.0 has 60 seconds left.
|
|t:|1758358432
|switch|p2a: Ogerpon|Ogerpon-Wellspring, F|100/100
|-status|p2a: Ogerpon|tox
|turn|28
|
|t:|1758358438
|move|p1a: Gliscor|Protect|p1a: Gliscor
|-singleturn|p1a: Gliscor|Protect
|move|p2a: Ogerpon|Swords Dance|p2a: Ogerpon
|-boost|p2a: Ogerpon|atk|2
|
|-damage|p2a: Ogerpon|95/100 tox|[from] psn
|-heal|p1a: Gliscor|60/100 tox|[from] ability: Poison Heal
|upkeep
|turn|29
|
|t:|1758358442
|move|p2a: Ogerpon|Ivy Cudgel|p1a: Gliscor|[anim] Ivy Cudgel Water
|-supereffective|p1a: Gliscor
|-damage|p1a: Gliscor|0 fnt
|faint|p1a: Gliscor
|
|-damage|p2a: Ogerpon|83/100 tox|[from] psn
|upkeep
|
|t:|1758358446
|switch|p1a: Zamazenta|Zamazenta|100/100
|turn|30
|inactive|mantikarp2.0 has 90 seconds left.
|
|t:|1758358465
|move|p1a: Zamazenta|Close Combat|p2a: Ogerpon
|-damage|p2a: Ogerpon|0 fnt
|-unboost|p1a: Zamazenta|def|1
|-unboost|p1a: Zamazenta|spd|1
|faint|p2a: Ogerpon
|
|upkeep
|
|t:|1758358469
|switch|p2a: Tornadus|Tornadus-Therian, M|34/100
|turn|31
|
|t:|1758358473
|move|p1a: Zamazenta|Close Combat|p2a: Tornadus
|-resisted|p2a: Tornadus
|-damage|p2a: Tornadus|0 fnt
|-unboost|p1a: Zamazenta|def|1
|-unboost|p1a: Zamazenta|spd|1
|faint|p2a: Tornadus
|
|win|iacidicowl
|raw|iacidicowl's rating: 1572 &rarr; <strong>1587</strong><br />(+15 for winning)
|raw|mantikarp2.0's rating: 1487 &rarr; <strong>1472</strong><br />(-15 for losing)
|l|☆mantikarp2.0
|player|p2|
|l|☆iacidicowl
|player|p1|
