|j|☆swumpy mumpus
|j|☆Me Dummy
|t:|1758342915
|gametype|singles
|player|p1|swumpy mumpus|170|1485
|player|p2|Me Dummy|clown|1415
|gen|9
|tier|[Gen 9] OU
|rated|
|rule|HP Percentage Mod: HP is shown in percentages
|rule|Endless Battle Clause: Forcing endless battles is banned
|rule|Species Clause: Limit one of each Pokémon
|rule|OHKO Clause: OHKO moves are banned
|rule|Evasion Items Clause: Evasion items are banned
|rule|Evasion Moves Clause: Evasion moves are banned
|rule|Evasion Abilities Clause: Evasion abilities are banned
|rule|Sleep Moves Clause: Sleep-inducing moves are banned
|clearpoke
|poke|p1|Okidogi, M|
|poke|p1|Weezing-Galar, F|
|poke|p1|Ogerpon-Wellspring, F|
|poke|p1|Hatterene, F|
|poke|p1|Weavile, F|
|poke|p1|Hawlucha, M|
|poke|p2|Regidrago|
|poke|p2|Great Tusk|
|poke|p2|Heatran, M|
|poke|p2|Ogerpon-Wellspring, F|
|poke|p2|Rillaboom, M|
|poke|p2|Deoxys-Speed|
|teampreview
|inactive|Battle timer is ON: inactive players will automatically lose when time's up. (requested by Me Dummy)
|
|t:|1758342934
|teamsize|p1|6
|teamsize|p2|6
|start
|switch|p1a: Ogerpon|Ogerpon-Wellspring, F|100/100
|switch|p2a: Deoxys|Deoxys-Speed|100/100
|-ability|p2a: Deoxys|Pressure
|turn|1
|
|t:|1758342938
|switch|p1a: Hatterene|Hatterene, F|100/100
|move|p2a: Deoxys|Psycho Boost|p1a: Hatterene
|-resisted|p1a: Hatterene
|-damage|p1a: Hatterene|84/100
|-unboost|p2a: Deoxys|spa|2
|
|upkeep
|turn|2
|
|t:|1758342942
|switch|p1a: Ogerpon|Ogerpon-Wellspring, F|100/100
|move|p2a: Deoxys|Knock Off|p1a: Ogerpon
|-damage|p1a: Ogerpon|81/100
|
|upkeep
|turn|3
|
|t:|1758342947
|switch|p2a: Rillaboom|Rillaboom, M|100/100
|-fieldstart|move: Grassy Terrain|[from] ability: Grassy Surge|[of] p2a: Rillaboom
|move|p1a: Ogerpon|Synthesis|p1a: Ogerpon
|-heal|p1a: Ogerpon|100/100
|
|upkeep
|turn|4
|
|t:|1758342954
|switch|p1a: Weezing|Weezing-Galar, F|100/100
|-fieldstart|move: Misty Terrain|[from] ability: Misty Surge|[of] p1a: Weezing
|move|p2a: Rillaboom|Knock Off|p1a: Weezing
|-resisted|p1a: Weezing
|-damage|p1a: Weezing|83/100
|-enditem|p1a: Weezing|Terrain Extender|[from] move: Knock Off|[of] p2a: Rillaboom
|
|upkeep
|turn|5
|
|t:|1758342963
|switch|p2a: Heatran|Heatran, M|100/100
|switch|p1a: Okidogi|Okidogi, M|100/100
|
|upkeep
|turn|6
|
|t:|1758342971
|move|p1a: Okidogi|Bulk Up|p1a: Okidogi
|-boost|p1a: Okidogi|atk|1
|-boost|p1a: Okidogi|def|1
|move|p2a: Heatran|Magma Storm|p1a: Okidogi
|-damage|p1a: Okidogi|57/100
|-activate|p1a: Okidogi|move: Magma Storm|[of] p2a: Heatran
|
|-heal|p1a: Okidogi|63/100|[from] item: Leftovers
|-damage|p1a: Okidogi|51/100|[from] move: Magma Storm|[partiallytrapped]
|upkeep
|turn|7
|
|t:|1758342979
|-terastallize|p2a: Heatran|Grass
|move|p1a: Okidogi|Drain Punch|p2a: Heatran
|-crit|p2a: Heatran
|-damage|p2a: Heatran|23/100
|-heal|p1a: Okidogi|90/100|[from] drain|[of] p2a: Heatran
|move|p2a: Heatran|Earth Power|p1a: Okidogi
|-supereffective|p1a: Okidogi
|-damage|p1a: Okidogi|36/100
|
|-heal|p1a: Okidogi|42/100|[from] item: Leftovers
|-heal|p2a: Heatran|30/100|[from] item: Leftovers
|-damage|p1a: Okidogi|29/100|[from] move: Magma Storm|[partiallytrapped]
|upkeep
|turn|8
|
|t:|1758342987
|move|p1a: Okidogi|Drain Punch|p2a: Heatran
|-damage|p2a: Heatran|0 fnt
|-heal|p1a: Okidogi|44/100|[from] drain|[of] p2a: Heatran
|faint|p2a: Heatran
|
|-heal|p1a: Okidogi|50/100|[from] item: Leftovers
|-end|p1a: Okidogi|Magma Storm|[partiallytrapped]|[silent]
|upkeep
|
|t:|1758342989
|switch|p2a: Deoxys|Deoxys-Speed|100/100
|-ability|p2a: Deoxys|Pressure
|turn|9
|
|t:|1758342992
|switch|p1a: Hatterene|Hatterene, F|84/100
|move|p2a: Deoxys|Psycho Boost|p1a: Hatterene
|-resisted|p1a: Hatterene
|-damage|p1a: Hatterene|67/100
|-unboost|p2a: Deoxys|spa|2
|
|upkeep
|turn|10
|
|t:|1758342998
|switch|p1a: Okidogi|Okidogi, M|50/100
|move|p2a: Deoxys|Knock Off|p1a: Okidogi
|-resisted|p1a: Okidogi
|-damage|p1a: Okidogi|42/100
|-enditem|p1a: Okidogi|Leftovers|[from] move: Knock Off|[of] p2a: Deoxys
|
|upkeep
|turn|11
|
|t:|1758343001
|switch|p1a: Hatterene|Hatterene, F|67/100
|move|p2a: Deoxys|Psycho Boost|p1a: Hatterene
|-resisted|p1a: Hatterene
|-crit|p1a: Hatterene
|-damage|p1a: Hatterene|39/100
|-unboost|p2a: Deoxys|spa|2
|
|-fieldend|Misty Terrain
|upkeep
|turn|12
|
|t:|1758343010
|move|p2a: Deoxys|Knock Off|p1a: Hatterene
|-damage|p1a: Hatterene|16/100
|-enditem|p1a: Hatterene|Assault Vest|[from] move: Knock Off|[of] p2a: Deoxys
|move|p1a: Hatterene|Draining Kiss|p2a: Deoxys
|-damage|p2a: Deoxys|53/100
|-heal|p1a: Hatterene|43/100|[from] drain|[of] p2a: Deoxys
|
|upkeep
|turn|13
|
|t:|1758343015
|switch|p2a: Ogerpon|Ogerpon-Wellspring, F|100/100
|move|p1a: Hatterene|Draining Kiss|p2a: Ogerpon
|-damage|p2a: Ogerpon|71/100
|-heal|p1a: Hatterene|65/100|[from] drain|[of] p2a: Ogerpon
|
|upkeep
|turn|14
|
|t:|1758343026
|-terastallize|p1a: Hatterene|Grass
|move|p2a: Ogerpon|Swords Dance|p2a: Ogerpon
|-boost|p2a: Ogerpon|atk|2
|move|p1a: Hatterene|Draining Kiss|p2a: Ogerpon
|-damage|p2a: Ogerpon|40/100
|-heal|p1a: Hatterene|86/100|[from] drain|[of] p2a: Ogerpon
|
|upkeep
|turn|15
|
|t:|1758343034
|move|p2a: Ogerpon|Knock Off|p1a: Hatterene
|-damage|p1a: Hatterene|28/100
|move|p1a: Hatterene|Psyshock|p2a: Ogerpon
|-damage|p2a: Ogerpon|0 fnt
|faint|p2a: Ogerpon
|
|upkeep
|
|t:|1758343041
|switch|p2a: Regidrago|Regidrago|100/100
|turn|16
|
|t:|1758343044
|switch|p1a: Weezing|Weezing-Galar, F|83/100
|-fieldstart|move: Misty Terrain|[from] ability: Misty Surge|[of] p1a: Weezing
|move|p2a: Regidrago|Earth Power|p1a: Weezing
|-supereffective|p1a: Weezing
|-damage|p1a: Weezing|15/100
|
|upkeep
|turn|17
|
|t:|1758343049
|switch|p2a: Deoxys|Deoxys-Speed|53/100
|-ability|p2a: Deoxys|Pressure
|switch|p1a: Ogerpon|Ogerpon-Wellspring, F|100/100
|
|upkeep
|turn|18
|
|t:|1758343058
|move|p2a: Deoxys|Psycho Boost|p1a: Ogerpon
|-damage|p1a: Ogerpon|28/100
|-unboost|p2a: Deoxys|spa|2
|move|p1a: Ogerpon|Synthesis|p1a: Ogerpon
|-heal|p1a: Ogerpon|78/100
|
|upkeep
|turn|19
|
|t:|1758343065
|move|p2a: Deoxys|Taunt|p1a: Ogerpon
|-start|p1a: Ogerpon|move: Taunt
|cant|p1a: Ogerpon|move: Taunt|Synthesis
|
|upkeep
|turn|20
|
|t:|1758343069
|switch|p2a: Rillaboom|Rillaboom, M|100/100
|-fieldstart|move: Grassy Terrain|[from] ability: Grassy Surge|[of] p2a: Rillaboom
|move|p1a: Ogerpon|Ivy Cudgel|p2a: Rillaboom|[anim] Ivy Cudgel Water
|-resisted|p2a: Rillaboom
|-damage|p2a: Rillaboom|73/100
|
|-heal|p1a: Ogerpon|84/100|[from] Grassy Terrain
|-heal|p2a: Rillaboom|80/100|[from] Grassy Terrain
|upkeep
|turn|21
|
|t:|1758343077
|switch|p1a: Weezing|Weezing-Galar, F|15/100
|-fieldstart|move: Misty Terrain|[from] ability: Misty Surge|[of] p1a: Weezing
|move|p2a: Rillaboom|Wood Hammer|p1a: Weezing
|-resisted|p1a: Weezing
|-damage|p1a: Weezing|0 fnt
|faint|p1a: Weezing
|-damage|p2a: Rillaboom|75/100|[from] Recoil
|
|upkeep
|
|t:|1758343080
|switch|p1a: Weavile|Weavile, F|100/100
|-ability|p1a: Weavile|Pressure
|turn|22
|
|t:|1758343089
|switch|p2a: Great Tusk|Great Tusk|100/100
|move|p1a: Weavile|Triple Axel|p2a: Great Tusk
|-supereffective|p2a: Great Tusk
|-damage|p2a: Great Tusk|79/100
|-supereffective|p2a: Great Tusk
|-damage|p2a: Great Tusk|37/100
|-supereffective|p2a: Great Tusk
|-damage|p2a: Great Tusk|0 fnt
|faint|p2a: Great Tusk
|-end|p2a: Great Tusk|Protosynthesis|[silent]
|-hitcount|p2: Great Tusk|3
|
|upkeep
|
|t:|1758343090
|switch|p2a: Rillaboom|Rillaboom, M|75/100
|-fieldstart|move: Grassy Terrain|[from] ability: Grassy Surge|[of] p2a: Rillaboom
|turn|23
|
|t:|1758343096
|switch|p1a: Hawlucha|Hawlucha, M|100/100
|move|p2a: Rillaboom|Grassy Glide|p1a: Hawlucha
|-resisted|p1a: Hawlucha
|-damage|p1a: Hawlucha|60/100
|
|-heal|p2a: Rillaboom|82/100|[from] Grassy Terrain
|upkeep
|turn|24
|
|t:|1758343101
|move|p2a: Rillaboom|Grassy Glide|p1a: Hawlucha
|-resisted|p1a: Hawlucha
|-damage|p1a: Hawlucha|22/100
|move|p1a: Hawlucha|Acrobatics|p2a: Rillaboom
|-supereffective|p2a: Rillaboom
|-crit|p2a: Rillaboom
|-damage|p2a: Rillaboom|11/100
|
|-heal|p2a: Rillaboom|17/100|[from] Grassy Terrain
|upkeep
|turn|25
|
|t:|1758343105
|move|p2a: Rillaboom|Grassy Glide|p1a: Hawlucha
|-resisted|p1a: Hawlucha
|-damage|p1a: Hawlucha|0 fnt
|faint|p1a: Hawlucha
|
|-heal|p2a: Rillaboom|23/100|[from] Grassy Terrain
|upkeep
|
|t:|1758343108
|switch|p1a: Okidogi|Okidogi, M|42/100
|turn|26
|
|t:|1758343113
|move|p2a: Rillaboom|Grassy Glide|p1a: Okidogi
|-resisted|p1a: Okidogi
|-damage|p1a: Okidogi|17/100
|move|p1a: Okidogi|Knock Off|p2a: Rillaboom
|-damage|p2a: Rillaboom|0 fnt
|-enditem|p2a: Rillaboom|Choice Band|[from] move: Knock Off|[of] p1a: Okidogi
|faint|p2a: Rillaboom
|
|-heal|p1a: Okidogi|23/100|[from] Grassy Terrain
|upkeep
|
|t:|1758343120
|switch|p2a: Deoxys|Deoxys-Speed|53/100
|-ability|p2a: Deoxys|Pressure
|turn|27
|
|t:|1758343127
|move|p2a: Deoxys|Psycho Boost|p1a: Okidogi
|-supereffective|p1a: Okidogi
|-damage|p1a: Okidogi|0 fnt
|-unboost|p2a: Deoxys|spa|2
|faint|p1a: Okidogi
|
|-heal|p2a: Deoxys|59/100|[from] Grassy Terrain
|-fieldend|move: Grassy Terrain
|upkeep
|
|t:|1758343135
|switch|p1a: Ogerpon|Ogerpon-Wellspring, F|84/100
|turn|28
|
|t:|1758343139
|move|p2a: Deoxys|Taunt|p1a: Ogerpon
|-start|p1a: Ogerpon|move: Taunt
|cant|p1a: Ogerpon|move: Taunt|Swords Dance
|
|upkeep
|turn|29
|
|t:|1758343141
|move|p2a: Deoxys|Superpower|p1a: Ogerpon
|-damage|p1a: Ogerpon|52/100
|-unboost|p2a: Deoxys|atk|1
|-unboost|p2a: Deoxys|def|1
|move|p1a: Ogerpon|Ivy Cudgel|p2a: Deoxys|[anim] Ivy Cudgel Water
|-damage|p2a: Deoxys|0 fnt
|faint|p2a: Deoxys
|
|upkeep
|
|t:|1758343144
|switch|p2a: Regidrago|Regidrago|100/100
|turn|30
|
|t:|1758343146
|move|p2a: Regidrago|Dragon Energy|p1a: Ogerpon
|-damage|p1a: Ogerpon|0 fnt
|faint|p1a: Ogerpon
|
|upkeep
|
|t:|1758343151
|switch|p1a: Weavile|Weavile, F|100/100
|-ability|p1a: Weavile|Pressure
|turn|31
|
|t:|1758343152
|move|p1a: Weavile|Ice Shard|p2a: Regidrago
|-supereffective|p2a: Regidrago
|-damage|p2a: Regidrago|30/100
|move|p2a: Regidrago|Dragon Energy|p1a: Weavile
|-damage|p1a: Weavile|59/100
|
|upkeep
|turn|32
|
|t:|1758343155
|move|p1a: Weavile|Ice Shard|p2a: Regidrago
|-supereffective|p2a: Regidrago
|-damage|p2a: Regidrago|0 fnt
|faint|p2a: Regidrago
|
|win|swumpy mumpus
|raw|swumpy mumpus's rating: 1485 &rarr; <strong>1501</strong><br />(+16 for winning)
|raw|Me Dummy's rating: 1415 &rarr; <strong>1399</strong><br />(-16 for losing)
|l|☆swumpy mumpus
|player|p1|
|l|☆Me Dummy
|player|p2|
