|j|☆nmx123
|j|☆Obito 2001
|t:|1758267832
|gametype|singles
|player|p1|nmx123|2|1576
|player|p2|Obito 2001|blue-gen3two|1579
|gen|9
|tier|[Gen 9] OU
|rated|
|rule|HP Percentage Mod: HP is shown in percentages
|rule|Endless Battle Clause: Forcing endless battles is banned
|rule|Species Clause: Limit one of each Pokémon
|rule|OHKO Clause: OHKO moves are banned
|rule|Evasion Items Clause: Evasion items are banned
|rule|Evasion Moves Clause: Evasion moves are banned
|rule|Evasion Abilities Clause: Evasion abilities are banned
|rule|Sleep Moves Clause: Sleep-inducing moves are banned
|clearpoke
|poke|p1|Dragonite, M|
|poke|p1|Zamazenta-*|
|poke|p1|Gholdengo|
|poke|p1|Raging Bolt|
|poke|p1|Ninetales-Alola, F|
|poke|p1|Great Tusk|
|poke|p2|Salamence, M|
|poke|p2|Amoonguss, M|
|poke|p2|Iron Moth|
|poke|p2|Dondozo, F|
|poke|p2|Scizor, M|
|poke|p2|Great Tusk|
|teampreview
|inactive|Battle timer is ON: inactive players will automatically lose when time's up. (requested by nmx123)
|inactive|Obito 2001 also wants the timer to be on.
|
|t:|1758267843
|teamsize|p1|6
|teamsize|p2|6
|start
|switch|p1a: Dragonite|Dragonite, M|100/100
|switch|p2a: Red Lightning|Scizor, M|100/100
|turn|1
|
|t:|1758267861
|move|p1a: Dragonite|Earthquake|p2a: Red Lightning
|-damage|p2a: Red Lightning|40/100
|move|p2a: Red Lightning|U-turn|p1a: Dragonite
|-resisted|p1a: Dragonite
|-damage|p1a: Dragonite|87/100
|
|t:|1758267868
|switch|p2a: Real G|Salamence, M|100/100|[from] U-turn
|
|upkeep
|turn|2
|
|t:|1758267873
|switch|p2a: Red Lightning|Scizor, M|40/100
|switch|p1a: Great Tusk|Great Tusk|100/100
|
|upkeep
|turn|3
|
|t:|1758267886
|switch|p2a: Ban Wogerpon|Amoonguss, M, shiny|100/100
|move|p1a: Great Tusk|Headlong Rush|p2a: Ban Wogerpon
|-damage|p2a: Ban Wogerpon|52/100
|-unboost|p1a: Great Tusk|def|1
|-unboost|p1a: Great Tusk|spd|1
|
|-heal|p2a: Ban Wogerpon|58/100|[from] item: Leftovers
|upkeep
|turn|4
|
|t:|1758267896
|move|p1a: Great Tusk|Ice Spinner|p2a: Ban Wogerpon
|-supereffective|p2a: Ban Wogerpon
|-damage|p2a: Ban Wogerpon|8/100
|move|p2a: Ban Wogerpon|Giga Drain|p1a: Great Tusk
|-supereffective|p1a: Great Tusk
|-damage|p1a: Great Tusk|2/100
|-heal|p2a: Ban Wogerpon|56/100|[from] drain|[of] p1a: Great Tusk
|
|-heal|p2a: Ban Wogerpon|62/100|[from] item: Leftovers
|upkeep
|turn|5
|
|t:|1758267903
|-end|p1a: Great Tusk|Protosynthesis|[silent]
|switch|p1a: Ninetales|Ninetales-Alola, F|100/100
|-weather|Snowscape|[from] ability: Snow Warning|[of] p1a: Ninetales
|move|p2a: Ban Wogerpon|Giga Drain|p1a: Ninetales
|-damage|p1a: Ninetales|78/100
|-heal|p2a: Ban Wogerpon|71/100|[from] drain|[of] p1a: Ninetales
|
|-weather|Snowscape|[upkeep]
|-heal|p2a: Ban Wogerpon|77/100|[from] item: Leftovers
|upkeep
|turn|6
|
|t:|1758267909
|move|p1a: Ninetales|Aurora Veil|p1a: Ninetales
|-sidestart|p1: nmx123|move: Aurora Veil
|move|p2a: Ban Wogerpon|Sludge Bomb|p1a: Ninetales
|-supereffective|p1a: Ninetales
|-damage|p1a: Ninetales|51/100
|-status|p1a: Ninetales|psn
|
|-weather|Snowscape|[upkeep]
|-heal|p2a: Ban Wogerpon|83/100|[from] item: Leftovers
|-damage|p1a: Ninetales|38/100 psn|[from] psn
|upkeep
|turn|7
|
|t:|1758267916
|move|p1a: Ninetales|Blizzard|p2a: Ban Wogerpon
|-supereffective|p2a: Ban Wogerpon
|-damage|p2a: Ban Wogerpon|36/100
|move|p2a: Ban Wogerpon|Giga Drain|p1a: Ninetales
|-damage|p1a: Ninetales|27/100 psn
|-heal|p2a: Ban Wogerpon|41/100|[from] drain|[of] p1a: Ninetales
|
|-weather|Snowscape|[upkeep]
|-heal|p2a: Ban Wogerpon|47/100|[from] item: Leftovers
|-damage|p1a: Ninetales|15/100 psn|[from] psn
|upkeep
|turn|8
|
|t:|1758267919
|switch|p2a: Red Lightning|Scizor, M|40/100
|move|p1a: Ninetales|Blizzard|p2a: Red Lightning
|-resisted|p2a: Red Lightning
|-damage|p2a: Red Lightning|19/100
|
|-weather|Snowscape|[upkeep]
|-damage|p1a: Ninetales|3/100 psn|[from] psn
|upkeep
|turn|9
|
|t:|1758267923
|move|p2a: Red Lightning|Bullet Punch|p1a: Ninetales
|-supereffective|p1a: Ninetales
|-damage|p1a: Ninetales|0 fnt
|faint|p1a: Ninetales
|
|-weather|none
|upkeep
|
|t:|1758267927
|switch|p1a: Great Tusk|Great Tusk|2/100
|turn|10
|
|t:|1758267929
|move|p2a: Red Lightning|Bullet Punch|p1a: Great Tusk
|-damage|p1a: Great Tusk|0 fnt
|-damage|p2a: Red Lightning|3/100|[from] item: Rocky Helmet|[of] p1a: Great Tusk
|faint|p1a: Great Tusk
|-end|p1a: Great Tusk|Protosynthesis|[silent]
|
|upkeep
|
|t:|1758267938
|switch|p1a: Gholdengo|Gholdengo|100/100
|turn|11
|
|t:|1758267951
|move|p2a: Red Lightning|Bullet Punch|p1a: Gholdengo
|-resisted|p1a: Gholdengo
|-damage|p1a: Gholdengo|86/100
|move|p1a: Gholdengo|Shadow Ball|p2a: Red Lightning
|-damage|p2a: Red Lightning|0 fnt
|faint|p2a: Red Lightning
|
|-heal|p1a: Gholdengo|92/100|[from] item: Leftovers
|upkeep
|
|t:|1758267959
|switch|p2a: Mega Donphan|Great Tusk|100/100
|turn|12
|
|t:|1758267973
|switch|p1a: Zamazenta|Zamazenta|100/100
|-ability|p1a: Zamazenta|Dauntless Shield|boost
|-boost|p1a: Zamazenta|def|1
|move|p2a: Mega Donphan|Stealth Rock|p1a: Zamazenta
|-sidestart|p1: nmx123|move: Stealth Rock
|
|upkeep
|turn|13
|
|t:|1758267991
|-end|p2a: Mega Donphan|Protosynthesis|[silent]
|switch|p2a: Ban Wogerpon|Amoonguss, M, shiny|80/100
|move|p1a: Zamazenta|Body Press|p2a: Ban Wogerpon
|-resisted|p2a: Ban Wogerpon
|-damage|p2a: Ban Wogerpon|50/100
|
|-heal|p2a: Ban Wogerpon|56/100|[from] item: Leftovers
|-sideend|p1: nmx123|move: Aurora Veil
|upkeep
|turn|14
|j| wgw2333
|
|t:|1758268000
|move|p1a: Zamazenta|Iron Defense|p1a: Zamazenta
|-boost|p1a: Zamazenta|def|2
|move|p2a: Ban Wogerpon|Toxic|p1a: Zamazenta
|-status|p1a: Zamazenta|tox
|
|-heal|p2a: Ban Wogerpon|62/100|[from] item: Leftovers
|-damage|p1a: Zamazenta|94/100 tox|[from] psn
|upkeep
|turn|15
|
|t:|1758268004
|switch|p2a: Marine's curse|Dondozo, F|100/100
|move|p1a: Zamazenta|Iron Defense|p1a: Zamazenta
|-boost|p1a: Zamazenta|def|2
|
|-heal|p1a: Zamazenta|100/100 tox|[from] item: Leftovers
|-damage|p1a: Zamazenta|88/100 tox|[from] psn
|upkeep
|turn|16
|
|t:|1758268009
|switch|p1a: Raging Bolt|Raging Bolt|100/100
|-damage|p1a: Raging Bolt|88/100|[from] Stealth Rock
|move|p2a: Marine's curse|Curse|p2a: Marine's curse
|-unboost|p2a: Marine's curse|spe|1
|-boost|p2a: Marine's curse|atk|1
|-boost|p2a: Marine's curse|def|1
|
|upkeep
|turn|17
|
|t:|1758268013
|switch|p2a: Ban Wogerpon|Amoonguss, M, shiny|95/100
|move|p1a: Raging Bolt|Thunderbolt|p2a: Ban Wogerpon
|-resisted|p2a: Ban Wogerpon
|-damage|p2a: Ban Wogerpon|71/100
|-damage|p1a: Raging Bolt|78/100|[from] item: Life Orb
|
|-heal|p2a: Ban Wogerpon|78/100|[from] item: Leftovers
|upkeep
|turn|18
|
|t:|1758268022
|move|p1a: Raging Bolt|Draco Meteor|p2a: Ban Wogerpon
|-damage|p2a: Ban Wogerpon|3/100
|-unboost|p1a: Raging Bolt|spa|2
|-damage|p1a: Raging Bolt|68/100|[from] item: Life Orb
|move|p2a: Ban Wogerpon|Sludge Bomb|p1a: Raging Bolt
|-damage|p1a: Raging Bolt|46/100
|-status|p1a: Raging Bolt|psn
|
|-heal|p2a: Ban Wogerpon|9/100|[from] item: Leftovers
|-damage|p1a: Raging Bolt|33/100 psn|[from] psn
|upkeep
|turn|19
|
|t:|1758268030
|-end|p1a: Raging Bolt|Protosynthesis|[silent]
|switch|p1a: Gholdengo|Gholdengo|92/100
|-damage|p1a: Gholdengo|86/100|[from] Stealth Rock
|move|p2a: Ban Wogerpon|Sludge Bomb|p1a: Gholdengo
|-immune|p1a: Gholdengo
|
|-heal|p1a: Gholdengo|92/100|[from] item: Leftovers
|-heal|p2a: Ban Wogerpon|15/100|[from] item: Leftovers
|upkeep
|turn|20
|
|t:|1758268037
|move|p1a: Gholdengo|Shadow Ball|p2a: Ban Wogerpon
|-damage|p2a: Ban Wogerpon|0 fnt
|faint|p2a: Ban Wogerpon
|
|-heal|p1a: Gholdengo|98/100|[from] item: Leftovers
|upkeep
|
|t:|1758268039
|switch|p2a: Mega Donphan|Great Tusk|100/100
|turn|21
|
|t:|1758268044
|switch|p1a: Zamazenta|Zamazenta|88/100 tox
|-damage|p1a: Zamazenta|82/100 tox|[from] Stealth Rock
|move|p2a: Mega Donphan|Headlong Rush|p1a: Zamazenta
|-damage|p1a: Zamazenta|40/100 tox
|-unboost|p2a: Mega Donphan|def|1
|-unboost|p2a: Mega Donphan|spd|1
|
|-heal|p1a: Zamazenta|46/100 tox|[from] item: Leftovers
|-damage|p1a: Zamazenta|40/100 tox|[from] psn
|upkeep
|turn|22
|
|t:|1758268049
|-end|p2a: Mega Donphan|Protosynthesis|[silent]
|switch|p2a: Marine's curse|Dondozo, F|100/100
|move|p1a: Zamazenta|Body Press|p2a: Marine's curse
|-damage|p2a: Marine's curse|81/100
|
|-heal|p1a: Zamazenta|46/100 tox|[from] item: Leftovers
|-damage|p1a: Zamazenta|34/100 tox|[from] psn
|upkeep
|turn|23
|
|t:|1758268058
|switch|p1a: Raging Bolt|Raging Bolt|33/100 psn
|-damage|p1a: Raging Bolt|21/100 psn|[from] Stealth Rock
|move|p2a: Marine's curse|Body Press|p1a: Raging Bolt
|-damage|p1a: Raging Bolt|0 fnt
|faint|p1a: Raging Bolt
|-end|p1a: Raging Bolt|Protosynthesis|[silent]
|
|upkeep
|
|t:|1758268061
|switch|p1a: Gholdengo|Gholdengo|98/100
|-damage|p1a: Gholdengo|92/100|[from] Stealth Rock
|turn|24
|
|t:|1758268067
|move|p1a: Gholdengo|Shadow Ball|p2a: Marine's curse
|-crit|p2a: Marine's curse
|-damage|p2a: Marine's curse|22/100
|move|p2a: Marine's curse|Waterfall|p1a: Gholdengo
|-damage|p1a: Gholdengo|61/100
|
|-heal|p1a: Gholdengo|67/100|[from] item: Leftovers
|upkeep
|turn|25
|
|t:|1758268073
|move|p1a: Gholdengo|Shadow Ball|p2a: Marine's curse
|-damage|p2a: Marine's curse|0 fnt
|faint|p2a: Marine's curse
|
|-heal|p1a: Gholdengo|74/100|[from] item: Leftovers
|upkeep
|
|t:|1758268075
|switch|p2a: Robo Rona|Iron Moth|100/100
|-enditem|p2a: Robo Rona|Booster Energy
|-activate|p2a: Robo Rona|ability: Quark Drive|[fromitem]
|-start|p2a: Robo Rona|quarkdrivespe
|turn|26
|
|t:|1758268078
|-terastallize|p1a: Gholdengo|Water
|move|p2a: Robo Rona|Fiery Dance|p1a: Gholdengo
|-resisted|p1a: Gholdengo
|-damage|p1a: Gholdengo|49/100
|-boost|p2a: Robo Rona|spa|1
|move|p1a: Gholdengo|Shadow Ball|p2a: Robo Rona
|-damage|p2a: Robo Rona|60/100
|
|-heal|p1a: Gholdengo|55/100|[from] item: Leftovers
|upkeep
|turn|27
|
|t:|1758268083
|move|p2a: Robo Rona|Sludge Wave|p1a: Gholdengo
|-damage|p1a: Gholdengo|0 fnt
|faint|p1a: Gholdengo
|
|upkeep
|
|t:|1758268086
|switch|p1a: Dragonite|Dragonite, M|87/100
|-damage|p1a: Dragonite|62/100|[from] Stealth Rock
|turn|28
|
|t:|1758268091
|move|p2a: Robo Rona|Dazzling Gleam|p1a: Dragonite
|-supereffective|p1a: Dragonite
|-damage|p1a: Dragonite|0 fnt
|faint|p1a: Dragonite
|
|upkeep
|
|t:|1758268093
|switch|p1a: Zamazenta|Zamazenta|34/100 tox
|-damage|p1a: Zamazenta|27/100 tox|[from] Stealth Rock
|turn|29
|
|t:|1758268096
|move|p2a: Robo Rona|Psychic|p1a: Zamazenta
|-supereffective|p1a: Zamazenta
|-damage|p1a: Zamazenta|0 fnt
|faint|p1a: Zamazenta
|
|win|Obito 2001
|raw|nmx123's rating: 1576 &rarr; <strong>1556</strong><br />(-20 for losing)
|raw|Obito 2001's rating: 1579 &rarr; <strong>1599</strong><br />(+20 for winning)
|l|☆nmx123
|player|p1|
