|j|‽XIXINANA
|j|☆decentdubs
|t:|1758345961
|gametype|singles
|player|p1|XIXINANA|nate|1253
|player|p2|decentdubs|101|1282
|gen|9
|tier|[Gen 9] OU
|rated|
|rule|HP Percentage Mod: HP is shown in percentages
|rule|Endless Battle Clause: Forcing endless battles is banned
|rule|Species Clause: Limit one of each Pokémon
|rule|OHKO Clause: OHKO moves are banned
|rule|Evasion Items Clause: Evasion items are banned
|rule|Evasion Moves Clause: Evasion moves are banned
|rule|Evasion Abilities Clause: Evasion abilities are banned
|rule|Sleep Moves Clause: Sleep-inducing moves are banned
|clearpoke
|poke|p1|Gyarados, M|
|poke|p1|Toxtricity, M|
|poke|p1|Sinistcha-Masterpiece|
|poke|p1|Polteageist-Antique|
|poke|p1|Typhlosion-Hisui, M|
|poke|p1|Regidrago|
|poke|p2|Gholdengo|
|poke|p2|Landorus-Therian, M|
|poke|p2|Zamazenta-*|
|poke|p2|Great Tusk|
|poke|p2|Garganacl, M|
|poke|p2|Moltres|
|teampreview
|inactive|Battle timer is ON: inactive players will automatically lose when time's up. (requested by decentdubs)
|
|t:|1758345978
|teamsize|p1|6
|teamsize|p2|6
|start
|switch|p1a: Gyarados|Gyarados, M, shiny|100/100
|switch|p2a: Gholdengo|Gholdengo|100/100
|-ability|p1a: Gyarados|Intimidate|boost
|-unboost|p2a: Gholdengo|atk|1
|turn|1
|
|t:|1758345985
|move|p2a: Gholdengo|Trick|p1a: Gyarados
|-activate|p2a: Gholdengo|move: Trick|[of] p1a: Gyarados
|-item|p1a: Gyarados|Choice Specs|[from] move: Trick
|-item|p2a: Gholdengo|Leftovers|[from] move: Trick
|move|p1a: Gyarados|Earthquake|p2a: Gholdengo
|-supereffective|p2a: Gholdengo
|-damage|p2a: Gholdengo|15/100
|
|-heal|p2a: Gholdengo|21/100|[from] item: Leftovers
|upkeep
|turn|2
|
|t:|1758346001
|switch|p1a: Regidrago|Regidrago|100/100
|move|p2a: Gholdengo|Thunderbolt|p1a: Regidrago
|-resisted|p1a: Regidrago
|-damage|p1a: Regidrago|82/100
|
|-heal|p2a: Gholdengo|27/100|[from] item: Leftovers
|upkeep
|turn|3
|
|t:|1758346019
|switch|p2a: Zamazenta|Zamazenta|100/100
|-ability|p2a: Zamazenta|Dauntless Shield|boost
|-boost|p2a: Zamazenta|def|1
|move|p1a: Regidrago|Dragon Energy|p2a: Zamazenta
|-damage|p2a: Zamazenta|19/100
|
|upkeep
|turn|4
|
|t:|1758346025
|move|p2a: Zamazenta|Play Rough|p1a: Regidrago
|-supereffective|p1a: Regidrago
|-damage|p1a: Regidrago|0 fnt
|faint|p1a: Regidrago
|
|upkeep
|
|t:|1758346035
|switch|p1a: Polteageist|Polteageist-Antique|100/100
|turn|5
|
|t:|1758346039
|move|p2a: Zamazenta|Play Rough|p1a: Polteageist
|-damage|p1a: Polteageist|13/100
|-ability|p1a: Polteageist|Weak Armor|boost
|-unboost|p1a: Polteageist|def|1
|-boost|p1a: Polteageist|spe|2
|move|p1a: Polteageist|Shell Smash|p1a: Polteageist
|-unboost|p1a: Polteageist|def|1
|-unboost|p1a: Polteageist|spd|1
|-boost|p1a: Polteageist|atk|2
|-boost|p1a: Polteageist|spa|2
|-boost|p1a: Polteageist|spe|2
|
|upkeep
|turn|6
|
|t:|1758346042
|move|p1a: Polteageist|Shadow Ball|p2a: Zamazenta
|-damage|p2a: Zamazenta|0 fnt
|faint|p2a: Zamazenta
|
|upkeep
|
|t:|1758346064
|switch|p2a: Landorus|Landorus-Therian, M|100/100
|-ability|p2a: Landorus|Intimidate|boost
|-unboost|p1a: Polteageist|atk|1
|turn|7
|
|t:|1758346072
|move|p1a: Polteageist|Stored Power|p2a: Landorus
|-damage|p2a: Landorus|0 fnt
|faint|p2a: Landorus
|
|upkeep
|
|t:|1758346084
|switch|p2a: Garganacl|Garganacl, M|100/100
|turn|8
|
|t:|1758346090
|move|p1a: Polteageist|Stored Power|p2a: Garganacl
|-damage|p2a: Garganacl|0 fnt
|faint|p2a: Garganacl
|
|upkeep
|
|t:|1758346104
|switch|p2a: Great Tusk|Great Tusk|100/100
|turn|9
|
|t:|1758346109
|move|p1a: Polteageist|Shadow Ball|p2a: Great Tusk
|-damage|p2a: Great Tusk|15/100
|move|p2a: Great Tusk|Headlong Rush|p1a: Polteageist
|-damage|p1a: Polteageist|0 fnt
|-unboost|p2a: Great Tusk|def|1
|-unboost|p2a: Great Tusk|spd|1
|faint|p1a: Polteageist
|
|upkeep
|
|t:|1758346119
|switch|p1a: Gyarados|Gyarados, M, shiny|100/100
|-ability|p1a: Gyarados|Intimidate|boost
|-unboost|p2a: Great Tusk|atk|1
|turn|10
|
|t:|1758346126
|-end|p2a: Great Tusk|Protosynthesis|[silent]
|switch|p2a: Gholdengo|Gholdengo|27/100
|move|p1a: Gyarados|Waterfall|p2a: Gholdengo
|-damage|p2a: Gholdengo|0 fnt
|faint|p2a: Gholdengo
|
|upkeep
|
|t:|1758346133
|switch|p2a: Great Tusk|Great Tusk|15/100
|turn|11
|
|t:|1758346137
|move|p1a: Gyarados|Waterfall|p2a: Great Tusk
|-supereffective|p2a: Great Tusk
|-damage|p2a: Great Tusk|0 fnt
|faint|p2a: Great Tusk
|-end|p2a: Great Tusk|Protosynthesis|[silent]
|
|upkeep
|
|t:|1758346139
|switch|p2a: Moltres|Moltres|100/100
|turn|12
|
|t:|1758346144
|move|p2a: Moltres|Hurricane|p1a: Gyarados
|-damage|p1a: Gyarados|40/100
|move|p1a: Gyarados|Waterfall|p2a: Moltres
|-supereffective|p2a: Moltres
|-damage|p2a: Moltres|0 fnt
|faint|p2a: Moltres
|
|win|XIXINANA
|raw|XIXINANA's rating: 1253 &rarr; <strong>1280</strong><br />(+27 for winning)
|raw|decentdubs's rating: 1282 &rarr; <strong>1255</strong><br />(-27 for losing)
|l|☆decentdubs
|player|p2|
|l|‽XIXINANA
|player|p1|
