|j|☆Nino3633
|j|☆addycedo
|t:|1758373699
|gametype|singles
|player|p1|Nino3633|266|1143
|player|p2|addycedo|hugh|1091
|gen|9
|tier|[Gen 9] OU
|rated|
|rule|HP Percentage Mod: HP is shown in percentages
|rule|Endless Battle Clause: Forcing endless battles is banned
|rule|Species Clause: Limit one of each Pokémon
|rule|OHKO Clause: OHKO moves are banned
|rule|Evasion Items Clause: Evasion items are banned
|rule|Evasion Moves Clause: Evasion moves are banned
|rule|Evasion Abilities Clause: Evasion abilities are banned
|rule|Sleep Moves Clause: Sleep-inducing moves are banned
|clearpoke
|poke|p1|Gliscor, M|
|poke|p1|Grimmsnarl, M|
|poke|p1|Gholdengo|
|poke|p1|Pecharunt|
|poke|p1|Iron Boulder|
|poke|p1|Hatterene, F|
|poke|p2|Glimmora, M|
|poke|p2|Iron Valiant|
|poke|p2|Gholdengo|
|poke|p2|Great Tusk|
|poke|p2|Dragonite, M|
|poke|p2|Dragapult, F|
|teampreview
|inactive|Battle timer is ON: inactive players will automatically lose when time's up. (requested by Nino3633)
|
|t:|1758373709
|teamsize|p1|6
|teamsize|p2|6
|start
|switch|p1a: Grimmsnarl|Grimmsnarl, M|100/100
|switch|p2a: Pulteshwar|Dragapult, F|100/100
|turn|1
|
|t:|1758373717
|move|p2a: Pulteshwar|Will-O-Wisp|p1a: Grimmsnarl
|-status|p1a: Grimmsnarl|brn
|move|p1a: Grimmsnarl|Spirit Break|p2a: Pulteshwar
|-supereffective|p2a: Pulteshwar
|-damage|p2a: Pulteshwar|44/100
|
|-damage|p1a: Grimmsnarl|94/100 brn|[from] brn
|upkeep
|turn|2
|
|t:|1758373727
|move|p2a: Pulteshwar|U-turn|p1a: Grimmsnarl
|-damage|p1a: Grimmsnarl|75/100 brn
|
|t:|1758373732
|switch|p2a: Athena|Iron Valiant|100/100|[from] U-turn
|-enditem|p2a: Athena|Booster Energy
|-activate|p2a: Athena|ability: Quark Drive|[fromitem]
|-start|p2a: Athena|quarkdrivespe
|move|p1a: Grimmsnarl|Spirit Break|p2a: Athena
|-supereffective|p2a: Athena
|-damage|p2a: Athena|51/100
|-unboost|p2a: Athena|spa|1
|
|-damage|p1a: Grimmsnarl|69/100 brn|[from] brn
|upkeep
|turn|3
|
|t:|1758373747
|move|p2a: Athena|Moonblast|p1a: Grimmsnarl
|-supereffective|p1a: Grimmsnarl
|-damage|p1a: Grimmsnarl|0 fnt
|faint|p1a: Grimmsnarl
|
|upkeep
|
|t:|1758373765
|switch|p1a: Gholdengo|Gholdengo|100/100
|turn|4
|
|t:|1758373778
|move|p2a: Athena|Knock Off|p1a: Gholdengo
|-supereffective|p1a: Gholdengo
|-damage|p1a: Gholdengo|33/100
|-enditem|p1a: Gholdengo|Choice Specs|[from] move: Knock Off|[of] p2a: Athena
|move|p1a: Gholdengo|Shadow Ball|p2a: Athena
|-damage|p2a: Athena|0 fnt
|faint|p2a: Athena
|-end|p2a: Athena|Quark Drive|[silent]
|
|upkeep
|
|t:|1758373795
|switch|p2a: Shrekonite|Dragonite, M, shiny|100/100
|turn|5
|
|t:|1758373802
|move|p2a: Shrekonite|Extreme Speed|p1a: Gholdengo
|-immune|p1a: Gholdengo
|move|p1a: Gholdengo|Recover|p1a: Gholdengo
|-heal|p1a: Gholdengo|83/100
|
|upkeep
|turn|6
|c|☆addycedo|MISCLICK
|
|t:|1758373809
|move|p2a: Shrekonite|Fire Punch|p1a: Gholdengo
|-supereffective|p1a: Gholdengo
|-damage|p1a: Gholdengo|25/100
|move|p1a: Gholdengo|Shadow Ball|p2a: Shrekonite
|-damage|p2a: Shrekonite|54/100
|
|upkeep
|turn|7
|c|☆addycedo|i wanted to firepunch u
|
|t:|1758373831
|switch|p1a: Hatterene|Hatterene, F|100/100
|move|p2a: Shrekonite|Fire Punch|p1a: Hatterene
|-damage|p1a: Hatterene|73/100
|
|-heal|p1a: Hatterene|79/100|[from] item: Leftovers
|upkeep
|turn|8
|
|t:|1758373848
|switch|p1a: Gliscor|Gliscor, M|100/100
|move|p2a: Shrekonite|Extreme Speed|p1a: Gliscor
|-damage|p1a: Gliscor|77/100
|
|-status|p1a: Gliscor|tox|[from] item: Toxic Orb
|upkeep
|turn|9
|inactive|addycedo has 120 seconds left.
|
|t:|1758373898
|switch|p2a: Chrysus|Gholdengo, shiny|100/100
|-item|p2a: Chrysus|Air Balloon
|move|p1a: Gliscor|Stealth Rock|p2a: Chrysus
|-sidestart|p2: addycedo|move: Stealth Rock
|
|-heal|p1a: Gliscor|89/100 tox|[from] ability: Poison Heal
|upkeep
|turn|10
|inactive|addycedo has 90 seconds left.
|
|t:|1758373925
|switch|p1a: Gholdengo|Gholdengo|25/100
|move|p2a: Chrysus|Nasty Plot|p2a: Chrysus
|-boost|p2a: Chrysus|spa|2
|
|upkeep
|turn|11
|
|t:|1758373935
|move|p2a: Chrysus|Shadow Ball|p1a: Gholdengo
|-supereffective|p1a: Gholdengo
|-crit|p1a: Gholdengo
|-damage|p1a: Gholdengo|0 fnt
|faint|p1a: Gholdengo
|
|upkeep
|
|t:|1758373940
|switch|p1a: Iron Boulder|Iron Boulder|100/100
|turn|12
|
|t:|1758373957
|-terastallize|p1a: Iron Boulder|Flying
|move|p1a: Iron Boulder|Mighty Cleave|p2a: Chrysus
|-resisted|p2a: Chrysus
|-damage|p2a: Chrysus|76/100
|-enditem|p2a: Chrysus|Air Balloon
|move|p2a: Chrysus|Shadow Ball|p1a: Iron Boulder
|-damage|p1a: Iron Boulder|44/100
|-unboost|p1a: Iron Boulder|spd|1
|
|upkeep
|turn|13
|
|t:|1758373967
|move|p1a: Iron Boulder|Earthquake|p2a: Chrysus
|-supereffective|p2a: Chrysus
|-damage|p2a: Chrysus|2/100
|move|p2a: Chrysus|Shadow Ball|p1a: Iron Boulder
|-damage|p1a: Iron Boulder|0 fnt
|faint|p1a: Iron Boulder
|-end|p1a: Iron Boulder|Quark Drive|[silent]
|
|upkeep
|c|☆addycedo|wow
|
|t:|1758373982
|switch|p1a: Hatterene|Hatterene, F|79/100
|turn|14
|
|t:|1758373990
|move|p2a: Chrysus|Shadow Ball|p1a: Hatterene
|-supereffective|p1a: Hatterene
|-damage|p1a: Hatterene|0 fnt
|faint|p1a: Hatterene
|
|upkeep
|
|t:|1758373995
|switch|p1a: Pecharunt|Pecharunt|100/100
|turn|15
|inactive|addycedo has 120 seconds left.
|
|t:|1758374004
|move|p2a: Chrysus|Shadow Ball|p1a: Pecharunt
|-supereffective|p1a: Pecharunt
|-damage|p1a: Pecharunt|0 fnt
|faint|p1a: Pecharunt
|
|upkeep
|
|t:|1758374009
|switch|p1a: Gliscor|Gliscor, M|89/100 tox
|turn|16
|
|t:|1758374017
|move|p2a: Chrysus|Make It Rain|p1a: Gliscor
|-damage|p1a: Gliscor|0 fnt
|-unboost|p2a: Chrysus|spa|1
|faint|p1a: Gliscor
|
|win|addycedo
|raw|Nino3633's rating: 1143 &rarr; <strong>1114</strong><br />(-29 for losing)
|raw|addycedo's rating: 1091 &rarr; <strong>1121</strong><br />(+30 for winning)
