|j|☆CuentaTemporal00
|j|☆YourlocalLoser72
|t:|1758347299
|gametype|singles
|player|p1|CuentaTemporal00|li|1178
|player|p2|YourlocalLoser72|crasherwake|1217
|gen|9
|tier|[Gen 9] OU
|rated|
|rule|HP Percentage Mod: HP is shown in percentages
|rule|Endless Battle Clause: Forcing endless battles is banned
|rule|Species Clause: Limit one of each Pokémon
|rule|OHKO Clause: OHKO moves are banned
|rule|Evasion Items Clause: Evasion items are banned
|rule|Evasion Moves Clause: Evasion moves are banned
|rule|Evasion Abilities Clause: Evasion abilities are banned
|rule|Sleep Moves Clause: Sleep-inducing moves are banned
|clearpoke
|poke|p1|Staraptor, M|
|poke|p1|Dragapult, F|
|poke|p1|Conkeldurr, M|
|poke|p1|Rotom-Wash|
|poke|p1|Weavile, F|
|poke|p1|Iron Hands|
|poke|p2|Zamazenta-*|
|poke|p2|Ogerpon-Wellspring, F|
|poke|p2|Landorus-Therian, M|
|poke|p2|Raging Bolt|
|poke|p2|Kingambit, M|
|poke|p2|Hatterene, F|
|teampreview
|inactive|Battle timer is ON: inactive players will automatically lose when time's up. (requested by YourlocalLoser72)
|
|t:|1758347328
|teamsize|p1|6
|teamsize|p2|6
|start
|switch|p1a: Staraptor|Staraptor, M|100/100
|switch|p2a: Ground Man|Landorus-Therian, M|100/100
|-ability|p2a: Ground Man|Intimidate|boost
|-unboost|p1a: Staraptor|atk|1
|turn|1
|inactive|CuentaTemporal00 has 120 seconds left.
|
|t:|1758347359
|switch|p1a: Rotom|Rotom-Wash|100/100
|move|p2a: Ground Man|Stealth Rock|p1a: Rotom
|-sidestart|p1: CuentaTemporal00|move: Stealth Rock
|
|upkeep
|turn|2
|
|t:|1758347371
|move|p2a: Ground Man|U-turn|p1a: Rotom
|-damage|p1a: Rotom|75/100
|
|t:|1758347373
|switch|p2a: Hat Kid|Hatterene, F|100/100|[from] U-turn
|move|p1a: Rotom|Hydro Pump|p2a: Hat Kid
|-damage|p2a: Hat Kid|69/100
|
|upkeep
|turn|3
|
|t:|1758347382
|move|p1a: Rotom|Shadow Ball|p2a: Hat Kid
|-supereffective|p2a: Hat Kid
|-damage|p2a: Hat Kid|38/100
|-unboost|p2a: Hat Kid|spd|1
|move|p2a: Hat Kid|Draining Kiss|p1a: Rotom
|-damage|p1a: Rotom|51/100
|-heal|p2a: Hat Kid|52/100|[from] drain|[of] p1a: Rotom
|
|upkeep
|turn|4
|
|t:|1758347392
|switch|p2a: Zeus|Raging Bolt|100/100
|move|p1a: Rotom|Shadow Ball|p2a: Zeus
|-damage|p2a: Zeus|77/100
|
|upkeep
|turn|5
|
|t:|1758347400
|move|p1a: Rotom|Hydro Pump|p2a: Zeus
|-resisted|p2a: Zeus
|-damage|p2a: Zeus|54/100
|move|p2a: Zeus|Volt Switch|p1a: Rotom
|-damage|p1a: Rotom|0 fnt
|faint|p1a: Rotom
|
|t:|1758347410
|-end|p2a: Zeus|Protosynthesis|[silent]
|switch|p2a: Hata no Kokoro|Ogerpon-Wellspring, F|100/100|[from] Volt Switch
|
|upkeep
|
|t:|1758347416
|switch|p1a: Staraptor|Staraptor, M|100/100
|-damage|p1a: Staraptor|76/100|[from] Stealth Rock
|turn|6
|
|t:|1758347420
|switch|p2a: Ground Man|Landorus-Therian, M|100/100
|-ability|p2a: Ground Man|Intimidate|boost
|-unboost|p1a: Staraptor|atk|1
|move|p1a: Staraptor|Brave Bird|p2a: Ground Man
|-damage|p2a: Ground Man|41/100
|-damage|p1a: Staraptor|59/100|[from] item: Rocky Helmet|[of] p2a: Ground Man
|-damage|p1a: Staraptor|35/100|[from] Recoil
|
|upkeep
|turn|7
|
|t:|1758347429
|move|p1a: Staraptor|Brave Bird|p2a: Ground Man
|-damage|p2a: Ground Man|0 fnt
|-damage|p1a: Staraptor|19/100|[from] item: Rocky Helmet|[of] p2a: Ground Man
|faint|p2a: Ground Man
|-damage|p1a: Staraptor|2/100|[from] Recoil
|
|upkeep
|
|t:|1758347441
|switch|p2a: Zeus|Raging Bolt|54/100
|turn|8
|
|t:|1758347445
|move|p1a: Staraptor|Brave Bird|p2a: Zeus
|-resisted|p2a: Zeus
|-damage|p2a: Zeus|27/100
|-damage|p1a: Staraptor|0 fnt|[from] Recoil
|faint|p1a: Staraptor
|move|p2a: Zeus|Volt Switch|p1: Staraptor|[notarget]
|-fail|p2a: Zeus
|
|upkeep
|
|t:|1758347450
|switch|p1a: Weavile|Weavile, F|100/100
|-damage|p1a: Weavile|76/100|[from] Stealth Rock
|turn|9
|
|t:|1758347454
|-end|p2a: Zeus|Protosynthesis|[silent]
|switch|p2a: Good Boy|Zamazenta|100/100
|-ability|p2a: Good Boy|Dauntless Shield|boost
|-boost|p2a: Good Boy|def|1
|move|p1a: Weavile|Ice Spinner|p2a: Good Boy
|-damage|p2a: Good Boy|76/100
|-damage|p1a: Weavile|66/100|[from] item: Life Orb
|
|-heal|p2a: Good Boy|82/100|[from] item: Leftovers
|upkeep
|turn|10
|
|t:|1758347469
|move|p2a: Good Boy|Crunch|p1a: Weavile
|-resisted|p1a: Weavile
|-damage|p1a: Weavile|47/100
|-unboost|p1a: Weavile|def|1
|move|p1a: Weavile|Ice Spinner|p2a: Good Boy
|-damage|p2a: Good Boy|56/100
|-damage|p1a: Weavile|38/100|[from] item: Life Orb
|
|-heal|p2a: Good Boy|62/100|[from] item: Leftovers
|upkeep
|turn|11
|
|t:|1758347476
|move|p2a: Good Boy|Crunch|p1a: Weavile
|-resisted|p1a: Weavile
|-damage|p1a: Weavile|11/100
|move|p1a: Weavile|Knock Off|p2a: Good Boy
|-resisted|p2a: Good Boy
|-damage|p2a: Good Boy|49/100
|-enditem|p2a: Good Boy|Leftovers|[from] move: Knock Off|[of] p1a: Weavile
|-damage|p1a: Weavile|1/100|[from] item: Life Orb
|
|upkeep
|turn|12
|
|t:|1758347479
|move|p2a: Good Boy|Crunch|p1a: Weavile
|-resisted|p1a: Weavile
|-damage|p1a: Weavile|0 fnt
|faint|p1a: Weavile
|
|upkeep
|
|t:|1758347485
|switch|p1a: Iron Hands|Iron Hands|100/100
|-damage|p1a: Iron Hands|94/100|[from] Stealth Rock
|-enditem|p1a: Iron Hands|Booster Energy
|-activate|p1a: Iron Hands|ability: Quark Drive|[fromitem]
|-start|p1a: Iron Hands|quarkdriveatk
|turn|13
|
|t:|1758347493
|move|p1a: Iron Hands|Fake Out|p2a: Good Boy
|-damage|p2a: Good Boy|38/100
|cant|p2a: Good Boy|flinch
|
|upkeep
|turn|14
|
|t:|1758347513
|move|p2a: Good Boy|Body Press|p1a: Iron Hands
|-damage|p1a: Iron Hands|64/100
|move|p1a: Iron Hands|Earthquake|p2a: Good Boy
|-damage|p2a: Good Boy|14/100
|
|upkeep
|turn|15
|
|t:|1758347523
|move|p2a: Good Boy|Body Press|p1a: Iron Hands
|-damage|p1a: Iron Hands|30/100
|move|p1a: Iron Hands|Earthquake|p2a: Good Boy
|-damage|p2a: Good Boy|0 fnt
|faint|p2a: Good Boy
|
|upkeep
|
|t:|1758347529
|switch|p2a: Hata no Kokoro|Ogerpon-Wellspring, F|100/100
|turn|16
|
|t:|1758347533
|move|p2a: Hata no Kokoro|Ivy Cudgel|p1a: Iron Hands|[anim] Ivy Cudgel Water
|-damage|p1a: Iron Hands|0 fnt
|faint|p1a: Iron Hands
|-end|p1a: Iron Hands|Quark Drive|[silent]
|
|upkeep
|
|t:|1758347538
|switch|p1a: Dragapult|Dragapult, F|100/100
|-damage|p1a: Dragapult|88/100|[from] Stealth Rock
|turn|17
|inactive|CuentaTemporal00 has 120 seconds left.
|
|t:|1758347574
|-terastallize|p1a: Dragapult|Dragon
|move|p1a: Dragapult|Dragon Darts|p2a: Hata no Kokoro
|-damage|p2a: Hata no Kokoro|45/100
|-anim|p1a: Dragapult|Dragon Darts|p2a: Hata no Kokoro
|-damage|p2a: Hata no Kokoro|0 fnt
|faint|p2a: Hata no Kokoro
|-damage|p1a: Dragapult|78/100|[from] item: Life Orb
|
|upkeep
|
|t:|1758347585
|switch|p2a: Hat Kid|Hatterene, F|52/100
|turn|18
|
|t:|1758347589
|-terastallize|p2a: Hat Kid|Water
|move|p1a: Dragapult|Phantom Force||[still]
|-prepare|p1a: Dragapult|Phantom Force
|move|p2a: Hat Kid|Draining Kiss|p1a: Dragapult|[miss]
|-miss|p2a: Hat Kid|p1a: Dragapult
|
|upkeep
|turn|19
|
|t:|1758347595
|move|p1a: Dragapult|Phantom Force|p2a: Hat Kid|[from] lockedmove
|-damage|p2a: Hat Kid|0 fnt
|faint|p2a: Hat Kid
|-damage|p1a: Dragapult|69/100|[from] item: Life Orb
|
|upkeep
|
|t:|1758347600
|switch|p2a: Kazuma|Kingambit, M|100/100
|-activate|p2a: Kazuma|ability: Supreme Overlord
|-start|p2a: Kazuma|fallen4|[silent]
|turn|20
|
|t:|1758347605
|switch|p1a: Conkeldurr|Conkeldurr, M|100/100
|-damage|p1a: Conkeldurr|94/100|[from] Stealth Rock
|move|p2a: Kazuma|Iron Head|p1a: Conkeldurr
|-damage|p1a: Conkeldurr|34/100
|
|-status|p1a: Conkeldurr|brn|[from] item: Flame Orb
|upkeep
|turn|21
|
|t:|1758347613
|move|p2a: Kazuma|Sucker Punch|p1a: Conkeldurr
|-resisted|p1a: Conkeldurr
|-damage|p1a: Conkeldurr|9/100 brn
|move|p1a: Conkeldurr|Mach Punch|p2a: Kazuma
|-supereffective|p2a: Kazuma
|-damage|p2a: Kazuma|0 fnt
|faint|p2a: Kazuma
|-end|p2a: Kazuma|fallen4|[silent]
|
|-damage|p1a: Conkeldurr|3/100 brn|[from] brn
|upkeep
|
|t:|1758347618
|switch|p2a: Zeus|Raging Bolt|27/100
|turn|22
|
|t:|1758347625
|move|p2a: Zeus|Thunderclap|p1a: Conkeldurr
|-damage|p1a: Conkeldurr|0 fnt
|faint|p1a: Conkeldurr
|
|upkeep
|
|t:|1758347628
|switch|p1a: Dragapult|Dragapult, F, tera:Dragon|69/100
|-damage|p1a: Dragapult|56/100|[from] Stealth Rock
|turn|23
|
|t:|1758347636
|move|p2a: Zeus|Thunderclap|p1a: Dragapult
|-resisted|p1a: Dragapult
|-damage|p1a: Dragapult|13/100
|move|p1a: Dragapult|Dragon Darts|p2a: Zeus
|-supereffective|p2a: Zeus
|-damage|p2a: Zeus|0 fnt
|faint|p2a: Zeus
|-end|p2a: Zeus|Protosynthesis|[silent]
|-damage|p1a: Dragapult|3/100|[from] item: Life Orb
|
|win|CuentaTemporal00
|raw|CuentaTemporal00's rating: 1178 &rarr; <strong>1206</strong><br />(+28 for winning)
|raw|YourlocalLoser72's rating: 1217 &rarr; <strong>1189</strong><br />(-28 for losing)
|l|☆YourlocalLoser72
|player|p2|
|l|☆CuentaTemporal00
|player|p1|
