|j|☆diav
|j|☆wegs
|t:|1758286675
|gametype|singles
|player|p1|diav|artist-gen4|1534
|player|p2|wegs|steven|1597
|gen|9
|tier|[Gen 9] OU
|rated|
|rule|HP Percentage Mod: HP is shown in percentages
|rule|Endless Battle Clause: Forcing endless battles is banned
|rule|Species Clause: Limit one of each Pokémon
|rule|OHKO Clause: OHKO moves are banned
|rule|Evasion Items Clause: Evasion items are banned
|rule|Evasion Moves Clause: Evasion moves are banned
|rule|Evasion Abilities Clause: Evasion abilities are banned
|rule|Sleep Moves Clause: Sleep-inducing moves are banned
|clearpoke
|poke|p1|Kyurem|
|poke|p1|Chansey, F|
|poke|p1|Samurott-Hisui, F|
|poke|p1|Corviknight, M|
|poke|p1|Hatterene, F|
|poke|p1|Zamazenta-*|
|poke|p2|Corviknight, F|
|poke|p2|Slowking-Galar, M|
|poke|p2|Kingambit, M|
|poke|p2|Kyurem|
|poke|p2|Great Tusk|
|poke|p2|Meowscarada, M|
|teampreview
|inactive|Battle timer is ON: inactive players will automatically lose when time's up. (requested by diav)
|
|t:|1758286698
|teamsize|p1|6
|teamsize|p2|6
|start
|switch|p1a: Corviknight|Corviknight, M|100/100
|switch|p2a: Meowscarada|Meowscarada, M|100/100
|turn|1
|
|t:|1758286709
|switch|p2a: Corviknight|Corviknight, F|100/100
|-ability|p2a: Corviknight|Pressure
|move|p1a: Corviknight|U-turn|p2a: Corviknight
|-resisted|p2a: Corviknight
|-damage|p2a: Corviknight|98/100
|
|t:|1758286712
|switch|p1a: Hatterene|Hatterene, F|100/100|[from] U-turn
|
|-heal|p2a: Corviknight|100/100|[from] item: Leftovers
|upkeep
|turn|2
|
|t:|1758286717
|move|p2a: Corviknight|U-turn|p1a: Hatterene
|-damage|p1a: Hatterene|85/100
|
|t:|1758286719
|switch|p2a: Slowking|Slowking-Galar, M|100/100|[from] U-turn
|move|p1a: Hatterene|Mystical Fire|p2a: Slowking
|-damage|p2a: Slowking|85/100
|-unboost|p2a: Slowking|spa|1
|
|-heal|p1a: Hatterene|91/100|[from] item: Leftovers
|upkeep
|turn|3
|
|t:|1758286726
|move|p1a: Hatterene|Calm Mind|p1a: Hatterene
|-boost|p1a: Hatterene|spa|1
|-boost|p1a: Hatterene|spd|1
|-prepare|p2a: Slowking|Chilly Reception|[premajor]
|move|p2a: Slowking|Chilly Reception|p2a: Slowking
|-weather|Snowscape
|
|t:|1758286735
|switch|p2a: Kingambit|Kingambit, M|100/100|[from] Chilly Reception
|
|-weather|Snowscape|[upkeep]
|-heal|p1a: Hatterene|97/100|[from] item: Leftovers
|upkeep
|turn|4
|
|t:|1758286747
|-end|p2a: Kingambit|fallenundefined|[silent]
|switch|p2a: Slowking|Slowking-Galar, M|100/100
|move|p1a: Hatterene|Mystical Fire|p2a: Slowking
|-damage|p2a: Slowking|76/100
|-unboost|p2a: Slowking|spa|1
|
|-weather|Snowscape|[upkeep]
|-heal|p1a: Hatterene|100/100|[from] item: Leftovers
|upkeep
|turn|5
|
|t:|1758286755
|move|p1a: Hatterene|Psyshock|p2a: Slowking
|-damage|p2a: Slowking|10/100
|-prepare|p2a: Slowking|Chilly Reception|[premajor]
|move|p2a: Slowking|Chilly Reception|p2a: Slowking
|
|t:|1758286759
|switch|p2a: Kingambit|Kingambit, M|100/100|[from] Chilly Reception
|
|-weather|Snowscape|[upkeep]
|upkeep
|turn|6
|
|t:|1758286764
|switch|p1a: Corviknight|Corviknight, M|100/100
|move|p2a: Kingambit|Iron Head|p1a: Corviknight
|-resisted|p1a: Corviknight
|-damage|p1a: Corviknight|86/100
|
|-weather|Snowscape|[upkeep]
|-heal|p1a: Corviknight|92/100|[from] item: Leftovers
|upkeep
|turn|7
|
|t:|1758286769
|-end|p2a: Kingambit|fallenundefined|[silent]
|switch|p2a: Slowking|Slowking-Galar, M|44/100
|move|p1a: Corviknight|U-turn|p2a: Slowking
|-damage|p2a: Slowking|29/100
|
|t:|1758286777
|switch|p1a: Samurott|Samurott-Hisui, F|100/100|[from] U-turn
|
|-weather|none
|upkeep
|turn|8
|
|t:|1758286794
|switch|p2a: Corviknight|Corviknight, F|100/100
|-ability|p2a: Corviknight|Pressure
|move|p1a: Samurott|Aqua Cutter|p2a: Corviknight
|-damage|p2a: Corviknight|69/100
|
|-heal|p2a: Corviknight|75/100|[from] item: Leftovers
|upkeep
|turn|9
|
|t:|1758286807
|switch|p1a: Corviknight|Corviknight, M|92/100
|move|p2a: Corviknight|U-turn|p1a: Corviknight
|-resisted|p1a: Corviknight
|-damage|p1a: Corviknight|90/100
|
|t:|1758286818
|switch|p2a: Slowking|Slowking-Galar, M|62/100|[from] U-turn
|
|-heal|p1a: Corviknight|96/100|[from] item: Leftovers
|upkeep
|turn|10
|
|t:|1758286824
|move|p1a: Corviknight|Brave Bird|p2a: Slowking
|-damage|p2a: Slowking|24/100
|-damage|p1a: Corviknight|84/100|[from] Recoil
|-prepare|p2a: Slowking|Chilly Reception|[premajor]
|move|p2a: Slowking|Chilly Reception|p2a: Slowking
|-weather|Snowscape
|
|t:|1758286831
|switch|p2a: Corviknight|Corviknight, F|75/100|[from] Chilly Reception
|-ability|p2a: Corviknight|Pressure
|
|-weather|Snowscape|[upkeep]
|-heal|p2a: Corviknight|81/100|[from] item: Leftovers
|-heal|p1a: Corviknight|90/100|[from] item: Leftovers
|upkeep
|turn|11
|
|t:|1758286838
|move|p2a: Corviknight|Iron Defense|p2a: Corviknight
|-boost|p2a: Corviknight|def|2
|move|p1a: Corviknight|U-turn|p2a: Corviknight
|-resisted|p2a: Corviknight
|-damage|p2a: Corviknight|80/100
|
|t:|1758286842
|switch|p1a: Hatterene|Hatterene, F|100/100|[from] U-turn
|
|-weather|Snowscape|[upkeep]
|-heal|p2a: Corviknight|87/100|[from] item: Leftovers
|upkeep
|turn|12
|
|t:|1758286848
|move|p2a: Corviknight|U-turn|p1a: Hatterene
|-damage|p1a: Hatterene|86/100
|
|t:|1758286850
|switch|p2a: Slowking|Slowking-Galar, M|57/100|[from] U-turn
|move|p1a: Hatterene|Mystical Fire|p2a: Slowking
|-damage|p2a: Slowking|42/100
|-unboost|p2a: Slowking|spa|1
|
|-weather|Snowscape|[upkeep]
|-heal|p1a: Hatterene|92/100|[from] item: Leftovers
|upkeep
|turn|13
|
|t:|1758286853
|switch|p2a: Kingambit|Kingambit, M|100/100
|move|p1a: Hatterene|Psyshock|p2a: Kingambit
|-immune|p2a: Kingambit
|
|-weather|Snowscape|[upkeep]
|-heal|p1a: Hatterene|98/100|[from] item: Leftovers
|upkeep
|turn|14
|
|t:|1758286861
|move|p2a: Kingambit|Kowtow Cleave|p1a: Hatterene
|-damage|p1a: Hatterene|38/100
|move|p1a: Hatterene|Mystical Fire|p2a: Kingambit
|-supereffective|p2a: Kingambit
|-damage|p2a: Kingambit|35/100
|-unboost|p2a: Kingambit|spa|1
|
|-weather|none
|-heal|p1a: Hatterene|44/100|[from] item: Leftovers
|upkeep
|turn|15
|
|t:|1758286876
|switch|p1a: Corviknight|Corviknight, M|90/100
|move|p2a: Kingambit|Kowtow Cleave|p1a: Corviknight
|-damage|p1a: Corviknight|53/100
|
|-heal|p1a: Corviknight|59/100|[from] item: Leftovers
|upkeep
|turn|16
|
|t:|1758286883
|-end|p2a: Kingambit|fallenundefined|[silent]
|switch|p2a: Corviknight|Corviknight, F|87/100
|-ability|p2a: Corviknight|Pressure
|move|p1a: Corviknight|U-turn|p2a: Corviknight
|-resisted|p2a: Corviknight
|-damage|p2a: Corviknight|84/100
|
|t:|1758286887
|switch|p1a: Kyurem|Kyurem|100/100|[from] U-turn
|-ability|p1a: Kyurem|Pressure
|
|-heal|p2a: Corviknight|91/100|[from] item: Leftovers
|upkeep
|turn|17
|
|t:|1758286893
|switch|p2a: Slowking|Slowking-Galar, M|75/100
|move|p1a: Kyurem|Ice Beam|p2a: Slowking
|-damage|p2a: Slowking|31/100
|
|upkeep
|turn|18
|inactive|wegs has 120 seconds left.
|
|t:|1758286931
|switch|p2a: Kingambit|Kingambit, M|35/100
|move|p1a: Kyurem|Ice Beam|p2a: Kingambit
|-resisted|p2a: Kingambit
|-damage|p2a: Kingambit|0 fnt
|faint|p2a: Kingambit
|-end|p2a: Kingambit|fallenundefined|[silent]
|
|upkeep
|
|t:|1758286938
|switch|p2a: Kyurem|Kyurem|100/100
|-ability|p2a: Kyurem|Pressure
|turn|19
|inactive|wegs has 120 seconds left.
|
|t:|1758286945
|switch|p1a: Chansey|Chansey, F|100/100
|move|p2a: Kyurem|Dragon Dance|p2a: Kyurem
|-boost|p2a: Kyurem|atk|1
|-boost|p2a: Kyurem|spe|1
|
|upkeep
|turn|20
|inactive|wegs has 120 seconds left.
|
|t:|1758286958
|-terastallize|p2a: Kyurem|Electric
|move|p2a: Kyurem|Dragon Dance|p2a: Kyurem
|-boost|p2a: Kyurem|atk|1
|-boost|p2a: Kyurem|spe|1
|move|p1a: Chansey|Seismic Toss|p2a: Kyurem
|-damage|p2a: Kyurem|75/100
|
|upkeep
|turn|21
|inactive|wegs has 120 seconds left.
|
|t:|1758286974
|switch|p1a: Corviknight|Corviknight, M|59/100
|move|p2a: Kyurem|Icicle Spear|p1a: Corviknight
|-damage|p1a: Corviknight|42/100
|-damage|p1a: Corviknight|24/100
|-damage|p1a: Corviknight|7/100
|-damage|p1a: Corviknight|0 fnt
|faint|p1a: Corviknight
|-hitcount|p1: Corviknight|4
|
|upkeep
|
|t:|1758286975
|switch|p1a: Zamazenta|Zamazenta, shiny|100/100
|-ability|p1a: Zamazenta|Dauntless Shield|boost
|-boost|p1a: Zamazenta|def|1
|turn|22
|
|t:|1758286979
|move|p2a: Kyurem|Icicle Spear|p1a: Zamazenta
|-damage|p1a: Zamazenta|80/100
|-damage|p1a: Zamazenta|60/100
|-damage|p1a: Zamazenta|38/100
|-damage|p1a: Zamazenta|18/100
|-hitcount|p1a: Zamazenta|4
|move|p1a: Zamazenta|Close Combat|p2a: Kyurem
|-damage|p2a: Kyurem|2/100
|-unboost|p1a: Zamazenta|def|1
|-unboost|p1a: Zamazenta|spd|1
|-damage|p1a: Zamazenta|8/100|[from] item: Life Orb
|
|upkeep
|turn|23
|
|t:|1758286991
|move|p2a: Kyurem|Icicle Spear|p1a: Zamazenta
|-damage|p1a: Zamazenta|0 fnt
|faint|p1a: Zamazenta
|-hitcount|p1: Zamazenta|1
|
|upkeep
|
|t:|1758286994
|switch|p1a: Samurott|Samurott-Hisui, F|100/100
|turn|24
|
|t:|1758287008
|switch|p2a: Meowscarada|Meowscarada, M|100/100
|move|p1a: Samurott|Sucker Punch||[still]
|-fail|p1a: Samurott
|
|upkeep
|turn|25
|
|t:|1758287024
|switch|p1a: Chansey|Chansey, F|100/100
|move|p2a: Meowscarada|U-turn|p1a: Chansey
|-start|p2a: Meowscarada|typechange|Bug|[from] ability: Protean
|-damage|p1a: Chansey|80/100
|
|t:|1758287042
|switch|p2a: Slowking|Slowking-Galar, M|64/100|[from] U-turn
|
|upkeep
|turn|26
|
|t:|1758287046
|move|p1a: Chansey|Seismic Toss|p2a: Slowking
|-damage|p2a: Slowking|39/100
|-prepare|p2a: Slowking|Chilly Reception|[premajor]
|move|p2a: Slowking|Chilly Reception|p2a: Slowking
|-weather|Snowscape
|
|t:|1758287052
|switch|p2a: Meowscarada|Meowscarada, M|100/100|[from] Chilly Reception
|
|-weather|Snowscape|[upkeep]
|upkeep
|turn|27
|
|t:|1758287059
|move|p2a: Meowscarada|Knock Off|p1a: Chansey
|-start|p2a: Meowscarada|typechange|Dark|[from] ability: Protean
|-damage|p1a: Chansey|49/100
|-enditem|p1a: Chansey|Eviolite|[from] move: Knock Off|[of] p2a: Meowscarada
|move|p1a: Chansey|Soft-Boiled|p1a: Chansey
|-heal|p1a: Chansey|99/100
|
|-weather|Snowscape|[upkeep]
|upkeep
|turn|28
|
|t:|1758287067
|switch|p2a: Slowking|Slowking-Galar, M|72/100
|move|p1a: Chansey|Seismic Toss|p2a: Slowking
|-damage|p2a: Slowking|46/100
|
|-weather|Snowscape|[upkeep]
|upkeep
|turn|29
|
|t:|1758287073
|move|p1a: Chansey|Soft-Boiled|p1a: Chansey
|-heal|p1a: Chansey|100/100
|-prepare|p2a: Slowking|Chilly Reception|[premajor]
|move|p2a: Slowking|Chilly Reception|p2a: Slowking
|
|t:|1758287083
|switch|p2a: Great Tusk|Great Tusk|100/100|[from] Chilly Reception
|
|-weather|Snowscape|[upkeep]
|upkeep
|turn|30
|
|t:|1758287090
|move|p2a: Great Tusk|Stealth Rock|p1a: Chansey
|-sidestart|p1: diav|move: Stealth Rock
|move|p1a: Chansey|Ice Beam|p2a: Great Tusk
|-supereffective|p2a: Great Tusk
|-damage|p2a: Great Tusk|78/100
|
|-weather|none
|upkeep
|turn|31
|
|t:|1758287103
|-end|p2a: Great Tusk|Protosynthesis|[silent]
|switch|p2a: Slowking|Slowking-Galar, M|80/100
|move|p1a: Chansey|Ice Beam|p2a: Slowking
|-damage|p2a: Slowking|74/100
|-status|p2a: Slowking|frz
|
|upkeep
|turn|32
|
|t:|1758287108
|switch|p1a: Samurott|Samurott-Hisui, F|100/100
|-damage|p1a: Samurott|88/100|[from] Stealth Rock
|cant|p2a: Slowking|frz
|
|upkeep
|turn|33
|
|t:|1758287118
|switch|p2a: Corviknight|Corviknight, F|91/100
|-ability|p2a: Corviknight|Pressure
|move|p1a: Samurott|Swords Dance|p1a: Samurott
|-boost|p1a: Samurott|atk|2
|
|-heal|p2a: Corviknight|97/100|[from] item: Leftovers
|upkeep
|turn|34
|
|t:|1758287123
|move|p1a: Samurott|Aqua Cutter|p2a: Corviknight
|-damage|p2a: Corviknight|33/100
|move|p2a: Corviknight|Iron Defense|p2a: Corviknight
|-boost|p2a: Corviknight|def|2
|
|-heal|p2a: Corviknight|39/100|[from] item: Leftovers
|upkeep
|turn|35
|
|t:|1758287128
|move|p1a: Samurott|Aqua Cutter|p2a: Corviknight
|-damage|p2a: Corviknight|8/100
|move|p2a: Corviknight|Roost|p2a: Corviknight
|-heal|p2a: Corviknight|58/100
|-singleturn|p2a: Corviknight|move: Roost
|
|-heal|p2a: Corviknight|64/100|[from] item: Leftovers
|upkeep
|turn|36
|
|t:|1758287132
|move|p1a: Samurott|Swords Dance|p1a: Samurott
|-boost|p1a: Samurott|atk|2
|move|p2a: Corviknight|Roost|p2a: Corviknight
|-heal|p2a: Corviknight|100/100
|-singleturn|p2a: Corviknight|move: Roost
|
|upkeep
|turn|37
|
|t:|1758287135
|move|p1a: Samurott|Ceaseless Edge|p2a: Corviknight
|-damage|p2a: Corviknight|51/100
|-sidestart|p2: wegs|Spikes
|move|p2a: Corviknight|Body Press|p1a: Samurott
|-supereffective|p1a: Samurott
|-damage|p1a: Samurott|0 fnt
|faint|p1a: Samurott
|
|-heal|p2a: Corviknight|57/100|[from] item: Leftovers
|upkeep
|
|t:|1758287138
|switch|p1a: Kyurem|Kyurem|100/100
|-damage|p1a: Kyurem|76/100|[from] Stealth Rock
|-ability|p1a: Kyurem|Pressure
|turn|38
|
|t:|1758287156
|switch|p2a: Kyurem|Kyurem, tera:Electric|2/100
|-damage|p2a: Kyurem|0 fnt|[from] Spikes
|faint|p2a: Kyurem
|move|p1a: Kyurem|Ice Beam|p2: Kyurem|[notarget]
|-fail|p1a: Kyurem
|
|upkeep
|
|t:|1758287167
|switch|p2a: Meowscarada|Meowscarada, M|100/100
|-damage|p2a: Meowscarada|88/100|[from] Spikes
|turn|39
|
|t:|1758287184
|-terastallize|p1a: Kyurem|Fairy
|move|p2a: Meowscarada|Play Rough|p1a: Kyurem
|-start|p2a: Meowscarada|typechange|Fairy|[from] ability: Protean
|-damage|p1a: Kyurem|34/100
|move|p1a: Kyurem|Ice Beam|p2a: Meowscarada
|-damage|p2a: Meowscarada|0 fnt
|faint|p2a: Meowscarada
|
|upkeep
|
|t:|1758287193
|switch|p2a: Slowking|Slowking-Galar, M|100/100 frz
|turn|40
|
|t:|1758287198
|move|p1a: Kyurem|Ice Beam|p2a: Slowking
|-damage|p2a: Slowking|60/100 frz
|cant|p2a: Slowking|frz
|
|upkeep
|turn|41
|
|t:|1758287200
|move|p1a: Kyurem|Ice Beam|p2a: Slowking
|-damage|p2a: Slowking|15/100 frz
|cant|p2a: Slowking|frz
|
|upkeep
|turn|42
|
|t:|1758287205
|switch|p2a: Corviknight|Corviknight, F|57/100
|-ability|p2a: Corviknight|Pressure
|move|p1a: Kyurem|Ice Beam|p2a: Corviknight
|-damage|p2a: Corviknight|0 fnt
|faint|p2a: Corviknight
|
|upkeep
|
|t:|1758287207
|switch|p2a: Slowking|Slowking-Galar, M|48/100 frz
|turn|43
|
|t:|1758287209
|move|p1a: Kyurem|Ice Beam|p2a: Slowking
|-damage|p2a: Slowking|8/100 frz
|cant|p2a: Slowking|frz
|
|upkeep
|turn|44
|-message|wegs forfeited.
|
|win|diav
|raw|diav's rating: 1534 &rarr; <strong>1558</strong><br />(+24 for winning)
|raw|wegs's rating: 1597 &rarr; <strong>1573</strong><br />(-24 for losing)
|l|☆wegs
|player|p2|
|l|☆diav
|player|p1|
