|j|☆dadadadaxiji
|j|☆don coleone
|t:|1758336142
|gametype|singles
|player|p1|dadadadaxiji|dawn|1517
|player|p2|don coleone|169|1422
|gen|9
|tier|[Gen 9] OU
|rated|
|rule|HP Percentage Mod: HP is shown in percentages
|rule|Endless Battle Clause: Forcing endless battles is banned
|rule|Species Clause: Limit one of each Pokémon
|rule|OHKO Clause: OHKO moves are banned
|rule|Evasion Items Clause: Evasion items are banned
|rule|Evasion Moves Clause: Evasion moves are banned
|rule|Evasion Abilities Clause: Evasion abilities are banned
|rule|Sleep Moves Clause: Sleep-inducing moves are banned
|clearpoke
|poke|p1|Gliscor, M|
|poke|p1|Grafaiai, M|
|poke|p1|Alomomola, M|
|poke|p1|Cinderace, M|
|poke|p1|Garganacl, M|
|poke|p1|Ursaluna, M|
|poke|p2|Lokix, M|
|poke|p2|Comfey, F|
|poke|p2|Weezing-Galar, M|
|poke|p2|Feraligatr, M|
|poke|p2|Clodsire, M|
|poke|p2|Alomomola, F|
|teampreview
|inactive|Battle timer is ON: inactive players will automatically lose when time's up. (requested by dadadadaxiji)
|
|t:|1758336171
|teamsize|p1|6
|teamsize|p2|6
|start
|switch|p1a: Gliscor|Gliscor, M|100/100
|switch|p2a: Feraligatr|Feraligatr, M|100/100
|turn|1
|
|t:|1758336197
|switch|p1a: Alomomola|Alomomola, M|100/100
|move|p2a: Feraligatr|Dragon Dance|p2a: Feraligatr
|-boost|p2a: Feraligatr|atk|1
|-boost|p2a: Feraligatr|spe|1
|
|upkeep
|turn|2
|
|t:|1758336206
|move|p2a: Feraligatr|Dragon Dance|p2a: Feraligatr
|-boost|p2a: Feraligatr|atk|1
|-boost|p2a: Feraligatr|spe|1
|move|p1a: Alomomola|Flip Turn|p2a: Feraligatr
|-resisted|p2a: Feraligatr
|-damage|p2a: Feraligatr|91/100
|
|t:|1758336209
|switch|p1a: Grafaiai|Grafaiai, M|100/100|[from] Flip Turn
|
|upkeep
|turn|3
|
|t:|1758336212
|move|p2a: Feraligatr|Aqua Jet|p1a: Grafaiai
|-damage|p1a: Grafaiai|26/100
|-damage|p2a: Feraligatr|81/100|[from] item: Life Orb
|move|p1a: Grafaiai|Encore|p2a: Feraligatr
|-start|p2a: Feraligatr|Encore
|
|upkeep
|turn|4
|
|t:|1758336217
|switch|p1a: Alomomola|Alomomola, M|100/100
|move|p2a: Feraligatr|Aqua Jet|p1a: Alomomola
|-resisted|p1a: Alomomola
|-damage|p1a: Alomomola|88/100
|-damage|p2a: Feraligatr|65/100|[from] item: Rocky Helmet|[of] p1a: Alomomola
|-damage|p2a: Feraligatr|55/100|[from] item: Life Orb
|
|upkeep
|turn|5
|
|t:|1758336220
|move|p2a: Feraligatr|Aqua Jet|p1a: Alomomola
|-resisted|p1a: Alomomola
|-crit|p1a: Alomomola
|-damage|p1a: Alomomola|68/100
|-damage|p2a: Feraligatr|38/100|[from] item: Rocky Helmet|[of] p1a: Alomomola
|-damage|p2a: Feraligatr|28/100|[from] item: Life Orb
|move|p1a: Alomomola|Wish|p1a: Alomomola
|
|upkeep
|turn|6
|
|t:|1758336224
|move|p2a: Feraligatr|Aqua Jet|p1a: Alomomola
|-resisted|p1a: Alomomola
|-damage|p1a: Alomomola|53/100
|-damage|p2a: Feraligatr|12/100|[from] item: Rocky Helmet|[of] p1a: Alomomola
|-damage|p2a: Feraligatr|2/100|[from] item: Life Orb
|move|p1a: Alomomola|Flip Turn|p2a: Feraligatr
|-resisted|p2a: Feraligatr
|-damage|p2a: Feraligatr|0 fnt
|faint|p2a: Feraligatr
|
|t:|1758336226
|switch|p1a: Grafaiai|Grafaiai, M|26/100|[from] Flip Turn
|
|-heal|p1a: Grafaiai|100/100|[from] move: Wish|[wisher] Alomomola
|upkeep
|
|t:|1758336232
|switch|p2a: Lokix|Lokix, M|100/100
|turn|7
|
|t:|1758336240
|switch|p1a: Alomomola|Alomomola, M|87/100
|move|p2a: Lokix|Swords Dance|p2a: Lokix
|-boost|p2a: Lokix|atk|2
|
|upkeep
|turn|8
|
|t:|1758336247
|move|p2a: Lokix|Swords Dance|p2a: Lokix
|-boost|p2a: Lokix|atk|2
|move|p1a: Alomomola|Flip Turn|p2a: Lokix
|-damage|p2a: Lokix|76/100
|
|t:|1758336252
|switch|p1a: Cinderace|Cinderace, M|100/100|[from] Flip Turn
|
|upkeep
|turn|9
|
|t:|1758336256
|move|p2a: Lokix|Sucker Punch||[still]
|-fail|p2a: Lokix
|move|p1a: Cinderace|Will-O-Wisp|p2a: Lokix
|-status|p2a: Lokix|brn
|
|-damage|p2a: Lokix|70/100 brn|[from] brn
|upkeep
|turn|10
|
|t:|1758336265
|switch|p1a: Alomomola|Alomomola, M|100/100
|move|p2a: Lokix|Sucker Punch||[still]
|-fail|p2a: Lokix
|
|-damage|p2a: Lokix|64/100 brn|[from] brn
|upkeep
|turn|11
|
|t:|1758336273
|move|p1a: Alomomola|Protect|p1a: Alomomola
|-singleturn|p1a: Alomomola|Protect
|move|p2a: Lokix|Swords Dance|p2a: Lokix
|-boost|p2a: Lokix|atk|2
|
|-damage|p2a: Lokix|58/100 brn|[from] brn
|upkeep
|turn|12
|
|t:|1758336276
|move|p2a: Lokix|Knock Off|p1a: Alomomola
|-damage|p1a: Alomomola|48/100
|-damage|p2a: Lokix|41/100 brn|[from] item: Rocky Helmet|[of] p1a: Alomomola
|-enditem|p1a: Alomomola|Rocky Helmet|[from] move: Knock Off|[of] p2a: Lokix
|move|p1a: Alomomola|Wish|p1a: Alomomola
|
|-damage|p2a: Lokix|35/100 brn|[from] brn
|upkeep
|turn|13
|
|t:|1758336283
|move|p1a: Alomomola|Protect|p1a: Alomomola
|-singleturn|p1a: Alomomola|Protect
|move|p2a: Lokix|Knock Off|p1a: Alomomola
|-activate|p1a: Alomomola|move: Protect
|
|-heal|p1a: Alomomola|98/100|[from] move: Wish|[wisher] Alomomola
|-damage|p2a: Lokix|29/100 brn|[from] brn
|upkeep
|turn|14
|
|t:|1758336289
|move|p2a: Lokix|Knock Off|p1a: Alomomola
|-damage|p1a: Alomomola|68/100
|move|p1a: Alomomola|Flip Turn|p2a: Lokix
|-damage|p2a: Lokix|2/100 brn
|
|t:|1758336292
|switch|p1a: Gliscor|Gliscor, M|100/100|[from] Flip Turn
|
|-damage|p2a: Lokix|0 fnt|[from] brn
|faint|p2a: Lokix
|-status|p1a: Gliscor|tox|[from] item: Toxic Orb
|upkeep
|
|t:|1758336300
|switch|p2a: Weezing|Weezing-Galar, M|100/100
|-ability|p2a: Weezing|Neutralizing Gas
|turn|15
|
|t:|1758336305
|move|p1a: Gliscor|Swords Dance|p1a: Gliscor
|-boost|p1a: Gliscor|atk|2
|move|p2a: Weezing|Strange Steam|p1a: Gliscor
|-damage|p1a: Gliscor|65/100 tox
|
|-damage|p1a: Gliscor|59/100 tox|[from] psn
|upkeep
|turn|16
|
|t:|1758336309
|move|p1a: Gliscor|Earthquake|p2a: Weezing
|-supereffective|p2a: Weezing
|-damage|p2a: Weezing|5/100
|move|p2a: Weezing|Strange Steam|p1a: Gliscor
|-damage|p1a: Gliscor|26/100 tox
|
|-heal|p2a: Weezing|11/100|[from] item: Leftovers
|-damage|p1a: Gliscor|14/100 tox|[from] psn
|upkeep
|turn|17
|
|t:|1758336312
|move|p1a: Gliscor|Earthquake|p2a: Weezing
|-supereffective|p2a: Weezing
|-damage|p2a: Weezing|0 fnt
|faint|p2a: Weezing
|-end|p2a: Weezing|ability: Neutralizing Gas
|
|-heal|p1a: Gliscor|26/100 tox|[from] ability: Poison Heal
|upkeep
|
|t:|1758336316
|switch|p2a: Alomomola|Alomomola, F|100/100
|turn|18
|
|t:|1758336319
|move|p1a: Gliscor|Protect|p1a: Gliscor
|-singleturn|p1a: Gliscor|Protect
|move|p2a: Alomomola|Flip Turn|p1a: Gliscor
|-activate|p1a: Gliscor|move: Protect
|
|-heal|p1a: Gliscor|39/100 tox|[from] ability: Poison Heal
|upkeep
|turn|19
|
|t:|1758336326
|switch|p1a: Ursaluna|Ursaluna, M|100/100
|move|p2a: Alomomola|Icy Wind|p1a: Ursaluna
|-supereffective|p1a: Ursaluna
|-damage|p1a: Ursaluna|90/100
|-unboost|p1a: Ursaluna|spe|1
|
|-status|p1a: Ursaluna|brn|[from] item: Flame Orb
|upkeep
|turn|20
|
|t:|1758336332
|move|p2a: Alomomola|Icy Wind|p1a: Ursaluna
|-supereffective|p1a: Ursaluna
|-crit|p1a: Ursaluna
|-damage|p1a: Ursaluna|74/100 brn
|-unboost|p1a: Ursaluna|spe|1
|move|p1a: Ursaluna|Swords Dance|p1a: Ursaluna
|-boost|p1a: Ursaluna|atk|2
|
|-damage|p1a: Ursaluna|68/100 brn|[from] brn
|upkeep
|turn|21
|
|t:|1758336336
|move|p2a: Alomomola|Icy Wind|p1a: Ursaluna
|-supereffective|p1a: Ursaluna
|-damage|p1a: Ursaluna|59/100 brn
|-unboost|p1a: Ursaluna|spe|1
|move|p1a: Ursaluna|Facade|p2a: Alomomola
|-damage|p2a: Alomomola|0 fnt
|faint|p2a: Alomomola
|
|-damage|p1a: Ursaluna|53/100 brn|[from] brn
|upkeep
|
|t:|1758336339
|switch|p2a: Clodsire|Clodsire, M|100/100
|turn|22
|
|t:|1758336346
|move|p2a: Clodsire|Earthquake|p1a: Ursaluna
|-damage|p1a: Ursaluna|33/100 brn
|move|p1a: Ursaluna|Headlong Rush|p2a: Clodsire
|-supereffective|p2a: Clodsire
|-damage|p2a: Clodsire|0 fnt
|-unboost|p1a: Ursaluna|def|1
|-unboost|p1a: Ursaluna|spd|1
|faint|p2a: Clodsire
|
|-damage|p1a: Ursaluna|27/100 brn|[from] brn
|upkeep
|
|t:|1758336349
|switch|p2a: Comfey|Comfey, F|100/100
|turn|23
|
|t:|1758336353
|move|p2a: Comfey|Giga Drain|p1a: Ursaluna
|-supereffective|p1a: Ursaluna
|-damage|p1a: Ursaluna|0 fnt
|faint|p1a: Ursaluna
|-damage|p2a: Comfey|91/100|[from] item: Life Orb
|
|upkeep
|
|t:|1758336363
|switch|p1a: Grafaiai|Grafaiai, M|100/100
|turn|24
|
|t:|1758336367
|-terastallize|p2a: Comfey|Ground
|move|p1a: Grafaiai|Encore|p2a: Comfey
|-start|p2a: Comfey|Encore
|move|p2a: Comfey|Giga Drain|p1a: Grafaiai
|-resisted|p1a: Grafaiai
|-damage|p1a: Grafaiai|82/100
|-heal|p2a: Comfey|100/100|[from] drain|[of] p1a: Grafaiai
|-damage|p2a: Comfey|91/100|[from] item: Life Orb
|
|upkeep
|turn|25
|
|t:|1758336374
|move|p2a: Comfey|Giga Drain|p1a: Grafaiai
|-resisted|p1a: Grafaiai
|-damage|p1a: Grafaiai|63/100
|-heal|p2a: Comfey|100/100|[from] drain|[of] p1a: Grafaiai
|-damage|p2a: Comfey|91/100|[from] item: Life Orb
|move|p1a: Grafaiai|Toxic|p2a: Comfey
|-status|p2a: Comfey|tox
|
|-damage|p2a: Comfey|84/100 tox|[from] psn
|upkeep
|turn|26
|
|t:|1758336384
|move|p2a: Comfey|Giga Drain|p1a: Grafaiai
|-resisted|p1a: Grafaiai
|-damage|p1a: Grafaiai|46/100
|-heal|p2a: Comfey|94/100 tox|[from] drain|[of] p1a: Grafaiai
|-damage|p2a: Comfey|84/100 tox|[from] item: Life Orb
|move|p1a: Grafaiai|Copycat|p1a: Grafaiai
|move|p1a: Grafaiai|Giga Drain|p2a: Comfey|[from] move: Copycat
|-supereffective|p2a: Comfey
|-damage|p2a: Comfey|54/100 tox
|-heal|p1a: Grafaiai|60/100|[from] drain|[of] p2a: Comfey
|
|-damage|p2a: Comfey|42/100 tox|[from] psn
|-end|p2a: Comfey|Encore
|upkeep
|turn|27
|
|t:|1758336387
|move|p2a: Comfey|Draining Kiss|p1a: Grafaiai
|-resisted|p1a: Grafaiai
|-crit|p1a: Grafaiai
|-damage|p1a: Grafaiai|30/100
|-heal|p2a: Comfey|66/100 tox|[from] drain|[of] p1a: Grafaiai
|-damage|p2a: Comfey|56/100 tox|[from] item: Life Orb
|move|p1a: Grafaiai|Encore|p2a: Comfey
|-start|p2a: Comfey|Encore
|
|-damage|p2a: Comfey|37/100 tox|[from] psn
|upkeep
|turn|28
|
|t:|1758336394
|move|p2a: Comfey|Draining Kiss|p1a: Grafaiai
|-resisted|p1a: Grafaiai
|-damage|p1a: Grafaiai|11/100
|-heal|p2a: Comfey|53/100 tox|[from] drain|[of] p1a: Grafaiai
|-damage|p2a: Comfey|43/100 tox|[from] item: Life Orb
|move|p1a: Grafaiai|Dig||[still]
|-prepare|p1a: Grafaiai|Dig
|
|-damage|p2a: Comfey|18/100 tox|[from] psn
|upkeep
|turn|29
|-message|don coleone forfeited.
|
|win|dadadadaxiji
|raw|dadadadaxiji's rating: 1517 &rarr; <strong>1532</strong><br />(+15 for winning)
|raw|don coleone's rating: 1422 &rarr; <strong>1407</strong><br />(-15 for losing)
|l|☆don coleone
|player|p2|
|l|☆dadadadaxiji
|player|p1|
