|j|☆notshwepp
|j|☆DontMissMantine
|t:|1758287322
|gametype|singles
|player|p1|notshwepp|266|1646
|player|p2|DontMissMantine|lucas|1652
|gen|9
|tier|[Gen 9] OU
|rated|
|rule|HP Percentage Mod: HP is shown in percentages
|rule|Endless Battle Clause: Forcing endless battles is banned
|rule|Species Clause: Limit one of each Pokémon
|rule|OHKO Clause: OHKO moves are banned
|rule|Evasion Items Clause: Evasion items are banned
|rule|Evasion Moves Clause: Evasion moves are banned
|rule|Evasion Abilities Clause: Evasion abilities are banned
|rule|Sleep Moves Clause: Sleep-inducing moves are banned
|clearpoke
|poke|p1|Kommo-o, F|
|poke|p1|Rillaboom, M|
|poke|p1|Ogerpon-Cornerstone, F|
|poke|p1|Kingambit, M|
|poke|p1|Weezing-Galar, F|
|poke|p1|Primarina, F|
|poke|p2|Pelipper, M|
|poke|p2|Beartic, F|
|poke|p2|Barraskewda, F|
|poke|p2|Ogerpon-Wellspring, F|
|poke|p2|Zapdos|
|poke|p2|Hatterene, F|
|teampreview
|inactive|Battle timer is ON: inactive players will automatically lose when time's up. (requested by DontMissMantine)
|
|t:|1758287332
|teamsize|p1|6
|teamsize|p2|6
|start
|switch|p1a: Ogerpon|Ogerpon-Cornerstone, F|100/100
|switch|p2a: Pelipper|Pelipper, M|100/100
|-weather|RainDance|[from] ability: Drizzle|[of] p2a: Pelipper
|turn|1
|
|t:|1758287339
|switch|p2a: Hatterene|Hatterene, F|100/100
|move|p1a: Ogerpon|Ivy Cudgel|p2a: Hatterene|[anim] Ivy Cudgel Rock
|-damage|p2a: Hatterene|52/100
|-enditem|p2a: Hatterene|Eject Button
|
|t:|1758287350
|switch|p2a: Beartic|Beartic, F|100/100
|
|-weather|RainDance|[upkeep]
|upkeep
|turn|2
|
|t:|1758287356
|move|p2a: Beartic|Icicle Spear|p1a: Ogerpon
|-supereffective|p1a: Ogerpon
|-damage|p1a: Ogerpon|64/100
|-supereffective|p1a: Ogerpon
|-damage|p1a: Ogerpon|29/100
|-supereffective|p1a: Ogerpon
|-damage|p1a: Ogerpon|0 fnt
|faint|p1a: Ogerpon
|-hitcount|p1: Ogerpon|3
|
|-weather|RainDance|[upkeep]
|upkeep
|
|t:|1758287370
|switch|p1a: Primarina|Primarina, F|100/100
|turn|3
|
|t:|1758287385
|-terastallize|p2a: Beartic|Electric
|move|p2a: Beartic|Tera Blast|p1a: Primarina|[anim] Tera Blast Electric
|-supereffective|p1a: Primarina
|-damage|p1a: Primarina|0 fnt
|faint|p1a: Primarina
|
|-weather|RainDance|[upkeep]
|upkeep
|
|t:|1758287403
|switch|p1a: Rillaboom|Rillaboom, M|100/100
|-fieldstart|move: Grassy Terrain|[from] ability: Grassy Surge|[of] p1a: Rillaboom
|turn|4
|
|t:|1758287408
|move|p1a: Rillaboom|Grassy Glide|p2a: Beartic
|-damage|p2a: Beartic|23/100
|move|p2a: Beartic|Icicle Spear|p1a: Rillaboom
|-supereffective|p1a: Rillaboom
|-damage|p1a: Rillaboom|72/100
|-supereffective|p1a: Rillaboom
|-damage|p1a: Rillaboom|45/100
|-supereffective|p1a: Rillaboom
|-damage|p1a: Rillaboom|15/100
|-supereffective|p1a: Rillaboom
|-damage|p1a: Rillaboom|0 fnt
|faint|p1a: Rillaboom
|-hitcount|p1: Rillaboom|4
|
|-weather|RainDance|[upkeep]
|-heal|p2a: Beartic|29/100|[from] Grassy Terrain
|upkeep
|
|t:|1758287413
|switch|p1a: Weezing|Weezing-Galar, F|100/100
|-ability|p1a: Weezing|Neutralizing Gas
|turn|5
|
|t:|1758287435
|move|p2a: Beartic|Icicle Spear|p1a: Weezing
|-damage|p1a: Weezing|90/100
|-damage|p1a: Weezing|80/100
|-damage|p1a: Weezing|71/100
|-damage|p1a: Weezing|60/100
|-damage|p1a: Weezing|51/100
|-hitcount|p1a: Weezing|5
|move|p1a: Weezing|Strange Steam|p2a: Beartic
|-damage|p2a: Beartic|0 fnt
|faint|p2a: Beartic
|
|-weather|RainDance|[upkeep]
|-heal|p1a: Weezing|57/100|[from] Grassy Terrain
|-heal|p1a: Weezing|63/100|[from] item: Leftovers
|upkeep
|inactive|DontMissMantine has 120 seconds left.
|
|t:|1758287453
|switch|p2a: Zapdos|Zapdos|100/100
|turn|6
|
|t:|1758287456
|move|p2a: Zapdos|Thunder|p1a: Weezing
|-damage|p1a: Weezing|0 fnt
|faint|p1a: Weezing
|-end|p1a: Weezing|ability: Neutralizing Gas
|
|-weather|RainDance|[upkeep]
|upkeep
|
|t:|1758287467
|switch|p1a: Kommo-o|Kommo-o, F|100/100
|turn|7
|
|t:|1758287471
|move|p2a: Zapdos|Hurricane|p1a: Kommo-o
|-supereffective|p1a: Kommo-o
|-damage|p1a: Kommo-o|0 fnt
|faint|p1a: Kommo-o
|
|-weather|RainDance|[upkeep]
|upkeep
|
|t:|1758287474
|switch|p1a: Kingambit|Kingambit, M|100/100
|-activate|p1a: Kingambit|ability: Supreme Overlord
|-start|p1a: Kingambit|fallen5|[silent]
|turn|8
|
|t:|1758287481
|move|p2a: Zapdos|Thunder|p1a: Kingambit
|-damage|p1a: Kingambit|49/100
|move|p1a: Kingambit|Swords Dance|p1a: Kingambit
|-boost|p1a: Kingambit|atk|2
|
|-weather|none
|-heal|p1a: Kingambit|55/100|[from] Grassy Terrain
|-heal|p1a: Kingambit|61/100|[from] item: Leftovers
|-fieldend|move: Grassy Terrain
|upkeep
|turn|9
|
|t:|1758287493
|move|p2a: Zapdos|Volt Switch|p1a: Kingambit
|-damage|p1a: Kingambit|25/100
|
|t:|1758287496
|switch|p2a: Hatterene|Hatterene, F|52/100|[from] Volt Switch
|move|p1a: Kingambit|Swords Dance|p1a: Kingambit
|-boost|p1a: Kingambit|atk|2
|
|-heal|p1a: Kingambit|31/100|[from] item: Leftovers
|upkeep
|turn|10
|
|t:|1758287505
|move|p1a: Kingambit|Kowtow Cleave|p2a: Hatterene
|-damage|p2a: Hatterene|0 fnt
|faint|p2a: Hatterene
|
|-heal|p1a: Kingambit|37/100|[from] item: Leftovers
|upkeep
|
|t:|1758287512
|switch|p2a: Pelipper|Pelipper, M|100/100
|-weather|RainDance|[from] ability: Drizzle|[of] p2a: Pelipper
|turn|11
|
|t:|1758287517
|move|p1a: Kingambit|Sucker Punch|p2a: Pelipper
|-damage|p2a: Pelipper|0 fnt
|faint|p2a: Pelipper
|
|-weather|RainDance|[upkeep]
|-heal|p1a: Kingambit|43/100|[from] item: Leftovers
|upkeep
|
|t:|1758287524
|switch|p2a: Ogerpon|Ogerpon-Wellspring, F|100/100
|turn|12
|
|t:|1758287527
|move|p2a: Ogerpon|Encore|p1a: Kingambit
|-start|p1a: Kingambit|Encore
|move|p1a: Kingambit|Sucker Punch||[still]
|-fail|p1a: Kingambit
|
|-weather|RainDance|[upkeep]
|-heal|p1a: Kingambit|50/100|[from] item: Leftovers
|upkeep
|turn|13
|
|t:|1758287535
|switch|p2a: Barraskewda|Barraskewda, F|100/100
|move|p1a: Kingambit|Sucker Punch||[still]
|-fail|p1a: Kingambit
|
|-weather|RainDance|[upkeep]
|-heal|p1a: Kingambit|56/100|[from] item: Leftovers
|upkeep
|turn|14
|
|t:|1758287545
|switch|p2a: Ogerpon|Ogerpon-Wellspring, F|100/100
|move|p1a: Kingambit|Sucker Punch||[still]
|-fail|p1a: Kingambit
|
|-weather|RainDance|[upkeep]
|-heal|p1a: Kingambit|62/100|[from] item: Leftovers
|-end|p1a: Kingambit|Encore
|upkeep
|turn|15
|
|t:|1758287553
|move|p2a: Ogerpon|Encore|p1a: Kingambit
|-start|p1a: Kingambit|Encore
|move|p1a: Kingambit|Sucker Punch||[still]
|-fail|p1a: Kingambit
|
|-weather|RainDance|[upkeep]
|-heal|p1a: Kingambit|68/100|[from] item: Leftovers
|upkeep
|turn|16
|-message|notshwepp forfeited.
|
|win|DontMissMantine
|raw|notshwepp's rating: 1646 &rarr; <strong>1626</strong><br />(-20 for losing)
|raw|DontMissMantine's rating: 1652 &rarr; <strong>1672</strong><br />(+20 for winning)
|l|☆notshwepp
|player|p1|
