|j|☆JaponaisAnglais
|j|☆Andrewtre
|t:|1758345813
|gametype|singles
|player|p1|JaponaisAnglais|silver|1185
|player|p2|Andrewtre|unknown|1155
|gen|9
|tier|[Gen 9] OU
|rated|
|rule|HP Percentage Mod: HP is shown in percentages
|rule|Endless Battle Clause: Forcing endless battles is banned
|rule|Species Clause: Limit one of each Pokémon
|rule|OHKO Clause: OHKO moves are banned
|rule|Evasion Items Clause: Evasion items are banned
|rule|Evasion Moves Clause: Evasion moves are banned
|rule|Evasion Abilities Clause: Evasion abilities are banned
|rule|Sleep Moves Clause: Sleep-inducing moves are banned
|clearpoke
|poke|p1|Dragonite, F|
|poke|p1|Kleavor, M|
|poke|p1|Moltres-Galar|
|poke|p1|Pecharunt|
|poke|p1|Hitmontop, M|
|poke|p1|Iron Crown|
|poke|p2|Farigiraf, F|
|poke|p2|Hatterene, F|
|poke|p2|Gardevoir, M|
|poke|p2|Gengar, M|
|poke|p2|Golduck, F|
|poke|p2|Golurk|
|teampreview
|inactive|Battle timer is ON: inactive players will automatically lose when time's up. (requested by Andrewtre)
|
|t:|1758345819
|teamsize|p1|6
|teamsize|p2|6
|start
|switch|p1a: Kleavor|Kleavor, M|100/100
|switch|p2a: Hatterene|Hatterene, F|100/100
|turn|1
|
|t:|1758345828
|move|p1a: Kleavor|Stone Axe|p2a: Hatterene
|-damage|p2a: Hatterene|17/100
|-sidestart|p2: Andrewtre|move: Stealth Rock
|move|p2a: Hatterene|Trick Room|p2a: Hatterene
|-fieldstart|move: Trick Room|[of] p2a: Hatterene
|
|upkeep
|turn|2
|
|t:|1758345834
|move|p2a: Hatterene|Psychic|p1a: Kleavor
|-damage|p1a: Kleavor|15/100
|move|p1a: Kleavor|Stone Axe|p2a: Hatterene|[miss]
|-miss|p1a: Kleavor|p2a: Hatterene
|
|upkeep
|turn|3
|
|t:|1758345845
|switch|p1a: Moltres|Moltres-Galar|100/100
|move|p2a: Hatterene|Draining Kiss|p1a: Moltres
|-supereffective|p1a: Moltres
|-damage|p1a: Moltres|66/100
|-heal|p2a: Hatterene|44/100|[from] drain|[of] p1a: Moltres
|
|upkeep
|turn|4
|
|t:|1758345871
|switch|p1a: Iron Crown|Iron Crown|100/100
|move|p2a: Hatterene|Draining Kiss|p1a: Iron Crown
|-resisted|p1a: Iron Crown
|-damage|p1a: Iron Crown|86/100
|-heal|p2a: Hatterene|55/100|[from] drain|[of] p1a: Iron Crown
|
|upkeep
|turn|5
|
|t:|1758345883
|move|p2a: Hatterene|Mystical Fire|p1a: Iron Crown
|-supereffective|p1a: Iron Crown
|-damage|p1a: Iron Crown|31/100
|-unboost|p1a: Iron Crown|spa|1
|move|p1a: Iron Crown|Tachyon Cutter|p2a: Hatterene
|-supereffective|p2a: Hatterene
|-damage|p2a: Hatterene|2/100
|-supereffective|p2a: Hatterene
|-damage|p2a: Hatterene|0 fnt
|faint|p2a: Hatterene
|-hitcount|p2: Hatterene|2
|
|-fieldend|move: Trick Room
|upkeep
|
|t:|1758345892
|switch|p2a: Golurk|Golurk|100/100
|-damage|p2a: Golurk|95/100|[from] Stealth Rock
|turn|6
|inactive|JaponaisAnglais has 120 seconds left.
|
|t:|1758345929
|-end|p1a: Iron Crown|Quark Drive|[silent]
|switch|p1a: Moltres|Moltres-Galar|66/100
|move|p2a: Golurk|Stealth Rock|p1a: Moltres
|-sidestart|p1: JaponaisAnglais|move: Stealth Rock
|
|upkeep
|turn|7
|
|t:|1758345937
|move|p1a: Moltres|Fiery Wrath|p2a: Golurk
|-supereffective|p2a: Golurk
|-damage|p2a: Golurk|10/100
|move|p2a: Golurk|Dynamic Punch|p1a: Moltres
|-damage|p1a: Moltres|15/100
|-start|p1a: Moltres|confusion
|-ability|p1a: Moltres|Berserk|boost
|-boost|p1a: Moltres|spa|1
|-damage|p2a: Golurk|0 fnt|[from] item: Life Orb
|faint|p2a: Golurk
|
|upkeep
|
|t:|1758345945
|switch|p2a: Farigiraf|Farigiraf, F|100/100
|-damage|p2a: Farigiraf|88/100|[from] Stealth Rock
|turn|8
|inactive|JaponaisAnglais has 120 seconds left.
|
|t:|1758345966
|-activate|p1a: Moltres|confusion
|move|p1a: Moltres|Fiery Wrath|p2a: Farigiraf
|-supereffective|p2a: Farigiraf
|-damage|p2a: Farigiraf|0 fnt
|faint|p2a: Farigiraf
|
|upkeep
|
|t:|1758345977
|switch|p2a: Gardevoir|Gardevoir, M|100/100
|-damage|p2a: Gardevoir|88/100|[from] Stealth Rock
|-ability|p2a: Gardevoir|Berserk|Trace|[from] ability: Trace|[of] p1a: Moltres
|turn|9
|
|t:|1758345989
|move|p2a: Gardevoir|Moonblast|p1a: Moltres
|-supereffective|p1a: Moltres
|-damage|p1a: Moltres|0 fnt
|faint|p1a: Moltres
|
|upkeep
|
|t:|1758346002
|switch|p1a: Hitmontop|Hitmontop, M|100/100
|turn|10
|
|t:|1758346009
|move|p1a: Hitmontop|Fake Out|p2a: Gardevoir
|-damage|p2a: Gardevoir|59/100
|cant|p2a: Gardevoir|flinch
|
|upkeep
|turn|11
|inactive|JaponaisAnglais has 120 seconds left.
|
|t:|1758346020
|move|p2a: Gardevoir|Moonblast|p1a: Hitmontop
|-supereffective|p1a: Hitmontop
|-damage|p1a: Hitmontop|0 fnt
|faint|p1a: Hitmontop
|
|upkeep
|
|t:|1758346029
|switch|p1a: Pecharunt|Pecharunt|100/100
|-damage|p1a: Pecharunt|88/100|[from] Stealth Rock
|turn|12
|
|t:|1758346033
|switch|p2a: Gengar|Gengar, M|100/100
|-damage|p2a: Gengar|88/100|[from] Stealth Rock
|move|p1a: Pecharunt|Malignant Chain|p2a: Gengar
|-resisted|p2a: Gengar
|-damage|p2a: Gengar|76/100
|
|-heal|p1a: Pecharunt|94/100|[from] item: Leftovers
|upkeep
|turn|13
|
|t:|1758346039
|move|p2a: Gengar|Shadow Ball|p1a: Pecharunt
|-supereffective|p1a: Pecharunt
|-damage|p1a: Pecharunt|11/100
|move|p1a: Pecharunt|Shadow Ball|p2a: Gengar
|-supereffective|p2a: Gengar
|-damage|p2a: Gengar|0 fnt
|faint|p2a: Gengar
|
|-heal|p1a: Pecharunt|17/100|[from] item: Leftovers
|upkeep
|
|t:|1758346047
|switch|p2a: Golduck|Golduck, F|100/100
|-damage|p2a: Golduck|88/100|[from] Stealth Rock
|turn|14
|
|t:|1758346053
|move|p2a: Golduck|Rain Dance|p2a: Golduck
|-weather|RainDance
|move|p1a: Pecharunt|Parting Shot|p2a: Golduck
|-unboost|p2a: Golduck|atk|1
|-unboost|p2a: Golduck|spa|1
|
|t:|1758346070
|switch|p1a: Dragonite|Dragonite, F|100/100|[from] Parting Shot
|-damage|p1a: Dragonite|76/100|[from] Stealth Rock
|
|-weather|RainDance|[upkeep]
|upkeep
|turn|15
|
|t:|1758346072
|-terastallize|p1a: Dragonite|Normal
|move|p1a: Dragonite|Extreme Speed|p2a: Golduck
|-damage|p2a: Golduck|9/100
|move|p2a: Golduck|Ice Beam|p1a: Dragonite
|-damage|p1a: Dragonite|60/100
|
|-weather|RainDance|[upkeep]
|upkeep
|turn|16
|
|t:|1758346082
|move|p1a: Dragonite|Extreme Speed|p2a: Golduck
|-damage|p2a: Golduck|0 fnt
|faint|p2a: Golduck
|
|-weather|RainDance|[upkeep]
|upkeep
|
|t:|1758346085
|switch|p2a: Gardevoir|Gardevoir, M|59/100
|-damage|p2a: Gardevoir|47/100|[from] Stealth Rock
|-ability|p2a: Gardevoir|Multiscale|Trace|[from] ability: Trace|[of] p1a: Dragonite
|turn|17
|
|t:|1758346090
|move|p1a: Dragonite|Extreme Speed|p2a: Gardevoir
|-damage|p2a: Gardevoir|0 fnt
|faint|p2a: Gardevoir
|
|win|JaponaisAnglais
|raw|JaponaisAnglais's rating: 1185 &rarr; <strong>1206</strong><br />(+21 for winning)
|raw|Andrewtre's rating: 1126 &rarr; <strong>1105</strong><br />(-21 for losing)
|l|☆Andrewtre
|player|p2|
|l|☆JaponaisAnglais
|player|p1|
