|j|☆yzl123
|j|☆tboc13
|t:|1758263395
|gametype|singles
|player|p1|yzl123|unknown|1543
|player|p2|tboc13|dawn|1584
|gen|9
|tier|[Gen 9] OU
|rated|
|rule|HP Percentage Mod: HP is shown in percentages
|rule|Endless Battle Clause: Forcing endless battles is banned
|rule|Species Clause: Limit one of each Pokémon
|rule|OHKO Clause: OHKO moves are banned
|rule|Evasion Items Clause: Evasion items are banned
|rule|Evasion Moves Clause: Evasion moves are banned
|rule|Evasion Abilities Clause: Evasion abilities are banned
|rule|Sleep Moves Clause: Sleep-inducing moves are banned
|clearpoke
|poke|p1|Gengar, M|
|poke|p1|Dondozo, F|
|poke|p1|Cinderace, M|
|poke|p1|Umbreon, M|
|poke|p1|Corviknight, M|
|poke|p1|Landorus-Therian, M|
|poke|p2|Rillaboom, F|
|poke|p2|Samurott-Hisui, F|
|poke|p2|Dragapult, F|
|poke|p2|Great Tusk|
|poke|p2|Slowking-Galar, F|
|poke|p2|Skarmory, F|
|teampreview
|inactive|Battle timer is ON: inactive players will automatically lose when time's up. (requested by tboc13)
|
|t:|1758263414
|teamsize|p1|6
|teamsize|p2|6
|start
|switch|p1a: Cinderace|Cinderace, M, shiny|100/100
|switch|p2a: Samurott|Samurott-Hisui, F, shiny|100/100
|turn|1
|
|t:|1758263418
|move|p2a: Samurott|Aqua Cutter|p1a: Cinderace
|-supereffective|p1a: Cinderace
|-damage|p1a: Cinderace|0 fnt
|faint|p1a: Cinderace
|
|upkeep
|
|t:|1758263423
|switch|p1a: Dondozo|Dondozo, F|100/100
|turn|2
|j| wgw2333
|
|t:|1758263427
|switch|p2a: Rillaboom|Rillaboom, F|100/100
|-fieldstart|move: Grassy Terrain|[from] ability: Grassy Surge|[of] p2a: Rillaboom
|move|p1a: Dondozo|Body Slam|p2a: Rillaboom
|-damage|p2a: Rillaboom|79/100
|
|-heal|p2a: Rillaboom|85/100|[from] Grassy Terrain
|upkeep
|turn|3
|
|t:|1758263433
|switch|p1a: Corviknight|Corviknight, M|100/100
|move|p2a: Rillaboom|Knock Off|p1a: Corviknight
|-damage|p1a: Corviknight|70/100
|-enditem|p1a: Corviknight|Leftovers|[from] move: Knock Off|[of] p2a: Rillaboom
|
|-heal|p2a: Rillaboom|91/100|[from] Grassy Terrain
|upkeep
|turn|4
|
|t:|1758263437
|switch|p2a: Skarmory|Skarmory, F|100/100
|move|p1a: Corviknight|U-turn|p2a: Skarmory
|-resisted|p2a: Skarmory
|-damage|p2a: Skarmory|98/100
|-damage|p1a: Corviknight|54/100|[from] item: Rocky Helmet|[of] p2a: Skarmory
|
|t:|1758263440
|switch|p1a: Gengar|Gengar, M, shiny|100/100|[from] U-turn
|
|upkeep
|turn|5
|
|t:|1758263443
|switch|p2a: Samurott|Samurott-Hisui, F, shiny|100/100
|move|p1a: Gengar|Trick|p2a: Samurott
|-activate|p1a: Gengar|move: Trick|[of] p2a: Samurott
|-item|p2a: Samurott|Choice Scarf|[from] move: Trick
|-item|p1a: Gengar|Choice Scarf|[from] move: Trick
|
|upkeep
|turn|6
|
|t:|1758263450
|switch|p1a: Umbreon|Umbreon, M|100/100
|switch|p2a: Slowking|Slowking-Galar, F|100/100
|
|-fieldend|move: Grassy Terrain
|upkeep
|turn|7
|
|t:|1758263453
|move|p1a: Umbreon|Wish|p1a: Umbreon
|move|p2a: Slowking|Toxic|p1a: Umbreon
|-status|p1a: Umbreon|tox
|-activate|p1a: Umbreon|ability: Synchronize
|-immune|p2a: Slowking
|
|-damage|p1a: Umbreon|94/100 tox|[from] psn
|upkeep
|turn|8
|
|t:|1758263457
|switch|p1a: Corviknight|Corviknight, M|54/100
|move|p2a: Slowking|Future Sight|p1a: Corviknight
|-start|p2a: Slowking|move: Future Sight
|
|-heal|p1a: Corviknight|100/100|[from] move: Wish|[wisher] Umbreon
|upkeep
|turn|9
|
|t:|1758263461
|move|p1a: Corviknight|Brave Bird|p2a: Slowking
|-damage|p2a: Slowking|60/100
|-damage|p1a: Corviknight|87/100|[from] Recoil
|-prepare|p2a: Slowking|Chilly Reception|[premajor]
|move|p2a: Slowking|Chilly Reception|p2a: Slowking
|-weather|Snowscape
|
|t:|1758263467
|switch|p2a: Samurott|Samurott-Hisui, F, shiny|100/100|[from] Chilly Reception
|
|-weather|Snowscape|[upkeep]
|upkeep
|turn|10
|
|t:|1758263470
|move|p2a: Samurott|Ceaseless Edge|p1a: Corviknight
|-damage|p1a: Corviknight|63/100
|-sidestart|p1: yzl123|Spikes
|move|p1a: Corviknight|U-turn|p2a: Samurott
|-supereffective|p2a: Samurott
|-damage|p2a: Samurott|61/100
|
|t:|1758263477
|switch|p1a: Landorus|Landorus-Therian, M|100/100|[from] U-turn
|-ability|p1a: Landorus|Intimidate|boost
|-unboost|p2a: Samurott|atk|1
|
|-weather|Snowscape|[upkeep]
|-end|p1a: Landorus|move: Future Sight
|-crit|p1a: Landorus
|-damage|p1a: Landorus|31/100
|upkeep
|turn|11
|
|t:|1758263481
|move|p2a: Samurott|Ceaseless Edge|p1a: Landorus
|-damage|p1a: Landorus|9/100
|-damage|p2a: Samurott|45/100|[from] item: Rocky Helmet|[of] p1a: Landorus
|-sidestart|p1: yzl123|Spikes
|move|p1a: Landorus|U-turn|p2a: Samurott
|-supereffective|p2a: Samurott
|-crit|p2a: Samurott
|-damage|p2a: Samurott|0 fnt
|faint|p2a: Samurott
|
|t:|1758263490
|switch|p1a: Gengar|Gengar, M, shiny|100/100|[from] U-turn
|-damage|p1a: Gengar|84/100|[from] Spikes
|
|-weather|Snowscape|[upkeep]
|upkeep
|
|t:|1758263498
|switch|p2a: Great Tusk|Great Tusk|100/100
|turn|12
|
|t:|1758263508
|-terastallize|p1a: Gengar|Ghost
|move|p1a: Gengar|Shadow Ball|p2a: Great Tusk
|-damage|p2a: Great Tusk|22/100
|move|p2a: Great Tusk|Headlong Rush|p1a: Gengar
|-damage|p1a: Gengar|0 fnt
|-unboost|p2a: Great Tusk|def|1
|-unboost|p2a: Great Tusk|spd|1
|faint|p1a: Gengar
|
|-weather|Snowscape|[upkeep]
|upkeep
|
|t:|1758263516
|switch|p1a: Corviknight|Corviknight, M|63/100
|turn|13
|
|t:|1758263518
|-end|p2a: Great Tusk|Protosynthesis|[silent]
|switch|p2a: Dragapult|Dragapult, F|100/100
|move|p1a: Corviknight|Defog|p2a: Dragapult
|-unboost|p2a: Dragapult|evasion|1
|-sideend|p1: yzl123|Spikes|[from] move: Defog|[of] p1a: Corviknight
|
|-weather|none
|upkeep
|turn|14
|
|t:|1758263526
|switch|p1a: Umbreon|Umbreon, M|94/100 tox
|move|p2a: Dragapult|Will-O-Wisp||[still]
|-fail|p2a: Dragapult
|
|-heal|p1a: Umbreon|100/100 tox|[from] item: Leftovers
|-damage|p1a: Umbreon|94/100 tox|[from] psn
|upkeep
|turn|15
|
|t:|1758263530
|move|p2a: Dragapult|U-turn|p1a: Umbreon
|-supereffective|p1a: Umbreon
|-damage|p1a: Umbreon|71/100 tox
|
|t:|1758263533
|switch|p2a: Skarmory|Skarmory, F|98/100|[from] U-turn
|move|p1a: Umbreon|Wish|p1a: Umbreon
|
|-heal|p1a: Umbreon|77/100 tox|[from] item: Leftovers
|-damage|p1a: Umbreon|65/100 tox|[from] psn
|upkeep
|turn|16
|
|t:|1758263538
|switch|p1a: Landorus|Landorus-Therian, M|9/100
|-ability|p1a: Landorus|Intimidate|boost
|-unboost|p2a: Skarmory|atk|1
|move|p2a: Skarmory|Whirlwind|p1a: Landorus
|drag|p1a: Umbreon|Umbreon, M|65/100 tox
|
|-heal|p1a: Umbreon|100/100 tox|[from] move: Wish|[wisher] Umbreon
|-damage|p1a: Umbreon|94/100 tox|[from] psn
|upkeep
|turn|17
|
|t:|1758263542
|move|p2a: Skarmory|Stealth Rock|p1a: Umbreon
|-sidestart|p1: yzl123|move: Stealth Rock
|move|p1a: Umbreon|Wish|p1a: Umbreon
|
|-heal|p1a: Umbreon|100/100 tox|[from] item: Leftovers
|-damage|p1a: Umbreon|88/100 tox|[from] psn
|upkeep
|turn|18
|
|t:|1758263547
|switch|p1a: Corviknight|Corviknight, M|63/100
|-damage|p1a: Corviknight|51/100|[from] Stealth Rock
|move|p2a: Skarmory|Body Press|p1a: Corviknight
|-damage|p1a: Corviknight|30/100
|
|-heal|p1a: Corviknight|79/100|[from] move: Wish|[wisher] Umbreon
|upkeep
|turn|19
|
|t:|1758263554
|switch|p2a: Slowking|Slowking-Galar, F|93/100
|move|p1a: Corviknight|Defog|p2a: Slowking
|-unboost|p2a: Slowking|evasion|1
|-sideend|p1: yzl123|Stealth Rock|[from] move: Defog|[of] p1a: Corviknight
|
|upkeep
|turn|20
|
|t:|1758263556
|move|p1a: Corviknight|U-turn|p2a: Slowking
|-damage|p2a: Slowking|79/100
|
|t:|1758263558
|switch|p1a: Landorus|Landorus-Therian, M|9/100|[from] U-turn
|-ability|p1a: Landorus|Intimidate|boost
|-unboost|p2a: Slowking|atk|1
|move|p2a: Slowking|Future Sight|p1a: Landorus
|-start|p2a: Slowking|move: Future Sight
|
|upkeep
|turn|21
|
|t:|1758263563
|switch|p2a: Skarmory|Skarmory, F|98/100
|move|p1a: Landorus|Stone Edge|p2a: Skarmory
|-crit|p2a: Skarmory
|-damage|p2a: Skarmory|67/100
|
|upkeep
|turn|22
|
|t:|1758263565
|switch|p1a: Umbreon|Umbreon, M|88/100 tox
|move|p2a: Skarmory|Stealth Rock|p1a: Umbreon
|-sidestart|p1: yzl123|move: Stealth Rock
|
|-end|p1a: Umbreon|move: Future Sight
|-immune|p1a: Umbreon
|-heal|p1a: Umbreon|94/100 tox|[from] item: Leftovers
|-damage|p1a: Umbreon|88/100 tox|[from] psn
|upkeep
|turn|23
|
|t:|1758263569
|switch|p2a: Slowking|Slowking-Galar, F|100/100
|move|p1a: Umbreon|Wish|p1a: Umbreon
|
|-heal|p1a: Umbreon|94/100 tox|[from] item: Leftovers
|-damage|p1a: Umbreon|82/100 tox|[from] psn
|upkeep
|turn|24
|
|t:|1758263571
|move|p1a: Umbreon|Foul Play|p2a: Slowking
|-supereffective|p2a: Slowking
|-damage|p2a: Slowking|62/100
|move|p2a: Slowking|Future Sight|p1a: Umbreon
|-start|p2a: Slowking|move: Future Sight
|
|-heal|p1a: Umbreon|100/100 tox|[from] move: Wish|[wisher] Umbreon
|-damage|p1a: Umbreon|82/100 tox|[from] psn
|upkeep
|turn|25
|
|t:|1758263573
|move|p1a: Umbreon|Foul Play|p2a: Slowking
|-supereffective|p2a: Slowking
|-damage|p2a: Slowking|22/100
|-prepare|p2a: Slowking|Chilly Reception|[premajor]
|move|p2a: Slowking|Chilly Reception|p2a: Slowking
|-weather|Snowscape
|
|t:|1758263575
|switch|p2a: Rillaboom|Rillaboom, F|91/100|[from] Chilly Reception
|-fieldstart|move: Grassy Terrain|[from] ability: Grassy Surge|[of] p2a: Rillaboom
|
|-weather|Snowscape|[upkeep]
|-heal|p2a: Rillaboom|97/100|[from] Grassy Terrain
|-heal|p1a: Umbreon|88/100 tox|[from] Grassy Terrain
|-heal|p1a: Umbreon|94/100 tox|[from] item: Leftovers
|-damage|p1a: Umbreon|70/100 tox|[from] psn
|upkeep
|turn|26
|
|t:|1758263577
|-terastallize|p2a: Rillaboom|Grass
|move|p2a: Rillaboom|Wood Hammer|p1a: Umbreon
|-damage|p1a: Umbreon|0 fnt
|faint|p1a: Umbreon
|-damage|p2a: Rillaboom|71/100|[from] Recoil
|
|-weather|Snowscape|[upkeep]
|-hint|Future Sight did not hit because the target is fainted.
|-heal|p2a: Rillaboom|77/100|[from] Grassy Terrain
|upkeep
|
|t:|1758263580
|switch|p1a: Corviknight|Corviknight, M|79/100
|-damage|p1a: Corviknight|67/100|[from] Stealth Rock
|turn|27
|
|t:|1758263583
|switch|p2a: Dragapult|Dragapult, F|100/100
|move|p1a: Corviknight|Defog|p2a: Dragapult
|-unboost|p2a: Dragapult|evasion|1
|-sideend|p1: yzl123|Stealth Rock|[from] move: Defog|[of] p1a: Corviknight
|-fieldend|move: Grassy Terrain
|
|-weather|Snowscape|[upkeep]
|upkeep
|turn|28
|
|t:|1758263586
|move|p2a: Dragapult|Will-O-Wisp|p1a: Corviknight
|-status|p1a: Corviknight|brn
|move|p1a: Corviknight|U-turn|p2a: Dragapult
|-resisted|p2a: Dragapult
|-damage|p2a: Dragapult|96/100
|
|t:|1758263588
|switch|p1a: Dondozo|Dondozo, F|100/100|[from] U-turn
|
|-weather|Snowscape|[upkeep]
|upkeep
|turn|29
|
|t:|1758263592
|move|p2a: Dragapult|Will-O-Wisp|p1a: Dondozo
|-status|p1a: Dondozo|brn
|move|p1a: Dondozo|Earthquake|p2a: Dragapult
|-damage|p2a: Dragapult|82/100
|
|-weather|none
|-damage|p1a: Dondozo|94/100 brn|[from] brn
|upkeep
|turn|30
|
|t:|1758263595
|move|p2a: Dragapult|Hex|p1a: Dondozo
|-damage|p1a: Dondozo|36/100 brn
|move|p1a: Dondozo|Earthquake|p2a: Dragapult
|-damage|p2a: Dragapult|67/100
|
|-heal|p1a: Dondozo|42/100 brn|[from] item: Leftovers
|-damage|p1a: Dondozo|36/100 brn|[from] brn
|upkeep
|turn|31
|-message|yzl123 forfeited.
|
|win|tboc13
|raw|yzl123's rating: 1543 &rarr; <strong>1525</strong><br />(-18 for losing)
|raw|tboc13's rating: 1584 &rarr; <strong>1602</strong><br />(+18 for winning)
|l|☆yzl123
|player|p1|
|l| wgw2333
