|j|☆yeunybvcl
|j|☆ALEXXX100407
|t:|1758287903
|gametype|singles
|player|p1|yeunybvcl|101|1131
|player|p2|ALEXXX100407|hugh|1175
|gen|9
|tier|[Gen 9] OU
|rated|
|rule|HP Percentage Mod: HP is shown in percentages
|rule|Endless Battle Clause: Forcing endless battles is banned
|rule|Species Clause: Limit one of each Pokémon
|rule|OHKO Clause: OHKO moves are banned
|rule|Evasion Items Clause: Evasion items are banned
|rule|Evasion Moves Clause: Evasion moves are banned
|rule|Evasion Abilities Clause: Evasion abilities are banned
|rule|Sleep Moves Clause: Sleep-inducing moves are banned
|clearpoke
|poke|p1|Torkoal, M|
|poke|p1|Hatterene, F|
|poke|p1|Walking Wake|
|poke|p1|Great Tusk|
|poke|p1|Charizard, F|
|poke|p1|Venusaur, M|
|poke|p2|Ambipom, F|
|poke|p2|Comfey, F|
|poke|p2|Kingambit, M|
|poke|p2|Gliscor, M|
|poke|p2|Eelektross, M|
|poke|p2|Dragonite, F|
|teampreview
|inactive|Battle timer is ON: inactive players will automatically lose when time's up. (requested by yeunybvcl)
|
|t:|1758287917
|teamsize|p1|6
|teamsize|p2|6
|start
|switch|p1a: Torkoal|Torkoal, M|100/100
|switch|p2a: Ambipom|Ambipom, F, shiny|100/100
|-weather|SunnyDay|[from] ability: Drought|[of] p1a: Torkoal
|turn|1
|
|t:|1758287930
|move|p2a: Ambipom|Fake Out|p1a: Torkoal
|-damage|p1a: Torkoal|81/100
|-damage|p2a: Ambipom|91/100|[from] item: Life Orb
|cant|p1a: Torkoal|flinch
|
|-weather|SunnyDay|[upkeep]
|upkeep
|turn|2
|
|t:|1758287938
|move|p2a: Ambipom|Knock Off|p1a: Torkoal
|-crit|p1a: Torkoal
|-damage|p1a: Torkoal|46/100
|-enditem|p1a: Torkoal|Heat Rock|[from] move: Knock Off|[of] p2a: Ambipom
|-damage|p2a: Ambipom|81/100|[from] item: Life Orb
|move|p1a: Torkoal|Will-O-Wisp|p2a: Ambipom|[miss]
|-miss|p1a: Torkoal|p2a: Ambipom
|
|-weather|SunnyDay|[upkeep]
|upkeep
|turn|3
|
|t:|1758287945
|switch|p1a: Hatterene|Hatterene, F|100/100
|move|p2a: Ambipom|Gunk Shot|p1a: Hatterene
|-supereffective|p1a: Hatterene
|-damage|p1a: Hatterene|18/100
|-enditem|p1a: Hatterene|Eject Button
|-damage|p2a: Ambipom|71/100|[from] item: Life Orb
|
|t:|1758287950
|switch|p1a: StallMelter9000|Charizard, F|100/100
|
|-weather|SunnyDay|[upkeep]
|-damage|p1a: StallMelter9000|88/100|[from] ability: Solar Power|[of] p1a: StallMelter9000
|upkeep
|turn|4
|
|t:|1758287954
|move|p2a: Ambipom|Gunk Shot|p1a: StallMelter9000
|-damage|p1a: StallMelter9000|19/100
|-status|p1a: StallMelter9000|psn
|-damage|p2a: Ambipom|61/100|[from] item: Life Orb
|move|p1a: StallMelter9000|Flamethrower|p2a: Ambipom
|-damage|p2a: Ambipom|0 fnt
|faint|p2a: Ambipom
|
|-weather|SunnyDay|[upkeep]
|-damage|p1a: StallMelter9000|7/100 psn|[from] ability: Solar Power|[of] p1a: StallMelter9000
|-damage|p1a: StallMelter9000|0 fnt|[from] psn
|faint|p1a: StallMelter9000
|upkeep
|
|t:|1758287968
|switch|p2a: Dragonite|Dragonite, F|100/100
|switch|p1a: Great Tusk|Great Tusk|100/100
|-activate|p1a: Great Tusk|ability: Protosynthesis
|-start|p1a: Great Tusk|protosynthesisatk
|turn|5
|
|t:|1758287985
|-end|p1a: Great Tusk|Protosynthesis|[silent]
|switch|p1a: Walking Wake|Walking Wake|100/100
|-activate|p1a: Walking Wake|ability: Protosynthesis
|-start|p1a: Walking Wake|protosynthesisspe
|move|p2a: Dragonite|Dragon Dance|p2a: Dragonite
|-boost|p2a: Dragonite|atk|1
|-boost|p2a: Dragonite|spe|1
|
|-weather|SunnyDay|[upkeep]
|upkeep
|turn|6
|
|t:|1758288001
|move|p1a: Walking Wake|Flamethrower|p2a: Dragonite
|-resisted|p2a: Dragonite
|-damage|p2a: Dragonite|81/100
|-status|p2a: Dragonite|brn
|move|p2a: Dragonite|Dragon Dance|p2a: Dragonite
|-boost|p2a: Dragonite|atk|1
|-boost|p2a: Dragonite|spe|1
|
|-weather|SunnyDay|[upkeep]
|-damage|p2a: Dragonite|75/100 brn|[from] brn
|upkeep
|turn|7
|
|t:|1758288009
|-end|p1a: Walking Wake|Protosynthesis|[silent]
|switch|p1a: Hatterene|Hatterene, F|18/100
|move|p2a: Dragonite|Dragon Claw|p1a: Hatterene
|-immune|p1a: Hatterene
|
|-weather|SunnyDay|[upkeep]
|-damage|p2a: Dragonite|69/100 brn|[from] brn
|upkeep
|turn|8
|
|t:|1758288018
|move|p2a: Dragonite|Aerial Ace|p1a: Hatterene
|-damage|p1a: Hatterene|0 fnt
|faint|p1a: Hatterene
|
|-weather|none
|-damage|p2a: Dragonite|63/100 brn|[from] brn
|upkeep
|
|t:|1758288021
|switch|p1a: Walking Wake|Walking Wake|100/100
|turn|9
|
|t:|1758288027
|move|p2a: Dragonite|Dragon Claw|p1a: Walking Wake
|-supereffective|p1a: Walking Wake
|-damage|p1a: Walking Wake|8/100
|move|p1a: Walking Wake|Dragon Pulse|p2a: Dragonite
|-supereffective|p2a: Dragonite
|-damage|p2a: Dragonite|0 fnt
|faint|p2a: Dragonite
|
|upkeep
|
|t:|1758288034
|switch|p2a: Comfey|Comfey, F, shiny|100/100
|turn|10
|
|t:|1758288042
|-end|p1a: Walking Wake|Protosynthesis|[silent]
|switch|p1a: Torkoal|Torkoal, M|46/100
|-weather|SunnyDay|[from] ability: Drought|[of] p1a: Torkoal
|move|p2a: Comfey|Draining Kiss|p1a: Torkoal
|-resisted|p1a: Torkoal
|-damage|p1a: Torkoal|32/100
|
|-weather|SunnyDay|[upkeep]
|upkeep
|turn|11
|
|t:|1758288050
|switch|p2a: Gliscor|Gliscor, M|100/100
|switch|p1a: Venusaur|Venusaur, M|100/100
|
|-weather|SunnyDay|[upkeep]
|-status|p2a: Gliscor|tox|[from] item: Toxic Orb
|upkeep
|turn|12
|
|t:|1758288059
|move|p1a: Venusaur|Weather Ball|p2a: Gliscor
|-damage|p2a: Gliscor|21/100 tox
|-damage|p1a: Venusaur|91/100|[from] item: Life Orb
|move|p2a: Gliscor|Facade|p1a: Venusaur
|-damage|p1a: Venusaur|35/100
|
|-weather|SunnyDay|[upkeep]
|-heal|p2a: Gliscor|34/100 tox|[from] ability: Poison Heal
|upkeep
|turn|13
|
|t:|1758288066
|move|p2a: Gliscor|Protect|p2a: Gliscor
|-singleturn|p2a: Gliscor|Protect
|move|p1a: Venusaur|Weather Ball|p2a: Gliscor
|-activate|p2a: Gliscor|move: Protect
|
|-weather|SunnyDay|[upkeep]
|-heal|p2a: Gliscor|46/100 tox|[from] ability: Poison Heal
|upkeep
|turn|14
|
|t:|1758288076
|move|p1a: Venusaur|Weather Ball|p2a: Gliscor
|-damage|p2a: Gliscor|0 fnt
|faint|p2a: Gliscor
|-damage|p1a: Venusaur|25/100|[from] item: Life Orb
|
|-weather|none
|upkeep
|
|t:|1758288083
|switch|p2a: Eelektross|Eelektross, M|100/100
|turn|15
|
|t:|1758288088
|switch|p1a: Torkoal|Torkoal, M|32/100
|-weather|SunnyDay|[from] ability: Drought|[of] p1a: Torkoal
|move|p2a: Eelektross|Supercell Slam|p1a: Torkoal
|-damage|p1a: Torkoal|3/100
|
|-weather|SunnyDay|[upkeep]
|upkeep
|turn|16
|
|t:|1758288095
|switch|p1a: Great Tusk|Great Tusk|100/100
|-activate|p1a: Great Tusk|ability: Protosynthesis
|-start|p1a: Great Tusk|protosynthesisatk
|move|p2a: Eelektross|Coil|p2a: Eelektross
|-boost|p2a: Eelektross|atk|1
|-boost|p2a: Eelektross|def|1
|-boost|p2a: Eelektross|accuracy|1
|
|-weather|SunnyDay|[upkeep]
|upkeep
|turn|17
|
|t:|1758288103
|move|p1a: Great Tusk|Headlong Rush|p2a: Eelektross
|-immune|p2a: Eelektross|[from] ability: Levitate
|move|p2a: Eelektross|Coil|p2a: Eelektross
|-boost|p2a: Eelektross|atk|1
|-boost|p2a: Eelektross|def|1
|-boost|p2a: Eelektross|accuracy|1
|
|-weather|SunnyDay|[upkeep]
|upkeep
|turn|18
|
|t:|1758288115
|move|p1a: Great Tusk|Close Combat|p2a: Eelektross
|-damage|p2a: Eelektross|51/100
|-unboost|p1a: Great Tusk|def|1
|-unboost|p1a: Great Tusk|spd|1
|-enditem|p1a: Great Tusk|Eject Pack
|
|t:|1758288125
|-end|p1a: Great Tusk|Protosynthesis|[silent]
|switch|p1a: Walking Wake|Walking Wake|8/100
|-activate|p1a: Walking Wake|ability: Protosynthesis
|-start|p1a: Walking Wake|protosynthesisspe
|move|p2a: Eelektross|Dragon Tail|p1a: Walking Wake
|-supereffective|p1a: Walking Wake
|-damage|p1a: Walking Wake|0 fnt
|faint|p1a: Walking Wake
|-end|p1a: Walking Wake|Protosynthesis|[silent]
|
|-weather|SunnyDay|[upkeep]
|-heal|p2a: Eelektross|57/100|[from] item: Leftovers
|upkeep
|
|t:|1758288132
|switch|p1a: Great Tusk|Great Tusk|100/100
|-activate|p1a: Great Tusk|ability: Protosynthesis
|-start|p1a: Great Tusk|protosynthesisatk
|turn|19
|
|t:|1758288138
|move|p1a: Great Tusk|Knock Off|p2a: Eelektross
|-damage|p2a: Eelektross|34/100
|-enditem|p2a: Eelektross|Leftovers|[from] move: Knock Off|[of] p1a: Great Tusk
|move|p2a: Eelektross|Drain Punch|p1a: Great Tusk
|-damage|p1a: Great Tusk|65/100
|-heal|p2a: Eelektross|55/100|[from] drain|[of] p1a: Great Tusk
|
|-weather|none
|-end|p1a: Great Tusk|Protosynthesis
|upkeep
|turn|20
|
|t:|1758288146
|-terastallize|p1a: Great Tusk|Fighting
|move|p1a: Great Tusk|Close Combat|p2a: Eelektross
|-damage|p2a: Eelektross|9/100
|-unboost|p1a: Great Tusk|def|1
|-unboost|p1a: Great Tusk|spd|1
|move|p2a: Eelektross|Drain Punch|p1a: Great Tusk
|-crit|p1a: Great Tusk
|-damage|p1a: Great Tusk|0 fnt
|-heal|p2a: Eelektross|47/100|[from] drain|[of] p1a: Great Tusk
|faint|p1a: Great Tusk
|-end|p1a: Great Tusk|Protosynthesis|[silent]
|
|upkeep
|-message|yeunybvcl forfeited.
|
|win|ALEXXX100407
|raw|yeunybvcl's rating: 1131 &rarr; <strong>1109</strong><br />(-22 for losing)
|raw|ALEXXX100407's rating: 1175 &rarr; <strong>1197</strong><br />(+22 for winning)
|l|☆yeunybvcl
|player|p1|
|l|☆ALEXXX100407
|player|p2|
