|j|☆rod jaeger22
|j|☆szjtxdy
|t:|1758264719
|gametype|singles
|player|p1|rod jaeger22|miku-fairy|1347
|player|p2|szjtxdy|rosa|1327
|gen|9
|tier|[Gen 9] OU
|rated|
|rule|HP Percentage Mod: HP is shown in percentages
|rule|Endless Battle Clause: Forcing endless battles is banned
|rule|Species Clause: Limit one of each Pokémon
|rule|OHKO Clause: OHKO moves are banned
|rule|Evasion Items Clause: Evasion items are banned
|rule|Evasion Moves Clause: Evasion moves are banned
|rule|Evasion Abilities Clause: Evasion abilities are banned
|rule|Sleep Moves Clause: Sleep-inducing moves are banned
|clearpoke
|poke|p1|Darkrai|
|poke|p1|Serperior, M|
|poke|p1|Blaziken, M|
|poke|p1|Corviknight, F|
|poke|p1|Rotom-Wash|
|poke|p1|Grimmsnarl, M|
|poke|p2|Torkoal, M|
|poke|p2|Hatterene, F|
|poke|p2|Raging Bolt|
|poke|p2|Venusaur, M|
|poke|p2|Great Tusk|
|poke|p2|Arcanine-Hisui, F|
|teampreview
|inactive|Battle timer is ON: inactive players will automatically lose when time's up. (requested by rod jaeger22)
|inactive|szjtxdy also wants the timer to be on.
|
|t:|1758264726
|teamsize|p1|6
|teamsize|p2|6
|start
|switch|p1a: Blaziken|Blaziken, M|100/100
|switch|p2a: Raging Bolt|Raging Bolt|100/100
|turn|1
|
|t:|1758264744
|switch|p1a: Grimmsnarl|Grimmsnarl, M|100/100
|move|p2a: Raging Bolt|Volt Switch|p1a: Grimmsnarl
|-damage|p1a: Grimmsnarl|46/100
|-damage|p2a: Raging Bolt|91/100|[from] item: Life Orb
|
|t:|1758264754
|-end|p2a: Raging Bolt|Protosynthesis|[silent]
|switch|p2a: Torkoal|Torkoal, M|100/100|[from] Volt Switch
|-weather|SunnyDay|[from] ability: Drought|[of] p2a: Torkoal
|
|-weather|SunnyDay|[upkeep]
|upkeep
|turn|2
|
|t:|1758264757
|switch|p2a: Hatterene|Hatterene, F|100/100
|move|p1a: Grimmsnarl|Light Screen|p1a: Grimmsnarl
|-sidestart|p1: rod jaeger22|move: Light Screen
|
|-weather|SunnyDay|[upkeep]
|upkeep
|turn|3
|
|t:|1758264767
|switch|p1a: Rotom|Rotom-Wash|100/100
|move|p2a: Hatterene|Nuzzle|p1a: Rotom
|-damage|p1a: Rotom|96/100
|
|-weather|SunnyDay|[upkeep]
|-heal|p1a: Rotom|100/100|[from] item: Leftovers
|upkeep
|turn|4
|
|t:|1758264780
|switch|p2a: Venusaur|Venusaur, M|100/100
|move|p1a: Rotom|Hydro Pump|p2a: Venusaur
|-resisted|p2a: Venusaur
|-damage|p2a: Venusaur|86/100
|
|-weather|SunnyDay|[upkeep]
|upkeep
|turn|5
|
|t:|1758264790
|switch|p1a: Corviknight|Corviknight, F|100/100
|move|p2a: Venusaur|Growth|p2a: Venusaur
|-boost|p2a: Venusaur|atk|2
|-boost|p2a: Venusaur|spa|2
|
|-weather|SunnyDay|[upkeep]
|upkeep
|turn|6
|
|t:|1758264796
|move|p2a: Venusaur|Weather Ball|p1a: Corviknight
|-supereffective|p1a: Corviknight
|-damage|p1a: Corviknight|0 fnt
|faint|p1a: Corviknight
|-damage|p2a: Venusaur|76/100|[from] item: Life Orb
|
|-weather|SunnyDay|[upkeep]
|upkeep
|
|t:|1758264801
|switch|p1a: Grimmsnarl|Grimmsnarl, M|46/100
|turn|7
|
|t:|1758264805
|move|p1a: Grimmsnarl|Thunder Wave|p2a: Venusaur
|-status|p2a: Venusaur|par
|move|p2a: Venusaur|Solar Beam||[still]
|-prepare|p2a: Venusaur|Solar Beam
|-anim|p2a: Venusaur|Solar Beam|p1a: Grimmsnarl
|-damage|p1a: Grimmsnarl|0 fnt
|faint|p1a: Grimmsnarl
|-damage|p2a: Venusaur|66/100 par|[from] item: Life Orb
|
|-weather|SunnyDay|[upkeep]
|upkeep
|
|t:|1758264812
|switch|p1a: Blaziken|Blaziken, M|100/100
|turn|8
|
|t:|1758264816
|move|p1a: Blaziken|Swords Dance|p1a: Blaziken
|-boost|p1a: Blaziken|atk|2
|move|p2a: Venusaur|Sludge Bomb|p1a: Blaziken
|-damage|p1a: Blaziken|22/100
|-damage|p2a: Venusaur|56/100 par|[from] item: Life Orb
|
|-weather|none
|-ability|p1a: Blaziken|Speed Boost|boost
|-boost|p1a: Blaziken|spe|1
|upkeep
|turn|9
|
|t:|1758264825
|move|p1a: Blaziken|Acrobatics|p2a: Venusaur
|-supereffective|p2a: Venusaur
|-damage|p2a: Venusaur|0 fnt
|faint|p2a: Venusaur
|
|-sideend|p1: rod jaeger22|move: Light Screen
|-ability|p1a: Blaziken|Speed Boost|boost
|-boost|p1a: Blaziken|spe|1
|upkeep
|
|t:|1758264828
|switch|p2a: Raging Bolt|Raging Bolt|91/100
|turn|10
|
|t:|1758264834
|switch|p1a: Rotom|Rotom-Wash|100/100
|move|p2a: Raging Bolt|Thunderclap||[still]
|-fail|p2a: Raging Bolt
|
|upkeep
|turn|11
|
|t:|1758264840
|move|p1a: Rotom|Will-O-Wisp|p2a: Raging Bolt
|-status|p2a: Raging Bolt|brn
|move|p2a: Raging Bolt|Draco Meteor|p1a: Rotom|[miss]
|-miss|p2a: Raging Bolt|p1a: Rotom
|
|-damage|p2a: Raging Bolt|84/100 brn|[from] brn
|upkeep
|turn|12
|
|t:|1758264851
|move|p1a: Rotom|Hydro Pump|p2a: Raging Bolt
|-resisted|p2a: Raging Bolt
|-damage|p2a: Raging Bolt|63/100 brn
|move|p2a: Raging Bolt|Draco Meteor|p1a: Rotom
|-damage|p1a: Rotom|0 fnt
|-unboost|p2a: Raging Bolt|spa|2
|faint|p1a: Rotom
|-damage|p2a: Raging Bolt|53/100 brn|[from] item: Life Orb
|
|-damage|p2a: Raging Bolt|47/100 brn|[from] brn
|upkeep
|
|t:|1758264867
|switch|p1a: Serperior|Serperior, M|100/100
|turn|13
|
|t:|1758264870
|-end|p2a: Raging Bolt|Protosynthesis|[silent]
|switch|p2a: Torkoal|Torkoal, M|100/100
|-weather|SunnyDay|[from] ability: Drought|[of] p2a: Torkoal
|move|p1a: Serperior|Leaf Storm|p2a: Torkoal
|-resisted|p2a: Torkoal
|-damage|p2a: Torkoal|67/100
|-boost|p1a: Serperior|spa|2
|
|-weather|SunnyDay|[upkeep]
|upkeep
|turn|14
|
|t:|1758264879
|-terastallize|p1a: Serperior|Rock
|move|p1a: Serperior|Tera Blast|p2a: Torkoal|[anim] Tera Blast Rock
|-supereffective|p2a: Torkoal
|-damage|p2a: Torkoal|0 fnt
|faint|p2a: Torkoal
|
|-weather|SunnyDay|[upkeep]
|upkeep
|
|t:|1758264899
|switch|p2a: Great Tusk|Great Tusk|100/100
|-activate|p2a: Great Tusk|ability: Protosynthesis
|-start|p2a: Great Tusk|protosynthesisatk
|turn|15
|
|t:|1758264909
|-terastallize|p2a: Great Tusk|Steel
|move|p1a: Serperior|Leaf Storm|p2a: Great Tusk
|-resisted|p2a: Great Tusk
|-damage|p2a: Great Tusk|59/100
|-boost|p1a: Serperior|spa|2
|move|p2a: Great Tusk|Close Combat|p1a: Serperior
|-supereffective|p1a: Serperior
|-damage|p1a: Serperior|0 fnt
|-unboost|p2a: Great Tusk|def|1
|-unboost|p2a: Great Tusk|spd|1
|faint|p1a: Serperior
|
|-weather|SunnyDay|[upkeep]
|upkeep
|
|t:|1758264924
|switch|p1a: Blaziken|Blaziken, M|22/100
|turn|16
|
|t:|1758264934
|move|p1a: Blaziken|Swords Dance|p1a: Blaziken
|-boost|p1a: Blaziken|atk|2
|move|p2a: Great Tusk|Close Combat|p1a: Blaziken
|-damage|p1a: Blaziken|0 fnt
|-unboost|p2a: Great Tusk|def|1
|-unboost|p2a: Great Tusk|spd|1
|faint|p1a: Blaziken
|
|-weather|SunnyDay|[upkeep]
|upkeep
|
|t:|1758264939
|switch|p1a: Darkrai|Darkrai|100/100
|turn|17
|
|t:|1758264945
|-end|p2a: Great Tusk|Protosynthesis|[silent]
|switch|p2a: Hatterene|Hatterene, F|100/100
|move|p1a: Darkrai|Dark Pulse|p2a: Hatterene
|-damage|p2a: Hatterene|54/100
|-enditem|p2a: Hatterene|Eject Button
|
|t:|1758264951
|switch|p2a: Arcanine|Arcanine-Hisui, F|100/100
|
|-weather|SunnyDay|[upkeep]
|upkeep
|turn|18
|
|t:|1758264956
|move|p2a: Arcanine|Flare Blitz|p1a: Darkrai
|-damage|p1a: Darkrai|0 fnt
|faint|p1a: Darkrai
|
|win|szjtxdy
|raw|rod jaeger22's rating: 1347 &rarr; <strong>1326</strong><br />(-21 for losing)
|raw|szjtxdy's rating: 1327 &rarr; <strong>1348</strong><br />(+21 for winning)
|l|☆rod jaeger22
|player|p1|
|l|☆szjtxdy
|player|p2|
