|j|☆nyamai
|j|☆schoolwifisucks22
|t:|1758312364
|gametype|singles
|player|p1|nyamai|swimmer|1285
|player|p2|schoolwifisucks22|swimmerf-gen4|1238
|gen|9
|tier|[Gen 9] OU
|rated|
|rule|HP Percentage Mod: HP is shown in percentages
|rule|Endless Battle Clause: Forcing endless battles is banned
|rule|Species Clause: Limit one of each Pokémon
|rule|OHKO Clause: OHKO moves are banned
|rule|Evasion Items Clause: Evasion items are banned
|rule|Evasion Moves Clause: Evasion moves are banned
|rule|Evasion Abilities Clause: Evasion abilities are banned
|rule|Sleep Moves Clause: Sleep-inducing moves are banned
|clearpoke
|poke|p1|Kyurem|
|poke|p1|Scizor, M|
|poke|p1|Great Tusk|
|poke|p1|Heatran, F|
|poke|p1|Rillaboom, M|
|poke|p1|Primarina, F|
|poke|p2|Slowking-Galar, M|
|poke|p2|Deoxys-Speed|
|poke|p2|Kommo-o, F|
|poke|p2|Quaquaval, M|
|poke|p2|Iron Treads|
|poke|p2|Kingambit, M|
|teampreview
|inactive|Battle timer is ON: inactive players will automatically lose when time's up. (requested by schoolwifisucks22)
|
|t:|1758312374
|teamsize|p1|6
|teamsize|p2|6
|start
|switch|p1a: Sapo|Heatran, F|100/100
|switch|p2a: The Quickster|Deoxys-Speed, shiny|100/100
|-ability|p2a: The Quickster|Pressure
|turn|1
|c|☆nyamai|buena suerte!!
|
|t:|1758312391
|move|p2a: The Quickster|Taunt|p1a: Sapo
|-start|p1a: Sapo|move: Taunt
|move|p1a: Sapo|Magma Storm|p2a: The Quickster|[miss]
|-miss|p1a: Sapo|p2a: The Quickster
|
|upkeep
|turn|2
|
|t:|1758312399
|move|p2a: The Quickster|Spikes|p1a: Sapo
|-sidestart|p1: nyamai|Spikes
|move|p1a: Sapo|Magma Storm|p2a: The Quickster
|-damage|p2a: The Quickster|32/100
|-activate|p2a: The Quickster|move: Magma Storm|[of] p1a: Sapo
|
|-damage|p2a: The Quickster|19/100|[from] move: Magma Storm|[partiallytrapped]
|upkeep
|turn|3
|
|t:|1758312404
|move|p2a: The Quickster|Spikes|p1a: Sapo
|-sidestart|p1: nyamai|Spikes
|move|p1a: Sapo|Scorching Sands|p2a: The Quickster
|-damage|p2a: The Quickster|0 fnt
|faint|p2a: The Quickster
|
|-end|p1a: Sapo|move: Taunt
|upkeep
|
|t:|1758312416
|switch|p2a: Gay Duck|Quaquaval, M|100/100
|turn|4
|
|t:|1758312425
|-terastallize|p1a: Sapo|Bug
|move|p2a: Gay Duck|Close Combat|p1a: Sapo
|-resisted|p1a: Sapo
|-damage|p1a: Sapo|58/100
|-unboost|p2a: Gay Duck|def|1
|-unboost|p2a: Gay Duck|spd|1
|move|p1a: Sapo|Will-O-Wisp|p2a: Gay Duck
|-status|p2a: Gay Duck|brn
|
|-heal|p1a: Sapo|64/100|[from] item: Leftovers
|-damage|p2a: Gay Duck|94/100 brn|[from] brn
|upkeep
|turn|5
|
|t:|1758312440
|switch|p2a: 🤓🤓🤓|Slowking-Galar, M|100/100
|switch|p1a: Chango qliao|Rillaboom, M|100/100
|-fieldstart|move: Grassy Terrain|[from] ability: Grassy Surge|[of] p1a: Chango qliao
|
|upkeep
|turn|6
|c|☆nyamai|ur nicknames are awesome
|
|t:|1758312455
|move|p1a: Chango qliao|Knock Off|p2a: 🤓🤓🤓
|-supereffective|p2a: 🤓🤓🤓
|-damage|p2a: 🤓🤓🤓|53/100
|-enditem|p2a: 🤓🤓🤓|Shuca Berry|[from] move: Knock Off|[of] p1a: Chango qliao
|move|p2a: 🤓🤓🤓|Sludge Bomb|p1a: Chango qliao
|-supereffective|p1a: Chango qliao
|-damage|p1a: Chango qliao|5/100
|
|-heal|p1a: Chango qliao|12/100|[from] Grassy Terrain
|-heal|p2a: 🤓🤓🤓|59/100|[from] Grassy Terrain
|upkeep
|turn|7
|
|t:|1758312462
|move|p1a: Chango qliao|U-turn|p2a: 🤓🤓🤓
|-damage|p2a: 🤓🤓🤓|41/100
|
|t:|1758312466
|switch|p1a: OldssenWolf|Great Tusk|100/100|[from] U-turn
|move|p2a: 🤓🤓🤓|Future Sight|p1a: OldssenWolf
|-start|p2a: 🤓🤓🤓|move: Future Sight
|
|-heal|p2a: 🤓🤓🤓|47/100|[from] Grassy Terrain
|upkeep
|turn|8
|
|t:|1758312470
|move|p1a: OldssenWolf|Rapid Spin|p2a: 🤓🤓🤓
|-damage|p2a: 🤓🤓🤓|35/100
|-boost|p1a: OldssenWolf|spe|1
|-sideend|p1: nyamai|Spikes|[from] move: Rapid Spin|[of] p1a: OldssenWolf
|move|p2a: 🤓🤓🤓|Ice Beam|p1a: OldssenWolf
|-supereffective|p1a: OldssenWolf
|-damage|p1a: OldssenWolf|29/100
|
|-heal|p1a: OldssenWolf|36/100|[from] Grassy Terrain
|-heal|p2a: 🤓🤓🤓|41/100|[from] Grassy Terrain
|upkeep
|turn|9
|
|t:|1758312475
|move|p1a: OldssenWolf|Headlong Rush|p2a: 🤓🤓🤓
|-supereffective|p2a: 🤓🤓🤓
|-damage|p2a: 🤓🤓🤓|0 fnt
|-unboost|p1a: OldssenWolf|def|1
|-unboost|p1a: OldssenWolf|spd|1
|faint|p2a: 🤓🤓🤓
|
|-end|p1a: OldssenWolf|move: Future Sight
|-supereffective|p1a: OldssenWolf
|-damage|p1a: OldssenWolf|0 fnt
|faint|p1a: OldssenWolf
|-end|p1a: OldssenWolf|Protosynthesis|[silent]
|-fieldend|move: Grassy Terrain
|upkeep
|
|t:|1758312484
|switch|p1a: Chango qliao|Rillaboom, M|12/100
|switch|p2a: Elon Tusk|Iron Treads|100/100
|-fieldstart|move: Grassy Terrain|[from] ability: Grassy Surge|[of] p1a: Chango qliao
|-enditem|p2a: Elon Tusk|Booster Energy
|-activate|p2a: Elon Tusk|ability: Quark Drive|[fromitem]
|-start|p2a: Elon Tusk|quarkdrivespe
|turn|10
|
|t:|1758312494
|move|p1a: Chango qliao|Grassy Glide|p2a: Elon Tusk
|-damage|p2a: Elon Tusk|68/100
|move|p2a: Elon Tusk|Rapid Spin|p1a: Chango qliao
|-damage|p1a: Chango qliao|0 fnt
|-boost|p2a: Elon Tusk|spe|1
|faint|p1a: Chango qliao
|
|-heal|p2a: Elon Tusk|75/100|[from] Grassy Terrain
|upkeep
|
|t:|1758312513
|switch|p1a: Derechos Trans|Primarina, F|100/100
|turn|11
|
|t:|1758312517
|move|p2a: Elon Tusk|Knock Off|p1a: Derechos Trans
|-resisted|p1a: Derechos Trans
|-damage|p1a: Derechos Trans|87/100
|-enditem|p1a: Derechos Trans|Leftovers|[from] move: Knock Off|[of] p2a: Elon Tusk
|move|p1a: Derechos Trans|Psychic Noise|p2a: Elon Tusk
|-supereffective|p2a: Elon Tusk
|-damage|p2a: Elon Tusk|0 fnt
|faint|p2a: Elon Tusk
|-end|p2a: Elon Tusk|Quark Drive|[silent]
|
|-heal|p1a: Derechos Trans|93/100|[from] Grassy Terrain
|upkeep
|
|t:|1758312525
|switch|p2a: Scala Bareilles|Kommo-o, F|100/100
|turn|12
|
|t:|1758312531
|-terastallize|p2a: Scala Bareilles|Normal
|move|p2a: Scala Bareilles|Clangorous Soul|p2a: Scala Bareilles
|-boost|p2a: Scala Bareilles|atk|1
|-boost|p2a: Scala Bareilles|def|1
|-boost|p2a: Scala Bareilles|spa|1
|-boost|p2a: Scala Bareilles|spd|1
|-boost|p2a: Scala Bareilles|spe|1
|-damage|p2a: Scala Bareilles|68/100
|-enditem|p2a: Scala Bareilles|Throat Spray
|-boost|p2a: Scala Bareilles|spa|1|[from] item: Throat Spray
|move|p1a: Derechos Trans|Substitute|p1a: Derechos Trans
|-start|p1a: Derechos Trans|Substitute
|-damage|p1a: Derechos Trans|68/100
|
|-heal|p2a: Scala Bareilles|74/100|[from] Grassy Terrain
|-heal|p1a: Derechos Trans|74/100|[from] Grassy Terrain
|upkeep
|turn|13
|c|☆nyamai|OHH
|c|☆nyamai|gg
|
|t:|1758312546
|move|p2a: Scala Bareilles|Clangorous Soul|p2a: Scala Bareilles
|-boost|p2a: Scala Bareilles|atk|1
|-boost|p2a: Scala Bareilles|def|1
|-boost|p2a: Scala Bareilles|spa|1
|-boost|p2a: Scala Bareilles|spd|1
|-boost|p2a: Scala Bareilles|spe|1
|-damage|p2a: Scala Bareilles|41/100
|move|p1a: Derechos Trans|Draining Kiss|p2a: Scala Bareilles
|-damage|p2a: Scala Bareilles|27/100
|-heal|p1a: Derechos Trans|82/100|[from] drain|[of] p2a: Scala Bareilles
|
|-heal|p2a: Scala Bareilles|33/100|[from] Grassy Terrain
|-heal|p1a: Derechos Trans|88/100|[from] Grassy Terrain
|upkeep
|turn|14
|
|t:|1758312552
|move|p2a: Scala Bareilles|Boomburst|p1a: Derechos Trans
|-damage|p1a: Derechos Trans|0 fnt
|faint|p1a: Derechos Trans
|
|-heal|p2a: Scala Bareilles|40/100|[from] Grassy Terrain
|-fieldend|move: Grassy Terrain
|upkeep
|
|t:|1758312554
|switch|p1a: Noscor|Scizor, M|100/100
|turn|15
|
|t:|1758312560
|move|p1a: Noscor|Bullet Punch|p2a: Scala Bareilles
|-damage|p2a: Scala Bareilles|14/100
|move|p2a: Scala Bareilles|Flamethrower|p1a: Noscor
|-supereffective|p1a: Noscor
|-damage|p1a: Noscor|0 fnt
|faint|p1a: Noscor
|
|upkeep
|
|t:|1758312564
|switch|p1a: EdgeLord|Kyurem|100/100
|-ability|p1a: EdgeLord|Pressure
|turn|16
|
|t:|1758312567
|move|p2a: Scala Bareilles|Drain Punch|p1a: EdgeLord
|-supereffective|p1a: EdgeLord
|-damage|p1a: EdgeLord|0 fnt
|-heal|p2a: Scala Bareilles|81/100|[from] drain|[of] p1a: EdgeLord
|faint|p1a: EdgeLord
|
|upkeep
|
|t:|1758312569
|switch|p1a: Sapo|Heatran, F, tera:Bug|64/100
|turn|17
|
|t:|1758312572
|move|p2a: Scala Bareilles|Boomburst|p1a: Sapo
|-damage|p1a: Sapo|0 fnt
|faint|p1a: Sapo
|
|win|schoolwifisucks22
|raw|nyamai's rating: 1285 &rarr; <strong>1257</strong><br />(-28 for losing)
|raw|schoolwifisucks22's rating: 1238 &rarr; <strong>1266</strong><br />(+28 for winning)
|c|☆nyamai|gggg
|c|☆schoolwifisucks22|gg
|l|☆nyamai
|player|p1|
