|j|☆pilotrainbow312
|j|☆wefgrjcnc
|t:|1758238208
|gametype|singles
|player|p1|pilotrainbow312|2|1245
|player|p2|wefgrjcnc|lucian|1203
|gen|9
|tier|[Gen 9] OU
|rated|
|rule|HP Percentage Mod: HP is shown in percentages
|rule|Endless Battle Clause: Forcing endless battles is banned
|rule|Species Clause: Limit one of each Pokémon
|rule|OHKO Clause: OHKO moves are banned
|rule|Evasion Items Clause: Evasion items are banned
|rule|Evasion Moves Clause: Evasion moves are banned
|rule|Evasion Abilities Clause: Evasion abilities are banned
|rule|Sleep Moves Clause: Sleep-inducing moves are banned
|clearpoke
|poke|p1|Glimmora, F|
|poke|p1|Ogerpon-Wellspring, F|
|poke|p1|Hatterene, F|
|poke|p1|Iron Moth|
|poke|p1|Dragonite, F|
|poke|p1|Kingambit, F|
|poke|p2|Talonflame, F|
|poke|p2|Garganacl, M|
|poke|p2|Toxapex, F|
|poke|p2|Clodsire, M|
|poke|p2|Gholdengo|
|poke|p2|Umbreon, F|
|teampreview
|inactive|Battle timer is ON: inactive players will automatically lose when time's up. (requested by pilotrainbow312)
|
|t:|1758238233
|teamsize|p1|6
|teamsize|p2|6
|start
|switch|p1a: The Advocate|Glimmora, F|100/100
|switch|p2a: Garganacl|Garganacl, M|100/100
|turn|1
|
|t:|1758238244
|move|p1a: The Advocate|Stealth Rock|p2a: Garganacl
|-sidestart|p2: wefgrjcnc|move: Stealth Rock
|move|p2a: Garganacl|Salt Cure|p1a: The Advocate
|-damage|p1a: The Advocate|82/100
|-start|p1a: The Advocate|Salt Cure
|-activate|p1a: The Advocate|ability: Toxic Debris
|-sidestart|p2: wefgrjcnc|move: Toxic Spikes
|
|-damage|p1a: The Advocate|70/100|[from] Salt Cure
|upkeep
|turn|2
|
|t:|1758238251
|move|p1a: The Advocate|Energy Ball|p2a: Garganacl
|-supereffective|p2a: Garganacl
|-damage|p2a: Garganacl|52/100
|move|p2a: Garganacl|Salt Cure|p1a: The Advocate
|-damage|p1a: The Advocate|52/100
|-activate|p1a: The Advocate|ability: Toxic Debris
|-sidestart|p2: wefgrjcnc|move: Toxic Spikes
|
|-heal|p2a: Garganacl|58/100|[from] item: Leftovers
|-damage|p1a: The Advocate|40/100|[from] Salt Cure
|upkeep
|turn|3
|
|t:|1758238262
|switch|p2a: Clodsire|Clodsire, M|100/100
|-damage|p2a: Clodsire|94/100|[from] Stealth Rock
|-sideend|p2: wefgrjcnc|move: Toxic Spikes|[of] p2a: Clodsire
|move|p1a: The Advocate|Energy Ball|p2a: Clodsire
|-damage|p2a: Clodsire|77/100
|
|-heal|p2a: Clodsire|83/100|[from] item: Leftovers
|-damage|p1a: The Advocate|27/100|[from] Salt Cure
|upkeep
|turn|4
|
|t:|1758238286
|move|p2a: Clodsire|Protect|p2a: Clodsire
|-singleturn|p2a: Clodsire|Protect
|move|p1a: The Advocate|Mud Shot|p2a: Clodsire
|-activate|p2a: Clodsire|move: Protect
|
|-heal|p2a: Clodsire|90/100|[from] item: Leftovers
|-damage|p1a: The Advocate|15/100|[from] Salt Cure
|upkeep
|turn|5
|
|t:|1758238300
|switch|p2a: Talonflame|Talonflame, F|100/100
|move|p1a: The Advocate|Mud Shot|p2a: Talonflame
|-immune|p2a: Talonflame
|
|-damage|p1a: The Advocate|2/100|[from] Salt Cure
|upkeep
|turn|6
|
|t:|1758238309
|move|p2a: Talonflame|Defog|p1a: The Advocate
|-unboost|p1a: The Advocate|evasion|1
|-sideend|p2: wefgrjcnc|Stealth Rock|[from] move: Defog|[of] p2a: Talonflame
|move|p1a: The Advocate|Power Gem|p2a: Talonflame
|-supereffective|p2a: Talonflame
|-damage|p2a: Talonflame|0 fnt
|faint|p2a: Talonflame
|
|-damage|p1a: The Advocate|0 fnt|[from] Salt Cure
|faint|p1a: The Advocate
|upkeep
|
|t:|1758238331
|switch|p2a: Garganacl|Garganacl, M|58/100
|switch|p1a: The Witch|Hatterene, F|100/100
|turn|7
|
|t:|1758238341
|switch|p2a: Gholdengo|Gholdengo|100/100
|move|p1a: The Witch|Psychic Noise|p2a: Gholdengo
|-resisted|p2a: Gholdengo
|-damage|p2a: Gholdengo|80/100
|-start|p2a: Gholdengo|move: Heal Block
|
|upkeep
|turn|8
|
|t:|1758238360
|move|p2a: Gholdengo|Trick|p1a: The Witch
|-activate|p2a: Gholdengo|move: Trick|[of] p1a: The Witch
|-item|p1a: The Witch|Choice Scarf|[from] move: Trick
|-item|p2a: Gholdengo|Leftovers|[from] move: Trick
|move|p1a: The Witch|Mystical Fire|p2a: Gholdengo
|-supereffective|p2a: Gholdengo
|-damage|p2a: Gholdengo|26/100
|-unboost|p2a: Gholdengo|spa|1
|
|-end|p2a: Gholdengo|move: Heal Block
|upkeep
|turn|9
|
|t:|1758238371
|switch|p2a: Clodsire|Clodsire, M|90/100
|move|p1a: The Witch|Mystical Fire|p2a: Clodsire
|-damage|p2a: Clodsire|78/100
|-unboost|p2a: Clodsire|spa|1
|
|-heal|p2a: Clodsire|85/100|[from] item: Leftovers
|upkeep
|turn|10
|
|t:|1758238377
|switch|p1a: The Ogerponzi|Ogerpon-Wellspring, F|100/100
|move|p2a: Clodsire|Poison Jab|p1a: The Ogerponzi
|-supereffective|p1a: The Ogerponzi
|-damage|p1a: The Ogerponzi|46/100
|
|-heal|p2a: Clodsire|91/100|[from] item: Leftovers
|upkeep
|turn|11
|
|t:|1758238386
|switch|p2a: Toxapex|Toxapex, F|100/100
|move|p1a: The Ogerponzi|Ivy Cudgel|p2a: Toxapex|[anim] Ivy Cudgel Water
|-resisted|p2a: Toxapex
|-damage|p2a: Toxapex|81/100
|
|upkeep
|turn|12
|
|t:|1758238393
|move|p1a: The Ogerponzi|Knock Off|p2a: Toxapex
|-crit|p2a: Toxapex
|-damage|p2a: Toxapex|40/100
|-enditem|p2a: Toxapex|Heavy-Duty Boots|[from] move: Knock Off|[of] p1a: The Ogerponzi
|move|p2a: Toxapex|Infestation|p1a: The Ogerponzi
|-supereffective|p1a: The Ogerponzi
|-damage|p1a: The Ogerponzi|39/100
|-activate|p1a: The Ogerponzi|move: Infestation|[of] p2a: Toxapex
|
|-damage|p1a: The Ogerponzi|26/100|[from] move: Infestation|[partiallytrapped]
|upkeep
|turn|13
|
|t:|1758238408
|move|p1a: The Ogerponzi|Horn Leech|p2a: Toxapex
|-damage|p2a: Toxapex|8/100
|-heal|p1a: The Ogerponzi|43/100|[from] drain|[of] p2a: Toxapex
|move|p2a: Toxapex|Recover|p2a: Toxapex
|-heal|p2a: Toxapex|58/100
|
|-damage|p1a: The Ogerponzi|30/100|[from] move: Infestation|[partiallytrapped]
|upkeep
|turn|14
|
|t:|1758238416
|move|p1a: The Ogerponzi|U-turn|p2a: Toxapex
|-resisted|p2a: Toxapex
|-damage|p2a: Toxapex|50/100
|inactive|pilotrainbow312 has 120 seconds left.
|
|t:|1758238460
|switch|p1a: Satan|Dragonite, F|100/100|[from] U-turn
|move|p2a: Toxapex|Toxic|p1a: Satan
|-status|p1a: Satan|tox
|-enditem|p1a: Satan|Lum Berry|[eat]
|-curestatus|p1a: Satan|tox|[msg]
|
|upkeep
|turn|15
|
|t:|1758238475
|move|p1a: Satan|Dragon Dance|p1a: Satan
|-boost|p1a: Satan|atk|1
|-boost|p1a: Satan|spe|1
|move|p2a: Toxapex|Toxic|p1a: Satan
|-status|p1a: Satan|tox
|
|-damage|p1a: Satan|94/100 tox|[from] psn
|upkeep
|turn|16
|
|t:|1758238479
|move|p1a: Satan|Dragon Dance|p1a: Satan
|-boost|p1a: Satan|atk|1
|-boost|p1a: Satan|spe|1
|move|p2a: Toxapex|Haze|p2a: Toxapex
|-clearallboost
|
|-damage|p1a: Satan|82/100 tox|[from] psn
|upkeep
|turn|17
|-message|pilotrainbow312 forfeited.
|
|win|wefgrjcnc
|raw|pilotrainbow312's rating: 1245 &rarr; <strong>1217</strong><br />(-28 for losing)
|raw|wefgrjcnc's rating: 1203 &rarr; <strong>1231</strong><br />(+28 for winning)
|l|☆pilotrainbow312
|player|p1|
|l|☆wefgrjcnc
|player|p2|
|j|☆wefgrjcnc
|player|p2|wefgrjcnc|lucian|
