|j|☆crashbuster
|j|☆PrivatePlays
|t:|1758355810
|gametype|singles
|player|p1|crashbuster|brycenman|1154
|player|p2|PrivatePlays|hugh|1141
|gen|9
|tier|[Gen 9] OU
|rated|
|rule|HP Percentage Mod: HP is shown in percentages
|rule|Endless Battle Clause: Forcing endless battles is banned
|rule|Species Clause: Limit one of each Pokémon
|rule|OHKO Clause: OHKO moves are banned
|rule|Evasion Items Clause: Evasion items are banned
|rule|Evasion Moves Clause: Evasion moves are banned
|rule|Evasion Abilities Clause: Evasion abilities are banned
|rule|Sleep Moves Clause: Sleep-inducing moves are banned
|clearpoke
|poke|p1|Suicune|
|poke|p1|Meloetta|
|poke|p1|Gliscor, F|
|poke|p1|Umbreon, F|
|poke|p1|Emboar, F|
|poke|p1|Dragapult, M|
|poke|p2|Dragapult, F|
|poke|p2|Gliscor, F|
|poke|p2|Cloyster, M|
|poke|p2|Gyarados, M|
|poke|p2|Conkeldurr, M|
|poke|p2|Mew|
|teampreview
|inactive|Battle timer is ON: inactive players will automatically lose when time's up. (requested by PrivatePlays)
|
|t:|1758355820
|teamsize|p1|6
|teamsize|p2|6
|start
|switch|p1a: Meloetta|Meloetta|100/100
|switch|p2a: Dragapult|Dragapult, F|100/100
|turn|1
|
|t:|1758355826
|move|p2a: Dragapult|Dragon Dance|p2a: Dragapult
|-boost|p2a: Dragapult|atk|1
|-boost|p2a: Dragapult|spe|1
|move|p1a: Meloetta|Knock Off|p2a: Dragapult
|-supereffective|p2a: Dragapult
|-damage|p2a: Dragapult|35/100
|-enditem|p2a: Dragapult|Weakness Policy
|-boost|p2a: Dragapult|atk|2|[from] item: Weakness Policy
|-boost|p2a: Dragapult|spa|2|[from] item: Weakness Policy
|
|upkeep
|turn|2
|
|t:|1758355837
|move|p2a: Dragapult|Dragon Darts|p1a: Meloetta
|-damage|p1a: Meloetta|35/100
|-anim|p2a: Dragapult|Dragon Darts|p1a: Meloetta
|-damage|p1a: Meloetta|0 fnt
|faint|p1a: Meloetta
|
|upkeep
|
|t:|1758355845
|switch|p1a: Suicune|Suicune, shiny|100/100
|turn|3
|
|t:|1758355849
|move|p2a: Dragapult|Dragon Darts|p1a: Suicune
|-damage|p1a: Suicune|53/100
|-anim|p2a: Dragapult|Dragon Darts|p1a: Suicune
|-damage|p1a: Suicune|7/100
|move|p1a: Suicune|Ice Beam|p2a: Dragapult
|-supereffective|p2a: Dragapult
|-damage|p2a: Dragapult|0 fnt
|faint|p2a: Dragapult
|
|-heal|p1a: Suicune|13/100|[from] item: Leftovers
|upkeep
|
|t:|1758355865
|switch|p2a: Cloyster|Cloyster, M|100/100
|turn|4
|
|t:|1758355870
|move|p2a: Cloyster|Shell Smash|p2a: Cloyster
|-unboost|p2a: Cloyster|def|1
|-unboost|p2a: Cloyster|spd|1
|-boost|p2a: Cloyster|atk|2
|-boost|p2a: Cloyster|spa|2
|-boost|p2a: Cloyster|spe|2
|-enditem|p2a: Cloyster|White Herb
|-clearnegativeboost|p2a: Cloyster|[silent]
|move|p1a: Suicune|Air Slash|p2a: Cloyster
|-damage|p2a: Cloyster|49/100
|
|-heal|p1a: Suicune|20/100|[from] item: Leftovers
|upkeep
|turn|5
|
|t:|1758355881
|move|p2a: Cloyster|Poison Jab|p1a: Suicune
|-damage|p1a: Suicune|0 fnt
|faint|p1a: Suicune
|
|upkeep
|
|t:|1758355884
|switch|p1a: Gliscor|Gliscor, F, shiny|100/100
|turn|6
|
|t:|1758355894
|move|p2a: Cloyster|Icicle Spear|p1a: Gliscor
|-supereffective|p1a: Gliscor
|-damage|p1a: Gliscor|14/100
|-supereffective|p1a: Gliscor
|-damage|p1a: Gliscor|0 fnt
|faint|p1a: Gliscor
|-hitcount|p1: Gliscor|2
|
|upkeep
|-message|crashbuster forfeited.
|
|win|PrivatePlays
|raw|crashbuster's rating: 1154 &rarr; <strong>1128</strong><br />(-26 for losing)
|raw|PrivatePlays's rating: 1141 &rarr; <strong>1167</strong><br />(+26 for winning)
|l|☆crashbuster
|player|p1|
|l|☆PrivatePlays
|player|p2|
