|j|☆hawker_mk5
|j|☆M4 lema
|t:|1758293706
|gametype|singles
|player|p1|hawker_mk5|volkner|1569
|player|p2|M4 lema|bellepa|1637
|gen|9
|tier|[Gen 9] OU
|rated|
|rule|HP Percentage Mod: HP is shown in percentages
|rule|Endless Battle Clause: Forcing endless battles is banned
|rule|Species Clause: Limit one of each Pokémon
|rule|OHKO Clause: OHKO moves are banned
|rule|Evasion Items Clause: Evasion items are banned
|rule|Evasion Moves Clause: Evasion moves are banned
|rule|Evasion Abilities Clause: Evasion abilities are banned
|rule|Sleep Moves Clause: Sleep-inducing moves are banned
|clearpoke
|poke|p1|Scizor, F|
|poke|p1|Great Tusk|
|poke|p1|Primarina, M|
|poke|p1|Kyurem|
|poke|p1|Zapdos|
|poke|p1|Gengar, F|
|poke|p2|Pelipper, M|
|poke|p2|Barraskewda, M|
|poke|p2|Iron Treads|
|poke|p2|Thundurus-Therian, M|
|poke|p2|Iron Crown|
|poke|p2|Dragonite, F|
|teampreview
|inactive|Battle timer is ON: inactive players will automatically lose when time's up. (requested by hawker_mk5)
|
|t:|1758293727
|teamsize|p1|6
|teamsize|p2|6
|start
|switch|p1a: Scizor|Scizor, F|100/100
|switch|p2a: Pelipper|Pelipper, M|100/100
|-weather|RainDance|[from] ability: Drizzle|[of] p2a: Pelipper
|turn|1
|
|t:|1758293736
|switch|p2a: Iron Treads|Iron Treads|100/100
|-enditem|p2a: Iron Treads|Booster Energy
|-activate|p2a: Iron Treads|ability: Quark Drive|[fromitem]
|-start|p2a: Iron Treads|quarkdrivespe
|move|p1a: Scizor|Knock Off|p2a: Iron Treads
|-damage|p2a: Iron Treads|65/100
|
|-weather|RainDance|[upkeep]
|upkeep
|turn|2
|
|t:|1758293745
|switch|p1a: Great Tusk|Great Tusk|100/100
|move|p2a: Iron Treads|Stealth Rock|p1a: Great Tusk
|-sidestart|p1: hawker_mk5|move: Stealth Rock
|
|-weather|RainDance|[upkeep]
|upkeep
|turn|3
|
|t:|1758293752
|-terastallize|p2a: Iron Treads|Ghost
|move|p2a: Iron Treads|Ice Spinner|p1a: Great Tusk
|-supereffective|p1a: Great Tusk
|-damage|p1a: Great Tusk|64/100
|move|p1a: Great Tusk|Rapid Spin|p2a: Iron Treads
|-immune|p2a: Iron Treads
|
|-weather|RainDance|[upkeep]
|-heal|p1a: Great Tusk|70/100|[from] item: Leftovers
|upkeep
|turn|4
|
|t:|1758293758
|move|p2a: Iron Treads|Ice Spinner|p1a: Great Tusk
|-supereffective|p1a: Great Tusk
|-damage|p1a: Great Tusk|32/100
|move|p1a: Great Tusk|Stealth Rock|p2a: Iron Treads
|-sidestart|p2: M4 lema|move: Stealth Rock
|
|-weather|RainDance|[upkeep]
|-heal|p1a: Great Tusk|38/100|[from] item: Leftovers
|upkeep
|turn|5
|
|t:|1758293767
|-end|p1a: Great Tusk|Protosynthesis|[silent]
|switch|p1a: Gengar|Gengar, F|100/100
|-damage|p1a: Gengar|88/100|[from] Stealth Rock
|move|p2a: Iron Treads|Ice Spinner|p1a: Gengar
|-damage|p1a: Gengar|37/100
|
|-weather|RainDance|[upkeep]
|upkeep
|turn|6
|
|t:|1758293781
|move|p1a: Gengar|Shadow Ball|p2a: Iron Treads
|-supereffective|p2a: Iron Treads
|-damage|p2a: Iron Treads|0 fnt
|faint|p2a: Iron Treads
|-end|p2a: Iron Treads|Quark Drive|[silent]
|
|-weather|RainDance|[upkeep]
|upkeep
|
|t:|1758293785
|switch|p2a: Barraskewda|Barraskewda, M|100/100
|-damage|p2a: Barraskewda|88/100|[from] Stealth Rock
|turn|7
|
|t:|1758293800
|switch|p1a: Zapdos|Zapdos|100/100
|move|p2a: Barraskewda|Flip Turn|p1a: Zapdos
|-damage|p1a: Zapdos|28/100
|-status|p2a: Barraskewda|par|[from] ability: Static|[of] p1a: Zapdos
|inactive|M4 lema has 120 seconds left.
|
|t:|1758293857
|switch|p2a: Thundurus|Thundurus-Therian, M|100/100|[from] Flip Turn
|
|-weather|RainDance|[upkeep]
|upkeep
|turn|8
|
|t:|1758293865
|switch|p1a: Great Tusk|Great Tusk|38/100
|-damage|p1a: Great Tusk|35/100|[from] Stealth Rock
|move|p2a: Thundurus|Thunder|p1a: Great Tusk
|-immune|p1a: Great Tusk
|
|-weather|none
|-heal|p1a: Great Tusk|41/100|[from] item: Leftovers
|upkeep
|turn|9
|
|t:|1758293883
|-end|p1a: Great Tusk|Protosynthesis|[silent]
|switch|p1a: Scizor|Scizor, F|100/100
|-damage|p1a: Scizor|88/100|[from] Stealth Rock
|move|p2a: Thundurus|Tera Blast|p1a: Scizor
|-resisted|p1a: Scizor
|-damage|p1a: Scizor|69/100
|
|upkeep
|turn|10
|
|t:|1758293889
|switch|p2a: Pelipper|Pelipper, M|100/100
|-damage|p2a: Pelipper|76/100|[from] Stealth Rock
|-weather|RainDance|[from] ability: Drizzle|[of] p2a: Pelipper
|move|p1a: Scizor|Knock Off|p2a: Pelipper
|-damage|p2a: Pelipper|28/100
|-enditem|p2a: Pelipper|Damp Rock|[from] move: Knock Off|[of] p1a: Scizor
|
|-weather|RainDance|[upkeep]
|upkeep
|turn|11
|inactive|M4 lema has 120 seconds left.
|
|t:|1758293917
|move|p1a: Scizor|Knock Off|p2a: Pelipper
|-damage|p2a: Pelipper|0 fnt
|faint|p2a: Pelipper
|
|-weather|RainDance|[upkeep]
|upkeep
|inactive|M4 lema has 90 seconds left.
|
|t:|1758293937
|switch|p2a: Barraskewda|Barraskewda, M|88/100 par
|-damage|p2a: Barraskewda|76/100 par|[from] Stealth Rock
|turn|12
|
|t:|1758293942
|switch|p1a: Zapdos|Zapdos|28/100
|move|p2a: Barraskewda|Flip Turn|p1a: Zapdos
|-damage|p1a: Zapdos|0 fnt
|faint|p1a: Zapdos
|inactive|M4 lema has 90 seconds left.
|
|t:|1758293959
|switch|p2a: Thundurus|Thundurus-Therian, M|100/100|[from] Flip Turn
|
|-weather|RainDance|[upkeep]
|upkeep
|
|t:|1758293970
|switch|p1a: Gengar|Gengar, F|37/100
|-damage|p1a: Gengar|24/100|[from] Stealth Rock
|turn|13
|inactive|M4 lema has 90 seconds left.
|
|t:|1758293984
|move|p1a: Gengar|Destiny Bond|p1a: Gengar
|-singlemove|p1a: Gengar|Destiny Bond
|move|p2a: Thundurus|Weather Ball|p1a: Gengar
|-damage|p1a: Gengar|0 fnt
|faint|p1a: Gengar
|-activate|p1a: Gengar|move: Destiny Bond
|faint|p2a: Thundurus
|
|-weather|RainDance|[upkeep]
|upkeep
|inactive|M4 lema has 90 seconds left.
|
|t:|1758293999
|switch|p1a: Kyurem|Kyurem|100/100
|switch|p2a: Barraskewda|Barraskewda, M|76/100 par
|-damage|p2a: Barraskewda|64/100 par|[from] Stealth Rock
|-damage|p1a: Kyurem|76/100|[from] Stealth Rock
|-ability|p1a: Kyurem|Pressure
|turn|14
|inactive|M4 lema has 90 seconds left.
|
|t:|1758294025
|move|p2a: Barraskewda|Close Combat|p1a: Kyurem
|-supereffective|p1a: Kyurem
|-damage|p1a: Kyurem|0 fnt
|-unboost|p2a: Barraskewda|def|1
|-unboost|p2a: Barraskewda|spd|1
|faint|p1a: Kyurem
|
|-weather|RainDance|[upkeep]
|upkeep
|
|t:|1758294030
|switch|p1a: Scizor|Scizor, F|69/100
|-damage|p1a: Scizor|57/100|[from] Stealth Rock
|turn|15
|inactive|M4 lema has 90 seconds left.
|
|t:|1758294041
|move|p1a: Scizor|Bullet Punch|p2a: Barraskewda
|-resisted|p2a: Barraskewda
|-damage|p2a: Barraskewda|0 fnt
|faint|p2a: Barraskewda
|
|-weather|RainDance|[upkeep]
|upkeep
|
|t:|1758294045
|switch|p2a: Iron Crown|Iron Crown|100/100
|-damage|p2a: Iron Crown|94/100|[from] Stealth Rock
|-enditem|p2a: Iron Crown|Booster Energy
|-activate|p2a: Iron Crown|ability: Quark Drive|[fromitem]
|-start|p2a: Iron Crown|quarkdrivespe
|turn|16
|
|t:|1758294051
|switch|p1a: Primarina|Primarina, M|100/100
|-damage|p1a: Primarina|88/100|[from] Stealth Rock
|move|p2a: Iron Crown|Calm Mind|p2a: Iron Crown
|-boost|p2a: Iron Crown|spa|1
|-boost|p2a: Iron Crown|spd|1
|
|-weather|RainDance|[upkeep]
|upkeep
|turn|17
|
|t:|1758294055
|-terastallize|p1a: Primarina|Steel
|move|p2a: Iron Crown|Calm Mind|p2a: Iron Crown
|-boost|p2a: Iron Crown|spa|1
|-boost|p2a: Iron Crown|spd|1
|move|p1a: Primarina|Surf|p2a: Iron Crown
|-damage|p2a: Iron Crown|60/100
|
|-weather|none
|upkeep
|turn|18
|
|t:|1758294063
|move|p2a: Iron Crown|Focus Blast|p1a: Primarina
|-supereffective|p1a: Primarina
|-crit|p1a: Primarina
|-damage|p1a: Primarina|0 fnt
|faint|p1a: Primarina
|
|upkeep
|
|t:|1758294067
|switch|p1a: Scizor|Scizor, F|57/100
|-damage|p1a: Scizor|45/100|[from] Stealth Rock
|turn|19
|
|t:|1758294072
|move|p1a: Scizor|Bullet Punch|p2a: Iron Crown
|-resisted|p2a: Iron Crown
|-damage|p2a: Iron Crown|34/100
|move|p2a: Iron Crown|Stored Power|p1a: Scizor
|-resisted|p1a: Scizor
|-damage|p1a: Scizor|0 fnt
|faint|p1a: Scizor
|
|upkeep
|-message|hawker_mk5 forfeited.
|
|win|M4 lema
|raw|hawker_mk5's rating: 1569 &rarr; <strong>1553</strong><br />(-16 for losing)
|raw|M4 lema's rating: 1637 &rarr; <strong>1653</strong><br />(+16 for winning)
|l|☆hawker_mk5
|player|p1|
|l|☆M4 lema
|player|p2|
