|j|☆kbbl
|j|☆QuinnGod
|t:|1758314123
|gametype|singles
|player|p1|kbbl|266|1512
|player|p2|QuinnGod|cameraman|1517
|gen|9
|tier|[Gen 9] OU
|rated|
|rule|HP Percentage Mod: HP is shown in percentages
|rule|Endless Battle Clause: Forcing endless battles is banned
|rule|Species Clause: Limit one of each Pokémon
|rule|OHKO Clause: OHKO moves are banned
|rule|Evasion Items Clause: Evasion items are banned
|rule|Evasion Moves Clause: Evasion moves are banned
|rule|Evasion Abilities Clause: Evasion abilities are banned
|rule|Sleep Moves Clause: Sleep-inducing moves are banned
|clearpoke
|poke|p1|Hippowdon, F|
|poke|p1|Clodsire, M|
|poke|p1|Excadrill, M|
|poke|p1|Corviknight, M|
|poke|p1|Greninja-*, M|
|poke|p1|Quaquaval, M|
|poke|p2|Dragonite, F|
|poke|p2|Gholdengo|
|poke|p2|Iron Treads|
|poke|p2|Quaquaval, F|
|poke|p2|Slowking-Galar, M|
|poke|p2|Ting-Lu|
|teampreview
|inactive|Battle timer is ON: inactive players will automatically lose when time's up. (requested by QuinnGod)
|
|t:|1758314146
|teamsize|p1|6
|teamsize|p2|6
|start
|switch|p1a: Greninja|Greninja, M|100/100
|switch|p2a: Gholdengo|Gholdengo|100/100
|turn|1
|j| RagingBoltLover
|
|t:|1758314151
|move|p2a: Gholdengo|Dazzling Gleam|p1a: Greninja
|-supereffective|p1a: Greninja
|-damage|p1a: Greninja|3/100
|move|p1a: Greninja|U-turn|p2a: Gholdengo
|-start|p1a: Greninja|typechange|Bug|[from] ability: Protean
|-resisted|p2a: Gholdengo
|-damage|p2a: Gholdengo|95/100
|l| RagingBoltLover
|
|t:|1758314157
|switch|p1a: Clodsire|Clodsire, M|100/100|[from] U-turn
|
|upkeep
|turn|2
|
|t:|1758314163
|switch|p2a: Ting-Lu|Ting-Lu|100/100
|-ability|p2a: Ting-Lu|Vessel of Ruin
|move|p1a: Clodsire|Spikes|p2a: Ting-Lu
|-sidestart|p2: QuinnGod|Spikes
|
|upkeep
|turn|3
|
|t:|1758314167
|move|p2a: Ting-Lu|Spikes|p1a: Clodsire
|-sidestart|p1: kbbl|Spikes
|move|p1a: Clodsire|Toxic|p2a: Ting-Lu
|-status|p2a: Ting-Lu|tox
|
|-damage|p2a: Ting-Lu|94/100 tox|[from] psn
|upkeep
|turn|4
|
|t:|1758314173
|switch|p1a: Quaquaval|Quaquaval, M|100/100
|-damage|p1a: Quaquaval|88/100|[from] Spikes
|move|p2a: Ting-Lu|Earthquake|p1a: Quaquaval
|-damage|p1a: Quaquaval|45/100
|
|-heal|p2a: Ting-Lu|100/100 tox|[from] item: Leftovers
|-damage|p2a: Ting-Lu|88/100 tox|[from] psn
|upkeep
|turn|5
|
|t:|1758314181
|switch|p1a: Corviknight|Corviknight, M|100/100
|-ability|p1a: Corviknight|Pressure
|switch|p2a: Gholdengo|Gholdengo|95/100
|-damage|p2a: Gholdengo|82/100|[from] Spikes
|
|upkeep
|turn|6
|
|t:|1758314187
|move|p2a: Gholdengo|Trick|p1a: Corviknight
|-activate|p2a: Gholdengo|move: Trick|[of] p1a: Corviknight
|-item|p1a: Corviknight|Choice Scarf|[from] move: Trick
|-item|p2a: Gholdengo|Rocky Helmet|[from] move: Trick
|move|p1a: Corviknight|U-turn|p2a: Gholdengo
|-resisted|p2a: Gholdengo
|-damage|p2a: Gholdengo|78/100
|-damage|p1a: Corviknight|84/100|[from] item: Rocky Helmet|[of] p2a: Gholdengo
|
|t:|1758314191
|switch|p1a: Excadrill|Excadrill, M|100/100|[from] U-turn
|-damage|p1a: Excadrill|88/100|[from] Spikes
|
|upkeep
|turn|7
|
|t:|1758314197
|switch|p2a: Dragonite|Dragonite, F|100/100
|move|p1a: Excadrill|Earthquake|p2a: Dragonite
|-immune|p2a: Dragonite
|
|upkeep
|turn|8
|
|t:|1758314202
|switch|p1a: Hippowdon|Hippowdon, F|100/100
|-damage|p1a: Hippowdon|88/100|[from] Spikes
|-weather|Sandstorm|[from] ability: Sand Stream|[of] p1a: Hippowdon
|move|p2a: Dragonite|Earthquake|p1a: Hippowdon
|-damage|p1a: Hippowdon|68/100
|
|-weather|Sandstorm|[upkeep]
|-damage|p2a: Dragonite|94/100|[from] Sandstorm
|upkeep
|turn|9
|
|t:|1758314211
|switch|p2a: Quaquaval|Quaquaval, F|100/100
|-damage|p2a: Quaquaval|88/100|[from] Spikes
|move|p1a: Hippowdon|Stealth Rock|p2a: Quaquaval
|-sidestart|p2: QuinnGod|move: Stealth Rock
|
|-weather|Sandstorm|[upkeep]
|-damage|p2a: Quaquaval|82/100|[from] Sandstorm
|upkeep
|turn|10
|
|t:|1758314215
|move|p2a: Quaquaval|Aqua Step|p1a: Hippowdon
|-supereffective|p1a: Hippowdon
|-damage|p1a: Hippowdon|0 fnt
|-boost|p2a: Quaquaval|spe|1
|faint|p1a: Hippowdon
|-ability|p2a: Quaquaval|Moxie|boost
|-boost|p2a: Quaquaval|atk|1
|
|-weather|Sandstorm|[upkeep]
|-damage|p2a: Quaquaval|76/100|[from] Sandstorm
|upkeep
|
|t:|1758314223
|switch|p1a: Excadrill|Excadrill, M|88/100
|-damage|p1a: Excadrill|76/100|[from] Spikes
|turn|11
|
|t:|1758314228
|switch|p2a: Dragonite|Dragonite, F|94/100
|move|p1a: Excadrill|Earthquake|p2a: Dragonite
|-immune|p2a: Dragonite
|
|-weather|Sandstorm|[upkeep]
|-damage|p2a: Dragonite|88/100|[from] Sandstorm
|upkeep
|turn|12
|
|t:|1758314231
|move|p1a: Excadrill|Rock Blast|p2a: Dragonite
|-supereffective|p2a: Dragonite
|-damage|p2a: Dragonite|67/100
|-supereffective|p2a: Dragonite
|-damage|p2a: Dragonite|48/100
|-supereffective|p2a: Dragonite
|-damage|p2a: Dragonite|29/100
|-supereffective|p2a: Dragonite
|-damage|p2a: Dragonite|10/100
|-hitcount|p2a: Dragonite|4
|move|p2a: Dragonite|Earthquake|p1a: Excadrill
|-supereffective|p1a: Excadrill
|-damage|p1a: Excadrill|0 fnt
|faint|p1a: Excadrill
|
|-weather|Sandstorm|[upkeep]
|-damage|p2a: Dragonite|4/100|[from] Sandstorm
|upkeep
|-message|kbbl forfeited.
|
|win|QuinnGod
|raw|kbbl's rating: 1512 &rarr; <strong>1492</strong><br />(-20 for losing)
|raw|QuinnGod's rating: 1517 &rarr; <strong>1537</strong><br />(+20 for winning)
|l|☆kbbl
|player|p1|
|l|☆QuinnGod
|player|p2|
