|j|☆Yurh
|j|☆brindo brinde
|t:|1758304408
|gametype|singles
|player|p1|Yurh|101|1256
|player|p2|brindo brinde|266|1299
|gen|9
|tier|[Gen 9] OU
|rated|
|rule|HP Percentage Mod: HP is shown in percentages
|rule|Endless Battle Clause: Forcing endless battles is banned
|rule|Species Clause: Limit one of each Pokémon
|rule|OHKO Clause: OHKO moves are banned
|rule|Evasion Items Clause: Evasion items are banned
|rule|Evasion Moves Clause: Evasion moves are banned
|rule|Evasion Abilities Clause: Evasion abilities are banned
|rule|Sleep Moves Clause: Sleep-inducing moves are banned
|clearpoke
|poke|p1|Arcanine-Hisui, M|
|poke|p1|Gliscor, F|
|poke|p1|Hitmontop, M|
|poke|p1|Galvantula, F|
|poke|p1|Zoroark-Hisui, M|
|poke|p1|Slowking-Galar, F|
|poke|p2|Slowking-Galar, F|
|poke|p2|Hoopa-Unbound|
|poke|p2|Zapdos|
|poke|p2|Landorus-Therian, M|
|poke|p2|Iron Valiant|
|poke|p2|Scizor, F|
|teampreview
|inactive|Battle timer is ON: inactive players will automatically lose when time's up. (requested by Yurh)
|
|t:|1758304423
|teamsize|p1|6
|teamsize|p2|6
|start
|switch|p1a: Galvantula|Galvantula, F|100/100
|switch|p2a: Scizor|Scizor, F|100/100
|turn|1
|
|t:|1758304427
|move|p1a: Galvantula|Thunder Wave|p2a: Scizor
|-status|p2a: Scizor|par
|move|p2a: Scizor|Knock Off|p1a: Galvantula
|-damage|p1a: Galvantula|28/100
|-enditem|p1a: Galvantula|Focus Sash|[from] move: Knock Off|[of] p2a: Scizor
|
|upkeep
|turn|2
|
|t:|1758304432
|move|p2a: Scizor|Bullet Punch|p1a: Galvantula
|-resisted|p1a: Galvantula
|-crit|p1a: Galvantula
|-damage|p1a: Galvantula|0 fnt
|faint|p1a: Galvantula
|
|upkeep
|
|t:|1758304437
|switch|p1a: Arcanine|Arcanine-Hisui, M, shiny|100/100
|turn|3
|
|t:|1758304445
|switch|p1a: Gliscor|Gliscor, F|100/100
|switch|p2a: Landorus|Landorus-Therian, M, shiny|100/100
|-ability|p2a: Landorus|Intimidate|boost
|-unboost|p1a: Gliscor|atk|1
|
|-status|p1a: Gliscor|tox|[from] item: Toxic Orb
|upkeep
|turn|4
|
|t:|1758304451
|move|p2a: Landorus|Stealth Rock|p1a: Gliscor
|-sidestart|p1: Yurh|move: Stealth Rock
|move|p1a: Gliscor|Substitute|p1a: Gliscor
|-start|p1a: Gliscor|Substitute
|-damage|p1a: Gliscor|76/100 tox
|
|-heal|p1a: Gliscor|88/100 tox|[from] ability: Poison Heal
|upkeep
|turn|5
|
|t:|1758304457
|switch|p2a: Hoopa|Hoopa-Unbound|100/100
|move|p1a: Gliscor|Dual Wingbeat|p2a: Hoopa
|-damage|p2a: Hoopa|84/100
|-damage|p2a: Hoopa|68/100
|-hitcount|p2a: Hoopa|2
|
|-heal|p1a: Gliscor|99/100 tox|[from] ability: Poison Heal
|upkeep
|turn|6
|
|t:|1758304466
|-terastallize|p2a: Hoopa|Dark
|move|p1a: Gliscor|Earthquake|p2a: Hoopa
|-damage|p2a: Hoopa|28/100
|move|p2a: Hoopa|Hyperspace Fury|p1a: Gliscor
|-damage|p1a: Gliscor|0 fnt
|-unboost|p2a: Hoopa|def|1
|faint|p1a: Gliscor
|
|upkeep
|
|t:|1758304473
|switch|p1a: Hitmontop|Hitmontop, M|100/100
|turn|7
|
|t:|1758304485
|move|p1a: Hitmontop|Fake Out|p2a: Hoopa
|-damage|p2a: Hoopa|0 fnt
|faint|p2a: Hoopa
|
|upkeep
|
|t:|1758304488
|switch|p2a: Landorus|Landorus-Therian, M, shiny|100/100
|-ability|p2a: Landorus|Intimidate|boost
|-unboost|p1a: Hitmontop|atk|1
|turn|8
|
|t:|1758304502
|switch|p2a: Zapdos|Zapdos|100/100
|move|p1a: Hitmontop|Rapid Spin|p2a: Zapdos
|-damage|p2a: Zapdos|82/100
|-boost|p1a: Hitmontop|spe|1
|-sideend|p1: Yurh|Stealth Rock|[from] move: Rapid Spin|[of] p1a: Hitmontop
|
|upkeep
|turn|9
|
|t:|1758304509
|switch|p1a: Slowking|Slowking-Galar, F|100/100
|move|p2a: Zapdos|Thunderbolt|p1a: Slowking
|-damage|p1a: Slowking|79/100
|
|upkeep
|turn|10
|
|t:|1758304513
|move|p2a: Zapdos|Volt Switch|p1a: Slowking
|-damage|p1a: Slowking|62/100
|
|t:|1758304517
|switch|p2a: Slowking|Slowking-Galar, F|100/100|[from] Volt Switch
|move|p1a: Slowking|Ice Beam|p2a: Slowking
|-damage|p2a: Slowking|80/100
|
|upkeep
|turn|11
|
|t:|1758304525
|switch|p1a: Hitmontop|Hitmontop, M|100/100
|move|p2a: Slowking|Future Sight|p1a: Hitmontop
|-start|p2a: Slowking|move: Future Sight
|
|upkeep
|turn|12
|
|t:|1758304532
|move|p1a: Hitmontop|Shadow Ball|p2a: Slowking
|-supereffective|p2a: Slowking
|-damage|p2a: Slowking|25/100
|-unboost|p2a: Slowking|spd|1
|-prepare|p2a: Slowking|Chilly Reception|[premajor]
|move|p2a: Slowking|Chilly Reception|p2a: Slowking
|-weather|Snowscape
|
|t:|1758304542
|switch|p2a: Scizor|Scizor, F|100/100 par|[from] Chilly Reception
|
|-weather|Snowscape|[upkeep]
|upkeep
|turn|13
|
|t:|1758304554
|switch|p1a: Hitmontop|Hitmontop, M|100/100
|move|p2a: Scizor|Knock Off|p1a: Hitmontop
|-resisted|p1a: Hitmontop
|-damage|p1a: Hitmontop|77/100
|-enditem|p1a: Hitmontop|Heavy-Duty Boots|[from] move: Knock Off|[of] p2a: Scizor
|
|-weather|Snowscape|[upkeep]
|-end|p1a: Hitmontop|move: Future Sight
|-supereffective|p1a: Hitmontop
|-crit|p1a: Hitmontop
|-damage|p1a: Hitmontop|0 fnt
|faint|p1a: Hitmontop
|upkeep
|
|t:|1758304567
|switch|p1a: Arcanine|Arcanine-Hisui, M, shiny|100/100
|turn|14
|
|t:|1758304573
|switch|p2a: Landorus|Landorus-Therian, M, shiny|100/100
|-ability|p2a: Landorus|Intimidate|boost
|-unboost|p1a: Arcanine|atk|1
|move|p1a: Arcanine|Flare Blitz|p2a: Landorus
|-damage|p2a: Landorus|33/100
|-status|p2a: Landorus|brn
|-damage|p1a: Arcanine|84/100|[from] item: Rocky Helmet|[of] p2a: Landorus
|
|-weather|Snowscape|[upkeep]
|-damage|p2a: Landorus|27/100 brn|[from] brn
|upkeep
|turn|15
|
|t:|1758304583
|move|p2a: Landorus|Earth Power|p1a: Arcanine
|-supereffective|p1a: Arcanine
|-damage|p1a: Arcanine|0 fnt
|faint|p1a: Arcanine
|
|-weather|Snowscape|[upkeep]
|-damage|p2a: Landorus|21/100 brn|[from] brn
|upkeep
|
|t:|1758304591
|switch|p1a: Slowking|Slowking-Galar, F|100/100
|turn|16
|
|t:|1758304594
|move|p1a: Slowking|Hyper Voice|p2a: Landorus
|-damage|p2a: Landorus|0 fnt
|faint|p2a: Landorus
|-enditem|p1a: Slowking|Throat Spray
|-boost|p1a: Slowking|spa|1|[from] item: Throat Spray
|
|-weather|none
|upkeep
|
|t:|1758304597
|switch|p2a: Iron Valiant|Iron Valiant|100/100
|turn|17
|
|t:|1758304603
|-terastallize|p1a: Slowking|Flying
|move|p2a: Iron Valiant|Moonblast|p1a: Slowking
|-damage|p1a: Slowking|8/100
|-unboost|p1a: Slowking|spa|1
|replace|p1a: Zoroark|Zoroark-Hisui, M, shiny
|-end|p1a: Zoroark|Illusion
|move|p1a: Zoroark|Tera Blast|p2a: Iron Valiant|[anim] Tera Blast Flying
|-supereffective|p2a: Iron Valiant
|-damage|p2a: Iron Valiant|0 fnt
|faint|p2a: Iron Valiant
|-end|p2a: Iron Valiant|Quark Drive|[silent]
|
|upkeep
|
|t:|1758304606
|switch|p2a: Zapdos|Zapdos|82/100
|turn|18
|
|t:|1758304610
|move|p1a: Zoroark|Tera Blast|p2a: Zapdos|[anim] Tera Blast Flying
|-resisted|p2a: Zapdos
|-damage|p2a: Zapdos|59/100
|move|p2a: Zapdos|Volt Switch|p1a: Zoroark
|-supereffective|p1a: Zoroark
|-damage|p1a: Zoroark|0 fnt
|faint|p1a: Zoroark
|
|t:|1758304613
|switch|p2a: Slowking|Slowking-Galar, F|58/100|[from] Volt Switch
|
|upkeep
|
|t:|1758304615
|switch|p1a: Slowking|Slowking-Galar, F|95/100
|turn|19
|
|t:|1758304618
|move|p1a: Slowking|Psychic|p2a: Slowking
|-damage|p2a: Slowking|31/100
|move|p2a: Slowking|Future Sight|p1a: Slowking
|-start|p2a: Slowking|move: Future Sight
|
|upkeep
|turn|20
|
|t:|1758304622
|move|p1a: Slowking|Psychic|p2a: Slowking
|-damage|p2a: Slowking|3/100
|-prepare|p2a: Slowking|Chilly Reception|[premajor]
|move|p2a: Slowking|Chilly Reception|p2a: Slowking
|-weather|Snowscape
|
|t:|1758304624
|switch|p2a: Scizor|Scizor, F|100/100 par|[from] Chilly Reception
|
|-weather|Snowscape|[upkeep]
|upkeep
|turn|21
|
|t:|1758304628
|move|p1a: Slowking|Flamethrower|p2a: Scizor
|-supereffective|p2a: Scizor
|-damage|p2a: Scizor|0 fnt
|faint|p2a: Scizor
|
|-weather|Snowscape|[upkeep]
|-end|p1a: Slowking|move: Future Sight
|-damage|p1a: Slowking|71/100
|upkeep
|
|t:|1758304632
|switch|p2a: Zapdos|Zapdos|59/100
|turn|22
|
|t:|1758304635
|move|p2a: Zapdos|Thunderbolt|p1a: Slowking
|-damage|p1a: Slowking|49/100
|move|p1a: Slowking|Ice Beam|p2a: Zapdos
|-supereffective|p2a: Zapdos
|-damage|p2a: Zapdos|0 fnt
|faint|p2a: Zapdos
|
|-weather|Snowscape|[upkeep]
|upkeep
|
|t:|1758304638
|switch|p2a: Slowking|Slowking-Galar, F|36/100
|turn|23
|
|t:|1758304641
|move|p1a: Slowking|Psychic|p2a: Slowking
|-damage|p2a: Slowking|10/100
|move|p2a: Slowking|Future Sight|p1a: Slowking
|-start|p2a: Slowking|move: Future Sight
|
|-weather|Snowscape|[upkeep]
|upkeep
|turn|24
|
|t:|1758304644
|move|p1a: Slowking|Psychic|p2a: Slowking
|-damage|p2a: Slowking|0 fnt
|faint|p2a: Slowking
|
|win|Yurh
|raw|Yurh's rating: 1256 &rarr; <strong>1284</strong><br />(+28 for winning)
|raw|brindo brinde's rating: 1299 &rarr; <strong>1271</strong><br />(-28 for losing)
|l|☆brindo brinde
|player|p2|
|l|☆Yurh
|player|p1|
