|j|☆wobo123猫雷
|j|☆AllegianceIs2UrMom
|t:|1758365524
|gametype|singles
|player|p1|wobo123猫雷|sightseerf|1502
|player|p2|AllegianceIs2UrMom|102|1540
|gen|9
|tier|[Gen 9] OU
|rated|
|rule|HP Percentage Mod: HP is shown in percentages
|rule|Endless Battle Clause: Forcing endless battles is banned
|rule|Species Clause: Limit one of each Pokémon
|rule|OHKO Clause: OHKO moves are banned
|rule|Evasion Items Clause: Evasion items are banned
|rule|Evasion Moves Clause: Evasion moves are banned
|rule|Evasion Abilities Clause: Evasion abilities are banned
|rule|Sleep Moves Clause: Sleep-inducing moves are banned
|clearpoke
|poke|p1|Ogerpon-Wellspring, F|
|poke|p1|Kingambit, F|
|poke|p1|Dragapult, M|
|poke|p1|Raging Bolt|
|poke|p1|Samurott-Hisui, M|
|poke|p1|Iron Treads|
|poke|p2|Metagross|
|poke|p2|Hatterene, F|
|poke|p2|Iron Hands|
|poke|p2|Toedscruel, M|
|poke|p2|Pelipper, F|
|poke|p2|Ursaluna, F|
|teampreview
|inactive|Battle timer is ON: inactive players will automatically lose when time's up. (requested by AllegianceIs2UrMom)
|
|t:|1758365538
|teamsize|p1|6
|teamsize|p2|6
|start
|switch|p1a: Samurott|Samurott-Hisui, M|100/100
|switch|p2a: Iron Hands|Iron Hands|100/100
|turn|1
|
|t:|1758365549
|move|p1a: Samurott|Flip Turn|p2a: Iron Hands
|-damage|p2a: Iron Hands|74/100
|
|t:|1758365556
|switch|p1a: Iron Treads|Iron Treads|100/100|[from] Flip Turn
|move|p2a: Iron Hands|Swords Dance|p2a: Iron Hands
|-boost|p2a: Iron Hands|atk|2
|
|-heal|p2a: Iron Hands|80/100|[from] item: Leftovers
|upkeep
|turn|2
|
|t:|1758365559
|move|p1a: Iron Treads|Stealth Rock|p2a: Iron Hands
|-sidestart|p2: AllegianceIs2UrMom|move: Stealth Rock
|move|p2a: Iron Hands|Drain Punch|p1a: Iron Treads
|-supereffective|p1a: Iron Treads
|-damage|p1a: Iron Treads|0 fnt
|-heal|p2a: Iron Hands|100/100|[from] drain|[of] p1a: Iron Treads
|faint|p1a: Iron Treads
|-end|p1a: Iron Treads|Quark Drive|[silent]
|
|upkeep
|
|t:|1758365566
|switch|p1a: Dragapult|Dragapult, M|100/100
|turn|3
|
|t:|1758365568
|move|p1a: Dragapult|Draco Meteor|p2a: Iron Hands|[miss]
|-miss|p1a: Dragapult|p2a: Iron Hands
|move|p2a: Iron Hands|Ice Punch|p1a: Dragapult
|-supereffective|p1a: Dragapult
|-damage|p1a: Dragapult|0 fnt
|faint|p1a: Dragapult
|
|upkeep
|
|t:|1758365576
|switch|p1a: Ogerpon|Ogerpon-Wellspring, F|100/100
|turn|4
|
|t:|1758365582
|move|p1a: Ogerpon|Play Rough|p2a: Iron Hands
|-supereffective|p2a: Iron Hands
|-damage|p2a: Iron Hands|62/100
|move|p2a: Iron Hands|Drain Punch|p1a: Ogerpon
|-damage|p1a: Ogerpon|0 fnt
|-heal|p2a: Iron Hands|92/100|[from] drain|[of] p1a: Ogerpon
|faint|p1a: Ogerpon
|
|-heal|p2a: Iron Hands|98/100|[from] item: Leftovers
|upkeep
|
|t:|1758365589
|switch|p1a: Raging Bolt|Raging Bolt|100/100
|turn|5
|c|☆AllegianceIs2UrMom|FINALLY AN INTERESTING GAME
|
|t:|1758365597
|move|p1a: Raging Bolt|Draco Meteor|p2a: Iron Hands
|-crit|p2a: Iron Hands
|-damage|p2a: Iron Hands|0 fnt
|-unboost|p1a: Raging Bolt|spa|2
|faint|p2a: Iron Hands
|-end|p2a: Iron Hands|Quark Drive|[silent]
|
|upkeep
|
|t:|1758365602
|switch|p2a: Ursaluna|Ursaluna, F|100/100
|-damage|p2a: Ursaluna|94/100|[from] Stealth Rock
|turn|6
|
|t:|1758365608
|move|p1a: Raging Bolt|Draco Meteor|p2a: Ursaluna
|-damage|p2a: Ursaluna|65/100
|-unboost|p1a: Raging Bolt|spa|2
|move|p2a: Ursaluna|Swords Dance|p2a: Ursaluna
|-boost|p2a: Ursaluna|atk|2
|
|-status|p2a: Ursaluna|brn|[from] item: Flame Orb
|upkeep
|turn|7
|
|t:|1758365617
|move|p1a: Raging Bolt|Draco Meteor|p2a: Ursaluna
|-damage|p2a: Ursaluna|42/100 brn
|-unboost|p1a: Raging Bolt|spa|2
|move|p2a: Ursaluna|Facade|p1a: Raging Bolt
|-damage|p1a: Raging Bolt|0 fnt
|faint|p1a: Raging Bolt
|-end|p1a: Raging Bolt|Protosynthesis|[silent]
|
|-damage|p2a: Ursaluna|36/100 brn|[from] brn
|upkeep
|
|t:|1758365621
|switch|p1a: Samurott|Samurott-Hisui, M|100/100
|turn|8
|
|t:|1758365624
|move|p1a: Samurott|Ceaseless Edge|p2a: Ursaluna
|-damage|p2a: Ursaluna|0 fnt
|-sidestart|p2: AllegianceIs2UrMom|Spikes
|faint|p2a: Ursaluna
|
|upkeep
|
|t:|1758365627
|switch|p2a: Toedscruel|Toedscruel, M|100/100
|-damage|p2a: Toedscruel|94/100|[from] Stealth Rock
|-damage|p2a: Toedscruel|82/100|[from] Spikes
|turn|9
|
|t:|1758365632
|-terastallize|p1a: Samurott|Dark
|move|p1a: Samurott|Ceaseless Edge|p2a: Toedscruel
|-crit|p2a: Toedscruel
|-damage|p2a: Toedscruel|0 fnt
|-sidestart|p2: AllegianceIs2UrMom|Spikes
|faint|p2a: Toedscruel
|
|upkeep
|
|t:|1758365638
|switch|p2a: Hatterene|Hatterene, F|100/100
|-damage|p2a: Hatterene|88/100|[from] Stealth Rock
|-damage|p2a: Hatterene|72/100|[from] Spikes
|turn|10
|
|t:|1758365640
|move|p1a: Samurott|Ceaseless Edge|p2a: Hatterene
|-damage|p2a: Hatterene|0 fnt
|-sidestart|p2: AllegianceIs2UrMom|Spikes
|faint|p2a: Hatterene
|
|upkeep
|
|t:|1758365644
|switch|p2a: Pelipper|Pelipper, F|100/100
|-damage|p2a: Pelipper|75/100|[from] Stealth Rock
|-weather|RainDance|[from] ability: Drizzle|[of] p2a: Pelipper
|turn|11
|
|t:|1758365646
|move|p1a: Samurott|Ceaseless Edge|p2a: Pelipper
|-damage|p2a: Pelipper|0 fnt
|faint|p2a: Pelipper
|
|-weather|RainDance|[upkeep]
|upkeep
|c|☆wobo123猫雷|gg
|c|☆AllegianceIs2UrMom|What is this shit mon
|c|☆AllegianceIs2UrMom|No gg when you hax with tera
|c|☆wobo123猫雷|yes
|j| Nikator98
|inactive|AllegianceIs2UrMom has 120 seconds left.
|c|☆AllegianceIs2UrMom|Yes what?
|c|☆wobo123猫雷|☆AllegianceIs2UrMom: No gg when you hax with tera
|c|☆wobo123猫雷|i agree with u
|inactive|AllegianceIs2UrMom has 90 seconds left.
|inactive|AllegianceIs2UrMom has 60 seconds left.
|-message|AllegianceIs2UrMom forfeited.
|
|win|wobo123猫雷
|raw|wobo123猫雷's rating: 1502 &rarr; <strong>1520</strong><br />(+18 for winning)
|raw|AllegianceIs2UrMom's rating: 1471 &rarr; <strong>1453</strong><br />(-18 for losing)
|l|☆AllegianceIs2UrMom
|player|p2|
|j| CJL4088
|j| alex20101010索罗亚克侠
|j| cxkbhdlq
|j| Art234巴大蝶
|j| fashion people时尚人
|l| Art234巴大蝶
|l| CJL4088
