|j|☆tregafzzg4
|j|☆hesbucks
|t:|1758331913
|gametype|singles
|player|p1|tregafzzg4|sage|1522
|player|p2|hesbucks|jupiter|1578
|gen|9
|tier|[Gen 9] OU
|rated|
|rule|HP Percentage Mod: HP is shown in percentages
|rule|Endless Battle Clause: Forcing endless battles is banned
|rule|Species Clause: Limit one of each Pokémon
|rule|OHKO Clause: OHKO moves are banned
|rule|Evasion Items Clause: Evasion items are banned
|rule|Evasion Moves Clause: Evasion moves are banned
|rule|Evasion Abilities Clause: Evasion abilities are banned
|rule|Sleep Moves Clause: Sleep-inducing moves are banned
|clearpoke
|poke|p1|Dragapult, M|
|poke|p1|Weezing-Galar, F|
|poke|p1|Moltres|
|poke|p1|Scizor, M|
|poke|p1|Kyurem|
|poke|p1|Muk-Alola, F|
|poke|p2|Ninetales-Alola, M|
|poke|p2|Kyurem|
|poke|p2|Ceruledge, M|
|poke|p2|Maushold|
|poke|p2|Iron Crown|
|poke|p2|Great Tusk|
|teampreview
|inactive|Battle timer is ON: inactive players will automatically lose when time's up. (requested by hesbucks)
|
|t:|1758331942
|teamsize|p1|6
|teamsize|p2|6
|start
|switch|p1a: Scizor|Scizor, M|100/100
|switch|p2a: Ninetales|Ninetales-Alola, M|100/100
|-weather|Snowscape|[from] ability: Snow Warning|[of] p2a: Ninetales
|turn|1
|
|t:|1758331950
|switch|p2a: Ceruledge|Ceruledge, M|100/100
|move|p1a: Scizor|Bullet Punch|p2a: Ceruledge
|-resisted|p2a: Ceruledge
|-damage|p2a: Ceruledge|64/100
|-ability|p2a: Ceruledge|Weak Armor|boost
|-unboost|p2a: Ceruledge|def|1
|-boost|p2a: Ceruledge|spe|2
|
|-weather|Snowscape|[upkeep]
|upkeep
|turn|2
|
|t:|1758331962
|-terastallize|p1a: Scizor|Steel
|move|p1a: Scizor|Bullet Punch|p2a: Ceruledge
|-resisted|p2a: Ceruledge
|-damage|p2a: Ceruledge|0 fnt
|faint|p2a: Ceruledge
|
|-weather|Snowscape|[upkeep]
|upkeep
|
|t:|1758331969
|switch|p2a: Great Tusk|Great Tusk|100/100
|-enditem|p2a: Great Tusk|Booster Energy
|-activate|p2a: Great Tusk|ability: Protosynthesis|[fromitem]
|-start|p2a: Great Tusk|protosynthesisatk
|turn|3
|
|t:|1758331988
|-end|p2a: Great Tusk|Protosynthesis|[silent]
|switch|p2a: Ninetales|Ninetales-Alola, M|100/100
|switch|p1a: Moltres|Moltres|100/100
|
|-weather|Snowscape|[upkeep]
|upkeep
|turn|4
|
|t:|1758331995
|switch|p1a: Weezing|Weezing-Galar, F|100/100
|-ability|p1a: Weezing|Neutralizing Gas
|move|p2a: Ninetales|Aurora Veil|p2a: Ninetales
|-sidestart|p2: hesbucks|move: Aurora Veil
|
|-weather|Snowscape|[upkeep]
|upkeep
|turn|5
|
|t:|1758332010
|switch|p2a: mh=pb|Maushold|100/100
|move|p1a: Weezing|Defog|p2a: mh=pb
|-unboost|p2a: mh=pb|evasion|1
|-sideend|p2: hesbucks|move: Aurora Veil
|
|-weather|none
|upkeep
|turn|6
|
|t:|1758332036
|switch|p2a: Iron Crown|Iron Crown|100/100
|-end|p1a: Weezing|ability: Neutralizing Gas
|switch|p1a: Moltres|Moltres|100/100
|
|upkeep
|turn|7
|
|t:|1758332049
|switch|p1a: Muk|Muk-Alola, F|100/100
|move|p2a: Iron Crown|Volt Switch|p1a: Muk
|-damage|p1a: Muk|87/100
|inactive|hesbucks has 120 seconds left.
|
|t:|1758332081
|-end|p2a: Iron Crown|Quark Drive|[silent]
|switch|p2a: mh=pb|Maushold|100/100|[from] Volt Switch
|
|upkeep
|turn|8
|
|t:|1758332089
|move|p2a: mh=pb|Tidy Up|p2a: mh=pb
|-boost|p2a: mh=pb|atk|1
|-boost|p2a: mh=pb|spe|1
|move|p1a: Muk|Drain Punch|p2a: mh=pb
|-supereffective|p2a: mh=pb
|-damage|p2a: mh=pb|43/100
|-heal|p1a: Muk|100/100|[from] drain|[of] p2a: mh=pb
|-status|p2a: mh=pb|psn|[from] ability: Poison Touch|[of] p1a: Muk
|
|-damage|p2a: mh=pb|31/100 psn|[from] psn
|upkeep
|turn|9
|
|t:|1758332101
|switch|p1a: Dragapult|Dragapult, M|100/100
|move|p2a: mh=pb|Population Bomb|p1a: Dragapult
|-immune|p1a: Dragapult
|
|-damage|p2a: mh=pb|18/100 psn|[from] psn
|upkeep
|turn|10
|
|t:|1758332111
|switch|p1a: Weezing|Weezing-Galar, F|100/100
|-ability|p1a: Weezing|Neutralizing Gas
|move|p2a: mh=pb|Bite|p1a: Weezing
|-resisted|p1a: Weezing
|-damage|p1a: Weezing|94/100
|
|-damage|p2a: mh=pb|6/100 psn|[from] psn
|upkeep
|turn|11
|
|t:|1758332119
|move|p2a: mh=pb|Population Bomb|p1a: Weezing
|-damage|p1a: Weezing|86/100
|-damage|p1a: Weezing|79/100
|-damage|p1a: Weezing|72/100
|-damage|p1a: Weezing|65/100
|-damage|p1a: Weezing|57/100
|-crit|p1a: Weezing
|-damage|p1a: Weezing|45/100
|-damage|p1a: Weezing|38/100
|-damage|p1a: Weezing|32/100
|-damage|p1a: Weezing|24/100
|-damage|p1a: Weezing|17/100
|-hitcount|p1a: Weezing|10
|move|p1a: Weezing|Strange Steam|p2a: mh=pb
|-damage|p2a: mh=pb|0 fnt
|faint|p2a: mh=pb
|
|upkeep
|
|t:|1758332135
|switch|p2a: Iron Crown|Iron Crown|100/100
|turn|12
|
|t:|1758332142
|-end|p1a: Weezing|ability: Neutralizing Gas
|switch|p1a: Muk|Muk-Alola, F|100/100
|move|p2a: Iron Crown|Volt Switch|p1a: Muk
|-damage|p1a: Muk|87/100
|
|t:|1758332165
|-end|p2a: Iron Crown|Quark Drive|[silent]
|switch|p2a: Ninetales|Ninetales-Alola, M|100/100|[from] Volt Switch
|-weather|Snowscape|[from] ability: Snow Warning|[of] p2a: Ninetales
|
|-weather|Snowscape|[upkeep]
|upkeep
|turn|13
|
|t:|1758332173
|move|p2a: Ninetales|Aurora Veil|p2a: Ninetales
|-sidestart|p2: hesbucks|move: Aurora Veil
|move|p1a: Muk|Poison Jab|p2a: Ninetales
|-supereffective|p2a: Ninetales
|-damage|p2a: Ninetales|73/100
|
|-weather|Snowscape|[upkeep]
|upkeep
|turn|14
|
|t:|1758332190
|switch|p1a: Scizor|Scizor, M, tera:Steel|100/100
|move|p2a: Ninetales|Freeze-Dry|p1a: Scizor
|-resisted|p1a: Scizor
|-crit|p1a: Scizor
|-damage|p1a: Scizor|73/100
|-status|p1a: Scizor|frz
|
|-weather|Snowscape|[upkeep]
|upkeep
|turn|15
|
|t:|1758332200
|switch|p2a: Kyurem|Kyurem|100/100
|-ability|p2a: Kyurem|Pressure
|cant|p1a: Scizor|frz
|
|-weather|Snowscape|[upkeep]
|upkeep
|turn|16
|
|t:|1758332209
|-curestatus|p1a: Scizor|frz|[msg]
|move|p1a: Scizor|Bullet Punch|p2a: Kyurem
|-supereffective|p2a: Kyurem
|-damage|p2a: Kyurem|54/100
|-enditem|p2a: Kyurem|Weakness Policy
|-boost|p2a: Kyurem|atk|2|[from] item: Weakness Policy
|-boost|p2a: Kyurem|spa|2|[from] item: Weakness Policy
|move|p2a: Kyurem|Dragon Dance|p2a: Kyurem
|-boost|p2a: Kyurem|atk|1
|-boost|p2a: Kyurem|spe|1
|
|-weather|none
|upkeep
|turn|17
|
|t:|1758332231
|switch|p1a: Weezing|Weezing-Galar, F|17/100
|-ability|p1a: Weezing|Neutralizing Gas
|move|p2a: Kyurem|Earth Power|p1a: Weezing
|-supereffective|p1a: Weezing
|-damage|p1a: Weezing|0 fnt
|faint|p1a: Weezing
|-end|p1a: Weezing|ability: Neutralizing Gas
|-ability|p2a: Kyurem|Pressure
|
|upkeep
|
|t:|1758332250
|switch|p1a: Kyurem|Kyurem|100/100
|-ability|p1a: Kyurem|Pressure
|turn|18
|
|t:|1758332274
|move|p2a: Kyurem|Icicle Spear|p1a: Kyurem
|-damage|p1a: Kyurem|72/100
|-damage|p1a: Kyurem|41/100
|-damage|p1a: Kyurem|11/100
|-hitcount|p1a: Kyurem|3
|move|p1a: Kyurem|Draco Meteor|p2a: Kyurem
|-supereffective|p2a: Kyurem
|-damage|p2a: Kyurem|0 fnt
|-unboost|p1a: Kyurem|spa|2
|faint|p2a: Kyurem
|
|upkeep
|inactive|hesbucks has 90 seconds left.
|
|t:|1758332288
|switch|p2a: Iron Crown|Iron Crown|100/100
|turn|19
|
|t:|1758332292
|switch|p1a: Muk|Muk-Alola, F|87/100
|move|p2a: Iron Crown|Volt Switch|p1a: Muk
|-damage|p1a: Muk|72/100
|
|t:|1758332299
|-end|p2a: Iron Crown|Quark Drive|[silent]
|switch|p2a: Great Tusk|Great Tusk|100/100|[from] Volt Switch
|
|upkeep
|turn|20
|inactive|tregafzzg4 has 120 seconds left.
|
|t:|1758332336
|switch|p1a: Moltres|Moltres|100/100
|move|p2a: Great Tusk|Headlong Rush|p1a: Moltres
|-immune|p1a: Moltres
|
|-sideend|p2: hesbucks|move: Aurora Veil
|upkeep
|turn|21
|inactive|hesbucks has 90 seconds left.
|-message|hesbucks forfeited.
|
|win|tregafzzg4
|raw|tregafzzg4's rating: 1522 &rarr; <strong>1545</strong><br />(+23 for winning)
|raw|hesbucks's rating: 1578 &rarr; <strong>1555</strong><br />(-23 for losing)
|l|☆hesbucks
|player|p2|
|c|☆tregafzzg4|gg
|l|☆tregafzzg4
|player|p1|
