|j|☆hillboy
|j|☆wotan888
|t:|1758302703
|gametype|singles
|player|p1|hillboy|marlon|1137
|player|p2|wotan888|2|1144
|gen|9
|tier|[Gen 9] OU
|rated|
|rule|HP Percentage Mod: HP is shown in percentages
|rule|Endless Battle Clause: Forcing endless battles is banned
|rule|Species Clause: Limit one of each Pokémon
|rule|OHKO Clause: OHKO moves are banned
|rule|Evasion Items Clause: Evasion items are banned
|rule|Evasion Moves Clause: Evasion moves are banned
|rule|Evasion Abilities Clause: Evasion abilities are banned
|rule|Sleep Moves Clause: Sleep-inducing moves are banned
|clearpoke
|poke|p1|Zamazenta-*|
|poke|p1|Torkoal, M|
|poke|p1|Gliscor, M|
|poke|p1|Lilligant-Hisui, F|
|poke|p1|Walking Wake|
|poke|p1|Clodsire, F|
|poke|p2|Rotom-Mow|
|poke|p2|Diancie|
|poke|p2|Pecharunt|
|poke|p2|Quaquaval, M|
|poke|p2|Tornadus-Therian, M|
|poke|p2|Krookodile, F|
|teampreview
|
|t:|1758302716
|teamsize|p1|6
|teamsize|p2|6
|start
|switch|p1a: Torkoal|Torkoal, M|100/100
|switch|p2a: Quaquaval|Quaquaval, M|100/100
|-weather|SunnyDay|[from] ability: Drought|[of] p1a: Torkoal
|turn|1
|
|t:|1758302734
|switch|p1a: Clodsire|Clodsire, F|100/100
|move|p2a: Quaquaval|Knock Off|p1a: Clodsire
|-damage|p1a: Clodsire|77/100
|-enditem|p1a: Clodsire|Heavy-Duty Boots|[from] move: Knock Off|[of] p2a: Quaquaval
|
|-weather|SunnyDay|[upkeep]
|upkeep
|turn|2
|
|t:|1758302757
|switch|p2a: Tornadus|Tornadus-Therian, M|100/100
|move|p1a: Clodsire|Spikes|p2a: Tornadus
|-sidestart|p2: wotan888|Spikes
|
|-weather|SunnyDay|[upkeep]
|upkeep
|turn|3
|
|t:|1758302766
|move|p2a: Tornadus|Nasty Plot|p2a: Tornadus
|-boost|p2a: Tornadus|spa|2
|move|p1a: Clodsire|Toxic|p2a: Tornadus
|-status|p2a: Tornadus|tox
|
|-weather|SunnyDay|[upkeep]
|-damage|p2a: Tornadus|95/100 tox|[from] psn
|upkeep
|turn|4
|
|t:|1758302778
|move|p2a: Tornadus|Air Slash|p1a: Clodsire
|-damage|p1a: Clodsire|37/100
|cant|p1a: Clodsire|flinch
|
|-weather|SunnyDay|[upkeep]
|-damage|p2a: Tornadus|83/100 tox|[from] psn
|upkeep
|turn|5
|
|t:|1758302790
|switch|p1a: Torkoal|Torkoal, M|100/100
|move|p2a: Tornadus|Air Slash|p1a: Torkoal
|-damage|p1a: Torkoal|21/100
|
|-weather|SunnyDay|[upkeep]
|-damage|p2a: Tornadus|65/100 tox|[from] psn
|upkeep
|turn|6
|
|t:|1758302815
|move|p2a: Tornadus|Air Slash|p1a: Torkoal
|-damage|p1a: Torkoal|0 fnt
|faint|p1a: Torkoal
|
|-weather|SunnyDay|[upkeep]
|-damage|p2a: Tornadus|41/100 tox|[from] psn
|upkeep
|
|t:|1758302822
|switch|p1a: Gliscor|Gliscor, M|100/100
|turn|7
|
|t:|1758302832
|move|p1a: Gliscor|Protect|p1a: Gliscor
|-singleturn|p1a: Gliscor|Protect
|move|p2a: Tornadus|U-turn|p1a: Gliscor
|-activate|p1a: Gliscor|move: Protect
|
|-weather|SunnyDay|[upkeep]
|-damage|p2a: Tornadus|11/100 tox|[from] psn
|-status|p1a: Gliscor|tox|[from] item: Toxic Orb
|upkeep
|turn|8
|
|t:|1758302860
|move|p2a: Tornadus|U-turn|p1a: Gliscor
|-resisted|p1a: Gliscor
|-damage|p1a: Gliscor|96/100 tox
|
|t:|1758302885
|switch|p2a: Quaquaval|Quaquaval, M|100/100|[from] U-turn
|-damage|p2a: Quaquaval|88/100|[from] Spikes
|move|p1a: Gliscor|Swords Dance|p1a: Gliscor
|-boost|p1a: Gliscor|atk|2
|
|-weather|none
|-heal|p1a: Gliscor|100/100 tox|[from] ability: Poison Heal
|upkeep
|turn|9
|
|t:|1758302908
|switch|p1a: Clodsire|Clodsire, F|37/100
|move|p2a: Quaquaval|Knock Off|p1a: Clodsire
|-damage|p1a: Clodsire|22/100
|
|upkeep
|turn|10
|
|t:|1758302915
|move|p2a: Quaquaval|Close Combat|p1a: Clodsire
|-resisted|p1a: Clodsire
|-damage|p1a: Clodsire|0 fnt
|-unboost|p2a: Quaquaval|def|1
|-unboost|p2a: Quaquaval|spd|1
|faint|p1a: Clodsire
|-ability|p2a: Quaquaval|Moxie|boost
|-boost|p2a: Quaquaval|atk|1
|
|upkeep
|
|t:|1758302926
|switch|p1a: Lilligant|Lilligant-Hisui, F|100/100
|turn|11
|
|t:|1758302940
|switch|p2a: Pecharunt|Pecharunt|100/100
|-damage|p2a: Pecharunt|88/100|[from] Spikes
|move|p1a: Lilligant|Close Combat|p2a: Pecharunt
|-immune|p2a: Pecharunt
|
|upkeep
|turn|12
|
|t:|1758302958
|switch|p1a: Gliscor|Gliscor, M|100/100 tox
|move|p2a: Pecharunt|Malignant Chain|p1a: Gliscor
|-resisted|p1a: Gliscor
|-damage|p1a: Gliscor|82/100 tox
|
|-heal|p1a: Gliscor|95/100 tox|[from] ability: Poison Heal
|upkeep
|turn|13
|
|t:|1758302983
|move|p1a: Gliscor|Swords Dance|p1a: Gliscor
|-boost|p1a: Gliscor|atk|2
|move|p2a: Pecharunt|Hex|p1a: Gliscor
|-damage|p1a: Gliscor|50/100 tox
|
|-heal|p1a: Gliscor|63/100 tox|[from] ability: Poison Heal
|upkeep
|turn|14
|
|t:|1758302992
|move|p1a: Gliscor|Knock Off|p2a: Pecharunt
|-supereffective|p2a: Pecharunt
|-damage|p2a: Pecharunt|50/100
|-damage|p1a: Gliscor|47/100 tox|[from] item: Rocky Helmet|[of] p2a: Pecharunt
|-enditem|p2a: Pecharunt|Rocky Helmet|[from] move: Knock Off|[of] p1a: Gliscor
|move|p2a: Pecharunt|Hex|p1a: Gliscor
|-damage|p1a: Gliscor|0 fnt
|faint|p1a: Gliscor
|
|upkeep
|
|t:|1758303003
|switch|p1a: Walking Wake|Walking Wake|100/100
|turn|15
|
|t:|1758303020
|move|p1a: Walking Wake|Hydro Steam|p2a: Pecharunt
|-damage|p2a: Pecharunt|0 fnt
|faint|p2a: Pecharunt
|
|upkeep
|
|t:|1758303027
|switch|p2a: Rotom|Rotom-Mow|100/100
|turn|16
|
|t:|1758303040
|-end|p1a: Walking Wake|Protosynthesis|[silent]
|switch|p1a: Lilligant|Lilligant-Hisui, F|100/100
|move|p2a: Rotom|Thunderbolt|p1a: Lilligant
|-resisted|p1a: Lilligant
|-damage|p1a: Lilligant|71/100
|
|upkeep
|turn|17
|
|t:|1758303052
|move|p1a: Lilligant|Triple Axel|p2a: Rotom
|-supereffective|p2a: Rotom
|-damage|p2a: Rotom|85/100
|-supereffective|p2a: Rotom
|-damage|p2a: Rotom|55/100
|-supereffective|p2a: Rotom
|-damage|p2a: Rotom|9/100
|-hitcount|p2a: Rotom|3
|-damage|p1a: Lilligant|61/100|[from] item: Life Orb
|move|p2a: Rotom|Will-O-Wisp|p1a: Lilligant
|-status|p1a: Lilligant|brn
|
|-heal|p2a: Rotom|15/100|[from] item: Leftovers
|-damage|p1a: Lilligant|55/100 brn|[from] brn
|upkeep
|turn|18
|
|t:|1758303068
|move|p1a: Lilligant|Triple Axel|p2a: Rotom
|-supereffective|p2a: Rotom
|-damage|p2a: Rotom|8/100
|-supereffective|p2a: Rotom
|-damage|p2a: Rotom|0 fnt
|faint|p2a: Rotom
|-hitcount|p2: Rotom|2
|-damage|p1a: Lilligant|45/100 brn|[from] item: Life Orb
|
|-damage|p1a: Lilligant|39/100 brn|[from] brn
|upkeep
|
|t:|1758303079
|switch|p2a: Tornadus|Tornadus-Therian, M|44/100 tox
|turn|19
|
|t:|1758303089
|switch|p2a: Quaquaval|Quaquaval, M|88/100
|-damage|p2a: Quaquaval|76/100|[from] Spikes
|-terastallize|p1a: Lilligant|Ghost
|move|p1a: Lilligant|Triple Axel|p2a: Quaquaval
|-resisted|p2a: Quaquaval
|-damage|p2a: Quaquaval|73/100
|-hitcount|p2a: Quaquaval|1
|-damage|p1a: Lilligant|29/100 brn|[from] item: Life Orb
|
|-damage|p1a: Lilligant|23/100 brn|[from] brn
|upkeep
|turn|20
|
|t:|1758303105
|move|p1a: Lilligant|Close Combat|p2a: Quaquaval
|-damage|p2a: Quaquaval|32/100
|-unboost|p1a: Lilligant|def|1
|-unboost|p1a: Lilligant|spd|1
|-damage|p1a: Lilligant|13/100 brn|[from] item: Life Orb
|move|p2a: Quaquaval|Knock Off|p1a: Lilligant
|-supereffective|p1a: Lilligant
|-damage|p1a: Lilligant|0 fnt
|-enditem|p1a: Lilligant|Life Orb|[from] move: Knock Off|[of] p2a: Quaquaval
|faint|p1a: Lilligant
|-ability|p2a: Quaquaval|Moxie|boost
|-boost|p2a: Quaquaval|atk|1
|
|upkeep
|
|t:|1758303119
|switch|p1a: Walking Wake|Walking Wake|100/100
|turn|21
|
|t:|1758303134
|move|p1a: Walking Wake|Draco Meteor|p2a: Quaquaval
|-damage|p2a: Quaquaval|0 fnt
|-unboost|p1a: Walking Wake|spa|2
|faint|p2a: Quaquaval
|
|upkeep
|
|t:|1758303137
|switch|p2a: Diancie|Diancie|100/100
|-damage|p2a: Diancie|88/100|[from] Spikes
|turn|22
|
|t:|1758303150
|move|p1a: Walking Wake|Draco Meteor|p2a: Diancie
|-immune|p2a: Diancie
|move|p2a: Diancie|Calm Mind|p2a: Diancie
|-boost|p2a: Diancie|spa|1
|-boost|p2a: Diancie|spd|1
|
|-heal|p2a: Diancie|94/100|[from] item: Leftovers
|upkeep
|turn|23
|
|t:|1758303158
|-end|p1a: Walking Wake|Protosynthesis|[silent]
|switch|p1a: Zamazenta|Zamazenta|100/100
|-ability|p1a: Zamazenta|Dauntless Shield|boost
|-boost|p1a: Zamazenta|def|1
|move|p2a: Diancie|Calm Mind|p2a: Diancie
|-boost|p2a: Diancie|spa|1
|-boost|p2a: Diancie|spd|1
|
|-heal|p2a: Diancie|100/100|[from] item: Leftovers
|upkeep
|turn|24
|
|t:|1758303168
|move|p2a: Diancie|Moonblast|p1a: Zamazenta
|-supereffective|p1a: Zamazenta
|-damage|p1a: Zamazenta|0 fnt
|faint|p1a: Zamazenta
|
|upkeep
|-message|hillboy forfeited.
|
|win|wotan888
|raw|hillboy's rating: 1137 &rarr; <strong>1113</strong><br />(-24 for losing)
|raw|wotan888's rating: 1144 &rarr; <strong>1168</strong><br />(+24 for winning)
|l|☆hillboy
|player|p1|
|l|☆wotan888
|player|p2|
