|j|☆levi6969
|j|☆Nastralll
|t:|1758348757
|gametype|singles
|player|p1|levi6969|170|1308
|player|p2|Nastralll|skyla|1250
|gen|9
|tier|[Gen 9] OU
|rated|
|rule|HP Percentage Mod: HP is shown in percentages
|rule|Endless Battle Clause: Forcing endless battles is banned
|rule|Species Clause: Limit one of each Pokémon
|rule|OHKO Clause: OHKO moves are banned
|rule|Evasion Items Clause: Evasion items are banned
|rule|Evasion Moves Clause: Evasion moves are banned
|rule|Evasion Abilities Clause: Evasion abilities are banned
|rule|Sleep Moves Clause: Sleep-inducing moves are banned
|clearpoke
|poke|p1|Empoleon, F|
|poke|p1|Kingambit, M|
|poke|p1|Hoopa-Unbound|
|poke|p1|Landorus-Therian, M|
|poke|p1|Dragapult, M|
|poke|p1|Great Tusk|
|poke|p2|Dragonite, F|
|poke|p2|Gholdengo|
|poke|p2|Kingambit, F|
|poke|p2|Samurott-Hisui, F|
|poke|p2|Garchomp, F|
|poke|p2|Iron Moth|
|teampreview
|inactive|Battle timer is ON: inactive players will automatically lose when time's up. (requested by levi6969)
|
|t:|1758348781
|teamsize|p1|6
|teamsize|p2|6
|start
|switch|p1a: Landorus|Landorus-Therian, M|100/100
|switch|p2a: Samurott|Samurott-Hisui, F, shiny|100/100
|-ability|p1a: Landorus|Intimidate|boost
|-unboost|p2a: Samurott|atk|1
|turn|1
|
|t:|1758348790
|move|p1a: Landorus|U-turn|p2a: Samurott
|-supereffective|p2a: Samurott
|-damage|p2a: Samurott|48/100
|
|t:|1758348799
|switch|p1a: Kingambit|Kingambit, M|100/100|[from] U-turn
|move|p2a: Samurott|Ceaseless Edge|p1a: Kingambit
|-resisted|p1a: Kingambit
|-damage|p1a: Kingambit|80/100
|-sidestart|p1: levi6969|Spikes
|
|upkeep
|turn|2
|
|t:|1758348808
|-end|p1a: Kingambit|fallenundefined|[silent]
|switch|p1a: Landorus|Landorus-Therian, M|100/100
|-ability|p1a: Landorus|Intimidate|boost
|-unboost|p2a: Samurott|atk|1
|move|p2a: Samurott|Ceaseless Edge|p1a: Landorus
|-damage|p1a: Landorus|67/100
|-damage|p2a: Samurott|31/100|[from] item: Rocky Helmet|[of] p1a: Landorus
|-sidestart|p1: levi6969|Spikes
|
|upkeep
|turn|3
|
|t:|1758348816
|move|p1a: Landorus|U-turn|p2a: Samurott
|-supereffective|p2a: Samurott
|-damage|p2a: Samurott|0 fnt
|faint|p2a: Samurott
|
|t:|1758348824
|switch|p1a: Dragapult|Dragapult, M|100/100|[from] U-turn
|
|upkeep
|
|t:|1758348836
|switch|p2a: Iron Moth|Iron Moth, shiny|100/100
|-enditem|p2a: Iron Moth|Booster Energy
|-activate|p2a: Iron Moth|ability: Quark Drive|[fromitem]
|-start|p2a: Iron Moth|quarkdrivespa
|turn|4
|
|t:|1758348844
|-terastallize|p2a: Iron Moth|Fairy
|move|p1a: Dragapult|Dragon Darts|p2a: Iron Moth
|-immune|p2a: Iron Moth
|move|p2a: Iron Moth|Dazzling Gleam|p1a: Dragapult
|-supereffective|p1a: Dragapult
|-damage|p1a: Dragapult|0 fnt
|faint|p1a: Dragapult
|
|upkeep
|
|t:|1758348850
|switch|p1a: Empoleon|Empoleon, F|100/100
|-damage|p1a: Empoleon|84/100|[from] Spikes
|turn|5
|
|t:|1758348857
|-end|p2a: Iron Moth|Quark Drive|[silent]
|switch|p2a: Garchomp|Garchomp, F|100/100
|move|p1a: Empoleon|Flash Cannon|p2a: Garchomp
|-damage|p2a: Garchomp|36/100
|
|-heal|p2a: Garchomp|43/100|[from] item: Leftovers
|upkeep
|turn|6
|
|t:|1758348871
|switch|p1a: Landorus|Landorus-Therian, M|67/100
|-ability|p1a: Landorus|Intimidate|boost
|-unboost|p2a: Garchomp|atk|1
|move|p2a: Garchomp|Stealth Rock|p1a: Landorus
|-sidestart|p1: levi6969|move: Stealth Rock
|
|-heal|p2a: Garchomp|49/100|[from] item: Leftovers
|upkeep
|turn|7
|
|t:|1758348885
|switch|p2a: Gholdengo|Gholdengo|100/100
|move|p1a: Landorus|Earth Power|p2a: Gholdengo
|-supereffective|p2a: Gholdengo
|-damage|p2a: Gholdengo|30/100
|
|-heal|p2a: Gholdengo|36/100|[from] item: Leftovers
|upkeep
|turn|8
|
|t:|1758348897
|move|p1a: Landorus|Earth Power|p2a: Gholdengo
|-supereffective|p2a: Gholdengo
|-damage|p2a: Gholdengo|0 fnt
|faint|p2a: Gholdengo
|
|upkeep
|
|t:|1758348902
|switch|p2a: Dragonite|Dragonite, F|100/100
|turn|9
|
|t:|1758348905
|move|p1a: Landorus|Taunt|p2a: Dragonite
|-start|p2a: Dragonite|move: Taunt
|cant|p2a: Dragonite|move: Taunt|Dragon Dance
|
|upkeep
|turn|10
|
|t:|1758348911
|move|p1a: Landorus|Stealth Rock|p2a: Dragonite
|-sidestart|p2: Nastralll|move: Stealth Rock
|move|p2a: Dragonite|Waterfall|p1a: Landorus
|-supereffective|p1a: Landorus
|-damage|p1a: Landorus|0 fnt
|-damage|p2a: Dragonite|84/100|[from] item: Rocky Helmet|[of] p1a: Landorus
|faint|p1a: Landorus
|-damage|p2a: Dragonite|74/100|[from] item: Life Orb
|
|upkeep
|
|t:|1758348933
|switch|p1a: Great Tusk|Great Tusk|100/100
|-damage|p1a: Great Tusk|84/100|[from] Spikes
|-damage|p1a: Great Tusk|81/100|[from] Stealth Rock
|turn|11
|
|t:|1758348940
|move|p1a: Great Tusk|Ice Spinner|p2a: Dragonite
|-supereffective|p2a: Dragonite
|-damage|p2a: Dragonite|0 fnt
|faint|p2a: Dragonite
|
|upkeep
|
|t:|1758348944
|switch|p2a: Iron Moth|Iron Moth, shiny, tera:Fairy|100/100
|-damage|p2a: Iron Moth|88/100|[from] Stealth Rock
|turn|12
|
|t:|1758348951
|-end|p1a: Great Tusk|Protosynthesis|[silent]
|switch|p1a: Empoleon|Empoleon, F|84/100
|-damage|p1a: Empoleon|67/100|[from] Spikes
|-damage|p1a: Empoleon|61/100|[from] Stealth Rock
|move|p2a: Iron Moth|Dazzling Gleam|p1a: Empoleon
|-resisted|p1a: Empoleon
|-damage|p1a: Empoleon|39/100
|
|upkeep
|turn|13
|
|t:|1758348966
|move|p2a: Iron Moth|Heat Wave|p1a: Empoleon
|-damage|p1a: Empoleon|0 fnt
|faint|p1a: Empoleon
|
|upkeep
|
|t:|1758348974
|switch|p1a: Hoopa|Hoopa-Unbound|100/100
|-damage|p1a: Hoopa|84/100|[from] Spikes
|-damage|p1a: Hoopa|72/100|[from] Stealth Rock
|turn|14
|
|t:|1758348988
|move|p2a: Iron Moth|Dazzling Gleam|p1a: Hoopa
|-supereffective|p1a: Hoopa
|-damage|p1a: Hoopa|30/100
|move|p1a: Hoopa|Psychic Noise|p2a: Iron Moth
|-damage|p2a: Iron Moth|39/100
|-start|p2a: Iron Moth|move: Heal Block
|
|upkeep
|turn|15
|
|t:|1758348995
|move|p2a: Iron Moth|Dazzling Gleam|p1a: Hoopa
|-supereffective|p1a: Hoopa
|-damage|p1a: Hoopa|0 fnt
|faint|p1a: Hoopa
|
|-end|p2a: Iron Moth|move: Heal Block
|upkeep
|
|t:|1758349003
|switch|p1a: Great Tusk|Great Tusk|81/100
|-damage|p1a: Great Tusk|65/100|[from] Spikes
|-damage|p1a: Great Tusk|62/100|[from] Stealth Rock
|turn|16
|
|t:|1758349010
|move|p1a: Great Tusk|Headlong Rush|p2a: Iron Moth
|-damage|p2a: Iron Moth|0 fnt
|-unboost|p1a: Great Tusk|def|1
|-unboost|p1a: Great Tusk|spd|1
|faint|p2a: Iron Moth
|-end|p2a: Iron Moth|Quark Drive|[silent]
|
|upkeep
|
|t:|1758349019
|switch|p2a: Garchomp|Garchomp, F|49/100
|-damage|p2a: Garchomp|43/100|[from] Stealth Rock
|turn|17
|
|t:|1758349026
|move|p1a: Great Tusk|Headlong Rush|p2a: Garchomp
|-damage|p2a: Garchomp|0 fnt
|-unboost|p1a: Great Tusk|def|1
|-unboost|p1a: Great Tusk|spd|1
|-damage|p1a: Great Tusk|49/100|[from] ability: Rough Skin|[of] p2a: Garchomp
|faint|p2a: Garchomp
|
|upkeep
|
|t:|1758349033
|switch|p2a: Kingambit|Kingambit, F|100/100
|-damage|p2a: Kingambit|94/100|[from] Stealth Rock
|-activate|p2a: Kingambit|ability: Supreme Overlord
|-start|p2a: Kingambit|fallen5|[silent]
|turn|18
|
|t:|1758349040
|-end|p1a: Great Tusk|Protosynthesis|[silent]
|switch|p1a: Kingambit|Kingambit, M|80/100
|-damage|p1a: Kingambit|64/100|[from] Spikes
|-damage|p1a: Kingambit|57/100|[from] Stealth Rock
|-activate|p1a: Kingambit|ability: Supreme Overlord
|-start|p1a: Kingambit|fallen4|[silent]
|move|p2a: Kingambit|Sucker Punch||[still]
|-fail|p2a: Kingambit
|
|upkeep
|turn|19
|
|t:|1758349048
|move|p1a: Kingambit|Low Kick|p2a: Kingambit
|-supereffective|p2a: Kingambit
|-damage|p2a: Kingambit|0 fnt
|faint|p2a: Kingambit
|-end|p2a: Kingambit|fallen5|[silent]
|
|win|levi6969
|raw|levi6969's rating: 1308 &rarr; <strong>1325</strong><br />(+17 for winning)
|raw|Nastralll's rating: 1250 &rarr; <strong>1229</strong><br />(-21 for losing)
|l|☆Nastralll
|player|p2|
|l|☆levi6969
|player|p1|
