|j|☆tdrybftdhdg
|j|☆maziati
|t:|1758339799
|gametype|singles
|player|p1|tdrybftdhdg|266|1075
|player|p2|maziati|leaf-gen3|1066
|gen|9
|tier|[Gen 9] OU
|rated|
|rule|HP Percentage Mod: HP is shown in percentages
|rule|Endless Battle Clause: Forcing endless battles is banned
|rule|Species Clause: Limit one of each Pokémon
|rule|OHKO Clause: OHKO moves are banned
|rule|Evasion Items Clause: Evasion items are banned
|rule|Evasion Moves Clause: Evasion moves are banned
|rule|Evasion Abilities Clause: Evasion abilities are banned
|rule|Sleep Moves Clause: Sleep-inducing moves are banned
|clearpoke
|poke|p1|Raichu, M|
|poke|p1|Rotom-Mow|
|poke|p1|Golurk|
|poke|p1|Barraskewda, F|
|poke|p1|Ribombee, F|
|poke|p1|Skeledirge, M|
|poke|p2|Flareon, F|
|poke|p2|Infernape, F|
|poke|p2|Weavile, M|
|poke|p2|Espeon, F|
|poke|p2|Torkoal, F|
|poke|p2|Lilligant-Hisui, F|
|teampreview
|
|t:|1758339821
|teamsize|p1|6
|teamsize|p2|6
|start
|switch|p1a: Raichu|Raichu, M|100/100
|switch|p2a: Espeon|Espeon, F|100/100
|turn|1
|
|t:|1758339834
|move|p2a: Espeon|Calm Mind|p2a: Espeon
|-boost|p2a: Espeon|spa|1
|-boost|p2a: Espeon|spd|1
|move|p1a: Raichu|Nuzzle|p2a: Espeon
|-damage|p2a: Espeon|87/100
|-status|p2a: Espeon|par
|
|-heal|p2a: Espeon|93/100 par|[from] item: Leftovers
|upkeep
|turn|2
|
|t:|1758339844
|move|p1a: Raichu|Thunderbolt|p2a: Espeon
|-damage|p2a: Espeon|53/100 par
|move|p2a: Espeon|Psychic|p1a: Raichu
|-damage|p1a: Raichu|0 fnt
|faint|p1a: Raichu
|
|-heal|p2a: Espeon|59/100 par|[from] item: Leftovers
|upkeep
|
|t:|1758339852
|switch|p1a: Skeledirge|Skeledirge, M|100/100
|turn|3
|
|t:|1758339866
|move|p2a: Espeon|Shadow Ball|p1a: Skeledirge
|-supereffective|p1a: Skeledirge
|-damage|p1a: Skeledirge|61/100
|move|p1a: Skeledirge|Shadow Ball|p2a: Espeon
|-supereffective|p2a: Espeon
|-damage|p2a: Espeon|0 fnt
|faint|p2a: Espeon
|
|upkeep
|
|t:|1758339878
|switch|p2a: Weavile|Weavile, M|100/100
|-ability|p2a: Weavile|Pressure
|turn|4
|
|t:|1758339885
|move|p2a: Weavile|Swords Dance|p2a: Weavile
|-boost|p2a: Weavile|atk|2
|move|p1a: Skeledirge|Torch Song|p2a: Weavile
|-supereffective|p2a: Weavile
|-damage|p2a: Weavile|12/100
|-boost|p1a: Skeledirge|spa|1
|
|upkeep
|turn|5
|
|t:|1758339895
|move|p2a: Weavile|Knock Off|p1a: Skeledirge
|-supereffective|p1a: Skeledirge
|-crit|p1a: Skeledirge
|-damage|p1a: Skeledirge|0 fnt
|-enditem|p1a: Skeledirge|Heavy-Duty Boots|[from] move: Knock Off|[of] p2a: Weavile
|faint|p1a: Skeledirge
|
|upkeep
|
|t:|1758339896
|switch|p1a: Rotom|Rotom-Mow|100/100
|turn|6
|
|t:|1758339910
|move|p1a: Rotom|Volt Switch|p2a: Weavile
|-crit|p2a: Weavile
|-damage|p2a: Weavile|0 fnt
|faint|p2a: Weavile
|
|t:|1758339915
|switch|p1a: Ribombee|Ribombee, F|100/100|[from] Volt Switch
|
|upkeep
|
|t:|1758339932
|switch|p2a: Torkoal|Torkoal, F|100/100
|-weather|SunnyDay|[from] ability: Drought|[of] p2a: Torkoal
|turn|7
|
|t:|1758339946
|move|p1a: Ribombee|Sticky Web|p2a: Torkoal
|-sidestart|p2: maziati|move: Sticky Web
|move|p2a: Torkoal|Stealth Rock|p1a: Ribombee
|-sidestart|p1: tdrybftdhdg|move: Stealth Rock
|
|-weather|SunnyDay|[upkeep]
|upkeep
|turn|8
|
|t:|1758339953
|move|p1a: Ribombee|Stun Spore|p2a: Torkoal|[miss]
|-miss|p1a: Ribombee|p2a: Torkoal
|move|p2a: Torkoal|Rapid Spin|p1a: Ribombee
|-damage|p1a: Ribombee|84/100
|-boost|p2a: Torkoal|spe|1
|-sideend|p2: maziati|Sticky Web|[from] move: Rapid Spin|[of] p2a: Torkoal
|
|-weather|SunnyDay|[upkeep]
|upkeep
|turn|9
|
|t:|1758339984
|move|p1a: Ribombee|Stun Spore|p2a: Torkoal
|-status|p2a: Torkoal|par
|cant|p2a: Torkoal|par
|
|-weather|SunnyDay|[upkeep]
|upkeep
|turn|10
|
|t:|1758340001
|move|p1a: Ribombee|Sticky Web|p2a: Torkoal
|-sidestart|p2: maziati|move: Sticky Web
|move|p2a: Torkoal|Lava Plume|p1a: Ribombee
|-supereffective|p1a: Ribombee
|-damage|p1a: Ribombee|0 fnt
|faint|p1a: Ribombee
|
|-weather|SunnyDay|[upkeep]
|upkeep
|
|t:|1758340004
|switch|p1a: Golurk|Golurk|100/100
|-damage|p1a: Golurk|94/100|[from] Stealth Rock
|turn|11
|
|t:|1758340036
|switch|p2a: Flareon|Flareon, F|100/100
|-activate|p2a: Flareon|move: Sticky Web
|-unboost|p2a: Flareon|spe|1
|move|p1a: Golurk|Dynamic Punch|p2a: Flareon
|-damage|p2a: Flareon|15/100
|-start|p2a: Flareon|confusion
|
|-weather|SunnyDay|[upkeep]
|-status|p2a: Flareon|tox|[from] item: Toxic Orb
|upkeep
|turn|12
|
|t:|1758340059
|move|p1a: Golurk|Dynamic Punch|p2a: Flareon
|-damage|p2a: Flareon|0 fnt
|faint|p2a: Flareon
|
|-weather|SunnyDay|[upkeep]
|upkeep
|
|t:|1758340065
|switch|p2a: Lilligant|Lilligant-Hisui, F|100/100
|-activate|p2a: Lilligant|move: Sticky Web
|-unboost|p2a: Lilligant|spe|1
|turn|13
|
|t:|1758340070
|move|p2a: Lilligant|Solar Blade||[still]
|-prepare|p2a: Lilligant|Solar Blade
|-anim|p2a: Lilligant|Solar Blade|p1a: Golurk
|-supereffective|p1a: Golurk
|-damage|p1a: Golurk|0 fnt
|faint|p1a: Golurk
|-damage|p2a: Lilligant|91/100|[from] item: Life Orb
|
|-weather|SunnyDay|[upkeep]
|upkeep
|
|t:|1758340074
|switch|p1a: Rotom|Rotom-Mow|100/100
|-damage|p1a: Rotom|88/100|[from] Stealth Rock
|turn|14
|
|t:|1758340106
|move|p1a: Rotom|Trick|p2a: Lilligant
|-activate|p1a: Rotom|move: Trick|[of] p2a: Lilligant
|-item|p2a: Lilligant|Choice Scarf|[from] move: Trick
|-item|p1a: Rotom|Life Orb|[from] move: Trick
|move|p2a: Lilligant|Victory Dance|p2a: Lilligant
|-boost|p2a: Lilligant|atk|1
|-boost|p2a: Lilligant|def|1
|-boost|p2a: Lilligant|spe|1
|
|-weather|none
|upkeep
|turn|15
|
|t:|1758340129
|switch|p2a: Torkoal|Torkoal, F|100/100 par
|-activate|p2a: Torkoal|move: Sticky Web
|-unboost|p2a: Torkoal|spe|1
|-weather|SunnyDay|[from] ability: Drought|[of] p2a: Torkoal
|move|p1a: Rotom|Thunderbolt|p2a: Torkoal
|-damage|p2a: Torkoal|38/100 par
|-damage|p1a: Rotom|78/100|[from] item: Life Orb
|
|-weather|SunnyDay|[upkeep]
|upkeep
|turn|16
|
|t:|1758340148
|move|p1a: Rotom|Thunderbolt|p2a: Torkoal
|-damage|p2a: Torkoal|0 fnt
|faint|p2a: Torkoal
|-damage|p1a: Rotom|68/100|[from] item: Life Orb
|
|-weather|SunnyDay|[upkeep]
|upkeep
|
|t:|1758340155
|switch|p2a: Lilligant|Lilligant-Hisui, F|91/100
|-activate|p2a: Lilligant|move: Sticky Web
|-unboost|p2a: Lilligant|spe|1
|turn|17
|
|t:|1758340162
|move|p2a: Lilligant|Close Combat|p1a: Rotom
|-damage|p1a: Rotom|0 fnt
|-unboost|p2a: Lilligant|def|1
|-unboost|p2a: Lilligant|spd|1
|faint|p1a: Rotom
|
|-weather|SunnyDay|[upkeep]
|upkeep
|
|t:|1758340164
|switch|p1a: Barraskewda|Barraskewda, F|100/100
|turn|18
|
|t:|1758340192
|-terastallize|p1a: Barraskewda|Water
|move|p2a: Lilligant|Close Combat|p1a: Barraskewda
|-damage|p1a: Barraskewda|0 fnt
|-unboost|p2a: Lilligant|def|1
|-unboost|p2a: Lilligant|spd|1
|faint|p1a: Barraskewda
|
|win|maziati
|raw|tdrybftdhdg's rating: 1075 &rarr; <strong>1053</strong><br />(-22 for losing)
|raw|maziati's rating: 1066 &rarr; <strong>1097</strong><br />(+31 for winning)
|l|☆tdrybftdhdg
|player|p1|
