|j|☆burntwafless"
|j|☆llr6236
|t:|1758244177
|gametype|singles
|player|p1|burntwafless"|dawn|1166
|player|p2|llr6236|allister|1222
|gen|9
|tier|[Gen 9] OU
|rated|
|rule|HP Percentage Mod: HP is shown in percentages
|rule|Endless Battle Clause: Forcing endless battles is banned
|rule|Species Clause: Limit one of each Pokémon
|rule|OHKO Clause: OHKO moves are banned
|rule|Evasion Items Clause: Evasion items are banned
|rule|Evasion Moves Clause: Evasion moves are banned
|rule|Evasion Abilities Clause: Evasion abilities are banned
|rule|Sleep Moves Clause: Sleep-inducing moves are banned
|clearpoke
|poke|p1|Pelipper, F|
|poke|p1|Hatterene, F|
|poke|p1|Iron Treads|
|poke|p1|Toxicroak, F|
|poke|p1|Barraskewda, F|
|poke|p1|Zapdos|
|poke|p2|Ceruledge, M|
|poke|p2|Hydrapple, F|
|poke|p2|Goodra-Hisui, F|
|poke|p2|Electivire, M|
|poke|p2|Suicune|
|poke|p2|Bellossom, M|
|teampreview
|inactive|Battle timer is ON: inactive players will automatically lose when time's up. (requested by llr6236)
|inactive|burntwafless" also wants the timer to be on.
|c|☆burntwafless"|Gl hf
|
|t:|1758244186
|teamsize|p1|6
|teamsize|p2|6
|start
|switch|p1a: Pelipper|Pelipper, F|100/100
|switch|p2a: Water horse🌊|Suicune|100/100
|-ability|p2a: Water horse🌊|Pressure
|-weather|RainDance|[from] ability: Drizzle|[of] p1a: Pelipper
|turn|1
|
|t:|1758244190
|move|p2a: Water horse🌊|Substitute|p2a: Water horse🌊
|-start|p2a: Water horse🌊|Substitute
|-damage|p2a: Water horse🌊|76/100
|move|p1a: Pelipper|U-turn|p2a: Water horse🌊
|-activate|p2a: Water horse🌊|move: Substitute|[damage]
|
|t:|1758244198
|switch|p1a: Toxicroak|Toxicroak, F|100/100|[from] U-turn
|
|-weather|RainDance|[upkeep]
|-heal|p2a: Water horse🌊|82/100|[from] item: Leftovers
|upkeep
|turn|2
|
|t:|1758244201
|move|p2a: Water horse🌊|Scald|p1a: Toxicroak
|-immune|p1a: Toxicroak|[from] ability: Dry Skin
|move|p1a: Toxicroak|Encore|p2a: Water horse🌊
|-start|p2a: Water horse🌊|Encore
|
|-weather|RainDance|[upkeep]
|-heal|p2a: Water horse🌊|88/100|[from] item: Leftovers
|upkeep
|turn|3
|
|t:|1758244208
|move|p2a: Water horse🌊|Scald|p1a: Toxicroak
|-immune|p1a: Toxicroak|[from] ability: Dry Skin
|move|p1a: Toxicroak|Knock Off|p2a: Water horse🌊
|-activate|p2a: Water horse🌊|move: Substitute|[damage]
|
|-weather|RainDance|[upkeep]
|-heal|p2a: Water horse🌊|94/100|[from] item: Leftovers
|upkeep
|turn|4
|
|t:|1758244214
|move|p2a: Water horse🌊|Scald|p1a: Toxicroak
|-immune|p1a: Toxicroak|[from] ability: Dry Skin
|move|p1a: Toxicroak|Knock Off|p2a: Water horse🌊
|-end|p2a: Water horse🌊|Substitute
|
|-weather|RainDance|[upkeep]
|-heal|p2a: Water horse🌊|99/100|[from] item: Leftovers
|upkeep
|turn|5
|
|t:|1758244221
|move|p2a: Water horse🌊|Scald|p1a: Toxicroak
|-immune|p1a: Toxicroak|[from] ability: Dry Skin
|move|p1a: Toxicroak|Toxic|p2a: Water horse🌊
|-status|p2a: Water horse🌊|tox
|
|-weather|RainDance|[upkeep]
|-heal|p2a: Water horse🌊|100/100 tox|[from] item: Leftovers
|-damage|p2a: Water horse🌊|95/100 tox|[from] psn
|-end|p2a: Water horse🌊|Encore
|upkeep
|turn|6
|
|t:|1758244224
|move|p2a: Water horse🌊|Shadow Ball|p1a: Toxicroak
|-damage|p1a: Toxicroak|80/100
|move|p1a: Toxicroak|Knock Off|p2a: Water horse🌊
|-damage|p2a: Water horse🌊|76/100 tox
|-enditem|p2a: Water horse🌊|Leftovers|[from] move: Knock Off|[of] p1a: Toxicroak
|
|-weather|RainDance|[upkeep]
|-heal|p1a: Toxicroak|92/100|[from] ability: Dry Skin
|-damage|p2a: Water horse🌊|64/100 tox|[from] psn
|upkeep
|turn|7
|
|t:|1758244234
|move|p2a: Water horse🌊|Calm Mind|p2a: Water horse🌊
|-boost|p2a: Water horse🌊|spa|1
|-boost|p2a: Water horse🌊|spd|1
|move|p1a: Toxicroak|Drain Punch|p2a: Water horse🌊
|-damage|p2a: Water horse🌊|45/100 tox
|-heal|p1a: Toxicroak|100/100|[from] drain|[of] p2a: Water horse🌊
|
|-weather|RainDance|[upkeep]
|-damage|p2a: Water horse🌊|27/100 tox|[from] psn
|upkeep
|turn|8
|
|t:|1758244240
|move|p2a: Water horse🌊|Shadow Ball|p1a: Toxicroak
|-damage|p1a: Toxicroak|66/100
|-unboost|p1a: Toxicroak|spd|1
|move|p1a: Toxicroak|Drain Punch|p2a: Water horse🌊
|-damage|p2a: Water horse🌊|8/100 tox
|-heal|p1a: Toxicroak|76/100|[from] drain|[of] p2a: Water horse🌊
|
|-weather|none
|-damage|p2a: Water horse🌊|0 fnt|[from] psn
|faint|p2a: Water horse🌊
|upkeep
|
|t:|1758244253
|switch|p2a: Fuzzy cable⚡|Electivire, M|100/100
|turn|9
|c|☆burntwafless"|Theres a reason suicune is Nu
|c|☆burntwafless"|Just saying
|
|t:|1758244263
|switch|p1a: Iron Treads|Iron Treads|100/100
|move|p2a: Fuzzy cable⚡|Earthquake|p1a: Iron Treads
|-supereffective|p1a: Iron Treads
|-damage|p1a: Iron Treads|28/100
|
|-heal|p1a: Iron Treads|34/100|[from] item: Leftovers
|upkeep
|turn|10
|
|t:|1758244267
|-end|p1a: Iron Treads|Quark Drive|[silent]
|switch|p1a: Pelipper|Pelipper, F|100/100
|-weather|RainDance|[from] ability: Drizzle|[of] p1a: Pelipper
|move|p2a: Fuzzy cable⚡|Earthquake|p1a: Pelipper
|-immune|p1a: Pelipper
|
|-weather|RainDance|[upkeep]
|upkeep
|turn|11
|
|t:|1758244274
|switch|p2a: Depression😔|Goodra-Hisui, F|100/100
|switch|p1a: Hatterene|Hatterene, F|100/100
|
|-weather|RainDance|[upkeep]
|upkeep
|turn|12
|
|t:|1758244285
|move|p2a: Depression😔|Knock Off|p1a: Hatterene
|-damage|p1a: Hatterene|81/100
|-enditem|p1a: Hatterene|Eject Button|[from] move: Knock Off|[of] p2a: Depression😔
|move|p1a: Hatterene|Nuzzle|p2a: Depression😔
|-resisted|p2a: Depression😔
|-damage|p2a: Depression😔|99/100
|-status|p2a: Depression😔|par
|-ability|p2a: Depression😔|Gooey
|-unboost|p1a: Hatterene|spe|1
|
|-weather|RainDance|[upkeep]
|upkeep
|turn|13
|
|t:|1758244290
|switch|p1a: Zapdos|Zapdos|100/100
|move|p2a: Depression😔|Flash Cannon|p1a: Zapdos
|-resisted|p1a: Zapdos
|-damage|p1a: Zapdos|79/100
|
|-weather|RainDance|[upkeep]
|upkeep
|turn|14
|
|t:|1758244297
|move|p1a: Zapdos|Hurricane|p2a: Depression😔
|-resisted|p2a: Depression😔
|-damage|p2a: Depression😔|79/100 par
|move|p2a: Depression😔|Dragon Tail|p1a: Zapdos
|-damage|p1a: Zapdos|54/100
|drag|p1a: Pelipper|Pelipper, F|100/100
|
|-weather|RainDance|[upkeep]
|upkeep
|turn|15
|
|t:|1758244305
|move|p1a: Pelipper|U-turn|p2a: Depression😔
|-resisted|p2a: Depression😔
|-damage|p2a: Depression😔|75/100 par
|-ability|p2a: Depression😔|Gooey
|-unboost|p1a: Pelipper|spe|1
|
|t:|1758244310
|switch|p1a: Toxicroak|Toxicroak, F|76/100|[from] U-turn
|move|p2a: Depression😔|Dragon Tail|p1a: Toxicroak
|-damage|p1a: Toxicroak|55/100
|-damage|p2a: Depression😔|58/100 par|[from] item: Rocky Helmet|[of] p1a: Toxicroak
|drag|p1a: Barraskewda|Barraskewda, F|100/100
|
|-weather|RainDance|[upkeep]
|upkeep
|turn|16
|
|t:|1758244318
|-terastallize|p1a: Barraskewda|Water
|move|p1a: Barraskewda|Liquidation|p2a: Depression😔
|-resisted|p2a: Depression😔
|-damage|p2a: Depression😔|0 fnt
|-ability|p2a: Depression😔|Gooey
|-unboost|p1a: Barraskewda|spe|1
|faint|p2a: Depression😔
|
|-weather|RainDance|[upkeep]
|upkeep
|
|t:|1758244333
|switch|p2a: Fuzzy cable⚡|Electivire, M|100/100
|turn|17
|
|t:|1758244338
|move|p1a: Barraskewda|Liquidation|p2a: Fuzzy cable⚡
|-damage|p2a: Fuzzy cable⚡|0 fnt
|faint|p2a: Fuzzy cable⚡
|
|-weather|none
|upkeep
|
|t:|1758244349
|switch|p2a: Candy apple🍎|Hydrapple, F|100/100
|turn|18
|
|t:|1758244353
|switch|p1a: Pelipper|Pelipper, F|100/100
|-weather|RainDance|[from] ability: Drizzle|[of] p1a: Pelipper
|move|p2a: Candy apple🍎|Fickle Beam|p1a: Pelipper
|-damage|p1a: Pelipper|46/100
|-damage|p2a: Candy apple🍎|91/100|[from] item: Life Orb
|
|-weather|RainDance|[upkeep]
|upkeep
|turn|19
|
|t:|1758244362
|move|p2a: Candy apple🍎|Fickle Beam|p1a: Pelipper
|-damage|p1a: Pelipper|0 fnt
|faint|p1a: Pelipper
|-damage|p2a: Candy apple🍎|81/100|[from] item: Life Orb
|
|-weather|RainDance|[upkeep]
|upkeep
|
|t:|1758244368
|switch|p1a: Zapdos|Zapdos|54/100
|turn|20
|
|t:|1758244372
|switch|p2a: Emo🕶️|Ceruledge, M, shiny|100/100
|move|p1a: Zapdos|Hurricane|p2a: Emo🕶️
|-damage|p2a: Emo🕶️|8/100
|-start|p2a: Emo🕶️|confusion
|
|-weather|RainDance|[upkeep]
|upkeep
|turn|21
|c|☆burntwafless"|Gg prob
|
|t:|1758244378
|move|p1a: Zapdos|Hurricane|p2a: Emo🕶️
|-damage|p2a: Emo🕶️|0 fnt
|faint|p2a: Emo🕶️
|
|-weather|RainDance|[upkeep]
|upkeep
|
|t:|1758244382
|switch|p2a: Flower🪻|Bellossom, M|100/100
|turn|22
|
|t:|1758244385
|-terastallize|p2a: Flower🪻|Fire
|move|p1a: Zapdos|Hurricane|p2a: Flower🪻
|-damage|p2a: Flower🪻|0 fnt
|faint|p2a: Flower🪻
|
|-weather|RainDance|[upkeep]
|upkeep
|
|t:|1758244389
|switch|p2a: Candy apple🍎|Hydrapple, F|100/100
|turn|23
|c|☆burntwafless"|And bellosom is rlly bad btw
|
|t:|1758244403
|move|p1a: Zapdos|Hurricane|p2a: Candy apple🍎
|-supereffective|p2a: Candy apple🍎
|-damage|p2a: Candy apple🍎|0 fnt
|faint|p2a: Candy apple🍎
|
|win|burntwafless"
|raw|burntwafless&quot;'s rating: 1166 &rarr; <strong>1195</strong><br />(+29 for winning)
|raw|llr6236's rating: 1222 &rarr; <strong>1193</strong><br />(-29 for losing)
|l|☆burntwafless"
|player|p1|
|c|☆llr6236|Gg
|l|☆llr6236
|player|p2|
