|j|☆highladderJOBBER69
|j|☆mariah dhdh
|t:|1758262329
|gametype|singles
|player|p1|highladderJOBBER69|biker|1424
|player|p2|mariah dhdh|266|1395
|gen|9
|tier|[Gen 9] OU
|rated|
|rule|HP Percentage Mod: HP is shown in percentages
|rule|Endless Battle Clause: Forcing endless battles is banned
|rule|Species Clause: Limit one of each Pokémon
|rule|OHKO Clause: OHKO moves are banned
|rule|Evasion Items Clause: Evasion items are banned
|rule|Evasion Moves Clause: Evasion moves are banned
|rule|Evasion Abilities Clause: Evasion abilities are banned
|rule|Sleep Moves Clause: Sleep-inducing moves are banned
|clearpoke
|poke|p1|Ninetales-Alola, M|
|poke|p1|Deoxys-Speed|
|poke|p1|Slowbro-Galar, M|
|poke|p1|Kingambit, M|
|poke|p1|Latias, F|
|poke|p1|Okidogi, M|
|poke|p2|Hatterene, F|
|poke|p2|Iron Hands|
|poke|p2|Reuniclus, F|
|poke|p2|Ursaluna, M|
|poke|p2|Conkeldurr, F|
|poke|p2|Lokix, M|
|teampreview
|
|t:|1758262347
|teamsize|p1|6
|teamsize|p2|6
|start
|switch|p1a: 69tales|Ninetales-Alola, M|100/100
|switch|p2a: Lokix|Lokix, M|100/100
|-weather|Snowscape|[from] ability: Snow Warning|[of] p1a: 69tales
|turn|1
|inactive|Battle timer is ON: inactive players will automatically lose when time's up. (requested by highladderJOBBER69)
|
|t:|1758262353
|move|p1a: 69tales|Aurora Veil|p1a: 69tales
|-sidestart|p1: highladderJOBBER69|move: Aurora Veil
|move|p2a: Lokix|Knock Off|p1a: 69tales
|-resisted|p1a: 69tales
|-damage|p1a: 69tales|80/100
|-enditem|p1a: 69tales|Light Clay|[from] move: Knock Off|[of] p2a: Lokix
|
|-weather|Snowscape|[upkeep]
|upkeep
|turn|2
|j| koiled
|j| blulocks
|j| PG Spectating
|
|t:|1758262381
|switch|p1a: LUCKY DOG|Okidogi, M|100/100
|switch|p2a: Hatterene|Hatterene, F|100/100
|
|-weather|Snowscape|[upkeep]
|upkeep
|turn|3
|
|t:|1758262391
|switch|p1a: Stuart Semple|Slowbro-Galar, M|100/100
|move|p2a: Hatterene|Trick Room|p2a: Hatterene
|-fieldstart|move: Trick Room|[of] p2a: Hatterene
|
|-weather|Snowscape|[upkeep]
|upkeep
|turn|4
|
|t:|1758262395
|move|p2a: Hatterene|Psychic|p1a: Stuart Semple
|-damage|p1a: Stuart Semple|67/100
|move|p1a: Stuart Semple|Nasty Plot|p1a: Stuart Semple
|-boost|p1a: Stuart Semple|spa|2
|
|-weather|Snowscape|[upkeep]
|upkeep
|turn|5
|-activate|p1a: Stuart Semple|item: Quick Claw
|
|t:|1758262399
|move|p1a: Stuart Semple|Sludge Bomb|p2a: Hatterene
|-supereffective|p2a: Hatterene
|-damage|p2a: Hatterene|0 fnt
|faint|p2a: Hatterene
|
|-weather|none
|upkeep
|
|t:|1758262408
|switch|p2a: Ursaluna|Ursaluna, M|100/100
|turn|6
|inactive|highladderJOBBER69 has 120 seconds left.
|
|t:|1758262440
|move|p1a: Stuart Semple|Psyshock|p2a: Ursaluna
|-damage|p2a: Ursaluna|44/100
|move|p2a: Ursaluna|Headlong Rush|p1a: Stuart Semple
|-supereffective|p1a: Stuart Semple
|-damage|p1a: Stuart Semple|0 fnt
|-unboost|p2a: Ursaluna|def|1
|-unboost|p2a: Ursaluna|spd|1
|faint|p1a: Stuart Semple
|
|-status|p2a: Ursaluna|brn|[from] item: Flame Orb
|upkeep
|inactive|highladderJOBBER69 has 120 seconds left.
|
|t:|1758262452
|switch|p1a: LUCKY DOG|Okidogi, M|100/100
|turn|7
|
|t:|1758262457
|switch|p1a: Goatias|Latias, F|100/100
|move|p2a: Ursaluna|Headlong Rush|p1a: Goatias
|-immune|p1a: Goatias|[from] ability: Levitate
|
|-damage|p2a: Ursaluna|37/100 brn|[from] brn
|-fieldend|move: Trick Room
|upkeep
|turn|8
|
|t:|1758262466
|switch|p2a: Iron Hands|Iron Hands|100/100
|-enditem|p2a: Iron Hands|Booster Energy
|-activate|p2a: Iron Hands|ability: Quark Drive|[fromitem]
|-start|p2a: Iron Hands|quarkdriveatk
|move|p1a: Goatias|Calm Mind|p1a: Goatias
|-boost|p1a: Goatias|spa|1
|-boost|p1a: Goatias|spd|1
|
|-sideend|p1: highladderJOBBER69|move: Aurora Veil
|upkeep
|turn|9
|
|t:|1758262475
|-terastallize|p2a: Iron Hands|Flying
|move|p1a: Goatias|Stored Power|p2a: Iron Hands
|-damage|p2a: Iron Hands|72/100
|move|p2a: Iron Hands|Ice Punch|p1a: Goatias
|-supereffective|p1a: Goatias
|-damage|p1a: Goatias|38/100
|
|-heal|p1a: Goatias|45/100|[from] item: Leftovers
|upkeep
|turn|10
|inactive|highladderJOBBER69 has 120 seconds left.
|inactive|highladderJOBBER69 has 90 seconds left.
|
|t:|1758262538
|move|p1a: Goatias|Stored Power|p2a: Iron Hands
|-damage|p2a: Iron Hands|45/100
|move|p2a: Iron Hands|Ice Punch|p1a: Goatias
|-supereffective|p1a: Goatias
|-damage|p1a: Goatias|0 fnt
|faint|p1a: Goatias
|
|upkeep
|
|t:|1758262540
|switch|p1a: 69tales|Ninetales-Alola, M|80/100
|-weather|Snowscape|[from] ability: Snow Warning|[of] p1a: 69tales
|turn|11
|
|t:|1758262549
|move|p1a: 69tales|Freeze-Dry|p2a: Iron Hands
|-supereffective|p2a: Iron Hands
|-damage|p2a: Iron Hands|10/100
|move|p2a: Iron Hands|Volt Switch|p1a: 69tales
|-damage|p1a: 69tales|68/100
|
|t:|1758262560
|-end|p2a: Iron Hands|Quark Drive|[silent]
|switch|p2a: Reuniclus|Reuniclus, F|100/100|[from] Volt Switch
|
|-weather|Snowscape|[upkeep]
|upkeep
|turn|12
|
|t:|1758262564
|move|p1a: 69tales|Aurora Veil|p1a: 69tales
|-sidestart|p1: highladderJOBBER69|move: Aurora Veil
|move|p2a: Reuniclus|Trick Room|p2a: Reuniclus
|-fieldstart|move: Trick Room|[of] p2a: Reuniclus
|
|-weather|Snowscape|[upkeep]
|upkeep
|turn|13
|
|t:|1758262571
|move|p2a: Reuniclus|Psychic|p1a: 69tales
|-damage|p1a: 69tales|35/100
|move|p1a: 69tales|Freeze-Dry|p2a: Reuniclus
|-damage|p2a: Reuniclus|81/100
|
|-weather|Snowscape|[upkeep]
|upkeep
|turn|14
|
|t:|1758262578
|move|p2a: Reuniclus|Psychic|p1a: 69tales
|-damage|p1a: 69tales|2/100
|move|p1a: 69tales|Freeze-Dry|p2a: Reuniclus
|-damage|p2a: Reuniclus|64/100
|
|-weather|Snowscape|[upkeep]
|upkeep
|turn|15
|c|☆highladderJOBBER69|im dumbe
|
|t:|1758262587
|switch|p2a: Iron Hands|Iron Hands, tera:Flying|10/100
|move|p1a: 69tales|Encore||[still]
|-fail|p1a: 69tales
|
|-weather|none
|upkeep
|turn|16
|l| blulocks
|
|t:|1758262595
|move|p2a: Iron Hands|Volt Switch|p1a: 69tales
|-damage|p1a: 69tales|0 fnt
|faint|p1a: 69tales
|
|t:|1758262600
|-end|p2a: Iron Hands|Quark Drive|[silent]
|switch|p2a: Conkeldurr|Conkeldurr, F|100/100|[from] Volt Switch
|
|-sideend|p1: highladderJOBBER69|move: Aurora Veil
|-fieldend|move: Trick Room
|-status|p2a: Conkeldurr|brn|[from] item: Flame Orb
|upkeep
|
|t:|1758262606
|switch|p1a: Omari Q|Deoxys-Speed|100/100
|-ability|p1a: Omari Q|Pressure
|turn|17
|
|t:|1758262619
|move|p1a: Omari Q|Psycho Boost|p2a: Conkeldurr
|-supereffective|p2a: Conkeldurr
|-damage|p2a: Conkeldurr|0 fnt
|-unboost|p1a: Omari Q|spa|2
|faint|p2a: Conkeldurr
|-damage|p1a: Omari Q|91/100|[from] item: Life Orb
|
|upkeep
|
|t:|1758262623
|switch|p2a: Lokix|Lokix, M|100/100
|turn|18
|
|t:|1758262629
|move|p1a: Omari Q|Focus Blast|p2a: Lokix
|-damage|p2a: Lokix|59/100
|-damage|p1a: Omari Q|81/100|[from] item: Life Orb
|move|p2a: Lokix|U-turn|p1a: Omari Q
|-supereffective|p1a: Omari Q
|-damage|p1a: Omari Q|0 fnt
|faint|p1a: Omari Q
|
|t:|1758262642
|switch|p2a: Reuniclus|Reuniclus, F|64/100|[from] U-turn
|
|upkeep
|
|t:|1758262651
|switch|p1a: LUCKY DOG|Okidogi, M|100/100
|turn|19
|
|t:|1758262656
|move|p1a: LUCKY DOG|Knock Off|p2a: Reuniclus
|-supereffective|p2a: Reuniclus
|-damage|p2a: Reuniclus|0 fnt
|-enditem|p2a: Reuniclus|Life Orb|[from] move: Knock Off|[of] p1a: LUCKY DOG
|faint|p2a: Reuniclus
|
|upkeep
|
|t:|1758262661
|switch|p2a: Ursaluna|Ursaluna, M|37/100 brn
|turn|20
|
|t:|1758262665
|move|p1a: LUCKY DOG|Drain Punch|p2a: Ursaluna
|-supereffective|p2a: Ursaluna
|-damage|p2a: Ursaluna|0 fnt
|faint|p2a: Ursaluna
|
|upkeep
|-message|mariah dhdh forfeited.
|
|win|highladderJOBBER69
|raw|highladderJOBBER69's rating: 1424 &rarr; <strong>1442</strong><br />(+18 for winning)
|raw|mariah dhdh's rating: 1395 &rarr; <strong>1377</strong><br />(-18 for losing)
|l|☆mariah dhdh
|player|p2|
|l| PG Spectating
