|j|‽dominicano 5555
|j|☆hurricannes77
|t:|1758288836
|gametype|singles
|player|p1|dominicano 5555|1|1204
|player|p2|hurricannes77|266|1172
|gen|9
|tier|[Gen 9] OU
|rated|
|rule|HP Percentage Mod: HP is shown in percentages
|rule|Endless Battle Clause: Forcing endless battles is banned
|rule|Species Clause: Limit one of each Pokémon
|rule|OHKO Clause: OHKO moves are banned
|rule|Evasion Items Clause: Evasion items are banned
|rule|Evasion Moves Clause: Evasion moves are banned
|rule|Evasion Abilities Clause: Evasion abilities are banned
|rule|Sleep Moves Clause: Sleep-inducing moves are banned
|clearpoke
|poke|p1|Electrode|
|poke|p1|Araquanid, F|
|poke|p1|Ceruledge, M|
|poke|p1|Chesnaught, F|
|poke|p1|Arboliva, M|
|poke|p1|Thundurus-Therian, M|
|poke|p2|Fezandipiti, M|
|poke|p2|Dragapult, M|
|poke|p2|Great Tusk|
|poke|p2|Samurott-Hisui, F|
|poke|p2|Moltres|
|poke|p2|Scizor, M|
|teampreview
|
|t:|1758288855
|teamsize|p1|6
|teamsize|p2|6
|start
|switch|p1a: Thundurus|Thundurus-Therian, M|100/100
|switch|p2a: Samurott|Samurott-Hisui, F|100/100
|turn|1
|inactive|Battle timer is ON: inactive players will automatically lose when time's up. (requested by dominicano 5555)
|
|t:|1758288866
|switch|p2a: Great Tusk|Great Tusk|100/100
|move|p1a: Thundurus|Volt Switch|p2a: Great Tusk
|-immune|p2a: Great Tusk
|
|upkeep
|turn|2
|
|t:|1758288874
|switch|p1a: Chesnaught|Chesnaught, F|100/100
|move|p2a: Great Tusk|Rapid Spin|p1a: Chesnaught
|-damage|p1a: Chesnaught|92/100
|-boost|p2a: Great Tusk|spe|1
|
|upkeep
|turn|3
|
|t:|1758288882
|-end|p2a: Great Tusk|Protosynthesis|[silent]
|switch|p2a: Moltres|Moltres|100/100
|move|p1a: Chesnaught|Knock Off|p2a: Moltres
|-damage|p2a: Moltres|84/100
|-status|p1a: Chesnaught|brn|[from] ability: Flame Body|[of] p2a: Moltres
|-enditem|p1a: Chesnaught|Lum Berry|[eat]
|-curestatus|p1a: Chesnaught|brn|[msg]
|-enditem|p2a: Moltres|Heavy-Duty Boots|[from] move: Knock Off|[of] p1a: Chesnaught
|
|upkeep
|turn|4
|
|t:|1758288893
|switch|p1a: Araquanid|Araquanid, F|100/100
|move|p2a: Moltres|Will-O-Wisp|p1a: Araquanid
|-immune|p1a: Araquanid|[from] ability: Water Bubble
|
|upkeep
|turn|5
|
|t:|1758288906
|move|p2a: Moltres|U-turn|p1a: Araquanid
|-damage|p1a: Araquanid|84/100
|
|t:|1758288910
|switch|p2a: Fezandipiti|Fezandipiti, M|100/100|[from] U-turn
|move|p1a: Araquanid|Sticky Web|p2a: Fezandipiti
|-sidestart|p2: hurricannes77|move: Sticky Web
|
|-heal|p1a: Araquanid|90/100|[from] item: Leftovers
|upkeep
|turn|6
|
|t:|1758288920
|move|p2a: Fezandipiti|Beat Up|p1a: Araquanid
|-damage|p1a: Araquanid|86/100
|-status|p1a: Araquanid|tox|[from] ability: Toxic Chain|[of] p2a: Fezandipiti
|-damage|p1a: Araquanid|81/100 tox
|-damage|p1a: Araquanid|77/100 tox
|-damage|p1a: Araquanid|73/100 tox
|-damage|p1a: Araquanid|68/100 tox
|-damage|p1a: Araquanid|63/100 tox
|-hitcount|p1a: Araquanid|6
|move|p1a: Araquanid|Liquidation|p2a: Fezandipiti
|-damage|p2a: Fezandipiti|51/100
|
|-heal|p1a: Araquanid|69/100 tox|[from] item: Leftovers
|-damage|p1a: Araquanid|63/100 tox|[from] psn
|upkeep
|turn|7
|
|t:|1758288936
|move|p2a: Fezandipiti|Play Rough|p1a: Araquanid
|-damage|p1a: Araquanid|25/100 tox
|move|p1a: Araquanid|Liquidation|p2a: Fezandipiti
|-damage|p2a: Fezandipiti|8/100
|
|-heal|p1a: Araquanid|31/100 tox|[from] item: Leftovers
|-damage|p1a: Araquanid|19/100 tox|[from] psn
|upkeep
|turn|8
|
|t:|1758288945
|move|p2a: Fezandipiti|Roost|p2a: Fezandipiti
|-heal|p2a: Fezandipiti|58/100
|-singleturn|p2a: Fezandipiti|move: Roost
|move|p1a: Araquanid|Liquidation|p2a: Fezandipiti
|-damage|p2a: Fezandipiti|11/100
|
|-heal|p1a: Araquanid|25/100 tox|[from] item: Leftovers
|-damage|p1a: Araquanid|6/100 tox|[from] psn
|upkeep
|turn|9
|
|t:|1758288953
|move|p2a: Fezandipiti|Roost|p2a: Fezandipiti
|-heal|p2a: Fezandipiti|61/100
|-singleturn|p2a: Fezandipiti|move: Roost
|move|p1a: Araquanid|Liquidation|p2a: Fezandipiti
|-damage|p2a: Fezandipiti|11/100
|-unboost|p2a: Fezandipiti|def|1
|
|-heal|p1a: Araquanid|13/100 tox|[from] item: Leftovers
|-damage|p1a: Araquanid|0 fnt|[from] psn
|faint|p1a: Araquanid
|upkeep
|
|t:|1758288971
|switch|p1a: Thundurus|Thundurus-Therian, M|100/100
|turn|10
|
|t:|1758288977
|move|p1a: Thundurus|Tera Blast|p2a: Fezandipiti
|-damage|p2a: Fezandipiti|0 fnt
|faint|p2a: Fezandipiti
|
|upkeep
|
|t:|1758288986
|switch|p2a: Dragapult|Dragapult, M|100/100
|-activate|p2a: Dragapult|move: Sticky Web
|-unboost|p2a: Dragapult|spe|1
|turn|11
|
|t:|1758288993
|switch|p1a: Arboliva|Arboliva, M|100/100
|move|p2a: Dragapult|Draco Meteor|p1a: Arboliva
|-damage|p1a: Arboliva|45/100
|-unboost|p2a: Dragapult|spa|2
|-fieldstart|move: Grassy Terrain|[from] ability: Seed Sower|[of] p1a: Arboliva
|
|-heal|p1a: Arboliva|51/100|[from] Grassy Terrain
|upkeep
|turn|12
|
|t:|1758289013
|switch|p2a: Moltres|Moltres|84/100
|switch|p1a: Thundurus|Thundurus-Therian, M|100/100
|
|upkeep
|turn|13
|
|t:|1758289024
|-terastallize|p1a: Thundurus|Water
|move|p1a: Thundurus|Tera Blast|p2a: Moltres|[anim] Tera Blast Water
|-supereffective|p2a: Moltres
|-damage|p2a: Moltres|0 fnt
|faint|p2a: Moltres
|
|upkeep
|-message|hurricannes77 forfeited.
|
|win|dominicano 5555
|raw|dominicano 5555's rating: 1204 &rarr; <strong>1227</strong><br />(+23 for winning)
|raw|hurricannes77's rating: 1172 &rarr; <strong>1149</strong><br />(-23 for losing)
|l|☆hurricannes77
|player|p2|
