|j|☆GFYSYDAR
|j|☆poifunlol99
|t:|1758302508
|gametype|singles
|player|p1|GFYSYDAR|scientist-gen4dp|1310
|player|p2|poifunlol99|miku-fire|1259
|gen|9
|tier|[Gen 9] OU
|rated|
|rule|HP Percentage Mod: HP is shown in percentages
|rule|Endless Battle Clause: Forcing endless battles is banned
|rule|Species Clause: Limit one of each Pokémon
|rule|OHKO Clause: OHKO moves are banned
|rule|Evasion Items Clause: Evasion items are banned
|rule|Evasion Moves Clause: Evasion moves are banned
|rule|Evasion Abilities Clause: Evasion abilities are banned
|rule|Sleep Moves Clause: Sleep-inducing moves are banned
|clearpoke
|poke|p1|Electrode-Hisui|
|poke|p1|Gallade, M|
|poke|p1|Slowking-Galar, F|
|poke|p1|Alomomola, F|
|poke|p1|Great Tusk|
|poke|p1|Landorus-Therian, M|
|poke|p2|Skarmory, F|
|poke|p2|Garchomp, F|
|poke|p2|Ogerpon-Wellspring, F|
|poke|p2|Chandelure, F|
|poke|p2|Typhlosion, F|
|poke|p2|Medicham, M|
|teampreview
|inactive|Battle timer is ON: inactive players will automatically lose when time's up. (requested by GFYSYDAR)
|
|t:|1758302520
|teamsize|p1|6
|teamsize|p2|6
|start
|switch|p1a: Landorus|Landorus-Therian, M|100/100
|switch|p2a: Typhlosion|Typhlosion, F|100/100
|-ability|p1a: Landorus|Intimidate|boost
|-unboost|p2a: Typhlosion|atk|1
|turn|1
|
|t:|1758302530
|switch|p1a: Slowking|Slowking-Galar, F|100/100
|move|p2a: Typhlosion|Eruption|p1a: Slowking
|-damage|p1a: Slowking|39/100
|
|upkeep
|turn|2
|
|t:|1758302541
|-terastallize|p1a: Slowking|Water
|move|p2a: Typhlosion|Eruption|p1a: Slowking
|-resisted|p1a: Slowking
|-damage|p1a: Slowking|7/100
|-prepare|p1a: Slowking|Chilly Reception|[premajor]
|move|p1a: Slowking|Chilly Reception|p1a: Slowking
|-weather|Snowscape
|
|t:|1758302551
|switch|p1a: Electrode|Electrode-Hisui, shiny|100/100|[from] Chilly Reception
|
|-weather|Snowscape|[upkeep]
|upkeep
|turn|3
|
|t:|1758302556
|switch|p2a: Garchomp|Garchomp, F|100/100
|move|p1a: Electrode|Volt Switch|p2a: Garchomp
|-immune|p2a: Garchomp
|
|-weather|Snowscape|[upkeep]
|upkeep
|turn|4
|
|t:|1758302566
|switch|p1a: Landorus|Landorus-Therian, M|100/100
|-ability|p1a: Landorus|Intimidate|boost
|-unboost|p2a: Garchomp|atk|1
|move|p2a: Garchomp|Spikes|p1a: Landorus
|-sidestart|p1: GFYSYDAR|Spikes
|
|-weather|Snowscape|[upkeep]
|upkeep
|turn|5
|
|t:|1758302576
|move|p1a: Landorus|Stealth Rock|p2a: Garchomp
|-sidestart|p2: poifunlol99|move: Stealth Rock
|move|p2a: Garchomp|Dragon Tail|p1a: Landorus
|-damage|p1a: Landorus|87/100
|-damage|p2a: Garchomp|84/100|[from] item: Rocky Helmet|[of] p1a: Landorus
|drag|p1a: Electrode|Electrode-Hisui, shiny|100/100
|-damage|p1a: Electrode|88/100|[from] Spikes
|
|-weather|Snowscape|[upkeep]
|upkeep
|turn|6
|
|t:|1758302587
|move|p1a: Electrode|Leaf Storm|p2a: Garchomp
|-damage|p2a: Garchomp|5/100
|-unboost|p1a: Electrode|spa|2
|move|p2a: Garchomp|Spikes|p1a: Electrode
|-sidestart|p1: GFYSYDAR|Spikes
|
|-weather|none
|upkeep
|turn|7
|
|t:|1758302595
|move|p1a: Electrode|Leaf Storm|p2a: Garchomp
|-damage|p2a: Garchomp|0 fnt
|-unboost|p1a: Electrode|spa|2
|faint|p2a: Garchomp
|
|upkeep
|
|t:|1758302603
|switch|p2a: Typhlosion|Typhlosion, F|100/100
|-damage|p2a: Typhlosion|76/100|[from] Stealth Rock
|turn|8
|
|t:|1758302608
|switch|p1a: Slowking|Slowking-Galar, F, tera:Water|41/100
|move|p2a: Typhlosion|Overheat|p1a: Slowking|[miss]
|-miss|p2a: Typhlosion|p1a: Slowking
|
|upkeep
|turn|9
|
|t:|1758302619
|move|p2a: Typhlosion|Overheat|p1a: Slowking
|-resisted|p1a: Slowking
|-damage|p1a: Slowking|14/100
|-unboost|p2a: Typhlosion|spa|2
|-prepare|p1a: Slowking|Chilly Reception|[premajor]
|move|p1a: Slowking|Chilly Reception|p1a: Slowking
|-weather|Snowscape
|
|t:|1758302627
|switch|p1a: Electrode|Electrode-Hisui, shiny|88/100|[from] Chilly Reception
|-damage|p1a: Electrode|72/100|[from] Spikes
|
|-weather|Snowscape|[upkeep]
|upkeep
|turn|10
|
|t:|1758302634
|move|p1a: Electrode|Volt Switch|p2a: Typhlosion
|-damage|p2a: Typhlosion|22/100
|
|t:|1758302637
|switch|p1a: Slowking|Slowking-Galar, F, tera:Water|47/100|[from] Volt Switch
|move|p2a: Typhlosion|Overheat|p1a: Slowking
|-resisted|p1a: Slowking
|-damage|p1a: Slowking|35/100
|-unboost|p2a: Typhlosion|spa|2
|
|-weather|Snowscape|[upkeep]
|upkeep
|turn|11
|
|t:|1758302647
|switch|p2a: Medicham|Medicham, M|100/100
|-damage|p2a: Medicham|94/100|[from] Stealth Rock
|-prepare|p1a: Slowking|Chilly Reception|[premajor]
|move|p1a: Slowking|Chilly Reception|p1a: Slowking
|
|t:|1758302654
|switch|p1a: Landorus|Landorus-Therian, M|87/100|[from] Chilly Reception
|-ability|p1a: Landorus|Intimidate|boost
|-unboost|p2a: Medicham|atk|1
|
|-weather|Snowscape|[upkeep]
|upkeep
|turn|12
|
|t:|1758302661
|switch|p1a: Alomomola|Alomomola, F, shiny|100/100
|move|p2a: Medicham|Trick|p1a: Alomomola
|-activate|p2a: Medicham|move: Trick|[of] p1a: Alomomola
|-item|p1a: Alomomola|Choice Band|[from] move: Trick
|-item|p2a: Medicham|Heavy-Duty Boots|[from] move: Trick
|
|-weather|Snowscape|[upkeep]
|upkeep
|turn|13
|
|t:|1758302668
|move|p2a: Medicham|Zen Headbutt|p1a: Alomomola
|-damage|p1a: Alomomola|81/100
|move|p1a: Alomomola|Body Slam|p2a: Medicham
|-damage|p2a: Medicham|55/100
|
|-weather|none
|upkeep
|turn|14
|
|t:|1758302676
|switch|p2a: Chandelure|Chandelure, F|100/100
|-damage|p2a: Chandelure|75/100|[from] Stealth Rock
|move|p1a: Alomomola|Body Slam|p2a: Chandelure
|-immune|p2a: Chandelure
|
|upkeep
|turn|15
|
|t:|1758302685
|switch|p1a: Slowking|Slowking-Galar, F, tera:Water|68/100
|move|p2a: Chandelure|Shadow Ball|p1a: Slowking
|-damage|p1a: Slowking|44/100
|
|upkeep
|turn|16
|
|t:|1758302692
|move|p2a: Chandelure|Shadow Ball|p1a: Slowking
|-damage|p1a: Slowking|23/100
|-prepare|p1a: Slowking|Chilly Reception|[premajor]
|move|p1a: Slowking|Chilly Reception|p1a: Slowking
|-weather|Snowscape
|
|t:|1758302699
|switch|p1a: Landorus|Landorus-Therian, M|87/100|[from] Chilly Reception
|-ability|p1a: Landorus|Intimidate|boost
|-unboost|p2a: Chandelure|atk|1
|
|-weather|Snowscape|[upkeep]
|upkeep
|turn|17
|
|t:|1758302706
|switch|p2a: Skarmory|Skarmory, F|100/100
|move|p1a: Landorus|Earthquake|p2a: Skarmory
|-immune|p2a: Skarmory
|
|-weather|Snowscape|[upkeep]
|upkeep
|turn|18
|
|t:|1758302714
|move|p1a: Landorus|Taunt|p2a: Skarmory
|-start|p2a: Skarmory|move: Taunt
|cant|p2a: Skarmory|move: Taunt|Stealth Rock
|
|-weather|Snowscape|[upkeep]
|upkeep
|turn|19
|
|t:|1758302725
|switch|p1a: Slowking|Slowking-Galar, F, tera:Water|56/100
|switch|p2a: Typhlosion|Typhlosion, F|22/100
|-damage|p2a: Typhlosion|0 fnt|[from] Stealth Rock
|faint|p2a: Typhlosion
|
|-weather|Snowscape|[upkeep]
|upkeep
|
|t:|1758302734
|switch|p2a: Chandelure|Chandelure, F|75/100
|-damage|p2a: Chandelure|50/100|[from] Stealth Rock
|turn|20
|
|t:|1758302738
|move|p2a: Chandelure|Trick|p1a: Slowking
|-activate|p2a: Chandelure|move: Trick|[of] p1a: Slowking
|-item|p1a: Slowking|Choice Scarf|[from] move: Trick
|-item|p2a: Chandelure|Heavy-Duty Boots|[from] move: Trick
|move|p1a: Slowking|Toxic|p2a: Chandelure
|-status|p2a: Chandelure|tox
|
|-weather|none
|-damage|p2a: Chandelure|44/100 tox|[from] psn
|upkeep
|turn|21
|c|☆GFYSYDAR|Gg
|
|t:|1758302751
|switch|p1a: Alomomola|Alomomola, F, shiny|100/100
|-damage|p1a: Alomomola|84/100|[from] Spikes
|move|p2a: Chandelure|Shadow Ball|p1a: Alomomola
|-damage|p1a: Alomomola|38/100
|
|-damage|p2a: Chandelure|32/100 tox|[from] psn
|upkeep
|turn|22
|
|t:|1758302761
|switch|p1a: Slowking|Slowking-Galar, F, tera:Water|89/100
|-damage|p1a: Slowking|73/100|[from] Spikes
|move|p2a: Chandelure|Energy Ball|p1a: Slowking
|-supereffective|p1a: Slowking
|-damage|p1a: Slowking|40/100
|
|-damage|p2a: Chandelure|13/100 tox|[from] psn
|upkeep
|turn|23
|
|t:|1758302771
|move|p2a: Chandelure|Flamethrower|p1a: Slowking
|-resisted|p1a: Slowking
|-damage|p1a: Slowking|27/100
|-prepare|p1a: Slowking|Chilly Reception|[premajor]
|move|p1a: Slowking|Chilly Reception|p1a: Slowking
|-weather|Snowscape
|
|t:|1758302777
|switch|p1a: Electrode|Electrode-Hisui, shiny|72/100|[from] Chilly Reception
|-damage|p1a: Electrode|55/100|[from] Spikes
|
|-weather|Snowscape|[upkeep]
|-damage|p2a: Chandelure|0 fnt|[from] psn
|faint|p2a: Chandelure
|upkeep
|
|t:|1758302787
|switch|p2a: Medicham|Medicham, M|55/100
|turn|24
|
|t:|1758302793
|switch|p1a: Landorus|Landorus-Therian, M|87/100
|-ability|p1a: Landorus|Intimidate|boost
|-unboost|p2a: Medicham|atk|1
|move|p2a: Medicham|Zen Headbutt|p1a: Landorus
|-damage|p1a: Landorus|64/100
|-damage|p2a: Medicham|38/100|[from] item: Rocky Helmet|[of] p1a: Landorus
|
|-weather|Snowscape|[upkeep]
|upkeep
|turn|25
|
|t:|1758302803
|switch|p1a: Alomomola|Alomomola, F, shiny|71/100
|-damage|p1a: Alomomola|55/100|[from] Spikes
|move|p2a: Medicham|Zen Headbutt|p1a: Alomomola
|-damage|p1a: Alomomola|37/100
|
|-weather|Snowscape|[upkeep]
|upkeep
|turn|26
|
|t:|1758302812
|move|p2a: Medicham|Close Combat|p1a: Alomomola
|-damage|p1a: Alomomola|12/100
|-unboost|p2a: Medicham|def|1
|-unboost|p2a: Medicham|spd|1
|move|p1a: Alomomola|Wish|p1a: Alomomola
|
|-weather|Snowscape|[upkeep]
|upkeep
|turn|27
|
|t:|1758302823
|switch|p2a: Ogerpon|Ogerpon-Wellspring, F|100/100
|-damage|p2a: Ogerpon|88/100|[from] Stealth Rock
|switch|p1a: Landorus|Landorus-Therian, M|64/100
|-ability|p1a: Landorus|Intimidate|boost
|-unboost|p2a: Ogerpon|atk|1
|
|-weather|none
|-heal|p1a: Landorus|100/100|[from] move: Wish|[wisher] Alomomola
|upkeep
|turn|28
|
|t:|1758302834
|move|p2a: Ogerpon|Swords Dance|p2a: Ogerpon
|-boost|p2a: Ogerpon|atk|2
|move|p1a: Landorus|U-turn|p2a: Ogerpon
|-supereffective|p2a: Ogerpon
|-crit|p2a: Ogerpon
|-damage|p2a: Ogerpon|0 fnt
|faint|p2a: Ogerpon
|-message|poifunlol99 forfeited.
|
|win|GFYSYDAR
|raw|GFYSYDAR's rating: 1310 &rarr; <strong>1327</strong><br />(+17 for winning)
|raw|poifunlol99's rating: 1259 &rarr; <strong>1238</strong><br />(-21 for losing)
|c|☆GFYSYDAR|Lol
|l|☆poifunlol99
|player|p2|
