|j|☆CaylieGetsAngy
|j|☆catcat77
|t:|1758322254
|gametype|singles
|player|p1|CaylieGetsAngy|170|1680
|player|p2|catcat77|1|1669
|gen|9
|tier|[Gen 9] OU
|rated|
|rule|HP Percentage Mod: HP is shown in percentages
|rule|Endless Battle Clause: Forcing endless battles is banned
|rule|Species Clause: Limit one of each Pokémon
|rule|OHKO Clause: OHKO moves are banned
|rule|Evasion Items Clause: Evasion items are banned
|rule|Evasion Moves Clause: Evasion moves are banned
|rule|Evasion Abilities Clause: Evasion abilities are banned
|rule|Sleep Moves Clause: Sleep-inducing moves are banned
|clearpoke
|poke|p1|Alomomola, M|
|poke|p1|Lokix, M|
|poke|p1|Toxicroak, F|
|poke|p1|Gliscor, F|
|poke|p1|Slowking-Galar, F|
|poke|p1|Great Tusk|
|poke|p2|Ogerpon-Wellspring, F|
|poke|p2|Kingambit, M|
|poke|p2|Great Tusk|
|poke|p2|Raging Bolt|
|poke|p2|Zamazenta-*|
|poke|p2|Iron Crown|
|teampreview
|inactive|Battle timer is ON: inactive players will automatically lose when time's up. (requested by CaylieGetsAngy)
|
|t:|1758322263
|teamsize|p1|6
|teamsize|p2|6
|start
|switch|p1a: Lokix|Lokix, M|100/100
|switch|p2a: Raging Bolt|Raging Bolt|100/100
|turn|1
|
|t:|1758322269
|move|p1a: Lokix|U-turn|p2a: Raging Bolt
|-damage|p2a: Raging Bolt|58/100
|
|t:|1758322271
|switch|p1a: Slowking|Slowking-Galar, F|100/100|[from] U-turn
|move|p2a: Raging Bolt|Draco Meteor|p1a: Slowking
|-damage|p1a: Slowking|63/100
|-unboost|p2a: Raging Bolt|spa|2
|
|-heal|p2a: Raging Bolt|64/100|[from] item: Leftovers
|upkeep
|turn|2
|
|t:|1758322283
|-end|p2a: Raging Bolt|Protosynthesis|[silent]
|switch|p2a: Kingambit|Kingambit, M|100/100
|move|p1a: Slowking|Ice Beam|p2a: Kingambit
|-resisted|p2a: Kingambit
|-damage|p2a: Kingambit|88/100
|
|upkeep
|turn|3
|j| ivo-arg
|
|t:|1758322290
|switch|p1a: Toxicroak|Toxicroak, F|100/100
|move|p2a: Kingambit|Iron Head|p1a: Toxicroak
|-damage|p1a: Toxicroak|55/100
|-damage|p2a: Kingambit|72/100|[from] item: Rocky Helmet|[of] p1a: Toxicroak
|
|upkeep
|turn|4
|
|t:|1758322296
|switch|p2a: Zamazenta|Zamazenta|100/100
|-ability|p2a: Zamazenta|Dauntless Shield|boost
|-boost|p2a: Zamazenta|def|1
|move|p1a: Toxicroak|Drain Punch|p2a: Zamazenta
|-damage|p2a: Zamazenta|90/100
|-heal|p1a: Toxicroak|60/100|[from] drain|[of] p2a: Zamazenta
|
|-heal|p2a: Zamazenta|97/100|[from] item: Leftovers
|upkeep
|turn|5
|
|t:|1758322304
|switch|p1a: Slowking|Slowking-Galar, F|96/100
|move|p2a: Zamazenta|Iron Defense|p2a: Zamazenta
|-boost|p2a: Zamazenta|def|2
|
|-heal|p2a: Zamazenta|100/100|[from] item: Leftovers
|upkeep
|turn|6
|
|t:|1758322307
|move|p2a: Zamazenta|Light Screen|p2a: Zamazenta
|-sidestart|p2: catcat77|move: Light Screen
|move|p1a: Slowking|Psychic Noise|p2a: Zamazenta
|-supereffective|p2a: Zamazenta
|-damage|p2a: Zamazenta|72/100
|-start|p2a: Zamazenta|move: Heal Block
|
|upkeep
|turn|7
|
|t:|1758322312
|switch|p2a: Kingambit|Kingambit, M|72/100
|move|p1a: Slowking|Psychic Noise|p2a: Kingambit
|-immune|p2a: Kingambit
|
|upkeep
|turn|8
|
|t:|1758322318
|switch|p1a: Alomomola|Alomomola, M|100/100
|move|p2a: Kingambit|Iron Head|p1a: Alomomola
|-resisted|p1a: Alomomola
|-damage|p1a: Alomomola|87/100
|
|upkeep
|turn|9
|
|t:|1758322325
|switch|p2a: Ogerpon|Ogerpon-Wellspring, F|100/100
|move|p1a: Alomomola|Wish|p1a: Alomomola
|
|upkeep
|turn|10
|
|t:|1758322328
|switch|p1a: Toxicroak|Toxicroak, F|60/100
|move|p2a: Ogerpon|Swords Dance|p2a: Ogerpon
|-boost|p2a: Ogerpon|atk|2
|
|-heal|p1a: Toxicroak|100/100|[from] move: Wish|[wisher] Alomomola
|-sideend|p2: catcat77|move: Light Screen
|upkeep
|turn|11
|
|t:|1758322340
|switch|p2a: Zamazenta|Zamazenta|72/100
|move|p1a: Toxicroak|Gunk Shot|p2a: Zamazenta
|-damage|p2a: Zamazenta|46/100
|-status|p2a: Zamazenta|psn
|
|-heal|p2a: Zamazenta|52/100 psn|[from] item: Leftovers
|-damage|p2a: Zamazenta|40/100 psn|[from] psn
|upkeep
|turn|12
|
|t:|1758322347
|move|p2a: Zamazenta|Light Screen|p2a: Zamazenta
|-sidestart|p2: catcat77|move: Light Screen
|move|p1a: Toxicroak|Encore|p2a: Zamazenta
|-start|p2a: Zamazenta|Encore
|
|-heal|p2a: Zamazenta|46/100 psn|[from] item: Leftovers
|-damage|p2a: Zamazenta|34/100 psn|[from] psn
|upkeep
|turn|13
|
|t:|1758322353
|switch|p2a: Great Tusk|Great Tusk|100/100
|move|p1a: Toxicroak|Knock Off|p2a: Great Tusk
|-resisted|p2a: Great Tusk
|-damage|p2a: Great Tusk|94/100
|-damage|p1a: Toxicroak|84/100|[from] item: Rocky Helmet|[of] p2a: Great Tusk
|-enditem|p2a: Great Tusk|Rocky Helmet|[from] move: Knock Off|[of] p1a: Toxicroak
|
|upkeep
|turn|14
|
|t:|1758322357
|switch|p1a: Alomomola|Alomomola, M|100/100
|move|p2a: Great Tusk|Headlong Rush|p1a: Alomomola
|-damage|p1a: Alomomola|63/100
|-unboost|p2a: Great Tusk|def|1
|-unboost|p2a: Great Tusk|spd|1
|
|upkeep
|turn|15
|
|t:|1758322363
|-end|p2a: Great Tusk|Protosynthesis|[silent]
|switch|p2a: Raging Bolt|Raging Bolt|64/100
|move|p1a: Alomomola|Flip Turn|p2a: Raging Bolt
|-resisted|p2a: Raging Bolt
|-damage|p2a: Raging Bolt|57/100
|
|t:|1758322368
|switch|p1a: Gliscor|Gliscor, F|100/100|[from] Flip Turn
|
|-heal|p2a: Raging Bolt|63/100|[from] item: Leftovers
|-status|p1a: Gliscor|tox|[from] item: Toxic Orb
|upkeep
|turn|16
|
|t:|1758322373
|move|p1a: Gliscor|Earthquake|p2a: Raging Bolt
|-supereffective|p2a: Raging Bolt
|-damage|p2a: Raging Bolt|9/100
|move|p2a: Raging Bolt|Calm Mind|p2a: Raging Bolt
|-boost|p2a: Raging Bolt|spa|1
|-boost|p2a: Raging Bolt|spd|1
|
|-heal|p2a: Raging Bolt|15/100|[from] item: Leftovers
|-sideend|p2: catcat77|move: Light Screen
|upkeep
|turn|17
|
|t:|1758322377
|move|p1a: Gliscor|Knock Off|p2a: Raging Bolt
|-damage|p2a: Raging Bolt|0 fnt
|-enditem|p2a: Raging Bolt|Leftovers|[from] move: Knock Off|[of] p1a: Gliscor
|faint|p2a: Raging Bolt
|-end|p2a: Raging Bolt|Protosynthesis|[silent]
|
|upkeep
|
|t:|1758322380
|switch|p2a: Ogerpon|Ogerpon-Wellspring, F|100/100
|turn|18
|
|t:|1758322383
|switch|p2a: Iron Crown|Iron Crown|100/100
|move|p1a: Gliscor|Toxic|p2a: Iron Crown
|-immune|p2a: Iron Crown
|
|upkeep
|turn|19
|
|t:|1758322389
|move|p2a: Iron Crown|Tachyon Cutter|p1a: Gliscor
|-damage|p1a: Gliscor|67/100 tox
|-damage|p1a: Gliscor|32/100 tox
|-hitcount|p1a: Gliscor|2
|move|p1a: Gliscor|Earthquake|p2a: Iron Crown
|-supereffective|p2a: Iron Crown
|-damage|p2a: Iron Crown|33/100
|
|-heal|p1a: Gliscor|44/100 tox|[from] ability: Poison Heal
|upkeep
|turn|20
|
|t:|1758322393
|switch|p1a: Alomomola|Alomomola, M|96/100
|move|p2a: Iron Crown|Tachyon Cutter|p1a: Alomomola
|-resisted|p1a: Alomomola
|-damage|p1a: Alomomola|79/100
|-resisted|p1a: Alomomola
|-damage|p1a: Alomomola|63/100
|-hitcount|p1a: Alomomola|2
|
|upkeep
|turn|21
|
|t:|1758322400
|-end|p2a: Iron Crown|Quark Drive|[silent]
|switch|p2a: Ogerpon|Ogerpon-Wellspring, F|100/100
|move|p1a: Alomomola|Flip Turn|p2a: Ogerpon
|-immune|p2a: Ogerpon|[from] ability: Water Absorb
|
|upkeep
|turn|22
|
|t:|1758322405
|switch|p1a: Toxicroak|Toxicroak, F|84/100
|move|p2a: Ogerpon|Knock Off|p1a: Toxicroak
|-resisted|p1a: Toxicroak
|-damage|p1a: Toxicroak|67/100
|-damage|p2a: Ogerpon|84/100|[from] item: Rocky Helmet|[of] p1a: Toxicroak
|-enditem|p1a: Toxicroak|Rocky Helmet|[from] move: Knock Off|[of] p2a: Ogerpon
|
|upkeep
|turn|23
|
|t:|1758322413
|switch|p2a: Zamazenta|Zamazenta|34/100 psn
|move|p1a: Toxicroak|Drain Punch|p2a: Zamazenta
|-crit|p2a: Zamazenta
|-damage|p2a: Zamazenta|10/100 psn
|-heal|p1a: Toxicroak|80/100|[from] drain|[of] p2a: Zamazenta
|
|-heal|p2a: Zamazenta|16/100 psn|[from] item: Leftovers
|-damage|p2a: Zamazenta|4/100 psn|[from] psn
|upkeep
|turn|24
|
|t:|1758322417
|switch|p1a: Alomomola|Alomomola, M|97/100
|move|p2a: Zamazenta|Light Screen|p2a: Zamazenta
|-sidestart|p2: catcat77|move: Light Screen
|
|-heal|p2a: Zamazenta|10/100 psn|[from] item: Leftovers
|-damage|p2a: Zamazenta|0 fnt|[from] psn
|faint|p2a: Zamazenta
|upkeep
|
|t:|1758322422
|switch|p2a: Iron Crown|Iron Crown|33/100
|turn|25
|
|t:|1758322425
|move|p1a: Alomomola|Protect|p1a: Alomomola
|-singleturn|p1a: Alomomola|Protect
|move|p2a: Iron Crown|Volt Switch|p1a: Alomomola
|-activate|p1a: Alomomola|move: Protect
|
|upkeep
|turn|26
|
|t:|1758322428
|-end|p2a: Iron Crown|Quark Drive|[silent]
|switch|p2a: Ogerpon|Ogerpon-Wellspring, F|84/100
|move|p1a: Alomomola|Flip Turn|p2a: Ogerpon
|-heal|p2a: Ogerpon|100/100|[from] ability: Water Absorb|[of] p1a: Alomomola
|
|upkeep
|turn|27
|
|t:|1758322435
|switch|p1a: Toxicroak|Toxicroak, F|80/100
|move|p2a: Ogerpon|Swords Dance|p2a: Ogerpon
|-boost|p2a: Ogerpon|atk|2
|
|upkeep
|turn|28
|
|t:|1758322438
|move|p2a: Ogerpon|Horn Leech|p1a: Toxicroak
|-resisted|p1a: Toxicroak
|-damage|p1a: Toxicroak|37/100
|move|p1a: Toxicroak|Gunk Shot|p2a: Ogerpon
|-supereffective|p2a: Ogerpon
|-damage|p2a: Ogerpon|0 fnt
|faint|p2a: Ogerpon
|
|-sideend|p2: catcat77|move: Light Screen
|upkeep
|
|t:|1758322442
|switch|p2a: Great Tusk|Great Tusk|94/100
|turn|29
|
|t:|1758322456
|switch|p1a: Alomomola|Alomomola, M|100/100
|move|p2a: Great Tusk|Headlong Rush|p1a: Alomomola
|-damage|p1a: Alomomola|62/100
|-unboost|p2a: Great Tusk|def|1
|-unboost|p2a: Great Tusk|spd|1
|
|upkeep
|turn|30
|
|t:|1758322467
|-end|p2a: Great Tusk|Protosynthesis|[silent]
|switch|p2a: Kingambit|Kingambit, M|72/100
|move|p1a: Alomomola|Flip Turn|p2a: Kingambit
|-damage|p2a: Kingambit|60/100
|
|t:|1758322472
|switch|p1a: Toxicroak|Toxicroak, F|37/100|[from] Flip Turn
|
|upkeep
|turn|31
|
|t:|1758322476
|move|p2a: Kingambit|Sucker Punch|p1a: Toxicroak
|-resisted|p1a: Toxicroak
|-damage|p1a: Toxicroak|20/100
|move|p1a: Toxicroak|Drain Punch|p2a: Kingambit
|-supereffective|p2a: Kingambit
|-damage|p2a: Kingambit|0 fnt
|-heal|p1a: Toxicroak|52/100|[from] drain|[of] p2a: Kingambit
|faint|p2a: Kingambit
|
|upkeep
|
|t:|1758322479
|switch|p2a: Great Tusk|Great Tusk|94/100
|turn|32
|
|t:|1758322482
|move|p2a: Great Tusk|Headlong Rush|p1a: Toxicroak
|-supereffective|p1a: Toxicroak
|-damage|p1a: Toxicroak|0 fnt
|-unboost|p2a: Great Tusk|def|1
|-unboost|p2a: Great Tusk|spd|1
|faint|p1a: Toxicroak
|
|upkeep
|
|t:|1758322487
|switch|p1a: Alomomola|Alomomola, M|95/100
|turn|33
|
|t:|1758322490
|-end|p2a: Great Tusk|Protosynthesis|[silent]
|switch|p2a: Iron Crown|Iron Crown|33/100
|move|p1a: Alomomola|Flip Turn|p2a: Iron Crown
|-damage|p2a: Iron Crown|14/100
|
|t:|1758322493
|switch|p1a: Lokix|Lokix, M|100/100|[from] Flip Turn
|
|upkeep
|turn|34
|
|t:|1758322498
|-end|p2a: Iron Crown|Quark Drive|[silent]
|switch|p2a: Great Tusk|Great Tusk|94/100
|move|p1a: Lokix|First Impression|p2a: Great Tusk
|-resisted|p2a: Great Tusk
|-damage|p2a: Great Tusk|52/100
|
|upkeep
|turn|35
|
|t:|1758322507
|switch|p1a: Alomomola|Alomomola, M|100/100
|move|p2a: Great Tusk|Close Combat|p1a: Alomomola
|-damage|p1a: Alomomola|58/100
|-unboost|p2a: Great Tusk|def|1
|-unboost|p2a: Great Tusk|spd|1
|
|upkeep
|turn|36
|
|t:|1758322511
|move|p2a: Great Tusk|Close Combat|p1a: Alomomola
|-crit|p1a: Alomomola
|-damage|p1a: Alomomola|0 fnt
|-unboost|p2a: Great Tusk|def|1
|-unboost|p2a: Great Tusk|spd|1
|faint|p1a: Alomomola
|
|upkeep
|
|t:|1758322514
|switch|p1a: Great Tusk|Great Tusk|100/100
|turn|37
|
|t:|1758322517
|move|p1a: Great Tusk|Rapid Spin|p2a: Great Tusk
|-crit|p2a: Great Tusk
|-damage|p2a: Great Tusk|25/100
|-boost|p1a: Great Tusk|spe|1
|move|p2a: Great Tusk|Close Combat|p1a: Great Tusk
|-damage|p1a: Great Tusk|61/100
|-unboost|p2a: Great Tusk|def|1
|-unboost|p2a: Great Tusk|spd|1
|
|upkeep
|turn|38
|
|t:|1758322523
|move|p1a: Great Tusk|Ice Spinner|p2a: Great Tusk
|-supereffective|p2a: Great Tusk
|-damage|p2a: Great Tusk|0 fnt
|faint|p2a: Great Tusk
|-end|p2a: Great Tusk|Protosynthesis|[silent]
|
|upkeep
|
|t:|1758322525
|switch|p2a: Iron Crown|Iron Crown|14/100
|turn|39
|
|t:|1758322528
|-terastallize|p2a: Iron Crown|Steel
|move|p1a: Great Tusk|Headlong Rush|p2a: Iron Crown
|-supereffective|p2a: Iron Crown
|-damage|p2a: Iron Crown|0 fnt
|-unboost|p1a: Great Tusk|def|1
|-unboost|p1a: Great Tusk|spd|1
|faint|p2a: Iron Crown
|-end|p2a: Iron Crown|Quark Drive|[silent]
|
|win|CaylieGetsAngy
|raw|CaylieGetsAngy's rating: 1680 &rarr; <strong>1699</strong><br />(+19 for winning)
|raw|catcat77's rating: 1669 &rarr; <strong>1650</strong><br />(-19 for losing)
|l|☆catcat77
|player|p2|
|l| ivo-arg
