|j|☆ooo01w
|j|☆ay cheu
|t:|1758356723
|gametype|singles
|player|p1|ooo01w|169|1517
|player|p2|ay cheu|riley|1476
|gen|9
|tier|[Gen 9] OU
|rated|
|rule|HP Percentage Mod: HP is shown in percentages
|rule|Endless Battle Clause: Forcing endless battles is banned
|rule|Species Clause: Limit one of each Pokémon
|rule|OHKO Clause: OHKO moves are banned
|rule|Evasion Items Clause: Evasion items are banned
|rule|Evasion Moves Clause: Evasion moves are banned
|rule|Evasion Abilities Clause: Evasion abilities are banned
|rule|Sleep Moves Clause: Sleep-inducing moves are banned
|clearpoke
|poke|p1|Raging Bolt|
|poke|p1|Iron Moth|
|poke|p1|Great Tusk|
|poke|p1|Gholdengo|
|poke|p1|Kingambit, F|
|poke|p1|Ogerpon-Wellspring, F|
|poke|p2|Arcanine-Hisui, M|
|poke|p2|Snorlax, M|
|poke|p2|Zoroark, M|
|poke|p2|Chesnaught, M|
|poke|p2|Gliscor, M|
|poke|p2|Fezandipiti, M|
|teampreview
|inactive|Battle timer is ON: inactive players will automatically lose when time's up. (requested by ay cheu)
|
|t:|1758356736
|teamsize|p1|6
|teamsize|p2|6
|start
|switch|p1a: Ogerpon|Ogerpon-Wellspring, F|100/100
|switch|p2a: Gliscor|Gliscor, M|100/100
|turn|1
|
|t:|1758356745
|move|p2a: Gliscor|U-turn|p1a: Ogerpon
|-supereffective|p1a: Ogerpon
|-damage|p1a: Ogerpon|52/100
|
|t:|1758356748
|switch|p2a: Chesnaught|Chesnaught, M|100/100|[from] U-turn
|move|p1a: Ogerpon|Swords Dance|p1a: Ogerpon
|-boost|p1a: Ogerpon|atk|2
|
|upkeep
|turn|2
|
|t:|1758356757
|move|p1a: Ogerpon|Play Rough|p2a: Chesnaught
|-supereffective|p2a: Chesnaught
|-damage|p2a: Chesnaught|18/100
|-damage|p1a: Ogerpon|36/100|[from] item: Rocky Helmet|[of] p2a: Chesnaught
|move|p2a: Chesnaught|Body Press|p1a: Ogerpon
|-damage|p1a: Ogerpon|0 fnt
|faint|p1a: Ogerpon
|
|upkeep
|
|t:|1758356774
|switch|p1a: Gholdengo|Gholdengo|100/100
|-item|p1a: Gholdengo|Air Balloon
|turn|3
|
|t:|1758356781
|switch|p2a: 阿肥|Snorlax, M|100/100
|move|p1a: Gholdengo|Nasty Plot|p1a: Gholdengo
|-boost|p1a: Gholdengo|spa|2
|
|upkeep
|turn|4
|
|t:|1758356790
|move|p1a: Gholdengo|Dazzling Gleam|p2a: 阿肥
|-damage|p2a: 阿肥|81/100
|move|p2a: 阿肥|Heat Crash|p1a: Gholdengo
|-supereffective|p1a: Gholdengo
|-damage|p1a: Gholdengo|33/100
|-enditem|p1a: Gholdengo|Air Balloon
|
|upkeep
|turn|5
|
|t:|1758356797
|move|p1a: Gholdengo|Psyshock|p2a: 阿肥
|-damage|p2a: 阿肥|43/100
|move|p2a: 阿肥|Heat Crash|p1a: Gholdengo
|-supereffective|p1a: Gholdengo
|-damage|p1a: Gholdengo|0 fnt
|faint|p1a: Gholdengo
|
|upkeep
|
|t:|1758356804
|switch|p1a: Great Tusk|Great Tusk|100/100
|-enditem|p1a: Great Tusk|Booster Energy
|-activate|p1a: Great Tusk|ability: Protosynthesis|[fromitem]
|-start|p1a: Great Tusk|protosynthesisatk
|turn|6
|
|t:|1758356812
|switch|p2a: Chesnaught|Chesnaught, M|18/100
|move|p1a: Great Tusk|Rapid Spin|p2a: Chesnaught
|-damage|p2a: Chesnaught|5/100
|-boost|p1a: Great Tusk|spe|1
|-damage|p1a: Great Tusk|84/100|[from] item: Rocky Helmet|[of] p2a: Chesnaught
|
|upkeep
|turn|7
|
|t:|1758356823
|-terastallize|p2a: Chesnaught|Ghost
|move|p1a: Great Tusk|Rapid Spin|p2a: Chesnaught
|-immune|p2a: Chesnaught
|move|p2a: Chesnaught|Synthesis|p2a: Chesnaught
|-heal|p2a: Chesnaught|55/100
|
|upkeep
|turn|8
|
|t:|1758356832
|move|p1a: Great Tusk|Headlong Rush|p2a: Chesnaught
|-damage|p2a: Chesnaught|8/100
|-unboost|p1a: Great Tusk|def|1
|-unboost|p1a: Great Tusk|spd|1
|-damage|p1a: Great Tusk|68/100|[from] item: Rocky Helmet|[of] p2a: Chesnaught
|move|p2a: Chesnaught|Synthesis|p2a: Chesnaught
|-heal|p2a: Chesnaught|58/100
|
|upkeep
|turn|9
|
|t:|1758356846
|-end|p1a: Great Tusk|Protosynthesis|[silent]
|switch|p1a: Iron Moth|Iron Moth|100/100
|-enditem|p1a: Iron Moth|Booster Energy
|-activate|p1a: Iron Moth|ability: Quark Drive|[fromitem]
|-start|p1a: Iron Moth|quarkdrivespa
|move|p2a: Chesnaught|Synthesis|p2a: Chesnaught
|-heal|p2a: Chesnaught|100/100
|
|upkeep
|turn|10
|
|t:|1758356854
|switch|p2a: 阿黄|Arcanine-Hisui, M|100/100
|move|p1a: Iron Moth|Fiery Dance|p2a: 阿黄
|-resisted|p2a: 阿黄
|-damage|p2a: 阿黄|84/100
|
|upkeep
|turn|11
|
|t:|1758356863
|-end|p1a: Iron Moth|Quark Drive|[silent]
|switch|p1a: Great Tusk|Great Tusk|68/100
|switch|p2a: Gliscor|Gliscor, M|100/100
|
|-status|p2a: Gliscor|tox|[from] item: Toxic Orb
|upkeep
|turn|12
|
|t:|1758356870
|switch|p2a: Chesnaught|Chesnaught, M, tera:Ghost|100/100
|move|p1a: Great Tusk|Ice Spinner|p2a: Chesnaught
|-damage|p2a: Chesnaught|84/100
|-damage|p1a: Great Tusk|51/100|[from] item: Rocky Helmet|[of] p2a: Chesnaught
|
|upkeep
|turn|13
|-message|ooo01w forfeited.
|
|win|ay cheu
|raw|ooo01w's rating: 1517 &rarr; <strong>1495</strong><br />(-22 for losing)
|raw|ay cheu's rating: 1476 &rarr; <strong>1498</strong><br />(+22 for winning)
|l|☆ooo01w
|player|p1|
