|j|☆ahonghhh
|j|☆Wr0nGfAnG
|t:|1758264667
|gametype|singles
|player|p1|ahonghhh|veteran|1093
|player|p2|Wr0nGfAnG|1|1084
|gen|9
|tier|[Gen 9] OU
|rated|
|rule|HP Percentage Mod: HP is shown in percentages
|rule|Endless Battle Clause: Forcing endless battles is banned
|rule|Species Clause: Limit one of each Pokémon
|rule|OHKO Clause: OHKO moves are banned
|rule|Evasion Items Clause: Evasion items are banned
|rule|Evasion Moves Clause: Evasion moves are banned
|rule|Evasion Abilities Clause: Evasion abilities are banned
|rule|Sleep Moves Clause: Sleep-inducing moves are banned
|clearpoke
|poke|p1|Ogerpon, F|
|poke|p1|Rillaboom, M|
|poke|p1|Great Tusk|
|poke|p1|Gholdengo|
|poke|p1|Moltres|
|poke|p1|Samurott-Hisui, F|
|poke|p2|Avalugg, M|
|poke|p2|Iron Treads|
|poke|p2|Tauros-Paldea-Aqua, M|
|poke|p2|Mew|
|poke|p2|Rillaboom, M|
|poke|p2|Arcanine-Hisui, F|
|teampreview
|
|t:|1758264681
|teamsize|p1|6
|teamsize|p2|6
|start
|switch|p1a: Samurott|Samurott-Hisui, F|100/100
|switch|p2a: Mew|Mew|100/100
|turn|1
|
|t:|1758264689
|move|p2a: Mew|Light Screen|p2a: Mew
|-sidestart|p2: Wr0nGfAnG|move: Light Screen
|move|p1a: Samurott|Ceaseless Edge|p2a: Mew
|-supereffective|p2a: Mew
|-damage|p2a: Mew|18/100
|-sidestart|p2: Wr0nGfAnG|Spikes
|
|-heal|p2a: Mew|24/100|[from] item: Leftovers
|upkeep
|turn|2
|
|t:|1758264697
|move|p2a: Mew|U-turn|p1a: Samurott
|-supereffective|p1a: Samurott
|-damage|p1a: Samurott|69/100
|
|t:|1758264703
|switch|p2a: Rillaboom|Rillaboom, M|100/100|[from] U-turn
|-damage|p2a: Rillaboom|88/100|[from] Spikes
|-fieldstart|move: Grassy Terrain|[from] ability: Grassy Surge|[of] p2a: Rillaboom
|move|p1a: Samurott|Ceaseless Edge|p2a: Rillaboom
|-damage|p2a: Rillaboom|54/100
|-sidestart|p2: Wr0nGfAnG|Spikes
|
|-heal|p1a: Samurott|75/100|[from] Grassy Terrain
|-heal|p2a: Rillaboom|60/100|[from] Grassy Terrain
|-heal|p2a: Rillaboom|66/100|[from] item: Leftovers
|upkeep
|turn|3
|
|t:|1758264718
|switch|p1a: Moltres|Moltres|100/100
|move|p2a: Rillaboom|Wood Hammer|p1a: Moltres
|-resisted|p1a: Moltres
|-damage|p1a: Moltres|88/100
|-damage|p2a: Rillaboom|62/100|[from] Recoil
|
|-heal|p2a: Rillaboom|68/100|[from] Grassy Terrain
|-heal|p2a: Rillaboom|74/100|[from] item: Leftovers
|upkeep
|turn|4
|
|t:|1758264732
|move|p1a: Moltres|Will-O-Wisp|p2a: Rillaboom
|-status|p2a: Rillaboom|brn
|move|p2a: Rillaboom|U-turn|p1a: Moltres
|-resisted|p1a: Moltres
|-damage|p1a: Moltres|86/100
|
|t:|1758264738
|switch|p2a: Tauros|Tauros-Paldea-Aqua, M|100/100|[from] U-turn
|-damage|p2a: Tauros|84/100|[from] Spikes
|-ability|p2a: Tauros|Intimidate|boost
|-unboost|p1a: Moltres|atk|1
|
|-heal|p2a: Tauros|90/100|[from] Grassy Terrain
|-heal|p2a: Tauros|96/100|[from] item: Leftovers
|upkeep
|turn|5
|
|t:|1758264751
|switch|p1a: Rillaboom|Rillaboom, M|100/100
|move|p2a: Tauros|Raging Bull|p1a: Rillaboom
|-resisted|p1a: Rillaboom
|-damage|p1a: Rillaboom|81/100
|
|-heal|p1a: Rillaboom|87/100|[from] Grassy Terrain
|-heal|p2a: Tauros|100/100|[from] Grassy Terrain
|-sideend|p2: Wr0nGfAnG|move: Light Screen
|upkeep
|turn|6
|
|t:|1758264762
|-terastallize|p2a: Tauros|Fighting
|move|p1a: Rillaboom|Grassy Glide|p2a: Tauros
|-damage|p2a: Tauros|67/100
|move|p2a: Tauros|Bulk Up|p2a: Tauros
|-boost|p2a: Tauros|atk|1
|-boost|p2a: Tauros|def|1
|
|-heal|p1a: Rillaboom|93/100|[from] Grassy Terrain
|-heal|p2a: Tauros|73/100|[from] Grassy Terrain
|-heal|p2a: Tauros|79/100|[from] item: Leftovers
|-fieldend|move: Grassy Terrain
|upkeep
|turn|7
|
|t:|1758264788
|switch|p1a: Moltres|Moltres|86/100
|move|p2a: Tauros|Bulk Up|p2a: Tauros
|-boost|p2a: Tauros|atk|1
|-boost|p2a: Tauros|def|1
|
|-heal|p2a: Tauros|85/100|[from] item: Leftovers
|upkeep
|turn|8
|
|t:|1758264798
|-terastallize|p1a: Moltres|Dragon
|move|p2a: Tauros|Aqua Jet|p1a: Moltres
|-resisted|p1a: Moltres
|-damage|p1a: Moltres|73/100
|move|p1a: Moltres|Hurricane|p2a: Tauros
|-supereffective|p2a: Tauros
|-damage|p2a: Tauros|0 fnt
|faint|p2a: Tauros
|
|upkeep
|
|t:|1758264811
|switch|p2a: Iron Treads|Iron Treads|100/100
|-damage|p2a: Iron Treads|84/100|[from] Spikes
|-enditem|p2a: Iron Treads|Booster Energy
|-activate|p2a: Iron Treads|ability: Quark Drive|[fromitem]
|-start|p2a: Iron Treads|quarkdriveatk
|turn|9
|
|t:|1758264821
|move|p2a: Iron Treads|Knock Off|p1a: Moltres
|-damage|p1a: Moltres|47/100
|-enditem|p1a: Moltres|Heavy-Duty Boots|[from] move: Knock Off|[of] p2a: Iron Treads
|move|p1a: Moltres|Will-O-Wisp|p2a: Iron Treads
|-status|p2a: Iron Treads|brn
|
|-damage|p2a: Iron Treads|78/100 brn|[from] brn
|upkeep
|turn|10
|
|t:|1758264832
|move|p2a: Iron Treads|Knock Off|p1a: Moltres
|-damage|p1a: Moltres|38/100
|move|p1a: Moltres|Roost|p1a: Moltres
|-heal|p1a: Moltres|88/100
|
|-damage|p2a: Iron Treads|71/100 brn|[from] brn
|upkeep
|turn|11
|
|t:|1758264841
|-end|p2a: Iron Treads|Quark Drive|[silent]
|switch|p2a: Avalugg|Avalugg, M|100/100
|-damage|p2a: Avalugg|84/100|[from] Spikes
|move|p1a: Moltres|Flamethrower|p2a: Avalugg
|-supereffective|p2a: Avalugg
|-damage|p2a: Avalugg|0 fnt
|faint|p2a: Avalugg
|
|upkeep
|-message|Wr0nGfAnG forfeited.
|
|win|ahonghhh
|raw|ahonghhh's rating: 1093 &rarr; <strong>1118</strong><br />(+25 for winning)
|raw|Wr0nGfAnG's rating: 1084 &rarr; <strong>1062</strong><br />(-22 for losing)
|l|☆Wr0nGfAnG
|player|p2|
|l|☆ahonghhh
|player|p1|
