|j|☆Nickthenickthenick
|j|☆Kaz2109
|t:|1758352267
|gametype|singles
|player|p1|Nickthenickthenick|101|1314
|player|p2|Kaz2109|lady-gen4|1299
|gen|9
|tier|[Gen 9] OU
|rated|
|rule|HP Percentage Mod: HP is shown in percentages
|rule|Endless Battle Clause: Forcing endless battles is banned
|rule|Species Clause: Limit one of each Pokémon
|rule|OHKO Clause: OHKO moves are banned
|rule|Evasion Items Clause: Evasion items are banned
|rule|Evasion Moves Clause: Evasion moves are banned
|rule|Evasion Abilities Clause: Evasion abilities are banned
|rule|Sleep Moves Clause: Sleep-inducing moves are banned
|clearpoke
|poke|p1|Zapdos|
|poke|p1|Pelipper, M|
|poke|p1|Kingdra, F|
|poke|p1|Barraskewda, M|
|poke|p1|Chesnaught, F|
|poke|p1|Clodsire, F|
|poke|p2|Kyurem|
|poke|p2|Slowking-Galar, F|
|poke|p2|Corviknight, F|
|poke|p2|Ninetales-Alola, F|
|poke|p2|Dragonite, F|
|poke|p2|Raging Bolt|
|teampreview
|inactive|Battle timer is ON: inactive players will automatically lose when time's up. (requested by Nickthenickthenick)
|
|t:|1758352283
|teamsize|p1|6
|teamsize|p2|6
|start
|switch|p1a: Pelipper|Pelipper, M|100/100
|switch|p2a: Slowking|Slowking-Galar, F|100/100
|-weather|RainDance|[from] ability: Drizzle|[of] p1a: Pelipper
|turn|1
|
|t:|1758352304
|move|p1a: Pelipper|Knock Off|p2a: Slowking
|-supereffective|p2a: Slowking
|-crit|p2a: Slowking
|-damage|p2a: Slowking|64/100
|-enditem|p2a: Slowking|Heavy-Duty Boots|[from] move: Knock Off|[of] p1a: Pelipper
|-prepare|p2a: Slowking|Chilly Reception|[premajor]
|move|p2a: Slowking|Chilly Reception|p2a: Slowking
|-weather|Snowscape
|
|t:|1758352312
|switch|p2a: Kyurem|Kyurem|100/100|[from] Chilly Reception
|-ability|p2a: Kyurem|Pressure
|
|-weather|Snowscape|[upkeep]
|upkeep
|turn|2
|
|t:|1758352317
|switch|p1a: Clodsire|Clodsire, F|100/100
|move|p2a: Kyurem|Freeze-Dry|p1a: Clodsire
|-supereffective|p1a: Clodsire
|-damage|p1a: Clodsire|45/100
|
|-weather|Snowscape|[upkeep]
|-heal|p1a: Clodsire|51/100|[from] item: Leftovers
|upkeep
|turn|3
|
|t:|1758352327
|-terastallize|p1a: Clodsire|Poison
|move|p2a: Kyurem|Freeze-Dry|p1a: Clodsire
|-damage|p1a: Clodsire|23/100
|move|p1a: Clodsire|Toxic|p2a: Kyurem
|-status|p2a: Kyurem|tox
|
|-weather|Snowscape|[upkeep]
|-heal|p1a: Clodsire|30/100|[from] item: Leftovers
|-damage|p2a: Kyurem|94/100 tox|[from] psn
|upkeep
|turn|4
|
|t:|1758352337
|switch|p2a: Corviknight|Corviknight, F|100/100
|-ability|p2a: Corviknight|Pressure
|move|p1a: Clodsire|Recover|p1a: Clodsire
|-heal|p1a: Clodsire|80/100
|
|-weather|Snowscape|[upkeep]
|-heal|p1a: Clodsire|86/100|[from] item: Leftovers
|upkeep
|turn|5
|
|t:|1758352349
|switch|p1a: Pelipper|Pelipper, M|100/100
|-weather|RainDance|[from] ability: Drizzle|[of] p1a: Pelipper
|move|p2a: Corviknight|U-turn|p1a: Pelipper
|-resisted|p1a: Pelipper
|-damage|p1a: Pelipper|92/100
|
|t:|1758352366
|switch|p2a: Ninetales|Ninetales-Alola, F|100/100|[from] U-turn
|-weather|Snowscape|[from] ability: Snow Warning|[of] p2a: Ninetales
|
|-weather|Snowscape|[upkeep]
|upkeep
|turn|6
|
|t:|1758352372
|move|p2a: Ninetales|Aurora Veil|p2a: Ninetales
|-sidestart|p2: Kaz2109|move: Aurora Veil
|move|p1a: Pelipper|U-turn|p2a: Ninetales
|-resisted|p2a: Ninetales
|-damage|p2a: Ninetales|99/100
|
|t:|1758352387
|switch|p1a: Barraskewda|Barraskewda, M|100/100|[from] U-turn
|
|-weather|Snowscape|[upkeep]
|upkeep
|turn|7
|
|t:|1758352392
|move|p1a: Barraskewda|Psychic Fangs|p2a: Ninetales
|-sideend|p2: Kaz2109|move: Aurora Veil
|-damage|p2a: Ninetales|60/100
|move|p2a: Ninetales|Freeze-Dry|p1a: Barraskewda
|-supereffective|p1a: Barraskewda
|-damage|p1a: Barraskewda|13/100
|
|-weather|Snowscape|[upkeep]
|upkeep
|turn|8
|
|t:|1758352400
|move|p1a: Barraskewda|Psychic Fangs|p2a: Ninetales
|-damage|p2a: Ninetales|21/100
|move|p2a: Ninetales|Aurora Veil|p2a: Ninetales
|-sidestart|p2: Kaz2109|move: Aurora Veil
|
|-weather|Snowscape|[upkeep]
|upkeep
|turn|9
|
|t:|1758352406
|switch|p2a: Corviknight|Corviknight, F|100/100
|-ability|p2a: Corviknight|Pressure
|move|p1a: Barraskewda|Psychic Fangs|p2a: Corviknight
|-sideend|p2: Kaz2109|move: Aurora Veil
|-resisted|p2a: Corviknight
|-damage|p2a: Corviknight|87/100
|-damage|p1a: Barraskewda|0 fnt|[from] item: Rocky Helmet|[of] p2a: Corviknight
|faint|p1a: Barraskewda
|
|-weather|none
|upkeep
|
|t:|1758352415
|switch|p1a: Pelipper|Pelipper, M|92/100
|-weather|RainDance|[from] ability: Drizzle|[of] p1a: Pelipper
|turn|10
|
|t:|1758352422
|switch|p2a: Slowking|Slowking-Galar, F|97/100
|move|p1a: Pelipper|U-turn|p2a: Slowking
|-damage|p2a: Slowking|88/100
|
|t:|1758352430
|switch|p1a: Zapdos|Zapdos|100/100|[from] U-turn
|
|-weather|RainDance|[upkeep]
|upkeep
|turn|11
|
|t:|1758352439
|move|p1a: Zapdos|Volt Switch|p2a: Slowking
|-damage|p2a: Slowking|59/100
|
|t:|1758352442
|switch|p1a: Clodsire|Clodsire, F, tera:Poison|86/100|[from] Volt Switch
|move|p2a: Slowking|Future Sight|p1a: Clodsire
|-start|p2a: Slowking|move: Future Sight
|
|-weather|RainDance|[upkeep]
|-heal|p1a: Clodsire|92/100|[from] item: Leftovers
|upkeep
|turn|12
|
|t:|1758352450
|switch|p2a: Corviknight|Corviknight, F|87/100
|-ability|p2a: Corviknight|Pressure
|move|p1a: Clodsire|Stealth Rock|p2a: Corviknight
|-sidestart|p2: Kaz2109|move: Stealth Rock
|
|-weather|RainDance|[upkeep]
|-heal|p1a: Clodsire|98/100|[from] item: Leftovers
|upkeep
|turn|13
|
|t:|1758352458
|switch|p1a: Zapdos|Zapdos|100/100
|move|p2a: Corviknight|Brave Bird|p1a: Zapdos
|-resisted|p1a: Zapdos
|-damage|p1a: Zapdos|80/100
|-damage|p2a: Corviknight|81/100|[from] Recoil
|
|-weather|RainDance|[upkeep]
|-end|p1a: Zapdos|move: Future Sight
|-damage|p1a: Zapdos|32/100
|upkeep
|turn|14
|
|t:|1758352475
|switch|p2a: Raging Bolt|Raging Bolt|100/100
|-damage|p2a: Raging Bolt|88/100|[from] Stealth Rock
|move|p1a: Zapdos|Hurricane|p2a: Raging Bolt
|-resisted|p2a: Raging Bolt
|-damage|p2a: Raging Bolt|50/100
|
|-weather|RainDance|[upkeep]
|-heal|p2a: Raging Bolt|56/100|[from] item: Leftovers
|upkeep
|turn|15
|
|t:|1758352484
|switch|p1a: Clodsire|Clodsire, F, tera:Poison|98/100
|move|p2a: Raging Bolt|Substitute|p2a: Raging Bolt
|-start|p2a: Raging Bolt|Substitute
|-damage|p2a: Raging Bolt|31/100
|
|-weather|RainDance|[upkeep]
|-heal|p2a: Raging Bolt|37/100|[from] item: Leftovers
|-heal|p1a: Clodsire|100/100|[from] item: Leftovers
|upkeep
|turn|16
|
|t:|1758352491
|-terastallize|p2a: Raging Bolt|Flying
|move|p2a: Raging Bolt|Calm Mind|p2a: Raging Bolt
|-boost|p2a: Raging Bolt|spa|1
|-boost|p2a: Raging Bolt|spd|1
|move|p1a: Clodsire|Earthquake|p2a: Raging Bolt
|-immune|p2a: Raging Bolt
|
|-weather|RainDance|[upkeep]
|-heal|p2a: Raging Bolt|43/100|[from] item: Leftovers
|upkeep
|turn|17
|
|t:|1758352501
|switch|p1a: Zapdos|Zapdos|32/100
|move|p2a: Raging Bolt|Calm Mind|p2a: Raging Bolt
|-boost|p2a: Raging Bolt|spa|1
|-boost|p2a: Raging Bolt|spd|1
|
|-weather|none
|-heal|p2a: Raging Bolt|49/100|[from] item: Leftovers
|upkeep
|turn|18
|
|t:|1758352512
|move|p2a: Raging Bolt|Thunderclap|p1a: Zapdos
|-damage|p1a: Zapdos|0 fnt
|faint|p1a: Zapdos
|
|-heal|p2a: Raging Bolt|56/100|[from] item: Leftovers
|upkeep
|
|t:|1758352518
|switch|p1a: Pelipper|Pelipper, M|92/100
|-weather|RainDance|[from] ability: Drizzle|[of] p1a: Pelipper
|turn|19
|
|t:|1758352523
|move|p2a: Raging Bolt|Thunderclap|p1a: Pelipper
|-supereffective|p1a: Pelipper
|-damage|p1a: Pelipper|0 fnt
|faint|p1a: Pelipper
|
|-weather|RainDance|[upkeep]
|-heal|p2a: Raging Bolt|62/100|[from] item: Leftovers
|upkeep
|
|t:|1758352529
|switch|p1a: Chesnaught|Chesnaught, F|100/100
|turn|20
|
|t:|1758352534
|move|p2a: Raging Bolt|Dragon Pulse|p1a: Chesnaught
|-damage|p1a: Chesnaught|0 fnt
|faint|p1a: Chesnaught
|
|-weather|RainDance|[upkeep]
|-heal|p2a: Raging Bolt|68/100|[from] item: Leftovers
|upkeep
|
|t:|1758352542
|switch|p1a: Kingdra|Kingdra, F|100/100
|turn|21
|
|t:|1758352545
|move|p1a: Kingdra|Ice Beam|p2a: Raging Bolt
|-supereffective|p2a: Raging Bolt
|-crit|p2a: Raging Bolt
|-end|p2a: Raging Bolt|Substitute
|move|p2a: Raging Bolt|Dragon Pulse|p1a: Kingdra
|-supereffective|p1a: Kingdra
|-damage|p1a: Kingdra|0 fnt
|faint|p1a: Kingdra
|
|-weather|RainDance|[upkeep]
|-heal|p2a: Raging Bolt|74/100|[from] item: Leftovers
|upkeep
|-message|Nickthenickthenick forfeited.
|
|win|Kaz2109
|raw|Nickthenickthenick's rating: 1314 &rarr; <strong>1293</strong><br />(-21 for losing)
|raw|Kaz2109's rating: 1299 &rarr; <strong>1325</strong><br />(+26 for winning)
|l|☆Nickthenickthenick
|player|p1|
|l|☆Kaz2109
|player|p2|
