|j|☆bugcatcherweevil
|j|☆demonseal666
|t:|1758278170
|gametype|singles
|player|p1|bugcatcherweevil|2|1657
|player|p2|demonseal666|2|1648
|gen|9
|tier|[Gen 9] OU
|rated|
|rule|HP Percentage Mod: HP is shown in percentages
|rule|Endless Battle Clause: Forcing endless battles is banned
|rule|Species Clause: Limit one of each Pokémon
|rule|OHKO Clause: OHKO moves are banned
|rule|Evasion Items Clause: Evasion items are banned
|rule|Evasion Moves Clause: Evasion moves are banned
|rule|Evasion Abilities Clause: Evasion abilities are banned
|rule|Sleep Moves Clause: Sleep-inducing moves are banned
|clearpoke
|poke|p1|Dragapult, M|
|poke|p1|Glimmora, F|
|poke|p1|Comfey, F|
|poke|p1|Kingambit, M|
|poke|p1|Blaziken, F|
|poke|p1|Ogerpon-Wellspring, F|
|poke|p2|Pelipper, M|
|poke|p2|Barraskewda, F|
|poke|p2|Tornadus-Therian, M|
|poke|p2|Raging Bolt|
|poke|p2|Ogerpon-Wellspring, F|
|poke|p2|Iron Treads|
|teampreview
|inactive|Battle timer is ON: inactive players will automatically lose when time's up. (requested by demonseal666)
|inactive|bugcatcherweevil has 120 seconds left.
|
|t:|1758278204
|teamsize|p1|6
|teamsize|p2|6
|start
|switch|p1a: Dragapult|Dragapult, M|100/100
|switch|p2a: Iron Treads|Iron Treads|100/100
|turn|1
|
|t:|1758278209
|move|p1a: Dragapult|Flamethrower|p2a: Iron Treads
|-supereffective|p2a: Iron Treads
|-damage|p2a: Iron Treads|40/100
|-damage|p1a: Dragapult|91/100|[from] item: Life Orb
|move|p2a: Iron Treads|Knock Off|p1a: Dragapult
|-supereffective|p1a: Dragapult
|-damage|p1a: Dragapult|22/100
|-enditem|p1a: Dragapult|Life Orb|[from] move: Knock Off|[of] p2a: Iron Treads
|
|-heal|p2a: Iron Treads|47/100|[from] item: Leftovers
|upkeep
|turn|2
|
|t:|1758278224
|move|p1a: Dragapult|Flamethrower|p2a: Iron Treads
|-supereffective|p2a: Iron Treads
|-damage|p2a: Iron Treads|1/100
|move|p2a: Iron Treads|Stealth Rock|p1a: Dragapult
|-sidestart|p1: bugcatcherweevil|move: Stealth Rock
|
|-heal|p2a: Iron Treads|8/100|[from] item: Leftovers
|upkeep
|turn|3
|
|t:|1758278232
|-end|p2a: Iron Treads|Quark Drive|[silent]
|switch|p2a: Pelipper|Pelipper, M|100/100
|-weather|RainDance|[from] ability: Drizzle|[of] p2a: Pelipper
|move|p1a: Dragapult|Shadow Ball|p2a: Pelipper
|-damage|p2a: Pelipper|59/100
|
|-weather|RainDance|[upkeep]
|upkeep
|turn|4
|
|t:|1758278238
|switch|p2a: Iron Treads|Iron Treads|8/100
|move|p1a: Dragapult|Shadow Ball|p2a: Iron Treads
|-damage|p2a: Iron Treads|0 fnt
|faint|p2a: Iron Treads
|-end|p2a: Iron Treads|Quark Drive|[silent]
|
|-weather|RainDance|[upkeep]
|upkeep
|
|t:|1758278243
|switch|p2a: Barraskewda|Barraskewda, F|100/100
|turn|5
|
|t:|1758278246
|switch|p1a: Ogerpon|Ogerpon-Wellspring, F|100/100
|-damage|p1a: Ogerpon|88/100|[from] Stealth Rock
|move|p2a: Barraskewda|Flip Turn|p1a: Ogerpon
|-heal|p1a: Ogerpon|100/100|[from] ability: Water Absorb|[of] p2a: Barraskewda
|
|-weather|RainDance|[upkeep]
|upkeep
|turn|6
|
|t:|1758278254
|move|p2a: Barraskewda|Close Combat|p1a: Ogerpon
|-damage|p1a: Ogerpon|45/100
|-unboost|p2a: Barraskewda|def|1
|-unboost|p2a: Barraskewda|spd|1
|move|p1a: Ogerpon|U-turn|p2a: Barraskewda
|-damage|p2a: Barraskewda|17/100
|
|t:|1758278261
|switch|p1a: Comfey|Comfey, F|100/100|[from] U-turn
|-damage|p1a: Comfey|88/100|[from] Stealth Rock
|
|-weather|RainDance|[upkeep]
|upkeep
|turn|7
|
|t:|1758278265
|switch|p2a: Ogerpon|Ogerpon-Wellspring, F|100/100
|move|p1a: Comfey|Draining Kiss|p2a: Ogerpon
|-damage|p2a: Ogerpon|65/100
|-heal|p1a: Comfey|100/100|[from] drain|[of] p2a: Ogerpon
|-damage|p1a: Comfey|91/100|[from] item: Life Orb
|
|-weather|RainDance|[upkeep]
|upkeep
|turn|8
|
|t:|1758278273
|switch|p1a: Glimmora|Glimmora, F|100/100
|-damage|p1a: Glimmora|88/100|[from] Stealth Rock
|move|p2a: Ogerpon|Power Whip|p1a: Glimmora
|-damage|p1a: Glimmora|35/100
|-activate|p1a: Glimmora|ability: Toxic Debris
|-sidestart|p2: demonseal666|move: Toxic Spikes
|-enditem|p1a: Glimmora|Red Card|[of] p2a: Ogerpon
|drag|p2a: Raging Bolt|Raging Bolt|100/100
|
|-weather|RainDance|[upkeep]
|upkeep
|turn|9
|
|t:|1758278293
|move|p2a: Raging Bolt|Volt Switch|p1a: Glimmora
|-damage|p1a: Glimmora|0 fnt
|faint|p1a: Glimmora
|
|t:|1758278297
|-end|p2a: Raging Bolt|Protosynthesis|[silent]
|switch|p2a: Tornadus|Tornadus-Therian, M|100/100|[from] Volt Switch
|
|-weather|RainDance|[upkeep]
|upkeep
|j| wgw2333
|l| wgw2333
|inactive|bugcatcherweevil has 120 seconds left.
|
|t:|1758278326
|switch|p1a: Kingambit|Kingambit, M|100/100
|-damage|p1a: Kingambit|94/100|[from] Stealth Rock
|-activate|p1a: Kingambit|ability: Supreme Overlord
|-start|p1a: Kingambit|fallen1|[silent]
|turn|10
|
|t:|1758278332
|move|p2a: Tornadus|Focus Blast|p1a: Kingambit
|-supereffective|p1a: Kingambit
|-damage|p1a: Kingambit|0 fnt
|faint|p1a: Kingambit
|-end|p1a: Kingambit|fallen1|[silent]
|
|-weather|none
|upkeep
|
|t:|1758278340
|switch|p1a: Comfey|Comfey, F|91/100
|-damage|p1a: Comfey|78/100|[from] Stealth Rock
|turn|11
|
|t:|1758278344
|switch|p2a: Pelipper|Pelipper, M|59/100
|-weather|RainDance|[from] ability: Drizzle|[of] p2a: Pelipper
|move|p1a: Comfey|Calm Mind|p1a: Comfey
|-boost|p1a: Comfey|spa|1
|-boost|p1a: Comfey|spd|1
|
|-weather|RainDance|[upkeep]
|upkeep
|turn|12
|
|t:|1758278347
|move|p1a: Comfey|Substitute|p1a: Comfey
|-start|p1a: Comfey|Substitute
|-damage|p1a: Comfey|53/100
|move|p2a: Pelipper|U-turn|p1a: Comfey
|-resisted|p1a: Comfey
|-activate|p1a: Comfey|move: Substitute|[damage]
|
|t:|1758278353
|switch|p2a: Tornadus|Tornadus-Therian, M|100/100|[from] U-turn
|
|-weather|RainDance|[upkeep]
|upkeep
|turn|13
|
|t:|1758278357
|move|p1a: Comfey|Draining Kiss|p2a: Tornadus
|-damage|p2a: Tornadus|49/100
|-heal|p1a: Comfey|91/100|[from] drain|[of] p2a: Tornadus
|-damage|p1a: Comfey|81/100|[from] item: Life Orb
|move|p2a: Tornadus|Hurricane|p1a: Comfey
|-end|p1a: Comfey|Substitute
|
|-weather|RainDance|[upkeep]
|upkeep
|turn|14
|
|t:|1758278366
|move|p1a: Comfey|Draining Kiss|p2a: Tornadus
|-damage|p2a: Tornadus|0 fnt
|-heal|p1a: Comfey|100/100|[from] drain|[of] p2a: Tornadus
|faint|p2a: Tornadus
|-damage|p1a: Comfey|91/100|[from] item: Life Orb
|
|-weather|RainDance|[upkeep]
|upkeep
|
|t:|1758278370
|switch|p2a: Raging Bolt|Raging Bolt|100/100
|turn|15
|
|t:|1758278380
|-terastallize|p2a: Raging Bolt|Fairy
|-terastallize|p1a: Comfey|Ground
|move|p2a: Raging Bolt|Thunder|p1a: Comfey
|-immune|p1a: Comfey
|move|p1a: Comfey|Calm Mind|p1a: Comfey
|-boost|p1a: Comfey|spa|1
|-boost|p1a: Comfey|spd|1
|
|-weather|RainDance|[upkeep]
|upkeep
|turn|16
|
|t:|1758278386
|move|p2a: Raging Bolt|Weather Ball|p1a: Comfey
|-supereffective|p1a: Comfey
|-damage|p1a: Comfey|28/100
|move|p1a: Comfey|Substitute|p1a: Comfey
|-start|p1a: Comfey|Substitute
|-damage|p1a: Comfey|3/100
|
|-weather|RainDance|[upkeep]
|upkeep
|turn|17
|
|t:|1758278391
|move|p1a: Comfey|Draining Kiss|p2a: Raging Bolt
|-damage|p2a: Raging Bolt|46/100
|-heal|p1a: Comfey|56/100|[from] drain|[of] p2a: Raging Bolt
|-damage|p1a: Comfey|46/100|[from] item: Life Orb
|move|p2a: Raging Bolt|Dragon Pulse|p1a: Comfey
|-end|p1a: Comfey|Substitute
|
|-weather|RainDance|[upkeep]
|upkeep
|turn|18
|
|t:|1758278396
|move|p1a: Comfey|Draining Kiss|p2a: Raging Bolt
|-damage|p2a: Raging Bolt|0 fnt
|-heal|p1a: Comfey|90/100|[from] drain|[of] p2a: Raging Bolt
|faint|p2a: Raging Bolt
|-end|p2a: Raging Bolt|Protosynthesis|[silent]
|-damage|p1a: Comfey|80/100|[from] item: Life Orb
|
|-weather|none
|upkeep
|-message|demonseal666 forfeited.
|
|win|bugcatcherweevil
|raw|bugcatcherweevil's rating: 1657 &rarr; <strong>1676</strong><br />(+19 for winning)
|raw|demonseal666's rating: 1648 &rarr; <strong>1629</strong><br />(-19 for losing)
|l|☆demonseal666
|player|p2|
