|j|☆SamuraiJack0
|j|☆H0N3R
|t:|1758257880
|gametype|singles
|player|p1|SamuraiJack0|byron|1355
|player|p2|H0N3R|266|1362
|gen|9
|tier|[Gen 9] OU
|rated|
|rule|HP Percentage Mod: HP is shown in percentages
|rule|Endless Battle Clause: Forcing endless battles is banned
|rule|Species Clause: Limit one of each Pokémon
|rule|OHKO Clause: OHKO moves are banned
|rule|Evasion Items Clause: Evasion items are banned
|rule|Evasion Moves Clause: Evasion moves are banned
|rule|Evasion Abilities Clause: Evasion abilities are banned
|rule|Sleep Moves Clause: Sleep-inducing moves are banned
|clearpoke
|poke|p1|Iron Moth|
|poke|p1|Umbreon, F|
|poke|p1|Garchomp, M|
|poke|p1|Glimmora, F|
|poke|p1|Gholdengo|
|poke|p1|Dragonite, M|
|poke|p2|Weezing-Galar, F|
|poke|p2|Walking Wake|
|poke|p2|Incineroar, M|
|poke|p2|Deoxys-Speed|
|poke|p2|Great Tusk|
|poke|p2|Pecharunt|
|teampreview
|inactive|Battle timer is ON: inactive players will automatically lose when time's up. (requested by SamuraiJack0)
|
|t:|1758257894
|teamsize|p1|6
|teamsize|p2|6
|start
|switch|p1a: Carly Rae|Iron Moth|100/100
|switch|p2a: Deoxys|Deoxys-Speed|100/100
|-ability|p2a: Deoxys|Pressure
|-enditem|p1a: Carly Rae|Booster Energy
|-activate|p1a: Carly Rae|ability: Quark Drive|[fromitem]
|-start|p1a: Carly Rae|quarkdrivespe
|turn|1
|
|t:|1758257904
|move|p1a: Carly Rae|Fiery Dance|p2a: Deoxys
|-crit|p2a: Deoxys
|-damage|p2a: Deoxys|21/100
|move|p2a: Deoxys|Psycho Boost|p1a: Carly Rae
|-supereffective|p1a: Carly Rae
|-damage|p1a: Carly Rae|0 fnt
|-unboost|p2a: Deoxys|spa|2
|faint|p1a: Carly Rae
|-end|p1a: Carly Rae|Quark Drive|[silent]
|
|upkeep
|
|t:|1758257911
|switch|p1a: Julia Jacklin|Glimmora, F|100/100
|turn|2
|
|t:|1758257921
|move|p2a: Deoxys|Light Screen|p2a: Deoxys
|-sidestart|p2: H0N3R|move: Light Screen
|move|p1a: Julia Jacklin|Mortal Spin|p2a: Deoxys
|-damage|p2a: Deoxys|13/100
|-status|p2a: Deoxys|psn
|
|-damage|p2a: Deoxys|0 fnt|[from] psn
|faint|p2a: Deoxys
|upkeep
|inactive|H0N3R has 120 seconds left.
|
|t:|1758257963
|switch|p2a: Walking Wake|Walking Wake|100/100
|turn|3
|
|t:|1758257968
|-terastallize|p2a: Walking Wake|Poison
|move|p2a: Walking Wake|Dragon Dance|p2a: Walking Wake
|-boost|p2a: Walking Wake|atk|1
|-boost|p2a: Walking Wake|spe|1
|move|p1a: Julia Jacklin|Stealth Rock|p2a: Walking Wake
|-sidestart|p2: H0N3R|move: Stealth Rock
|
|upkeep
|turn|4
|
|t:|1758257977
|move|p2a: Walking Wake|Dragon Dance|p2a: Walking Wake
|-boost|p2a: Walking Wake|atk|1
|-boost|p2a: Walking Wake|spe|1
|move|p1a: Julia Jacklin|Earth Power|p2a: Walking Wake
|-supereffective|p2a: Walking Wake
|-damage|p2a: Walking Wake|67/100
|-unboost|p2a: Walking Wake|spd|1
|
|upkeep
|turn|5
|
|t:|1758257987
|move|p2a: Walking Wake|Liquidation|p1a: Julia Jacklin
|-supereffective|p1a: Julia Jacklin
|-enditem|p1a: Julia Jacklin|Focus Sash
|-damage|p1a: Julia Jacklin|1/100
|-activate|p1a: Julia Jacklin|ability: Toxic Debris
|-sidestart|p2: H0N3R|move: Toxic Spikes
|move|p1a: Julia Jacklin|Earth Power|p2a: Walking Wake
|-supereffective|p2a: Walking Wake
|-damage|p2a: Walking Wake|9/100
|
|upkeep
|turn|6
|
|t:|1758257997
|move|p2a: Walking Wake|Liquidation|p1a: Julia Jacklin
|-supereffective|p1a: Julia Jacklin
|-damage|p1a: Julia Jacklin|0 fnt
|-activate|p1a: Julia Jacklin|ability: Toxic Debris
|-sidestart|p2: H0N3R|move: Toxic Spikes
|faint|p1a: Julia Jacklin
|
|upkeep
|
|t:|1758258000
|switch|p1a: Elucid|Dragonite, M|100/100
|turn|7
|
|t:|1758258013
|-end|p2a: Walking Wake|Protosynthesis|[silent]
|switch|p2a: Weezing|Weezing-Galar, F|100/100
|-ability|p2a: Weezing|Neutralizing Gas
|-damage|p2a: Weezing|88/100|[from] Stealth Rock
|-sideend|p2: H0N3R|move: Toxic Spikes|[of] p2a: Weezing
|move|p1a: Elucid|Extreme Speed|p2a: Weezing
|-damage|p2a: Weezing|66/100
|
|-heal|p2a: Weezing|72/100|[from] item: Leftovers
|upkeep
|turn|8
|
|t:|1758258027
|move|p1a: Elucid|Earthquake|p2a: Weezing
|-supereffective|p2a: Weezing
|-damage|p2a: Weezing|12/100
|move|p2a: Weezing|Will-O-Wisp|p1a: Elucid
|-status|p1a: Elucid|brn
|
|-heal|p2a: Weezing|18/100|[from] item: Leftovers
|-damage|p1a: Elucid|94/100 brn|[from] brn
|upkeep
|turn|9
|
|t:|1758258047
|-end|p2a: Weezing|ability: Neutralizing Gas
|switch|p2a: Great Tusk|Great Tusk|100/100
|-damage|p2a: Great Tusk|98/100|[from] Stealth Rock
|move|p1a: Elucid|Earthquake|p2a: Great Tusk
|-damage|p2a: Great Tusk|85/100
|
|-damage|p1a: Elucid|88/100 brn|[from] brn
|-sideend|p2: H0N3R|move: Light Screen
|upkeep
|turn|10
|
|t:|1758258061
|switch|p1a: Smino|Gholdengo|100/100
|move|p2a: Great Tusk|Ice Spinner|p1a: Smino
|-resisted|p1a: Smino
|-damage|p1a: Smino|85/100
|
|upkeep
|turn|11
|
|t:|1758258070
|move|p1a: Smino|Make It Rain|p2a: Great Tusk
|-damage|p2a: Great Tusk|11/100
|-unboost|p1a: Smino|spa|1
|move|p2a: Great Tusk|Headlong Rush|p1a: Smino
|-supereffective|p1a: Smino
|-damage|p1a: Smino|0 fnt
|-unboost|p2a: Great Tusk|def|1
|-unboost|p2a: Great Tusk|spd|1
|faint|p1a: Smino
|
|upkeep
|
|t:|1758258075
|switch|p1a: Rat Tally|Garchomp, M|100/100
|turn|12
|
|t:|1758258084
|move|p1a: Rat Tally|Scale Shot|p2a: Great Tusk
|-damage|p2a: Great Tusk|0 fnt
|faint|p2a: Great Tusk
|-end|p2a: Great Tusk|Protosynthesis|[silent]
|-hitcount|p2: Great Tusk|1
|-unboost|p1a: Rat Tally|def|1
|-boost|p1a: Rat Tally|spe|1
|
|upkeep
|
|t:|1758258092
|switch|p2a: Incineroar|Incineroar, M|100/100
|-damage|p2a: Incineroar|76/100|[from] Stealth Rock
|-ability|p2a: Incineroar|Intimidate|boost
|-unboost|p1a: Rat Tally|atk|1
|turn|13
|
|t:|1758258103
|switch|p1a: Elucid|Dragonite, M|88/100 brn
|move|p2a: Incineroar|Bulk Up|p2a: Incineroar
|-boost|p2a: Incineroar|atk|1
|-boost|p2a: Incineroar|def|1
|
|-damage|p1a: Elucid|82/100 brn|[from] brn
|upkeep
|turn|14
|
|t:|1758258112
|move|p1a: Elucid|Earthquake|p2a: Incineroar
|-supereffective|p2a: Incineroar
|-damage|p2a: Incineroar|52/100
|-enditem|p2a: Incineroar|Weakness Policy
|-boost|p2a: Incineroar|atk|2|[from] item: Weakness Policy
|-boost|p2a: Incineroar|spa|2|[from] item: Weakness Policy
|move|p2a: Incineroar|Flame Charge|p1a: Elucid
|-resisted|p1a: Elucid
|-damage|p1a: Elucid|53/100 brn
|-boost|p2a: Incineroar|spe|1
|
|-damage|p1a: Elucid|47/100 brn|[from] brn
|upkeep
|turn|15
|
|t:|1758258128
|move|p2a: Incineroar|Bulk Up|p2a: Incineroar
|-boost|p2a: Incineroar|atk|1
|-boost|p2a: Incineroar|def|1
|move|p1a: Elucid|Earthquake|p2a: Incineroar
|-supereffective|p2a: Incineroar
|-damage|p2a: Incineroar|35/100
|
|-damage|p1a: Elucid|41/100 brn|[from] brn
|upkeep
|turn|16
|
|t:|1758258144
|move|p1a: Elucid|Extreme Speed|p2a: Incineroar
|-damage|p2a: Incineroar|27/100
|move|p2a: Incineroar|Flame Charge|p1a: Elucid
|-resisted|p1a: Elucid
|-damage|p1a: Elucid|8/100 brn
|-boost|p2a: Incineroar|spe|1
|
|-damage|p1a: Elucid|2/100 brn|[from] brn
|upkeep
|turn|17
|
|t:|1758258161
|move|p1a: Elucid|Extreme Speed|p2a: Incineroar
|-damage|p2a: Incineroar|20/100
|move|p2a: Incineroar|Flame Charge|p1a: Elucid
|-resisted|p1a: Elucid
|-damage|p1a: Elucid|0 fnt
|-boost|p2a: Incineroar|spe|1
|faint|p1a: Elucid
|
|upkeep
|
|t:|1758258166
|switch|p1a: Alvvays|Umbreon, F|100/100
|turn|18
|
|t:|1758258176
|move|p1a: Alvvays|Protect|p1a: Alvvays
|-singleturn|p1a: Alvvays|Protect
|move|p2a: Incineroar|Power Trip|p1a: Alvvays
|-activate|p1a: Alvvays|move: Protect
|
|upkeep
|turn|19
|
|t:|1758258183
|move|p2a: Incineroar|Taunt|p1a: Alvvays
|-start|p1a: Alvvays|move: Taunt
|move|p1a: Alvvays|Foul Play|p2a: Incineroar
|-resisted|p2a: Incineroar
|-damage|p2a: Incineroar|0 fnt
|faint|p2a: Incineroar
|
|upkeep
|
|t:|1758258195
|switch|p2a: Pecharunt|Pecharunt|100/100
|-damage|p2a: Pecharunt|88/100|[from] Stealth Rock
|turn|20
|
|t:|1758258205
|move|p2a: Pecharunt|Nasty Plot|p2a: Pecharunt
|-boost|p2a: Pecharunt|spa|2
|move|p1a: Alvvays|Foul Play|p2a: Pecharunt
|-supereffective|p2a: Pecharunt
|-damage|p2a: Pecharunt|62/100
|
|-heal|p2a: Pecharunt|68/100|[from] item: Leftovers
|upkeep
|turn|21
|
|t:|1758258214
|move|p2a: Pecharunt|Nasty Plot|p2a: Pecharunt
|-boost|p2a: Pecharunt|spa|2
|move|p1a: Alvvays|Foul Play|p2a: Pecharunt
|-supereffective|p2a: Pecharunt
|-damage|p2a: Pecharunt|40/100
|
|-heal|p2a: Pecharunt|46/100|[from] item: Leftovers
|-end|p1a: Alvvays|move: Taunt
|upkeep
|turn|22
|c|☆SamuraiJack0|u alr lost to garchomp
|
|t:|1758258224
|move|p2a: Pecharunt|Nasty Plot|p2a: Pecharunt
|-boost|p2a: Pecharunt|spa|2
|move|p1a: Alvvays|Thunder Wave|p2a: Pecharunt
|-status|p2a: Pecharunt|par
|
|-heal|p2a: Pecharunt|52/100 par|[from] item: Leftovers
|upkeep
|turn|23
|
|t:|1758258233
|move|p1a: Alvvays|Foul Play|p2a: Pecharunt
|-supereffective|p2a: Pecharunt
|-damage|p2a: Pecharunt|26/100 par
|cant|p2a: Pecharunt|par
|
|-heal|p2a: Pecharunt|32/100 par|[from] item: Leftovers
|upkeep
|turn|24
|
|t:|1758258241
|move|p1a: Alvvays|Foul Play|p2a: Pecharunt
|-supereffective|p2a: Pecharunt
|-damage|p2a: Pecharunt|7/100 par
|move|p2a: Pecharunt|Recover|p2a: Pecharunt
|-heal|p2a: Pecharunt|57/100 par
|
|-heal|p2a: Pecharunt|63/100 par|[from] item: Leftovers
|upkeep
|turn|25
|
|t:|1758258250
|move|p1a: Alvvays|Foul Play|p2a: Pecharunt
|-supereffective|p2a: Pecharunt
|-damage|p2a: Pecharunt|34/100 par
|cant|p2a: Pecharunt|par
|
|-heal|p2a: Pecharunt|40/100 par|[from] item: Leftovers
|upkeep
|turn|26
|
|t:|1758258258
|move|p1a: Alvvays|Foul Play|p2a: Pecharunt
|-supereffective|p2a: Pecharunt
|-damage|p2a: Pecharunt|10/100 par
|move|p2a: Pecharunt|Recover|p2a: Pecharunt
|-heal|p2a: Pecharunt|60/100 par
|
|-heal|p2a: Pecharunt|66/100 par|[from] item: Leftovers
|upkeep
|turn|27
|
|t:|1758258267
|move|p1a: Alvvays|Foul Play|p2a: Pecharunt
|-supereffective|p2a: Pecharunt
|-damage|p2a: Pecharunt|37/100 par
|move|p2a: Pecharunt|Malignant Chain|p1a: Alvvays
|-damage|p1a: Alvvays|46/100
|
|-heal|p1a: Alvvays|52/100|[from] item: Leftovers
|-heal|p2a: Pecharunt|43/100 par|[from] item: Leftovers
|upkeep
|turn|28
|
|t:|1758258279
|move|p1a: Alvvays|Foul Play|p2a: Pecharunt
|-supereffective|p2a: Pecharunt
|-damage|p2a: Pecharunt|15/100 par
|move|p2a: Pecharunt|Recover|p2a: Pecharunt
|-heal|p2a: Pecharunt|65/100 par
|
|-heal|p1a: Alvvays|58/100|[from] item: Leftovers
|-heal|p2a: Pecharunt|72/100 par|[from] item: Leftovers
|upkeep
|turn|29
|
|t:|1758258288
|move|p1a: Alvvays|Wish|p1a: Alvvays
|move|p2a: Pecharunt|Recover|p2a: Pecharunt
|-heal|p2a: Pecharunt|100/100 par
|
|-heal|p1a: Alvvays|64/100|[from] item: Leftovers
|upkeep
|turn|30
|
|t:|1758258295
|move|p1a: Alvvays|Foul Play|p2a: Pecharunt
|-supereffective|p2a: Pecharunt
|-damage|p2a: Pecharunt|70/100 par
|move|p2a: Pecharunt|Malignant Chain|p1a: Alvvays
|-damage|p1a: Alvvays|4/100
|
|-heal|p1a: Alvvays|54/100|[from] move: Wish|[wisher] Alvvays
|-heal|p1a: Alvvays|60/100|[from] item: Leftovers
|-heal|p2a: Pecharunt|76/100 par|[from] item: Leftovers
|upkeep
|turn|31
|
|t:|1758258306
|move|p1a: Alvvays|Foul Play|p2a: Pecharunt
|-supereffective|p2a: Pecharunt
|-damage|p2a: Pecharunt|45/100 par
|move|p2a: Pecharunt|Malignant Chain|p1a: Alvvays
|-damage|p1a: Alvvays|6/100
|-status|p1a: Alvvays|tox
|-start|p1a: Alvvays|confusion|[from] ability: Poison Puppeteer|[of] p2a: Pecharunt
|
|-heal|p1a: Alvvays|12/100 tox|[from] item: Leftovers
|-heal|p2a: Pecharunt|52/100 par|[from] item: Leftovers
|-damage|p1a: Alvvays|6/100 tox|[from] psn
|upkeep
|turn|32
|
|t:|1758258319
|-activate|p1a: Alvvays|confusion
|-damage|p1a: Alvvays|2/100 tox|[from] confusion
|move|p2a: Pecharunt|Recover|p2a: Pecharunt
|-heal|p2a: Pecharunt|100/100 par
|
|-heal|p1a: Alvvays|8/100 tox|[from] item: Leftovers
|-damage|p1a: Alvvays|0 fnt|[from] psn
|faint|p1a: Alvvays
|upkeep
|
|t:|1758258321
|switch|p1a: Rat Tally|Garchomp, M|100/100
|turn|33
|
|t:|1758258331
|move|p1a: Rat Tally|Earthquake|p2a: Pecharunt
|-supereffective|p2a: Pecharunt
|-damage|p2a: Pecharunt|40/100 par
|move|p2a: Pecharunt|Malignant Chain|p1a: Rat Tally
|-resisted|p1a: Rat Tally
|-damage|p1a: Rat Tally|45/100
|-status|p1a: Rat Tally|tox
|-start|p1a: Rat Tally|confusion|[from] ability: Poison Puppeteer|[of] p2a: Pecharunt
|
|-heal|p1a: Rat Tally|51/100 tox|[from] item: Leftovers
|-heal|p2a: Pecharunt|47/100 par|[from] item: Leftovers
|-damage|p1a: Rat Tally|45/100 tox|[from] psn
|upkeep
|turn|34
|
|t:|1758258347
|-activate|p1a: Rat Tally|confusion
|move|p1a: Rat Tally|Earthquake|p2a: Pecharunt
|-supereffective|p2a: Pecharunt
|-damage|p2a: Pecharunt|0 fnt
|faint|p2a: Pecharunt
|
|-heal|p1a: Rat Tally|51/100 tox|[from] item: Leftovers
|-damage|p1a: Rat Tally|39/100 tox|[from] psn
|upkeep
|
|t:|1758258356
|switch|p2a: Walking Wake|Walking Wake, tera:Poison|9/100
|-damage|p2a: Walking Wake|0 fnt|[from] Stealth Rock
|faint|p2a: Walking Wake
|-end|p2a: Walking Wake|Protosynthesis|[silent]
|
|t:|1758258361
|switch|p2a: Weezing|Weezing-Galar, F|18/100
|-ability|p2a: Weezing|Neutralizing Gas
|-damage|p2a: Weezing|6/100|[from] Stealth Rock
|turn|35
|
|t:|1758258370
|-activate|p1a: Rat Tally|confusion
|move|p1a: Rat Tally|Earthquake|p2a: Weezing
|-supereffective|p2a: Weezing
|-damage|p2a: Weezing|0 fnt
|faint|p2a: Weezing
|-end|p2a: Weezing|ability: Neutralizing Gas
|
|win|SamuraiJack0
|raw|SamuraiJack0's rating: 1355 &rarr; <strong>1375</strong><br />(+20 for winning)
|raw|H0N3R's rating: 1362 &rarr; <strong>1342</strong><br />(-20 for losing)
|c|☆SamuraiJack0|ur ass
|l|☆SamuraiJack0
|player|p1|
|c|☆H0N3R|Funny
|l|☆H0N3R
|player|p2|
