|j|☆Over hit
|j|☆Imurdadwithmilk
|t:|1758297639
|gametype|singles
|player|p1|Over hit|170|1131
|player|p2|Imurdadwithmilk|blackbelt-gen4|1121
|gen|9
|tier|[Gen 9] OU
|rated|
|rule|HP Percentage Mod: HP is shown in percentages
|rule|Endless Battle Clause: Forcing endless battles is banned
|rule|Species Clause: Limit one of each Pokémon
|rule|OHKO Clause: OHKO moves are banned
|rule|Evasion Items Clause: Evasion items are banned
|rule|Evasion Moves Clause: Evasion moves are banned
|rule|Evasion Abilities Clause: Evasion abilities are banned
|rule|Sleep Moves Clause: Sleep-inducing moves are banned
|clearpoke
|poke|p1|Gallade, M|
|poke|p1|Excadrill, M|
|poke|p1|Dragonite, F|
|poke|p1|Alomomola, F|
|poke|p1|Ninetales-Alola, M|
|poke|p1|Heatran, M|
|poke|p2|Meloetta|
|poke|p2|Jirachi|
|poke|p2|Sawsbuck-Summer, M|
|poke|p2|Gliscor, M|
|poke|p2|Kingambit, F|
|poke|p2|Pecharunt|
|teampreview
|inactive|Battle timer is ON: inactive players will automatically lose when time's up. (requested by Imurdadwithmilk)
|
|t:|1758297663
|teamsize|p1|6
|teamsize|p2|6
|start
|switch|p1a: Excadrill|Excadrill, M|100/100
|switch|p2a: Meloetta|Meloetta|100/100
|-ability|p1a: Excadrill|Mold Breaker
|turn|1
|
|t:|1758297674
|move|p2a: Meloetta|Relic Song|p1a: Excadrill
|-resisted|p1a: Excadrill
|-damage|p1a: Excadrill|80/100
|-status|p1a: Excadrill|slp|[from] move: Relic Song
|-formechange|p2a: Meloetta|Meloetta-Pirouette|[msg]
|cant|p1a: Excadrill|slp
|
|upkeep
|turn|2
|
|t:|1758297704
|switch|p1a: Dragonite|Dragonite, F|100/100
|move|p2a: Meloetta|Substitute|p2a: Meloetta
|-start|p2a: Meloetta|Substitute
|-damage|p2a: Meloetta|76/100
|
|upkeep
|turn|3
|
|t:|1758297710
|-terastallize|p1a: Dragonite|Normal
|move|p1a: Dragonite|Extreme Speed|p2a: Meloetta
|-end|p2a: Meloetta|Substitute
|move|p2a: Meloetta|Calm Mind|p2a: Meloetta
|-boost|p2a: Meloetta|spa|1
|-boost|p2a: Meloetta|spd|1
|
|upkeep
|turn|4
|
|t:|1758297718
|move|p1a: Dragonite|Extreme Speed|p2a: Meloetta
|-damage|p2a: Meloetta|3/100
|move|p2a: Meloetta|Thunderbolt|p1a: Dragonite
|-damage|p1a: Dragonite|66/100
|
|upkeep
|turn|5
|
|t:|1758297727
|switch|p2a: Pecharunt|Pecharunt|100/100
|move|p1a: Dragonite|Extreme Speed|p2a: Pecharunt
|-immune|p2a: Pecharunt
|
|upkeep
|turn|6
|
|t:|1758297742
|switch|p1a: Ninetales|Ninetales-Alola, M, shiny|100/100
|-weather|Snowscape|[from] ability: Snow Warning|[of] p1a: Ninetales
|move|p2a: Pecharunt|Malignant Chain|p1a: Ninetales
|-supereffective|p1a: Ninetales
|-damage|p1a: Ninetales|26/100
|
|-weather|Snowscape|[upkeep]
|upkeep
|turn|7
|inactive|Over hit has 120 seconds left.
|
|t:|1758297768
|move|p1a: Ninetales|Blizzard|p2a: Pecharunt
|-damage|p2a: Pecharunt|82/100
|move|p2a: Pecharunt|Malignant Chain|p1a: Ninetales
|-supereffective|p1a: Ninetales
|-crit|p1a: Ninetales
|-damage|p1a: Ninetales|0 fnt
|faint|p1a: Ninetales
|
|-weather|Snowscape|[upkeep]
|upkeep
|inactive|Over hit has 120 seconds left.
|
|t:|1758297785
|switch|p1a: Heatran|Heatran, M|100/100
|-item|p1a: Heatran|Air Balloon
|turn|8
|
|t:|1758297794
|move|p2a: Pecharunt|Shadow Ball|p1a: Heatran
|-damage|p1a: Heatran|83/100
|-enditem|p1a: Heatran|Air Balloon
|move|p1a: Heatran|Magma Storm|p2a: Pecharunt
|-damage|p2a: Pecharunt|55/100
|-activate|p2a: Pecharunt|move: Magma Storm|[of] p1a: Heatran
|
|-weather|Snowscape|[upkeep]
|-damage|p2a: Pecharunt|43/100|[from] move: Magma Storm|[partiallytrapped]
|upkeep
|turn|9
|inactive|Over hit has 120 seconds left.
|
|t:|1758297806
|move|p2a: Pecharunt|Shadow Ball|p1a: Heatran
|-damage|p1a: Heatran|63/100
|-unboost|p1a: Heatran|spd|1
|move|p1a: Heatran|Flash Cannon|p2a: Pecharunt
|-damage|p2a: Pecharunt|22/100
|
|-weather|Snowscape|[upkeep]
|-damage|p2a: Pecharunt|9/100|[from] move: Magma Storm|[partiallytrapped]
|upkeep
|turn|10
|inactive|Over hit has 120 seconds left.
|
|t:|1758297821
|switch|p2a: Gliscor|Gliscor, M|100/100
|switch|p1a: Alomomola|Alomomola, F|100/100
|
|-weather|none
|-status|p2a: Gliscor|tox|[from] item: Toxic Orb
|upkeep
|turn|11
|
|t:|1758297832
|move|p2a: Gliscor|Stealth Rock|p1a: Alomomola
|-sidestart|p1: Over hit|move: Stealth Rock
|move|p1a: Alomomola|Scald|p2a: Gliscor
|-supereffective|p2a: Gliscor
|-damage|p2a: Gliscor|64/100 tox
|
|-heal|p2a: Gliscor|77/100 tox|[from] ability: Poison Heal
|upkeep
|turn|12
|
|t:|1758297846
|move|p2a: Gliscor|Rock Slide|p1a: Alomomola
|-damage|p1a: Alomomola|89/100
|move|p1a: Alomomola|Scald|p2a: Gliscor
|-supereffective|p2a: Gliscor
|-damage|p2a: Gliscor|46/100 tox
|
|-heal|p1a: Alomomola|95/100|[from] item: Leftovers
|-heal|p2a: Gliscor|58/100 tox|[from] ability: Poison Heal
|upkeep
|turn|13
|
|t:|1758297852
|move|p2a: Gliscor|Swords Dance|p2a: Gliscor
|-boost|p2a: Gliscor|atk|2
|move|p1a: Alomomola|Scald|p2a: Gliscor
|-supereffective|p2a: Gliscor
|-damage|p2a: Gliscor|27/100 tox
|
|-heal|p1a: Alomomola|100/100|[from] item: Leftovers
|-heal|p2a: Gliscor|39/100 tox|[from] ability: Poison Heal
|upkeep
|turn|14
|
|t:|1758297865
|move|p2a: Gliscor|Rock Slide|p1a: Alomomola
|-damage|p1a: Alomomola|77/100
|cant|p1a: Alomomola|flinch
|
|-heal|p1a: Alomomola|83/100|[from] item: Leftovers
|-heal|p2a: Gliscor|52/100 tox|[from] ability: Poison Heal
|upkeep
|turn|15
|
|t:|1758297871
|move|p2a: Gliscor|Rock Slide|p1a: Alomomola
|-damage|p1a: Alomomola|59/100
|move|p1a: Alomomola|Scald|p2a: Gliscor
|-supereffective|p2a: Gliscor
|-damage|p2a: Gliscor|21/100 tox
|
|-heal|p1a: Alomomola|65/100|[from] item: Leftovers
|-heal|p2a: Gliscor|33/100 tox|[from] ability: Poison Heal
|upkeep
|turn|16
|
|t:|1758297882
|move|p2a: Gliscor|Rock Slide|p1a: Alomomola
|-damage|p1a: Alomomola|42/100
|move|p1a: Alomomola|Scald|p2a: Gliscor
|-supereffective|p2a: Gliscor
|-damage|p2a: Gliscor|0 fnt
|faint|p2a: Gliscor
|
|-heal|p1a: Alomomola|48/100|[from] item: Leftovers
|upkeep
|
|t:|1758297891
|switch|p2a: Sawsbuck|Sawsbuck-Summer, M|100/100
|turn|17
|
|t:|1758297898
|move|p1a: Alomomola|Protect|p1a: Alomomola
|-singleturn|p1a: Alomomola|Protect
|move|p2a: Sawsbuck|Body Slam|p1a: Alomomola
|-activate|p1a: Alomomola|move: Protect
|
|-heal|p1a: Alomomola|54/100|[from] item: Leftovers
|upkeep
|turn|18
|
|t:|1758297904
|move|p2a: Sawsbuck|Body Slam|p1a: Alomomola
|-damage|p1a: Alomomola|34/100
|-status|p1a: Alomomola|par
|move|p1a: Alomomola|Wish|p1a: Alomomola
|
|-heal|p1a: Alomomola|40/100 par|[from] item: Leftovers
|upkeep
|turn|19
|
|t:|1758297915
|move|p1a: Alomomola|Protect|p1a: Alomomola
|-singleturn|p1a: Alomomola|Protect
|move|p2a: Sawsbuck|Headbutt|p1a: Alomomola
|-activate|p1a: Alomomola|move: Protect
|
|-heal|p1a: Alomomola|90/100 par|[from] move: Wish|[wisher] Alomomola
|-heal|p1a: Alomomola|96/100 par|[from] item: Leftovers
|upkeep
|turn|20
|
|t:|1758297934
|switch|p1a: Dragonite|Dragonite, F, tera:Normal|66/100
|-damage|p1a: Dragonite|54/100|[from] Stealth Rock
|move|p2a: Sawsbuck|Horn Leech|p1a: Dragonite
|-damage|p1a: Dragonite|17/100
|
|upkeep
|turn|21
|
|t:|1758297943
|move|p2a: Sawsbuck|Horn Leech|p1a: Dragonite
|-crit|p1a: Dragonite
|-damage|p1a: Dragonite|0 fnt
|faint|p1a: Dragonite
|
|upkeep
|
|t:|1758297951
|switch|p1a: Excadrill|Excadrill, M|80/100 slp
|-damage|p1a: Excadrill|77/100 slp|[from] Stealth Rock
|-ability|p1a: Excadrill|Mold Breaker
|turn|22
|
|t:|1758297958
|move|p2a: Sawsbuck|Horn Leech|p1a: Excadrill
|-damage|p1a: Excadrill|38/100 slp
|-curestatus|p1a: Excadrill|slp|[msg]
|move|p1a: Excadrill|Rapid Spin|p2a: Sawsbuck
|-damage|p2a: Sawsbuck|61/100
|-boost|p1a: Excadrill|spe|1
|-sideend|p1: Over hit|Stealth Rock|[from] move: Rapid Spin|[of] p1a: Excadrill
|-damage|p1a: Excadrill|28/100|[from] item: Life Orb
|
|upkeep
|turn|23
|
|t:|1758297976
|move|p1a: Excadrill|Stealth Rock|p2a: Sawsbuck
|-sidestart|p2: Imurdadwithmilk|move: Stealth Rock
|move|p2a: Sawsbuck|Horn Leech|p1a: Excadrill
|-damage|p1a: Excadrill|0 fnt
|-heal|p2a: Sawsbuck|80/100|[from] drain|[of] p1a: Excadrill
|faint|p1a: Excadrill
|
|upkeep
|
|t:|1758297985
|switch|p1a: Gallade|Gallade, M|100/100
|turn|24
|
|t:|1758297996
|-terastallize|p2a: Sawsbuck|Normal
|move|p1a: Gallade|Sacred Sword|p2a: Sawsbuck
|-supereffective|p2a: Sawsbuck
|-damage|p2a: Sawsbuck|0 fnt
|faint|p2a: Sawsbuck
|
|upkeep
|
|t:|1758298005
|switch|p2a: Jirachi|Jirachi|100/100
|-damage|p2a: Jirachi|94/100|[from] Stealth Rock
|turn|25
|inactive|Over hit has 120 seconds left.
|
|t:|1758298061
|move|p1a: Gallade|Sacred Sword|p2a: Jirachi
|-damage|p2a: Jirachi|40/100
|move|p2a: Jirachi|Wish|p2a: Jirachi
|
|-heal|p2a: Jirachi|46/100|[from] item: Leftovers
|upkeep
|turn|26
|
|t:|1758298069
|switch|p1a: Heatran|Heatran, M|63/100
|move|p2a: Jirachi|Thunder Wave|p1a: Heatran
|-status|p1a: Heatran|par
|
|-heal|p2a: Jirachi|96/100|[from] move: Wish|[wisher] Jirachi
|-heal|p2a: Jirachi|100/100|[from] item: Leftovers
|upkeep
|turn|27
|
|t:|1758298078
|move|p2a: Jirachi|Substitute|p2a: Jirachi
|-start|p2a: Jirachi|Substitute
|-damage|p2a: Jirachi|75/100
|move|p1a: Heatran|Magma Storm|p2a: Jirachi
|-supereffective|p2a: Jirachi
|-end|p2a: Jirachi|Substitute
|
|-heal|p2a: Jirachi|82/100|[from] item: Leftovers
|upkeep
|turn|28
|
|t:|1758298084
|move|p2a: Jirachi|Substitute|p2a: Jirachi
|-start|p2a: Jirachi|Substitute
|-damage|p2a: Jirachi|57/100
|move|p1a: Heatran|Magma Storm|p2a: Jirachi
|-supereffective|p2a: Jirachi
|-end|p2a: Jirachi|Substitute
|
|-heal|p2a: Jirachi|63/100|[from] item: Leftovers
|upkeep
|turn|29
|inactive|Over hit has 120 seconds left.
|
|t:|1758298096
|move|p2a: Jirachi|Substitute|p2a: Jirachi
|-start|p2a: Jirachi|Substitute
|-damage|p2a: Jirachi|38/100
|move|p1a: Heatran|Magma Storm|p2a: Jirachi
|-supereffective|p2a: Jirachi
|-end|p2a: Jirachi|Substitute
|
|-heal|p2a: Jirachi|44/100|[from] item: Leftovers
|upkeep
|turn|30
|inactive|Over hit has 120 seconds left.
|c|☆Imurdadwithmilk|!dt magma storm
|raw|<ul class="utilichart"><li class="result"><span class="col movenamecol"><a href="https://dex.pokemonshowdown.com/moves/magmastorm">Magma Storm</a></span> <span class="col typecol"><img src="//play.pokemonshowdown.com/sprites/types/Fire.png" alt="Fire" width="32" height="14"><img src="//play.pokemonshowdown.com/sprites/categories/Special.png" alt="Special" width="32" height="14"></span> <span class="col labelcol"><em>Power</em><br>100</span> <span class="col widelabelcol"><em>Accuracy</em><br>75%</span> <span class="col pplabelcol"><em>PP</em><br>8</span> <span class="col movedesccol">Traps and damages the target for 4-5 turns.</span> </li><li style="clear:both"></li></ul>
|raw|<font size="1"><font color="#686868">Priority:</font> 0&nbsp;|&ThickSpace;<font color="#686868">Gen:</font> 4&nbsp;|&ThickSpace;<font color="#686868">Z-Power:</font> 180&nbsp;|&ThickSpace;<font color="#686868">Target:</font> One Adjacent Pokémon</font>

|c|☆Imurdadwithmilk|Uh huh
|
|t:|1758298117
|move|p2a: Jirachi|Substitute|p2a: Jirachi
|-start|p2a: Jirachi|Substitute
|-damage|p2a: Jirachi|19/100
|cant|p1a: Heatran|par
|
|-heal|p2a: Jirachi|25/100|[from] item: Leftovers
|upkeep
|turn|31
|inactive|Over hit has 120 seconds left.
|
|t:|1758298127
|switch|p1a: Gallade|Gallade, M|100/100
|move|p2a: Jirachi|Wish|p2a: Jirachi
|
|-heal|p2a: Jirachi|31/100|[from] item: Leftovers
|upkeep
|turn|32
|
|t:|1758298134
|move|p1a: Gallade|Sacred Sword|p2a: Jirachi
|-end|p2a: Jirachi|Substitute
|move|p2a: Jirachi|Thunder Wave|p1a: Gallade
|-status|p1a: Gallade|par
|
|-heal|p2a: Jirachi|81/100|[from] move: Wish|[wisher] Jirachi
|-heal|p2a: Jirachi|88/100|[from] item: Leftovers
|upkeep
|turn|33
|
|t:|1758298146
|move|p2a: Jirachi|Iron Head|p1a: Gallade
|-damage|p1a: Gallade|55/100 par
|cant|p1a: Gallade|flinch
|
|-heal|p2a: Jirachi|94/100|[from] item: Leftovers
|upkeep
|turn|34
|
|t:|1758298150
|move|p2a: Jirachi|Iron Head|p1a: Gallade
|-damage|p1a: Gallade|8/100 par
|cant|p1a: Gallade|flinch
|
|-heal|p2a: Jirachi|99/100|[from] item: Leftovers
|upkeep
|turn|35
|
|t:|1758298156
|move|p2a: Jirachi|Iron Head|p1a: Gallade
|-damage|p1a: Gallade|0 fnt
|faint|p1a: Gallade
|
|-heal|p2a: Jirachi|100/100|[from] item: Leftovers
|upkeep
|
|t:|1758298164
|switch|p1a: Heatran|Heatran, M|63/100 par
|turn|36
|
|t:|1758298168
|move|p2a: Jirachi|Substitute|p2a: Jirachi
|-start|p2a: Jirachi|Substitute
|-damage|p2a: Jirachi|75/100
|move|p1a: Heatran|Magma Storm|p2a: Jirachi
|-supereffective|p2a: Jirachi
|-end|p2a: Jirachi|Substitute
|
|-heal|p2a: Jirachi|82/100|[from] item: Leftovers
|upkeep
|turn|37
|
|t:|1758298175
|move|p2a: Jirachi|Substitute|p2a: Jirachi
|-start|p2a: Jirachi|Substitute
|-damage|p2a: Jirachi|57/100
|move|p1a: Heatran|Taunt|p2a: Jirachi
|-start|p2a: Jirachi|move: Taunt
|
|-heal|p2a: Jirachi|63/100|[from] item: Leftovers
|upkeep
|turn|38
|
|t:|1758298183
|move|p2a: Jirachi|Iron Head|p1a: Heatran
|-resisted|p1a: Heatran
|-damage|p1a: Heatran|57/100 par
|cant|p1a: Heatran|flinch
|
|-heal|p2a: Jirachi|69/100|[from] item: Leftovers
|upkeep
|turn|39
|
|t:|1758298191
|move|p2a: Jirachi|Iron Head|p1a: Heatran
|-resisted|p1a: Heatran
|-crit|p1a: Heatran
|-damage|p1a: Heatran|48/100 par
|cant|p1a: Heatran|flinch
|
|-heal|p2a: Jirachi|75/100|[from] item: Leftovers
|upkeep
|turn|40
|
|t:|1758298196
|move|p2a: Jirachi|Iron Head|p1a: Heatran
|-resisted|p1a: Heatran
|-damage|p1a: Heatran|42/100 par
|cant|p1a: Heatran|flinch
|
|-heal|p2a: Jirachi|81/100|[from] item: Leftovers
|-end|p2a: Jirachi|move: Taunt
|upkeep
|turn|41
|
|t:|1758298203
|move|p2a: Jirachi|Iron Head|p1a: Heatran
|-resisted|p1a: Heatran
|-damage|p1a: Heatran|37/100 par
|cant|p1a: Heatran|flinch
|
|-heal|p2a: Jirachi|88/100|[from] item: Leftovers
|upkeep
|turn|42
|l|☆Over hit
|inactive|Over hit disconnected and has a minute to reconnect!
|player|p1|
|inactive|Over hit has 30 seconds to reconnect!
|inactive|Over hit has 20 seconds to reconnect!
|inactive|Over hit has 15 seconds to reconnect!
|inactive|Over hit has 10 seconds to reconnect!
|inactive|Over hit has 5 seconds to reconnect!
|-message|Over hit lost due to inactivity.
|
|win|Imurdadwithmilk
|raw|Over hit's rating: 1131 &rarr; <strong>1105</strong><br />(-26 for losing)
|raw|Imurdadwithmilk's rating: 1121 &rarr; <strong>1147</strong><br />(+26 for winning)
