|j|☆lerinap
|j|☆testingcharizandra
|t:|1758289919
|gametype|singles
|player|p1|lerinap|1|1198
|player|p2|testingcharizandra|cynthia-gen4|1114
|gen|9
|tier|[Gen 9] OU
|rated|
|rule|HP Percentage Mod: HP is shown in percentages
|rule|Endless Battle Clause: Forcing endless battles is banned
|rule|Species Clause: Limit one of each Pokémon
|rule|OHKO Clause: OHKO moves are banned
|rule|Evasion Items Clause: Evasion items are banned
|rule|Evasion Moves Clause: Evasion moves are banned
|rule|Evasion Abilities Clause: Evasion abilities are banned
|rule|Sleep Moves Clause: Sleep-inducing moves are banned
|clearpoke
|poke|p1|Primarina, M|
|poke|p1|Iron Valiant|
|poke|p1|Glimmora, F|
|poke|p1|Tinkaton, F|
|poke|p1|Ogerpon-Wellspring, F|
|poke|p1|Gholdengo|
|poke|p2|Gengar, F|
|poke|p2|Salazzle, F|
|poke|p2|Grafaiai, M|
|poke|p2|Tentacruel, M|
|poke|p2|Toxicroak, F|
|poke|p2|Overqwil, F|
|teampreview
|
|t:|1758289926
|teamsize|p1|6
|teamsize|p2|6
|start
|switch|p1a: Sneaky gem|Glimmora, F|100/100
|switch|p2a: Gengar|Gengar, F, shiny|100/100
|turn|1
|
|t:|1758289929
|move|p2a: Gengar|Trick|p1a: Sneaky gem
|-activate|p2a: Gengar|move: Trick|[of] p1a: Sneaky gem
|-item|p1a: Sneaky gem|Choice Scarf|[from] move: Trick
|-item|p2a: Gengar|Focus Sash|[from] move: Trick
|move|p1a: Sneaky gem|Power Gem|p2a: Gengar
|-damage|p2a: Gengar|30/100
|
|upkeep
|turn|2
|
|t:|1758289937
|switch|p2a: Tentacruel|Tentacruel, M|100/100
|move|p1a: Sneaky gem|Power Gem|p2a: Tentacruel
|-damage|p2a: Tentacruel|57/100
|
|upkeep
|turn|3
|
|t:|1758289945
|move|p1a: Sneaky gem|Power Gem|p2a: Tentacruel
|-damage|p2a: Tentacruel|12/100
|move|p2a: Tentacruel|Rain Dance|p2a: Tentacruel
|-weather|RainDance
|
|-weather|RainDance|[upkeep]
|-heal|p2a: Tentacruel|18/100|[from] ability: Rain Dish
|upkeep
|turn|4
|
|t:|1758289952
|move|p1a: Sneaky gem|Power Gem|p2a: Tentacruel
|-damage|p2a: Tentacruel|0 fnt
|faint|p2a: Tentacruel
|
|-weather|RainDance|[upkeep]
|upkeep
|
|t:|1758289957
|switch|p2a: Toxicroak|Toxicroak, F|100/100
|turn|5
|
|t:|1758289963
|switch|p1a: Big bonk|Tinkaton, F|100/100
|-ability|p1a: Big bonk|Mold Breaker
|move|p2a: Toxicroak|Drain Punch|p1a: Big bonk
|-damage|p1a: Big bonk|43/100
|-damage|p2a: Toxicroak|91/100|[from] item: Life Orb
|
|-weather|RainDance|[upkeep]
|-heal|p2a: Toxicroak|100/100|[from] ability: Dry Skin
|upkeep
|turn|6
|
|t:|1758289971
|-terastallize|p1a: Big bonk|Fairy
|move|p2a: Toxicroak|Drain Punch|p1a: Big bonk
|-resisted|p1a: Big bonk
|-damage|p1a: Big bonk|12/100
|-damage|p2a: Toxicroak|91/100|[from] item: Life Orb
|move|p1a: Big bonk|Gigaton Hammer|p2a: Toxicroak
|-crit|p2a: Toxicroak
|-damage|p2a: Toxicroak|0 fnt
|faint|p2a: Toxicroak
|-damage|p1a: Big bonk|2/100|[from] item: Life Orb
|
|-weather|RainDance|[upkeep]
|upkeep
|
|t:|1758289976
|switch|p2a: Overqwil|Overqwil, F|100/100
|turn|7
|
|t:|1758289987
|move|p2a: Overqwil|Waterfall|p1a: Big bonk
|-damage|p1a: Big bonk|0 fnt
|faint|p1a: Big bonk
|
|-weather|RainDance|[upkeep]
|upkeep
|
|t:|1758289996
|switch|p1a: Sneaky gem|Glimmora, F|100/100
|turn|8
|
|t:|1758289999
|move|p2a: Overqwil|Waterfall|p1a: Sneaky gem
|-supereffective|p1a: Sneaky gem
|-damage|p1a: Sneaky gem|0 fnt
|-activate|p1a: Sneaky gem|ability: Toxic Debris
|-sidestart|p2: testingcharizandra|move: Toxic Spikes
|faint|p1a: Sneaky gem
|
|-weather|RainDance|[upkeep]
|upkeep
|
|t:|1758290005
|switch|p1a: Donna Prima|Primarina, M|100/100
|turn|9
|
|t:|1758290011
|switch|p2a: Gengar|Gengar, F, shiny|30/100
|-sideend|p2: testingcharizandra|move: Toxic Spikes|[of] p2a: Gengar
|move|p1a: Donna Prima|Moonblast|p2a: Gengar
|-resisted|p2a: Gengar
|-crit|p2a: Gengar
|-damage|p2a: Gengar|0 fnt
|faint|p2a: Gengar
|
|-weather|RainDance|[upkeep]
|upkeep
|
|t:|1758290016
|switch|p2a: Grafaiai|Grafaiai, M|100/100
|turn|10
|
|t:|1758290021
|move|p2a: Grafaiai|Switcheroo|p1a: Donna Prima
|-activate|p2a: Grafaiai|move: Trick|[of] p1a: Donna Prima
|-item|p1a: Donna Prima|Black Sludge|[from] move: Switcheroo
|-item|p2a: Grafaiai|Assault Vest|[from] move: Switcheroo
|move|p1a: Donna Prima|Psychic Noise|p2a: Grafaiai
|-supereffective|p2a: Grafaiai
|-damage|p2a: Grafaiai|41/100
|-start|p2a: Grafaiai|move: Heal Block
|
|-weather|none
|-damage|p1a: Donna Prima|88/100|[from] item: Black Sludge
|upkeep
|turn|11
|
|t:|1758290028
|move|p2a: Grafaiai|Knock Off|p1a: Donna Prima
|-resisted|p1a: Donna Prima
|-damage|p1a: Donna Prima|72/100
|-enditem|p1a: Donna Prima|Black Sludge|[from] move: Knock Off|[of] p2a: Grafaiai
|move|p1a: Donna Prima|Psychic Noise|p2a: Grafaiai
|-supereffective|p2a: Grafaiai
|-damage|p2a: Grafaiai|0 fnt
|faint|p2a: Grafaiai
|
|upkeep
|
|t:|1758290031
|switch|p2a: Salazzle|Salazzle, F, shiny|100/100
|turn|12
|
|t:|1758290038
|move|p2a: Salazzle|Toxic|p1a: Donna Prima
|-status|p1a: Donna Prima|tox
|move|p1a: Donna Prima|Sparkling Aria|p2a: Salazzle
|-supereffective|p2a: Salazzle
|-damage|p2a: Salazzle|0 fnt
|faint|p2a: Salazzle
|
|-damage|p1a: Donna Prima|66/100 tox|[from] psn
|upkeep
|
|t:|1758290039
|switch|p2a: Overqwil|Overqwil, F|100/100
|turn|13
|
|t:|1758290044
|move|p2a: Overqwil|Gunk Shot|p1a: Donna Prima
|-supereffective|p1a: Donna Prima
|-damage|p1a: Donna Prima|0 fnt
|faint|p1a: Donna Prima
|
|upkeep
|-message|testingcharizandra forfeited.
|
|win|lerinap
|raw|lerinap's rating: 1198 &rarr; <strong>1217</strong><br />(+19 for winning)
|raw|testingcharizandra's rating: 1114 &rarr; <strong>1095</strong><br />(-19 for losing)
|l|☆testingcharizandra
|player|p2|
