|j|☆Chibighost<3
|j|☆Oshawatt923
|t:|1758269943
|gametype|singles
|player|p1|Chibighost<3|shauntal|1014
|player|p2|Oshawatt923|101|1015
|gen|9
|tier|[Gen 9] OU
|rated|
|rule|HP Percentage Mod: HP is shown in percentages
|rule|Endless Battle Clause: Forcing endless battles is banned
|rule|Species Clause: Limit one of each Pokémon
|rule|OHKO Clause: OHKO moves are banned
|rule|Evasion Items Clause: Evasion items are banned
|rule|Evasion Moves Clause: Evasion moves are banned
|rule|Evasion Abilities Clause: Evasion abilities are banned
|rule|Sleep Moves Clause: Sleep-inducing moves are banned
|clearpoke
|poke|p1|Lapras, F|
|poke|p1|Araquanid, M|
|poke|p1|Clodsire, M|
|poke|p1|Galvantula, F|
|poke|p1|Lanturn, M|
|poke|p1|Politoed, F|
|poke|p2|Gallade, M|
|poke|p2|Mismagius, F|
|poke|p2|Primarina, F|
|poke|p2|Krookodile, F|
|poke|p2|Salazzle, F|
|poke|p2|Vikavolt, F|
|teampreview
|
|t:|1758269950
|teamsize|p1|6
|teamsize|p2|6
|start
|switch|p1a: Politoed|Politoed, F, shiny|100/100
|switch|p2a: The Knight|Gallade, M|100/100
|-weather|RainDance|[from] ability: Drizzle|[of] p1a: Politoed
|turn|1
|
|t:|1758269962
|switch|p1a: Araquanid|Araquanid, M|100/100
|move|p2a: The Knight|Leaf Blade|p1a: Araquanid
|-damage|p1a: Araquanid|48/100
|
|-weather|RainDance|[upkeep]
|upkeep
|turn|2
|
|t:|1758269970
|move|p2a: The Knight|Leaf Blade|p1a: Araquanid
|-damage|p1a: Araquanid|0 fnt
|faint|p1a: Araquanid
|
|-weather|RainDance|[upkeep]
|upkeep
|
|t:|1758269981
|switch|p1a: Lapras|Lapras, F|100/100
|turn|3
|
|t:|1758269993
|move|p2a: The Knight|Leaf Blade|p1a: Lapras
|-supereffective|p1a: Lapras
|-crit|p1a: Lapras
|-damage|p1a: Lapras|0 fnt
|faint|p1a: Lapras
|
|-weather|RainDance|[upkeep]
|upkeep
|
|t:|1758270001
|switch|p1a: Galvantula|Galvantula, F|100/100
|turn|4
|
|t:|1758270015
|move|p1a: Galvantula|Thunder|p2a: The Knight
|-damage|p2a: The Knight|54/100
|move|p2a: The Knight|Psycho Cut|p1a: Galvantula
|-crit|p1a: Galvantula
|-enditem|p1a: Galvantula|Focus Sash
|-damage|p1a: Galvantula|1/100
|
|-weather|RainDance|[upkeep]
|upkeep
|turn|5
|
|t:|1758270031
|move|p1a: Galvantula|Thunder|p2a: The Knight
|-damage|p2a: The Knight|4/100
|move|p2a: The Knight|Psycho Cut|p1a: Galvantula
|-crit|p1a: Galvantula
|-damage|p1a: Galvantula|0 fnt
|faint|p1a: Galvantula
|
|-weather|none
|upkeep
|
|t:|1758270042
|switch|p1a: Politoed|Politoed, F, shiny|100/100
|-weather|RainDance|[from] ability: Drizzle|[of] p1a: Politoed
|turn|6
|
|t:|1758270051
|move|p1a: Politoed|Earthquake|p2a: The Knight
|-damage|p2a: The Knight|0 fnt
|faint|p2a: The Knight
|
|-weather|RainDance|[upkeep]
|upkeep
|
|t:|1758270058
|switch|p2a: Vikavolt|Vikavolt, F|100/100
|turn|7
|
|t:|1758270082
|switch|p1a: Clodsire|Clodsire, M|100/100
|move|p2a: Vikavolt|Bug Buzz|p1a: Clodsire
|-resisted|p1a: Clodsire
|-damage|p1a: Clodsire|81/100
|
|-weather|RainDance|[upkeep]
|upkeep
|turn|8
|
|t:|1758270098
|move|p2a: Vikavolt|Sticky Web|p1a: Clodsire
|-sidestart|p1: Chibighost<3|move: Sticky Web
|move|p1a: Clodsire|Earthquake|p2a: Vikavolt
|-immune|p2a: Vikavolt|[from] ability: Levitate
|
|-weather|RainDance|[upkeep]
|upkeep
|turn|9
|
|t:|1758270106
|switch|p2a: Salazzle|Salazzle, F|100/100
|move|p1a: Clodsire|Zen Headbutt|p2a: Salazzle
|-supereffective|p2a: Salazzle
|-damage|p2a: Salazzle|27/100
|
|-weather|RainDance|[upkeep]
|upkeep
|turn|10
|
|t:|1758270123
|move|p2a: Salazzle|Toxic|p1a: Clodsire
|-status|p1a: Clodsire|tox
|move|p1a: Clodsire|Zen Headbutt|p2a: Salazzle
|-supereffective|p2a: Salazzle
|-damage|p2a: Salazzle|0 fnt
|faint|p2a: Salazzle
|
|-weather|none
|-damage|p1a: Clodsire|75/100 tox|[from] psn
|upkeep
|
|t:|1758270135
|switch|p2a: Vikavolt|Vikavolt, F|100/100
|turn|11
|
|t:|1758270142
|switch|p1a: Lanturn|Lanturn, M|100/100
|-activate|p1a: Lanturn|move: Sticky Web
|-unboost|p1a: Lanturn|spe|1
|move|p2a: Vikavolt|Thunder|p1a: Lanturn
|-immune|p1a: Lanturn|[from] ability: Volt Absorb
|
|upkeep
|turn|12
|
|t:|1758270155
|move|p2a: Vikavolt|Thunder|p1a: Lanturn
|-immune|p1a: Lanturn|[from] ability: Volt Absorb
|move|p1a: Lanturn|Aqua Ring|p1a: Lanturn
|-start|p1a: Lanturn|Aqua Ring
|
|upkeep
|turn|13
|
|t:|1758270162
|move|p2a: Vikavolt|Bug Buzz|p1a: Lanturn
|-damage|p1a: Lanturn|51/100
|move|p1a: Lanturn|Scald|p2a: Vikavolt
|-damage|p2a: Vikavolt|61/100
|
|-heal|p1a: Lanturn|57/100|[from] item: Leftovers
|-heal|p1a: Lanturn|63/100|[from] Aqua Ring
|upkeep
|turn|14
|
|t:|1758270174
|move|p2a: Vikavolt|Thunder|p1a: Lanturn
|-heal|p1a: Lanturn|88/100|[from] ability: Volt Absorb|[of] p2a: Vikavolt
|move|p1a: Lanturn|Scald|p2a: Vikavolt
|-damage|p2a: Vikavolt|17/100
|
|-heal|p1a: Lanturn|94/100|[from] item: Leftovers
|-heal|p1a: Lanturn|100/100|[from] Aqua Ring
|upkeep
|turn|15
|
|t:|1758270184
|move|p2a: Vikavolt|Bug Buzz|p1a: Lanturn
|-damage|p1a: Lanturn|51/100
|move|p1a: Lanturn|Scald|p2a: Vikavolt
|-damage|p2a: Vikavolt|0 fnt
|faint|p2a: Vikavolt
|
|-heal|p1a: Lanturn|57/100|[from] item: Leftovers
|-heal|p1a: Lanturn|63/100|[from] Aqua Ring
|upkeep
|
|t:|1758270200
|switch|p2a: Maxine|Krookodile, F|100/100
|-ability|p2a: Maxine|Intimidate|boost
|-unboost|p1a: Lanturn|atk|1
|turn|16
|
|t:|1758270208
|move|p2a: Maxine|Earthquake|p1a: Lanturn
|-supereffective|p1a: Lanturn
|-damage|p1a: Lanturn|0 fnt
|faint|p1a: Lanturn
|
|upkeep
|
|t:|1758270214
|switch|p1a: Politoed|Politoed, F, shiny|100/100
|-activate|p1a: Politoed|move: Sticky Web
|-unboost|p1a: Politoed|spe|1
|-weather|RainDance|[from] ability: Drizzle|[of] p1a: Politoed
|turn|17
|
|t:|1758270231
|switch|p2a: Siren|Primarina, F|100/100
|move|p1a: Politoed|Belly Drum|p1a: Politoed
|-damage|p1a: Politoed|50/100
|-setboost|p1a: Politoed|atk|6|[from] move: Belly Drum
|-enditem|p1a: Politoed|Sitrus Berry|[eat]
|-heal|p1a: Politoed|75/100|[from] item: Sitrus Berry
|
|-weather|RainDance|[upkeep]
|upkeep
|turn|18
|
|t:|1758270252
|move|p1a: Politoed|Earthquake|p2a: Siren
|-damage|p2a: Siren|0 fnt
|faint|p2a: Siren
|
|-weather|RainDance|[upkeep]
|upkeep
|
|t:|1758270260
|switch|p2a: Hilda|Mismagius, F, shiny|100/100
|turn|19
|
|t:|1758270266
|move|p2a: Hilda|Thunderbolt|p1a: Politoed
|-supereffective|p1a: Politoed
|-damage|p1a: Politoed|16/100
|move|p1a: Politoed|Ice Punch|p2a: Hilda
|-damage|p2a: Hilda|0 fnt
|faint|p2a: Hilda
|
|-weather|RainDance|[upkeep]
|upkeep
|
|t:|1758270271
|switch|p2a: Maxine|Krookodile, F|100/100
|-ability|p2a: Maxine|Intimidate|boost
|-unboost|p1a: Politoed|atk|1
|turn|20
|
|t:|1758270279
|move|p2a: Maxine|Earthquake|p1a: Politoed
|-damage|p1a: Politoed|0 fnt
|faint|p1a: Politoed
|
|-weather|RainDance|[upkeep]
|upkeep
|
|t:|1758270285
|switch|p1a: Clodsire|Clodsire, M|75/100 tox
|-activate|p1a: Clodsire|move: Sticky Web
|-unboost|p1a: Clodsire|spe|1
|turn|21
|
|t:|1758270299
|move|p2a: Maxine|Earthquake|p1a: Clodsire
|-supereffective|p1a: Clodsire
|-damage|p1a: Clodsire|0 fnt
|faint|p1a: Clodsire
|
|win|Oshawatt923
|raw|Chibighost&lt;3's rating: 1014 &rarr; <strong>1002</strong><br />(-12 for losing)
|raw|Oshawatt923's rating: 1015 &rarr; <strong>1053</strong><br />(+38 for winning)
|c|☆Chibighost<3|Gg
