|j|☆Un Sospiro
|j|☆life wont change
|t:|1758254860
|gametype|singles
|player|p1|Un Sospiro|266|1607
|player|p2|life wont change|psychicf-gen3rs|1692
|gen|9
|tier|[Gen 9] OU
|rated|
|rule|HP Percentage Mod: HP is shown in percentages
|rule|Endless Battle Clause: Forcing endless battles is banned
|rule|Species Clause: Limit one of each Pokémon
|rule|OHKO Clause: OHKO moves are banned
|rule|Evasion Items Clause: Evasion items are banned
|rule|Evasion Moves Clause: Evasion moves are banned
|rule|Evasion Abilities Clause: Evasion abilities are banned
|rule|Sleep Moves Clause: Sleep-inducing moves are banned
|clearpoke
|poke|p1|Torkoal, F|
|poke|p1|Hatterene, F|
|poke|p1|Walking Wake|
|poke|p1|Raging Bolt|
|poke|p1|Blaziken, F|
|poke|p1|Great Tusk|
|poke|p2|Zapdos|
|poke|p2|Great Tusk|
|poke|p2|Slowking-Galar, M|
|poke|p2|Kyurem|
|poke|p2|Kingambit, M|
|poke|p2|Dragapult, M|
|teampreview
|
|t:|1758254869
|teamsize|p1|6
|teamsize|p2|6
|start
|switch|p1a: Banshoman|Torkoal, F|100/100
|switch|p2a: Zapdos|Zapdos|100/100
|-weather|SunnyDay|[from] ability: Drought|[of] p1a: Banshoman
|turn|1
|
|t:|1758254871
|switch|p1a: In-N-Out|Hatterene, F|100/100
|move|p2a: Zapdos|Volt Switch|p1a: In-N-Out
|-damage|p1a: In-N-Out|67/100
|-enditem|p1a: In-N-Out|Eject Button
|
|t:|1758254882
|switch|p1a: Mr. Conductor|Walking Wake|100/100
|-activate|p1a: Mr. Conductor|ability: Protosynthesis
|-start|p1a: Mr. Conductor|protosynthesisspe
|
|-weather|SunnyDay|[upkeep]
|upkeep
|turn|2
|
|t:|1758254887
|move|p1a: Mr. Conductor|Hydro Steam|p2a: Zapdos
|-damage|p2a: Zapdos|39/100
|move|p2a: Zapdos|Thunder Wave|p1a: Mr. Conductor
|-status|p1a: Mr. Conductor|par
|
|-weather|SunnyDay|[upkeep]
|upkeep
|turn|3
|
|t:|1758254893
|switch|p2a: Dragapult|Dragapult, M|100/100
|move|p1a: Mr. Conductor|Hydro Steam|p2a: Dragapult
|-resisted|p2a: Dragapult
|-damage|p2a: Dragapult|47/100
|
|-weather|SunnyDay|[upkeep]
|upkeep
|turn|4
|
|t:|1758254902
|move|p2a: Dragapult|U-turn|p1a: Mr. Conductor
|-damage|p1a: Mr. Conductor|80/100 par
|
|t:|1758254907
|switch|p2a: Slowking|Slowking-Galar, M|100/100|[from] U-turn
|move|p1a: Mr. Conductor|Hydro Steam|p2a: Slowking
|-damage|p2a: Slowking|58/100
|
|-weather|SunnyDay|[upkeep]
|upkeep
|turn|5
|
|t:|1758254925
|move|p1a: Mr. Conductor|Hydro Steam|p2a: Slowking
|-damage|p2a: Slowking|16/100
|-prepare|p2a: Slowking|Chilly Reception|[premajor]
|move|p2a: Slowking|Chilly Reception|p2a: Slowking
|-weather|Snowscape
|-end|p1a: Mr. Conductor|Protosynthesis
|
|t:|1758254929
|switch|p2a: Kyurem|Kyurem|100/100|[from] Chilly Reception
|-ability|p2a: Kyurem|Pressure
|
|-weather|Snowscape|[upkeep]
|upkeep
|turn|6
|
|t:|1758254943
|-end|p1a: Mr. Conductor|Protosynthesis|[silent]
|switch|p1a: In-N-Out|Hatterene, F|67/100
|move|p2a: Kyurem|Earth Power|p1a: In-N-Out
|-damage|p1a: In-N-Out|16/100
|
|-weather|Snowscape|[upkeep]
|upkeep
|turn|7
|
|t:|1758254946
|move|p2a: Kyurem|Earth Power|p1a: In-N-Out
|-damage|p1a: In-N-Out|0 fnt
|faint|p1a: In-N-Out
|
|-weather|Snowscape|[upkeep]
|upkeep
|
|t:|1758254948
|switch|p1a: chickenonaballoon|Blaziken, F|100/100
|turn|8
|
|t:|1758254952
|move|p1a: chickenonaballoon|Protect|p1a: chickenonaballoon
|-singleturn|p1a: chickenonaballoon|Protect
|move|p2a: Kyurem|Earth Power|p1a: chickenonaballoon
|-activate|p1a: chickenonaballoon|move: Protect
|
|-weather|Snowscape|[upkeep]
|-ability|p1a: chickenonaballoon|Speed Boost|boost
|-boost|p1a: chickenonaballoon|spe|1
|upkeep
|turn|9
|
|t:|1758254973
|switch|p1a: Mr. Conductor|Walking Wake|80/100 par
|switch|p2a: Zapdos|Zapdos|39/100
|
|-weather|none
|upkeep
|turn|10
|
|t:|1758254981
|move|p2a: Zapdos|Volt Switch|p1a: Mr. Conductor
|-damage|p1a: Mr. Conductor|48/100 par
|
|t:|1758254983
|switch|p2a: Kingambit|Kingambit, M|100/100|[from] Volt Switch
|cant|p1a: Mr. Conductor|par
|
|upkeep
|turn|11
|
|t:|1758254990
|-end|p1a: Mr. Conductor|Protosynthesis|[silent]
|switch|p1a: Banshoman|Torkoal, F|100/100
|-weather|SunnyDay|[from] ability: Drought|[of] p1a: Banshoman
|move|p2a: Kingambit|Low Kick|p1a: Banshoman
|-damage|p1a: Banshoman|84/100
|
|-weather|SunnyDay|[upkeep]
|upkeep
|turn|12
|
|t:|1758255000
|-end|p2a: Kingambit|fallenundefined|[silent]
|switch|p2a: Zapdos|Zapdos|39/100
|move|p1a: Banshoman|Lava Plume|p2a: Zapdos
|-damage|p2a: Zapdos|3/100
|
|-weather|SunnyDay|[upkeep]
|upkeep
|turn|13
|
|t:|1758255006
|move|p2a: Zapdos|Volt Switch|p1a: Banshoman
|-damage|p1a: Banshoman|46/100
|
|t:|1758255007
|switch|p2a: Slowking|Slowking-Galar, M|50/100|[from] Volt Switch
|move|p1a: Banshoman|Stealth Rock|p2a: Slowking
|-sidestart|p2: life wont change|move: Stealth Rock
|
|-weather|SunnyDay|[upkeep]
|upkeep
|turn|14
|
|t:|1758255014
|switch|p1a: chickenonaballoon|Blaziken, F|100/100
|-prepare|p2a: Slowking|Chilly Reception|[premajor]
|move|p2a: Slowking|Chilly Reception|p2a: Slowking
|-weather|Snowscape
|
|t:|1758255016
|switch|p2a: Great Tusk|Great Tusk|100/100|[from] Chilly Reception
|
|-weather|Snowscape|[upkeep]
|upkeep
|turn|15
|
|t:|1758255020
|move|p1a: chickenonaballoon|Protect|p1a: chickenonaballoon
|-singleturn|p1a: chickenonaballoon|Protect
|move|p2a: Great Tusk|Rapid Spin|p1a: chickenonaballoon
|-activate|p1a: chickenonaballoon|move: Protect
|
|-weather|Snowscape|[upkeep]
|-ability|p1a: chickenonaballoon|Speed Boost|boost
|-boost|p1a: chickenonaballoon|spe|1
|upkeep
|turn|16
|
|t:|1758255023
|move|p1a: chickenonaballoon|Overheat|p2a: Great Tusk|[miss]
|-miss|p1a: chickenonaballoon|p2a: Great Tusk
|move|p2a: Great Tusk|Headlong Rush|p1a: chickenonaballoon
|-supereffective|p1a: chickenonaballoon
|-damage|p1a: chickenonaballoon|0 fnt
|-unboost|p2a: Great Tusk|def|1
|-unboost|p2a: Great Tusk|spd|1
|faint|p1a: chickenonaballoon
|
|-weather|Snowscape|[upkeep]
|upkeep
|
|t:|1758255029
|switch|p1a: 🙏🙏🙏|Great Tusk|100/100
|turn|17
|
|t:|1758255033
|move|p2a: Great Tusk|Rapid Spin|p1a: 🙏🙏🙏
|-damage|p1a: 🙏🙏🙏|86/100
|-boost|p2a: Great Tusk|spe|1
|-sideend|p2: life wont change|Stealth Rock|[from] move: Rapid Spin|[of] p2a: Great Tusk
|move|p1a: 🙏🙏🙏|Ice Spinner|p2a: Great Tusk
|-supereffective|p2a: Great Tusk
|-damage|p2a: Great Tusk|3/100
|
|-weather|Snowscape|[upkeep]
|upkeep
|turn|18
|
|t:|1758255040
|-end|p2a: Great Tusk|Protosynthesis|[silent]
|switch|p2a: Kingambit|Kingambit, M|100/100
|move|p1a: 🙏🙏🙏|Ice Spinner|p2a: Kingambit
|-resisted|p2a: Kingambit
|-damage|p2a: Kingambit|83/100
|
|-weather|none
|-heal|p2a: Kingambit|89/100|[from] item: Leftovers
|upkeep
|turn|19
|
|t:|1758255050
|-end|p1a: 🙏🙏🙏|Protosynthesis|[silent]
|switch|p1a: Banshoman|Torkoal, F|46/100
|-weather|SunnyDay|[from] ability: Drought|[of] p1a: Banshoman
|move|p2a: Kingambit|Kowtow Cleave|p1a: Banshoman
|-damage|p1a: Banshoman|17/100
|
|-weather|SunnyDay|[upkeep]
|-heal|p2a: Kingambit|95/100|[from] item: Leftovers
|upkeep
|turn|20
|
|t:|1758255054
|move|p2a: Kingambit|Kowtow Cleave|p1a: Banshoman
|-damage|p1a: Banshoman|0 fnt
|faint|p1a: Banshoman
|
|-weather|SunnyDay|[upkeep]
|-heal|p2a: Kingambit|100/100|[from] item: Leftovers
|upkeep
|
|t:|1758255058
|switch|p1a: Adam Ondra|Raging Bolt|100/100
|-activate|p1a: Adam Ondra|ability: Protosynthesis
|-start|p1a: Adam Ondra|protosynthesisspa
|turn|21
|
|t:|1758255062
|-end|p2a: Kingambit|fallenundefined|[silent]
|switch|p2a: Zapdos|Zapdos|3/100
|move|p1a: Adam Ondra|Weather Ball|p2a: Zapdos
|-damage|p2a: Zapdos|0 fnt
|faint|p2a: Zapdos
|
|-weather|SunnyDay|[upkeep]
|upkeep
|
|t:|1758255064
|switch|p2a: Slowking|Slowking-Galar, M|83/100
|turn|22
|
|t:|1758255067
|move|p1a: Adam Ondra|Draco Meteor|p2a: Slowking
|-damage|p2a: Slowking|20/100
|-unboost|p1a: Adam Ondra|spa|2
|-prepare|p2a: Slowking|Chilly Reception|[premajor]
|move|p2a: Slowking|Chilly Reception|p2a: Slowking
|-weather|Snowscape
|-end|p1a: Adam Ondra|Protosynthesis
|
|t:|1758255070
|switch|p2a: Kyurem|Kyurem|100/100|[from] Chilly Reception
|-ability|p2a: Kyurem|Pressure
|
|-weather|Snowscape|[upkeep]
|upkeep
|turn|23
|
|t:|1758255075
|-end|p1a: Adam Ondra|Protosynthesis|[silent]
|switch|p1a: Mr. Conductor|Walking Wake|48/100 par
|move|p2a: Kyurem|Blizzard|p1a: Mr. Conductor
|-damage|p1a: Mr. Conductor|0 fnt
|faint|p1a: Mr. Conductor
|-end|p1a: Mr. Conductor|Protosynthesis|[silent]
|
|-weather|Snowscape|[upkeep]
|upkeep
|
|t:|1758255087
|switch|p1a: Adam Ondra|Raging Bolt|100/100
|turn|24
|
|t:|1758255091
|-terastallize|p1a: Adam Ondra|Fairy
|move|p2a: Kyurem|Blizzard|p1a: Adam Ondra
|-damage|p1a: Adam Ondra|48/100
|move|p1a: Adam Ondra|Draco Meteor|p2a: Kyurem
|-supereffective|p2a: Kyurem
|-damage|p2a: Kyurem|0 fnt
|-unboost|p1a: Adam Ondra|spa|2
|faint|p2a: Kyurem
|
|-weather|Snowscape|[upkeep]
|upkeep
|-message|Un Sospiro forfeited.
|
|win|life wont change
|raw|Un Sospiro's rating: 1607 &rarr; <strong>1592</strong><br />(-15 for losing)
|raw|life wont change's rating: 1692 &rarr; <strong>1707</strong><br />(+15 for winning)
|l|☆Un Sospiro
|player|p1|
|l|☆life wont change
|player|p2|
