|j|☆FittedCrib04
|j|☆Laughrjx
|t:|1758292666
|gametype|singles
|player|p1|FittedCrib04|wallace|1405
|player|p2|Laughrjx|n|1440
|gen|9
|tier|[Gen 9] OU
|rated|
|rule|HP Percentage Mod: HP is shown in percentages
|rule|Endless Battle Clause: Forcing endless battles is banned
|rule|Species Clause: Limit one of each Pokémon
|rule|OHKO Clause: OHKO moves are banned
|rule|Evasion Items Clause: Evasion items are banned
|rule|Evasion Moves Clause: Evasion moves are banned
|rule|Evasion Abilities Clause: Evasion abilities are banned
|rule|Sleep Moves Clause: Sleep-inducing moves are banned
|clearpoke
|poke|p1|Iron Treads|
|poke|p1|Dachsbun, M|
|poke|p1|Quaquaval, F|
|poke|p1|Mimikyu, M|
|poke|p1|Oricorio-Pom-Pom, M|
|poke|p1|Swampert, F|
|poke|p2|Ceruledge, F|
|poke|p2|Grimmsnarl, M|
|poke|p2|Kingambit, F|
|poke|p2|Greninja-*, M|
|poke|p2|Goodra, M|
|poke|p2|Great Tusk|
|teampreview
|inactive|Battle timer is ON: inactive players will automatically lose when time's up. (requested by Laughrjx)
|
|t:|1758292685
|teamsize|p1|6
|teamsize|p2|6
|start
|switch|p1a: Mimikyu|Mimikyu, M|100/100
|switch|p2a: Green Goblin|Grimmsnarl, M|100/100
|turn|1
|
|t:|1758292692
|move|p1a: Mimikyu|Will-O-Wisp|p2a: Green Goblin
|-status|p2a: Green Goblin|brn
|move|p2a: Green Goblin|Spirit Break|p1a: Mimikyu
|-activate|p1a: Mimikyu|ability: Disguise
|-damage|p1a: Mimikyu|100/100
|-unboost|p1a: Mimikyu|spa|1
|detailschange|p1a: Mimikyu|Mimikyu-Busted, M
|-damage|p1a: Mimikyu|88/100|[from] pokemon: Mimikyu-Busted
|
|-damage|p2a: Green Goblin|94/100 brn|[from] brn
|upkeep
|turn|2
|
|t:|1758292699
|move|p2a: Green Goblin|Reflect|p2a: Green Goblin
|-sidestart|p2: Laughrjx|Reflect
|move|p1a: Mimikyu|Bulk Up|p1a: Mimikyu
|-boost|p1a: Mimikyu|atk|1
|-boost|p1a: Mimikyu|def|1
|
|-damage|p2a: Green Goblin|88/100 brn|[from] brn
|upkeep
|turn|3
|
|t:|1758292701
|move|p2a: Green Goblin|Light Screen|p2a: Green Goblin
|-sidestart|p2: Laughrjx|move: Light Screen
|move|p1a: Mimikyu|Bulk Up|p1a: Mimikyu
|-boost|p1a: Mimikyu|atk|1
|-boost|p1a: Mimikyu|def|1
|
|-damage|p2a: Green Goblin|82/100 brn|[from] brn
|upkeep
|turn|4
|
|t:|1758292704
|move|p2a: Green Goblin|Parting Shot|p1a: Mimikyu
|-unboost|p1a: Mimikyu|atk|1
|-unboost|p1a: Mimikyu|spa|1
|
|t:|1758292712
|switch|p2a: TT|Goodra, M|100/100|[from] Parting Shot
|move|p1a: Mimikyu|Bulk Up|p1a: Mimikyu
|-boost|p1a: Mimikyu|atk|1
|-boost|p1a: Mimikyu|def|1
|
|upkeep
|turn|5
|
|t:|1758292717
|move|p1a: Mimikyu|Will-O-Wisp|p2a: TT
|-status|p2a: TT|brn
|move|p2a: TT|Sludge Wave|p1a: Mimikyu
|-damage|p1a: Mimikyu|46/100
|
|-damage|p2a: TT|94/100 brn|[from] brn
|upkeep
|turn|6
|
|t:|1758292724
|move|p1a: Mimikyu|Drain Punch|p2a: TT
|-damage|p2a: TT|70/100 brn
|-heal|p1a: Mimikyu|65/100|[from] drain|[of] p2a: TT
|-ability|p2a: TT|Gooey
|-unboost|p1a: Mimikyu|spe|1
|move|p2a: TT|Sludge Wave|p1a: Mimikyu
|-damage|p1a: Mimikyu|20/100
|
|-damage|p2a: TT|64/100 brn|[from] brn
|upkeep
|turn|7
|
|t:|1758292744
|move|p1a: Mimikyu|Will-O-Wisp|p2a: TT
|-fail|p2a: TT|brn
|move|p2a: TT|Flamethrower|p1a: Mimikyu
|-damage|p1a: Mimikyu|0 fnt
|faint|p1a: Mimikyu
|
|-damage|p2a: TT|58/100 brn|[from] brn
|upkeep
|
|t:|1758292764
|switch|p1a: Zapdos-Lite|Oricorio-Pom-Pom, M|100/100
|turn|8
|
|t:|1758292769
|move|p1a: Zapdos-Lite|Quiver Dance|p1a: Zapdos-Lite
|-boost|p1a: Zapdos-Lite|spa|1
|-boost|p1a: Zapdos-Lite|spd|1
|-boost|p1a: Zapdos-Lite|spe|1
|move|p2a: TT|Dragon Pulse|p1a: Zapdos-Lite
|-damage|p1a: Zapdos-Lite|62/100
|
|-damage|p2a: TT|52/100 brn|[from] brn
|upkeep
|turn|9
|
|t:|1758292774
|move|p1a: Zapdos-Lite|Quiver Dance|p1a: Zapdos-Lite
|-boost|p1a: Zapdos-Lite|spa|1
|-boost|p1a: Zapdos-Lite|spd|1
|-boost|p1a: Zapdos-Lite|spe|1
|move|p2a: TT|Dragon Pulse|p1a: Zapdos-Lite
|-damage|p1a: Zapdos-Lite|33/100
|
|-damage|p2a: TT|46/100 brn|[from] brn
|-sideend|p2: Laughrjx|Reflect
|upkeep
|turn|10
|
|t:|1758292781
|move|p1a: Zapdos-Lite|Roost|p1a: Zapdos-Lite
|-heal|p1a: Zapdos-Lite|83/100
|-singleturn|p1a: Zapdos-Lite|move: Roost
|move|p2a: TT|Dragon Pulse|p1a: Zapdos-Lite
|-damage|p1a: Zapdos-Lite|55/100
|
|-damage|p2a: TT|40/100 brn|[from] brn
|-sideend|p2: Laughrjx|move: Light Screen
|upkeep
|turn|11
|
|t:|1758292795
|switch|p2a: Red X|Kingambit, F|100/100
|move|p1a: Zapdos-Lite|Revelation Dance|p2a: Red X
|-damage|p2a: Red X|56/100
|
|upkeep
|turn|12
|
|t:|1758292806
|-terastallize|p1a: Zapdos-Lite|Fairy
|move|p1a: Zapdos-Lite|Revelation Dance|p2a: Red X
|-damage|p2a: Red X|13/100
|move|p2a: Red X|Kowtow Cleave|p1a: Zapdos-Lite
|-resisted|p1a: Zapdos-Lite
|-damage|p1a: Zapdos-Lite|22/100
|
|upkeep
|turn|13
|
|t:|1758292816
|move|p1a: Zapdos-Lite|Roost|p1a: Zapdos-Lite
|-heal|p1a: Zapdos-Lite|72/100
|move|p2a: Red X|Iron Head|p1a: Zapdos-Lite
|-supereffective|p1a: Zapdos-Lite
|-damage|p1a: Zapdos-Lite|0 fnt
|faint|p1a: Zapdos-Lite
|
|upkeep
|
|t:|1758292821
|switch|p1a: Quaquaval|Quaquaval, F|100/100
|turn|14
|
|t:|1758292827
|-end|p2a: Red X|fallenundefined|[silent]
|switch|p2a: TT|Goodra, M|40/100 brn
|move|p1a: Quaquaval|Aqua Step|p2a: TT
|-resisted|p2a: TT
|-damage|p2a: TT|15/100 brn
|-boost|p1a: Quaquaval|spe|1
|-ability|p2a: TT|Gooey
|-unboost|p1a: Quaquaval|spe|1
|
|-damage|p2a: TT|9/100 brn|[from] brn
|upkeep
|turn|15
|
|t:|1758292831
|move|p1a: Quaquaval|Aqua Step|p2a: TT
|-resisted|p2a: TT
|-damage|p2a: TT|0 fnt
|-boost|p1a: Quaquaval|spe|1
|-ability|p2a: TT|Gooey
|-unboost|p1a: Quaquaval|spe|1
|faint|p2a: TT
|-ability|p1a: Quaquaval|Moxie|boost
|-boost|p1a: Quaquaval|atk|1
|
|upkeep
|
|t:|1758292836
|switch|p2a: Green Goblin|Grimmsnarl, M|82/100 brn
|turn|16
|
|t:|1758292843
|move|p2a: Green Goblin|Reflect|p2a: Green Goblin
|-sidestart|p2: Laughrjx|Reflect
|move|p1a: Quaquaval|Aqua Step|p2a: Green Goblin
|-crit|p2a: Green Goblin
|-damage|p2a: Green Goblin|0 fnt
|-boost|p1a: Quaquaval|spe|1
|faint|p2a: Green Goblin
|-ability|p1a: Quaquaval|Moxie|boost
|-boost|p1a: Quaquaval|atk|1
|
|upkeep
|
|t:|1758292850
|switch|p2a: Starforce|Ceruledge, F|100/100
|turn|17
|
|t:|1758292855
|move|p1a: Quaquaval|Aqua Step|p2a: Starforce
|-supereffective|p2a: Starforce
|-enditem|p2a: Starforce|Focus Sash
|-damage|p2a: Starforce|1/100
|-boost|p1a: Quaquaval|spe|1
|-ability|p2a: Starforce|Weak Armor|boost
|-unboost|p2a: Starforce|def|1
|-boost|p2a: Starforce|spe|2
|move|p2a: Starforce|Close Combat|p1a: Quaquaval
|-damage|p1a: Quaquaval|45/100
|-unboost|p2a: Starforce|def|1
|-unboost|p2a: Starforce|spd|1
|
|upkeep
|turn|18
|
|t:|1758292868
|move|p2a: Starforce|Shadow Sneak|p1a: Quaquaval
|-damage|p1a: Quaquaval|20/100
|move|p1a: Quaquaval|Aqua Step|p2a: Starforce
|-supereffective|p2a: Starforce
|-damage|p2a: Starforce|0 fnt
|-boost|p1a: Quaquaval|spe|1
|faint|p2a: Starforce
|-ability|p1a: Quaquaval|Moxie|boost
|-boost|p1a: Quaquaval|atk|1
|
|upkeep
|
|t:|1758292876
|switch|p2a: Naruto|Greninja, M|100/100
|turn|19
|
|t:|1758292889
|-terastallize|p2a: Naruto|Water
|move|p2a: Naruto|Water Shuriken|p1a: Quaquaval
|-resisted|p1a: Quaquaval
|-damage|p1a: Quaquaval|12/100
|-resisted|p1a: Quaquaval
|-damage|p1a: Quaquaval|3/100
|-resisted|p1a: Quaquaval
|-damage|p1a: Quaquaval|0 fnt
|faint|p1a: Quaquaval
|-ability|p2a: Naruto|Battle Bond|boost
|-boost|p2a: Naruto|atk|1
|-boost|p2a: Naruto|spa|1
|-boost|p2a: Naruto|spe|1
|-activate|p2a: Naruto|ability: Battle Bond
|-hitcount|p1: Quaquaval|3
|-damage|p2a: Naruto|91/100|[from] item: Life Orb
|
|upkeep
|
|t:|1758292894
|switch|p1a: Bodyguard2|Swampert, F|100/100
|turn|20
|
|t:|1758292899
|move|p2a: Naruto|Surf|p1a: Bodyguard2
|-damage|p1a: Bodyguard2|57/100
|-damage|p2a: Naruto|81/100|[from] item: Life Orb
|move|p1a: Bodyguard2|Mirror Coat|p2a: Naruto
|-damage|p2a: Naruto|0 fnt
|faint|p2a: Naruto
|
|upkeep
|
|t:|1758292912
|switch|p2a: Dark bull|Great Tusk|100/100
|-enditem|p2a: Dark bull|Booster Energy
|-activate|p2a: Dark bull|ability: Protosynthesis|[fromitem]
|-start|p2a: Dark bull|protosynthesisatk
|turn|21
|
|t:|1758292919
|switch|p1a: Dachsbun|Dachsbun, M|100/100
|move|p2a: Dark bull|Rapid Spin|p1a: Dachsbun
|-damage|p1a: Dachsbun|84/100
|-boost|p2a: Dark bull|spe|1
|-damage|p2a: Dark bull|84/100|[from] item: Rocky Helmet|[of] p1a: Dachsbun
|
|upkeep
|turn|22
|
|t:|1758292932
|move|p2a: Dark bull|Ice Spinner|p1a: Dachsbun
|-damage|p1a: Dachsbun|60/100
|-damage|p2a: Dark bull|68/100|[from] item: Rocky Helmet|[of] p1a: Dachsbun
|move|p1a: Dachsbun|Wish|p1a: Dachsbun
|
|upkeep
|turn|23
|
|t:|1758292937
|move|p2a: Dark bull|Ice Spinner|p1a: Dachsbun
|-damage|p1a: Dachsbun|33/100
|-damage|p2a: Dark bull|51/100|[from] item: Rocky Helmet|[of] p1a: Dachsbun
|move|p1a: Dachsbun|Roar|p2a: Dark bull
|-end|p2a: Dark bull|Protosynthesis|[silent]
|drag|p2a: Red X|Kingambit, F|13/100
|-activate|p2a: Red X|ability: Supreme Overlord
|-start|p2a: Red X|fallen4|[silent]
|
|-heal|p1a: Dachsbun|83/100|[from] move: Wish|[wisher] Dachsbun
|-sideend|p2: Laughrjx|Reflect
|upkeep
|turn|24
|
|t:|1758292947
|switch|p1a: Iron Treads|Iron Treads|100/100
|move|p2a: Red X|Iron Head|p1a: Iron Treads
|-resisted|p1a: Iron Treads
|-damage|p1a: Iron Treads|70/100
|
|upkeep
|turn|25
|
|t:|1758292955
|move|p2a: Red X|Sucker Punch|p1a: Iron Treads
|-damage|p1a: Iron Treads|22/100
|move|p1a: Iron Treads|Earthquake|p2a: Red X
|-supereffective|p2a: Red X
|-damage|p2a: Red X|0 fnt
|faint|p2a: Red X
|-end|p2a: Red X|fallen4|[silent]
|
|upkeep
|
|t:|1758292957
|switch|p2a: Dark bull|Great Tusk|51/100
|turn|26
|
|t:|1758292962
|move|p1a: Iron Treads|Earthquake|p2a: Dark bull
|-damage|p2a: Dark bull|19/100
|move|p2a: Dark bull|Rapid Spin|p1a: Iron Treads
|-resisted|p1a: Iron Treads
|-damage|p1a: Iron Treads|14/100
|-boost|p2a: Dark bull|spe|1
|
|upkeep
|turn|27
|
|t:|1758292968
|move|p2a: Dark bull|Headlong Rush|p1a: Iron Treads
|-supereffective|p1a: Iron Treads
|-damage|p1a: Iron Treads|0 fnt
|-unboost|p2a: Dark bull|def|1
|-unboost|p2a: Dark bull|spd|1
|faint|p1a: Iron Treads
|-end|p1a: Iron Treads|Quark Drive|[silent]
|
|upkeep
|
|t:|1758292971
|switch|p1a: Dachsbun|Dachsbun, M|83/100
|turn|28
|
|t:|1758292973
|move|p2a: Dark bull|Headlong Rush|p1a: Dachsbun
|-damage|p1a: Dachsbun|36/100
|-unboost|p2a: Dark bull|def|1
|-unboost|p2a: Dark bull|spd|1
|-damage|p2a: Dark bull|3/100|[from] item: Rocky Helmet|[of] p1a: Dachsbun
|move|p1a: Dachsbun|Body Press|p2a: Dark bull
|-damage|p2a: Dark bull|0 fnt
|faint|p2a: Dark bull
|-end|p2a: Dark bull|Protosynthesis|[silent]
|
|win|FittedCrib04
|raw|FittedCrib04's rating: 1405 &rarr; <strong>1427</strong><br />(+22 for winning)
|raw|Laughrjx's rating: 1440 &rarr; <strong>1418</strong><br />(-22 for losing)
|l|☆Laughrjx
|player|p2|
