|j|☆Douglas888
|j|☆francodg12
|t:|1758308193
|gametype|singles
|player|p1|Douglas888|2|1081
|player|p2|francodg12|roughneck-gen4|1082
|gen|9
|tier|[Gen 9] OU
|rated|
|rule|HP Percentage Mod: HP is shown in percentages
|rule|Endless Battle Clause: Forcing endless battles is banned
|rule|Species Clause: Limit one of each Pokémon
|rule|OHKO Clause: OHKO moves are banned
|rule|Evasion Items Clause: Evasion items are banned
|rule|Evasion Moves Clause: Evasion moves are banned
|rule|Evasion Abilities Clause: Evasion abilities are banned
|rule|Sleep Moves Clause: Sleep-inducing moves are banned
|clearpoke
|poke|p1|Abomasnow, M|
|poke|p1|Zoroark-Hisui, M|
|poke|p1|Beartic, M|
|poke|p1|Heatran, M|
|poke|p1|Weavile, M|
|poke|p1|Slowbro, M|
|poke|p2|Zangoose, M|
|poke|p2|Garganacl, M|
|poke|p2|Weavile, M|
|poke|p2|Alomomola, F|
|poke|p2|Electrode-Hisui|
|poke|p2|Slowking-Galar, M|
|teampreview
|inactive|Battle timer is ON: inactive players will automatically lose when time's up. (requested by francodg12)
|
|t:|1758308205
|teamsize|p1|6
|teamsize|p2|6
|start
|switch|p1a: Beartic|Beartic, M|100/100
|switch|p2a: Zangoose|Zangoose, M|100/100
|turn|1
|
|t:|1758308214
|switch|p1a: Slowbro|Slowbro, M|100/100
|move|p2a: Zangoose|Knock Off|p1a: Slowbro
|-supereffective|p1a: Slowbro
|-damage|p1a: Slowbro|60/100
|-enditem|p1a: Slowbro|Heavy-Duty Boots|[from] move: Knock Off|[of] p2a: Zangoose
|
|-status|p2a: Zangoose|tox|[from] item: Toxic Orb
|upkeep
|turn|2
|
|t:|1758308232
|switch|p1a: Abomasnow|Abomasnow, M|100/100
|-weather|Snowscape|[from] ability: Snow Warning|[of] p1a: Abomasnow
|move|p2a: Zangoose|Facade|p1a: Abomasnow
|-damage|p1a: Abomasnow|13/100
|
|-weather|Snowscape|[upkeep]
|-heal|p1a: Abomasnow|19/100|[from] item: Leftovers
|-damage|p2a: Zangoose|94/100 tox|[from] psn
|upkeep
|turn|3
|
|t:|1758308244
|switch|p1a: Slowbro|Slowbro, M|94/100
|move|p2a: Zangoose|Knock Off|p1a: Slowbro
|-supereffective|p1a: Slowbro
|-damage|p1a: Slowbro|52/100
|
|-weather|Snowscape|[upkeep]
|-damage|p2a: Zangoose|82/100 tox|[from] psn
|upkeep
|turn|4
|
|t:|1758308254
|move|p2a: Zangoose|Facade|p1a: Slowbro
|-damage|p1a: Slowbro|0 fnt
|faint|p1a: Slowbro
|
|-weather|Snowscape|[upkeep]
|-damage|p2a: Zangoose|63/100 tox|[from] psn
|upkeep
|
|t:|1758308263
|switch|p1a: Beartic|Beartic, M|100/100
|turn|5
|
|t:|1758308272
|move|p1a: Beartic|Icicle Crash|p2a: Zangoose|[miss]
|-miss|p1a: Beartic|p2a: Zangoose
|move|p2a: Zangoose|Close Combat|p1a: Beartic
|-supereffective|p1a: Beartic
|-damage|p1a: Beartic|4/100
|-unboost|p2a: Zangoose|def|1
|-unboost|p2a: Zangoose|spd|1
|
|-weather|Snowscape|[upkeep]
|-damage|p2a: Zangoose|38/100 tox|[from] psn
|upkeep
|turn|6
|
|t:|1758308287
|move|p2a: Zangoose|Quick Attack|p1a: Beartic
|-damage|p1a: Beartic|0 fnt
|faint|p1a: Beartic
|
|-weather|none
|-damage|p2a: Zangoose|7/100 tox|[from] psn
|upkeep
|
|t:|1758308298
|switch|p1a: Weavile|Weavile, M|100/100
|-ability|p1a: Weavile|Pressure
|turn|7
|
|t:|1758308304
|move|p1a: Weavile|Knock Off|p2a: Zangoose
|-damage|p2a: Zangoose|0 fnt
|-enditem|p2a: Zangoose|Toxic Orb|[from] move: Knock Off|[of] p1a: Weavile
|faint|p2a: Zangoose
|
|upkeep
|
|t:|1758308324
|switch|p2a: Garganacl|Garganacl, M|100/100
|turn|8
|
|t:|1758308331
|move|p1a: Weavile|Knock Off|p2a: Garganacl
|-damage|p2a: Garganacl|74/100
|-enditem|p2a: Garganacl|Leftovers|[from] move: Knock Off|[of] p1a: Weavile
|move|p2a: Garganacl|Salt Cure|p1a: Weavile
|-supereffective|p1a: Weavile
|-damage|p1a: Weavile|55/100
|-start|p1a: Weavile|Salt Cure
|
|-damage|p1a: Weavile|42/100|[from] Salt Cure
|upkeep
|turn|9
|
|t:|1758308340
|move|p1a: Weavile|Knock Off|p2a: Garganacl
|-damage|p2a: Garganacl|54/100
|move|p2a: Garganacl|Salt Cure|p1a: Weavile
|-supereffective|p1a: Weavile
|-damage|p1a: Weavile|0 fnt
|faint|p1a: Weavile
|
|upkeep
|
|t:|1758308349
|switch|p1a: Heatran|Heatran, M|100/100
|-item|p1a: Heatran|Air Balloon
|turn|10
|
|t:|1758308360
|-terastallize|p2a: Garganacl|Water
|move|p1a: Heatran|Scorching Sands|p2a: Garganacl
|-damage|p2a: Garganacl|38/100
|move|p2a: Garganacl|Salt Cure|p1a: Heatran
|-damage|p1a: Heatran|89/100
|-start|p1a: Heatran|Salt Cure
|-enditem|p1a: Heatran|Air Balloon
|
|-damage|p1a: Heatran|64/100|[from] Salt Cure
|upkeep
|turn|11
|
|t:|1758308369
|move|p1a: Heatran|Lava Plume|p2a: Garganacl
|-resisted|p2a: Garganacl
|-damage|p2a: Garganacl|23/100
|move|p2a: Garganacl|Recover|p2a: Garganacl
|-heal|p2a: Garganacl|73/100
|
|-damage|p1a: Heatran|40/100|[from] Salt Cure
|upkeep
|turn|12
|-message|Douglas888 forfeited.
|
|win|francodg12
|raw|Douglas888's rating: 1081 &rarr; <strong>1059</strong><br />(-22 for losing)
|raw|francodg12's rating: 1082 &rarr; <strong>1110</strong><br />(+28 for winning)
|l|☆Douglas888
|player|p1|
|l|☆francodg12
|player|p2|
