|j|☆profesor-rudy
|j|☆revolution is now
|t:|1758286382
|gametype|singles
|player|p1|profesor-rudy|169|1109
|player|p2|revolution is now|102|1063
|gen|9
|tier|[Gen 9] OU
|rated|
|rule|HP Percentage Mod: HP is shown in percentages
|rule|Endless Battle Clause: Forcing endless battles is banned
|rule|Species Clause: Limit one of each Pokémon
|rule|OHKO Clause: OHKO moves are banned
|rule|Evasion Items Clause: Evasion items are banned
|rule|Evasion Moves Clause: Evasion moves are banned
|rule|Evasion Abilities Clause: Evasion abilities are banned
|rule|Sleep Moves Clause: Sleep-inducing moves are banned
|clearpoke
|poke|p1|Glastrier|
|poke|p1|Incineroar, M|
|poke|p1|Donphan, L1, M|
|poke|p1|Cresselia, F|
|poke|p1|Pawmot, M|
|poke|p1|Mimikyu, M|
|poke|p2|Masquerain, M|
|poke|p2|Mimikyu, F|
|poke|p2|Primarina, M|
|poke|p2|Garchomp, M|
|poke|p2|Mandibuzz, F|
|poke|p2|Toxapex, M|
|teampreview
|
|t:|1758286402
|teamsize|p1|6
|teamsize|p2|6
|start
|switch|p1a: Glastrier|Glastrier|100/100
|switch|p2a: Masquerain|Masquerain, M|100/100
|-ability|p2a: Masquerain|Intimidate|boost
|-unboost|p1a: Glastrier|atk|1
|turn|1
|
|t:|1758286409
|move|p2a: Masquerain|Sticky Web|p1a: Glastrier
|-sidestart|p1: profesor-rudy|move: Sticky Web
|move|p1a: Glastrier|Icicle Crash|p2a: Masquerain
|-supereffective|p2a: Masquerain
|-enditem|p2a: Masquerain|Focus Sash
|-damage|p2a: Masquerain|1/100
|
|upkeep
|turn|2
|
|t:|1758286425
|switch|p2a: Toxapex|Toxapex, M|100/100
|move|p1a: Glastrier|Heavy Slam|p2a: Toxapex
|-resisted|p2a: Toxapex
|-damage|p2a: Toxapex|86/100
|
|-heal|p2a: Toxapex|92/100|[from] item: Black Sludge
|upkeep
|turn|3
|
|t:|1758286435
|move|p2a: Toxapex|Toxic|p1a: Glastrier
|-status|p1a: Glastrier|tox
|move|p1a: Glastrier|High Horsepower|p2a: Toxapex|[miss]
|-miss|p1a: Glastrier|p2a: Toxapex
|
|-heal|p2a: Toxapex|98/100|[from] item: Black Sludge
|-damage|p1a: Glastrier|94/100 tox|[from] psn
|upkeep
|turn|4
|
|t:|1758286444
|switch|p1a: Donphan|Donphan, L1, M|100/100
|-activate|p1a: Donphan|move: Sticky Web
|-unboost|p1a: Donphan|spe|1
|move|p2a: Toxapex|Baneful Bunker||[still]
|-fail|p2a: Toxapex
|
|-heal|p2a: Toxapex|100/100|[from] item: Black Sludge
|upkeep
|turn|5
|
|t:|1758286456
|-terastallize|p1a: Donphan|Poison
|move|p2a: Toxapex|Toxic|p1a: Donphan
|-immune|p1a: Donphan
|move|p1a: Donphan|Knock Off|p2a: Toxapex
|-damage|p2a: Toxapex|99/100
|-enditem|p2a: Toxapex|Black Sludge|[from] move: Knock Off|[of] p1a: Donphan
|
|upkeep
|turn|6
|
|t:|1758286469
|switch|p2a: Primarina|Primarina, M|100/100
|move|p1a: Donphan|Endeavor|p2a: Primarina
|-damage|p2a: Primarina|4/100
|
|upkeep
|turn|7
|
|t:|1758286479
|switch|p1a: Glastrier|Glastrier|94/100 tox
|-activate|p1a: Glastrier|move: Sticky Web
|-unboost|p1a: Glastrier|spe|1
|move|p2a: Primarina|Psychic|p1a: Glastrier
|-damage|p1a: Glastrier|66/100 tox
|
|-damage|p1a: Glastrier|60/100 tox|[from] psn
|upkeep
|turn|8
|
|t:|1758286502
|switch|p2a: Toxapex|Toxapex, M|100/100
|move|p1a: Glastrier|Heavy Slam|p2a: Toxapex
|-resisted|p2a: Toxapex
|-damage|p2a: Toxapex|80/100
|
|-damage|p1a: Glastrier|48/100 tox|[from] psn
|upkeep
|turn|9
|
|t:|1758286514
|move|p2a: Toxapex|Ice Beam|p1a: Glastrier
|-resisted|p1a: Glastrier
|-crit|p1a: Glastrier
|-damage|p1a: Glastrier|43/100 tox
|move|p1a: Glastrier|High Horsepower|p2a: Toxapex|[miss]
|-miss|p1a: Glastrier|p2a: Toxapex
|
|-damage|p1a: Glastrier|24/100 tox|[from] psn
|upkeep
|turn|10
|
|t:|1758286546
|switch|p1a: Donphan|Donphan, L1, M, tera:Poison|100/100
|-activate|p1a: Donphan|move: Sticky Web
|-unboost|p1a: Donphan|spe|1
|move|p2a: Toxapex|Ice Beam|p1a: Donphan
|-ability|p1a: Donphan|Sturdy
|-damage|p1a: Donphan|9/100
|
|upkeep
|turn|11
|inactive|Battle timer is ON: inactive players will automatically lose when time's up. (requested by profesor-rudy)
|
|t:|1758286555
|switch|p1a: Cresselia|Cresselia, F|100/100
|move|p2a: Toxapex|Ice Beam|p1a: Cresselia
|-damage|p1a: Cresselia|94/100
|
|upkeep
|turn|12
|
|t:|1758286562
|move|p1a: Cresselia|Psychic|p2a: Toxapex
|-supereffective|p2a: Toxapex
|-damage|p2a: Toxapex|42/100
|move|p2a: Toxapex|Toxic|p1a: Cresselia
|-status|p1a: Cresselia|tox
|
|-damage|p1a: Cresselia|88/100 tox|[from] psn
|upkeep
|turn|13
|inactive|revolution is now has 120 seconds left.
|
|t:|1758286595
|move|p2a: Toxapex|Baneful Bunker|p2a: Toxapex
|-singleturn|p2a: Toxapex|move: Protect
|move|p1a: Cresselia|Trick Room|p1a: Cresselia
|-fieldstart|move: Trick Room|[of] p1a: Cresselia
|
|-damage|p1a: Cresselia|75/100 tox|[from] psn
|upkeep
|turn|14
|inactive|revolution is now has 120 seconds left.
|
|t:|1758286610
|switch|p2a: Masquerain|Masquerain, M|1/100
|-ability|p2a: Masquerain|Intimidate|boost
|-unboost|p1a: Cresselia|atk|1
|move|p1a: Cresselia|Psychic|p2a: Masquerain
|-damage|p2a: Masquerain|0 fnt
|faint|p2a: Masquerain
|
|-damage|p1a: Cresselia|57/100 tox|[from] psn
|upkeep
|
|t:|1758286620
|switch|p2a: Mandibuzz|Mandibuzz, F|100/100
|turn|15
|inactive|revolution is now has 120 seconds left.
|
|t:|1758286626
|move|p1a: Cresselia|Lunar Dance|p1a: Cresselia
|faint|p1a: Cresselia
|move|p2a: Mandibuzz|Knock Off|p1: Cresselia|[notarget]
|-fail|p2a: Mandibuzz
|
|upkeep
|
|t:|1758286635
|switch|p1a: Glastrier|Glastrier|24/100 tox
|-heal|p1a: Glastrier|100/100|[from] move: Lunar Dance
|-activate|p1a: Glastrier|move: Sticky Web
|-unboost|p1a: Glastrier|spe|1
|turn|16
|
|t:|1758286641
|move|p1a: Glastrier|Icicle Crash|p2a: Mandibuzz
|-supereffective|p2a: Mandibuzz
|-damage|p2a: Mandibuzz|36/100
|move|p2a: Mandibuzz|Toxic|p1a: Glastrier
|-status|p1a: Glastrier|tox
|
|-heal|p2a: Mandibuzz|42/100|[from] item: Leftovers
|-damage|p1a: Glastrier|94/100 tox|[from] psn
|upkeep
|turn|17
|
|t:|1758286657
|switch|p2a: Toxapex|Toxapex, M|75/100
|move|p1a: Glastrier|Icicle Crash|p2a: Toxapex
|-resisted|p2a: Toxapex
|-damage|p2a: Toxapex|54/100
|
|-damage|p1a: Glastrier|82/100 tox|[from] psn
|-fieldend|move: Trick Room
|upkeep
|turn|18
|
|t:|1758286673
|move|p2a: Toxapex|Recover|p2a: Toxapex
|-heal|p2a: Toxapex|100/100
|move|p1a: Glastrier|High Horsepower|p2a: Toxapex
|-supereffective|p2a: Toxapex
|-damage|p2a: Toxapex|31/100
|
|-damage|p1a: Glastrier|63/100 tox|[from] psn
|upkeep
|turn|19
|
|t:|1758286682
|move|p2a: Toxapex|Recover|p2a: Toxapex
|-heal|p2a: Toxapex|81/100
|move|p1a: Glastrier|High Horsepower|p2a: Toxapex
|-supereffective|p2a: Toxapex
|-damage|p2a: Toxapex|12/100
|
|-damage|p1a: Glastrier|38/100 tox|[from] psn
|upkeep
|turn|20
|
|t:|1758286691
|move|p2a: Toxapex|Baneful Bunker|p2a: Toxapex
|-singleturn|p2a: Toxapex|move: Protect
|move|p1a: Glastrier|Icicle Crash|p2a: Toxapex
|-activate|p2a: Toxapex|move: Protect
|
|-damage|p1a: Glastrier|7/100 tox|[from] psn
|upkeep
|turn|21
|
|t:|1758286701
|switch|p1a: Pawmot|Pawmot, M|100/100
|-activate|p1a: Pawmot|move: Sticky Web
|-unboost|p1a: Pawmot|spe|1
|move|p2a: Toxapex|Recover|p2a: Toxapex
|-heal|p2a: Toxapex|62/100
|
|upkeep
|turn|22
|
|t:|1758286710
|move|p1a: Pawmot|Supercell Slam|p2a: Toxapex
|-supereffective|p2a: Toxapex
|-damage|p2a: Toxapex|0 fnt
|faint|p2a: Toxapex
|
|upkeep
|
|t:|1758286715
|switch|p2a: Mimikyu|Mimikyu, F|100/100
|turn|23
|
|t:|1758286723
|switch|p1a: Incineroar|Incineroar, M|100/100
|-activate|p1a: Incineroar|move: Sticky Web
|-unboost|p1a: Incineroar|spe|1
|-ability|p1a: Incineroar|Intimidate|boost
|-unboost|p2a: Mimikyu|atk|1
|move|p2a: Mimikyu|Play Rough|p1a: Incineroar
|-damage|p1a: Incineroar|70/100
|-unboost|p1a: Incineroar|atk|1
|-damage|p2a: Mimikyu|91/100|[from] item: Life Orb
|
|-heal|p1a: Incineroar|76/100|[from] item: Leftovers
|upkeep
|turn|24
|
|t:|1758286736
|switch|p2a: Mandibuzz|Mandibuzz, F|42/100
|move|p1a: Incineroar|Darkest Lariat|p2a: Mandibuzz
|-resisted|p2a: Mandibuzz
|-damage|p2a: Mandibuzz|33/100
|
|-heal|p2a: Mandibuzz|39/100|[from] item: Leftovers
|-heal|p1a: Incineroar|82/100|[from] item: Leftovers
|upkeep
|turn|25
|
|t:|1758286747
|move|p2a: Mandibuzz|Toxic|p1a: Incineroar
|-status|p1a: Incineroar|tox
|move|p1a: Incineroar|Bulk Up|p1a: Incineroar
|-boost|p1a: Incineroar|atk|1
|-boost|p1a: Incineroar|def|1
|
|-heal|p2a: Mandibuzz|45/100|[from] item: Leftovers
|-heal|p1a: Incineroar|88/100 tox|[from] item: Leftovers
|-damage|p1a: Incineroar|82/100 tox|[from] psn
|upkeep
|turn|26
|
|t:|1758286758
|move|p2a: Mandibuzz|Tailwind|p2a: Mandibuzz
|-sidestart|p2: revolution is now|move: Tailwind
|move|p1a: Incineroar|Bulk Up|p1a: Incineroar
|-boost|p1a: Incineroar|atk|1
|-boost|p1a: Incineroar|def|1
|
|-heal|p2a: Mandibuzz|51/100|[from] item: Leftovers
|-heal|p1a: Incineroar|88/100 tox|[from] item: Leftovers
|-damage|p1a: Incineroar|76/100 tox|[from] psn
|upkeep
|turn|27
|
|t:|1758286768
|move|p2a: Mandibuzz|Knock Off|p1a: Incineroar
|-resisted|p1a: Incineroar
|-damage|p1a: Incineroar|70/100 tox
|-enditem|p1a: Incineroar|Leftovers|[from] move: Knock Off|[of] p2a: Mandibuzz
|move|p1a: Incineroar|Flare Blitz|p2a: Mandibuzz
|-damage|p2a: Mandibuzz|0 fnt
|faint|p2a: Mandibuzz
|-damage|p1a: Incineroar|55/100 tox|[from] Recoil
|
|-damage|p1a: Incineroar|37/100 tox|[from] psn
|upkeep
|
|t:|1758286781
|switch|p2a: Garchomp|Garchomp, M|100/100
|turn|28
|
|t:|1758286803
|switch|p1a: Donphan|Donphan, L1, M, tera:Poison|9/100
|-activate|p1a: Donphan|move: Sticky Web
|-unboost|p1a: Donphan|spe|1
|move|p2a: Garchomp|Earthquake|p1a: Donphan
|-supereffective|p1a: Donphan
|-crit|p1a: Donphan
|-damage|p1a: Donphan|0 fnt
|faint|p1a: Donphan
|
|upkeep
|
|t:|1758286813
|switch|p1a: Mimikyu|Mimikyu, M|100/100
|-activate|p1a: Mimikyu|move: Sticky Web
|-unboost|p1a: Mimikyu|spe|1
|turn|29
|
|t:|1758286818
|move|p2a: Garchomp|Earthquake|p1a: Mimikyu
|-activate|p1a: Mimikyu|ability: Disguise
|-damage|p1a: Mimikyu|100/100
|detailschange|p1a: Mimikyu|Mimikyu-Busted, M
|-damage|p1a: Mimikyu|88/100|[from] pokemon: Mimikyu-Busted
|move|p1a: Mimikyu|Trick Room|p1a: Mimikyu
|-fieldstart|move: Trick Room|[of] p1a: Mimikyu
|
|-sideend|p2: revolution is now|move: Tailwind
|upkeep
|turn|30
|
|t:|1758286837
|switch|p2a: Primarina|Primarina, M|4/100
|move|p1a: Mimikyu|Destiny Bond|p1a: Mimikyu
|-singlemove|p1a: Mimikyu|Destiny Bond
|
|upkeep
|turn|31
|
|t:|1758286849
|move|p1a: Mimikyu|Shadow Sneak|p2a: Primarina
|-damage|p2a: Primarina|0 fnt
|faint|p2a: Primarina
|-damage|p1a: Mimikyu|78/100|[from] item: Life Orb
|
|upkeep
|
|t:|1758286855
|switch|p2a: Mimikyu|Mimikyu, F|91/100
|turn|32
|
|t:|1758286860
|move|p1a: Mimikyu|Shadow Sneak|p2a: Mimikyu
|-activate|p2a: Mimikyu|ability: Disguise
|-damage|p2a: Mimikyu|91/100
|detailschange|p2a: Mimikyu|Mimikyu-Busted, F
|-damage|p2a: Mimikyu|78/100|[from] pokemon: Mimikyu-Busted
|-damage|p1a: Mimikyu|68/100|[from] item: Life Orb
|move|p2a: Mimikyu|Shadow Claw|p1a: Mimikyu
|-supereffective|p1a: Mimikyu
|-crit|p1a: Mimikyu
|-damage|p1a: Mimikyu|0 fnt
|faint|p1a: Mimikyu
|-damage|p2a: Mimikyu|68/100|[from] item: Life Orb
|
|upkeep
|inactive|profesor-rudy has 120 seconds left.
|
|t:|1758286919
|switch|p1a: Pawmot|Pawmot, M|100/100
|-activate|p1a: Pawmot|move: Sticky Web
|-unboost|p1a: Pawmot|spe|1
|turn|33
|
|t:|1758286926
|move|p1a: Pawmot|Revival Blessing|p1a: Pawmot
|-enditem|p1a: Pawmot|Leppa Berry|[eat]
|-activate|p1a: Pawmot|item: Leppa Berry|Revival Blessing|[consumed]
|
|t:|1758286929
|-heal|p1: Cresselia|50/100|[from] move: Revival Blessing
|move|p2a: Mimikyu|Play Rough|p1a: Pawmot
|-supereffective|p1a: Pawmot
|-damage|p1a: Pawmot|0 fnt
|faint|p1a: Pawmot
|-damage|p2a: Mimikyu|58/100|[from] item: Life Orb
|
|-fieldend|move: Trick Room
|upkeep
|
|t:|1758286940
|switch|p1a: Cresselia|Cresselia, F|50/100
|-enditem|p1a: Cresselia|Sitrus Berry|[eat]
|-heal|p1a: Cresselia|75/100|[from] item: Sitrus Berry
|turn|34
|
|t:|1758286957
|move|p2a: Mimikyu|Play Rough|p1a: Cresselia
|-damage|p1a: Cresselia|44/100
|-damage|p2a: Mimikyu|49/100|[from] item: Life Orb
|move|p1a: Cresselia|Trick Room|p1a: Cresselia
|-fieldstart|move: Trick Room|[of] p1a: Cresselia
|
|upkeep
|turn|35
|
|t:|1758286965
|move|p2a: Mimikyu|Shadow Sneak|p1a: Cresselia
|-supereffective|p1a: Cresselia
|-damage|p1a: Cresselia|15/100
|-damage|p2a: Mimikyu|39/100|[from] item: Life Orb
|move|p1a: Cresselia|Lunar Dance|p1a: Cresselia
|faint|p1a: Cresselia
|
|upkeep
|
|t:|1758286973
|switch|p1a: Glastrier|Glastrier|7/100 tox
|-heal|p1a: Glastrier|100/100|[from] move: Lunar Dance
|-activate|p1a: Glastrier|move: Sticky Web
|-unboost|p1a: Glastrier|spe|1
|turn|36
|inactive|profesor-rudy has 120 seconds left.
|
|t:|1758286984
|move|p2a: Mimikyu|Shadow Sneak|p1a: Glastrier
|-damage|p1a: Glastrier|85/100
|-damage|p2a: Mimikyu|29/100|[from] item: Life Orb
|move|p1a: Glastrier|Heavy Slam|p2a: Mimikyu
|-supereffective|p2a: Mimikyu
|-damage|p2a: Mimikyu|0 fnt
|faint|p2a: Mimikyu
|-ability|p1a: Glastrier|Chilling Neigh|boost
|-boost|p1a: Glastrier|atk|1
|
|upkeep
|
|t:|1758286997
|switch|p2a: Garchomp|Garchomp, M|100/100
|turn|37
|
|t:|1758287002
|move|p1a: Glastrier|Icicle Crash|p2a: Garchomp
|-supereffective|p2a: Garchomp
|-damage|p2a: Garchomp|0 fnt
|faint|p2a: Garchomp
|
|win|profesor-rudy
|raw|profesor-rudy's rating: 1109 &rarr; <strong>1131</strong><br />(+22 for winning)
|raw|revolution is now's rating: 1063 &rarr; <strong>1046</strong><br />(-17 for losing)
|l|☆revolution is now
|player|p2|
