|j|☆2dixjohnson
|j|☆bill1218
|t:|1758260363
|gametype|singles
|player|p1|2dixjohnson|bertha|1387
|player|p2|bill1218|265|1487
|gen|9
|tier|[Gen 9] OU
|rated|
|rule|HP Percentage Mod: HP is shown in percentages
|rule|Endless Battle Clause: Forcing endless battles is banned
|rule|Species Clause: Limit one of each Pokémon
|rule|OHKO Clause: OHKO moves are banned
|rule|Evasion Items Clause: Evasion items are banned
|rule|Evasion Moves Clause: Evasion moves are banned
|rule|Evasion Abilities Clause: Evasion abilities are banned
|rule|Sleep Moves Clause: Sleep-inducing moves are banned
|clearpoke
|poke|p1|Ogerpon-Wellspring, F|
|poke|p1|Cloyster, M|
|poke|p1|Ninetales-Alola, F|
|poke|p1|Polteageist|
|poke|p1|Iron Treads|
|poke|p1|Dragonite, F|
|poke|p2|Tinkaton, F|
|poke|p2|Skeledirge, M|
|poke|p2|Serperior, M|
|poke|p2|Indeedee, M|
|poke|p2|Araquanid, M|
|poke|p2|Great Tusk|
|teampreview
|inactive|Battle timer is ON: inactive players will automatically lose when time's up. (requested by 2dixjohnson)
|
|t:|1758260376
|teamsize|p1|6
|teamsize|p2|6
|start
|switch|p1a: Cloyster|Cloyster, M|100/100
|switch|p2a: Indeedee|Indeedee, M, shiny|100/100
|-fieldstart|move: Psychic Terrain|[from] ability: Psychic Surge|[of] p2a: Indeedee
|turn|1
|
|t:|1758260389
|switch|p2a: Tinkaton|Tinkaton, F|100/100
|switch|p1a: Iron Treads|Iron Treads|100/100
|-enditem|p1a: Iron Treads|Booster Energy
|-activate|p1a: Iron Treads|ability: Quark Drive|[fromitem]
|-start|p1a: Iron Treads|quarkdrivespe
|
|upkeep
|turn|2
|
|t:|1758260399
|move|p1a: Iron Treads|Stealth Rock|p2a: Tinkaton
|-sidestart|p2: bill1218|move: Stealth Rock
|move|p2a: Tinkaton|Knock Off|p1a: Iron Treads
|-damage|p1a: Iron Treads|90/100
|
|upkeep
|turn|3
|
|t:|1758260404
|move|p1a: Iron Treads|Earth Power|p2a: Tinkaton
|-supereffective|p2a: Tinkaton
|-damage|p2a: Tinkaton|46/100
|move|p2a: Tinkaton|Stealth Rock|p1a: Iron Treads
|-sidestart|p1: 2dixjohnson|move: Stealth Rock
|
|-heal|p2a: Tinkaton|52/100|[from] item: Leftovers
|upkeep
|turn|4
|
|t:|1758260414
|switch|p2a: Araquanid|Araquanid, M|100/100
|-damage|p2a: Araquanid|76/100|[from] Stealth Rock
|move|p1a: Iron Treads|Rapid Spin|p2a: Araquanid
|-damage|p2a: Araquanid|64/100
|-boost|p1a: Iron Treads|spe|1
|-sideend|p1: 2dixjohnson|Stealth Rock|[from] move: Rapid Spin|[of] p1a: Iron Treads
|
|upkeep
|turn|5
|
|t:|1758260425
|move|p1a: Iron Treads|Steel Beam|p2a: Araquanid
|-resisted|p2a: Araquanid
|-damage|p2a: Araquanid|47/100
|-damage|p1a: Iron Treads|39/100|[from] steelbeam
|move|p2a: Araquanid|Liquidation|p1a: Iron Treads
|-supereffective|p1a: Iron Treads
|-damage|p1a: Iron Treads|0 fnt
|faint|p1a: Iron Treads
|-end|p1a: Iron Treads|Quark Drive|[silent]
|
|-fieldend|move: Psychic Terrain
|upkeep
|
|t:|1758260429
|switch|p1a: Cloyster|Cloyster, M|100/100
|turn|6
|
|t:|1758260435
|move|p1a: Cloyster|Rock Blast|p2a: Araquanid
|-supereffective|p2a: Araquanid
|-damage|p2a: Araquanid|31/100
|-supereffective|p2a: Araquanid
|-damage|p2a: Araquanid|15/100
|-supereffective|p2a: Araquanid
|-damage|p2a: Araquanid|0 fnt
|faint|p2a: Araquanid
|-hitcount|p2: Araquanid|3
|
|upkeep
|
|t:|1758260442
|switch|p2a: Tinkaton|Tinkaton, F|52/100
|-damage|p2a: Tinkaton|46/100|[from] Stealth Rock
|turn|7
|
|t:|1758260453
|switch|p1a: Dragonite|Dragonite, F|100/100
|move|p2a: Tinkaton|Thunder Wave|p1a: Dragonite
|-status|p1a: Dragonite|par
|
|-heal|p2a: Tinkaton|52/100|[from] item: Leftovers
|upkeep
|turn|8
|
|t:|1758260457
|move|p2a: Tinkaton|Stealth Rock|p1a: Dragonite
|-sidestart|p1: 2dixjohnson|move: Stealth Rock
|move|p1a: Dragonite|Earthquake|p2a: Tinkaton
|-supereffective|p2a: Tinkaton
|-damage|p2a: Tinkaton|0 fnt
|faint|p2a: Tinkaton
|
|upkeep
|
|t:|1758260465
|switch|p2a: Great Tusk|Great Tusk|100/100
|turn|9
|
|t:|1758260470
|switch|p1a: Polteageist|Polteageist|100/100
|-damage|p1a: Polteageist|88/100|[from] Stealth Rock
|move|p2a: Great Tusk|Rapid Spin|p1a: Polteageist
|-immune|p1a: Polteageist
|
|upkeep
|turn|10
|
|t:|1758260473
|move|p2a: Great Tusk|Headlong Rush|p1a: Polteageist
|-damage|p1a: Polteageist|2/100
|-unboost|p2a: Great Tusk|def|1
|-unboost|p2a: Great Tusk|spd|1
|-start|p2a: Great Tusk|Disable|Headlong Rush|[from] ability: Cursed Body|[of] p1a: Polteageist
|move|p1a: Polteageist|Strength Sap|p2a: Great Tusk
|-unboost|p2a: Great Tusk|atk|1
|-heal|p1a: Polteageist|100/100
|
|upkeep
|turn|11
|
|t:|1758260478
|move|p2a: Great Tusk|Ice Spinner|p1a: Polteageist
|-damage|p1a: Polteageist|77/100
|move|p1a: Polteageist|Shell Smash|p1a: Polteageist
|-unboost|p1a: Polteageist|def|1
|-unboost|p1a: Polteageist|spd|1
|-boost|p1a: Polteageist|atk|2
|-boost|p1a: Polteageist|spa|2
|-boost|p1a: Polteageist|spe|2
|-enditem|p1a: Polteageist|White Herb
|-clearnegativeboost|p1a: Polteageist|[silent]
|
|upkeep
|turn|12
|
|t:|1758260484
|-end|p2a: Great Tusk|Protosynthesis|[silent]
|switch|p2a: Skeledirge|Skeledirge, M|100/100
|move|p1a: Polteageist|Strength Sap|p2a: Skeledirge
|-unboost|p2a: Skeledirge|atk|1
|-heal|p1a: Polteageist|100/100
|
|upkeep
|turn|13
|
|t:|1758260488
|move|p1a: Polteageist|Shadow Ball|p2a: Skeledirge
|-supereffective|p2a: Skeledirge
|-damage|p2a: Skeledirge|46/100
|move|p2a: Skeledirge|Torch Song|p1a: Polteageist
|-damage|p1a: Polteageist|70/100
|-boost|p2a: Skeledirge|spa|1
|
|upkeep
|turn|14
|
|t:|1758260501
|-terastallize|p2a: Skeledirge|Normal
|move|p1a: Polteageist|Shadow Ball|p2a: Skeledirge
|-immune|p2a: Skeledirge
|move|p2a: Skeledirge|Hex|p1a: Polteageist
|-supereffective|p1a: Polteageist
|-crit|p1a: Polteageist
|-damage|p1a: Polteageist|0 fnt
|faint|p1a: Polteageist
|
|upkeep
|
|t:|1758260511
|switch|p1a: Ninetales|Ninetales-Alola, F|100/100
|-damage|p1a: Ninetales|76/100|[from] Stealth Rock
|-weather|Snowscape|[from] ability: Snow Warning|[of] p1a: Ninetales
|turn|15
|
|t:|1758260518
|move|p1a: Ninetales|Encore|p2a: Skeledirge
|-start|p2a: Skeledirge|Encore
|move|p2a: Skeledirge|Hex|p1a: Ninetales
|-damage|p1a: Ninetales|33/100
|
|-weather|Snowscape|[upkeep]
|upkeep
|turn|16
|
|t:|1758260528
|switch|p2a: Great Tusk|Great Tusk|100/100
|move|p1a: Ninetales|Moonblast|p2a: Great Tusk
|-supereffective|p2a: Great Tusk
|-damage|p2a: Great Tusk|0 fnt
|faint|p2a: Great Tusk
|-end|p2a: Great Tusk|Protosynthesis|[silent]
|
|-weather|Snowscape|[upkeep]
|upkeep
|
|t:|1758260533
|switch|p2a: Indeedee|Indeedee, M, shiny|100/100
|-damage|p2a: Indeedee|88/100|[from] Stealth Rock
|-fieldstart|move: Psychic Terrain|[from] ability: Psychic Surge|[of] p2a: Indeedee
|turn|17
|
|t:|1758260536
|move|p1a: Ninetales|Aurora Veil|p1a: Ninetales
|-sidestart|p1: 2dixjohnson|move: Aurora Veil
|move|p2a: Indeedee|Expanding Force|p1a: Ninetales
|-damage|p1a: Ninetales|0 fnt
|faint|p1a: Ninetales
|
|-weather|Snowscape|[upkeep]
|upkeep
|
|t:|1758260543
|switch|p1a: Cloyster|Cloyster, M|100/100
|-damage|p1a: Cloyster|76/100|[from] Stealth Rock
|turn|18
|
|t:|1758260546
|move|p2a: Indeedee|Expanding Force|p1a: Cloyster
|-crit|p1a: Cloyster
|-damage|p1a: Cloyster|0 fnt
|faint|p1a: Cloyster
|
|-weather|Snowscape|[upkeep]
|upkeep
|
|t:|1758260548
|switch|p1a: Ogerpon|Ogerpon-Wellspring, F|100/100
|-damage|p1a: Ogerpon|88/100|[from] Stealth Rock
|turn|19
|
|t:|1758260555
|switch|p2a: Skeledirge|Skeledirge, M, tera:Normal|46/100
|-terastallize|p1a: Ogerpon|Water
|detailschange|p1a: Ogerpon|Ogerpon-Wellspring-Tera, F, tera:Water
|-ability|p1a: Ogerpon|Embody Aspect (Wellspring)|boost
|-boost|p1a: Ogerpon|spd|1
|move|p1a: Ogerpon|Swords Dance|p1a: Ogerpon
|-boost|p1a: Ogerpon|atk|2
|
|-weather|none
|upkeep
|turn|20
|
|t:|1758260558
|move|p1a: Ogerpon|Ivy Cudgel|p2a: Skeledirge|[anim] Ivy Cudgel Water
|-damage|p2a: Skeledirge|0 fnt
|faint|p2a: Skeledirge
|
|upkeep
|
|t:|1758260561
|switch|p2a: Serperior|Serperior, M|100/100
|-damage|p2a: Serperior|88/100|[from] Stealth Rock
|turn|21
|
|t:|1758260569
|move|p2a: Serperior|Glare|p1a: Ogerpon
|-status|p1a: Ogerpon|par
|move|p1a: Ogerpon|Play Rough|p2a: Serperior
|-damage|p2a: Serperior|2/100
|
|-heal|p2a: Serperior|8/100|[from] item: Leftovers
|-fieldend|move: Psychic Terrain
|upkeep
|turn|22
|
|t:|1758260576
|move|p2a: Serperior|Leaf Storm|p1a: Ogerpon
|-supereffective|p1a: Ogerpon
|-damage|p1a: Ogerpon|53/100 par
|-boost|p2a: Serperior|spa|2
|cant|p1a: Ogerpon|par
|
|-heal|p2a: Serperior|14/100|[from] item: Leftovers
|upkeep
|turn|23
|
|t:|1758260580
|move|p2a: Serperior|Leaf Storm|p1a: Ogerpon|[miss]
|-miss|p2a: Serperior|p1a: Ogerpon
|cant|p1a: Ogerpon|par
|
|-heal|p2a: Serperior|20/100|[from] item: Leftovers
|upkeep
|turn|24
|
|t:|1758260584
|move|p2a: Serperior|Leaf Storm|p1a: Ogerpon
|-supereffective|p1a: Ogerpon
|-damage|p1a: Ogerpon|0 fnt
|-boost|p2a: Serperior|spa|2
|faint|p1a: Ogerpon
|detailschange|p1: Ogerpon|Ogerpon-Wellspring, F|[silent]
|
|-heal|p2a: Serperior|26/100|[from] item: Leftovers
|-sideend|p1: 2dixjohnson|move: Aurora Veil
|upkeep
|
|t:|1758260586
|switch|p1a: Dragonite|Dragonite, F|100/100 par
|turn|25
|
|t:|1758260589
|move|p1a: Dragonite|Extreme Speed|p2a: Serperior
|-damage|p2a: Serperior|0 fnt
|faint|p2a: Serperior
|
|upkeep
|
|t:|1758260591
|switch|p2a: Indeedee|Indeedee, M, shiny|88/100
|-damage|p2a: Indeedee|76/100|[from] Stealth Rock
|-fieldstart|move: Psychic Terrain|[from] ability: Psychic Surge|[of] p2a: Indeedee
|turn|26
|
|t:|1758260596
|move|p2a: Indeedee|Expanding Force|p1a: Dragonite
|-damage|p1a: Dragonite|44/100 par
|cant|p1a: Dragonite|par
|
|upkeep
|turn|27
|-message|2dixjohnson forfeited.
|
|win|bill1218
|raw|2dixjohnson's rating: 1387 &rarr; <strong>1373</strong><br />(-14 for losing)
|raw|bill1218's rating: 1487 &rarr; <strong>1501</strong><br />(+14 for winning)
|l|☆2dixjohnson
|player|p1|
|l|☆bill1218
|player|p2|
