|j|☆misscorn
|j|☆DFPT174
|t:|1758341732
|gametype|singles
|player|p1|misscorn|maid|1315
|player|p2|DFPT174|shadowtriad|1306
|gen|9
|tier|[Gen 9] OU
|rated|
|rule|HP Percentage Mod: HP is shown in percentages
|rule|Endless Battle Clause: Forcing endless battles is banned
|rule|Species Clause: Limit one of each Pokémon
|rule|OHKO Clause: OHKO moves are banned
|rule|Evasion Items Clause: Evasion items are banned
|rule|Evasion Moves Clause: Evasion moves are banned
|rule|Evasion Abilities Clause: Evasion abilities are banned
|rule|Sleep Moves Clause: Sleep-inducing moves are banned
|clearpoke
|poke|p1|Pecharunt|
|poke|p1|Iron Valiant|
|poke|p1|Kingambit, F|
|poke|p1|Cinderace, M|
|poke|p1|Gliscor, M|
|poke|p1|Ogerpon-Wellspring, F|
|poke|p2|Pelipper, F|
|poke|p2|Meloetta|
|poke|p2|Scizor, F|
|poke|p2|Kingdra, F|
|poke|p2|Garchomp, F|
|poke|p2|Tentacruel, F|
|teampreview
|inactive|Battle timer is ON: inactive players will automatically lose when time's up. (requested by misscorn)
|inactive|DFPT174 also wants the timer to be on.
|
|t:|1758341739
|teamsize|p1|6
|teamsize|p2|6
|start
|switch|p1a: Pecharunt|Pecharunt|100/100
|switch|p2a: Pelipper|Pelipper, F, shiny|100/100
|-weather|RainDance|[from] ability: Drizzle|[of] p2a: Pelipper
|turn|1
|
|t:|1758341764
|move|p1a: Pecharunt|Malignant Chain|p2a: Pelipper
|-damage|p2a: Pelipper|60/100
|move|p2a: Pelipper|U-turn|p1a: Pecharunt
|-resisted|p1a: Pecharunt
|-damage|p1a: Pecharunt|99/100
|
|t:|1758341771
|switch|p2a: Kingdra|Kingdra, F, shiny|100/100|[from] U-turn
|
|-weather|RainDance|[upkeep]
|upkeep
|turn|2
|
|t:|1758341778
|switch|p1a: Ogerpon|Ogerpon-Wellspring, F|100/100
|-terastallize|p2a: Kingdra|Water
|move|p2a: Kingdra|Weather Ball|p1a: Ogerpon
|-immune|p1a: Ogerpon|[from] ability: Water Absorb
|
|-weather|RainDance|[upkeep]
|upkeep
|turn|3
|
|t:|1758341789
|switch|p2a: Scizor|Scizor, F, shiny|100/100
|move|p1a: Ogerpon|Knock Off|p2a: Scizor
|-damage|p2a: Scizor|64/100
|-enditem|p2a: Scizor|Choice Band|[from] move: Knock Off|[of] p1a: Ogerpon
|
|-weather|RainDance|[upkeep]
|upkeep
|turn|4
|
|t:|1758341800
|move|p1a: Ogerpon|Spiky Shield|p1a: Ogerpon
|-singleturn|p1a: Ogerpon|move: Protect
|move|p2a: Scizor|U-turn|p1a: Ogerpon
|-activate|p1a: Ogerpon|move: Protect
|-damage|p2a: Scizor|52/100|[from] Spiky Shield|[of] p1a: Ogerpon
|
|-weather|RainDance|[upkeep]
|upkeep
|turn|5
|
|t:|1758341809
|move|p1a: Ogerpon|Ivy Cudgel|p2a: Scizor|[anim] Ivy Cudgel Water
|-damage|p2a: Scizor|0 fnt
|faint|p2a: Scizor
|
|-weather|RainDance|[upkeep]
|upkeep
|
|t:|1758341815
|switch|p2a: Meloetta|Meloetta|100/100
|turn|6
|
|t:|1758341820
|move|p1a: Ogerpon|Knock Off|p2a: Meloetta
|-supereffective|p2a: Meloetta
|-damage|p2a: Meloetta|3/100
|-enditem|p2a: Meloetta|Assault Vest|[from] move: Knock Off|[of] p1a: Ogerpon
|move|p2a: Meloetta|Thunder|p1a: Ogerpon
|-damage|p1a: Ogerpon|57/100
|
|-weather|RainDance|[upkeep]
|upkeep
|turn|7
|
|t:|1758341832
|move|p1a: Ogerpon|Horn Leech|p2a: Meloetta
|-crit|p2a: Meloetta
|-damage|p2a: Meloetta|0 fnt
|-heal|p1a: Ogerpon|59/100|[from] drain|[of] p2a: Meloetta
|faint|p2a: Meloetta
|
|-weather|RainDance|[upkeep]
|upkeep
|
|t:|1758341840
|switch|p2a: Kingdra|Kingdra, F, shiny, tera:Water|100/100
|turn|8
|
|t:|1758341845
|move|p2a: Kingdra|Hurricane|p1a: Ogerpon
|-supereffective|p1a: Ogerpon
|-damage|p1a: Ogerpon|0 fnt
|faint|p1a: Ogerpon
|
|-weather|none
|upkeep
|
|t:|1758341854
|switch|p1a: Iron Valiant|Iron Valiant|100/100
|turn|9
|
|t:|1758341858
|switch|p2a: Garchomp|Garchomp, F, shiny|100/100
|move|p1a: Iron Valiant|Thunderbolt|p2a: Garchomp
|-immune|p2a: Garchomp
|
|upkeep
|turn|10
|
|t:|1758341868
|-end|p1a: Iron Valiant|Quark Drive|[silent]
|switch|p1a: Gliscor|Gliscor, M|100/100
|move|p2a: Garchomp|Earthquake|p1a: Gliscor
|-immune|p1a: Gliscor
|
|-status|p1a: Gliscor|tox|[from] item: Toxic Orb
|upkeep
|turn|11
|
|t:|1758341876
|move|p2a: Garchomp|Stealth Rock|p1a: Gliscor
|-sidestart|p1: misscorn|move: Stealth Rock
|move|p1a: Gliscor|Toxic|p2a: Garchomp
|-status|p2a: Garchomp|tox
|
|-damage|p2a: Garchomp|94/100 tox|[from] psn
|upkeep
|turn|12
|
|t:|1758341886
|move|p1a: Gliscor|Knock Off|p2a: Garchomp
|-damage|p2a: Garchomp|81/100 tox
|-damage|p1a: Gliscor|88/100 tox|[from] ability: Rough Skin|[of] p2a: Garchomp
|-damage|p1a: Gliscor|72/100 tox|[from] item: Rocky Helmet|[of] p2a: Garchomp
|-enditem|p2a: Garchomp|Rocky Helmet|[from] move: Knock Off|[of] p1a: Gliscor
|move|p2a: Garchomp|Dragon Tail|p1a: Gliscor
|-damage|p1a: Gliscor|50/100 tox
|drag|p1a: Pecharunt|Pecharunt|99/100
|
|-damage|p2a: Garchomp|69/100 tox|[from] psn
|upkeep
|turn|13
|
|t:|1758341900
|switch|p2a: Pelipper|Pelipper, F, shiny|60/100
|-weather|RainDance|[from] ability: Drizzle|[of] p2a: Pelipper
|move|p1a: Pecharunt|Parting Shot|p2a: Pelipper
|-unboost|p2a: Pelipper|atk|1
|-unboost|p2a: Pelipper|spa|1
|
|t:|1758341915
|switch|p1a: Iron Valiant|Iron Valiant|100/100|[from] Parting Shot
|-damage|p1a: Iron Valiant|94/100|[from] Stealth Rock
|
|-weather|RainDance|[upkeep]
|upkeep
|turn|14
|
|t:|1758341923
|switch|p2a: Garchomp|Garchomp, F, shiny|69/100 tox
|move|p1a: Iron Valiant|Moonblast|p2a: Garchomp
|-supereffective|p2a: Garchomp
|-damage|p2a: Garchomp|0 fnt
|faint|p2a: Garchomp
|
|-weather|RainDance|[upkeep]
|upkeep
|
|t:|1758341933
|switch|p2a: Kingdra|Kingdra, F, shiny, tera:Water|100/100
|turn|15
|
|t:|1758341938
|move|p2a: Kingdra|Weather Ball|p1a: Iron Valiant
|-damage|p1a: Iron Valiant|0 fnt
|faint|p1a: Iron Valiant
|-end|p1a: Iron Valiant|Quark Drive|[silent]
|
|-weather|RainDance|[upkeep]
|upkeep
|
|t:|1758341945
|switch|p1a: Pecharunt|Pecharunt|99/100
|turn|16
|
|t:|1758341949
|move|p2a: Kingdra|Weather Ball|p1a: Pecharunt
|-damage|p1a: Pecharunt|0 fnt
|faint|p1a: Pecharunt
|
|-weather|RainDance|[upkeep]
|upkeep
|
|t:|1758341955
|switch|p1a: Gliscor|Gliscor, M|50/100 tox
|-damage|p1a: Gliscor|37/100 tox|[from] Stealth Rock
|turn|17
|
|t:|1758341961
|move|p1a: Gliscor|Protect|p1a: Gliscor
|-singleturn|p1a: Gliscor|Protect
|move|p2a: Kingdra|Weather Ball|p1a: Gliscor
|-activate|p1a: Gliscor|move: Protect
|
|-weather|RainDance|[upkeep]
|-heal|p1a: Gliscor|50/100 tox|[from] ability: Poison Heal
|upkeep
|turn|18
|
|t:|1758341970
|move|p2a: Kingdra|Weather Ball|p1a: Gliscor
|-supereffective|p1a: Gliscor
|-damage|p1a: Gliscor|0 fnt
|faint|p1a: Gliscor
|
|-weather|RainDance|[upkeep]
|upkeep
|
|t:|1758341974
|switch|p1a: Kingambit|Kingambit, F|100/100
|-damage|p1a: Kingambit|94/100|[from] Stealth Rock
|-activate|p1a: Kingambit|ability: Supreme Overlord
|-start|p1a: Kingambit|fallen4|[silent]
|turn|19
|j| TrebleTrick
|
|t:|1758341989
|move|p1a: Kingambit|Sucker Punch|p2a: Kingdra
|-damage|p2a: Kingdra|27/100
|move|p2a: Kingdra|Weather Ball|p1a: Kingambit
|-damage|p1a: Kingambit|0 fnt
|faint|p1a: Kingambit
|-end|p1a: Kingambit|fallen4|[silent]
|
|-weather|RainDance|[upkeep]
|upkeep
|
|t:|1758341995
|switch|p1a: Cinderace|Cinderace, M|100/100
|turn|20
|
|t:|1758342001
|move|p1a: Cinderace|Sucker Punch|p2a: Kingdra
|-crit|p2a: Kingdra
|-damage|p2a: Kingdra|0 fnt
|faint|p2a: Kingdra
|
|-weather|none
|upkeep
|
|t:|1758342007
|switch|p2a: Pelipper|Pelipper, F, shiny|60/100
|-weather|RainDance|[from] ability: Drizzle|[of] p2a: Pelipper
|turn|21
|
|t:|1758342015
|move|p1a: Cinderace|Sucker Punch|p2a: Pelipper
|-damage|p2a: Pelipper|45/100
|move|p2a: Pelipper|Weather Ball|p1a: Cinderace
|-supereffective|p1a: Cinderace
|-damage|p1a: Cinderace|0 fnt
|faint|p1a: Cinderace
|
|win|DFPT174
|raw|misscorn's rating: 1315 &rarr; <strong>1294</strong><br />(-21 for losing)
|raw|DFPT174's rating: 1306 &rarr; <strong>1327</strong><br />(+21 for winning)
|l|☆misscorn
|player|p1|
|l| TrebleTrick
|l|☆DFPT174
|player|p2|
