|j|☆Coach Trainerman
|j|☆armaldojaleo
|t:|1758366226
|gametype|singles
|player|p1|Coach Trainerman|sailor|1211
|player|p2|armaldojaleo|hugh|1238
|gen|9
|tier|[Gen 9] OU
|rated|
|rule|HP Percentage Mod: HP is shown in percentages
|rule|Endless Battle Clause: Forcing endless battles is banned
|rule|Species Clause: Limit one of each Pokémon
|rule|OHKO Clause: OHKO moves are banned
|rule|Evasion Items Clause: Evasion items are banned
|rule|Evasion Moves Clause: Evasion moves are banned
|rule|Evasion Abilities Clause: Evasion abilities are banned
|rule|Sleep Moves Clause: Sleep-inducing moves are banned
|clearpoke
|poke|p1|Ting-Lu|
|poke|p1|Rotom-Wash|
|poke|p1|Noivern, M|
|poke|p1|Great Tusk|
|poke|p1|Moltres|
|poke|p1|Slowking-Galar, M|
|poke|p2|Great Tusk|
|poke|p2|Goodra-Hisui, F|
|poke|p2|Dragapult, M|
|poke|p2|Primarina, M|
|poke|p2|Meowscarada, M|
|poke|p2|Arcanine-Hisui, F|
|teampreview
|
|t:|1758366229
|teamsize|p1|6
|teamsize|p2|6
|start
|switch|p1a: Noivern|Noivern, M|100/100
|switch|p2a: Dragapult|Dragapult, M|100/100
|turn|1
|inactive|Battle timer is ON: inactive players will automatically lose when time's up. (requested by Coach Trainerman)
|
|t:|1758366238
|switch|p1a: Ting-Lu|Ting-Lu|100/100
|-ability|p1a: Ting-Lu|Vessel of Ruin
|move|p2a: Dragapult|Draco Meteor|p1a: Ting-Lu
|-damage|p1a: Ting-Lu|53/100
|-unboost|p2a: Dragapult|spa|2
|-damage|p2a: Dragapult|91/100|[from] item: Life Orb
|
|-heal|p1a: Ting-Lu|59/100|[from] item: Leftovers
|upkeep
|turn|2
|
|t:|1758366255
|move|p2a: Dragapult|U-turn|p1a: Ting-Lu
|-supereffective|p1a: Ting-Lu
|-damage|p1a: Ting-Lu|40/100
|-damage|p2a: Dragapult|81/100|[from] item: Life Orb
|
|t:|1758366261
|switch|p2a: Meowscarada|Meowscarada, M|100/100|[from] U-turn
|move|p1a: Ting-Lu|Stealth Rock|p2a: Meowscarada
|-sidestart|p2: armaldojaleo|move: Stealth Rock
|
|-heal|p1a: Ting-Lu|46/100|[from] item: Leftovers
|upkeep
|turn|3
|l|☆Coach Trainerman
|inactive|Coach Trainerman disconnected and has a minute to reconnect!
|player|p1|
|inactive|Coach Trainerman has 30 seconds to reconnect!
|inactive|Coach Trainerman has 20 seconds to reconnect!
|j|☆Coach Trainerman
|inactive|Coach Trainerman reconnected and has 95 seconds left.
|player|p1|Coach Trainerman|sailor|
|inactive|Coach Trainerman has 90 seconds left.
|
|t:|1758366325
|switch|p1a: Moltres|Moltres|100/100
|move|p2a: Meowscarada|U-turn|p1a: Moltres
|-start|p2a: Meowscarada|typechange|Bug|[from] ability: Protean
|-resisted|p1a: Moltres
|-damage|p1a: Moltres|95/100
|
|t:|1758366334
|switch|p2a: Primarina|Primarina, M|100/100|[from] U-turn
|-damage|p2a: Primarina|88/100|[from] Stealth Rock
|
|upkeep
|turn|4
|
|t:|1758366348
|move|p1a: Moltres|U-turn|p2a: Primarina
|-resisted|p2a: Primarina
|-damage|p2a: Primarina|80/100
|
|t:|1758366358
|switch|p1a: Slowking|Slowking-Galar, M|100/100|[from] U-turn
|move|p2a: Primarina|Hyper Voice|p1a: Slowking
|-damage|p1a: Slowking|70/100
|
|upkeep
|turn|5
|
|t:|1758366371
|switch|p2a: Goodra|Goodra-Hisui, F|100/100
|-damage|p2a: Goodra|94/100|[from] Stealth Rock
|-prepare|p1a: Slowking|Chilly Reception|[premajor]
|move|p1a: Slowking|Chilly Reception|p1a: Slowking
|-weather|Snowscape
|
|t:|1758366382
|switch|p1a: Ting-Lu|Ting-Lu|46/100|[from] Chilly Reception
|-ability|p1a: Ting-Lu|Vessel of Ruin
|
|-weather|Snowscape|[upkeep]
|-heal|p1a: Ting-Lu|52/100|[from] item: Leftovers
|upkeep
|turn|6
|
|t:|1758366392
|move|p2a: Goodra|Ice Beam|p1a: Ting-Lu
|-supereffective|p1a: Ting-Lu
|-damage|p1a: Ting-Lu|27/100
|move|p1a: Ting-Lu|Spikes|p2a: Goodra
|-sidestart|p2: armaldojaleo|Spikes
|
|-weather|Snowscape|[upkeep]
|-heal|p1a: Ting-Lu|33/100|[from] item: Leftovers
|upkeep
|turn|7
|
|t:|1758366405
|switch|p2a: Great Tusk|Great Tusk|100/100
|switch|p1a: Slowking|Slowking-Galar, M|100/100
|
|-weather|Snowscape|[upkeep]
|upkeep
|turn|8
|
|t:|1758366417
|move|p2a: Great Tusk|Knock Off|p1a: Slowking
|-supereffective|p1a: Slowking
|-damage|p1a: Slowking|39/100
|-enditem|p1a: Slowking|Heavy-Duty Boots|[from] move: Knock Off|[of] p2a: Great Tusk
|move|p1a: Slowking|Future Sight|p2a: Great Tusk
|-start|p1a: Slowking|move: Future Sight
|
|-weather|Snowscape|[upkeep]
|upkeep
|turn|9
|inactive|Coach Trainerman has 120 seconds left.
|
|t:|1758366438
|switch|p1a: Moltres|Moltres|95/100
|-terastallize|p2a: Great Tusk|Dark
|move|p2a: Great Tusk|Earthquake|p1a: Moltres
|-immune|p1a: Moltres
|
|-weather|none
|upkeep
|turn|10
|
|t:|1758366449
|-end|p2a: Great Tusk|Protosynthesis|[silent]
|switch|p2a: Goodra|Goodra-Hisui, F|94/100
|-damage|p2a: Goodra|88/100|[from] Stealth Rock
|-damage|p2a: Goodra|76/100|[from] Spikes
|move|p1a: Moltres|Will-O-Wisp|p2a: Goodra|[miss]
|-miss|p1a: Moltres|p2a: Goodra
|
|-end|p2a: Goodra|move: Future Sight
|-resisted|p2a: Goodra
|-damage|p2a: Goodra|65/100
|upkeep
|turn|11
|
|t:|1758366468
|move|p1a: Moltres|U-turn|p2a: Goodra
|-resisted|p2a: Goodra
|-damage|p2a: Goodra|60/100
|-ability|p2a: Goodra|Gooey
|-unboost|p1a: Moltres|spe|1
|
|t:|1758366473
|switch|p1a: Slowking|Slowking-Galar, M|73/100|[from] U-turn
|move|p2a: Goodra|Ice Beam|p1a: Slowking
|-damage|p1a: Slowking|59/100
|
|upkeep
|turn|12
|
|t:|1758366481
|move|p2a: Goodra|Earthquake|p1a: Slowking
|-supereffective|p1a: Slowking
|-damage|p1a: Slowking|7/100
|move|p1a: Slowking|Thunder Wave|p2a: Goodra
|-status|p2a: Goodra|par
|
|upkeep
|turn|13
|
|t:|1758366491
|switch|p1a: Rotom|Rotom-Wash|100/100
|move|p2a: Goodra|Ice Beam|p1a: Rotom
|-resisted|p1a: Rotom
|-damage|p1a: Rotom|87/100
|-status|p1a: Rotom|frz
|
|upkeep
|turn|14
|c|☆Coach Trainerman|Ah yes. Nice
|
|t:|1758366507
|switch|p2a: Dragapult|Dragapult, M|81/100
|-damage|p2a: Dragapult|69/100|[from] Stealth Rock
|-damage|p2a: Dragapult|56/100|[from] Spikes
|cant|p1a: Rotom|frz
|
|upkeep
|turn|15
|
|t:|1758366517
|cant|p1a: Rotom|frz
|move|p2a: Dragapult|Shadow Ball|p1a: Rotom
|-damage|p1a: Rotom|26/100 frz
|-unboost|p1a: Rotom|spd|1
|-damage|p2a: Dragapult|47/100|[from] item: Life Orb
|
|upkeep
|turn|16
|
|t:|1758366527
|switch|p1a: Ting-Lu|Ting-Lu|33/100
|-ability|p1a: Ting-Lu|Vessel of Ruin
|move|p2a: Dragapult|Shadow Ball|p1a: Ting-Lu
|-resisted|p1a: Ting-Lu
|-damage|p1a: Ting-Lu|18/100
|-damage|p2a: Dragapult|37/100|[from] item: Life Orb
|
|-heal|p1a: Ting-Lu|25/100|[from] item: Leftovers
|upkeep
|turn|17
|
|t:|1758366538
|move|p2a: Dragapult|U-turn|p1a: Ting-Lu
|-supereffective|p1a: Ting-Lu
|-damage|p1a: Ting-Lu|3/100
|-damage|p2a: Dragapult|27/100|[from] item: Life Orb
|
|t:|1758366551
|switch|p2a: Meowscarada|Meowscarada, M|100/100|[from] U-turn
|move|p1a: Ting-Lu|Spikes|p2a: Meowscarada
|-sidestart|p2: armaldojaleo|Spikes
|
|-heal|p1a: Ting-Lu|10/100|[from] item: Leftovers
|upkeep
|turn|18
|
|t:|1758366560
|move|p2a: Meowscarada|U-turn|p1a: Ting-Lu
|-start|p2a: Meowscarada|typechange|Bug|[from] ability: Protean
|-supereffective|p1a: Ting-Lu
|-damage|p1a: Ting-Lu|0 fnt
|faint|p1a: Ting-Lu
|
|t:|1758366567
|switch|p2a: Great Tusk|Great Tusk, tera:Dark|100/100|[from] U-turn
|
|upkeep
|
|t:|1758366577
|switch|p1a: Noivern|Noivern, M|100/100
|turn|19
|
|t:|1758366583
|-terastallize|p1a: Noivern|Normal
|move|p1a: Noivern|Boomburst|p2a: Great Tusk
|-damage|p2a: Great Tusk|0 fnt
|faint|p2a: Great Tusk
|-end|p2a: Great Tusk|Protosynthesis|[silent]
|
|upkeep
|
|t:|1758366612
|switch|p2a: Goodra|Goodra-Hisui, F|60/100 par
|-damage|p2a: Goodra|54/100 par|[from] Stealth Rock
|-damage|p2a: Goodra|38/100 par|[from] Spikes
|turn|20
|
|t:|1758366622
|move|p1a: Noivern|Boomburst|p2a: Goodra
|-resisted|p2a: Goodra
|-damage|p2a: Goodra|18/100 par
|move|p2a: Goodra|Flash Cannon|p1a: Noivern
|-damage|p1a: Noivern|59/100
|
|upkeep
|turn|21
|
|t:|1758366628
|move|p1a: Noivern|Boomburst|p2a: Goodra
|-resisted|p2a: Goodra
|-damage|p2a: Goodra|0 fnt
|faint|p2a: Goodra
|
|upkeep
|
|t:|1758366643
|switch|p2a: Primarina|Primarina, M|80/100
|-damage|p2a: Primarina|68/100|[from] Stealth Rock
|-damage|p2a: Primarina|51/100|[from] Spikes
|turn|22
|
|t:|1758366657
|switch|p1a: Slowking|Slowking-Galar, M|40/100
|move|p2a: Primarina|Psychic|p1a: Slowking
|-damage|p1a: Slowking|22/100
|
|upkeep
|turn|23
|
|t:|1758366668
|switch|p1a: Rotom|Rotom-Wash|26/100 frz
|move|p2a: Primarina|Hyper Voice|p1a: Rotom
|-resisted|p1a: Rotom
|-damage|p1a: Rotom|0 fnt
|faint|p1a: Rotom
|
|upkeep
|
|t:|1758366673
|switch|p1a: Slowking|Slowking-Galar, M|55/100
|turn|24
|
|t:|1758366683
|switch|p1a: Moltres|Moltres|95/100
|move|p2a: Primarina|Psychic|p1a: Moltres
|-damage|p1a: Moltres|61/100
|
|upkeep
|turn|25
|
|t:|1758366692
|switch|p1a: Slowking|Slowking-Galar, M|89/100
|move|p2a: Primarina|Psychic|p1a: Slowking
|-damage|p1a: Slowking|69/100
|
|upkeep
|turn|26
|
|t:|1758366700
|move|p2a: Primarina|Hyper Voice|p1a: Slowking
|-damage|p1a: Slowking|39/100
|move|p1a: Slowking|Sludge Bomb|p2a: Primarina
|-supereffective|p2a: Primarina
|-damage|p2a: Primarina|11/100
|
|upkeep
|turn|27
|
|t:|1758366707
|move|p2a: Primarina|Hyper Voice|p1a: Slowking
|-crit|p1a: Slowking
|-damage|p1a: Slowking|0 fnt
|faint|p1a: Slowking
|
|upkeep
|
|t:|1758366710
|switch|p1a: Noivern|Noivern, M, tera:Normal|59/100
|turn|28
|
|t:|1758366715
|move|p1a: Noivern|Boomburst|p2a: Primarina
|-damage|p2a: Primarina|0 fnt
|faint|p2a: Primarina
|
|upkeep
|
|t:|1758366722
|switch|p2a: Dragapult|Dragapult, M|27/100
|-damage|p2a: Dragapult|15/100|[from] Stealth Rock
|-damage|p2a: Dragapult|0 fnt|[from] Spikes
|faint|p2a: Dragapult
|
|t:|1758366731
|switch|p2a: Meowscarada|Meowscarada, M|100/100
|turn|29
|
|t:|1758366738
|switch|p1a: Moltres|Moltres|61/100
|move|p2a: Meowscarada|Knock Off|p1a: Moltres
|-start|p2a: Meowscarada|typechange|Dark|[from] ability: Protean
|-damage|p1a: Moltres|29/100
|-enditem|p1a: Moltres|Heavy-Duty Boots|[from] move: Knock Off|[of] p2a: Meowscarada
|
|upkeep
|turn|30
|
|t:|1758366758
|move|p2a: Meowscarada|U-turn|p1a: Moltres
|-resisted|p1a: Moltres
|-damage|p1a: Moltres|25/100
|
|t:|1758366761
|switch|p2a: Arcanine|Arcanine-Hisui, F|100/100|[from] U-turn
|-damage|p2a: Arcanine|76/100|[from] Stealth Rock
|-damage|p2a: Arcanine|59/100|[from] Spikes
|move|p1a: Moltres|Roost|p1a: Moltres
|-heal|p1a: Moltres|75/100
|-singleturn|p1a: Moltres|move: Roost
|
|upkeep
|turn|31
|
|t:|1758366776
|switch|p1a: Great Tusk|Great Tusk|100/100
|move|p2a: Arcanine|Wild Charge|p1a: Great Tusk
|-immune|p1a: Great Tusk
|
|upkeep
|turn|32
|
|t:|1758366783
|switch|p2a: Meowscarada|Meowscarada, M|100/100
|move|p1a: Great Tusk|Bulk Up|p1a: Great Tusk
|-boost|p1a: Great Tusk|atk|1
|-boost|p1a: Great Tusk|def|1
|
|upkeep
|turn|33
|
|t:|1758366791
|-end|p1a: Great Tusk|Protosynthesis|[silent]
|switch|p1a: Moltres|Moltres|75/100
|move|p2a: Meowscarada|Flower Trick|p1a: Moltres
|-start|p2a: Meowscarada|typechange|Grass|[from] ability: Protean
|-resisted|p1a: Moltres
|-crit|p1a: Moltres
|-damage|p1a: Moltres|68/100
|
|upkeep
|turn|34
|
|t:|1758366801
|switch|p2a: Arcanine|Arcanine-Hisui, F|59/100
|-damage|p2a: Arcanine|34/100|[from] Stealth Rock
|-damage|p2a: Arcanine|18/100|[from] Spikes
|move|p1a: Moltres|U-turn|p2a: Arcanine
|-resisted|p2a: Arcanine
|-damage|p2a: Arcanine|8/100
|
|t:|1758366808
|switch|p1a: Great Tusk|Great Tusk|100/100|[from] U-turn
|
|upkeep
|turn|35
|
|t:|1758366818
|move|p2a: Arcanine|Flare Blitz|p1a: Great Tusk
|-damage|p1a: Great Tusk|51/100
|move|p1a: Great Tusk|Rapid Spin|p2a: Arcanine
|-resisted|p2a: Arcanine
|-damage|p2a: Arcanine|0 fnt
|-boost|p1a: Great Tusk|spe|1
|faint|p2a: Arcanine
|
|upkeep
|
|t:|1758366827
|switch|p2a: Meowscarada|Meowscarada, M|100/100
|turn|36
|
|t:|1758366831
|move|p2a: Meowscarada|Play Rough|p1a: Great Tusk
|-start|p2a: Meowscarada|typechange|Fairy|[from] ability: Protean
|-supereffective|p1a: Great Tusk
|-damage|p1a: Great Tusk|0 fnt
|faint|p1a: Great Tusk
|-end|p1a: Great Tusk|Protosynthesis|[silent]
|
|upkeep
|
|t:|1758366835
|switch|p1a: Moltres|Moltres|68/100
|turn|37
|
|t:|1758366842
|move|p2a: Meowscarada|Play Rough|p1a: Moltres
|-resisted|p1a: Moltres
|-damage|p1a: Moltres|54/100
|-status|p2a: Meowscarada|brn|[from] ability: Flame Body|[of] p1a: Moltres
|move|p1a: Moltres|Will-O-Wisp|p2a: Meowscarada
|-fail|p2a: Meowscarada|brn
|
|-damage|p2a: Meowscarada|94/100 brn|[from] brn
|upkeep
|turn|38
|-message|armaldojaleo forfeited.
|
|win|Coach Trainerman
|raw|Coach Trainerman's rating: 1211 &rarr; <strong>1238</strong><br />(+27 for winning)
|raw|armaldojaleo's rating: 1238 &rarr; <strong>1211</strong><br />(-27 for losing)
|l|☆armaldojaleo
|player|p2|
|l|☆Coach Trainerman
|player|p1|
