|j|☆Nez4hal
|j|☆Elite4Azure
|t:|1758304565
|gametype|singles
|player|p1|Nez4hal|169|1128
|player|p2|Elite4Azure|falkner|1144
|gen|9
|tier|[Gen 9] OU
|rated|
|rule|HP Percentage Mod: HP is shown in percentages
|rule|Endless Battle Clause: Forcing endless battles is banned
|rule|Species Clause: Limit one of each Pokémon
|rule|OHKO Clause: OHKO moves are banned
|rule|Evasion Items Clause: Evasion items are banned
|rule|Evasion Moves Clause: Evasion moves are banned
|rule|Evasion Abilities Clause: Evasion abilities are banned
|rule|Sleep Moves Clause: Sleep-inducing moves are banned
|clearpoke
|poke|p1|Gliscor, M|
|poke|p1|Mimikyu, F|
|poke|p1|Grimmsnarl, M|
|poke|p1|Dragonite, F|
|poke|p1|Eelektross, M|
|poke|p1|Corviknight, F|
|poke|p2|Froslass, F|
|poke|p2|Garganacl, M|
|poke|p2|Scrafty, F|
|poke|p2|Bellibolt, M|
|poke|p2|Tsareena, F|
|poke|p2|Revavroom, M|
|teampreview
|
|t:|1758304570
|teamsize|p1|6
|teamsize|p2|6
|start
|switch|p1a: Grimmsnarl|Grimmsnarl, M, shiny|100/100
|switch|p2a: Tsareena|Tsareena, F|100/100
|turn|1
|
|t:|1758304586
|move|p2a: Tsareena|Rapid Spin|p1a: Grimmsnarl
|-damage|p1a: Grimmsnarl|84/100
|-boost|p2a: Tsareena|spe|1
|move|p1a: Grimmsnarl|Ice Punch|p2a: Tsareena
|-supereffective|p2a: Tsareena
|-damage|p2a: Tsareena|60/100
|-status|p2a: Tsareena|frz
|
|upkeep
|turn|2
|
|t:|1758304596
|cant|p2a: Tsareena|frz
|move|p1a: Grimmsnarl|Ice Punch|p2a: Tsareena
|-supereffective|p2a: Tsareena
|-damage|p2a: Tsareena|18/100 frz
|
|upkeep
|turn|3
|
|t:|1758304602
|cant|p2a: Tsareena|frz
|move|p1a: Grimmsnarl|Ice Punch|p2a: Tsareena
|-supereffective|p2a: Tsareena
|-damage|p2a: Tsareena|0 fnt
|faint|p2a: Tsareena
|
|upkeep
|
|t:|1758304606
|switch|p2a: Revavroom|Revavroom, M|100/100
|turn|4
|
|t:|1758304624
|move|p1a: Grimmsnarl|Thunder Wave|p2a: Revavroom|[miss]
|-miss|p1a: Grimmsnarl|p2a: Revavroom
|move|p2a: Revavroom|Shift Gear|p2a: Revavroom
|-boost|p2a: Revavroom|spe|2
|-boost|p2a: Revavroom|atk|1
|
|upkeep
|turn|5
|
|t:|1758304632
|move|p1a: Grimmsnarl|Thunder Wave|p2a: Revavroom
|-status|p2a: Revavroom|par
|cant|p2a: Revavroom|par
|
|upkeep
|turn|6
|
|t:|1758304638
|move|p1a: Grimmsnarl|Parting Shot|p2a: Revavroom
|-unboost|p2a: Revavroom|atk|1
|-unboost|p2a: Revavroom|spa|1
|
|t:|1758304643
|switch|p1a: Gliscor|Gliscor, M, shiny|100/100|[from] Parting Shot
|move|p2a: Revavroom|Shift Gear|p2a: Revavroom
|-boost|p2a: Revavroom|spe|2
|-boost|p2a: Revavroom|atk|1
|
|-status|p1a: Gliscor|tox|[from] item: Toxic Orb
|upkeep
|turn|7
|
|t:|1758304653
|move|p2a: Revavroom|Magnet Rise|p2a: Revavroom
|-start|p2a: Revavroom|Magnet Rise
|move|p1a: Gliscor|Earthquake|p2a: Revavroom
|-immune|p2a: Revavroom
|
|upkeep
|turn|8
|
|t:|1758304674
|move|p2a: Revavroom|Spin Out|p1a: Gliscor
|-damage|p1a: Gliscor|62/100 tox
|-unboost|p2a: Revavroom|spe|2
|move|p1a: Gliscor|Earthquake|p2a: Revavroom
|-immune|p2a: Revavroom
|
|-heal|p1a: Gliscor|75/100 tox|[from] ability: Poison Heal
|upkeep
|turn|9
|
|t:|1758304685
|move|p1a: Gliscor|U-turn|p2a: Revavroom
|-resisted|p2a: Revavroom
|-damage|p2a: Revavroom|97/100 par
|
|t:|1758304689
|switch|p1a: Corviknight|Corviknight, F|100/100|[from] U-turn
|-ability|p1a: Corviknight|Pressure
|cant|p2a: Revavroom|par
|
|-heal|p2a: Revavroom|100/100 par|[from] item: Black Sludge
|upkeep
|turn|10
|
|t:|1758304701
|move|p2a: Revavroom|Spin Out|p1a: Corviknight
|-resisted|p1a: Corviknight
|-damage|p1a: Corviknight|83/100
|-unboost|p2a: Revavroom|spe|2
|-damage|p2a: Revavroom|84/100 par|[from] item: Rocky Helmet|[of] p1a: Corviknight
|move|p1a: Corviknight|Iron Head|p2a: Revavroom
|-resisted|p2a: Revavroom
|-damage|p2a: Revavroom|72/100 par
|
|-heal|p2a: Revavroom|78/100 par|[from] item: Black Sludge
|upkeep
|turn|11
|
|t:|1758304713
|switch|p2a: Bellibolt|Bellibolt, M|100/100
|move|p1a: Corviknight|Iron Head|p2a: Bellibolt
|-resisted|p2a: Bellibolt
|-damage|p2a: Bellibolt|92/100
|-start|p2a: Bellibolt|Charge|Iron Head|[from] ability: Electromorphosis
|
|upkeep
|turn|12
|
|t:|1758304724
|switch|p1a: Gliscor|Gliscor, M, shiny|75/100 tox
|move|p2a: Bellibolt|Parabolic Charge|p1a: Gliscor
|-immune|p1a: Gliscor
|-end|p2a: Bellibolt|Charge|[silent]
|
|-heal|p1a: Gliscor|87/100 tox|[from] ability: Poison Heal
|upkeep
|turn|13
|
|t:|1758304732
|move|p1a: Gliscor|Earthquake|p2a: Bellibolt
|-supereffective|p2a: Bellibolt
|-damage|p2a: Bellibolt|45/100
|-start|p2a: Bellibolt|Charge|Earthquake|[from] ability: Electromorphosis
|move|p2a: Bellibolt|Soak|p1a: Gliscor
|-start|p1a: Gliscor|typechange|Water
|
|-heal|p1a: Gliscor|99/100 tox|[from] ability: Poison Heal
|upkeep
|turn|14
|
|t:|1758304751
|move|p1a: Gliscor|Earthquake|p2a: Bellibolt
|-supereffective|p2a: Bellibolt
|-damage|p2a: Bellibolt|13/100
|-start|p2a: Bellibolt|Charge|Earthquake|[from] ability: Electromorphosis
|move|p2a: Bellibolt|Parabolic Charge|p1a: Gliscor
|-supereffective|p1a: Gliscor
|-damage|p1a: Gliscor|0 fnt
|-heal|p2a: Bellibolt|62/100|[from] drain|[of] p1a: Gliscor
|faint|p1a: Gliscor
|-end|p2a: Bellibolt|Charge|[silent]
|
|upkeep
|
|t:|1758304771
|switch|p1a: Eelektross|Eelektross, M|100/100
|turn|15
|
|t:|1758304779
|move|p1a: Eelektross|Coil|p1a: Eelektross
|-boost|p1a: Eelektross|atk|1
|-boost|p1a: Eelektross|def|1
|-boost|p1a: Eelektross|accuracy|1
|move|p2a: Bellibolt|Soak|p1a: Eelektross
|-start|p1a: Eelektross|typechange|Water
|
|upkeep
|turn|16
|
|t:|1758304790
|move|p1a: Eelektross|Drain Punch|p2a: Bellibolt
|-damage|p2a: Bellibolt|36/100
|-start|p2a: Bellibolt|Charge|Drain Punch|[from] ability: Electromorphosis
|move|p2a: Bellibolt|Parabolic Charge|p1a: Eelektross
|-supereffective|p1a: Eelektross
|-damage|p1a: Eelektross|0 fnt
|-heal|p2a: Bellibolt|88/100|[from] drain|[of] p1a: Eelektross
|faint|p1a: Eelektross
|-end|p2a: Bellibolt|Charge|[silent]
|
|upkeep
|
|t:|1758304802
|switch|p1a: Dragonite|Dragonite, F|100/100
|turn|17
|
|t:|1758304806
|move|p1a: Dragonite|Dragon Dance|p1a: Dragonite
|-boost|p1a: Dragonite|atk|1
|-boost|p1a: Dragonite|spe|1
|move|p2a: Bellibolt|Acid Spray|p1a: Dragonite
|-damage|p1a: Dragonite|96/100
|-unboost|p1a: Dragonite|spd|2
|
|upkeep
|turn|18
|
|t:|1758304817
|move|p1a: Dragonite|Dragon Dance|p1a: Dragonite
|-boost|p1a: Dragonite|atk|1
|-boost|p1a: Dragonite|spe|1
|move|p2a: Bellibolt|Parabolic Charge|p1a: Dragonite
|-damage|p1a: Dragonite|38/100
|-heal|p2a: Bellibolt|100/100|[from] drain|[of] p1a: Dragonite
|
|upkeep
|turn|19
|
|t:|1758304827
|switch|p2a: Froslass|Froslass, F|100/100
|-terastallize|p1a: Dragonite|Dragon
|move|p1a: Dragonite|Scale Shot|p2a: Froslass
|-damage|p2a: Froslass|39/100
|-start|p1a: Dragonite|Disable|Scale Shot|[from] ability: Cursed Body|[of] p2a: Froslass
|-damage|p2a: Froslass|0 fnt
|faint|p2a: Froslass
|-hitcount|p2: Froslass|2
|-unboost|p1a: Dragonite|def|1
|-boost|p1a: Dragonite|spe|1
|
|upkeep
|
|t:|1758304832
|switch|p2a: Scrafty|Scrafty, F|100/100
|-ability|p2a: Scrafty|Intimidate|boost
|-unboost|p1a: Dragonite|atk|1
|turn|20
|
|t:|1758304852
|move|p2a: Scrafty|Fake Out|p1a: Dragonite
|-damage|p1a: Dragonite|18/100
|cant|p1a: Dragonite|flinch
|
|upkeep
|turn|21
|
|t:|1758304858
|move|p1a: Dragonite|Fire Punch|p2a: Scrafty
|-damage|p2a: Scrafty|61/100
|move|p2a: Scrafty|Knock Off|p1a: Dragonite
|-damage|p1a: Dragonite|0 fnt
|-enditem|p1a: Dragonite|Loaded Dice|[from] move: Knock Off|[of] p2a: Scrafty
|faint|p1a: Dragonite
|
|upkeep
|
|t:|1758304869
|switch|p1a: Mimikyu|Mimikyu, F|100/100
|turn|22
|
|t:|1758304880
|switch|p2a: Bellibolt|Bellibolt, M|100/100
|move|p1a: Mimikyu|Play Rough|p2a: Bellibolt
|-damage|p2a: Bellibolt|67/100
|-start|p2a: Bellibolt|Charge|Play Rough|[from] ability: Electromorphosis
|-damage|p1a: Mimikyu|91/100|[from] item: Life Orb
|
|upkeep
|turn|23
|
|t:|1758304891
|move|p1a: Mimikyu|Swords Dance|p1a: Mimikyu
|-boost|p1a: Mimikyu|atk|2
|move|p2a: Bellibolt|Acid Spray|p1a: Mimikyu
|-activate|p1a: Mimikyu|ability: Disguise
|-damage|p1a: Mimikyu|91/100
|-unboost|p1a: Mimikyu|spd|2
|detailschange|p1a: Mimikyu|Mimikyu-Busted, F
|-damage|p1a: Mimikyu|78/100|[from] pokemon: Mimikyu-Busted
|
|upkeep
|turn|24
|
|t:|1758304903
|move|p1a: Mimikyu|Shadow Claw|p2a: Bellibolt
|-damage|p2a: Bellibolt|14/100
|-start|p2a: Bellibolt|Charge|Shadow Claw|[from] ability: Electromorphosis
|-damage|p1a: Mimikyu|68/100|[from] item: Life Orb
|move|p2a: Bellibolt|Parabolic Charge|p1a: Mimikyu
|-damage|p1a: Mimikyu|0 fnt
|-heal|p2a: Bellibolt|38/100|[from] drain|[of] p1a: Mimikyu
|faint|p1a: Mimikyu
|-end|p2a: Bellibolt|Charge|[silent]
|
|upkeep
|-message|Nez4hal forfeited.
|
|win|Elite4Azure
|raw|Nez4hal's rating: 1128 &rarr; <strong>1104</strong><br />(-24 for losing)
|raw|Elite4Azure's rating: 1144 &rarr; <strong>1168</strong><br />(+24 for winning)
|l|☆Nez4hal
|player|p1|
|l|☆Elite4Azure
|player|p2|
