|j|☆lilaqueenofthe7k
|j|☆dogtemple
|t:|1758315951
|gametype|singles
|player|p1|lilaqueenofthe7k|elesa|1324
|player|p2|dogtemple|roxie|1358
|gen|9
|tier|[Gen 9] OU
|rated|
|rule|HP Percentage Mod: HP is shown in percentages
|rule|Endless Battle Clause: Forcing endless battles is banned
|rule|Species Clause: Limit one of each Pokémon
|rule|OHKO Clause: OHKO moves are banned
|rule|Evasion Items Clause: Evasion items are banned
|rule|Evasion Moves Clause: Evasion moves are banned
|rule|Evasion Abilities Clause: Evasion abilities are banned
|rule|Sleep Moves Clause: Sleep-inducing moves are banned
|clearpoke
|poke|p1|Torkoal, F|
|poke|p1|Walking Wake|
|poke|p1|Cinderace, F|
|poke|p1|Great Tusk|
|poke|p1|Hatterene, F|
|poke|p1|Rillaboom, F|
|poke|p2|Hawlucha, F|
|poke|p2|Froslass, F|
|poke|p2|Golem, F|
|poke|p2|Eelektross, F|
|poke|p2|Articuno-Galar|
|poke|p2|Gallade, M|
|teampreview
|inactive|Battle timer is ON: inactive players will automatically lose when time's up. (requested by dogtemple)
|
|t:|1758315957
|teamsize|p1|6
|teamsize|p2|6
|start
|switch|p1a: Torkoal|Torkoal, F|100/100
|switch|p2a: Froslass|Froslass, F|100/100
|-weather|SunnyDay|[from] ability: Drought|[of] p1a: Torkoal
|turn|1
|
|t:|1758315961
|move|p2a: Froslass|Spikes|p1a: Torkoal
|-sidestart|p1: lilaqueenofthe7k|Spikes
|move|p1a: Torkoal|Stealth Rock|p2a: Froslass
|-sidestart|p2: dogtemple|move: Stealth Rock
|
|-weather|SunnyDay|[upkeep]
|upkeep
|turn|2
|
|t:|1758315966
|move|p2a: Froslass|Spikes|p1a: Torkoal
|-sidestart|p1: lilaqueenofthe7k|Spikes
|move|p1a: Torkoal|Lava Plume|p2a: Froslass
|-supereffective|p2a: Froslass
|-enditem|p2a: Froslass|Focus Sash
|-damage|p2a: Froslass|1/100
|
|-weather|SunnyDay|[upkeep]
|upkeep
|turn|3
|
|t:|1758315977
|move|p2a: Froslass|Destiny Bond|p2a: Froslass
|-singlemove|p2a: Froslass|Destiny Bond
|move|p1a: Torkoal|Lava Plume|p2a: Froslass
|-supereffective|p2a: Froslass
|-damage|p2a: Froslass|0 fnt
|faint|p2a: Froslass
|-activate|p2a: Froslass|move: Destiny Bond
|faint|p1a: Torkoal
|
|-weather|SunnyDay|[upkeep]
|upkeep
|
|t:|1758315995
|switch|p2a: Gallade|Gallade, M|100/100
|switch|p1a: Walking Wake|Walking Wake|100/100
|-damage|p2a: Gallade|94/100|[from] Stealth Rock
|-damage|p1a: Walking Wake|84/100|[from] Spikes
|-activate|p1a: Walking Wake|ability: Protosynthesis
|-start|p1a: Walking Wake|protosynthesisspe
|turn|4
|
|t:|1758316003
|move|p1a: Walking Wake|Hydro Steam|p2a: Gallade
|-damage|p2a: Gallade|0 fnt
|faint|p2a: Gallade
|
|-weather|SunnyDay|[upkeep]
|upkeep
|
|t:|1758316019
|switch|p2a: Eelektross|Eelektross, F|100/100
|-damage|p2a: Eelektross|88/100|[from] Stealth Rock
|turn|5
|
|t:|1758316024
|move|p1a: Walking Wake|Hydro Steam|p2a: Eelektross
|-damage|p2a: Eelektross|3/100
|move|p2a: Eelektross|Supercell Slam|p1a: Walking Wake|[miss]
|-miss|p2a: Eelektross|p1a: Walking Wake
|-damage|p2a: Eelektross|0 fnt|[from] supercellslam
|faint|p2a: Eelektross
|
|-weather|SunnyDay|[upkeep]
|upkeep
|
|t:|1758316038
|switch|p2a: Golem|Golem, F|100/100
|-damage|p2a: Golem|94/100|[from] Stealth Rock
|turn|6
|
|t:|1758316043
|-terastallize|p2a: Golem|Normal
|move|p1a: Walking Wake|Hydro Steam|p2a: Golem
|-damage|p2a: Golem|0 fnt
|faint|p2a: Golem
|
|-weather|SunnyDay|[upkeep]
|upkeep
|-message|dogtemple forfeited.
|
|win|lilaqueenofthe7k
|raw|lilaqueenofthe7k's rating: 1324 &rarr; <strong>1346</strong><br />(+22 for winning)
|raw|dogtemple's rating: 1358 &rarr; <strong>1336</strong><br />(-22 for losing)
|l|☆dogtemple
|player|p2|
