|j|☆Torontotalonflames
|j|☆Just Icicle
|t:|1758319634
|gametype|singles
|player|p1|Torontotalonflames|cynthia-gen4|1491
|player|p2|Just Icicle|wattson|1538
|gen|9
|tier|[Gen 9] OU
|rated|
|rule|HP Percentage Mod: HP is shown in percentages
|rule|Endless Battle Clause: Forcing endless battles is banned
|rule|Species Clause: Limit one of each Pokémon
|rule|OHKO Clause: OHKO moves are banned
|rule|Evasion Items Clause: Evasion items are banned
|rule|Evasion Moves Clause: Evasion moves are banned
|rule|Evasion Abilities Clause: Evasion abilities are banned
|rule|Sleep Moves Clause: Sleep-inducing moves are banned
|clearpoke
|poke|p1|Dragapult, M|
|poke|p1|Serperior, M|
|poke|p1|Moltres|
|poke|p1|Samurott-Hisui, F|
|poke|p1|Iron Treads|
|poke|p1|Garganacl, F|
|poke|p2|Torterra, F|
|poke|p2|Ninetales-Alola, F|
|poke|p2|Hatterene, F|
|poke|p2|Samurott-Hisui, F|
|poke|p2|Zapdos-Galar|
|poke|p2|Iron Treads|
|teampreview
|inactive|Battle timer is ON: inactive players will automatically lose when time's up. (requested by Torontotalonflames)
|
|t:|1758319646
|teamsize|p1|6
|teamsize|p2|6
|start
|switch|p1a: Iron Treads|Iron Treads|100/100
|switch|p2a: Ninetales|Ninetales-Alola, F|100/100
|-weather|Snowscape|[from] ability: Snow Warning|[of] p2a: Ninetales
|turn|1
|
|t:|1758319668
|move|p2a: Ninetales|Aurora Veil|p2a: Ninetales
|-sidestart|p2: Just Icicle|move: Aurora Veil
|move|p1a: Iron Treads|Rapid Spin|p2a: Ninetales
|-damage|p2a: Ninetales|95/100
|-boost|p1a: Iron Treads|spe|1
|
|-weather|Snowscape|[upkeep]
|upkeep
|turn|2
|
|t:|1758319674
|switch|p2a: Torterra|Torterra, F|100/100
|move|p1a: Iron Treads|Knock Off|p2a: Torterra
|-damage|p2a: Torterra|87/100
|-enditem|p2a: Torterra|Loaded Dice|[from] move: Knock Off|[of] p1a: Iron Treads
|
|-weather|Snowscape|[upkeep]
|upkeep
|turn|3
|inactive|Torontotalonflames has 120 seconds left.
|
|t:|1758319700
|-end|p1a: Iron Treads|Quark Drive|[silent]
|switch|p1a: Moltres|Moltres|100/100
|move|p2a: Torterra|Shell Smash|p2a: Torterra
|-unboost|p2a: Torterra|def|1
|-unboost|p2a: Torterra|spd|1
|-boost|p2a: Torterra|atk|2
|-boost|p2a: Torterra|spa|2
|-boost|p2a: Torterra|spe|2
|
|-weather|Snowscape|[upkeep]
|upkeep
|turn|4
|
|t:|1758319710
|move|p2a: Torterra|Rock Blast|p1a: Moltres
|-supereffective|p1a: Moltres
|-damage|p1a: Moltres|38/100
|-supereffective|p1a: Moltres
|-damage|p1a: Moltres|0 fnt
|faint|p1a: Moltres
|-hitcount|p1: Moltres|2
|
|-weather|Snowscape|[upkeep]
|upkeep
|
|t:|1758319712
|switch|p1a: Serperior|Serperior, M|100/100
|turn|5
|
|t:|1758319724
|move|p2a: Torterra|Rock Blast|p1a: Serperior
|-damage|p1a: Serperior|85/100
|-damage|p1a: Serperior|69/100
|-damage|p1a: Serperior|51/100
|-damage|p1a: Serperior|34/100
|-hitcount|p1a: Serperior|4
|move|p1a: Serperior|Glare|p2a: Torterra
|-status|p2a: Torterra|par
|
|-weather|none
|-heal|p1a: Serperior|41/100|[from] item: Leftovers
|upkeep
|turn|6
|
|t:|1758319728
|move|p1a: Serperior|Leaf Storm|p2a: Torterra
|-damage|p2a: Torterra|56/100 par
|-boost|p1a: Serperior|spa|2
|move|p2a: Torterra|Headlong Rush|p1a: Serperior
|-resisted|p1a: Serperior
|-damage|p1a: Serperior|0 fnt
|-unboost|p2a: Torterra|def|1
|-unboost|p2a: Torterra|spd|1
|faint|p1a: Serperior
|
|upkeep
|
|t:|1758319736
|switch|p1a: Dragapult|Dragapult, M|100/100
|turn|7
|
|t:|1758319739
|move|p1a: Dragapult|Fire Blast|p2a: Torterra
|-supereffective|p2a: Torterra
|-damage|p2a: Torterra|0 fnt
|faint|p2a: Torterra
|
|upkeep
|
|t:|1758319744
|switch|p2a: Samurott|Samurott-Hisui, F|100/100
|turn|8
|
|t:|1758319748
|switch|p1a: Samurott|Samurott-Hisui, F|100/100
|move|p2a: Samurott|Ceaseless Edge|p1a: Samurott
|-resisted|p1a: Samurott
|-damage|p1a: Samurott|76/100
|-sidestart|p1: Torontotalonflames|Spikes
|
|-sideend|p2: Just Icicle|move: Aurora Veil
|upkeep
|turn|9
|
|t:|1758319752
|switch|p2a: Ninetales|Ninetales-Alola, F|95/100
|-weather|Snowscape|[from] ability: Snow Warning|[of] p2a: Ninetales
|move|p1a: Samurott|Sacred Sword|p2a: Ninetales
|-damage|p2a: Ninetales|61/100
|
|-weather|Snowscape|[upkeep]
|upkeep
|turn|10
|
|t:|1758319758
|move|p2a: Ninetales|Aurora Veil|p2a: Ninetales
|-sidestart|p2: Just Icicle|move: Aurora Veil
|move|p1a: Samurott|Ceaseless Edge|p2a: Ninetales|[miss]
|-miss|p1a: Samurott|p2a: Ninetales
|
|-weather|Snowscape|[upkeep]
|upkeep
|turn|11
|
|t:|1758319763
|switch|p2a: Zapdos|Zapdos-Galar|100/100
|move|p1a: Samurott|Ceaseless Edge|p2a: Zapdos|[miss]
|-miss|p1a: Samurott|p2a: Zapdos
|
|-weather|Snowscape|[upkeep]
|upkeep
|turn|12
|
|t:|1758319771
|move|p2a: Zapdos|Substitute|p2a: Zapdos
|-start|p2a: Zapdos|Substitute
|-damage|p2a: Zapdos|75/100
|move|p1a: Samurott|Razor Shell|p2a: Zapdos
|-end|p2a: Zapdos|Substitute
|
|-weather|Snowscape|[upkeep]
|-heal|p2a: Zapdos|82/100|[from] item: Leftovers
|upkeep
|turn|13
|
|t:|1758319775
|switch|p1a: Dragapult|Dragapult, M|100/100
|-damage|p1a: Dragapult|88/100|[from] Spikes
|move|p2a: Zapdos|Bulk Up|p2a: Zapdos
|-boost|p2a: Zapdos|atk|1
|-boost|p2a: Zapdos|def|1
|
|-weather|none
|-heal|p2a: Zapdos|88/100|[from] item: Leftovers
|upkeep
|turn|14
|
|t:|1758319780
|move|p1a: Dragapult|Draco Meteor|p2a: Zapdos
|-damage|p2a: Zapdos|25/100
|-unboost|p1a: Dragapult|spa|2
|move|p2a: Zapdos|Brave Bird|p1a: Dragapult
|-damage|p1a: Dragapult|0 fnt
|faint|p1a: Dragapult
|-damage|p2a: Zapdos|1/100|[from] Recoil
|
|-heal|p2a: Zapdos|8/100|[from] item: Leftovers
|upkeep
|
|t:|1758319787
|switch|p1a: Iron Treads|Iron Treads|100/100
|-damage|p1a: Iron Treads|88/100|[from] Spikes
|turn|15
|
|t:|1758319790
|move|p1a: Iron Treads|Volt Switch|p2a: Zapdos
|-supereffective|p2a: Zapdos
|-damage|p2a: Zapdos|0 fnt
|faint|p2a: Zapdos
|
|t:|1758319797
|-end|p1a: Iron Treads|Quark Drive|[silent]
|switch|p1a: Garganacl|Garganacl, F|100/100|[from] Volt Switch
|-damage|p1a: Garganacl|88/100|[from] Spikes
|
|-heal|p1a: Garganacl|94/100|[from] item: Leftovers
|upkeep
|
|t:|1758319800
|switch|p2a: Samurott|Samurott-Hisui, F|100/100
|turn|16
|
|t:|1758319804
|-terastallize|p1a: Garganacl|Water
|move|p2a: Samurott|Swords Dance|p2a: Samurott
|-boost|p2a: Samurott|atk|2
|move|p1a: Garganacl|Curse|p1a: Garganacl
|-unboost|p1a: Garganacl|spe|1
|-boost|p1a: Garganacl|atk|1
|-boost|p1a: Garganacl|def|1
|
|-heal|p1a: Garganacl|100/100|[from] item: Leftovers
|upkeep
|turn|17
|
|t:|1758319810
|move|p2a: Samurott|Ceaseless Edge|p1a: Garganacl
|-damage|p1a: Garganacl|65/100
|-sidestart|p1: Torontotalonflames|Spikes
|move|p1a: Garganacl|Salt Cure|p2a: Samurott
|-damage|p2a: Samurott|87/100
|-start|p2a: Samurott|Salt Cure
|
|-heal|p1a: Garganacl|71/100|[from] item: Leftovers
|-damage|p2a: Samurott|62/100|[from] Salt Cure
|-sideend|p2: Just Icicle|move: Aurora Veil
|upkeep
|turn|18
|
|t:|1758319814
|move|p2a: Samurott|Knock Off|p1a: Garganacl
|-damage|p1a: Garganacl|36/100
|-enditem|p1a: Garganacl|Leftovers|[from] move: Knock Off|[of] p2a: Samurott
|move|p1a: Garganacl|Recover|p1a: Garganacl
|-heal|p1a: Garganacl|86/100
|
|-damage|p2a: Samurott|38/100|[from] Salt Cure
|upkeep
|turn|19
|
|t:|1758319819
|move|p2a: Samurott|Ceaseless Edge|p1a: Garganacl
|-damage|p1a: Garganacl|51/100
|-sidestart|p1: Torontotalonflames|Spikes
|move|p1a: Garganacl|Curse|p1a: Garganacl
|-unboost|p1a: Garganacl|spe|1
|-boost|p1a: Garganacl|atk|1
|-boost|p1a: Garganacl|def|1
|
|-damage|p2a: Samurott|13/100|[from] Salt Cure
|upkeep
|turn|20
|
|t:|1758319822
|switch|p2a: Ninetales|Ninetales-Alola, F|61/100
|-weather|Snowscape|[from] ability: Snow Warning|[of] p2a: Ninetales
|move|p1a: Garganacl|Recover|p1a: Garganacl
|-heal|p1a: Garganacl|100/100
|
|-weather|Snowscape|[upkeep]
|upkeep
|turn|21
|
|t:|1758319824
|switch|p1a: Iron Treads|Iron Treads|88/100
|-damage|p1a: Iron Treads|63/100|[from] Spikes
|move|p2a: Ninetales|Encore||[still]
|-fail|p2a: Ninetales
|
|-weather|Snowscape|[upkeep]
|upkeep
|turn|22
|
|t:|1758319830
|-terastallize|p2a: Ninetales|Ghost
|move|p2a: Ninetales|Freeze-Dry|p1a: Iron Treads
|-damage|p1a: Iron Treads|48/100
|-status|p1a: Iron Treads|frz
|-curestatus|p1a: Iron Treads|frz|[msg]
|move|p1a: Iron Treads|Rapid Spin|p2a: Ninetales
|-immune|p2a: Ninetales
|
|-weather|Snowscape|[upkeep]
|upkeep
|turn|23
|
|t:|1758319835
|switch|p2a: Hatterene|Hatterene, F|100/100
|move|p1a: Iron Treads|Knock Off|p2a: Hatterene
|-damage|p2a: Hatterene|70/100
|-enditem|p2a: Hatterene|Leftovers|[from] move: Knock Off|[of] p1a: Iron Treads
|
|-weather|Snowscape|[upkeep]
|upkeep
|turn|24
|
|t:|1758319838
|move|p1a: Iron Treads|Rapid Spin|p2a: Hatterene
|-damage|p2a: Hatterene|54/100
|-boost|p1a: Iron Treads|spe|1
|-sideend|p1: Torontotalonflames|Spikes|[from] move: Rapid Spin|[of] p1a: Iron Treads
|move|p2a: Hatterene|Mystical Fire|p1a: Iron Treads
|-supereffective|p1a: Iron Treads
|-damage|p1a: Iron Treads|6/100
|-unboost|p1a: Iron Treads|spa|1
|
|-weather|none
|upkeep
|turn|25
|
|t:|1758319843
|move|p1a: Iron Treads|Earthquake|p2a: Hatterene
|-damage|p2a: Hatterene|1/100
|move|p2a: Hatterene|Draining Kiss|p1a: Iron Treads
|-resisted|p1a: Iron Treads
|-damage|p1a: Iron Treads|0 fnt
|-heal|p2a: Hatterene|5/100|[from] drain|[of] p1a: Iron Treads
|faint|p1a: Iron Treads
|-end|p1a: Iron Treads|Quark Drive|[silent]
|
|upkeep
|
|t:|1758319845
|switch|p1a: Samurott|Samurott-Hisui, F|76/100
|turn|26
|
|t:|1758319847
|move|p1a: Samurott|Ceaseless Edge|p2a: Hatterene
|-crit|p2a: Hatterene
|-damage|p2a: Hatterene|0 fnt
|-sidestart|p2: Just Icicle|Spikes
|faint|p2a: Hatterene
|
|upkeep
|-message|Just Icicle forfeited.
|
|win|Torontotalonflames
|raw|Torontotalonflames's rating: 1491 &rarr; <strong>1514</strong><br />(+23 for winning)
|raw|Just Icicle's rating: 1538 &rarr; <strong>1515</strong><br />(-23 for losing)
|l|☆Just Icicle
|player|p2|
|l|☆Torontotalonflames
|player|p1|
