|j|☆mudhafg3
|j|☆alkharafi
|t:|1758281158
|gametype|singles
|player|p1|mudhafg3|266|
|player|p2|alkharafi|265|
|gen|9
|tier|[Gen 9] OU
|rule|HP Percentage Mod: HP is shown in percentages
|rule|Endless Battle Clause: Forcing endless battles is banned
|rule|Species Clause: Limit one of each Pokémon
|rule|OHKO Clause: OHKO moves are banned
|rule|Evasion Items Clause: Evasion items are banned
|rule|Evasion Moves Clause: Evasion moves are banned
|rule|Evasion Abilities Clause: Evasion abilities are banned
|rule|Sleep Moves Clause: Sleep-inducing moves are banned
|clearpoke
|poke|p1|Scizor, M|
|poke|p1|Araquanid, F|
|poke|p1|Slither Wing|
|poke|p1|Lokix, M|
|poke|p1|Scyther, M|
|poke|p1|Kleavor, M|
|poke|p2|Great Tusk|
|poke|p2|Golem, F|
|poke|p2|Gliscor, M|
|poke|p2|Garchomp, M|
|poke|p2|Ting-Lu|
|poke|p2|Landorus-Therian, M|
|teampreview
|
|t:|1758281188
|teamsize|p1|6
|teamsize|p2|6
|start
|switch|p1a: Gardian of alola|Araquanid, F|100/100
|switch|p2a: Wooly mammoth|Great Tusk|100/100
|turn|1
|inactive|Battle timer is ON: inactive players will automatically lose when time's up. (requested by mudhafg3)
|
|t:|1758281206
|move|p2a: Wooly mammoth|Close Combat|p1a: Gardian of alola
|-resisted|p1a: Gardian of alola
|-damage|p1a: Gardian of alola|72/100
|-unboost|p2a: Wooly mammoth|def|1
|-unboost|p2a: Wooly mammoth|spd|1
|move|p1a: Gardian of alola|Liquidation|p2a: Wooly mammoth
|-supereffective|p2a: Wooly mammoth
|-damage|p2a: Wooly mammoth|9/100
|
|-heal|p2a: Wooly mammoth|16/100|[from] item: Leftovers
|upkeep
|turn|2
|
|t:|1758281218
|move|p2a: Wooly mammoth|Protect|p2a: Wooly mammoth
|-singleturn|p2a: Wooly mammoth|Protect
|move|p1a: Gardian of alola|Leech Life|p2a: Wooly mammoth
|-activate|p2a: Wooly mammoth|move: Protect
|
|-heal|p2a: Wooly mammoth|22/100|[from] item: Leftovers
|upkeep
|turn|3
|
|t:|1758281228
|move|p2a: Wooly mammoth|Earthquake|p1a: Gardian of alola
|-resisted|p1a: Gardian of alola
|-damage|p1a: Gardian of alola|50/100
|move|p1a: Gardian of alola|Leech Life|p2a: Wooly mammoth
|-resisted|p2a: Wooly mammoth
|-damage|p2a: Wooly mammoth|11/100
|-heal|p1a: Gardian of alola|56/100|[from] drain|[of] p2a: Wooly mammoth
|
|-heal|p2a: Wooly mammoth|17/100|[from] item: Leftovers
|upkeep
|turn|4
|
|t:|1758281239
|move|p2a: Wooly mammoth|Close Combat|p1a: Gardian of alola
|-resisted|p1a: Gardian of alola
|-damage|p1a: Gardian of alola|27/100
|-unboost|p2a: Wooly mammoth|def|1
|-unboost|p2a: Wooly mammoth|spd|1
|move|p1a: Gardian of alola|Liquidation|p2a: Wooly mammoth
|-supereffective|p2a: Wooly mammoth
|-damage|p2a: Wooly mammoth|0 fnt
|faint|p2a: Wooly mammoth
|-end|p2a: Wooly mammoth|Protosynthesis|[silent]
|
|upkeep
|
|t:|1758281252
|switch|p2a: TIGER|Landorus-Therian, M|100/100
|-ability|p2a: TIGER|Intimidate|boost
|-unboost|p1a: Gardian of alola|atk|1
|turn|5
|
|t:|1758281259
|move|p2a: TIGER|Outrage|p1a: Gardian of alola
|-damage|p1a: Gardian of alola|0 fnt
|faint|p1a: Gardian of alola
|
|upkeep
|
|t:|1758281267
|switch|p1a: Slither Wing|Slither Wing|100/100
|-enditem|p1a: Slither Wing|Booster Energy
|-activate|p1a: Slither Wing|ability: Protosynthesis|[fromitem]
|-start|p1a: Slither Wing|protosynthesisatk
|turn|6
|
|t:|1758281274
|-terastallize|p1a: Slither Wing|Bug
|move|p1a: Slither Wing|First Impression|p2a: TIGER
|-resisted|p2a: TIGER
|-damage|p2a: TIGER|50/100
|move|p2a: TIGER|Outrage|p1a: Slither Wing|[from] lockedmove
|-damage|p1a: Slither Wing|59/100
|
|-heal|p2a: TIGER|56/100|[from] item: Leftovers
|upkeep
|turn|7
|
|t:|1758281293
|move|p2a: TIGER|Outrage|p1a: Slither Wing|[from] lockedmove
|-damage|p1a: Slither Wing|22/100
|-start|p2a: TIGER|confusion|[fatigue]
|move|p1a: Slither Wing|Body Press|p2a: TIGER
|-resisted|p2a: TIGER
|-damage|p2a: TIGER|37/100
|
|-heal|p2a: TIGER|43/100|[from] item: Leftovers
|upkeep
|turn|8
|
|t:|1758281308
|-activate|p2a: TIGER|confusion
|move|p2a: TIGER|Earthquake|p1a: Slither Wing
|-resisted|p1a: Slither Wing
|-damage|p1a: Slither Wing|0 fnt
|faint|p1a: Slither Wing
|-end|p1a: Slither Wing|Protosynthesis|[silent]
|
|-heal|p2a: TIGER|49/100|[from] item: Leftovers
|upkeep
|
|t:|1758281313
|switch|p1a: Goat|Lokix, M|100/100
|turn|9
|
|t:|1758281319
|-activate|p2a: TIGER|confusion
|-damage|p2a: TIGER|33/100|[from] confusion
|move|p1a: Goat|Axe Kick|p2a: TIGER|[miss]
|-miss|p1a: Goat|p2a: TIGER
|-damage|p1a: Goat|51/100|[from] highjumpkick
|
|-heal|p2a: TIGER|39/100|[from] item: Leftovers
|upkeep
|turn|10
|
|t:|1758281328
|move|p1a: Goat|Protect|p1a: Goat
|-singleturn|p1a: Goat|Protect
|-activate|p2a: TIGER|confusion
|move|p2a: TIGER|Protect||[still]
|-fail|p2a: TIGER
|
|-heal|p2a: TIGER|45/100|[from] item: Leftovers
|upkeep
|turn|11
|
|t:|1758281340
|-end|p2a: TIGER|confusion
|move|p2a: TIGER|Protect|p2a: TIGER
|-singleturn|p2a: TIGER|Protect
|move|p1a: Goat|Axe Kick|p2a: TIGER
|-activate|p2a: TIGER|move: Protect
|-damage|p1a: Goat|1/100|[from] highjumpkick
|
|-heal|p2a: TIGER|51/100|[from] item: Leftovers
|upkeep
|turn|12
|inactive|alkharafi has 270 seconds left.
|
|t:|1758281371
|move|p1a: Goat|Axe Kick|p2a: TIGER
|-resisted|p2a: TIGER
|-damage|p2a: TIGER|25/100
|-damage|p1a: Goat|0 fnt|[from] item: Life Orb
|faint|p1a: Goat
|move|p2a: TIGER|Earthquake|p1: Goat|[notarget]
|-fail|p2a: TIGER
|
|-heal|p2a: TIGER|31/100|[from] item: Leftovers
|upkeep
|
|t:|1758281381
|switch|p1a: Red|Scizor, M|100/100
|turn|13
|
|t:|1758281390
|move|p2a: TIGER|Outrage|p1a: Red
|-resisted|p1a: Red
|-damage|p1a: Red|82/100
|move|p1a: Red|Wing Attack|p2a: TIGER
|-damage|p2a: TIGER|0 fnt
|faint|p2a: TIGER
|-damage|p1a: Red|72/100|[from] item: Life Orb
|
|upkeep
|inactive|alkharafi has 270 seconds left.
|
|t:|1758281414
|switch|p2a: Flying crab|Gliscor, M, shiny|100/100
|turn|14
|inactive|alkharafi has 270 seconds left.
|
|t:|1758281426
|move|p2a: Flying crab|Protect|p2a: Flying crab
|-singleturn|p2a: Flying crab|Protect
|move|p1a: Red|Lunge|p2a: Flying crab
|-activate|p2a: Flying crab|move: Protect
|
|upkeep
|turn|15
|
|t:|1758281434
|move|p2a: Flying crab|Spikes|p1a: Red
|-sidestart|p1: mudhafg3|Spikes
|move|p1a: Red|Lunge|p2a: Flying crab
|-resisted|p2a: Flying crab
|-damage|p2a: Flying crab|77/100
|-unboost|p2a: Flying crab|atk|1
|-damage|p1a: Red|62/100|[from] item: Life Orb
|
|-heal|p2a: Flying crab|83/100|[from] item: Leftovers
|upkeep
|turn|16
|inactive|alkharafi has 270 seconds left.
|
|t:|1758281460
|move|p2a: Flying crab|Spikes|p1a: Red
|-sidestart|p1: mudhafg3|Spikes
|move|p1a: Red|Iron Head|p2a: Flying crab
|-damage|p2a: Flying crab|36/100
|-damage|p1a: Red|53/100|[from] item: Life Orb
|
|-heal|p2a: Flying crab|42/100|[from] item: Leftovers
|upkeep
|turn|17
|
|t:|1758281469
|move|p2a: Flying crab|Protect|p2a: Flying crab
|-singleturn|p2a: Flying crab|Protect
|move|p1a: Red|Iron Head|p2a: Flying crab
|-activate|p2a: Flying crab|move: Protect
|
|-heal|p2a: Flying crab|48/100|[from] item: Leftovers
|upkeep
|turn|18
|inactive|alkharafi has 270 seconds left.
|
|t:|1758281479
|move|p2a: Flying crab|Earth Power|p1a: Red
|-damage|p1a: Red|23/100
|move|p1a: Red|Iron Head|p2a: Flying crab
|-damage|p2a: Flying crab|2/100
|-damage|p1a: Red|13/100|[from] item: Life Orb
|
|-heal|p2a: Flying crab|8/100|[from] item: Leftovers
|upkeep
|turn|19
|inactive|alkharafi has 270 seconds left.
|
|t:|1758281492
|move|p1a: Red|Bullet Punch|p2a: Flying crab
|-damage|p2a: Flying crab|0 fnt
|faint|p2a: Flying crab
|-damage|p1a: Red|3/100|[from] item: Life Orb
|
|upkeep
|
|t:|1758281503
|switch|p2a: Dwane johnson|Golem, F|100/100
|turn|20
|
|t:|1758281512
|move|p2a: Dwane johnson|Protect|p2a: Dwane johnson
|-singleturn|p2a: Dwane johnson|Protect
|move|p1a: Red|Iron Head|p2a: Dwane johnson
|-activate|p2a: Dwane johnson|move: Protect
|
|upkeep
|turn|21
|inactive|alkharafi has 270 seconds left.
|
|t:|1758281522
|switch|p2a: Blue dragon|Garchomp, M, shiny|100/100
|move|p1a: Red|Iron Head|p2a: Blue dragon
|-damage|p2a: Blue dragon|47/100
|-damage|p1a: Red|0 fnt|[from] ability: Rough Skin|[of] p2a: Blue dragon
|faint|p1a: Red
|
|-heal|p2a: Blue dragon|53/100|[from] item: Leftovers
|upkeep
|
|t:|1758281537
|switch|p1a: Old Cut|Kleavor, M|100/100
|-damage|p1a: Old Cut|84/100|[from] Spikes
|turn|22
|inactive|alkharafi has 270 seconds left.
|
|t:|1758281551
|move|p2a: Blue dragon|Protect|p2a: Blue dragon
|-singleturn|p2a: Blue dragon|Protect
|move|p1a: Old Cut|Rock Blast|p2a: Blue dragon
|-activate|p2a: Blue dragon|move: Protect
|
|-heal|p2a: Blue dragon|59/100|[from] item: Leftovers
|upkeep
|turn|23
|
|t:|1758281559
|-terastallize|p2a: Blue dragon|Dragon
|move|p2a: Blue dragon|Draco Meteor|p1a: Old Cut
|-damage|p1a: Old Cut|0 fnt
|-unboost|p2a: Blue dragon|spa|2
|faint|p1a: Old Cut
|
|-heal|p2a: Blue dragon|65/100|[from] item: Leftovers
|upkeep
|
|t:|1758281564
|switch|p1a: Cut|Scyther, M|100/100
|turn|24
|
|t:|1758281572
|move|p2a: Blue dragon|Protect|p2a: Blue dragon
|-singleturn|p2a: Blue dragon|Protect
|move|p1a: Cut|Acrobatics|p2a: Blue dragon
|-activate|p2a: Blue dragon|move: Protect
|
|-heal|p2a: Blue dragon|71/100|[from] item: Leftovers
|upkeep
|turn|25
|
|t:|1758281587
|move|p1a: Cut|Acrobatics|p2a: Blue dragon
|-damage|p2a: Blue dragon|22/100
|-damage|p1a: Cut|88/100|[from] ability: Rough Skin|[of] p2a: Blue dragon
|move|p2a: Blue dragon|Swords Dance|p2a: Blue dragon
|-boost|p2a: Blue dragon|atk|2
|
|-heal|p2a: Blue dragon|28/100|[from] item: Leftovers
|upkeep
|turn|26
|
|t:|1758281599
|move|p1a: Cut|Acrobatics|p2a: Blue dragon
|-damage|p2a: Blue dragon|0 fnt
|-damage|p1a: Cut|76/100|[from] ability: Rough Skin|[of] p2a: Blue dragon
|faint|p2a: Blue dragon
|
|upkeep
|
|t:|1758281606
|switch|p2a: Dwane johnson|Golem, F|100/100
|turn|27
|
|t:|1758281613
|move|p1a: Cut|Lunge|p2a: Dwane johnson
|-damage|p2a: Dwane johnson|68/100
|-unboost|p2a: Dwane johnson|atk|1
|move|p2a: Dwane johnson|Earth Power|p1a: Cut
|-immune|p1a: Cut
|
|upkeep
|turn|28
|
|t:|1758281622
|switch|p2a: Ching chong|Ting-Lu, shiny|100/100
|-ability|p2a: Ching chong|Vessel of Ruin
|move|p1a: Cut|Lunge|p2a: Ching chong
|-supereffective|p2a: Ching chong
|-damage|p2a: Ching chong|54/100
|-unboost|p2a: Ching chong|atk|1
|
|upkeep
|turn|29
|
|t:|1758281633
|move|p1a: Cut|Acrobatics|p2a: Ching chong
|-damage|p2a: Ching chong|24/100
|move|p2a: Ching chong|Tera Blast|p1a: Cut
|-damage|p1a: Cut|43/100
|
|upkeep
|turn|30
|
|t:|1758281647
|move|p1a: Cut|Lunge|p2a: Ching chong
|-supereffective|p2a: Ching chong
|-damage|p2a: Ching chong|0 fnt
|faint|p2a: Ching chong
|
|upkeep
|
|t:|1758281652
|switch|p2a: Dwane johnson|Golem, F|68/100
|turn|31
|
|t:|1758281659
|move|p1a: Cut|Lunge|p2a: Dwane johnson
|-crit|p2a: Dwane johnson
|-damage|p2a: Dwane johnson|13/100
|-unboost|p2a: Dwane johnson|atk|1
|move|p2a: Dwane johnson|Tera Blast|p1a: Cut
|-crit|p1a: Cut
|-damage|p1a: Cut|7/100
|
|upkeep
|turn|32
|
|t:|1758281668
|move|p1a: Cut|Lunge|p2a: Dwane johnson
|-damage|p2a: Dwane johnson|0 fnt
|faint|p2a: Dwane johnson
|
|win|mudhafg3
