|j|☆MyLegisinPain
|j|☆thekairou
|t:|1758320442
|gametype|singles
|player|p1|MyLegisinPain|burgh|1348
|player|p2|thekairou|silver|1345
|gen|9
|tier|[Gen 9] OU
|rated|
|rule|HP Percentage Mod: HP is shown in percentages
|rule|Endless Battle Clause: Forcing endless battles is banned
|rule|Species Clause: Limit one of each Pokémon
|rule|OHKO Clause: OHKO moves are banned
|rule|Evasion Items Clause: Evasion items are banned
|rule|Evasion Moves Clause: Evasion moves are banned
|rule|Evasion Abilities Clause: Evasion abilities are banned
|rule|Sleep Moves Clause: Sleep-inducing moves are banned
|clearpoke
|poke|p1|Moltres|
|poke|p1|Garganacl, M|
|poke|p1|Cinderace, M|
|poke|p1|Gholdengo|
|poke|p1|Samurott-Hisui, F|
|poke|p1|Dragapult, F|
|poke|p2|Raging Bolt|
|poke|p2|Kingambit, F|
|poke|p2|Great Tusk|
|poke|p2|Garganacl, M|
|poke|p2|Thundurus, M|
|poke|p2|Iron Valiant|
|teampreview
|
|t:|1758320457
|teamsize|p1|6
|teamsize|p2|6
|start
|switch|p1a: Dragapult|Dragapult, F|100/100
|switch|p2a: Smoker|Thundurus, M|100/100
|turn|1
|
|t:|1758320465
|-terastallize|p2a: Smoker|Ice
|move|p1a: Dragapult|Dragon Darts|p2a: Smoker
|-damage|p2a: Smoker|56/100
|-anim|p1a: Dragapult|Dragon Darts|p2a: Smoker
|-damage|p2a: Smoker|15/100
|move|p2a: Smoker|Tera Blast|p1a: Dragapult|[anim] Tera Blast Ice
|-supereffective|p1a: Dragapult
|-damage|p1a: Dragapult|0 fnt
|faint|p1a: Dragapult
|
|upkeep
|
|t:|1758320476
|switch|p1a: Cinderace|Cinderace, M|100/100
|turn|2
|
|t:|1758320482
|move|p2a: Smoker|Thunder Wave|p1a: Cinderace
|-status|p1a: Cinderace|par
|move|p1a: Cinderace|Pyro Ball|p2a: Smoker
|-supereffective|p2a: Smoker
|-damage|p2a: Smoker|0 fnt
|faint|p2a: Smoker
|
|upkeep
|
|t:|1758320496
|switch|p2a: Raging Bolt|Raging Bolt|100/100
|-enditem|p2a: Raging Bolt|Booster Energy
|-activate|p2a: Raging Bolt|ability: Protosynthesis|[fromitem]
|-start|p2a: Raging Bolt|protosynthesisspa
|turn|3
|
|t:|1758320500
|move|p2a: Raging Bolt|Calm Mind|p2a: Raging Bolt
|-boost|p2a: Raging Bolt|spa|1
|-boost|p2a: Raging Bolt|spd|1
|move|p1a: Cinderace|U-turn|p2a: Raging Bolt
|-start|p1a: Cinderace|typechange|Bug|[from] ability: Libero
|-damage|p2a: Raging Bolt|75/100
|
|t:|1758320506
|switch|p1a: Samurott|Samurott-Hisui, F|100/100|[from] U-turn
|
|upkeep
|turn|4
|
|t:|1758320511
|-terastallize|p1a: Samurott|Fairy
|move|p2a: Raging Bolt|Thunderclap|p1a: Samurott
|-damage|p1a: Samurott|44/100
|move|p1a: Samurott|Sacred Sword|p2a: Raging Bolt
|-damage|p2a: Raging Bolt|40/100
|
|upkeep
|turn|5
|
|t:|1758320521
|move|p1a: Samurott|Sacred Sword|p2a: Raging Bolt
|-damage|p2a: Raging Bolt|5/100
|move|p2a: Raging Bolt|Thunderbolt|p1a: Samurott
|-damage|p1a: Samurott|0 fnt
|faint|p1a: Samurott
|
|upkeep
|
|t:|1758320529
|switch|p1a: Gholdengo|Gholdengo|100/100
|-item|p1a: Gholdengo|Air Balloon
|turn|6
|
|t:|1758320532
|move|p2a: Raging Bolt|Thunderclap|p1a: Gholdengo
|-damage|p1a: Gholdengo|27/100
|-enditem|p1a: Gholdengo|Air Balloon
|move|p1a: Gholdengo|Shadow Ball|p2a: Raging Bolt
|-damage|p2a: Raging Bolt|0 fnt
|faint|p2a: Raging Bolt
|-end|p2a: Raging Bolt|Protosynthesis|[silent]
|
|upkeep
|
|t:|1758320544
|switch|p2a: Kingambit|Kingambit, F|100/100
|-activate|p2a: Kingambit|ability: Supreme Overlord
|-start|p2a: Kingambit|fallen2|[silent]
|-item|p2a: Kingambit|Air Balloon
|turn|7
|
|t:|1758320547
|-end|p2a: Kingambit|fallen2|[silent]
|switch|p2a: Garganacl|Garganacl, M, shiny|100/100
|move|p1a: Gholdengo|Recover|p1a: Gholdengo
|-heal|p1a: Gholdengo|77/100
|
|upkeep
|turn|8
|
|t:|1758320550
|move|p1a: Gholdengo|Make It Rain|p2a: Garganacl
|-supereffective|p2a: Garganacl
|-damage|p2a: Garganacl|0 fnt
|-unboost|p1a: Gholdengo|spa|1
|faint|p2a: Garganacl
|
|upkeep
|
|t:|1758320556
|switch|p2a: Great Tusk|Great Tusk|100/100
|turn|9
|
|t:|1758320564
|switch|p1a: Moltres|Moltres|100/100
|move|p2a: Great Tusk|Stealth Rock|p1a: Moltres
|-sidestart|p1: MyLegisinPain|move: Stealth Rock
|
|upkeep
|turn|10
|
|t:|1758320570
|move|p1a: Moltres|Will-O-Wisp|p2a: Great Tusk
|-status|p2a: Great Tusk|brn
|move|p2a: Great Tusk|Rapid Spin|p1a: Moltres
|-damage|p1a: Moltres|93/100
|-boost|p2a: Great Tusk|spe|1
|
|-damage|p2a: Great Tusk|94/100 brn|[from] brn
|upkeep
|turn|11
|
|t:|1758320572
|move|p2a: Great Tusk|Ice Spinner|p1a: Moltres
|-damage|p1a: Moltres|83/100
|move|p1a: Moltres|Flamethrower|p2a: Great Tusk
|-damage|p2a: Great Tusk|36/100 brn
|
|-damage|p2a: Great Tusk|30/100 brn|[from] brn
|upkeep
|turn|12
|
|t:|1758320577
|move|p2a: Great Tusk|Rapid Spin|p1a: Moltres
|-crit|p1a: Moltres
|-damage|p1a: Moltres|73/100
|-boost|p2a: Great Tusk|spe|1
|move|p1a: Moltres|Flamethrower|p2a: Great Tusk
|-damage|p2a: Great Tusk|0 fnt
|faint|p2a: Great Tusk
|-end|p2a: Great Tusk|Protosynthesis|[silent]
|
|upkeep
|
|t:|1758320581
|switch|p2a: Iron Valiant|Iron Valiant|100/100
|-enditem|p2a: Iron Valiant|Booster Energy
|-activate|p2a: Iron Valiant|ability: Quark Drive|[fromitem]
|-start|p2a: Iron Valiant|quarkdrivespe
|turn|13
|
|t:|1758320586
|move|p2a: Iron Valiant|Psyshock|p1a: Moltres
|-damage|p1a: Moltres|51/100
|move|p1a: Moltres|Hurricane|p2a: Iron Valiant
|-supereffective|p2a: Iron Valiant
|-damage|p2a: Iron Valiant|0 fnt
|faint|p2a: Iron Valiant
|-end|p2a: Iron Valiant|Quark Drive|[silent]
|
|upkeep
|
|t:|1758320589
|switch|p2a: Kingambit|Kingambit, F|100/100
|-activate|p2a: Kingambit|ability: Supreme Overlord
|-start|p2a: Kingambit|fallen5|[silent]
|-item|p2a: Kingambit|Air Balloon
|turn|14
|
|t:|1758320591
|move|p1a: Moltres|Will-O-Wisp|p2a: Kingambit
|-status|p2a: Kingambit|brn
|move|p2a: Kingambit|Kowtow Cleave|p1a: Moltres
|-damage|p1a: Moltres|20/100
|
|-damage|p2a: Kingambit|94/100 brn|[from] brn
|upkeep
|turn|15
|
|t:|1758320596
|move|p2a: Kingambit|Sucker Punch||[still]
|-fail|p2a: Kingambit
|move|p1a: Moltres|Roost|p1a: Moltres
|-heal|p1a: Moltres|70/100
|-singleturn|p1a: Moltres|move: Roost
|
|-damage|p2a: Kingambit|88/100 brn|[from] brn
|upkeep
|turn|16
|
|t:|1758320599
|move|p1a: Moltres|Flamethrower|p2a: Kingambit
|-supereffective|p2a: Kingambit
|-damage|p2a: Kingambit|0 fnt
|-enditem|p2a: Kingambit|Air Balloon
|faint|p2a: Kingambit
|-end|p2a: Kingambit|fallen5|[silent]
|
|win|MyLegisinPain
|raw|MyLegisinPain's rating: 1348 &rarr; <strong>1368</strong><br />(+20 for winning)
|raw|thekairou's rating: 1345 &rarr; <strong>1325</strong><br />(-20 for losing)
|c|☆MyLegisinPain|gg
|l|☆thekairou
|player|p2|
|l|☆MyLegisinPain
|player|p1|
