|j|☆xynix
|j|☆Prav33n
|t:|1758233274
|gametype|singles
|player|p1|xynix|jasmine-masters2|1682
|player|p2|Prav33n|koga|1761
|gen|9
|tier|[Gen 9] OU
|rated|
|rule|HP Percentage Mod: HP is shown in percentages
|rule|Endless Battle Clause: Forcing endless battles is banned
|rule|Species Clause: Limit one of each Pokémon
|rule|OHKO Clause: OHKO moves are banned
|rule|Evasion Items Clause: Evasion items are banned
|rule|Evasion Moves Clause: Evasion moves are banned
|rule|Evasion Abilities Clause: Evasion abilities are banned
|rule|Sleep Moves Clause: Sleep-inducing moves are banned
|clearpoke
|poke|p1|Alomomola, M|
|poke|p1|Slowking-Galar, M|
|poke|p1|Lokix, M|
|poke|p1|Landorus-Therian, M|
|poke|p1|Raging Bolt|
|poke|p1|Cinderace, F|
|poke|p2|Samurott-Hisui, M|
|poke|p2|Pecharunt|
|poke|p2|Zamazenta-*|
|poke|p2|Tornadus-Therian, M|
|poke|p2|Iron Treads|
|poke|p2|Latios, M|
|teampreview
|inactive|Battle timer is ON: inactive players will automatically lose when time's up. (requested by xynix)
|
|t:|1758233287
|teamsize|p1|6
|teamsize|p2|6
|start
|switch|p1a: Lokix|Lokix, M|100/100
|switch|p2a: Tornadus|Tornadus-Therian, M|100/100
|turn|1
|
|t:|1758233299
|-terastallize|p1a: Lokix|Bug
|move|p1a: Lokix|First Impression|p2a: Tornadus
|-resisted|p2a: Tornadus
|-damage|p2a: Tornadus|0 fnt
|faint|p2a: Tornadus
|
|upkeep
|
|t:|1758233314
|switch|p2a: Samurott|Samurott-Hisui, M|100/100
|turn|2
|
|t:|1758233321
|switch|p1a: Alomomola|Alomomola, M|100/100
|move|p2a: Samurott|Ceaseless Edge|p1a: Alomomola
|-damage|p1a: Alomomola|78/100
|-sidestart|p1: xynix|Spikes
|
|upkeep
|turn|3
|
|t:|1758233323
|move|p2a: Samurott|Knock Off|p1a: Alomomola
|-crit|p1a: Alomomola
|-damage|p1a: Alomomola|40/100
|-enditem|p1a: Alomomola|Heavy-Duty Boots|[from] move: Knock Off|[of] p2a: Samurott
|move|p1a: Alomomola|Flip Turn|p2a: Samurott
|-resisted|p2a: Samurott
|-damage|p2a: Samurott|90/100
|
|t:|1758233330
|switch|p1a: Lokix|Lokix, M, tera:Bug|100/100|[from] Flip Turn
|-damage|p1a: Lokix|88/100|[from] Spikes
|
|upkeep
|turn|4
|
|t:|1758233338
|switch|p2a: Pecharunt|Pecharunt|100/100
|move|p1a: Lokix|Knock Off|p2a: Pecharunt
|-supereffective|p2a: Pecharunt
|-damage|p2a: Pecharunt|38/100
|-enditem|p2a: Pecharunt|Heavy-Duty Boots|[from] move: Knock Off|[of] p1a: Lokix
|
|upkeep
|turn|5
|
|t:|1758233341
|move|p1a: Lokix|Knock Off|p2a: Pecharunt
|-supereffective|p2a: Pecharunt
|-damage|p2a: Pecharunt|0 fnt
|faint|p2a: Pecharunt
|
|upkeep
|
|t:|1758233346
|switch|p2a: Zamazenta|Zamazenta|100/100
|-ability|p2a: Zamazenta|Dauntless Shield|boost
|-boost|p2a: Zamazenta|def|1
|turn|6
|
|t:|1758233354
|switch|p2a: Samurott|Samurott-Hisui, M|90/100
|switch|p1a: Slowking|Slowking-Galar, M|100/100
|
|upkeep
|turn|7
|
|t:|1758233360
|switch|p1a: Alomomola|Alomomola, M|73/100
|-damage|p1a: Alomomola|61/100|[from] Spikes
|move|p2a: Samurott|Razor Shell|p1a: Alomomola|[miss]
|-miss|p2a: Samurott|p1a: Alomomola
|
|upkeep
|turn|8
|
|t:|1758233362
|move|p2a: Samurott|Ceaseless Edge|p1a: Alomomola
|-damage|p1a: Alomomola|36/100
|-sidestart|p1: xynix|Spikes
|move|p1a: Alomomola|Flip Turn|p2a: Samurott
|-resisted|p2a: Samurott
|-damage|p2a: Samurott|80/100
|
|t:|1758233364
|switch|p1a: Lokix|Lokix, M, tera:Bug|88/100|[from] Flip Turn
|-damage|p1a: Lokix|72/100|[from] Spikes
|
|upkeep
|turn|9
|
|t:|1758233368
|switch|p2a: Iron Treads|Iron Treads|100/100
|move|p1a: Lokix|First Impression|p2a: Iron Treads
|-resisted|p2a: Iron Treads
|-damage|p2a: Iron Treads|38/100
|
|upkeep
|turn|10
|
|t:|1758233374
|switch|p1a: Landorus|Landorus-Therian, M|100/100
|-ability|p1a: Landorus|Intimidate|boost
|-unboost|p2a: Iron Treads|atk|1
|move|p2a: Iron Treads|Ice Spinner|p1a: Landorus
|-supereffective|p1a: Landorus
|-damage|p1a: Landorus|25/100
|-damage|p2a: Iron Treads|21/100|[from] item: Rocky Helmet|[of] p1a: Landorus
|
|upkeep
|turn|11
|j| moodrandom
|
|t:|1758233385
|switch|p1a: Alomomola|Alomomola, M|69/100
|-damage|p1a: Alomomola|53/100|[from] Spikes
|-end|p2a: Iron Treads|Quark Drive|[silent]
|switch|p2a: Zamazenta|Zamazenta|100/100
|
|upkeep
|turn|12
|
|t:|1758233389
|move|p2a: Zamazenta|Close Combat|p1a: Alomomola
|-damage|p1a: Alomomola|19/100
|-unboost|p2a: Zamazenta|def|1
|-unboost|p2a: Zamazenta|spd|1
|move|p1a: Alomomola|Flip Turn|p2a: Zamazenta
|-damage|p2a: Zamazenta|78/100
|
|t:|1758233402
|switch|p1a: Landorus|Landorus-Therian, M|25/100|[from] Flip Turn
|-ability|p1a: Landorus|Intimidate|boost
|-unboost|p2a: Zamazenta|atk|1
|
|upkeep
|turn|13
|
|t:|1758233421
|switch|p2a: Latios|Latios, M, shiny|100/100
|switch|p1a: Alomomola|Alomomola, M|53/100
|-damage|p1a: Alomomola|36/100|[from] Spikes
|
|upkeep
|turn|14
|
|t:|1758233429
|switch|p2a: Samurott|Samurott-Hisui, M|80/100
|switch|p1a: Slowking|Slowking-Galar, M|100/100
|
|upkeep
|turn|15
|
|t:|1758233437
|switch|p1a: Raging Bolt|Raging Bolt|100/100
|move|p2a: Samurott|Knock Off|p1a: Raging Bolt
|-damage|p1a: Raging Bolt|60/100
|-enditem|p1a: Raging Bolt|Heavy-Duty Boots|[from] move: Knock Off|[of] p2a: Samurott
|
|upkeep
|turn|16
|
|t:|1758233454
|switch|p2a: Iron Treads|Iron Treads|21/100
|move|p1a: Raging Bolt|Draco Meteor|p2a: Iron Treads
|-resisted|p2a: Iron Treads
|-damage|p2a: Iron Treads|0 fnt
|-unboost|p1a: Raging Bolt|spa|2
|faint|p2a: Iron Treads
|-end|p2a: Iron Treads|Quark Drive|[silent]
|
|upkeep
|
|t:|1758233457
|switch|p2a: Latios|Latios, M, shiny|100/100
|turn|17
|
|t:|1758233464
|switch|p2a: Samurott|Samurott-Hisui, M|80/100
|-end|p1a: Raging Bolt|Protosynthesis|[silent]
|switch|p1a: Slowking|Slowking-Galar, M|100/100
|
|upkeep
|turn|18
|
|t:|1758233474
|switch|p1a: Alomomola|Alomomola, M|69/100
|-damage|p1a: Alomomola|53/100|[from] Spikes
|move|p2a: Samurott|Razor Shell|p1a: Alomomola
|-resisted|p1a: Alomomola
|-damage|p1a: Alomomola|39/100
|-unboost|p1a: Alomomola|def|1
|
|upkeep
|turn|19
|
|t:|1758233483
|switch|p1a: Raging Bolt|Raging Bolt|60/100
|-damage|p1a: Raging Bolt|43/100|[from] Spikes
|move|p2a: Samurott|Ceaseless Edge|p1a: Raging Bolt
|-damage|p1a: Raging Bolt|4/100
|-sidestart|p1: xynix|Spikes
|
|upkeep
|turn|20
|
|t:|1758233496
|switch|p2a: Latios|Latios, M, shiny|100/100
|move|p1a: Raging Bolt|Volt Switch|p2a: Latios
|-resisted|p2a: Latios
|-damage|p2a: Latios|78/100
|
|t:|1758233499
|-end|p1a: Raging Bolt|Protosynthesis|[silent]
|switch|p1a: Cinderace|Cinderace, F|100/100|[from] Volt Switch
|
|upkeep
|turn|21
|
|t:|1758233503
|switch|p2a: Zamazenta|Zamazenta|78/100
|move|p1a: Cinderace|Court Change|p1a: Cinderace
|-start|p1a: Cinderace|typechange|Normal|[from] ability: Libero
|-swapsideconditions
|-activate|p1a: Cinderace|move: Court Change
|
|upkeep
|turn|22
|
|t:|1758233516
|switch|p1a: Landorus|Landorus-Therian, M|25/100
|-ability|p1a: Landorus|Intimidate|boost
|-unboost|p2a: Zamazenta|atk|1
|move|p2a: Zamazenta|Stone Edge|p1a: Landorus
|-damage|p1a: Landorus|0 fnt
|faint|p1a: Landorus
|
|upkeep
|
|t:|1758233522
|switch|p1a: Slowking|Slowking-Galar, M|100/100
|turn|23
|
|t:|1758233529
|move|p2a: Zamazenta|Crunch|p1a: Slowking
|-supereffective|p1a: Slowking
|-damage|p1a: Slowking|65/100
|-prepare|p1a: Slowking|Chilly Reception|[premajor]
|move|p1a: Slowking|Chilly Reception|p1a: Slowking
|-weather|Snowscape
|
|t:|1758233533
|switch|p1a: Alomomola|Alomomola, M|72/100|[from] Chilly Reception
|
|-weather|Snowscape|[upkeep]
|upkeep
|turn|24
|
|t:|1758233539
|switch|p2a: Samurott|Samurott-Hisui, M|80/100
|move|p1a: Alomomola|Flip Turn|p2a: Samurott
|-resisted|p2a: Samurott
|-damage|p2a: Samurott|69/100
|
|t:|1758233542
|switch|p1a: Lokix|Lokix, M, tera:Bug|72/100|[from] Flip Turn
|
|-weather|Snowscape|[upkeep]
|upkeep
|turn|25
|
|t:|1758233547
|switch|p2a: Zamazenta|Zamazenta|78/100
|move|p1a: Lokix|First Impression|p2a: Zamazenta
|-resisted|p2a: Zamazenta
|-damage|p2a: Zamazenta|0 fnt
|faint|p2a: Zamazenta
|
|-weather|Snowscape|[upkeep]
|upkeep
|
|t:|1758233549
|switch|p2a: Samurott|Samurott-Hisui, M|69/100
|turn|26
|
|t:|1758233554
|switch|p1a: Raging Bolt|Raging Bolt|4/100
|move|p2a: Samurott|Ceaseless Edge|p1a: Raging Bolt
|-damage|p1a: Raging Bolt|0 fnt
|-sidestart|p1: xynix|Spikes
|faint|p1a: Raging Bolt
|-end|p1a: Raging Bolt|Protosynthesis|[silent]
|
|-weather|Snowscape|[upkeep]
|upkeep
|
|t:|1758233562
|switch|p1a: Cinderace|Cinderace, F|100/100
|turn|27
|l| moodrandom
|
|t:|1758233572
|move|p1a: Cinderace|U-turn|p2a: Samurott
|-start|p1a: Cinderace|typechange|Bug|[from] ability: Libero
|-supereffective|p2a: Samurott
|-damage|p2a: Samurott|0 fnt
|faint|p2a: Samurott
|
|t:|1758233582
|switch|p1a: Lokix|Lokix, M, tera:Bug|72/100|[from] U-turn
|-damage|p1a: Lokix|59/100|[from] Spikes
|
|-weather|none
|upkeep
|
|t:|1758233588
|switch|p2a: Latios|Latios, M, shiny|78/100
|turn|28
|
|t:|1758233592
|-terastallize|p2a: Latios|Steel
|move|p1a: Lokix|First Impression|p2a: Latios
|-resisted|p2a: Latios
|-damage|p2a: Latios|0 fnt
|faint|p2a: Latios
|
|win|xynix
|raw|xynix's rating: 1682 &rarr; <strong>1706</strong><br />(+24 for winning)
|raw|Prav33n's rating: 1761 &rarr; <strong>1737</strong><br />(-24 for losing)
|l|☆Prav33n
|player|p2|
|l|☆xynix
|player|p1|
