|j|☆783456927834h
|j|☆Chef Allen
|t:|1758327368
|gametype|singles
|player|p1|783456927834h|169|1169
|player|p2|Chef Allen|baker|1181
|gen|9
|tier|[Gen 9] OU
|rated|
|rule|HP Percentage Mod: HP is shown in percentages
|rule|Endless Battle Clause: Forcing endless battles is banned
|rule|Species Clause: Limit one of each Pokémon
|rule|OHKO Clause: OHKO moves are banned
|rule|Evasion Items Clause: Evasion items are banned
|rule|Evasion Moves Clause: Evasion moves are banned
|rule|Evasion Abilities Clause: Evasion abilities are banned
|rule|Sleep Moves Clause: Sleep-inducing moves are banned
|clearpoke
|poke|p1|Araquanid, M|
|poke|p1|Enamorus, F|
|poke|p1|Gliscor, F|
|poke|p1|Ceruledge, M|
|poke|p1|Meowscarada, M|
|poke|p1|Dragapult, M|
|poke|p2|Rotom-Heat|
|poke|p2|Dachsbun, M|
|poke|p2|Alcremie, F|
|poke|p2|Garganacl, F|
|poke|p2|Tatsugiri, F|
|poke|p2|Sinistcha-Masterpiece|
|teampreview
|inactive|Battle timer is ON: inactive players will automatically lose when time's up. (requested by Chef Allen)
|
|t:|1758327388
|teamsize|p1|6
|teamsize|p2|6
|start
|switch|p1a: Araquanid|Araquanid, M|100/100
|switch|p2a: Sushi|Tatsugiri, F|100/100
|turn|1
|
|t:|1758327395
|move|p2a: Sushi|Nasty Plot|p2a: Sushi
|-boost|p2a: Sushi|spa|2
|move|p1a: Araquanid|Sticky Web|p2a: Sushi
|-sidestart|p2: Chef Allen|move: Sticky Web
|
|upkeep
|turn|2
|
|t:|1758327408
|move|p2a: Sushi|Rapid Spin|p1a: Araquanid
|-damage|p1a: Araquanid|93/100
|-boost|p2a: Sushi|spe|1
|-sideend|p2: Chef Allen|Sticky Web|[from] move: Rapid Spin|[of] p2a: Sushi
|move|p1a: Araquanid|Blizzard|p2a: Sushi
|-damage|p2a: Sushi|76/100
|
|upkeep
|turn|3
|
|t:|1758327431
|switch|p1a: Enamorus|Enamorus, F|100/100
|move|p2a: Sushi|Surf|p1a: Enamorus
|-damage|p1a: Enamorus|33/100
|
|upkeep
|turn|4
|
|t:|1758327440
|move|p2a: Sushi|Surf|p1a: Enamorus
|-damage|p1a: Enamorus|0 fnt
|faint|p1a: Enamorus
|
|upkeep
|
|t:|1758327448
|switch|p1a: Meowscarada|Meowscarada, M|100/100
|turn|5
|
|t:|1758327458
|move|p2a: Sushi|Draco Meteor|p1a: Meowscarada
|-damage|p1a: Meowscarada|0 fnt
|-unboost|p2a: Sushi|spa|2
|faint|p1a: Meowscarada
|
|upkeep
|inactive|783456927834h has 120 seconds left.
|
|t:|1758327482
|switch|p1a: Gliscor|Gliscor, F|100/100
|turn|6
|
|t:|1758327491
|move|p1a: Gliscor|Protect|p1a: Gliscor
|-singleturn|p1a: Gliscor|Protect
|move|p2a: Sushi|Surf|p1a: Gliscor
|-activate|p1a: Gliscor|move: Protect
|
|-status|p1a: Gliscor|tox|[from] item: Toxic Orb
|upkeep
|turn|7
|
|t:|1758327499
|-terastallize|p1a: Gliscor|Poison
|move|p2a: Sushi|Surf|p1a: Gliscor
|-damage|p1a: Gliscor|53/100 tox
|move|p1a: Gliscor|Swords Dance|p1a: Gliscor
|-boost|p1a: Gliscor|atk|2
|
|-heal|p1a: Gliscor|66/100 tox|[from] ability: Poison Heal
|upkeep
|turn|8
|
|t:|1758327512
|move|p1a: Gliscor|Protect|p1a: Gliscor
|-singleturn|p1a: Gliscor|Protect
|move|p2a: Sushi|Draco Meteor|p1a: Gliscor
|-activate|p1a: Gliscor|move: Protect
|
|-heal|p1a: Gliscor|78/100 tox|[from] ability: Poison Heal
|upkeep
|turn|9
|
|t:|1758327530
|move|p2a: Sushi|Draco Meteor|p1a: Gliscor
|-damage|p1a: Gliscor|5/100 tox
|-unboost|p2a: Sushi|spa|2
|move|p1a: Gliscor|Poison Jab|p2a: Sushi
|-damage|p2a: Sushi|0 fnt
|faint|p2a: Sushi
|
|-heal|p1a: Gliscor|17/100 tox|[from] ability: Poison Heal
|upkeep
|
|t:|1758327540
|switch|p2a: The oven|Rotom-Heat|100/100
|turn|10
|
|t:|1758327547
|move|p1a: Gliscor|Protect|p1a: Gliscor
|-singleturn|p1a: Gliscor|Protect
|move|p2a: The oven|Volt Switch|p1a: Gliscor
|-activate|p1a: Gliscor|move: Protect
|
|-heal|p1a: Gliscor|29/100 tox|[from] ability: Poison Heal
|upkeep
|turn|11
|
|t:|1758327561
|-terastallize|p2a: The oven|Electric
|move|p2a: The oven|Volt Switch|p1a: Gliscor
|-damage|p1a: Gliscor|0 fnt
|faint|p1a: Gliscor
|
|t:|1758327570
|switch|p2a: Salt|Garganacl, F|100/100|[from] Volt Switch
|
|upkeep
|
|t:|1758327577
|switch|p1a: Araquanid|Araquanid, M|93/100
|turn|12
|
|t:|1758327583
|move|p1a: Araquanid|Sticky Web|p2a: Salt
|-sidestart|p2: Chef Allen|move: Sticky Web
|move|p2a: Salt|Salt Cure|p1a: Araquanid
|-supereffective|p1a: Araquanid
|-damage|p1a: Araquanid|57/100
|-start|p1a: Araquanid|Salt Cure
|
|-damage|p1a: Araquanid|32/100|[from] Salt Cure
|upkeep
|turn|13
|
|t:|1758327598
|move|p1a: Araquanid|Hydro Pump|p2a: Salt|[miss]
|-miss|p1a: Araquanid|p2a: Salt
|move|p2a: Salt|Stealth Rock|p1a: Araquanid
|-sidestart|p1: 783456927834h|move: Stealth Rock
|
|-damage|p1a: Araquanid|7/100|[from] Salt Cure
|upkeep
|turn|14
|
|t:|1758327606
|move|p2a: Salt|Protect|p2a: Salt
|-singleturn|p2a: Salt|Protect
|move|p1a: Araquanid|Hydro Pump|p2a: Salt
|-activate|p2a: Salt|move: Protect
|
|-damage|p1a: Araquanid|0 fnt|[from] Salt Cure
|faint|p1a: Araquanid
|upkeep
|
|t:|1758327622
|switch|p1a: Dragapult|Dragapult, M|100/100
|-damage|p1a: Dragapult|88/100|[from] Stealth Rock
|turn|15
|
|t:|1758327629
|move|p1a: Dragapult|Dragon Dance|p1a: Dragapult
|-boost|p1a: Dragapult|atk|1
|-boost|p1a: Dragapult|spe|1
|move|p2a: Salt|Salt Cure|p1a: Dragapult
|-damage|p1a: Dragapult|69/100
|-start|p1a: Dragapult|Salt Cure
|
|-damage|p1a: Dragapult|57/100|[from] Salt Cure
|upkeep
|turn|16
|
|t:|1758327638
|switch|p2a: Bread|Dachsbun, M|100/100
|-activate|p2a: Bread|move: Sticky Web
|-unboost|p2a: Bread|spe|1
|move|p1a: Dragapult|Dragon Darts|p2a: Bread
|-immune|p2a: Bread
|
|-damage|p1a: Dragapult|45/100|[from] Salt Cure
|upkeep
|turn|17
|
|t:|1758327647
|move|p1a: Dragapult|Psychic Fangs|p2a: Bread
|-damage|p2a: Bread|47/100
|-damage|p1a: Dragapult|35/100|[from] item: Life Orb
|move|p2a: Bread|Substitute|p2a: Bread
|-start|p2a: Bread|Substitute
|-damage|p2a: Bread|22/100
|
|-heal|p2a: Bread|28/100|[from] item: Leftovers
|-damage|p1a: Dragapult|23/100|[from] Salt Cure
|upkeep
|turn|18
|
|t:|1758327656
|move|p2a: Bread|Protect|p2a: Bread
|-singleturn|p2a: Bread|Protect
|move|p1a: Dragapult|Psychic Fangs|p2a: Bread
|-activate|p2a: Bread|move: Protect
|
|-heal|p2a: Bread|34/100|[from] item: Leftovers
|-damage|p1a: Dragapult|10/100|[from] Salt Cure
|upkeep
|turn|19
|
|t:|1758327663
|move|p1a: Dragapult|Psychic Fangs|p2a: Bread
|-end|p2a: Bread|Substitute
|-damage|p1a: Dragapult|0 fnt|[from] item: Life Orb
|faint|p1a: Dragapult
|move|p2a: Bread|Substitute|p2a: Bread
|-start|p2a: Bread|Substitute
|-damage|p2a: Bread|9/100
|
|-heal|p2a: Bread|15/100|[from] item: Leftovers
|upkeep
|
|t:|1758327672
|switch|p1a: Ceruledge|Ceruledge, M|100/100
|-damage|p1a: Ceruledge|76/100|[from] Stealth Rock
|turn|20
|
|t:|1758327677
|move|p1a: Ceruledge|Swords Dance|p1a: Ceruledge
|-boost|p1a: Ceruledge|atk|2
|move|p2a: Bread|Play Rough|p1a: Ceruledge
|-resisted|p1a: Ceruledge
|-damage|p1a: Ceruledge|58/100
|-ability|p1a: Ceruledge|Weak Armor|boost
|-unboost|p1a: Ceruledge|def|1
|-boost|p1a: Ceruledge|spe|2
|
|-heal|p2a: Bread|21/100|[from] item: Leftovers
|upkeep
|turn|21
|
|t:|1758327687
|move|p1a: Ceruledge|Bitter Blade|p2a: Bread
|-ability|p2a: Bread|Well-Baked Body|boost
|-boost|p2a: Bread|def|2
|move|p2a: Bread|Play Rough|p1a: Ceruledge
|-resisted|p1a: Ceruledge
|-damage|p1a: Ceruledge|32/100
|-ability|p1a: Ceruledge|Weak Armor|boost
|-unboost|p1a: Ceruledge|def|1
|-boost|p1a: Ceruledge|spe|2
|
|-heal|p2a: Bread|27/100|[from] item: Leftovers
|upkeep
|turn|22
|
|t:|1758327700
|move|p1a: Ceruledge|Brick Break|p2a: Bread
|-resisted|p2a: Bread
|-activate|p2a: Bread|move: Substitute|[damage]
|-damage|p1a: Ceruledge|22/100|[from] item: Life Orb
|move|p2a: Bread|Play Rough|p1a: Ceruledge
|-resisted|p1a: Ceruledge
|-damage|p1a: Ceruledge|0 fnt
|faint|p1a: Ceruledge
|
|win|Chef Allen
|raw|783456927834h's rating: 1169 &rarr; <strong>1145</strong><br />(-24 for losing)
|raw|Chef Allen's rating: 1181 &rarr; <strong>1205</strong><br />(+24 for winning)
|l|☆Chef Allen
|player|p2|
|l|☆783456927834h
|player|p1|
