|j|☆sailormooo
|j|☆bianyuanren
|t:|1758262958
|gametype|singles
|player|p1|sailormooo|whitney|1182
|player|p2|bianyuanren|dawn|1198
|gen|9
|tier|[Gen 9] OU
|rated|
|rule|HP Percentage Mod: HP is shown in percentages
|rule|Endless Battle Clause: Forcing endless battles is banned
|rule|Species Clause: Limit one of each Pokémon
|rule|OHKO Clause: OHKO moves are banned
|rule|Evasion Items Clause: Evasion items are banned
|rule|Evasion Moves Clause: Evasion moves are banned
|rule|Evasion Abilities Clause: Evasion abilities are banned
|rule|Sleep Moves Clause: Sleep-inducing moves are banned
|clearpoke
|poke|p1|Maushold-Four|
|poke|p1|Zoroark-Hisui, M|
|poke|p1|Ursaluna, F|
|poke|p1|Ditto|
|poke|p1|Arboliva, F|
|poke|p1|Meloetta|
|poke|p2|Ogerpon-Wellspring, F|
|poke|p2|Ribombee, F|
|poke|p2|Manaphy|
|poke|p2|Rillaboom, M|
|poke|p2|Dragonite, M|
|poke|p2|Pelipper, F|
|teampreview
|inactive|Battle timer is ON: inactive players will automatically lose when time's up. (requested by sailormooo)
|inactive|bianyuanren has 120 seconds left.
|
|t:|1758262993
|teamsize|p1|6
|teamsize|p2|6
|start
|switch|p1a: Pocahontas|Arboliva, F, shiny|100/100
|switch|p2a: Pelipper|Pelipper, F, shiny|100/100
|-weather|RainDance|[from] ability: Drizzle|[of] p2a: Pelipper
|turn|1
|
|t:|1758263001
|move|p1a: Pocahontas|Nasty Plot|p1a: Pocahontas
|-boost|p1a: Pocahontas|spa|2
|move|p2a: Pelipper|Hurricane|p1a: Pocahontas
|-damage|p1a: Pocahontas|21/100
|replace|p1a: Belle|Zoroark-Hisui, M, shiny
|-end|p1a: Belle|Illusion
|
|-weather|RainDance|[upkeep]
|upkeep
|turn|2
|
|t:|1758263016
|move|p1a: Belle|Hyper Voice|p2a: Pelipper
|-damage|p2a: Pelipper|0 fnt
|faint|p2a: Pelipper
|
|-weather|RainDance|[upkeep]
|upkeep
|
|t:|1758263032
|switch|p2a: Rillaboom|Rillaboom, M, shiny|100/100
|-fieldstart|move: Grassy Terrain|[from] ability: Grassy Surge|[of] p2a: Rillaboom
|turn|3
|
|t:|1758263037
|move|p2a: Rillaboom|Grassy Glide|p1a: Belle
|-damage|p1a: Belle|0 fnt
|faint|p1a: Belle
|
|-weather|RainDance|[upkeep]
|upkeep
|
|t:|1758263043
|switch|p1a: Merida|Ursaluna, F, shiny|100/100
|turn|4
|
|t:|1758263050
|-terastallize|p2a: Rillaboom|Grass
|-terastallize|p1a: Merida|Grass
|move|p2a: Rillaboom|Grassy Glide|p1a: Merida
|-resisted|p1a: Merida
|-damage|p1a: Merida|70/100
|move|p1a: Merida|Avalanche|p2a: Rillaboom
|-supereffective|p2a: Rillaboom
|-damage|p2a: Rillaboom|4/100
|
|-weather|RainDance|[upkeep]
|-heal|p2a: Rillaboom|10/100|[from] Grassy Terrain
|-heal|p1a: Merida|76/100|[from] Grassy Terrain
|-status|p1a: Merida|brn|[from] item: Flame Orb
|upkeep
|turn|5
|inactive|bianyuanren has 120 seconds left.
|
|t:|1758263081
|switch|p2a: Ribombee|Ribombee, F, shiny|100/100
|move|p1a: Merida|Facade|p2a: Ribombee
|-enditem|p2a: Ribombee|Focus Sash
|-damage|p2a: Ribombee|1/100
|
|-weather|RainDance|[upkeep]
|-heal|p2a: Ribombee|7/100|[from] Grassy Terrain
|-heal|p1a: Merida|82/100 brn|[from] Grassy Terrain
|-damage|p1a: Merida|76/100 brn|[from] brn
|upkeep
|turn|6
|inactive|bianyuanren has 120 seconds left.
|
|t:|1758263100
|move|p2a: Ribombee|Skill Swap|p1a: Merida
|-activate|p2a: Ribombee|move: Skill Swap|Guts|Shield Dust|[of] p1a: Merida
|move|p1a: Merida|Facade|p2a: Ribombee
|-damage|p2a: Ribombee|0 fnt
|faint|p2a: Ribombee
|
|-weather|RainDance|[upkeep]
|-heal|p1a: Merida|82/100 brn|[from] Grassy Terrain
|-damage|p1a: Merida|76/100 brn|[from] brn
|upkeep
|
|t:|1758263117
|switch|p2a: Rillaboom|Rillaboom, M, shiny, tera:Grass|10/100
|turn|7
|
|t:|1758263122
|move|p2a: Rillaboom|U-turn|p1a: Merida
|-supereffective|p1a: Merida
|-damage|p1a: Merida|19/100 brn
|
|t:|1758263127
|switch|p2a: Dragonite|Dragonite, M, shiny|100/100|[from] U-turn
|move|p1a: Merida|Facade|p2a: Dragonite
|-damage|p2a: Dragonite|64/100
|
|-weather|RainDance|[upkeep]
|-heal|p1a: Merida|25/100 brn|[from] Grassy Terrain
|-damage|p1a: Merida|19/100 brn|[from] brn
|-fieldend|move: Grassy Terrain
|upkeep
|turn|8
|inactive|bianyuanren has 120 seconds left.
|
|t:|1758263151
|move|p2a: Dragonite|Dragon Claw|p1a: Merida
|-damage|p1a: Merida|0 fnt
|faint|p1a: Merida
|
|-weather|none
|upkeep
|
|t:|1758263155
|switch|p1a: Ariel|Ditto, shiny|100/100
|-transform|p1a: Ariel|p2a: Dragonite|[from] ability: Imposter
|turn|9
|inactive|bianyuanren has 120 seconds left.
|
|t:|1758263164
|switch|p2a: Rillaboom|Rillaboom, M, shiny, tera:Grass|10/100
|-fieldstart|move: Grassy Terrain|[from] ability: Grassy Surge|[of] p2a: Rillaboom
|move|p1a: Ariel|Dragon Claw|p2a: Rillaboom
|-crit|p2a: Rillaboom
|-damage|p2a: Rillaboom|0 fnt
|faint|p2a: Rillaboom
|
|upkeep
|inactive|bianyuanren has 120 seconds left.
|
|t:|1758263177
|switch|p2a: Ogerpon|Ogerpon-Wellspring, F|100/100
|turn|10
|inactive|bianyuanren has 120 seconds left.
|
|t:|1758263186
|switch|p1a: Pocahontas|Arboliva, F, shiny|100/100
|move|p2a: Ogerpon|Spiky Shield||[still]
|-fail|p2a: Ogerpon
|
|upkeep
|turn|11
|inactive|bianyuanren has 120 seconds left.
|
|t:|1758263196
|move|p2a: Ogerpon|Ivy Cudgel|p1a: Pocahontas|[anim] Ivy Cudgel Water
|-resisted|p1a: Pocahontas
|-crit|p1a: Pocahontas
|-damage|p1a: Pocahontas|58/100
|move|p1a: Pocahontas|Giga Drain|p2a: Ogerpon
|-damage|p2a: Ogerpon|49/100
|-heal|p1a: Pocahontas|80/100|[from] drain|[of] p2a: Ogerpon
|
|-heal|p2a: Ogerpon|54/100|[from] Grassy Terrain
|-heal|p1a: Pocahontas|86/100|[from] Grassy Terrain
|upkeep
|turn|12
|inactive|bianyuanren has 120 seconds left.
|
|t:|1758263208
|move|p2a: Ogerpon|Horn Leech|p1a: Pocahontas
|-resisted|p1a: Pocahontas
|-damage|p1a: Pocahontas|58/100
|-heal|p2a: Ogerpon|71/100|[from] drain|[of] p1a: Pocahontas
|move|p1a: Pocahontas|Giga Drain|p2a: Ogerpon
|-damage|p2a: Ogerpon|23/100
|-heal|p1a: Pocahontas|78/100|[from] drain|[of] p2a: Ogerpon
|
|-heal|p2a: Ogerpon|29/100|[from] Grassy Terrain
|-heal|p1a: Pocahontas|84/100|[from] Grassy Terrain
|upkeep
|turn|13
|inactive|bianyuanren has 120 seconds left.
|
|t:|1758263220
|switch|p2a: Dragonite|Dragonite, M, shiny|64/100
|move|p1a: Pocahontas|Giga Drain|p2a: Dragonite
|-resisted|p2a: Dragonite
|-damage|p2a: Dragonite|55/100
|-heal|p1a: Pocahontas|89/100|[from] drain|[of] p2a: Dragonite
|
|-heal|p1a: Pocahontas|95/100|[from] Grassy Terrain
|-fieldend|move: Grassy Terrain
|upkeep
|turn|14
|inactive|bianyuanren has 120 seconds left.
|
|t:|1758263233
|move|p2a: Dragonite|Wing Attack|p1a: Pocahontas
|-supereffective|p1a: Pocahontas
|-damage|p1a: Pocahontas|0 fnt
|faint|p1a: Pocahontas
|
|upkeep
|
|t:|1758263237
|switch|p1a: Ariel|Ditto, shiny|100/100
|-transform|p1a: Ariel|p2a: Dragonite|[from] ability: Imposter
|turn|15
|
|t:|1758263244
|switch|p2a: Ogerpon|Ogerpon-Wellspring, F|29/100
|move|p1a: Ariel|Dragon Claw|p2a: Ogerpon
|-damage|p2a: Ogerpon|0 fnt
|faint|p2a: Ogerpon
|
|upkeep
|
|t:|1758263253
|switch|p2a: Manaphy|Manaphy, shiny|100/100
|turn|16
|
|t:|1758263258
|switch|p1a: Cinderella|Maushold-Four, shiny|100/100
|move|p2a: Manaphy|Tail Glow|p2a: Manaphy
|-boost|p2a: Manaphy|spa|3
|
|upkeep
|turn|17
|
|t:|1758263265
|move|p1a: Cinderella|Tidy Up|p1a: Cinderella
|-boost|p1a: Cinderella|atk|1
|-boost|p1a: Cinderella|spe|1
|move|p2a: Manaphy|Surf|p1a: Cinderella
|-damage|p1a: Cinderella|0 fnt
|faint|p1a: Cinderella
|
|upkeep
|
|t:|1758263274
|switch|p1a: Ariel|Ditto, shiny|100/100
|-transform|p1a: Ariel|p2a: Manaphy|[from] ability: Imposter
|turn|18
|inactive|bianyuanren has 120 seconds left.
|
|t:|1758263313
|move|p1a: Ariel|Ice Beam|p2a: Manaphy
|-resisted|p2a: Manaphy
|-damage|p2a: Manaphy|70/100
|move|p2a: Manaphy|Surf|p1a: Ariel
|-resisted|p1a: Ariel
|-damage|p1a: Ariel|45/100
|
|upkeep
|turn|19
|inactive|bianyuanren has 120 seconds left.
|
|t:|1758263320
|switch|p1a: Aurora|Meloetta|100/100
|move|p2a: Manaphy|Surf|p1a: Aurora
|-damage|p1a: Aurora|38/100
|
|-heal|p1a: Aurora|44/100|[from] item: Leftovers
|upkeep
|turn|20
|
|t:|1758263329
|move|p2a: Manaphy|Surf|p1a: Aurora
|-damage|p1a: Aurora|0 fnt
|faint|p1a: Aurora
|
|upkeep
|
|t:|1758263332
|switch|p1a: Ariel|Ditto, shiny|45/100
|-transform|p1a: Ariel|p2a: Manaphy|[from] ability: Imposter
|turn|21
|
|t:|1758263338
|move|p1a: Ariel|Ice Beam|p2a: Manaphy
|-resisted|p2a: Manaphy
|-damage|p2a: Manaphy|36/100
|move|p2a: Manaphy|Surf|p1a: Ariel
|-resisted|p1a: Ariel
|-damage|p1a: Ariel|0 fnt
|faint|p1a: Ariel
|
|win|bianyuanren
|raw|sailormooo's rating: 1182 &rarr; <strong>1158</strong><br />(-24 for losing)
|raw|bianyuanren's rating: 1198 &rarr; <strong>1222</strong><br />(+24 for winning)
|l|☆sailormooo
|player|p1|
