|j|☆Duckular
|j|☆fujizen
|t:|1758321290
|gametype|singles
|player|p1|Duckular|2|1246
|player|p2|fujizen|266|1186
|gen|9
|tier|[Gen 9] OU
|rated|
|rule|HP Percentage Mod: HP is shown in percentages
|rule|Endless Battle Clause: Forcing endless battles is banned
|rule|Species Clause: Limit one of each Pokémon
|rule|OHKO Clause: OHKO moves are banned
|rule|Evasion Items Clause: Evasion items are banned
|rule|Evasion Moves Clause: Evasion moves are banned
|rule|Evasion Abilities Clause: Evasion abilities are banned
|rule|Sleep Moves Clause: Sleep-inducing moves are banned
|clearpoke
|poke|p1|Zarude|
|poke|p1|Araquanid, F|
|poke|p1|Haxorus, F|
|poke|p1|Quaquaval, M|
|poke|p1|Gholdengo|
|poke|p1|Clodsire, F|
|poke|p2|Heatran, F|
|poke|p2|Cresselia, F|
|poke|p2|Volcanion|
|poke|p2|Great Tusk|
|poke|p2|Slowking-Galar, F|
|poke|p2|Dondozo, F|
|teampreview
|l|☆Duckular
|player|p1|
|j|☆Duckular
|player|p1|Duckular|2|
|c|☆Duckular|Holy shit
|c|☆Duckular|it’s fusien
|j| aquiIo
|j| calaaa!!!
|c|☆Duckular|yo where are my coconut waters at
|c|☆Duckular|u owe me a dozen
|c| aquiIo|hi fusien
|inactive|Battle timer is ON: inactive players will automatically lose when time's up. (requested by Duckular)
|l| calaaa!!!
|l|☆Duckular
|inactive|Duckular disconnected and has a minute to reconnect!
|player|p1|
|inactive|fujizen has 120 seconds left.
|j|☆Duckular
|inactive|Duckular reconnected.
|player|p1|Duckular|2|
|j| calaaa!!!
|c|☆fujizen|yo
|j| duckycrater
|inactive|fujizen has 90 seconds left.
|l| calaaa!!!
|c|☆Duckular|Dawg just send out a mon
|c|☆Duckular|not that deep
|c| aquiIo|yk
|c|☆Duckular|I gotta lose more matches after this
|c| duckycrater|OST winner fusien needs time to think
|
|t:|1758321416
|teamsize|p1|6
|teamsize|p2|6
|start
|switch|p1a: WEBSURFA|Araquanid, F|100/100
|switch|p2a: Cresselia|Cresselia, F|100/100
|turn|1
|c| aquiIo|this is actually a really interesting lead mu
|
|t:|1758321424
|-terastallize|p2a: Cresselia|Electric
|move|p2a: Cresselia|Calm Mind|p2a: Cresselia
|-boost|p2a: Cresselia|spa|1
|-boost|p2a: Cresselia|spd|1
|move|p1a: WEBSURFA|Sticky Web|p2a: Cresselia
|-sidestart|p2: fujizen|move: Sticky Web
|
|upkeep
|turn|2
|
|t:|1758321430
|switch|p1a: him <3|Clodsire, F|100/100
|move|p2a: Cresselia|Calm Mind|p2a: Cresselia
|-boost|p2a: Cresselia|spa|1
|-boost|p2a: Cresselia|spd|1
|
|upkeep
|turn|3
|c| aquiIo|as you can see the agency is up 6-6
|
|t:|1758321438
|move|p2a: Cresselia|Moonblast|p1a: him <3
|-resisted|p1a: him <3
|-damage|p1a: him <3|93/100
|move|p1a: him <3|Gunk Shot|p2a: Cresselia
|-damage|p2a: Cresselia|63/100
|-damage|p1a: him <3|83/100|[from] item: Life Orb
|
|-heal|p2a: Cresselia|69/100|[from] item: Leftovers
|upkeep
|turn|4
|
|t:|1758321445
|move|p2a: Cresselia|Calm Mind|p2a: Cresselia
|-boost|p2a: Cresselia|spa|1
|-boost|p2a: Cresselia|spd|1
|move|p1a: him <3|Gunk Shot|p2a: Cresselia
|-damage|p2a: Cresselia|30/100
|-damage|p1a: him <3|73/100|[from] item: Life Orb
|
|-heal|p2a: Cresselia|37/100|[from] item: Leftovers
|upkeep
|turn|5
|c| aquiIo|gunked up
|
|t:|1758321447
|move|p2a: Cresselia|Moonlight|p2a: Cresselia
|-heal|p2a: Cresselia|87/100
|move|p1a: him <3|Gunk Shot|p2a: Cresselia
|-damage|p2a: Cresselia|50/100
|-damage|p1a: him <3|63/100|[from] item: Life Orb
|
|-heal|p2a: Cresselia|57/100|[from] item: Leftovers
|upkeep
|turn|6
|
|t:|1758321451
|switch|p2a: Heatran|Heatran, F|100/100
|-item|p2a: Heatran|Air Balloon
|move|p1a: him <3|Gunk Shot|p2a: Heatran
|-immune|p2a: Heatran
|
|upkeep
|turn|7
|
|t:|1758321454
|move|p2a: Heatran|Will-O-Wisp|p1a: him <3
|-status|p1a: him <3|brn
|move|p1a: him <3|Liquidation|p2a: Heatran
|-supereffective|p2a: Heatran
|-damage|p2a: Heatran|82/100
|-unboost|p2a: Heatran|def|1
|-enditem|p2a: Heatran|Air Balloon
|-damage|p1a: him <3|53/100 brn|[from] item: Life Orb
|
|-damage|p1a: him <3|47/100 brn|[from] brn
|upkeep
|turn|8
|
|t:|1758321460
|move|p2a: Heatran|Will-O-Wisp|p1a: him <3
|-fail|p1a: him <3|brn
|move|p1a: him <3|Earthquake|p2a: Heatran
|-supereffective|p2a: Heatran
|-damage|p2a: Heatran|3/100
|-damage|p1a: him <3|37/100 brn|[from] item: Life Orb
|
|-damage|p1a: him <3|31/100 brn|[from] brn
|upkeep
|turn|9
|c| duckycrater|Duckular what the fuck are you loading
|
|t:|1758321464
|switch|p2a: Cresselia|Cresselia, F, tera:Electric|57/100
|move|p1a: him <3|Liquidation|p2a: Cresselia
|-damage|p2a: Cresselia|48/100
|-unboost|p2a: Cresselia|def|1
|-damage|p1a: him <3|21/100 brn|[from] item: Life Orb
|
|-heal|p2a: Cresselia|55/100|[from] item: Leftovers
|-damage|p1a: him <3|15/100 brn|[from] brn
|upkeep
|turn|10
|
|t:|1758321466
|move|p2a: Cresselia|Moonlight|p2a: Cresselia
|-heal|p2a: Cresselia|100/100
|move|p1a: him <3|Gunk Shot|p2a: Cresselia|[miss]
|-miss|p1a: him <3|p2a: Cresselia
|
|-damage|p1a: him <3|8/100 brn|[from] brn
|upkeep
|turn|11
|c| duckycrater|what's the last move on this, megahorn?
|
|t:|1758321489
|move|p2a: Cresselia|Moonblast|p1a: him <3
|-resisted|p1a: him <3
|-damage|p1a: him <3|0 fnt
|faint|p1a: him <3
|
|upkeep
|c|☆Duckular|Aquillo sent it
|c|☆Duckular|I need to hit 1k elo
|c| duckycrater|aquilo what the figgity fuck have you brewed
|
|t:|1758321512
|switch|p1a: DUCKULAR|Quaquaval, M|100/100
|turn|12
|c|☆Duckular|Yo it’s me
|c|☆Duckular|that’s crazy
|
|t:|1758321528
|move|p1a: DUCKULAR|Wave Crash|p2a: Cresselia
|-damage|p2a: Cresselia|46/100
|-damage|p1a: DUCKULAR|75/100|[from] Recoil
|move|p2a: Cresselia|Calm Mind|p2a: Cresselia
|-boost|p2a: Cresselia|spa|1
|-boost|p2a: Cresselia|spd|1
|
|-heal|p2a: Cresselia|52/100|[from] item: Leftovers
|upkeep
|turn|13
|
|t:|1758321532
|move|p1a: DUCKULAR|Wave Crash|p2a: Cresselia
|-damage|p2a: Cresselia|0 fnt
|faint|p2a: Cresselia
|-damage|p1a: DUCKULAR|50/100|[from] Recoil
|
|upkeep
|
|t:|1758321537
|switch|p2a: Dondozo|Dondozo, F|100/100
|-activate|p2a: Dondozo|move: Sticky Web
|-unboost|p2a: Dondozo|spe|1
|turn|14
|c| aquiIo|goat
|j| sire clod
|c|☆Duckular|Okay so
|c| aquiIo|moxie not needed btw
|c|☆Duckular|I’m gonna let you win
|c|☆Duckular|but just so u knoe
|c|☆Duckular|u lost lmao
|c| sire clod|twelve hundred forty six american elo points?
|c|☆Duckular|but I’ll play it out so u can improve
|c| aquiIo|no duckular lock in
|c| duckycrater|does dozo not just curse up to +6 here
|c|☆Duckular|sire clod get tf out of here bruh
|inactive|Duckular has 120 seconds left.
|c|☆Duckular|who invite yo ass
|j| calaaa!!!
|
|t:|1758321579
|switch|p1a: 5 BIG BOOMS|Zarude|100/100
|move|p2a: Dondozo|Body Press|p1a: 5 BIG BOOMS
|-supereffective|p1a: 5 BIG BOOMS
|-damage|p1a: 5 BIG BOOMS|50/100
|
|upkeep
|turn|15
|c| sire clod|how the mighty have fallen....
|c| sire clod|predicted
|c| aquiIo|duckycrater nah zarude beats it
|c| duckycrater|oh right forgor ost winner fusien blew tera T1
|c|☆Duckular|Sire clod also predicted yo sorry ass Bein here
|c|☆Duckular|so it looks like we’re even
|inactive|fujizen has 120 seconds left.
|c| aquiIo|😭
|
|t:|1758321613
|move|p1a: 5 BIG BOOMS|Nasty Plot|p1a: 5 BIG BOOMS
|-boost|p1a: 5 BIG BOOMS|spa|2
|move|p2a: Dondozo|Body Press|p1a: 5 BIG BOOMS
|-supereffective|p1a: 5 BIG BOOMS
|-damage|p1a: 5 BIG BOOMS|6/100
|
|upkeep
|turn|16
|
|t:|1758321617
|move|p1a: 5 BIG BOOMS|Giga Drain|p2a: Dondozo
|-supereffective|p2a: Dondozo
|-damage|p2a: Dondozo|20/100
|-heal|p1a: 5 BIG BOOMS|61/100|[from] drain|[of] p2a: Dondozo
|-damage|p1a: 5 BIG BOOMS|51/100|[from] item: Life Orb
|move|p2a: Dondozo|Body Press|p1a: 5 BIG BOOMS
|-supereffective|p1a: 5 BIG BOOMS
|-damage|p1a: 5 BIG BOOMS|2/100
|
|-heal|p2a: Dondozo|26/100|[from] item: Leftovers
|upkeep
|turn|17
|
|t:|1758321622
|move|p1a: 5 BIG BOOMS|Giga Drain|p2a: Dondozo
|-supereffective|p2a: Dondozo
|-crit|p2a: Dondozo
|-damage|p2a: Dondozo|0 fnt
|-heal|p1a: 5 BIG BOOMS|19/100|[from] drain|[of] p2a: Dondozo
|faint|p2a: Dondozo
|-damage|p1a: 5 BIG BOOMS|9/100|[from] item: Life Orb
|
|upkeep
|c| aquiIo|goat
|c| sire clod|the shit is this
|
|t:|1758321625
|switch|p2a: Slowking|Slowking-Galar, F|100/100
|turn|18
|c|☆Duckular|Damn crit mattered
|c|☆Duckular|Okay so wait
|c|☆Duckular|u see the dark type
|c| duckycrater|you should've died to the second body press smh
|c|☆Duckular|u know psychic is weak to dark right
|c| sire clod|i see the life orb, thats what i see
|c| sire clod|i see 9%
|inactive|Duckular has 120 seconds left.
|c| duckycrater|duckular your team strucutre means that nothing is actually "predictacble" against you
|c|☆Duckular|Idk maybe I’m rusty
|c| duckycrater|I see a clodsire I see a life orb
|c|☆Duckular|do people run Phys def glowking now
|c| duckycrater|that zarude might not even have dark pulse
|c| calaaa!!!|they changed that interaction in dlc3 duckular
|c| sire clod|colbur
|c|☆Duckular|Ohhhh Shi mb
|inactive|Duckular has 90 seconds left.
|c| calaaa!!!|psychic beats dark now
|c| calaaa!!!|pretty cool
|c| aquiIo|true
|c|☆Duckular|Nice
|c| sire clod|colbur
|c| sire clod|calling it rn
|c|☆Duckular|Deoxys glaze is appreciated
|
|t:|1758321700
|move|p1a: 5 BIG BOOMS|Leaf Storm|p2a: Slowking
|-resisted|p2a: Slowking
|-damage|p2a: Slowking|61/100
|-unboost|p1a: 5 BIG BOOMS|spa|2
|-damage|p1a: 5 BIG BOOMS|0 fnt|[from] item: Life Orb
|faint|p1a: 5 BIG BOOMS
|move|p2a: Slowking|Toxic Spikes|p1: 5 BIG BOOMS
|-sidestart|p1: Duckular|move: Toxic Spikes
|
|upkeep
|c| duckycrater|I called it
|c| duckycrater|no dark move
|c| aquiIo|LLOOOOOOOOLL
|c| sire clod|LOOOOOOOOOOOOOOOOOOOOL
|c| duckycrater|GOAT
|c|☆Duckular|Lol
|
|t:|1758321718
|switch|p1a: STACKIN BENS|Gholdengo|100/100
|turn|19
|l| calaaa!!!
|
|t:|1758321733
|switch|p2a: Heatran|Heatran, F|3/100
|-activate|p2a: Heatran|move: Sticky Web
|-unboost|p2a: Heatran|spe|1
|move|p1a: STACKIN BENS|Substitute|p1a: STACKIN BENS
|-start|p1a: STACKIN BENS|Substitute
|-damage|p1a: STACKIN BENS|76/100
|
|upkeep
|turn|20
|
|t:|1758321736
|move|p1a: STACKIN BENS|Poltergeist||[still]
|-fail|p1a: STACKIN BENS
|move|p2a: Heatran|Magma Storm|p1a: STACKIN BENS
|-supereffective|p1a: STACKIN BENS
|-end|p1a: STACKIN BENS|Substitute
|
|upkeep
|turn|21
|c|☆Duckular|Shit
|c| aquiIo|?
|j| calaaa!!!
|c|☆Duckular|I forgot
|c| sire clod|,
|c|☆Duckular|uhhhhhhh
|inactive|Duckular has 90 seconds left.
|
|t:|1758321749
|switch|p1a: WEBSURFA|Araquanid, F|100/100
|-status|p1a: WEBSURFA|psn
|move|p2a: Heatran|Magma Storm|p1a: WEBSURFA|[miss]
|-miss|p2a: Heatran|p1a: WEBSURFA
|
|-damage|p1a: WEBSURFA|88/100 psn|[from] psn
|upkeep
|turn|22
|c| duckycrater|you may be the woat for that
|c| sire clod|its def focus punch last too LOL
|c| sire clod|he doesnt have a move to hit tran
|c|☆Duckular|Nah I do
|c|☆Duckular|I’m just washed
|inactive|fujizen has 120 seconds left.
|c| calaaa!!!|sub punch ghold
|c|☆Duckular|Yo fusien PLEASE don’t lose this
|c| calaaa!!!|the annihilape coverage
|
|t:|1758321793
|move|p2a: Heatran|Protect|p2a: Heatran
|-singleturn|p2a: Heatran|Protect
|move|p1a: WEBSURFA|Chilling Water|p2a: Heatran
|-activate|p2a: Heatran|move: Protect
|
|-damage|p1a: WEBSURFA|76/100 psn|[from] psn
|upkeep
|turn|23
|
|t:|1758321801
|switch|p2a: Volcanion|Volcanion|100/100
|-activate|p2a: Volcanion|move: Sticky Web
|-unboost|p2a: Volcanion|spe|1
|move|p1a: WEBSURFA|Chilling Water|p2a: Volcanion
|-immune|p2a: Volcanion|[from] ability: Water Absorb
|
|-damage|p1a: WEBSURFA|64/100 psn|[from] psn
|upkeep
|turn|24
|inactive|fujizen has 120 seconds left.
|c| sire clod|u getting cooked rn
|
|t:|1758321812
|move|p2a: Volcanion|Fire Blast|p1a: WEBSURFA
|-damage|p1a: WEBSURFA|33/100 psn
|move|p1a: WEBSURFA|Blizzard|p2a: Volcanion|[miss]
|-miss|p1a: WEBSURFA|p2a: Volcanion
|
|-damage|p1a: WEBSURFA|21/100 psn|[from] psn
|upkeep
|turn|25
|c| sire clod|i cant lie
|inactive|Duckular has 120 seconds left.
|inactive|fujizen has 120 seconds left.
|c| calaaa!!!|fusiens got a fire team
|c|☆Duckular|Sire clod that’s the point dumbass
|c| aquiIo|sob emoji
|
|t:|1758321826
|move|p2a: Volcanion|Earth Power|p1a: WEBSURFA
|-resisted|p1a: WEBSURFA
|-damage|p1a: WEBSURFA|5/100 psn
|move|p1a: WEBSURFA|Blizzard|p2a: Volcanion|[miss]
|-miss|p1a: WEBSURFA|p2a: Volcanion
|
|-damage|p1a: WEBSURFA|0 fnt|[from] psn
|faint|p1a: WEBSURFA
|upkeep
|c| calaaa!!!|can you pass me the paste after
|inactive|Duckular has 120 seconds left.
|
|t:|1758321838
|switch|p1a: DUCKULAR|Quaquaval, M|50/100
|-status|p1a: DUCKULAR|psn
|turn|26
|c| aquiIo|lowk
|c| aquiIo|haxorus wins
|c| aquiIo|oh
|inactive|fujizen has 120 seconds left.
|c|☆Duckular|Nah he got a t spike ip
|c| sire clod|gonna be specs haxo
|c| duckycrater|aquilo, whats the haxorus set?
|
|t:|1758321857
|switch|p2a: Slowking|Slowking-Galar, F|94/100
|move|p1a: DUCKULAR|Brick Break|p2a: Slowking
|-resisted|p2a: Slowking
|-damage|p2a: Slowking|84/100
|
|-damage|p1a: DUCKULAR|38/100 psn|[from] psn
|upkeep
|turn|27
|c| aquiIo|uh
|c| aquiIo|ull see
|inactive|fujizen has 120 seconds left.
|
|t:|1758321864
|switch|p1a: STACKIN BENS|Gholdengo|76/100
|move|p2a: Slowking|Future Sight|p1a: STACKIN BENS
|-start|p2a: Slowking|move: Future Sight
|
|upkeep
|turn|28
|
|t:|1758321873
|move|p1a: STACKIN BENS|Substitute|p1a: STACKIN BENS
|-start|p1a: STACKIN BENS|Substitute
|-damage|p1a: STACKIN BENS|51/100
|move|p2a: Slowking|Toxic Spikes|p1a: STACKIN BENS
|-sidestart|p1: Duckular|move: Toxic Spikes
|
|upkeep
|turn|29
|
|t:|1758321878
|move|p1a: STACKIN BENS|Poltergeist|p2a: Slowking
|-activate|p2a: Slowking|move: Poltergeist|Heavy-Duty Boots
|-supereffective|p2a: Slowking
|-damage|p2a: Slowking|0 fnt
|faint|p2a: Slowking
|
|-end|p1a: STACKIN BENS|move: Future Sight
|-resisted|p1a: STACKIN BENS
|-end|p1a: STACKIN BENS|Substitute
|upkeep
|
|t:|1758321888
|switch|p2a: Volcanion|Volcanion|100/100
|-activate|p2a: Volcanion|move: Sticky Web
|-unboost|p2a: Volcanion|spe|1
|turn|30
|
|t:|1758321893
|move|p1a: STACKIN BENS|Thunder Wave|p2a: Volcanion
|-status|p2a: Volcanion|par
|cant|p2a: Volcanion|par
|
|upkeep
|turn|31
|
|t:|1758321895
|move|p1a: STACKIN BENS|Substitute|p1a: STACKIN BENS
|-start|p1a: STACKIN BENS|Substitute
|-damage|p1a: STACKIN BENS|26/100
|move|p2a: Volcanion|Earth Power|p1a: STACKIN BENS
|-supereffective|p1a: STACKIN BENS
|-end|p1a: STACKIN BENS|Substitute
|
|upkeep
|turn|32
|
|t:|1758321897
|move|p1a: STACKIN BENS|Substitute|p1a: STACKIN BENS
|-start|p1a: STACKIN BENS|Substitute
|-damage|p1a: STACKIN BENS|1/100
|-enditem|p1a: STACKIN BENS|Liechi Berry|[eat]
|-boost|p1a: STACKIN BENS|atk|1|[from] item: Liechi Berry
|move|p2a: Volcanion|Earth Power|p1a: STACKIN BENS
|-supereffective|p1a: STACKIN BENS
|-end|p1a: STACKIN BENS|Substitute
|
|upkeep
|turn|33
|
|t:|1758321901
|move|p1a: STACKIN BENS|Poltergeist|p2a: Volcanion
|-activate|p2a: Volcanion|move: Poltergeist|Assault Vest
|-damage|p2a: Volcanion|50/100 par
|cant|p2a: Volcanion|par
|
|upkeep
|turn|34
|
|t:|1758321905
|move|p1a: STACKIN BENS|Poltergeist|p2a: Volcanion
|-activate|p2a: Volcanion|move: Poltergeist|Assault Vest
|-damage|p2a: Volcanion|5/100 par
|cant|p2a: Volcanion|par
|
|upkeep
|turn|35
|c| duckycrater|lucky and bad?
|
|t:|1758321909
|move|p1a: STACKIN BENS|Poltergeist|p2a: Volcanion
|-activate|p2a: Volcanion|move: Poltergeist|Assault Vest
|-damage|p2a: Volcanion|0 fnt
|faint|p2a: Volcanion
|
|upkeep
|c| aquiIo|packed
|c| sire clod|(disturbed)
|c|☆Duckular|Nice
|
|t:|1758321915
|switch|p2a: Great Tusk|Great Tusk|100/100
|turn|36
|c|☆Duckular|wait shit
|c|☆Duckular|I’m supposed o to be losing
|c|☆Duckular|I forgot
|c| aquiIo|nah duckular
|
|t:|1758321928
|move|p2a: Great Tusk|Ice Spinner|p1a: STACKIN BENS
|-resisted|p1a: STACKIN BENS
|-damage|p1a: STACKIN BENS|0 fnt
|faint|p1a: STACKIN BENS
|
|upkeep
|
|t:|1758321930
|switch|p1a: DUCKULAR|Quaquaval, M|38/100 psn
|turn|37
|c| aquiIo|actually try here
|c| aquiIo|ull lose the majority of games
|c| aquiIo|dw
|
|t:|1758321943
|move|p1a: DUCKULAR|Wave Crash|p2a: Great Tusk
|-supereffective|p2a: Great Tusk
|-damage|p2a: Great Tusk|21/100
|-damage|p1a: DUCKULAR|7/100 psn|[from] Recoil
|move|p2a: Great Tusk|Headlong Rush|p1a: DUCKULAR
|-damage|p1a: DUCKULAR|0 fnt
|-unboost|p2a: Great Tusk|def|1
|-unboost|p2a: Great Tusk|spd|1
|faint|p1a: DUCKULAR
|
|upkeep
|
|t:|1758321945
|switch|p1a: STOMPING GROUND|Haxorus, F|100/100
|-status|p1a: STOMPING GROUND|tox
|-ability|p1a: STOMPING GROUND|Mold Breaker
|turn|38
|
|t:|1758321952
|-end|p2a: Great Tusk|Protosynthesis|[silent]
|switch|p2a: Heatran|Heatran, F|3/100
|-activate|p2a: Heatran|move: Sticky Web
|-unboost|p2a: Heatran|spe|1
|move|p1a: STOMPING GROUND|Outrage|p2a: Heatran
|-resisted|p2a: Heatran
|-damage|p2a: Heatran|0 fnt
|faint|p2a: Heatran
|-damage|p1a: STOMPING GROUND|91/100 tox|[from] item: Life Orb
|
|-damage|p1a: STOMPING GROUND|84/100 tox|[from] psn
|upkeep
|
|t:|1758321956
|switch|p2a: Great Tusk|Great Tusk|21/100
|turn|39
|c|☆Duckular|Okay so
|c|☆Duckular|I’m gonna forfeit
|c|☆Duckular|but u lost lol
|c| aquiIo|WHAT
|c|☆Duckular|gg wp
|-message|Duckular forfeited.
|
|win|fujizen
