|j|☆Wisevan
|j|☆123ezaqsd
|t:|1758274959
|gametype|singles
|player|p1|Wisevan|brycenman|1083
|player|p2|123ezaqsd|265|1117
|gen|9
|tier|[Gen 9] OU
|rated|
|rule|HP Percentage Mod: HP is shown in percentages
|rule|Endless Battle Clause: Forcing endless battles is banned
|rule|Species Clause: Limit one of each Pokémon
|rule|OHKO Clause: OHKO moves are banned
|rule|Evasion Items Clause: Evasion items are banned
|rule|Evasion Moves Clause: Evasion moves are banned
|rule|Evasion Abilities Clause: Evasion abilities are banned
|rule|Sleep Moves Clause: Sleep-inducing moves are banned
|clearpoke
|poke|p1|Lokix, F|
|poke|p1|Tyranitar, F|
|poke|p1|Garganacl, M|
|poke|p1|Scyther, F|
|poke|p1|Sylveon, F|
|poke|p1|Gimmighoul-Roaming|
|poke|p2|Hydrapple, F|
|poke|p2|Kingambit, M|
|poke|p2|Iron Boulder|
|poke|p2|Latias, F|
|poke|p2|Skeledirge, M|
|poke|p2|Keldeo-Resolute|
|teampreview
|
|t:|1758274973
|teamsize|p1|6
|teamsize|p2|6
|start
|switch|p1a: SpaceDemonBemular|Tyranitar, F|100/100
|switch|p2a: Keldeo|Keldeo-Resolute, shiny|100/100
|-weather|Sandstorm|[from] ability: Sand Stream|[of] p1a: SpaceDemonBemular
|turn|1
|
|t:|1758274984
|switch|p1a: Gabagool|Gimmighoul-Roaming|100/100
|move|p2a: Keldeo|Secret Sword|p1a: Gabagool
|-immune|p1a: Gabagool
|
|-weather|Sandstorm|[upkeep]
|-damage|p2a: Keldeo|94/100|[from] Sandstorm
|-damage|p1a: Gabagool|94/100|[from] Sandstorm
|upkeep
|turn|2
|
|t:|1758274994
|move|p2a: Keldeo|Flip Turn|p1a: Gabagool
|-damage|p1a: Gabagool|41/100
|
|t:|1758275002
|switch|p2a: Skeledirge|Skeledirge, M|100/100|[from] Flip Turn
|move|p1a: Gabagool|Confuse Ray|p2a: Skeledirge
|-start|p2a: Skeledirge|confusion
|
|-weather|Sandstorm|[upkeep]
|-damage|p1a: Gabagool|35/100|[from] Sandstorm
|-damage|p2a: Skeledirge|94/100|[from] Sandstorm
|upkeep
|turn|3
|inactive|Battle timer is ON: inactive players will automatically lose when time's up. (requested by 123ezaqsd)
|
|t:|1758275025
|move|p1a: Gabagool|Confuse Ray||[still]
|-fail|p1a: Gabagool
|-activate|p2a: Skeledirge|confusion
|move|p2a: Skeledirge|Hex|p1a: Gabagool
|-supereffective|p1a: Gabagool
|-damage|p1a: Gabagool|0 fnt
|faint|p1a: Gabagool
|
|-weather|Sandstorm|[upkeep]
|-damage|p2a: Skeledirge|88/100|[from] Sandstorm
|upkeep
|
|t:|1758275033
|switch|p1a: SpaceDemonBemular|Tyranitar, F|100/100
|turn|4
|
|t:|1758275039
|switch|p2a: Hydrapple|Hydrapple, F, shiny|100/100
|move|p1a: SpaceDemonBemular|Stealth Rock|p2a: Hydrapple
|-sidestart|p2: 123ezaqsd|move: Stealth Rock
|
|-weather|Sandstorm|[upkeep]
|-damage|p2a: Hydrapple|94/100|[from] Sandstorm
|upkeep
|turn|5
|
|t:|1758275049
|move|p1a: SpaceDemonBemular|Ice Fang|p2a: Hydrapple
|-supereffective|p2a: Hydrapple
|-damage|p2a: Hydrapple|46/100
|move|p2a: Hydrapple|Giga Drain|p1a: SpaceDemonBemular
|-supereffective|p1a: SpaceDemonBemular
|-damage|p1a: SpaceDemonBemular|61/100
|-heal|p2a: Hydrapple|62/100|[from] drain|[of] p1a: SpaceDemonBemular
|
|-weather|none
|upkeep
|turn|6
|
|t:|1758275060
|switch|p2a: Keldeo|Keldeo-Resolute, shiny|94/100
|-damage|p2a: Keldeo|88/100|[from] Stealth Rock
|move|p1a: SpaceDemonBemular|Ice Fang|p2a: Keldeo
|-resisted|p2a: Keldeo
|-damage|p2a: Keldeo|75/100
|
|upkeep
|turn|7
|
|t:|1758275082
|-terastallize|p1a: SpaceDemonBemular|Ground
|move|p2a: Keldeo|Secret Sword|p1a: SpaceDemonBemular
|-damage|p1a: SpaceDemonBemular|20/100
|move|p1a: SpaceDemonBemular|Earthquake|p2a: Keldeo
|-damage|p2a: Keldeo|8/100
|
|upkeep
|turn|8
|
|t:|1758275092
|move|p2a: Keldeo|Surf|p1a: SpaceDemonBemular
|-supereffective|p1a: SpaceDemonBemular
|-damage|p1a: SpaceDemonBemular|0 fnt
|faint|p1a: SpaceDemonBemular
|
|upkeep
|
|t:|1758275096
|switch|p1a: KamennRiderBlackRX|Lokix, F|100/100
|turn|9
|
|t:|1758275112
|move|p1a: KamennRiderBlackRX|First Impression|p2a: Keldeo
|-resisted|p2a: Keldeo
|-damage|p2a: Keldeo|0 fnt
|faint|p2a: Keldeo
|
|upkeep
|
|t:|1758275118
|switch|p2a: Skeledirge|Skeledirge, M|88/100
|turn|10
|
|t:|1758275124
|switch|p1a: Minecraft 2|Garganacl, M|100/100
|move|p2a: Skeledirge|Torch Song|p1a: Minecraft 2
|-resisted|p1a: Minecraft 2
|-damage|p1a: Minecraft 2|88/100
|-boost|p2a: Skeledirge|spa|1
|
|upkeep
|turn|11
|
|t:|1758275137
|switch|p2a: Hydrapple|Hydrapple, F, shiny|96/100
|move|p1a: Minecraft 2|Salt Cure|p2a: Hydrapple
|-damage|p2a: Hydrapple|87/100
|-start|p2a: Hydrapple|Salt Cure
|
|-damage|p2a: Hydrapple|75/100|[from] Salt Cure
|upkeep
|turn|12
|
|t:|1758275145
|move|p1a: Minecraft 2|Protect|p1a: Minecraft 2
|-singleturn|p1a: Minecraft 2|Protect
|move|p2a: Hydrapple|Giga Drain|p1a: Minecraft 2
|-activate|p1a: Minecraft 2|move: Protect
|
|-damage|p2a: Hydrapple|63/100|[from] Salt Cure
|upkeep
|turn|13
|
|t:|1758275164
|move|p2a: Hydrapple|Giga Drain|p1a: Minecraft 2
|-supereffective|p1a: Minecraft 2
|-damage|p1a: Minecraft 2|28/100
|-heal|p2a: Hydrapple|92/100|[from] drain|[of] p1a: Minecraft 2
|move|p1a: Minecraft 2|Recover|p1a: Minecraft 2
|-heal|p1a: Minecraft 2|78/100
|
|-damage|p2a: Hydrapple|79/100|[from] Salt Cure
|upkeep
|turn|14
|
|t:|1758275171
|move|p1a: Minecraft 2|Protect|p1a: Minecraft 2
|-singleturn|p1a: Minecraft 2|Protect
|move|p2a: Hydrapple|Nasty Plot|p2a: Hydrapple
|-boost|p2a: Hydrapple|spa|2
|
|-damage|p2a: Hydrapple|67/100|[from] Salt Cure
|upkeep
|turn|15
|
|t:|1758275192
|switch|p1a: Buggle|Scyther, F|100/100
|move|p2a: Hydrapple|Giga Drain|p1a: Buggle
|-resisted|p1a: Buggle
|-damage|p1a: Buggle|86/100
|-heal|p2a: Hydrapple|72/100|[from] drain|[of] p1a: Buggle
|
|-damage|p2a: Hydrapple|60/100|[from] Salt Cure
|upkeep
|turn|16
|
|t:|1758275201
|switch|p2a: Skeledirge|Skeledirge, M|88/100
|move|p1a: Buggle|Swords Dance|p1a: Buggle
|-boost|p1a: Buggle|atk|2
|
|upkeep
|turn|17
|
|t:|1758275213
|move|p1a: Buggle|X-Scissor|p2a: Skeledirge
|-resisted|p2a: Skeledirge
|-damage|p2a: Skeledirge|82/100
|move|p2a: Skeledirge|Torch Song|p1a: Buggle
|-supereffective|p1a: Buggle
|-damage|p1a: Buggle|30/100
|-boost|p2a: Skeledirge|spa|1
|
|upkeep
|turn|18
|
|t:|1758275222
|switch|p1a: Minecraft 2|Garganacl, M|78/100
|move|p2a: Skeledirge|Torch Song|p1a: Minecraft 2
|-resisted|p1a: Minecraft 2
|-damage|p1a: Minecraft 2|58/100
|-boost|p2a: Skeledirge|spa|1
|
|upkeep
|turn|19
|
|t:|1758275237
|switch|p2a: Hydrapple|Hydrapple, F, shiny|93/100
|move|p1a: Minecraft 2|Salt Cure|p2a: Hydrapple
|-damage|p2a: Hydrapple|85/100
|-start|p2a: Hydrapple|Salt Cure
|
|-damage|p2a: Hydrapple|73/100|[from] Salt Cure
|upkeep
|turn|20
|
|t:|1758275247
|switch|p1a: Buggle|Scyther, F|30/100
|move|p2a: Hydrapple|Nasty Plot|p2a: Hydrapple
|-boost|p2a: Hydrapple|spa|2
|
|-damage|p2a: Hydrapple|60/100|[from] Salt Cure
|upkeep
|turn|21
|
|t:|1758275260
|switch|p2a: Skeledirge|Skeledirge, M|82/100
|move|p1a: Buggle|X-Scissor|p2a: Skeledirge
|-resisted|p2a: Skeledirge
|-damage|p2a: Skeledirge|73/100
|
|upkeep
|turn|22
|
|t:|1758275273
|move|p1a: Buggle|Swords Dance|p1a: Buggle
|-boost|p1a: Buggle|atk|2
|move|p2a: Skeledirge|Torch Song|p1a: Buggle
|-supereffective|p1a: Buggle
|-damage|p1a: Buggle|0 fnt
|-boost|p2a: Skeledirge|spa|1
|faint|p1a: Buggle
|
|upkeep
|
|t:|1758275276
|switch|p1a: Minecraft 2|Garganacl, M|58/100
|turn|23
|
|t:|1758275287
|switch|p2a: Hydrapple|Hydrapple, F, shiny|94/100
|move|p1a: Minecraft 2|Salt Cure|p2a: Hydrapple
|-damage|p2a: Hydrapple|86/100
|-start|p2a: Hydrapple|Salt Cure
|
|-damage|p2a: Hydrapple|74/100|[from] Salt Cure
|upkeep
|turn|24
|
|t:|1758275301
|move|p2a: Hydrapple|Giga Drain|p1a: Minecraft 2
|-supereffective|p1a: Minecraft 2
|-damage|p1a: Minecraft 2|0 fnt
|-heal|p2a: Hydrapple|100/100|[from] drain|[of] p1a: Minecraft 2
|faint|p1a: Minecraft 2
|
|-damage|p2a: Hydrapple|88/100|[from] Salt Cure
|upkeep
|
|t:|1758275312
|switch|p1a: KamennRiderBlackRX|Lokix, F|100/100
|turn|25
|
|t:|1758275319
|switch|p2a: Skeledirge|Skeledirge, M|73/100
|move|p1a: KamennRiderBlackRX|Knock Off|p2a: Skeledirge
|-supereffective|p2a: Skeledirge
|-damage|p2a: Skeledirge|0 fnt
|-enditem|p2a: Skeledirge|Heavy-Duty Boots|[from] move: Knock Off|[of] p1a: KamennRiderBlackRX
|faint|p2a: Skeledirge
|
|upkeep
|inactive|123ezaqsd has 120 seconds left.
|
|t:|1758275352
|switch|p2a: Iron Boulder|Iron Boulder|100/100
|-damage|p2a: Iron Boulder|88/100|[from] Stealth Rock
|-enditem|p2a: Iron Boulder|Booster Energy
|-activate|p2a: Iron Boulder|ability: Quark Drive|[fromitem]
|-start|p2a: Iron Boulder|quarkdrivespe
|turn|26
|
|t:|1758275369
|switch|p1a: Freddie|Sylveon, F|100/100
|move|p2a: Iron Boulder|Mighty Cleave|p1a: Freddie
|-damage|p1a: Freddie|61/100
|-damage|p2a: Iron Boulder|72/100|[from] item: Rocky Helmet|[of] p1a: Freddie
|
|upkeep
|turn|27
|
|t:|1758275381
|-end|p2a: Iron Boulder|Quark Drive|[silent]
|switch|p2a: Latias|Latias, F, shiny|100/100
|-damage|p2a: Latias|88/100|[from] Stealth Rock
|move|p1a: Freddie|Draining Kiss|p2a: Latias
|-supereffective|p2a: Latias
|-crit|p2a: Latias
|-damage|p2a: Latias|40/100
|-heal|p1a: Freddie|91/100|[from] drain|[of] p2a: Latias
|-enditem|p2a: Latias|Weakness Policy
|-boost|p2a: Latias|atk|2|[from] item: Weakness Policy
|-boost|p2a: Latias|spa|2|[from] item: Weakness Policy
|
|upkeep
|turn|28
|
|t:|1758275391
|move|p2a: Latias|Thunderbolt|p1a: Freddie
|-damage|p1a: Freddie|53/100
|move|p1a: Freddie|Draining Kiss|p2a: Latias
|-supereffective|p2a: Latias
|-damage|p2a: Latias|8/100
|-heal|p1a: Freddie|72/100|[from] drain|[of] p2a: Latias
|
|upkeep
|turn|29
|
|t:|1758275400
|move|p2a: Latias|Thunderbolt|p1a: Freddie
|-crit|p1a: Freddie
|-damage|p1a: Freddie|21/100
|-status|p1a: Freddie|par
|move|p1a: Freddie|Draining Kiss|p2a: Latias
|-supereffective|p2a: Latias
|-damage|p2a: Latias|0 fnt
|-heal|p1a: Freddie|26/100 par|[from] drain|[of] p2a: Latias
|faint|p2a: Latias
|
|upkeep
|inactive|123ezaqsd has 120 seconds left.
|
|t:|1758275441
|switch|p2a: Kingambit|Kingambit, M|100/100
|-damage|p2a: Kingambit|94/100|[from] Stealth Rock
|-activate|p2a: Kingambit|ability: Supreme Overlord
|-start|p2a: Kingambit|fallen3|[silent]
|turn|30
|
|t:|1758275451
|move|p2a: Kingambit|Iron Head|p1a: Freddie
|-supereffective|p1a: Freddie
|-damage|p1a: Freddie|0 fnt
|-damage|p2a: Kingambit|78/100|[from] item: Rocky Helmet|[of] p1a: Freddie
|-start|p2a: Kingambit|Attract|[from] ability: Cute Charm|[of] p1a: Freddie
|faint|p1a: Freddie
|-end|p2a: Kingambit|Attract|[silent]
|
|upkeep
|
|t:|1758275454
|switch|p1a: KamennRiderBlackRX|Lokix, F|100/100
|turn|31
|
|t:|1758275478
|move|p1a: KamennRiderBlackRX|Sucker Punch|p2a: Kingambit
|-resisted|p2a: Kingambit
|-damage|p2a: Kingambit|58/100
|move|p2a: Kingambit|Iron Head|p1a: KamennRiderBlackRX
|-damage|p1a: KamennRiderBlackRX|20/100
|
|upkeep
|turn|32
|
|t:|1758275492
|move|p1a: KamennRiderBlackRX|Sucker Punch|p2a: Kingambit
|-resisted|p2a: Kingambit
|-damage|p2a: Kingambit|37/100
|move|p2a: Kingambit|Iron Head|p1a: KamennRiderBlackRX
|-damage|p1a: KamennRiderBlackRX|0 fnt
|faint|p1a: KamennRiderBlackRX
|
|win|123ezaqsd
|raw|Wisevan's rating: 1083 &rarr; <strong>1063</strong><br />(-20 for losing)
|raw|123ezaqsd's rating: 1117 &rarr; <strong>1140</strong><br />(+23 for winning)
|l|☆Wisevan
|player|p1|
|l|☆123ezaqsd
|player|p2|
