|j|☆quartzion
|j|☆Aggrhy
|t:|1758240223
|gametype|singles
|player|p1|quartzion|265|1265
|player|p2|Aggrhy|red-masters|1341
|gen|9
|tier|[Gen 9] OU
|rated|
|rule|HP Percentage Mod: HP is shown in percentages
|rule|Endless Battle Clause: Forcing endless battles is banned
|rule|Species Clause: Limit one of each Pokémon
|rule|OHKO Clause: OHKO moves are banned
|rule|Evasion Items Clause: Evasion items are banned
|rule|Evasion Moves Clause: Evasion moves are banned
|rule|Evasion Abilities Clause: Evasion abilities are banned
|rule|Sleep Moves Clause: Sleep-inducing moves are banned
|clearpoke
|poke|p1|Cinccino, F|
|poke|p1|Serperior, F|
|poke|p1|Skeledirge, M|
|poke|p1|Quaquaval, M|
|poke|p1|Toxapex, F|
|poke|p1|Oricorio-Pom-Pom, M|
|poke|p2|Pikachu, M|
|poke|p2|Lokix, M|
|poke|p2|Fezandipiti, M|
|poke|p2|Blastoise, M|
|poke|p2|Flygon, F|
|poke|p2|Vikavolt, M|
|teampreview
|inactive|Battle timer is ON: inactive players will automatically lose when time's up. (requested by Aggrhy)
|
|t:|1758240252
|teamsize|p1|6
|teamsize|p2|6
|start
|switch|p1a: Oricorio|Oricorio-Pom-Pom, M|100/100
|switch|p2a: Vikavolt|Vikavolt, M|100/100
|turn|1
|
|t:|1758240260
|move|p1a: Oricorio|Quiver Dance|p1a: Oricorio
|-boost|p1a: Oricorio|spa|1
|-boost|p1a: Oricorio|spd|1
|-boost|p1a: Oricorio|spe|1
|move|p2a: Vikavolt|Discharge|p1a: Oricorio
|-damage|p1a: Oricorio|58/100
|
|-heal|p1a: Oricorio|64/100|[from] item: Leftovers
|upkeep
|turn|2
|
|t:|1758240271
|switch|p2a: Fezandipiti|Fezandipiti, M|100/100
|move|p1a: Oricorio|Quiver Dance|p1a: Oricorio
|-boost|p1a: Oricorio|spa|1
|-boost|p1a: Oricorio|spd|1
|-boost|p1a: Oricorio|spe|1
|
|-heal|p1a: Oricorio|70/100|[from] item: Leftovers
|upkeep
|turn|3
|
|t:|1758240295
|move|p1a: Oricorio|Air Slash|p2a: Fezandipiti
|-damage|p2a: Fezandipiti|65/100
|move|p2a: Fezandipiti|Nasty Plot|p2a: Fezandipiti
|-boost|p2a: Fezandipiti|spa|2
|
|-heal|p1a: Oricorio|76/100|[from] item: Leftovers
|-heal|p2a: Fezandipiti|71/100|[from] item: Leftovers
|upkeep
|turn|4
|
|t:|1758240307
|move|p1a: Oricorio|Quiver Dance|p1a: Oricorio
|-boost|p1a: Oricorio|spa|1
|-boost|p1a: Oricorio|spd|1
|-boost|p1a: Oricorio|spe|1
|move|p2a: Fezandipiti|Roost|p2a: Fezandipiti
|-heal|p2a: Fezandipiti|100/100
|-singleturn|p2a: Fezandipiti|move: Roost
|
|-heal|p1a: Oricorio|83/100|[from] item: Leftovers
|upkeep
|turn|5
|
|t:|1758240317
|move|p1a: Oricorio|Revelation Dance|p2a: Fezandipiti
|-damage|p2a: Fezandipiti|43/100
|move|p2a: Fezandipiti|Moonblast|p1a: Oricorio
|-damage|p1a: Oricorio|53/100
|
|-heal|p1a: Oricorio|60/100|[from] item: Leftovers
|-heal|p2a: Fezandipiti|49/100|[from] item: Leftovers
|upkeep
|turn|6
|
|t:|1758240328
|move|p1a: Oricorio|Revelation Dance|p2a: Fezandipiti
|-damage|p2a: Fezandipiti|0 fnt
|faint|p2a: Fezandipiti
|
|-heal|p1a: Oricorio|66/100|[from] item: Leftovers
|upkeep
|
|t:|1758240341
|switch|p2a: Lokix|Lokix, M|100/100
|turn|7
|inactive|quartzion has 120 seconds left.
|
|t:|1758240395
|move|p1a: Oricorio|Air Slash|p2a: Lokix
|-supereffective|p2a: Lokix
|-damage|p2a: Lokix|0 fnt
|faint|p2a: Lokix
|
|-heal|p1a: Oricorio|72/100|[from] item: Leftovers
|upkeep
|-message|Aggrhy forfeited.
|
|win|quartzion
|raw|quartzion's rating: 1236 &rarr; <strong>1268</strong><br />(+32 for winning)
|raw|Aggrhy's rating: 1341 &rarr; <strong>1315</strong><br />(-26 for losing)
|l|☆Aggrhy
|player|p2|
|l|☆quartzion
|player|p1|
