|j|☆A Regular Plumbus
|j|☆OscarGamble
|t:|1758295867
|gametype|singles
|player|p1|A Regular Plumbus|baker|1476
|player|p2|OscarGamble|266|1472
|gen|9
|tier|[Gen 9] OU
|rated|
|rule|HP Percentage Mod: HP is shown in percentages
|rule|Endless Battle Clause: Forcing endless battles is banned
|rule|Species Clause: Limit one of each Pokémon
|rule|OHKO Clause: OHKO moves are banned
|rule|Evasion Items Clause: Evasion items are banned
|rule|Evasion Moves Clause: Evasion moves are banned
|rule|Evasion Abilities Clause: Evasion abilities are banned
|rule|Sleep Moves Clause: Sleep-inducing moves are banned
|clearpoke
|poke|p1|Chesnaught, F|
|poke|p1|Armarouge, M|
|poke|p1|Thundurus-Therian, M|
|poke|p1|Tentacruel, F|
|poke|p1|Tornadus-Therian, M|
|poke|p1|Garganacl, F|
|poke|p2|Alomomola, F|
|poke|p2|Hydrapple, M|
|poke|p2|Scizor, M|
|poke|p2|Gholdengo|
|poke|p2|Great Tusk|
|poke|p2|Kyurem|
|teampreview
|inactive|Battle timer is ON: inactive players will automatically lose when time's up. (requested by A Regular Plumbus)
|
|t:|1758295895
|teamsize|p1|6
|teamsize|p2|6
|start
|switch|p1a: Chesnaught|Chesnaught, F|100/100
|switch|p2a: Gholdengo|Gholdengo|100/100
|turn|1
|
|t:|1758295903
|switch|p1a: Tentacruel|Tentacruel, F|100/100
|move|p2a: Gholdengo|Make It Rain|p1a: Tentacruel
|-resisted|p1a: Tentacruel
|-damage|p1a: Tentacruel|75/100
|-unboost|p2a: Gholdengo|spa|1
|
|upkeep
|turn|2
|
|t:|1758295915
|switch|p2a: Alomomola|Alomomola, F|100/100
|move|p1a: Tentacruel|Ice Beam|p2a: Alomomola
|-resisted|p2a: Alomomola
|-damage|p2a: Alomomola|95/100
|
|upkeep
|turn|3
|
|t:|1758295919
|move|p1a: Tentacruel|Sludge Bomb|p2a: Alomomola
|-damage|p2a: Alomomola|78/100
|-status|p2a: Alomomola|psn
|move|p2a: Alomomola|Flip Turn|p1a: Tentacruel
|-resisted|p1a: Tentacruel
|-damage|p1a: Tentacruel|65/100
|
|t:|1758295924
|switch|p2a: Great Tusk|Great Tusk|100/100|[from] Flip Turn
|
|upkeep
|turn|4
|
|t:|1758295927
|switch|p1a: Tornadus|Tornadus-Therian, M|100/100
|move|p2a: Great Tusk|Knock Off|p1a: Tornadus
|-damage|p1a: Tornadus|59/100
|-enditem|p1a: Tornadus|Choice Specs|[from] move: Knock Off|[of] p2a: Great Tusk
|
|upkeep
|turn|5
|
|t:|1758295935
|-end|p2a: Great Tusk|Protosynthesis|[silent]
|switch|p2a: Alomomola|Alomomola, F|100/100 psn
|move|p1a: Tornadus|U-turn|p2a: Alomomola
|-damage|p2a: Alomomola|92/100 psn
|
|t:|1758295941
|switch|p1a: Thundurus|Thundurus-Therian, M, shiny|100/100|[from] U-turn
|
|-damage|p2a: Alomomola|79/100 psn|[from] psn
|upkeep
|turn|6
|
|t:|1758295949
|move|p1a: Thundurus|Thunderbolt|p2a: Alomomola
|-supereffective|p2a: Alomomola
|-damage|p2a: Alomomola|31/100 psn
|move|p2a: Alomomola|Mirror Coat|p1a: Thundurus
|-damage|p1a: Thundurus|0 fnt
|faint|p1a: Thundurus
|
|-damage|p2a: Alomomola|19/100 psn|[from] psn
|upkeep
|
|t:|1758295954
|switch|p1a: Tornadus|Tornadus-Therian, M|92/100
|turn|7
|
|t:|1758295960
|switch|p2a: Gholdengo|Gholdengo|100/100
|move|p1a: Tornadus|Bleakwind Storm|p2a: Gholdengo
|-resisted|p2a: Gholdengo
|-damage|p2a: Gholdengo|75/100
|-unboost|p2a: Gholdengo|spe|1
|
|upkeep
|turn|8
|
|t:|1758295970
|switch|p2a: Alomomola|Alomomola, F|52/100 psn
|move|p1a: Tornadus|Heat Wave|p2a: Alomomola
|-resisted|p2a: Alomomola
|-damage|p2a: Alomomola|44/100 psn
|
|-damage|p2a: Alomomola|31/100 psn|[from] psn
|upkeep
|turn|9
|
|t:|1758295975
|move|p1a: Tornadus|Bleakwind Storm|p2a: Alomomola
|-damage|p2a: Alomomola|5/100 psn
|move|p2a: Alomomola|Flip Turn|p1a: Tornadus
|-damage|p1a: Tornadus|69/100
|
|t:|1758295985
|switch|p2a: Gholdengo|Gholdengo|75/100|[from] Flip Turn
|
|upkeep
|turn|10
|
|t:|1758295988
|move|p2a: Gholdengo|Thunderbolt|p1a: Tornadus
|-supereffective|p1a: Tornadus
|-damage|p1a: Tornadus|0 fnt
|faint|p1a: Tornadus
|
|upkeep
|
|t:|1758295992
|switch|p1a: Armarouge|Armarouge, M|100/100
|turn|11
|
|t:|1758295999
|move|p2a: Gholdengo|Thunderbolt|p1a: Armarouge
|-crit|p1a: Armarouge
|-damage|p1a: Armarouge|50/100
|move|p1a: Armarouge|Iron Defense|p1a: Armarouge
|-boost|p1a: Armarouge|def|2
|
|-heal|p1a: Armarouge|57/100|[from] item: Leftovers
|upkeep
|turn|12
|
|t:|1758296004
|switch|p1a: Garganacl|Garganacl, F|100/100
|move|p2a: Gholdengo|Thunderbolt|p1a: Garganacl
|-damage|p1a: Garganacl|77/100
|
|-heal|p1a: Garganacl|83/100|[from] item: Leftovers
|upkeep
|turn|13
|
|t:|1758296009
|switch|p2a: Great Tusk|Great Tusk|100/100
|move|p1a: Garganacl|Salt Cure|p2a: Great Tusk
|-resisted|p2a: Great Tusk
|-damage|p2a: Great Tusk|98/100
|-start|p2a: Great Tusk|Salt Cure
|
|-heal|p1a: Garganacl|90/100|[from] item: Leftovers
|-damage|p2a: Great Tusk|86/100|[from] Salt Cure
|upkeep
|turn|14
|
|t:|1758296012
|move|p2a: Great Tusk|Stealth Rock|p1a: Garganacl
|-sidestart|p1: A Regular Plumbus|move: Stealth Rock
|move|p1a: Garganacl|Stealth Rock|p2a: Great Tusk
|-sidestart|p2: OscarGamble|move: Stealth Rock
|
|-heal|p1a: Garganacl|96/100|[from] item: Leftovers
|-damage|p2a: Great Tusk|74/100|[from] Salt Cure
|upkeep
|turn|15
|
|t:|1758296016
|move|p1a: Garganacl|Protect|p1a: Garganacl
|-singleturn|p1a: Garganacl|Protect
|move|p2a: Great Tusk|Rapid Spin|p1a: Garganacl
|-activate|p1a: Garganacl|move: Protect
|
|-heal|p1a: Garganacl|100/100|[from] item: Leftovers
|-damage|p2a: Great Tusk|61/100|[from] Salt Cure
|upkeep
|turn|16
|
|t:|1758296019
|move|p2a: Great Tusk|Rapid Spin|p1a: Garganacl
|-resisted|p1a: Garganacl
|-damage|p1a: Garganacl|96/100
|-boost|p2a: Great Tusk|spe|1
|-sideend|p2: OscarGamble|Stealth Rock|[from] move: Rapid Spin|[of] p2a: Great Tusk
|move|p1a: Garganacl|Recover|p1a: Garganacl
|-heal|p1a: Garganacl|100/100
|
|-damage|p2a: Great Tusk|49/100|[from] Salt Cure
|upkeep
|turn|17
|
|t:|1758296028
|move|p2a: Great Tusk|Knock Off|p1a: Garganacl
|-damage|p1a: Garganacl|81/100
|-enditem|p1a: Garganacl|Leftovers|[from] move: Knock Off|[of] p2a: Great Tusk
|move|p1a: Garganacl|Salt Cure|p2a: Great Tusk
|-resisted|p2a: Great Tusk
|-damage|p2a: Great Tusk|47/100
|
|-damage|p2a: Great Tusk|34/100|[from] Salt Cure
|upkeep
|turn|18
|
|t:|1758296037
|-end|p2a: Great Tusk|Protosynthesis|[silent]
|switch|p2a: Hydrapple|Hydrapple, M|100/100
|move|p1a: Garganacl|Recover|p1a: Garganacl
|-heal|p1a: Garganacl|100/100
|
|upkeep
|turn|19
|
|t:|1758296042
|switch|p1a: Tentacruel|Tentacruel, F|65/100
|move|p2a: Hydrapple|Nasty Plot|p2a: Hydrapple
|-boost|p2a: Hydrapple|spa|2
|
|upkeep
|turn|20
|
|t:|1758296049
|move|p1a: Tentacruel|Rapid Spin|p2a: Hydrapple
|-damage|p2a: Hydrapple|96/100
|-boost|p1a: Tentacruel|spe|1
|-damage|p1a: Tentacruel|48/100|[from] item: Rocky Helmet|[of] p2a: Hydrapple
|-sideend|p1: A Regular Plumbus|Stealth Rock|[from] move: Rapid Spin|[of] p1a: Tentacruel
|move|p2a: Hydrapple|Earth Power|p1a: Tentacruel
|-supereffective|p1a: Tentacruel
|-damage|p1a: Tentacruel|0 fnt
|faint|p1a: Tentacruel
|
|upkeep
|
|t:|1758296053
|switch|p1a: Garganacl|Garganacl, F|100/100
|turn|21
|
|t:|1758296057
|-terastallize|p1a: Garganacl|Ghost
|move|p2a: Hydrapple|Giga Drain|p1a: Garganacl
|-damage|p1a: Garganacl|56/100
|-heal|p2a: Hydrapple|100/100|[from] drain|[of] p1a: Garganacl
|move|p1a: Garganacl|Salt Cure|p2a: Hydrapple
|-damage|p2a: Hydrapple|93/100
|-start|p2a: Hydrapple|Salt Cure
|
|-damage|p2a: Hydrapple|81/100|[from] Salt Cure
|upkeep
|turn|22
|-message|A Regular Plumbus forfeited.
|
|win|OscarGamble
|raw|A Regular Plumbus's rating: 1476 &rarr; <strong>1456</strong><br />(-20 for losing)
|raw|OscarGamble's rating: 1472 &rarr; <strong>1492</strong><br />(+20 for winning)
|l|☆A Regular Plumbus
|player|p1|
|l|☆OscarGamble
|player|p2|
