|j|☆Leon717
|j|☆Griar
|t:|1758349496
|gametype|singles
|player|p1|Leon717|red|1278
|player|p2|Griar|169|1274
|gen|9
|tier|[Gen 9] OU
|rated|
|rule|HP Percentage Mod: HP is shown in percentages
|rule|Endless Battle Clause: Forcing endless battles is banned
|rule|Species Clause: Limit one of each Pokémon
|rule|OHKO Clause: OHKO moves are banned
|rule|Evasion Items Clause: Evasion items are banned
|rule|Evasion Moves Clause: Evasion moves are banned
|rule|Evasion Abilities Clause: Evasion abilities are banned
|rule|Sleep Moves Clause: Sleep-inducing moves are banned
|clearpoke
|poke|p1|Kingambit, M|
|poke|p1|Rillaboom, M|
|poke|p1|Primarina, F|
|poke|p1|Iron Hands|
|poke|p1|Glimmora, F|
|poke|p1|Raging Bolt|
|poke|p2|Darkrai|
|poke|p2|Corviknight, F|
|poke|p2|Gastrodon, F|
|poke|p2|Mienshao, M|
|poke|p2|Raging Bolt|
|poke|p2|Ninetales, F|
|teampreview
|
|t:|1758349505
|teamsize|p1|6
|teamsize|p2|6
|start
|switch|p1a: Glimmora|Glimmora, F|100/100
|switch|p2a: Mienshao|Mienshao, M|100/100
|turn|1
|inactive|Battle timer is ON: inactive players will automatically lose when time's up. (requested by Leon717)
|
|t:|1758349515
|move|p2a: Mienshao|Fake Out|p1a: Glimmora
|-resisted|p1a: Glimmora
|-damage|p1a: Glimmora|92/100
|-damage|p2a: Mienshao|84/100|[from] item: Rocky Helmet|[of] p1a: Glimmora
|-activate|p1a: Glimmora|ability: Toxic Debris
|-sidestart|p2: Griar|move: Toxic Spikes
|-damage|p2a: Mienshao|74/100|[from] item: Life Orb
|cant|p1a: Glimmora|flinch
|
|upkeep
|turn|2
|
|t:|1758349530
|move|p2a: Mienshao|Close Combat|p1a: Glimmora
|-damage|p1a: Glimmora|13/100
|-unboost|p2a: Mienshao|def|1
|-unboost|p2a: Mienshao|spd|1
|-damage|p2a: Mienshao|57/100|[from] item: Rocky Helmet|[of] p1a: Glimmora
|-activate|p1a: Glimmora|ability: Toxic Debris
|-sidestart|p2: Griar|move: Toxic Spikes
|-damage|p2a: Mienshao|47/100|[from] item: Life Orb
|move|p1a: Glimmora|Mortal Spin|p2a: Mienshao
|-damage|p2a: Mienshao|30/100
|-status|p2a: Mienshao|psn
|
|-damage|p2a: Mienshao|17/100 psn|[from] psn
|upkeep
|turn|3
|
|t:|1758349551
|move|p1a: Glimmora|Spiky Shield|p1a: Glimmora
|-singleturn|p1a: Glimmora|move: Protect
|move|p2a: Mienshao|Close Combat|p1a: Glimmora
|-activate|p1a: Glimmora|move: Protect
|-damage|p2a: Mienshao|5/100 psn|[from] Spiky Shield|[of] p1a: Glimmora
|
|-damage|p2a: Mienshao|0 fnt|[from] psn
|faint|p2a: Mienshao
|upkeep
|
|t:|1758349559
|switch|p2a: Corviknight|Corviknight, F|100/100
|turn|4
|
|t:|1758349570
|switch|p1a: Iron Hands|Iron Hands|100/100
|move|p2a: Corviknight|Defog|p1a: Iron Hands
|-unboost|p1a: Iron Hands|evasion|1
|-sideend|p2: Griar|Toxic Spikes|[from] move: Defog|[of] p2a: Corviknight
|
|upkeep
|turn|5
|
|t:|1758349595
|switch|p2a: Gastrodon|Gastrodon, F|100/100
|move|p1a: Iron Hands|Fake Out|p2a: Gastrodon
|-damage|p2a: Gastrodon|82/100
|
|-heal|p2a: Gastrodon|88/100|[from] item: Leftovers
|upkeep
|turn|6
|
|t:|1758349620
|-end|p1a: Iron Hands|Quark Drive|[silent]
|switch|p1a: Rillaboom|Rillaboom, M|100/100
|-fieldstart|move: Grassy Terrain|[from] ability: Grassy Surge|[of] p1a: Rillaboom
|move|p2a: Gastrodon|Stealth Rock|p1a: Rillaboom
|-sidestart|p1: Leon717|move: Stealth Rock
|
|-heal|p2a: Gastrodon|94/100|[from] Grassy Terrain
|-heal|p2a: Gastrodon|99/100|[from] item: Leftovers
|upkeep
|turn|7
|inactive|Griar has 120 seconds left.
|
|t:|1758349648
|switch|p2a: Corviknight|Corviknight, F|100/100
|move|p1a: Rillaboom|Fake Out|p2a: Corviknight
|-resisted|p2a: Corviknight
|-damage|p2a: Corviknight|96/100
|-damage|p1a: Rillaboom|84/100|[from] item: Rocky Helmet|[of] p2a: Corviknight
|
|-heal|p1a: Rillaboom|90/100|[from] Grassy Terrain
|upkeep
|turn|8
|inactive|Griar has 120 seconds left.
|
|t:|1758349664
|switch|p1a: Glimmora|Glimmora, F|13/100
|-damage|p1a: Glimmora|0 fnt|[from] Stealth Rock
|faint|p1a: Glimmora
|move|p2a: Corviknight|Brave Bird|p1: Glimmora|[notarget]
|-fail|p2a: Corviknight
|
|upkeep
|
|t:|1758349673
|switch|p1a: Iron Hands|Iron Hands|100/100
|-damage|p1a: Iron Hands|94/100|[from] Stealth Rock
|turn|9
|inactive|Griar has 120 seconds left.
|
|t:|1758349693
|switch|p2a: Gastrodon|Gastrodon, F|99/100
|-singleturn|p1a: Iron Hands|move: Focus Punch
|move|p1a: Iron Hands|Focus Punch|p2a: Gastrodon
|-damage|p2a: Gastrodon|0 fnt
|faint|p2a: Gastrodon
|
|-heal|p1a: Iron Hands|100/100|[from] Grassy Terrain
|upkeep
|inactive|Griar has 90 seconds left.
|
|t:|1758349719
|switch|p2a: Ninetales|Ninetales, F, shiny|100/100
|-weather|SunnyDay|[from] ability: Drought|[of] p2a: Ninetales
|-item|p2a: Ninetales|Air Balloon
|turn|10
|
|t:|1758349732
|move|p2a: Ninetales|Substitute|p2a: Ninetales
|-start|p2a: Ninetales|Substitute
|-damage|p2a: Ninetales|76/100
|move|p1a: Iron Hands|Supercell Slam|p2a: Ninetales
|-end|p2a: Ninetales|Substitute
|-enditem|p2a: Ninetales|Air Balloon
|
|-weather|SunnyDay|[upkeep]
|-heal|p2a: Ninetales|82/100|[from] Grassy Terrain
|-fieldend|move: Grassy Terrain
|upkeep
|turn|11
|
|t:|1758349745
|move|p2a: Ninetales|Will-O-Wisp|p1a: Iron Hands
|-status|p1a: Iron Hands|brn
|move|p1a: Iron Hands|Drain Punch|p2a: Ninetales
|-damage|p2a: Ninetales|54/100
|
|-weather|SunnyDay|[upkeep]
|-damage|p1a: Iron Hands|94/100 brn|[from] brn
|upkeep
|turn|12
|
|t:|1758349758
|move|p2a: Ninetales|Substitute|p2a: Ninetales
|-start|p2a: Ninetales|Substitute
|-damage|p2a: Ninetales|29/100
|move|p1a: Iron Hands|Supercell Slam|p2a: Ninetales
|-end|p2a: Ninetales|Substitute
|
|-weather|SunnyDay|[upkeep]
|-damage|p1a: Iron Hands|88/100 brn|[from] brn
|upkeep
|turn|13
|
|t:|1758349767
|-singleturn|p1a: Iron Hands|move: Focus Punch
|move|p2a: Ninetales|Weather Ball|p1a: Iron Hands
|-damage|p1a: Iron Hands|66/100 brn
|cant|p1a: Iron Hands|Focus Punch|Focus Punch
|
|-weather|SunnyDay|[upkeep]
|-damage|p1a: Iron Hands|60/100 brn|[from] brn
|upkeep
|turn|14
|inactive|Griar has 90 seconds left.
|
|t:|1758349796
|-singleturn|p1a: Iron Hands|move: Focus Punch
|move|p2a: Ninetales|Calm Mind|p2a: Ninetales
|-boost|p2a: Ninetales|spa|1
|-boost|p2a: Ninetales|spd|1
|move|p1a: Iron Hands|Focus Punch|p2a: Ninetales
|-damage|p2a: Ninetales|0 fnt
|faint|p2a: Ninetales
|
|-weather|none
|-damage|p1a: Iron Hands|54/100 brn|[from] brn
|upkeep
|inactive|Griar has 90 seconds left.
|-message|Griar forfeited.
|
|win|Leon717
|raw|Leon717's rating: 1278 &rarr; <strong>1303</strong><br />(+25 for winning)
|raw|Griar's rating: 1274 &rarr; <strong>1249</strong><br />(-25 for losing)
|l|☆Griar
|player|p2|
|l|☆Leon717
|player|p1|
