|j|☆Pokemon but bad
|j|☆axcen
|t:|1758300849
|gametype|singles
|player|p1|Pokemon but bad|ninjaboy|1245
|player|p2|axcen|palmer|1233
|gen|9
|tier|[Gen 9] OU
|rated|
|rule|HP Percentage Mod: HP is shown in percentages
|rule|Endless Battle Clause: Forcing endless battles is banned
|rule|Species Clause: Limit one of each Pokémon
|rule|OHKO Clause: OHKO moves are banned
|rule|Evasion Items Clause: Evasion items are banned
|rule|Evasion Moves Clause: Evasion moves are banned
|rule|Evasion Abilities Clause: Evasion abilities are banned
|rule|Sleep Moves Clause: Sleep-inducing moves are banned
|clearpoke
|poke|p1|Tyranitar, M|
|poke|p1|Excadrill, M|
|poke|p1|Tornadus-Therian, M|
|poke|p1|Tinkaton, F|
|poke|p1|Sinistcha|
|poke|p1|Toxapex, M|
|poke|p2|Vaporeon, F|
|poke|p2|Alomomola, F|
|poke|p2|Lokix, M|
|poke|p2|Slowking-Galar, M|
|poke|p2|Glaceon, M|
|poke|p2|Scizor, M|
|teampreview
|inactive|Battle timer is ON: inactive players will automatically lose when time's up. (requested by axcen)
|
|t:|1758300864
|teamsize|p1|6
|teamsize|p2|6
|start
|switch|p1a: Tornadus|Tornadus-Therian, M, shiny|100/100
|switch|p2a: Slowking|Slowking-Galar, M|100/100
|turn|1
|
|t:|1758300871
|move|p1a: Tornadus|Bleakwind Storm|p2a: Slowking
|-damage|p2a: Slowking|51/100
|move|p2a: Slowking|Future Sight|p1a: Tornadus
|-start|p2a: Slowking|move: Future Sight
|
|-heal|p2a: Slowking|57/100|[from] item: Leftovers
|upkeep
|turn|2
|
|t:|1758300880
|move|p1a: Tornadus|Bleakwind Storm|p2a: Slowking|[miss]
|-miss|p1a: Tornadus|p2a: Slowking
|move|p2a: Slowking|Thunder Wave|p1a: Tornadus|[miss]
|-miss|p2a: Slowking|p1a: Tornadus
|
|-heal|p2a: Slowking|63/100|[from] item: Leftovers
|upkeep
|turn|3
|
|t:|1758300889
|switch|p1a: Tyranitar|Tyranitar, M, shiny|100/100
|-weather|Sandstorm|[from] ability: Sand Stream|[of] p1a: Tyranitar
|move|p2a: Slowking|Sludge Bomb|p1a: Tyranitar
|-resisted|p1a: Tyranitar
|-damage|p1a: Tyranitar|84/100
|
|-weather|Sandstorm|[upkeep]
|-damage|p2a: Slowking|57/100|[from] Sandstorm
|-end|p1a: Tyranitar|move: Future Sight
|-immune|p1a: Tyranitar
|-heal|p2a: Slowking|63/100|[from] item: Leftovers
|upkeep
|turn|4
|
|t:|1758300902
|switch|p2a: Alomomola|Alomomola, F|100/100
|move|p1a: Tyranitar|Knock Off|p2a: Alomomola
|-damage|p2a: Alomomola|52/100
|-damage|p1a: Tyranitar|68/100|[from] item: Rocky Helmet|[of] p2a: Alomomola
|-enditem|p2a: Alomomola|Rocky Helmet|[from] move: Knock Off|[of] p1a: Tyranitar
|
|-weather|Sandstorm|[upkeep]
|-damage|p2a: Alomomola|46/100|[from] Sandstorm
|upkeep
|turn|5
|
|t:|1758300915
|switch|p1a: Tornadus|Tornadus-Therian, M, shiny|100/100
|move|p2a: Alomomola|Wish|p2a: Alomomola
|
|-weather|Sandstorm|[upkeep]
|-damage|p1a: Tornadus|94/100|[from] Sandstorm
|-damage|p2a: Alomomola|40/100|[from] Sandstorm
|upkeep
|turn|6
|
|t:|1758300924
|move|p2a: Alomomola|Protect|p2a: Alomomola
|-singleturn|p2a: Alomomola|Protect
|move|p1a: Tornadus|Weather Ball|p2a: Alomomola
|-activate|p2a: Alomomola|move: Protect
|
|-weather|Sandstorm|[upkeep]
|-damage|p1a: Tornadus|88/100|[from] Sandstorm
|-damage|p2a: Alomomola|33/100|[from] Sandstorm
|-heal|p2a: Alomomola|83/100|[from] move: Wish|[wisher] Alomomola
|upkeep
|turn|7
|
|t:|1758300935
|switch|p1a: Sinistcha|Sinistcha, shiny|100/100
|move|p2a: Alomomola|Flip Turn|p1a: Sinistcha
|-resisted|p1a: Sinistcha
|-damage|p1a: Sinistcha|95/100
|
|t:|1758300941
|switch|p2a: Glaceon|Glaceon, M|100/100|[from] Flip Turn
|
|-weather|none
|-heal|p1a: Sinistcha|100/100|[from] item: Leftovers
|upkeep
|turn|8
|
|t:|1758300948
|switch|p1a: Tinkaton|Tinkaton, F, shiny|100/100
|-item|p1a: Tinkaton|Air Balloon
|move|p2a: Glaceon|Ice Beam|p1a: Tinkaton
|-resisted|p1a: Tinkaton
|-damage|p1a: Tinkaton|73/100
|-enditem|p1a: Tinkaton|Air Balloon
|
|upkeep
|turn|9
|
|t:|1758300960
|switch|p2a: Alomomola|Alomomola, F|100/100
|move|p1a: Tinkaton|Stealth Rock|p2a: Alomomola
|-sidestart|p2: axcen|move: Stealth Rock
|
|upkeep
|turn|10
|
|t:|1758300979
|switch|p1a: Sinistcha|Sinistcha, shiny|100/100
|move|p2a: Alomomola|Scald|p1a: Sinistcha
|-resisted|p1a: Sinistcha
|-damage|p1a: Sinistcha|93/100
|-status|p1a: Sinistcha|brn
|
|-heal|p1a: Sinistcha|99/100 brn|[from] item: Leftovers
|-damage|p1a: Sinistcha|96/100 brn|[from] brn
|upkeep
|turn|11
|
|t:|1758300991
|move|p1a: Sinistcha|Shadow Ball|p2a: Alomomola
|-damage|p2a: Alomomola|63/100
|move|p2a: Alomomola|Flip Turn|p1a: Sinistcha
|-resisted|p1a: Sinistcha
|-crit|p1a: Sinistcha
|-damage|p1a: Sinistcha|88/100 brn
|
|t:|1758301000
|switch|p2a: Glaceon|Glaceon, M|100/100|[from] Flip Turn
|-damage|p2a: Glaceon|76/100|[from] Stealth Rock
|
|-heal|p1a: Sinistcha|94/100 brn|[from] item: Leftovers
|-damage|p1a: Sinistcha|92/100 brn|[from] brn
|upkeep
|turn|12
|
|t:|1758301019
|switch|p1a: Toxapex|Toxapex, M, shiny|100/100
|move|p2a: Glaceon|Ice Beam|p1a: Toxapex
|-resisted|p1a: Toxapex
|-damage|p1a: Toxapex|84/100
|-enditem|p1a: Toxapex|Eject Button
|
|t:|1758301023
|switch|p1a: Tyranitar|Tyranitar, M, shiny|68/100
|-weather|Sandstorm|[from] ability: Sand Stream|[of] p1a: Tyranitar
|
|-weather|Sandstorm|[upkeep]
|-damage|p2a: Glaceon|70/100|[from] Sandstorm
|upkeep
|turn|13
|
|t:|1758301034
|move|p1a: Tyranitar|Stone Edge|p2a: Glaceon
|-supereffective|p2a: Glaceon
|-damage|p2a: Glaceon|0 fnt
|faint|p2a: Glaceon
|
|-weather|Sandstorm|[upkeep]
|upkeep
|
|t:|1758301038
|switch|p2a: Scizor|Scizor, M|100/100
|-damage|p2a: Scizor|88/100|[from] Stealth Rock
|turn|14
|
|t:|1758301047
|switch|p1a: Excadrill|Excadrill, M, shiny|100/100
|move|p2a: Scizor|Defog|p1a: Excadrill
|-unboost|p1a: Excadrill|evasion|1
|-sideend|p2: axcen|Stealth Rock|[from] move: Defog|[of] p2a: Scizor
|
|-weather|Sandstorm|[upkeep]
|upkeep
|turn|15
|
|t:|1758301052
|move|p1a: Excadrill|Earthquake|p2a: Scizor
|-damage|p2a: Scizor|31/100
|move|p2a: Scizor|U-turn|p1a: Excadrill
|-resisted|p1a: Excadrill
|-damage|p1a: Excadrill|62/100
|-damage|p2a: Scizor|21/100|[from] item: Life Orb
|
|t:|1758301058
|switch|p2a: Lokix|Lokix, M|100/100|[from] U-turn
|
|-weather|Sandstorm|[upkeep]
|-damage|p2a: Lokix|95/100|[from] Sandstorm
|-heal|p1a: Excadrill|68/100|[from] item: Leftovers
|upkeep
|turn|16
|
|t:|1758301065
|switch|p1a: Toxapex|Toxapex, M, shiny|100/100
|move|p2a: Lokix|First Impression|p1a: Toxapex
|-resisted|p1a: Toxapex
|-damage|p1a: Toxapex|63/100
|-damage|p2a: Lokix|85/100|[from] item: Life Orb
|
|-weather|none
|upkeep
|turn|17
|
|t:|1758301074
|switch|p2a: Vaporeon|Vaporeon, F|100/100
|move|p1a: Toxapex|Toxic Spikes|p2a: Vaporeon
|-sidestart|p2: axcen|move: Toxic Spikes
|
|upkeep
|turn|18
|
|t:|1758301081
|move|p2a: Vaporeon|Wish|p2a: Vaporeon
|move|p1a: Toxapex|Toxic|p2a: Vaporeon
|-status|p2a: Vaporeon|tox
|
|-damage|p2a: Vaporeon|94/100 tox|[from] psn
|upkeep
|turn|19
|
|t:|1758301085
|move|p2a: Vaporeon|Flip Turn|p1a: Toxapex
|-resisted|p1a: Toxapex
|-damage|p1a: Toxapex|58/100
|
|t:|1758301088
|switch|p2a: Scizor|Scizor, M|21/100|[from] Flip Turn
|move|p1a: Toxapex|Recover|p1a: Toxapex
|-heal|p1a: Toxapex|100/100
|
|-heal|p2a: Scizor|89/100|[from] move: Wish|[wisher] Vaporeon
|upkeep
|turn|20
|
|t:|1758301098
|switch|p1a: Tornadus|Tornadus-Therian, M, shiny|100/100
|move|p2a: Scizor|Aerial Ace|p1a: Tornadus
|-damage|p1a: Tornadus|41/100
|-damage|p2a: Scizor|79/100|[from] item: Life Orb
|
|upkeep
|turn|21
|
|t:|1758301107
|move|p2a: Scizor|Bullet Punch|p1a: Tornadus
|-damage|p1a: Tornadus|0 fnt
|faint|p1a: Tornadus
|-damage|p2a: Scizor|69/100|[from] item: Life Orb
|
|upkeep
|
|t:|1758301117
|switch|p1a: Tyranitar|Tyranitar, M, shiny|68/100
|-weather|Sandstorm|[from] ability: Sand Stream|[of] p1a: Tyranitar
|turn|22
|
|t:|1758301124
|switch|p1a: Toxapex|Toxapex, M, shiny|100/100
|-terastallize|p2a: Scizor|Steel
|move|p2a: Scizor|Bullet Punch|p1a: Toxapex
|-resisted|p1a: Toxapex
|-damage|p1a: Toxapex|77/100
|-damage|p2a: Scizor|59/100|[from] item: Life Orb
|
|-weather|Sandstorm|[upkeep]
|-damage|p1a: Toxapex|71/100|[from] Sandstorm
|upkeep
|turn|23
|
|t:|1758301135
|move|p2a: Scizor|U-turn|p1a: Toxapex
|-resisted|p1a: Toxapex
|-damage|p1a: Toxapex|53/100
|-damage|p2a: Scizor|49/100|[from] item: Life Orb
|
|t:|1758301139
|switch|p2a: Slowking|Slowking-Galar, M|96/100|[from] U-turn
|-sideend|p2: axcen|move: Toxic Spikes|[of] p2a: Slowking
|move|p1a: Toxapex|Toxic Spikes|p2a: Slowking
|-sidestart|p2: axcen|move: Toxic Spikes
|
|-weather|Sandstorm|[upkeep]
|-damage|p1a: Toxapex|47/100|[from] Sandstorm
|-damage|p2a: Slowking|90/100|[from] Sandstorm
|-heal|p2a: Slowking|96/100|[from] item: Leftovers
|upkeep
|turn|24
|
|t:|1758301150
|switch|p1a: Tyranitar|Tyranitar, M, shiny|68/100
|move|p2a: Slowking|Future Sight|p1a: Tyranitar
|-start|p2a: Slowking|move: Future Sight
|
|-weather|Sandstorm|[upkeep]
|-damage|p2a: Slowking|90/100|[from] Sandstorm
|-heal|p2a: Slowking|96/100|[from] item: Leftovers
|upkeep
|turn|25
|
|t:|1758301160
|switch|p2a: Alomomola|Alomomola, F|97/100
|-status|p2a: Alomomola|psn
|move|p1a: Tyranitar|Knock Off|p2a: Alomomola
|-damage|p2a: Alomomola|68/100 psn
|
|-weather|Sandstorm|[upkeep]
|-damage|p2a: Alomomola|62/100 psn|[from] Sandstorm
|-damage|p2a: Alomomola|50/100 psn|[from] psn
|upkeep
|turn|26
|
|t:|1758301172
|switch|p1a: Sinistcha|Sinistcha, shiny|92/100 brn
|move|p2a: Alomomola|Scald|p1a: Sinistcha
|-resisted|p1a: Sinistcha
|-damage|p1a: Sinistcha|84/100 brn
|
|-weather|none
|-end|p1a: Sinistcha|move: Future Sight
|-damage|p1a: Sinistcha|11/100 brn
|-heal|p1a: Sinistcha|17/100 brn|[from] item: Leftovers
|-damage|p2a: Alomomola|38/100 psn|[from] psn
|-damage|p1a: Sinistcha|14/100 brn|[from] brn
|upkeep
|turn|27
|
|t:|1758301184
|move|p1a: Sinistcha|Strength Sap|p2a: Alomomola
|-unboost|p2a: Alomomola|atk|1
|-heal|p1a: Sinistcha|68/100 brn
|move|p2a: Alomomola|Flip Turn|p1a: Sinistcha
|-resisted|p1a: Sinistcha
|-damage|p1a: Sinistcha|64/100 brn
|
|t:|1758301192
|switch|p2a: Slowking|Slowking-Galar, M|100/100|[from] Flip Turn
|-sideend|p2: axcen|move: Toxic Spikes|[of] p2a: Slowking
|
|-heal|p1a: Sinistcha|70/100 brn|[from] item: Leftovers
|-damage|p1a: Sinistcha|67/100 brn|[from] brn
|upkeep
|turn|28
|
|t:|1758301198
|move|p1a: Sinistcha|Calm Mind|p1a: Sinistcha
|-boost|p1a: Sinistcha|spa|1
|-boost|p1a: Sinistcha|spd|1
|move|p2a: Slowking|Future Sight|p1a: Sinistcha
|-start|p2a: Slowking|move: Future Sight
|
|-heal|p1a: Sinistcha|73/100 brn|[from] item: Leftovers
|-damage|p1a: Sinistcha|70/100 brn|[from] brn
|upkeep
|turn|29
|
|t:|1758301205
|move|p1a: Sinistcha|Shadow Ball|p2a: Slowking
|-supereffective|p2a: Slowking
|-damage|p2a: Slowking|29/100
|-prepare|p2a: Slowking|Chilly Reception|[premajor]
|move|p2a: Slowking|Chilly Reception|p2a: Slowking
|-weather|Snowscape
|
|t:|1758301213
|switch|p2a: Lokix|Lokix, M|85/100|[from] Chilly Reception
|
|-weather|Snowscape|[upkeep]
|-heal|p1a: Sinistcha|76/100 brn|[from] item: Leftovers
|-damage|p1a: Sinistcha|73/100 brn|[from] brn
|upkeep
|turn|30
|
|t:|1758301230
|-terastallize|p1a: Sinistcha|Fighting
|move|p2a: Lokix|First Impression|p1a: Sinistcha
|-resisted|p1a: Sinistcha
|-damage|p1a: Sinistcha|38/100 brn
|-damage|p2a: Lokix|75/100|[from] item: Life Orb
|move|p1a: Sinistcha|Tera Blast|p2a: Lokix|[anim] Tera Blast Fighting
|-damage|p2a: Lokix|0 fnt
|faint|p2a: Lokix
|
|-weather|Snowscape|[upkeep]
|-end|p1a: Sinistcha|move: Future Sight
|-supereffective|p1a: Sinistcha
|-damage|p1a: Sinistcha|0 fnt
|faint|p1a: Sinistcha
|upkeep
|
|t:|1758301246
|switch|p2a: Vaporeon|Vaporeon, F|94/100 tox
|switch|p1a: Tyranitar|Tyranitar, M, shiny|68/100
|-weather|Sandstorm|[from] ability: Sand Stream|[of] p1a: Tyranitar
|turn|31
|
|t:|1758301254
|move|p1a: Tyranitar|Knock Off|p2a: Vaporeon
|-damage|p2a: Vaporeon|1/100 tox
|-enditem|p2a: Vaporeon|Leftovers|[from] move: Knock Off|[of] p1a: Tyranitar
|move|p2a: Vaporeon|Flip Turn|p1a: Tyranitar
|-supereffective|p1a: Tyranitar
|-damage|p1a: Tyranitar|43/100
|
|t:|1758301263
|switch|p2a: Scizor|Scizor, M, tera:Steel|49/100|[from] Flip Turn
|
|-weather|Sandstorm|[upkeep]
|upkeep
|turn|32
|
|t:|1758301270
|switch|p1a: Toxapex|Toxapex, M, shiny|80/100
|move|p2a: Scizor|Bullet Punch|p1a: Toxapex
|-resisted|p1a: Toxapex
|-damage|p1a: Toxapex|59/100
|-damage|p2a: Scizor|39/100|[from] item: Life Orb
|
|-weather|Sandstorm|[upkeep]
|-damage|p1a: Toxapex|53/100|[from] Sandstorm
|upkeep
|turn|33
|
|t:|1758301275
|move|p2a: Scizor|U-turn|p1a: Toxapex
|-resisted|p1a: Toxapex
|-damage|p1a: Toxapex|34/100
|-damage|p2a: Scizor|29/100|[from] item: Life Orb
|
|t:|1758301279
|switch|p2a: Alomomola|Alomomola, F|71/100 psn|[from] U-turn
|move|p1a: Toxapex|Recover|p1a: Toxapex
|-heal|p1a: Toxapex|84/100
|
|-weather|Sandstorm|[upkeep]
|-damage|p2a: Alomomola|65/100 psn|[from] Sandstorm
|-damage|p1a: Toxapex|78/100|[from] Sandstorm
|-damage|p2a: Alomomola|52/100 psn|[from] psn
|upkeep
|turn|34
|
|t:|1758301293
|move|p2a: Alomomola|Wish|p2a: Alomomola
|move|p1a: Toxapex|Toxic Spikes|p2a: Alomomola
|-sidestart|p2: axcen|move: Toxic Spikes
|
|-weather|Sandstorm|[upkeep]
|-damage|p2a: Alomomola|46/100 psn|[from] Sandstorm
|-damage|p1a: Toxapex|72/100|[from] Sandstorm
|-damage|p2a: Alomomola|34/100 psn|[from] psn
|upkeep
|turn|35
|
|t:|1758301301
|switch|p1a: Excadrill|Excadrill, M, shiny|68/100
|move|p2a: Alomomola|Flip Turn|p1a: Excadrill
|-supereffective|p1a: Excadrill
|-damage|p1a: Excadrill|23/100
|
|t:|1758301311
|switch|p2a: Vaporeon|Vaporeon, F|1/100 tox|[from] Flip Turn
|
|-weather|none
|-heal|p2a: Vaporeon|59/100 tox|[from] move: Wish|[wisher] Alomomola
|-heal|p1a: Excadrill|29/100|[from] item: Leftovers
|-damage|p2a: Vaporeon|52/100 tox|[from] psn
|upkeep
|turn|36
|
|t:|1758301320
|move|p1a: Excadrill|Earthquake|p2a: Vaporeon
|-damage|p2a: Vaporeon|0 fnt
|faint|p2a: Vaporeon
|
|-heal|p1a: Excadrill|35/100|[from] item: Leftovers
|upkeep
|
|t:|1758301328
|switch|p2a: Alomomola|Alomomola, F|67/100 psn
|turn|37
|
|t:|1758301333
|switch|p1a: Toxapex|Toxapex, M, shiny|100/100
|move|p2a: Alomomola|Wish|p2a: Alomomola
|
|-damage|p2a: Alomomola|55/100 psn|[from] psn
|upkeep
|turn|38
|
|t:|1758301336
|move|p2a: Alomomola|Flip Turn|p1a: Toxapex
|-resisted|p1a: Toxapex
|-damage|p1a: Toxapex|95/100
|
|t:|1758301340
|switch|p2a: Scizor|Scizor, M, tera:Steel|29/100|[from] Flip Turn
|move|p1a: Toxapex|Toxic Spikes|p2a: Scizor
|-sidestart|p2: axcen|move: Toxic Spikes
|
|-heal|p2a: Scizor|100/100|[from] move: Wish|[wisher] Alomomola
|upkeep
|turn|39
|
|t:|1758301358
|switch|p1a: Tinkaton|Tinkaton, F, shiny|73/100
|move|p2a: Scizor|U-turn|p1a: Tinkaton
|-resisted|p1a: Tinkaton
|-damage|p1a: Tinkaton|53/100
|-enditem|p2a: Scizor|Life Orb|[silent]|[from] ability: Pickpocket|[of] p2a: Scizor
|-item|p1a: Tinkaton|Life Orb|[from] ability: Pickpocket|[of] p2a: Scizor
|
|t:|1758301365
|switch|p2a: Slowking|Slowking-Galar, M|63/100|[from] U-turn
|-sideend|p2: axcen|move: Toxic Spikes|[of] p2a: Slowking
|
|-heal|p2a: Slowking|69/100|[from] item: Leftovers
|upkeep
|turn|40
|
|t:|1758301369
|move|p1a: Tinkaton|Stealth Rock|p2a: Slowking
|-sidestart|p2: axcen|move: Stealth Rock
|move|p2a: Slowking|Future Sight|p1a: Tinkaton
|-start|p2a: Slowking|move: Future Sight
|
|-heal|p2a: Slowking|75/100|[from] item: Leftovers
|upkeep
|turn|41
|
|t:|1758301376
|move|p1a: Tinkaton|Encore|p2a: Slowking
|-start|p2a: Slowking|Encore
|move|p2a: Slowking|Future Sight||[still]
|-fail|p2a: Slowking
|
|-heal|p2a: Slowking|81/100|[from] item: Leftovers
|upkeep
|turn|42
|
|t:|1758301380
|switch|p1a: Tyranitar|Tyranitar, M, shiny|43/100
|-weather|Sandstorm|[from] ability: Sand Stream|[of] p1a: Tyranitar
|switch|p2a: Scizor|Scizor, M, tera:Steel|100/100
|-damage|p2a: Scizor|94/100|[from] Stealth Rock
|
|-weather|Sandstorm|[upkeep]
|-end|p1a: Tyranitar|move: Future Sight
|-immune|p1a: Tyranitar
|upkeep
|turn|43
|
|t:|1758301389
|switch|p1a: Tinkaton|Tinkaton, F, shiny|53/100
|move|p2a: Scizor|Defog|p1a: Tinkaton
|-unboost|p1a: Tinkaton|evasion|1
|-sideend|p2: axcen|Stealth Rock|[from] move: Defog|[of] p2a: Scizor
|
|-weather|Sandstorm|[upkeep]
|upkeep
|turn|44
|
|t:|1758301403
|move|p2a: Scizor|Bullet Punch|p1a: Tinkaton
|-damage|p1a: Tinkaton|0 fnt
|faint|p1a: Tinkaton
|
|-weather|Sandstorm|[upkeep]
|upkeep
|
|t:|1758301414
|switch|p1a: Excadrill|Excadrill, M, shiny|35/100
|turn|45
|
|t:|1758301417
|move|p2a: Scizor|Bullet Punch|p1a: Excadrill
|-resisted|p1a: Excadrill
|-damage|p1a: Excadrill|0 fnt
|faint|p1a: Excadrill
|
|-weather|Sandstorm|[upkeep]
|upkeep
|-message|Pokemon but bad forfeited.
|
|win|axcen
|raw|Pokemon but bad's rating: 1245 &rarr; <strong>1219</strong><br />(-26 for losing)
|raw|axcen's rating: 1233 &rarr; <strong>1259</strong><br />(+26 for winning)
|l|☆Pokemon but bad
|player|p1|
|l|☆axcen
|player|p2|
