|j|☆ICElIED
|j|☆Zezroy
|t:|1758375473
|gametype|singles
|player|p1|ICElIED|steven|1400
|player|p2|Zezroy|janitor|1523
|gen|9
|tier|[Gen 9] OU
|rated|
|rule|HP Percentage Mod: HP is shown in percentages
|rule|Endless Battle Clause: Forcing endless battles is banned
|rule|Species Clause: Limit one of each Pokémon
|rule|OHKO Clause: OHKO moves are banned
|rule|Evasion Items Clause: Evasion items are banned
|rule|Evasion Moves Clause: Evasion moves are banned
|rule|Evasion Abilities Clause: Evasion abilities are banned
|rule|Sleep Moves Clause: Sleep-inducing moves are banned
|clearpoke
|poke|p1|Samurott-Hisui, M|
|poke|p1|Jirachi|
|poke|p1|Raikou|
|poke|p1|Iron Moth|
|poke|p1|Sinistcha-Masterpiece|
|poke|p1|Kommo-o, F|
|poke|p2|Corviknight, M|
|poke|p2|Whimsicott, M|
|poke|p2|Toxapex, F|
|poke|p2|Slither Wing|
|poke|p2|Regidrago|
|poke|p2|Rotom-Heat|
|teampreview
|c|☆Zezroy|gl hf
|
|t:|1758375491
|teamsize|p1|6
|teamsize|p2|6
|start
|switch|p1a: Raikou|Raikou|100/100
|switch|p2a: Teeny-Rex|Slither Wing|100/100
|-ability|p1a: Raikou|Pressure
|turn|1
|
|t:|1758375500
|-end|p2a: Teeny-Rex|Protosynthesis|[silent]
|switch|p2a: Popcorn|Whimsicott, M|100/100
|move|p1a: Raikou|Volt Switch|p2a: Popcorn
|-resisted|p2a: Popcorn
|-damage|p2a: Popcorn|78/100
|l|☆ICElIED
|player|p1|
|inactive|Battle timer is ON: inactive players will automatically lose when time's up. (requested by Zezroy)
|j|☆ICElIED
|inactive|ICElIED reconnected and has 150 seconds left.
|player|p1|ICElIED|steven|
|
|t:|1758375551
|switch|p1a: Jirachi|Jirachi|100/100|[from] Volt Switch
|
|-heal|p2a: Popcorn|84/100|[from] item: Leftovers
|upkeep
|turn|2
|
|t:|1758375556
|move|p2a: Popcorn|Protect|p2a: Popcorn
|-singleturn|p2a: Popcorn|Protect
|move|p1a: Jirachi|Body Slam|p2a: Popcorn
|-activate|p2a: Popcorn|move: Protect
|
|-heal|p2a: Popcorn|91/100|[from] item: Leftovers
|upkeep
|turn|3
|
|t:|1758375567
|switch|p2a: Raspberry Berrret|Toxapex, F, shiny|100/100
|move|p1a: Jirachi|Body Slam|p2a: Raspberry Berrret
|-damage|p2a: Raspberry Berrret|86/100
|-status|p2a: Raspberry Berrret|par
|-damage|p1a: Jirachi|84/100|[from] item: Rocky Helmet|[of] p2a: Raspberry Berrret
|
|-heal|p1a: Jirachi|90/100|[from] item: Leftovers
|upkeep
|turn|4
|
|t:|1758375576
|switch|p2a: Muffin Mittens|Rotom-Heat|100/100
|move|p1a: Jirachi|Stealth Rock|p2a: Muffin Mittens
|-sidestart|p2: Zezroy|move: Stealth Rock
|
|-heal|p1a: Jirachi|96/100|[from] item: Leftovers
|upkeep
|turn|5
|
|t:|1758375589
|switch|p1a: Kommo-o|Kommo-o, F|100/100
|move|p2a: Muffin Mittens|Trick|p1a: Kommo-o
|-activate|p2a: Muffin Mittens|move: Trick|[of] p1a: Kommo-o
|-item|p1a: Kommo-o|Choice Scarf|[from] move: Trick
|-item|p2a: Muffin Mittens|Salac Berry|[from] move: Trick
|
|upkeep
|turn|6
|
|t:|1758375599
|move|p1a: Kommo-o|Drain Punch|p2a: Muffin Mittens
|-damage|p2a: Muffin Mittens|50/100
|move|p2a: Muffin Mittens|Thunder Wave|p1a: Kommo-o
|-status|p1a: Kommo-o|par
|
|upkeep
|turn|7
|
|t:|1758375605
|switch|p2a: Raspberry Berrret|Toxapex, F, shiny|100/100 par
|-damage|p2a: Raspberry Berrret|88/100 par|[from] Stealth Rock
|cant|p1a: Kommo-o|par
|
|upkeep
|turn|8
|
|t:|1758375629
|switch|p1a: Raikou|Raikou|100/100
|-ability|p1a: Raikou|Pressure
|switch|p2a: Popcorn|Whimsicott, M|91/100
|-damage|p2a: Popcorn|78/100|[from] Stealth Rock
|
|-heal|p2a: Popcorn|84/100|[from] item: Leftovers
|upkeep
|turn|9
|
|t:|1758375633
|move|p2a: Popcorn|Leech Seed|p1a: Raikou
|-start|p1a: Raikou|move: Leech Seed
|move|p1a: Raikou|Volt Switch|p2a: Popcorn
|-resisted|p2a: Popcorn
|-damage|p2a: Popcorn|60/100
|
|t:|1758375658
|switch|p1a: Jirachi|Jirachi|96/100|[from] Volt Switch
|
|-heal|p1a: Jirachi|100/100|[from] item: Leftovers
|-heal|p2a: Popcorn|66/100|[from] item: Leftovers
|upkeep
|turn|10
|
|t:|1758375660
|move|p2a: Popcorn|Protect|p2a: Popcorn
|-singleturn|p2a: Popcorn|Protect
|move|p1a: Jirachi|Iron Head|p2a: Popcorn
|-activate|p2a: Popcorn|move: Protect
|
|-heal|p2a: Popcorn|73/100|[from] item: Leftovers
|upkeep
|turn|11
|
|t:|1758375664
|switch|p2a: Raspberry Berrret|Toxapex, F, shiny|100/100 par
|-damage|p2a: Raspberry Berrret|88/100 par|[from] Stealth Rock
|move|p1a: Jirachi|Iron Head|p2a: Raspberry Berrret
|-resisted|p2a: Raspberry Berrret
|-damage|p2a: Raspberry Berrret|79/100 par
|-damage|p1a: Jirachi|84/100|[from] item: Rocky Helmet|[of] p2a: Raspberry Berrret
|
|-heal|p1a: Jirachi|90/100|[from] item: Leftovers
|upkeep
|turn|12
|
|t:|1758375677
|switch|p2a: Red Eye|Corviknight, M|100/100
|-damage|p2a: Red Eye|88/100|[from] Stealth Rock
|move|p1a: Jirachi|Psychic Noise|p2a: Red Eye
|-resisted|p2a: Red Eye
|-crit|p2a: Red Eye
|-damage|p2a: Red Eye|70/100
|-start|p2a: Red Eye|move: Heal Block
|
|-heal|p1a: Jirachi|96/100|[from] item: Leftovers
|upkeep
|turn|13
|
|t:|1758375682
|move|p1a: Jirachi|Body Slam|p2a: Red Eye
|-resisted|p2a: Red Eye
|-damage|p2a: Red Eye|64/100
|move|p2a: Red Eye|Defog|p1a: Jirachi
|-unboost|p1a: Jirachi|evasion|1
|-sideend|p2: Zezroy|Stealth Rock|[from] move: Defog|[of] p2a: Red Eye
|
|-heal|p1a: Jirachi|100/100|[from] item: Leftovers
|-end|p2a: Red Eye|move: Heal Block
|upkeep
|turn|14
|
|t:|1758375694
|switch|p2a: Teeny-Rex|Slither Wing|100/100
|move|p1a: Jirachi|Stealth Rock|p2a: Teeny-Rex
|-sidestart|p2: Zezroy|move: Stealth Rock
|
|upkeep
|turn|15
|
|t:|1758375719
|switch|p1a: Kommo-o|Kommo-o, F|100/100 par
|move|p2a: Teeny-Rex|U-turn|p1a: Kommo-o
|-resisted|p1a: Kommo-o
|-damage|p1a: Kommo-o|73/100 par
|
|t:|1758375729
|-end|p2a: Teeny-Rex|Protosynthesis|[silent]
|switch|p2a: Jawbreaker|Regidrago|100/100|[from] U-turn
|-damage|p2a: Jawbreaker|88/100|[from] Stealth Rock
|
|upkeep
|turn|16
|
|t:|1758375753
|move|p2a: Jawbreaker|Dragon Energy|p1a: Kommo-o
|-supereffective|p1a: Kommo-o
|-damage|p1a: Kommo-o|0 fnt
|faint|p1a: Kommo-o
|
|upkeep
|
|t:|1758375756
|switch|p1a: Jirachi|Jirachi|100/100
|turn|17
|
|t:|1758375775
|switch|p2a: Raspberry Berrret|Toxapex, F, shiny|100/100 par
|-damage|p2a: Raspberry Berrret|88/100 par|[from] Stealth Rock
|move|p1a: Jirachi|Stealth Rock||[still]
|-fail|p1a: Jirachi
|
|upkeep
|turn|18
|
|t:|1758375786
|switch|p2a: Red Eye|Corviknight, M|64/100
|-damage|p2a: Red Eye|51/100|[from] Stealth Rock
|move|p1a: Jirachi|Psychic Noise|p2a: Red Eye
|-resisted|p2a: Red Eye
|-damage|p2a: Red Eye|41/100
|-start|p2a: Red Eye|move: Heal Block
|
|upkeep
|turn|19
|
|t:|1758375793
|move|p1a: Jirachi|Body Slam|p2a: Red Eye
|-resisted|p2a: Red Eye
|-crit|p2a: Red Eye
|-damage|p2a: Red Eye|29/100
|-status|p2a: Red Eye|par
|move|p2a: Red Eye|Defog|p1a: Jirachi
|-unboost|p1a: Jirachi|evasion|1
|-sideend|p2: Zezroy|Stealth Rock|[from] move: Defog|[of] p2a: Red Eye
|
|-end|p2a: Red Eye|move: Heal Block
|upkeep
|turn|20
|inactive|Zezroy has 120 seconds left.
|
|t:|1758375834
|switch|p2a: Muffin Mittens|Rotom-Heat|50/100
|move|p1a: Jirachi|Psychic Noise|p2a: Muffin Mittens
|-damage|p2a: Muffin Mittens|20/100
|-start|p2a: Muffin Mittens|move: Heal Block
|-enditem|p2a: Muffin Mittens|Salac Berry|[eat]
|-boost|p2a: Muffin Mittens|spe|1|[from] item: Salac Berry
|
|upkeep
|turn|21
|
|t:|1758375853
|switch|p1a: Raikou|Raikou|100/100
|-ability|p1a: Raikou|Pressure
|move|p2a: Muffin Mittens|Volt Switch|p1a: Raikou
|-resisted|p1a: Raikou
|-damage|p1a: Raikou|83/100
|
|t:|1758375860
|switch|p2a: Jawbreaker|Regidrago|88/100|[from] Volt Switch
|
|upkeep
|turn|22
|
|t:|1758375867
|move|p1a: Raikou|Volt Switch|p2a: Jawbreaker
|-resisted|p2a: Jawbreaker
|-damage|p2a: Jawbreaker|63/100
|
|t:|1758375869
|switch|p1a: Iron Moth|Iron Moth|100/100|[from] Volt Switch
|-enditem|p1a: Iron Moth|Booster Energy
|-activate|p1a: Iron Moth|ability: Quark Drive|[fromitem]
|-start|p1a: Iron Moth|quarkdrivespe
|move|p2a: Jawbreaker|Draco Meteor|p1a: Iron Moth
|-damage|p1a: Iron Moth|0 fnt
|-unboost|p2a: Jawbreaker|spa|2
|faint|p1a: Iron Moth
|-end|p1a: Iron Moth|Quark Drive|[silent]
|
|upkeep
|
|t:|1758375876
|switch|p1a: Samurott|Samurott-Hisui, M|100/100
|turn|23
|
|t:|1758375884
|switch|p2a: Teeny-Rex|Slither Wing|100/100
|move|p1a: Samurott|Ceaseless Edge|p2a: Teeny-Rex
|-resisted|p2a: Teeny-Rex
|-damage|p2a: Teeny-Rex|67/100
|-sidestart|p2: Zezroy|Spikes
|
|upkeep
|turn|24
|
|t:|1758375900
|move|p2a: Teeny-Rex|U-turn|p1a: Samurott
|-supereffective|p1a: Samurott
|-damage|p1a: Samurott|0 fnt
|faint|p1a: Samurott
|
|t:|1758375904
|-end|p2a: Teeny-Rex|Protosynthesis|[silent]
|switch|p2a: Muffin Mittens|Rotom-Heat|20/100|[from] U-turn
|
|upkeep
|
|t:|1758375907
|switch|p1a: Jirachi|Jirachi|100/100
|turn|25
|
|t:|1758375912
|move|p1a: Jirachi|Psychic Noise|p2a: Muffin Mittens
|-damage|p2a: Muffin Mittens|0 fnt
|faint|p2a: Muffin Mittens
|
|upkeep
|inactive|Zezroy has 120 seconds left.
|inactive|Zezroy has 90 seconds left.
|
|t:|1758375983
|switch|p2a: Popcorn|Whimsicott, M|73/100
|-damage|p2a: Popcorn|60/100|[from] Spikes
|turn|26
|
|t:|1758375989
|switch|p1a: Sinistcha|Sinistcha-Masterpiece|100/100
|move|p2a: Popcorn|Protect||[still]
|-fail|p2a: Popcorn
|
|-heal|p2a: Popcorn|66/100|[from] item: Leftovers
|upkeep
|turn|27
|
|t:|1758375995
|move|p2a: Popcorn|Protect|p2a: Popcorn
|-singleturn|p2a: Popcorn|Protect
|move|p1a: Sinistcha|Calm Mind|p1a: Sinistcha
|-boost|p1a: Sinistcha|spa|1
|-boost|p1a: Sinistcha|spd|1
|
|-heal|p2a: Popcorn|73/100|[from] item: Leftovers
|upkeep
|turn|28
|
|t:|1758376002
|move|p2a: Popcorn|Encore|p1a: Sinistcha
|-start|p1a: Sinistcha|Encore
|move|p1a: Sinistcha|Calm Mind|p1a: Sinistcha
|-boost|p1a: Sinistcha|spa|1
|-boost|p1a: Sinistcha|spd|1
|
|-heal|p2a: Popcorn|79/100|[from] item: Leftovers
|upkeep
|turn|29
|
|t:|1758376005
|move|p2a: Popcorn|Moonblast|p1a: Sinistcha
|-damage|p1a: Sinistcha|85/100
|move|p1a: Sinistcha|Calm Mind|p1a: Sinistcha
|-boost|p1a: Sinistcha|spa|1
|-boost|p1a: Sinistcha|spd|1
|
|-heal|p2a: Popcorn|85/100|[from] item: Leftovers
|-heal|p1a: Sinistcha|91/100|[from] item: Leftovers
|upkeep
|turn|30
|
|t:|1758376008
|move|p2a: Popcorn|Moonblast|p1a: Sinistcha
|-damage|p1a: Sinistcha|77/100
|move|p1a: Sinistcha|Calm Mind|p1a: Sinistcha
|-boost|p1a: Sinistcha|spa|1
|-boost|p1a: Sinistcha|spd|1
|
|-heal|p2a: Popcorn|91/100|[from] item: Leftovers
|-heal|p1a: Sinistcha|83/100|[from] item: Leftovers
|-end|p1a: Sinistcha|Encore
|upkeep
|turn|31
|
|t:|1758376011
|move|p2a: Popcorn|Encore|p1a: Sinistcha
|-start|p1a: Sinistcha|Encore
|move|p1a: Sinistcha|Calm Mind|p1a: Sinistcha
|-boost|p1a: Sinistcha|spa|1
|-boost|p1a: Sinistcha|spd|1
|
|-heal|p2a: Popcorn|97/100|[from] item: Leftovers
|-heal|p1a: Sinistcha|90/100|[from] item: Leftovers
|upkeep
|turn|32
|
|t:|1758376014
|move|p2a: Popcorn|Moonblast|p1a: Sinistcha
|-damage|p1a: Sinistcha|81/100
|move|p1a: Sinistcha|Calm Mind|p1a: Sinistcha
|-boost|p1a: Sinistcha|spa|1
|-boost|p1a: Sinistcha|spd|1
|
|-heal|p2a: Popcorn|100/100|[from] item: Leftovers
|-heal|p1a: Sinistcha|87/100|[from] item: Leftovers
|upkeep
|turn|33
|
|t:|1758376016
|move|p2a: Popcorn|Moonblast|p1a: Sinistcha
|-damage|p1a: Sinistcha|79/100
|-unboost|p1a: Sinistcha|spa|1
|move|p1a: Sinistcha|Calm Mind|p1a: Sinistcha
|-boost|p1a: Sinistcha|spa|1
|-boost|p1a: Sinistcha|spd|0
|
|-heal|p1a: Sinistcha|85/100|[from] item: Leftovers
|-end|p1a: Sinistcha|Encore
|upkeep
|turn|34
|
|t:|1758376019
|move|p2a: Popcorn|Encore|p1a: Sinistcha
|-start|p1a: Sinistcha|Encore
|move|p1a: Sinistcha|Calm Mind|p1a: Sinistcha
|-boost|p1a: Sinistcha|spa|0
|-boost|p1a: Sinistcha|spd|0
|
|-heal|p1a: Sinistcha|92/100|[from] item: Leftovers
|upkeep
|turn|35
|
|t:|1758376030
|move|p2a: Popcorn|Moonblast|p1a: Sinistcha
|-damage|p1a: Sinistcha|83/100
|move|p1a: Sinistcha|Calm Mind|p1a: Sinistcha
|-boost|p1a: Sinistcha|spa|0
|-boost|p1a: Sinistcha|spd|0
|
|-heal|p1a: Sinistcha|90/100|[from] item: Leftovers
|upkeep
|turn|36
|
|t:|1758376033
|move|p2a: Popcorn|Moonblast|p1a: Sinistcha
|-damage|p1a: Sinistcha|81/100
|move|p1a: Sinistcha|Calm Mind|p1a: Sinistcha
|-boost|p1a: Sinistcha|spa|0
|-boost|p1a: Sinistcha|spd|0
|
|-heal|p1a: Sinistcha|87/100|[from] item: Leftovers
|-end|p1a: Sinistcha|Encore
|upkeep
|turn|37
|
|t:|1758376036
|move|p2a: Popcorn|Encore|p1a: Sinistcha
|-start|p1a: Sinistcha|Encore
|move|p1a: Sinistcha|Calm Mind|p1a: Sinistcha
|-boost|p1a: Sinistcha|spa|0
|-boost|p1a: Sinistcha|spd|0
|
|-heal|p1a: Sinistcha|94/100|[from] item: Leftovers
|upkeep
|turn|38
|
|t:|1758376038
|move|p2a: Popcorn|Moonblast|p1a: Sinistcha
|-damage|p1a: Sinistcha|85/100
|-unboost|p1a: Sinistcha|spa|1
|move|p1a: Sinistcha|Calm Mind|p1a: Sinistcha
|-boost|p1a: Sinistcha|spa|1
|-boost|p1a: Sinistcha|spd|0
|
|-heal|p1a: Sinistcha|92/100|[from] item: Leftovers
|upkeep
|turn|39
|
|t:|1758376040
|move|p2a: Popcorn|Moonblast|p1a: Sinistcha
|-damage|p1a: Sinistcha|84/100
|move|p1a: Sinistcha|Calm Mind|p1a: Sinistcha
|-boost|p1a: Sinistcha|spa|0
|-boost|p1a: Sinistcha|spd|0
|
|-heal|p1a: Sinistcha|90/100|[from] item: Leftovers
|-end|p1a: Sinistcha|Encore
|upkeep
|turn|40
|
|t:|1758376043
|move|p2a: Popcorn|Encore|p1a: Sinistcha
|-start|p1a: Sinistcha|Encore
|move|p1a: Sinistcha|Calm Mind|p1a: Sinistcha
|-boost|p1a: Sinistcha|spa|0
|-boost|p1a: Sinistcha|spd|0
|
|-heal|p1a: Sinistcha|96/100|[from] item: Leftovers
|upkeep
|turn|41
|
|t:|1758376045
|move|p2a: Popcorn|Moonblast|p1a: Sinistcha
|-damage|p1a: Sinistcha|88/100
|move|p1a: Sinistcha|Calm Mind|p1a: Sinistcha
|-boost|p1a: Sinistcha|spa|0
|-boost|p1a: Sinistcha|spd|0
|
|-heal|p1a: Sinistcha|94/100|[from] item: Leftovers
|upkeep
|turn|42
|
|t:|1758376048
|move|p2a: Popcorn|Moonblast|p1a: Sinistcha
|-damage|p1a: Sinistcha|87/100
|-unboost|p1a: Sinistcha|spa|1
|move|p1a: Sinistcha|Calm Mind|p1a: Sinistcha
|-boost|p1a: Sinistcha|spa|1
|-boost|p1a: Sinistcha|spd|0
|
|-heal|p1a: Sinistcha|93/100|[from] item: Leftovers
|-end|p1a: Sinistcha|Encore
|upkeep
|turn|43
|
|t:|1758376051
|move|p2a: Popcorn|Encore|p1a: Sinistcha
|-start|p1a: Sinistcha|Encore
|move|p1a: Sinistcha|Calm Mind|p1a: Sinistcha
|-boost|p1a: Sinistcha|spa|0
|-boost|p1a: Sinistcha|spd|0
|
|-heal|p1a: Sinistcha|99/100|[from] item: Leftovers
|upkeep
|turn|44
|
|t:|1758376053
|move|p2a: Popcorn|Moonblast|p1a: Sinistcha
|-damage|p1a: Sinistcha|91/100
|move|p1a: Sinistcha|Calm Mind|p1a: Sinistcha
|-boost|p1a: Sinistcha|spa|0
|-boost|p1a: Sinistcha|spd|0
|
|-heal|p1a: Sinistcha|97/100|[from] item: Leftovers
|upkeep
|turn|45
|
|t:|1758376059
|move|p2a: Popcorn|Moonblast|p1a: Sinistcha
|-damage|p1a: Sinistcha|90/100
|-unboost|p1a: Sinistcha|spa|1
|move|p1a: Sinistcha|Calm Mind|p1a: Sinistcha
|-boost|p1a: Sinistcha|spa|1
|-boost|p1a: Sinistcha|spd|0
|
|-heal|p1a: Sinistcha|96/100|[from] item: Leftovers
|-end|p1a: Sinistcha|Encore
|upkeep
|turn|46
|
|t:|1758376062
|move|p2a: Popcorn|Encore|p1a: Sinistcha
|-start|p1a: Sinistcha|Encore
|move|p1a: Sinistcha|Calm Mind|p1a: Sinistcha
|-boost|p1a: Sinistcha|spa|0
|-boost|p1a: Sinistcha|spd|0
|
|-heal|p1a: Sinistcha|100/100|[from] item: Leftovers
|upkeep
|turn|47
|
|t:|1758376064
|move|p2a: Popcorn|Moonblast|p1a: Sinistcha
|-damage|p1a: Sinistcha|93/100
|move|p1a: Sinistcha|Calm Mind|p1a: Sinistcha
|-boost|p1a: Sinistcha|spa|0
|-boost|p1a: Sinistcha|spd|0
|
|-heal|p1a: Sinistcha|99/100|[from] item: Leftovers
|upkeep
|turn|48
|
|t:|1758376066
|move|p2a: Popcorn|Moonblast|p1a: Sinistcha
|-damage|p1a: Sinistcha|91/100
|move|p1a: Sinistcha|Calm Mind|p1a: Sinistcha
|-boost|p1a: Sinistcha|spa|0
|-boost|p1a: Sinistcha|spd|0
|
|-heal|p1a: Sinistcha|97/100|[from] item: Leftovers
|-end|p1a: Sinistcha|Encore
|upkeep
|turn|49
|
|t:|1758376068
|move|p2a: Popcorn|Encore|p1a: Sinistcha
|-start|p1a: Sinistcha|Encore
|move|p1a: Sinistcha|Calm Mind|p1a: Sinistcha
|-boost|p1a: Sinistcha|spa|0
|-boost|p1a: Sinistcha|spd|0
|
|-heal|p1a: Sinistcha|100/100|[from] item: Leftovers
|upkeep
|turn|50
|
|t:|1758376072
|switch|p2a: Teeny-Rex|Slither Wing|67/100
|-damage|p2a: Teeny-Rex|55/100|[from] Spikes
|move|p1a: Sinistcha|Calm Mind|p1a: Sinistcha
|-boost|p1a: Sinistcha|spa|0
|-boost|p1a: Sinistcha|spd|0
|
|upkeep
|turn|51
|
|t:|1758376089
|move|p2a: Teeny-Rex|U-turn|p1a: Sinistcha
|-damage|p1a: Sinistcha|56/100
|
|t:|1758376100
|-end|p2a: Teeny-Rex|Protosynthesis|[silent]
|switch|p2a: Raspberry Berrret|Toxapex, F, shiny|100/100 par|[from] U-turn
|-damage|p2a: Raspberry Berrret|88/100 par|[from] Spikes
|move|p1a: Sinistcha|Calm Mind|p1a: Sinistcha
|-boost|p1a: Sinistcha|spa|0
|-boost|p1a: Sinistcha|spd|0
|
|-heal|p1a: Sinistcha|62/100|[from] item: Leftovers
|-end|p1a: Sinistcha|Encore
|upkeep
|turn|52
|
|t:|1758376103
|move|p1a: Sinistcha|Matcha Gotcha|p2a: Raspberry Berrret
|-damage|p2a: Raspberry Berrret|0 fnt
|-heal|p1a: Sinistcha|100/100|[from] drain|[of] p2a: Raspberry Berrret
|faint|p2a: Raspberry Berrret
|
|upkeep
|
|t:|1758376111
|switch|p2a: Jawbreaker|Regidrago|63/100
|-damage|p2a: Jawbreaker|50/100|[from] Spikes
|turn|53
|
|t:|1758376125
|move|p2a: Jawbreaker|Dragon Energy|p1a: Sinistcha
|-damage|p1a: Sinistcha|79/100
|move|p1a: Sinistcha|Shadow Ball|p2a: Jawbreaker
|-crit|p2a: Jawbreaker
|-damage|p2a: Jawbreaker|0 fnt
|faint|p2a: Jawbreaker
|
|-heal|p1a: Sinistcha|85/100|[from] item: Leftovers
|upkeep
|
|t:|1758376129
|switch|p2a: Teeny-Rex|Slither Wing|55/100
|-damage|p2a: Teeny-Rex|42/100|[from] Spikes
|turn|54
|
|t:|1758376146
|move|p2a: Teeny-Rex|U-turn|p1a: Sinistcha
|-damage|p1a: Sinistcha|44/100
|
|t:|1758376149
|-end|p2a: Teeny-Rex|Protosynthesis|[silent]
|switch|p2a: Red Eye|Corviknight, M|29/100 par|[from] U-turn
|move|p1a: Sinistcha|Matcha Gotcha|p2a: Red Eye
|-resisted|p2a: Red Eye
|-damage|p2a: Red Eye|0 fnt
|-heal|p1a: Sinistcha|61/100|[from] drain|[of] p2a: Red Eye
|faint|p2a: Red Eye
|
|-heal|p1a: Sinistcha|67/100|[from] item: Leftovers
|upkeep
|
|t:|1758376151
|switch|p2a: Teeny-Rex|Slither Wing|42/100
|-damage|p2a: Teeny-Rex|30/100|[from] Spikes
|turn|55
|
|t:|1758376176
|-terastallize|p1a: Sinistcha|Poison
|move|p2a: Teeny-Rex|First Impression|p1a: Sinistcha
|-resisted|p1a: Sinistcha
|-damage|p1a: Sinistcha|37/100
|move|p1a: Sinistcha|Matcha Gotcha|p2a: Teeny-Rex|[miss]
|-miss|p1a: Sinistcha|p2a: Teeny-Rex
|
|-heal|p1a: Sinistcha|44/100|[from] item: Leftovers
|upkeep
|turn|56
|
|t:|1758376187
|-end|p2a: Teeny-Rex|Protosynthesis|[silent]
|switch|p2a: Popcorn|Whimsicott, M|100/100
|-damage|p2a: Popcorn|88/100|[from] Spikes
|move|p1a: Sinistcha|Shadow Ball|p2a: Popcorn
|-damage|p2a: Popcorn|0 fnt
|faint|p2a: Popcorn
|
|-heal|p1a: Sinistcha|50/100|[from] item: Leftovers
|upkeep
|
|t:|1758376189
|switch|p2a: Teeny-Rex|Slither Wing|30/100
|-damage|p2a: Teeny-Rex|18/100|[from] Spikes
|turn|57
|
|t:|1758376192
|move|p2a: Teeny-Rex|Earthquake|p1a: Sinistcha
|-supereffective|p1a: Sinistcha
|-damage|p1a: Sinistcha|0 fnt
|faint|p1a: Sinistcha
|
|upkeep
|
|t:|1758376196
|switch|p1a: Raikou|Raikou|83/100
|-ability|p1a: Raikou|Pressure
|turn|58
|
|t:|1758376199
|move|p1a: Raikou|Thunderbolt|p2a: Teeny-Rex
|-damage|p2a: Teeny-Rex|0 fnt
|faint|p2a: Teeny-Rex
|-end|p2a: Teeny-Rex|Protosynthesis|[silent]
|
|win|ICElIED
|raw|ICElIED's rating: 1400 &rarr; <strong>1427</strong><br />(+27 for winning)
|raw|Zezroy's rating: 1523 &rarr; <strong>1496</strong><br />(-27 for losing)
|c|☆Zezroy|gg
|l|☆Zezroy
|player|p2|
|l|☆ICElIED
|player|p1|
