|j|☆marisa_fumo_gaming
|j|☆Mrstealyogirl76
|t:|1758329282
|gametype|singles
|player|p1|marisa_fumo_gaming|1|1305
|player|p2|Mrstealyogirl76|grimsley|1235
|gen|9
|tier|[Gen 9] OU
|rated|
|rule|HP Percentage Mod: HP is shown in percentages
|rule|Endless Battle Clause: Forcing endless battles is banned
|rule|Species Clause: Limit one of each Pokémon
|rule|OHKO Clause: OHKO moves are banned
|rule|Evasion Items Clause: Evasion items are banned
|rule|Evasion Moves Clause: Evasion moves are banned
|rule|Evasion Abilities Clause: Evasion abilities are banned
|rule|Sleep Moves Clause: Sleep-inducing moves are banned
|clearpoke
|poke|p1|Electivire, F|
|poke|p1|Dragapult, F|
|poke|p1|Scizor, M|
|poke|p1|Ogerpon-Wellspring, F|
|poke|p1|Enamorus, F|
|poke|p1|Cinderace, F|
|poke|p2|Lokix, F|
|poke|p2|Ogerpon-Cornerstone, F|
|poke|p2|Weezing-Galar, M|
|poke|p2|Alomomola, F|
|poke|p2|Landorus-Therian, M|
|poke|p2|Gholdengo|
|teampreview
|
|t:|1758329294
|teamsize|p1|6
|teamsize|p2|6
|start
|switch|p1a: Cinderace|Cinderace, F|100/100
|switch|p2a: Weezing|Weezing-Galar, M|100/100
|turn|1
|
|t:|1758329309
|switch|p2a: Alomomola|Alomomola, F|100/100
|move|p1a: Cinderace|U-turn|p2a: Alomomola
|-start|p1a: Cinderace|typechange|Bug|[from] ability: Libero
|-damage|p2a: Alomomola|83/100
|
|t:|1758329311
|switch|p1a: Electivire|Electivire, F|100/100|[from] U-turn
|
|upkeep
|turn|2
|
|t:|1758329334
|move|p2a: Alomomola|Protect|p2a: Alomomola
|-singleturn|p2a: Alomomola|Protect
|move|p1a: Electivire|Volt Switch|p2a: Alomomola
|-activate|p2a: Alomomola|move: Protect
|
|upkeep
|turn|3
|
|t:|1758329357
|move|p1a: Electivire|Ice Punch|p2a: Alomomola
|-resisted|p2a: Alomomola
|-damage|p2a: Alomomola|77/100
|move|p2a: Alomomola|Flip Turn|p1a: Electivire
|-damage|p1a: Electivire|73/100
|
|t:|1758329370
|switch|p2a: Weezing|Weezing-Galar, M|100/100|[from] Flip Turn
|
|upkeep
|turn|4
|
|t:|1758329372
|move|p1a: Electivire|Supercell Slam|p2a: Weezing
|-damage|p2a: Weezing|66/100
|move|p2a: Weezing|Will-O-Wisp|p1a: Electivire|[miss]
|-miss|p2a: Weezing|p1a: Electivire
|
|upkeep
|turn|5
|
|t:|1758329378
|move|p1a: Electivire|Volt Switch|p2a: Weezing
|-damage|p2a: Weezing|40/100
|
|t:|1758329381
|switch|p1a: Cinderace|Cinderace, F|100/100|[from] Volt Switch
|move|p2a: Weezing|Pain Split|p1a: Cinderace
|-sethp|p1a: Cinderace|73/100|[from] move: Pain Split|[silent]
|-sethp|p2a: Weezing|65/100|[from] move: Pain Split
|
|upkeep
|turn|6
|inactive|Battle timer is ON: inactive players will automatically lose when time's up. (requested by marisa_fumo_gaming)
|inactive|Mrstealyogirl76 has 120 seconds left.
|
|t:|1758329427
|switch|p2a: Alomomola|Alomomola, F|100/100
|move|p1a: Cinderace|Pyro Ball|p2a: Alomomola
|-resisted|p2a: Alomomola
|-damage|p2a: Alomomola|86/100
|
|upkeep
|turn|7
|
|t:|1758329434
|move|p1a: Cinderace|U-turn|p2a: Alomomola
|-start|p1a: Cinderace|typechange|Bug|[from] ability: Libero
|-crit|p2a: Alomomola
|-damage|p2a: Alomomola|57/100
|
|t:|1758329436
|switch|p1a: Ogerpon|Ogerpon-Wellspring, F|100/100|[from] U-turn
|move|p2a: Alomomola|Flip Turn|p1a: Ogerpon
|-immune|p1a: Ogerpon|[from] ability: Water Absorb
|
|upkeep
|turn|8
|inactive|Mrstealyogirl76 has 120 seconds left.
|
|t:|1758329474
|switch|p2a: Weezing|Weezing-Galar, M|65/100
|move|p1a: Ogerpon|Horn Leech|p2a: Weezing
|-resisted|p2a: Weezing
|-damage|p2a: Weezing|51/100
|
|upkeep
|turn|9
|
|t:|1758329482
|move|p1a: Ogerpon|U-turn|p2a: Weezing
|-resisted|p2a: Weezing
|-damage|p2a: Weezing|47/100
|
|t:|1758329484
|switch|p1a: Cinderace|Cinderace, F|73/100|[from] U-turn
|move|p2a: Weezing|Pain Split|p1a: Cinderace
|-sethp|p1a: Cinderace|62/100|[from] move: Pain Split|[silent]
|-sethp|p2a: Weezing|56/100|[from] move: Pain Split
|
|upkeep
|turn|10
|
|t:|1758329498
|move|p1a: Cinderace|U-turn|p2a: Weezing
|-start|p1a: Cinderace|typechange|Bug|[from] ability: Libero
|-resisted|p2a: Weezing
|-damage|p2a: Weezing|51/100
|
|t:|1758329503
|switch|p1a: Enamorus|Enamorus, F|100/100|[from] U-turn
|move|p2a: Weezing|Will-O-Wisp|p1a: Enamorus|[miss]
|-miss|p2a: Weezing|p1a: Enamorus
|
|upkeep
|turn|11
|
|t:|1758329515
|move|p1a: Enamorus|Earth Power|p2a: Weezing
|-immune|p2a: Weezing|[from] ability: Levitate
|move|p2a: Weezing|Strange Steam|p1a: Enamorus
|-damage|p1a: Enamorus|64/100
|
|upkeep
|turn|12
|
|t:|1758329521
|switch|p1a: Electivire|Electivire, F|73/100
|move|p2a: Weezing|Strange Steam|p1a: Electivire
|-damage|p1a: Electivire|35/100
|
|upkeep
|turn|13
|
|t:|1758329523
|move|p1a: Electivire|Supercell Slam|p2a: Weezing
|-damage|p2a: Weezing|18/100
|move|p2a: Weezing|Strange Steam|p1a: Electivire
|-damage|p1a: Electivire|0 fnt
|faint|p1a: Electivire
|
|upkeep
|
|t:|1758329531
|switch|p1a: Scizor|Scizor, M|100/100
|turn|14
|
|t:|1758329535
|move|p1a: Scizor|U-turn|p2a: Weezing
|-resisted|p2a: Weezing
|-damage|p2a: Weezing|7/100
|
|t:|1758329539
|switch|p1a: Cinderace|Cinderace, F|62/100|[from] U-turn
|move|p2a: Weezing|Will-O-Wisp|p1a: Cinderace
|-immune|p1a: Cinderace
|
|upkeep
|turn|15
|
|t:|1758329547
|switch|p2a: Landorus|Landorus-Therian, M|100/100
|-ability|p2a: Landorus|Intimidate|boost
|-unboost|p1a: Cinderace|atk|1
|move|p1a: Cinderace|U-turn|p2a: Landorus
|-start|p1a: Cinderace|typechange|Bug|[from] ability: Libero
|-resisted|p2a: Landorus
|-damage|p2a: Landorus|90/100
|-damage|p1a: Cinderace|45/100|[from] item: Rocky Helmet|[of] p2a: Landorus
|
|t:|1758329552
|switch|p1a: Ogerpon|Ogerpon-Wellspring, F|100/100|[from] U-turn
|
|upkeep
|turn|16
|
|t:|1758329562
|switch|p2a: Weezing|Weezing-Galar, M|7/100
|-terastallize|p1a: Ogerpon|Water
|detailschange|p1a: Ogerpon|Ogerpon-Wellspring-Tera, F, tera:Water
|-ability|p1a: Ogerpon|Embody Aspect (Wellspring)|boost
|-boost|p1a: Ogerpon|spd|1
|move|p1a: Ogerpon|Swords Dance|p1a: Ogerpon
|-boost|p1a: Ogerpon|atk|2
|
|upkeep
|turn|17
|
|t:|1758329565
|move|p1a: Ogerpon|Horn Leech|p2a: Weezing
|-resisted|p2a: Weezing
|-damage|p2a: Weezing|0 fnt
|faint|p2a: Weezing
|
|upkeep
|
|t:|1758329583
|switch|p2a: Lokix|Lokix, F|100/100
|turn|18
|
|t:|1758329585
|-terastallize|p2a: Lokix|Bug
|move|p2a: Lokix|First Impression|p1a: Ogerpon
|-damage|p1a: Ogerpon|0 fnt
|faint|p1a: Ogerpon
|detailschange|p1: Ogerpon|Ogerpon-Wellspring, F|[silent]
|
|upkeep
|
|t:|1758329591
|switch|p1a: Scizor|Scizor, M|100/100
|turn|19
|
|t:|1758329596
|switch|p2a: Landorus|Landorus-Therian, M|90/100
|-ability|p2a: Landorus|Intimidate|boost
|-unboost|p1a: Scizor|atk|1
|move|p1a: Scizor|Dual Wingbeat|p2a: Landorus
|-damage|p2a: Landorus|68/100
|-damage|p1a: Scizor|84/100|[from] item: Rocky Helmet|[of] p2a: Landorus
|-damage|p2a: Landorus|45/100
|-damage|p1a: Scizor|68/100|[from] item: Rocky Helmet|[of] p2a: Landorus
|-hitcount|p2a: Landorus|2
|
|upkeep
|turn|20
|-message|marisa_fumo_gaming forfeited.
|
|win|Mrstealyogirl76
|raw|marisa_fumo_gaming's rating: 1305 &rarr; <strong>1281</strong><br />(-24 for losing)
|raw|Mrstealyogirl76's rating: 1235 &rarr; <strong>1265</strong><br />(+30 for winning)
|l|☆marisa_fumo_gaming
|player|p1|
