|j|☆Rising Ursaring
|j|☆Nultiprise
|t:|1758373885
|gametype|singles
|player|p1|Rising Ursaring|265|1405
|player|p2|Nultiprise|preschooler|1465
|gen|9
|tier|[Gen 9] OU
|rated|
|rule|HP Percentage Mod: HP is shown in percentages
|rule|Endless Battle Clause: Forcing endless battles is banned
|rule|Species Clause: Limit one of each Pokémon
|rule|OHKO Clause: OHKO moves are banned
|rule|Evasion Items Clause: Evasion items are banned
|rule|Evasion Moves Clause: Evasion moves are banned
|rule|Evasion Abilities Clause: Evasion abilities are banned
|rule|Sleep Moves Clause: Sleep-inducing moves are banned
|clearpoke
|poke|p1|Sinistcha|
|poke|p1|Slowking-Galar, M|
|poke|p1|Samurott-Hisui, M|
|poke|p1|Zamazenta-*|
|poke|p1|Gholdengo|
|poke|p1|Landorus-Therian, M|
|poke|p2|Greninja-*, M|
|poke|p2|Zoroark-Hisui, M|
|poke|p2|Deoxys-Speed|
|poke|p2|Mimikyu, M|
|poke|p2|Toxtricity, M|
|poke|p2|Iron Valiant|
|teampreview
|inactive|Battle timer is ON: inactive players will automatically lose when time's up. (requested by Rising Ursaring)
|
|t:|1758373897
|teamsize|p1|6
|teamsize|p2|6
|start
|switch|p1a: Landorus|Landorus-Therian, M|100/100
|switch|p2a: Deoxys|Deoxys-Speed|100/100
|-ability|p2a: Deoxys|Pressure
|-ability|p1a: Landorus|Intimidate|boost
|-unboost|p2a: Deoxys|atk|1
|turn|1
|c|☆Nultiprise|ice beam
|
|t:|1758373902
|move|p2a: Deoxys|Ice Beam|p1a: Landorus
|-supereffective|p1a: Landorus
|-damage|p1a: Landorus|0 fnt
|faint|p1a: Landorus
|
|upkeep
|
|t:|1758373913
|switch|p1a: Samurott|Samurott-Hisui, M|100/100
|turn|2
|c|☆Nultiprise|counter
|
|t:|1758373918
|move|p1a: Samurott|Ceaseless Edge|p2a: Deoxys
|-supereffective|p2a: Deoxys
|-enditem|p2a: Deoxys|Focus Sash
|-damage|p2a: Deoxys|1/100
|-sidestart|p2: Nultiprise|Spikes
|move|p2a: Deoxys|Counter|p1a: Samurott
|-damage|p1a: Samurott|0 fnt
|faint|p1a: Samurott
|
|upkeep
|
|t:|1758373931
|switch|p1a: Slowking|Slowking-Galar, M|100/100
|turn|3
|c|☆Nultiprise|sr
|
|t:|1758373934
|move|p2a: Deoxys|Stealth Rock|p1a: Slowking
|-sidestart|p1: Rising Ursaring|move: Stealth Rock
|move|p1a: Slowking|Sludge Bomb|p2a: Deoxys
|-damage|p2a: Deoxys|0 fnt
|faint|p2a: Deoxys
|
|upkeep
|
|t:|1758373943
|switch|p2a: Quoi ?|Greninja, M|100/100
|-damage|p2a: Quoi ?|88/100|[from] Spikes
|turn|4
|c|☆Nultiprise|shadow ball
|inactive|Rising Ursaring has 120 seconds left.
|
|t:|1758373974
|move|p2a: Quoi ?|Shadow Ball|p1a: Slowking
|-supereffective|p1a: Slowking
|-damage|p1a: Slowking|37/100
|-unboost|p1a: Slowking|spd|1
|-damage|p2a: Quoi ?|78/100|[from] item: Life Orb
|-prepare|p1a: Slowking|Chilly Reception|[premajor]
|move|p1a: Slowking|Chilly Reception|p1a: Slowking
|-weather|Snowscape
|
|t:|1758373979
|switch|p1a: Zamazenta|Zamazenta|100/100|[from] Chilly Reception
|-ability|p1a: Zamazenta|Dauntless Shield|boost
|-boost|p1a: Zamazenta|def|1
|
|-weather|Snowscape|[upkeep]
|upkeep
|turn|5
|c|☆Nultiprise|switching valiant
|
|t:|1758373992
|switch|p2a: Iron Valiant|Iron Valiant|100/100
|-damage|p2a: Iron Valiant|88/100|[from] Spikes
|-enditem|p2a: Iron Valiant|Booster Energy
|-activate|p2a: Iron Valiant|ability: Quark Drive|[fromitem]
|-start|p2a: Iron Valiant|quarkdrivespe
|move|p1a: Zamazenta|Crunch|p2a: Iron Valiant
|-resisted|p2a: Iron Valiant
|-damage|p2a: Iron Valiant|80/100
|-unboost|p2a: Iron Valiant|def|1
|
|-weather|Snowscape|[upkeep]
|upkeep
|turn|6
|c|☆Nultiprise|moonblast
|
|t:|1758374006
|switch|p1a: Slowking|Slowking-Galar, M|70/100
|move|p2a: Iron Valiant|Moonblast|p1a: Slowking
|-resisted|p1a: Slowking
|-damage|p1a: Slowking|58/100
|
|-weather|Snowscape|[upkeep]
|upkeep
|turn|7
|c|☆Nultiprise|tera and knock off
|
|t:|1758374018
|-terastallize|p2a: Iron Valiant|Steel
|move|p2a: Iron Valiant|Knock Off|p1a: Slowking
|-supereffective|p1a: Slowking
|-damage|p1a: Slowking|1/100
|-enditem|p1a: Slowking|Heavy-Duty Boots|[from] move: Knock Off|[of] p2a: Iron Valiant
|-prepare|p1a: Slowking|Chilly Reception|[premajor]
|move|p1a: Slowking|Chilly Reception|p1a: Slowking
|
|t:|1758374031
|switch|p1a: Sinistcha|Sinistcha|100/100|[from] Chilly Reception
|
|-weather|Snowscape|[upkeep]
|upkeep
|turn|8
|c|☆Nultiprise|same
|
|t:|1758374037
|move|p2a: Iron Valiant|Knock Off|p1a: Sinistcha
|-supereffective|p1a: Sinistcha
|-damage|p1a: Sinistcha|60/100
|-enditem|p1a: Sinistcha|Heavy-Duty Boots|[from] move: Knock Off|[of] p2a: Iron Valiant
|move|p1a: Sinistcha|Strength Sap|p2a: Iron Valiant
|-unboost|p2a: Iron Valiant|atk|1
|-heal|p1a: Sinistcha|100/100
|
|-weather|none
|upkeep
|turn|9
|c|☆Nultiprise|switching to zoro
|
|t:|1758374056
|-end|p2a: Iron Valiant|Quark Drive|[silent]
|switch|p2a: Quoi ?|Greninja, M|78/100
|-damage|p2a: Quoi ?|66/100|[from] Spikes
|move|p1a: Sinistcha|Calm Mind|p1a: Sinistcha
|-boost|p1a: Sinistcha|spa|1
|-boost|p1a: Sinistcha|spd|1
|
|upkeep
|turn|10
|c|☆Nultiprise|sball
|
|t:|1758374063
|-terastallize|p1a: Sinistcha|Poison
|move|p2a: Quoi ?|Shadow Ball|p1a: Sinistcha
|-damage|p1a: Sinistcha|58/100
|-damage|p2a: Quoi ?|56/100|[from] item: Life Orb
|move|p1a: Sinistcha|Matcha Gotcha|p2a: Quoi ?
|-damage|p2a: Quoi ?|0 fnt
|-heal|p1a: Sinistcha|78/100|[from] drain|[of] p2a: Quoi ?
|replace|p2a: Feur|Zoroark-Hisui, M
|-end|p2a: Feur|Illusion
|faint|p2a: Feur
|
|upkeep
|
|t:|1758374074
|switch|p2a: Toxtricity|Toxtricity, M|100/100
|-damage|p2a: Toxtricity|88/100|[from] Spikes
|turn|11
|c|☆Nultiprise|boomburst
|
|t:|1758374082
|move|p2a: Toxtricity|Boomburst|p1a: Sinistcha
|-damage|p1a: Sinistcha|31/100
|-enditem|p2a: Toxtricity|Throat Spray
|-boost|p2a: Toxtricity|spa|1|[from] item: Throat Spray
|move|p1a: Sinistcha|Shadow Ball|p2a: Toxtricity
|-damage|p2a: Toxtricity|8/100
|
|upkeep
|turn|12
|c|☆Nultiprise|again
|
|t:|1758374102
|move|p2a: Toxtricity|Boomburst|p1a: Sinistcha
|-damage|p1a: Sinistcha|0 fnt
|faint|p1a: Sinistcha
|
|upkeep
|
|t:|1758374108
|switch|p1a: Zamazenta|Zamazenta|100/100
|turn|13
|
|t:|1758374111
|move|p1a: Zamazenta|Crunch|p2a: Toxtricity
|-damage|p2a: Toxtricity|0 fnt
|faint|p2a: Toxtricity
|
|upkeep
|c|☆Nultiprise|valiant
|c|☆Nultiprise|and blast
|
|t:|1758374123
|switch|p2a: Iron Valiant|Iron Valiant, tera:Steel|80/100
|-damage|p2a: Iron Valiant|67/100|[from] Spikes
|turn|14
|
|t:|1758374133
|move|p1a: Zamazenta|Close Combat|p2a: Iron Valiant
|-supereffective|p2a: Iron Valiant
|-damage|p2a: Iron Valiant|0 fnt
|-unboost|p1a: Zamazenta|def|1
|-unboost|p1a: Zamazenta|spd|1
|faint|p2a: Iron Valiant
|-end|p2a: Iron Valiant|Quark Drive|[silent]
|
|upkeep
|
|t:|1758374137
|switch|p2a: Mimikyu|Mimikyu, M|100/100
|-damage|p2a: Mimikyu|88/100|[from] Spikes
|turn|15
|c|☆Nultiprise|sd
|
|t:|1758374142
|switch|p1a: Slowking|Slowking-Galar, M|35/100
|-damage|p1a: Slowking|22/100|[from] Stealth Rock
|move|p2a: Mimikyu|Swords Dance|p2a: Mimikyu
|-boost|p2a: Mimikyu|atk|2
|
|upkeep
|turn|16
|c|☆Nultiprise|sneak
|
|t:|1758374150
|move|p2a: Mimikyu|Shadow Sneak|p1a: Slowking
|-supereffective|p1a: Slowking
|-damage|p1a: Slowking|0 fnt
|faint|p1a: Slowking
|-damage|p2a: Mimikyu|78/100|[from] item: Life Orb
|
|upkeep
|
|t:|1758374153
|switch|p1a: Gholdengo|Gholdengo|100/100
|-damage|p1a: Gholdengo|94/100|[from] Stealth Rock
|-item|p1a: Gholdengo|Air Balloon
|turn|17
|c|☆Nultiprise|hard gren
|
|t:|1758374167
|switch|p2a: Quoi ?|Greninja, M|100/100
|-damage|p2a: Quoi ?|88/100|[from] Spikes
|move|p1a: Gholdengo|Shadow Ball|p2a: Quoi ?
|-resisted|p2a: Quoi ?
|-damage|p2a: Quoi ?|60/100
|-unboost|p2a: Quoi ?|spd|1
|
|upkeep
|turn|18
|c|☆Nultiprise|hpump
|
|t:|1758374178
|move|p2a: Quoi ?|Hydro Pump|p1a: Gholdengo
|-damage|p1a: Gholdengo|44/100
|-enditem|p1a: Gholdengo|Air Balloon
|move|p1a: Gholdengo|Shadow Ball|p2a: Quoi ?
|-resisted|p2a: Quoi ?
|-damage|p2a: Quoi ?|17/100
|
|upkeep
|turn|19
|c|☆Nultiprise|again
|
|t:|1758374184
|move|p2a: Quoi ?|Hydro Pump|p1a: Gholdengo
|-damage|p1a: Gholdengo|0 fnt
|faint|p1a: Gholdengo
|-ability|p2a: Quoi ?|Battle Bond|boost
|-boost|p2a: Quoi ?|atk|1
|-boost|p2a: Quoi ?|spa|1
|-boost|p2a: Quoi ?|spe|1
|-activate|p2a: Quoi ?|ability: Battle Bond
|
|upkeep
|
|t:|1758374186
|switch|p1a: Zamazenta|Zamazenta|100/100
|turn|20
|c|☆Nultiprise|ice beam
|
|t:|1758374193
|move|p2a: Quoi ?|Ice Beam|p1a: Zamazenta
|-damage|p1a: Zamazenta|64/100
|move|p1a: Zamazenta|Crunch|p2a: Quoi ?
|-resisted|p2a: Quoi ?
|-damage|p2a: Quoi ?|0 fnt
|faint|p2a: Quoi ?
|
|upkeep
|
|t:|1758374195
|switch|p2a: Mimikyu|Mimikyu, M|78/100
|-damage|p2a: Mimikyu|66/100|[from] Spikes
|turn|21
|c|☆Nultiprise|play rough
|
|t:|1758374202
|move|p1a: Zamazenta|Crunch|p2a: Mimikyu
|-activate|p2a: Mimikyu|ability: Disguise
|-damage|p2a: Mimikyu|66/100
|-unboost|p2a: Mimikyu|def|1
|detailschange|p2a: Mimikyu|Mimikyu-Busted, M
|-damage|p2a: Mimikyu|53/100|[from] pokemon: Mimikyu-Busted
|move|p2a: Mimikyu|Play Rough|p1a: Zamazenta
|-supereffective|p1a: Zamazenta
|-damage|p1a: Zamazenta|0 fnt
|faint|p1a: Zamazenta
|-damage|p2a: Mimikyu|44/100|[from] item: Life Orb
|
|win|Nultiprise
|raw|Rising Ursaring's rating: 1405 &rarr; <strong>1388</strong><br />(-17 for losing)
|raw|Nultiprise's rating: 1465 &rarr; <strong>1482</strong><br />(+17 for winning)
|l|☆Nultiprise
|player|p2|
|l|☆Rising Ursaring
|player|p1|
