|j|☆rickky
|j|☆Obotwinkletoes
|t:|1758344097
|gametype|singles
|player|p1|rickky|nate|1363
|player|p2|Obotwinkletoes|2|1349
|gen|9
|tier|[Gen 9] OU
|rated|
|rule|HP Percentage Mod: HP is shown in percentages
|rule|Endless Battle Clause: Forcing endless battles is banned
|rule|Species Clause: Limit one of each Pokémon
|rule|OHKO Clause: OHKO moves are banned
|rule|Evasion Items Clause: Evasion items are banned
|rule|Evasion Moves Clause: Evasion moves are banned
|rule|Evasion Abilities Clause: Evasion abilities are banned
|rule|Sleep Moves Clause: Sleep-inducing moves are banned
|clearpoke
|poke|p1|Charizard, M|
|poke|p1|Rotom-Wash|
|poke|p1|Torkoal, M|
|poke|p1|Corviknight, M|
|poke|p1|Ursaluna, M|
|poke|p1|Slither Wing|
|poke|p2|Thundurus, M|
|poke|p2|Slowking-Galar, M|
|poke|p2|Gyarados, M|
|poke|p2|Donphan, F|
|poke|p2|Diancie|
|poke|p2|Metagross|
|teampreview
|inactive|Battle timer is ON: inactive players will automatically lose when time's up. (requested by Obotwinkletoes)
|
|t:|1758344123
|teamsize|p1|6
|teamsize|p2|6
|start
|switch|p1a: Rotom|Rotom-Wash, shiny|100/100
|switch|p2a: Slowking|Slowking-Galar, M, shiny|100/100
|turn|1
|
|t:|1758344135
|move|p1a: Rotom|Will-O-Wisp|p2a: Slowking|[miss]
|-miss|p1a: Rotom|p2a: Slowking
|move|p2a: Slowking|Toxic Spikes|p1a: Rotom
|-sidestart|p1: rickky|move: Toxic Spikes
|
|upkeep
|turn|2
|
|t:|1758344141
|move|p1a: Rotom|Will-O-Wisp|p2a: Slowking
|-status|p2a: Slowking|brn
|move|p2a: Slowking|Future Sight|p1a: Rotom
|-start|p2a: Slowking|move: Future Sight
|
|-damage|p2a: Slowking|94/100 brn|[from] brn
|upkeep
|turn|3
|
|t:|1758344149
|move|p1a: Rotom|Volt Switch|p2a: Slowking
|-damage|p2a: Slowking|78/100 brn
|
|t:|1758344154
|switch|p1a: Corviknight|Corviknight, M|100/100|[from] Volt Switch
|-prepare|p2a: Slowking|Chilly Reception|[premajor]
|move|p2a: Slowking|Chilly Reception|p2a: Slowking
|-weather|Snowscape
|
|t:|1758344162
|switch|p2a: Thundurus|Thundurus, M, shiny|100/100|[from] Chilly Reception
|
|-weather|Snowscape|[upkeep]
|upkeep
|turn|4
|
|t:|1758344170
|switch|p1a: Rotom|Rotom-Wash, shiny|100/100
|move|p2a: Thundurus|Grass Knot|p1a: Rotom
|-supereffective|p1a: Rotom
|-damage|p1a: Rotom|87/100
|-damage|p2a: Thundurus|90/100|[from] item: Life Orb
|
|-weather|Snowscape|[upkeep]
|-end|p1a: Rotom|move: Future Sight
|-damage|p1a: Rotom|53/100
|-heal|p1a: Rotom|59/100|[from] item: Leftovers
|upkeep
|turn|5
|
|t:|1758344183
|move|p2a: Thundurus|Thunderbolt|p1a: Rotom
|-damage|p1a: Rotom|14/100
|-damage|p2a: Thundurus|80/100|[from] item: Life Orb
|move|p1a: Rotom|Pain Split|p2a: Thundurus
|-sethp|p2a: Thundurus|47/100|[from] move: Pain Split|[silent]
|-sethp|p1a: Rotom|47/100|[from] move: Pain Split
|
|-weather|Snowscape|[upkeep]
|-heal|p1a: Rotom|53/100|[from] item: Leftovers
|upkeep
|turn|6
|
|t:|1758344195
|switch|p2a: Slowking|Slowking-Galar, M, shiny|100/100 brn
|move|p1a: Rotom|Hydro Pump|p2a: Slowking
|-damage|p2a: Slowking|73/100 brn
|
|-weather|Snowscape|[upkeep]
|-heal|p1a: Rotom|59/100|[from] item: Leftovers
|-heal|p2a: Slowking|79/100 brn|[from] item: Leftovers
|-damage|p2a: Slowking|73/100 brn|[from] brn
|upkeep
|turn|7
|
|t:|1758344206
|move|p1a: Rotom|Volt Switch|p2a: Slowking
|-damage|p2a: Slowking|56/100 brn
|
|t:|1758344210
|switch|p1a: Corviknight|Corviknight, M|100/100|[from] Volt Switch
|-prepare|p2a: Slowking|Chilly Reception|[premajor]
|move|p2a: Slowking|Chilly Reception|p2a: Slowking
|
|t:|1758344217
|switch|p2a: Thundurus|Thundurus, M, shiny|47/100|[from] Chilly Reception
|
|-weather|none
|upkeep
|turn|8
|
|t:|1758344241
|switch|p1a: Ursaluna|Ursaluna, M, shiny|100/100
|-status|p1a: Ursaluna|psn
|move|p2a: Thundurus|Thunderbolt|p1a: Ursaluna
|-immune|p1a: Ursaluna
|
|-damage|p1a: Ursaluna|88/100 psn|[from] psn
|upkeep
|turn|9
|
|t:|1758344252
|switch|p2a: Gyarados|Gyarados, M, shiny|100/100
|move|p1a: Ursaluna|Facade|p2a: Gyarados
|-damage|p2a: Gyarados|0 fnt
|faint|p2a: Gyarados
|
|-damage|p1a: Ursaluna|75/100 psn|[from] psn
|upkeep
|
|t:|1758344267
|switch|p2a: Thundurus|Thundurus, M, shiny|47/100
|turn|10
|
|t:|1758344272
|switch|p1a: Corviknight|Corviknight, M|100/100
|move|p2a: Thundurus|Grass Knot|p1a: Corviknight
|-resisted|p1a: Corviknight
|-crit|p1a: Corviknight
|-damage|p1a: Corviknight|88/100
|-damage|p2a: Thundurus|30/100|[from] item: Rocky Helmet|[of] p1a: Corviknight
|-damage|p2a: Thundurus|20/100|[from] item: Life Orb
|
|upkeep
|turn|11
|
|t:|1758344294
|move|p2a: Thundurus|Thunderbolt|p1a: Corviknight
|-supereffective|p1a: Corviknight
|-damage|p1a: Corviknight|0 fnt
|faint|p1a: Corviknight
|-damage|p2a: Thundurus|10/100|[from] item: Life Orb
|
|upkeep
|
|t:|1758344301
|switch|p1a: Charizard|Charizard, M, shiny|100/100
|turn|12
|
|t:|1758344325
|switch|p2a: Diancie|Diancie, shiny|100/100
|move|p1a: Charizard|Flamethrower|p2a: Diancie
|-resisted|p2a: Diancie
|-damage|p2a: Diancie|83/100
|
|-heal|p2a: Diancie|89/100|[from] item: Leftovers
|upkeep
|turn|13
|
|t:|1758344343
|switch|p1a: Rotom|Rotom-Wash, shiny|59/100
|move|p2a: Diancie|Calm Mind|p2a: Diancie
|-boost|p2a: Diancie|spa|1
|-boost|p2a: Diancie|spd|1
|
|-heal|p1a: Rotom|65/100|[from] item: Leftovers
|-heal|p2a: Diancie|95/100|[from] item: Leftovers
|upkeep
|turn|14
|
|t:|1758344356
|-terastallize|p2a: Diancie|Fairy
|move|p1a: Rotom|Will-O-Wisp|p2a: Diancie
|-status|p2a: Diancie|brn
|move|p2a: Diancie|Draining Kiss|p1a: Rotom
|-damage|p1a: Rotom|30/100
|-heal|p2a: Diancie|100/100 brn|[from] drain|[of] p1a: Rotom
|
|-heal|p1a: Rotom|37/100|[from] item: Leftovers
|-damage|p2a: Diancie|94/100 brn|[from] brn
|upkeep
|turn|15
|
|t:|1758344369
|move|p1a: Rotom|Pain Split|p2a: Diancie
|-sethp|p2a: Diancie|65/100 brn|[from] move: Pain Split|[silent]
|-sethp|p1a: Rotom|65/100|[from] move: Pain Split
|move|p2a: Diancie|Calm Mind|p2a: Diancie
|-boost|p2a: Diancie|spa|1
|-boost|p2a: Diancie|spd|1
|
|-heal|p1a: Rotom|72/100|[from] item: Leftovers
|-heal|p2a: Diancie|72/100 brn|[from] item: Leftovers
|-damage|p2a: Diancie|65/100 brn|[from] brn
|upkeep
|turn|16
|
|t:|1758344390
|move|p1a: Rotom|Volt Switch|p2a: Diancie
|-damage|p2a: Diancie|55/100 brn
|
|t:|1758344396
|switch|p1a: Torkoal|Torkoal, M|100/100|[from] Volt Switch
|-status|p1a: Torkoal|psn
|-weather|SunnyDay|[from] ability: Drought|[of] p1a: Torkoal
|move|p2a: Diancie|Draining Kiss|p1a: Torkoal
|-resisted|p1a: Torkoal
|-damage|p1a: Torkoal|59/100 psn
|-heal|p2a: Diancie|84/100 brn|[from] drain|[of] p1a: Torkoal
|
|-weather|SunnyDay|[upkeep]
|-heal|p2a: Diancie|90/100 brn|[from] item: Leftovers
|-heal|p1a: Torkoal|65/100 psn|[from] item: Leftovers
|-damage|p1a: Torkoal|53/100 psn|[from] psn
|-damage|p2a: Diancie|84/100 brn|[from] brn
|upkeep
|turn|17
|
|t:|1758344412
|move|p2a: Diancie|Power Gem|p1a: Torkoal
|-supereffective|p1a: Torkoal
|-damage|p1a: Torkoal|0 fnt
|faint|p1a: Torkoal
|
|-weather|SunnyDay|[upkeep]
|-heal|p2a: Diancie|90/100 brn|[from] item: Leftovers
|-damage|p2a: Diancie|84/100 brn|[from] brn
|upkeep
|
|t:|1758344422
|switch|p1a: Slither Wing|Slither Wing|100/100
|-status|p1a: Slither Wing|psn
|-activate|p1a: Slither Wing|ability: Protosynthesis
|-start|p1a: Slither Wing|protosynthesisatk
|turn|18
|
|t:|1758344434
|-terastallize|p1a: Slither Wing|Bug
|move|p1a: Slither Wing|First Impression|p2a: Diancie
|-resisted|p2a: Diancie
|-damage|p2a: Diancie|57/100 brn
|move|p2a: Diancie|Draining Kiss|p1a: Slither Wing
|-damage|p1a: Slither Wing|49/100 psn
|-heal|p2a: Diancie|100/100 brn|[from] drain|[of] p1a: Slither Wing
|
|-weather|SunnyDay|[upkeep]
|-heal|p1a: Slither Wing|55/100 psn|[from] item: Leftovers
|-damage|p1a: Slither Wing|42/100 psn|[from] psn
|-damage|p2a: Diancie|94/100 brn|[from] brn
|upkeep
|turn|19
|-message|rickky forfeited.
|
|win|Obotwinkletoes
|raw|rickky's rating: 1363 &rarr; <strong>1342</strong><br />(-21 for losing)
|raw|Obotwinkletoes's rating: 1349 &rarr; <strong>1370</strong><br />(+21 for winning)
|l|☆rickky
|player|p1|
|l|☆Obotwinkletoes
|player|p2|
