|j|☆DampRockstar
|j|☆Sparkieboi
|t:|1758316551
|gametype|singles
|player|p1|DampRockstar|hoopster|1182
|player|p2|Sparkieboi|170|1174
|gen|9
|tier|[Gen 9] OU
|rated|
|rule|HP Percentage Mod: HP is shown in percentages
|rule|Endless Battle Clause: Forcing endless battles is banned
|rule|Species Clause: Limit one of each Pokémon
|rule|OHKO Clause: OHKO moves are banned
|rule|Evasion Items Clause: Evasion items are banned
|rule|Evasion Moves Clause: Evasion moves are banned
|rule|Evasion Abilities Clause: Evasion abilities are banned
|rule|Sleep Moves Clause: Sleep-inducing moves are banned
|clearpoke
|poke|p1|Falinks|
|poke|p1|Polteageist|
|poke|p1|Cinderace, M|
|poke|p1|Regidrago|
|poke|p1|Skeledirge, F|
|poke|p1|Cinccino, M|
|poke|p2|Meganium, M|
|poke|p2|Cinccino, F|
|poke|p2|Skeledirge, M|
|poke|p2|Serperior, M|
|poke|p2|Zapdos-Galar|
|poke|p2|Walking Wake|
|teampreview
|inactive|Battle timer is ON: inactive players will automatically lose when time's up. (requested by Sparkieboi)
|inactive|DampRockstar also wants the timer to be on.
|c|☆DampRockstar|Best of Luck!
|
|t:|1758316577
|teamsize|p1|6
|teamsize|p2|6
|start
|switch|p1a: Falinks|Falinks|100/100
|switch|p2a: Zapdos|Zapdos-Galar|100/100
|turn|1
|c|☆Sparkieboi|u2
|
|t:|1758316590
|move|p2a: Zapdos|Thunderous Kick|p1a: Falinks
|-damage|p1a: Falinks|19/100
|-unboost|p1a: Falinks|def|1
|-ability|p1a: Falinks|Defiant|boost
|-boost|p1a: Falinks|atk|2
|move|p1a: Falinks|Knock Off|p2a: Zapdos
|-resisted|p2a: Zapdos
|-damage|p2a: Zapdos|66/100
|-enditem|p2a: Zapdos|Choice Band|[from] move: Knock Off|[of] p1a: Falinks
|
|upkeep
|turn|2
|
|t:|1758316606
|move|p2a: Zapdos|Thunderous Kick|p1a: Falinks
|-damage|p1a: Falinks|0 fnt
|faint|p1a: Falinks
|
|upkeep
|
|t:|1758316622
|switch|p1a: Polteageist|Polteageist|100/100
|turn|3
|l|☆Sparkieboi
|inactive|Sparkieboi disconnected and has a minute to reconnect!
|player|p2|
|j|☆Sparkieboi
|inactive|Sparkieboi reconnected and has 120 seconds left.
|player|p2|Sparkieboi|170|
|
|t:|1758316656
|move|p2a: Zapdos|Dual Wingbeat|p1a: Polteageist
|-damage|p1a: Polteageist|60/100
|-ability|p1a: Polteageist|Weak Armor|boost
|-unboost|p1a: Polteageist|def|1
|-boost|p1a: Polteageist|spe|2
|-damage|p1a: Polteageist|4/100
|-ability|p1a: Polteageist|Weak Armor|boost
|-unboost|p1a: Polteageist|def|1
|-boost|p1a: Polteageist|spe|2
|-hitcount|p1a: Polteageist|2
|move|p1a: Polteageist|Shell Smash|p1a: Polteageist
|-unboost|p1a: Polteageist|def|1
|-unboost|p1a: Polteageist|spd|1
|-boost|p1a: Polteageist|atk|2
|-boost|p1a: Polteageist|spa|2
|-boost|p1a: Polteageist|spe|2
|
|upkeep
|turn|4
|inactive|Sparkieboi has 120 seconds left.
|inactive|DampRockstar has 120 seconds left.
|
|t:|1758316691
|move|p1a: Polteageist|Stored Power|p2a: Zapdos
|-supereffective|p2a: Zapdos
|-damage|p2a: Zapdos|0 fnt
|faint|p2a: Zapdos
|
|upkeep
|
|t:|1758316704
|switch|p2a: Walking Wake|Walking Wake|100/100
|turn|5
|
|t:|1758316717
|move|p1a: Polteageist|Stored Power|p2a: Walking Wake
|-damage|p2a: Walking Wake|0 fnt
|faint|p2a: Walking Wake
|-end|p2a: Walking Wake|Protosynthesis|[silent]
|
|upkeep
|
|t:|1758316725
|switch|p2a: Skeledirge|Skeledirge, M|100/100
|turn|6
|inactive|Sparkieboi has 120 seconds left.
|
|t:|1758316730
|move|p1a: Polteageist|Stored Power|p2a: Skeledirge
|-damage|p2a: Skeledirge|24/100
|move|p2a: Skeledirge|Hex|p1a: Polteageist
|-supereffective|p1a: Polteageist
|-damage|p1a: Polteageist|0 fnt
|faint|p1a: Polteageist
|
|-heal|p2a: Skeledirge|30/100|[from] item: Leftovers
|upkeep
|inactive|DampRockstar has 120 seconds left.
|
|t:|1758316742
|switch|p1a: Regidrago|Regidrago|100/100
|turn|7
|
|t:|1758316748
|move|p1a: Regidrago|Dragon Energy|p2a: Skeledirge
|-damage|p2a: Skeledirge|0 fnt
|faint|p2a: Skeledirge
|
|upkeep
|
|t:|1758316756
|switch|p2a: Serperior|Serperior, M|100/100
|turn|8
|
|t:|1758316763
|move|p1a: Regidrago|Dragon Energy|p2a: Serperior
|-damage|p2a: Serperior|0 fnt
|faint|p2a: Serperior
|
|upkeep
|
|t:|1758316770
|switch|p2a: Meganium|Meganium, M|100/100
|turn|9
|
|t:|1758316780
|-terastallize|p1a: Regidrago|Dragon
|move|p1a: Regidrago|Dragon Energy|p2a: Meganium
|-damage|p2a: Meganium|10/100
|move|p2a: Meganium|Leech Seed|p1a: Regidrago
|-start|p1a: Regidrago|move: Leech Seed
|
|-heal|p2a: Meganium|16/100|[from] item: Leftovers
|-damage|p1a: Regidrago|88/100|[from] Leech Seed|[of] p2a: Meganium
|-heal|p2a: Meganium|34/100|[silent]
|upkeep
|turn|10
|
|t:|1758316801
|move|p1a: Regidrago|Dragon Energy|p2a: Meganium
|-damage|p2a: Meganium|0 fnt
|faint|p2a: Meganium
|
|upkeep
|
|t:|1758316804
|switch|p2a: Cinccino|Cinccino, F|100/100
|turn|11
|
|t:|1758316812
|move|p1a: Regidrago|Dragon Energy|p2a: Cinccino
|-damage|p2a: Cinccino|0 fnt
|faint|p2a: Cinccino
|
|win|DampRockstar
|raw|DampRockstar's rating: 1182 &rarr; <strong>1206</strong><br />(+24 for winning)
|raw|Sparkieboi's rating: 1174 &rarr; <strong>1150</strong><br />(-24 for losing)
|c|☆DampRockstar|gg
|c|☆Sparkieboi|gg
|l|☆Sparkieboi
|player|p2|
|l|☆DampRockstar
|player|p1|
