|j|☆Auburn Hills
|j|☆Itotio
|t:|1758289549
|gametype|singles
|player|p1|Auburn Hills|alder|1778
|player|p2|Itotio|lucas|1709
|gen|9
|tier|[Gen 9] OU
|rated|
|rule|HP Percentage Mod: HP is shown in percentages
|rule|Endless Battle Clause: Forcing endless battles is banned
|rule|Species Clause: Limit one of each Pokémon
|rule|OHKO Clause: OHKO moves are banned
|rule|Evasion Items Clause: Evasion items are banned
|rule|Evasion Moves Clause: Evasion moves are banned
|rule|Evasion Abilities Clause: Evasion abilities are banned
|rule|Sleep Moves Clause: Sleep-inducing moves are banned
|clearpoke
|poke|p1|Iron Moth|
|poke|p1|Umbreon, M|
|poke|p1|Garchomp, M|
|poke|p1|Glimmora, F|
|poke|p1|Gholdengo|
|poke|p1|Dragonite, F|
|poke|p2|Cinderace, M|
|poke|p2|Sinistcha-Masterpiece|
|poke|p2|Kingambit, M|
|poke|p2|Ninetales-Alola, F|
|poke|p2|Dragonite, M|
|poke|p2|Ursaluna, F|
|teampreview
|inactive|Battle timer is ON: inactive players will automatically lose when time's up. (requested by Itotio)
|
|t:|1758289553
|teamsize|p1|6
|teamsize|p2|6
|start
|switch|p1a: Smino|Gholdengo|100/100
|switch|p2a: Ninetales|Ninetales-Alola, F|100/100
|-weather|Snowscape|[from] ability: Snow Warning|[of] p2a: Ninetales
|turn|1
|
|t:|1758289557
|switch|p2a: Cinderace|Cinderace, M|100/100
|move|p1a: Smino|Make It Rain|p2a: Cinderace
|-resisted|p2a: Cinderace
|-damage|p2a: Cinderace|51/100
|-unboost|p1a: Smino|spa|1
|
|-weather|Snowscape|[upkeep]
|upkeep
|turn|2
|
|t:|1758289560
|switch|p1a: Julia Jacklin|Glimmora, F|100/100
|move|p2a: Cinderace|U-turn|p1a: Julia Jacklin
|-start|p2a: Cinderace|typechange|Bug|[from] ability: Libero
|-resisted|p1a: Julia Jacklin
|-damage|p1a: Julia Jacklin|82/100
|-activate|p1a: Julia Jacklin|ability: Toxic Debris
|-sidestart|p2: Itotio|move: Toxic Spikes
|
|t:|1758289563
|switch|p2a: Kingambit|Kingambit, M, shiny|100/100|[from] U-turn
|
|-weather|Snowscape|[upkeep]
|upkeep
|turn|3
|
|t:|1758289565
|move|p1a: Julia Jacklin|Earth Power|p2a: Kingambit
|-supereffective|p2a: Kingambit
|-damage|p2a: Kingambit|35/100
|move|p2a: Kingambit|Iron Head|p1a: Julia Jacklin
|-supereffective|p1a: Julia Jacklin
|-damage|p1a: Julia Jacklin|0 fnt
|-activate|p1a: Julia Jacklin|ability: Toxic Debris
|-sidestart|p2: Itotio|move: Toxic Spikes
|faint|p1a: Julia Jacklin
|
|-weather|Snowscape|[upkeep]
|-heal|p2a: Kingambit|41/100|[from] item: Leftovers
|upkeep
|
|t:|1758289568
|switch|p1a: Elucid|Dragonite, F|100/100
|turn|4
|
|t:|1758289578
|move|p1a: Elucid|Dragon Dance|p1a: Elucid
|-boost|p1a: Elucid|atk|1
|-boost|p1a: Elucid|spe|1
|move|p2a: Kingambit|Kowtow Cleave|p1a: Elucid
|-damage|p1a: Elucid|74/100
|
|-weather|Snowscape|[upkeep]
|-heal|p2a: Kingambit|47/100|[from] item: Leftovers
|upkeep
|turn|5
|
|t:|1758289584
|move|p2a: Kingambit|Sucker Punch|p1a: Elucid
|-damage|p1a: Elucid|26/100
|move|p1a: Elucid|Earthquake|p2a: Kingambit
|-supereffective|p2a: Kingambit
|-damage|p2a: Kingambit|0 fnt
|faint|p2a: Kingambit
|-end|p2a: Kingambit|fallenundefined|[silent]
|
|-weather|none
|upkeep
|
|t:|1758289591
|switch|p2a: Dragonite|Dragonite, M|100/100
|turn|6
|
|t:|1758289596
|switch|p1a: Alvvays|Umbreon, M|100/100
|move|p2a: Dragonite|Dragon Dance|p2a: Dragonite
|-boost|p2a: Dragonite|atk|1
|-boost|p2a: Dragonite|spe|1
|
|upkeep
|turn|7
|
|t:|1758289606
|-terastallize|p2a: Dragonite|Flying
|move|p2a: Dragonite|Tera Blast|p1a: Alvvays|[anim] Tera Blast Flying
|-damage|p1a: Alvvays|31/100
|move|p1a: Alvvays|Thunder Wave|p2a: Dragonite
|-status|p2a: Dragonite|par
|
|-heal|p1a: Alvvays|37/100|[from] item: Leftovers
|upkeep
|turn|8
|
|t:|1758289614
|move|p2a: Dragonite|Dragon Dance|p2a: Dragonite
|-boost|p2a: Dragonite|atk|1
|-boost|p2a: Dragonite|spe|1
|move|p1a: Alvvays|Foul Play|p2a: Dragonite
|-damage|p2a: Dragonite|44/100 par
|
|-heal|p1a: Alvvays|43/100|[from] item: Leftovers
|upkeep
|turn|9
|
|t:|1758289616
|move|p2a: Dragonite|Tera Blast|p1a: Alvvays|[anim] Tera Blast Flying
|-damage|p1a: Alvvays|0 fnt
|faint|p1a: Alvvays
|
|upkeep
|
|t:|1758289619
|switch|p1a: Smino|Gholdengo|100/100
|turn|10
|
|t:|1758289622
|move|p1a: Smino|Make It Rain|p2a: Dragonite
|-damage|p2a: Dragonite|0 fnt
|-unboost|p1a: Smino|spa|1
|faint|p2a: Dragonite
|
|upkeep
|
|t:|1758289624
|switch|p2a: Cinderace|Cinderace, M|51/100
|turn|11
|
|t:|1758289628
|switch|p1a: Elucid|Dragonite, F|26/100
|move|p2a: Cinderace|Court Change|p2a: Cinderace
|-start|p2a: Cinderace|typechange|Normal|[from] ability: Libero
|-swapsideconditions
|-activate|p2a: Cinderace|move: Court Change
|
|upkeep
|turn|12
|
|t:|1758289631
|move|p1a: Elucid|Extreme Speed|p2a: Cinderace
|-damage|p2a: Cinderace|9/100
|move|p2a: Cinderace|U-turn|p1a: Elucid
|-resisted|p1a: Elucid
|-damage|p1a: Elucid|14/100
|
|t:|1758289633
|switch|p2a: Ninetales|Ninetales-Alola, F|100/100|[from] U-turn
|-weather|Snowscape|[from] ability: Snow Warning|[of] p2a: Ninetales
|
|-weather|Snowscape|[upkeep]
|upkeep
|turn|13
|
|t:|1758289637
|switch|p1a: Smino|Gholdengo|100/100
|move|p2a: Ninetales|Aurora Veil|p2a: Ninetales
|-sidestart|p2: Itotio|move: Aurora Veil
|
|-weather|Snowscape|[upkeep]
|upkeep
|turn|14
|
|t:|1758289643
|switch|p2a: Ursaluna|Ursaluna, F|100/100
|move|p1a: Smino|Make It Rain|p2a: Ursaluna
|-crit|p2a: Ursaluna
|-damage|p2a: Ursaluna|7/100
|-unboost|p1a: Smino|spa|1
|
|-weather|Snowscape|[upkeep]
|-status|p2a: Ursaluna|brn|[from] item: Flame Orb
|upkeep
|turn|15
|
|t:|1758289649
|move|p1a: Smino|Make It Rain|p2a: Ursaluna
|-damage|p2a: Ursaluna|0 fnt
|-unboost|p1a: Smino|spa|1
|faint|p2a: Ursaluna
|
|-weather|Snowscape|[upkeep]
|upkeep
|
|t:|1758289652
|switch|p2a: Sinistcha|Sinistcha-Masterpiece|100/100
|turn|16
|
|t:|1758289655
|switch|p1a: Carly Rae|Iron Moth|100/100
|-sideend|p1: Auburn Hills|move: Toxic Spikes|[of] p1a: Carly Rae
|-enditem|p1a: Carly Rae|Booster Energy
|-activate|p1a: Carly Rae|ability: Quark Drive|[fromitem]
|-start|p1a: Carly Rae|quarkdrivespe
|move|p2a: Sinistcha|Calm Mind|p2a: Sinistcha
|-boost|p2a: Sinistcha|spa|1
|-boost|p2a: Sinistcha|spd|1
|
|-weather|none
|upkeep
|turn|17
|
|t:|1758289658
|move|p1a: Carly Rae|Fiery Dance|p2a: Sinistcha
|-supereffective|p2a: Sinistcha
|-damage|p2a: Sinistcha|84/100
|-boost|p1a: Carly Rae|spa|1
|move|p2a: Sinistcha|Calm Mind|p2a: Sinistcha
|-boost|p2a: Sinistcha|spa|1
|-boost|p2a: Sinistcha|spd|1
|
|-heal|p2a: Sinistcha|90/100|[from] item: Leftovers
|upkeep
|turn|18
|
|t:|1758289662
|move|p1a: Carly Rae|Fiery Dance|p2a: Sinistcha
|-supereffective|p2a: Sinistcha
|-damage|p2a: Sinistcha|73/100
|-boost|p1a: Carly Rae|spa|1
|move|p2a: Sinistcha|Shadow Ball|p1a: Carly Rae
|-damage|p1a: Carly Rae|16/100
|
|-heal|p2a: Sinistcha|79/100|[from] item: Leftovers
|upkeep
|turn|19
|
|t:|1758289668
|move|p1a: Carly Rae|Fiery Dance|p2a: Sinistcha
|-supereffective|p2a: Sinistcha
|-damage|p2a: Sinistcha|55/100
|move|p2a: Sinistcha|Shadow Ball|p1a: Carly Rae
|-damage|p1a: Carly Rae|0 fnt
|faint|p1a: Carly Rae
|-end|p1a: Carly Rae|Quark Drive|[silent]
|
|-heal|p2a: Sinistcha|61/100|[from] item: Leftovers
|upkeep
|
|t:|1758289673
|switch|p1a: Smino|Gholdengo|100/100
|turn|20
|
|t:|1758289679
|switch|p1a: Elucid|Dragonite, F|14/100
|move|p2a: Sinistcha|Shadow Ball|p1a: Elucid
|-damage|p1a: Elucid|0 fnt
|faint|p1a: Elucid
|
|-heal|p2a: Sinistcha|67/100|[from] item: Leftovers
|-sideend|p2: Itotio|move: Aurora Veil
|upkeep
|j| firecharmander004
|
|t:|1758289681
|switch|p1a: Rat Tally|Garchomp, M|100/100
|turn|21
|
|t:|1758289684
|move|p1a: Rat Tally|Scale Shot|p2a: Sinistcha
|-damage|p2a: Sinistcha|56/100
|-damage|p2a: Sinistcha|44/100
|-damage|p2a: Sinistcha|33/100
|-damage|p2a: Sinistcha|21/100
|-damage|p2a: Sinistcha|9/100
|-hitcount|p2a: Sinistcha|5
|-unboost|p1a: Rat Tally|def|1
|-boost|p1a: Rat Tally|spe|1
|move|p2a: Sinistcha|Strength Sap|p1a: Rat Tally
|-unboost|p1a: Rat Tally|atk|1
|-heal|p2a: Sinistcha|100/100
|
|upkeep
|turn|22
|
|t:|1758289687
|move|p1a: Rat Tally|Swords Dance|p1a: Rat Tally
|-boost|p1a: Rat Tally|atk|2
|move|p2a: Sinistcha|Matcha Gotcha|p1a: Rat Tally|[miss]
|-miss|p2a: Sinistcha|p1a: Rat Tally
|
|upkeep
|turn|23
|
|t:|1758289691
|move|p1a: Rat Tally|Swords Dance|p1a: Rat Tally
|-boost|p1a: Rat Tally|atk|2
|move|p2a: Sinistcha|Matcha Gotcha|p1a: Rat Tally|[miss]
|-miss|p2a: Sinistcha|p1a: Rat Tally
|
|upkeep
|turn|24
|
|t:|1758289693
|move|p1a: Rat Tally|Scale Shot|p2a: Sinistcha
|-damage|p2a: Sinistcha|71/100
|-damage|p2a: Sinistcha|40/100
|-damage|p2a: Sinistcha|12/100
|-damage|p2a: Sinistcha|0 fnt
|faint|p2a: Sinistcha
|-hitcount|p2: Sinistcha|4
|-unboost|p1a: Rat Tally|def|1
|-boost|p1a: Rat Tally|spe|1
|
|upkeep
|-message|Itotio forfeited.
|
|win|Auburn Hills
|raw|Auburn Hills's rating: 1778 &rarr; <strong>1794</strong><br />(+16 for winning)
|raw|Itotio's rating: 1709 &rarr; <strong>1693</strong><br />(-16 for losing)
|l|☆Itotio
|player|p2|
|l|☆Auburn Hills
|player|p1|
