|j|☆LuthStar
|j|☆nanchalant
|t:|1758288803
|gametype|singles
|player|p1|LuthStar|ethan|1099
|player|p2|nanchalant|drayden|1057
|gen|9
|tier|[Gen 9] OU
|rated|
|rule|HP Percentage Mod: HP is shown in percentages
|rule|Endless Battle Clause: Forcing endless battles is banned
|rule|Species Clause: Limit one of each Pokémon
|rule|OHKO Clause: OHKO moves are banned
|rule|Evasion Items Clause: Evasion items are banned
|rule|Evasion Moves Clause: Evasion moves are banned
|rule|Evasion Abilities Clause: Evasion abilities are banned
|rule|Sleep Moves Clause: Sleep-inducing moves are banned
|clearpoke
|poke|p1|Typhlosion, M|
|poke|p1|Donphan, M|
|poke|p1|Azumarill, F|
|poke|p1|Espeon, F|
|poke|p1|Hitmontop, M|
|poke|p1|Scizor, M|
|poke|p2|Scream Tail|
|poke|p2|Moltres|
|poke|p2|Sinistcha|
|poke|p2|Ting-Lu|
|poke|p2|Garganacl, M|
|poke|p2|Quaquaval, M|
|teampreview
|
|t:|1758288814
|teamsize|p1|6
|teamsize|p2|6
|start
|switch|p1a: Donphan|Donphan, M|100/100
|switch|p2a: Garganacl|Garganacl, M|100/100
|turn|1
|
|t:|1758288825
|switch|p1a: Espeon|Espeon, F|100/100
|move|p2a: Garganacl|Stealth Rock|p1a: Espeon
|move|p1a: Espeon|Stealth Rock|p2a: Garganacl|[from] ability: Magic Bounce
|-sidestart|p2: nanchalant|move: Stealth Rock
|
|upkeep
|turn|2
|
|t:|1758288832
|move|p1a: Espeon|Trick|p2a: Garganacl
|-activate|p1a: Espeon|move: Trick|[of] p2a: Garganacl
|-item|p2a: Garganacl|Choice Specs|[from] move: Trick
|-item|p1a: Espeon|Leftovers|[from] move: Trick
|move|p2a: Garganacl|Salt Cure|p1a: Espeon
|-damage|p1a: Espeon|75/100
|-start|p1a: Espeon|Salt Cure
|
|-heal|p1a: Espeon|81/100|[from] item: Leftovers
|-damage|p1a: Espeon|69/100|[from] Salt Cure
|upkeep
|turn|3
|
|t:|1758288858
|switch|p2a: Quaquaval|Quaquaval, M|100/100
|-damage|p2a: Quaquaval|94/100|[from] Stealth Rock
|move|p1a: Espeon|Calm Mind|p1a: Espeon
|-boost|p1a: Espeon|spa|1
|-boost|p1a: Espeon|spd|1
|
|-heal|p1a: Espeon|75/100|[from] item: Leftovers
|-damage|p1a: Espeon|62/100|[from] Salt Cure
|upkeep
|turn|4
|
|t:|1758288867
|move|p1a: Espeon|Psychic|p2a: Quaquaval
|-supereffective|p2a: Quaquaval
|-damage|p2a: Quaquaval|0 fnt
|faint|p2a: Quaquaval
|
|-heal|p1a: Espeon|69/100|[from] item: Leftovers
|-damage|p1a: Espeon|56/100|[from] Salt Cure
|upkeep
|
|t:|1758288877
|switch|p2a: Sinistcha|Sinistcha|100/100
|turn|5
|
|t:|1758288882
|move|p1a: Espeon|Psychic|p2a: Sinistcha
|-damage|p2a: Sinistcha|14/100
|move|p2a: Sinistcha|Shadow Ball|p1a: Espeon
|-supereffective|p1a: Espeon
|-damage|p1a: Espeon|0 fnt
|faint|p1a: Espeon
|
|upkeep
|
|t:|1758288894
|switch|p1a: Scizor|Scizor, M|100/100
|turn|6
|
|t:|1758288913
|move|p1a: Scizor|Bullet Punch|p2a: Sinistcha
|-damage|p2a: Sinistcha|0 fnt
|faint|p2a: Sinistcha
|
|upkeep
|
|t:|1758288918
|switch|p2a: Moltres|Moltres|100/100
|turn|7
|
|t:|1758288926
|switch|p1a: Typhlosion|Typhlosion, M|100/100
|move|p2a: Moltres|Flamethrower|p1a: Typhlosion
|-start|p1a: Typhlosion|ability: Flash Fire
|
|upkeep
|turn|8
|
|t:|1758288936
|move|p1a: Typhlosion|Substitute|p1a: Typhlosion
|-start|p1a: Typhlosion|Substitute
|-damage|p1a: Typhlosion|75/100
|move|p2a: Moltres|U-turn|p1a: Typhlosion
|-resisted|p1a: Typhlosion
|-activate|p1a: Typhlosion|move: Substitute|[damage]
|
|t:|1758288945
|switch|p2a: Scream Tail|Scream Tail|100/100|[from] U-turn
|-damage|p2a: Scream Tail|88/100|[from] Stealth Rock
|
|-heal|p2a: Scream Tail|94/100|[from] item: Leftovers
|-heal|p1a: Typhlosion|82/100|[from] item: Leftovers
|upkeep
|turn|9
|
|t:|1758288962
|-terastallize|p1a: Typhlosion|Steel
|move|p2a: Scream Tail|Psychic Noise|p1a: Typhlosion
|-resisted|p1a: Typhlosion
|-damage|p1a: Typhlosion|73/100
|-start|p1a: Typhlosion|move: Heal Block
|move|p1a: Typhlosion|Lava Plume|p2a: Scream Tail
|-damage|p2a: Scream Tail|55/100
|
|-heal|p2a: Scream Tail|61/100|[from] item: Leftovers
|upkeep
|turn|10
|
|t:|1758288976
|-end|p2a: Scream Tail|Protosynthesis|[silent]
|switch|p2a: Garganacl|Garganacl, M|100/100
|-damage|p2a: Garganacl|88/100|[from] Stealth Rock
|move|p1a: Typhlosion|Lava Plume|p2a: Garganacl
|-resisted|p2a: Garganacl
|-damage|p2a: Garganacl|71/100
|
|-end|p1a: Typhlosion|move: Heal Block
|upkeep
|turn|11
|
|t:|1758288991
|move|p1a: Typhlosion|Will-O-Wisp|p2a: Garganacl
|-immune|p2a: Garganacl|[from] ability: Purifying Salt
|move|p2a: Garganacl|Salt Cure|p1a: Typhlosion
|-resisted|p1a: Typhlosion
|-activate|p1a: Typhlosion|move: Substitute|[damage]
|
|-heal|p1a: Typhlosion|79/100|[from] item: Leftovers
|upkeep
|turn|12
|
|t:|1758289001
|move|p1a: Typhlosion|Lava Plume|p2a: Garganacl
|-resisted|p2a: Garganacl
|-damage|p2a: Garganacl|53/100
|move|p2a: Garganacl|Salt Cure|p1a: Typhlosion
|-resisted|p1a: Typhlosion
|-activate|p1a: Typhlosion|move: Substitute|[damage]
|
|-heal|p1a: Typhlosion|85/100|[from] item: Leftovers
|upkeep
|turn|13
|
|t:|1758289015
|switch|p2a: Moltres|Moltres|100/100
|move|p1a: Typhlosion|Lava Plume|p2a: Moltres
|-resisted|p2a: Moltres
|-damage|p2a: Moltres|75/100
|
|-heal|p1a: Typhlosion|92/100|[from] item: Leftovers
|upkeep
|turn|14
|
|t:|1758289027
|move|p1a: Typhlosion|Lava Plume|p2a: Moltres
|-resisted|p2a: Moltres
|-damage|p2a: Moltres|49/100
|move|p2a: Moltres|Flamethrower|p1a: Typhlosion
|-immune|p1a: Typhlosion|[from] ability: Flash Fire
|
|-heal|p1a: Typhlosion|98/100|[from] item: Leftovers
|upkeep
|turn|15
|-message|nanchalant forfeited.
|
|win|LuthStar
|raw|LuthStar's rating: 1099 &rarr; <strong>1121</strong><br />(+22 for winning)
|raw|nanchalant's rating: 1057 &rarr; <strong>1041</strong><br />(-16 for losing)
|l|☆nanchalant
|player|p2|
