|j|☆NathanOCs
|j|☆Lord Spink
|t:|1758259629
|gametype|singles
|player|p1|NathanOCs|roxie|1328
|player|p2|Lord Spink|2|1317
|gen|9
|tier|[Gen 9] OU
|rated|
|rule|HP Percentage Mod: HP is shown in percentages
|rule|Endless Battle Clause: Forcing endless battles is banned
|rule|Species Clause: Limit one of each Pokémon
|rule|OHKO Clause: OHKO moves are banned
|rule|Evasion Items Clause: Evasion items are banned
|rule|Evasion Moves Clause: Evasion moves are banned
|rule|Evasion Abilities Clause: Evasion abilities are banned
|rule|Sleep Moves Clause: Sleep-inducing moves are banned
|clearpoke
|poke|p1|Landorus-Therian, M|
|poke|p1|Ludicolo, F|
|poke|p1|Goodra-Hisui, F|
|poke|p1|Pelipper, F|
|poke|p1|Primarina, M|
|poke|p1|Mimikyu, F|
|poke|p2|Samurott-Hisui, M|
|poke|p2|Arcanine, M|
|poke|p2|Hatterene, F|
|poke|p2|Glimmora, F|
|poke|p2|Forretress, F|
|poke|p2|Porygon-Z|
|teampreview
|inactive|Battle timer is ON: inactive players will automatically lose when time's up. (requested by Lord Spink)
|
|t:|1758259650
|teamsize|p1|6
|teamsize|p2|6
|start
|switch|p1a: Pelipper|Pelipper, F, shiny|100/100
|switch|p2a: Big Polydipsia|Porygon-Z|100/100
|-weather|RainDance|[from] ability: Drizzle|[of] p1a: Pelipper
|turn|1
|
|t:|1758259659
|switch|p1a: Landorus|Landorus-Therian, M|100/100
|-ability|p1a: Landorus|Intimidate|boost
|-unboost|p2a: Big Polydipsia|atk|1
|move|p2a: Big Polydipsia|Thunderbolt|p1a: Landorus
|-immune|p1a: Landorus
|
|-weather|RainDance|[upkeep]
|upkeep
|turn|2
|
|t:|1758259669
|switch|p2a: Big Hermoine|Hatterene, F|100/100
|move|p1a: Landorus|Stealth Rock|p2a: Big Hermoine
|move|p2a: Big Hermoine|Stealth Rock|p1a: Landorus|[from] ability: Magic Bounce
|-sidestart|p1: NathanOCs|move: Stealth Rock
|
|-weather|RainDance|[upkeep]
|upkeep
|turn|3
|
|t:|1758259677
|move|p1a: Landorus|U-turn|p2a: Big Hermoine
|-damage|p2a: Big Hermoine|70/100
|
|t:|1758259687
|switch|p1a: Ludicolo|Ludicolo, F, shiny|100/100|[from] U-turn
|-damage|p1a: Ludicolo|88/100|[from] Stealth Rock
|move|p2a: Big Hermoine|Future Sight|p1a: Ludicolo
|-start|p2a: Big Hermoine|move: Future Sight
|
|-weather|RainDance|[upkeep]
|-heal|p1a: Ludicolo|94/100|[from] item: Leftovers
|upkeep
|turn|4
|
|t:|1758259704
|-terastallize|p1a: Ludicolo|Water
|move|p1a: Ludicolo|Weather Ball|p2a: Big Hermoine
|-damage|p2a: Big Hermoine|12/100
|move|p2a: Big Hermoine|Giga Drain|p1a: Ludicolo
|-supereffective|p1a: Ludicolo
|-damage|p1a: Ludicolo|27/100
|-heal|p2a: Big Hermoine|44/100|[from] drain|[of] p1a: Ludicolo
|
|-weather|RainDance|[upkeep]
|-heal|p1a: Ludicolo|33/100|[from] item: Leftovers
|upkeep
|turn|5
|
|t:|1758259716
|move|p1a: Ludicolo|Weather Ball|p2a: Big Hermoine
|-damage|p2a: Big Hermoine|0 fnt
|faint|p2a: Big Hermoine
|
|-weather|RainDance|[upkeep]
|-end|p1a: Ludicolo|move: Future Sight
|-damage|p1a: Ludicolo|0 fnt
|faint|p1a: Ludicolo
|upkeep
|
|t:|1758259732
|switch|p1a: Primarina|Primarina, M, shiny|100/100
|switch|p2a: Big Francesca|Forretress, F|100/100
|-damage|p1a: Primarina|88/100|[from] Stealth Rock
|turn|6
|
|t:|1758259742
|move|p1a: Primarina|Hyper Voice|p2a: Big Francesca
|-ability|p2a: Big Francesca|Sturdy
|-damage|p2a: Big Francesca|1/100
|move|p2a: Big Francesca|Volt Switch|p1a: Primarina
|-supereffective|p1a: Primarina
|-damage|p1a: Primarina|72/100
|
|t:|1758259751
|switch|p2a: Big Gemma|Glimmora, F|100/100|[from] Volt Switch
|
|-weather|RainDance|[upkeep]
|upkeep
|turn|7
|
|t:|1758259758
|move|p2a: Big Gemma|Sludge Wave|p1a: Primarina
|-supereffective|p1a: Primarina
|-damage|p1a: Primarina|0 fnt
|faint|p1a: Primarina
|
|-weather|RainDance|[upkeep]
|upkeep
|
|t:|1758259763
|switch|p1a: Landorus|Landorus-Therian, M|100/100
|-damage|p1a: Landorus|88/100|[from] Stealth Rock
|-ability|p1a: Landorus|Intimidate|boost
|-unboost|p2a: Big Gemma|atk|1
|turn|8
|
|t:|1758259771
|-terastallize|p2a: Big Gemma|Grass
|move|p1a: Landorus|Stealth Rock|p2a: Big Gemma
|-sidestart|p2: Lord Spink|move: Stealth Rock
|move|p2a: Big Gemma|Sludge Wave|p1a: Landorus
|-resisted|p1a: Landorus
|-damage|p1a: Landorus|40/100
|
|-weather|none
|upkeep
|turn|9
|inactive|NathanOCs has 120 seconds left.
|inactive|NathanOCs has 90 seconds left.
|inactive|NathanOCs has 60 seconds left.
|
|t:|1758259890
|move|p1a: Landorus|U-turn|p2a: Big Gemma
|-supereffective|p2a: Big Gemma
|-damage|p2a: Big Gemma|39/100
|-activate|p2a: Big Gemma|ability: Toxic Debris
|-sidestart|p1: NathanOCs|move: Toxic Spikes
|inactive|NathanOCs has 30 seconds left.
|inactive|NathanOCs has 20 seconds left.
|inactive|NathanOCs has 15 seconds left.
|inactive|NathanOCs has 10 seconds left.
|inactive|NathanOCs has 5 seconds left.
|-message|NathanOCs lost due to inactivity.
|
|win|Lord Spink
|raw|NathanOCs's rating: 1328 &rarr; <strong>1307</strong><br />(-21 for losing)
|raw|Lord Spink's rating: 1317 &rarr; <strong>1338</strong><br />(+21 for winning)
|l|☆Lord Spink
|player|p2|
|l|☆NathanOCs
|player|p1|
