|j|☆MothmanIsMyBf
|j|☆fhqejnc
|t:|1758247031
|gametype|singles
|player|p1|MothmanIsMyBf|raihan|1238
|player|p2|fhqejnc|265|1283
|gen|9
|tier|[Gen 9] OU
|rated|
|rule|HP Percentage Mod: HP is shown in percentages
|rule|Endless Battle Clause: Forcing endless battles is banned
|rule|Species Clause: Limit one of each Pokémon
|rule|OHKO Clause: OHKO moves are banned
|rule|Evasion Items Clause: Evasion items are banned
|rule|Evasion Moves Clause: Evasion moves are banned
|rule|Evasion Abilities Clause: Evasion abilities are banned
|rule|Sleep Moves Clause: Sleep-inducing moves are banned
|clearpoke
|poke|p1|Quaquaval, F|
|poke|p1|Samurott-Hisui, F|
|poke|p1|Iron Treads|
|poke|p1|Gholdengo|
|poke|p1|Hatterene, F|
|poke|p1|Moltres|
|poke|p2|Pelipper, F|
|poke|p2|Hatterene, F|
|poke|p2|Iron Treads|
|poke|p2|Toxicroak, F|
|poke|p2|Barraskewda, F|
|poke|p2|Zapdos|
|teampreview
|inactive|Battle timer is ON: inactive players will automatically lose when time's up. (requested by MothmanIsMyBf)
|inactive|fhqejnc has 120 seconds left.
|c|☆MothmanIsMyBf|gl hf
|
|t:|1758247069
|teamsize|p1|6
|teamsize|p2|6
|start
|switch|p1a: Samurott|Samurott-Hisui, F, shiny|100/100
|switch|p2a: Toxicroak|Toxicroak, F|100/100
|turn|1
|c|☆fhqejnc|u2
|c|☆MothmanIsMyBf|is this pinks croak team?
|c|☆fhqejnc|ye
|
|t:|1758247082
|move|p1a: Samurott|Ceaseless Edge|p2a: Toxicroak
|-resisted|p2a: Toxicroak
|-damage|p2a: Toxicroak|79/100
|-damage|p1a: Samurott|84/100|[from] item: Rocky Helmet|[of] p2a: Toxicroak
|-sidestart|p2: fhqejnc|Spikes
|move|p2a: Toxicroak|Drain Punch|p1a: Samurott
|-supereffective|p1a: Samurott
|-damage|p1a: Samurott|19/100
|-heal|p2a: Toxicroak|100/100|[from] drain|[of] p1a: Samurott
|
|upkeep
|turn|2
|c|☆MothmanIsMyBf|word i've been excited to face it
|
|t:|1758247093
|switch|p1a: Moltres|Moltres, shiny|100/100
|move|p2a: Toxicroak|Knock Off|p1a: Moltres
|-damage|p1a: Moltres|84/100
|-enditem|p1a: Moltres|Heavy-Duty Boots|[from] move: Knock Off|[of] p2a: Toxicroak
|
|upkeep
|turn|3
|c|☆fhqejnc|thx
|
|t:|1758247110
|switch|p2a: Pelipper|Pelipper, F|100/100
|-weather|RainDance|[from] ability: Drizzle|[of] p2a: Pelipper
|move|p1a: Moltres|U-turn|p2a: Pelipper
|-resisted|p2a: Pelipper
|-damage|p2a: Pelipper|93/100
|
|t:|1758247124
|switch|p1a: Samurott|Samurott-Hisui, F, shiny|19/100|[from] U-turn
|
|-weather|RainDance|[upkeep]
|upkeep
|turn|4
|
|t:|1758247133
|move|p1a: Samurott|Ceaseless Edge|p2a: Pelipper
|-damage|p2a: Pelipper|42/100
|-sidestart|p2: fhqejnc|Spikes
|move|p2a: Pelipper|U-turn|p1a: Samurott
|-supereffective|p1a: Samurott
|-damage|p1a: Samurott|0 fnt
|faint|p1a: Samurott
|
|t:|1758247142
|switch|p2a: Barraskewda|Barraskewda, F|100/100|[from] U-turn
|-damage|p2a: Barraskewda|84/100|[from] Spikes
|
|-weather|RainDance|[upkeep]
|upkeep
|
|t:|1758247158
|switch|p1a: Quaquaval|Quaquaval, F|100/100
|turn|5
|
|t:|1758247168
|-terastallize|p2a: Barraskewda|Water
|move|p2a: Barraskewda|Liquidation|p1a: Quaquaval
|-resisted|p1a: Quaquaval
|-damage|p1a: Quaquaval|11/100
|-unboost|p1a: Quaquaval|def|1
|move|p1a: Quaquaval|Close Combat|p2a: Barraskewda
|-damage|p2a: Barraskewda|0 fnt
|-unboost|p1a: Quaquaval|def|1
|-unboost|p1a: Quaquaval|spd|1
|faint|p2a: Barraskewda
|-ability|p1a: Quaquaval|Moxie|boost
|-boost|p1a: Quaquaval|atk|1
|
|-weather|RainDance|[upkeep]
|upkeep
|
|t:|1758247182
|switch|p2a: Zapdos|Zapdos|100/100
|turn|6
|c|☆fhqejnc|I should have called that
|
|t:|1758247198
|switch|p1a: Hatterene|Hatterene, F, shiny|100/100
|move|p2a: Zapdos|Volt Switch|p1a: Hatterene
|-damage|p1a: Hatterene|46/100
|c|☆MothmanIsMyBf|yeahh quav is a beast
|c|☆fhqejnc|cap
|
|t:|1758247213
|switch|p2a: Iron Treads|Iron Treads|100/100|[from] Volt Switch
|-damage|p2a: Iron Treads|84/100|[from] Spikes
|
|-weather|RainDance|[upkeep]
|-heal|p2a: Iron Treads|90/100|[from] item: Leftovers
|upkeep
|turn|7
|c|☆MothmanIsMyBf|im so fr
|c|☆fhqejnc|nuh uh
|c|☆fhqejnc|it gets okoed by cc
|c|☆MothmanIsMyBf|well shit you got me there
|c|☆MothmanIsMyBf|calc disagrees
|inactive|MothmanIsMyBf has 120 seconds left.
|c|☆fhqejnc|I'm dumb tho and wanted to sweep
|
|t:|1758247248
|-terastallize|p1a: Hatterene|Steel
|move|p2a: Iron Treads|Earthquake|p1a: Hatterene
|-supereffective|p1a: Hatterene
|-damage|p1a: Hatterene|0 fnt
|faint|p1a: Hatterene
|
|-weather|RainDance|[upkeep]
|-heal|p2a: Iron Treads|96/100|[from] item: Leftovers
|upkeep
|c|☆MothmanIsMyBf|shit
|inactive|MothmanIsMyBf has 120 seconds left.
|c|☆MothmanIsMyBf|im so dumb
|
|t:|1758247261
|switch|p1a: Moltres|Moltres, shiny|84/100
|turn|8
|c|☆fhqejnc|uhh - tera - hat
|inactive|MothmanIsMyBf has 120 seconds left.
|
|t:|1758247270
|move|p2a: Iron Treads|Volt Switch|p1a: Moltres
|-supereffective|p1a: Moltres
|-damage|p1a: Moltres|62/100
|c|☆MothmanIsMyBf|i expected steel beam
|
|t:|1758247278
|-end|p2a: Iron Treads|Quark Drive|[silent]
|switch|p2a: Toxicroak|Toxicroak, F|100/100|[from] Volt Switch
|-damage|p2a: Toxicroak|84/100|[from] Spikes
|move|p1a: Moltres|Flamethrower|p2a: Toxicroak
|-damage|p2a: Toxicroak|53/100
|
|-weather|RainDance|[upkeep]
|-heal|p2a: Toxicroak|65/100|[from] ability: Dry Skin
|upkeep
|turn|9
|c|☆MothmanIsMyBf|i lose off that so hard
|
|t:|1758247289
|move|p2a: Toxicroak|Toxic|p1a: Moltres
|-status|p1a: Moltres|tox
|move|p1a: Moltres|Will-O-Wisp|p2a: Toxicroak
|-status|p2a: Toxicroak|brn
|
|-weather|RainDance|[upkeep]
|-heal|p2a: Toxicroak|78/100 brn|[from] ability: Dry Skin
|-damage|p1a: Moltres|56/100 tox|[from] psn
|-damage|p2a: Toxicroak|72/100 brn|[from] brn
|upkeep
|turn|10
|
|t:|1758247295
|move|p2a: Toxicroak|Encore|p1a: Moltres
|-start|p1a: Moltres|Encore
|move|p1a: Moltres|Will-O-Wisp|p2a: Toxicroak
|-fail|p2a: Toxicroak|brn
|
|-weather|none
|-damage|p1a: Moltres|44/100 tox|[from] psn
|-damage|p2a: Toxicroak|65/100 brn|[from] brn
|upkeep
|turn|11
|
|t:|1758247299
|switch|p2a: Iron Treads|Iron Treads|96/100
|-damage|p2a: Iron Treads|80/100|[from] Spikes
|switch|p1a: Gholdengo|Gholdengo|100/100
|
|-heal|p2a: Iron Treads|86/100|[from] item: Leftovers
|upkeep
|turn|12
|c|☆fhqejnc|u know
|
|t:|1758247308
|move|p1a: Gholdengo|Shadow Ball|p2a: Iron Treads
|-damage|p2a: Iron Treads|52/100
|move|p2a: Iron Treads|Earthquake|p1a: Gholdengo
|-supereffective|p1a: Gholdengo
|-damage|p1a: Gholdengo|20/100
|
|-heal|p2a: Iron Treads|58/100|[from] item: Leftovers
|upkeep
|turn|13
|
|t:|1758247314
|switch|p1a: Moltres|Moltres, shiny|44/100 tox
|move|p2a: Iron Treads|Volt Switch|p1a: Moltres
|-supereffective|p1a: Moltres
|-crit|p1a: Moltres
|-damage|p1a: Moltres|10/100 tox
|c|☆fhqejnc|I think u cooked
|
|t:|1758247326
|-end|p2a: Iron Treads|Quark Drive|[silent]
|switch|p2a: Pelipper|Pelipper, F|42/100|[from] Volt Switch
|-weather|RainDance|[from] ability: Drizzle|[of] p2a: Pelipper
|
|-weather|RainDance|[upkeep]
|-damage|p1a: Moltres|4/100 tox|[from] psn
|upkeep
|turn|14
|c|☆MothmanIsMyBf|i am bc of the dumbass hat play
|
|t:|1758247340
|switch|p2a: Hatterene|Hatterene, F|100/100
|-damage|p2a: Hatterene|84/100|[from] Spikes
|move|p1a: Moltres|Will-O-Wisp|p2a: Hatterene
|move|p2a: Hatterene|Will-O-Wisp||[from] ability: Magic Bounce|[still]
|-fail|p2a: Hatterene
|
|-weather|RainDance|[upkeep]
|-damage|p1a: Moltres|0 fnt|[from] psn
|faint|p1a: Moltres
|upkeep
|
|t:|1758247347
|switch|p1a: Gholdengo|Gholdengo|20/100
|turn|15
|
|t:|1758247361
|switch|p2a: Iron Treads|Iron Treads|58/100
|-damage|p2a: Iron Treads|41/100|[from] Spikes
|move|p1a: Gholdengo|Make It Rain|p2a: Iron Treads
|-resisted|p2a: Iron Treads
|-damage|p2a: Iron Treads|14/100
|-unboost|p1a: Gholdengo|spa|1
|
|-weather|RainDance|[upkeep]
|-heal|p2a: Iron Treads|20/100|[from] item: Leftovers
|upkeep
|turn|16
|
|t:|1758247370
|move|p1a: Gholdengo|Make It Rain|p2a: Iron Treads
|-resisted|p2a: Iron Treads
|-damage|p2a: Iron Treads|3/100
|-unboost|p1a: Gholdengo|spa|1
|move|p2a: Iron Treads|Stealth Rock|p1a: Gholdengo
|-sidestart|p1: MothmanIsMyBf|move: Stealth Rock
|
|-weather|RainDance|[upkeep]
|-heal|p2a: Iron Treads|9/100|[from] item: Leftovers
|upkeep
|turn|17
|
|t:|1758247375
|move|p1a: Gholdengo|Make It Rain|p2a: Iron Treads
|-resisted|p2a: Iron Treads
|-damage|p2a: Iron Treads|0 fnt
|-unboost|p1a: Gholdengo|spa|1
|faint|p2a: Iron Treads
|-end|p2a: Iron Treads|Quark Drive|[silent]
|
|-weather|RainDance|[upkeep]
|upkeep
|
|t:|1758247382
|switch|p2a: Zapdos|Zapdos|100/100
|turn|18
|c|☆fhqejnc|hmm jover
|
|t:|1758247390
|switch|p1a: Iron Treads|Iron Treads, shiny|100/100
|-damage|p1a: Iron Treads|97/100|[from] Stealth Rock
|-enditem|p1a: Iron Treads|Booster Energy
|-activate|p1a: Iron Treads|ability: Quark Drive|[fromitem]
|-start|p1a: Iron Treads|quarkdrivespe
|move|p2a: Zapdos|Hurricane|p1a: Iron Treads
|-resisted|p1a: Iron Treads
|-damage|p1a: Iron Treads|38/100
|-start|p1a: Iron Treads|confusion
|
|-weather|RainDance|[upkeep]
|upkeep
|turn|19
|c|☆MothmanIsMyBf|weather ball clears
|c|☆MothmanIsMyBf|oh fuck me ofc im confused lmao
|c|☆fhqejnc|I think u lost unless it okoes
|inactive|MothmanIsMyBf has 120 seconds left.
|
|t:|1758247431
|-activate|p1a: Iron Treads|confusion
|-damage|p1a: Iron Treads|27/100|[from] confusion
|move|p2a: Zapdos|Hurricane|p1a: Iron Treads
|-resisted|p1a: Iron Treads
|-damage|p1a: Iron Treads|0 fnt
|faint|p1a: Iron Treads
|-end|p1a: Iron Treads|Quark Drive|[silent]
|
|-weather|RainDance|[upkeep]
|upkeep
|c|☆fhqejnc|welp I misplayed but gg
|c|☆MothmanIsMyBf|fuck outta here damn
|c|☆MothmanIsMyBf|gg
|
|t:|1758247444
|switch|p1a: Gholdengo|Gholdengo|20/100
|-damage|p1a: Gholdengo|14/100|[from] Stealth Rock
|turn|20
|
|t:|1758247453
|move|p1a: Gholdengo|Shadow Ball|p2a: Zapdos
|-damage|p2a: Zapdos|48/100
|move|p2a: Zapdos|Hurricane|p1a: Gholdengo
|-resisted|p1a: Gholdengo
|-damage|p1a: Gholdengo|0 fnt
|faint|p1a: Gholdengo
|
|-weather|none
|upkeep
|
|t:|1758247456
|switch|p1a: Quaquaval|Quaquaval, F|11/100
|-damage|p1a: Quaquaval|5/100|[from] Stealth Rock
|turn|21
|
|t:|1758247461
|move|p2a: Zapdos|Hurricane|p1a: Quaquaval|[miss]
|-miss|p2a: Zapdos|p1a: Quaquaval
|move|p1a: Quaquaval|Triple Axel|p2a: Zapdos
|-supereffective|p2a: Zapdos
|-damage|p2a: Zapdos|33/100
|-supereffective|p2a: Zapdos
|-damage|p2a: Zapdos|3/100
|-supereffective|p2a: Zapdos
|-damage|p2a: Zapdos|0 fnt
|faint|p2a: Zapdos
|-ability|p1a: Quaquaval|Moxie|boost
|-boost|p1a: Quaquaval|atk|1
|-hitcount|p2: Zapdos|3
|
|upkeep
|c|☆MothmanIsMyBf|chat??
|c|☆fhqejnc|oh
|
|t:|1758247474
|switch|p2a: Hatterene|Hatterene, F|84/100
|-damage|p2a: Hatterene|68/100|[from] Spikes
|turn|22
|
|t:|1758247479
|move|p1a: Quaquaval|Aqua Step|p2a: Hatterene
|-damage|p2a: Hatterene|16/100
|-boost|p1a: Quaquaval|spe|1
|-enditem|p2a: Hatterene|Eject Button
|
|t:|1758247488
|switch|p2a: Pelipper|Pelipper, F|42/100
|-weather|RainDance|[from] ability: Drizzle|[of] p2a: Pelipper
|
|-weather|RainDance|[upkeep]
|upkeep
|turn|23
|
|t:|1758247494
|move|p1a: Quaquaval|Triple Axel|p2a: Pelipper
|-damage|p2a: Pelipper|31/100
|-damage|p2a: Pelipper|11/100
|-damage|p2a: Pelipper|0 fnt
|faint|p2a: Pelipper
|-ability|p1a: Quaquaval|Moxie|boost
|-boost|p1a: Quaquaval|atk|1
|-hitcount|p2: Pelipper|3
|
|-weather|RainDance|[upkeep]
|upkeep
|
|t:|1758247498
|switch|p2a: Toxicroak|Toxicroak, F|65/100 brn
|-damage|p2a: Toxicroak|49/100 brn|[from] Spikes
|turn|24
|
|t:|1758247502
|move|p1a: Quaquaval|Triple Axel|p2a: Toxicroak
|-damage|p2a: Toxicroak|37/100 brn
|-damage|p2a: Toxicroak|13/100 brn
|-damage|p2a: Toxicroak|0 fnt
|faint|p2a: Toxicroak
|-ability|p1a: Quaquaval|Moxie|boost
|-boost|p1a: Quaquaval|atk|1
|-hitcount|p2: Toxicroak|3
|
|-weather|RainDance|[upkeep]
|upkeep
|c|☆fhqejnc|bruh gg
|c|☆MothmanIsMyBf|CHAT??
|c|☆fhqejnc|I misplayed
|
|t:|1758247512
|switch|p2a: Hatterene|Hatterene, F|16/100
|-damage|p2a: Hatterene|0 fnt|[from] Spikes
|faint|p2a: Hatterene
|
|win|MothmanIsMyBf
