|j|☆bena13
|j|☆hyperoffenseweasel
|t:|1758260852
|gametype|singles
|player|p1|bena13|266|1182
|player|p2|hyperoffenseweasel|2|1271
|gen|9
|tier|[Gen 9] OU
|rated|
|rule|HP Percentage Mod: HP is shown in percentages
|rule|Endless Battle Clause: Forcing endless battles is banned
|rule|Species Clause: Limit one of each Pokémon
|rule|OHKO Clause: OHKO moves are banned
|rule|Evasion Items Clause: Evasion items are banned
|rule|Evasion Moves Clause: Evasion moves are banned
|rule|Evasion Abilities Clause: Evasion abilities are banned
|rule|Sleep Moves Clause: Sleep-inducing moves are banned
|clearpoke
|poke|p1|Spiritomb, F|
|poke|p1|Okidogi, M|
|poke|p1|Gastrodon, F|
|poke|p1|Vileplume, F|
|poke|p1|Salazzle, F|
|poke|p1|Regidrago|
|poke|p2|Zamazenta-*|
|poke|p2|Ninetales-Alola, F|
|poke|p2|Gliscor, M|
|poke|p2|Hatterene, F|
|poke|p2|Iron Valiant|
|poke|p2|Weavile, M|
|teampreview
|inactive|Battle timer is ON: inactive players will automatically lose when time's up. (requested by bena13)
|
|t:|1758260879
|teamsize|p1|6
|teamsize|p2|6
|start
|switch|p1a: Salazzle|Salazzle, F|100/100
|switch|p2a: Ninetales|Ninetales-Alola, F|100/100
|-weather|Snowscape|[from] ability: Snow Warning|[of] p2a: Ninetales
|turn|1
|
|t:|1758260888
|switch|p2a: Gliscor|Gliscor, M|100/100
|move|p1a: Salazzle|Sludge Bomb|p2a: Gliscor
|-resisted|p2a: Gliscor
|-damage|p2a: Gliscor|71/100
|-status|p2a: Gliscor|psn
|-damage|p1a: Salazzle|91/100|[from] item: Life Orb
|
|-weather|Snowscape|[upkeep]
|-heal|p2a: Gliscor|83/100 psn|[from] ability: Poison Heal
|upkeep
|turn|2
|
|t:|1758260899
|-terastallize|p1a: Salazzle|Water
|move|p1a: Salazzle|Tera Blast|p2a: Gliscor|[anim] Tera Blast Water
|-supereffective|p2a: Gliscor
|-damage|p2a: Gliscor|0 fnt
|faint|p2a: Gliscor
|-damage|p1a: Salazzle|81/100|[from] item: Life Orb
|
|-weather|Snowscape|[upkeep]
|upkeep
|
|t:|1758260908
|switch|p2a: Hatterene|Hatterene, F|100/100
|turn|3
|
|t:|1758260918
|move|p1a: Salazzle|Sludge Bomb|p2a: Hatterene
|-supereffective|p2a: Hatterene
|-damage|p2a: Hatterene|0 fnt
|faint|p2a: Hatterene
|-damage|p1a: Salazzle|71/100|[from] item: Life Orb
|
|-weather|Snowscape|[upkeep]
|upkeep
|
|t:|1758260939
|switch|p2a: Iron Valiant|Iron Valiant|100/100
|-enditem|p2a: Iron Valiant|Booster Energy
|-activate|p2a: Iron Valiant|ability: Quark Drive|[fromitem]
|-start|p2a: Iron Valiant|quarkdrivespe
|turn|4
|
|t:|1758260950
|switch|p1a: Gastrodon|Gastrodon, F|100/100
|move|p2a: Iron Valiant|Thunderbolt|p1a: Gastrodon
|-immune|p1a: Gastrodon
|
|-weather|Snowscape|[upkeep]
|upkeep
|turn|5
|-message|hyperoffenseweasel forfeited.
|
|win|bena13
|raw|bena13's rating: 1182 &rarr; <strong>1213</strong><br />(+31 for winning)
|raw|hyperoffenseweasel's rating: 1271 &rarr; <strong>1240</strong><br />(-31 for losing)
|l|☆hyperoffenseweasel
|player|p2|
|l|☆bena13
|player|p1|
