|j|☆jkuo9
|j|☆peqmen 0.0
|t:|1758264431
|gametype|singles
|player|p1|jkuo9|265|1223
|player|p2|peqmen 0.0|giovanni|1226
|gen|9
|tier|[Gen 9] OU
|rated|
|rule|HP Percentage Mod: HP is shown in percentages
|rule|Endless Battle Clause: Forcing endless battles is banned
|rule|Species Clause: Limit one of each Pokémon
|rule|OHKO Clause: OHKO moves are banned
|rule|Evasion Items Clause: Evasion items are banned
|rule|Evasion Moves Clause: Evasion moves are banned
|rule|Evasion Abilities Clause: Evasion abilities are banned
|rule|Sleep Moves Clause: Sleep-inducing moves are banned
|clearpoke
|poke|p1|Latias, F|
|poke|p1|Ninetales-Alola, F|
|poke|p1|Gholdengo|
|poke|p1|Scizor, M|
|poke|p1|Great Tusk|
|poke|p1|Ogerpon-Wellspring, F|
|poke|p2|Tyranitar, F|
|poke|p2|Great Tusk|
|poke|p2|Drifblim, F|
|poke|p2|Scizor, M|
|poke|p2|Toxapex, F|
|poke|p2|Gholdengo|
|teampreview
|inactive|Battle timer is ON: inactive players will automatically lose when time's up. (requested by peqmen 0.0)
|
|t:|1758264454
|teamsize|p1|6
|teamsize|p2|6
|start
|switch|p1a: Great Tusk|Great Tusk|100/100
|switch|p2a: Khabib|Scizor, M|100/100
|-enditem|p1a: Great Tusk|Booster Energy
|-activate|p1a: Great Tusk|ability: Protosynthesis|[fromitem]
|-start|p1a: Great Tusk|protosynthesisspe
|turn|1
|
|t:|1758264464
|switch|p2a: Anti tusk|Drifblim, F|100/100
|move|p1a: Great Tusk|Stealth Rock|p2a: Anti tusk
|-sidestart|p2: peqmen 0.0|move: Stealth Rock
|
|upkeep
|turn|2
|
|t:|1758264470
|move|p1a: Great Tusk|Ice Spinner|p2a: Anti tusk
|-supereffective|p2a: Anti tusk
|-damage|p2a: Anti tusk|64/100
|move|p2a: Anti tusk|Strength Sap|p1a: Great Tusk
|-unboost|p1a: Great Tusk|atk|1
|-heal|p2a: Anti tusk|100/100
|
|upkeep
|turn|3
|
|t:|1758264482
|-end|p1a: Great Tusk|Protosynthesis|[silent]
|switch|p1a: Ninetales|Ninetales-Alola, F|100/100
|-weather|Snowscape|[from] ability: Snow Warning|[of] p1a: Ninetales
|move|p2a: Anti tusk|Knock Off|p1a: Ninetales
|-resisted|p1a: Ninetales
|-damage|p1a: Ninetales|92/100
|-enditem|p1a: Ninetales|Light Clay|[from] move: Knock Off|[of] p2a: Anti tusk
|
|-weather|Snowscape|[upkeep]
|upkeep
|turn|4
|
|t:|1758264491
|switch|p2a: Forgotten king|Tyranitar, F|100/100
|-damage|p2a: Forgotten king|88/100|[from] Stealth Rock
|-weather|Sandstorm|[from] ability: Sand Stream|[of] p2a: Forgotten king
|move|p1a: Ninetales|Snowscape|p1a: Ninetales
|-weather|Snowscape
|
|-weather|Snowscape|[upkeep]
|-heal|p2a: Forgotten king|94/100|[from] item: Leftovers
|upkeep
|turn|5
|
|t:|1758264513
|switch|p2a: Anti tusk|Drifblim, F|100/100
|-damage|p2a: Anti tusk|75/100|[from] Stealth Rock
|move|p1a: Ninetales|Aurora Veil|p1a: Ninetales
|-sidestart|p1: jkuo9|move: Aurora Veil
|
|-weather|Snowscape|[upkeep]
|-heal|p2a: Anti tusk|82/100|[from] item: Leftovers
|upkeep
|turn|6
|
|t:|1758264521
|move|p1a: Ninetales|Freeze-Dry|p2a: Anti tusk
|-supereffective|p2a: Anti tusk
|-damage|p2a: Anti tusk|36/100
|move|p2a: Anti tusk|Defog|p1a: Ninetales
|-unboost|p1a: Ninetales|evasion|1
|-sideend|p1: jkuo9|move: Aurora Veil
|-sideend|p2: peqmen 0.0|Stealth Rock|[from] move: Defog|[of] p2a: Anti tusk
|
|-weather|Snowscape|[upkeep]
|-heal|p2a: Anti tusk|42/100|[from] item: Leftovers
|upkeep
|turn|7
|
|t:|1758264539
|switch|p2a: Golden boi|Gholdengo|100/100
|move|p1a: Ninetales|Freeze-Dry|p2a: Golden boi
|-resisted|p2a: Golden boi
|-damage|p2a: Golden boi|89/100
|
|-weather|Snowscape|[upkeep]
|upkeep
|turn|8
|
|t:|1758264551
|switch|p1a: Great Tusk|Great Tusk|100/100
|move|p2a: Golden boi|Make It Rain|p1a: Great Tusk
|-damage|p1a: Great Tusk|20/100
|-unboost|p2a: Golden boi|spa|1
|
|-weather|none
|upkeep
|turn|9
|
|t:|1758264559
|move|p2a: Golden boi|Make It Rain|p1a: Great Tusk
|-damage|p1a: Great Tusk|0 fnt
|-unboost|p2a: Golden boi|spa|1
|faint|p1a: Great Tusk
|-end|p1a: Great Tusk|Protosynthesis|[silent]
|
|upkeep
|
|t:|1758264567
|switch|p1a: Ninetales|Ninetales-Alola, F|92/100
|-weather|Snowscape|[from] ability: Snow Warning|[of] p1a: Ninetales
|turn|10
|
|t:|1758264573
|move|p2a: Golden boi|Make It Rain|p1a: Ninetales
|-supereffective|p1a: Ninetales
|-damage|p1a: Ninetales|0 fnt
|-unboost|p2a: Golden boi|spa|1
|faint|p1a: Ninetales
|
|-weather|Snowscape|[upkeep]
|upkeep
|
|t:|1758264584
|switch|p1a: Ogerpon|Ogerpon-Wellspring, F|100/100
|turn|11
|
|t:|1758264589
|switch|p2a: Huh??|Toxapex, F|100/100
|-terastallize|p1a: Ogerpon|Water
|detailschange|p1a: Ogerpon|Ogerpon-Wellspring-Tera, F, tera:Water
|-ability|p1a: Ogerpon|Embody Aspect (Wellspring)|boost
|-boost|p1a: Ogerpon|spd|1
|move|p1a: Ogerpon|Swords Dance|p1a: Ogerpon
|-boost|p1a: Ogerpon|atk|2
|
|-weather|Snowscape|[upkeep]
|upkeep
|turn|12
|
|t:|1758264605
|move|p2a: Huh??|Baneful Bunker|p2a: Huh??
|-singleturn|p2a: Huh??|move: Protect
|move|p1a: Ogerpon|Substitute|p1a: Ogerpon
|-start|p1a: Ogerpon|Substitute
|-damage|p1a: Ogerpon|76/100
|
|-weather|Snowscape|[upkeep]
|upkeep
|turn|13
|
|t:|1758264612
|move|p1a: Ogerpon|Swords Dance|p1a: Ogerpon
|-boost|p1a: Ogerpon|atk|2
|move|p2a: Huh??|Toxic Spikes|p1a: Ogerpon
|-sidestart|p1: jkuo9|move: Toxic Spikes
|
|-weather|Snowscape|[upkeep]
|upkeep
|turn|14
|
|t:|1758264616
|switch|p2a: Forgotten king|Tyranitar, F|94/100
|-weather|Sandstorm|[from] ability: Sand Stream|[of] p2a: Forgotten king
|move|p1a: Ogerpon|Swords Dance|p1a: Ogerpon
|-boost|p1a: Ogerpon|atk|2
|
|-weather|Sandstorm|[upkeep]
|-damage|p1a: Ogerpon|70/100|[from] Sandstorm
|-heal|p2a: Forgotten king|100/100|[from] item: Leftovers
|upkeep
|turn|15
|
|t:|1758264627
|switch|p2a: Anti tusk|Drifblim, F|42/100
|move|p1a: Ogerpon|Trailblaze|p2a: Anti tusk
|-resisted|p2a: Anti tusk
|-damage|p2a: Anti tusk|0 fnt
|-boost|p1a: Ogerpon|spe|1
|-damage|p1a: Ogerpon|45/100|[from] ability: Aftermath|[of] p2a: Anti tusk
|faint|p2a: Anti tusk
|
|-weather|Sandstorm|[upkeep]
|-damage|p1a: Ogerpon|39/100|[from] Sandstorm
|upkeep
|
|t:|1758264631
|switch|p2a: Khabib|Scizor, M|100/100
|turn|16
|
|t:|1758264635
|-terastallize|p2a: Khabib|Steel
|move|p2a: Khabib|Bullet Punch|p1a: Ogerpon
|-resisted|p1a: Ogerpon
|-end|p1a: Ogerpon|Substitute
|move|p1a: Ogerpon|Ivy Cudgel|p2a: Khabib|[anim] Ivy Cudgel Water
|-damage|p2a: Khabib|0 fnt
|faint|p2a: Khabib
|
|-weather|Sandstorm|[upkeep]
|-damage|p1a: Ogerpon|33/100|[from] Sandstorm
|upkeep
|
|t:|1758264646
|switch|p2a: Golden boi|Gholdengo|89/100
|turn|17
|
|t:|1758264650
|move|p1a: Ogerpon|Ivy Cudgel|p2a: Golden boi|[anim] Ivy Cudgel Water
|-damage|p2a: Golden boi|0 fnt
|faint|p2a: Golden boi
|
|-weather|Sandstorm|[upkeep]
|-damage|p1a: Ogerpon|27/100|[from] Sandstorm
|upkeep
|
|t:|1758264654
|switch|p2a: Huh??|Toxapex, F|100/100
|turn|18
|
|t:|1758264671
|move|p1a: Ogerpon|Swords Dance|p1a: Ogerpon
|-boost|p1a: Ogerpon|atk|0
|move|p2a: Huh??|Infestation|p1a: Ogerpon
|-damage|p1a: Ogerpon|24/100
|-activate|p1a: Ogerpon|move: Infestation|[of] p2a: Huh??
|
|-weather|none
|-damage|p1a: Ogerpon|12/100|[from] move: Infestation|[partiallytrapped]
|upkeep
|turn|19
|
|t:|1758264675
|move|p2a: Huh??|Baneful Bunker|p2a: Huh??
|-singleturn|p2a: Huh??|move: Protect
|move|p1a: Ogerpon|Trailblaze|p2a: Huh??
|-activate|p2a: Huh??|move: Protect
|-status|p1a: Ogerpon|psn
|
|-damage|p1a: Ogerpon|0 fnt|[from] psn
|faint|p1a: Ogerpon
|detailschange|p1: Ogerpon|Ogerpon-Wellspring, F|[silent]
|upkeep
|
|t:|1758264679
|switch|p1a: Gholdengo|Gholdengo|100/100
|turn|20
|
|t:|1758264686
|switch|p2a: Forgotten king|Tyranitar, F|100/100
|-weather|Sandstorm|[from] ability: Sand Stream|[of] p2a: Forgotten king
|move|p1a: Gholdengo|Nasty Plot|p1a: Gholdengo
|-boost|p1a: Gholdengo|spa|2
|
|-weather|Sandstorm|[upkeep]
|upkeep
|turn|21
|
|t:|1758264700
|move|p1a: Gholdengo|Make It Rain|p2a: Forgotten king
|-supereffective|p2a: Forgotten king
|-damage|p2a: Forgotten king|0 fnt
|-unboost|p1a: Gholdengo|spa|1
|faint|p2a: Forgotten king
|
|-weather|Sandstorm|[upkeep]
|upkeep
|
|t:|1758264704
|switch|p2a: Can’t beat em|Great Tusk|100/100
|turn|22
|
|t:|1758264721
|move|p2a: Can’t beat em|Knock Off|p1a: Gholdengo
|-supereffective|p1a: Gholdengo
|-damage|p1a: Gholdengo|17/100
|-enditem|p1a: Gholdengo|Metal Coat|[from] move: Knock Off|[of] p2a: Can’t beat em
|move|p1a: Gholdengo|Shadow Ball|p2a: Can’t beat em
|-damage|p2a: Can’t beat em|2/100
|
|-weather|Sandstorm|[upkeep]
|-heal|p2a: Can’t beat em|8/100|[from] item: Leftovers
|upkeep
|turn|23
|
|t:|1758264732
|move|p2a: Can’t beat em|Knock Off|p1a: Gholdengo
|-supereffective|p1a: Gholdengo
|-damage|p1a: Gholdengo|0 fnt
|faint|p1a: Gholdengo
|
|-weather|Sandstorm|[upkeep]
|-heal|p2a: Can’t beat em|14/100|[from] item: Leftovers
|upkeep
|
|t:|1758264734
|switch|p1a: Scizor|Scizor, M|100/100
|turn|24
|inactive|peqmen 0.0 has 120 seconds left.
|
|t:|1758264765
|move|p1a: Scizor|Bullet Punch|p2a: Can’t beat em
|-damage|p2a: Can’t beat em|0 fnt
|faint|p2a: Can’t beat em
|-end|p2a: Can’t beat em|Protosynthesis|[silent]
|
|-weather|none
|upkeep
|inactive|peqmen 0.0 has 120 seconds left.
|
|t:|1758264792
|switch|p2a: Huh??|Toxapex, F|100/100
|turn|25
|
|t:|1758264803
|move|p1a: Scizor|Knock Off|p2a: Huh??
|-damage|p2a: Huh??|80/100
|-enditem|p2a: Huh??|Black Sludge|[from] move: Knock Off|[of] p1a: Scizor
|move|p2a: Huh??|Infestation|p1a: Scizor
|-resisted|p1a: Scizor
|-damage|p1a: Scizor|98/100
|-activate|p1a: Scizor|move: Infestation|[of] p2a: Huh??
|
|-heal|p1a: Scizor|100/100|[from] item: Leftovers
|-damage|p1a: Scizor|88/100|[from] move: Infestation|[partiallytrapped]
|upkeep
|turn|26
|
|t:|1758264813
|move|p2a: Huh??|Baneful Bunker|p2a: Huh??
|-singleturn|p2a: Huh??|move: Protect
|move|p1a: Scizor|Swords Dance|p1a: Scizor
|-boost|p1a: Scizor|atk|2
|
|-heal|p1a: Scizor|94/100|[from] item: Leftovers
|-damage|p1a: Scizor|82/100|[from] move: Infestation|[partiallytrapped]
|upkeep
|turn|27
|inactive|peqmen 0.0 has 120 seconds left.
|
|t:|1758264819
|move|p1a: Scizor|Bullet Punch|p2a: Huh??
|-resisted|p2a: Huh??
|-damage|p2a: Huh??|60/100
|move|p2a: Huh??|Infestation|p1a: Scizor
|-resisted|p1a: Scizor
|-damage|p1a: Scizor|80/100
|
|-heal|p1a: Scizor|86/100|[from] item: Leftovers
|-damage|p1a: Scizor|73/100|[from] move: Infestation|[partiallytrapped]
|upkeep
|turn|28
|
|t:|1758264825
|move|p1a: Scizor|Swords Dance|p1a: Scizor
|-boost|p1a: Scizor|atk|2
|move|p2a: Huh??|Recover|p2a: Huh??
|-heal|p2a: Huh??|100/100
|
|-heal|p1a: Scizor|79/100|[from] item: Leftovers
|-damage|p1a: Scizor|67/100|[from] move: Infestation|[partiallytrapped]
|upkeep
|turn|29
|
|t:|1758264831
|move|p1a: Scizor|Knock Off|p2a: Huh??
|-damage|p2a: Huh??|58/100
|move|p2a: Huh??|Toxic Spikes|p1a: Scizor
|-sidestart|p1: jkuo9|move: Toxic Spikes
|
|-heal|p1a: Scizor|73/100|[from] item: Leftovers
|-end|p1a: Scizor|Infestation|[partiallytrapped]
|upkeep
|turn|30
|
|t:|1758264836
|move|p1a: Scizor|Swords Dance|p1a: Scizor
|-boost|p1a: Scizor|atk|2
|move|p2a: Huh??|Recover|p2a: Huh??
|-heal|p2a: Huh??|100/100
|
|-heal|p1a: Scizor|79/100|[from] item: Leftovers
|upkeep
|turn|31
|-message|peqmen 0.0 forfeited.
|
|win|jkuo9
|raw|jkuo9's rating: 1223 &rarr; <strong>1248</strong><br />(+25 for winning)
|raw|peqmen 0.0's rating: 1226 &rarr; <strong>1201</strong><br />(-25 for losing)
|l|☆peqmen 0.0
|player|p2|
|l|☆jkuo9
|player|p1|
