|j|☆Trumpismessiah
|j|☆MrKickflip
|t:|1758248646
|gametype|singles
|player|p1|Trumpismessiah|102|1497
|player|p2|MrKickflip|skier|1489
|gen|9
|tier|[Gen 9] OU
|rated|
|rule|HP Percentage Mod: HP is shown in percentages
|rule|Endless Battle Clause: Forcing endless battles is banned
|rule|Species Clause: Limit one of each Pokémon
|rule|OHKO Clause: OHKO moves are banned
|rule|Evasion Items Clause: Evasion items are banned
|rule|Evasion Moves Clause: Evasion moves are banned
|rule|Evasion Abilities Clause: Evasion abilities are banned
|rule|Sleep Moves Clause: Sleep-inducing moves are banned
|clearpoke
|poke|p1|Snorlax, F|
|poke|p1|Gengar, F|
|poke|p1|Moltres|
|poke|p1|Vileplume, F|
|poke|p1|Vaporeon, F|
|poke|p1|Sandslash-Alola, F|
|poke|p2|Dragapult, F|
|poke|p2|Cinderace, M|
|poke|p2|Iron Crown|
|poke|p2|Rotom-Wash|
|poke|p2|Meowscarada, F|
|poke|p2|Scizor, M|
|teampreview
|inactive|Battle timer is ON: inactive players will automatically lose when time's up. (requested by Trumpismessiah)
|
|t:|1758248664
|teamsize|p1|6
|teamsize|p2|6
|start
|switch|p1a: Gengar|Gengar, F|100/100
|switch|p2a: Meowscarada|Meowscarada, F|100/100
|turn|1
|
|t:|1758248670
|move|p2a: Meowscarada|Knock Off|p1a: Gengar
|-start|p2a: Meowscarada|typechange|Dark|[from] ability: Protean
|-supereffective|p1a: Gengar
|-enditem|p1a: Gengar|Focus Sash
|-damage|p1a: Gengar|1/100
|move|p1a: Gengar|Focus Blast|p2a: Meowscarada
|-supereffective|p2a: Meowscarada
|-damage|p2a: Meowscarada|0 fnt
|faint|p2a: Meowscarada
|
|upkeep
|
|t:|1758248680
|switch|p2a: Cinderace|Cinderace, M|100/100
|turn|2
|
|t:|1758248682
|switch|p1a: Moltres|Moltres|100/100
|move|p2a: Cinderace|U-turn|p1a: Moltres
|-resisted|p1a: Moltres
|-damage|p1a: Moltres|97/100
|
|t:|1758248686
|switch|p2a: Rotom|Rotom-Wash|100/100|[from] U-turn
|
|upkeep
|turn|3
|
|t:|1758248689
|switch|p1a: Vaporeon|Vaporeon, F|100/100
|move|p2a: Rotom|Volt Switch|p1a: Vaporeon
|-supereffective|p1a: Vaporeon
|-damage|p1a: Vaporeon|72/100
|
|t:|1758248695
|switch|p2a: Scizor|Scizor, M|100/100|[from] Volt Switch
|
|-heal|p1a: Vaporeon|78/100|[from] item: Leftovers
|upkeep
|turn|4
|
|t:|1758248699
|move|p1a: Vaporeon|Protect|p1a: Vaporeon
|-singleturn|p1a: Vaporeon|Protect
|move|p2a: Scizor|Knock Off|p1a: Vaporeon
|-activate|p1a: Vaporeon|move: Protect
|
|-heal|p1a: Vaporeon|84/100|[from] item: Leftovers
|upkeep
|turn|5
|
|t:|1758248704
|switch|p2a: Rotom|Rotom-Wash|100/100
|switch|p1a: Moltres|Moltres|97/100
|
|upkeep
|turn|6
|
|t:|1758248710
|move|p1a: Moltres|Roost|p1a: Moltres
|-heal|p1a: Moltres|100/100
|-singleturn|p1a: Moltres|move: Roost
|move|p2a: Rotom|Will-O-Wisp|p1a: Moltres
|-immune|p1a: Moltres
|
|upkeep
|turn|7
|
|t:|1758248722
|move|p1a: Moltres|Will-O-Wisp|p2a: Rotom
|-status|p2a: Rotom|brn
|move|p2a: Rotom|Will-O-Wisp|p1a: Moltres
|-immune|p1a: Moltres
|
|-damage|p2a: Rotom|94/100 brn|[from] brn
|upkeep
|turn|8
|
|t:|1758248743
|move|p1a: Moltres|Flamethrower|p2a: Rotom
|-resisted|p2a: Rotom
|-damage|p2a: Rotom|75/100 brn
|move|p2a: Rotom|Will-O-Wisp|p1a: Moltres
|-immune|p1a: Moltres
|
|-heal|p2a: Rotom|81/100 brn|[from] item: Leftovers
|-damage|p2a: Rotom|75/100 brn|[from] brn
|upkeep
|turn|9
|
|t:|1758248757
|move|p1a: Moltres|Flamethrower|p2a: Rotom
|-resisted|p2a: Rotom
|-damage|p2a: Rotom|54/100 brn
|move|p2a: Rotom|Volt Switch|p1a: Moltres
|-supereffective|p1a: Moltres
|-damage|p1a: Moltres|53/100
|
|t:|1758248761
|switch|p2a: Dragapult|Dragapult, F|100/100|[from] Volt Switch
|
|upkeep
|turn|10
|
|t:|1758248773
|switch|p1a: Sandslash|Sandslash-Alola, F|100/100
|move|p2a: Dragapult|Draco Meteor|p1a: Sandslash
|-resisted|p1a: Sandslash
|-damage|p1a: Sandslash|45/100
|-unboost|p2a: Dragapult|spa|2
|
|upkeep
|turn|11
|
|t:|1758248777
|switch|p2a: Rotom|Rotom-Wash|54/100 brn
|move|p1a: Sandslash|Icicle Crash|p2a: Rotom
|-resisted|p2a: Rotom
|-damage|p2a: Rotom|37/100 brn
|
|-heal|p2a: Rotom|43/100 brn|[from] item: Leftovers
|-damage|p2a: Rotom|37/100 brn|[from] brn
|upkeep
|turn|12
|
|t:|1758248780
|move|p2a: Rotom|Volt Switch|p1a: Sandslash
|-damage|p1a: Sandslash|9/100
|
|t:|1758248785
|switch|p2a: Scizor|Scizor, M|100/100|[from] Volt Switch
|move|p1a: Sandslash|Icicle Crash|p2a: Scizor
|-resisted|p2a: Scizor
|-damage|p2a: Scizor|78/100
|
|upkeep
|turn|13
|
|t:|1758248792
|switch|p1a: Moltres|Moltres|53/100
|move|p2a: Scizor|U-turn|p1a: Moltres
|-resisted|p1a: Moltres
|-damage|p1a: Moltres|43/100
|
|t:|1758248795
|switch|p2a: Rotom|Rotom-Wash|37/100 brn|[from] U-turn
|
|-heal|p2a: Rotom|43/100 brn|[from] item: Leftovers
|-damage|p2a: Rotom|37/100 brn|[from] brn
|upkeep
|turn|14
|
|t:|1758248801
|switch|p1a: Sandslash|Sandslash-Alola, F|9/100
|move|p2a: Rotom|Hydro Pump|p1a: Sandslash|[miss]
|-miss|p2a: Rotom|p1a: Sandslash
|
|-heal|p2a: Rotom|43/100 brn|[from] item: Leftovers
|-damage|p2a: Rotom|37/100 brn|[from] brn
|upkeep
|turn|15
|
|t:|1758248805
|move|p1a: Sandslash|Ice Shard|p2a: Rotom
|-resisted|p2a: Rotom
|-damage|p2a: Rotom|29/100 brn
|move|p2a: Rotom|Hydro Pump|p1a: Sandslash
|-damage|p1a: Sandslash|0 fnt
|faint|p1a: Sandslash
|
|-heal|p2a: Rotom|36/100 brn|[from] item: Leftovers
|-damage|p2a: Rotom|29/100 brn|[from] brn
|upkeep
|
|t:|1758248809
|switch|p1a: Gengar|Gengar, F|1/100
|turn|16
|
|t:|1758248814
|switch|p2a: Scizor|Scizor, M|78/100
|move|p1a: Gengar|Shadow Ball|p2a: Scizor
|-damage|p2a: Scizor|18/100
|
|upkeep
|turn|17
|
|t:|1758248817
|switch|p1a: Moltres|Moltres|43/100
|move|p2a: Scizor|Bullet Punch|p1a: Moltres
|-resisted|p1a: Moltres
|-crit|p1a: Moltres
|-damage|p1a: Moltres|15/100
|
|upkeep
|turn|18
|
|t:|1758248820
|move|p2a: Scizor|Bullet Punch|p1a: Moltres
|-resisted|p1a: Moltres
|-damage|p1a: Moltres|0 fnt
|faint|p1a: Moltres
|
|upkeep
|
|t:|1758248823
|switch|p1a: Vileplume|Vileplume, F|100/100
|turn|19
|
|t:|1758248830
|switch|p2a: Iron Crown|Iron Crown|100/100
|move|p1a: Vileplume|Leech Seed|p2a: Iron Crown
|-start|p2a: Iron Crown|move: Leech Seed
|
|-damage|p2a: Iron Crown|88/100|[from] Leech Seed|[of] p1a: Vileplume
|upkeep
|turn|20
|
|t:|1758248833
|switch|p1a: Snorlax|Snorlax, F|100/100
|move|p2a: Iron Crown|Psychic Noise|p1a: Snorlax
|-damage|p1a: Snorlax|78/100
|-start|p1a: Snorlax|move: Heal Block
|
|-damage|p2a: Iron Crown|76/100|[from] Leech Seed|[of] p1a: Snorlax
|upkeep
|turn|21
|
|t:|1758248843
|move|p2a: Iron Crown|Future Sight|p1a: Snorlax
|-start|p2a: Iron Crown|move: Future Sight
|move|p1a: Snorlax|Body Slam|p2a: Iron Crown
|-resisted|p2a: Iron Crown
|-damage|p2a: Iron Crown|54/100
|
|-damage|p2a: Iron Crown|42/100|[from] Leech Seed|[of] p1a: Snorlax
|-end|p1a: Snorlax|move: Heal Block
|upkeep
|turn|22
|
|t:|1758248845
|move|p2a: Iron Crown|Volt Switch|p1a: Snorlax
|-damage|p1a: Snorlax|64/100
|
|t:|1758248847
|-end|p2a: Iron Crown|Quark Drive|[silent]
|switch|p2a: Scizor|Scizor, M|18/100|[from] Volt Switch
|move|p1a: Snorlax|Heat Crash|p2a: Scizor
|-supereffective|p2a: Scizor
|-damage|p2a: Scizor|0 fnt
|faint|p2a: Scizor
|
|upkeep
|
|t:|1758248848
|switch|p2a: Cinderace|Cinderace, M|100/100
|turn|23
|
|t:|1758248858
|move|p2a: Cinderace|Pyro Ball|p1a: Snorlax
|-damage|p1a: Snorlax|6/100
|-status|p1a: Snorlax|brn
|move|p1a: Snorlax|Earthquake|p2a: Cinderace
|-supereffective|p2a: Cinderace
|-damage|p2a: Cinderace|50/100
|
|-end|p1a: Snorlax|move: Future Sight
|-damage|p1a: Snorlax|0 fnt
|faint|p1a: Snorlax
|upkeep
|
|t:|1758248866
|switch|p1a: Vaporeon|Vaporeon, F|84/100
|turn|24
|
|t:|1758248870
|move|p2a: Cinderace|U-turn|p1a: Vaporeon
|-damage|p1a: Vaporeon|58/100
|
|t:|1758248873
|switch|p2a: Rotom|Rotom-Wash|29/100 brn|[from] U-turn
|move|p1a: Vaporeon|Scald|p2a: Rotom
|-resisted|p2a: Rotom
|-damage|p2a: Rotom|14/100 brn
|
|-heal|p2a: Rotom|20/100 brn|[from] item: Leftovers
|-heal|p1a: Vaporeon|65/100|[from] item: Leftovers
|-damage|p2a: Rotom|14/100 brn|[from] brn
|upkeep
|turn|25
|
|t:|1758248875
|move|p1a: Vaporeon|Protect|p1a: Vaporeon
|-singleturn|p1a: Vaporeon|Protect
|move|p2a: Rotom|Pain Split|p1a: Vaporeon
|-activate|p1a: Vaporeon|move: Protect
|
|-heal|p2a: Rotom|20/100 brn|[from] item: Leftovers
|-heal|p1a: Vaporeon|71/100|[from] item: Leftovers
|-damage|p2a: Rotom|14/100 brn|[from] brn
|upkeep
|turn|26
|
|t:|1758248885
|switch|p1a: Gengar|Gengar, F|1/100
|move|p2a: Rotom|Volt Switch|p1a: Gengar
|-damage|p1a: Gengar|0 fnt
|faint|p1a: Gengar
|
|t:|1758248889
|switch|p2a: Iron Crown|Iron Crown|42/100|[from] Volt Switch
|
|upkeep
|
|t:|1758248892
|switch|p1a: Vaporeon|Vaporeon, F|71/100
|turn|27
|
|t:|1758248897
|move|p2a: Iron Crown|Future Sight|p1a: Vaporeon
|-start|p2a: Iron Crown|move: Future Sight
|move|p1a: Vaporeon|Shadow Ball|p2a: Iron Crown
|-supereffective|p2a: Iron Crown
|-damage|p2a: Iron Crown|15/100
|
|-heal|p1a: Vaporeon|77/100|[from] item: Leftovers
|upkeep
|turn|28
|
|t:|1758248902
|move|p2a: Iron Crown|Psychic Noise|p1a: Vaporeon
|-damage|p1a: Vaporeon|54/100
|-start|p1a: Vaporeon|move: Heal Block
|move|p1a: Vaporeon|Shadow Ball|p2a: Iron Crown
|-supereffective|p2a: Iron Crown
|-damage|p2a: Iron Crown|0 fnt
|faint|p2a: Iron Crown
|-end|p2a: Iron Crown|Quark Drive|[silent]
|
|upkeep
|
|t:|1758248904
|switch|p2a: Rotom|Rotom-Wash|14/100 brn
|turn|29
|
|t:|1758248906
|move|p2a: Rotom|Pain Split|p1a: Vaporeon
|-sethp|p1a: Vaporeon|32/100|[from] move: Pain Split|[silent]
|-sethp|p2a: Rotom|48/100 brn|[from] move: Pain Split
|move|p1a: Vaporeon|Shadow Ball|p2a: Rotom
|-damage|p2a: Rotom|27/100 brn
|-unboost|p2a: Rotom|spd|1
|
|-end|p1a: Vaporeon|move: Future Sight
|-damage|p1a: Vaporeon|1/100
|-heal|p2a: Rotom|34/100 brn|[from] item: Leftovers
|-damage|p2a: Rotom|27/100 brn|[from] brn
|-end|p1a: Vaporeon|move: Heal Block
|upkeep
|turn|30
|
|t:|1758248911
|move|p1a: Vaporeon|Protect|p1a: Vaporeon
|-singleturn|p1a: Vaporeon|Protect
|move|p2a: Rotom|Volt Switch|p1a: Vaporeon
|-activate|p1a: Vaporeon|move: Protect
|
|-heal|p2a: Rotom|34/100 brn|[from] item: Leftovers
|-heal|p1a: Vaporeon|7/100|[from] item: Leftovers
|-damage|p2a: Rotom|27/100 brn|[from] brn
|upkeep
|turn|31
|
|t:|1758248919
|switch|p1a: Vileplume|Vileplume, F|100/100
|move|p2a: Rotom|Volt Switch|p1a: Vileplume
|-resisted|p1a: Vileplume
|-damage|p1a: Vileplume|87/100
|
|t:|1758248922
|switch|p2a: Cinderace|Cinderace, M|50/100|[from] Volt Switch
|
|upkeep
|turn|32
|
|t:|1758248925
|-terastallize|p1a: Vileplume|Water
|move|p2a: Cinderace|Pyro Ball|p1a: Vileplume|[miss]
|-miss|p2a: Cinderace|p1a: Vileplume
|move|p1a: Vileplume|Strength Sap|p2a: Cinderace
|-unboost|p2a: Cinderace|atk|1
|-heal|p1a: Vileplume|100/100
|
|upkeep
|turn|33
|
|t:|1758248928
|move|p2a: Cinderace|Will-O-Wisp|p1a: Vileplume
|-status|p1a: Vileplume|brn
|move|p1a: Vileplume|Giga Drain|p2a: Cinderace
|-resisted|p2a: Cinderace
|-damage|p2a: Cinderace|29/100
|
|-damage|p1a: Vileplume|94/100 brn|[from] brn
|upkeep
|turn|34
|
|t:|1758248931
|move|p2a: Cinderace|U-turn|p1a: Vileplume
|-damage|p1a: Vileplume|82/100 brn
|-damage|p2a: Cinderace|13/100|[from] item: Rocky Helmet|[of] p1a: Vileplume
|-status|p2a: Cinderace|slp|[from] ability: Effect Spore|[of] p1a: Vileplume
|
|t:|1758248934
|switch|p2a: Dragapult|Dragapult, F|100/100|[from] U-turn
|move|p1a: Vileplume|Sludge Bomb|p2a: Dragapult
|-resisted|p2a: Dragapult
|-damage|p2a: Dragapult|78/100
|-status|p2a: Dragapult|psn
|
|-damage|p2a: Dragapult|66/100 psn|[from] psn
|-damage|p1a: Vileplume|76/100 brn|[from] brn
|upkeep
|turn|35
|
|t:|1758248937
|move|p2a: Dragapult|Draco Meteor|p1a: Vileplume
|-damage|p1a: Vileplume|0 fnt
|-unboost|p2a: Dragapult|spa|2
|faint|p1a: Vileplume
|
|-damage|p2a: Dragapult|54/100 psn|[from] psn
|upkeep
|
|t:|1758248938
|switch|p1a: Vaporeon|Vaporeon, F|7/100
|turn|36
|
|t:|1758248944
|move|p2a: Dragapult|Draco Meteor|p1a: Vaporeon
|-damage|p1a: Vaporeon|0 fnt
|-unboost|p2a: Dragapult|spa|2
|faint|p1a: Vaporeon
|
|win|MrKickflip
|raw|Trumpismessiah's rating: 1497 &rarr; <strong>1477</strong><br />(-20 for losing)
|raw|MrKickflip's rating: 1489 &rarr; <strong>1509</strong><br />(+20 for winning)
|l|☆Trumpismessiah
|player|p1|
|l|☆MrKickflip
|player|p2|
