|j|☆jxrx
|j|☆Enchidio
|t:|1758315834
|gametype|singles
|player|p1|jxrx|norman|1348
|player|p2|Enchidio|gambler|1304
|gen|9
|tier|[Gen 9] OU
|rated|
|rule|HP Percentage Mod: HP is shown in percentages
|rule|Endless Battle Clause: Forcing endless battles is banned
|rule|Species Clause: Limit one of each Pokémon
|rule|OHKO Clause: OHKO moves are banned
|rule|Evasion Items Clause: Evasion items are banned
|rule|Evasion Moves Clause: Evasion moves are banned
|rule|Evasion Abilities Clause: Evasion abilities are banned
|rule|Sleep Moves Clause: Sleep-inducing moves are banned
|clearpoke
|poke|p1|Sableye, M|
|poke|p1|Salazzle, F|
|poke|p1|Great Tusk|
|poke|p1|Empoleon, M|
|poke|p1|Rillaboom, M|
|poke|p1|Ting-Lu|
|poke|p2|Gliscor, F|
|poke|p2|Weezing-Galar, F|
|poke|p2|Corviknight, F|
|poke|p2|Ting-Lu|
|poke|p2|Alomomola, F|
|poke|p2|Kyurem|
|teampreview
|c|☆Enchidio|glhf
|inactive|Battle timer is ON: inactive players will automatically lose when time's up. (requested by jxrx)
|
|t:|1758315857
|teamsize|p1|6
|teamsize|p2|6
|start
|switch|p1a: Salazzle|Salazzle, F|100/100
|switch|p2a: lebron james|Kyurem|100/100
|-ability|p2a: lebron james|Pressure
|turn|1
|
|t:|1758315864
|move|p1a: Salazzle|Toxic|p2a: lebron james
|-status|p2a: lebron james|tox
|move|p2a: lebron james|Earth Power|p1a: Salazzle
|-supereffective|p1a: Salazzle
|-damage|p1a: Salazzle|0 fnt
|faint|p1a: Salazzle
|
|-damage|p2a: lebron james|94/100 tox|[from] psn
|upkeep
|
|t:|1758315876
|switch|p1a: Ting-Lu|Ting-Lu|100/100
|-ability|p1a: Ting-Lu|Vessel of Ruin
|turn|2
|
|t:|1758315883
|move|p2a: lebron james|Ice Beam|p1a: Ting-Lu
|-supereffective|p1a: Ting-Lu
|-damage|p1a: Ting-Lu|64/100
|move|p1a: Ting-Lu|Stealth Rock|p2a: lebron james
|-sidestart|p2: Enchidio|move: Stealth Rock
|
|-heal|p1a: Ting-Lu|70/100|[from] item: Leftovers
|-damage|p2a: lebron james|82/100 tox|[from] psn
|upkeep
|turn|3
|
|t:|1758315889
|switch|p2a: shwt like a melody|Gliscor, F|100/100
|-damage|p2a: shwt like a melody|88/100|[from] Stealth Rock
|move|p1a: Ting-Lu|Ruination|p2a: shwt like a melody
|-damage|p2a: shwt like a melody|44/100
|
|-heal|p1a: Ting-Lu|76/100|[from] item: Leftovers
|-status|p2a: shwt like a melody|tox|[from] item: Toxic Orb
|upkeep
|turn|4
|
|t:|1758315895
|move|p2a: shwt like a melody|Knock Off|p1a: Ting-Lu
|-resisted|p1a: Ting-Lu
|-damage|p1a: Ting-Lu|71/100
|-enditem|p1a: Ting-Lu|Leftovers|[from] move: Knock Off|[of] p2a: shwt like a melody
|move|p1a: Ting-Lu|Spikes|p2a: shwt like a melody
|-sidestart|p2: Enchidio|Spikes
|
|-heal|p2a: shwt like a melody|57/100 tox|[from] ability: Poison Heal
|upkeep
|turn|5
|
|t:|1758315897
|move|p2a: shwt like a melody|Spikes|p1a: Ting-Lu
|-sidestart|p1: jxrx|Spikes
|move|p1a: Ting-Lu|Whirlwind|p2a: shwt like a melody
|drag|p2a: GENTLEMAN by PSY|Weezing-Galar, F|100/100
|-ability|p2a: GENTLEMAN by PSY|Neutralizing Gas
|
|upkeep
|turn|6
|
|t:|1758315906
|switch|p1a: Empoleon|Empoleon, M|100/100
|-damage|p1a: Empoleon|88/100|[from] Spikes
|move|p2a: GENTLEMAN by PSY|Will-O-Wisp|p1a: Empoleon
|-status|p1a: Empoleon|brn
|
|-heal|p1a: Empoleon|94/100 brn|[from] item: Leftovers
|-damage|p1a: Empoleon|88/100 brn|[from] brn
|upkeep
|turn|7
|
|t:|1758315912
|-end|p2a: GENTLEMAN by PSY|ability: Neutralizing Gas
|switch|p2a: laufey|Alomomola, F|100/100
|move|p1a: Empoleon|Flash Cannon|p2a: laufey
|-resisted|p2a: laufey
|-damage|p2a: laufey|82/100
|
|-heal|p1a: Empoleon|94/100 brn|[from] item: Leftovers
|-damage|p1a: Empoleon|88/100 brn|[from] brn
|upkeep
|turn|8
|inactive|jxrx has 120 seconds left.
|
|t:|1758315962
|switch|p1a: Sableye|Sableye, M|100/100
|-damage|p1a: Sableye|88/100|[from] Spikes
|move|p2a: laufey|Flip Turn|p1a: Sableye
|-damage|p1a: Sableye|73/100
|-damage|p2a: laufey|66/100|[from] item: Rocky Helmet|[of] p1a: Sableye
|
|t:|1758315973
|switch|p2a: GENTLEMAN by PSY|Weezing-Galar, F|100/100|[from] Flip Turn
|-ability|p2a: GENTLEMAN by PSY|Neutralizing Gas
|
|upkeep
|turn|9
|inactive|jxrx has 90 seconds left.
|inactive|jxrx has 60 seconds left.
|
|t:|1758316034
|move|p2a: GENTLEMAN by PSY|Defog|p1a: Sableye
|-unboost|p1a: Sableye|evasion|1
|-sideend|p1: jxrx|Spikes|[from] move: Defog|[of] p2a: GENTLEMAN by PSY
|-sideend|p2: Enchidio|Spikes|[from] move: Defog|[of] p2a: GENTLEMAN by PSY
|-sideend|p2: Enchidio|Stealth Rock|[from] move: Defog|[of] p2a: GENTLEMAN by PSY
|move|p1a: Sableye|Knock Off|p2a: GENTLEMAN by PSY
|-resisted|p2a: GENTLEMAN by PSY
|-damage|p2a: GENTLEMAN by PSY|92/100
|-enditem|p2a: GENTLEMAN by PSY|Heavy-Duty Boots|[from] move: Knock Off|[of] p1a: Sableye
|
|upkeep
|turn|10
|
|t:|1758316042
|move|p2a: GENTLEMAN by PSY|Strange Steam|p1a: Sableye
|-supereffective|p1a: Sableye
|-damage|p1a: Sableye|0 fnt
|faint|p1a: Sableye
|
|upkeep
|
|t:|1758316048
|switch|p1a: Rillaboom|Rillaboom, M|100/100
|turn|11
|
|t:|1758316055
|move|p1a: Rillaboom|U-turn|p2a: GENTLEMAN by PSY
|-resisted|p2a: GENTLEMAN by PSY
|-damage|p2a: GENTLEMAN by PSY|86/100
|
|t:|1758316057
|switch|p1a: Empoleon|Empoleon, M|88/100 brn|[from] U-turn
|move|p2a: GENTLEMAN by PSY|Will-O-Wisp|p1a: Empoleon
|-fail|p1a: Empoleon|brn
|
|-heal|p1a: Empoleon|94/100 brn|[from] item: Leftovers
|-damage|p1a: Empoleon|88/100 brn|[from] brn
|upkeep
|turn|12
|inactive|jxrx has 90 seconds left.
|
|t:|1758316065
|switch|p1a: Rillaboom|Rillaboom, M|100/100
|-end|p2a: GENTLEMAN by PSY|ability: Neutralizing Gas
|-fieldstart|move: Grassy Terrain|[from] ability: Grassy Surge|[of] p1a: Rillaboom
|switch|p2a: laufey|Alomomola, F|99/100
|
|-heal|p2a: laufey|100/100|[from] Grassy Terrain
|upkeep
|turn|13
|
|t:|1758316069
|switch|p2a: hey now...|Corviknight, F|100/100
|-ability|p2a: hey now...|Pressure
|move|p1a: Rillaboom|Knock Off|p2a: hey now...
|-crit|p2a: hey now...
|-damage|p2a: hey now...|50/100
|-damage|p1a: Rillaboom|84/100|[from] item: Rocky Helmet|[of] p2a: hey now...
|-enditem|p2a: hey now...|Rocky Helmet|[from] move: Knock Off|[of] p1a: Rillaboom
|
|-heal|p1a: Rillaboom|90/100|[from] Grassy Terrain
|upkeep
|turn|14
|
|t:|1758316073
|switch|p1a: Ting-Lu|Ting-Lu|71/100
|-ability|p1a: Ting-Lu|Vessel of Ruin
|move|p2a: hey now...|U-turn|p1a: Ting-Lu
|-supereffective|p1a: Ting-Lu
|-damage|p1a: Ting-Lu|54/100
|
|t:|1758316080
|switch|p2a: shwt like a melody|Gliscor, F|57/100 tox|[from] U-turn
|
|-heal|p1a: Ting-Lu|61/100|[from] Grassy Terrain
|-heal|p2a: shwt like a melody|69/100 tox|[from] ability: Poison Heal
|upkeep
|turn|15
|
|t:|1758316085
|move|p2a: shwt like a melody|Toxic|p1a: Ting-Lu
|-status|p1a: Ting-Lu|tox
|move|p1a: Ting-Lu|Stealth Rock|p2a: shwt like a melody
|-sidestart|p2: Enchidio|move: Stealth Rock
|
|-heal|p1a: Ting-Lu|67/100 tox|[from] Grassy Terrain
|-heal|p2a: shwt like a melody|82/100 tox|[from] ability: Poison Heal
|-damage|p1a: Ting-Lu|61/100 tox|[from] psn
|upkeep
|turn|16
|
|t:|1758316088
|move|p2a: shwt like a melody|Spikes|p1a: Ting-Lu
|-sidestart|p1: jxrx|Spikes
|move|p1a: Ting-Lu|Spikes|p2a: shwt like a melody
|-sidestart|p2: Enchidio|Spikes
|
|-heal|p1a: Ting-Lu|67/100 tox|[from] Grassy Terrain
|-heal|p2a: shwt like a melody|94/100 tox|[from] ability: Poison Heal
|-damage|p1a: Ting-Lu|54/100 tox|[from] psn
|-fieldend|move: Grassy Terrain
|upkeep
|turn|17
|
|t:|1758316096
|move|p2a: shwt like a melody|Spikes|p1a: Ting-Lu
|-sidestart|p1: jxrx|Spikes
|move|p1a: Ting-Lu|Spikes|p2a: shwt like a melody
|-sidestart|p2: Enchidio|Spikes
|
|-heal|p2a: shwt like a melody|100/100 tox|[from] ability: Poison Heal
|-damage|p1a: Ting-Lu|36/100 tox|[from] psn
|upkeep
|turn|18
|
|t:|1758316102
|move|p2a: shwt like a melody|Spikes|p1a: Ting-Lu
|-sidestart|p1: jxrx|Spikes
|move|p1a: Ting-Lu|Spikes|p2a: shwt like a melody
|-sidestart|p2: Enchidio|Spikes
|
|-damage|p1a: Ting-Lu|11/100 tox|[from] psn
|upkeep
|turn|19
|
|t:|1758316104
|move|p2a: shwt like a melody|Protect|p2a: shwt like a melody
|-singleturn|p2a: shwt like a melody|Protect
|move|p1a: Ting-Lu|Whirlwind|p2a: shwt like a melody
|drag|p2a: laufey|Alomomola, F|100/100
|
|-damage|p1a: Ting-Lu|0 fnt|[from] psn
|faint|p1a: Ting-Lu
|upkeep
|
|t:|1758316107
|switch|p1a: Great Tusk|Great Tusk|100/100
|turn|20
|
|t:|1758316113
|-terastallize|p1a: Great Tusk|Steel
|move|p1a: Great Tusk|Bulk Up|p1a: Great Tusk
|-boost|p1a: Great Tusk|atk|1
|-boost|p1a: Great Tusk|def|1
|move|p2a: laufey|Scald|p1a: Great Tusk
|-damage|p1a: Great Tusk|78/100
|
|upkeep
|turn|21
|
|t:|1758316116
|move|p1a: Great Tusk|Rapid Spin|p2a: laufey
|-damage|p2a: laufey|86/100
|-boost|p1a: Great Tusk|spe|1
|-sideend|p1: jxrx|Spikes|[from] move: Rapid Spin|[of] p1a: Great Tusk
|move|p2a: laufey|Scald|p1a: Great Tusk
|-damage|p1a: Great Tusk|57/100
|
|upkeep
|turn|22
|
|t:|1758316118
|move|p1a: Great Tusk|Headlong Rush|p2a: laufey
|-damage|p2a: laufey|27/100
|-unboost|p1a: Great Tusk|def|1
|-unboost|p1a: Great Tusk|spd|1
|move|p2a: laufey|Scald|p1a: Great Tusk
|-damage|p1a: Great Tusk|28/100
|
|upkeep
|turn|23
|
|t:|1758316123
|switch|p2a: hey now...|Corviknight, F|50/100
|-damage|p2a: hey now...|37/100|[from] Stealth Rock
|-ability|p2a: hey now...|Pressure
|move|p1a: Great Tusk|Headlong Rush|p2a: hey now...
|-immune|p2a: hey now...
|
|upkeep
|turn|24
|
|t:|1758316130
|move|p1a: Great Tusk|Ice Spinner|p2a: hey now...
|-damage|p2a: hey now...|13/100
|move|p2a: hey now...|U-turn|p1a: Great Tusk
|-resisted|p1a: Great Tusk
|-damage|p1a: Great Tusk|23/100
|
|t:|1758316138
|switch|p2a: laufey|Alomomola, F|61/100|[from] U-turn
|
|upkeep
|turn|25
|
|t:|1758316142
|move|p1a: Great Tusk|Headlong Rush|p2a: laufey
|-damage|p2a: laufey|3/100
|-unboost|p1a: Great Tusk|def|1
|-unboost|p1a: Great Tusk|spd|1
|move|p2a: laufey|Scald|p1a: Great Tusk
|-damage|p1a: Great Tusk|0 fnt
|faint|p1a: Great Tusk
|-end|p1a: Great Tusk|Protosynthesis|[silent]
|
|upkeep
|
|t:|1758316147
|switch|p1a: Empoleon|Empoleon, M|88/100 brn
|turn|26
|
|t:|1758316153
|switch|p2a: hey now...|Corviknight, F|13/100
|-damage|p2a: hey now...|1/100|[from] Stealth Rock
|-ability|p2a: hey now...|Pressure
|move|p1a: Empoleon|Surf|p2a: hey now...
|-damage|p2a: hey now...|0 fnt
|faint|p2a: hey now...
|
|-heal|p1a: Empoleon|94/100 brn|[from] item: Leftovers
|-damage|p1a: Empoleon|88/100 brn|[from] brn
|upkeep
|
|t:|1758316168
|switch|p2a: laufey|Alomomola, F|37/100
|turn|27
|
|t:|1758316186
|move|p1a: Empoleon|Agility|p1a: Empoleon
|-boost|p1a: Empoleon|spe|2
|move|p2a: laufey|Wish|p2a: laufey
|
|-heal|p1a: Empoleon|94/100 brn|[from] item: Leftovers
|-damage|p1a: Empoleon|88/100 brn|[from] brn
|upkeep
|turn|28
|
|t:|1758316191
|move|p2a: laufey|Protect|p2a: laufey
|-singleturn|p2a: laufey|Protect
|move|p1a: Empoleon|Flash Cannon|p2a: laufey
|-activate|p2a: laufey|move: Protect
|
|-heal|p2a: laufey|87/100|[from] move: Wish|[wisher] laufey
|-heal|p1a: Empoleon|94/100 brn|[from] item: Leftovers
|-damage|p1a: Empoleon|88/100 brn|[from] brn
|upkeep
|turn|29
|
|t:|1758316193
|move|p1a: Empoleon|Flash Cannon|p2a: laufey
|-resisted|p2a: laufey
|-damage|p2a: laufey|67/100
|move|p2a: laufey|Wish|p2a: laufey
|
|-heal|p1a: Empoleon|94/100 brn|[from] item: Leftovers
|-damage|p1a: Empoleon|88/100 brn|[from] brn
|upkeep
|turn|30
|
|t:|1758316208
|switch|p1a: Rillaboom|Rillaboom, M|90/100
|-fieldstart|move: Grassy Terrain|[from] ability: Grassy Surge|[of] p1a: Rillaboom
|move|p2a: laufey|Flip Turn|p1a: Rillaboom
|-resisted|p1a: Rillaboom
|-damage|p1a: Rillaboom|82/100
|-message|jxrx forfeited.
|
|win|Enchidio
|raw|jxrx's rating: 1348 &rarr; <strong>1325</strong><br />(-23 for losing)
|raw|Enchidio's rating: 1304 &rarr; <strong>1327</strong><br />(+23 for winning)
|l|☆jxrx
|player|p1|
