|j|☆lgfwhql
|j|☆S11xSummarized
|t:|1758295298
|gametype|singles
|player|p1|lgfwhql|266|1248
|player|p2|S11xSummarized|rosa|1231
|gen|9
|tier|[Gen 9] OU
|rated|
|rule|HP Percentage Mod: HP is shown in percentages
|rule|Endless Battle Clause: Forcing endless battles is banned
|rule|Species Clause: Limit one of each Pokémon
|rule|OHKO Clause: OHKO moves are banned
|rule|Evasion Items Clause: Evasion items are banned
|rule|Evasion Moves Clause: Evasion moves are banned
|rule|Evasion Abilities Clause: Evasion abilities are banned
|rule|Sleep Moves Clause: Sleep-inducing moves are banned
|clearpoke
|poke|p1|Samurott-Hisui, M|
|poke|p1|Great Tusk|
|poke|p1|Volcanion|
|poke|p1|Hydrapple, M|
|poke|p1|Gholdengo|
|poke|p1|Landorus-Therian, M|
|poke|p2|Indeedee-F, F|
|poke|p2|Armarouge, M|
|poke|p2|Polteageist-Antique|
|poke|p2|Hatterene, F|
|poke|p2|Great Tusk|
|poke|p2|Iron Crown|
|teampreview
|
|t:|1758295323
|teamsize|p1|6
|teamsize|p2|6
|start
|switch|p1a: The Last Ronin|Samurott-Hisui, M|100/100
|switch|p2a: Indeedee|Indeedee-F, F|100/100
|-fieldstart|move: Psychic Terrain|[from] ability: Psychic Surge|[of] p2a: Indeedee
|turn|1
|
|t:|1758295334
|switch|p2a: Hatterene|Hatterene, F, shiny|100/100
|move|p1a: The Last Ronin|Knock Off|p2a: Hatterene
|-damage|p2a: Hatterene|67/100
|-enditem|p2a: Hatterene|Leftovers|[from] move: Knock Off|[of] p1a: The Last Ronin
|
|upkeep
|turn|2
|
|t:|1758295348
|switch|p1a: Heart of Ghold|Gholdengo|100/100
|-item|p1a: Heart of Ghold|Air Balloon
|move|p2a: Hatterene|Draining Kiss|p1a: Heart of Ghold
|-resisted|p1a: Heart of Ghold
|-damage|p1a: Heart of Ghold|90/100
|-heal|p2a: Hatterene|76/100|[from] drain|[of] p1a: Heart of Ghold
|-enditem|p1a: Heart of Ghold|Air Balloon
|
|upkeep
|turn|3
|
|t:|1758295364
|move|p1a: Heart of Ghold|Shadow Ball|p2a: Hatterene
|-supereffective|p2a: Hatterene
|-damage|p2a: Hatterene|0 fnt
|faint|p2a: Hatterene
|
|upkeep
|
|t:|1758295373
|switch|p2a: Armarouge|Armarouge, M|100/100
|turn|4
|
|t:|1758295382
|switch|p1a: The Last Ronin|Samurott-Hisui, M|100/100
|move|p2a: Armarouge|Expanding Force|p1a: The Last Ronin
|-immune|p1a: The Last Ronin
|
|upkeep
|turn|5
|
|t:|1758295392
|move|p2a: Armarouge|Energy Ball|p1a: The Last Ronin
|-supereffective|p1a: The Last Ronin
|-damage|p1a: The Last Ronin|56/100
|move|p1a: The Last Ronin|Ceaseless Edge|p2a: Armarouge|[miss]
|-miss|p1a: The Last Ronin|p2a: Armarouge
|
|upkeep
|turn|6
|
|t:|1758295403
|move|p2a: Armarouge|Energy Ball|p1a: The Last Ronin
|-supereffective|p1a: The Last Ronin
|-damage|p1a: The Last Ronin|4/100
|move|p1a: The Last Ronin|Ceaseless Edge|p2a: Armarouge
|-supereffective|p2a: Armarouge
|-damage|p2a: Armarouge|9/100
|-ability|p2a: Armarouge|Weak Armor|boost
|-unboost|p2a: Armarouge|def|1
|-boost|p2a: Armarouge|spe|2
|-sidestart|p2: S11xSummarized|Spikes
|
|upkeep
|turn|7
|
|t:|1758295436
|switch|p1a: The Fickle Heart|Hydrapple, M|100/100
|move|p2a: Armarouge|Energy Ball|p1a: The Fickle Heart
|-resisted|p1a: The Fickle Heart
|-damage|p1a: The Fickle Heart|92/100
|
|upkeep
|turn|8
|
|t:|1758295447
|move|p2a: Armarouge|Expanding Force|p1a: The Fickle Heart
|-damage|p1a: The Fickle Heart|2/100
|move|p1a: The Fickle Heart|Fickle Beam|p2a: Armarouge
|-damage|p2a: Armarouge|0 fnt
|faint|p2a: Armarouge
|
|-fieldend|move: Psychic Terrain
|upkeep
|
|t:|1758295453
|switch|p2a: Indeedee|Indeedee-F, F|100/100
|-damage|p2a: Indeedee|88/100|[from] Spikes
|-fieldstart|move: Psychic Terrain|[from] ability: Psychic Surge|[of] p2a: Indeedee
|turn|9
|
|t:|1758295461
|switch|p2a: Great Tusk|Great Tusk|100/100
|switch|p1a: Heart of Ghold|Gholdengo|90/100
|
|upkeep
|turn|10
|
|t:|1758295482
|-terastallize|p1a: Heart of Ghold|Water
|move|p2a: Great Tusk|Knock Off|p1a: Heart of Ghold
|-damage|p1a: Heart of Ghold|69/100
|move|p1a: Heart of Ghold|Nasty Plot|p1a: Heart of Ghold
|-boost|p1a: Heart of Ghold|spa|2
|
|upkeep
|turn|11
|inactive|Battle timer is ON: inactive players will automatically lose when time's up. (requested by lgfwhql)
|
|t:|1758295514
|move|p2a: Great Tusk|Headlong Rush|p1a: Heart of Ghold
|-damage|p1a: Heart of Ghold|14/100
|-unboost|p2a: Great Tusk|def|1
|-unboost|p2a: Great Tusk|spd|1
|move|p1a: Heart of Ghold|Shadow Ball|p2a: Great Tusk
|-damage|p2a: Great Tusk|0 fnt
|faint|p2a: Great Tusk
|-end|p2a: Great Tusk|Protosynthesis|[silent]
|
|upkeep
|
|t:|1758295522
|switch|p2a: Iron Crown|Iron Crown|100/100
|-damage|p2a: Iron Crown|88/100|[from] Spikes
|-enditem|p2a: Iron Crown|Booster Energy
|-activate|p2a: Iron Crown|ability: Quark Drive|[fromitem]
|-start|p2a: Iron Crown|quarkdrivespa
|turn|12
|
|t:|1758295533
|move|p2a: Iron Crown|Volt Switch|p1a: Heart of Ghold
|-supereffective|p1a: Heart of Ghold
|-damage|p1a: Heart of Ghold|0 fnt
|faint|p1a: Heart of Ghold
|
|t:|1758295537
|-end|p2a: Iron Crown|Quark Drive|[silent]
|switch|p2a: Polteageist|Polteageist-Antique, shiny|100/100|[from] Volt Switch
|-damage|p2a: Polteageist|88/100|[from] Spikes
|
|upkeep
|
|t:|1758295563
|switch|p1a: Erupting Star|Volcanion|100/100
|turn|13
|
|t:|1758295571
|move|p2a: Polteageist|Shell Smash|p2a: Polteageist
|-unboost|p2a: Polteageist|def|1
|-unboost|p2a: Polteageist|spd|1
|-boost|p2a: Polteageist|atk|2
|-boost|p2a: Polteageist|spa|2
|-boost|p2a: Polteageist|spe|2
|move|p1a: Erupting Star|Steam Eruption|p2a: Polteageist
|-damage|p2a: Polteageist|0 fnt
|faint|p2a: Polteageist
|
|upkeep
|
|t:|1758295580
|switch|p2a: Iron Crown|Iron Crown|88/100
|-damage|p2a: Iron Crown|76/100|[from] Spikes
|turn|14
|
|t:|1758295599
|move|p2a: Iron Crown|Expanding Force|p1a: Erupting Star
|-damage|p1a: Erupting Star|18/100
|move|p1a: Erupting Star|Flamethrower|p2a: Iron Crown
|-supereffective|p2a: Iron Crown
|-damage|p2a: Iron Crown|0 fnt
|faint|p2a: Iron Crown
|-end|p2a: Iron Crown|Quark Drive|[silent]
|
|upkeep
|
|t:|1758295604
|switch|p2a: Indeedee|Indeedee-F, F|88/100
|-damage|p2a: Indeedee|76/100|[from] Spikes
|turn|15
|
|t:|1758295611
|move|p2a: Indeedee|Draining Kiss|p1a: Erupting Star
|-resisted|p1a: Erupting Star
|-damage|p1a: Erupting Star|12/100
|-heal|p2a: Indeedee|82/100|[from] drain|[of] p1a: Erupting Star
|move|p1a: Erupting Star|Flamethrower|p2a: Indeedee
|-damage|p2a: Indeedee|27/100
|
|upkeep
|turn|16
|
|t:|1758295618
|move|p2a: Indeedee|Psychic|p1a: Erupting Star
|-damage|p1a: Erupting Star|0 fnt
|faint|p1a: Erupting Star
|
|-fieldend|move: Psychic Terrain
|upkeep
|
|t:|1758295625
|switch|p1a: The Last Ronin|Samurott-Hisui, M|4/100
|turn|17
|
|t:|1758295629
|move|p1a: The Last Ronin|Sucker Punch|p2a: Indeedee
|-supereffective|p2a: Indeedee
|-damage|p2a: Indeedee|0 fnt
|faint|p2a: Indeedee
|
|win|lgfwhql
|raw|lgfwhql's rating: 1248 &rarr; <strong>1272</strong><br />(+24 for winning)
|raw|S11xSummarized's rating: 1231 &rarr; <strong>1207</strong><br />(-24 for losing)
|l|☆S11xSummarized
|player|p2|
|l|☆lgfwhql
|player|p1|
