|j|☆timothyazer
|j|☆Sksupreme
|t:|1758377551
|gametype|singles
|player|p1|timothyazer|elesa|1256
|player|p2|Sksupreme|cynthia-gen4|1267
|gen|9
|tier|[Gen 9] OU
|rated|
|rule|HP Percentage Mod: HP is shown in percentages
|rule|Endless Battle Clause: Forcing endless battles is banned
|rule|Species Clause: Limit one of each Pokémon
|rule|OHKO Clause: OHKO moves are banned
|rule|Evasion Items Clause: Evasion items are banned
|rule|Evasion Moves Clause: Evasion moves are banned
|rule|Evasion Abilities Clause: Evasion abilities are banned
|rule|Sleep Moves Clause: Sleep-inducing moves are banned
|clearpoke
|poke|p1|Lokix, F|
|poke|p1|Cinderace, F|
|poke|p1|Great Tusk|
|poke|p1|Alomomola, F|
|poke|p1|Enamorus, F|
|poke|p1|Slowking-Galar, F|
|poke|p2|Blaziken, M|
|poke|p2|Zarude-Dada|
|poke|p2|Metagross|
|poke|p2|Entei|
|poke|p2|Great Tusk|
|poke|p2|Alomomola, M|
|teampreview
|inactive|Battle timer is ON: inactive players will automatically lose when time's up. (requested by Sksupreme)
|
|t:|1758377571
|teamsize|p1|6
|teamsize|p2|6
|start
|switch|p1a: Cinderace|Cinderace, F|100/100
|switch|p2a: Zarude|Zarude-Dada|100/100
|turn|1
|
|t:|1758377581
|switch|p2a: Entei|Entei|100/100
|move|p1a: Cinderace|U-turn|p2a: Entei
|-start|p1a: Cinderace|typechange|Bug|[from] ability: Libero
|-resisted|p2a: Entei
|-crit|p2a: Entei
|-damage|p2a: Entei|79/100
|
|t:|1758377594
|switch|p1a: Great Tusk|Great Tusk|100/100|[from] U-turn
|
|upkeep
|turn|2
|
|t:|1758377607
|switch|p2a: Great Tusk|Great Tusk|100/100
|-enditem|p2a: Great Tusk|Booster Energy
|-activate|p2a: Great Tusk|ability: Protosynthesis|[fromitem]
|-start|p2a: Great Tusk|protosynthesisatk
|move|p1a: Great Tusk|Earthquake|p2a: Great Tusk
|-damage|p2a: Great Tusk|73/100
|
|upkeep
|turn|3
|
|t:|1758377615
|-end|p1a: Great Tusk|Protosynthesis|[silent]
|switch|p1a: Alomomola|Alomomola, F|100/100
|move|p2a: Great Tusk|Rapid Spin|p1a: Alomomola
|-damage|p1a: Alomomola|80/100
|-boost|p2a: Great Tusk|spe|1
|
|upkeep
|turn|4
|
|t:|1758377623
|move|p2a: Great Tusk|Earthquake|p1a: Alomomola
|-damage|p1a: Alomomola|18/100
|move|p1a: Alomomola|Flip Turn|p2a: Great Tusk
|-supereffective|p2a: Great Tusk
|-damage|p2a: Great Tusk|51/100
|
|t:|1758377634
|switch|p1a: Lokix|Lokix, F|100/100|[from] Flip Turn
|
|upkeep
|turn|5
|
|t:|1758377647
|move|p1a: Lokix|First Impression|p2a: Great Tusk
|-resisted|p2a: Great Tusk
|-damage|p2a: Great Tusk|11/100
|move|p2a: Great Tusk|Close Combat|p1a: Lokix
|-crit|p1a: Lokix
|-damage|p1a: Lokix|0 fnt
|-unboost|p2a: Great Tusk|def|1
|-unboost|p2a: Great Tusk|spd|1
|faint|p1a: Lokix
|
|upkeep
|
|t:|1758377655
|switch|p1a: Alomomola|Alomomola, F|51/100
|turn|6
|
|t:|1758377670
|move|p1a: Alomomola|Aqua Jet|p2a: Great Tusk
|-supereffective|p2a: Great Tusk
|-damage|p2a: Great Tusk|0 fnt
|faint|p2a: Great Tusk
|-end|p2a: Great Tusk|Protosynthesis|[silent]
|
|upkeep
|
|t:|1758377676
|switch|p2a: Zarude|Zarude-Dada|100/100
|turn|7
|
|t:|1758377685
|switch|p1a: Enamorus|Enamorus, F|100/100
|-singleturn|p2a: Zarude|move: Focus Punch
|move|p2a: Zarude|Focus Punch|p1a: Enamorus
|-resisted|p1a: Enamorus
|-damage|p1a: Enamorus|71/100
|
|upkeep
|turn|8
|
|t:|1758377694
|switch|p2a: Metagross|Metagross|100/100
|move|p1a: Enamorus|Moonblast|p2a: Metagross
|-resisted|p2a: Metagross
|-damage|p2a: Metagross|82/100
|
|upkeep
|turn|9
|
|t:|1758377703
|switch|p1a: Cinderace|Cinderace, F|100/100
|move|p2a: Metagross|Meteor Mash|p1a: Cinderace|[miss]
|-miss|p2a: Metagross|p1a: Cinderace
|
|upkeep
|turn|10
|
|t:|1758377711
|-terastallize|p2a: Metagross|Flying
|move|p1a: Cinderace|Pyro Ball|p2a: Metagross
|-damage|p2a: Metagross|46/100
|move|p2a: Metagross|Earthquake|p1a: Cinderace
|-supereffective|p1a: Cinderace
|-damage|p1a: Cinderace|7/100
|
|upkeep
|turn|11
|
|t:|1758377719
|move|p1a: Cinderace|U-turn|p2a: Metagross
|-start|p1a: Cinderace|typechange|Bug|[from] ability: Libero
|-resisted|p2a: Metagross
|-damage|p2a: Metagross|35/100
|
|t:|1758377728
|switch|p1a: Slowking|Slowking-Galar, F|100/100|[from] U-turn
|move|p2a: Metagross|Ice Punch|p1a: Slowking
|-damage|p1a: Slowking|81/100
|
|upkeep
|turn|12
|
|t:|1758377742
|switch|p2a: Alomomola|Alomomola, M, shiny|100/100
|move|p1a: Slowking|Ice Beam|p2a: Alomomola
|-resisted|p2a: Alomomola
|-damage|p2a: Alomomola|92/100
|
|-heal|p2a: Alomomola|98/100|[from] item: Leftovers
|upkeep
|turn|13
|
|t:|1758377753
|move|p2a: Alomomola|Scald|p1a: Slowking
|-damage|p1a: Slowking|70/100
|-status|p1a: Slowking|brn
|move|p1a: Slowking|Future Sight|p2a: Alomomola
|-start|p1a: Slowking|move: Future Sight
|
|-heal|p2a: Alomomola|100/100|[from] item: Leftovers
|-damage|p1a: Slowking|64/100 brn|[from] brn
|upkeep
|turn|14
|
|t:|1758377764
|move|p2a: Alomomola|Flip Turn|p1a: Slowking
|-damage|p1a: Slowking|52/100 brn
|
|t:|1758377768
|switch|p2a: Zarude|Zarude-Dada|100/100|[from] Flip Turn
|-prepare|p1a: Slowking|Chilly Reception|[premajor]
|move|p1a: Slowking|Chilly Reception|p1a: Slowking
|-weather|Snowscape
|
|t:|1758377774
|switch|p1a: Cinderace|Cinderace, F|7/100|[from] Chilly Reception
|
|-weather|Snowscape|[upkeep]
|upkeep
|turn|15
|
|t:|1758377786
|switch|p2a: Alomomola|Alomomola, M, shiny|100/100
|move|p1a: Cinderace|U-turn|p2a: Alomomola
|-start|p1a: Cinderace|typechange|Bug|[from] ability: Libero
|-damage|p2a: Alomomola|79/100
|
|t:|1758377796
|switch|p1a: Great Tusk|Great Tusk|100/100|[from] U-turn
|
|-weather|Snowscape|[upkeep]
|-end|p2a: Alomomola|move: Future Sight
|-damage|p2a: Alomomola|43/100
|-heal|p2a: Alomomola|49/100|[from] item: Leftovers
|upkeep
|turn|16
|
|t:|1758377819
|switch|p2a: Metagross|Metagross, tera:Flying|35/100
|move|p1a: Great Tusk|Earthquake|p2a: Metagross
|-immune|p2a: Metagross
|
|-weather|Snowscape|[upkeep]
|upkeep
|turn|17
|
|t:|1758377831
|move|p1a: Great Tusk|Knock Off|p2a: Metagross
|-damage|p2a: Metagross|15/100
|-enditem|p2a: Metagross|Assault Vest|[from] move: Knock Off|[of] p1a: Great Tusk
|move|p2a: Metagross|Ice Punch|p1a: Great Tusk
|-supereffective|p1a: Great Tusk
|-damage|p1a: Great Tusk|67/100
|
|-weather|Snowscape|[upkeep]
|-heal|p1a: Great Tusk|73/100|[from] item: Leftovers
|upkeep
|turn|18
|
|t:|1758377845
|-end|p1a: Great Tusk|Protosynthesis|[silent]
|switch|p1a: Alomomola|Alomomola, F|84/100
|switch|p2a: Zarude|Zarude-Dada|100/100
|
|-weather|none
|upkeep
|turn|19
|
|t:|1758377857
|switch|p1a: Slowking|Slowking-Galar, F|85/100 brn
|move|p2a: Zarude|Power Whip|p1a: Slowking
|-resisted|p1a: Slowking
|-damage|p1a: Slowking|51/100 brn
|
|-damage|p1a: Slowking|45/100 brn|[from] brn
|upkeep
|turn|20
|
|t:|1758377870
|switch|p2a: Metagross|Metagross, tera:Flying|15/100
|move|p1a: Slowking|Sludge Bomb|p2a: Metagross
|-damage|p2a: Metagross|0 fnt
|faint|p2a: Metagross
|
|-damage|p1a: Slowking|39/100 brn|[from] brn
|upkeep
|inactive|Sksupreme has 120 seconds left.
|
|t:|1758377901
|switch|p2a: Entei|Entei|79/100
|turn|21
|
|t:|1758377915
|move|p2a: Entei|Trailblaze|p1a: Slowking
|-resisted|p1a: Slowking
|-damage|p1a: Slowking|32/100 brn
|-boost|p2a: Entei|spe|1
|-prepare|p1a: Slowking|Chilly Reception|[premajor]
|move|p1a: Slowking|Chilly Reception|p1a: Slowking
|-weather|Snowscape
|
|t:|1758377919
|switch|p1a: Enamorus|Enamorus, F|71/100|[from] Chilly Reception
|
|-weather|Snowscape|[upkeep]
|upkeep
|turn|22
|
|t:|1758377939
|move|p1a: Enamorus|Moonblast|p2a: Entei
|-resisted|p2a: Entei
|-damage|p2a: Entei|61/100
|move|p2a: Entei|Stone Edge|p1a: Enamorus
|-supereffective|p1a: Enamorus
|-damage|p1a: Enamorus|0 fnt
|faint|p1a: Enamorus
|
|-weather|Snowscape|[upkeep]
|upkeep
|
|t:|1758377946
|switch|p1a: Great Tusk|Great Tusk|73/100
|turn|23
|
|t:|1758377956
|switch|p2a: Zarude|Zarude-Dada|100/100
|move|p1a: Great Tusk|Earthquake|p2a: Zarude
|-resisted|p2a: Zarude
|-damage|p2a: Zarude|79/100
|
|-weather|Snowscape|[upkeep]
|-heal|p1a: Great Tusk|79/100|[from] item: Leftovers
|upkeep
|turn|24
|inactive|Sksupreme has 120 seconds left.
|
|t:|1758377966
|-terastallize|p1a: Great Tusk|Poison
|move|p2a: Zarude|Knock Off|p1a: Great Tusk
|-damage|p1a: Great Tusk|45/100
|-enditem|p1a: Great Tusk|Leftovers|[from] move: Knock Off|[of] p2a: Zarude
|move|p1a: Great Tusk|Bulk Up|p1a: Great Tusk
|-boost|p1a: Great Tusk|atk|1
|-boost|p1a: Great Tusk|def|1
|
|-weather|Snowscape|[upkeep]
|upkeep
|turn|25
|inactive|Sksupreme has 120 seconds left.
|
|t:|1758377980
|switch|p2a: Blaziken|Blaziken, M, shiny|100/100
|move|p1a: Great Tusk|Rapid Spin|p2a: Blaziken
|-damage|p2a: Blaziken|69/100
|-boost|p1a: Great Tusk|spe|1
|
|-weather|none
|upkeep
|turn|26
|
|t:|1758377989
|move|p1a: Great Tusk|Earthquake|p2a: Blaziken
|-supereffective|p2a: Blaziken
|-damage|p2a: Blaziken|0 fnt
|faint|p2a: Blaziken
|
|upkeep
|inactive|Sksupreme has 120 seconds left.
|
|t:|1758378006
|switch|p2a: Alomomola|Alomomola, M, shiny|83/100
|turn|27
|inactive|Sksupreme has 120 seconds left.
|
|t:|1758378012
|move|p1a: Great Tusk|Earthquake|p2a: Alomomola
|-damage|p2a: Alomomola|33/100
|move|p2a: Alomomola|Wish|p2a: Alomomola
|
|-heal|p2a: Alomomola|39/100|[from] item: Leftovers
|upkeep
|turn|28
|inactive|Sksupreme has 120 seconds left.
|
|t:|1758378029
|switch|p2a: Zarude|Zarude-Dada|79/100
|move|p1a: Great Tusk|Bulk Up|p1a: Great Tusk
|-boost|p1a: Great Tusk|atk|1
|-boost|p1a: Great Tusk|def|1
|
|-heal|p2a: Zarude|100/100|[from] move: Wish|[wisher] Alomomola
|upkeep
|turn|29
|inactive|Sksupreme has 120 seconds left.
|
|t:|1758378042
|move|p1a: Great Tusk|Earthquake|p2a: Zarude
|-resisted|p2a: Zarude
|-damage|p2a: Zarude|64/100
|move|p2a: Zarude|Knock Off|p1a: Great Tusk
|-damage|p1a: Great Tusk|33/100
|
|upkeep
|turn|30
|inactive|Sksupreme has 120 seconds left.
|
|t:|1758378051
|move|p1a: Great Tusk|Earthquake|p2a: Zarude
|-resisted|p2a: Zarude
|-crit|p2a: Zarude
|-damage|p2a: Zarude|2/100
|move|p2a: Zarude|Knock Off|p1a: Great Tusk
|-damage|p1a: Great Tusk|19/100
|
|upkeep
|turn|31
|
|t:|1758378058
|move|p1a: Great Tusk|Rapid Spin|p2a: Zarude
|-damage|p2a: Zarude|0 fnt
|-boost|p1a: Great Tusk|spe|1
|faint|p2a: Zarude
|
|upkeep
|
|t:|1758378065
|switch|p2a: Alomomola|Alomomola, M, shiny|72/100
|turn|32
|
|t:|1758378073
|move|p1a: Great Tusk|Earthquake|p2a: Alomomola
|-damage|p2a: Alomomola|11/100
|move|p2a: Alomomola|Scald|p1a: Great Tusk
|-damage|p1a: Great Tusk|3/100
|
|-heal|p2a: Alomomola|17/100|[from] item: Leftovers
|upkeep
|turn|33
|
|t:|1758378084
|move|p1a: Great Tusk|Earthquake|p2a: Alomomola
|-damage|p2a: Alomomola|0 fnt
|faint|p2a: Alomomola
|
|upkeep
|
|t:|1758378089
|switch|p2a: Entei|Entei|61/100
|turn|34
|
|t:|1758378096
|move|p1a: Great Tusk|Earthquake|p2a: Entei
|-supereffective|p2a: Entei
|-damage|p2a: Entei|0 fnt
|faint|p2a: Entei
|
|win|timothyazer
|raw|timothyazer's rating: 1256 &rarr; <strong>1282</strong><br />(+26 for winning)
|raw|Sksupreme's rating: 1267 &rarr; <strong>1241</strong><br />(-26 for losing)
|l|☆Sksupreme
|player|p2|
|l|☆timothyazer
|player|p1|
