|j|☆Marluhn
|j|☆Crocodile E
|t:|1758353443
|gametype|singles
|player|p1|Marluhn|unknownf|1524
|player|p2|Crocodile E|depotagent|1474
|gen|9
|tier|[Gen 9] OU
|rated|
|rule|HP Percentage Mod: HP is shown in percentages
|rule|Endless Battle Clause: Forcing endless battles is banned
|rule|Species Clause: Limit one of each Pokémon
|rule|OHKO Clause: OHKO moves are banned
|rule|Evasion Items Clause: Evasion items are banned
|rule|Evasion Moves Clause: Evasion moves are banned
|rule|Evasion Abilities Clause: Evasion abilities are banned
|rule|Sleep Moves Clause: Sleep-inducing moves are banned
|clearpoke
|poke|p1|Deoxys-Speed|
|poke|p1|Slowking-Galar, F|
|poke|p1|Kingambit, M|
|poke|p1|Sinistcha-Masterpiece|
|poke|p1|Garchomp, M|
|poke|p1|Moltres|
|poke|p2|Deoxys-Speed|
|poke|p2|Gholdengo|
|poke|p2|Ting-Lu|
|poke|p2|Ogerpon-Wellspring, F|
|poke|p2|Kingambit, M|
|poke|p2|Raging Bolt|
|teampreview
|
|t:|1758353454
|teamsize|p1|6
|teamsize|p2|6
|start
|switch|p1a: Deoxys|Deoxys-Speed|100/100
|switch|p2a: Deoxys|Deoxys-Speed|100/100
|-ability|p1a: Deoxys|Pressure
|-ability|p2a: Deoxys|Pressure
|turn|1
|
|t:|1758353456
|move|p1a: Deoxys|Knock Off|p2a: Deoxys
|-supereffective|p2a: Deoxys
|-damage|p2a: Deoxys|25/100
|-enditem|p2a: Deoxys|Expert Belt|[from] move: Knock Off|[of] p1a: Deoxys
|move|p2a: Deoxys|Knock Off|p1a: Deoxys
|-supereffective|p1a: Deoxys
|-damage|p1a: Deoxys|18/100
|-enditem|p1a: Deoxys|Eject Pack|[from] move: Knock Off|[of] p2a: Deoxys
|
|upkeep
|turn|2
|
|t:|1758353472
|move|p1a: Deoxys|Knock Off|p2a: Deoxys
|-supereffective|p2a: Deoxys
|-damage|p2a: Deoxys|0 fnt
|faint|p2a: Deoxys
|
|upkeep
|
|t:|1758353475
|switch|p2a: Kingambit|Kingambit, M|100/100
|-activate|p2a: Kingambit|ability: Supreme Overlord
|-start|p2a: Kingambit|fallen1|[silent]
|turn|3
|
|t:|1758353488
|switch|p1a: Garchomp|Garchomp, M|100/100
|-end|p2a: Kingambit|fallen1|[silent]
|switch|p2a: Raging Bolt|Raging Bolt|100/100
|
|upkeep
|turn|4
|
|t:|1758353497
|move|p1a: Garchomp|Earthquake|p2a: Raging Bolt
|-supereffective|p2a: Raging Bolt
|-damage|p2a: Raging Bolt|17/100
|move|p2a: Raging Bolt|Draco Meteor|p1a: Garchomp
|-supereffective|p1a: Garchomp
|-damage|p1a: Garchomp|0 fnt
|-unboost|p2a: Raging Bolt|spa|2
|faint|p1a: Garchomp
|
|-heal|p2a: Raging Bolt|23/100|[from] item: Leftovers
|upkeep
|
|t:|1758353508
|switch|p1a: Sinistcha|Sinistcha-Masterpiece|100/100
|turn|5
|
|t:|1758353525
|-end|p2a: Raging Bolt|Protosynthesis|[silent]
|switch|p2a: Kingambit|Kingambit, M|100/100
|-activate|p2a: Kingambit|ability: Supreme Overlord
|-start|p2a: Kingambit|fallen1|[silent]
|move|p1a: Sinistcha|Matcha Gotcha|p2a: Kingambit
|-resisted|p2a: Kingambit
|-damage|p2a: Kingambit|86/100
|
|upkeep
|turn|6
|
|t:|1758353538
|-end|p2a: Kingambit|fallen1|[silent]
|switch|p2a: Raging Bolt|Raging Bolt|23/100
|move|p1a: Sinistcha|Strength Sap|p2a: Raging Bolt
|-unboost|p2a: Raging Bolt|atk|1
|
|-heal|p2a: Raging Bolt|29/100|[from] item: Leftovers
|upkeep
|turn|7
|
|t:|1758353545
|-end|p2a: Raging Bolt|Protosynthesis|[silent]
|switch|p2a: Gholdengo|Gholdengo|100/100
|-item|p2a: Gholdengo|Air Balloon
|switch|p1a: Slowking|Slowking-Galar, F|100/100
|
|upkeep
|turn|8
|
|t:|1758353553
|move|p2a: Gholdengo|Nasty Plot|p2a: Gholdengo
|-boost|p2a: Gholdengo|spa|2
|move|p1a: Slowking|Flamethrower|p2a: Gholdengo
|-supereffective|p2a: Gholdengo
|-damage|p2a: Gholdengo|53/100
|-enditem|p2a: Gholdengo|Air Balloon
|
|upkeep
|turn|9
|
|t:|1758353558
|switch|p1a: Kingambit|Kingambit, M|100/100
|-activate|p1a: Kingambit|ability: Supreme Overlord
|-start|p1a: Kingambit|fallen1|[silent]
|move|p2a: Gholdengo|Shadow Ball|p1a: Kingambit
|-resisted|p1a: Kingambit
|-crit|p1a: Kingambit
|-damage|p1a: Kingambit|48/100
|
|-heal|p1a: Kingambit|54/100|[from] item: Leftovers
|upkeep
|turn|10
|
|t:|1758353565
|switch|p2a: Ting-Lu|Ting-Lu|100/100
|-ability|p2a: Ting-Lu|Vessel of Ruin
|move|p1a: Kingambit|Swords Dance|p1a: Kingambit
|-boost|p1a: Kingambit|atk|2
|
|-heal|p1a: Kingambit|60/100|[from] item: Leftovers
|upkeep
|turn|11
|
|t:|1758353569
|move|p1a: Kingambit|Low Kick|p2a: Ting-Lu
|-supereffective|p2a: Ting-Lu
|-damage|p2a: Ting-Lu|0 fnt
|faint|p2a: Ting-Lu
|
|-heal|p1a: Kingambit|66/100|[from] item: Leftovers
|upkeep
|
|t:|1758353571
|switch|p2a: Kingambit|Kingambit, M|86/100
|-activate|p2a: Kingambit|ability: Supreme Overlord
|-start|p2a: Kingambit|fallen2|[silent]
|turn|12
|
|t:|1758353576
|-end|p1a: Kingambit|fallen1|[silent]
|switch|p1a: Moltres|Moltres|100/100
|move|p2a: Kingambit|Low Kick|p1a: Moltres
|-resisted|p1a: Moltres
|-damage|p1a: Moltres|84/100
|
|upkeep
|turn|13
|inactive|Battle timer is ON: inactive players will automatically lose when time's up. (requested by Crocodile E)
|
|t:|1758353596
|switch|p1a: Slowking|Slowking-Galar, F|100/100
|-end|p2a: Kingambit|fallen2|[silent]
|switch|p2a: Raging Bolt|Raging Bolt|29/100
|
|-heal|p2a: Raging Bolt|35/100|[from] item: Leftovers
|upkeep
|turn|14
|
|t:|1758353606
|move|p2a: Raging Bolt|Calm Mind|p2a: Raging Bolt
|-boost|p2a: Raging Bolt|spa|1
|-boost|p2a: Raging Bolt|spd|1
|move|p1a: Slowking|Psychic Noise|p2a: Raging Bolt
|-damage|p2a: Raging Bolt|18/100
|-start|p2a: Raging Bolt|move: Heal Block
|
|upkeep
|turn|15
|
|t:|1758353621
|move|p2a: Raging Bolt|Thunderbolt|p1a: Slowking
|-damage|p1a: Slowking|52/100
|move|p1a: Slowking|Toxic|p2a: Raging Bolt
|-status|p2a: Raging Bolt|tox
|
|-damage|p2a: Raging Bolt|12/100 tox|[from] psn
|-end|p2a: Raging Bolt|move: Heal Block
|upkeep
|turn|16
|
|t:|1758353632
|move|p2a: Raging Bolt|Draco Meteor|p1a: Slowking
|-damage|p1a: Slowking|0 fnt
|-unboost|p2a: Raging Bolt|spa|2
|faint|p1a: Slowking
|
|-heal|p2a: Raging Bolt|18/100 tox|[from] item: Leftovers
|-damage|p2a: Raging Bolt|6/100 tox|[from] psn
|upkeep
|
|t:|1758353642
|switch|p1a: Sinistcha|Sinistcha-Masterpiece|100/100
|turn|17
|
|t:|1758353645
|-end|p2a: Raging Bolt|Protosynthesis|[silent]
|switch|p2a: Gholdengo|Gholdengo|53/100
|move|p1a: Sinistcha|Nasty Plot|p1a: Sinistcha
|-boost|p1a: Sinistcha|spa|2
|
|upkeep
|turn|18
|
|t:|1758353652
|move|p2a: Gholdengo|Shadow Ball|p1a: Sinistcha
|-supereffective|p1a: Sinistcha
|-damage|p1a: Sinistcha|22/100
|move|p1a: Sinistcha|Shadow Ball|p2a: Gholdengo
|-supereffective|p2a: Gholdengo
|-damage|p2a: Gholdengo|0 fnt
|faint|p2a: Gholdengo
|
|upkeep
|
|t:|1758353659
|switch|p2a: Raging Bolt|Raging Bolt|6/100 tox
|turn|19
|
|t:|1758353667
|move|p2a: Raging Bolt|Draco Meteor|p1a: Sinistcha
|-crit|p1a: Sinistcha
|-damage|p1a: Sinistcha|0 fnt
|-unboost|p2a: Raging Bolt|spa|2
|faint|p1a: Sinistcha
|
|-heal|p2a: Raging Bolt|12/100 tox|[from] item: Leftovers
|-damage|p2a: Raging Bolt|6/100 tox|[from] psn
|upkeep
|
|t:|1758353671
|switch|p1a: Kingambit|Kingambit, M|66/100
|-activate|p1a: Kingambit|ability: Supreme Overlord
|-start|p1a: Kingambit|fallen3|[silent]
|turn|20
|
|t:|1758353675
|move|p2a: Raging Bolt|Thunderbolt|p1a: Kingambit
|-damage|p1a: Kingambit|41/100
|-status|p1a: Kingambit|par
|cant|p1a: Kingambit|par
|
|-heal|p2a: Raging Bolt|12/100 tox|[from] item: Leftovers
|-heal|p1a: Kingambit|47/100 par|[from] item: Leftovers
|-damage|p2a: Raging Bolt|0 fnt|[from] psn
|faint|p2a: Raging Bolt
|-end|p2a: Raging Bolt|Protosynthesis|[silent]
|upkeep
|
|t:|1758353682
|switch|p2a: Ogerpon|Ogerpon-Wellspring, F|100/100
|turn|21
|
|t:|1758353690
|move|p1a: Kingambit|Sucker Punch||[still]
|-fail|p1a: Kingambit
|move|p2a: Ogerpon|Substitute|p2a: Ogerpon
|-start|p2a: Ogerpon|Substitute
|-damage|p2a: Ogerpon|76/100
|
|-heal|p1a: Kingambit|53/100 par|[from] item: Leftovers
|upkeep
|turn|22
|
|t:|1758353694
|move|p1a: Kingambit|Sucker Punch|p2a: Ogerpon
|-end|p2a: Ogerpon|Substitute
|move|p2a: Ogerpon|Ivy Cudgel|p1a: Kingambit|[anim] Ivy Cudgel Water
|-damage|p1a: Kingambit|6/100 par
|
|-heal|p1a: Kingambit|12/100 par|[from] item: Leftovers
|upkeep
|turn|23
|
|t:|1758353699
|move|p1a: Kingambit|Sucker Punch||[still]
|-fail|p1a: Kingambit
|move|p2a: Ogerpon|Substitute|p2a: Ogerpon
|-start|p2a: Ogerpon|Substitute
|-damage|p2a: Ogerpon|51/100
|
|-heal|p1a: Kingambit|18/100 par|[from] item: Leftovers
|upkeep
|turn|24
|
|t:|1758353701
|move|p1a: Kingambit|Sucker Punch||[still]
|-fail|p1a: Kingambit
|move|p2a: Ogerpon|Swords Dance|p2a: Ogerpon
|-boost|p2a: Ogerpon|atk|2
|
|-heal|p1a: Kingambit|24/100 par|[from] item: Leftovers
|upkeep
|turn|25
|
|t:|1758353703
|move|p1a: Kingambit|Sucker Punch|p2a: Ogerpon
|-end|p2a: Ogerpon|Substitute
|move|p2a: Ogerpon|Ivy Cudgel|p1a: Kingambit|[anim] Ivy Cudgel Water
|-damage|p1a: Kingambit|0 fnt
|faint|p1a: Kingambit
|-end|p1a: Kingambit|fallen3|[silent]
|
|upkeep
|
|t:|1758353706
|switch|p1a: Deoxys|Deoxys-Speed|18/100
|-ability|p1a: Deoxys|Pressure
|turn|26
|inactive|Marluhn has 120 seconds left.
|inactive|Crocodile E has 120 seconds left.
|
|t:|1758353762
|-terastallize|p1a: Deoxys|Fighting
|-terastallize|p2a: Ogerpon|Water
|detailschange|p2a: Ogerpon|Ogerpon-Wellspring-Tera, F, tera:Water
|-ability|p2a: Ogerpon|Embody Aspect (Wellspring)|boost
|-boost|p2a: Ogerpon|spd|1
|move|p1a: Deoxys|Superpower|p2a: Ogerpon
|-damage|p2a: Ogerpon|0 fnt
|-unboost|p1a: Deoxys|atk|1
|-unboost|p1a: Deoxys|def|1
|faint|p2a: Ogerpon
|detailschange|p2: Ogerpon|Ogerpon-Wellspring, F|[silent]
|
|upkeep
|inactive|Crocodile E has 120 seconds left.
|
|t:|1758353770
|switch|p2a: Kingambit|Kingambit, M|86/100
|-activate|p2a: Kingambit|ability: Supreme Overlord
|-start|p2a: Kingambit|fallen5|[silent]
|turn|27
|
|t:|1758353775
|move|p2a: Kingambit|Sucker Punch|p1a: Deoxys
|-resisted|p1a: Deoxys
|-damage|p1a: Deoxys|0 fnt
|faint|p1a: Deoxys
|
|upkeep
|
|t:|1758353777
|switch|p1a: Moltres|Moltres|84/100
|turn|28
|
|t:|1758353782
|move|p1a: Moltres|Will-O-Wisp|p2a: Kingambit
|-status|p2a: Kingambit|brn
|move|p2a: Kingambit|Kowtow Cleave|p1a: Moltres
|-damage|p1a: Moltres|54/100
|
|-damage|p2a: Kingambit|80/100 brn|[from] brn
|upkeep
|turn|29
|
|t:|1758353790
|move|p1a: Moltres|Flamethrower|p2a: Kingambit
|-supereffective|p2a: Kingambit
|-damage|p2a: Kingambit|29/100 brn
|move|p2a: Kingambit|Kowtow Cleave|p1a: Moltres
|-damage|p1a: Moltres|20/100
|
|-damage|p2a: Kingambit|23/100 brn|[from] brn
|upkeep
|turn|30
|
|t:|1758353796
|move|p2a: Kingambit|Sucker Punch||[still]
|-fail|p2a: Kingambit
|move|p1a: Moltres|Roost|p1a: Moltres
|-heal|p1a: Moltres|70/100
|-singleturn|p1a: Moltres|move: Roost
|
|-damage|p2a: Kingambit|16/100 brn|[from] brn
|upkeep
|turn|31
|
|t:|1758353799
|move|p1a: Moltres|Flamethrower|p2a: Kingambit
|-supereffective|p2a: Kingambit
|-damage|p2a: Kingambit|0 fnt
|faint|p2a: Kingambit
|-end|p2a: Kingambit|fallen5|[silent]
|
|win|Marluhn
|raw|Marluhn's rating: 1524 &rarr; <strong>1541</strong><br />(+17 for winning)
|raw|Crocodile E's rating: 1474 &rarr; <strong>1457</strong><br />(-17 for losing)
|l|☆Crocodile E
|player|p2|
|l|☆Marluhn
|player|p1|
