|j|☆Trail one
|j|☆zykke99
|t:|1758330401
|gametype|singles
|player|p1|Trail one|266|1536
|player|p2|zykke99|2|1472
|gen|9
|tier|[Gen 9] OU
|rated|
|rule|HP Percentage Mod: HP is shown in percentages
|rule|Endless Battle Clause: Forcing endless battles is banned
|rule|Species Clause: Limit one of each Pokémon
|rule|OHKO Clause: OHKO moves are banned
|rule|Evasion Items Clause: Evasion items are banned
|rule|Evasion Moves Clause: Evasion moves are banned
|rule|Evasion Abilities Clause: Evasion abilities are banned
|rule|Sleep Moves Clause: Sleep-inducing moves are banned
|clearpoke
|poke|p1|Toxtricity, M|
|poke|p1|Samurott-Hisui, M|
|poke|p1|Cresselia, F|
|poke|p1|Great Tusk|
|poke|p1|Gholdengo|
|poke|p1|Ogerpon-Wellspring, F|
|poke|p2|Ninetales-Alola, F|
|poke|p2|Cetitan, F|
|poke|p2|Kyurem|
|poke|p2|Sandslash-Alola, M|
|poke|p2|Moltres|
|poke|p2|Zamazenta-*|
|teampreview
|inactive|Battle timer is ON: inactive players will automatically lose when time's up. (requested by zykke99)
|
|t:|1758330426
|teamsize|p1|6
|teamsize|p2|6
|start
|switch|p1a: Toxtricity|Toxtricity, M|100/100
|switch|p2a: ColdVision|Kyurem|100/100
|-ability|p2a: ColdVision|Pressure
|turn|1
|
|t:|1758330447
|switch|p1a: Cresselia|Cresselia, F|100/100
|move|p2a: ColdVision|Draco Meteor|p1a: Cresselia
|-damage|p1a: Cresselia|37/100
|-unboost|p2a: ColdVision|spa|2
|
|-heal|p1a: Cresselia|43/100|[from] item: Leftovers
|upkeep
|turn|2
|
|t:|1758330460
|switch|p2a: Ninetales|Ninetales-Alola, F|100/100
|-weather|Snowscape|[from] ability: Snow Warning|[of] p2a: Ninetales
|move|p1a: Cresselia|Moonlight|p1a: Cresselia
|-heal|p1a: Cresselia|68/100
|
|-weather|Snowscape|[upkeep]
|-heal|p1a: Cresselia|75/100|[from] item: Leftovers
|upkeep
|turn|3
|
|t:|1758330480
|move|p2a: Ninetales|Blizzard|p1a: Cresselia
|-damage|p1a: Cresselia|48/100
|move|p1a: Cresselia|Calm Mind|p1a: Cresselia
|-boost|p1a: Cresselia|spa|1
|-boost|p1a: Cresselia|spd|1
|
|-weather|Snowscape|[upkeep]
|-heal|p1a: Cresselia|54/100|[from] item: Leftovers
|upkeep
|turn|4
|
|t:|1758330493
|move|p2a: Ninetales|Aurora Veil|p2a: Ninetales
|-sidestart|p2: zykke99|move: Aurora Veil
|move|p1a: Cresselia|Calm Mind|p1a: Cresselia
|-boost|p1a: Cresselia|spa|1
|-boost|p1a: Cresselia|spd|1
|
|-weather|Snowscape|[upkeep]
|-heal|p1a: Cresselia|60/100|[from] item: Leftovers
|upkeep
|turn|5
|
|t:|1758330497
|switch|p2a: Moltres|Moltres|100/100
|move|p1a: Cresselia|Calm Mind|p1a: Cresselia
|-boost|p1a: Cresselia|spa|1
|-boost|p1a: Cresselia|spd|1
|
|-weather|Snowscape|[upkeep]
|-heal|p1a: Cresselia|66/100|[from] item: Leftovers
|upkeep
|turn|6
|
|t:|1758330505
|move|p2a: Moltres|Flamethrower|p1a: Cresselia
|-damage|p1a: Cresselia|55/100
|move|p1a: Cresselia|Stored Power|p2a: Moltres
|-damage|p2a: Moltres|43/100
|
|-weather|Snowscape|[upkeep]
|-heal|p1a: Cresselia|61/100|[from] item: Leftovers
|upkeep
|turn|7
|
|t:|1758330513
|move|p2a: Moltres|Hurricane|p1a: Cresselia
|-damage|p1a: Cresselia|45/100
|move|p1a: Cresselia|Calm Mind|p1a: Cresselia
|-boost|p1a: Cresselia|spa|1
|-boost|p1a: Cresselia|spd|1
|
|-weather|Snowscape|[upkeep]
|-heal|p1a: Cresselia|51/100|[from] item: Leftovers
|upkeep
|turn|8
|
|t:|1758330519
|move|p2a: Moltres|Hurricane|p1a: Cresselia|[miss]
|-miss|p2a: Moltres|p1a: Cresselia
|move|p1a: Cresselia|Calm Mind|p1a: Cresselia
|-boost|p1a: Cresselia|spa|1
|-boost|p1a: Cresselia|spd|1
|
|-weather|Snowscape|[upkeep]
|-heal|p1a: Cresselia|57/100|[from] item: Leftovers
|-sideend|p2: zykke99|move: Aurora Veil
|upkeep
|turn|9
|
|t:|1758330523
|move|p2a: Moltres|U-turn|p1a: Cresselia
|-supereffective|p1a: Cresselia
|-damage|p1a: Cresselia|40/100
|
|t:|1758330530
|switch|p2a: ColdVision|Kyurem|100/100|[from] U-turn
|-ability|p2a: ColdVision|Pressure
|move|p1a: Cresselia|Calm Mind|p1a: Cresselia
|-boost|p1a: Cresselia|spa|1
|-boost|p1a: Cresselia|spd|1
|
|-weather|none
|-heal|p1a: Cresselia|46/100|[from] item: Leftovers
|upkeep
|turn|10
|
|t:|1758330538
|move|p2a: ColdVision|Draco Meteor|p1a: Cresselia
|-damage|p1a: Cresselia|32/100
|-unboost|p2a: ColdVision|spa|2
|move|p1a: Cresselia|Moonlight|p1a: Cresselia
|-heal|p1a: Cresselia|82/100
|
|-heal|p1a: Cresselia|88/100|[from] item: Leftovers
|upkeep
|turn|11
|
|t:|1758330545
|switch|p2a: Ninetales|Ninetales-Alola, F|100/100
|-weather|Snowscape|[from] ability: Snow Warning|[of] p2a: Ninetales
|move|p1a: Cresselia|Stored Power|p2a: Ninetales
|-damage|p2a: Ninetales|0 fnt
|faint|p2a: Ninetales
|
|-weather|Snowscape|[upkeep]
|-heal|p1a: Cresselia|94/100|[from] item: Leftovers
|upkeep
|
|t:|1758330551
|switch|p2a: OneInAMilion|Sandslash-Alola, M|100/100
|turn|12
|inactive|Trail one has 120 seconds left.
|
|t:|1758330594
|move|p2a: OneInAMilion|Knock Off|p1a: Cresselia
|-supereffective|p1a: Cresselia
|-damage|p1a: Cresselia|58/100
|-enditem|p1a: Cresselia|Leftovers|[from] move: Knock Off|[of] p2a: OneInAMilion
|move|p1a: Cresselia|Stored Power|p2a: OneInAMilion
|-resisted|p2a: OneInAMilion
|-damage|p2a: OneInAMilion|0 fnt
|faint|p2a: OneInAMilion
|
|-weather|Snowscape|[upkeep]
|upkeep
|-message|zykke99 forfeited.
|
|win|Trail one
|raw|Trail one's rating: 1536 &rarr; <strong>1552</strong><br />(+16 for winning)
|raw|zykke99's rating: 1472 &rarr; <strong>1456</strong><br />(-16 for losing)
|l|☆zykke99
|player|p2|
|l|☆Trail one
|player|p1|
