|j|☆esteb4n
|j|☆Novax_Og
|inactive|Battle timer is ON: inactive players will automatically lose when time's up.
|t:|1758311163
|gametype|singles
|player|p1|esteb4n|#scl5platoon2|
|player|p2|Novax_Og|jacq|
|gen|9
|tier|[Gen 9] OU
|rated|Tournament battle
|rule|HP Percentage Mod: HP is shown in percentages
|rule|Endless Battle Clause: Forcing endless battles is banned
|rule|Species Clause: Limit one of each Pokémon
|rule|OHKO Clause: OHKO moves are banned
|rule|Evasion Items Clause: Evasion items are banned
|rule|Evasion Moves Clause: Evasion moves are banned
|rule|Evasion Abilities Clause: Evasion abilities are banned
|rule|Sleep Moves Clause: Sleep-inducing moves are banned
|clearpoke
|poke|p1|Dragapult, F|
|poke|p1|Ogerpon-Wellspring, F|
|poke|p1|Moltres|
|poke|p1|Corviknight, F|
|poke|p1|Ting-Lu|
|poke|p1|Slowking-Galar, F|
|poke|p2|Ogerpon-Wellspring, F|
|poke|p2|Kingambit, M|
|poke|p2|Landorus-Therian, M|
|poke|p2|Glimmora, M|
|poke|p2|Dragapult, M|
|poke|p2|Iron Valiant|
|teampreview
|j|*Lady Monita ☀
|j| Albrtix
|j| dfhsdyh
|inactive|esteb4n has 120 seconds left.
|inactive|Novax_Og has 120 seconds left.
|inactive|esteb4n has 90 seconds left.
|
|t:|1758311247
|teamsize|p1|6
|teamsize|p2|6
|start
|switch|p1a: Ting-Lu|Ting-Lu|100/100
|switch|p2a: Dragapult|Dragapult, M|100/100
|-ability|p1a: Ting-Lu|Vessel of Ruin
|turn|1
|
|t:|1758311250
|move|p2a: Dragapult|U-turn|p1a: Ting-Lu
|-supereffective|p1a: Ting-Lu
|-damage|p1a: Ting-Lu|83/100
|
|t:|1758311253
|switch|p2a: Landorus|Landorus-Therian, M|100/100|[from] U-turn
|-ability|p2a: Landorus|Intimidate|boost
|-unboost|p1a: Ting-Lu|atk|1
|move|p1a: Ting-Lu|Stealth Rock|p2a: Landorus
|-sidestart|p2: Novax_Og|move: Stealth Rock
|
|-heal|p1a: Ting-Lu|89/100|[from] item: Leftovers
|upkeep
|turn|2
|
|t:|1758311262
|move|p2a: Landorus|Stealth Rock|p1a: Ting-Lu
|-sidestart|p1: esteb4n|move: Stealth Rock
|move|p1a: Ting-Lu|Ruination|p2a: Landorus
|-damage|p2a: Landorus|51/100
|
|-heal|p1a: Ting-Lu|95/100|[from] item: Leftovers
|upkeep
|turn|3
|
|t:|1758311270
|switch|p1a: Corviknight|Corviknight, F|100/100
|-damage|p1a: Corviknight|88/100|[from] Stealth Rock
|-ability|p1a: Corviknight|Pressure
|move|p2a: Landorus|Earthquake|p1a: Corviknight
|-immune|p1a: Corviknight
|
|upkeep
|turn|4
|
|t:|1758311284
|move|p2a: Landorus|U-turn|p1a: Corviknight
|-resisted|p1a: Corviknight
|-damage|p1a: Corviknight|84/100
|-damage|p2a: Landorus|34/100|[from] item: Rocky Helmet|[of] p1a: Corviknight
|
|t:|1758311288
|switch|p2a: Glimmora|Glimmora, M|100/100|[from] U-turn
|-damage|p2a: Glimmora|88/100|[from] Stealth Rock
|move|p1a: Corviknight|Iron Defense|p1a: Corviknight
|-boost|p1a: Corviknight|def|2
|
|upkeep
|turn|5
|
|t:|1758311294
|switch|p1a: Ting-Lu|Ting-Lu|95/100
|-damage|p1a: Ting-Lu|89/100|[from] Stealth Rock
|-ability|p1a: Ting-Lu|Vessel of Ruin
|move|p2a: Glimmora|Meteor Beam||[still]
|-prepare|p2a: Glimmora|Meteor Beam
|-boost|p2a: Glimmora|spa|1
|-enditem|p2a: Glimmora|Power Herb
|-anim|p2a: Glimmora|Meteor Beam|p1a: Ting-Lu
|-resisted|p1a: Ting-Lu
|-damage|p1a: Ting-Lu|68/100
|
|-heal|p1a: Ting-Lu|75/100|[from] item: Leftovers
|upkeep
|turn|6
|
|t:|1758311299
|move|p2a: Glimmora|Mortal Spin|p1a: Ting-Lu
|-resisted|p1a: Ting-Lu
|-damage|p1a: Ting-Lu|73/100
|-status|p1a: Ting-Lu|psn
|-sideend|p2: Novax_Og|Stealth Rock|[from] move: Mortal Spin|[of] p2a: Glimmora
|move|p1a: Ting-Lu|Earthquake|p2a: Glimmora
|-supereffective|p2a: Glimmora
|-damage|p2a: Glimmora|0 fnt
|-activate|p2a: Glimmora|ability: Toxic Debris
|-sidestart|p1: esteb4n|move: Toxic Spikes
|faint|p2a: Glimmora
|
|-heal|p1a: Ting-Lu|79/100 psn|[from] item: Leftovers
|-damage|p1a: Ting-Lu|67/100 psn|[from] psn
|upkeep
|
|t:|1758311305
|switch|p2a: Ogerpon|Ogerpon-Wellspring, F|100/100
|turn|7
|
|t:|1758311326
|switch|p1a: Corviknight|Corviknight, F|84/100
|-damage|p1a: Corviknight|72/100|[from] Stealth Rock
|-ability|p1a: Corviknight|Pressure
|move|p2a: Ogerpon|Ivy Cudgel|p1a: Corviknight|[anim] Ivy Cudgel Water
|-damage|p1a: Corviknight|33/100
|
|upkeep
|turn|8
|
|t:|1758311334
|-terastallize|p1a: Corviknight|Dragon
|move|p2a: Ogerpon|Ivy Cudgel|p1a: Corviknight|[anim] Ivy Cudgel Water
|-resisted|p1a: Corviknight
|-damage|p1a: Corviknight|14/100
|move|p1a: Corviknight|Roost|p1a: Corviknight
|-heal|p1a: Corviknight|64/100
|
|upkeep
|turn|9
|
|t:|1758311344
|switch|p2a: Dragapult|Dragapult, M|100/100
|move|p1a: Corviknight|Roost|p1a: Corviknight
|-heal|p1a: Corviknight|100/100
|
|upkeep
|turn|10
|
|t:|1758311348
|switch|p1a: Slowking|Slowking-Galar, F|100/100
|-sideend|p1: esteb4n|move: Toxic Spikes|[of] p1a: Slowking
|move|p2a: Dragapult|Draco Meteor|p1a: Slowking
|-damage|p1a: Slowking|53/100
|-unboost|p2a: Dragapult|spa|2
|
|upkeep
|turn|11
|
|t:|1758311372
|switch|p2a: Landorus|Landorus-Therian, M|34/100
|-ability|p2a: Landorus|Intimidate|boost
|-unboost|p1a: Slowking|atk|1
|-prepare|p1a: Slowking|Chilly Reception|[premajor]
|move|p1a: Slowking|Chilly Reception|p1a: Slowking
|-weather|Snowscape
|inactive|esteb4n has 120 seconds left.
|
|t:|1758311389
|switch|p1a: Dragapult|Dragapult, F|100/100|[from] Chilly Reception
|-damage|p1a: Dragapult|88/100|[from] Stealth Rock
|
|-weather|Snowscape|[upkeep]
|upkeep
|turn|12
|
|t:|1758311395
|switch|p2a: Kingambit|Kingambit, M|100/100
|-activate|p2a: Kingambit|ability: Supreme Overlord
|-start|p2a: Kingambit|fallen1|[silent]
|move|p1a: Dragapult|Dragon Darts|p2a: Kingambit
|-resisted|p2a: Kingambit
|-damage|p2a: Kingambit|87/100
|-anim|p1a: Dragapult|Dragon Darts|p2a: Kingambit
|-resisted|p2a: Kingambit
|-damage|p2a: Kingambit|74/100
|
|-weather|Snowscape|[upkeep]
|-heal|p2a: Kingambit|80/100|[from] item: Leftovers
|upkeep
|turn|13
|
|t:|1758311409
|switch|p1a: Moltres|Moltres|100/100
|-end|p2a: Kingambit|fallen1|[silent]
|switch|p2a: Dragapult|Dragapult, M|100/100
|
|-weather|Snowscape|[upkeep]
|upkeep
|turn|14
|
|t:|1758311417
|move|p2a: Dragapult|Shadow Ball|p1a: Moltres
|-damage|p1a: Moltres|64/100
|move|p1a: Moltres|Roost|p1a: Moltres
|-heal|p1a: Moltres|100/100
|-singleturn|p1a: Moltres|move: Roost
|
|-weather|Snowscape|[upkeep]
|upkeep
|turn|15
|
|t:|1758311421
|move|p2a: Dragapult|Shadow Ball|p1a: Moltres
|-damage|p1a: Moltres|66/100
|move|p1a: Moltres|Will-O-Wisp|p2a: Dragapult
|-status|p2a: Dragapult|brn
|
|-weather|none
|-damage|p2a: Dragapult|95/100 brn|[from] brn
|upkeep
|turn|16
|
|t:|1758311443
|-terastallize|p2a: Dragapult|Ghost
|move|p2a: Dragapult|Shadow Ball|p1a: Moltres
|-damage|p1a: Moltres|17/100
|move|p1a: Moltres|Roost|p1a: Moltres
|-heal|p1a: Moltres|68/100
|-singleturn|p1a: Moltres|move: Roost
|
|-damage|p2a: Dragapult|89/100 brn|[from] brn
|upkeep
|turn|17
|
|t:|1758311468
|switch|p2a: Ogerpon|Ogerpon-Wellspring, F|100/100
|move|p1a: Moltres|Roost|p1a: Moltres
|-heal|p1a: Moltres|100/100
|-singleturn|p1a: Moltres|move: Roost
|
|upkeep
|turn|18
|
|t:|1758311490
|switch|p1a: Corviknight|Corviknight, F, tera:Dragon|100/100
|-damage|p1a: Corviknight|88/100|[from] Stealth Rock
|-ability|p1a: Corviknight|Pressure
|move|p2a: Ogerpon|Knock Off|p1a: Corviknight
|-damage|p1a: Corviknight|61/100
|-damage|p2a: Ogerpon|84/100|[from] item: Rocky Helmet|[of] p1a: Corviknight
|-enditem|p1a: Corviknight|Rocky Helmet|[from] move: Knock Off|[of] p2a: Ogerpon
|
|upkeep
|turn|19
|
|t:|1758311496
|switch|p2a: Dragapult|Dragapult, M, tera:Ghost|89/100 brn
|move|p1a: Corviknight|Brave Bird|p2a: Dragapult
|-damage|p2a: Dragapult|36/100 brn
|-damage|p1a: Corviknight|47/100|[from] Recoil
|
|-damage|p2a: Dragapult|30/100 brn|[from] brn
|upkeep
|turn|20
|
|t:|1758311501
|switch|p1a: Ting-Lu|Ting-Lu|67/100 psn
|-damage|p1a: Ting-Lu|60/100 psn|[from] Stealth Rock
|-ability|p1a: Ting-Lu|Vessel of Ruin
|move|p2a: Dragapult|Shadow Ball|p1a: Ting-Lu
|-resisted|p1a: Ting-Lu
|-damage|p1a: Ting-Lu|45/100 psn
|
|-heal|p1a: Ting-Lu|51/100 psn|[from] item: Leftovers
|-damage|p1a: Ting-Lu|38/100 psn|[from] psn
|-damage|p2a: Dragapult|24/100 brn|[from] brn
|upkeep
|turn|21
|
|t:|1758311506
|switch|p2a: Landorus|Landorus-Therian, M|34/100
|-ability|p2a: Landorus|Intimidate|boost
|-unboost|p1a: Ting-Lu|atk|1
|move|p1a: Ting-Lu|Stealth Rock|p2a: Landorus
|-sidestart|p2: Novax_Og|move: Stealth Rock
|
|-heal|p1a: Ting-Lu|45/100 psn|[from] item: Leftovers
|-damage|p1a: Ting-Lu|32/100 psn|[from] psn
|upkeep
|turn|22
|
|t:|1758311517
|switch|p1a: Moltres|Moltres|100/100
|move|p2a: Landorus|Earthquake|p1a: Moltres
|-immune|p1a: Moltres
|
|upkeep
|turn|23
|
|t:|1758311534
|switch|p1a: Dragapult|Dragapult, F|88/100
|-damage|p1a: Dragapult|76/100|[from] Stealth Rock
|move|p2a: Landorus|Taunt|p1a: Dragapult
|-start|p1a: Dragapult|move: Taunt
|
|upkeep
|turn|24
|
|t:|1758311542
|move|p1a: Dragapult|Dragon Darts|p2a: Landorus
|-damage|p2a: Landorus|0 fnt
|faint|p2a: Landorus
|
|upkeep
|
|t:|1758311545
|switch|p2a: Iron Valiant|Iron Valiant|100/100
|-damage|p2a: Iron Valiant|94/100|[from] Stealth Rock
|-enditem|p2a: Iron Valiant|Booster Energy
|-activate|p2a: Iron Valiant|ability: Quark Drive|[fromitem]
|-start|p2a: Iron Valiant|quarkdrivespe
|turn|25
|
|t:|1758311549
|switch|p1a: Slowking|Slowking-Galar, F|87/100
|move|p2a: Iron Valiant|Knock Off|p1a: Slowking
|-supereffective|p1a: Slowking
|-damage|p1a: Slowking|27/100
|-enditem|p1a: Slowking|Heavy-Duty Boots|[from] move: Knock Off|[of] p2a: Iron Valiant
|
|upkeep
|turn|26
|
|t:|1758311554
|switch|p1a: Moltres|Moltres|100/100
|move|p2a: Iron Valiant|Knock Off|p1a: Moltres
|-damage|p1a: Moltres|74/100
|-status|p2a: Iron Valiant|brn|[from] ability: Flame Body|[of] p1a: Moltres
|-enditem|p1a: Moltres|Heavy-Duty Boots|[from] move: Knock Off|[of] p2a: Iron Valiant
|
|-damage|p2a: Iron Valiant|88/100 brn|[from] brn
|upkeep
|turn|27
|
|t:|1758311559
|move|p2a: Iron Valiant|Moonblast|p1a: Moltres
|-resisted|p1a: Moltres
|-damage|p1a: Moltres|58/100
|move|p1a: Moltres|Flamethrower|p2a: Iron Valiant
|-damage|p2a: Iron Valiant|7/100 brn
|
|-damage|p2a: Iron Valiant|1/100 brn|[from] brn
|upkeep
|turn|28
|
|t:|1758311563
|move|p2a: Iron Valiant|Encore|p1a: Moltres
|-start|p1a: Moltres|Encore
|move|p1a: Moltres|Flamethrower|p2a: Iron Valiant
|-damage|p2a: Iron Valiant|0 fnt
|faint|p2a: Iron Valiant
|-end|p2a: Iron Valiant|Quark Drive|[silent]
|
|upkeep
|
|t:|1758311566
|switch|p2a: Ogerpon|Ogerpon-Wellspring, F|84/100
|-damage|p2a: Ogerpon|72/100|[from] Stealth Rock
|turn|29
|
|t:|1758311574
|switch|p1a: Ting-Lu|Ting-Lu|32/100 psn
|-damage|p1a: Ting-Lu|26/100 psn|[from] Stealth Rock
|-ability|p1a: Ting-Lu|Vessel of Ruin
|move|p2a: Ogerpon|Ivy Cudgel|p1a: Ting-Lu|[anim] Ivy Cudgel Water
|-supereffective|p1a: Ting-Lu
|-damage|p1a: Ting-Lu|0 fnt
|faint|p1a: Ting-Lu
|
|upkeep
|
|t:|1758311579
|switch|p1a: Dragapult|Dragapult, F|76/100
|-damage|p1a: Dragapult|64/100|[from] Stealth Rock
|turn|30
|
|t:|1758311583
|switch|p2a: Dragapult|Dragapult, M, tera:Ghost|24/100 brn
|-damage|p2a: Dragapult|12/100 brn|[from] Stealth Rock
|move|p1a: Dragapult|U-turn|p2a: Dragapult
|-resisted|p2a: Dragapult
|-damage|p2a: Dragapult|0 fnt
|faint|p2a: Dragapult
|
|t:|1758311589
|switch|p1a: Ogerpon|Ogerpon-Wellspring, F|100/100|[from] U-turn
|-damage|p1a: Ogerpon|88/100|[from] Stealth Rock
|
|upkeep
|
|t:|1758311597
|switch|p2a: Ogerpon|Ogerpon-Wellspring, F|72/100
|-damage|p2a: Ogerpon|59/100|[from] Stealth Rock
|turn|31
|
|t:|1758311604
|switch|p1a: Slowking|Slowking-Galar, F|60/100
|-damage|p1a: Slowking|48/100|[from] Stealth Rock
|move|p2a: Ogerpon|Horn Leech|p1a: Slowking
|-resisted|p1a: Slowking
|-damage|p1a: Slowking|26/100
|-heal|p2a: Ogerpon|74/100|[from] drain|[of] p1a: Slowking
|
|upkeep
|turn|32
|
|t:|1758311610
|move|p2a: Ogerpon|Ivy Cudgel|p1a: Slowking|[anim] Ivy Cudgel Water
|-damage|p1a: Slowking|0 fnt
|faint|p1a: Slowking
|
|upkeep
|
|t:|1758311613
|switch|p1a: Dragapult|Dragapult, F|64/100
|-damage|p1a: Dragapult|51/100|[from] Stealth Rock
|turn|33
|
|t:|1758311617
|move|p1a: Dragapult|U-turn|p2a: Ogerpon
|-supereffective|p2a: Ogerpon
|-damage|p2a: Ogerpon|0 fnt
|faint|p2a: Ogerpon
|
|t:|1758311629
|switch|p1a: Ogerpon|Ogerpon-Wellspring, F|88/100|[from] U-turn
|-damage|p1a: Ogerpon|76/100|[from] Stealth Rock
|
|upkeep
|
|t:|1758311631
|switch|p2a: Kingambit|Kingambit, M|80/100
|-damage|p2a: Kingambit|74/100|[from] Stealth Rock
|-activate|p2a: Kingambit|ability: Supreme Overlord
|-start|p2a: Kingambit|fallen5|[silent]
|turn|34
|
|t:|1758311643
|switch|p1a: Moltres|Moltres|58/100
|-damage|p1a: Moltres|8/100|[from] Stealth Rock
|move|p2a: Kingambit|Sucker Punch||[still]
|-fail|p2a: Kingambit
|
|-heal|p2a: Kingambit|80/100|[from] item: Leftovers
|upkeep
|turn|35
|
|t:|1758311649
|move|p1a: Moltres|Will-O-Wisp|p2a: Kingambit
|-status|p2a: Kingambit|brn
|move|p2a: Kingambit|Kowtow Cleave|p1a: Moltres
|-damage|p1a: Moltres|0 fnt
|faint|p1a: Moltres
|
|-heal|p2a: Kingambit|87/100 brn|[from] item: Leftovers
|-damage|p2a: Kingambit|80/100 brn|[from] brn
|upkeep
|
|t:|1758311654
|switch|p1a: Corviknight|Corviknight, F, tera:Dragon|47/100
|-damage|p1a: Corviknight|35/100|[from] Stealth Rock
|-ability|p1a: Corviknight|Pressure
|turn|36
|c|☆Novax_Og|why did you risk me kowtowing there ?
|
|t:|1758311679
|move|p1a: Corviknight|Body Press|p2a: Kingambit
|-supereffective|p2a: Kingambit
|-damage|p2a: Kingambit|4/100 brn
|move|p2a: Kingambit|Kowtow Cleave|p1a: Corviknight
|-damage|p1a: Corviknight|10/100
|
|-heal|p2a: Kingambit|11/100 brn|[from] item: Leftovers
|-damage|p2a: Kingambit|4/100 brn|[from] brn
|upkeep
|turn|37
|-message|Novax_Og forfeited.
|
|win|esteb4n
|n|☆esteb4n|esteb4n
|n|☆Novax_Og|novaxog
|n|*Lady Monita ☀|ladymonita
|n| Albrtix|albrtix
|n| dfhsdyh|dfhsdyh
|l|*Lady Monita ☀
|c|☆Novax_Og|oh faster
|c|☆esteb4n|?
