|j|☆goddamnaw
|j|☆EpicBoost
|inactive|Battle timer is ON: inactive players will automatically lose when time's up.
|t:|1758310692
|gametype|singles
|player|p1|goddamnaw|miku-ground|
|player|p2|EpicBoost|gentleman-gen2|
|gen|9
|tier|[Gen 9] OU
|rated|Tournament battle
|rule|HP Percentage Mod: HP is shown in percentages
|rule|Endless Battle Clause: Forcing endless battles is banned
|rule|Species Clause: Limit one of each Pokémon
|rule|OHKO Clause: OHKO moves are banned
|rule|Evasion Items Clause: Evasion items are banned
|rule|Evasion Moves Clause: Evasion moves are banned
|rule|Evasion Abilities Clause: Evasion abilities are banned
|rule|Sleep Moves Clause: Sleep-inducing moves are banned
|clearpoke
|poke|p1|Hatterene, F|
|poke|p1|Landorus-Therian, M|
|poke|p1|Zapdos|
|poke|p1|Quaquaval, M|
|poke|p1|Meowscarada, M|
|poke|p1|Ceruledge, M|
|poke|p2|Dondozo, F|
|poke|p2|Blissey, F|
|poke|p2|Corviknight, M|
|poke|p2|Weezing-Galar, F|
|poke|p2|Gliscor, F|
|poke|p2|Toxapex, F|
|teampreview
|j|*Lady Monita ☀
|inactive|goddamnaw also wants the timer to be on.
|c|☆goddamnaw|Oh god...
|c|☆EpicBoost|Dont worry. Definetly not stall
|inactive|EpicBoost has 120 seconds left.
|
|t:|1758310724
|teamsize|p1|6
|teamsize|p2|6
|start
|switch|p1a: Landorus|Landorus-Therian, M|100/100
|switch|p2a: Gliscor|Gliscor, F|100/100
|-ability|p1a: Landorus|Intimidate|boost
|-unboost|p2a: Gliscor|atk|1
|turn|1
|c|☆goddamnaw|Hm... let me doubt haha
|
|t:|1758310730
|move|p1a: Landorus|Taunt|p2a: Gliscor
|-start|p2a: Gliscor|move: Taunt
|move|p2a: Gliscor|Knock Off|p1a: Landorus
|-crit|p1a: Landorus
|-damage|p1a: Landorus|62/100
|-damage|p2a: Gliscor|84/100|[from] item: Rocky Helmet|[of] p1a: Landorus
|-enditem|p1a: Landorus|Rocky Helmet|[from] move: Knock Off|[of] p2a: Gliscor
|
|-status|p2a: Gliscor|tox|[from] item: Toxic Orb
|upkeep
|turn|2
|j| Albrtix
|
|t:|1758310741
|move|p1a: Landorus|Stealth Rock|p2a: Gliscor
|-sidestart|p2: EpicBoost|move: Stealth Rock
|move|p2a: Gliscor|Knock Off|p1a: Landorus
|-damage|p1a: Landorus|52/100
|
|-heal|p2a: Gliscor|97/100 tox|[from] ability: Poison Heal
|upkeep
|turn|3
|
|t:|1758310744
|move|p1a: Landorus|U-turn|p2a: Gliscor
|-resisted|p2a: Gliscor
|-damage|p2a: Gliscor|85/100 tox
|
|t:|1758310749
|switch|p1a: Quaquaval|Quaquaval, M|100/100|[from] U-turn
|move|p2a: Gliscor|Knock Off|p1a: Quaquaval
|-resisted|p1a: Quaquaval
|-damage|p1a: Quaquaval|91/100
|-enditem|p1a: Quaquaval|Assault Vest|[from] move: Knock Off|[of] p2a: Gliscor
|
|-heal|p2a: Gliscor|98/100 tox|[from] ability: Poison Heal
|-end|p2a: Gliscor|move: Taunt
|upkeep
|turn|4
|
|t:|1758310770
|switch|p2a: Toxapex|Toxapex, F|100/100
|-damage|p2a: Toxapex|88/100|[from] Stealth Rock
|move|p1a: Quaquaval|Triple Axel|p2a: Toxapex
|-resisted|p2a: Toxapex
|-damage|p2a: Toxapex|85/100
|-hitcount|p2a: Toxapex|1
|
|-heal|p2a: Toxapex|92/100|[from] item: Leftovers
|upkeep
|turn|5
|
|t:|1758310782
|switch|p1a: Zapdos|Zapdos|100/100
|move|p2a: Toxapex|Toxic|p1a: Zapdos
|-status|p1a: Zapdos|tox
|
|-heal|p2a: Toxapex|98/100|[from] item: Leftovers
|-damage|p1a: Zapdos|94/100 tox|[from] psn
|upkeep
|turn|6
|
|t:|1758310792
|switch|p1a: Quaquaval|Quaquaval, M|91/100
|switch|p2a: Blissey|Blissey, F|100/100
|-damage|p2a: Blissey|88/100|[from] Stealth Rock
|
|-heal|p2a: Blissey|94/100|[from] item: Leftovers
|upkeep
|turn|7
|
|t:|1758310800
|switch|p2a: Toxapex|Toxapex, F|100/100
|-damage|p2a: Toxapex|88/100|[from] Stealth Rock
|move|p1a: Quaquaval|Brick Break|p2a: Toxapex
|-resisted|p2a: Toxapex
|-damage|p2a: Toxapex|74/100
|
|-heal|p2a: Toxapex|80/100|[from] item: Leftovers
|upkeep
|turn|8
|
|t:|1758310808
|switch|p1a: Zapdos|Zapdos|94/100 tox
|move|p2a: Toxapex|Toxic|p1a: Zapdos
|-fail|p1a: Zapdos|tox
|
|-heal|p2a: Toxapex|87/100|[from] item: Leftovers
|-damage|p1a: Zapdos|88/100 tox|[from] psn
|upkeep
|turn|9
|
|t:|1758310813
|switch|p2a: Blissey|Blissey, F|94/100
|-damage|p2a: Blissey|82/100|[from] Stealth Rock
|move|p1a: Zapdos|Volt Switch|p2a: Blissey
|-damage|p2a: Blissey|70/100
|
|t:|1758310817
|switch|p1a: Quaquaval|Quaquaval, M|91/100|[from] Volt Switch
|
|-heal|p2a: Blissey|76/100|[from] item: Leftovers
|upkeep
|turn|10
|
|t:|1758310820
|switch|p2a: Toxapex|Toxapex, F|100/100
|-damage|p2a: Toxapex|88/100|[from] Stealth Rock
|move|p1a: Quaquaval|Knock Off|p2a: Toxapex
|-damage|p2a: Toxapex|64/100
|-enditem|p2a: Toxapex|Leftovers|[from] move: Knock Off|[of] p1a: Quaquaval
|
|upkeep
|turn|11
|
|t:|1758310826
|switch|p1a: Zapdos|Zapdos|88/100 tox
|move|p2a: Toxapex|Toxic Spikes|p1a: Zapdos
|-sidestart|p1: goddamnaw|move: Toxic Spikes
|
|-damage|p1a: Zapdos|82/100 tox|[from] psn
|upkeep
|turn|12
|
|t:|1758310835
|move|p1a: Zapdos|Volt Switch|p2a: Toxapex
|-supereffective|p2a: Toxapex
|-damage|p2a: Toxapex|22/100
|
|t:|1758310840
|switch|p1a: Landorus|Landorus-Therian, M|52/100|[from] Volt Switch
|-ability|p1a: Landorus|Intimidate|boost
|-unboost|p2a: Toxapex|atk|1
|move|p2a: Toxapex|Recover|p2a: Toxapex
|-heal|p2a: Toxapex|72/100
|
|upkeep
|turn|13
|
|t:|1758310849
|switch|p2a: Gliscor|Gliscor, F|98/100 tox
|-damage|p2a: Gliscor|85/100 tox|[from] Stealth Rock
|move|p1a: Landorus|Taunt|p2a: Gliscor
|-start|p2a: Gliscor|move: Taunt
|
|-heal|p2a: Gliscor|98/100 tox|[from] ability: Poison Heal
|upkeep
|turn|14
|
|t:|1758310853
|move|p1a: Landorus|U-turn|p2a: Gliscor
|-resisted|p2a: Gliscor
|-damage|p2a: Gliscor|86/100 tox
|
|t:|1758310856
|switch|p1a: Quaquaval|Quaquaval, M|91/100|[from] U-turn
|-status|p1a: Quaquaval|psn
|move|p2a: Gliscor|Knock Off|p1a: Quaquaval
|-resisted|p1a: Quaquaval
|-damage|p1a: Quaquaval|80/100 psn
|
|-damage|p1a: Quaquaval|68/100 psn|[from] psn
|-heal|p2a: Gliscor|99/100 tox|[from] ability: Poison Heal
|upkeep
|turn|15
|c|☆goddamnaw|Not stall hm ?
|c|☆EpicBoost|Definetly not
|
|t:|1758310866
|switch|p2a: Toxapex|Toxapex, F|100/100
|-damage|p2a: Toxapex|88/100|[from] Stealth Rock
|move|p1a: Quaquaval|Triple Axel|p2a: Toxapex|[miss]
|-miss|p1a: Quaquaval|p2a: Toxapex
|
|-damage|p1a: Quaquaval|56/100 psn|[from] psn
|upkeep
|turn|16
|c|☆EpicBoost|See I used knock off
|c|☆EpicBoost|not a status move
|
|t:|1758310884
|switch|p1a: Landorus|Landorus-Therian, M|52/100
|-ability|p1a: Landorus|Intimidate|boost
|-unboost|p2a: Toxapex|atk|1
|move|p2a: Toxapex|Toxic Spikes|p1a: Landorus
|-sidestart|p1: goddamnaw|move: Toxic Spikes
|
|upkeep
|turn|17
|c|☆goddamnaw|Hahaha
|
|t:|1758310894
|switch|p2a: Gliscor|Gliscor, F|99/100 tox
|-damage|p2a: Gliscor|86/100 tox|[from] Stealth Rock
|move|p1a: Landorus|U-turn|p2a: Gliscor
|-resisted|p2a: Gliscor
|-crit|p2a: Gliscor
|-damage|p2a: Gliscor|70/100 tox
|
|t:|1758310900
|switch|p1a: Meowscarada|Meowscarada, M|100/100|[from] U-turn
|-status|p1a: Meowscarada|tox
|
|-damage|p1a: Meowscarada|94/100 tox|[from] psn
|-heal|p2a: Gliscor|82/100 tox|[from] ability: Poison Heal
|upkeep
|turn|18
|
|t:|1758310910
|switch|p2a: Corviknight|Corviknight, M|100/100
|-damage|p2a: Corviknight|88/100|[from] Stealth Rock
|-ability|p2a: Corviknight|Pressure
|move|p1a: Meowscarada|Knock Off|p2a: Corviknight
|-start|p1a: Meowscarada|typechange|Dark|[from] ability: Protean
|-damage|p2a: Corviknight|46/100
|-enditem|p2a: Corviknight|Leftovers|[from] move: Knock Off|[of] p1a: Meowscarada
|
|-damage|p1a: Meowscarada|82/100 tox|[from] psn
|upkeep
|turn|19
|
|t:|1758310922
|switch|p1a: Zapdos|Zapdos|82/100 tox
|move|p2a: Corviknight|Roost|p2a: Corviknight
|-heal|p2a: Corviknight|96/100
|-singleturn|p2a: Corviknight|move: Roost
|
|-damage|p1a: Zapdos|76/100 tox|[from] psn
|upkeep
|turn|20
|
|t:|1758310927
|switch|p2a: Blissey|Blissey, F|76/100
|-damage|p2a: Blissey|64/100|[from] Stealth Rock
|move|p1a: Zapdos|Volt Switch|p2a: Blissey
|-damage|p2a: Blissey|52/100
|
|t:|1758310932
|switch|p1a: Quaquaval|Quaquaval, M|56/100 psn|[from] Volt Switch
|
|-heal|p2a: Blissey|59/100|[from] item: Leftovers
|-damage|p1a: Quaquaval|44/100 psn|[from] psn
|upkeep
|turn|21
|
|t:|1758310934
|switch|p2a: Toxapex|Toxapex, F|100/100
|-damage|p2a: Toxapex|88/100|[from] Stealth Rock
|move|p1a: Quaquaval|Brick Break|p2a: Toxapex
|-resisted|p2a: Toxapex
|-damage|p2a: Toxapex|75/100
|
|-damage|p1a: Quaquaval|31/100 psn|[from] psn
|upkeep
|turn|22
|
|t:|1758310942
|switch|p1a: Landorus|Landorus-Therian, M|52/100
|-ability|p1a: Landorus|Intimidate|boost
|-unboost|p2a: Toxapex|atk|1
|switch|p2a: Corviknight|Corviknight, M|96/100
|-damage|p2a: Corviknight|84/100|[from] Stealth Rock
|-ability|p2a: Corviknight|Pressure
|
|upkeep
|turn|23
|
|t:|1758310946
|move|p1a: Landorus|U-turn|p2a: Corviknight
|-resisted|p2a: Corviknight
|-damage|p2a: Corviknight|80/100
|
|t:|1758310949
|switch|p1a: Meowscarada|Meowscarada, M|82/100 tox|[from] U-turn
|move|p2a: Corviknight|Iron Defense|p2a: Corviknight
|-boost|p2a: Corviknight|def|2
|
|-damage|p1a: Meowscarada|76/100 tox|[from] psn
|upkeep
|turn|24
|
|t:|1758310953
|move|p1a: Meowscarada|U-turn|p2a: Corviknight
|-start|p1a: Meowscarada|typechange|Bug|[from] ability: Protean
|-resisted|p2a: Corviknight
|-damage|p2a: Corviknight|76/100
|c|☆goddamnaw|Yeah
|c|☆goddamnaw|Gg
|-message|goddamnaw forfeited.
|
|win|EpicBoost
|n|☆goddamnaw|goddamnaw
|n|☆EpicBoost|epicboost
|n|*Lady Monita ☀|ladymonita
|n| Albrtix|albrtix
|l|*Lady Monita ☀
|c|☆EpicBoost|gg
