|j|☆Nerf Woger
|j|☆Pherusa
|inactive|Battle timer is ON: inactive players will automatically lose when time's up.
|t:|1758311190
|gametype|singles
|player|p1|Nerf Woger|evelyn|
|player|p2|Pherusa|mira|
|gen|9
|tier|[Gen 9] OU
|rated|Tournament battle
|rule|HP Percentage Mod: HP is shown in percentages
|rule|Endless Battle Clause: Forcing endless battles is banned
|rule|Species Clause: Limit one of each Pokémon
|rule|OHKO Clause: OHKO moves are banned
|rule|Evasion Items Clause: Evasion items are banned
|rule|Evasion Moves Clause: Evasion moves are banned
|rule|Evasion Abilities Clause: Evasion abilities are banned
|rule|Sleep Moves Clause: Sleep-inducing moves are banned
|clearpoke
|poke|p1|Araquanid, F|
|poke|p1|Iron Treads|
|poke|p1|Cinderace, M|
|poke|p1|Kingambit, M|
|poke|p1|Pecharunt|
|poke|p1|Dragonite, F|
|poke|p2|Ribombee, F|
|poke|p2|Great Tusk|
|poke|p2|Gholdengo|
|poke|p2|Manaphy|
|poke|p2|Kingambit, M|
|poke|p2|Iron Valiant|
|teampreview
|j|*Lady Monita ☀
|inactive|Nerf Woger also wants the timer to be on.
|inactive|Pherusa also wants the timer to be on.
|c|☆Nerf Woger|did I play you before
|c|☆Nerf Woger|hf
|j| Albrtix
|c|☆Pherusa|idk
|c|☆Pherusa|glhf
|inactive|Pherusa has 120 seconds left.
|
|t:|1758311230
|teamsize|p1|6
|teamsize|p2|6
|start
|switch|p1a: Araquanid|Araquanid, F, shiny|100/100
|switch|p2a: Ribombee|Ribombee, F|100/100
|turn|1
|
|t:|1758311239
|move|p2a: Ribombee|Sticky Web|p1a: Araquanid
|-sidestart|p1: Nerf Woger|move: Sticky Web
|move|p1a: Araquanid|Sticky Web|p2a: Ribombee
|-sidestart|p2: Pherusa|move: Sticky Web
|
|upkeep
|turn|2
|
|t:|1758311244
|move|p2a: Ribombee|Skill Swap|p1a: Araquanid
|-activate|p2a: Ribombee|move: Skill Swap|Water Bubble|Shield Dust|[of] p1a: Araquanid
|move|p1a: Araquanid|Liquidation|p2a: Ribombee
|-damage|p2a: Ribombee|67/100
|-unboost|p2a: Ribombee|def|1
|
|upkeep
|turn|3
|
|t:|1758311252
|move|p2a: Ribombee|Moonblast|p1a: Araquanid
|-damage|p1a: Araquanid|73/100
|move|p1a: Araquanid|Liquidation|p2a: Ribombee
|-damage|p2a: Ribombee|14/100
|-unboost|p2a: Ribombee|def|1
|
|upkeep
|turn|4
|
|t:|1758311256
|move|p2a: Ribombee|Moonblast|p1a: Araquanid
|-damage|p1a: Araquanid|47/100
|move|p1a: Araquanid|Liquidation|p2a: Ribombee
|-damage|p2a: Ribombee|0 fnt
|faint|p2a: Ribombee
|
|upkeep
|
|t:|1758311270
|switch|p2a: Gholdengo|Gholdengo|100/100
|-item|p2a: Gholdengo|Air Balloon
|turn|5
|
|t:|1758311278
|move|p2a: Gholdengo|Nasty Plot|p2a: Gholdengo
|-boost|p2a: Gholdengo|spa|2
|move|p1a: Araquanid|Liquidation|p2a: Gholdengo
|-damage|p2a: Gholdengo|75/100
|-enditem|p2a: Gholdengo|Air Balloon
|
|upkeep
|turn|6
|
|t:|1758311281
|move|p2a: Gholdengo|Shadow Ball|p1a: Araquanid
|-damage|p1a: Araquanid|0 fnt
|faint|p1a: Araquanid
|
|upkeep
|
|t:|1758311292
|switch|p1a: Pecharunt|Pecharunt|100/100
|-item|p1a: Pecharunt|Air Balloon
|turn|7
|
|t:|1758311295
|move|p1a: Pecharunt|Shadow Ball|p2a: Gholdengo
|-supereffective|p2a: Gholdengo
|-damage|p2a: Gholdengo|0 fnt
|faint|p2a: Gholdengo
|
|upkeep
|
|t:|1758311298
|switch|p2a: Great Tusk|Great Tusk|100/100
|-activate|p2a: Great Tusk|move: Sticky Web
|-unboost|p2a: Great Tusk|spe|1
|-enditem|p2a: Great Tusk|Booster Energy
|-activate|p2a: Great Tusk|ability: Protosynthesis|[fromitem]
|-start|p2a: Great Tusk|protosynthesisatk
|turn|8
|
|t:|1758311304
|move|p1a: Pecharunt|Nasty Plot|p1a: Pecharunt
|-boost|p1a: Pecharunt|spa|2
|move|p2a: Great Tusk|Headlong Rush|p1a: Pecharunt
|-immune|p1a: Pecharunt
|
|upkeep
|turn|9
|c|☆Pherusa|oops misclick
|c|☆Nerf Woger|rip
|
|t:|1758311315
|move|p1a: Pecharunt|Nasty Plot|p1a: Pecharunt
|-boost|p1a: Pecharunt|spa|2
|move|p2a: Great Tusk|Head Smash|p1a: Pecharunt
|-damage|p1a: Pecharunt|48/100
|-enditem|p1a: Pecharunt|Air Balloon
|-damage|p2a: Great Tusk|78/100|[from] Recoil
|
|upkeep
|turn|10
|
|t:|1758311322
|move|p1a: Pecharunt|Shadow Ball|p2a: Great Tusk
|-damage|p2a: Great Tusk|0 fnt
|faint|p2a: Great Tusk
|-end|p2a: Great Tusk|Protosynthesis|[silent]
|
|upkeep
|
|t:|1758311328
|switch|p2a: Kingambit|Kingambit, M|100/100
|-activate|p2a: Kingambit|ability: Supreme Overlord
|-start|p2a: Kingambit|fallen3|[silent]
|-item|p2a: Kingambit|Air Balloon
|turn|11
|c|☆Nerf Woger|head smash tusk?
|c|☆Pherusa|oui
|c|☆Nerf Woger|not the worst ig
|
|t:|1758311343
|-terastallize|p1a: Pecharunt|Fighting
|move|p1a: Pecharunt|Tera Blast|p2a: Kingambit|[anim] Tera Blast Fighting
|-supereffective|p2a: Kingambit
|-crit|p2a: Kingambit
|-damage|p2a: Kingambit|0 fnt
|-enditem|p2a: Kingambit|Air Balloon
|faint|p2a: Kingambit
|-end|p2a: Kingambit|fallen3|[silent]
|
|upkeep
|c|☆Nerf Woger|considering mine
|
|t:|1758311348
|switch|p2a: Iron Valiant|Iron Valiant|100/100
|-activate|p2a: Iron Valiant|move: Sticky Web
|-unboost|p2a: Iron Valiant|spe|1
|-enditem|p2a: Iron Valiant|Booster Energy
|-activate|p2a: Iron Valiant|ability: Quark Drive|[fromitem]
|-start|p2a: Iron Valiant|quarkdrivespa
|turn|12
|
|t:|1758311365
|move|p2a: Iron Valiant|Vacuum Wave|p1a: Pecharunt
|-damage|p1a: Pecharunt|20/100
|move|p1a: Pecharunt|Shadow Ball|p2a: Iron Valiant
|-damage|p2a: Iron Valiant|0 fnt
|faint|p2a: Iron Valiant
|-end|p2a: Iron Valiant|Quark Drive|[silent]
|
|upkeep
|
|t:|1758311367
|switch|p2a: Manaphy|Manaphy|100/100
|-activate|p2a: Manaphy|move: Sticky Web
|-unboost|p2a: Manaphy|spe|1
|turn|13
|c|☆Pherusa|gg
|c|☆Nerf Woger|gg
|
|t:|1758311378
|move|p1a: Pecharunt|Malignant Chain|p2a: Manaphy
|-damage|p2a: Manaphy|0 fnt
|faint|p2a: Manaphy
|
|win|Nerf Woger
|n|☆Nerf Woger|nerfwoger
|n|☆Pherusa|pherusa
|n|*Lady Monita ☀|ladymonita
|n| Albrtix|albrtix
|l|*Lady Monita ☀
|l|☆Pherusa
|player|p2|
|l|☆Nerf Woger
|player|p1|
