|j|☆Scepticskep
|j|☆ripwal11
|t:|1758300028
|gametype|singles
|player|p1|Scepticskep|101|1454
|player|p2|ripwal11|169|1476
|gen|9
|tier|[Gen 9] OU
|rated|
|rule|HP Percentage Mod: HP is shown in percentages
|rule|Endless Battle Clause: Forcing endless battles is banned
|rule|Species Clause: Limit one of each Pokémon
|rule|OHKO Clause: OHKO moves are banned
|rule|Evasion Items Clause: Evasion items are banned
|rule|Evasion Moves Clause: Evasion moves are banned
|rule|Evasion Abilities Clause: Evasion abilities are banned
|rule|Sleep Moves Clause: Sleep-inducing moves are banned
|clearpoke
|poke|p1|Indeedee, M|
|poke|p1|Hatterene, F|
|poke|p1|Ursaluna, F|
|poke|p1|Iron Hands|
|poke|p1|Hoopa-Unbound|
|poke|p1|Mimikyu, F|
|poke|p2|Indeedee, M|
|poke|p2|Hatterene, F|
|poke|p2|Ursaluna, F|
|poke|p2|Iron Hands|
|poke|p2|Hoopa-Unbound|
|poke|p2|Mimikyu, F|
|teampreview
|inactive|Battle timer is ON: inactive players will automatically lose when time's up. (requested by Scepticskep)
|c|☆ripwal11|mmmmmm
|c|☆ripwal11|ok
|c|☆Scepticskep|lmao
|
|t:|1758300042
|teamsize|p1|6
|teamsize|p2|6
|start
|switch|p1a: Subaru|Indeedee, M, shiny|100/100
|switch|p2a: LEBRON|Iron Hands, shiny|100/100
|-fieldstart|move: Psychic Terrain|[from] ability: Psychic Surge|[of] p1a: Subaru
|-enditem|p2a: LEBRON|Booster Energy
|-activate|p2a: LEBRON|ability: Quark Drive|[fromitem]
|-start|p2a: LEBRON|quarkdriveatk
|turn|1
|c|☆ripwal11|set up trick room for me pretty please :P
|
|t:|1758300054
|move|p1a: Subaru|Expanding Force|p2a: LEBRON
|-supereffective|p2a: LEBRON
|-damage|p2a: LEBRON|17/100
|move|p2a: LEBRON|Close Combat|p1a: Subaru
|-damage|p1a: Subaru|6/100
|-unboost|p2a: LEBRON|def|1
|-unboost|p2a: LEBRON|spd|1
|
|upkeep
|turn|2
|
|t:|1758300068
|-end|p2a: LEBRON|Quark Drive|[silent]
|switch|p2a: Satella|Hatterene, F, shiny|100/100
|move|p1a: Subaru|Expanding Force|p2a: Satella
|-resisted|p2a: Satella
|-damage|p2a: Satella|70/100
|
|upkeep
|turn|3
|
|t:|1758300081
|switch|p1a: Mimi|Mimikyu, F, shiny|100/100
|move|p2a: Satella|Trick Room|p2a: Satella
|-fieldstart|move: Trick Room|[of] p2a: Satella
|
|upkeep
|turn|4
|
|t:|1758300090
|move|p2a: Satella|Expanding Force|p1a: Mimi
|-activate|p1a: Mimi|ability: Disguise
|-damage|p1a: Mimi|100/100
|detailschange|p1a: Mimi|Mimikyu-Busted, F, shiny
|-damage|p1a: Mimi|88/100|[from] pokemon: Mimikyu-Busted
|-enditem|p1a: Mimi|Red Card|[of] p2a: Satella
|drag|p2a: LEBRON|Iron Hands, shiny|17/100
|move|p1a: Mimi|Trick Room|p1a: Mimi
|-fieldend|move: Trick Room
|
|upkeep
|turn|5
|
|t:|1758300107
|-end|p2a: LEBRON|Quark Drive|[silent]
|switch|p2a: Crashout YN|Ursaluna, F, shiny|100/100
|move|p1a: Mimi|Play Rough|p2a: Crashout YN
|-damage|p2a: Crashout YN|80/100
|
|-status|p2a: Crashout YN|brn|[from] item: Flame Orb
|upkeep
|turn|6
|
|t:|1758300115
|move|p1a: Mimi|Destiny Bond|p1a: Mimi
|-singlemove|p1a: Mimi|Destiny Bond
|move|p2a: Crashout YN|Headlong Rush|p1a: Mimi
|-damage|p1a: Mimi|0 fnt
|-unboost|p2a: Crashout YN|def|1
|-unboost|p2a: Crashout YN|spd|1
|faint|p1a: Mimi
|-activate|p1a: Mimi|move: Destiny Bond
|faint|p2a: Crashout YN
|
|upkeep
|c|☆ripwal11|I'M
|c|☆ripwal11|FUCKING
|c|☆ripwal11|STUPID
|
|t:|1758300132
|switch|p1a: LEBRON|Iron Hands, shiny|100/100
|switch|p2a: King Von|Hoopa-Unbound|100/100
|-enditem|p2a: King Von|Psychic Seed
|-boost|p2a: King Von|spd|1|[from] item: Psychic Seed
|-enditem|p1a: LEBRON|Booster Energy
|-activate|p1a: LEBRON|ability: Quark Drive|[fromitem]
|-start|p1a: LEBRON|quarkdriveatk
|turn|7
|
|t:|1758300150
|-end|p1a: LEBRON|Quark Drive|[silent]
|switch|p1a: Subaru|Indeedee, M, shiny|6/100
|move|p2a: King Von|Expanding Force|p1a: Subaru
|-resisted|p1a: Subaru
|-damage|p1a: Subaru|0 fnt
|faint|p1a: Subaru
|-item|p2a: King Von|Terrain Extender|[from] ability: Magician|[of] p1: Subaru
|
|upkeep
|
|t:|1758300154
|switch|p1a: King Von|Hoopa-Unbound|100/100
|-enditem|p1a: King Von|Psychic Seed
|-boost|p1a: King Von|spd|1|[from] item: Psychic Seed
|turn|8
|
|t:|1758300172
|move|p2a: King Von|Hyperspace Fury|p1a: King Von
|-damage|p1a: King Von|41/100
|-unboost|p2a: King Von|def|1
|move|p1a: King Von|Hyperspace Fury|p2a: King Von
|-damage|p2a: King Von|6/100
|-unboost|p1a: King Von|def|1
|-item|p1a: King Von|Terrain Extender|[from] ability: Magician|[of] p2a: King Von
|
|-fieldend|move: Psychic Terrain
|upkeep
|turn|9
|c|☆Scepticskep|mimikyu moment
|
|t:|1758300179
|move|p1a: King Von|Hyperspace Fury|p2a: King Von
|-damage|p2a: King Von|0 fnt
|-unboost|p1a: King Von|def|1
|faint|p2a: King Von
|
|upkeep
|c|☆Scepticskep|skillful speed tie win there
|
|t:|1758300191
|switch|p2a: Mimi|Mimikyu, F, shiny|100/100
|turn|10
|
|t:|1758300197
|move|p2a: Mimi|Play Rough|p1a: King Von
|-supereffective|p1a: King Von
|-damage|p1a: King Von|0 fnt
|faint|p1a: King Von
|
|upkeep
|
|t:|1758300202
|switch|p1a: LEBRON|Iron Hands, shiny|100/100
|turn|11
|c|☆ripwal11|ye
|inactive|ripwal11 has 120 seconds left.
|inactive|ripwal11 has 90 seconds left.
|c|☆ripwal11|idk what to do
|inactive|ripwal11 has 60 seconds left.
|
|t:|1758300300
|move|p2a: Mimi|Play Rough|p1a: LEBRON|[miss]
|-miss|p2a: Mimi|p1a: LEBRON
|move|p1a: LEBRON|Heavy Slam|p2a: Mimi
|-activate|p2a: Mimi|ability: Disguise
|-damage|p2a: Mimi|100/100
|detailschange|p2a: Mimi|Mimikyu-Busted, F, shiny
|-damage|p2a: Mimi|88/100|[from] pokemon: Mimikyu-Busted
|-enditem|p2a: Mimi|Red Card|[of] p1a: LEBRON
|-end|p1a: LEBRON|Quark Drive|[silent]
|drag|p1a: Satella|Hatterene, F, shiny|100/100
|
|upkeep
|turn|12
|inactive|ripwal11 has 60 seconds left.
|
|t:|1758300306
|move|p2a: Mimi|Curse|p1a: Satella
|-start|p1a: Satella|Curse|[of] p2a: Mimi
|-damage|p2a: Mimi|38/100
|move|p1a: Satella|Trick Room|p1a: Satella
|-fieldstart|move: Trick Room|[of] p1a: Satella
|
|-damage|p1a: Satella|76/100|[from] Curse
|upkeep
|turn|13
|inactive|ripwal11 has 60 seconds left.
|
|t:|1758300330
|move|p1a: Satella|Draining Kiss|p2a: Mimi
|-damage|p2a: Mimi|0 fnt
|-heal|p1a: Satella|100/100|[from] drain|[of] p2a: Mimi
|faint|p2a: Mimi
|-damage|p1a: Satella|91/100|[from] item: Life Orb
|
|-damage|p1a: Satella|66/100|[from] Curse
|upkeep
|
|t:|1758300344
|switch|p2a: Satella|Hatterene, F, shiny|70/100
|turn|14
|
|t:|1758300349
|-terastallize|p1a: Satella|Fire
|move|p1a: Satella|Mystical Fire|p2a: Satella
|-damage|p2a: Satella|13/100
|-unboost|p2a: Satella|spa|1
|-damage|p1a: Satella|56/100|[from] item: Life Orb
|move|p2a: Satella|Draining Kiss|p1a: Satella
|-resisted|p1a: Satella
|-damage|p1a: Satella|42/100
|-heal|p2a: Satella|24/100|[from] drain|[of] p1a: Satella
|-damage|p2a: Satella|14/100|[from] item: Life Orb
|
|-damage|p1a: Satella|18/100|[from] Curse
|upkeep
|turn|15
|inactive|ripwal11 has 60 seconds left.
|
|t:|1758300361
|move|p2a: Satella|Expanding Force|p1a: Satella
|-crit|p1a: Satella
|-damage|p1a: Satella|0 fnt
|faint|p1a: Satella
|-damage|p2a: Satella|4/100|[from] item: Life Orb
|
|upkeep
|
|t:|1758300366
|switch|p1a: Crashout YN|Ursaluna, F, shiny|100/100
|turn|16
|c|☆ripwal11|skillful speed tie win
|inactive|ripwal11 has 60 seconds left.
|c|☆Scepticskep|skillful crit yes yes
|c|☆ripwal11|crit didn't matter
|c|☆Scepticskep|yeah probably lol
|c|☆ripwal11|not probably
|
|t:|1758300392
|move|p2a: Satella|Expanding Force|p1a: Crashout YN
|-damage|p1a: Crashout YN|65/100
|-damage|p2a: Satella|0 fnt|[from] item: Life Orb
|faint|p2a: Satella
|move|p1a: Crashout YN|Facade|p2: Satella|[notarget]
|-fail|p1a: Crashout YN
|
|-fieldend|move: Trick Room
|-status|p1a: Crashout YN|brn|[from] item: Flame Orb
|upkeep
|
|t:|1758300407
|switch|p2a: LEBRON|Iron Hands, shiny|17/100
|turn|17
|
|t:|1758300411
|move|p2a: LEBRON|Close Combat|p1a: Crashout YN
|-supereffective|p1a: Crashout YN
|-damage|p1a: Crashout YN|0 fnt
|-unboost|p2a: LEBRON|def|1
|-unboost|p2a: LEBRON|spd|1
|faint|p1a: Crashout YN
|
|upkeep
|
|t:|1758300413
|switch|p1a: LEBRON|Iron Hands, shiny|100/100
|turn|18
|inactive|ripwal11 has 60 seconds left.
|
|t:|1758300430
|move|p1a: LEBRON|Supercell Slam|p2a: LEBRON
|-resisted|p2a: LEBRON
|-damage|p2a: LEBRON|0 fnt
|faint|p2a: LEBRON
|-end|p2a: LEBRON|Quark Drive|[silent]
|
|upkeep
|
|t:|1758300432
|switch|p2a: Subaru|Indeedee, M, shiny|100/100
|-fieldstart|move: Psychic Terrain|[from] ability: Psychic Surge|[of] p2a: Subaru
|turn|19
|
|t:|1758300435
|move|p2a: Subaru|Expanding Force|p1a: LEBRON
|-supereffective|p1a: LEBRON
|-damage|p1a: LEBRON|20/100
|move|p1a: LEBRON|Close Combat|p2a: Subaru
|-damage|p2a: Subaru|18/100
|-unboost|p1a: LEBRON|def|1
|-unboost|p1a: LEBRON|spd|1
|
|upkeep
|turn|20
|c|☆ripwal11|gg
|c|☆ripwal11|wp
|
|t:|1758300441
|move|p2a: Subaru|Expanding Force|p1a: LEBRON
|-supereffective|p1a: LEBRON
|-damage|p1a: LEBRON|0 fnt
|faint|p1a: LEBRON
|-end|p1a: LEBRON|Quark Drive|[silent]
|
|win|ripwal11
|raw|Scepticskep's rating: 1454 &rarr; <strong>1435</strong><br />(-19 for losing)
|raw|ripwal11's rating: 1476 &rarr; <strong>1495</strong><br />(+19 for winning)
|c|☆Scepticskep|ggs
|c|☆Scepticskep|it's a good team
|l|☆Scepticskep
|player|p1|
