|j|☆Dio_Eleutherios
|j|☆Enchidio
|t:|1758341580
|gametype|singles
|player|p1|Dio_Eleutherios|parasollady|1349
|player|p2|Enchidio|gambler|1398
|gen|9
|tier|[Gen 9] OU
|rated|
|rule|HP Percentage Mod: HP is shown in percentages
|rule|Endless Battle Clause: Forcing endless battles is banned
|rule|Species Clause: Limit one of each Pokémon
|rule|OHKO Clause: OHKO moves are banned
|rule|Evasion Items Clause: Evasion items are banned
|rule|Evasion Moves Clause: Evasion moves are banned
|rule|Evasion Abilities Clause: Evasion abilities are banned
|rule|Sleep Moves Clause: Sleep-inducing moves are banned
|clearpoke
|poke|p1|Dragonite, M|
|poke|p1|Gholdengo|
|poke|p1|Great Tusk|
|poke|p1|Garganacl, F|
|poke|p1|Alomomola, M|
|poke|p1|Raging Bolt|
|poke|p2|Gliscor, F|
|poke|p2|Weezing-Galar, F|
|poke|p2|Corviknight, M|
|poke|p2|Ting-Lu|
|poke|p2|Alomomola, M|
|poke|p2|Kyurem|
|teampreview
|c|☆Enchidio|glhf
|
|t:|1758341606
|teamsize|p1|6
|teamsize|p2|6
|start
|switch|p1a: Garganacl|Garganacl, F|100/100
|switch|p2a: GENTLEMAN by PSY|Weezing-Galar, F|100/100
|-ability|p2a: GENTLEMAN by PSY|Neutralizing Gas
|turn|1
|c|☆Dio_Eleutherios|f u
|
|t:|1758341615
|move|p2a: GENTLEMAN by PSY|Will-O-Wisp|p1a: Garganacl
|-status|p1a: Garganacl|brn
|move|p1a: Garganacl|Salt Cure|p2a: GENTLEMAN by PSY
|-damage|p2a: GENTLEMAN by PSY|96/100
|-start|p2a: GENTLEMAN by PSY|Salt Cure
|
|-damage|p1a: Garganacl|94/100 brn|[from] brn
|-damage|p2a: GENTLEMAN by PSY|84/100|[from] Salt Cure
|upkeep
|turn|2
|
|t:|1758341629
|-end|p2a: GENTLEMAN by PSY|ability: Neutralizing Gas
|switch|p2a: laufey|Alomomola, M|100/100
|move|p1a: Garganacl|Stealth Rock|p2a: laufey
|-sidestart|p2: Enchidio|move: Stealth Rock
|
|-heal|p1a: Garganacl|100/100 brn|[from] item: Leftovers
|-damage|p1a: Garganacl|94/100 brn|[from] brn
|upkeep
|turn|3
|
|t:|1758341638
|switch|p1a: Raging Bolt|Raging Bolt|100/100
|move|p2a: laufey|Flip Turn|p1a: Raging Bolt
|-resisted|p1a: Raging Bolt
|-damage|p1a: Raging Bolt|93/100
|inactive|Battle timer is ON: inactive players will automatically lose when time's up. (requested by Dio_Eleutherios)
|
|t:|1758341702
|switch|p2a: Baki from Baki|Ting-Lu|100/100|[from] Flip Turn
|-damage|p2a: Baki from Baki|94/100|[from] Stealth Rock
|-ability|p2a: Baki from Baki|Vessel of Ruin
|
|-heal|p2a: Baki from Baki|100/100|[from] item: Leftovers
|upkeep
|turn|4
|
|t:|1758341708
|-end|p1a: Raging Bolt|Protosynthesis|[silent]
|switch|p1a: Alomomola|Alomomola, M|100/100
|move|p2a: Baki from Baki|Earthquake|p1a: Alomomola
|-damage|p1a: Alomomola|78/100
|
|upkeep
|turn|5
|
|t:|1758341720
|move|p2a: Baki from Baki|Stealth Rock|p1a: Alomomola
|-sidestart|p1: Dio_Eleutherios|move: Stealth Rock
|move|p1a: Alomomola|Flip Turn|p2a: Baki from Baki
|-supereffective|p2a: Baki from Baki
|-damage|p2a: Baki from Baki|81/100
|
|t:|1758341728
|switch|p1a: Great Tusk|Great Tusk|100/100|[from] Flip Turn
|
|-heal|p2a: Baki from Baki|88/100|[from] item: Leftovers
|upkeep
|turn|6
|
|t:|1758341734
|switch|p2a: hey now...|Corviknight, M|100/100
|-damage|p2a: hey now...|88/100|[from] Stealth Rock
|-ability|p2a: hey now...|Pressure
|move|p1a: Great Tusk|Headlong Rush|p2a: hey now...
|-immune|p2a: hey now...
|
|upkeep
|turn|7
|
|t:|1758341738
|move|p1a: Great Tusk|Rapid Spin|p2a: hey now...
|-resisted|p2a: hey now...
|-damage|p2a: hey now...|83/100
|-boost|p1a: Great Tusk|spe|1
|-damage|p1a: Great Tusk|84/100|[from] item: Rocky Helmet|[of] p2a: hey now...
|-sideend|p1: Dio_Eleutherios|Stealth Rock|[from] move: Rapid Spin|[of] p1a: Great Tusk
|move|p2a: hey now...|U-turn|p1a: Great Tusk
|-resisted|p1a: Great Tusk
|-damage|p1a: Great Tusk|79/100
|
|t:|1758341742
|switch|p2a: GENTLEMAN by PSY|Weezing-Galar, F|84/100|[from] U-turn
|-ability|p2a: GENTLEMAN by PSY|Neutralizing Gas
|
|upkeep
|turn|8
|
|t:|1758341747
|-end|p1a: Great Tusk|Protosynthesis|[silent]
|switch|p1a: Garganacl|Garganacl, F|94/100 brn
|move|p2a: GENTLEMAN by PSY|Will-O-Wisp|p1a: Garganacl
|-fail|p1a: Garganacl|brn
|
|-heal|p1a: Garganacl|100/100 brn|[from] item: Leftovers
|-damage|p1a: Garganacl|94/100 brn|[from] brn
|upkeep
|turn|9
|
|t:|1758341751
|-end|p2a: GENTLEMAN by PSY|ability: Neutralizing Gas
|switch|p2a: laufey|Alomomola, M|100/100
|move|p1a: Garganacl|Stealth Rock||[still]
|-fail|p1a: Garganacl
|
|-heal|p1a: Garganacl|100/100 brn|[from] item: Leftovers
|-damage|p1a: Garganacl|94/100 brn|[from] brn
|upkeep
|turn|10
|
|t:|1758341763
|move|p2a: laufey|Wish|p2a: laufey
|move|p1a: Garganacl|Salt Cure|p2a: laufey
|-damage|p2a: laufey|96/100
|-start|p2a: laufey|Salt Cure
|
|-heal|p1a: Garganacl|100/100 brn|[from] item: Leftovers
|-damage|p1a: Garganacl|94/100 brn|[from] brn
|-damage|p2a: laufey|71/100|[from] Salt Cure
|upkeep
|turn|11
|
|t:|1758341771
|move|p1a: Garganacl|Protect|p1a: Garganacl
|-singleturn|p1a: Garganacl|Protect
|move|p2a: laufey|Flip Turn|p1a: Garganacl
|-activate|p1a: Garganacl|move: Protect
|
|-heal|p2a: laufey|100/100|[from] move: Wish|[wisher] laufey
|-heal|p1a: Garganacl|100/100 brn|[from] item: Leftovers
|-damage|p1a: Garganacl|94/100 brn|[from] brn
|-damage|p2a: laufey|75/100|[from] Salt Cure
|upkeep
|turn|12
|
|t:|1758341781
|switch|p1a: Raging Bolt|Raging Bolt|93/100
|move|p2a: laufey|Wish|p2a: laufey
|
|-damage|p2a: laufey|50/100|[from] Salt Cure
|upkeep
|turn|13
|
|t:|1758341809
|switch|p2a: Baki from Baki|Ting-Lu|88/100
|-damage|p2a: Baki from Baki|81/100|[from] Stealth Rock
|-ability|p2a: Baki from Baki|Vessel of Ruin
|move|p1a: Raging Bolt|Draco Meteor|p2a: Baki from Baki
|-damage|p2a: Baki from Baki|29/100
|-unboost|p1a: Raging Bolt|spa|2
|
|-heal|p2a: Baki from Baki|75/100|[from] move: Wish|[wisher] laufey
|-heal|p2a: Baki from Baki|81/100|[from] item: Leftovers
|upkeep
|turn|14
|
|t:|1758341817
|-end|p1a: Raging Bolt|Protosynthesis|[silent]
|switch|p1a: Alomomola|Alomomola, M|100/100
|move|p2a: Baki from Baki|Earthquake|p1a: Alomomola
|-damage|p1a: Alomomola|78/100
|
|-heal|p2a: Baki from Baki|88/100|[from] item: Leftovers
|upkeep
|turn|15
|
|t:|1758341823
|move|p1a: Alomomola|Flip Turn|p2a: Baki from Baki
|-supereffective|p2a: Baki from Baki
|-damage|p2a: Baki from Baki|70/100
|
|t:|1758341828
|switch|p1a: Dragonite|Dragonite, M|100/100|[from] Flip Turn
|move|p2a: Baki from Baki|Whirlwind|p1a: Dragonite
|drag|p1a: Great Tusk|Great Tusk|79/100
|
|-heal|p2a: Baki from Baki|76/100|[from] item: Leftovers
|upkeep
|turn|16
|
|t:|1758341834
|switch|p2a: hey now...|Corviknight, M|83/100
|-damage|p2a: hey now...|70/100|[from] Stealth Rock
|-ability|p2a: hey now...|Pressure
|move|p1a: Great Tusk|Ice Spinner|p2a: hey now...
|-damage|p2a: hey now...|53/100
|-damage|p1a: Great Tusk|63/100|[from] item: Rocky Helmet|[of] p2a: hey now...
|
|upkeep
|turn|17
|
|t:|1758341837
|move|p1a: Great Tusk|Knock Off|p2a: hey now...
|-damage|p2a: hey now...|34/100
|-damage|p1a: Great Tusk|46/100|[from] item: Rocky Helmet|[of] p2a: hey now...
|-enditem|p2a: hey now...|Rocky Helmet|[from] move: Knock Off|[of] p1a: Great Tusk
|move|p2a: hey now...|Roost|p2a: hey now...
|-heal|p2a: hey now...|84/100
|-singleturn|p2a: hey now...|move: Roost
|
|upkeep
|turn|18
|
|t:|1758341842
|-end|p1a: Great Tusk|Protosynthesis|[silent]
|switch|p1a: Alomomola|Alomomola, M|100/100
|move|p2a: hey now...|Defog|p1a: Alomomola
|-unboost|p1a: Alomomola|evasion|1
|-sideend|p2: Enchidio|Stealth Rock|[from] move: Defog|[of] p2a: hey now...
|
|upkeep
|turn|19
|
|t:|1758341845
|move|p2a: hey now...|U-turn|p1a: Alomomola
|-damage|p1a: Alomomola|92/100
|
|t:|1758341847
|switch|p2a: laufey|Alomomola, M|84/100|[from] U-turn
|move|p1a: Alomomola|Wish|p1a: Alomomola
|
|upkeep
|turn|20
|
|t:|1758341852
|move|p1a: Alomomola|Flip Turn|p2a: laufey
|-resisted|p2a: laufey
|-damage|p2a: laufey|78/100
|
|t:|1758341854
|switch|p1a: Great Tusk|Great Tusk|46/100|[from] Flip Turn
|move|p2a: laufey|Scald|p1a: Great Tusk
|-supereffective|p1a: Great Tusk
|-damage|p1a: Great Tusk|2/100
|
|-heal|p1a: Great Tusk|66/100|[from] move: Wish|[wisher] Alomomola
|upkeep
|turn|21
|
|t:|1758341860
|move|p1a: Great Tusk|Knock Off|p2a: laufey
|-damage|p2a: laufey|57/100
|-enditem|p2a: laufey|Heavy-Duty Boots|[from] move: Knock Off|[of] p1a: Great Tusk
|move|p2a: laufey|Scald|p1a: Great Tusk
|-supereffective|p1a: Great Tusk
|-damage|p1a: Great Tusk|24/100
|
|upkeep
|turn|22
|
|t:|1758341866
|-end|p1a: Great Tusk|Protosynthesis|[silent]
|switch|p1a: Garganacl|Garganacl, F|94/100 brn
|move|p2a: laufey|Wish|p2a: laufey
|
|-heal|p1a: Garganacl|100/100 brn|[from] item: Leftovers
|-damage|p1a: Garganacl|94/100 brn|[from] brn
|upkeep
|turn|23
|
|t:|1758341872
|switch|p2a: Baki from Baki|Ting-Lu|76/100
|-ability|p2a: Baki from Baki|Vessel of Ruin
|move|p1a: Garganacl|Salt Cure|p2a: Baki from Baki
|-resisted|p2a: Baki from Baki
|-damage|p2a: Baki from Baki|74/100
|-start|p2a: Baki from Baki|Salt Cure
|
|-heal|p2a: Baki from Baki|100/100|[from] move: Wish|[wisher] laufey
|-heal|p1a: Garganacl|100/100 brn|[from] item: Leftovers
|-damage|p1a: Garganacl|94/100 brn|[from] brn
|-damage|p2a: Baki from Baki|88/100|[from] Salt Cure
|upkeep
|turn|24
|
|t:|1758341878
|switch|p1a: Alomomola|Alomomola, M|100/100
|move|p2a: Baki from Baki|Ruination|p1a: Alomomola
|-damage|p1a: Alomomola|50/100
|
|-heal|p2a: Baki from Baki|94/100|[from] item: Leftovers
|-damage|p2a: Baki from Baki|82/100|[from] Salt Cure
|upkeep
|turn|25
|
|t:|1758341882
|move|p2a: Baki from Baki|Ruination|p1a: Alomomola
|-damage|p1a: Alomomola|25/100
|move|p1a: Alomomola|Wish|p1a: Alomomola
|
|-heal|p2a: Baki from Baki|88/100|[from] item: Leftovers
|-damage|p2a: Baki from Baki|76/100|[from] Salt Cure
|upkeep
|turn|26
|
|t:|1758341886
|move|p1a: Alomomola|Protect|p1a: Alomomola
|-singleturn|p1a: Alomomola|Protect
|move|p2a: Baki from Baki|Whirlwind|p1a: Alomomola
|drag|p1a: Great Tusk|Great Tusk|24/100
|
|-heal|p1a: Great Tusk|87/100|[from] move: Wish|[wisher] Alomomola
|-heal|p2a: Baki from Baki|82/100|[from] item: Leftovers
|-damage|p2a: Baki from Baki|69/100|[from] Salt Cure
|upkeep
|turn|27
|
|t:|1758341899
|switch|p2a: laufey|Alomomola, M|91/100
|move|p1a: Great Tusk|Knock Off|p2a: laufey
|-damage|p2a: laufey|77/100
|
|upkeep
|turn|28
|
|t:|1758341909
|-end|p1a: Great Tusk|Protosynthesis|[silent]
|switch|p1a: Alomomola|Alomomola, M|59/100
|move|p2a: laufey|Wish|p2a: laufey
|
|upkeep
|turn|29
|
|t:|1758341915
|switch|p2a: lebron james|Kyurem|100/100
|-ability|p2a: lebron james|Pressure
|move|p1a: Alomomola|Flip Turn|p2a: lebron james
|-resisted|p2a: lebron james
|-damage|p2a: lebron james|92/100
|inactive|Dio_Eleutherios has 120 seconds left.
|
|t:|1758341952
|switch|p1a: Gholdengo|Gholdengo|100/100|[from] Flip Turn
|
|-heal|p2a: lebron james|100/100|[from] move: Wish|[wisher] laufey
|upkeep
|turn|30
|
|t:|1758341963
|move|p1a: Gholdengo|Trick|p2a: lebron james
|-activate|p1a: Gholdengo|move: Trick|[of] p2a: lebron james
|-item|p2a: lebron james|Choice Scarf|[from] move: Trick
|-item|p1a: Gholdengo|Heavy-Duty Boots|[from] move: Trick
|move|p2a: lebron james|Earth Power|p1a: Gholdengo
|-supereffective|p1a: Gholdengo
|-damage|p1a: Gholdengo|27/100
|
|upkeep
|turn|31
|
|t:|1758341972
|switch|p1a: Alomomola|Alomomola, M|92/100
|move|p2a: lebron james|Earth Power|p1a: Alomomola
|-damage|p1a: Alomomola|66/100
|
|upkeep
|turn|32
|
|t:|1758341978
|switch|p2a: GENTLEMAN by PSY|Weezing-Galar, F|84/100
|-ability|p2a: GENTLEMAN by PSY|Neutralizing Gas
|move|p1a: Alomomola|Wish|p1a: Alomomola
|
|upkeep
|turn|33
|
|t:|1758341984
|move|p2a: GENTLEMAN by PSY|Strange Steam|p1a: Alomomola
|-damage|p1a: Alomomola|41/100
|move|p1a: Alomomola|Flip Turn|p2a: GENTLEMAN by PSY
|-damage|p2a: GENTLEMAN by PSY|72/100
|
|t:|1758341992
|switch|p1a: Gholdengo|Gholdengo|27/100|[from] Flip Turn
|
|-heal|p1a: Gholdengo|100/100|[from] move: Wish|[wisher] Alomomola
|upkeep
|turn|34
|
|t:|1758341994
|-end|p2a: GENTLEMAN by PSY|ability: Neutralizing Gas
|switch|p2a: laufey|Alomomola, M|100/100
|move|p1a: Gholdengo|Shadow Ball|p2a: laufey
|-damage|p2a: laufey|59/100
|
|upkeep
|turn|35
|
|t:|1758342006
|move|p1a: Gholdengo|Shadow Ball|p2a: laufey
|-damage|p2a: laufey|21/100
|move|p2a: laufey|Flip Turn|p1a: Gholdengo
|-damage|p1a: Gholdengo|83/100
|
|t:|1758342016
|switch|p2a: Baki from Baki|Ting-Lu|69/100|[from] Flip Turn
|-ability|p2a: Baki from Baki|Vessel of Ruin
|
|-heal|p2a: Baki from Baki|76/100|[from] item: Leftovers
|upkeep
|turn|36
|
|t:|1758342026
|switch|p1a: Alomomola|Alomomola, M|41/100
|move|p2a: Baki from Baki|Earthquake|p1a: Alomomola
|-damage|p1a: Alomomola|21/100
|
|-heal|p2a: Baki from Baki|82/100|[from] item: Leftovers
|upkeep
|turn|37
|
|t:|1758342045
|switch|p1a: Dragonite|Dragonite, M|100/100
|move|p2a: Baki from Baki|Earthquake|p1a: Dragonite
|-immune|p1a: Dragonite
|
|-heal|p2a: Baki from Baki|88/100|[from] item: Leftovers
|upkeep
|turn|38
|
|t:|1758342053
|switch|p2a: GENTLEMAN by PSY|Weezing-Galar, F|72/100
|-ability|p2a: GENTLEMAN by PSY|Neutralizing Gas
|move|p1a: Dragonite|Earthquake|p2a: GENTLEMAN by PSY
|-supereffective|p2a: GENTLEMAN by PSY
|-damage|p2a: GENTLEMAN by PSY|20/100
|
|upkeep
|turn|39
|
|t:|1758342060
|-end|p2a: GENTLEMAN by PSY|ability: Neutralizing Gas
|switch|p2a: hey now...|Corviknight, M|84/100
|-ability|p2a: hey now...|Pressure
|move|p1a: Dragonite|Extreme Speed|p2a: hey now...
|-resisted|p2a: hey now...
|-damage|p2a: hey now...|75/100
|
|upkeep
|turn|40
|
|t:|1758342064
|move|p1a: Dragonite|Dragon Dance|p1a: Dragonite
|-boost|p1a: Dragonite|atk|1
|-boost|p1a: Dragonite|spe|1
|move|p2a: hey now...|U-turn|p1a: Dragonite
|-resisted|p1a: Dragonite
|-damage|p1a: Dragonite|97/100
|
|t:|1758342067
|switch|p2a: shwt like a melody|Gliscor, F|100/100|[from] U-turn
|
|-status|p2a: shwt like a melody|tox|[from] item: Toxic Orb
|upkeep
|turn|41
|
|t:|1758342075
|switch|p1a: Garganacl|Garganacl, F|94/100 brn
|move|p2a: shwt like a melody|Protect||[still]
|-fail|p2a: shwt like a melody
|
|-heal|p1a: Garganacl|100/100 brn|[from] item: Leftovers
|-damage|p1a: Garganacl|94/100 brn|[from] brn
|upkeep
|turn|42
|
|t:|1758342081
|move|p2a: shwt like a melody|Knock Off|p1a: Garganacl
|-damage|p1a: Garganacl|81/100 brn
|-enditem|p1a: Garganacl|Leftovers|[from] move: Knock Off|[of] p2a: shwt like a melody
|move|p1a: Garganacl|Stealth Rock|p2a: shwt like a melody
|-sidestart|p2: Enchidio|move: Stealth Rock
|
|-damage|p1a: Garganacl|75/100 brn|[from] brn
|upkeep
|turn|43
|
|t:|1758342085
|move|p2a: shwt like a melody|Spikes|p1a: Garganacl
|-sidestart|p1: Dio_Eleutherios|Spikes
|move|p1a: Garganacl|Salt Cure|p2a: shwt like a melody
|-damage|p2a: shwt like a melody|95/100 tox
|-start|p2a: shwt like a melody|Salt Cure
|
|-heal|p2a: shwt like a melody|100/100 tox|[from] ability: Poison Heal
|-damage|p1a: Garganacl|68/100 brn|[from] brn
|-damage|p2a: shwt like a melody|88/100 tox|[from] Salt Cure
|upkeep
|turn|44
|
|t:|1758342091
|move|p2a: shwt like a melody|Knock Off|p1a: Garganacl
|-damage|p1a: Garganacl|59/100 brn
|move|p1a: Garganacl|Recover|p1a: Garganacl
|-heal|p1a: Garganacl|100/100 brn
|
|-heal|p2a: shwt like a melody|100/100 tox|[from] ability: Poison Heal
|-damage|p1a: Garganacl|94/100 brn|[from] brn
|-damage|p2a: shwt like a melody|88/100 tox|[from] Salt Cure
|upkeep
|turn|45
|
|t:|1758342106
|move|p1a: Garganacl|Protect|p1a: Garganacl
|-singleturn|p1a: Garganacl|Protect
|move|p2a: shwt like a melody|Spikes|p1a: Garganacl
|-sidestart|p1: Dio_Eleutherios|Spikes
|
|-heal|p2a: shwt like a melody|100/100 tox|[from] ability: Poison Heal
|-damage|p1a: Garganacl|88/100 brn|[from] brn
|-damage|p2a: shwt like a melody|88/100 tox|[from] Salt Cure
|upkeep
|turn|46
|
|t:|1758342119
|switch|p1a: Alomomola|Alomomola, M|54/100
|move|p2a: shwt like a melody|Spikes|p1a: Alomomola
|-sidestart|p1: Dio_Eleutherios|Spikes
|
|-heal|p2a: shwt like a melody|100/100 tox|[from] ability: Poison Heal
|-damage|p2a: shwt like a melody|88/100 tox|[from] Salt Cure
|upkeep
|turn|47
|
|t:|1758342122
|move|p2a: shwt like a melody|Knock Off|p1a: Alomomola
|-damage|p1a: Alomomola|41/100
|-enditem|p1a: Alomomola|Heavy-Duty Boots|[from] move: Knock Off|[of] p2a: shwt like a melody
|move|p1a: Alomomola|Flip Turn|p2a: shwt like a melody
|-supereffective|p2a: shwt like a melody
|-damage|p2a: shwt like a melody|64/100 tox
|
|t:|1758342129
|switch|p1a: Great Tusk|Great Tusk|87/100|[from] Flip Turn
|
|-heal|p2a: shwt like a melody|77/100 tox|[from] ability: Poison Heal
|-damage|p2a: shwt like a melody|64/100 tox|[from] Salt Cure
|upkeep
|turn|48
|
|t:|1758342141
|move|p1a: Great Tusk|Ice Spinner|p2a: shwt like a melody
|-supereffective|p2a: shwt like a melody
|-damage|p2a: shwt like a melody|0 fnt
|faint|p2a: shwt like a melody
|
|upkeep
|
|t:|1758342144
|switch|p2a: lebron james|Kyurem|100/100
|-damage|p2a: lebron james|76/100|[from] Stealth Rock
|-ability|p2a: lebron james|Pressure
|turn|49
|
|t:|1758342156
|-terastallize|p1a: Great Tusk|Steel
|move|p2a: lebron james|Freeze-Dry|p1a: Great Tusk
|-resisted|p1a: Great Tusk
|-damage|p1a: Great Tusk|58/100
|move|p1a: Great Tusk|Rapid Spin|p2a: lebron james
|-damage|p2a: lebron james|59/100
|-boost|p1a: Great Tusk|spe|1
|-sideend|p1: Dio_Eleutherios|Spikes|[from] move: Rapid Spin|[of] p1a: Great Tusk
|
|upkeep
|turn|50
|
|t:|1758342168
|switch|p2a: hey now...|Corviknight, M|75/100
|-damage|p2a: hey now...|63/100|[from] Stealth Rock
|-ability|p2a: hey now...|Pressure
|move|p1a: Great Tusk|Headlong Rush|p2a: hey now...
|-immune|p2a: hey now...
|
|upkeep
|turn|51
|
|t:|1758342174
|-end|p1a: Great Tusk|Protosynthesis|[silent]
|switch|p1a: Raging Bolt|Raging Bolt|93/100
|move|p2a: hey now...|U-turn|p1a: Raging Bolt
|-damage|p1a: Raging Bolt|79/100
|
|t:|1758342179
|switch|p2a: Baki from Baki|Ting-Lu|88/100|[from] U-turn
|-damage|p2a: Baki from Baki|82/100|[from] Stealth Rock
|-ability|p2a: Baki from Baki|Vessel of Ruin
|
|-heal|p2a: Baki from Baki|88/100|[from] item: Leftovers
|upkeep
|turn|52
|
|t:|1758342187
|-end|p1a: Raging Bolt|Protosynthesis|[silent]
|switch|p1a: Dragonite|Dragonite, M|97/100
|move|p2a: Baki from Baki|Earthquake|p1a: Dragonite
|-immune|p1a: Dragonite
|
|-heal|p2a: Baki from Baki|94/100|[from] item: Leftovers
|upkeep
|turn|53
|
|t:|1758342196
|move|p1a: Dragonite|Earthquake|p2a: Baki from Baki
|-damage|p2a: Baki from Baki|72/100
|move|p2a: Baki from Baki|Whirlwind|p1a: Dragonite
|drag|p1a: Great Tusk|Great Tusk, tera:Steel|58/100
|
|-heal|p2a: Baki from Baki|78/100|[from] item: Leftovers
|upkeep
|turn|54
|
|t:|1758342205
|move|p1a: Great Tusk|Knock Off|p2a: Baki from Baki
|-resisted|p2a: Baki from Baki
|-damage|p2a: Baki from Baki|69/100
|-enditem|p2a: Baki from Baki|Leftovers|[from] move: Knock Off|[of] p1a: Great Tusk
|move|p2a: Baki from Baki|Stealth Rock|p1a: Great Tusk
|-sidestart|p1: Dio_Eleutherios|move: Stealth Rock
|
|upkeep
|turn|55
|
|t:|1758342211
|move|p1a: Great Tusk|Rapid Spin|p2a: Baki from Baki
|-damage|p2a: Baki from Baki|59/100
|-boost|p1a: Great Tusk|spe|1
|-sideend|p1: Dio_Eleutherios|Stealth Rock|[from] move: Rapid Spin|[of] p1a: Great Tusk
|move|p2a: Baki from Baki|Earthquake|p1a: Great Tusk
|-supereffective|p1a: Great Tusk
|-damage|p1a: Great Tusk|1/100
|
|upkeep
|turn|56
|
|t:|1758342218
|-end|p1a: Great Tusk|Protosynthesis|[silent]
|switch|p1a: Dragonite|Dragonite, M|97/100
|move|p2a: Baki from Baki|Whirlwind|p1a: Dragonite
|drag|p1a: Alomomola|Alomomola, M|74/100
|
|upkeep
|turn|57
|
|t:|1758342224
|move|p2a: Baki from Baki|Stealth Rock|p1a: Alomomola
|-sidestart|p1: Dio_Eleutherios|move: Stealth Rock
|move|p1a: Alomomola|Wish|p1a: Alomomola
|
|upkeep
|turn|58
|
|t:|1758342232
|move|p2a: Baki from Baki|Earthquake|p1a: Alomomola
|-damage|p1a: Alomomola|51/100
|move|p1a: Alomomola|Flip Turn|p2a: Baki from Baki
|-supereffective|p2a: Baki from Baki
|-damage|p2a: Baki from Baki|40/100
|
|t:|1758342235
|switch|p1a: Great Tusk|Great Tusk, tera:Steel|1/100|[from] Flip Turn
|
|-heal|p1a: Great Tusk|65/100|[from] move: Wish|[wisher] Alomomola
|upkeep
|turn|59
|
|t:|1758342240
|-end|p1a: Great Tusk|Protosynthesis|[silent]
|switch|p1a: Alomomola|Alomomola, M|85/100
|-damage|p1a: Alomomola|72/100|[from] Stealth Rock
|switch|p2a: hey now...|Corviknight, M|63/100
|-damage|p2a: hey now...|50/100|[from] Stealth Rock
|-ability|p2a: hey now...|Pressure
|
|upkeep
|turn|60
|
|t:|1758342245
|move|p2a: hey now...|Roost|p2a: hey now...
|-heal|p2a: hey now...|100/100
|-singleturn|p2a: hey now...|move: Roost
|move|p1a: Alomomola|Wish|p1a: Alomomola
|
|upkeep
|turn|61
|
|t:|1758342249
|move|p2a: hey now...|U-turn|p1a: Alomomola
|-damage|p1a: Alomomola|63/100
|
|t:|1758342253
|switch|p2a: GENTLEMAN by PSY|Weezing-Galar, F|20/100|[from] U-turn
|-ability|p2a: GENTLEMAN by PSY|Neutralizing Gas
|move|p1a: Alomomola|Flip Turn|p2a: GENTLEMAN by PSY
|-damage|p2a: GENTLEMAN by PSY|9/100
|
|t:|1758342258
|switch|p1a: Great Tusk|Great Tusk, tera:Steel|65/100|[from] Flip Turn
|
|-heal|p1a: Great Tusk|100/100|[from] move: Wish|[wisher] Alomomola
|upkeep
|turn|62
|
|t:|1758342262
|-end|p2a: GENTLEMAN by PSY|ability: Neutralizing Gas
|switch|p2a: hey now...|Corviknight, M|100/100
|-damage|p2a: hey now...|88/100|[from] Stealth Rock
|-ability|p2a: hey now...|Pressure
|move|p1a: Great Tusk|Rapid Spin|p2a: hey now...
|-resisted|p2a: hey now...
|-damage|p2a: hey now...|83/100
|-boost|p1a: Great Tusk|spe|1
|-sideend|p1: Dio_Eleutherios|Stealth Rock|[from] move: Rapid Spin|[of] p1a: Great Tusk
|
|upkeep
|turn|63
|
|t:|1758342266
|move|p1a: Great Tusk|Ice Spinner|p2a: hey now...
|-damage|p2a: hey now...|67/100
|move|p2a: hey now...|U-turn|p1a: Great Tusk
|-resisted|p1a: Great Tusk
|-damage|p1a: Great Tusk|96/100
|
|t:|1758342268
|switch|p2a: laufey|Alomomola, M|55/100|[from] U-turn
|-damage|p2a: laufey|42/100|[from] Stealth Rock
|
|upkeep
|turn|64
|
|t:|1758342276
|move|p1a: Great Tusk|Headlong Rush|p2a: laufey
|-damage|p2a: laufey|1/100
|-unboost|p1a: Great Tusk|def|1
|-unboost|p1a: Great Tusk|spd|1
|move|p2a: laufey|Flip Turn|p1a: Great Tusk
|-damage|p1a: Great Tusk|78/100
|
|t:|1758342281
|switch|p2a: lebron james|Kyurem|59/100|[from] Flip Turn
|-damage|p2a: lebron james|34/100|[from] Stealth Rock
|-ability|p2a: lebron james|Pressure
|
|upkeep
|turn|65
|
|t:|1758342288
|move|p2a: lebron james|Draco Meteor|p1a: Great Tusk
|-resisted|p1a: Great Tusk
|-damage|p1a: Great Tusk|2/100
|-unboost|p2a: lebron james|spa|2
|move|p1a: Great Tusk|Headlong Rush|p2a: lebron james
|-damage|p2a: lebron james|0 fnt
|-unboost|p1a: Great Tusk|def|1
|-unboost|p1a: Great Tusk|spd|1
|faint|p2a: lebron james
|
|upkeep
|
|t:|1758342296
|switch|p2a: Baki from Baki|Ting-Lu|40/100
|-damage|p2a: Baki from Baki|34/100|[from] Stealth Rock
|-ability|p2a: Baki from Baki|Vessel of Ruin
|turn|66
|
|t:|1758342304
|move|p1a: Great Tusk|Headlong Rush|p2a: Baki from Baki
|-crit|p2a: Baki from Baki
|-damage|p2a: Baki from Baki|0 fnt
|-unboost|p1a: Great Tusk|def|1
|-unboost|p1a: Great Tusk|spd|1
|faint|p2a: Baki from Baki
|
|upkeep
|
|t:|1758342308
|switch|p2a: hey now...|Corviknight, M|67/100
|-damage|p2a: hey now...|55/100|[from] Stealth Rock
|-ability|p2a: hey now...|Pressure
|turn|67
|
|t:|1758342315
|-end|p1a: Great Tusk|Protosynthesis|[silent]
|switch|p1a: Alomomola|Alomomola, M|63/100
|move|p2a: hey now...|U-turn|p1a: Alomomola
|-damage|p1a: Alomomola|55/100
|
|t:|1758342321
|switch|p2a: laufey|Alomomola, M|35/100|[from] U-turn
|-damage|p2a: laufey|22/100|[from] Stealth Rock
|
|upkeep
|turn|68
|
|t:|1758342326
|move|p2a: laufey|Scald|p1a: Alomomola
|-resisted|p1a: Alomomola
|-damage|p1a: Alomomola|48/100
|move|p1a: Alomomola|Flip Turn|p2a: laufey
|-resisted|p2a: laufey
|-damage|p2a: laufey|17/100
|
|t:|1758342329
|switch|p1a: Raging Bolt|Raging Bolt|79/100|[from] Flip Turn
|
|upkeep
|turn|69
|
|t:|1758342332
|move|p2a: laufey|Protect|p2a: laufey
|-singleturn|p2a: laufey|Protect
|move|p1a: Raging Bolt|Volt Switch|p2a: laufey
|-activate|p2a: laufey|move: Protect
|
|upkeep
|turn|70
|
|t:|1758342336
|switch|p2a: GENTLEMAN by PSY|Weezing-Galar, F|9/100
|-ability|p2a: GENTLEMAN by PSY|Neutralizing Gas
|move|p1a: Raging Bolt|Volt Switch|p2a: GENTLEMAN by PSY
|-damage|p2a: GENTLEMAN by PSY|0 fnt
|faint|p2a: GENTLEMAN by PSY
|-end|p2a: GENTLEMAN by PSY|ability: Neutralizing Gas
|c|☆Enchidio|gg
|-message|Enchidio forfeited.
|
|win|Dio_Eleutherios
|raw|Dio_Eleutherios's rating: 1349 &rarr; <strong>1372</strong><br />(+23 for winning)
|raw|Enchidio's rating: 1398 &rarr; <strong>1375</strong><br />(-23 for losing)
