|j|☆adrian098
|j|☆Scuhbee-Fluff
|t:|1758273355
|gametype|singles
|player|p1|adrian098|lucas|1341
|player|p2|Scuhbee-Fluff|swimmerf-gen4|1293
|gen|9
|tier|[Gen 9] OU
|rated|
|rule|HP Percentage Mod: HP is shown in percentages
|rule|Endless Battle Clause: Forcing endless battles is banned
|rule|Species Clause: Limit one of each Pokémon
|rule|OHKO Clause: OHKO moves are banned
|rule|Evasion Items Clause: Evasion items are banned
|rule|Evasion Moves Clause: Evasion moves are banned
|rule|Evasion Abilities Clause: Evasion abilities are banned
|rule|Sleep Moves Clause: Sleep-inducing moves are banned
|clearpoke
|poke|p1|Great Tusk|
|poke|p1|Samurott-Hisui, M|
|poke|p1|Rillaboom, M|
|poke|p1|Dragapult, M|
|poke|p1|Gholdengo|
|poke|p1|Clefable, F|
|poke|p2|Ninetales-Alola, F|
|poke|p2|Kyurem|
|poke|p2|Weavile, F|
|poke|p2|Mamoswine, M|
|poke|p2|Sandslash-Alola, M|
|poke|p2|Cloyster, F|
|teampreview
|
|t:|1758273359
|teamsize|p1|6
|teamsize|p2|6
|start
|switch|p1a: Gholdengo|Gholdengo|100/100
|switch|p2a: Fluffy|Ninetales-Alola, F|100/100
|-weather|Snowscape|[from] ability: Snow Warning|[of] p2a: Fluffy
|turn|1
|j| sshabbii
|
|t:|1758273372
|-terastallize|p2a: Fluffy|Water
|move|p1a: Gholdengo|Make It Rain|p2a: Fluffy
|-resisted|p2a: Fluffy
|-damage|p2a: Fluffy|72/100
|-unboost|p1a: Gholdengo|spa|1
|move|p2a: Fluffy|Aurora Veil|p2a: Fluffy
|-sidestart|p2: Scuhbee-Fluff|move: Aurora Veil
|
|-weather|Snowscape|[upkeep]
|upkeep
|turn|2
|
|t:|1758273382
|switch|p1a: Clefable|Clefable, F|100/100
|switch|p2a: Outie|Cloyster, F|100/100
|
|-weather|Snowscape|[upkeep]
|upkeep
|turn|3
|
|t:|1758273389
|move|p2a: Outie|Shell Smash|p2a: Outie
|-unboost|p2a: Outie|def|1
|-unboost|p2a: Outie|spd|1
|-boost|p2a: Outie|atk|2
|-boost|p2a: Outie|spa|2
|-boost|p2a: Outie|spe|2
|-enditem|p2a: Outie|White Herb
|-clearnegativeboost|p2a: Outie|[silent]
|move|p1a: Clefable|Encore|p2a: Outie
|-start|p2a: Outie|Encore
|
|-weather|Snowscape|[upkeep]
|upkeep
|turn|4
|
|t:|1758273400
|switch|p1a: Samurott|Samurott-Hisui, M|100/100
|move|p2a: Outie|Shell Smash|p2a: Outie
|-unboost|p2a: Outie|def|1
|-unboost|p2a: Outie|spd|1
|-boost|p2a: Outie|atk|2
|-boost|p2a: Outie|spa|2
|-boost|p2a: Outie|spe|2
|
|-weather|Snowscape|[upkeep]
|upkeep
|turn|5
|
|t:|1758273408
|move|p2a: Outie|Shell Smash|p2a: Outie
|-unboost|p2a: Outie|def|1
|-unboost|p2a: Outie|spd|1
|-boost|p2a: Outie|atk|2
|-boost|p2a: Outie|spa|2
|-boost|p2a: Outie|spe|2
|move|p1a: Samurott|Ceaseless Edge|p2a: Outie
|-damage|p2a: Outie|74/100
|-sidestart|p2: Scuhbee-Fluff|Spikes
|
|-weather|none
|upkeep
|turn|6
|
|t:|1758273417
|move|p2a: Outie|Shell Smash|p2a: Outie
|-unboost|p2a: Outie|def|1
|-unboost|p2a: Outie|spd|1
|-boost|p2a: Outie|atk|0
|-boost|p2a: Outie|spa|0
|-boost|p2a: Outie|spe|0
|move|p1a: Samurott|Ceaseless Edge|p2a: Outie
|-damage|p2a: Outie|25/100
|-sidestart|p2: Scuhbee-Fluff|Spikes
|
|-end|p2a: Outie|Encore
|upkeep
|turn|7
|
|t:|1758273426
|move|p1a: Samurott|Sucker Punch|p2a: Outie
|-damage|p2a: Outie|0 fnt
|faint|p2a: Outie
|
|upkeep
|
|t:|1758273434
|switch|p2a: Spiky|Kyurem|100/100
|-ability|p2a: Spiky|Pressure
|turn|8
|
|t:|1758273439
|switch|p1a: Clefable|Clefable, F|100/100
|move|p2a: Spiky|Freeze-Dry|p1a: Clefable
|-damage|p1a: Clefable|75/100
|
|-heal|p1a: Clefable|81/100|[from] item: Leftovers
|-sideend|p2: Scuhbee-Fluff|move: Aurora Veil
|upkeep
|turn|9
|
|t:|1758273446
|move|p2a: Spiky|Flash Cannon|p1a: Clefable
|-supereffective|p1a: Clefable
|-damage|p1a: Clefable|39/100
|-unboost|p1a: Clefable|spd|1
|move|p1a: Clefable|Wish|p1a: Clefable
|
|-heal|p1a: Clefable|45/100|[from] item: Leftovers
|upkeep
|turn|10
|
|t:|1758273453
|switch|p1a: Gholdengo|Gholdengo|100/100
|move|p2a: Spiky|Freeze-Dry|p1a: Gholdengo
|-resisted|p1a: Gholdengo
|-damage|p1a: Gholdengo|78/100
|
|-heal|p1a: Gholdengo|100/100|[from] move: Wish|[wisher] Clefable
|upkeep
|turn|11
|
|t:|1758273463
|move|p1a: Gholdengo|Make It Rain|p2a: Spiky
|-supereffective|p2a: Spiky
|-damage|p2a: Spiky|0 fnt
|-unboost|p1a: Gholdengo|spa|1
|faint|p2a: Spiky
|
|upkeep
|
|t:|1758273470
|switch|p2a: Manny|Mamoswine, M|100/100
|-damage|p2a: Manny|84/100|[from] Spikes
|turn|12
|
|t:|1758273474
|switch|p2a: Fluffy|Ninetales-Alola, F, tera:Water|72/100
|-damage|p2a: Fluffy|55/100|[from] Spikes
|-weather|Snowscape|[from] ability: Snow Warning|[of] p2a: Fluffy
|move|p1a: Gholdengo|Make It Rain|p2a: Fluffy
|-resisted|p2a: Fluffy
|-damage|p2a: Fluffy|33/100
|-unboost|p1a: Gholdengo|spa|1
|
|-weather|Snowscape|[upkeep]
|upkeep
|turn|13
|
|t:|1758273485
|switch|p1a: Dragapult|Dragapult, M|100/100
|move|p2a: Fluffy|Blizzard|p1a: Dragapult
|-supereffective|p1a: Dragapult
|-damage|p1a: Dragapult|10/100
|
|-weather|Snowscape|[upkeep]
|upkeep
|turn|14
|
|t:|1758273491
|move|p1a: Dragapult|Shadow Ball|p2a: Fluffy
|-damage|p2a: Fluffy|0 fnt
|faint|p2a: Fluffy
|
|-weather|Snowscape|[upkeep]
|upkeep
|
|t:|1758273496
|switch|p2a: Manny|Mamoswine, M|84/100
|-damage|p2a: Manny|67/100|[from] Spikes
|turn|15
|
|t:|1758273499
|switch|p1a: Samurott|Samurott-Hisui, M|100/100
|move|p2a: Manny|Ice Shard|p1a: Samurott
|-resisted|p1a: Samurott
|-damage|p1a: Samurott|88/100
|
|-weather|Snowscape|[upkeep]
|upkeep
|turn|16
|
|t:|1758273507
|move|p2a: Manny|Earthquake|p1a: Samurott
|-damage|p1a: Samurott|35/100
|move|p1a: Samurott|Ceaseless Edge|p2a: Manny
|-damage|p2a: Manny|32/100
|-sidestart|p2: Scuhbee-Fluff|Spikes
|
|-weather|none
|upkeep
|turn|17
|
|t:|1758273515
|move|p1a: Samurott|Sucker Punch||[still]
|-fail|p1a: Samurott
|move|p2a: Manny|Stealth Rock|p1a: Samurott
|-sidestart|p1: adrian098|move: Stealth Rock
|
|upkeep
|turn|18
|
|t:|1758273519
|move|p2a: Manny|Earthquake|p1a: Samurott
|-damage|p1a: Samurott|0 fnt
|faint|p1a: Samurott
|
|upkeep
|
|t:|1758273522
|switch|p1a: Rillaboom|Rillaboom, M|100/100
|-damage|p1a: Rillaboom|88/100|[from] Stealth Rock
|-fieldstart|move: Grassy Terrain|[from] ability: Grassy Surge|[of] p1a: Rillaboom
|turn|19
|
|t:|1758273527
|move|p2a: Manny|Ice Shard|p1a: Rillaboom
|-supereffective|p1a: Rillaboom
|-damage|p1a: Rillaboom|47/100
|move|p1a: Rillaboom|Grassy Glide|p2a: Manny
|-supereffective|p2a: Manny
|-damage|p2a: Manny|0 fnt
|faint|p2a: Manny
|
|-heal|p1a: Rillaboom|53/100|[from] Grassy Terrain
|upkeep
|
|t:|1758273536
|switch|p2a: Shorty|Weavile, F|100/100
|-damage|p2a: Shorty|76/100|[from] Spikes
|-ability|p2a: Shorty|Pressure
|turn|20
|
|t:|1758273541
|move|p1a: Rillaboom|Grassy Glide|p2a: Shorty
|-damage|p2a: Shorty|0 fnt
|faint|p2a: Shorty
|
|-heal|p1a: Rillaboom|59/100|[from] Grassy Terrain
|upkeep
|
|t:|1758273547
|switch|p2a: Jimmy|Sandslash-Alola, M|100/100
|-item|p2a: Jimmy|Air Balloon
|turn|21
|
|t:|1758273551
|switch|p1a: Gholdengo|Gholdengo|100/100
|-damage|p1a: Gholdengo|94/100|[from] Stealth Rock
|move|p2a: Jimmy|Ice Spinner|p1a: Gholdengo
|-resisted|p1a: Gholdengo
|-damage|p1a: Gholdengo|76/100
|-fieldend|move: Grassy Terrain
|
|upkeep
|turn|22
|-message|Scuhbee-Fluff forfeited.
|
|win|adrian098
|raw|adrian098's rating: 1341 &rarr; <strong>1358</strong><br />(+17 for winning)
|raw|Scuhbee-Fluff's rating: 1293 &rarr; <strong>1271</strong><br />(-22 for losing)
|l|☆Scuhbee-Fluff
|player|p2|
|l|☆adrian098
|player|p1|
|l| sshabbii
