|j|☆DontMissMantine
|j|☆bananacrazy
|t:|1758246378
|gametype|singles
|player|p1|DontMissMantine|lucas|1482
|player|p2|bananacrazy|1|1461
|gen|9
|tier|[Gen 9] OU
|rated|
|rule|HP Percentage Mod: HP is shown in percentages
|rule|Endless Battle Clause: Forcing endless battles is banned
|rule|Species Clause: Limit one of each Pokémon
|rule|OHKO Clause: OHKO moves are banned
|rule|Evasion Items Clause: Evasion items are banned
|rule|Evasion Moves Clause: Evasion moves are banned
|rule|Evasion Abilities Clause: Evasion abilities are banned
|rule|Sleep Moves Clause: Sleep-inducing moves are banned
|clearpoke
|poke|p1|Pelipper, F|
|poke|p1|Beartic, F|
|poke|p1|Barraskewda, F|
|poke|p1|Ogerpon-Wellspring, F|
|poke|p1|Zapdos|
|poke|p1|Hatterene, F|
|poke|p2|Alomomola, M|
|poke|p2|Gholdengo|
|poke|p2|Latios, M|
|poke|p2|Weezing-Galar, M|
|poke|p2|Great Tusk|
|poke|p2|Dragonite, F|
|teampreview
|inactive|Battle timer is ON: inactive players will automatically lose when time's up. (requested by DontMissMantine)
|
|t:|1758246390
|teamsize|p1|6
|teamsize|p2|6
|start
|switch|p1a: Pelipper|Pelipper, F|100/100
|switch|p2a: Alomomola|Alomomola, M|100/100
|-weather|RainDance|[from] ability: Drizzle|[of] p1a: Pelipper
|turn|1
|
|t:|1758246398
|switch|p1a: Ogerpon|Ogerpon-Wellspring, F|100/100
|move|p2a: Alomomola|Flip Turn|p1a: Ogerpon
|-immune|p1a: Ogerpon|[from] ability: Water Absorb
|
|-weather|RainDance|[upkeep]
|upkeep
|turn|2
|
|t:|1758246406
|move|p1a: Ogerpon|Ivy Cudgel|p2a: Alomomola|[anim] Ivy Cudgel Water
|-resisted|p2a: Alomomola
|-damage|p2a: Alomomola|72/100
|move|p2a: Alomomola|Body Slam|p1a: Ogerpon
|-damage|p1a: Ogerpon|79/100
|
|-weather|RainDance|[upkeep]
|upkeep
|turn|3
|
|t:|1758246414
|switch|p2a: Weezing|Weezing-Galar, M|100/100
|-ability|p2a: Weezing|Neutralizing Gas
|move|p1a: Ogerpon|Power Whip|p2a: Weezing
|-resisted|p2a: Weezing
|-damage|p2a: Weezing|78/100
|
|-weather|RainDance|[upkeep]
|upkeep
|turn|4
|
|t:|1758246423
|move|p1a: Ogerpon|Ivy Cudgel|p2a: Weezing|[anim] Ivy Cudgel Water
|-damage|p2a: Weezing|24/100
|move|p2a: Weezing|Sludge Bomb|p1a: Ogerpon
|-supereffective|p1a: Ogerpon
|-damage|p1a: Ogerpon|13/100
|
|-weather|RainDance|[upkeep]
|upkeep
|turn|5
|
|t:|1758246431
|-end|p2a: Weezing|ability: Neutralizing Gas
|switch|p2a: Alomomola|Alomomola, M|100/100
|move|p1a: Ogerpon|Ivy Cudgel|p2a: Alomomola|[anim] Ivy Cudgel Water
|-resisted|p2a: Alomomola
|-damage|p2a: Alomomola|71/100
|
|-weather|RainDance|[upkeep]
|upkeep
|turn|6
|
|t:|1758246446
|switch|p2a: Weezing|Weezing-Galar, M|24/100
|-ability|p2a: Weezing|Neutralizing Gas
|move|p1a: Ogerpon|Power Whip|p2a: Weezing
|-resisted|p2a: Weezing
|-damage|p2a: Weezing|1/100
|
|-weather|RainDance|[upkeep]
|upkeep
|turn|7
|
|t:|1758246455
|move|p1a: Ogerpon|Ivy Cudgel|p2a: Weezing|[anim] Ivy Cudgel Water
|-damage|p2a: Weezing|0 fnt
|faint|p2a: Weezing
|-end|p2a: Weezing|ability: Neutralizing Gas
|
|-weather|RainDance|[upkeep]
|upkeep
|
|t:|1758246458
|switch|p2a: Gholdengo|Gholdengo|100/100
|turn|8
|
|t:|1758246464
|switch|p1a: Zapdos|Zapdos|100/100
|move|p2a: Gholdengo|Shadow Ball|p1a: Zapdos
|-damage|p1a: Zapdos|67/100
|
|-weather|none
|upkeep
|turn|9
|
|t:|1758246472
|move|p2a: Gholdengo|Shadow Ball|p1a: Zapdos
|-damage|p1a: Zapdos|36/100
|move|p1a: Zapdos|Volt Switch|p2a: Gholdengo
|-damage|p2a: Gholdengo|60/100
|
|t:|1758246479
|switch|p1a: Pelipper|Pelipper, F|100/100|[from] Volt Switch
|-weather|RainDance|[from] ability: Drizzle|[of] p1a: Pelipper
|
|-weather|RainDance|[upkeep]
|upkeep
|turn|10
|
|t:|1758246486
|move|p2a: Gholdengo|Shadow Ball|p1a: Pelipper
|-damage|p1a: Pelipper|38/100
|-unboost|p1a: Pelipper|spd|1
|move|p1a: Pelipper|U-turn|p2a: Gholdengo
|-resisted|p2a: Gholdengo
|-damage|p2a: Gholdengo|57/100
|
|t:|1758246494
|switch|p1a: Barraskewda|Barraskewda, F|100/100|[from] U-turn
|
|-weather|RainDance|[upkeep]
|upkeep
|turn|11
|
|t:|1758246500
|switch|p2a: Alomomola|Alomomola, M|100/100
|move|p1a: Barraskewda|Flip Turn|p2a: Alomomola
|-resisted|p2a: Alomomola
|-damage|p2a: Alomomola|82/100
|
|t:|1758246511
|switch|p1a: Ogerpon|Ogerpon-Wellspring, F|13/100|[from] Flip Turn
|
|-weather|RainDance|[upkeep]
|upkeep
|turn|12
|
|t:|1758246525
|switch|p2a: Dragonite|Dragonite, F|100/100
|move|p1a: Ogerpon|Power Whip|p2a: Dragonite
|-resisted|p2a: Dragonite
|-damage|p2a: Dragonite|92/100
|
|-weather|RainDance|[upkeep]
|upkeep
|turn|13
|
|t:|1758246534
|switch|p1a: Hatterene|Hatterene, F|100/100
|move|p2a: Dragonite|Extreme Speed|p1a: Hatterene
|-damage|p1a: Hatterene|78/100
|-enditem|p1a: Hatterene|Eject Button
|
|t:|1758246539
|switch|p1a: Beartic|Beartic, F|100/100
|
|-weather|RainDance|[upkeep]
|upkeep
|turn|14
|
|t:|1758246549
|switch|p2a: Alomomola|Alomomola, M|100/100
|move|p1a: Beartic|Swords Dance|p1a: Beartic
|-boost|p1a: Beartic|atk|2
|
|-weather|RainDance|[upkeep]
|upkeep
|turn|15
|
|t:|1758246557
|-terastallize|p1a: Beartic|Electric
|move|p1a: Beartic|Tera Blast|p2a: Alomomola|[anim] Tera Blast Electric
|-supereffective|p2a: Alomomola
|-damage|p2a: Alomomola|0 fnt
|faint|p2a: Alomomola
|
|-weather|RainDance|[upkeep]
|upkeep
|
|t:|1758246566
|switch|p2a: Dragonite|Dragonite, F|92/100
|turn|16
|
|t:|1758246569
|-terastallize|p2a: Dragonite|Normal
|move|p2a: Dragonite|Extreme Speed|p1a: Beartic
|-damage|p1a: Beartic|48/100
|move|p1a: Beartic|Icicle Spear|p2a: Dragonite
|-damage|p2a: Dragonite|64/100
|-damage|p2a: Dragonite|36/100
|-damage|p2a: Dragonite|8/100
|-damage|p2a: Dragonite|0 fnt
|faint|p2a: Dragonite
|-hitcount|p2: Dragonite|4
|
|-weather|none
|upkeep
|-message|bananacrazy forfeited.
|
|win|DontMissMantine
|raw|DontMissMantine's rating: 1482 &rarr; <strong>1501</strong><br />(+19 for winning)
|raw|bananacrazy's rating: 1461 &rarr; <strong>1442</strong><br />(-19 for losing)
|l|☆bananacrazy
|player|p2|
