|j|☆AP Precalculus
|j|☆oreoinabox
|t:|1758338085
|gametype|singles
|player|p1|AP Precalculus|gentleman|1525
|player|p2|oreoinabox|170|1491
|gen|9
|tier|[Gen 9] OU
|rated|
|rule|HP Percentage Mod: HP is shown in percentages
|rule|Endless Battle Clause: Forcing endless battles is banned
|rule|Species Clause: Limit one of each Pokémon
|rule|OHKO Clause: OHKO moves are banned
|rule|Evasion Items Clause: Evasion items are banned
|rule|Evasion Moves Clause: Evasion moves are banned
|rule|Evasion Abilities Clause: Evasion abilities are banned
|rule|Sleep Moves Clause: Sleep-inducing moves are banned
|clearpoke
|poke|p1|Grimmsnarl, M|
|poke|p1|Latios, M|
|poke|p1|Glimmora, M|
|poke|p1|Iron Moth|
|poke|p1|Rampardos, F|
|poke|p1|Iron Hands|
|poke|p2|Iron Thorns|
|poke|p2|Dondozo, M|
|poke|p2|Meowscarada, F|
|poke|p2|Heatran, F|
|poke|p2|Galvantula, M|
|poke|p2|Quaquaval, M|
|teampreview
|inactive|Battle timer is ON: inactive players will automatically lose when time's up. (requested by oreoinabox)
|inactive|AP Precalculus also wants the timer to be on.
|
|t:|1758338091
|teamsize|p1|6
|teamsize|p2|6
|start
|switch|p1a: Mr Grimm|Grimmsnarl, M|100/100
|switch|p2a: Galvantula|Galvantula, M|100/100
|turn|1
|
|t:|1758338094
|move|p1a: Mr Grimm|Taunt|p2a: Galvantula
|-start|p2a: Galvantula|move: Taunt
|cant|p2a: Galvantula|move: Taunt|Sticky Web
|
|upkeep
|turn|2
|
|t:|1758338096
|move|p1a: Mr Grimm|Light Screen|p1a: Mr Grimm
|-sidestart|p1: AP Precalculus|move: Light Screen
|move|p2a: Galvantula|Thunder|p1a: Mr Grimm
|-damage|p1a: Mr Grimm|84/100
|-status|p1a: Mr Grimm|par
|
|upkeep
|turn|3
|
|t:|1758338103
|cant|p1a: Mr Grimm|par
|move|p2a: Galvantula|Volt Switch|p1a: Mr Grimm
|-damage|p1a: Mr Grimm|72/100 par
|
|t:|1758338111
|switch|p2a: Heatran|Heatran, F|100/100|[from] Volt Switch
|-item|p2a: Heatran|Air Balloon
|
|upkeep
|turn|4
|
|t:|1758338116
|switch|p1a: Bing Bong|Glimmora, M|100/100
|move|p2a: Heatran|Magma Storm|p1a: Bing Bong
|-resisted|p1a: Bing Bong
|-damage|p1a: Bing Bong|83/100
|-activate|p1a: Bing Bong|move: Magma Storm|[of] p2a: Heatran
|
|-damage|p1a: Bing Bong|71/100|[from] move: Magma Storm|[partiallytrapped]
|upkeep
|turn|5
|
|t:|1758338134
|move|p1a: Bing Bong|Power Gem|p2a: Heatran
|-damage|p2a: Heatran|67/100
|-enditem|p2a: Heatran|Air Balloon
|move|p2a: Heatran|Earth Power|p1a: Bing Bong
|-supereffective|p1a: Bing Bong
|-damage|p1a: Bing Bong|0 fnt
|faint|p1a: Bing Bong
|
|upkeep
|
|t:|1758338159
|switch|p1a: Rampardos|Rampardos, F|100/100
|turn|6
|
|t:|1758338172
|-terastallize|p2a: Heatran|Flying
|move|p2a: Heatran|Flash Cannon|p1a: Rampardos
|-supereffective|p1a: Rampardos
|-damage|p1a: Rampardos|50/100
|move|p1a: Rampardos|Head Smash|p2a: Heatran
|-supereffective|p2a: Heatran
|-damage|p2a: Heatran|0 fnt
|faint|p2a: Heatran
|-damage|p1a: Rampardos|18/100|[from] Recoil
|-damage|p1a: Rampardos|8/100|[from] item: Life Orb
|
|upkeep
|
|t:|1758338178
|switch|p2a: Meowscarada|Meowscarada, F|100/100
|turn|7
|
|t:|1758338187
|move|p2a: Meowscarada|U-turn|p1a: Rampardos
|-start|p2a: Meowscarada|typechange|Bug|[from] ability: Protean
|-damage|p1a: Rampardos|0 fnt
|faint|p1a: Rampardos
|
|t:|1758338209
|switch|p2a: Galvantula|Galvantula, M|100/100|[from] U-turn
|
|upkeep
|
|t:|1758338212
|switch|p1a: Mr Grimm|Grimmsnarl, M|72/100 par
|turn|8
|
|t:|1758338218
|move|p1a: Mr Grimm|Taunt|p2a: Galvantula
|-start|p2a: Galvantula|move: Taunt
|move|p2a: Galvantula|Volt Switch|p1a: Mr Grimm
|-crit|p1a: Mr Grimm
|-damage|p1a: Mr Grimm|36/100 par
|
|t:|1758338227
|switch|p2a: Iron Thorns|Iron Thorns|100/100|[from] Volt Switch
|-enditem|p2a: Iron Thorns|Booster Energy
|-activate|p2a: Iron Thorns|ability: Quark Drive|[fromitem]
|-start|p2a: Iron Thorns|quarkdriveatk
|
|upkeep
|turn|9
|
|t:|1758338231
|move|p1a: Mr Grimm|Reflect|p1a: Mr Grimm
|-sidestart|p1: AP Precalculus|Reflect
|move|p2a: Iron Thorns|Dragon Dance|p2a: Iron Thorns
|-boost|p2a: Iron Thorns|atk|1
|-boost|p2a: Iron Thorns|spe|1
|
|-sideend|p1: AP Precalculus|move: Light Screen
|upkeep
|turn|10
|
|t:|1758338234
|cant|p1a: Mr Grimm|par
|move|p2a: Iron Thorns|Dragon Dance|p2a: Iron Thorns
|-boost|p2a: Iron Thorns|atk|1
|-boost|p2a: Iron Thorns|spe|1
|
|upkeep
|turn|11
|
|t:|1758338239
|move|p1a: Mr Grimm|Taunt|p2a: Iron Thorns
|-start|p2a: Iron Thorns|move: Taunt
|cant|p2a: Iron Thorns|move: Taunt|Dragon Dance
|
|upkeep
|turn|12
|
|t:|1758338242
|cant|p1a: Mr Grimm|par
|move|p2a: Iron Thorns|Earthquake|p1a: Mr Grimm
|-damage|p1a: Mr Grimm|0 fnt
|faint|p1a: Mr Grimm
|
|upkeep
|
|t:|1758338254
|switch|p1a: THE HANDS|Iron Hands|100/100
|-enditem|p1a: THE HANDS|Booster Energy
|-activate|p1a: THE HANDS|ability: Quark Drive|[fromitem]
|-start|p1a: THE HANDS|quarkdriveatk
|turn|13
|
|t:|1758338257
|-terastallize|p1a: THE HANDS|Water
|move|p2a: Iron Thorns|Earthquake|p1a: THE HANDS
|-damage|p1a: THE HANDS|68/100
|move|p1a: THE HANDS|Earthquake|p2a: Iron Thorns
|-supereffective|p2a: Iron Thorns
|-damage|p2a: Iron Thorns|0 fnt
|faint|p2a: Iron Thorns
|-end|p2a: Iron Thorns|Quark Drive|[silent]
|
|upkeep
|
|t:|1758338261
|switch|p2a: Galvantula|Galvantula, M|100/100
|turn|14
|
|t:|1758338268
|move|p2a: Galvantula|Thunder|p1a: THE HANDS
|-supereffective|p1a: THE HANDS
|-damage|p1a: THE HANDS|0 fnt
|faint|p1a: THE HANDS
|-end|p1a: THE HANDS|Quark Drive|[silent]
|
|upkeep
|
|t:|1758338278
|switch|p1a: Which One|Latios, M, shiny|100/100
|turn|15
|
|t:|1758338282
|move|p2a: Galvantula|Volt Switch|p1a: Which One
|-resisted|p1a: Which One
|-damage|p1a: Which One|88/100
|
|t:|1758338289
|switch|p2a: Dondozo|Dondozo, M|100/100|[from] Volt Switch
|move|p1a: Which One|Agility|p1a: Which One
|-boost|p1a: Which One|spe|2
|
|upkeep
|turn|16
|
|t:|1758338292
|move|p1a: Which One|Calm Mind|p1a: Which One
|-boost|p1a: Which One|spa|1
|-boost|p1a: Which One|spd|1
|move|p2a: Dondozo|Rest|p2a: Dondozo
|-fail|p2a: Dondozo|heal
|
|-sideend|p1: AP Precalculus|Reflect
|upkeep
|turn|17
|
|t:|1758338298
|move|p1a: Which One|Calm Mind|p1a: Which One
|-boost|p1a: Which One|spa|1
|-boost|p1a: Which One|spd|1
|move|p2a: Dondozo|Curse|p2a: Dondozo
|-unboost|p2a: Dondozo|spe|1
|-boost|p2a: Dondozo|atk|1
|-boost|p2a: Dondozo|def|1
|
|upkeep
|turn|18
|
|t:|1758338306
|move|p1a: Which One|Calm Mind|p1a: Which One
|-boost|p1a: Which One|spa|1
|-boost|p1a: Which One|spd|1
|move|p2a: Dondozo|Curse|p2a: Dondozo
|-unboost|p2a: Dondozo|spe|1
|-boost|p2a: Dondozo|atk|1
|-boost|p2a: Dondozo|def|1
|
|upkeep
|turn|19
|
|t:|1758338315
|move|p1a: Which One|Stored Power|p2a: Dondozo
|-damage|p2a: Dondozo|44/100
|move|p2a: Dondozo|Liquidation|p1a: Which One
|-resisted|p1a: Which One
|-damage|p1a: Which One|63/100
|-unboost|p1a: Which One|def|1
|
|-heal|p2a: Dondozo|50/100|[from] item: Leftovers
|upkeep
|turn|20
|
|t:|1758338321
|move|p1a: Which One|Stored Power|p2a: Dondozo
|-damage|p2a: Dondozo|0 fnt
|faint|p2a: Dondozo
|
|upkeep
|
|t:|1758338323
|switch|p2a: Meowscarada|Meowscarada, F|100/100
|turn|21
|
|t:|1758338332
|move|p2a: Meowscarada|Sucker Punch|p1a: Which One
|-start|p2a: Meowscarada|typechange|Dark|[from] ability: Protean
|-supereffective|p1a: Which One
|-damage|p1a: Which One|0 fnt
|faint|p1a: Which One
|
|upkeep
|
|t:|1758338335
|switch|p1a: a bug?|Iron Moth|100/100
|-enditem|p1a: a bug?|Booster Energy
|-activate|p1a: a bug?|ability: Quark Drive|[fromitem]
|-start|p1a: a bug?|quarkdrivespa
|turn|22
|
|t:|1758338361
|move|p2a: Meowscarada|Sucker Punch|p1a: a bug?
|-damage|p1a: a bug?|22/100
|move|p1a: a bug?|Dazzling Gleam|p2a: Meowscarada
|-supereffective|p2a: Meowscarada
|-damage|p2a: Meowscarada|0 fnt
|faint|p2a: Meowscarada
|
|upkeep
|
|t:|1758338363
|switch|p2a: Quaquaval|Quaquaval, M|100/100
|turn|23
|
|t:|1758338372
|move|p1a: a bug?|Energy Ball|p2a: Quaquaval
|-supereffective|p2a: Quaquaval
|-damage|p2a: Quaquaval|26/100
|move|p2a: Quaquaval|Aqua Step|p1a: a bug?
|-supereffective|p1a: a bug?
|-damage|p1a: a bug?|0 fnt
|-boost|p2a: Quaquaval|spe|1
|faint|p1a: a bug?
|-end|p1a: a bug?|Quark Drive|[silent]
|
|win|oreoinabox
|raw|AP Precalculus's rating: 1525 &rarr; <strong>1505</strong><br />(-20 for losing)
|raw|oreoinabox's rating: 1518 &rarr; <strong>1538</strong><br />(+20 for winning)
|l|☆AP Precalculus
|player|p1|
|l|☆oreoinabox
|player|p2|
