|j|☆tomatoparis
|j|☆The Blue Doggo
|t:|1758234981
|gametype|singles
|player|p1|tomatoparis|265|1575
|player|p2|The Blue Doggo|crasherwake|1577
|gen|9
|tier|[Gen 9] OU
|rated|
|rule|HP Percentage Mod: HP is shown in percentages
|rule|Endless Battle Clause: Forcing endless battles is banned
|rule|Species Clause: Limit one of each Pokémon
|rule|OHKO Clause: OHKO moves are banned
|rule|Evasion Items Clause: Evasion items are banned
|rule|Evasion Moves Clause: Evasion moves are banned
|rule|Evasion Abilities Clause: Evasion abilities are banned
|rule|Sleep Moves Clause: Sleep-inducing moves are banned
|clearpoke
|poke|p1|Pelipper, F|
|poke|p1|Zamazenta-*|
|poke|p1|Kingdra, M|
|poke|p1|Barraskewda, M|
|poke|p1|Dondozo, F|
|poke|p1|Mamoswine, F|
|poke|p2|Indeedee, M|
|poke|p2|Hatterene, F|
|poke|p2|Ursaluna, F|
|poke|p2|Iron Hands|
|poke|p2|Hoopa-Unbound|
|poke|p2|Mimikyu, F|
|teampreview
|
|t:|1758235006
|teamsize|p1|6
|teamsize|p2|6
|start
|switch|p1a: Mamoswine|Mamoswine, F|100/100
|switch|p2a: LEBRON|Iron Hands, shiny|100/100
|-enditem|p2a: LEBRON|Booster Energy
|-activate|p2a: LEBRON|ability: Quark Drive|[fromitem]
|-start|p2a: LEBRON|quarkdriveatk
|turn|1
|
|t:|1758235013
|move|p1a: Mamoswine|Earthquake|p2a: LEBRON
|-supereffective|p2a: LEBRON
|-damage|p2a: LEBRON|9/100
|-damage|p1a: Mamoswine|91/100|[from] item: Life Orb
|move|p2a: LEBRON|Close Combat|p1a: Mamoswine
|-supereffective|p1a: Mamoswine
|-damage|p1a: Mamoswine|0 fnt
|-unboost|p2a: LEBRON|def|1
|-unboost|p2a: LEBRON|spd|1
|faint|p1a: Mamoswine
|
|upkeep
|
|t:|1758235019
|switch|p1a: Barraskewda|Barraskewda, M|100/100
|turn|2
|
|t:|1758235021
|move|p1a: Barraskewda|Waterfall|p2a: LEBRON
|-crit|p2a: LEBRON
|-damage|p2a: LEBRON|0 fnt
|faint|p2a: LEBRON
|-end|p2a: LEBRON|Quark Drive|[silent]
|
|upkeep
|
|t:|1758235024
|switch|p2a: Subaru|Indeedee, M, shiny|100/100
|-fieldstart|move: Psychic Terrain|[from] ability: Psychic Surge|[of] p2a: Subaru
|turn|3
|
|t:|1758235029
|move|p1a: Barraskewda|Waterfall|p2a: Subaru
|-damage|p2a: Subaru|29/100
|move|p2a: Subaru|Trick Room|p2a: Subaru
|-fieldstart|move: Trick Room|[of] p2a: Subaru
|
|upkeep
|turn|4
|
|t:|1758235033
|switch|p1a: Pelipper|Pelipper, F|100/100
|-weather|RainDance|[from] ability: Drizzle|[of] p1a: Pelipper
|move|p2a: Subaru|Expanding Force|p1a: Pelipper
|-damage|p1a: Pelipper|23/100
|
|-weather|RainDance|[upkeep]
|upkeep
|turn|5
|
|t:|1758235038
|switch|p1a: Dondozo|Dondozo, F|100/100
|move|p2a: Subaru|Expanding Force|p1a: Dondozo
|-damage|p1a: Dondozo|44/100
|
|-weather|RainDance|[upkeep]
|upkeep
|turn|6
|
|t:|1758235041
|move|p1a: Dondozo|Wave Crash|p2a: Subaru
|-damage|p2a: Subaru|0 fnt
|faint|p2a: Subaru
|-damage|p1a: Dondozo|38/100|[from] Recoil
|
|-weather|RainDance|[upkeep]
|upkeep
|
|t:|1758235051
|switch|p2a: Satella|Hatterene, F, shiny|100/100
|turn|7
|
|t:|1758235054
|move|p2a: Satella|Expanding Force|p1a: Dondozo
|-damage|p1a: Dondozo|0 fnt
|faint|p1a: Dondozo
|-damage|p2a: Satella|91/100|[from] item: Life Orb
|
|-weather|RainDance|[upkeep]
|-fieldend|move: Trick Room
|upkeep
|
|t:|1758235057
|switch|p1a: Barraskewda|Barraskewda, M|100/100
|turn|8
|
|t:|1758235062
|switch|p2a: Mimi|Mimikyu, F, shiny|100/100
|move|p1a: Barraskewda|Waterfall|p2a: Mimi
|-activate|p2a: Mimi|ability: Disguise
|-damage|p2a: Mimi|100/100
|detailschange|p2a: Mimi|Mimikyu-Busted, F, shiny
|-damage|p2a: Mimi|88/100|[from] pokemon: Mimikyu-Busted
|-enditem|p2a: Mimi|Red Card|[of] p1a: Barraskewda
|drag|p1a: Pelipper|Pelipper, F|23/100
|
|-weather|RainDance|[upkeep]
|upkeep
|turn|9
|
|t:|1758235068
|move|p1a: Pelipper|Hurricane|p2a: Mimi
|-crit|p2a: Mimi
|-damage|p2a: Mimi|34/100
|move|p2a: Mimi|Trick Room|p2a: Mimi
|-fieldstart|move: Trick Room|[of] p2a: Mimi
|
|-weather|RainDance|[upkeep]
|upkeep
|turn|10
|
|t:|1758235073
|move|p1a: Pelipper|Hurricane|p2a: Mimi
|-damage|p2a: Mimi|0 fnt
|faint|p2a: Mimi
|
|-weather|RainDance|[upkeep]
|-fieldend|move: Psychic Terrain
|upkeep
|
|t:|1758235081
|switch|p2a: Crashout YN|Ursaluna, F, shiny|100/100
|turn|11
|
|t:|1758235085
|switch|p1a: Zamazenta|Zamazenta|100/100
|-ability|p1a: Zamazenta|Dauntless Shield|boost
|-boost|p1a: Zamazenta|def|1
|move|p2a: Crashout YN|Facade|p1a: Zamazenta
|-damage|p1a: Zamazenta|76/100
|
|-weather|none
|-status|p2a: Crashout YN|brn|[from] item: Flame Orb
|upkeep
|turn|12
|
|t:|1758235099
|switch|p2a: Satella|Hatterene, F, shiny|91/100
|move|p1a: Zamazenta|Close Combat|p2a: Satella
|-resisted|p2a: Satella
|-damage|p2a: Satella|65/100
|-unboost|p1a: Zamazenta|def|1
|-unboost|p1a: Zamazenta|spd|1
|
|upkeep
|turn|13
|
|t:|1758235105
|move|p2a: Satella|Draining Kiss|p1a: Zamazenta
|-supereffective|p1a: Zamazenta
|-damage|p1a: Zamazenta|0 fnt
|-heal|p2a: Satella|100/100|[from] drain|[of] p1a: Zamazenta
|faint|p1a: Zamazenta
|-damage|p2a: Satella|91/100|[from] item: Life Orb
|
|-fieldend|move: Trick Room
|upkeep
|
|t:|1758235111
|switch|p1a: Barraskewda|Barraskewda, M|100/100
|turn|14
|
|t:|1758235113
|move|p1a: Barraskewda|Poison Jab|p2a: Satella
|-supereffective|p2a: Satella
|-damage|p2a: Satella|0 fnt
|faint|p2a: Satella
|
|upkeep
|
|t:|1758235115
|switch|p2a: Crashout YN|Ursaluna, F, shiny|100/100 brn
|turn|15
|
|t:|1758235118
|switch|p1a: Pelipper|Pelipper, F|23/100
|-weather|RainDance|[from] ability: Drizzle|[of] p1a: Pelipper
|move|p2a: Crashout YN|Facade|p1a: Pelipper
|-damage|p1a: Pelipper|0 fnt
|faint|p1a: Pelipper
|
|-weather|RainDance|[upkeep]
|-damage|p2a: Crashout YN|94/100 brn|[from] brn
|upkeep
|
|t:|1758235121
|switch|p1a: Kingdra|Kingdra, M|100/100
|turn|16
|
|t:|1758235125
|-terastallize|p2a: Crashout YN|Normal
|move|p1a: Kingdra|Surf|p2a: Crashout YN
|-damage|p2a: Crashout YN|29/100 brn
|-damage|p1a: Kingdra|91/100|[from] item: Life Orb
|move|p2a: Crashout YN|Facade|p1a: Kingdra
|-crit|p1a: Kingdra
|-damage|p1a: Kingdra|0 fnt
|faint|p1a: Kingdra
|
|-weather|RainDance|[upkeep]
|-damage|p2a: Crashout YN|23/100 brn|[from] brn
|upkeep
|
|t:|1758235129
|switch|p1a: Barraskewda|Barraskewda, M|100/100
|turn|17
|
|t:|1758235130
|move|p1a: Barraskewda|Waterfall|p2a: Crashout YN
|-damage|p2a: Crashout YN|0 fnt
|faint|p2a: Crashout YN
|
|-weather|RainDance|[upkeep]
|upkeep
|
|t:|1758235132
|switch|p2a: King Von|Hoopa-Unbound|100/100
|turn|18
|
|t:|1758235139
|-terastallize|p1a: Barraskewda|Ground
|move|p1a: Barraskewda|Waterfall|p2a: King Von
|-damage|p2a: King Von|0 fnt
|faint|p2a: King Von
|
|win|tomatoparis
|raw|tomatoparis's rating: 1575 &rarr; <strong>1595</strong><br />(+20 for winning)
|raw|The Blue Doggo's rating: 1577 &rarr; <strong>1557</strong><br />(-20 for losing)
|l|☆The Blue Doggo
|player|p2|
