|j|☆vexingdeathtoday
|j|☆itsscarycary
|t:|1758234279
|gametype|singles
|player|p1|vexingdeathtoday|gambler|1108
|player|p2|itsscarycary|swimmerf-gen4|1123
|gen|9
|tier|[Gen 9] OU
|rated|
|rule|HP Percentage Mod: HP is shown in percentages
|rule|Endless Battle Clause: Forcing endless battles is banned
|rule|Species Clause: Limit one of each Pokémon
|rule|OHKO Clause: OHKO moves are banned
|rule|Evasion Items Clause: Evasion items are banned
|rule|Evasion Moves Clause: Evasion moves are banned
|rule|Evasion Abilities Clause: Evasion abilities are banned
|rule|Sleep Moves Clause: Sleep-inducing moves are banned
|clearpoke
|poke|p1|Furret, F|
|poke|p1|Malamar, M|
|poke|p1|Serperior, M|
|poke|p1|Cinderace, M|
|poke|p1|Galvantula, M|
|poke|p1|Hydreigon, M|
|poke|p2|Zapdos|
|poke|p2|Slowking-Galar, F|
|poke|p2|Jirachi|
|poke|p2|Landorus-Therian, M|
|poke|p2|Alomomola, M|
|poke|p2|Kingambit, M|
|teampreview
|inactive|Battle timer is ON: inactive players will automatically lose when time's up. (requested by itsscarycary)
|inactive|vexingdeathtoday also wants the timer to be on.
|c|☆itsscarycary|My friend malamar
|
|t:|1758234296
|teamsize|p1|6
|teamsize|p2|6
|start
|switch|p1a: Furret|Furret, F|100/100
|switch|p2a: Landorus|Landorus-Therian, M|100/100
|-ability|p2a: Landorus|Intimidate|boost
|-unboost|p1a: Furret|atk|1
|-item|p2a: Landorus|Light Ball|[from] ability: Frisk|[of] p1a: Furret
|turn|1
|
|t:|1758234308
|switch|p1a: Galvantula|Galvantula, M|100/100
|-item|p1a: Galvantula|Air Balloon
|move|p2a: Landorus|Fling|p1a: Galvantula
|-damage|p1a: Galvantula|87/100
|-enditem|p1a: Galvantula|Air Balloon
|-enditem|p2a: Landorus|Light Ball|[from] move: Fling
|
|upkeep
|turn|2
|
|t:|1758234319
|move|p2a: Landorus|Stealth Rock|p1a: Galvantula
|-sidestart|p1: vexingdeathtoday|move: Stealth Rock
|move|p1a: Galvantula|Sticky Web|p2a: Landorus
|-sidestart|p2: itsscarycary|move: Sticky Web
|
|upkeep
|turn|3
|
|t:|1758234326
|move|p2a: Landorus|Earth Power|p1a: Galvantula
|-damage|p1a: Galvantula|34/100
|move|p1a: Galvantula|Bug Buzz|p2a: Landorus
|-resisted|p2a: Landorus
|-damage|p2a: Landorus|79/100
|
|upkeep
|turn|4
|
|t:|1758234333
|move|p2a: Landorus|Earth Power|p1a: Galvantula
|-damage|p1a: Galvantula|0 fnt
|faint|p1a: Galvantula
|
|upkeep
|
|t:|1758234339
|switch|p1a: Cinderace|Cinderace, M|100/100
|-damage|p1a: Cinderace|76/100|[from] Stealth Rock
|turn|5
|
|t:|1758234349
|-terastallize|p2a: Landorus|Water
|move|p1a: Cinderace|Court Change|p1a: Cinderace
|-start|p1a: Cinderace|typechange|Normal|[from] ability: Libero
|-swapsideconditions
|-activate|p1a: Cinderace|move: Court Change
|move|p2a: Landorus|Earth Power|p1a: Cinderace
|-damage|p1a: Cinderace|33/100
|
|upkeep
|turn|6
|
|t:|1758234364
|move|p1a: Cinderace|Sucker Punch|p2a: Landorus
|-damage|p2a: Landorus|59/100
|move|p2a: Landorus|Earth Power|p1a: Cinderace
|-damage|p1a: Cinderace|0 fnt
|faint|p1a: Cinderace
|
|upkeep
|
|t:|1758234373
|switch|p1a: Malamar|Malamar, M|100/100
|-activate|p1a: Malamar|move: Sticky Web
|-boost|p1a: Malamar|spe|1
|turn|7
|
|t:|1758234383
|-terastallize|p1a: Malamar|Fighting
|move|p1a: Malamar|Superpower|p2a: Landorus
|-damage|p2a: Landorus|8/100
|-boost|p1a: Malamar|atk|1
|-boost|p1a: Malamar|def|1
|move|p2a: Landorus|U-turn|p1a: Malamar
|-resisted|p1a: Malamar
|-damage|p1a: Malamar|93/100
|
|t:|1758234390
|switch|p2a: Zapdos|Zapdos|100/100|[from] U-turn
|
|upkeep
|turn|8
|
|t:|1758234403
|move|p1a: Malamar|Knock Off|p2a: Zapdos
|-damage|p2a: Zapdos|57/100
|-enditem|p2a: Zapdos|Heavy-Duty Boots|[from] move: Knock Off|[of] p1a: Malamar
|move|p2a: Zapdos|Thunder Wave|p1a: Malamar
|-status|p1a: Malamar|par
|
|upkeep
|turn|9
|
|t:|1758234414
|move|p2a: Zapdos|Hurricane|p1a: Malamar|[miss]
|-miss|p2a: Zapdos|p1a: Malamar
|move|p1a: Malamar|Psycho Cut|p2a: Zapdos
|-damage|p2a: Zapdos|30/100
|
|upkeep
|turn|10
|
|t:|1758234432
|move|p2a: Zapdos|Hurricane|p1a: Malamar
|-supereffective|p1a: Malamar
|-damage|p1a: Malamar|0 fnt
|faint|p1a: Malamar
|
|upkeep
|
|t:|1758234441
|switch|p1a: Serperior|Serperior, M|100/100
|-activate|p1a: Serperior|move: Sticky Web
|-boost|p1a: Serperior|spe|1
|turn|11
|
|t:|1758234453
|move|p1a: Serperior|Dragon Pulse|p2a: Zapdos
|-damage|p2a: Zapdos|12/100
|move|p2a: Zapdos|Thunder Wave|p1a: Serperior|[miss]
|-miss|p2a: Zapdos|p1a: Serperior
|
|upkeep
|turn|12
|
|t:|1758234464
|switch|p2a: Jirachi|Jirachi|100/100
|-damage|p2a: Jirachi|94/100|[from] Stealth Rock
|move|p1a: Serperior|Leaf Storm|p2a: Jirachi
|-resisted|p2a: Jirachi
|-damage|p2a: Jirachi|77/100
|-boost|p1a: Serperior|spa|2
|
|-heal|p2a: Jirachi|83/100|[from] item: Leftovers
|upkeep
|turn|13
|
|t:|1758234483
|move|p1a: Serperior|Leaf Storm|p2a: Jirachi
|-resisted|p2a: Jirachi
|-damage|p2a: Jirachi|50/100
|-boost|p1a: Serperior|spa|2
|move|p2a: Jirachi|Body Slam|p1a: Serperior
|-damage|p1a: Serperior|80/100
|
|-heal|p2a: Jirachi|56/100|[from] item: Leftovers
|upkeep
|turn|14
|
|t:|1758234493
|move|p1a: Serperior|Leaf Storm|p2a: Jirachi
|-resisted|p2a: Jirachi
|-damage|p2a: Jirachi|3/100
|-boost|p1a: Serperior|spa|2
|move|p2a: Jirachi|Body Slam|p1a: Serperior
|-damage|p1a: Serperior|60/100
|-status|p1a: Serperior|par
|
|-heal|p2a: Jirachi|9/100|[from] item: Leftovers
|upkeep
|turn|15
|
|t:|1758234504
|move|p2a: Jirachi|Iron Head|p1a: Serperior
|-damage|p1a: Serperior|31/100 par
|cant|p1a: Serperior|flinch
|
|-heal|p2a: Jirachi|16/100|[from] item: Leftovers
|upkeep
|turn|16
|
|t:|1758234512
|move|p2a: Jirachi|Iron Head|p1a: Serperior
|-damage|p1a: Serperior|5/100 par
|cant|p1a: Serperior|flinch
|
|-heal|p2a: Jirachi|22/100|[from] item: Leftovers
|upkeep
|turn|17
|
|t:|1758234520
|move|p2a: Jirachi|Iron Head|p1a: Serperior
|-damage|p1a: Serperior|0 fnt
|faint|p1a: Serperior
|
|-heal|p2a: Jirachi|28/100|[from] item: Leftovers
|upkeep
|
|t:|1758234526
|switch|p1a: Hydreigon|Hydreigon, M|100/100
|turn|18
|
|t:|1758234532
|move|p1a: Hydreigon|Flamethrower|p2a: Jirachi
|-supereffective|p2a: Jirachi
|-damage|p2a: Jirachi|0 fnt
|faint|p2a: Jirachi
|
|upkeep
|
|t:|1758234536
|switch|p2a: Landorus|Landorus-Therian, M, tera:Water|8/100
|-damage|p2a: Landorus|0 fnt|[from] Stealth Rock
|faint|p2a: Landorus
|
|t:|1758234538
|switch|p2a: Alomomola|Alomomola, M|100/100
|turn|19
|
|t:|1758234545
|move|p1a: Hydreigon|Focus Energy|p1a: Hydreigon
|-start|p1a: Hydreigon|move: Focus Energy
|move|p2a: Alomomola|Body Slam|p1a: Hydreigon
|-damage|p1a: Hydreigon|83/100
|
|upkeep
|turn|20
|
|t:|1758234552
|move|p1a: Hydreigon|Draco Meteor|p2a: Alomomola
|-crit|p2a: Alomomola
|-damage|p2a: Alomomola|0 fnt
|-unboost|p1a: Hydreigon|spa|2
|faint|p2a: Alomomola
|
|upkeep
|
|t:|1758234555
|switch|p2a: Slowking|Slowking-Galar, F|100/100
|turn|21
|
|t:|1758234562
|move|p1a: Hydreigon|Draco Meteor|p2a: Slowking|[miss]
|-miss|p1a: Hydreigon|p2a: Slowking
|move|p2a: Slowking|Thunder Wave|p1a: Hydreigon
|-status|p1a: Hydreigon|par
|
|upkeep
|turn|22
|
|t:|1758234569
|cant|p1a: Hydreigon|par
|move|p2a: Slowking|Sludge Bomb|p1a: Hydreigon
|-damage|p1a: Hydreigon|47/100 par
|
|upkeep
|turn|23
|
|t:|1758234576
|move|p1a: Hydreigon|Draco Meteor|p2a: Slowking
|-crit|p2a: Slowking
|-damage|p2a: Slowking|41/100
|-unboost|p1a: Hydreigon|spa|2
|-prepare|p2a: Slowking|Chilly Reception|[premajor]
|move|p2a: Slowking|Chilly Reception|p2a: Slowking
|-weather|Snowscape
|
|t:|1758234579
|switch|p2a: Kingambit|Kingambit, M|100/100|[from] Chilly Reception
|-damage|p2a: Kingambit|94/100|[from] Stealth Rock
|-activate|p2a: Kingambit|ability: Supreme Overlord
|-start|p2a: Kingambit|fallen3|[silent]
|
|-weather|Snowscape|[upkeep]
|-heal|p2a: Kingambit|100/100|[from] item: Leftovers
|upkeep
|turn|24
|
|t:|1758234592
|move|p2a: Kingambit|Iron Head|p1a: Hydreigon
|-damage|p1a: Hydreigon|0 fnt
|faint|p1a: Hydreigon
|
|-weather|Snowscape|[upkeep]
|upkeep
|
|t:|1758234598
|switch|p1a: Furret|Furret, F|100/100
|-activate|p1a: Furret|move: Sticky Web
|-unboost|p1a: Furret|spe|1
|-item|p2a: Kingambit|Leftovers|[from] ability: Frisk|[of] p1a: Furret
|turn|25
|
|t:|1758234605
|-end|p2a: Kingambit|fallen3|[silent]
|switch|p2a: Slowking|Slowking-Galar, F|74/100
|move|p1a: Furret|Tidy Up|p1a: Furret
|-sideend|p1: vexingdeathtoday|Sticky Web
|-sideend|p2: itsscarycary|Stealth Rock
|-activate|p1a: Furret|move: Tidy Up
|-boost|p1a: Furret|atk|1
|-boost|p1a: Furret|spe|1
|
|-weather|Snowscape|[upkeep]
|upkeep
|turn|26
|
|t:|1758234615
|move|p1a: Furret|Last Resort|p2a: Slowking
|-damage|p2a: Slowking|0 fnt
|faint|p2a: Slowking
|
|-weather|Snowscape|[upkeep]
|upkeep
|
|t:|1758234621
|switch|p2a: Kingambit|Kingambit, M|100/100
|-activate|p2a: Kingambit|ability: Supreme Overlord
|-start|p2a: Kingambit|fallen4|[silent]
|turn|27
|
|t:|1758234626
|move|p2a: Kingambit|Sucker Punch||[still]
|-fail|p2a: Kingambit
|move|p1a: Furret|Tidy Up|p1a: Furret
|-boost|p1a: Furret|atk|1
|-boost|p1a: Furret|spe|1
|
|-weather|none
|upkeep
|turn|28
|
|t:|1758234636
|move|p1a: Furret|Tidy Up|p1a: Furret
|-boost|p1a: Furret|atk|1
|-boost|p1a: Furret|spe|1
|move|p2a: Kingambit|Kowtow Cleave|p1a: Furret
|-damage|p1a: Furret|0 fnt
|faint|p1a: Furret
|
|win|itsscarycary
|raw|vexingdeathtoday's rating: 1108 &rarr; <strong>1084</strong><br />(-24 for losing)
|raw|itsscarycary's rating: 1123 &rarr; <strong>1147</strong><br />(+24 for winning)
|l|☆vexingdeathtoday
|player|p1|
