|j|☆fusty333
|j|‽mysticryn
|t:|1758346116
|gametype|singles
|player|p1|fusty333|burglar|1533
|player|p2|mysticryn|2|1596
|gen|9
|tier|[Gen 9] OU
|rated|
|rule|HP Percentage Mod: HP is shown in percentages
|rule|Endless Battle Clause: Forcing endless battles is banned
|rule|Species Clause: Limit one of each Pokémon
|rule|OHKO Clause: OHKO moves are banned
|rule|Evasion Items Clause: Evasion items are banned
|rule|Evasion Moves Clause: Evasion moves are banned
|rule|Evasion Abilities Clause: Evasion abilities are banned
|rule|Sleep Moves Clause: Sleep-inducing moves are banned
|clearpoke
|poke|p1|Dragapult, F|
|poke|p1|Excadrill, F|
|poke|p1|Rotom-Heat|
|poke|p1|Corviknight, F|
|poke|p1|Araquanid, F|
|poke|p1|Zamazenta-*|
|poke|p2|Enamorus, F|
|poke|p2|Great Tusk|
|poke|p2|Iron Crown|
|poke|p2|Lokix, M|
|poke|p2|Alomomola, M|
|poke|p2|Pecharunt|
|teampreview
|inactive|Battle timer is ON: inactive players will automatically lose when time's up. (requested by fusty333)
|
|t:|1758346133
|teamsize|p1|6
|teamsize|p2|6
|start
|switch|p1a: Rotom|Rotom-Heat|100/100
|switch|p2a: Lokix|Lokix, M, shiny|100/100
|turn|1
|
|t:|1758346139
|switch|p2a: Alomomola|Alomomola, M, shiny|100/100
|move|p1a: Rotom|Volt Switch|p2a: Alomomola
|-supereffective|p2a: Alomomola
|-damage|p2a: Alomomola|61/100
|
|t:|1758346142
|switch|p1a: Dragapult|Dragapult, F|100/100|[from] Volt Switch
|
|upkeep
|turn|2
|
|t:|1758346145
|move|p1a: Dragapult|Shadow Ball|p2a: Alomomola
|-damage|p2a: Alomomola|31/100
|-unboost|p2a: Alomomola|spd|1
|move|p2a: Alomomola|Mirror Coat|p1a: Dragapult
|-damage|p1a: Dragapult|13/100
|
|upkeep
|turn|3
|
|t:|1758346150
|switch|p2a: Lokix|Lokix, M, shiny|100/100
|move|p1a: Dragapult|Shadow Ball|p2a: Lokix
|-resisted|p2a: Lokix
|-crit|p2a: Lokix
|-damage|p2a: Lokix|21/100
|-unboost|p2a: Lokix|spd|1
|
|upkeep
|turn|4
|
|t:|1758346153
|switch|p1a: Corviknight|Corviknight, F, shiny|100/100
|move|p2a: Lokix|First Impression|p1a: Corviknight
|-resisted|p1a: Corviknight
|-damage|p1a: Corviknight|81/100
|-damage|p2a: Lokix|4/100|[from] item: Rocky Helmet|[of] p1a: Corviknight
|
|upkeep
|turn|5
|
|t:|1758346158
|switch|p2a: Iron Crown|Iron Crown|100/100
|move|p1a: Corviknight|U-turn|p2a: Iron Crown
|-damage|p2a: Iron Crown|86/100
|
|t:|1758346165
|switch|p1a: Dragapult|Dragapult, F|13/100|[from] U-turn
|
|upkeep
|turn|6
|
|t:|1758346174
|-end|p2a: Iron Crown|Quark Drive|[silent]
|switch|p2a: Alomomola|Alomomola, M, shiny|65/100
|move|p1a: Dragapult|Shadow Ball|p2a: Alomomola
|-damage|p2a: Alomomola|33/100
|-unboost|p2a: Alomomola|spd|1
|
|upkeep
|turn|7
|
|t:|1758346179
|switch|p2a: Lokix|Lokix, M, shiny|4/100
|move|p1a: Dragapult|Shadow Ball|p2a: Lokix
|-resisted|p2a: Lokix
|-damage|p2a: Lokix|0 fnt
|faint|p2a: Lokix
|
|upkeep
|
|t:|1758346181
|switch|p2a: Enamorus|Enamorus, F, shiny|100/100
|turn|8
|
|t:|1758346200
|move|p2a: Enamorus|Mystical Fire|p1a: Dragapult
|-resisted|p1a: Dragapult
|-damage|p1a: Dragapult|0 fnt
|faint|p1a: Dragapult
|
|upkeep
|
|t:|1758346205
|switch|p1a: Araquanid|Araquanid, F, shiny|100/100
|turn|9
|
|t:|1758346210
|switch|p2a: Pecharunt|Pecharunt|100/100
|move|p1a: Araquanid|Infestation|p2a: Pecharunt
|-resisted|p2a: Pecharunt
|-damage|p2a: Pecharunt|99/100
|-activate|p2a: Pecharunt|move: Infestation|[of] p1a: Araquanid
|
|-damage|p2a: Pecharunt|87/100|[from] move: Infestation|[partiallytrapped]
|upkeep
|turn|10
|
|t:|1758346213
|switch|p1a: Excadrill|Excadrill, F|100/100
|-ability|p1a: Excadrill|Mold Breaker
|move|p2a: Pecharunt|Malignant Chain|p1a: Excadrill
|-immune|p1a: Excadrill
|
|-end|p2a: Pecharunt|Infestation|[partiallytrapped]|[silent]
|upkeep
|turn|11
|
|t:|1758346216
|move|p1a: Excadrill|Rock Slide|p2a: Pecharunt
|-damage|p2a: Pecharunt|74/100
|move|p2a: Pecharunt|Parting Shot|p1a: Excadrill
|-unboost|p1a: Excadrill|atk|1
|-unboost|p1a: Excadrill|spa|1
|
|t:|1758346219
|switch|p2a: Great Tusk|Great Tusk, shiny|100/100|[from] Parting Shot
|
|upkeep
|turn|12
|
|t:|1758346222
|switch|p1a: Corviknight|Corviknight, F, shiny|81/100
|move|p2a: Great Tusk|Stealth Rock|p1a: Corviknight
|-sidestart|p1: fusty333|move: Stealth Rock
|
|upkeep
|turn|13
|
|t:|1758346224
|-end|p2a: Great Tusk|Protosynthesis|[silent]
|switch|p2a: Iron Crown|Iron Crown|86/100
|move|p1a: Corviknight|Defog|p2a: Iron Crown
|-unboost|p2a: Iron Crown|evasion|1
|-sideend|p1: fusty333|Stealth Rock|[from] move: Defog|[of] p1a: Corviknight
|
|upkeep
|turn|14
|
|t:|1758346229
|switch|p1a: Araquanid|Araquanid, F, shiny|100/100
|move|p2a: Iron Crown|Psychic Noise|p1a: Araquanid
|-damage|p1a: Araquanid|66/100
|-start|p1a: Araquanid|move: Heal Block
|
|upkeep
|turn|15
|
|t:|1758346234
|-end|p2a: Iron Crown|Quark Drive|[silent]
|switch|p2a: Pecharunt|Pecharunt|74/100
|move|p1a: Araquanid|Mirror Coat||[still]
|-fail|p1a: Araquanid
|
|-end|p1a: Araquanid|move: Heal Block
|upkeep
|turn|16
|
|t:|1758346237
|move|p2a: Pecharunt|Malignant Chain|p1a: Araquanid
|-damage|p1a: Araquanid|48/100
|-status|p1a: Araquanid|tox
|-start|p1a: Araquanid|confusion|[from] ability: Poison Puppeteer|[of] p2a: Pecharunt
|-activate|p1a: Araquanid|confusion
|move|p1a: Araquanid|Liquidation|p2a: Pecharunt
|-damage|p2a: Pecharunt|55/100
|-unboost|p2a: Pecharunt|def|1
|
|-heal|p1a: Araquanid|54/100 tox|[from] item: Leftovers
|-damage|p1a: Araquanid|48/100 tox|[from] psn
|upkeep
|turn|17
|
|t:|1758346241
|switch|p1a: Excadrill|Excadrill, F|100/100
|-ability|p1a: Excadrill|Mold Breaker
|move|p2a: Pecharunt|Recover|p2a: Pecharunt
|-heal|p2a: Pecharunt|100/100
|
|upkeep
|turn|18
|
|t:|1758346245
|switch|p2a: Enamorus|Enamorus, F, shiny|100/100
|move|p1a: Excadrill|Earthquake|p2a: Enamorus
|-immune|p2a: Enamorus
|
|upkeep
|turn|19
|
|t:|1758346252
|switch|p1a: Rotom|Rotom-Heat|100/100
|-terastallize|p2a: Enamorus|Stellar
|move|p2a: Enamorus|Tera Blast|p1a: Rotom|[anim] Tera Blast Stellar
|-damage|p1a: Rotom|38/100
|-boost|p2a: Enamorus|atk|1
|-boost|p2a: Enamorus|spa|1
|
|upkeep
|turn|20
|
|t:|1758346259
|move|p2a: Enamorus|Tera Blast|p1a: Rotom|[anim] Tera Blast Stellar
|-damage|p1a: Rotom|0 fnt
|-boost|p2a: Enamorus|atk|1
|-boost|p2a: Enamorus|spa|1
|faint|p1a: Rotom
|
|upkeep
|
|t:|1758346260
|switch|p1a: Araquanid|Araquanid, F, shiny|48/100 tox
|turn|21
|
|t:|1758346266
|move|p2a: Enamorus|Tera Blast|p1a: Araquanid|[anim] Tera Blast Stellar
|-damage|p1a: Araquanid|2/100 tox
|-boost|p2a: Enamorus|atk|1
|-boost|p2a: Enamorus|spa|1
|move|p1a: Araquanid|Mirror Coat|p2a: Enamorus
|-damage|p2a: Enamorus|0 fnt
|faint|p2a: Enamorus
|
|-heal|p1a: Araquanid|8/100 tox|[from] item: Leftovers
|-damage|p1a: Araquanid|2/100 tox|[from] psn
|upkeep
|
|t:|1758346274
|switch|p2a: Iron Crown|Iron Crown|86/100
|turn|22
|
|t:|1758346278
|move|p2a: Iron Crown|Tachyon Cutter|p1a: Araquanid
|-resisted|p1a: Araquanid
|-damage|p1a: Araquanid|0 fnt
|faint|p1a: Araquanid
|-hitcount|p1: Araquanid|1
|
|upkeep
|
|t:|1758346281
|switch|p1a: Excadrill|Excadrill, F|100/100
|-ability|p1a: Excadrill|Mold Breaker
|turn|23
|
|t:|1758346285
|-end|p2a: Iron Crown|Quark Drive|[silent]
|switch|p2a: Great Tusk|Great Tusk, shiny|100/100
|-terastallize|p1a: Excadrill|Ground
|move|p1a: Excadrill|Earthquake|p2a: Great Tusk
|-damage|p2a: Great Tusk|48/100
|
|upkeep
|turn|24
|
|t:|1758346298
|move|p1a: Excadrill|Earthquake|p2a: Great Tusk
|-damage|p2a: Great Tusk|0 fnt
|faint|p2a: Great Tusk
|-end|p2a: Great Tusk|Protosynthesis|[silent]
|
|upkeep
|
|t:|1758346299
|switch|p2a: Iron Crown|Iron Crown|86/100
|turn|25
|
|t:|1758346304
|move|p1a: Excadrill|Earthquake|p2a: Iron Crown
|-supereffective|p2a: Iron Crown
|-damage|p2a: Iron Crown|0 fnt
|faint|p2a: Iron Crown
|-end|p2a: Iron Crown|Quark Drive|[silent]
|
|upkeep
|
|t:|1758346308
|switch|p2a: Alomomola|Alomomola, M, shiny|66/100
|turn|26
|
|t:|1758346310
|move|p1a: Excadrill|Earthquake|p2a: Alomomola
|-damage|p2a: Alomomola|20/100
|move|p2a: Alomomola|Scald|p1a: Excadrill
|-supereffective|p1a: Excadrill
|-damage|p1a: Excadrill|67/100
|
|upkeep
|turn|27
|
|t:|1758346313
|move|p1a: Excadrill|Earthquake|p2a: Alomomola
|-damage|p2a: Alomomola|0 fnt
|faint|p2a: Alomomola
|
|upkeep
|-message|mysticryn forfeited.
|
|win|fusty333
|raw|fusty333's rating: 1533 &rarr; <strong>1557</strong><br />(+24 for winning)
|raw|mysticryn's rating: 1596 &rarr; <strong>1572</strong><br />(-24 for losing)
|l|‽mysticryn
|player|p2|
