|j|☆kebab.ixx
|j|☆swumpy mumpus
|t:|1758341430
|gametype|singles
|player|p1|kebab.ixx|169|1536
|player|p2|swumpy mumpus|170|1505
|gen|9
|tier|[Gen 9] OU
|rated|
|rule|HP Percentage Mod: HP is shown in percentages
|rule|Endless Battle Clause: Forcing endless battles is banned
|rule|Species Clause: Limit one of each Pokémon
|rule|OHKO Clause: OHKO moves are banned
|rule|Evasion Items Clause: Evasion items are banned
|rule|Evasion Moves Clause: Evasion moves are banned
|rule|Evasion Abilities Clause: Evasion abilities are banned
|rule|Sleep Moves Clause: Sleep-inducing moves are banned
|clearpoke
|poke|p1|Hydrapple, M|
|poke|p1|Fezandipiti, M|
|poke|p1|Skarmory, M|
|poke|p1|Landorus-Therian, M|
|poke|p1|Samurott-Hisui, F|
|poke|p1|Skeledirge, F|
|poke|p2|Okidogi, M|
|poke|p2|Weezing-Galar, M|
|poke|p2|Ogerpon-Wellspring, F|
|poke|p2|Hatterene, F|
|poke|p2|Weavile, M|
|poke|p2|Hawlucha, M|
|teampreview
|
|t:|1758341447
|teamsize|p1|6
|teamsize|p2|6
|start
|switch|p1a: Fezandipiti|Fezandipiti, M|100/100
|switch|p2a: Weezing|Weezing-Galar, M|100/100
|-fieldstart|move: Misty Terrain|[from] ability: Misty Surge|[of] p2a: Weezing
|turn|1
|
|t:|1758341468
|switch|p2a: Okidogi|Okidogi, M|100/100
|move|p1a: Fezandipiti|Calm Mind|p1a: Fezandipiti
|-boost|p1a: Fezandipiti|spa|1
|-boost|p1a: Fezandipiti|spd|1
|
|upkeep
|turn|2
|
|t:|1758341474
|switch|p1a: Skarmory|Skarmory, M, shiny|100/100
|move|p2a: Okidogi|Knock Off|p1a: Skarmory
|-damage|p1a: Skarmory|79/100
|-damage|p2a: Okidogi|84/100|[from] item: Rocky Helmet|[of] p1a: Skarmory
|-enditem|p1a: Skarmory|Rocky Helmet|[from] move: Knock Off|[of] p2a: Okidogi
|
|-heal|p2a: Okidogi|90/100|[from] item: Leftovers
|upkeep
|turn|3
|
|t:|1758341480
|move|p2a: Okidogi|Bulk Up|p2a: Okidogi
|-boost|p2a: Okidogi|atk|1
|-boost|p2a: Okidogi|def|1
|move|p1a: Skarmory|Brave Bird|p2a: Okidogi
|-supereffective|p2a: Okidogi
|-damage|p2a: Okidogi|53/100
|-damage|p1a: Skarmory|65/100|[from] Recoil
|
|-heal|p2a: Okidogi|59/100|[from] item: Leftovers
|upkeep
|turn|4
|
|t:|1758341483
|move|p2a: Okidogi|Bulk Up|p2a: Okidogi
|-boost|p2a: Okidogi|atk|1
|-boost|p2a: Okidogi|def|1
|move|p1a: Skarmory|Stealth Rock|p2a: Okidogi
|-sidestart|p2: swumpy mumpus|move: Stealth Rock
|
|-heal|p2a: Okidogi|65/100|[from] item: Leftovers
|upkeep
|turn|5
|
|t:|1758341485
|switch|p1a: Skeledirge|Skeledirge, F|100/100
|move|p2a: Okidogi|Drain Punch|p1a: Skeledirge
|-immune|p1a: Skeledirge
|
|-heal|p2a: Okidogi|71/100|[from] item: Leftovers
|upkeep
|turn|6
|
|t:|1758341490
|move|p2a: Okidogi|Knock Off|p1a: Skeledirge
|-supereffective|p1a: Skeledirge
|-damage|p1a: Skeledirge|47/100
|-enditem|p1a: Skeledirge|Heavy-Duty Boots|[from] move: Knock Off|[of] p2a: Okidogi
|move|p1a: Skeledirge|Earth Power|p2a: Okidogi
|-supereffective|p2a: Okidogi
|-damage|p2a: Okidogi|27/100
|
|-heal|p2a: Okidogi|33/100|[from] item: Leftovers
|upkeep
|turn|7
|
|t:|1758341500
|switch|p2a: Ogerpon|Ogerpon-Wellspring, F|100/100
|-damage|p2a: Ogerpon|88/100|[from] Stealth Rock
|move|p1a: Skeledirge|Slack Off|p1a: Skeledirge
|-heal|p1a: Skeledirge|98/100
|
|upkeep
|turn|8
|
|t:|1758341506
|switch|p1a: Hydrapple|Hydrapple, M, shiny|100/100
|move|p2a: Ogerpon|Swords Dance|p2a: Ogerpon
|-boost|p2a: Ogerpon|atk|2
|
|-fieldend|Misty Terrain
|upkeep
|turn|9
|
|t:|1758341509
|switch|p1a: Skarmory|Skarmory, M, shiny|65/100
|move|p2a: Ogerpon|Play Rough|p1a: Skarmory
|-resisted|p1a: Skarmory
|-damage|p1a: Skarmory|46/100
|
|upkeep
|turn|10
|
|t:|1758341516
|switch|p1a: Hydrapple|Hydrapple, M, shiny|100/100
|move|p2a: Ogerpon|Ivy Cudgel|p1a: Hydrapple|[anim] Ivy Cudgel Water
|-resisted|p1a: Hydrapple
|-damage|p1a: Hydrapple|77/100
|
|upkeep
|turn|11
|
|t:|1758341522
|switch|p1a: Landorus|Landorus-Therian, M, shiny|100/100
|-ability|p1a: Landorus|Intimidate|boost
|-unboost|p2a: Ogerpon|atk|1
|move|p2a: Ogerpon|Play Rough|p1a: Landorus|[miss]
|-miss|p2a: Ogerpon|p1a: Landorus
|
|upkeep
|turn|12
|
|t:|1758341533
|move|p1a: Landorus|U-turn|p2a: Ogerpon
|-supereffective|p2a: Ogerpon
|-damage|p2a: Ogerpon|24/100
|
|t:|1758341538
|switch|p1a: Hydrapple|Hydrapple, M, shiny|100/100|[from] U-turn
|move|p2a: Ogerpon|Swords Dance|p2a: Ogerpon
|-boost|p2a: Ogerpon|atk|2
|
|upkeep
|turn|13
|
|t:|1758341550
|-terastallize|p1a: Hydrapple|Poison
|move|p2a: Ogerpon|Synthesis|p2a: Ogerpon
|-heal|p2a: Ogerpon|74/100
|move|p1a: Hydrapple|Fickle Beam|p2a: Ogerpon|[anim] Fickle Beam All Out
|-activate|p1a: Hydrapple|move: Fickle Beam
|-damage|p2a: Ogerpon|0 fnt
|faint|p2a: Ogerpon
|
|upkeep
|
|t:|1758341562
|switch|p2a: Weezing|Weezing-Galar, M|100/100
|-damage|p2a: Weezing|88/100|[from] Stealth Rock
|-fieldstart|move: Misty Terrain|[from] ability: Misty Surge|[of] p2a: Weezing
|turn|14
|
|t:|1758341570
|switch|p2a: Hatterene|Hatterene, F|100/100
|-damage|p2a: Hatterene|88/100|[from] Stealth Rock
|move|p1a: Hydrapple|Nasty Plot|p1a: Hydrapple
|-boost|p1a: Hydrapple|spa|2
|
|upkeep
|turn|15
|
|t:|1758341578
|move|p1a: Hydrapple|Giga Drain|p2a: Hatterene
|-damage|p2a: Hatterene|33/100
|move|p2a: Hatterene|Psyshock|p1a: Hydrapple
|-supereffective|p1a: Hydrapple
|-damage|p1a: Hydrapple|29/100
|
|upkeep
|turn|16
|
|t:|1758341586
|move|p1a: Hydrapple|Giga Drain|p2a: Hatterene
|-damage|p2a: Hatterene|0 fnt
|-heal|p1a: Hydrapple|41/100|[from] drain|[of] p2a: Hatterene
|faint|p2a: Hatterene
|
|upkeep
|
|t:|1758341593
|switch|p2a: Hawlucha|Hawlucha, M|100/100
|-damage|p2a: Hawlucha|88/100|[from] Stealth Rock
|-enditem|p2a: Hawlucha|Misty Seed
|-boost|p2a: Hawlucha|spd|1|[from] item: Misty Seed
|turn|17
|
|t:|1758341596
|move|p2a: Hawlucha|Encore|p1a: Hydrapple
|-start|p1a: Hydrapple|Encore
|move|p1a: Hydrapple|Giga Drain|p2a: Hawlucha
|-resisted|p2a: Hawlucha
|-damage|p2a: Hawlucha|51/100
|-heal|p1a: Hydrapple|56/100|[from] drain|[of] p2a: Hawlucha
|
|upkeep
|turn|18
|
|t:|1758341600
|move|p2a: Hawlucha|Swords Dance|p2a: Hawlucha
|-boost|p2a: Hawlucha|atk|2
|move|p1a: Hydrapple|Giga Drain|p2a: Hawlucha
|-resisted|p2a: Hawlucha
|-damage|p2a: Hawlucha|10/100
|-heal|p1a: Hydrapple|71/100|[from] drain|[of] p2a: Hawlucha
|
|upkeep
|turn|19
|
|t:|1758341606
|switch|p1a: Skarmory|Skarmory, M, shiny|46/100
|move|p2a: Hawlucha|Acrobatics|p1a: Skarmory
|-resisted|p1a: Skarmory
|-damage|p1a: Skarmory|15/100
|
|upkeep
|turn|20
|
|t:|1758341609
|move|p2a: Hawlucha|Acrobatics|p1a: Skarmory
|-resisted|p1a: Skarmory
|-damage|p1a: Skarmory|0 fnt
|faint|p1a: Skarmory
|
|upkeep
|
|t:|1758341611
|switch|p1a: Samurott|Samurott-Hisui, F, shiny|100/100
|turn|21
|
|t:|1758341616
|move|p1a: Samurott|Sucker Punch||[still]
|-fail|p1a: Samurott
|move|p2a: Hawlucha|Encore|p1a: Samurott
|-start|p1a: Samurott|Encore
|
|-fieldend|Misty Terrain
|upkeep
|turn|22
|
|t:|1758341619
|switch|p1a: Landorus|Landorus-Therian, M, shiny|100/100
|-ability|p1a: Landorus|Intimidate|boost
|-unboost|p2a: Hawlucha|atk|1
|move|p2a: Hawlucha|Swords Dance|p2a: Hawlucha
|-boost|p2a: Hawlucha|atk|2
|
|upkeep
|turn|23
|
|t:|1758341623
|switch|p1a: Skeledirge|Skeledirge, F|98/100
|move|p2a: Hawlucha|Acrobatics|p1a: Skeledirge
|-damage|p1a: Skeledirge|58/100
|
|upkeep
|turn|24
|
|t:|1758341626
|move|p2a: Hawlucha|Acrobatics|p1a: Skeledirge
|-damage|p1a: Skeledirge|24/100
|move|p1a: Skeledirge|Torch Song|p2a: Hawlucha
|-damage|p2a: Hawlucha|0 fnt
|-boost|p1a: Skeledirge|spa|1
|faint|p2a: Hawlucha
|
|upkeep
|
|t:|1758341630
|switch|p2a: Okidogi|Okidogi, M|33/100
|-damage|p2a: Okidogi|27/100|[from] Stealth Rock
|turn|25
|
|t:|1758341632
|move|p2a: Okidogi|Knock Off|p1a: Skeledirge
|-supereffective|p1a: Skeledirge
|-damage|p1a: Skeledirge|0 fnt
|faint|p1a: Skeledirge
|
|-heal|p2a: Okidogi|33/100|[from] item: Leftovers
|upkeep
|
|t:|1758341637
|switch|p1a: Hydrapple|Hydrapple, M, shiny, tera:Poison|100/100
|turn|26
|
|t:|1758341643
|switch|p2a: Weezing|Weezing-Galar, M|88/100
|-damage|p2a: Weezing|76/100|[from] Stealth Rock
|-fieldstart|move: Misty Terrain|[from] ability: Misty Surge|[of] p2a: Weezing
|move|p1a: Hydrapple|Earth Power|p2a: Weezing
|-supereffective|p2a: Weezing
|-damage|p2a: Weezing|0 fnt
|faint|p2a: Weezing
|
|upkeep
|
|t:|1758341645
|switch|p2a: Weavile|Weavile, M|100/100
|-damage|p2a: Weavile|76/100|[from] Stealth Rock
|-ability|p2a: Weavile|Pressure
|turn|27
|
|t:|1758341654
|switch|p1a: Fezandipiti|Fezandipiti, M|100/100
|-terastallize|p2a: Weavile|Ice
|move|p2a: Weavile|Triple Axel|p1a: Fezandipiti
|-damage|p1a: Fezandipiti|79/100
|-damage|p1a: Fezandipiti|37/100
|-hitcount|p1a: Fezandipiti|2
|
|upkeep
|turn|28
|
|t:|1758341656
|move|p2a: Weavile|Triple Axel|p1a: Fezandipiti
|-damage|p1a: Fezandipiti|16/100
|-damage|p1a: Fezandipiti|0 fnt
|faint|p1a: Fezandipiti
|-hitcount|p1: Fezandipiti|2
|
|upkeep
|
|t:|1758341658
|switch|p1a: Samurott|Samurott-Hisui, F, shiny|100/100
|turn|29
|
|t:|1758341661
|move|p2a: Weavile|Triple Axel|p1a: Samurott
|-resisted|p1a: Samurott
|-damage|p1a: Samurott|87/100
|-resisted|p1a: Samurott
|-damage|p1a: Samurott|62/100
|-resisted|p1a: Samurott
|-damage|p1a: Samurott|22/100
|-hitcount|p1a: Samurott|3
|move|p1a: Samurott|Ceaseless Edge|p2a: Weavile
|-damage|p2a: Weavile|0 fnt
|-sidestart|p2: swumpy mumpus|Spikes
|faint|p2a: Weavile
|
|upkeep
|
|t:|1758341662
|switch|p2a: Okidogi|Okidogi, M|33/100
|-damage|p2a: Okidogi|27/100|[from] Stealth Rock
|-damage|p2a: Okidogi|14/100|[from] Spikes
|turn|30
|
|t:|1758341666
|move|p1a: Samurott|Knock Off|p2a: Okidogi
|-resisted|p2a: Okidogi
|-damage|p2a: Okidogi|0 fnt
|-enditem|p2a: Okidogi|Leftovers|[from] move: Knock Off|[of] p1a: Samurott
|faint|p2a: Okidogi
|
|win|kebab.ixx
|raw|kebab.ixx's rating: 1536 &rarr; <strong>1554</strong><br />(+18 for winning)
|raw|swumpy mumpus's rating: 1505 &rarr; <strong>1487</strong><br />(-18 for losing)
|l|☆swumpy mumpus
|player|p2|
