|j|☆EvoLbt
|j|☆XxDarkSauc3xX
|t:|1758266369
|gametype|singles
|player|p1|EvoLbt|crasherwake|1222
|player|p2|XxDarkSauc3xX|elesa|1244
|gen|9
|tier|[Gen 9] OU
|rated|
|rule|HP Percentage Mod: HP is shown in percentages
|rule|Endless Battle Clause: Forcing endless battles is banned
|rule|Species Clause: Limit one of each Pokémon
|rule|OHKO Clause: OHKO moves are banned
|rule|Evasion Items Clause: Evasion items are banned
|rule|Evasion Moves Clause: Evasion moves are banned
|rule|Evasion Abilities Clause: Evasion abilities are banned
|rule|Sleep Moves Clause: Sleep-inducing moves are banned
|clearpoke
|poke|p1|Ceruledge, M|
|poke|p1|Raging Bolt|
|poke|p1|Walking Wake|
|poke|p1|Corviknight, M|
|poke|p1|Meowscarada, M|
|poke|p1|Iron Treads|
|poke|p2|Tsareena, F|
|poke|p2|Quaquaval, F|
|poke|p2|Salazzle, F|
|poke|p2|Gardevoir, F|
|poke|p2|Regirock|
|poke|p2|Ninetales-Alola, M|
|teampreview
|
|t:|1758266377
|teamsize|p1|6
|teamsize|p2|6
|start
|switch|p1a: Iron Treads|Iron Treads|100/100
|switch|p2a: WithAHandbag|Regirock, shiny|100/100
|turn|1
|
|t:|1758266385
|move|p1a: Iron Treads|Stealth Rock|p2a: WithAHandbag
|-sidestart|p2: XxDarkSauc3xX|move: Stealth Rock
|move|p2a: WithAHandbag|Drain Punch|p1a: Iron Treads
|-supereffective|p1a: Iron Treads
|-damage|p1a: Iron Treads|75/100
|
|-heal|p1a: Iron Treads|82/100|[from] item: Leftovers
|upkeep
|turn|2
|
|t:|1758266395
|move|p1a: Iron Treads|Volt Switch|p2a: WithAHandbag
|-damage|p2a: WithAHandbag|92/100
|
|t:|1758266402
|-end|p1a: Iron Treads|Quark Drive|[silent]
|switch|p1a: Walking Wake|Walking Wake|100/100|[from] Volt Switch
|move|p2a: WithAHandbag|Stealth Rock|p1a: Walking Wake
|-sidestart|p1: EvoLbt|move: Stealth Rock
|
|-heal|p2a: WithAHandbag|98/100|[from] item: Leftovers
|upkeep
|turn|3
|
|t:|1758266425
|switch|p2a: queen|Tsareena, F, shiny|100/100
|-damage|p2a: queen|88/100|[from] Stealth Rock
|move|p1a: Walking Wake|Draco Meteor|p2a: queen
|-damage|p2a: queen|10/100
|-unboost|p1a: Walking Wake|spa|2
|
|upkeep
|turn|4
|
|t:|1758266444
|switch|p2a: Purr|Ninetales-Alola, M, shiny|100/100
|-damage|p2a: Purr|76/100|[from] Stealth Rock
|-weather|Snowscape|[from] ability: Snow Warning|[of] p2a: Purr
|move|p1a: Walking Wake|Draco Meteor|p2a: Purr
|-immune|p2a: Purr
|
|-weather|Snowscape|[upkeep]
|upkeep
|turn|5
|
|t:|1758266456
|-end|p1a: Walking Wake|Protosynthesis|[silent]
|switch|p1a: Iron Treads|Iron Treads|82/100
|-damage|p1a: Iron Treads|79/100|[from] Stealth Rock
|move|p2a: Purr|Aurora Veil|p2a: Purr
|-sidestart|p2: XxDarkSauc3xX|move: Aurora Veil
|
|-weather|Snowscape|[upkeep]
|-heal|p1a: Iron Treads|85/100|[from] item: Leftovers
|upkeep
|turn|6
|
|t:|1758266466
|move|p1a: Iron Treads|Rapid Spin|p2a: Purr
|-damage|p2a: Purr|72/100
|-boost|p1a: Iron Treads|spe|1
|-sideend|p1: EvoLbt|Stealth Rock|[from] move: Rapid Spin|[of] p1a: Iron Treads
|move|p2a: Purr|Blizzard|p1a: Iron Treads
|-damage|p1a: Iron Treads|47/100
|
|-weather|Snowscape|[upkeep]
|-heal|p1a: Iron Treads|53/100|[from] item: Leftovers
|upkeep
|turn|7
|
|t:|1758266477
|move|p1a: Iron Treads|Iron Head|p2a: Purr
|-supereffective|p2a: Purr
|-damage|p2a: Purr|34/100
|cant|p2a: Purr|flinch
|
|-weather|Snowscape|[upkeep]
|-heal|p1a: Iron Treads|59/100|[from] item: Leftovers
|upkeep
|turn|8
|
|t:|1758266499
|-terastallize|p2a: Purr|Fairy
|move|p1a: Iron Treads|Iron Head|p2a: Purr
|-supereffective|p2a: Purr
|-damage|p2a: Purr|3/100
|move|p2a: Purr|Blizzard|p1a: Iron Treads
|-damage|p1a: Iron Treads|22/100
|
|-weather|none
|-heal|p1a: Iron Treads|28/100|[from] item: Leftovers
|upkeep
|turn|9
|
|t:|1758266509
|move|p1a: Iron Treads|Iron Head|p2a: Purr
|-supereffective|p2a: Purr
|-damage|p2a: Purr|0 fnt
|faint|p2a: Purr
|
|-heal|p1a: Iron Treads|34/100|[from] item: Leftovers
|upkeep
|
|t:|1758266519
|switch|p2a: WithAHandbag|Regirock, shiny|98/100
|-damage|p2a: WithAHandbag|86/100|[from] Stealth Rock
|turn|10
|
|t:|1758266529
|move|p1a: Iron Treads|Volt Switch|p2a: WithAHandbag
|-damage|p2a: WithAHandbag|82/100
|
|t:|1758266533
|-end|p1a: Iron Treads|Quark Drive|[silent]
|switch|p1a: Walking Wake|Walking Wake|100/100|[from] Volt Switch
|move|p2a: WithAHandbag|Curse|p2a: WithAHandbag
|-unboost|p2a: WithAHandbag|spe|1
|-boost|p2a: WithAHandbag|atk|1
|-boost|p2a: WithAHandbag|def|1
|
|-heal|p2a: WithAHandbag|88/100|[from] item: Leftovers
|upkeep
|turn|11
|
|t:|1758266546
|move|p1a: Walking Wake|Surf|p2a: WithAHandbag
|-supereffective|p2a: WithAHandbag
|-damage|p2a: WithAHandbag|45/100
|move|p2a: WithAHandbag|Curse|p2a: WithAHandbag
|-unboost|p2a: WithAHandbag|spe|1
|-boost|p2a: WithAHandbag|atk|1
|-boost|p2a: WithAHandbag|def|1
|
|-heal|p2a: WithAHandbag|51/100|[from] item: Leftovers
|upkeep
|turn|12
|
|t:|1758266555
|move|p1a: Walking Wake|Surf|p2a: WithAHandbag
|-supereffective|p2a: WithAHandbag
|-damage|p2a: WithAHandbag|7/100
|move|p2a: WithAHandbag|Drain Punch|p1a: Walking Wake
|-crit|p1a: Walking Wake
|-damage|p1a: Walking Wake|42/100
|-heal|p2a: WithAHandbag|35/100|[from] drain|[of] p1a: Walking Wake
|
|-heal|p2a: WithAHandbag|41/100|[from] item: Leftovers
|-sideend|p2: XxDarkSauc3xX|move: Aurora Veil
|upkeep
|turn|13
|
|t:|1758266565
|move|p1a: Walking Wake|Surf|p2a: WithAHandbag
|-supereffective|p2a: WithAHandbag
|-damage|p2a: WithAHandbag|0 fnt
|faint|p2a: WithAHandbag
|
|upkeep
|
|t:|1758266576
|switch|p2a: Mother|Gardevoir, F, shiny|100/100
|-damage|p2a: Mother|88/100|[from] Stealth Rock
|turn|14
|
|t:|1758266587
|-end|p1a: Walking Wake|Protosynthesis|[silent]
|switch|p1a: Iron Treads|Iron Treads|34/100
|move|p2a: Mother|Draining Kiss|p1a: Iron Treads
|-resisted|p1a: Iron Treads
|-damage|p1a: Iron Treads|22/100
|-heal|p2a: Mother|100/100|[from] drain|[of] p1a: Iron Treads
|
|-heal|p1a: Iron Treads|28/100|[from] item: Leftovers
|upkeep
|turn|15
|
|t:|1758266604
|switch|p2a: Dat455|Quaquaval, F, shiny|100/100
|-damage|p2a: Dat455|94/100|[from] Stealth Rock
|move|p1a: Iron Treads|Iron Head|p2a: Dat455
|-resisted|p2a: Dat455
|-damage|p2a: Dat455|73/100
|
|-heal|p1a: Iron Treads|35/100|[from] item: Leftovers
|upkeep
|turn|16
|
|t:|1758266613
|move|p1a: Iron Treads|Volt Switch|p2a: Dat455
|-supereffective|p2a: Dat455
|-damage|p2a: Dat455|42/100
|
|t:|1758266618
|-end|p1a: Iron Treads|Quark Drive|[silent]
|switch|p1a: Walking Wake|Walking Wake|42/100|[from] Volt Switch
|move|p2a: Dat455|Aqua Step|p1a: Walking Wake
|-resisted|p1a: Walking Wake
|-damage|p1a: Walking Wake|28/100
|-boost|p2a: Dat455|spe|1
|-damage|p2a: Dat455|32/100|[from] item: Life Orb
|
|upkeep
|turn|17
|
|t:|1758266630
|move|p1a: Walking Wake|Draco Meteor|p2a: Dat455
|-damage|p2a: Dat455|0 fnt
|-unboost|p1a: Walking Wake|spa|2
|faint|p2a: Dat455
|
|upkeep
|
|t:|1758266638
|switch|p2a: Mother|Gardevoir, F, shiny|100/100
|-damage|p2a: Mother|88/100|[from] Stealth Rock
|turn|18
|
|t:|1758266645
|-end|p1a: Walking Wake|Protosynthesis|[silent]
|switch|p1a: Iron Treads|Iron Treads|35/100
|move|p2a: Mother|Thunder Wave|p1a: Iron Treads
|-immune|p1a: Iron Treads
|
|-heal|p1a: Iron Treads|41/100|[from] item: Leftovers
|-heal|p2a: Mother|94/100|[from] item: Leftovers
|upkeep
|turn|19
|
|t:|1758266654
|switch|p2a: SkinnyQueen|Salazzle, F, shiny|100/100
|-damage|p2a: SkinnyQueen|76/100|[from] Stealth Rock
|move|p1a: Iron Treads|Iron Head|p2a: SkinnyQueen
|-resisted|p2a: SkinnyQueen
|-damage|p2a: SkinnyQueen|49/100
|
|-heal|p1a: Iron Treads|47/100|[from] item: Leftovers
|-heal|p2a: SkinnyQueen|55/100|[from] item: Black Sludge
|upkeep
|turn|20
|
|t:|1758266666
|move|p1a: Iron Treads|Volt Switch|p2a: SkinnyQueen
|-damage|p2a: SkinnyQueen|33/100
|
|t:|1758266670
|-end|p1a: Iron Treads|Quark Drive|[silent]
|switch|p1a: Walking Wake|Walking Wake|28/100|[from] Volt Switch
|move|p2a: SkinnyQueen|Sludge Wave|p1a: Walking Wake
|-damage|p1a: Walking Wake|0 fnt
|faint|p1a: Walking Wake
|-end|p1a: Walking Wake|Protosynthesis|[silent]
|
|-heal|p2a: SkinnyQueen|39/100|[from] item: Black Sludge
|upkeep
|
|t:|1758266686
|switch|p1a: Meowscarada|Meowscarada, M|100/100
|turn|21
|
|t:|1758266690
|move|p1a: Meowscarada|Knock Off|p2a: SkinnyQueen
|-start|p1a: Meowscarada|typechange|Dark|[from] ability: Protean
|-damage|p2a: SkinnyQueen|0 fnt
|-enditem|p2a: SkinnyQueen|Black Sludge|[from] move: Knock Off|[of] p1a: Meowscarada
|faint|p2a: SkinnyQueen
|
|upkeep
|
|t:|1758266697
|switch|p2a: Mother|Gardevoir, F, shiny|94/100
|-ability|p2a: Mother|Protean|Trace|[from] ability: Trace|[of] p1a: Meowscarada
|-damage|p2a: Mother|82/100|[from] Stealth Rock
|turn|22
|
|t:|1758266704
|switch|p1a: Iron Treads|Iron Treads|47/100
|move|p2a: Mother|Draining Kiss|p1a: Iron Treads
|-start|p2a: Mother|typechange|Fairy|[from] ability: Protean
|-resisted|p1a: Iron Treads
|-damage|p1a: Iron Treads|34/100
|-heal|p2a: Mother|96/100|[from] drain|[of] p1a: Iron Treads
|
|-heal|p1a: Iron Treads|40/100|[from] item: Leftovers
|-heal|p2a: Mother|100/100|[from] item: Leftovers
|upkeep
|turn|23
|
|t:|1758266718
|move|p1a: Iron Treads|Iron Head|p2a: Mother
|-supereffective|p2a: Mother
|-damage|p2a: Mother|33/100
|cant|p2a: Mother|flinch
|
|-heal|p1a: Iron Treads|47/100|[from] item: Leftovers
|-heal|p2a: Mother|39/100|[from] item: Leftovers
|upkeep
|turn|24
|
|t:|1758266731
|move|p1a: Iron Treads|Iron Head|p2a: Mother
|-supereffective|p2a: Mother
|-damage|p2a: Mother|0 fnt
|faint|p2a: Mother
|
|-heal|p1a: Iron Treads|53/100|[from] item: Leftovers
|upkeep
|
|t:|1758266737
|switch|p2a: queen|Tsareena, F, shiny|10/100
|-damage|p2a: queen|0 fnt|[from] Stealth Rock
|faint|p2a: queen
|
|win|EvoLbt
|raw|EvoLbt's rating: 1222 &rarr; <strong>1249</strong><br />(+27 for winning)
|raw|XxDarkSauc3xX's rating: 1244 &rarr; <strong>1217</strong><br />(-27 for losing)
|l|☆EvoLbt
|player|p1|
