|j|☆summmm
|j|☆Rizzofreko
|t:|1758365181
|gametype|singles
|player|p1|summmm|2|1497
|player|p2|Rizzofreko|norman|1501
|gen|9
|tier|[Gen 9] OU
|rated|
|rule|HP Percentage Mod: HP is shown in percentages
|rule|Endless Battle Clause: Forcing endless battles is banned
|rule|Species Clause: Limit one of each Pokémon
|rule|OHKO Clause: OHKO moves are banned
|rule|Evasion Items Clause: Evasion items are banned
|rule|Evasion Moves Clause: Evasion moves are banned
|rule|Evasion Abilities Clause: Evasion abilities are banned
|rule|Sleep Moves Clause: Sleep-inducing moves are banned
|clearpoke
|poke|p1|Dragapult, F|
|poke|p1|Great Tusk|
|poke|p1|Ogerpon-Wellspring, F|
|poke|p1|Slowking-Galar, M|
|poke|p1|Raging Bolt|
|poke|p1|Kingambit, M|
|poke|p2|Araquanid, F|
|poke|p2|Dragonite, M|
|poke|p2|Great Tusk|
|poke|p2|Gholdengo|
|poke|p2|Raging Bolt|
|poke|p2|Moltres|
|teampreview
|
|t:|1758365192
|teamsize|p1|6
|teamsize|p2|6
|start
|switch|p1a: Dragapult|Dragapult, F|100/100
|switch|p2a: Araquanid|Araquanid, F, shiny|100/100
|turn|1
|inactive|Battle timer is ON: inactive players will automatically lose when time's up. (requested by Rizzofreko)
|
|t:|1758365200
|move|p1a: Dragapult|Will-O-Wisp|p2a: Araquanid|[miss]
|-miss|p1a: Dragapult|p2a: Araquanid
|move|p2a: Araquanid|Sticky Web|p1a: Dragapult
|-sidestart|p1: summmm|move: Sticky Web
|
|upkeep
|turn|2
|
|t:|1758365212
|switch|p2a: Moltres|Moltres, shiny|100/100
|move|p1a: Dragapult|Will-O-Wisp|p2a: Moltres
|-immune|p2a: Moltres
|
|upkeep
|turn|3
|
|t:|1758365227
|move|p1a: Dragapult|U-turn|p2a: Moltres
|-resisted|p2a: Moltres
|-damage|p2a: Moltres|96/100
|
|t:|1758365233
|switch|p1a: Great Tusk|Great Tusk|100/100|[from] U-turn
|-activate|p1a: Great Tusk|move: Sticky Web
|-unboost|p1a: Great Tusk|spe|1
|move|p2a: Moltres|Will-O-Wisp|p1a: Great Tusk
|-status|p1a: Great Tusk|brn
|
|-damage|p1a: Great Tusk|94/100 brn|[from] brn
|upkeep
|turn|4
|
|t:|1758365242
|switch|p2a: Gholdengo|Gholdengo|100/100
|-item|p2a: Gholdengo|Air Balloon
|move|p1a: Great Tusk|Ice Spinner|p2a: Gholdengo
|-resisted|p2a: Gholdengo
|-damage|p2a: Gholdengo|94/100
|-enditem|p2a: Gholdengo|Air Balloon
|
|-damage|p1a: Great Tusk|88/100 brn|[from] brn
|upkeep
|turn|5
|
|t:|1758365261
|-end|p1a: Great Tusk|Protosynthesis|[silent]
|switch|p1a: Slowking|Slowking-Galar, M|100/100
|-activate|p1a: Slowking|move: Sticky Web
|-unboost|p1a: Slowking|spe|1
|move|p2a: Gholdengo|Make It Rain|p1a: Slowking
|-damage|p1a: Slowking|62/100
|-unboost|p2a: Gholdengo|spa|1
|
|upkeep
|turn|6
|inactive|Rizzofreko has 120 seconds left.
|
|t:|1758365298
|switch|p2a: Araquanid|Araquanid, F, shiny|100/100
|move|p1a: Slowking|Ice Beam|p2a: Araquanid
|-resisted|p2a: Araquanid
|-damage|p2a: Araquanid|91/100
|
|upkeep
|turn|7
|inactive|Rizzofreko has 120 seconds left.
|
|t:|1758365319
|switch|p2a: Gholdengo|Gholdengo|94/100
|switch|p1a: Raging Bolt|Raging Bolt|100/100
|-activate|p1a: Raging Bolt|move: Sticky Web
|-unboost|p1a: Raging Bolt|spe|1
|-enditem|p1a: Raging Bolt|Booster Energy
|-activate|p1a: Raging Bolt|ability: Protosynthesis|[fromitem]
|-start|p1a: Raging Bolt|protosynthesisspa
|
|upkeep
|turn|8
|inactive|Rizzofreko has 120 seconds left.
|
|t:|1758365327
|move|p2a: Gholdengo|Shadow Ball|p1a: Raging Bolt
|-damage|p1a: Raging Bolt|56/100
|move|p1a: Raging Bolt|Calm Mind|p1a: Raging Bolt
|-boost|p1a: Raging Bolt|spa|1
|-boost|p1a: Raging Bolt|spd|1
|
|upkeep
|turn|9
|
|t:|1758365333
|move|p2a: Gholdengo|Shadow Ball|p1a: Raging Bolt
|-damage|p1a: Raging Bolt|27/100
|-unboost|p1a: Raging Bolt|spd|1
|move|p1a: Raging Bolt|Thunderbolt|p2a: Gholdengo
|-damage|p2a: Gholdengo|0 fnt
|faint|p2a: Gholdengo
|
|upkeep
|
|t:|1758365339
|switch|p2a: Great Tusk|Great Tusk, shiny|100/100
|-enditem|p2a: Great Tusk|Booster Energy
|-activate|p2a: Great Tusk|ability: Protosynthesis|[fromitem]
|-start|p2a: Great Tusk|protosynthesisatk
|turn|10
|
|t:|1758365344
|move|p2a: Great Tusk|Headlong Rush|p1a: Raging Bolt
|-supereffective|p1a: Raging Bolt
|-damage|p1a: Raging Bolt|0 fnt
|-unboost|p2a: Great Tusk|def|1
|-unboost|p2a: Great Tusk|spd|1
|faint|p1a: Raging Bolt
|-end|p1a: Raging Bolt|Protosynthesis|[silent]
|
|upkeep
|
|t:|1758365351
|switch|p1a: Ogerpon|Ogerpon-Wellspring, F|100/100
|-activate|p1a: Ogerpon|move: Sticky Web
|-unboost|p1a: Ogerpon|spe|1
|turn|11
|
|t:|1758365357
|-end|p2a: Great Tusk|Protosynthesis|[silent]
|switch|p2a: Raging Bolt|Raging Bolt|100/100
|-enditem|p2a: Raging Bolt|Booster Energy
|-activate|p2a: Raging Bolt|ability: Protosynthesis|[fromitem]
|-start|p2a: Raging Bolt|protosynthesisspa
|move|p1a: Ogerpon|Ivy Cudgel|p2a: Raging Bolt|[anim] Ivy Cudgel Water
|-resisted|p2a: Raging Bolt
|-damage|p2a: Raging Bolt|74/100
|
|upkeep
|turn|12
|
|t:|1758365367
|move|p1a: Ogerpon|U-turn|p2a: Raging Bolt
|-damage|p2a: Raging Bolt|53/100
|
|t:|1758365370
|switch|p1a: Slowking|Slowking-Galar, M|96/100|[from] U-turn
|-activate|p1a: Slowking|move: Sticky Web
|-unboost|p1a: Slowking|spe|1
|move|p2a: Raging Bolt|Discharge|p1a: Slowking
|-damage|p1a: Slowking|65/100
|
|upkeep
|turn|13
|
|t:|1758365376
|move|p2a: Raging Bolt|Draco Meteor|p1a: Slowking
|-damage|p1a: Slowking|14/100
|-unboost|p2a: Raging Bolt|spa|2
|move|p1a: Slowking|Ice Beam|p2a: Raging Bolt
|-supereffective|p2a: Raging Bolt
|-damage|p2a: Raging Bolt|17/100
|
|upkeep
|turn|14
|
|t:|1758365386
|switch|p1a: Kingambit|Kingambit, M|100/100
|-activate|p1a: Kingambit|move: Sticky Web
|-unboost|p1a: Kingambit|spe|1
|-activate|p1a: Kingambit|ability: Supreme Overlord
|-start|p1a: Kingambit|fallen1|[silent]
|move|p2a: Raging Bolt|Discharge|p1a: Kingambit
|-damage|p1a: Kingambit|68/100
|
|-heal|p1a: Kingambit|75/100|[from] item: Leftovers
|upkeep
|turn|15
|
|t:|1758365393
|-end|p2a: Raging Bolt|Protosynthesis|[silent]
|switch|p2a: Moltres|Moltres, shiny|96/100
|move|p1a: Kingambit|Kowtow Cleave|p2a: Moltres
|-damage|p2a: Moltres|44/100
|
|-heal|p1a: Kingambit|81/100|[from] item: Leftovers
|upkeep
|turn|16
|
|t:|1758365403
|-end|p1a: Kingambit|fallen1|[silent]
|switch|p1a: Great Tusk|Great Tusk|88/100 brn
|-activate|p1a: Great Tusk|move: Sticky Web
|-unboost|p1a: Great Tusk|spe|1
|move|p2a: Moltres|Roost|p2a: Moltres
|-heal|p2a: Moltres|94/100
|-singleturn|p2a: Moltres|move: Roost
|
|-damage|p1a: Great Tusk|82/100 brn|[from] brn
|upkeep
|turn|17
|
|t:|1758365413
|switch|p2a: Araquanid|Araquanid, F, shiny|91/100
|move|p1a: Great Tusk|Rapid Spin|p2a: Araquanid
|-damage|p2a: Araquanid|82/100
|-boost|p1a: Great Tusk|spe|1
|-sideend|p1: summmm|Sticky Web|[from] move: Rapid Spin|[of] p1a: Great Tusk
|
|-damage|p1a: Great Tusk|76/100 brn|[from] brn
|upkeep
|turn|18
|
|t:|1758365424
|move|p1a: Great Tusk|Stealth Rock|p2a: Araquanid
|-sidestart|p2: Rizzofreko|move: Stealth Rock
|move|p2a: Araquanid|Sticky Web|p1a: Great Tusk
|-sidestart|p1: summmm|move: Sticky Web
|
|-damage|p1a: Great Tusk|70/100 brn|[from] brn
|upkeep
|turn|19
|
|t:|1758365428
|move|p1a: Great Tusk|Rapid Spin|p2a: Araquanid
|-crit|p2a: Araquanid
|-damage|p2a: Araquanid|68/100
|-boost|p1a: Great Tusk|spe|1
|-sideend|p1: summmm|Sticky Web|[from] move: Rapid Spin|[of] p1a: Great Tusk
|move|p2a: Araquanid|Surf|p1a: Great Tusk
|-supereffective|p1a: Great Tusk
|-damage|p1a: Great Tusk|0 fnt
|faint|p1a: Great Tusk
|-end|p1a: Great Tusk|Protosynthesis|[silent]
|
|upkeep
|
|t:|1758365434
|switch|p1a: Dragapult|Dragapult, F|100/100
|turn|20
|
|t:|1758365439
|move|p1a: Dragapult|Will-O-Wisp|p2a: Araquanid|[miss]
|-miss|p1a: Dragapult|p2a: Araquanid
|move|p2a: Araquanid|Sticky Web|p1a: Dragapult
|-sidestart|p1: summmm|move: Sticky Web
|
|upkeep
|turn|21
|
|t:|1758365448
|switch|p2a: Moltres|Moltres, shiny|94/100
|move|p1a: Dragapult|Will-O-Wisp|p2a: Moltres
|-immune|p2a: Moltres
|
|upkeep
|turn|22
|
|t:|1758365457
|move|p1a: Dragapult|Hex|p2a: Moltres
|-damage|p2a: Moltres|72/100
|move|p2a: Moltres|Will-O-Wisp|p1a: Dragapult
|-status|p1a: Dragapult|brn
|
|-damage|p1a: Dragapult|95/100 brn|[from] brn
|upkeep
|turn|23
|
|t:|1758365462
|move|p1a: Dragapult|U-turn|p2a: Moltres
|-resisted|p2a: Moltres
|-damage|p2a: Moltres|70/100
|
|t:|1758365463
|switch|p1a: Slowking|Slowking-Galar, M|48/100|[from] U-turn
|-activate|p1a: Slowking|move: Sticky Web
|-unboost|p1a: Slowking|spe|1
|move|p2a: Moltres|Flamethrower|p1a: Slowking
|-damage|p1a: Slowking|25/100
|
|upkeep
|turn|24
|-message|summmm forfeited.
|
|win|Rizzofreko
|raw|summmm's rating: 1497 &rarr; <strong>1477</strong><br />(-20 for losing)
|raw|Rizzofreko's rating: 1501 &rarr; <strong>1521</strong><br />(+20 for winning)
|l|☆summmm
|player|p1|
