|j|☆Jon Mateo
|j|☆sujeira e doenca
|t:|1758286236
|gametype|singles
|player|p1|Jon Mateo|265|1325
|player|p2|sujeira e doenca|169|1329
|gen|9
|tier|[Gen 9] OU
|rated|
|rule|HP Percentage Mod: HP is shown in percentages
|rule|Endless Battle Clause: Forcing endless battles is banned
|rule|Species Clause: Limit one of each Pokémon
|rule|OHKO Clause: OHKO moves are banned
|rule|Evasion Items Clause: Evasion items are banned
|rule|Evasion Moves Clause: Evasion moves are banned
|rule|Evasion Abilities Clause: Evasion abilities are banned
|rule|Sleep Moves Clause: Sleep-inducing moves are banned
|clearpoke
|poke|p1|Ceruledge, M|
|poke|p1|Lokix, F|
|poke|p1|Quaquaval, M|
|poke|p1|Gardevoir, M|
|poke|p1|Garchomp, F|
|poke|p1|Rotom-Frost|
|poke|p2|Ogerpon, F|
|poke|p2|Raging Bolt|
|poke|p2|Slowking-Galar, M|
|poke|p2|Primarina, F|
|poke|p2|Weavile, F|
|poke|p2|Corviknight, F|
|teampreview
|
|t:|1758286256
|teamsize|p1|6
|teamsize|p2|6
|start
|switch|p1a: Rotom|Rotom-Frost|100/100
|switch|p2a: Weavile|Weavile, F|100/100
|-ability|p2a: Weavile|Pressure
|turn|1
|
|t:|1758286297
|move|p1a: Rotom|Volt Switch|p2a: Weavile
|-crit|p2a: Weavile
|-damage|p2a: Weavile|41/100
|
|t:|1758286307
|switch|p1a: Quaquaval|Quaquaval, M|100/100|[from] Volt Switch
|move|p2a: Weavile|Knock Off|p1a: Quaquaval
|-resisted|p1a: Quaquaval
|-damage|p1a: Quaquaval|57/100
|-enditem|p1a: Quaquaval|Choice Band|[from] move: Knock Off|[of] p2a: Weavile
|
|upkeep
|turn|2
|
|t:|1758286319
|switch|p2a: Corviknight|Corviknight, F|100/100
|-ability|p2a: Corviknight|Pressure
|move|p1a: Quaquaval|Aqua Jet|p2a: Corviknight
|-damage|p2a: Corviknight|87/100
|-damage|p1a: Quaquaval|41/100|[from] item: Rocky Helmet|[of] p2a: Corviknight
|
|upkeep
|turn|3
|
|t:|1758286328
|switch|p1a: Garchomp|Garchomp, F|100/100
|move|p2a: Corviknight|Brave Bird|p1a: Garchomp
|-damage|p1a: Garchomp|66/100
|-damage|p2a: Corviknight|75/100|[from] ability: Rough Skin|[of] p1a: Garchomp
|-damage|p2a: Corviknight|64/100|[from] Recoil
|
|upkeep
|turn|4
|
|t:|1758286338
|move|p1a: Garchomp|Scale Shot|p2a: Corviknight|[miss]
|-miss|p1a: Garchomp|p2a: Corviknight
|move|p2a: Corviknight|Roost|p2a: Corviknight
|-heal|p2a: Corviknight|100/100
|-singleturn|p2a: Corviknight|move: Roost
|
|upkeep
|turn|5
|
|t:|1758286349
|move|p1a: Garchomp|Swords Dance|p1a: Garchomp
|-boost|p1a: Garchomp|atk|2
|move|p2a: Corviknight|U-turn|p1a: Garchomp
|-damage|p1a: Garchomp|52/100
|-damage|p2a: Corviknight|88/100|[from] ability: Rough Skin|[of] p1a: Garchomp
|
|t:|1758286353
|switch|p2a: Weavile|Weavile, F|41/100|[from] U-turn
|-ability|p2a: Weavile|Pressure
|
|upkeep
|turn|6
|
|t:|1758286373
|switch|p1a: Quaquaval|Quaquaval, M|41/100
|move|p2a: Weavile|Knock Off|p1a: Quaquaval
|-resisted|p1a: Quaquaval
|-damage|p1a: Quaquaval|10/100
|
|upkeep
|turn|7
|
|t:|1758286380
|switch|p2a: Corviknight|Corviknight, F|88/100
|-ability|p2a: Corviknight|Pressure
|move|p1a: Quaquaval|Aqua Jet|p2a: Corviknight
|-damage|p2a: Corviknight|75/100
|-damage|p1a: Quaquaval|0 fnt|[from] item: Rocky Helmet|[of] p2a: Corviknight
|faint|p1a: Quaquaval
|
|upkeep
|
|t:|1758286383
|switch|p1a: Rotom|Rotom-Frost|100/100
|turn|8
|
|t:|1758286388
|switch|p2a: Slowking|Slowking-Galar, M|100/100
|move|p1a: Rotom|Thunderbolt|p2a: Slowking
|-damage|p2a: Slowking|69/100
|
|upkeep
|turn|9
|
|t:|1758286402
|switch|p1a: Garchomp|Garchomp, F|52/100
|move|p2a: Slowking|Future Sight|p1a: Garchomp
|-start|p2a: Slowking|move: Future Sight
|
|upkeep
|turn|10
|
|t:|1758286410
|switch|p2a: Corviknight|Corviknight, F|75/100
|-ability|p2a: Corviknight|Pressure
|move|p1a: Garchomp|Scale Shot|p2a: Corviknight
|-resisted|p2a: Corviknight
|-damage|p2a: Corviknight|71/100
|-resisted|p2a: Corviknight
|-damage|p2a: Corviknight|66/100
|-resisted|p2a: Corviknight
|-damage|p2a: Corviknight|62/100
|-resisted|p2a: Corviknight
|-damage|p2a: Corviknight|57/100
|-resisted|p2a: Corviknight
|-damage|p2a: Corviknight|53/100
|-hitcount|p2a: Corviknight|5
|-unboost|p1a: Garchomp|def|1
|-boost|p1a: Garchomp|spe|1
|
|upkeep
|turn|11
|
|t:|1758286415
|switch|p1a: Gardevoir|Gardevoir, M|100/100
|move|p2a: Corviknight|Brave Bird|p1a: Gardevoir
|-damage|p1a: Gardevoir|43/100
|-damage|p2a: Corviknight|40/100|[from] Recoil
|
|-end|p1a: Gardevoir|move: Future Sight
|-resisted|p1a: Gardevoir
|-damage|p1a: Gardevoir|21/100
|upkeep
|turn|12
|
|t:|1758286427
|move|p1a: Gardevoir|Mystical Fire|p2a: Corviknight
|-supereffective|p2a: Corviknight
|-damage|p2a: Corviknight|0 fnt
|faint|p2a: Corviknight
|
|upkeep
|
|t:|1758286440
|switch|p2a: Weavile|Weavile, F|41/100
|-ability|p2a: Weavile|Pressure
|turn|13
|
|t:|1758286446
|move|p2a: Weavile|Ice Shard|p1a: Gardevoir
|-damage|p1a: Gardevoir|0 fnt
|faint|p1a: Gardevoir
|
|upkeep
|
|t:|1758286450
|switch|p1a: Rotom|Rotom-Frost|100/100
|turn|14
|
|t:|1758286457
|switch|p2a: Slowking|Slowking-Galar, M|100/100
|move|p1a: Rotom|Thunderbolt|p2a: Slowking
|-crit|p2a: Slowking
|-damage|p2a: Slowking|54/100
|
|upkeep
|turn|15
|
|t:|1758286463
|switch|p1a: Garchomp|Garchomp, F|52/100
|move|p2a: Slowking|Future Sight|p1a: Garchomp
|-start|p2a: Slowking|move: Future Sight
|
|upkeep
|turn|16
|
|t:|1758286470
|move|p1a: Garchomp|Earthquake|p2a: Slowking
|-supereffective|p2a: Slowking
|-damage|p2a: Slowking|0 fnt
|faint|p2a: Slowking
|
|upkeep
|
|t:|1758286477
|switch|p2a: Weavile|Weavile, F|41/100
|-ability|p2a: Weavile|Pressure
|turn|17
|
|t:|1758286488
|move|p2a: Weavile|Triple Axel|p1a: Garchomp
|-supereffective|p1a: Garchomp
|-damage|p1a: Garchomp|0 fnt
|-damage|p2a: Weavile|29/100|[from] ability: Rough Skin|[of] p1a: Garchomp
|faint|p1a: Garchomp
|-hitcount|p1: Garchomp|1
|
|-hint|Future Sight did not hit because the target is fainted.
|upkeep
|
|t:|1758286493
|switch|p1a: Lokix|Lokix, F|100/100
|turn|18
|
|t:|1758286499
|switch|p2a: Primarina|Primarina, F|100/100
|move|p1a: Lokix|First Impression|p2a: Primarina
|-resisted|p2a: Primarina
|-damage|p2a: Primarina|53/100
|
|upkeep
|turn|19
|
|t:|1758286503
|move|p1a: Lokix|U-turn|p2a: Primarina
|-resisted|p2a: Primarina
|-damage|p2a: Primarina|12/100
|
|t:|1758286507
|switch|p1a: Ceruledge|Ceruledge, M|100/100|[from] U-turn
|move|p2a: Primarina|Whirlpool|p1a: Ceruledge
|-supereffective|p1a: Ceruledge
|-crit|p1a: Ceruledge
|-damage|p1a: Ceruledge|32/100
|-activate|p1a: Ceruledge|move: Whirlpool|[of] p2a: Primarina
|
|-damage|p1a: Ceruledge|19/100|[from] move: Whirlpool|[partiallytrapped]
|upkeep
|turn|20
|
|t:|1758286517
|move|p1a: Ceruledge|Shadow Sneak|p2a: Primarina
|-damage|p2a: Primarina|0 fnt
|faint|p2a: Primarina
|-damage|p1a: Ceruledge|9/100|[from] item: Life Orb
|
|-end|p1a: Ceruledge|Whirlpool|[partiallytrapped]|[silent]
|upkeep
|
|t:|1758286526
|switch|p2a: Weavile|Weavile, F|29/100
|-ability|p2a: Weavile|Pressure
|turn|21
|
|t:|1758286532
|move|p2a: Weavile|Ice Shard|p1a: Ceruledge
|-resisted|p1a: Ceruledge
|-damage|p1a: Ceruledge|0 fnt
|faint|p1a: Ceruledge
|
|upkeep
|
|t:|1758286538
|switch|p1a: Rotom|Rotom-Frost|100/100
|turn|22
|
|t:|1758286542
|switch|p2a: Raging Bolt|Raging Bolt|100/100
|move|p1a: Rotom|Blizzard|p2a: Raging Bolt
|-supereffective|p2a: Raging Bolt
|-damage|p2a: Raging Bolt|18/100
|
|upkeep
|turn|23
|
|t:|1758286550
|move|p1a: Rotom|Blizzard|p2a: Raging Bolt
|-supereffective|p2a: Raging Bolt
|-damage|p2a: Raging Bolt|0 fnt
|faint|p2a: Raging Bolt
|-end|p2a: Raging Bolt|Protosynthesis|[silent]
|
|upkeep
|
|t:|1758286555
|switch|p2a: Weavile|Weavile, F|29/100
|-ability|p2a: Weavile|Pressure
|turn|24
|
|t:|1758286562
|move|p1a: Rotom|Blizzard|p2a: Weavile
|-resisted|p2a: Weavile
|-damage|p2a: Weavile|0 fnt
|faint|p2a: Weavile
|
|upkeep
|-message|sujeira e doenca forfeited.
|
|win|Jon Mateo
|raw|Jon Mateo's rating: 1325 &rarr; <strong>1345</strong><br />(+20 for winning)
|raw|sujeira e doenca's rating: 1329 &rarr; <strong>1309</strong><br />(-20 for losing)
|l|☆sujeira e doenca
|player|p2|
|l|☆Jon Mateo
|player|p1|
