|j|☆assssh
|j|☆ripwal11
|t:|1758270092
|gametype|singles
|player|p1|assssh|1|1460
|player|p2|ripwal11|266|1504
|gen|9
|tier|[Gen 9] OU
|rated|
|rule|HP Percentage Mod: HP is shown in percentages
|rule|Endless Battle Clause: Forcing endless battles is banned
|rule|Species Clause: Limit one of each Pokémon
|rule|OHKO Clause: OHKO moves are banned
|rule|Evasion Items Clause: Evasion items are banned
|rule|Evasion Moves Clause: Evasion moves are banned
|rule|Evasion Abilities Clause: Evasion abilities are banned
|rule|Sleep Moves Clause: Sleep-inducing moves are banned
|clearpoke
|poke|p1|Dragonite, M|
|poke|p1|Great Tusk|
|poke|p1|Gholdengo|
|poke|p1|Zapdos|
|poke|p1|Garganacl, F|
|poke|p1|Kleavor, M|
|poke|p2|Indeedee, M|
|poke|p2|Hatterene, F|
|poke|p2|Ursaluna, F|
|poke|p2|Iron Hands|
|poke|p2|Hoopa-Unbound|
|poke|p2|Mimikyu, F|
|teampreview
|inactive|Battle timer is ON: inactive players will automatically lose when time's up. (requested by ripwal11)
|
|t:|1758270107
|teamsize|p1|6
|teamsize|p2|6
|start
|switch|p1a: Kleavor|Kleavor, M|100/100
|switch|p2a: LEBRON|Iron Hands, shiny|100/100
|-enditem|p2a: LEBRON|Booster Energy
|-activate|p2a: LEBRON|ability: Quark Drive|[fromitem]
|-start|p2a: LEBRON|quarkdriveatk
|turn|1
|
|t:|1758270123
|move|p1a: Kleavor|Tailwind|p1a: Kleavor
|-sidestart|p1: assssh|move: Tailwind
|move|p2a: LEBRON|Close Combat|p1a: Kleavor
|-enditem|p1a: Kleavor|Focus Sash
|-damage|p1a: Kleavor|1/100
|-unboost|p2a: LEBRON|def|1
|-unboost|p2a: LEBRON|spd|1
|
|upkeep
|turn|2
|
|t:|1758270129
|move|p1a: Kleavor|Stone Axe|p2a: LEBRON
|-resisted|p2a: LEBRON
|-damage|p2a: LEBRON|72/100
|-sidestart|p2: ripwal11|move: Stealth Rock
|move|p2a: LEBRON|Heavy Slam|p1a: Kleavor
|-supereffective|p1a: Kleavor
|-damage|p1a: Kleavor|0 fnt
|faint|p1a: Kleavor
|
|upkeep
|
|t:|1758270140
|switch|p1a: Great Tusk|Great Tusk|100/100
|-enditem|p1a: Great Tusk|Booster Energy
|-activate|p1a: Great Tusk|ability: Protosynthesis|[fromitem]
|-start|p1a: Great Tusk|protosynthesisatk
|turn|3
|
|t:|1758270150
|-terastallize|p2a: LEBRON|Flying
|move|p1a: Great Tusk|Headlong Rush|p2a: LEBRON
|-immune|p2a: LEBRON
|move|p2a: LEBRON|Ice Punch|p1a: Great Tusk
|-supereffective|p1a: Great Tusk
|-damage|p1a: Great Tusk|39/100
|
|upkeep
|turn|4
|
|t:|1758270155
|move|p1a: Great Tusk|Ice Spinner|p2a: LEBRON
|-supereffective|p2a: LEBRON
|-damage|p2a: LEBRON|0 fnt
|faint|p2a: LEBRON
|-end|p2a: LEBRON|Quark Drive|[silent]
|
|-sideend|p1: assssh|move: Tailwind
|upkeep
|
|t:|1758270171
|switch|p2a: Subaru|Indeedee, M, shiny|100/100
|-damage|p2a: Subaru|88/100|[from] Stealth Rock
|-fieldstart|move: Psychic Terrain|[from] ability: Psychic Surge|[of] p2a: Subaru
|turn|5
|
|t:|1758270176
|move|p1a: Great Tusk|Headlong Rush|p2a: Subaru
|-damage|p2a: Subaru|1/100
|-unboost|p1a: Great Tusk|def|1
|-unboost|p1a: Great Tusk|spd|1
|move|p2a: Subaru|Trick Room|p2a: Subaru
|-fieldstart|move: Trick Room|[of] p2a: Subaru
|
|upkeep
|turn|6
|
|t:|1758270191
|move|p2a: Subaru|Healing Wish|p2a: Subaru
|faint|p2a: Subaru
|move|p1a: Great Tusk|Headlong Rush|p2: Subaru|[notarget]
|-fail|p1a: Great Tusk
|
|upkeep
|
|t:|1758270195
|switch|p2a: Crashout YN|Ursaluna, F, shiny|100/100
|-damage|p2a: Crashout YN|94/100|[from] Stealth Rock
|turn|7
|
|t:|1758270217
|move|p2a: Crashout YN|Ice Punch|p1a: Great Tusk
|-supereffective|p1a: Great Tusk
|-damage|p1a: Great Tusk|0 fnt
|faint|p1a: Great Tusk
|-end|p1a: Great Tusk|Protosynthesis|[silent]
|
|-status|p2a: Crashout YN|brn|[from] item: Flame Orb
|upkeep
|
|t:|1758270220
|switch|p1a: Garganacl|Garganacl, F|100/100
|turn|8
|
|t:|1758270229
|switch|p2a: King Von|Hoopa-Unbound|100/100
|-damage|p2a: King Von|88/100|[from] Stealth Rock
|-enditem|p2a: King Von|Psychic Seed
|-boost|p2a: King Von|spd|1|[from] item: Psychic Seed
|-terastallize|p1a: Garganacl|Fairy
|move|p1a: Garganacl|Iron Defense|p1a: Garganacl
|-boost|p1a: Garganacl|def|2
|
|upkeep
|turn|9
|
|t:|1758270236
|move|p1a: Garganacl|Body Press|p2a: King Von
|-damage|p2a: King Von|39/100
|move|p2a: King Von|Expanding Force|p1a: Garganacl
|-damage|p1a: Garganacl|37/100
|-item|p2a: King Von|Leftovers|[from] ability: Magician|[of] p1a: Garganacl
|
|-heal|p2a: King Von|45/100|[from] item: Leftovers
|-fieldend|move: Trick Room
|upkeep
|turn|10
|
|t:|1758270248
|move|p2a: King Von|Expanding Force|p1a: Garganacl
|-damage|p1a: Garganacl|0 fnt
|faint|p1a: Garganacl
|
|-heal|p2a: King Von|51/100|[from] item: Leftovers
|upkeep
|
|t:|1758270254
|switch|p1a: Dragonite|Dragonite, M|100/100
|turn|11
|
|t:|1758270259
|move|p1a: Dragonite|Dragon Dance|p1a: Dragonite
|-boost|p1a: Dragonite|atk|1
|-boost|p1a: Dragonite|spe|1
|move|p2a: King Von|Trick Room|p2a: King Von
|-fieldstart|move: Trick Room|[of] p2a: King Von
|
|-heal|p2a: King Von|57/100|[from] item: Leftovers
|upkeep
|turn|12
|
|t:|1758270275
|move|p2a: King Von|Expanding Force|p1a: Dragonite
|-damage|p1a: Dragonite|47/100
|move|p1a: Dragonite|Dragon Dance|p1a: Dragonite
|-boost|p1a: Dragonite|atk|1
|-boost|p1a: Dragonite|spe|1
|
|-heal|p2a: King Von|63/100|[from] item: Leftovers
|-fieldend|move: Psychic Terrain
|upkeep
|turn|13
|
|t:|1758270284
|switch|p2a: Mimi|Mimikyu, F, shiny|100/100
|-damage|p2a: Mimi|88/100|[from] Stealth Rock
|move|p1a: Dragonite|Extreme Speed|p2a: Mimi
|-immune|p2a: Mimi
|
|upkeep
|turn|14
|
|t:|1758270290
|switch|p1a: Zapdos|Zapdos|100/100
|move|p2a: Mimi|Curse|p1a: Zapdos
|-start|p1a: Zapdos|Curse|[of] p2a: Mimi
|-damage|p2a: Mimi|38/100
|
|-damage|p1a: Zapdos|75/100|[from] Curse
|upkeep
|turn|15
|inactive|ripwal11 has 120 seconds left.
|
|t:|1758270333
|move|p2a: Mimi|Curse||[still]
|-fail|p2a: Mimi
|move|p1a: Zapdos|U-turn|p2a: Mimi
|-activate|p2a: Mimi|ability: Disguise
|-damage|p2a: Mimi|38/100
|detailschange|p2a: Mimi|Mimikyu-Busted, F, shiny
|-damage|p2a: Mimi|26/100|[from] pokemon: Mimikyu-Busted
|-enditem|p2a: Mimi|Red Card|[of] p1a: Zapdos
|drag|p1a: Dragonite|Dragonite, M|47/100
|
|-fieldend|move: Trick Room
|upkeep
|turn|16
|
|t:|1758270340
|move|p1a: Dragonite|Ice Spinner|p2a: Mimi
|-damage|p2a: Mimi|0 fnt
|faint|p2a: Mimi
|
|upkeep
|inactive|ripwal11 has 120 seconds left.
|
|t:|1758270351
|switch|p2a: Satella|Hatterene, F, shiny|100/100
|-damage|p2a: Satella|88/100|[from] Stealth Rock
|turn|17
|
|t:|1758270356
|switch|p1a: Zapdos|Zapdos|75/100
|move|p2a: Satella|Trick Room|p2a: Satella
|-fieldstart|move: Trick Room|[of] p2a: Satella
|
|upkeep
|turn|18
|
|t:|1758270367
|move|p2a: Satella|Expanding Force|p1a: Zapdos
|-damage|p1a: Zapdos|17/100
|-damage|p2a: Satella|78/100|[from] item: Life Orb
|move|p1a: Zapdos|Roost|p1a: Zapdos
|-heal|p1a: Zapdos|67/100
|-singleturn|p1a: Zapdos|move: Roost
|
|upkeep
|turn|19
|
|t:|1758270370
|move|p2a: Satella|Expanding Force|p1a: Zapdos
|-damage|p1a: Zapdos|8/100
|-damage|p2a: Satella|69/100|[from] item: Life Orb
|move|p1a: Zapdos|Roost|p1a: Zapdos
|-heal|p1a: Zapdos|58/100
|-singleturn|p1a: Zapdos|move: Roost
|
|upkeep
|turn|20
|
|t:|1758270377
|move|p2a: Satella|Expanding Force|p1a: Zapdos
|-damage|p1a: Zapdos|0 fnt
|faint|p1a: Zapdos
|-damage|p2a: Satella|59/100|[from] item: Life Orb
|
|upkeep
|
|t:|1758270380
|switch|p1a: Dragonite|Dragonite, M|47/100
|turn|21
|
|t:|1758270386
|move|p1a: Dragonite|Extreme Speed|p2a: Satella
|-damage|p2a: Satella|26/100
|move|p2a: Satella|Draining Kiss|p1a: Dragonite
|-supereffective|p1a: Dragonite
|-damage|p1a: Dragonite|0 fnt
|-heal|p2a: Satella|62/100|[from] drain|[of] p1a: Dragonite
|faint|p1a: Dragonite
|-damage|p2a: Satella|52/100|[from] item: Life Orb
|
|-fieldend|move: Trick Room
|upkeep
|
|t:|1758270389
|switch|p1a: Gholdengo|Gholdengo|100/100
|turn|22
|c|☆ripwal11|gg
|
|t:|1758270396
|move|p1a: Gholdengo|Trick|p2a: Satella
|-activate|p1a: Gholdengo|move: Trick|[of] p2a: Satella
|-item|p2a: Satella|Choice Scarf|[from] move: Trick
|-item|p1a: Gholdengo|Life Orb|[from] move: Trick
|move|p2a: Satella|Trick Room|p2a: Satella
|-fieldstart|move: Trick Room|[of] p2a: Satella
|
|upkeep
|turn|23
|
|t:|1758270403
|switch|p2a: King Von|Hoopa-Unbound|63/100
|-heal|p2a: King Von|100/100|[from] move: Healing Wish
|-damage|p2a: King Von|88/100|[from] Stealth Rock
|move|p1a: Gholdengo|Focus Blast|p2a: King Von
|-damage|p2a: King Von|50/100
|-damage|p1a: Gholdengo|91/100|[from] item: Life Orb
|
|-heal|p2a: King Von|56/100|[from] item: Leftovers
|upkeep
|turn|24
|
|t:|1758270411
|move|p2a: King Von|Hyperspace Fury|p1a: Gholdengo
|-supereffective|p1a: Gholdengo
|-damage|p1a: Gholdengo|0 fnt
|-unboost|p2a: King Von|def|1
|faint|p1a: Gholdengo
|
|win|ripwal11
|raw|assssh's rating: 1460 &rarr; <strong>1443</strong><br />(-17 for losing)
|raw|ripwal11's rating: 1504 &rarr; <strong>1521</strong><br />(+17 for winning)
