|j|☆ay cheu
|j|☆Lord zebraman
|t:|1758339730
|gametype|singles
|player|p1|ay cheu|riley|1480
|player|p2|Lord zebraman|2|1450
|gen|9
|tier|[Gen 9] OU
|rated|
|rule|HP Percentage Mod: HP is shown in percentages
|rule|Endless Battle Clause: Forcing endless battles is banned
|rule|Species Clause: Limit one of each Pokémon
|rule|OHKO Clause: OHKO moves are banned
|rule|Evasion Items Clause: Evasion items are banned
|rule|Evasion Moves Clause: Evasion moves are banned
|rule|Evasion Abilities Clause: Evasion abilities are banned
|rule|Sleep Moves Clause: Sleep-inducing moves are banned
|clearpoke
|poke|p1|Arcanine-Hisui, M|
|poke|p1|Zapdos-Galar|
|poke|p1|Metagross|
|poke|p1|Umbreon, M|
|poke|p1|Venusaur, M|
|poke|p1|Sandy Shocks|
|poke|p2|Blaziken, M|
|poke|p2|Weavile, M|
|poke|p2|Clefable, M|
|poke|p2|Great Tusk|
|poke|p2|Zapdos|
|poke|p2|Slowking-Galar, F|
|teampreview
|inactive|Battle timer is ON: inactive players will automatically lose when time's up. (requested by ay cheu)
|inactive|Lord zebraman has 120 seconds left.
|inactive|Lord zebraman has 90 seconds left.
|
|t:|1758339795
|teamsize|p1|6
|teamsize|p2|6
|start
|switch|p1a: Sandy Shocks|Sandy Shocks|100/100
|switch|p2a: Zapdos|Zapdos|100/100
|turn|1
|
|t:|1758339815
|switch|p2a: Great Tusk|Great Tusk|100/100
|move|p1a: Sandy Shocks|Volt Switch|p2a: Great Tusk
|-immune|p2a: Great Tusk
|
|upkeep
|turn|2
|
|t:|1758339819
|move|p1a: Sandy Shocks|Earth Power|p2a: Great Tusk
|-damage|p2a: Great Tusk|36/100
|move|p2a: Great Tusk|Stealth Rock|p1a: Sandy Shocks
|-sidestart|p1: ay cheu|move: Stealth Rock
|
|upkeep
|turn|3
|
|t:|1758339839
|-end|p2a: Great Tusk|Protosynthesis|[silent]
|switch|p2a: Clefable|Clefable, M|100/100
|move|p1a: Sandy Shocks|Earth Power|p2a: Clefable
|-damage|p2a: Clefable|49/100
|-unboost|p2a: Clefable|spd|1
|
|upkeep
|turn|4
|
|t:|1758339854
|move|p1a: Sandy Shocks|Earth Power|p2a: Clefable
|-damage|p2a: Clefable|0 fnt
|faint|p2a: Clefable
|
|upkeep
|
|t:|1758339856
|switch|p2a: Weavile|Weavile, M|100/100
|-ability|p2a: Weavile|Pressure
|turn|5
|
|t:|1758339875
|-end|p1a: Sandy Shocks|Protosynthesis|[silent]
|switch|p1a: Metagross|Metagross, shiny|100/100
|-damage|p1a: Metagross|94/100|[from] Stealth Rock
|move|p2a: Weavile|Icicle Crash|p1a: Metagross
|-resisted|p1a: Metagross
|-damage|p1a: Metagross|78/100
|
|-heal|p1a: Metagross|84/100|[from] item: Leftovers
|upkeep
|turn|6
|
|t:|1758339888
|switch|p2a: Blaziken|Blaziken, M|100/100
|move|p1a: Metagross|Stealth Rock|p2a: Blaziken
|-sidestart|p2: Lord zebraman|move: Stealth Rock
|
|-heal|p1a: Metagross|90/100|[from] item: Leftovers
|upkeep
|turn|7
|
|t:|1758339893
|move|p2a: Blaziken|Swords Dance|p2a: Blaziken
|-boost|p2a: Blaziken|atk|2
|move|p1a: Metagross|Psychic Noise|p2a: Blaziken
|-supereffective|p2a: Blaziken
|-damage|p2a: Blaziken|22/100
|-start|p2a: Blaziken|move: Heal Block
|
|-heal|p1a: Metagross|96/100|[from] item: Leftovers
|-ability|p2a: Blaziken|Speed Boost|boost
|-boost|p2a: Blaziken|spe|1
|upkeep
|turn|8
|inactive|ay cheu has 120 seconds left.
|
|t:|1758339927
|switch|p1a: Venusaur|Venusaur, M|100/100
|move|p2a: Blaziken|Flare Blitz|p1a: Venusaur
|-supereffective|p1a: Venusaur
|-crit|p1a: Venusaur
|-damage|p1a: Venusaur|0 fnt
|faint|p1a: Venusaur
|-damage|p2a: Blaziken|0 fnt|[from] Recoil
|faint|p2a: Blaziken
|
|upkeep
|inactive|ay cheu has 120 seconds left.
|inactive|Lord zebraman has 120 seconds left.
|
|t:|1758339968
|switch|p2a: Zapdos|Zapdos|100/100
|switch|p1a: Zapdos|Zapdos-Galar|100/100
|-damage|p1a: Zapdos|88/100|[from] Stealth Rock
|turn|9
|inactive|ay cheu has 120 seconds left.
|
|t:|1758339979
|switch|p1a: Sandy Shocks|Sandy Shocks|100/100
|-damage|p1a: Sandy Shocks|94/100|[from] Stealth Rock
|move|p2a: Zapdos|Hurricane|p1a: Sandy Shocks|[miss]
|-miss|p2a: Zapdos|p1a: Sandy Shocks
|
|upkeep
|turn|10
|inactive|ay cheu has 120 seconds left.
|
|t:|1758339990
|-terastallize|p1a: Sandy Shocks|Ice
|move|p1a: Sandy Shocks|Tera Blast|p2a: Zapdos|[anim] Tera Blast Ice
|-supereffective|p2a: Zapdos
|-damage|p2a: Zapdos|15/100
|move|p2a: Zapdos|Hurricane|p1a: Sandy Shocks
|-damage|p1a: Sandy Shocks|30/100
|
|upkeep
|turn|11
|inactive|ay cheu has 120 seconds left.
|inactive|Lord zebraman has 120 seconds left.
|
|t:|1758340013
|move|p1a: Sandy Shocks|Volt Switch|p2a: Zapdos
|-damage|p2a: Zapdos|0 fnt
|faint|p2a: Zapdos
|
|t:|1758340017
|-end|p1a: Sandy Shocks|Protosynthesis|[silent]
|switch|p1a: Zapdos|Zapdos-Galar|88/100|[from] Volt Switch
|-damage|p1a: Zapdos|76/100|[from] Stealth Rock
|
|upkeep
|inactive|Lord zebraman has 120 seconds left.
|
|t:|1758340022
|switch|p2a: Great Tusk|Great Tusk|36/100
|-damage|p2a: Great Tusk|33/100|[from] Stealth Rock
|turn|12
|
|t:|1758340025
|move|p1a: Zapdos|Brave Bird|p2a: Great Tusk
|-supereffective|p2a: Great Tusk
|-damage|p2a: Great Tusk|0 fnt
|-damage|p1a: Zapdos|59/100|[from] item: Rocky Helmet|[of] p2a: Great Tusk
|faint|p2a: Great Tusk
|-end|p2a: Great Tusk|Protosynthesis|[silent]
|-damage|p1a: Zapdos|44/100|[from] Recoil
|
|upkeep
|
|t:|1758340028
|switch|p2a: Weavile|Weavile, M|100/100
|-damage|p2a: Weavile|76/100|[from] Stealth Rock
|-ability|p2a: Weavile|Pressure
|turn|13
|
|t:|1758340032
|switch|p1a: Metagross|Metagross, shiny|96/100
|-damage|p1a: Metagross|90/100|[from] Stealth Rock
|move|p2a: Weavile|Icicle Crash|p1a: Metagross
|-resisted|p1a: Metagross
|-damage|p1a: Metagross|73/100
|
|-heal|p1a: Metagross|79/100|[from] item: Leftovers
|upkeep
|turn|14
|
|t:|1758340037
|switch|p2a: Slowking|Slowking-Galar, F|100/100
|-damage|p2a: Slowking|88/100|[from] Stealth Rock
|switch|p1a: 灰灰|Arcanine-Hisui, M|100/100
|-damage|p1a: 灰灰|75/100|[from] Stealth Rock
|
|-heal|p2a: Slowking|94/100|[from] item: Leftovers
|upkeep
|turn|15
|
|t:|1758340042
|move|p1a: 灰灰|Head Smash|p2a: Slowking
|-damage|p2a: Slowking|0 fnt
|faint|p2a: Slowking
|
|upkeep
|
|t:|1758340043
|switch|p2a: Weavile|Weavile, M|76/100
|-damage|p2a: Weavile|51/100|[from] Stealth Rock
|-ability|p2a: Weavile|Pressure
|turn|16
|
|t:|1758340046
|switch|p1a: Metagross|Metagross, shiny|79/100
|-damage|p1a: Metagross|73/100|[from] Stealth Rock
|-singleturn|p2a: Weavile|move: Focus Punch
|move|p2a: Weavile|Focus Punch|p1a: Metagross
|-damage|p1a: Metagross|29/100
|
|-heal|p1a: Metagross|35/100|[from] item: Leftovers
|upkeep
|turn|17
|
|t:|1758340053
|-singleturn|p2a: Weavile|move: Focus Punch
|move|p1a: Metagross|Body Press|p2a: Weavile
|-supereffective|p2a: Weavile
|-crit|p2a: Weavile
|-damage|p2a: Weavile|0 fnt
|faint|p2a: Weavile
|
|win|ay cheu
|raw|ay cheu's rating: 1480 &rarr; <strong>1498</strong><br />(+18 for winning)
|raw|Lord zebraman's rating: 1450 &rarr; <strong>1432</strong><br />(-18 for losing)
||Ladder isn't responding, score probably updated but might not have (Temporary Redirect).
