|j|☆KnockOffx2
|j|☆Danxsh17
|t:|1758257111
|gametype|singles
|player|p1|KnockOffx2|burglar|1530
|player|p2|Danxsh17|102|1510
|gen|9
|tier|[Gen 9] OU
|rated|
|rule|HP Percentage Mod: HP is shown in percentages
|rule|Endless Battle Clause: Forcing endless battles is banned
|rule|Species Clause: Limit one of each Pokémon
|rule|OHKO Clause: OHKO moves are banned
|rule|Evasion Items Clause: Evasion items are banned
|rule|Evasion Moves Clause: Evasion moves are banned
|rule|Evasion Abilities Clause: Evasion abilities are banned
|rule|Sleep Moves Clause: Sleep-inducing moves are banned
|clearpoke
|poke|p1|Great Tusk|
|poke|p1|Slowking-Galar, F|
|poke|p1|Moltres|
|poke|p1|Crawdaunt, M|
|poke|p1|Gholdengo|
|poke|p1|Rillaboom, M|
|poke|p2|Ogerpon-Wellspring, F|
|poke|p2|Kingambit, F|
|poke|p2|Landorus-Therian, M|
|poke|p2|Glimmora, M|
|poke|p2|Dragapult, M|
|poke|p2|Iron Valiant|
|teampreview
|
|t:|1758257116
|teamsize|p1|6
|teamsize|p2|6
|start
|switch|p1a: Slowking|Slowking-Galar, F|100/100
|switch|p2a: Glimmora|Glimmora, M|100/100
|turn|1
|
|t:|1758257127
|move|p2a: Glimmora|Spikes|p1a: Slowking
|-sidestart|p1: KnockOffx2|Spikes
|move|p1a: Slowking|Psyshock|p2a: Glimmora
|-supereffective|p2a: Glimmora
|-damage|p2a: Glimmora|10/100
|
|upkeep
|turn|2
|inactive|Battle timer is ON: inactive players will automatically lose when time's up. (requested by Danxsh17)
|
|t:|1758257134
|move|p2a: Glimmora|Meteor Beam||[still]
|-prepare|p2a: Glimmora|Meteor Beam
|-boost|p2a: Glimmora|spa|1
|-enditem|p2a: Glimmora|Power Herb
|-anim|p2a: Glimmora|Meteor Beam|p1a: Slowking
|-damage|p1a: Slowking|55/100
|move|p1a: Slowking|Psyshock|p2a: Glimmora
|-supereffective|p2a: Glimmora
|-damage|p2a: Glimmora|0 fnt
|faint|p2a: Glimmora
|
|upkeep
|
|t:|1758257142
|switch|p2a: Ogerpon|Ogerpon-Wellspring, F|100/100
|turn|3
|j| king of spycrabs
|
|t:|1758257149
|switch|p1a: Rillaboom|Rillaboom, M|100/100
|-damage|p1a: Rillaboom|88/100|[from] Spikes
|-fieldstart|move: Grassy Terrain|[from] ability: Grassy Surge|[of] p1a: Rillaboom
|move|p2a: Ogerpon|Ivy Cudgel|p1a: Rillaboom|[anim] Ivy Cudgel Water
|-resisted|p1a: Rillaboom
|-crit|p1a: Rillaboom
|-damage|p1a: Rillaboom|44/100
|
|-heal|p1a: Rillaboom|50/100|[from] Grassy Terrain
|upkeep
|turn|4
|
|t:|1758257153
|switch|p2a: Landorus|Landorus-Therian, M|100/100
|-ability|p2a: Landorus|Intimidate|boost
|-unboost|p1a: Rillaboom|atk|1
|move|p1a: Rillaboom|U-turn|p2a: Landorus
|-resisted|p2a: Landorus
|-damage|p2a: Landorus|92/100
|-damage|p1a: Rillaboom|34/100|[from] item: Rocky Helmet|[of] p2a: Landorus
|
|t:|1758257158
|switch|p1a: Crawdaunt|Crawdaunt, M|100/100|[from] U-turn
|-damage|p1a: Crawdaunt|88/100|[from] Spikes
|
|-heal|p1a: Crawdaunt|94/100|[from] Grassy Terrain
|upkeep
|turn|5
|
|t:|1758257161
|move|p2a: Landorus|U-turn|p1a: Crawdaunt
|-supereffective|p1a: Crawdaunt
|-damage|p1a: Crawdaunt|25/100
|
|t:|1758257165
|switch|p2a: Kingambit|Kingambit, F|100/100|[from] U-turn
|-activate|p2a: Kingambit|ability: Supreme Overlord
|-start|p2a: Kingambit|fallen1|[silent]
|move|p1a: Crawdaunt|Knock Off|p2a: Kingambit
|-resisted|p2a: Kingambit
|-damage|p2a: Kingambit|60/100
|-enditem|p2a: Kingambit|Leftovers|[from] move: Knock Off|[of] p1a: Crawdaunt
|
|-heal|p1a: Crawdaunt|31/100|[from] Grassy Terrain
|-heal|p2a: Kingambit|66/100|[from] Grassy Terrain
|upkeep
|turn|6
|
|t:|1758257175
|switch|p1a: Moltres|Moltres|100/100
|move|p2a: Kingambit|Sucker Punch||[still]
|-fail|p2a: Kingambit
|
|-heal|p2a: Kingambit|73/100|[from] Grassy Terrain
|upkeep
|turn|7
|
|t:|1758257181
|-end|p2a: Kingambit|fallen1|[silent]
|switch|p2a: Landorus|Landorus-Therian, M|92/100
|-ability|p2a: Landorus|Intimidate|boost
|-unboost|p1a: Moltres|atk|1
|move|p1a: Moltres|Flamethrower|p2a: Landorus
|-damage|p2a: Landorus|54/100
|
|upkeep
|turn|8
|
|t:|1758257189
|switch|p1a: Great Tusk|Great Tusk|100/100
|-damage|p1a: Great Tusk|88/100|[from] Spikes
|move|p2a: Landorus|Stealth Rock|p1a: Great Tusk
|-sidestart|p1: KnockOffx2|move: Stealth Rock
|
|-heal|p1a: Great Tusk|94/100|[from] Grassy Terrain
|upkeep
|turn|9
|
|t:|1758257198
|move|p2a: Landorus|U-turn|p1a: Great Tusk
|-resisted|p1a: Great Tusk
|-damage|p1a: Great Tusk|87/100
|-damage|p2a: Landorus|37/100|[from] item: Rocky Helmet|[of] p1a: Great Tusk
|
|t:|1758257199
|switch|p2a: Dragapult|Dragapult, M|100/100|[from] U-turn
|move|p1a: Great Tusk|Ice Spinner|p2a: Dragapult
|-supereffective|p2a: Dragapult
|-damage|p2a: Dragapult|34/100
|-fieldend|move: Grassy Terrain
|
|upkeep
|turn|10
|
|t:|1758257208
|move|p2a: Dragapult|Draco Meteor|p1a: Great Tusk
|-damage|p1a: Great Tusk|0 fnt
|-unboost|p2a: Dragapult|spa|2
|faint|p1a: Great Tusk
|-end|p1a: Great Tusk|Protosynthesis|[silent]
|
|upkeep
|
|t:|1758257214
|switch|p1a: Gholdengo|Gholdengo|100/100
|-damage|p1a: Gholdengo|88/100|[from] Spikes
|-damage|p1a: Gholdengo|82/100|[from] Stealth Rock
|turn|11
|
|t:|1758257219
|switch|p2a: Kingambit|Kingambit, F|73/100
|-activate|p2a: Kingambit|ability: Supreme Overlord
|-start|p2a: Kingambit|fallen1|[silent]
|move|p1a: Gholdengo|Dazzling Gleam|p2a: Kingambit
|-damage|p2a: Kingambit|42/100
|
|upkeep
|turn|12
|
|t:|1758257226
|switch|p1a: Moltres|Moltres|100/100
|-end|p2a: Kingambit|fallen1|[silent]
|switch|p2a: Landorus|Landorus-Therian, M|37/100
|-ability|p2a: Landorus|Intimidate|boost
|-unboost|p1a: Moltres|atk|1
|
|upkeep
|turn|13
|
|t:|1758257233
|switch|p1a: Rillaboom|Rillaboom, M|34/100
|-damage|p1a: Rillaboom|21/100|[from] Spikes
|-damage|p1a: Rillaboom|9/100|[from] Stealth Rock
|-fieldstart|move: Grassy Terrain|[from] ability: Grassy Surge|[of] p1a: Rillaboom
|move|p2a: Landorus|Taunt|p1a: Rillaboom
|-start|p1a: Rillaboom|move: Taunt
|
|-heal|p1a: Rillaboom|15/100|[from] Grassy Terrain
|upkeep
|turn|14
|
|t:|1758257241
|move|p1a: Rillaboom|Grassy Glide|p2a: Landorus
|-damage|p2a: Landorus|0 fnt
|-damage|p1a: Rillaboom|0 fnt|[from] item: Rocky Helmet|[of] p2a: Landorus
|faint|p2a: Landorus
|faint|p1a: Rillaboom
|
|upkeep
|
|t:|1758257250
|switch|p2a: Dragapult|Dragapult, M|34/100
|switch|p1a: Moltres|Moltres|100/100
|turn|15
|
|t:|1758257257
|-terastallize|p1a: Moltres|Fairy
|move|p2a: Dragapult|Draco Meteor|p1a: Moltres
|-immune|p1a: Moltres
|move|p1a: Moltres|Flamethrower|p2a: Dragapult
|-resisted|p2a: Dragapult
|-crit|p2a: Dragapult
|-damage|p2a: Dragapult|0 fnt
|faint|p2a: Dragapult
|
|upkeep
|
|t:|1758257266
|switch|p2a: Ogerpon|Ogerpon-Wellspring, F|100/100
|turn|16
|
|t:|1758257270
|-terastallize|p2a: Ogerpon|Water
|detailschange|p2a: Ogerpon|Ogerpon-Wellspring-Tera, F, tera:Water
|-ability|p2a: Ogerpon|Embody Aspect (Wellspring)|boost
|-boost|p2a: Ogerpon|spd|1
|move|p2a: Ogerpon|Ivy Cudgel|p1a: Moltres|[anim] Ivy Cudgel Water
|-damage|p1a: Moltres|48/100
|move|p1a: Moltres|Will-O-Wisp|p2a: Ogerpon|[miss]
|-miss|p1a: Moltres|p2a: Ogerpon
|
|-heal|p1a: Moltres|54/100|[from] Grassy Terrain
|upkeep
|turn|17
|
|t:|1758257280
|move|p2a: Ogerpon|Ivy Cudgel|p1a: Moltres|[anim] Ivy Cudgel Water
|-damage|p1a: Moltres|0 fnt
|faint|p1a: Moltres
|
|upkeep
|
|t:|1758257292
|switch|p1a: Slowking|Slowking-Galar, F|88/100
|-damage|p1a: Slowking|75/100|[from] Spikes
|-damage|p1a: Slowking|63/100|[from] Stealth Rock
|turn|18
|
|t:|1758257301
|move|p2a: Ogerpon|Ivy Cudgel|p1a: Slowking|[anim] Ivy Cudgel Water
|-damage|p1a: Slowking|0 fnt
|faint|p1a: Slowking
|
|upkeep
|-message|KnockOffx2 forfeited.
|
|win|Danxsh17
|raw|KnockOffx2's rating: 1530 &rarr; <strong>1509</strong><br />(-21 for losing)
|raw|Danxsh17's rating: 1510 &rarr; <strong>1531</strong><br />(+21 for winning)
|l|☆KnockOffx2
|player|p1|
|l|☆Danxsh17
|player|p2|
|l| king of spycrabs
