|j|☆ArtichauDD
|j|☆vinnnnny1
|t:|1758301146
|gametype|singles
|player|p1|ArtichauDD|170|1134
|player|p2|vinnnnny1|1|1133
|gen|9
|tier|[Gen 9] OU
|rated|
|rule|HP Percentage Mod: HP is shown in percentages
|rule|Endless Battle Clause: Forcing endless battles is banned
|rule|Species Clause: Limit one of each Pokémon
|rule|OHKO Clause: OHKO moves are banned
|rule|Evasion Items Clause: Evasion items are banned
|rule|Evasion Moves Clause: Evasion moves are banned
|rule|Evasion Abilities Clause: Evasion abilities are banned
|rule|Sleep Moves Clause: Sleep-inducing moves are banned
|clearpoke
|poke|p1|Samurott-Hisui, F|
|poke|p1|Rillaboom, F|
|poke|p1|Landorus-Therian, M|
|poke|p1|Gholdengo|
|poke|p1|Weavile, M|
|poke|p1|Exeggutor-Alola, M|
|poke|p2|Garganacl, F|
|poke|p2|Kyurem|
|poke|p2|Cinderace, F|
|poke|p2|Kingambit, F|
|poke|p2|Gardevoir, F|
|poke|p2|Glimmora, F|
|teampreview
|
|t:|1758301151
|teamsize|p1|6
|teamsize|p2|6
|start
|switch|p1a: Landorus|Landorus-Therian, M|100/100
|switch|p2a: Glimmora|Glimmora, F, shiny|100/100
|-ability|p1a: Landorus|Intimidate|boost
|-unboost|p2a: Glimmora|atk|1
|turn|1
|
|t:|1758301159
|move|p1a: Landorus|Taunt|p2a: Glimmora
|-start|p2a: Glimmora|move: Taunt
|cant|p2a: Glimmora|move: Taunt|Stealth Rock
|
|upkeep
|turn|2
|
|t:|1758301164
|move|p1a: Landorus|Earth Power|p2a: Glimmora
|-supereffective|p2a: Glimmora
|-enditem|p2a: Glimmora|Focus Sash
|-damage|p2a: Glimmora|1/100
|move|p2a: Glimmora|Mortal Spin|p1a: Landorus
|-resisted|p1a: Landorus
|-damage|p1a: Landorus|99/100
|-status|p1a: Landorus|psn
|-damage|p2a: Glimmora|0 fnt|[from] item: Rocky Helmet|[of] p1a: Landorus
|faint|p2a: Glimmora
|
|-damage|p1a: Landorus|86/100 psn|[from] psn
|upkeep
|
|t:|1758301182
|switch|p2a: Kyurem|Kyurem, shiny|100/100
|-ability|p2a: Kyurem|Pressure
|turn|3
|
|t:|1758301194
|switch|p1a: Gholdengo|Gholdengo|100/100
|-item|p1a: Gholdengo|Air Balloon
|move|p2a: Kyurem|Freeze-Dry|p1a: Gholdengo
|-resisted|p1a: Gholdengo
|-damage|p1a: Gholdengo|83/100
|-status|p1a: Gholdengo|frz
|-enditem|p1a: Gholdengo|Air Balloon
|
|upkeep
|turn|4
|
|t:|1758301207
|move|p2a: Kyurem|Blizzard|p1a: Gholdengo
|-resisted|p1a: Gholdengo
|-damage|p1a: Gholdengo|54/100 frz
|-curestatus|p1a: Gholdengo|frz|[msg]
|move|p1a: Gholdengo|Thunder Wave|p2a: Kyurem
|-status|p2a: Kyurem|par
|
|upkeep
|turn|5
|inactive|Battle timer is ON: inactive players will automatically lose when time's up. (requested by ArtichauDD)
|
|t:|1758301227
|move|p1a: Gholdengo|Hex|p2a: Kyurem
|-damage|p2a: Kyurem|43/100 par
|move|p2a: Kyurem|Freeze-Dry|p1a: Gholdengo
|-resisted|p1a: Gholdengo
|-damage|p1a: Gholdengo|37/100
|
|upkeep
|turn|6
|
|t:|1758301234
|move|p1a: Gholdengo|Hex|p2a: Kyurem
|-damage|p2a: Kyurem|0 fnt
|faint|p2a: Kyurem
|
|upkeep
|
|t:|1758301239
|switch|p2a: Cinderace|Cinderace, F, shiny|100/100
|turn|7
|
|t:|1758301247
|switch|p1a: Landorus|Landorus-Therian, M|86/100 psn
|-ability|p1a: Landorus|Intimidate|boost
|-unboost|p2a: Cinderace|atk|1
|move|p2a: Cinderace|Pyro Ball|p1a: Landorus
|-damage|p1a: Landorus|50/100 psn
|
|-damage|p1a: Landorus|38/100 psn|[from] psn
|upkeep
|turn|8
|
|t:|1758301261
|move|p2a: Cinderace|Pyro Ball|p1a: Landorus
|-damage|p1a: Landorus|1/100 psn
|move|p1a: Landorus|Earth Power|p2a: Cinderace
|-supereffective|p2a: Cinderace
|-damage|p2a: Cinderace|13/100
|
|-damage|p1a: Landorus|0 fnt|[from] psn
|faint|p1a: Landorus
|upkeep
|
|t:|1758301270
|switch|p1a: Samurott|Samurott-Hisui, F|100/100
|turn|9
|
|t:|1758301274
|move|p1a: Samurott|Aqua Jet|p2a: Cinderace
|-supereffective|p2a: Cinderace
|-damage|p2a: Cinderace|0 fnt
|faint|p2a: Cinderace
|
|upkeep
|
|t:|1758301294
|switch|p2a: Gardevoir|Gardevoir, F, shiny|100/100
|-ability|p2a: Gardevoir|Sharpness|Trace|[from] ability: Trace|[of] p1a: Samurott
|turn|10
|
|t:|1758301305
|switch|p1a: Rillaboom|Rillaboom, F|100/100
|-fieldstart|move: Grassy Terrain|[from] ability: Grassy Surge|[of] p1a: Rillaboom
|move|p2a: Gardevoir|Energy Ball|p1a: Rillaboom
|-resisted|p1a: Rillaboom
|-damage|p1a: Rillaboom|78/100
|
|-heal|p1a: Rillaboom|84/100|[from] Grassy Terrain
|upkeep
|turn|11
|
|t:|1758301319
|move|p2a: Gardevoir|Expanding Force|p1a: Rillaboom
|-damage|p1a: Rillaboom|32/100
|move|p1a: Rillaboom|U-turn|p2a: Gardevoir
|-crit|p2a: Gardevoir
|-enditem|p2a: Gardevoir|Focus Sash
|-damage|p2a: Gardevoir|1/100
|
|t:|1758301325
|switch|p1a: Exeggutor|Exeggutor-Alola, M|100/100|[from] U-turn
|
|-heal|p2a: Gardevoir|7/100|[from] Grassy Terrain
|upkeep
|turn|12
|
|t:|1758301339
|move|p2a: Gardevoir|Future Sight|p1a: Exeggutor
|-start|p2a: Gardevoir|move: Future Sight
|move|p1a: Exeggutor|Giga Drain|p2a: Gardevoir
|-damage|p2a: Gardevoir|0 fnt
|faint|p2a: Gardevoir
|
|upkeep
|
|t:|1758301363
|switch|p2a: Kingambit|Kingambit, F, shiny|100/100
|-activate|p2a: Kingambit|ability: Supreme Overlord
|-start|p2a: Kingambit|fallen4|[silent]
|turn|13
|
|t:|1758301369
|move|p1a: Exeggutor|Giga Drain|p2a: Kingambit
|-resisted|p2a: Kingambit
|-damage|p2a: Kingambit|63/100
|move|p2a: Kingambit|Swords Dance|p2a: Kingambit
|-boost|p2a: Kingambit|atk|2
|
|-heal|p2a: Kingambit|70/100|[from] Grassy Terrain
|upkeep
|turn|14
|
|t:|1758301380
|move|p1a: Exeggutor|Giga Drain|p2a: Kingambit
|-resisted|p2a: Kingambit
|-crit|p2a: Kingambit
|-damage|p2a: Kingambit|9/100
|move|p2a: Kingambit|Kowtow Cleave|p1a: Exeggutor
|-damage|p1a: Exeggutor|0 fnt
|faint|p1a: Exeggutor
|
|-hint|Future Sight did not hit because the target is fainted.
|-heal|p2a: Kingambit|16/100|[from] Grassy Terrain
|-fieldend|move: Grassy Terrain
|upkeep
|
|t:|1758301391
|switch|p1a: Samurott|Samurott-Hisui, F|100/100
|turn|15
|
|t:|1758301404
|move|p1a: Samurott|Aqua Jet|p2a: Kingambit
|-damage|p2a: Kingambit|4/100
|move|p2a: Kingambit|Sucker Punch||[still]
|-fail|p2a: Kingambit
|
|upkeep
|turn|16
|
|t:|1758301411
|move|p1a: Samurott|Aqua Jet|p2a: Kingambit
|-damage|p2a: Kingambit|0 fnt
|faint|p2a: Kingambit
|-end|p2a: Kingambit|fallen4|[silent]
|
|upkeep
|
|t:|1758301416
|switch|p2a: Garganacl|Garganacl, F, shiny|100/100
|turn|17
|
|t:|1758301425
|-terastallize|p2a: Garganacl|Water
|move|p1a: Samurott|Razor Shell|p2a: Garganacl
|-resisted|p2a: Garganacl
|-crit|p2a: Garganacl
|-damage|p2a: Garganacl|84/100
|move|p2a: Garganacl|Salt Cure|p1a: Samurott
|-damage|p1a: Samurott|85/100
|-start|p1a: Samurott|Salt Cure
|
|-damage|p1a: Samurott|60/100|[from] Salt Cure
|upkeep
|turn|18
|
|t:|1758301453
|switch|p1a: Rillaboom|Rillaboom, F|32/100
|-fieldstart|move: Grassy Terrain|[from] ability: Grassy Surge|[of] p1a: Rillaboom
|move|p2a: Garganacl|Recover|p2a: Garganacl
|-heal|p2a: Garganacl|100/100
|
|-heal|p1a: Rillaboom|38/100|[from] Grassy Terrain
|upkeep
|turn|19
|
|t:|1758301463
|-terastallize|p1a: Rillaboom|Grass
|move|p1a: Rillaboom|Wood Hammer|p2a: Garganacl
|-supereffective|p2a: Garganacl
|-ability|p2a: Garganacl|Sturdy
|-damage|p2a: Garganacl|1/100
|-damage|p1a: Rillaboom|3/100|[from] Recoil
|move|p2a: Garganacl|Salt Cure|p1a: Rillaboom
|-damage|p1a: Rillaboom|0 fnt
|faint|p1a: Rillaboom
|
|-heal|p2a: Garganacl|7/100|[from] Grassy Terrain
|upkeep
|
|t:|1758301481
|switch|p1a: Samurott|Samurott-Hisui, F|60/100
|turn|20
|
|t:|1758301484
|move|p1a: Samurott|Ceaseless Edge|p2a: Garganacl
|-damage|p2a: Garganacl|0 fnt
|-sidestart|p2: vinnnnny1|Spikes
|faint|p2a: Garganacl
|
|win|ArtichauDD
|raw|ArtichauDD's rating: 1134 &rarr; <strong>1159</strong><br />(+25 for winning)
|raw|vinnnnny1's rating: 1133 &rarr; <strong>1108</strong><br />(-25 for losing)
|l|☆vinnnnny1
|player|p2|
|l|☆ArtichauDD
|player|p1|
