|j|☆Imurdadwithmilk
|j|☆xieboruo
|t:|1758298329
|gametype|singles
|player|p1|Imurdadwithmilk|blackbelt-gen4|1147
|player|p2|xieboruo|1|1200
|gen|9
|tier|[Gen 9] OU
|rated|
|rule|HP Percentage Mod: HP is shown in percentages
|rule|Endless Battle Clause: Forcing endless battles is banned
|rule|Species Clause: Limit one of each Pokémon
|rule|OHKO Clause: OHKO moves are banned
|rule|Evasion Items Clause: Evasion items are banned
|rule|Evasion Moves Clause: Evasion moves are banned
|rule|Evasion Abilities Clause: Evasion abilities are banned
|rule|Sleep Moves Clause: Sleep-inducing moves are banned
|clearpoke
|poke|p1|Meloetta|
|poke|p1|Jirachi|
|poke|p1|Sawsbuck-Summer, M|
|poke|p1|Gliscor, F|
|poke|p1|Kingambit, F|
|poke|p1|Pecharunt|
|poke|p2|Hydreigon, M|
|poke|p2|Gholdengo|
|poke|p2|Alomomola, F|
|poke|p2|Great Tusk|
|poke|p2|Slowking-Galar, M|
|poke|p2|Ogerpon-Wellspring, F|
|teampreview
|inactive|Battle timer is ON: inactive players will automatically lose when time's up. (requested by Imurdadwithmilk)
|
|t:|1758298342
|teamsize|p1|6
|teamsize|p2|6
|start
|switch|p1a: Meloetta|Meloetta|100/100
|switch|p2a: Hydreigon|Hydreigon, M|100/100
|turn|1
|
|t:|1758298361
|move|p2a: Hydreigon|U-turn|p1a: Meloetta
|-supereffective|p1a: Meloetta
|-damage|p1a: Meloetta|62/100
|
|t:|1758298370
|switch|p2a: Alomomola|Alomomola, F|100/100|[from] U-turn
|move|p1a: Meloetta|Relic Song|p2a: Alomomola
|-damage|p2a: Alomomola|68/100
|-formechange|p1a: Meloetta|Meloetta-Pirouette|[msg]
|
|upkeep
|turn|2
|
|t:|1758298381
|move|p1a: Meloetta|Substitute|p1a: Meloetta
|-start|p1a: Meloetta|Substitute
|-damage|p1a: Meloetta|37/100
|move|p2a: Alomomola|Wish|p2a: Alomomola
|
|upkeep
|turn|3
|
|t:|1758298387
|move|p1a: Meloetta|Calm Mind|p1a: Meloetta
|-boost|p1a: Meloetta|spa|1
|-boost|p1a: Meloetta|spd|1
|move|p2a: Alomomola|Flip Turn|p1a: Meloetta
|-activate|p1a: Meloetta|move: Substitute|[damage]
|
|t:|1758298403
|switch|p2a: Gholdengo|Gholdengo|100/100|[from] Flip Turn
|-item|p2a: Gholdengo|Air Balloon
|
|upkeep
|turn|4
|
|t:|1758298411
|move|p1a: Meloetta|Calm Mind|p1a: Meloetta
|-boost|p1a: Meloetta|spa|1
|-boost|p1a: Meloetta|spd|1
|move|p2a: Gholdengo|Dazzling Gleam|p1a: Meloetta
|-supereffective|p1a: Meloetta
|-end|p1a: Meloetta|Substitute
|
|upkeep
|turn|5
|
|t:|1758298420
|move|p1a: Meloetta|Thunderbolt|p2a: Gholdengo
|-damage|p2a: Gholdengo|58/100
|-enditem|p2a: Gholdengo|Air Balloon
|move|p2a: Gholdengo|Make It Rain|p1a: Meloetta
|-damage|p1a: Meloetta|3/100
|-unboost|p2a: Gholdengo|spa|1
|
|upkeep
|turn|6
|
|t:|1758298432
|move|p1a: Meloetta|Thunderbolt|p2a: Gholdengo
|-damage|p2a: Gholdengo|12/100
|move|p2a: Gholdengo|Make It Rain|p1a: Meloetta
|-damage|p1a: Meloetta|0 fnt
|-unboost|p2a: Gholdengo|spa|1
|faint|p1a: Meloetta
|
|upkeep
|
|t:|1758298441
|switch|p1a: Gliscor|Gliscor, F|100/100
|turn|7
|
|t:|1758298458
|move|p1a: Gliscor|Stealth Rock|p2a: Gholdengo
|-sidestart|p2: xieboruo|move: Stealth Rock
|move|p2a: Gholdengo|Recover|p2a: Gholdengo
|-heal|p2a: Gholdengo|62/100
|
|-status|p1a: Gliscor|tox|[from] item: Toxic Orb
|upkeep
|turn|8
|
|t:|1758298465
|switch|p2a: Hydreigon|Hydreigon, M|100/100
|-damage|p2a: Hydreigon|88/100|[from] Stealth Rock
|move|p1a: Gliscor|Swords Dance|p1a: Gliscor
|-boost|p1a: Gliscor|atk|2
|
|upkeep
|turn|9
|
|t:|1758298481
|move|p2a: Hydreigon|Draco Meteor|p1a: Gliscor
|-damage|p1a: Gliscor|16/100 tox
|-unboost|p2a: Hydreigon|spa|2
|move|p1a: Gliscor|Rock Slide|p2a: Hydreigon
|-damage|p2a: Hydreigon|43/100
|
|-heal|p1a: Gliscor|28/100 tox|[from] ability: Poison Heal
|upkeep
|turn|10
|
|t:|1758298496
|switch|p1a: Jirachi|Jirachi|100/100
|move|p2a: Hydreigon|Draco Meteor|p1a: Jirachi
|-resisted|p1a: Jirachi
|-damage|p1a: Jirachi|89/100
|-unboost|p2a: Hydreigon|spa|2
|
|-heal|p1a: Jirachi|96/100|[from] item: Leftovers
|upkeep
|turn|11
|
|t:|1758298507
|switch|p2a: Alomomola|Alomomola, F|100/100
|-damage|p2a: Alomomola|88/100|[from] Stealth Rock
|move|p1a: Jirachi|Wish|p1a: Jirachi
|
|-heal|p1a: Jirachi|100/100|[from] item: Leftovers
|upkeep
|turn|12
|
|t:|1758298518
|switch|p1a: Gliscor|Gliscor, F|28/100 tox
|move|p2a: Alomomola|Wish|p2a: Alomomola
|
|-heal|p1a: Gliscor|85/100 tox|[from] move: Wish|[wisher] Jirachi
|-heal|p1a: Gliscor|98/100 tox|[from] ability: Poison Heal
|upkeep
|turn|13
|
|t:|1758298530
|move|p1a: Gliscor|Swords Dance|p1a: Gliscor
|-boost|p1a: Gliscor|atk|2
|move|p2a: Alomomola|Flip Turn|p1a: Gliscor
|-supereffective|p1a: Gliscor
|-damage|p1a: Gliscor|73/100 tox
|
|t:|1758298538
|switch|p2a: Ogerpon|Ogerpon-Wellspring, F|100/100|[from] Flip Turn
|-damage|p2a: Ogerpon|88/100|[from] Stealth Rock
|
|-heal|p2a: Ogerpon|100/100|[from] move: Wish|[wisher] Alomomola
|-heal|p1a: Gliscor|86/100 tox|[from] ability: Poison Heal
|upkeep
|turn|14
|
|t:|1758298546
|-terastallize|p2a: Ogerpon|Water
|detailschange|p2a: Ogerpon|Ogerpon-Wellspring-Tera, F, tera:Water
|-ability|p2a: Ogerpon|Embody Aspect (Wellspring)|boost
|-boost|p2a: Ogerpon|spd|1
|move|p2a: Ogerpon|Ivy Cudgel|p1a: Gliscor|[anim] Ivy Cudgel Water
|-supereffective|p1a: Gliscor
|-damage|p1a: Gliscor|0 fnt
|faint|p1a: Gliscor
|
|upkeep
|
|t:|1758298558
|switch|p1a: Sawsbuck|Sawsbuck-Summer, M|100/100
|turn|15
|
|t:|1758298574
|switch|p2a: Slowking|Slowking-Galar, M|100/100
|move|p1a: Sawsbuck|Body Slam|p2a: Slowking
|-damage|p2a: Slowking|62/100
|-status|p2a: Slowking|par
|
|upkeep
|turn|16
|c|☆Imurdadwithmilk|Ah man
|
|t:|1758298582
|move|p1a: Sawsbuck|Headbutt|p2a: Slowking
|-damage|p2a: Slowking|29/100 par
|cant|p2a: Slowking|flinch
|
|upkeep
|turn|17
|
|t:|1758298593
|switch|p2a: Gholdengo|Gholdengo|62/100
|-damage|p2a: Gholdengo|56/100|[from] Stealth Rock
|move|p1a: Sawsbuck|Body Slam|p2a: Gholdengo
|-immune|p2a: Gholdengo
|
|upkeep
|turn|18
|
|t:|1758298601
|move|p1a: Sawsbuck|Zen Headbutt|p2a: Gholdengo
|-resisted|p2a: Gholdengo
|-damage|p2a: Gholdengo|48/100
|cant|p2a: Gholdengo|flinch
|
|upkeep
|turn|19
|
|t:|1758298606
|move|p1a: Sawsbuck|Zen Headbutt|p2a: Gholdengo
|-resisted|p2a: Gholdengo
|-damage|p2a: Gholdengo|39/100
|move|p2a: Gholdengo|Recover|p2a: Gholdengo
|-heal|p2a: Gholdengo|89/100
|
|upkeep
|turn|20
|
|t:|1758298613
|move|p1a: Sawsbuck|Zen Headbutt|p2a: Gholdengo
|-resisted|p2a: Gholdengo
|-damage|p2a: Gholdengo|81/100
|move|p2a: Gholdengo|Nasty Plot|p2a: Gholdengo
|-boost|p2a: Gholdengo|spa|2
|
|upkeep
|turn|21
|
|t:|1758298622
|move|p1a: Sawsbuck|Zen Headbutt|p2a: Gholdengo
|-resisted|p2a: Gholdengo
|-damage|p2a: Gholdengo|73/100
|cant|p2a: Gholdengo|flinch
|
|upkeep
|turn|22
|
|t:|1758298627
|move|p1a: Sawsbuck|Zen Headbutt|p2a: Gholdengo
|-resisted|p2a: Gholdengo
|-damage|p2a: Gholdengo|66/100
|move|p2a: Gholdengo|Nasty Plot|p2a: Gholdengo
|-boost|p2a: Gholdengo|spa|2
|
|upkeep
|turn|23
|
|t:|1758298633
|move|p1a: Sawsbuck|Zen Headbutt|p2a: Gholdengo
|-resisted|p2a: Gholdengo
|-damage|p2a: Gholdengo|57/100
|move|p2a: Gholdengo|Recover|p2a: Gholdengo
|-heal|p2a: Gholdengo|100/100
|
|upkeep
|turn|24
|
|t:|1758298642
|move|p1a: Sawsbuck|Zen Headbutt|p2a: Gholdengo|[miss]
|-miss|p1a: Sawsbuck|p2a: Gholdengo
|move|p2a: Gholdengo|Nasty Plot|p2a: Gholdengo
|-boost|p2a: Gholdengo|spa|2
|
|upkeep
|turn|25
|
|t:|1758298647
|move|p1a: Sawsbuck|Zen Headbutt|p2a: Gholdengo
|-resisted|p2a: Gholdengo
|-damage|p2a: Gholdengo|93/100
|move|p2a: Gholdengo|Dazzling Gleam|p1a: Sawsbuck
|-damage|p1a: Sawsbuck|12/100
|
|upkeep
|turn|26
|
|t:|1758298653
|move|p1a: Sawsbuck|Zen Headbutt|p2a: Gholdengo
|-resisted|p2a: Gholdengo
|-damage|p2a: Gholdengo|85/100
|move|p2a: Gholdengo|Dazzling Gleam|p1a: Sawsbuck
|-damage|p1a: Sawsbuck|0 fnt
|faint|p1a: Sawsbuck
|
|upkeep
|
|t:|1758298656
|switch|p1a: Pecharunt|Pecharunt|100/100
|turn|27
|
|t:|1758298663
|move|p1a: Pecharunt|Shadow Ball|p2a: Gholdengo
|-supereffective|p2a: Gholdengo
|-damage|p2a: Gholdengo|25/100
|move|p2a: Gholdengo|Make It Rain|p1a: Pecharunt
|-damage|p1a: Pecharunt|0 fnt
|-unboost|p2a: Gholdengo|spa|1
|faint|p1a: Pecharunt
|
|upkeep
|
|t:|1758298676
|switch|p1a: Jirachi|Jirachi|100/100
|turn|28
|
|t:|1758298683
|move|p1a: Jirachi|Iron Head|p2a: Gholdengo
|-resisted|p2a: Gholdengo
|-damage|p2a: Gholdengo|16/100
|move|p2a: Gholdengo|Make It Rain|p1a: Jirachi
|-resisted|p1a: Jirachi
|-damage|p1a: Jirachi|43/100
|-unboost|p2a: Gholdengo|spa|1
|
|-heal|p1a: Jirachi|49/100|[from] item: Leftovers
|upkeep
|turn|29
|
|t:|1758298690
|move|p1a: Jirachi|Iron Head|p2a: Gholdengo
|-resisted|p2a: Gholdengo
|-damage|p2a: Gholdengo|7/100
|cant|p2a: Gholdengo|flinch
|
|-heal|p1a: Jirachi|55/100|[from] item: Leftovers
|upkeep
|turn|30
|
|t:|1758298695
|move|p1a: Jirachi|Iron Head|p2a: Gholdengo
|-resisted|p2a: Gholdengo
|-damage|p2a: Gholdengo|0 fnt
|faint|p2a: Gholdengo
|
|-heal|p1a: Jirachi|61/100|[from] item: Leftovers
|upkeep
|
|t:|1758298703
|switch|p2a: Ogerpon|Ogerpon-Wellspring-Tera, F, tera:Water|100/100
|-damage|p2a: Ogerpon|88/100|[from] Stealth Rock
|-ability|p2a: Ogerpon|Embody Aspect (Wellspring)|boost
|-boost|p2a: Ogerpon|spd|1
|turn|31
|
|t:|1758298707
|move|p2a: Ogerpon|Swords Dance|p2a: Ogerpon
|-boost|p2a: Ogerpon|atk|2
|move|p1a: Jirachi|Thunder Wave|p2a: Ogerpon
|-status|p2a: Ogerpon|par
|
|-heal|p1a: Jirachi|68/100|[from] item: Leftovers
|upkeep
|turn|32
|
|t:|1758298716
|move|p1a: Jirachi|Iron Head|p2a: Ogerpon
|-resisted|p2a: Ogerpon
|-damage|p2a: Ogerpon|72/100 par
|move|p2a: Ogerpon|Ivy Cudgel|p1a: Jirachi|[anim] Ivy Cudgel Water
|-crit|p1a: Jirachi
|-damage|p1a: Jirachi|0 fnt
|faint|p1a: Jirachi
|
|upkeep
|
|t:|1758298723
|switch|p1a: Kingambit|Kingambit, F|100/100
|-activate|p1a: Kingambit|ability: Supreme Overlord
|-start|p1a: Kingambit|fallen5|[silent]
|turn|33
|
|t:|1758298733
|move|p2a: Ogerpon|Swords Dance|p2a: Ogerpon
|-boost|p2a: Ogerpon|atk|2
|move|p1a: Kingambit|Kowtow Cleave|p2a: Ogerpon
|-damage|p2a: Ogerpon|0 fnt
|faint|p2a: Ogerpon
|detailschange|p2: Ogerpon|Ogerpon-Wellspring, F|[silent]
|
|upkeep
|
|t:|1758298747
|switch|p2a: Alomomola|Alomomola, F|100/100
|-damage|p2a: Alomomola|88/100|[from] Stealth Rock
|turn|34
|
|t:|1758298764
|-terastallize|p1a: Kingambit|Dark
|move|p2a: Alomomola|Protect|p2a: Alomomola
|-singleturn|p2a: Alomomola|Protect
|move|p1a: Kingambit|Iron Head|p2a: Alomomola
|-activate|p2a: Alomomola|move: Protect
|
|upkeep
|turn|35
|
|t:|1758298775
|move|p1a: Kingambit|Iron Head|p2a: Alomomola
|-resisted|p2a: Alomomola
|-damage|p2a: Alomomola|65/100
|-damage|p1a: Kingambit|84/100|[from] item: Rocky Helmet|[of] p2a: Alomomola
|move|p2a: Alomomola|Wish|p2a: Alomomola
|
|upkeep
|turn|36
|
|t:|1758298786
|move|p1a: Kingambit|Sucker Punch|p2a: Alomomola
|-damage|p2a: Alomomola|15/100
|-damage|p1a: Kingambit|67/100|[from] item: Rocky Helmet|[of] p2a: Alomomola
|move|p2a: Alomomola|Flip Turn|p1a: Kingambit
|-damage|p1a: Kingambit|56/100
|
|t:|1758298799
|switch|p2a: Hydreigon|Hydreigon, M|43/100|[from] Flip Turn
|-damage|p2a: Hydreigon|31/100|[from] Stealth Rock
|
|-heal|p2a: Hydreigon|100/100|[from] move: Wish|[wisher] Alomomola
|upkeep
|turn|37
|
|t:|1758298811
|move|p2a: Hydreigon|Earth Power|p1a: Kingambit
|-damage|p1a: Kingambit|27/100
|move|p1a: Kingambit|Low Kick|p2a: Hydreigon
|-supereffective|p2a: Hydreigon
|-damage|p2a: Hydreigon|0 fnt
|faint|p2a: Hydreigon
|
|upkeep
|
|t:|1758298817
|switch|p2a: Alomomola|Alomomola, F|49/100
|-damage|p2a: Alomomola|36/100|[from] Stealth Rock
|turn|38
|
|t:|1758298824
|switch|p2a: Slowking|Slowking-Galar, M|63/100 par
|move|p1a: Kingambit|Kowtow Cleave|p2a: Slowking
|-supereffective|p2a: Slowking
|-damage|p2a: Slowking|0 fnt
|faint|p2a: Slowking
|
|upkeep
|
|t:|1758298830
|switch|p2a: Alomomola|Alomomola, F|70/100
|-damage|p2a: Alomomola|57/100|[from] Stealth Rock
|turn|39
|
|t:|1758298836
|move|p2a: Alomomola|Protect|p2a: Alomomola
|-singleturn|p2a: Alomomola|Protect
|move|p1a: Kingambit|Kowtow Cleave|p2a: Alomomola
|-activate|p2a: Alomomola|move: Protect
|
|upkeep
|turn|40
|
|t:|1758298844
|switch|p2a: Great Tusk|Great Tusk|100/100
|-damage|p2a: Great Tusk|98/100|[from] Stealth Rock
|move|p1a: Kingambit|Kowtow Cleave|p2a: Great Tusk
|-resisted|p2a: Great Tusk
|-damage|p2a: Great Tusk|60/100
|-damage|p1a: Kingambit|11/100|[from] item: Rocky Helmet|[of] p2a: Great Tusk
|
|upkeep
|turn|41
|
|t:|1758298857
|move|p1a: Kingambit|Sucker Punch|p2a: Great Tusk
|-resisted|p2a: Great Tusk
|-damage|p2a: Great Tusk|31/100
|-damage|p1a: Kingambit|0 fnt|[from] item: Rocky Helmet|[of] p2a: Great Tusk
|faint|p1a: Kingambit
|-end|p1a: Kingambit|fallen5|[silent]
|
|win|xieboruo
|raw|Imurdadwithmilk's rating: 1147 &rarr; <strong>1126</strong><br />(-21 for losing)
|raw|xieboruo's rating: 1200 &rarr; <strong>1221</strong><br />(+21 for winning)
|l|☆Imurdadwithmilk
|player|p1|
|l|☆xieboruo
|player|p2|
|j|☆xieboruo
|player|p2|xieboruo|1|
