|badge|p2|bronze|gen9doublesou|100-6
|uhtml|medal-msg|<div class="broadcast-blue">Curious what those medals under the avatar are? PS now has Ladder Seasons! For more information, check out the <a href="https://www.smogon.com/forums/threads/3740067/">thread on Smogon.</a></div>
|j|☆John Kritter
|j|☆Zerotti
|t:|1758348010
|gametype|singles
|player|p1|John Kritter|pokemaniac|1590
|player|p2|Zerotti|#dwcopiv|1643
|gen|9
|tier|[Gen 9] OU
|rated|
|rule|HP Percentage Mod: HP is shown in percentages
|rule|Endless Battle Clause: Forcing endless battles is banned
|rule|Species Clause: Limit one of each Pokémon
|rule|OHKO Clause: OHKO moves are banned
|rule|Evasion Items Clause: Evasion items are banned
|rule|Evasion Moves Clause: Evasion moves are banned
|rule|Evasion Abilities Clause: Evasion abilities are banned
|rule|Sleep Moves Clause: Sleep-inducing moves are banned
|clearpoke
|poke|p1|Torkoal, F|
|poke|p1|Walking Wake|
|poke|p1|Hatterene, F|
|poke|p1|Great Tusk|
|poke|p1|Ceruledge, F|
|poke|p1|Enamorus, F|
|poke|p2|Tyranitar, F|
|poke|p2|Gholdengo|
|poke|p2|Zamazenta-*|
|poke|p2|Rillaboom, F|
|poke|p2|Garchomp, M|
|poke|p2|Zapdos|
|teampreview
|inactive|Battle timer is ON: inactive players will automatically lose when time's up. (requested by John Kritter)
|inactive|Zerotti has 120 seconds left.
|inactive|Zerotti has 90 seconds left.
|
|t:|1758348095
|teamsize|p1|6
|teamsize|p2|6
|start
|switch|p1a: Torkoal|Torkoal, F|100/100
|switch|p2a: Zapdos|Zapdos|100/100
|-weather|SunnyDay|[from] ability: Drought|[of] p1a: Torkoal
|turn|1
|
|t:|1758348110
|move|p2a: Zapdos|Volt Switch|p1a: Torkoal
|-damage|p1a: Torkoal|61/100
|inactive|Zerotti has 120 seconds left.
|inactive|Zerotti has 90 seconds left.
|
|t:|1758348152
|switch|p2a: Tyranitar|Tyranitar, F|100/100|[from] Volt Switch
|-weather|Sandstorm|[from] ability: Sand Stream|[of] p2a: Tyranitar
|move|p1a: Torkoal|Stealth Rock|p2a: Tyranitar
|-sidestart|p2: Zerotti|move: Stealth Rock
|
|-weather|Sandstorm|[upkeep]
|-damage|p1a: Torkoal|55/100|[from] Sandstorm
|upkeep
|turn|2
|inactive|Zerotti has 90 seconds left.
|
|t:|1758348171
|switch|p1a: Hatterene|Hatterene, F, shiny|100/100
|move|p2a: Tyranitar|Stone Edge|p1a: Hatterene
|-damage|p1a: Hatterene|57/100
|-enditem|p1a: Hatterene|Eject Button
|
|t:|1758348180
|switch|p1a: Walking Wake|Walking Wake|100/100
|
|-weather|Sandstorm|[upkeep]
|-damage|p1a: Walking Wake|94/100|[from] Sandstorm
|upkeep
|turn|3
|
|t:|1758348186
|switch|p2a: Rillaboom|Rillaboom, F|100/100
|-fieldstart|move: Grassy Terrain|[from] ability: Grassy Surge|[of] p2a: Rillaboom
|-terastallize|p1a: Walking Wake|Water
|move|p1a: Walking Wake|Hydro Steam|p2a: Rillaboom
|-resisted|p2a: Rillaboom
|-damage|p2a: Rillaboom|46/100
|
|-weather|Sandstorm|[upkeep]
|-damage|p1a: Walking Wake|88/100|[from] Sandstorm
|-damage|p2a: Rillaboom|40/100|[from] Sandstorm
|-heal|p1a: Walking Wake|94/100|[from] Grassy Terrain
|-heal|p2a: Rillaboom|46/100|[from] Grassy Terrain
|upkeep
|turn|4
|
|t:|1758348203
|-end|p1a: Walking Wake|Protosynthesis|[silent]
|switch|p1a: Hatterene|Hatterene, F, shiny|57/100
|move|p2a: Rillaboom|U-turn|p1a: Hatterene
|-damage|p1a: Hatterene|34/100
|
|t:|1758348213
|switch|p2a: Gholdengo|Gholdengo|100/100|[from] U-turn
|-damage|p2a: Gholdengo|94/100|[from] Stealth Rock
|-item|p2a: Gholdengo|Air Balloon
|
|-weather|Sandstorm|[upkeep]
|-damage|p1a: Hatterene|28/100|[from] Sandstorm
|-heal|p1a: Hatterene|34/100|[from] Grassy Terrain
|upkeep
|turn|5
|
|t:|1758348234
|move|p2a: Gholdengo|Hex|p1a: Hatterene
|-supereffective|p1a: Hatterene
|-damage|p1a: Hatterene|0 fnt
|faint|p1a: Hatterene
|
|-weather|none
|upkeep
|
|t:|1758348237
|switch|p1a: Walking Wake|Walking Wake, tera:Water|94/100
|turn|6
|inactive|Zerotti has 120 seconds left.
|
|t:|1758348251
|move|p1a: Walking Wake|Hydro Steam|p2a: Gholdengo
|-damage|p2a: Gholdengo|13/100
|-enditem|p2a: Gholdengo|Air Balloon
|move|p2a: Gholdengo|Thunder Wave|p1a: Walking Wake
|-status|p1a: Walking Wake|par
|
|-heal|p2a: Gholdengo|19/100|[from] Grassy Terrain
|-heal|p1a: Walking Wake|100/100 par|[from] Grassy Terrain
|upkeep
|turn|7
|inactive|Zerotti has 120 seconds left.
|
|t:|1758348266
|-end|p1a: Walking Wake|Protosynthesis|[silent]
|switch|p1a: Enamorus|Enamorus, F|100/100
|move|p2a: Gholdengo|Hex|p1a: Enamorus
|-damage|p1a: Enamorus|61/100
|
|-heal|p2a: Gholdengo|25/100|[from] Grassy Terrain
|-fieldend|move: Grassy Terrain
|upkeep
|turn|8
|
|t:|1758348274
|move|p1a: Enamorus|Healing Wish|p1a: Enamorus
|faint|p1a: Enamorus
|move|p2a: Gholdengo|Recover|p2a: Gholdengo
|-heal|p2a: Gholdengo|75/100
|
|upkeep
|
|t:|1758348279
|switch|p1a: Walking Wake|Walking Wake, tera:Water|100/100 par
|-heal|p1a: Walking Wake|100/100|[from] move: Healing Wish
|turn|9
|
|t:|1758348290
|move|p1a: Walking Wake|Hydro Steam|p2a: Gholdengo
|-damage|p2a: Gholdengo|0 fnt
|faint|p2a: Gholdengo
|
|upkeep
|
|t:|1758348301
|switch|p2a: Rillaboom|Rillaboom, F|46/100
|-fieldstart|move: Grassy Terrain|[from] ability: Grassy Surge|[of] p2a: Rillaboom
|turn|10
|
|t:|1758348307
|-end|p1a: Walking Wake|Protosynthesis|[silent]
|switch|p1a: Torkoal|Torkoal, F|55/100
|-weather|SunnyDay|[from] ability: Drought|[of] p1a: Torkoal
|move|p2a: Rillaboom|Grassy Glide|p1a: Torkoal
|-resisted|p1a: Torkoal
|-damage|p1a: Torkoal|40/100
|
|-weather|SunnyDay|[upkeep]
|-heal|p2a: Rillaboom|52/100|[from] Grassy Terrain
|-heal|p1a: Torkoal|46/100|[from] Grassy Terrain
|upkeep
|turn|11
|
|t:|1758348324
|switch|p1a: Walking Wake|Walking Wake, tera:Water|100/100
|-activate|p1a: Walking Wake|ability: Protosynthesis
|-start|p1a: Walking Wake|protosynthesisspa
|move|p2a: Rillaboom|U-turn|p1a: Walking Wake
|-damage|p1a: Walking Wake|73/100
|inactive|Zerotti has 120 seconds left.
|
|t:|1758348351
|switch|p2a: Zamazenta|Zamazenta|100/100|[from] U-turn
|-ability|p2a: Zamazenta|Dauntless Shield|boost
|-boost|p2a: Zamazenta|def|1
|
|-weather|SunnyDay|[upkeep]
|-heal|p1a: Walking Wake|80/100|[from] Grassy Terrain
|upkeep
|turn|12
|
|t:|1758348358
|move|p2a: Zamazenta|Close Combat|p1a: Walking Wake
|-damage|p1a: Walking Wake|17/100
|-unboost|p2a: Zamazenta|def|1
|-unboost|p2a: Zamazenta|spd|1
|move|p1a: Walking Wake|Hydro Steam|p2a: Zamazenta
|-damage|p2a: Zamazenta|0 fnt
|faint|p2a: Zamazenta
|
|-weather|SunnyDay|[upkeep]
|-heal|p1a: Walking Wake|23/100|[from] Grassy Terrain
|upkeep
|inactive|Zerotti has 120 seconds left.
|
|t:|1758348372
|switch|p2a: Rillaboom|Rillaboom, F|52/100
|turn|13
|
|t:|1758348379
|move|p2a: Rillaboom|Grassy Glide|p1a: Walking Wake
|-supereffective|p1a: Walking Wake
|-damage|p1a: Walking Wake|0 fnt
|faint|p1a: Walking Wake
|-end|p1a: Walking Wake|Protosynthesis|[silent]
|
|-weather|SunnyDay|[upkeep]
|-heal|p2a: Rillaboom|58/100|[from] Grassy Terrain
|upkeep
|
|t:|1758348381
|switch|p1a: Ceruledge|Ceruledge, F|100/100
|turn|14
|
|t:|1758348391
|switch|p2a: Tyranitar|Tyranitar, F|100/100
|-weather|Sandstorm|[from] ability: Sand Stream|[of] p2a: Tyranitar
|move|p1a: Ceruledge|Swords Dance|p1a: Ceruledge
|-boost|p1a: Ceruledge|atk|2
|
|-weather|Sandstorm|[upkeep]
|-damage|p1a: Ceruledge|94/100|[from] Sandstorm
|-heal|p1a: Ceruledge|100/100|[from] Grassy Terrain
|-fieldend|move: Grassy Terrain
|upkeep
|turn|15
|
|t:|1758348407
|switch|p2a: Garchomp|Garchomp, M|100/100
|-damage|p2a: Garchomp|94/100|[from] Stealth Rock
|move|p1a: Ceruledge|Solar Blade||[still]
|-prepare|p1a: Ceruledge|Solar Blade
|
|-weather|Sandstorm|[upkeep]
|-damage|p1a: Ceruledge|94/100|[from] Sandstorm
|upkeep
|turn|16
|
|t:|1758348417
|move|p1a: Ceruledge|Solar Blade|p2a: Garchomp|[from] lockedmove
|-damage|p2a: Garchomp|66/100
|-damage|p1a: Ceruledge|82/100|[from] ability: Rough Skin|[of] p2a: Garchomp
|-damage|p1a: Ceruledge|65/100|[from] item: Rocky Helmet|[of] p2a: Garchomp
|move|p2a: Garchomp|Earthquake|p1a: Ceruledge
|-supereffective|p1a: Ceruledge
|-crit|p1a: Ceruledge
|-damage|p1a: Ceruledge|0 fnt
|faint|p1a: Ceruledge
|
|-weather|Sandstorm|[upkeep]
|upkeep
|
|t:|1758348425
|switch|p1a: Don|Great Tusk, shiny|100/100
|turn|17
|
|t:|1758348433
|move|p1a: Don|Ice Spinner|p2a: Garchomp
|-supereffective|p2a: Garchomp
|-damage|p2a: Garchomp|0 fnt
|-damage|p1a: Don|88/100|[from] ability: Rough Skin|[of] p2a: Garchomp
|-damage|p1a: Don|71/100|[from] item: Rocky Helmet|[of] p2a: Garchomp
|faint|p2a: Garchomp
|
|-weather|Sandstorm|[upkeep]
|upkeep
|
|t:|1758348444
|switch|p2a: Zapdos|Zapdos|100/100
|turn|18
|
|t:|1758348450
|move|p2a: Zapdos|Hurricane|p1a: Don
|-supereffective|p1a: Don
|-damage|p1a: Don|0 fnt
|faint|p1a: Don
|-end|p1a: Don|Protosynthesis|[silent]
|
|-weather|none
|upkeep
|
|t:|1758348453
|switch|p1a: Torkoal|Torkoal, F|46/100
|-weather|SunnyDay|[from] ability: Drought|[of] p1a: Torkoal
|turn|19
|
|t:|1758348457
|move|p2a: Zapdos|Volt Switch|p1a: Torkoal
|-damage|p1a: Torkoal|5/100
|
|t:|1758348460
|switch|p2a: Tyranitar|Tyranitar, F|100/100|[from] Volt Switch
|-weather|Sandstorm|[from] ability: Sand Stream|[of] p2a: Tyranitar
|move|p1a: Torkoal|Flamethrower|p2a: Tyranitar
|-resisted|p2a: Tyranitar
|-damage|p2a: Tyranitar|88/100
|
|-weather|Sandstorm|[upkeep]
|-damage|p1a: Torkoal|0 fnt|[from] Sandstorm
|faint|p1a: Torkoal
|
|win|Zerotti
|raw|John Kritter's rating: 1590 &rarr; <strong>1573</strong><br />(-17 for losing)
|raw|Zerotti's rating: 1643 &rarr; <strong>1660</strong><br />(+17 for winning)
|l|☆John Kritter
|player|p1|
