|j|☆axunyu
|j|☆Permanultimatum
|t:|1758348228
|gametype|singles
|player|p1|axunyu|benga|1341
|player|p2|Permanultimatum|scientist-gen4|1451
|gen|9
|tier|[Gen 9] OU
|rated|
|rule|HP Percentage Mod: HP is shown in percentages
|rule|Endless Battle Clause: Forcing endless battles is banned
|rule|Species Clause: Limit one of each Pokémon
|rule|OHKO Clause: OHKO moves are banned
|rule|Evasion Items Clause: Evasion items are banned
|rule|Evasion Moves Clause: Evasion moves are banned
|rule|Evasion Abilities Clause: Evasion abilities are banned
|rule|Sleep Moves Clause: Sleep-inducing moves are banned
|clearpoke
|poke|p1|Torkoal, F|
|poke|p1|Scovillain, M|
|poke|p1|Zamazenta-*|
|poke|p1|Corviknight, F|
|poke|p1|Raging Bolt|
|poke|p1|Arcanine-Hisui, M|
|poke|p2|Porygon-Z|
|poke|p2|Dragonite, M|
|poke|p2|Lokix, F|
|poke|p2|Alomomola, M|
|poke|p2|Deoxys-Defense|
|poke|p2|Samurott-Hisui, M|
|teampreview
|inactive|Battle timer is ON: inactive players will automatically lose when time's up. (requested by axunyu)
|inactive|Permanultimatum has 120 seconds left.
|
|t:|1758348263
|teamsize|p1|6
|teamsize|p2|6
|start
|switch|p1a: Zamazenta|Zamazenta|100/100
|switch|p2a: Porygon-Z|Porygon-Z|100/100
|-ability|p1a: Zamazenta|Dauntless Shield|boost
|-boost|p1a: Zamazenta|def|1
|-ability|p2a: Porygon-Z|Download|boost
|-boost|p2a: Porygon-Z|spa|1
|turn|1
|
|t:|1758348273
|switch|p2a: Deoxys|Deoxys-Defense|100/100
|-ability|p2a: Deoxys|Pressure
|move|p1a: Zamazenta|Close Combat|p2a: Deoxys
|-resisted|p2a: Deoxys
|-damage|p2a: Deoxys|77/100
|-unboost|p1a: Zamazenta|def|1
|-unboost|p1a: Zamazenta|spd|1
|
|upkeep
|turn|2
|
|t:|1758348281
|switch|p1a: Torkoal|Torkoal, F, shiny|100/100
|-weather|SunnyDay|[from] ability: Drought|[of] p1a: Torkoal
|move|p2a: Deoxys|Teleport|p2a: Deoxys
|
|t:|1758348285
|switch|p2a: Porygon-Z|Porygon-Z|100/100|[from] Teleport
|-ability|p2a: Porygon-Z|Download|boost
|-boost|p2a: Porygon-Z|spa|1
|
|-weather|SunnyDay|[upkeep]
|upkeep
|turn|3
|
|t:|1758348292
|-terastallize|p2a: Porygon-Z|Ground
|move|p2a: Porygon-Z|Tera Blast|p1a: Torkoal|[anim] Tera Blast Ground
|-supereffective|p1a: Torkoal
|-damage|p1a: Torkoal|0 fnt
|faint|p1a: Torkoal
|
|-weather|SunnyDay|[upkeep]
|upkeep
|
|t:|1758348298
|switch|p1a: Scovillain|Scovillain, M|100/100
|turn|4
|
|t:|1758348304
|switch|p2a: Dragonite|Dragonite, M|100/100
|move|p1a: Scovillain|Solar Beam||[still]
|-prepare|p1a: Scovillain|Solar Beam
|-anim|p1a: Scovillain|Solar Beam|p2a: Dragonite
|-resisted|p2a: Dragonite
|-damage|p2a: Dragonite|90/100
|-damage|p1a: Scovillain|91/100|[from] item: Life Orb
|
|-weather|SunnyDay|[upkeep]
|upkeep
|turn|5
|
|t:|1758348308
|move|p1a: Scovillain|Fire Blast|p2a: Dragonite
|-resisted|p2a: Dragonite
|-damage|p2a: Dragonite|31/100
|-damage|p1a: Scovillain|81/100|[from] item: Life Orb
|move|p2a: Dragonite|Dragon Claw|p1a: Scovillain
|-damage|p1a: Scovillain|0 fnt
|faint|p1a: Scovillain
|
|-weather|SunnyDay|[upkeep]
|upkeep
|
|t:|1758348311
|switch|p1a: Arcanine|Arcanine-Hisui, M|100/100
|turn|6
|
|t:|1758348317
|switch|p2a: Alomomola|Alomomola, M|100/100
|move|p1a: Arcanine|Head Smash|p2a: Alomomola
|-damage|p2a: Alomomola|40/100
|
|-weather|SunnyDay|[upkeep]
|upkeep
|turn|7
|
|t:|1758348327
|switch|p2a: Samurott|Samurott-Hisui, M|100/100
|move|p1a: Arcanine|Head Smash|p2a: Samurott
|-damage|p2a: Samurott|0 fnt
|faint|p2a: Samurott
|
|-weather|SunnyDay|[upkeep]
|upkeep
|
|t:|1758348332
|switch|p2a: Alomomola|Alomomola, M|74/100
|turn|8
|
|t:|1758348338
|move|p1a: Arcanine|Head Smash|p2a: Alomomola
|-damage|p2a: Alomomola|16/100
|move|p2a: Alomomola|Flip Turn|p1a: Arcanine
|-supereffective|p1a: Arcanine
|-damage|p1a: Arcanine|64/100
|
|t:|1758348344
|switch|p2a: Dragonite|Dragonite, M|31/100|[from] Flip Turn
|
|-weather|SunnyDay|[upkeep]
|upkeep
|turn|9
|
|t:|1758348368
|move|p1a: Arcanine|Head Smash|p2a: Dragonite
|-supereffective|p2a: Dragonite
|-damage|p2a: Dragonite|0 fnt
|faint|p2a: Dragonite
|
|-weather|none
|upkeep
|
|t:|1758348371
|switch|p2a: Porygon-Z|Porygon-Z, tera:Ground|100/100
|-ability|p2a: Porygon-Z|Download|boost
|-boost|p2a: Porygon-Z|atk|1
|turn|10
|
|t:|1758348382
|-terastallize|p1a: Arcanine|Normal
|move|p1a: Arcanine|Head Smash|p2a: Porygon-Z
|-resisted|p2a: Porygon-Z
|-damage|p2a: Porygon-Z|22/100
|move|p2a: Porygon-Z|Tera Blast|p1a: Arcanine|[anim] Tera Blast Ground
|-damage|p1a: Arcanine|16/100
|
|upkeep
|turn|11
|
|t:|1758348390
|switch|p2a: Deoxys|Deoxys-Defense|77/100
|-ability|p2a: Deoxys|Pressure
|move|p1a: Arcanine|Head Smash|p2a: Deoxys
|-damage|p2a: Deoxys|3/100
|
|upkeep
|turn|12
|
|t:|1758348396
|move|p1a: Arcanine|Head Smash|p2a: Deoxys|[miss]
|-miss|p1a: Arcanine|p2a: Deoxys
|move|p2a: Deoxys|Teleport|p2a: Deoxys
|
|t:|1758348399
|switch|p2a: Lokix|Lokix, F|100/100|[from] Teleport
|
|upkeep
|turn|13
|
|t:|1758348404
|switch|p1a: Corviknight|Corviknight, F|100/100
|-ability|p1a: Corviknight|Pressure
|move|p2a: Lokix|Sucker Punch||[still]
|-fail|p2a: Lokix
|
|upkeep
|turn|14
|
|t:|1758348410
|switch|p2a: Alomomola|Alomomola, M|49/100
|move|p1a: Corviknight|Brave Bird|p2a: Alomomola
|-damage|p2a: Alomomola|30/100
|-damage|p1a: Corviknight|92/100|[from] Recoil
|
|-heal|p1a: Corviknight|98/100|[from] item: Leftovers
|upkeep
|turn|15
|
|t:|1758348427
|move|p1a: Corviknight|U-turn|p2a: Alomomola
|-damage|p2a: Alomomola|21/100
|
|t:|1758348430
|switch|p1a: Raging Bolt|Raging Bolt|100/100|[from] U-turn
|move|p2a: Alomomola|Scald|p1a: Raging Bolt
|-resisted|p1a: Raging Bolt
|-damage|p1a: Raging Bolt|94/100
|
|-heal|p1a: Raging Bolt|99/100|[from] item: Leftovers
|upkeep
|turn|16
|
|t:|1758348436
|switch|p2a: Deoxys|Deoxys-Defense|3/100
|-ability|p2a: Deoxys|Pressure
|move|p1a: Raging Bolt|Thunderbolt|p2a: Deoxys
|-damage|p2a: Deoxys|0 fnt
|faint|p2a: Deoxys
|
|-heal|p1a: Raging Bolt|100/100|[from] item: Leftovers
|upkeep
|
|t:|1758348439
|switch|p2a: Porygon-Z|Porygon-Z, tera:Ground|22/100
|-ability|p2a: Porygon-Z|Download|boost
|-boost|p2a: Porygon-Z|spa|1
|turn|17
|
|t:|1758348444
|move|p2a: Porygon-Z|Tera Blast|p1a: Raging Bolt|[anim] Tera Blast Ground
|-supereffective|p1a: Raging Bolt
|-damage|p1a: Raging Bolt|0 fnt
|faint|p1a: Raging Bolt
|-end|p1a: Raging Bolt|Protosynthesis|[silent]
|
|upkeep
|
|t:|1758348447
|switch|p1a: Zamazenta|Zamazenta|100/100
|turn|18
|
|t:|1758348458
|move|p1a: Zamazenta|Wild Charge|p2a: Porygon-Z
|-immune|p2a: Porygon-Z
|move|p2a: Porygon-Z|Tera Blast|p1a: Zamazenta|[anim] Tera Blast Ground
|-damage|p1a: Zamazenta|44/100
|
|upkeep
|turn|19
|
|t:|1758348472
|switch|p1a: Corviknight|Corviknight, F|98/100
|-ability|p1a: Corviknight|Pressure
|move|p2a: Porygon-Z|Agility|p2a: Porygon-Z
|-boost|p2a: Porygon-Z|spe|2
|
|-heal|p1a: Corviknight|100/100|[from] item: Leftovers
|upkeep
|turn|20
|
|t:|1758348481
|move|p2a: Porygon-Z|Thunderbolt|p1a: Corviknight
|-supereffective|p1a: Corviknight
|-damage|p1a: Corviknight|7/100
|move|p1a: Corviknight|Brave Bird|p2a: Porygon-Z
|-damage|p2a: Porygon-Z|0 fnt
|faint|p2a: Porygon-Z
|-damage|p1a: Corviknight|1/100|[from] Recoil
|
|-heal|p1a: Corviknight|7/100|[from] item: Leftovers
|upkeep
|
|t:|1758348487
|switch|p2a: Lokix|Lokix, F|100/100
|turn|21
|
|t:|1758348497
|move|p2a: Lokix|First Impression|p1a: Corviknight
|-resisted|p1a: Corviknight
|-damage|p1a: Corviknight|0 fnt
|faint|p1a: Corviknight
|
|upkeep
|
|t:|1758348501
|switch|p1a: Arcanine|Arcanine-Hisui, M, tera:Normal|16/100
|turn|22
|
|t:|1758348513
|move|p2a: Lokix|Knock Off|p1a: Arcanine
|-damage|p1a: Arcanine|0 fnt
|-enditem|p1a: Arcanine|Choice Band|[from] move: Knock Off|[of] p2a: Lokix
|faint|p1a: Arcanine
|
|upkeep
|
|t:|1758348520
|switch|p1a: Zamazenta|Zamazenta|44/100
|turn|23
|
|t:|1758348530
|move|p2a: Lokix|Sucker Punch|p1a: Zamazenta
|-resisted|p1a: Zamazenta
|-damage|p1a: Zamazenta|15/100
|move|p1a: Zamazenta|Wild Charge|p2a: Lokix
|-damage|p2a: Lokix|55/100
|-damage|p1a: Zamazenta|5/100|[from] Recoil
|
|upkeep
|turn|24
|
|t:|1758348534
|move|p2a: Lokix|Sucker Punch|p1a: Zamazenta
|-resisted|p1a: Zamazenta
|-damage|p1a: Zamazenta|0 fnt
|faint|p1a: Zamazenta
|
|win|Permanultimatum
|raw|axunyu's rating: 1341 &rarr; <strong>1327</strong><br />(-14 for losing)
|raw|Permanultimatum's rating: 1451 &rarr; <strong>1465</strong><br />(+14 for winning)
|l|☆axunyu
|player|p1|
|c|☆Permanultimatum|gg
|l|☆Permanultimatum
|player|p2|
