|j|☆justiceforjessie
|j|☆Magcla
|t:|1758259256
|gametype|singles
|player|p1|justiceforjessie|170|1552
|player|p2|Magcla|may-masters2|1602
|gen|9
|tier|[Gen 9] OU
|rated|
|rule|HP Percentage Mod: HP is shown in percentages
|rule|Endless Battle Clause: Forcing endless battles is banned
|rule|Species Clause: Limit one of each Pokémon
|rule|OHKO Clause: OHKO moves are banned
|rule|Evasion Items Clause: Evasion items are banned
|rule|Evasion Moves Clause: Evasion moves are banned
|rule|Evasion Abilities Clause: Evasion abilities are banned
|rule|Sleep Moves Clause: Sleep-inducing moves are banned
|clearpoke
|poke|p1|Darkrai|
|poke|p1|Great Tusk|
|poke|p1|Ogerpon-Wellspring, F|
|poke|p1|Gholdengo|
|poke|p1|Dragonite, F|
|poke|p1|Ting-Lu|
|poke|p2|Dragapult, M|
|poke|p2|Glimmora, M|
|poke|p2|Comfey, M|
|poke|p2|Kingambit, M|
|poke|p2|Ogerpon-Wellspring, F|
|poke|p2|Blaziken, M|
|teampreview
|
|t:|1758259264
|teamsize|p1|6
|teamsize|p2|6
|start
|switch|p1a: Darkrai|Darkrai|100/100
|switch|p2a: Glimmora|Glimmora, M, shiny|100/100
|turn|1
|
|t:|1758259269
|move|p1a: Darkrai|Dark Pulse|p2a: Glimmora
|-damage|p2a: Glimmora|64/100
|-enditem|p2a: Glimmora|Red Card|[of] p1a: Darkrai
|drag|p1a: Ogerpon|Ogerpon-Wellspring, F|100/100
|move|p2a: Glimmora|Stealth Rock|p1a: Ogerpon
|-sidestart|p1: justiceforjessie|move: Stealth Rock
|
|upkeep
|turn|2
|
|t:|1758259280
|switch|p2a: Dragapult|Dragapult, M, shiny|100/100
|move|p1a: Ogerpon|Power Whip|p2a: Dragapult|[miss]
|-miss|p1a: Ogerpon|p2a: Dragapult
|
|upkeep
|turn|3
|
|t:|1758259290
|move|p2a: Dragapult|Dragon Darts|p1a: Ogerpon
|-damage|p1a: Ogerpon|64/100
|-anim|p2a: Dragapult|Dragon Darts|p1a: Ogerpon
|-damage|p1a: Ogerpon|28/100
|-damage|p2a: Dragapult|91/100|[from] item: Life Orb
|move|p1a: Ogerpon|Knock Off|p2a: Dragapult
|-supereffective|p2a: Dragapult
|-damage|p2a: Dragapult|0 fnt
|-enditem|p2a: Dragapult|Life Orb|[from] move: Knock Off|[of] p1a: Ogerpon
|faint|p2a: Dragapult
|
|upkeep
|
|t:|1758259304
|switch|p2a: Blaziken|Blaziken, M, shiny|100/100
|turn|4
|
|t:|1758259327
|switch|p1a: Great Tusk|Great Tusk|100/100
|move|p2a: Blaziken|Protect||[still]
|-fail|p2a: Blaziken
|
|-ability|p2a: Blaziken|Speed Boost|boost
|-boost|p2a: Blaziken|spe|1
|upkeep
|turn|5
|
|t:|1758259362
|switch|p2a: Ogerpon|Ogerpon-Wellspring, F|100/100
|move|p1a: Great Tusk|Rapid Spin|p2a: Ogerpon
|-damage|p2a: Ogerpon|79/100
|-boost|p1a: Great Tusk|spe|1
|-sideend|p1: justiceforjessie|Stealth Rock|[from] move: Rapid Spin|[of] p1a: Great Tusk
|
|upkeep
|turn|6
|
|t:|1758259399
|move|p1a: Great Tusk|Stealth Rock|p2a: Ogerpon
|-sidestart|p2: Magcla|move: Stealth Rock
|move|p2a: Ogerpon|U-turn|p1a: Great Tusk
|-resisted|p1a: Great Tusk
|-damage|p1a: Great Tusk|90/100
|
|t:|1758259411
|switch|p2a: Comfey|Comfey, M, shiny|100/100|[from] U-turn
|-damage|p2a: Comfey|88/100|[from] Stealth Rock
|
|upkeep
|turn|7
|
|t:|1758259427
|-terastallize|p1a: Great Tusk|Steel
|move|p2a: Comfey|Draining Kiss|p1a: Great Tusk
|-resisted|p1a: Great Tusk
|-damage|p1a: Great Tusk|69/100
|-heal|p2a: Comfey|100/100|[from] drain|[of] p1a: Great Tusk
|-damage|p2a: Comfey|91/100|[from] item: Life Orb
|move|p1a: Great Tusk|Headlong Rush|p2a: Comfey
|-damage|p2a: Comfey|19/100
|-unboost|p1a: Great Tusk|def|1
|-unboost|p1a: Great Tusk|spd|1
|
|upkeep
|turn|8
|-message|Magcla forfeited.
|
|win|justiceforjessie
|raw|justiceforjessie's rating: 1552 &rarr; <strong>1575</strong><br />(+23 for winning)
|raw|Magcla's rating: 1602 &rarr; <strong>1579</strong><br />(-23 for losing)
|l|☆Magcla
|player|p2|
