|j|☆RobinMuisterr
|j|☆leacchin
|t:|1758315142
|gametype|singles
|player|p1|RobinMuisterr|266|1142
|player|p2|leacchin|janine|1181
|gen|9
|tier|[Gen 9] OU
|rated|
|rule|HP Percentage Mod: HP is shown in percentages
|rule|Endless Battle Clause: Forcing endless battles is banned
|rule|Species Clause: Limit one of each Pokémon
|rule|OHKO Clause: OHKO moves are banned
|rule|Evasion Items Clause: Evasion items are banned
|rule|Evasion Moves Clause: Evasion moves are banned
|rule|Evasion Abilities Clause: Evasion abilities are banned
|rule|Sleep Moves Clause: Sleep-inducing moves are banned
|clearpoke
|poke|p1|Lilligant-Hisui, F|
|poke|p1|Walking Wake|
|poke|p1|Great Tusk|
|poke|p1|Kingambit, M|
|poke|p1|Ninetales, M|
|poke|p1|Alcremie-Mint-Cream, F|
|poke|p2|Iron Hands|
|poke|p2|Kyurem|
|poke|p2|Darkrai|
|poke|p2|Great Tusk|
|poke|p2|Zapdos|
|poke|p2|Primarina, F|
|teampreview
|inactive|Battle timer is ON: inactive players will automatically lose when time's up. (requested by leacchin)
|
|t:|1758315167
|teamsize|p1|6
|teamsize|p2|6
|start
|switch|p1a: Alcremie|Alcremie-Mint-Cream, F|100/100
|switch|p2a: Kyurem|Kyurem|100/100
|-ability|p2a: Kyurem|Pressure
|turn|1
|
|t:|1758315174
|move|p2a: Kyurem|Flash Cannon|p1a: Alcremie
|-supereffective|p1a: Alcremie
|-damage|p1a: Alcremie|51/100
|move|p1a: Alcremie|Acid Armor|p1a: Alcremie
|-boost|p1a: Alcremie|def|2
|
|-heal|p1a: Alcremie|57/100|[from] item: Leftovers
|upkeep
|turn|2
|
|t:|1758315183
|-terastallize|p1a: Alcremie|Steel
|move|p2a: Kyurem|Flash Cannon|p1a: Alcremie
|-resisted|p1a: Alcremie
|-damage|p1a: Alcremie|42/100
|move|p1a: Alcremie|Calm Mind|p1a: Alcremie
|-boost|p1a: Alcremie|spa|1
|-boost|p1a: Alcremie|spd|1
|
|-heal|p1a: Alcremie|48/100|[from] item: Leftovers
|upkeep
|turn|3
|
|t:|1758315205
|switch|p2a: Great Tusk|Great Tusk|100/100
|move|p1a: Alcremie|Calm Mind|p1a: Alcremie
|-boost|p1a: Alcremie|spa|1
|-boost|p1a: Alcremie|spd|1
|
|-heal|p1a: Alcremie|54/100|[from] item: Leftovers
|upkeep
|turn|4
|
|t:|1758315214
|move|p2a: Great Tusk|Earthquake|p1a: Alcremie
|-supereffective|p1a: Alcremie
|-damage|p1a: Alcremie|0 fnt
|faint|p1a: Alcremie
|
|upkeep
|
|t:|1758315219
|switch|p1a: Ninetales|Ninetales, M|100/100
|-weather|SunnyDay|[from] ability: Drought|[of] p1a: Ninetales
|-activate|p2a: Great Tusk|ability: Protosynthesis
|-start|p2a: Great Tusk|protosynthesisatk
|turn|5
|
|t:|1758315228
|move|p1a: Ninetales|Solar Beam||[still]
|-prepare|p1a: Ninetales|Solar Beam
|-anim|p1a: Ninetales|Solar Beam|p2a: Great Tusk
|-supereffective|p2a: Great Tusk
|-damage|p2a: Great Tusk|62/100
|move|p2a: Great Tusk|Earthquake|p1a: Ninetales
|-supereffective|p1a: Ninetales
|-damage|p1a: Ninetales|0 fnt
|faint|p1a: Ninetales
|
|-weather|SunnyDay|[upkeep]
|upkeep
|
|t:|1758315235
|switch|p1a: Lilligant|Lilligant-Hisui, F|100/100
|turn|6
|
|t:|1758315257
|move|p1a: Lilligant|Solar Blade||[still]
|-prepare|p1a: Lilligant|Solar Blade
|-anim|p1a: Lilligant|Solar Blade|p2a: Great Tusk
|-supereffective|p2a: Great Tusk
|-damage|p2a: Great Tusk|0 fnt
|faint|p2a: Great Tusk
|-end|p2a: Great Tusk|Protosynthesis|[silent]
|-damage|p1a: Lilligant|91/100|[from] item: Life Orb
|
|-weather|SunnyDay|[upkeep]
|upkeep
|
|t:|1758315266
|switch|p2a: Iron Hands|Iron Hands|100/100
|turn|7
|
|t:|1758315277
|move|p2a: Iron Hands|Fake Out|p1a: Lilligant
|-damage|p1a: Lilligant|68/100
|cant|p1a: Lilligant|flinch
|
|-weather|SunnyDay|[upkeep]
|upkeep
|turn|8
|-activate|p2a: Iron Hands|item: Quick Claw
|
|t:|1758315285
|move|p2a: Iron Hands|Ice Punch|p1a: Lilligant
|-supereffective|p1a: Lilligant
|-damage|p1a: Lilligant|0 fnt
|faint|p1a: Lilligant
|
|-weather|SunnyDay|[upkeep]
|upkeep
|
|t:|1758315299
|switch|p1a: Walking Wake|Walking Wake|100/100
|-activate|p1a: Walking Wake|ability: Protosynthesis
|-start|p1a: Walking Wake|protosynthesisspe
|turn|9
|
|t:|1758315319
|move|p1a: Walking Wake|Weather Ball|p2a: Iron Hands
|-damage|p2a: Iron Hands|58/100
|move|p2a: Iron Hands|Supercell Slam|p1a: Walking Wake
|-damage|p1a: Walking Wake|35/100
|
|-weather|SunnyDay|[upkeep]
|upkeep
|turn|10
|-activate|p2a: Iron Hands|item: Quick Claw
|
|t:|1758315329
|move|p2a: Iron Hands|Supercell Slam|p1a: Walking Wake
|-damage|p1a: Walking Wake|0 fnt
|faint|p1a: Walking Wake
|-end|p1a: Walking Wake|Protosynthesis|[silent]
|
|-weather|SunnyDay|[upkeep]
|upkeep
|
|t:|1758315338
|switch|p1a: Great Tusk|Great Tusk|100/100
|-activate|p1a: Great Tusk|ability: Protosynthesis
|-start|p1a: Great Tusk|protosynthesisatk
|turn|11
|
|t:|1758315345
|-end|p2a: Iron Hands|Quark Drive|[silent]
|switch|p2a: Zapdos|Zapdos|100/100
|move|p1a: Great Tusk|Headlong Rush|p2a: Zapdos
|-immune|p2a: Zapdos
|
|-weather|SunnyDay|[upkeep]
|upkeep
|turn|12
|
|t:|1758315357
|-terastallize|p2a: Zapdos|Ghost
|move|p1a: Great Tusk|Ice Spinner|p2a: Zapdos
|-damage|p2a: Zapdos|70/100
|move|p2a: Zapdos|Hurricane|p1a: Great Tusk
|-supereffective|p1a: Great Tusk
|-damage|p1a: Great Tusk|0 fnt
|faint|p1a: Great Tusk
|-end|p1a: Great Tusk|Protosynthesis|[silent]
|
|-weather|none
|upkeep
|
|t:|1758315363
|switch|p1a: Kingambit|Kingambit, M|100/100
|-activate|p1a: Kingambit|ability: Supreme Overlord
|-start|p1a: Kingambit|fallen5|[silent]
|-item|p1a: Kingambit|Air Balloon
|turn|13
|
|t:|1758315373
|move|p2a: Zapdos|Thunderbolt|p1a: Kingambit
|-damage|p1a: Kingambit|66/100
|-enditem|p1a: Kingambit|Air Balloon
|move|p1a: Kingambit|Swords Dance|p1a: Kingambit
|-boost|p1a: Kingambit|atk|2
|
|upkeep
|turn|14
|
|t:|1758315381
|move|p2a: Zapdos|Thunderbolt|p1a: Kingambit
|-damage|p1a: Kingambit|31/100
|move|p1a: Kingambit|Kowtow Cleave|p2a: Zapdos
|-supereffective|p2a: Zapdos
|-damage|p2a: Zapdos|0 fnt
|faint|p2a: Zapdos
|
|upkeep
|
|t:|1758315393
|switch|p2a: Iron Hands|Iron Hands|58/100
|turn|15
|
|t:|1758315401
|move|p2a: Iron Hands|Fake Out|p1a: Kingambit
|-resisted|p1a: Kingambit
|-damage|p1a: Kingambit|26/100
|cant|p1a: Kingambit|flinch
|
|upkeep
|turn|16
|
|t:|1758315407
|move|p1a: Kingambit|Sucker Punch|p2a: Iron Hands
|-resisted|p2a: Iron Hands
|-damage|p2a: Iron Hands|22/100
|move|p2a: Iron Hands|Drain Punch|p1a: Kingambit
|-supereffective|p1a: Kingambit
|-damage|p1a: Kingambit|0 fnt
|-heal|p2a: Iron Hands|32/100|[from] drain|[of] p1a: Kingambit
|faint|p1a: Kingambit
|-end|p1a: Kingambit|fallen5|[silent]
|
|win|leacchin
|raw|RobinMuisterr's rating: 1142 &rarr; <strong>1120</strong><br />(-22 for losing)
|raw|leacchin's rating: 1181 &rarr; <strong>1203</strong><br />(+22 for winning)
|l|☆RobinMuisterr
|player|p1|
|l|☆leacchin
|player|p2|
