|j|☆RighteousHideous
|j|☆ljdarkrai_meme
|t:|1758369656
|gametype|singles
|player|p1|RighteousHideous|fisherman-gen4|1490
|player|p2|ljdarkrai_meme|pryce|1546
|gen|9
|tier|[Gen 9] OU
|rated|
|rule|HP Percentage Mod: HP is shown in percentages
|rule|Endless Battle Clause: Forcing endless battles is banned
|rule|Species Clause: Limit one of each Pokémon
|rule|OHKO Clause: OHKO moves are banned
|rule|Evasion Items Clause: Evasion items are banned
|rule|Evasion Moves Clause: Evasion moves are banned
|rule|Evasion Abilities Clause: Evasion abilities are banned
|rule|Sleep Moves Clause: Sleep-inducing moves are banned
|clearpoke
|poke|p1|Gholdengo|
|poke|p1|Walking Wake|
|poke|p1|Samurott-Hisui, F|
|poke|p1|Iron Treads|
|poke|p1|Sinistcha-Masterpiece|
|poke|p1|Zamazenta-*|
|poke|p2|Dragapult, F|
|poke|p2|Kingambit, M|
|poke|p2|Kyurem|
|poke|p2|Cinderace, F|
|poke|p2|Garganacl, F|
|poke|p2|Corviknight, F|
|teampreview
|inactive|Battle timer is ON: inactive players will automatically lose when time's up. (requested by RighteousHideous)
|
|t:|1758369674
|teamsize|p1|6
|teamsize|p2|6
|start
|switch|p1a: Walking Wake|Walking Wake|100/100
|switch|p2a: Corviknight|Corviknight, F|100/100
|-ability|p2a: Corviknight|Pressure
|turn|1
|
|t:|1758369685
|move|p1a: Walking Wake|Flip Turn|p2a: Corviknight
|-damage|p2a: Corviknight|89/100
|
|t:|1758369690
|-end|p1a: Walking Wake|Protosynthesis|[silent]
|switch|p1a: Iron Treads|Iron Treads|100/100|[from] Flip Turn
|move|p2a: Corviknight|U-turn|p1a: Iron Treads
|-resisted|p1a: Iron Treads
|-damage|p1a: Iron Treads|94/100
|
|t:|1758369703
|switch|p2a: Kyurem|Kyurem, shiny|100/100|[from] U-turn
|-ability|p2a: Kyurem|Pressure
|
|upkeep
|turn|2
|
|t:|1758369716
|move|p1a: Iron Treads|Stealth Rock|p2a: Kyurem
|-sidestart|p2: ljdarkrai_meme|move: Stealth Rock
|move|p2a: Kyurem|Ice Beam|p1a: Iron Treads
|-damage|p1a: Iron Treads|0 fnt
|faint|p1a: Iron Treads
|-end|p1a: Iron Treads|Quark Drive|[silent]
|
|upkeep
|
|t:|1758369728
|switch|p1a: Samurott|Samurott-Hisui, F|100/100
|turn|3
|
|t:|1758369732
|switch|p2a: Corviknight|Corviknight, F|89/100
|-damage|p2a: Corviknight|77/100|[from] Stealth Rock
|-ability|p2a: Corviknight|Pressure
|move|p1a: Samurott|Ceaseless Edge|p2a: Corviknight
|-damage|p2a: Corviknight|46/100
|-sidestart|p2: ljdarkrai_meme|Spikes
|
|-heal|p2a: Corviknight|53/100|[from] item: Leftovers
|upkeep
|turn|4
|
|t:|1758369740
|switch|p1a: Gholdengo|Gholdengo|100/100
|move|p2a: Corviknight|Roost|p2a: Corviknight
|-heal|p2a: Corviknight|100/100
|-singleturn|p2a: Corviknight|move: Roost
|
|upkeep
|turn|5
|
|t:|1758369755
|move|p1a: Gholdengo|Focus Blast|p2a: Corviknight|[miss]
|-miss|p1a: Gholdengo|p2a: Corviknight
|move|p2a: Corviknight|U-turn|p1a: Gholdengo
|-resisted|p1a: Gholdengo
|-damage|p1a: Gholdengo|96/100
|
|t:|1758369760
|switch|p2a: Cinderace|Cinderace, F|100/100|[from] U-turn
|
|upkeep
|turn|6
|
|t:|1758369769
|switch|p1a: Samurott|Samurott-Hisui, F|100/100
|move|p2a: Cinderace|Court Change|p2a: Cinderace
|-start|p2a: Cinderace|typechange|Normal|[from] ability: Libero
|-swapsideconditions
|-activate|p2a: Cinderace|move: Court Change
|
|upkeep
|turn|7
|
|t:|1758369776
|move|p2a: Cinderace|High Jump Kick|p1a: Samurott
|-supereffective|p1a: Samurott
|-damage|p1a: Samurott|14/100
|move|p1a: Samurott|Ceaseless Edge|p2a: Cinderace
|-damage|p2a: Cinderace|40/100
|-sidestart|p2: ljdarkrai_meme|Spikes
|
|upkeep
|turn|8
|
|t:|1758369786
|move|p1a: Samurott|Sucker Punch|p2a: Cinderace
|-damage|p2a: Cinderace|0 fnt
|faint|p2a: Cinderace
|
|upkeep
|
|t:|1758369794
|switch|p2a: Corviknight|Corviknight, F|100/100
|-ability|p2a: Corviknight|Pressure
|turn|9
|
|t:|1758369800
|switch|p1a: Gholdengo|Gholdengo|96/100
|-damage|p1a: Gholdengo|90/100|[from] Stealth Rock
|-damage|p1a: Gholdengo|78/100|[from] Spikes
|move|p2a: Corviknight|Brave Bird|p1a: Gholdengo
|-resisted|p1a: Gholdengo
|-damage|p1a: Gholdengo|57/100
|-damage|p2a: Corviknight|95/100|[from] Recoil
|
|-heal|p2a: Corviknight|100/100|[from] item: Leftovers
|upkeep
|turn|10
|
|t:|1758369810
|move|p1a: Gholdengo|Shadow Ball|p2a: Corviknight
|-damage|p2a: Corviknight|63/100
|move|p2a: Corviknight|U-turn|p1a: Gholdengo
|-resisted|p1a: Gholdengo
|-damage|p1a: Gholdengo|53/100
|
|t:|1758369817
|switch|p2a: Dragapult|Dragapult, F|100/100|[from] U-turn
|-damage|p2a: Dragapult|88/100|[from] Spikes
|
|upkeep
|turn|11
|
|t:|1758369822
|switch|p2a: Corviknight|Corviknight, F|63/100
|-ability|p2a: Corviknight|Pressure
|move|p1a: Gholdengo|Shadow Ball|p2a: Corviknight
|-damage|p2a: Corviknight|26/100
|-unboost|p2a: Corviknight|spd|1
|
|-heal|p2a: Corviknight|32/100|[from] item: Leftovers
|upkeep
|turn|12
|
|t:|1758369830
|move|p1a: Gholdengo|Shadow Ball|p2a: Corviknight
|-damage|p2a: Corviknight|0 fnt
|faint|p2a: Corviknight
|
|upkeep
|
|t:|1758369837
|switch|p2a: Garganacl|Garganacl, F|100/100
|-damage|p2a: Garganacl|88/100|[from] Spikes
|turn|13
|
|t:|1758369844
|switch|p1a: Samurott|Samurott-Hisui, F|14/100
|-damage|p1a: Samurott|2/100|[from] Stealth Rock
|-damage|p1a: Samurott|0 fnt|[from] Spikes
|faint|p1a: Samurott
|move|p2a: Garganacl|Salt Cure|p1: Samurott|[notarget]
|-fail|p2a: Garganacl
|
|-heal|p2a: Garganacl|94/100|[from] item: Leftovers
|upkeep
|
|t:|1758369856
|switch|p1a: Walking Wake|Walking Wake|100/100
|-damage|p1a: Walking Wake|88/100|[from] Stealth Rock
|-damage|p1a: Walking Wake|76/100|[from] Spikes
|turn|14
|
|t:|1758369865
|switch|p2a: Kingambit|Kingambit, M|100/100
|-damage|p2a: Kingambit|88/100|[from] Spikes
|-activate|p2a: Kingambit|ability: Supreme Overlord
|-start|p2a: Kingambit|fallen2|[silent]
|move|p1a: Walking Wake|Draco Meteor|p2a: Kingambit
|-resisted|p2a: Kingambit
|-damage|p2a: Kingambit|29/100
|-unboost|p1a: Walking Wake|spa|2
|
|upkeep
|turn|15
|
|t:|1758369870
|move|p1a: Walking Wake|Draco Meteor|p2a: Kingambit
|-resisted|p2a: Kingambit
|-damage|p2a: Kingambit|0 fnt
|-unboost|p1a: Walking Wake|spa|2
|faint|p2a: Kingambit
|-end|p2a: Kingambit|fallen2|[silent]
|
|upkeep
|
|t:|1758369876
|switch|p2a: Dragapult|Dragapult, F|88/100
|-damage|p2a: Dragapult|76/100|[from] Spikes
|turn|16
|
|t:|1758369886
|-end|p1a: Walking Wake|Protosynthesis|[silent]
|switch|p1a: Sinistcha|Sinistcha-Masterpiece|100/100
|move|p2a: Dragapult|Dragon Dance|p2a: Dragapult
|-boost|p2a: Dragapult|atk|1
|-boost|p2a: Dragapult|spe|1
|
|upkeep
|turn|17
|
|t:|1758369904
|-terastallize|p2a: Dragapult|Fighting
|-terastallize|p1a: Sinistcha|Poison
|move|p2a: Dragapult|Dragon Darts|p1a: Sinistcha
|-damage|p1a: Sinistcha|55/100
|-anim|p2a: Dragapult|Dragon Darts|p1a: Sinistcha
|-damage|p1a: Sinistcha|9/100
|-damage|p2a: Dragapult|66/100|[from] item: Life Orb
|move|p1a: Sinistcha|Shadow Ball|p2a: Dragapult
|-crit|p2a: Dragapult
|-damage|p2a: Dragapult|0 fnt
|faint|p2a: Dragapult
|
|upkeep
|
|t:|1758369921
|switch|p2a: Kyurem|Kyurem, shiny|100/100
|-damage|p2a: Kyurem|88/100|[from] Spikes
|-ability|p2a: Kyurem|Pressure
|turn|18
|
|t:|1758369929
|move|p2a: Kyurem|Freeze-Dry|p1a: Sinistcha
|-damage|p1a: Sinistcha|0 fnt
|faint|p1a: Sinistcha
|
|upkeep
|
|t:|1758369936
|switch|p1a: Zamazenta|Zamazenta|100/100
|-damage|p1a: Zamazenta|94/100|[from] Stealth Rock
|-damage|p1a: Zamazenta|82/100|[from] Spikes
|-ability|p1a: Zamazenta|Dauntless Shield|boost
|-boost|p1a: Zamazenta|def|1
|turn|19
|
|t:|1758369942
|move|p1a: Zamazenta|Close Combat|p2a: Kyurem
|-supereffective|p2a: Kyurem
|-damage|p2a: Kyurem|0 fnt
|-unboost|p1a: Zamazenta|def|1
|-unboost|p1a: Zamazenta|spd|1
|faint|p2a: Kyurem
|-damage|p1a: Zamazenta|72/100|[from] item: Life Orb
|
|upkeep
|-message|ljdarkrai_meme forfeited.
|
|win|RighteousHideous
|raw|RighteousHideous's rating: 1490 &rarr; <strong>1513</strong><br />(+23 for winning)
|raw|ljdarkrai_meme's rating: 1546 &rarr; <strong>1523</strong><br />(-23 for losing)
|l|☆ljdarkrai_meme
|player|p2|
|c|☆RighteousHideous|gg
|l|☆RighteousHideous
|player|p1|
