|j|☆iheartgalvantula
|j|‽user.cancel
|t:|1758326225
|gametype|singles
|player|p1|iheartgalvantula|unknown|1331
|player|p2|user.cancel|bugcatcher-gen4dp|1328
|gen|9
|tier|[Gen 9] OU
|rated|
|rule|HP Percentage Mod: HP is shown in percentages
|rule|Endless Battle Clause: Forcing endless battles is banned
|rule|Species Clause: Limit one of each Pokémon
|rule|OHKO Clause: OHKO moves are banned
|rule|Evasion Items Clause: Evasion items are banned
|rule|Evasion Moves Clause: Evasion moves are banned
|rule|Evasion Abilities Clause: Evasion abilities are banned
|rule|Sleep Moves Clause: Sleep-inducing moves are banned
|clearpoke
|poke|p1|Breloom, F|
|poke|p1|Pelipper, M|
|poke|p1|Barraskewda, F|
|poke|p1|Zapdos|
|poke|p1|Ogerpon-Wellspring, F|
|poke|p1|Iron Treads|
|poke|p2|Walking Wake|
|poke|p2|Torkoal, M|
|poke|p2|Great Tusk|
|poke|p2|Clodsire, F|
|poke|p2|Ceruledge, F|
|poke|p2|Munkidori, M|
|teampreview
|inactive|Battle timer is ON: inactive players will automatically lose when time's up. (requested by iheartgalvantula)
|
|t:|1758326232
|teamsize|p1|6
|teamsize|p2|6
|start
|switch|p1a: Pelipper|Pelipper, M|100/100
|switch|p2a: Munkidori|Munkidori, M|100/100
|-weather|RainDance|[from] ability: Drizzle|[of] p1a: Pelipper
|turn|1
|
|t:|1758326244
|move|p2a: Munkidori|U-turn|p1a: Pelipper
|-resisted|p1a: Pelipper
|-damage|p1a: Pelipper|95/100
|
|t:|1758326248
|switch|p2a: Torkoal|Torkoal, M|100/100|[from] U-turn
|-weather|SunnyDay|[from] ability: Drought|[of] p2a: Torkoal
|move|p1a: Pelipper|U-turn|p2a: Torkoal
|-resisted|p2a: Torkoal
|-damage|p2a: Torkoal|98/100
|
|t:|1758326254
|switch|p1a: Barraskewda|Barraskewda, F|100/100|[from] U-turn
|
|-weather|SunnyDay|[upkeep]
|upkeep
|turn|2
|
|t:|1758326261
|switch|p2a: Clodsire|Clodsire, F|100/100
|move|p1a: Barraskewda|Flip Turn|p2a: Clodsire
|-immune|p2a: Clodsire|[from] ability: Water Absorb
|
|-weather|SunnyDay|[upkeep]
|upkeep
|turn|3
|
|t:|1758326269
|switch|p1a: Pelipper|Pelipper, M|95/100
|-weather|RainDance|[from] ability: Drizzle|[of] p1a: Pelipper
|move|p2a: Clodsire|Toxic|p1a: Pelipper
|-status|p1a: Pelipper|tox
|
|-weather|RainDance|[upkeep]
|-damage|p1a: Pelipper|89/100 tox|[from] psn
|upkeep
|turn|4
|
|t:|1758326284
|move|p1a: Pelipper|Knock Off|p2a: Clodsire
|-damage|p2a: Clodsire|89/100
|-enditem|p2a: Clodsire|Leftovers|[from] move: Knock Off|[of] p1a: Pelipper
|move|p2a: Clodsire|Spikes|p1a: Pelipper
|-sidestart|p1: iheartgalvantula|Spikes
|
|-weather|RainDance|[upkeep]
|-damage|p1a: Pelipper|76/100 tox|[from] psn
|upkeep
|turn|5
|
|t:|1758326288
|move|p1a: Pelipper|U-turn|p2a: Clodsire
|-resisted|p2a: Clodsire
|-damage|p2a: Clodsire|84/100
|
|t:|1758326290
|switch|p1a: Iron Treads|Iron Treads|100/100|[from] U-turn
|-item|p1a: Iron Treads|Air Balloon
|move|p2a: Clodsire|Recover|p2a: Clodsire
|-heal|p2a: Clodsire|100/100
|
|-weather|RainDance|[upkeep]
|upkeep
|turn|6
|
|t:|1758326302
|switch|p2a: Great Tusk|Great Tusk|100/100
|move|p1a: Iron Treads|Stealth Rock|p2a: Great Tusk
|-sidestart|p2: user.cancel|move: Stealth Rock
|
|-weather|RainDance|[upkeep]
|upkeep
|turn|7
|
|t:|1758326309
|-end|p1a: Iron Treads|Quark Drive|[silent]
|switch|p1a: Breloom|Breloom, F|100/100
|-damage|p1a: Breloom|88/100|[from] Spikes
|move|p2a: Great Tusk|Rapid Spin|p1a: Breloom
|-damage|p1a: Breloom|70/100
|-boost|p2a: Great Tusk|spe|1
|-damage|p2a: Great Tusk|84/100|[from] item: Rocky Helmet|[of] p1a: Breloom
|-sideend|p2: user.cancel|Stealth Rock|[from] move: Rapid Spin|[of] p2a: Great Tusk
|
|-weather|RainDance|[upkeep]
|upkeep
|turn|8
|
|t:|1758326316
|move|p2a: Great Tusk|Ice Spinner|p1a: Breloom
|-supereffective|p1a: Breloom
|-damage|p1a: Breloom|16/100
|-damage|p2a: Great Tusk|68/100|[from] item: Rocky Helmet|[of] p1a: Breloom
|move|p1a: Breloom|Bullet Seed|p2a: Great Tusk
|-supereffective|p2a: Great Tusk
|-damage|p2a: Great Tusk|45/100
|-supereffective|p2a: Great Tusk
|-damage|p2a: Great Tusk|23/100
|-hitcount|p2a: Great Tusk|2
|
|-weather|RainDance|[upkeep]
|upkeep
|turn|9
|
|t:|1758326324
|move|p1a: Breloom|Mach Punch|p2a: Great Tusk
|-damage|p2a: Great Tusk|8/100
|-damage|p1a: Breloom|0 fnt|[from] item: Rocky Helmet|[of] p2a: Great Tusk
|faint|p1a: Breloom
|move|p2a: Great Tusk|Knock Off|p1: Breloom|[notarget]
|-fail|p2a: Great Tusk
|
|-weather|RainDance|[upkeep]
|upkeep
|
|t:|1758326336
|switch|p1a: Barraskewda|Barraskewda, F|100/100
|-damage|p1a: Barraskewda|88/100|[from] Spikes
|turn|10
|
|t:|1758326351
|switch|p1a: Zapdos|Zapdos|100/100
|-end|p2a: Great Tusk|Protosynthesis|[silent]
|switch|p2a: Clodsire|Clodsire, F|100/100
|
|-weather|none
|upkeep
|turn|11
|
|t:|1758326367
|switch|p2a: Torkoal|Torkoal, M|98/100
|-weather|SunnyDay|[from] ability: Drought|[of] p2a: Torkoal
|move|p1a: Zapdos|U-turn|p2a: Torkoal
|-resisted|p2a: Torkoal
|-damage|p2a: Torkoal|94/100
|
|t:|1758326369
|switch|p1a: Pelipper|Pelipper, M|76/100 tox|[from] U-turn
|-weather|RainDance|[from] ability: Drizzle|[of] p1a: Pelipper
|
|-weather|RainDance|[upkeep]
|-damage|p1a: Pelipper|70/100 tox|[from] psn
|upkeep
|turn|12
|
|t:|1758326378
|switch|p2a: Clodsire|Clodsire, F|100/100
|move|p1a: Pelipper|Hurricane|p2a: Clodsire
|-crit|p2a: Clodsire
|-damage|p2a: Clodsire|69/100
|
|-weather|RainDance|[upkeep]
|-damage|p1a: Pelipper|58/100 tox|[from] psn
|upkeep
|turn|13
|
|t:|1758326387
|move|p1a: Pelipper|U-turn|p2a: Clodsire
|-resisted|p2a: Clodsire
|-damage|p2a: Clodsire|65/100
|
|t:|1758326391
|switch|p1a: Iron Treads|Iron Treads|100/100|[from] U-turn
|-item|p1a: Iron Treads|Air Balloon
|move|p2a: Clodsire|Recover|p2a: Clodsire
|-heal|p2a: Clodsire|100/100
|
|-weather|RainDance|[upkeep]
|upkeep
|turn|14
|
|t:|1758326405
|switch|p2a: Walking Wake|Walking Wake|100/100
|move|p1a: Iron Treads|Rapid Spin|p2a: Walking Wake
|-damage|p2a: Walking Wake|86/100
|-boost|p1a: Iron Treads|spe|1
|-sideend|p1: iheartgalvantula|Spikes|[from] move: Rapid Spin|[of] p1a: Iron Treads
|
|-weather|RainDance|[upkeep]
|upkeep
|turn|15
|
|t:|1758326412
|move|p1a: Iron Treads|Volt Switch|p2a: Walking Wake
|-damage|p2a: Walking Wake|73/100
|
|t:|1758326414
|-end|p1a: Iron Treads|Quark Drive|[silent]
|switch|p1a: Ogerpon|Ogerpon-Wellspring, F|100/100|[from] Volt Switch
|move|p2a: Walking Wake|Hydro Steam|p1a: Ogerpon
|-immune|p1a: Ogerpon|[from] ability: Water Absorb
|
|-weather|RainDance|[upkeep]
|upkeep
|turn|16
|
|t:|1758326427
|-end|p2a: Walking Wake|Protosynthesis|[silent]
|switch|p2a: Torkoal|Torkoal, M|94/100
|-weather|SunnyDay|[from] ability: Drought|[of] p2a: Torkoal
|move|p1a: Ogerpon|Power Whip|p2a: Torkoal
|-resisted|p2a: Torkoal
|-damage|p2a: Torkoal|73/100
|
|-weather|SunnyDay|[upkeep]
|upkeep
|turn|17
|
|t:|1758326432
|move|p1a: Ogerpon|U-turn|p2a: Torkoal
|-resisted|p2a: Torkoal
|-damage|p2a: Torkoal|65/100
|
|t:|1758326434
|switch|p1a: Pelipper|Pelipper, M|58/100 tox|[from] U-turn
|-weather|RainDance|[from] ability: Drizzle|[of] p1a: Pelipper
|move|p2a: Torkoal|Will-O-Wisp|p1a: Pelipper|[miss]
|-miss|p2a: Torkoal|p1a: Pelipper
|
|-weather|RainDance|[upkeep]
|-damage|p1a: Pelipper|52/100 tox|[from] psn
|upkeep
|turn|18
|
|t:|1758326440
|switch|p2a: Clodsire|Clodsire, F|100/100
|move|p1a: Pelipper|U-turn|p2a: Clodsire
|-resisted|p2a: Clodsire
|-damage|p2a: Clodsire|96/100
|
|t:|1758326444
|switch|p1a: Ogerpon|Ogerpon-Wellspring, F|100/100|[from] U-turn
|
|-weather|RainDance|[upkeep]
|upkeep
|turn|19
|
|t:|1758326452
|move|p1a: Ogerpon|Power Whip|p2a: Clodsire
|-damage|p2a: Clodsire|19/100
|move|p2a: Clodsire|Toxic|p1a: Ogerpon
|-status|p1a: Ogerpon|tox
|
|-weather|RainDance|[upkeep]
|-damage|p1a: Ogerpon|95/100 tox|[from] psn
|upkeep
|turn|20
|
|t:|1758326466
|switch|p2a: Munkidori|Munkidori, M|100/100
|move|p1a: Ogerpon|U-turn|p2a: Munkidori
|-damage|p2a: Munkidori|55/100
|
|t:|1758326474
|switch|p1a: Zapdos|Zapdos|100/100|[from] U-turn
|
|-weather|RainDance|[upkeep]
|upkeep
|turn|21
|
|t:|1758326485
|switch|p2a: Torkoal|Torkoal, M|65/100
|-weather|SunnyDay|[from] ability: Drought|[of] p2a: Torkoal
|move|p1a: Zapdos|Hurricane|p2a: Torkoal|[miss]
|-miss|p1a: Zapdos|p2a: Torkoal
|
|-weather|SunnyDay|[upkeep]
|upkeep
|turn|22
|
|t:|1758326496
|switch|p1a: Pelipper|Pelipper, M|52/100 tox
|-weather|RainDance|[from] ability: Drizzle|[of] p1a: Pelipper
|move|p2a: Torkoal|Lava Plume|p1a: Pelipper
|-resisted|p1a: Pelipper
|-damage|p1a: Pelipper|46/100 tox
|
|-weather|RainDance|[upkeep]
|-damage|p1a: Pelipper|40/100 tox|[from] psn
|upkeep
|turn|23
|
|t:|1758326501
|switch|p2a: Clodsire|Clodsire, F|19/100
|move|p1a: Pelipper|U-turn|p2a: Clodsire
|-resisted|p2a: Clodsire
|-damage|p2a: Clodsire|15/100
|
|t:|1758326504
|switch|p1a: Zapdos|Zapdos|100/100|[from] U-turn
|
|-weather|RainDance|[upkeep]
|upkeep
|turn|24
|
|t:|1758326512
|switch|p2a: Torkoal|Torkoal, M|65/100
|-weather|SunnyDay|[from] ability: Drought|[of] p2a: Torkoal
|move|p1a: Zapdos|Hurricane|p2a: Torkoal|[miss]
|-miss|p1a: Zapdos|p2a: Torkoal
|
|-weather|SunnyDay|[upkeep]
|upkeep
|turn|25
|
|t:|1758326516
|move|p1a: Zapdos|Hurricane|p2a: Torkoal|[miss]
|-miss|p1a: Zapdos|p2a: Torkoal
|move|p2a: Torkoal|Stealth Rock|p1a: Zapdos
|-sidestart|p1: iheartgalvantula|move: Stealth Rock
|
|-weather|SunnyDay|[upkeep]
|upkeep
|turn|26
|
|t:|1758326521
|move|p1a: Zapdos|Hurricane|p2a: Torkoal|[miss]
|-miss|p1a: Zapdos|p2a: Torkoal
|move|p2a: Torkoal|Lava Plume|p1a: Zapdos
|-damage|p1a: Zapdos|56/100
|-status|p1a: Zapdos|brn
|
|-weather|SunnyDay|[upkeep]
|-damage|p1a: Zapdos|49/100 brn|[from] brn
|upkeep
|turn|27
|
|t:|1758326528
|move|p1a: Zapdos|Hurricane|p2a: Torkoal
|-damage|p2a: Torkoal|0 fnt
|faint|p2a: Torkoal
|
|-weather|SunnyDay|[upkeep]
|-damage|p1a: Zapdos|43/100 brn|[from] brn
|upkeep
|inactive|user.cancel has 120 seconds left.
|
|t:|1758326561
|switch|p2a: Ceruledge|Ceruledge, F|100/100
|turn|28
|
|t:|1758326570
|switch|p1a: Pelipper|Pelipper, M|40/100 tox
|-damage|p1a: Pelipper|15/100 tox|[from] Stealth Rock
|-weather|RainDance|[from] ability: Drizzle|[of] p1a: Pelipper
|move|p2a: Ceruledge|Swords Dance|p2a: Ceruledge
|-boost|p2a: Ceruledge|atk|2
|
|-weather|RainDance|[upkeep]
|-damage|p1a: Pelipper|9/100 tox|[from] psn
|upkeep
|turn|29
|
|t:|1758326582
|move|p2a: Ceruledge|Bitter Blade|p1a: Pelipper
|-resisted|p1a: Pelipper
|-damage|p1a: Pelipper|0 fnt
|faint|p1a: Pelipper
|
|-weather|RainDance|[upkeep]
|upkeep
|
|t:|1758326588
|switch|p1a: Ogerpon|Ogerpon-Wellspring, F|95/100 tox
|-damage|p1a: Ogerpon|82/100 tox|[from] Stealth Rock
|turn|30
|inactive|user.cancel has 120 seconds left.
|
|t:|1758326616
|move|p1a: Ogerpon|Ivy Cudgel|p2a: Ceruledge|[anim] Ivy Cudgel Water
|-supereffective|p2a: Ceruledge
|-enditem|p2a: Ceruledge|Focus Sash
|-damage|p2a: Ceruledge|1/100
|-ability|p2a: Ceruledge|Weak Armor|boost
|-unboost|p2a: Ceruledge|def|1
|-boost|p2a: Ceruledge|spe|2
|move|p2a: Ceruledge|Bitter Blade|p1a: Ogerpon
|-damage|p1a: Ogerpon|23/100 tox
|-heal|p2a: Ceruledge|31/100|[from] drain|[of] p1a: Ogerpon
|
|-weather|RainDance|[upkeep]
|-damage|p1a: Ogerpon|17/100 tox|[from] psn
|upkeep
|turn|31
|inactive|user.cancel has 120 seconds left.
|
|t:|1758326632
|move|p2a: Ceruledge|Bitter Blade|p1a: Ogerpon
|-damage|p1a: Ogerpon|0 fnt
|-heal|p2a: Ceruledge|40/100|[from] drain|[of] p1a: Ogerpon
|faint|p1a: Ogerpon
|
|-weather|RainDance|[upkeep]
|upkeep
|
|t:|1758326634
|switch|p1a: Iron Treads|Iron Treads|100/100
|-damage|p1a: Iron Treads|98/100|[from] Stealth Rock
|-item|p1a: Iron Treads|Air Balloon
|turn|32
|inactive|user.cancel has 120 seconds left.
|
|t:|1758326654
|move|p2a: Ceruledge|Bitter Blade|p1a: Iron Treads
|-supereffective|p1a: Iron Treads
|-damage|p1a: Iron Treads|25/100
|-heal|p2a: Ceruledge|88/100|[from] drain|[of] p1a: Iron Treads
|-enditem|p1a: Iron Treads|Air Balloon
|move|p1a: Iron Treads|Earthquake|p2a: Ceruledge
|-supereffective|p2a: Ceruledge
|-damage|p2a: Ceruledge|0 fnt
|faint|p2a: Ceruledge
|
|-weather|RainDance|[upkeep]
|upkeep
|
|t:|1758326665
|switch|p2a: Walking Wake|Walking Wake|73/100
|turn|33
|
|t:|1758326670
|move|p2a: Walking Wake|Hydro Steam|p1a: Iron Treads
|-supereffective|p1a: Iron Treads
|-damage|p1a: Iron Treads|0 fnt
|faint|p1a: Iron Treads
|-end|p1a: Iron Treads|Quark Drive|[silent]
|
|-weather|RainDance|[upkeep]
|upkeep
|
|t:|1758326673
|switch|p1a: Barraskewda|Barraskewda, F|88/100
|-damage|p1a: Barraskewda|76/100|[from] Stealth Rock
|turn|34
|
|t:|1758326678
|move|p1a: Barraskewda|Close Combat|p2a: Walking Wake
|-damage|p2a: Walking Wake|3/100
|-unboost|p1a: Barraskewda|def|1
|-unboost|p1a: Barraskewda|spd|1
|move|p2a: Walking Wake|Hydro Steam|p1a: Barraskewda
|-resisted|p1a: Barraskewda
|-damage|p1a: Barraskewda|0 fnt
|faint|p1a: Barraskewda
|
|-weather|RainDance|[upkeep]
|upkeep
|
|t:|1758326681
|switch|p1a: Zapdos|Zapdos|43/100 brn
|-damage|p1a: Zapdos|18/100 brn|[from] Stealth Rock
|turn|35
|
|t:|1758326687
|-terastallize|p2a: Walking Wake|Fairy
|move|p2a: Walking Wake|Hydro Steam|p1a: Zapdos
|-damage|p1a: Zapdos|0 fnt
|faint|p1a: Zapdos
|
|win|user.cancel
|raw|iheartgalvantula's rating: 1331 &rarr; <strong>1311</strong><br />(-20 for losing)
|raw|user.cancel's rating: 1328 &rarr; <strong>1348</strong><br />(+20 for winning)
|l|☆iheartgalvantula
|player|p1|
|l|‽user.cancel
|player|p2|
