|j|☆slowbro named paul
|j|☆SMM Metagross
|t:|1758275710
|gametype|singles
|player|p1|slowbro named paul|skierf|1339
|player|p2|SMM Metagross|hilbert|1344
|gen|9
|tier|[Gen 9] OU
|rated|
|rule|HP Percentage Mod: HP is shown in percentages
|rule|Endless Battle Clause: Forcing endless battles is banned
|rule|Species Clause: Limit one of each Pokémon
|rule|OHKO Clause: OHKO moves are banned
|rule|Evasion Items Clause: Evasion items are banned
|rule|Evasion Moves Clause: Evasion moves are banned
|rule|Evasion Abilities Clause: Evasion abilities are banned
|rule|Sleep Moves Clause: Sleep-inducing moves are banned
|clearpoke
|poke|p1|Garchomp, F|
|poke|p1|Sinistcha|
|poke|p1|Slowking-Galar, M|
|poke|p1|Manaphy|
|poke|p1|Comfey, M|
|poke|p1|Probopass, F|
|poke|p2|Greninja-*, M|
|poke|p2|Great Tusk|
|poke|p2|Ceruledge, M|
|poke|p2|Raging Bolt|
|poke|p2|Kyurem|
|poke|p2|Kingambit, M|
|teampreview
|inactive|Battle timer is ON: inactive players will automatically lose when time's up. (requested by slowbro named paul)
|inactive|SMM Metagross also wants the timer to be on.
|j| ZambiaZard
|
|t:|1758275739
|teamsize|p1|6
|teamsize|p2|6
|start
|switch|p1a: Sniffles|Probopass, F|100/100
|switch|p2a: Ceruledge|Ceruledge, M|100/100
|turn|1
|
|t:|1758275744
|move|p2a: Ceruledge|Swords Dance|p2a: Ceruledge
|-boost|p2a: Ceruledge|atk|2
|move|p1a: Sniffles|Volt Switch|p2a: Ceruledge
|-crit|p2a: Ceruledge
|-damage|p2a: Ceruledge|65/100
|
|t:|1758275746
|switch|p1a: Sharknado|Garchomp, F|100/100|[from] Volt Switch
|
|upkeep
|turn|2
|
|t:|1758275750
|move|p2a: Ceruledge|Close Combat|p1a: Sharknado
|-damage|p1a: Sharknado|47/100
|-unboost|p2a: Ceruledge|def|1
|-unboost|p2a: Ceruledge|spd|1
|-damage|p2a: Ceruledge|53/100|[from] ability: Rough Skin|[of] p1a: Sharknado
|-damage|p2a: Ceruledge|36/100|[from] item: Rocky Helmet|[of] p1a: Sharknado
|move|p1a: Sharknado|Earthquake|p2a: Ceruledge
|-supereffective|p2a: Ceruledge
|-damage|p2a: Ceruledge|0 fnt
|faint|p2a: Ceruledge
|
|upkeep
|
|t:|1758275756
|switch|p2a: Greninja|Greninja, M|100/100
|turn|3
|
|t:|1758275760
|switch|p1a: Sniffles|Probopass, F|100/100
|move|p2a: Greninja|Ice Beam|p1a: Sniffles
|-resisted|p1a: Sniffles
|-damage|p1a: Sniffles|94/100
|
|upkeep
|turn|4
|
|t:|1758275765
|-terastallize|p1a: Sniffles|Steel
|move|p2a: Greninja|Surf|p1a: Sniffles
|-damage|p1a: Sniffles|74/100
|move|p1a: Sniffles|Volt Switch|p2a: Greninja
|-supereffective|p2a: Greninja
|-damage|p2a: Greninja|45/100
|
|t:|1758275771
|switch|p1a: Henry|Comfey, M|100/100|[from] Volt Switch
|
|upkeep
|turn|5
|
|t:|1758275776
|move|p2a: Greninja|Surf|p1a: Henry
|-damage|p1a: Henry|57/100
|move|p1a: Henry|Calm Mind|p1a: Henry
|-boost|p1a: Henry|spa|1
|-boost|p1a: Henry|spd|1
|
|upkeep
|turn|6
|
|t:|1758275781
|move|p1a: Henry|Draining Kiss|p2a: Greninja
|-supereffective|p2a: Greninja
|-damage|p2a: Greninja|0 fnt
|-heal|p1a: Henry|88/100|[from] drain|[of] p2a: Greninja
|faint|p2a: Greninja
|-damage|p1a: Henry|78/100|[from] item: Life Orb
|
|upkeep
|
|t:|1758275785
|switch|p2a: Kyurem|Kyurem|100/100
|-ability|p2a: Kyurem|Pressure
|turn|7
|
|t:|1758275788
|-terastallize|p2a: Kyurem|Fire
|move|p1a: Henry|Draining Kiss|p2a: Kyurem
|-resisted|p2a: Kyurem
|-damage|p2a: Kyurem|83/100
|-heal|p1a: Henry|96/100|[from] drain|[of] p2a: Kyurem
|-damage|p1a: Henry|86/100|[from] item: Life Orb
|move|p2a: Kyurem|Dragon Dance|p2a: Kyurem
|-boost|p2a: Kyurem|atk|1
|-boost|p2a: Kyurem|spe|1
|
|upkeep
|turn|8
|
|t:|1758275794
|move|p2a: Kyurem|Dragon Dance|p2a: Kyurem
|-boost|p2a: Kyurem|atk|1
|-boost|p2a: Kyurem|spe|1
|move|p1a: Henry|Taunt|p2a: Kyurem
|-start|p2a: Kyurem|move: Taunt
|
|upkeep
|turn|9
|
|t:|1758275799
|switch|p1a: Sharknado|Garchomp, F|47/100
|move|p2a: Kyurem|Icicle Spear|p1a: Sharknado
|-supereffective|p1a: Sharknado
|-damage|p1a: Sharknado|0 fnt
|faint|p1a: Sharknado
|-hitcount|p1: Sharknado|1
|
|upkeep
|
|t:|1758275800
|switch|p1a: Pepper|Manaphy|100/100
|turn|10
|
|t:|1758275805
|move|p2a: Kyurem|Scale Shot|p1a: Pepper
|-damage|p1a: Pepper|84/100
|-damage|p1a: Pepper|67/100
|-damage|p1a: Pepper|50/100
|-damage|p1a: Pepper|32/100
|-damage|p1a: Pepper|15/100
|-hitcount|p1a: Pepper|5
|-unboost|p2a: Kyurem|def|1
|-boost|p2a: Kyurem|spe|1
|move|p1a: Pepper|Scald|p2a: Kyurem
|-supereffective|p2a: Kyurem
|-damage|p2a: Kyurem|27/100
|
|-heal|p1a: Pepper|22/100|[from] item: Leftovers
|upkeep
|turn|11
|
|t:|1758275808
|move|p2a: Kyurem|Icicle Spear|p1a: Pepper
|-resisted|p1a: Pepper
|-damage|p1a: Pepper|13/100
|-resisted|p1a: Pepper
|-damage|p1a: Pepper|5/100
|-resisted|p1a: Pepper
|-damage|p1a: Pepper|0 fnt
|faint|p1a: Pepper
|-hitcount|p1: Pepper|3
|
|-end|p2a: Kyurem|move: Taunt
|upkeep
|
|t:|1758275813
|switch|p1a: Sniffles|Probopass, F, tera:Steel|74/100
|turn|12
|
|t:|1758275816
|move|p2a: Kyurem|Icicle Spear|p1a: Sniffles
|-resisted|p1a: Sniffles
|-damage|p1a: Sniffles|62/100
|-resisted|p1a: Sniffles
|-damage|p1a: Sniffles|52/100
|-resisted|p1a: Sniffles
|-damage|p1a: Sniffles|40/100
|-resisted|p1a: Sniffles
|-damage|p1a: Sniffles|30/100
|-resisted|p1a: Sniffles
|-damage|p1a: Sniffles|19/100
|-hitcount|p1a: Sniffles|5
|move|p1a: Sniffles|Earth Power|p2a: Kyurem
|-supereffective|p2a: Kyurem
|-damage|p2a: Kyurem|0 fnt
|faint|p2a: Kyurem
|
|upkeep
|
|t:|1758275820
|switch|p2a: Great Tusk|Great Tusk|100/100
|-enditem|p2a: Great Tusk|Booster Energy
|-activate|p2a: Great Tusk|ability: Protosynthesis|[fromitem]
|-start|p2a: Great Tusk|protosynthesisatk
|turn|13
|
|t:|1758275823
|move|p2a: Great Tusk|Rapid Spin|p1a: Sniffles
|-resisted|p1a: Sniffles
|-crit|p1a: Sniffles
|-damage|p1a: Sniffles|5/100
|-boost|p2a: Great Tusk|spe|1
|move|p1a: Sniffles|Flash Cannon|p2a: Great Tusk
|-damage|p2a: Great Tusk|33/100
|
|upkeep
|turn|14
|
|t:|1758275830
|move|p2a: Great Tusk|Rapid Spin|p1a: Sniffles
|-resisted|p1a: Sniffles
|-damage|p1a: Sniffles|0 fnt
|-boost|p2a: Great Tusk|spe|1
|faint|p1a: Sniffles
|
|upkeep
|
|t:|1758275832
|switch|p1a: Henry|Comfey, M|86/100
|turn|15
|
|t:|1758275834
|move|p1a: Henry|Draining Kiss|p2a: Great Tusk
|-supereffective|p2a: Great Tusk
|-damage|p2a: Great Tusk|0 fnt
|-heal|p1a: Henry|100/100|[from] drain|[of] p2a: Great Tusk
|faint|p2a: Great Tusk
|-end|p2a: Great Tusk|Protosynthesis|[silent]
|-damage|p1a: Henry|91/100|[from] item: Life Orb
|
|upkeep
|
|t:|1758275842
|switch|p2a: Kingambit|Kingambit, M|100/100
|-activate|p2a: Kingambit|ability: Supreme Overlord
|-start|p2a: Kingambit|fallen4|[silent]
|turn|16
|
|t:|1758275844
|move|p1a: Henry|Taunt|p2a: Kingambit
|-start|p2a: Kingambit|move: Taunt
|cant|p2a: Kingambit|move: Taunt|Swords Dance
|
|upkeep
|turn|17
|
|t:|1758275848
|switch|p1a: Uncle Iroh|Sinistcha|100/100
|move|p2a: Kingambit|Iron Head|p1a: Uncle Iroh
|-damage|p1a: Uncle Iroh|56/100
|
|-heal|p1a: Uncle Iroh|62/100|[from] item: Leftovers
|upkeep
|turn|18
|
|t:|1758275853
|move|p1a: Uncle Iroh|Matcha Gotcha|p2a: Kingambit
|-resisted|p2a: Kingambit
|-damage|p2a: Kingambit|84/100
|-heal|p1a: Uncle Iroh|72/100|[from] drain|[of] p2a: Kingambit
|-status|p2a: Kingambit|brn
|move|p2a: Kingambit|Kowtow Cleave|p1a: Uncle Iroh
|-supereffective|p1a: Uncle Iroh
|-damage|p1a: Uncle Iroh|11/100
|
|-heal|p1a: Uncle Iroh|17/100|[from] item: Leftovers
|-damage|p2a: Kingambit|78/100 brn|[from] brn
|-end|p2a: Kingambit|move: Taunt
|upkeep
|turn|19
|-message|SMM Metagross forfeited.
|
|win|slowbro named paul
|raw|slowbro named paul's rating: 1339 &rarr; <strong>1359</strong><br />(+20 for winning)
|raw|SMM Metagross's rating: 1344 &rarr; <strong>1324</strong><br />(-20 for losing)
|l|☆SMM Metagross
|player|p2|
|l|☆slowbro named paul
|player|p1|
|l| ZambiaZard
