|j|☆MyXoo
|j|☆heal_fire
|t:|1758317681
|gametype|singles
|player|p1|MyXoo|bea|1314
|player|p2|heal_fire|ghetsis|1334
|gen|9
|tier|[Gen 9] OU
|rated|
|rule|HP Percentage Mod: HP is shown in percentages
|rule|Endless Battle Clause: Forcing endless battles is banned
|rule|Species Clause: Limit one of each Pokémon
|rule|OHKO Clause: OHKO moves are banned
|rule|Evasion Items Clause: Evasion items are banned
|rule|Evasion Moves Clause: Evasion moves are banned
|rule|Evasion Abilities Clause: Evasion abilities are banned
|rule|Sleep Moves Clause: Sleep-inducing moves are banned
|clearpoke
|poke|p1|Samurott-Hisui, M|
|poke|p1|Scizor, M|
|poke|p1|Dragapult, M|
|poke|p1|Kingambit, M|
|poke|p1|Landorus-Therian, M|
|poke|p1|Iron Valiant|
|poke|p2|Pelipper, F|
|poke|p2|Iron Treads|
|poke|p2|Ludicolo, F|
|poke|p2|Barraskewda, M|
|poke|p2|Raging Bolt|
|poke|p2|Gliscor, M|
|teampreview
|
|t:|1758317696
|teamsize|p1|6
|teamsize|p2|6
|start
|switch|p1a: Samurott|Samurott-Hisui, M|100/100
|switch|p2a: Grosse mouette|Pelipper, F|100/100
|-weather|RainDance|[from] ability: Drizzle|[of] p2a: Grosse mouette
|turn|1
|
|t:|1758317714
|move|p1a: Samurott|Ceaseless Edge|p2a: Grosse mouette
|-damage|p2a: Grosse mouette|68/100
|-sidestart|p2: heal_fire|Spikes
|move|p2a: Grosse mouette|U-turn|p1a: Samurott
|-supereffective|p1a: Samurott
|-damage|p1a: Samurott|76/100
|
|t:|1758317727
|switch|p2a: Assault vest|Raging Bolt|100/100|[from] U-turn
|-damage|p2a: Assault vest|88/100|[from] Spikes
|
|-weather|RainDance|[upkeep]
|upkeep
|turn|2
|
|t:|1758317744
|move|p1a: Samurott|Knock Off|p2a: Assault vest
|-damage|p2a: Assault vest|50/100
|-enditem|p2a: Assault vest|Choice Specs|[from] move: Knock Off|[of] p1a: Samurott
|move|p2a: Assault vest|Weather Ball|p1a: Samurott
|-resisted|p1a: Samurott
|-damage|p1a: Samurott|36/100
|
|-weather|RainDance|[upkeep]
|upkeep
|turn|3
|
|t:|1758317756
|move|p2a: Assault vest|Thunderclap|p1a: Samurott
|-supereffective|p1a: Samurott
|-damage|p1a: Samurott|0 fnt
|faint|p1a: Samurott
|
|-weather|RainDance|[upkeep]
|upkeep
|
|t:|1758317770
|switch|p1a: Dragapult|Dragapult, M|100/100
|turn|4
|
|t:|1758317780
|-end|p2a: Assault vest|Protosynthesis|[silent]
|switch|p2a: Mad max|Iron Treads|100/100
|-damage|p2a: Mad max|88/100|[from] Spikes
|-enditem|p2a: Mad max|Booster Energy
|-activate|p2a: Mad max|ability: Quark Drive|[fromitem]
|-start|p2a: Mad max|quarkdrivespe
|move|p1a: Dragapult|Shadow Ball|p2a: Mad max
|-damage|p2a: Mad max|12/100
|
|-weather|RainDance|[upkeep]
|upkeep
|turn|5
|
|t:|1758317793
|move|p2a: Mad max|Earthquake|p1a: Dragapult
|-damage|p1a: Dragapult|38/100
|move|p1a: Dragapult|Shadow Ball|p2a: Mad max
|-damage|p2a: Mad max|0 fnt
|faint|p2a: Mad max
|-end|p2a: Mad max|Quark Drive|[silent]
|
|-weather|RainDance|[upkeep]
|upkeep
|
|t:|1758317800
|switch|p2a: Ananas|Ludicolo, F|100/100
|-damage|p2a: Ananas|88/100|[from] Spikes
|turn|6
|
|t:|1758317810
|-terastallize|p1a: Dragapult|Ghost
|move|p2a: Ananas|Ice Beam|p1a: Dragapult
|-damage|p1a: Dragapult|0 fnt
|faint|p1a: Dragapult
|-damage|p2a: Ananas|78/100|[from] item: Life Orb
|
|-weather|RainDance|[upkeep]
|upkeep
|
|t:|1758317845
|switch|p1a: Scizor|Scizor, M|100/100
|turn|7
|
|t:|1758317854
|move|p2a: Ananas|Hydro Pump|p1a: Scizor
|-damage|p1a: Scizor|0 fnt
|faint|p1a: Scizor
|-damage|p2a: Ananas|68/100|[from] item: Life Orb
|
|-weather|RainDance|[upkeep]
|upkeep
|c|☆heal_fire|don't mess with ananas
|
|t:|1758317864
|switch|p1a: Kingambit|Kingambit, M|100/100
|-activate|p1a: Kingambit|ability: Supreme Overlord
|-start|p1a: Kingambit|fallen3|[silent]
|turn|8
|c|☆heal_fire|he got the power of france and anime on his side
|
|t:|1758317877
|switch|p2a: barracuda|Barraskewda, M|100/100
|-damage|p2a: barracuda|88/100|[from] Spikes
|move|p1a: Kingambit|Swords Dance|p1a: Kingambit
|-boost|p1a: Kingambit|atk|2
|
|-weather|none
|upkeep
|turn|9
|
|t:|1758317889
|move|p2a: barracuda|Aqua Jet|p1a: Kingambit
|-damage|p1a: Kingambit|77/100
|move|p1a: Kingambit|Sucker Punch||[still]
|-fail|p1a: Kingambit
|
|-heal|p1a: Kingambit|83/100|[from] item: Leftovers
|upkeep
|turn|10
|
|t:|1758317900
|switch|p2a: Grosse mouette|Pelipper, F|68/100
|-weather|RainDance|[from] ability: Drizzle|[of] p2a: Grosse mouette
|move|p1a: Kingambit|Kowtow Cleave|p2a: Grosse mouette
|-damage|p2a: Grosse mouette|0 fnt
|faint|p2a: Grosse mouette
|
|-weather|RainDance|[upkeep]
|-heal|p1a: Kingambit|90/100|[from] item: Leftovers
|upkeep
|
|t:|1758317905
|switch|p2a: barracuda|Barraskewda, M|88/100
|-damage|p2a: barracuda|76/100|[from] Spikes
|turn|11
|
|t:|1758317913
|-terastallize|p2a: barracuda|Water
|move|p2a: barracuda|Aqua Jet|p1a: Kingambit
|-damage|p1a: Kingambit|44/100
|move|p1a: Kingambit|Kowtow Cleave|p2a: barracuda
|-damage|p2a: barracuda|0 fnt
|faint|p2a: barracuda
|
|-weather|RainDance|[upkeep]
|-heal|p1a: Kingambit|50/100|[from] item: Leftovers
|upkeep
|c|☆heal_fire|ah
|
|t:|1758317922
|switch|p2a: Scordrong|Gliscor, M|100/100
|turn|12
|
|t:|1758317927
|move|p2a: Scordrong|Knock Off|p1a: Kingambit
|-resisted|p1a: Kingambit
|-damage|p1a: Kingambit|42/100
|-enditem|p1a: Kingambit|Leftovers|[from] move: Knock Off|[of] p2a: Scordrong
|move|p1a: Kingambit|Kowtow Cleave|p2a: Scordrong
|-damage|p2a: Scordrong|4/100
|
|-weather|RainDance|[upkeep]
|-status|p2a: Scordrong|tox|[from] item: Toxic Orb
|upkeep
|turn|13
|
|t:|1758317938
|move|p2a: Scordrong|Protect|p2a: Scordrong
|-singleturn|p2a: Scordrong|Protect
|move|p1a: Kingambit|Swords Dance|p1a: Kingambit
|-boost|p1a: Kingambit|atk|2
|
|-weather|RainDance|[upkeep]
|-heal|p2a: Scordrong|17/100 tox|[from] ability: Poison Heal
|upkeep
|turn|14
|
|t:|1758317952
|move|p2a: Scordrong|Toxic|p1a: Kingambit
|-immune|p1a: Kingambit
|move|p1a: Kingambit|Kowtow Cleave|p2a: Scordrong
|-damage|p2a: Scordrong|0 fnt
|faint|p2a: Scordrong
|
|-weather|RainDance|[upkeep]
|upkeep
|c|☆heal_fire|sucker god
|
|t:|1758317966
|switch|p2a: Ananas|Ludicolo, F|68/100
|-damage|p2a: Ananas|56/100|[from] Spikes
|turn|15
|
|t:|1758317972
|move|p1a: Kingambit|Sucker Punch|p2a: Ananas
|-damage|p2a: Ananas|0 fnt
|faint|p2a: Ananas
|
|-weather|RainDance|[upkeep]
|upkeep
|
|t:|1758317975
|switch|p2a: Assault vest|Raging Bolt|50/100
|-damage|p2a: Assault vest|38/100|[from] Spikes
|turn|16
|
|t:|1758317981
|move|p2a: Assault vest|Thunderclap|p1a: Kingambit
|-damage|p1a: Kingambit|7/100
|move|p1a: Kingambit|Kowtow Cleave|p2a: Assault vest
|-crit|p2a: Assault vest
|-damage|p2a: Assault vest|0 fnt
|faint|p2a: Assault vest
|-end|p2a: Assault vest|Protosynthesis|[silent]
|
|win|MyXoo
|raw|MyXoo's rating: 1314 &rarr; <strong>1335</strong><br />(+21 for winning)
|raw|heal_fire's rating: 1334 &rarr; <strong>1313</strong><br />(-21 for losing)
