|j|☆Yourragez
|j|☆lpdfwfwfw
|t:|1758345121
|gametype|singles
|player|p1|Yourragez|102|1221
|player|p2|lpdfwfwfw|dawn-gen4pt|1228
|gen|9
|tier|[Gen 9] OU
|rated|
|rule|HP Percentage Mod: HP is shown in percentages
|rule|Endless Battle Clause: Forcing endless battles is banned
|rule|Species Clause: Limit one of each Pokémon
|rule|OHKO Clause: OHKO moves are banned
|rule|Evasion Items Clause: Evasion items are banned
|rule|Evasion Moves Clause: Evasion moves are banned
|rule|Evasion Abilities Clause: Evasion abilities are banned
|rule|Sleep Moves Clause: Sleep-inducing moves are banned
|clearpoke
|poke|p1|Toxapex, M|
|poke|p1|Blissey, F|
|poke|p1|Tornadus-Therian, M|
|poke|p1|Corviknight, M|
|poke|p1|Ting-Lu|
|poke|p1|Skeledirge, M|
|poke|p2|Zapdos|
|poke|p2|Scizor, F|
|poke|p2|Basculegion, M|
|poke|p2|Pelipper, F|
|poke|p2|Greninja-*, M|
|poke|p2|Sandy Shocks|
|teampreview
|inactive|Battle timer is ON: inactive players will automatically lose when time's up. (requested by lpdfwfwfw)
|
|t:|1758345131
|teamsize|p1|6
|teamsize|p2|6
|start
|switch|p1a: Tornadus|Tornadus-Therian, M, shiny|100/100
|switch|p2a: Sandy Shocks|Sandy Shocks|100/100
|-enditem|p2a: Sandy Shocks|Booster Energy
|-activate|p2a: Sandy Shocks|ability: Protosynthesis|[fromitem]
|-start|p2a: Sandy Shocks|protosynthesisspa
|turn|1
|
|t:|1758345145
|switch|p1a: Blissey|Blissey, F|100/100
|move|p2a: Sandy Shocks|Stealth Rock|p1a: Blissey
|-sidestart|p1: Yourragez|move: Stealth Rock
|
|upkeep
|turn|2
|
|t:|1758345165
|-end|p2a: Sandy Shocks|Protosynthesis|[silent]
|switch|p2a: Pelipper|Pelipper, F|100/100
|-weather|RainDance|[from] ability: Drizzle|[of] p2a: Pelipper
|move|p1a: Blissey|Seismic Toss|p2a: Pelipper
|-damage|p2a: Pelipper|70/100
|
|-weather|RainDance|[upkeep]
|upkeep
|turn|3
|
|t:|1758345180
|move|p2a: Pelipper|U-turn|p1a: Blissey
|-damage|p1a: Blissey|85/100
|
|t:|1758345183
|switch|p2a: Basculegion|Basculegion, M|100/100|[from] U-turn
|move|p1a: Blissey|Seismic Toss|p2a: Basculegion
|-immune|p2a: Basculegion
|
|-weather|RainDance|[upkeep]
|upkeep
|turn|4
|
|t:|1758345193
|switch|p1a: Toxapex|Toxapex, M|100/100
|-terastallize|p2a: Basculegion|Water
|move|p2a: Basculegion|Wave Crash|p1a: Toxapex
|-resisted|p1a: Toxapex
|-damage|p1a: Toxapex|43/100
|-damage|p2a: Basculegion|86/100|[from] Recoil
|
|-weather|RainDance|[upkeep]
|upkeep
|turn|5
|
|t:|1758345216
|move|p2a: Basculegion|Wave Crash|p1a: Toxapex
|-resisted|p1a: Toxapex
|-damage|p1a: Toxapex|0 fnt
|faint|p1a: Toxapex
|-damage|p2a: Basculegion|74/100|[from] Recoil
|
|-weather|RainDance|[upkeep]
|upkeep
|
|t:|1758345219
|switch|p1a: Corviknight|Corviknight, M|100/100
|-damage|p1a: Corviknight|88/100|[from] Stealth Rock
|-ability|p1a: Corviknight|Pressure
|turn|6
|
|t:|1758345228
|-terastallize|p1a: Corviknight|Water
|move|p2a: Basculegion|Wave Crash|p1a: Corviknight
|-resisted|p1a: Corviknight
|-damage|p1a: Corviknight|30/100
|-damage|p2a: Basculegion|58/100|[from] item: Rocky Helmet|[of] p1a: Corviknight
|-damage|p2a: Basculegion|38/100|[from] Recoil
|move|p1a: Corviknight|Iron Defense|p1a: Corviknight
|-boost|p1a: Corviknight|def|2
|
|-weather|RainDance|[upkeep]
|upkeep
|turn|7
|
|t:|1758345240
|move|p2a: Basculegion|Wave Crash|p1a: Corviknight
|-resisted|p1a: Corviknight
|-damage|p1a: Corviknight|3/100
|-damage|p2a: Basculegion|21/100|[from] item: Rocky Helmet|[of] p1a: Corviknight
|-damage|p2a: Basculegion|12/100|[from] Recoil
|move|p1a: Corviknight|Roost|p1a: Corviknight
|-heal|p1a: Corviknight|53/100
|
|-weather|RainDance|[upkeep]
|upkeep
|turn|8
|
|t:|1758345250
|move|p2a: Basculegion|Wave Crash|p1a: Corviknight
|-resisted|p1a: Corviknight
|-damage|p1a: Corviknight|24/100
|-damage|p2a: Basculegion|0 fnt|[from] item: Rocky Helmet|[of] p1a: Corviknight
|faint|p2a: Basculegion
|move|p1a: Corviknight|Roost|p1a: Corviknight
|-heal|p1a: Corviknight|74/100
|
|-weather|RainDance|[upkeep]
|upkeep
|l|☆Yourragez
|inactive|Yourragez disconnected and has a minute to reconnect!
|player|p1|
|
|t:|1758345274
|switch|p2a: Scizor|Scizor, F|100/100
|turn|9
|j|☆Yourragez
|inactive|Yourragez reconnected and has 140 seconds left.
|player|p1|Yourragez|102|
|
|t:|1758345287
|move|p1a: Corviknight|Defog|p2a: Scizor
|-unboost|p2a: Scizor|evasion|1
|-sideend|p1: Yourragez|Stealth Rock|[from] move: Defog|[of] p1a: Corviknight
|move|p2a: Scizor|Close Combat|p1a: Corviknight
|-damage|p1a: Corviknight|62/100
|-unboost|p2a: Scizor|def|1
|-unboost|p2a: Scizor|spd|1
|-damage|p2a: Scizor|84/100|[from] item: Rocky Helmet|[of] p1a: Corviknight
|
|-weather|none
|upkeep
|turn|10
|
|t:|1758345304
|move|p1a: Corviknight|Body Press|p2a: Scizor
|-damage|p2a: Scizor|2/100
|move|p2a: Scizor|U-turn|p1a: Corviknight
|-damage|p1a: Corviknight|51/100
|-damage|p2a: Scizor|0 fnt|[from] item: Rocky Helmet|[of] p1a: Corviknight
|faint|p2a: Scizor
|
|upkeep
|
|t:|1758345318
|switch|p2a: Zapdos|Zapdos|100/100
|turn|11
|
|t:|1758345325
|switch|p2a: Pelipper|Pelipper, F|70/100
|-weather|RainDance|[from] ability: Drizzle|[of] p2a: Pelipper
|switch|p1a: Ting-Lu|Ting-Lu|100/100
|-ability|p1a: Ting-Lu|Vessel of Ruin
|
|-weather|RainDance|[upkeep]
|upkeep
|turn|12
|
|t:|1758345338
|switch|p1a: Blissey|Blissey, F|85/100
|move|p2a: Pelipper|Weather Ball|p1a: Blissey
|-damage|p1a: Blissey|64/100
|
|-weather|RainDance|[upkeep]
|upkeep
|turn|13
|inactive|lpdfwfwfw has 120 seconds left.
|
|t:|1758345367
|move|p2a: Pelipper|U-turn|p1a: Blissey
|-damage|p1a: Blissey|48/100
|
|t:|1758345370
|switch|p2a: Greninja|Greninja, M|100/100|[from] U-turn
|move|p1a: Blissey|Calm Mind|p1a: Blissey
|-boost|p1a: Blissey|spa|1
|-boost|p1a: Blissey|spd|1
|
|-weather|RainDance|[upkeep]
|upkeep
|turn|14
|
|t:|1758345380
|move|p2a: Greninja|Surf|p1a: Blissey
|-damage|p1a: Blissey|32/100
|-damage|p2a: Greninja|91/100|[from] item: Life Orb
|move|p1a: Blissey|Soft-Boiled|p1a: Blissey
|-heal|p1a: Blissey|82/100
|
|-weather|RainDance|[upkeep]
|upkeep
|turn|15
|inactive|lpdfwfwfw has 120 seconds left.
|
|t:|1758345400
|move|p2a: Greninja|Surf|p1a: Blissey
|-damage|p1a: Blissey|66/100
|-damage|p2a: Greninja|81/100|[from] item: Life Orb
|move|p1a: Blissey|Calm Mind|p1a: Blissey
|-boost|p1a: Blissey|spa|1
|-boost|p1a: Blissey|spd|1
|
|-weather|RainDance|[upkeep]
|upkeep
|turn|16
|inactive|lpdfwfwfw has 120 seconds left.
|-message|lpdfwfwfw forfeited.
|
|win|Yourragez
|raw|Yourragez's rating: 1221 &rarr; <strong>1247</strong><br />(+26 for winning)
|raw|lpdfwfwfw's rating: 1228 &rarr; <strong>1202</strong><br />(-26 for losing)
|l|☆lpdfwfwfw
|player|p2|
|l|☆Yourragez
|player|p1|
