|j|☆Juggperc1
|j|☆Mr.villains
|t:|1758362342
|gametype|singles
|player|p1|Juggperc1|camper|1452
|player|p2|Mr.villains|cynthia-gen4|1488
|gen|9
|tier|[Gen 9] OU
|rated|
|rule|HP Percentage Mod: HP is shown in percentages
|rule|Endless Battle Clause: Forcing endless battles is banned
|rule|Species Clause: Limit one of each Pokémon
|rule|OHKO Clause: OHKO moves are banned
|rule|Evasion Items Clause: Evasion items are banned
|rule|Evasion Moves Clause: Evasion moves are banned
|rule|Evasion Abilities Clause: Evasion abilities are banned
|rule|Sleep Moves Clause: Sleep-inducing moves are banned
|clearpoke
|poke|p1|Gardevoir, M|
|poke|p1|Ogerpon-Wellspring, F|
|poke|p1|Glimmora, F|
|poke|p1|Gliscor, F|
|poke|p1|Zamazenta-*|
|poke|p1|Weezing-Galar, F|
|poke|p2|Darkrai|
|poke|p2|Glimmora, F|
|poke|p2|Dragonite, M|
|poke|p2|Thundurus-Therian, M|
|poke|p2|Corviknight, M|
|poke|p2|Kingambit, M|
|teampreview
|inactive|Battle timer is ON: inactive players will automatically lose when time's up. (requested by Mr.villains)
|
|t:|1758362351
|teamsize|p1|6
|teamsize|p2|6
|start
|switch|p1a: Gliscor|Gliscor, F|100/100
|switch|p2a: Glimmora|Glimmora, F|100/100
|turn|1
|
|t:|1758362361
|switch|p2a: Thundurus|Thundurus-Therian, M|100/100
|move|p1a: Gliscor|Earthquake|p2a: Thundurus
|-immune|p2a: Thundurus
|
|-status|p1a: Gliscor|tox|[from] item: Toxic Orb
|upkeep
|turn|2
|
|t:|1758362370
|switch|p1a: Gardevoir|Gardevoir, M|100/100
|-ability|p1a: Gardevoir|Volt Absorb|Trace|[from] ability: Trace|[of] p2a: Thundurus
|move|p2a: Thundurus|Nasty Plot|p2a: Thundurus
|-boost|p2a: Thundurus|spa|2
|
|upkeep
|turn|3
|
|t:|1758362378
|move|p1a: Gardevoir|Trick|p2a: Thundurus
|-activate|p1a: Gardevoir|move: Trick|[of] p2a: Thundurus
|-item|p2a: Thundurus|Choice Scarf|[from] move: Trick
|-item|p1a: Gardevoir|Leftovers|[from] move: Trick
|move|p2a: Thundurus|Thunderbolt|p1a: Gardevoir
|-immune|p1a: Gardevoir|[from] ability: Volt Absorb
|
|upkeep
|turn|4
|
|t:|1758362386
|switch|p2a: Glimmora|Glimmora, F|100/100
|move|p1a: Gardevoir|Moonblast|p2a: Glimmora
|-resisted|p2a: Glimmora
|-damage|p2a: Glimmora|76/100
|-unboost|p2a: Glimmora|spa|1
|-enditem|p2a: Glimmora|Red Card|[of] p1a: Gardevoir
|drag|p1a: Glimmora|Glimmora, F|100/100
|
|upkeep
|turn|5
|
|t:|1758362390
|move|p1a: Glimmora|Earth Power|p2a: Glimmora
|-supereffective|p2a: Glimmora
|-damage|p2a: Glimmora|0 fnt
|faint|p2a: Glimmora
|
|upkeep
|
|t:|1758362398
|switch|p2a: Kingambit|Kingambit, M|100/100
|-activate|p2a: Kingambit|ability: Supreme Overlord
|-start|p2a: Kingambit|fallen1|[silent]
|turn|6
|
|t:|1758362403
|move|p1a: Glimmora|Earth Power|p2a: Kingambit
|-supereffective|p2a: Kingambit
|-damage|p2a: Kingambit|28/100
|move|p2a: Kingambit|Kowtow Cleave|p1a: Glimmora
|-damage|p1a: Glimmora|30/100
|-activate|p1a: Glimmora|ability: Toxic Debris
|-sidestart|p2: Mr.villains|move: Toxic Spikes
|
|-heal|p2a: Kingambit|35/100|[from] item: Leftovers
|upkeep
|turn|7
|
|t:|1758362408
|switch|p1a: Weezing|Weezing-Galar, F|100/100
|-ability|p1a: Weezing|Neutralizing Gas
|-item|p1a: Weezing|Air Balloon
|move|p2a: Kingambit|Kowtow Cleave|p1a: Weezing
|-resisted|p1a: Weezing
|-damage|p1a: Weezing|86/100
|-enditem|p1a: Weezing|Air Balloon
|
|-heal|p2a: Kingambit|41/100|[from] item: Leftovers
|upkeep
|turn|8
|
|t:|1758362416
|-end|p2a: Kingambit|fallen1|[silent]
|switch|p2a: Corviknight|Corviknight, M|100/100
|move|p1a: Weezing|Fire Blast|p2a: Corviknight|[miss]
|-miss|p1a: Weezing|p2a: Corviknight
|
|upkeep
|turn|9
|
|t:|1758362438
|switch|p2a: Thundurus|Thundurus-Therian, M|100/100
|move|p1a: Weezing|Fire Blast|p2a: Thundurus
|-damage|p2a: Thundurus|69/100
|
|upkeep
|turn|10
|
|t:|1758362455
|-end|p1a: Weezing|ability: Neutralizing Gas
|switch|p1a: Glimmora|Glimmora, F|30/100
|move|p2a: Thundurus|Tera Blast|p1a: Glimmora
|-resisted|p1a: Glimmora
|-damage|p1a: Glimmora|11/100
|
|upkeep
|turn|11
|
|t:|1758362460
|switch|p1a: Gliscor|Gliscor, F|100/100 tox
|move|p2a: Thundurus|Tera Blast|p1a: Gliscor
|-damage|p1a: Gliscor|53/100 tox
|
|-heal|p1a: Gliscor|65/100 tox|[from] ability: Poison Heal
|upkeep
|turn|12
|
|t:|1758362468
|switch|p1a: Glimmora|Glimmora, F|11/100
|move|p2a: Thundurus|Tera Blast|p1a: Glimmora
|-resisted|p1a: Glimmora
|-damage|p1a: Glimmora|0 fnt
|faint|p1a: Glimmora
|
|upkeep
|
|t:|1758362471
|switch|p1a: Gardevoir|Gardevoir, M|100/100
|-ability|p1a: Gardevoir|Volt Absorb|Trace|[from] ability: Trace|[of] p2a: Thundurus
|turn|13
|
|t:|1758362476
|move|p2a: Thundurus|Tera Blast|p1a: Gardevoir
|-damage|p1a: Gardevoir|68/100
|move|p1a: Gardevoir|Moonblast|p2a: Thundurus
|-damage|p2a: Thundurus|8/100
|
|-heal|p1a: Gardevoir|75/100|[from] item: Leftovers
|upkeep
|turn|14
|inactive|Juggperc1 has 120 seconds left.
|
|t:|1758362511
|move|p2a: Thundurus|Tera Blast|p1a: Gardevoir
|-damage|p1a: Gardevoir|41/100
|move|p1a: Gardevoir|Moonblast|p2a: Thundurus
|-damage|p2a: Thundurus|0 fnt
|faint|p2a: Thundurus
|
|-heal|p1a: Gardevoir|47/100|[from] item: Leftovers
|upkeep
|
|t:|1758362517
|switch|p2a: Corviknight|Corviknight, M|100/100
|-ability|p2a: Corviknight|Pressure
|turn|15
|inactive|Juggperc1 has 120 seconds left.
|
|t:|1758362534
|move|p1a: Gardevoir|Mystical Fire|p2a: Corviknight
|-supereffective|p2a: Corviknight
|-damage|p2a: Corviknight|51/100
|-unboost|p2a: Corviknight|spa|1
|move|p2a: Corviknight|Defog|p1a: Gardevoir
|-unboost|p1a: Gardevoir|evasion|1
|-sideend|p2: Mr.villains|Toxic Spikes|[from] move: Defog|[of] p2a: Corviknight
|
|-heal|p1a: Gardevoir|53/100|[from] item: Leftovers
|-heal|p2a: Corviknight|57/100|[from] item: Leftovers
|upkeep
|turn|16
|
|t:|1758362543
|move|p1a: Gardevoir|Mystical Fire|p2a: Corviknight
|-supereffective|p2a: Corviknight
|-damage|p2a: Corviknight|11/100
|-unboost|p2a: Corviknight|spa|1
|move|p2a: Corviknight|U-turn|p1a: Gardevoir
|-damage|p1a: Gardevoir|27/100
|
|t:|1758362549
|switch|p2a: Darkrai|Darkrai|100/100|[from] U-turn
|
|-heal|p1a: Gardevoir|33/100|[from] item: Leftovers
|upkeep
|turn|17
|inactive|Juggperc1 has 120 seconds left.
|
|t:|1758362579
|move|p2a: Darkrai|Sludge Bomb|p1a: Gardevoir
|-supereffective|p1a: Gardevoir
|-damage|p1a: Gardevoir|0 fnt
|faint|p1a: Gardevoir
|
|upkeep
|
|t:|1758362582
|switch|p1a: Zamazenta|Zamazenta|100/100
|-ability|p1a: Zamazenta|Dauntless Shield|boost
|-boost|p1a: Zamazenta|def|1
|turn|18
|
|t:|1758362596
|switch|p2a: Corviknight|Corviknight, M|11/100
|-ability|p2a: Corviknight|Pressure
|move|p1a: Zamazenta|Close Combat|p2a: Corviknight
|-damage|p2a: Corviknight|0 fnt
|-unboost|p1a: Zamazenta|def|1
|-unboost|p1a: Zamazenta|spd|1
|faint|p2a: Corviknight
|
|upkeep
|
|t:|1758362606
|switch|p2a: Dragonite|Dragonite, M|100/100
|turn|19
|
|t:|1758362615
|move|p2a: Dragonite|Dragon Dance|p2a: Dragonite
|-boost|p2a: Dragonite|atk|1
|-boost|p2a: Dragonite|spe|1
|move|p1a: Zamazenta|Roar|p2a: Dragonite
|drag|p2a: Darkrai|Darkrai|100/100
|
|upkeep
|turn|20
|
|t:|1758362621
|move|p1a: Zamazenta|Close Combat|p2a: Darkrai
|-supereffective|p2a: Darkrai
|-damage|p2a: Darkrai|0 fnt
|-unboost|p1a: Zamazenta|def|1
|-unboost|p1a: Zamazenta|spd|1
|faint|p2a: Darkrai
|
|upkeep
|
|t:|1758362624
|switch|p2a: Kingambit|Kingambit, M|41/100
|-activate|p2a: Kingambit|ability: Supreme Overlord
|-start|p2a: Kingambit|fallen4|[silent]
|turn|21
|
|t:|1758362638
|move|p2a: Kingambit|Sucker Punch|p1a: Zamazenta
|-resisted|p1a: Zamazenta
|-damage|p1a: Zamazenta|61/100
|move|p1a: Zamazenta|Close Combat|p2a: Kingambit
|-supereffective|p2a: Kingambit
|-damage|p2a: Kingambit|0 fnt
|-unboost|p1a: Zamazenta|def|1
|-unboost|p1a: Zamazenta|spd|1
|faint|p2a: Kingambit
|-end|p2a: Kingambit|fallen4|[silent]
|
|upkeep
|
|t:|1758362641
|switch|p2a: Dragonite|Dragonite, M|100/100
|turn|22
|
|t:|1758362643
|move|p1a: Zamazenta|Ice Fang|p2a: Dragonite
|-supereffective|p2a: Dragonite
|-damage|p2a: Dragonite|39/100
|cant|p2a: Dragonite|flinch
|
|upkeep
|turn|23
|-message|Mr.villains forfeited.
|
|win|Juggperc1
|raw|Juggperc1's rating: 1452 &rarr; <strong>1474</strong><br />(+22 for winning)
|raw|Mr.villains's rating: 1488 &rarr; <strong>1466</strong><br />(-22 for losing)
|l|☆Mr.villains
|player|p2|
|l|☆Juggperc1
|player|p1|
