|j|☆stockroomsupply
|j|☆The Paldea Region
|t:|1758300209
|gametype|singles
|player|p1|stockroomsupply|1|1277
|player|p2|The Paldea Region|emma|1291
|gen|9
|tier|[Gen 9] OU
|rated|
|rule|HP Percentage Mod: HP is shown in percentages
|rule|Endless Battle Clause: Forcing endless battles is banned
|rule|Species Clause: Limit one of each Pokémon
|rule|OHKO Clause: OHKO moves are banned
|rule|Evasion Items Clause: Evasion items are banned
|rule|Evasion Moves Clause: Evasion moves are banned
|rule|Evasion Abilities Clause: Evasion abilities are banned
|rule|Sleep Moves Clause: Sleep-inducing moves are banned
|clearpoke
|poke|p1|Mudsdale, M|
|poke|p1|Glimmora, F|
|poke|p1|Dusclops, F|
|poke|p1|Tyranitar, M|
|poke|p1|Ditto|
|poke|p1|Hitmontop, M|
|poke|p2|Veluza, M|
|poke|p2|Tornadus-Therian, M|
|poke|p2|Blissey, F|
|poke|p2|Gliscor, F|
|poke|p2|Iron Valiant|
|poke|p2|Scizor, F|
|teampreview
|c|☆stockroomsupply|good luck!
|
|t:|1758300239
|teamsize|p1|6
|teamsize|p2|6
|start
|switch|p1a: Mudsdale|Mudsdale, M|100/100
|switch|p2a: Veluza|Veluza, M|100/100
|-ability|p2a: Veluza|Mold Breaker
|turn|1
|c|☆The Paldea Region|hf
|
|t:|1758300247
|move|p2a: Veluza|Final Gambit|p1a: Mudsdale
|-damage|p1a: Mudsdale|5/100
|-ability|p1a: Mudsdale|Stamina|boost
|-boost|p1a: Mudsdale|def|1
|faint|p2a: Veluza
|move|p1a: Mudsdale|Roar|p2: Veluza|[notarget]
|-fail|p1a: Mudsdale
|
|-heal|p1a: Mudsdale|12/100|[from] item: Leftovers
|upkeep
|c|☆stockroomsupply|always do lol
|c|☆stockroomsupply|i wasnt expecting that lol
|
|t:|1758300268
|switch|p2a: Tornadus|Tornadus-Therian, M|100/100
|turn|2
|
|t:|1758300275
|switch|p2a: Scizor|Scizor, F|100/100
|move|p1a: Mudsdale|Stealth Rock|p2a: Scizor
|-sidestart|p2: The Paldea Region|move: Stealth Rock
|
|-heal|p1a: Mudsdale|18/100|[from] item: Leftovers
|upkeep
|turn|3
|
|t:|1758300281
|move|p2a: Scizor|Bullet Punch|p1a: Mudsdale
|-damage|p1a: Mudsdale|0 fnt
|faint|p1a: Mudsdale
|-damage|p2a: Scizor|91/100|[from] item: Life Orb
|
|upkeep
|
|t:|1758300285
|switch|p1a: Dusclops|Dusclops, F|100/100
|-item|p2a: Scizor|Life Orb|[from] ability: Frisk|[of] p1a: Dusclops
|turn|4
|
|t:|1758300293
|switch|p2a: Blissey|Blissey, F|100/100
|-damage|p2a: Blissey|88/100|[from] Stealth Rock
|move|p1a: Dusclops|Will-O-Wisp|p2a: Blissey
|-status|p2a: Blissey|brn
|
|-damage|p2a: Blissey|82/100 brn|[from] brn
|upkeep
|turn|5
|
|t:|1758300299
|move|p2a: Blissey|Copycat|p2a: Blissey
|move|p2a: Blissey|Will-O-Wisp|p1a: Dusclops|[from] move: Copycat|[miss]
|-miss|p2a: Blissey|p1a: Dusclops
|move|p1a: Dusclops|Curse|p2a: Blissey
|-start|p2a: Blissey|Curse|[of] p1a: Dusclops
|-damage|p1a: Dusclops|50/100
|
|-damage|p2a: Blissey|76/100 brn|[from] brn
|-damage|p2a: Blissey|51/100 brn|[from] Curse
|upkeep
|turn|6
|
|t:|1758300310
|-curestatus|p2a: Blissey|brn|[from] ability: Natural Cure
|switch|p2a: Tornadus|Tornadus-Therian, M|100/100
|-damage|p2a: Tornadus|76/100|[from] Stealth Rock
|move|p1a: Dusclops|Pain Split|p2a: Tornadus
|-sethp|p2a: Tornadus|62/100|[from] move: Pain Split|[silent]
|-sethp|p1a: Dusclops|65/100|[from] move: Pain Split
|
|upkeep
|turn|7
|
|t:|1758300320
|switch|p2a: Blissey|Blissey, F|51/100
|-damage|p2a: Blissey|38/100|[from] Stealth Rock
|switch|p1a: Tyranitar|Tyranitar, M|100/100
|-weather|Sandstorm|[from] ability: Sand Stream|[of] p1a: Tyranitar
|
|-weather|Sandstorm|[upkeep]
|-damage|p2a: Blissey|32/100|[from] Sandstorm
|upkeep
|turn|8
|
|t:|1758300336
|switch|p1a: Dusclops|Dusclops, F|65/100
|-item|p2a: Blissey|Choice Scarf|[from] ability: Frisk|[of] p1a: Dusclops
|move|p2a: Blissey|Trick|p1a: Dusclops
|-activate|p2a: Blissey|move: Trick|[of] p1a: Dusclops
|-item|p1a: Dusclops|Choice Scarf|[from] move: Trick
|-item|p2a: Blissey|Eviolite|[from] move: Trick
|
|-weather|Sandstorm|[upkeep]
|-damage|p2a: Blissey|26/100|[from] Sandstorm
|-damage|p1a: Dusclops|59/100|[from] Sandstorm
|upkeep
|turn|9
|
|t:|1758300345
|move|p2a: Blissey|Soft-Boiled|p2a: Blissey
|-heal|p2a: Blissey|76/100
|move|p1a: Dusclops|Curse|p2a: Blissey
|-start|p2a: Blissey|Curse|[of] p1a: Dusclops
|-damage|p1a: Dusclops|9/100
|
|-weather|Sandstorm|[upkeep]
|-damage|p2a: Blissey|70/100|[from] Sandstorm
|-damage|p1a: Dusclops|3/100|[from] Sandstorm
|-damage|p2a: Blissey|45/100|[from] Curse
|upkeep
|turn|10
|
|t:|1758300353
|switch|p2a: Gliscor|Gliscor, F|100/100
|-damage|p2a: Gliscor|88/100|[from] Stealth Rock
|switch|p1a: Hitmontop|Hitmontop, M|100/100
|
|-weather|Sandstorm|[upkeep]
|-damage|p1a: Hitmontop|94/100|[from] Sandstorm
|-status|p2a: Gliscor|tox|[from] item: Toxic Orb
|upkeep
|turn|11
|
|t:|1758300365
|switch|p2a: Blissey|Blissey, F|45/100
|-damage|p2a: Blissey|32/100|[from] Stealth Rock
|move|p1a: Hitmontop|Fake Out|p2a: Blissey
|-damage|p2a: Blissey|5/100
|
|-weather|none
|upkeep
|turn|12
|
|t:|1758300380
|move|p2a: Blissey|Trick|p1a: Hitmontop
|-activate|p2a: Blissey|move: Trick|[of] p1a: Hitmontop
|-item|p1a: Hitmontop|Eviolite|[from] move: Trick
|-item|p2a: Blissey|Assault Vest|[from] move: Trick
|move|p1a: Hitmontop|Rapid Spin|p2a: Blissey
|-damage|p2a: Blissey|0 fnt
|-boost|p1a: Hitmontop|spe|1
|faint|p2a: Blissey
|
|upkeep
|
|t:|1758300388
|switch|p2a: Tornadus|Tornadus-Therian, M|95/100
|-damage|p2a: Tornadus|70/100|[from] Stealth Rock
|turn|13
|c|☆The Paldea Region|praying this isnt triple axel
|
|t:|1758300414
|move|p2a: Tornadus|Bleakwind Storm|p1a: Hitmontop
|-supereffective|p1a: Hitmontop
|-damage|p1a: Hitmontop|17/100
|move|p1a: Hitmontop|Rapid Spin|p2a: Tornadus
|-damage|p2a: Tornadus|46/100
|-boost|p1a: Hitmontop|spe|1
|-enditem|p2a: Tornadus|Eject Button
|c|☆stockroomsupply|lol i kinda wish it was lol
|
|t:|1758300434
|switch|p2a: Scizor|Scizor, F|91/100
|-damage|p2a: Scizor|78/100|[from] Stealth Rock
|
|upkeep
|turn|14
|
|t:|1758300440
|switch|p1a: Glimmora|Glimmora, F|100/100
|move|p2a: Scizor|Bullet Punch|p1a: Glimmora
|-supereffective|p1a: Glimmora
|-damage|p1a: Glimmora|0 fnt
|-activate|p1a: Glimmora|ability: Toxic Debris
|-sidestart|p2: The Paldea Region|move: Toxic Spikes
|faint|p1a: Glimmora
|-damage|p2a: Scizor|68/100|[from] item: Life Orb
|
|upkeep
|
|t:|1758300446
|switch|p1a: Dusclops|Dusclops, F|3/100
|-item|p2a: Scizor|Life Orb|[from] ability: Frisk|[of] p1a: Dusclops
|turn|15
|
|t:|1758300462
|move|p2a: Scizor|Bullet Punch|p1a: Dusclops
|-damage|p1a: Dusclops|0 fnt
|faint|p1a: Dusclops
|-damage|p2a: Scizor|58/100|[from] item: Life Orb
|
|upkeep
|
|t:|1758300465
|switch|p1a: Tyranitar|Tyranitar, M|100/100
|-weather|Sandstorm|[from] ability: Sand Stream|[of] p1a: Tyranitar
|turn|16
|
|t:|1758300470
|-terastallize|p1a: Tyranitar|Grass
|move|p2a: Scizor|Close Combat|p1a: Tyranitar
|-damage|p1a: Tyranitar|54/100
|-unboost|p2a: Scizor|def|1
|-unboost|p2a: Scizor|spd|1
|-damage|p2a: Scizor|48/100|[from] item: Life Orb
|move|p1a: Tyranitar|Power Gem|p2a: Scizor
|-damage|p2a: Scizor|0 fnt
|faint|p2a: Scizor
|
|-weather|Sandstorm|[upkeep]
|-damage|p1a: Tyranitar|48/100|[from] Sandstorm
|upkeep
|
|t:|1758300491
|switch|p2a: Tornadus|Tornadus-Therian, M|79/100
|-damage|p2a: Tornadus|54/100|[from] Stealth Rock
|turn|17
|
|t:|1758300501
|move|p2a: Tornadus|Bleakwind Storm|p1a: Tyranitar
|-supereffective|p1a: Tyranitar
|-damage|p1a: Tyranitar|11/100
|-unboost|p1a: Tyranitar|spe|1
|move|p1a: Tyranitar|Power Gem|p2a: Tornadus
|-supereffective|p2a: Tornadus
|-damage|p2a: Tornadus|0 fnt
|faint|p2a: Tornadus
|
|-weather|Sandstorm|[upkeep]
|-damage|p1a: Tyranitar|5/100|[from] Sandstorm
|upkeep
|
|t:|1758300513
|switch|p2a: Iron Valiant|Iron Valiant|100/100
|-damage|p2a: Iron Valiant|94/100|[from] Stealth Rock
|-status|p2a: Iron Valiant|psn
|-enditem|p2a: Iron Valiant|Booster Energy
|-activate|p2a: Iron Valiant|ability: Quark Drive|[fromitem]
|-start|p2a: Iron Valiant|quarkdrivespe
|turn|18
|
|t:|1758300520
|move|p2a: Iron Valiant|Moonblast|p1a: Tyranitar
|-damage|p1a: Tyranitar|0 fnt
|faint|p1a: Tyranitar
|
|-weather|Sandstorm|[upkeep]
|-damage|p2a: Iron Valiant|88/100 psn|[from] Sandstorm
|-damage|p2a: Iron Valiant|76/100 psn|[from] psn
|upkeep
|
|t:|1758300525
|switch|p1a: Ditto|Ditto|100/100
|-transform|p1a: Ditto|p2a: Iron Valiant|[from] ability: Imposter
|turn|19
|c|☆stockroomsupply|gg
|c|☆stockroomsupply|well played
|
|t:|1758300539
|-end|p2a: Iron Valiant|Quark Drive|[silent]
|switch|p2a: Gliscor|Gliscor, F|88/100 tox
|-damage|p2a: Gliscor|75/100 tox|[from] Stealth Rock
|move|p1a: Ditto|Moonblast|p2a: Gliscor
|-damage|p2a: Gliscor|35/100 tox
|
|-weather|Sandstorm|[upkeep]
|-damage|p1a: Ditto|94/100|[from] Sandstorm
|-heal|p2a: Gliscor|47/100 tox|[from] ability: Poison Heal
|upkeep
|turn|20
|
|t:|1758300547
|move|p1a: Ditto|Moonblast|p2a: Gliscor
|-damage|p2a: Gliscor|7/100 tox
|move|p2a: Gliscor|Earthquake|p1a: Ditto
|-damage|p1a: Ditto|50/100
|
|-weather|none
|-heal|p2a: Gliscor|20/100 tox|[from] ability: Poison Heal
|upkeep
|turn|21
|
|t:|1758300551
|move|p2a: Gliscor|Protect|p2a: Gliscor
|-singleturn|p2a: Gliscor|Protect
|move|p1a: Ditto|Moonblast|p2a: Gliscor
|-activate|p2a: Gliscor|move: Protect
|
|-heal|p2a: Gliscor|32/100 tox|[from] ability: Poison Heal
|upkeep
|turn|22
|c|☆The Paldea Region|gg
|
|t:|1758300559
|switch|p2a: Iron Valiant|Iron Valiant|76/100 psn
|-damage|p2a: Iron Valiant|69/100 psn|[from] Stealth Rock
|move|p1a: Ditto|Moonblast|p2a: Iron Valiant
|-supereffective|p2a: Iron Valiant
|-damage|p2a: Iron Valiant|0 fnt
|faint|p2a: Iron Valiant
|-end|p2a: Iron Valiant|Quark Drive|[silent]
|
|upkeep
|
|t:|1758300563
|switch|p2a: Gliscor|Gliscor, F|32/100 tox
|-damage|p2a: Gliscor|20/100 tox|[from] Stealth Rock
|turn|23
|
|t:|1758300566
|move|p2a: Gliscor|Protect|p2a: Gliscor
|-singleturn|p2a: Gliscor|Protect
|move|p1a: Ditto|Moonblast|p2a: Gliscor
|-activate|p2a: Gliscor|move: Protect
|
|-heal|p2a: Gliscor|32/100 tox|[from] ability: Poison Heal
|upkeep
|turn|24
|
|t:|1758300570
|move|p2a: Gliscor|Protect||[still]
|-fail|p2a: Gliscor
|-activate|p1a: Ditto|move: Struggle
|move|p1a: Ditto|Struggle|p2a: Gliscor
|-damage|p2a: Gliscor|23/100 tox
|-damage|p1a: Ditto|25/100|[from] recoil
|
|-heal|p2a: Gliscor|35/100 tox|[from] ability: Poison Heal
|upkeep
|turn|25
|
|t:|1758300578
|-activate|p1a: Ditto|move: Struggle
|move|p1a: Ditto|Struggle|p2a: Gliscor
|-damage|p2a: Gliscor|26/100 tox
|-damage|p1a: Ditto|0 fnt|[from] recoil
|faint|p1a: Ditto
|-end|p1a: Ditto|Quark Drive|[silent]
|move|p2a: Gliscor|Earthquake|p1: Ditto|[notarget]
|-fail|p2a: Gliscor
|
|-heal|p2a: Gliscor|38/100 tox|[from] ability: Poison Heal
|upkeep
|
|t:|1758300581
|switch|p1a: Hitmontop|Hitmontop, M|17/100
|turn|26
|
|t:|1758300587
|move|p1a: Hitmontop|Fake Out|p2a: Gliscor
|-damage|p2a: Gliscor|28/100 tox
|cant|p2a: Gliscor|flinch
|
|-heal|p2a: Gliscor|41/100 tox|[from] ability: Poison Heal
|upkeep
|turn|27
|c|☆stockroomsupply|that was fun lol
|c|☆The Paldea Region|likewise
|
|t:|1758300600
|move|p1a: Hitmontop|Mach Punch|p2a: Gliscor
|-resisted|p2a: Gliscor
|-damage|p2a: Gliscor|33/100 tox
|move|p2a: Gliscor|Earthquake|p1a: Hitmontop
|-damage|p1a: Hitmontop|0 fnt
|faint|p1a: Hitmontop
|
|win|The Paldea Region
|raw|stockroomsupply's rating: 1277 &rarr; <strong>1253</strong><br />(-24 for losing)
|raw|The Paldea Region's rating: 1291 &rarr; <strong>1315</strong><br />(+24 for winning)
|c|☆The Paldea Region|i like seeing unique squads
|c|☆stockroomsupply|i do too
|c|☆stockroomsupply|yours was very different lol
|c|☆stockroomsupply|have a good day man :)
|c|☆stockroomsupply|feel free to friend me
|c|☆The Paldea Region|you too!!
