|j|☆barry1234zjy
|j|☆KingDangoz5
|t:|1758250079
|gametype|singles
|player|p1|barry1234zjy|youngster-gen4dp|1424
|player|p2|KingDangoz5|flint|1373
|gen|9
|tier|[Gen 9] OU
|rated|
|rule|HP Percentage Mod: HP is shown in percentages
|rule|Endless Battle Clause: Forcing endless battles is banned
|rule|Species Clause: Limit one of each Pokémon
|rule|OHKO Clause: OHKO moves are banned
|rule|Evasion Items Clause: Evasion items are banned
|rule|Evasion Moves Clause: Evasion moves are banned
|rule|Evasion Abilities Clause: Evasion abilities are banned
|rule|Sleep Moves Clause: Sleep-inducing moves are banned
|clearpoke
|poke|p1|Comfey, F|
|poke|p1|Whimsicott, M|
|poke|p1|Iron Moth|
|poke|p1|Great Tusk|
|poke|p1|Walking Wake|
|poke|p1|Ninetales, M|
|poke|p2|Meowscarada, M|
|poke|p2|Landorus-Therian, M|
|poke|p2|Slowking-Galar, F|
|poke|p2|Kyurem|
|poke|p2|Gholdengo|
|poke|p2|Primarina, M|
|teampreview
|
|t:|1758250119
|teamsize|p1|6
|teamsize|p2|6
|start
|switch|p1a: Ninetales|Ninetales, M|100/100
|switch|p2a: Balan|Meowscarada, M, shiny|100/100
|-weather|SunnyDay|[from] ability: Drought|[of] p1a: Ninetales
|turn|1
|
|t:|1758250127
|move|p2a: Balan|Knock Off|p1a: Ninetales
|-start|p2a: Balan|typechange|Dark|[from] ability: Protean
|-damage|p1a: Ninetales|23/100
|-enditem|p1a: Ninetales|Heat Rock|[from] move: Knock Off|[of] p2a: Balan
|move|p1a: Ninetales|Will-O-Wisp|p2a: Balan|[miss]
|-miss|p1a: Ninetales|p2a: Balan
|
|-weather|SunnyDay|[upkeep]
|upkeep
|turn|2
|
|t:|1758250137
|switch|p1a: Great Tusk|Great Tusk|100/100
|-activate|p1a: Great Tusk|ability: Protosynthesis
|-start|p1a: Great Tusk|protosynthesisspe
|move|p2a: Balan|Knock Off|p1a: Great Tusk
|-resisted|p1a: Great Tusk
|-damage|p1a: Great Tusk|80/100
|-damage|p2a: Balan|84/100|[from] item: Rocky Helmet|[of] p1a: Great Tusk
|-enditem|p1a: Great Tusk|Rocky Helmet|[from] move: Knock Off|[of] p2a: Balan
|
|-weather|SunnyDay|[upkeep]
|upkeep
|turn|3
|
|t:|1758250147
|switch|p2a: Stephon|Gholdengo, shiny|100/100
|-item|p2a: Stephon|Air Balloon
|move|p1a: Great Tusk|Stealth Rock|p2a: Stephon
|-sidestart|p2: KingDangoz5|move: Stealth Rock
|
|-weather|SunnyDay|[upkeep]
|upkeep
|turn|4
|
|t:|1758250154
|move|p1a: Great Tusk|Ice Spinner|p2a: Stephon
|-resisted|p2a: Stephon
|-damage|p2a: Stephon|90/100
|-enditem|p2a: Stephon|Air Balloon
|move|p2a: Stephon|Shadow Ball|p1a: Great Tusk
|-damage|p1a: Great Tusk|31/100
|
|-weather|SunnyDay|[upkeep]
|upkeep
|turn|5
|
|t:|1758250165
|switch|p2a: Jiordio|Landorus-Therian, M, shiny|100/100
|-damage|p2a: Jiordio|88/100|[from] Stealth Rock
|-ability|p2a: Jiordio|Intimidate|boost
|-unboost|p1a: Great Tusk|atk|1
|move|p1a: Great Tusk|Headlong Rush|p2a: Jiordio
|-immune|p2a: Jiordio
|
|-weather|SunnyDay|[upkeep]
|upkeep
|turn|6
|
|t:|1758250175
|switch|p2a: Stephon|Gholdengo, shiny|90/100
|-damage|p2a: Stephon|84/100|[from] Stealth Rock
|move|p1a: Great Tusk|Ice Spinner|p2a: Stephon
|-resisted|p2a: Stephon
|-damage|p2a: Stephon|77/100
|
|-weather|SunnyDay|[upkeep]
|upkeep
|turn|7
|
|t:|1758250188
|switch|p2a: Jiordio|Landorus-Therian, M, shiny|88/100
|-damage|p2a: Jiordio|76/100|[from] Stealth Rock
|-ability|p2a: Jiordio|Intimidate|boost
|-unboost|p1a: Great Tusk|atk|1
|move|p1a: Great Tusk|Headlong Rush|p2a: Jiordio
|-immune|p2a: Jiordio
|
|-weather|SunnyDay|[upkeep]
|upkeep
|turn|8
|
|t:|1758250197
|-end|p1a: Great Tusk|Protosynthesis|[silent]
|switch|p1a: Whimsicott|Whimsicott, M|100/100
|move|p2a: Jiordio|Stealth Rock|p1a: Whimsicott
|-sidestart|p1: barry1234zjy|move: Stealth Rock
|
|-weather|none
|upkeep
|turn|9
|
|t:|1758250205
|switch|p1a: Great Tusk|Great Tusk|31/100
|-damage|p1a: Great Tusk|28/100|[from] Stealth Rock
|move|p2a: Jiordio|U-turn|p1a: Great Tusk
|-resisted|p1a: Great Tusk
|-damage|p1a: Great Tusk|21/100
|inactive|Battle timer is ON: inactive players will automatically lose when time's up. (requested by barry1234zjy)
|
|t:|1758250216
|switch|p2a: Calamity|Kyurem, shiny|100/100|[from] U-turn
|-damage|p2a: Calamity|76/100|[from] Stealth Rock
|-ability|p2a: Calamity|Pressure
|
|upkeep
|turn|10
|
|t:|1758250229
|-end|p1a: Great Tusk|Protosynthesis|[silent]
|switch|p1a: Comfey|Comfey, F|100/100
|-damage|p1a: Comfey|88/100|[from] Stealth Rock
|move|p2a: Calamity|Earth Power|p1a: Comfey
|-damage|p1a: Comfey|43/100
|
|upkeep
|turn|11
|
|t:|1758250237
|switch|p2a: Lewis|Slowking-Galar, F, shiny|100/100
|-damage|p2a: Lewis|88/100|[from] Stealth Rock
|switch|p1a: Great Tusk|Great Tusk|21/100
|-damage|p1a: Great Tusk|18/100|[from] Stealth Rock
|
|upkeep
|turn|12
|
|t:|1758250248
|switch|p2a: Jiordio|Landorus-Therian, M, shiny|76/100
|-damage|p2a: Jiordio|64/100|[from] Stealth Rock
|-ability|p2a: Jiordio|Intimidate|boost
|-unboost|p1a: Great Tusk|atk|1
|move|p1a: Great Tusk|Rapid Spin|p2a: Jiordio
|-damage|p2a: Jiordio|54/100
|-boost|p1a: Great Tusk|spe|1
|-damage|p1a: Great Tusk|2/100|[from] item: Rocky Helmet|[of] p2a: Jiordio
|-sideend|p1: barry1234zjy|Stealth Rock|[from] move: Rapid Spin|[of] p1a: Great Tusk
|
|upkeep
|turn|13
|
|t:|1758250261
|-end|p1a: Great Tusk|Protosynthesis|[silent]
|switch|p1a: Ninetales|Ninetales, M|23/100
|-weather|SunnyDay|[from] ability: Drought|[of] p1a: Ninetales
|switch|p2a: Lewis|Slowking-Galar, F, shiny|100/100
|-damage|p2a: Lewis|88/100|[from] Stealth Rock
|
|-weather|SunnyDay|[upkeep]
|upkeep
|turn|14
|
|t:|1758250267
|move|p1a: Ninetales|Healing Wish|p1a: Ninetales
|faint|p1a: Ninetales
|-prepare|p2a: Lewis|Chilly Reception|[premajor]
|move|p2a: Lewis|Chilly Reception|p2a: Lewis
|-weather|Snowscape
|
|t:|1758250274
|switch|p2a: Balan|Meowscarada, M, shiny|84/100|[from] Chilly Reception
|-damage|p2a: Balan|72/100|[from] Stealth Rock
|
|-weather|Snowscape|[upkeep]
|upkeep
|
|t:|1758250277
|switch|p1a: Great Tusk|Great Tusk|2/100
|-heal|p1a: Great Tusk|100/100|[from] move: Healing Wish
|turn|15
|
|t:|1758250305
|-end|p1a: Great Tusk|Protosynthesis|[silent]
|switch|p1a: Iron Moth|Iron Moth|100/100
|-enditem|p1a: Iron Moth|Booster Energy
|-activate|p1a: Iron Moth|ability: Quark Drive|[fromitem]
|-start|p1a: Iron Moth|quarkdrivespa
|-terastallize|p2a: Balan|Ice
|move|p2a: Balan|Triple Axel|p1a: Iron Moth
|-resisted|p1a: Iron Moth
|-damage|p1a: Iron Moth|88/100
|-resisted|p1a: Iron Moth
|-damage|p1a: Iron Moth|66/100
|-resisted|p1a: Iron Moth
|-damage|p1a: Iron Moth|32/100
|-hitcount|p1a: Iron Moth|3
|
|-weather|Snowscape|[upkeep]
|upkeep
|turn|16
|
|t:|1758250320
|move|p2a: Balan|Triple Axel|p1a: Iron Moth
|-resisted|p1a: Iron Moth
|-damage|p1a: Iron Moth|21/100
|-resisted|p1a: Iron Moth
|-damage|p1a: Iron Moth|0 fnt
|faint|p1a: Iron Moth
|-end|p1a: Iron Moth|Quark Drive|[silent]
|-hitcount|p1: Iron Moth|2
|
|-weather|Snowscape|[upkeep]
|upkeep
|
|t:|1758250325
|switch|p1a: Comfey|Comfey, F|43/100
|turn|17
|
|t:|1758250335
|move|p1a: Comfey|Draining Kiss|p2a: Balan
|-damage|p2a: Balan|26/100
|-heal|p1a: Comfey|77/100|[from] drain|[of] p2a: Balan
|-damage|p1a: Comfey|67/100|[from] item: Life Orb
|move|p2a: Balan|Triple Axel|p1a: Comfey
|-damage|p1a: Comfey|48/100
|-damage|p1a: Comfey|14/100
|-hitcount|p1a: Comfey|2
|
|-weather|Snowscape|[upkeep]
|upkeep
|turn|18
|
|t:|1758250347
|switch|p2a: Lewis|Slowking-Galar, F, shiny|100/100
|-damage|p2a: Lewis|88/100|[from] Stealth Rock
|move|p1a: Comfey|Draining Kiss|p2a: Lewis
|-resisted|p2a: Lewis
|-damage|p2a: Lewis|80/100
|-heal|p1a: Comfey|22/100|[from] drain|[of] p2a: Lewis
|-damage|p1a: Comfey|5/100|[from] item: Rocky Helmet|[of] p2a: Lewis
|-damage|p1a: Comfey|0 fnt|[from] item: Life Orb
|faint|p1a: Comfey
|
|-weather|none
|upkeep
|
|t:|1758250352
|switch|p1a: Walking Wake|Walking Wake|100/100
|turn|19
|
|t:|1758250362
|move|p1a: Walking Wake|Hydro Steam|p2a: Lewis
|-damage|p2a: Lewis|56/100
|move|p2a: Lewis|Thunder Wave|p1a: Walking Wake
|-status|p1a: Walking Wake|par
|
|upkeep
|turn|20
|
|t:|1758250370
|move|p1a: Walking Wake|Knock Off|p2a: Lewis
|-supereffective|p2a: Lewis
|-damage|p2a: Lewis|18/100
|-damage|p1a: Walking Wake|84/100 par|[from] item: Rocky Helmet|[of] p2a: Lewis
|-enditem|p2a: Lewis|Rocky Helmet|[from] move: Knock Off|[of] p1a: Walking Wake
|move|p2a: Lewis|Future Sight|p1a: Walking Wake
|-start|p2a: Lewis|move: Future Sight
|
|upkeep
|turn|21
|
|t:|1758250380
|switch|p2a: Lezlie|Primarina, M, shiny|100/100
|-damage|p2a: Lezlie|88/100|[from] Stealth Rock
|move|p1a: Walking Wake|Draco Meteor|p2a: Lezlie
|-immune|p2a: Lezlie
|
|upkeep
|turn|22
|
|t:|1758250387
|move|p2a: Lezlie|Moonblast|p1a: Walking Wake
|-supereffective|p1a: Walking Wake
|-damage|p1a: Walking Wake|11/100 par
|cant|p1a: Walking Wake|par
|
|-end|p1a: Walking Wake|move: Future Sight
|-damage|p1a: Walking Wake|0 fnt
|faint|p1a: Walking Wake
|-end|p1a: Walking Wake|Protosynthesis|[silent]
|upkeep
|
|t:|1758250389
|switch|p1a: Whimsicott|Whimsicott, M|100/100
|turn|23
|
|t:|1758250399
|move|p1a: Whimsicott|Growth|p1a: Whimsicott
|-boost|p1a: Whimsicott|atk|1
|-boost|p1a: Whimsicott|spa|1
|move|p2a: Lezlie|Flip Turn|p1a: Whimsicott
|-resisted|p1a: Whimsicott
|-damage|p1a: Whimsicott|91/100
|
|t:|1758250405
|switch|p2a: Balan|Meowscarada, M, shiny, tera:Ice|26/100|[from] Flip Turn
|-damage|p2a: Balan|1/100|[from] Stealth Rock
|
|upkeep
|turn|24
|
|t:|1758250411
|switch|p1a: Great Tusk|Great Tusk|100/100
|move|p2a: Balan|Triple Axel|p1a: Great Tusk
|-supereffective|p1a: Great Tusk
|-damage|p1a: Great Tusk|83/100
|-hitcount|p1a: Great Tusk|1
|
|upkeep
|turn|25
|
|t:|1758250420
|move|p2a: Balan|Triple Axel|p1a: Great Tusk
|-supereffective|p1a: Great Tusk
|-damage|p1a: Great Tusk|65/100
|-supereffective|p1a: Great Tusk
|-damage|p1a: Great Tusk|31/100
|-supereffective|p1a: Great Tusk
|-damage|p1a: Great Tusk|0 fnt
|faint|p1a: Great Tusk
|-end|p1a: Great Tusk|Protosynthesis|[silent]
|-hitcount|p1: Great Tusk|3
|
|upkeep
|
|t:|1758250423
|switch|p1a: Whimsicott|Whimsicott, M|91/100
|turn|26
|
|t:|1758250431
|-terastallize|p1a: Whimsicott|Ghost
|move|p2a: Balan|Triple Axel|p1a: Whimsicott
|-damage|p1a: Whimsicott|74/100
|-damage|p1a: Whimsicott|38/100
|-crit|p1a: Whimsicott
|-damage|p1a: Whimsicott|0 fnt
|faint|p1a: Whimsicott
|-hitcount|p1: Whimsicott|3
|
|win|KingDangoz5
|raw|barry1234zjy's rating: 1424 &rarr; <strong>1401</strong><br />(-23 for losing)
|raw|KingDangoz5's rating: 1373 &rarr; <strong>1396</strong><br />(+23 for winning)
|l|☆barry1234zjy
|player|p1|
