|j|‽ProjectAster
|j|☆Acle Tepes
|t:|1758289955
|gametype|singles
|player|p1|ProjectAster|elesa|1040
|player|p2|Acle Tepes|blue|1070
|gen|9
|tier|[Gen 9] OU
|rated|
|rule|HP Percentage Mod: HP is shown in percentages
|rule|Endless Battle Clause: Forcing endless battles is banned
|rule|Species Clause: Limit one of each Pokémon
|rule|OHKO Clause: OHKO moves are banned
|rule|Evasion Items Clause: Evasion items are banned
|rule|Evasion Moves Clause: Evasion moves are banned
|rule|Evasion Abilities Clause: Evasion abilities are banned
|rule|Sleep Moves Clause: Sleep-inducing moves are banned
|clearpoke
|poke|p1|Corviknight, M|
|poke|p1|Kyurem|
|poke|p1|Enamorus, F|
|poke|p1|Kingambit, F|
|poke|p1|Mamoswine, F|
|poke|p1|Goodra-Hisui, M|
|poke|p2|Scizor, F|
|poke|p2|Dragonite, M|
|poke|p2|Gengar, M|
|poke|p2|Lucario, M|
|poke|p2|Milotic, F|
|poke|p2|Kleavor, F|
|teampreview
|inactive|Battle timer is ON: inactive players will automatically lose when time's up. (requested by ProjectAster)
|
|t:|1758289970
|teamsize|p1|6
|teamsize|p2|6
|start
|switch|p1a: Goodra|Goodra-Hisui, M|100/100
|switch|p2a: Kleavor|Kleavor, F|100/100
|turn|1
|
|t:|1758289981
|move|p2a: Kleavor|Brick Break|p1a: Goodra
|-supereffective|p1a: Goodra
|-damage|p1a: Goodra|48/100
|move|p1a: Goodra|Flash Cannon|p2a: Kleavor
|-supereffective|p2a: Kleavor
|-damage|p2a: Kleavor|0 fnt
|faint|p2a: Kleavor
|
|upkeep
|
|t:|1758289989
|switch|p2a: Lucario|Lucario, M|100/100
|turn|2
|
|t:|1758289994
|move|p2a: Lucario|Aura Sphere|p1a: Goodra
|-supereffective|p1a: Goodra
|-damage|p1a: Goodra|0 fnt
|faint|p1a: Goodra
|-damage|p2a: Lucario|91/100|[from] item: Life Orb
|
|upkeep
|
|t:|1758289997
|switch|p1a: Enamorus|Enamorus, F|100/100
|turn|3
|
|t:|1758290010
|move|p1a: Enamorus|Mystical Fire|p2a: Lucario
|-supereffective|p2a: Lucario
|-damage|p2a: Lucario|0 fnt
|faint|p2a: Lucario
|
|upkeep
|
|t:|1758290017
|switch|p2a: Scizor|Scizor, F|100/100
|turn|4
|
|t:|1758290021
|move|p2a: Scizor|Bullet Punch|p1a: Enamorus
|-supereffective|p1a: Enamorus
|-damage|p1a: Enamorus|3/100
|move|p1a: Enamorus|Mystical Fire|p2a: Scizor
|-supereffective|p2a: Scizor
|-damage|p2a: Scizor|8/100
|-unboost|p2a: Scizor|spa|1
|
|upkeep
|turn|5
|
|t:|1758290034
|switch|p1a: Corviknight|Corviknight, M|100/100
|-ability|p1a: Corviknight|Pressure
|move|p2a: Scizor|Bullet Punch|p1a: Corviknight
|-resisted|p1a: Corviknight
|-damage|p1a: Corviknight|92/100
|
|-heal|p1a: Corviknight|98/100|[from] item: Leftovers
|upkeep
|turn|6
|
|t:|1758290044
|move|p1a: Corviknight|U-turn|p2a: Scizor
|-resisted|p2a: Scizor
|-damage|p2a: Scizor|2/100
|
|t:|1758290056
|switch|p1a: Mamoswine|Mamoswine, F|100/100|[from] U-turn
|move|p2a: Scizor|Close Combat|p1a: Mamoswine
|-supereffective|p1a: Mamoswine
|-damage|p1a: Mamoswine|16/100
|-unboost|p2a: Scizor|def|1
|-unboost|p2a: Scizor|spd|1
|
|upkeep
|turn|7
|
|t:|1758290065
|move|p1a: Mamoswine|Ice Shard|p2a: Scizor
|-resisted|p2a: Scizor
|-damage|p2a: Scizor|0 fnt
|faint|p2a: Scizor
|
|upkeep
|
|t:|1758290072
|switch|p2a: Milotic|Milotic, F|100/100
|turn|8
|
|t:|1758290080
|switch|p1a: Corviknight|Corviknight, M|98/100
|-ability|p1a: Corviknight|Pressure
|move|p2a: Milotic|Draining Kiss|p1a: Corviknight
|-resisted|p1a: Corviknight
|-damage|p1a: Corviknight|92/100
|
|-heal|p1a: Corviknight|98/100|[from] item: Leftovers
|-status|p2a: Milotic|brn|[from] item: Flame Orb
|upkeep
|turn|9
|
|t:|1758290091
|move|p2a: Milotic|Scald|p1a: Corviknight
|-damage|p1a: Corviknight|71/100
|move|p1a: Corviknight|Brave Bird|p2a: Milotic
|-damage|p2a: Milotic|73/100 brn
|-damage|p1a: Corviknight|63/100|[from] Recoil
|
|-heal|p1a: Corviknight|69/100|[from] item: Leftovers
|-damage|p2a: Milotic|67/100 brn|[from] brn
|upkeep
|turn|10
|
|t:|1758290102
|move|p2a: Milotic|Scald|p1a: Corviknight
|-damage|p1a: Corviknight|41/100
|-status|p1a: Corviknight|brn
|move|p1a: Corviknight|Brave Bird|p2a: Milotic
|-damage|p2a: Milotic|53/100 brn
|-damage|p1a: Corviknight|37/100 brn|[from] Recoil
|
|-heal|p1a: Corviknight|43/100 brn|[from] item: Leftovers
|-damage|p2a: Milotic|47/100 brn|[from] brn
|-damage|p1a: Corviknight|37/100 brn|[from] brn
|upkeep
|turn|11
|
|t:|1758290114
|move|p2a: Milotic|Recover|p2a: Milotic
|-heal|p2a: Milotic|97/100 brn
|move|p1a: Corviknight|Roost|p1a: Corviknight
|-heal|p1a: Corviknight|87/100 brn
|-singleturn|p1a: Corviknight|move: Roost
|
|-heal|p1a: Corviknight|93/100 brn|[from] item: Leftovers
|-damage|p2a: Milotic|91/100 brn|[from] brn
|-damage|p1a: Corviknight|87/100 brn|[from] brn
|upkeep
|turn|12
|
|t:|1758290131
|move|p2a: Milotic|Scald|p1a: Corviknight
|-damage|p1a: Corviknight|54/100 brn
|move|p1a: Corviknight|U-turn|p2a: Milotic
|-damage|p2a: Milotic|86/100 brn
|
|t:|1758290135
|switch|p1a: Kyurem|Kyurem|100/100|[from] U-turn
|-ability|p1a: Kyurem|Pressure
|
|-damage|p2a: Milotic|80/100 brn|[from] brn
|upkeep
|turn|13
|
|t:|1758290145
|move|p1a: Kyurem|Freeze-Dry|p2a: Milotic
|-supereffective|p2a: Milotic
|-damage|p2a: Milotic|31/100 brn
|move|p2a: Milotic|Draining Kiss|p1a: Kyurem
|-supereffective|p1a: Kyurem
|-damage|p1a: Kyurem|75/100
|-heal|p2a: Milotic|54/100 brn|[from] drain|[of] p1a: Kyurem
|
|-damage|p2a: Milotic|48/100 brn|[from] brn
|upkeep
|turn|14
|
|t:|1758290155
|-terastallize|p2a: Milotic|Fairy
|move|p1a: Kyurem|Freeze-Dry|p2a: Milotic
|-damage|p2a: Milotic|21/100 brn
|move|p2a: Milotic|Draining Kiss|p1a: Kyurem
|-supereffective|p1a: Kyurem
|-damage|p1a: Kyurem|26/100
|-heal|p2a: Milotic|65/100 brn|[from] drain|[of] p1a: Kyurem
|
|-damage|p2a: Milotic|59/100 brn|[from] brn
|upkeep
|turn|15
|
|t:|1758290167
|move|p1a: Kyurem|Icicle Spear|p2a: Milotic
|-damage|p2a: Milotic|48/100 brn
|-damage|p2a: Milotic|36/100 brn
|-damage|p2a: Milotic|26/100 brn
|-damage|p2a: Milotic|15/100 brn
|-hitcount|p2a: Milotic|4
|move|p2a: Milotic|Draining Kiss|p1a: Kyurem
|-supereffective|p1a: Kyurem
|-damage|p1a: Kyurem|0 fnt
|-heal|p2a: Milotic|38/100 brn|[from] drain|[of] p1a: Kyurem
|faint|p1a: Kyurem
|
|-damage|p2a: Milotic|32/100 brn|[from] brn
|upkeep
|
|t:|1758290181
|switch|p1a: Enamorus|Enamorus, F|3/100
|turn|16
|
|t:|1758290192
|move|p1a: Enamorus|Healing Wish|p1a: Enamorus
|faint|p1a: Enamorus
|move|p2a: Milotic|Recover|p2a: Milotic
|-heal|p2a: Milotic|82/100 brn
|
|-damage|p2a: Milotic|76/100 brn|[from] brn
|upkeep
|
|t:|1758290200
|switch|p1a: Mamoswine|Mamoswine, F|16/100
|-heal|p1a: Mamoswine|100/100|[from] move: Healing Wish
|turn|17
|
|t:|1758290207
|move|p1a: Mamoswine|Knock Off|p2a: Milotic
|-resisted|p2a: Milotic
|-damage|p2a: Milotic|58/100 brn
|-enditem|p2a: Milotic|Flame Orb|[from] move: Knock Off|[of] p1a: Mamoswine
|move|p2a: Milotic|Draining Kiss|p1a: Mamoswine
|-damage|p1a: Mamoswine|69/100
|-heal|p2a: Milotic|84/100 brn|[from] drain|[of] p1a: Mamoswine
|
|-damage|p2a: Milotic|78/100 brn|[from] brn
|upkeep
|turn|18
|
|t:|1758290217
|switch|p1a: Corviknight|Corviknight, M|54/100 brn
|-ability|p1a: Corviknight|Pressure
|move|p2a: Milotic|Scald|p1a: Corviknight
|-damage|p1a: Corviknight|24/100 brn
|
|-heal|p1a: Corviknight|30/100 brn|[from] item: Leftovers
|-damage|p2a: Milotic|71/100 brn|[from] brn
|-damage|p1a: Corviknight|24/100 brn|[from] brn
|upkeep
|turn|19
|
|t:|1758290228
|move|p2a: Milotic|Scald|p1a: Corviknight
|-damage|p1a: Corviknight|0 fnt
|faint|p1a: Corviknight
|
|-damage|p2a: Milotic|65/100 brn|[from] brn
|upkeep
|
|t:|1758290241
|switch|p1a: Mamoswine|Mamoswine, F|69/100
|turn|20
|
|t:|1758290246
|move|p1a: Mamoswine|Earthquake|p2a: Milotic
|-damage|p2a: Milotic|4/100 brn
|move|p2a: Milotic|Scald|p1a: Mamoswine
|-supereffective|p1a: Mamoswine
|-damage|p1a: Mamoswine|0 fnt
|faint|p1a: Mamoswine
|
|-damage|p2a: Milotic|0 fnt|[from] brn
|faint|p2a: Milotic
|upkeep
|
|t:|1758290259
|switch|p1a: Kingambit|Kingambit, F|100/100
|switch|p2a: Gengar|Gengar, M|100/100
|-activate|p1a: Kingambit|ability: Supreme Overlord
|-start|p1a: Kingambit|fallen5|[silent]
|turn|21
|
|t:|1758290268
|-terastallize|p1a: Kingambit|Ghost
|move|p2a: Gengar|Shadow Ball|p1a: Kingambit
|-supereffective|p1a: Kingambit
|-damage|p1a: Kingambit|10/100
|move|p1a: Kingambit|Swords Dance|p1a: Kingambit
|-boost|p1a: Kingambit|atk|2
|
|-heal|p1a: Kingambit|16/100|[from] item: Leftovers
|upkeep
|turn|22
|
|t:|1758290279
|move|p1a: Kingambit|Sucker Punch|p2a: Gengar
|-supereffective|p2a: Gengar
|-enditem|p2a: Gengar|Focus Sash
|-damage|p2a: Gengar|1/100
|move|p2a: Gengar|Shadow Ball|p1a: Kingambit
|-supereffective|p1a: Kingambit
|-damage|p1a: Kingambit|0 fnt
|faint|p1a: Kingambit
|-end|p1a: Kingambit|fallen5|[silent]
|
|win|Acle Tepes
|raw|ProjectAster's rating: 1040 &rarr; <strong>1025</strong><br />(-15 for losing)
|raw|Acle Tepes's rating: 1070 &rarr; <strong>1097</strong><br />(+27 for winning)
