|j|☆Eight Five
|j|☆shoebat
|t:|1758297473
|gametype|singles
|player|p1|Eight Five|170|1568
|player|p2|shoebat|sage|1531
|gen|9
|tier|[Gen 9] OU
|rated|
|rule|HP Percentage Mod: HP is shown in percentages
|rule|Endless Battle Clause: Forcing endless battles is banned
|rule|Species Clause: Limit one of each Pokémon
|rule|OHKO Clause: OHKO moves are banned
|rule|Evasion Items Clause: Evasion items are banned
|rule|Evasion Moves Clause: Evasion moves are banned
|rule|Evasion Abilities Clause: Evasion abilities are banned
|rule|Sleep Moves Clause: Sleep-inducing moves are banned
|clearpoke
|poke|p1|Iron Treads|
|poke|p1|Landorus-Therian, M|
|poke|p1|Jirachi|
|poke|p1|Chandelure, F|
|poke|p1|Primarina, F|
|poke|p1|Zapdos|
|poke|p2|Skarmory, M|
|poke|p2|Ting-Lu|
|poke|p2|Zamazenta-*|
|poke|p2|Pecharunt|
|poke|p2|Clefable, M|
|poke|p2|Walking Wake|
|teampreview
|inactive|Battle timer is ON: inactive players will automatically lose when time's up. (requested by shoebat)
|
|t:|1758297494
|teamsize|p1|6
|teamsize|p2|6
|start
|switch|p1a: Landorus|Landorus-Therian, M|100/100
|switch|p2a: Clefable|Clefable, M|100/100
|-ability|p1a: Landorus|Intimidate|boost
|-unboost|p2a: Clefable|atk|1
|turn|1
|
|t:|1758297500
|move|p1a: Landorus|Taunt|p2a: Clefable
|-start|p2a: Clefable|move: Taunt
|move|p2a: Clefable|Knock Off|p1a: Landorus
|-damage|p1a: Landorus|89/100
|-enditem|p1a: Landorus|Earth Plate|[from] move: Knock Off|[of] p2a: Clefable
|
|upkeep
|turn|2
|
|t:|1758297504
|move|p1a: Landorus|Earthquake|p2a: Clefable
|-damage|p2a: Clefable|53/100
|move|p2a: Clefable|Moonblast|p1a: Landorus
|-damage|p1a: Landorus|46/100
|-unboost|p1a: Landorus|spa|1
|
|-heal|p2a: Clefable|59/100|[from] item: Leftovers
|upkeep
|turn|3
|
|t:|1758297513
|move|p1a: Landorus|U-turn|p2a: Clefable
|-resisted|p2a: Clefable
|-damage|p2a: Clefable|48/100
|inactive|Eight Five has 120 seconds left.
|
|t:|1758297546
|switch|p1a: Primarina|Primarina, F|100/100|[from] U-turn
|move|p2a: Clefable|Moonblast|p1a: Primarina
|-damage|p1a: Primarina|74/100
|-unboost|p1a: Primarina|spa|1
|
|-heal|p1a: Primarina|80/100|[from] item: Leftovers
|-heal|p2a: Clefable|54/100|[from] item: Leftovers
|-end|p2a: Clefable|move: Taunt
|upkeep
|turn|4
|
|t:|1758297553
|move|p2a: Clefable|Knock Off|p1a: Primarina
|-resisted|p1a: Primarina
|-damage|p1a: Primarina|76/100
|-enditem|p1a: Primarina|Leftovers|[from] move: Knock Off|[of] p2a: Clefable
|move|p1a: Primarina|Calm Mind|p1a: Primarina
|-boost|p1a: Primarina|spa|1
|-boost|p1a: Primarina|spd|1
|
|-heal|p2a: Clefable|60/100|[from] item: Leftovers
|upkeep
|turn|5
|
|t:|1758297560
|switch|p2a: Pecharunt|Pecharunt|100/100
|move|p1a: Primarina|Calm Mind|p1a: Primarina
|-boost|p1a: Primarina|spa|1
|-boost|p1a: Primarina|spd|1
|
|upkeep
|turn|6
|
|t:|1758297567
|-terastallize|p2a: Pecharunt|Dark
|move|p2a: Pecharunt|Malignant Chain|p1a: Primarina
|-supereffective|p1a: Primarina
|-crit|p1a: Primarina
|-damage|p1a: Primarina|4/100
|move|p1a: Primarina|Calm Mind|p1a: Primarina
|-boost|p1a: Primarina|spa|1
|-boost|p1a: Primarina|spd|1
|
|upkeep
|turn|7
|
|t:|1758297584
|switch|p1a: Jirachi|Jirachi|100/100
|move|p2a: Pecharunt|Foul Play|p1a: Jirachi
|-supereffective|p1a: Jirachi
|-damage|p1a: Jirachi|50/100
|
|-heal|p1a: Jirachi|56/100|[from] item: Leftovers
|upkeep
|turn|8
|
|t:|1758297591
|move|p1a: Jirachi|Protect|p1a: Jirachi
|-singleturn|p1a: Jirachi|Protect
|move|p2a: Pecharunt|Foul Play|p1a: Jirachi
|-activate|p1a: Jirachi|move: Protect
|
|-heal|p1a: Jirachi|62/100|[from] item: Leftovers
|upkeep
|turn|9
|
|t:|1758297594
|move|p1a: Jirachi|Wish|p1a: Jirachi
|move|p2a: Pecharunt|Foul Play|p1a: Jirachi
|-supereffective|p1a: Jirachi
|-damage|p1a: Jirachi|14/100
|
|-heal|p1a: Jirachi|21/100|[from] item: Leftovers
|upkeep
|turn|10
|
|t:|1758297606
|switch|p2a: Walking Wake|Walking Wake|100/100
|move|p1a: Jirachi|Protect||[still]
|-fail|p1a: Jirachi
|
|-heal|p1a: Jirachi|71/100|[from] move: Wish|[wisher] Jirachi
|-heal|p1a: Jirachi|77/100|[from] item: Leftovers
|upkeep
|turn|11
|
|t:|1758297610
|move|p2a: Walking Wake|Knock Off|p1a: Jirachi
|-supereffective|p1a: Jirachi
|-damage|p1a: Jirachi|50/100
|-enditem|p1a: Jirachi|Leftovers|[from] move: Knock Off|[of] p2a: Walking Wake
|move|p1a: Jirachi|Wish|p1a: Jirachi
|
|upkeep
|turn|12
|
|t:|1758297619
|-end|p2a: Walking Wake|Protosynthesis|[silent]
|switch|p2a: Ting-Lu|Ting-Lu|100/100
|-ability|p2a: Ting-Lu|Vessel of Ruin
|move|p1a: Jirachi|Doom Desire|p2a: Ting-Lu
|-start|p1a: Jirachi|Doom Desire
|
|-heal|p1a: Jirachi|100/100|[from] move: Wish|[wisher] Jirachi
|upkeep
|turn|13
|
|t:|1758297637
|move|p1a: Jirachi|U-turn|p2a: Ting-Lu
|-supereffective|p2a: Ting-Lu
|-damage|p2a: Ting-Lu|83/100
|
|t:|1758297638
|switch|p1a: Primarina|Primarina, F|4/100|[from] U-turn
|move|p2a: Ting-Lu|Stealth Rock|p1a: Primarina
|-sidestart|p1: Eight Five|move: Stealth Rock
|
|-heal|p2a: Ting-Lu|89/100|[from] item: Leftovers
|upkeep
|turn|14
|
|t:|1758297647
|switch|p2a: Walking Wake|Walking Wake|100/100
|move|p1a: Primarina|Draining Kiss|p2a: Walking Wake
|-supereffective|p2a: Walking Wake
|-damage|p2a: Walking Wake|54/100
|-heal|p1a: Primarina|37/100|[from] drain|[of] p2a: Walking Wake
|
|-end|p2a: Walking Wake|move: Doom Desire
|-resisted|p2a: Walking Wake
|-damage|p2a: Walking Wake|28/100
|upkeep
|turn|15
|
|t:|1758297652
|move|p1a: Primarina|Protect|p1a: Primarina
|-singleturn|p1a: Primarina|Protect
|move|p2a: Walking Wake|Surf|p1a: Primarina
|-activate|p1a: Primarina|move: Protect
|
|upkeep
|turn|16
|
|t:|1758297654
|move|p2a: Walking Wake|Surf|p1a: Primarina
|-resisted|p1a: Primarina
|-damage|p1a: Primarina|17/100
|move|p1a: Primarina|Draining Kiss|p2a: Walking Wake
|-supereffective|p2a: Walking Wake
|-damage|p2a: Walking Wake|0 fnt
|-heal|p1a: Primarina|36/100|[from] drain|[of] p2a: Walking Wake
|faint|p2a: Walking Wake
|-end|p2a: Walking Wake|Protosynthesis|[silent]
|
|upkeep
|
|t:|1758297661
|switch|p2a: Pecharunt|Pecharunt, tera:Dark|100/100
|turn|17
|
|t:|1758297672
|switch|p1a: Iron Treads|Iron Treads|100/100
|-damage|p1a: Iron Treads|97/100|[from] Stealth Rock
|-enditem|p1a: Iron Treads|Booster Energy
|-activate|p1a: Iron Treads|ability: Quark Drive|[fromitem]
|-start|p1a: Iron Treads|quarkdrivespe
|move|p2a: Pecharunt|Malignant Chain|p1a: Iron Treads
|-immune|p1a: Iron Treads
|
|upkeep
|turn|18
|c|☆shoebat|well that was a terrible decision
|c|☆shoebat|should have just switched in clef!
|
|t:|1758297688
|move|p1a: Iron Treads|Rapid Spin|p2a: Pecharunt
|-damage|p2a: Pecharunt|93/100
|-boost|p1a: Iron Treads|spe|1
|-sideend|p1: Eight Five|Stealth Rock|[from] move: Rapid Spin|[of] p1a: Iron Treads
|move|p2a: Pecharunt|Foul Play|p1a: Iron Treads
|-damage|p1a: Iron Treads|54/100
|
|upkeep
|turn|19
|
|t:|1758297695
|move|p1a: Iron Treads|Stealth Rock|p2a: Pecharunt
|-sidestart|p2: shoebat|move: Stealth Rock
|move|p2a: Pecharunt|Foul Play|p1a: Iron Treads
|-damage|p1a: Iron Treads|14/100
|
|upkeep
|turn|20
|
|t:|1758297704
|-end|p1a: Iron Treads|Quark Drive|[silent]
|switch|p1a: Zapdos|Zapdos|100/100
|move|p2a: Pecharunt|Foul Play|p1a: Zapdos
|-damage|p1a: Zapdos|72/100
|
|upkeep
|turn|21
|
|t:|1758297712
|move|p1a: Zapdos|Hurricane|p2a: Pecharunt
|-damage|p2a: Pecharunt|6/100
|move|p2a: Pecharunt|Malignant Chain|p1a: Zapdos
|-damage|p1a: Zapdos|35/100
|-status|p1a: Zapdos|tox
|-start|p1a: Zapdos|confusion|[from] ability: Poison Puppeteer|[of] p2a: Pecharunt
|
|-damage|p1a: Zapdos|29/100 tox|[from] psn
|upkeep
|turn|22
|
|t:|1758297733
|switch|p1a: Chandelure|Chandelure, F|100/100
|move|p2a: Pecharunt|Recover|p2a: Pecharunt
|-heal|p2a: Pecharunt|56/100
|
|upkeep
|turn|23
|
|t:|1758297740
|move|p1a: Chandelure|Fire Blast|p2a: Pecharunt
|-damage|p2a: Pecharunt|0 fnt
|faint|p2a: Pecharunt
|
|upkeep
|
|t:|1758297744
|switch|p2a: Ting-Lu|Ting-Lu|89/100
|-damage|p2a: Ting-Lu|83/100|[from] Stealth Rock
|-ability|p2a: Ting-Lu|Vessel of Ruin
|turn|24
|
|t:|1758297751
|switch|p1a: Primarina|Primarina, F|36/100
|move|p2a: Ting-Lu|Ruination|p1a: Primarina
|-damage|p1a: Primarina|18/100
|
|-heal|p2a: Ting-Lu|89/100|[from] item: Leftovers
|upkeep
|turn|25
|
|t:|1758297755
|move|p1a: Primarina|Draining Kiss|p2a: Ting-Lu
|-supereffective|p2a: Ting-Lu
|-damage|p2a: Ting-Lu|71/100
|-heal|p1a: Primarina|37/100|[from] drain|[of] p2a: Ting-Lu
|move|p2a: Ting-Lu|Earthquake|p1a: Primarina
|-damage|p1a: Primarina|7/100
|
|-heal|p2a: Ting-Lu|78/100|[from] item: Leftovers
|upkeep
|turn|26
|
|t:|1758297768
|move|p1a: Primarina|Psychic Noise|p2a: Ting-Lu
|-supereffective|p2a: Ting-Lu
|-damage|p2a: Ting-Lu|53/100
|-start|p2a: Ting-Lu|move: Heal Block
|move|p2a: Ting-Lu|Stealth Rock|p1a: Primarina
|-sidestart|p1: Eight Five|move: Stealth Rock
|
|upkeep
|turn|27
|
|t:|1758297776
|move|p1a: Primarina|Draining Kiss|p2a: Ting-Lu
|-supereffective|p2a: Ting-Lu
|-damage|p2a: Ting-Lu|36/100
|-heal|p1a: Primarina|26/100|[from] drain|[of] p2a: Ting-Lu
|move|p2a: Ting-Lu|Earthquake|p1a: Primarina
|-damage|p1a: Primarina|0 fnt
|faint|p1a: Primarina
|
|-end|p2a: Ting-Lu|move: Heal Block
|upkeep
|
|t:|1758297785
|switch|p1a: Iron Treads|Iron Treads|14/100
|-damage|p1a: Iron Treads|10/100|[from] Stealth Rock
|turn|28
|
|t:|1758297790
|move|p1a: Iron Treads|Rapid Spin|p2a: Ting-Lu
|-damage|p2a: Ting-Lu|27/100
|-boost|p1a: Iron Treads|spe|1
|-sideend|p1: Eight Five|Stealth Rock|[from] move: Rapid Spin|[of] p1a: Iron Treads
|move|p2a: Ting-Lu|Earthquake|p1a: Iron Treads
|-supereffective|p1a: Iron Treads
|-damage|p1a: Iron Treads|0 fnt
|faint|p1a: Iron Treads
|-end|p1a: Iron Treads|Quark Drive|[silent]
|
|-heal|p2a: Ting-Lu|33/100|[from] item: Leftovers
|upkeep
|
|t:|1758297796
|switch|p1a: Landorus|Landorus-Therian, M|46/100
|-ability|p1a: Landorus|Intimidate|boost
|-unboost|p2a: Ting-Lu|atk|1
|turn|29
|
|t:|1758297799
|switch|p2a: Skarmory|Skarmory, M|100/100
|-damage|p2a: Skarmory|88/100|[from] Stealth Rock
|move|p1a: Landorus|Earthquake|p2a: Skarmory
|-immune|p2a: Skarmory
|
|upkeep
|turn|30
|
|t:|1758297805
|move|p1a: Landorus|Gravity|p1a: Landorus
|-fieldstart|move: Gravity
|move|p2a: Skarmory|Spikes|p1a: Landorus
|-sidestart|p1: Eight Five|Spikes
|
|upkeep
|turn|31
|
|t:|1758297826
|move|p1a: Landorus|Earthquake|p2a: Skarmory
|-supereffective|p2a: Skarmory
|-damage|p2a: Skarmory|18/100
|move|p2a: Skarmory|Brave Bird|p1a: Landorus
|-damage|p1a: Landorus|4/100
|-damage|p2a: Skarmory|4/100|[from] Recoil
|
|upkeep
|turn|32
|
|t:|1758297836
|move|p1a: Landorus|Earthquake|p2a: Skarmory
|-supereffective|p2a: Skarmory
|-damage|p2a: Skarmory|0 fnt
|faint|p2a: Skarmory
|
|upkeep
|
|t:|1758297839
|switch|p2a: Zamazenta|Zamazenta|100/100
|-ability|p2a: Zamazenta|Dauntless Shield|boost
|-boost|p2a: Zamazenta|def|1
|turn|33
|
|t:|1758297849
|move|p2a: Zamazenta|Crunch|p1a: Landorus
|-damage|p1a: Landorus|0 fnt
|faint|p1a: Landorus
|
|upkeep
|
|t:|1758297862
|switch|p1a: Jirachi|Jirachi|100/100
|-damage|p1a: Jirachi|88/100|[from] Spikes
|turn|34
|
|t:|1758297876
|move|p2a: Zamazenta|Crunch|p1a: Jirachi
|-supereffective|p1a: Jirachi
|-damage|p1a: Jirachi|46/100
|move|p1a: Jirachi|Wish|p1a: Jirachi
|
|-fieldend|move: Gravity
|upkeep
|turn|35
|
|t:|1758297892
|switch|p2a: Ting-Lu|Ting-Lu|33/100
|-damage|p2a: Ting-Lu|27/100|[from] Stealth Rock
|-ability|p2a: Ting-Lu|Vessel of Ruin
|move|p1a: Jirachi|Doom Desire|p2a: Ting-Lu
|-start|p1a: Jirachi|Doom Desire
|
|-heal|p1a: Jirachi|96/100|[from] move: Wish|[wisher] Jirachi
|-heal|p2a: Ting-Lu|33/100|[from] item: Leftovers
|upkeep
|turn|36
|
|t:|1758297904
|move|p1a: Jirachi|Wish|p1a: Jirachi
|move|p2a: Ting-Lu|Stealth Rock|p1a: Jirachi
|-sidestart|p1: Eight Five|move: Stealth Rock
|
|-heal|p2a: Ting-Lu|40/100|[from] item: Leftovers
|upkeep
|turn|37
|
|t:|1758297908
|move|p1a: Jirachi|U-turn|p2a: Ting-Lu
|-supereffective|p2a: Ting-Lu
|-damage|p2a: Ting-Lu|24/100
|
|t:|1758297910
|switch|p1a: Zapdos|Zapdos|29/100 tox|[from] U-turn
|-damage|p1a: Zapdos|4/100 tox|[from] Stealth Rock
|move|p2a: Ting-Lu|Ruination|p1a: Zapdos
|-damage|p1a: Zapdos|2/100 tox
|
|-end|p2a: Ting-Lu|move: Doom Desire
|-damage|p2a: Ting-Lu|5/100
|-heal|p1a: Zapdos|65/100 tox|[from] move: Wish|[wisher] Jirachi
|-heal|p2a: Ting-Lu|11/100|[from] item: Leftovers
|-damage|p1a: Zapdos|59/100 tox|[from] psn
|upkeep
|turn|38
|
|t:|1758297928
|move|p1a: Zapdos|Hurricane|p2a: Ting-Lu
|-damage|p2a: Ting-Lu|0 fnt
|faint|p2a: Ting-Lu
|
|-damage|p1a: Zapdos|47/100 tox|[from] psn
|upkeep
|
|t:|1758297940
|switch|p2a: Zamazenta|Zamazenta|100/100
|turn|39
|
|t:|1758297944
|move|p2a: Zamazenta|Stone Edge|p1a: Zapdos
|-supereffective|p1a: Zapdos
|-damage|p1a: Zapdos|0 fnt
|faint|p1a: Zapdos
|
|upkeep
|
|t:|1758297948
|switch|p1a: Jirachi|Jirachi|96/100
|-damage|p1a: Jirachi|84/100|[from] Spikes
|-damage|p1a: Jirachi|77/100|[from] Stealth Rock
|turn|40
|
|t:|1758297957
|move|p2a: Zamazenta|Crunch|p1a: Jirachi
|-supereffective|p1a: Jirachi
|-damage|p1a: Jirachi|36/100
|move|p1a: Jirachi|Wish|p1a: Jirachi
|
|upkeep
|turn|41
|
|t:|1758297962
|move|p1a: Jirachi|Protect|p1a: Jirachi
|-singleturn|p1a: Jirachi|Protect
|move|p2a: Zamazenta|Crunch|p1a: Jirachi
|-activate|p1a: Jirachi|move: Protect
|
|-heal|p1a: Jirachi|86/100|[from] move: Wish|[wisher] Jirachi
|upkeep
|turn|42
|
|t:|1758297965
|move|p2a: Zamazenta|Crunch|p1a: Jirachi
|-supereffective|p1a: Jirachi
|-damage|p1a: Jirachi|44/100
|-unboost|p1a: Jirachi|def|1
|move|p1a: Jirachi|Wish|p1a: Jirachi
|
|upkeep
|turn|43
|inactive|Eight Five has 120 seconds left.
|inactive|Eight Five has 90 seconds left.
|
|t:|1758298029
|-terastallize|p1a: Jirachi|Dark
|move|p2a: Zamazenta|Crunch|p1a: Jirachi
|-resisted|p1a: Jirachi
|-crit|p1a: Jirachi
|-damage|p1a: Jirachi|20/100
|move|p1a: Jirachi|Doom Desire|p2a: Zamazenta
|-start|p1a: Jirachi|Doom Desire
|
|-heal|p1a: Jirachi|70/100|[from] move: Wish|[wisher] Jirachi
|upkeep
|turn|44
|inactive|Eight Five has 90 seconds left.
|
|t:|1758298046
|move|p1a: Jirachi|Protect|p1a: Jirachi
|-singleturn|p1a: Jirachi|Protect
|move|p2a: Zamazenta|Close Combat|p1a: Jirachi
|-activate|p1a: Jirachi|move: Protect
|
|upkeep
|turn|45
|inactive|Eight Five has 90 seconds left.
|
|t:|1758298059
|switch|p1a: Chandelure|Chandelure, F|100/100
|-damage|p1a: Chandelure|88/100|[from] Spikes
|-damage|p1a: Chandelure|63/100|[from] Stealth Rock
|move|p2a: Zamazenta|Stone Edge|p1a: Chandelure
|-supereffective|p1a: Chandelure
|-damage|p1a: Chandelure|0 fnt
|faint|p1a: Chandelure
|
|-end|p2a: Zamazenta|move: Doom Desire
|-damage|p2a: Zamazenta|60/100
|upkeep
|
|t:|1758298063
|switch|p1a: Jirachi|Jirachi, tera:Dark|70/100
|-damage|p1a: Jirachi|58/100|[from] Spikes
|-damage|p1a: Jirachi|45/100|[from] Stealth Rock
|turn|46
|-message|Eight Five forfeited.
|
|win|shoebat
|raw|Eight Five's rating: 1568 &rarr; <strong>1546</strong><br />(-22 for losing)
|raw|shoebat's rating: 1531 &rarr; <strong>1553</strong><br />(+22 for winning)
|l|☆Eight Five
|player|p1|
|l|☆shoebat
|player|p2|
