|j|‽squigglybuff
|j|☆Buttologist
|t:|1758256169
|gametype|singles
|player|p1|squigglybuff|169|1354
|player|p2|Buttologist|beauty-gen6xy|1317
|gen|9
|tier|[Gen 9] OU
|rated|
|rule|HP Percentage Mod: HP is shown in percentages
|rule|Endless Battle Clause: Forcing endless battles is banned
|rule|Species Clause: Limit one of each Pokémon
|rule|OHKO Clause: OHKO moves are banned
|rule|Evasion Items Clause: Evasion items are banned
|rule|Evasion Moves Clause: Evasion moves are banned
|rule|Evasion Abilities Clause: Evasion abilities are banned
|rule|Sleep Moves Clause: Sleep-inducing moves are banned
|clearpoke
|poke|p1|Araquanid, M|
|poke|p1|Hoopa-Unbound|
|poke|p1|Enamorus, F|
|poke|p1|Gholdengo|
|poke|p1|Tornadus-Therian, M|
|poke|p1|Raging Bolt|
|poke|p2|Hariyama, M|
|poke|p2|Meowscarada, F|
|poke|p2|Clodsire, M|
|poke|p2|Raging Bolt|
|poke|p2|Corviknight, F|
|poke|p2|Scream Tail|
|teampreview
|inactive|Battle timer is ON: inactive players will automatically lose when time's up. (requested by Buttologist)
|inactive|Buttologist has 120 seconds left.
|
|t:|1758256228
|teamsize|p1|6
|teamsize|p2|6
|start
|switch|p1a: Araquanid|Araquanid, M|100/100
|switch|p2a: Raging Bolt|Raging Bolt|100/100
|turn|1
|
|t:|1758256257
|move|p1a: Araquanid|Endure|p1a: Araquanid
|-singleturn|p1a: Araquanid|move: Endure
|move|p2a: Raging Bolt|Discharge|p1a: Araquanid
|-supereffective|p1a: Araquanid
|-damage|p1a: Araquanid|26/100
|
|upkeep
|turn|2
|
|t:|1758256266
|switch|p1a: Raging Bolt|Raging Bolt|100/100
|-enditem|p1a: Raging Bolt|Booster Energy
|-activate|p1a: Raging Bolt|ability: Protosynthesis|[fromitem]
|-start|p1a: Raging Bolt|protosynthesisspa
|move|p2a: Raging Bolt|Thunderclap||[still]
|-fail|p2a: Raging Bolt
|
|upkeep
|turn|3
|
|t:|1758256277
|-terastallize|p1a: Raging Bolt|Fairy
|-terastallize|p2a: Raging Bolt|Ice
|move|p1a: Raging Bolt|Dragon Pulse|p2a: Raging Bolt
|-damage|p2a: Raging Bolt|60/100
|move|p2a: Raging Bolt|Tera Blast|p1a: Raging Bolt|[anim] Tera Blast Ice
|-damage|p1a: Raging Bolt|56/100
|
|upkeep
|turn|4
|
|t:|1758256286
|-end|p2a: Raging Bolt|Protosynthesis|[silent]
|switch|p2a: Scream Tail|Scream Tail|100/100
|move|p1a: Raging Bolt|Thunderbolt|p2a: Scream Tail
|-damage|p2a: Scream Tail|47/100
|
|-heal|p2a: Scream Tail|54/100|[from] item: Leftovers
|upkeep
|turn|5
|
|t:|1758256295
|-end|p1a: Raging Bolt|Protosynthesis|[silent]
|switch|p1a: Araquanid|Araquanid, M|26/100
|move|p2a: Scream Tail|Protect||[still]
|-fail|p2a: Scream Tail
|
|-heal|p2a: Scream Tail|60/100|[from] item: Leftovers
|upkeep
|turn|6
|
|t:|1758256299
|move|p2a: Scream Tail|Wish|p2a: Scream Tail
|move|p1a: Araquanid|Sticky Web|p2a: Scream Tail
|-sidestart|p2: Buttologist|move: Sticky Web
|
|-heal|p2a: Scream Tail|66/100|[from] item: Leftovers
|upkeep
|turn|7
|
|t:|1758256303
|move|p2a: Scream Tail|Encore|p1a: Araquanid
|-start|p1a: Araquanid|Encore
|move|p1a: Araquanid|Sticky Web||[still]
|-fail|p1a: Araquanid
|
|-heal|p2a: Scream Tail|100/100|[from] move: Wish|[wisher] Scream Tail
|upkeep
|turn|8
|
|t:|1758256308
|-end|p2a: Scream Tail|Protosynthesis|[silent]
|switch|p2a: Corviknight|Corviknight, F|100/100
|-ability|p2a: Corviknight|Pressure
|switch|p1a: Gholdengo|Gholdengo|100/100
|-item|p1a: Gholdengo|Air Balloon
|
|upkeep
|turn|9
|
|t:|1758256313
|switch|p1a: Raging Bolt|Raging Bolt, tera:Fairy|56/100
|move|p2a: Corviknight|Brave Bird|p1a: Raging Bolt
|-damage|p1a: Raging Bolt|21/100
|-damage|p2a: Corviknight|89/100|[from] Recoil
|
|upkeep
|turn|10
|
|t:|1758256321
|switch|p2a: Clodsire|Clodsire, M|100/100
|-activate|p2a: Clodsire|move: Sticky Web
|-unboost|p2a: Clodsire|spe|1
|move|p1a: Raging Bolt|Thunderbolt|p2a: Clodsire
|-immune|p2a: Clodsire
|
|upkeep
|turn|11
|
|t:|1758256332
|-end|p1a: Raging Bolt|Protosynthesis|[silent]
|switch|p1a: Gholdengo|Gholdengo|100/100
|-item|p1a: Gholdengo|Air Balloon
|switch|p2a: Hariyama|Hariyama, M|100/100
|-activate|p2a: Hariyama|move: Sticky Web
|-unboost|p2a: Hariyama|spe|1
|
|-status|p2a: Hariyama|brn|[from] item: Flame Orb
|upkeep
|turn|12
|
|t:|1758256341
|move|p2a: Hariyama|Bullet Punch|p1a: Gholdengo
|-resisted|p1a: Gholdengo
|-damage|p1a: Gholdengo|89/100
|-enditem|p1a: Gholdengo|Air Balloon
|move|p1a: Gholdengo|Nasty Plot|p1a: Gholdengo
|-boost|p1a: Gholdengo|spa|2
|
|-damage|p2a: Hariyama|94/100 brn|[from] brn
|upkeep
|turn|13
|
|t:|1758256346
|move|p1a: Gholdengo|Shadow Ball|p2a: Hariyama
|-damage|p2a: Hariyama|11/100 brn
|move|p2a: Hariyama|Headlong Rush|p1a: Gholdengo
|-supereffective|p1a: Gholdengo
|-damage|p1a: Gholdengo|0 fnt
|-unboost|p2a: Hariyama|def|1
|-unboost|p2a: Hariyama|spd|1
|faint|p1a: Gholdengo
|
|-damage|p2a: Hariyama|5/100 brn|[from] brn
|upkeep
|
|t:|1758256355
|switch|p1a: Raging Bolt|Raging Bolt, tera:Fairy|21/100
|turn|14
|
|t:|1758256359
|move|p1a: Raging Bolt|Thunderclap|p2a: Hariyama
|-damage|p2a: Hariyama|0 fnt
|faint|p2a: Hariyama
|
|upkeep
|
|t:|1758256368
|switch|p2a: Clodsire|Clodsire, M|100/100
|-activate|p2a: Clodsire|move: Sticky Web
|-unboost|p2a: Clodsire|spe|1
|turn|15
|
|t:|1758256388
|-end|p1a: Raging Bolt|Protosynthesis|[silent]
|switch|p1a: Tornadus|Tornadus-Therian, M|100/100
|move|p2a: Clodsire|Toxic|p1a: Tornadus
|-status|p1a: Tornadus|tox
|
|-damage|p1a: Tornadus|94/100 tox|[from] psn
|upkeep
|turn|16
|
|t:|1758256394
|switch|p1a: Araquanid|Araquanid, M|26/100
|switch|p2a: Corviknight|Corviknight, F|89/100
|-ability|p2a: Corviknight|Pressure
|
|upkeep
|turn|17
|
|t:|1758256400
|move|p1a: Araquanid|Endure|p1a: Araquanid
|-singleturn|p1a: Araquanid|move: Endure
|move|p2a: Corviknight|Brave Bird|p1a: Araquanid
|-supereffective|p1a: Araquanid
|-activate|p1a: Araquanid|move: Endure
|-damage|p1a: Araquanid|1/100
|-damage|p2a: Corviknight|81/100|[from] Recoil
|
|upkeep
|turn|18
|-enditem|p1a: Araquanid|Custap Berry|[eat]
|-activate|p1a: Araquanid|item: Custap Berry|[consumed]
|
|t:|1758256412
|move|p1a: Araquanid|Endeavor|p2a: Corviknight
|-damage|p2a: Corviknight|1/100
|-damage|p1a: Araquanid|0 fnt|[from] item: Rocky Helmet|[of] p2a: Corviknight
|faint|p1a: Araquanid
|move|p2a: Corviknight|Defog|p1: Araquanid|[notarget]
|-fail|p2a: Corviknight
|
|upkeep
|
|t:|1758256432
|switch|p1a: Hoopa|Hoopa-Unbound|100/100
|turn|19
|
|t:|1758256442
|move|p1a: Hoopa|Dark Pulse|p2a: Corviknight
|-damage|p2a: Corviknight|0 fnt
|faint|p2a: Corviknight
|-damage|p1a: Hoopa|91/100|[from] item: Life Orb
|
|upkeep
|
|t:|1758256447
|switch|p2a: Scream Tail|Scream Tail|100/100
|-activate|p2a: Scream Tail|move: Sticky Web
|-unboost|p2a: Scream Tail|spe|1
|turn|20
|l|‽squigglybuff
|inactive|squigglybuff disconnected and has a minute to reconnect!
|player|p1|
|inactive|squigglybuff has 30 seconds to reconnect!
|inactive|squigglybuff has 20 seconds to reconnect!
|inactive|squigglybuff has 15 seconds to reconnect!
|inactive|squigglybuff has 10 seconds to reconnect!
|inactive|squigglybuff has 5 seconds to reconnect!
|-message|squigglybuff lost due to inactivity.
|
|win|Buttologist
|raw|squigglybuff's rating: 1354 &rarr; <strong>1332</strong><br />(-22 for losing)
|raw|Buttologist's rating: 1317 &rarr; <strong>1339</strong><br />(+22 for winning)
|l|☆Buttologist
|player|p2|
