|j|☆gggfff5
|j|☆caijin
|t:|1758354097
|gametype|singles
|player|p1|gggfff5|101|1000
|player|p2|caijin|bianca|1058
|gen|9
|tier|[Gen 9] OU
|rated|
|rule|HP Percentage Mod: HP is shown in percentages
|rule|Endless Battle Clause: Forcing endless battles is banned
|rule|Species Clause: Limit one of each Pokémon
|rule|OHKO Clause: OHKO moves are banned
|rule|Evasion Items Clause: Evasion items are banned
|rule|Evasion Moves Clause: Evasion moves are banned
|rule|Evasion Abilities Clause: Evasion abilities are banned
|rule|Sleep Moves Clause: Sleep-inducing moves are banned
|clearpoke
|poke|p1|Dondozo, M|
|poke|p1|Gengar, F|
|poke|p1|Zamazenta-*|
|poke|p1|Dragonite, F|
|poke|p1|Araquanid, F|
|poke|p1|Barraskewda, F|
|poke|p2|Serperior, F|
|poke|p2|Meowstic, M|
|poke|p2|Chandelure, M|
|poke|p2|Pawmot, F|
|poke|p2|Noivern, M|
|poke|p2|Florges-Blue, F|
|teampreview
|inactive|Battle timer is ON: inactive players will automatically lose when time's up. (requested by caijin)
|
|t:|1758354100
|teamsize|p1|6
|teamsize|p2|6
|start
|switch|p1a: Araquanid|Araquanid, F|100/100
|switch|p2a: Mirror|Meowstic, M|100/100
|turn|1
|
|t:|1758354114
|move|p2a: Mirror|Thunder Wave|p1a: Araquanid
|-status|p1a: Araquanid|par
|move|p1a: Araquanid|Sticky Web|p2a: Mirror
|-sidestart|p2: caijin|move: Sticky Web
|
|upkeep
|turn|2
|l|☆caijin
|inactive|caijin disconnected and has a minute to reconnect!
|player|p2|
|j|☆caijin
|inactive|caijin reconnected and has 130 seconds left.
|player|p2|caijin|bianca|
|
|t:|1758354141
|move|p2a: Mirror|Reflect|p2a: Mirror
|-sidestart|p2: caijin|Reflect
|move|p1a: Araquanid|Mirror Coat||[still]
|-fail|p1a: Araquanid
|
|upkeep
|turn|3
|
|t:|1758354149
|switch|p2a: Camellia|Serperior, F|100/100
|-activate|p2a: Camellia|move: Sticky Web
|-unboost|p2a: Camellia|spe|1
|move|p1a: Araquanid|Giga Drain|p2a: Camellia
|-resisted|p2a: Camellia
|-damage|p2a: Camellia|95/100
|
|upkeep
|turn|4
|
|t:|1758354158
|move|p2a: Camellia|Coil|p2a: Camellia
|-boost|p2a: Camellia|atk|1
|-boost|p2a: Camellia|def|1
|-boost|p2a: Camellia|accuracy|1
|move|p1a: Araquanid|Endeavor|p2a: Camellia
|-immune|p2a: Camellia
|
|upkeep
|turn|5
|
|t:|1758354169
|move|p2a: Camellia|Coil|p2a: Camellia
|-boost|p2a: Camellia|atk|1
|-boost|p2a: Camellia|def|1
|-boost|p2a: Camellia|accuracy|1
|move|p1a: Araquanid|Giga Drain|p2a: Camellia
|-resisted|p2a: Camellia
|-damage|p2a: Camellia|90/100
|
|upkeep
|turn|6
|
|t:|1758354181
|move|p2a: Camellia|Coil|p2a: Camellia
|-boost|p2a: Camellia|atk|1
|-boost|p2a: Camellia|def|1
|-boost|p2a: Camellia|accuracy|1
|cant|p1a: Araquanid|par
|
|upkeep
|turn|7
|l|☆caijin
|inactive|caijin disconnected and has a minute to reconnect!
|player|p2|
|j|☆caijin
|inactive|caijin reconnected and has 115 seconds left.
|player|p2|caijin|bianca|
|
|t:|1758354221
|move|p2a: Camellia|Scale Shot|p1a: Araquanid
|-damage|p1a: Araquanid|86/100 par
|-damage|p1a: Araquanid|72/100 par
|-damage|p1a: Araquanid|57/100 par
|-damage|p1a: Araquanid|42/100 par
|-damage|p1a: Araquanid|28/100 par
|-hitcount|p1a: Araquanid|5
|-unboost|p2a: Camellia|def|1
|-boost|p2a: Camellia|spe|1
|move|p1a: Araquanid|Giga Drain|p2a: Camellia
|-resisted|p2a: Camellia
|-damage|p2a: Camellia|85/100
|-heal|p1a: Araquanid|31/100 par|[from] drain|[of] p2a: Camellia
|
|-heal|p1a: Araquanid|37/100 par|[from] item: Leftovers
|upkeep
|turn|8
|
|t:|1758354245
|move|p2a: Camellia|Coil|p2a: Camellia
|-boost|p2a: Camellia|atk|1
|-boost|p2a: Camellia|def|1
|-boost|p2a: Camellia|accuracy|1
|move|p1a: Araquanid|Endeavor|p2a: Camellia
|-damage|p2a: Camellia|40/100
|
|-heal|p1a: Araquanid|43/100 par|[from] item: Leftovers
|upkeep
|turn|9
|
|t:|1758354255
|move|p2a: Camellia|Scale Shot|p1a: Araquanid
|-damage|p1a: Araquanid|25/100 par
|-damage|p1a: Araquanid|7/100 par
|-damage|p1a: Araquanid|0 fnt
|faint|p1a: Araquanid
|-hitcount|p1: Araquanid|3
|-unboost|p2a: Camellia|def|1
|-boost|p2a: Camellia|spe|1
|
|-sideend|p2: caijin|Reflect
|upkeep
|
|t:|1758354270
|switch|p1a: Gengar|Gengar, F, shiny|100/100
|turn|10
|inactive|caijin has 120 seconds left.
|
|t:|1758354281
|move|p2a: Camellia|Bullet Seed|p1a: Gengar
|-resisted|p1a: Gengar
|-damage|p1a: Gengar|71/100
|-start|p2a: Camellia|Disable|Bullet Seed|[from] ability: Cursed Body|[of] p1a: Gengar
|-resisted|p1a: Gengar
|-damage|p1a: Gengar|43/100
|-resisted|p1a: Gengar
|-damage|p1a: Gengar|18/100
|-resisted|p1a: Gengar
|-damage|p1a: Gengar|0 fnt
|faint|p1a: Gengar
|-hitcount|p1: Gengar|4
|
|upkeep
|inactive|gggfff5 has 120 seconds left.
|
|t:|1758354296
|switch|p1a: Dragonite|Dragonite, F, shiny|100/100
|turn|11
|
|t:|1758354301
|-terastallize|p1a: Dragonite|Normal
|move|p1a: Dragonite|Extreme Speed|p2a: Camellia
|-damage|p2a: Camellia|13/100
|move|p2a: Camellia|Scale Shot|p1a: Dragonite
|-damage|p1a: Dragonite|92/100
|-damage|p1a: Dragonite|75/100
|-damage|p1a: Dragonite|56/100
|-damage|p1a: Dragonite|39/100
|-hitcount|p1a: Dragonite|4
|-unboost|p2a: Camellia|def|1
|-boost|p2a: Camellia|spe|1
|
|upkeep
|turn|12
|
|t:|1758354318
|move|p1a: Dragonite|Extreme Speed|p2a: Camellia
|-damage|p2a: Camellia|0 fnt
|faint|p2a: Camellia
|
|upkeep
|
|t:|1758354325
|switch|p2a: Mirror|Meowstic, M|100/100
|-activate|p2a: Mirror|move: Sticky Web
|-unboost|p2a: Mirror|spe|1
|turn|13
|
|t:|1758354335
|move|p2a: Mirror|Thunder Wave|p1a: Dragonite
|-status|p1a: Dragonite|par
|move|p1a: Dragonite|Dragon Dance|p1a: Dragonite
|-boost|p1a: Dragonite|atk|1
|-boost|p1a: Dragonite|spe|1
|
|upkeep
|turn|14
|
|t:|1758354343
|move|p2a: Mirror|Reflect|p2a: Mirror
|-sidestart|p2: caijin|Reflect
|move|p1a: Dragonite|Dragon Claw|p2a: Mirror
|-damage|p2a: Mirror|59/100
|
|upkeep
|turn|15
|
|t:|1758354352
|move|p2a: Mirror|Psychic|p1a: Dragonite
|-damage|p1a: Dragonite|12/100 par
|move|p1a: Dragonite|Dragon Claw|p2a: Mirror
|-damage|p2a: Mirror|20/100
|
|upkeep
|turn|16
|
|t:|1758354364
|move|p1a: Dragonite|Extreme Speed|p2a: Mirror
|-damage|p2a: Mirror|0 fnt
|faint|p2a: Mirror
|
|upkeep
|
|t:|1758354370
|switch|p2a: Misty|Noivern, M|100/100
|turn|17
|
|t:|1758354376
|move|p2a: Misty|Defog|p1a: Dragonite
|-unboost|p1a: Dragonite|evasion|1
|-sideend|p2: caijin|Sticky Web|[from] move: Defog|[of] p2a: Misty
|cant|p1a: Dragonite|par
|
|upkeep
|turn|18
|
|t:|1758354383
|move|p1a: Dragonite|Protect|p1a: Dragonite
|-singleturn|p1a: Dragonite|Protect
|move|p2a: Misty|Boomburst|p1a: Dragonite
|-activate|p1a: Dragonite|move: Protect
|
|upkeep
|turn|19
|
|t:|1758354412
|move|p1a: Dragonite|Extreme Speed|p2a: Misty
|-damage|p2a: Misty|55/100
|move|p2a: Misty|Boomburst|p1a: Dragonite
|-damage|p1a: Dragonite|0 fnt
|faint|p1a: Dragonite
|
|upkeep
|
|t:|1758354424
|switch|p1a: Zamazenta|Zamazenta|100/100
|-ability|p1a: Zamazenta|Dauntless Shield|boost
|-boost|p1a: Zamazenta|def|1
|turn|20
|
|t:|1758354430
|move|p1a: Zamazenta|Play Rough|p2a: Misty
|-supereffective|p2a: Misty
|-damage|p2a: Misty|19/100
|-unboost|p2a: Misty|atk|1
|move|p2a: Misty|Whirlwind|p1a: Zamazenta
|drag|p1a: Barraskewda|Barraskewda, F, shiny|100/100
|
|upkeep
|turn|21
|
|t:|1758354448
|move|p2a: Misty|Boomburst|p1a: Barraskewda
|-damage|p1a: Barraskewda|16/100
|move|p1a: Barraskewda|Flip Turn|p2a: Misty
|-resisted|p2a: Misty
|-damage|p2a: Misty|4/100
|-damage|p1a: Barraskewda|6/100|[from] item: Life Orb
|
|t:|1758354459
|switch|p1a: Dondozo|Dondozo, M|100/100|[from] Flip Turn
|
|-sideend|p2: caijin|Reflect
|upkeep
|turn|22
|
|t:|1758354475
|move|p2a: Misty|Draco Meteor|p1a: Dondozo|[miss]
|-miss|p2a: Misty|p1a: Dondozo
|move|p1a: Dondozo|Aqua Tail|p2a: Misty
|-resisted|p2a: Misty
|-damage|p2a: Misty|0 fnt
|faint|p2a: Misty
|
|upkeep
|inactive|caijin has 120 seconds left.
|
|t:|1758354491
|switch|p2a: Apricot|Pawmot, F|100/100
|turn|23
|
|t:|1758354495
|-terastallize|p2a: Apricot|Electric
|move|p2a: Apricot|Double Shock|p1a: Dondozo
|-supereffective|p1a: Dondozo
|-crit|p1a: Dondozo
|-damage|p1a: Dondozo|0 fnt
|-start|p2a: Apricot|typechange|Electric|[from] move: Double Shock
|-damage|p2a: Apricot|84/100|[from] item: Rocky Helmet|[of] p1a: Dondozo
|faint|p1a: Dondozo
|
|upkeep
|
|t:|1758354504
|switch|p1a: Barraskewda|Barraskewda, F, shiny|6/100
|turn|24
|
|t:|1758354508
|move|p2a: Apricot|Mach Punch|p1a: Barraskewda
|-damage|p1a: Barraskewda|0 fnt
|faint|p1a: Barraskewda
|
|upkeep
|
|t:|1758354513
|switch|p1a: Zamazenta|Zamazenta|100/100
|turn|25
|
|t:|1758354521
|move|p2a: Apricot|Double Shock|p1a: Zamazenta
|-damage|p1a: Zamazenta|38/100
|-start|p2a: Apricot|typechange|Electric|[from] move: Double Shock
|-damage|p2a: Apricot|68/100|[from] item: Rocky Helmet|[of] p1a: Zamazenta
|move|p1a: Zamazenta|Roar|p2a: Apricot
|drag|p2a: Shyouko|Chandelure, M|100/100
|
|upkeep
|turn|26
|
|t:|1758354540
|move|p2a: Shyouko|Overheat|p1a: Zamazenta
|-damage|p1a: Zamazenta|0 fnt
|-unboost|p2a: Shyouko|spa|2
|faint|p1a: Zamazenta
|-damage|p2a: Shyouko|91/100|[from] item: Life Orb
|
|win|caijin
|raw|gggfff5's rating: 1000 &rarr; <strong>1000</strong><br />(+0 for losing)
|raw|caijin's rating: 1058 &rarr; <strong>1084</strong><br />(+26 for winning)
|l|☆gggfff5
|player|p1|
