|j|☆Chumbagalaa
|j|☆queu de moi
|t:|1758352519
|gametype|singles
|player|p1|Chumbagalaa|169|1054
|player|p2|queu de moi|266|1067
|gen|9
|tier|[Gen 9] OU
|rated|
|rule|HP Percentage Mod: HP is shown in percentages
|rule|Endless Battle Clause: Forcing endless battles is banned
|rule|Species Clause: Limit one of each Pokémon
|rule|OHKO Clause: OHKO moves are banned
|rule|Evasion Items Clause: Evasion items are banned
|rule|Evasion Moves Clause: Evasion moves are banned
|rule|Evasion Abilities Clause: Evasion abilities are banned
|rule|Sleep Moves Clause: Sleep-inducing moves are banned
|clearpoke
|poke|p1|Ceruledge, F|
|poke|p1|Delibird, L1, M|
|poke|p1|Gliscor, F|
|poke|p1|Scizor, M|
|poke|p1|Sinistcha-Masterpiece|
|poke|p1|Deoxys-Speed|
|poke|p2|Toxapex, F|
|poke|p2|Scizor, F|
|poke|p2|Kingambit, F|
|poke|p2|Iron Moth|
|poke|p2|Ditto|
|poke|p2|Cloyster, F|
|teampreview
|
|t:|1758352530
|teamsize|p1|6
|teamsize|p2|6
|start
|switch|p1a: Delibird|Delibird, L1, M|100/100
|switch|p2a: Cloyster|Cloyster, F, shiny|100/100
|turn|1
|
|t:|1758352536
|move|p1a: Delibird|Fake Out|p2a: Cloyster
|-damage|p2a: Cloyster|99/100
|cant|p2a: Cloyster|flinch
|
|upkeep
|turn|2
|inactive|Battle timer is ON: inactive players will automatically lose when time's up. (requested by Chumbagalaa)
|inactive|queu de moi also wants the timer to be on.
|inactive|queu de moi has 120 seconds left.
|
|t:|1758352600
|move|p2a: Cloyster|Shell Smash|p2a: Cloyster
|-unboost|p2a: Cloyster|def|1
|-unboost|p2a: Cloyster|spd|1
|-boost|p2a: Cloyster|atk|2
|-boost|p2a: Cloyster|spa|2
|-boost|p2a: Cloyster|spe|2
|move|p1a: Delibird|Endeavor|p2a: Cloyster
|-damage|p2a: Cloyster|5/100
|
|upkeep
|turn|3
|
|t:|1758352612
|move|p2a: Cloyster|Rock Blast|p1a: Delibird
|-supereffective|p1a: Delibird
|-enditem|p1a: Delibird|Focus Sash
|-damage|p1a: Delibird|9/100
|-supereffective|p1a: Delibird
|-damage|p1a: Delibird|0 fnt
|faint|p1a: Delibird
|-hitcount|p1: Delibird|2
|
|upkeep
|
|t:|1758352620
|switch|p1a: Ceruledge|Ceruledge, F|100/100
|turn|4
|
|t:|1758352623
|move|p1a: Ceruledge|Shadow Sneak|p2a: Cloyster
|-damage|p2a: Cloyster|0 fnt
|faint|p2a: Cloyster
|
|upkeep
|
|t:|1758352629
|switch|p2a: Toxapex|Toxapex, F, shiny|100/100
|turn|5
|
|t:|1758352633
|move|p1a: Ceruledge|Shadow Sneak|p2a: Toxapex
|-damage|p2a: Toxapex|75/100
|move|p2a: Toxapex|Toxic Spikes|p1a: Ceruledge
|-sidestart|p1: Chumbagalaa|move: Toxic Spikes
|
|-heal|p2a: Toxapex|81/100|[from] item: Black Sludge
|upkeep
|turn|6
|
|t:|1758352643
|-terastallize|p2a: Toxapex|Normal
|move|p1a: Ceruledge|Shadow Sneak|p2a: Toxapex
|-immune|p2a: Toxapex
|move|p2a: Toxapex|Toxic|p1a: Ceruledge
|-status|p1a: Ceruledge|tox
|
|-damage|p2a: Toxapex|69/100|[from] item: Black Sludge
|-damage|p1a: Ceruledge|94/100 tox|[from] psn
|upkeep
|turn|7
|
|t:|1758352661
|switch|p1a: Sinistcha|Sinistcha-Masterpiece|100/100
|-status|p1a: Sinistcha|psn
|switch|p2a: Iron Moth|Iron Moth|100/100
|-enditem|p2a: Iron Moth|Booster Energy
|-activate|p2a: Iron Moth|ability: Quark Drive|[fromitem]
|-start|p2a: Iron Moth|quarkdrivespa
|
|-damage|p1a: Sinistcha|88/100 psn|[from] psn
|upkeep
|turn|8
|
|t:|1758352677
|move|p2a: Iron Moth|Fiery Dance|p1a: Sinistcha
|-supereffective|p1a: Sinistcha
|-damage|p1a: Sinistcha|0 fnt
|faint|p1a: Sinistcha
|
|upkeep
|
|t:|1758352683
|switch|p1a: Gliscor|Gliscor, F|100/100
|turn|9
|
|t:|1758352689
|move|p1a: Gliscor|Earthquake|p2a: Iron Moth
|-supereffective|p2a: Iron Moth
|-damage|p2a: Iron Moth|0 fnt
|faint|p2a: Iron Moth
|-end|p2a: Iron Moth|Quark Drive|[silent]
|
|-status|p1a: Gliscor|tox|[from] item: Toxic Orb
|upkeep
|
|t:|1758352714
|switch|p2a: Toxapex|Toxapex, F, shiny, tera:Normal|100/100
|turn|10
|
|t:|1758352721
|move|p1a: Gliscor|Crabhammer|p2a: Toxapex
|-damage|p2a: Toxapex|77/100
|move|p2a: Toxapex|Poison Jab|p1a: Gliscor
|-resisted|p1a: Gliscor
|-crit|p1a: Gliscor
|-damage|p1a: Gliscor|87/100 tox
|
|-damage|p2a: Toxapex|65/100|[from] item: Black Sludge
|-heal|p1a: Gliscor|99/100 tox|[from] ability: Poison Heal
|upkeep
|turn|11
|
|t:|1758352736
|switch|p1a: Ceruledge|Ceruledge, F|94/100 tox
|switch|p2a: Kingambit|Kingambit, F|100/100
|-activate|p2a: Kingambit|ability: Supreme Overlord
|-start|p2a: Kingambit|fallen2|[silent]
|
|-damage|p1a: Ceruledge|88/100 tox|[from] psn
|upkeep
|turn|12
|inactive|queu de moi has 120 seconds left.
|
|t:|1758352763
|move|p1a: Ceruledge|Brick Break|p2a: Kingambit
|-supereffective|p2a: Kingambit
|-damage|p2a: Kingambit|0 fnt
|faint|p2a: Kingambit
|-end|p2a: Kingambit|fallen2|[silent]
|
|-damage|p1a: Ceruledge|76/100 tox|[from] psn
|upkeep
|inactive|queu de moi has 120 seconds left.
|
|t:|1758352774
|switch|p2a: Ditto|Ditto|100/100
|-transform|p2a: Ditto|p1a: Ceruledge|[from] ability: Imposter
|turn|13
|inactive|queu de moi has 120 seconds left.
|
|t:|1758352788
|switch|p1a: Gliscor|Gliscor, F|99/100 tox
|move|p2a: Ditto|Night Slash|p1a: Gliscor
|-damage|p1a: Gliscor|77/100 tox
|
|-heal|p1a: Gliscor|89/100 tox|[from] ability: Poison Heal
|upkeep
|turn|14
|inactive|queu de moi has 120 seconds left.
|
|t:|1758352798
|move|p2a: Ditto|Night Slash|p1a: Gliscor
|-damage|p1a: Gliscor|63/100 tox
|move|p1a: Gliscor|Earthquake|p2a: Ditto
|-supereffective|p2a: Ditto
|-damage|p2a: Ditto|0 fnt
|faint|p2a: Ditto
|
|-heal|p1a: Gliscor|75/100 tox|[from] ability: Poison Heal
|upkeep
|inactive|queu de moi has 120 seconds left.
|
|t:|1758352807
|switch|p2a: Scizor|Scizor, F|100/100
|turn|15
|
|t:|1758352812
|switch|p1a: Ceruledge|Ceruledge, F|76/100 tox
|move|p2a: Scizor|Swords Dance|p2a: Scizor
|-boost|p2a: Scizor|atk|2
|
|-damage|p1a: Ceruledge|70/100 tox|[from] psn
|upkeep
|turn|16
|
|t:|1758352826
|move|p2a: Scizor|Bullet Punch|p1a: Ceruledge
|-resisted|p1a: Ceruledge
|-damage|p1a: Ceruledge|11/100 tox
|-ability|p1a: Ceruledge|Weak Armor|boost
|-unboost|p1a: Ceruledge|def|1
|-boost|p1a: Ceruledge|spe|2
|-damage|p2a: Scizor|91/100|[from] item: Life Orb
|move|p1a: Ceruledge|Bitter Blade|p2a: Scizor
|-supereffective|p2a: Scizor
|-damage|p2a: Scizor|0 fnt
|-heal|p1a: Ceruledge|55/100 tox|[from] drain|[of] p2a: Scizor
|faint|p2a: Scizor
|
|-damage|p1a: Ceruledge|43/100 tox|[from] psn
|upkeep
|
|t:|1758352840
|switch|p2a: Toxapex|Toxapex, F, shiny, tera:Normal|98/100
|turn|17
|
|t:|1758352846
|move|p1a: Ceruledge|Bitter Blade|p2a: Toxapex
|-damage|p2a: Toxapex|38/100
|-heal|p1a: Ceruledge|68/100 tox|[from] drain|[of] p2a: Toxapex
|move|p2a: Toxapex|Haze|p2a: Toxapex
|-clearallboost
|
|-damage|p2a: Toxapex|25/100|[from] item: Black Sludge
|-damage|p1a: Ceruledge|49/100 tox|[from] psn
|upkeep
|turn|18
|-message|queu de moi forfeited.
|
|win|Chumbagalaa
|raw|Chumbagalaa's rating: 1054 &rarr; <strong>1087</strong><br />(+33 for winning)
|raw|queu de moi's rating: 1067 &rarr; <strong>1046</strong><br />(-21 for losing)
|l|☆queu de moi
|player|p2|
|l|☆Chumbagalaa
|player|p1|
