|j|☆Wahhhh soooo good!
|j|☆catcat77
|t:|1758343835
|gametype|singles
|player|p1|Wahhhh soooo good!|1|1413
|player|p2|catcat77|caitlin|1487
|gen|9
|tier|[Gen 9] OU
|rated|
|rule|HP Percentage Mod: HP is shown in percentages
|rule|Endless Battle Clause: Forcing endless battles is banned
|rule|Species Clause: Limit one of each Pokémon
|rule|OHKO Clause: OHKO moves are banned
|rule|Evasion Items Clause: Evasion items are banned
|rule|Evasion Moves Clause: Evasion moves are banned
|rule|Evasion Abilities Clause: Evasion abilities are banned
|rule|Sleep Moves Clause: Sleep-inducing moves are banned
|clearpoke
|poke|p1|Dragonite, F|
|poke|p1|Ursaluna, M|
|poke|p1|Slowking-Galar, F|
|poke|p1|Iron Hands|
|poke|p1|Hatterene, F|
|poke|p1|Scizor, F|
|poke|p2|Ogerpon-Wellspring, F|
|poke|p2|Kingambit, M|
|poke|p2|Great Tusk|
|poke|p2|Raging Bolt|
|poke|p2|Iron Crown|
|poke|p2|Zamazenta-*|
|teampreview
|
|t:|1758343854
|teamsize|p1|6
|teamsize|p2|6
|start
|switch|p1a: Scizor|Scizor, F|100/100
|switch|p2a: Iron Crown|Iron Crown|100/100
|turn|1
|
|t:|1758343862
|move|p2a: Iron Crown|Volt Switch|p1a: Scizor
|-damage|p1a: Scizor|51/100
|
|t:|1758343865
|-end|p2a: Iron Crown|Quark Drive|[silent]
|switch|p2a: Zamazenta|Zamazenta|100/100|[from] Volt Switch
|-ability|p2a: Zamazenta|Dauntless Shield|boost
|-boost|p2a: Zamazenta|def|1
|move|p1a: Scizor|Knock Off|p2a: Zamazenta
|-resisted|p2a: Zamazenta
|-damage|p2a: Zamazenta|89/100
|-damage|p1a: Scizor|35/100|[from] item: Rocky Helmet|[of] p2a: Zamazenta
|-enditem|p2a: Zamazenta|Rocky Helmet|[from] move: Knock Off|[of] p1a: Scizor
|
|upkeep
|turn|2
|
|t:|1758343876
|switch|p1a: Slowking|Slowking-Galar, F|100/100
|move|p2a: Zamazenta|Body Press|p1a: Slowking
|-resisted|p1a: Slowking
|-damage|p1a: Slowking|83/100
|
|upkeep
|turn|3
|
|t:|1758343884
|switch|p2a: Raging Bolt|Raging Bolt|100/100
|-prepare|p1a: Slowking|Chilly Reception|[premajor]
|move|p1a: Slowking|Chilly Reception|p1a: Slowking
|-weather|Snowscape
|
|t:|1758343888
|switch|p1a: Ursaluna|Ursaluna, M|100/100|[from] Chilly Reception
|
|-weather|Snowscape|[upkeep]
|-status|p1a: Ursaluna|brn|[from] item: Flame Orb
|upkeep
|turn|4
|
|t:|1758343902
|-end|p2a: Raging Bolt|Protosynthesis|[silent]
|switch|p2a: Zamazenta|Zamazenta|89/100
|move|p1a: Ursaluna|Headlong Rush|p2a: Zamazenta
|-damage|p2a: Zamazenta|30/100
|-unboost|p1a: Ursaluna|def|1
|-unboost|p1a: Ursaluna|spd|1
|
|-weather|Snowscape|[upkeep]
|-damage|p1a: Ursaluna|94/100 brn|[from] brn
|upkeep
|turn|5
|
|t:|1758343914
|switch|p1a: Slowking|Slowking-Galar, F|100/100
|move|p2a: Zamazenta|Body Press|p1a: Slowking
|-resisted|p1a: Slowking
|-damage|p1a: Slowking|90/100
|
|-weather|Snowscape|[upkeep]
|upkeep
|turn|6
|
|t:|1758343919
|switch|p2a: Kingambit|Kingambit, M|100/100
|move|p1a: Slowking|Future Sight|p2a: Kingambit
|-start|p1a: Slowking|move: Future Sight
|
|-weather|Snowscape|[upkeep]
|upkeep
|turn|7
|
|t:|1758343926
|switch|p1a: Iron Hands|Iron Hands|100/100
|move|p2a: Kingambit|Kowtow Cleave|p1a: Iron Hands
|-resisted|p1a: Iron Hands
|-damage|p1a: Iron Hands|82/100
|
|-weather|none
|upkeep
|turn|8
|
|t:|1758343938
|switch|p2a: Zamazenta|Zamazenta|30/100
|move|p1a: Iron Hands|Drain Punch|p2a: Zamazenta
|-damage|p2a: Zamazenta|1/100
|-heal|p1a: Iron Hands|95/100|[from] drain|[of] p2a: Zamazenta
|
|-end|p2a: Zamazenta|move: Future Sight
|-supereffective|p2a: Zamazenta
|-crit|p2a: Zamazenta
|-damage|p2a: Zamazenta|0 fnt
|faint|p2a: Zamazenta
|upkeep
|
|t:|1758343949
|switch|p2a: Iron Crown|Iron Crown|100/100
|turn|9
|
|t:|1758343961
|-end|p1a: Iron Hands|Quark Drive|[silent]
|switch|p1a: Hatterene|Hatterene, F|100/100
|move|p2a: Iron Crown|Psychic|p1a: Hatterene
|-resisted|p1a: Hatterene
|-damage|p1a: Hatterene|70/100
|
|-heal|p1a: Hatterene|76/100|[from] item: Leftovers
|upkeep
|turn|10
|
|t:|1758343970
|move|p2a: Iron Crown|Psychic|p1a: Hatterene
|-resisted|p1a: Hatterene
|-damage|p1a: Hatterene|46/100
|move|p1a: Hatterene|Trick Room|p1a: Hatterene
|-fieldstart|move: Trick Room|[of] p1a: Hatterene
|
|-heal|p1a: Hatterene|52/100|[from] item: Leftovers
|upkeep
|turn|11
|
|t:|1758343977
|move|p1a: Hatterene|Healing Wish|p1a: Hatterene
|faint|p1a: Hatterene
|move|p2a: Iron Crown|Psychic|p1: Hatterene|[notarget]
|-fail|p2a: Iron Crown
|
|upkeep
|
|t:|1758343980
|switch|p1a: Ursaluna|Ursaluna, M|94/100 brn
|-heal|p1a: Ursaluna|100/100|[from] move: Healing Wish
|turn|12
|
|t:|1758343984
|-end|p2a: Iron Crown|Quark Drive|[silent]
|switch|p2a: Great Tusk|Great Tusk|100/100
|move|p1a: Ursaluna|Headlong Rush|p2a: Great Tusk
|-damage|p2a: Great Tusk|55/100
|-unboost|p1a: Ursaluna|def|1
|-unboost|p1a: Ursaluna|spd|1
|-damage|p1a: Ursaluna|84/100|[from] item: Rocky Helmet|[of] p2a: Great Tusk
|
|-status|p1a: Ursaluna|brn|[from] item: Flame Orb
|upkeep
|turn|13
|
|t:|1758343996
|move|p1a: Ursaluna|Facade|p2a: Great Tusk
|-damage|p2a: Great Tusk|0 fnt
|-damage|p1a: Ursaluna|67/100 brn|[from] item: Rocky Helmet|[of] p2a: Great Tusk
|faint|p2a: Great Tusk
|-end|p2a: Great Tusk|Protosynthesis|[silent]
|
|-damage|p1a: Ursaluna|61/100 brn|[from] brn
|upkeep
|
|t:|1758344001
|switch|p2a: Kingambit|Kingambit, M|100/100
|turn|14
|
|t:|1758344016
|switch|p1a: Iron Hands|Iron Hands|95/100
|-terastallize|p2a: Kingambit|Flying
|move|p2a: Kingambit|Brick Break|p1a: Iron Hands
|-damage|p1a: Iron Hands|74/100
|
|-fieldend|move: Trick Room
|upkeep
|turn|15
|
|t:|1758344032
|switch|p2a: Ogerpon|Ogerpon-Wellspring, F|100/100
|move|p1a: Iron Hands|Supercell Slam|p2a: Ogerpon
|-damage|p2a: Ogerpon|14/100
|
|upkeep
|turn|16
|
|t:|1758344037
|move|p2a: Ogerpon|Ivy Cudgel|p1a: Iron Hands|[anim] Ivy Cudgel Water
|-damage|p1a: Iron Hands|31/100
|move|p1a: Iron Hands|Drain Punch|p2a: Ogerpon
|-damage|p2a: Ogerpon|0 fnt
|-heal|p1a: Iron Hands|35/100|[from] drain|[of] p2a: Ogerpon
|faint|p2a: Ogerpon
|
|upkeep
|
|t:|1758344041
|switch|p2a: Iron Crown|Iron Crown|100/100
|turn|17
|
|t:|1758344058
|-end|p1a: Iron Hands|Quark Drive|[silent]
|switch|p1a: Slowking|Slowking-Galar, F|100/100
|move|p2a: Iron Crown|Psychic|p1a: Slowking
|-damage|p1a: Slowking|57/100
|
|upkeep
|turn|18
|
|t:|1758344073
|move|p2a: Iron Crown|Psychic|p1a: Slowking
|-damage|p1a: Slowking|14/100
|-prepare|p1a: Slowking|Chilly Reception|[premajor]
|move|p1a: Slowking|Chilly Reception|p1a: Slowking
|-weather|Snowscape
|
|t:|1758344081
|switch|p1a: Dragonite|Dragonite, F|100/100|[from] Chilly Reception
|
|-weather|Snowscape|[upkeep]
|upkeep
|turn|19
|
|t:|1758344086
|move|p2a: Iron Crown|Psychic|p1a: Dragonite
|-damage|p1a: Dragonite|62/100
|move|p1a: Dragonite|Dragon Dance|p1a: Dragonite
|-boost|p1a: Dragonite|atk|1
|-boost|p1a: Dragonite|spe|1
|
|-weather|Snowscape|[upkeep]
|upkeep
|turn|20
|
|t:|1758344096
|-end|p2a: Iron Crown|Quark Drive|[silent]
|switch|p2a: Kingambit|Kingambit, M, tera:Flying|100/100
|move|p1a: Dragonite|Earthquake|p2a: Kingambit
|-immune|p2a: Kingambit
|
|-weather|Snowscape|[upkeep]
|upkeep
|turn|21
|
|t:|1758344126
|-terastallize|p1a: Dragonite|Fairy
|move|p1a: Dragonite|Tera Blast|p2a: Kingambit|[anim] Tera Blast Fairy
|-damage|p2a: Kingambit|49/100
|move|p2a: Kingambit|Kowtow Cleave|p1a: Dragonite
|-resisted|p1a: Dragonite
|-damage|p1a: Dragonite|36/100
|
|-weather|Snowscape|[upkeep]
|upkeep
|turn|22
|
|t:|1758344140
|move|p2a: Kingambit|Sucker Punch|p1a: Dragonite
|-resisted|p1a: Dragonite
|-damage|p1a: Dragonite|15/100
|move|p1a: Dragonite|Tera Blast|p2a: Kingambit|[anim] Tera Blast Fairy
|-damage|p2a: Kingambit|0 fnt
|faint|p2a: Kingambit
|
|-weather|none
|upkeep
|
|t:|1758344142
|switch|p2a: Raging Bolt|Raging Bolt|100/100
|turn|23
|
|t:|1758344155
|move|p2a: Raging Bolt|Thunderclap||[still]
|-fail|p2a: Raging Bolt
|move|p1a: Dragonite|Encore|p2a: Raging Bolt
|-start|p2a: Raging Bolt|Encore
|
|upkeep
|turn|24
|
|t:|1758344158
|move|p2a: Raging Bolt|Thunderclap||[still]
|-fail|p2a: Raging Bolt
|move|p1a: Dragonite|Dragon Dance|p1a: Dragonite
|-boost|p1a: Dragonite|atk|1
|-boost|p1a: Dragonite|spe|1
|
|upkeep
|turn|25
|
|t:|1758344160
|move|p2a: Raging Bolt|Thunderclap||[still]
|-fail|p2a: Raging Bolt
|move|p1a: Dragonite|Dragon Dance|p1a: Dragonite
|-boost|p1a: Dragonite|atk|1
|-boost|p1a: Dragonite|spe|1
|
|upkeep
|turn|26
|
|t:|1758344167
|move|p2a: Raging Bolt|Thunderclap||[still]
|-fail|p2a: Raging Bolt
|move|p1a: Dragonite|Dragon Dance|p1a: Dragonite
|-boost|p1a: Dragonite|atk|1
|-boost|p1a: Dragonite|spe|1
|
|-end|p2a: Raging Bolt|Encore
|upkeep
|turn|27
|
|t:|1758344171
|-end|p2a: Raging Bolt|Protosynthesis|[silent]
|switch|p2a: Iron Crown|Iron Crown|100/100
|move|p1a: Dragonite|Encore||[still]
|-fail|p1a: Dragonite
|
|upkeep
|turn|28
|
|t:|1758344176
|move|p1a: Dragonite|Earthquake|p2a: Iron Crown
|-supereffective|p2a: Iron Crown
|-damage|p2a: Iron Crown|0 fnt
|faint|p2a: Iron Crown
|-end|p2a: Iron Crown|Quark Drive|[silent]
|
|upkeep
|
|t:|1758344178
|switch|p2a: Raging Bolt|Raging Bolt|100/100
|turn|29
|
|t:|1758344180
|move|p1a: Dragonite|Earthquake|p2a: Raging Bolt
|-supereffective|p2a: Raging Bolt
|-damage|p2a: Raging Bolt|0 fnt
|faint|p2a: Raging Bolt
|-end|p2a: Raging Bolt|Protosynthesis|[silent]
|
|win|Wahhhh soooo good!
|raw|Wahhhh soooo good!'s rating: 1413 &rarr; <strong>1437</strong><br />(+24 for winning)
|raw|catcat77's rating: 1487 &rarr; <strong>1463</strong><br />(-24 for losing)
|l|☆catcat77
|player|p2|
|c|☆Wahhhh soooo good!|gg
|l|☆Wahhhh soooo good!
|player|p1|
