|j|☆mr.pickup
|j|☆mala☆huju
|t:|1758344012
|gametype|singles
|player|p1|mr.pickup|pokemaniac|1642
|player|p2|mala☆huju|#malahuju|1571
|gen|9
|tier|[Gen 9] OU
|rated|
|rule|HP Percentage Mod: HP is shown in percentages
|rule|Endless Battle Clause: Forcing endless battles is banned
|rule|Species Clause: Limit one of each Pokémon
|rule|OHKO Clause: OHKO moves are banned
|rule|Evasion Items Clause: Evasion items are banned
|rule|Evasion Moves Clause: Evasion moves are banned
|rule|Evasion Abilities Clause: Evasion abilities are banned
|rule|Sleep Moves Clause: Sleep-inducing moves are banned
|clearpoke
|poke|p1|Enamorus, F|
|poke|p1|Zamazenta-*|
|poke|p1|Ceruledge, F|
|poke|p1|Ting-Lu|
|poke|p1|Raging Bolt|
|poke|p1|Iron Valiant|
|poke|p2|Gholdengo|
|poke|p2|Ting-Lu|
|poke|p2|Zamazenta-*|
|poke|p2|Moltres|
|poke|p2|Clefable, M|
|poke|p2|Hydrapple, M|
|teampreview
|inactive|Battle timer is ON: inactive players will automatically lose when time's up. (requested by mr.pickup)
|inactive|mala☆huju has 120 seconds left.
|inactive|mala☆huju has 90 seconds left.
|inactive|mala☆huju has 60 seconds left.
|inactive|mala☆huju has 30 seconds left.
|
|t:|1758344135
|teamsize|p1|6
|teamsize|p2|6
|start
|switch|p1a: Zamazenta|Zamazenta, shiny|100/100
|switch|p2a: Ting-Lu|Ting-Lu|100/100
|-ability|p1a: Zamazenta|Dauntless Shield|boost
|-boost|p1a: Zamazenta|def|1
|-ability|p2a: Ting-Lu|Vessel of Ruin
|turn|1
|
|t:|1758344140
|move|p1a: Zamazenta|Close Combat|p2a: Ting-Lu
|-supereffective|p2a: Ting-Lu
|-damage|p2a: Ting-Lu|18/100
|-unboost|p1a: Zamazenta|def|1
|-unboost|p1a: Zamazenta|spd|1
|-damage|p1a: Zamazenta|91/100|[from] item: Life Orb
|move|p2a: Ting-Lu|Spikes|p1a: Zamazenta
|-sidestart|p1: mr.pickup|Spikes
|
|-heal|p2a: Ting-Lu|25/100|[from] item: Leftovers
|upkeep
|turn|2
|
|t:|1758344156
|switch|p2a: Zamazenta|Zamazenta|100/100
|-ability|p2a: Zamazenta|Dauntless Shield|boost
|-boost|p2a: Zamazenta|def|1
|move|p1a: Zamazenta|Stone Edge|p2a: Zamazenta
|-resisted|p2a: Zamazenta
|-damage|p2a: Zamazenta|87/100
|-damage|p1a: Zamazenta|81/100|[from] item: Life Orb
|
|upkeep
|turn|3
|
|t:|1758344162
|switch|p1a: Enamorus|Enamorus, F|100/100
|move|p2a: Zamazenta|Crunch|p1a: Enamorus
|-resisted|p1a: Enamorus
|-damage|p1a: Enamorus|81/100
|
|upkeep
|turn|4
|
|t:|1758344173
|move|p1a: Enamorus|Moonblast|p2a: Zamazenta
|-supereffective|p2a: Zamazenta
|-damage|p2a: Zamazenta|0 fnt
|faint|p2a: Zamazenta
|
|upkeep
|
|t:|1758344180
|switch|p2a: Gholdengo|Gholdengo|100/100
|turn|5
|
|t:|1758344183
|switch|p1a: Ting-Lu|Ting-Lu|100/100
|-damage|p1a: Ting-Lu|88/100|[from] Spikes
|-ability|p1a: Ting-Lu|Vessel of Ruin
|move|p2a: Gholdengo|Make It Rain|p1a: Ting-Lu
|-damage|p1a: Ting-Lu|50/100
|-unboost|p2a: Gholdengo|spa|1
|
|upkeep
|turn|6
|
|t:|1758344194
|switch|p2a: Clefable|Clefable, M|100/100
|move|p1a: Ting-Lu|Spikes|p2a: Clefable
|-sidestart|p2: mala☆huju|Spikes
|
|upkeep
|turn|7
|inactive|mala☆huju has 120 seconds left.
|
|t:|1758344208
|move|p2a: Clefable|Stealth Rock|p1a: Ting-Lu
|-sidestart|p1: mr.pickup|move: Stealth Rock
|move|p1a: Ting-Lu|Ruination|p2a: Clefable
|-damage|p2a: Clefable|50/100
|
|upkeep
|turn|8
|
|t:|1758344220
|switch|p1a: Ceruledge|Ceruledge, F, shiny|100/100
|-damage|p1a: Ceruledge|88/100|[from] Spikes
|-damage|p1a: Ceruledge|63/100|[from] Stealth Rock
|move|p2a: Clefable|Moonlight|p2a: Clefable
|-heal|p2a: Clefable|100/100
|
|upkeep
|turn|9
|inactive|mala☆huju has 120 seconds left.
|
|t:|1758344269
|switch|p2a: Moltres|Moltres|100/100
|move|p1a: Ceruledge|Swords Dance|p1a: Ceruledge
|-boost|p1a: Ceruledge|atk|2
|
|upkeep
|turn|10
|
|t:|1758344275
|-terastallize|p1a: Ceruledge|Ghost
|move|p1a: Ceruledge|Poltergeist|p2a: Moltres
|-activate|p2a: Moltres|move: Poltergeist|Heavy-Duty Boots
|-crit|p2a: Moltres
|-damage|p2a: Moltres|0 fnt
|faint|p2a: Moltres
|
|upkeep
|j| Love Is Cruel
|
|t:|1758344284
|switch|p2a: Clefable|Clefable, M|100/100
|turn|11
|
|t:|1758344290
|move|p1a: Ceruledge|Bitter Blade|p2a: Clefable
|-damage|p2a: Clefable|25/100
|-heal|p1a: Ceruledge|100/100|[from] drain|[of] p2a: Clefable
|-damage|p1a: Ceruledge|84/100|[from] item: Rocky Helmet|[of] p2a: Clefable
|move|p2a: Clefable|Moonblast|p1a: Ceruledge
|-damage|p1a: Ceruledge|42/100
|
|upkeep
|turn|12
|
|t:|1758344298
|move|p1a: Ceruledge|Bitter Blade|p2a: Clefable
|-damage|p2a: Clefable|0 fnt
|-heal|p1a: Ceruledge|61/100|[from] drain|[of] p2a: Clefable
|-damage|p1a: Ceruledge|45/100|[from] item: Rocky Helmet|[of] p2a: Clefable
|faint|p2a: Clefable
|
|upkeep
|c|☆mala☆huju|gg
|
|t:|1758344309
|switch|p2a: Gholdengo|Gholdengo|100/100
|-damage|p2a: Gholdengo|88/100|[from] Spikes
|turn|13
|
|t:|1758344312
|move|p1a: Ceruledge|Shadow Sneak|p2a: Gholdengo
|-supereffective|p2a: Gholdengo
|-damage|p2a: Gholdengo|0 fnt
|faint|p2a: Gholdengo
|
|upkeep
|c|☆mr.pickup|gg
|-message|mala☆huju forfeited.
|
|win|mr.pickup
|raw|mr.pickup's rating: 1642 &rarr; <strong>1658</strong><br />(+16 for winning)
|raw|mala☆huju's rating: 1571 &rarr; <strong>1555</strong><br />(-16 for losing)
|l|☆mala☆huju
|player|p2|
|l| Love Is Cruel
