|j|☆AlolanskiMarowak
|j|☆wdsr
|t:|1758352923
|gametype|singles
|player|p1|AlolanskiMarowak|unknown|1069
|player|p2|wdsr|pokemonbreeder-gen4|1115
|gen|9
|tier|[Gen 9] OU
|rated|
|rule|HP Percentage Mod: HP is shown in percentages
|rule|Endless Battle Clause: Forcing endless battles is banned
|rule|Species Clause: Limit one of each Pokémon
|rule|OHKO Clause: OHKO moves are banned
|rule|Evasion Items Clause: Evasion items are banned
|rule|Evasion Moves Clause: Evasion moves are banned
|rule|Evasion Abilities Clause: Evasion abilities are banned
|rule|Sleep Moves Clause: Sleep-inducing moves are banned
|clearpoke
|poke|p1|Reuniclus, F|
|poke|p1|Barraskewda, M|
|poke|p1|Vikavolt, M|
|poke|p1|Incineroar, M|
|poke|p1|Haunter, F|
|poke|p1|Porygon-Z|
|poke|p2|Dondozo, M|
|poke|p2|Gliscor, F|
|poke|p2|Corviknight, M|
|poke|p2|Garganacl, M|
|poke|p2|Glimmora, M|
|poke|p2|Hatterene, F|
|teampreview
|inactive|Battle timer is ON: inactive players will automatically lose when time's up. (requested by AlolanskiMarowak)
|
|t:|1758352928
|teamsize|p1|6
|teamsize|p2|6
|start
|switch|p1a: Haunter|Haunter, F|100/100
|switch|p2a: Glimmora|Glimmora, M|100/100
|turn|1
|
|t:|1758352938
|switch|p1a: Reuniclus|Reuniclus, F, shiny|100/100
|move|p2a: Glimmora|Spikes|p1a: Reuniclus
|-sidestart|p1: AlolanskiMarowak|Spikes
|
|upkeep
|turn|2
|
|t:|1758352944
|move|p2a: Glimmora|Stealth Rock|p1a: Reuniclus
|-sidestart|p1: AlolanskiMarowak|move: Stealth Rock
|move|p1a: Reuniclus|Calm Mind|p1a: Reuniclus
|-boost|p1a: Reuniclus|spa|1
|-boost|p1a: Reuniclus|spd|1
|
|upkeep
|turn|3
|
|t:|1758352952
|move|p2a: Glimmora|Toxic|p1a: Reuniclus
|-status|p1a: Reuniclus|tox
|move|p1a: Reuniclus|Calm Mind|p1a: Reuniclus
|-boost|p1a: Reuniclus|spa|1
|-boost|p1a: Reuniclus|spd|1
|
|upkeep
|turn|4
|
|t:|1758352960
|move|p2a: Glimmora|Spikes|p1a: Reuniclus
|-sidestart|p1: AlolanskiMarowak|Spikes
|move|p1a: Reuniclus|Acid Armor|p1a: Reuniclus
|-boost|p1a: Reuniclus|def|2
|
|upkeep
|turn|5
|
|t:|1758352967
|move|p2a: Glimmora|Spikes|p1a: Reuniclus
|-sidestart|p1: AlolanskiMarowak|Spikes
|move|p1a: Reuniclus|Acid Armor|p1a: Reuniclus
|-boost|p1a: Reuniclus|def|2
|
|upkeep
|turn|6
|
|t:|1758352974
|move|p2a: Glimmora|Mortal Spin|p1a: Reuniclus
|-damage|p1a: Reuniclus|98/100 tox
|move|p1a: Reuniclus|Calm Mind|p1a: Reuniclus
|-boost|p1a: Reuniclus|spa|1
|-boost|p1a: Reuniclus|spd|1
|
|upkeep
|turn|7
|
|t:|1758352981
|move|p2a: Glimmora|Mortal Spin|p1a: Reuniclus
|-damage|p1a: Reuniclus|96/100 tox
|move|p1a: Reuniclus|Calm Mind|p1a: Reuniclus
|-boost|p1a: Reuniclus|spa|1
|-boost|p1a: Reuniclus|spd|1
|
|upkeep
|turn|8
|
|t:|1758352989
|move|p2a: Glimmora|Mortal Spin|p1a: Reuniclus
|-damage|p1a: Reuniclus|94/100 tox
|move|p1a: Reuniclus|Calm Mind|p1a: Reuniclus
|-boost|p1a: Reuniclus|spa|1
|-boost|p1a: Reuniclus|spd|1
|
|upkeep
|turn|9
|
|t:|1758352998
|switch|p2a: Garganacl|Garganacl, M|100/100
|move|p1a: Reuniclus|Acid Armor|p1a: Reuniclus
|-boost|p1a: Reuniclus|def|2
|
|upkeep
|turn|10
|
|t:|1758353005
|move|p2a: Garganacl|Salt Cure|p1a: Reuniclus
|-damage|p1a: Reuniclus|90/100 tox
|-start|p1a: Reuniclus|Salt Cure
|move|p1a: Reuniclus|Calm Mind|p1a: Reuniclus
|-boost|p1a: Reuniclus|spa|1
|-boost|p1a: Reuniclus|spd|1
|
|upkeep
|turn|11
|
|t:|1758353015
|move|p2a: Garganacl|Iron Defense|p2a: Garganacl
|-boost|p2a: Garganacl|def|2
|move|p1a: Reuniclus|Psychic|p2a: Garganacl
|-ability|p2a: Garganacl|Sturdy
|-damage|p2a: Garganacl|1/100
|
|-heal|p2a: Garganacl|7/100|[from] item: Leftovers
|upkeep
|turn|12
|
|t:|1758353027
|move|p2a: Garganacl|Body Press|p1a: Reuniclus
|-resisted|p1a: Reuniclus
|-damage|p1a: Reuniclus|83/100 tox
|move|p1a: Reuniclus|Psychic|p2a: Garganacl
|-damage|p2a: Garganacl|0 fnt
|faint|p2a: Garganacl
|
|upkeep
|
|t:|1758353039
|switch|p2a: Hatterene|Hatterene, F|100/100
|turn|13
|
|t:|1758353050
|move|p1a: Reuniclus|Psychic|p2a: Hatterene
|-resisted|p2a: Hatterene
|-damage|p2a: Hatterene|0 fnt
|faint|p2a: Hatterene
|
|upkeep
|
|t:|1758353057
|switch|p2a: Gliscor|Gliscor, F|100/100
|turn|14
|
|t:|1758353065
|move|p2a: Gliscor|Sludge Bomb|p1a: Reuniclus
|-crit|p1a: Reuniclus
|-damage|p1a: Reuniclus|73/100 tox
|move|p1a: Reuniclus|Psychic|p2a: Gliscor
|-damage|p2a: Gliscor|0 fnt
|faint|p2a: Gliscor
|
|upkeep
|
|t:|1758353074
|switch|p2a: Glimmora|Glimmora, M|100/100
|turn|15
|
|t:|1758353078
|move|p2a: Glimmora|Mortal Spin|p1a: Reuniclus
|-damage|p1a: Reuniclus|71/100 tox
|move|p1a: Reuniclus|Psychic|p2a: Glimmora
|-supereffective|p2a: Glimmora
|-damage|p2a: Glimmora|0 fnt
|faint|p2a: Glimmora
|
|upkeep
|
|t:|1758353087
|switch|p2a: Corviknight|Corviknight, M|100/100
|turn|16
|
|t:|1758353092
|move|p2a: Corviknight|Reflect|p2a: Corviknight
|-sidestart|p2: wdsr|Reflect
|move|p1a: Reuniclus|Psychic|p2a: Corviknight
|-resisted|p2a: Corviknight
|-damage|p2a: Corviknight|4/100
|
|-heal|p2a: Corviknight|10/100|[from] item: Leftovers
|upkeep
|turn|17
|
|t:|1758353101
|move|p2a: Corviknight|Body Press|p1a: Reuniclus
|-resisted|p1a: Reuniclus
|-crit|p1a: Reuniclus
|-damage|p1a: Reuniclus|53/100 tox
|move|p1a: Reuniclus|Psychic|p2a: Corviknight
|-resisted|p2a: Corviknight
|-damage|p2a: Corviknight|0 fnt
|faint|p2a: Corviknight
|
|upkeep
|
|t:|1758353110
|switch|p2a: Dondozo|Dondozo, M|100/100
|turn|18
|
|t:|1758353116
|-terastallize|p1a: Reuniclus|Fairy
|move|p2a: Dondozo|Body Press|p1a: Reuniclus
|-resisted|p1a: Reuniclus
|-damage|p1a: Reuniclus|40/100 tox
|move|p1a: Reuniclus|Psychic|p2a: Dondozo
|-damage|p2a: Dondozo|55/100
|
|-heal|p2a: Dondozo|62/100|[from] item: Leftovers
|upkeep
|turn|19
|
|t:|1758353130
|move|p2a: Dondozo|Body Press|p1a: Reuniclus
|-resisted|p1a: Reuniclus
|-damage|p1a: Reuniclus|26/100 tox
|move|p1a: Reuniclus|Psychic|p2a: Dondozo
|-damage|p2a: Dondozo|18/100
|
|-heal|p2a: Dondozo|25/100|[from] item: Leftovers
|upkeep
|turn|20
|
|t:|1758353142
|move|p2a: Dondozo|Rest|p2a: Dondozo
|-status|p2a: Dondozo|slp|[from] move: Rest
|-heal|p2a: Dondozo|100/100 slp|[silent]
|move|p1a: Reuniclus|Psychic|p2a: Dondozo
|-damage|p2a: Dondozo|56/100 slp
|-unboost|p2a: Dondozo|spd|1
|
|-heal|p2a: Dondozo|63/100 slp|[from] item: Leftovers
|-sideend|p2: wdsr|Reflect
|upkeep
|turn|21
|
|t:|1758353153
|cant|p2a: Dondozo|slp
|move|p1a: Reuniclus|Psychic|p2a: Dondozo
|-damage|p2a: Dondozo|0 fnt
|faint|p2a: Dondozo
|
|win|AlolanskiMarowak
|raw|AlolanskiMarowak's rating: 1069 &rarr; <strong>1103</strong><br />(+34 for winning)
|raw|wdsr's rating: 1115 &rarr; <strong>1087</strong><br />(-28 for losing)
|l|☆AlolanskiMarowak
|player|p1|
