|j|☆swumpy mumpus
|j|☆NormalDude1989
|t:|1758342029
|gametype|singles
|player|p1|swumpy mumpus|170|1462
|player|p2|NormalDude1989|emmet|1575
|gen|9
|tier|[Gen 9] OU
|rated|
|rule|HP Percentage Mod: HP is shown in percentages
|rule|Endless Battle Clause: Forcing endless battles is banned
|rule|Species Clause: Limit one of each Pokémon
|rule|OHKO Clause: OHKO moves are banned
|rule|Evasion Items Clause: Evasion items are banned
|rule|Evasion Moves Clause: Evasion moves are banned
|rule|Evasion Abilities Clause: Evasion abilities are banned
|rule|Sleep Moves Clause: Sleep-inducing moves are banned
|clearpoke
|poke|p1|Okidogi, M|
|poke|p1|Weezing-Galar, M|
|poke|p1|Ogerpon-Wellspring, F|
|poke|p1|Hatterene, F|
|poke|p1|Weavile, M|
|poke|p1|Hawlucha, M|
|poke|p2|Kingambit, M|
|poke|p2|Hatterene, F|
|poke|p2|Ogerpon-Wellspring, F|
|poke|p2|Great Tusk|
|poke|p2|Latios, M|
|poke|p2|Zapdos|
|teampreview
|
|t:|1758342046
|teamsize|p1|6
|teamsize|p2|6
|start
|switch|p1a: Weezing|Weezing-Galar, M|100/100
|switch|p2a: Azure|Latios, M|100/100
|-fieldstart|move: Misty Terrain|[from] ability: Misty Surge|[of] p1a: Weezing
|turn|1
|
|t:|1758342057
|switch|p1a: Hatterene|Hatterene, F|100/100
|move|p2a: Azure|Calm Mind|p2a: Azure
|-boost|p2a: Azure|spa|1
|-boost|p2a: Azure|spd|1
|
|upkeep
|turn|2
|
|t:|1758342067
|-terastallize|p2a: Azure|Steel
|move|p2a: Azure|Luster Purge|p1a: Hatterene
|-resisted|p1a: Hatterene
|-damage|p1a: Hatterene|71/100
|-unboost|p1a: Hatterene|spd|1
|move|p1a: Hatterene|Mystical Fire|p2a: Azure
|-supereffective|p2a: Azure
|-damage|p2a: Azure|64/100
|-unboost|p2a: Azure|spa|1
|
|upkeep
|turn|3
|
|t:|1758342078
|move|p2a: Azure|Luster Purge|p1a: Hatterene
|-resisted|p1a: Hatterene
|-damage|p1a: Hatterene|43/100
|-unboost|p1a: Hatterene|spd|1
|move|p1a: Hatterene|Mystical Fire|p2a: Azure
|-supereffective|p2a: Azure
|-damage|p2a: Azure|23/100
|-unboost|p2a: Azure|spa|1
|
|upkeep
|turn|4
|
|t:|1758342085
|move|p2a: Azure|Luster Purge|p1a: Hatterene
|-resisted|p1a: Hatterene
|-damage|p1a: Hatterene|19/100
|-unboost|p1a: Hatterene|spd|1
|move|p1a: Hatterene|Mystical Fire|p2a: Azure
|-supereffective|p2a: Azure
|-damage|p2a: Azure|0 fnt
|faint|p2a: Azure
|
|upkeep
|
|t:|1758342091
|switch|p2a: Morpho|Zapdos|100/100
|turn|5
|
|t:|1758342095
|move|p2a: Morpho|Discharge|p1a: Hatterene
|-damage|p1a: Hatterene|0 fnt
|faint|p1a: Hatterene
|
|upkeep
|
|t:|1758342099
|switch|p1a: Weavile|Weavile, M|100/100
|-ability|p1a: Weavile|Pressure
|turn|6
|
|t:|1758342104
|switch|p2a: Muramasa|Kingambit, M|100/100
|-activate|p2a: Muramasa|ability: Supreme Overlord
|-start|p2a: Muramasa|fallen1|[silent]
|move|p1a: Weavile|Triple Axel|p2a: Muramasa
|-resisted|p2a: Muramasa
|-damage|p2a: Muramasa|95/100
|-resisted|p2a: Muramasa
|-damage|p2a: Muramasa|85/100
|-resisted|p2a: Muramasa
|-damage|p2a: Muramasa|69/100
|-hitcount|p2a: Muramasa|3
|
|-heal|p2a: Muramasa|75/100|[from] item: Leftovers
|upkeep
|turn|7
|
|t:|1758342108
|switch|p1a: Okidogi|Okidogi, M|100/100
|move|p2a: Muramasa|Iron Head|p1a: Okidogi
|-damage|p1a: Okidogi|62/100
|
|-heal|p1a: Okidogi|68/100|[from] item: Leftovers
|-heal|p2a: Muramasa|82/100|[from] item: Leftovers
|upkeep
|turn|8
|
|t:|1758342119
|-end|p2a: Muramasa|fallen1|[silent]
|switch|p2a: Morpho|Zapdos|100/100
|move|p1a: Okidogi|Ice Punch|p2a: Morpho
|-supereffective|p2a: Morpho
|-damage|p2a: Morpho|61/100
|-damage|p1a: Okidogi|51/100|[from] item: Rocky Helmet|[of] p2a: Morpho
|
|-heal|p1a: Okidogi|57/100|[from] item: Leftovers
|-fieldend|Misty Terrain
|upkeep
|turn|9
|
|t:|1758342127
|switch|p1a: Weezing|Weezing-Galar, M|100/100
|-fieldstart|move: Misty Terrain|[from] ability: Misty Surge|[of] p1a: Weezing
|move|p2a: Morpho|Hurricane|p1a: Weezing
|-damage|p1a: Weezing|41/100
|
|upkeep
|turn|10
|
|t:|1758342135
|switch|p1a: Weavile|Weavile, M|100/100
|-ability|p1a: Weavile|Pressure
|move|p2a: Morpho|Hurricane|p1a: Weavile
|-crit|p1a: Weavile
|-damage|p1a: Weavile|0 fnt
|faint|p1a: Weavile
|
|upkeep
|
|t:|1758342154
|switch|p1a: Ogerpon|Ogerpon-Wellspring, F|100/100
|turn|11
|
|t:|1758342158
|switch|p2a: Carly Beth|Ogerpon-Wellspring, F|100/100
|-terastallize|p1a: Ogerpon|Water
|detailschange|p1a: Ogerpon|Ogerpon-Wellspring-Tera, F, tera:Water
|-ability|p1a: Ogerpon|Embody Aspect (Wellspring)|boost
|-boost|p1a: Ogerpon|spd|1
|move|p1a: Ogerpon|Swords Dance|p1a: Ogerpon
|-boost|p1a: Ogerpon|atk|2
|
|upkeep
|turn|12
|
|t:|1758342166
|move|p2a: Carly Beth|Swords Dance|p2a: Carly Beth
|-boost|p2a: Carly Beth|atk|2
|move|p1a: Ogerpon|Play Rough|p2a: Carly Beth
|-damage|p2a: Carly Beth|11/100
|
|upkeep
|turn|13
|
|t:|1758342172
|move|p1a: Ogerpon|Play Rough|p2a: Carly Beth
|-damage|p2a: Carly Beth|0 fnt
|faint|p2a: Carly Beth
|
|upkeep
|
|t:|1758342187
|switch|p2a: Morpho|Zapdos|61/100
|turn|14
|
|t:|1758342192
|move|p1a: Ogerpon|Ivy Cudgel|p2a: Morpho|[anim] Ivy Cudgel Water
|-damage|p2a: Morpho|0 fnt
|faint|p2a: Morpho
|
|upkeep
|
|t:|1758342198
|switch|p2a: Muramasa|Kingambit, M|82/100
|-activate|p2a: Muramasa|ability: Supreme Overlord
|-start|p2a: Muramasa|fallen3|[silent]
|turn|15
|
|t:|1758342214
|move|p1a: Ogerpon|Ivy Cudgel|p2a: Muramasa|[anim] Ivy Cudgel Water
|-damage|p2a: Muramasa|0 fnt
|faint|p2a: Muramasa
|-end|p2a: Muramasa|fallen3|[silent]
|
|upkeep
|
|t:|1758342220
|switch|p2a: Minerva|Hatterene, F|100/100
|turn|16
|c|☆NormalDude1989|bg
|c|☆NormalDude1989|nice luck
|-message|NormalDude1989 forfeited.
|
|win|swumpy mumpus
|raw|swumpy mumpus's rating: 1462 &rarr; <strong>1488</strong><br />(+26 for winning)
|raw|NormalDude1989's rating: 1575 &rarr; <strong>1549</strong><br />(-26 for losing)
|l|☆NormalDude1989
|player|p2|
|l|☆swumpy mumpus
|player|p1|
