|j|☆spudcutter
|j|☆sdor16
|t:|1758293175
|gametype|singles
|player|p1|spudcutter|ghetsis-gen5bw|1591
|player|p2|sdor16|170|1562
|gen|9
|tier|[Gen 9] OU
|rated|
|rule|HP Percentage Mod: HP is shown in percentages
|rule|Endless Battle Clause: Forcing endless battles is banned
|rule|Species Clause: Limit one of each Pokémon
|rule|OHKO Clause: OHKO moves are banned
|rule|Evasion Items Clause: Evasion items are banned
|rule|Evasion Moves Clause: Evasion moves are banned
|rule|Evasion Abilities Clause: Evasion abilities are banned
|rule|Sleep Moves Clause: Sleep-inducing moves are banned
|clearpoke
|poke|p1|Kingambit, M|
|poke|p1|Dragapult, F|
|poke|p1|Great Tusk|
|poke|p1|Slowking-Galar, M|
|poke|p1|Darkrai|
|poke|p1|Dondozo, F|
|poke|p2|Deoxys-Speed|
|poke|p2|Garchomp, F|
|poke|p2|Quaquaval, M|
|poke|p2|Hydrapple, M|
|poke|p2|Iron Treads|
|poke|p2|Kingambit, M|
|teampreview
|inactive|Battle timer is ON: inactive players will automatically lose when time's up. (requested by spudcutter)
|inactive|sdor16 has 120 seconds left.
|
|t:|1758293229
|teamsize|p1|6
|teamsize|p2|6
|start
|switch|p1a: Slowking|Slowking-Galar, M|100/100
|switch|p2a: Garchomp|Garchomp, F|100/100
|turn|1
|
|t:|1758293233
|switch|p1a: Great Tusk|Great Tusk|100/100
|move|p2a: Garchomp|Stealth Rock|p1a: Great Tusk
|-sidestart|p1: spudcutter|move: Stealth Rock
|
|upkeep
|turn|2
|
|t:|1758293238
|move|p1a: Great Tusk|Rapid Spin|p2a: Garchomp
|-damage|p2a: Garchomp|90/100
|-boost|p1a: Great Tusk|spe|1
|-damage|p1a: Great Tusk|88/100|[from] ability: Rough Skin|[of] p2a: Garchomp
|-damage|p1a: Great Tusk|72/100|[from] item: Rocky Helmet|[of] p2a: Garchomp
|-sideend|p1: spudcutter|Stealth Rock|[from] move: Rapid Spin|[of] p1a: Great Tusk
|move|p2a: Garchomp|Dragon Tail|p1a: Great Tusk
|-damage|p1a: Great Tusk|51/100
|-end|p1a: Great Tusk|Protosynthesis|[silent]
|drag|p1a: Dragapult|Dragapult, F|100/100
|
|upkeep
|turn|3
|
|t:|1758293252
|switch|p2a: Iron Treads|Iron Treads|100/100
|move|p1a: Dragapult|Dragon Darts|p2a: Iron Treads
|-resisted|p2a: Iron Treads
|-damage|p2a: Iron Treads|91/100
|-anim|p1a: Dragapult|Dragon Darts|p2a: Iron Treads
|-resisted|p2a: Iron Treads
|-damage|p2a: Iron Treads|81/100
|
|-heal|p2a: Iron Treads|87/100|[from] item: Leftovers
|upkeep
|turn|4
|
|t:|1758293255
|move|p1a: Dragapult|Will-O-Wisp|p2a: Iron Treads
|-status|p2a: Iron Treads|brn
|move|p2a: Iron Treads|Knock Off|p1a: Dragapult
|-supereffective|p1a: Dragapult
|-damage|p1a: Dragapult|61/100
|-enditem|p1a: Dragapult|Heavy-Duty Boots|[from] move: Knock Off|[of] p2a: Iron Treads
|
|-heal|p2a: Iron Treads|93/100 brn|[from] item: Leftovers
|-damage|p2a: Iron Treads|87/100 brn|[from] brn
|upkeep
|turn|5
|
|t:|1758293259
|move|p1a: Dragapult|Hex|p2a: Iron Treads
|-damage|p2a: Iron Treads|53/100 brn
|move|p2a: Iron Treads|Knock Off|p1a: Dragapult
|-supereffective|p1a: Dragapult
|-damage|p1a: Dragapult|35/100
|
|-heal|p2a: Iron Treads|59/100 brn|[from] item: Leftovers
|-damage|p2a: Iron Treads|53/100 brn|[from] brn
|upkeep
|turn|6
|
|t:|1758293270
|move|p1a: Dragapult|Hex|p2a: Iron Treads
|-damage|p2a: Iron Treads|20/100 brn
|move|p2a: Iron Treads|Ice Spinner|p1a: Dragapult
|-supereffective|p1a: Dragapult
|-damage|p1a: Dragapult|3/100
|
|-heal|p2a: Iron Treads|26/100 brn|[from] item: Leftovers
|-damage|p2a: Iron Treads|20/100 brn|[from] brn
|upkeep
|turn|7
|
|t:|1758293273
|move|p1a: Dragapult|Hex|p2a: Iron Treads
|-damage|p2a: Iron Treads|0 fnt
|faint|p2a: Iron Treads
|-end|p2a: Iron Treads|Quark Drive|[silent]
|
|upkeep
|
|t:|1758293274
|switch|p2a: Deoxys|Deoxys-Speed, shiny|100/100
|-ability|p2a: Deoxys|Pressure
|turn|8
|
|t:|1758293284
|switch|p1a: Slowking|Slowking-Galar, M|100/100
|move|p2a: Deoxys|Ice Beam|p1a: Slowking
|-damage|p1a: Slowking|86/100
|
|upkeep
|turn|9
|
|t:|1758293289
|switch|p1a: Dragapult|Dragapult, F|3/100
|move|p2a: Deoxys|Shadow Ball|p1a: Dragapult
|-supereffective|p1a: Dragapult
|-damage|p1a: Dragapult|0 fnt
|faint|p1a: Dragapult
|
|upkeep
|
|t:|1758293292
|switch|p1a: Slowking|Slowking-Galar, M|100/100
|turn|10
|
|t:|1758293296
|switch|p2a: Garchomp|Garchomp, F|90/100
|move|p1a: Slowking|Sludge Bomb|p2a: Garchomp
|-resisted|p2a: Garchomp
|-damage|p2a: Garchomp|69/100
|
|upkeep
|turn|11
|
|t:|1758293299
|move|p2a: Garchomp|Spikes|p1a: Slowking
|-sidestart|p1: spudcutter|Spikes
|move|p1a: Slowking|Psyshock|p2a: Garchomp
|-damage|p2a: Garchomp|42/100
|
|upkeep
|turn|12
|
|t:|1758293303
|move|p2a: Garchomp|Stealth Rock|p1a: Slowking
|-sidestart|p1: spudcutter|move: Stealth Rock
|move|p1a: Slowking|Psyshock|p2a: Garchomp
|-damage|p2a: Garchomp|16/100
|
|upkeep
|turn|13
|
|t:|1758293309
|move|p2a: Garchomp|Spikes|p1a: Slowking
|-sidestart|p1: spudcutter|Spikes
|move|p1a: Slowking|Psyshock|p2a: Garchomp
|-damage|p2a: Garchomp|0 fnt
|faint|p2a: Garchomp
|
|upkeep
|
|t:|1758293316
|switch|p2a: Kingambit|Kingambit, M, shiny|100/100
|-activate|p2a: Kingambit|ability: Supreme Overlord
|-start|p2a: Kingambit|fallen2|[silent]
|turn|14
|
|t:|1758293321
|switch|p1a: Darkrai|Darkrai|100/100
|-damage|p1a: Darkrai|84/100|[from] Spikes
|-damage|p1a: Darkrai|72/100|[from] Stealth Rock
|move|p2a: Kingambit|Swords Dance|p2a: Kingambit
|-boost|p2a: Kingambit|atk|2
|
|upkeep
|turn|15
|
|t:|1758293325
|-end|p2a: Kingambit|fallen2|[silent]
|switch|p2a: Deoxys|Deoxys-Speed, shiny|100/100
|-ability|p2a: Deoxys|Pressure
|move|p1a: Darkrai|Dark Pulse|p2a: Deoxys
|-supereffective|p2a: Deoxys
|-damage|p2a: Deoxys|0 fnt
|faint|p2a: Deoxys
|-damage|p1a: Darkrai|62/100|[from] item: Life Orb
|
|upkeep
|
|t:|1758293339
|switch|p2a: Quaquaval|Quaquaval, M|100/100
|turn|16
|
|t:|1758293342
|move|p1a: Darkrai|Sludge Bomb|p2a: Quaquaval
|-damage|p2a: Quaquaval|43/100
|-damage|p1a: Darkrai|52/100|[from] item: Life Orb
|move|p2a: Quaquaval|Aqua Step|p1a: Darkrai
|-damage|p1a: Darkrai|0 fnt
|-boost|p2a: Quaquaval|spe|1
|faint|p1a: Darkrai
|-ability|p2a: Quaquaval|Moxie|boost
|-boost|p2a: Quaquaval|atk|1
|
|upkeep
|
|t:|1758293345
|switch|p1a: Dondozo|Dondozo, F|100/100
|-damage|p1a: Dondozo|84/100|[from] Spikes
|-damage|p1a: Dondozo|72/100|[from] Stealth Rock
|turn|17
|
|t:|1758293349
|switch|p2a: Hydrapple|Hydrapple, M, shiny|100/100
|move|p1a: Dondozo|Waterfall|p2a: Hydrapple
|-resisted|p2a: Hydrapple
|-damage|p2a: Hydrapple|95/100
|
|upkeep
|turn|18
|
|t:|1758293353
|switch|p1a: Kingambit|Kingambit, M|100/100
|-damage|p1a: Kingambit|84/100|[from] Spikes
|-damage|p1a: Kingambit|78/100|[from] Stealth Rock
|move|p2a: Hydrapple|Nasty Plot|p2a: Hydrapple
|-boost|p2a: Hydrapple|spa|2
|
|-heal|p1a: Kingambit|84/100|[from] item: Leftovers
|upkeep
|turn|19
|
|t:|1758293357
|move|p1a: Kingambit|Iron Head|p2a: Hydrapple
|-damage|p2a: Hydrapple|59/100
|move|p2a: Hydrapple|Earth Power|p1a: Kingambit
|-supereffective|p1a: Kingambit
|-damage|p1a: Kingambit|0 fnt
|faint|p1a: Kingambit
|
|upkeep
|
|t:|1758293359
|switch|p1a: Great Tusk|Great Tusk|51/100
|-damage|p1a: Great Tusk|35/100|[from] Spikes
|-damage|p1a: Great Tusk|32/100|[from] Stealth Rock
|turn|20
|
|t:|1758293362
|move|p1a: Great Tusk|Rapid Spin|p2a: Hydrapple
|-damage|p2a: Hydrapple|45/100
|-boost|p1a: Great Tusk|spe|1
|-sideend|p1: spudcutter|Spikes|[from] move: Rapid Spin|[of] p1a: Great Tusk
|-sideend|p1: spudcutter|Stealth Rock|[from] move: Rapid Spin|[of] p1a: Great Tusk
|move|p2a: Hydrapple|Giga Drain|p1a: Great Tusk
|-supereffective|p1a: Great Tusk
|-damage|p1a: Great Tusk|0 fnt
|-heal|p2a: Hydrapple|59/100|[from] drain|[of] p1a: Great Tusk
|faint|p1a: Great Tusk
|-end|p1a: Great Tusk|Protosynthesis|[silent]
|
|upkeep
|
|t:|1758293364
|switch|p1a: Slowking|Slowking-Galar, M|100/100
|turn|21
|
|t:|1758293367
|move|p2a: Hydrapple|Earth Power|p1a: Slowking
|-supereffective|p1a: Slowking
|-damage|p1a: Slowking|28/100
|move|p1a: Slowking|Sludge Bomb|p2a: Hydrapple
|-supereffective|p2a: Hydrapple
|-damage|p2a: Hydrapple|0 fnt
|faint|p2a: Hydrapple
|
|upkeep
|
|t:|1758293372
|switch|p2a: Quaquaval|Quaquaval, M|43/100
|turn|22
|
|t:|1758293375
|move|p2a: Quaquaval|Close Combat|p1a: Slowking
|-resisted|p1a: Slowking
|-damage|p1a: Slowking|3/100
|-unboost|p2a: Quaquaval|def|1
|-unboost|p2a: Quaquaval|spd|1
|move|p1a: Slowking|Psyshock|p2a: Quaquaval
|-supereffective|p2a: Quaquaval
|-damage|p2a: Quaquaval|0 fnt
|faint|p2a: Quaquaval
|
|upkeep
|
|t:|1758293379
|switch|p2a: Kingambit|Kingambit, M, shiny|100/100
|-activate|p2a: Kingambit|ability: Supreme Overlord
|-start|p2a: Kingambit|fallen5|[silent]
|turn|23
|
|t:|1758293382
|move|p2a: Kingambit|Foul Play|p1a: Slowking
|-supereffective|p1a: Slowking
|-damage|p1a: Slowking|0 fnt
|faint|p1a: Slowking
|
|upkeep
|
|t:|1758293384
|switch|p1a: Dondozo|Dondozo, F|72/100
|turn|24
|
|t:|1758293389
|-terastallize|p2a: Kingambit|Ghost
|move|p2a: Kingambit|Foul Play|p1a: Dondozo
|-damage|p1a: Dondozo|50/100
|-damage|p2a: Kingambit|84/100|[from] item: Rocky Helmet|[of] p1a: Dondozo
|move|p1a: Dondozo|Curse|p1a: Dondozo
|-unboost|p1a: Dondozo|spe|1
|-boost|p1a: Dondozo|atk|1
|-boost|p1a: Dondozo|def|1
|
|-heal|p2a: Kingambit|90/100|[from] item: Leftovers
|upkeep
|turn|25
|-message|sdor16 forfeited.
|
|win|spudcutter
|raw|spudcutter's rating: 1591 &rarr; <strong>1609</strong><br />(+18 for winning)
|raw|sdor16's rating: 1562 &rarr; <strong>1544</strong><br />(-18 for losing)
|l|☆sdor16
|player|p2|
|l|☆spudcutter
|player|p1|
