|j|☆Trumpismessiah
|j|☆DeimosDemon
|t:|1758244734
|gametype|singles
|player|p1|Trumpismessiah|102|1379
|player|p2|DeimosDemon|lance|1378
|gen|9
|tier|[Gen 9] OU
|rated|
|rule|HP Percentage Mod: HP is shown in percentages
|rule|Endless Battle Clause: Forcing endless battles is banned
|rule|Species Clause: Limit one of each Pokémon
|rule|OHKO Clause: OHKO moves are banned
|rule|Evasion Items Clause: Evasion items are banned
|rule|Evasion Moves Clause: Evasion moves are banned
|rule|Evasion Abilities Clause: Evasion abilities are banned
|rule|Sleep Moves Clause: Sleep-inducing moves are banned
|clearpoke
|poke|p1|Snorlax, M|
|poke|p1|Gengar, M|
|poke|p1|Moltres|
|poke|p1|Vileplume, M|
|poke|p1|Vaporeon, M|
|poke|p1|Tauros, M|
|poke|p2|Latias, F|
|poke|p2|Landorus-Therian, M|
|poke|p2|Glimmora, M|
|poke|p2|Gholdengo|
|poke|p2|Skeledirge, M|
|poke|p2|Iron Valiant|
|teampreview
|inactive|Battle timer is ON: inactive players will automatically lose when time's up. (requested by Trumpismessiah)
|
|t:|1758244746
|teamsize|p1|6
|teamsize|p2|6
|start
|switch|p1a: Gengar|Gengar, M|100/100
|switch|p2a: Landorus|Landorus-Therian, M|100/100
|-ability|p2a: Landorus|Intimidate|boost
|-unboost|p1a: Gengar|atk|1
|turn|1
|
|t:|1758244750
|move|p2a: Landorus|Earthquake|p1a: Gengar
|-supereffective|p1a: Gengar
|-enditem|p1a: Gengar|Focus Sash
|-damage|p1a: Gengar|1/100
|move|p1a: Gengar|Icy Wind|p2a: Landorus
|-supereffective|p2a: Landorus
|-damage|p2a: Landorus|0 fnt
|faint|p2a: Landorus
|
|upkeep
|
|t:|1758244765
|switch|p2a: Iron Valiant|Iron Valiant|100/100
|-enditem|p2a: Iron Valiant|Booster Energy
|-activate|p2a: Iron Valiant|ability: Quark Drive|[fromitem]
|-start|p2a: Iron Valiant|quarkdrivespe
|turn|2
|
|t:|1758244769
|switch|p1a: Vileplume|Vileplume, M|100/100
|move|p2a: Iron Valiant|Moonblast|p1a: Vileplume
|-resisted|p1a: Vileplume
|-damage|p1a: Vileplume|78/100
|
|upkeep
|turn|3
|
|t:|1758244777
|-end|p2a: Iron Valiant|Quark Drive|[silent]
|switch|p2a: Gholdengo|Gholdengo|100/100
|-item|p2a: Gholdengo|Air Balloon
|move|p1a: Vileplume|Sludge Bomb|p2a: Gholdengo
|-immune|p2a: Gholdengo
|
|upkeep
|turn|4
|
|t:|1758244792
|switch|p1a: Vaporeon|Vaporeon, M|100/100
|move|p2a: Gholdengo|Thunder Wave|p1a: Vaporeon
|-status|p1a: Vaporeon|par
|
|upkeep
|turn|5
|
|t:|1758244799
|move|p2a: Gholdengo|Hex|p1a: Vaporeon
|-damage|p1a: Vaporeon|69/100 par
|move|p1a: Vaporeon|Shadow Ball|p2a: Gholdengo
|-supereffective|p2a: Gholdengo
|-damage|p2a: Gholdengo|65/100
|-unboost|p2a: Gholdengo|spd|1
|-enditem|p2a: Gholdengo|Air Balloon
|
|-heal|p1a: Vaporeon|75/100 par|[from] item: Leftovers
|upkeep
|turn|6
|inactive|DeimosDemon has 120 seconds left.
|
|t:|1758244852
|switch|p2a: Iron Valiant|Iron Valiant|100/100
|cant|p1a: Vaporeon|par
|
|-heal|p1a: Vaporeon|81/100 par|[from] item: Leftovers
|upkeep
|turn|7
|
|t:|1758244858
|move|p1a: Vaporeon|Protect|p1a: Vaporeon
|-singleturn|p1a: Vaporeon|Protect
|move|p2a: Iron Valiant|Moonblast|p1a: Vaporeon
|-activate|p1a: Vaporeon|move: Protect
|
|-heal|p1a: Vaporeon|88/100 par|[from] item: Leftovers
|upkeep
|turn|8
|
|t:|1758244873
|move|p2a: Iron Valiant|Encore|p1a: Vaporeon
|-start|p1a: Vaporeon|Encore
|move|p1a: Vaporeon|Protect||[still]
|-fail|p1a: Vaporeon
|
|-heal|p1a: Vaporeon|94/100 par|[from] item: Leftovers
|upkeep
|turn|9
|inactive|DeimosDemon has 120 seconds left.
|
|t:|1758244879
|switch|p1a: Vileplume|Vileplume, M|78/100
|move|p2a: Iron Valiant|Moonblast|p1a: Vileplume
|-resisted|p1a: Vileplume
|-damage|p1a: Vileplume|54/100
|-unboost|p1a: Vileplume|spa|1
|
|upkeep
|turn|10
|
|t:|1758244884
|-end|p2a: Iron Valiant|Quark Drive|[silent]
|switch|p2a: Gholdengo|Gholdengo|65/100
|switch|p1a: Snorlax|Snorlax, M|100/100
|
|upkeep
|turn|11
|
|t:|1758244890
|move|p2a: Gholdengo|Thunder Wave|p1a: Snorlax
|-status|p1a: Snorlax|par
|cant|p1a: Snorlax|par
|
|upkeep
|turn|12
|
|t:|1758244901
|switch|p2a: Skeledirge|Skeledirge, M|100/100
|move|p1a: Snorlax|Earthquake|p2a: Skeledirge
|-supereffective|p2a: Skeledirge
|-crit|p2a: Skeledirge
|-damage|p2a: Skeledirge|17/100
|
|upkeep
|turn|13
|
|t:|1758244912
|switch|p2a: Latias|Latias, F|100/100
|move|p1a: Snorlax|Earthquake|p2a: Latias
|-immune|p2a: Latias|[from] ability: Levitate
|
|upkeep
|turn|14
|
|t:|1758244923
|move|p2a: Latias|Agility|p2a: Latias
|-boost|p2a: Latias|spe|2
|cant|p1a: Snorlax|par
|
|upkeep
|turn|15
|
|t:|1758244928
|move|p2a: Latias|Calm Mind|p2a: Latias
|-boost|p2a: Latias|spa|1
|-boost|p2a: Latias|spd|1
|move|p1a: Snorlax|Body Slam|p2a: Latias
|-damage|p2a: Latias|68/100
|
|-heal|p2a: Latias|74/100|[from] item: Leftovers
|upkeep
|turn|16
|
|t:|1758244944
|move|p2a: Latias|Calm Mind|p2a: Latias
|-boost|p2a: Latias|spa|1
|-boost|p2a: Latias|spd|1
|move|p1a: Snorlax|Body Slam|p2a: Latias
|-damage|p2a: Latias|45/100
|
|-heal|p2a: Latias|51/100|[from] item: Leftovers
|upkeep
|turn|17
|
|t:|1758244950
|move|p2a: Latias|Draining Kiss|p1a: Snorlax
|-damage|p1a: Snorlax|84/100 par
|-heal|p2a: Latias|69/100|[from] drain|[of] p1a: Snorlax
|move|p1a: Snorlax|Outrage|p2a: Latias
|-supereffective|p2a: Latias
|-damage|p2a: Latias|11/100
|
|-heal|p2a: Latias|17/100|[from] item: Leftovers
|upkeep
|turn|18
|
|t:|1758244964
|move|p2a: Latias|Stored Power|p1a: Snorlax
|-damage|p1a: Snorlax|26/100 par
|move|p1a: Snorlax|Outrage|p2a: Latias|[from] lockedmove
|-supereffective|p2a: Latias
|-damage|p2a: Latias|0 fnt
|faint|p2a: Latias
|
|upkeep
|
|t:|1758244978
|switch|p2a: Glimmora|Glimmora, M|100/100
|turn|19
|-enditem|p1a: Snorlax|Custap Berry|[eat]
|-activate|p1a: Snorlax|item: Custap Berry|[consumed]
|
|t:|1758244985
|move|p1a: Snorlax|Outrage|p2a: Glimmora|[from] lockedmove
|-damage|p2a: Glimmora|53/100
|-activate|p2a: Glimmora|ability: Toxic Debris
|-sidestart|p1: Trumpismessiah|move: Toxic Spikes
|-start|p1a: Snorlax|confusion|[fatigue]
|move|p2a: Glimmora|Meteor Beam||[still]
|-prepare|p2a: Glimmora|Meteor Beam
|-boost|p2a: Glimmora|spa|1
|-enditem|p2a: Glimmora|Power Herb
|-anim|p2a: Glimmora|Meteor Beam|p1a: Snorlax
|-damage|p1a: Snorlax|0 fnt
|faint|p1a: Snorlax
|
|upkeep
|
|t:|1758244991
|switch|p1a: Gengar|Gengar, M|1/100
|-sideend|p1: Trumpismessiah|move: Toxic Spikes|[of] p1a: Gengar
|turn|20
|
|t:|1758245002
|switch|p2a: Iron Valiant|Iron Valiant|100/100
|-terastallize|p1a: Gengar|Ghost
|move|p1a: Gengar|Shadow Ball|p2a: Iron Valiant
|-damage|p2a: Iron Valiant|0 fnt
|faint|p2a: Iron Valiant
|-end|p2a: Iron Valiant|Quark Drive|[silent]
|
|upkeep
|-message|DeimosDemon forfeited.
|
|win|Trumpismessiah
|raw|Trumpismessiah's rating: 1379 &rarr; <strong>1399</strong><br />(+20 for winning)
|raw|DeimosDemon's rating: 1378 &rarr; <strong>1358</strong><br />(-20 for losing)
|l|☆DeimosDemon
|player|p2|
|l|☆Trumpismessiah
|player|p1|
