|j|☆GummyDeino
|j|☆sonic superstars
|t:|1758294954
|gametype|singles
|player|p1|GummyDeino|101|1565
|player|p2|sonic superstars|pryce|1644
|gen|9
|tier|[Gen 9] OU
|rated|
|rule|HP Percentage Mod: HP is shown in percentages
|rule|Endless Battle Clause: Forcing endless battles is banned
|rule|Species Clause: Limit one of each Pokémon
|rule|OHKO Clause: OHKO moves are banned
|rule|Evasion Items Clause: Evasion items are banned
|rule|Evasion Moves Clause: Evasion moves are banned
|rule|Evasion Abilities Clause: Evasion abilities are banned
|rule|Sleep Moves Clause: Sleep-inducing moves are banned
|clearpoke
|poke|p1|Indeedee, M|
|poke|p1|Hatterene, F|
|poke|p1|Ursaluna, F|
|poke|p1|Iron Hands|
|poke|p1|Hoopa-Unbound|
|poke|p1|Mimikyu, F|
|poke|p2|Crabominable, M|
|poke|p2|Slowking-Galar, M|
|poke|p2|Hoopa-Unbound|
|poke|p2|Ursaluna, M|
|poke|p2|Hatterene, F|
|poke|p2|Kingambit, F|
|teampreview
|inactive|Battle timer is ON: inactive players will automatically lose when time's up. (requested by sonic superstars)
|inactive|GummyDeino also wants the timer to be on.
|j| LT124YH Ghoul
|inactive|sonic superstars has 120 seconds left.
|
|t:|1758294995
|teamsize|p1|6
|teamsize|p2|6
|start
|switch|p1a: Catch These Hands|Iron Hands, shiny|100/100
|switch|p2a: Ursaluna|Ursaluna, M|100/100
|-enditem|p1a: Catch These Hands|Booster Energy
|-activate|p1a: Catch These Hands|ability: Quark Drive|[fromitem]
|-start|p1a: Catch These Hands|quarkdriveatk
|turn|1
|c| LT124YH Ghoul|One tr has beat JJ the other can’t beat 1600’s
|
|t:|1758295003
|switch|p2a: Slowking|Slowking-Galar, M|100/100
|move|p1a: Catch These Hands|Close Combat|p2a: Slowking
|-resisted|p2a: Slowking
|-damage|p2a: Slowking|83/100
|-unboost|p1a: Catch These Hands|def|1
|-unboost|p1a: Catch These Hands|spd|1
|
|upkeep
|turn|2
|c| LT124YH Ghoul|wonder which one wins
|
|t:|1758295015
|switch|p2a: Ursaluna|Ursaluna, M|100/100
|move|p1a: Catch These Hands|Supercell Slam|p2a: Ursaluna
|-immune|p2a: Ursaluna
|-damage|p1a: Catch These Hands|50/100|[from] supercellslam
|
|-status|p2a: Ursaluna|brn|[from] item: Flame Orb
|upkeep
|turn|3
|c|☆sonic superstars|all in a day's work
|c| LT124YH Ghoul|At least we know it’s not an Mrh alt
|
|t:|1758295039
|-end|p1a: Catch These Hands|Quark Drive|[silent]
|switch|p1a: Mimi :3|Mimikyu, F, shiny|100/100
|switch|p2a: Hatterene|Hatterene, F|100/100
|
|upkeep
|turn|4
|c|☆GummyDeino|Yup
|c|☆GummyDeino|I’m ass
|
|t:|1758295049
|switch|p2a: Slowking|Slowking-Galar, M|100/100
|move|p1a: Mimi :3|Trick Room|p1a: Mimi :3
|-fieldstart|move: Trick Room|[of] p1a: Mimi :3
|
|upkeep
|turn|5
|
|t:|1758295053
|move|p1a: Mimi :3|Curse|p2a: Slowking
|-start|p2a: Slowking|Curse|[of] p1a: Mimi :3
|-damage|p1a: Mimi :3|50/100
|-prepare|p2a: Slowking|Chilly Reception|[premajor]
|move|p2a: Slowking|Chilly Reception|p2a: Slowking
|-weather|Snowscape
|
|t:|1758295060
|switch|p2a: Hoopa|Hoopa-Unbound|100/100|[from] Chilly Reception
|
|-weather|Snowscape|[upkeep]
|upkeep
|turn|6
|
|t:|1758295070
|move|p2a: Hoopa|Hyperspace Fury|p1a: Mimi :3
|-activate|p1a: Mimi :3|ability: Disguise
|-damage|p1a: Mimi :3|50/100
|-unboost|p2a: Hoopa|def|1
|detailschange|p1a: Mimi :3|Mimikyu-Busted, F, shiny
|-damage|p1a: Mimi :3|38/100|[from] pokemon: Mimikyu-Busted
|-enditem|p1a: Mimi :3|Red Card|[of] p2a: Hoopa
|-enditem|p2a: Hoopa|Eject Pack
|drag|p2a: Hatterene|Hatterene, F|100/100
|move|p1a: Mimi :3|Curse|p2a: Hatterene
|-start|p2a: Hatterene|Curse|[of] p1a: Mimi :3
|-damage|p1a: Mimi :3|0 fnt
|faint|p1a: Mimi :3
|
|-weather|Snowscape|[upkeep]
|-damage|p2a: Hatterene|76/100|[from] Curse
|upkeep
|c|☆sonic superstars|who clicked smh
|c|☆sonic superstars|u just fucked hatt's sash
|c|☆sonic superstars|i bet it was u waffle
|c|☆sonic superstars|Cap
|l| LT124YH Ghoul
|
|t:|1758295096
|switch|p1a: 5 Nights In TR|Ursaluna, F, shiny|100/100
|turn|7
|c|☆sonic superstars|Im spectating
|c|☆sonic superstars|Ada luna not min speed
|c|☆sonic superstars|4a iirc
|
|t:|1758295113
|move|p2a: Hatterene|Dazzling Gleam|p1a: 5 Nights In TR
|-damage|p1a: 5 Nights In TR|71/100
|move|p1a: 5 Nights In TR|Headlong Rush|p2a: Hatterene
|-damage|p2a: Hatterene|22/100
|-unboost|p1a: 5 Nights In TR|def|1
|-unboost|p1a: 5 Nights In TR|spd|1
|
|-weather|Snowscape|[upkeep]
|-damage|p2a: Hatterene|0 fnt|[from] Curse
|faint|p2a: Hatterene
|-status|p1a: 5 Nights In TR|brn|[from] item: Flame Orb
|upkeep
|
|t:|1758295120
|switch|p2a: ICE HAMMA 🔨🧊|Crabominable, M|100/100
|turn|8
|n|☆sonic superstars|sonicsuperstars
|
|t:|1758295128
|-terastallize|p1a: 5 Nights In TR|Normal
|move|p2a: ICE HAMMA 🔨🧊|Ice Hammer|p1a: 5 Nights In TR
|-damage|p1a: 5 Nights In TR|0 fnt
|-unboost|p2a: ICE HAMMA 🔨🧊|spe|1
|faint|p1a: 5 Nights In TR
|
|-weather|Snowscape|[upkeep]
|-fieldend|move: Trick Room
|upkeep
|c|☆sonic superstars|Crabber
|c|☆GummyDeino|Shit
|c|☆sonic superstars|ICE HAMMA 🔨🧊🧊
|
|t:|1758295138
|switch|p1a: Catch These Hands|Iron Hands, shiny|50/100
|turn|9
|
|t:|1758295146
|switch|p2a: Slowking|Slowking-Galar, M|100/100
|move|p1a: Catch These Hands|Supercell Slam|p2a: Slowking
|-damage|p2a: Slowking|55/100
|
|-weather|none
|upkeep
|turn|10
|
|t:|1758295154
|-end|p1a: Catch These Hands|Quark Drive|[silent]
|switch|p1a: Ayo Doc Heal Me|Indeedee, M, shiny|100/100
|-fieldstart|move: Psychic Terrain|[from] ability: Psychic Surge|[of] p1a: Ayo Doc Heal Me
|-prepare|p2a: Slowking|Chilly Reception|[premajor]
|move|p2a: Slowking|Chilly Reception|p2a: Slowking
|-weather|Snowscape
|
|t:|1758295160
|switch|p2a: Ursaluna|Ursaluna, M|100/100 brn|[from] Chilly Reception
|
|-weather|Snowscape|[upkeep]
|-damage|p2a: Ursaluna|94/100 brn|[from] brn
|upkeep
|turn|11
|c|☆sonic superstars|Why did u not tr...
|c|☆sonic superstars|waffle whats the indeedee moveset
|c|☆sonic superstars|i'm too lazy to look up the paste
|c|☆sonic superstars|https://pokepast.es/f9ca480f93df3853
|inactive|GummyDeino has 120 seconds left.
|
|t:|1758295202
|switch|p2a: Kingambit|Kingambit, F|100/100
|-activate|p2a: Kingambit|ability: Supreme Overlord
|-start|p2a: Kingambit|fallen1|[silent]
|move|p1a: Ayo Doc Heal Me|Healing Wish|p1a: Ayo Doc Heal Me
|faint|p1a: Ayo Doc Heal Me
|
|-weather|Snowscape|[upkeep]
|upkeep
|inactive|GummyDeino has 120 seconds left.
|c|☆sonic superstars|Goobered
|
|t:|1758295209
|switch|p1a: Catch These Hands|Iron Hands, shiny|50/100
|-heal|p1a: Catch These Hands|100/100|[from] move: Healing Wish
|turn|12
|c|☆sonic superstars|Ur gonna get a hanjob now
|c|☆sonic superstars|?
|c|☆sonic superstars|✅️
|inactive|sonic superstars has 120 seconds left.
|
|t:|1758295231
|-end|p1a: Catch These Hands|Quark Drive|[silent]
|switch|p1a: Sukuna|Hoopa-Unbound|100/100
|-enditem|p1a: Sukuna|Psychic Seed
|-boost|p1a: Sukuna|spd|1|[from] item: Psychic Seed
|-end|p2a: Kingambit|fallen1|[silent]
|switch|p2a: Slowking|Slowking-Galar, M|88/100
|
|-weather|Snowscape|[upkeep]
|upkeep
|turn|13
|
|t:|1758295240
|switch|p2a: Kingambit|Kingambit, F|100/100
|-activate|p2a: Kingambit|ability: Supreme Overlord
|-start|p2a: Kingambit|fallen1|[silent]
|move|p1a: Sukuna|Trick Room|p1a: Sukuna
|-fieldstart|move: Trick Room|[of] p1a: Sukuna
|
|-weather|Snowscape|[upkeep]
|upkeep
|turn|14
|
|t:|1758295248
|-terastallize|p2a: Kingambit|Flying
|move|p2a: Kingambit|Swords Dance|p2a: Kingambit
|-boost|p2a: Kingambit|atk|2
|move|p1a: Sukuna|Focus Blast|p2a: Kingambit
|-resisted|p2a: Kingambit
|-damage|p2a: Kingambit|77/100
|-unboost|p2a: Kingambit|spd|1
|-item|p1a: Sukuna|Leftovers|[from] ability: Magician|[of] p2a: Kingambit
|
|-weather|none
|upkeep
|turn|15
|
|t:|1758295259
|switch|p1a: Catch These Hands|Iron Hands, shiny|100/100
|move|p2a: Kingambit|Iron Head|p1a: Catch These Hands
|-resisted|p1a: Catch These Hands
|-damage|p1a: Catch These Hands|66/100
|
|upkeep
|turn|16
|
|t:|1758295265
|move|p2a: Kingambit|Low Kick|p1a: Catch These Hands
|-damage|p1a: Catch These Hands|0 fnt
|faint|p1a: Catch These Hands
|-end|p1a: Catch These Hands|Quark Drive|[silent]
|
|upkeep
|c|☆sonic superstars|Why would u tr...
|
|t:|1758295269
|switch|p1a: Satella|Hatterene, F, shiny|100/100
|turn|17
|
|t:|1758295273
|move|p1a: Satella|Expanding Force|p2a: Kingambit
|-damage|p2a: Kingambit|0 fnt
|faint|p2a: Kingambit
|-end|p2a: Kingambit|fallen1|[silent]
|-damage|p1a: Satella|91/100|[from] item: Life Orb
|
|-fieldend|move: Trick Room
|-fieldend|move: Psychic Terrain
|upkeep
|c|☆sonic superstars|o lol
|c|☆sonic superstars|Hammer
|c|☆sonic superstars|Its quite nature
|
|t:|1758295286
|switch|p2a: Ursaluna|Ursaluna, M|94/100 brn
|turn|18
|c|☆sonic superstars|Wait whixh kne is that
|
|t:|1758295289
|move|p2a: Ursaluna|Facade|p1a: Satella
|-damage|p1a: Satella|0 fnt
|faint|p1a: Satella
|
|-damage|p2a: Ursaluna|88/100 brn|[from] brn
|upkeep
|-message|GummyDeino forfeited.
|
|win|sonic superstars
|raw|GummyDeino's rating: 1565 &rarr; <strong>1549</strong><br />(-16 for losing)
|raw|sonic superstars's rating: 1644 &rarr; <strong>1660</strong><br />(+16 for winning)
|c|☆sonic superstars|gg
