|j|☆Eddozz00006
|j|☆dwembox
|t:|1758294551
|gametype|singles
|player|p1|Eddozz00006|maxie-gen6|1392
|player|p2|dwembox|1|1375
|gen|9
|tier|[Gen 9] OU
|rated|
|rule|HP Percentage Mod: HP is shown in percentages
|rule|Endless Battle Clause: Forcing endless battles is banned
|rule|Species Clause: Limit one of each Pokémon
|rule|OHKO Clause: OHKO moves are banned
|rule|Evasion Items Clause: Evasion items are banned
|rule|Evasion Moves Clause: Evasion moves are banned
|rule|Evasion Abilities Clause: Evasion abilities are banned
|rule|Sleep Moves Clause: Sleep-inducing moves are banned
|clearpoke
|poke|p1|Tauros, M|
|poke|p1|Snorlax, F|
|poke|p1|Chansey, F|
|poke|p1|Exeggutor, M|
|poke|p1|Zapdos|
|poke|p1|Rhydon, M|
|poke|p2|Blissey, F|
|poke|p2|Salazzle, F|
|poke|p2|Corviknight, F|
|poke|p2|Hydrapple, F|
|poke|p2|Quagsire, F|
|poke|p2|Okidogi, M|
|teampreview
|inactive|Battle timer is ON: inactive players will automatically lose when time's up. (requested by Eddozz00006)
|c|☆dwembox|are you a gen 1 player per chance
|
|t:|1758294573
|teamsize|p1|6
|teamsize|p2|6
|start
|switch|p1a: Tauros|Tauros, M|100/100
|switch|p2a: Hydrapple|Hydrapple, F|100/100
|turn|1
|c|☆Eddozz00006|noooo x)
|
|t:|1758294584
|switch|p1a: Zapdos|Zapdos|100/100
|move|p2a: Hydrapple|Draco Meteor|p1a: Zapdos
|-damage|p1a: Zapdos|7/100
|-unboost|p2a: Hydrapple|spa|2
|
|upkeep
|turn|2
|
|t:|1758294591
|move|p1a: Zapdos|Roost|p1a: Zapdos
|-heal|p1a: Zapdos|57/100
|-singleturn|p1a: Zapdos|move: Roost
|move|p2a: Hydrapple|Draco Meteor|p1a: Zapdos
|-damage|p1a: Zapdos|6/100
|-unboost|p2a: Hydrapple|spa|2
|
|upkeep
|turn|3
|
|t:|1758294603
|switch|p2a: Salazzle|Salazzle, F|100/100
|move|p1a: Zapdos|Roost|p1a: Zapdos
|-heal|p1a: Zapdos|56/100
|-singleturn|p1a: Zapdos|move: Roost
|
|upkeep
|turn|4
|
|t:|1758294611
|move|p2a: Salazzle|Substitute|p2a: Salazzle
|-start|p2a: Salazzle|Substitute
|-damage|p2a: Salazzle|76/100
|move|p1a: Zapdos|Hurricane|p2a: Salazzle
|-end|p2a: Salazzle|Substitute
|
|-heal|p2a: Salazzle|82/100|[from] item: Leftovers
|upkeep
|turn|5
|
|t:|1758294618
|move|p2a: Salazzle|Protect|p2a: Salazzle
|-singleturn|p2a: Salazzle|Protect
|move|p1a: Zapdos|Volt Switch|p2a: Salazzle
|-activate|p2a: Salazzle|move: Protect
|
|-heal|p2a: Salazzle|88/100|[from] item: Leftovers
|upkeep
|turn|6
|
|t:|1758294622
|move|p2a: Salazzle|Substitute|p2a: Salazzle
|-start|p2a: Salazzle|Substitute
|-damage|p2a: Salazzle|63/100
|move|p1a: Zapdos|Roost|p1a: Zapdos
|-heal|p1a: Zapdos|100/100
|-singleturn|p1a: Zapdos|move: Roost
|
|-heal|p2a: Salazzle|70/100|[from] item: Leftovers
|upkeep
|turn|7
|
|t:|1758294627
|move|p2a: Salazzle|Toxic|p1a: Zapdos
|-status|p1a: Zapdos|tox
|move|p1a: Zapdos|Volt Switch|p2a: Salazzle
|-end|p2a: Salazzle|Substitute
|
|t:|1758294631
|switch|p1a: Tauros|Tauros, M|100/100|[from] Volt Switch
|
|-heal|p2a: Salazzle|76/100|[from] item: Leftovers
|upkeep
|turn|8
|
|t:|1758294639
|move|p2a: Salazzle|Protect|p2a: Salazzle
|-singleturn|p2a: Salazzle|Protect
|move|p1a: Tauros|Earthquake|p2a: Salazzle
|-activate|p2a: Salazzle|move: Protect
|
|-heal|p2a: Salazzle|82/100|[from] item: Leftovers
|upkeep
|turn|9
|
|t:|1758294645
|-terastallize|p2a: Salazzle|Bug
|move|p2a: Salazzle|Toxic|p1a: Tauros
|-status|p1a: Tauros|tox
|move|p1a: Tauros|Double-Edge|p2a: Salazzle
|-damage|p2a: Salazzle|3/100
|-damage|p1a: Tauros|70/100 tox|[from] Recoil
|
|-heal|p2a: Salazzle|9/100|[from] item: Leftovers
|-damage|p1a: Tauros|64/100 tox|[from] psn
|upkeep
|turn|10
|
|t:|1758294655
|move|p2a: Salazzle|Protect|p2a: Salazzle
|-singleturn|p2a: Salazzle|Protect
|move|p1a: Tauros|Earthquake|p2a: Salazzle
|-activate|p2a: Salazzle|move: Protect
|
|-heal|p2a: Salazzle|15/100|[from] item: Leftovers
|-damage|p1a: Tauros|52/100 tox|[from] psn
|upkeep
|turn|11
|
|t:|1758294660
|move|p2a: Salazzle|Flamethrower|p1a: Tauros
|-damage|p1a: Tauros|0 fnt
|faint|p1a: Tauros
|
|-heal|p2a: Salazzle|21/100|[from] item: Leftovers
|upkeep
|
|t:|1758294672
|switch|p1a: Snorlax|Snorlax, F|100/100
|turn|12
|
|t:|1758294681
|move|p2a: Salazzle|Protect|p2a: Salazzle
|-singleturn|p2a: Salazzle|Protect
|move|p1a: Snorlax|Heat Crash|p2a: Salazzle
|-activate|p2a: Salazzle|move: Protect
|
|-heal|p2a: Salazzle|28/100|[from] item: Leftovers
|upkeep
|turn|13
|
|t:|1758294686
|move|p2a: Salazzle|Substitute|p2a: Salazzle
|-start|p2a: Salazzle|Substitute
|-damage|p2a: Salazzle|3/100
|move|p1a: Snorlax|Substitute|p1a: Snorlax
|-start|p1a: Snorlax|Substitute
|-damage|p1a: Snorlax|76/100
|
|-heal|p2a: Salazzle|9/100|[from] item: Leftovers
|-heal|p1a: Snorlax|82/100|[from] item: Leftovers
|upkeep
|turn|14
|
|t:|1758294692
|move|p2a: Salazzle|Flamethrower|p1a: Snorlax
|-activate|p1a: Snorlax|move: Substitute|[damage]
|move|p1a: Snorlax|Heat Crash|p2a: Salazzle
|-supereffective|p2a: Salazzle
|-end|p2a: Salazzle|Substitute
|
|-heal|p2a: Salazzle|15/100|[from] item: Leftovers
|-heal|p1a: Snorlax|88/100|[from] item: Leftovers
|upkeep
|turn|15
|
|t:|1758294695
|move|p2a: Salazzle|Flamethrower|p1a: Snorlax
|-activate|p1a: Snorlax|move: Substitute|[damage]
|move|p1a: Snorlax|Heat Crash|p2a: Salazzle
|-supereffective|p2a: Salazzle
|-damage|p2a: Salazzle|0 fnt
|faint|p2a: Salazzle
|
|-heal|p1a: Snorlax|94/100|[from] item: Leftovers
|upkeep
|
|t:|1758294700
|switch|p2a: Okidogi|Okidogi, M|100/100
|turn|16
|
|t:|1758294709
|move|p2a: Okidogi|Drain Punch|p1a: Snorlax
|-supereffective|p1a: Snorlax
|-end|p1a: Snorlax|Substitute
|move|p1a: Snorlax|Earthquake|p2a: Okidogi
|-supereffective|p2a: Okidogi
|-damage|p2a: Okidogi|57/100
|
|-heal|p1a: Snorlax|99/100|[from] item: Leftovers
|upkeep
|turn|17
|
|t:|1758294715
|switch|p1a: Zapdos|Zapdos|100/100 tox
|move|p2a: Okidogi|Drain Punch|p1a: Zapdos
|-resisted|p1a: Zapdos
|-damage|p1a: Zapdos|79/100 tox
|-heal|p2a: Okidogi|68/100|[from] drain|[of] p1a: Zapdos
|
|-damage|p1a: Zapdos|73/100 tox|[from] psn
|upkeep
|turn|18
|
|t:|1758294722
|switch|p2a: Blissey|Blissey, F|100/100
|move|p1a: Zapdos|Volt Switch|p2a: Blissey
|-damage|p2a: Blissey|87/100
|
|t:|1758294730
|switch|p1a: Rhydon|Rhydon, M|100/100|[from] Volt Switch
|
|upkeep
|turn|19
|
|t:|1758294743
|move|p2a: Blissey|Stealth Rock|p1a: Rhydon
|-sidestart|p1: Eddozz00006|move: Stealth Rock
|move|p1a: Rhydon|Earthquake|p2a: Blissey
|-damage|p2a: Blissey|36/100
|
|upkeep
|turn|20
|
|t:|1758294753
|switch|p2a: Corviknight|Corviknight, F|100/100
|-ability|p2a: Corviknight|Pressure
|move|p1a: Rhydon|Supercell Slam|p2a: Corviknight
|-supereffective|p2a: Corviknight
|-damage|p2a: Corviknight|58/100
|
|-heal|p2a: Corviknight|64/100|[from] item: Leftovers
|upkeep
|turn|21
|
|t:|1758294760
|switch|p1a: Zapdos|Zapdos|73/100 tox
|move|p2a: Corviknight|Roost|p2a: Corviknight
|-heal|p2a: Corviknight|100/100
|-singleturn|p2a: Corviknight|move: Roost
|
|-damage|p1a: Zapdos|67/100 tox|[from] psn
|upkeep
|turn|22
|
|t:|1758294767
|switch|p2a: Quagsire|Quagsire, F|100/100
|move|p1a: Zapdos|Roost|p1a: Zapdos
|-heal|p1a: Zapdos|100/100 tox
|-singleturn|p1a: Zapdos|move: Roost
|
|-damage|p1a: Zapdos|88/100 tox|[from] psn
|upkeep
|turn|23
|
|t:|1758294772
|move|p1a: Zapdos|Hurricane|p2a: Quagsire
|-damage|p2a: Quagsire|27/100
|-start|p2a: Quagsire|confusion
|-activate|p2a: Quagsire|confusion
|-damage|p2a: Quagsire|21/100|[from] confusion
|
|-heal|p2a: Quagsire|27/100|[from] item: Leftovers
|-damage|p1a: Zapdos|70/100 tox|[from] psn
|upkeep
|turn|24
|
|t:|1758294784
|move|p1a: Zapdos|Hurricane|p2a: Quagsire|[miss]
|-miss|p1a: Zapdos|p2a: Quagsire
|-activate|p2a: Quagsire|confusion
|move|p2a: Quagsire|Recover|p2a: Quagsire
|-heal|p2a: Quagsire|77/100
|
|-heal|p2a: Quagsire|83/100|[from] item: Leftovers
|-damage|p1a: Zapdos|46/100 tox|[from] psn
|upkeep
|turn|25
|
|t:|1758294787
|switch|p2a: Blissey|Blissey, F|36/100
|move|p1a: Zapdos|Hurricane|p2a: Blissey
|-damage|p2a: Blissey|14/100
|
|-damage|p1a: Zapdos|16/100 tox|[from] psn
|upkeep
|turn|26
|
|t:|1758294793
|move|p1a: Zapdos|Hurricane|p2a: Blissey
|-damage|p2a: Blissey|0 fnt
|faint|p2a: Blissey
|
|-damage|p1a: Zapdos|0 fnt|[from] psn
|faint|p1a: Zapdos
|upkeep
|
|t:|1758294805
|switch|p1a: Snorlax|Snorlax, F|99/100
|switch|p2a: Hydrapple|Hydrapple, F|100/100
|-damage|p1a: Snorlax|88/100|[from] Stealth Rock
|turn|27
|
|t:|1758294813
|move|p2a: Hydrapple|Draco Meteor|p1a: Snorlax
|-damage|p1a: Snorlax|45/100
|-unboost|p2a: Hydrapple|spa|2
|move|p1a: Snorlax|Heat Crash|p2a: Hydrapple
|-damage|p2a: Hydrapple|80/100
|
|-heal|p1a: Snorlax|51/100|[from] item: Leftovers
|upkeep
|turn|28
|
|t:|1758294822
|switch|p2a: Okidogi|Okidogi, M|68/100
|switch|p1a: Chansey|Chansey, F|100/100
|-damage|p1a: Chansey|88/100|[from] Stealth Rock
|
|upkeep
|turn|29
|
|t:|1758294827
|-terastallize|p1a: Chansey|Ghost
|move|p2a: Okidogi|Ice Punch|p1a: Chansey
|-damage|p1a: Chansey|68/100
|move|p1a: Chansey|Thunder Wave|p2a: Okidogi
|-status|p2a: Okidogi|par
|
|upkeep
|turn|30
|
|t:|1758294837
|move|p1a: Chansey|Seismic Toss|p2a: Okidogi
|-damage|p2a: Okidogi|42/100 par
|move|p2a: Okidogi|Knock Off|p1a: Chansey
|-supereffective|p1a: Chansey
|-damage|p1a: Chansey|24/100
|-enditem|p1a: Chansey|Eviolite|[from] move: Knock Off|[of] p2a: Okidogi
|
|upkeep
|turn|31
|
|t:|1758294841
|move|p1a: Chansey|Soft-Boiled|p1a: Chansey
|-heal|p1a: Chansey|74/100
|move|p2a: Okidogi|Knock Off|p1a: Chansey
|-supereffective|p1a: Chansey
|-damage|p1a: Chansey|27/100
|-status|p1a: Chansey|tox|[from] ability: Toxic Chain|[of] p2a: Okidogi
|
|-damage|p1a: Chansey|21/100 tox|[from] psn
|upkeep
|turn|32
|
|t:|1758294850
|move|p1a: Chansey|Seismic Toss|p2a: Okidogi
|-damage|p2a: Okidogi|15/100 par
|move|p2a: Okidogi|Knock Off|p1a: Chansey
|-supereffective|p1a: Chansey
|-damage|p1a: Chansey|0 fnt
|faint|p1a: Chansey
|
|upkeep
|
|t:|1758294853
|switch|p1a: Rhydon|Rhydon, M|100/100
|-damage|p1a: Rhydon|94/100|[from] Stealth Rock
|turn|33
|
|t:|1758294859
|move|p1a: Rhydon|Swords Dance|p1a: Rhydon
|-boost|p1a: Rhydon|atk|2
|move|p2a: Okidogi|Drain Punch|p1a: Rhydon
|-supereffective|p1a: Rhydon
|-damage|p1a: Rhydon|54/100
|-heal|p2a: Okidogi|37/100 par|[from] drain|[of] p1a: Rhydon
|
|upkeep
|turn|34
|
|t:|1758294866
|move|p1a: Rhydon|Ice Punch|p2a: Okidogi
|-damage|p2a: Okidogi|0 fnt
|faint|p2a: Okidogi
|
|upkeep
|
|t:|1758294868
|switch|p2a: Quagsire|Quagsire, F|83/100
|turn|35
|
|t:|1758294872
|switch|p1a: Exeggutor|Exeggutor, M|100/100
|-damage|p1a: Exeggutor|88/100|[from] Stealth Rock
|move|p2a: Quagsire|Toxic|p1a: Exeggutor
|-status|p1a: Exeggutor|tox
|
|-heal|p2a: Quagsire|90/100|[from] item: Leftovers
|-damage|p1a: Exeggutor|82/100 tox|[from] psn
|upkeep
|turn|36
|
|t:|1758294877
|switch|p1a: Rhydon|Rhydon, M|54/100
|-damage|p1a: Rhydon|48/100|[from] Stealth Rock
|switch|p2a: Hydrapple|Hydrapple, F|100/100
|
|upkeep
|turn|37
|
|t:|1758294884
|move|p2a: Hydrapple|Giga Drain|p1a: Rhydon
|-supereffective|p1a: Rhydon
|-damage|p1a: Rhydon|0 fnt
|faint|p1a: Rhydon
|
|upkeep
|
|t:|1758294886
|switch|p1a: Snorlax|Snorlax, F|51/100
|-damage|p1a: Snorlax|39/100|[from] Stealth Rock
|turn|38
|
|t:|1758294888
|move|p2a: Hydrapple|Giga Drain|p1a: Snorlax
|-damage|p1a: Snorlax|12/100
|move|p1a: Snorlax|Heat Crash|p2a: Hydrapple
|-damage|p2a: Hydrapple|82/100
|
|-heal|p1a: Snorlax|18/100|[from] item: Leftovers
|upkeep
|turn|39
|
|t:|1758294891
|move|p2a: Hydrapple|Giga Drain|p1a: Snorlax
|-damage|p1a: Snorlax|0 fnt
|-heal|p2a: Hydrapple|94/100|[from] drain|[of] p1a: Snorlax
|faint|p1a: Snorlax
|
|upkeep
|
|t:|1758294892
|switch|p1a: Exeggutor|Exeggutor, M|82/100 tox
|-damage|p1a: Exeggutor|70/100 tox|[from] Stealth Rock
|turn|40
|
|t:|1758294894
|move|p1a: Exeggutor|Psychic|p2a: Hydrapple
|-damage|p2a: Hydrapple|55/100
|move|p2a: Hydrapple|Giga Drain|p1a: Exeggutor
|-resisted|p1a: Exeggutor
|-damage|p1a: Exeggutor|34/100 tox
|-heal|p2a: Hydrapple|72/100|[from] drain|[of] p1a: Exeggutor
|-enditem|p1a: Exeggutor|Sitrus Berry|[eat]
|-heal|p1a: Exeggutor|59/100 tox|[from] item: Sitrus Berry
|
|-damage|p1a: Exeggutor|53/100 tox|[from] psn
|-item|p1a: Exeggutor|Sitrus Berry|[from] ability: Harvest
|upkeep
|turn|41
|
|t:|1758294898
|move|p1a: Exeggutor|Psychic|p2a: Hydrapple
|-damage|p2a: Hydrapple|34/100
|move|p2a: Hydrapple|Giga Drain|p1a: Exeggutor
|-resisted|p1a: Exeggutor
|-damage|p1a: Exeggutor|20/100 tox
|-heal|p2a: Hydrapple|50/100|[from] drain|[of] p1a: Exeggutor
|-enditem|p1a: Exeggutor|Sitrus Berry|[eat]
|-heal|p1a: Exeggutor|44/100 tox|[from] item: Sitrus Berry
|
|-damage|p1a: Exeggutor|32/100 tox|[from] psn
|upkeep
|turn|42
|
|t:|1758294902
|move|p1a: Exeggutor|Psychic|p2a: Hydrapple
|-damage|p2a: Hydrapple|10/100
|move|p2a: Hydrapple|Giga Drain|p1a: Exeggutor
|-resisted|p1a: Exeggutor
|-damage|p1a: Exeggutor|0 fnt
|-heal|p2a: Hydrapple|25/100|[from] drain|[of] p1a: Exeggutor
|faint|p1a: Exeggutor
|
|win|dwembox
|raw|Eddozz00006's rating: 1392 &rarr; <strong>1371</strong><br />(-21 for losing)
|raw|dwembox's rating: 1375 &rarr; <strong>1396</strong><br />(+21 for winning)
|l|☆Eddozz00006
|player|p1|
|c|☆dwembox|gg
|l|☆dwembox
|player|p2|
