|j|☆Gindestinedx
|j|☆ZU Propaganda
|t:|1758327152
|gametype|singles
|player|p1|Gindestinedx|guitarist|1052
|player|p2|ZU Propaganda|pokemonbreeder-gen4|1077
|gen|9
|tier|[Gen 9] OU
|rated|
|rule|HP Percentage Mod: HP is shown in percentages
|rule|Endless Battle Clause: Forcing endless battles is banned
|rule|Species Clause: Limit one of each Pokémon
|rule|OHKO Clause: OHKO moves are banned
|rule|Evasion Items Clause: Evasion items are banned
|rule|Evasion Moves Clause: Evasion moves are banned
|rule|Evasion Abilities Clause: Evasion abilities are banned
|rule|Sleep Moves Clause: Sleep-inducing moves are banned
|clearpoke
|poke|p1|Pikachu, M|
|poke|p1|Venusaur, F|
|poke|p1|Charizard, M|
|poke|p1|Jirachi|
|poke|p1|Snorlax, F|
|poke|p1|Primarina, F|
|poke|p2|Basculin-Blue-Striped, M|
|poke|p2|Beartic, F|
|poke|p2|Toedscruel, F|
|poke|p2|Persian-Alola, M|
|poke|p2|Mesprit|
|poke|p2|Magmortar, M|
|teampreview
|
|t:|1758327169
|teamsize|p1|6
|teamsize|p2|6
|start
|switch|p1a: Venusaur|Venusaur, F|100/100
|switch|p2a: Toedscruel|Toedscruel, F|100/100
|turn|1
|
|t:|1758327179
|move|p2a: Toedscruel|Earth Power|p1a: Venusaur
|-damage|p1a: Venusaur|72/100
|move|p1a: Venusaur|Substitute|p1a: Venusaur
|-start|p1a: Venusaur|Substitute
|-damage|p1a: Venusaur|47/100
|
|upkeep
|turn|2
|
|t:|1758327187
|move|p2a: Toedscruel|Earth Power|p1a: Venusaur
|-crit|p1a: Venusaur
|-end|p1a: Venusaur|Substitute
|move|p1a: Venusaur|Curse|p1a: Venusaur
|-unboost|p1a: Venusaur|spe|1
|-boost|p1a: Venusaur|atk|1
|-boost|p1a: Venusaur|def|1
|
|upkeep
|turn|3
|
|t:|1758327197
|move|p2a: Toedscruel|Earth Power|p1a: Venusaur
|-damage|p1a: Venusaur|17/100
|move|p1a: Venusaur|Leech Seed|p2a: Toedscruel
|-immune|p2a: Toedscruel
|
|upkeep
|turn|4
|
|t:|1758327207
|move|p2a: Toedscruel|Earth Power|p1a: Venusaur
|-damage|p1a: Venusaur|0 fnt
|faint|p1a: Venusaur
|
|upkeep
|
|t:|1758327210
|switch|p1a: Primarina|Primarina, F|100/100
|turn|5
|
|t:|1758327215
|move|p2a: Toedscruel|Sludge Bomb|p1a: Primarina
|-supereffective|p1a: Primarina
|-damage|p1a: Primarina|61/100
|-enditem|p1a: Primarina|Weakness Policy
|-boost|p1a: Primarina|atk|2|[from] item: Weakness Policy
|-boost|p1a: Primarina|spa|2|[from] item: Weakness Policy
|move|p1a: Primarina|Whirlpool|p2a: Toedscruel
|-damage|p2a: Toedscruel|66/100
|-activate|p2a: Toedscruel|move: Whirlpool|[of] p1a: Primarina
|
|-damage|p2a: Toedscruel|54/100|[from] move: Whirlpool|[partiallytrapped]
|upkeep
|turn|6
|
|t:|1758327223
|move|p2a: Toedscruel|Giga Drain|p1a: Primarina
|-supereffective|p1a: Primarina
|-damage|p1a: Primarina|12/100
|-heal|p2a: Toedscruel|79/100|[from] drain|[of] p1a: Primarina
|move|p1a: Primarina|Uproar|p2a: Toedscruel
|-damage|p2a: Toedscruel|23/100
|-start|p1a: Primarina|Uproar
|
|-damage|p2a: Toedscruel|11/100|[from] move: Whirlpool|[partiallytrapped]
|-start|p1a: Primarina|Uproar|[upkeep]
|upkeep
|turn|7
|
|t:|1758327236
|move|p2a: Toedscruel|Giga Drain|p1a: Primarina
|-supereffective|p1a: Primarina
|-damage|p1a: Primarina|0 fnt
|-heal|p2a: Toedscruel|17/100|[from] drain|[of] p1a: Primarina
|faint|p1a: Primarina
|
|-end|p2a: Toedscruel|Whirlpool|[partiallytrapped]|[silent]
|upkeep
|
|t:|1758327239
|switch|p1a: Jirachi|Jirachi|100/100
|turn|8
|
|t:|1758327246
|move|p2a: Toedscruel|Earth Power|p1a: Jirachi
|-supereffective|p1a: Jirachi
|-damage|p1a: Jirachi|51/100
|-enditem|p1a: Jirachi|Weakness Policy
|-boost|p1a: Jirachi|atk|2|[from] item: Weakness Policy
|-boost|p1a: Jirachi|spa|2|[from] item: Weakness Policy
|move|p1a: Jirachi|Iron Head|p2a: Toedscruel
|-damage|p2a: Toedscruel|0 fnt
|faint|p2a: Toedscruel
|
|upkeep
|
|t:|1758327254
|switch|p2a: Magmortar|Magmortar, M|100/100
|turn|9
|
|t:|1758327257
|move|p1a: Jirachi|Doom Desire|p2a: Magmortar
|-start|p1a: Jirachi|Doom Desire
|move|p2a: Magmortar|Overheat|p1a: Jirachi|[miss]
|-miss|p2a: Magmortar|p1a: Jirachi
|
|upkeep
|turn|10
|
|t:|1758327262
|move|p1a: Jirachi|Iron Head|p2a: Magmortar
|-resisted|p2a: Magmortar
|-damage|p2a: Magmortar|74/100
|-damage|p1a: Jirachi|34/100|[from] item: Rocky Helmet|[of] p2a: Magmortar
|cant|p2a: Magmortar|flinch
|
|upkeep
|turn|11
|
|t:|1758327268
|move|p1a: Jirachi|Iron Head|p2a: Magmortar
|-resisted|p2a: Magmortar
|-damage|p2a: Magmortar|50/100
|-damage|p1a: Jirachi|18/100|[from] item: Rocky Helmet|[of] p2a: Magmortar
|cant|p2a: Magmortar|flinch
|
|-end|p2a: Magmortar|move: Doom Desire
|-resisted|p2a: Magmortar
|-damage|p2a: Magmortar|3/100
|upkeep
|turn|12
|
|t:|1758327285
|move|p1a: Jirachi|Iron Head|p2a: Magmortar
|-resisted|p2a: Magmortar
|-damage|p2a: Magmortar|0 fnt
|-damage|p1a: Jirachi|1/100|[from] item: Rocky Helmet|[of] p2a: Magmortar
|faint|p2a: Magmortar
|
|upkeep
|
|t:|1758327287
|switch|p2a: Basculin|Basculin-Blue-Striped, M|100/100
|turn|13
|
|t:|1758327291
|move|p2a: Basculin|Aqua Jet|p1a: Jirachi
|-damage|p1a: Jirachi|0 fnt
|faint|p1a: Jirachi
|-damage|p2a: Basculin|91/100|[from] item: Life Orb
|
|upkeep
|
|t:|1758327298
|switch|p1a: Snorlax|Snorlax, F|100/100
|turn|14
|
|t:|1758327315
|move|p2a: Basculin|Liquidation|p1a: Snorlax
|-crit|p1a: Snorlax
|-damage|p1a: Snorlax|3/100
|-unboost|p1a: Snorlax|def|1
|-enditem|p1a: Snorlax|Aguav Berry|[eat]
|-heal|p1a: Snorlax|36/100|[from] item: Aguav Berry
|-damage|p2a: Basculin|81/100|[from] item: Life Orb
|move|p1a: Snorlax|Body Slam|p2a: Basculin
|-damage|p2a: Basculin|34/100
|-status|p2a: Basculin|par
|
|upkeep
|turn|15
|
|t:|1758327326
|cant|p2a: Basculin|par
|move|p1a: Snorlax|Body Slam|p2a: Basculin
|-damage|p2a: Basculin|0 fnt
|faint|p2a: Basculin
|
|upkeep
|
|t:|1758327336
|switch|p2a: Mesprit|Mesprit|100/100
|turn|16
|
|t:|1758327339
|move|p2a: Mesprit|Mystical Power|p1a: Snorlax
|-damage|p1a: Snorlax|16/100
|-boost|p2a: Mesprit|spa|1
|move|p1a: Snorlax|Recycle|p1a: Snorlax
|-item|p1a: Snorlax|Aguav Berry|[from] move: Recycle
|-enditem|p1a: Snorlax|Aguav Berry|[eat]
|-heal|p1a: Snorlax|49/100|[from] item: Aguav Berry
|
|upkeep
|turn|17
|
|t:|1758327347
|move|p2a: Mesprit|Mystical Power|p1a: Snorlax
|-damage|p1a: Snorlax|23/100
|-boost|p2a: Mesprit|spa|1
|move|p1a: Snorlax|Body Slam|p2a: Mesprit
|-damage|p2a: Mesprit|73/100
|
|upkeep
|turn|18
|
|t:|1758327355
|move|p2a: Mesprit|Mystical Power|p1a: Snorlax
|-damage|p1a: Snorlax|0 fnt
|-boost|p2a: Mesprit|spa|1
|faint|p1a: Snorlax
|
|upkeep
|
|t:|1758327358
|switch|p1a: Charizard|Charizard, M|100/100
|turn|19
|
|t:|1758327366
|move|p1a: Charizard|Inferno|p2a: Mesprit
|-damage|p2a: Mesprit|41/100
|-status|p2a: Mesprit|brn
|move|p2a: Mesprit|Ice Beam|p1a: Charizard
|-damage|p1a: Charizard|29/100
|
|-damage|p2a: Mesprit|35/100 brn|[from] brn
|upkeep
|turn|20
|
|t:|1758327373
|move|p1a: Charizard|Substitute|p1a: Charizard
|-start|p1a: Charizard|Substitute
|-damage|p1a: Charizard|4/100
|move|p2a: Mesprit|Ice Beam|p1a: Charizard
|-end|p1a: Charizard|Substitute
|
|-damage|p2a: Mesprit|29/100 brn|[from] brn
|upkeep
|turn|21
|
|t:|1758327381
|move|p1a: Charizard|Fly||[still]
|-prepare|p1a: Charizard|Fly
|move|p2a: Mesprit|Ice Beam|p1a: Charizard|[miss]
|-miss|p2a: Mesprit|p1a: Charizard
|
|-damage|p2a: Mesprit|23/100 brn|[from] brn
|upkeep
|turn|22
|
|t:|1758327392
|switch|p2a: Persian|Persian-Alola, M|100/100
|move|p1a: Charizard|Fly|p2a: Persian|[from] lockedmove
|-damage|p2a: Persian|86/100
|
|upkeep
|turn|23
|
|t:|1758327399
|move|p2a: Persian|Fake Out|p1a: Charizard
|-crit|p1a: Charizard
|-damage|p1a: Charizard|0 fnt
|faint|p1a: Charizard
|
|upkeep
|
|t:|1758327402
|switch|p1a: Pikachu|Pikachu, M|100/100
|turn|24
|
|t:|1758327406
|move|p2a: Persian|Knock Off|p1a: Pikachu
|-crit|p1a: Pikachu
|-damage|p1a: Pikachu|0 fnt
|-enditem|p1a: Pikachu|Leftovers|[from] move: Knock Off|[of] p2a: Persian
|faint|p1a: Pikachu
|
|win|ZU Propaganda
|raw|Gindestinedx's rating: 1052 &rarr; <strong>1035</strong><br />(-17 for losing)
|raw|ZU Propaganda's rating: 1077 &rarr; <strong>1103</strong><br />(+26 for winning)
|l|☆Gindestinedx
|player|p1|
|l|☆ZU Propaganda
|player|p2|
