|j|☆1shy9
|j|☆Thibault56
|t:|1758371652
|gametype|singles
|player|p1|1shy9|acetrainerf-gen4|1692
|player|p2|Thibault56|acetrainer|1695
|gen|9
|tier|[Gen 9] OU
|rated|
|rule|HP Percentage Mod: HP is shown in percentages
|rule|Endless Battle Clause: Forcing endless battles is banned
|rule|Species Clause: Limit one of each Pokémon
|rule|OHKO Clause: OHKO moves are banned
|rule|Evasion Items Clause: Evasion items are banned
|rule|Evasion Moves Clause: Evasion moves are banned
|rule|Evasion Abilities Clause: Evasion abilities are banned
|rule|Sleep Moves Clause: Sleep-inducing moves are banned
|clearpoke
|poke|p1|Iron Moth|
|poke|p1|Gholdengo|
|poke|p1|Great Tusk|
|poke|p1|Kyurem|
|poke|p1|Zamazenta-*|
|poke|p1|Dragonite, F|
|poke|p2|Clodsire, F|
|poke|p2|Pelipper, M|
|poke|p2|Barraskewda, F|
|poke|p2|Zapdos|
|poke|p2|Corviknight, F|
|poke|p2|Incineroar, F|
|teampreview
|
|t:|1758371673
|teamsize|p1|6
|teamsize|p2|6
|start
|switch|p1a: Kyurem|Kyurem|100/100
|switch|p2a: Incineroar|Incineroar, F|100/100
|-ability|p1a: Kyurem|Pressure
|-ability|p2a: Incineroar|Intimidate|boost
|-unboost|p1a: Kyurem|atk|1
|turn|1
|inactive|Battle timer is ON: inactive players will automatically lose when time's up. (requested by Thibault56)
|
|t:|1758371679
|switch|p1a: Gholdengo|Gholdengo|100/100
|-item|p1a: Gholdengo|Air Balloon
|move|p2a: Incineroar|Will-O-Wisp|p1a: Gholdengo
|-immune|p1a: Gholdengo|[from] ability: Good as Gold
|
|upkeep
|turn|2
|
|t:|1758371682
|switch|p1a: Great Tusk|Great Tusk|100/100
|move|p2a: Incineroar|Knock Off|p1a: Great Tusk
|-resisted|p1a: Great Tusk
|-damage|p1a: Great Tusk|86/100
|-enditem|p1a: Great Tusk|Heavy-Duty Boots|[from] move: Knock Off|[of] p2a: Incineroar
|
|upkeep
|turn|3
|
|t:|1758371687
|move|p1a: Great Tusk|Stealth Rock|p2a: Incineroar
|-sidestart|p2: Thibault56|move: Stealth Rock
|move|p2a: Incineroar|Parting Shot|p1a: Great Tusk
|-unboost|p1a: Great Tusk|atk|1
|-unboost|p1a: Great Tusk|spa|1
|
|t:|1758371689
|switch|p2a: Zapdos|Zapdos|100/100|[from] Parting Shot
|
|upkeep
|turn|4
|
|t:|1758371693
|-end|p1a: Great Tusk|Protosynthesis|[silent]
|switch|p1a: Kyurem|Kyurem|100/100
|-ability|p1a: Kyurem|Pressure
|move|p2a: Zapdos|Volt Switch|p1a: Kyurem
|-resisted|p1a: Kyurem
|-damage|p1a: Kyurem|81/100
|
|t:|1758371697
|switch|p2a: Incineroar|Incineroar, F|100/100|[from] Volt Switch
|-ability|p2a: Incineroar|Intimidate|boost
|-unboost|p1a: Kyurem|atk|1
|
|upkeep
|turn|5
|
|t:|1758371707
|switch|p1a: Great Tusk|Great Tusk|86/100
|move|p2a: Incineroar|Parting Shot|p1a: Great Tusk
|-unboost|p1a: Great Tusk|atk|1
|-unboost|p1a: Great Tusk|spa|1
|
|t:|1758371710
|switch|p2a: Zapdos|Zapdos|100/100|[from] Parting Shot
|
|upkeep
|turn|6
|
|t:|1758371712
|-end|p1a: Great Tusk|Protosynthesis|[silent]
|switch|p1a: Kyurem|Kyurem|81/100
|-ability|p1a: Kyurem|Pressure
|move|p2a: Zapdos|Hurricane|p1a: Kyurem
|-damage|p1a: Kyurem|23/100
|
|upkeep
|turn|7
|
|t:|1758371721
|switch|p2a: Incineroar|Incineroar, F|100/100
|-ability|p2a: Incineroar|Intimidate|boost
|-unboost|p1a: Kyurem|atk|1
|move|p1a: Kyurem|Icicle Spear|p2a: Incineroar
|-resisted|p2a: Incineroar
|-damage|p2a: Incineroar|96/100
|-resisted|p2a: Incineroar
|-damage|p2a: Incineroar|92/100
|-resisted|p2a: Incineroar
|-damage|p2a: Incineroar|87/100
|-resisted|p2a: Incineroar
|-damage|p2a: Incineroar|83/100
|-hitcount|p2a: Incineroar|4
|
|upkeep
|turn|8
|
|t:|1758371728
|move|p1a: Kyurem|Icicle Spear|p2a: Incineroar
|-resisted|p2a: Incineroar
|-damage|p2a: Incineroar|78/100
|-resisted|p2a: Incineroar
|-damage|p2a: Incineroar|74/100
|-resisted|p2a: Incineroar
|-damage|p2a: Incineroar|69/100
|-resisted|p2a: Incineroar
|-damage|p2a: Incineroar|65/100
|-hitcount|p2a: Incineroar|4
|move|p2a: Incineroar|Parting Shot|p1a: Kyurem
|-unboost|p1a: Kyurem|atk|1
|-unboost|p1a: Kyurem|spa|1
|
|t:|1758371731
|switch|p2a: Zapdos|Zapdos|100/100|[from] Parting Shot
|
|upkeep
|turn|9
|
|t:|1758371734
|move|p2a: Zapdos|Hurricane|p1a: Kyurem|[miss]
|-miss|p2a: Zapdos|p1a: Kyurem
|move|p1a: Kyurem|Icicle Spear|p2a: Zapdos
|-supereffective|p2a: Zapdos
|-damage|p2a: Zapdos|83/100
|-supereffective|p2a: Zapdos
|-damage|p2a: Zapdos|66/100
|-supereffective|p2a: Zapdos
|-damage|p2a: Zapdos|48/100
|-supereffective|p2a: Zapdos
|-damage|p2a: Zapdos|33/100
|-supereffective|p2a: Zapdos
|-damage|p2a: Zapdos|16/100
|-hitcount|p2a: Zapdos|5
|
|upkeep
|turn|10
|
|t:|1758371738
|move|p2a: Zapdos|Hurricane|p1a: Kyurem
|-damage|p1a: Kyurem|0 fnt
|faint|p1a: Kyurem
|
|upkeep
|
|t:|1758371750
|switch|p1a: Iron Moth|Iron Moth|100/100
|-enditem|p1a: Iron Moth|Booster Energy
|-activate|p1a: Iron Moth|ability: Quark Drive|[fromitem]
|-start|p1a: Iron Moth|quarkdrivespe
|turn|11
|
|t:|1758371753
|switch|p2a: Clodsire|Clodsire, F|100/100
|-damage|p2a: Clodsire|94/100|[from] Stealth Rock
|move|p1a: Iron Moth|Fiery Dance|p2a: Clodsire
|-damage|p2a: Clodsire|73/100
|-boost|p1a: Iron Moth|spa|1
|
|-heal|p2a: Clodsire|79/100|[from] item: Leftovers
|upkeep
|turn|12
|
|t:|1758371764
|-terastallize|p1a: Iron Moth|Ground
|move|p1a: Iron Moth|Tera Blast|p2a: Clodsire|[anim] Tera Blast Ground
|-supereffective|p2a: Clodsire
|-damage|p2a: Clodsire|14/100
|move|p2a: Clodsire|Earthquake|p1a: Iron Moth
|-damage|p1a: Iron Moth|55/100
|
|-heal|p2a: Clodsire|20/100|[from] item: Leftovers
|upkeep
|turn|13
|
|t:|1758371773
|move|p1a: Iron Moth|Fiery Dance|p2a: Clodsire
|-damage|p2a: Clodsire|0 fnt
|faint|p2a: Clodsire
|
|upkeep
|
|t:|1758371784
|switch|p2a: Barraskewda|Barraskewda, F|100/100
|-damage|p2a: Barraskewda|88/100|[from] Stealth Rock
|turn|14
|
|t:|1758371798
|-end|p1a: Iron Moth|Quark Drive|[silent]
|switch|p1a: Great Tusk|Great Tusk|86/100
|move|p2a: Barraskewda|Aqua Jet|p1a: Great Tusk
|-supereffective|p1a: Great Tusk
|-damage|p1a: Great Tusk|39/100
|
|upkeep
|turn|15
|
|t:|1758371802
|move|p2a: Barraskewda|Aqua Jet|p1a: Great Tusk
|-supereffective|p1a: Great Tusk
|-damage|p1a: Great Tusk|0 fnt
|faint|p1a: Great Tusk
|-end|p1a: Great Tusk|Protosynthesis|[silent]
|
|upkeep
|
|t:|1758371825
|switch|p1a: Dragonite|Dragonite, F|100/100
|turn|16
|-message|1shy9 forfeited.
|
|win|Thibault56
|raw|1shy9's rating: 1692 &rarr; <strong>1672</strong><br />(-20 for losing)
|raw|Thibault56's rating: 1695 &rarr; <strong>1715</strong><br />(+20 for winning)
|l|☆1shy9
|player|p1|
|l|☆Thibault56
|player|p2|
