|j|☆weedandgame
|j|☆Ulxington
|t:|1758244525
|gametype|singles
|player|p1|weedandgame|dragontamer|1195
|player|p2|Ulxington|unknown|1143
|gen|9
|tier|[Gen 9] OU
|rated|
|rule|HP Percentage Mod: HP is shown in percentages
|rule|Endless Battle Clause: Forcing endless battles is banned
|rule|Species Clause: Limit one of each Pokémon
|rule|OHKO Clause: OHKO moves are banned
|rule|Evasion Items Clause: Evasion items are banned
|rule|Evasion Moves Clause: Evasion moves are banned
|rule|Evasion Abilities Clause: Evasion abilities are banned
|rule|Sleep Moves Clause: Sleep-inducing moves are banned
|clearpoke
|poke|p1|Kyurem|
|poke|p1|Iron Valiant|
|poke|p1|Cinderace, F|
|poke|p1|Darkrai|
|poke|p1|Corviknight, F|
|poke|p1|Clodsire, F|
|poke|p2|Beartic, M|
|poke|p2|Primeape, M|
|poke|p2|Abomasnow, M|
|poke|p2|Dugtrio-Alola, F|
|poke|p2|Minior-Blue|
|poke|p2|Mesprit|
|teampreview
|inactive|Battle timer is ON: inactive players will automatically lose when time's up. (requested by Ulxington)
|
|t:|1758244543
|teamsize|p1|6
|teamsize|p2|6
|start
|switch|p1a: Darkrai|Darkrai|100/100
|switch|p2a: Primeape|Primeape, M|100/100
|turn|1
|
|t:|1758244550
|move|p1a: Darkrai|Psyshock|p2a: Primeape
|-supereffective|p2a: Primeape
|-enditem|p2a: Primeape|Focus Sash
|-damage|p2a: Primeape|1/100
|move|p2a: Primeape|Close Combat|p1a: Darkrai
|-supereffective|p1a: Darkrai
|-damage|p1a: Darkrai|0 fnt
|-unboost|p2a: Primeape|def|1
|-unboost|p2a: Primeape|spd|1
|faint|p1a: Darkrai
|
|upkeep
|
|t:|1758244564
|switch|p1a: Iron Valiant|Iron Valiant, shiny|100/100
|-enditem|p1a: Iron Valiant|Booster Energy
|-activate|p1a: Iron Valiant|ability: Quark Drive|[fromitem]
|-start|p1a: Iron Valiant|quarkdrivespe
|turn|2
|
|t:|1758244572
|move|p1a: Iron Valiant|Moonblast|p2a: Primeape
|-supereffective|p2a: Primeape
|-damage|p2a: Primeape|0 fnt
|faint|p2a: Primeape
|
|upkeep
|
|t:|1758244581
|switch|p2a: Mesprit|Mesprit|100/100
|turn|3
|
|t:|1758244595
|-terastallize|p1a: Iron Valiant|Dark
|move|p1a: Iron Valiant|Knock Off|p2a: Mesprit
|-supereffective|p2a: Mesprit
|-damage|p2a: Mesprit|19/100
|-enditem|p2a: Mesprit|Leftovers|[from] move: Knock Off|[of] p1a: Iron Valiant
|move|p2a: Mesprit|Draining Kiss|p1a: Iron Valiant
|-supereffective|p1a: Iron Valiant
|-damage|p1a: Iron Valiant|36/100
|-heal|p2a: Mesprit|58/100|[from] drain|[of] p1a: Iron Valiant
|
|upkeep
|turn|4
|
|t:|1758244612
|move|p1a: Iron Valiant|Knock Off|p2a: Mesprit
|-supereffective|p2a: Mesprit
|-crit|p2a: Mesprit
|-damage|p2a: Mesprit|0 fnt
|faint|p2a: Mesprit
|
|upkeep
|
|t:|1758244616
|switch|p2a: Abomasnow|Abomasnow, M|100/100
|-weather|Snowscape|[from] ability: Snow Warning|[of] p2a: Abomasnow
|turn|5
|
|t:|1758244621
|move|p1a: Iron Valiant|Destiny Bond|p1a: Iron Valiant
|-singlemove|p1a: Iron Valiant|Destiny Bond
|move|p2a: Abomasnow|Aurora Veil|p2a: Abomasnow
|-sidestart|p2: Ulxington|move: Aurora Veil
|
|-weather|Snowscape|[upkeep]
|upkeep
|turn|6
|
|t:|1758244627
|move|p1a: Iron Valiant|Moonblast|p2a: Abomasnow
|-damage|p2a: Abomasnow|77/100
|move|p2a: Abomasnow|Leaf Storm|p1a: Iron Valiant
|-damage|p1a: Iron Valiant|0 fnt
|-unboost|p2a: Abomasnow|spa|2
|faint|p1a: Iron Valiant
|-end|p1a: Iron Valiant|Quark Drive|[silent]
|-enditem|p2a: Abomasnow|Eject Pack
|
|t:|1758244630
|switch|p2a: Beartic|Beartic, M|100/100
|
|-weather|Snowscape|[upkeep]
|upkeep
|
|t:|1758244633
|switch|p1a: Cinderace|Cinderace, F|100/100
|turn|7
|
|t:|1758244636
|move|p2a: Beartic|Swords Dance|p2a: Beartic
|-boost|p2a: Beartic|atk|2
|move|p1a: Cinderace|Court Change|p1a: Cinderace
|-start|p1a: Cinderace|typechange|Normal|[from] ability: Libero
|-swapsideconditions
|-activate|p1a: Cinderace|move: Court Change
|
|-weather|Snowscape|[upkeep]
|upkeep
|turn|8
|
|t:|1758244639
|move|p2a: Beartic|Close Combat|p1a: Cinderace
|-supereffective|p1a: Cinderace
|-damage|p1a: Cinderace|0 fnt
|-unboost|p2a: Beartic|def|1
|-unboost|p2a: Beartic|spd|1
|faint|p1a: Cinderace
|-damage|p2a: Beartic|91/100|[from] item: Life Orb
|
|-weather|Snowscape|[upkeep]
|upkeep
|
|t:|1758244646
|switch|p1a: Corviknight|Corviknight, F, shiny|100/100
|turn|9
|
|t:|1758244650
|move|p2a: Beartic|Swords Dance|p2a: Beartic
|-boost|p2a: Beartic|atk|2
|move|p1a: Corviknight|Bulk Up|p1a: Corviknight
|-boost|p1a: Corviknight|atk|1
|-boost|p1a: Corviknight|def|1
|
|-weather|none
|-sideend|p1: weedandgame|move: Aurora Veil
|upkeep
|turn|10
|
|t:|1758244656
|move|p2a: Beartic|Close Combat|p1a: Corviknight
|-damage|p1a: Corviknight|27/100
|-unboost|p2a: Beartic|def|1
|-unboost|p2a: Beartic|spd|1
|-damage|p2a: Beartic|74/100|[from] item: Rocky Helmet|[of] p1a: Corviknight
|-damage|p2a: Beartic|64/100|[from] item: Life Orb
|move|p1a: Corviknight|Body Press|p2a: Beartic
|-supereffective|p2a: Beartic
|-crit|p2a: Beartic
|-damage|p2a: Beartic|0 fnt
|faint|p2a: Beartic
|
|upkeep
|
|t:|1758244660
|switch|p2a: Abomasnow|Abomasnow, M|77/100
|-weather|Snowscape|[from] ability: Snow Warning|[of] p2a: Abomasnow
|turn|11
|
|t:|1758244671
|move|p1a: Corviknight|Roost|p1a: Corviknight
|-heal|p1a: Corviknight|77/100
|-singleturn|p1a: Corviknight|move: Roost
|move|p2a: Abomasnow|Blizzard|p1a: Corviknight
|-resisted|p1a: Corviknight
|-damage|p1a: Corviknight|52/100
|
|-weather|Snowscape|[upkeep]
|upkeep
|turn|12
|
|t:|1758244675
|move|p1a: Corviknight|Brave Bird|p2a: Abomasnow
|-supereffective|p2a: Abomasnow
|-damage|p2a: Abomasnow|0 fnt
|faint|p2a: Abomasnow
|-damage|p1a: Corviknight|28/100|[from] Recoil
|
|-weather|Snowscape|[upkeep]
|upkeep
|
|t:|1758244679
|switch|p2a: Minior|Minior-Blue|100/100
|-formechange|p2a: Minior|Minior-Meteor||[from] ability: Shields Down
|turn|13
|
|t:|1758244682
|move|p2a: Minior|Shell Smash|p2a: Minior
|-unboost|p2a: Minior|def|1
|-unboost|p2a: Minior|spd|1
|-boost|p2a: Minior|atk|2
|-boost|p2a: Minior|spa|2
|-boost|p2a: Minior|spe|2
|-enditem|p2a: Minior|White Herb
|-clearnegativeboost|p2a: Minior|[silent]
|move|p1a: Corviknight|Roost|p1a: Corviknight
|-heal|p1a: Corviknight|78/100
|-singleturn|p1a: Corviknight|move: Roost
|
|-weather|Snowscape|[upkeep]
|upkeep
|turn|14
|
|t:|1758244685
|move|p2a: Minior|Stone Edge|p1a: Corviknight|[miss]
|-miss|p2a: Minior|p1a: Corviknight
|move|p1a: Corviknight|Body Press|p2a: Minior
|-damage|p2a: Minior|45/100
|
|-weather|Snowscape|[upkeep]
|-formechange|p2a: Minior|Minior-Blue||[from] ability: Shields Down
|upkeep
|turn|15
|
|t:|1758244694
|move|p2a: Minior|Stone Edge|p1a: Corviknight|[miss]
|-miss|p2a: Minior|p1a: Corviknight
|move|p1a: Corviknight|Body Press|p2a: Minior
|-damage|p2a: Minior|0 fnt
|faint|p2a: Minior
|
|-weather|none
|upkeep
|
|t:|1758244697
|switch|p2a: Dugtrio|Dugtrio-Alola, F|100/100
|turn|16
|
|t:|1758244701
|move|p2a: Dugtrio|Swords Dance|p2a: Dugtrio
|-boost|p2a: Dugtrio|atk|2
|move|p1a: Corviknight|Body Press|p2a: Dugtrio
|-supereffective|p2a: Dugtrio
|-crit|p2a: Dugtrio
|-damage|p2a: Dugtrio|0 fnt
|-ability|p2a: Dugtrio|Tangling Hair
|faint|p2a: Dugtrio
|
|win|weedandgame
|raw|weedandgame's rating: 1195 &rarr; <strong>1216</strong><br />(+21 for winning)
|raw|Ulxington's rating: 1143 &rarr; <strong>1122</strong><br />(-21 for losing)
|l|☆Ulxington
|player|p2|
|l|☆weedandgame
|player|p1|
