|j|☆lerendezvous
|j|☆Ausar48
|t:|1758348666
|gametype|singles
|player|p1|lerendezvous|101|1680
|player|p2|Ausar48|ghetsis|1610
|gen|9
|tier|[Gen 9] OU
|rated|
|rule|HP Percentage Mod: HP is shown in percentages
|rule|Endless Battle Clause: Forcing endless battles is banned
|rule|Species Clause: Limit one of each Pokémon
|rule|OHKO Clause: OHKO moves are banned
|rule|Evasion Items Clause: Evasion items are banned
|rule|Evasion Moves Clause: Evasion moves are banned
|rule|Evasion Abilities Clause: Evasion abilities are banned
|rule|Sleep Moves Clause: Sleep-inducing moves are banned
|clearpoke
|poke|p1|Ogerpon-Wellspring, F|
|poke|p1|Slowking-Galar, M|
|poke|p1|Great Tusk|
|poke|p1|Moltres|
|poke|p1|Dragapult, M|
|poke|p1|Kingambit, F|
|poke|p2|Gholdengo|
|poke|p2|Zamazenta-*|
|poke|p2|Ting-Lu|
|poke|p2|Clefable, F|
|poke|p2|Dragonite, M|
|poke|p2|Deoxys-Speed|
|teampreview
|inactive|Battle timer is ON: inactive players will automatically lose when time's up. (requested by lerendezvous)
|
|t:|1758348697
|teamsize|p1|6
|teamsize|p2|6
|start
|switch|p1a: Ogerpon|Ogerpon-Wellspring, F|100/100
|switch|p2a: Moonrock 350|Clefable, F|100/100
|turn|1
|
|t:|1758348701
|move|p1a: Ogerpon|Ivy Cudgel|p2a: Moonrock 350|[anim] Ivy Cudgel Water
|-damage|p2a: Moonrock 350|54/100
|move|p2a: Moonrock 350|Stealth Rock|p1a: Ogerpon
|-sidestart|p1: lerendezvous|move: Stealth Rock
|
|upkeep
|turn|2
|
|t:|1758348723
|switch|p2a: Secret Service|Dragonite, M|100/100
|move|p1a: Ogerpon|Ivy Cudgel|p2a: Secret Service|[anim] Ivy Cudgel Water
|-resisted|p2a: Secret Service
|-damage|p2a: Secret Service|86/100
|
|upkeep
|turn|3
|
|t:|1758348731
|move|p1a: Ogerpon|Knock Off|p2a: Secret Service
|-crit|p2a: Secret Service
|-damage|p2a: Secret Service|31/100
|-enditem|p2a: Secret Service|Heavy-Duty Boots|[from] move: Knock Off|[of] p1a: Ogerpon
|move|p2a: Secret Service|Dragon Tail|p1a: Ogerpon
|-damage|p1a: Ogerpon|54/100
|drag|p1a: Great Tusk|Great Tusk|100/100
|-damage|p1a: Great Tusk|98/100|[from] Stealth Rock
|
|upkeep
|turn|4
|
|t:|1758348737
|switch|p2a: Djengo Unrained|Gholdengo|100/100
|move|p1a: Great Tusk|Ice Spinner|p2a: Djengo Unrained
|-resisted|p2a: Djengo Unrained
|-damage|p2a: Djengo Unrained|91/100
|
|upkeep
|turn|5
|
|t:|1758348743
|-end|p1a: Great Tusk|Protosynthesis|[silent]
|switch|p1a: Slowking|Slowking-Galar, M|100/100
|-damage|p1a: Slowking|88/100|[from] Stealth Rock
|move|p2a: Djengo Unrained|Make It Rain|p1a: Slowking
|-crit|p1a: Slowking
|-damage|p1a: Slowking|46/100
|-unboost|p2a: Djengo Unrained|spa|1
|
|upkeep
|turn|6
|
|t:|1758348748
|switch|p1a: Great Tusk|Great Tusk|98/100
|-damage|p1a: Great Tusk|95/100|[from] Stealth Rock
|move|p2a: Djengo Unrained|Nasty Plot|p2a: Djengo Unrained
|-boost|p2a: Djengo Unrained|spa|2
|
|upkeep
|turn|7
|
|t:|1758348761
|move|p1a: Great Tusk|Headlong Rush|p2a: Djengo Unrained
|-supereffective|p2a: Djengo Unrained
|-damage|p2a: Djengo Unrained|0 fnt
|-unboost|p1a: Great Tusk|def|1
|-unboost|p1a: Great Tusk|spd|1
|faint|p2a: Djengo Unrained
|
|upkeep
|
|t:|1758348765
|switch|p2a: Dude Nasty Asf|Deoxys-Speed|100/100
|-ability|p2a: Dude Nasty Asf|Pressure
|turn|8
|
|t:|1758348771
|-end|p1a: Great Tusk|Protosynthesis|[silent]
|switch|p1a: Kingambit|Kingambit, F|100/100
|-damage|p1a: Kingambit|94/100|[from] Stealth Rock
|move|p2a: Dude Nasty Asf|Nasty Plot|p2a: Dude Nasty Asf
|-boost|p2a: Dude Nasty Asf|spa|2
|
|-heal|p1a: Kingambit|100/100|[from] item: Leftovers
|upkeep
|turn|9
|
|t:|1758348779
|switch|p2a: CClifford|Zamazenta|100/100
|-ability|p2a: CClifford|Dauntless Shield|boost
|-boost|p2a: CClifford|def|1
|move|p1a: Kingambit|Sucker Punch||[still]
|-fail|p1a: Kingambit
|
|upkeep
|turn|10
|
|t:|1758348791
|-end|p1a: Kingambit|fallenundefined|[silent]
|switch|p1a: Moltres|Moltres|100/100
|move|p2a: CClifford|Stone Edge|p1a: Moltres
|-supereffective|p1a: Moltres
|-damage|p1a: Moltres|1/100
|
|upkeep
|turn|11
|
|t:|1758348797
|switch|p1a: Great Tusk|Great Tusk|95/100
|-damage|p1a: Great Tusk|92/100|[from] Stealth Rock
|move|p2a: CClifford|Stone Edge|p1a: Great Tusk
|-resisted|p1a: Great Tusk
|-damage|p1a: Great Tusk|85/100
|
|upkeep
|turn|12
|
|t:|1758348802
|switch|p2a: Secret Service|Dragonite, M|31/100
|move|p1a: Great Tusk|Rapid Spin|p2a: Secret Service
|-damage|p2a: Secret Service|15/100
|-boost|p1a: Great Tusk|spe|1
|-sideend|p1: lerendezvous|Stealth Rock|[from] move: Rapid Spin|[of] p1a: Great Tusk
|
|upkeep
|turn|13
|
|t:|1758348807
|switch|p2a: Moonrock 350|Clefable, F|54/100
|move|p1a: Great Tusk|Stealth Rock|p2a: Moonrock 350
|-sidestart|p2: Ausar48|move: Stealth Rock
|
|upkeep
|turn|14
|
|t:|1758348812
|-end|p1a: Great Tusk|Protosynthesis|[silent]
|switch|p1a: Kingambit|Kingambit, F|100/100
|move|p2a: Moonrock 350|Moonlight|p2a: Moonrock 350
|-heal|p2a: Moonrock 350|100/100
|
|upkeep
|turn|15
|
|t:|1758348817
|move|p1a: Kingambit|Swords Dance|p1a: Kingambit
|-boost|p1a: Kingambit|atk|2
|move|p2a: Moonrock 350|Stealth Rock|p1a: Kingambit
|-sidestart|p1: lerendezvous|move: Stealth Rock
|
|upkeep
|turn|16
|
|t:|1758348822
|switch|p2a: Secret Service|Dragonite, M|15/100
|-damage|p2a: Secret Service|0 fnt|[from] Stealth Rock
|faint|p2a: Secret Service
|move|p1a: Kingambit|Iron Head|p2: Secret Service|[notarget]
|-fail|p1a: Kingambit
|
|upkeep
|
|t:|1758348829
|switch|p2a: CClifford|Zamazenta|100/100
|turn|17
|
|t:|1758348834
|-terastallize|p1a: Kingambit|Ghost
|move|p2a: CClifford|Close Combat|p1a: Kingambit
|-immune|p1a: Kingambit
|move|p1a: Kingambit|Low Kick|p2a: CClifford
|-damage|p2a: CClifford|20/100
|
|upkeep
|turn|18
|
|t:|1758348857
|move|p2a: CClifford|Crunch|p1a: Kingambit
|-supereffective|p1a: Kingambit
|-damage|p1a: Kingambit|62/100
|move|p1a: Kingambit|Low Kick|p2a: CClifford
|-damage|p2a: CClifford|0 fnt
|faint|p2a: CClifford
|
|-heal|p1a: Kingambit|68/100|[from] item: Leftovers
|upkeep
|
|t:|1758348861
|switch|p2a: Up Bowl On Em|Ting-Lu|100/100
|-damage|p2a: Up Bowl On Em|94/100|[from] Stealth Rock
|-ability|p2a: Up Bowl On Em|Vessel of Ruin
|turn|19
|
|t:|1758348866
|move|p1a: Kingambit|Iron Head|p2a: Up Bowl On Em
|-damage|p2a: Up Bowl On Em|49/100
|cant|p2a: Up Bowl On Em|flinch
|
|-heal|p1a: Kingambit|75/100|[from] item: Leftovers
|-heal|p2a: Up Bowl On Em|55/100|[from] item: Leftovers
|upkeep
|turn|20
|l|☆Ausar48
|inactive|Ausar48 disconnected and has a minute to reconnect!
|player|p2|
|j| UltraHyperInstinct
|inactive|Ausar48 has 30 seconds to reconnect!
|inactive|Ausar48 has 20 seconds to reconnect!
|inactive|Ausar48 has 15 seconds to reconnect!
|inactive|Ausar48 has 10 seconds to reconnect!
|l| UltraHyperInstinct
|inactive|Ausar48 has 5 seconds to reconnect!
|-message|Ausar48 lost due to inactivity.
|
|win|lerendezvous
|raw|lerendezvous's rating: 1680 &rarr; <strong>1696</strong><br />(+16 for winning)
|raw|Ausar48's rating: 1610 &rarr; <strong>1594</strong><br />(-16 for losing)
|l|☆lerendezvous
|player|p1|
