|j|☆54 Insane Rats
|j|☆1shy9
|t:|1758299854
|gametype|singles
|player|p1|54 Insane Rats|supernerd|1794
|player|p2|1shy9|acetrainerf-gen4|1813
|gen|9
|tier|[Gen 9] OU
|rated|
|rule|HP Percentage Mod: HP is shown in percentages
|rule|Endless Battle Clause: Forcing endless battles is banned
|rule|Species Clause: Limit one of each Pokémon
|rule|OHKO Clause: OHKO moves are banned
|rule|Evasion Items Clause: Evasion items are banned
|rule|Evasion Moves Clause: Evasion moves are banned
|rule|Evasion Abilities Clause: Evasion abilities are banned
|rule|Sleep Moves Clause: Sleep-inducing moves are banned
|clearpoke
|poke|p1|Tyranitar, F|
|poke|p1|Excadrill, F|
|poke|p1|Kingambit, M|
|poke|p1|Garchomp, F|
|poke|p1|Pecharunt|
|poke|p1|Rotom-Wash|
|poke|p2|Iron Moth|
|poke|p2|Gholdengo|
|poke|p2|Great Tusk|
|poke|p2|Kyurem|
|poke|p2|Zamazenta-*|
|poke|p2|Dragonite, F|
|teampreview
|inactive|Battle timer is ON: inactive players will automatically lose when time's up. (requested by 54 Insane Rats)
|j| fdsfdsfsfsoidsf
|
|t:|1758299862
|teamsize|p1|6
|teamsize|p2|6
|start
|switch|p1a: Garchomp|Garchomp, F|100/100
|switch|p2a: Great Tusk|Great Tusk|100/100
|turn|1
|
|t:|1758299870
|switch|p1a: Rotom|Rotom-Wash|100/100
|move|p2a: Great Tusk|Stealth Rock|p1a: Rotom
|-sidestart|p1: 54 Insane Rats|move: Stealth Rock
|
|upkeep
|turn|2
|
|t:|1758299878
|-end|p2a: Great Tusk|Protosynthesis|[silent]
|switch|p2a: Kyurem|Kyurem|100/100
|-ability|p2a: Kyurem|Pressure
|move|p1a: Rotom|Volt Switch|p2a: Kyurem
|-resisted|p2a: Kyurem
|-damage|p2a: Kyurem|86/100
|
|t:|1758299881
|switch|p1a: Tyranitar|Tyranitar, F|100/100|[from] Volt Switch
|-damage|p1a: Tyranitar|88/100|[from] Stealth Rock
|-weather|Sandstorm|[from] ability: Sand Stream|[of] p1a: Tyranitar
|
|-weather|Sandstorm|[upkeep]
|-damage|p2a: Kyurem|80/100|[from] Sandstorm
|upkeep
|turn|3
|
|t:|1758299885
|switch|p2a: Great Tusk|Great Tusk|100/100
|move|p1a: Tyranitar|Ice Beam|p2a: Great Tusk
|-supereffective|p2a: Great Tusk
|-damage|p2a: Great Tusk|43/100
|
|-weather|Sandstorm|[upkeep]
|upkeep
|turn|4
|
|t:|1758299895
|switch|p1a: Rotom|Rotom-Wash|100/100
|-damage|p1a: Rotom|88/100|[from] Stealth Rock
|move|p2a: Great Tusk|Headlong Rush|p1a: Rotom
|-immune|p1a: Rotom|[from] ability: Levitate
|
|-weather|Sandstorm|[upkeep]
|-damage|p1a: Rotom|82/100|[from] Sandstorm
|-heal|p1a: Rotom|88/100|[from] item: Leftovers
|upkeep
|turn|5
|
|t:|1758299898
|move|p2a: Great Tusk|Rapid Spin|p1a: Rotom
|-damage|p1a: Rotom|75/100
|-boost|p2a: Great Tusk|spe|1
|move|p1a: Rotom|Volt Switch|p2a: Great Tusk
|-immune|p2a: Great Tusk
|
|-weather|Sandstorm|[upkeep]
|-damage|p1a: Rotom|68/100|[from] Sandstorm
|-heal|p1a: Rotom|75/100|[from] item: Leftovers
|upkeep
|turn|6
|
|t:|1758299902
|-end|p2a: Great Tusk|Protosynthesis|[silent]
|switch|p2a: Kyurem|Kyurem|80/100
|-ability|p2a: Kyurem|Pressure
|move|p1a: Rotom|Volt Switch|p2a: Kyurem
|-resisted|p2a: Kyurem
|-damage|p2a: Kyurem|67/100
|
|t:|1758299907
|switch|p1a: Excadrill|Excadrill, F|100/100|[from] Volt Switch
|-damage|p1a: Excadrill|97/100|[from] Stealth Rock
|
|-weather|Sandstorm|[upkeep]
|-damage|p2a: Kyurem|61/100|[from] Sandstorm
|upkeep
|turn|7
|j| 54 insane mice
|
|t:|1758299911
|switch|p2a: Great Tusk|Great Tusk|43/100
|move|p1a: Excadrill|Earthquake|p2a: Great Tusk
|-damage|p2a: Great Tusk|0 fnt
|faint|p2a: Great Tusk
|-end|p2a: Great Tusk|Protosynthesis|[silent]
|-damage|p1a: Excadrill|87/100|[from] item: Life Orb
|
|-weather|Sandstorm|[upkeep]
|upkeep
|
|t:|1758299920
|switch|p2a: Zamazenta|Zamazenta|100/100
|-ability|p2a: Zamazenta|Dauntless Shield|boost
|-boost|p2a: Zamazenta|def|1
|turn|8
|
|t:|1758299926
|switch|p1a: Pecharunt|Pecharunt|100/100
|-damage|p1a: Pecharunt|88/100|[from] Stealth Rock
|-item|p1a: Pecharunt|Air Balloon
|move|p2a: Zamazenta|Body Press|p1a: Pecharunt
|-immune|p1a: Pecharunt
|
|-weather|Sandstorm|[upkeep]
|-damage|p2a: Zamazenta|94/100|[from] Sandstorm
|-damage|p1a: Pecharunt|82/100|[from] Sandstorm
|-heal|p2a: Zamazenta|100/100|[from] item: Leftovers
|upkeep
|turn|9
|
|t:|1758299929
|move|p2a: Zamazenta|Crunch|p1a: Pecharunt
|-supereffective|p1a: Pecharunt
|-damage|p1a: Pecharunt|59/100
|-enditem|p1a: Pecharunt|Air Balloon
|move|p1a: Pecharunt|Parting Shot|p2a: Zamazenta
|-unboost|p2a: Zamazenta|atk|1
|-unboost|p2a: Zamazenta|spa|1
|
|t:|1758299932
|switch|p1a: Rotom|Rotom-Wash|75/100|[from] Parting Shot
|-damage|p1a: Rotom|62/100|[from] Stealth Rock
|
|-weather|none
|-heal|p1a: Rotom|68/100|[from] item: Leftovers
|upkeep
|turn|10
|
|t:|1758299937
|move|p2a: Zamazenta|Body Press|p1a: Rotom
|-crit|p1a: Rotom
|-damage|p1a: Rotom|9/100
|move|p1a: Rotom|Volt Switch|p2a: Zamazenta
|-damage|p2a: Zamazenta|78/100
|
|t:|1758299942
|switch|p1a: Pecharunt|Pecharunt|59/100|[from] Volt Switch
|-damage|p1a: Pecharunt|47/100|[from] Stealth Rock
|
|-heal|p2a: Zamazenta|84/100|[from] item: Leftovers
|upkeep
|turn|11
|
|t:|1758299947
|switch|p2a: Gholdengo|Gholdengo|100/100
|-item|p2a: Gholdengo|Air Balloon
|move|p1a: Pecharunt|Recover|p1a: Pecharunt
|-heal|p1a: Pecharunt|97/100
|
|upkeep
|turn|12
|
|t:|1758299954
|switch|p1a: Tyranitar|Tyranitar, F|88/100
|-damage|p1a: Tyranitar|76/100|[from] Stealth Rock
|-weather|Sandstorm|[from] ability: Sand Stream|[of] p1a: Tyranitar
|move|p2a: Gholdengo|Make It Rain|p1a: Tyranitar
|-supereffective|p1a: Tyranitar
|-damage|p1a: Tyranitar|21/100
|-unboost|p2a: Gholdengo|spa|1
|
|-weather|Sandstorm|[upkeep]
|upkeep
|turn|13
|
|t:|1758299959
|switch|p1a: Kingambit|Kingambit, M|100/100
|-damage|p1a: Kingambit|94/100|[from] Stealth Rock
|move|p2a: Gholdengo|Make It Rain|p1a: Kingambit
|-resisted|p1a: Kingambit
|-damage|p1a: Kingambit|67/100
|-unboost|p2a: Gholdengo|spa|1
|
|-weather|Sandstorm|[upkeep]
|upkeep
|turn|14
|
|t:|1758299967
|switch|p2a: Kyurem|Kyurem|61/100
|-ability|p2a: Kyurem|Pressure
|move|p1a: Kingambit|Iron Head|p2a: Kyurem
|-supereffective|p2a: Kyurem
|-damage|p2a: Kyurem|0 fnt
|faint|p2a: Kyurem
|
|-weather|Sandstorm|[upkeep]
|upkeep
|
|t:|1758299971
|switch|p2a: Iron Moth|Iron Moth|100/100
|-enditem|p2a: Iron Moth|Booster Energy
|-activate|p2a: Iron Moth|ability: Quark Drive|[fromitem]
|-start|p2a: Iron Moth|quarkdrivespe
|turn|15
|
|t:|1758299977
|-end|p1a: Kingambit|fallenundefined|[silent]
|switch|p1a: Rotom|Rotom-Wash|9/100
|-damage|p1a: Rotom|0 fnt|[from] Stealth Rock
|faint|p1a: Rotom
|move|p2a: Iron Moth|Fiery Dance|p1: Rotom|[notarget]
|-fail|p2a: Iron Moth
|
|-weather|Sandstorm|[upkeep]
|-damage|p2a: Iron Moth|94/100|[from] Sandstorm
|upkeep
|
|t:|1758299979
|switch|p1a: Excadrill|Excadrill, F|87/100
|-damage|p1a: Excadrill|84/100|[from] Stealth Rock
|turn|16
|
|t:|1758299988
|-end|p2a: Iron Moth|Quark Drive|[silent]
|switch|p2a: Dragonite|Dragonite, F|100/100
|move|p1a: Excadrill|Rock Slide|p2a: Dragonite
|-supereffective|p2a: Dragonite
|-damage|p2a: Dragonite|55/100
|-damage|p1a: Excadrill|74/100|[from] item: Life Orb
|
|-weather|Sandstorm|[upkeep]
|-damage|p2a: Dragonite|49/100|[from] Sandstorm
|upkeep
|turn|17
|
|t:|1758299991
|move|p1a: Excadrill|Rock Slide|p2a: Dragonite
|-supereffective|p2a: Dragonite
|-damage|p2a: Dragonite|0 fnt
|faint|p2a: Dragonite
|-damage|p1a: Excadrill|64/100|[from] item: Life Orb
|
|-weather|Sandstorm|[upkeep]
|upkeep
|
|t:|1758299994
|switch|p2a: Zamazenta|Zamazenta|84/100
|turn|18
|
|t:|1758300002
|switch|p1a: Pecharunt|Pecharunt|97/100
|-damage|p1a: Pecharunt|84/100|[from] Stealth Rock
|switch|p2a: Iron Moth|Iron Moth|94/100
|
|-weather|Sandstorm|[upkeep]
|-damage|p2a: Iron Moth|88/100|[from] Sandstorm
|-damage|p1a: Pecharunt|78/100|[from] Sandstorm
|upkeep
|turn|19
|
|t:|1758300024
|switch|p1a: Kingambit|Kingambit, M|67/100
|-damage|p1a: Kingambit|61/100|[from] Stealth Rock
|-activate|p1a: Kingambit|ability: Supreme Overlord
|-start|p1a: Kingambit|fallen1|[silent]
|move|p2a: Iron Moth|Fiery Dance|p1a: Kingambit
|-supereffective|p1a: Kingambit
|-damage|p1a: Kingambit|0 fnt
|-boost|p2a: Iron Moth|spa|1
|faint|p1a: Kingambit
|-end|p1a: Kingambit|fallen1|[silent]
|
|-weather|none
|upkeep
|
|t:|1758300027
|switch|p1a: Tyranitar|Tyranitar, F|21/100
|-damage|p1a: Tyranitar|8/100|[from] Stealth Rock
|-weather|Sandstorm|[from] ability: Sand Stream|[of] p1a: Tyranitar
|turn|20
|
|t:|1758300033
|move|p2a: Iron Moth|Fiery Dance|p1a: Tyranitar
|-resisted|p1a: Tyranitar
|-damage|p1a: Tyranitar|0 fnt
|-boost|p2a: Iron Moth|spa|1
|faint|p1a: Tyranitar
|
|-weather|Sandstorm|[upkeep]
|-damage|p2a: Iron Moth|82/100|[from] Sandstorm
|upkeep
|
|t:|1758300035
|switch|p1a: Excadrill|Excadrill, F|64/100
|-damage|p1a: Excadrill|61/100|[from] Stealth Rock
|turn|21
|
|t:|1758300038
|-end|p2a: Iron Moth|Quark Drive|[silent]
|switch|p2a: Zamazenta|Zamazenta|84/100
|move|p1a: Excadrill|Earthquake|p2a: Zamazenta
|-damage|p2a: Zamazenta|16/100
|-damage|p1a: Excadrill|51/100|[from] item: Life Orb
|
|-weather|Sandstorm|[upkeep]
|-damage|p2a: Zamazenta|10/100|[from] Sandstorm
|-heal|p2a: Zamazenta|16/100|[from] item: Leftovers
|upkeep
|turn|22
|c| 54 insane mice|choke
|
|t:|1758300046
|move|p1a: Excadrill|Rapid Spin|p2a: Zamazenta
|-damage|p2a: Zamazenta|0 fnt
|-boost|p1a: Excadrill|spe|1
|-sideend|p1: 54 Insane Rats|Stealth Rock|[from] move: Rapid Spin|[of] p1a: Excadrill
|faint|p2a: Zamazenta
|-damage|p1a: Excadrill|41/100|[from] item: Life Orb
|
|-weather|Sandstorm|[upkeep]
|upkeep
|
|t:|1758300052
|switch|p2a: Gholdengo|Gholdengo|100/100
|-item|p2a: Gholdengo|Air Balloon
|turn|23
|
|t:|1758300059
|move|p1a: Excadrill|Rock Slide|p2a: Gholdengo
|-resisted|p2a: Gholdengo
|-damage|p2a: Gholdengo|78/100
|-enditem|p2a: Gholdengo|Air Balloon
|-damage|p1a: Excadrill|32/100|[from] item: Life Orb
|cant|p2a: Gholdengo|flinch
|
|-weather|Sandstorm|[upkeep]
|upkeep
|turn|24
|
|t:|1758300068
|-terastallize|p2a: Gholdengo|Fairy
|move|p1a: Excadrill|Earthquake|p2a: Gholdengo
|-damage|p2a: Gholdengo|0 fnt
|faint|p2a: Gholdengo
|-damage|p1a: Excadrill|22/100|[from] item: Life Orb
|
|-weather|Sandstorm|[upkeep]
|upkeep
|
|t:|1758300070
|switch|p2a: Iron Moth|Iron Moth|82/100
|turn|25
|
|t:|1758300074
|move|p1a: Excadrill|Earthquake|p2a: Iron Moth
|-supereffective|p2a: Iron Moth
|-damage|p2a: Iron Moth|0 fnt
|faint|p2a: Iron Moth
|-end|p2a: Iron Moth|Quark Drive|[silent]
|-damage|p1a: Excadrill|12/100|[from] item: Life Orb
|
|win|54 Insane Rats
|raw|54 Insane Rats's rating: 1794 &rarr; <strong>1815</strong><br />(+21 for winning)
|raw|1shy9's rating: 1813 &rarr; <strong>1792</strong><br />(-21 for losing)
|l|☆1shy9
|player|p2|
|l| 54 insane mice
|l|☆54 Insane Rats
|player|p1|
|l| fdsfdsfsfsoidsf
