|j|☆Ampharos1995
|j|☆xtorterraa
|t:|1758331297
|gametype|singles
|player|p1|Ampharos1995|101|1138
|player|p2|xtorterraa|cynthia|1107
|gen|9
|tier|[Gen 9] OU
|rated|
|rule|HP Percentage Mod: HP is shown in percentages
|rule|Endless Battle Clause: Forcing endless battles is banned
|rule|Species Clause: Limit one of each Pokémon
|rule|OHKO Clause: OHKO moves are banned
|rule|Evasion Items Clause: Evasion items are banned
|rule|Evasion Moves Clause: Evasion moves are banned
|rule|Evasion Abilities Clause: Evasion abilities are banned
|rule|Sleep Moves Clause: Sleep-inducing moves are banned
|clearpoke
|poke|p1|Keldeo-Resolute|
|poke|p1|Klefki, M|
|poke|p1|Incineroar, M|
|poke|p1|Gogoat, F|
|poke|p1|Sylveon, M|
|poke|p1|Goodra-Hisui, F|
|poke|p2|Moltres|
|poke|p2|Zamazenta-*|
|poke|p2|Darkrai|
|poke|p2|Hydrapple, M|
|poke|p2|Ting-Lu|
|poke|p2|Tinkaton, F|
|teampreview
|
|t:|1758331310
|teamsize|p1|6
|teamsize|p2|6
|start
|switch|p1a: Incineroar|Incineroar, M|100/100
|switch|p2a: Ting-Lu|Ting-Lu, shiny|100/100
|-ability|p1a: Incineroar|Intimidate|boost
|-unboost|p2a: Ting-Lu|atk|1
|-ability|p2a: Ting-Lu|Vessel of Ruin
|turn|1
|inactive|Battle timer is ON: inactive players will automatically lose when time's up. (requested by xtorterraa)
|
|t:|1758331320
|move|p1a: Incineroar|Knock Off|p2a: Ting-Lu
|-resisted|p2a: Ting-Lu
|-damage|p2a: Ting-Lu|88/100
|-enditem|p2a: Ting-Lu|Leftovers|[from] move: Knock Off|[of] p1a: Incineroar
|move|p2a: Ting-Lu|Spikes|p1a: Incineroar
|-sidestart|p1: Ampharos1995|Spikes
|
|upkeep
|turn|2
|
|t:|1758331328
|move|p1a: Incineroar|Parting Shot|p2a: Ting-Lu
|-unboost|p2a: Ting-Lu|atk|1
|-unboost|p2a: Ting-Lu|spa|1
|
|t:|1758331331
|switch|p1a: Keldeo|Keldeo-Resolute|100/100|[from] Parting Shot
|-damage|p1a: Keldeo|88/100|[from] Spikes
|move|p2a: Ting-Lu|Spikes|p1a: Keldeo
|-sidestart|p1: Ampharos1995|Spikes
|
|-heal|p1a: Keldeo|94/100|[from] item: Leftovers
|upkeep
|turn|3
|
|t:|1758331340
|switch|p2a: Duality of Dragon|Hydrapple, M, shiny|100/100
|move|p1a: Keldeo|Calm Mind|p1a: Keldeo
|-boost|p1a: Keldeo|spa|1
|-boost|p1a: Keldeo|spd|1
|
|-heal|p1a: Keldeo|100/100|[from] item: Leftovers
|upkeep
|turn|4
|
|t:|1758331347
|move|p1a: Keldeo|Substitute|p1a: Keldeo
|-start|p1a: Keldeo|Substitute
|-damage|p1a: Keldeo|76/100
|move|p2a: Duality of Dragon|Giga Drain|p1a: Keldeo
|-supereffective|p1a: Keldeo
|-end|p1a: Keldeo|Substitute
|
|-heal|p1a: Keldeo|82/100|[from] item: Leftovers
|upkeep
|turn|5
|
|t:|1758331360
|-terastallize|p1a: Keldeo|Steel
|move|p1a: Keldeo|Secret Sword|p2a: Duality of Dragon
|-damage|p2a: Duality of Dragon|60/100
|move|p2a: Duality of Dragon|Giga Drain|p1a: Keldeo
|-resisted|p1a: Keldeo
|-damage|p1a: Keldeo|70/100
|-heal|p2a: Duality of Dragon|65/100|[from] drain|[of] p1a: Keldeo
|
|-heal|p1a: Keldeo|77/100|[from] item: Leftovers
|upkeep
|turn|6
|
|t:|1758331369
|move|p1a: Keldeo|Surf|p2a: Duality of Dragon
|-resisted|p2a: Duality of Dragon
|-damage|p2a: Duality of Dragon|49/100
|move|p2a: Duality of Dragon|Earth Power|p1a: Keldeo
|-supereffective|p1a: Keldeo
|-damage|p1a: Keldeo|36/100
|-unboost|p1a: Keldeo|spd|1
|
|-heal|p1a: Keldeo|43/100|[from] item: Leftovers
|upkeep
|turn|7
|
|t:|1758331383
|switch|p1a: Incineroar|Incineroar, M|100/100
|-damage|p1a: Incineroar|84/100|[from] Spikes
|-ability|p1a: Incineroar|Intimidate|boost
|-unboost|p2a: Duality of Dragon|atk|1
|move|p2a: Duality of Dragon|Earth Power|p1a: Incineroar
|-supereffective|p1a: Incineroar
|-damage|p1a: Incineroar|32/100
|
|upkeep
|turn|8
|
|t:|1758331392
|switch|p2a: Moltres|Moltres, shiny|100/100
|move|p1a: Incineroar|Flare Blitz|p2a: Moltres
|-resisted|p2a: Moltres
|-damage|p2a: Moltres|79/100
|-damage|p1a: Incineroar|25/100|[from] Recoil
|
|upkeep
|turn|9
|
|t:|1758331399
|move|p2a: Moltres|U-turn|p1a: Incineroar
|-damage|p1a: Incineroar|12/100
|-damage|p2a: Moltres|62/100|[from] item: Rocky Helmet|[of] p1a: Incineroar
|
|t:|1758331402
|switch|p2a: ZAMA|Zamazenta|100/100|[from] U-turn
|-ability|p2a: ZAMA|Dauntless Shield|boost
|-boost|p2a: ZAMA|def|1
|move|p1a: Incineroar|Knock Off|p2a: ZAMA
|-resisted|p2a: ZAMA
|-damage|p2a: ZAMA|86/100
|-enditem|p2a: ZAMA|Heavy-Duty Boots|[from] move: Knock Off|[of] p1a: Incineroar
|
|upkeep
|turn|10
|
|t:|1758331411
|move|p2a: ZAMA|Close Combat|p1a: Incineroar
|-supereffective|p1a: Incineroar
|-damage|p1a: Incineroar|0 fnt
|-unboost|p2a: ZAMA|def|1
|-unboost|p2a: ZAMA|spd|1
|-damage|p2a: ZAMA|69/100|[from] item: Rocky Helmet|[of] p1a: Incineroar
|faint|p1a: Incineroar
|
|upkeep
|
|t:|1758331422
|switch|p1a: Klefki|Klefki, M|100/100
|-damage|p1a: Klefki|84/100|[from] Spikes
|turn|11
|
|t:|1758331429
|switch|p2a: Moltres|Moltres, shiny|62/100
|move|p1a: Klefki|Reflect|p1a: Klefki
|-sidestart|p1: Ampharos1995|Reflect
|
|upkeep
|turn|12
|
|t:|1758331434
|move|p1a: Klefki|Light Screen|p1a: Klefki
|-sidestart|p1: Ampharos1995|move: Light Screen
|move|p2a: Moltres|Flamethrower|p1a: Klefki
|-supereffective|p1a: Klefki
|-damage|p1a: Klefki|39/100
|
|upkeep
|turn|13
|
|t:|1758331439
|move|p1a: Klefki|Thunder Wave|p2a: Moltres
|-status|p2a: Moltres|par
|cant|p2a: Moltres|par
|
|upkeep
|turn|14
|
|t:|1758331444
|move|p1a: Klefki|Steel Beam|p2a: Moltres
|-resisted|p2a: Moltres
|-damage|p2a: Moltres|44/100 par
|-damage|p1a: Klefki|0 fnt|[from] steelbeam
|faint|p1a: Klefki
|move|p2a: Moltres|Flamethrower|p1: Klefki|[notarget]
|-fail|p2a: Moltres
|
|upkeep
|
|t:|1758331454
|switch|p1a: Keldeo|Keldeo-Resolute, tera:Steel|43/100
|-damage|p1a: Keldeo|26/100|[from] Spikes
|turn|15
|
|t:|1758331459
|move|p1a: Keldeo|Surf|p2a: Moltres
|-supereffective|p2a: Moltres
|-damage|p2a: Moltres|0 fnt
|faint|p2a: Moltres
|
|-heal|p1a: Keldeo|32/100|[from] item: Leftovers
|upkeep
|
|t:|1758331463
|switch|p2a: ZAMA|Zamazenta|69/100
|turn|16
|
|t:|1758331468
|switch|p1a: Sylveon|Sylveon, M|100/100
|-damage|p1a: Sylveon|84/100|[from] Spikes
|move|p2a: ZAMA|Close Combat|p1a: Sylveon
|-resisted|p1a: Sylveon
|-damage|p1a: Sylveon|64/100
|-unboost|p2a: ZAMA|def|1
|-unboost|p2a: ZAMA|spd|1
|
|upkeep
|turn|17
|
|t:|1758331477
|switch|p2a: Tinkaton|Tinkaton, F|100/100
|-ability|p2a: Tinkaton|Mold Breaker
|-item|p2a: Tinkaton|Air Balloon
|move|p1a: Sylveon|Shadow Ball|p2a: Tinkaton
|-damage|p2a: Tinkaton|66/100
|-enditem|p2a: Tinkaton|Air Balloon
|
|upkeep
|turn|18
|
|t:|1758331486
|move|p2a: Tinkaton|Gigaton Hammer|p1a: Sylveon
|-supereffective|p1a: Sylveon
|-damage|p1a: Sylveon|2/100
|move|p1a: Sylveon|Shadow Ball|p2a: Tinkaton
|-damage|p2a: Tinkaton|30/100
|
|-sideend|p1: Ampharos1995|Reflect
|upkeep
|turn|19
|
|t:|1758331494
|move|p2a: Tinkaton|Stealth Rock|p1a: Sylveon
|-sidestart|p1: Ampharos1995|move: Stealth Rock
|move|p1a: Sylveon|Shadow Ball|p2a: Tinkaton
|-damage|p2a: Tinkaton|0 fnt
|faint|p2a: Tinkaton
|
|-sideend|p1: Ampharos1995|move: Light Screen
|upkeep
|
|t:|1758331498
|switch|p2a: Demon|Darkrai|100/100
|turn|20
|
|t:|1758331509
|move|p2a: Demon|Dark Pulse|p1a: Sylveon
|-resisted|p1a: Sylveon
|-damage|p1a: Sylveon|0 fnt
|faint|p1a: Sylveon
|
|upkeep
|
|t:|1758331517
|switch|p1a: Goodra|Goodra-Hisui, F|100/100
|-damage|p1a: Goodra|84/100|[from] Spikes
|-damage|p1a: Goodra|78/100|[from] Stealth Rock
|turn|21
|
|t:|1758331523
|switch|p2a: Ting-Lu|Ting-Lu, shiny|88/100
|-ability|p2a: Ting-Lu|Vessel of Ruin
|move|p1a: Goodra|Gyro Ball|p2a: Ting-Lu
|-damage|p2a: Ting-Lu|82/100
|
|upkeep
|turn|22
|
|t:|1758331530
|switch|p1a: Gogoat|Gogoat, F|100/100
|-damage|p1a: Gogoat|84/100|[from] Spikes
|-damage|p1a: Gogoat|71/100|[from] Stealth Rock
|move|p2a: Ting-Lu|Earthquake|p1a: Gogoat
|-resisted|p1a: Gogoat
|-damage|p1a: Gogoat|49/100
|
|upkeep
|turn|23
|
|t:|1758331538
|switch|p2a: ZAMA|Zamazenta|69/100
|move|p1a: Gogoat|Horn Leech|p2a: ZAMA
|-damage|p2a: ZAMA|18/100
|-heal|p1a: Gogoat|68/100|[from] drain|[of] p2a: ZAMA
|
|upkeep
|turn|24
|
|t:|1758331545
|move|p2a: ZAMA|Close Combat|p1a: Gogoat
|-damage|p1a: Gogoat|3/100
|-unboost|p2a: ZAMA|def|1
|-unboost|p2a: ZAMA|spd|1
|move|p1a: Gogoat|Horn Leech|p2a: ZAMA
|-damage|p2a: ZAMA|0 fnt
|-heal|p1a: Gogoat|9/100|[from] drain|[of] p2a: ZAMA
|faint|p2a: ZAMA
|
|upkeep
|
|t:|1758331548
|switch|p2a: Demon|Darkrai|100/100
|turn|25
|
|t:|1758331555
|move|p2a: Demon|Knock Off|p1a: Gogoat
|-damage|p1a: Gogoat|0 fnt
|-enditem|p1a: Gogoat|Choice Band|[from] move: Knock Off|[of] p2a: Demon
|faint|p1a: Gogoat
|
|upkeep
|
|t:|1758331560
|switch|p1a: Goodra|Goodra-Hisui, F|78/100
|-damage|p1a: Goodra|61/100|[from] Spikes
|-damage|p1a: Goodra|55/100|[from] Stealth Rock
|turn|26
|
|t:|1758331567
|switch|p2a: Ting-Lu|Ting-Lu, shiny|82/100
|-ability|p2a: Ting-Lu|Vessel of Ruin
|move|p1a: Goodra|Dragon Pulse|p2a: Ting-Lu
|-damage|p2a: Ting-Lu|63/100
|
|upkeep
|turn|27
|-message|Ampharos1995 forfeited.
|
|win|xtorterraa
|raw|Ampharos1995's rating: 1138 &rarr; <strong>1111</strong><br />(-27 for losing)
|raw|xtorterraa's rating: 1107 &rarr; <strong>1134</strong><br />(+27 for winning)
|l|☆Ampharos1995
|player|p1|
|l|☆xtorterraa
|player|p2|
