|j|☆BlackliightJester
|j|☆Mingoto
|t:|1758320300
|gametype|singles
|player|p1|BlackliightJester|will|1076
|player|p2|Mingoto|hilda|1080
|gen|9
|tier|[Gen 9] OU
|rated|
|rule|HP Percentage Mod: HP is shown in percentages
|rule|Endless Battle Clause: Forcing endless battles is banned
|rule|Species Clause: Limit one of each Pokémon
|rule|OHKO Clause: OHKO moves are banned
|rule|Evasion Items Clause: Evasion items are banned
|rule|Evasion Moves Clause: Evasion moves are banned
|rule|Evasion Abilities Clause: Evasion abilities are banned
|rule|Sleep Moves Clause: Sleep-inducing moves are banned
|clearpoke
|poke|p1|Flapple, M|
|poke|p1|Sableye, M|
|poke|p1|Dugtrio, F|
|poke|p1|Probopass, F|
|poke|p1|Regice|
|poke|p1|Gurdurr, M|
|poke|p2|Luxray, F|
|poke|p2|Pachirisu, F|
|poke|p2|Rillaboom, F|
|poke|p2|Iron Moth|
|poke|p2|Slither Wing|
|poke|p2|Primarina, F|
|teampreview
|inactive|Battle timer is ON: inactive players will automatically lose when time's up. (requested by Mingoto)
|inactive|BlackliightJester also wants the timer to be on.
|
|t:|1758320326
|teamsize|p1|6
|teamsize|p2|6
|start
|switch|p1a: Vincenzo|Probopass, F|100/100
|switch|p2a: Iron Moth|Iron Moth|100/100
|-enditem|p2a: Iron Moth|Booster Energy
|-activate|p2a: Iron Moth|ability: Quark Drive|[fromitem]
|-start|p2a: Iron Moth|quarkdrivespa
|turn|1
|
|t:|1758320343
|move|p2a: Iron Moth|Flamethrower|p1a: Vincenzo
|-damage|p1a: Vincenzo|62/100
|move|p1a: Vincenzo|Stealth Rock|p2a: Iron Moth
|-sidestart|p2: Mingoto|move: Stealth Rock
|
|upkeep
|turn|2
|
|t:|1758320353
|-end|p2a: Iron Moth|Quark Drive|[silent]
|switch|p2a: Primarina|Primarina, F|100/100
|-damage|p2a: Primarina|88/100|[from] Stealth Rock
|move|p1a: Vincenzo|Body Press|p2a: Primarina
|-resisted|p2a: Primarina
|-damage|p2a: Primarina|74/100
|
|-heal|p2a: Primarina|80/100|[from] item: Leftovers
|upkeep
|turn|3
|
|t:|1758320367
|move|p2a: Primarina|Hyper Voice|p1a: Vincenzo
|-supereffective|p1a: Vincenzo
|-damage|p1a: Vincenzo|10/100
|move|p1a: Vincenzo|Body Press|p2a: Primarina
|-resisted|p2a: Primarina
|-damage|p2a: Primarina|64/100
|
|-heal|p2a: Primarina|70/100|[from] item: Leftovers
|upkeep
|turn|4
|-enditem|p1a: Vincenzo|Custap Berry|[eat]
|-activate|p1a: Vincenzo|item: Custap Berry|[consumed]
|
|t:|1758320380
|move|p1a: Vincenzo|Gravity|p1a: Vincenzo
|-fieldstart|move: Gravity
|move|p2a: Primarina|Hyper Voice|p1a: Vincenzo
|-supereffective|p1a: Vincenzo
|-damage|p1a: Vincenzo|0 fnt
|faint|p1a: Vincenzo
|
|-heal|p2a: Primarina|76/100|[from] item: Leftovers
|upkeep
|
|t:|1758320392
|switch|p1a: Blunderbuss|Regice|100/100
|turn|5
|
|t:|1758320416
|switch|p2a: Slither Wing|Slither Wing|100/100
|-damage|p2a: Slither Wing|88/100|[from] Stealth Rock
|move|p1a: Blunderbuss|Zap Cannon|p2a: Slither Wing
|-damage|p2a: Slither Wing|71/100
|-status|p2a: Slither Wing|par
|
|upkeep
|turn|6
|inactive|Mingoto has 120 seconds left.
|
|t:|1758320441
|move|p1a: Blunderbuss|Ice Beam|p2a: Slither Wing
|-damage|p2a: Slither Wing|53/100 par
|move|p2a: Slither Wing|Close Combat|p1a: Blunderbuss
|-supereffective|p1a: Blunderbuss
|-damage|p1a: Blunderbuss|13/100
|-unboost|p2a: Slither Wing|def|1
|-unboost|p2a: Slither Wing|spd|1
|
|upkeep
|turn|7
|inactive|Mingoto has 120 seconds left.
|
|t:|1758320450
|move|p1a: Blunderbuss|Ice Beam|p2a: Slither Wing
|-damage|p2a: Slither Wing|27/100 par
|move|p2a: Slither Wing|Leech Life|p1a: Blunderbuss
|-damage|p1a: Blunderbuss|0 fnt
|-heal|p2a: Slither Wing|33/100 par|[from] drain|[of] p1a: Blunderbuss
|faint|p1a: Blunderbuss
|
|upkeep
|
|t:|1758320468
|switch|p1a: Ross Rick|Flapple, M|100/100
|turn|8
|
|t:|1758320475
|move|p1a: Ross Rick|Dual Wingbeat|p2a: Slither Wing
|-supereffective|p2a: Slither Wing
|-damage|p2a: Slither Wing|0 fnt
|faint|p2a: Slither Wing
|-end|p2a: Slither Wing|Protosynthesis|[silent]
|-hitcount|p2: Slither Wing|1
|
|-fieldend|move: Gravity
|upkeep
|inactive|Mingoto has 120 seconds left.
|
|t:|1758320495
|switch|p2a: Primarina|Primarina, F|76/100
|-damage|p2a: Primarina|63/100|[from] Stealth Rock
|turn|9
|
|t:|1758320502
|switch|p1a: Malistaire|Sableye, M|100/100
|move|p2a: Primarina|Ice Beam|p1a: Malistaire
|-damage|p1a: Malistaire|59/100
|-enditem|p1a: Malistaire|Eject Button
|
|t:|1758320514
|switch|p1a: Natty|Gurdurr, M|100/100
|
|-heal|p2a: Primarina|70/100|[from] item: Leftovers
|upkeep
|turn|10
|
|t:|1758320521
|move|p2a: Primarina|Moonblast|p1a: Natty
|-supereffective|p1a: Natty
|-damage|p1a: Natty|0 fnt
|faint|p1a: Natty
|
|-heal|p2a: Primarina|76/100|[from] item: Leftovers
|upkeep
|
|t:|1758320528
|switch|p1a: Natural Disaster|Dugtrio, F|100/100
|turn|11
|-message|BlackliightJester forfeited.
|
|win|Mingoto
|raw|BlackliightJester's rating: 1076 &rarr; <strong>1055</strong><br />(-21 for losing)
|raw|Mingoto's rating: 1080 &rarr; <strong>1108</strong><br />(+28 for winning)
|l|☆BlackliightJester
|player|p1|
|l|☆Mingoto
|player|p2|
