|j|☆haoyue118
|j|☆visitor098
|t:|1758350443
|gametype|singles
|player|p1|haoyue118|265|1271
|player|p2|visitor098|265|1185
|gen|9
|tier|[Gen 9] OU
|rated|
|rule|HP Percentage Mod: HP is shown in percentages
|rule|Endless Battle Clause: Forcing endless battles is banned
|rule|Species Clause: Limit one of each Pokémon
|rule|OHKO Clause: OHKO moves are banned
|rule|Evasion Items Clause: Evasion items are banned
|rule|Evasion Moves Clause: Evasion moves are banned
|rule|Evasion Abilities Clause: Evasion abilities are banned
|rule|Sleep Moves Clause: Sleep-inducing moves are banned
|clearpoke
|poke|p1|Raging Bolt|
|poke|p1|Araquanid, F|
|poke|p1|Enamorus, F|
|poke|p1|Glimmora, F|
|poke|p1|Ceruledge, M|
|poke|p1|Kingambit, F|
|poke|p2|Tyranitar, M|
|poke|p2|Corviknight, M|
|poke|p2|Garchomp, F|
|poke|p2|Gastrodon-East, M|
|poke|p2|Ogerpon-Cornerstone, F|
|poke|p2|Arcanine-Hisui, F|
|teampreview
|
|t:|1758350453
|teamsize|p1|6
|teamsize|p2|6
|start
|switch|p1a: Ceruledge|Ceruledge, M|100/100
|switch|p2a: Tyranitar|Tyranitar, M, shiny|100/100
|-weather|Sandstorm|[from] ability: Sand Stream|[of] p2a: Tyranitar
|turn|1
|
|t:|1758350462
|move|p1a: Ceruledge|Close Combat|p2a: Tyranitar
|-supereffective|p2a: Tyranitar
|-damage|p2a: Tyranitar|0 fnt
|-unboost|p1a: Ceruledge|def|1
|-unboost|p1a: Ceruledge|spd|1
|faint|p2a: Tyranitar
|
|-weather|Sandstorm|[upkeep]
|-damage|p1a: Ceruledge|94/100|[from] Sandstorm
|upkeep
|
|t:|1758350466
|switch|p2a: Arcanine|Arcanine-Hisui, F|100/100
|-ability|p2a: Arcanine|Intimidate|boost
|-unboost|p1a: Ceruledge|atk|1
|turn|2
|
|t:|1758350479
|switch|p1a: Araquanid|Araquanid, F|100/100
|move|p2a: Arcanine|Head Smash|p1a: Araquanid
|-supereffective|p1a: Araquanid
|-crit|p1a: Araquanid
|-enditem|p1a: Araquanid|Focus Sash
|-damage|p1a: Araquanid|1/100
|-damage|p2a: Arcanine|49/100|[from] Recoil
|
|-weather|Sandstorm|[upkeep]
|-damage|p1a: Araquanid|0 fnt|[from] Sandstorm
|faint|p1a: Araquanid
|upkeep
|
|t:|1758350495
|switch|p1a: Raging Bolt|Raging Bolt|100/100
|-enditem|p1a: Raging Bolt|Booster Energy
|-activate|p1a: Raging Bolt|ability: Protosynthesis|[fromitem]
|-start|p1a: Raging Bolt|protosynthesisspa
|turn|3
|
|t:|1758350510
|switch|p2a: Ogerpon|Ogerpon-Cornerstone, F|100/100
|move|p1a: Raging Bolt|Thunderclap||[still]
|-fail|p1a: Raging Bolt
|
|-weather|Sandstorm|[upkeep]
|-damage|p1a: Raging Bolt|94/100|[from] Sandstorm
|upkeep
|turn|4
|
|t:|1758350529
|move|p2a: Ogerpon|Swords Dance|p2a: Ogerpon
|-boost|p2a: Ogerpon|atk|2
|move|p1a: Raging Bolt|Dragon Pulse|p2a: Ogerpon
|-damage|p2a: Ogerpon|51/100
|
|-weather|Sandstorm|[upkeep]
|-damage|p1a: Raging Bolt|88/100|[from] Sandstorm
|upkeep
|turn|5
|
|t:|1758350542
|move|p2a: Ogerpon|Ivy Cudgel|p1a: Raging Bolt|[anim] Ivy Cudgel Rock
|-damage|p1a: Raging Bolt|0 fnt
|faint|p1a: Raging Bolt
|-end|p1a: Raging Bolt|Protosynthesis|[silent]
|
|-weather|none
|upkeep
|
|t:|1758350549
|switch|p1a: Glimmora|Glimmora, F|100/100
|turn|6
|
|t:|1758350555
|move|p2a: Ogerpon|Horn Leech|p1a: Glimmora
|-enditem|p1a: Glimmora|Focus Sash
|-damage|p1a: Glimmora|1/100
|-heal|p2a: Ogerpon|100/100|[from] drain|[of] p1a: Glimmora
|-activate|p1a: Glimmora|ability: Toxic Debris
|-sidestart|p2: visitor098|move: Toxic Spikes
|move|p1a: Glimmora|Sludge Wave|p2a: Ogerpon
|-damage|p2a: Ogerpon|44/100
|-status|p2a: Ogerpon|psn
|
|-damage|p2a: Ogerpon|32/100 psn|[from] psn
|upkeep
|turn|7
|
|t:|1758350574
|move|p2a: Ogerpon|Ivy Cudgel|p1a: Glimmora|[anim] Ivy Cudgel Rock
|-damage|p1a: Glimmora|0 fnt
|-activate|p1a: Glimmora|ability: Toxic Debris
|-sidestart|p2: visitor098|move: Toxic Spikes
|faint|p1a: Glimmora
|
|-damage|p2a: Ogerpon|20/100 psn|[from] psn
|upkeep
|
|t:|1758350576
|switch|p1a: Kingambit|Kingambit, F|100/100
|-activate|p1a: Kingambit|ability: Supreme Overlord
|-start|p1a: Kingambit|fallen3|[silent]
|turn|8
|
|t:|1758350586
|switch|p2a: Corviknight|Corviknight, M|100/100
|-ability|p2a: Corviknight|Pressure
|move|p1a: Kingambit|Sucker Punch||[still]
|-fail|p1a: Kingambit
|
|upkeep
|turn|9
|
|t:|1758350601
|-end|p1a: Kingambit|fallen3|[silent]
|switch|p1a: Ceruledge|Ceruledge, M|94/100
|move|p2a: Corviknight|Body Press|p1a: Ceruledge
|-immune|p1a: Ceruledge
|
|upkeep
|turn|10
|
|t:|1758350631
|switch|p2a: Arcanine|Arcanine-Hisui, F|49/100
|-status|p2a: Arcanine|tox
|-ability|p2a: Arcanine|Intimidate|boost
|-unboost|p1a: Ceruledge|atk|1
|move|p1a: Ceruledge|Swords Dance|p1a: Ceruledge
|-boost|p1a: Ceruledge|atk|2
|
|-damage|p2a: Arcanine|43/100 tox|[from] psn
|upkeep
|turn|11
|
|t:|1758350647
|move|p2a: Arcanine|Head Smash|p1a: Ceruledge
|-supereffective|p1a: Ceruledge
|-damage|p1a: Ceruledge|0 fnt
|faint|p1a: Ceruledge
|-damage|p2a: Arcanine|2/100 tox|[from] Recoil
|
|-damage|p2a: Arcanine|0 fnt|[from] psn
|faint|p2a: Arcanine
|upkeep
|
|t:|1758350660
|switch|p1a: Enamorus|Enamorus, F|100/100
|switch|p2a: Corviknight|Corviknight, M|100/100
|-ability|p2a: Corviknight|Pressure
|turn|12
|
|t:|1758350668
|-terastallize|p1a: Enamorus|Stellar
|move|p1a: Enamorus|Tera Blast|p2a: Corviknight|[anim] Tera Blast Stellar
|-damage|p2a: Corviknight|55/100
|-boost|p1a: Enamorus|atk|1
|-boost|p1a: Enamorus|spa|1
|move|p2a: Corviknight|Heavy Slam|p1a: Enamorus
|-supereffective|p1a: Enamorus
|-damage|p1a: Enamorus|63/100
|
|upkeep
|turn|13
|
|t:|1758350686
|move|p1a: Enamorus|Mystical Fire|p2a: Corviknight
|-supereffective|p2a: Corviknight
|-damage|p2a: Corviknight|0 fnt
|faint|p2a: Corviknight
|
|upkeep
|
|t:|1758350692
|switch|p2a: Garchomp|Garchomp, F|100/100
|-status|p2a: Garchomp|tox
|turn|14
|
|t:|1758350701
|-terastallize|p2a: Garchomp|Steel
|move|p1a: Enamorus|Moonblast|p2a: Garchomp
|-resisted|p2a: Garchomp
|-damage|p2a: Garchomp|48/100 tox
|move|p2a: Garchomp|Iron Head|p1a: Enamorus
|-supereffective|p1a: Enamorus
|-damage|p1a: Enamorus|0 fnt
|faint|p1a: Enamorus
|-damage|p2a: Garchomp|38/100 tox|[from] item: Life Orb
|
|-damage|p2a: Garchomp|32/100 tox|[from] psn
|upkeep
|
|t:|1758350709
|switch|p1a: Kingambit|Kingambit, F|100/100
|-activate|p1a: Kingambit|ability: Supreme Overlord
|-start|p1a: Kingambit|fallen5|[silent]
|turn|15
|
|t:|1758350714
|move|p1a: Kingambit|Sucker Punch|p2a: Garchomp
|-damage|p2a: Garchomp|0 fnt
|-damage|p1a: Kingambit|88/100|[from] ability: Rough Skin|[of] p2a: Garchomp
|faint|p2a: Garchomp
|
|-heal|p1a: Kingambit|94/100|[from] item: Leftovers
|upkeep
|
|t:|1758350721
|switch|p2a: Ogerpon|Ogerpon-Cornerstone, F|20/100 psn
|turn|16
|
|t:|1758350724
|move|p2a: Ogerpon|Spiky Shield|p2a: Ogerpon
|-singleturn|p2a: Ogerpon|move: Protect
|move|p1a: Kingambit|Sucker Punch||[still]
|-fail|p1a: Kingambit
|
|-heal|p1a: Kingambit|100/100|[from] item: Leftovers
|-damage|p2a: Ogerpon|7/100 psn|[from] psn
|upkeep
|turn|17
|
|t:|1758350734
|move|p1a: Kingambit|Sucker Punch|p2a: Ogerpon
|-damage|p2a: Ogerpon|0 fnt
|faint|p2a: Ogerpon
|
|upkeep
|
|t:|1758350736
|switch|p2a: Gastrodon|Gastrodon-East, M|100/100
|-status|p2a: Gastrodon|tox
|turn|18
|
|t:|1758350743
|move|p1a: Kingambit|Low Kick|p2a: Gastrodon
|-damage|p2a: Gastrodon|62/100 tox
|move|p2a: Gastrodon|Earth Power|p1a: Kingambit
|-supereffective|p1a: Kingambit
|-damage|p1a: Kingambit|1/100
|-unboost|p1a: Kingambit|spd|1
|
|-heal|p1a: Kingambit|8/100|[from] item: Leftovers
|-heal|p2a: Gastrodon|68/100 tox|[from] item: Leftovers
|-damage|p2a: Gastrodon|62/100 tox|[from] psn
|upkeep
|turn|19
|
|t:|1758350754
|move|p1a: Kingambit|Kowtow Cleave|p2a: Gastrodon
|-damage|p2a: Gastrodon|0 fnt
|faint|p2a: Gastrodon
|
|win|haoyue118
|raw|haoyue118's rating: 1271 &rarr; <strong>1290</strong><br />(+19 for winning)
|raw|visitor098's rating: 1185 &rarr; <strong>1166</strong><br />(-19 for losing)
|l|☆visitor098
|player|p2|
|l|☆haoyue118
|player|p1|
