|j|☆theonlyg2
|j|☆Tenative Tentacles
|t:|1758232187
|gametype|singles
|player|p1|theonlyg2|ghetsis-gen5bw|1115
|player|p2|Tenative Tentacles|1|1080
|gen|9
|tier|[Gen 9] OU
|rated|
|rule|HP Percentage Mod: HP is shown in percentages
|rule|Endless Battle Clause: Forcing endless battles is banned
|rule|Species Clause: Limit one of each Pokémon
|rule|OHKO Clause: OHKO moves are banned
|rule|Evasion Items Clause: Evasion items are banned
|rule|Evasion Moves Clause: Evasion moves are banned
|rule|Evasion Abilities Clause: Evasion abilities are banned
|rule|Sleep Moves Clause: Sleep-inducing moves are banned
|clearpoke
|poke|p1|Delphox, F|
|poke|p1|Clefable, M|
|poke|p1|Walking Wake|
|poke|p1|Torkoal, M|
|poke|p1|Great Tusk|
|poke|p1|Whimsicott, F|
|poke|p2|Slowking-Galar, M|
|poke|p2|Rillaboom, F|
|poke|p2|Gliscor, M|
|poke|p2|Kyurem|
|poke|p2|Moltres|
|poke|p2|Okidogi, M|
|teampreview
|inactive|Battle timer is ON: inactive players will automatically lose when time's up. (requested by theonlyg2)
|c|☆theonlyg2|idk what im lookin at, but I'm scared
|inactive|theonlyg2 has 120 seconds left.
|
|t:|1758232222
|teamsize|p1|6
|teamsize|p2|6
|start
|switch|p1a: Tails|Walking Wake|100/100
|switch|p2a: Gliscor|Gliscor, M|100/100
|turn|1
|
|t:|1758232230
|move|p2a: Gliscor|Protect|p2a: Gliscor
|-singleturn|p2a: Gliscor|Protect
|move|p1a: Tails|Hydro Steam|p2a: Gliscor
|-activate|p2a: Gliscor|move: Protect
|
|-status|p2a: Gliscor|tox|[from] item: Toxic Orb
|upkeep
|turn|2
|
|t:|1758232255
|switch|p2a: Kyurem|Kyurem|100/100
|-ability|p2a: Kyurem|Pressure
|move|p1a: Tails|Hydro Steam|p2a: Kyurem
|-resisted|p2a: Kyurem
|-damage|p2a: Kyurem|78/100
|-damage|p1a: Tails|91/100|[from] item: Life Orb
|
|-heal|p2a: Kyurem|84/100|[from] item: Leftovers
|upkeep
|turn|3
|
|t:|1758232268
|switch|p2a: Slowking|Slowking-Galar, M|100/100
|move|p1a: Tails|Draco Meteor|p2a: Slowking
|-damage|p2a: Slowking|49/100
|-unboost|p1a: Tails|spa|2
|-damage|p1a: Tails|81/100|[from] item: Life Orb
|
|upkeep
|turn|4
|
|t:|1758232280
|-end|p1a: Tails|Protosynthesis|[silent]
|switch|p1a: It's a fkin turtle|Torkoal, M|100/100
|-weather|SunnyDay|[from] ability: Drought|[of] p1a: It's a fkin turtle
|-prepare|p2a: Slowking|Chilly Reception|[premajor]
|move|p2a: Slowking|Chilly Reception|p2a: Slowking
|-weather|Snowscape
|
|t:|1758232287
|switch|p2a: Gliscor|Gliscor, M|100/100 tox|[from] Chilly Reception
|
|-weather|Snowscape|[upkeep]
|upkeep
|turn|5
|
|t:|1758232308
|move|p2a: Gliscor|Spikes|p1a: It's a fkin turtle
|-sidestart|p1: theonlyg2|Spikes
|move|p1a: It's a fkin turtle|Stealth Rock|p2a: Gliscor
|-sidestart|p2: Tenative Tentacles|move: Stealth Rock
|
|-weather|Snowscape|[upkeep]
|upkeep
|turn|6
|
|t:|1758232313
|switch|p1a: Tails|Walking Wake|81/100
|-damage|p1a: Tails|69/100|[from] Spikes
|move|p2a: Gliscor|Toxic|p1a: Tails
|-status|p1a: Tails|tox
|
|-weather|Snowscape|[upkeep]
|-damage|p1a: Tails|62/100 tox|[from] psn
|upkeep
|turn|7
|
|t:|1758232325
|move|p2a: Gliscor|Protect|p2a: Gliscor
|-singleturn|p2a: Gliscor|Protect
|move|p1a: Tails|Weather Ball|p2a: Gliscor
|-activate|p2a: Gliscor|move: Protect
|
|-weather|Snowscape|[upkeep]
|-damage|p1a: Tails|50/100 tox|[from] psn
|upkeep
|turn|8
|
|t:|1758232353
|-terastallize|p2a: Gliscor|Water
|move|p1a: Tails|Hydro Steam|p2a: Gliscor
|-resisted|p2a: Gliscor
|-damage|p2a: Gliscor|67/100 tox
|-damage|p1a: Tails|40/100 tox|[from] item: Life Orb
|move|p2a: Gliscor|Knock Off|p1a: Tails
|-damage|p1a: Tails|16/100 tox
|-enditem|p1a: Tails|Life Orb|[from] move: Knock Off|[of] p2a: Gliscor
|
|-weather|none
|-damage|p1a: Tails|0 fnt|[from] psn
|faint|p1a: Tails
|-end|p1a: Tails|Protosynthesis|[silent]
|-heal|p2a: Gliscor|80/100 tox|[from] ability: Poison Heal
|upkeep
|
|t:|1758232374
|switch|p1a: Fluffy|Whimsicott, F|100/100
|-damage|p1a: Fluffy|88/100|[from] Spikes
|turn|9
|
|t:|1758232389
|switch|p2a: Moltres|Moltres|100/100
|move|p1a: Fluffy|Encore||[still]
|-fail|p1a: Fluffy
|
|upkeep
|turn|10
|
|t:|1758232398
|switch|p1a: It's a fkin turtle|Torkoal, M|100/100
|-damage|p1a: It's a fkin turtle|88/100|[from] Spikes
|-weather|SunnyDay|[from] ability: Drought|[of] p1a: It's a fkin turtle
|move|p2a: Moltres|U-turn|p1a: It's a fkin turtle
|-resisted|p1a: It's a fkin turtle
|-damage|p1a: It's a fkin turtle|84/100
|inactive|Tenative Tentacles has 120 seconds left.
|
|t:|1758232420
|switch|p2a: Gliscor|Gliscor, M, tera:Water|80/100 tox|[from] U-turn
|-damage|p2a: Gliscor|67/100 tox|[from] Stealth Rock
|
|-weather|SunnyDay|[upkeep]
|-heal|p2a: Gliscor|80/100 tox|[from] ability: Poison Heal
|upkeep
|turn|11
|inactive|Tenative Tentacles has 120 seconds left.
|
|t:|1758232436
|move|p2a: Gliscor|Knock Off|p1a: It's a fkin turtle
|-damage|p1a: It's a fkin turtle|73/100
|-enditem|p1a: It's a fkin turtle|Heat Rock|[from] move: Knock Off|[of] p2a: Gliscor
|move|p1a: It's a fkin turtle|Rapid Spin|p2a: Gliscor
|-damage|p2a: Gliscor|74/100 tox
|-boost|p1a: It's a fkin turtle|spe|1
|-sideend|p1: theonlyg2|Spikes|[from] move: Rapid Spin|[of] p1a: It's a fkin turtle
|
|-weather|SunnyDay|[upkeep]
|-heal|p2a: Gliscor|86/100 tox|[from] ability: Poison Heal
|upkeep
|turn|12
|
|t:|1758232445
|move|p2a: Gliscor|Toxic|p1a: It's a fkin turtle
|-status|p1a: It's a fkin turtle|tox
|move|p1a: It's a fkin turtle|Body Press|p2a: Gliscor
|-damage|p2a: Gliscor|65/100 tox
|
|-weather|SunnyDay|[upkeep]
|-heal|p2a: Gliscor|77/100 tox|[from] ability: Poison Heal
|-damage|p1a: It's a fkin turtle|66/100 tox|[from] psn
|upkeep
|turn|13
|
|t:|1758232468
|switch|p1a: Fluffy|Whimsicott, F|88/100
|move|p2a: Gliscor|Spikes|p1a: Fluffy
|-sidestart|p1: theonlyg2|Spikes
|
|-weather|SunnyDay|[upkeep]
|-heal|p2a: Gliscor|89/100 tox|[from] ability: Poison Heal
|upkeep
|turn|14
|
|t:|1758232485
|switch|p2a: Moltres|Moltres|100/100
|move|p1a: Fluffy|Giga Drain|p2a: Moltres
|-resisted|p2a: Moltres
|-damage|p2a: Moltres|93/100
|-heal|p1a: Fluffy|94/100|[from] drain|[of] p2a: Moltres
|
|-weather|SunnyDay|[upkeep]
|upkeep
|turn|15
|
|t:|1758232499
|switch|p1a: Dirt|Great Tusk, shiny|100/100
|-activate|p1a: Dirt|ability: Protosynthesis
|-start|p1a: Dirt|protosynthesisatk
|move|p2a: Moltres|Flamethrower|p1a: Dirt
|-damage|p1a: Dirt|12/100
|
|-weather|SunnyDay|[upkeep]
|upkeep
|turn|16
|inactive|theonlyg2 has 120 seconds left.
|
|t:|1758232517
|move|p1a: Dirt|Close Combat|p2a: Moltres
|-resisted|p2a: Moltres
|-damage|p2a: Moltres|65/100
|-unboost|p1a: Dirt|def|1
|-unboost|p1a: Dirt|spd|1
|move|p2a: Moltres|Flamethrower|p1a: Dirt
|-damage|p1a: Dirt|0 fnt
|faint|p1a: Dirt
|-end|p1a: Dirt|Protosynthesis|[silent]
|
|-weather|SunnyDay|[upkeep]
|upkeep
|inactive|theonlyg2 has 120 seconds left.
|
|t:|1758232542
|switch|p1a: Scarlet|Delphox, F|100/100
|-damage|p1a: Scarlet|88/100|[from] Spikes
|turn|17
|
|t:|1758232547
|move|p1a: Scarlet|Psyshock|p2a: Moltres
|-damage|p2a: Moltres|36/100
|move|p2a: Moltres|Roar|p1a: Scarlet
|drag|p1a: It's a fkin turtle|Torkoal, M|66/100 tox
|-damage|p1a: It's a fkin turtle|54/100 tox|[from] Spikes
|
|-weather|none
|-damage|p1a: It's a fkin turtle|48/100 tox|[from] psn
|upkeep
|turn|18
|
|t:|1758232561
|move|p2a: Moltres|Roost|p2a: Moltres
|-heal|p2a: Moltres|86/100
|-singleturn|p2a: Moltres|move: Roost
|move|p1a: It's a fkin turtle|Body Press|p2a: Moltres
|-damage|p2a: Moltres|64/100
|
|-damage|p1a: It's a fkin turtle|36/100 tox|[from] psn
|upkeep
|turn|19
|c|☆theonlyg2|nah im cooked
|
|t:|1758232574
|move|p2a: Moltres|Roost|p2a: Moltres
|-heal|p2a: Moltres|100/100
|-singleturn|p2a: Moltres|move: Roost
|move|p1a: It's a fkin turtle|Rapid Spin|p2a: Moltres
|-damage|p2a: Moltres|94/100
|-boost|p1a: It's a fkin turtle|spe|1
|-sideend|p1: theonlyg2|Spikes|[from] move: Rapid Spin|[of] p1a: It's a fkin turtle
|
|-damage|p1a: It's a fkin turtle|17/100 tox|[from] psn
|upkeep
|turn|20
|c|☆Tenative Tentacles|yeah moltres too good here
|
|t:|1758232585
|move|p2a: Moltres|Flamethrower|p1a: It's a fkin turtle
|-resisted|p1a: It's a fkin turtle
|-damage|p1a: It's a fkin turtle|0 fnt
|faint|p1a: It's a fkin turtle
|
|upkeep
|
|t:|1758232593
|switch|p1a: Kirby|Clefable, M|100/100
|turn|21
|
|t:|1758232601
|move|p2a: Moltres|U-turn|p1a: Kirby
|-resisted|p1a: Kirby
|-damage|p1a: Kirby|95/100
|
|t:|1758232608
|switch|p2a: Slowking|Slowking-Galar, M|82/100|[from] U-turn
|move|p1a: Kirby|Thunder Wave|p2a: Slowking
|-status|p2a: Slowking|par
|
|-heal|p1a: Kirby|100/100|[from] item: Leftovers
|upkeep
|turn|22
|
|t:|1758232622
|move|p1a: Kirby|Calm Mind|p1a: Kirby
|-boost|p1a: Kirby|spa|1
|-boost|p1a: Kirby|spd|1
|move|p2a: Slowking|Thunder Wave|p1a: Kirby|[miss]
|-miss|p2a: Slowking|p1a: Kirby
|
|upkeep
|turn|23
|
|t:|1758232628
|move|p1a: Kirby|Calm Mind|p1a: Kirby
|-boost|p1a: Kirby|spa|1
|-boost|p1a: Kirby|spd|1
|cant|p2a: Slowking|par
|
|upkeep
|turn|24
|
|t:|1758232632
|switch|p2a: Moltres|Moltres|94/100
|move|p1a: Kirby|Calm Mind|p1a: Kirby
|-boost|p1a: Kirby|spa|1
|-boost|p1a: Kirby|spd|1
|
|upkeep
|turn|25
|
|t:|1758232639
|move|p1a: Kirby|Protect|p1a: Kirby
|-singleturn|p1a: Kirby|Protect
|move|p2a: Moltres|Roar|p1a: Kirby
|drag|p1a: Fluffy|Whimsicott, F|94/100
|
|upkeep
|turn|26
|c|☆theonlyg2|idk why I thought I could protect against roar
|
|t:|1758232661
|move|p1a: Fluffy|Encore|p2a: Moltres
|-start|p2a: Moltres|Encore
|move|p2a: Moltres|Roar|p1a: Fluffy
|drag|p1a: Scarlet|Delphox, F|88/100
|
|upkeep
|turn|27
|c|☆Tenative Tentacles|i think it worked like that
|c|☆Tenative Tentacles|in old gens
|
|t:|1758232679
|switch|p2a: Gliscor|Gliscor, M, tera:Water|89/100 tox
|-damage|p2a: Gliscor|77/100 tox|[from] Stealth Rock
|move|p1a: Scarlet|Trick|p2a: Gliscor
|-activate|p1a: Scarlet|move: Trick|[of] p2a: Gliscor
|-item|p2a: Gliscor|Choice Scarf|[from] move: Trick
|-item|p1a: Scarlet|Toxic Orb|[from] move: Trick
|
|-heal|p2a: Gliscor|89/100 tox|[from] ability: Poison Heal
|-status|p1a: Scarlet|tox|[from] item: Toxic Orb
|upkeep
|turn|28
|c|☆theonlyg2|oof
|c|☆theonlyg2|nah you got it big bro, gg
|
|t:|1758232702
|move|p2a: Gliscor|Spikes|p1a: Scarlet
|-sidestart|p1: theonlyg2|Spikes
|move|p1a: Scarlet|Psyshock|p2a: Gliscor
|-damage|p2a: Gliscor|66/100 tox
|
|-heal|p2a: Gliscor|79/100 tox|[from] ability: Poison Heal
|-damage|p1a: Scarlet|82/100 tox|[from] psn
|upkeep
|turn|29
|-message|theonlyg2 forfeited.
|
|win|Tenative Tentacles
|raw|theonlyg2's rating: 1115 &rarr; <strong>1087</strong><br />(-28 for losing)
|raw|Tenative Tentacles's rating: 1080 &rarr; <strong>1111</strong><br />(+31 for winning)
|l|☆theonlyg2
|player|p1|
|c|☆Tenative Tentacles|gg
