|j|☆GR Tommy
|j|☆Darlyn41591
|t:|1758238989
|gametype|singles
|player|p1|GR Tommy|red-masters|1137
|player|p2|Darlyn41591|266|1175
|gen|9
|tier|[Gen 9] OU
|rated|
|rule|HP Percentage Mod: HP is shown in percentages
|rule|Endless Battle Clause: Forcing endless battles is banned
|rule|Species Clause: Limit one of each Pokémon
|rule|OHKO Clause: OHKO moves are banned
|rule|Evasion Items Clause: Evasion items are banned
|rule|Evasion Moves Clause: Evasion moves are banned
|rule|Evasion Abilities Clause: Evasion abilities are banned
|rule|Sleep Moves Clause: Sleep-inducing moves are banned
|clearpoke
|poke|p1|Primarina, M|
|poke|p1|Darkrai|
|poke|p1|Pecharunt|
|poke|p1|Gholdengo|
|poke|p1|Great Tusk|
|poke|p1|Polteageist-Antique|
|poke|p2|Ninetales-Alola, F|
|poke|p2|Serperior, F|
|poke|p2|Gliscor, M|
|poke|p2|Ribombee, F|
|poke|p2|Goodra-Hisui, F|
|poke|p2|Samurott-Hisui, M|
|teampreview
|
|t:|1758238999
|teamsize|p1|6
|teamsize|p2|6
|start
|switch|p1a: Primarina|Primarina, M|100/100
|switch|p2a: Ribombee|Ribombee, F|100/100
|turn|1
|
|t:|1758239008
|move|p2a: Ribombee|Sticky Web|p1a: Primarina
|-sidestart|p1: GR Tommy|move: Sticky Web
|move|p1a: Primarina|Substitute|p1a: Primarina
|-start|p1a: Primarina|Substitute
|-damage|p1a: Primarina|75/100
|
|-heal|p1a: Primarina|82/100|[from] item: Leftovers
|upkeep
|turn|2
|
|t:|1758239015
|move|p2a: Ribombee|Tailwind|p2a: Ribombee
|-sidestart|p2: Darlyn41591|move: Tailwind
|move|p1a: Primarina|Calm Mind|p1a: Primarina
|-boost|p1a: Primarina|spa|1
|-boost|p1a: Primarina|spd|1
|
|-heal|p1a: Primarina|88/100|[from] item: Leftovers
|upkeep
|turn|3
|
|t:|1758239027
|switch|p2a: Goodra|Goodra-Hisui, F|100/100
|move|p1a: Primarina|Calm Mind|p1a: Primarina
|-boost|p1a: Primarina|spa|1
|-boost|p1a: Primarina|spd|1
|
|-heal|p1a: Primarina|94/100|[from] item: Leftovers
|upkeep
|turn|4
|
|t:|1758239039
|move|p2a: Goodra|Acid Spray|p1a: Primarina
|-supereffective|p1a: Primarina
|-activate|p1a: Primarina|move: Substitute|[damage]
|move|p1a: Primarina|Calm Mind|p1a: Primarina
|-boost|p1a: Primarina|spa|1
|-boost|p1a: Primarina|spd|1
|
|-heal|p1a: Primarina|99/100|[from] item: Leftovers
|upkeep
|turn|5
|
|t:|1758239047
|move|p2a: Goodra|Acid Spray|p1a: Primarina
|-supereffective|p1a: Primarina
|-activate|p1a: Primarina|move: Substitute|[damage]
|move|p1a: Primarina|Draining Kiss|p2a: Goodra
|-crit|p2a: Goodra
|-damage|p2a: Goodra|74/100
|-heal|p1a: Primarina|100/100|[from] drain|[of] p2a: Goodra
|
|-sideend|p2: Darlyn41591|move: Tailwind
|upkeep
|turn|6
|
|t:|1758239055
|move|p1a: Primarina|Calm Mind|p1a: Primarina
|-boost|p1a: Primarina|spa|1
|-boost|p1a: Primarina|spd|1
|move|p2a: Goodra|Ice Beam|p1a: Primarina
|-resisted|p1a: Primarina
|-activate|p1a: Primarina|move: Substitute|[damage]
|
|upkeep
|turn|7
|
|t:|1758239064
|move|p1a: Primarina|Draining Kiss|p2a: Goodra
|-damage|p2a: Goodra|53/100
|move|p2a: Goodra|Flash Cannon|p1a: Primarina
|-end|p1a: Primarina|Substitute
|
|upkeep
|turn|8
|
|t:|1758239071
|-terastallize|p1a: Primarina|Steel
|move|p1a: Primarina|Draining Kiss|p2a: Goodra
|-damage|p2a: Goodra|30/100
|move|p2a: Goodra|Acid Spray|p1a: Primarina
|-immune|p1a: Primarina
|
|upkeep
|turn|9
|
|t:|1758239077
|move|p1a: Primarina|Substitute|p1a: Primarina
|-start|p1a: Primarina|Substitute
|-damage|p1a: Primarina|75/100
|move|p2a: Goodra|Dragon Tail|p1a: Primarina
|-resisted|p1a: Primarina
|-activate|p1a: Primarina|move: Substitute|[damage]
|
|-heal|p1a: Primarina|82/100|[from] item: Leftovers
|upkeep
|turn|10
|
|t:|1758239089
|move|p1a: Primarina|Draining Kiss|p2a: Goodra
|-damage|p2a: Goodra|8/100
|-heal|p1a: Primarina|98/100|[from] drain|[of] p2a: Goodra
|move|p2a: Goodra|Dragon Tail|p1a: Primarina|[miss]
|-miss|p2a: Goodra|p1a: Primarina
|
|-heal|p1a: Primarina|100/100|[from] item: Leftovers
|upkeep
|turn|11
|
|t:|1758239097
|move|p1a: Primarina|Draining Kiss|p2a: Goodra
|-damage|p2a: Goodra|0 fnt
|faint|p2a: Goodra
|
|upkeep
|
|t:|1758239108
|switch|p2a: Samurott|Samurott-Hisui, M|100/100
|turn|12
|
|t:|1758239114
|move|p2a: Samurott|Sacred Sword|p1a: Primarina
|-supereffective|p1a: Primarina
|-end|p1a: Primarina|Substitute
|move|p1a: Primarina|Draining Kiss|p2a: Samurott
|-supereffective|p2a: Samurott
|-damage|p2a: Samurott|0 fnt
|faint|p2a: Samurott
|
|upkeep
|
|t:|1758239121
|switch|p2a: Ribombee|Ribombee, F|100/100
|turn|13
|
|t:|1758239130
|move|p2a: Ribombee|Reflect|p2a: Ribombee
|-sidestart|p2: Darlyn41591|Reflect
|move|p1a: Primarina|Psychic Noise|p2a: Ribombee
|-enditem|p2a: Ribombee|Focus Sash
|-damage|p2a: Ribombee|1/100
|
|upkeep
|turn|14
|
|t:|1758239139
|move|p2a: Ribombee|Draining Kiss|p1a: Primarina
|-resisted|p1a: Primarina
|-damage|p1a: Primarina|97/100
|-heal|p2a: Ribombee|4/100|[from] drain|[of] p1a: Primarina
|move|p1a: Primarina|Psychic Noise|p2a: Ribombee
|-damage|p2a: Ribombee|0 fnt
|faint|p2a: Ribombee
|
|-heal|p1a: Primarina|100/100|[from] item: Leftovers
|upkeep
|
|t:|1758239150
|switch|p2a: Ninetales|Ninetales-Alola, F|100/100
|-weather|Snowscape|[from] ability: Snow Warning|[of] p2a: Ninetales
|turn|15
|
|t:|1758239162
|move|p2a: Ninetales|Encore|p1a: Primarina
|-start|p1a: Primarina|Encore
|move|p1a: Primarina|Psychic Noise|p2a: Ninetales
|-damage|p2a: Ninetales|0 fnt
|faint|p2a: Ninetales
|
|-weather|Snowscape|[upkeep]
|upkeep
|
|t:|1758239171
|switch|p2a: Gliscor|Gliscor, M|100/100
|turn|16
|
|t:|1758239191
|-terastallize|p2a: Gliscor|Water
|move|p2a: Gliscor|Protect|p2a: Gliscor
|-singleturn|p2a: Gliscor|Protect
|move|p1a: Primarina|Psychic Noise|p2a: Gliscor
|-activate|p2a: Gliscor|move: Protect
|
|-weather|Snowscape|[upkeep]
|-status|p2a: Gliscor|tox|[from] item: Toxic Orb
|upkeep
|turn|17
|
|t:|1758239202
|move|p2a: Gliscor|Knock Off|p1a: Primarina
|-damage|p1a: Primarina|82/100
|-enditem|p1a: Primarina|Leftovers|[from] move: Knock Off|[of] p2a: Gliscor
|move|p1a: Primarina|Psychic Noise|p2a: Gliscor
|-resisted|p2a: Gliscor
|-damage|p2a: Gliscor|49/100 tox
|-start|p2a: Gliscor|move: Heal Block
|
|-weather|Snowscape|[upkeep]
|-end|p1a: Primarina|Encore
|-sideend|p2: Darlyn41591|Reflect
|upkeep
|turn|18
|
|t:|1758239261
|move|p2a: Gliscor|Stealth Rock|p1a: Primarina
|-sidestart|p1: GR Tommy|move: Stealth Rock
|move|p1a: Primarina|Draining Kiss|p2a: Gliscor
|-damage|p2a: Gliscor|0 fnt
|-heal|p1a: Primarina|100/100|[from] drain|[of] p2a: Gliscor
|faint|p2a: Gliscor
|
|-weather|Snowscape|[upkeep]
|upkeep
|
|t:|1758239268
|switch|p2a: Serperior|Serperior, F|100/100
|turn|19
|
|t:|1758239273
|move|p2a: Serperior|Leaf Storm|p1a: Primarina
|-resisted|p1a: Primarina
|-damage|p1a: Primarina|93/100
|-boost|p2a: Serperior|spa|2
|move|p1a: Primarina|Draining Kiss|p2a: Serperior
|-damage|p2a: Serperior|22/100
|-heal|p1a: Primarina|100/100|[from] drain|[of] p2a: Serperior
|
|-weather|none
|-heal|p2a: Serperior|28/100|[from] item: Leftovers
|upkeep
|turn|20
|c|☆GR Tommy|gg
|c|☆Darlyn41591|si
|c|☆Darlyn41591|buena
|-message|Darlyn41591 forfeited.
|
|win|GR Tommy
|raw|GR Tommy's rating: 1137 &rarr; <strong>1165</strong><br />(+28 for winning)
|raw|Darlyn41591's rating: 1175 &rarr; <strong>1147</strong><br />(-28 for losing)
|l|☆Darlyn41591
|player|p2|
