|j|☆Kis Vegallomas
|j|☆SmashOnly
|t:|1758360733
|gametype|singles
|player|p1|Kis Vegallomas|2|1373
|player|p2|SmashOnly|shadowtriad|1393
|gen|9
|tier|[Gen 9] OU
|rated|
|rule|HP Percentage Mod: HP is shown in percentages
|rule|Endless Battle Clause: Forcing endless battles is banned
|rule|Species Clause: Limit one of each Pokémon
|rule|OHKO Clause: OHKO moves are banned
|rule|Evasion Items Clause: Evasion items are banned
|rule|Evasion Moves Clause: Evasion moves are banned
|rule|Evasion Abilities Clause: Evasion abilities are banned
|rule|Sleep Moves Clause: Sleep-inducing moves are banned
|clearpoke
|poke|p1|Goodra-Hisui, F|
|poke|p1|Pecharunt|
|poke|p1|Tsareena, F|
|poke|p1|Skeledirge, M|
|poke|p1|Scizor, M|
|poke|p1|Azumarill, F|
|poke|p2|Gholdengo|
|poke|p2|Iron Treads|
|poke|p2|Moltres|
|poke|p2|Samurott-Hisui, F|
|poke|p2|Sinistcha|
|poke|p2|Ting-Lu|
|teampreview
|inactive|Battle timer is ON: inactive players will automatically lose when time's up. (requested by Kis Vegallomas)
|
|t:|1758360760
|teamsize|p1|6
|teamsize|p2|6
|start
|switch|p1a: Tsareena|Tsareena, F|100/100
|switch|p2a: Gholdengo|Gholdengo|100/100
|turn|1
|
|t:|1758360776
|move|p2a: Gholdengo|Make It Rain|p1a: Tsareena
|-crit|p1a: Tsareena
|-damage|p1a: Tsareena|0 fnt
|-unboost|p2a: Gholdengo|spa|1
|faint|p1a: Tsareena
|
|upkeep
|
|t:|1758360791
|switch|p1a: Skeledirge|Skeledirge, M|100/100
|turn|2
|
|t:|1758360795
|switch|p2a: Ting-Lu|Ting-Lu|100/100
|-ability|p2a: Ting-Lu|Vessel of Ruin
|move|p1a: Skeledirge|Torch Song|p2a: Ting-Lu
|-damage|p2a: Ting-Lu|83/100
|-boost|p1a: Skeledirge|spa|1
|
|-heal|p2a: Ting-Lu|89/100|[from] item: Leftovers
|upkeep
|turn|3
|
|t:|1758360803
|move|p1a: Skeledirge|Torch Song|p2a: Ting-Lu
|-damage|p2a: Ting-Lu|65/100
|-boost|p1a: Skeledirge|spa|1
|move|p2a: Ting-Lu|Stealth Rock|p1a: Skeledirge
|-sidestart|p1: Kis Vegallomas|move: Stealth Rock
|
|-heal|p2a: Ting-Lu|71/100|[from] item: Leftovers
|upkeep
|turn|4
|
|t:|1758360808
|move|p1a: Skeledirge|Alluring Voice|p2a: Ting-Lu
|-supereffective|p2a: Ting-Lu
|-damage|p2a: Ting-Lu|29/100
|move|p2a: Ting-Lu|Earthquake|p1a: Skeledirge
|-supereffective|p1a: Skeledirge
|-damage|p1a: Skeledirge|42/100
|
|-heal|p2a: Ting-Lu|35/100|[from] item: Leftovers
|upkeep
|turn|5
|
|t:|1758360823
|switch|p2a: Samurott|Samurott-Hisui, F|100/100
|move|p1a: Skeledirge|Alluring Voice|p2a: Samurott
|-supereffective|p2a: Samurott
|-damage|p2a: Samurott|0 fnt
|faint|p2a: Samurott
|
|upkeep
|
|t:|1758360829
|switch|p2a: Gholdengo|Gholdengo|100/100
|turn|6
|
|t:|1758360835
|switch|p1a: Goodra|Goodra-Hisui, F|100/100
|-damage|p1a: Goodra|94/100|[from] Stealth Rock
|move|p2a: Gholdengo|Thunderbolt|p1a: Goodra
|-resisted|p1a: Goodra
|-damage|p1a: Goodra|87/100
|
|upkeep
|turn|7
|
|t:|1758360841
|switch|p2a: Iron Treads|Iron Treads|100/100
|move|p1a: Goodra|Fire Blast|p2a: Iron Treads|[miss]
|-miss|p1a: Goodra|p2a: Iron Treads
|
|upkeep
|turn|8
|
|t:|1758360845
|move|p2a: Iron Treads|Earthquake|p1a: Goodra
|-supereffective|p1a: Goodra
|-damage|p1a: Goodra|21/100
|move|p1a: Goodra|Fire Blast|p2a: Iron Treads
|-supereffective|p2a: Iron Treads
|-damage|p2a: Iron Treads|45/100
|
|upkeep
|turn|9
|
|t:|1758360855
|move|p2a: Iron Treads|Earthquake|p1a: Goodra
|-supereffective|p1a: Goodra
|-damage|p1a: Goodra|0 fnt
|faint|p1a: Goodra
|
|upkeep
|
|t:|1758360856
|switch|p1a: Azumarill|Azumarill, F|100/100
|-damage|p1a: Azumarill|88/100|[from] Stealth Rock
|turn|10
|
|t:|1758360865
|-end|p2a: Iron Treads|Quark Drive|[silent]
|switch|p2a: Sinistcha|Sinistcha|100/100
|move|p1a: Azumarill|Liquidation|p2a: Sinistcha
|-resisted|p2a: Sinistcha
|-damage|p2a: Sinistcha|71/100
|
|upkeep
|turn|11
|
|t:|1758360869
|switch|p1a: Scizor|Scizor, M|100/100
|-damage|p1a: Scizor|88/100|[from] Stealth Rock
|move|p2a: Sinistcha|Matcha Gotcha|p1a: Scizor
|-resisted|p1a: Scizor
|-damage|p1a: Scizor|78/100
|-heal|p2a: Sinistcha|76/100|[from] drain|[of] p1a: Scizor
|-enditem|p1a: Scizor|Red Card|[of] p2a: Sinistcha
|drag|p2a: Iron Treads|Iron Treads|45/100
|
|upkeep
|turn|12
|
|t:|1758360883
|move|p2a: Iron Treads|Earthquake|p1a: Scizor
|-damage|p1a: Scizor|38/100
|move|p1a: Scizor|Swords Dance|p1a: Scizor
|-boost|p1a: Scizor|atk|2
|
|upkeep
|turn|13
|
|t:|1758360888
|move|p1a: Scizor|Bullet Punch|p2a: Iron Treads
|-resisted|p2a: Iron Treads
|-damage|p2a: Iron Treads|19/100
|move|p2a: Iron Treads|Earthquake|p1a: Scizor
|-damage|p1a: Scizor|0 fnt
|faint|p1a: Scizor
|
|upkeep
|
|t:|1758360892
|switch|p1a: Azumarill|Azumarill, F|88/100
|-damage|p1a: Azumarill|76/100|[from] Stealth Rock
|turn|14
|
|t:|1758360896
|-end|p2a: Iron Treads|Quark Drive|[silent]
|switch|p2a: Sinistcha|Sinistcha|76/100
|move|p1a: Azumarill|Aqua Jet|p2a: Sinistcha
|-resisted|p2a: Sinistcha
|-damage|p2a: Sinistcha|62/100
|
|upkeep
|turn|15
|
|t:|1758360914
|switch|p1a: Pecharunt|Pecharunt|100/100
|-damage|p1a: Pecharunt|88/100|[from] Stealth Rock
|move|p2a: Sinistcha|Strength Sap|p1a: Pecharunt
|-unboost|p1a: Pecharunt|atk|1
|-heal|p2a: Sinistcha|100/100
|
|upkeep
|turn|16
|
|t:|1758360920
|move|p1a: Pecharunt|Shadow Ball|p2a: Sinistcha
|-supereffective|p2a: Sinistcha
|-damage|p2a: Sinistcha|10/100
|-unboost|p2a: Sinistcha|spd|1
|move|p2a: Sinistcha|Calm Mind|p2a: Sinistcha
|-boost|p2a: Sinistcha|spa|1
|-boost|p2a: Sinistcha|spd|1
|
|upkeep
|turn|17
|
|t:|1758360930
|switch|p2a: Ting-Lu|Ting-Lu|35/100
|-ability|p2a: Ting-Lu|Vessel of Ruin
|move|p1a: Pecharunt|Malignant Chain|p2a: Ting-Lu
|-resisted|p2a: Ting-Lu
|-damage|p2a: Ting-Lu|27/100
|
|-heal|p2a: Ting-Lu|33/100|[from] item: Leftovers
|upkeep
|turn|18
|
|t:|1758360940
|move|p1a: Pecharunt|Malignant Chain|p2a: Ting-Lu
|-resisted|p2a: Ting-Lu
|-damage|p2a: Ting-Lu|23/100
|-status|p2a: Ting-Lu|tox
|-start|p2a: Ting-Lu|confusion|[from] ability: Poison Puppeteer|[of] p1a: Pecharunt
|-activate|p2a: Ting-Lu|confusion
|move|p2a: Ting-Lu|Ruination|p1a: Pecharunt
|-damage|p1a: Pecharunt|44/100
|
|-heal|p2a: Ting-Lu|30/100 tox|[from] item: Leftovers
|-damage|p2a: Ting-Lu|23/100 tox|[from] psn
|upkeep
|turn|19
|
|t:|1758360952
|move|p1a: Pecharunt|Recover|p1a: Pecharunt
|-heal|p1a: Pecharunt|94/100
|-activate|p2a: Ting-Lu|confusion
|-damage|p2a: Ting-Lu|18/100 tox|[from] confusion
|
|-heal|p2a: Ting-Lu|25/100 tox|[from] item: Leftovers
|-damage|p2a: Ting-Lu|12/100 tox|[from] psn
|upkeep
|turn|20
|
|t:|1758360957
|move|p1a: Pecharunt|Malignant Chain|p2a: Ting-Lu
|-resisted|p2a: Ting-Lu
|-damage|p2a: Ting-Lu|3/100 tox
|-activate|p2a: Ting-Lu|confusion
|move|p2a: Ting-Lu|Earthquake|p1a: Pecharunt
|-supereffective|p1a: Pecharunt
|-damage|p1a: Pecharunt|51/100
|-enditem|p1a: Pecharunt|Weakness Policy
|-boost|p1a: Pecharunt|atk|2|[from] item: Weakness Policy
|-boost|p1a: Pecharunt|spa|2|[from] item: Weakness Policy
|
|-heal|p2a: Ting-Lu|9/100 tox|[from] item: Leftovers
|-damage|p2a: Ting-Lu|0 fnt|[from] psn
|faint|p2a: Ting-Lu
|upkeep
|
|t:|1758360962
|switch|p2a: Iron Treads|Iron Treads|19/100
|turn|21
|
|t:|1758360967
|-terastallize|p1a: Pecharunt|Flying
|move|p2a: Iron Treads|Earthquake|p1a: Pecharunt
|-immune|p1a: Pecharunt
|move|p1a: Pecharunt|Recover|p1a: Pecharunt
|-heal|p1a: Pecharunt|100/100
|
|upkeep
|turn|22
|
|t:|1758360971
|move|p2a: Iron Treads|Ice Spinner|p1a: Pecharunt
|-supereffective|p1a: Pecharunt
|-damage|p1a: Pecharunt|77/100
|move|p1a: Pecharunt|Shadow Ball|p2a: Iron Treads
|-damage|p2a: Iron Treads|0 fnt
|faint|p2a: Iron Treads
|-end|p2a: Iron Treads|Quark Drive|[silent]
|
|upkeep
|
|t:|1758360975
|switch|p2a: Gholdengo|Gholdengo|100/100
|turn|23
|
|t:|1758360979
|-terastallize|p2a: Gholdengo|Steel
|move|p2a: Gholdengo|Nasty Plot|p2a: Gholdengo
|-boost|p2a: Gholdengo|spa|2
|move|p1a: Pecharunt|Shadow Ball|p2a: Gholdengo
|-damage|p2a: Gholdengo|18/100
|-unboost|p2a: Gholdengo|spd|1
|
|upkeep
|turn|24
|
|t:|1758360990
|switch|p1a: Skeledirge|Skeledirge, M|42/100
|-damage|p1a: Skeledirge|17/100|[from] Stealth Rock
|move|p2a: Gholdengo|Thunderbolt|p1a: Skeledirge
|-damage|p1a: Skeledirge|0 fnt
|faint|p1a: Skeledirge
|
|upkeep
|
|t:|1758360992
|switch|p1a: Azumarill|Azumarill, F|76/100
|-damage|p1a: Azumarill|63/100|[from] Stealth Rock
|turn|25
|
|t:|1758361004
|switch|p2a: Moltres|Moltres|100/100
|move|p1a: Azumarill|Aqua Jet|p2a: Moltres
|-supereffective|p2a: Moltres
|-damage|p2a: Moltres|50/100
|-status|p1a: Azumarill|brn|[from] ability: Flame Body|[of] p2a: Moltres
|
|-damage|p1a: Azumarill|57/100 brn|[from] brn
|upkeep
|turn|26
|
|t:|1758361006
|move|p1a: Azumarill|Aqua Jet|p2a: Moltres
|-supereffective|p2a: Moltres
|-damage|p2a: Moltres|22/100
|move|p2a: Moltres|Roost|p2a: Moltres
|-heal|p2a: Moltres|72/100
|-singleturn|p2a: Moltres|move: Roost
|
|-damage|p1a: Azumarill|51/100 brn|[from] brn
|upkeep
|turn|27
|
|t:|1758361009
|move|p1a: Azumarill|Aqua Jet|p2a: Moltres
|-supereffective|p2a: Moltres
|-damage|p2a: Moltres|43/100
|move|p2a: Moltres|Roost|p2a: Moltres
|-heal|p2a: Moltres|93/100
|-singleturn|p2a: Moltres|move: Roost
|
|-damage|p1a: Azumarill|45/100 brn|[from] brn
|upkeep
|turn|28
|
|t:|1758361011
|move|p1a: Azumarill|Aqua Jet|p2a: Moltres
|-supereffective|p2a: Moltres
|-damage|p2a: Moltres|67/100
|move|p2a: Moltres|Flamethrower|p1a: Azumarill
|-resisted|p1a: Azumarill
|-damage|p1a: Azumarill|27/100 brn
|
|-damage|p1a: Azumarill|21/100 brn|[from] brn
|upkeep
|turn|29
|
|t:|1758361013
|move|p1a: Azumarill|Aqua Jet|p2a: Moltres
|-supereffective|p2a: Moltres
|-damage|p2a: Moltres|42/100
|move|p2a: Moltres|Roost|p2a: Moltres
|-heal|p2a: Moltres|92/100
|-singleturn|p2a: Moltres|move: Roost
|
|-damage|p1a: Azumarill|15/100 brn|[from] brn
|upkeep
|turn|30
|
|t:|1758361018
|move|p1a: Azumarill|Aqua Jet|p2a: Moltres
|-supereffective|p2a: Moltres
|-damage|p2a: Moltres|65/100
|move|p2a: Moltres|Roost|p2a: Moltres
|-heal|p2a: Moltres|100/100
|-singleturn|p2a: Moltres|move: Roost
|
|-damage|p1a: Azumarill|9/100 brn|[from] brn
|upkeep
|turn|31
|
|t:|1758361021
|move|p1a: Azumarill|Aqua Jet|p2a: Moltres
|-supereffective|p2a: Moltres
|-damage|p2a: Moltres|72/100
|move|p2a: Moltres|Roost|p2a: Moltres
|-heal|p2a: Moltres|100/100
|-singleturn|p2a: Moltres|move: Roost
|
|-damage|p1a: Azumarill|3/100 brn|[from] brn
|upkeep
|turn|32
|
|t:|1758361023
|move|p1a: Azumarill|Aqua Jet|p2a: Moltres
|-supereffective|p2a: Moltres
|-damage|p2a: Moltres|74/100
|move|p2a: Moltres|Roost|p2a: Moltres
|-heal|p2a: Moltres|100/100
|-singleturn|p2a: Moltres|move: Roost
|
|-damage|p1a: Azumarill|0 fnt|[from] brn
|faint|p1a: Azumarill
|upkeep
|
|t:|1758361025
|switch|p1a: Pecharunt|Pecharunt, tera:Flying|77/100
|-damage|p1a: Pecharunt|52/100|[from] Stealth Rock
|turn|33
|
|t:|1758361028
|move|p2a: Moltres|Flamethrower|p1a: Pecharunt
|-damage|p1a: Pecharunt|16/100
|move|p1a: Pecharunt|Recover|p1a: Pecharunt
|-heal|p1a: Pecharunt|66/100
|
|upkeep
|turn|34
|
|t:|1758361031
|move|p2a: Moltres|Will-O-Wisp|p1a: Pecharunt
|-status|p1a: Pecharunt|brn
|move|p1a: Pecharunt|Malignant Chain|p2a: Moltres
|-damage|p2a: Moltres|58/100
|
|-damage|p1a: Pecharunt|60/100 brn|[from] brn
|upkeep
|turn|35
|
|t:|1758361034
|move|p2a: Moltres|Flamethrower|p1a: Pecharunt
|-damage|p1a: Pecharunt|24/100 brn
|move|p1a: Pecharunt|Recover|p1a: Pecharunt
|-heal|p1a: Pecharunt|74/100 brn
|
|-damage|p1a: Pecharunt|68/100 brn|[from] brn
|upkeep
|turn|36
|
|t:|1758361037
|move|p2a: Moltres|Flamethrower|p1a: Pecharunt
|-damage|p1a: Pecharunt|33/100 brn
|move|p1a: Pecharunt|Malignant Chain|p2a: Moltres
|-damage|p2a: Moltres|13/100
|
|-damage|p1a: Pecharunt|27/100 brn|[from] brn
|upkeep
|turn|37
|
|t:|1758361040
|move|p2a: Moltres|Flamethrower|p1a: Pecharunt
|-damage|p1a: Pecharunt|0 fnt
|faint|p1a: Pecharunt
|
|win|SmashOnly
|raw|Kis Vegallomas's rating: 1373 &rarr; <strong>1354</strong><br />(-19 for losing)
|raw|SmashOnly's rating: 1393 &rarr; <strong>1412</strong><br />(+19 for winning)
|l|☆Kis Vegallomas
|player|p1|
