|badge|p2|bronze|gen9monotype|100-6
|badge|p2|bronze|gen9uu|100-6
|uhtml|medal-msg|<div class="broadcast-blue">Curious what those medals under the avatar are? PS now has Ladder Seasons! For more information, check out the <a href="https://www.smogon.com/forums/threads/3740067/">thread on Smogon.</a></div>
|j|☆no_dupes
|j|☆domingo a noite
|t:|1758244258
|gametype|singles
|player|p1|no_dupes|brock-gen2|1725
|player|p2|domingo a noite|miku-ice|1750
|gen|9
|tier|[Gen 9] OU
|rated|
|rule|HP Percentage Mod: HP is shown in percentages
|rule|Endless Battle Clause: Forcing endless battles is banned
|rule|Species Clause: Limit one of each Pokémon
|rule|OHKO Clause: OHKO moves are banned
|rule|Evasion Items Clause: Evasion items are banned
|rule|Evasion Moves Clause: Evasion moves are banned
|rule|Evasion Abilities Clause: Evasion abilities are banned
|rule|Sleep Moves Clause: Sleep-inducing moves are banned
|clearpoke
|poke|p1|Tyranitar, M|
|poke|p1|Excadrill, M|
|poke|p1|Keldeo-Resolute|
|poke|p1|Tornadus-Therian, M|
|poke|p1|Heatran, F|
|poke|p1|Hydrapple, M|
|poke|p2|Darkrai|
|poke|p2|Great Tusk|
|poke|p2|Ogerpon-Wellspring, F|
|poke|p2|Dragapult, F|
|poke|p2|Iron Crown|
|poke|p2|Landorus-Therian, M|
|teampreview
|
|t:|1758244270
|teamsize|p1|6
|teamsize|p2|6
|start
|switch|p1a: Papa Flame|Heatran, F|100/100
|switch|p2a: Landorus|Landorus-Therian, M|100/100
|-ability|p2a: Landorus|Intimidate|boost
|-unboost|p1a: Papa Flame|atk|1
|turn|1
|inactive|Battle timer is ON: inactive players will automatically lose when time's up. (requested by no_dupes)
|
|t:|1758244291
|move|p2a: Landorus|U-turn|p1a: Papa Flame
|-resisted|p1a: Papa Flame
|-damage|p1a: Papa Flame|95/100
|-status|p2a: Landorus|brn|[from] ability: Flame Body|[of] p1a: Papa Flame
|
|t:|1758244293
|switch|p2a: Ogerpon|Ogerpon-Wellspring, F|100/100|[from] U-turn
|move|p1a: Papa Flame|Magma Storm|p2a: Ogerpon
|-damage|p2a: Ogerpon|52/100
|-activate|p2a: Ogerpon|move: Magma Storm|[of] p1a: Papa Flame
|
|-heal|p1a: Papa Flame|100/100|[from] item: Leftovers
|-damage|p2a: Ogerpon|40/100|[from] move: Magma Storm|[partiallytrapped]
|upkeep
|turn|2
|
|t:|1758244302
|switch|p1a: Enchanted Gold|Hydrapple, M, shiny|100/100
|move|p2a: Ogerpon|Knock Off|p1a: Enchanted Gold
|-damage|p1a: Enchanted Gold|78/100
|-damage|p2a: Ogerpon|23/100|[from] item: Rocky Helmet|[of] p1a: Enchanted Gold
|-enditem|p1a: Enchanted Gold|Rocky Helmet|[from] move: Knock Off|[of] p2a: Ogerpon
|
|-end|p2a: Ogerpon|Magma Storm|[partiallytrapped]|[silent]
|upkeep
|turn|3
|
|t:|1758244327
|move|p2a: Ogerpon|U-turn|p1a: Enchanted Gold
|-supereffective|p1a: Enchanted Gold
|-damage|p1a: Enchanted Gold|45/100
|
|t:|1758244331
|switch|p2a: Darkrai|Darkrai|100/100|[from] U-turn
|move|p1a: Enchanted Gold|Earth Power|p2a: Darkrai
|-damage|p2a: Darkrai|72/100
|
|-heal|p2a: Darkrai|78/100|[from] item: Leftovers
|upkeep
|turn|4
|
|t:|1758244334
|switch|p1a: Papa Flame|Heatran, F|100/100
|move|p2a: Darkrai|Will-O-Wisp|p1a: Papa Flame
|-immune|p1a: Papa Flame
|
|-heal|p2a: Darkrai|84/100|[from] item: Leftovers
|upkeep
|turn|5
|
|t:|1758244340
|switch|p2a: Great Tusk|Great Tusk|100/100
|move|p1a: Papa Flame|Stealth Rock|p2a: Great Tusk
|-sidestart|p2: domingo a noite|move: Stealth Rock
|
|upkeep
|turn|6
|
|t:|1758244344
|switch|p1a: Timmy Torner|Tornadus-Therian, M|100/100
|move|p2a: Great Tusk|Stealth Rock|p1a: Timmy Torner
|-sidestart|p1: no_dupes|move: Stealth Rock
|
|upkeep
|turn|7
|
|t:|1758244349
|-end|p2a: Great Tusk|Protosynthesis|[silent]
|switch|p2a: Iron Crown|Iron Crown|100/100
|-damage|p2a: Iron Crown|94/100|[from] Stealth Rock
|move|p1a: Timmy Torner|U-turn|p2a: Iron Crown
|-damage|p2a: Iron Crown|79/100
|
|t:|1758244351
|switch|p1a: Papa Flame|Heatran, F|100/100|[from] U-turn
|-damage|p1a: Papa Flame|88/100|[from] Stealth Rock
|
|-heal|p1a: Papa Flame|94/100|[from] item: Leftovers
|upkeep
|turn|8
|
|t:|1758244355
|move|p2a: Iron Crown|Focus Blast|p1a: Papa Flame
|-supereffective|p1a: Papa Flame
|-damage|p1a: Papa Flame|43/100
|move|p1a: Papa Flame|Magma Storm|p2a: Iron Crown
|-supereffective|p2a: Iron Crown
|-damage|p2a: Iron Crown|21/100
|-activate|p2a: Iron Crown|move: Magma Storm|[of] p1a: Papa Flame
|
|-heal|p1a: Papa Flame|49/100|[from] item: Leftovers
|-damage|p2a: Iron Crown|9/100|[from] move: Magma Storm|[partiallytrapped]
|upkeep
|turn|9
|j| sunianxue
|
|t:|1758244359
|move|p2a: Iron Crown|Tachyon Cutter|p1a: Papa Flame
|-resisted|p1a: Papa Flame
|-damage|p1a: Papa Flame|45/100
|-resisted|p1a: Papa Flame
|-damage|p1a: Papa Flame|41/100
|-hitcount|p1a: Papa Flame|2
|move|p1a: Papa Flame|Earth Power|p2a: Iron Crown
|-supereffective|p2a: Iron Crown
|-damage|p2a: Iron Crown|0 fnt
|faint|p2a: Iron Crown
|-end|p2a: Iron Crown|Quark Drive|[silent]
|
|-heal|p1a: Papa Flame|47/100|[from] item: Leftovers
|upkeep
|
|t:|1758244362
|switch|p2a: Ogerpon|Ogerpon-Wellspring, F|23/100
|-damage|p2a: Ogerpon|11/100|[from] Stealth Rock
|turn|10
|
|t:|1758244365
|switch|p1a: Timmy Torner|Tornadus-Therian, M|100/100
|move|p2a: Ogerpon|U-turn|p1a: Timmy Torner
|-resisted|p1a: Timmy Torner
|-damage|p1a: Timmy Torner|86/100
|
|t:|1758244368
|switch|p2a: Dragapult|Dragapult, F|100/100|[from] U-turn
|-damage|p2a: Dragapult|88/100|[from] Stealth Rock
|
|upkeep
|turn|11
|
|t:|1758244371
|move|p2a: Dragapult|Draco Meteor|p1a: Timmy Torner
|-damage|p1a: Timmy Torner|0 fnt
|-unboost|p2a: Dragapult|spa|2
|faint|p1a: Timmy Torner
|
|upkeep
|
|t:|1758244375
|switch|p1a: Big Daniel|Tyranitar, M, shiny|100/100
|-damage|p1a: Big Daniel|88/100|[from] Stealth Rock
|-weather|Sandstorm|[from] ability: Sand Stream|[of] p1a: Big Daniel
|turn|12
|
|t:|1758244380
|switch|p2a: Ogerpon|Ogerpon-Wellspring, F|11/100
|-damage|p2a: Ogerpon|0 fnt|[from] Stealth Rock
|faint|p2a: Ogerpon
|move|p1a: Big Daniel|Ice Punch|p2: Ogerpon|[notarget]
|-fail|p1a: Big Daniel
|
|-weather|Sandstorm|[upkeep]
|upkeep
|
|t:|1758244382
|switch|p2a: Great Tusk|Great Tusk|100/100
|turn|13
|
|t:|1758244384
|switch|p1a: Papa Flame|Heatran, F|47/100
|-damage|p1a: Papa Flame|35/100|[from] Stealth Rock
|move|p2a: Great Tusk|Rapid Spin|p1a: Papa Flame
|-resisted|p1a: Papa Flame
|-damage|p1a: Papa Flame|28/100
|-boost|p2a: Great Tusk|spe|1
|-sideend|p2: domingo a noite|Stealth Rock|[from] move: Rapid Spin|[of] p2a: Great Tusk
|
|-weather|Sandstorm|[upkeep]
|-heal|p1a: Papa Flame|34/100|[from] item: Leftovers
|upkeep
|turn|14
|
|t:|1758244387
|move|p2a: Great Tusk|Headlong Rush|p1a: Papa Flame
|-supereffective|p1a: Papa Flame
|-damage|p1a: Papa Flame|0 fnt
|-unboost|p2a: Great Tusk|def|1
|-unboost|p2a: Great Tusk|spd|1
|-status|p2a: Great Tusk|brn|[from] ability: Flame Body|[of] p1a: Papa Flame
|faint|p1a: Papa Flame
|
|-weather|Sandstorm|[upkeep]
|-damage|p2a: Great Tusk|94/100 brn|[from] brn
|upkeep
|
|t:|1758244389
|switch|p1a: Seabiscuit|Keldeo-Resolute|100/100
|-damage|p1a: Seabiscuit|94/100|[from] Stealth Rock
|turn|15
|
|t:|1758244403
|-end|p2a: Great Tusk|Protosynthesis|[silent]
|switch|p2a: Dragapult|Dragapult, F|88/100
|move|p1a: Seabiscuit|Surf|p2a: Dragapult
|-resisted|p2a: Dragapult
|-damage|p2a: Dragapult|42/100
|
|-weather|Sandstorm|[upkeep]
|-damage|p2a: Dragapult|36/100|[from] Sandstorm
|-damage|p1a: Seabiscuit|88/100|[from] Sandstorm
|upkeep
|turn|16
|
|t:|1758244407
|switch|p1a: Big Daniel|Tyranitar, M, shiny|88/100
|-damage|p1a: Big Daniel|76/100|[from] Stealth Rock
|move|p2a: Dragapult|U-turn|p1a: Big Daniel
|-supereffective|p1a: Big Daniel
|-damage|p1a: Big Daniel|45/100
|
|t:|1758244413
|switch|p2a: Great Tusk|Great Tusk|94/100 brn|[from] U-turn
|
|-weather|none
|-damage|p2a: Great Tusk|88/100 brn|[from] brn
|upkeep
|turn|17
|
|t:|1758244417
|switch|p1a: Enchanted Gold|Hydrapple, M, shiny|78/100
|-damage|p1a: Enchanted Gold|66/100|[from] Stealth Rock
|move|p2a: Great Tusk|Ice Spinner|p1a: Enchanted Gold
|-supereffective|p1a: Enchanted Gold
|-damage|p1a: Enchanted Gold|33/100
|
|-damage|p2a: Great Tusk|82/100 brn|[from] brn
|upkeep
|turn|18
|
|t:|1758244419
|move|p2a: Great Tusk|Headlong Rush|p1a: Enchanted Gold
|-resisted|p1a: Enchanted Gold
|-damage|p1a: Enchanted Gold|24/100
|-unboost|p2a: Great Tusk|def|1
|-unboost|p2a: Great Tusk|spd|1
|move|p1a: Enchanted Gold|Giga Drain|p2a: Great Tusk
|-supereffective|p2a: Great Tusk
|-damage|p2a: Great Tusk|0 fnt
|-heal|p1a: Enchanted Gold|61/100|[from] drain|[of] p2a: Great Tusk
|faint|p2a: Great Tusk
|-end|p2a: Great Tusk|Protosynthesis|[silent]
|
|upkeep
|
|t:|1758244421
|switch|p2a: Darkrai|Darkrai|84/100
|turn|19
|
|t:|1758244431
|move|p2a: Darkrai|Nasty Plot|p2a: Darkrai
|-boost|p2a: Darkrai|spa|2
|move|p1a: Enchanted Gold|Fickle Beam|p2a: Darkrai|[anim] Fickle Beam All Out
|-activate|p1a: Enchanted Gold|move: Fickle Beam
|-damage|p2a: Darkrai|9/100
|
|-heal|p2a: Darkrai|15/100|[from] item: Leftovers
|upkeep
|turn|20
|
|t:|1758244436
|switch|p1a: Big Daniel|Tyranitar, M, shiny|45/100
|-damage|p1a: Big Daniel|33/100|[from] Stealth Rock
|-weather|Sandstorm|[from] ability: Sand Stream|[of] p1a: Big Daniel
|move|p2a: Darkrai|Dark Pulse|p1a: Big Daniel
|-resisted|p1a: Big Daniel
|-damage|p1a: Big Daniel|8/100
|
|-weather|Sandstorm|[upkeep]
|-damage|p2a: Darkrai|9/100|[from] Sandstorm
|-heal|p2a: Darkrai|15/100|[from] item: Leftovers
|upkeep
|turn|21
|
|t:|1758244441
|move|p2a: Darkrai|Dark Pulse|p1a: Big Daniel
|-resisted|p1a: Big Daniel
|-damage|p1a: Big Daniel|0 fnt
|faint|p1a: Big Daniel
|
|-weather|Sandstorm|[upkeep]
|-damage|p2a: Darkrai|9/100|[from] Sandstorm
|-heal|p2a: Darkrai|15/100|[from] item: Leftovers
|upkeep
|
|t:|1758244442
|switch|p1a: TENGAN TOPPA|Excadrill, M|100/100
|-damage|p1a: TENGAN TOPPA|97/100|[from] Stealth Rock
|-item|p1a: TENGAN TOPPA|Air Balloon
|turn|22
|
|t:|1758244447
|switch|p2a: Landorus|Landorus-Therian, M|100/100 brn
|-ability|p2a: Landorus|Intimidate|boost
|-unboost|p1a: TENGAN TOPPA|atk|1
|move|p1a: TENGAN TOPPA|Iron Head|p2a: Landorus
|-damage|p2a: Landorus|60/100 brn
|
|-weather|Sandstorm|[upkeep]
|-damage|p2a: Landorus|54/100 brn|[from] brn
|upkeep
|turn|23
|
|t:|1758244451
|move|p1a: TENGAN TOPPA|Iron Head|p2a: Landorus
|-damage|p2a: Landorus|17/100 brn
|move|p2a: Landorus|U-turn|p1a: TENGAN TOPPA
|-resisted|p1a: TENGAN TOPPA
|-damage|p1a: TENGAN TOPPA|88/100
|-enditem|p1a: TENGAN TOPPA|Air Balloon
|
|t:|1758244453
|switch|p2a: Dragapult|Dragapult, F|36/100|[from] U-turn
|
|-weather|Sandstorm|[upkeep]
|-damage|p2a: Dragapult|30/100|[from] Sandstorm
|upkeep
|turn|24
|
|t:|1758244456
|switch|p2a: Landorus|Landorus-Therian, M|17/100 brn
|-ability|p2a: Landorus|Intimidate|boost
|-unboost|p1a: TENGAN TOPPA|atk|1
|move|p1a: TENGAN TOPPA|Iron Head|p2a: Landorus
|-damage|p2a: Landorus|0 fnt
|faint|p2a: Landorus
|
|-weather|none
|upkeep
|
|t:|1758244458
|switch|p2a: Dragapult|Dragapult, F|30/100
|turn|25
|
|t:|1758244467
|-terastallize|p2a: Dragapult|Ghost
|move|p2a: Dragapult|Shadow Ball|p1a: TENGAN TOPPA
|-damage|p1a: TENGAN TOPPA|0 fnt
|faint|p1a: TENGAN TOPPA
|
|upkeep
|
|t:|1758244470
|switch|p1a: Enchanted Gold|Hydrapple, M, shiny|94/100
|-damage|p1a: Enchanted Gold|82/100|[from] Stealth Rock
|turn|26
|
|t:|1758244472
|move|p2a: Dragapult|Shadow Ball|p1a: Enchanted Gold
|-damage|p1a: Enchanted Gold|16/100
|move|p1a: Enchanted Gold|Fickle Beam|p2a: Dragapult|[anim] Fickle Beam All Out
|-activate|p1a: Enchanted Gold|move: Fickle Beam
|-damage|p2a: Dragapult|0 fnt
|faint|p2a: Dragapult
|
|upkeep
|
|t:|1758244474
|switch|p2a: Darkrai|Darkrai|15/100
|turn|27
|
|t:|1758244476
|move|p2a: Darkrai|Sludge Bomb|p1a: Enchanted Gold
|-supereffective|p1a: Enchanted Gold
|-damage|p1a: Enchanted Gold|0 fnt
|faint|p1a: Enchanted Gold
|
|-heal|p2a: Darkrai|21/100|[from] item: Leftovers
|upkeep
|
|t:|1758244478
|switch|p1a: Seabiscuit|Keldeo-Resolute|88/100
|-damage|p1a: Seabiscuit|82/100|[from] Stealth Rock
|turn|28
|
|t:|1758244479
|move|p1a: Seabiscuit|Vacuum Wave|p2a: Darkrai
|-supereffective|p2a: Darkrai
|-damage|p2a: Darkrai|0 fnt
|faint|p2a: Darkrai
|
|win|no_dupes
|raw|no_dupes's rating: 1725 &rarr; <strong>1746</strong><br />(+21 for winning)
|raw|domingo a noite's rating: 1750 &rarr; <strong>1729</strong><br />(-21 for losing)
|l|☆domingo a noite
|player|p2|
|c|☆no_dupes|gg
