|j|☆jietouxiaoyu
|j|☆NEMOASUKA
|t:|1758273393
|gametype|singles
|player|p1|jietouxiaoyu|266|1737
|player|p2|NEMOASUKA|1|1660
|gen|9
|tier|[Gen 9] OU
|rated|
|rule|HP Percentage Mod: HP is shown in percentages
|rule|Endless Battle Clause: Forcing endless battles is banned
|rule|Species Clause: Limit one of each Pokémon
|rule|OHKO Clause: OHKO moves are banned
|rule|Evasion Items Clause: Evasion items are banned
|rule|Evasion Moves Clause: Evasion moves are banned
|rule|Evasion Abilities Clause: Evasion abilities are banned
|rule|Sleep Moves Clause: Sleep-inducing moves are banned
|clearpoke
|poke|p1|Dragapult, F|
|poke|p1|Primarina, M|
|poke|p1|Great Tusk|
|poke|p1|Moltres|
|poke|p1|Ting-Lu|
|poke|p1|Raging Bolt|
|poke|p2|Ribombee, M|
|poke|p2|Gholdengo|
|poke|p2|Great Tusk|
|poke|p2|Raging Bolt|
|poke|p2|Ogerpon-Cornerstone, F|
|poke|p2|Ceruledge, M|
|teampreview
|inactive|Battle timer is ON: inactive players will automatically lose when time's up. (requested by jietouxiaoyu)
|inactive|NEMOASUKA also wants the timer to be on.
|
|t:|1758273419
|teamsize|p1|6
|teamsize|p2|6
|start
|switch|p1a: 多龙巴鲁托|Dragapult, F|100/100
|switch|p2a: NEW DROP|Ribombee, M, shiny|100/100
|turn|1
|
|t:|1758273425
|-terastallize|p1a: 多龙巴鲁托|Ghost
|move|p1a: 多龙巴鲁托|Tera Blast|p2a: NEW DROP|[anim] Tera Blast Ghost
|-enditem|p2a: NEW DROP|Focus Sash
|-damage|p2a: NEW DROP|1/100
|move|p2a: NEW DROP|Sticky Web|p1a: 多龙巴鲁托
|-sidestart|p1: jietouxiaoyu|move: Sticky Web
|
|upkeep
|turn|2
|j| Nitro611
|
|t:|1758273434
|move|p1a: 多龙巴鲁托|Tera Blast|p2a: NEW DROP|[anim] Tera Blast Ghost
|-damage|p2a: NEW DROP|0 fnt
|faint|p2a: NEW DROP
|
|upkeep
|
|t:|1758273436
|switch|p2a: TORE UP|Ceruledge, M, shiny|100/100
|turn|3
|
|t:|1758273447
|switch|p1a: Moltres|Moltres|100/100
|move|p2a: TORE UP|Swords Dance|p2a: TORE UP
|-boost|p2a: TORE UP|atk|2
|
|upkeep
|turn|4
|
|t:|1758273453
|move|p2a: TORE UP|Swords Dance|p2a: TORE UP
|-boost|p2a: TORE UP|atk|2
|move|p1a: Moltres|Roar|p2a: TORE UP
|drag|p2a: GREAT NECK|Raging Bolt|100/100
|-enditem|p2a: GREAT NECK|Booster Energy
|-activate|p2a: GREAT NECK|ability: Protosynthesis|[fromitem]
|-start|p2a: GREAT NECK|protosynthesisspa
|
|upkeep
|turn|5
|
|t:|1758273461
|switch|p1a: Ting-Lu|Ting-Lu|100/100
|-activate|p1a: Ting-Lu|move: Sticky Web
|-unboost|p1a: Ting-Lu|spe|1
|-ability|p1a: Ting-Lu|Vessel of Ruin
|move|p2a: GREAT NECK|Calm Mind|p2a: GREAT NECK
|-boost|p2a: GREAT NECK|spa|1
|-boost|p2a: GREAT NECK|spd|1
|
|upkeep
|turn|6
|
|t:|1758273469
|move|p2a: GREAT NECK|Dragon Pulse|p1a: Ting-Lu
|-damage|p1a: Ting-Lu|57/100
|move|p1a: Ting-Lu|Whirlwind|p2a: GREAT NECK
|-end|p2a: GREAT NECK|Protosynthesis|[silent]
|drag|p2a: TORE UP|Ceruledge, M, shiny|100/100
|
|-heal|p1a: Ting-Lu|64/100|[from] item: Leftovers
|upkeep
|turn|7
|j| wgw2333
|
|t:|1758273481
|switch|p1a: Moltres|Moltres|100/100
|move|p2a: TORE UP|Swords Dance|p2a: TORE UP
|-boost|p2a: TORE UP|atk|2
|
|upkeep
|turn|8
|
|t:|1758273489
|move|p2a: TORE UP|Swords Dance|p2a: TORE UP
|-boost|p2a: TORE UP|atk|2
|move|p1a: Moltres|Roar|p2a: TORE UP
|drag|p2a: KRYPTONITE|Gholdengo, shiny|100/100
|-item|p2a: KRYPTONITE|Air Balloon
|
|upkeep
|turn|9
|c| Nitro611|greedy af bro just attackomgh
|
|t:|1758273502
|switch|p2a: GREAT NECK|Raging Bolt|100/100
|move|p1a: Moltres|Flamethrower|p2a: GREAT NECK
|-resisted|p2a: GREAT NECK
|-damage|p2a: GREAT NECK|83/100
|
|upkeep
|turn|10
|
|t:|1758273509
|switch|p1a: Ting-Lu|Ting-Lu|64/100
|-activate|p1a: Ting-Lu|move: Sticky Web
|-unboost|p1a: Ting-Lu|spe|1
|-ability|p1a: Ting-Lu|Vessel of Ruin
|move|p2a: GREAT NECK|Dragon Pulse|p1a: Ting-Lu
|-damage|p1a: Ting-Lu|43/100
|
|-heal|p1a: Ting-Lu|49/100|[from] item: Leftovers
|upkeep
|turn|11
|
|t:|1758273519
|move|p2a: GREAT NECK|Dragon Pulse|p1a: Ting-Lu
|-damage|p1a: Ting-Lu|26/100
|move|p1a: Ting-Lu|Stealth Rock|p2a: GREAT NECK
|-sidestart|p2: NEMOASUKA|move: Stealth Rock
|
|-heal|p1a: Ting-Lu|32/100|[from] item: Leftovers
|upkeep
|turn|12
|
|t:|1758273528
|-end|p2a: GREAT NECK|Protosynthesis|[silent]
|switch|p2a: KRYPTONITE|Gholdengo, shiny|100/100
|-damage|p2a: KRYPTONITE|94/100|[from] Stealth Rock
|-item|p2a: KRYPTONITE|Air Balloon
|move|p1a: Ting-Lu|Earthquake|p2a: KRYPTONITE
|-immune|p2a: KRYPTONITE
|
|-heal|p1a: Ting-Lu|39/100|[from] item: Leftovers
|upkeep
|turn|13
|
|t:|1758273541
|switch|p1a: Primarina|Primarina, M|100/100
|-activate|p1a: Primarina|move: Sticky Web
|-unboost|p1a: Primarina|spe|1
|move|p2a: KRYPTONITE|Nasty Plot|p2a: KRYPTONITE
|-boost|p2a: KRYPTONITE|spa|2
|
|upkeep
|turn|14
|
|t:|1758273551
|move|p2a: KRYPTONITE|Psyshock|p1a: Primarina
|-damage|p1a: Primarina|20/100
|move|p1a: Primarina|Surf|p2a: KRYPTONITE
|-damage|p2a: KRYPTONITE|12/100
|-enditem|p2a: KRYPTONITE|Air Balloon
|
|upkeep
|turn|15
|
|t:|1758273559
|move|p2a: KRYPTONITE|Shadow Ball|p1a: Primarina
|-damage|p1a: Primarina|0 fnt
|faint|p1a: Primarina
|
|upkeep
|
|t:|1758273563
|switch|p1a: 多龙巴鲁托|Dragapult, F, tera:Ghost|100/100
|-activate|p1a: 多龙巴鲁托|move: Sticky Web
|-fail|p1a: 多龙巴鲁托|unboost|[from] ability: Clear Body|[of] p1a: 多龙巴鲁托
|turn|16
|
|t:|1758273568
|move|p1a: 多龙巴鲁托|Tera Blast|p2a: KRYPTONITE|[anim] Tera Blast Ghost
|-supereffective|p2a: KRYPTONITE
|-damage|p2a: KRYPTONITE|0 fnt
|faint|p2a: KRYPTONITE
|
|upkeep
|
|t:|1758273584
|switch|p2a: TORE UP|Ceruledge, M, shiny|100/100
|-damage|p2a: TORE UP|76/100|[from] Stealth Rock
|turn|17
|
|t:|1758273589
|move|p2a: TORE UP|Shadow Sneak|p1a: 多龙巴鲁托
|-supereffective|p1a: 多龙巴鲁托
|-damage|p1a: 多龙巴鲁托|36/100
|move|p1a: 多龙巴鲁托|Tera Blast|p2a: TORE UP|[anim] Tera Blast Ghost
|-supereffective|p2a: TORE UP
|-damage|p2a: TORE UP|0 fnt
|faint|p2a: TORE UP
|
|upkeep
|
|t:|1758273593
|switch|p2a: GREAT NECK|Raging Bolt|83/100
|-damage|p2a: GREAT NECK|70/100|[from] Stealth Rock
|turn|18
|
|t:|1758273621
|switch|p1a: Ting-Lu|Ting-Lu|39/100
|-activate|p1a: Ting-Lu|move: Sticky Web
|-unboost|p1a: Ting-Lu|spe|1
|-ability|p1a: Ting-Lu|Vessel of Ruin
|move|p2a: GREAT NECK|Calm Mind|p2a: GREAT NECK
|-boost|p2a: GREAT NECK|spa|1
|-boost|p2a: GREAT NECK|spd|1
|
|-heal|p1a: Ting-Lu|45/100|[from] item: Leftovers
|upkeep
|turn|19
|
|t:|1758273631
|move|p2a: GREAT NECK|Dragon Pulse|p1a: Ting-Lu
|-damage|p1a: Ting-Lu|13/100
|move|p1a: Ting-Lu|Earthquake|p2a: GREAT NECK
|-supereffective|p2a: GREAT NECK
|-damage|p2a: GREAT NECK|4/100
|
|-heal|p1a: Ting-Lu|20/100|[from] item: Leftovers
|upkeep
|turn|20
|
|t:|1758273650
|move|p2a: GREAT NECK|Dragon Pulse|p1a: Ting-Lu
|-damage|p1a: Ting-Lu|0 fnt
|faint|p1a: Ting-Lu
|
|upkeep
|
|t:|1758273654
|switch|p1a: 多龙巴鲁托|Dragapult, F, tera:Ghost|36/100
|-activate|p1a: 多龙巴鲁托|move: Sticky Web
|-fail|p1a: 多龙巴鲁托|unboost|[from] ability: Clear Body|[of] p1a: 多龙巴鲁托
|turn|21
|
|t:|1758273659
|move|p1a: 多龙巴鲁托|Sucker Punch|p2a: GREAT NECK
|-damage|p2a: GREAT NECK|0 fnt
|faint|p2a: GREAT NECK
|-end|p2a: GREAT NECK|Protosynthesis|[silent]
|
|upkeep
|
|t:|1758273667
|switch|p2a: BANDIT|Great Tusk, shiny|100/100
|-damage|p2a: BANDIT|98/100|[from] Stealth Rock
|-enditem|p2a: BANDIT|Booster Energy
|-activate|p2a: BANDIT|ability: Protosynthesis|[fromitem]
|-start|p2a: BANDIT|protosynthesisatk
|turn|22
|
|t:|1758273676
|switch|p1a: Moltres|Moltres|100/100
|move|p2a: BANDIT|Rapid Spin|p1a: Moltres
|-damage|p1a: Moltres|86/100
|-boost|p2a: BANDIT|spe|1
|-sideend|p2: NEMOASUKA|Stealth Rock|[from] move: Rapid Spin|[of] p2a: BANDIT
|
|upkeep
|turn|23
|
|t:|1758273684
|move|p2a: BANDIT|Ice Spinner|p1a: Moltres
|-damage|p1a: Moltres|61/100
|move|p1a: Moltres|Flamethrower|p2a: BANDIT
|-damage|p2a: BANDIT|41/100
|
|upkeep
|turn|24
|
|t:|1758273689
|move|p2a: BANDIT|Ice Spinner|p1a: Moltres
|-damage|p1a: Moltres|35/100
|-status|p2a: BANDIT|brn|[from] ability: Flame Body|[of] p1a: Moltres
|move|p1a: Moltres|Roost|p1a: Moltres
|-heal|p1a: Moltres|85/100
|-singleturn|p1a: Moltres|move: Roost
|
|-damage|p2a: BANDIT|34/100 brn|[from] brn
|upkeep
|turn|25
|c| Nitro611|deserved L for sd-ing on the roar mon twice
|
|t:|1758273712
|move|p2a: BANDIT|Ice Spinner|p1a: Moltres
|-damage|p1a: Moltres|72/100
|move|p1a: Moltres|Flamethrower|p2a: BANDIT
|-damage|p2a: BANDIT|0 fnt
|faint|p2a: BANDIT
|-end|p2a: BANDIT|Protosynthesis|[silent]
|
|upkeep
|
|t:|1758273715
|switch|p2a: BROTHER STONE|Ogerpon-Cornerstone, F|100/100
|turn|26
|
|t:|1758273723
|move|p2a: BROTHER STONE|Ivy Cudgel|p1a: Moltres|[anim] Ivy Cudgel Rock
|-supereffective|p1a: Moltres
|-crit|p1a: Moltres
|-damage|p1a: Moltres|0 fnt
|faint|p1a: Moltres
|
|upkeep
|
|t:|1758273728
|switch|p1a: Raging Bolt|Raging Bolt|100/100
|-activate|p1a: Raging Bolt|move: Sticky Web
|-unboost|p1a: Raging Bolt|spe|1
|-enditem|p1a: Raging Bolt|Booster Energy
|-activate|p1a: Raging Bolt|ability: Protosynthesis|[fromitem]
|-start|p1a: Raging Bolt|protosynthesisspa
|turn|27
|j| amimec
|
|t:|1758273746
|move|p2a: BROTHER STONE|Ivy Cudgel|p1a: Raging Bolt|[anim] Ivy Cudgel Rock
|-damage|p1a: Raging Bolt|51/100
|move|p1a: Raging Bolt|Thunderbolt|p2a: BROTHER STONE
|-resisted|p2a: BROTHER STONE
|-damage|p2a: BROTHER STONE|63/100
|
|upkeep
|turn|28
|
|t:|1758273766
|move|p2a: BROTHER STONE|Ivy Cudgel|p1a: Raging Bolt|[anim] Ivy Cudgel Rock
|-damage|p1a: Raging Bolt|2/100
|move|p1a: Raging Bolt|Dragon Pulse|p2a: BROTHER STONE
|-damage|p2a: BROTHER STONE|0 fnt
|faint|p2a: BROTHER STONE
|
|win|jietouxiaoyu
|raw|jietouxiaoyu's rating: 1737 &rarr; <strong>1753</strong><br />(+16 for winning)
|raw|NEMOASUKA's rating: 1660 &rarr; <strong>1644</strong><br />(-16 for losing)
|l|☆NEMOASUKA
|player|p2|
|l| amimec
|l|☆jietouxiaoyu
|player|p1|
|l| Nitro611
