|j|☆danicasber1
|j|☆caijin
|t:|1758354593
|gametype|singles
|player|p1|danicasber1|170|1042
|player|p2|caijin|bianca|1084
|gen|9
|tier|[Gen 9] OU
|rated|
|rule|HP Percentage Mod: HP is shown in percentages
|rule|Endless Battle Clause: Forcing endless battles is banned
|rule|Species Clause: Limit one of each Pokémon
|rule|OHKO Clause: OHKO moves are banned
|rule|Evasion Items Clause: Evasion items are banned
|rule|Evasion Moves Clause: Evasion moves are banned
|rule|Evasion Abilities Clause: Evasion abilities are banned
|rule|Sleep Moves Clause: Sleep-inducing moves are banned
|clearpoke
|poke|p1|Garganacl, M|
|poke|p1|Corviknight, M|
|poke|p1|Heracross, M|
|poke|p1|Cinderace, F|
|poke|p1|Maushold-Four|
|poke|p1|Metagross|
|poke|p2|Serperior, F|
|poke|p2|Meowstic, M|
|poke|p2|Chandelure, M|
|poke|p2|Pawmot, F|
|poke|p2|Noivern, M|
|poke|p2|Florges-Blue, F|
|teampreview
|inactive|Battle timer is ON: inactive players will automatically lose when time's up. (requested by caijin)
|
|t:|1758354609
|teamsize|p1|6
|teamsize|p2|6
|start
|switch|p1a: Thwomp|Garganacl, M|100/100
|switch|p2a: Mirror|Meowstic, M|100/100
|turn|1
|
|t:|1758354624
|move|p2a: Mirror|Thunder Wave|p1a: Thwomp
|-status|p1a: Thwomp|par
|cant|p1a: Thwomp|par
|
|upkeep
|turn|2
|
|t:|1758354633
|move|p2a: Mirror|Reflect|p2a: Mirror
|-sidestart|p2: caijin|Reflect
|move|p1a: Thwomp|Stealth Rock|p2a: Mirror
|-sidestart|p2: caijin|move: Stealth Rock
|
|upkeep
|turn|3
|
|t:|1758354647
|switch|p2a: Misty|Noivern, M|100/100
|move|p1a: Thwomp|Stone Edge|p2a: Misty
|-supereffective|p2a: Misty
|-damage|p2a: Misty|34/100
|
|upkeep
|turn|4
|
|t:|1758354654
|move|p2a: Misty|Defog|p1a: Thwomp
|-fail|p1a: Thwomp|unboost|[from] ability: Clear Body|[of] p1a: Thwomp
|-sideend|p2: caijin|Stealth Rock|[from] move: Defog|[of] p2a: Misty
|move|p1a: Thwomp|Stone Edge|p2a: Misty
|-supereffective|p2a: Misty
|-damage|p2a: Misty|0 fnt
|faint|p2a: Misty
|
|upkeep
|
|t:|1758354666
|switch|p2a: Camellia|Serperior, F|100/100
|turn|5
|
|t:|1758354670
|move|p2a: Camellia|Coil|p2a: Camellia
|-boost|p2a: Camellia|atk|1
|-boost|p2a: Camellia|def|1
|-boost|p2a: Camellia|accuracy|1
|move|p1a: Thwomp|Earthquake|p2a: Camellia
|-resisted|p2a: Camellia
|-damage|p2a: Camellia|95/100
|
|upkeep
|turn|6
|
|t:|1758354683
|move|p2a: Camellia|Coil|p2a: Camellia
|-boost|p2a: Camellia|atk|1
|-boost|p2a: Camellia|def|1
|-boost|p2a: Camellia|accuracy|1
|cant|p1a: Thwomp|par
|
|upkeep
|turn|7
|
|t:|1758354695
|move|p2a: Camellia|Bullet Seed|p1a: Thwomp
|-supereffective|p1a: Thwomp
|-damage|p1a: Thwomp|75/100 par
|-supereffective|p1a: Thwomp
|-damage|p1a: Thwomp|51/100 par
|-supereffective|p1a: Thwomp
|-damage|p1a: Thwomp|26/100 par
|-supereffective|p1a: Thwomp
|-damage|p1a: Thwomp|2/100 par
|-hitcount|p1a: Thwomp|4
|cant|p1a: Thwomp|par
|
|-heal|p1a: Thwomp|8/100 par|[from] item: Leftovers
|upkeep
|turn|8
|
|t:|1758354707
|move|p2a: Camellia|Scale Shot|p1a: Thwomp
|-damage|p1a: Thwomp|0 fnt
|faint|p1a: Thwomp
|-hitcount|p1: Thwomp|1
|-unboost|p2a: Camellia|def|1
|-boost|p2a: Camellia|spe|1
|
|upkeep
|
|t:|1758354715
|switch|p1a: Messi femboy|Cinderace, F|100/100
|turn|9
|
|t:|1758354722
|-terastallize|p2a: Camellia|Dragon
|move|p2a: Camellia|Scale Shot|p1a: Messi femboy
|-damage|p1a: Messi femboy|76/100
|-damage|p1a: Messi femboy|47/100
|-damage|p1a: Messi femboy|21/100
|-damage|p1a: Messi femboy|0 fnt
|faint|p1a: Messi femboy
|-hitcount|p1: Messi femboy|4
|-unboost|p2a: Camellia|def|1
|-boost|p2a: Camellia|spe|1
|
|-sideend|p2: caijin|Reflect
|upkeep
|
|t:|1758354728
|switch|p1a: Denuncia familiar|Maushold-Four|100/100
|turn|10
|
|t:|1758354756
|-terastallize|p1a: Denuncia familiar|Normal
|move|p2a: Camellia|Scale Shot|p1a: Denuncia familiar
|-damage|p1a: Denuncia familiar|71/100
|-damage|p1a: Denuncia familiar|41/100
|-damage|p1a: Denuncia familiar|13/100
|-damage|p1a: Denuncia familiar|0 fnt
|faint|p1a: Denuncia familiar
|-hitcount|p1: Denuncia familiar|4
|-unboost|p2a: Camellia|def|1
|-boost|p2a: Camellia|spe|1
|
|upkeep
|
|t:|1758354760
|switch|p1a: Tanque-cuadrupedo|Metagross|100/100
|turn|11
|
|t:|1758354775
|move|p2a: Camellia|Coil|p2a: Camellia
|-boost|p2a: Camellia|atk|1
|-boost|p2a: Camellia|def|1
|-boost|p2a: Camellia|accuracy|1
|move|p1a: Tanque-cuadrupedo|Explosion|p2a: Camellia
|-damage|p2a: Camellia|0 fnt
|faint|p1a: Tanque-cuadrupedo
|faint|p2a: Camellia
|
|upkeep
|
|t:|1758354786
|switch|p2a: Shyouko|Chandelure, M|100/100
|switch|p1a: Bombeador de anos|Heracross, M|100/100
|turn|12
|
|t:|1758354794
|move|p1a: Bombeador de anos|Megahorn|p2a: Shyouko
|-resisted|p2a: Shyouko
|-damage|p2a: Shyouko|80/100
|move|p2a: Shyouko|Flamethrower|p1a: Bombeador de anos
|-supereffective|p1a: Bombeador de anos
|-damage|p1a: Bombeador de anos|0 fnt
|faint|p1a: Bombeador de anos
|-damage|p2a: Shyouko|70/100|[from] item: Life Orb
|
|upkeep
|
|t:|1758354798
|switch|p1a: Payo pajaro|Corviknight, M|100/100
|turn|13
|
|t:|1758354810
|move|p2a: Shyouko|Overheat|p1a: Payo pajaro
|-supereffective|p1a: Payo pajaro
|-damage|p1a: Payo pajaro|0 fnt
|-unboost|p2a: Shyouko|spa|2
|faint|p1a: Payo pajaro
|-damage|p2a: Shyouko|60/100|[from] item: Life Orb
|
|win|caijin
|raw|danicasber1's rating: 1042 &rarr; <strong>1028</strong><br />(-14 for losing)
|raw|caijin's rating: 1084 &rarr; <strong>1108</strong><br />(+24 for winning)
|l|☆danicasber1
|player|p1|
