|j|☆Papagayo32
|j|☆Biasfuck
|t:|1758331498
|gametype|singles
|player|p1|Papagayo32|youngster-gen4dp|1193
|player|p2|Biasfuck|170|1174
|gen|9
|tier|[Gen 9] OU
|rated|
|rule|HP Percentage Mod: HP is shown in percentages
|rule|Endless Battle Clause: Forcing endless battles is banned
|rule|Species Clause: Limit one of each Pokémon
|rule|OHKO Clause: OHKO moves are banned
|rule|Evasion Items Clause: Evasion items are banned
|rule|Evasion Moves Clause: Evasion moves are banned
|rule|Evasion Abilities Clause: Evasion abilities are banned
|rule|Sleep Moves Clause: Sleep-inducing moves are banned
|clearpoke
|poke|p1|Dragapult, M|
|poke|p1|Slowbro, M|
|poke|p1|Samurott-Hisui, F|
|poke|p1|Gliscor, F|
|poke|p1|Great Tusk|
|poke|p1|Weezing-Galar, M|
|poke|p2|Tinkaton, F|
|poke|p2|Arcanine-Hisui, M|
|poke|p2|Porygon2|
|poke|p2|Hatterene, F|
|poke|p2|Glimmora, F|
|poke|p2|Lilligant-Hisui, F|
|teampreview
|inactive|Battle timer is ON: inactive players will automatically lose when time's up. (requested by Biasfuck)
|inactive|Papagayo32 has 120 seconds left.
|
|t:|1758331555
|teamsize|p1|6
|teamsize|p2|6
|start
|switch|p1a: Samurott|Samurott-Hisui, F, shiny|100/100
|switch|p2a: Tinkaton|Tinkaton, F|100/100
|-ability|p2a: Tinkaton|Mold Breaker
|turn|1
|
|t:|1758331561
|move|p2a: Tinkaton|Fake Out|p1a: Samurott
|-damage|p1a: Samurott|91/100
|cant|p1a: Samurott|flinch
|
|upkeep
|turn|2
|inactive|Papagayo32 has 120 seconds left.
|
|t:|1758331609
|move|p1a: Samurott|Aqua Cutter|p2a: Tinkaton
|-damage|p2a: Tinkaton|47/100
|-enditem|p2a: Tinkaton|Sitrus Berry|[eat]
|-heal|p2a: Tinkaton|72/100|[from] item: Sitrus Berry
|move|p2a: Tinkaton|Thunder Wave|p1a: Samurott
|-status|p1a: Samurott|par
|
|upkeep
|turn|3
|
|t:|1758331615
|move|p2a: Tinkaton|Stealth Rock|p1a: Samurott
|-sidestart|p1: Papagayo32|move: Stealth Rock
|move|p1a: Samurott|Ceaseless Edge|p2a: Tinkaton
|-resisted|p2a: Tinkaton
|-crit|p2a: Tinkaton
|-damage|p2a: Tinkaton|35/100
|-sidestart|p2: Biasfuck|Spikes
|
|upkeep
|turn|4
|
|t:|1758331620
|switch|p2a: Hatterene|Hatterene, F, shiny|100/100
|-damage|p2a: Hatterene|88/100|[from] Spikes
|move|p1a: Samurott|Ceaseless Edge|p2a: Hatterene|[miss]
|-miss|p1a: Samurott|p2a: Hatterene
|
|-heal|p2a: Hatterene|94/100|[from] item: Leftovers
|upkeep
|turn|5
|inactive|Papagayo32 has 120 seconds left.
|
|t:|1758331652
|-terastallize|p1a: Samurott|Steel
|move|p1a: Samurott|Ceaseless Edge|p2a: Hatterene
|-damage|p2a: Hatterene|36/100
|-sidestart|p2: Biasfuck|Spikes
|move|p2a: Hatterene|Reflect|p2a: Hatterene
|-sidestart|p2: Biasfuck|Reflect
|
|-heal|p2a: Hatterene|42/100|[from] item: Leftovers
|upkeep
|turn|6
|
|t:|1758331663
|switch|p2a: Arcanine|Arcanine-Hisui, M|100/100
|move|p1a: Samurott|Ceaseless Edge|p2a: Arcanine
|-damage|p2a: Arcanine|69/100
|-sidestart|p2: Biasfuck|Spikes
|
|upkeep
|turn|7
|
|t:|1758331668
|move|p2a: Arcanine|Flare Blitz|p1a: Samurott
|-supereffective|p1a: Samurott
|-crit|p1a: Samurott
|-damage|p1a: Samurott|0 fnt
|faint|p1a: Samurott
|
|upkeep
|
|t:|1758331681
|switch|p1a: Slowbro|Slowbro, M|100/100
|-damage|p1a: Slowbro|88/100|[from] Stealth Rock
|turn|8
|
|t:|1758331687
|switch|p2a: Lilligant|Lilligant-Hisui, F, shiny|100/100
|-damage|p2a: Lilligant|76/100|[from] Spikes
|move|p1a: Slowbro|Hydro Pump|p2a: Lilligant
|-resisted|p2a: Lilligant
|-damage|p2a: Lilligant|27/100
|-damage|p1a: Slowbro|78/100|[from] item: Life Orb
|
|upkeep
|turn|9
|
|t:|1758331696
|move|p2a: Lilligant|Leaf Blade|p1a: Slowbro
|-supereffective|p1a: Slowbro
|-damage|p1a: Slowbro|11/100
|move|p1a: Slowbro|Trick Room|p1a: Slowbro
|-fieldstart|move: Trick Room|[of] p1a: Slowbro
|
|-sideend|p2: Biasfuck|Reflect
|upkeep
|turn|10
|
|t:|1758331701
|move|p1a: Slowbro|Ice Beam|p2a: Lilligant
|-supereffective|p2a: Lilligant
|-damage|p2a: Lilligant|0 fnt
|faint|p2a: Lilligant
|-damage|p1a: Slowbro|1/100|[from] item: Life Orb
|
|upkeep
|
|t:|1758331709
|switch|p2a: Tinkaton|Tinkaton, F|35/100
|-damage|p2a: Tinkaton|10/100|[from] Spikes
|-ability|p2a: Tinkaton|Mold Breaker
|turn|11
|inactive|Papagayo32 has 120 seconds left.
|
|t:|1758331733
|switch|p1a: Gliscor|Gliscor, F, shiny|100/100
|-damage|p1a: Gliscor|88/100|[from] Stealth Rock
|move|p2a: Tinkaton|Fake Out|p1a: Gliscor
|-damage|p1a: Gliscor|82/100
|
|-status|p1a: Gliscor|tox|[from] item: Toxic Orb
|upkeep
|turn|12
|
|t:|1758331738
|move|p2a: Tinkaton|Gigaton Hammer|p1a: Gliscor
|-crit|p1a: Gliscor
|-damage|p1a: Gliscor|31/100 tox
|move|p1a: Gliscor|Earthquake|p2a: Tinkaton
|-supereffective|p2a: Tinkaton
|-damage|p2a: Tinkaton|0 fnt
|faint|p2a: Tinkaton
|
|-heal|p1a: Gliscor|43/100 tox|[from] ability: Poison Heal
|upkeep
|
|t:|1758331755
|switch|p2a: Porygon2|Porygon2|100/100
|-damage|p2a: Porygon2|76/100|[from] Spikes
|turn|13
|inactive|Papagayo32 has 120 seconds left.
|
|t:|1758331795
|switch|p1a: Weezing|Weezing-Galar, M|100/100
|-ability|p1a: Weezing|Neutralizing Gas
|move|p2a: Porygon2|Ice Beam|p1a: Weezing
|-damage|p1a: Weezing|75/100
|-status|p1a: Weezing|frz
|
|-fieldend|move: Trick Room
|upkeep
|turn|14
|
|t:|1758331804
|switch|p2a: Glimmora|Glimmora, F|100/100
|-damage|p2a: Glimmora|76/100|[from] Spikes
|cant|p1a: Weezing|frz
|
|-heal|p2a: Glimmora|82/100|[from] item: Black Sludge
|upkeep
|turn|15
|inactive|Papagayo32 has 90 seconds left.
|
|t:|1758331833
|move|p2a: Glimmora|Mortal Spin|p1a: Weezing
|-crit|p1a: Weezing
|-damage|p1a: Weezing|67/100 frz
|-sideend|p2: Biasfuck|Spikes|[from] move: Mortal Spin|[of] p2a: Glimmora
|cant|p1a: Weezing|frz
|
|-heal|p2a: Glimmora|88/100|[from] item: Black Sludge
|upkeep
|turn|16
|
|t:|1758331839
|switch|p2a: Hatterene|Hatterene, F, shiny|42/100
|-curestatus|p1a: Weezing|frz|[msg]
|move|p1a: Weezing|Defog|p2a: Hatterene
|-unboost|p2a: Hatterene|evasion|1
|-sideend|p1: Papagayo32|Stealth Rock|[from] move: Defog|[of] p1a: Weezing
|
|-heal|p2a: Hatterene|48/100|[from] item: Leftovers
|upkeep
|turn|17
|
|t:|1758331845
|move|p1a: Weezing|Clear Smog|p2a: Hatterene
|-supereffective|p2a: Hatterene
|-damage|p2a: Hatterene|28/100
|-clearboost|p2a: Hatterene
|move|p2a: Hatterene|Substitute|p2a: Hatterene
|-start|p2a: Hatterene|Substitute
|-damage|p2a: Hatterene|3/100
|
|-heal|p2a: Hatterene|9/100|[from] item: Leftovers
|upkeep
|turn|18
|
|t:|1758331854
|-end|p1a: Weezing|ability: Neutralizing Gas
|switch|p1a: Dragapult|Dragapult, M|100/100
|move|p2a: Hatterene|Draining Kiss|p1a: Dragapult
|-supereffective|p1a: Dragapult
|-damage|p1a: Dragapult|44/100
|-heal|p2a: Hatterene|51/100|[from] drain|[of] p1a: Dragapult
|
|-heal|p2a: Hatterene|57/100|[from] item: Leftovers
|upkeep
|turn|19
|
|t:|1758331864
|move|p1a: Dragapult|Phantom Force||[still]
|-prepare|p1a: Dragapult|Phantom Force
|move|p2a: Hatterene|Reflect|p2a: Hatterene
|-sidestart|p2: Biasfuck|Reflect
|
|-heal|p2a: Hatterene|63/100|[from] item: Leftovers
|upkeep
|turn|20
|inactive|Papagayo32 has 120 seconds left.
|
|t:|1758331880
|switch|p2a: Porygon2|Porygon2|76/100
|move|p1a: Dragapult|Phantom Force|p2a: Porygon2|[from] lockedmove
|-immune|p2a: Porygon2
|
|upkeep
|turn|21
|inactive|Papagayo32 has 120 seconds left.
|
|t:|1758331886
|switch|p1a: Weezing|Weezing-Galar, M|67/100
|-ability|p1a: Weezing|Neutralizing Gas
|move|p2a: Porygon2|Ice Beam|p1a: Weezing
|-damage|p1a: Weezing|44/100
|
|upkeep
|turn|22
|
|t:|1758331893
|move|p1a: Weezing|Will-O-Wisp|p2a: Porygon2
|-status|p2a: Porygon2|brn
|move|p2a: Porygon2|Tera Blast|p1a: Weezing
|-damage|p1a: Weezing|11/100
|
|-damage|p2a: Porygon2|70/100 brn|[from] brn
|upkeep
|turn|23
|
|t:|1758331901
|move|p1a: Weezing|Toxic Spikes|p2a: Porygon2
|-sidestart|p2: Biasfuck|move: Toxic Spikes
|move|p2a: Porygon2|Ice Beam|p1a: Weezing
|-damage|p1a: Weezing|0 fnt
|faint|p1a: Weezing
|-end|p1a: Weezing|ability: Neutralizing Gas
|
|-damage|p2a: Porygon2|64/100 brn|[from] brn
|-sideend|p2: Biasfuck|Reflect
|upkeep
|
|t:|1758331905
|switch|p1a: Great Tusk|Great Tusk|100/100
|turn|24
|
|t:|1758331915
|-terastallize|p2a: Porygon2|Ghost
|move|p1a: Great Tusk|Rapid Spin|p2a: Porygon2
|-immune|p2a: Porygon2
|move|p2a: Porygon2|Ice Beam|p1a: Great Tusk
|-supereffective|p1a: Great Tusk
|-damage|p1a: Great Tusk|36/100
|
|-damage|p2a: Porygon2|58/100 brn|[from] brn
|upkeep
|turn|25
|
|t:|1758331941
|move|p1a: Great Tusk|Knock Off|p2a: Porygon2
|-supereffective|p2a: Porygon2
|-damage|p2a: Porygon2|14/100 brn
|-enditem|p2a: Porygon2|Eviolite|[from] move: Knock Off|[of] p1a: Great Tusk
|move|p2a: Porygon2|Recover|p2a: Porygon2
|-heal|p2a: Porygon2|64/100 brn
|
|-damage|p2a: Porygon2|58/100 brn|[from] brn
|upkeep
|turn|26
|
|t:|1758331946
|switch|p2a: Glimmora|Glimmora, F|88/100
|-sideend|p2: Biasfuck|move: Toxic Spikes|[of] p2a: Glimmora
|move|p1a: Great Tusk|Headlong Rush|p2a: Glimmora
|-supereffective|p2a: Glimmora
|-damage|p2a: Glimmora|0 fnt
|-unboost|p1a: Great Tusk|def|1
|-unboost|p1a: Great Tusk|spd|1
|-activate|p2a: Glimmora|ability: Toxic Debris
|-sidestart|p1: Papagayo32|move: Toxic Spikes
|faint|p2a: Glimmora
|
|upkeep
|
|t:|1758331956
|switch|p2a: Arcanine|Arcanine-Hisui, M|69/100
|turn|27
|inactive|Papagayo32 has 120 seconds left.
|
|t:|1758331998
|move|p2a: Arcanine|Flare Blitz|p1a: Great Tusk
|-damage|p1a: Great Tusk|0 fnt
|faint|p1a: Great Tusk
|-end|p1a: Great Tusk|Protosynthesis|[silent]
|
|upkeep
|
|t:|1758332002
|switch|p1a: Dragapult|Dragapult, M|44/100
|-status|p1a: Dragapult|psn
|turn|28
|inactive|Papagayo32 has 120 seconds left.
|
|t:|1758332008
|switch|p2a: Hatterene|Hatterene, F, shiny|63/100
|move|p1a: Dragapult|Phantom Force||[still]
|-prepare|p1a: Dragapult|Phantom Force
|
|-heal|p2a: Hatterene|69/100|[from] item: Leftovers
|-damage|p1a: Dragapult|31/100 psn|[from] psn
|upkeep
|turn|29
|
|t:|1758332015
|move|p1a: Dragapult|Phantom Force|p2a: Hatterene|[from] lockedmove
|-supereffective|p2a: Hatterene
|-damage|p2a: Hatterene|0 fnt
|faint|p2a: Hatterene
|
|-damage|p1a: Dragapult|19/100 psn|[from] psn
|upkeep
|
|t:|1758332026
|switch|p2a: Arcanine|Arcanine-Hisui, M|69/100
|turn|30
|
|t:|1758332038
|move|p1a: Dragapult|Phantom Force||[still]
|-prepare|p1a: Dragapult|Phantom Force
|move|p2a: Arcanine|Flare Blitz|p1a: Dragapult|[miss]
|-miss|p2a: Arcanine|p1a: Dragapult
|
|-damage|p1a: Dragapult|7/100 psn|[from] psn
|upkeep
|turn|31
|
|t:|1758332046
|move|p1a: Dragapult|Phantom Force|p2a: Arcanine|[from] lockedmove
|-damage|p2a: Arcanine|0 fnt
|faint|p2a: Arcanine
|
|-damage|p1a: Dragapult|0 fnt|[from] psn
|faint|p1a: Dragapult
|upkeep
|
|t:|1758332053
|switch|p1a: Gliscor|Gliscor, F, shiny|43/100 tox
|switch|p2a: Porygon2|Porygon2, tera:Ghost|58/100 brn
|turn|32
|
|t:|1758332060
|move|p1a: Gliscor|Earthquake|p2a: Porygon2
|-damage|p2a: Porygon2|28/100 brn
|move|p2a: Porygon2|Recover|p2a: Porygon2
|-heal|p2a: Porygon2|78/100 brn
|
|-heal|p1a: Gliscor|56/100 tox|[from] ability: Poison Heal
|-damage|p2a: Porygon2|72/100 brn|[from] brn
|upkeep
|turn|33
|
|t:|1758332063
|move|p1a: Gliscor|Earthquake|p2a: Porygon2
|-damage|p2a: Porygon2|40/100 brn
|move|p2a: Porygon2|Ice Beam|p1a: Gliscor
|-supereffective|p1a: Gliscor
|-damage|p1a: Gliscor|0 fnt
|faint|p1a: Gliscor
|
|-damage|p2a: Porygon2|34/100 brn|[from] brn
|upkeep
|
|t:|1758332066
|switch|p1a: Slowbro|Slowbro, M|34/100
|-status|p1a: Slowbro|psn
|turn|34
|
|t:|1758332072
|move|p2a: Porygon2|Recover|p2a: Porygon2
|-heal|p2a: Porygon2|84/100 brn
|move|p1a: Slowbro|Hydro Pump|p2a: Porygon2
|-damage|p2a: Porygon2|22/100 brn
|-damage|p1a: Slowbro|24/100 psn|[from] item: Life Orb
|
|-damage|p1a: Slowbro|12/100 psn|[from] psn
|-damage|p2a: Porygon2|16/100 brn|[from] brn
|upkeep
|turn|35
|
|t:|1758332077
|move|p2a: Porygon2|Tera Blast|p1a: Slowbro|[anim] Tera Blast Ghost
|-supereffective|p1a: Slowbro
|-damage|p1a: Slowbro|0 fnt
|faint|p1a: Slowbro
|
|win|Biasfuck
|raw|Papagayo32's rating: 1191 &rarr; <strong>1165</strong><br />(-26 for losing)
|raw|Biasfuck's rating: 1174 &rarr; <strong>1200</strong><br />(+26 for winning)
|c|☆Biasfuck|Ggwp
|l|☆Papagayo32
|player|p1|
