|j|☆syk1307
|j|☆PjSand
|t:|1758293994
|gametype|singles
|player|p1|syk1307|giovanni|1450
|player|p2|PjSand|169|1421
|gen|9
|tier|[Gen 9] OU
|rated|
|rule|HP Percentage Mod: HP is shown in percentages
|rule|Endless Battle Clause: Forcing endless battles is banned
|rule|Species Clause: Limit one of each Pokémon
|rule|OHKO Clause: OHKO moves are banned
|rule|Evasion Items Clause: Evasion items are banned
|rule|Evasion Moves Clause: Evasion moves are banned
|rule|Evasion Abilities Clause: Evasion abilities are banned
|rule|Sleep Moves Clause: Sleep-inducing moves are banned
|clearpoke
|poke|p1|Jolteon, M|
|poke|p1|Gyarados, M|
|poke|p1|Arcanine, M|
|poke|p1|Scizor, M|
|poke|p1|Corviknight, M|
|poke|p1|Mew|
|poke|p2|Ninetales, M|
|poke|p2|Ceruledge, F|
|poke|p2|Venusaur, M|
|poke|p2|Hatterene, F|
|poke|p2|Great Tusk|
|poke|p2|Walking Wake|
|teampreview
|inactive|Battle timer is ON: inactive players will automatically lose when time's up. (requested by PjSand)
|inactive|PjSand has 120 seconds left.
|
|t:|1758294037
|teamsize|p1|6
|teamsize|p2|6
|start
|switch|p1a: Gyarados|Gyarados, M|100/100
|switch|p2a: Kurama Chakra Mode|Ninetales, M|100/100
|-weather|SunnyDay|[from] ability: Drought|[of] p2a: Kurama Chakra Mode
|turn|1
|
|t:|1758294053
|switch|p2a: Die w A Smile|Hatterene, F|100/100
|switch|p1a: Arcanine|Arcanine, M|100/100
|
|-weather|SunnyDay|[upkeep]
|upkeep
|turn|2
|
|t:|1758294065
|switch|p2a: Lynrd Spynrd|Great Tusk|100/100
|-activate|p2a: Lynrd Spynrd|ability: Protosynthesis
|-start|p2a: Lynrd Spynrd|protosynthesisspe
|move|p1a: Arcanine|Flare Blitz|p2a: Lynrd Spynrd
|-damage|p2a: Lynrd Spynrd|20/100
|-damage|p1a: Arcanine|84/100|[from] item: Rocky Helmet|[of] p2a: Lynrd Spynrd
|-damage|p1a: Arcanine|48/100|[from] Recoil
|
|-weather|SunnyDay|[upkeep]
|upkeep
|turn|3
|
|t:|1758294074
|switch|p1a: Corviknight|Corviknight, M|100/100
|move|p2a: Lynrd Spynrd|Stealth Rock|p1a: Corviknight
|-sidestart|p1: syk1307|move: Stealth Rock
|
|-weather|SunnyDay|[upkeep]
|upkeep
|turn|4
|
|t:|1758294079
|-end|p2a: Lynrd Spynrd|Protosynthesis|[silent]
|switch|p2a: Dubya|Walking Wake|100/100
|-activate|p2a: Dubya|ability: Protosynthesis
|-start|p2a: Dubya|protosynthesisspa
|move|p1a: Corviknight|Defog|p2a: Dubya
|-unboost|p2a: Dubya|evasion|1
|-sideend|p1: syk1307|Stealth Rock|[from] move: Defog|[of] p1a: Corviknight
|
|-weather|SunnyDay|[upkeep]
|upkeep
|turn|5
|
|t:|1758294089
|-terastallize|p2a: Dubya|Water
|move|p2a: Dubya|Hydro Steam|p1a: Corviknight
|-crit|p1a: Corviknight
|-damage|p1a: Corviknight|0 fnt
|faint|p1a: Corviknight
|
|-weather|SunnyDay|[upkeep]
|upkeep
|
|t:|1758294100
|switch|p1a: Gyarados|Gyarados, M|100/100
|turn|6
|
|t:|1758294111
|move|p2a: Dubya|Hydro Steam|p1a: Gyarados
|-resisted|p1a: Gyarados
|-damage|p1a: Gyarados|13/100
|move|p1a: Gyarados|Dragon Dance|p1a: Gyarados
|-boost|p1a: Gyarados|atk|1
|-boost|p1a: Gyarados|spe|1
|
|-weather|SunnyDay|[upkeep]
|upkeep
|turn|7
|
|t:|1758294123
|-end|p2a: Dubya|Protosynthesis|[silent]
|switch|p2a: Lynrd Spynrd|Great Tusk|20/100
|-activate|p2a: Lynrd Spynrd|ability: Protosynthesis
|-start|p2a: Lynrd Spynrd|protosynthesisspe
|move|p1a: Gyarados|Earthquake|p2a: Lynrd Spynrd
|-damage|p2a: Lynrd Spynrd|0 fnt
|faint|p2a: Lynrd Spynrd
|-end|p2a: Lynrd Spynrd|Protosynthesis|[silent]
|-ability|p1a: Gyarados|Moxie|boost
|-boost|p1a: Gyarados|atk|1
|
|-weather|SunnyDay|[upkeep]
|upkeep
|
|t:|1758294127
|switch|p2a: Venu Vidi Vici|Venusaur, M|100/100
|turn|8
|inactive|syk1307 has 120 seconds left.
|
|t:|1758294160
|move|p2a: Venu Vidi Vici|Weather Ball|p1a: Gyarados
|-resisted|p1a: Gyarados
|-damage|p1a: Gyarados|0 fnt
|faint|p1a: Gyarados
|-damage|p2a: Venu Vidi Vici|91/100|[from] item: Life Orb
|
|-weather|none
|upkeep
|inactive|syk1307 has 120 seconds left.
|
|t:|1758294170
|switch|p1a: Mew|Mew, shiny|100/100
|turn|9
|
|t:|1758294173
|switch|p2a: Die w A Smile|Hatterene, F|100/100
|move|p1a: Mew|Nasty Plot|p1a: Mew
|-boost|p1a: Mew|spa|2
|
|upkeep
|turn|10
|
|t:|1758294178
|move|p1a: Mew|Nasty Plot|p1a: Mew
|-boost|p1a: Mew|spa|2
|move|p2a: Die w A Smile|Nuzzle|p1a: Mew
|-damage|p1a: Mew|97/100
|-status|p1a: Mew|par
|-activate|p1a: Mew|ability: Synchronize
|-status|p2a: Die w A Smile|par
|
|upkeep
|turn|11
|
|t:|1758294193
|move|p1a: Mew|Earth Power|p2a: Die w A Smile
|-damage|p2a: Die w A Smile|16/100 par
|-enditem|p2a: Die w A Smile|Eject Button
|
|t:|1758294196
|switch|p2a: Kurama Chakra Mode|Ninetales, M|100/100
|-weather|SunnyDay|[from] ability: Drought|[of] p2a: Kurama Chakra Mode
|
|-weather|SunnyDay|[upkeep]
|upkeep
|turn|12
|
|t:|1758294203
|switch|p2a: Die w A Smile|Hatterene, F|16/100 par
|move|p1a: Mew|Earth Power|p2a: Die w A Smile
|-damage|p2a: Die w A Smile|0 fnt
|faint|p2a: Die w A Smile
|
|-weather|SunnyDay|[upkeep]
|upkeep
|
|t:|1758294208
|switch|p2a: Dubya|Walking Wake, tera:Water|100/100
|-activate|p2a: Dubya|ability: Protosynthesis
|-start|p2a: Dubya|protosynthesisspa
|turn|13
|
|t:|1758294216
|move|p2a: Dubya|Hydro Steam|p1a: Mew
|-damage|p1a: Mew|0 fnt
|faint|p1a: Mew
|
|-weather|SunnyDay|[upkeep]
|upkeep
|inactive|syk1307 has 120 seconds left.
|-message|syk1307 forfeited.
|
|win|PjSand
|raw|syk1307's rating: 1450 &rarr; <strong>1428</strong><br />(-22 for losing)
|raw|PjSand's rating: 1421 &rarr; <strong>1443</strong><br />(+22 for winning)
|l|☆syk1307
|player|p1|
|l|☆PjSand
|player|p2|
