|j|☆IvanBeifong
|j|☆Gyltia
|t:|1758247691
|gametype|singles
|player|p1|IvanBeifong|hilbert|1465
|player|p2|Gyltia|musician|1461
|gen|9
|tier|[Gen 9] OU
|rated|
|rule|HP Percentage Mod: HP is shown in percentages
|rule|Endless Battle Clause: Forcing endless battles is banned
|rule|Species Clause: Limit one of each Pokémon
|rule|OHKO Clause: OHKO moves are banned
|rule|Evasion Items Clause: Evasion items are banned
|rule|Evasion Moves Clause: Evasion moves are banned
|rule|Evasion Abilities Clause: Evasion abilities are banned
|rule|Sleep Moves Clause: Sleep-inducing moves are banned
|clearpoke
|poke|p1|Samurott-Hisui, M|
|poke|p1|Great Tusk|
|poke|p1|Volcanion|
|poke|p1|Hydrapple, F|
|poke|p1|Gholdengo|
|poke|p1|Landorus-Therian, M|
|poke|p2|Pelipper, F|
|poke|p2|Hatterene, F|
|poke|p2|Iron Treads|
|poke|p2|Toxicroak, F|
|poke|p2|Barraskewda, F|
|poke|p2|Zapdos|
|teampreview
|inactive|Battle timer is ON: inactive players will automatically lose when time's up. (requested by IvanBeifong)
|inactive|IvanBeifong has 120 seconds left.
|
|t:|1758247735
|teamsize|p1|6
|teamsize|p2|6
|start
|switch|p1a: Samurott|Samurott-Hisui, M|100/100
|switch|p2a: Pelipper|Pelipper, F|100/100
|-weather|RainDance|[from] ability: Drizzle|[of] p2a: Pelipper
|turn|1
|
|t:|1758247754
|switch|p2a: Toxicroak|Toxicroak, F|100/100
|move|p1a: Samurott|Ceaseless Edge|p2a: Toxicroak
|-resisted|p2a: Toxicroak
|-crit|p2a: Toxicroak
|-damage|p2a: Toxicroak|73/100
|-damage|p1a: Samurott|84/100|[from] item: Rocky Helmet|[of] p2a: Toxicroak
|-sidestart|p2: Gyltia|Spikes
|
|-weather|RainDance|[upkeep]
|-heal|p2a: Toxicroak|85/100|[from] ability: Dry Skin
|upkeep
|turn|2
|c|☆IvanBeifong|i just noticed
|c|☆IvanBeifong|this is pinkacross team
|c|☆IvanBeifong|LMAO
|inactive|IvanBeifong has 120 seconds left.
|c|☆Gyltia|oh yeah
|c|☆Gyltia|wanted to try it out
|
|t:|1758247790
|switch|p1a: Volcanion|Volcanion|100/100
|move|p2a: Toxicroak|Knock Off|p1a: Volcanion
|-damage|p1a: Volcanion|83/100
|-enditem|p1a: Volcanion|Heavy-Duty Boots|[from] move: Knock Off|[of] p2a: Toxicroak
|
|-weather|RainDance|[upkeep]
|-heal|p2a: Toxicroak|98/100|[from] ability: Dry Skin
|upkeep
|turn|3
|
|t:|1758247808
|switch|p2a: Hatterene|Hatterene, F|100/100
|-damage|p2a: Hatterene|88/100|[from] Spikes
|move|p1a: Volcanion|Will-O-Wisp|p2a: Hatterene
|move|p2a: Hatterene|Will-O-Wisp|p1a: Volcanion|[from] ability: Magic Bounce
|-immune|p1a: Volcanion
|
|-weather|RainDance|[upkeep]
|upkeep
|turn|4
|c|☆IvanBeifong|seems fun tbh
|
|t:|1758247820
|move|p1a: Volcanion|Steam Eruption|p2a: Hatterene
|-damage|p2a: Hatterene|0 fnt
|faint|p2a: Hatterene
|
|-weather|RainDance|[upkeep]
|upkeep
|
|t:|1758247824
|switch|p2a: Zapdos|Zapdos|100/100
|turn|5
|
|t:|1758247840
|-terastallize|p1a: Volcanion|Bug
|move|p2a: Zapdos|Hurricane|p1a: Volcanion
|-supereffective|p1a: Volcanion
|-damage|p1a: Volcanion|0 fnt
|faint|p1a: Volcanion
|
|-weather|RainDance|[upkeep]
|upkeep
|c|☆IvanBeifong|damn how'd you know
|inactive|IvanBeifong has 120 seconds left.
|
|t:|1758247859
|switch|p1a: Landorus|Landorus-Therian, M|100/100
|-ability|p1a: Landorus|Intimidate|boost
|-unboost|p2a: Zapdos|atk|1
|turn|6
|c|☆Gyltia|covered the lando/tusk switch as well
|inactive|Gyltia has 120 seconds left.
|
|t:|1758247895
|-terastallize|p2a: Zapdos|Flying
|move|p1a: Landorus|Stone Edge|p2a: Zapdos
|-supereffective|p2a: Zapdos
|-damage|p2a: Zapdos|3/100
|move|p2a: Zapdos|Hurricane|p1a: Landorus
|-damage|p1a: Landorus|0 fnt
|faint|p1a: Landorus
|
|-weather|RainDance|[upkeep]
|upkeep
|
|t:|1758247906
|switch|p1a: Samurott|Samurott-Hisui, M|84/100
|turn|7
|
|t:|1758247913
|switch|p2a: Toxicroak|Toxicroak, F|98/100
|-damage|p2a: Toxicroak|85/100|[from] Spikes
|move|p1a: Samurott|Sucker Punch||[still]
|-fail|p1a: Samurott
|
|-weather|RainDance|[upkeep]
|-heal|p2a: Toxicroak|98/100|[from] ability: Dry Skin
|upkeep
|turn|8
|
|t:|1758247930
|switch|p1a: Hydrapple|Hydrapple, F|100/100
|move|p2a: Toxicroak|Toxic|p1a: Hydrapple
|-status|p1a: Hydrapple|tox
|
|-weather|none
|-damage|p1a: Hydrapple|94/100 tox|[from] psn
|upkeep
|turn|9
|inactive|Gyltia has 120 seconds left.
|
|t:|1758247947
|switch|p2a: Iron Treads|Iron Treads|100/100
|-damage|p2a: Iron Treads|88/100|[from] Spikes
|move|p1a: Hydrapple|Fickle Beam|p2a: Iron Treads
|-resisted|p2a: Iron Treads
|-damage|p2a: Iron Treads|75/100
|
|-heal|p2a: Iron Treads|81/100|[from] item: Leftovers
|-damage|p1a: Hydrapple|82/100 tox|[from] psn
|upkeep
|turn|10
|inactive|Gyltia has 120 seconds left.
|
|t:|1758247964
|move|p2a: Iron Treads|Volt Switch|p1a: Hydrapple
|-resisted|p1a: Hydrapple
|-damage|p1a: Hydrapple|80/100 tox
|
|t:|1758247968
|-end|p2a: Iron Treads|Quark Drive|[silent]
|switch|p2a: Pelipper|Pelipper, F|100/100|[from] Volt Switch
|-weather|RainDance|[from] ability: Drizzle|[of] p2a: Pelipper
|move|p1a: Hydrapple|Giga Drain|p2a: Pelipper
|-damage|p2a: Pelipper|72/100
|-heal|p1a: Hydrapple|91/100 tox|[from] drain|[of] p2a: Pelipper
|
|-weather|RainDance|[upkeep]
|-damage|p1a: Hydrapple|73/100 tox|[from] psn
|upkeep
|turn|11
|
|t:|1758247982
|switch|p1a: Samurott|Samurott-Hisui, M|84/100
|move|p2a: Pelipper|Hurricane|p1a: Samurott
|-damage|p1a: Samurott|59/100
|
|-weather|RainDance|[upkeep]
|upkeep
|turn|12
|
|t:|1758247986
|switch|p2a: Toxicroak|Toxicroak, F|98/100
|-damage|p2a: Toxicroak|85/100|[from] Spikes
|move|p1a: Samurott|Knock Off|p2a: Toxicroak
|-resisted|p2a: Toxicroak
|-damage|p2a: Toxicroak|68/100
|-damage|p1a: Samurott|43/100|[from] item: Rocky Helmet|[of] p2a: Toxicroak
|-enditem|p2a: Toxicroak|Rocky Helmet|[from] move: Knock Off|[of] p1a: Samurott
|
|-weather|RainDance|[upkeep]
|-heal|p2a: Toxicroak|80/100|[from] ability: Dry Skin
|upkeep
|turn|13
|
|t:|1758248002
|switch|p1a: Hydrapple|Hydrapple, F|100/100 tox
|move|p2a: Toxicroak|Knock Off|p1a: Hydrapple
|-damage|p1a: Hydrapple|86/100 tox
|-damage|p2a: Toxicroak|64/100|[from] item: Rocky Helmet|[of] p1a: Hydrapple
|-enditem|p1a: Hydrapple|Rocky Helmet|[from] move: Knock Off|[of] p2a: Toxicroak
|
|-weather|RainDance|[upkeep]
|-heal|p2a: Toxicroak|76/100|[from] ability: Dry Skin
|-damage|p1a: Hydrapple|80/100 tox|[from] psn
|upkeep
|turn|14
|
|t:|1758248020
|switch|p2a: Iron Treads|Iron Treads|81/100
|-damage|p2a: Iron Treads|69/100|[from] Spikes
|move|p1a: Hydrapple|Giga Drain|p2a: Iron Treads
|-damage|p2a: Iron Treads|46/100
|-heal|p1a: Hydrapple|91/100 tox|[from] drain|[of] p2a: Iron Treads
|
|-weather|RainDance|[upkeep]
|-heal|p2a: Iron Treads|52/100|[from] item: Leftovers
|-damage|p1a: Hydrapple|79/100 tox|[from] psn
|upkeep
|turn|15
|
|t:|1758248026
|move|p2a: Iron Treads|Rapid Spin|p1a: Hydrapple
|-damage|p1a: Hydrapple|71/100 tox
|-boost|p2a: Iron Treads|spe|1
|-sideend|p2: Gyltia|Spikes|[from] move: Rapid Spin|[of] p2a: Iron Treads
|move|p1a: Hydrapple|Earth Power|p2a: Iron Treads
|-supereffective|p2a: Iron Treads
|-damage|p2a: Iron Treads|16/100
|
|-weather|RainDance|[upkeep]
|-heal|p2a: Iron Treads|22/100|[from] item: Leftovers
|-damage|p1a: Hydrapple|53/100 tox|[from] psn
|upkeep
|turn|16
|
|t:|1758248035
|move|p2a: Iron Treads|Volt Switch|p1a: Hydrapple
|-resisted|p1a: Hydrapple
|-crit|p1a: Hydrapple
|-damage|p1a: Hydrapple|49/100 tox
|
|t:|1758248043
|-end|p2a: Iron Treads|Quark Drive|[silent]
|switch|p2a: Barraskewda|Barraskewda, F|100/100|[from] Volt Switch
|move|p1a: Hydrapple|Giga Drain|p2a: Barraskewda
|-supereffective|p2a: Barraskewda
|-damage|p2a: Barraskewda|0 fnt
|-heal|p1a: Hydrapple|81/100 tox|[from] drain|[of] p2a: Barraskewda
|faint|p2a: Barraskewda
|
|-weather|RainDance|[upkeep]
|-damage|p1a: Hydrapple|57/100 tox|[from] psn
|upkeep
|
|t:|1758248049
|switch|p2a: Zapdos|Zapdos, tera:Flying|3/100
|turn|17
|
|t:|1758248054
|switch|p1a: Gholdengo|Gholdengo|100/100
|-item|p1a: Gholdengo|Air Balloon
|move|p2a: Zapdos|Hurricane|p1a: Gholdengo
|-resisted|p1a: Gholdengo
|-damage|p1a: Gholdengo|49/100
|-enditem|p1a: Gholdengo|Air Balloon
|
|-weather|none
|upkeep
|turn|18
|
|t:|1758248058
|switch|p2a: Pelipper|Pelipper, F|72/100
|-weather|RainDance|[from] ability: Drizzle|[of] p2a: Pelipper
|move|p1a: Gholdengo|Recover|p1a: Gholdengo
|-heal|p1a: Gholdengo|99/100
|
|-weather|RainDance|[upkeep]
|upkeep
|turn|19
|
|t:|1758248068
|move|p1a: Gholdengo|Shadow Ball|p2a: Pelipper
|-damage|p2a: Pelipper|35/100
|move|p2a: Pelipper|U-turn|p1a: Gholdengo
|-resisted|p1a: Gholdengo
|-damage|p1a: Gholdengo|97/100
|
|t:|1758248088
|switch|p2a: Zapdos|Zapdos, tera:Flying|3/100|[from] U-turn
|
|-weather|RainDance|[upkeep]
|upkeep
|turn|20
|
|t:|1758248092
|move|p2a: Zapdos|Volt Switch|p1a: Gholdengo
|-damage|p1a: Gholdengo|43/100
|
|t:|1758248097
|switch|p2a: Iron Treads|Iron Treads|22/100|[from] Volt Switch
|move|p1a: Gholdengo|Shadow Ball|p2a: Iron Treads
|-damage|p2a: Iron Treads|0 fnt
|faint|p2a: Iron Treads
|-end|p2a: Iron Treads|Quark Drive|[silent]
|
|-weather|RainDance|[upkeep]
|upkeep
|
|t:|1758248103
|switch|p2a: Zapdos|Zapdos, tera:Flying|3/100
|turn|21
|
|t:|1758248110
|move|p2a: Zapdos|Hurricane|p1a: Gholdengo
|-resisted|p1a: Gholdengo
|-damage|p1a: Gholdengo|0 fnt
|faint|p1a: Gholdengo
|
|-weather|RainDance|[upkeep]
|upkeep
|
|t:|1758248113
|switch|p1a: Samurott|Samurott-Hisui, M|43/100
|turn|22
|
|t:|1758248116
|switch|p2a: Toxicroak|Toxicroak, F|76/100
|move|p1a: Samurott|Sucker Punch||[still]
|-fail|p1a: Samurott
|
|-weather|RainDance|[upkeep]
|-heal|p2a: Toxicroak|89/100|[from] ability: Dry Skin
|upkeep
|turn|23
|
|t:|1758248126
|switch|p1a: Hydrapple|Hydrapple, F|90/100 tox
|move|p2a: Toxicroak|Drain Punch|p1a: Hydrapple
|-damage|p1a: Hydrapple|75/100 tox
|-heal|p2a: Toxicroak|98/100|[from] drain|[of] p1a: Hydrapple
|
|-weather|RainDance|[upkeep]
|-heal|p2a: Toxicroak|100/100|[from] ability: Dry Skin
|-damage|p1a: Hydrapple|69/100 tox|[from] psn
|upkeep
|turn|24
|
|t:|1758248136
|move|p2a: Toxicroak|Drain Punch|p1a: Hydrapple
|-damage|p1a: Hydrapple|54/100 tox
|move|p1a: Hydrapple|Earth Power|p2a: Toxicroak
|-supereffective|p2a: Toxicroak
|-damage|p2a: Toxicroak|38/100
|-unboost|p2a: Toxicroak|spd|1
|
|-weather|RainDance|[upkeep]
|-heal|p2a: Toxicroak|51/100|[from] ability: Dry Skin
|-damage|p1a: Hydrapple|42/100 tox|[from] psn
|upkeep
|turn|25
|
|t:|1758248163
|move|p2a: Toxicroak|Encore|p1a: Hydrapple
|-start|p1a: Hydrapple|Encore
|move|p1a: Hydrapple|Earth Power|p2a: Toxicroak
|-supereffective|p2a: Toxicroak
|-damage|p2a: Toxicroak|0 fnt
|faint|p2a: Toxicroak
|
|-weather|none
|-damage|p1a: Hydrapple|24/100 tox|[from] psn
|upkeep
|
|t:|1758248167
|switch|p2a: Pelipper|Pelipper, F|35/100
|-weather|RainDance|[from] ability: Drizzle|[of] p2a: Pelipper
|turn|26
|
|t:|1758248173
|switch|p1a: Great Tusk|Great Tusk|100/100
|move|p2a: Pelipper|U-turn|p1a: Great Tusk
|-resisted|p1a: Great Tusk
|-damage|p1a: Great Tusk|97/100
|
|t:|1758248176
|switch|p2a: Zapdos|Zapdos, tera:Flying|3/100|[from] U-turn
|
|-weather|RainDance|[upkeep]
|upkeep
|turn|27
|
|t:|1758248183
|move|p2a: Zapdos|Hurricane|p1a: Great Tusk
|-supereffective|p1a: Great Tusk
|-damage|p1a: Great Tusk|0 fnt
|faint|p1a: Great Tusk
|-end|p1a: Great Tusk|Protosynthesis|[silent]
|
|-weather|RainDance|[upkeep]
|upkeep
|
|t:|1758248187
|switch|p1a: Samurott|Samurott-Hisui, M|43/100
|turn|28
|
|t:|1758248190
|switch|p2a: Pelipper|Pelipper, F|35/100
|switch|p1a: Hydrapple|Hydrapple, F|57/100 tox
|
|-weather|RainDance|[upkeep]
|-damage|p1a: Hydrapple|51/100 tox|[from] psn
|upkeep
|turn|29
|
|t:|1758248198
|move|p1a: Hydrapple|Giga Drain|p2a: Pelipper
|-damage|p2a: Pelipper|7/100
|-heal|p1a: Hydrapple|62/100 tox|[from] drain|[of] p2a: Pelipper
|move|p2a: Pelipper|Hurricane|p1a: Hydrapple
|-supereffective|p1a: Hydrapple
|-damage|p1a: Hydrapple|0 fnt
|faint|p1a: Hydrapple
|
|-weather|RainDance|[upkeep]
|upkeep
|
|t:|1758248200
|switch|p1a: Samurott|Samurott-Hisui, M|43/100
|turn|30
|
|t:|1758248205
|move|p1a: Samurott|Sucker Punch||[still]
|-fail|p1a: Samurott
|move|p2a: Pelipper|Roost|p2a: Pelipper
|-heal|p2a: Pelipper|57/100
|-singleturn|p2a: Pelipper|move: Roost
|
|-weather|RainDance|[upkeep]
|upkeep
|turn|31
|
|t:|1758248209
|move|p1a: Samurott|Ceaseless Edge|p2a: Pelipper
|-crit|p2a: Pelipper
|-damage|p2a: Pelipper|0 fnt
|-sidestart|p2: Gyltia|Spikes
|faint|p2a: Pelipper
|
|-weather|RainDance|[upkeep]
|upkeep
|
|t:|1758248213
|switch|p2a: Zapdos|Zapdos, tera:Flying|3/100
|turn|32
|
|t:|1758248217
|move|p1a: Samurott|Sucker Punch|p2a: Zapdos
|-damage|p2a: Zapdos|0 fnt
|faint|p2a: Zapdos
|
|win|IvanBeifong
|raw|IvanBeifong's rating: 1465 &rarr; <strong>1485</strong><br />(+20 for winning)
|raw|Gyltia's rating: 1461 &rarr; <strong>1441</strong><br />(-20 for losing)
|l|☆Gyltia
|player|p2|
|c|☆IvanBeifong|ggs
