|j|☆HD100827
|j|☆Kward17kw
|t:|1758260968
|gametype|singles
|player|p1|HD100827|unknown|1160
|player|p2|Kward17kw|170|1116
|gen|9
|tier|[Gen 9] OU
|rated|
|rule|HP Percentage Mod: HP is shown in percentages
|rule|Endless Battle Clause: Forcing endless battles is banned
|rule|Species Clause: Limit one of each Pokémon
|rule|OHKO Clause: OHKO moves are banned
|rule|Evasion Items Clause: Evasion items are banned
|rule|Evasion Moves Clause: Evasion moves are banned
|rule|Evasion Abilities Clause: Evasion abilities are banned
|rule|Sleep Moves Clause: Sleep-inducing moves are banned
|clearpoke
|poke|p1|Walking Wake|
|poke|p1|Great Tusk|
|poke|p1|Torkoal, M|
|poke|p1|Hatterene, F|
|poke|p1|Corviknight, M|
|poke|p1|Raging Bolt|
|poke|p2|Sableye, M|
|poke|p2|Cryogonal|
|poke|p2|Samurott-Hisui, F|
|poke|p2|Zapdos|
|poke|p2|Zarude|
|poke|p2|Blaziken, F|
|teampreview
|
|t:|1758260976
|teamsize|p1|6
|teamsize|p2|6
|start
|switch|p1a: Torkoal|Torkoal, M|100/100
|switch|p2a: Sableye|Sableye, M|100/100
|-weather|SunnyDay|[from] ability: Drought|[of] p1a: Torkoal
|turn|1
|inactive|Battle timer is ON: inactive players will automatically lose when time's up. (requested by Kward17kw)
|
|t:|1758260985
|move|p2a: Sableye|Thunder Wave|p1a: Torkoal
|-status|p1a: Torkoal|par
|move|p1a: Torkoal|Eruption|p2a: Sableye
|-enditem|p2a: Sableye|Focus Sash
|-damage|p2a: Sableye|1/100
|
|-weather|SunnyDay|[upkeep]
|upkeep
|turn|2
|
|t:|1758260995
|move|p2a: Sableye|Gravity|p2a: Sableye
|-fieldstart|move: Gravity
|cant|p1a: Torkoal|par
|
|-weather|SunnyDay|[upkeep]
|upkeep
|turn|3
|
|t:|1758261001
|switch|p2a: Samurott|Samurott-Hisui, F|100/100
|move|p1a: Torkoal|Rapid Spin|p2a: Samurott
|-damage|p2a: Samurott|86/100
|-boost|p1a: Torkoal|spe|1
|
|-weather|SunnyDay|[upkeep]
|upkeep
|turn|4
|
|t:|1758261013
|switch|p1a: Raging Bolt|Raging Bolt|100/100
|-activate|p1a: Raging Bolt|ability: Protosynthesis
|-start|p1a: Raging Bolt|protosynthesisspa
|move|p2a: Samurott|Aqua Cutter|p1a: Raging Bolt
|-resisted|p1a: Raging Bolt
|-damage|p1a: Raging Bolt|90/100
|
|-weather|SunnyDay|[upkeep]
|upkeep
|turn|5
|
|t:|1758261023
|switch|p2a: Cryogonal|Cryogonal|100/100
|move|p1a: Raging Bolt|Volt Switch|p2a: Cryogonal
|-damage|p2a: Cryogonal|68/100
|
|t:|1758261030
|-end|p1a: Raging Bolt|Protosynthesis|[silent]
|switch|p1a: Walking Wake|Walking Wake|100/100|[from] Volt Switch
|-activate|p1a: Walking Wake|ability: Protosynthesis
|-start|p1a: Walking Wake|protosynthesisspe
|
|-weather|SunnyDay|[upkeep]
|upkeep
|turn|6
|
|t:|1758261039
|-terastallize|p1a: Walking Wake|Water
|move|p1a: Walking Wake|Hydro Steam|p2a: Cryogonal
|-damage|p2a: Cryogonal|0 fnt
|faint|p2a: Cryogonal
|
|-weather|SunnyDay|[upkeep]
|-fieldend|move: Gravity
|upkeep
|
|t:|1758261048
|switch|p2a: Sableye|Sableye, M|1/100
|turn|7
|
|t:|1758261052
|move|p2a: Sableye|Thunder Wave|p1a: Walking Wake
|-status|p1a: Walking Wake|par
|cant|p1a: Walking Wake|par
|
|-weather|SunnyDay|[upkeep]
|upkeep
|turn|8
|
|t:|1758261060
|switch|p2a: Zarude|Zarude|100/100
|move|p1a: Walking Wake|Hydro Steam|p2a: Zarude
|-resisted|p2a: Zarude
|-damage|p2a: Zarude|35/100
|
|-weather|none
|-end|p1a: Walking Wake|Protosynthesis
|upkeep
|turn|9
|
|t:|1758261070
|-end|p1a: Walking Wake|Protosynthesis|[silent]
|switch|p1a: Torkoal|Torkoal, M|100/100 par
|-weather|SunnyDay|[from] ability: Drought|[of] p1a: Torkoal
|move|p2a: Zarude|Energy Ball|p1a: Torkoal
|-resisted|p1a: Torkoal
|-damage|p1a: Torkoal|80/100 par
|
|-weather|SunnyDay|[upkeep]
|upkeep
|turn|10
|
|t:|1758261079
|move|p2a: Zarude|Snarl|p1a: Torkoal
|-damage|p1a: Torkoal|54/100 par
|-unboost|p1a: Torkoal|spa|1
|-enditem|p2a: Zarude|Throat Spray
|-boost|p2a: Zarude|spa|1|[from] item: Throat Spray
|move|p1a: Torkoal|Eruption|p2a: Zarude
|-supereffective|p2a: Zarude
|-damage|p2a: Zarude|0 fnt
|faint|p2a: Zarude
|
|-weather|SunnyDay|[upkeep]
|upkeep
|
|t:|1758261092
|switch|p2a: Sableye|Sableye, M|1/100
|turn|11
|
|t:|1758261095
|move|p2a: Sableye|Gravity|p2a: Sableye
|-fieldstart|move: Gravity
|move|p1a: Torkoal|Rapid Spin|p2a: Sableye
|-immune|p2a: Sableye
|
|-weather|SunnyDay|[upkeep]
|upkeep
|turn|12
|
|t:|1758261104
|switch|p1a: Hatterene|Hatterene, F|100/100
|move|p2a: Sableye|Knock Off|p1a: Hatterene
|-damage|p1a: Hatterene|79/100
|-enditem|p1a: Hatterene|Heavy-Duty Boots|[from] move: Knock Off|[of] p2a: Sableye
|
|-weather|SunnyDay|[upkeep]
|upkeep
|turn|13
|
|t:|1758261114
|switch|p2a: Samurott|Samurott-Hisui, F|86/100
|move|p1a: Hatterene|Nuzzle|p2a: Samurott
|-supereffective|p2a: Samurott
|-damage|p2a: Samurott|76/100
|-status|p2a: Samurott|par
|
|-weather|SunnyDay|[upkeep]
|upkeep
|turn|14
|
|t:|1758261124
|cant|p2a: Samurott|par
|move|p1a: Hatterene|Healing Wish|p1a: Hatterene
|faint|p1a: Hatterene
|
|-weather|SunnyDay|[upkeep]
|upkeep
|
|t:|1758261127
|switch|p1a: Walking Wake|Walking Wake, tera:Water|100/100 par
|-heal|p1a: Walking Wake|100/100|[from] move: Healing Wish
|-activate|p1a: Walking Wake|ability: Protosynthesis
|-start|p1a: Walking Wake|protosynthesisspe
|turn|15
|
|t:|1758261139
|move|p1a: Walking Wake|Hydro Steam|p2a: Samurott
|-resisted|p2a: Samurott
|-damage|p2a: Samurott|0 fnt
|faint|p2a: Samurott
|
|-weather|SunnyDay|[upkeep]
|-fieldend|move: Gravity
|upkeep
|
|t:|1758261146
|switch|p2a: Sableye|Sableye, M|1/100
|turn|16
|
|t:|1758261151
|move|p2a: Sableye|Thunder Wave|p1a: Walking Wake
|-status|p1a: Walking Wake|par
|move|p1a: Walking Wake|Hydro Steam|p2a: Sableye
|-damage|p2a: Sableye|0 fnt
|faint|p2a: Sableye
|
|-weather|none
|-end|p1a: Walking Wake|Protosynthesis
|upkeep
|
|t:|1758261160
|switch|p2a: Zapdos|Zapdos|100/100
|turn|17
|
|t:|1758261164
|-end|p1a: Walking Wake|Protosynthesis|[silent]
|switch|p1a: Torkoal|Torkoal, M|54/100 par
|-weather|SunnyDay|[from] ability: Drought|[of] p1a: Torkoal
|move|p2a: Zapdos|Volt Switch|p1a: Torkoal
|-damage|p1a: Torkoal|5/100 par
|
|t:|1758261171
|switch|p2a: Blaziken|Blaziken, F|100/100|[from] Volt Switch
|
|-weather|SunnyDay|[upkeep]
|upkeep
|turn|18
|
|t:|1758261178
|move|p2a: Blaziken|Blaze Kick|p1a: Torkoal
|-resisted|p1a: Torkoal
|-damage|p1a: Torkoal|0 fnt
|faint|p1a: Torkoal
|
|-weather|SunnyDay|[upkeep]
|-ability|p2a: Blaziken|Speed Boost|boost
|-boost|p2a: Blaziken|spe|1
|upkeep
|
|t:|1758261181
|switch|p1a: Great Tusk|Great Tusk|100/100
|-activate|p1a: Great Tusk|ability: Protosynthesis
|-start|p1a: Great Tusk|protosynthesisatk
|turn|19
|
|t:|1758261201
|move|p2a: Blaziken|Close Combat|p1a: Great Tusk
|-damage|p1a: Great Tusk|51/100
|-unboost|p2a: Blaziken|def|1
|-unboost|p2a: Blaziken|spd|1
|move|p1a: Great Tusk|Headlong Rush|p2a: Blaziken
|-supereffective|p2a: Blaziken
|-enditem|p2a: Blaziken|Focus Sash
|-damage|p2a: Blaziken|1/100
|-unboost|p1a: Great Tusk|def|1
|-unboost|p1a: Great Tusk|spd|1
|
|-weather|SunnyDay|[upkeep]
|-heal|p1a: Great Tusk|57/100|[from] item: Leftovers
|-ability|p2a: Blaziken|Speed Boost|boost
|-boost|p2a: Blaziken|spe|1
|upkeep
|turn|20
|
|t:|1758261216
|move|p2a: Blaziken|Close Combat|p1a: Great Tusk
|-damage|p1a: Great Tusk|0 fnt
|-unboost|p2a: Blaziken|def|1
|-unboost|p2a: Blaziken|spd|1
|faint|p1a: Great Tusk
|-end|p1a: Great Tusk|Protosynthesis|[silent]
|
|-weather|SunnyDay|[upkeep]
|-ability|p2a: Blaziken|Speed Boost|boost
|-boost|p2a: Blaziken|spe|1
|upkeep
|
|t:|1758261221
|switch|p1a: Raging Bolt|Raging Bolt|90/100
|-activate|p1a: Raging Bolt|ability: Protosynthesis
|-start|p1a: Raging Bolt|protosynthesisspa
|turn|21
|
|t:|1758261230
|switch|p2a: Zapdos|Zapdos|100/100
|move|p1a: Raging Bolt|Thunderclap||[still]
|-fail|p1a: Raging Bolt
|
|-weather|SunnyDay|[upkeep]
|upkeep
|turn|22
|
|t:|1758261239
|move|p2a: Zapdos|Heat Wave|p1a: Raging Bolt
|-resisted|p1a: Raging Bolt
|-damage|p1a: Raging Bolt|75/100
|move|p1a: Raging Bolt|Draco Meteor|p2a: Zapdos
|-damage|p2a: Zapdos|0 fnt
|-unboost|p1a: Raging Bolt|spa|2
|faint|p2a: Zapdos
|
|-weather|SunnyDay|[upkeep]
|upkeep
|-message|Kward17kw forfeited.
|
|win|HD100827
|raw|HD100827's rating: 1160 &rarr; <strong>1182</strong><br />(+22 for winning)
|raw|Kward17kw's rating: 1116 &rarr; <strong>1094</strong><br />(-22 for losing)
|l|☆Kward17kw
|player|p2|
|l|☆HD100827
|player|p1|
