|j|☆Ayayalaptop
|j|☆niccommoc
|t:|1758293108
|gametype|singles
|player|p1|Ayayalaptop|266|1318
|player|p2|niccommoc|cyclist|1366
|gen|9
|tier|[Gen 9] OU
|rated|
|rule|HP Percentage Mod: HP is shown in percentages
|rule|Endless Battle Clause: Forcing endless battles is banned
|rule|Species Clause: Limit one of each Pokémon
|rule|OHKO Clause: OHKO moves are banned
|rule|Evasion Items Clause: Evasion items are banned
|rule|Evasion Moves Clause: Evasion moves are banned
|rule|Evasion Abilities Clause: Evasion abilities are banned
|rule|Sleep Moves Clause: Sleep-inducing moves are banned
|clearpoke
|poke|p1|Jirachi|
|poke|p1|Landorus-Therian, M|
|poke|p1|Glimmora, F|
|poke|p1|Incineroar, F|
|poke|p1|Ogerpon, F|
|poke|p1|Indeedee, M|
|poke|p2|Ninetales-Alola, F|
|poke|p2|Kyurem|
|poke|p2|Gliscor, M|
|poke|p2|Hatterene, F|
|poke|p2|Iron Moth|
|poke|p2|Scizor, M|
|teampreview
|inactive|Battle timer is ON: inactive players will automatically lose when time's up. (requested by Ayayalaptop)
|
|t:|1758293136
|teamsize|p1|6
|teamsize|p2|6
|start
|switch|p1a: Jirachi|Jirachi|100/100
|switch|p2a: Hatterene|Hatterene, F|100/100
|turn|1
|
|t:|1758293159
|-terastallize|p2a: Hatterene|Water
|move|p1a: Jirachi|Doom Desire|p2a: Hatterene
|-start|p1a: Jirachi|Doom Desire
|move|p2a: Hatterene|Calm Mind|p2a: Hatterene
|-boost|p2a: Hatterene|spa|1
|-boost|p2a: Hatterene|spd|1
|
|upkeep
|turn|2
|
|t:|1758293172
|switch|p1a: Indeedee|Indeedee, M|100/100
|-fieldstart|move: Psychic Terrain|[from] ability: Psychic Surge|[of] p1a: Indeedee
|move|p2a: Hatterene|Calm Mind|p2a: Hatterene
|-boost|p2a: Hatterene|spa|1
|-boost|p2a: Hatterene|spd|1
|
|upkeep
|turn|3
|
|t:|1758293181
|move|p1a: Indeedee|Trick|p2a: Hatterene
|-activate|p1a: Indeedee|move: Trick|[of] p2a: Hatterene
|-item|p2a: Hatterene|Choice Scarf|[from] move: Trick
|-item|p1a: Indeedee|Leftovers|[from] move: Trick
|move|p2a: Hatterene|Draining Kiss|p1a: Indeedee
|-damage|p1a: Indeedee|45/100
|
|-end|p2a: Hatterene|move: Doom Desire
|-resisted|p2a: Hatterene
|-damage|p2a: Hatterene|84/100
|-heal|p1a: Indeedee|51/100|[from] item: Leftovers
|upkeep
|turn|4
|
|t:|1758293188
|switch|p1a: Jirachi|Jirachi|100/100
|move|p2a: Hatterene|Draining Kiss|p1a: Jirachi
|-resisted|p1a: Jirachi
|-damage|p1a: Jirachi|80/100
|-heal|p2a: Hatterene|100/100|[from] drain|[of] p1a: Jirachi
|
|-heal|p1a: Jirachi|86/100|[from] item: Leftovers
|upkeep
|turn|5
|
|t:|1758293194
|move|p1a: Jirachi|Doom Desire|p2a: Hatterene
|-start|p1a: Jirachi|Doom Desire
|move|p2a: Hatterene|Draining Kiss|p1a: Jirachi
|-resisted|p1a: Jirachi
|-damage|p1a: Jirachi|68/100
|
|-heal|p1a: Jirachi|74/100|[from] item: Leftovers
|upkeep
|turn|6
|
|t:|1758293198
|move|p1a: Jirachi|Psychic Noise|p2a: Hatterene
|-damage|p2a: Hatterene|74/100
|-start|p2a: Hatterene|move: Heal Block
|cant|p2a: Hatterene|move: Heal Block|Draining Kiss
|
|-heal|p1a: Jirachi|80/100|[from] item: Leftovers
|-fieldend|move: Psychic Terrain
|upkeep
|turn|7
|
|t:|1758293210
|switch|p2a: Scizor|Scizor, M|100/100
|move|p1a: Jirachi|Stealth Rock|p2a: Scizor
|-sidestart|p2: niccommoc|move: Stealth Rock
|
|-end|p2a: Scizor|move: Doom Desire
|-resisted|p2a: Scizor
|-damage|p2a: Scizor|57/100
|-heal|p1a: Jirachi|86/100|[from] item: Leftovers
|upkeep
|turn|8
|
|t:|1758293222
|switch|p1a: Incineroar|Incineroar, F|100/100
|-ability|p1a: Incineroar|Intimidate|boost
|-unboost|p2a: Scizor|atk|1
|move|p2a: Scizor|Swords Dance|p2a: Scizor
|-boost|p2a: Scizor|atk|2
|
|upkeep
|turn|9
|
|t:|1758293248
|-terastallize|p1a: Incineroar|Ghost
|move|p2a: Scizor|Dual Wingbeat|p1a: Incineroar
|-damage|p1a: Incineroar|70/100
|-damage|p1a: Incineroar|37/100
|-hitcount|p1a: Incineroar|2
|-damage|p2a: Scizor|47/100|[from] item: Life Orb
|move|p1a: Incineroar|Flare Blitz|p2a: Scizor
|-supereffective|p2a: Scizor
|-damage|p2a: Scizor|0 fnt
|faint|p2a: Scizor
|-damage|p1a: Incineroar|25/100|[from] Recoil
|
|upkeep
|
|t:|1758293269
|switch|p2a: Ninetales|Ninetales-Alola, F|100/100
|-damage|p2a: Ninetales|76/100|[from] Stealth Rock
|-weather|Snowscape|[from] ability: Snow Warning|[of] p2a: Ninetales
|turn|10
|inactive|niccommoc has 120 seconds left.
|
|t:|1758293285
|move|p2a: Ninetales|Aurora Veil|p2a: Ninetales
|-sidestart|p2: niccommoc|move: Aurora Veil
|move|p1a: Incineroar|Parting Shot|p2a: Ninetales
|-unboost|p2a: Ninetales|atk|1
|-unboost|p2a: Ninetales|spa|1
|
|t:|1758293298
|switch|p1a: Jirachi|Jirachi|86/100|[from] Parting Shot
|
|-weather|Snowscape|[upkeep]
|-heal|p1a: Jirachi|92/100|[from] item: Leftovers
|upkeep
|turn|11
|
|t:|1758293308
|switch|p2a: Hatterene|Hatterene, F, tera:Water|74/100
|-damage|p2a: Hatterene|62/100|[from] Stealth Rock
|move|p1a: Jirachi|Doom Desire|p2a: Hatterene
|-start|p1a: Jirachi|Doom Desire
|
|-weather|Snowscape|[upkeep]
|-heal|p1a: Jirachi|99/100|[from] item: Leftovers
|upkeep
|turn|12
|inactive|niccommoc has 120 seconds left.
|
|t:|1758293327
|move|p1a: Jirachi|Wish|p1a: Jirachi
|move|p2a: Hatterene|Mystical Fire|p1a: Jirachi
|-supereffective|p1a: Jirachi
|-damage|p1a: Jirachi|64/100
|-unboost|p1a: Jirachi|spa|1
|
|-weather|Snowscape|[upkeep]
|-heal|p1a: Jirachi|70/100|[from] item: Leftovers
|upkeep
|turn|13
|
|t:|1758293332
|switch|p1a: Glimmora|Glimmora, F|100/100
|move|p2a: Hatterene|Mystical Fire|p1a: Glimmora
|-resisted|p1a: Glimmora
|-damage|p1a: Glimmora|89/100
|-unboost|p1a: Glimmora|spa|1
|
|-weather|Snowscape|[upkeep]
|-end|p2a: Hatterene|move: Doom Desire
|-resisted|p2a: Hatterene
|-damage|p2a: Hatterene|44/100
|-heal|p1a: Glimmora|100/100|[from] move: Wish|[wisher] Jirachi
|upkeep
|turn|14
|
|t:|1758293345
|move|p1a: Glimmora|Spikes|p2a: Hatterene
|move|p2a: Hatterene|Spikes|p1a: Glimmora|[from] ability: Magic Bounce
|-sidestart|p1: Ayayalaptop|Spikes
|move|p2a: Hatterene|Mystical Fire|p1a: Glimmora
|-resisted|p1a: Glimmora
|-crit|p1a: Glimmora
|-damage|p1a: Glimmora|82/100
|-unboost|p1a: Glimmora|spa|1
|
|-weather|none
|-heal|p1a: Glimmora|88/100|[from] item: Black Sludge
|upkeep
|turn|15
|
|t:|1758293352
|move|p1a: Glimmora|Mortal Spin|p2a: Hatterene
|-damage|p2a: Hatterene|42/100
|-status|p2a: Hatterene|psn
|-sideend|p1: Ayayalaptop|Spikes|[from] move: Mortal Spin|[of] p1a: Glimmora
|move|p2a: Hatterene|Mystical Fire|p1a: Glimmora
|-resisted|p1a: Glimmora
|-damage|p1a: Glimmora|75/100
|-unboost|p1a: Glimmora|spa|1
|
|-heal|p1a: Glimmora|82/100|[from] item: Black Sludge
|-damage|p2a: Hatterene|30/100 psn|[from] psn
|upkeep
|turn|16
|
|t:|1758293376
|move|p1a: Glimmora|Mortal Spin|p2a: Hatterene
|-damage|p2a: Hatterene|28/100 psn
|move|p2a: Hatterene|Mystical Fire|p1a: Glimmora
|-resisted|p1a: Glimmora
|-crit|p1a: Glimmora
|-damage|p1a: Glimmora|63/100
|-unboost|p1a: Glimmora|spa|1
|
|-heal|p1a: Glimmora|70/100|[from] item: Black Sludge
|-damage|p2a: Hatterene|15/100 psn|[from] psn
|upkeep
|turn|17
|
|t:|1758293381
|move|p1a: Glimmora|Spiky Shield|p1a: Glimmora
|-singleturn|p1a: Glimmora|move: Protect
|move|p2a: Hatterene|Mystical Fire|p1a: Glimmora
|-activate|p1a: Glimmora|move: Protect
|
|-heal|p1a: Glimmora|76/100|[from] item: Black Sludge
|-damage|p2a: Hatterene|3/100 psn|[from] psn
|-sideend|p2: niccommoc|move: Aurora Veil
|upkeep
|turn|18
|
|t:|1758293389
|move|p1a: Glimmora|Mortal Spin|p2a: Hatterene
|-damage|p2a: Hatterene|0 fnt
|faint|p2a: Hatterene
|
|-heal|p1a: Glimmora|82/100|[from] item: Black Sludge
|upkeep
|
|t:|1758293410
|switch|p2a: Iron Moth|Iron Moth|100/100
|-damage|p2a: Iron Moth|76/100|[from] Stealth Rock
|-enditem|p2a: Iron Moth|Booster Energy
|-activate|p2a: Iron Moth|ability: Quark Drive|[fromitem]
|-start|p2a: Iron Moth|quarkdrivespe
|turn|19
|
|t:|1758293430
|switch|p1a: Indeedee|Indeedee, M|51/100
|-fieldstart|move: Psychic Terrain|[from] ability: Psychic Surge|[of] p1a: Indeedee
|move|p2a: Iron Moth|Substitute|p2a: Iron Moth
|-start|p2a: Iron Moth|Substitute
|-damage|p2a: Iron Moth|51/100
|
|-heal|p1a: Indeedee|57/100|[from] item: Leftovers
|upkeep
|turn|20
|
|t:|1758293454
|switch|p1a: Glimmora|Glimmora, F|82/100
|move|p2a: Iron Moth|Sludge Wave|p1a: Glimmora
|-resisted|p1a: Glimmora
|-damage|p1a: Glimmora|69/100
|
|-heal|p1a: Glimmora|75/100|[from] item: Black Sludge
|upkeep
|turn|21
|
|t:|1758293461
|move|p2a: Iron Moth|Energy Ball|p1a: Glimmora
|-damage|p1a: Glimmora|43/100
|move|p1a: Glimmora|Power Gem|p2a: Iron Moth
|-supereffective|p2a: Iron Moth
|-end|p2a: Iron Moth|Substitute
|
|-heal|p1a: Glimmora|50/100|[from] item: Black Sludge
|upkeep
|turn|22
|
|t:|1758293474
|move|p2a: Iron Moth|Energy Ball|p1a: Glimmora
|-damage|p1a: Glimmora|17/100
|-unboost|p1a: Glimmora|spd|1
|move|p1a: Glimmora|Power Gem|p2a: Iron Moth
|-supereffective|p2a: Iron Moth
|-damage|p2a: Iron Moth|0 fnt
|faint|p2a: Iron Moth
|-end|p2a: Iron Moth|Quark Drive|[silent]
|
|-heal|p1a: Glimmora|23/100|[from] item: Black Sludge
|upkeep
|inactive|niccommoc has 120 seconds left.
|
|t:|1758293501
|switch|p2a: Kyurem|Kyurem|100/100
|-damage|p2a: Kyurem|76/100|[from] Stealth Rock
|-ability|p2a: Kyurem|Pressure
|turn|23
|
|t:|1758293507
|move|p2a: Kyurem|Dragon Dance|p2a: Kyurem
|-boost|p2a: Kyurem|atk|1
|-boost|p2a: Kyurem|spe|1
|move|p1a: Glimmora|Power Gem|p2a: Kyurem
|-supereffective|p2a: Kyurem
|-damage|p2a: Kyurem|15/100
|
|-heal|p1a: Glimmora|29/100|[from] item: Black Sludge
|-fieldend|move: Psychic Terrain
|upkeep
|turn|24
|
|t:|1758293521
|move|p1a: Glimmora|Spiky Shield|p1a: Glimmora
|-singleturn|p1a: Glimmora|move: Protect
|move|p2a: Kyurem|Scale Shot|p1a: Glimmora
|-activate|p1a: Glimmora|move: Protect
|
|-heal|p1a: Glimmora|36/100|[from] item: Black Sludge
|upkeep
|turn|25
|
|t:|1758293534
|switch|p1a: Landorus|Landorus-Therian, M|100/100
|-ability|p1a: Landorus|Intimidate|boost
|-unboost|p2a: Kyurem|atk|1
|move|p2a: Kyurem|Scale Shot|p1a: Landorus
|-damage|p1a: Landorus|84/100
|-damage|p1a: Landorus|66/100
|-damage|p1a: Landorus|48/100
|-damage|p1a: Landorus|32/100
|-hitcount|p1a: Landorus|4
|-unboost|p2a: Kyurem|def|1
|-boost|p2a: Kyurem|spe|1
|
|upkeep
|turn|26
|
|t:|1758293546
|switch|p1a: Incineroar|Incineroar, F, tera:Ghost|25/100
|-ability|p1a: Incineroar|Intimidate|boost
|-unboost|p2a: Kyurem|atk|1
|move|p2a: Kyurem|Scale Shot|p1a: Incineroar
|-damage|p1a: Incineroar|18/100
|-damage|p1a: Incineroar|11/100
|-damage|p1a: Incineroar|5/100
|-damage|p1a: Incineroar|0 fnt
|faint|p1a: Incineroar
|-hitcount|p1: Incineroar|4
|-unboost|p2a: Kyurem|def|1
|-boost|p2a: Kyurem|spe|1
|
|upkeep
|
|t:|1758293555
|switch|p1a: Jirachi|Jirachi|70/100
|turn|27
|
|t:|1758293565
|move|p2a: Kyurem|Icicle Spear|p1a: Jirachi
|-resisted|p1a: Jirachi
|-damage|p1a: Jirachi|66/100
|-resisted|p1a: Jirachi
|-damage|p1a: Jirachi|62/100
|-resisted|p1a: Jirachi
|-damage|p1a: Jirachi|57/100
|-resisted|p1a: Jirachi
|-damage|p1a: Jirachi|53/100
|-resisted|p1a: Jirachi
|-damage|p1a: Jirachi|49/100
|-hitcount|p1a: Jirachi|5
|move|p1a: Jirachi|Psychic Noise|p2a: Kyurem
|-crit|p2a: Kyurem
|-damage|p2a: Kyurem|0 fnt
|faint|p2a: Kyurem
|
|-heal|p1a: Jirachi|55/100|[from] item: Leftovers
|upkeep
|
|t:|1758293574
|switch|p2a: Ninetales|Ninetales-Alola, F|76/100
|-damage|p2a: Ninetales|51/100|[from] Stealth Rock
|-weather|Snowscape|[from] ability: Snow Warning|[of] p2a: Ninetales
|turn|28
|
|t:|1758293581
|move|p2a: Ninetales|Aurora Veil|p2a: Ninetales
|-sidestart|p2: niccommoc|move: Aurora Veil
|move|p1a: Jirachi|Wish|p1a: Jirachi
|
|-weather|Snowscape|[upkeep]
|-heal|p1a: Jirachi|61/100|[from] item: Leftovers
|upkeep
|turn|29
|
|t:|1758293585
|move|p2a: Ninetales|Encore|p1a: Jirachi
|-start|p1a: Jirachi|Encore
|move|p1a: Jirachi|Wish||[still]
|-fail|p1a: Jirachi
|
|-weather|Snowscape|[upkeep]
|-heal|p1a: Jirachi|100/100|[from] move: Wish|[wisher] Jirachi
|upkeep
|turn|30
|
|t:|1758293589
|switch|p2a: Gliscor|Gliscor, M|100/100
|-damage|p2a: Gliscor|88/100|[from] Stealth Rock
|move|p1a: Jirachi|Wish|p1a: Jirachi
|
|-weather|Snowscape|[upkeep]
|-status|p2a: Gliscor|tox|[from] item: Toxic Orb
|upkeep
|turn|31
|
|t:|1758293604
|switch|p1a: Ogerpon|Ogerpon, F|100/100
|move|p2a: Gliscor|Agility|p2a: Gliscor
|-boost|p2a: Gliscor|spe|2
|
|-weather|Snowscape|[upkeep]
|-heal|p2a: Gliscor|100/100 tox|[from] ability: Poison Heal
|upkeep
|turn|32
|
|t:|1758293613
|move|p2a: Gliscor|Swords Dance|p2a: Gliscor
|-boost|p2a: Gliscor|atk|2
|move|p1a: Ogerpon|Encore|p2a: Gliscor
|-start|p2a: Gliscor|Encore
|
|-weather|none
|upkeep
|turn|33
|
|t:|1758293625
|move|p2a: Gliscor|Swords Dance|p2a: Gliscor
|-boost|p2a: Gliscor|atk|2
|move|p1a: Ogerpon|U-turn|p2a: Gliscor
|-resisted|p2a: Gliscor
|-damage|p2a: Gliscor|96/100 tox
|
|t:|1758293632
|switch|p1a: Jirachi|Jirachi|100/100|[from] U-turn
|
|-heal|p2a: Gliscor|100/100 tox|[from] ability: Poison Heal
|upkeep
|turn|34
|
|t:|1758293635
|move|p2a: Gliscor|Swords Dance|p2a: Gliscor
|-boost|p2a: Gliscor|atk|2
|move|p1a: Jirachi|Doom Desire|p2a: Gliscor
|-start|p1a: Jirachi|Doom Desire
|
|upkeep
|turn|35
|
|t:|1758293638
|move|p2a: Gliscor|Swords Dance|p2a: Gliscor
|-boost|p2a: Gliscor|atk|0
|move|p1a: Jirachi|Psychic Noise|p2a: Gliscor
|-damage|p2a: Gliscor|78/100 tox
|-start|p2a: Gliscor|move: Heal Block
|
|-end|p2a: Gliscor|Encore
|-sideend|p2: niccommoc|move: Aurora Veil
|upkeep
|turn|36
|
|t:|1758293652
|move|p2a: Gliscor|Facade|p1a: Jirachi
|-resisted|p1a: Jirachi
|-damage|p1a: Jirachi|35/100
|move|p1a: Jirachi|Psychic Noise|p2a: Gliscor
|-damage|p2a: Gliscor|37/100 tox
|
|-end|p2a: Gliscor|move: Doom Desire
|-damage|p2a: Gliscor|0 fnt
|faint|p2a: Gliscor
|-heal|p1a: Jirachi|42/100|[from] item: Leftovers
|upkeep
|-message|niccommoc forfeited.
|
|win|Ayayalaptop
|raw|Ayayalaptop's rating: 1318 &rarr; <strong>1341</strong><br />(+23 for winning)
|raw|niccommoc's rating: 1366 &rarr; <strong>1343</strong><br />(-23 for losing)
|l|☆niccommoc
|player|p2|
|l|☆Ayayalaptop
|player|p1|
