|j|☆Yothas
|j|☆itrollubitch
|t:|1758308000
|gametype|singles
|player|p1|Yothas|2|1266
|player|p2|itrollubitch|102|1226
|gen|9
|tier|[Gen 9] OU
|rated|
|rule|HP Percentage Mod: HP is shown in percentages
|rule|Endless Battle Clause: Forcing endless battles is banned
|rule|Species Clause: Limit one of each Pokémon
|rule|OHKO Clause: OHKO moves are banned
|rule|Evasion Items Clause: Evasion items are banned
|rule|Evasion Moves Clause: Evasion moves are banned
|rule|Evasion Abilities Clause: Evasion abilities are banned
|rule|Sleep Moves Clause: Sleep-inducing moves are banned
|clearpoke
|poke|p1|Slaking, M|
|poke|p1|Clodsire, M|
|poke|p1|Clefable, F|
|poke|p1|Medicham, F|
|poke|p1|Landorus-Therian, M|
|poke|p1|Blastoise, F|
|poke|p2|Garchomp, M|
|poke|p2|Iron Valiant|
|poke|p2|Kingambit, F|
|poke|p2|Dragapult, M|
|poke|p2|Dragonite, M|
|poke|p2|Great Tusk|
|teampreview
|inactive|Battle timer is ON: inactive players will automatically lose when time's up. (requested by Yothas)
|
|t:|1758308037
|teamsize|p1|6
|teamsize|p2|6
|start
|switch|p1a: Slaking|Slaking, M|100/100
|switch|p2a: Garchomp|Garchomp, M|100/100
|turn|1
|
|t:|1758308043
|move|p2a: Garchomp|Stealth Rock|p1a: Slaking
|-sidestart|p1: Yothas|move: Stealth Rock
|move|p1a: Slaking|Giga Impact|p2a: Garchomp
|-enditem|p2a: Garchomp|Focus Sash
|-damage|p2a: Garchomp|1/100
|-mustrecharge|p1a: Slaking
|-damage|p1a: Slaking|88/100|[from] ability: Rough Skin|[of] p2a: Garchomp
|
|upkeep
|turn|2
|
|t:|1758308058
|move|p2a: Garchomp|Spikes|p1a: Slaking
|-sidestart|p1: Yothas|Spikes
|cant|p1a: Slaking|recharge
|
|upkeep
|turn|3
|
|t:|1758308065
|switch|p1a: Blastoise|Blastoise, F, shiny|100/100
|-damage|p1a: Blastoise|88/100|[from] Stealth Rock
|-damage|p1a: Blastoise|76/100|[from] Spikes
|move|p2a: Garchomp|Dragon Tail|p1a: Blastoise
|-damage|p1a: Blastoise|53/100
|drag|p1a: Clodsire|Clodsire, M|100/100
|-damage|p1a: Clodsire|94/100|[from] Stealth Rock
|-damage|p1a: Clodsire|82/100|[from] Spikes
|
|-heal|p1a: Clodsire|88/100|[from] item: Leftovers
|upkeep
|turn|4
|
|t:|1758308080
|switch|p1a: Landorus|Landorus-Therian, M|100/100
|-damage|p1a: Landorus|88/100|[from] Stealth Rock
|-ability|p1a: Landorus|Intimidate|boost
|-unboost|p2a: Garchomp|atk|1
|move|p2a: Garchomp|Spikes|p1a: Landorus
|-sidestart|p1: Yothas|Spikes
|
|upkeep
|turn|5
|
|t:|1758308085
|switch|p1a: Clodsire|Clodsire, M|88/100
|-damage|p1a: Clodsire|82/100|[from] Stealth Rock
|-damage|p1a: Clodsire|65/100|[from] Spikes
|move|p2a: Garchomp|Dragon Tail|p1a: Clodsire
|-damage|p1a: Clodsire|30/100
|drag|p1a: Landorus|Landorus-Therian, M|88/100
|-damage|p1a: Landorus|75/100|[from] Stealth Rock
|-ability|p1a: Landorus|Intimidate|boost
|-unboost|p2a: Garchomp|atk|1
|
|upkeep
|turn|6
|
|t:|1758308097
|move|p1a: Landorus|Earth Power|p2a: Garchomp
|-damage|p2a: Garchomp|0 fnt
|faint|p2a: Garchomp
|-damage|p1a: Landorus|65/100|[from] item: Life Orb
|
|upkeep
|inactive|itrollubitch has 120 seconds left.
|
|t:|1758308125
|switch|p2a: Dragapult|Dragapult, M|100/100
|turn|7
|
|t:|1758308138
|switch|p1a: Clodsire|Clodsire, M|30/100
|-damage|p1a: Clodsire|24/100|[from] Stealth Rock
|-damage|p1a: Clodsire|7/100|[from] Spikes
|move|p2a: Dragapult|Shadow Ball|p1a: Clodsire
|-damage|p1a: Clodsire|0 fnt
|faint|p1a: Clodsire
|
|upkeep
|
|t:|1758308147
|switch|p1a: Slaking|Slaking, M|88/100
|-damage|p1a: Slaking|76/100|[from] Stealth Rock
|-damage|p1a: Slaking|59/100|[from] Spikes
|turn|8
|inactive|itrollubitch has 120 seconds left.
|
|t:|1758308169
|switch|p2a: Great Tusk|Great Tusk|100/100
|move|p1a: Slaking|Play Rough|p2a: Great Tusk
|-supereffective|p2a: Great Tusk
|-damage|p2a: Great Tusk|26/100
|
|upkeep
|turn|9
|inactive|itrollubitch has 120 seconds left.
|
|t:|1758308185
|switch|p1a: Landorus|Landorus-Therian, M|65/100
|-damage|p1a: Landorus|53/100|[from] Stealth Rock
|-ability|p1a: Landorus|Intimidate|boost
|-unboost|p2a: Great Tusk|atk|1
|move|p2a: Great Tusk|Close Combat|p1a: Landorus
|-resisted|p1a: Landorus
|-damage|p1a: Landorus|30/100
|-unboost|p2a: Great Tusk|def|1
|-unboost|p2a: Great Tusk|spd|1
|
|upkeep
|turn|10
|inactive|itrollubitch has 120 seconds left.
|
|t:|1758308201
|-end|p2a: Great Tusk|Protosynthesis|[silent]
|switch|p2a: Dragonite|Dragonite, M|100/100
|move|p1a: Landorus|Psychic|p2a: Dragonite
|-damage|p2a: Dragonite|83/100
|-damage|p1a: Landorus|20/100|[from] item: Life Orb
|
|upkeep
|turn|11
|inactive|itrollubitch has 120 seconds left.
|
|t:|1758308208
|switch|p1a: Clefable|Clefable, F|100/100
|-damage|p1a: Clefable|88/100|[from] Stealth Rock
|-damage|p1a: Clefable|72/100|[from] Spikes
|move|p2a: Dragonite|Extreme Speed|p1a: Clefable
|-damage|p1a: Clefable|47/100
|
|-heal|p1a: Clefable|53/100|[from] item: Leftovers
|upkeep
|turn|12
|
|t:|1758308219
|-terastallize|p2a: Dragonite|Normal
|move|p2a: Dragonite|Dragon Dance|p2a: Dragonite
|-boost|p2a: Dragonite|atk|1
|-boost|p2a: Dragonite|spe|1
|move|p1a: Clefable|Thunder Wave|p2a: Dragonite
|-status|p2a: Dragonite|par
|
|-heal|p1a: Clefable|59/100|[from] item: Leftovers
|upkeep
|turn|13
|
|t:|1758308227
|move|p2a: Dragonite|Extreme Speed|p1a: Clefable
|-damage|p1a: Clefable|22/100
|move|p1a: Clefable|Stealth Rock|p2a: Dragonite
|-sidestart|p2: itrollubitch|move: Stealth Rock
|
|-heal|p1a: Clefable|28/100|[from] item: Leftovers
|upkeep
|turn|14
|
|t:|1758308233
|-terastallize|p1a: Clefable|Steel
|move|p2a: Dragonite|Extreme Speed|p1a: Clefable
|-resisted|p1a: Clefable
|-damage|p1a: Clefable|10/100
|move|p1a: Clefable|Moonlight|p1a: Clefable
|-heal|p1a: Clefable|60/100
|
|-heal|p1a: Clefable|66/100|[from] item: Leftovers
|upkeep
|turn|15
|
|t:|1758308244
|cant|p2a: Dragonite|par
|move|p1a: Clefable|Moonlight|p1a: Clefable
|-heal|p1a: Clefable|100/100
|
|upkeep
|turn|16
|
|t:|1758308249
|move|p2a: Dragonite|Fire Punch|p1a: Clefable
|-supereffective|p1a: Clefable
|-crit|p1a: Clefable
|-damage|p1a: Clefable|37/100
|move|p1a: Clefable|Moonblast|p2a: Dragonite
|-damage|p2a: Dragonite|52/100 par
|
|-heal|p1a: Clefable|43/100|[from] item: Leftovers
|upkeep
|turn|17
|
|t:|1758308254
|move|p2a: Dragonite|Dragon Dance|p2a: Dragonite
|-boost|p2a: Dragonite|atk|1
|-boost|p2a: Dragonite|spe|1
|move|p1a: Clefable|Moonlight|p1a: Clefable
|-heal|p1a: Clefable|93/100
|
|-heal|p1a: Clefable|99/100|[from] item: Leftovers
|upkeep
|turn|18
|l|☆Yothas
|inactive|Yothas disconnected and has a minute to reconnect!
|player|p1|
|inactive|Yothas has 30 seconds to reconnect!
|j|☆Yothas
|inactive|Yothas reconnected and has 115 seconds left.
|player|p1|Yothas|2|
|
|t:|1758308293
|cant|p2a: Dragonite|par
|move|p1a: Clefable|Moonblast|p2a: Dragonite
|-damage|p2a: Dragonite|20/100 par
|
|-heal|p1a: Clefable|100/100|[from] item: Leftovers
|upkeep
|turn|19
|
|t:|1758308298
|cant|p2a: Dragonite|par
|move|p1a: Clefable|Moonblast|p2a: Dragonite
|-damage|p2a: Dragonite|0 fnt
|faint|p2a: Dragonite
|
|upkeep
|
|t:|1758308304
|switch|p2a: Great Tusk|Great Tusk|26/100
|-damage|p2a: Great Tusk|23/100|[from] Stealth Rock
|turn|20
|
|t:|1758308312
|move|p2a: Great Tusk|Headlong Rush|p1a: Clefable
|-supereffective|p1a: Clefable
|-damage|p1a: Clefable|0 fnt
|-unboost|p2a: Great Tusk|def|1
|-unboost|p2a: Great Tusk|spd|1
|faint|p1a: Clefable
|
|upkeep
|
|t:|1758308316
|switch|p1a: Landorus|Landorus-Therian, M|20/100
|-damage|p1a: Landorus|7/100|[from] Stealth Rock
|-ability|p1a: Landorus|Intimidate|boost
|-unboost|p2a: Great Tusk|atk|1
|turn|21
|
|t:|1758308324
|move|p2a: Great Tusk|Headlong Rush|p1a: Landorus
|-immune|p1a: Landorus
|move|p1a: Landorus|Earth Power|p2a: Great Tusk
|-damage|p2a: Great Tusk|0 fnt
|faint|p2a: Great Tusk
|-end|p2a: Great Tusk|Protosynthesis|[silent]
|-damage|p1a: Landorus|0 fnt|[from] item: Life Orb
|faint|p1a: Landorus
|
|upkeep
|inactive|itrollubitch has 120 seconds left.
|
|t:|1758308359
|switch|p1a: Medicham|Medicham, F, shiny|100/100
|switch|p2a: Dragapult|Dragapult, M|100/100
|-damage|p1a: Medicham|94/100|[from] Stealth Rock
|-damage|p1a: Medicham|78/100|[from] Spikes
|-damage|p2a: Dragapult|88/100|[from] Stealth Rock
|turn|22
|
|t:|1758308366
|move|p1a: Medicham|Ice Punch|p2a: Dragapult
|-supereffective|p2a: Dragapult
|-damage|p2a: Dragapult|0 fnt
|faint|p2a: Dragapult
|
|upkeep
|
|t:|1758308372
|switch|p2a: Kingambit|Kingambit, F|100/100
|-damage|p2a: Kingambit|94/100|[from] Stealth Rock
|-activate|p2a: Kingambit|ability: Supreme Overlord
|-start|p2a: Kingambit|fallen4|[silent]
|turn|23
|
|t:|1758308376
|switch|p1a: Blastoise|Blastoise, F, shiny|53/100
|-damage|p1a: Blastoise|40/100|[from] Stealth Rock
|-damage|p1a: Blastoise|24/100|[from] Spikes
|move|p2a: Kingambit|Sucker Punch||[still]
|-fail|p2a: Kingambit
|
|-heal|p1a: Blastoise|30/100|[from] item: Leftovers
|upkeep
|turn|24
|
|t:|1758308384
|move|p1a: Blastoise|Rapid Spin|p2a: Kingambit
|-resisted|p2a: Kingambit
|-damage|p2a: Kingambit|91/100
|-boost|p1a: Blastoise|spe|1
|-sideend|p1: Yothas|Spikes|[from] move: Rapid Spin|[of] p1a: Blastoise
|-sideend|p1: Yothas|Stealth Rock|[from] move: Rapid Spin|[of] p1a: Blastoise
|move|p2a: Kingambit|Kowtow Cleave|p1a: Blastoise
|-damage|p1a: Blastoise|0 fnt
|faint|p1a: Blastoise
|
|upkeep
|
|t:|1758308387
|switch|p1a: Slaking|Slaking, M|59/100
|turn|25
|
|t:|1758308397
|move|p2a: Kingambit|Sucker Punch|p1a: Slaking
|-damage|p1a: Slaking|1/100
|move|p1a: Slaking|Earthquake|p2a: Kingambit
|-supereffective|p2a: Kingambit
|-crit|p2a: Kingambit
|-damage|p2a: Kingambit|0 fnt
|faint|p2a: Kingambit
|-end|p2a: Kingambit|fallen4|[silent]
|
|upkeep
|
|t:|1758308401
|switch|p2a: Iron Valiant|Iron Valiant|100/100
|-damage|p2a: Iron Valiant|94/100|[from] Stealth Rock
|-enditem|p2a: Iron Valiant|Booster Energy
|-activate|p2a: Iron Valiant|ability: Quark Drive|[fromitem]
|-start|p2a: Iron Valiant|quarkdrivespe
|turn|26
|
|t:|1758308408
|move|p2a: Iron Valiant|Knock Off|p1a: Slaking
|-damage|p1a: Slaking|0 fnt
|-enditem|p1a: Slaking|Choice Band|[from] move: Knock Off|[of] p2a: Iron Valiant
|faint|p1a: Slaking
|
|upkeep
|
|t:|1758308411
|switch|p1a: Medicham|Medicham, F, shiny|78/100
|turn|27
|
|t:|1758308415
|move|p2a: Iron Valiant|Knock Off|p1a: Medicham
|-damage|p1a: Medicham|24/100
|-enditem|p1a: Medicham|Choice Scarf|[from] move: Knock Off|[of] p2a: Iron Valiant
|move|p1a: Medicham|Psycho Cut|p2a: Iron Valiant
|-supereffective|p2a: Iron Valiant
|-damage|p2a: Iron Valiant|0 fnt
|faint|p2a: Iron Valiant
|-end|p2a: Iron Valiant|Quark Drive|[silent]
|
|win|Yothas
|raw|Yothas's rating: 1266 &rarr; <strong>1288</strong><br />(+22 for winning)
|raw|itrollubitch's rating: 1226 &rarr; <strong>1204</strong><br />(-22 for losing)
|l|☆itrollubitch
|player|p2|
|l|☆Yothas
|player|p1|
