|j|☆SamiFawad
|j|☆Blank_Playe_pract
|t:|1758358878
|gametype|singles
|player|p1|SamiFawad|101|1663
|player|p2|Blank_Playe_pract|169|1683
|gen|9
|tier|[Gen 9] OU
|rated|
|rule|HP Percentage Mod: HP is shown in percentages
|rule|Endless Battle Clause: Forcing endless battles is banned
|rule|Species Clause: Limit one of each Pokémon
|rule|OHKO Clause: OHKO moves are banned
|rule|Evasion Items Clause: Evasion items are banned
|rule|Evasion Moves Clause: Evasion moves are banned
|rule|Evasion Abilities Clause: Evasion abilities are banned
|rule|Sleep Moves Clause: Sleep-inducing moves are banned
|clearpoke
|poke|p1|Slowking-Galar, F|
|poke|p1|Samurott-Hisui, F|
|poke|p1|Lokix, F|
|poke|p1|Pecharunt|
|poke|p1|Ogerpon-Cornerstone, F|
|poke|p1|Great Tusk|
|poke|p2|Iron Valiant|
|poke|p2|Keldeo-Resolute|
|poke|p2|Iron Treads|
|poke|p2|Moltres|
|poke|p2|Sinistcha|
|poke|p2|Slowking-Galar, F|
|teampreview
|inactive|Battle timer is ON: inactive players will automatically lose when time's up. (requested by Blank_Playe_pract)
|
|t:|1758358887
|teamsize|p1|6
|teamsize|p2|6
|start
|switch|p1a: Lokix|Lokix, F|100/100
|switch|p2a: Iron Valiant|Iron Valiant|100/100
|-enditem|p2a: Iron Valiant|Booster Energy
|-activate|p2a: Iron Valiant|ability: Quark Drive|[fromitem]
|-start|p2a: Iron Valiant|quarkdrivespe
|turn|1
|
|t:|1758358897
|switch|p1a: Pecharunt|Pecharunt|100/100
|move|p2a: Iron Valiant|Moonblast|p1a: Pecharunt
|-resisted|p1a: Pecharunt
|-damage|p1a: Pecharunt|81/100
|
|upkeep
|turn|2
|
|t:|1758358905
|-end|p2a: Iron Valiant|Quark Drive|[silent]
|switch|p2a: Slowking|Slowking-Galar, F|100/100
|move|p1a: Pecharunt|Shadow Ball|p2a: Slowking
|-supereffective|p2a: Slowking
|-damage|p2a: Slowking|59/100
|
|upkeep
|turn|3
|
|t:|1758358928
|move|p1a: Pecharunt|Shadow Ball|p2a: Slowking
|-supereffective|p2a: Slowking
|-damage|p2a: Slowking|13/100
|move|p2a: Slowking|Thunder Wave|p1a: Pecharunt
|-status|p1a: Pecharunt|par
|
|upkeep
|turn|4
|
|t:|1758358931
|switch|p2a: Iron Treads|Iron Treads|100/100
|cant|p1a: Pecharunt|par
|
|upkeep
|turn|5
|
|t:|1758358936
|switch|p1a: Samurott|Samurott-Hisui, F|100/100
|move|p2a: Iron Treads|Stealth Rock|p1a: Samurott
|-sidestart|p1: SamiFawad|move: Stealth Rock
|
|upkeep
|turn|6
|
|t:|1758358941
|-end|p2a: Iron Treads|Quark Drive|[silent]
|switch|p2a: Keldeo|Keldeo-Resolute|100/100
|move|p1a: Samurott|Ceaseless Edge|p2a: Keldeo|[miss]
|-miss|p1a: Samurott|p2a: Keldeo
|
|upkeep
|turn|7
|
|t:|1758358947
|switch|p1a: Slowking|Slowking-Galar, F|100/100
|-damage|p1a: Slowking|88/100|[from] Stealth Rock
|move|p2a: Keldeo|Flip Turn|p1a: Slowking
|-damage|p1a: Slowking|73/100
|
|t:|1758358951
|switch|p2a: Iron Valiant|Iron Valiant|100/100|[from] Flip Turn
|
|upkeep
|turn|8
|
|t:|1758358956
|switch|p1a: Pecharunt|Pecharunt|81/100 par
|-damage|p1a: Pecharunt|69/100 par|[from] Stealth Rock
|-terastallize|p2a: Iron Valiant|Dark
|move|p2a: Iron Valiant|Knock Off|p1a: Pecharunt
|-supereffective|p1a: Pecharunt
|-damage|p1a: Pecharunt|5/100 par
|-damage|p2a: Iron Valiant|84/100|[from] item: Rocky Helmet|[of] p1a: Pecharunt
|-enditem|p1a: Pecharunt|Rocky Helmet|[from] move: Knock Off|[of] p2a: Iron Valiant
|
|upkeep
|turn|9
|
|t:|1758358964
|move|p2a: Iron Valiant|Moonblast|p1a: Pecharunt
|-resisted|p1a: Pecharunt
|-damage|p1a: Pecharunt|0 fnt
|faint|p1a: Pecharunt
|
|upkeep
|
|t:|1758358965
|switch|p1a: Samurott|Samurott-Hisui, F|100/100
|-damage|p1a: Samurott|88/100|[from] Stealth Rock
|turn|10
|
|t:|1758358988
|-end|p2a: Iron Valiant|Quark Drive|[silent]
|switch|p2a: Keldeo|Keldeo-Resolute|100/100
|-terastallize|p1a: Samurott|Water
|move|p1a: Samurott|Sacred Sword|p2a: Keldeo
|-damage|p2a: Keldeo|46/100
|
|upkeep
|turn|11
|
|t:|1758358992
|switch|p2a: Sinistcha|Sinistcha|100/100
|switch|p1a: Slowking|Slowking-Galar, F|100/100
|-damage|p1a: Slowking|88/100|[from] Stealth Rock
|
|upkeep
|turn|12
|
|t:|1758358995
|switch|p2a: Iron Treads|Iron Treads|100/100
|move|p1a: Slowking|Ice Beam|p2a: Iron Treads
|-damage|p2a: Iron Treads|77/100
|
|-heal|p2a: Iron Treads|84/100|[from] item: Leftovers
|upkeep
|turn|13
|
|t:|1758359005
|switch|p1a: Great Tusk|Great Tusk|100/100
|-damage|p1a: Great Tusk|98/100|[from] Stealth Rock
|move|p2a: Iron Treads|Earthquake|p1a: Great Tusk
|-damage|p1a: Great Tusk|81/100
|
|-heal|p2a: Iron Treads|90/100|[from] item: Leftovers
|upkeep
|turn|14
|
|t:|1758359009
|-end|p2a: Iron Treads|Quark Drive|[silent]
|switch|p2a: Moltres|Moltres|100/100
|move|p1a: Great Tusk|Stealth Rock|p2a: Moltres
|-sidestart|p2: Blank_Playe_pract|move: Stealth Rock
|
|upkeep
|turn|15
|
|t:|1758359013
|move|p2a: Moltres|Flamethrower|p1a: Great Tusk
|-damage|p1a: Great Tusk|32/100
|move|p1a: Great Tusk|Rapid Spin|p2a: Moltres
|-damage|p2a: Moltres|90/100
|-boost|p1a: Great Tusk|spe|1
|-sideend|p1: SamiFawad|Stealth Rock|[from] move: Rapid Spin|[of] p1a: Great Tusk
|
|upkeep
|turn|16
|
|t:|1758359017
|move|p1a: Great Tusk|Knock Off|p2a: Moltres
|-damage|p2a: Moltres|69/100
|-enditem|p2a: Moltres|Heavy-Duty Boots|[from] move: Knock Off|[of] p1a: Great Tusk
|move|p2a: Moltres|Flamethrower|p1a: Great Tusk
|-damage|p1a: Great Tusk|0 fnt
|faint|p1a: Great Tusk
|-end|p1a: Great Tusk|Protosynthesis|[silent]
|
|upkeep
|
|t:|1758359019
|switch|p1a: Ogerpon|Ogerpon-Cornerstone, F|100/100
|turn|17
|
|t:|1758359025
|switch|p2a: Sinistcha|Sinistcha|100/100
|-damage|p2a: Sinistcha|88/100|[from] Stealth Rock
|move|p1a: Ogerpon|Ivy Cudgel|p2a: Sinistcha|[anim] Ivy Cudgel Rock
|-damage|p2a: Sinistcha|50/100
|
|-heal|p2a: Sinistcha|57/100|[from] item: Leftovers
|upkeep
|turn|18
|
|t:|1758359037
|switch|p1a: Samurott|Samurott-Hisui, F, tera:Water|88/100
|move|p2a: Sinistcha|Strength Sap|p1a: Samurott
|-unboost|p1a: Samurott|atk|1
|-heal|p2a: Sinistcha|100/100
|
|upkeep
|turn|19
|
|t:|1758359043
|move|p1a: Samurott|Ceaseless Edge|p2a: Sinistcha
|-supereffective|p2a: Sinistcha
|-damage|p2a: Sinistcha|55/100
|-sidestart|p2: Blank_Playe_pract|Spikes
|move|p2a: Sinistcha|Matcha Gotcha|p1a: Samurott
|-supereffective|p1a: Samurott
|-damage|p1a: Samurott|21/100
|-heal|p2a: Sinistcha|87/100|[from] drain|[of] p1a: Samurott
|
|-heal|p2a: Sinistcha|93/100|[from] item: Leftovers
|upkeep
|turn|20
|
|t:|1758359055
|switch|p1a: Lokix|Lokix, F|100/100
|switch|p2a: Iron Treads|Iron Treads|90/100
|-damage|p2a: Iron Treads|87/100|[from] Stealth Rock
|-damage|p2a: Iron Treads|74/100|[from] Spikes
|
|-heal|p2a: Iron Treads|80/100|[from] item: Leftovers
|upkeep
|turn|21
|
|t:|1758359062
|move|p1a: Lokix|Knock Off|p2a: Iron Treads
|-damage|p2a: Iron Treads|47/100
|-enditem|p2a: Iron Treads|Leftovers|[from] move: Knock Off|[of] p1a: Lokix
|move|p2a: Iron Treads|Rapid Spin|p1a: Lokix
|-damage|p1a: Lokix|82/100
|-boost|p2a: Iron Treads|spe|1
|-sideend|p2: Blank_Playe_pract|Spikes|[from] move: Rapid Spin|[of] p2a: Iron Treads
|-sideend|p2: Blank_Playe_pract|Stealth Rock|[from] move: Rapid Spin|[of] p2a: Iron Treads
|
|upkeep
|turn|22
|
|t:|1758359067
|move|p2a: Iron Treads|Stealth Rock|p1a: Lokix
|-sidestart|p1: SamiFawad|move: Stealth Rock
|move|p1a: Lokix|U-turn|p2a: Iron Treads
|-resisted|p2a: Iron Treads
|-damage|p2a: Iron Treads|23/100
|
|t:|1758359073
|switch|p1a: Ogerpon|Ogerpon-Cornerstone, F|100/100|[from] U-turn
|-damage|p1a: Ogerpon|88/100|[from] Stealth Rock
|
|upkeep
|turn|23
|
|t:|1758359078
|move|p2a: Iron Treads|Earthquake|p1a: Ogerpon
|-damage|p1a: Ogerpon|41/100
|move|p1a: Ogerpon|Knock Off|p2a: Iron Treads
|-damage|p2a: Iron Treads|5/100
|
|upkeep
|turn|24
|
|t:|1758359082
|move|p2a: Iron Treads|Earthquake|p1a: Ogerpon
|-damage|p1a: Ogerpon|0 fnt
|faint|p1a: Ogerpon
|
|upkeep
|
|t:|1758359085
|switch|p1a: Lokix|Lokix, F|82/100
|-damage|p1a: Lokix|57/100|[from] Stealth Rock
|turn|25
|
|t:|1758359089
|-end|p2a: Iron Treads|Quark Drive|[silent]
|switch|p2a: Moltres|Moltres|69/100
|move|p1a: Lokix|First Impression|p2a: Moltres
|-resisted|p2a: Moltres
|-damage|p2a: Moltres|55/100
|
|upkeep
|turn|26
|
|t:|1758359096
|move|p1a: Lokix|U-turn|p2a: Moltres
|-resisted|p2a: Moltres
|-damage|p2a: Moltres|45/100
|
|t:|1758359098
|switch|p1a: Slowking|Slowking-Galar, F|100/100|[from] U-turn
|-damage|p1a: Slowking|88/100|[from] Stealth Rock
|move|p2a: Moltres|U-turn|p1a: Slowking
|-damage|p1a: Slowking|73/100
|
|t:|1758359101
|switch|p2a: Iron Treads|Iron Treads|5/100|[from] U-turn
|
|upkeep
|turn|27
|
|t:|1758359104
|move|p2a: Iron Treads|Earthquake|p1a: Slowking
|-supereffective|p1a: Slowking
|-damage|p1a: Slowking|0 fnt
|faint|p1a: Slowking
|
|upkeep
|
|t:|1758359106
|switch|p1a: Samurott|Samurott-Hisui, F, tera:Water|21/100
|-damage|p1a: Samurott|8/100|[from] Stealth Rock
|turn|28
|
|t:|1758359114
|move|p1a: Samurott|Sucker Punch|p2a: Iron Treads
|-damage|p2a: Iron Treads|0 fnt
|faint|p2a: Iron Treads
|-end|p2a: Iron Treads|Quark Drive|[silent]
|
|upkeep
|
|t:|1758359118
|switch|p2a: Keldeo|Keldeo-Resolute|46/100
|turn|29
|
|t:|1758359121
|move|p2a: Keldeo|Vacuum Wave|p1a: Samurott
|-damage|p1a: Samurott|0 fnt
|faint|p1a: Samurott
|
|upkeep
|-message|SamiFawad forfeited.
|
|win|Blank_Playe_pract
|raw|SamiFawad's rating: 1663 &rarr; <strong>1644</strong><br />(-19 for losing)
|raw|Blank_Playe_pract's rating: 1683 &rarr; <strong>1702</strong><br />(+19 for winning)
|l|☆SamiFawad
|player|p1|
|c|☆Blank_Playe_pract|ggwp
|l|☆Blank_Playe_pract
|player|p2|
