|j|☆idonteatpets
|j|☆fumikagez
|t:|1758349353
|gametype|singles
|player|p1|idonteatpets|2|1197
|player|p2|fumikagez|102|1141
|gen|9
|tier|[Gen 9] OU
|rated|
|rule|HP Percentage Mod: HP is shown in percentages
|rule|Endless Battle Clause: Forcing endless battles is banned
|rule|Species Clause: Limit one of each Pokémon
|rule|OHKO Clause: OHKO moves are banned
|rule|Evasion Items Clause: Evasion items are banned
|rule|Evasion Moves Clause: Evasion moves are banned
|rule|Evasion Abilities Clause: Evasion abilities are banned
|rule|Sleep Moves Clause: Sleep-inducing moves are banned
|clearpoke
|poke|p1|Glimmora, F|
|poke|p1|Iron Valiant|
|poke|p1|Kingambit, F|
|poke|p1|Raging Bolt|
|poke|p1|Landorus-Therian, M|
|poke|p1|Walking Wake|
|poke|p2|Gogoat, M|
|poke|p2|Rillaboom, F|
|poke|p2|Hawlucha, M|
|poke|p2|Heatran, F|
|poke|p2|Raging Bolt|
|poke|p2|Primarina, F|
|teampreview
|c|☆idonteatpets|hi
|
|t:|1758349365
|teamsize|p1|6
|teamsize|p2|6
|start
|switch|p1a: Landorus|Landorus-Therian, M|100/100
|switch|p2a: Heatran|Heatran, F|100/100
|-ability|p1a: Landorus|Intimidate|boost
|-unboost|p2a: Heatran|atk|1
|turn|1
|
|t:|1758349374
|switch|p2a: Rillaboom|Rillaboom, F|100/100
|-fieldstart|move: Grassy Terrain|[from] ability: Grassy Surge|[of] p2a: Rillaboom
|move|p1a: Landorus|Earthquake|p2a: Rillaboom
|-resisted|p2a: Rillaboom
|-damage|p2a: Rillaboom|84/100
|
|-heal|p2a: Rillaboom|91/100|[from] Grassy Terrain
|upkeep
|turn|2
|c|☆idonteatpets|hi
|
|t:|1758349406
|switch|p1a: Raging Bolt|Raging Bolt|100/100
|switch|p2a: Heatran|Heatran, F|100/100
|
|upkeep
|turn|3
|
|t:|1758349428
|move|p2a: Heatran|Stealth Rock|p1a: Raging Bolt
|-sidestart|p1: idonteatpets|move: Stealth Rock
|move|p1a: Raging Bolt|Volt Switch|p2a: Heatran
|-damage|p2a: Heatran|62/100
|
|t:|1758349441
|-end|p1a: Raging Bolt|Protosynthesis|[silent]
|switch|p1a: Landorus|Landorus-Therian, M|100/100|[from] Volt Switch
|-damage|p1a: Landorus|88/100|[from] Stealth Rock
|-ability|p1a: Landorus|Intimidate|boost
|-unboost|p2a: Heatran|atk|1
|
|-heal|p2a: Heatran|68/100|[from] Grassy Terrain
|-heal|p2a: Heatran|75/100|[from] item: Leftovers
|upkeep
|turn|4
|
|t:|1758349454
|switch|p2a: Gogoat|Gogoat, M|100/100
|move|p1a: Landorus|Earthquake|p2a: Gogoat
|-resisted|p2a: Gogoat
|-damage|p2a: Gogoat|90/100
|
|-heal|p2a: Gogoat|96/100|[from] Grassy Terrain
|-heal|p2a: Gogoat|100/100|[from] item: Leftovers
|upkeep
|turn|5
|
|t:|1758349467
|switch|p1a: Raging Bolt|Raging Bolt|100/100
|-damage|p1a: Raging Bolt|88/100|[from] Stealth Rock
|move|p2a: Gogoat|Bulk Up|p2a: Gogoat
|-boost|p2a: Gogoat|atk|1
|-boost|p2a: Gogoat|def|1
|
|-heal|p1a: Raging Bolt|94/100|[from] Grassy Terrain
|upkeep
|turn|6
|
|t:|1758349496
|switch|p2a: Rillaboom|Rillaboom, F|91/100
|move|p1a: Raging Bolt|Draco Meteor|p2a: Rillaboom
|-damage|p2a: Rillaboom|0 fnt
|-unboost|p1a: Raging Bolt|spa|2
|faint|p2a: Rillaboom
|
|-heal|p1a: Raging Bolt|100/100|[from] Grassy Terrain
|upkeep
|
|t:|1758349500
|switch|p2a: Primarina|Primarina, F|100/100
|turn|7
|
|t:|1758349518
|-end|p1a: Raging Bolt|Protosynthesis|[silent]
|switch|p1a: Glimmora|Glimmora, F|100/100
|-damage|p1a: Glimmora|88/100|[from] Stealth Rock
|move|p2a: Primarina|Psychic Noise|p1a: Glimmora
|-supereffective|p1a: Glimmora
|-damage|p1a: Glimmora|11/100
|-start|p1a: Glimmora|move: Heal Block
|
|upkeep
|turn|8
|
|t:|1758349530
|move|p1a: Glimmora|Mortal Spin|p2a: Primarina
|-supereffective|p2a: Primarina
|-damage|p2a: Primarina|82/100
|-status|p2a: Primarina|psn
|-sideend|p1: idonteatpets|Stealth Rock|[from] move: Mortal Spin|[of] p1a: Glimmora
|move|p2a: Primarina|Surf|p1a: Glimmora
|-supereffective|p1a: Glimmora
|-damage|p1a: Glimmora|0 fnt
|faint|p1a: Glimmora
|
|-heal|p2a: Primarina|88/100 psn|[from] Grassy Terrain
|-damage|p2a: Primarina|75/100 psn|[from] psn
|-fieldend|move: Grassy Terrain
|upkeep
|-message|fumikagez forfeited.
|
|win|idonteatpets
|raw|idonteatpets's rating: 1197 &rarr; <strong>1218</strong><br />(+21 for winning)
|raw|fumikagez's rating: 1141 &rarr; <strong>1120</strong><br />(-21 for losing)
|l|☆fumikagez
|player|p2|
