|j|☆deusyancha
|j|☆pokepastetester
|t:|1758258250
|gametype|singles
|player|p1|deusyancha|hiker|1187
|player|p2|pokepastetester|emmet|1231
|gen|9
|tier|[Gen 9] OU
|rated|
|rule|HP Percentage Mod: HP is shown in percentages
|rule|Endless Battle Clause: Forcing endless battles is banned
|rule|Species Clause: Limit one of each Pokémon
|rule|OHKO Clause: OHKO moves are banned
|rule|Evasion Items Clause: Evasion items are banned
|rule|Evasion Moves Clause: Evasion moves are banned
|rule|Evasion Abilities Clause: Evasion abilities are banned
|rule|Sleep Moves Clause: Sleep-inducing moves are banned
|clearpoke
|poke|p1|Dragonite, M|
|poke|p1|Slowking-Galar, F|
|poke|p1|Alomomola, M|
|poke|p1|Darkrai|
|poke|p1|Clefable, F|
|poke|p1|Great Tusk|
|poke|p2|Ninetales-Alola, F|
|poke|p2|Gholdengo|
|poke|p2|Iron Valiant|
|poke|p2|Zapdos|
|poke|p2|Great Tusk|
|poke|p2|Haxorus, F|
|teampreview
|inactive|Battle timer is ON: inactive players will automatically lose when time's up. (requested by pokepastetester)
|
|t:|1758258264
|teamsize|p1|6
|teamsize|p2|6
|start
|switch|p1a: Clefable|Clefable, F|100/100
|switch|p2a: Ninetales|Ninetales-Alola, F, shiny|100/100
|-weather|Snowscape|[from] ability: Snow Warning|[of] p2a: Ninetales
|turn|1
|
|t:|1758258271
|move|p2a: Ninetales|Aurora Veil|p2a: Ninetales
|-sidestart|p2: pokepastetester|move: Aurora Veil
|move|p1a: Clefable|Stealth Rock|p2a: Ninetales
|-sidestart|p2: pokepastetester|move: Stealth Rock
|
|-weather|Snowscape|[upkeep]
|upkeep
|turn|2
|
|t:|1758258280
|move|p2a: Ninetales|Blizzard|p1a: Clefable
|-damage|p1a: Clefable|68/100
|-status|p1a: Clefable|frz
|cant|p1a: Clefable|frz
|
|-weather|Snowscape|[upkeep]
|-heal|p1a: Clefable|74/100 frz|[from] item: Leftovers
|upkeep
|turn|3
|
|t:|1758258287
|move|p2a: Ninetales|Blizzard|p1a: Clefable
|-damage|p1a: Clefable|45/100 frz
|-curestatus|p1a: Clefable|frz|[msg]
|move|p1a: Clefable|Moonlight|p1a: Clefable
|-heal|p1a: Clefable|70/100
|
|-weather|Snowscape|[upkeep]
|-heal|p1a: Clefable|76/100|[from] item: Leftovers
|upkeep
|turn|4
|
|t:|1758258294
|move|p2a: Ninetales|Blizzard|p1a: Clefable
|-damage|p1a: Clefable|46/100
|move|p1a: Clefable|Thunder Wave|p2a: Ninetales
|-status|p2a: Ninetales|par
|
|-weather|Snowscape|[upkeep]
|-heal|p1a: Clefable|52/100|[from] item: Leftovers
|upkeep
|turn|5
|
|t:|1758258299
|move|p2a: Ninetales|Blizzard|p1a: Clefable
|-damage|p1a: Clefable|22/100
|move|p1a: Clefable|Moonlight|p1a: Clefable
|-heal|p1a: Clefable|46/100
|
|-weather|none
|-heal|p1a: Clefable|53/100|[from] item: Leftovers
|upkeep
|turn|6
|
|t:|1758258308
|switch|p2a: Gholdengo|Gholdengo|100/100
|-damage|p2a: Gholdengo|94/100|[from] Stealth Rock
|-item|p2a: Gholdengo|Air Balloon
|move|p1a: Clefable|Moonlight|p1a: Clefable
|-heal|p1a: Clefable|100/100
|
|upkeep
|turn|7
|
|t:|1758258320
|switch|p1a: Alomomola|Alomomola, M|100/100
|move|p2a: Gholdengo|Make It Rain|p1a: Alomomola
|-resisted|p1a: Alomomola
|-damage|p1a: Alomomola|63/100
|-unboost|p2a: Gholdengo|spa|1
|
|upkeep
|turn|8
|
|t:|1758258328
|switch|p2a: Ninetales|Ninetales-Alola, F, shiny|100/100 par
|-damage|p2a: Ninetales|76/100 par|[from] Stealth Rock
|-weather|Snowscape|[from] ability: Snow Warning|[of] p2a: Ninetales
|move|p1a: Alomomola|Flip Turn|p2a: Ninetales
|-damage|p2a: Ninetales|69/100 par
|
|t:|1758258334
|switch|p1a: Darkrai|Darkrai|100/100|[from] Flip Turn
|
|-weather|Snowscape|[upkeep]
|-sideend|p2: pokepastetester|move: Aurora Veil
|upkeep
|turn|9
|
|t:|1758258339
|move|p1a: Darkrai|Sludge Bomb|p2a: Ninetales
|-supereffective|p2a: Ninetales
|-damage|p2a: Ninetales|5/100 par
|cant|p2a: Ninetales|par
|
|-weather|Snowscape|[upkeep]
|upkeep
|turn|10
|
|t:|1758258346
|move|p1a: Darkrai|Dark Pulse|p2a: Ninetales
|-resisted|p2a: Ninetales
|-damage|p2a: Ninetales|0 fnt
|faint|p2a: Ninetales
|
|-weather|Snowscape|[upkeep]
|upkeep
|
|t:|1758258360
|switch|p2a: Great Tusk|Great Tusk|100/100
|-damage|p2a: Great Tusk|98/100|[from] Stealth Rock
|turn|11
|
|t:|1758258367
|switch|p1a: Alomomola|Alomomola, M|97/100
|move|p2a: Great Tusk|Rapid Spin|p1a: Alomomola
|-crit|p1a: Alomomola
|-damage|p1a: Alomomola|83/100
|-boost|p2a: Great Tusk|spe|1
|-sideend|p2: pokepastetester|Stealth Rock|[from] move: Rapid Spin|[of] p2a: Great Tusk
|
|-weather|Snowscape|[upkeep]
|-heal|p2a: Great Tusk|100/100|[from] item: Leftovers
|upkeep
|turn|12
|
|t:|1758258377
|-end|p2a: Great Tusk|Protosynthesis|[silent]
|switch|p2a: Zapdos|Zapdos|100/100
|move|p1a: Alomomola|Flip Turn|p2a: Zapdos
|-damage|p2a: Zapdos|81/100
|-status|p1a: Alomomola|par|[from] ability: Static|[of] p2a: Zapdos
|
|t:|1758258391
|switch|p1a: Clefable|Clefable, F|100/100|[from] Flip Turn
|
|-weather|none
|upkeep
|turn|13
|
|t:|1758258401
|move|p2a: Zapdos|Discharge|p1a: Clefable
|-damage|p1a: Clefable|61/100
|-status|p1a: Clefable|par
|move|p1a: Clefable|Stealth Rock|p2a: Zapdos
|-sidestart|p2: pokepastetester|move: Stealth Rock
|
|-heal|p1a: Clefable|67/100 par|[from] item: Leftovers
|upkeep
|turn|14
|
|t:|1758258408
|move|p2a: Zapdos|Discharge|p1a: Clefable
|-damage|p1a: Clefable|31/100 par
|move|p1a: Clefable|Moonlight|p1a: Clefable
|-heal|p1a: Clefable|81/100 par
|
|-heal|p1a: Clefable|88/100 par|[from] item: Leftovers
|upkeep
|turn|15
|
|t:|1758258416
|switch|p1a: Slowking|Slowking-Galar, F|100/100
|move|p2a: Zapdos|Hurricane|p1a: Slowking
|-damage|p1a: Slowking|75/100
|
|upkeep
|turn|16
|
|t:|1758258427
|move|p2a: Zapdos|U-turn|p1a: Slowking
|-damage|p1a: Slowking|62/100
|
|t:|1758258431
|switch|p2a: Gholdengo|Gholdengo|94/100|[from] U-turn
|-damage|p2a: Gholdengo|88/100|[from] Stealth Rock
|-item|p2a: Gholdengo|Air Balloon
|move|p1a: Slowking|Ice Beam|p2a: Gholdengo
|-resisted|p2a: Gholdengo
|-damage|p2a: Gholdengo|71/100
|-enditem|p2a: Gholdengo|Air Balloon
|
|upkeep
|turn|17
|
|t:|1758258440
|switch|p1a: Alomomola|Alomomola, M|100/100 par
|move|p2a: Gholdengo|Hex|p1a: Alomomola
|-damage|p1a: Alomomola|16/100 par
|
|upkeep
|turn|18
|
|t:|1758258450
|move|p2a: Gholdengo|Hex|p1a: Alomomola
|-damage|p1a: Alomomola|0 fnt
|faint|p1a: Alomomola
|
|upkeep
|
|t:|1758258452
|switch|p1a: Darkrai|Darkrai|100/100
|turn|19
|
|t:|1758258464
|switch|p2a: Great Tusk|Great Tusk|100/100
|-damage|p2a: Great Tusk|98/100|[from] Stealth Rock
|move|p1a: Darkrai|Dark Pulse|p2a: Great Tusk
|-resisted|p2a: Great Tusk
|-crit|p2a: Great Tusk
|-damage|p2a: Great Tusk|48/100
|
|-heal|p2a: Great Tusk|54/100|[from] item: Leftovers
|upkeep
|turn|20
|
|t:|1758258468
|move|p1a: Darkrai|Ice Beam|p2a: Great Tusk
|-supereffective|p2a: Great Tusk
|-damage|p2a: Great Tusk|0 fnt
|faint|p2a: Great Tusk
|-end|p2a: Great Tusk|Protosynthesis|[silent]
|
|upkeep
|inactive|pokepastetester has 120 seconds left.
|
|t:|1758258509
|switch|p2a: Haxorus|Haxorus, F|100/100
|-damage|p2a: Haxorus|88/100|[from] Stealth Rock
|-ability|p2a: Haxorus|Mold Breaker
|turn|21
|inactive|pokepastetester has 120 seconds left.
|
|t:|1758258516
|switch|p1a: Clefable|Clefable, F|88/100 par
|-terastallize|p2a: Haxorus|Electric
|move|p2a: Haxorus|Scale Shot|p1a: Clefable
|-immune|p1a: Clefable
|
|-heal|p1a: Clefable|94/100 par|[from] item: Leftovers
|upkeep
|turn|22
|inactive|pokepastetester has 120 seconds left.
|
|t:|1758258534
|move|p2a: Haxorus|Swords Dance|p2a: Haxorus
|-boost|p2a: Haxorus|atk|2
|move|p1a: Clefable|Moonblast|p2a: Haxorus
|-damage|p2a: Haxorus|43/100
|
|-heal|p1a: Clefable|99/100 par|[from] item: Leftovers
|upkeep
|turn|23
|
|t:|1758258543
|move|p2a: Haxorus|Tera Blast|p1a: Clefable|[anim] Tera Blast Electric
|-damage|p1a: Clefable|36/100 par
|move|p1a: Clefable|Moonblast|p2a: Haxorus
|-damage|p2a: Haxorus|0 fnt
|faint|p2a: Haxorus
|
|-heal|p1a: Clefable|42/100 par|[from] item: Leftovers
|upkeep
|
|t:|1758258550
|switch|p2a: Iron Valiant|Iron Valiant|100/100
|-damage|p2a: Iron Valiant|94/100|[from] Stealth Rock
|turn|24
|
|t:|1758258553
|move|p2a: Iron Valiant|Moonblast|p1a: Clefable
|-damage|p1a: Clefable|0 fnt
|faint|p1a: Clefable
|
|upkeep
|
|t:|1758258565
|switch|p1a: Slowking|Slowking-Galar, F|95/100
|turn|25
|
|t:|1758258575
|move|p2a: Iron Valiant|Knock Off|p1a: Slowking
|-supereffective|p1a: Slowking
|-damage|p1a: Slowking|32/100
|-enditem|p1a: Slowking|Assault Vest|[from] move: Knock Off|[of] p2a: Iron Valiant
|move|p1a: Slowking|Flamethrower|p2a: Iron Valiant
|-damage|p2a: Iron Valiant|63/100
|
|upkeep
|turn|26
|
|t:|1758258586
|switch|p1a: Great Tusk|Great Tusk|100/100
|move|p2a: Iron Valiant|Knock Off|p1a: Great Tusk
|-resisted|p1a: Great Tusk
|-damage|p1a: Great Tusk|92/100
|-enditem|p1a: Great Tusk|Heavy-Duty Boots|[from] move: Knock Off|[of] p2a: Iron Valiant
|
|upkeep
|turn|27
|
|t:|1758258599
|-end|p1a: Great Tusk|Protosynthesis|[silent]
|switch|p1a: Slowking|Slowking-Galar, F|65/100
|move|p2a: Iron Valiant|Moonblast|p1a: Slowking
|-resisted|p1a: Slowking
|-damage|p1a: Slowking|47/100
|
|upkeep
|turn|28
|
|t:|1758258607
|move|p2a: Iron Valiant|Knock Off|p1a: Slowking
|-supereffective|p1a: Slowking
|-damage|p1a: Slowking|10/100
|move|p1a: Slowking|Sludge Bomb|p2a: Iron Valiant
|-supereffective|p2a: Iron Valiant
|-damage|p2a: Iron Valiant|0 fnt
|faint|p2a: Iron Valiant
|-end|p2a: Iron Valiant|Quark Drive|[silent]
|
|upkeep
|
|t:|1758258615
|switch|p2a: Zapdos|Zapdos|81/100
|turn|29
|
|t:|1758258625
|move|p2a: Zapdos|Hurricane|p1a: Slowking|[miss]
|-miss|p2a: Zapdos|p1a: Slowking
|move|p1a: Slowking|Sludge Bomb|p2a: Zapdos
|-damage|p2a: Zapdos|33/100
|
|upkeep
|turn|30
|
|t:|1758258632
|move|p2a: Zapdos|Discharge|p1a: Slowking
|-damage|p1a: Slowking|0 fnt
|faint|p1a: Slowking
|
|upkeep
|
|t:|1758258636
|switch|p1a: Dragonite|Dragonite, M|100/100
|turn|31
|
|t:|1758258640
|move|p1a: Dragonite|Extreme Speed|p2a: Zapdos
|-damage|p2a: Zapdos|0 fnt
|-status|p1a: Dragonite|par|[from] ability: Static|[of] p2a: Zapdos
|faint|p2a: Zapdos
|
|upkeep
|
|t:|1758258644
|switch|p2a: Gholdengo|Gholdengo|71/100
|-damage|p2a: Gholdengo|65/100|[from] Stealth Rock
|turn|32
|
|t:|1758258649
|switch|p1a: Great Tusk|Great Tusk|92/100
|move|p2a: Gholdengo|Hex|p1a: Great Tusk
|-damage|p1a: Great Tusk|49/100
|
|upkeep
|turn|33
|
|t:|1758258661
|move|p2a: Gholdengo|Hex|p1a: Great Tusk
|-damage|p1a: Great Tusk|2/100
|move|p1a: Great Tusk|Earthquake|p2a: Gholdengo
|-supereffective|p2a: Gholdengo
|-damage|p2a: Gholdengo|0 fnt
|faint|p2a: Gholdengo
|
|win|deusyancha
|raw|deusyancha's rating: 1187 &rarr; <strong>1215</strong><br />(+28 for winning)
|raw|pokepastetester's rating: 1231 &rarr; <strong>1203</strong><br />(-28 for losing)
|l|☆pokepastetester
|player|p2|
|l|☆deusyancha
|player|p1|
