|j|☆Barronmaster
|j|☆Crocodile E
|t:|1758378320
|gametype|singles
|player|p1|Barronmaster|palmer|1654
|player|p2|Crocodile E|depotagent|1593
|gen|9
|tier|[Gen 9] OU
|rated|
|rule|HP Percentage Mod: HP is shown in percentages
|rule|Endless Battle Clause: Forcing endless battles is banned
|rule|Species Clause: Limit one of each Pokémon
|rule|OHKO Clause: OHKO moves are banned
|rule|Evasion Items Clause: Evasion items are banned
|rule|Evasion Moves Clause: Evasion moves are banned
|rule|Evasion Abilities Clause: Evasion abilities are banned
|rule|Sleep Moves Clause: Sleep-inducing moves are banned
|clearpoke
|poke|p1|Hoopa-Unbound|
|poke|p1|Ninetales-Alola, M|
|poke|p1|Slowking-Galar, M|
|poke|p1|Cloyster, F|
|poke|p1|Zoroark, M|
|poke|p1|Indeedee, M|
|poke|p2|Deoxys-Speed|
|poke|p2|Gholdengo|
|poke|p2|Ting-Lu|
|poke|p2|Ogerpon-Wellspring, F|
|poke|p2|Kingambit, M|
|poke|p2|Raging Bolt|
|teampreview
|
|t:|1758378348
|teamsize|p1|6
|teamsize|p2|6
|start
|switch|p1a: Hoopa|Hoopa-Unbound|100/100
|switch|p2a: Ting-Lu|Ting-Lu|100/100
|-ability|p2a: Ting-Lu|Vessel of Ruin
|turn|1
|inactive|Battle timer is ON: inactive players will automatically lose when time's up. (requested by Crocodile E)
|
|t:|1758378397
|switch|p2a: Gholdengo|Gholdengo|100/100
|-item|p2a: Gholdengo|Air Balloon
|move|p1a: Hoopa|U-turn|p2a: Gholdengo
|-resisted|p2a: Gholdengo
|-damage|p2a: Gholdengo|95/100
|-enditem|p2a: Gholdengo|Air Balloon
|-damage|p1a: Hoopa|91/100|[from] item: Life Orb
|
|t:|1758378425
|switch|p1a: Ninetales|Ninetales-Alola, M|100/100|[from] U-turn
|-weather|Snowscape|[from] ability: Snow Warning|[of] p1a: Ninetales
|
|-weather|Snowscape|[upkeep]
|upkeep
|turn|2
|
|t:|1758378428
|-terastallize|p1a: Ninetales|Steel
|move|p1a: Ninetales|Aurora Veil|p1a: Ninetales
|-sidestart|p1: Barronmaster|move: Aurora Veil
|move|p2a: Gholdengo|Make It Rain|p1a: Ninetales
|-resisted|p1a: Ninetales
|-damage|p1a: Ninetales|85/100
|-unboost|p2a: Gholdengo|spa|1
|
|-weather|Snowscape|[upkeep]
|upkeep
|turn|3
|
|t:|1758378438
|switch|p1a: Hoopa|Hoopa-Unbound|100/100
|switch|p2a: Ting-Lu|Ting-Lu|100/100
|-ability|p2a: Ting-Lu|Vessel of Ruin
|
|-weather|Snowscape|[upkeep]
|upkeep
|turn|4
|inactive|Barronmaster has 120 seconds left.
|
|t:|1758378474
|move|p1a: Hoopa|Knock Off|p2a: Ting-Lu
|-resisted|p2a: Ting-Lu
|-crit|p2a: Ting-Lu
|-damage|p2a: Ting-Lu|80/100
|-enditem|p2a: Ting-Lu|Leftovers|[from] move: Knock Off|[of] p1a: Hoopa
|move|p2a: Ting-Lu|Stealth Rock|p1a: Hoopa
|-sidestart|p1: Barronmaster|move: Stealth Rock
|
|-weather|Snowscape|[upkeep]
|upkeep
|turn|5
|inactive|Barronmaster has 120 seconds left.
|
|t:|1758378488
|move|p1a: Hoopa|Drain Punch|p2a: Ting-Lu
|-supereffective|p2a: Ting-Lu
|-damage|p2a: Ting-Lu|50/100
|move|p2a: Ting-Lu|Whirlwind|p1a: Hoopa
|drag|p1a: Indeedee|Indeedee, M|100/100
|-damage|p1a: Indeedee|88/100|[from] Stealth Rock
|-fieldstart|move: Psychic Terrain|[from] ability: Psychic Surge|[of] p1a: Indeedee
|
|-weather|none
|upkeep
|turn|6
|inactive|Barronmaster has 120 seconds left.
|
|t:|1758378494
|move|p1a: Indeedee|Dazzling Gleam|p2a: Ting-Lu
|-supereffective|p2a: Ting-Lu
|-damage|p2a: Ting-Lu|21/100
|-damage|p1a: Indeedee|78/100|[from] item: Life Orb
|move|p2a: Ting-Lu|Whirlwind|p1a: Indeedee
|drag|p1a: Cloyster|Cloyster, F|100/100
|
|upkeep
|turn|7
|
|t:|1758378499
|move|p1a: Cloyster|Icicle Spear|p2a: Ting-Lu
|-supereffective|p2a: Ting-Lu
|-damage|p2a: Ting-Lu|9/100
|-supereffective|p2a: Ting-Lu
|-damage|p2a: Ting-Lu|0 fnt
|faint|p2a: Ting-Lu
|-hitcount|p2: Ting-Lu|2
|
|upkeep
|
|t:|1758378502
|switch|p2a: Gholdengo|Gholdengo|95/100
|turn|8
|
|t:|1758378507
|switch|p1a: Hoopa|Hoopa-Unbound|100/100
|-damage|p1a: Hoopa|88/100|[from] Stealth Rock
|move|p2a: Gholdengo|Nasty Plot|p2a: Gholdengo
|-boost|p2a: Gholdengo|spa|2
|
|upkeep
|turn|9
|
|t:|1758378512
|-terastallize|p2a: Gholdengo|Fairy
|move|p2a: Gholdengo|Shadow Ball|p1a: Hoopa
|-damage|p1a: Hoopa|71/100
|move|p1a: Hoopa|Knock Off|p2a: Gholdengo
|-resisted|p2a: Gholdengo
|-damage|p2a: Gholdengo|82/100
|
|-sideend|p1: Barronmaster|move: Aurora Veil
|-fieldend|move: Psychic Terrain
|upkeep
|turn|10
|
|t:|1758378519
|move|p2a: Gholdengo|Make It Rain|p1a: Hoopa
|-damage|p1a: Hoopa|14/100
|-unboost|p2a: Gholdengo|spa|1
|move|p1a: Hoopa|Psychic Noise|p2a: Gholdengo
|-damage|p2a: Gholdengo|37/100
|-start|p2a: Gholdengo|move: Heal Block
|
|upkeep
|turn|11
|
|t:|1758378540
|move|p2a: Gholdengo|Shadow Ball|p1a: Hoopa
|-damage|p1a: Hoopa|0 fnt
|faint|p1a: Hoopa
|
|-end|p2a: Gholdengo|move: Heal Block
|upkeep
|
|t:|1758378546
|switch|p1a: Ninetales|Ninetales-Alola, M, tera:Steel|85/100
|-damage|p1a: Ninetales|78/100|[from] Stealth Rock
|-weather|Snowscape|[from] ability: Snow Warning|[of] p1a: Ninetales
|turn|12
|
|t:|1758378554
|move|p1a: Ninetales|Blizzard|p2a: Gholdengo
|-damage|p2a: Gholdengo|0 fnt
|faint|p2a: Gholdengo
|
|-weather|Snowscape|[upkeep]
|upkeep
|
|t:|1758378560
|switch|p2a: Deoxys|Deoxys-Speed|100/100
|-ability|p2a: Deoxys|Pressure
|turn|13
|
|t:|1758378562
|move|p2a: Deoxys|Superpower|p1a: Ninetales
|-supereffective|p1a: Ninetales
|-damage|p1a: Ninetales|0 fnt
|-unboost|p2a: Deoxys|atk|1
|-unboost|p2a: Deoxys|def|1
|faint|p1a: Ninetales
|
|-weather|Snowscape|[upkeep]
|upkeep
|
|t:|1758378567
|switch|p1a: Indeedee|Indeedee, M|91/100
|-damage|p1a: Indeedee|78/100|[from] Stealth Rock
|turn|14
|
|t:|1758378569
|move|p1a: Indeedee|Sucker Punch|p2a: Deoxys
|-supereffective|p2a: Deoxys
|-damage|p2a: Deoxys|0 fnt
|faint|p2a: Deoxys
|-damage|p1a: Indeedee|68/100|[from] item: Life Orb
|
|-weather|Snowscape|[upkeep]
|upkeep
|
|t:|1758378574
|switch|p2a: Ogerpon|Ogerpon-Wellspring, F|100/100
|turn|15
|
|t:|1758378585
|move|p1a: Indeedee|Sucker Punch||[still]
|-fail|p1a: Indeedee
|move|p2a: Ogerpon|Substitute|p2a: Ogerpon
|-start|p2a: Ogerpon|Substitute
|-damage|p2a: Ogerpon|76/100
|
|-weather|Snowscape|[upkeep]
|upkeep
|turn|16
|
|t:|1758378597
|move|p2a: Ogerpon|Ivy Cudgel|p1a: Indeedee|[anim] Ivy Cudgel Water
|-damage|p1a: Indeedee|0 fnt
|replace|p1a: Zoroark|Zoroark, M
|-end|p1a: Zoroark|Illusion
|faint|p1a: Zoroark
|
|-weather|none
|upkeep
|
|t:|1758378599
|switch|p1a: Cloyster|Cloyster, F|100/100
|turn|17
|
|t:|1758378601
|move|p2a: Ogerpon|Horn Leech|p1a: Cloyster
|-supereffective|p1a: Cloyster
|-damage|p1a: Cloyster|27/100
|-heal|p2a: Ogerpon|100/100|[from] drain|[of] p1a: Cloyster
|move|p1a: Cloyster|Icicle Spear|p2a: Ogerpon
|-activate|p2a: Ogerpon|move: Substitute|[damage]
|-end|p2a: Ogerpon|Substitute
|-damage|p2a: Ogerpon|86/100
|-damage|p2a: Ogerpon|71/100
|-crit|p2a: Ogerpon
|-damage|p2a: Ogerpon|47/100
|-hitcount|p2a: Ogerpon|5
|
|upkeep
|turn|18
|
|t:|1758378609
|move|p1a: Cloyster|Ice Shard|p2a: Ogerpon
|-damage|p2a: Ogerpon|22/100
|move|p2a: Ogerpon|Horn Leech|p1a: Cloyster
|-supereffective|p1a: Cloyster
|-damage|p1a: Cloyster|0 fnt
|-heal|p2a: Ogerpon|33/100|[from] drain|[of] p1a: Cloyster
|faint|p1a: Cloyster
|
|upkeep
|
|t:|1758378610
|switch|p1a: Slowking|Slowking-Galar, M|100/100
|-damage|p1a: Slowking|88/100|[from] Stealth Rock
|turn|19
|
|t:|1758378614
|move|p2a: Ogerpon|Ivy Cudgel|p1a: Slowking|[anim] Ivy Cudgel Water
|-damage|p1a: Slowking|16/100
|move|p1a: Slowking|Trick Room|p1a: Slowking
|-fieldstart|move: Trick Room|[of] p1a: Slowking
|
|-heal|p1a: Slowking|22/100|[from] item: Leftovers
|upkeep
|turn|20
|
|t:|1758378619
|move|p1a: Slowking|Psychic Noise|p2a: Ogerpon
|-damage|p2a: Ogerpon|0 fnt
|faint|p2a: Ogerpon
|
|-heal|p1a: Slowking|28/100|[from] item: Leftovers
|upkeep
|
|t:|1758378622
|switch|p2a: Raging Bolt|Raging Bolt|100/100
|turn|21
|-message|Barronmaster forfeited.
|
|win|Crocodile E
|raw|Barronmaster's rating: 1654 &rarr; <strong>1631</strong><br />(-23 for losing)
|raw|Crocodile E's rating: 1593 &rarr; <strong>1616</strong><br />(+23 for winning)
|l|☆Barronmaster
|player|p1|
|l|☆Crocodile E
|player|p2|
