|j|☆thedogert
|j|☆epog123
|t:|1758250225
|gametype|singles
|player|p1|thedogert|266|1467
|player|p2|epog123|170|1424
|gen|9
|tier|[Gen 9] OU
|rated|
|rule|HP Percentage Mod: HP is shown in percentages
|rule|Endless Battle Clause: Forcing endless battles is banned
|rule|Species Clause: Limit one of each Pokémon
|rule|OHKO Clause: OHKO moves are banned
|rule|Evasion Items Clause: Evasion items are banned
|rule|Evasion Moves Clause: Evasion moves are banned
|rule|Evasion Abilities Clause: Evasion abilities are banned
|rule|Sleep Moves Clause: Sleep-inducing moves are banned
|clearpoke
|poke|p1|Quaquaval, F|
|poke|p1|Rillaboom, M|
|poke|p1|Pawmot, M|
|poke|p1|Maushold|
|poke|p1|Lilligant, F|
|poke|p1|Glimmora, F|
|poke|p2|Samurott-Hisui, M|
|poke|p2|Kyurem|
|poke|p2|Cinderace, F|
|poke|p2|Great Tusk|
|poke|p2|Dragapult, F|
|poke|p2|Ogerpon-Wellspring, F|
|teampreview
|inactive|Battle timer is ON: inactive players will automatically lose when time's up. (requested by epog123)
|inactive|thedogert also wants the timer to be on.
|inactive|thedogert has 120 seconds left.
|
|t:|1758250271
|teamsize|p1|6
|teamsize|p2|6
|start
|switch|p1a: Rillaboom|Rillaboom, M|100/100
|switch|p2a: Samurott|Samurott-Hisui, M|100/100
|-fieldstart|move: Grassy Terrain|[from] ability: Grassy Surge|[of] p1a: Rillaboom
|turn|1
|
|t:|1758250285
|switch|p2a: Cinderace|Cinderace, F|100/100
|move|p1a: Rillaboom|U-turn|p2a: Cinderace
|-resisted|p2a: Cinderace
|-damage|p2a: Cinderace|81/100
|
|t:|1758250293
|switch|p1a: Glimmora|Glimmora, F|100/100|[from] U-turn
|
|-heal|p2a: Cinderace|87/100|[from] Grassy Terrain
|upkeep
|turn|2
|
|t:|1758250302
|move|p2a: Cinderace|U-turn|p1a: Glimmora
|-start|p2a: Cinderace|typechange|Bug|[from] ability: Libero
|-resisted|p1a: Glimmora
|-damage|p1a: Glimmora|82/100
|-activate|p1a: Glimmora|ability: Toxic Debris
|-sidestart|p2: epog123|move: Toxic Spikes
|
|t:|1758250304
|switch|p2a: Samurott|Samurott-Hisui, M|100/100|[from] U-turn
|-status|p2a: Samurott|psn
|move|p1a: Glimmora|Rock Polish|p1a: Glimmora
|-boost|p1a: Glimmora|spe|2
|
|-heal|p1a: Glimmora|88/100|[from] Grassy Terrain
|-damage|p2a: Samurott|88/100 psn|[from] psn
|upkeep
|turn|3
|
|t:|1758250310
|move|p1a: Glimmora|Meteor Beam||[still]
|-prepare|p1a: Glimmora|Meteor Beam
|-boost|p1a: Glimmora|spa|1
|-enditem|p1a: Glimmora|Power Herb
|-anim|p1a: Glimmora|Meteor Beam|p2a: Samurott
|-damage|p2a: Samurott|0 fnt
|faint|p2a: Samurott
|
|-heal|p1a: Glimmora|94/100|[from] Grassy Terrain
|upkeep
|
|t:|1758250321
|switch|p2a: Dragapult|Dragapult, F|100/100
|turn|4
|
|t:|1758250328
|move|p1a: Glimmora|Dazzling Gleam|p2a: Dragapult
|-supereffective|p2a: Dragapult
|-damage|p2a: Dragapult|0 fnt
|faint|p2a: Dragapult
|
|-heal|p1a: Glimmora|99/100|[from] Grassy Terrain
|upkeep
|
|t:|1758250346
|switch|p2a: Great Tusk|Great Tusk|100/100
|-status|p2a: Great Tusk|psn
|-enditem|p2a: Great Tusk|Booster Energy
|-activate|p2a: Great Tusk|ability: Protosynthesis|[fromitem]
|-start|p2a: Great Tusk|protosynthesisatk
|turn|5
|
|t:|1758250353
|-terastallize|p2a: Great Tusk|Steel
|move|p1a: Glimmora|Earth Power|p2a: Great Tusk
|-supereffective|p2a: Great Tusk
|-damage|p2a: Great Tusk|0 fnt
|faint|p2a: Great Tusk
|-end|p2a: Great Tusk|Protosynthesis|[silent]
|
|-heal|p1a: Glimmora|100/100|[from] Grassy Terrain
|upkeep
|
|t:|1758250374
|switch|p2a: Ogerpon|Ogerpon-Wellspring, F|100/100
|-status|p2a: Ogerpon|psn
|turn|6
|
|t:|1758250391
|move|p1a: Glimmora|Dazzling Gleam|p2a: Ogerpon
|-damage|p2a: Ogerpon|49/100 psn
|move|p2a: Ogerpon|Ivy Cudgel|p1a: Glimmora|[anim] Ivy Cudgel Water
|-supereffective|p1a: Glimmora
|-damage|p1a: Glimmora|0 fnt
|-activate|p1a: Glimmora|ability: Toxic Debris
|-sidestart|p2: epog123|move: Toxic Spikes
|faint|p1a: Glimmora
|
|-heal|p2a: Ogerpon|55/100 psn|[from] Grassy Terrain
|-damage|p2a: Ogerpon|43/100 psn|[from] psn
|upkeep
|c|☆epog123|wtf is this glimmora set lol
|inactive|thedogert has 120 seconds left.
|
|t:|1758250420
|switch|p1a: Lilligant|Lilligant, F, shiny|100/100
|turn|7
|
|t:|1758250425
|move|p2a: Ogerpon|Knock Off|p1a: Lilligant
|-damage|p1a: Lilligant|69/100
|-enditem|p1a: Lilligant|Leftovers|[from] move: Knock Off|[of] p2a: Ogerpon
|move|p1a: Lilligant|Quiver Dance|p1a: Lilligant
|-boost|p1a: Lilligant|spa|1
|-boost|p1a: Lilligant|spd|1
|-boost|p1a: Lilligant|spe|1
|
|-heal|p2a: Ogerpon|49/100 psn|[from] Grassy Terrain
|-heal|p1a: Lilligant|75/100|[from] Grassy Terrain
|-damage|p2a: Ogerpon|36/100 psn|[from] psn
|upkeep
|turn|8
|
|t:|1758250439
|move|p2a: Ogerpon|Horn Leech|p1a: Lilligant
|-resisted|p1a: Lilligant
|-damage|p1a: Lilligant|53/100
|-heal|p2a: Ogerpon|50/100 psn|[from] drain|[of] p1a: Lilligant
|move|p1a: Lilligant|Quiver Dance|p1a: Lilligant
|-boost|p1a: Lilligant|spa|1
|-boost|p1a: Lilligant|spd|1
|-boost|p1a: Lilligant|spe|1
|
|-heal|p1a: Lilligant|59/100|[from] Grassy Terrain
|-heal|p2a: Ogerpon|56/100 psn|[from] Grassy Terrain
|-damage|p2a: Ogerpon|43/100 psn|[from] psn
|-fieldend|move: Grassy Terrain
|upkeep
|turn|9
|inactive|thedogert has 120 seconds left.
|
|t:|1758250471
|switch|p2a: Cinderace|Cinderace, F|87/100
|move|p1a: Lilligant|Alluring Voice|p2a: Cinderace
|-resisted|p2a: Cinderace
|-damage|p2a: Cinderace|59/100
|
|upkeep
|turn|10
|
|t:|1758250479
|-terastallize|p1a: Lilligant|Ground
|move|p1a: Lilligant|Tera Blast|p2a: Cinderace|[anim] Tera Blast Ground
|-supereffective|p2a: Cinderace
|-damage|p2a: Cinderace|0 fnt
|faint|p2a: Cinderace
|
|upkeep
|-message|epog123 forfeited.
|
|win|thedogert
|raw|thedogert's rating: 1467 &rarr; <strong>1485</strong><br />(+18 for winning)
|raw|epog123's rating: 1424 &rarr; <strong>1406</strong><br />(-18 for losing)
|l|☆epog123
|player|p2|
