|j|☆St. Saturn
|j|☆SamuraiJack0
|t:|1758258391
|gametype|singles
|player|p1|St. Saturn|hilbert|1356
|player|p2|SamuraiJack0|byron|1375
|gen|9
|tier|[Gen 9] OU
|rated|
|rule|HP Percentage Mod: HP is shown in percentages
|rule|Endless Battle Clause: Forcing endless battles is banned
|rule|Species Clause: Limit one of each Pokémon
|rule|OHKO Clause: OHKO moves are banned
|rule|Evasion Items Clause: Evasion items are banned
|rule|Evasion Moves Clause: Evasion moves are banned
|rule|Evasion Abilities Clause: Evasion abilities are banned
|rule|Sleep Moves Clause: Sleep-inducing moves are banned
|clearpoke
|poke|p1|Dragapult, F|
|poke|p1|Dragonite, F|
|poke|p1|Ting-Lu|
|poke|p1|Weezing-Galar, F|
|poke|p1|Iron Crown|
|poke|p1|Zapdos|
|poke|p2|Iron Moth|
|poke|p2|Umbreon, F|
|poke|p2|Garchomp, M|
|poke|p2|Glimmora, M|
|poke|p2|Gholdengo|
|poke|p2|Dragonite, M|
|teampreview
|inactive|Battle timer is ON: inactive players will automatically lose when time's up. (requested by St. Saturn)
|
|t:|1758258400
|teamsize|p1|6
|teamsize|p2|6
|start
|switch|p1a: Ting-Lu|Ting-Lu|100/100
|switch|p2a: Rat Tally|Garchomp, M|100/100
|-ability|p1a: Ting-Lu|Vessel of Ruin
|turn|1
|
|t:|1758258408
|move|p2a: Rat Tally|Swords Dance|p2a: Rat Tally
|-boost|p2a: Rat Tally|atk|2
|move|p1a: Ting-Lu|Earthquake|p2a: Rat Tally
|-damage|p2a: Rat Tally|61/100
|
|-heal|p2a: Rat Tally|67/100|[from] item: Leftovers
|upkeep
|turn|2
|
|t:|1758258413
|move|p2a: Rat Tally|Earthquake|p1a: Ting-Lu
|-crit|p1a: Ting-Lu
|-damage|p1a: Ting-Lu|8/100
|move|p1a: Ting-Lu|Whirlwind|p2a: Rat Tally
|drag|p2a: Elucid|Dragonite, M|100/100
|
|-heal|p1a: Ting-Lu|14/100|[from] item: Leftovers
|upkeep
|turn|3
|
|t:|1758258420
|move|p2a: Elucid|Ice Spinner|p1a: Ting-Lu
|-supereffective|p1a: Ting-Lu
|-damage|p1a: Ting-Lu|0 fnt
|faint|p1a: Ting-Lu
|
|upkeep
|
|t:|1758258429
|switch|p1a: Weezing|Weezing-Galar, F|100/100
|-ability|p1a: Weezing|Neutralizing Gas
|turn|4
|
|t:|1758258434
|switch|p2a: Smino|Gholdengo|100/100
|move|p1a: Weezing|Will-O-Wisp|p2a: Smino
|-status|p2a: Smino|brn
|
|-damage|p2a: Smino|94/100 brn|[from] brn
|upkeep
|turn|5
|
|t:|1758258446
|-end|p1a: Weezing|ability: Neutralizing Gas
|switch|p1a: Dragonite|Dragonite, F|100/100
|move|p2a: Smino|Shadow Ball|p1a: Dragonite
|-damage|p1a: Dragonite|79/100
|
|-damage|p2a: Smino|88/100 brn|[from] brn
|upkeep
|turn|6
|
|t:|1758258456
|switch|p2a: Elucid|Dragonite, M|100/100
|move|p1a: Dragonite|Dragon Dance|p1a: Dragonite
|-boost|p1a: Dragonite|atk|1
|-boost|p1a: Dragonite|spe|1
|
|upkeep
|turn|7
|
|t:|1758258462
|-terastallize|p1a: Dragonite|Normal
|move|p1a: Dragonite|Dragon Dance|p1a: Dragonite
|-boost|p1a: Dragonite|atk|1
|-boost|p1a: Dragonite|spe|1
|move|p2a: Elucid|Ice Spinner|p1a: Dragonite
|-damage|p1a: Dragonite|45/100
|
|upkeep
|turn|8
|inactive|SamuraiJack0 has 120 seconds left.
|
|t:|1758258499
|-terastallize|p2a: Elucid|Normal
|move|p2a: Elucid|Extreme Speed|p1a: Dragonite
|-crit|p1a: Dragonite
|-damage|p1a: Dragonite|0 fnt
|faint|p1a: Dragonite
|
|upkeep
|c|☆SamuraiJack0|crit did not matter
|c|☆SamuraiJack0|i ran the calc
|
|t:|1758258519
|switch|p1a: Weezing|Weezing-Galar, F|100/100
|-ability|p1a: Weezing|Neutralizing Gas
|turn|9
|
|t:|1758258522
|switch|p2a: Julia Jacklin|Glimmora, M|100/100
|-end|p1a: Weezing|ability: Neutralizing Gas
|switch|p1a: Zapdos|Zapdos|100/100
|
|upkeep
|turn|10
|
|t:|1758258528
|move|p1a: Zapdos|Volt Switch|p2a: Julia Jacklin
|-damage|p2a: Julia Jacklin|53/100
|
|t:|1758258532
|switch|p1a: Iron Crown|Iron Crown|100/100|[from] Volt Switch
|move|p2a: Julia Jacklin|Stealth Rock|p1a: Iron Crown
|-sidestart|p1: St. Saturn|move: Stealth Rock
|
|upkeep
|turn|11
|
|t:|1758258537
|move|p1a: Iron Crown|Volt Switch|p2a: Julia Jacklin
|-damage|p2a: Julia Jacklin|6/100
|
|t:|1758258540
|-end|p1a: Iron Crown|Quark Drive|[silent]
|switch|p1a: Zapdos|Zapdos|100/100|[from] Volt Switch
|move|p2a: Julia Jacklin|Earth Power|p1a: Zapdos
|-immune|p1a: Zapdos
|
|upkeep
|turn|12
|
|t:|1758258544
|move|p1a: Zapdos|Volt Switch|p2a: Julia Jacklin
|-damage|p2a: Julia Jacklin|0 fnt
|faint|p2a: Julia Jacklin
|
|t:|1758258546
|switch|p1a: Iron Crown|Iron Crown|100/100|[from] Volt Switch
|-damage|p1a: Iron Crown|94/100|[from] Stealth Rock
|
|upkeep
|
|t:|1758258551
|switch|p2a: Carly Rae|Iron Moth|100/100
|-enditem|p2a: Carly Rae|Booster Energy
|-activate|p2a: Carly Rae|ability: Quark Drive|[fromitem]
|-start|p2a: Carly Rae|quarkdrivespe
|turn|13
|
|t:|1758258554
|move|p2a: Carly Rae|Fiery Dance|p1a: Iron Crown
|-supereffective|p1a: Iron Crown
|-damage|p1a: Iron Crown|14/100
|move|p1a: Iron Crown|Psyshock|p2a: Carly Rae
|-supereffective|p2a: Carly Rae
|-damage|p2a: Carly Rae|0 fnt
|faint|p2a: Carly Rae
|-end|p2a: Carly Rae|Quark Drive|[silent]
|
|upkeep
|
|t:|1758258563
|switch|p2a: Smino|Gholdengo|88/100 brn
|turn|14
|
|t:|1758258567
|move|p2a: Smino|Shadow Ball|p1a: Iron Crown
|-supereffective|p1a: Iron Crown
|-damage|p1a: Iron Crown|0 fnt
|faint|p1a: Iron Crown
|-end|p1a: Iron Crown|Quark Drive|[silent]
|
|-damage|p2a: Smino|82/100 brn|[from] brn
|upkeep
|
|t:|1758258571
|switch|p1a: Zapdos|Zapdos|100/100
|turn|15
|
|t:|1758258575
|switch|p2a: Rat Tally|Garchomp, M|67/100
|move|p1a: Zapdos|Heat Wave|p2a: Rat Tally
|-resisted|p2a: Rat Tally
|-damage|p2a: Rat Tally|50/100
|
|-heal|p2a: Rat Tally|56/100|[from] item: Leftovers
|upkeep
|turn|16
|
|t:|1758258581
|move|p2a: Rat Tally|Swords Dance|p2a: Rat Tally
|-boost|p2a: Rat Tally|atk|2
|move|p1a: Zapdos|Hurricane|p2a: Rat Tally
|-damage|p2a: Rat Tally|0 fnt
|faint|p2a: Rat Tally
|
|upkeep
|
|t:|1758258587
|switch|p2a: Alvvays|Umbreon, F|100/100
|turn|17
|
|t:|1758258593
|move|p1a: Zapdos|Hurricane|p2a: Alvvays
|-crit|p2a: Alvvays
|-damage|p2a: Alvvays|54/100
|-start|p2a: Alvvays|confusion
|-activate|p2a: Alvvays|confusion
|move|p2a: Alvvays|Wish|p2a: Alvvays
|
|-heal|p2a: Alvvays|61/100|[from] item: Leftovers
|upkeep
|turn|18
|
|t:|1758258601
|switch|p2a: Smino|Gholdengo|82/100 brn
|move|p1a: Zapdos|Volt Switch|p2a: Smino
|-damage|p2a: Smino|39/100 brn
|
|t:|1758258606
|switch|p1a: Dragapult|Dragapult, F|100/100|[from] Volt Switch
|
|-heal|p2a: Smino|100/100 brn|[from] move: Wish|[wisher] Alvvays
|-damage|p2a: Smino|94/100 brn|[from] brn
|upkeep
|turn|19
|
|t:|1758258614
|move|p1a: Dragapult|Hex|p2a: Smino
|-supereffective|p2a: Smino
|-damage|p2a: Smino|0 fnt
|faint|p2a: Smino
|
|upkeep
|
|t:|1758258623
|switch|p2a: Elucid|Dragonite, M, tera:Normal|100/100
|turn|20
|
|t:|1758258625
|move|p1a: Dragapult|Will-O-Wisp|p2a: Elucid
|-status|p2a: Elucid|brn
|move|p2a: Elucid|Dragon Dance|p2a: Elucid
|-boost|p2a: Elucid|atk|1
|-boost|p2a: Elucid|spe|1
|
|-damage|p2a: Elucid|94/100 brn|[from] brn
|upkeep
|turn|21
|
|t:|1758258635
|move|p1a: Dragapult|Hex|p2a: Elucid
|-immune|p2a: Elucid
|move|p2a: Elucid|Dragon Dance|p2a: Elucid
|-boost|p2a: Elucid|atk|1
|-boost|p2a: Elucid|spe|1
|
|-damage|p2a: Elucid|88/100 brn|[from] brn
|upkeep
|turn|22
|
|t:|1758258640
|move|p2a: Elucid|Dragon Dance|p2a: Elucid
|-boost|p2a: Elucid|atk|1
|-boost|p2a: Elucid|spe|1
|move|p1a: Dragapult|Dragon Darts|p2a: Elucid
|-damage|p2a: Elucid|65/100 brn
|-anim|p1a: Dragapult|Dragon Darts|p2a: Elucid
|-damage|p2a: Elucid|41/100 brn
|
|-damage|p2a: Elucid|35/100 brn|[from] brn
|upkeep
|turn|23
|
|t:|1758258646
|move|p2a: Elucid|Ice Spinner|p1a: Dragapult
|-supereffective|p1a: Dragapult
|-damage|p1a: Dragapult|2/100
|move|p1a: Dragapult|Dragon Darts|p2a: Elucid
|-damage|p2a: Elucid|11/100 brn
|-anim|p1a: Dragapult|Dragon Darts|p2a: Elucid
|-damage|p2a: Elucid|0 fnt
|faint|p2a: Elucid
|
|upkeep
|
|t:|1758258650
|switch|p2a: Alvvays|Umbreon, F|61/100
|turn|24
|
|t:|1758258653
|move|p2a: Alvvays|Protect|p2a: Alvvays
|-singleturn|p2a: Alvvays|Protect
|move|p1a: Dragapult|Will-O-Wisp|p2a: Alvvays
|-activate|p2a: Alvvays|move: Protect
|
|-heal|p2a: Alvvays|67/100|[from] item: Leftovers
|upkeep
|turn|25
|c|☆SamuraiJack0|min role
|c|☆SamuraiJack0|unfort
|
|t:|1758258665
|move|p1a: Dragapult|Will-O-Wisp|p2a: Alvvays
|-status|p2a: Alvvays|brn
|move|p2a: Alvvays|Wish|p2a: Alvvays
|
|-heal|p2a: Alvvays|73/100 brn|[from] item: Leftovers
|-damage|p2a: Alvvays|67/100 brn|[from] brn
|upkeep
|turn|26
|
|t:|1758258671
|move|p1a: Dragapult|Dragon Darts|p2a: Alvvays
|-damage|p2a: Alvvays|50/100 brn
|-anim|p1a: Dragapult|Dragon Darts|p2a: Alvvays
|-damage|p2a: Alvvays|34/100 brn
|move|p2a: Alvvays|Foul Play|p1a: Dragapult
|-supereffective|p1a: Dragapult
|-damage|p1a: Dragapult|0 fnt
|faint|p1a: Dragapult
|
|-heal|p2a: Alvvays|84/100 brn|[from] move: Wish|[wisher] Alvvays
|-heal|p2a: Alvvays|90/100 brn|[from] item: Leftovers
|-damage|p2a: Alvvays|84/100 brn|[from] brn
|upkeep
|
|t:|1758258680
|switch|p1a: Zapdos|Zapdos|100/100
|turn|27
|
|t:|1758258684
|move|p1a: Zapdos|Hurricane|p2a: Alvvays
|-damage|p2a: Alvvays|54/100 brn
|move|p2a: Alvvays|Foul Play|p1a: Zapdos
|-damage|p1a: Zapdos|86/100
|
|-heal|p2a: Alvvays|60/100 brn|[from] item: Leftovers
|-damage|p2a: Alvvays|54/100 brn|[from] brn
|upkeep
|turn|28
|-message|SamuraiJack0 forfeited.
|
|win|St. Saturn
|raw|St. Saturn's rating: 1356 &rarr; <strong>1377</strong><br />(+21 for winning)
|raw|SamuraiJack0's rating: 1375 &rarr; <strong>1354</strong><br />(-21 for losing)
|l|☆SamuraiJack0
|player|p2|
|l|☆St. Saturn
|player|p1|
