|j|☆PalworldDX
|j|☆Elite4Azure
|t:|1758313483
|gametype|singles
|player|p1|PalworldDX|palmer|1227
|player|p2|Elite4Azure|falkner|1212
|gen|9
|tier|[Gen 9] OU
|rated|
|rule|HP Percentage Mod: HP is shown in percentages
|rule|Endless Battle Clause: Forcing endless battles is banned
|rule|Species Clause: Limit one of each Pokémon
|rule|OHKO Clause: OHKO moves are banned
|rule|Evasion Items Clause: Evasion items are banned
|rule|Evasion Moves Clause: Evasion moves are banned
|rule|Evasion Abilities Clause: Evasion abilities are banned
|rule|Sleep Moves Clause: Sleep-inducing moves are banned
|clearpoke
|poke|p1|Comfey, F|
|poke|p1|Slowking-Galar, M|
|poke|p1|Cloyster, M|
|poke|p1|Jirachi|
|poke|p1|Umbreon, F|
|poke|p1|Slaking, M|
|poke|p2|Froslass, F|
|poke|p2|Garganacl, F|
|poke|p2|Scrafty, F|
|poke|p2|Bellibolt, F|
|poke|p2|Tsareena, F|
|poke|p2|Revavroom, F|
|teampreview
|
|t:|1758313500
|teamsize|p1|6
|teamsize|p2|6
|start
|switch|p1a: Comfey|Comfey, F|100/100
|switch|p2a: Froslass|Froslass, F|100/100
|turn|1
|inactive|Battle timer is ON: inactive players will automatically lose when time's up. (requested by PalworldDX)
|
|t:|1758313505
|move|p2a: Froslass|Will-O-Wisp|p1a: Comfey
|-status|p1a: Comfey|brn
|move|p1a: Comfey|Calm Mind|p1a: Comfey
|-boost|p1a: Comfey|spa|1
|-boost|p1a: Comfey|spd|1
|
|-damage|p1a: Comfey|94/100 brn|[from] brn
|upkeep
|turn|2
|
|t:|1758313511
|switch|p2a: Tsareena|Tsareena, F|100/100
|move|p1a: Comfey|Draining Kiss||[still]
|cant|p2a: Tsareena|ability: Queenly Majesty|Draining Kiss|[of] p1a: Comfey
|
|-damage|p1a: Comfey|88/100 brn|[from] brn
|upkeep
|turn|3
|
|t:|1758313519
|-terastallize|p1a: Comfey|Fire
|move|p1a: Comfey|Tera Blast|p2a: Tsareena|[anim] Tera Blast Fire
|-supereffective|p2a: Tsareena
|-damage|p2a: Tsareena|0 fnt
|faint|p2a: Tsareena
|
|-damage|p1a: Comfey|82/100 brn|[from] brn
|upkeep
|
|t:|1758313532
|switch|p2a: Bellibolt|Bellibolt, F|100/100
|turn|4
|
|t:|1758313540
|move|p1a: Comfey|Calm Mind|p1a: Comfey
|-boost|p1a: Comfey|spa|1
|-boost|p1a: Comfey|spd|1
|move|p2a: Bellibolt|Acid Spray|p1a: Comfey
|-damage|p1a: Comfey|77/100 brn
|-unboost|p1a: Comfey|spd|2
|
|-damage|p1a: Comfey|70/100 brn|[from] brn
|upkeep
|turn|5
|
|t:|1758313546
|move|p1a: Comfey|Calm Mind|p1a: Comfey
|-boost|p1a: Comfey|spa|1
|-boost|p1a: Comfey|spd|1
|move|p2a: Bellibolt|Acid Spray|p1a: Comfey
|-damage|p1a: Comfey|63/100 brn
|-unboost|p1a: Comfey|spd|2
|
|-damage|p1a: Comfey|57/100 brn|[from] brn
|upkeep
|turn|6
|
|t:|1758313553
|move|p1a: Comfey|Draining Kiss|p2a: Bellibolt
|-damage|p2a: Bellibolt|59/100
|-heal|p1a: Comfey|100/100 brn|[from] drain|[of] p2a: Bellibolt
|-start|p2a: Bellibolt|Charge|Draining Kiss|[from] ability: Electromorphosis
|move|p2a: Bellibolt|Parabolic Charge|p1a: Comfey
|-damage|p1a: Comfey|10/100 brn
|-heal|p2a: Bellibolt|98/100|[from] drain|[of] p1a: Comfey
|-end|p2a: Bellibolt|Charge|[silent]
|
|-damage|p1a: Comfey|4/100 brn|[from] brn
|upkeep
|turn|7
|
|t:|1758313563
|move|p1a: Comfey|Draining Kiss|p2a: Bellibolt
|-damage|p2a: Bellibolt|57/100
|-heal|p1a: Comfey|51/100 brn|[from] drain|[of] p2a: Bellibolt
|-start|p2a: Bellibolt|Charge|Draining Kiss|[from] ability: Electromorphosis
|move|p2a: Bellibolt|Acid Spray|p1a: Comfey
|-damage|p1a: Comfey|35/100 brn
|-unboost|p1a: Comfey|spd|2
|
|-damage|p1a: Comfey|29/100 brn|[from] brn
|upkeep
|turn|8
|
|t:|1758313574
|move|p1a: Comfey|Draining Kiss|p2a: Bellibolt
|-damage|p2a: Bellibolt|10/100
|-heal|p1a: Comfey|83/100 brn|[from] drain|[of] p2a: Bellibolt
|-start|p2a: Bellibolt|Charge|Draining Kiss|[from] ability: Electromorphosis
|move|p2a: Bellibolt|Parabolic Charge|p1a: Comfey
|-damage|p1a: Comfey|0 fnt
|-heal|p2a: Bellibolt|45/100|[from] drain|[of] p1a: Comfey
|faint|p1a: Comfey
|-end|p2a: Bellibolt|Charge|[silent]
|
|upkeep
|
|t:|1758313578
|switch|p1a: Cloyster|Cloyster, M, shiny|100/100
|turn|9
|
|t:|1758313584
|move|p1a: Cloyster|Shell Smash|p1a: Cloyster
|-unboost|p1a: Cloyster|def|1
|-unboost|p1a: Cloyster|spd|1
|-boost|p1a: Cloyster|atk|2
|-boost|p1a: Cloyster|spa|2
|-boost|p1a: Cloyster|spe|2
|-enditem|p1a: Cloyster|White Herb
|-clearnegativeboost|p1a: Cloyster|[silent]
|move|p2a: Bellibolt|Parabolic Charge|p1a: Cloyster
|-supereffective|p1a: Cloyster
|-damage|p1a: Cloyster|0 fnt
|-heal|p2a: Bellibolt|79/100|[from] drain|[of] p1a: Cloyster
|faint|p1a: Cloyster
|
|upkeep
|
|t:|1758313592
|switch|p1a: Slaking|Slaking, M|100/100
|turn|10
|
|t:|1758313596
|move|p1a: Slaking|Knock Off|p2a: Bellibolt
|-damage|p2a: Bellibolt|28/100
|-start|p2a: Bellibolt|Charge|Knock Off|[from] ability: Electromorphosis
|-enditem|p2a: Bellibolt|Magnet|[from] move: Knock Off|[of] p1a: Slaking
|move|p2a: Bellibolt|Soak|p1a: Slaking
|-start|p1a: Slaking|typechange|Water
|
|upkeep
|turn|11
|
|t:|1758313602
|switch|p1a: Slowking|Slowking-Galar, M|100/100
|move|p2a: Bellibolt|Parabolic Charge|p1a: Slowking
|-damage|p1a: Slowking|74/100
|-heal|p2a: Bellibolt|42/100|[from] drain|[of] p1a: Slowking
|-end|p2a: Bellibolt|Charge|[silent]
|
|-heal|p1a: Slowking|80/100|[from] item: Black Sludge
|upkeep
|turn|12
|
|t:|1758313608
|switch|p2a: Scrafty|Scrafty, F|100/100
|-ability|p2a: Scrafty|Intimidate|boost
|-unboost|p1a: Slowking|atk|1
|move|p1a: Slowking|Future Sight|p2a: Scrafty
|-start|p1a: Slowking|move: Future Sight
|
|-heal|p1a: Slowking|87/100|[from] item: Black Sludge
|upkeep
|turn|13
|
|t:|1758313617
|move|p2a: Scrafty|Knock Off|p1a: Slowking
|-supereffective|p1a: Slowking
|-damage|p1a: Slowking|0 fnt
|-enditem|p1a: Slowking|Black Sludge|[from] move: Knock Off|[of] p2a: Scrafty
|faint|p1a: Slowking
|
|upkeep
|-message|PalworldDX forfeited.
|
|win|Elite4Azure
|raw|PalworldDX's rating: 1227 &rarr; <strong>1201</strong><br />(-26 for losing)
|raw|Elite4Azure's rating: 1212 &rarr; <strong>1238</strong><br />(+26 for winning)
|l|☆PalworldDX
|player|p1|
|l|☆Elite4Azure
|player|p2|
