|j|☆Star5071
|j|☆potat112
|t:|1758290906
|gametype|singles
|player|p1|Star5071|swimmerf|1056
|player|p2|potat112|gambler|1053
|gen|9
|tier|[Gen 9] OU
|rated|
|rule|HP Percentage Mod: HP is shown in percentages
|rule|Endless Battle Clause: Forcing endless battles is banned
|rule|Species Clause: Limit one of each Pokémon
|rule|OHKO Clause: OHKO moves are banned
|rule|Evasion Items Clause: Evasion items are banned
|rule|Evasion Moves Clause: Evasion moves are banned
|rule|Evasion Abilities Clause: Evasion abilities are banned
|rule|Sleep Moves Clause: Sleep-inducing moves are banned
|clearpoke
|poke|p1|Hitmonlee, M|
|poke|p1|Flareon, F|
|poke|p1|Porygon-Z|
|poke|p1|Serperior, M|
|poke|p1|Scrafty, F|
|poke|p1|Dragapult, M|
|poke|p2|Yanmega, M|
|poke|p2|Kleavor, M|
|poke|p2|Cryogonal|
|poke|p2|Emboar, M|
|poke|p2|Crawdaunt, F|
|poke|p2|Torterra, M|
|teampreview
|inactive|Battle timer is ON: inactive players will automatically lose when time's up. (requested by potat112)
|
|t:|1758290914
|teamsize|p1|6
|teamsize|p2|6
|start
|switch|p1a: Scrafty|Scrafty, F|100/100
|switch|p2a: Kleavor|Kleavor, M|100/100
|turn|1
|
|t:|1758290923
|move|p2a: Kleavor|Close Combat|p1a: Scrafty
|-supereffective|p1a: Scrafty
|-crit|p1a: Scrafty
|-damage|p1a: Scrafty|0 fnt
|-unboost|p2a: Kleavor|def|1
|-unboost|p2a: Kleavor|spd|1
|faint|p1a: Scrafty
|
|upkeep
|
|t:|1758290931
|switch|p1a: Hitmonlee|Hitmonlee, M|100/100
|turn|2
|
|t:|1758290937
|move|p1a: Hitmonlee|Endure|p1a: Hitmonlee
|-singleturn|p1a: Hitmonlee|move: Endure
|move|p2a: Kleavor|Close Combat|p1a: Hitmonlee
|-activate|p1a: Hitmonlee|move: Endure
|-damage|p1a: Hitmonlee|1/100
|-unboost|p2a: Kleavor|def|1
|-unboost|p2a: Kleavor|spd|1
|-enditem|p1a: Hitmonlee|Liechi Berry|[eat]
|-boost|p1a: Hitmonlee|atk|1|[from] item: Liechi Berry
|
|upkeep
|turn|3
|
|t:|1758290948
|switch|p2a: Yanmega|Yanmega, M|100/100
|move|p1a: Hitmonlee|Reversal|p2a: Yanmega
|-resisted|p2a: Yanmega
|-damage|p2a: Yanmega|52/100
|
|upkeep
|turn|4
|
|t:|1758290971
|-terastallize|p1a: Hitmonlee|Fighting
|move|p2a: Yanmega|Protect|p2a: Yanmega
|-singleturn|p2a: Yanmega|Protect
|move|p1a: Hitmonlee|Reversal|p2a: Yanmega
|-activate|p2a: Yanmega|move: Protect
|
|-ability|p2a: Yanmega|Speed Boost|boost
|-boost|p2a: Yanmega|spe|1
|upkeep
|turn|5
|
|t:|1758290983
|move|p1a: Hitmonlee|Reversal|p2a: Yanmega
|-resisted|p2a: Yanmega
|-damage|p2a: Yanmega|0 fnt
|faint|p2a: Yanmega
|
|upkeep
|inactive|potat112 has 120 seconds left.
|
|t:|1758291015
|switch|p2a: Crawdaunt|Crawdaunt, F|100/100
|turn|6
|
|t:|1758291043
|-terastallize|p2a: Crawdaunt|Water
|move|p2a: Crawdaunt|Aqua Jet|p1a: Hitmonlee
|-damage|p1a: Hitmonlee|0 fnt
|faint|p1a: Hitmonlee
|
|upkeep
|inactive|Star5071 has 120 seconds left.
|
|t:|1758291057
|switch|p1a: Flareon|Flareon, F|100/100
|turn|7
|inactive|potat112 has 120 seconds left.
|
|t:|1758291083
|move|p2a: Crawdaunt|Aqua Jet|p1a: Flareon
|-supereffective|p1a: Flareon
|-damage|p1a: Flareon|0 fnt
|faint|p1a: Flareon
|
|upkeep
|
|t:|1758291088
|switch|p1a: Serperior|Serperior, M|100/100
|turn|8
|
|t:|1758291099
|switch|p2a: Cryogonal|Cryogonal|100/100
|move|p1a: Serperior|Leaf Storm|p2a: Cryogonal
|-damage|p2a: Cryogonal|79/100
|-boost|p1a: Serperior|spa|2
|-damage|p1a: Serperior|91/100|[from] item: Life Orb
|
|upkeep
|turn|9
|
|t:|1758291108
|move|p1a: Serperior|Leaf Storm|p2a: Cryogonal
|-damage|p2a: Cryogonal|39/100
|-boost|p1a: Serperior|spa|2
|-damage|p1a: Serperior|81/100|[from] item: Life Orb
|move|p2a: Cryogonal|Freeze-Dry|p1a: Serperior
|-supereffective|p1a: Serperior
|-damage|p1a: Serperior|29/100
|
|upkeep
|turn|10
|inactive|potat112 has 120 seconds left.
|
|t:|1758291119
|move|p1a: Serperior|Leaf Storm|p2a: Cryogonal
|-damage|p2a: Cryogonal|0 fnt
|-boost|p1a: Serperior|spa|2
|faint|p2a: Cryogonal
|-damage|p1a: Serperior|19/100|[from] item: Life Orb
|
|upkeep
|
|t:|1758291121
|switch|p2a: Kleavor|Kleavor, M|100/100
|turn|11
|
|t:|1758291128
|move|p1a: Serperior|Leaf Storm|p2a: Kleavor
|-damage|p2a: Kleavor|0 fnt
|faint|p2a: Kleavor
|-damage|p1a: Serperior|9/100|[from] item: Life Orb
|
|upkeep
|
|t:|1758291132
|switch|p2a: Crawdaunt|Crawdaunt, F, tera:Water|100/100
|turn|12
|
|t:|1758291149
|move|p2a: Crawdaunt|Aqua Jet|p1a: Serperior
|-resisted|p1a: Serperior
|-damage|p1a: Serperior|0 fnt
|faint|p1a: Serperior
|
|upkeep
|
|t:|1758291158
|switch|p1a: Porygon-Z|Porygon-Z|100/100
|-ability|p1a: Porygon-Z|Download|boost
|-boost|p1a: Porygon-Z|spa|1
|turn|13
|
|t:|1758291169
|move|p2a: Crawdaunt|Aqua Jet|p1a: Porygon-Z
|-damage|p1a: Porygon-Z|59/100
|move|p1a: Porygon-Z|Thunderbolt|p2a: Crawdaunt
|-supereffective|p2a: Crawdaunt
|-damage|p2a: Crawdaunt|0 fnt
|faint|p2a: Crawdaunt
|
|upkeep
|
|t:|1758291178
|switch|p2a: Emboar|Emboar, M|100/100
|turn|14
|
|t:|1758291185
|move|p2a: Emboar|Close Combat|p1a: Porygon-Z
|-supereffective|p1a: Porygon-Z
|-damage|p1a: Porygon-Z|0 fnt
|-unboost|p2a: Emboar|def|1
|-unboost|p2a: Emboar|spd|1
|faint|p1a: Porygon-Z
|
|upkeep
|
|t:|1758291192
|switch|p1a: Dragapult|Dragapult, M|100/100
|turn|15
|
|t:|1758291199
|switch|p2a: Torterra|Torterra, M|100/100
|move|p1a: Dragapult|Dragon Darts|p2a: Torterra
|-damage|p2a: Torterra|72/100
|-anim|p1a: Dragapult|Dragon Darts|p2a: Torterra
|-damage|p2a: Torterra|44/100
|
|upkeep
|turn|16
|
|t:|1758291207
|move|p1a: Dragapult|Dragon Darts|p2a: Torterra
|-damage|p2a: Torterra|17/100
|-anim|p1a: Dragapult|Dragon Darts|p2a: Torterra
|-damage|p2a: Torterra|0 fnt
|faint|p2a: Torterra
|
|upkeep
|
|t:|1758291209
|switch|p2a: Emboar|Emboar, M|100/100
|turn|17
|inactive|Star5071 has 120 seconds left.
|
|t:|1758291240
|move|p2a: Emboar|Earthquake|p1a: Dragapult
|-damage|p1a: Dragapult|64/100
|move|p1a: Dragapult|Dragon Darts|p2a: Emboar
|-damage|p2a: Emboar|65/100
|-anim|p1a: Dragapult|Dragon Darts|p2a: Emboar
|-damage|p2a: Emboar|29/100
|
|upkeep
|turn|18
|
|t:|1758291246
|move|p2a: Emboar|Earthquake|p1a: Dragapult
|-damage|p1a: Dragapult|23/100
|-enditem|p1a: Dragapult|Salac Berry|[eat]
|-boost|p1a: Dragapult|spe|1|[from] item: Salac Berry
|move|p1a: Dragapult|Dragon Darts|p2a: Emboar
|-damage|p2a: Emboar|0 fnt
|faint|p2a: Emboar
|
|win|Star5071
|raw|Star5071's rating: 1056 &rarr; <strong>1087</strong><br />(+31 for winning)
|raw|potat112's rating: 1053 &rarr; <strong>1035</strong><br />(-18 for losing)
|l|☆potat112
|player|p2|
|l|☆Star5071
|player|p1|
