|j|☆catcat77
|j|☆kshuaib734
|t:|1758320511
|gametype|singles
|player|p1|catcat77|1|1622
|player|p2|kshuaib734|steven|1633
|gen|9
|tier|[Gen 9] OU
|rated|
|rule|HP Percentage Mod: HP is shown in percentages
|rule|Endless Battle Clause: Forcing endless battles is banned
|rule|Species Clause: Limit one of each Pokémon
|rule|OHKO Clause: OHKO moves are banned
|rule|Evasion Items Clause: Evasion items are banned
|rule|Evasion Moves Clause: Evasion moves are banned
|rule|Evasion Abilities Clause: Evasion abilities are banned
|rule|Sleep Moves Clause: Sleep-inducing moves are banned
|clearpoke
|poke|p1|Ogerpon-Wellspring, F|
|poke|p1|Kingambit, M|
|poke|p1|Great Tusk|
|poke|p1|Raging Bolt|
|poke|p1|Zamazenta-*|
|poke|p1|Iron Crown|
|poke|p2|Tyranitar, M|
|poke|p2|Overqwil, M|
|poke|p2|Pelipper, F|
|poke|p2|Quaquaval, F|
|poke|p2|Kingdra, M|
|poke|p2|Excadrill, F|
|teampreview
|inactive|Battle timer is ON: inactive players will automatically lose when time's up. (requested by kshuaib734)
|
|t:|1758320522
|teamsize|p1|6
|teamsize|p2|6
|start
|switch|p1a: Iron Crown|Iron Crown|100/100
|switch|p2a: Tyrant's Downpour|Pelipper, F|100/100
|-weather|RainDance|[from] ability: Drizzle|[of] p2a: Tyrant's Downpour
|turn|1
|
|t:|1758320539
|switch|p2a: Tyrant's Enforcer|Overqwil, M|100/100
|move|p1a: Iron Crown|Volt Switch|p2a: Tyrant's Enforcer
|-damage|p2a: Tyrant's Enforcer|48/100
|
|t:|1758320553
|-end|p1a: Iron Crown|Quark Drive|[silent]
|switch|p1a: Zamazenta|Zamazenta|100/100|[from] Volt Switch
|-ability|p1a: Zamazenta|Dauntless Shield|boost
|-boost|p1a: Zamazenta|def|1
|
|-weather|RainDance|[upkeep]
|upkeep
|turn|2
|
|t:|1758320559
|move|p2a: Tyrant's Enforcer|Pain Split|p1a: Zamazenta
|-sethp|p1a: Zamazenta|70/100|[from] move: Pain Split|[silent]
|-sethp|p2a: Tyrant's Enforcer|86/100|[from] move: Pain Split
|move|p1a: Zamazenta|Body Press|p2a: Tyrant's Enforcer
|-damage|p2a: Tyrant's Enforcer|13/100
|-damage|p1a: Zamazenta|53/100|[from] item: Rocky Helmet|[of] p2a: Tyrant's Enforcer
|
|-weather|RainDance|[upkeep]
|-heal|p1a: Zamazenta|59/100|[from] item: Leftovers
|upkeep
|turn|3
|
|t:|1758320570
|move|p2a: Tyrant's Enforcer|Spikes|p1a: Zamazenta
|-sidestart|p1: catcat77|Spikes
|move|p1a: Zamazenta|Body Press|p2a: Tyrant's Enforcer
|-damage|p2a: Tyrant's Enforcer|0 fnt
|-damage|p1a: Zamazenta|43/100|[from] item: Rocky Helmet|[of] p2a: Tyrant's Enforcer
|faint|p2a: Tyrant's Enforcer
|
|-weather|RainDance|[upkeep]
|-heal|p1a: Zamazenta|49/100|[from] item: Leftovers
|upkeep
|
|t:|1758320578
|switch|p2a: Tyrant's Vengeance|Kingdra, M|100/100
|turn|4
|
|t:|1758320581
|move|p2a: Tyrant's Vengeance|Hurricane|p1a: Zamazenta
|-supereffective|p1a: Zamazenta
|-damage|p1a: Zamazenta|0 fnt
|faint|p1a: Zamazenta
|
|-weather|RainDance|[upkeep]
|upkeep
|
|t:|1758320607
|switch|p1a: Raging Bolt|Raging Bolt|100/100
|-damage|p1a: Raging Bolt|88/100|[from] Spikes
|turn|5
|
|t:|1758320613
|switch|p2a: King Tyrant|Tyranitar, M|100/100
|-weather|Sandstorm|[from] ability: Sand Stream|[of] p2a: King Tyrant
|-terastallize|p1a: Raging Bolt|Electric
|move|p1a: Raging Bolt|Draco Meteor|p2a: King Tyrant
|-damage|p2a: King Tyrant|56/100
|-unboost|p1a: Raging Bolt|spa|2
|
|-weather|Sandstorm|[upkeep]
|-damage|p1a: Raging Bolt|82/100|[from] Sandstorm
|-heal|p1a: Raging Bolt|88/100|[from] item: Leftovers
|upkeep
|turn|6
|
|t:|1758320627
|-end|p1a: Raging Bolt|Protosynthesis|[silent]
|switch|p1a: Great Tusk|Great Tusk|100/100
|-damage|p1a: Great Tusk|88/100|[from] Spikes
|move|p2a: King Tyrant|Stealth Rock|p1a: Great Tusk
|-sidestart|p1: catcat77|move: Stealth Rock
|
|-weather|Sandstorm|[upkeep]
|upkeep
|turn|7
|
|t:|1758320634
|-terastallize|p2a: King Tyrant|Ghost
|move|p1a: Great Tusk|Rapid Spin|p2a: King Tyrant
|-immune|p2a: King Tyrant
|move|p2a: King Tyrant|Ice Beam|p1a: Great Tusk
|-supereffective|p1a: Great Tusk
|-damage|p1a: Great Tusk|24/100
|
|-weather|Sandstorm|[upkeep]
|-damage|p2a: King Tyrant|50/100|[from] Sandstorm
|upkeep
|turn|8
|
|t:|1758320643
|move|p1a: Great Tusk|Headlong Rush|p2a: King Tyrant
|-damage|p2a: King Tyrant|8/100
|-unboost|p1a: Great Tusk|def|1
|-unboost|p1a: Great Tusk|spd|1
|move|p2a: King Tyrant|Ice Beam|p1a: Great Tusk
|-supereffective|p1a: Great Tusk
|-damage|p1a: Great Tusk|0 fnt
|faint|p1a: Great Tusk
|-end|p1a: Great Tusk|Protosynthesis|[silent]
|
|-weather|Sandstorm|[upkeep]
|-damage|p2a: King Tyrant|2/100|[from] Sandstorm
|upkeep
|
|t:|1758320652
|switch|p1a: Ogerpon|Ogerpon-Wellspring, F|100/100
|-damage|p1a: Ogerpon|88/100|[from] Spikes
|-damage|p1a: Ogerpon|76/100|[from] Stealth Rock
|turn|9
|
|t:|1758320670
|switch|p2a: Tyrant's Downpour|Pelipper, F|100/100
|-weather|RainDance|[from] ability: Drizzle|[of] p2a: Tyrant's Downpour
|move|p1a: Ogerpon|Horn Leech|p2a: Tyrant's Downpour
|-damage|p2a: Tyrant's Downpour|65/100
|-heal|p1a: Ogerpon|95/100|[from] drain|[of] p2a: Tyrant's Downpour
|
|-weather|RainDance|[upkeep]
|upkeep
|turn|10
|
|t:|1758320683
|move|p1a: Ogerpon|Swords Dance|p1a: Ogerpon
|-boost|p1a: Ogerpon|atk|2
|move|p2a: Tyrant's Downpour|U-turn|p1a: Ogerpon
|-supereffective|p1a: Ogerpon
|-damage|p1a: Ogerpon|72/100
|
|t:|1758320691
|switch|p2a: Tyrant's Vengeance|Kingdra, M|100/100|[from] U-turn
|
|-weather|RainDance|[upkeep]
|upkeep
|turn|11
|
|t:|1758320697
|switch|p1a: Raging Bolt|Raging Bolt, tera:Electric|88/100
|-damage|p1a: Raging Bolt|76/100|[from] Spikes
|-damage|p1a: Raging Bolt|63/100|[from] Stealth Rock
|move|p2a: Tyrant's Vengeance|Hurricane|p1a: Raging Bolt
|-resisted|p1a: Raging Bolt
|-damage|p1a: Raging Bolt|44/100
|-start|p1a: Raging Bolt|confusion
|
|-weather|RainDance|[upkeep]
|-heal|p1a: Raging Bolt|50/100|[from] item: Leftovers
|upkeep
|turn|12
|
|t:|1758320709
|switch|p2a: Tyrant's Legacy|Excadrill, F|100/100
|-activate|p1a: Raging Bolt|confusion
|move|p1a: Raging Bolt|Draco Meteor|p2a: Tyrant's Legacy
|-resisted|p2a: Tyrant's Legacy
|-damage|p2a: Tyrant's Legacy|47/100
|-unboost|p1a: Raging Bolt|spa|2
|
|-weather|RainDance|[upkeep]
|-heal|p1a: Raging Bolt|56/100|[from] item: Leftovers
|upkeep
|turn|13
|
|t:|1758320718
|move|p2a: Tyrant's Legacy|Rapid Spin|p1a: Raging Bolt
|-damage|p1a: Raging Bolt|36/100
|-boost|p2a: Tyrant's Legacy|spe|1
|-damage|p2a: Tyrant's Legacy|38/100|[from] item: Life Orb
|-end|p1a: Raging Bolt|confusion
|move|p1a: Raging Bolt|Draco Meteor|p2a: Tyrant's Legacy
|-resisted|p2a: Tyrant's Legacy
|-crit|p2a: Tyrant's Legacy
|-damage|p2a: Tyrant's Legacy|0 fnt
|-unboost|p1a: Raging Bolt|spa|2
|faint|p2a: Tyrant's Legacy
|
|-weather|RainDance|[upkeep]
|-heal|p1a: Raging Bolt|42/100|[from] item: Leftovers
|upkeep
|
|t:|1758320736
|switch|p2a: Tyrant's Endgame|Quaquaval, F|100/100
|turn|14
|
|t:|1758320742
|-end|p1a: Raging Bolt|Protosynthesis|[silent]
|switch|p1a: Ogerpon|Ogerpon-Wellspring, F|72/100
|-damage|p1a: Ogerpon|60/100|[from] Spikes
|-damage|p1a: Ogerpon|47/100|[from] Stealth Rock
|move|p2a: Tyrant's Endgame|Close Combat|p1a: Ogerpon
|-damage|p1a: Ogerpon|0 fnt
|-unboost|p2a: Tyrant's Endgame|def|1
|-unboost|p2a: Tyrant's Endgame|spd|1
|faint|p1a: Ogerpon
|-ability|p2a: Tyrant's Endgame|Moxie|boost
|-boost|p2a: Tyrant's Endgame|atk|1
|-damage|p2a: Tyrant's Endgame|91/100|[from] item: Life Orb
|
|-weather|RainDance|[upkeep]
|upkeep
|
|t:|1758320751
|switch|p1a: Iron Crown|Iron Crown|100/100
|-damage|p1a: Iron Crown|88/100|[from] Spikes
|-damage|p1a: Iron Crown|82/100|[from] Stealth Rock
|turn|15
|
|t:|1758320765
|switch|p2a: King Tyrant|Tyranitar, M, tera:Ghost|2/100
|-weather|Sandstorm|[from] ability: Sand Stream|[of] p2a: King Tyrant
|move|p1a: Iron Crown|Volt Switch|p2a: King Tyrant
|-damage|p2a: King Tyrant|0 fnt
|faint|p2a: King Tyrant
|
|t:|1758320771
|-end|p1a: Iron Crown|Quark Drive|[silent]
|switch|p1a: Raging Bolt|Raging Bolt, tera:Electric|42/100|[from] Volt Switch
|-damage|p1a: Raging Bolt|29/100|[from] Spikes
|-damage|p1a: Raging Bolt|17/100|[from] Stealth Rock
|
|-weather|Sandstorm|[upkeep]
|-damage|p1a: Raging Bolt|11/100|[from] Sandstorm
|-heal|p1a: Raging Bolt|17/100|[from] item: Leftovers
|upkeep
|
|t:|1758320791
|switch|p2a: Tyrant's Endgame|Quaquaval, F|91/100
|turn|16
|
|t:|1758320794
|move|p2a: Tyrant's Endgame|Aqua Jet|p1a: Raging Bolt
|-damage|p1a: Raging Bolt|0 fnt
|faint|p1a: Raging Bolt
|-end|p1a: Raging Bolt|Protosynthesis|[silent]
|-ability|p2a: Tyrant's Endgame|Moxie|boost
|-boost|p2a: Tyrant's Endgame|atk|1
|-damage|p2a: Tyrant's Endgame|81/100|[from] item: Life Orb
|
|-weather|Sandstorm|[upkeep]
|-damage|p2a: Tyrant's Endgame|75/100|[from] Sandstorm
|upkeep
|
|t:|1758320803
|switch|p1a: Iron Crown|Iron Crown|82/100
|-damage|p1a: Iron Crown|69/100|[from] Spikes
|-damage|p1a: Iron Crown|63/100|[from] Stealth Rock
|turn|17
|
|t:|1758320810
|switch|p2a: Tyrant's Downpour|Pelipper, F|65/100
|-weather|RainDance|[from] ability: Drizzle|[of] p2a: Tyrant's Downpour
|move|p1a: Iron Crown|Psychic|p2a: Tyrant's Downpour
|-damage|p2a: Tyrant's Downpour|0 fnt
|faint|p2a: Tyrant's Downpour
|
|-weather|RainDance|[upkeep]
|upkeep
|
|t:|1758320818
|switch|p2a: Tyrant's Vengeance|Kingdra, M|100/100
|turn|18
|
|t:|1758320821
|move|p2a: Tyrant's Vengeance|Weather Ball|p1a: Iron Crown
|-damage|p1a: Iron Crown|0 fnt
|faint|p1a: Iron Crown
|-end|p1a: Iron Crown|Quark Drive|[silent]
|
|-weather|RainDance|[upkeep]
|upkeep
|
|t:|1758320825
|switch|p1a: Kingambit|Kingambit, M|100/100
|-damage|p1a: Kingambit|88/100|[from] Spikes
|-damage|p1a: Kingambit|82/100|[from] Stealth Rock
|turn|19
|
|t:|1758320830
|move|p2a: Tyrant's Vengeance|Weather Ball|p1a: Kingambit
|-damage|p1a: Kingambit|0 fnt
|faint|p1a: Kingambit
|
|win|kshuaib734
|raw|catcat77's rating: 1622 &rarr; <strong>1603</strong><br />(-19 for losing)
|raw|kshuaib734's rating: 1633 &rarr; <strong>1652</strong><br />(+19 for winning)
|l|☆catcat77
|player|p1|
|l|☆kshuaib734
|player|p2|
