|j|☆DefinetlyNotMe
|j|☆vaporeonds
|inactive|Battle timer is ON: inactive players will automatically lose when time's up.
|t:|1758311136
|gametype|singles
|player|p1|DefinetlyNotMe|#psstaff1|
|player|p2|vaporeonds|miku-ghost|
|gen|9
|tier|[Gen 9] OU
|rated|Tournament battle
|rule|HP Percentage Mod: HP is shown in percentages
|rule|Endless Battle Clause: Forcing endless battles is banned
|rule|Species Clause: Limit one of each Pokémon
|rule|OHKO Clause: OHKO moves are banned
|rule|Evasion Items Clause: Evasion items are banned
|rule|Evasion Moves Clause: Evasion moves are banned
|rule|Evasion Abilities Clause: Evasion abilities are banned
|rule|Sleep Moves Clause: Sleep-inducing moves are banned
|clearpoke
|poke|p1|Iron Valiant|
|poke|p1|Zamazenta-*|
|poke|p1|Kyurem|
|poke|p1|Gholdengo|
|poke|p1|Great Tusk|
|poke|p1|Moltres|
|poke|p2|Weezing-Galar, M|
|poke|p2|Tornadus-Therian, M|
|poke|p2|Weavile, M|
|poke|p2|Ting-Lu|
|poke|p2|Gholdengo|
|poke|p2|Hydrapple, M|
|teampreview
|inactive|vaporeonds also wants the timer to be on.
|inactive|DefinetlyNotMe also wants the timer to be on.
|j|*Lady Monita ☀
|c|☆vaporeonds|hf
|inactive|DefinetlyNotMe has 120 seconds left.
|inactive|vaporeonds has 120 seconds left.
|j| Albrtix
|c|☆DefinetlyNotMe|u2
|inactive|DefinetlyNotMe has 90 seconds left.
|
|t:|1758311216
|teamsize|p1|6
|teamsize|p2|6
|start
|switch|p1a: Moltres|Moltres|100/100
|switch|p2a: Unset|Tornadus-Therian, M|100/100
|turn|1
|
|t:|1758311221
|move|p2a: Unset|Knock Off|p1a: Moltres
|-damage|p1a: Moltres|82/100
|-enditem|p1a: Moltres|Heavy-Duty Boots|[from] move: Knock Off|[of] p2a: Unset
|move|p1a: Moltres|U-turn|p2a: Unset
|-resisted|p2a: Unset
|-damage|p2a: Unset|92/100
|
|t:|1758311239
|switch|p1a: Gholdengo|Gholdengo|100/100|[from] U-turn
|
|upkeep
|turn|2
|
|t:|1758311245
|move|p2a: Unset|Knock Off|p1a: Gholdengo
|-supereffective|p1a: Gholdengo
|-damage|p1a: Gholdengo|72/100
|-enditem|p1a: Gholdengo|Covert Cloak|[from] move: Knock Off|[of] p2a: Unset
|move|p1a: Gholdengo|Nasty Plot|p1a: Gholdengo
|-boost|p1a: Gholdengo|spa|2
|
|upkeep
|turn|3
|
|t:|1758311248
|move|p2a: Unset|Heat Wave|p1a: Gholdengo
|-supereffective|p1a: Gholdengo
|-damage|p1a: Gholdengo|29/100
|-status|p1a: Gholdengo|brn
|move|p1a: Gholdengo|Recover|p1a: Gholdengo
|-heal|p1a: Gholdengo|79/100 brn
|
|-damage|p1a: Gholdengo|73/100 brn|[from] brn
|upkeep
|turn|4
|
|t:|1758311261
|move|p2a: Unset|Heat Wave|p1a: Gholdengo
|-supereffective|p1a: Gholdengo
|-damage|p1a: Gholdengo|29/100 brn
|move|p1a: Gholdengo|Shadow Ball|p2a: Unset
|-damage|p2a: Unset|44/100
|
|-damage|p1a: Gholdengo|22/100 brn|[from] brn
|upkeep
|turn|5
|c|☆DefinetlyNotMe|this bad luck
|c|☆DefinetlyNotMe|is getting annoying
|
|t:|1758311270
|move|p2a: Unset|Heat Wave|p1a: Gholdengo
|-supereffective|p1a: Gholdengo
|-damage|p1a: Gholdengo|0 fnt
|faint|p1a: Gholdengo
|
|upkeep
|
|t:|1758311278
|switch|p1a: Zamazenta|Zamazenta|100/100
|-ability|p1a: Zamazenta|Dauntless Shield|boost
|-boost|p1a: Zamazenta|def|1
|turn|6
|
|t:|1758311283
|switch|p2a: Fake|Weezing-Galar, M|100/100
|-ability|p2a: Fake|Neutralizing Gas
|move|p1a: Zamazenta|Stone Edge|p2a: Fake|[miss]
|-miss|p1a: Zamazenta|p2a: Fake
|
|upkeep
|turn|7
|
|t:|1758311288
|switch|p1a: Moltres|Moltres|82/100
|move|p2a: Fake|Sludge Bomb|p1a: Moltres
|-damage|p1a: Moltres|62/100
|
|upkeep
|turn|8
|
|t:|1758311292
|-end|p2a: Fake|ability: Neutralizing Gas
|switch|p2a: Cutie pie|Ting-Lu|100/100
|-ability|p2a: Cutie pie|Vessel of Ruin
|move|p1a: Moltres|U-turn|p2a: Cutie pie
|-supereffective|p2a: Cutie pie
|-damage|p2a: Cutie pie|84/100
|
|t:|1758311299
|switch|p1a: Great Tusk|Great Tusk|100/100|[from] U-turn
|
|-heal|p2a: Cutie pie|90/100|[from] item: Leftovers
|upkeep
|turn|9
|
|t:|1758311308
|switch|p2a: Takedown|Gholdengo|100/100
|-item|p2a: Takedown|Air Balloon
|move|p1a: Great Tusk|Rapid Spin|p2a: Takedown
|-immune|p2a: Takedown
|
|upkeep
|turn|10
|
|t:|1758311311
|move|p1a: Great Tusk|Ice Spinner|p2a: Takedown
|-resisted|p2a: Takedown
|-damage|p2a: Takedown|92/100
|-enditem|p2a: Takedown|Air Balloon
|move|p2a: Takedown|Make It Rain|p1a: Great Tusk
|-damage|p1a: Great Tusk|32/100
|-unboost|p2a: Takedown|spa|1
|
|upkeep
|turn|11
|
|t:|1758311315
|switch|p2a: Unset|Tornadus-Therian, M|78/100
|move|p1a: Great Tusk|Ice Spinner|p2a: Unset
|-supereffective|p2a: Unset
|-damage|p2a: Unset|18/100
|
|upkeep
|turn|12
|
|t:|1758311320
|-end|p1a: Great Tusk|Protosynthesis|[silent]
|switch|p1a: Moltres|Moltres|62/100
|move|p2a: Unset|Bleakwind Storm|p1a: Moltres
|-damage|p1a: Moltres|31/100
|-unboost|p1a: Moltres|spe|1
|
|upkeep
|turn|13
|
|t:|1758311323
|move|p2a: Unset|Bleakwind Storm|p1a: Moltres
|-damage|p1a: Moltres|0 fnt
|faint|p1a: Moltres
|
|upkeep
|
|t:|1758311327
|switch|p1a: Zamazenta|Zamazenta|100/100
|turn|14
|
|t:|1758311334
|switch|p2a: Fake|Weezing-Galar, M|100/100
|-ability|p2a: Fake|Neutralizing Gas
|move|p1a: Zamazenta|Stone Edge|p2a: Fake
|-damage|p2a: Fake|83/100
|
|upkeep
|turn|15
|
|t:|1758311339
|switch|p1a: Great Tusk|Great Tusk|32/100
|move|p2a: Fake|Sludge Bomb|p1a: Great Tusk
|-resisted|p1a: Great Tusk
|-damage|p1a: Great Tusk|13/100
|-status|p1a: Great Tusk|psn
|
|-damage|p1a: Great Tusk|0 fnt|[from] psn
|faint|p1a: Great Tusk
|-end|p1a: Great Tusk|Protosynthesis|[silent]
|upkeep
|
|t:|1758311342
|switch|p1a: Kyurem|Kyurem|100/100
|turn|16
|
|t:|1758311350
|move|p1a: Kyurem|Substitute|p1a: Kyurem
|-start|p1a: Kyurem|Substitute
|-damage|p1a: Kyurem|76/100
|move|p2a: Fake|Sludge Bomb|p1a: Kyurem
|-end|p1a: Kyurem|Substitute
|
|upkeep
|turn|17
|
|t:|1758311352
|move|p1a: Kyurem|Dragon Dance|p1a: Kyurem
|-boost|p1a: Kyurem|atk|1
|-boost|p1a: Kyurem|spe|1
|move|p2a: Fake|Sludge Bomb|p1a: Kyurem
|-damage|p1a: Kyurem|50/100
|
|upkeep
|turn|18
|
|t:|1758311359
|-terastallize|p1a: Kyurem|Ground
|move|p1a: Kyurem|Tera Blast|p2a: Fake|[anim] Tera Blast Ground
|-supereffective|p2a: Fake
|-crit|p2a: Fake
|-damage|p2a: Fake|0 fnt
|faint|p2a: Fake
|-end|p2a: Fake|ability: Neutralizing Gas
|-ability|p1a: Kyurem|Pressure
|
|upkeep
|
|t:|1758311367
|switch|p2a: Real 1|Weavile, M|100/100
|-ability|p2a: Real 1|Pressure
|turn|19
|
|t:|1758311370
|switch|p1a: Zamazenta|Zamazenta|100/100
|move|p2a: Real 1|Ice Shard|p1a: Zamazenta
|-damage|p1a: Zamazenta|83/100
|
|-heal|p1a: Zamazenta|89/100|[from] item: Leftovers
|upkeep
|turn|20
|
|t:|1758311375
|switch|p2a: Takedown|Gholdengo|92/100
|move|p1a: Zamazenta|Iron Defense|p1a: Zamazenta
|-boost|p1a: Zamazenta|def|2
|
|-heal|p1a: Zamazenta|95/100|[from] item: Leftovers
|upkeep
|turn|21
|
|t:|1758311378
|move|p1a: Zamazenta|Crunch|p2a: Takedown
|-supereffective|p2a: Takedown
|-damage|p2a: Takedown|57/100
|move|p2a: Takedown|Shadow Ball|p1a: Zamazenta
|-damage|p1a: Zamazenta|64/100
|
|-heal|p1a: Zamazenta|70/100|[from] item: Leftovers
|upkeep
|turn|22
|
|t:|1758311382
|move|p1a: Zamazenta|Crunch|p2a: Takedown
|-supereffective|p2a: Takedown
|-damage|p2a: Takedown|21/100
|move|p2a: Takedown|Recover|p2a: Takedown
|-heal|p2a: Takedown|71/100
|
|-heal|p1a: Zamazenta|76/100|[from] item: Leftovers
|upkeep
|turn|23
|
|t:|1758311386
|move|p1a: Zamazenta|Crunch|p2a: Takedown
|-supereffective|p2a: Takedown
|-damage|p2a: Takedown|39/100
|move|p2a: Takedown|Recover|p2a: Takedown
|-heal|p2a: Takedown|89/100
|
|-heal|p1a: Zamazenta|82/100|[from] item: Leftovers
|upkeep
|turn|24
|
|t:|1758311391
|move|p1a: Zamazenta|Crunch|p2a: Takedown
|-supereffective|p2a: Takedown
|-damage|p2a: Takedown|54/100
|move|p2a: Takedown|Nasty Plot|p2a: Takedown
|-boost|p2a: Takedown|spa|2
|
|-heal|p1a: Zamazenta|88/100|[from] item: Leftovers
|upkeep
|turn|25
|
|t:|1758311397
|move|p1a: Zamazenta|Crunch|p2a: Takedown
|-supereffective|p2a: Takedown
|-damage|p2a: Takedown|18/100
|-unboost|p2a: Takedown|def|1
|move|p2a: Takedown|Make It Rain|p1a: Zamazenta
|-damage|p1a: Zamazenta|0 fnt
|-unboost|p2a: Takedown|spa|1
|faint|p1a: Zamazenta
|
|upkeep
|
|t:|1758311401
|switch|p1a: Iron Valiant|Iron Valiant|100/100
|-enditem|p1a: Iron Valiant|Booster Energy
|-activate|p1a: Iron Valiant|ability: Quark Drive|[fromitem]
|-start|p1a: Iron Valiant|quarkdrivespe
|turn|26
|
|t:|1758311409
|move|p1a: Iron Valiant|Knock Off|p2a: Takedown
|-supereffective|p2a: Takedown
|-damage|p2a: Takedown|0 fnt
|faint|p2a: Takedown
|
|upkeep
|
|t:|1758311413
|switch|p2a: Unset|Tornadus-Therian, M|52/100
|turn|27
|
|t:|1758311416
|switch|p2a: Cutie pie|Ting-Lu|90/100
|-ability|p2a: Cutie pie|Vessel of Ruin
|move|p1a: Iron Valiant|Ice Punch|p2a: Cutie pie
|-supereffective|p2a: Cutie pie
|-damage|p2a: Cutie pie|62/100
|
|-heal|p2a: Cutie pie|68/100|[from] item: Leftovers
|upkeep
|turn|28
|
|t:|1758311421
|move|p1a: Iron Valiant|Swords Dance|p1a: Iron Valiant
|-boost|p1a: Iron Valiant|atk|2
|move|p2a: Cutie pie|Earthquake|p1a: Iron Valiant
|-damage|p1a: Iron Valiant|55/100
|
|-heal|p2a: Cutie pie|74/100|[from] item: Leftovers
|upkeep
|turn|29
|
|t:|1758311428
|move|p1a: Iron Valiant|Ice Punch|p2a: Cutie pie
|-supereffective|p2a: Cutie pie
|-damage|p2a: Cutie pie|20/100
|move|p2a: Cutie pie|Earthquake|p1a: Iron Valiant
|-damage|p1a: Iron Valiant|5/100
|
|-heal|p2a: Cutie pie|26/100|[from] item: Leftovers
|upkeep
|turn|30
|
|t:|1758311432
|move|p1a: Iron Valiant|Ice Punch|p2a: Cutie pie
|-supereffective|p2a: Cutie pie
|-damage|p2a: Cutie pie|0 fnt
|faint|p2a: Cutie pie
|
|upkeep
|
|t:|1758311434
|switch|p2a: Real 1|Weavile, M|100/100
|-ability|p2a: Real 1|Pressure
|turn|31
|
|t:|1758311437
|move|p2a: Real 1|Ice Shard|p1a: Iron Valiant
|-damage|p1a: Iron Valiant|0 fnt
|faint|p1a: Iron Valiant
|-end|p1a: Iron Valiant|Quark Drive|[silent]
|
|upkeep
|
|t:|1758311438
|switch|p1a: Kyurem|Kyurem, tera:Ground|50/100
|-ability|p1a: Kyurem|Pressure
|turn|32
|
|t:|1758311440
|move|p2a: Real 1|Knock Off|p1a: Kyurem
|-damage|p1a: Kyurem|4/100
|-enditem|p1a: Kyurem|Loaded Dice|[from] move: Knock Off|[of] p2a: Real 1
|move|p1a: Kyurem|Tera Blast|p2a: Real 1|[anim] Tera Blast Ground
|-damage|p2a: Real 1|16/100
|
|upkeep
|turn|33
|
|t:|1758311444
|move|p2a: Real 1|Ice Shard|p1a: Kyurem
|-supereffective|p1a: Kyurem
|-damage|p1a: Kyurem|0 fnt
|faint|p1a: Kyurem
|
|win|vaporeonds
|n|☆DefinetlyNotMe|definetlynotme
|n|☆vaporeonds|vaporeonds
|n|*Lady Monita ☀|ladymonita
|n| Albrtix|albrtix
|l|*Lady Monita ☀
|c|☆vaporeonds|not risking taxel
|c|☆vaporeonds|gg
|c|☆DefinetlyNotMe|gg
|l|☆DefinetlyNotMe
|player|p1|
|l|☆vaporeonds
|player|p2|
