|j|☆darkid321
|j|☆TPX05
|t:|1758367422
|gametype|singles
|player|p1|darkid321|policeman-gen4|1454
|player|p2|TPX05|1|1398
|gen|9
|tier|[Gen 9] OU
|rated|
|rule|HP Percentage Mod: HP is shown in percentages
|rule|Endless Battle Clause: Forcing endless battles is banned
|rule|Species Clause: Limit one of each Pokémon
|rule|OHKO Clause: OHKO moves are banned
|rule|Evasion Items Clause: Evasion items are banned
|rule|Evasion Moves Clause: Evasion moves are banned
|rule|Evasion Abilities Clause: Evasion abilities are banned
|rule|Sleep Moves Clause: Sleep-inducing moves are banned
|clearpoke
|poke|p1|Walking Wake|
|poke|p1|Rillaboom, F|
|poke|p1|Skeledirge, M|
|poke|p1|Azelf|
|poke|p1|Iron Treads|
|poke|p1|Iron Hands|
|poke|p2|Araquanid, M|
|poke|p2|Gholdengo|
|poke|p2|Kingambit, M|
|poke|p2|Raging Bolt|
|poke|p2|Enamorus, F|
|poke|p2|Iron Moth|
|teampreview
|inactive|Battle timer is ON: inactive players will automatically lose when time's up. (requested by darkid321)
|
|t:|1758367431
|teamsize|p1|6
|teamsize|p2|6
|start
|switch|p1a: Iron Hands|Iron Hands|100/100
|switch|p2a: Araquanid|Araquanid, M|100/100
|-enditem|p1a: Iron Hands|Booster Energy
|-activate|p1a: Iron Hands|ability: Quark Drive|[fromitem]
|-start|p1a: Iron Hands|quarkdriveatk
|turn|1
|
|t:|1758367438
|move|p1a: Iron Hands|Fake Out|p2a: Araquanid
|-damage|p2a: Araquanid|78/100
|cant|p2a: Araquanid|flinch
|
|upkeep
|turn|2
|
|t:|1758367451
|switch|p2a: Raging Bolt|Raging Bolt|100/100
|-enditem|p2a: Raging Bolt|Booster Energy
|-activate|p2a: Raging Bolt|ability: Protosynthesis|[fromitem]
|-start|p2a: Raging Bolt|protosynthesisspa
|move|p1a: Iron Hands|Supercell Slam|p2a: Raging Bolt
|-resisted|p2a: Raging Bolt
|-damage|p2a: Raging Bolt|82/100
|
|upkeep
|turn|3
|
|t:|1758367460
|-end|p1a: Iron Hands|Quark Drive|[silent]
|switch|p1a: Rillaboom|Rillaboom, F|100/100
|-fieldstart|move: Grassy Terrain|[from] ability: Grassy Surge|[of] p1a: Rillaboom
|move|p2a: Raging Bolt|Dragon Pulse|p1a: Rillaboom
|-damage|p1a: Rillaboom|47/100
|
|-heal|p2a: Raging Bolt|88/100|[from] Grassy Terrain
|-heal|p1a: Rillaboom|53/100|[from] Grassy Terrain
|-heal|p1a: Rillaboom|59/100|[from] item: Leftovers
|upkeep
|turn|4
|
|t:|1758367471
|move|p2a: Raging Bolt|Dragon Pulse|p1a: Rillaboom
|-damage|p1a: Rillaboom|10/100
|move|p1a: Rillaboom|Leech Seed|p2a: Raging Bolt
|-start|p2a: Raging Bolt|move: Leech Seed
|
|-heal|p2a: Raging Bolt|95/100|[from] Grassy Terrain
|-heal|p1a: Rillaboom|16/100|[from] Grassy Terrain
|-heal|p1a: Rillaboom|23/100|[from] item: Leftovers
|-damage|p2a: Raging Bolt|82/100|[from] Leech Seed|[of] p1a: Rillaboom
|-heal|p1a: Rillaboom|34/100|[silent]
|upkeep
|turn|5
|
|t:|1758367480
|-end|p2a: Raging Bolt|Protosynthesis|[silent]
|switch|p2a: Araquanid|Araquanid, M|78/100
|move|p1a: Rillaboom|Protect||[still]
|-fail|p1a: Rillaboom
|
|-heal|p1a: Rillaboom|41/100|[from] Grassy Terrain
|-heal|p1a: Rillaboom|47/100|[from] item: Leftovers
|-heal|p2a: Araquanid|84/100|[from] Grassy Terrain
|upkeep
|turn|6
|
|t:|1758367490
|switch|p1a: Iron Hands|Iron Hands|100/100
|move|p2a: Araquanid|Lunge|p1a: Iron Hands
|-resisted|p1a: Iron Hands
|-damage|p1a: Iron Hands|92/100
|-unboost|p1a: Iron Hands|atk|1
|
|-heal|p1a: Iron Hands|98/100|[from] Grassy Terrain
|-heal|p2a: Araquanid|90/100|[from] Grassy Terrain
|upkeep
|turn|7
|
|t:|1758367499
|-terastallize|p2a: Araquanid|Ghost
|move|p1a: Iron Hands|Ice Punch|p2a: Araquanid
|-damage|p2a: Araquanid|68/100
|move|p2a: Araquanid|Sticky Web|p1a: Iron Hands
|-sidestart|p1: darkid321|move: Sticky Web
|
|-heal|p1a: Iron Hands|100/100|[from] Grassy Terrain
|-heal|p2a: Araquanid|75/100|[from] Grassy Terrain
|-fieldend|move: Grassy Terrain
|upkeep
|turn|8
|
|t:|1758367509
|move|p1a: Iron Hands|Supercell Slam|p2a: Araquanid
|-damage|p2a: Araquanid|34/100
|move|p2a: Araquanid|Liquidation|p1a: Iron Hands
|-damage|p1a: Iron Hands|64/100
|
|upkeep
|turn|9
|
|t:|1758367525
|switch|p2a: Raging Bolt|Raging Bolt|82/100
|move|p1a: Iron Hands|Drain Punch|p2a: Raging Bolt
|-damage|p2a: Raging Bolt|55/100
|-heal|p1a: Iron Hands|76/100|[from] drain|[of] p2a: Raging Bolt
|
|upkeep
|turn|10
|
|t:|1758367546
|-end|p1a: Iron Hands|Quark Drive|[silent]
|switch|p1a: Skeledirge|Skeledirge, M|100/100
|move|p2a: Raging Bolt|Dragon Pulse|p1a: Skeledirge
|-damage|p1a: Skeledirge|50/100
|
|upkeep
|turn|11
|
|t:|1758367554
|-terastallize|p1a: Skeledirge|Fairy
|move|p2a: Raging Bolt|Thunderbolt|p1a: Skeledirge
|-damage|p1a: Skeledirge|0 fnt
|faint|p1a: Skeledirge
|
|upkeep
|
|t:|1758367561
|switch|p1a: Iron Treads|Iron Treads|100/100
|-activate|p1a: Iron Treads|move: Sticky Web
|-unboost|p1a: Iron Treads|spe|1
|-enditem|p1a: Iron Treads|Booster Energy
|-activate|p1a: Iron Treads|ability: Quark Drive|[fromitem]
|-start|p1a: Iron Treads|quarkdriveatk
|turn|12
|
|t:|1758367568
|-end|p2a: Raging Bolt|Protosynthesis|[silent]
|switch|p2a: Araquanid|Araquanid, M, tera:Ghost|34/100
|move|p1a: Iron Treads|High Horsepower|p2a: Araquanid
|-damage|p2a: Araquanid|0 fnt
|faint|p2a: Araquanid
|
|upkeep
|
|t:|1758367572
|switch|p2a: Gholdengo|Gholdengo|100/100
|-item|p2a: Gholdengo|Air Balloon
|turn|13
|
|t:|1758367578
|move|p2a: Gholdengo|Shadow Ball|p1a: Iron Treads
|-damage|p1a: Iron Treads|31/100
|move|p1a: Iron Treads|Knock Off|p2a: Gholdengo
|-supereffective|p2a: Gholdengo
|-damage|p2a: Gholdengo|10/100
|-enditem|p2a: Gholdengo|Air Balloon
|
|upkeep
|turn|14
|
|t:|1758367595
|-end|p1a: Iron Treads|Quark Drive|[silent]
|switch|p1a: Rillaboom|Rillaboom, F|47/100
|-activate|p1a: Rillaboom|move: Sticky Web
|-unboost|p1a: Rillaboom|spe|1
|-fieldstart|move: Grassy Terrain|[from] ability: Grassy Surge|[of] p1a: Rillaboom
|move|p2a: Gholdengo|Shadow Ball|p1a: Rillaboom
|-damage|p1a: Rillaboom|12/100
|
|-heal|p2a: Gholdengo|16/100|[from] Grassy Terrain
|-heal|p1a: Rillaboom|19/100|[from] Grassy Terrain
|-heal|p1a: Rillaboom|25/100|[from] item: Leftovers
|upkeep
|turn|15
|
|t:|1758367606
|switch|p2a: Iron Moth|Iron Moth|100/100
|-enditem|p2a: Iron Moth|Booster Energy
|-activate|p2a: Iron Moth|ability: Quark Drive|[fromitem]
|-start|p2a: Iron Moth|quarkdrivespa
|move|p1a: Rillaboom|Protect||[still]
|-fail|p1a: Rillaboom
|
|-heal|p1a: Rillaboom|31/100|[from] Grassy Terrain
|-heal|p1a: Rillaboom|37/100|[from] item: Leftovers
|upkeep
|turn|16
|
|t:|1758367618
|move|p2a: Iron Moth|Fiery Dance|p1a: Rillaboom
|-supereffective|p1a: Rillaboom
|-damage|p1a: Rillaboom|0 fnt
|-boost|p2a: Iron Moth|spa|1
|faint|p1a: Rillaboom
|
|upkeep
|
|t:|1758367634
|switch|p1a: Walking Wake|Walking Wake|100/100
|-activate|p1a: Walking Wake|move: Sticky Web
|-unboost|p1a: Walking Wake|spe|1
|-enditem|p1a: Walking Wake|Booster Energy
|-activate|p1a: Walking Wake|ability: Protosynthesis|[fromitem]
|-start|p1a: Walking Wake|protosynthesisspa
|turn|17
|
|t:|1758367641
|-end|p2a: Iron Moth|Quark Drive|[silent]
|switch|p2a: Enamorus|Enamorus, F|100/100
|move|p1a: Walking Wake|Hydro Steam|p2a: Enamorus
|-damage|p2a: Enamorus|23/100
|
|upkeep
|turn|18
|
|t:|1758367648
|move|p2a: Enamorus|Moonblast|p1a: Walking Wake
|-supereffective|p1a: Walking Wake
|-damage|p1a: Walking Wake|0 fnt
|faint|p1a: Walking Wake
|-end|p1a: Walking Wake|Protosynthesis|[silent]
|
|-fieldend|move: Grassy Terrain
|upkeep
|
|t:|1758367654
|switch|p1a: Azelf|Azelf|100/100
|turn|19
|
|t:|1758367662
|switch|p2a: Kingambit|Kingambit, M|100/100
|-activate|p2a: Kingambit|ability: Supreme Overlord
|-start|p2a: Kingambit|fallen1|[silent]
|move|p1a: Azelf|Nasty Plot|p1a: Azelf
|-boost|p1a: Azelf|spa|2
|
|upkeep
|turn|20
|
|t:|1758367670
|move|p1a: Azelf|Flamethrower|p2a: Kingambit
|-supereffective|p2a: Kingambit
|-damage|p2a: Kingambit|0 fnt
|faint|p2a: Kingambit
|-end|p2a: Kingambit|fallen1|[silent]
|
|upkeep
|
|t:|1758367679
|switch|p2a: Raging Bolt|Raging Bolt|55/100
|turn|21
|
|t:|1758367690
|move|p1a: Azelf|Dazzling Gleam|p2a: Raging Bolt
|-supereffective|p2a: Raging Bolt
|-damage|p2a: Raging Bolt|0 fnt
|faint|p2a: Raging Bolt
|-end|p2a: Raging Bolt|Protosynthesis|[silent]
|
|upkeep
|-message|TPX05 forfeited.
|
|win|darkid321
|raw|darkid321's rating: 1454 &rarr; <strong>1471</strong><br />(+17 for winning)
|raw|TPX05's rating: 1398 &rarr; <strong>1381</strong><br />(-17 for losing)
|l|☆TPX05
|player|p2|
|l|☆darkid321
|player|p1|
