|j|☆bingus100
|j|☆water1oo
|t:|1758266615
|gametype|singles
|player|p1|bingus100|clay|1502
|player|p2|water1oo|1|1534
|gen|9
|tier|[Gen 9] OU
|rated|
|rule|HP Percentage Mod: HP is shown in percentages
|rule|Endless Battle Clause: Forcing endless battles is banned
|rule|Species Clause: Limit one of each Pokémon
|rule|OHKO Clause: OHKO moves are banned
|rule|Evasion Items Clause: Evasion items are banned
|rule|Evasion Moves Clause: Evasion moves are banned
|rule|Evasion Abilities Clause: Evasion abilities are banned
|rule|Sleep Moves Clause: Sleep-inducing moves are banned
|clearpoke
|poke|p1|Heatran, M|
|poke|p1|Ogerpon-Wellspring, F|
|poke|p1|Rillaboom, M|
|poke|p1|Great Tusk|
|poke|p1|Dragapult, M|
|poke|p1|Bronzong|
|poke|p2|Gholdengo|
|poke|p2|Ting-Lu|
|poke|p2|Glimmora, F|
|poke|p2|Greninja-*, M|
|poke|p2|Cinderace, F|
|poke|p2|Weavile, F|
|teampreview
|
|t:|1758266624
|teamsize|p1|6
|teamsize|p2|6
|start
|switch|p1a: Bronzong|Bronzong, shiny|100/100
|switch|p2a: Glimmora|Glimmora, F|100/100
|turn|1
|
|t:|1758266650
|move|p2a: Glimmora|Stealth Rock|p1a: Bronzong
|-sidestart|p1: bingus100|move: Stealth Rock
|move|p1a: Bronzong|Stealth Rock|p2a: Glimmora
|-sidestart|p2: water1oo|move: Stealth Rock
|
|upkeep
|turn|2
|
|t:|1758266656
|move|p2a: Glimmora|Earth Power|p1a: Bronzong
|-immune|p1a: Bronzong|[from] ability: Levitate
|move|p1a: Bronzong|Psychic Noise|p2a: Glimmora
|-supereffective|p2a: Glimmora
|-damage|p2a: Glimmora|52/100
|-start|p2a: Glimmora|move: Heal Block
|
|upkeep
|turn|3
|
|t:|1758266664
|switch|p2a: Greninja|Greninja, M|100/100
|-damage|p2a: Greninja|88/100|[from] Stealth Rock
|move|p1a: Bronzong|Psychic Noise|p2a: Greninja
|-immune|p2a: Greninja
|
|upkeep
|turn|4
|
|t:|1758266672
|move|p2a: Greninja|Dark Pulse|p1a: Bronzong
|-supereffective|p1a: Bronzong
|-enditem|p1a: Bronzong|Colbur Berry|[eat]
|-enditem|p1a: Bronzong|Colbur Berry|[weaken]
|-damage|p1a: Bronzong|59/100
|-damage|p2a: Greninja|78/100|[from] item: Life Orb
|move|p1a: Bronzong|Body Press|p2a: Greninja
|-supereffective|p2a: Greninja
|-damage|p2a: Greninja|0 fnt
|faint|p2a: Greninja
|
|upkeep
|
|t:|1758266684
|switch|p2a: Cinderace|Cinderace, F|100/100
|-damage|p2a: Cinderace|76/100|[from] Stealth Rock
|turn|5
|
|t:|1758266691
|switch|p1a: Heatran|Heatran, M|100/100
|-damage|p1a: Heatran|88/100|[from] Stealth Rock
|move|p2a: Cinderace|Swords Dance|p2a: Cinderace
|-boost|p2a: Cinderace|atk|2
|
|-heal|p1a: Heatran|94/100|[from] item: Leftovers
|upkeep
|turn|6
|
|t:|1758266698
|move|p2a: Cinderace|Trailblaze|p1a: Heatran
|-resisted|p1a: Heatran
|-damage|p1a: Heatran|87/100
|-boost|p2a: Cinderace|spe|1
|move|p1a: Heatran|Earth Power|p2a: Cinderace
|-supereffective|p2a: Cinderace
|-damage|p2a: Cinderace|0 fnt
|faint|p2a: Cinderace
|
|-heal|p1a: Heatran|93/100|[from] item: Leftovers
|upkeep
|
|t:|1758266708
|switch|p2a: Glimmora|Glimmora, F|52/100
|-damage|p2a: Glimmora|39/100|[from] Stealth Rock
|turn|7
|-message|water1oo forfeited.
|
|win|bingus100
|raw|bingus100's rating: 1502 &rarr; <strong>1524</strong><br />(+22 for winning)
|raw|water1oo's rating: 1534 &rarr; <strong>1512</strong><br />(-22 for losing)
|l|☆water1oo
|player|p2|
|l|☆bingus100
|player|p1|
