|j|☆ay cheu
|j|☆Rohit-Majum
|t:|1758345249
|gametype|singles
|player|p1|ay cheu|riley|1512
|player|p2|Rohit-Majum|266|1448
|gen|9
|tier|[Gen 9] OU
|rated|
|rule|HP Percentage Mod: HP is shown in percentages
|rule|Endless Battle Clause: Forcing endless battles is banned
|rule|Species Clause: Limit one of each Pokémon
|rule|OHKO Clause: OHKO moves are banned
|rule|Evasion Items Clause: Evasion items are banned
|rule|Evasion Moves Clause: Evasion moves are banned
|rule|Evasion Abilities Clause: Evasion abilities are banned
|rule|Sleep Moves Clause: Sleep-inducing moves are banned
|clearpoke
|poke|p1|Arcanine-Hisui, M|
|poke|p1|Zapdos-Galar|
|poke|p1|Metagross|
|poke|p1|Umbreon, F|
|poke|p1|Venusaur, F|
|poke|p1|Sandy Shocks|
|poke|p2|Dragapult, M|
|poke|p2|Samurott-Hisui, M|
|poke|p2|Slowking-Galar, M|
|poke|p2|Ogerpon-Wellspring, F|
|poke|p2|Kingambit, M|
|poke|p2|Gliscor, F|
|teampreview
|inactive|Battle timer is ON: inactive players will automatically lose when time's up. (requested by ay cheu)
|inactive|Rohit-Majum has 120 seconds left.
|
|t:|1758345283
|teamsize|p1|6
|teamsize|p2|6
|start
|switch|p1a: 火|Zapdos-Galar|100/100
|switch|p2a: Dragapult|Dragapult, M|100/100
|turn|1
|
|t:|1758345291
|move|p1a: 火|Knock Off|p2a: Dragapult
|-supereffective|p2a: Dragapult
|-damage|p2a: Dragapult|8/100
|-enditem|p2a: Dragapult|Choice Specs|[from] move: Knock Off|[of] p1a: 火
|move|p2a: Dragapult|Draco Meteor|p1a: 火
|-damage|p1a: 火|33/100
|-unboost|p2a: Dragapult|spa|2
|
|upkeep
|turn|2
|
|t:|1758345300
|switch|p2a: Kingambit|Kingambit, M|100/100
|move|p1a: 火|Knock Off|p2a: Kingambit
|-resisted|p2a: Kingambit
|-damage|p2a: Kingambit|89/100
|-enditem|p2a: Kingambit|Black Glasses|[from] move: Knock Off|[of] p1a: 火
|
|upkeep
|turn|3
|
|t:|1758345317
|switch|p1a: Metagross|Metagross, shiny|100/100
|move|p2a: Kingambit|Swords Dance|p2a: Kingambit
|-boost|p2a: Kingambit|atk|2
|
|upkeep
|turn|4
|
|t:|1758345321
|-terastallize|p1a: Metagross|Fairy
|move|p1a: Metagross|Body Press|p2a: Kingambit
|-supereffective|p2a: Kingambit
|-damage|p2a: Kingambit|0 fnt
|faint|p2a: Kingambit
|-end|p2a: Kingambit|fallenundefined|[silent]
|
|upkeep
|
|t:|1758345334
|switch|p2a: Ogerpon|Ogerpon-Wellspring, F|100/100
|turn|5
|
|t:|1758345336
|switch|p1a: Venusaur|Venusaur, F|100/100
|move|p2a: Ogerpon|Encore||[still]
|-fail|p2a: Ogerpon
|
|upkeep
|turn|6
|
|t:|1758345341
|switch|p2a: Slowking|Slowking-Galar, M|100/100
|move|p1a: Venusaur|Sunny Day|p1a: Venusaur
|-weather|SunnyDay
|
|-weather|SunnyDay|[upkeep]
|upkeep
|turn|7
|
|t:|1758345349
|switch|p1a: 灰灰|Arcanine-Hisui, M|100/100
|move|p2a: Slowking|Flamethrower|p1a: 灰灰
|-resisted|p1a: 灰灰
|-damage|p1a: 灰灰|89/100
|
|-weather|SunnyDay|[upkeep]
|upkeep
|turn|8
|
|t:|1758345353
|move|p1a: 灰灰|Flare Blitz|p2a: Slowking
|-damage|p2a: Slowking|0 fnt
|faint|p2a: Slowking
|
|-weather|SunnyDay|[upkeep]
|upkeep
|
|t:|1758345361
|switch|p2a: Dragapult|Dragapult, M|8/100
|turn|9
|
|t:|1758345363
|switch|p1a: 囡囡|Umbreon, F|100/100
|move|p2a: Dragapult|Draco Meteor|p1a: 囡囡
|-damage|p1a: 囡囡|72/100
|-unboost|p2a: Dragapult|spa|2
|
|-weather|SunnyDay|[upkeep]
|-heal|p1a: 囡囡|78/100|[from] item: Leftovers
|upkeep
|turn|10
|
|t:|1758345370
|move|p2a: Dragapult|U-turn|p1a: 囡囡
|-supereffective|p1a: 囡囡
|-damage|p1a: 囡囡|52/100
|
|t:|1758345374
|switch|p2a: Gliscor|Gliscor, F|100/100|[from] U-turn
|move|p1a: 囡囡|Toxic|p2a: Gliscor
|-status|p2a: Gliscor|tox
|
|-weather|none
|-heal|p1a: 囡囡|58/100|[from] item: Leftovers
|upkeep
|turn|11
|
|t:|1758345382
|move|p2a: Gliscor|Toxic|p1a: 囡囡
|-status|p1a: 囡囡|tox
|-activate|p1a: 囡囡|ability: Synchronize
|-fail|p2a: Gliscor|tox
|move|p1a: 囡囡|Wish|p1a: 囡囡
|
|-heal|p1a: 囡囡|64/100 tox|[from] item: Leftovers
|-damage|p1a: 囡囡|58/100 tox|[from] psn
|upkeep
|turn|12
|
|t:|1758345395
|switch|p1a: 火|Zapdos-Galar|33/100
|move|p2a: Gliscor|Toxic|p1a: 火
|-status|p1a: 火|tox
|
|-heal|p1a: 火|95/100 tox|[from] move: Wish|[wisher] 囡囡
|-damage|p1a: 火|88/100 tox|[from] psn
|upkeep
|turn|13
|
|t:|1758345404
|move|p2a: Gliscor|Protect|p2a: Gliscor
|-singleturn|p2a: Gliscor|Protect
|move|p1a: 火|U-turn|p2a: Gliscor
|-activate|p2a: Gliscor|move: Protect
|
|-damage|p1a: 火|76/100 tox|[from] psn
|upkeep
|turn|14
|
|t:|1758345415
|move|p1a: 火|U-turn|p2a: Gliscor
|-resisted|p2a: Gliscor
|-damage|p2a: Gliscor|94/100 tox
|
|t:|1758345419
|switch|p1a: Metagross|Metagross, shiny, tera:Fairy|100/100|[from] U-turn
|move|p2a: Gliscor|Earthquake|p1a: Metagross
|-damage|p1a: Metagross|81/100
|
|-heal|p2a: Gliscor|100/100 tox|[from] ability: Poison Heal
|upkeep
|turn|15
|
|t:|1758345425
|move|p2a: Gliscor|Toxic|p1a: Metagross
|-status|p1a: Metagross|tox
|move|p1a: Metagross|Stealth Rock|p2a: Gliscor
|-sidestart|p2: Rohit-Majum|move: Stealth Rock
|
|-damage|p1a: Metagross|75/100 tox|[from] psn
|upkeep
|turn|16
|
|t:|1758345431
|switch|p1a: 囡囡|Umbreon, F|58/100 tox
|move|p2a: Gliscor|Protect||[still]
|-fail|p2a: Gliscor
|
|-heal|p1a: 囡囡|64/100 tox|[from] item: Leftovers
|-damage|p1a: 囡囡|58/100 tox|[from] psn
|upkeep
|turn|17
|
|t:|1758345434
|move|p2a: Gliscor|Knock Off|p1a: 囡囡
|-resisted|p1a: 囡囡
|-damage|p1a: 囡囡|50/100 tox
|-enditem|p1a: 囡囡|Leftovers|[from] move: Knock Off|[of] p2a: Gliscor
|move|p1a: 囡囡|Wish|p1a: 囡囡
|
|-damage|p1a: 囡囡|38/100 tox|[from] psn
|upkeep
|turn|18
|
|t:|1758345447
|move|p1a: 囡囡|Protect|p1a: 囡囡
|-singleturn|p1a: 囡囡|Protect
|move|p2a: Gliscor|Toxic|p1a: 囡囡
|-activate|p1a: 囡囡|move: Protect
|
|-heal|p1a: 囡囡|88/100 tox|[from] move: Wish|[wisher] 囡囡
|-damage|p1a: 囡囡|70/100 tox|[from] psn
|upkeep
|turn|19
|
|t:|1758345451
|switch|p1a: Venusaur|Venusaur, F|100/100
|move|p2a: Gliscor|Earthquake|p1a: Venusaur
|-damage|p1a: Venusaur|74/100
|
|upkeep
|turn|20
|
|t:|1758345458
|move|p2a: Gliscor|Knock Off|p1a: Venusaur
|-damage|p1a: Venusaur|58/100
|-enditem|p1a: Venusaur|Heavy-Duty Boots|[from] move: Knock Off|[of] p2a: Gliscor
|move|p1a: Venusaur|Sunny Day|p1a: Venusaur
|-weather|SunnyDay
|
|-weather|SunnyDay|[upkeep]
|upkeep
|turn|21
|
|t:|1758345465
|switch|p2a: Dragapult|Dragapult, M|8/100
|-damage|p2a: Dragapult|0 fnt|[from] Stealth Rock
|faint|p2a: Dragapult
|move|p1a: Venusaur|Giga Drain|p2: Dragapult|[notarget]
|-fail|p1a: Venusaur
|
|-weather|SunnyDay|[upkeep]
|upkeep
|
|t:|1758345493
|switch|p2a: Ogerpon|Ogerpon-Wellspring, F|100/100
|-damage|p2a: Ogerpon|88/100|[from] Stealth Rock
|turn|22
|
|t:|1758345503
|move|p1a: Venusaur|Sludge Bomb|p2a: Ogerpon
|-supereffective|p2a: Ogerpon
|-damage|p2a: Ogerpon|18/100
|move|p2a: Ogerpon|Ivy Cudgel|p1a: Venusaur|[anim] Ivy Cudgel Water
|-resisted|p1a: Venusaur
|-damage|p1a: Venusaur|48/100
|
|-weather|SunnyDay|[upkeep]
|upkeep
|turn|23
|
|t:|1758345512
|move|p1a: Venusaur|Giga Drain|p2a: Ogerpon
|-damage|p2a: Ogerpon|0 fnt
|-heal|p1a: Venusaur|55/100|[from] drain|[of] p2a: Ogerpon
|faint|p2a: Ogerpon
|
|-weather|SunnyDay|[upkeep]
|upkeep
|
|t:|1758345514
|switch|p2a: Samurott|Samurott-Hisui, M|100/100
|-damage|p2a: Samurott|88/100|[from] Stealth Rock
|turn|24
|
|t:|1758345516
|move|p2a: Samurott|Ceaseless Edge|p1a: Venusaur|[miss]
|-miss|p2a: Samurott|p1a: Venusaur
|move|p1a: Venusaur|Giga Drain|p2a: Samurott
|-supereffective|p2a: Samurott
|-damage|p2a: Samurott|3/100
|-heal|p1a: Venusaur|93/100|[from] drain|[of] p2a: Samurott
|
|-weather|none
|upkeep
|turn|25
|
|t:|1758345524
|move|p2a: Samurott|Ceaseless Edge|p1a: Venusaur
|-damage|p1a: Venusaur|56/100
|-sidestart|p1: ay cheu|Spikes
|move|p1a: Venusaur|Giga Drain|p2a: Samurott
|-supereffective|p2a: Samurott
|-damage|p2a: Samurott|0 fnt
|-heal|p1a: Venusaur|57/100|[from] drain|[of] p2a: Samurott
|faint|p2a: Samurott
|
|upkeep
|
|t:|1758345529
|switch|p2a: Gliscor|Gliscor, F|100/100 tox
|-damage|p2a: Gliscor|88/100 tox|[from] Stealth Rock
|turn|26
|
|t:|1758345531
|move|p2a: Gliscor|Earthquake|p1a: Venusaur
|-damage|p1a: Venusaur|31/100
|move|p1a: Venusaur|Sunny Day|p1a: Venusaur
|-weather|SunnyDay
|
|-weather|SunnyDay|[upkeep]
|-heal|p2a: Gliscor|100/100 tox|[from] ability: Poison Heal
|upkeep
|turn|27
|
|t:|1758345537
|move|p1a: Venusaur|Synthesis|p1a: Venusaur
|-heal|p1a: Venusaur|98/100
|move|p2a: Gliscor|Earthquake|p1a: Venusaur
|-damage|p1a: Venusaur|72/100
|
|-weather|SunnyDay|[upkeep]
|upkeep
|turn|28
|
|t:|1758345540
|move|p1a: Venusaur|Giga Drain|p2a: Gliscor
|-damage|p2a: Gliscor|70/100 tox
|-heal|p1a: Venusaur|86/100|[from] drain|[of] p2a: Gliscor
|move|p2a: Gliscor|Earthquake|p1a: Venusaur
|-damage|p1a: Venusaur|63/100
|
|-weather|SunnyDay|[upkeep]
|-heal|p2a: Gliscor|82/100 tox|[from] ability: Poison Heal
|upkeep
|turn|29
|
|t:|1758345542
|move|p1a: Venusaur|Giga Drain|p2a: Gliscor
|-damage|p2a: Gliscor|54/100 tox
|-heal|p1a: Venusaur|77/100|[from] drain|[of] p2a: Gliscor
|move|p2a: Gliscor|Earthquake|p1a: Venusaur
|-damage|p1a: Venusaur|52/100
|
|-weather|SunnyDay|[upkeep]
|-heal|p2a: Gliscor|66/100 tox|[from] ability: Poison Heal
|upkeep
|turn|30
|
|t:|1758345545
|move|p2a: Gliscor|Protect|p2a: Gliscor
|-singleturn|p2a: Gliscor|Protect
|move|p1a: Venusaur|Giga Drain|p2a: Gliscor
|-activate|p2a: Gliscor|move: Protect
|
|-weather|none
|-heal|p2a: Gliscor|78/100 tox|[from] ability: Poison Heal
|upkeep
|turn|31
|
|t:|1758345552
|move|p2a: Gliscor|Knock Off|p1a: Venusaur
|-damage|p1a: Venusaur|42/100
|move|p1a: Venusaur|Sunny Day|p1a: Venusaur
|-weather|SunnyDay
|
|-weather|SunnyDay|[upkeep]
|-heal|p2a: Gliscor|91/100 tox|[from] ability: Poison Heal
|upkeep
|turn|32
|
|t:|1758345558
|move|p1a: Venusaur|Giga Drain|p2a: Gliscor
|-damage|p2a: Gliscor|61/100 tox
|-heal|p1a: Venusaur|57/100|[from] drain|[of] p2a: Gliscor
|move|p2a: Gliscor|Knock Off|p1a: Venusaur
|-damage|p1a: Venusaur|45/100
|
|-weather|SunnyDay|[upkeep]
|-heal|p2a: Gliscor|73/100 tox|[from] ability: Poison Heal
|upkeep
|turn|33
|
|t:|1758345567
|move|p2a: Gliscor|Protect|p2a: Gliscor
|-singleturn|p2a: Gliscor|Protect
|move|p1a: Venusaur|Synthesis|p1a: Venusaur
|-heal|p1a: Venusaur|100/100
|
|-weather|SunnyDay|[upkeep]
|-heal|p2a: Gliscor|86/100 tox|[from] ability: Poison Heal
|upkeep
|turn|34
|-message|Rohit-Majum forfeited.
|
|win|ay cheu
|raw|ay cheu's rating: 1512 &rarr; <strong>1528</strong><br />(+16 for winning)
|raw|Rohit-Majum's rating: 1448 &rarr; <strong>1432</strong><br />(-16 for losing)
|l|☆Rohit-Majum
|player|p2|
|l|☆ay cheu
|player|p1|
