|badge|p1|bronze|gen9ou|100-6
|uhtml|medal-msg|<div class="broadcast-blue">Curious what those medals under the avatar are? PS now has Ladder Seasons! For more information, check out the <a href="https://www.smogon.com/forums/threads/3740067/">thread on Smogon.</a></div>
|j|☆LT123VB 87
|j|☆Almighty Sa'
|inactive|Battle timer is ON: inactive players will automatically lose when time's up.
|t:|1758252890
|gametype|singles
|player|p1|LT123VB 87|lucas|
|player|p2|Almighty Sa'|ethan|
|gen|9
|tier|[Gen 9] OU
|rated|Tournament battle
|rule|HP Percentage Mod: HP is shown in percentages
|rule|Endless Battle Clause: Forcing endless battles is banned
|rule|Species Clause: Limit one of each Pokémon
|rule|OHKO Clause: OHKO moves are banned
|rule|Evasion Items Clause: Evasion items are banned
|rule|Evasion Moves Clause: Evasion moves are banned
|rule|Evasion Abilities Clause: Evasion abilities are banned
|rule|Sleep Moves Clause: Sleep-inducing moves are banned
|clearpoke
|poke|p1|Kyurem|
|poke|p1|Corviknight, F|
|poke|p1|Ting-Lu|
|poke|p1|Dondozo, F|
|poke|p1|Slowking-Galar, L99, F|
|poke|p1|Cinderace, F|
|poke|p2|Hoopa-Unbound|
|poke|p2|Cinderace, F|
|poke|p2|Kyurem|
|poke|p2|Slowking-Galar, F|
|poke|p2|Deoxys-Speed|
|poke|p2|Great Tusk|
|teampreview
|inactive|LT123VB 87 also wants the timer to be on.
|j| HOMIxIDE LANGUAGE
|l| HOMIxIDE LANGUAGE
|
|t:|1758252914
|teamsize|p1|6
|teamsize|p2|6
|start
|switch|p1a: Ting-Lu|Ting-Lu|100/100
|switch|p2a: Water 7|Slowking-Galar, F|100/100
|-ability|p1a: Ting-Lu|Vessel of Ruin
|turn|1
|j| alt testing 124n
|
|t:|1758252917
|move|p1a: Ting-Lu|Earthquake|p2a: Water 7
|-supereffective|p2a: Water 7
|-damage|p2a: Water 7|27/100
|-prepare|p2a: Water 7|Chilly Reception|[premajor]
|move|p2a: Water 7|Chilly Reception|p2a: Water 7
|-weather|Snowscape
|
|t:|1758252920
|switch|p2a: Marine Ford|Kyurem|100/100|[from] Chilly Reception
|-ability|p2a: Marine Ford|Pressure
|
|-weather|Snowscape|[upkeep]
|upkeep
|turn|2
|
|t:|1758252925
|switch|p1a: Slowking|Slowking-Galar, L99, F|100/100
|move|p2a: Marine Ford|Blizzard|p1a: Slowking
|-damage|p1a: Slowking|53/100
|
|-weather|Snowscape|[upkeep]
|upkeep
|turn|3
|j| signed out
|
|t:|1758252940
|switch|p1a: Cinderace|Cinderace, F|100/100
|move|p2a: Marine Ford|Blizzard|p1a: Cinderace
|-resisted|p1a: Cinderace
|-damage|p1a: Cinderace|52/100
|
|-weather|Snowscape|[upkeep]
|upkeep
|turn|4
|j| larplegion
|j| David Watts
|
|t:|1758252949
|move|p1a: Cinderace|Pyro Ball|p2a: Marine Ford
|-damage|p2a: Marine Ford|70/100
|move|p2a: Marine Ford|Blizzard|p1a: Cinderace
|-resisted|p1a: Cinderace
|-damage|p1a: Cinderace|4/100
|
|-weather|Snowscape|[upkeep]
|upkeep
|turn|5
|
|t:|1758252958
|move|p1a: Cinderace|Pyro Ball|p2a: Marine Ford
|-damage|p2a: Marine Ford|26/100
|move|p2a: Marine Ford|Blizzard|p1a: Cinderace
|-resisted|p1a: Cinderace
|-damage|p1a: Cinderace|0 fnt
|faint|p1a: Cinderace
|
|-weather|none
|upkeep
|j| ten three one
|
|t:|1758252964
|switch|p1a: Kyurem|Kyurem|100/100
|-ability|p1a: Kyurem|Pressure
|turn|6
|l| David Watts
|
|t:|1758252971
|switch|p2a: Impel Down|Hoopa-Unbound|100/100
|move|p1a: Kyurem|Freeze-Dry|p2a: Impel Down
|-damage|p2a: Impel Down|72/100
|
|-heal|p2a: Impel Down|78/100|[from] item: Leftovers
|upkeep
|turn|7
|j| glowingrobot
|inactive|LT123VB 87 has 120 seconds left.
|
|t:|1758253003
|switch|p1a: Ting-Lu|Ting-Lu|100/100
|-ability|p1a: Ting-Lu|Vessel of Ruin
|move|p2a: Impel Down|Knock Off|p1a: Ting-Lu
|-resisted|p1a: Ting-Lu
|-damage|p1a: Ting-Lu|84/100
|-enditem|p1a: Ting-Lu|Leftovers|[from] move: Knock Off|[of] p2a: Impel Down
|
|-heal|p2a: Impel Down|84/100|[from] item: Leftovers
|upkeep
|turn|8
|c|☆Almighty Sa'|noob checked pyro calcsa
|c|☆Almighty Sa'|and didnt facture in snow
|inactive|LT123VB 87 has 120 seconds left.
|
|t:|1758253020
|-terastallize|p1a: Ting-Lu|Water
|move|p2a: Impel Down|Drain Punch|p1a: Ting-Lu
|-damage|p1a: Ting-Lu|66/100
|-heal|p2a: Impel Down|97/100|[from] drain|[of] p1a: Ting-Lu
|move|p1a: Ting-Lu|Earthquake|p2a: Impel Down
|-damage|p2a: Impel Down|43/100
|
|-heal|p2a: Impel Down|49/100|[from] item: Leftovers
|upkeep
|turn|9
|c|☆LT123VB 87|never think u can understand something in this game
|
|t:|1758253035
|switch|p2a: Thriller Bark|Great Tusk|100/100
|move|p1a: Ting-Lu|Earthquake|p2a: Thriller Bark
|-damage|p2a: Thriller Bark|82/100
|
|upkeep
|turn|10
|c|☆LT123VB 87|0 achievements
|
|t:|1758253044
|switch|p1a: Corviknight|Corviknight, F|100/100
|-ability|p1a: Corviknight|Pressure
|move|p2a: Thriller Bark|Body Press|p1a: Corviknight
|-damage|p1a: Corviknight|72/100
|-damage|p2a: Thriller Bark|66/100|[from] item: Rocky Helmet|[of] p1a: Corviknight
|
|upkeep
|turn|11
|
|t:|1758253051
|-end|p2a: Thriller Bark|Protosynthesis|[silent]
|switch|p2a: Water 7|Slowking-Galar, F|60/100
|move|p1a: Corviknight|Brave Bird|p2a: Water 7
|-damage|p2a: Water 7|20/100
|-damage|p1a: Corviknight|59/100|[from] Recoil
|
|upkeep
|turn|12
|j|@skymin<3
|
|t:|1758253059
|switch|p2a: Dressrosa|Cinderace, F|100/100
|move|p1a: Corviknight|Brave Bird|p2a: Dressrosa
|-damage|p2a: Dressrosa|50/100
|-damage|p1a: Corviknight|46/100|[from] Recoil
|
|upkeep
|turn|13
|
|t:|1758253067
|switch|p1a: Ting-Lu|Ting-Lu, tera:Water|66/100
|-ability|p1a: Ting-Lu|Vessel of Ruin
|move|p2a: Dressrosa|U-turn|p1a: Ting-Lu
|-start|p2a: Dressrosa|typechange|Bug|[from] ability: Libero
|-damage|p1a: Ting-Lu|48/100
|
|t:|1758253085
|switch|p2a: Thriller Bark|Great Tusk|66/100|[from] U-turn
|
|upkeep
|turn|14
|
|t:|1758253089
|move|p2a: Thriller Bark|Stealth Rock|p1a: Ting-Lu
|-sidestart|p1: LT123VB 87|move: Stealth Rock
|move|p1a: Ting-Lu|Rest|p1a: Ting-Lu
|-status|p1a: Ting-Lu|slp|[from] move: Rest
|-heal|p1a: Ting-Lu|100/100 slp|[silent]
|
|upkeep
|turn|15
|
|t:|1758253104
|move|p2a: Thriller Bark|Body Press|p1a: Ting-Lu
|-damage|p1a: Ting-Lu|75/100 slp
|cant|p1a: Ting-Lu|slp
|move|p1a: Ting-Lu|Sleep Talk|p1a: Ting-Lu
|move|p1a: Ting-Lu|Rest||[from] move: Sleep Talk|[still]
|-fail|p1a: Ting-Lu
|
|upkeep
|turn|16
|
|t:|1758253110
|move|p2a: Thriller Bark|Body Press|p1a: Ting-Lu
|-damage|p1a: Ting-Lu|48/100 slp
|cant|p1a: Ting-Lu|slp
|move|p1a: Ting-Lu|Sleep Talk|p1a: Ting-Lu
|move|p1a: Ting-Lu|Payback|p2a: Thriller Bark|[from] move: Sleep Talk
|-resisted|p2a: Thriller Bark
|-damage|p2a: Thriller Bark|57/100
|-damage|p1a: Ting-Lu|32/100 slp|[from] item: Rocky Helmet|[of] p2a: Thriller Bark
|
|upkeep
|turn|17
|
|t:|1758253117
|move|p2a: Thriller Bark|Body Press|p1a: Ting-Lu
|-damage|p1a: Ting-Lu|5/100 slp
|-curestatus|p1a: Ting-Lu|slp|[msg]
|move|p1a: Ting-Lu|Rest|p1a: Ting-Lu
|-status|p1a: Ting-Lu|slp|[from] move: Rest
|-heal|p1a: Ting-Lu|100/100 slp|[silent]
|
|upkeep
|turn|18
|j| mantikarp2.0
|
|t:|1758253126
|switch|p1a: Dondozo|Dondozo, F|100/100
|-damage|p1a: Dondozo|88/100|[from] Stealth Rock
|move|p2a: Thriller Bark|Body Press|p1a: Dondozo
|-damage|p1a: Dondozo|67/100
|
|-heal|p1a: Dondozo|73/100|[from] item: Leftovers
|upkeep
|turn|19
|
|t:|1758253138
|-end|p2a: Thriller Bark|Protosynthesis|[silent]
|switch|p2a: Water 7|Slowking-Galar, F|54/100
|move|p1a: Dondozo|Waterfall|p2a: Water 7
|-damage|p2a: Water 7|22/100
|
|-heal|p1a: Dondozo|79/100|[from] item: Leftovers
|upkeep
|turn|20
|j| fed planted haxxer
|inactive|Almighty Sa' has 120 seconds left.
|j| David Watts
|
|t:|1758253181
|switch|p2a: Punk Hazard|Deoxys-Speed|100/100
|-ability|p2a: Punk Hazard|Pressure
|move|p1a: Dondozo|Waterfall|p2a: Punk Hazard
|-damage|p2a: Punk Hazard|59/100
|
|-heal|p1a: Dondozo|85/100|[from] item: Leftovers
|upkeep
|turn|21
|
|t:|1758253197
|move|p2a: Punk Hazard|Psycho Boost|p1a: Dondozo
|-damage|p1a: Dondozo|7/100
|-unboost|p2a: Punk Hazard|spa|2
|-damage|p2a: Punk Hazard|49/100|[from] item: Life Orb
|move|p1a: Dondozo|Waterfall|p2a: Punk Hazard
|-damage|p2a: Punk Hazard|6/100
|
|-heal|p1a: Dondozo|14/100|[from] item: Leftovers
|upkeep
|turn|22
|
|t:|1758253206
|move|p2a: Punk Hazard|Nasty Plot|p2a: Punk Hazard
|-boost|p2a: Punk Hazard|spa|2
|move|p1a: Dondozo|Rest|p1a: Dondozo
|-status|p1a: Dondozo|slp|[from] move: Rest
|-heal|p1a: Dondozo|100/100 slp|[silent]
|
|upkeep
|turn|23
|
|t:|1758253214
|switch|p1a: Corviknight|Corviknight, F|46/100
|-damage|p1a: Corviknight|34/100|[from] Stealth Rock
|-ability|p1a: Corviknight|Pressure
|move|p2a: Punk Hazard|Pain Split|p1a: Corviknight
|-sethp|p1a: Corviknight|19/100|[from] move: Pain Split|[silent]
|-sethp|p2a: Punk Hazard|31/100|[from] move: Pain Split
|
|upkeep
|turn|24
|
|t:|1758253219
|move|p2a: Punk Hazard|Psycho Boost|p1a: Corviknight
|-resisted|p1a: Corviknight
|-damage|p1a: Corviknight|0 fnt
|-unboost|p2a: Punk Hazard|spa|2
|faint|p1a: Corviknight
|-damage|p2a: Punk Hazard|21/100|[from] item: Life Orb
|
|upkeep
|
|t:|1758253222
|switch|p1a: Slowking|Slowking-Galar, L99, F|86/100
|turn|25
|l| fed planted haxxer
|j| Reaper P2
|
|t:|1758253227
|switch|p2a: Water 7|Slowking-Galar, F|56/100
|move|p1a: Slowking|Sludge Bomb|p2a: Water 7
|-resisted|p2a: Water 7
|-damage|p2a: Water 7|45/100
|
|upkeep
|turn|26
|j| fed planted haxxer
|c| Reaper P2|unstoppable u gotta win for me
|
|t:|1758253234
|-prepare|p2a: Water 7|Chilly Reception|[premajor]
|move|p2a: Water 7|Chilly Reception|p2a: Water 7
|-weather|Snowscape
|
|t:|1758253238
|switch|p2a: Impel Down|Hoopa-Unbound|49/100|[from] Chilly Reception
|-prepare|p1a: Slowking|Chilly Reception|[premajor]
|move|p1a: Slowking|Chilly Reception|p1a: Slowking
|
|t:|1758253241
|switch|p1a: Ting-Lu|Ting-Lu, tera:Water|100/100 slp|[from] Chilly Reception
|-damage|p1a: Ting-Lu|88/100 slp|[from] Stealth Rock
|-ability|p1a: Ting-Lu|Vessel of Ruin
|
|-weather|Snowscape|[upkeep]
|-heal|p2a: Impel Down|55/100|[from] item: Leftovers
|upkeep
|turn|27
|c| glowingrobot|TIL Deo gets Pain Split
|
|t:|1758253262
|switch|p2a: Thriller Bark|Great Tusk|57/100
|cant|p1a: Ting-Lu|slp
|move|p1a: Ting-Lu|Sleep Talk|p1a: Ting-Lu
|move|p1a: Ting-Lu|Payback|p2a: Thriller Bark|[from] move: Sleep Talk
|-resisted|p2a: Thriller Bark
|-damage|p2a: Thriller Bark|53/100
|-damage|p1a: Ting-Lu|72/100 slp|[from] item: Rocky Helmet|[of] p2a: Thriller Bark
|
|-weather|Snowscape|[upkeep]
|upkeep
|turn|28
|j| Morriganqrow
|l| fed planted haxxer
|
|t:|1758253287
|move|p2a: Thriller Bark|Body Press|p1a: Ting-Lu
|-damage|p1a: Ting-Lu|44/100 slp
|cant|p1a: Ting-Lu|slp
|
|-weather|Snowscape|[upkeep]
|upkeep
|turn|29
|
|t:|1758253293
|-end|p2a: Thriller Bark|Protosynthesis|[silent]
|switch|p2a: Marine Ford|Kyurem|26/100
|-ability|p2a: Marine Ford|Pressure
|-curestatus|p1a: Ting-Lu|slp|[msg]
|move|p1a: Ting-Lu|Rest|p1a: Ting-Lu
|-status|p1a: Ting-Lu|slp|[from] move: Rest
|-heal|p1a: Ting-Lu|100/100 slp|[silent]
|
|-weather|Snowscape|[upkeep]
|upkeep
|turn|30
|
|t:|1758253311
|switch|p2a: Impel Down|Hoopa-Unbound|55/100
|switch|p1a: Slowking|Slowking-Galar, L99, F|100/100
|
|-weather|none
|-heal|p2a: Impel Down|61/100|[from] item: Leftovers
|upkeep
|turn|31
|j| fed planted haxxer
|
|t:|1758253323
|switch|p1a: Ting-Lu|Ting-Lu, tera:Water|100/100 slp
|-damage|p1a: Ting-Lu|88/100 slp|[from] Stealth Rock
|-ability|p1a: Ting-Lu|Vessel of Ruin
|move|p2a: Impel Down|Drain Punch|p1a: Ting-Lu
|-damage|p1a: Ting-Lu|72/100 slp
|-heal|p2a: Impel Down|73/100|[from] drain|[of] p1a: Ting-Lu
|
|-heal|p2a: Impel Down|79/100|[from] item: Leftovers
|upkeep
|turn|32
|c| larplegion|dang almighty sa isnt stopping with the outplays so far
|
|t:|1758253335
|switch|p2a: Thriller Bark|Great Tusk|53/100
|cant|p1a: Ting-Lu|slp
|move|p1a: Ting-Lu|Sleep Talk|p1a: Ting-Lu
|move|p1a: Ting-Lu|Payback|p2a: Thriller Bark|[from] move: Sleep Talk
|-resisted|p2a: Thriller Bark
|-damage|p2a: Thriller Bark|48/100
|-damage|p1a: Ting-Lu|56/100 slp|[from] item: Rocky Helmet|[of] p2a: Thriller Bark
|
|upkeep
|turn|33
|
|t:|1758253343
|move|p2a: Thriller Bark|Body Press|p1a: Ting-Lu
|-damage|p1a: Ting-Lu|31/100 slp
|cant|p1a: Ting-Lu|slp
|
|upkeep
|turn|34
|
|t:|1758253351
|-end|p2a: Thriller Bark|Protosynthesis|[silent]
|switch|p2a: Punk Hazard|Deoxys-Speed|21/100
|-ability|p2a: Punk Hazard|Pressure
|-curestatus|p1a: Ting-Lu|slp|[msg]
|move|p1a: Ting-Lu|Rest|p1a: Ting-Lu
|-status|p1a: Ting-Lu|slp|[from] move: Rest
|-heal|p1a: Ting-Lu|100/100 slp|[silent]
|
|upkeep
|turn|35
|l| fed planted haxxer
|
|t:|1758253370
|switch|p1a: Slowking|Slowking-Galar, L99, F|100/100
|-terastallize|p2a: Punk Hazard|Fighting
|move|p2a: Punk Hazard|Pain Split|p1a: Slowking
|-sethp|p1a: Slowking|57/100|[from] move: Pain Split|[silent]
|-sethp|p2a: Punk Hazard|91/100|[from] move: Pain Split
|
|upkeep
|turn|36
|j| fed planted haxxer
|
|t:|1758253376
|switch|p2a: Water 7|Slowking-Galar, F|79/100
|move|p1a: Slowking|Psychic Noise|p2a: Water 7
|-damage|p2a: Water 7|61/100
|-start|p2a: Water 7|move: Heal Block
|
|upkeep
|turn|37
|
|t:|1758253381
|move|p2a: Water 7|Future Sight|p1a: Slowking
|-start|p2a: Water 7|move: Future Sight
|-prepare|p1a: Slowking|Chilly Reception|[premajor]
|move|p1a: Slowking|Chilly Reception|p1a: Slowking
|-weather|Snowscape
|
|t:|1758253393
|switch|p1a: Ting-Lu|Ting-Lu, tera:Water|100/100 slp|[from] Chilly Reception
|-damage|p1a: Ting-Lu|88/100 slp|[from] Stealth Rock
|-ability|p1a: Ting-Lu|Vessel of Ruin
|
|-weather|Snowscape|[upkeep]
|-end|p2a: Water 7|move: Heal Block
|upkeep
|turn|38
|
|t:|1758253398
|switch|p2a: Punk Hazard|Deoxys-Speed, tera:Fighting|91/100
|-ability|p2a: Punk Hazard|Pressure
|cant|p1a: Ting-Lu|slp
|move|p1a: Ting-Lu|Sleep Talk|p1a: Ting-Lu
|move|p1a: Ting-Lu|Earthquake|p2a: Punk Hazard|[from] move: Sleep Talk
|-damage|p2a: Punk Hazard|30/100
|
|-weather|Snowscape|[upkeep]
|upkeep
|turn|39
|
|t:|1758253405
|switch|p1a: Slowking|Slowking-Galar, L99, F|90/100
|move|p2a: Punk Hazard|Pain Split|p1a: Slowking
|-sethp|p1a: Slowking|54/100|[from] move: Pain Split|[silent]
|-sethp|p2a: Punk Hazard|87/100|[from] move: Pain Split
|
|-weather|Snowscape|[upkeep]
|-end|p1a: Slowking|move: Future Sight
|-damage|p1a: Slowking|27/100
|upkeep
|turn|40
|
|t:|1758253414
|switch|p1a: Ting-Lu|Ting-Lu, tera:Water|88/100 slp
|-damage|p1a: Ting-Lu|76/100 slp|[from] Stealth Rock
|-ability|p1a: Ting-Lu|Vessel of Ruin
|move|p2a: Punk Hazard|Psycho Boost|p1a: Ting-Lu
|-damage|p1a: Ting-Lu|43/100 slp
|-unboost|p2a: Punk Hazard|spa|2
|-damage|p2a: Punk Hazard|77/100|[from] item: Life Orb
|
|-weather|Snowscape|[upkeep]
|upkeep
|turn|41
|l| fed planted haxxer
|
|t:|1758253419
|switch|p2a: Thriller Bark|Great Tusk|48/100
|cant|p1a: Ting-Lu|slp
|move|p1a: Ting-Lu|Sleep Talk|p1a: Ting-Lu
|move|p1a: Ting-Lu|Payback|p2a: Thriller Bark|[from] move: Sleep Talk
|-resisted|p2a: Thriller Bark
|-damage|p2a: Thriller Bark|44/100
|-damage|p1a: Ting-Lu|26/100 slp|[from] item: Rocky Helmet|[of] p2a: Thriller Bark
|
|-weather|none
|upkeep
|turn|42
|
|t:|1758253421
|move|p2a: Thriller Bark|Body Press|p1a: Ting-Lu
|-damage|p1a: Ting-Lu|0 fnt
|faint|p1a: Ting-Lu
|
|upkeep
|
|t:|1758253424
|switch|p1a: Kyurem|Kyurem|100/100
|-damage|p1a: Kyurem|75/100|[from] Stealth Rock
|-ability|p1a: Kyurem|Pressure
|turn|43
|
|t:|1758253429
|-end|p2a: Thriller Bark|Protosynthesis|[silent]
|switch|p2a: Impel Down|Hoopa-Unbound|79/100
|move|p1a: Kyurem|Freeze-Dry|p2a: Impel Down
|-damage|p2a: Impel Down|52/100
|
|-heal|p1a: Kyurem|82/100|[from] item: Leftovers
|-heal|p2a: Impel Down|58/100|[from] item: Leftovers
|upkeep
|turn|44
|
|t:|1758253435
|move|p1a: Kyurem|Freeze-Dry|p2a: Impel Down
|-damage|p2a: Impel Down|31/100
|-status|p2a: Impel Down|frz
|cant|p2a: Impel Down|frz
|
|-heal|p1a: Kyurem|88/100|[from] item: Leftovers
|-heal|p2a: Impel Down|37/100 frz|[from] item: Leftovers
|upkeep
|turn|45
|
|t:|1758253438
|move|p1a: Kyurem|Freeze-Dry|p2a: Impel Down
|-damage|p2a: Impel Down|8/100 frz
|-curestatus|p2a: Impel Down|frz|[msg]
|move|p2a: Impel Down|Drain Punch|p1a: Kyurem
|-supereffective|p1a: Kyurem
|-damage|p1a: Kyurem|33/100
|-heal|p2a: Impel Down|41/100|[from] drain|[of] p1a: Kyurem
|
|-heal|p1a: Kyurem|39/100|[from] item: Leftovers
|-heal|p2a: Impel Down|47/100|[from] item: Leftovers
|upkeep
|turn|46
|
|t:|1758253444
|move|p1a: Kyurem|Freeze-Dry|p2a: Impel Down
|-damage|p2a: Impel Down|18/100
|move|p2a: Impel Down|Drain Punch|p1a: Kyurem
|-supereffective|p1a: Kyurem
|-damage|p1a: Kyurem|0 fnt
|-heal|p2a: Impel Down|41/100|[from] drain|[of] p1a: Kyurem
|faint|p1a: Kyurem
|
|-heal|p2a: Impel Down|47/100|[from] item: Leftovers
|upkeep
|c|☆Almighty Sa'|almost bro
|c|☆Almighty Sa'|almost
|-message|LT123VB 87 forfeited.
|
|win|Almighty Sa'
|n|☆LT123VB 87|lt123vb87
|n|☆Almighty Sa'|almightysa
|n| alt testing 124n|alttesting124n
|n| signed out|signedout
|n| larplegion|larplegion
|n| ten three one|tenthreeone
|n| glowingrobot|glowingrobot
|n|+skymin<3|skymin3
|n| mantikarp2.0|mantikarp20
|n| David Watts|davidwatts
|n| Reaper P2|reaperp2
|n| Morriganqrow|morriganqrow
|l|☆LT123VB 87
|player|p1|
|l| Reaper P2
|l| ten three one
|l| signed out
|c| glowingrobot|stoppable
|l| glowingrobot
|j| Johnny tots
|l| alt testing 124n
|j| raw liver lover
|l| raw liver lover
|l| larplegion
|j| larplegion
|l| larplegion
|l| David Watts
|l| Johnny tots
