|j|☆alloyedbricks
|j|☆tuouo
|t:|1758278610
|gametype|singles
|player|p1|alloyedbricks|170|1035
|player|p2|tuouo|mina|1041
|gen|9
|tier|[Gen 9] OU
|rated|
|rule|HP Percentage Mod: HP is shown in percentages
|rule|Endless Battle Clause: Forcing endless battles is banned
|rule|Species Clause: Limit one of each Pokémon
|rule|OHKO Clause: OHKO moves are banned
|rule|Evasion Items Clause: Evasion items are banned
|rule|Evasion Moves Clause: Evasion moves are banned
|rule|Evasion Abilities Clause: Evasion abilities are banned
|rule|Sleep Moves Clause: Sleep-inducing moves are banned
|clearpoke
|poke|p1|Gholdengo|
|poke|p1|Kingambit, M|
|poke|p1|Serperior, F|
|poke|p1|Ceruledge, M|
|poke|p1|Araquanid, M|
|poke|p1|Scizor, M|
|poke|p2|Pelipper, M|
|poke|p2|Raging Bolt|
|poke|p2|Barraskewda, F|
|poke|p2|Tornadus-Therian, M|
|poke|p2|Ogerpon-Wellspring, F|
|poke|p2|Ting-Lu|
|teampreview
|
|t:|1758278619
|teamsize|p1|6
|teamsize|p2|6
|start
|switch|p1a: Araquanid|Araquanid, M|100/100
|switch|p2a: Pelipper|Pelipper, M|100/100
|-weather|RainDance|[from] ability: Drizzle|[of] p2a: Pelipper
|turn|1
|
|t:|1758278626
|move|p2a: Pelipper|Hurricane|p1a: Araquanid
|-supereffective|p1a: Araquanid
|-damage|p1a: Araquanid|23/100
|-start|p1a: Araquanid|confusion
|-activate|p1a: Araquanid|confusion
|move|p1a: Araquanid|Sticky Web|p2a: Pelipper
|-sidestart|p2: tuouo|move: Sticky Web
|
|-weather|RainDance|[upkeep]
|upkeep
|turn|2
|
|t:|1758278637
|move|p2a: Pelipper|Hurricane|p1a: Araquanid
|-supereffective|p1a: Araquanid
|-damage|p1a: Araquanid|0 fnt
|faint|p1a: Araquanid
|
|-weather|RainDance|[upkeep]
|upkeep
|
|t:|1758278645
|switch|p1a: Gholdengo|Gholdengo|100/100
|-item|p1a: Gholdengo|Air Balloon
|turn|3
|
|t:|1758278651
|-terastallize|p2a: Pelipper|Water
|move|p1a: Gholdengo|Nasty Plot|p1a: Gholdengo
|-boost|p1a: Gholdengo|spa|2
|move|p2a: Pelipper|Weather Ball|p1a: Gholdengo
|-damage|p1a: Gholdengo|0 fnt
|-enditem|p1a: Gholdengo|Air Balloon
|faint|p1a: Gholdengo
|
|-weather|RainDance|[upkeep]
|upkeep
|
|t:|1758278665
|switch|p1a: Kingambit|Kingambit, M|100/100
|-activate|p1a: Kingambit|ability: Supreme Overlord
|-start|p1a: Kingambit|fallen2|[silent]
|turn|4
|
|t:|1758278668
|move|p1a: Kingambit|Sucker Punch|p2a: Pelipper
|-crit|p2a: Pelipper
|-damage|p2a: Pelipper|19/100
|move|p2a: Pelipper|Weather Ball|p1a: Kingambit
|-damage|p1a: Kingambit|19/100
|
|-weather|RainDance|[upkeep]
|-heal|p1a: Kingambit|25/100|[from] item: Leftovers
|upkeep
|turn|5
|
|t:|1758278679
|move|p2a: Pelipper|Weather Ball|p1a: Kingambit
|-damage|p1a: Kingambit|0 fnt
|faint|p1a: Kingambit
|-end|p1a: Kingambit|fallen2|[silent]
|
|-weather|RainDance|[upkeep]
|upkeep
|-message|alloyedbricks forfeited.
|
|win|tuouo
|raw|alloyedbricks's rating: 1035 &rarr; <strong>1020</strong><br />(-15 for losing)
|raw|tuouo's rating: 1041 &rarr; <strong>1074</strong><br />(+33 for winning)
|l|☆alloyedbricks
|player|p1|
