|j|☆T-Silk
|j|☆enigma96
|t:|1758244895
|gametype|singles
|player|p1|T-Silk|hoopster|1110
|player|p2|enigma96|jogger|1126
|gen|9
|tier|[Gen 9] OU
|rated|
|rule|HP Percentage Mod: HP is shown in percentages
|rule|Endless Battle Clause: Forcing endless battles is banned
|rule|Species Clause: Limit one of each Pokémon
|rule|OHKO Clause: OHKO moves are banned
|rule|Evasion Items Clause: Evasion items are banned
|rule|Evasion Moves Clause: Evasion moves are banned
|rule|Evasion Abilities Clause: Evasion abilities are banned
|rule|Sleep Moves Clause: Sleep-inducing moves are banned
|clearpoke
|poke|p1|Dragonite, M|
|poke|p1|Clefable, F|
|poke|p1|Landorus-Therian, M|
|poke|p1|Weavile, M|
|poke|p1|Kingambit, M|
|poke|p1|Walking Wake|
|poke|p2|Delphox, M|
|poke|p2|Milotic, M|
|poke|p2|Gardevoir, M|
|poke|p2|Tsareena, F|
|poke|p2|Salazzle, F|
|poke|p2|Dragonair, M|
|teampreview
|inactive|Battle timer is ON: inactive players will automatically lose when time's up. (requested by enigma96)
|inactiveoff|Battle timer is now OFF.
|
|t:|1758244916
|teamsize|p1|6
|teamsize|p2|6
|start
|switch|p1a: Clefable|Clefable, F|100/100
|switch|p2a: DJ Foxy|Delphox, M, shiny|100/100
|turn|1
|
|t:|1758244931
|-terastallize|p1a: Clefable|Fire
|move|p2a: DJ Foxy|Overheat|p1a: Clefable
|-resisted|p1a: Clefable
|-damage|p1a: Clefable|72/100
|-unboost|p2a: DJ Foxy|spa|2
|-enditem|p2a: DJ Foxy|Eject Pack
|inactive|Battle timer is ON: inactive players will automatically lose when time's up. (requested by enigma96)
|
|t:|1758244938
|switch|p2a: Salazzle|Salazzle, F|100/100
|move|p1a: Clefable|Calm Mind|p1a: Clefable
|-boost|p1a: Clefable|spa|1
|-boost|p1a: Clefable|spd|1
|
|-heal|p1a: Clefable|78/100|[from] item: Leftovers
|upkeep
|turn|2
|
|t:|1758244948
|move|p2a: Salazzle|Toxic|p1a: Clefable
|-status|p1a: Clefable|tox
|move|p1a: Clefable|Knock Off|p2a: Salazzle
|-damage|p2a: Salazzle|79/100
|-enditem|p2a: Salazzle|Leftovers|[from] move: Knock Off|[of] p1a: Clefable
|
|-heal|p1a: Clefable|84/100 tox|[from] item: Leftovers
|-damage|p1a: Clefable|78/100 tox|[from] psn
|upkeep
|turn|3
|
|t:|1758244959
|switch|p1a: Landorus|Landorus-Therian, M|100/100
|-ability|p1a: Landorus|Intimidate|boost
|-unboost|p2a: Salazzle|atk|1
|move|p2a: Salazzle|Substitute|p2a: Salazzle
|-start|p2a: Salazzle|Substitute
|-damage|p2a: Salazzle|54/100
|
|upkeep
|turn|4
|
|t:|1758244968
|move|p1a: Landorus|Earthquake|p2a: Salazzle
|-supereffective|p2a: Salazzle
|-end|p2a: Salazzle|Substitute
|move|p2a: Salazzle|Toxic|p1a: Landorus
|-status|p1a: Landorus|tox
|
|-damage|p1a: Landorus|95/100 tox|[from] psn
|upkeep
|turn|5
|
|t:|1758244978
|move|p2a: Salazzle|Protect|p2a: Salazzle
|-singleturn|p2a: Salazzle|Protect
|move|p1a: Landorus|Earthquake|p2a: Salazzle
|-activate|p2a: Salazzle|move: Protect
|
|-damage|p1a: Landorus|83/100 tox|[from] psn
|upkeep
|turn|6
|
|t:|1758245003
|switch|p2a: Bastarda|Tsareena, F, shiny|100/100
|move|p1a: Landorus|Earthquake|p2a: Bastarda
|-resisted|p2a: Bastarda
|-damage|p2a: Bastarda|79/100
|
|-damage|p1a: Landorus|65/100 tox|[from] psn
|upkeep
|turn|7
|
|t:|1758245014
|switch|p1a: Weavile|Weavile, M|100/100
|-ability|p1a: Weavile|Pressure
|move|p2a: Bastarda|Knock Off|p1a: Weavile
|-resisted|p1a: Weavile
|-damage|p1a: Weavile|77/100
|-enditem|p1a: Weavile|Choice Band|[from] move: Knock Off|[of] p2a: Bastarda
|
|upkeep
|turn|8
|
|t:|1758245026
|switch|p2a: La XAMAKA|Milotic, M, shiny|100/100
|move|p1a: Weavile|Triple Axel|p2a: La XAMAKA|[miss]
|-miss|p1a: Weavile|p2a: La XAMAKA
|
|upkeep
|turn|9
|
|t:|1758245033
|move|p1a: Weavile|Knock Off|p2a: La XAMAKA
|-damage|p2a: La XAMAKA|69/100
|-enditem|p2a: La XAMAKA|Leftovers|[from] move: Knock Off|[of] p1a: Weavile
|move|p2a: La XAMAKA|Ice Beam|p1a: Weavile
|-resisted|p1a: Weavile
|-damage|p1a: Weavile|64/100
|
|upkeep
|turn|10
|
|t:|1758245043
|move|p1a: Weavile|Low Kick|p2a: La XAMAKA
|-damage|p2a: La XAMAKA|46/100
|move|p2a: La XAMAKA|Scald|p1a: Weavile
|-damage|p1a: Weavile|25/100
|
|upkeep
|turn|11
|
|t:|1758245052
|move|p1a: Weavile|Triple Axel|p2a: La XAMAKA
|-resisted|p2a: La XAMAKA
|-damage|p2a: La XAMAKA|42/100
|-resisted|p2a: La XAMAKA
|-damage|p2a: La XAMAKA|35/100
|-resisted|p2a: La XAMAKA
|-damage|p2a: La XAMAKA|23/100
|-hitcount|p2a: La XAMAKA|3
|move|p2a: La XAMAKA|Recover|p2a: La XAMAKA
|-heal|p2a: La XAMAKA|73/100
|
|upkeep
|turn|12
|
|t:|1758245065
|switch|p1a: Landorus|Landorus-Therian, M|65/100 tox
|-ability|p1a: Landorus|Intimidate|boost
|-unboost|p2a: La XAMAKA|atk|1
|move|p2a: La XAMAKA|Scald|p1a: Landorus
|-supereffective|p1a: Landorus
|-damage|p1a: Landorus|0 fnt
|faint|p1a: Landorus
|
|upkeep
|
|t:|1758245075
|switch|p1a: Kingambit|Kingambit, M|100/100
|-activate|p1a: Kingambit|ability: Supreme Overlord
|-start|p1a: Kingambit|fallen1|[silent]
|turn|13
|
|t:|1758245084
|move|p1a: Kingambit|Swords Dance|p1a: Kingambit
|-boost|p1a: Kingambit|atk|2
|move|p2a: La XAMAKA|Scald|p1a: Kingambit
|-crit|p1a: Kingambit
|-damage|p1a: Kingambit|54/100
|
|-heal|p1a: Kingambit|60/100|[from] item: Leftovers
|upkeep
|turn|14
|
|t:|1758245095
|move|p1a: Kingambit|Kowtow Cleave|p2a: La XAMAKA
|-damage|p2a: La XAMAKA|0 fnt
|faint|p2a: La XAMAKA
|
|-heal|p1a: Kingambit|66/100|[from] item: Leftovers
|upkeep
|
|t:|1758245107
|switch|p2a: Bastarda|Tsareena, F, shiny|79/100
|turn|15
|
|t:|1758245113
|move|p1a: Kingambit|Iron Head|p2a: Bastarda
|-damage|p2a: Bastarda|0 fnt
|-damage|p1a: Kingambit|49/100|[from] item: Rocky Helmet|[of] p2a: Bastarda
|faint|p2a: Bastarda
|
|-heal|p1a: Kingambit|56/100|[from] item: Leftovers
|upkeep
|
|t:|1758245122
|switch|p2a: Chica Peligro|Gardevoir, M, shiny|100/100
|-ability|p2a: Chica Peligro|Supreme Overlord|Trace|[from] ability: Trace|[of] p1a: Kingambit
|-activate|p2a: Chica Peligro|ability: Supreme Overlord
|-start|p2a: Chica Peligro|fallen2|[silent]
|turn|16
|
|t:|1758245129
|move|p2a: Chica Peligro|Moonblast|p1a: Kingambit
|-damage|p1a: Kingambit|0 fnt
|faint|p1a: Kingambit
|-end|p1a: Kingambit|fallen1|[silent]
|
|upkeep
|
|t:|1758245138
|switch|p1a: Clefable|Clefable, F, tera:Fire|78/100 tox
|turn|17
|
|t:|1758245144
|-end|p2a: Chica Peligro|fallen2|[silent]
|switch|p2a: DJ Foxy|Delphox, M, shiny|100/100
|move|p1a: Clefable|Knock Off|p2a: DJ Foxy
|-supereffective|p2a: DJ Foxy
|-damage|p2a: DJ Foxy|72/100
|
|-heal|p1a: Clefable|84/100 tox|[from] item: Leftovers
|-damage|p1a: Clefable|78/100 tox|[from] psn
|upkeep
|turn|18
|
|t:|1758245163
|move|p2a: DJ Foxy|Scorching Sands|p1a: Clefable
|-supereffective|p1a: Clefable
|-damage|p1a: Clefable|36/100 tox
|-item|p2a: DJ Foxy|Leftovers|[from] ability: Magician|[of] p1a: Clefable
|move|p1a: Clefable|Calm Mind|p1a: Clefable
|-boost|p1a: Clefable|spa|1
|-boost|p1a: Clefable|spd|1
|
|-heal|p2a: DJ Foxy|78/100|[from] item: Leftovers
|-damage|p1a: Clefable|24/100 tox|[from] psn
|upkeep
|turn|19
|
|t:|1758245175
|move|p2a: DJ Foxy|Psychic|p1a: Clefable
|-damage|p1a: Clefable|0 fnt
|faint|p1a: Clefable
|
|-heal|p2a: DJ Foxy|84/100|[from] item: Leftovers
|upkeep
|
|t:|1758245181
|switch|p1a: Weavile|Weavile, M|25/100
|-ability|p1a: Weavile|Pressure
|turn|20
|inactive|enigma96 has 120 seconds left.
|
|t:|1758245212
|move|p1a: Weavile|Triple Axel|p2a: DJ Foxy
|-resisted|p2a: DJ Foxy
|-damage|p2a: DJ Foxy|77/100
|-resisted|p2a: DJ Foxy
|-damage|p2a: DJ Foxy|62/100
|-resisted|p2a: DJ Foxy
|-damage|p2a: DJ Foxy|41/100
|-hitcount|p2a: DJ Foxy|3
|move|p2a: DJ Foxy|Overheat|p1a: Weavile
|-supereffective|p1a: Weavile
|-damage|p1a: Weavile|0 fnt
|-unboost|p2a: DJ Foxy|spa|2
|faint|p1a: Weavile
|
|-heal|p2a: DJ Foxy|47/100|[from] item: Leftovers
|upkeep
|
|t:|1758245225
|switch|p1a: Walking Wake|Walking Wake|100/100
|turn|21
|inactive|enigma96 has 120 seconds left.
|
|t:|1758245248
|switch|p2a: Salazzle|Salazzle, F|54/100
|move|p1a: Walking Wake|Hydro Steam|p2a: Salazzle
|-supereffective|p2a: Salazzle
|-damage|p2a: Salazzle|0 fnt
|faint|p2a: Salazzle
|
|upkeep
|
|t:|1758245257
|switch|p2a: Chica Peligro|Gardevoir, M, shiny|100/100
|turn|22
|
|t:|1758245261
|move|p2a: Chica Peligro|Moonblast|p1a: Walking Wake
|-supereffective|p1a: Walking Wake
|-damage|p1a: Walking Wake|0 fnt
|faint|p1a: Walking Wake
|-end|p1a: Walking Wake|Protosynthesis|[silent]
|
|upkeep
|
|t:|1758245265
|switch|p1a: Dragonite|Dragonite, M|100/100
|-ability|p2a: Chica Peligro|Multiscale|Trace|[from] ability: Trace|[of] p1a: Dragonite
|turn|23
|
|t:|1758245276
|move|p2a: Chica Peligro|Moonblast|p1a: Dragonite
|-supereffective|p1a: Dragonite
|-damage|p1a: Dragonite|50/100
|move|p1a: Dragonite|Fire Punch|p2a: Chica Peligro
|-damage|p2a: Chica Peligro|75/100
|
|upkeep
|turn|24
|
|t:|1758245284
|switch|p2a: Dragonair|Dragonair, M, shiny|100/100
|move|p1a: Dragonite|Fire Punch|p2a: Dragonair
|-resisted|p2a: Dragonair
|-damage|p2a: Dragonair|84/100
|
|upkeep
|turn|25
|
|t:|1758245292
|-terastallize|p2a: Dragonair|Normal
|move|p2a: Dragonair|Extreme Speed|p1a: Dragonite
|-damage|p1a: Dragonite|10/100
|move|p1a: Dragonite|Scale Shot|p2a: Dragonair
|-damage|p2a: Dragonair|64/100
|-damage|p2a: Dragonair|45/100
|-damage|p2a: Dragonair|27/100
|-damage|p2a: Dragonair|9/100
|-damage|p2a: Dragonair|0 fnt
|faint|p2a: Dragonair
|-hitcount|p2: Dragonair|5
|-unboost|p1a: Dragonite|def|1
|-boost|p1a: Dragonite|spe|1
|
|upkeep
|
|t:|1758245308
|switch|p2a: Chica Peligro|Gardevoir, M, shiny|75/100
|-ability|p2a: Chica Peligro|Multiscale|Trace|[from] ability: Trace|[of] p1a: Dragonite
|turn|26
|
|t:|1758245324
|move|p2a: Chica Peligro|Moonblast|p1a: Dragonite
|-supereffective|p1a: Dragonite
|-damage|p1a: Dragonite|0 fnt
|faint|p1a: Dragonite
|
|win|enigma96
|raw|T-Silk's rating: 1110 &rarr; <strong>1086</strong><br />(-24 for losing)
|raw|enigma96's rating: 1126 &rarr; <strong>1150</strong><br />(+24 for winning)
|l|☆T-Silk
|player|p1|
|l|☆enigma96
|player|p2|
