|j|☆Zcu3
|j|☆Lucyboy808
|t:|1758322643
|gametype|singles
|player|p1|Zcu3|alder|1182
|player|p2|Lucyboy808|2|1172
|gen|9
|tier|[Gen 9] OU
|rated|
|rule|HP Percentage Mod: HP is shown in percentages
|rule|Endless Battle Clause: Forcing endless battles is banned
|rule|Species Clause: Limit one of each Pokémon
|rule|OHKO Clause: OHKO moves are banned
|rule|Evasion Items Clause: Evasion items are banned
|rule|Evasion Moves Clause: Evasion moves are banned
|rule|Evasion Abilities Clause: Evasion abilities are banned
|rule|Sleep Moves Clause: Sleep-inducing moves are banned
|clearpoke
|poke|p1|Toxapex, F|
|poke|p1|Gliscor, M|
|poke|p1|Glimmora, F|
|poke|p1|Snorlax, M|
|poke|p1|Zangoose, F|
|poke|p1|Corviknight, M|
|poke|p2|Darkrai|
|poke|p2|Ceruledge, F|
|poke|p2|Serperior, F|
|poke|p2|Clefable, M|
|poke|p2|Rotom-Wash|
|poke|p2|Clodsire, M|
|teampreview
|
|t:|1758322651
|teamsize|p1|6
|teamsize|p2|6
|start
|switch|p1a: Zangoose|Zangoose, F, shiny|100/100
|switch|p2a: Rotom|Rotom-Wash|100/100
|turn|1
|inactive|Battle timer is ON: inactive players will automatically lose when time's up. (requested by Lucyboy808)
|
|t:|1758322661
|move|p1a: Zangoose|Agility|p1a: Zangoose
|-boost|p1a: Zangoose|spe|2
|move|p2a: Rotom|Discharge|p1a: Zangoose
|-damage|p1a: Zangoose|58/100
|
|-status|p1a: Zangoose|tox|[from] item: Toxic Orb
|upkeep
|turn|2
|
|t:|1758322681
|switch|p2a: Ceruledge|Ceruledge, F|100/100
|move|p1a: Zangoose|Facade|p2a: Ceruledge
|-immune|p2a: Ceruledge
|
|-damage|p1a: Zangoose|52/100 tox|[from] psn
|upkeep
|turn|3
|
|t:|1758322700
|move|p1a: Zangoose|Shadow Claw|p2a: Ceruledge
|-supereffective|p2a: Ceruledge
|-enditem|p2a: Ceruledge|Focus Sash
|-damage|p2a: Ceruledge|1/100
|-ability|p2a: Ceruledge|Weak Armor|boost
|-unboost|p2a: Ceruledge|def|1
|-boost|p2a: Ceruledge|spe|2
|move|p2a: Ceruledge|Swords Dance|p2a: Ceruledge
|-boost|p2a: Ceruledge|atk|2
|
|-damage|p1a: Zangoose|40/100 tox|[from] psn
|upkeep
|turn|4
|
|t:|1758322715
|move|p2a: Ceruledge|Bitter Blade|p1a: Zangoose
|-damage|p1a: Zangoose|0 fnt
|-heal|p2a: Ceruledge|24/100|[from] drain|[of] p1a: Zangoose
|faint|p1a: Zangoose
|
|upkeep
|
|t:|1758322729
|switch|p1a: Glimmora|Glimmora, F, shiny|100/100
|turn|5
|
|t:|1758322735
|move|p2a: Ceruledge|Bitter Blade|p1a: Glimmora
|-resisted|p1a: Glimmora
|-damage|p1a: Glimmora|36/100
|-heal|p2a: Ceruledge|58/100|[from] drain|[of] p1a: Glimmora
|-activate|p1a: Glimmora|ability: Toxic Debris
|-sidestart|p2: Lucyboy808|move: Toxic Spikes
|move|p1a: Glimmora|Power Gem|p2a: Ceruledge
|-supereffective|p2a: Ceruledge
|-damage|p2a: Ceruledge|0 fnt
|faint|p2a: Ceruledge
|
|upkeep
|inactive|Lucyboy808 has 120 seconds left.
|
|t:|1758322762
|switch|p2a: Rotom|Rotom-Wash|100/100
|turn|6
|
|t:|1758322776
|switch|p1a: Snorlax|Snorlax, M, shiny|100/100
|move|p2a: Rotom|Hydro Pump|p1a: Snorlax
|-damage|p1a: Snorlax|76/100
|
|-heal|p1a: Snorlax|83/100|[from] item: Leftovers
|upkeep
|turn|7
|
|t:|1758322791
|move|p2a: Rotom|Discharge|p1a: Snorlax
|-damage|p1a: Snorlax|66/100
|move|p1a: Snorlax|Substitute|p1a: Snorlax
|-start|p1a: Snorlax|Substitute
|-damage|p1a: Snorlax|41/100
|
|-heal|p1a: Snorlax|47/100|[from] item: Leftovers
|upkeep
|turn|8
|
|t:|1758322801
|move|p2a: Rotom|Discharge|p1a: Snorlax
|-activate|p1a: Snorlax|move: Substitute|[damage]
|move|p1a: Snorlax|Curse|p1a: Snorlax
|-unboost|p1a: Snorlax|spe|1
|-boost|p1a: Snorlax|atk|1
|-boost|p1a: Snorlax|def|1
|
|-heal|p1a: Snorlax|53/100|[from] item: Leftovers
|upkeep
|turn|9
|
|t:|1758322816
|move|p2a: Rotom|Discharge|p1a: Snorlax
|-end|p1a: Snorlax|Substitute
|move|p1a: Snorlax|Substitute|p1a: Snorlax
|-start|p1a: Snorlax|Substitute
|-damage|p1a: Snorlax|28/100
|
|-heal|p1a: Snorlax|34/100|[from] item: Leftovers
|upkeep
|turn|10
|
|t:|1758322826
|move|p2a: Rotom|Hydro Pump|p1a: Snorlax
|-activate|p1a: Snorlax|move: Substitute|[damage]
|move|p1a: Snorlax|Body Slam|p2a: Rotom
|-damage|p2a: Rotom|42/100
|
|-heal|p2a: Rotom|48/100|[from] item: Leftovers
|-heal|p1a: Snorlax|40/100|[from] item: Leftovers
|upkeep
|turn|11
|
|t:|1758322836
|move|p2a: Rotom|Discharge|p1a: Snorlax
|-end|p1a: Snorlax|Substitute
|move|p1a: Snorlax|Substitute|p1a: Snorlax
|-start|p1a: Snorlax|Substitute
|-damage|p1a: Snorlax|15/100
|
|-heal|p2a: Rotom|54/100|[from] item: Leftovers
|-heal|p1a: Snorlax|21/100|[from] item: Leftovers
|upkeep
|turn|12
|
|t:|1758322845
|move|p2a: Rotom|Hydro Pump|p1a: Snorlax|[miss]
|-miss|p2a: Rotom|p1a: Snorlax
|move|p1a: Snorlax|Body Slam|p2a: Rotom
|-damage|p2a: Rotom|0 fnt
|faint|p2a: Rotom
|
|-heal|p1a: Snorlax|28/100|[from] item: Leftovers
|upkeep
|
|t:|1758322861
|switch|p2a: Serperior|Serperior, F|100/100
|-status|p2a: Serperior|psn
|turn|13
|inactive|Zcu3 has 120 seconds left.
|
|t:|1758322893
|move|p2a: Serperior|Leaf Storm|p1a: Snorlax
|-activate|p1a: Snorlax|move: Substitute|[damage]
|-boost|p2a: Serperior|spa|2
|move|p1a: Snorlax|Body Slam|p2a: Serperior
|-damage|p2a: Serperior|37/100 psn
|-enditem|p2a: Serperior|Sitrus Berry|[eat]
|-heal|p2a: Serperior|62/100 psn|[from] item: Sitrus Berry
|
|-heal|p1a: Snorlax|34/100|[from] item: Leftovers
|-damage|p2a: Serperior|50/100 psn|[from] psn
|upkeep
|turn|14
|
|t:|1758322907
|move|p2a: Serperior|Leaf Storm|p1a: Snorlax
|-end|p1a: Snorlax|Substitute
|-boost|p2a: Serperior|spa|2
|move|p1a: Snorlax|Body Slam|p2a: Serperior
|-damage|p2a: Serperior|0 fnt
|faint|p2a: Serperior
|
|-heal|p1a: Snorlax|40/100|[from] item: Leftovers
|upkeep
|
|t:|1758322922
|switch|p2a: Clefable|Clefable, M|100/100
|-status|p2a: Clefable|psn
|turn|15
|inactive|Zcu3 has 120 seconds left.
|-activate|p2a: Clefable|item: Quick Claw
|
|t:|1758322949
|move|p2a: Clefable|Moonblast|p1a: Snorlax
|-damage|p1a: Snorlax|24/100
|move|p1a: Snorlax|Body Slam|p2a: Clefable
|-damage|p2a: Clefable|47/100 psn
|
|-heal|p1a: Snorlax|30/100|[from] item: Leftovers
|upkeep
|turn|16
|inactive|Zcu3 has 120 seconds left.
|-activate|p2a: Clefable|item: Quick Claw
|
|t:|1758322959
|move|p2a: Clefable|Fire Blast|p1a: Snorlax
|-damage|p1a: Snorlax|18/100
|move|p1a: Snorlax|Body Slam|p2a: Clefable
|-damage|p2a: Clefable|0 fnt
|faint|p2a: Clefable
|
|-heal|p1a: Snorlax|24/100|[from] item: Leftovers
|upkeep
|l|☆Lucyboy808
|inactive|Lucyboy808 disconnected and has a minute to reconnect!
|player|p2|
|inactive|Lucyboy808 has 30 seconds to reconnect!
|inactive|Lucyboy808 has 20 seconds to reconnect!
|inactive|Lucyboy808 has 15 seconds to reconnect!
|inactive|Lucyboy808 has 10 seconds to reconnect!
|inactive|Lucyboy808 has 5 seconds to reconnect!
|l|☆Zcu3
|inactive|Zcu3 disconnected and has a minute to reconnect!
|player|p1|
|-message|Lucyboy808 lost due to inactivity.
|
|win|Zcu3
|raw|Zcu3's rating: 1182 &rarr; <strong>1206</strong><br />(+24 for winning)
|raw|Lucyboy808's rating: 1172 &rarr; <strong>1148</strong><br />(-24 for losing)
|j|☆Zcu3
|player|p1|Zcu3|alder|
|l|☆Zcu3
|player|p1|
|j|☆Zcu3
|player|p1|Zcu3|alder|
|l|☆Zcu3
|player|p1|
