|j|☆CosmicMD
|j|☆AthenaSux
|t:|1758341575
|gametype|singles
|player|p1|CosmicMD|colress|1353
|player|p2|AthenaSux|169|1430
|gen|9
|tier|[Gen 9] OU
|rated|
|rule|HP Percentage Mod: HP is shown in percentages
|rule|Endless Battle Clause: Forcing endless battles is banned
|rule|Species Clause: Limit one of each Pokémon
|rule|OHKO Clause: OHKO moves are banned
|rule|Evasion Items Clause: Evasion items are banned
|rule|Evasion Moves Clause: Evasion moves are banned
|rule|Evasion Abilities Clause: Evasion abilities are banned
|rule|Sleep Moves Clause: Sleep-inducing moves are banned
|clearpoke
|poke|p1|Moltres|
|poke|p1|Great Tusk|
|poke|p1|Meowscarada, M|
|poke|p1|Gholdengo|
|poke|p1|Clodsire, M|
|poke|p1|Hydrapple, F|
|poke|p2|Toxicroak, F|
|poke|p2|Iron Treads|
|poke|p2|Hatterene, F|
|poke|p2|Barraskewda, F|
|poke|p2|Zapdos|
|poke|p2|Pelipper, F|
|teampreview
|inactive|Battle timer is ON: inactive players will automatically lose when time's up. (requested by AthenaSux)
|c|☆CosmicMD|glhf
|
|t:|1758341579
|teamsize|p1|6
|teamsize|p2|6
|start
|switch|p1a: Meowscarada|Meowscarada, M|100/100
|switch|p2a: Pelipper|Pelipper, F|100/100
|-weather|RainDance|[from] ability: Drizzle|[of] p2a: Pelipper
|turn|1
|
|t:|1758341584
|move|p1a: Meowscarada|U-turn|p2a: Pelipper
|-start|p1a: Meowscarada|typechange|Bug|[from] ability: Protean
|-resisted|p2a: Pelipper
|-damage|p2a: Pelipper|80/100
|
|t:|1758341586
|switch|p1a: Clodsire|Clodsire, M|100/100|[from] U-turn
|move|p2a: Pelipper|U-turn|p1a: Clodsire
|-resisted|p1a: Clodsire
|-damage|p1a: Clodsire|96/100
|
|t:|1758341610
|switch|p2a: Zapdos|Zapdos|100/100|[from] U-turn
|
|-weather|RainDance|[upkeep]
|-heal|p1a: Clodsire|100/100|[from] item: Leftovers
|upkeep
|turn|2
|
|t:|1758341616
|move|p2a: Zapdos|Weather Ball|p1a: Clodsire
|-immune|p1a: Clodsire|[from] ability: Water Absorb
|move|p1a: Clodsire|Toxic|p2a: Zapdos
|-status|p2a: Zapdos|tox
|
|-weather|RainDance|[upkeep]
|-damage|p2a: Zapdos|94/100 tox|[from] psn
|upkeep
|turn|3
|
|t:|1758341621
|switch|p2a: Iron Treads|Iron Treads|100/100
|move|p1a: Clodsire|Stealth Rock|p2a: Iron Treads
|-sidestart|p2: AthenaSux|move: Stealth Rock
|
|-weather|RainDance|[upkeep]
|upkeep
|turn|4
|
|t:|1758341624
|switch|p1a: Moltres|Moltres|100/100
|move|p2a: Iron Treads|Stealth Rock|p1a: Moltres
|-sidestart|p1: CosmicMD|move: Stealth Rock
|
|-weather|RainDance|[upkeep]
|upkeep
|turn|5
|
|t:|1758341629
|move|p2a: Iron Treads|Rapid Spin|p1a: Moltres
|-damage|p1a: Moltres|92/100
|-boost|p2a: Iron Treads|spe|1
|-status|p2a: Iron Treads|brn|[from] ability: Flame Body|[of] p1a: Moltres
|-sideend|p2: AthenaSux|Stealth Rock|[from] move: Rapid Spin|[of] p2a: Iron Treads
|move|p1a: Moltres|U-turn|p2a: Iron Treads
|-resisted|p2a: Iron Treads
|-damage|p2a: Iron Treads|94/100 brn
|
|t:|1758341631
|switch|p1a: Great Tusk|Great Tusk|100/100|[from] U-turn
|
|-weather|RainDance|[upkeep]
|-heal|p2a: Iron Treads|99/100 brn|[from] item: Leftovers
|-damage|p2a: Iron Treads|94/100 brn|[from] brn
|upkeep
|turn|6
|
|t:|1758341636
|-end|p2a: Iron Treads|Quark Drive|[silent]
|switch|p2a: Zapdos|Zapdos|94/100 tox
|move|p1a: Great Tusk|Rapid Spin|p2a: Zapdos
|-damage|p2a: Zapdos|72/100 tox
|-boost|p1a: Great Tusk|spe|1
|-sideend|p1: CosmicMD|Stealth Rock|[from] move: Rapid Spin|[of] p1a: Great Tusk
|
|-weather|RainDance|[upkeep]
|-damage|p2a: Zapdos|66/100 tox|[from] psn
|upkeep
|turn|7
|
|t:|1758341640
|move|p2a: Zapdos|Hurricane|p1a: Great Tusk
|-supereffective|p1a: Great Tusk
|-damage|p1a: Great Tusk|0 fnt
|faint|p1a: Great Tusk
|-end|p1a: Great Tusk|Protosynthesis|[silent]
|
|-weather|RainDance|[upkeep]
|-damage|p2a: Zapdos|54/100 tox|[from] psn
|upkeep
|
|t:|1758341646
|switch|p1a: Gholdengo|Gholdengo|100/100
|turn|8
|
|t:|1758341656
|switch|p2a: Iron Treads|Iron Treads|94/100 brn
|move|p1a: Gholdengo|Make It Rain|p2a: Iron Treads
|-resisted|p2a: Iron Treads
|-damage|p2a: Iron Treads|67/100 brn
|-unboost|p1a: Gholdengo|spa|1
|
|-weather|none
|-heal|p2a: Iron Treads|73/100 brn|[from] item: Leftovers
|-damage|p2a: Iron Treads|67/100 brn|[from] brn
|upkeep
|turn|9
|
|t:|1758341663
|switch|p1a: Meowscarada|Meowscarada, M|100/100
|move|p2a: Iron Treads|Stealth Rock|p1a: Meowscarada
|-sidestart|p1: CosmicMD|move: Stealth Rock
|
|-heal|p2a: Iron Treads|73/100 brn|[from] item: Leftovers
|-damage|p2a: Iron Treads|67/100 brn|[from] brn
|upkeep
|turn|10
|
|t:|1758341666
|move|p1a: Meowscarada|Triple Axel|p2a: Iron Treads
|-start|p1a: Meowscarada|typechange|Ice|[from] ability: Protean
|-damage|p2a: Iron Treads|58/100 brn
|-damage|p2a: Iron Treads|44/100 brn
|-damage|p2a: Iron Treads|19/100 brn
|-hitcount|p2a: Iron Treads|3
|move|p2a: Iron Treads|Volt Switch|p1a: Meowscarada
|-damage|p1a: Meowscarada|83/100
|
|t:|1758341674
|-end|p2a: Iron Treads|Quark Drive|[silent]
|switch|p2a: Pelipper|Pelipper, F|80/100|[from] Volt Switch
|-weather|RainDance|[from] ability: Drizzle|[of] p2a: Pelipper
|
|-weather|RainDance|[upkeep]
|upkeep
|turn|11
|
|t:|1758341677
|switch|p1a: Clodsire|Clodsire, M|100/100
|-damage|p1a: Clodsire|94/100|[from] Stealth Rock
|move|p2a: Pelipper|U-turn|p1a: Clodsire
|-resisted|p1a: Clodsire
|-damage|p1a: Clodsire|89/100
|
|t:|1758341686
|switch|p2a: Zapdos|Zapdos|54/100 tox|[from] U-turn
|
|-weather|RainDance|[upkeep]
|-heal|p1a: Clodsire|95/100|[from] item: Leftovers
|-damage|p2a: Zapdos|48/100 tox|[from] psn
|upkeep
|turn|12
|
|t:|1758341691
|move|p2a: Zapdos|Hurricane|p1a: Clodsire
|-damage|p1a: Clodsire|50/100
|move|p1a: Clodsire|Stealth Rock|p2a: Zapdos
|-sidestart|p2: AthenaSux|move: Stealth Rock
|
|-weather|RainDance|[upkeep]
|-heal|p1a: Clodsire|56/100|[from] item: Leftovers
|-damage|p2a: Zapdos|35/100 tox|[from] psn
|upkeep
|turn|13
|
|t:|1758341696
|-terastallize|p2a: Zapdos|Flying
|move|p2a: Zapdos|Hurricane|p1a: Clodsire
|-damage|p1a: Clodsire|0 fnt
|faint|p1a: Clodsire
|
|-weather|RainDance|[upkeep]
|-damage|p2a: Zapdos|16/100 tox|[from] psn
|upkeep
|
|t:|1758341705
|switch|p1a: Meowscarada|Meowscarada, M|83/100
|-damage|p1a: Meowscarada|70/100|[from] Stealth Rock
|turn|14
|
|t:|1758341712
|move|p1a: Meowscarada|Flower Trick|p2a: Zapdos
|-start|p1a: Meowscarada|typechange|Grass|[from] ability: Protean
|-resisted|p2a: Zapdos
|-crit|p2a: Zapdos
|-damage|p2a: Zapdos|0 fnt
|faint|p2a: Zapdos
|
|-weather|RainDance|[upkeep]
|upkeep
|
|t:|1758341718
|switch|p2a: Barraskewda|Barraskewda, F|100/100
|-damage|p2a: Barraskewda|88/100|[from] Stealth Rock
|turn|15
|
|t:|1758341726
|switch|p1a: Hydrapple|Hydrapple, F|100/100
|-damage|p1a: Hydrapple|88/100|[from] Stealth Rock
|move|p2a: Barraskewda|Liquidation|p1a: Hydrapple
|-resisted|p1a: Hydrapple
|-damage|p1a: Hydrapple|68/100
|
|-weather|RainDance|[upkeep]
|upkeep
|turn|16
|
|t:|1758341733
|switch|p2a: Toxicroak|Toxicroak, F|100/100
|-damage|p2a: Toxicroak|94/100|[from] Stealth Rock
|move|p1a: Hydrapple|Leaf Storm|p2a: Toxicroak
|-resisted|p2a: Toxicroak
|-damage|p2a: Toxicroak|47/100
|-unboost|p1a: Hydrapple|spa|2
|
|-weather|RainDance|[upkeep]
|-heal|p2a: Toxicroak|60/100|[from] ability: Dry Skin
|upkeep
|turn|17
|
|t:|1758341738
|switch|p1a: Gholdengo|Gholdengo|100/100
|-damage|p1a: Gholdengo|94/100|[from] Stealth Rock
|move|p2a: Toxicroak|Knock Off|p1a: Gholdengo
|-supereffective|p1a: Gholdengo
|-damage|p1a: Gholdengo|42/100
|-enditem|p1a: Gholdengo|Choice Scarf|[from] move: Knock Off|[of] p2a: Toxicroak
|
|-weather|none
|upkeep
|turn|18
|
|t:|1758341749
|switch|p2a: Pelipper|Pelipper, F|80/100
|-damage|p2a: Pelipper|55/100|[from] Stealth Rock
|-weather|RainDance|[from] ability: Drizzle|[of] p2a: Pelipper
|move|p1a: Gholdengo|Make It Rain|p2a: Pelipper
|-resisted|p2a: Pelipper
|-damage|p2a: Pelipper|27/100
|-unboost|p1a: Gholdengo|spa|1
|
|-weather|RainDance|[upkeep]
|upkeep
|turn|19
|
|t:|1758341757
|move|p1a: Gholdengo|Make It Rain|p2a: Pelipper
|-resisted|p2a: Pelipper
|-damage|p2a: Pelipper|5/100
|-unboost|p1a: Gholdengo|spa|1
|move|p2a: Pelipper|Roost|p2a: Pelipper
|-heal|p2a: Pelipper|55/100
|-singleturn|p2a: Pelipper|move: Roost
|
|-weather|RainDance|[upkeep]
|upkeep
|turn|20
|-message|CosmicMD forfeited.
|
|win|AthenaSux
|raw|CosmicMD's rating: 1353 &rarr; <strong>1337</strong><br />(-16 for losing)
|raw|AthenaSux's rating: 1430 &rarr; <strong>1446</strong><br />(+16 for winning)
|l|☆CosmicMD
|player|p1|
|l|☆AthenaSux
|player|p2|
