|j|☆luxgia
|j|☆rookie22
|t:|1758300884
|gametype|singles
|player|p1|luxgia|byron|1746
|player|p2|rookie22|iris-gen5bw2|1775
|gen|9
|tier|[Gen 9] OU
|rated|
|rule|HP Percentage Mod: HP is shown in percentages
|rule|Endless Battle Clause: Forcing endless battles is banned
|rule|Species Clause: Limit one of each Pokémon
|rule|OHKO Clause: OHKO moves are banned
|rule|Evasion Items Clause: Evasion items are banned
|rule|Evasion Moves Clause: Evasion moves are banned
|rule|Evasion Abilities Clause: Evasion abilities are banned
|rule|Sleep Moves Clause: Sleep-inducing moves are banned
|clearpoke
|poke|p1|Iron Crown|
|poke|p1|Samurott-Hisui, F|
|poke|p1|Zapdos|
|poke|p1|Dragapult, F|
|poke|p1|Great Tusk|
|poke|p1|Iron Boulder|
|poke|p2|Dragonite, M|
|poke|p2|Meowscarada, M|
|poke|p2|Keldeo|
|poke|p2|Iron Crown|
|poke|p2|Raging Bolt|
|poke|p2|Great Tusk|
|teampreview
|inactive|Battle timer is ON: inactive players will automatically lose when time's up. (requested by rookie22)
|
|t:|1758300899
|teamsize|p1|6
|teamsize|p2|6
|start
|switch|p1a: Parasite|Dragapult, F|100/100
|switch|p2a: Lisan Al Gaib|Keldeo|100/100
|turn|1
|
|t:|1758300904
|switch|p2a: Bene Gesserit|Iron Crown|100/100
|move|p1a: Parasite|U-turn|p2a: Bene Gesserit
|-damage|p2a: Bene Gesserit|67/100
|
|t:|1758300907
|switch|p1a: Everytime We Touch|Samurott-Hisui, F|100/100|[from] U-turn
|
|upkeep
|turn|2
|j| IM AT MY LIMIT
|
|t:|1758300934
|-end|p2a: Bene Gesserit|Quark Drive|[silent]
|switch|p2a: Meowscarada|Meowscarada, M|100/100
|move|p1a: Everytime We Touch|Ceaseless Edge|p2a: Meowscarada
|-resisted|p2a: Meowscarada
|-damage|p2a: Meowscarada|68/100
|-sidestart|p2: rookie22|Spikes
|
|upkeep
|turn|3
|
|t:|1758300939
|switch|p1a: Hurikan|Zapdos|100/100
|move|p2a: Meowscarada|Knock Off|p1a: Hurikan
|-start|p2a: Meowscarada|typechange|Dark|[from] ability: Protean
|-damage|p1a: Hurikan|67/100
|-enditem|p1a: Hurikan|Heavy-Duty Boots|[from] move: Knock Off|[of] p2a: Meowscarada
|
|upkeep
|turn|4
|
|t:|1758300942
|switch|p2a: Raging Bolt|Raging Bolt|100/100
|-damage|p2a: Raging Bolt|88/100|[from] Spikes
|move|p1a: Hurikan|Roost|p1a: Hurikan
|-heal|p1a: Hurikan|100/100
|-singleturn|p1a: Hurikan|move: Roost
|
|-heal|p2a: Raging Bolt|94/100|[from] item: Leftovers
|upkeep
|turn|5
|
|t:|1758300946
|switch|p1a: Mindreader|Iron Crown|100/100
|move|p2a: Raging Bolt|Dragon Pulse|p1a: Mindreader
|-resisted|p1a: Mindreader
|-damage|p1a: Mindreader|77/100
|
|-heal|p2a: Raging Bolt|100/100|[from] item: Leftovers
|upkeep
|turn|6
|
|t:|1758300950
|move|p1a: Mindreader|Psyshock|p2a: Raging Bolt
|-damage|p2a: Raging Bolt|47/100
|move|p2a: Raging Bolt|Thunderbolt|p1a: Mindreader
|-damage|p1a: Mindreader|28/100
|
|-heal|p2a: Raging Bolt|53/100|[from] item: Leftovers
|upkeep
|turn|7
|
|t:|1758300955
|-end|p2a: Raging Bolt|Protosynthesis|[silent]
|switch|p2a: Meowscarada|Meowscarada, M|68/100
|move|p1a: Mindreader|Psyshock|p2a: Meowscarada
|-immune|p2a: Meowscarada
|
|upkeep
|turn|8
|
|t:|1758300966
|switch|p2a: Raging Bolt|Raging Bolt|53/100
|-damage|p2a: Raging Bolt|41/100|[from] Spikes
|-end|p1a: Mindreader|Quark Drive|[silent]
|switch|p1a: Hurikan|Zapdos|100/100
|
|-heal|p2a: Raging Bolt|47/100|[from] item: Leftovers
|upkeep
|turn|9
|
|t:|1758300971
|move|p1a: Hurikan|U-turn|p2a: Raging Bolt
|-damage|p2a: Raging Bolt|35/100
|
|t:|1758300976
|switch|p1a: Mindreader|Iron Crown|28/100|[from] U-turn
|move|p2a: Raging Bolt|Dragon Pulse|p1a: Mindreader
|-resisted|p1a: Mindreader
|-damage|p1a: Mindreader|3/100
|
|-heal|p2a: Raging Bolt|42/100|[from] item: Leftovers
|upkeep
|turn|10
|
|t:|1758300982
|move|p2a: Raging Bolt|Thunderclap|p1a: Mindreader
|-damage|p1a: Mindreader|0 fnt
|faint|p1a: Mindreader
|-end|p1a: Mindreader|Quark Drive|[silent]
|
|-heal|p2a: Raging Bolt|48/100|[from] item: Leftovers
|upkeep
|
|t:|1758300985
|switch|p1a: Pump It|Great Tusk|100/100
|turn|11
|
|t:|1758300987
|-end|p2a: Raging Bolt|Protosynthesis|[silent]
|switch|p2a: Great Tusk|Great Tusk|100/100
|-damage|p2a: Great Tusk|88/100|[from] Spikes
|move|p1a: Pump It|Stealth Rock|p2a: Great Tusk
|-sidestart|p2: rookie22|move: Stealth Rock
|
|-heal|p2a: Great Tusk|94/100|[from] item: Leftovers
|upkeep
|turn|12
|
|t:|1758300991
|-end|p1a: Pump It|Protosynthesis|[silent]
|switch|p1a: Hurikan|Zapdos|100/100
|move|p2a: Great Tusk|Ice Spinner|p1a: Hurikan
|-supereffective|p1a: Hurikan
|-damage|p1a: Hurikan|57/100
|
|-heal|p2a: Great Tusk|99/100|[from] item: Leftovers
|upkeep
|turn|13
|
|t:|1758301002
|-end|p2a: Great Tusk|Protosynthesis|[silent]
|switch|p2a: Raging Bolt|Raging Bolt|48/100
|-damage|p2a: Raging Bolt|35/100|[from] Spikes
|-damage|p2a: Raging Bolt|23/100|[from] Stealth Rock
|move|p1a: Hurikan|Hurricane|p2a: Raging Bolt
|-resisted|p2a: Raging Bolt
|-damage|p2a: Raging Bolt|1/100
|
|-heal|p2a: Raging Bolt|8/100|[from] item: Leftovers
|upkeep
|turn|14
|
|t:|1758301010
|move|p2a: Raging Bolt|Thunderclap|p1a: Hurikan
|-damage|p1a: Hurikan|15/100
|move|p1a: Hurikan|Hurricane|p2a: Raging Bolt
|-resisted|p2a: Raging Bolt
|-damage|p2a: Raging Bolt|0 fnt
|faint|p2a: Raging Bolt
|-end|p2a: Raging Bolt|Protosynthesis|[silent]
|
|upkeep
|j| ThatGibleGuy_YT
|
|t:|1758301022
|switch|p2a: Bene Gesserit|Iron Crown|67/100
|-damage|p2a: Bene Gesserit|55/100|[from] Spikes
|-damage|p2a: Bene Gesserit|49/100|[from] Stealth Rock
|turn|15
|
|t:|1758301026
|move|p2a: Bene Gesserit|Volt Switch|p1a: Hurikan
|-damage|p1a: Hurikan|0 fnt
|faint|p1a: Hurikan
|
|t:|1758301035
|-end|p2a: Bene Gesserit|Quark Drive|[silent]
|switch|p2a: Lisan Al Gaib|Keldeo|100/100|[from] Volt Switch
|-damage|p2a: Lisan Al Gaib|88/100|[from] Spikes
|-damage|p2a: Lisan Al Gaib|82/100|[from] Stealth Rock
|
|upkeep
|j| FaronAan
|
|t:|1758301040
|switch|p1a: Parasite|Dragapult, F|100/100
|turn|16
|
|t:|1758301044
|switch|p2a: Bene Gesserit|Iron Crown|49/100
|-damage|p2a: Bene Gesserit|36/100|[from] Spikes
|-damage|p2a: Bene Gesserit|30/100|[from] Stealth Rock
|move|p1a: Parasite|Dragon Darts|p2a: Bene Gesserit
|-resisted|p2a: Bene Gesserit
|-damage|p2a: Bene Gesserit|12/100
|-anim|p1a: Parasite|Dragon Darts|p2a: Bene Gesserit
|-resisted|p2a: Bene Gesserit
|-damage|p2a: Bene Gesserit|0 fnt
|faint|p2a: Bene Gesserit
|-end|p2a: Bene Gesserit|Quark Drive|[silent]
|
|upkeep
|
|t:|1758301051
|switch|p2a: Great Tusk|Great Tusk|99/100
|-damage|p2a: Great Tusk|88/100|[from] Spikes
|-damage|p2a: Great Tusk|85/100|[from] Stealth Rock
|turn|17
|
|t:|1758301054
|move|p1a: Parasite|Dragon Darts|p2a: Great Tusk
|-damage|p2a: Great Tusk|61/100
|-anim|p1a: Parasite|Dragon Darts|p2a: Great Tusk
|-damage|p2a: Great Tusk|36/100
|move|p2a: Great Tusk|Ice Spinner|p1a: Parasite
|-supereffective|p1a: Parasite
|-damage|p1a: Parasite|13/100
|
|-heal|p2a: Great Tusk|42/100|[from] item: Leftovers
|upkeep
|turn|18
|
|t:|1758301058
|move|p1a: Parasite|Dragon Darts|p2a: Great Tusk
|-damage|p2a: Great Tusk|18/100
|-anim|p1a: Parasite|Dragon Darts|p2a: Great Tusk
|-damage|p2a: Great Tusk|0 fnt
|faint|p2a: Great Tusk
|-end|p2a: Great Tusk|Protosynthesis|[silent]
|
|upkeep
|
|t:|1758301066
|switch|p2a: MEGA DRAGONITE|Dragonite, M|100/100
|turn|19
|j| mResss
|
|t:|1758301072
|switch|p1a: Pump It|Great Tusk|100/100
|-terastallize|p2a: MEGA DRAGONITE|Flying
|move|p2a: MEGA DRAGONITE|Dragon Dance|p2a: MEGA DRAGONITE
|-boost|p2a: MEGA DRAGONITE|atk|1
|-boost|p2a: MEGA DRAGONITE|spe|1
|
|upkeep
|turn|20
|l| mResss
|
|t:|1758301080
|move|p2a: MEGA DRAGONITE|Dragon Dance|p2a: MEGA DRAGONITE
|-boost|p2a: MEGA DRAGONITE|atk|1
|-boost|p2a: MEGA DRAGONITE|spe|1
|move|p1a: Pump It|Rapid Spin|p2a: MEGA DRAGONITE
|-damage|p2a: MEGA DRAGONITE|91/100
|-boost|p1a: Pump It|spe|1
|
|upkeep
|turn|21
|l| ThatGibleGuy_YT
|
|t:|1758301082
|move|p2a: MEGA DRAGONITE|Tera Blast|p1a: Pump It|[anim] Tera Blast Flying
|-supereffective|p1a: Pump It
|-damage|p1a: Pump It|0 fnt
|faint|p1a: Pump It
|-end|p1a: Pump It|Protosynthesis|[silent]
|
|upkeep
|
|t:|1758301090
|switch|p1a: Revery|Iron Boulder|100/100
|-enditem|p1a: Revery|Booster Energy
|-activate|p1a: Revery|ability: Quark Drive|[fromitem]
|-start|p1a: Revery|quarkdrivespe
|turn|22
|
|t:|1758301093
|move|p1a: Revery|Mighty Cleave|p2a: MEGA DRAGONITE
|-supereffective|p2a: MEGA DRAGONITE
|-damage|p2a: MEGA DRAGONITE|0 fnt
|faint|p2a: MEGA DRAGONITE
|
|upkeep
|inactive|rookie22 has 120 seconds left.
|
|t:|1758301125
|switch|p2a: Meowscarada|Meowscarada, M|68/100
|turn|23
|
|t:|1758301129
|move|p1a: Revery|Close Combat|p2a: Meowscarada
|-supereffective|p2a: Meowscarada
|-damage|p2a: Meowscarada|0 fnt
|-unboost|p1a: Revery|def|1
|-unboost|p1a: Revery|spd|1
|faint|p2a: Meowscarada
|
|upkeep
|
|t:|1758301133
|switch|p2a: Lisan Al Gaib|Keldeo|82/100
|-damage|p2a: Lisan Al Gaib|70/100|[from] Spikes
|-damage|p2a: Lisan Al Gaib|63/100|[from] Stealth Rock
|turn|24
|-message|rookie22 forfeited.
|
|win|luxgia
|raw|luxgia's rating: 1746 &rarr; <strong>1768</strong><br />(+22 for winning)
|raw|rookie22's rating: 1775 &rarr; <strong>1753</strong><br />(-22 for losing)
|l|☆rookie22
|player|p2|
|l|☆luxgia
|player|p1|
|l| FaronAan
