|j|☆ddnsyde
|j|☆Charle_phate
|t:|1758343554
|gametype|singles
|player|p1|ddnsyde|rocketgrunt|1273
|player|p2|Charle_phate|blue|1298
|gen|9
|tier|[Gen 9] OU
|rated|
|rule|HP Percentage Mod: HP is shown in percentages
|rule|Endless Battle Clause: Forcing endless battles is banned
|rule|Species Clause: Limit one of each Pokémon
|rule|OHKO Clause: OHKO moves are banned
|rule|Evasion Items Clause: Evasion items are banned
|rule|Evasion Moves Clause: Evasion moves are banned
|rule|Evasion Abilities Clause: Evasion abilities are banned
|rule|Sleep Moves Clause: Sleep-inducing moves are banned
|clearpoke
|poke|p1|Indeedee, M|
|poke|p1|Forretress, F|
|poke|p1|Polteageist|
|poke|p1|Metagross|
|poke|p1|Rillaboom, M|
|poke|p1|Quaquaval, M|
|poke|p2|Serperior, M|
|poke|p2|Rotom-Wash|
|poke|p2|Zapdos|
|poke|p2|Heatran, F|
|poke|p2|Clefable, M|
|poke|p2|Landorus-Therian, M|
|teampreview
|
|t:|1758343559
|teamsize|p1|6
|teamsize|p2|6
|start
|switch|p1a: Metagross|Metagross|100/100
|switch|p2a: Rotom|Rotom-Wash|100/100
|turn|1
|
|t:|1758343567
|move|p2a: Rotom|Thunder Wave|p1a: Metagross
|-status|p1a: Metagross|par
|cant|p1a: Metagross|par
|
|upkeep
|turn|2
|
|t:|1758343571
|move|p2a: Rotom|Charge Beam|p1a: Metagross
|-damage|p1a: Metagross|81/100 par
|-boost|p2a: Rotom|spa|1
|move|p1a: Metagross|Stealth Rock|p2a: Rotom
|-sidestart|p2: Charle_phate|move: Stealth Rock
|
|upkeep
|turn|3
|
|t:|1758343576
|move|p2a: Rotom|Charge Beam|p1a: Metagross
|-damage|p1a: Metagross|56/100 par
|move|p1a: Metagross|Explosion|p2a: Rotom
|-enditem|p1a: Metagross|Normal Gem|[from] gem
|-damage|p2a: Rotom|0 fnt
|faint|p1a: Metagross
|faint|p2a: Rotom
|
|upkeep
|
|t:|1758343583
|switch|p2a: Zapdos|Zapdos|100/100
|switch|p1a: Indeedee|Indeedee, M|100/100
|-fieldstart|move: Psychic Terrain|[from] ability: Psychic Surge|[of] p1a: Indeedee
|-damage|p2a: Zapdos|76/100|[from] Stealth Rock
|turn|4
|
|t:|1758343601
|switch|p2a: Heatran|Heatran, F|100/100
|-damage|p2a: Heatran|88/100|[from] Stealth Rock
|move|p1a: Indeedee|Expanding Force|p2a: Heatran
|-resisted|p2a: Heatran
|-damage|p2a: Heatran|68/100
|
|-heal|p2a: Heatran|74/100|[from] item: Leftovers
|upkeep
|turn|5
|
|t:|1758343610
|switch|p1a: Rillaboom|Rillaboom, M|100/100
|-fieldstart|move: Grassy Terrain|[from] ability: Grassy Surge|[of] p1a: Rillaboom
|move|p2a: Heatran|Substitute|p2a: Heatran
|-start|p2a: Heatran|Substitute
|-damage|p2a: Heatran|49/100
|
|-heal|p2a: Heatran|55/100|[from] Grassy Terrain
|-heal|p2a: Heatran|62/100|[from] item: Leftovers
|upkeep
|turn|6
|
|t:|1758343622
|move|p1a: Rillaboom|Drain Punch|p2a: Heatran
|-supereffective|p2a: Heatran
|-end|p2a: Heatran|Substitute
|move|p2a: Heatran|Lava Plume|p1a: Rillaboom
|-supereffective|p1a: Rillaboom
|-damage|p1a: Rillaboom|15/100
|
|-heal|p1a: Rillaboom|22/100|[from] Grassy Terrain
|-heal|p2a: Heatran|68/100|[from] Grassy Terrain
|-heal|p2a: Heatran|74/100|[from] item: Leftovers
|upkeep
|turn|7
|
|t:|1758343630
|switch|p2a: Zapdos|Zapdos|76/100
|-damage|p2a: Zapdos|51/100|[from] Stealth Rock
|move|p1a: Rillaboom|Drain Punch|p2a: Zapdos
|-resisted|p2a: Zapdos
|-damage|p2a: Zapdos|32/100
|-heal|p1a: Rillaboom|29/100|[from] drain|[of] p2a: Zapdos
|
|-heal|p2a: Zapdos|39/100|[from] item: Leftovers
|-heal|p1a: Rillaboom|35/100|[from] Grassy Terrain
|upkeep
|turn|8
|
|t:|1758343633
|move|p2a: Zapdos|Roost|p2a: Zapdos
|-heal|p2a: Zapdos|89/100
|-singleturn|p2a: Zapdos|move: Roost
|move|p1a: Rillaboom|Drain Punch|p2a: Zapdos
|-damage|p2a: Zapdos|52/100
|-heal|p1a: Rillaboom|50/100|[from] drain|[of] p2a: Zapdos
|
|-heal|p2a: Zapdos|58/100|[from] Grassy Terrain
|-heal|p2a: Zapdos|64/100|[from] item: Leftovers
|-heal|p1a: Rillaboom|56/100|[from] Grassy Terrain
|upkeep
|turn|9
|
|t:|1758343647
|move|p2a: Zapdos|Heat Wave|p1a: Rillaboom
|-supereffective|p1a: Rillaboom
|-damage|p1a: Rillaboom|0 fnt
|faint|p1a: Rillaboom
|
|-heal|p2a: Zapdos|70/100|[from] item: Leftovers
|-fieldend|move: Grassy Terrain
|upkeep
|
|t:|1758343652
|switch|p1a: Indeedee|Indeedee, M|100/100
|-fieldstart|move: Psychic Terrain|[from] ability: Psychic Surge|[of] p1a: Indeedee
|turn|10
|
|t:|1758343671
|move|p1a: Indeedee|Healing Wish|p1a: Indeedee
|faint|p1a: Indeedee
|move|p2a: Zapdos|Discharge|p1: Indeedee|[notarget]
|-fail|p2a: Zapdos
|
|-heal|p2a: Zapdos|77/100|[from] item: Leftovers
|upkeep
|
|t:|1758343674
|switch|p1a: Polteageist|Polteageist|100/100
|turn|11
|
|t:|1758343695
|move|p1a: Polteageist|Shell Smash|p1a: Polteageist
|-unboost|p1a: Polteageist|def|1
|-unboost|p1a: Polteageist|spd|1
|-boost|p1a: Polteageist|atk|2
|-boost|p1a: Polteageist|spa|2
|-boost|p1a: Polteageist|spe|2
|move|p2a: Zapdos|Discharge|p1a: Polteageist
|-damage|p1a: Polteageist|41/100
|
|-heal|p2a: Zapdos|83/100|[from] item: Leftovers
|upkeep
|turn|12
|
|t:|1758343699
|move|p1a: Polteageist|Stored Power|p2a: Zapdos
|-damage|p2a: Zapdos|0 fnt
|faint|p2a: Zapdos
|
|upkeep
|
|t:|1758343702
|switch|p2a: Heatran|Heatran, F|74/100
|-damage|p2a: Heatran|62/100|[from] Stealth Rock
|turn|13
|
|t:|1758343716
|-terastallize|p1a: Polteageist|Fighting
|move|p1a: Polteageist|Tera Blast|p2a: Heatran|[anim] Tera Blast Fighting
|-supereffective|p2a: Heatran
|-damage|p2a: Heatran|0 fnt
|faint|p2a: Heatran
|
|upkeep
|
|t:|1758343733
|switch|p2a: Serperior|Serperior, M|100/100
|-damage|p2a: Serperior|88/100|[from] Stealth Rock
|turn|14
|
|t:|1758343736
|move|p1a: Polteageist|Stored Power|p2a: Serperior
|-damage|p2a: Serperior|0 fnt
|faint|p2a: Serperior
|
|upkeep
|
|t:|1758343760
|switch|p2a: Landorus|Landorus-Therian, M|100/100
|-damage|p2a: Landorus|88/100|[from] Stealth Rock
|-ability|p2a: Landorus|Intimidate|boost
|-unboost|p1a: Polteageist|atk|1
|turn|15
|
|t:|1758343763
|move|p1a: Polteageist|Stored Power|p2a: Landorus
|-damage|p2a: Landorus|0 fnt
|faint|p2a: Landorus
|
|upkeep
|-message|Charle_phate forfeited.
|
|win|ddnsyde
|raw|ddnsyde's rating: 1273 &rarr; <strong>1300</strong><br />(+27 for winning)
|raw|Charle_phate's rating: 1298 &rarr; <strong>1271</strong><br />(-27 for losing)
|l|☆Charle_phate
|player|p2|
|l|☆ddnsyde
|player|p1|
