|badge|p1|bronze|gen9monotype|100-6
|badge|p1|bronze|gen9ru|100-6
|uhtml|medal-msg|<div class="broadcast-blue">Curious what those medals under the avatar are? PS now has Ladder Seasons! For more information, check out the <a href="https://www.smogon.com/forums/threads/3740067/">thread on Smogon.</a></div>
|j|☆domingo a noite
|j|☆bugcatcherweevil
|t:|1758316136
|gametype|singles
|player|p1|domingo a noite|miku-ice|1778
|player|p2|bugcatcherweevil|101|1748
|gen|9
|tier|[Gen 9] OU
|rated|
|rule|HP Percentage Mod: HP is shown in percentages
|rule|Endless Battle Clause: Forcing endless battles is banned
|rule|Species Clause: Limit one of each Pokémon
|rule|OHKO Clause: OHKO moves are banned
|rule|Evasion Items Clause: Evasion items are banned
|rule|Evasion Moves Clause: Evasion moves are banned
|rule|Evasion Abilities Clause: Evasion abilities are banned
|rule|Sleep Moves Clause: Sleep-inducing moves are banned
|clearpoke
|poke|p1|Araquanid, M|
|poke|p1|Iron Treads|
|poke|p1|Kingambit, F|
|poke|p1|Enamorus, F|
|poke|p1|Iron Valiant|
|poke|p1|Iron Moth|
|poke|p2|Dragapult, M|
|poke|p2|Glimmora, F|
|poke|p2|Comfey, M|
|poke|p2|Kingambit, F|
|poke|p2|Blaziken, M|
|poke|p2|Ogerpon-Wellspring, F|
|teampreview
|j| Disscratch
|j| hitman9191
|
|t:|1758316171
|teamsize|p1|6
|teamsize|p2|6
|start
|switch|p1a: 10:36|Iron Treads|100/100
|switch|p2a: Ogerpon|Ogerpon-Wellspring, F|100/100
|-enditem|p1a: 10:36|Booster Energy
|-activate|p1a: 10:36|ability: Quark Drive|[fromitem]
|-start|p1a: 10:36|quarkdrivespe
|turn|1
|l| Disscratch
|
|t:|1758316177
|move|p1a: 10:36|Stealth Rock|p2a: Ogerpon
|-sidestart|p2: bugcatcherweevil|move: Stealth Rock
|move|p2a: Ogerpon|Ivy Cudgel|p1a: 10:36|[anim] Ivy Cudgel Water
|-supereffective|p1a: 10:36
|-damage|p1a: 10:36|0 fnt
|faint|p1a: 10:36
|-end|p1a: 10:36|Quark Drive|[silent]
|
|upkeep
|
|t:|1758316189
|switch|p1a: Magdalene|Iron Moth|100/100
|-enditem|p1a: Magdalene|Booster Energy
|-activate|p1a: Magdalene|ability: Quark Drive|[fromitem]
|-start|p1a: Magdalene|quarkdrivespa
|turn|2
|
|t:|1758316195
|-terastallize|p2a: Ogerpon|Water
|detailschange|p2a: Ogerpon|Ogerpon-Wellspring-Tera, F, tera:Water
|-ability|p2a: Ogerpon|Embody Aspect (Wellspring)|boost
|-boost|p2a: Ogerpon|spd|1
|move|p2a: Ogerpon|Ivy Cudgel|p1a: Magdalene|[anim] Ivy Cudgel Water
|-supereffective|p1a: Magdalene
|-damage|p1a: Magdalene|0 fnt
|faint|p1a: Magdalene
|-end|p1a: Magdalene|Quark Drive|[silent]
|
|upkeep
|
|t:|1758316202
|switch|p1a: Everest|Kingambit, F|100/100
|-activate|p1a: Everest|ability: Supreme Overlord
|-start|p1a: Everest|fallen2|[silent]
|-item|p1a: Everest|Air Balloon
|turn|3
|
|t:|1758316207
|move|p2a: Ogerpon|Ivy Cudgel|p1a: Everest|[anim] Ivy Cudgel Water
|-damage|p1a: Everest|30/100
|-enditem|p1a: Everest|Air Balloon
|move|p1a: Everest|Kowtow Cleave|p2a: Ogerpon
|-damage|p2a: Ogerpon|22/100
|
|upkeep
|turn|4
|
|t:|1758316218
|move|p1a: Everest|Sucker Punch||[still]
|-fail|p1a: Everest
|move|p2a: Ogerpon|Spikes|p1a: Everest
|-sidestart|p1: domingo a noite|Spikes
|
|upkeep
|turn|5
|
|t:|1758316226
|switch|p2a: Kingambit|Kingambit, F|100/100
|-damage|p2a: Kingambit|94/100|[from] Stealth Rock
|move|p1a: Everest|Sucker Punch||[still]
|-fail|p1a: Everest
|
|-heal|p2a: Kingambit|100/100|[from] item: Leftovers
|upkeep
|turn|6
|
|t:|1758316232
|-end|p1a: Everest|fallen2|[silent]
|switch|p1a: Beaches|Araquanid, M|100/100
|-damage|p1a: Beaches|88/100|[from] Spikes
|move|p2a: Kingambit|Kowtow Cleave|p1a: Beaches
|-damage|p1a: Beaches|35/100
|
|upkeep
|turn|7
|
|t:|1758316241
|move|p2a: Kingambit|Kowtow Cleave|p1a: Beaches
|-damage|p1a: Beaches|0 fnt
|faint|p1a: Beaches
|
|upkeep
|
|t:|1758316246
|switch|p1a: Yoshimi|Enamorus, F|100/100
|turn|8
|
|t:|1758316250
|move|p1a: Yoshimi|Moonblast|p2a: Kingambit
|-damage|p2a: Kingambit|24/100
|move|p2a: Kingambit|Iron Head|p1a: Yoshimi
|-supereffective|p1a: Yoshimi
|-damage|p1a: Yoshimi|0 fnt
|faint|p1a: Yoshimi
|
|-heal|p2a: Kingambit|30/100|[from] item: Leftovers
|upkeep
|
|t:|1758316254
|switch|p1a: Forest|Iron Valiant|100/100
|-damage|p1a: Forest|88/100|[from] Spikes
|-enditem|p1a: Forest|Booster Energy
|-activate|p1a: Forest|ability: Quark Drive|[fromitem]
|-start|p1a: Forest|quarkdrivespa
|turn|9
|
|t:|1758316262
|move|p1a: Forest|Moonblast|p2a: Kingambit
|-damage|p2a: Kingambit|0 fnt
|faint|p2a: Kingambit
|-end|p2a: Kingambit|fallenundefined|[silent]
|
|upkeep
|
|t:|1758316267
|switch|p2a: Comfey|Comfey, M|100/100
|-damage|p2a: Comfey|88/100|[from] Stealth Rock
|turn|10
|
|t:|1758316286
|move|p2a: Comfey|Draining Kiss|p1a: Forest
|-supereffective|p1a: Forest
|-damage|p1a: Forest|0 fnt
|-heal|p2a: Comfey|100/100|[from] drain|[of] p1a: Forest
|faint|p1a: Forest
|-end|p1a: Forest|Quark Drive|[silent]
|-damage|p2a: Comfey|91/100|[from] item: Life Orb
|
|upkeep
|
|t:|1758316287
|switch|p1a: Everest|Kingambit, F|30/100
|-damage|p1a: Everest|17/100|[from] Spikes
|-activate|p1a: Everest|ability: Supreme Overlord
|-start|p1a: Everest|fallen5|[silent]
|turn|11
|-message|domingo a noite forfeited.
|
|win|bugcatcherweevil
|raw|domingo a noite's rating: 1778 &rarr; <strong>1756</strong><br />(-22 for losing)
|raw|bugcatcherweevil's rating: 1748 &rarr; <strong>1770</strong><br />(+22 for winning)
|l|☆domingo a noite
|player|p1|
|l| hitman9191
