|j|☆hj vjmbn
|j|☆evilmassacre
|t:|1758345531
|gametype|singles
|player|p1|hj vjmbn|blue|1245
|player|p2|evilmassacre|clown|1256
|gen|9
|tier|[Gen 9] OU
|rated|
|rule|HP Percentage Mod: HP is shown in percentages
|rule|Endless Battle Clause: Forcing endless battles is banned
|rule|Species Clause: Limit one of each Pokémon
|rule|OHKO Clause: OHKO moves are banned
|rule|Evasion Items Clause: Evasion items are banned
|rule|Evasion Moves Clause: Evasion moves are banned
|rule|Evasion Abilities Clause: Evasion abilities are banned
|rule|Sleep Moves Clause: Sleep-inducing moves are banned
|clearpoke
|poke|p1|Torkoal, F|
|poke|p1|Ninetales, F|
|poke|p1|Walking Wake|
|poke|p1|Raging Bolt|
|poke|p1|Great Tusk|
|poke|p1|Cinderace, F|
|poke|p2|Gholdengo|
|poke|p2|Gliscor, F|
|poke|p2|Ceruledge, F|
|poke|p2|Zoroark-Hisui, M|
|poke|p2|Iron Treads|
|poke|p2|Chansey, F|
|teampreview
|inactive|Battle timer is ON: inactive players will automatically lose when time's up. (requested by evilmassacre)
|inactive|hj vjmbn also wants the timer to be on.
|
|t:|1758345543
|teamsize|p1|6
|teamsize|p2|6
|start
|switch|p1a: Raging Bolt|Raging Bolt|100/100
|switch|p2a: Iron Treads|Iron Treads|100/100
|-enditem|p2a: Iron Treads|Booster Energy
|-activate|p2a: Iron Treads|ability: Quark Drive|[fromitem]
|-start|p2a: Iron Treads|quarkdrivespe
|turn|1
|
|t:|1758345551
|move|p2a: Iron Treads|Stealth Rock|p1a: Raging Bolt
|-sidestart|p1: hj vjmbn|move: Stealth Rock
|move|p1a: Raging Bolt|Draco Meteor|p2a: Iron Treads
|-resisted|p2a: Iron Treads
|-damage|p2a: Iron Treads|44/100
|-unboost|p1a: Raging Bolt|spa|2
|
|upkeep
|turn|2
|
|t:|1758345560
|-end|p1a: Raging Bolt|Protosynthesis|[silent]
|switch|p1a: Great Tusk|Great Tusk|100/100
|move|p2a: Iron Treads|Earthquake|p1a: Great Tusk
|-damage|p1a: Great Tusk|69/100
|
|upkeep
|turn|3
|
|t:|1758345566
|move|p2a: Iron Treads|Iron Head|p1a: Great Tusk
|-damage|p1a: Great Tusk|39/100
|move|p1a: Great Tusk|Headlong Rush|p2a: Iron Treads
|-supereffective|p2a: Iron Treads
|-damage|p2a: Iron Treads|0 fnt
|-unboost|p1a: Great Tusk|def|1
|-unboost|p1a: Great Tusk|spd|1
|faint|p2a: Iron Treads
|-end|p2a: Iron Treads|Quark Drive|[silent]
|
|upkeep
|inactive|evilmassacre has 120 seconds left.
|
|t:|1758345601
|switch|p2a: Gholdengo|Gholdengo|100/100
|turn|4
|
|t:|1758345607
|-end|p1a: Great Tusk|Protosynthesis|[silent]
|switch|p1a: Torkoal|Torkoal, F|100/100
|-damage|p1a: Torkoal|76/100|[from] Stealth Rock
|-weather|SunnyDay|[from] ability: Drought|[of] p1a: Torkoal
|switch|p2a: Gliscor|Gliscor, F|100/100
|
|-weather|SunnyDay|[upkeep]
|-status|p2a: Gliscor|tox|[from] item: Toxic Orb
|upkeep
|turn|5
|
|t:|1758345618
|move|p2a: Gliscor|Earthquake|p1a: Torkoal
|-supereffective|p1a: Torkoal
|-damage|p1a: Torkoal|26/100
|move|p1a: Torkoal|Overheat|p2a: Gliscor|[miss]
|-miss|p1a: Torkoal|p2a: Gliscor
|
|-weather|SunnyDay|[upkeep]
|upkeep
|turn|6
|
|t:|1758345630
|move|p2a: Gliscor|Earthquake|p1a: Torkoal
|-supereffective|p1a: Torkoal
|-damage|p1a: Torkoal|0 fnt
|faint|p1a: Torkoal
|
|-weather|SunnyDay|[upkeep]
|upkeep
|
|t:|1758345632
|switch|p1a: Walking Wake|Walking Wake|100/100
|-damage|p1a: Walking Wake|88/100|[from] Stealth Rock
|-activate|p1a: Walking Wake|ability: Protosynthesis
|-start|p1a: Walking Wake|protosynthesisspe
|turn|7
|
|t:|1758345640
|switch|p2a: Chansey|Chansey, F|100/100
|move|p1a: Walking Wake|Flip Turn|p2a: Chansey
|-damage|p2a: Chansey|96/100
|
|t:|1758345642
|-end|p1a: Walking Wake|Protosynthesis|[silent]
|switch|p1a: Cinderace|Cinderace, F|100/100|[from] Flip Turn
|
|-weather|SunnyDay|[upkeep]
|upkeep
|turn|8
|
|t:|1758345651
|switch|p2a: Ceruledge|Ceruledge, F|100/100
|move|p1a: Cinderace|Court Change|p1a: Cinderace
|-start|p1a: Cinderace|typechange|Normal|[from] ability: Libero
|-swapsideconditions
|-activate|p1a: Cinderace|move: Court Change
|
|-weather|none
|upkeep
|turn|9
|
|t:|1758345663
|move|p1a: Cinderace|U-turn|p2a: Ceruledge
|-resisted|p2a: Ceruledge
|-damage|p2a: Ceruledge|93/100
|-ability|p2a: Ceruledge|Weak Armor|boost
|-unboost|p2a: Ceruledge|def|1
|-boost|p2a: Ceruledge|spe|2
|
|t:|1758345671
|switch|p1a: Raging Bolt|Raging Bolt|100/100|[from] U-turn
|move|p2a: Ceruledge|Close Combat|p1a: Raging Bolt
|-damage|p1a: Raging Bolt|67/100
|-unboost|p2a: Ceruledge|def|1
|-unboost|p2a: Ceruledge|spd|1
|
|upkeep
|turn|10
|
|t:|1758345680
|move|p2a: Ceruledge|Swords Dance|p2a: Ceruledge
|-boost|p2a: Ceruledge|atk|2
|move|p1a: Raging Bolt|Draco Meteor|p2a: Ceruledge
|-damage|p2a: Ceruledge|0 fnt
|-unboost|p1a: Raging Bolt|spa|2
|faint|p2a: Ceruledge
|
|upkeep
|
|t:|1758345695
|switch|p2a: Gliscor|Gliscor, F|100/100
|-damage|p2a: Gliscor|88/100|[from] Stealth Rock
|turn|11
|
|t:|1758345704
|move|p2a: Gliscor|Nasty Plot|p2a: Gliscor
|-boost|p2a: Gliscor|spa|2
|move|p1a: Raging Bolt|Volt Switch|p2a: Gliscor
|-damage|p2a: Gliscor|44/100
|replace|p2a: Zoroark|Zoroark-Hisui, M
|-end|p2a: Zoroark|Illusion
|
|t:|1758345711
|-end|p1a: Raging Bolt|Protosynthesis|[silent]
|switch|p1a: Cinderace|Cinderace, F|100/100|[from] Volt Switch
|
|upkeep
|turn|12
|
|t:|1758345723
|move|p1a: Cinderace|Pyro Ball|p2a: Zoroark|[miss]
|-miss|p1a: Cinderace|p2a: Zoroark
|move|p2a: Zoroark|Shadow Ball|p1a: Cinderace
|-damage|p1a: Cinderace|0 fnt
|faint|p1a: Cinderace
|
|upkeep
|
|t:|1758345727
|switch|p1a: Walking Wake|Walking Wake|88/100
|turn|13
|
|t:|1758345735
|move|p2a: Zoroark|Hyper Voice|p1a: Walking Wake
|-damage|p1a: Walking Wake|0 fnt
|faint|p1a: Walking Wake
|-end|p1a: Walking Wake|Protosynthesis|[silent]
|
|upkeep
|
|t:|1758345740
|switch|p1a: Raging Bolt|Raging Bolt|67/100
|turn|14
|
|t:|1758345746
|move|p1a: Raging Bolt|Thunderclap|p2a: Zoroark
|-damage|p2a: Zoroark|0 fnt
|faint|p2a: Zoroark
|
|upkeep
|
|t:|1758345753
|switch|p2a: Gliscor|Gliscor, F|100/100 tox
|-damage|p2a: Gliscor|88/100 tox|[from] Stealth Rock
|turn|15
|
|t:|1758345763
|-terastallize|p1a: Raging Bolt|Ice
|move|p2a: Gliscor|Earthquake|p1a: Raging Bolt
|-damage|p1a: Raging Bolt|29/100
|move|p1a: Raging Bolt|Tera Blast|p2a: Gliscor|[anim] Tera Blast Ice
|-supereffective|p2a: Gliscor
|-damage|p2a: Gliscor|0 fnt
|faint|p2a: Gliscor
|
|upkeep
|
|t:|1758345779
|switch|p2a: Gholdengo|Gholdengo|100/100
|-damage|p2a: Gholdengo|94/100|[from] Stealth Rock
|turn|16
|
|t:|1758345786
|move|p1a: Raging Bolt|Volt Switch|p2a: Gholdengo
|-damage|p2a: Gholdengo|50/100
|
|t:|1758345789
|-end|p1a: Raging Bolt|Protosynthesis|[silent]
|switch|p1a: Ninetales|Ninetales, F|100/100|[from] Volt Switch
|-weather|SunnyDay|[from] ability: Drought|[of] p1a: Ninetales
|move|p2a: Gholdengo|Shadow Ball|p1a: Ninetales
|-damage|p1a: Ninetales|48/100
|
|-weather|SunnyDay|[upkeep]
|-heal|p2a: Gholdengo|56/100|[from] item: Leftovers
|upkeep
|turn|17
|
|t:|1758345799
|switch|p2a: Chansey|Chansey, F|96/100
|-damage|p2a: Chansey|83/100|[from] Stealth Rock
|move|p1a: Ninetales|Psyshock|p2a: Chansey
|-damage|p2a: Chansey|63/100
|
|-weather|SunnyDay|[upkeep]
|upkeep
|turn|18
|
|t:|1758345808
|switch|p1a: Great Tusk|Great Tusk|39/100
|-activate|p1a: Great Tusk|ability: Protosynthesis
|-start|p1a: Great Tusk|protosynthesisatk
|move|p2a: Chansey|Stealth Rock|p1a: Great Tusk
|-sidestart|p1: hj vjmbn|move: Stealth Rock
|
|-weather|SunnyDay|[upkeep]
|upkeep
|turn|19
|
|t:|1758345824
|switch|p2a: Gholdengo|Gholdengo|56/100
|-damage|p2a: Gholdengo|50/100|[from] Stealth Rock
|move|p1a: Great Tusk|Close Combat|p2a: Gholdengo
|-immune|p2a: Gholdengo
|
|-weather|SunnyDay|[upkeep]
|-heal|p2a: Gholdengo|56/100|[from] item: Leftovers
|upkeep
|turn|20
|
|t:|1758345842
|move|p1a: Great Tusk|Headlong Rush|p2a: Gholdengo
|-supereffective|p2a: Gholdengo
|-damage|p2a: Gholdengo|0 fnt
|-unboost|p1a: Great Tusk|def|1
|-unboost|p1a: Great Tusk|spd|1
|faint|p2a: Gholdengo
|
|-weather|none
|-end|p1a: Great Tusk|Protosynthesis
|upkeep
|-message|evilmassacre forfeited.
|
|win|hj vjmbn
|raw|hj vjmbn's rating: 1245 &rarr; <strong>1271</strong><br />(+26 for winning)
|raw|evilmassacre's rating: 1256 &rarr; <strong>1230</strong><br />(-26 for losing)
|l|☆evilmassacre
|player|p2|
|l|☆hj vjmbn
|player|p1|
