|j|☆DankieDanko
|j|☆Socoda
|t:|1758285933
|gametype|singles
|player|p1|DankieDanko|medium|1076
|player|p2|Socoda|1|1103
|gen|9
|tier|[Gen 9] OU
|rated|
|rule|HP Percentage Mod: HP is shown in percentages
|rule|Endless Battle Clause: Forcing endless battles is banned
|rule|Species Clause: Limit one of each Pokémon
|rule|OHKO Clause: OHKO moves are banned
|rule|Evasion Items Clause: Evasion items are banned
|rule|Evasion Moves Clause: Evasion moves are banned
|rule|Evasion Abilities Clause: Evasion abilities are banned
|rule|Sleep Moves Clause: Sleep-inducing moves are banned
|clearpoke
|poke|p1|Metagross|
|poke|p1|Rillaboom, F|
|poke|p1|Ninetales, M|
|poke|p1|Victreebel, M|
|poke|p1|Kingambit, M|
|poke|p1|Cloyster, M|
|poke|p2|Clefable, M|
|poke|p2|Ceruledge, F|
|poke|p2|Darkrai|
|poke|p2|Dragapult, F|
|poke|p2|Great Tusk|
|poke|p2|Deoxys-Speed|
|teampreview
|inactive|Battle timer is ON: inactive players will automatically lose when time's up. (requested by Socoda)
|
|t:|1758285945
|teamsize|p1|6
|teamsize|p2|6
|start
|switch|p1a: Rillaboom|Rillaboom, F|100/100
|switch|p2a: Dragapult|Dragapult, F|100/100
|-fieldstart|move: Grassy Terrain|[from] ability: Grassy Surge|[of] p1a: Rillaboom
|turn|1
|
|t:|1758285951
|move|p2a: Dragapult|Will-O-Wisp|p1a: Rillaboom|[miss]
|-miss|p2a: Dragapult|p1a: Rillaboom
|move|p1a: Rillaboom|Wood Hammer|p2a: Dragapult
|-resisted|p2a: Dragapult
|-damage|p2a: Dragapult|43/100
|-damage|p1a: Rillaboom|83/100|[from] Recoil
|
|-heal|p2a: Dragapult|49/100|[from] Grassy Terrain
|-heal|p1a: Rillaboom|89/100|[from] Grassy Terrain
|upkeep
|turn|2
|
|t:|1758285960
|move|p2a: Dragapult|Thunder Wave|p1a: Rillaboom
|-status|p1a: Rillaboom|par
|cant|p1a: Rillaboom|par
|
|-heal|p2a: Dragapult|55/100|[from] Grassy Terrain
|-heal|p1a: Rillaboom|95/100 par|[from] Grassy Terrain
|upkeep
|turn|3
|
|t:|1758285967
|move|p2a: Dragapult|Hex|p1a: Rillaboom
|-damage|p1a: Rillaboom|46/100 par
|cant|p1a: Rillaboom|par
|
|-heal|p2a: Dragapult|61/100|[from] Grassy Terrain
|-heal|p1a: Rillaboom|52/100 par|[from] Grassy Terrain
|upkeep
|turn|4
|
|t:|1758285973
|move|p2a: Dragapult|Hex|p1a: Rillaboom
|-damage|p1a: Rillaboom|0 fnt
|faint|p1a: Rillaboom
|
|-heal|p2a: Dragapult|67/100|[from] Grassy Terrain
|upkeep
|
|t:|1758285980
|switch|p1a: Metagross|Metagross, shiny|100/100
|-enditem|p1a: Metagross|Grassy Seed
|-boost|p1a: Metagross|def|1|[from] item: Grassy Seed
|turn|5
|
|t:|1758285984
|switch|p1a: Ninetales|Ninetales, M, shiny|100/100
|-weather|SunnyDay|[from] ability: Drought|[of] p1a: Ninetales
|move|p2a: Dragapult|Will-O-Wisp|p1a: Ninetales
|-immune|p1a: Ninetales
|
|-weather|SunnyDay|[upkeep]
|-heal|p2a: Dragapult|73/100|[from] Grassy Terrain
|-fieldend|move: Grassy Terrain
|upkeep
|turn|6
|
|t:|1758285993
|move|p2a: Dragapult|Thunder Wave|p1a: Ninetales
|-status|p1a: Ninetales|par
|move|p1a: Ninetales|Dark Pulse|p2a: Dragapult
|-supereffective|p2a: Dragapult
|-damage|p2a: Dragapult|16/100
|
|-weather|SunnyDay|[upkeep]
|upkeep
|turn|7
|
|t:|1758286004
|move|p2a: Dragapult|U-turn|p1a: Ninetales
|-resisted|p1a: Ninetales
|-damage|p1a: Ninetales|87/100 par
|
|t:|1758286009
|switch|p2a: Darkrai|Darkrai|100/100|[from] U-turn
|move|p1a: Ninetales|Dark Pulse|p2a: Darkrai
|-resisted|p2a: Darkrai
|-damage|p2a: Darkrai|88/100
|
|-weather|SunnyDay|[upkeep]
|upkeep
|turn|8
|
|t:|1758286016
|move|p2a: Darkrai|Nasty Plot|p2a: Darkrai
|-boost|p2a: Darkrai|spa|2
|move|p1a: Ninetales|Memento|p2a: Darkrai
|-unboost|p2a: Darkrai|atk|2
|-unboost|p2a: Darkrai|spa|2
|faint|p1a: Ninetales
|
|-weather|SunnyDay|[upkeep]
|upkeep
|
|t:|1758286022
|switch|p1a: Victreebel|Victreebel, M|100/100
|turn|9
|
|t:|1758286029
|move|p1a: Victreebel|Weather Ball|p2a: Darkrai
|-damage|p2a: Darkrai|22/100
|move|p2a: Darkrai|Ice Beam|p1a: Victreebel
|-supereffective|p1a: Victreebel
|-damage|p1a: Victreebel|3/100
|
|-weather|none
|-heal|p1a: Victreebel|9/100|[from] item: Leftovers
|upkeep
|turn|10
|
|t:|1758286037
|move|p2a: Darkrai|Ice Beam|p1a: Victreebel
|-supereffective|p1a: Victreebel
|-damage|p1a: Victreebel|0 fnt
|faint|p1a: Victreebel
|
|upkeep
|
|t:|1758286047
|switch|p1a: Metagross|Metagross, shiny|100/100
|turn|11
|
|t:|1758286052
|switch|p2a: Clefable|Clefable, M|100/100
|move|p1a: Metagross|Bullet Punch|p2a: Clefable
|-supereffective|p2a: Clefable
|-damage|p2a: Clefable|57/100
|
|-heal|p2a: Clefable|63/100|[from] item: Leftovers
|upkeep
|turn|12
|
|t:|1758286060
|move|p1a: Metagross|Iron Defense|p1a: Metagross
|-boost|p1a: Metagross|def|2
|move|p2a: Clefable|Healing Wish|p2a: Clefable
|faint|p2a: Clefable
|
|upkeep
|
|t:|1758286064
|switch|p2a: Darkrai|Darkrai|22/100
|-heal|p2a: Darkrai|100/100|[from] move: Healing Wish
|turn|13
|
|t:|1758286075
|move|p2a: Darkrai|Dark Pulse|p1a: Metagross
|-supereffective|p1a: Metagross
|-damage|p1a: Metagross|11/100
|move|p1a: Metagross|Body Press|p2a: Darkrai
|-supereffective|p2a: Darkrai
|-damage|p2a: Darkrai|0 fnt
|faint|p2a: Darkrai
|
|upkeep
|
|t:|1758286084
|switch|p2a: Deoxys|Deoxys-Speed|100/100
|-ability|p2a: Deoxys|Pressure
|turn|14
|
|t:|1758286089
|move|p1a: Metagross|Bullet Punch|p2a: Deoxys
|-damage|p2a: Deoxys|67/100
|move|p2a: Deoxys|Thunderbolt|p1a: Metagross
|-damage|p1a: Metagross|0 fnt
|faint|p1a: Metagross
|-damage|p2a: Deoxys|57/100|[from] item: Life Orb
|
|upkeep
|inactive|DankieDanko has 120 seconds left.
|
|t:|1758286129
|switch|p1a: Cloyster|Cloyster, M|100/100
|turn|15
|inactive|DankieDanko has 120 seconds left.
|
|t:|1758286139
|move|p2a: Deoxys|Nasty Plot|p2a: Deoxys
|-boost|p2a: Deoxys|spa|2
|move|p1a: Cloyster|Shell Smash|p1a: Cloyster
|-unboost|p1a: Cloyster|def|1
|-unboost|p1a: Cloyster|spd|1
|-boost|p1a: Cloyster|atk|2
|-boost|p1a: Cloyster|spa|2
|-boost|p1a: Cloyster|spe|2
|-enditem|p1a: Cloyster|White Herb
|-clearnegativeboost|p1a: Cloyster|[silent]
|
|upkeep
|turn|16
|
|t:|1758286148
|move|p1a: Cloyster|Ice Shard|p2a: Deoxys
|-damage|p2a: Deoxys|0 fnt
|faint|p2a: Deoxys
|
|upkeep
|
|t:|1758286155
|switch|p2a: Ceruledge|Ceruledge, F|100/100
|turn|17
|
|t:|1758286160
|-terastallize|p1a: Cloyster|Water
|-terastallize|p2a: Ceruledge|Fairy
|move|p1a: Cloyster|Rock Blast|p2a: Ceruledge
|-damage|p2a: Ceruledge|81/100
|-ability|p2a: Ceruledge|Weak Armor|boost
|-unboost|p2a: Ceruledge|def|1
|-boost|p2a: Ceruledge|spe|2
|-damage|p2a: Ceruledge|53/100
|-ability|p2a: Ceruledge|Weak Armor|boost
|-unboost|p2a: Ceruledge|def|1
|-boost|p2a: Ceruledge|spe|2
|-damage|p2a: Ceruledge|15/100
|-ability|p2a: Ceruledge|Weak Armor|boost
|-unboost|p2a: Ceruledge|def|1
|-boost|p2a: Ceruledge|spe|2
|-damage|p2a: Ceruledge|0 fnt
|faint|p2a: Ceruledge
|-hitcount|p2: Ceruledge|4
|
|upkeep
|-message|Socoda forfeited.
|
|win|DankieDanko
|raw|DankieDanko's rating: 1076 &rarr; <strong>1107</strong><br />(+31 for winning)
|raw|Socoda's rating: 1103 &rarr; <strong>1076</strong><br />(-27 for losing)
|l|☆DankieDanko
|player|p1|
