|j|☆hauntersnightmare
|j|☆djamao
|t:|1758307951
|gametype|singles
|player|p1|hauntersnightmare|169|1494
|player|p2|djamao|101|1493
|gen|9
|tier|[Gen 9] OU
|rated|
|rule|HP Percentage Mod: HP is shown in percentages
|rule|Endless Battle Clause: Forcing endless battles is banned
|rule|Species Clause: Limit one of each Pokémon
|rule|OHKO Clause: OHKO moves are banned
|rule|Evasion Items Clause: Evasion items are banned
|rule|Evasion Moves Clause: Evasion moves are banned
|rule|Evasion Abilities Clause: Evasion abilities are banned
|rule|Sleep Moves Clause: Sleep-inducing moves are banned
|clearpoke
|poke|p1|Pawmot, M|
|poke|p1|Cresselia, F|
|poke|p1|Corviknight, F|
|poke|p1|Ninetales-Alola, M|
|poke|p1|Kingambit, M|
|poke|p1|Dragapult, M|
|poke|p2|Garchomp, F|
|poke|p2|Alomomola, M|
|poke|p2|Slowking-Galar, F|
|poke|p2|Ogerpon-Wellspring, F|
|poke|p2|Corviknight, F|
|poke|p2|Ditto|
|teampreview
|
|t:|1758307960
|teamsize|p1|6
|teamsize|p2|6
|start
|switch|p1a: Ninetales|Ninetales-Alola, M|100/100
|switch|p2a: Garchomp|Garchomp, F|100/100
|-weather|Snowscape|[from] ability: Snow Warning|[of] p1a: Ninetales
|turn|1
|
|t:|1758307969
|move|p2a: Garchomp|Stone Edge|p1a: Ninetales|[miss]
|-miss|p2a: Garchomp|p1a: Ninetales
|move|p1a: Ninetales|Freeze-Dry|p2a: Garchomp
|-supereffective|p2a: Garchomp
|-damage|p2a: Garchomp|0 fnt
|faint|p2a: Garchomp
|
|-weather|Snowscape|[upkeep]
|upkeep
|
|t:|1758307980
|switch|p2a: Ogerpon|Ogerpon-Wellspring, F|100/100
|turn|2
|
|t:|1758307985
|-terastallize|p2a: Ogerpon|Water
|detailschange|p2a: Ogerpon|Ogerpon-Wellspring-Tera, F, tera:Water
|-ability|p2a: Ogerpon|Embody Aspect (Wellspring)|boost
|-boost|p2a: Ogerpon|spd|1
|move|p2a: Ogerpon|Swords Dance|p2a: Ogerpon
|-boost|p2a: Ogerpon|atk|2
|move|p1a: Ninetales|Aurora Veil|p1a: Ninetales
|-sidestart|p1: hauntersnightmare|move: Aurora Veil
|
|-weather|Snowscape|[upkeep]
|upkeep
|turn|3
|inactive|Battle timer is ON: inactive players will automatically lose when time's up. (requested by djamao)
|
|t:|1758307996
|switch|p1a: Dragapult|Dragapult, M|100/100
|move|p2a: Ogerpon|Ivy Cudgel|p1a: Dragapult|[anim] Ivy Cudgel Water
|-resisted|p1a: Dragapult
|-damage|p1a: Dragapult|42/100
|
|-weather|Snowscape|[upkeep]
|-heal|p1a: Dragapult|48/100|[from] item: Leftovers
|upkeep
|turn|4
|
|t:|1758308006
|switch|p2a: Alomomola|Alomomola, M|100/100
|move|p1a: Dragapult|Dragon Darts|p2a: Alomomola
|-damage|p2a: Alomomola|87/100
|-anim|p1a: Dragapult|Dragon Darts|p2a: Alomomola
|-damage|p2a: Alomomola|73/100
|
|-weather|Snowscape|[upkeep]
|-heal|p1a: Dragapult|53/100|[from] item: Leftovers
|upkeep
|turn|5
|
|t:|1758308017
|move|p1a: Dragapult|Dragon Dance|p1a: Dragapult
|-boost|p1a: Dragapult|atk|1
|-boost|p1a: Dragapult|spe|1
|move|p2a: Alomomola|Flip Turn|p1a: Dragapult
|-resisted|p1a: Dragapult
|-damage|p1a: Dragapult|48/100
|
|t:|1758308024
|switch|p2a: Ditto|Ditto|100/100|[from] Flip Turn
|-transform|p2a: Ditto|p1a: Dragapult|[from] ability: Imposter
|
|-weather|none
|-heal|p1a: Dragapult|54/100|[from] item: Leftovers
|upkeep
|turn|6
|
|t:|1758308038
|switch|p1a: Kingambit|Kingambit, M|100/100
|move|p2a: Ditto|Phantom Force||[still]
|-prepare|p2a: Ditto|Phantom Force
|
|upkeep
|turn|7
|
|t:|1758308044
|move|p2a: Ditto|Phantom Force|p1a: Kingambit|[from] lockedmove
|-resisted|p1a: Kingambit
|-damage|p1a: Kingambit|87/100
|move|p1a: Kingambit|Kowtow Cleave|p2a: Ditto
|-supereffective|p2a: Ditto
|-damage|p2a: Ditto|0 fnt
|faint|p2a: Ditto
|
|-heal|p1a: Kingambit|93/100|[from] item: Leftovers
|upkeep
|-message|djamao forfeited.
|
|win|hauntersnightmare
|raw|hauntersnightmare's rating: 1494 &rarr; <strong>1514</strong><br />(+20 for winning)
|raw|djamao's rating: 1493 &rarr; <strong>1473</strong><br />(-20 for losing)
|l|☆djamao
|player|p2|
|l|☆hauntersnightmare
|player|p1|
