|j|☆Teefryingpan
|j|☆Praise The Salt
|t:|1758289655
|gametype|singles
|player|p1|Teefryingpan|169|1635
|player|p2|Praise The Salt|clown|1589
|gen|9
|tier|[Gen 9] OU
|rated|
|rule|HP Percentage Mod: HP is shown in percentages
|rule|Endless Battle Clause: Forcing endless battles is banned
|rule|Species Clause: Limit one of each Pokémon
|rule|OHKO Clause: OHKO moves are banned
|rule|Evasion Items Clause: Evasion items are banned
|rule|Evasion Moves Clause: Evasion moves are banned
|rule|Evasion Abilities Clause: Evasion abilities are banned
|rule|Sleep Moves Clause: Sleep-inducing moves are banned
|clearpoke
|poke|p1|Samurott-Hisui, F|
|poke|p1|Dragapult, F|
|poke|p1|Iron Treads|
|poke|p1|Enamorus, F|
|poke|p1|Ogerpon-Wellspring, F|
|poke|p1|Scizor, F|
|poke|p2|Iron Treads|
|poke|p2|Keldeo-Resolute|
|poke|p2|Sinistcha|
|poke|p2|Slowking-Galar, M|
|poke|p2|Ting-Lu|
|poke|p2|Zamazenta-*|
|teampreview
|inactive|Battle timer is ON: inactive players will automatically lose when time's up. (requested by Praise The Salt)
|inactive|Teefryingpan also wants the timer to be on.
|
|t:|1758289675
|teamsize|p1|6
|teamsize|p2|6
|start
|switch|p1a: Roaming Sea|Samurott-Hisui, F|100/100
|switch|p2a: Ting-Lu|Ting-Lu|100/100
|-ability|p2a: Ting-Lu|Vessel of Ruin
|turn|1
|
|t:|1758289692
|move|p1a: Roaming Sea|Swords Dance|p1a: Roaming Sea
|-boost|p1a: Roaming Sea|atk|2
|move|p2a: Ting-Lu|Ruination|p1a: Roaming Sea
|-damage|p1a: Roaming Sea|51/100
|
|upkeep
|turn|2
|inactive|Praise The Salt has 120 seconds left.
|inactive|Praise The Salt has 90 seconds left.
|
|t:|1758289762
|switch|p2a: Keldeo|Keldeo-Resolute|100/100
|move|p1a: Roaming Sea|Ceaseless Edge|p2a: Keldeo
|-resisted|p2a: Keldeo
|-damage|p2a: Keldeo|48/100
|-ability|p2a: Keldeo|Justified|boost
|-boost|p2a: Keldeo|atk|1
|-sidestart|p2: Praise The Salt|Spikes
|
|upkeep
|turn|3
|
|t:|1758289779
|switch|p1a: Starry Night|Dragapult, F|100/100
|move|p2a: Keldeo|Vacuum Wave|p1a: Starry Night
|-immune|p1a: Starry Night
|
|upkeep
|turn|4
|
|t:|1758289786
|switch|p2a: Ting-Lu|Ting-Lu|100/100
|-damage|p2a: Ting-Lu|88/100|[from] Spikes
|-ability|p2a: Ting-Lu|Vessel of Ruin
|move|p1a: Starry Night|U-turn|p2a: Ting-Lu
|-supereffective|p2a: Ting-Lu
|-damage|p2a: Ting-Lu|71/100
|
|t:|1758289788
|switch|p1a: Roaming Sea|Samurott-Hisui, F|51/100|[from] U-turn
|
|-heal|p2a: Ting-Lu|77/100|[from] item: Leftovers
|upkeep
|turn|5
|
|t:|1758289793
|move|p1a: Roaming Sea|Aqua Cutter|p2a: Ting-Lu
|-supereffective|p2a: Ting-Lu
|-damage|p2a: Ting-Lu|23/100
|move|p2a: Ting-Lu|Earthquake|p1a: Roaming Sea
|-damage|p1a: Roaming Sea|13/100
|
|-heal|p2a: Ting-Lu|29/100|[from] item: Leftovers
|upkeep
|turn|6
|
|t:|1758289800
|move|p1a: Roaming Sea|Ceaseless Edge|p2a: Ting-Lu|[miss]
|-miss|p1a: Roaming Sea|p2a: Ting-Lu
|move|p2a: Ting-Lu|Earthquake|p1a: Roaming Sea
|-damage|p1a: Roaming Sea|0 fnt
|faint|p1a: Roaming Sea
|
|-heal|p2a: Ting-Lu|35/100|[from] item: Leftovers
|upkeep
|
|t:|1758289804
|switch|p1a: The Bullet Slinger|Scizor, F|100/100
|turn|7
|
|t:|1758289818
|switch|p2a: Iron Treads|Iron Treads|100/100
|-damage|p2a: Iron Treads|88/100|[from] Spikes
|move|p1a: The Bullet Slinger|U-turn|p2a: Iron Treads
|-resisted|p2a: Iron Treads
|-damage|p2a: Iron Treads|67/100
|
|t:|1758289826
|switch|p1a: Ogerpon|Ogerpon-Wellspring, F|100/100|[from] U-turn
|
|-heal|p2a: Iron Treads|73/100|[from] item: Leftovers
|upkeep
|turn|8
|inactive|Praise The Salt has 120 seconds left.
|
|t:|1758289832
|-end|p2a: Iron Treads|Quark Drive|[silent]
|switch|p2a: Sinistcha|Sinistcha|100/100
|move|p1a: Ogerpon|Ivy Cudgel|p2a: Sinistcha|[anim] Ivy Cudgel Water
|-resisted|p2a: Sinistcha
|-damage|p2a: Sinistcha|80/100
|
|upkeep
|turn|9
|
|t:|1758289840
|switch|p1a: Starry Night|Dragapult, F|100/100
|move|p2a: Sinistcha|Strength Sap|p1a: Starry Night
|-unboost|p1a: Starry Night|atk|1
|-heal|p2a: Sinistcha|100/100
|
|upkeep
|turn|10
|
|t:|1758289845
|switch|p2a: Ting-Lu|Ting-Lu|35/100
|-damage|p2a: Ting-Lu|23/100|[from] Spikes
|-ability|p2a: Ting-Lu|Vessel of Ruin
|move|p1a: Starry Night|Shadow Ball|p2a: Ting-Lu
|-resisted|p2a: Ting-Lu
|-damage|p2a: Ting-Lu|12/100
|
|-heal|p2a: Ting-Lu|18/100|[from] item: Leftovers
|upkeep
|turn|11
|
|t:|1758289852
|switch|p1a: Ogerpon|Ogerpon-Wellspring, F|100/100
|move|p2a: Ting-Lu|Ruination|p1a: Ogerpon
|-damage|p1a: Ogerpon|51/100
|
|-heal|p2a: Ting-Lu|24/100|[from] item: Leftovers
|upkeep
|turn|12
|
|t:|1758289858
|switch|p2a: Sinistcha|Sinistcha|100/100
|move|p1a: Ogerpon|Knock Off|p2a: Sinistcha
|-supereffective|p2a: Sinistcha
|-damage|p2a: Sinistcha|51/100
|-enditem|p2a: Sinistcha|Heavy-Duty Boots|[from] move: Knock Off|[of] p1a: Ogerpon
|
|upkeep
|turn|13
|
|t:|1758289868
|move|p1a: Ogerpon|Swords Dance|p1a: Ogerpon
|-boost|p1a: Ogerpon|atk|2
|move|p2a: Sinistcha|Strength Sap|p1a: Ogerpon
|-unboost|p1a: Ogerpon|atk|1
|-heal|p2a: Sinistcha|100/100
|
|upkeep
|turn|14
|
|t:|1758289873
|move|p1a: Ogerpon|Swords Dance|p1a: Ogerpon
|-boost|p1a: Ogerpon|atk|2
|move|p2a: Sinistcha|Matcha Gotcha|p1a: Ogerpon
|-crit|p1a: Ogerpon
|-damage|p1a: Ogerpon|0 fnt
|faint|p1a: Ogerpon
|
|upkeep
|
|t:|1758289887
|switch|p1a: Starry Night|Dragapult, F|100/100
|turn|15
|
|t:|1758289912
|switch|p2a: Ting-Lu|Ting-Lu|24/100
|-damage|p2a: Ting-Lu|12/100|[from] Spikes
|-ability|p2a: Ting-Lu|Vessel of Ruin
|move|p1a: Starry Night|Shadow Ball|p2a: Ting-Lu
|-resisted|p2a: Ting-Lu
|-damage|p2a: Ting-Lu|1/100
|
|-heal|p2a: Ting-Lu|7/100|[from] item: Leftovers
|upkeep
|turn|16
|
|t:|1758289921
|move|p1a: Starry Night|Shadow Ball|p2a: Ting-Lu
|-resisted|p2a: Ting-Lu
|-damage|p2a: Ting-Lu|0 fnt
|faint|p2a: Ting-Lu
|
|upkeep
|inactive|Praise The Salt has 120 seconds left.
|
|t:|1758289939
|switch|p2a: Zamazenta|Zamazenta|100/100
|-damage|p2a: Zamazenta|88/100|[from] Spikes
|-ability|p2a: Zamazenta|Dauntless Shield|boost
|-boost|p2a: Zamazenta|def|1
|turn|17
|
|t:|1758289949
|move|p1a: Starry Night|Shadow Ball|p2a: Zamazenta
|-damage|p2a: Zamazenta|37/100
|move|p2a: Zamazenta|Crunch|p1a: Starry Night
|-supereffective|p1a: Starry Night
|-damage|p1a: Starry Night|20/100
|
|upkeep
|turn|18
|
|t:|1758289960
|-terastallize|p2a: Zamazenta|Dark
|move|p1a: Starry Night|Shadow Ball|p2a: Zamazenta
|-resisted|p2a: Zamazenta
|-damage|p2a: Zamazenta|12/100
|-unboost|p2a: Zamazenta|spd|1
|move|p2a: Zamazenta|Crunch|p1a: Starry Night
|-supereffective|p1a: Starry Night
|-damage|p1a: Starry Night|0 fnt
|faint|p1a: Starry Night
|
|upkeep
|
|t:|1758289965
|switch|p1a: Pixie Dust|Enamorus, F|100/100
|turn|19
|
|t:|1758289971
|move|p1a: Pixie Dust|Moonblast|p2a: Zamazenta
|-supereffective|p2a: Zamazenta
|-damage|p2a: Zamazenta|0 fnt
|faint|p2a: Zamazenta
|
|upkeep
|
|t:|1758289975
|switch|p2a: Iron Treads|Iron Treads|73/100
|-damage|p2a: Iron Treads|61/100|[from] Spikes
|turn|20
|
|t:|1758289982
|switch|p1a: Terminator|Iron Treads|100/100
|move|p2a: Iron Treads|Rapid Spin|p1a: Terminator
|-resisted|p1a: Terminator
|-damage|p1a: Terminator|92/100
|-boost|p2a: Iron Treads|spe|1
|-sideend|p2: Praise The Salt|Spikes|[from] move: Rapid Spin|[of] p2a: Iron Treads
|
|-heal|p2a: Iron Treads|67/100|[from] item: Leftovers
|upkeep
|turn|21
|j| Nikator98
|
|t:|1758289991
|-end|p1a: Terminator|Quark Drive|[silent]
|switch|p1a: Pixie Dust|Enamorus, F|100/100
|move|p2a: Iron Treads|Earthquake|p1a: Pixie Dust
|-immune|p1a: Pixie Dust
|
|-heal|p2a: Iron Treads|73/100|[from] item: Leftovers
|upkeep
|turn|22
|
|t:|1758289999
|-end|p2a: Iron Treads|Quark Drive|[silent]
|switch|p2a: Sinistcha|Sinistcha|100/100
|move|p1a: Pixie Dust|Earth Power|p2a: Sinistcha
|-resisted|p2a: Sinistcha
|-damage|p2a: Sinistcha|80/100
|
|upkeep
|turn|23
|
|t:|1758290004
|switch|p1a: Terminator|Iron Treads|92/100
|move|p2a: Sinistcha|Calm Mind|p2a: Sinistcha
|-boost|p2a: Sinistcha|spa|1
|-boost|p2a: Sinistcha|spd|1
|
|upkeep
|turn|24
|
|t:|1758290008
|move|p1a: Terminator|Stealth Rock|p2a: Sinistcha
|-sidestart|p2: Praise The Salt|move: Stealth Rock
|move|p2a: Sinistcha|Matcha Gotcha|p1a: Terminator
|-damage|p1a: Terminator|24/100
|-heal|p2a: Sinistcha|100/100|[from] drain|[of] p1a: Terminator
|
|upkeep
|turn|25
|
|t:|1758290016
|move|p1a: Terminator|Ice Spinner|p2a: Sinistcha
|-supereffective|p2a: Sinistcha
|-damage|p2a: Sinistcha|67/100
|move|p2a: Sinistcha|Calm Mind|p2a: Sinistcha
|-boost|p2a: Sinistcha|spa|1
|-boost|p2a: Sinistcha|spd|1
|
|upkeep
|turn|26
|
|t:|1758290021
|move|p1a: Terminator|Ice Spinner|p2a: Sinistcha
|-supereffective|p2a: Sinistcha
|-damage|p2a: Sinistcha|30/100
|move|p2a: Sinistcha|Strength Sap|p1a: Terminator
|-unboost|p1a: Terminator|atk|1
|-heal|p2a: Sinistcha|100/100
|
|upkeep
|turn|27
|
|t:|1758290039
|move|p1a: Terminator|Ice Spinner|p2a: Sinistcha
|-supereffective|p2a: Sinistcha
|-damage|p2a: Sinistcha|78/100
|move|p2a: Sinistcha|Calm Mind|p2a: Sinistcha
|-boost|p2a: Sinistcha|spa|1
|-boost|p2a: Sinistcha|spd|1
|
|upkeep
|turn|28
|l| Nikator98
|
|t:|1758290042
|move|p1a: Terminator|Ice Spinner|p2a: Sinistcha
|-supereffective|p2a: Sinistcha
|-damage|p2a: Sinistcha|57/100
|move|p2a: Sinistcha|Strength Sap|p1a: Terminator
|-unboost|p1a: Terminator|atk|1
|-heal|p2a: Sinistcha|100/100
|
|upkeep
|turn|29
|
|t:|1758290047
|-end|p1a: Terminator|Quark Drive|[silent]
|switch|p1a: Pixie Dust|Enamorus, F|100/100
|move|p2a: Sinistcha|Matcha Gotcha|p1a: Pixie Dust
|-resisted|p1a: Pixie Dust
|-damage|p1a: Pixie Dust|40/100
|-status|p1a: Pixie Dust|brn
|
|-damage|p1a: Pixie Dust|34/100 brn|[from] brn
|upkeep
|turn|30
|
|t:|1758290051
|move|p1a: Pixie Dust|Mystical Fire|p2a: Sinistcha
|-supereffective|p2a: Sinistcha
|-damage|p2a: Sinistcha|88/100
|-unboost|p2a: Sinistcha|spa|1
|move|p2a: Sinistcha|Shadow Ball|p1a: Pixie Dust
|-damage|p1a: Pixie Dust|0 fnt
|faint|p1a: Pixie Dust
|
|upkeep
|
|t:|1758290054
|switch|p1a: The Bullet Slinger|Scizor, F|100/100
|turn|31
|
|t:|1758290057
|-terastallize|p1a: The Bullet Slinger|Steel
|move|p1a: The Bullet Slinger|Bullet Punch|p2a: Sinistcha
|-damage|p2a: Sinistcha|41/100
|move|p2a: Sinistcha|Shadow Ball|p1a: The Bullet Slinger
|-damage|p1a: The Bullet Slinger|25/100
|
|upkeep
|turn|32
|
|t:|1758290064
|move|p1a: The Bullet Slinger|Bullet Punch|p2a: Sinistcha
|-damage|p2a: Sinistcha|0 fnt
|faint|p2a: Sinistcha
|
|upkeep
|
|t:|1758290066
|switch|p2a: Keldeo|Keldeo-Resolute|48/100
|-damage|p2a: Keldeo|42/100|[from] Stealth Rock
|turn|33
|
|t:|1758290069
|move|p2a: Keldeo|Vacuum Wave|p1a: The Bullet Slinger
|-supereffective|p1a: The Bullet Slinger
|-damage|p1a: The Bullet Slinger|0 fnt
|faint|p1a: The Bullet Slinger
|
|upkeep
|
|t:|1758290070
|switch|p1a: Terminator|Iron Treads|24/100
|turn|34
|
|t:|1758290071
|move|p2a: Keldeo|Vacuum Wave|p1a: Terminator
|-supereffective|p1a: Terminator
|-damage|p1a: Terminator|0 fnt
|faint|p1a: Terminator
|-end|p1a: Terminator|Quark Drive|[silent]
|
|win|Praise The Salt
|raw|Teefryingpan's rating: 1635 &rarr; <strong>1612</strong><br />(-23 for losing)
|raw|Praise The Salt's rating: 1589 &rarr; <strong>1612</strong><br />(+23 for winning)
|l|☆Teefryingpan
|player|p1|
|c|☆Praise The Salt|gg
|l|☆Praise The Salt
|player|p2|
