|j|☆whichjuanz
|j|☆AsierX
|t:|1758303513
|gametype|singles
|player|p1|whichjuanz|hiker-gen4|1273
|player|p2|AsierX|skierf|1320
|gen|9
|tier|[Gen 9] OU
|rated|
|rule|HP Percentage Mod: HP is shown in percentages
|rule|Endless Battle Clause: Forcing endless battles is banned
|rule|Species Clause: Limit one of each Pokémon
|rule|OHKO Clause: OHKO moves are banned
|rule|Evasion Items Clause: Evasion items are banned
|rule|Evasion Moves Clause: Evasion moves are banned
|rule|Evasion Abilities Clause: Evasion abilities are banned
|rule|Sleep Moves Clause: Sleep-inducing moves are banned
|clearpoke
|poke|p1|Exeggutor-Alola, F|
|poke|p1|Cinderace, F|
|poke|p1|Quaquaval, F|
|poke|p1|Palossand, F|
|poke|p1|Comfey, M|
|poke|p1|Dugtrio-Alola, F|
|poke|p2|Greninja-*, F|
|poke|p2|Iron Valiant|
|poke|p2|Hatterene, F|
|poke|p2|Iron Hands|
|poke|p2|Garchomp, M|
|poke|p2|Iron Treads|
|teampreview
|inactive|Battle timer is ON: inactive players will automatically lose when time's up. (requested by whichjuanz)
|
|t:|1758303523
|teamsize|p1|6
|teamsize|p2|6
|start
|switch|p1a: KLOuFRENS|Dugtrio-Alola, F|100/100
|switch|p2a: Ninja|Greninja, F|100/100
|turn|1
|
|t:|1758303527
|move|p2a: Ninja|Hydro Pump|p1a: KLOuFRENS
|-start|p2a: Ninja|typechange|Water|[from] ability: Protean
|-supereffective|p1a: KLOuFRENS
|-enditem|p1a: KLOuFRENS|Focus Sash
|-damage|p1a: KLOuFRENS|1/100
|-damage|p2a: Ninja|91/100|[from] item: Life Orb
|move|p1a: KLOuFRENS|Stealth Rock|p2a: Ninja
|-sidestart|p2: AsierX|move: Stealth Rock
|
|upkeep
|turn|2
|
|t:|1758303532
|switch|p1a: BOKeTE|Exeggutor-Alola, F|100/100
|move|p2a: Ninja|Water Shuriken|p1a: BOKeTE
|-resisted|p1a: BOKeTE
|-damage|p1a: BOKeTE|98/100
|-resisted|p1a: BOKeTE
|-damage|p1a: BOKeTE|96/100
|-resisted|p1a: BOKeTE
|-damage|p1a: BOKeTE|94/100
|-hitcount|p1a: BOKeTE|3
|-damage|p2a: Ninja|81/100|[from] item: Life Orb
|
|upkeep
|turn|3
|
|t:|1758303538
|switch|p1a: DtMF|Comfey, M|100/100
|move|p2a: Ninja|Sludge Wave|p1a: DtMF
|-supereffective|p1a: DtMF
|-damage|p1a: DtMF|27/100
|-damage|p2a: Ninja|71/100|[from] item: Life Orb
|
|upkeep
|turn|4
|
|t:|1758303541
|move|p1a: DtMF|Giga Drain|p2a: Ninja
|-supereffective|p2a: Ninja
|-damage|p2a: Ninja|0 fnt
|-heal|p1a: DtMF|60/100|[from] drain|[of] p2a: Ninja
|faint|p2a: Ninja
|
|upkeep
|
|t:|1758303544
|switch|p2a: Orb|Iron Treads|100/100
|-damage|p2a: Orb|97/100|[from] Stealth Rock
|-item|p2a: Orb|Air Balloon
|turn|5
|
|t:|1758303549
|switch|p1a: TURiSTA|Palossand, F|100/100
|move|p2a: Orb|Rapid Spin|p1a: TURiSTA
|-immune|p1a: TURiSTA
|
|upkeep
|turn|6
|
|t:|1758303554
|move|p2a: Orb|Knock Off|p1a: TURiSTA
|-supereffective|p1a: TURiSTA
|-damage|p1a: TURiSTA|46/100
|-enditem|p1a: TURiSTA|Weakness Policy
|-boost|p1a: TURiSTA|atk|2|[from] item: Weakness Policy
|-boost|p1a: TURiSTA|spa|2|[from] item: Weakness Policy
|move|p1a: TURiSTA|Amnesia|p1a: TURiSTA
|-boost|p1a: TURiSTA|spd|2
|
|upkeep
|turn|7
|
|t:|1758303561
|move|p2a: Orb|Earthquake|p1a: TURiSTA
|-damage|p1a: TURiSTA|5/100
|move|p1a: TURiSTA|Shore Up|p1a: TURiSTA
|-heal|p1a: TURiSTA|55/100
|
|upkeep
|turn|8
|
|t:|1758303583
|move|p2a: Orb|Iron Head|p1a: TURiSTA
|-damage|p1a: TURiSTA|23/100
|move|p1a: TURiSTA|Shore Up|p1a: TURiSTA
|-heal|p1a: TURiSTA|73/100
|
|upkeep
|turn|9
|
|t:|1758303586
|move|p2a: Orb|Iron Head|p1a: TURiSTA
|-damage|p1a: TURiSTA|44/100
|move|p1a: TURiSTA|Giga Drain|p2a: Orb
|-damage|p2a: Orb|31/100
|-heal|p1a: TURiSTA|72/100|[from] drain|[of] p2a: Orb
|-enditem|p2a: Orb|Air Balloon
|
|upkeep
|turn|10
|
|t:|1758303588
|move|p2a: Orb|Iron Head|p1a: TURiSTA
|-damage|p1a: TURiSTA|41/100
|cant|p1a: TURiSTA|flinch
|
|upkeep
|turn|11
|
|t:|1758303590
|move|p2a: Orb|Earthquake|p1a: TURiSTA
|-damage|p1a: TURiSTA|0 fnt
|faint|p1a: TURiSTA
|
|upkeep
|
|t:|1758303602
|switch|p1a: KLOuFRENS|Dugtrio-Alola, F|1/100
|turn|12
|
|t:|1758303607
|move|p1a: KLOuFRENS|Endure|p1a: KLOuFRENS
|-singleturn|p1a: KLOuFRENS|move: Endure
|move|p2a: Orb|Rapid Spin|p1a: KLOuFRENS
|-resisted|p1a: KLOuFRENS
|-activate|p1a: KLOuFRENS|move: Endure
|-damage|p1a: KLOuFRENS|1/100
|-boost|p2a: Orb|spe|1
|-ability|p1a: KLOuFRENS|Tangling Hair
|-unboost|p2a: Orb|spe|1
|-sideend|p2: AsierX|Stealth Rock|[from] move: Rapid Spin|[of] p2a: Orb
|
|upkeep
|turn|13
|
|t:|1758303613
|move|p1a: KLOuFRENS|Endeavor|p2a: Orb
|-damage|p2a: Orb|1/100
|move|p2a: Orb|Earthquake|p1a: KLOuFRENS
|-supereffective|p1a: KLOuFRENS
|-damage|p1a: KLOuFRENS|0 fnt
|faint|p1a: KLOuFRENS
|
|upkeep
|
|t:|1758303616
|switch|p1a: BAILE INoLVIDABLE|Quaquaval, F|100/100
|-item|p1a: BAILE INoLVIDABLE|Air Balloon
|turn|14
|
|t:|1758303619
|-end|p2a: Orb|Quark Drive|[silent]
|switch|p2a: Mutant|Garchomp, M|100/100
|move|p1a: BAILE INoLVIDABLE|Aqua Step|p2a: Mutant
|-damage|p2a: Mutant|62/100
|-boost|p1a: BAILE INoLVIDABLE|spe|1
|-damage|p1a: BAILE INoLVIDABLE|88/100|[from] ability: Rough Skin|[of] p2a: Mutant
|-damage|p1a: BAILE INoLVIDABLE|72/100|[from] item: Rocky Helmet|[of] p2a: Mutant
|
|upkeep
|turn|15
|
|t:|1758303633
|switch|p1a: BOKeTE|Exeggutor-Alola, F|94/100
|move|p2a: Mutant|Dragon Tail|p1a: BOKeTE
|-supereffective|p1a: BOKeTE
|-damage|p1a: BOKeTE|47/100
|-enditem|p1a: BOKeTE|Sitrus Berry|[eat]
|-heal|p1a: BOKeTE|72/100|[from] item: Sitrus Berry
|drag|p1a: DtMF|Comfey, M|60/100
|
|upkeep
|turn|16
|
|t:|1758303638
|switch|p2a: Wizard|Hatterene, F|100/100
|move|p1a: DtMF|Trick|p2a: Wizard
|-activate|p1a: DtMF|move: Trick|[of] p2a: Wizard
|-item|p2a: Wizard|Choice Specs|[from] move: Trick
|-item|p1a: DtMF|Assault Vest|[from] move: Trick
|
|upkeep
|turn|17
|
|t:|1758303644
|move|p1a: DtMF|Draining Kiss|p2a: Wizard
|-damage|p2a: Wizard|77/100
|-heal|p1a: DtMF|78/100|[from] drain|[of] p2a: Wizard
|move|p2a: Wizard|Psychic Noise|p1a: DtMF
|-damage|p1a: DtMF|33/100
|-start|p1a: DtMF|move: Heal Block
|
|upkeep
|turn|18
|
|t:|1758303651
|-activate|p1a: DtMF|move: Struggle
|move|p1a: DtMF|Struggle|p2a: Wizard
|-damage|p2a: Wizard|71/100
|-damage|p1a: DtMF|7/100|[from] recoil
|move|p2a: Wizard|Psychic Noise|p1a: DtMF
|-damage|p1a: DtMF|0 fnt
|faint|p1a: DtMF
|
|upkeep
|
|t:|1758303655
|switch|p1a: ELCLuB|Cinderace, F|100/100
|turn|19
|
|t:|1758303661
|move|p1a: ELCLuB|Pyro Ball|p2a: Wizard
|-damage|p2a: Wizard|7/100
|-status|p2a: Wizard|brn
|move|p2a: Wizard|Psychic Noise|p1a: ELCLuB
|-crit|p1a: ELCLuB
|-damage|p1a: ELCLuB|0 fnt
|faint|p1a: ELCLuB
|
|-damage|p2a: Wizard|1/100 brn|[from] brn
|upkeep
|
|t:|1758303664
|switch|p1a: BAILE INoLVIDABLE|Quaquaval, F|72/100
|-item|p1a: BAILE INoLVIDABLE|Air Balloon
|turn|20
|
|t:|1758303671
|switch|p2a: Mutant|Garchomp, M|62/100
|move|p1a: BAILE INoLVIDABLE|Swords Dance|p1a: BAILE INoLVIDABLE
|-boost|p1a: BAILE INoLVIDABLE|atk|2
|
|upkeep
|turn|21
|
|t:|1758303679
|-terastallize|p2a: Mutant|Water
|move|p1a: BAILE INoLVIDABLE|Aqua Step|p2a: Mutant
|-resisted|p2a: Mutant
|-damage|p2a: Mutant|25/100
|-boost|p1a: BAILE INoLVIDABLE|spe|1
|-damage|p1a: BAILE INoLVIDABLE|60/100|[from] ability: Rough Skin|[of] p2a: Mutant
|-damage|p1a: BAILE INoLVIDABLE|43/100|[from] item: Rocky Helmet|[of] p2a: Mutant
|move|p2a: Mutant|Dragon Tail|p1a: BAILE INoLVIDABLE
|-damage|p1a: BAILE INoLVIDABLE|5/100
|-enditem|p1a: BAILE INoLVIDABLE|Air Balloon
|drag|p1a: BOKeTE|Exeggutor-Alola, F|72/100
|
|-item|p1a: BOKeTE|Sitrus Berry|[from] ability: Harvest
|upkeep
|turn|22
|
|t:|1758303690
|switch|p2a: Orb|Iron Treads|1/100
|move|p1a: BOKeTE|Leech Seed|p2a: Orb
|-start|p2a: Orb|move: Leech Seed
|
|-damage|p2a: Orb|0 fnt|[from] Leech Seed|[of] p1a: BOKeTE
|-heal|p1a: BOKeTE|72/100|[silent]
|faint|p2a: Orb
|-end|p2a: Orb|Quark Drive|[silent]
|upkeep
|
|t:|1758303693
|switch|p2a: Robot|Iron Hands|100/100
|turn|23
|
|t:|1758303696
|move|p2a: Robot|Ice Punch|p1a: BOKeTE
|-supereffective|p1a: BOKeTE
|-damage|p1a: BOKeTE|0 fnt
|faint|p1a: BOKeTE
|
|upkeep
|
|t:|1758303698
|switch|p1a: BAILE INoLVIDABLE|Quaquaval, F|5/100
|turn|24
|
|t:|1758303701
|move|p1a: BAILE INoLVIDABLE|Acrobatics|p2a: Robot
|-damage|p2a: Robot|76/100
|move|p2a: Robot|Thunder Punch|p1a: BAILE INoLVIDABLE
|-supereffective|p1a: BAILE INoLVIDABLE
|-damage|p1a: BAILE INoLVIDABLE|0 fnt
|faint|p1a: BAILE INoLVIDABLE
|
|win|AsierX
|raw|whichjuanz's rating: 1273 &rarr; <strong>1251</strong><br />(-22 for losing)
|raw|AsierX's rating: 1320 &rarr; <strong>1337</strong><br />(+17 for winning)
|l|☆whichjuanz
|player|p1|
|l|☆AsierX
|player|p2|
