|j|☆Daymo
|j|‽six10lol
|t:|1758309964
|gametype|singles
|player|p1|Daymo|102|1470
|player|p2|six10lol|pokekid|1587
|gen|9
|tier|[Gen 9] OU
|rated|
|rule|HP Percentage Mod: HP is shown in percentages
|rule|Endless Battle Clause: Forcing endless battles is banned
|rule|Species Clause: Limit one of each Pokémon
|rule|OHKO Clause: OHKO moves are banned
|rule|Evasion Items Clause: Evasion items are banned
|rule|Evasion Moves Clause: Evasion moves are banned
|rule|Evasion Abilities Clause: Evasion abilities are banned
|rule|Sleep Moves Clause: Sleep-inducing moves are banned
|clearpoke
|poke|p1|Kyurem|
|poke|p1|Ogerpon-Wellspring, F|
|poke|p1|Cinderace, F|
|poke|p1|Landorus-Therian, M|
|poke|p1|Slowking-Galar, M|
|poke|p1|Kingambit, M|
|poke|p2|Ursaluna, M|
|poke|p2|Cresselia, F|
|poke|p2|Kingambit, M|
|poke|p2|Volcanion|
|poke|p2|Hatterene, F|
|poke|p2|Porygon2|
|teampreview
|inactive|Battle timer is ON: inactive players will automatically lose when time's up. (requested by six10lol)
|
|t:|1758309973
|teamsize|p1|6
|teamsize|p2|6
|start
|switch|p1a: Ogerpon|Ogerpon-Wellspring, F|100/100
|switch|p2a: Volcanion|Volcanion|100/100
|turn|1
|
|t:|1758309991
|move|p1a: Ogerpon|U-turn|p2a: Volcanion
|-resisted|p2a: Volcanion
|-damage|p2a: Volcanion|88/100
|
|t:|1758309993
|switch|p1a: Slowking|Slowking-Galar, M|100/100|[from] U-turn
|move|p2a: Volcanion|Sludge Bomb|p1a: Slowking
|-resisted|p1a: Slowking
|-damage|p1a: Slowking|86/100
|
|upkeep
|turn|2
|
|t:|1758310009
|switch|p2a: Porygon2|Porygon2|100/100
|-ability|p2a: Porygon2|Download|boost
|-boost|p2a: Porygon2|atk|1
|-prepare|p1a: Slowking|Chilly Reception|[premajor]
|move|p1a: Slowking|Chilly Reception|p1a: Slowking
|-weather|Snowscape
|
|t:|1758310022
|switch|p1a: Kyurem|Kyurem|100/100|[from] Chilly Reception
|-ability|p1a: Kyurem|Pressure
|
|-weather|Snowscape|[upkeep]
|upkeep
|turn|3
|
|t:|1758310030
|move|p1a: Kyurem|Blizzard|p2a: Porygon2
|-damage|p2a: Porygon2|46/100
|move|p2a: Porygon2|Trick Room|p2a: Porygon2
|-fieldstart|move: Trick Room|[of] p2a: Porygon2
|
|-weather|Snowscape|[upkeep]
|upkeep
|turn|4
|
|t:|1758310047
|switch|p2a: Volcanion|Volcanion|88/100
|move|p1a: Kyurem|Blizzard|p2a: Volcanion
|-resisted|p2a: Volcanion
|-damage|p2a: Volcanion|67/100
|
|-weather|Snowscape|[upkeep]
|upkeep
|turn|5
|
|t:|1758310057
|switch|p1a: Slowking|Slowking-Galar, M|100/100
|move|p2a: Volcanion|Flamethrower|p1a: Slowking
|-damage|p1a: Slowking|55/100
|
|-weather|Snowscape|[upkeep]
|upkeep
|turn|6
|
|t:|1758310063
|-prepare|p1a: Slowking|Chilly Reception|[premajor]
|move|p1a: Slowking|Chilly Reception|p1a: Slowking
|
|t:|1758310067
|switch|p1a: Cinderace|Cinderace, F|100/100|[from] Chilly Reception
|move|p2a: Volcanion|Flamethrower|p1a: Cinderace
|-resisted|p1a: Cinderace
|-damage|p1a: Cinderace|49/100
|
|-weather|none
|upkeep
|turn|7
|
|t:|1758310074
|switch|p1a: Slowking|Slowking-Galar, M|89/100
|move|p2a: Volcanion|Flamethrower|p1a: Slowking
|-damage|p1a: Slowking|40/100
|
|-fieldend|move: Trick Room
|upkeep
|turn|8
|
|t:|1758310083
|-terastallize|p1a: Slowking|Water
|move|p2a: Volcanion|Flamethrower|p1a: Slowking
|-resisted|p1a: Slowking
|-damage|p1a: Slowking|18/100
|move|p1a: Slowking|Thunder Wave|p2a: Volcanion
|-status|p2a: Volcanion|par
|
|upkeep
|turn|9
|
|t:|1758310093
|switch|p2a: Ursaluna|Ursaluna, M|100/100
|switch|p1a: Cinderace|Cinderace, F|49/100
|
|-status|p2a: Ursaluna|brn|[from] item: Flame Orb
|upkeep
|turn|10
|
|t:|1758310104
|move|p2a: Ursaluna|Protect|p2a: Ursaluna
|-singleturn|p2a: Ursaluna|Protect
|move|p1a: Cinderace|Low Kick|p2a: Ursaluna
|-start|p1a: Cinderace|typechange|Fighting|[from] ability: Libero
|-activate|p2a: Ursaluna|move: Protect
|
|-damage|p2a: Ursaluna|94/100 brn|[from] brn
|upkeep
|turn|11
|
|t:|1758310116
|switch|p2a: Cresselia|Cresselia, F, shiny|100/100
|move|p1a: Cinderace|U-turn|p2a: Cresselia
|-supereffective|p2a: Cresselia
|-damage|p2a: Cresselia|73/100
|
|t:|1758310127
|switch|p1a: Kyurem|Kyurem|100/100|[from] U-turn
|-ability|p1a: Kyurem|Pressure
|
|upkeep
|turn|12
|
|t:|1758310132
|move|p1a: Kyurem|Draco Meteor|p2a: Cresselia
|-damage|p2a: Cresselia|10/100
|-unboost|p1a: Kyurem|spa|2
|move|p2a: Cresselia|Trick Room|p2a: Cresselia
|-fieldstart|move: Trick Room|[of] p2a: Cresselia
|
|upkeep
|turn|13
|
|t:|1758310138
|switch|p1a: Slowking|Slowking-Galar, M, tera:Water|51/100
|move|p2a: Cresselia|Lunar Dance|p2a: Cresselia
|faint|p2a: Cresselia
|
|upkeep
|
|t:|1758310168
|switch|p2a: Volcanion|Volcanion|67/100 par
|-heal|p2a: Volcanion|100/100|[from] move: Lunar Dance
|turn|14
|
|t:|1758310180
|switch|p2a: Kingambit|Kingambit, M|100/100
|-activate|p2a: Kingambit|ability: Supreme Overlord
|-start|p2a: Kingambit|fallen1|[silent]
|move|p1a: Slowking|Thunder Wave|p2a: Kingambit|[miss]
|-miss|p1a: Slowking|p2a: Kingambit
|
|upkeep
|turn|15
|
|t:|1758310190
|switch|p1a: Landorus|Landorus-Therian, M|100/100
|-ability|p1a: Landorus|Intimidate|boost
|-unboost|p2a: Kingambit|atk|1
|move|p2a: Kingambit|Kowtow Cleave|p1a: Landorus
|-damage|p1a: Landorus|46/100
|
|upkeep
|turn|16
|
|t:|1758310198
|switch|p1a: Kingambit|Kingambit, M|100/100
|move|p2a: Kingambit|Kowtow Cleave|p1a: Kingambit
|-resisted|p1a: Kingambit
|-damage|p1a: Kingambit|84/100
|
|-heal|p1a: Kingambit|91/100|[from] item: Leftovers
|-fieldend|move: Trick Room
|upkeep
|turn|17
|
|t:|1758310216
|-end|p2a: Kingambit|fallen1|[silent]
|switch|p2a: Volcanion|Volcanion|100/100
|move|p1a: Kingambit|Swords Dance|p1a: Kingambit
|-boost|p1a: Kingambit|atk|2
|
|-heal|p1a: Kingambit|97/100|[from] item: Leftovers
|upkeep
|turn|18
|
|t:|1758310233
|-end|p1a: Kingambit|fallenundefined|[silent]
|switch|p1a: Slowking|Slowking-Galar, M, tera:Water|85/100
|move|p2a: Volcanion|Earth Power|p1a: Slowking
|-damage|p1a: Slowking|53/100
|-unboost|p1a: Slowking|spd|1
|
|upkeep
|turn|19
|
|t:|1758310245
|switch|p2a: Ursaluna|Ursaluna, M|94/100 brn
|switch|p1a: Landorus|Landorus-Therian, M|46/100
|-ability|p1a: Landorus|Intimidate|boost
|-unboost|p2a: Ursaluna|atk|1
|
|-damage|p2a: Ursaluna|88/100 brn|[from] brn
|upkeep
|turn|20
|
|t:|1758310253
|move|p1a: Landorus|U-turn|p2a: Ursaluna
|-damage|p2a: Ursaluna|69/100 brn
|
|t:|1758310258
|switch|p1a: Ogerpon|Ogerpon-Wellspring, F|100/100|[from] U-turn
|move|p2a: Ursaluna|Facade|p1a: Ogerpon
|-damage|p1a: Ogerpon|0 fnt
|faint|p1a: Ogerpon
|
|-damage|p2a: Ursaluna|63/100 brn|[from] brn
|upkeep
|
|t:|1758310263
|switch|p1a: Kyurem|Kyurem|100/100
|-ability|p1a: Kyurem|Pressure
|turn|21
|
|t:|1758310271
|move|p2a: Ursaluna|Protect|p2a: Ursaluna
|-singleturn|p2a: Ursaluna|Protect
|move|p1a: Kyurem|Earth Power|p2a: Ursaluna
|-activate|p2a: Ursaluna|move: Protect
|
|-damage|p2a: Ursaluna|57/100 brn|[from] brn
|upkeep
|turn|22
|
|t:|1758310283
|move|p1a: Kyurem|Earth Power|p2a: Ursaluna
|-damage|p2a: Ursaluna|16/100 brn
|move|p2a: Ursaluna|Headlong Rush|p1a: Kyurem
|-damage|p1a: Kyurem|30/100
|-unboost|p2a: Ursaluna|def|1
|-unboost|p2a: Ursaluna|spd|1
|
|-damage|p2a: Ursaluna|10/100 brn|[from] brn
|upkeep
|turn|23
|
|t:|1758310294
|move|p1a: Kyurem|Earth Power|p2a: Ursaluna
|-damage|p2a: Ursaluna|0 fnt
|faint|p2a: Ursaluna
|
|upkeep
|
|t:|1758310312
|switch|p2a: Hatterene|Hatterene, F|100/100
|turn|24
|
|t:|1758310316
|switch|p1a: Slowking|Slowking-Galar, M, tera:Water|86/100
|move|p2a: Hatterene|Trick Room|p2a: Hatterene
|-fieldstart|move: Trick Room|[of] p2a: Hatterene
|
|upkeep
|turn|25
|
|t:|1758310337
|switch|p2a: Kingambit|Kingambit, M|100/100
|-activate|p2a: Kingambit|ability: Supreme Overlord
|-start|p2a: Kingambit|fallen2|[silent]
|-prepare|p1a: Slowking|Chilly Reception|[premajor]
|move|p1a: Slowking|Chilly Reception|p1a: Slowking
|-weather|Snowscape
|
|t:|1758310344
|switch|p1a: Kingambit|Kingambit, M|97/100|[from] Chilly Reception
|-activate|p1a: Kingambit|ability: Supreme Overlord
|-start|p1a: Kingambit|fallen1|[silent]
|
|-weather|Snowscape|[upkeep]
|-heal|p1a: Kingambit|100/100|[from] item: Leftovers
|upkeep
|turn|26
|
|t:|1758310368
|move|p2a: Kingambit|Swords Dance|p2a: Kingambit
|-boost|p2a: Kingambit|atk|2
|move|p1a: Kingambit|Low Sweep|p2a: Kingambit
|-supereffective|p2a: Kingambit
|-damage|p2a: Kingambit|25/100
|-unboost|p2a: Kingambit|spe|1
|
|-weather|Snowscape|[upkeep]
|upkeep
|turn|27
|l|☆Daymo
|inactive|Daymo disconnected and has a minute to reconnect!
|player|p1|
|inactive|six10lol has 120 seconds left.
|j|☆Daymo
|inactive|Daymo reconnected and has 135 seconds left.
|player|p1|Daymo|102|
|
|t:|1758310392
|-terastallize|p2a: Kingambit|Fairy
|move|p2a: Kingambit|Tera Blast|p1a: Kingambit|[anim] Tera Blast Fairy
|-damage|p1a: Kingambit|13/100
|move|p1a: Kingambit|Low Sweep|p2a: Kingambit
|-resisted|p2a: Kingambit
|-damage|p2a: Kingambit|15/100
|-unboost|p2a: Kingambit|spe|1
|
|-weather|Snowscape|[upkeep]
|-heal|p1a: Kingambit|19/100|[from] item: Leftovers
|upkeep
|turn|28
|inactive|six10lol has 120 seconds left.
|
|t:|1758310405
|-end|p1a: Kingambit|fallen1|[silent]
|switch|p1a: Landorus|Landorus-Therian, M|46/100
|-ability|p1a: Landorus|Intimidate|boost
|-unboost|p2a: Kingambit|atk|1
|move|p2a: Kingambit|Sucker Punch||[still]
|-fail|p2a: Kingambit
|
|-weather|Snowscape|[upkeep]
|-fieldend|move: Trick Room
|upkeep
|turn|29
|inactive|six10lol has 120 seconds left.
|
|t:|1758310413
|switch|p1a: Kingambit|Kingambit, M|19/100
|-activate|p1a: Kingambit|ability: Supreme Overlord
|-start|p1a: Kingambit|fallen1|[silent]
|move|p2a: Kingambit|Sucker Punch||[still]
|-fail|p2a: Kingambit
|
|-weather|none
|-heal|p1a: Kingambit|25/100|[from] item: Leftovers
|upkeep
|turn|30
|
|t:|1758310424
|-end|p2a: Kingambit|fallen2|[silent]
|switch|p2a: Porygon2|Porygon2|46/100
|-ability|p2a: Porygon2|Download|boost
|-boost|p2a: Porygon2|spa|1
|move|p1a: Kingambit|Swords Dance|p1a: Kingambit
|-boost|p1a: Kingambit|atk|2
|
|-heal|p1a: Kingambit|32/100|[from] item: Leftovers
|upkeep
|turn|31
|
|t:|1758310432
|move|p1a: Kingambit|Low Sweep|p2a: Porygon2
|-supereffective|p2a: Porygon2
|-damage|p2a: Porygon2|0 fnt
|faint|p2a: Porygon2
|
|-heal|p1a: Kingambit|38/100|[from] item: Leftovers
|upkeep
|inactive|six10lol has 120 seconds left.
|
|t:|1758310448
|switch|p2a: Hatterene|Hatterene, F|100/100
|turn|32
|
|t:|1758310453
|move|p1a: Kingambit|Iron Head|p2a: Hatterene
|-supereffective|p2a: Hatterene
|-enditem|p2a: Hatterene|Focus Sash
|-damage|p2a: Hatterene|1/100
|cant|p2a: Hatterene|flinch
|
|-heal|p1a: Kingambit|44/100|[from] item: Leftovers
|upkeep
|turn|33
|
|t:|1758310460
|move|p1a: Kingambit|Iron Head|p2a: Hatterene
|-supereffective|p2a: Hatterene
|-damage|p2a: Hatterene|0 fnt
|faint|p2a: Hatterene
|
|-heal|p1a: Kingambit|50/100|[from] item: Leftovers
|upkeep
|
|t:|1758310468
|switch|p2a: Volcanion|Volcanion|100/100
|turn|34
|
|t:|1758310474
|move|p1a: Kingambit|Sucker Punch|p2a: Volcanion
|-damage|p2a: Volcanion|28/100
|move|p2a: Volcanion|Steam Eruption|p1a: Kingambit
|-damage|p1a: Kingambit|0 fnt
|faint|p1a: Kingambit
|-end|p1a: Kingambit|fallen1|[silent]
|
|upkeep
|-message|six10lol forfeited.
|
|win|Daymo
|raw|Daymo's rating: 1470 &rarr; <strong>1496</strong><br />(+26 for winning)
|raw|six10lol's rating: 1587 &rarr; <strong>1561</strong><br />(-26 for losing)
|l|‽six10lol
|player|p2|
|l|☆Daymo
|player|p1|
