|j|☆GoldenMais
|j|☆I will eat another
|t:|1758362445
|gametype|singles
|player|p1|GoldenMais|101|1349
|player|p2|I will eat another|plasmagrunt|1299
|gen|9
|tier|[Gen 9] OU
|rated|
|rule|HP Percentage Mod: HP is shown in percentages
|rule|Endless Battle Clause: Forcing endless battles is banned
|rule|Species Clause: Limit one of each Pokémon
|rule|OHKO Clause: OHKO moves are banned
|rule|Evasion Items Clause: Evasion items are banned
|rule|Evasion Moves Clause: Evasion moves are banned
|rule|Evasion Abilities Clause: Evasion abilities are banned
|rule|Sleep Moves Clause: Sleep-inducing moves are banned
|clearpoke
|poke|p1|Keldeo-Resolute|
|poke|p1|Forretress, M|
|poke|p1|Landorus-Therian, M|
|poke|p1|Volcanion|
|poke|p1|Lokix, F|
|poke|p1|Gengar, M|
|poke|p2|Breloom, F|
|poke|p2|Swinub, F|
|poke|p2|Iron Crown|
|poke|p2|Glimmora, M|
|poke|p2|Talonflame, M|
|poke|p2|Greninja-*, F|
|teampreview
|inactive|Battle timer is ON: inactive players will automatically lose when time's up. (requested by I will eat another)
|inactive|GoldenMais has 120 seconds left.
|
|t:|1758362478
|teamsize|p1|6
|teamsize|p2|6
|start
|switch|p1a: Forretress|Forretress, M|100/100
|switch|p2a: Quajutsu|Greninja, F|100/100
|turn|1
|
|t:|1758362487
|switch|p2a: Fiaro|Talonflame, M|100/100
|move|p1a: Forretress|Stealth Rock|p2a: Fiaro
|-sidestart|p2: I will eat another|move: Stealth Rock
|
|upkeep
|turn|2
|
|t:|1758362496
|switch|p1a: Volcanion|Volcanion|100/100
|move|p2a: Fiaro|Will-O-Wisp|p1a: Volcanion
|-immune|p1a: Volcanion
|
|upkeep
|turn|3
|
|t:|1758362506
|move|p2a: Fiaro|Defog|p1a: Volcanion
|-unboost|p1a: Volcanion|evasion|1
|-sideend|p2: I will eat another|Stealth Rock|[from] move: Defog|[of] p2a: Fiaro
|move|p1a: Volcanion|Steam Eruption|p2a: Fiaro
|-supereffective|p2a: Fiaro
|-damage|p2a: Fiaro|0 fnt
|faint|p2a: Fiaro
|
|upkeep
|
|t:|1758362524
|switch|p2a: Lumiflora|Glimmora, M|100/100
|turn|4
|
|t:|1758362527
|move|p2a: Lumiflora|Meteor Beam||[still]
|-prepare|p2a: Lumiflora|Meteor Beam
|-boost|p2a: Lumiflora|spa|1
|-enditem|p2a: Lumiflora|Power Herb
|-anim|p2a: Lumiflora|Meteor Beam|p1a: Volcanion
|-supereffective|p1a: Volcanion
|-damage|p1a: Volcanion|0 fnt
|faint|p1a: Volcanion
|
|upkeep
|
|t:|1758362533
|switch|p1a: Keldeo|Keldeo-Resolute|100/100
|turn|5
|
|t:|1758362548
|move|p1a: Keldeo|Substitute|p1a: Keldeo
|-start|p1a: Keldeo|Substitute
|-damage|p1a: Keldeo|76/100
|move|p2a: Lumiflora|Sludge Wave|p1a: Keldeo
|-end|p1a: Keldeo|Substitute
|
|-heal|p1a: Keldeo|82/100|[from] item: Leftovers
|upkeep
|turn|6
|
|t:|1758362571
|move|p1a: Keldeo|Surf|p2a: Lumiflora
|-supereffective|p2a: Lumiflora
|-damage|p2a: Lumiflora|0 fnt
|faint|p2a: Lumiflora
|
|-heal|p1a: Keldeo|88/100|[from] item: Leftovers
|upkeep
|
|t:|1758362579
|switch|p2a: Kapilz|Breloom, F|100/100
|turn|7
|
|t:|1758362589
|switch|p1a: Forretress|Forretress, M|100/100
|move|p2a: Kapilz|Rock Tomb|p1a: Forretress|[miss]
|-miss|p2a: Kapilz|p1a: Forretress
|
|upkeep
|turn|8
|
|t:|1758362601
|move|p2a: Kapilz|Bullet Seed|p1a: Forretress
|-resisted|p1a: Forretress
|-damage|p1a: Forretress|97/100
|-resisted|p1a: Forretress
|-damage|p1a: Forretress|93/100
|-resisted|p1a: Forretress
|-damage|p1a: Forretress|90/100
|-resisted|p1a: Forretress
|-damage|p1a: Forretress|87/100
|-hitcount|p1a: Forretress|4
|-damage|p2a: Kapilz|91/100|[from] item: Life Orb
|move|p1a: Forretress|Stealth Rock|p2a: Kapilz
|-sidestart|p2: I will eat another|move: Stealth Rock
|
|upkeep
|turn|9
|
|t:|1758362615
|switch|p2a: Quiekel|Swinub, F|100/100
|-damage|p2a: Quiekel|88/100|[from] Stealth Rock
|move|p1a: Forretress|Ice Spinner|p2a: Quiekel
|-damage|p2a: Quiekel|40/100
|
|upkeep
|turn|10
|
|t:|1758362624
|move|p2a: Quiekel|Endeavor|p1a: Forretress
|-damage|p1a: Forretress|28/100
|move|p1a: Forretress|Ice Spinner|p2a: Quiekel
|-damage|p2a: Quiekel|0 fnt
|faint|p2a: Quiekel
|
|upkeep
|
|t:|1758362632
|switch|p2a: Eisenkrone|Iron Crown|100/100
|-damage|p2a: Eisenkrone|94/100|[from] Stealth Rock
|-enditem|p2a: Eisenkrone|Booster Energy
|-activate|p2a: Eisenkrone|ability: Quark Drive|[fromitem]
|-start|p2a: Eisenkrone|quarkdrivespe
|turn|11
|
|t:|1758362641
|move|p2a: Eisenkrone|Tachyon Cutter|p1a: Forretress
|-resisted|p1a: Forretress
|-damage|p1a: Forretress|11/100
|-resisted|p1a: Forretress
|-damage|p1a: Forretress|0 fnt
|faint|p1a: Forretress
|-hitcount|p1: Forretress|2
|
|upkeep
|
|t:|1758362651
|switch|p1a: Gengar|Gengar, M|100/100
|turn|12
|
|t:|1758362655
|move|p1a: Gengar|Shadow Ball|p2a: Eisenkrone
|-supereffective|p2a: Eisenkrone
|-damage|p2a: Eisenkrone|10/100
|move|p2a: Eisenkrone|Psyshock|p1a: Gengar
|-supereffective|p1a: Gengar
|-damage|p1a: Gengar|0 fnt
|faint|p1a: Gengar
|
|upkeep
|inactive|GoldenMais has 120 seconds left.
|inactive|GoldenMais has 90 seconds left.
|inactive|GoldenMais has 60 seconds left.
|inactive|GoldenMais has 30 seconds left.
|inactive|GoldenMais has 20 seconds left.
|inactive|GoldenMais has 15 seconds left.
|inactive|GoldenMais has 10 seconds left.
|inactive|GoldenMais has 5 seconds left.
|-message|GoldenMais lost due to inactivity.
|
|win|I will eat another
|raw|GoldenMais's rating: 1349 &rarr; <strong>1326</strong><br />(-23 for losing)
|raw|I will eat another's rating: 1299 &rarr; <strong>1328</strong><br />(+29 for winning)
|l|☆I will eat another
|player|p2|
