|j|☆KnockOffx2
|j|☆AP Precalculus
|t:|1758258510
|gametype|singles
|player|p1|KnockOffx2|burglar|1510
|player|p2|AP Precalculus|gentleman|1454
|gen|9
|tier|[Gen 9] OU
|rated|
|rule|HP Percentage Mod: HP is shown in percentages
|rule|Endless Battle Clause: Forcing endless battles is banned
|rule|Species Clause: Limit one of each Pokémon
|rule|OHKO Clause: OHKO moves are banned
|rule|Evasion Items Clause: Evasion items are banned
|rule|Evasion Moves Clause: Evasion moves are banned
|rule|Evasion Abilities Clause: Evasion abilities are banned
|rule|Sleep Moves Clause: Sleep-inducing moves are banned
|clearpoke
|poke|p1|Great Tusk|
|poke|p1|Slowking-Galar, F|
|poke|p1|Moltres|
|poke|p1|Ogerpon-Wellspring, F|
|poke|p1|Dragapult, F|
|poke|p1|Darkrai|
|poke|p2|Grimmsnarl, M|
|poke|p2|Latios, M|
|poke|p2|Glimmora, M|
|poke|p2|Iron Moth|
|poke|p2|Kommo-o, M|
|poke|p2|Iron Hands|
|teampreview
|inactive|Battle timer is ON: inactive players will automatically lose when time's up. (requested by AP Precalculus)
|
|t:|1758258526
|teamsize|p1|6
|teamsize|p2|6
|start
|switch|p1a: Slowking|Slowking-Galar, F|100/100
|switch|p2a: THE HANDS|Iron Hands|100/100
|-enditem|p2a: THE HANDS|Booster Energy
|-activate|p2a: THE HANDS|ability: Quark Drive|[fromitem]
|-start|p2a: THE HANDS|quarkdriveatk
|turn|1
|
|t:|1758258539
|switch|p1a: Great Tusk|Great Tusk|100/100
|move|p2a: THE HANDS|Earthquake|p1a: Great Tusk
|-damage|p1a: Great Tusk|67/100
|
|upkeep
|turn|2
|
|t:|1758258550
|-terastallize|p2a: THE HANDS|Water
|move|p1a: Great Tusk|Headlong Rush|p2a: THE HANDS
|-damage|p2a: THE HANDS|61/100
|-unboost|p1a: Great Tusk|def|1
|-unboost|p1a: Great Tusk|spd|1
|move|p2a: THE HANDS|Ice Punch|p1a: Great Tusk
|-supereffective|p1a: Great Tusk
|-damage|p1a: Great Tusk|0 fnt
|-damage|p2a: THE HANDS|45/100|[from] item: Rocky Helmet|[of] p1a: Great Tusk
|faint|p1a: Great Tusk
|-end|p1a: Great Tusk|Protosynthesis|[silent]
|
|upkeep
|
|t:|1758258564
|switch|p1a: Ogerpon|Ogerpon-Wellspring, F|100/100
|turn|3
|
|t:|1758258572
|-end|p2a: THE HANDS|Quark Drive|[silent]
|switch|p2a: Bing Bong|Glimmora, M|100/100
|move|p1a: Ogerpon|Power Whip|p2a: Bing Bong
|-damage|p2a: Bing Bong|7/100
|-activate|p2a: Bing Bong|ability: Toxic Debris
|-sidestart|p1: KnockOffx2|move: Toxic Spikes
|
|upkeep
|turn|4
|
|t:|1758258582
|move|p1a: Ogerpon|Ivy Cudgel|p2a: Bing Bong|[anim] Ivy Cudgel Water
|-supereffective|p2a: Bing Bong
|-damage|p2a: Bing Bong|0 fnt
|-activate|p2a: Bing Bong|ability: Toxic Debris
|-sidestart|p1: KnockOffx2|move: Toxic Spikes
|faint|p2a: Bing Bong
|
|upkeep
|
|t:|1758258587
|switch|p2a: Mr Grimm|Grimmsnarl, M|100/100
|turn|5
|
|t:|1758258595
|switch|p1a: Slowking|Slowking-Galar, F|100/100
|-sideend|p1: KnockOffx2|move: Toxic Spikes|[of] p1a: Slowking
|move|p2a: Mr Grimm|Reflect|p2a: Mr Grimm
|-sidestart|p2: AP Precalculus|Reflect
|
|upkeep
|turn|6
|
|t:|1758258600
|move|p2a: Mr Grimm|Light Screen|p2a: Mr Grimm
|-sidestart|p2: AP Precalculus|move: Light Screen
|move|p1a: Slowking|Sludge Bomb|p2a: Mr Grimm
|-supereffective|p2a: Mr Grimm
|-damage|p2a: Mr Grimm|66/100
|-status|p2a: Mr Grimm|psn
|
|-damage|p2a: Mr Grimm|54/100 psn|[from] psn
|upkeep
|turn|7
|
|t:|1758258609
|switch|p2a: THE HANDS|Iron Hands, tera:Water|45/100
|switch|p1a: Moltres|Moltres|100/100
|
|upkeep
|turn|8
|
|t:|1758258616
|switch|p1a: Ogerpon|Ogerpon-Wellspring, F|100/100
|move|p2a: THE HANDS|Wild Charge|p1a: Ogerpon
|-damage|p1a: Ogerpon|28/100
|-damage|p2a: THE HANDS|33/100|[from] Recoil
|
|upkeep
|turn|9
|
|t:|1758258622
|move|p1a: Ogerpon|Power Whip|p2a: THE HANDS
|-supereffective|p2a: THE HANDS
|-damage|p2a: THE HANDS|0 fnt
|faint|p2a: THE HANDS
|-end|p2a: THE HANDS|Quark Drive|[silent]
|
|upkeep
|
|t:|1758258631
|switch|p2a: Which One|Latios, M, shiny|100/100
|turn|10
|
|t:|1758258659
|switch|p1a: Slowking|Slowking-Galar, F|100/100
|move|p2a: Which One|Agility|p2a: Which One
|-boost|p2a: Which One|spe|2
|
|upkeep
|turn|11
|
|t:|1758258669
|move|p2a: Which One|Calm Mind|p2a: Which One
|-boost|p2a: Which One|spa|1
|-boost|p2a: Which One|spd|1
|move|p1a: Slowking|Ice Beam|p2a: Which One
|-supereffective|p2a: Which One
|-damage|p2a: Which One|82/100
|-status|p2a: Which One|frz
|-enditem|p2a: Which One|Weakness Policy
|-boost|p2a: Which One|atk|2|[from] item: Weakness Policy
|-boost|p2a: Which One|spa|2|[from] item: Weakness Policy
|
|upkeep
|turn|12
|
|t:|1758258679
|switch|p1a: Moltres|Moltres|100/100
|cant|p2a: Which One|frz
|
|-sideend|p2: AP Precalculus|Reflect
|upkeep
|turn|13
|
|t:|1758258683
|cant|p2a: Which One|frz
|move|p1a: Moltres|Roar|p2a: Which One
|drag|p2a: a bug?|Iron Moth|100/100
|-enditem|p2a: a bug?|Booster Energy
|-activate|p2a: a bug?|ability: Quark Drive|[fromitem]
|-start|p2a: a bug?|quarkdrivespa
|
|-sideend|p2: AP Precalculus|move: Light Screen
|upkeep
|turn|14
|
|t:|1758258691
|switch|p1a: Slowking|Slowking-Galar, F|100/100
|move|p2a: a bug?|Sludge Wave|p1a: Slowking
|-resisted|p1a: Slowking
|-damage|p1a: Slowking|85/100
|
|upkeep
|turn|15
|-message|AP Precalculus forfeited.
|
|win|KnockOffx2
|raw|KnockOffx2's rating: 1510 &rarr; <strong>1527</strong><br />(+17 for winning)
|raw|AP Precalculus's rating: 1454 &rarr; <strong>1437</strong><br />(-17 for losing)
|l|☆AP Precalculus
|player|p2|
|l|☆KnockOffx2
|player|p1|
