|j|‽tasty sardine 408
|j|☆omnomapuss
|t:|1758260095
|gametype|singles
|player|p1|tasty sardine 408|harlequin|1582
|player|p2|omnomapuss|crasherwake|1579
|gen|9
|tier|[Gen 9] OU
|rated|
|rule|HP Percentage Mod: HP is shown in percentages
|rule|Endless Battle Clause: Forcing endless battles is banned
|rule|Species Clause: Limit one of each Pokémon
|rule|OHKO Clause: OHKO moves are banned
|rule|Evasion Items Clause: Evasion items are banned
|rule|Evasion Moves Clause: Evasion moves are banned
|rule|Evasion Abilities Clause: Evasion abilities are banned
|rule|Sleep Moves Clause: Sleep-inducing moves are banned
|clearpoke
|poke|p1|Umbreon, M|
|poke|p1|Serperior, F|
|poke|p1|Cresselia, F|
|poke|p1|Revavroom, F|
|poke|p1|Skeledirge, F|
|poke|p1|Manaphy|
|poke|p2|Primarina, F|
|poke|p2|Dragapult, M|
|poke|p2|Scizor, M|
|poke|p2|Great Tusk|
|poke|p2|Zapdos|
|poke|p2|Slowking-Galar, F|
|teampreview
|inactive|Battle timer is ON: inactive players will automatically lose when time's up. (requested by omnomapuss)
|inactive|tasty sardine 408 has 120 seconds left.
|
|t:|1758260144
|teamsize|p1|6
|teamsize|p2|6
|start
|switch|p1a: Serperior|Serperior, F, shiny|100/100
|switch|p2a: Scizor|Scizor, M|100/100
|turn|1
|
|t:|1758260147
|-terastallize|p1a: Serperior|Electric
|move|p1a: Serperior|Glare|p2a: Scizor
|-status|p2a: Scizor|par
|move|p2a: Scizor|U-turn|p1a: Serperior
|-damage|p1a: Serperior|45/100
|
|t:|1758260153
|switch|p2a: Dragapult|Dragapult, M|100/100|[from] U-turn
|
|-heal|p1a: Serperior|51/100|[from] item: Leftovers
|upkeep
|turn|2
|inactive|tasty sardine 408 has 120 seconds left.
|
|t:|1758260193
|switch|p1a: Umbreon|Umbreon, M, shiny|100/100
|move|p2a: Dragapult|Dragon Darts|p1a: Umbreon
|-damage|p1a: Umbreon|71/100
|-anim|p2a: Dragapult|Dragon Darts|p1a: Umbreon
|-crit|p1a: Umbreon
|-damage|p1a: Umbreon|26/100
|
|-heal|p1a: Umbreon|32/100|[from] item: Leftovers
|upkeep
|turn|3
|
|t:|1758260197
|move|p1a: Umbreon|Protect|p1a: Umbreon
|-singleturn|p1a: Umbreon|Protect
|move|p2a: Dragapult|Dragon Darts|p1a: Umbreon
|-activate|p1a: Umbreon|move: Protect
|
|-heal|p1a: Umbreon|38/100|[from] item: Leftovers
|upkeep
|turn|4
|
|t:|1758260204
|move|p2a: Dragapult|Dragon Darts|p1a: Umbreon
|-damage|p1a: Umbreon|8/100
|-anim|p2a: Dragapult|Dragon Darts|p1a: Umbreon
|-damage|p1a: Umbreon|0 fnt
|faint|p1a: Umbreon
|
|upkeep
|
|t:|1758260210
|switch|p1a: Skeledirge|Skeledirge, F, shiny|100/100
|turn|5
|j| PoojeetTruckDriver
|l| PoojeetTruckDriver
|
|t:|1758260238
|switch|p2a: Slowking|Slowking-Galar, F|100/100
|move|p1a: Skeledirge|Hex|p2a: Slowking
|-supereffective|p2a: Slowking
|-damage|p2a: Slowking|72/100
|
|upkeep
|turn|6
|
|t:|1758260261
|move|p1a: Skeledirge|Torch Song|p2a: Slowking
|-damage|p2a: Slowking|55/100
|-boost|p1a: Skeledirge|spa|1
|move|p2a: Slowking|Future Sight|p1a: Skeledirge
|-start|p2a: Slowking|move: Future Sight
|
|upkeep
|turn|7
|inactive|omnomapuss has 120 seconds left.
|
|t:|1758260305
|move|p1a: Skeledirge|Hex|p2a: Slowking
|-supereffective|p2a: Slowking
|-damage|p2a: Slowking|15/100
|-prepare|p2a: Slowking|Chilly Reception|[premajor]
|move|p2a: Slowking|Chilly Reception|p2a: Slowking
|-weather|Snowscape
|
|t:|1758260308
|switch|p2a: Dragapult|Dragapult, M|100/100|[from] Chilly Reception
|
|-weather|Snowscape|[upkeep]
|upkeep
|turn|8
|
|t:|1758260319
|-terastallize|p2a: Dragapult|Ghost
|move|p2a: Dragapult|Tera Blast|p1a: Skeledirge|[anim] Tera Blast Ghost
|-supereffective|p1a: Skeledirge
|-damage|p1a: Skeledirge|0 fnt
|faint|p1a: Skeledirge
|
|-weather|Snowscape|[upkeep]
|-hint|Future Sight did not hit because the target is fainted.
|upkeep
|
|t:|1758260329
|switch|p1a: Revavroom|Revavroom, F, shiny|100/100
|-item|p1a: Revavroom|Air Balloon
|turn|9
|inactive|omnomapuss has 120 seconds left.
|inactive|omnomapuss has 90 seconds left.
|
|t:|1758260401
|move|p2a: Dragapult|Tera Blast|p1a: Revavroom|[anim] Tera Blast Ghost
|-damage|p1a: Revavroom|11/100
|-enditem|p1a: Revavroom|Air Balloon
|move|p1a: Revavroom|Shift Gear|p1a: Revavroom
|-boost|p1a: Revavroom|spe|2
|-boost|p1a: Revavroom|atk|1
|
|-weather|Snowscape|[upkeep]
|upkeep
|turn|10
|
|t:|1758260406
|switch|p2a: Slowking|Slowking-Galar, F|48/100
|move|p1a: Revavroom|Iron Head|p2a: Slowking
|-damage|p2a: Slowking|0 fnt
|faint|p2a: Slowking
|
|-weather|Snowscape|[upkeep]
|upkeep
|
|t:|1758260407
|switch|p2a: Scizor|Scizor, M|100/100 par
|turn|11
|
|t:|1758260410
|move|p2a: Scizor|Bullet Punch|p1a: Revavroom
|-resisted|p1a: Revavroom
|-damage|p1a: Revavroom|0 fnt
|faint|p1a: Revavroom
|
|-weather|none
|upkeep
|
|t:|1758260413
|switch|p1a: Manaphy|Manaphy, shiny|100/100
|turn|12
|
|t:|1758260425
|switch|p2a: Dragapult|Dragapult, M, tera:Ghost|100/100
|move|p1a: Manaphy|Acid Armor|p1a: Manaphy
|-boost|p1a: Manaphy|def|2
|
|upkeep
|turn|13
|
|t:|1758260432
|move|p2a: Dragapult|Tera Blast|p1a: Manaphy|[anim] Tera Blast Ghost
|-damage|p1a: Manaphy|66/100
|move|p1a: Manaphy|Acid Armor|p1a: Manaphy
|-boost|p1a: Manaphy|def|2
|
|-heal|p1a: Manaphy|72/100|[from] item: Leftovers
|upkeep
|turn|14
|
|t:|1758260439
|move|p2a: Dragapult|Tera Blast|p1a: Manaphy|[anim] Tera Blast Ghost
|-damage|p1a: Manaphy|47/100
|move|p1a: Manaphy|Take Heart|p1a: Manaphy
|-boost|p1a: Manaphy|spa|1
|-boost|p1a: Manaphy|spd|1
|
|-heal|p1a: Manaphy|53/100|[from] item: Leftovers
|upkeep
|turn|15
|
|t:|1758260442
|move|p2a: Dragapult|Tera Blast|p1a: Manaphy|[anim] Tera Blast Ghost
|-damage|p1a: Manaphy|31/100
|move|p1a: Manaphy|Take Heart|p1a: Manaphy
|-boost|p1a: Manaphy|spa|1
|-boost|p1a: Manaphy|spd|1
|
|-heal|p1a: Manaphy|37/100|[from] item: Leftovers
|upkeep
|turn|16
|
|t:|1758260444
|move|p2a: Dragapult|Tera Blast|p1a: Manaphy|[anim] Tera Blast Ghost
|-damage|p1a: Manaphy|13/100
|move|p1a: Manaphy|Stored Power|p2a: Dragapult
|-damage|p2a: Dragapult|0 fnt
|faint|p2a: Dragapult
|
|-heal|p1a: Manaphy|19/100|[from] item: Leftovers
|upkeep
|
|t:|1758260452
|switch|p2a: Primarina|Primarina, F|100/100
|turn|17
|c|☆omnomapuss|so unskilled haha
|c|☆omnomapuss|insaen
|-message|omnomapuss forfeited.
|
|win|tasty sardine 408
|raw|tasty sardine 408's rating: 1582 &rarr; <strong>1600</strong><br />(+18 for winning)
|raw|omnomapuss's rating: 1554 &rarr; <strong>1536</strong><br />(-18 for losing)
|l|☆omnomapuss
|player|p2|
|l|‽tasty sardine 408
|player|p1|
