|j|☆Hunter_of_Keys
|j|☆Wahhhh soooo good!
|t:|1758340815
|gametype|singles
|player|p1|Hunter_of_Keys|veteran|1438
|player|p2|Wahhhh soooo good!|1|1390
|gen|9
|tier|[Gen 9] OU
|rated|
|rule|HP Percentage Mod: HP is shown in percentages
|rule|Endless Battle Clause: Forcing endless battles is banned
|rule|Species Clause: Limit one of each Pokémon
|rule|OHKO Clause: OHKO moves are banned
|rule|Evasion Items Clause: Evasion items are banned
|rule|Evasion Moves Clause: Evasion moves are banned
|rule|Evasion Abilities Clause: Evasion abilities are banned
|rule|Sleep Moves Clause: Sleep-inducing moves are banned
|clearpoke
|poke|p1|Espeon, M|
|poke|p1|Indeedee, M|
|poke|p1|Armarouge, M|
|poke|p1|Gallade, M|
|poke|p1|Cresselia, F|
|poke|p1|Rabsca, M|
|poke|p2|Dragonite, M|
|poke|p2|Ursaluna, M|
|poke|p2|Slowking-Galar, M|
|poke|p2|Iron Hands|
|poke|p2|Hatterene, F|
|poke|p2|Scizor, M|
|teampreview
|inactive|Battle timer is ON: inactive players will automatically lose when time's up. (requested by Hunter_of_Keys)
|
|t:|1758340827
|teamsize|p1|6
|teamsize|p2|6
|start
|switch|p1a: Indeedee|Indeedee, M|100/100
|switch|p2a: Scizor|Scizor, M|100/100
|-fieldstart|move: Psychic Terrain|[from] ability: Psychic Surge|[of] p1a: Indeedee
|turn|1
|
|t:|1758340831
|switch|p1a: Armarouge|Armarouge, M|100/100
|move|p2a: Scizor|U-turn|p1a: Armarouge
|-damage|p1a: Armarouge|40/100
|-ability|p1a: Armarouge|Weak Armor|boost
|-unboost|p1a: Armarouge|def|1
|-boost|p1a: Armarouge|spe|2
|
|t:|1758340839
|switch|p2a: Slowking|Slowking-Galar, M|100/100|[from] U-turn
|
|upkeep
|turn|2
|
|t:|1758340843
|switch|p1a: Espeon|Espeon, M|100/100
|move|p2a: Slowking|Trick Room|p2a: Slowking
|-fieldstart|move: Trick Room|[of] p2a: Slowking
|
|upkeep
|turn|3
|
|t:|1758340849
|-prepare|p2a: Slowking|Chilly Reception|[premajor]
|move|p2a: Slowking|Chilly Reception|p2a: Slowking
|-weather|Snowscape
|
|t:|1758340858
|switch|p2a: Scizor|Scizor, M|100/100|[from] Chilly Reception
|move|p1a: Espeon|Thunder Wave|p2a: Scizor
|-status|p2a: Scizor|par
|
|-weather|Snowscape|[upkeep]
|upkeep
|turn|4
|
|t:|1758340865
|move|p2a: Scizor|U-turn|p1a: Espeon
|-supereffective|p1a: Espeon
|-damage|p1a: Espeon|0 fnt
|faint|p1a: Espeon
|
|t:|1758340869
|switch|p2a: Ursaluna|Ursaluna, M|100/100|[from] U-turn
|
|-weather|Snowscape|[upkeep]
|-status|p2a: Ursaluna|brn|[from] item: Flame Orb
|upkeep
|
|t:|1758340871
|switch|p1a: Gallade|Gallade, M|100/100
|turn|5
|
|t:|1758340880
|-terastallize|p1a: Gallade|Dark
|move|p2a: Ursaluna|Facade|p1a: Gallade
|-enditem|p1a: Gallade|Focus Sash
|-damage|p1a: Gallade|1/100
|move|p1a: Gallade|Night Slash|p2a: Ursaluna
|-damage|p2a: Ursaluna|59/100 brn
|
|-weather|Snowscape|[upkeep]
|-damage|p2a: Ursaluna|53/100 brn|[from] brn
|upkeep
|turn|6
|
|t:|1758340893
|switch|p1a: Cresselia|Cresselia, F|100/100
|move|p2a: Ursaluna|Facade|p1a: Cresselia
|-damage|p1a: Cresselia|30/100
|-damage|p2a: Ursaluna|37/100 brn|[from] item: Rocky Helmet|[of] p1a: Cresselia
|
|-weather|Snowscape|[upkeep]
|-damage|p2a: Ursaluna|31/100 brn|[from] brn
|-fieldend|move: Trick Room
|upkeep
|turn|7
|
|t:|1758340899
|switch|p2a: Scizor|Scizor, M|100/100 par
|move|p1a: Cresselia|Lunar Dance|p1a: Cresselia
|faint|p1a: Cresselia
|
|-weather|none
|upkeep
|
|t:|1758340901
|switch|p1a: Gallade|Gallade, M, tera:Dark|1/100
|-heal|p1a: Gallade|100/100|[from] move: Lunar Dance
|turn|8
|
|t:|1758340909
|move|p1a: Gallade|Sacred Sword|p2a: Scizor
|-damage|p2a: Scizor|29/100 par
|move|p2a: Scizor|U-turn|p1a: Gallade
|-supereffective|p1a: Gallade
|-damage|p1a: Gallade|0 fnt
|faint|p1a: Gallade
|
|t:|1758340916
|switch|p2a: Slowking|Slowking-Galar, M|100/100|[from] U-turn
|
|-fieldend|move: Psychic Terrain
|upkeep
|
|t:|1758340920
|switch|p1a: Rabsca|Rabsca, M|100/100
|turn|9
|
|t:|1758340923
|move|p1a: Rabsca|Revival Blessing|p1a: Rabsca
|-enditem|p1a: Rabsca|Leppa Berry|[eat]
|-activate|p1a: Rabsca|item: Leppa Berry|Revival Blessing|[consumed]
|
|t:|1758340928
|-heal|p1: Gallade|50/100|[from] move: Revival Blessing
|move|p2a: Slowking|Sludge Wave|p1a: Rabsca
|-damage|p1a: Rabsca|67/100
|
|upkeep
|turn|10
|
|t:|1758340935
|move|p1a: Rabsca|Revival Blessing|p1a: Rabsca
|
|t:|1758340938
|-heal|p1: Cresselia|50/100|[from] move: Revival Blessing
|move|p2a: Slowking|Trick Room|p2a: Slowking
|-fieldstart|move: Trick Room|[of] p2a: Slowking
|
|upkeep
|turn|11
|
|t:|1758340943
|move|p2a: Slowking|Sludge Wave|p1a: Rabsca
|-damage|p1a: Rabsca|37/100
|-status|p1a: Rabsca|psn
|-activate|p1a: Rabsca|ability: Synchronize
|-immune|p2a: Slowking
|move|p1a: Rabsca|Bug Buzz|p2a: Slowking
|-crit|p2a: Slowking
|-damage|p2a: Slowking|70/100
|
|-damage|p1a: Rabsca|25/100 psn|[from] psn
|upkeep
|turn|12
|
|t:|1758340951
|move|p2a: Slowking|Sludge Wave|p1a: Rabsca
|-damage|p1a: Rabsca|0 fnt
|faint|p1a: Rabsca
|
|upkeep
|
|t:|1758340956
|switch|p1a: Indeedee|Indeedee, M|100/100
|-fieldstart|move: Psychic Terrain|[from] ability: Psychic Surge|[of] p1a: Indeedee
|turn|13
|
|t:|1758340962
|move|p2a: Slowking|Sludge Wave|p1a: Indeedee
|-damage|p1a: Indeedee|46/100
|move|p1a: Indeedee|Shadow Ball|p2a: Slowking
|-supereffective|p2a: Slowking
|-damage|p2a: Slowking|40/100
|
|upkeep
|turn|14
|
|t:|1758340977
|switch|p1a: Cresselia|Cresselia, F|50/100
|move|p2a: Slowking|Sludge Wave|p1a: Cresselia
|-damage|p1a: Cresselia|28/100
|
|-fieldend|move: Trick Room
|upkeep
|turn|15
|
|t:|1758340981
|move|p1a: Cresselia|Lunar Dance|p1a: Cresselia
|faint|p1a: Cresselia
|-prepare|p2a: Slowking|Chilly Reception|[premajor]
|move|p2a: Slowking|Chilly Reception|p2a: Slowking
|-weather|Snowscape
|
|t:|1758340991
|switch|p2a: Hatterene|Hatterene, F|100/100|[from] Chilly Reception
|
|-weather|Snowscape|[upkeep]
|upkeep
|
|t:|1758340994
|switch|p1a: Armarouge|Armarouge, M|40/100
|-heal|p1a: Armarouge|100/100|[from] move: Lunar Dance
|turn|16
|
|t:|1758340997
|move|p1a: Armarouge|Expanding Force|p2a: Hatterene
|-resisted|p2a: Hatterene
|-damage|p2a: Hatterene|67/100
|move|p2a: Hatterene|Trick Room|p2a: Hatterene
|-fieldstart|move: Trick Room|[of] p2a: Hatterene
|
|-weather|Snowscape|[upkeep]
|-heal|p2a: Hatterene|73/100|[from] item: Leftovers
|upkeep
|turn|17
|
|t:|1758341004
|move|p2a: Hatterene|Draining Kiss|p1a: Armarouge
|-resisted|p1a: Armarouge
|-damage|p1a: Armarouge|86/100
|-heal|p2a: Hatterene|84/100|[from] drain|[of] p1a: Armarouge
|move|p1a: Armarouge|Expanding Force|p2a: Hatterene
|-resisted|p2a: Hatterene
|-crit|p2a: Hatterene
|-damage|p2a: Hatterene|31/100
|
|-weather|Snowscape|[upkeep]
|-heal|p2a: Hatterene|37/100|[from] item: Leftovers
|upkeep
|turn|18
|
|t:|1758341018
|move|p2a: Hatterene|Healing Wish|p2a: Hatterene
|faint|p2a: Hatterene
|move|p1a: Armarouge|Expanding Force|p2: Hatterene|[notarget]
|-fail|p1a: Armarouge
|
|-weather|Snowscape|[upkeep]
|upkeep
|
|t:|1758341023
|switch|p2a: Ursaluna|Ursaluna, M|31/100 brn
|-heal|p2a: Ursaluna|100/100|[from] move: Healing Wish
|turn|19
|
|t:|1758341029
|move|p1a: Armarouge|Endure|p1a: Armarouge
|-singleturn|p1a: Armarouge|move: Endure
|move|p2a: Ursaluna|Headlong Rush|p1a: Armarouge
|-supereffective|p1a: Armarouge
|-activate|p1a: Armarouge|move: Endure
|-damage|p1a: Armarouge|1/100
|-unboost|p2a: Ursaluna|def|1
|-unboost|p2a: Ursaluna|spd|1
|-ability|p1a: Armarouge|Weak Armor|boost
|-unboost|p1a: Armarouge|def|1
|-boost|p1a: Armarouge|spe|2
|-enditem|p1a: Armarouge|Weakness Policy
|-boost|p1a: Armarouge|atk|2|[from] item: Weakness Policy
|-boost|p1a: Armarouge|spa|2|[from] item: Weakness Policy
|
|-weather|none
|-status|p2a: Ursaluna|brn|[from] item: Flame Orb
|upkeep
|turn|20
|
|t:|1758341038
|move|p1a: Armarouge|Endure||[still]
|-fail|p1a: Armarouge
|move|p2a: Ursaluna|Facade|p1a: Armarouge
|-damage|p1a: Armarouge|0 fnt
|faint|p1a: Armarouge
|
|-damage|p2a: Ursaluna|94/100 brn|[from] brn
|-fieldend|move: Trick Room
|-fieldend|move: Psychic Terrain
|upkeep
|
|t:|1758341041
|switch|p1a: Indeedee|Indeedee, M|46/100
|-fieldstart|move: Psychic Terrain|[from] ability: Psychic Surge|[of] p1a: Indeedee
|turn|21
|
|t:|1758341048
|move|p1a: Indeedee|Expanding Force|p2a: Ursaluna
|-damage|p2a: Ursaluna|8/100 brn
|move|p2a: Ursaluna|Crunch|p1a: Indeedee
|-supereffective|p1a: Indeedee
|-damage|p1a: Indeedee|0 fnt
|faint|p1a: Indeedee
|
|-damage|p2a: Ursaluna|1/100 brn|[from] brn
|upkeep
|
|t:|1758341051
|switch|p1a: Gallade|Gallade, M|50/100
|turn|22
|
|t:|1758341055
|move|p1a: Gallade|Psycho Cut|p2a: Ursaluna
|-damage|p2a: Ursaluna|0 fnt
|faint|p2a: Ursaluna
|
|upkeep
|
|t:|1758341058
|switch|p2a: Scizor|Scizor, M|29/100 par
|turn|23
|
|t:|1758341060
|cant|p2a: Scizor|par
|move|p1a: Gallade|Sacred Sword|p2a: Scizor
|-damage|p2a: Scizor|0 fnt
|faint|p2a: Scizor
|
|upkeep
|
|t:|1758341068
|switch|p2a: Slowking|Slowking-Galar, M|73/100
|turn|24
|
|t:|1758341090
|move|p1a: Gallade|Night Slash|p2a: Slowking
|-supereffective|p2a: Slowking
|-enditem|p2a: Slowking|Colbur Berry|[eat]
|-enditem|p2a: Slowking|Colbur Berry|[weaken]
|-damage|p2a: Slowking|34/100
|move|p2a: Slowking|Sludge Wave|p1a: Gallade
|-damage|p1a: Gallade|7/100
|
|upkeep
|turn|25
|
|t:|1758341098
|move|p1a: Gallade|Psycho Cut|p2a: Slowking
|-damage|p2a: Slowking|0 fnt
|faint|p2a: Slowking
|
|upkeep
|
|t:|1758341107
|switch|p2a: Iron Hands|Iron Hands|100/100
|turn|26
|
|t:|1758341109
|move|p1a: Gallade|Psycho Cut|p2a: Iron Hands
|-supereffective|p2a: Iron Hands
|-damage|p2a: Iron Hands|0 fnt
|faint|p2a: Iron Hands
|-end|p2a: Iron Hands|Quark Drive|[silent]
|
|upkeep
|
|t:|1758341113
|switch|p2a: Dragonite|Dragonite, M|100/100
|turn|27
|
|t:|1758341121
|move|p1a: Gallade|Ice Punch|p2a: Dragonite
|-supereffective|p2a: Dragonite
|-damage|p2a: Dragonite|44/100
|move|p2a: Dragonite|Earthquake|p1a: Gallade
|-damage|p1a: Gallade|0 fnt
|faint|p1a: Gallade
|
|win|Wahhhh soooo good!
|raw|Hunter_of_Keys's rating: 1438 &rarr; <strong>1415</strong><br />(-23 for losing)
|raw|Wahhhh soooo good!'s rating: 1390 &rarr; <strong>1413</strong><br />(+23 for winning)
|l|☆Hunter_of_Keys
|player|p1|
|c|☆Wahhhh soooo good!|gg
|l|☆Wahhhh soooo good!
|player|p2|
