|j|☆vbfewbufi
|j|☆jumbolino
|t:|1758290331
|gametype|singles
|player|p1|vbfewbufi|170|1055
|player|p2|jumbolino|169|1097
|gen|9
|tier|[Gen 9] OU
|rated|
|rule|HP Percentage Mod: HP is shown in percentages
|rule|Endless Battle Clause: Forcing endless battles is banned
|rule|Species Clause: Limit one of each Pokémon
|rule|OHKO Clause: OHKO moves are banned
|rule|Evasion Items Clause: Evasion items are banned
|rule|Evasion Moves Clause: Evasion moves are banned
|rule|Evasion Abilities Clause: Evasion abilities are banned
|rule|Sleep Moves Clause: Sleep-inducing moves are banned
|clearpoke
|poke|p1|Golem-Alola, M|
|poke|p1|Great Tusk|
|poke|p1|Gholdengo|
|poke|p1|Rabsca, F|
|poke|p1|Weezing-Galar, F|
|poke|p1|Pawmot, F|
|poke|p2|Zapdos|
|poke|p2|Magnezone|
|poke|p2|Jolteon, F|
|poke|p2|Rotom-Wash|
|poke|p2|Vikavolt, F|
|poke|p2|Golem-Alola, M|
|teampreview
|inactive|Battle timer is ON: inactive players will automatically lose when time's up. (requested by vbfewbufi)
|
|t:|1758290344
|teamsize|p1|6
|teamsize|p2|6
|start
|switch|p1a: Great Tusk|Great Tusk|100/100
|switch|p2a: Rotom|Rotom-Wash|100/100
|-enditem|p1a: Great Tusk|Booster Energy
|-activate|p1a: Great Tusk|ability: Protosynthesis|[fromitem]
|-start|p1a: Great Tusk|protosynthesisatk
|turn|1
|
|t:|1758290354
|move|p1a: Great Tusk|Close Combat|p2a: Rotom
|-damage|p2a: Rotom|0 fnt
|-unboost|p1a: Great Tusk|def|1
|-unboost|p1a: Great Tusk|spd|1
|faint|p2a: Rotom
|
|upkeep
|
|t:|1758290362
|switch|p2a: Vikavolt|Vikavolt, F|100/100
|turn|2
|
|t:|1758290388
|move|p2a: Vikavolt|Endure|p2a: Vikavolt
|-singleturn|p2a: Vikavolt|move: Endure
|move|p1a: Great Tusk|Close Combat|p2a: Vikavolt
|-resisted|p2a: Vikavolt
|-damage|p2a: Vikavolt|57/100
|-unboost|p1a: Great Tusk|def|1
|-unboost|p1a: Great Tusk|spd|1
|
|upkeep
|turn|3
|
|t:|1758290396
|move|p1a: Great Tusk|Close Combat|p2a: Vikavolt
|-resisted|p2a: Vikavolt
|-damage|p2a: Vikavolt|16/100
|-unboost|p1a: Great Tusk|def|1
|-unboost|p1a: Great Tusk|spd|1
|move|p2a: Vikavolt|Energy Ball|p1a: Great Tusk
|-supereffective|p1a: Great Tusk
|-damage|p1a: Great Tusk|0 fnt
|faint|p1a: Great Tusk
|-end|p1a: Great Tusk|Protosynthesis|[silent]
|
|upkeep
|
|t:|1758290416
|switch|p1a: Gholdengo|Gholdengo|100/100
|turn|4
|
|t:|1758290429
|switch|p2a: Zapdos|Zapdos|100/100
|move|p1a: Gholdengo|Shadow Ball|p2a: Zapdos
|-damage|p2a: Zapdos|62/100
|
|upkeep
|turn|5
|
|t:|1758290441
|move|p2a: Zapdos|Heat Wave|p1a: Gholdengo
|-supereffective|p1a: Gholdengo
|-damage|p1a: Gholdengo|4/100
|-status|p1a: Gholdengo|brn
|move|p1a: Gholdengo|Shadow Ball|p2a: Zapdos
|-damage|p2a: Zapdos|22/100
|-unboost|p2a: Zapdos|spd|1
|
|-damage|p1a: Gholdengo|0 fnt|[from] brn
|faint|p1a: Gholdengo
|upkeep
|
|t:|1758290449
|switch|p1a: Weezing|Weezing-Galar, F|100/100
|-fieldstart|move: Misty Terrain|[from] ability: Misty Surge|[of] p1a: Weezing
|turn|6
|
|t:|1758290457
|move|p1a: Weezing|Dazzling Gleam|p2a: Zapdos
|-damage|p2a: Zapdos|0 fnt
|faint|p2a: Zapdos
|
|upkeep
|
|t:|1758290463
|switch|p2a: Vikavolt|Vikavolt, F|16/100
|turn|7
|-enditem|p2a: Vikavolt|Custap Berry|[eat]
|-activate|p2a: Vikavolt|item: Custap Berry|[consumed]
|
|t:|1758290475
|move|p2a: Vikavolt|Bug Buzz|p1a: Weezing
|-resisted|p1a: Weezing
|-damage|p1a: Weezing|75/100
|move|p1a: Weezing|Dazzling Gleam|p2a: Vikavolt
|-damage|p2a: Vikavolt|0 fnt
|faint|p2a: Vikavolt
|
|upkeep
|
|t:|1758290485
|switch|p2a: Magnezone|Magnezone|100/100
|turn|8
|
|t:|1758290492
|switch|p1a: Pawmot|Pawmot, F|100/100
|move|p2a: Magnezone|Flash Cannon|p1a: Pawmot
|-resisted|p1a: Pawmot
|-damage|p1a: Pawmot|63/100
|-unboost|p1a: Pawmot|spd|1
|
|upkeep
|turn|9
|
|t:|1758290503
|-terastallize|p2a: Magnezone|Electric
|move|p1a: Pawmot|Close Combat|p2a: Magnezone
|-damage|p2a: Magnezone|67/100
|-unboost|p1a: Pawmot|def|1
|-unboost|p1a: Pawmot|spd|1
|move|p2a: Magnezone|Flash Cannon|p1a: Pawmot
|-resisted|p1a: Pawmot
|-damage|p1a: Pawmot|0 fnt
|faint|p1a: Pawmot
|
|upkeep
|
|t:|1758290510
|switch|p1a: Rabsca|Rabsca, F|100/100
|turn|10
|
|t:|1758290518
|move|p2a: Magnezone|Flash Cannon|p1a: Rabsca
|-damage|p1a: Rabsca|71/100
|move|p1a: Rabsca|Revival Blessing|p1a: Rabsca
|-enditem|p1a: Rabsca|Leppa Berry|[eat]
|-activate|p1a: Rabsca|item: Leppa Berry|Revival Blessing|[consumed]
|
|t:|1758290523
|-heal|p1: Great Tusk|50/100|[from] move: Revival Blessing
|
|-fieldend|Misty Terrain
|upkeep
|turn|11
|
|t:|1758290530
|move|p2a: Magnezone|Flash Cannon|p1a: Rabsca
|-damage|p1a: Rabsca|41/100
|move|p1a: Rabsca|Revival Blessing|p1a: Rabsca
|
|t:|1758290533
|-heal|p1: Pawmot|50/100|[from] move: Revival Blessing
|
|upkeep
|turn|12
|
|t:|1758290541
|move|p2a: Magnezone|Steel Beam|p1a: Rabsca
|-damage|p1a: Rabsca|0 fnt
|-damage|p2a: Magnezone|17/100|[from] steelbeam
|faint|p1a: Rabsca
|
|upkeep
|
|t:|1758290560
|switch|p1a: Great Tusk|Great Tusk|50/100
|turn|13
|
|t:|1758290569
|move|p1a: Great Tusk|Headlong Rush|p2a: Magnezone
|-supereffective|p2a: Magnezone
|-damage|p2a: Magnezone|0 fnt
|-unboost|p1a: Great Tusk|def|1
|-unboost|p1a: Great Tusk|spd|1
|faint|p2a: Magnezone
|
|upkeep
|
|t:|1758290576
|switch|p2a: Jolteon|Jolteon, F|100/100
|turn|14
|
|t:|1758290582
|move|p2a: Jolteon|Alluring Voice|p1a: Great Tusk
|-supereffective|p1a: Great Tusk
|-damage|p1a: Great Tusk|0 fnt
|faint|p1a: Great Tusk
|-end|p1a: Great Tusk|Protosynthesis|[silent]
|-damage|p2a: Jolteon|91/100|[from] item: Life Orb
|
|upkeep
|
|t:|1758290595
|switch|p1a: Weezing|Weezing-Galar, F|75/100
|-fieldstart|move: Misty Terrain|[from] ability: Misty Surge|[of] p1a: Weezing
|turn|15
|
|t:|1758290601
|move|p2a: Jolteon|Thunder|p1a: Weezing
|-damage|p1a: Weezing|0 fnt
|faint|p1a: Weezing
|-damage|p2a: Jolteon|81/100|[from] item: Life Orb
|
|upkeep
|
|t:|1758290610
|switch|p1a: Golem|Golem-Alola, M|100/100
|turn|16
|
|t:|1758290614
|switch|p2a: Golem|Golem-Alola, M|100/100
|move|p1a: Golem|Earthquake|p2a: Golem
|-supereffective|p2a: Golem
|-ability|p2a: Golem|Sturdy
|-damage|p2a: Golem|1/100
|
|upkeep
|turn|17
|
|t:|1758290623
|move|p1a: Golem|Earthquake|p2a: Golem
|-supereffective|p2a: Golem
|-damage|p2a: Golem|0 fnt
|faint|p2a: Golem
|
|upkeep
|-message|jumbolino forfeited.
|
|win|vbfewbufi
|raw|vbfewbufi's rating: 1055 &rarr; <strong>1091</strong><br />(+36 for winning)
|raw|jumbolino's rating: 1097 &rarr; <strong>1069</strong><br />(-28 for losing)
|l|☆jumbolino
|player|p2|
|l|☆vbfewbufi
|player|p1|
