|j|☆alt testing 124n
|j|☆stevstacks
|t:|1758260953
|gametype|singles
|player|p1|alt testing 124n|169|1523
|player|p2|stevstacks|169|1642
|gen|9
|tier|[Gen 9] OU
|rated|
|rule|HP Percentage Mod: HP is shown in percentages
|rule|Endless Battle Clause: Forcing endless battles is banned
|rule|Species Clause: Limit one of each Pokémon
|rule|OHKO Clause: OHKO moves are banned
|rule|Evasion Items Clause: Evasion items are banned
|rule|Evasion Moves Clause: Evasion moves are banned
|rule|Evasion Abilities Clause: Evasion abilities are banned
|rule|Sleep Moves Clause: Sleep-inducing moves are banned
|clearpoke
|poke|p1|Darkrai|
|poke|p1|Empoleon, M|
|poke|p1|Great Tusk|
|poke|p1|Moltres|
|poke|p1|Hydrapple, M|
|poke|p1|Slowking-Galar, F|
|poke|p2|Corviknight, F|
|poke|p2|Walking Wake|
|poke|p2|Torkoal, M|
|poke|p2|Raging Bolt|
|poke|p2|Great Tusk|
|poke|p2|Kyurem|
|teampreview
|inactive|Battle timer is ON: inactive players will automatically lose when time's up. (requested by stevstacks)
|inactive|alt testing 124n also wants the timer to be on.
|inactive|stevstacks has 120 seconds left.
|
|t:|1758260987
|teamsize|p1|6
|teamsize|p2|6
|start
|switch|p1a: Empoleon|Empoleon, M|100/100
|switch|p2a: Walking Wake|Walking Wake|100/100
|turn|1
|
|t:|1758261005
|move|p2a: Walking Wake|Flip Turn|p1a: Empoleon
|-resisted|p1a: Empoleon
|-damage|p1a: Empoleon|92/100
|
|t:|1758261008
|-end|p2a: Walking Wake|Protosynthesis|[silent]
|switch|p2a: Corviknight|Corviknight, F|100/100|[from] Flip Turn
|-ability|p2a: Corviknight|Pressure
|move|p1a: Empoleon|Knock Off|p2a: Corviknight
|-crit|p2a: Corviknight
|-damage|p2a: Corviknight|80/100
|-enditem|p2a: Corviknight|Leftovers|[from] move: Knock Off|[of] p1a: Empoleon
|
|-heal|p1a: Empoleon|98/100|[from] item: Leftovers
|upkeep
|turn|2
|
|t:|1758261018
|move|p2a: Corviknight|U-turn|p1a: Empoleon
|-resisted|p1a: Empoleon
|-damage|p1a: Empoleon|90/100
|
|t:|1758261019
|switch|p2a: Great Tusk|Great Tusk|100/100|[from] U-turn
|move|p1a: Empoleon|Surf|p2a: Great Tusk
|-supereffective|p2a: Great Tusk
|-damage|p2a: Great Tusk|0 fnt
|faint|p2a: Great Tusk
|-end|p2a: Great Tusk|Protosynthesis|[silent]
|
|-heal|p1a: Empoleon|96/100|[from] item: Leftovers
|upkeep
|
|t:|1758261023
|switch|p2a: Kyurem|Kyurem|100/100
|-ability|p2a: Kyurem|Pressure
|turn|3
|
|t:|1758261031
|move|p2a: Kyurem|Dragon Dance|p2a: Kyurem
|-boost|p2a: Kyurem|atk|1
|-boost|p2a: Kyurem|spe|1
|move|p1a: Empoleon|Flash Cannon|p2a: Kyurem
|-supereffective|p2a: Kyurem
|-damage|p2a: Kyurem|35/100
|
|-heal|p1a: Empoleon|100/100|[from] item: Leftovers
|upkeep
|turn|4
|
|t:|1758261037
|move|p2a: Kyurem|Earth Power|p1a: Empoleon
|-supereffective|p1a: Empoleon
|-damage|p1a: Empoleon|61/100
|move|p1a: Empoleon|Flash Cannon|p2a: Kyurem
|-supereffective|p2a: Kyurem
|-damage|p2a: Kyurem|0 fnt
|faint|p2a: Kyurem
|
|-heal|p1a: Empoleon|67/100|[from] item: Leftovers
|upkeep
|
|t:|1758261041
|switch|p2a: Raging Bolt|Raging Bolt|100/100
|turn|5
|
|t:|1758261045
|-end|p2a: Raging Bolt|Protosynthesis|[silent]
|switch|p2a: Torkoal|Torkoal, M|100/100
|-weather|SunnyDay|[from] ability: Drought|[of] p2a: Torkoal
|switch|p1a: Slowking|Slowking-Galar, F|100/100
|
|-weather|SunnyDay|[upkeep]
|upkeep
|turn|6
|
|t:|1758261049
|move|p2a: Torkoal|Stealth Rock|p1a: Slowking
|-sidestart|p1: alt testing 124n|move: Stealth Rock
|move|p1a: Slowking|Future Sight|p2a: Torkoal
|-start|p1a: Slowking|move: Future Sight
|
|-weather|SunnyDay|[upkeep]
|upkeep
|turn|7
|
|t:|1758261055
|move|p2a: Torkoal|Will-O-Wisp|p1a: Slowking
|-status|p1a: Slowking|brn
|-prepare|p1a: Slowking|Chilly Reception|[premajor]
|move|p1a: Slowking|Chilly Reception|p1a: Slowking
|-weather|Snowscape
|
|t:|1758261065
|switch|p1a: Empoleon|Empoleon, M|67/100|[from] Chilly Reception
|-damage|p1a: Empoleon|61/100|[from] Stealth Rock
|
|-weather|Snowscape|[upkeep]
|-heal|p1a: Empoleon|67/100|[from] item: Leftovers
|upkeep
|turn|8
|
|t:|1758261069
|move|p1a: Empoleon|Knock Off|p2a: Torkoal
|-damage|p2a: Torkoal|88/100
|-enditem|p2a: Torkoal|Heat Rock|[from] move: Knock Off|[of] p1a: Empoleon
|move|p2a: Torkoal|Will-O-Wisp|p1a: Empoleon
|-status|p1a: Empoleon|brn
|
|-weather|Snowscape|[upkeep]
|-end|p2a: Torkoal|move: Future Sight
|-damage|p2a: Torkoal|47/100
|-heal|p1a: Empoleon|74/100 brn|[from] item: Leftovers
|-damage|p1a: Empoleon|67/100 brn|[from] brn
|upkeep
|turn|9
|
|t:|1758261078
|switch|p2a: Walking Wake|Walking Wake|100/100
|move|p1a: Empoleon|Surf|p2a: Walking Wake
|-resisted|p2a: Walking Wake
|-damage|p2a: Walking Wake|90/100
|
|-weather|Snowscape|[upkeep]
|-heal|p1a: Empoleon|74/100 brn|[from] item: Leftovers
|-damage|p1a: Empoleon|67/100 brn|[from] brn
|upkeep
|turn|10
|
|t:|1758261102
|move|p2a: Walking Wake|Flamethrower|p1a: Empoleon
|-damage|p1a: Empoleon|35/100 brn
|move|p1a: Empoleon|Roost|p1a: Empoleon
|-heal|p1a: Empoleon|85/100 brn
|-singleturn|p1a: Empoleon|move: Roost
|
|-weather|Snowscape|[upkeep]
|-heal|p1a: Empoleon|91/100 brn|[from] item: Leftovers
|-damage|p1a: Empoleon|85/100 brn|[from] brn
|upkeep
|turn|11
|
|t:|1758261109
|-end|p2a: Walking Wake|Protosynthesis|[silent]
|switch|p2a: Torkoal|Torkoal, M|47/100
|-weather|SunnyDay|[from] ability: Drought|[of] p2a: Torkoal
|move|p1a: Empoleon|Knock Off|p2a: Torkoal
|-damage|p2a: Torkoal|43/100
|
|-weather|SunnyDay|[upkeep]
|-heal|p1a: Empoleon|91/100 brn|[from] item: Leftovers
|-damage|p1a: Empoleon|85/100 brn|[from] brn
|upkeep
|turn|12
|
|t:|1758261115
|switch|p2a: Raging Bolt|Raging Bolt|100/100
|-activate|p2a: Raging Bolt|ability: Protosynthesis
|-start|p2a: Raging Bolt|protosynthesisspa
|move|p1a: Empoleon|Surf|p2a: Raging Bolt
|-resisted|p2a: Raging Bolt
|-damage|p2a: Raging Bolt|94/100
|
|-weather|SunnyDay|[upkeep]
|-heal|p1a: Empoleon|91/100 brn|[from] item: Leftovers
|-damage|p1a: Empoleon|85/100 brn|[from] brn
|upkeep
|turn|13
|
|t:|1758261118
|switch|p1a: Slowking|Slowking-Galar, F|100/100 brn
|move|p2a: Raging Bolt|Calm Mind|p2a: Raging Bolt
|-boost|p2a: Raging Bolt|spa|1
|-boost|p2a: Raging Bolt|spd|1
|
|-weather|SunnyDay|[upkeep]
|-damage|p1a: Slowking|94/100 brn|[from] brn
|upkeep
|turn|14
|
|t:|1758261124
|move|p2a: Raging Bolt|Weather Ball|p1a: Slowking
|-damage|p1a: Slowking|21/100 brn
|-prepare|p1a: Slowking|Chilly Reception|[premajor]
|move|p1a: Slowking|Chilly Reception|p1a: Slowking
|-weather|Snowscape
|-end|p2a: Raging Bolt|Protosynthesis
|
|t:|1758261127
|switch|p1a: Great Tusk|Great Tusk|100/100|[from] Chilly Reception
|
|-weather|Snowscape|[upkeep]
|upkeep
|turn|15
|
|t:|1758261134
|move|p1a: Great Tusk|Headlong Rush|p2a: Raging Bolt
|-supereffective|p2a: Raging Bolt
|-enditem|p2a: Raging Bolt|Shuca Berry|[eat]
|-enditem|p2a: Raging Bolt|Shuca Berry|[weaken]
|-damage|p2a: Raging Bolt|41/100
|-unboost|p1a: Great Tusk|def|1
|-unboost|p1a: Great Tusk|spd|1
|move|p2a: Raging Bolt|Weather Ball|p1a: Great Tusk
|-supereffective|p1a: Great Tusk
|-damage|p1a: Great Tusk|0 fnt
|faint|p1a: Great Tusk
|-end|p1a: Great Tusk|Protosynthesis|[silent]
|
|-weather|Snowscape|[upkeep]
|upkeep
|
|t:|1758261142
|switch|p1a: Darkrai|Darkrai|100/100
|-damage|p1a: Darkrai|88/100|[from] Stealth Rock
|turn|16
|
|t:|1758261145
|move|p1a: Darkrai|Ice Beam|p2a: Raging Bolt
|-supereffective|p2a: Raging Bolt
|-damage|p2a: Raging Bolt|0 fnt
|faint|p2a: Raging Bolt
|-end|p2a: Raging Bolt|Protosynthesis|[silent]
|
|-weather|Snowscape|[upkeep]
|upkeep
|-message|stevstacks forfeited.
|
|win|alt testing 124n
|raw|alt testing 124n's rating: 1523 &rarr; <strong>1550</strong><br />(+27 for winning)
|raw|stevstacks's rating: 1642 &rarr; <strong>1615</strong><br />(-27 for losing)
|l|☆stevstacks
|player|p2|
|l|☆alt testing 124n
|player|p1|
