|j|☆GodBananaBread
|j|☆RighteousHideous
|t:|1758370002
|gametype|singles
|player|p1|GodBananaBread|steven|1536
|player|p2|RighteousHideous|fisherman-gen4|1513
|gen|9
|tier|[Gen 9] OU
|rated|
|rule|HP Percentage Mod: HP is shown in percentages
|rule|Endless Battle Clause: Forcing endless battles is banned
|rule|Species Clause: Limit one of each Pokémon
|rule|OHKO Clause: OHKO moves are banned
|rule|Evasion Items Clause: Evasion items are banned
|rule|Evasion Moves Clause: Evasion moves are banned
|rule|Evasion Abilities Clause: Evasion abilities are banned
|rule|Sleep Moves Clause: Sleep-inducing moves are banned
|clearpoke
|poke|p1|Kingambit, M|
|poke|p1|Slowking-Galar, M|
|poke|p1|Samurott-Hisui, M|
|poke|p1|Raging Bolt|
|poke|p1|Great Tusk|
|poke|p1|Cinderace, M|
|poke|p2|Gholdengo|
|poke|p2|Walking Wake|
|poke|p2|Samurott-Hisui, F|
|poke|p2|Iron Treads|
|poke|p2|Sinistcha-Masterpiece|
|poke|p2|Zamazenta-*|
|teampreview
|
|t:|1758370032
|teamsize|p1|6
|teamsize|p2|6
|start
|switch|p1a: Samurott|Samurott-Hisui, M|100/100
|switch|p2a: Walking Wake|Walking Wake|100/100
|turn|1
|
|t:|1758370042
|move|p1a: Samurott|Ceaseless Edge|p2a: Walking Wake
|-damage|p2a: Walking Wake|53/100
|-sidestart|p2: RighteousHideous|Spikes
|move|p2a: Walking Wake|Draco Meteor|p1a: Samurott
|-damage|p1a: Samurott|0 fnt
|-unboost|p2a: Walking Wake|spa|2
|faint|p1a: Samurott
|
|upkeep
|inactive|Battle timer is ON: inactive players will automatically lose when time's up. (requested by RighteousHideous)
|
|t:|1758370058
|switch|p1a: Raging Bolt|Raging Bolt|100/100
|turn|2
|
|t:|1758370061
|-end|p2a: Walking Wake|Protosynthesis|[silent]
|switch|p2a: Iron Treads|Iron Treads|100/100
|move|p1a: Raging Bolt|Draco Meteor|p2a: Iron Treads
|-resisted|p2a: Iron Treads
|-damage|p2a: Iron Treads|12/100
|-unboost|p1a: Raging Bolt|spa|2
|
|upkeep
|turn|3
|
|t:|1758370068
|move|p2a: Iron Treads|Rapid Spin|p1a: Raging Bolt
|-damage|p1a: Raging Bolt|87/100
|-boost|p2a: Iron Treads|spe|1
|-sideend|p2: RighteousHideous|Spikes|[from] move: Rapid Spin|[of] p2a: Iron Treads
|move|p1a: Raging Bolt|Draco Meteor|p2a: Iron Treads
|-resisted|p2a: Iron Treads
|-damage|p2a: Iron Treads|0 fnt
|-unboost|p1a: Raging Bolt|spa|2
|faint|p2a: Iron Treads
|-end|p2a: Iron Treads|Quark Drive|[silent]
|
|upkeep
|inactive|RighteousHideous has 120 seconds left.
|
|t:|1758370109
|switch|p2a: Samurott|Samurott-Hisui, F|100/100
|turn|4
|
|t:|1758370126
|-end|p1a: Raging Bolt|Protosynthesis|[silent]
|switch|p1a: Great Tusk|Great Tusk|100/100
|-enditem|p1a: Great Tusk|Booster Energy
|-activate|p1a: Great Tusk|ability: Protosynthesis|[fromitem]
|-start|p1a: Great Tusk|protosynthesisatk
|move|p2a: Samurott|Ceaseless Edge|p1a: Great Tusk
|-resisted|p1a: Great Tusk
|-damage|p1a: Great Tusk|85/100
|-sidestart|p1: GodBananaBread|Spikes
|
|upkeep
|turn|5
|
|t:|1758370134
|switch|p2a: Sinistcha|Sinistcha-Masterpiece|100/100
|move|p1a: Great Tusk|Rapid Spin|p2a: Sinistcha
|-immune|p2a: Sinistcha
|
|upkeep
|turn|6
|
|t:|1758370152
|move|p1a: Great Tusk|Ice Spinner|p2a: Sinistcha
|-supereffective|p2a: Sinistcha
|-damage|p2a: Sinistcha|33/100
|move|p2a: Sinistcha|Calm Mind|p2a: Sinistcha
|-boost|p2a: Sinistcha|spa|1
|-boost|p2a: Sinistcha|spd|1
|
|upkeep
|turn|7
|inactive|RighteousHideous has 120 seconds left.
|
|t:|1758370168
|-terastallize|p2a: Sinistcha|Poison
|move|p1a: Great Tusk|Ice Spinner|p2a: Sinistcha
|-damage|p2a: Sinistcha|0 fnt
|faint|p2a: Sinistcha
|
|upkeep
|inactive|RighteousHideous has 120 seconds left.
|
|t:|1758370175
|switch|p2a: Walking Wake|Walking Wake|53/100
|turn|8
|j| Qiiiii
|
|t:|1758370181
|-terastallize|p1a: Great Tusk|Steel
|move|p2a: Walking Wake|Surf|p1a: Great Tusk
|-damage|p1a: Great Tusk|0 fnt
|faint|p1a: Great Tusk
|-end|p1a: Great Tusk|Protosynthesis|[silent]
|
|upkeep
|
|t:|1758370189
|switch|p1a: Raging Bolt|Raging Bolt|87/100
|-damage|p1a: Raging Bolt|75/100|[from] Spikes
|turn|9
|
|t:|1758370207
|-end|p2a: Walking Wake|Protosynthesis|[silent]
|switch|p2a: Samurott|Samurott-Hisui, F|100/100
|move|p1a: Raging Bolt|Thunderbolt|p2a: Samurott
|-supereffective|p2a: Samurott
|-damage|p2a: Samurott|0 fnt
|faint|p2a: Samurott
|
|upkeep
|
|t:|1758370217
|switch|p2a: Walking Wake|Walking Wake|53/100
|turn|10
|
|t:|1758370222
|-end|p1a: Raging Bolt|Protosynthesis|[silent]
|switch|p1a: Kingambit|Kingambit, M|100/100
|-damage|p1a: Kingambit|88/100|[from] Spikes
|-activate|p1a: Kingambit|ability: Supreme Overlord
|-start|p1a: Kingambit|fallen2|[silent]
|move|p2a: Walking Wake|Draco Meteor|p1a: Kingambit
|-resisted|p1a: Kingambit
|-damage|p1a: Kingambit|31/100
|-unboost|p2a: Walking Wake|spa|2
|
|upkeep
|turn|11
|
|t:|1758370228
|move|p2a: Walking Wake|Draco Meteor|p1a: Kingambit
|-resisted|p1a: Kingambit
|-damage|p1a: Kingambit|7/100
|-unboost|p2a: Walking Wake|spa|2
|move|p1a: Kingambit|Iron Head|p2a: Walking Wake
|-resisted|p2a: Walking Wake
|-damage|p2a: Walking Wake|14/100
|-damage|p1a: Kingambit|0 fnt|[from] item: Life Orb
|faint|p1a: Kingambit
|-end|p1a: Kingambit|fallen2|[silent]
|
|upkeep
|
|t:|1758370250
|switch|p1a: Cinderace|Cinderace, M|100/100
|-damage|p1a: Cinderace|88/100|[from] Spikes
|turn|12
|
|t:|1758370253
|-end|p2a: Walking Wake|Protosynthesis|[silent]
|switch|p2a: Zamazenta|Zamazenta|100/100
|-ability|p2a: Zamazenta|Dauntless Shield|boost
|-boost|p2a: Zamazenta|def|1
|move|p1a: Cinderace|U-turn|p2a: Zamazenta
|-start|p1a: Cinderace|typechange|Bug|[from] ability: Libero
|-resisted|p2a: Zamazenta
|-damage|p2a: Zamazenta|84/100
|
|t:|1758370257
|switch|p1a: Raging Bolt|Raging Bolt|75/100|[from] U-turn
|-damage|p1a: Raging Bolt|63/100|[from] Spikes
|
|upkeep
|turn|13
|
|t:|1758370263
|move|p2a: Zamazenta|Close Combat|p1a: Raging Bolt
|-damage|p1a: Raging Bolt|0 fnt
|-unboost|p2a: Zamazenta|def|1
|-unboost|p2a: Zamazenta|spd|1
|faint|p1a: Raging Bolt
|-end|p1a: Raging Bolt|Protosynthesis|[silent]
|-damage|p2a: Zamazenta|74/100|[from] item: Life Orb
|
|upkeep
|
|t:|1758370268
|switch|p1a: Slowking|Slowking-Galar, M|100/100
|-damage|p1a: Slowking|88/100|[from] Spikes
|turn|14
|
|t:|1758370275
|move|p2a: Zamazenta|Crunch|p1a: Slowking
|-supereffective|p1a: Slowking
|-damage|p1a: Slowking|14/100
|-damage|p2a: Zamazenta|57/100|[from] item: Rocky Helmet|[of] p1a: Slowking
|-damage|p2a: Zamazenta|48/100|[from] item: Life Orb
|move|p1a: Slowking|Chilling Water|p2a: Zamazenta
|-damage|p2a: Zamazenta|24/100
|-unboost|p2a: Zamazenta|atk|1
|
|upkeep
|turn|15
|
|t:|1758370291
|move|p2a: Zamazenta|Stone Edge|p1a: Slowking|[miss]
|-miss|p2a: Zamazenta|p1a: Slowking
|move|p1a: Slowking|Sludge Wave|p2a: Zamazenta
|-damage|p2a: Zamazenta|0 fnt
|faint|p2a: Zamazenta
|
|upkeep
|
|t:|1758370297
|switch|p2a: Walking Wake|Walking Wake|14/100
|turn|16
|
|t:|1758370300
|move|p2a: Walking Wake|Surf|p1a: Slowking
|-damage|p1a: Slowking|0 fnt
|faint|p1a: Slowking
|
|upkeep
|
|t:|1758370302
|switch|p1a: Cinderace|Cinderace, M|88/100
|-damage|p1a: Cinderace|76/100|[from] Spikes
|turn|17
|
|t:|1758370312
|move|p1a: Cinderace|Pyro Ball|p2a: Walking Wake|[miss]
|-miss|p1a: Cinderace|p2a: Walking Wake
|move|p2a: Walking Wake|Surf|p1a: Cinderace
|-supereffective|p1a: Cinderace
|-damage|p1a: Cinderace|0 fnt
|faint|p1a: Cinderace
|
|win|RighteousHideous
|raw|GodBananaBread's rating: 1536 &rarr; <strong>1515</strong><br />(-21 for losing)
|raw|RighteousHideous's rating: 1513 &rarr; <strong>1534</strong><br />(+21 for winning)
|c|☆GodBananaBread|Gg
|l|☆RighteousHideous
|player|p2|
|l|☆GodBananaBread
|player|p1|
|l| Qiiiii
