|j|☆muru drinker
|j|☆billyboy124
|t:|1758254623
|gametype|singles
|player|p1|muru drinker|linebacker|1364
|player|p2|billyboy124|psychic-gen4|1380
|gen|9
|tier|[Gen 9] OU
|rated|
|rule|HP Percentage Mod: HP is shown in percentages
|rule|Endless Battle Clause: Forcing endless battles is banned
|rule|Species Clause: Limit one of each Pokémon
|rule|OHKO Clause: OHKO moves are banned
|rule|Evasion Items Clause: Evasion items are banned
|rule|Evasion Moves Clause: Evasion moves are banned
|rule|Evasion Abilities Clause: Evasion abilities are banned
|rule|Sleep Moves Clause: Sleep-inducing moves are banned
|clearpoke
|poke|p1|Pelipper, F|
|poke|p1|Basculegion, M|
|poke|p1|Corviknight, F|
|poke|p1|Darkrai|
|poke|p1|Raging Bolt|
|poke|p1|Clodsire, M|
|poke|p2|Pelipper, M|
|poke|p2|Barraskewda, M|
|poke|p2|Zapdos|
|poke|p2|Toxicroak, F|
|poke|p2|Iron Treads|
|poke|p2|Hatterene, F|
|teampreview
|
|t:|1758254646
|teamsize|p1|6
|teamsize|p2|6
|start
|switch|p1a: Darkrai|Darkrai|100/100
|switch|p2a: Iron Treads|Iron Treads|100/100
|turn|1
|
|t:|1758254652
|switch|p1a: Pelipper|Pelipper, F|100/100
|-weather|RainDance|[from] ability: Drizzle|[of] p1a: Pelipper
|move|p2a: Iron Treads|Knock Off|p1a: Pelipper
|-damage|p1a: Pelipper|70/100
|-enditem|p1a: Pelipper|Choice Scarf|[from] move: Knock Off|[of] p2a: Iron Treads
|
|-weather|RainDance|[upkeep]
|upkeep
|turn|2
|
|t:|1758254660
|move|p2a: Iron Treads|Stealth Rock|p1a: Pelipper
|-sidestart|p1: muru drinker|move: Stealth Rock
|move|p1a: Pelipper|U-turn|p2a: Iron Treads
|-resisted|p2a: Iron Treads
|-damage|p2a: Iron Treads|96/100
|
|t:|1758254663
|switch|p1a: Corviknight|Corviknight, F, shiny|100/100|[from] U-turn
|-damage|p1a: Corviknight|88/100|[from] Stealth Rock
|
|-weather|RainDance|[upkeep]
|-heal|p2a: Iron Treads|100/100|[from] item: Leftovers
|upkeep
|turn|3
|
|t:|1758254669
|move|p2a: Iron Treads|Knock Off|p1a: Corviknight
|-damage|p1a: Corviknight|70/100
|-damage|p2a: Iron Treads|84/100|[from] item: Rocky Helmet|[of] p1a: Corviknight
|-enditem|p1a: Corviknight|Rocky Helmet|[from] move: Knock Off|[of] p2a: Iron Treads
|move|p1a: Corviknight|Defog|p2a: Iron Treads
|-unboost|p2a: Iron Treads|evasion|1
|-sideend|p1: muru drinker|Stealth Rock|[from] move: Defog|[of] p1a: Corviknight
|
|-weather|RainDance|[upkeep]
|-heal|p2a: Iron Treads|90/100|[from] item: Leftovers
|upkeep
|turn|4
|
|t:|1758254681
|-end|p2a: Iron Treads|Quark Drive|[silent]
|switch|p2a: Hatterene|Hatterene, F|100/100
|move|p1a: Corviknight|Body Press|p2a: Hatterene
|-resisted|p2a: Hatterene
|-damage|p2a: Hatterene|95/100
|-enditem|p2a: Hatterene|Eject Button
|
|t:|1758254685
|switch|p2a: Zapdos|Zapdos|100/100
|
|-weather|RainDance|[upkeep]
|upkeep
|turn|5
|
|t:|1758254689
|switch|p1a: Clodsire|Clodsire, M, shiny|100/100
|move|p2a: Zapdos|Hurricane|p1a: Clodsire
|-damage|p1a: Clodsire|56/100
|-start|p1a: Clodsire|confusion
|
|-weather|none
|-heal|p1a: Clodsire|63/100|[from] item: Leftovers
|upkeep
|turn|6
|
|t:|1758254701
|switch|p2a: Pelipper|Pelipper, M|100/100
|-weather|RainDance|[from] ability: Drizzle|[of] p2a: Pelipper
|-activate|p1a: Clodsire|confusion
|move|p1a: Clodsire|Stealth Rock|p2a: Pelipper
|-sidestart|p2: billyboy124|move: Stealth Rock
|
|-weather|RainDance|[upkeep]
|-heal|p1a: Clodsire|69/100|[from] item: Leftovers
|upkeep
|turn|7
|
|t:|1758254706
|move|p2a: Pelipper|Knock Off|p1a: Clodsire
|-damage|p1a: Clodsire|55/100
|-enditem|p1a: Clodsire|Leftovers|[from] move: Knock Off|[of] p2a: Pelipper
|-activate|p1a: Clodsire|confusion
|-damage|p1a: Clodsire|47/100|[from] confusion
|
|-weather|RainDance|[upkeep]
|upkeep
|turn|8
|
|t:|1758254714
|move|p2a: Pelipper|U-turn|p1a: Clodsire
|-resisted|p1a: Clodsire
|-damage|p1a: Clodsire|42/100
|
|t:|1758254716
|switch|p2a: Iron Treads|Iron Treads|90/100|[from] U-turn
|-damage|p2a: Iron Treads|87/100|[from] Stealth Rock
|-end|p1a: Clodsire|confusion
|move|p1a: Clodsire|Recover|p1a: Clodsire
|-heal|p1a: Clodsire|92/100
|
|-weather|RainDance|[upkeep]
|-heal|p2a: Iron Treads|93/100|[from] item: Leftovers
|upkeep
|turn|9
|
|t:|1758254728
|switch|p1a: Corviknight|Corviknight, F, shiny|70/100
|move|p2a: Iron Treads|Knock Off|p1a: Corviknight
|-damage|p1a: Corviknight|59/100
|
|-weather|RainDance|[upkeep]
|-heal|p2a: Iron Treads|99/100|[from] item: Leftovers
|upkeep
|turn|10
|
|t:|1758254732
|move|p2a: Iron Treads|Stealth Rock|p1a: Corviknight
|-sidestart|p1: muru drinker|move: Stealth Rock
|move|p1a: Corviknight|Roost|p1a: Corviknight
|-heal|p1a: Corviknight|100/100
|-singleturn|p1a: Corviknight|move: Roost
|
|-weather|RainDance|[upkeep]
|-heal|p2a: Iron Treads|100/100|[from] item: Leftovers
|upkeep
|turn|11
|
|t:|1758254734
|move|p2a: Iron Treads|Rapid Spin|p1a: Corviknight
|-resisted|p1a: Corviknight
|-damage|p1a: Corviknight|96/100
|-boost|p2a: Iron Treads|spe|1
|-sideend|p2: billyboy124|Stealth Rock|[from] move: Rapid Spin|[of] p2a: Iron Treads
|move|p1a: Corviknight|Defog|p2a: Iron Treads
|-unboost|p2a: Iron Treads|evasion|1
|-sideend|p1: muru drinker|Stealth Rock|[from] move: Defog|[of] p1a: Corviknight
|
|-weather|RainDance|[upkeep]
|upkeep
|turn|12
|
|t:|1758254737
|move|p2a: Iron Treads|Knock Off|p1a: Corviknight
|-damage|p1a: Corviknight|85/100
|move|p1a: Corviknight|Body Press|p2a: Iron Treads
|-supereffective|p2a: Iron Treads
|-damage|p2a: Iron Treads|49/100
|
|-weather|RainDance|[upkeep]
|-heal|p2a: Iron Treads|55/100|[from] item: Leftovers
|upkeep
|turn|13
|
|t:|1758254739
|-end|p2a: Iron Treads|Quark Drive|[silent]
|switch|p2a: Toxicroak|Toxicroak, F|100/100
|move|p1a: Corviknight|Body Press|p2a: Toxicroak
|-resisted|p2a: Toxicroak
|-damage|p2a: Toxicroak|87/100
|-damage|p1a: Corviknight|69/100|[from] item: Rocky Helmet|[of] p2a: Toxicroak
|
|-weather|none
|upkeep
|turn|14
|
|t:|1758254742
|move|p2a: Toxicroak|Encore|p1a: Corviknight
|-start|p1a: Corviknight|Encore
|move|p1a: Corviknight|Body Press|p2a: Toxicroak
|-resisted|p2a: Toxicroak
|-damage|p2a: Toxicroak|76/100
|-damage|p1a: Corviknight|52/100|[from] item: Rocky Helmet|[of] p2a: Toxicroak
|
|upkeep
|turn|15
|
|t:|1758254746
|switch|p1a: Pelipper|Pelipper, F|70/100
|-weather|RainDance|[from] ability: Drizzle|[of] p1a: Pelipper
|move|p2a: Toxicroak|Drain Punch|p1a: Pelipper
|-resisted|p1a: Pelipper
|-crit|p1a: Pelipper
|-damage|p1a: Pelipper|48/100
|-heal|p2a: Toxicroak|86/100|[from] drain|[of] p1a: Pelipper
|
|-weather|RainDance|[upkeep]
|-heal|p2a: Toxicroak|98/100|[from] ability: Dry Skin
|upkeep
|turn|16
|
|t:|1758254750
|switch|p1a: Basculegion|Basculegion, M|100/100
|switch|p2a: Iron Treads|Iron Treads|55/100
|
|-weather|RainDance|[upkeep]
|-heal|p2a: Iron Treads|61/100|[from] item: Leftovers
|upkeep
|turn|17
|
|t:|1758254753
|-end|p2a: Iron Treads|Quark Drive|[silent]
|switch|p2a: Toxicroak|Toxicroak, F|98/100
|move|p1a: Basculegion|Flip Turn|p2a: Toxicroak
|-heal|p2a: Toxicroak|100/100|[from] ability: Dry Skin|[of] p1a: Basculegion
|
|-weather|RainDance|[upkeep]
|upkeep
|turn|18
|
|t:|1758254759
|move|p1a: Basculegion|Psychic Fangs|p2a: Toxicroak
|-supereffective|p2a: Toxicroak
|-damage|p2a: Toxicroak|0 fnt
|-damage|p1a: Basculegion|84/100|[from] item: Rocky Helmet|[of] p2a: Toxicroak
|faint|p2a: Toxicroak
|-damage|p1a: Basculegion|74/100|[from] item: Life Orb
|
|-weather|RainDance|[upkeep]
|upkeep
|
|t:|1758254761
|switch|p2a: Barraskewda|Barraskewda, M|100/100
|turn|19
|
|t:|1758254769
|switch|p1a: Clodsire|Clodsire, M, shiny|92/100
|move|p2a: Barraskewda|Flip Turn|p1a: Clodsire
|-heal|p1a: Clodsire|100/100|[from] ability: Water Absorb|[of] p2a: Barraskewda
|
|-weather|none
|upkeep
|turn|20
|
|t:|1758254777
|switch|p2a: Hatterene|Hatterene, F|95/100
|move|p1a: Clodsire|Toxic|p2a: Hatterene
|move|p2a: Hatterene|Toxic|p1a: Clodsire|[from] ability: Magic Bounce
|-immune|p1a: Clodsire
|
|upkeep
|turn|21
|
|t:|1758254780
|move|p2a: Hatterene|Psychic Noise|p1a: Clodsire
|-supereffective|p1a: Clodsire
|-damage|p1a: Clodsire|66/100
|-start|p1a: Clodsire|move: Heal Block
|move|p1a: Clodsire|Earthquake|p2a: Hatterene
|-damage|p2a: Hatterene|71/100
|
|upkeep
|turn|22
|
|t:|1758254787
|switch|p1a: Darkrai|Darkrai|100/100
|move|p2a: Hatterene|Psychic Noise|p1a: Darkrai
|-immune|p1a: Darkrai
|
|upkeep
|turn|23
|
|t:|1758254794
|switch|p2a: Iron Treads|Iron Treads|61/100
|move|p1a: Darkrai|Sludge Bomb|p2a: Iron Treads
|-immune|p2a: Iron Treads
|
|-heal|p2a: Iron Treads|67/100|[from] item: Leftovers
|upkeep
|turn|24
|
|t:|1758254802
|switch|p1a: Corviknight|Corviknight, F, shiny|52/100
|move|p2a: Iron Treads|Stealth Rock|p1a: Corviknight
|-sidestart|p1: muru drinker|move: Stealth Rock
|
|-heal|p2a: Iron Treads|74/100|[from] item: Leftovers
|upkeep
|turn|25
|
|t:|1758254808
|-end|p2a: Iron Treads|Quark Drive|[silent]
|switch|p2a: Barraskewda|Barraskewda, M|100/100
|move|p1a: Corviknight|Roost|p1a: Corviknight
|-heal|p1a: Corviknight|100/100
|-singleturn|p1a: Corviknight|move: Roost
|
|upkeep
|turn|26
|
|t:|1758254810
|move|p2a: Barraskewda|Flip Turn|p1a: Corviknight
|-damage|p1a: Corviknight|69/100
|
|t:|1758254812
|switch|p2a: Pelipper|Pelipper, M|100/100|[from] Flip Turn
|-weather|RainDance|[from] ability: Drizzle|[of] p2a: Pelipper
|move|p1a: Corviknight|Iron Defense|p1a: Corviknight
|-boost|p1a: Corviknight|def|2
|
|-weather|RainDance|[upkeep]
|upkeep
|turn|27
|
|t:|1758254815
|move|p1a: Corviknight|Defog|p2a: Pelipper
|-unboost|p2a: Pelipper|evasion|1
|-sideend|p1: muru drinker|Stealth Rock|[from] move: Defog|[of] p1a: Corviknight
|move|p2a: Pelipper|U-turn|p1a: Corviknight
|-resisted|p1a: Corviknight
|-damage|p1a: Corviknight|68/100
|
|t:|1758254817
|switch|p2a: Zapdos|Zapdos|100/100|[from] U-turn
|
|-weather|RainDance|[upkeep]
|upkeep
|turn|28
|
|t:|1758254820
|switch|p1a: Clodsire|Clodsire, M, shiny|66/100
|-terastallize|p2a: Zapdos|Flying
|move|p2a: Zapdos|Hurricane|p1a: Clodsire
|-damage|p1a: Clodsire|9/100
|-start|p1a: Clodsire|confusion
|
|-weather|RainDance|[upkeep]
|upkeep
|turn|29
|
|t:|1758254822
|move|p2a: Zapdos|Hurricane|p1a: Clodsire
|-damage|p1a: Clodsire|0 fnt
|faint|p1a: Clodsire
|
|-weather|RainDance|[upkeep]
|upkeep
|
|t:|1758254825
|switch|p1a: Raging Bolt|Raging Bolt|100/100
|turn|30
|
|t:|1758254827
|switch|p2a: Iron Treads|Iron Treads|74/100
|move|p1a: Raging Bolt|Thunder|p2a: Iron Treads
|-immune|p2a: Iron Treads
|
|-weather|RainDance|[upkeep]
|-heal|p2a: Iron Treads|80/100|[from] item: Leftovers
|upkeep
|turn|31
|
|t:|1758254836
|-end|p1a: Raging Bolt|Protosynthesis|[silent]
|switch|p1a: Basculegion|Basculegion, M|74/100
|move|p2a: Iron Treads|Stealth Rock|p1a: Basculegion
|-sidestart|p1: muru drinker|move: Stealth Rock
|
|-weather|RainDance|[upkeep]
|-heal|p2a: Iron Treads|86/100|[from] item: Leftovers
|upkeep
|turn|32
|
|t:|1758254840
|-end|p2a: Iron Treads|Quark Drive|[silent]
|switch|p2a: Hatterene|Hatterene, F|71/100
|move|p1a: Basculegion|Flip Turn|p2a: Hatterene
|-damage|p2a: Hatterene|23/100
|-damage|p1a: Basculegion|64/100|[from] item: Life Orb
|
|t:|1758254851
|switch|p1a: Raging Bolt|Raging Bolt|100/100|[from] Flip Turn
|-damage|p1a: Raging Bolt|88/100|[from] Stealth Rock
|
|-weather|RainDance|[upkeep]
|upkeep
|turn|33
|
|t:|1758254854
|switch|p2a: Iron Treads|Iron Treads|86/100
|move|p1a: Raging Bolt|Draco Meteor|p2a: Iron Treads
|-resisted|p2a: Iron Treads
|-damage|p2a: Iron Treads|44/100
|-unboost|p1a: Raging Bolt|spa|2
|
|-weather|none
|-heal|p2a: Iron Treads|50/100|[from] item: Leftovers
|upkeep
|turn|34
|
|t:|1758254861
|-end|p1a: Raging Bolt|Protosynthesis|[silent]
|switch|p1a: Corviknight|Corviknight, F, shiny|68/100
|-damage|p1a: Corviknight|56/100|[from] Stealth Rock
|move|p2a: Iron Treads|Knock Off|p1a: Corviknight
|-damage|p1a: Corviknight|45/100
|
|-heal|p2a: Iron Treads|57/100|[from] item: Leftovers
|upkeep
|turn|35
|
|t:|1758254864
|-end|p2a: Iron Treads|Quark Drive|[silent]
|switch|p2a: Zapdos|Zapdos, tera:Flying|100/100
|move|p1a: Corviknight|Defog|p2a: Zapdos
|-unboost|p2a: Zapdos|evasion|1
|-sideend|p1: muru drinker|Stealth Rock|[from] move: Defog|[of] p1a: Corviknight
|
|upkeep
|turn|36
|
|t:|1758254868
|switch|p1a: Raging Bolt|Raging Bolt|88/100
|move|p2a: Zapdos|Volt Switch|p1a: Raging Bolt
|-resisted|p1a: Raging Bolt
|-damage|p1a: Raging Bolt|82/100
|
|t:|1758254871
|switch|p2a: Iron Treads|Iron Treads|57/100|[from] Volt Switch
|
|-heal|p2a: Iron Treads|63/100|[from] item: Leftovers
|upkeep
|turn|37
|
|t:|1758254877
|-end|p1a: Raging Bolt|Protosynthesis|[silent]
|switch|p1a: Pelipper|Pelipper, F|48/100
|-weather|RainDance|[from] ability: Drizzle|[of] p1a: Pelipper
|move|p2a: Iron Treads|Earthquake|p1a: Pelipper
|-immune|p1a: Pelipper
|
|-weather|RainDance|[upkeep]
|-heal|p2a: Iron Treads|69/100|[from] item: Leftovers
|upkeep
|turn|38
|
|t:|1758254881
|-end|p2a: Iron Treads|Quark Drive|[silent]
|switch|p2a: Zapdos|Zapdos, tera:Flying|100/100
|move|p1a: Pelipper|Knock Off|p2a: Zapdos
|-damage|p2a: Zapdos|84/100
|-enditem|p2a: Zapdos|Choice Specs|[from] move: Knock Off|[of] p1a: Pelipper
|
|-weather|RainDance|[upkeep]
|upkeep
|turn|39
|
|t:|1758254891
|switch|p1a: Raging Bolt|Raging Bolt|82/100
|move|p2a: Zapdos|Volt Switch|p1a: Raging Bolt
|-resisted|p1a: Raging Bolt
|-damage|p1a: Raging Bolt|78/100
|
|t:|1758254893
|switch|p2a: Iron Treads|Iron Treads|69/100|[from] Volt Switch
|
|-weather|RainDance|[upkeep]
|-heal|p2a: Iron Treads|75/100|[from] item: Leftovers
|upkeep
|turn|40
|
|t:|1758254897
|-end|p1a: Raging Bolt|Protosynthesis|[silent]
|switch|p1a: Pelipper|Pelipper, F|48/100
|move|p2a: Iron Treads|Stealth Rock|p1a: Pelipper
|-sidestart|p1: muru drinker|move: Stealth Rock
|
|-weather|RainDance|[upkeep]
|-heal|p2a: Iron Treads|81/100|[from] item: Leftovers
|upkeep
|turn|41
|
|t:|1758254903
|-end|p2a: Iron Treads|Quark Drive|[silent]
|switch|p2a: Hatterene|Hatterene, F|23/100
|move|p1a: Pelipper|Hydro Pump|p2a: Hatterene
|-damage|p2a: Hatterene|0 fnt
|faint|p2a: Hatterene
|
|-weather|none
|upkeep
|
|t:|1758254906
|switch|p2a: Barraskewda|Barraskewda, M|100/100
|turn|42
|
|t:|1758254912
|switch|p1a: Raging Bolt|Raging Bolt|78/100
|-damage|p1a: Raging Bolt|66/100|[from] Stealth Rock
|move|p2a: Barraskewda|Flip Turn|p1a: Raging Bolt
|-resisted|p1a: Raging Bolt
|-damage|p1a: Raging Bolt|44/100
|
|t:|1758254915
|switch|p2a: Iron Treads|Iron Treads|81/100|[from] Flip Turn
|
|-heal|p2a: Iron Treads|88/100|[from] item: Leftovers
|upkeep
|turn|43
|
|t:|1758254918
|-end|p1a: Raging Bolt|Protosynthesis|[silent]
|switch|p1a: Corviknight|Corviknight, F, shiny|45/100
|-damage|p1a: Corviknight|33/100|[from] Stealth Rock
|move|p2a: Iron Treads|Knock Off|p1a: Corviknight
|-damage|p1a: Corviknight|22/100
|
|-heal|p2a: Iron Treads|94/100|[from] item: Leftovers
|upkeep
|turn|44
|
|t:|1758254925
|move|p2a: Iron Treads|Knock Off|p1a: Corviknight
|-damage|p1a: Corviknight|10/100
|move|p1a: Corviknight|Defog|p2a: Iron Treads
|-unboost|p2a: Iron Treads|evasion|1
|-sideend|p1: muru drinker|Stealth Rock|[from] move: Defog|[of] p1a: Corviknight
|
|-heal|p2a: Iron Treads|99/100|[from] item: Leftovers
|upkeep
|turn|45
|
|t:|1758254929
|switch|p1a: Pelipper|Pelipper, F|48/100
|-weather|RainDance|[from] ability: Drizzle|[of] p1a: Pelipper
|move|p2a: Iron Treads|Knock Off|p1a: Pelipper
|-damage|p1a: Pelipper|27/100
|
|-weather|RainDance|[upkeep]
|-heal|p2a: Iron Treads|100/100|[from] item: Leftovers
|upkeep
|turn|46
|
|t:|1758254935
|move|p2a: Iron Treads|Stealth Rock|p1a: Pelipper
|-sidestart|p1: muru drinker|move: Stealth Rock
|move|p1a: Pelipper|Hydro Pump|p2a: Iron Treads
|-supereffective|p2a: Iron Treads
|-damage|p2a: Iron Treads|0 fnt
|faint|p2a: Iron Treads
|-end|p2a: Iron Treads|Quark Drive|[silent]
|
|-weather|RainDance|[upkeep]
|upkeep
|
|t:|1758254937
|switch|p2a: Barraskewda|Barraskewda, M|100/100
|turn|47
|
|t:|1758254942
|move|p2a: Barraskewda|Flip Turn|p1a: Pelipper
|-resisted|p1a: Pelipper
|-damage|p1a: Pelipper|0 fnt
|faint|p1a: Pelipper
|
|t:|1758254944
|switch|p2a: Pelipper|Pelipper, M|100/100|[from] Flip Turn
|
|-weather|RainDance|[upkeep]
|upkeep
|
|t:|1758254948
|switch|p1a: Raging Bolt|Raging Bolt|44/100
|-damage|p1a: Raging Bolt|32/100|[from] Stealth Rock
|turn|48
|
|t:|1758254955
|move|p1a: Raging Bolt|Thunderclap|p2a: Pelipper
|-supereffective|p2a: Pelipper
|-damage|p2a: Pelipper|0 fnt
|faint|p2a: Pelipper
|
|-weather|RainDance|[upkeep]
|upkeep
|
|t:|1758254958
|switch|p2a: Barraskewda|Barraskewda, M|100/100
|turn|49
|
|t:|1758254960
|-terastallize|p1a: Raging Bolt|Electric
|move|p2a: Barraskewda|Aqua Jet|p1a: Raging Bolt
|-damage|p1a: Raging Bolt|0 fnt
|faint|p1a: Raging Bolt
|-end|p1a: Raging Bolt|Protosynthesis|[silent]
|
|-weather|none
|upkeep
|
|t:|1758254964
|switch|p1a: Basculegion|Basculegion, M|64/100
|-damage|p1a: Basculegion|52/100|[from] Stealth Rock
|turn|50
|
|t:|1758254973
|switch|p2a: Zapdos|Zapdos, tera:Flying|84/100
|move|p1a: Basculegion|Wave Crash|p2a: Zapdos
|-damage|p2a: Zapdos|0 fnt
|-status|p1a: Basculegion|par|[from] ability: Static|[of] p2a: Zapdos
|faint|p2a: Zapdos
|-damage|p1a: Basculegion|29/100 par|[from] Recoil
|-damage|p1a: Basculegion|19/100 par|[from] item: Life Orb
|
|upkeep
|
|t:|1758254975
|switch|p2a: Barraskewda|Barraskewda, M|100/100
|turn|51
|
|t:|1758254982
|move|p2a: Barraskewda|Liquidation|p1a: Basculegion
|-resisted|p1a: Basculegion
|-damage|p1a: Basculegion|0 fnt
|faint|p1a: Basculegion
|
|upkeep
|
|t:|1758254985
|switch|p1a: Darkrai|Darkrai|100/100
|-damage|p1a: Darkrai|88/100|[from] Stealth Rock
|turn|52
|
|t:|1758254991
|move|p1a: Darkrai|Dark Pulse|p2a: Barraskewda
|-damage|p2a: Barraskewda|0 fnt
|faint|p2a: Barraskewda
|
|win|muru drinker
|raw|muru drinker's rating: 1364 &rarr; <strong>1385</strong><br />(+21 for winning)
|raw|billyboy124's rating: 1380 &rarr; <strong>1359</strong><br />(-21 for losing)
|l|☆billyboy124
|player|p2|
|l|☆muru drinker
|player|p1|
