|j|☆Avl2121
|j|☆Reginald Chaos
|t:|1758341700
|gametype|singles
|player|p1|Avl2121|dragontamer|1213
|player|p2|Reginald Chaos|170|1275
|gen|9
|tier|[Gen 9] OU
|rated|
|rule|HP Percentage Mod: HP is shown in percentages
|rule|Endless Battle Clause: Forcing endless battles is banned
|rule|Species Clause: Limit one of each Pokémon
|rule|OHKO Clause: OHKO moves are banned
|rule|Evasion Items Clause: Evasion items are banned
|rule|Evasion Moves Clause: Evasion moves are banned
|rule|Evasion Abilities Clause: Evasion abilities are banned
|rule|Sleep Moves Clause: Sleep-inducing moves are banned
|clearpoke
|poke|p1|Sinistcha-Masterpiece|
|poke|p1|Blaziken, F|
|poke|p1|Garganacl, M|
|poke|p1|Garchomp, F|
|poke|p1|Dragapult, M|
|poke|p1|Morpeko, M|
|poke|p2|Pelipper, F|
|poke|p2|Beartic, M|
|poke|p2|Barraskewda, M|
|poke|p2|Ogerpon-Wellspring, F|
|poke|p2|Zapdos|
|poke|p2|Hatterene, F|
|teampreview
|inactive|Battle timer is ON: inactive players will automatically lose when time's up. (requested by Reginald Chaos)
|
|t:|1758341710
|teamsize|p1|6
|teamsize|p2|6
|start
|switch|p1a: Morpeko|Morpeko, M|100/100
|switch|p2a: Pelipper|Pelipper, F|100/100
|-weather|RainDance|[from] ability: Drizzle|[of] p2a: Pelipper
|turn|1
|
|t:|1758341726
|switch|p2a: Hatterene|Hatterene, F|100/100
|move|p1a: Morpeko|Knock Off|p2a: Hatterene
|-damage|p2a: Hatterene|58/100
|-enditem|p2a: Hatterene|Eject Button|[from] move: Knock Off|[of] p1a: Morpeko
|
|-weather|RainDance|[upkeep]
|-formechange|p1a: Morpeko|Morpeko-Hangry||[from] ability: Hunger Switch
|upkeep
|turn|2
|
|t:|1758341732
|move|p1a: Morpeko|Aura Wheel|p2a: Hatterene
|-damage|p2a: Hatterene|15/100
|-boost|p1a: Morpeko|spe|1
|move|p2a: Hatterene|Draining Kiss|p1a: Morpeko
|-supereffective|p1a: Morpeko
|-damage|p1a: Morpeko|0 fnt
|-heal|p2a: Hatterene|91/100|[from] drain|[of] p1a: Morpeko
|faint|p1a: Morpeko
|
|-weather|RainDance|[upkeep]
|upkeep
|
|t:|1758341747
|switch|p1a: Garganacl|Garganacl, M|100/100
|turn|3
|
|t:|1758341755
|move|p1a: Garganacl|Salt Cure|p2a: Hatterene
|-damage|p2a: Hatterene|77/100
|-start|p2a: Hatterene|Salt Cure
|move|p2a: Hatterene|Psychic Noise|p1a: Garganacl
|-damage|p1a: Garganacl|66/100
|-start|p1a: Garganacl|move: Heal Block
|
|-weather|RainDance|[upkeep]
|-damage|p2a: Hatterene|64/100|[from] Salt Cure
|upkeep
|turn|4
|
|t:|1758341764
|switch|p2a: Beartic|Beartic, M|100/100
|move|p1a: Garganacl|Salt Cure|p2a: Beartic
|-supereffective|p2a: Beartic
|-damage|p2a: Beartic|69/100
|-start|p2a: Beartic|Salt Cure
|
|-weather|RainDance|[upkeep]
|-damage|p2a: Beartic|57/100|[from] Salt Cure
|-end|p1a: Garganacl|move: Heal Block
|upkeep
|turn|5
|
|t:|1758341783
|switch|p2a: Hatterene|Hatterene, F|64/100
|move|p1a: Garganacl|Protect||[still]
|-fail|p1a: Garganacl
|
|-weather|RainDance|[upkeep]
|-heal|p1a: Garganacl|73/100|[from] item: Leftovers
|upkeep
|turn|6
|
|t:|1758341790
|move|p1a: Garganacl|Salt Cure|p2a: Hatterene
|-damage|p2a: Hatterene|50/100
|-start|p2a: Hatterene|Salt Cure
|move|p2a: Hatterene|Psychic Noise|p1a: Garganacl
|-damage|p1a: Garganacl|38/100
|-start|p1a: Garganacl|move: Heal Block
|
|-weather|RainDance|[upkeep]
|-damage|p2a: Hatterene|38/100|[from] Salt Cure
|upkeep
|turn|7
|
|t:|1758341796
|move|p1a: Garganacl|Protect|p1a: Garganacl
|-singleturn|p1a: Garganacl|Protect
|move|p2a: Hatterene|Draining Kiss|p1a: Garganacl
|-activate|p1a: Garganacl|move: Protect
|
|-weather|RainDance|[upkeep]
|-damage|p2a: Hatterene|26/100|[from] Salt Cure
|-end|p1a: Garganacl|move: Heal Block
|upkeep
|turn|8
|
|t:|1758341802
|move|p1a: Garganacl|Salt Cure|p2a: Hatterene
|-damage|p2a: Hatterene|12/100
|move|p2a: Hatterene|Draining Kiss|p1a: Garganacl
|-damage|p1a: Garganacl|17/100
|-heal|p2a: Hatterene|37/100|[from] drain|[of] p1a: Garganacl
|
|-weather|none
|-heal|p1a: Garganacl|23/100|[from] item: Leftovers
|-damage|p2a: Hatterene|25/100|[from] Salt Cure
|upkeep
|turn|9
|
|t:|1758341820
|switch|p2a: Beartic|Beartic, M|57/100
|move|p1a: Garganacl|Protect||[still]
|-fail|p1a: Garganacl
|
|-heal|p1a: Garganacl|29/100|[from] item: Leftovers
|upkeep
|turn|10
|
|t:|1758341827
|move|p1a: Garganacl|Protect|p1a: Garganacl
|-singleturn|p1a: Garganacl|Protect
|move|p2a: Beartic|Earthquake|p1a: Garganacl
|-activate|p1a: Garganacl|move: Protect
|
|-heal|p1a: Garganacl|35/100|[from] item: Leftovers
|upkeep
|turn|11
|
|t:|1758341837
|switch|p1a: Sinistcha|Sinistcha-Masterpiece|100/100
|move|p2a: Beartic|Earthquake|p1a: Sinistcha
|-resisted|p1a: Sinistcha
|-damage|p1a: Sinistcha|83/100
|
|upkeep
|turn|12
|
|t:|1758341842
|move|p2a: Beartic|Icicle Spear|p1a: Sinistcha
|-supereffective|p1a: Sinistcha
|-damage|p1a: Sinistcha|57/100
|-supereffective|p1a: Sinistcha
|-damage|p1a: Sinistcha|31/100
|-supereffective|p1a: Sinistcha
|-damage|p1a: Sinistcha|2/100
|-supereffective|p1a: Sinistcha
|-damage|p1a: Sinistcha|0 fnt
|faint|p1a: Sinistcha
|-hitcount|p1: Sinistcha|4
|
|upkeep
|
|t:|1758341847
|switch|p1a: Dragapult|Dragapult, M|100/100
|turn|13
|
|t:|1758341851
|switch|p2a: Hatterene|Hatterene, F|25/100
|move|p1a: Dragapult|Will-O-Wisp|p2a: Hatterene
|move|p2a: Hatterene|Will-O-Wisp|p1a: Dragapult|[from] ability: Magic Bounce
|-status|p1a: Dragapult|brn
|
|-damage|p1a: Dragapult|94/100 brn|[from] brn
|upkeep
|turn|14
|
|t:|1758341858
|switch|p2a: Pelipper|Pelipper, F|100/100
|-weather|RainDance|[from] ability: Drizzle|[of] p2a: Pelipper
|move|p1a: Dragapult|Hex|p2a: Pelipper
|-damage|p2a: Pelipper|66/100
|
|-weather|RainDance|[upkeep]
|-damage|p1a: Dragapult|88/100 brn|[from] brn
|upkeep
|turn|15
|
|t:|1758341862
|move|p1a: Dragapult|Thunder Wave|p2a: Pelipper
|-status|p2a: Pelipper|par
|move|p2a: Pelipper|U-turn|p1a: Dragapult
|-resisted|p1a: Dragapult
|-damage|p1a: Dragapult|83/100 brn
|
|t:|1758341866
|switch|p2a: Beartic|Beartic, M|57/100|[from] U-turn
|
|-weather|RainDance|[upkeep]
|-damage|p1a: Dragapult|77/100 brn|[from] brn
|upkeep
|turn|16
|
|t:|1758341873
|move|p1a: Dragapult|Will-O-Wisp|p2a: Beartic
|-status|p2a: Beartic|brn
|move|p2a: Beartic|Icicle Spear|p1a: Dragapult
|-supereffective|p1a: Dragapult
|-damage|p1a: Dragapult|60/100 brn
|-supereffective|p1a: Dragapult
|-crit|p1a: Dragapult
|-damage|p1a: Dragapult|34/100 brn
|-supereffective|p1a: Dragapult
|-damage|p1a: Dragapult|19/100 brn
|-supereffective|p1a: Dragapult
|-damage|p1a: Dragapult|3/100 brn
|-supereffective|p1a: Dragapult
|-damage|p1a: Dragapult|0 fnt
|faint|p1a: Dragapult
|-hitcount|p1: Dragapult|5
|
|-weather|RainDance|[upkeep]
|-damage|p2a: Beartic|51/100 brn|[from] brn
|upkeep
|
|t:|1758341879
|switch|p1a: Blaziken|Blaziken, F|100/100
|turn|17
|
|t:|1758341885
|move|p1a: Blaziken|Protect|p1a: Blaziken
|-singleturn|p1a: Blaziken|Protect
|move|p2a: Beartic|Earthquake|p1a: Blaziken
|-activate|p1a: Blaziken|move: Protect
|
|-weather|RainDance|[upkeep]
|-damage|p2a: Beartic|45/100 brn|[from] brn
|-ability|p1a: Blaziken|Speed Boost|boost
|-boost|p1a: Blaziken|spe|1
|upkeep
|turn|18
|
|t:|1758341891
|-terastallize|p1a: Blaziken|Grass
|move|p1a: Blaziken|Swords Dance|p1a: Blaziken
|-boost|p1a: Blaziken|atk|2
|move|p2a: Beartic|Earthquake|p1a: Blaziken
|-resisted|p1a: Blaziken
|-damage|p1a: Blaziken|87/100
|
|-weather|RainDance|[upkeep]
|-heal|p1a: Blaziken|93/100|[from] item: Leftovers
|-damage|p2a: Beartic|39/100 brn|[from] brn
|-ability|p1a: Blaziken|Speed Boost|boost
|-boost|p1a: Blaziken|spe|1
|upkeep
|turn|19
|
|t:|1758341897
|move|p1a: Blaziken|Protect|p1a: Blaziken
|-singleturn|p1a: Blaziken|Protect
|move|p2a: Beartic|Icicle Spear|p1a: Blaziken
|-activate|p1a: Blaziken|move: Protect
|
|-weather|RainDance|[upkeep]
|-heal|p1a: Blaziken|99/100|[from] item: Leftovers
|-damage|p2a: Beartic|33/100 brn|[from] brn
|-ability|p1a: Blaziken|Speed Boost|boost
|-boost|p1a: Blaziken|spe|1
|upkeep
|turn|20
|
|t:|1758341902
|move|p1a: Blaziken|Close Combat|p2a: Beartic
|-supereffective|p2a: Beartic
|-damage|p2a: Beartic|0 fnt
|-unboost|p1a: Blaziken|def|1
|-unboost|p1a: Blaziken|spd|1
|faint|p2a: Beartic
|
|-weather|RainDance|[upkeep]
|-heal|p1a: Blaziken|100/100|[from] item: Leftovers
|-ability|p1a: Blaziken|Speed Boost|boost
|-boost|p1a: Blaziken|spe|1
|upkeep
|
|t:|1758341908
|switch|p2a: Zapdos|Zapdos|100/100
|turn|21
|
|t:|1758341911
|move|p1a: Blaziken|Protect|p1a: Blaziken
|-singleturn|p1a: Blaziken|Protect
|move|p2a: Zapdos|Hurricane|p1a: Blaziken
|-activate|p1a: Blaziken|move: Protect
|
|-weather|none
|-ability|p1a: Blaziken|Speed Boost|boost
|-boost|p1a: Blaziken|spe|1
|upkeep
|turn|22
|
|t:|1758341914
|move|p1a: Blaziken|Flare Blitz|p2a: Zapdos
|-damage|p2a: Zapdos|0 fnt
|-status|p1a: Blaziken|par|[from] ability: Static|[of] p2a: Zapdos
|faint|p2a: Zapdos
|-damage|p1a: Blaziken|65/100 par|[from] Recoil
|
|-heal|p1a: Blaziken|71/100 par|[from] item: Leftovers
|-ability|p1a: Blaziken|Speed Boost|boost
|-boost|p1a: Blaziken|spe|1
|upkeep
|
|t:|1758341919
|switch|p2a: Pelipper|Pelipper, F|66/100 par
|-weather|RainDance|[from] ability: Drizzle|[of] p2a: Pelipper
|turn|23
|
|t:|1758341925
|move|p1a: Blaziken|Protect|p1a: Blaziken
|-singleturn|p1a: Blaziken|Protect
|move|p2a: Pelipper|Surf|p1a: Blaziken
|-activate|p1a: Blaziken|move: Protect
|
|-weather|RainDance|[upkeep]
|-heal|p1a: Blaziken|77/100 par|[from] item: Leftovers
|upkeep
|turn|24
|
|t:|1758341932
|move|p1a: Blaziken|Flare Blitz|p2a: Pelipper
|-resisted|p2a: Pelipper
|-damage|p2a: Pelipper|42/100 par
|-damage|p1a: Blaziken|69/100 par|[from] Recoil
|move|p2a: Pelipper|Hurricane|p1a: Blaziken
|-supereffective|p1a: Blaziken
|-damage|p1a: Blaziken|0 fnt
|faint|p1a: Blaziken
|
|-weather|RainDance|[upkeep]
|upkeep
|
|t:|1758341936
|switch|p1a: Something|Garchomp, F|100/100
|turn|25
|
|t:|1758341941
|move|p1a: Something|Scale Shot|p2a: Pelipper
|-damage|p2a: Pelipper|31/100 par
|-damage|p2a: Pelipper|22/100 par
|-damage|p2a: Pelipper|12/100 par
|-hitcount|p2a: Pelipper|3
|-unboost|p1a: Something|def|1
|-boost|p1a: Something|spe|1
|cant|p2a: Pelipper|par
|
|-weather|RainDance|[upkeep]
|upkeep
|turn|26
|
|t:|1758341948
|move|p1a: Something|Swords Dance|p1a: Something
|-boost|p1a: Something|atk|2
|cant|p2a: Pelipper|par
|
|-weather|RainDance|[upkeep]
|upkeep
|turn|27
|
|t:|1758341951
|move|p1a: Something|Scale Shot|p2a: Pelipper
|-damage|p2a: Pelipper|0 fnt
|faint|p2a: Pelipper
|-hitcount|p2: Pelipper|1
|-unboost|p1a: Something|def|1
|-boost|p1a: Something|spe|1
|
|-weather|RainDance|[upkeep]
|upkeep
|
|t:|1758341954
|switch|p2a: Barraskewda|Barraskewda, M|100/100
|turn|28
|
|t:|1758341960
|-terastallize|p2a: Barraskewda|Water
|move|p2a: Barraskewda|Liquidation|p1a: Something
|-damage|p1a: Something|0 fnt
|-damage|p2a: Barraskewda|88/100|[from] ability: Rough Skin|[of] p1a: Something
|faint|p1a: Something
|
|-weather|RainDance|[upkeep]
|upkeep
|
|t:|1758341962
|switch|p1a: Garganacl|Garganacl, M|35/100
|turn|29
|
|t:|1758341964
|move|p1a: Garganacl|Protect|p1a: Garganacl
|-singleturn|p1a: Garganacl|Protect
|move|p2a: Barraskewda|Liquidation|p1a: Garganacl
|-activate|p1a: Garganacl|move: Protect
|
|-weather|RainDance|[upkeep]
|-heal|p1a: Garganacl|41/100|[from] item: Leftovers
|upkeep
|turn|30
|
|t:|1758341965
|move|p2a: Barraskewda|Liquidation|p1a: Garganacl
|-supereffective|p1a: Garganacl
|-damage|p1a: Garganacl|0 fnt
|faint|p1a: Garganacl
|
|win|Reginald Chaos
|raw|Avl2121's rating: 1213 &rarr; <strong>1192</strong><br />(-21 for losing)
|raw|Reginald Chaos's rating: 1275 &rarr; <strong>1296</strong><br />(+21 for winning)
|l|☆Avl2121
|player|p1|
|l|☆Reginald Chaos
|player|p2|
