|j|☆Common Krookodile
|j|☆Hhoottddoogg
|t:|1758319753
|gametype|singles
|player|p1|Common Krookodile|burglar|1366
|player|p2|Hhoottddoogg|265|1379
|gen|9
|tier|[Gen 9] OU
|rated|
|rule|HP Percentage Mod: HP is shown in percentages
|rule|Endless Battle Clause: Forcing endless battles is banned
|rule|Species Clause: Limit one of each Pokémon
|rule|OHKO Clause: OHKO moves are banned
|rule|Evasion Items Clause: Evasion items are banned
|rule|Evasion Moves Clause: Evasion moves are banned
|rule|Evasion Abilities Clause: Evasion abilities are banned
|rule|Sleep Moves Clause: Sleep-inducing moves are banned
|clearpoke
|poke|p1|Glimmora, M|
|poke|p1|Hatterene, F|
|poke|p1|Great Tusk|
|poke|p1|Kingambit, M|
|poke|p1|Rotom-Wash|
|poke|p1|Dragapult, M|
|poke|p2|Kingambit, M|
|poke|p2|Empoleon, M|
|poke|p2|Serperior, F|
|poke|p2|Vikavolt, M|
|poke|p2|Moltres-Galar|
|poke|p2|Slowbro-Galar, M|
|teampreview
|
|t:|1758319758
|teamsize|p1|6
|teamsize|p2|6
|start
|switch|p1a: Glimmora|Glimmora, M|100/100
|switch|p2a: Vikavolt|Vikavolt, M|100/100
|-item|p1a: Glimmora|Air Balloon
|turn|1
|
|t:|1758319761
|move|p1a: Glimmora|Stealth Rock|p2a: Vikavolt
|-sidestart|p2: Hhoottddoogg|move: Stealth Rock
|move|p2a: Vikavolt|Sticky Web|p1a: Glimmora
|-sidestart|p1: Common Krookodile|move: Sticky Web
|
|upkeep
|turn|2
|
|t:|1758319765
|switch|p2a: Empoleon|Empoleon, M|100/100
|-damage|p2a: Empoleon|94/100|[from] Stealth Rock
|move|p1a: Glimmora|Power Gem|p2a: Empoleon
|-resisted|p2a: Empoleon
|-damage|p2a: Empoleon|84/100
|
|upkeep
|turn|3
|
|t:|1758319771
|switch|p1a: Rotom|Rotom-Wash|100/100
|move|p2a: Empoleon|Surf|p1a: Rotom
|-resisted|p1a: Rotom
|-damage|p1a: Rotom|74/100
|
|-heal|p1a: Rotom|80/100|[from] item: Leftovers
|upkeep
|turn|4
|
|t:|1758319783
|move|p1a: Rotom|Thunderbolt|p2a: Empoleon
|-supereffective|p2a: Empoleon
|-damage|p2a: Empoleon|43/100
|move|p2a: Empoleon|Ice Beam|p1a: Rotom
|-resisted|p1a: Rotom
|-crit|p1a: Rotom
|-damage|p1a: Rotom|53/100
|
|-heal|p1a: Rotom|59/100|[from] item: Leftovers
|upkeep
|turn|5
|
|t:|1758319788
|switch|p2a: Vikavolt|Vikavolt, M|100/100
|-damage|p2a: Vikavolt|76/100|[from] Stealth Rock
|move|p1a: Rotom|Will-O-Wisp|p2a: Vikavolt
|-status|p2a: Vikavolt|brn
|
|-heal|p1a: Rotom|65/100|[from] item: Leftovers
|-damage|p2a: Vikavolt|69/100 brn|[from] brn
|upkeep
|turn|6
|
|t:|1758319793
|move|p1a: Rotom|Volt Switch|p2a: Vikavolt
|-resisted|p2a: Vikavolt
|-damage|p2a: Vikavolt|50/100 brn
|
|t:|1758319796
|switch|p1a: Hatterene|Hatterene, F|100/100|[from] Volt Switch
|-activate|p1a: Hatterene|move: Sticky Web
|-unboost|p1a: Hatterene|spe|1
|move|p2a: Vikavolt|Energy Ball|p1a: Hatterene
|-damage|p1a: Hatterene|83/100
|
|-damage|p2a: Vikavolt|44/100 brn|[from] brn
|upkeep
|turn|7
|
|t:|1758319804
|move|p2a: Vikavolt|Sticky Web|p1a: Hatterene
|move|p1a: Hatterene|Sticky Web|p2a: Vikavolt|[from] ability: Magic Bounce
|-sidestart|p2: Hhoottddoogg|move: Sticky Web
|move|p1a: Hatterene|Draining Kiss|p2a: Vikavolt
|-damage|p2a: Vikavolt|15/100 brn
|-heal|p1a: Hatterene|100/100|[from] drain|[of] p2a: Vikavolt
|
|-damage|p2a: Vikavolt|9/100 brn|[from] brn
|upkeep
|turn|8
|
|t:|1758319811
|move|p2a: Vikavolt|Discharge|p1a: Hatterene
|-damage|p1a: Hatterene|77/100
|move|p1a: Hatterene|Draining Kiss|p2a: Vikavolt
|-damage|p2a: Vikavolt|0 fnt
|-heal|p1a: Hatterene|84/100|[from] drain|[of] p2a: Vikavolt
|faint|p2a: Vikavolt
|
|upkeep
|
|t:|1758319815
|switch|p2a: Empoleon|Empoleon, M|43/100
|-damage|p2a: Empoleon|37/100|[from] Stealth Rock
|-activate|p2a: Empoleon|move: Sticky Web
|-unboost|p2a: Empoleon|spe|1
|-ability|p2a: Empoleon|Competitive|boost
|-boost|p2a: Empoleon|spa|2
|turn|9
|
|t:|1758319834
|switch|p1a: Glimmora|Glimmora, M|100/100
|-item|p1a: Glimmora|Air Balloon
|move|p2a: Empoleon|Flash Cannon|p1a: Glimmora
|-supereffective|p1a: Glimmora
|-damage|p1a: Glimmora|0 fnt
|-enditem|p1a: Glimmora|Air Balloon
|faint|p1a: Glimmora
|
|upkeep
|
|t:|1758319851
|switch|p1a: Rotom|Rotom-Wash|65/100
|turn|10
|
|t:|1758319861
|move|p2a: Empoleon|Vacuum Wave|p1a: Rotom
|-damage|p1a: Rotom|34/100
|move|p1a: Rotom|Thunderbolt|p2a: Empoleon
|-supereffective|p2a: Empoleon
|-damage|p2a: Empoleon|0 fnt
|faint|p2a: Empoleon
|
|-heal|p1a: Rotom|40/100|[from] item: Leftovers
|upkeep
|
|t:|1758319867
|switch|p2a: Serperior|Serperior, F|100/100
|-damage|p2a: Serperior|88/100|[from] Stealth Rock
|-activate|p2a: Serperior|move: Sticky Web
|-boost|p2a: Serperior|spe|1
|turn|11
|
|t:|1758319877
|move|p2a: Serperior|Leaf Storm|p1a: Rotom
|-supereffective|p1a: Rotom
|-damage|p1a: Rotom|0 fnt
|-boost|p2a: Serperior|spa|2
|faint|p1a: Rotom
|
|upkeep
|
|t:|1758319880
|switch|p1a: Hatterene|Hatterene, F|84/100
|-activate|p1a: Hatterene|move: Sticky Web
|-unboost|p1a: Hatterene|spe|1
|turn|12
|
|t:|1758319886
|move|p2a: Serperior|Leaf Storm|p1a: Hatterene
|-damage|p1a: Hatterene|36/100
|-boost|p2a: Serperior|spa|2
|move|p1a: Hatterene|Nuzzle|p2a: Serperior
|-resisted|p2a: Serperior
|-damage|p2a: Serperior|86/100
|-status|p2a: Serperior|par
|
|upkeep
|turn|13
|
|t:|1758319892
|cant|p2a: Serperior|par
|move|p1a: Hatterene|Draining Kiss|p2a: Serperior
|-damage|p2a: Serperior|57/100 par
|-heal|p1a: Hatterene|56/100|[from] drain|[of] p2a: Serperior
|
|upkeep
|turn|14
|
|t:|1758319898
|cant|p2a: Serperior|par
|move|p1a: Hatterene|Psychic Noise|p2a: Serperior
|-damage|p2a: Serperior|15/100 par
|-start|p2a: Serperior|move: Heal Block
|
|upkeep
|turn|15
|
|t:|1758319903
|cant|p2a: Serperior|par
|move|p1a: Hatterene|Draining Kiss|p2a: Serperior
|-damage|p2a: Serperior|0 fnt
|-heal|p1a: Hatterene|66/100|[from] drain|[of] p2a: Serperior
|faint|p2a: Serperior
|
|upkeep
|
|t:|1758319927
|switch|p2a: Slowbro|Slowbro-Galar, M|100/100
|-damage|p2a: Slowbro|88/100|[from] Stealth Rock
|-activate|p2a: Slowbro|move: Sticky Web
|-unboost|p2a: Slowbro|spe|1
|turn|16
|
|t:|1758319939
|move|p2a: Slowbro|Shell Side Arm|p1a: Hatterene|[anim] Shell Side Arm Special
|-supereffective|p1a: Hatterene
|-damage|p1a: Hatterene|20/100
|-hint|Special Shell Side Arm
|move|p1a: Hatterene|Nuzzle|p2a: Slowbro
|-damage|p2a: Slowbro|84/100
|-status|p2a: Slowbro|par
|
|upkeep
|turn|17
|
|t:|1758319951
|move|p1a: Hatterene|Psychic Noise|p2a: Slowbro
|-damage|p2a: Slowbro|36/100 par
|-start|p2a: Slowbro|move: Heal Block
|move|p2a: Slowbro|Shell Side Arm|p1a: Hatterene|[anim] Shell Side Arm Special
|-supereffective|p1a: Hatterene
|-damage|p1a: Hatterene|0 fnt
|-hint|Special Shell Side Arm
|faint|p1a: Hatterene
|
|upkeep
|
|t:|1758319961
|switch|p1a: Great Tusk|Great Tusk|100/100
|-activate|p1a: Great Tusk|move: Sticky Web
|-unboost|p1a: Great Tusk|spe|1
|turn|18
|-activate|p2a: Slowbro|ability: Quick Draw
|
|t:|1758319963
|move|p2a: Slowbro|Psychic|p1a: Great Tusk
|-supereffective|p1a: Great Tusk
|-damage|p1a: Great Tusk|0 fnt
|faint|p1a: Great Tusk
|-end|p1a: Great Tusk|Protosynthesis|[silent]
|
|-end|p2a: Slowbro|move: Heal Block
|upkeep
|
|t:|1758319969
|switch|p1a: Dragapult|Dragapult, M|100/100
|-activate|p1a: Dragapult|move: Sticky Web
|-unboost|p1a: Dragapult|spe|1
|turn|19
|-activate|p2a: Slowbro|ability: Quick Draw
|
|t:|1758319971
|cant|p2a: Slowbro|par
|move|p1a: Dragapult|Shadow Ball|p2a: Slowbro
|-supereffective|p2a: Slowbro
|-damage|p2a: Slowbro|0 fnt
|faint|p2a: Slowbro
|
|upkeep
|
|t:|1758319978
|switch|p2a: Moltres|Moltres-Galar|100/100
|-damage|p2a: Moltres|75/100|[from] Stealth Rock
|turn|20
|
|t:|1758319984
|move|p1a: Dragapult|Shadow Ball|p2a: Moltres
|-resisted|p2a: Moltres
|-damage|p2a: Moltres|57/100
|move|p2a: Moltres|Fiery Wrath|p1a: Dragapult
|-supereffective|p1a: Dragapult
|-damage|p1a: Dragapult|0 fnt
|faint|p1a: Dragapult
|
|upkeep
|
|t:|1758319989
|switch|p1a: Kingambit|Kingambit, M|100/100
|-activate|p1a: Kingambit|move: Sticky Web
|-unboost|p1a: Kingambit|spe|1
|-activate|p1a: Kingambit|ability: Supreme Overlord
|-start|p1a: Kingambit|fallen5|[silent]
|turn|21
|
|t:|1758319994
|move|p2a: Moltres|Fiery Wrath|p1a: Kingambit
|-resisted|p1a: Kingambit
|-damage|p1a: Kingambit|81/100
|move|p1a: Kingambit|Iron Head|p2a: Moltres
|-damage|p2a: Moltres|0 fnt
|faint|p2a: Moltres
|
|upkeep
|
|t:|1758319999
|switch|p2a: Kingambit|Kingambit, M|100/100
|-damage|p2a: Kingambit|94/100|[from] Stealth Rock
|-activate|p2a: Kingambit|move: Sticky Web
|-unboost|p2a: Kingambit|spe|1
|-ability|p2a: Kingambit|Defiant|boost
|-boost|p2a: Kingambit|atk|2
|turn|22
|
|t:|1758320009
|-terastallize|p2a: Kingambit|Dark
|move|p2a: Kingambit|Brick Break|p1a: Kingambit
|-supereffective|p1a: Kingambit
|-damage|p1a: Kingambit|0 fnt
|faint|p1a: Kingambit
|-end|p1a: Kingambit|fallen5|[silent]
|
|win|Hhoottddoogg
|raw|Common Krookodile's rating: 1366 &rarr; <strong>1347</strong><br />(-19 for losing)
|raw|Hhoottddoogg's rating: 1379 &rarr; <strong>1398</strong><br />(+19 for winning)
|c|☆Common Krookodile|gg
|l|☆Hhoottddoogg
|player|p2|
|l|☆Common Krookodile
|player|p1|
