|j|☆peqmen 0.0
|j|☆zhar99
|t:|1758265123
|gametype|singles
|player|p1|peqmen 0.0|giovanni|1201
|player|p2|zhar99|170|1233
|gen|9
|tier|[Gen 9] OU
|rated|
|rule|HP Percentage Mod: HP is shown in percentages
|rule|Endless Battle Clause: Forcing endless battles is banned
|rule|Species Clause: Limit one of each Pokémon
|rule|OHKO Clause: OHKO moves are banned
|rule|Evasion Items Clause: Evasion items are banned
|rule|Evasion Moves Clause: Evasion moves are banned
|rule|Evasion Abilities Clause: Evasion abilities are banned
|rule|Sleep Moves Clause: Sleep-inducing moves are banned
|clearpoke
|poke|p1|Tyranitar, F|
|poke|p1|Great Tusk|
|poke|p1|Drifblim, M|
|poke|p1|Scizor, M|
|poke|p1|Toxapex, F|
|poke|p1|Gholdengo|
|poke|p2|Indeedee, M|
|poke|p2|Armarouge, F|
|poke|p2|Dragapult, F|
|poke|p2|Iron Treads|
|poke|p2|Hawlucha, M|
|poke|p2|Ogerpon-Wellspring, F|
|teampreview
|
|t:|1758265143
|teamsize|p1|6
|teamsize|p2|6
|start
|switch|p1a: Khabib|Scizor, M|100/100
|switch|p2a: Ogerpon|Ogerpon-Wellspring, F|100/100
|turn|1
|inactive|Battle timer is ON: inactive players will automatically lose when time's up. (requested by zhar99)
|
|t:|1758265148
|move|p2a: Ogerpon|U-turn|p1a: Khabib
|-resisted|p1a: Khabib
|-damage|p1a: Khabib|87/100
|
|t:|1758265152
|switch|p2a: Iron Treads|Iron Treads|100/100|[from] U-turn
|-enditem|p2a: Iron Treads|Booster Energy
|-activate|p2a: Iron Treads|ability: Quark Drive|[fromitem]
|-start|p2a: Iron Treads|quarkdrivespe
|move|p1a: Khabib|U-turn|p2a: Iron Treads
|-resisted|p2a: Iron Treads
|-damage|p2a: Iron Treads|71/100
|
|t:|1758265156
|switch|p1a: Anti tusk|Drifblim, M|100/100|[from] U-turn
|
|upkeep
|turn|2
|
|t:|1758265160
|move|p2a: Iron Treads|Stealth Rock|p1a: Anti tusk
|-sidestart|p1: peqmen 0.0|move: Stealth Rock
|move|p1a: Anti tusk|Will-O-Wisp|p2a: Iron Treads
|-status|p2a: Iron Treads|brn
|
|-damage|p2a: Iron Treads|65/100 brn|[from] brn
|upkeep
|turn|3
|
|t:|1758265165
|move|p2a: Iron Treads|Volt Switch|p1a: Anti tusk
|-supereffective|p1a: Anti tusk
|-damage|p1a: Anti tusk|66/100
|
|t:|1758265168
|-end|p2a: Iron Treads|Quark Drive|[silent]
|switch|p2a: Indeedee|Indeedee, M|100/100|[from] Volt Switch
|-fieldstart|move: Psychic Terrain|[from] ability: Psychic Surge|[of] p2a: Indeedee
|move|p1a: Anti tusk|Defog|p2a: Indeedee
|-unboost|p2a: Indeedee|evasion|1
|-sideend|p1: peqmen 0.0|Stealth Rock|[from] move: Defog|[of] p1a: Anti tusk
|-fieldend|move: Psychic Terrain
|
|-heal|p1a: Anti tusk|72/100|[from] item: Leftovers
|upkeep
|turn|4
|
|t:|1758265175
|switch|p2a: Dragapult|Dragapult, F|100/100
|switch|p1a: Forgotten king|Tyranitar, F|100/100
|-weather|Sandstorm|[from] ability: Sand Stream|[of] p1a: Forgotten king
|
|-weather|Sandstorm|[upkeep]
|-damage|p2a: Dragapult|95/100|[from] Sandstorm
|upkeep
|turn|5
|
|t:|1758265183
|switch|p2a: Iron Treads|Iron Treads|65/100 brn
|move|p1a: Forgotten king|Knock Off|p2a: Iron Treads
|-damage|p2a: Iron Treads|36/100 brn
|
|-weather|Sandstorm|[upkeep]
|-damage|p2a: Iron Treads|29/100 brn|[from] brn
|upkeep
|turn|6
|
|t:|1758265189
|move|p2a: Iron Treads|Stealth Rock|p1a: Forgotten king
|-sidestart|p1: peqmen 0.0|move: Stealth Rock
|move|p1a: Forgotten king|Stealth Rock|p2a: Iron Treads
|-sidestart|p2: zhar99|move: Stealth Rock
|
|-weather|Sandstorm|[upkeep]
|-damage|p2a: Iron Treads|23/100 brn|[from] brn
|upkeep
|turn|7
|
|t:|1758265192
|switch|p1a: Can’t beat em|Great Tusk|100/100
|-damage|p1a: Can’t beat em|98/100|[from] Stealth Rock
|move|p2a: Iron Treads|Volt Switch|p1a: Can’t beat em
|-immune|p1a: Can’t beat em
|
|-weather|Sandstorm|[upkeep]
|-heal|p1a: Can’t beat em|100/100|[from] item: Leftovers
|-damage|p2a: Iron Treads|17/100 brn|[from] brn
|upkeep
|turn|8
|
|t:|1758265204
|-terastallize|p2a: Iron Treads|Ghost
|move|p2a: Iron Treads|Earth Power|p1a: Can’t beat em
|-damage|p1a: Can’t beat em|53/100
|move|p1a: Can’t beat em|Rapid Spin|p2a: Iron Treads
|-immune|p2a: Iron Treads
|
|-weather|none
|-heal|p1a: Can’t beat em|59/100|[from] item: Leftovers
|-damage|p2a: Iron Treads|11/100 brn|[from] brn
|upkeep
|turn|9
|
|t:|1758265213
|-end|p1a: Can’t beat em|Protosynthesis|[silent]
|switch|p1a: Forgotten king|Tyranitar, F|100/100
|-damage|p1a: Forgotten king|88/100|[from] Stealth Rock
|-weather|Sandstorm|[from] ability: Sand Stream|[of] p1a: Forgotten king
|move|p2a: Iron Treads|Earth Power|p1a: Forgotten king
|-supereffective|p1a: Forgotten king
|-damage|p1a: Forgotten king|52/100
|
|-weather|Sandstorm|[upkeep]
|-damage|p2a: Iron Treads|5/100 brn|[from] Sandstorm
|-heal|p1a: Forgotten king|58/100|[from] item: Leftovers
|-damage|p2a: Iron Treads|0 fnt|[from] brn
|faint|p2a: Iron Treads
|-end|p2a: Iron Treads|Quark Drive|[silent]
|upkeep
|
|t:|1758265220
|switch|p2a: Ogerpon|Ogerpon-Wellspring, F|100/100
|-damage|p2a: Ogerpon|88/100|[from] Stealth Rock
|turn|10
|
|t:|1758265223
|switch|p1a: Huh??|Toxapex, F|100/100
|-damage|p1a: Huh??|88/100|[from] Stealth Rock
|move|p2a: Ogerpon|U-turn|p1a: Huh??
|-resisted|p1a: Huh??
|-damage|p1a: Huh??|80/100
|
|t:|1758265229
|switch|p2a: Dragapult|Dragapult, F|95/100|[from] U-turn
|
|-weather|Sandstorm|[upkeep]
|-damage|p2a: Dragapult|89/100|[from] Sandstorm
|-damage|p1a: Huh??|74/100|[from] Sandstorm
|-heal|p1a: Huh??|80/100|[from] item: Black Sludge
|upkeep
|turn|11
|
|t:|1758265233
|move|p2a: Dragapult|Substitute|p2a: Dragapult
|-start|p2a: Dragapult|Substitute
|-damage|p2a: Dragapult|64/100
|move|p1a: Huh??|Toxic Spikes|p2a: Dragapult
|-sidestart|p2: zhar99|move: Toxic Spikes
|
|-weather|Sandstorm|[upkeep]
|-damage|p2a: Dragapult|58/100|[from] Sandstorm
|-damage|p1a: Huh??|74/100|[from] Sandstorm
|-heal|p1a: Huh??|80/100|[from] item: Black Sludge
|upkeep
|turn|12
|
|t:|1758265238
|switch|p1a: Khabib|Scizor, M|87/100
|-damage|p1a: Khabib|75/100|[from] Stealth Rock
|move|p2a: Dragapult|Dragon Dance|p2a: Dragapult
|-boost|p2a: Dragapult|atk|1
|-boost|p2a: Dragapult|spe|1
|
|-weather|Sandstorm|[upkeep]
|-damage|p2a: Dragapult|52/100|[from] Sandstorm
|upkeep
|turn|13
|
|t:|1758265242
|move|p1a: Khabib|Bullet Punch|p2a: Dragapult
|-end|p2a: Dragapult|Substitute
|move|p2a: Dragapult|Dragon Darts|p1a: Khabib
|-resisted|p1a: Khabib
|-damage|p1a: Khabib|56/100
|-anim|p2a: Dragapult|Dragon Darts|p1a: Khabib
|-resisted|p1a: Khabib
|-damage|p1a: Khabib|38/100
|
|-weather|none
|upkeep
|turn|14
|
|t:|1758265249
|-terastallize|p1a: Khabib|Steel
|move|p1a: Khabib|Bullet Punch|p2a: Dragapult
|-damage|p2a: Dragapult|0 fnt
|faint|p2a: Dragapult
|
|upkeep
|-message|zhar99 forfeited.
|
|win|peqmen 0.0
|raw|peqmen 0.0's rating: 1201 &rarr; <strong>1228</strong><br />(+27 for winning)
|raw|zhar99's rating: 1233 &rarr; <strong>1206</strong><br />(-27 for losing)
|l|☆zhar99
|player|p2|
|l|☆peqmen 0.0
|player|p1|
