|j|☆omnomapuss
|j|☆Palm X
|t:|1758256960
|gametype|singles
|player|p1|omnomapuss|crasherwake|1593
|player|p2|Palm X|caitlin|1570
|gen|9
|tier|[Gen 9] OU
|rated|
|rule|HP Percentage Mod: HP is shown in percentages
|rule|Endless Battle Clause: Forcing endless battles is banned
|rule|Species Clause: Limit one of each Pokémon
|rule|OHKO Clause: OHKO moves are banned
|rule|Evasion Items Clause: Evasion items are banned
|rule|Evasion Moves Clause: Evasion moves are banned
|rule|Evasion Abilities Clause: Evasion abilities are banned
|rule|Sleep Moves Clause: Sleep-inducing moves are banned
|clearpoke
|poke|p1|Primarina, F|
|poke|p1|Dragapult, M|
|poke|p1|Scizor, M|
|poke|p1|Great Tusk|
|poke|p1|Zapdos|
|poke|p1|Slowking-Galar, F|
|poke|p2|Tyranitar, M|
|poke|p2|Excadrill, M|
|poke|p2|Primarina, M|
|poke|p2|Scizor, M|
|poke|p2|Weezing-Galar, F|
|poke|p2|Pecharunt|
|teampreview
|inactive|Battle timer is ON: inactive players will automatically lose when time's up. (requested by Palm X)
|j| BigChiefQueef
|j| IM AT MY LIMIT
|inactive|Palm X has 120 seconds left.
|
|t:|1758256991
|teamsize|p1|6
|teamsize|p2|6
|start
|switch|p1a: Dragapult|Dragapult, M|100/100
|switch|p2a: 41 But|Tyranitar, M|100/100
|-weather|Sandstorm|[from] ability: Sand Stream|[of] p2a: 41 But
|turn|1
|
|t:|1758256999
|move|p1a: Dragapult|U-turn|p2a: 41 But
|-supereffective|p2a: 41 But
|-damage|p2a: 41 But|45/100
|
|t:|1758257001
|switch|p1a: Great Tusk|Great Tusk|100/100|[from] U-turn
|move|p2a: 41 But|Stealth Rock|p1a: Great Tusk
|-sidestart|p1: omnomapuss|move: Stealth Rock
|
|-weather|Sandstorm|[upkeep]
|upkeep
|turn|2
|
|t:|1758257009
|switch|p2a: Lex Luger|Pecharunt|100/100
|move|p1a: Great Tusk|Stealth Rock|p2a: Lex Luger
|-sidestart|p2: Palm X|move: Stealth Rock
|
|-weather|Sandstorm|[upkeep]
|-damage|p2a: Lex Luger|94/100|[from] Sandstorm
|upkeep
|turn|3
|
|t:|1758257028
|-end|p1a: Great Tusk|Protosynthesis|[silent]
|switch|p1a: Slowking|Slowking-Galar, F|100/100
|move|p2a: Lex Luger|Parting Shot|p1a: Slowking
|-unboost|p1a: Slowking|atk|1
|-unboost|p1a: Slowking|spa|1
|
|t:|1758257037
|switch|p2a: OMG A WOMAN|Primarina, M|100/100|[from] Parting Shot
|-damage|p2a: OMG A WOMAN|88/100|[from] Stealth Rock
|
|-weather|Sandstorm|[upkeep]
|-damage|p2a: OMG A WOMAN|82/100|[from] Sandstorm
|-damage|p1a: Slowking|94/100|[from] Sandstorm
|-heal|p2a: OMG A WOMAN|88/100|[from] item: Leftovers
|upkeep
|turn|4
|
|t:|1758257043
|move|p2a: OMG A WOMAN|Substitute|p2a: OMG A WOMAN
|-start|p2a: OMG A WOMAN|Substitute
|-damage|p2a: OMG A WOMAN|63/100
|-prepare|p1a: Slowking|Chilly Reception|[premajor]
|move|p1a: Slowking|Chilly Reception|p1a: Slowking
|-weather|Snowscape
|
|t:|1758257049
|switch|p1a: Primarina|Primarina, F|100/100|[from] Chilly Reception
|-damage|p1a: Primarina|88/100|[from] Stealth Rock
|
|-weather|Snowscape|[upkeep]
|-heal|p2a: OMG A WOMAN|69/100|[from] item: Leftovers
|upkeep
|turn|5
|
|t:|1758257053
|move|p1a: Primarina|Psychic Noise|p2a: OMG A WOMAN
|-crit|p2a: OMG A WOMAN
|-damage|p2a: OMG A WOMAN|34/100
|-start|p2a: OMG A WOMAN|move: Heal Block
|move|p2a: OMG A WOMAN|Calm Mind|p2a: OMG A WOMAN
|-boost|p2a: OMG A WOMAN|spa|1
|-boost|p2a: OMG A WOMAN|spd|1
|
|-weather|Snowscape|[upkeep]
|upkeep
|turn|6
|
|t:|1758257061
|move|p1a: Primarina|Psychic Noise|p2a: OMG A WOMAN
|-damage|p2a: OMG A WOMAN|19/100
|move|p2a: OMG A WOMAN|Calm Mind|p2a: OMG A WOMAN
|-boost|p2a: OMG A WOMAN|spa|1
|-boost|p2a: OMG A WOMAN|spd|1
|
|-weather|Snowscape|[upkeep]
|-end|p2a: OMG A WOMAN|move: Heal Block
|upkeep
|turn|7
|
|t:|1758257064
|move|p1a: Primarina|Psychic Noise|p2a: OMG A WOMAN
|-damage|p2a: OMG A WOMAN|8/100
|-start|p2a: OMG A WOMAN|move: Heal Block
|move|p2a: OMG A WOMAN|Psychic Noise|p1a: Primarina
|-resisted|p1a: Primarina
|-damage|p1a: Primarina|68/100
|-start|p1a: Primarina|move: Heal Block
|
|-weather|Snowscape|[upkeep]
|upkeep
|turn|8
|
|t:|1758257072
|move|p1a: Primarina|Psychic Noise|p2a: OMG A WOMAN
|-damage|p2a: OMG A WOMAN|0 fnt
|faint|p2a: OMG A WOMAN
|
|-weather|none
|-end|p1a: Primarina|move: Heal Block
|upkeep
|
|t:|1758257074
|switch|p2a: What is an opp|Excadrill, M|100/100
|-damage|p2a: What is an opp|97/100|[from] Stealth Rock
|-item|p2a: What is an opp|Air Balloon
|turn|9
|
|t:|1758257083
|switch|p1a: Great Tusk|Great Tusk|100/100
|-damage|p1a: Great Tusk|98/100|[from] Stealth Rock
|move|p2a: What is an opp|Iron Head|p1a: Great Tusk
|-damage|p1a: Great Tusk|66/100
|-damage|p2a: What is an opp|81/100|[from] item: Rocky Helmet|[of] p1a: Great Tusk
|
|upkeep
|turn|10
|
|t:|1758257095
|switch|p2a: Lex Luger|Pecharunt|94/100
|move|p1a: Great Tusk|Ice Spinner|p2a: Lex Luger
|-damage|p2a: Lex Luger|80/100
|
|upkeep
|turn|11
|
|t:|1758257105
|-end|p1a: Great Tusk|Protosynthesis|[silent]
|switch|p1a: Slowking|Slowking-Galar, F|100/100
|move|p2a: Lex Luger|Parting Shot|p1a: Slowking
|-unboost|p1a: Slowking|atk|1
|-unboost|p1a: Slowking|spa|1
|
|t:|1758257109
|switch|p2a: What is an opp|Excadrill, M|81/100|[from] Parting Shot
|-damage|p2a: What is an opp|78/100|[from] Stealth Rock
|-item|p2a: What is an opp|Air Balloon
|
|upkeep
|turn|12
|
|t:|1758257136
|switch|p1a: Zapdos|Zapdos|100/100
|move|p2a: What is an opp|Rapid Spin|p1a: Zapdos
|-damage|p1a: Zapdos|87/100
|-boost|p2a: What is an opp|spe|1
|-status|p2a: What is an opp|par|[from] ability: Static|[of] p1a: Zapdos
|-sideend|p2: Palm X|Stealth Rock|[from] move: Rapid Spin|[of] p2a: What is an opp
|
|upkeep
|turn|13
|
|t:|1758257146
|switch|p2a: 41 But|Tyranitar, M|45/100
|-weather|Sandstorm|[from] ability: Sand Stream|[of] p2a: 41 But
|move|p1a: Zapdos|U-turn|p2a: 41 But
|-supereffective|p2a: 41 But
|-damage|p2a: 41 But|24/100
|l| IM AT MY LIMIT
|inactive|omnomapuss has 120 seconds left.
|
|t:|1758257181
|switch|p1a: Dragapult|Dragapult, M|100/100|[from] U-turn
|-damage|p1a: Dragapult|88/100|[from] Stealth Rock
|
|-weather|Sandstorm|[upkeep]
|-damage|p1a: Dragapult|82/100|[from] Sandstorm
|upkeep
|turn|14
|
|t:|1758257187
|switch|p2a: Lex Luger|Pecharunt|80/100
|move|p1a: Dragapult|U-turn|p2a: Lex Luger
|-resisted|p2a: Lex Luger
|-damage|p2a: Lex Luger|74/100
|inactive|omnomapuss has 120 seconds left.
|
|t:|1758257207
|switch|p1a: Slowking|Slowking-Galar, F|100/100|[from] U-turn
|
|-weather|Sandstorm|[upkeep]
|-damage|p2a: Lex Luger|68/100|[from] Sandstorm
|-damage|p1a: Slowking|94/100|[from] Sandstorm
|upkeep
|turn|15
|
|t:|1758257211
|move|p2a: Lex Luger|Foul Play|p1a: Slowking
|-supereffective|p1a: Slowking
|-damage|p1a: Slowking|63/100
|move|p1a: Slowking|Future Sight|p2a: Lex Luger
|-start|p1a: Slowking|move: Future Sight
|
|-weather|Sandstorm|[upkeep]
|-damage|p2a: Lex Luger|62/100|[from] Sandstorm
|-damage|p1a: Slowking|57/100|[from] Sandstorm
|upkeep
|turn|16
|inactive|omnomapuss has 120 seconds left.
|
|t:|1758257236
|move|p2a: Lex Luger|Recover|p2a: Lex Luger
|-heal|p2a: Lex Luger|100/100
|-prepare|p1a: Slowking|Chilly Reception|[premajor]
|move|p1a: Slowking|Chilly Reception|p1a: Slowking
|-weather|Snowscape
|
|t:|1758257240
|switch|p1a: Scizor|Scizor, M|100/100|[from] Chilly Reception
|-damage|p1a: Scizor|88/100|[from] Stealth Rock
|
|-weather|Snowscape|[upkeep]
|upkeep
|turn|17
|
|t:|1758257244
|move|p2a: Lex Luger|Parting Shot|p1a: Scizor
|-unboost|p1a: Scizor|atk|1
|-unboost|p1a: Scizor|spa|1
|
|t:|1758257250
|switch|p2a: 41 But|Tyranitar, M|24/100|[from] Parting Shot
|-weather|Sandstorm|[from] ability: Sand Stream|[of] p2a: 41 But
|move|p1a: Scizor|Knock Off|p2a: 41 But
|-resisted|p2a: 41 But
|-damage|p2a: 41 But|9/100
|-enditem|p2a: 41 But|Smooth Rock|[from] move: Knock Off|[of] p1a: Scizor
|
|-weather|Sandstorm|[upkeep]
|-end|p2a: 41 But|move: Future Sight
|-immune|p2a: 41 But
|upkeep
|turn|18
|inactive|omnomapuss has 120 seconds left.
|inactive|omnomapuss has 90 seconds left.
|
|t:|1758257303
|switch|p1a: Great Tusk|Great Tusk|66/100
|-damage|p1a: Great Tusk|63/100|[from] Stealth Rock
|move|p2a: 41 But|Knock Off|p1a: Great Tusk
|-resisted|p1a: Great Tusk
|-damage|p1a: Great Tusk|48/100
|-damage|p2a: 41 But|0 fnt|[from] item: Rocky Helmet|[of] p1a: Great Tusk
|faint|p2a: 41 But
|
|-weather|Sandstorm|[upkeep]
|upkeep
|inactive|Palm X has 120 seconds left.
|
|t:|1758257332
|switch|p2a: Lex Luger|Pecharunt|100/100
|turn|19
|
|t:|1758257336
|-end|p1a: Great Tusk|Protosynthesis|[silent]
|switch|p1a: Slowking|Slowking-Galar, F|91/100
|move|p2a: Lex Luger|Malignant Chain|p1a: Slowking
|-resisted|p1a: Slowking
|-damage|p1a: Slowking|81/100
|
|-weather|Sandstorm|[upkeep]
|-damage|p2a: Lex Luger|94/100|[from] Sandstorm
|-damage|p1a: Slowking|75/100|[from] Sandstorm
|upkeep
|turn|20
|
|t:|1758257340
|move|p2a: Lex Luger|Foul Play|p1a: Slowking
|-supereffective|p1a: Slowking
|-damage|p1a: Slowking|44/100
|-prepare|p1a: Slowking|Chilly Reception|[premajor]
|move|p1a: Slowking|Chilly Reception|p1a: Slowking
|-weather|Snowscape
|
|t:|1758257345
|switch|p1a: Dragapult|Dragapult, M|82/100|[from] Chilly Reception
|-damage|p1a: Dragapult|70/100|[from] Stealth Rock
|
|-weather|Snowscape|[upkeep]
|upkeep
|turn|21
|
|t:|1758257350
|-terastallize|p1a: Dragapult|Ghost
|move|p1a: Dragapult|Tera Blast|p2a: Lex Luger|[anim] Tera Blast Ghost
|-supereffective|p2a: Lex Luger
|-damage|p2a: Lex Luger|0 fnt
|faint|p2a: Lex Luger
|
|-weather|Snowscape|[upkeep]
|upkeep
|
|t:|1758257356
|switch|p2a: Crimson Chin|Scizor, M|100/100
|turn|22
|
|t:|1758257364
|switch|p1a: Zapdos|Zapdos|87/100
|move|p2a: Crimson Chin|U-turn|p1a: Zapdos
|-resisted|p1a: Zapdos
|-damage|p1a: Zapdos|65/100
|
|t:|1758257369
|switch|p2a: What is an opp|Excadrill, M|78/100 par|[from] U-turn
|-item|p2a: What is an opp|Air Balloon
|
|-weather|Snowscape|[upkeep]
|upkeep
|turn|23
|
|t:|1758257374
|move|p1a: Zapdos|U-turn|p2a: What is an opp
|-resisted|p2a: What is an opp
|-damage|p2a: What is an opp|68/100 par
|-enditem|p2a: What is an opp|Air Balloon
|
|t:|1758257381
|switch|p1a: Great Tusk|Great Tusk|48/100|[from] U-turn
|-damage|p1a: Great Tusk|46/100|[from] Stealth Rock
|move|p2a: What is an opp|Iron Head|p1a: Great Tusk
|-damage|p1a: Great Tusk|15/100
|-damage|p2a: What is an opp|52/100 par|[from] item: Rocky Helmet|[of] p1a: Great Tusk
|
|-weather|Snowscape|[upkeep]
|upkeep
|turn|24
|
|t:|1758257388
|move|p1a: Great Tusk|Rapid Spin|p2a: What is an opp
|-resisted|p2a: What is an opp
|-damage|p2a: What is an opp|40/100 par
|-boost|p1a: Great Tusk|spe|1
|-sideend|p1: omnomapuss|Stealth Rock|[from] move: Rapid Spin|[of] p1a: Great Tusk
|move|p2a: What is an opp|Iron Head|p1a: Great Tusk
|-damage|p1a: Great Tusk|0 fnt
|-damage|p2a: What is an opp|23/100 par|[from] item: Rocky Helmet|[of] p1a: Great Tusk
|faint|p1a: Great Tusk
|-end|p1a: Great Tusk|Protosynthesis|[silent]
|
|-weather|none
|upkeep
|
|t:|1758257396
|switch|p1a: Dragapult|Dragapult, M, tera:Ghost|70/100
|turn|25
|
|t:|1758257401
|move|p1a: Dragapult|Tera Blast|p2a: What is an opp|[anim] Tera Blast Ghost
|-damage|p2a: What is an opp|0 fnt
|faint|p2a: What is an opp
|
|upkeep
|
|t:|1758257403
|switch|p2a: Crimson Chin|Scizor, M|100/100
|turn|26
|
|t:|1758257410
|switch|p1a: Zapdos|Zapdos|65/100
|move|p2a: Crimson Chin|Knock Off|p1a: Zapdos
|-damage|p1a: Zapdos|26/100
|-enditem|p1a: Zapdos|Heavy-Duty Boots|[from] move: Knock Off|[of] p2a: Crimson Chin
|
|upkeep
|turn|27
|
|t:|1758257415
|move|p1a: Zapdos|Roost|p1a: Zapdos
|-heal|p1a: Zapdos|76/100
|-singleturn|p1a: Zapdos|move: Roost
|move|p2a: Crimson Chin|Knock Off|p1a: Zapdos
|-damage|p1a: Zapdos|52/100
|
|upkeep
|turn|28
|
|t:|1758257417
|switch|p2a: Baconeggncheese|Weezing-Galar, F|100/100
|-ability|p2a: Baconeggncheese|Neutralizing Gas
|move|p1a: Zapdos|Roost|p1a: Zapdos
|-heal|p1a: Zapdos|100/100
|-singleturn|p1a: Zapdos|move: Roost
|
|upkeep
|turn|29
|
|t:|1758257421
|move|p1a: Zapdos|Thunder Wave|p2a: Baconeggncheese
|-status|p2a: Baconeggncheese|par
|move|p2a: Baconeggncheese|Will-O-Wisp|p1a: Zapdos
|-status|p1a: Zapdos|brn
|
|-damage|p1a: Zapdos|94/100 brn|[from] brn
|upkeep
|turn|30
|
|t:|1758257423
|move|p1a: Zapdos|Hurricane|p2a: Baconeggncheese|[miss]
|-miss|p1a: Zapdos|p2a: Baconeggncheese
|cant|p2a: Baconeggncheese|par
|
|-damage|p1a: Zapdos|88/100 brn|[from] brn
|upkeep
|turn|31
|
|t:|1758257426
|move|p1a: Zapdos|Hurricane|p2a: Baconeggncheese
|-damage|p2a: Baconeggncheese|44/100 par
|move|p2a: Baconeggncheese|Strange Steam|p1a: Zapdos
|-damage|p1a: Zapdos|60/100 brn
|
|-damage|p1a: Zapdos|54/100 brn|[from] brn
|upkeep
|turn|32
|
|t:|1758257428
|move|p1a: Zapdos|Hurricane|p2a: Baconeggncheese|[miss]
|-miss|p1a: Zapdos|p2a: Baconeggncheese
|cant|p2a: Baconeggncheese|par
|
|-damage|p1a: Zapdos|48/100 brn|[from] brn
|upkeep
|turn|33
|
|t:|1758257432
|move|p1a: Zapdos|Roost|p1a: Zapdos
|-heal|p1a: Zapdos|98/100 brn
|-singleturn|p1a: Zapdos|move: Roost
|move|p2a: Baconeggncheese|Strange Steam|p1a: Zapdos
|-damage|p1a: Zapdos|74/100 brn
|
|-damage|p1a: Zapdos|68/100 brn|[from] brn
|upkeep
|turn|34
|
|t:|1758257434
|move|p1a: Zapdos|Hurricane|p2a: Baconeggncheese
|-damage|p2a: Baconeggncheese|0 fnt
|faint|p2a: Baconeggncheese
|-end|p2a: Baconeggncheese|ability: Neutralizing Gas
|
|-damage|p1a: Zapdos|62/100 brn|[from] brn
|upkeep
|
|t:|1758257436
|switch|p2a: Crimson Chin|Scizor, M|100/100
|turn|35
|
|t:|1758257446
|move|p2a: Crimson Chin|Bullet Punch|p1a: Zapdos
|-resisted|p1a: Zapdos
|-damage|p1a: Zapdos|42/100 brn
|move|p1a: Zapdos|Roost|p1a: Zapdos
|-heal|p1a: Zapdos|92/100 brn
|-singleturn|p1a: Zapdos|move: Roost
|
|-damage|p1a: Zapdos|86/100 brn|[from] brn
|upkeep
|turn|36
|c|☆omnomapuss|gg
|c|☆Palm X|gg
|-message|Palm X forfeited.
|
|win|omnomapuss
|raw|omnomapuss's rating: 1612 &rarr; <strong>1630</strong><br />(+18 for winning)
|raw|Palm X's rating: 1570 &rarr; <strong>1552</strong><br />(-18 for losing)
|l|☆Palm X
|player|p2|
|l|☆omnomapuss
|player|p1|
|l| BigChiefQueef
