|j|☆sophiebrouwer
|j|☆raviolikid
|t:|1758237361
|gametype|singles
|player|p1|sophiebrouwer|170|1509
|player|p2|raviolikid|clair|1614
|gen|9
|tier|[Gen 9] OU
|rated|
|rule|HP Percentage Mod: HP is shown in percentages
|rule|Endless Battle Clause: Forcing endless battles is banned
|rule|Species Clause: Limit one of each Pokémon
|rule|OHKO Clause: OHKO moves are banned
|rule|Evasion Items Clause: Evasion items are banned
|rule|Evasion Moves Clause: Evasion moves are banned
|rule|Evasion Abilities Clause: Evasion abilities are banned
|rule|Sleep Moves Clause: Sleep-inducing moves are banned
|clearpoke
|poke|p1|Ogerpon-Wellspring, F|
|poke|p1|Kingambit, M|
|poke|p1|Landorus-Therian, M|
|poke|p1|Glimmora, M|
|poke|p1|Dragapult, F|
|poke|p1|Iron Valiant|
|poke|p2|Garchomp, M|
|poke|p2|Iron Treads|
|poke|p2|Primarina, F|
|poke|p2|Pecharunt|
|poke|p2|Meowscarada, F|
|poke|p2|Raging Bolt|
|teampreview
|inactive|Battle timer is ON: inactive players will automatically lose when time's up. (requested by raviolikid)
|inactive|raviolikid has 120 seconds left.
|
|t:|1758237393
|teamsize|p1|6
|teamsize|p2|6
|start
|switch|p1a: Dragapult|Dragapult, F|100/100
|switch|p2a: Monster|Garchomp, M|100/100
|turn|1
|
|t:|1758237396
|switch|p2a: 1000 Doves|Primarina, F|100/100
|move|p1a: Dragapult|Shadow Ball|p2a: 1000 Doves
|-damage|p2a: 1000 Doves|66/100
|-unboost|p2a: 1000 Doves|spd|1
|
|upkeep
|turn|2
|inactive|sophiebrouwer has 120 seconds left.
|
|t:|1758237429
|-terastallize|p1a: Dragapult|Ghost
|move|p1a: Dragapult|Shadow Ball|p2a: 1000 Doves
|-damage|p2a: 1000 Doves|0 fnt
|faint|p2a: 1000 Doves
|
|upkeep
|
|t:|1758237446
|switch|p2a: Poker Face|Meowscarada, F|100/100
|turn|3
|inactive|sophiebrouwer has 120 seconds left.
|
|t:|1758237480
|switch|p1a: Kingambit|Kingambit, M|100/100
|move|p2a: Poker Face|U-turn|p1a: Kingambit
|-start|p2a: Poker Face|typechange|Bug|[from] ability: Protean
|-damage|p1a: Kingambit|75/100
|
|t:|1758237495
|switch|p2a: Monster|Garchomp, M|100/100|[from] U-turn
|
|-heal|p1a: Kingambit|81/100|[from] item: Leftovers
|upkeep
|turn|4
|
|t:|1758237514
|-end|p1a: Kingambit|fallenundefined|[silent]
|switch|p1a: Dragapult|Dragapult, F, tera:Ghost|100/100
|move|p2a: Monster|Stealth Rock|p1a: Dragapult
|-sidestart|p1: sophiebrouwer|move: Stealth Rock
|
|upkeep
|turn|5
|
|t:|1758237542
|move|p1a: Dragapult|Draco Meteor|p2a: Monster
|-supereffective|p2a: Monster
|-damage|p2a: Monster|0 fnt
|-unboost|p1a: Dragapult|spa|2
|faint|p2a: Monster
|
|upkeep
|
|t:|1758237548
|switch|p2a: Poker Face|Meowscarada, F|100/100
|turn|6
|
|t:|1758237561
|switch|p1a: Kingambit|Kingambit, M|81/100
|-damage|p1a: Kingambit|75/100|[from] Stealth Rock
|move|p2a: Poker Face|U-turn|p1a: Kingambit
|-start|p2a: Poker Face|typechange|Bug|[from] ability: Protean
|-damage|p1a: Kingambit|51/100
|
|t:|1758237567
|switch|p2a: Venus|Raging Bolt|100/100|[from] U-turn
|
|-heal|p1a: Kingambit|58/100|[from] item: Leftovers
|upkeep
|turn|7
|inactive|sophiebrouwer has 120 seconds left.
|
|t:|1758237593
|-end|p1a: Kingambit|fallenundefined|[silent]
|switch|p1a: Landorus|Landorus-Therian, M|100/100
|-damage|p1a: Landorus|88/100|[from] Stealth Rock
|-ability|p1a: Landorus|Intimidate|boost
|-unboost|p2a: Venus|atk|1
|move|p2a: Venus|Draco Meteor|p1a: Landorus
|-damage|p1a: Landorus|0 fnt
|-unboost|p2a: Venus|spa|2
|faint|p1a: Landorus
|
|upkeep
|
|t:|1758237603
|switch|p1a: Dragapult|Dragapult, F, tera:Ghost|100/100
|-damage|p1a: Dragapult|88/100|[from] Stealth Rock
|turn|8
|inactive|raviolikid has 120 seconds left.
|
|t:|1758237636
|-end|p2a: Venus|Protosynthesis|[silent]
|switch|p2a: Heavy Metal Lover|Iron Treads|100/100
|move|p1a: Dragapult|Shadow Ball|p2a: Heavy Metal Lover
|-damage|p2a: Heavy Metal Lover|5/100
|
|upkeep
|turn|9
|
|t:|1758237641
|-end|p2a: Heavy Metal Lover|Quark Drive|[silent]
|switch|p2a: Poker Face|Meowscarada, F|100/100
|move|p1a: Dragapult|Shadow Ball|p2a: Poker Face
|-resisted|p2a: Poker Face
|-damage|p2a: Poker Face|43/100
|
|upkeep
|turn|10
|
|t:|1758237647
|move|p2a: Poker Face|Knock Off|p1a: Dragapult
|-start|p2a: Poker Face|typechange|Dark|[from] ability: Protean
|-supereffective|p1a: Dragapult
|-damage|p1a: Dragapult|0 fnt
|-enditem|p1a: Dragapult|Choice Specs|[from] move: Knock Off|[of] p2a: Poker Face
|faint|p1a: Dragapult
|
|upkeep
|
|t:|1758237651
|switch|p1a: Iron Valiant|Iron Valiant|100/100
|-damage|p1a: Iron Valiant|94/100|[from] Stealth Rock
|-enditem|p1a: Iron Valiant|Booster Energy
|-activate|p1a: Iron Valiant|ability: Quark Drive|[fromitem]
|-start|p1a: Iron Valiant|quarkdrivespe
|turn|11
|inactive|raviolikid has 120 seconds left.
|
|t:|1758237692
|switch|p2a: Disease|Pecharunt|100/100
|-item|p2a: Disease|Air Balloon
|move|p1a: Iron Valiant|Swords Dance|p1a: Iron Valiant
|-boost|p1a: Iron Valiant|atk|2
|
|upkeep
|turn|12
|
|t:|1758237695
|move|p1a: Iron Valiant|Knock Off|p2a: Disease
|-supereffective|p2a: Disease
|-damage|p2a: Disease|16/100
|-enditem|p2a: Disease|Air Balloon
|move|p2a: Disease|Malignant Chain|p1a: Iron Valiant
|-supereffective|p1a: Iron Valiant
|-damage|p1a: Iron Valiant|0 fnt
|faint|p1a: Iron Valiant
|-end|p1a: Iron Valiant|Quark Drive|[silent]
|
|upkeep
|
|t:|1758237721
|switch|p1a: Ogerpon|Ogerpon-Wellspring, F|100/100
|-damage|p1a: Ogerpon|88/100|[from] Stealth Rock
|turn|13
|inactive|raviolikid has 120 seconds left.
|inactive|raviolikid has 90 seconds left.
|inactive|raviolikid has 60 seconds left.
|
|t:|1758237805
|move|p1a: Ogerpon|Play Rough|p2a: Disease
|-resisted|p2a: Disease
|-damage|p2a: Disease|6/100
|move|p2a: Disease|Malignant Chain|p1a: Ogerpon
|-supereffective|p1a: Ogerpon
|-damage|p1a: Ogerpon|16/100
|-status|p1a: Ogerpon|tox
|-start|p1a: Ogerpon|confusion|[from] ability: Poison Puppeteer|[of] p2a: Disease
|
|-damage|p1a: Ogerpon|10/100 tox|[from] psn
|upkeep
|turn|14
|
|t:|1758237818
|-activate|p1a: Ogerpon|confusion
|move|p1a: Ogerpon|Play Rough|p2a: Disease
|-resisted|p2a: Disease
|-damage|p2a: Disease|0 fnt
|faint|p2a: Disease
|
|-damage|p1a: Ogerpon|0 fnt|[from] psn
|faint|p1a: Ogerpon
|upkeep
|inactive|sophiebrouwer has 120 seconds left.
|inactive|raviolikid has 60 seconds left.
|
|t:|1758237836
|switch|p1a: Kingambit|Kingambit, M|58/100
|switch|p2a: Venus|Raging Bolt|100/100
|-damage|p1a: Kingambit|51/100|[from] Stealth Rock
|-activate|p1a: Kingambit|ability: Supreme Overlord
|-start|p1a: Kingambit|fallen4|[silent]
|turn|15
|inactive|sophiebrouwer has 120 seconds left.
|
|t:|1758237859
|move|p2a: Venus|Thunderbolt|p1a: Kingambit
|-damage|p1a: Kingambit|0 fnt
|faint|p1a: Kingambit
|-end|p1a: Kingambit|fallen4|[silent]
|
|upkeep
|
|t:|1758237861
|switch|p1a: Glimmora|Glimmora, M|100/100
|-damage|p1a: Glimmora|88/100|[from] Stealth Rock
|turn|16
|
|t:|1758237863
|move|p1a: Glimmora|Meteor Beam||[still]
|-prepare|p1a: Glimmora|Meteor Beam
|-boost|p1a: Glimmora|spa|1
|-enditem|p1a: Glimmora|Power Herb
|-anim|p1a: Glimmora|Meteor Beam|p2a: Venus
|-damage|p2a: Venus|7/100
|move|p2a: Venus|Thunderbolt|p1a: Glimmora
|-damage|p1a: Glimmora|0 fnt
|faint|p1a: Glimmora
|
|win|raviolikid
|raw|sophiebrouwer's rating: 1509 &rarr; <strong>1495</strong><br />(-14 for losing)
|raw|raviolikid's rating: 1614 &rarr; <strong>1628</strong><br />(+14 for winning)
