|j|☆Beto1769
|j|☆Obito 2001
|t:|1758361475
|gametype|singles
|player|p1|Beto1769|erika|1676
|player|p2|Obito 2001|blue-gen3two|1721
|gen|9
|tier|[Gen 9] OU
|rated|
|rule|HP Percentage Mod: HP is shown in percentages
|rule|Endless Battle Clause: Forcing endless battles is banned
|rule|Species Clause: Limit one of each Pokémon
|rule|OHKO Clause: OHKO moves are banned
|rule|Evasion Items Clause: Evasion items are banned
|rule|Evasion Moves Clause: Evasion moves are banned
|rule|Evasion Abilities Clause: Evasion abilities are banned
|rule|Sleep Moves Clause: Sleep-inducing moves are banned
|clearpoke
|poke|p1|Dragonite, F|
|poke|p1|Zamazenta-*|
|poke|p1|Landorus-Therian, M|
|poke|p1|Gholdengo|
|poke|p1|Darkrai|
|poke|p1|Hatterene, F|
|poke|p2|Masquerain, M|
|poke|p2|Arcanine-Hisui, F|
|poke|p2|Cinderace, F|
|poke|p2|Enamorus, F|
|poke|p2|Great Tusk|
|poke|p2|Gholdengo|
|teampreview
|inactive|Battle timer is ON: inactive players will automatically lose when time's up. (requested by Obito 2001)
|
|t:|1758361482
|teamsize|p1|6
|teamsize|p2|6
|start
|switch|p1a: Hatterene|Hatterene, F|100/100
|switch|p2a: Masquerain|Masquerain, M|100/100
|-ability|p2a: Masquerain|Intimidate|boost
|-unboost|p1a: Hatterene|atk|1
|turn|1
|
|t:|1758361490
|move|p2a: Masquerain|Sticky Web|p1a: Hatterene
|move|p1a: Hatterene|Sticky Web|p2a: Masquerain|[from] ability: Magic Bounce
|-sidestart|p2: Obito 2001|move: Sticky Web
|move|p1a: Hatterene|Mystical Fire|p2a: Masquerain
|-supereffective|p2a: Masquerain
|-damage|p2a: Masquerain|25/100
|-unboost|p2a: Masquerain|spa|1
|
|upkeep
|turn|2
|
|t:|1758361499
|switch|p2a: BunnyGirlSenpai|Cinderace, F|100/100
|move|p1a: Hatterene|Draining Kiss|p2a: BunnyGirlSenpai
|-resisted|p2a: BunnyGirlSenpai
|-damage|p2a: BunnyGirlSenpai|84/100
|
|upkeep
|turn|3
|
|t:|1758361510
|switch|p1a: Landorus|Landorus-Therian, M|100/100
|-ability|p1a: Landorus|Intimidate|boost
|-unboost|p2a: BunnyGirlSenpai|atk|1
|move|p2a: BunnyGirlSenpai|Court Change|p2a: BunnyGirlSenpai
|-swapsideconditions
|-activate|p2a: BunnyGirlSenpai|move: Court Change
|
|upkeep
|turn|4
|
|t:|1758361519
|switch|p2a: Masquerain|Masquerain, M|25/100
|-ability|p2a: Masquerain|Intimidate|boost
|-unboost|p1a: Landorus|atk|1
|move|p1a: Landorus|Earthquake|p2a: Masquerain
|-immune|p2a: Masquerain
|
|upkeep
|turn|5
|
|t:|1758361526
|switch|p1a: Hatterene|Hatterene, F|100/100
|-activate|p1a: Hatterene|move: Sticky Web
|-unboost|p1a: Hatterene|spe|1
|move|p2a: Masquerain|Ice Beam|p1a: Hatterene
|-damage|p1a: Hatterene|82/100
|
|upkeep
|turn|6
|
|t:|1758361539
|move|p2a: Masquerain|Bug Buzz|p1a: Hatterene
|-damage|p1a: Hatterene|56/100
|move|p1a: Hatterene|Draining Kiss|p2a: Masquerain
|-damage|p2a: Masquerain|0 fnt
|-heal|p1a: Hatterene|73/100|[from] drain|[of] p2a: Masquerain
|faint|p2a: Masquerain
|
|upkeep
|
|t:|1758361544
|switch|p2a: Gholdengo|Gholdengo|100/100
|turn|7
|
|t:|1758361550
|move|p2a: Gholdengo|Make It Rain|p1a: Hatterene
|-supereffective|p1a: Hatterene
|-damage|p1a: Hatterene|0 fnt
|-unboost|p2a: Gholdengo|spa|1
|faint|p1a: Hatterene
|
|upkeep
|
|t:|1758361553
|switch|p1a: Landorus|Landorus-Therian, M|100/100
|-ability|p1a: Landorus|Intimidate|boost
|-unboost|p2a: Gholdengo|atk|1
|turn|8
|
|t:|1758361561
|switch|p2a: Mega Donphan|Great Tusk|100/100
|move|p1a: Landorus|Stealth Rock|p2a: Mega Donphan
|-sidestart|p2: Obito 2001|move: Stealth Rock
|
|upkeep
|turn|9
|
|t:|1758361567
|move|p2a: Mega Donphan|Ice Spinner|p1a: Landorus
|-supereffective|p1a: Landorus
|-damage|p1a: Landorus|0 fnt
|-damage|p2a: Mega Donphan|84/100|[from] item: Rocky Helmet|[of] p1a: Landorus
|faint|p1a: Landorus
|
|upkeep
|
|t:|1758361574
|switch|p1a: Zamazenta|Zamazenta|100/100
|-activate|p1a: Zamazenta|move: Sticky Web
|-unboost|p1a: Zamazenta|spe|1
|-ability|p1a: Zamazenta|Dauntless Shield|boost
|-boost|p1a: Zamazenta|def|1
|turn|10
|
|t:|1758361577
|move|p2a: Mega Donphan|Rapid Spin|p1a: Zamazenta
|-damage|p1a: Zamazenta|91/100
|-boost|p2a: Mega Donphan|spe|1
|-sideend|p2: Obito 2001|Stealth Rock|[from] move: Rapid Spin|[of] p2a: Mega Donphan
|move|p1a: Zamazenta|Iron Defense|p1a: Zamazenta
|-boost|p1a: Zamazenta|def|2
|
|-heal|p1a: Zamazenta|97/100|[from] item: Leftovers
|upkeep
|turn|11
|
|t:|1758361583
|-end|p2a: Mega Donphan|Protosynthesis|[silent]
|switch|p2a: Gholdengo|Gholdengo|100/100
|move|p1a: Zamazenta|Body Press|p2a: Gholdengo
|-immune|p2a: Gholdengo
|
|-heal|p1a: Zamazenta|100/100|[from] item: Leftovers
|upkeep
|turn|12
|
|t:|1758361588
|-terastallize|p1a: Zamazenta|Fire
|move|p1a: Zamazenta|Crunch|p2a: Gholdengo
|-supereffective|p2a: Gholdengo
|-damage|p2a: Gholdengo|50/100
|move|p2a: Gholdengo|Make It Rain|p1a: Zamazenta
|-resisted|p1a: Zamazenta
|-damage|p1a: Zamazenta|56/100
|-unboost|p2a: Gholdengo|spa|1
|
|-heal|p1a: Zamazenta|62/100|[from] item: Leftovers
|upkeep
|turn|13
|
|t:|1758361599
|switch|p2a: Enamorus|Enamorus, F|100/100
|move|p1a: Zamazenta|Body Press|p2a: Enamorus
|-resisted|p2a: Enamorus
|-damage|p2a: Enamorus|66/100
|
|-heal|p1a: Zamazenta|68/100|[from] item: Leftovers
|upkeep
|turn|14
|
|t:|1758361606
|switch|p1a: Gholdengo|Gholdengo|100/100
|-activate|p1a: Gholdengo|move: Sticky Web
|-unboost|p1a: Gholdengo|spe|1
|move|p2a: Enamorus|Earth Power|p1a: Gholdengo
|-supereffective|p1a: Gholdengo
|-damage|p1a: Gholdengo|37/100
|
|upkeep
|turn|15
|
|t:|1758361609
|switch|p1a: Dragonite|Dragonite, F|100/100
|move|p2a: Enamorus|Earth Power|p1a: Dragonite
|-immune|p1a: Dragonite
|
|upkeep
|turn|16
|
|t:|1758361615
|move|p1a: Dragonite|Extreme Speed|p2a: Enamorus
|-damage|p2a: Enamorus|22/100
|move|p2a: Enamorus|Moonblast|p1a: Dragonite
|-supereffective|p1a: Dragonite
|-damage|p1a: Dragonite|43/100
|
|upkeep
|turn|17
|
|t:|1758361621
|switch|p2a: Mega Donphan|Great Tusk|84/100
|move|p1a: Dragonite|Extreme Speed|p2a: Mega Donphan
|-damage|p2a: Mega Donphan|65/100
|
|upkeep
|turn|18
|
|t:|1758361628
|switch|p1a: Gholdengo|Gholdengo|37/100
|-activate|p1a: Gholdengo|move: Sticky Web
|-unboost|p1a: Gholdengo|spe|1
|move|p2a: Mega Donphan|Ice Spinner|p1a: Gholdengo
|-resisted|p1a: Gholdengo
|-damage|p1a: Gholdengo|23/100
|
|upkeep
|turn|19
|
|t:|1758361639
|switch|p1a: Darkrai|Darkrai|100/100
|move|p2a: Mega Donphan|Headlong Rush|p1a: Darkrai
|-damage|p1a: Darkrai|24/100
|-unboost|p2a: Mega Donphan|def|1
|-unboost|p2a: Mega Donphan|spd|1
|
|upkeep
|turn|20
|
|t:|1758361649
|-end|p2a: Mega Donphan|Protosynthesis|[silent]
|switch|p2a: Arcanine|Arcanine-Hisui, F|100/100
|move|p1a: Darkrai|Dark Pulse|p2a: Arcanine
|-damage|p2a: Arcanine|57/100
|
|upkeep
|turn|21
|
|t:|1758361659
|switch|p1a: Gholdengo|Gholdengo|23/100
|-activate|p1a: Gholdengo|move: Sticky Web
|-unboost|p1a: Gholdengo|spe|1
|move|p2a: Arcanine|Flare Blitz|p1a: Gholdengo
|-supereffective|p1a: Gholdengo
|-crit|p1a: Gholdengo
|-damage|p1a: Gholdengo|0 fnt
|faint|p1a: Gholdengo
|
|upkeep
|
|t:|1758361666
|switch|p1a: Dragonite|Dragonite, F|43/100
|turn|22
|
|t:|1758361671
|switch|p2a: Enamorus|Enamorus, F|22/100
|move|p1a: Dragonite|Earthquake|p2a: Enamorus
|-immune|p2a: Enamorus
|
|upkeep
|turn|23
|
|t:|1758361675
|switch|p2a: Gholdengo|Gholdengo|50/100
|move|p1a: Dragonite|Extreme Speed|p2a: Gholdengo
|-immune|p2a: Gholdengo
|
|upkeep
|turn|24
|
|t:|1758361680
|move|p1a: Dragonite|Dragon Dance|p1a: Dragonite
|-boost|p1a: Dragonite|atk|1
|-boost|p1a: Dragonite|spe|1
|move|p2a: Gholdengo|Shadow Ball|p1a: Dragonite
|-damage|p1a: Dragonite|0 fnt
|faint|p1a: Dragonite
|
|upkeep
|
|t:|1758361683
|switch|p1a: Darkrai|Darkrai|24/100
|turn|25
|
|t:|1758361691
|move|p1a: Darkrai|Dark Pulse|p2a: Gholdengo
|-supereffective|p2a: Gholdengo
|-damage|p2a: Gholdengo|0 fnt
|faint|p2a: Gholdengo
|
|upkeep
|
|t:|1758361693
|switch|p2a: Arcanine|Arcanine-Hisui, F|57/100
|turn|26
|
|t:|1758361695
|move|p2a: Arcanine|Extreme Speed|p1a: Darkrai
|-damage|p1a: Darkrai|0 fnt
|faint|p1a: Darkrai
|
|upkeep
|
|t:|1758361698
|switch|p1a: Zamazenta|Zamazenta, tera:Fire|68/100
|-activate|p1a: Zamazenta|move: Sticky Web
|-unboost|p1a: Zamazenta|spe|1
|turn|27
|-message|Beto1769 forfeited.
|
|win|Obito 2001
|raw|Beto1769's rating: 1676 &rarr; <strong>1659</strong><br />(-17 for losing)
|raw|Obito 2001's rating: 1721 &rarr; <strong>1738</strong><br />(+17 for winning)
|l|☆Beto1769
|player|p1|
