|j|☆3idk
|j|☆arturohdez
|t:|1758259588
|gametype|singles
|player|p1|3idk|lusamine-masters|1439
|player|p2|arturohdez|iris-gen5bw2|1476
|gen|9
|tier|[Gen 9] OU
|rated|
|rule|HP Percentage Mod: HP is shown in percentages
|rule|Endless Battle Clause: Forcing endless battles is banned
|rule|Species Clause: Limit one of each Pokémon
|rule|OHKO Clause: OHKO moves are banned
|rule|Evasion Items Clause: Evasion items are banned
|rule|Evasion Moves Clause: Evasion moves are banned
|rule|Evasion Abilities Clause: Evasion abilities are banned
|rule|Sleep Moves Clause: Sleep-inducing moves are banned
|clearpoke
|poke|p1|Pelipper, F|
|poke|p1|Hatterene, F|
|poke|p1|Iron Treads|
|poke|p1|Toxicroak, F|
|poke|p1|Barraskewda, F|
|poke|p1|Zapdos|
|poke|p2|Landorus-Therian, M|
|poke|p2|Cinderace, M|
|poke|p2|Zamazenta-*|
|poke|p2|Slowking-Galar, M|
|poke|p2|Ogerpon-Wellspring, F|
|poke|p2|Hydreigon, M|
|teampreview
|inactive|Battle timer is ON: inactive players will automatically lose when time's up. (requested by 3idk)
|j| oozoingreeper
|
|t:|1758259605
|teamsize|p1|6
|teamsize|p2|6
|start
|switch|p1a: Barraskewda|Barraskewda, F|100/100
|switch|p2a: Landorus|Landorus-Therian, M, shiny|100/100
|-ability|p2a: Landorus|Intimidate|boost
|-unboost|p1a: Barraskewda|atk|1
|turn|1
|
|t:|1758259622
|switch|p2a: Ogerpon|Ogerpon-Wellspring, F|100/100
|move|p1a: Barraskewda|Flip Turn|p2a: Ogerpon
|-immune|p2a: Ogerpon|[from] ability: Water Absorb
|
|upkeep
|turn|2
|
|t:|1758259646
|switch|p1a: Toxicroak|Toxicroak, F|100/100
|move|p2a: Ogerpon|Knock Off|p1a: Toxicroak
|-resisted|p1a: Toxicroak
|-damage|p1a: Toxicroak|82/100
|-damage|p2a: Ogerpon|84/100|[from] item: Rocky Helmet|[of] p1a: Toxicroak
|-enditem|p1a: Toxicroak|Rocky Helmet|[from] move: Knock Off|[of] p2a: Ogerpon
|
|upkeep
|turn|3
|inactive|3idk has 120 seconds left.
|
|t:|1758259705
|switch|p2a: Landorus|Landorus-Therian, M, shiny|100/100
|-ability|p2a: Landorus|Intimidate|boost
|-unboost|p1a: Toxicroak|atk|1
|move|p1a: Toxicroak|Knock Off|p2a: Landorus
|-damage|p2a: Landorus|86/100
|-damage|p1a: Toxicroak|66/100|[from] item: Rocky Helmet|[of] p2a: Landorus
|-enditem|p2a: Landorus|Rocky Helmet|[from] move: Knock Off|[of] p1a: Toxicroak
|
|upkeep
|turn|4
|
|t:|1758259712
|switch|p1a: Hatterene|Hatterene, F|100/100
|move|p2a: Landorus|U-turn|p1a: Hatterene
|-damage|p1a: Hatterene|80/100
|-enditem|p1a: Hatterene|Eject Button
|inactive|3idk has 90 seconds left.
|
|t:|1758259743
|switch|p1a: Barraskewda|Barraskewda, F|100/100
|
|upkeep
|turn|5
|
|t:|1758259749
|move|p1a: Barraskewda|Flip Turn|p2a: Landorus
|-supereffective|p2a: Landorus
|-damage|p2a: Landorus|0 fnt
|faint|p2a: Landorus
|inactive|3idk has 90 seconds left.
|
|t:|1758259781
|switch|p1a: Pelipper|Pelipper, F|100/100|[from] Flip Turn
|-weather|RainDance|[from] ability: Drizzle|[of] p1a: Pelipper
|
|-weather|RainDance|[upkeep]
|upkeep
|
|t:|1758259785
|switch|p2a: Slowking|Slowking-Galar, M, shiny|100/100
|turn|6
|
|t:|1758259788
|move|p1a: Pelipper|Knock Off|p2a: Slowking
|-supereffective|p2a: Slowking
|-damage|p2a: Slowking|76/100
|-enditem|p2a: Slowking|Assault Vest|[from] move: Knock Off|[of] p1a: Pelipper
|move|p2a: Slowking|Sludge Bomb|p1a: Pelipper
|-damage|p1a: Pelipper|59/100
|
|-weather|RainDance|[upkeep]
|upkeep
|turn|7
|
|t:|1758259796
|move|p1a: Pelipper|U-turn|p2a: Slowking
|-damage|p2a: Slowking|66/100
|
|t:|1758259800
|switch|p1a: Iron Treads|Iron Treads|100/100|[from] U-turn
|move|p2a: Slowking|Flamethrower|p1a: Iron Treads
|-supereffective|p1a: Iron Treads
|-damage|p1a: Iron Treads|79/100
|
|-weather|RainDance|[upkeep]
|-heal|p1a: Iron Treads|85/100|[from] item: Leftovers
|upkeep
|turn|8
|
|t:|1758259808
|switch|p2a: Zamazenta|Zamazenta|100/100
|-ability|p2a: Zamazenta|Dauntless Shield|boost
|-boost|p2a: Zamazenta|def|1
|move|p1a: Iron Treads|Volt Switch|p2a: Zamazenta
|-damage|p2a: Zamazenta|91/100
|
|t:|1758259813
|-end|p1a: Iron Treads|Quark Drive|[silent]
|switch|p1a: Zapdos|Zapdos|100/100|[from] Volt Switch
|
|-weather|RainDance|[upkeep]
|-heal|p2a: Zamazenta|97/100|[from] item: Leftovers
|upkeep
|turn|9
|
|t:|1758259820
|switch|p2a: Slowking|Slowking-Galar, M, shiny|99/100
|move|p1a: Zapdos|Hurricane|p2a: Slowking
|-damage|p2a: Slowking|40/100
|
|-weather|RainDance|[upkeep]
|upkeep
|turn|10
|
|t:|1758259828
|switch|p2a: Hydreigon|Hydreigon, M|100/100
|move|p1a: Zapdos|Hurricane|p2a: Hydreigon
|-crit|p2a: Hydreigon
|-damage|p2a: Hydreigon|0 fnt
|faint|p2a: Hydreigon
|
|-weather|RainDance|[upkeep]
|upkeep
|l| oozoingreeper
|
|t:|1758259843
|switch|p2a: Cinderace|Cinderace, M, shiny|100/100
|turn|11
|
|t:|1758259851
|switch|p1a: Hatterene|Hatterene, F|80/100
|move|p2a: Cinderace|Pyro Ball|p1a: Hatterene
|-damage|p1a: Hatterene|60/100
|
|-weather|RainDance|[upkeep]
|upkeep
|turn|12
|
|t:|1758259856
|move|p2a: Cinderace|U-turn|p1a: Hatterene
|-damage|p1a: Hatterene|44/100
|
|t:|1758259859
|switch|p2a: Slowking|Slowking-Galar, M, shiny|73/100|[from] U-turn
|move|p1a: Hatterene|Nuzzle|p2a: Slowking
|-damage|p2a: Slowking|69/100
|-status|p2a: Slowking|par
|
|-weather|none
|upkeep
|turn|13
|
|t:|1758259866
|switch|p1a: Iron Treads|Iron Treads|85/100
|move|p2a: Slowking|Flamethrower|p1a: Iron Treads
|-supereffective|p1a: Iron Treads
|-damage|p1a: Iron Treads|42/100
|-status|p1a: Iron Treads|brn
|
|-heal|p1a: Iron Treads|48/100 brn|[from] item: Leftovers
|-damage|p1a: Iron Treads|42/100 brn|[from] brn
|upkeep
|turn|14
|
|t:|1758259872
|move|p1a: Iron Treads|Stealth Rock|p2a: Slowking
|-sidestart|p2: arturohdez|move: Stealth Rock
|move|p2a: Slowking|Flamethrower|p1a: Iron Treads
|-supereffective|p1a: Iron Treads
|-damage|p1a: Iron Treads|0 fnt
|faint|p1a: Iron Treads
|-end|p1a: Iron Treads|Quark Drive|[silent]
|
|upkeep
|
|t:|1758259878
|switch|p1a: Barraskewda|Barraskewda, F|100/100
|turn|15
|
|t:|1758259883
|switch|p2a: Ogerpon|Ogerpon-Wellspring, F|84/100
|-damage|p2a: Ogerpon|72/100|[from] Stealth Rock
|move|p1a: Barraskewda|Flip Turn|p2a: Ogerpon
|-heal|p2a: Ogerpon|97/100|[from] ability: Water Absorb|[of] p1a: Barraskewda
|
|upkeep
|turn|16
|
|t:|1758259894
|switch|p1a: Toxicroak|Toxicroak, F|66/100
|move|p2a: Ogerpon|Knock Off|p1a: Toxicroak
|-resisted|p1a: Toxicroak
|-damage|p1a: Toxicroak|53/100
|
|upkeep
|turn|17
|
|t:|1758259906
|switch|p2a: Cinderace|Cinderace, M, shiny|100/100
|switch|p1a: Zapdos|Zapdos|100/100
|
|upkeep
|turn|18
|
|t:|1758259912
|move|p2a: Cinderace|Court Change|p2a: Cinderace
|-swapsideconditions
|-activate|p2a: Cinderace|move: Court Change
|move|p1a: Zapdos|Volt Switch|p2a: Cinderace
|-damage|p2a: Cinderace|39/100
|
|t:|1758259919
|switch|p1a: Barraskewda|Barraskewda, F|100/100|[from] Volt Switch
|-damage|p1a: Barraskewda|88/100|[from] Stealth Rock
|
|upkeep
|turn|19
|
|t:|1758259923
|switch|p2a: Ogerpon|Ogerpon-Wellspring, F|97/100
|move|p1a: Barraskewda|Aqua Jet|p2a: Ogerpon
|-heal|p2a: Ogerpon|100/100|[from] ability: Water Absorb|[of] p1a: Barraskewda
|
|upkeep
|turn|20
|
|t:|1758259930
|switch|p1a: Toxicroak|Toxicroak, F|53/100
|-damage|p1a: Toxicroak|47/100|[from] Stealth Rock
|move|p2a: Ogerpon|Horn Leech|p1a: Toxicroak
|-resisted|p1a: Toxicroak
|-damage|p1a: Toxicroak|26/100
|
|upkeep
|turn|21
|
|t:|1758259948
|switch|p2a: Slowking|Slowking-Galar, M, shiny|100/100 par
|switch|p1a: Pelipper|Pelipper, F|59/100
|-damage|p1a: Pelipper|35/100|[from] Stealth Rock
|-weather|RainDance|[from] ability: Drizzle|[of] p1a: Pelipper
|
|-weather|RainDance|[upkeep]
|upkeep
|turn|22
|
|t:|1758259957
|move|p1a: Pelipper|Roost|p1a: Pelipper
|-heal|p1a: Pelipper|85/100
|-singleturn|p1a: Pelipper|move: Roost
|move|p2a: Slowking|Sludge Bomb|p1a: Pelipper
|-damage|p1a: Pelipper|45/100
|-status|p1a: Pelipper|psn
|
|-weather|RainDance|[upkeep]
|-damage|p1a: Pelipper|33/100 psn|[from] psn
|upkeep
|turn|23
|
|t:|1758259966
|move|p1a: Pelipper|Hurricane|p2a: Slowking
|-damage|p2a: Slowking|75/100 par
|move|p2a: Slowking|Sludge Bomb|p1a: Pelipper
|-damage|p1a: Pelipper|0 fnt
|faint|p1a: Pelipper
|
|-weather|RainDance|[upkeep]
|upkeep
|
|t:|1758259970
|switch|p1a: Zapdos|Zapdos|100/100
|-damage|p1a: Zapdos|76/100|[from] Stealth Rock
|turn|24
|
|t:|1758259978
|move|p1a: Zapdos|Hurricane|p2a: Slowking
|-damage|p2a: Slowking|11/100 par
|-start|p2a: Slowking|confusion
|-activate|p2a: Slowking|confusion
|move|p2a: Slowking|Sludge Bomb|p1a: Zapdos
|-damage|p1a: Zapdos|26/100
|
|-weather|RainDance|[upkeep]
|upkeep
|turn|25
|
|t:|1758259998
|switch|p2a: Cinderace|Cinderace, M, shiny|39/100
|move|p1a: Zapdos|Hurricane|p2a: Cinderace
|-damage|p2a: Cinderace|0 fnt
|faint|p2a: Cinderace
|
|-weather|RainDance|[upkeep]
|upkeep
|
|t:|1758260006
|switch|p2a: Zamazenta|Zamazenta|97/100
|turn|26
|
|t:|1758260023
|-terastallize|p2a: Zamazenta|Fire
|move|p1a: Zapdos|Hurricane|p2a: Zamazenta
|-damage|p2a: Zamazenta|24/100
|move|p2a: Zamazenta|Roar|p1a: Zapdos
|drag|p1a: Toxicroak|Toxicroak, F|26/100
|-damage|p1a: Toxicroak|19/100|[from] Stealth Rock
|
|-weather|RainDance|[upkeep]
|-heal|p1a: Toxicroak|32/100|[from] ability: Dry Skin
|-heal|p2a: Zamazenta|30/100|[from] item: Leftovers
|upkeep
|turn|27
|
|t:|1758260030
|move|p2a: Zamazenta|Body Press|p1a: Toxicroak
|-resisted|p1a: Toxicroak
|-damage|p1a: Toxicroak|15/100
|move|p1a: Toxicroak|Drain Punch|p2a: Zamazenta
|-damage|p2a: Zamazenta|12/100
|-heal|p1a: Toxicroak|24/100|[from] drain|[of] p2a: Zamazenta
|
|-weather|RainDance|[upkeep]
|-heal|p1a: Toxicroak|37/100|[from] ability: Dry Skin
|-heal|p2a: Zamazenta|18/100|[from] item: Leftovers
|upkeep
|turn|28
|
|t:|1758260038
|switch|p2a: Slowking|Slowking-Galar, M, shiny|44/100 par
|move|p1a: Toxicroak|Knock Off|p2a: Slowking
|-supereffective|p2a: Slowking
|-damage|p2a: Slowking|10/100 par
|
|-weather|none
|upkeep
|turn|29
|
|t:|1758260044
|switch|p2a: Zamazenta|Zamazenta, tera:Fire|18/100
|move|p1a: Toxicroak|Knock Off|p2a: Zamazenta
|-damage|p2a: Zamazenta|1/100
|-enditem|p2a: Zamazenta|Leftovers|[from] move: Knock Off|[of] p1a: Toxicroak
|
|upkeep
|turn|30
|
|t:|1758260050
|move|p2a: Zamazenta|Crunch|p1a: Toxicroak
|-resisted|p1a: Toxicroak
|-damage|p1a: Toxicroak|27/100
|move|p1a: Toxicroak|Drain Punch|p2a: Zamazenta
|-damage|p2a: Zamazenta|0 fnt
|-heal|p1a: Toxicroak|28/100|[from] drain|[of] p2a: Zamazenta
|faint|p2a: Zamazenta
|
|upkeep
|
|t:|1758260054
|switch|p2a: Slowking|Slowking-Galar, M, shiny|44/100 par
|turn|31
|
|t:|1758260057
|move|p1a: Toxicroak|Knock Off|p2a: Slowking
|-supereffective|p2a: Slowking
|-damage|p2a: Slowking|12/100 par
|move|p2a: Slowking|Psyshock|p1a: Toxicroak
|-supereffective|p1a: Toxicroak
|-crit|p1a: Toxicroak
|-damage|p1a: Toxicroak|0 fnt
|faint|p1a: Toxicroak
|
|upkeep
|
|t:|1758260081
|switch|p1a: Barraskewda|Barraskewda, F|88/100
|-damage|p1a: Barraskewda|76/100|[from] Stealth Rock
|turn|32
|
|t:|1758260084
|switch|p2a: Ogerpon|Ogerpon-Wellspring, F|100/100
|move|p1a: Barraskewda|Close Combat|p2a: Ogerpon
|-damage|p2a: Ogerpon|19/100
|-unboost|p1a: Barraskewda|def|1
|-unboost|p1a: Barraskewda|spd|1
|
|upkeep
|turn|33
|
|t:|1758260091
|switch|p2a: Slowking|Slowking-Galar, M, shiny|45/100 par
|move|p1a: Barraskewda|Close Combat|p2a: Slowking
|-resisted|p2a: Slowking
|-damage|p2a: Slowking|28/100 par
|-unboost|p1a: Barraskewda|def|1
|-unboost|p1a: Barraskewda|spd|1
|
|upkeep
|turn|34
|
|t:|1758260099
|switch|p1a: Hatterene|Hatterene, F|44/100
|-damage|p1a: Hatterene|32/100|[from] Stealth Rock
|cant|p2a: Slowking|par
|
|upkeep
|turn|35
|
|t:|1758260106
|move|p1a: Hatterene|Healing Wish|p1a: Hatterene
|faint|p1a: Hatterene
|move|p2a: Slowking|Sludge Bomb|p1: Hatterene|[notarget]
|-fail|p2a: Slowking
|
|upkeep
|
|t:|1758260111
|switch|p1a: Zapdos|Zapdos|26/100
|-heal|p1a: Zapdos|100/100|[from] move: Healing Wish
|-damage|p1a: Zapdos|76/100|[from] Stealth Rock
|turn|36
|
|t:|1758260115
|move|p1a: Zapdos|Volt Switch|p2a: Slowking
|-damage|p2a: Slowking|0 fnt
|faint|p2a: Slowking
|
|t:|1758260132
|switch|p1a: Barraskewda|Barraskewda, F|76/100|[from] Volt Switch
|-damage|p1a: Barraskewda|64/100|[from] Stealth Rock
|
|upkeep
|
|t:|1758260136
|switch|p2a: Ogerpon|Ogerpon-Wellspring, F|19/100
|turn|37
|inactive|3idk has 120 seconds left.
|
|t:|1758260178
|move|p1a: Barraskewda|Close Combat|p2a: Ogerpon
|-damage|p2a: Ogerpon|0 fnt
|-unboost|p1a: Barraskewda|def|1
|-unboost|p1a: Barraskewda|spd|1
|faint|p2a: Ogerpon
|
|win|3idk
|raw|3idk's rating: 1461 &rarr; <strong>1482</strong><br />(+21 for winning)
|raw|arturohdez's rating: 1476 &rarr; <strong>1455</strong><br />(-21 for losing)
|l|☆3idk
|player|p1|
|l|☆arturohdez
|player|p2|
