|j|☆darkid321
|j|☆FruitAtTheBottom
|t:|1758377933
|gametype|singles
|player|p1|darkid321|policeman-gen4|1413
|player|p2|FruitAtTheBottom|101|1454
|gen|9
|tier|[Gen 9] OU
|rated|
|rule|HP Percentage Mod: HP is shown in percentages
|rule|Endless Battle Clause: Forcing endless battles is banned
|rule|Species Clause: Limit one of each Pokémon
|rule|OHKO Clause: OHKO moves are banned
|rule|Evasion Items Clause: Evasion items are banned
|rule|Evasion Moves Clause: Evasion moves are banned
|rule|Evasion Abilities Clause: Evasion abilities are banned
|rule|Sleep Moves Clause: Sleep-inducing moves are banned
|clearpoke
|poke|p1|Walking Wake|
|poke|p1|Rillaboom, M|
|poke|p1|Skeledirge, M|
|poke|p1|Azelf|
|poke|p1|Iron Treads|
|poke|p1|Iron Hands|
|poke|p2|Alomomola, M|
|poke|p2|Gholdengo|
|poke|p2|Great Tusk|
|poke|p2|Raging Bolt|
|poke|p2|Kingambit, M|
|poke|p2|Slowking-Galar, M|
|teampreview
|inactive|Battle timer is ON: inactive players will automatically lose when time's up. (requested by darkid321)
|
|t:|1758377957
|teamsize|p1|6
|teamsize|p2|6
|start
|switch|p1a: Rillaboom|Rillaboom, M|100/100
|switch|p2a: Gholdengo|Gholdengo|100/100
|-fieldstart|move: Grassy Terrain|[from] ability: Grassy Surge|[of] p1a: Rillaboom
|turn|1
|
|t:|1758377965
|move|p2a: Gholdengo|Make It Rain|p1a: Rillaboom
|-damage|p1a: Rillaboom|50/100
|-unboost|p2a: Gholdengo|spa|1
|move|p1a: Rillaboom|High Horsepower|p2a: Gholdengo
|-supereffective|p2a: Gholdengo
|-damage|p2a: Gholdengo|42/100
|
|-heal|p2a: Gholdengo|48/100|[from] Grassy Terrain
|-heal|p1a: Rillaboom|56/100|[from] Grassy Terrain
|-heal|p1a: Rillaboom|62/100|[from] item: Leftovers
|upkeep
|turn|2
|
|t:|1758377981
|switch|p2a: Slowking|Slowking-Galar, M|100/100
|move|p1a: Rillaboom|Leech Seed|p2a: Slowking
|-start|p2a: Slowking|move: Leech Seed
|
|-heal|p1a: Rillaboom|68/100|[from] Grassy Terrain
|-heal|p1a: Rillaboom|75/100|[from] item: Leftovers
|-damage|p2a: Slowking|88/100|[from] Leech Seed|[of] p1a: Rillaboom
|-heal|p1a: Rillaboom|87/100|[silent]
|upkeep
|turn|3
|
|t:|1758377994
|move|p1a: Rillaboom|High Horsepower|p2a: Slowking
|-supereffective|p2a: Slowking
|-damage|p2a: Slowking|33/100
|move|p2a: Slowking|Toxic Spikes|p1a: Rillaboom
|-sidestart|p1: darkid321|move: Toxic Spikes
|
|-heal|p1a: Rillaboom|93/100|[from] Grassy Terrain
|-heal|p1a: Rillaboom|99/100|[from] item: Leftovers
|-heal|p2a: Slowking|39/100|[from] Grassy Terrain
|-damage|p2a: Slowking|26/100|[from] Leech Seed|[of] p1a: Rillaboom
|-heal|p1a: Rillaboom|100/100|[silent]
|upkeep
|turn|4
|
|t:|1758378004
|switch|p1a: Iron Treads|Iron Treads|100/100
|-enditem|p1a: Iron Treads|Booster Energy
|-activate|p1a: Iron Treads|ability: Quark Drive|[fromitem]
|-start|p1a: Iron Treads|quarkdrivespe
|switch|p2a: Gholdengo|Gholdengo|48/100
|
|-heal|p2a: Gholdengo|54/100|[from] Grassy Terrain
|upkeep
|turn|5
|
|t:|1758378020
|move|p1a: Iron Treads|High Horsepower|p2a: Gholdengo
|-supereffective|p2a: Gholdengo
|-damage|p2a: Gholdengo|0 fnt
|faint|p2a: Gholdengo
|
|-fieldend|move: Grassy Terrain
|upkeep
|
|t:|1758378027
|switch|p2a: Great Tusk|Great Tusk|100/100
|turn|6
|
|t:|1758378036
|-end|p1a: Iron Treads|Quark Drive|[silent]
|switch|p1a: Azelf|Azelf|100/100
|move|p2a: Great Tusk|Earthquake|p1a: Azelf
|-immune|p1a: Azelf|[from] ability: Levitate
|
|upkeep
|turn|7
|
|t:|1758378046
|-end|p2a: Great Tusk|Protosynthesis|[silent]
|switch|p2a: Kingambit|Kingambit, M|100/100
|-activate|p2a: Kingambit|ability: Supreme Overlord
|-start|p2a: Kingambit|fallen1|[silent]
|move|p1a: Azelf|Psychic|p2a: Kingambit
|-immune|p2a: Kingambit
|
|upkeep
|turn|8
|
|t:|1758378054
|move|p1a: Azelf|Flamethrower|p2a: Kingambit
|-supereffective|p2a: Kingambit
|-damage|p2a: Kingambit|31/100
|-status|p2a: Kingambit|brn
|move|p2a: Kingambit|Swords Dance|p2a: Kingambit
|-boost|p2a: Kingambit|atk|2
|
|-damage|p2a: Kingambit|25/100 brn|[from] brn
|upkeep
|turn|9
|-message|FruitAtTheBottom forfeited.
|
|win|darkid321
|raw|darkid321's rating: 1413 &rarr; <strong>1435</strong><br />(+22 for winning)
|raw|FruitAtTheBottom's rating: 1454 &rarr; <strong>1432</strong><br />(-22 for losing)
|l|☆FruitAtTheBottom
|player|p2|
|l|☆darkid321
|player|p1|
