|j|☆Floop Noopulus
|j|‽myree
|t:|1758233314
|gametype|singles
|player|p1|Floop Noopulus|veteran|1628
|player|p2|myree|benga|1636
|gen|9
|tier|[Gen 9] OU
|rated|
|rule|HP Percentage Mod: HP is shown in percentages
|rule|Endless Battle Clause: Forcing endless battles is banned
|rule|Species Clause: Limit one of each Pokémon
|rule|OHKO Clause: OHKO moves are banned
|rule|Evasion Items Clause: Evasion items are banned
|rule|Evasion Moves Clause: Evasion moves are banned
|rule|Evasion Abilities Clause: Evasion abilities are banned
|rule|Sleep Moves Clause: Sleep-inducing moves are banned
|clearpoke
|poke|p1|Sandy Shocks|
|poke|p1|Torkoal, F|
|poke|p1|Primarina, M|
|poke|p1|Great Tusk|
|poke|p1|Slither Wing|
|poke|p1|Hatterene, F|
|poke|p2|Fezandipiti, M|
|poke|p2|Iron Crown|
|poke|p2|Iron Boulder|
|poke|p2|Iron Hands|
|poke|p2|Samurott-Hisui, F|
|poke|p2|Enamorus-Therian, F|
|teampreview
|inactive|Battle timer is ON: inactive players will automatically lose when time's up. (requested by Floop Noopulus)
|
|t:|1758233330
|teamsize|p1|6
|teamsize|p2|6
|start
|switch|p1a: Sandy Shocks|Sandy Shocks|100/100
|switch|p2a: Samurott|Samurott-Hisui, F|100/100
|turn|1
|
|t:|1758233335
|move|p1a: Sandy Shocks|Volt Switch|p2a: Samurott
|-supereffective|p2a: Samurott
|-damage|p2a: Samurott|34/100
|
|t:|1758233337
|-end|p1a: Sandy Shocks|Protosynthesis|[silent]
|switch|p1a: Torkoal|Torkoal, F|100/100|[from] Volt Switch
|-weather|SunnyDay|[from] ability: Drought|[of] p1a: Torkoal
|move|p2a: Samurott|Razor Shell|p1a: Torkoal
|-supereffective|p1a: Torkoal
|-damage|p1a: Torkoal|69/100
|-unboost|p1a: Torkoal|def|1
|
|-weather|SunnyDay|[upkeep]
|upkeep
|turn|2
|
|t:|1758233344
|switch|p1a: Slither Wing|Slither Wing|100/100
|-activate|p1a: Slither Wing|ability: Protosynthesis
|-start|p1a: Slither Wing|protosynthesisatk
|move|p2a: Samurott|Ceaseless Edge|p1a: Slither Wing
|-resisted|p1a: Slither Wing
|-damage|p1a: Slither Wing|71/100
|-sidestart|p1: Floop Noopulus|Spikes
|
|-weather|SunnyDay|[upkeep]
|upkeep
|turn|3
|
|t:|1758233357
|switch|p2a: Enamorus|Enamorus-Therian, F|100/100
|move|p1a: Slither Wing|U-turn|p2a: Enamorus
|-resisted|p2a: Enamorus
|-damage|p2a: Enamorus|85/100
|
|t:|1758233360
|-end|p1a: Slither Wing|Protosynthesis|[silent]
|switch|p1a: Sandy Shocks|Sandy Shocks|100/100|[from] U-turn
|-damage|p1a: Sandy Shocks|88/100|[from] Spikes
|-activate|p1a: Sandy Shocks|ability: Protosynthesis
|-start|p1a: Sandy Shocks|protosynthesisspa
|
|-weather|SunnyDay|[upkeep]
|upkeep
|turn|4
|
|t:|1758233368
|switch|p2a: Iron Hands|Iron Hands|100/100
|move|p1a: Sandy Shocks|Thunderbolt|p2a: Iron Hands
|-resisted|p2a: Iron Hands
|-damage|p2a: Iron Hands|75/100
|
|-weather|SunnyDay|[upkeep]
|upkeep
|turn|5
|
|t:|1758233379
|-end|p1a: Sandy Shocks|Protosynthesis|[silent]
|switch|p1a: Hatterene|Hatterene, F|100/100
|-damage|p1a: Hatterene|88/100|[from] Spikes
|move|p2a: Iron Hands|Swords Dance|p2a: Iron Hands
|-boost|p2a: Iron Hands|atk|2
|
|-weather|SunnyDay|[upkeep]
|upkeep
|turn|6
|
|t:|1758233384
|move|p2a: Iron Hands|Thunder Punch|p1a: Hatterene
|-damage|p1a: Hatterene|15/100
|-status|p1a: Hatterene|par
|-enditem|p1a: Hatterene|Eject Button
|
|t:|1758233386
|switch|p1a: Great Tusk|Great Tusk|100/100
|-activate|p1a: Great Tusk|ability: Protosynthesis
|-start|p1a: Great Tusk|protosynthesisatk
|
|-weather|SunnyDay|[upkeep]
|upkeep
|turn|7
|
|t:|1758233394
|-terastallize|p2a: Iron Hands|Bug
|move|p1a: Great Tusk|Headlong Rush|p2a: Iron Hands
|-resisted|p2a: Iron Hands
|-damage|p2a: Iron Hands|51/100
|-unboost|p1a: Great Tusk|def|1
|-unboost|p1a: Great Tusk|spd|1
|move|p2a: Iron Hands|Ice Punch|p1a: Great Tusk
|-supereffective|p1a: Great Tusk
|-damage|p1a: Great Tusk|0 fnt
|faint|p1a: Great Tusk
|-end|p1a: Great Tusk|Protosynthesis|[silent]
|
|-weather|SunnyDay|[upkeep]
|upkeep
|
|t:|1758233403
|switch|p1a: Sandy Shocks|Sandy Shocks|88/100
|-damage|p1a: Sandy Shocks|76/100|[from] Spikes
|-activate|p1a: Sandy Shocks|ability: Protosynthesis
|-start|p1a: Sandy Shocks|protosynthesisspa
|turn|8
|inactive|myree has 120 seconds left.
|
|t:|1758233435
|move|p1a: Sandy Shocks|Thunderbolt|p2a: Iron Hands
|-damage|p2a: Iron Hands|0 fnt
|faint|p2a: Iron Hands
|-end|p2a: Iron Hands|Quark Drive|[silent]
|
|-weather|none
|-end|p1a: Sandy Shocks|Protosynthesis
|upkeep
|inactive|myree has 120 seconds left.
|
|t:|1758233449
|switch|p2a: Iron Crown|Iron Crown|100/100
|turn|9
|inactive|myree has 120 seconds left.
|
|t:|1758233457
|-end|p1a: Sandy Shocks|Protosynthesis|[silent]
|switch|p1a: Torkoal|Torkoal, F|69/100
|-damage|p1a: Torkoal|57/100|[from] Spikes
|-weather|SunnyDay|[from] ability: Drought|[of] p1a: Torkoal
|move|p2a: Iron Crown|Psyshock|p1a: Torkoal
|-damage|p1a: Torkoal|30/100
|
|-weather|SunnyDay|[upkeep]
|upkeep
|turn|10
|
|t:|1758233464
|switch|p1a: Hatterene|Hatterene, F|15/100 par
|-damage|p1a: Hatterene|2/100 par|[from] Spikes
|move|p2a: Iron Crown|Future Sight|p1a: Hatterene
|-start|p2a: Iron Crown|move: Future Sight
|
|-weather|SunnyDay|[upkeep]
|upkeep
|turn|11
|
|t:|1758233468
|move|p2a: Iron Crown|Tachyon Cutter|p1a: Hatterene
|-supereffective|p1a: Hatterene
|-damage|p1a: Hatterene|0 fnt
|faint|p1a: Hatterene
|-hitcount|p1: Hatterene|1
|
|-weather|SunnyDay|[upkeep]
|upkeep
|
|t:|1758233470
|switch|p1a: Primarina|Primarina, M|100/100
|-damage|p1a: Primarina|88/100|[from] Spikes
|turn|12
|
|t:|1758233474
|move|p2a: Iron Crown|Psyshock|p1a: Primarina
|-damage|p1a: Primarina|35/100
|move|p1a: Primarina|Weather Ball|p2a: Iron Crown
|-supereffective|p2a: Iron Crown
|-damage|p2a: Iron Crown|35/100
|
|-weather|SunnyDay|[upkeep]
|-end|p1a: Primarina|move: Future Sight
|-damage|p1a: Primarina|1/100
|upkeep
|turn|13
|
|t:|1758233482
|move|p2a: Iron Crown|Future Sight|p1a: Primarina
|-start|p2a: Iron Crown|move: Future Sight
|move|p1a: Primarina|Weather Ball|p2a: Iron Crown
|-supereffective|p2a: Iron Crown
|-damage|p2a: Iron Crown|0 fnt
|faint|p2a: Iron Crown
|-end|p2a: Iron Crown|Quark Drive|[silent]
|
|-weather|SunnyDay|[upkeep]
|upkeep
|
|t:|1758233484
|switch|p2a: Samurott|Samurott-Hisui, F|34/100
|turn|14
|
|t:|1758233487
|move|p2a: Samurott|Ceaseless Edge|p1a: Primarina
|-resisted|p1a: Primarina
|-damage|p1a: Primarina|0 fnt
|-sidestart|p1: Floop Noopulus|Spikes
|faint|p1a: Primarina
|
|-weather|SunnyDay|[upkeep]
|upkeep
|
|t:|1758233489
|switch|p1a: Sandy Shocks|Sandy Shocks|76/100
|-damage|p1a: Sandy Shocks|60/100|[from] Spikes
|-activate|p1a: Sandy Shocks|ability: Protosynthesis
|-start|p1a: Sandy Shocks|protosynthesisspa
|turn|15
|
|t:|1758233501
|move|p2a: Samurott|Sucker Punch|p1a: Sandy Shocks
|-damage|p1a: Sandy Shocks|16/100
|move|p1a: Sandy Shocks|Volt Switch|p2a: Samurott
|-supereffective|p2a: Samurott
|-damage|p2a: Samurott|0 fnt
|faint|p2a: Samurott
|
|t:|1758233503
|-end|p1a: Sandy Shocks|Protosynthesis|[silent]
|switch|p1a: Torkoal|Torkoal, F|30/100|[from] Volt Switch
|-damage|p1a: Torkoal|14/100|[from] Spikes
|
|-weather|SunnyDay|[upkeep]
|-end|p1a: Torkoal|move: Future Sight
|-damage|p1a: Torkoal|0 fnt
|faint|p1a: Torkoal
|upkeep
|-message|Floop Noopulus forfeited.
|
|win|myree
|raw|Floop Noopulus's rating: 1628 &rarr; <strong>1608</strong><br />(-20 for losing)
|raw|myree's rating: 1636 &rarr; <strong>1656</strong><br />(+20 for winning)
|l|☆Floop Noopulus
|player|p1|
