|j|☆catcat77
|j|☆champ bogar
|t:|1758330194
|gametype|singles
|player|p1|catcat77|caitlin|1572
|player|p2|champ bogar|cynthia-masters3|1636
|gen|9
|tier|[Gen 9] OU
|rated|
|rule|HP Percentage Mod: HP is shown in percentages
|rule|Endless Battle Clause: Forcing endless battles is banned
|rule|Species Clause: Limit one of each Pokémon
|rule|OHKO Clause: OHKO moves are banned
|rule|Evasion Items Clause: Evasion items are banned
|rule|Evasion Moves Clause: Evasion moves are banned
|rule|Evasion Abilities Clause: Evasion abilities are banned
|rule|Sleep Moves Clause: Sleep-inducing moves are banned
|clearpoke
|poke|p1|Ogerpon-Wellspring, F|
|poke|p1|Kingambit, M|
|poke|p1|Great Tusk|
|poke|p1|Raging Bolt|
|poke|p1|Iron Crown|
|poke|p1|Slowking-Galar, M|
|poke|p2|Garchomp, M|
|poke|p2|Darkrai|
|poke|p2|Deoxys-Speed|
|poke|p2|Clodsire, F|
|poke|p2|Corviknight, F|
|poke|p2|Cinderace, M|
|teampreview
|inactive|Battle timer is ON: inactive players will automatically lose when time's up. (requested by champ bogar)
|
|t:|1758330199
|teamsize|p1|6
|teamsize|p2|6
|start
|switch|p1a: Great Tusk|Great Tusk|100/100
|switch|p2a: Darkrai|Darkrai|100/100
|turn|1
|
|t:|1758330205
|switch|p2a: Corviknight|Corviknight, F|100/100
|-ability|p2a: Corviknight|Pressure
|move|p1a: Great Tusk|Close Combat|p2a: Corviknight
|-crit|p2a: Corviknight
|-damage|p2a: Corviknight|46/100
|-unboost|p1a: Great Tusk|def|1
|-unboost|p1a: Great Tusk|spd|1
|-damage|p1a: Great Tusk|84/100|[from] item: Rocky Helmet|[of] p2a: Corviknight
|
|upkeep
|turn|2
|j| frutillaroja
|
|t:|1758330210
|-end|p1a: Great Tusk|Protosynthesis|[silent]
|switch|p1a: Raging Bolt|Raging Bolt|100/100
|move|p2a: Corviknight|Roost|p2a: Corviknight
|-heal|p2a: Corviknight|96/100
|-singleturn|p2a: Corviknight|move: Roost
|
|upkeep
|turn|3
|
|t:|1758330212
|switch|p2a: Clodsire|Clodsire, F|100/100
|move|p1a: Raging Bolt|Calm Mind|p1a: Raging Bolt
|-boost|p1a: Raging Bolt|spa|1
|-boost|p1a: Raging Bolt|spd|1
|
|upkeep
|turn|4
|
|t:|1758330214
|move|p1a: Raging Bolt|Draco Meteor|p2a: Clodsire|[miss]
|-miss|p1a: Raging Bolt|p2a: Clodsire
|move|p2a: Clodsire|Toxic|p1a: Raging Bolt
|-status|p1a: Raging Bolt|tox
|
|-damage|p1a: Raging Bolt|94/100 tox|[from] psn
|upkeep
|turn|5
|
|t:|1758330217
|move|p1a: Raging Bolt|Draco Meteor|p2a: Clodsire
|-damage|p2a: Clodsire|38/100
|-unboost|p1a: Raging Bolt|spa|2
|move|p2a: Clodsire|Recover|p2a: Clodsire
|-heal|p2a: Clodsire|88/100
|
|-heal|p1a: Raging Bolt|100/100 tox|[from] item: Leftovers
|-heal|p2a: Clodsire|94/100|[from] item: Leftovers
|-damage|p1a: Raging Bolt|88/100 tox|[from] psn
|upkeep
|turn|6
|
|t:|1758330224
|-end|p1a: Raging Bolt|Protosynthesis|[silent]
|switch|p1a: Slowking|Slowking-Galar, M|100/100
|move|p2a: Clodsire|Earthquake|p1a: Slowking
|-supereffective|p1a: Slowking
|-damage|p1a: Slowking|46/100
|
|-heal|p2a: Clodsire|99/100|[from] item: Leftovers
|upkeep
|turn|7
|
|t:|1758330229
|switch|p1a: Great Tusk|Great Tusk|84/100
|move|p2a: Clodsire|Toxic|p1a: Great Tusk
|-status|p1a: Great Tusk|tox
|
|-heal|p2a: Clodsire|100/100|[from] item: Leftovers
|-damage|p1a: Great Tusk|78/100 tox|[from] psn
|upkeep
|turn|8
|
|t:|1758330233
|switch|p2a: Corviknight|Corviknight, F|96/100
|-ability|p2a: Corviknight|Pressure
|move|p1a: Great Tusk|Headlong Rush|p2a: Corviknight
|-immune|p2a: Corviknight
|
|-damage|p1a: Great Tusk|65/100 tox|[from] psn
|upkeep
|turn|9
|
|t:|1758330236
|-end|p1a: Great Tusk|Protosynthesis|[silent]
|switch|p1a: Raging Bolt|Raging Bolt|88/100 tox
|move|p2a: Corviknight|U-turn|p1a: Raging Bolt
|-damage|p1a: Raging Bolt|75/100 tox
|
|t:|1758330241
|switch|p2a: Clodsire|Clodsire, F|100/100|[from] U-turn
|
|-heal|p1a: Raging Bolt|82/100 tox|[from] item: Leftovers
|-damage|p1a: Raging Bolt|75/100 tox|[from] psn
|upkeep
|turn|10
|
|t:|1758330247
|move|p1a: Raging Bolt|Calm Mind|p1a: Raging Bolt
|-boost|p1a: Raging Bolt|spa|1
|-boost|p1a: Raging Bolt|spd|1
|move|p2a: Clodsire|Earthquake|p1a: Raging Bolt
|-supereffective|p1a: Raging Bolt
|-damage|p1a: Raging Bolt|30/100 tox
|
|-heal|p1a: Raging Bolt|37/100 tox|[from] item: Leftovers
|-damage|p1a: Raging Bolt|24/100 tox|[from] psn
|upkeep
|turn|11
|
|t:|1758330249
|move|p1a: Raging Bolt|Draco Meteor|p2a: Clodsire
|-damage|p2a: Clodsire|40/100
|-unboost|p1a: Raging Bolt|spa|2
|move|p2a: Clodsire|Recover|p2a: Clodsire
|-heal|p2a: Clodsire|90/100
|
|-heal|p1a: Raging Bolt|30/100 tox|[from] item: Leftovers
|-heal|p2a: Clodsire|96/100|[from] item: Leftovers
|-damage|p1a: Raging Bolt|12/100 tox|[from] psn
|upkeep
|turn|12
|
|t:|1758330254
|-end|p1a: Raging Bolt|Protosynthesis|[silent]
|switch|p1a: Iron Crown|Iron Crown|100/100
|move|p2a: Clodsire|Earthquake|p1a: Iron Crown
|-supereffective|p1a: Iron Crown
|-damage|p1a: Iron Crown|44/100
|
|-heal|p2a: Clodsire|100/100|[from] item: Leftovers
|upkeep
|turn|13
|
|t:|1758330256
|move|p1a: Iron Crown|Psychic|p2a: Clodsire
|-supereffective|p2a: Clodsire
|-damage|p2a: Clodsire|25/100
|move|p2a: Clodsire|Earthquake|p1a: Iron Crown
|-supereffective|p1a: Iron Crown
|-damage|p1a: Iron Crown|0 fnt
|faint|p1a: Iron Crown
|-end|p1a: Iron Crown|Quark Drive|[silent]
|
|-heal|p2a: Clodsire|32/100|[from] item: Leftovers
|upkeep
|
|t:|1758330261
|switch|p1a: Ogerpon|Ogerpon-Wellspring, F|100/100
|turn|14
|
|t:|1758330262
|move|p1a: Ogerpon|Swords Dance|p1a: Ogerpon
|-boost|p1a: Ogerpon|atk|2
|move|p2a: Clodsire|Poison Jab|p1a: Ogerpon
|-supereffective|p1a: Ogerpon
|-damage|p1a: Ogerpon|43/100
|
|-heal|p2a: Clodsire|38/100|[from] item: Leftovers
|upkeep
|turn|15
|
|t:|1758330267
|move|p1a: Ogerpon|Horn Leech|p2a: Clodsire
|-damage|p2a: Clodsire|0 fnt
|-heal|p1a: Ogerpon|72/100|[from] drain|[of] p2a: Clodsire
|faint|p2a: Clodsire
|
|upkeep
|
|t:|1758330269
|switch|p2a: Cinderace|Cinderace, M|100/100
|turn|16
|
|t:|1758330275
|-terastallize|p1a: Ogerpon|Water
|detailschange|p1a: Ogerpon|Ogerpon-Wellspring-Tera, F, tera:Water
|-ability|p1a: Ogerpon|Embody Aspect (Wellspring)|boost
|-boost|p1a: Ogerpon|spd|1
|move|p2a: Cinderace|U-turn|p1a: Ogerpon
|-start|p2a: Cinderace|typechange|Bug|[from] ability: Libero
|-damage|p1a: Ogerpon|26/100
|
|t:|1758330279
|switch|p2a: Corviknight|Corviknight, F|96/100|[from] U-turn
|-ability|p2a: Corviknight|Pressure
|move|p1a: Ogerpon|Ivy Cudgel|p2a: Corviknight|[anim] Ivy Cudgel Water
|-damage|p2a: Corviknight|9/100
|
|upkeep
|turn|17
|l| frutillaroja
|
|t:|1758330283
|move|p1a: Ogerpon|Ivy Cudgel|p2a: Corviknight|[anim] Ivy Cudgel Water
|-damage|p2a: Corviknight|0 fnt
|faint|p2a: Corviknight
|
|upkeep
|
|t:|1758330286
|switch|p2a: Darkrai|Darkrai|100/100
|turn|18
|
|t:|1758330289
|move|p2a: Darkrai|Dark Pulse|p1a: Ogerpon
|-damage|p1a: Ogerpon|0 fnt
|faint|p1a: Ogerpon
|detailschange|p1: Ogerpon|Ogerpon-Wellspring, F|[silent]
|
|upkeep
|
|t:|1758330293
|switch|p1a: Great Tusk|Great Tusk|65/100 tox
|turn|19
|
|t:|1758330296
|switch|p2a: Garchomp|Garchomp, M|100/100
|move|p1a: Great Tusk|Headlong Rush|p2a: Garchomp
|-damage|p2a: Garchomp|56/100
|-unboost|p1a: Great Tusk|def|1
|-unboost|p1a: Great Tusk|spd|1
|-damage|p1a: Great Tusk|53/100 tox|[from] ability: Rough Skin|[of] p2a: Garchomp
|-damage|p1a: Great Tusk|36/100 tox|[from] item: Rocky Helmet|[of] p2a: Garchomp
|
|-damage|p1a: Great Tusk|30/100 tox|[from] psn
|upkeep
|turn|20
|
|t:|1758330299
|move|p2a: Garchomp|Stealth Rock|p1a: Great Tusk
|-sidestart|p1: catcat77|move: Stealth Rock
|move|p1a: Great Tusk|Ice Spinner|p2a: Garchomp
|-supereffective|p2a: Garchomp
|-damage|p2a: Garchomp|0 fnt
|-damage|p1a: Great Tusk|18/100 tox|[from] ability: Rough Skin|[of] p2a: Garchomp
|-damage|p1a: Great Tusk|1/100 tox|[from] item: Rocky Helmet|[of] p2a: Garchomp
|faint|p2a: Garchomp
|
|-damage|p1a: Great Tusk|0 fnt|[from] psn
|faint|p1a: Great Tusk
|-end|p1a: Great Tusk|Protosynthesis|[silent]
|upkeep
|
|t:|1758330312
|switch|p2a: Darkrai|Darkrai|100/100
|switch|p1a: Raging Bolt|Raging Bolt|12/100 tox
|-damage|p1a: Raging Bolt|0 fnt|[from] Stealth Rock
|faint|p1a: Raging Bolt
|-end|p1a: Raging Bolt|Protosynthesis|[silent]
|
|t:|1758330315
|switch|p1a: Kingambit|Kingambit, M|100/100
|-damage|p1a: Kingambit|94/100|[from] Stealth Rock
|turn|21
|
|t:|1758330318
|move|p2a: Darkrai|Trick|p1a: Kingambit
|-activate|p2a: Darkrai|move: Trick|[of] p1a: Kingambit
|-item|p1a: Kingambit|Choice Specs|[from] move: Trick
|-item|p2a: Darkrai|Lum Berry|[from] move: Trick
|move|p1a: Kingambit|Brick Break|p2a: Darkrai
|-supereffective|p2a: Darkrai
|-damage|p2a: Darkrai|27/100
|
|upkeep
|turn|22
|
|t:|1758330323
|move|p2a: Darkrai|Dark Pulse|p1a: Kingambit
|-resisted|p1a: Kingambit
|-damage|p1a: Kingambit|73/100
|move|p1a: Kingambit|Brick Break|p2a: Darkrai
|-supereffective|p2a: Darkrai
|-damage|p2a: Darkrai|0 fnt
|faint|p2a: Darkrai
|
|upkeep
|
|t:|1758330326
|switch|p2a: Deoxys|Deoxys-Speed, shiny|100/100
|-ability|p2a: Deoxys|Pressure
|turn|23
|
|t:|1758330329
|switch|p2a: Cinderace|Cinderace, M|100/100
|switch|p1a: Slowking|Slowking-Galar, M|79/100
|-damage|p1a: Slowking|66/100|[from] Stealth Rock
|
|upkeep
|turn|24
|
|t:|1758330334
|-terastallize|p2a: Cinderace|Fire
|move|p2a: Cinderace|Pyro Ball|p1a: Slowking|[miss]
|-miss|p2a: Cinderace|p1a: Slowking
|move|p1a: Slowking|Slack Off|p1a: Slowking
|-heal|p1a: Slowking|100/100
|
|upkeep
|turn|25
|
|t:|1758330338
|move|p2a: Cinderace|Pyro Ball|p1a: Slowking
|-crit|p1a: Slowking
|-damage|p1a: Slowking|0 fnt
|faint|p1a: Slowking
|
|upkeep
|
|t:|1758330342
|switch|p1a: Kingambit|Kingambit, M|73/100
|-damage|p1a: Kingambit|67/100|[from] Stealth Rock
|turn|26
|
|t:|1758330344
|move|p1a: Kingambit|Sucker Punch|p2a: Cinderace
|-damage|p2a: Cinderace|42/100
|move|p2a: Cinderace|Pyro Ball|p1a: Kingambit
|-supereffective|p1a: Kingambit
|-damage|p1a: Kingambit|0 fnt
|faint|p1a: Kingambit
|
|win|champ bogar
|raw|catcat77's rating: 1572 &rarr; <strong>1556</strong><br />(-16 for losing)
|raw|champ bogar's rating: 1636 &rarr; <strong>1652</strong><br />(+16 for winning)
|l|☆catcat77
|player|p1|
|c|☆champ bogar|gg
