|j|☆RipWyvern21
|j|☆Duckular
|t:|1758322010
|gametype|singles
|player|p1|RipWyvern21|riley|1197
|player|p2|Duckular|2|1217
|gen|9
|tier|[Gen 9] OU
|rated|
|rule|HP Percentage Mod: HP is shown in percentages
|rule|Endless Battle Clause: Forcing endless battles is banned
|rule|Species Clause: Limit one of each Pokémon
|rule|OHKO Clause: OHKO moves are banned
|rule|Evasion Items Clause: Evasion items are banned
|rule|Evasion Moves Clause: Evasion moves are banned
|rule|Evasion Abilities Clause: Evasion abilities are banned
|rule|Sleep Moves Clause: Sleep-inducing moves are banned
|clearpoke
|poke|p1|Iron Valiant|
|poke|p1|Garchomp, M|
|poke|p1|Kleavor, M|
|poke|p1|Ceruledge, M|
|poke|p1|Iron Treads|
|poke|p1|Walking Wake|
|poke|p2|Zarude|
|poke|p2|Araquanid, F|
|poke|p2|Haxorus, F|
|poke|p2|Quaquaval, M|
|poke|p2|Gholdengo|
|poke|p2|Clodsire, F|
|teampreview
|inactive|Battle timer is ON: inactive players will automatically lose when time's up. (requested by Duckular)
|c|☆Duckular|Can you hear it?
|inactive|Duckular has 120 seconds left.
|j| aquiIo
|c|☆Duckular|Can you hear it’s song, singing from the deep…
|c|☆Duckular|That, is the ringing…
|c| aquiIo|i can hear it
|
|t:|1758322055
|teamsize|p1|6
|teamsize|p2|6
|start
|switch|p1a: Kleavor|Kleavor, M|100/100
|switch|p2a: WEBSURFA|Araquanid, F|100/100
|turn|1
|c|☆Duckular|OF THE HAMMER OF JUSTICE
|l| aquiIo
|j| calaaa!!!
|c|☆Duckular|shit wait wrong Mon
|c|☆Duckular|Fuck
|c|☆Duckular|my bad
|c|☆RipWyvern21|axe
|
|t:|1758322077
|move|p1a: Kleavor|Stone Axe|p2a: WEBSURFA
|-supereffective|p2a: WEBSURFA
|-damage|p2a: WEBSURFA|0 fnt
|-sidestart|p2: Duckular|move: Stealth Rock
|faint|p2a: WEBSURFA
|
|upkeep
|
|t:|1758322081
|switch|p2a: DUCKULAR|Quaquaval, M|100/100
|-damage|p2a: DUCKULAR|94/100|[from] Stealth Rock
|turn|2
|j| aquiIo
|
|t:|1758322085
|move|p2a: DUCKULAR|U-turn|p1a: Kleavor
|-damage|p1a: Kleavor|74/100
|c|☆Duckular|Okay so
|l| calaaa!!!
|c|☆Duckular|water beats rock
|l| aquiIo
|c|☆Duckular|just so u know for next time
|
|t:|1758322105
|switch|p2a: him <3|Clodsire, F|100/100|[from] U-turn
|-damage|p2a: him <3|94/100|[from] Stealth Rock
|move|p1a: Kleavor|Stone Axe|p2a: him <3
|-resisted|p2a: him <3
|-damage|p2a: him <3|58/100
|
|upkeep
|turn|3
|c|☆RipWyvern21|axe beats hammer
|c|☆Duckular|Wait
|c|☆Duckular|is that a refernce
|c|☆Duckular|or a coincidence
|c|☆Duckular|I can’t tell
|inactive|Duckular has 120 seconds left.
|
|t:|1758322136
|switch|p1a: Walking Wake|Walking Wake|100/100
|move|p2a: him <3|Liquidation|p1a: Walking Wake
|-resisted|p1a: Walking Wake
|-damage|p1a: Walking Wake|94/100
|-damage|p2a: him <3|48/100|[from] item: Life Orb
|
|upkeep
|turn|4
|j| aquiIo
|j| sire clod
|
|t:|1758322145
|move|p1a: Walking Wake|Flip Turn|p2a: him <3
|-supereffective|p2a: him <3
|-damage|p2a: him <3|0 fnt
|faint|p2a: him <3
|j| Pokemh
|
|t:|1758322152
|-end|p1a: Walking Wake|Protosynthesis|[silent]
|switch|p1a: Kleavor|Kleavor, M|74/100|[from] Flip Turn
|
|upkeep
|
|t:|1758322163
|switch|p2a: DUCKULAR|Quaquaval, M|94/100
|-damage|p2a: DUCKULAR|88/100|[from] Stealth Rock
|turn|5
|c| Pokemh|duckular is thatt you
|c|☆Duckular|GET EM ME
|l| aquiIo
|c| Pokemh|or someoneelse
|c|☆Duckular|KICK HIS ASS
|j| aquiIo
|
|t:|1758322177
|move|p2a: DUCKULAR|Wave Crash|p1a: Kleavor
|-supereffective|p1a: Kleavor
|-damage|p1a: Kleavor|0 fnt
|faint|p1a: Kleavor
|-damage|p2a: DUCKULAR|66/100|[from] Recoil
|
|upkeep
|
|t:|1758322186
|switch|p1a: Iron Valiant|Iron Valiant, shiny|100/100
|-enditem|p1a: Iron Valiant|Booster Energy
|-activate|p1a: Iron Valiant|ability: Quark Drive|[fromitem]
|-start|p1a: Iron Valiant|quarkdrivespe
|turn|6
|c|☆Duckular|Pokemh nah it’s pineco
|c|☆Duckular|I hacked into Duckular’s account
|
|t:|1758322201
|move|p1a: Iron Valiant|Leaf Blade|p2a: DUCKULAR
|-supereffective|p2a: DUCKULAR
|-damage|p2a: DUCKULAR|0 fnt
|faint|p2a: DUCKULAR
|
|upkeep
|c|☆Duckular|Leaf blade?
|c|☆Duckular|Damn that’s aura
|c|☆RipWyvern21|yes
|c|☆Duckular|can’t even lie
|inactive|Duckular has 120 seconds left.
|l| aquiIo
|
|t:|1758322218
|switch|p2a: STACKIN BENS|Gholdengo|100/100
|-damage|p2a: STACKIN BENS|94/100|[from] Stealth Rock
|turn|7
|
|t:|1758322228
|-end|p1a: Iron Valiant|Quark Drive|[silent]
|switch|p1a: Walking Wake|Walking Wake|94/100
|move|p2a: STACKIN BENS|Thunder Wave|p1a: Walking Wake
|-status|p1a: Walking Wake|par
|
|upkeep
|turn|8
|c| Pokemh|why are you 1200
|c|☆Duckular|I’m 6’1 stand on my money now I’m 6’1
|c| Pokemh|i kenw pineco was a rookie
|inactive|Duckular has 120 seconds left.
|c|☆Duckular|Baby take your socks off let me lick some
|
|t:|1758322257
|move|p2a: STACKIN BENS|Substitute|p2a: STACKIN BENS
|-start|p2a: STACKIN BENS|Substitute
|-damage|p2a: STACKIN BENS|70/100
|move|p1a: Walking Wake|Flip Turn|p2a: STACKIN BENS
|-activate|p2a: STACKIN BENS|move: Substitute|[damage]
|
|t:|1758322263
|-end|p1a: Walking Wake|Protosynthesis|[silent]
|switch|p1a: Garchomp|Garchomp, M|100/100|[from] Flip Turn
|
|upkeep
|turn|9
|
|t:|1758322271
|-terastallize|p1a: Garchomp|Steel
|move|p1a: Garchomp|Earthquake|p2a: STACKIN BENS
|-supereffective|p2a: STACKIN BENS
|-end|p2a: STACKIN BENS|Substitute
|move|p2a: STACKIN BENS|Poltergeist|p1a: Garchomp
|-activate|p1a: Garchomp|move: Poltergeist|Loaded Dice
|-damage|p1a: Garchomp|61/100
|
|upkeep
|turn|10
|
|t:|1758322280
|switch|p2a: 5 BIG BOOMS|Zarude|100/100
|-damage|p2a: 5 BIG BOOMS|88/100|[from] Stealth Rock
|move|p1a: Garchomp|Earthquake|p2a: 5 BIG BOOMS
|-resisted|p2a: 5 BIG BOOMS
|-damage|p2a: 5 BIG BOOMS|66/100
|
|upkeep
|turn|11
|j| aquiIo
|
|t:|1758322291
|move|p1a: Garchomp|Scale Shot|p2a: 5 BIG BOOMS
|-damage|p2a: 5 BIG BOOMS|55/100
|-damage|p2a: 5 BIG BOOMS|43/100
|-damage|p2a: 5 BIG BOOMS|32/100
|-damage|p2a: 5 BIG BOOMS|22/100
|-hitcount|p2a: 5 BIG BOOMS|4
|-unboost|p1a: Garchomp|def|1
|-boost|p1a: Garchomp|spe|1
|move|p2a: 5 BIG BOOMS|Nasty Plot|p2a: 5 BIG BOOMS
|-boost|p2a: 5 BIG BOOMS|spa|2
|
|upkeep
|turn|12
|c|☆Duckular|Oh right I forgot about speed
|c| aquiIo|erm
|c| sire clod|does zarude get a special type sucker punch
|
|t:|1758322304
|move|p1a: Garchomp|Iron Head|p2a: 5 BIG BOOMS
|-damage|p2a: 5 BIG BOOMS|0 fnt
|faint|p2a: 5 BIG BOOMS
|
|upkeep
|c|☆Duckular|yes
|c|☆Duckular|I’m just lagging
|l| aquiIo
|c|☆Duckular|so it didn’t come out
|
|t:|1758322320
|switch|p2a: STOMPING GROUND|Haxorus, F|100/100
|-damage|p2a: STOMPING GROUND|88/100|[from] Stealth Rock
|-ability|p2a: STOMPING GROUND|Mold Breaker
|turn|13
|
|t:|1758322325
|move|p1a: Garchomp|Scale Shot|p2a: STOMPING GROUND
|-supereffective|p2a: STOMPING GROUND
|-damage|p2a: STOMPING GROUND|53/100
|-supereffective|p2a: STOMPING GROUND
|-damage|p2a: STOMPING GROUND|18/100
|-supereffective|p2a: STOMPING GROUND
|-damage|p2a: STOMPING GROUND|0 fnt
|faint|p2a: STOMPING GROUND
|-hitcount|p2: STOMPING GROUND|3
|-unboost|p1a: Garchomp|def|1
|-boost|p1a: Garchomp|spe|1
|
|upkeep
|
|t:|1758322327
|switch|p2a: STACKIN BENS|Gholdengo|70/100
|-damage|p2a: STACKIN BENS|64/100|[from] Stealth Rock
|turn|14
|j| aquiIo
|c|☆Duckular|IM BIG POE
|c| sire clod|bird type rn
|c|☆Duckular|BROTHA IM BIG POE
|
|t:|1758322353
|-singleturn|p2a: STACKIN BENS|move: Focus Punch
|move|p1a: Garchomp|Earthquake|p2a: STACKIN BENS
|-supereffective|p2a: STACKIN BENS
|-damage|p2a: STACKIN BENS|0 fnt
|faint|p2a: STACKIN BENS
|
|win|RipWyvern21
|raw|RipWyvern21's rating: 1197 &rarr; <strong>1223</strong><br />(+26 for winning)
|raw|Duckular's rating: 1217 &rarr; <strong>1191</strong><br />(-26 for losing)
|c|☆Duckular|Gg
|c|☆RipWyvern21|gg
|c|☆Duckular|Ur goin places kid
|l| sire clod
|l| aquiIo
|c|☆Duckular|Idk where but
|c|☆Duckular|Somewhere
|l|☆Duckular
|player|p2|
|c|☆RipWyvern21|i might be too old be called kid at almost 30
|l|☆RipWyvern21
|player|p1|
|j| Delibird Heart
|l| Delibird Heart
|j| aquiIo
|l| aquiIo
|l| Pokemh
|j| calaaa!!!
|l| calaaa!!!
|j| lt123vbrator
