|j|☆s131214
|j|☆frostarcanine19
|inactive|Battle timer is ON: inactive players will automatically lose when time's up.
|t:|1758293958
|gametype|singles
|player|p1|s131214|dancer|
|player|p2|frostarcanine19|101|
|gen|9
|tier|[Gen 9] OU
|rated|Tournament battle
|rule|HP Percentage Mod: HP is shown in percentages
|rule|Endless Battle Clause: Forcing endless battles is banned
|rule|Species Clause: Limit one of each Pokémon
|rule|OHKO Clause: OHKO moves are banned
|rule|Evasion Items Clause: Evasion items are banned
|rule|Evasion Moves Clause: Evasion moves are banned
|rule|Evasion Abilities Clause: Evasion abilities are banned
|rule|Sleep Moves Clause: Sleep-inducing moves are banned
|raw|<div class="infobox"><details class="readmore" open><summary><strong>1 custom rule:</strong></summary> -wobbuffet</details></div>
|clearpoke
|poke|p1|Cetitan, F|
|poke|p1|Wigglytuff, M|
|poke|p1|Seadra, F|
|poke|p2|Flygon, M|
|poke|p2|Yanma, F|
|poke|p2|Hatterene, F|
|teampreview
|j|*Lady Monita ☀
|
|t:|1758293981
|teamsize|p1|3
|teamsize|p2|3
|start
|switch|p1a: Seadra|Seadra, F|100/100
|switch|p2a: Hatterene|Hatterene, F, shiny|100/100
|turn|1
|
|t:|1758293988
|move|p1a: Seadra|Hydro Pump|p2a: Hatterene
|-damage|p2a: Hatterene|63/100
|move|p2a: Hatterene|Nuzzle|p1a: Seadra
|-supereffective|p1a: Seadra
|-damage|p1a: Seadra|94/100
|-status|p1a: Seadra|par
|
|upkeep
|turn|2
|
|t:|1758293993
|move|p1a: Seadra|Hydro Pump|p2a: Hatterene|[miss]
|-miss|p1a: Seadra|p2a: Hatterene
|move|p2a: Hatterene|Draining Kiss|p1a: Seadra
|-damage|p1a: Seadra|50/100 par
|-heal|p2a: Hatterene|99/100|[from] drain|[of] p1a: Seadra
|
|upkeep
|turn|3
|
|t:|1758293995
|move|p1a: Seadra|Hydro Pump|p2a: Hatterene|[miss]
|-miss|p1a: Seadra|p2a: Hatterene
|move|p2a: Hatterene|Draining Kiss|p1a: Seadra
|-damage|p1a: Seadra|8/100 par
|-heal|p2a: Hatterene|100/100|[from] drain|[of] p1a: Seadra
|
|upkeep
|turn|4
|
|t:|1758294000
|move|p1a: Seadra|Hydro Pump|p2a: Hatterene
|-damage|p2a: Hatterene|58/100
|move|p2a: Hatterene|Nuzzle|p1a: Seadra
|-supereffective|p1a: Seadra
|-damage|p1a: Seadra|0 fnt
|-status|p2a: Hatterene|psn|[from] ability: Poison Point|[of] p1a: Seadra
|faint|p1a: Seadra
|
|-damage|p2a: Hatterene|46/100 psn|[from] psn
|upkeep
|
|t:|1758294008
|switch|p1a: Cetitan|Cetitan, F|100/100
|turn|5
|inactive|frostarcanine19 has 120 seconds left.
|inactive|frostarcanine19 has 90 seconds left.
|
|t:|1758294083
|move|p1a: Cetitan|Icicle Crash|p2a: Hatterene
|-damage|p2a: Hatterene|0 fnt
|faint|p2a: Hatterene
|
|upkeep
|
|t:|1758294085
|switch|p2a: Yanma|Yanma, F|100/100
|turn|6
|
|t:|1758294092
|-terastallize|p2a: Yanma|Steel
|move|p2a: Yanma|Tera Blast|p1a: Cetitan|[anim] Tera Blast Steel
|-supereffective|p1a: Cetitan
|-damage|p1a: Cetitan|33/100
|move|p1a: Cetitan|Icicle Crash|p2a: Yanma
|-resisted|p2a: Yanma
|-damage|p2a: Yanma|10/100
|
|-ability|p2a: Yanma|Speed Boost|boost
|-boost|p2a: Yanma|spe|1
|upkeep
|turn|7
|inactive|frostarcanine19 has 90 seconds left.
|inactive|frostarcanine19 has 60 seconds left.
|
|t:|1758294151
|move|p2a: Yanma|Tera Blast|p1a: Cetitan|[anim] Tera Blast Steel
|-supereffective|p1a: Cetitan
|-damage|p1a: Cetitan|0 fnt
|faint|p1a: Cetitan
|
|-ability|p2a: Yanma|Speed Boost|boost
|-boost|p2a: Yanma|spe|1
|upkeep
|
|t:|1758294155
|switch|p1a: Wigglytuff|Wigglytuff, M|100/100
|turn|8
|
|t:|1758294158
|-terastallize|p1a: Wigglytuff|Normal
|move|p2a: Yanma|Tera Blast|p1a: Wigglytuff|[anim] Tera Blast Steel
|-damage|p1a: Wigglytuff|78/100
|move|p1a: Wigglytuff|Alluring Voice|p2a: Yanma
|-resisted|p2a: Yanma
|-damage|p2a: Yanma|0 fnt
|faint|p2a: Yanma
|
|-heal|p1a: Wigglytuff|84/100|[from] item: Leftovers
|upkeep
|
|t:|1758294159
|switch|p2a: Flygon|Flygon, M, shiny|100/100
|turn|9
|
|t:|1758294164
|move|p2a: Flygon|Earthquake|p1a: Wigglytuff
|-damage|p1a: Wigglytuff|25/100
|move|p1a: Wigglytuff|Wish|p1a: Wigglytuff
|
|-heal|p1a: Wigglytuff|31/100|[from] item: Leftovers
|upkeep
|turn|10
|
|t:|1758294166
|move|p1a: Wigglytuff|Protect|p1a: Wigglytuff
|-singleturn|p1a: Wigglytuff|Protect
|move|p2a: Flygon|Earthquake|p1a: Wigglytuff
|-activate|p1a: Wigglytuff|move: Protect
|
|-heal|p1a: Wigglytuff|81/100|[from] move: Wish|[wisher] Wigglytuff
|-heal|p1a: Wigglytuff|87/100|[from] item: Leftovers
|upkeep
|turn|11
|
|t:|1758294169
|move|p2a: Flygon|Earthquake|p1a: Wigglytuff
|-damage|p1a: Wigglytuff|26/100
|move|p1a: Wigglytuff|Alluring Voice|p2a: Flygon
|-supereffective|p2a: Flygon
|-damage|p2a: Flygon|29/100
|
|-heal|p1a: Wigglytuff|32/100|[from] item: Leftovers
|upkeep
|turn|12
|
|t:|1758294175
|move|p1a: Wigglytuff|Protect|p1a: Wigglytuff
|-singleturn|p1a: Wigglytuff|Protect
|move|p2a: Flygon|Earthquake|p1a: Wigglytuff
|-activate|p1a: Wigglytuff|move: Protect
|
|-heal|p1a: Wigglytuff|39/100|[from] item: Leftovers
|upkeep
|turn|13
|
|t:|1758294178
|move|p2a: Flygon|Earthquake|p1a: Wigglytuff
|-damage|p1a: Wigglytuff|0 fnt
|faint|p1a: Wigglytuff
|
|win|frostarcanine19
|n|☆s131214|s131214
|n|☆frostarcanine19|frostarcanine19
|n|*Lady Monita ☀|ladymonita
