|j|☆mayuhara
|j|☆bertoskyT
|t:|1758273509
|gametype|singles
|player|p1|mayuhara|ghetsis|1436
|player|p2|bertoskyT|ethan|1352
|gen|9
|tier|[Gen 9] OU
|rated|
|rule|HP Percentage Mod: HP is shown in percentages
|rule|Endless Battle Clause: Forcing endless battles is banned
|rule|Species Clause: Limit one of each Pokémon
|rule|OHKO Clause: OHKO moves are banned
|rule|Evasion Items Clause: Evasion items are banned
|rule|Evasion Moves Clause: Evasion moves are banned
|rule|Evasion Abilities Clause: Evasion abilities are banned
|rule|Sleep Moves Clause: Sleep-inducing moves are banned
|clearpoke
|poke|p1|Samurott-Hisui, F|
|poke|p1|Tornadus-Therian, M|
|poke|p1|Pecharunt|
|poke|p1|Great Tusk|
|poke|p1|Clefable, M|
|poke|p1|Zamazenta-*|
|poke|p2|Dragapult, F|
|poke|p2|Glimmora, F|
|poke|p2|Ogerpon-Wellspring, F|
|poke|p2|Kingambit, F|
|poke|p2|Slowking-Galar, F|
|poke|p2|Forretress, F|
|teampreview
|inactive|Battle timer is ON: inactive players will automatically lose when time's up. (requested by mayuhara)
|
|t:|1758273535
|teamsize|p1|6
|teamsize|p2|6
|start
|switch|p1a: Samurott|Samurott-Hisui, F|100/100
|switch|p2a: Glimmora|Glimmora, F|100/100
|turn|1
|
|t:|1758273538
|move|p2a: Glimmora|Stealth Rock|p1a: Samurott
|-sidestart|p1: mayuhara|move: Stealth Rock
|move|p1a: Samurott|Razor Shell|p2a: Glimmora
|-supereffective|p2a: Glimmora
|-enditem|p2a: Glimmora|Focus Sash
|-damage|p2a: Glimmora|1/100
|-activate|p2a: Glimmora|ability: Toxic Debris
|-sidestart|p1: mayuhara|move: Toxic Spikes
|
|upkeep
|turn|2
|
|t:|1758273542
|move|p1a: Samurott|Sucker Punch|p2a: Glimmora
|-damage|p2a: Glimmora|0 fnt
|-activate|p2a: Glimmora|ability: Toxic Debris
|-sidestart|p1: mayuhara|move: Toxic Spikes
|faint|p2a: Glimmora
|
|upkeep
|
|t:|1758273555
|switch|p2a: Forretress|Forretress, F|100/100
|turn|3
|
|t:|1758273562
|move|p1a: Samurott|Ceaseless Edge|p2a: Forretress
|-damage|p2a: Forretress|76/100
|-sidestart|p2: bertoskyT|Spikes
|move|p2a: Forretress|Body Press|p1a: Samurott
|-supereffective|p1a: Samurott
|-damage|p1a: Samurott|22/100
|
|upkeep
|turn|4
|
|t:|1758273566
|switch|p1a: Pecharunt|Pecharunt|100/100
|-sideend|p1: mayuhara|move: Toxic Spikes|[of] p1a: Pecharunt
|move|p2a: Forretress|Rapid Spin|p1a: Pecharunt
|-immune|p1a: Pecharunt
|
|upkeep
|turn|5
|
|t:|1758273572
|move|p1a: Pecharunt|Parting Shot|p2a: Forretress
|-unboost|p2a: Forretress|atk|1
|-unboost|p2a: Forretress|spa|1
|
|t:|1758273576
|switch|p1a: Great Tusk|Great Tusk|100/100|[from] Parting Shot
|move|p2a: Forretress|Volt Switch|p1a: Great Tusk
|-immune|p1a: Great Tusk
|
|upkeep
|turn|6
|
|t:|1758273581
|switch|p2a: Dragapult|Dragapult, F|100/100
|-damage|p2a: Dragapult|88/100|[from] Spikes
|move|p1a: Great Tusk|Knock Off|p2a: Dragapult
|-supereffective|p2a: Dragapult
|-damage|p2a: Dragapult|4/100
|-enditem|p2a: Dragapult|Choice Band|[from] move: Knock Off|[of] p1a: Great Tusk
|
|upkeep
|turn|7
|
|t:|1758273587
|-end|p1a: Great Tusk|Protosynthesis|[silent]
|switch|p1a: Clefable|Clefable, M|100/100
|-terastallize|p2a: Dragapult|Ghost
|move|p2a: Dragapult|Tera Blast|p1a: Clefable|[anim] Tera Blast Ghost
|-damage|p1a: Clefable|55/100
|
|-heal|p1a: Clefable|61/100|[from] item: Leftovers
|upkeep
|turn|8
|
|t:|1758273603
|move|p2a: Dragapult|Tera Blast|p1a: Clefable|[anim] Tera Blast Ghost
|-damage|p1a: Clefable|19/100
|move|p1a: Clefable|Moonlight|p1a: Clefable
|-heal|p1a: Clefable|69/100
|
|-heal|p1a: Clefable|75/100|[from] item: Leftovers
|upkeep
|turn|9
|
|t:|1758273611
|move|p2a: Dragapult|U-turn|p1a: Clefable
|-resisted|p1a: Clefable
|-damage|p1a: Clefable|66/100
|
|t:|1758273613
|switch|p2a: Forretress|Forretress, F|76/100|[from] U-turn
|move|p1a: Clefable|Moonlight|p1a: Clefable
|-heal|p1a: Clefable|100/100
|
|upkeep
|turn|10
|
|t:|1758273616
|switch|p1a: Pecharunt|Pecharunt|100/100
|move|p2a: Forretress|Gyro Ball|p1a: Pecharunt
|-damage|p1a: Pecharunt|90/100
|
|upkeep
|turn|11
|
|t:|1758273625
|move|p1a: Pecharunt|Parting Shot|p2a: Forretress
|-unboost|p2a: Forretress|atk|1
|-unboost|p2a: Forretress|spa|1
|
|t:|1758273629
|switch|p1a: Great Tusk|Great Tusk|100/100|[from] Parting Shot
|move|p2a: Forretress|Rapid Spin|p1a: Great Tusk
|-damage|p1a: Great Tusk|96/100
|-boost|p2a: Forretress|spe|1
|-sideend|p2: bertoskyT|Spikes|[from] move: Rapid Spin|[of] p2a: Forretress
|
|upkeep
|turn|12
|
|t:|1758273638
|switch|p2a: Ogerpon|Ogerpon-Wellspring, F|100/100
|move|p1a: Great Tusk|Rapid Spin|p2a: Ogerpon
|-damage|p2a: Ogerpon|80/100
|-boost|p1a: Great Tusk|spe|1
|-sideend|p1: mayuhara|Stealth Rock|[from] move: Rapid Spin|[of] p1a: Great Tusk
|
|upkeep
|turn|13
|
|t:|1758273648
|-end|p1a: Great Tusk|Protosynthesis|[silent]
|switch|p1a: Pecharunt|Pecharunt|90/100
|move|p2a: Ogerpon|Swords Dance|p2a: Ogerpon
|-boost|p2a: Ogerpon|atk|2
|
|upkeep
|turn|14
|
|t:|1758273655
|move|p2a: Ogerpon|Knock Off|p1a: Pecharunt
|-supereffective|p1a: Pecharunt
|-damage|p1a: Pecharunt|12/100
|-enditem|p1a: Pecharunt|Heavy-Duty Boots|[from] move: Knock Off|[of] p2a: Ogerpon
|move|p1a: Pecharunt|Foul Play|p2a: Ogerpon
|-damage|p2a: Ogerpon|4/100
|
|upkeep
|turn|15
|
|t:|1758273669
|switch|p1a: Samurott|Samurott-Hisui, F|22/100
|move|p2a: Ogerpon|Knock Off|p1a: Samurott
|-resisted|p1a: Samurott
|-damage|p1a: Samurott|0 fnt
|-enditem|p1a: Samurott|Assault Vest|[from] move: Knock Off|[of] p2a: Ogerpon
|faint|p1a: Samurott
|
|upkeep
|
|t:|1758273671
|switch|p1a: Zamazenta|Zamazenta|100/100
|-ability|p1a: Zamazenta|Dauntless Shield|boost
|-boost|p1a: Zamazenta|def|1
|turn|16
|
|t:|1758273688
|switch|p2a: Forretress|Forretress, F|76/100
|move|p1a: Zamazenta|Crunch|p2a: Forretress
|-damage|p2a: Forretress|61/100
|
|upkeep
|turn|17
|
|t:|1758273699
|move|p1a: Zamazenta|Close Combat|p2a: Forretress
|-damage|p2a: Forretress|26/100
|-unboost|p1a: Zamazenta|def|1
|-unboost|p1a: Zamazenta|spd|1
|move|p2a: Forretress|Volt Switch|p1a: Zamazenta
|-crit|p1a: Zamazenta
|-damage|p1a: Zamazenta|86/100
|
|t:|1758273705
|switch|p2a: Dragapult|Dragapult, F, tera:Ghost|4/100|[from] Volt Switch
|
|upkeep
|turn|18
|
|t:|1758273709
|switch|p1a: Clefable|Clefable, M|100/100
|move|p2a: Dragapult|Tera Blast|p1a: Clefable|[anim] Tera Blast Ghost
|-damage|p1a: Clefable|60/100
|
|-heal|p1a: Clefable|66/100|[from] item: Leftovers
|upkeep
|turn|19
|
|t:|1758273714
|move|p2a: Dragapult|U-turn|p1a: Clefable
|-resisted|p1a: Clefable
|-damage|p1a: Clefable|57/100
|
|t:|1758273717
|switch|p2a: Kingambit|Kingambit, F|100/100|[from] U-turn
|-activate|p2a: Kingambit|ability: Supreme Overlord
|-start|p2a: Kingambit|fallen1|[silent]
|move|p1a: Clefable|Moonblast|p2a: Kingambit
|-damage|p2a: Kingambit|68/100
|-unboost|p2a: Kingambit|spa|1
|
|-heal|p1a: Clefable|63/100|[from] item: Leftovers
|-heal|p2a: Kingambit|75/100|[from] item: Leftovers
|upkeep
|turn|20
|
|t:|1758273721
|switch|p1a: Zamazenta|Zamazenta|86/100
|move|p2a: Kingambit|Swords Dance|p2a: Kingambit
|-boost|p2a: Kingambit|atk|2
|
|-heal|p2a: Kingambit|81/100|[from] item: Leftovers
|upkeep
|turn|21
|
|t:|1758273728
|move|p1a: Zamazenta|Crunch|p2a: Kingambit
|-resisted|p2a: Kingambit
|-crit|p2a: Kingambit
|-damage|p2a: Kingambit|66/100
|move|p2a: Kingambit|Iron Head|p1a: Zamazenta
|-damage|p1a: Zamazenta|0 fnt
|faint|p1a: Zamazenta
|
|-heal|p2a: Kingambit|72/100|[from] item: Leftovers
|upkeep
|
|t:|1758273732
|switch|p1a: Great Tusk|Great Tusk|96/100
|turn|22
|
|t:|1758273738
|move|p2a: Kingambit|Sucker Punch|p1a: Great Tusk
|-resisted|p1a: Great Tusk
|-damage|p1a: Great Tusk|68/100
|move|p1a: Great Tusk|Headlong Rush|p2a: Kingambit
|-supereffective|p2a: Kingambit
|-damage|p2a: Kingambit|0 fnt
|-unboost|p1a: Great Tusk|def|1
|-unboost|p1a: Great Tusk|spd|1
|faint|p2a: Kingambit
|-end|p2a: Kingambit|fallen1|[silent]
|
|upkeep
|
|t:|1758273744
|switch|p2a: Ogerpon|Ogerpon-Wellspring, F|4/100
|turn|23
|
|t:|1758273751
|-end|p1a: Great Tusk|Protosynthesis|[silent]
|switch|p1a: Tornadus|Tornadus-Therian, M|100/100
|move|p2a: Ogerpon|Ivy Cudgel|p1a: Tornadus|[anim] Ivy Cudgel Water
|-crit|p1a: Tornadus
|-damage|p1a: Tornadus|0 fnt
|faint|p1a: Tornadus
|
|upkeep
|
|t:|1758273756
|switch|p1a: Clefable|Clefable, M|63/100
|turn|24
|
|t:|1758273762
|move|p2a: Ogerpon|Ivy Cudgel|p1a: Clefable|[anim] Ivy Cudgel Water
|-damage|p1a: Clefable|16/100
|move|p1a: Clefable|Moonblast|p2a: Ogerpon
|-damage|p2a: Ogerpon|0 fnt
|faint|p2a: Ogerpon
|
|-heal|p1a: Clefable|23/100|[from] item: Leftovers
|upkeep
|
|t:|1758273765
|switch|p2a: Dragapult|Dragapult, F, tera:Ghost|4/100
|turn|25
|
|t:|1758273789
|switch|p1a: Pecharunt|Pecharunt|12/100
|move|p2a: Dragapult|Tera Blast|p1a: Pecharunt|[anim] Tera Blast Ghost
|-supereffective|p1a: Pecharunt
|-damage|p1a: Pecharunt|0 fnt
|faint|p1a: Pecharunt
|
|upkeep
|
|t:|1758273791
|switch|p1a: Great Tusk|Great Tusk|68/100
|turn|26
|
|t:|1758273798
|move|p2a: Dragapult|U-turn|p1a: Great Tusk
|-resisted|p1a: Great Tusk
|-damage|p1a: Great Tusk|60/100
|
|t:|1758273800
|switch|p2a: Forretress|Forretress, F|26/100|[from] U-turn
|move|p1a: Great Tusk|Knock Off|p2a: Forretress
|-damage|p2a: Forretress|10/100
|-enditem|p2a: Forretress|Heavy-Duty Boots|[from] move: Knock Off|[of] p1a: Great Tusk
|
|upkeep
|turn|27
|
|t:|1758273807
|move|p1a: Great Tusk|Knock Off|p2a: Forretress
|-damage|p2a: Forretress|0 fnt
|faint|p2a: Forretress
|
|upkeep
|
|t:|1758273816
|switch|p2a: Dragapult|Dragapult, F, tera:Ghost|4/100
|turn|28
|
|t:|1758273820
|move|p2a: Dragapult|U-turn|p1a: Great Tusk
|-resisted|p1a: Great Tusk
|-damage|p1a: Great Tusk|52/100
|
|t:|1758273823
|switch|p2a: Slowking|Slowking-Galar, F|100/100|[from] U-turn
|move|p1a: Great Tusk|Knock Off|p2a: Slowking
|-supereffective|p2a: Slowking
|-damage|p2a: Slowking|41/100
|-enditem|p2a: Slowking|Heavy-Duty Boots|[from] move: Knock Off|[of] p1a: Great Tusk
|
|upkeep
|turn|29
|
|t:|1758273828
|move|p1a: Great Tusk|Knock Off|p2a: Slowking
|-supereffective|p2a: Slowking
|-damage|p2a: Slowking|0 fnt
|faint|p2a: Slowking
|
|upkeep
|
|t:|1758273830
|switch|p2a: Dragapult|Dragapult, F, tera:Ghost|4/100
|turn|30
|
|t:|1758273836
|move|p2a: Dragapult|Tera Blast|p1a: Great Tusk|[anim] Tera Blast Ghost
|-damage|p1a: Great Tusk|16/100
|move|p1a: Great Tusk|Knock Off|p2a: Dragapult
|-supereffective|p2a: Dragapult
|-damage|p2a: Dragapult|0 fnt
|faint|p2a: Dragapult
|
|win|mayuhara
|raw|mayuhara's rating: 1436 &rarr; <strong>1451</strong><br />(+15 for winning)
|raw|bertoskyT's rating: 1352 &rarr; <strong>1337</strong><br />(-15 for losing)
|l|☆bertoskyT
|player|p2|
|l|☆mayuhara
|player|p1|
