|j|☆Moosehey
|j|☆Doomingo
|t:|1758379190
|gametype|singles
|player|p1|Moosehey|266|1232
|player|p2|Doomingo|101|1269
|gen|9
|tier|[Gen 9] OU
|rated|
|rule|HP Percentage Mod: HP is shown in percentages
|rule|Endless Battle Clause: Forcing endless battles is banned
|rule|Species Clause: Limit one of each Pokémon
|rule|OHKO Clause: OHKO moves are banned
|rule|Evasion Items Clause: Evasion items are banned
|rule|Evasion Moves Clause: Evasion moves are banned
|rule|Evasion Abilities Clause: Evasion abilities are banned
|rule|Sleep Moves Clause: Sleep-inducing moves are banned
|clearpoke
|poke|p1|Jolteon, F|
|poke|p1|Ceruledge, M|
|poke|p1|Incineroar, F|
|poke|p1|Alomomola, F|
|poke|p1|Cinderace, M|
|poke|p1|Dragapult, M|
|poke|p2|Komala, M|
|poke|p2|Houndoom, F|
|poke|p2|Hawlucha, M|
|poke|p2|Magnezone|
|poke|p2|Palossand, F|
|poke|p2|Slowking, M|
|teampreview
|
|t:|1758379232
|teamsize|p1|6
|teamsize|p2|6
|start
|switch|p1a: Jolteon|Jolteon, F|100/100
|switch|p2a: Maromeo|Hawlucha, M|100/100
|-ability|p2a: Maromeo|Mold Breaker
|turn|1
|inactive|Battle timer is ON: inactive players will automatically lose when time's up. (requested by Doomingo)
|
|t:|1758379243
|switch|p2a: Frank|Palossand, F|100/100
|move|p1a: Jolteon|Volt Switch|p2a: Frank
|-immune|p2a: Frank
|
|-status|p1a: Jolteon|brn|[from] item: Flame Orb
|upkeep
|turn|2
|
|t:|1758379252
|-terastallize|p1a: Jolteon|Ice
|move|p1a: Jolteon|Tera Blast|p2a: Frank|[anim] Tera Blast Ice
|-supereffective|p2a: Frank
|-damage|p2a: Frank|43/100
|-enditem|p2a: Frank|Weakness Policy
|-boost|p2a: Frank|atk|2|[from] item: Weakness Policy
|-boost|p2a: Frank|spa|2|[from] item: Weakness Policy
|move|p2a: Frank|Amnesia|p2a: Frank
|-boost|p2a: Frank|spd|2
|
|-damage|p1a: Jolteon|95/100 brn|[from] brn
|upkeep
|turn|3
|
|t:|1758379268
|switch|p1a: Alomomola|Alomomola, F, shiny|100/100
|move|p2a: Frank|Shore Up|p2a: Frank
|-heal|p2a: Frank|93/100
|
|upkeep
|turn|4
|
|t:|1758379274
|move|p1a: Alomomola|Whirlpool|p2a: Frank
|-supereffective|p2a: Frank
|-damage|p2a: Frank|87/100
|-activate|p2a: Frank|move: Whirlpool|[of] p1a: Alomomola
|-ability|p2a: Frank|Water Compaction|boost
|-boost|p2a: Frank|def|2
|move|p2a: Frank|Amnesia|p2a: Frank
|-boost|p2a: Frank|spd|2
|
|-damage|p2a: Frank|75/100|[from] move: Whirlpool|[partiallytrapped]
|upkeep
|turn|5
|
|t:|1758379285
|move|p1a: Alomomola|Whirlpool|p2a: Frank
|-supereffective|p2a: Frank
|-damage|p2a: Frank|71/100
|-ability|p2a: Frank|Water Compaction|boost
|-boost|p2a: Frank|def|2
|move|p2a: Frank|Amnesia|p2a: Frank
|-boost|p2a: Frank|spd|2
|
|-damage|p2a: Frank|59/100|[from] move: Whirlpool|[partiallytrapped]
|upkeep
|turn|6
|
|t:|1758379299
|move|p1a: Alomomola|Wish|p1a: Alomomola
|move|p2a: Frank|Shore Up|p2a: Frank
|-heal|p2a: Frank|100/100
|
|-damage|p2a: Frank|88/100|[from] move: Whirlpool|[partiallytrapped]
|upkeep
|turn|7
|
|t:|1758379305
|move|p1a: Alomomola|Whirlpool|p2a: Frank|[miss]
|-miss|p1a: Alomomola|p2a: Frank
|move|p2a: Frank|Scorching Sands|p1a: Alomomola
|-damage|p1a: Alomomola|38/100
|
|-heal|p1a: Alomomola|88/100|[from] move: Wish|[wisher] Alomomola
|-damage|p2a: Frank|76/100|[from] move: Whirlpool|[partiallytrapped]
|upkeep
|turn|8
|
|t:|1758379316
|switch|p1a: Ceruledge|Ceruledge, M|100/100
|move|p2a: Frank|Shadow Ball|p1a: Ceruledge
|-supereffective|p1a: Ceruledge
|-enditem|p1a: Ceruledge|Focus Sash
|-damage|p1a: Ceruledge|1/100
|-unboost|p1a: Ceruledge|spd|1
|
|-end|p2a: Frank|Whirlpool|[partiallytrapped]
|upkeep
|turn|9
|
|t:|1758379326
|move|p1a: Ceruledge|Destiny Bond|p1a: Ceruledge
|-singlemove|p1a: Ceruledge|Destiny Bond
|move|p2a: Frank|Shadow Ball|p1a: Ceruledge
|-supereffective|p1a: Ceruledge
|-crit|p1a: Ceruledge
|-damage|p1a: Ceruledge|0 fnt
|faint|p1a: Ceruledge
|-activate|p1a: Ceruledge|move: Destiny Bond
|faint|p2a: Frank
|
|upkeep
|
|t:|1758379340
|switch|p1a: Jolteon|Jolteon, F, tera:Ice|95/100 brn
|switch|p2a: Narcolepsy|Komala, M|100/100
|-ability|p2a: Narcolepsy|Comatose
|turn|10
|
|t:|1758379347
|-terastallize|p2a: Narcolepsy|Ground
|move|p1a: Jolteon|Volt Switch|p2a: Narcolepsy
|-immune|p2a: Narcolepsy
|move|p2a: Narcolepsy|Earthquake|p1a: Jolteon
|-damage|p1a: Jolteon|0 fnt
|faint|p1a: Jolteon
|
|upkeep
|
|t:|1758379357
|switch|p1a: Alomomola|Alomomola, F, shiny|100/100
|turn|11
|
|t:|1758379374
|switch|p2a: Hippope|Slowking, M|100/100
|move|p1a: Alomomola|Flip Turn|p2a: Hippope
|-resisted|p2a: Hippope
|-damage|p2a: Hippope|93/100
|
|t:|1758379381
|switch|p1a: Dragapult|Dragapult, M|100/100|[from] Flip Turn
|
|upkeep
|turn|12
|
|t:|1758379385
|move|p1a: Dragapult|Thunderbolt|p2a: Hippope
|-supereffective|p2a: Hippope
|-damage|p2a: Hippope|29/100
|move|p2a: Hippope|Ice Beam|p1a: Dragapult
|-supereffective|p1a: Dragapult
|-damage|p1a: Dragapult|0 fnt
|faint|p1a: Dragapult
|
|upkeep
|
|t:|1758379394
|switch|p1a: Cinderace|Cinderace, M|100/100
|turn|13
|l|☆Moosehey
|inactive|Moosehey disconnected and has a minute to reconnect!
|player|p1|
|j|☆Moosehey
|inactive|Moosehey reconnected and has 145 seconds left.
|player|p1|Moosehey|266|
|
|t:|1758379405
|switch|p2a: Maromeo|Hawlucha, M|100/100
|-ability|p2a: Maromeo|Mold Breaker
|move|p1a: Cinderace|U-turn|p2a: Maromeo
|-start|p1a: Cinderace|typechange|Bug|[from] ability: Libero
|-resisted|p2a: Maromeo
|-damage|p2a: Maromeo|84/100
|-damage|p1a: Cinderace|91/100|[from] item: Life Orb
|
|t:|1758379414
|switch|p1a: Alomomola|Alomomola, F, shiny|100/100|[from] U-turn
|
|upkeep
|turn|14
|inactive|Doomingo has 120 seconds left.
|
|t:|1758379471
|move|p2a: Maromeo|U-turn|p1a: Alomomola
|-damage|p1a: Alomomola|90/100
|-damage|p2a: Maromeo|68/100|[from] item: Rocky Helmet|[of] p1a: Alomomola
|
|t:|1758379475
|switch|p2a: Hippope|Slowking, M|62/100|[from] U-turn
|move|p1a: Alomomola|Whirlpool|p2a: Hippope
|-resisted|p2a: Hippope
|-damage|p2a: Hippope|60/100
|-activate|p2a: Hippope|move: Whirlpool|[of] p1a: Alomomola
|
|-damage|p2a: Hippope|47/100|[from] move: Whirlpool|[partiallytrapped]
|upkeep
|turn|15
|
|t:|1758379485
|move|p1a: Alomomola|Protect|p1a: Alomomola
|-singleturn|p1a: Alomomola|Protect
|move|p2a: Hippope|Scald|p1a: Alomomola
|-activate|p1a: Alomomola|move: Protect
|
|-damage|p2a: Hippope|35/100|[from] move: Whirlpool|[partiallytrapped]
|upkeep
|turn|16
|
|t:|1758379494
|move|p1a: Alomomola|Wish|p1a: Alomomola
|move|p2a: Hippope|Scald|p1a: Alomomola
|-resisted|p1a: Alomomola
|-damage|p1a: Alomomola|54/100
|
|-damage|p2a: Hippope|23/100|[from] move: Whirlpool|[partiallytrapped]
|upkeep
|turn|17
|
|t:|1758379502
|move|p1a: Alomomola|Flip Turn|p2a: Hippope
|-resisted|p2a: Hippope
|-damage|p2a: Hippope|15/100
|
|t:|1758379507
|switch|p1a: Incineroar|Incineroar, F|100/100|[from] Flip Turn
|-ability|p1a: Incineroar|Intimidate|boost
|-unboost|p2a: Hippope|atk|1
|move|p2a: Hippope|Scald|p1a: Incineroar
|-supereffective|p1a: Incineroar
|-damage|p1a: Incineroar|47/100
|
|-heal|p1a: Incineroar|100/100|[from] move: Wish|[wisher] Alomomola
|-end|p2a: Hippope|Whirlpool|[partiallytrapped]|[silent]
|upkeep
|turn|18
|
|t:|1758379522
|switch|p2a: Maromeo|Hawlucha, M|68/100
|-ability|p2a: Maromeo|Mold Breaker
|move|p1a: Incineroar|U-turn|p2a: Maromeo
|-resisted|p2a: Maromeo
|-damage|p2a: Maromeo|60/100
|
|t:|1758379530
|switch|p1a: Cinderace|Cinderace, M|91/100|[from] U-turn
|
|upkeep
|turn|19
|
|t:|1758379542
|move|p2a: Maromeo|U-turn|p1a: Cinderace
|-resisted|p1a: Cinderace
|-damage|p1a: Cinderace|76/100
|
|t:|1758379544
|switch|p2a: Soul Gorger|Houndoom, F|100/100|[from] U-turn
|move|p1a: Cinderace|Pyro Ball|p2a: Soul Gorger
|-start|p2a: Soul Gorger|ability: Flash Fire
|
|upkeep
|turn|20
|
|t:|1758379553
|move|p1a: Cinderace|U-turn|p2a: Soul Gorger
|-start|p1a: Cinderace|typechange|Bug|[from] ability: Libero
|-enditem|p2a: Soul Gorger|Focus Sash
|-damage|p2a: Soul Gorger|1/100
|-damage|p1a: Cinderace|66/100|[from] item: Life Orb
|
|t:|1758379560
|switch|p1a: Alomomola|Alomomola, F, shiny|87/100|[from] U-turn
|move|p2a: Soul Gorger|Counter|p1a: Alomomola
|-damage|p1a: Alomomola|0 fnt
|-damage|p2a: Soul Gorger|0 fnt|[from] item: Rocky Helmet|[of] p1a: Alomomola
|faint|p1a: Alomomola
|faint|p2a: Soul Gorger
|
|upkeep
|
|t:|1758379572
|switch|p2a: Maromeo|Hawlucha, M|60/100
|switch|p1a: Cinderace|Cinderace, M|66/100
|-ability|p2a: Maromeo|Mold Breaker
|turn|21
|
|t:|1758379582
|move|p2a: Maromeo|Close Combat|p1a: Cinderace
|-damage|p1a: Cinderace|0 fnt
|-unboost|p2a: Maromeo|def|1
|-unboost|p2a: Maromeo|spd|1
|faint|p1a: Cinderace
|
|upkeep
|-message|Moosehey forfeited.
|
|win|Doomingo
|raw|Moosehey's rating: 1232 &rarr; <strong>1210</strong><br />(-22 for losing)
|raw|Doomingo's rating: 1269 &rarr; <strong>1291</strong><br />(+22 for winning)
|l|‽Moosehey
|player|p1|
|l|☆Doomingo
|player|p2|
