|j|☆Shibuya Arc
|j|☆1shy9
|t:|1758366858
|gametype|singles
|player|p1|Shibuya Arc|101|1765
|player|p2|1shy9|acetrainerf-gen4|1739
|gen|9
|tier|[Gen 9] OU
|rated|
|rule|HP Percentage Mod: HP is shown in percentages
|rule|Endless Battle Clause: Forcing endless battles is banned
|rule|Species Clause: Limit one of each Pokémon
|rule|OHKO Clause: OHKO moves are banned
|rule|Evasion Items Clause: Evasion items are banned
|rule|Evasion Moves Clause: Evasion moves are banned
|rule|Evasion Abilities Clause: Evasion abilities are banned
|rule|Sleep Moves Clause: Sleep-inducing moves are banned
|clearpoke
|poke|p1|Dragapult, F|
|poke|p1|Dragonite, F|
|poke|p1|Ting-Lu|
|poke|p1|Weezing-Galar, F|
|poke|p1|Iron Crown|
|poke|p1|Zapdos|
|poke|p2|Iron Moth|
|poke|p2|Gholdengo|
|poke|p2|Great Tusk|
|poke|p2|Kyurem|
|poke|p2|Zamazenta-*|
|poke|p2|Dragonite, M|
|teampreview
|inactive|Battle timer is ON: inactive players will automatically lose when time's up. (requested by Shibuya Arc)
|j| Raining Drawing
|
|t:|1758366886
|teamsize|p1|6
|teamsize|p2|6
|start
|switch|p1a: Zapdos|Zapdos|100/100
|switch|p2a: Great Tusk|Great Tusk|100/100
|turn|1
|
|t:|1758366893
|-end|p2a: Great Tusk|Protosynthesis|[silent]
|switch|p2a: Kyurem|Kyurem|100/100
|-ability|p2a: Kyurem|Pressure
|move|p1a: Zapdos|Hurricane|p2a: Kyurem
|-damage|p2a: Kyurem|38/100
|-start|p2a: Kyurem|confusion
|
|upkeep
|turn|2
|
|t:|1758366900
|move|p1a: Zapdos|Hurricane|p2a: Kyurem|[miss]
|-miss|p1a: Zapdos|p2a: Kyurem
|-activate|p2a: Kyurem|confusion
|move|p2a: Kyurem|Icicle Spear|p1a: Zapdos
|-supereffective|p1a: Zapdos
|-damage|p1a: Zapdos|71/100
|-supereffective|p1a: Zapdos
|-damage|p1a: Zapdos|41/100
|-supereffective|p1a: Zapdos
|-damage|p1a: Zapdos|10/100
|-supereffective|p1a: Zapdos
|-damage|p1a: Zapdos|0 fnt
|faint|p1a: Zapdos
|-hitcount|p1: Zapdos|4
|
|upkeep
|
|t:|1758366907
|switch|p1a: Iron Crown|Iron Crown|100/100
|turn|3
|
|t:|1758366913
|move|p1a: Iron Crown|Tachyon Cutter|p2a: Kyurem
|-supereffective|p2a: Kyurem
|-damage|p2a: Kyurem|0 fnt
|faint|p2a: Kyurem
|-hitcount|p2: Kyurem|1
|
|upkeep
|
|t:|1758366925
|switch|p2a: Gholdengo|Gholdengo|100/100
|-item|p2a: Gholdengo|Air Balloon
|turn|4
|
|t:|1758366931
|-end|p1a: Iron Crown|Quark Drive|[silent]
|switch|p1a: Ting-Lu|Ting-Lu|100/100
|-ability|p1a: Ting-Lu|Vessel of Ruin
|move|p2a: Gholdengo|Shadow Ball|p1a: Ting-Lu
|-resisted|p1a: Ting-Lu
|-damage|p1a: Ting-Lu|91/100
|-unboost|p1a: Ting-Lu|spd|1
|
|-heal|p1a: Ting-Lu|97/100|[from] item: Leftovers
|upkeep
|turn|5
|
|t:|1758366939
|move|p2a: Gholdengo|Make It Rain|p1a: Ting-Lu
|-damage|p1a: Ting-Lu|56/100
|-unboost|p2a: Gholdengo|spa|1
|move|p1a: Ting-Lu|Ruination|p2a: Gholdengo
|-damage|p2a: Gholdengo|50/100
|-enditem|p2a: Gholdengo|Air Balloon
|
|-heal|p1a: Ting-Lu|62/100|[from] item: Leftovers
|upkeep
|turn|6
|
|t:|1758366947
|switch|p2a: Great Tusk|Great Tusk|100/100
|move|p1a: Ting-Lu|Stealth Rock|p2a: Great Tusk
|-sidestart|p2: 1shy9|move: Stealth Rock
|
|-heal|p1a: Ting-Lu|68/100|[from] item: Leftovers
|upkeep
|turn|7
|j| idjsyfudsjh
|
|t:|1758366953
|move|p2a: Great Tusk|Rapid Spin|p1a: Ting-Lu
|-damage|p1a: Ting-Lu|58/100
|-boost|p2a: Great Tusk|spe|1
|-sideend|p2: 1shy9|Stealth Rock|[from] move: Rapid Spin|[of] p2a: Great Tusk
|move|p1a: Ting-Lu|Ruination|p2a: Great Tusk
|-damage|p2a: Great Tusk|51/100
|
|-heal|p1a: Ting-Lu|65/100|[from] item: Leftovers
|upkeep
|turn|8
|
|t:|1758366963
|move|p2a: Great Tusk|Stealth Rock|p1a: Ting-Lu
|-sidestart|p1: Shibuya Arc|move: Stealth Rock
|move|p1a: Ting-Lu|Earthquake|p2a: Great Tusk
|-damage|p2a: Great Tusk|25/100
|
|-heal|p1a: Ting-Lu|71/100|[from] item: Leftovers
|upkeep
|turn|9
|
|t:|1758366978
|move|p2a: Great Tusk|Headlong Rush|p1a: Ting-Lu
|-damage|p1a: Ting-Lu|35/100
|-unboost|p2a: Great Tusk|def|1
|-unboost|p2a: Great Tusk|spd|1
|move|p1a: Ting-Lu|Earthquake|p2a: Great Tusk
|-damage|p2a: Great Tusk|0 fnt
|faint|p2a: Great Tusk
|-end|p2a: Great Tusk|Protosynthesis|[silent]
|
|-heal|p1a: Ting-Lu|41/100|[from] item: Leftovers
|upkeep
|
|t:|1758366989
|switch|p2a: Dragonite|Dragonite, M|100/100
|turn|10
|
|t:|1758366995
|move|p2a: Dragonite|Earthquake|p1a: Ting-Lu
|-damage|p1a: Ting-Lu|21/100
|move|p1a: Ting-Lu|Ruination|p2a: Dragonite
|-damage|p2a: Dragonite|51/100
|
|-heal|p1a: Ting-Lu|27/100|[from] item: Leftovers
|upkeep
|turn|11
|
|t:|1758367006
|move|p2a: Dragonite|Roost|p2a: Dragonite
|-heal|p2a: Dragonite|100/100
|-singleturn|p2a: Dragonite|move: Roost
|move|p1a: Ting-Lu|Stealth Rock|p2a: Dragonite
|-sidestart|p2: 1shy9|move: Stealth Rock
|
|-heal|p1a: Ting-Lu|34/100|[from] item: Leftovers
|upkeep
|turn|12
|j| jonbilbaobi
|
|t:|1758367013
|move|p2a: Dragonite|Dragon Dance|p2a: Dragonite
|-boost|p2a: Dragonite|atk|1
|-boost|p2a: Dragonite|spe|1
|move|p1a: Ting-Lu|Ruination|p2a: Dragonite
|-damage|p2a: Dragonite|51/100
|
|-heal|p1a: Ting-Lu|40/100|[from] item: Leftovers
|upkeep
|turn|13
|
|t:|1758367021
|move|p2a: Dragonite|Earthquake|p1a: Ting-Lu
|-damage|p1a: Ting-Lu|6/100
|move|p1a: Ting-Lu|Whirlwind|p2a: Dragonite
|drag|p2a: Iron Moth|Iron Moth|100/100
|-damage|p2a: Iron Moth|75/100|[from] Stealth Rock
|-enditem|p2a: Iron Moth|Booster Energy
|-activate|p2a: Iron Moth|ability: Quark Drive|[fromitem]
|-start|p2a: Iron Moth|quarkdrivespe
|
|-heal|p1a: Ting-Lu|12/100|[from] item: Leftovers
|upkeep
|turn|14
|
|t:|1758367029
|switch|p1a: Dragonite|Dragonite, F|100/100
|move|p2a: Iron Moth|Fiery Dance|p1a: Dragonite
|-resisted|p1a: Dragonite
|-damage|p1a: Dragonite|90/100
|
|upkeep
|turn|15
|
|t:|1758367044
|-terastallize|p2a: Iron Moth|Ground
|move|p2a: Iron Moth|Sludge Wave|p1a: Dragonite
|-damage|p1a: Dragonite|41/100
|move|p1a: Dragonite|Earthquake|p2a: Iron Moth
|-damage|p2a: Iron Moth|19/100
|
|upkeep
|turn|16
|j| Ctannn
|
|t:|1758367059
|move|p1a: Dragonite|Extreme Speed|p2a: Iron Moth
|-damage|p2a: Iron Moth|0 fnt
|faint|p2a: Iron Moth
|-end|p2a: Iron Moth|Quark Drive|[silent]
|
|upkeep
|
|t:|1758367069
|switch|p2a: Dragonite|Dragonite, M|51/100
|turn|17
|
|t:|1758367076
|switch|p1a: Dragapult|Dragapult, F|100/100
|move|p2a: Dragonite|Dragon Dance|p2a: Dragonite
|-boost|p2a: Dragonite|atk|1
|-boost|p2a: Dragonite|spe|1
|
|upkeep
|turn|18
|
|t:|1758367082
|move|p1a: Dragapult|Dragon Darts|p2a: Dragonite
|-supereffective|p2a: Dragonite
|-damage|p2a: Dragonite|6/100
|-anim|p1a: Dragapult|Dragon Darts|p2a: Dragonite
|-supereffective|p2a: Dragonite
|-damage|p2a: Dragonite|0 fnt
|faint|p2a: Dragonite
|
|upkeep
|-message|1shy9 forfeited.
|
|win|Shibuya Arc
|raw|Shibuya Arc's rating: 1765 &rarr; <strong>1784</strong><br />(+19 for winning)
|raw|1shy9's rating: 1739 &rarr; <strong>1720</strong><br />(-19 for losing)
|l|☆Shibuya Arc
|player|p1|
|l|☆1shy9
|player|p2|
|l| idjsyfudsjh
