|j|☆BrodyMD
|j|☆narutorasenganz
|t:|1758328558
|gametype|singles
|player|p1|BrodyMD|colress|1350
|player|p2|narutorasenganz|brycen|1304
|gen|9
|tier|[Gen 9] OU
|rated|
|rule|HP Percentage Mod: HP is shown in percentages
|rule|Endless Battle Clause: Forcing endless battles is banned
|rule|Species Clause: Limit one of each Pokémon
|rule|OHKO Clause: OHKO moves are banned
|rule|Evasion Items Clause: Evasion items are banned
|rule|Evasion Moves Clause: Evasion moves are banned
|rule|Evasion Abilities Clause: Evasion abilities are banned
|rule|Sleep Moves Clause: Sleep-inducing moves are banned
|clearpoke
|poke|p1|Kricketune, M|
|poke|p1|Gholdengo|
|poke|p1|Meowscarada, F|
|poke|p1|Raging Bolt|
|poke|p1|Darkrai|
|poke|p1|Iron Valiant|
|poke|p2|Walking Wake|
|poke|p2|Raging Bolt|
|poke|p2|Hatterene, F|
|poke|p2|Scizor, M|
|poke|p2|Ninetales, M|
|poke|p2|Great Tusk|
|teampreview
|inactive|Battle timer is ON: inactive players will automatically lose when time's up. (requested by narutorasenganz)
|
|t:|1758328571
|teamsize|p1|6
|teamsize|p2|6
|start
|switch|p1a: ZOEY|Meowscarada, F, shiny|100/100
|switch|p2a: Scizor|Scizor, M|100/100
|turn|1
|
|t:|1758328575
|move|p1a: ZOEY|U-turn|p2a: Scizor
|-start|p1a: ZOEY|typechange|Bug|[from] ability: Protean
|-resisted|p2a: Scizor
|-damage|p2a: Scizor|83/100
|
|t:|1758328582
|switch|p1a: RUMI|Raging Bolt|100/100|[from] U-turn
|-enditem|p1a: RUMI|Booster Energy
|-activate|p1a: RUMI|ability: Protosynthesis|[fromitem]
|-start|p1a: RUMI|protosynthesisspa
|move|p2a: Scizor|U-turn|p1a: RUMI
|-damage|p1a: RUMI|39/100
|
|t:|1758328588
|switch|p2a: Great Tusk|Great Tusk|100/100|[from] U-turn
|-enditem|p2a: Great Tusk|Booster Energy
|-activate|p2a: Great Tusk|ability: Protosynthesis|[fromitem]
|-start|p2a: Great Tusk|protosynthesisatk
|
|upkeep
|turn|2
|
|t:|1758328596
|-end|p1a: RUMI|Protosynthesis|[silent]
|switch|p1a: BABY SAJA|Gholdengo|100/100
|-item|p1a: BABY SAJA|Air Balloon
|move|p2a: Great Tusk|Ice Spinner|p1a: BABY SAJA
|-resisted|p1a: BABY SAJA
|-damage|p1a: BABY SAJA|81/100
|-enditem|p1a: BABY SAJA|Air Balloon
|
|upkeep
|turn|3
|
|t:|1758328607
|-terastallize|p2a: Great Tusk|Ground
|-terastallize|p1a: BABY SAJA|Ghost
|move|p2a: Great Tusk|Headlong Rush|p1a: BABY SAJA
|-damage|p1a: BABY SAJA|0 fnt
|-unboost|p2a: Great Tusk|def|1
|-unboost|p2a: Great Tusk|spd|1
|faint|p1a: BABY SAJA
|
|upkeep
|
|t:|1758328617
|switch|p1a: ZOEY|Meowscarada, F, shiny|100/100
|turn|4
|
|t:|1758328623
|-end|p2a: Great Tusk|Protosynthesis|[silent]
|switch|p2a: Ninetales|Ninetales, M|100/100
|-weather|SunnyDay|[from] ability: Drought|[of] p2a: Ninetales
|move|p1a: ZOEY|Flower Trick|p2a: Ninetales
|-start|p1a: ZOEY|typechange|Grass|[from] ability: Protean
|-resisted|p2a: Ninetales
|-crit|p2a: Ninetales
|-damage|p2a: Ninetales|68/100
|
|-weather|SunnyDay|[upkeep]
|upkeep
|turn|5
|
|t:|1758328634
|switch|p1a: RUMI|Raging Bolt|39/100
|-activate|p1a: RUMI|ability: Protosynthesis
|-start|p1a: RUMI|protosynthesisspa
|move|p2a: Ninetales|Will-O-Wisp|p1a: RUMI
|-status|p1a: RUMI|brn
|
|-weather|SunnyDay|[upkeep]
|-damage|p1a: RUMI|33/100 brn|[from] brn
|upkeep
|turn|6
|
|t:|1758328645
|move|p1a: RUMI|Dragon Pulse|p2a: Ninetales
|-damage|p2a: Ninetales|18/100
|move|p2a: Ninetales|Weather Ball|p1a: RUMI
|-resisted|p1a: RUMI
|-damage|p1a: RUMI|10/100 brn
|
|-weather|SunnyDay|[upkeep]
|-damage|p1a: RUMI|4/100 brn|[from] brn
|upkeep
|turn|7
|
|t:|1758328655
|move|p1a: RUMI|Thunderbolt|p2a: Ninetales
|-damage|p2a: Ninetales|0 fnt
|faint|p2a: Ninetales
|
|-weather|SunnyDay|[upkeep]
|-damage|p1a: RUMI|0 fnt|[from] brn
|faint|p1a: RUMI
|-end|p1a: RUMI|Protosynthesis|[silent]
|upkeep
|
|t:|1758328664
|switch|p1a: GWI-MA|Darkrai, shiny|100/100
|switch|p2a: Walking Wake|Walking Wake|100/100
|-activate|p2a: Walking Wake|ability: Protosynthesis
|-start|p2a: Walking Wake|protosynthesisspe
|turn|8
|
|t:|1758328676
|move|p2a: Walking Wake|Hydro Steam|p1a: GWI-MA
|-enditem|p1a: GWI-MA|Focus Sash
|-damage|p1a: GWI-MA|1/100
|move|p1a: GWI-MA|Dark Pulse|p2a: Walking Wake
|-damage|p2a: Walking Wake|51/100
|
|-weather|SunnyDay|[upkeep]
|upkeep
|turn|9
|
|t:|1758328684
|move|p2a: Walking Wake|Hydro Steam|p1a: GWI-MA
|-damage|p1a: GWI-MA|0 fnt
|faint|p1a: GWI-MA
|
|-weather|SunnyDay|[upkeep]
|upkeep
|
|t:|1758328687
|switch|p1a: BOBBY|Kricketune, M, shiny|100/100
|turn|10
|
|t:|1758328690
|move|p2a: Walking Wake|Hydro Steam|p1a: BOBBY
|-enditem|p1a: BOBBY|Focus Sash
|-damage|p1a: BOBBY|1/100
|move|p1a: BOBBY|Sticky Web|p2a: Walking Wake
|-sidestart|p2: narutorasenganz|move: Sticky Web
|
|-weather|SunnyDay|[upkeep]
|upkeep
|turn|11
|
|t:|1758328697
|move|p2a: Walking Wake|Hydro Steam|p1a: BOBBY
|-damage|p1a: BOBBY|0 fnt
|faint|p1a: BOBBY
|
|-weather|none
|-end|p2a: Walking Wake|Protosynthesis
|upkeep
|
|t:|1758328700
|switch|p1a: MIRA|Iron Valiant, shiny|100/100
|turn|12
|
|t:|1758328709
|move|p1a: MIRA|Spirit Break|p2a: Walking Wake
|-supereffective|p2a: Walking Wake
|-damage|p2a: Walking Wake|0 fnt
|faint|p2a: Walking Wake
|-end|p2a: Walking Wake|Protosynthesis|[silent]
|
|upkeep
|
|t:|1758328720
|switch|p2a: Hatterene|Hatterene, F|100/100
|-activate|p2a: Hatterene|move: Sticky Web
|-unboost|p2a: Hatterene|spe|1
|turn|13
|
|t:|1758328727
|move|p1a: MIRA|Spirit Break|p2a: Hatterene
|-damage|p2a: Hatterene|40/100
|-unboost|p2a: Hatterene|spa|1
|-enditem|p2a: Hatterene|Eject Button
|
|t:|1758328735
|switch|p2a: Great Tusk|Great Tusk, tera:Ground|100/100
|-activate|p2a: Great Tusk|move: Sticky Web
|-unboost|p2a: Great Tusk|spe|1
|
|upkeep
|turn|14
|
|t:|1758328742
|-end|p1a: MIRA|Quark Drive|[silent]
|switch|p1a: ZOEY|Meowscarada, F, shiny|100/100
|move|p2a: Great Tusk|Headlong Rush|p1a: ZOEY
|-resisted|p1a: ZOEY
|-damage|p1a: ZOEY|37/100
|-unboost|p2a: Great Tusk|def|1
|-unboost|p2a: Great Tusk|spd|1
|
|upkeep
|turn|15
|
|t:|1758328750
|-end|p2a: Great Tusk|Protosynthesis|[silent]
|switch|p2a: Hatterene|Hatterene, F|40/100
|-activate|p2a: Hatterene|move: Sticky Web
|-unboost|p2a: Hatterene|spe|1
|move|p1a: ZOEY|Flower Trick|p2a: Hatterene
|-start|p1a: ZOEY|typechange|Grass|[from] ability: Protean
|-crit|p2a: Hatterene
|-damage|p2a: Hatterene|0 fnt
|faint|p2a: Hatterene
|
|upkeep
|
|t:|1758328761
|switch|p2a: Scizor|Scizor, M|83/100
|-activate|p2a: Scizor|move: Sticky Web
|-unboost|p2a: Scizor|spe|1
|turn|16
|
|t:|1758328765
|move|p1a: ZOEY|Flower Trick|p2a: Scizor
|-resisted|p2a: Scizor
|-crit|p2a: Scizor
|-damage|p2a: Scizor|72/100
|move|p2a: Scizor|U-turn|p1a: ZOEY
|-supereffective|p1a: ZOEY
|-damage|p1a: ZOEY|0 fnt
|faint|p1a: ZOEY
|
|t:|1758328773
|switch|p2a: Great Tusk|Great Tusk, tera:Ground|100/100|[from] U-turn
|-activate|p2a: Great Tusk|move: Sticky Web
|-unboost|p2a: Great Tusk|spe|1
|
|upkeep
|
|t:|1758328776
|switch|p1a: MIRA|Iron Valiant, shiny|100/100
|turn|17
|
|t:|1758328780
|move|p1a: MIRA|Close Combat|p2a: Great Tusk
|-damage|p2a: Great Tusk|38/100
|-unboost|p1a: MIRA|def|1
|-unboost|p1a: MIRA|spd|1
|move|p2a: Great Tusk|Headlong Rush|p1a: MIRA
|-damage|p1a: MIRA|0 fnt
|-unboost|p2a: Great Tusk|def|1
|-unboost|p2a: Great Tusk|spd|1
|faint|p1a: MIRA
|-end|p1a: MIRA|Quark Drive|[silent]
|
|win|narutorasenganz
|raw|BrodyMD's rating: 1350 &rarr; <strong>1327</strong><br />(-23 for losing)
|raw|narutorasenganz's rating: 1304 &rarr; <strong>1327</strong><br />(+23 for winning)
|l|☆BrodyMD
|player|p1|
