|j|☆mathdragon
|j|☆DJKHHeromon
|t:|1758299299
|gametype|singles
|player|p1|mathdragon|lady-gen4|1138
|player|p2|DJKHHeromon|cynthia|1171
|gen|9
|tier|[Gen 9] OU
|rated|
|rule|HP Percentage Mod: HP is shown in percentages
|rule|Endless Battle Clause: Forcing endless battles is banned
|rule|Species Clause: Limit one of each Pokémon
|rule|OHKO Clause: OHKO moves are banned
|rule|Evasion Items Clause: Evasion items are banned
|rule|Evasion Moves Clause: Evasion moves are banned
|rule|Evasion Abilities Clause: Evasion abilities are banned
|rule|Sleep Moves Clause: Sleep-inducing moves are banned
|clearpoke
|poke|p1|Dragapult, M|
|poke|p1|Shiftry, F|
|poke|p1|Drifblim, F|
|poke|p1|Dondozo, F|
|poke|p1|Blissey, F|
|poke|p1|Exeggutor, F|
|poke|p2|Samurott-Hisui, F|
|poke|p2|Tornadus-Therian, M|
|poke|p2|Pecharunt|
|poke|p2|Great Tusk|
|poke|p2|Clefable, F|
|poke|p2|Zamazenta-*|
|teampreview
|inactive|Battle timer is ON: inactive players will automatically lose when time's up. (requested by DJKHHeromon)
|
|t:|1758299305
|teamsize|p1|6
|teamsize|p2|6
|start
|switch|p1a: Dragapult|Dragapult, M|100/100
|switch|p2a: Peachy Keen|Pecharunt|100/100
|turn|1
|
|t:|1758299319
|switch|p2a: Oda|Samurott-Hisui, F|100/100
|move|p1a: Dragapult|U-turn|p2a: Oda
|-supereffective|p2a: Oda
|-damage|p2a: Oda|46/100
|
|t:|1758299334
|switch|p1a: Shiftry|Shiftry, F|100/100|[from] U-turn
|
|upkeep
|turn|2
|
|t:|1758299345
|switch|p2a: Good Boi|Zamazenta|100/100
|-ability|p2a: Good Boi|Dauntless Shield|boost
|-boost|p2a: Good Boi|def|1
|move|p1a: Shiftry|Leaf Blade|p2a: Good Boi
|-damage|p2a: Good Boi|76/100
|
|upkeep
|turn|3
|
|t:|1758299359
|switch|p1a: Drifblim|Drifblim, F|100/100
|move|p2a: Good Boi|Heavy Slam|p1a: Drifblim
|-damage|p1a: Drifblim|64/100
|
|upkeep
|turn|4
|
|t:|1758299367
|move|p2a: Good Boi|Crunch|p1a: Drifblim
|-supereffective|p1a: Drifblim
|-damage|p1a: Drifblim|9/100
|-unboost|p1a: Drifblim|def|1
|move|p1a: Drifblim|Strength Sap|p2a: Good Boi
|-unboost|p2a: Good Boi|atk|1
|-heal|p1a: Drifblim|86/100
|
|upkeep
|turn|5
|
|t:|1758299380
|switch|p2a: Oda|Samurott-Hisui, F|46/100
|switch|p1a: Dondozo|Dondozo, F|100/100
|
|upkeep
|turn|6
|
|t:|1758299387
|move|p2a: Oda|Knock Off|p1a: Dondozo
|-damage|p1a: Dondozo|82/100
|-enditem|p1a: Dondozo|Leftovers|[from] move: Knock Off|[of] p2a: Oda
|move|p1a: Dondozo|Body Press|p2a: Oda
|-supereffective|p2a: Oda
|-damage|p2a: Oda|0 fnt
|faint|p2a: Oda
|
|upkeep
|
|t:|1758299398
|switch|p2a: Big Birb|Tornadus-Therian, M|100/100
|turn|7
|l|☆mathdragon
|inactive|mathdragon disconnected and has a minute to reconnect!
|player|p1|
|j|☆mathdragon
|inactive|mathdragon reconnected and has 135 seconds left.
|player|p1|mathdragon|lady-gen4|
|
|t:|1758299417
|switch|p1a: Blissey|Blissey, F|100/100
|move|p2a: Big Birb|Nasty Plot|p2a: Big Birb
|-boost|p2a: Big Birb|spa|2
|
|upkeep
|turn|8
|
|t:|1758299427
|switch|p2a: The Meta|Great Tusk|100/100
|switch|p1a: Shiftry|Shiftry, F|100/100
|
|upkeep
|turn|9
|
|t:|1758299438
|-end|p2a: The Meta|Protosynthesis|[silent]
|switch|p2a: Peachy Keen|Pecharunt|100/100
|switch|p1a: Drifblim|Drifblim, F|86/100
|
|upkeep
|turn|10
|
|t:|1758299454
|-terastallize|p2a: Peachy Keen|Dark
|move|p1a: Drifblim|Will-O-Wisp|p2a: Peachy Keen
|-status|p2a: Peachy Keen|brn
|move|p2a: Peachy Keen|Malignant Chain|p1a: Drifblim
|-resisted|p1a: Drifblim
|-damage|p1a: Drifblim|67/100
|
|-damage|p2a: Peachy Keen|94/100 brn|[from] brn
|upkeep
|turn|11
|
|t:|1758299467
|switch|p1a: Blissey|Blissey, F|100/100
|move|p2a: Peachy Keen|Parting Shot|p1a: Blissey
|-unboost|p1a: Blissey|atk|1
|-unboost|p1a: Blissey|spa|1
|
|t:|1758299476
|switch|p2a: The Meta|Great Tusk|100/100|[from] Parting Shot
|
|upkeep
|turn|12
|
|t:|1758299493
|switch|p1a: Dondozo|Dondozo, F|82/100
|move|p2a: The Meta|Knock Off|p1a: Dondozo
|-damage|p1a: Dondozo|73/100
|
|upkeep
|turn|13
|
|t:|1758299501
|-end|p2a: The Meta|Protosynthesis|[silent]
|switch|p2a: Peachy Keen|Pecharunt, tera:Dark|94/100 brn
|move|p1a: Dondozo|Liquidation|p2a: Peachy Keen
|-damage|p2a: Peachy Keen|81/100 brn
|
|-damage|p2a: Peachy Keen|75/100 brn|[from] brn
|upkeep
|turn|14
|
|t:|1758299511
|move|p2a: Peachy Keen|Malignant Chain|p1a: Dondozo
|-damage|p1a: Dondozo|41/100
|-status|p1a: Dondozo|tox
|-start|p1a: Dondozo|confusion|[from] ability: Poison Puppeteer|[of] p2a: Peachy Keen
|-activate|p1a: Dondozo|confusion
|-damage|p1a: Dondozo|37/100 tox|[from] confusion
|
|-damage|p1a: Dondozo|31/100 tox|[from] psn
|-damage|p2a: Peachy Keen|69/100 brn|[from] brn
|upkeep
|turn|15
|
|t:|1758299527
|switch|p1a: Dragapult|Dragapult, M|100/100
|move|p2a: Peachy Keen|Malignant Chain|p1a: Dragapult
|-resisted|p1a: Dragapult
|-damage|p1a: Dragapult|79/100
|
|-damage|p2a: Peachy Keen|63/100 brn|[from] brn
|upkeep
|turn|16
|
|t:|1758299537
|move|p1a: Dragapult|U-turn|p2a: Peachy Keen
|-supereffective|p2a: Peachy Keen
|-damage|p2a: Peachy Keen|38/100 brn
|
|t:|1758299541
|switch|p1a: Blissey|Blissey, F|100/100|[from] U-turn
|move|p2a: Peachy Keen|Malignant Chain|p1a: Blissey
|-damage|p1a: Blissey|89/100
|-status|p1a: Blissey|tox
|-start|p1a: Blissey|confusion|[from] ability: Poison Puppeteer|[of] p2a: Peachy Keen
|
|-damage|p1a: Blissey|83/100 tox|[from] psn
|-damage|p2a: Peachy Keen|32/100 brn|[from] brn
|upkeep
|turn|17
|
|t:|1758299554
|move|p2a: Peachy Keen|Parting Shot|p1a: Blissey
|-unboost|p1a: Blissey|atk|1
|-unboost|p1a: Blissey|spa|1
|
|t:|1758299564
|switch|p2a: Good Boi|Zamazenta|76/100|[from] Parting Shot
|-activate|p1a: Blissey|confusion
|move|p1a: Blissey|Heal Bell|p1a: Blissey
|-activate|p1a: Blissey|move: Heal Bell
|-curestatus|p1a: Blissey|tox|[msg]
|-curestatus|p1: Dondozo|tox|[msg]
|
|upkeep
|turn|18
|
|t:|1758299575
|switch|p1a: Drifblim|Drifblim, F|67/100
|move|p2a: Good Boi|Heavy Slam|p1a: Drifblim
|-damage|p1a: Drifblim|27/100
|
|upkeep
|turn|19
|
|t:|1758299583
|move|p2a: Good Boi|Crunch|p1a: Drifblim
|-supereffective|p1a: Drifblim
|-damage|p1a: Drifblim|0 fnt
|-damage|p2a: Good Boi|52/100|[from] ability: Aftermath|[of] p1a: Drifblim
|faint|p1a: Drifblim
|
|upkeep
|
|t:|1758299602
|switch|p1a: Exeggutor|Exeggutor, F|100/100
|turn|20
|
|t:|1758299611
|switch|p2a: Peachy Keen|Pecharunt, tera:Dark|32/100 brn
|move|p1a: Exeggutor|Calm Mind|p1a: Exeggutor
|-boost|p1a: Exeggutor|spa|1
|-boost|p1a: Exeggutor|spd|1
|
|-damage|p2a: Peachy Keen|26/100 brn|[from] brn
|upkeep
|turn|21
|
|t:|1758299621
|move|p2a: Peachy Keen|Malignant Chain|p1a: Exeggutor
|-supereffective|p1a: Exeggutor
|-crit|p1a: Exeggutor
|-damage|p1a: Exeggutor|17/100
|-enditem|p1a: Exeggutor|Sitrus Berry|[eat]
|-heal|p1a: Exeggutor|42/100|[from] item: Sitrus Berry
|move|p1a: Exeggutor|Giga Drain|p2a: Peachy Keen
|-damage|p2a: Peachy Keen|0 fnt
|-heal|p1a: Exeggutor|55/100|[from] drain|[of] p2a: Peachy Keen
|faint|p2a: Peachy Keen
|
|upkeep
|
|t:|1758299632
|switch|p2a: Big Birb|Tornadus-Therian, M|100/100
|turn|22
|
|t:|1758299636
|move|p1a: Exeggutor|Protect|p1a: Exeggutor
|-singleturn|p1a: Exeggutor|Protect
|move|p2a: Big Birb|Nasty Plot|p2a: Big Birb
|-boost|p2a: Big Birb|spa|2
|
|-item|p1a: Exeggutor|Sitrus Berry|[from] ability: Harvest
|upkeep
|turn|23
|
|t:|1758299645
|switch|p1a: Blissey|Blissey, F|83/100
|move|p2a: Big Birb|Bleakwind Storm|p1a: Blissey
|-damage|p1a: Blissey|36/100
|-damage|p2a: Big Birb|91/100|[from] item: Life Orb
|
|upkeep
|turn|24
|
|t:|1758299653
|switch|p1a: Shiftry|Shiftry, F|100/100
|move|p2a: Big Birb|Bleakwind Storm|p1a: Shiftry
|-ability|p1a: Shiftry|Wind Rider|boost
|-boost|p1a: Shiftry|atk|1
|
|upkeep
|turn|25
|
|t:|1758299660
|-terastallize|p1a: Shiftry|Rock
|move|p2a: Big Birb|Heat Wave|p1a: Shiftry
|-ability|p1a: Shiftry|Wind Rider|boost
|-boost|p1a: Shiftry|atk|1
|move|p1a: Shiftry|Tailwind|p1a: Shiftry
|-sidestart|p1: mathdragon|move: Tailwind
|-ability|p1a: Shiftry|Wind Rider|boost
|-boost|p1a: Shiftry|atk|1
|
|upkeep
|turn|26
|
|t:|1758299669
|move|p1a: Shiftry|Rock Slide|p2a: Big Birb
|-supereffective|p2a: Big Birb
|-damage|p2a: Big Birb|0 fnt
|faint|p2a: Big Birb
|
|upkeep
|
|t:|1758299675
|switch|p2a: Good Boi|Zamazenta|52/100
|turn|27
|
|t:|1758299679
|move|p1a: Shiftry|Leaf Blade|p2a: Good Boi
|-damage|p2a: Good Boi|0 fnt
|faint|p2a: Good Boi
|
|upkeep
|
|t:|1758299687
|switch|p2a: The Meta|Great Tusk|100/100
|turn|28
|
|t:|1758299690
|move|p1a: Shiftry|Leaf Blade|p2a: The Meta
|-supereffective|p2a: The Meta
|-damage|p2a: The Meta|0 fnt
|faint|p2a: The Meta
|-end|p2a: The Meta|Protosynthesis|[silent]
|
|-sideend|p1: mathdragon|move: Tailwind
|upkeep
|-message|DJKHHeromon forfeited.
|
|win|mathdragon
|raw|mathdragon's rating: 1138 &rarr; <strong>1165</strong><br />(+27 for winning)
|raw|DJKHHeromon's rating: 1171 &rarr; <strong>1144</strong><br />(-27 for losing)
|l|☆DJKHHeromon
|player|p2|
|l|☆mathdragon
|player|p1|
