|j|☆deepify
|j|☆logmonster
|t:|1758233091
|gametype|singles
|player|p1|deepify|unknown|1514
|player|p2|logmonster|n|1621
|gen|9
|tier|[Gen 9] OU
|rated|
|rule|HP Percentage Mod: HP is shown in percentages
|rule|Endless Battle Clause: Forcing endless battles is banned
|rule|Species Clause: Limit one of each Pokémon
|rule|OHKO Clause: OHKO moves are banned
|rule|Evasion Items Clause: Evasion items are banned
|rule|Evasion Moves Clause: Evasion moves are banned
|rule|Evasion Abilities Clause: Evasion abilities are banned
|rule|Sleep Moves Clause: Sleep-inducing moves are banned
|clearpoke
|poke|p1|Gholdengo|
|poke|p1|Ting-Lu|
|poke|p1|Darkrai|
|poke|p1|Zamazenta-*|
|poke|p1|Moltres|
|poke|p1|Iron Treads|
|poke|p2|Tyranitar, M|
|poke|p2|Excadrill, M|
|poke|p2|Tornadus-Therian, M|
|poke|p2|Tinkaton, F|
|poke|p2|Sinistcha|
|poke|p2|Toxapex, M|
|teampreview
|
|t:|1758233123
|teamsize|p1|6
|teamsize|p2|6
|start
|switch|p1a: Ting-Lu|Ting-Lu|100/100
|switch|p2a: Tornadus|Tornadus-Therian, M, shiny|100/100
|-ability|p1a: Ting-Lu|Vessel of Ruin
|turn|1
|
|t:|1758233131
|move|p2a: Tornadus|Grass Knot|p1a: Ting-Lu
|-supereffective|p1a: Ting-Lu
|-damage|p1a: Ting-Lu|58/100
|move|p1a: Ting-Lu|Spikes|p2a: Tornadus
|-sidestart|p2: logmonster|Spikes
|
|-heal|p1a: Ting-Lu|64/100|[from] item: Leftovers
|upkeep
|turn|2
|
|t:|1758233145
|switch|p1a: Moltres|Moltres|100/100
|move|p2a: Tornadus|Grass Knot|p1a: Moltres
|-resisted|p1a: Moltres
|-damage|p1a: Moltres|91/100
|
|upkeep
|turn|3
|
|t:|1758233157
|switch|p2a: Toxapex|Toxapex, M, shiny|100/100
|-damage|p2a: Toxapex|88/100|[from] Spikes
|move|p1a: Moltres|U-turn|p2a: Toxapex
|-resisted|p2a: Toxapex
|-damage|p2a: Toxapex|83/100
|-enditem|p2a: Toxapex|Eject Button
|
|t:|1758233167
|switch|p2a: Excadrill|Excadrill, M, shiny|100/100
|-damage|p2a: Excadrill|88/100|[from] Spikes
|
|-heal|p2a: Excadrill|94/100|[from] item: Leftovers
|upkeep
|turn|4
|
|t:|1758233173
|move|p2a: Excadrill|Rock Slide|p1a: Moltres
|-supereffective|p1a: Moltres
|-damage|p1a: Moltres|15/100
|move|p1a: Moltres|Flamethrower|p2a: Excadrill
|-supereffective|p2a: Excadrill
|-damage|p2a: Excadrill|0 fnt
|faint|p2a: Excadrill
|
|upkeep
|
|t:|1758233193
|switch|p2a: Tornadus|Tornadus-Therian, M, shiny|100/100
|turn|5
|
|t:|1758233198
|move|p2a: Tornadus|Bleakwind Storm|p1a: Moltres
|-damage|p1a: Moltres|0 fnt
|faint|p1a: Moltres
|
|upkeep
|
|t:|1758233222
|switch|p1a: Darkrai|Darkrai|100/100
|turn|6
|
|t:|1758233231
|-terastallize|p2a: Tornadus|Flying
|move|p1a: Darkrai|Dark Pulse|p2a: Tornadus
|-damage|p2a: Tornadus|44/100
|move|p2a: Tornadus|Bleakwind Storm|p1a: Darkrai
|-damage|p1a: Darkrai|0 fnt
|faint|p1a: Darkrai
|
|upkeep
|
|t:|1758233244
|switch|p1a: Gholdengo|Gholdengo|100/100
|-item|p1a: Gholdengo|Air Balloon
|turn|7
|
|t:|1758233254
|switch|p2a: Toxapex|Toxapex, M, shiny|100/100
|-damage|p2a: Toxapex|88/100|[from] Spikes
|move|p1a: Gholdengo|Make It Rain|p2a: Toxapex
|-resisted|p2a: Toxapex
|-damage|p2a: Toxapex|69/100
|-unboost|p1a: Gholdengo|spa|1
|
|upkeep
|turn|8
|
|t:|1758233262
|switch|p1a: Iron Treads|Iron Treads|100/100
|move|p2a: Toxapex|Toxic Spikes|p1a: Iron Treads
|-sidestart|p1: deepify|move: Toxic Spikes
|
|upkeep
|turn|9
|
|t:|1758233265
|switch|p2a: Sinistcha|Sinistcha, shiny|100/100
|-damage|p2a: Sinistcha|88/100|[from] Spikes
|move|p1a: Iron Treads|Stealth Rock|p2a: Sinistcha
|-sidestart|p2: logmonster|move: Stealth Rock
|
|-heal|p2a: Sinistcha|94/100|[from] item: Leftovers
|upkeep
|turn|10
|
|t:|1758233272
|move|p1a: Iron Treads|Knock Off|p2a: Sinistcha
|-supereffective|p2a: Sinistcha
|-damage|p2a: Sinistcha|49/100
|-enditem|p2a: Sinistcha|Leftovers|[from] move: Knock Off|[of] p1a: Iron Treads
|move|p2a: Sinistcha|Matcha Gotcha|p1a: Iron Treads
|-damage|p1a: Iron Treads|55/100
|-heal|p2a: Sinistcha|70/100|[from] drain|[of] p1a: Iron Treads
|
|-heal|p1a: Iron Treads|62/100|[from] item: Leftovers
|upkeep
|turn|11
|
|t:|1758233285
|-end|p1a: Iron Treads|Quark Drive|[silent]
|switch|p1a: Gholdengo|Gholdengo|100/100
|-item|p1a: Gholdengo|Air Balloon
|move|p2a: Sinistcha|Matcha Gotcha|p1a: Gholdengo
|-resisted|p1a: Gholdengo
|-damage|p1a: Gholdengo|84/100
|-heal|p2a: Sinistcha|79/100|[from] drain|[of] p1a: Gholdengo
|-enditem|p1a: Gholdengo|Air Balloon
|
|upkeep
|turn|12
|
|t:|1758233316
|switch|p2a: Toxapex|Toxapex, M, shiny|100/100
|-damage|p2a: Toxapex|88/100|[from] Spikes
|-damage|p2a: Toxapex|76/100|[from] Stealth Rock
|move|p1a: Gholdengo|Shadow Ball|p2a: Toxapex
|-damage|p2a: Toxapex|52/100
|
|upkeep
|turn|13
|
|t:|1758233329
|move|p1a: Gholdengo|Nasty Plot|p1a: Gholdengo
|-boost|p1a: Gholdengo|spa|2
|move|p2a: Toxapex|Toxic Spikes|p1a: Gholdengo
|-sidestart|p1: deepify|move: Toxic Spikes
|
|upkeep
|turn|14
|
|t:|1758233347
|switch|p2a: Tinkaton|Tinkaton, F, shiny|100/100
|-damage|p2a: Tinkaton|94/100|[from] Stealth Rock
|-item|p2a: Tinkaton|Air Balloon
|move|p1a: Gholdengo|Shadow Ball|p2a: Tinkaton
|-damage|p2a: Tinkaton|24/100
|-enditem|p2a: Tinkaton|Air Balloon
|
|upkeep
|turn|15
|
|t:|1758233359
|move|p2a: Tinkaton|Stealth Rock|p1a: Gholdengo
|-sidestart|p1: deepify|move: Stealth Rock
|move|p1a: Gholdengo|Shadow Ball|p2a: Tinkaton
|-damage|p2a: Tinkaton|0 fnt
|faint|p2a: Tinkaton
|
|upkeep
|
|t:|1758233367
|switch|p2a: Tornadus|Tornadus-Therian, M, shiny, tera:Flying|77/100
|-damage|p2a: Tornadus|52/100|[from] Stealth Rock
|turn|16
|
|t:|1758233378
|switch|p2a: Toxapex|Toxapex, M, shiny|85/100
|-damage|p2a: Toxapex|73/100|[from] Spikes
|-damage|p2a: Toxapex|61/100|[from] Stealth Rock
|move|p1a: Gholdengo|Shadow Ball|p2a: Toxapex
|-damage|p2a: Toxapex|9/100
|
|upkeep
|turn|17
|
|t:|1758233389
|move|p1a: Gholdengo|Shadow Ball|p2a: Toxapex
|-damage|p2a: Toxapex|0 fnt
|faint|p2a: Toxapex
|
|upkeep
|
|t:|1758233391
|switch|p2a: Tornadus|Tornadus-Therian, M, shiny, tera:Flying|85/100
|-damage|p2a: Tornadus|61/100|[from] Stealth Rock
|turn|18
|
|t:|1758233406
|-terastallize|p1a: Gholdengo|Fairy
|move|p2a: Tornadus|Heat Wave|p1a: Gholdengo
|-crit|p1a: Gholdengo
|-damage|p1a: Gholdengo|21/100
|move|p1a: Gholdengo|Shadow Ball|p2a: Tornadus
|-damage|p2a: Tornadus|0 fnt
|faint|p2a: Tornadus
|
|upkeep
|
|t:|1758233413
|switch|p2a: Tyranitar|Tyranitar, M, shiny|100/100
|-damage|p2a: Tyranitar|88/100|[from] Spikes
|-damage|p2a: Tyranitar|76/100|[from] Stealth Rock
|-weather|Sandstorm|[from] ability: Sand Stream|[of] p2a: Tyranitar
|turn|19
|
|t:|1758233446
|switch|p1a: Zamazenta|Zamazenta|100/100
|-ability|p1a: Zamazenta|Dauntless Shield|boost
|-boost|p1a: Zamazenta|def|1
|move|p2a: Tyranitar|Knock Off|p1a: Zamazenta
|-resisted|p1a: Zamazenta
|-damage|p1a: Zamazenta|75/100
|-enditem|p1a: Zamazenta|Heavy-Duty Boots|[from] move: Knock Off|[of] p2a: Tyranitar
|
|-weather|Sandstorm|[upkeep]
|-damage|p1a: Zamazenta|69/100|[from] Sandstorm
|upkeep
|turn|20
|
|t:|1758233456
|switch|p2a: Sinistcha|Sinistcha, shiny|79/100
|-damage|p2a: Sinistcha|67/100|[from] Spikes
|-damage|p2a: Sinistcha|54/100|[from] Stealth Rock
|move|p1a: Zamazenta|Close Combat|p2a: Sinistcha
|-immune|p2a: Sinistcha
|
|-weather|Sandstorm|[upkeep]
|-damage|p1a: Zamazenta|63/100|[from] Sandstorm
|-damage|p2a: Sinistcha|48/100|[from] Sandstorm
|upkeep
|turn|21
|
|t:|1758233471
|move|p1a: Zamazenta|Crunch|p2a: Sinistcha
|-supereffective|p2a: Sinistcha
|-damage|p2a: Sinistcha|15/100
|move|p2a: Sinistcha|Strength Sap|p1a: Zamazenta
|-unboost|p1a: Zamazenta|atk|1
|-heal|p2a: Sinistcha|100/100
|
|-weather|Sandstorm|[upkeep]
|-damage|p1a: Zamazenta|56/100|[from] Sandstorm
|-damage|p2a: Sinistcha|94/100|[from] Sandstorm
|upkeep
|turn|22
|
|t:|1758233477
|move|p1a: Zamazenta|Crunch|p2a: Sinistcha
|-supereffective|p2a: Sinistcha
|-crit|p2a: Sinistcha
|-damage|p2a: Sinistcha|38/100
|move|p2a: Sinistcha|Matcha Gotcha|p1a: Zamazenta
|-damage|p1a: Zamazenta|26/100
|-heal|p2a: Sinistcha|52/100|[from] drain|[of] p1a: Zamazenta
|
|-weather|Sandstorm|[upkeep]
|-damage|p1a: Zamazenta|20/100|[from] Sandstorm
|-damage|p2a: Sinistcha|46/100|[from] Sandstorm
|upkeep
|turn|23
|
|t:|1758233489
|switch|p1a: Ting-Lu|Ting-Lu|64/100
|-status|p1a: Ting-Lu|tox
|-damage|p1a: Ting-Lu|58/100 tox|[from] Stealth Rock
|-ability|p1a: Ting-Lu|Vessel of Ruin
|move|p2a: Sinistcha|Strength Sap|p1a: Ting-Lu
|-unboost|p1a: Ting-Lu|atk|1
|-heal|p2a: Sinistcha|100/100
|
|-weather|none
|-heal|p1a: Ting-Lu|64/100 tox|[from] item: Leftovers
|-damage|p1a: Ting-Lu|58/100 tox|[from] psn
|upkeep
|turn|24
|
|t:|1758233495
|move|p2a: Sinistcha|Matcha Gotcha|p1a: Ting-Lu|[miss]
|-miss|p2a: Sinistcha|p1a: Ting-Lu
|move|p1a: Ting-Lu|Spikes|p2a: Sinistcha
|-sidestart|p2: logmonster|Spikes
|
|-heal|p1a: Ting-Lu|64/100 tox|[from] item: Leftovers
|-damage|p1a: Ting-Lu|52/100 tox|[from] psn
|upkeep
|turn|25
|
|t:|1758233503
|move|p2a: Sinistcha|Matcha Gotcha|p1a: Ting-Lu
|-supereffective|p1a: Ting-Lu
|-crit|p1a: Ting-Lu
|-damage|p1a: Ting-Lu|12/100 tox
|move|p1a: Ting-Lu|Ruination|p2a: Sinistcha
|-damage|p2a: Sinistcha|51/100
|
|-heal|p1a: Ting-Lu|18/100 tox|[from] item: Leftovers
|-damage|p1a: Ting-Lu|0 fnt|[from] psn
|faint|p1a: Ting-Lu
|upkeep
|
|t:|1758233509
|switch|p1a: Gholdengo|Gholdengo, tera:Fairy|21/100
|-status|p1a: Gholdengo|tox
|-damage|p1a: Gholdengo|8/100 tox|[from] Stealth Rock
|turn|26
|c|☆logmonster|actually such a bad crit for me
|
|t:|1758233541
|switch|p2a: Tyranitar|Tyranitar, M, shiny|76/100
|-damage|p2a: Tyranitar|59/100|[from] Spikes
|-damage|p2a: Tyranitar|47/100|[from] Stealth Rock
|-weather|Sandstorm|[from] ability: Sand Stream|[of] p2a: Tyranitar
|move|p1a: Gholdengo|Make It Rain|p2a: Tyranitar
|-supereffective|p2a: Tyranitar
|-damage|p2a: Tyranitar|0 fnt
|-unboost|p1a: Gholdengo|spa|1
|faint|p2a: Tyranitar
|
|-weather|Sandstorm|[upkeep]
|-damage|p1a: Gholdengo|2/100 tox|[from] Sandstorm
|-damage|p1a: Gholdengo|0 fnt|[from] psn
|faint|p1a: Gholdengo
|upkeep
|
|t:|1758233550
|switch|p2a: Sinistcha|Sinistcha, shiny|51/100
|switch|p1a: Zamazenta|Zamazenta|20/100
|-status|p1a: Zamazenta|tox
|-damage|p1a: Zamazenta|13/100 tox|[from] Stealth Rock
|-damage|p2a: Sinistcha|34/100|[from] Spikes
|-damage|p2a: Sinistcha|22/100|[from] Stealth Rock
|turn|27
|
|t:|1758233555
|move|p1a: Zamazenta|Crunch|p2a: Sinistcha
|-supereffective|p2a: Sinistcha
|-damage|p2a: Sinistcha|0 fnt
|faint|p2a: Sinistcha
|
|win|deepify
|raw|deepify's rating: 1514 &rarr; <strong>1540</strong><br />(+26 for winning)
|raw|logmonster's rating: 1621 &rarr; <strong>1595</strong><br />(-26 for losing)
|c|☆logmonster|ggs
|c|☆deepify|gg
|l|☆logmonster
|player|p2|
