|j|☆miahstackin
|j|☆Jaemaster2010
|t:|1758290212
|gametype|singles
|player|p1|miahstackin|169|1081
|player|p2|Jaemaster2010|acetrainer-gen4dp|1100
|gen|9
|tier|[Gen 9] OU
|rated|
|rule|HP Percentage Mod: HP is shown in percentages
|rule|Endless Battle Clause: Forcing endless battles is banned
|rule|Species Clause: Limit one of each Pokémon
|rule|OHKO Clause: OHKO moves are banned
|rule|Evasion Items Clause: Evasion items are banned
|rule|Evasion Moves Clause: Evasion moves are banned
|rule|Evasion Abilities Clause: Evasion abilities are banned
|rule|Sleep Moves Clause: Sleep-inducing moves are banned
|clearpoke
|poke|p1|Lucario, M|
|poke|p1|Infernape, M|
|poke|p1|Greninja-*, M|
|poke|p1|Garchomp, M|
|poke|p1|Gardevoir, F|
|poke|p1|Electivire, M|
|poke|p2|Haxorus, M|
|poke|p2|Incineroar, M|
|poke|p2|Bastiodon, M|
|poke|p2|Zapdos|
|poke|p2|Great Tusk|
|poke|p2|Alcremie-Mint-Cream, F|
|teampreview
|c|☆Jaemaster2010|hi
|c|☆Jaemaster2010|I am testing this team!
|
|t:|1758290254
|teamsize|p1|6
|teamsize|p2|6
|start
|switch|p1a: Gardevoir|Gardevoir, F, shiny|100/100
|switch|p2a: Manny|Great Tusk, shiny|100/100
|turn|1
|
|t:|1758290263
|move|p2a: Manny|Stealth Rock|p1a: Gardevoir
|-sidestart|p1: miahstackin|move: Stealth Rock
|move|p1a: Gardevoir|Moonblast|p2a: Manny
|-supereffective|p2a: Manny
|-crit|p2a: Manny
|-damage|p2a: Manny|0 fnt
|faint|p2a: Manny
|-end|p2a: Manny|Protosynthesis|[silent]
|
|upkeep
|
|t:|1758290272
|switch|p2a: Milky|Alcremie-Mint-Cream, F|100/100
|turn|2
|
|t:|1758290276
|move|p1a: Gardevoir|Shadow Ball|p2a: Milky
|-damage|p2a: Milky|77/100
|-unboost|p2a: Milky|spd|1
|move|p2a: Milky|Calm Mind|p2a: Milky
|-boost|p2a: Milky|spa|1
|-boost|p2a: Milky|spd|1
|
|upkeep
|turn|3
|
|t:|1758290284
|switch|p1a: Lucario|Lucario, M, shiny|100/100
|-damage|p1a: Lucario|98/100|[from] Stealth Rock
|move|p2a: Milky|Calm Mind|p2a: Milky
|-boost|p2a: Milky|spa|1
|-boost|p2a: Milky|spd|1
|
|upkeep
|turn|4
|
|t:|1758290290
|move|p1a: Lucario|Meteor Mash|p2a: Milky
|-supereffective|p2a: Milky
|-damage|p2a: Milky|6/100
|-damage|p1a: Lucario|81/100|[from] item: Rocky Helmet|[of] p2a: Milky
|move|p2a: Milky|Acid Armor|p2a: Milky
|-boost|p2a: Milky|def|2
|
|upkeep
|turn|5
|
|t:|1758290297
|move|p1a: Lucario|Meteor Mash|p2a: Milky
|-supereffective|p2a: Milky
|-damage|p2a: Milky|0 fnt
|-damage|p1a: Lucario|65/100|[from] item: Rocky Helmet|[of] p2a: Milky
|faint|p2a: Milky
|
|upkeep
|
|t:|1758290303
|switch|p2a: Smoke Cat|Incineroar, M|100/100
|-ability|p2a: Smoke Cat|Intimidate|boost
|-fail|p1a: Lucario|unboost|Attack|[from] ability: Inner Focus|[of] p1a: Lucario
|turn|6
|
|t:|1758290310
|switch|p1a: Garchomp|Garchomp, M|100/100
|-damage|p1a: Garchomp|94/100|[from] Stealth Rock
|move|p2a: Smoke Cat|Will-O-Wisp|p1a: Garchomp
|-status|p1a: Garchomp|brn
|
|-heal|p1a: Garchomp|100/100 brn|[from] item: Leftovers
|-damage|p1a: Garchomp|94/100 brn|[from] brn
|upkeep
|turn|7
|
|t:|1758290318
|move|p1a: Garchomp|Earthquake|p2a: Smoke Cat
|-supereffective|p2a: Smoke Cat
|-damage|p2a: Smoke Cat|54/100
|move|p2a: Smoke Cat|Parting Shot|p1a: Garchomp
|-unboost|p1a: Garchomp|atk|1
|-unboost|p1a: Garchomp|spa|1
|
|t:|1758290330
|switch|p2a: Pythagorean Theory|Bastiodon, M, shiny|100/100|[from] Parting Shot
|
|-heal|p1a: Garchomp|100/100 brn|[from] item: Leftovers
|-damage|p1a: Garchomp|94/100 brn|[from] brn
|upkeep
|turn|8
|
|t:|1758290336
|move|p1a: Garchomp|Earthquake|p2a: Pythagorean Theory
|-supereffective|p2a: Pythagorean Theory
|-damage|p2a: Pythagorean Theory|54/100
|move|p2a: Pythagorean Theory|Iron Defense|p2a: Pythagorean Theory
|-boost|p2a: Pythagorean Theory|def|2
|
|-heal|p1a: Garchomp|100/100 brn|[from] item: Leftovers
|-heal|p2a: Pythagorean Theory|60/100|[from] item: Leftovers
|-damage|p1a: Garchomp|94/100 brn|[from] brn
|upkeep
|turn|9
|
|t:|1758290343
|switch|p1a: Infernape|Infernape, M, shiny|100/100
|-damage|p1a: Infernape|88/100|[from] Stealth Rock
|move|p2a: Pythagorean Theory|Iron Defense|p2a: Pythagorean Theory
|-boost|p2a: Pythagorean Theory|def|2
|
|-heal|p2a: Pythagorean Theory|67/100|[from] item: Leftovers
|upkeep
|turn|10
|
|t:|1758290351
|move|p1a: Infernape|Fake Out|p2a: Pythagorean Theory
|-resisted|p2a: Pythagorean Theory
|-damage|p2a: Pythagorean Theory|66/100
|-damage|p1a: Infernape|78/100|[from] item: Life Orb
|cant|p2a: Pythagorean Theory|flinch
|
|-heal|p2a: Pythagorean Theory|72/100|[from] item: Leftovers
|upkeep
|turn|11
|
|t:|1758290362
|move|p1a: Infernape|Close Combat|p2a: Pythagorean Theory
|-supereffective|p2a: Pythagorean Theory
|-damage|p2a: Pythagorean Theory|9/100
|-unboost|p1a: Infernape|def|1
|-unboost|p1a: Infernape|spd|1
|-damage|p1a: Infernape|68/100|[from] item: Life Orb
|move|p2a: Pythagorean Theory|Iron Defense|p2a: Pythagorean Theory
|-boost|p2a: Pythagorean Theory|def|2
|
|-heal|p2a: Pythagorean Theory|15/100|[from] item: Leftovers
|upkeep
|turn|12
|
|t:|1758290370
|move|p1a: Infernape|Mach Punch|p2a: Pythagorean Theory
|-supereffective|p2a: Pythagorean Theory
|-damage|p2a: Pythagorean Theory|0 fnt
|faint|p2a: Pythagorean Theory
|-damage|p1a: Infernape|59/100|[from] item: Life Orb
|
|upkeep
|
|t:|1758290378
|switch|p2a: Smoke Cat|Incineroar, M|54/100
|-ability|p2a: Smoke Cat|Intimidate|boost
|-unboost|p1a: Infernape|atk|1
|turn|13
|
|t:|1758290383
|move|p1a: Infernape|Close Combat|p2a: Smoke Cat
|-supereffective|p2a: Smoke Cat
|-damage|p2a: Smoke Cat|0 fnt
|-unboost|p1a: Infernape|def|1
|-unboost|p1a: Infernape|spd|1
|faint|p2a: Smoke Cat
|-damage|p1a: Infernape|49/100|[from] item: Life Orb
|
|upkeep
|
|t:|1758290388
|switch|p2a: Zappy|Zapdos, shiny|100/100
|turn|14
|
|t:|1758290396
|move|p1a: Infernape|Flare Blitz|p2a: Zappy
|-damage|p2a: Zappy|64/100
|-damage|p1a: Infernape|33/100|[from] Recoil
|-damage|p1a: Infernape|23/100|[from] item: Life Orb
|move|p2a: Zappy|Discharge|p1a: Infernape
|-damage|p1a: Infernape|0 fnt
|faint|p1a: Infernape
|
|upkeep
|
|t:|1758290410
|switch|p1a: Electivire|Electivire, M, shiny|100/100
|-damage|p1a: Electivire|88/100|[from] Stealth Rock
|-item|p1a: Electivire|Air Balloon
|turn|15
|
|t:|1758290421
|move|p1a: Electivire|Ice Punch|p2a: Zappy
|-supereffective|p2a: Zappy
|-damage|p2a: Zappy|31/100
|move|p2a: Zappy|Hurricane|p1a: Electivire
|-resisted|p1a: Electivire
|-damage|p1a: Electivire|59/100
|-start|p1a: Electivire|confusion
|-enditem|p1a: Electivire|Air Balloon
|
|upkeep
|turn|16
|
|t:|1758290430
|-activate|p1a: Electivire|confusion
|-damage|p1a: Electivire|37/100|[from] confusion
|move|p2a: Zappy|Roost|p2a: Zappy
|-heal|p2a: Zappy|81/100
|-singleturn|p2a: Zappy|move: Roost
|
|upkeep
|turn|17
|
|t:|1758290434
|-activate|p1a: Electivire|confusion
|-damage|p1a: Electivire|14/100|[from] confusion
|move|p2a: Zappy|Hurricane|p1a: Electivire|[miss]
|-miss|p2a: Zappy|p1a: Electivire
|
|upkeep
|turn|18
|
|t:|1758290439
|-activate|p1a: Electivire|confusion
|move|p1a: Electivire|Ice Punch|p2a: Zappy
|-supereffective|p2a: Zappy
|-damage|p2a: Zappy|46/100
|move|p2a: Zappy|Hurricane|p1a: Electivire
|-resisted|p1a: Electivire
|-damage|p1a: Electivire|0 fnt
|faint|p1a: Electivire
|
|upkeep
|
|t:|1758290447
|switch|p1a: Greninja|Greninja, M, shiny|100/100
|-damage|p1a: Greninja|88/100|[from] Stealth Rock
|turn|19
|
|t:|1758290451
|move|p1a: Greninja|Ice Beam|p2a: Zappy
|-start|p1a: Greninja|typechange|Ice|[from] ability: Protean
|-supereffective|p2a: Zappy
|-damage|p2a: Zappy|0 fnt
|faint|p2a: Zappy
|
|upkeep
|
|t:|1758290456
|switch|p2a: Battle Axe|Haxorus, M, shiny|100/100
|turn|20
|
|t:|1758290461
|-terastallize|p2a: Battle Axe|Steel
|move|p1a: Greninja|Ice Beam|p2a: Battle Axe
|-resisted|p2a: Battle Axe
|-damage|p2a: Battle Axe|71/100
|move|p2a: Battle Axe|Dragon Dance|p2a: Battle Axe
|-boost|p2a: Battle Axe|atk|1
|-boost|p2a: Battle Axe|spe|1
|
|upkeep
|turn|21
|
|t:|1758290473
|move|p2a: Battle Axe|Dragon Dance|p2a: Battle Axe
|-boost|p2a: Battle Axe|atk|1
|-boost|p2a: Battle Axe|spe|1
|move|p1a: Greninja|U-turn|p2a: Battle Axe
|-resisted|p2a: Battle Axe
|-damage|p2a: Battle Axe|63/100
|
|t:|1758290480
|switch|p1a: Lucario|Lucario, M, shiny|65/100|[from] U-turn
|-damage|p1a: Lucario|62/100|[from] Stealth Rock
|
|upkeep
|turn|22
|
|t:|1758290486
|-terastallize|p1a: Lucario|Fighting
|move|p2a: Battle Axe|Earthquake|p1a: Lucario
|-damage|p1a: Lucario|0 fnt
|faint|p1a: Lucario
|-damage|p2a: Battle Axe|53/100|[from] item: Life Orb
|
|upkeep
|c|☆Jaemaster2010|gg
|
|t:|1758290497
|switch|p1a: Garchomp|Garchomp, M|94/100 brn
|-damage|p1a: Garchomp|88/100 brn|[from] Stealth Rock
|turn|23
|
|t:|1758290512
|move|p2a: Battle Axe|Iron Head|p1a: Garchomp
|-damage|p1a: Garchomp|0 fnt
|-damage|p2a: Battle Axe|41/100|[from] ability: Rough Skin|[of] p1a: Garchomp
|faint|p1a: Garchomp
|-damage|p2a: Battle Axe|31/100|[from] item: Life Orb
|
|upkeep
|
|t:|1758290517
|switch|p1a: Greninja|Greninja, M, shiny|88/100
|-damage|p1a: Greninja|76/100|[from] Stealth Rock
|turn|24
|
|t:|1758290521
|move|p2a: Battle Axe|Earthquake|p1a: Greninja
|-damage|p1a: Greninja|0 fnt
|faint|p1a: Greninja
|-damage|p2a: Battle Axe|21/100|[from] item: Life Orb
|
|upkeep
|c|☆miahstackin|gg
|
|t:|1758290527
|switch|p1a: Gardevoir|Gardevoir, F, shiny|100/100
|-damage|p1a: Gardevoir|88/100|[from] Stealth Rock
|turn|25
|
|t:|1758290532
|move|p2a: Battle Axe|Iron Head|p1a: Gardevoir
|-supereffective|p1a: Gardevoir
|-damage|p1a: Gardevoir|0 fnt
|faint|p1a: Gardevoir
|-damage|p2a: Battle Axe|11/100|[from] item: Life Orb
|
|win|Jaemaster2010
|raw|miahstackin's rating: 1081 &rarr; <strong>1060</strong><br />(-21 for losing)
|raw|Jaemaster2010's rating: 1100 &rarr; <strong>1124</strong><br />(+24 for winning)
|c|☆Jaemaster2010|gg
|l|☆miahstackin
|player|p1|
|l|☆Jaemaster2010
|player|p2|
