|j|☆xinyazhili
|j|☆Crocodile E
|t:|1758348181
|gametype|singles
|player|p1|xinyazhili|266|1483
|player|p2|Crocodile E|depotagent|1452
|gen|9
|tier|[Gen 9] OU
|rated|
|rule|HP Percentage Mod: HP is shown in percentages
|rule|Endless Battle Clause: Forcing endless battles is banned
|rule|Species Clause: Limit one of each Pokémon
|rule|OHKO Clause: OHKO moves are banned
|rule|Evasion Items Clause: Evasion items are banned
|rule|Evasion Moves Clause: Evasion moves are banned
|rule|Evasion Abilities Clause: Evasion abilities are banned
|rule|Sleep Moves Clause: Sleep-inducing moves are banned
|clearpoke
|poke|p1|Glimmora, M|
|poke|p1|Iron Treads|
|poke|p1|Polteageist-Antique|
|poke|p1|Raging Bolt|
|poke|p1|Dragonite, F|
|poke|p1|Zamazenta-*|
|poke|p2|Deoxys-Speed|
|poke|p2|Gholdengo|
|poke|p2|Ting-Lu|
|poke|p2|Ogerpon-Wellspring, F|
|poke|p2|Kingambit, F|
|poke|p2|Raging Bolt|
|teampreview
|inactive|Battle timer is ON: inactive players will automatically lose when time's up. (requested by xinyazhili)
|
|t:|1758348191
|teamsize|p1|6
|teamsize|p2|6
|start
|switch|p1a: Glimmora|Glimmora, M|100/100
|switch|p2a: Deoxys|Deoxys-Speed|100/100
|-ability|p2a: Deoxys|Pressure
|turn|1
|
|t:|1758348199
|move|p2a: Deoxys|Psycho Boost|p1a: Glimmora
|-supereffective|p1a: Glimmora
|-damage|p1a: Glimmora|0 fnt
|-unboost|p2a: Deoxys|spa|2
|faint|p1a: Glimmora
|
|upkeep
|
|t:|1758348204
|switch|p1a: Polteageist|Polteageist-Antique|100/100
|turn|2
|
|t:|1758348209
|move|p2a: Deoxys|Knock Off|p1a: Polteageist
|-supereffective|p1a: Polteageist
|-enditem|p1a: Polteageist|Focus Sash
|-damage|p1a: Polteageist|1/100
|-ability|p1a: Polteageist|Weak Armor|boost
|-unboost|p1a: Polteageist|def|1
|-boost|p1a: Polteageist|spe|2
|move|p1a: Polteageist|Shell Smash|p1a: Polteageist
|-unboost|p1a: Polteageist|def|1
|-unboost|p1a: Polteageist|spd|1
|-boost|p1a: Polteageist|atk|2
|-boost|p1a: Polteageist|spa|2
|-boost|p1a: Polteageist|spe|2
|
|upkeep
|turn|3
|
|t:|1758348229
|switch|p2a: Ting-Lu|Ting-Lu|100/100
|-ability|p2a: Ting-Lu|Vessel of Ruin
|-terastallize|p1a: Polteageist|Fighting
|move|p1a: Polteageist|Tera Blast|p2a: Ting-Lu|[anim] Tera Blast Fighting
|-supereffective|p2a: Ting-Lu
|-damage|p2a: Ting-Lu|24/100
|
|-heal|p2a: Ting-Lu|30/100|[from] item: Leftovers
|upkeep
|turn|4
|
|t:|1758348245
|move|p1a: Polteageist|Tera Blast|p2a: Ting-Lu|[anim] Tera Blast Fighting
|-supereffective|p2a: Ting-Lu
|-damage|p2a: Ting-Lu|0 fnt
|faint|p2a: Ting-Lu
|
|upkeep
|
|t:|1758348248
|switch|p2a: Raging Bolt|Raging Bolt|100/100
|turn|5
|
|t:|1758348250
|move|p2a: Raging Bolt|Thunderclap||[still]
|-fail|p2a: Raging Bolt
|move|p1a: Polteageist|Shell Smash|p1a: Polteageist
|-unboost|p1a: Polteageist|def|1
|-unboost|p1a: Polteageist|spd|1
|-boost|p1a: Polteageist|atk|2
|-boost|p1a: Polteageist|spa|2
|-boost|p1a: Polteageist|spe|2
|
|upkeep
|turn|6
|
|t:|1758348253
|move|p2a: Raging Bolt|Thunderclap|p1a: Polteageist
|-damage|p1a: Polteageist|0 fnt
|faint|p1a: Polteageist
|
|upkeep
|
|t:|1758348259
|switch|p1a: 快龙一定要快|Dragonite, F|100/100
|turn|7
|
|t:|1758348264
|move|p2a: Raging Bolt|Draco Meteor|p1a: 快龙一定要快
|-supereffective|p1a: 快龙一定要快
|-damage|p1a: 快龙一定要快|31/100
|-unboost|p2a: Raging Bolt|spa|2
|move|p1a: 快龙一定要快|Earthquake|p2a: Raging Bolt
|-supereffective|p2a: Raging Bolt
|-damage|p2a: Raging Bolt|0 fnt
|faint|p2a: Raging Bolt
|-end|p2a: Raging Bolt|Protosynthesis|[silent]
|
|upkeep
|
|t:|1758348271
|switch|p2a: Gholdengo|Gholdengo|100/100
|-item|p2a: Gholdengo|Air Balloon
|turn|8
|
|t:|1758348276
|switch|p1a: Iron Treads|Iron Treads|100/100
|-enditem|p1a: Iron Treads|Booster Energy
|-activate|p1a: Iron Treads|ability: Quark Drive|[fromitem]
|-start|p1a: Iron Treads|quarkdrivespe
|move|p2a: Gholdengo|Shadow Ball|p1a: Iron Treads
|-damage|p1a: Iron Treads|61/100
|
|upkeep
|turn|9
|
|t:|1758348281
|switch|p2a: Ogerpon|Ogerpon-Wellspring, F|100/100
|move|p1a: Iron Treads|Knock Off|p2a: Ogerpon
|-damage|p2a: Ogerpon|80/100
|
|upkeep
|turn|10
|
|t:|1758348283
|move|p1a: Iron Treads|Stealth Rock|p2a: Ogerpon
|-sidestart|p2: Crocodile E|move: Stealth Rock
|move|p2a: Ogerpon|Substitute|p2a: Ogerpon
|-start|p2a: Ogerpon|Substitute
|-damage|p2a: Ogerpon|55/100
|
|upkeep
|turn|11
|
|t:|1758348291
|move|p1a: Iron Treads|Endeavor|p2a: Ogerpon
|-immune|p2a: Ogerpon
|move|p2a: Ogerpon|Ivy Cudgel|p1a: Iron Treads|[anim] Ivy Cudgel Water
|-supereffective|p1a: Iron Treads
|-damage|p1a: Iron Treads|0 fnt
|faint|p1a: Iron Treads
|-end|p1a: Iron Treads|Quark Drive|[silent]
|
|upkeep
|
|t:|1758348295
|switch|p1a: Zamazenta|Zamazenta|100/100
|-ability|p1a: Zamazenta|Dauntless Shield|boost
|-boost|p1a: Zamazenta|def|1
|turn|12
|
|t:|1758348303
|move|p1a: Zamazenta|Iron Defense|p1a: Zamazenta
|-boost|p1a: Zamazenta|def|2
|move|p2a: Ogerpon|Swords Dance|p2a: Ogerpon
|-boost|p2a: Ogerpon|atk|2
|
|upkeep
|turn|13
|
|t:|1758348306
|move|p2a: Ogerpon|Ivy Cudgel|p1a: Zamazenta|[anim] Ivy Cudgel Water
|-damage|p1a: Zamazenta|67/100
|move|p1a: Zamazenta|Roar|p2a: Ogerpon
|drag|p2a: Deoxys|Deoxys-Speed|100/100
|-damage|p2a: Deoxys|88/100|[from] Stealth Rock
|-ability|p2a: Deoxys|Pressure
|
|-heal|p1a: Zamazenta|73/100|[from] item: Leftovers
|upkeep
|turn|14
|
|t:|1758348312
|move|p2a: Deoxys|Psycho Boost|p1a: Zamazenta
|-supereffective|p1a: Zamazenta
|-damage|p1a: Zamazenta|0 fnt
|-unboost|p2a: Deoxys|spa|2
|faint|p1a: Zamazenta
|
|upkeep
|
|t:|1758348315
|switch|p1a: 快龙一定要快|Dragonite, F|31/100
|turn|15
|
|t:|1758348317
|move|p1a: 快龙一定要快|Extreme Speed|p2a: Deoxys
|-damage|p2a: Deoxys|15/100
|move|p2a: Deoxys|Ice Beam|p1a: 快龙一定要快
|-supereffective|p1a: 快龙一定要快
|-damage|p1a: 快龙一定要快|0 fnt
|faint|p1a: 快龙一定要快
|
|upkeep
|
|t:|1758348320
|switch|p1a: Raging Bolt|Raging Bolt|100/100
|-enditem|p1a: Raging Bolt|Booster Energy
|-activate|p1a: Raging Bolt|ability: Protosynthesis|[fromitem]
|-start|p1a: Raging Bolt|protosynthesisspa
|turn|16
|
|t:|1758348323
|move|p2a: Deoxys|Ice Beam|p1a: Raging Bolt
|-supereffective|p1a: Raging Bolt
|-damage|p1a: Raging Bolt|72/100
|move|p1a: Raging Bolt|Calm Mind|p1a: Raging Bolt
|-boost|p1a: Raging Bolt|spa|1
|-boost|p1a: Raging Bolt|spd|1
|
|upkeep
|turn|17
|
|t:|1758348327
|move|p2a: Deoxys|Ice Beam|p1a: Raging Bolt
|-supereffective|p1a: Raging Bolt
|-damage|p1a: Raging Bolt|52/100
|move|p1a: Raging Bolt|Calm Mind|p1a: Raging Bolt
|-boost|p1a: Raging Bolt|spa|1
|-boost|p1a: Raging Bolt|spd|1
|
|upkeep
|turn|18
|
|t:|1758348331
|move|p1a: Raging Bolt|Thunderclap|p2a: Deoxys
|-damage|p2a: Deoxys|0 fnt
|faint|p2a: Deoxys
|
|upkeep
|
|t:|1758348337
|switch|p2a: Gholdengo|Gholdengo|100/100
|-damage|p2a: Gholdengo|94/100|[from] Stealth Rock
|-item|p2a: Gholdengo|Air Balloon
|turn|19
|
|t:|1758348340
|move|p1a: Raging Bolt|Thunderclap||[still]
|-fail|p1a: Raging Bolt
|move|p2a: Gholdengo|Nasty Plot|p2a: Gholdengo
|-boost|p2a: Gholdengo|spa|2
|
|upkeep
|turn|20
|
|t:|1758348344
|move|p1a: Raging Bolt|Thunderclap|p2a: Gholdengo
|-damage|p2a: Gholdengo|0 fnt
|-enditem|p2a: Gholdengo|Air Balloon
|faint|p2a: Gholdengo
|
|upkeep
|
|t:|1758348345
|switch|p2a: Kingambit|Kingambit, F|100/100
|-damage|p2a: Kingambit|94/100|[from] Stealth Rock
|-activate|p2a: Kingambit|ability: Supreme Overlord
|-start|p2a: Kingambit|fallen4|[silent]
|turn|21
|
|t:|1758348349
|move|p2a: Kingambit|Sucker Punch|p1a: Raging Bolt
|-damage|p1a: Raging Bolt|0 fnt
|faint|p1a: Raging Bolt
|-end|p1a: Raging Bolt|Protosynthesis|[silent]
|
|win|Crocodile E
|raw|xinyazhili's rating: 1483 &rarr; <strong>1461</strong><br />(-22 for losing)
|raw|Crocodile E's rating: 1452 &rarr; <strong>1474</strong><br />(+22 for winning)
|l|☆xinyazhili
|player|p1|
|l|☆Crocodile E
|player|p2|
