|j|☆alexismarelli
|j|☆sanmedina
|t:|1758303702
|gametype|singles
|player|p1|alexismarelli|265|1188
|player|p2|sanmedina|ltsurge-gen2|1225
|gen|9
|tier|[Gen 9] OU
|rated|
|rule|HP Percentage Mod: HP is shown in percentages
|rule|Endless Battle Clause: Forcing endless battles is banned
|rule|Species Clause: Limit one of each Pokémon
|rule|OHKO Clause: OHKO moves are banned
|rule|Evasion Items Clause: Evasion items are banned
|rule|Evasion Moves Clause: Evasion moves are banned
|rule|Evasion Abilities Clause: Evasion abilities are banned
|rule|Sleep Moves Clause: Sleep-inducing moves are banned
|clearpoke
|poke|p1|Eiscue, F|
|poke|p1|Wyrdeer, F|
|poke|p1|Conkeldurr, M|
|poke|p1|Spiritomb, M|
|poke|p1|Magnezone|
|poke|p1|Chesnaught, M|
|poke|p2|Glimmora, F|
|poke|p2|Ogerpon-Wellspring, F|
|poke|p2|Hatterene, F|
|poke|p2|Iron Moth|
|poke|p2|Dragonite, F|
|poke|p2|Kingambit, F|
|teampreview
|
|t:|1758303717
|teamsize|p1|6
|teamsize|p2|6
|start
|switch|p1a: Eiscue|Eiscue, F|100/100
|switch|p2a: Glimmora|Glimmora, F|100/100
|turn|1
|inactive|Battle timer is ON: inactive players will automatically lose when time's up. (requested by sanmedina)
|
|t:|1758303727
|move|p2a: Glimmora|Power Gem|p1a: Eiscue
|-supereffective|p1a: Eiscue
|-damage|p1a: Eiscue|0 fnt
|faint|p1a: Eiscue
|
|upkeep
|
|t:|1758303751
|switch|p1a: Magnezone|Magnezone|100/100
|turn|2
|
|t:|1758303759
|move|p2a: Glimmora|Mud Shot|p1a: Magnezone
|-supereffective|p1a: Magnezone
|-damage|p1a: Magnezone|9/100
|-unboost|p1a: Magnezone|spe|1
|move|p1a: Magnezone|Flash Cannon|p2a: Glimmora
|-supereffective|p2a: Glimmora
|-enditem|p2a: Glimmora|Focus Sash
|-damage|p2a: Glimmora|1/100
|
|-heal|p1a: Magnezone|15/100|[from] item: Leftovers
|upkeep
|turn|3
|
|t:|1758303769
|move|p2a: Glimmora|Stealth Rock|p1a: Magnezone
|-sidestart|p1: alexismarelli|move: Stealth Rock
|move|p1a: Magnezone|Flash Cannon|p2a: Glimmora
|-supereffective|p2a: Glimmora
|-damage|p2a: Glimmora|0 fnt
|faint|p2a: Glimmora
|
|-heal|p1a: Magnezone|21/100|[from] item: Leftovers
|upkeep
|
|t:|1758303781
|switch|p2a: Ogerpon|Ogerpon-Wellspring, F|100/100
|turn|4
|
|t:|1758303791
|move|p2a: Ogerpon|Ivy Cudgel|p1a: Magnezone|[anim] Ivy Cudgel Water
|-damage|p1a: Magnezone|0 fnt
|faint|p1a: Magnezone
|
|upkeep
|
|t:|1758303794
|switch|p1a: Chesnaught|Chesnaught, M|100/100
|-damage|p1a: Chesnaught|94/100|[from] Stealth Rock
|turn|5
|
|t:|1758303801
|move|p2a: Ogerpon|U-turn|p1a: Chesnaught
|-damage|p1a: Chesnaught|74/100
|-damage|p2a: Ogerpon|84/100|[from] item: Rocky Helmet|[of] p1a: Chesnaught
|
|t:|1758303813
|switch|p2a: Iron Moth|Iron Moth|100/100|[from] U-turn
|-enditem|p2a: Iron Moth|Booster Energy
|-activate|p2a: Iron Moth|ability: Quark Drive|[fromitem]
|-start|p2a: Iron Moth|quarkdrivespe
|move|p1a: Chesnaught|Knock Off|p2a: Iron Moth
|-damage|p2a: Iron Moth|67/100
|
|upkeep
|turn|6
|
|t:|1758303834
|move|p2a: Iron Moth|Fiery Dance|p1a: Chesnaught
|-supereffective|p1a: Chesnaught
|-damage|p1a: Chesnaught|0 fnt
|-boost|p2a: Iron Moth|spa|1
|faint|p1a: Chesnaught
|
|upkeep
|
|t:|1758303838
|switch|p1a: Spiritomb|Spiritomb, M|100/100
|-damage|p1a: Spiritomb|88/100|[from] Stealth Rock
|turn|7
|
|t:|1758303843
|move|p1a: Spiritomb|Sucker Punch|p2a: Iron Moth
|-damage|p2a: Iron Moth|34/100
|move|p2a: Iron Moth|Dazzling Gleam|p1a: Spiritomb
|-supereffective|p1a: Spiritomb
|-damage|p1a: Spiritomb|22/100
|
|-heal|p1a: Spiritomb|28/100|[from] item: Leftovers
|upkeep
|turn|8
|c|☆sanmedina|how could that thing learn sucker punch it aint got no arms dude no arms
|
|t:|1758303858
|move|p1a: Spiritomb|Sucker Punch||[still]
|-fail|p1a: Spiritomb
|move|p2a: Iron Moth|Substitute|p2a: Iron Moth
|-start|p2a: Iron Moth|Substitute
|-damage|p2a: Iron Moth|9/100
|
|-heal|p1a: Spiritomb|34/100|[from] item: Leftovers
|upkeep
|turn|9
|
|t:|1758303867
|move|p1a: Spiritomb|Sucker Punch|p2a: Iron Moth
|-damage|p2a: Iron Moth|0 fnt
|faint|p2a: Iron Moth
|-end|p2a: Iron Moth|Quark Drive|[silent]
|
|-heal|p1a: Spiritomb|40/100|[from] item: Leftovers
|upkeep
|
|t:|1758303880
|switch|p2a: Ogerpon|Ogerpon-Wellspring, F|84/100
|turn|10
|
|t:|1758303884
|move|p2a: Ogerpon|Ivy Cudgel|p1a: Spiritomb|[anim] Ivy Cudgel Water
|-damage|p1a: Spiritomb|0 fnt
|faint|p1a: Spiritomb
|
|upkeep
|
|t:|1758303888
|switch|p1a: Wyrdeer|Wyrdeer, F|100/100
|-damage|p1a: Wyrdeer|88/100|[from] Stealth Rock
|-ability|p1a: Wyrdeer|Intimidate|boost
|-unboost|p2a: Ogerpon|atk|1
|turn|11
|
|t:|1758303893
|move|p2a: Ogerpon|U-turn|p1a: Wyrdeer
|-supereffective|p1a: Wyrdeer
|-damage|p1a: Wyrdeer|49/100
|
|t:|1758303905
|switch|p2a: Kingambit|Kingambit, F|100/100|[from] U-turn
|-activate|p2a: Kingambit|ability: Supreme Overlord
|-start|p2a: Kingambit|fallen2|[silent]
|move|p1a: Wyrdeer|Megahorn|p2a: Kingambit
|-damage|p2a: Kingambit|68/100
|
|-heal|p1a: Wyrdeer|55/100|[from] item: Leftovers
|upkeep
|turn|12
|
|t:|1758303926
|move|p2a: Kingambit|Kowtow Cleave|p1a: Wyrdeer
|-supereffective|p1a: Wyrdeer
|-crit|p1a: Wyrdeer
|-damage|p1a: Wyrdeer|0 fnt
|faint|p1a: Wyrdeer
|
|upkeep
|
|t:|1758303935
|switch|p1a: Conkeldurr|Conkeldurr, M|100/100
|-damage|p1a: Conkeldurr|94/100|[from] Stealth Rock
|turn|13
|inactive|sanmedina has 120 seconds left.
|
|t:|1758303962
|-terastallize|p2a: Kingambit|Fire
|move|p1a: Conkeldurr|Mach Punch|p2a: Kingambit
|-damage|p2a: Kingambit|48/100
|move|p2a: Kingambit|Swords Dance|p2a: Kingambit
|-boost|p2a: Kingambit|atk|2
|
|-status|p1a: Conkeldurr|brn|[from] item: Flame Orb
|upkeep
|turn|14
|inactive|sanmedina has 120 seconds left.
|
|t:|1758303976
|-terastallize|p1a: Conkeldurr|Normal
|move|p2a: Kingambit|Sucker Punch|p1a: Conkeldurr
|-damage|p1a: Conkeldurr|0 fnt
|faint|p1a: Conkeldurr
|
|win|sanmedina
|raw|alexismarelli's rating: 1188 &rarr; <strong>1166</strong><br />(-22 for losing)
|raw|sanmedina's rating: 1225 &rarr; <strong>1247</strong><br />(+22 for winning)
|l|☆sanmedina
|player|p2|
|l|☆alexismarelli
|player|p1|
