|j|☆PetermannBuga
|j|☆tomatoparis
|t:|1758294256
|gametype|singles
|player|p1|PetermannBuga|ghetsis-gen5bw|1576
|player|p2|tomatoparis|265|1573
|gen|9
|tier|[Gen 9] OU
|rated|
|rule|HP Percentage Mod: HP is shown in percentages
|rule|Endless Battle Clause: Forcing endless battles is banned
|rule|Species Clause: Limit one of each Pokémon
|rule|OHKO Clause: OHKO moves are banned
|rule|Evasion Items Clause: Evasion items are banned
|rule|Evasion Moves Clause: Evasion moves are banned
|rule|Evasion Abilities Clause: Evasion abilities are banned
|rule|Sleep Moves Clause: Sleep-inducing moves are banned
|clearpoke
|poke|p1|Dragapult, F|
|poke|p1|Garganacl, M|
|poke|p1|Clefable, F|
|poke|p1|Gholdengo|
|poke|p1|Great Tusk|
|poke|p1|Iron Valiant|
|poke|p2|Pelipper, F|
|poke|p2|Zamazenta-*|
|poke|p2|Kingdra, F|
|poke|p2|Barraskewda, F|
|poke|p2|Dondozo, F|
|poke|p2|Mamoswine, M|
|teampreview
|
|t:|1758294268
|teamsize|p1|6
|teamsize|p2|6
|start
|switch|p1a: Silly Edna|Dragapult, F|100/100
|switch|p2a: Mamoswine|Mamoswine, M|100/100
|turn|1
|inactive|Battle timer is ON: inactive players will automatically lose when time's up. (requested by PetermannBuga)
|
|t:|1758294281
|switch|p1a: Olavo of Oak|Gholdengo|100/100
|move|p2a: Mamoswine|Ice Shard|p1a: Olavo of Oak
|-resisted|p1a: Olavo of Oak
|-crit|p1a: Olavo of Oak
|-damage|p1a: Olavo of Oak|80/100
|-damage|p2a: Mamoswine|91/100|[from] item: Life Orb
|
|upkeep
|turn|2
|
|t:|1758294289
|switch|p2a: Zamazenta|Zamazenta|100/100
|-ability|p2a: Zamazenta|Dauntless Shield|boost
|-boost|p2a: Zamazenta|def|1
|move|p1a: Olavo of Oak|Make It Rain|p2a: Zamazenta
|-damage|p2a: Zamazenta|37/100
|-unboost|p1a: Olavo of Oak|spa|1
|
|upkeep
|turn|3
|
|t:|1758294299
|move|p2a: Zamazenta|Crunch|p1a: Olavo of Oak
|-supereffective|p1a: Olavo of Oak
|-damage|p1a: Olavo of Oak|0 fnt
|faint|p1a: Olavo of Oak
|
|upkeep
|
|t:|1758294311
|switch|p1a: Laleska Drag Queen|Iron Valiant, shiny|100/100
|-enditem|p1a: Laleska Drag Queen|Booster Energy
|-activate|p1a: Laleska Drag Queen|ability: Quark Drive|[fromitem]
|-start|p1a: Laleska Drag Queen|quarkdrivespe
|turn|4
|
|t:|1758294317
|switch|p2a: Pelipper|Pelipper, F|100/100
|-weather|RainDance|[from] ability: Drizzle|[of] p2a: Pelipper
|move|p1a: Laleska Drag Queen|Calm Mind|p1a: Laleska Drag Queen
|-boost|p1a: Laleska Drag Queen|spa|1
|-boost|p1a: Laleska Drag Queen|spd|1
|
|-weather|RainDance|[upkeep]
|upkeep
|turn|5
|
|t:|1758294329
|switch|p2a: Zamazenta|Zamazenta|37/100
|-terastallize|p1a: Laleska Drag Queen|Steel
|move|p1a: Laleska Drag Queen|Calm Mind|p1a: Laleska Drag Queen
|-boost|p1a: Laleska Drag Queen|spa|1
|-boost|p1a: Laleska Drag Queen|spd|1
|
|-weather|RainDance|[upkeep]
|upkeep
|turn|6
|
|t:|1758294339
|move|p1a: Laleska Drag Queen|Moonblast|p2a: Zamazenta
|-supereffective|p2a: Zamazenta
|-damage|p2a: Zamazenta|0 fnt
|faint|p2a: Zamazenta
|
|-weather|RainDance|[upkeep]
|upkeep
|
|t:|1758294343
|switch|p2a: Barraskewda|Barraskewda, F|100/100
|turn|7
|
|t:|1758294351
|move|p2a: Barraskewda|Close Combat|p1a: Laleska Drag Queen
|-supereffective|p1a: Laleska Drag Queen
|-damage|p1a: Laleska Drag Queen|0 fnt
|-unboost|p2a: Barraskewda|def|1
|-unboost|p2a: Barraskewda|spd|1
|faint|p1a: Laleska Drag Queen
|-end|p1a: Laleska Drag Queen|Quark Drive|[silent]
|
|-weather|RainDance|[upkeep]
|upkeep
|j| pepemav
|l| pepemav
|
|t:|1758294364
|switch|p1a: Silly Edna|Dragapult, F|100/100
|turn|8
|
|t:|1758294370
|switch|p2a: Mamoswine|Mamoswine, M|91/100
|move|p1a: Silly Edna|Sucker Punch||[still]
|-fail|p1a: Silly Edna
|
|-weather|RainDance|[upkeep]
|upkeep
|turn|9
|
|t:|1758294384
|switch|p1a: Tania secretária|Clefable, F, shiny|100/100
|move|p2a: Mamoswine|Icicle Crash|p1a: Tania secretária
|-damage|p1a: Tania secretária|58/100
|-damage|p2a: Mamoswine|81/100|[from] item: Life Orb
|
|-weather|RainDance|[upkeep]
|upkeep
|turn|10
|
|t:|1758294394
|move|p2a: Mamoswine|Earthquake|p1a: Tania secretária
|-damage|p1a: Tania secretária|3/100
|-damage|p2a: Mamoswine|71/100|[from] item: Life Orb
|move|p1a: Tania secretária|Cosmic Power|p1a: Tania secretária
|-boost|p1a: Tania secretária|def|1
|-boost|p1a: Tania secretária|spd|1
|
|-weather|RainDance|[upkeep]
|upkeep
|turn|11
|
|t:|1758294417
|switch|p1a: Khal Droggo|Great Tusk|100/100
|move|p2a: Mamoswine|Ice Shard|p1a: Khal Droggo
|-supereffective|p1a: Khal Droggo
|-damage|p1a: Khal Droggo|62/100
|-damage|p2a: Mamoswine|61/100|[from] item: Life Orb
|
|-weather|none
|upkeep
|turn|12
|
|t:|1758294433
|move|p1a: Khal Droggo|Headlong Rush|p2a: Mamoswine
|-damage|p2a: Mamoswine|0 fnt
|-unboost|p1a: Khal Droggo|def|1
|-unboost|p1a: Khal Droggo|spd|1
|faint|p2a: Mamoswine
|
|upkeep
|
|t:|1758294437
|switch|p2a: Pelipper|Pelipper, F|100/100
|-weather|RainDance|[from] ability: Drizzle|[of] p2a: Pelipper
|turn|13
|
|t:|1758294454
|-end|p1a: Khal Droggo|Protosynthesis|[silent]
|switch|p1a: Silly Edna|Dragapult, F|100/100
|move|p2a: Pelipper|U-turn|p1a: Silly Edna
|-resisted|p1a: Silly Edna
|-damage|p1a: Silly Edna|95/100
|
|t:|1758294459
|switch|p2a: Dondozo|Dondozo, F|100/100|[from] U-turn
|
|-weather|RainDance|[upkeep]
|upkeep
|turn|14
|
|t:|1758294467
|move|p1a: Silly Edna|U-turn|p2a: Dondozo
|-damage|p2a: Dondozo|85/100
|-damage|p1a: Silly Edna|78/100|[from] item: Rocky Helmet|[of] p2a: Dondozo
|
|t:|1758294477
|switch|p1a: Zé Garimpeiro|Garganacl, M|100/100|[from] U-turn
|move|p2a: Dondozo|Wave Crash|p1a: Zé Garimpeiro
|-supereffective|p1a: Zé Garimpeiro
|-damage|p1a: Zé Garimpeiro|9/100
|-damage|p2a: Dondozo|61/100|[from] Recoil
|
|-weather|RainDance|[upkeep]
|-heal|p1a: Zé Garimpeiro|16/100|[from] item: Leftovers
|upkeep
|turn|15
|inactive|PetermannBuga has 120 seconds left.
|
|t:|1758294505
|move|p2a: Dondozo|Wave Crash|p1a: Zé Garimpeiro
|-supereffective|p1a: Zé Garimpeiro
|-damage|p1a: Zé Garimpeiro|0 fnt
|faint|p1a: Zé Garimpeiro
|-damage|p2a: Dondozo|57/100|[from] Recoil
|
|-weather|RainDance|[upkeep]
|upkeep
|
|t:|1758294513
|switch|p1a: Tania secretária|Clefable, F, shiny|3/100
|turn|16
|inactive|tomatoparis has 120 seconds left.
|inactive|tomatoparis has 90 seconds left.
|
|t:|1758294590
|move|p1a: Tania secretária|Moonblast|p2a: Dondozo
|-damage|p2a: Dondozo|25/100
|move|p2a: Dondozo|Wave Crash|p1a: Tania secretária
|-damage|p1a: Tania secretária|0 fnt
|-damage|p2a: Dondozo|9/100|[from] item: Rocky Helmet|[of] p1a: Tania secretária
|faint|p1a: Tania secretária
|-damage|p2a: Dondozo|8/100|[from] Recoil
|
|-weather|RainDance|[upkeep]
|upkeep
|inactive|PetermannBuga has 120 seconds left.
|
|t:|1758294602
|switch|p1a: Khal Droggo|Great Tusk|62/100
|turn|17
|
|t:|1758294605
|move|p1a: Khal Droggo|Rapid Spin|p2a: Dondozo
|-damage|p2a: Dondozo|0 fnt
|-boost|p1a: Khal Droggo|spe|1
|-damage|p1a: Khal Droggo|45/100|[from] item: Rocky Helmet|[of] p2a: Dondozo
|faint|p2a: Dondozo
|
|-weather|RainDance|[upkeep]
|upkeep
|
|t:|1758294608
|switch|p2a: Barraskewda|Barraskewda, F|100/100
|turn|18
|
|t:|1758294621
|move|p2a: Barraskewda|Waterfall|p1a: Khal Droggo
|-supereffective|p1a: Khal Droggo
|-damage|p1a: Khal Droggo|0 fnt
|faint|p1a: Khal Droggo
|-end|p1a: Khal Droggo|Protosynthesis|[silent]
|
|-weather|RainDance|[upkeep]
|upkeep
|
|t:|1758294627
|switch|p1a: Silly Edna|Dragapult, F|78/100
|turn|19
|
|t:|1758294631
|switch|p2a: Kingdra|Kingdra, F|100/100
|move|p1a: Silly Edna|Dragon Darts|p2a: Kingdra
|-supereffective|p2a: Kingdra
|-damage|p2a: Kingdra|10/100
|-anim|p1a: Silly Edna|Dragon Darts|p2a: Kingdra
|-supereffective|p2a: Kingdra
|-damage|p2a: Kingdra|0 fnt
|faint|p2a: Kingdra
|
|-weather|RainDance|[upkeep]
|upkeep
|inactive|tomatoparis has 120 seconds left.
|
|t:|1758294636
|switch|p2a: Barraskewda|Barraskewda, F|100/100
|turn|20
|
|t:|1758294643
|move|p2a: Barraskewda|Waterfall|p1a: Silly Edna
|-resisted|p1a: Silly Edna
|-damage|p1a: Silly Edna|8/100
|move|p1a: Silly Edna|Dragon Darts|p2a: Barraskewda
|-damage|p2a: Barraskewda|33/100
|-anim|p1a: Silly Edna|Dragon Darts|p2a: Barraskewda
|-damage|p2a: Barraskewda|0 fnt
|faint|p2a: Barraskewda
|
|-weather|none
|upkeep
|
|t:|1758294647
|switch|p2a: Pelipper|Pelipper, F|100/100
|-weather|RainDance|[from] ability: Drizzle|[of] p2a: Pelipper
|turn|21
|
|t:|1758294659
|move|p1a: Silly Edna|Dragon Darts|p2a: Pelipper
|-damage|p2a: Pelipper|72/100
|-anim|p1a: Silly Edna|Dragon Darts|p2a: Pelipper
|-damage|p2a: Pelipper|45/100
|move|p2a: Pelipper|Hurricane|p1a: Silly Edna
|-damage|p1a: Silly Edna|0 fnt
|faint|p1a: Silly Edna
|
|win|tomatoparis
|raw|PetermannBuga's rating: 1576 &rarr; <strong>1556</strong><br />(-20 for losing)
|raw|tomatoparis's rating: 1573 &rarr; <strong>1593</strong><br />(+20 for winning)
|l|☆tomatoparis
|player|p2|
|l|☆PetermannBuga
|player|p1|
