|j|☆gxld09
|j|☆Playm4ker52
|t:|1758340227
|gametype|singles
|player|p1|gxld09|marley|1450
|player|p2|Playm4ker52|1|1422
|gen|9
|tier|[Gen 9] OU
|rated|
|rule|HP Percentage Mod: HP is shown in percentages
|rule|Endless Battle Clause: Forcing endless battles is banned
|rule|Species Clause: Limit one of each Pokémon
|rule|OHKO Clause: OHKO moves are banned
|rule|Evasion Items Clause: Evasion items are banned
|rule|Evasion Moves Clause: Evasion moves are banned
|rule|Evasion Abilities Clause: Evasion abilities are banned
|rule|Sleep Moves Clause: Sleep-inducing moves are banned
|clearpoke
|poke|p1|Torkoal, M|
|poke|p1|Hatterene, F|
|poke|p1|Great Tusk|
|poke|p1|Walking Wake|
|poke|p1|Corviknight, F|
|poke|p1|Blaziken, M|
|poke|p2|Kyurem|
|poke|p2|Primarina, M|
|poke|p2|Darkrai|
|poke|p2|Corviknight, M|
|poke|p2|Deoxys-Speed|
|poke|p2|Iron Valiant|
|teampreview
|inactive|Battle timer is ON: inactive players will automatically lose when time's up. (requested by gxld09)
|
|t:|1758340243
|teamsize|p1|6
|teamsize|p2|6
|start
|switch|p1a: Torkoal|Torkoal, M|100/100
|switch|p2a: Deoxys|Deoxys-Speed|100/100
|-ability|p2a: Deoxys|Pressure
|-weather|SunnyDay|[from] ability: Drought|[of] p1a: Torkoal
|turn|1
|
|t:|1758340248
|switch|p1a: Hatterene|Hatterene, F|100/100
|move|p2a: Deoxys|Taunt|p1a: Hatterene
|move|p1a: Hatterene|Taunt|p2a: Deoxys|[from] ability: Magic Bounce
|-start|p2a: Deoxys|move: Taunt
|
|-weather|SunnyDay|[upkeep]
|upkeep
|turn|2
|
|t:|1758340256
|switch|p2a: Primarina|Primarina, M|100/100
|move|p1a: Hatterene|Nuzzle|p2a: Primarina
|-supereffective|p2a: Primarina
|-damage|p2a: Primarina|90/100
|-status|p2a: Primarina|par
|
|-weather|SunnyDay|[upkeep]
|upkeep
|turn|3
|
|t:|1758340269
|move|p1a: Hatterene|Psychic Noise|p2a: Primarina
|-damage|p2a: Primarina|73/100 par
|-start|p2a: Primarina|move: Heal Block
|move|p2a: Primarina|Moonblast|p1a: Hatterene
|-damage|p1a: Hatterene|42/100
|-enditem|p1a: Hatterene|Eject Button
|
|t:|1758340288
|switch|p1a: Great Tusk|Great Tusk|100/100
|-activate|p1a: Great Tusk|ability: Protosynthesis
|-start|p1a: Great Tusk|protosynthesisatk
|
|-weather|SunnyDay|[upkeep]
|upkeep
|turn|4
|
|t:|1758340294
|move|p1a: Great Tusk|Supercell Slam|p2a: Primarina
|-supereffective|p2a: Primarina
|-damage|p2a: Primarina|0 fnt
|faint|p2a: Primarina
|
|-weather|SunnyDay|[upkeep]
|upkeep
|
|t:|1758340300
|switch|p2a: Deoxys|Deoxys-Speed|100/100
|-ability|p2a: Deoxys|Pressure
|turn|5
|
|t:|1758340305
|-end|p1a: Great Tusk|Protosynthesis|[silent]
|switch|p1a: Hatterene|Hatterene, F|42/100
|move|p2a: Deoxys|Reflect|p2a: Deoxys
|-sidestart|p2: Playm4ker52|Reflect
|
|-weather|SunnyDay|[upkeep]
|upkeep
|turn|6
|
|t:|1758340311
|move|p2a: Deoxys|Light Screen|p2a: Deoxys
|-sidestart|p2: Playm4ker52|move: Light Screen
|move|p1a: Hatterene|Healing Wish|p1a: Hatterene
|faint|p1a: Hatterene
|
|-weather|SunnyDay|[upkeep]
|upkeep
|
|t:|1758340315
|switch|p1a: Walking Wake|Walking Wake|100/100
|-activate|p1a: Walking Wake|ability: Protosynthesis
|-start|p1a: Walking Wake|protosynthesisspe
|turn|7
|
|t:|1758340325
|move|p1a: Walking Wake|Hydro Steam|p2a: Deoxys
|-damage|p2a: Deoxys|27/100
|move|p2a: Deoxys|Psycho Boost|p1a: Walking Wake
|-damage|p1a: Walking Wake|34/100
|-unboost|p2a: Deoxys|spa|2
|
|-weather|SunnyDay|[upkeep]
|upkeep
|turn|8
|
|t:|1758340341
|-end|p1a: Walking Wake|Protosynthesis|[silent]
|switch|p1a: Blaziken|Blaziken, M|100/100
|move|p2a: Deoxys|Psycho Boost|p1a: Blaziken
|-supereffective|p1a: Blaziken
|-damage|p1a: Blaziken|17/100
|-unboost|p2a: Deoxys|spa|2
|
|-weather|none
|upkeep
|turn|9
|
|t:|1758340362
|switch|p2a: Iron Valiant|Iron Valiant|100/100
|-enditem|p2a: Iron Valiant|Booster Energy
|-activate|p2a: Iron Valiant|ability: Quark Drive|[fromitem]
|-start|p2a: Iron Valiant|quarkdrivespe
|move|p1a: Blaziken|Protect||[still]
|-fail|p1a: Blaziken
|
|-ability|p1a: Blaziken|Speed Boost|boost
|-boost|p1a: Blaziken|spe|1
|upkeep
|turn|10
|
|t:|1758340371
|move|p1a: Blaziken|Protect|p1a: Blaziken
|-singleturn|p1a: Blaziken|Protect
|move|p2a: Iron Valiant|Close Combat|p1a: Blaziken
|-activate|p1a: Blaziken|move: Protect
|
|-ability|p1a: Blaziken|Speed Boost|boost
|-boost|p1a: Blaziken|spe|1
|upkeep
|turn|11
|
|t:|1758340377
|move|p2a: Iron Valiant|Close Combat|p1a: Blaziken
|-damage|p1a: Blaziken|0 fnt
|-unboost|p2a: Iron Valiant|def|1
|-unboost|p2a: Iron Valiant|spd|1
|faint|p1a: Blaziken
|
|upkeep
|
|t:|1758340381
|switch|p1a: Torkoal|Torkoal, M|100/100
|-weather|SunnyDay|[from] ability: Drought|[of] p1a: Torkoal
|turn|12
|
|t:|1758340385
|move|p2a: Iron Valiant|Close Combat|p1a: Torkoal
|-damage|p1a: Torkoal|56/100
|-unboost|p2a: Iron Valiant|def|1
|-unboost|p2a: Iron Valiant|spd|1
|move|p1a: Torkoal|Will-O-Wisp|p2a: Iron Valiant
|-status|p2a: Iron Valiant|brn
|
|-weather|SunnyDay|[upkeep]
|-damage|p2a: Iron Valiant|94/100 brn|[from] brn
|-sideend|p2: Playm4ker52|Reflect
|upkeep
|turn|13
|
|t:|1758340390
|move|p2a: Iron Valiant|Knock Off|p1a: Torkoal
|-damage|p1a: Torkoal|43/100
|-enditem|p1a: Torkoal|Heat Rock|[from] move: Knock Off|[of] p2a: Iron Valiant
|move|p1a: Torkoal|Stealth Rock|p2a: Iron Valiant
|-sidestart|p2: Playm4ker52|move: Stealth Rock
|
|-weather|SunnyDay|[upkeep]
|-damage|p2a: Iron Valiant|88/100 brn|[from] brn
|-sideend|p2: Playm4ker52|move: Light Screen
|upkeep
|turn|14
|
|t:|1758340396
|switch|p1a: Corviknight|Corviknight, F|100/100
|-ability|p1a: Corviknight|Pressure
|move|p2a: Iron Valiant|Close Combat|p1a: Corviknight
|-damage|p1a: Corviknight|82/100
|-unboost|p2a: Iron Valiant|def|1
|-unboost|p2a: Iron Valiant|spd|1
|-damage|p2a: Iron Valiant|72/100 brn|[from] item: Rocky Helmet|[of] p1a: Corviknight
|
|-weather|SunnyDay|[upkeep]
|-damage|p2a: Iron Valiant|65/100 brn|[from] brn
|upkeep
|turn|15
|
|t:|1758340404
|move|p2a: Iron Valiant|Knock Off|p1a: Corviknight
|-damage|p1a: Corviknight|71/100
|-damage|p2a: Iron Valiant|49/100 brn|[from] item: Rocky Helmet|[of] p1a: Corviknight
|-enditem|p1a: Corviknight|Rocky Helmet|[from] move: Knock Off|[of] p2a: Iron Valiant
|move|p1a: Corviknight|U-turn|p2a: Iron Valiant
|-resisted|p2a: Iron Valiant
|-damage|p2a: Iron Valiant|37/100 brn
|
|t:|1758340411
|switch|p1a: Torkoal|Torkoal, M|43/100|[from] U-turn
|-heal|p1a: Torkoal|100/100|[from] move: Healing Wish
|
|-weather|SunnyDay|[upkeep]
|-damage|p2a: Iron Valiant|31/100 brn|[from] brn
|upkeep
|turn|16
|
|t:|1758340430
|move|p2a: Iron Valiant|Close Combat|p1a: Torkoal
|-damage|p1a: Torkoal|79/100
|-unboost|p2a: Iron Valiant|def|1
|-unboost|p2a: Iron Valiant|spd|1
|move|p1a: Torkoal|Lava Plume|p2a: Iron Valiant
|-damage|p2a: Iron Valiant|0 fnt
|faint|p2a: Iron Valiant
|-end|p2a: Iron Valiant|Quark Drive|[silent]
|
|-weather|SunnyDay|[upkeep]
|upkeep
|
|t:|1758340437
|switch|p2a: Corviknight|Corviknight, M|100/100
|-damage|p2a: Corviknight|88/100|[from] Stealth Rock
|-ability|p2a: Corviknight|Pressure
|turn|17
|
|t:|1758340449
|move|p2a: Corviknight|Defog|p1a: Torkoal
|-unboost|p1a: Torkoal|evasion|1
|-sideend|p2: Playm4ker52|Stealth Rock|[from] move: Defog|[of] p2a: Corviknight
|move|p1a: Torkoal|Lava Plume|p2a: Corviknight
|-supereffective|p2a: Corviknight
|-damage|p2a: Corviknight|14/100
|
|-weather|SunnyDay|[upkeep]
|upkeep
|turn|18
|
|t:|1758340458
|move|p2a: Corviknight|Body Press|p1a: Torkoal
|-damage|p1a: Torkoal|60/100
|move|p1a: Torkoal|Lava Plume|p2a: Corviknight
|-supereffective|p2a: Corviknight
|-damage|p2a: Corviknight|0 fnt
|faint|p2a: Corviknight
|
|-weather|SunnyDay|[upkeep]
|upkeep
|
|t:|1758340476
|switch|p2a: Deoxys|Deoxys-Speed|27/100
|-ability|p2a: Deoxys|Pressure
|turn|19
|
|t:|1758340485
|move|p2a: Deoxys|Light Screen|p2a: Deoxys
|-sidestart|p2: Playm4ker52|move: Light Screen
|move|p1a: Torkoal|Lava Plume|p2a: Deoxys
|-damage|p2a: Deoxys|0 fnt
|faint|p2a: Deoxys
|
|-weather|none
|upkeep
|
|t:|1758340502
|switch|p2a: Darkrai|Darkrai|100/100
|turn|20
|
|t:|1758340522
|switch|p1a: Corviknight|Corviknight, F|71/100
|-ability|p1a: Corviknight|Pressure
|move|p2a: Darkrai|Nasty Plot|p2a: Darkrai
|-boost|p2a: Darkrai|spa|2
|
|upkeep
|turn|21
|
|t:|1758340528
|move|p2a: Darkrai|Dark Pulse|p1a: Corviknight
|-damage|p1a: Corviknight|0 fnt
|faint|p1a: Corviknight
|
|upkeep
|
|t:|1758340531
|switch|p1a: Torkoal|Torkoal, M|60/100
|-weather|SunnyDay|[from] ability: Drought|[of] p1a: Torkoal
|turn|22
|
|t:|1758340542
|move|p2a: Darkrai|Dark Pulse|p1a: Torkoal
|-damage|p1a: Torkoal|0 fnt
|faint|p1a: Torkoal
|
|-weather|SunnyDay|[upkeep]
|upkeep
|
|t:|1758340545
|switch|p1a: Walking Wake|Walking Wake|34/100
|-activate|p1a: Walking Wake|ability: Protosynthesis
|-start|p1a: Walking Wake|protosynthesisspe
|turn|23
|
|t:|1758340562
|-terastallize|p1a: Walking Wake|Water
|move|p1a: Walking Wake|Hydro Steam|p2a: Darkrai
|-damage|p2a: Darkrai|16/100
|move|p2a: Darkrai|Dark Pulse|p1a: Walking Wake
|-damage|p1a: Walking Wake|0 fnt
|faint|p1a: Walking Wake
|-end|p1a: Walking Wake|Protosynthesis|[silent]
|
|-weather|SunnyDay|[upkeep]
|-heal|p2a: Darkrai|22/100|[from] item: Leftovers
|upkeep
|
|t:|1758340568
|switch|p1a: Great Tusk|Great Tusk|100/100
|-activate|p1a: Great Tusk|ability: Protosynthesis
|-start|p1a: Great Tusk|protosynthesisatk
|turn|24
|c|☆Playm4ker52|gg
|
|t:|1758340573
|move|p2a: Darkrai|Ice Beam|p1a: Great Tusk
|-supereffective|p1a: Great Tusk
|-damage|p1a: Great Tusk|0 fnt
|faint|p1a: Great Tusk
|-end|p1a: Great Tusk|Protosynthesis|[silent]
|
|win|Playm4ker52
|raw|gxld09's rating: 1450 &rarr; <strong>1428</strong><br />(-22 for losing)
|raw|Playm4ker52's rating: 1422 &rarr; <strong>1444</strong><br />(+22 for winning)
|c|☆gxld09|ggwp
|l|☆gxld09
|player|p1|
