|j|☆s1t4
|j|☆Hose1801
|t:|1758297618
|gametype|singles
|player|p1|s1t4|265|1205
|player|p2|Hose1801|harlequin|1186
|gen|9
|tier|[Gen 9] OU
|rated|
|rule|HP Percentage Mod: HP is shown in percentages
|rule|Endless Battle Clause: Forcing endless battles is banned
|rule|Species Clause: Limit one of each Pokémon
|rule|OHKO Clause: OHKO moves are banned
|rule|Evasion Items Clause: Evasion items are banned
|rule|Evasion Moves Clause: Evasion moves are banned
|rule|Evasion Abilities Clause: Evasion abilities are banned
|rule|Sleep Moves Clause: Sleep-inducing moves are banned
|clearpoke
|poke|p1|Kingdra, F|
|poke|p1|Pelipper, F|
|poke|p1|Dugtrio-Alola, F|
|poke|p1|Samurott-Hisui, F|
|poke|p1|Politoed, F|
|poke|p1|Weezing-Galar, M|
|poke|p2|Clodsire, F|
|poke|p2|Great Tusk|
|poke|p2|Torkoal, M|
|poke|p2|Slowking-Galar, F|
|poke|p2|Skeledirge, M|
|poke|p2|Lilligant-Hisui, F|
|teampreview
|
|t:|1758297636
|teamsize|p1|6
|teamsize|p2|6
|start
|switch|p1a: Samurott|Samurott-Hisui, F|100/100
|switch|p2a: Torkoal|Torkoal, M|100/100
|-weather|SunnyDay|[from] ability: Drought|[of] p2a: Torkoal
|turn|1
|
|t:|1758297642
|move|p1a: Samurott|Flip Turn|p2a: Torkoal
|-supereffective|p2a: Torkoal
|-damage|p2a: Torkoal|85/100
|
|t:|1758297662
|switch|p1a: Politoed|Politoed, F|100/100|[from] Flip Turn
|-weather|RainDance|[from] ability: Drizzle|[of] p1a: Politoed
|move|p2a: Torkoal|Will-O-Wisp|p1a: Politoed
|-status|p1a: Politoed|brn
|
|-weather|RainDance|[upkeep]
|-damage|p1a: Politoed|94/100 brn|[from] brn
|upkeep
|turn|2
|
|t:|1758297669
|switch|p2a: Slowking|Slowking-Galar, F|100/100
|move|p1a: Politoed|Weather Ball|p2a: Slowking
|-damage|p2a: Slowking|75/100
|
|-weather|RainDance|[upkeep]
|-damage|p1a: Politoed|88/100 brn|[from] brn
|upkeep
|turn|3
|
|t:|1758297674
|move|p1a: Politoed|Earth Power|p2a: Slowking
|-supereffective|p2a: Slowking
|-damage|p2a: Slowking|56/100
|move|p2a: Slowking|Future Sight|p1a: Politoed
|-start|p2a: Slowking|move: Future Sight
|
|-weather|RainDance|[upkeep]
|-damage|p1a: Politoed|82/100 brn|[from] brn
|upkeep
|turn|4
|
|t:|1758297680
|move|p1a: Politoed|Encore|p2a: Slowking
|-start|p2a: Slowking|Encore
|move|p2a: Slowking|Future Sight||[still]
|-fail|p2a: Slowking
|
|-weather|RainDance|[upkeep]
|-damage|p1a: Politoed|75/100 brn|[from] brn
|upkeep
|turn|5
|
|t:|1758297706
|switch|p1a: Samurott|Samurott-Hisui, F|100/100
|switch|p2a: Torkoal|Torkoal, M|85/100
|-weather|SunnyDay|[from] ability: Drought|[of] p2a: Torkoal
|
|-weather|SunnyDay|[upkeep]
|-end|p1a: Samurott|move: Future Sight
|-immune|p1a: Samurott
|upkeep
|turn|6
|
|t:|1758297713
|move|p1a: Samurott|Flip Turn|p2a: Torkoal
|-supereffective|p2a: Torkoal
|-damage|p2a: Torkoal|70/100
|
|t:|1758297716
|switch|p1a: Politoed|Politoed, F|75/100 brn|[from] Flip Turn
|-weather|RainDance|[from] ability: Drizzle|[of] p1a: Politoed
|move|p2a: Torkoal|Will-O-Wisp|p1a: Politoed|[miss]
|-miss|p2a: Torkoal|p1a: Politoed
|
|-weather|RainDance|[upkeep]
|-damage|p1a: Politoed|69/100 brn|[from] brn
|upkeep
|turn|7
|
|t:|1758297726
|switch|p2a: Slowking|Slowking-Galar, F|89/100
|move|p1a: Politoed|Weather Ball|p2a: Slowking
|-damage|p2a: Slowking|65/100
|
|-weather|RainDance|[upkeep]
|-damage|p1a: Politoed|63/100 brn|[from] brn
|upkeep
|turn|8
|
|t:|1758297733
|move|p1a: Politoed|Weather Ball|p2a: Slowking
|-damage|p2a: Slowking|39/100
|move|p2a: Slowking|Sludge Bomb|p1a: Politoed
|-damage|p1a: Politoed|36/100 brn
|
|-weather|RainDance|[upkeep]
|-damage|p1a: Politoed|29/100 brn|[from] brn
|upkeep
|turn|9
|
|t:|1758297742
|switch|p1a: Dugtrio|Dugtrio-Alola, F|100/100
|switch|p2a: Torkoal|Torkoal, M|70/100
|-weather|SunnyDay|[from] ability: Drought|[of] p2a: Torkoal
|
|-weather|SunnyDay|[upkeep]
|upkeep
|turn|10
|
|t:|1758297751
|-terastallize|p1a: Dugtrio|Water
|move|p1a: Dugtrio|Earthquake|p2a: Torkoal
|-supereffective|p2a: Torkoal
|-damage|p2a: Torkoal|0 fnt
|faint|p2a: Torkoal
|
|-weather|SunnyDay|[upkeep]
|upkeep
|
|t:|1758297757
|switch|p2a: Lilligant|Lilligant-Hisui, F|100/100
|turn|11
|
|t:|1758297760
|switch|p1a: Pelipper|Pelipper, F|100/100
|-weather|RainDance|[from] ability: Drizzle|[of] p1a: Pelipper
|move|p2a: Lilligant|Solar Blade||[still]
|-prepare|p2a: Lilligant|Solar Blade
|
|-weather|RainDance|[upkeep]
|upkeep
|turn|12
|
|t:|1758297783
|move|p2a: Lilligant|Solar Blade|p1a: Pelipper|[from] lockedmove
|-damage|p1a: Pelipper|70/100
|-damage|p2a: Lilligant|91/100|[from] item: Life Orb
|move|p1a: Pelipper|Hurricane|p2a: Lilligant
|-supereffective|p2a: Lilligant
|-damage|p2a: Lilligant|0 fnt
|faint|p2a: Lilligant
|
|-weather|RainDance|[upkeep]
|upkeep
|
|t:|1758297787
|switch|p2a: Slowking|Slowking-Galar, F|72/100
|turn|13
|
|t:|1758297796
|move|p1a: Pelipper|Hurricane|p2a: Slowking
|-damage|p2a: Slowking|54/100
|-start|p2a: Slowking|confusion
|-activate|p2a: Slowking|confusion
|move|p2a: Slowking|Sludge Bomb|p1a: Pelipper
|-damage|p1a: Pelipper|5/100
|
|-weather|RainDance|[upkeep]
|upkeep
|turn|14
|
|t:|1758297810
|switch|p1a: Weezing|Weezing-Galar, M|100/100
|-ability|p1a: Weezing|Neutralizing Gas
|-activate|p2a: Slowking|confusion
|-damage|p2a: Slowking|48/100|[from] confusion
|
|-weather|RainDance|[upkeep]
|upkeep
|turn|15
|
|t:|1758297832
|move|p1a: Weezing|Thunder|p2a: Slowking
|-damage|p2a: Slowking|36/100
|-activate|p2a: Slowking|confusion
|move|p2a: Slowking|Sludge Bomb|p1a: Weezing
|-crit|p1a: Weezing
|-damage|p1a: Weezing|1/100
|
|-weather|RainDance|[upkeep]
|-heal|p1a: Weezing|7/100|[from] item: Leftovers
|upkeep
|turn|16
|
|t:|1758297864
|switch|p2a: Clodsire|Clodsire, F|100/100
|move|p1a: Weezing|Memento|p2a: Clodsire
|-unboost|p2a: Clodsire|atk|2
|-unboost|p2a: Clodsire|spa|2
|faint|p1a: Weezing
|-end|p1a: Weezing|ability: Neutralizing Gas
|
|-weather|RainDance|[upkeep]
|upkeep
|
|t:|1758297868
|switch|p1a: Dugtrio|Dugtrio-Alola, F, tera:Water|100/100
|turn|17
|
|t:|1758297875
|move|p1a: Dugtrio|Earthquake|p2a: Clodsire
|-supereffective|p2a: Clodsire
|-damage|p2a: Clodsire|0 fnt
|faint|p2a: Clodsire
|
|-weather|RainDance|[upkeep]
|upkeep
|
|t:|1758297888
|switch|p2a: Slowking|Slowking-Galar, F|36/100
|turn|18
|
|t:|1758297890
|move|p1a: Dugtrio|Earthquake|p2a: Slowking
|-supereffective|p2a: Slowking
|-damage|p2a: Slowking|0 fnt
|faint|p2a: Slowking
|
|-weather|none
|upkeep
|
|t:|1758297900
|switch|p2a: Skeledirge|Skeledirge, M|100/100
|turn|19
|
|t:|1758297904
|switch|p1a: Pelipper|Pelipper, F|5/100
|-weather|RainDance|[from] ability: Drizzle|[of] p1a: Pelipper
|move|p2a: Skeledirge|Shadow Ball|p1a: Pelipper
|-damage|p1a: Pelipper|0 fnt
|faint|p1a: Pelipper
|
|-weather|RainDance|[upkeep]
|upkeep
|
|t:|1758297906
|switch|p1a: Kingdra|Kingdra, F|100/100
|turn|20
|
|t:|1758297911
|-terastallize|p2a: Skeledirge|Fairy
|move|p1a: Kingdra|Surf|p2a: Skeledirge
|-damage|p2a: Skeledirge|10/100
|move|p2a: Skeledirge|Tera Blast|p1a: Kingdra|[anim] Tera Blast Fairy
|-supereffective|p1a: Kingdra
|-damage|p1a: Kingdra|2/100
|
|-weather|RainDance|[upkeep]
|-heal|p2a: Skeledirge|16/100|[from] item: Leftovers
|upkeep
|turn|21
|
|t:|1758297929
|move|p1a: Kingdra|Surf|p2a: Skeledirge
|-damage|p2a: Skeledirge|0 fnt
|faint|p2a: Skeledirge
|
|-weather|RainDance|[upkeep]
|upkeep
|
|t:|1758297931
|switch|p2a: Great Tusk|Great Tusk|100/100
|turn|22
|
|t:|1758297935
|move|p1a: Kingdra|Surf|p2a: Great Tusk
|-supereffective|p2a: Great Tusk
|-damage|p2a: Great Tusk|0 fnt
|faint|p2a: Great Tusk
|-end|p2a: Great Tusk|Protosynthesis|[silent]
|
|win|s1t4
|raw|s1t4's rating: 1205 &rarr; <strong>1229</strong><br />(+24 for winning)
|raw|Hose1801's rating: 1186 &rarr; <strong>1162</strong><br />(-24 for losing)
|l|☆s1t4
|player|p1|
|c|☆Hose1801|Gg
|l|☆Hose1801
|player|p2|
