|j|☆Obotwinkletoes
|j|☆ORAS_appreciater
|t:|1758343099
|gametype|singles
|player|p1|Obotwinkletoes|2|1330
|player|p2|ORAS_appreciater|266|1277
|gen|9
|tier|[Gen 9] OU
|rated|
|rule|HP Percentage Mod: HP is shown in percentages
|rule|Endless Battle Clause: Forcing endless battles is banned
|rule|Species Clause: Limit one of each Pokémon
|rule|OHKO Clause: OHKO moves are banned
|rule|Evasion Items Clause: Evasion items are banned
|rule|Evasion Moves Clause: Evasion moves are banned
|rule|Evasion Abilities Clause: Evasion abilities are banned
|rule|Sleep Moves Clause: Sleep-inducing moves are banned
|clearpoke
|poke|p1|Thundurus, M|
|poke|p1|Slowking-Galar, M|
|poke|p1|Gyarados, M|
|poke|p1|Donphan, F|
|poke|p1|Diancie|
|poke|p1|Metagross|
|poke|p2|Zamazenta-*|
|poke|p2|Clefable, F|
|poke|p2|Samurott-Hisui, F|
|poke|p2|Kyurem|
|poke|p2|Great Tusk|
|poke|p2|Gholdengo|
|teampreview
|inactive|Battle timer is ON: inactive players will automatically lose when time's up. (requested by Obotwinkletoes)
|
|t:|1758343113
|teamsize|p1|6
|teamsize|p2|6
|start
|switch|p1a: Slowking|Slowking-Galar, M, shiny|100/100
|switch|p2a: Clefable|Clefable, F|100/100
|turn|1
|
|t:|1758343120
|move|p2a: Clefable|Knock Off|p1a: Slowking
|-supereffective|p1a: Slowking
|-damage|p1a: Slowking|67/100
|-enditem|p1a: Slowking|Leftovers|[from] move: Knock Off|[of] p2a: Clefable
|move|p1a: Slowking|Toxic Spikes|p2a: Clefable
|-sidestart|p2: ORAS_appreciater|move: Toxic Spikes
|
|upkeep
|turn|2
|
|t:|1758343128
|move|p2a: Clefable|Stealth Rock|p1a: Slowking
|-sidestart|p1: Obotwinkletoes|move: Stealth Rock
|-prepare|p1a: Slowking|Chilly Reception|[premajor]
|move|p1a: Slowking|Chilly Reception|p1a: Slowking
|-weather|Snowscape
|
|t:|1758343136
|switch|p1a: Donphan|Donphan, F|100/100|[from] Chilly Reception
|-damage|p1a: Donphan|94/100|[from] Stealth Rock
|
|-weather|Snowscape|[upkeep]
|upkeep
|turn|3
|
|t:|1758343159
|switch|p2a: Gholdengo|Gholdengo|100/100
|-item|p2a: Gholdengo|Air Balloon
|move|p1a: Donphan|Ice Shard|p2a: Gholdengo
|-resisted|p2a: Gholdengo
|-damage|p2a: Gholdengo|95/100
|-enditem|p2a: Gholdengo|Air Balloon
|
|-weather|Snowscape|[upkeep]
|upkeep
|turn|4
|
|t:|1758343176
|switch|p2a: Clefable|Clefable, F|100/100
|-status|p2a: Clefable|psn
|move|p1a: Donphan|Earthquake|p2a: Clefable
|-crit|p2a: Clefable
|-damage|p2a: Clefable|7/100 psn
|
|-weather|Snowscape|[upkeep]
|-heal|p2a: Clefable|13/100 psn|[from] item: Leftovers
|upkeep
|turn|5
|
|t:|1758343188
|switch|p2a: Great Tusk|Great Tusk, shiny|100/100
|move|p1a: Donphan|Rapid Spin|p2a: Great Tusk
|-damage|p2a: Great Tusk|88/100
|-boost|p1a: Donphan|spe|1
|-sideend|p1: Obotwinkletoes|Stealth Rock|[from] move: Rapid Spin|[of] p1a: Donphan
|
|-weather|Snowscape|[upkeep]
|upkeep
|turn|6
|
|t:|1758343202
|switch|p1a: Gyarados|Gyarados, M, shiny|100/100
|-terastallize|p2a: Great Tusk|Water
|move|p2a: Great Tusk|Rapid Spin|p1a: Gyarados
|-damage|p1a: Gyarados|81/100
|-boost|p2a: Great Tusk|spe|1
|-sideend|p2: ORAS_appreciater|Toxic Spikes|[from] move: Rapid Spin|[of] p2a: Great Tusk
|
|-weather|none
|-heal|p1a: Gyarados|87/100|[from] item: Leftovers
|upkeep
|turn|7
|inactive|ORAS_appreciater has 120 seconds left.
|
|t:|1758343223
|move|p2a: Great Tusk|Stealth Rock|p1a: Gyarados
|-sidestart|p1: Obotwinkletoes|move: Stealth Rock
|move|p1a: Gyarados|Dragon Dance|p1a: Gyarados
|-boost|p1a: Gyarados|atk|1
|-boost|p1a: Gyarados|spe|1
|
|-heal|p1a: Gyarados|93/100|[from] item: Leftovers
|upkeep
|turn|8
|
|t:|1758343231
|-end|p2a: Great Tusk|Protosynthesis|[silent]
|switch|p2a: Kyurem|Kyurem|100/100
|-ability|p2a: Kyurem|Pressure
|move|p1a: Gyarados|Dragon Dance|p1a: Gyarados
|-boost|p1a: Gyarados|atk|1
|-boost|p1a: Gyarados|spe|1
|
|-heal|p1a: Gyarados|99/100|[from] item: Leftovers
|upkeep
|turn|9
|
|t:|1758343242
|-terastallize|p1a: Gyarados|Electric
|move|p1a: Gyarados|Earthquake|p2a: Kyurem
|-damage|p2a: Kyurem|33/100
|move|p2a: Kyurem|Freeze-Dry|p1a: Gyarados
|-damage|p1a: Gyarados|51/100
|
|-heal|p1a: Gyarados|57/100|[from] item: Leftovers
|upkeep
|turn|10
|
|t:|1758343252
|move|p1a: Gyarados|Earthquake|p2a: Kyurem
|-crit|p2a: Kyurem
|-damage|p2a: Kyurem|0 fnt
|faint|p2a: Kyurem
|-ability|p1a: Gyarados|Moxie|boost
|-boost|p1a: Gyarados|atk|1
|
|-heal|p1a: Gyarados|63/100|[from] item: Leftovers
|upkeep
|
|t:|1758343268
|switch|p2a: Zamazenta|Zamazenta|100/100
|-ability|p2a: Zamazenta|Dauntless Shield|boost
|-boost|p2a: Zamazenta|def|1
|turn|11
|
|t:|1758343274
|move|p1a: Gyarados|Waterfall|p2a: Zamazenta
|-damage|p2a: Zamazenta|36/100
|cant|p2a: Zamazenta|flinch
|
|-heal|p1a: Gyarados|69/100|[from] item: Leftovers
|upkeep
|turn|12
|-message|ORAS_appreciater forfeited.
|
|win|Obotwinkletoes
|raw|Obotwinkletoes's rating: 1330 &rarr; <strong>1347</strong><br />(+17 for winning)
|raw|ORAS_appreciater's rating: 1277 &rarr; <strong>1256</strong><br />(-21 for losing)
|l|☆ORAS_appreciater
|player|p2|
|l|☆Obotwinkletoes
|player|p1|
