|j|☆Wiz.mii
|j|☆Umu Eze
|t:|1758286428
|gametype|singles
|player|p1|Wiz.mii|steven|1222
|player|p2|Umu Eze|marlon|1214
|gen|9
|tier|[Gen 9] OU
|rated|
|rule|HP Percentage Mod: HP is shown in percentages
|rule|Endless Battle Clause: Forcing endless battles is banned
|rule|Species Clause: Limit one of each Pokémon
|rule|OHKO Clause: OHKO moves are banned
|rule|Evasion Items Clause: Evasion items are banned
|rule|Evasion Moves Clause: Evasion moves are banned
|rule|Evasion Abilities Clause: Evasion abilities are banned
|rule|Sleep Moves Clause: Sleep-inducing moves are banned
|clearpoke
|poke|p1|Braviary-Hisui, M|
|poke|p1|Politoed, F|
|poke|p1|Hatterene, F|
|poke|p1|Araquanid, F|
|poke|p1|Sandy Shocks|
|poke|p1|Corviknight, M|
|poke|p2|Landorus-Therian, M|
|poke|p2|Alomomola, F|
|poke|p2|Slowking-Galar, M|
|poke|p2|Skeledirge, M|
|poke|p2|Kyurem|
|poke|p2|Meowscarada, F|
|teampreview
|inactive|Battle timer is ON: inactive players will automatically lose when time's up. (requested by Umu Eze)
|
|t:|1758286452
|teamsize|p1|6
|teamsize|p2|6
|start
|switch|p1a: Sandy Shocks|Sandy Shocks|100/100
|switch|p2a: Meowscarada|Meowscarada, F|100/100
|turn|1
|
|t:|1758286466
|move|p1a: Sandy Shocks|Stealth Rock|p2a: Meowscarada
|-sidestart|p2: Umu Eze|move: Stealth Rock
|move|p2a: Meowscarada|U-turn|p1a: Sandy Shocks
|-start|p2a: Meowscarada|typechange|Bug|[from] ability: Protean
|-damage|p1a: Sandy Shocks|67/100
|
|t:|1758286472
|switch|p2a: Landorus|Landorus-Therian, M|100/100|[from] U-turn
|-damage|p2a: Landorus|88/100|[from] Stealth Rock
|-ability|p2a: Landorus|Intimidate|boost
|-unboost|p1a: Sandy Shocks|atk|1
|
|-heal|p2a: Landorus|94/100|[from] item: Leftovers
|upkeep
|turn|2
|
|t:|1758286477
|-end|p1a: Sandy Shocks|Protosynthesis|[silent]
|switch|p1a: Hatterene|Hatterene, F|100/100
|move|p2a: Landorus|Stealth Rock|p1a: Hatterene
|move|p1a: Hatterene|Stealth Rock||[from] ability: Magic Bounce|[still]
|-fail|p1a: Hatterene
|
|-heal|p2a: Landorus|99/100|[from] item: Leftovers
|upkeep
|turn|3
|
|t:|1758286486
|move|p2a: Landorus|U-turn|p1a: Hatterene
|-damage|p1a: Hatterene|72/100
|-enditem|p1a: Hatterene|Eject Button
|
|t:|1758286489
|switch|p1a: Araquanid|Araquanid, F, shiny|100/100
|
|-heal|p2a: Landorus|100/100|[from] item: Leftovers
|upkeep
|turn|4
|inactive|Umu Eze has 120 seconds left.
|
|t:|1758286536
|switch|p2a: Meowscarada|Meowscarada, F|100/100
|-damage|p2a: Meowscarada|88/100|[from] Stealth Rock
|move|p1a: Araquanid|Sticky Web|p2a: Meowscarada
|-sidestart|p2: Umu Eze|move: Sticky Web
|
|upkeep
|turn|5
|
|t:|1758286543
|move|p2a: Meowscarada|Trick|p1a: Araquanid
|-start|p2a: Meowscarada|typechange|Psychic|[from] ability: Protean
|-activate|p2a: Meowscarada|move: Trick|[of] p1a: Araquanid
|-enditem|p1a: Araquanid|Focus Sash|[silent]|[from] move: Trick
|-item|p2a: Meowscarada|Focus Sash|[from] move: Trick
|move|p1a: Araquanid|Endeavor|p2a: Meowscarada
|-immune|p2a: Meowscarada
|
|upkeep
|turn|6
|
|t:|1758286560
|move|p2a: Meowscarada|U-turn|p1a: Araquanid
|-damage|p1a: Araquanid|77/100
|inactive|Umu Eze has 90 seconds left.
|
|t:|1758286591
|switch|p2a: Skeledirge|Skeledirge, M|100/100|[from] U-turn
|move|p1a: Araquanid|Hydro Pump|p2a: Skeledirge
|-supereffective|p2a: Skeledirge
|-damage|p2a: Skeledirge|12/100
|
|upkeep
|turn|7
|inactive|Umu Eze has 90 seconds left.
|
|t:|1758286603
|switch|p1a: Politoed|Politoed, F, shiny|100/100
|-weather|RainDance|[from] ability: Drizzle|[of] p1a: Politoed
|move|p2a: Skeledirge|Slack Off|p2a: Skeledirge
|-heal|p2a: Skeledirge|63/100
|
|-weather|RainDance|[upkeep]
|upkeep
|turn|8
|inactive|Umu Eze has 90 seconds left.
|
|t:|1758286616
|switch|p2a: Alomomola|Alomomola, F, shiny|100/100
|-damage|p2a: Alomomola|88/100|[from] Stealth Rock
|-activate|p2a: Alomomola|move: Sticky Web
|-unboost|p2a: Alomomola|spe|1
|move|p1a: Politoed|Weather Ball|p2a: Alomomola
|-resisted|p2a: Alomomola
|-damage|p2a: Alomomola|46/100
|
|-weather|RainDance|[upkeep]
|upkeep
|turn|9
|
|t:|1758286626
|switch|p1a: Braviary|Braviary-Hisui, M|100/100
|move|p2a: Alomomola|Protect||[still]
|-fail|p2a: Alomomola
|
|-weather|RainDance|[upkeep]
|upkeep
|turn|10
|
|t:|1758286642
|move|p1a: Braviary|Hurricane|p2a: Alomomola
|-damage|p2a: Alomomola|0 fnt
|faint|p2a: Alomomola
|
|-weather|RainDance|[upkeep]
|upkeep
|inactive|Umu Eze has 90 seconds left.
|
|t:|1758286657
|switch|p2a: Landorus|Landorus-Therian, M|100/100
|-damage|p2a: Landorus|88/100|[from] Stealth Rock
|-ability|p2a: Landorus|Intimidate|boost
|-unboost|p1a: Braviary|atk|1
|turn|11
|
|t:|1758286662
|move|p2a: Landorus|Stone Edge|p1a: Braviary
|-supereffective|p1a: Braviary
|-damage|p1a: Braviary|2/100
|move|p1a: Braviary|Hurricane|p2a: Landorus
|-crit|p2a: Landorus
|-damage|p2a: Landorus|0 fnt
|faint|p2a: Landorus
|
|-weather|RainDance|[upkeep]
|upkeep
|inactive|Umu Eze has 90 seconds left.
|
|t:|1758286679
|switch|p2a: Meowscarada|Meowscarada, F|88/100
|-damage|p2a: Meowscarada|76/100|[from] Stealth Rock
|-activate|p2a: Meowscarada|move: Sticky Web
|-unboost|p2a: Meowscarada|spe|1
|turn|12
|inactive|Umu Eze has 90 seconds left.
|
|t:|1758286687
|move|p2a: Meowscarada|U-turn|p1a: Braviary
|-start|p2a: Meowscarada|typechange|Bug|[from] ability: Protean
|-damage|p1a: Braviary|0 fnt
|faint|p1a: Braviary
|inactive|Umu Eze has 90 seconds left.
|
|t:|1758286701
|switch|p2a: Slowking|Slowking-Galar, M|100/100|[from] U-turn
|-damage|p2a: Slowking|88/100|[from] Stealth Rock
|-activate|p2a: Slowking|move: Sticky Web
|-unboost|p2a: Slowking|spe|1
|
|-weather|RainDance|[upkeep]
|-heal|p2a: Slowking|94/100|[from] item: Black Sludge
|upkeep
|
|t:|1758286703
|switch|p1a: Corviknight|Corviknight, M, shiny|100/100
|turn|13
|
|t:|1758286707
|move|p1a: Corviknight|Bulk Up|p1a: Corviknight
|-boost|p1a: Corviknight|atk|1
|-boost|p1a: Corviknight|def|1
|move|p2a: Slowking|Future Sight|p1a: Corviknight
|-start|p2a: Slowking|move: Future Sight
|
|-weather|RainDance|[upkeep]
|-heal|p2a: Slowking|99/100|[from] item: Black Sludge
|upkeep
|turn|14
|
|t:|1758286711
|move|p1a: Corviknight|Bulk Up|p1a: Corviknight
|-boost|p1a: Corviknight|atk|1
|-boost|p1a: Corviknight|def|1
|-prepare|p2a: Slowking|Chilly Reception|[premajor]
|move|p2a: Slowking|Chilly Reception|p2a: Slowking
|-weather|Snowscape
|
|t:|1758286713
|switch|p2a: Skeledirge|Skeledirge, M|63/100|[from] Chilly Reception
|
|-weather|Snowscape|[upkeep]
|upkeep
|turn|15
|
|t:|1758286718
|-terastallize|p1a: Corviknight|Dark
|move|p1a: Corviknight|Power Trip|p2a: Skeledirge
|-supereffective|p2a: Skeledirge
|-damage|p2a: Skeledirge|12/100
|move|p2a: Skeledirge|Torch Song|p1a: Corviknight
|-damage|p1a: Corviknight|78/100
|-boost|p2a: Skeledirge|spa|1
|
|-weather|Snowscape|[upkeep]
|-end|p1a: Corviknight|move: Future Sight
|-immune|p1a: Corviknight
|upkeep
|turn|16
|
|t:|1758286726
|move|p1a: Corviknight|Power Trip|p2a: Skeledirge
|-supereffective|p2a: Skeledirge
|-damage|p2a: Skeledirge|0 fnt
|faint|p2a: Skeledirge
|
|-weather|Snowscape|[upkeep]
|upkeep
|
|t:|1758286731
|switch|p2a: Meowscarada|Meowscarada, F|76/100
|-damage|p2a: Meowscarada|64/100|[from] Stealth Rock
|-activate|p2a: Meowscarada|move: Sticky Web
|-unboost|p2a: Meowscarada|spe|1
|turn|17
|
|t:|1758286735
|move|p2a: Meowscarada|Low Kick|p1a: Corviknight
|-start|p2a: Meowscarada|typechange|Fighting|[from] ability: Protean
|-supereffective|p1a: Corviknight
|-damage|p1a: Corviknight|45/100
|move|p1a: Corviknight|Roost|p1a: Corviknight
|-heal|p1a: Corviknight|95/100
|
|-weather|Snowscape|[upkeep]
|upkeep
|turn|18
|
|t:|1758286743
|move|p2a: Meowscarada|Low Kick|p1a: Corviknight
|-supereffective|p1a: Corviknight
|-crit|p1a: Corviknight
|-damage|p1a: Corviknight|5/100
|move|p1a: Corviknight|Bulk Up|p1a: Corviknight
|-boost|p1a: Corviknight|atk|1
|-boost|p1a: Corviknight|def|1
|
|-weather|none
|upkeep
|turn|19
|
|t:|1758286746
|move|p2a: Meowscarada|Low Kick|p1a: Corviknight
|-supereffective|p1a: Corviknight
|-damage|p1a: Corviknight|0 fnt
|faint|p1a: Corviknight
|
|upkeep
|
|t:|1758286752
|switch|p1a: Politoed|Politoed, F, shiny|100/100
|-weather|RainDance|[from] ability: Drizzle|[of] p1a: Politoed
|turn|20
|
|t:|1758286764
|switch|p2a: Slowking|Slowking-Galar, M|100/100
|-damage|p2a: Slowking|88/100|[from] Stealth Rock
|-activate|p2a: Slowking|move: Sticky Web
|-unboost|p2a: Slowking|spe|1
|move|p1a: Politoed|Weather Ball|p2a: Slowking
|-damage|p2a: Slowking|34/100
|
|-weather|RainDance|[upkeep]
|-heal|p2a: Slowking|40/100|[from] item: Black Sludge
|upkeep
|turn|21
|
|t:|1758286771
|switch|p2a: Meowscarada|Meowscarada, F|64/100
|-damage|p2a: Meowscarada|51/100|[from] Stealth Rock
|-activate|p2a: Meowscarada|move: Sticky Web
|-unboost|p2a: Meowscarada|spe|1
|move|p1a: Politoed|Weather Ball|p2a: Meowscarada
|-resisted|p2a: Meowscarada
|-damage|p2a: Meowscarada|0 fnt
|faint|p2a: Meowscarada
|
|-weather|RainDance|[upkeep]
|upkeep
|inactive|Umu Eze has 120 seconds left.
|
|t:|1758286808
|switch|p2a: Slowking|Slowking-Galar, M|73/100
|-damage|p2a: Slowking|61/100|[from] Stealth Rock
|-activate|p2a: Slowking|move: Sticky Web
|-unboost|p2a: Slowking|spe|1
|turn|22
|
|t:|1758286819
|move|p1a: Politoed|Weather Ball|p2a: Slowking
|-crit|p2a: Slowking
|-damage|p2a: Slowking|0 fnt
|faint|p2a: Slowking
|
|-weather|RainDance|[upkeep]
|upkeep
|
|t:|1758286822
|switch|p2a: Kyurem|Kyurem|100/100
|-damage|p2a: Kyurem|76/100|[from] Stealth Rock
|-activate|p2a: Kyurem|move: Sticky Web
|-unboost|p2a: Kyurem|spe|1
|-ability|p2a: Kyurem|Pressure
|turn|23
|
|t:|1758286824
|move|p2a: Kyurem|Dragon Dance|p2a: Kyurem
|-boost|p2a: Kyurem|atk|1
|-boost|p2a: Kyurem|spe|1
|move|p1a: Politoed|Focus Blast|p2a: Kyurem
|-supereffective|p2a: Kyurem
|-damage|p2a: Kyurem|4/100
|
|-weather|RainDance|[upkeep]
|upkeep
|turn|24
|
|t:|1758286829
|move|p2a: Kyurem|Scale Shot|p1a: Politoed
|-damage|p1a: Politoed|76/100
|-damage|p1a: Politoed|53/100
|-damage|p1a: Politoed|27/100
|-damage|p1a: Politoed|1/100
|-damage|p1a: Politoed|0 fnt
|faint|p1a: Politoed
|-hitcount|p1: Politoed|5
|-unboost|p2a: Kyurem|def|1
|-boost|p2a: Kyurem|spe|1
|
|-weather|RainDance|[upkeep]
|upkeep
|
|t:|1758286839
|switch|p1a: Sandy Shocks|Sandy Shocks|67/100
|turn|25
|
|t:|1758286845
|move|p1a: Sandy Shocks|Volt Switch|p2a: Kyurem
|-resisted|p2a: Kyurem
|-damage|p2a: Kyurem|0 fnt
|faint|p2a: Kyurem
|
|win|Wiz.mii
|raw|Wiz.mii's rating: 1222 &rarr; <strong>1246</strong><br />(+24 for winning)
|raw|Umu Eze's rating: 1214 &rarr; <strong>1190</strong><br />(-24 for losing)
|l|☆Umu Eze
|player|p2|
|l|☆Wiz.mii
|player|p1|
