|j|☆Omega Principle
|j|☆boldenhauer
|t:|1758230888
|gametype|singles
|player|p1|Omega Principle|lucas|1355
|player|p2|boldenhauer|101|1346
|gen|9
|tier|[Gen 9] OU
|rated|
|rule|HP Percentage Mod: HP is shown in percentages
|rule|Endless Battle Clause: Forcing endless battles is banned
|rule|Species Clause: Limit one of each Pokémon
|rule|OHKO Clause: OHKO moves are banned
|rule|Evasion Items Clause: Evasion items are banned
|rule|Evasion Moves Clause: Evasion moves are banned
|rule|Evasion Abilities Clause: Evasion abilities are banned
|rule|Sleep Moves Clause: Sleep-inducing moves are banned
|clearpoke
|poke|p1|Ribombee, F|
|poke|p1|Gholdengo|
|poke|p1|Dragapult, M|
|poke|p1|Ogerpon-Wellspring, F|
|poke|p1|Great Tusk|
|poke|p1|Volbeat, M|
|poke|p2|Ogerpon-Wellspring, F|
|poke|p2|Moltres|
|poke|p2|Malamar, M|
|poke|p2|Dragapult, F|
|poke|p2|Spidops, M|
|poke|p2|Empoleon, M|
|teampreview
|inactive|Battle timer is ON: inactive players will automatically lose when time's up. (requested by Omega Principle)
|inactive|boldenhauer has 120 seconds left.
|
|t:|1758230953
|teamsize|p1|6
|teamsize|p2|6
|start
|switch|p1a: Dragapult|Dragapult, M|100/100
|switch|p2a: Spidops|Spidops, M|100/100
|turn|1
|
|t:|1758230980
|move|p1a: Dragapult|Dragon Darts|p2a: Spidops
|-damage|p2a: Spidops|66/100
|-anim|p1a: Dragapult|Dragon Darts|p2a: Spidops
|-damage|p2a: Spidops|35/100
|move|p2a: Spidops|Sticky Web|p1a: Dragapult
|-sidestart|p1: Omega Principle|move: Sticky Web
|
|upkeep
|turn|2
|
|t:|1758230990
|move|p1a: Dragapult|Dragon Darts|p2a: Spidops
|-damage|p2a: Spidops|1/100
|-anim|p1a: Dragapult|Dragon Darts|p2a: Spidops
|-damage|p2a: Spidops|0 fnt
|faint|p2a: Spidops
|
|upkeep
|
|t:|1758230992
|switch|p2a: Empoleon|Empoleon, M|100/100
|turn|3
|
|t:|1758231004
|switch|p1a: Ogerpon|Ogerpon-Wellspring, F|100/100
|-activate|p1a: Ogerpon|move: Sticky Web
|-unboost|p1a: Ogerpon|spe|1
|move|p2a: Empoleon|Stealth Rock|p1a: Ogerpon
|-sidestart|p1: Omega Principle|move: Stealth Rock
|
|upkeep
|turn|4
|
|t:|1758231014
|switch|p2a: Dragapult|Dragapult, F|100/100
|move|p1a: Ogerpon|Swords Dance|p1a: Ogerpon
|-boost|p1a: Ogerpon|atk|2
|
|upkeep
|turn|5
|
|t:|1758231019
|move|p2a: Dragapult|Thunder Wave|p1a: Ogerpon
|-status|p1a: Ogerpon|par
|move|p1a: Ogerpon|Knock Off|p2a: Dragapult
|-supereffective|p2a: Dragapult
|-damage|p2a: Dragapult|0 fnt
|-enditem|p2a: Dragapult|Heavy-Duty Boots|[from] move: Knock Off|[of] p1a: Ogerpon
|faint|p2a: Dragapult
|
|upkeep
|
|t:|1758231026
|switch|p2a: Malamar|Malamar, M|100/100
|turn|6
|
|t:|1758231035
|move|p2a: Malamar|Substitute|p2a: Malamar
|-start|p2a: Malamar|Substitute
|-damage|p2a: Malamar|75/100
|move|p1a: Ogerpon|Ivy Cudgel|p2a: Malamar|[anim] Ivy Cudgel Water
|-end|p2a: Malamar|Substitute
|
|-heal|p2a: Malamar|82/100|[from] item: Leftovers
|upkeep
|turn|7
|
|t:|1758231046
|switch|p1a: Great Tusk|Great Tusk|100/100
|-activate|p1a: Great Tusk|move: Sticky Web
|-unboost|p1a: Great Tusk|spe|1
|-damage|p1a: Great Tusk|98/100|[from] Stealth Rock
|move|p2a: Malamar|Disable||[still]
|-fail|p2a: Malamar
|
|-heal|p2a: Malamar|88/100|[from] item: Leftovers
|upkeep
|turn|8
|
|t:|1758231057
|move|p2a: Malamar|Superpower|p1a: Great Tusk
|-damage|p1a: Great Tusk|77/100
|-boost|p2a: Malamar|atk|1
|-boost|p2a: Malamar|def|1
|move|p1a: Great Tusk|Rapid Spin|p2a: Malamar
|-damage|p2a: Malamar|75/100
|-boost|p1a: Great Tusk|spe|1
|-sideend|p1: Omega Principle|Stealth Rock|[from] move: Rapid Spin|[of] p1a: Great Tusk
|-sideend|p1: Omega Principle|Sticky Web|[from] move: Rapid Spin|[of] p1a: Great Tusk
|
|-heal|p2a: Malamar|82/100|[from] item: Leftovers
|upkeep
|turn|9
|
|t:|1758231077
|-end|p1a: Great Tusk|Protosynthesis|[silent]
|switch|p1a: Gholdengo|Gholdengo|100/100
|move|p2a: Malamar|Substitute|p2a: Malamar
|-start|p2a: Malamar|Substitute
|-damage|p2a: Malamar|57/100
|
|-heal|p2a: Malamar|63/100|[from] item: Leftovers
|upkeep
|turn|10
|
|t:|1758231084
|move|p1a: Gholdengo|Shadow Ball|p2a: Malamar
|-end|p2a: Malamar|Substitute
|move|p2a: Malamar|Knock Off|p1a: Gholdengo
|-supereffective|p1a: Gholdengo
|-damage|p1a: Gholdengo|0 fnt
|-enditem|p1a: Gholdengo|Covert Cloak|[from] move: Knock Off|[of] p2a: Malamar
|faint|p1a: Gholdengo
|
|-heal|p2a: Malamar|69/100|[from] item: Leftovers
|upkeep
|
|t:|1758231087
|switch|p1a: Dragapult|Dragapult, M|100/100
|turn|11
|
|t:|1758231113
|switch|p1a: Ogerpon|Ogerpon-Wellspring, F|100/100 par
|-terastallize|p2a: Malamar|Steel
|move|p2a: Malamar|Substitute|p2a: Malamar
|-start|p2a: Malamar|Substitute
|-damage|p2a: Malamar|44/100
|
|-heal|p2a: Malamar|50/100|[from] item: Leftovers
|upkeep
|turn|12
|
|t:|1758231122
|move|p2a: Malamar|Superpower|p1a: Ogerpon
|-damage|p1a: Ogerpon|45/100 par
|-boost|p2a: Malamar|atk|1
|-boost|p2a: Malamar|def|1
|move|p1a: Ogerpon|Ivy Cudgel|p2a: Malamar|[anim] Ivy Cudgel Water
|-end|p2a: Malamar|Substitute
|
|-heal|p2a: Malamar|56/100|[from] item: Leftovers
|upkeep
|turn|13
|
|t:|1758231138
|switch|p1a: Dragapult|Dragapult, M|100/100
|move|p2a: Malamar|Substitute|p2a: Malamar
|-start|p2a: Malamar|Substitute
|-damage|p2a: Malamar|31/100
|
|-heal|p2a: Malamar|37/100|[from] item: Leftovers
|upkeep
|turn|14
|
|t:|1758231144
|-terastallize|p1a: Dragapult|Ghost
|move|p1a: Dragapult|Tera Blast|p2a: Malamar|[anim] Tera Blast Ghost
|-damage|p2a: Malamar|0 fnt
|faint|p2a: Malamar
|
|upkeep
|
|t:|1758231151
|switch|p2a: Moltres|Moltres|100/100
|turn|15
|
|t:|1758231162
|switch|p1a: Ogerpon|Ogerpon-Wellspring, F|45/100 par
|move|p2a: Moltres|Flamethrower|p1a: Ogerpon
|-damage|p1a: Ogerpon|2/100 par
|
|upkeep
|turn|16
|
|t:|1758231167
|move|p2a: Moltres|Flamethrower|p1a: Ogerpon
|-damage|p1a: Ogerpon|0 fnt
|faint|p1a: Ogerpon
|
|upkeep
|
|t:|1758231183
|switch|p1a: Volbeat|Volbeat, M|100/100
|turn|17
|
|t:|1758231212
|move|p1a: Volbeat|Light Screen|p1a: Volbeat
|-sidestart|p1: Omega Principle|move: Light Screen
|move|p2a: Moltres|Flamethrower|p1a: Volbeat
|-supereffective|p1a: Volbeat
|-damage|p1a: Volbeat|57/100
|
|-heal|p1a: Volbeat|63/100|[from] item: Leftovers
|upkeep
|turn|18
|
|t:|1758231224
|switch|p2a: Empoleon|Empoleon, M|100/100
|move|p1a: Volbeat|Thunder Wave|p2a: Empoleon
|-status|p2a: Empoleon|par
|
|-heal|p1a: Volbeat|69/100|[from] item: Leftovers
|upkeep
|turn|19
|
|t:|1758231229
|move|p1a: Volbeat|Taunt|p2a: Empoleon
|-start|p2a: Empoleon|move: Taunt
|cant|p2a: Empoleon|move: Taunt|Stealth Rock
|
|-heal|p1a: Volbeat|75/100|[from] item: Leftovers
|upkeep
|turn|20
|
|t:|1758231244
|move|p1a: Volbeat|U-turn|p2a: Empoleon
|-resisted|p2a: Empoleon
|-damage|p2a: Empoleon|91/100 par
|
|t:|1758231249
|switch|p1a: Dragapult|Dragapult, M, tera:Ghost|100/100|[from] U-turn
|move|p2a: Empoleon|Surf|p1a: Dragapult
|-damage|p1a: Dragapult|79/100
|
|upkeep
|turn|21
|
|t:|1758231257
|move|p1a: Dragapult|Tera Blast|p2a: Empoleon|[anim] Tera Blast Ghost
|-damage|p2a: Empoleon|14/100 par
|move|p2a: Empoleon|Flash Cannon|p1a: Dragapult
|-damage|p1a: Dragapult|60/100
|-unboost|p1a: Dragapult|spd|1
|
|-end|p2a: Empoleon|move: Taunt
|-sideend|p1: Omega Principle|move: Light Screen
|upkeep
|turn|22
|
|t:|1758231269
|move|p1a: Dragapult|Tera Blast|p2a: Empoleon|[anim] Tera Blast Ghost
|-damage|p2a: Empoleon|0 fnt
|faint|p2a: Empoleon
|
|upkeep
|
|t:|1758231275
|switch|p2a: Moltres|Moltres|100/100
|turn|23
|
|t:|1758231290
|switch|p1a: Ribombee|Ribombee, F|100/100
|move|p2a: Moltres|Flamethrower|p1a: Ribombee
|-supereffective|p1a: Ribombee
|-enditem|p1a: Ribombee|Focus Sash
|-damage|p1a: Ribombee|1/100
|
|upkeep
|turn|24
|
|t:|1758231316
|switch|p2a: Ogerpon|Ogerpon-Wellspring, F|100/100
|move|p1a: Ribombee|Moonblast|p2a: Ogerpon
|-damage|p2a: Ogerpon|53/100
|
|upkeep
|turn|25
|
|t:|1758231321
|move|p1a: Ribombee|Bug Buzz|p2a: Ogerpon
|-supereffective|p2a: Ogerpon
|-damage|p2a: Ogerpon|0 fnt
|faint|p2a: Ogerpon
|
|upkeep
|-message|boldenhauer forfeited.
|
|win|Omega Principle
|raw|Omega Principle's rating: 1355 &rarr; <strong>1376</strong><br />(+21 for winning)
|raw|boldenhauer's rating: 1381 &rarr; <strong>1360</strong><br />(-21 for losing)
|l|☆boldenhauer
|player|p2|
|l|☆Omega Principle
|player|p1|
