|j|☆Dionaeamuscipul
|j|☆wtsff一望
|t:|1758285126
|gametype|singles
|player|p1|Dionaeamuscipul|169|1272
|player|p2|wtsff一望|acetrainerf|1260
|gen|9
|tier|[Gen 9] OU
|rated|
|rule|HP Percentage Mod: HP is shown in percentages
|rule|Endless Battle Clause: Forcing endless battles is banned
|rule|Species Clause: Limit one of each Pokémon
|rule|OHKO Clause: OHKO moves are banned
|rule|Evasion Items Clause: Evasion items are banned
|rule|Evasion Moves Clause: Evasion moves are banned
|rule|Evasion Abilities Clause: Evasion abilities are banned
|rule|Sleep Moves Clause: Sleep-inducing moves are banned
|clearpoke
|poke|p1|Jumpluff, M|
|poke|p1|Yanmega, M|
|poke|p1|Darkrai|
|poke|p1|Scizor, F|
|poke|p1|Moltres|
|poke|p1|Araquanid, M|
|poke|p2|Glimmora, M|
|poke|p2|Kingambit, M|
|poke|p2|Moltres|
|poke|p2|Iron Valiant|
|poke|p2|Ogerpon-Wellspring, F|
|poke|p2|Iron Treads|
|teampreview
|inactive|Battle timer is ON: inactive players will automatically lose when time's up. (requested by wtsff一望)
|
|t:|1758285135
|teamsize|p1|6
|teamsize|p2|6
|start
|switch|p1a: Araquanid|Araquanid, M|100/100
|switch|p2a: Iron Treads|Iron Treads|100/100
|turn|1
|
|t:|1758285142
|move|p2a: Iron Treads|Volt Switch|p1a: Araquanid
|-supereffective|p1a: Araquanid
|-damage|p1a: Araquanid|73/100
|
|t:|1758285146
|-end|p2a: Iron Treads|Quark Drive|[silent]
|switch|p2a: Glimmora|Glimmora, M|100/100|[from] Volt Switch
|-item|p2a: Glimmora|Air Balloon
|move|p1a: Araquanid|Liquidation|p2a: Glimmora
|-supereffective|p2a: Glimmora
|-damage|p2a: Glimmora|0 fnt
|-enditem|p2a: Glimmora|Air Balloon
|faint|p2a: Glimmora
|
|-heal|p1a: Araquanid|79/100|[from] item: Leftovers
|upkeep
|
|t:|1758285156
|switch|p2a: Kingambit|Kingambit, M|100/100
|-activate|p2a: Kingambit|ability: Supreme Overlord
|-start|p2a: Kingambit|fallen1|[silent]
|turn|2
|
|t:|1758285161
|move|p2a: Kingambit|Swords Dance|p2a: Kingambit
|-boost|p2a: Kingambit|atk|2
|move|p1a: Araquanid|Liquidation|p2a: Kingambit
|-damage|p2a: Kingambit|52/100
|
|-heal|p1a: Araquanid|85/100|[from] item: Leftovers
|upkeep
|turn|3
|
|t:|1758285169
|-terastallize|p1a: Araquanid|Water
|move|p2a: Kingambit|Kowtow Cleave|p1a: Araquanid
|-damage|p1a: Araquanid|0 fnt
|faint|p1a: Araquanid
|
|upkeep
|
|t:|1758285181
|switch|p1a: Moltres|Moltres|100/100
|turn|4
|
|t:|1758285188
|move|p1a: Moltres|Flamethrower|p2a: Kingambit
|-supereffective|p2a: Kingambit
|-damage|p2a: Kingambit|0 fnt
|faint|p2a: Kingambit
|-end|p2a: Kingambit|fallen1|[silent]
|
|upkeep
|
|t:|1758285193
|switch|p2a: Ogerpon|Ogerpon-Wellspring, F|100/100
|turn|5
|
|t:|1758285203
|move|p2a: Ogerpon|Swords Dance|p2a: Ogerpon
|-boost|p2a: Ogerpon|atk|2
|move|p1a: Moltres|Air Slash|p2a: Ogerpon
|-supereffective|p2a: Ogerpon
|-damage|p2a: Ogerpon|6/100
|
|upkeep
|turn|6
|
|t:|1758285211
|switch|p1a: Jumpluff|Jumpluff, M|100/100
|move|p2a: Ogerpon|Ivy Cudgel|p1a: Jumpluff|[anim] Ivy Cudgel Water
|-resisted|p1a: Jumpluff
|-damage|p1a: Jumpluff|30/100
|
|upkeep
|turn|7
|
|t:|1758285219
|move|p2a: Ogerpon|Trailblaze|p1a: Jumpluff
|-resisted|p1a: Jumpluff
|-damage|p1a: Jumpluff|10/100
|-boost|p2a: Ogerpon|spe|1
|move|p1a: Jumpluff|Lunge|p2a: Ogerpon
|-supereffective|p2a: Ogerpon
|-damage|p2a: Ogerpon|0 fnt
|faint|p2a: Ogerpon
|
|upkeep
|
|t:|1758285224
|switch|p2a: Iron Treads|Iron Treads|100/100
|turn|8
|
|t:|1758285230
|move|p1a: Jumpluff|Stun Spore|p2a: Iron Treads
|-status|p2a: Iron Treads|par
|move|p2a: Iron Treads|Rapid Spin|p1a: Jumpluff
|-damage|p1a: Jumpluff|0 fnt
|-boost|p2a: Iron Treads|spe|1
|faint|p1a: Jumpluff
|
|upkeep
|
|t:|1758285240
|switch|p1a: Moltres|Moltres|100/100
|turn|9
|
|t:|1758285243
|move|p2a: Iron Treads|Volt Switch|p1a: Moltres
|-supereffective|p1a: Moltres
|-damage|p1a: Moltres|68/100
|
|t:|1758285245
|-end|p2a: Iron Treads|Quark Drive|[silent]
|switch|p2a: Moltres|Moltres|100/100|[from] Volt Switch
|move|p1a: Moltres|Flamethrower|p2a: Moltres
|-resisted|p2a: Moltres
|-damage|p2a: Moltres|74/100
|
|upkeep
|turn|10
|
|t:|1758285253
|move|p2a: Moltres|U-turn|p1a: Moltres
|-resisted|p1a: Moltres
|-damage|p1a: Moltres|64/100
|
|t:|1758285256
|switch|p2a: Iron Treads|Iron Treads|100/100 par|[from] U-turn
|move|p1a: Moltres|Tailwind|p1a: Moltres
|-sidestart|p1: Dionaeamuscipul|move: Tailwind
|
|upkeep
|turn|11
|
|t:|1758285264
|move|p1a: Moltres|Flamethrower|p2a: Iron Treads
|-supereffective|p2a: Iron Treads
|-damage|p2a: Iron Treads|0 fnt
|faint|p2a: Iron Treads
|-end|p2a: Iron Treads|Quark Drive|[silent]
|
|upkeep
|
|t:|1758285267
|switch|p2a: Iron Valiant|Iron Valiant|100/100
|-enditem|p2a: Iron Valiant|Booster Energy
|-activate|p2a: Iron Valiant|ability: Quark Drive|[fromitem]
|-start|p2a: Iron Valiant|quarkdrivespe
|turn|12
|
|t:|1758285274
|move|p2a: Iron Valiant|Thunderbolt|p1a: Moltres
|-supereffective|p1a: Moltres
|-damage|p1a: Moltres|3/100
|move|p1a: Moltres|Air Slash|p2a: Iron Valiant
|-supereffective|p2a: Iron Valiant
|-damage|p2a: Iron Valiant|0 fnt
|faint|p2a: Iron Valiant
|-end|p2a: Iron Valiant|Quark Drive|[silent]
|
|upkeep
|
|t:|1758285277
|switch|p2a: Moltres|Moltres|74/100
|turn|13
|-message|wtsff一望 forfeited.
|
|win|Dionaeamuscipul
|raw|Dionaeamuscipul's rating: 1272 &rarr; <strong>1296</strong><br />(+24 for winning)
|raw|wtsff一望's rating: 1260 &rarr; <strong>1236</strong><br />(-24 for losing)
|l|☆wtsff一望
|player|p2|
|l|☆Dionaeamuscipul
|player|p1|
