|j|☆crashbuster
|j|☆Mihawk222024
|t:|1758372027
|gametype|singles
|player|p1|crashbuster|brycenman|1090
|player|p2|Mihawk222024|1|1126
|gen|9
|tier|[Gen 9] OU
|rated|
|rule|HP Percentage Mod: HP is shown in percentages
|rule|Endless Battle Clause: Forcing endless battles is banned
|rule|Species Clause: Limit one of each Pokémon
|rule|OHKO Clause: OHKO moves are banned
|rule|Evasion Items Clause: Evasion items are banned
|rule|Evasion Moves Clause: Evasion moves are banned
|rule|Evasion Abilities Clause: Evasion abilities are banned
|rule|Sleep Moves Clause: Sleep-inducing moves are banned
|clearpoke
|poke|p1|Moltres-Galar|
|poke|p1|Articuno-Galar|
|poke|p1|Zapdos-Galar|
|poke|p1|Bellibolt, F|
|poke|p1|Sceptile, F|
|poke|p1|Corviknight, F|
|poke|p2|Dragonite, F|
|poke|p2|Goodra, F|
|poke|p2|Gengar, F|
|poke|p2|Meowscarada, F|
|poke|p2|Corviknight, M|
|poke|p2|Zamazenta-*|
|teampreview
|
|t:|1758372036
|teamsize|p1|6
|teamsize|p2|6
|start
|switch|p1a: Sceptile|Sceptile, F|100/100
|switch|p2a: Gengar|Gengar, F|100/100
|turn|1
|
|t:|1758372044
|-terastallize|p1a: Sceptile|Stellar
|move|p2a: Gengar|Sludge Wave|p1a: Sceptile
|-supereffective|p1a: Sceptile
|-damage|p1a: Sceptile|0 fnt
|faint|p1a: Sceptile
|-damage|p2a: Gengar|91/100|[from] item: Life Orb
|
|upkeep
|
|t:|1758372069
|switch|p1a: Corviknight|Corviknight, F|100/100
|turn|2
|
|t:|1758372073
|move|p2a: Gengar|Thunderbolt|p1a: Corviknight
|-supereffective|p1a: Corviknight
|-damage|p1a: Corviknight|30/100
|-enditem|p1a: Corviknight|Weakness Policy
|-boost|p1a: Corviknight|atk|2|[from] item: Weakness Policy
|-boost|p1a: Corviknight|spa|2|[from] item: Weakness Policy
|-damage|p2a: Gengar|81/100|[from] item: Life Orb
|move|p1a: Corviknight|Agility|p1a: Corviknight
|-boost|p1a: Corviknight|spe|2
|
|upkeep
|turn|3
|
|t:|1758372087
|move|p1a: Corviknight|Power Trip|p2a: Gengar
|-supereffective|p2a: Gengar
|-damage|p2a: Gengar|0 fnt
|faint|p2a: Gengar
|
|upkeep
|
|t:|1758372107
|switch|p2a: Zamazenta|Zamazenta|100/100
|-ability|p2a: Zamazenta|Dauntless Shield|boost
|-boost|p2a: Zamazenta|def|1
|turn|4
|
|t:|1758372118
|move|p1a: Corviknight|Bulk Up|p1a: Corviknight
|-boost|p1a: Corviknight|atk|1
|-boost|p1a: Corviknight|def|1
|move|p2a: Zamazenta|Close Combat|p1a: Corviknight
|-damage|p1a: Corviknight|0 fnt
|-unboost|p2a: Zamazenta|def|1
|-unboost|p2a: Zamazenta|spd|1
|faint|p1a: Corviknight
|
|upkeep
|
|t:|1758372129
|switch|p1a: Bellibolt|Bellibolt, F|100/100
|turn|5
|
|t:|1758372134
|switch|p2a: Goodra|Goodra, F|100/100
|move|p1a: Bellibolt|Parabolic Charge|p2a: Goodra
|-resisted|p2a: Goodra
|-damage|p2a: Goodra|96/100
|
|upkeep
|turn|6
|
|t:|1758372143
|move|p2a: Goodra|Sludge Wave|p1a: Bellibolt
|-damage|p1a: Bellibolt|85/100
|-start|p1a: Bellibolt|Charge|Sludge Wave|[from] ability: Electromorphosis
|move|p1a: Bellibolt|Acid Spray|p2a: Goodra
|-damage|p2a: Goodra|91/100
|-unboost|p2a: Goodra|spd|2
|
|upkeep
|turn|7
|
|t:|1758372156
|move|p2a: Goodra|Sludge Wave|p1a: Bellibolt
|-crit|p1a: Bellibolt
|-damage|p1a: Bellibolt|61/100
|-start|p1a: Bellibolt|Charge|Sludge Wave|[from] ability: Electromorphosis
|move|p1a: Bellibolt|Acid Spray|p2a: Goodra
|-damage|p2a: Goodra|83/100
|-unboost|p2a: Goodra|spd|2
|
|upkeep
|turn|8
|
|t:|1758372171
|switch|p2a: Dragonite|Dragonite, F|100/100
|move|p1a: Bellibolt|Parabolic Charge|p2a: Dragonite
|-damage|p2a: Dragonite|68/100
|-heal|p1a: Bellibolt|76/100|[from] drain|[of] p2a: Dragonite
|-end|p1a: Bellibolt|Charge|[silent]
|
|upkeep
|turn|9
|
|t:|1758372179
|move|p2a: Dragonite|Dragon Dance|p2a: Dragonite
|-boost|p2a: Dragonite|atk|1
|-boost|p2a: Dragonite|spe|1
|move|p1a: Bellibolt|Parabolic Charge|p2a: Dragonite
|-crit|p2a: Dragonite
|-damage|p2a: Dragonite|15/100
|-heal|p1a: Bellibolt|99/100|[from] drain|[of] p2a: Dragonite
|
|upkeep
|turn|10
|
|t:|1758372189
|move|p1a: Bellibolt|Sucker Punch|p2a: Dragonite
|-damage|p2a: Dragonite|2/100
|move|p2a: Dragonite|Earthquake|p1a: Bellibolt
|-supereffective|p1a: Bellibolt
|-damage|p1a: Bellibolt|0 fnt
|faint|p1a: Bellibolt
|
|upkeep
|
|t:|1758372198
|switch|p1a: Zapdos|Zapdos-Galar, shiny|100/100
|turn|11
|
|t:|1758372208
|move|p2a: Dragonite|Ice Spinner|p1a: Zapdos
|-supereffective|p1a: Zapdos
|-damage|p1a: Zapdos|0 fnt
|faint|p1a: Zapdos
|
|upkeep
|-message|crashbuster forfeited.
|
|win|Mihawk222024
|raw|crashbuster's rating: 1090 &rarr; <strong>1069</strong><br />(-21 for losing)
|raw|Mihawk222024's rating: 1126 &rarr; <strong>1148</strong><br />(+22 for winning)
|l|☆crashbuster
|player|p1|
|l|☆Mihawk222024
|player|p2|
