|j|☆A9MG
|j|☆srah89
|t:|1758328882
|gametype|singles
|player|p1|A9MG|nurseryaide|1353
|player|p2|srah89|bruno|1330
|gen|9
|tier|[Gen 9] OU
|rated|
|rule|HP Percentage Mod: HP is shown in percentages
|rule|Endless Battle Clause: Forcing endless battles is banned
|rule|Species Clause: Limit one of each Pokémon
|rule|OHKO Clause: OHKO moves are banned
|rule|Evasion Items Clause: Evasion items are banned
|rule|Evasion Moves Clause: Evasion moves are banned
|rule|Evasion Abilities Clause: Evasion abilities are banned
|rule|Sleep Moves Clause: Sleep-inducing moves are banned
|clearpoke
|poke|p1|Azumarill, F|
|poke|p1|Great Tusk|
|poke|p1|Iron Moth|
|poke|p1|Iron Valiant|
|poke|p1|Landorus-Therian, M|
|poke|p1|Zarude|
|poke|p2|Clodsire, M|
|poke|p2|Skeledirge, F|
|poke|p2|Ting-Lu|
|poke|p2|Alomomola, F|
|poke|p2|Clefable, M|
|poke|p2|Corviknight, F|
|teampreview
|inactive|Battle timer is ON: inactive players will automatically lose when time's up. (requested by A9MG)
|inactive|srah89 has 120 seconds left.
|
|t:|1758328922
|teamsize|p1|6
|teamsize|p2|6
|start
|switch|p1a: Zarude|Zarude|100/100
|switch|p2a: Skeledirge|Skeledirge, F|100/100
|turn|1
|
|t:|1758328927
|move|p1a: Zarude|Knock Off|p2a: Skeledirge
|-supereffective|p2a: Skeledirge
|-damage|p2a: Skeledirge|15/100
|-enditem|p2a: Skeledirge|Heavy-Duty Boots|[from] move: Knock Off|[of] p1a: Zarude
|move|p2a: Skeledirge|Will-O-Wisp|p1a: Zarude
|-status|p1a: Zarude|brn
|
|-damage|p1a: Zarude|94/100 brn|[from] brn
|upkeep
|turn|2
|
|t:|1758328949
|switch|p2a: Ting-Lu|Ting-Lu|100/100
|-ability|p2a: Ting-Lu|Vessel of Ruin
|move|p1a: Zarude|Knock Off|p2a: Ting-Lu
|-resisted|p2a: Ting-Lu
|-damage|p2a: Ting-Lu|94/100
|-enditem|p2a: Ting-Lu|Leftovers|[from] move: Knock Off|[of] p1a: Zarude
|
|-damage|p1a: Zarude|88/100 brn|[from] brn
|upkeep
|turn|3
|
|t:|1758328959
|move|p1a: Zarude|U-turn|p2a: Ting-Lu
|-supereffective|p2a: Ting-Lu
|-damage|p2a: Ting-Lu|80/100
|
|t:|1758328963
|switch|p1a: Azumarill|Azumarill, F|100/100|[from] U-turn
|move|p2a: Ting-Lu|Earthquake|p1a: Azumarill
|-damage|p1a: Azumarill|55/100
|
|upkeep
|turn|4
|
|t:|1758328980
|switch|p2a: Alomomola|Alomomola, F|100/100
|move|p1a: Azumarill|Liquidation|p2a: Alomomola
|-resisted|p2a: Alomomola
|-damage|p2a: Alomomola|75/100
|
|upkeep
|turn|5
|
|t:|1758328987
|switch|p1a: Zarude|Zarude|88/100 brn
|move|p2a: Alomomola|Scald|p1a: Zarude
|-resisted|p1a: Zarude
|-damage|p1a: Zarude|85/100 brn
|
|-damage|p1a: Zarude|79/100 brn|[from] brn
|upkeep
|turn|6
|
|t:|1758328994
|switch|p2a: Corviknight|Corviknight, F|100/100
|-ability|p2a: Corviknight|Pressure
|move|p1a: Zarude|Knock Off|p2a: Corviknight
|-damage|p2a: Corviknight|85/100
|-enditem|p2a: Corviknight|Leftovers|[from] move: Knock Off|[of] p1a: Zarude
|
|-damage|p1a: Zarude|73/100 brn|[from] brn
|upkeep
|turn|7
|
|t:|1758329004
|move|p1a: Zarude|U-turn|p2a: Corviknight
|-resisted|p2a: Corviknight
|-damage|p2a: Corviknight|83/100
|
|t:|1758329007
|switch|p1a: Landorus|Landorus-Therian, M|100/100|[from] U-turn
|-ability|p1a: Landorus|Intimidate|boost
|-unboost|p2a: Corviknight|atk|1
|move|p2a: Corviknight|U-turn|p1a: Landorus
|-resisted|p1a: Landorus
|-damage|p1a: Landorus|96/100
|-damage|p2a: Corviknight|66/100|[from] item: Rocky Helmet|[of] p1a: Landorus
|
|t:|1758329018
|switch|p2a: Ting-Lu|Ting-Lu|80/100|[from] U-turn
|-ability|p2a: Ting-Lu|Vessel of Ruin
|
|upkeep
|turn|8
|
|t:|1758329023
|move|p1a: Landorus|Taunt|p2a: Ting-Lu
|-start|p2a: Ting-Lu|move: Taunt
|move|p2a: Ting-Lu|Payback|p1a: Landorus
|-damage|p1a: Landorus|59/100
|-damage|p2a: Ting-Lu|63/100|[from] item: Rocky Helmet|[of] p1a: Landorus
|
|upkeep
|turn|9
|
|t:|1758329030
|move|p1a: Landorus|Stealth Rock|p2a: Ting-Lu
|-sidestart|p2: srah89|move: Stealth Rock
|move|p2a: Ting-Lu|Payback|p1a: Landorus
|-damage|p1a: Landorus|20/100
|-damage|p2a: Ting-Lu|47/100|[from] item: Rocky Helmet|[of] p1a: Landorus
|
|upkeep
|turn|10
|
|t:|1758329036
|move|p1a: Landorus|Earth Power|p2a: Ting-Lu
|-damage|p2a: Ting-Lu|30/100
|move|p2a: Ting-Lu|Earthquake|p1a: Landorus
|-immune|p1a: Landorus
|
|-end|p2a: Ting-Lu|move: Taunt
|upkeep
|turn|11
|
|t:|1758329045
|switch|p2a: Corviknight|Corviknight, F|66/100
|-damage|p2a: Corviknight|54/100|[from] Stealth Rock
|-ability|p2a: Corviknight|Pressure
|move|p1a: Landorus|Taunt|p2a: Corviknight
|-start|p2a: Corviknight|move: Taunt
|
|upkeep
|turn|12
|
|t:|1758329055
|move|p1a: Landorus|Earth Power|p2a: Corviknight
|-immune|p2a: Corviknight
|move|p2a: Corviknight|Iron Head|p1a: Landorus
|-damage|p1a: Landorus|0 fnt
|-damage|p2a: Corviknight|38/100|[from] item: Rocky Helmet|[of] p1a: Landorus
|faint|p1a: Landorus
|
|upkeep
|
|t:|1758329063
|switch|p1a: Iron Moth|Iron Moth|100/100
|-enditem|p1a: Iron Moth|Booster Energy
|-activate|p1a: Iron Moth|ability: Quark Drive|[fromitem]
|-start|p1a: Iron Moth|quarkdrivespe
|turn|13
|
|t:|1758329069
|switch|p2a: Skeledirge|Skeledirge, F|15/100
|-damage|p2a: Skeledirge|0 fnt|[from] Stealth Rock
|faint|p2a: Skeledirge
|move|p1a: Iron Moth|Fiery Dance|p2: Skeledirge|[notarget]
|-fail|p1a: Iron Moth
|
|upkeep
|
|t:|1758329075
|switch|p2a: Alomomola|Alomomola, F|100/100
|-damage|p2a: Alomomola|88/100|[from] Stealth Rock
|turn|14
|
|t:|1758329079
|-end|p1a: Iron Moth|Quark Drive|[silent]
|switch|p1a: Zarude|Zarude|73/100 brn
|move|p2a: Alomomola|Mirror Coat||[still]
|-fail|p2a: Alomomola
|
|-damage|p1a: Zarude|67/100 brn|[from] brn
|upkeep
|turn|15
|
|t:|1758329094
|switch|p2a: Corviknight|Corviknight, F|38/100
|-damage|p2a: Corviknight|25/100|[from] Stealth Rock
|-ability|p2a: Corviknight|Pressure
|move|p1a: Zarude|Power Whip|p2a: Corviknight|[miss]
|-miss|p1a: Zarude|p2a: Corviknight
|
|-damage|p1a: Zarude|61/100 brn|[from] brn
|upkeep
|turn|16
|
|t:|1758329104
|move|p1a: Zarude|Close Combat|p2a: Corviknight
|-crit|p2a: Corviknight
|-damage|p2a: Corviknight|5/100
|-unboost|p1a: Zarude|def|1
|-unboost|p1a: Zarude|spd|1
|move|p2a: Corviknight|Defog|p1a: Zarude
|-unboost|p1a: Zarude|evasion|1
|-sideend|p2: srah89|Stealth Rock|[from] move: Defog|[of] p2a: Corviknight
|
|-damage|p1a: Zarude|55/100 brn|[from] brn
|upkeep
|turn|17
|
|t:|1758329114
|move|p1a: Zarude|Knock Off|p2a: Corviknight
|-damage|p2a: Corviknight|0 fnt
|faint|p2a: Corviknight
|
|-damage|p1a: Zarude|49/100 brn|[from] brn
|upkeep
|
|t:|1758329118
|switch|p2a: Ting-Lu|Ting-Lu|30/100
|-ability|p2a: Ting-Lu|Vessel of Ruin
|turn|18
|
|t:|1758329131
|move|p1a: Zarude|Close Combat|p2a: Ting-Lu
|-supereffective|p2a: Ting-Lu
|-damage|p2a: Ting-Lu|8/100
|-unboost|p1a: Zarude|def|1
|-unboost|p1a: Zarude|spd|1
|move|p2a: Ting-Lu|Rest|p2a: Ting-Lu
|-status|p2a: Ting-Lu|slp|[from] move: Rest
|-heal|p2a: Ting-Lu|100/100 slp|[silent]
|
|-damage|p1a: Zarude|43/100 brn|[from] brn
|upkeep
|turn|19
|
|t:|1758329141
|move|p1a: Zarude|U-turn|p2a: Ting-Lu
|-supereffective|p2a: Ting-Lu
|-damage|p2a: Ting-Lu|87/100 slp
|
|t:|1758329145
|switch|p1a: Azumarill|Azumarill, F|55/100|[from] U-turn
|cant|p2a: Ting-Lu|slp
|move|p2a: Ting-Lu|Sleep Talk|p2a: Ting-Lu
|move|p2a: Ting-Lu|Rest||[from] move: Sleep Talk|[still]
|-fail|p2a: Ting-Lu
|
|upkeep
|turn|20
|
|t:|1758329155
|switch|p2a: Clefable|Clefable, M|100/100
|move|p1a: Azumarill|Play Rough|p2a: Clefable
|-damage|p2a: Clefable|31/100
|
|upkeep
|turn|21
|
|t:|1758329171
|switch|p2a: Clodsire|Clodsire, M|100/100
|move|p1a: Azumarill|Play Rough|p2a: Clodsire
|-resisted|p2a: Clodsire
|-damage|p2a: Clodsire|55/100
|
|-heal|p2a: Clodsire|62/100|[from] item: Leftovers
|upkeep
|turn|22
|
|t:|1758329179
|switch|p1a: Zarude|Zarude|43/100 brn
|move|p2a: Clodsire|Toxic||[still]
|-fail|p2a: Clodsire
|
|-heal|p2a: Clodsire|68/100|[from] item: Leftovers
|-damage|p1a: Zarude|36/100 brn|[from] brn
|upkeep
|turn|23
|
|t:|1758329191
|switch|p2a: Clefable|Clefable, M|31/100
|move|p1a: Zarude|U-turn|p2a: Clefable
|-resisted|p2a: Clefable
|-damage|p2a: Clefable|26/100
|
|t:|1758329197
|switch|p1a: Iron Valiant|Iron Valiant|100/100|[from] U-turn
|
|upkeep
|turn|24
|
|t:|1758329213
|-terastallize|p2a: Clefable|Poison
|move|p1a: Iron Valiant|Moonblast|p2a: Clefable
|-resisted|p2a: Clefable
|-damage|p2a: Clefable|0 fnt
|faint|p2a: Clefable
|
|upkeep
|
|t:|1758329227
|switch|p2a: Alomomola|Alomomola, F|100/100
|turn|25
|
|t:|1758329231
|switch|p2a: Ting-Lu|Ting-Lu|87/100 slp
|-ability|p2a: Ting-Lu|Vessel of Ruin
|move|p1a: Iron Valiant|Moonblast|p2a: Ting-Lu
|-supereffective|p2a: Ting-Lu
|-damage|p2a: Ting-Lu|17/100 slp
|-unboost|p2a: Ting-Lu|spa|1
|
|upkeep
|turn|26
|
|t:|1758329240
|move|p1a: Iron Valiant|Moonblast|p2a: Ting-Lu
|-supereffective|p2a: Ting-Lu
|-damage|p2a: Ting-Lu|0 fnt
|faint|p2a: Ting-Lu
|
|upkeep
|
|t:|1758329242
|switch|p2a: Alomomola|Alomomola, F|100/100
|turn|27
|
|t:|1758329247
|move|p1a: Iron Valiant|Moonblast|p2a: Alomomola
|-damage|p2a: Alomomola|62/100
|move|p2a: Alomomola|Mirror Coat|p1a: Iron Valiant
|-damage|p1a: Iron Valiant|0 fnt
|faint|p1a: Iron Valiant
|-end|p1a: Iron Valiant|Quark Drive|[silent]
|
|upkeep
|
|t:|1758329256
|switch|p1a: Azumarill|Azumarill, F|55/100
|turn|28
|
|t:|1758329259
|switch|p2a: Clodsire|Clodsire, M|68/100
|move|p1a: Azumarill|Play Rough|p2a: Clodsire
|-resisted|p2a: Clodsire
|-damage|p2a: Clodsire|23/100
|
|-heal|p2a: Clodsire|30/100|[from] item: Leftovers
|upkeep
|turn|29
|
|t:|1758329267
|move|p1a: Azumarill|Play Rough|p2a: Clodsire
|-resisted|p2a: Clodsire
|-damage|p2a: Clodsire|0 fnt
|faint|p2a: Clodsire
|
|upkeep
|
|t:|1758329269
|switch|p2a: Alomomola|Alomomola, F|95/100
|turn|30
|
|t:|1758329274
|switch|p1a: Zarude|Zarude|36/100 brn
|move|p2a: Alomomola|Scald|p1a: Zarude
|-resisted|p1a: Zarude
|-damage|p1a: Zarude|33/100 brn
|
|-damage|p1a: Zarude|27/100 brn|[from] brn
|upkeep
|turn|31
|-message|srah89 forfeited.
|
|win|A9MG
|raw|A9MG's rating: 1353 &rarr; <strong>1372</strong><br />(+19 for winning)
|raw|srah89's rating: 1330 &rarr; <strong>1311</strong><br />(-19 for losing)
|l|☆srah89
|player|p2|
