|j|☆WaterTemples
|j|☆Gg_GoodGuy
|t:|1758238210
|gametype|singles
|player|p1|WaterTemples|youngster-gen4dp|1040
|player|p2|Gg_GoodGuy|youngster|1090
|gen|9
|tier|[Gen 9] OU
|rated|
|rule|HP Percentage Mod: HP is shown in percentages
|rule|Endless Battle Clause: Forcing endless battles is banned
|rule|Species Clause: Limit one of each Pokémon
|rule|OHKO Clause: OHKO moves are banned
|rule|Evasion Items Clause: Evasion items are banned
|rule|Evasion Moves Clause: Evasion moves are banned
|rule|Evasion Abilities Clause: Evasion abilities are banned
|rule|Sleep Moves Clause: Sleep-inducing moves are banned
|clearpoke
|poke|p1|Zapdos|
|poke|p1|Slowking-Galar, M|
|poke|p1|Jirachi|
|poke|p1|Landorus-Therian, M|
|poke|p1|Alomomola, F|
|poke|p1|Kingambit, F|
|poke|p2|Araquanid, M|
|poke|p2|Hatterene, F|
|poke|p2|Ursaluna, M|
|poke|p2|Gholdengo|
|poke|p2|Iron Hands|
|poke|p2|Hydrapple, F|
|teampreview
|
|t:|1758238247
|teamsize|p1|6
|teamsize|p2|6
|start
|switch|p1a: Jirachi|Jirachi|100/100
|switch|p2a: Araquanid|Araquanid, M|100/100
|turn|1
|
|t:|1758238257
|move|p1a: Jirachi|Substitute|p1a: Jirachi
|-start|p1a: Jirachi|Substitute
|-damage|p1a: Jirachi|76/100
|move|p2a: Araquanid|Sticky Web|p1a: Jirachi
|-sidestart|p1: WaterTemples|move: Sticky Web
|
|-heal|p1a: Jirachi|82/100|[from] item: Leftovers
|upkeep
|turn|2
|
|t:|1758238276
|move|p1a: Jirachi|Body Slam|p2a: Araquanid
|-damage|p2a: Araquanid|83/100
|-status|p2a: Araquanid|par
|-damage|p1a: Jirachi|65/100|[from] item: Rocky Helmet|[of] p2a: Araquanid
|cant|p2a: Araquanid|par
|
|-heal|p1a: Jirachi|71/100|[from] item: Leftovers
|upkeep
|turn|3
|
|t:|1758238287
|move|p1a: Jirachi|Psychic Noise|p2a: Araquanid
|-damage|p2a: Araquanid|64/100 par
|-start|p2a: Araquanid|move: Heal Block
|move|p2a: Araquanid|Liquidation|p1a: Jirachi
|-end|p1a: Jirachi|Substitute
|
|-heal|p1a: Jirachi|78/100|[from] item: Leftovers
|upkeep
|turn|4
|
|t:|1758238299
|switch|p1a: Alomomola|Alomomola, F|100/100
|move|p2a: Araquanid|Liquidation|p1a: Alomomola
|-resisted|p1a: Alomomola
|-damage|p1a: Alomomola|89/100
|
|-end|p2a: Araquanid|move: Heal Block
|upkeep
|turn|5
|l|☆Gg_GoodGuy
|player|p2|
|inactive|Battle timer is ON: inactive players will automatically lose when time's up. (requested by WaterTemples)
|j|☆Gg_GoodGuy
|inactive|Gg_GoodGuy reconnected and has 140 seconds left.
|player|p2|Gg_GoodGuy|youngster|
|
|t:|1758238343
|switch|p1a: Zapdos|Zapdos|100/100
|move|p2a: Araquanid|Leech Life|p1a: Zapdos
|-resisted|p1a: Zapdos
|-damage|p1a: Zapdos|93/100
|-heal|p2a: Araquanid|69/100 par|[from] drain|[of] p1a: Zapdos
|
|upkeep
|turn|6
|
|t:|1758238359
|switch|p2a: Hatterene|Hatterene, F|100/100
|move|p1a: Zapdos|Substitute|p1a: Zapdos
|-start|p1a: Zapdos|Substitute
|-damage|p1a: Zapdos|69/100
|
|upkeep
|turn|7
|
|t:|1758238370
|move|p1a: Zapdos|Discharge|p2a: Hatterene
|-damage|p2a: Hatterene|67/100
|move|p2a: Hatterene|Trick Room|p2a: Hatterene
|-fieldstart|move: Trick Room|[of] p2a: Hatterene
|
|upkeep
|turn|8
|
|t:|1758238377
|move|p2a: Hatterene|Draining Kiss|p1a: Zapdos
|-end|p1a: Zapdos|Substitute
|-heal|p2a: Hatterene|95/100|[from] drain|[of] p1a: Zapdos
|-damage|p2a: Hatterene|86/100|[from] item: Life Orb
|move|p1a: Zapdos|Hurricane|p2a: Hatterene|[miss]
|-miss|p1a: Zapdos|p2a: Hatterene
|
|upkeep
|turn|9
|
|t:|1758238387
|switch|p1a: Slowking|Slowking-Galar, M|100/100
|move|p2a: Hatterene|Draining Kiss|p1a: Slowking
|-resisted|p1a: Slowking
|-damage|p1a: Slowking|92/100
|-heal|p2a: Hatterene|96/100|[from] drain|[of] p1a: Slowking
|-damage|p2a: Hatterene|86/100|[from] item: Life Orb
|
|upkeep
|turn|10
|
|t:|1758238398
|-prepare|p1a: Slowking|Chilly Reception|[premajor]
|move|p1a: Slowking|Chilly Reception|p1a: Slowking
|-weather|Snowscape
|
|t:|1758238405
|switch|p1a: Alomomola|Alomomola, F|100/100|[from] Chilly Reception
|move|p2a: Hatterene|Psychic|p1a: Alomomola
|-damage|p1a: Alomomola|35/100
|-damage|p2a: Hatterene|76/100|[from] item: Life Orb
|
|-weather|Snowscape|[upkeep]
|upkeep
|turn|11
|
|t:|1758238418
|switch|p1a: Slowking|Slowking-Galar, M|100/100
|move|p2a: Hatterene|Psychic|p1a: Slowking
|-damage|p1a: Slowking|66/100
|-damage|p2a: Hatterene|67/100|[from] item: Life Orb
|
|-weather|Snowscape|[upkeep]
|-fieldend|move: Trick Room
|upkeep
|turn|12
|
|t:|1758238428
|move|p2a: Hatterene|Psychic|p1a: Slowking
|-damage|p1a: Slowking|29/100
|-damage|p2a: Hatterene|57/100|[from] item: Life Orb
|move|p1a: Slowking|Sludge Bomb|p2a: Hatterene
|-supereffective|p2a: Hatterene
|-damage|p2a: Hatterene|0 fnt
|faint|p2a: Hatterene
|
|-weather|Snowscape|[upkeep]
|upkeep
|
|t:|1758238439
|switch|p2a: Ursaluna|Ursaluna, M|100/100
|turn|13
|
|t:|1758238443
|switch|p1a: Landorus|Landorus-Therian, M|100/100
|-ability|p1a: Landorus|Intimidate|boost
|-unboost|p2a: Ursaluna|atk|1
|move|p2a: Ursaluna|Earthquake|p1a: Landorus
|-immune|p1a: Landorus
|
|-weather|Snowscape|[upkeep]
|-status|p2a: Ursaluna|brn|[from] item: Flame Orb
|upkeep
|turn|14
|
|t:|1758238459
|switch|p2a: Hydrapple|Hydrapple, F|100/100
|move|p1a: Landorus|Earth Power|p2a: Hydrapple
|-resisted|p2a: Hydrapple
|-damage|p2a: Hydrapple|85/100
|
|-weather|none
|upkeep
|turn|15
|
|t:|1758238475
|move|p1a: Landorus|U-turn|p2a: Hydrapple
|-supereffective|p2a: Hydrapple
|-damage|p2a: Hydrapple|57/100
|
|t:|1758238485
|switch|p1a: Jirachi|Jirachi|78/100|[from] U-turn
|-activate|p1a: Jirachi|move: Sticky Web
|-unboost|p1a: Jirachi|spe|1
|move|p2a: Hydrapple|Fickle Beam|p1a: Jirachi|[anim] Fickle Beam All Out
|-activate|p2a: Hydrapple|move: Fickle Beam
|-resisted|p1a: Jirachi
|-damage|p1a: Jirachi|28/100
|
|-heal|p1a: Jirachi|34/100|[from] item: Leftovers
|upkeep
|turn|16
|
|t:|1758238497
|move|p1a: Jirachi|Body Slam|p2a: Hydrapple
|-damage|p2a: Hydrapple|41/100
|-status|p2a: Hydrapple|par
|move|p2a: Hydrapple|Fickle Beam|p1a: Jirachi
|-resisted|p1a: Jirachi
|-damage|p1a: Jirachi|9/100
|
|-heal|p1a: Jirachi|15/100|[from] item: Leftovers
|upkeep
|turn|17
|
|t:|1758238508
|move|p1a: Jirachi|Iron Head|p2a: Hydrapple
|-damage|p2a: Hydrapple|21/100 par
|move|p2a: Hydrapple|Fickle Beam|p1a: Jirachi
|-resisted|p1a: Jirachi
|-damage|p1a: Jirachi|0 fnt
|faint|p1a: Jirachi
|
|upkeep
|
|t:|1758238515
|switch|p1a: Zapdos|Zapdos|69/100
|turn|18
|
|t:|1758238525
|move|p1a: Zapdos|Substitute|p1a: Zapdos
|-start|p1a: Zapdos|Substitute
|-damage|p1a: Zapdos|44/100
|move|p2a: Hydrapple|Fickle Beam|p1a: Zapdos|[anim] Fickle Beam All Out
|-activate|p2a: Hydrapple|move: Fickle Beam
|-end|p1a: Zapdos|Substitute
|
|upkeep
|turn|19
|
|t:|1758238532
|move|p1a: Zapdos|Substitute|p1a: Zapdos
|-start|p1a: Zapdos|Substitute
|-damage|p1a: Zapdos|19/100
|move|p2a: Hydrapple|Fickle Beam|p1a: Zapdos
|-end|p1a: Zapdos|Substitute
|
|upkeep
|turn|20
|
|t:|1758238545
|move|p1a: Zapdos|Roost|p1a: Zapdos
|-heal|p1a: Zapdos|69/100
|-singleturn|p1a: Zapdos|move: Roost
|move|p2a: Hydrapple|Fickle Beam|p1a: Zapdos
|-damage|p1a: Zapdos|11/100
|
|upkeep
|turn|21
|
|t:|1758238553
|move|p1a: Zapdos|Roost|p1a: Zapdos
|-heal|p1a: Zapdos|61/100
|-singleturn|p1a: Zapdos|move: Roost
|move|p2a: Hydrapple|Fickle Beam|p1a: Zapdos
|-crit|p1a: Zapdos
|-damage|p1a: Zapdos|0 fnt
|faint|p1a: Zapdos
|
|upkeep
|
|t:|1758238558
|switch|p1a: Landorus|Landorus-Therian, M|100/100
|-ability|p1a: Landorus|Intimidate|boost
|-unboost|p2a: Hydrapple|atk|1
|turn|22
|
|t:|1758238566
|move|p1a: Landorus|U-turn|p2a: Hydrapple
|-supereffective|p2a: Hydrapple
|-damage|p2a: Hydrapple|0 fnt
|faint|p2a: Hydrapple
|
|t:|1758238572
|switch|p1a: Alomomola|Alomomola, F|68/100|[from] U-turn
|
|upkeep
|
|t:|1758238577
|switch|p2a: Iron Hands|Iron Hands|100/100
|-enditem|p2a: Iron Hands|Booster Energy
|-activate|p2a: Iron Hands|ability: Quark Drive|[fromitem]
|-start|p2a: Iron Hands|quarkdriveatk
|turn|23
|
|t:|1758238589
|switch|p1a: Landorus|Landorus-Therian, M|100/100
|-ability|p1a: Landorus|Intimidate|boost
|-unboost|p2a: Iron Hands|atk|1
|move|p2a: Iron Hands|Fake Out|p1a: Landorus
|-damage|p1a: Landorus|87/100
|
|upkeep
|turn|24
|
|t:|1758238604
|switch|p1a: Alomomola|Alomomola, F|100/100
|move|p2a: Iron Hands|Ice Punch|p1a: Alomomola
|-resisted|p1a: Alomomola
|-damage|p1a: Alomomola|94/100
|
|upkeep
|turn|25
|
|t:|1758238612
|move|p2a: Iron Hands|Ice Punch|p1a: Alomomola
|-resisted|p1a: Alomomola
|-damage|p1a: Alomomola|87/100
|move|p1a: Alomomola|Flip Turn|p2a: Iron Hands
|-damage|p2a: Iron Hands|90/100
|
|t:|1758238614
|switch|p1a: Landorus|Landorus-Therian, M|87/100|[from] Flip Turn
|-ability|p1a: Landorus|Intimidate|boost
|-unboost|p2a: Iron Hands|atk|1
|
|upkeep
|turn|26
|
|t:|1758238624
|move|p1a: Landorus|U-turn|p2a: Iron Hands
|-resisted|p2a: Iron Hands
|-damage|p2a: Iron Hands|84/100
|
|t:|1758238625
|switch|p1a: Alomomola|Alomomola, F|100/100|[from] U-turn
|move|p2a: Iron Hands|Ice Punch|p1a: Alomomola
|-resisted|p1a: Alomomola
|-damage|p1a: Alomomola|96/100
|
|upkeep
|turn|27
|
|t:|1758238636
|move|p2a: Iron Hands|Ice Punch|p1a: Alomomola
|-resisted|p1a: Alomomola
|-damage|p1a: Alomomola|90/100
|move|p1a: Alomomola|Flip Turn|p2a: Iron Hands
|-damage|p2a: Iron Hands|73/100
|
|t:|1758238640
|switch|p1a: Landorus|Landorus-Therian, M|87/100|[from] Flip Turn
|-ability|p1a: Landorus|Intimidate|boost
|-unboost|p2a: Iron Hands|atk|1
|
|upkeep
|turn|28
|
|t:|1758238648
|move|p1a: Landorus|U-turn|p2a: Iron Hands
|-resisted|p2a: Iron Hands
|-damage|p2a: Iron Hands|66/100
|
|t:|1758238650
|switch|p1a: Alomomola|Alomomola, F|100/100|[from] U-turn
|move|p2a: Iron Hands|Supercell Slam|p1a: Alomomola
|-supereffective|p1a: Alomomola
|-damage|p1a: Alomomola|70/100
|
|upkeep
|turn|29
|
|t:|1758238659
|move|p1a: Alomomola|Protect|p1a: Alomomola
|-singleturn|p1a: Alomomola|Protect
|move|p2a: Iron Hands|Supercell Slam|p1a: Alomomola
|-activate|p1a: Alomomola|move: Protect
|-damage|p2a: Iron Hands|17/100|[from] supercellslam
|
|upkeep
|turn|30
|
|t:|1758238667
|move|p2a: Iron Hands|Supercell Slam|p1a: Alomomola
|-supereffective|p1a: Alomomola
|-damage|p1a: Alomomola|39/100
|move|p1a: Alomomola|Wish|p1a: Alomomola
|
|upkeep
|turn|31
|
|t:|1758238674
|move|p1a: Alomomola|Protect|p1a: Alomomola
|-singleturn|p1a: Alomomola|Protect
|move|p2a: Iron Hands|Supercell Slam|p1a: Alomomola
|-activate|p1a: Alomomola|move: Protect
|-damage|p2a: Iron Hands|0 fnt|[from] supercellslam
|faint|p2a: Iron Hands
|-end|p2a: Iron Hands|Quark Drive|[silent]
|
|-heal|p1a: Alomomola|89/100|[from] move: Wish|[wisher] Alomomola
|upkeep
|
|t:|1758238687
|switch|p2a: Gholdengo|Gholdengo|100/100
|-item|p2a: Gholdengo|Air Balloon
|turn|32
|
|t:|1758238692
|move|p2a: Gholdengo|Nasty Plot|p2a: Gholdengo
|-boost|p2a: Gholdengo|spa|2
|move|p1a: Alomomola|Flip Turn|p2a: Gholdengo
|-damage|p2a: Gholdengo|84/100
|-enditem|p2a: Gholdengo|Air Balloon
|
|t:|1758238695
|switch|p1a: Landorus|Landorus-Therian, M|87/100|[from] Flip Turn
|-ability|p1a: Landorus|Intimidate|boost
|-unboost|p2a: Gholdengo|atk|1
|
|upkeep
|turn|33
|
|t:|1758238705
|move|p1a: Landorus|Fling|p2a: Gholdengo
|-supereffective|p2a: Gholdengo
|-damage|p2a: Gholdengo|67/100
|-status|p2a: Gholdengo|par
|-enditem|p1a: Landorus|Light Ball|[from] move: Fling
|cant|p2a: Gholdengo|par
|
|upkeep
|turn|34
|
|t:|1758238713
|move|p1a: Landorus|Earth Power|p2a: Gholdengo
|-supereffective|p2a: Gholdengo
|-damage|p2a: Gholdengo|6/100 par
|-unboost|p2a: Gholdengo|spd|1
|move|p2a: Gholdengo|Make It Rain|p1a: Landorus
|-damage|p1a: Landorus|0 fnt
|-unboost|p2a: Gholdengo|spa|1
|faint|p1a: Landorus
|
|upkeep
|
|t:|1758238733
|switch|p1a: Kingambit|Kingambit, F|100/100
|-activate|p1a: Kingambit|move: Sticky Web
|-unboost|p1a: Kingambit|spe|1
|-activate|p1a: Kingambit|ability: Supreme Overlord
|-start|p1a: Kingambit|fallen3|[silent]
|turn|35
|
|t:|1758238742
|move|p1a: Kingambit|Sucker Punch|p2a: Gholdengo
|-supereffective|p2a: Gholdengo
|-damage|p2a: Gholdengo|0 fnt
|faint|p2a: Gholdengo
|
|upkeep
|
|t:|1758238750
|switch|p2a: Ursaluna|Ursaluna, M|100/100 brn
|turn|36
|
|t:|1758238760
|-terastallize|p1a: Kingambit|Ghost
|move|p1a: Kingambit|Kowtow Cleave|p2a: Ursaluna
|-damage|p2a: Ursaluna|56/100 brn
|move|p2a: Ursaluna|Earthquake|p1a: Kingambit
|-damage|p1a: Kingambit|18/100
|
|-heal|p1a: Kingambit|24/100|[from] item: Leftovers
|-damage|p2a: Ursaluna|49/100 brn|[from] brn
|upkeep
|turn|37
|
|t:|1758238774
|move|p1a: Kingambit|Sucker Punch|p2a: Ursaluna
|-damage|p2a: Ursaluna|10/100 brn
|move|p2a: Ursaluna|Earthquake|p1a: Kingambit
|-damage|p1a: Kingambit|0 fnt
|faint|p1a: Kingambit
|-end|p1a: Kingambit|fallen3|[silent]
|
|-damage|p2a: Ursaluna|4/100 brn|[from] brn
|upkeep
|
|t:|1758238783
|switch|p1a: Alomomola|Alomomola, F|100/100
|turn|38
|
|t:|1758238787
|move|p1a: Alomomola|Protect|p1a: Alomomola
|-singleturn|p1a: Alomomola|Protect
|move|p2a: Ursaluna|Facade|p1a: Alomomola
|-activate|p1a: Alomomola|move: Protect
|
|-damage|p2a: Ursaluna|0 fnt|[from] brn
|faint|p2a: Ursaluna
|upkeep
|
|t:|1758238796
|switch|p2a: Araquanid|Araquanid, M|69/100 par
|turn|39
|
|t:|1758238803
|move|p1a: Alomomola|Body Slam|p2a: Araquanid
|-damage|p2a: Araquanid|55/100 par
|-damage|p1a: Alomomola|84/100|[from] item: Rocky Helmet|[of] p2a: Araquanid
|move|p2a: Araquanid|Leech Life|p1a: Alomomola
|-damage|p1a: Alomomola|74/100
|-heal|p2a: Araquanid|65/100 par|[from] drain|[of] p1a: Alomomola
|
|upkeep
|turn|40
|
|t:|1758238818
|-terastallize|p2a: Araquanid|Water
|move|p1a: Alomomola|Protect|p1a: Alomomola
|-singleturn|p1a: Alomomola|Protect
|move|p2a: Araquanid|Liquidation|p1a: Alomomola
|-activate|p1a: Alomomola|move: Protect
|
|upkeep
|turn|41
|
|t:|1758238828
|move|p1a: Alomomola|Wish|p1a: Alomomola
|move|p2a: Araquanid|Liquidation|p1a: Alomomola
|-resisted|p1a: Alomomola
|-damage|p1a: Alomomola|58/100
|
|upkeep
|turn|42
|
|t:|1758238835
|move|p1a: Alomomola|Protect|p1a: Alomomola
|-singleturn|p1a: Alomomola|Protect
|move|p2a: Araquanid|Leech Life|p1a: Alomomola
|-activate|p1a: Alomomola|move: Protect
|
|-heal|p1a: Alomomola|100/100|[from] move: Wish|[wisher] Alomomola
|upkeep
|turn|43
|
|t:|1758238844
|move|p1a: Alomomola|Body Slam|p2a: Araquanid
|-damage|p2a: Araquanid|49/100 par
|-damage|p1a: Alomomola|84/100|[from] item: Rocky Helmet|[of] p2a: Araquanid
|move|p2a: Araquanid|Leech Life|p1a: Alomomola
|-damage|p1a: Alomomola|72/100
|-heal|p2a: Araquanid|60/100 par|[from] drain|[of] p1a: Alomomola
|
|upkeep
|turn|44
|
|t:|1758238854
|move|p1a: Alomomola|Wish|p1a: Alomomola
|move|p2a: Araquanid|Infestation|p1a: Alomomola
|-damage|p1a: Alomomola|68/100
|-activate|p1a: Alomomola|move: Infestation|[of] p2a: Araquanid
|
|-damage|p1a: Alomomola|56/100|[from] move: Infestation|[partiallytrapped]
|upkeep
|turn|45
|
|t:|1758238864
|move|p1a: Alomomola|Protect|p1a: Alomomola
|-singleturn|p1a: Alomomola|Protect
|move|p2a: Araquanid|Leech Life|p1a: Alomomola
|-activate|p1a: Alomomola|move: Protect
|
|-heal|p1a: Alomomola|100/100|[from] move: Wish|[wisher] Alomomola
|-damage|p1a: Alomomola|88/100|[from] move: Infestation|[partiallytrapped]
|upkeep
|turn|46
|
|t:|1758238874
|move|p1a: Alomomola|Wish|p1a: Alomomola
|cant|p2a: Araquanid|par
|
|-damage|p1a: Alomomola|76/100|[from] move: Infestation|[partiallytrapped]
|upkeep
|turn|47
|
|t:|1758238881
|move|p1a: Alomomola|Body Slam|p2a: Araquanid
|-damage|p2a: Araquanid|47/100 par
|-damage|p1a: Alomomola|59/100|[from] item: Rocky Helmet|[of] p2a: Araquanid
|move|p2a: Araquanid|Leech Life|p1a: Alomomola
|-crit|p1a: Alomomola
|-damage|p1a: Alomomola|44/100
|-heal|p2a: Araquanid|61/100 par|[from] drain|[of] p1a: Alomomola
|
|-heal|p1a: Alomomola|94/100|[from] move: Wish|[wisher] Alomomola
|-damage|p1a: Alomomola|81/100|[from] move: Infestation|[partiallytrapped]
|upkeep
|turn|48
|
|t:|1758238895
|move|p1a: Alomomola|Body Slam|p2a: Araquanid
|-damage|p2a: Araquanid|46/100 par
|-damage|p1a: Alomomola|65/100|[from] item: Rocky Helmet|[of] p2a: Araquanid
|move|p2a: Araquanid|Leech Life|p1a: Alomomola
|-damage|p1a: Alomomola|53/100
|-heal|p2a: Araquanid|57/100 par|[from] drain|[of] p1a: Alomomola
|
|-end|p1a: Alomomola|Infestation|[partiallytrapped]
|upkeep
|turn|49
|
|t:|1758238905
|move|p1a: Alomomola|Wish|p1a: Alomomola
|move|p2a: Araquanid|Infestation|p1a: Alomomola
|-damage|p1a: Alomomola|48/100
|-activate|p1a: Alomomola|move: Infestation|[of] p2a: Araquanid
|
|-damage|p1a: Alomomola|36/100|[from] move: Infestation|[partiallytrapped]
|upkeep
|turn|50
|
|t:|1758238914
|move|p1a: Alomomola|Protect|p1a: Alomomola
|-singleturn|p1a: Alomomola|Protect
|move|p2a: Araquanid|Leech Life|p1a: Alomomola
|-activate|p1a: Alomomola|move: Protect
|
|-heal|p1a: Alomomola|86/100|[from] move: Wish|[wisher] Alomomola
|-damage|p1a: Alomomola|73/100|[from] move: Infestation|[partiallytrapped]
|upkeep
|turn|51
|
|t:|1758238927
|move|p1a: Alomomola|Wish|p1a: Alomomola
|move|p2a: Araquanid|Leech Life|p1a: Alomomola
|-damage|p1a: Alomomola|62/100
|-heal|p2a: Araquanid|69/100 par|[from] drain|[of] p1a: Alomomola
|
|-damage|p1a: Alomomola|49/100|[from] move: Infestation|[partiallytrapped]
|upkeep
|turn|52
|
|t:|1758238938
|move|p1a: Alomomola|Body Slam|p2a: Araquanid
|-damage|p2a: Araquanid|53/100 par
|-damage|p1a: Alomomola|33/100|[from] item: Rocky Helmet|[of] p2a: Araquanid
|move|p2a: Araquanid|Liquidation|p1a: Alomomola
|-resisted|p1a: Alomomola
|-damage|p1a: Alomomola|18/100
|
|-heal|p1a: Alomomola|68/100|[from] move: Wish|[wisher] Alomomola
|-damage|p1a: Alomomola|55/100|[from] move: Infestation|[partiallytrapped]
|upkeep
|turn|53
|
|t:|1758238950
|move|p1a: Alomomola|Wish|p1a: Alomomola
|move|p2a: Araquanid|Leech Life|p1a: Alomomola
|-damage|p1a: Alomomola|43/100
|-heal|p2a: Araquanid|65/100 par|[from] drain|[of] p1a: Alomomola
|
|-end|p1a: Alomomola|Infestation|[partiallytrapped]
|upkeep
|turn|54
|
|t:|1758238959
|move|p1a: Alomomola|Protect|p1a: Alomomola
|-singleturn|p1a: Alomomola|Protect
|move|p2a: Araquanid|Infestation|p1a: Alomomola
|-activate|p1a: Alomomola|move: Protect
|
|-heal|p1a: Alomomola|93/100|[from] move: Wish|[wisher] Alomomola
|upkeep
|turn|55
|
|t:|1758238968
|move|p1a: Alomomola|Body Slam|p2a: Araquanid
|-damage|p2a: Araquanid|50/100 par
|-damage|p1a: Alomomola|77/100|[from] item: Rocky Helmet|[of] p2a: Araquanid
|move|p2a: Araquanid|Infestation|p1a: Alomomola
|-damage|p1a: Alomomola|71/100
|-activate|p1a: Alomomola|move: Infestation|[of] p2a: Araquanid
|
|-damage|p1a: Alomomola|59/100|[from] move: Infestation|[partiallytrapped]
|upkeep
|turn|56
|
|t:|1758238980
|move|p1a: Alomomola|Wish|p1a: Alomomola
|cant|p2a: Araquanid|par
|
|-damage|p1a: Alomomola|47/100|[from] move: Infestation|[partiallytrapped]
|upkeep
|turn|57
|
|t:|1758238990
|move|p1a: Alomomola|Protect|p1a: Alomomola
|-singleturn|p1a: Alomomola|Protect
|move|p2a: Araquanid|Leech Life|p1a: Alomomola
|-activate|p1a: Alomomola|move: Protect
|
|-heal|p1a: Alomomola|97/100|[from] move: Wish|[wisher] Alomomola
|-damage|p1a: Alomomola|84/100|[from] move: Infestation|[partiallytrapped]
|upkeep
|turn|58
|
|t:|1758239002
|move|p1a: Alomomola|Body Slam|p2a: Araquanid
|-damage|p2a: Araquanid|36/100 par
|-damage|p1a: Alomomola|68/100|[from] item: Rocky Helmet|[of] p2a: Araquanid
|move|p2a: Araquanid|Leech Life|p1a: Alomomola
|-damage|p1a: Alomomola|56/100
|-heal|p2a: Araquanid|47/100 par|[from] drain|[of] p1a: Alomomola
|
|-damage|p1a: Alomomola|44/100|[from] move: Infestation|[partiallytrapped]
|upkeep
|turn|59
|
|t:|1758239013
|move|p1a: Alomomola|Wish|p1a: Alomomola
|cant|p2a: Araquanid|par
|
|-damage|p1a: Alomomola|32/100|[from] move: Infestation|[partiallytrapped]
|upkeep
|turn|60
|
|t:|1758239022
|move|p1a: Alomomola|Protect|p1a: Alomomola
|-singleturn|p1a: Alomomola|Protect
|move|p2a: Araquanid|Liquidation|p1a: Alomomola
|-activate|p1a: Alomomola|move: Protect
|
|-heal|p1a: Alomomola|82/100|[from] move: Wish|[wisher] Alomomola
|-end|p1a: Alomomola|Infestation|[partiallytrapped]
|upkeep
|turn|61
|
|t:|1758239032
|move|p1a: Alomomola|Body Slam|p2a: Araquanid
|-damage|p2a: Araquanid|33/100 par
|-damage|p1a: Alomomola|65/100|[from] item: Rocky Helmet|[of] p2a: Araquanid
|cant|p2a: Araquanid|par
|
|upkeep
|turn|62
|
|t:|1758239039
|move|p1a: Alomomola|Body Slam|p2a: Araquanid
|-damage|p2a: Araquanid|19/100 par
|-damage|p1a: Alomomola|48/100|[from] item: Rocky Helmet|[of] p2a: Araquanid
|cant|p2a: Araquanid|par
|
|upkeep
|turn|63
|
|t:|1758239048
|move|p1a: Alomomola|Wish|p1a: Alomomola
|cant|p2a: Araquanid|par
|
|upkeep
|turn|64
|
|t:|1758239053
|move|p1a: Alomomola|Body Slam|p2a: Araquanid
|-damage|p2a: Araquanid|6/100 par
|-damage|p1a: Alomomola|32/100|[from] item: Rocky Helmet|[of] p2a: Araquanid
|move|p2a: Araquanid|Infestation|p1a: Alomomola
|-damage|p1a: Alomomola|27/100
|-activate|p1a: Alomomola|move: Infestation|[of] p2a: Araquanid
|
|-heal|p1a: Alomomola|77/100|[from] move: Wish|[wisher] Alomomola
|-damage|p1a: Alomomola|64/100|[from] move: Infestation|[partiallytrapped]
|upkeep
|turn|65
|
|t:|1758239065
|move|p1a: Alomomola|Body Slam|p2a: Araquanid
|-damage|p2a: Araquanid|0 fnt
|-damage|p1a: Alomomola|48/100|[from] item: Rocky Helmet|[of] p2a: Araquanid
|faint|p2a: Araquanid
|
|win|WaterTemples
|raw|WaterTemples's rating: 1040 &rarr; <strong>1079</strong><br />(+39 for winning)
|raw|Gg_GoodGuy's rating: 1090 &rarr; <strong>1063</strong><br />(-27 for losing)
|l|☆Gg_GoodGuy
|player|p2|
|c|☆WaterTemples|gg
|j|☆Gg_GoodGuy
|player|p2|Gg_GoodGuy|youngster|
