|j|☆schoolwifisucks22
|j|☆kabutopzboy
|t:|1758256973
|gametype|singles
|player|p1|schoolwifisucks22|swimmerf-gen4|1215
|player|p2|kabutopzboy|volkner|1283
|gen|9
|tier|[Gen 9] OU
|rated|
|rule|HP Percentage Mod: HP is shown in percentages
|rule|Endless Battle Clause: Forcing endless battles is banned
|rule|Species Clause: Limit one of each Pokémon
|rule|OHKO Clause: OHKO moves are banned
|rule|Evasion Items Clause: Evasion items are banned
|rule|Evasion Moves Clause: Evasion moves are banned
|rule|Evasion Abilities Clause: Evasion abilities are banned
|rule|Sleep Moves Clause: Sleep-inducing moves are banned
|clearpoke
|poke|p1|Slowking-Galar, M|
|poke|p1|Araquanid, M|
|poke|p1|Kommo-o, F|
|poke|p1|Quaquaval, M|
|poke|p1|Iron Treads|
|poke|p1|Kingambit, M|
|poke|p2|Zapdos|
|poke|p2|Dragapult, M|
|poke|p2|Dragonite, M|
|poke|p2|Excadrill, M|
|poke|p2|Jolteon, M|
|poke|p2|Chandelure, F|
|teampreview
|inactive|Battle timer is ON: inactive players will automatically lose when time's up. (requested by schoolwifisucks22)
|
|t:|1758256978
|teamsize|p1|6
|teamsize|p2|6
|start
|switch|p1a: Mount&Dew me pls|Araquanid, M, shiny|100/100
|switch|p2a: Jolteon|Jolteon, M|100/100
|turn|1
|
|t:|1758256984
|move|p2a: Jolteon|Volt Switch|p1a: Mount&Dew me pls
|-supereffective|p1a: Mount&Dew me pls
|-damage|p1a: Mount&Dew me pls|44/100
|
|t:|1758256992
|switch|p2a: Dragonite|Dragonite, M|100/100|[from] Volt Switch
|move|p1a: Mount&Dew me pls|Sticky Web|p2a: Dragonite
|-sidestart|p2: kabutopzboy|move: Sticky Web
|
|upkeep
|turn|2
|
|t:|1758256997
|move|p2a: Dragonite|Hurricane|p1a: Mount&Dew me pls|[miss]
|-miss|p2a: Dragonite|p1a: Mount&Dew me pls
|move|p1a: Mount&Dew me pls|Infestation|p2a: Dragonite
|-resisted|p2a: Dragonite
|-damage|p2a: Dragonite|99/100
|-activate|p2a: Dragonite|move: Infestation|[of] p1a: Mount&Dew me pls
|
|-damage|p2a: Dragonite|87/100|[from] move: Infestation|[partiallytrapped]
|upkeep
|turn|3
|c|☆kabutopzboy|damn iot
|
|t:|1758257005
|move|p2a: Dragonite|Hurricane|p1a: Mount&Dew me pls
|-supereffective|p1a: Mount&Dew me pls
|-damage|p1a: Mount&Dew me pls|0 fnt
|faint|p1a: Mount&Dew me pls
|
|-end|p2a: Dragonite|Infestation|[partiallytrapped]|[silent]
|upkeep
|c|☆kabutopzboy|nvm
|c|☆kabutopzboy|lol
|
|t:|1758257014
|switch|p1a: Elon Tusk|Iron Treads|100/100
|-enditem|p1a: Elon Tusk|Booster Energy
|-activate|p1a: Elon Tusk|ability: Quark Drive|[fromitem]
|-start|p1a: Elon Tusk|quarkdrivespe
|turn|4
|
|t:|1758257040
|-terastallize|p2a: Dragonite|Poison
|move|p1a: Elon Tusk|Rapid Spin|p2a: Dragonite
|-damage|p2a: Dragonite|68/100
|-boost|p1a: Elon Tusk|spe|1
|move|p2a: Dragonite|Earthquake|p1a: Elon Tusk
|-supereffective|p1a: Elon Tusk
|-damage|p1a: Elon Tusk|30/100
|
|upkeep
|turn|5
|
|t:|1758257053
|switch|p2a: Excadrill|Excadrill, M|100/100
|-item|p2a: Excadrill|Air Balloon
|move|p1a: Elon Tusk|Earthquake|p2a: Excadrill
|-immune|p2a: Excadrill
|
|upkeep
|turn|6
|
|t:|1758257059
|move|p1a: Elon Tusk|Knock Off|p2a: Excadrill
|-damage|p2a: Excadrill|70/100
|-enditem|p2a: Excadrill|Air Balloon
|move|p2a: Excadrill|Earthquake|p1a: Elon Tusk
|-supereffective|p1a: Elon Tusk
|-damage|p1a: Elon Tusk|0 fnt
|faint|p1a: Elon Tusk
|-end|p1a: Elon Tusk|Quark Drive|[silent]
|
|upkeep
|
|t:|1758257066
|switch|p1a: Gay Duck|Quaquaval, M|100/100
|turn|7
|
|t:|1758257075
|switch|p2a: Zapp|Zapdos|100/100
|move|p1a: Gay Duck|Aqua Step|p2a: Zapp
|-damage|p2a: Zapp|19/100
|-boost|p1a: Gay Duck|spe|1
|-status|p1a: Gay Duck|par|[from] ability: Static|[of] p2a: Zapp
|
|upkeep
|turn|8
|
|t:|1758257083
|move|p2a: Zapp|Thunder|p1a: Gay Duck
|-supereffective|p1a: Gay Duck
|-damage|p1a: Gay Duck|0 fnt
|faint|p1a: Gay Duck
|
|upkeep
|-message|schoolwifisucks22 forfeited.
|
|win|kabutopzboy
|raw|schoolwifisucks22's rating: 1215 &rarr; <strong>1195</strong><br />(-20 for losing)
|raw|kabutopzboy's rating: 1283 &rarr; <strong>1303</strong><br />(+20 for winning)
|l|☆schoolwifisucks22
|player|p1|
|l|☆kabutopzboy
|player|p2|
