|j|☆SmaashBros
|j|☆Firo丶Ennis
|t:|1758261539
|gametype|singles
|player|p1|SmaashBros|cynthia-gen4|1000
|player|p2|Firo丶Ennis|266|1009
|gen|9
|tier|[Gen 9] OU
|rated|
|rule|HP Percentage Mod: HP is shown in percentages
|rule|Endless Battle Clause: Forcing endless battles is banned
|rule|Species Clause: Limit one of each Pokémon
|rule|OHKO Clause: OHKO moves are banned
|rule|Evasion Items Clause: Evasion items are banned
|rule|Evasion Moves Clause: Evasion moves are banned
|rule|Evasion Abilities Clause: Evasion abilities are banned
|rule|Sleep Moves Clause: Sleep-inducing moves are banned
|clearpoke
|poke|p1|Incineroar, M|
|poke|p1|Charizard, F|
|poke|p1|Greninja-*, M|
|poke|p1|Lucario, F|
|poke|p1|Pikachu, F|
|poke|p1|Ivysaur, M|
|poke|p2|Glimmora, F|
|poke|p2|Dragonite, M|
|poke|p2|Great Tusk|
|poke|p2|Araquanid, F|
|poke|p2|Scizor, F|
|poke|p2|Iron Moth|
|teampreview
|
|t:|1758261555
|teamsize|p1|6
|teamsize|p2|6
|start
|switch|p1a: Incineroar|Incineroar, M|100/100
|switch|p2a: Araquanid|Araquanid, F|100/100
|-ability|p1a: Incineroar|Intimidate|boost
|-unboost|p2a: Araquanid|atk|1
|turn|1
|
|t:|1758261560
|move|p1a: Incineroar|Parting Shot|p2a: Araquanid
|-unboost|p2a: Araquanid|atk|1
|-unboost|p2a: Araquanid|spa|1
|
|t:|1758261568
|switch|p1a: Lucario|Lucario, F|100/100|[from] Parting Shot
|move|p2a: Araquanid|Sticky Web|p1a: Lucario
|-sidestart|p1: SmaashBros|move: Sticky Web
|
|upkeep
|turn|2
|
|t:|1758261586
|switch|p2a: Great Tusk|Great Tusk|100/100
|-enditem|p2a: Great Tusk|Booster Energy
|-activate|p2a: Great Tusk|ability: Protosynthesis|[fromitem]
|-start|p2a: Great Tusk|protosynthesisatk
|move|p1a: Lucario|Swords Dance|p1a: Lucario
|-boost|p1a: Lucario|atk|2
|
|upkeep
|turn|3
|
|t:|1758261592
|move|p1a: Lucario|Close Combat|p2a: Great Tusk
|-damage|p2a: Great Tusk|0 fnt
|-unboost|p1a: Lucario|def|1
|-unboost|p1a: Lucario|spd|1
|faint|p2a: Great Tusk
|-end|p2a: Great Tusk|Protosynthesis|[silent]
|-damage|p1a: Lucario|91/100|[from] item: Life Orb
|
|upkeep
|
|t:|1758261599
|switch|p2a: Iron Moth|Iron Moth|100/100
|-enditem|p2a: Iron Moth|Booster Energy
|-activate|p2a: Iron Moth|ability: Quark Drive|[fromitem]
|-start|p2a: Iron Moth|quarkdrivespa
|turn|4
|
|t:|1758261603
|move|p1a: Lucario|Extreme Speed|p2a: Iron Moth
|-damage|p2a: Iron Moth|0 fnt
|faint|p2a: Iron Moth
|-end|p2a: Iron Moth|Quark Drive|[silent]
|-damage|p1a: Lucario|81/100|[from] item: Life Orb
|
|upkeep
|
|t:|1758261608
|switch|p2a: Araquanid|Araquanid, F|100/100
|turn|5
|
|t:|1758261618
|switch|p1a: Ivysaur|Ivysaur, M|100/100
|-activate|p1a: Ivysaur|move: Sticky Web
|-unboost|p1a: Ivysaur|spe|1
|move|p2a: Araquanid|Liquidation|p1a: Ivysaur
|-resisted|p1a: Ivysaur
|-damage|p1a: Ivysaur|70/100
|-unboost|p1a: Ivysaur|def|1
|-damage|p2a: Araquanid|90/100|[from] item: Life Orb
|
|upkeep
|turn|6
|
|t:|1758261629
|move|p2a: Araquanid|Crunch|p1a: Ivysaur
|-damage|p1a: Ivysaur|43/100
|-damage|p2a: Araquanid|80/100|[from] item: Life Orb
|move|p1a: Ivysaur|Leech Seed|p2a: Araquanid
|-start|p2a: Araquanid|move: Leech Seed
|
|-damage|p2a: Araquanid|68/100|[from] Leech Seed|[of] p1a: Ivysaur
|-heal|p1a: Ivysaur|56/100|[silent]
|upkeep
|turn|7
|
|t:|1758261635
|switch|p2a: Glimmora|Glimmora, F|100/100
|move|p1a: Ivysaur|Knock Off|p2a: Glimmora
|-damage|p2a: Glimmora|91/100
|-activate|p2a: Glimmora|ability: Toxic Debris
|-sidestart|p1: SmaashBros|move: Toxic Spikes
|-enditem|p2a: Glimmora|Leftovers|[from] move: Knock Off|[of] p1a: Ivysaur
|
|upkeep
|turn|8
|
|t:|1758261645
|move|p2a: Glimmora|Stealth Rock|p1a: Ivysaur
|-sidestart|p1: SmaashBros|move: Stealth Rock
|move|p1a: Ivysaur|Giga Drain|p2a: Glimmora
|-damage|p2a: Glimmora|67/100
|-heal|p1a: Ivysaur|70/100|[from] drain|[of] p2a: Glimmora
|
|upkeep
|turn|9
|
|t:|1758261654
|move|p2a: Glimmora|Mortal Spin|p1a: Ivysaur
|-damage|p1a: Ivysaur|64/100
|move|p1a: Ivysaur|Leech Seed|p2a: Glimmora
|-start|p2a: Glimmora|move: Leech Seed
|
|-damage|p2a: Glimmora|54/100|[from] Leech Seed|[of] p1a: Ivysaur
|-heal|p1a: Ivysaur|78/100|[silent]
|upkeep
|turn|10
|
|t:|1758261660
|move|p2a: Glimmora|Mortal Spin|p1a: Ivysaur
|-damage|p1a: Ivysaur|71/100
|-end|p2a: Glimmora|Leech Seed|[from] move: Mortal Spin|[of] p2a: Glimmora
|move|p1a: Ivysaur|Giga Drain|p2a: Glimmora
|-damage|p2a: Glimmora|32/100
|-heal|p1a: Ivysaur|84/100|[from] drain|[of] p2a: Glimmora
|
|upkeep
|turn|11
|
|t:|1758261667
|move|p2a: Glimmora|Spiky Shield|p2a: Glimmora
|-singleturn|p2a: Glimmora|move: Protect
|move|p1a: Ivysaur|Leech Seed|p2a: Glimmora
|-activate|p2a: Glimmora|move: Protect
|
|upkeep
|turn|12
|
|t:|1758261684
|move|p2a: Glimmora|Power Gem|p1a: Ivysaur
|-damage|p1a: Ivysaur|55/100
|move|p1a: Ivysaur|Leech Seed|p2a: Glimmora
|-start|p2a: Glimmora|move: Leech Seed
|
|-damage|p2a: Glimmora|20/100|[from] Leech Seed|[of] p1a: Ivysaur
|-heal|p1a: Ivysaur|69/100|[silent]
|upkeep
|turn|13
|
|t:|1758261688
|move|p2a: Glimmora|Mortal Spin|p1a: Ivysaur
|-damage|p1a: Ivysaur|62/100
|-end|p2a: Glimmora|Leech Seed|[from] move: Mortal Spin|[of] p2a: Glimmora
|move|p1a: Ivysaur|Giga Drain|p2a: Glimmora
|-damage|p2a: Glimmora|0 fnt
|-heal|p1a: Ivysaur|73/100|[from] drain|[of] p2a: Glimmora
|faint|p2a: Glimmora
|
|upkeep
|
|t:|1758261694
|switch|p2a: Scizor|Scizor, F|100/100
|turn|14
|
|t:|1758261698
|move|p2a: Scizor|Swords Dance|p2a: Scizor
|-boost|p2a: Scizor|atk|2
|move|p1a: Ivysaur|Leech Seed|p2a: Scizor
|-start|p2a: Scizor|move: Leech Seed
|
|-damage|p2a: Scizor|88/100|[from] Leech Seed|[of] p1a: Ivysaur
|-heal|p1a: Ivysaur|84/100|[silent]
|upkeep
|turn|15
|
|t:|1758261702
|switch|p1a: Incineroar|Incineroar, M|100/100
|-ability|p1a: Incineroar|Intimidate|boost
|-unboost|p2a: Scizor|atk|1
|move|p2a: Scizor|Bullet Punch|p1a: Incineroar
|-resisted|p1a: Incineroar
|-damage|p1a: Incineroar|77/100
|
|-damage|p2a: Scizor|76/100|[from] Leech Seed|[of] p1a: Incineroar
|-heal|p1a: Incineroar|86/100|[silent]
|upkeep
|turn|16
|
|t:|1758261711
|move|p2a: Scizor|Close Combat|p1a: Incineroar
|-supereffective|p1a: Incineroar
|-damage|p1a: Incineroar|0 fnt
|-unboost|p2a: Scizor|def|1
|-unboost|p2a: Scizor|spd|1
|faint|p1a: Incineroar
|
|upkeep
|
|t:|1758261715
|switch|p1a: Charizard|Charizard, F|100/100
|turn|17
|
|t:|1758261721
|move|p2a: Scizor|Bullet Punch|p1a: Charizard
|-resisted|p1a: Charizard
|-damage|p1a: Charizard|64/100
|move|p1a: Charizard|Flamethrower|p2a: Scizor
|-supereffective|p2a: Scizor
|-damage|p2a: Scizor|0 fnt
|faint|p2a: Scizor
|
|upkeep
|
|t:|1758261724
|switch|p2a: Araquanid|Araquanid, F|68/100
|turn|18
|
|t:|1758261734
|move|p1a: Charizard|Air Slash|p2a: Araquanid
|-supereffective|p2a: Araquanid
|-damage|p2a: Araquanid|8/100
|move|p2a: Araquanid|Leech Life|p1a: Charizard
|-resisted|p1a: Charizard
|-damage|p1a: Charizard|49/100
|-heal|p2a: Araquanid|15/100|[from] drain|[of] p1a: Charizard
|-damage|p2a: Araquanid|5/100|[from] item: Life Orb
|
|upkeep
|turn|19
|
|t:|1758261741
|move|p1a: Charizard|Flamethrower|p2a: Araquanid
|-damage|p2a: Araquanid|0 fnt
|faint|p2a: Araquanid
|
|upkeep
|
|t:|1758261744
|switch|p2a: Dragonite|Dragonite, M|100/100
|turn|20
|
|t:|1758261747
|move|p1a: Charizard|Will-O-Wisp|p2a: Dragonite
|-status|p2a: Dragonite|brn
|move|p2a: Dragonite|Dragon Dance|p2a: Dragonite
|-boost|p2a: Dragonite|atk|1
|-boost|p2a: Dragonite|spe|1
|
|-damage|p2a: Dragonite|94/100 brn|[from] brn
|upkeep
|turn|21
|
|t:|1758261753
|move|p1a: Charizard|Air Slash|p2a: Dragonite
|-damage|p2a: Dragonite|64/100 brn
|cant|p2a: Dragonite|flinch
|
|-damage|p2a: Dragonite|58/100 brn|[from] brn
|upkeep
|turn|22
|
|t:|1758261758
|move|p1a: Charizard|Air Slash|p2a: Dragonite
|-damage|p2a: Dragonite|27/100 brn
|cant|p2a: Dragonite|flinch
|
|-damage|p2a: Dragonite|21/100 brn|[from] brn
|upkeep
|turn|23
|
|t:|1758261763
|move|p2a: Dragonite|Extreme Speed|p1a: Charizard
|-damage|p1a: Charizard|15/100
|move|p1a: Charizard|Air Slash|p2a: Dragonite
|-damage|p2a: Dragonite|0 fnt
|faint|p2a: Dragonite
|
|win|SmaashBros
|raw|SmaashBros's rating: 1000 &rarr; <strong>1041</strong><br />(+41 for winning)
|raw|Firo丶Ennis's rating: 1009 &rarr; <strong>1000</strong><br />(-9 for losing)
|c|☆SmaashBros|gg
|l|☆Firo丶Ennis
|player|p2|
