|j|☆OlYorkshire
|j|☆Yothas
|t:|1758308448
|gametype|singles
|player|p1|OlYorkshire|li|1337
|player|p2|Yothas|2|1288
|gen|9
|tier|[Gen 9] OU
|rated|
|rule|HP Percentage Mod: HP is shown in percentages
|rule|Endless Battle Clause: Forcing endless battles is banned
|rule|Species Clause: Limit one of each Pokémon
|rule|OHKO Clause: OHKO moves are banned
|rule|Evasion Items Clause: Evasion items are banned
|rule|Evasion Moves Clause: Evasion moves are banned
|rule|Evasion Abilities Clause: Evasion abilities are banned
|rule|Sleep Moves Clause: Sleep-inducing moves are banned
|clearpoke
|poke|p1|Garganacl, F|
|poke|p1|Samurott-Hisui, M|
|poke|p1|Gholdengo|
|poke|p1|Rillaboom, M|
|poke|p1|Forretress, M|
|poke|p1|Iron Moth|
|poke|p2|Slaking, M|
|poke|p2|Clodsire, F|
|poke|p2|Clefable, F|
|poke|p2|Medicham, F|
|poke|p2|Landorus-Therian, M|
|poke|p2|Blastoise, M|
|teampreview
|inactive|Battle timer is ON: inactive players will automatically lose when time's up. (requested by Yothas)
|
|t:|1758308457
|teamsize|p1|6
|teamsize|p2|6
|start
|switch|p1a: greh|Forretress, M|100/100
|switch|p2a: Blastoise|Blastoise, M, shiny|100/100
|turn|1
|
|t:|1758308465
|move|p2a: Blastoise|Surf|p1a: greh
|-damage|p1a: greh|76/100
|move|p1a: greh|Light Screen|p1a: greh
|-sidestart|p1: OlYorkshire|move: Light Screen
|
|upkeep
|turn|2
|
|t:|1758308470
|move|p2a: Blastoise|Surf|p1a: greh
|-damage|p1a: greh|63/100
|move|p1a: greh|Reflect|p1a: greh
|-sidestart|p1: OlYorkshire|Reflect
|
|upkeep
|turn|3
|
|t:|1758308478
|move|p2a: Blastoise|Surf|p1a: greh
|-damage|p1a: greh|49/100
|move|p1a: greh|Volt Switch|p2a: Blastoise
|-supereffective|p2a: Blastoise
|-damage|p2a: Blastoise|82/100
|
|t:|1758308489
|switch|p1a: gruh|Garganacl, F|100/100|[from] Volt Switch
|
|-heal|p2a: Blastoise|88/100|[from] item: Leftovers
|upkeep
|turn|4
|
|t:|1758308495
|move|p2a: Blastoise|Flip Turn|p1a: gruh
|-supereffective|p1a: gruh
|-crit|p1a: gruh
|-damage|p1a: gruh|66/100
|
|t:|1758308502
|switch|p2a: Landorus|Landorus-Therian, M|100/100|[from] Flip Turn
|-ability|p2a: Landorus|Intimidate|boost
|-unboost|p1a: gruh|atk|1
|move|p1a: gruh|Salt Cure|p2a: Landorus
|-damage|p2a: Landorus|90/100
|-start|p2a: Landorus|Salt Cure
|
|-heal|p1a: gruh|72/100|[from] item: Leftovers
|-damage|p2a: Landorus|77/100|[from] Salt Cure
|upkeep
|turn|5
|
|t:|1758308512
|move|p1a: gruh|Protect|p1a: gruh
|-singleturn|p1a: gruh|Protect
|move|p2a: Landorus|Earth Power|p1a: gruh
|-activate|p1a: gruh|move: Protect
|
|-heal|p1a: gruh|78/100|[from] item: Leftovers
|-damage|p2a: Landorus|65/100|[from] Salt Cure
|-sideend|p1: OlYorkshire|move: Light Screen
|upkeep
|turn|6
|
|t:|1758308523
|switch|p1a: grih|Rillaboom, M|100/100
|-fieldstart|move: Grassy Terrain|[from] ability: Grassy Surge|[of] p1a: grih
|move|p2a: Landorus|Earth Power|p1a: grih
|-resisted|p1a: grih
|-damage|p1a: grih|71/100
|-unboost|p1a: grih|spd|1
|-damage|p2a: Landorus|55/100|[from] item: Life Orb
|
|-heal|p1a: grih|77/100|[from] Grassy Terrain
|-damage|p2a: Landorus|42/100|[from] Salt Cure
|-sideend|p1: OlYorkshire|Reflect
|upkeep
|turn|7
|
|t:|1758308538
|move|p2a: Landorus|Sludge Wave|p1a: grih
|-supereffective|p1a: grih
|-damage|p1a: grih|0 fnt
|faint|p1a: grih
|-damage|p2a: Landorus|32/100|[from] item: Life Orb
|
|-damage|p2a: Landorus|20/100|[from] Salt Cure
|upkeep
|
|t:|1758308549
|switch|p1a: grah|Samurott-Hisui, M|100/100
|turn|8
|
|t:|1758308552
|switch|p2a: Blastoise|Blastoise, M, shiny|88/100
|move|p1a: grah|Ceaseless Edge|p2a: Blastoise
|-damage|p2a: Blastoise|56/100
|-sidestart|p2: Yothas|Spikes
|
|-heal|p2a: Blastoise|62/100|[from] Grassy Terrain
|-heal|p2a: Blastoise|68/100|[from] item: Leftovers
|upkeep
|turn|9
|
|t:|1758308579
|move|p1a: grah|Flip Turn|p2a: Blastoise
|-resisted|p2a: Blastoise
|-damage|p2a: Blastoise|57/100
|
|t:|1758308582
|switch|p1a: groh|Gholdengo|100/100|[from] Flip Turn
|move|p2a: Blastoise|Rapid Spin|p1a: groh
|-immune|p1a: groh
|
|-heal|p2a: Blastoise|63/100|[from] Grassy Terrain
|-heal|p2a: Blastoise|69/100|[from] item: Leftovers
|upkeep
|turn|10
|
|t:|1758308595
|switch|p2a: Clodsire|Clodsire, F|100/100
|-damage|p2a: Clodsire|88/100|[from] Spikes
|move|p1a: groh|Nasty Plot|p1a: groh
|-boost|p1a: groh|spa|2
|
|-heal|p2a: Clodsire|94/100|[from] Grassy Terrain
|-heal|p2a: Clodsire|100/100|[from] item: Leftovers
|-fieldend|move: Grassy Terrain
|upkeep
|turn|11
|
|t:|1758308610
|switch|p1a: greh|Forretress, M|49/100
|move|p2a: Clodsire|Earthquake|p1a: greh
|-damage|p1a: greh|31/100
|
|upkeep
|turn|12
|
|t:|1758308618
|switch|p2a: Blastoise|Blastoise, M, shiny|69/100
|-damage|p2a: Blastoise|56/100|[from] Spikes
|move|p1a: greh|Stealth Rock|p2a: Blastoise
|-sidestart|p2: Yothas|move: Stealth Rock
|
|-heal|p2a: Blastoise|63/100|[from] item: Leftovers
|upkeep
|turn|13
|
|t:|1758308626
|switch|p1a: groh|Gholdengo|100/100
|move|p2a: Blastoise|Surf|p1a: groh
|-damage|p1a: groh|66/100
|
|-heal|p1a: groh|72/100|[from] item: Leftovers
|-heal|p2a: Blastoise|69/100|[from] item: Leftovers
|upkeep
|turn|14
|
|t:|1758308634
|switch|p2a: Clodsire|Clodsire, F|100/100
|-damage|p2a: Clodsire|88/100|[from] Spikes
|-damage|p2a: Clodsire|82/100|[from] Stealth Rock
|move|p1a: groh|Shadow Ball|p2a: Clodsire
|-damage|p2a: Clodsire|58/100
|
|-heal|p1a: groh|78/100|[from] item: Leftovers
|-heal|p2a: Clodsire|65/100|[from] item: Leftovers
|upkeep
|turn|15
|
|t:|1758308644
|switch|p1a: greh|Forretress, M|31/100
|move|p2a: Clodsire|Spikes|p1a: greh
|-sidestart|p1: OlYorkshire|Spikes
|
|-heal|p2a: Clodsire|71/100|[from] item: Leftovers
|upkeep
|turn|16
|
|t:|1758308652
|move|p1a: greh|Light Screen|p1a: greh
|-sidestart|p1: OlYorkshire|move: Light Screen
|move|p2a: Clodsire|Earthquake|p1a: greh
|-damage|p1a: greh|11/100
|
|-heal|p2a: Clodsire|77/100|[from] item: Leftovers
|upkeep
|turn|17
|-enditem|p1a: greh|Custap Berry|[eat]
|-activate|p1a: greh|item: Custap Berry|[consumed]
|
|t:|1758308658
|move|p1a: greh|Reflect|p1a: greh
|-sidestart|p1: OlYorkshire|Reflect
|move|p2a: Clodsire|Earthquake|p1a: greh
|-damage|p1a: greh|2/100
|
|-heal|p2a: Clodsire|83/100|[from] item: Leftovers
|upkeep
|turn|18
|
|t:|1758308671
|switch|p1a: gruh|Garganacl, F|78/100
|-damage|p1a: gruh|66/100|[from] Spikes
|switch|p2a: Blastoise|Blastoise, M, shiny|69/100
|-damage|p2a: Blastoise|56/100|[from] Spikes
|-damage|p2a: Blastoise|44/100|[from] Stealth Rock
|
|-heal|p2a: Blastoise|50/100|[from] item: Leftovers
|-heal|p1a: gruh|72/100|[from] item: Leftovers
|upkeep
|turn|19
|
|t:|1758308687
|-terastallize|p1a: gruh|Ghost
|move|p2a: Blastoise|Rapid Spin|p1a: gruh
|-immune|p1a: gruh
|move|p1a: gruh|Salt Cure|p2a: Blastoise
|-damage|p2a: Blastoise|40/100
|-start|p2a: Blastoise|Salt Cure
|
|-heal|p2a: Blastoise|46/100|[from] item: Leftovers
|-heal|p1a: gruh|78/100|[from] item: Leftovers
|-damage|p2a: Blastoise|21/100|[from] Salt Cure
|upkeep
|turn|20
|
|t:|1758308699
|switch|p2a: Slaking|Slaking, M|100/100
|-damage|p2a: Slaking|88/100|[from] Spikes
|-damage|p2a: Slaking|76/100|[from] Stealth Rock
|move|p1a: gruh|Iron Defense|p1a: gruh
|-boost|p1a: gruh|def|2
|
|-heal|p1a: gruh|84/100|[from] item: Leftovers
|-sideend|p1: OlYorkshire|move: Light Screen
|upkeep
|turn|21
|
|t:|1758308708
|move|p1a: gruh|Protect|p1a: gruh
|-singleturn|p1a: gruh|Protect
|move|p2a: Slaking|Knock Off|p1a: gruh
|-activate|p1a: gruh|move: Protect
|
|-heal|p1a: gruh|91/100|[from] item: Leftovers
|-sideend|p1: OlYorkshire|Reflect
|upkeep
|turn|22
|
|t:|1758308715
|cant|p2a: Slaking|ability: Truant
|move|p1a: gruh|Salt Cure|p2a: Slaking
|-damage|p2a: Slaking|65/100
|-start|p2a: Slaking|Salt Cure
|
|-heal|p1a: gruh|97/100|[from] item: Leftovers
|-damage|p2a: Slaking|53/100|[from] Salt Cure
|upkeep
|turn|23
|
|t:|1758308731
|switch|p2a: Landorus|Landorus-Therian, M|20/100
|-damage|p2a: Landorus|7/100|[from] Stealth Rock
|-ability|p2a: Landorus|Intimidate|boost
|-unboost|p1a: gruh|atk|1
|move|p1a: gruh|Protect||[still]
|-fail|p1a: gruh
|
|-heal|p1a: gruh|100/100|[from] item: Leftovers
|upkeep
|turn|24
|
|t:|1758308742
|move|p2a: Landorus|Earth Power|p1a: gruh
|-damage|p1a: gruh|65/100
|-damage|p2a: Landorus|0 fnt|[from] item: Life Orb
|faint|p2a: Landorus
|move|p1a: gruh|Salt Cure|p2: Landorus|[notarget]
|-fail|p1a: gruh
|
|-heal|p1a: gruh|72/100|[from] item: Leftovers
|upkeep
|
|t:|1758308752
|switch|p2a: Medicham|Medicham, F, shiny|100/100
|-damage|p2a: Medicham|88/100|[from] Spikes
|-damage|p2a: Medicham|82/100|[from] Stealth Rock
|turn|25
|
|t:|1758308760
|move|p2a: Medicham|Psycho Cut|p1a: gruh
|-damage|p1a: gruh|55/100
|move|p1a: gruh|Salt Cure|p2a: Medicham
|-resisted|p2a: Medicham
|-damage|p2a: Medicham|75/100
|-start|p2a: Medicham|Salt Cure
|
|-heal|p1a: gruh|61/100|[from] item: Leftovers
|-damage|p2a: Medicham|63/100|[from] Salt Cure
|upkeep
|turn|26
|
|t:|1758308772
|move|p1a: gruh|Protect|p1a: gruh
|-singleturn|p1a: gruh|Protect
|move|p2a: Medicham|Psycho Cut|p1a: gruh
|-activate|p1a: gruh|move: Protect
|
|-heal|p1a: gruh|67/100|[from] item: Leftovers
|-damage|p2a: Medicham|51/100|[from] Salt Cure
|upkeep
|turn|27
|
|t:|1758308780
|move|p2a: Medicham|Psycho Cut|p1a: gruh
|-damage|p1a: gruh|52/100
|move|p1a: gruh|Iron Defense|p1a: gruh
|-boost|p1a: gruh|def|2
|
|-heal|p1a: gruh|58/100|[from] item: Leftovers
|-damage|p2a: Medicham|39/100|[from] Salt Cure
|upkeep
|turn|28
|-message|Yothas forfeited.
|
|win|OlYorkshire
|raw|OlYorkshire's rating: 1337 &rarr; <strong>1354</strong><br />(+17 for winning)
|raw|Yothas's rating: 1288 &rarr; <strong>1267</strong><br />(-21 for losing)
|l|☆Yothas
|player|p2|
|l|☆OlYorkshire
|player|p1|
