|j|☆aaron200589
|j|☆Denvertzzz
|t:|1758277382
|gametype|singles
|player|p1|aaron200589|giovanni|1264
|player|p2|Denvertzzz|101|1223
|gen|9
|tier|[Gen 9] OU
|rated|
|rule|HP Percentage Mod: HP is shown in percentages
|rule|Endless Battle Clause: Forcing endless battles is banned
|rule|Species Clause: Limit one of each Pokémon
|rule|OHKO Clause: OHKO moves are banned
|rule|Evasion Items Clause: Evasion items are banned
|rule|Evasion Moves Clause: Evasion moves are banned
|rule|Evasion Abilities Clause: Evasion abilities are banned
|rule|Sleep Moves Clause: Sleep-inducing moves are banned
|clearpoke
|poke|p1|Alomomola, F|
|poke|p1|Torkoal, F|
|poke|p1|Walking Wake|
|poke|p1|Great Tusk|
|poke|p1|Leafeon, F|
|poke|p1|Skeledirge, F|
|poke|p2|Glimmora, M|
|poke|p2|Skeledirge, M|
|poke|p2|Torterra, M|
|poke|p2|Clodsire, M|
|poke|p2|Oricorio-Pa'u, F|
|poke|p2|Cobalion|
|teampreview
|
|t:|1758277397
|teamsize|p1|6
|teamsize|p2|6
|start
|switch|p1a: Great Tusk|Great Tusk|100/100
|switch|p2a: Glimmora|Glimmora, M, shiny|100/100
|turn|1
|
|t:|1758277409
|switch|p2a: Oricorio|Oricorio-Pa'u, F|100/100
|move|p1a: Great Tusk|Headlong Rush|p2a: Oricorio
|-immune|p2a: Oricorio
|
|upkeep
|turn|2
|
|t:|1758277419
|move|p1a: Great Tusk|Knock Off|p2a: Oricorio
|-supereffective|p2a: Oricorio
|-damage|p2a: Oricorio|5/100
|-enditem|p2a: Oricorio|Focus Sash|[from] move: Knock Off|[of] p1a: Great Tusk
|move|p2a: Oricorio|Quiver Dance|p2a: Oricorio
|-boost|p2a: Oricorio|spa|1
|-boost|p2a: Oricorio|spd|1
|-boost|p2a: Oricorio|spe|1
|
|upkeep
|turn|3
|
|t:|1758277433
|-end|p1a: Great Tusk|Protosynthesis|[silent]
|switch|p1a: Skeledirge|Skeledirge, F|100/100
|move|p2a: Oricorio|Revelation Dance|p1a: Skeledirge
|-damage|p1a: Skeledirge|55/100
|
|upkeep
|turn|4
|
|t:|1758277446
|-terastallize|p2a: Oricorio|Psychic
|move|p2a: Oricorio|Revelation Dance|p1a: Skeledirge
|-damage|p1a: Skeledirge|0 fnt
|faint|p1a: Skeledirge
|
|upkeep
|
|t:|1758277459
|switch|p1a: Alomomola|Alomomola, F|100/100
|turn|5
|
|t:|1758277480
|move|p2a: Oricorio|Air Slash|p1a: Alomomola
|-damage|p1a: Alomomola|37/100
|move|p1a: Alomomola|Flip Turn|p2a: Oricorio
|-damage|p2a: Oricorio|0 fnt
|faint|p2a: Oricorio
|
|t:|1758277489
|switch|p1a: Torkoal|Torkoal, F|100/100|[from] Flip Turn
|-weather|SunnyDay|[from] ability: Drought|[of] p1a: Torkoal
|
|-weather|SunnyDay|[upkeep]
|upkeep
|
|t:|1758277498
|switch|p2a: Glimmora|Glimmora, M, shiny|100/100
|turn|6
|
|t:|1758277506
|switch|p1a: Walking Wake|Walking Wake|100/100
|-activate|p1a: Walking Wake|ability: Protosynthesis
|-start|p1a: Walking Wake|protosynthesisspe
|move|p2a: Glimmora|Meteor Beam||[still]
|-prepare|p2a: Glimmora|Meteor Beam
|-boost|p2a: Glimmora|spa|1
|-enditem|p2a: Glimmora|Power Herb
|-anim|p2a: Glimmora|Meteor Beam|p1a: Walking Wake
|-damage|p1a: Walking Wake|0 fnt
|faint|p1a: Walking Wake
|-end|p1a: Walking Wake|Protosynthesis|[silent]
|
|-weather|SunnyDay|[upkeep]
|upkeep
|
|t:|1758277522
|switch|p1a: Torkoal|Torkoal, F|100/100
|turn|7
|
|t:|1758277527
|move|p2a: Glimmora|Earth Power|p1a: Torkoal
|-supereffective|p1a: Torkoal
|-damage|p1a: Torkoal|0 fnt
|faint|p1a: Torkoal
|
|-weather|SunnyDay|[upkeep]
|upkeep
|
|t:|1758277534
|switch|p1a: Great Tusk|Great Tusk|100/100
|-activate|p1a: Great Tusk|ability: Protosynthesis
|-start|p1a: Great Tusk|protosynthesisspe
|turn|8
|
|t:|1758277554
|switch|p2a: Skeledirge|Skeledirge, M, shiny|100/100
|-item|p2a: Skeledirge|Air Balloon
|move|p1a: Great Tusk|Headlong Rush|p2a: Skeledirge
|-immune|p2a: Skeledirge
|
|-weather|SunnyDay|[upkeep]
|upkeep
|turn|9
|
|t:|1758277569
|-end|p1a: Great Tusk|Protosynthesis|[silent]
|switch|p1a: Alomomola|Alomomola, F|71/100
|move|p2a: Skeledirge|Torch Song|p1a: Alomomola
|-resisted|p1a: Alomomola
|-damage|p1a: Alomomola|40/100
|-boost|p2a: Skeledirge|spa|1
|
|-weather|none
|upkeep
|turn|10
|
|t:|1758277580
|move|p2a: Skeledirge|Torch Song|p1a: Alomomola
|-resisted|p1a: Alomomola
|-damage|p1a: Alomomola|7/100
|-boost|p2a: Skeledirge|spa|1
|move|p1a: Alomomola|Flip Turn|p2a: Skeledirge
|-supereffective|p2a: Skeledirge
|-damage|p2a: Skeledirge|76/100
|-enditem|p2a: Skeledirge|Air Balloon
|
|t:|1758277589
|switch|p1a: Great Tusk|Great Tusk|100/100|[from] Flip Turn
|
|upkeep
|turn|11
|
|t:|1758277602
|move|p1a: Great Tusk|Headlong Rush|p2a: Skeledirge
|-supereffective|p2a: Skeledirge
|-damage|p2a: Skeledirge|2/100
|-unboost|p1a: Great Tusk|def|1
|-unboost|p1a: Great Tusk|spd|1
|move|p2a: Skeledirge|Alluring Voice|p1a: Great Tusk
|-supereffective|p1a: Great Tusk
|-damage|p1a: Great Tusk|0 fnt
|faint|p1a: Great Tusk
|-end|p1a: Great Tusk|Protosynthesis|[silent]
|
|upkeep
|
|t:|1758277614
|switch|p1a: Leafeon|Leafeon, F|100/100
|turn|12
|
|t:|1758277621
|move|p1a: Leafeon|Giga Drain|p2a: Skeledirge
|-resisted|p2a: Skeledirge
|-damage|p2a: Skeledirge|0 fnt
|faint|p2a: Skeledirge
|
|upkeep
|
|t:|1758277629
|switch|p2a: Clodsire|Clodsire, M, shiny|100/100
|turn|13
|
|t:|1758277637
|move|p1a: Leafeon|Calm Mind|p1a: Leafeon
|-boost|p1a: Leafeon|spa|1
|-boost|p1a: Leafeon|spd|1
|move|p2a: Clodsire|Toxic|p1a: Leafeon
|-status|p1a: Leafeon|tox
|
|-damage|p1a: Leafeon|94/100 tox|[from] psn
|upkeep
|turn|14
|
|t:|1758277647
|move|p1a: Leafeon|Calm Mind|p1a: Leafeon
|-boost|p1a: Leafeon|spa|1
|-boost|p1a: Leafeon|spd|1
|move|p2a: Clodsire|Amnesia|p2a: Clodsire
|-boost|p2a: Clodsire|spd|2
|
|-damage|p1a: Leafeon|82/100 tox|[from] psn
|upkeep
|turn|15
|
|t:|1758277658
|move|p1a: Leafeon|Copycat|p1a: Leafeon
|move|p1a: Leafeon|Amnesia|p1a: Leafeon|[from] move: Copycat
|-boost|p1a: Leafeon|spd|2
|move|p2a: Clodsire|Amnesia|p2a: Clodsire
|-boost|p2a: Clodsire|spd|2
|
|-damage|p1a: Leafeon|63/100 tox|[from] psn
|upkeep
|turn|16
|
|t:|1758277669
|-terastallize|p1a: Leafeon|Psychic
|move|p1a: Leafeon|Stored Power|p2a: Clodsire
|-supereffective|p2a: Clodsire
|-damage|p2a: Clodsire|83/100
|move|p2a: Clodsire|Amnesia|p2a: Clodsire
|-boost|p2a: Clodsire|spd|2
|
|-heal|p2a: Clodsire|90/100|[from] item: Black Sludge
|-damage|p1a: Leafeon|38/100 tox|[from] psn
|upkeep
|turn|17
|-message|aaron200589 forfeited.
|
|win|Denvertzzz
|raw|aaron200589's rating: 1264 &rarr; <strong>1236</strong><br />(-28 for losing)
|raw|Denvertzzz's rating: 1223 &rarr; <strong>1251</strong><br />(+28 for winning)
|l|☆aaron200589
|player|p1|
|l|☆Denvertzzz
|player|p2|
