|j|☆naughtypult
|j|☆mathismathin
|t:|1758236403
|gametype|singles
|player|p1|naughtypult|blue|1743
|player|p2|mathismathin|hilbert|1719
|gen|9
|tier|[Gen 9] OU
|rated|
|rule|HP Percentage Mod: HP is shown in percentages
|rule|Endless Battle Clause: Forcing endless battles is banned
|rule|Species Clause: Limit one of each Pokémon
|rule|OHKO Clause: OHKO moves are banned
|rule|Evasion Items Clause: Evasion items are banned
|rule|Evasion Moves Clause: Evasion moves are banned
|rule|Evasion Abilities Clause: Evasion abilities are banned
|rule|Sleep Moves Clause: Sleep-inducing moves are banned
|clearpoke
|poke|p1|Moltres|
|poke|p1|Gholdengo|
|poke|p1|Ting-Lu|
|poke|p1|Meowscarada, F|
|poke|p1|Dragonite, F|
|poke|p1|Slowking-Galar, F|
|poke|p2|Blaziken, F|
|poke|p2|Ogerpon-Wellspring, F|
|poke|p2|Ceruledge, F|
|poke|p2|Dragonite, M|
|poke|p2|Iron Treads|
|poke|p2|Gholdengo|
|teampreview
|
|t:|1758236422
|teamsize|p1|6
|teamsize|p2|6
|start
|switch|p1a: Ting-Lu|Ting-Lu|100/100
|switch|p2a: Blaziken|Blaziken, F|100/100
|-ability|p1a: Ting-Lu|Vessel of Ruin
|turn|1
|inactive|Battle timer is ON: inactive players will automatically lose when time's up. (requested by naughtypult)
|inactive|mathismathin has 120 seconds left.
|
|t:|1758236491
|move|p2a: Blaziken|Close Combat|p1a: Ting-Lu
|-supereffective|p1a: Ting-Lu
|-damage|p1a: Ting-Lu|23/100
|-unboost|p2a: Blaziken|def|1
|-unboost|p2a: Blaziken|spd|1
|-damage|p2a: Blaziken|91/100|[from] item: Life Orb
|move|p1a: Ting-Lu|Spikes|p2a: Blaziken
|-sidestart|p2: mathismathin|Spikes
|
|-heal|p1a: Ting-Lu|29/100|[from] item: Leftovers
|-ability|p2a: Blaziken|Speed Boost|boost
|-boost|p2a: Blaziken|spe|1
|upkeep
|turn|2
|
|t:|1758236499
|switch|p1a: Moltres|Moltres|100/100
|move|p2a: Blaziken|Close Combat|p1a: Moltres
|-resisted|p1a: Moltres
|-damage|p1a: Moltres|69/100
|-unboost|p2a: Blaziken|def|1
|-unboost|p2a: Blaziken|spd|1
|-damage|p2a: Blaziken|81/100|[from] item: Life Orb
|
|-ability|p2a: Blaziken|Speed Boost|boost
|-boost|p2a: Blaziken|spe|1
|upkeep
|turn|3
|
|t:|1758236516
|switch|p1a: Gholdengo|Gholdengo|100/100
|move|p2a: Blaziken|Stone Edge|p1a: Gholdengo
|-resisted|p1a: Gholdengo
|-crit|p1a: Gholdengo
|-damage|p1a: Gholdengo|75/100
|-damage|p2a: Blaziken|71/100|[from] item: Life Orb
|
|-heal|p1a: Gholdengo|81/100|[from] item: Leftovers
|-ability|p2a: Blaziken|Speed Boost|boost
|-boost|p2a: Blaziken|spe|1
|upkeep
|turn|4
|
|t:|1758236532
|-terastallize|p1a: Gholdengo|Fairy
|move|p2a: Blaziken|Flare Blitz|p1a: Gholdengo
|-damage|p1a: Gholdengo|20/100
|-damage|p2a: Blaziken|45/100|[from] Recoil
|-damage|p2a: Blaziken|35/100|[from] item: Life Orb
|move|p1a: Gholdengo|Shadow Ball|p2a: Blaziken
|-damage|p2a: Blaziken|0 fnt
|faint|p2a: Blaziken
|
|-heal|p1a: Gholdengo|26/100|[from] item: Leftovers
|upkeep
|j| IWasBornFaat
|inactive|mathismathin has 120 seconds left.
|
|t:|1758236569
|switch|p2a: Ceruledge|Ceruledge, F|100/100
|-damage|p2a: Ceruledge|88/100|[from] Spikes
|turn|5
|inactive|mathismathin has 120 seconds left.
|
|t:|1758236574
|move|p2a: Ceruledge|Bitter Blade|p1a: Gholdengo
|-damage|p1a: Gholdengo|0 fnt
|-heal|p2a: Ceruledge|100/100|[from] drain|[of] p1a: Gholdengo
|faint|p1a: Gholdengo
|
|upkeep
|
|t:|1758236577
|switch|p1a: Moltres|Moltres|69/100
|turn|6
|inactive|mathismathin has 120 seconds left.
|
|t:|1758236593
|move|p2a: Ceruledge|Swords Dance|p2a: Ceruledge
|-boost|p2a: Ceruledge|atk|2
|move|p1a: Moltres|Roost|p1a: Moltres
|-heal|p1a: Moltres|100/100
|-singleturn|p1a: Moltres|move: Roost
|
|upkeep
|turn|7
|
|t:|1758236595
|move|p2a: Ceruledge|Poltergeist|p1a: Moltres
|-activate|p1a: Moltres|move: Poltergeist|Heavy-Duty Boots
|-damage|p1a: Moltres|19/100
|move|p1a: Moltres|Roar|p2a: Ceruledge
|drag|p2a: Iron Treads|Iron Treads|100/100
|-damage|p2a: Iron Treads|88/100|[from] Spikes
|-enditem|p2a: Iron Treads|Booster Energy
|-activate|p2a: Iron Treads|ability: Quark Drive|[fromitem]
|-start|p2a: Iron Treads|quarkdriveatk
|
|upkeep
|turn|8
|
|t:|1758236604
|move|p2a: Iron Treads|Ice Spinner|p1a: Moltres
|-damage|p1a: Moltres|0 fnt
|faint|p1a: Moltres
|
|upkeep
|
|t:|1758236611
|switch|p1a: Meowscarada|Meowscarada, F|100/100
|turn|9
|
|t:|1758236615
|move|p1a: Meowscarada|Triple Axel|p2a: Iron Treads
|-start|p1a: Meowscarada|typechange|Ice|[from] ability: Protean
|-crit|p2a: Iron Treads
|-damage|p2a: Iron Treads|75/100
|-damage|p2a: Iron Treads|58/100
|-damage|p2a: Iron Treads|34/100
|-hitcount|p2a: Iron Treads|3
|move|p2a: Iron Treads|Rapid Spin|p1a: Meowscarada
|-damage|p1a: Meowscarada|68/100
|-boost|p2a: Iron Treads|spe|1
|-sideend|p2: mathismathin|Spikes|[from] move: Rapid Spin|[of] p2a: Iron Treads
|
|upkeep
|turn|10
|
|t:|1758236626
|move|p2a: Iron Treads|Stealth Rock|p1a: Meowscarada
|-sidestart|p1: naughtypult|move: Stealth Rock
|move|p1a: Meowscarada|Flower Trick|p2a: Iron Treads
|-crit|p2a: Iron Treads
|-damage|p2a: Iron Treads|3/100
|
|upkeep
|turn|11
|
|t:|1758236630
|move|p2a: Iron Treads|Earthquake|p1a: Meowscarada
|-damage|p1a: Meowscarada|0 fnt
|faint|p1a: Meowscarada
|
|upkeep
|
|t:|1758236637
|switch|p1a: Dragonite|Dragonite, F|100/100
|turn|12
|
|t:|1758236642
|-end|p2a: Iron Treads|Quark Drive|[silent]
|switch|p2a: Ceruledge|Ceruledge, F|100/100
|move|p1a: Dragonite|Earthquake|p2a: Ceruledge
|-supereffective|p2a: Ceruledge
|-enditem|p2a: Ceruledge|Focus Sash
|-damage|p2a: Ceruledge|1/100
|-ability|p2a: Ceruledge|Weak Armor|boost
|-unboost|p2a: Ceruledge|def|1
|-boost|p2a: Ceruledge|spe|2
|
|upkeep
|turn|13
|
|t:|1758236657
|move|p2a: Ceruledge|Destiny Bond|p2a: Ceruledge
|-singlemove|p2a: Ceruledge|Destiny Bond
|move|p1a: Dragonite|Dragon Dance|p1a: Dragonite
|-boost|p1a: Dragonite|atk|1
|-boost|p1a: Dragonite|spe|1
|
|upkeep
|turn|14
|
|t:|1758236667
|move|p2a: Ceruledge|Poltergeist|p1a: Dragonite
|-activate|p1a: Dragonite|move: Poltergeist|Heavy-Duty Boots
|-damage|p1a: Dragonite|71/100
|move|p1a: Dragonite|Dragon Dance|p1a: Dragonite
|-boost|p1a: Dragonite|atk|1
|-boost|p1a: Dragonite|spe|1
|
|upkeep
|turn|15
|
|t:|1758236672
|move|p2a: Ceruledge|Poltergeist|p1a: Dragonite
|-activate|p1a: Dragonite|move: Poltergeist|Heavy-Duty Boots
|-damage|p1a: Dragonite|8/100
|move|p1a: Dragonite|Dragon Dance|p1a: Dragonite
|-boost|p1a: Dragonite|atk|1
|-boost|p1a: Dragonite|spe|1
|
|upkeep
|turn|16
|
|t:|1758236679
|move|p1a: Dragonite|Ice Spinner|p2a: Ceruledge
|-resisted|p2a: Ceruledge
|-damage|p2a: Ceruledge|0 fnt
|faint|p2a: Ceruledge
|
|upkeep
|
|t:|1758236681
|switch|p2a: Gholdengo|Gholdengo|100/100
|-item|p2a: Gholdengo|Air Balloon
|turn|17
|
|t:|1758236684
|move|p1a: Dragonite|Ice Spinner|p2a: Gholdengo
|-resisted|p2a: Gholdengo
|-damage|p2a: Gholdengo|60/100
|-enditem|p2a: Gholdengo|Air Balloon
|move|p2a: Gholdengo|Psyshock|p1a: Dragonite
|-damage|p1a: Dragonite|0 fnt
|faint|p1a: Dragonite
|
|upkeep
|-message|naughtypult forfeited.
|
|win|mathismathin
|raw|naughtypult's rating: 1743 &rarr; <strong>1723</strong><br />(-20 for losing)
|raw|mathismathin's rating: 1738 &rarr; <strong>1758</strong><br />(+20 for winning)
|l|☆naughtypult
|player|p1|
|l| IWasBornFaat
