|j|☆fitw
|j|☆jpb1117
|t:|1758294581
|gametype|singles
|player|p1|fitw|170|1216
|player|p2|jpb1117|drayden|1251
|gen|9
|tier|[Gen 9] OU
|rated|
|rule|HP Percentage Mod: HP is shown in percentages
|rule|Endless Battle Clause: Forcing endless battles is banned
|rule|Species Clause: Limit one of each Pokémon
|rule|OHKO Clause: OHKO moves are banned
|rule|Evasion Items Clause: Evasion items are banned
|rule|Evasion Moves Clause: Evasion moves are banned
|rule|Evasion Abilities Clause: Evasion abilities are banned
|rule|Sleep Moves Clause: Sleep-inducing moves are banned
|clearpoke
|poke|p1|Skeledirge, F|
|poke|p1|Cinderace, F|
|poke|p1|Moltres|
|poke|p1|Volcanion|
|poke|p1|Ceruledge, F|
|poke|p1|Heatran, M|
|poke|p2|Feraligatr, F|
|poke|p2|Umbreon, F|
|poke|p2|Entei|
|poke|p2|Ampharos, M|
|poke|p2|Tauros, M|
|poke|p2|Scizor, M|
|teampreview
|inactive|Battle timer is ON: inactive players will automatically lose when time's up. (requested by fitw)
|
|t:|1758294589
|teamsize|p1|6
|teamsize|p2|6
|start
|switch|p1a: Cinderace|Cinderace, F|100/100
|switch|p2a: Scizor|Scizor, M|100/100
|turn|1
|c|☆jpb1117|gl
|
|t:|1758294599
|-terastallize|p2a: Scizor|Fire
|move|p1a: Cinderace|Pyro Ball|p2a: Scizor
|-resisted|p2a: Scizor
|-damage|p2a: Scizor|55/100
|move|p2a: Scizor|Bug Bite|p1a: Cinderace
|-resisted|p1a: Cinderace
|-damage|p1a: Cinderace|45/100
|
|upkeep
|turn|2
|
|t:|1758294607
|switch|p1a: Heatran|Heatran, M|100/100
|-item|p1a: Heatran|Air Balloon
|move|p2a: Scizor|Bug Bite|p1a: Heatran
|-resisted|p1a: Heatran
|-damage|p1a: Heatran|88/100
|-enditem|p1a: Heatran|Air Balloon
|
|upkeep
|turn|3
|
|t:|1758294619
|switch|p2a: Tauros|Tauros, M|100/100
|move|p1a: Heatran|Stealth Rock|p2a: Tauros
|-sidestart|p2: jpb1117|move: Stealth Rock
|
|upkeep
|turn|4
|
|t:|1758294627
|switch|p1a: Skeledirge|Skeledirge, F|100/100
|move|p2a: Tauros|Substitute|p2a: Tauros
|-start|p2a: Tauros|Substitute
|-damage|p2a: Tauros|76/100
|
|upkeep
|turn|5
|
|t:|1758294633
|move|p2a: Tauros|Throat Chop|p1a: Skeledirge
|-supereffective|p1a: Skeledirge
|-damage|p1a: Skeledirge|38/100
|move|p1a: Skeledirge|Torch Song|p2a: Tauros
|-damage|p2a: Tauros|30/100
|-boost|p1a: Skeledirge|spa|1
|
|-heal|p1a: Skeledirge|44/100|[from] item: Leftovers
|upkeep
|turn|6
|
|t:|1758294644
|move|p2a: Tauros|Throat Chop|p1a: Skeledirge
|-supereffective|p1a: Skeledirge
|-damage|p1a: Skeledirge|0 fnt
|faint|p1a: Skeledirge
|
|upkeep
|
|t:|1758294651
|switch|p1a: Moltres|Moltres|100/100
|turn|7
|
|t:|1758294657
|move|p2a: Tauros|Body Slam|p1a: Moltres
|-damage|p1a: Moltres|40/100
|move|p1a: Moltres|U-turn|p2a: Tauros
|-activate|p2a: Tauros|move: Substitute|[damage]
|
|t:|1758294679
|switch|p1a: Cinderace|Cinderace, F|45/100|[from] U-turn
|
|upkeep
|turn|8
|
|t:|1758294686
|move|p1a: Cinderace|U-turn|p2a: Tauros
|-start|p1a: Cinderace|typechange|Bug|[from] ability: Libero
|-end|p2a: Tauros|Substitute
|
|t:|1758294695
|switch|p1a: Heatran|Heatran, M|88/100|[from] U-turn
|move|p2a: Tauros|Body Slam|p1a: Heatran
|-resisted|p1a: Heatran
|-damage|p1a: Heatran|66/100
|
|upkeep
|turn|9
|
|t:|1758294709
|move|p2a: Tauros|Close Combat|p1a: Heatran
|-supereffective|p1a: Heatran
|-damage|p1a: Heatran|0 fnt
|-unboost|p2a: Tauros|def|1
|-unboost|p2a: Tauros|spd|1
|faint|p1a: Heatran
|-damage|p2a: Tauros|20/100|[from] item: Life Orb
|
|upkeep
|
|t:|1758294715
|switch|p1a: Volcanion|Volcanion|100/100
|turn|10
|
|t:|1758294721
|move|p1a: Volcanion|Steam Eruption|p2a: Tauros
|-damage|p2a: Tauros|0 fnt
|faint|p2a: Tauros
|
|upkeep
|
|t:|1758294728
|switch|p2a: Ampharos|Ampharos, M|100/100
|-damage|p2a: Ampharos|88/100|[from] Stealth Rock
|turn|11
|
|t:|1758294745
|switch|p1a: Moltres|Moltres|40/100
|move|p2a: Ampharos|Meteor Beam||[still]
|-prepare|p2a: Ampharos|Meteor Beam
|-boost|p2a: Ampharos|spa|1
|-enditem|p2a: Ampharos|Power Herb
|-anim|p2a: Ampharos|Meteor Beam|p1a: Moltres
|-supereffective|p1a: Moltres
|-damage|p1a: Moltres|0 fnt
|faint|p1a: Moltres
|
|upkeep
|
|t:|1758294762
|switch|p1a: Ceruledge|Ceruledge, F|100/100
|turn|12
|
|t:|1758294774
|move|p1a: Ceruledge|Bitter Blade|p2a: Ampharos
|-damage|p2a: Ampharos|45/100
|-status|p1a: Ceruledge|par|[from] ability: Static|[of] p2a: Ampharos
|move|p2a: Ampharos|Thunderbolt|p1a: Ceruledge
|-damage|p1a: Ceruledge|17/100 par
|
|upkeep
|turn|13
|
|t:|1758294785
|move|p1a: Ceruledge|Bitter Blade|p2a: Ampharos
|-damage|p2a: Ampharos|2/100
|-heal|p1a: Ceruledge|45/100 par|[from] drain|[of] p2a: Ampharos
|move|p2a: Ampharos|Dragon Pulse|p1a: Ceruledge
|-damage|p1a: Ceruledge|0 fnt
|faint|p1a: Ceruledge
|
|upkeep
|
|t:|1758294789
|switch|p1a: Cinderace|Cinderace, F|45/100
|turn|14
|
|t:|1758294796
|move|p1a: Cinderace|U-turn|p2a: Ampharos
|-start|p1a: Cinderace|typechange|Bug|[from] ability: Libero
|-damage|p2a: Ampharos|0 fnt
|faint|p2a: Ampharos
|
|t:|1758294798
|switch|p1a: Volcanion|Volcanion|100/100|[from] U-turn
|
|upkeep
|
|t:|1758294805
|switch|p2a: Feraligatr|Feraligatr, F|100/100
|-damage|p2a: Feraligatr|88/100|[from] Stealth Rock
|turn|15
|
|t:|1758294811
|move|p1a: Volcanion|Earth Power|p2a: Feraligatr
|-damage|p2a: Feraligatr|48/100
|move|p2a: Feraligatr|Dragon Dance|p2a: Feraligatr
|-boost|p2a: Feraligatr|atk|1
|-boost|p2a: Feraligatr|spe|1
|
|upkeep
|turn|16
|
|t:|1758294822
|move|p2a: Feraligatr|Crunch|p1a: Volcanion
|-damage|p1a: Volcanion|43/100
|move|p1a: Volcanion|Earth Power|p2a: Feraligatr
|-damage|p2a: Feraligatr|10/100
|
|upkeep
|turn|17
|
|t:|1758294828
|move|p2a: Feraligatr|Crunch|p1a: Volcanion
|-damage|p1a: Volcanion|0 fnt
|faint|p1a: Volcanion
|
|upkeep
|
|t:|1758294830
|switch|p1a: Cinderace|Cinderace, F|45/100
|turn|18
|
|t:|1758294841
|move|p2a: Feraligatr|Liquidation|p1a: Cinderace
|-supereffective|p1a: Cinderace
|-damage|p1a: Cinderace|0 fnt
|faint|p1a: Cinderace
|
|win|jpb1117
|raw|fitw's rating: 1216 &rarr; <strong>1194</strong><br />(-22 for losing)
|raw|jpb1117's rating: 1251 &rarr; <strong>1273</strong><br />(+22 for winning)
|l|☆fitw
|player|p1|
|l|☆jpb1117
|player|p2|
