|j|☆MyXoo
|j|☆dezzolu
|t:|1758309233
|gametype|singles
|player|p1|MyXoo|bea|1160
|player|p2|dezzolu|volkner|1099
|gen|9
|tier|[Gen 9] OU
|rated|
|rule|HP Percentage Mod: HP is shown in percentages
|rule|Endless Battle Clause: Forcing endless battles is banned
|rule|Species Clause: Limit one of each Pokémon
|rule|OHKO Clause: OHKO moves are banned
|rule|Evasion Items Clause: Evasion items are banned
|rule|Evasion Moves Clause: Evasion moves are banned
|rule|Evasion Abilities Clause: Evasion abilities are banned
|rule|Sleep Moves Clause: Sleep-inducing moves are banned
|clearpoke
|poke|p1|Samurott-Hisui, M|
|poke|p1|Scizor, F|
|poke|p1|Dragapult, M|
|poke|p1|Kingambit, F|
|poke|p1|Landorus-Therian, M|
|poke|p1|Primarina, M|
|poke|p2|Ambipom, F|
|poke|p2|Hatterene, F|
|poke|p2|Lucario, M|
|poke|p2|Swampert, M|
|poke|p2|Meowscarada, M|
|poke|p2|Skeledirge, M|
|teampreview
|
|t:|1758309247
|teamsize|p1|6
|teamsize|p2|6
|start
|switch|p1a: Samurott|Samurott-Hisui, M|100/100
|switch|p2a: Swampert|Swampert, M|100/100
|turn|1
|
|t:|1758309257
|switch|p2a: Hatterene|Hatterene, F|100/100
|move|p1a: Samurott|Ceaseless Edge|p2a: Hatterene
|-damage|p2a: Hatterene|58/100
|-sidestart|p2: dezzolu|Spikes
|
|-heal|p2a: Hatterene|64/100|[from] item: Leftovers
|upkeep
|turn|2
|
|t:|1758309266
|move|p2a: Hatterene|Protect|p2a: Hatterene
|-singleturn|p2a: Hatterene|Protect
|move|p1a: Samurott|Ceaseless Edge|p2a: Hatterene
|-activate|p2a: Hatterene|move: Protect
|
|-heal|p2a: Hatterene|70/100|[from] item: Leftovers
|upkeep
|turn|3
|
|t:|1758309275
|move|p1a: Samurott|Knock Off|p2a: Hatterene
|-damage|p2a: Hatterene|27/100
|-enditem|p2a: Hatterene|Leftovers|[from] move: Knock Off|[of] p1a: Samurott
|move|p2a: Hatterene|Dazzling Gleam|p1a: Samurott
|-supereffective|p1a: Samurott
|-enditem|p1a: Samurott|Focus Sash
|-damage|p1a: Samurott|1/100
|
|upkeep
|turn|4
|
|t:|1758309283
|move|p1a: Samurott|Ceaseless Edge|p2a: Hatterene
|-damage|p2a: Hatterene|0 fnt
|-sidestart|p2: dezzolu|Spikes
|faint|p2a: Hatterene
|
|upkeep
|
|t:|1758309288
|switch|p2a: Lucario|Lucario, M|100/100
|-damage|p2a: Lucario|84/100|[from] Spikes
|turn|5
|
|t:|1758309301
|move|p2a: Lucario|Flash Cannon|p1a: Samurott
|-resisted|p1a: Samurott
|-damage|p1a: Samurott|0 fnt
|faint|p1a: Samurott
|-damage|p2a: Lucario|74/100|[from] item: Life Orb
|
|upkeep
|
|t:|1758309322
|switch|p1a: Dragapult|Dragapult, M|100/100
|turn|6
|
|t:|1758309335
|move|p1a: Dragapult|Draco Meteor|p2a: Lucario|[miss]
|-miss|p1a: Dragapult|p2a: Lucario
|move|p2a: Lucario|Nasty Plot|p2a: Lucario
|-boost|p2a: Lucario|spa|2
|
|upkeep
|turn|7
|
|t:|1758309346
|move|p1a: Dragapult|Draco Meteor|p2a: Lucario
|-resisted|p2a: Lucario
|-damage|p2a: Lucario|0 fnt
|-unboost|p1a: Dragapult|spa|2
|faint|p2a: Lucario
|
|upkeep
|-message|dezzolu forfeited.
|
|win|MyXoo
|raw|MyXoo's rating: 1160 &rarr; <strong>1181</strong><br />(+21 for winning)
|raw|dezzolu's rating: 1099 &rarr; <strong>1078</strong><br />(-21 for losing)
