|j|☆geigeidragon
|j|☆HotWalnuts
|t:|1758341733
|gametype|singles
|player|p1|geigeidragon|dawn-gen4pt|1606
|player|p2|HotWalnuts|101|1585
|gen|9
|tier|[Gen 9] OU
|rated|
|rule|HP Percentage Mod: HP is shown in percentages
|rule|Endless Battle Clause: Forcing endless battles is banned
|rule|Species Clause: Limit one of each Pokémon
|rule|OHKO Clause: OHKO moves are banned
|rule|Evasion Items Clause: Evasion items are banned
|rule|Evasion Moves Clause: Evasion moves are banned
|rule|Evasion Abilities Clause: Evasion abilities are banned
|rule|Sleep Moves Clause: Sleep-inducing moves are banned
|clearpoke
|poke|p1|Tyranitar, F|
|poke|p1|Excadrill, M|
|poke|p1|Keldeo-Resolute|
|poke|p1|Tornadus-Therian, M|
|poke|p1|Heatran, M|
|poke|p1|Hydrapple, F|
|poke|p2|Ninetales, F|
|poke|p2|Ceruledge, M|
|poke|p2|Venusaur, F|
|poke|p2|Hatterene, F|
|poke|p2|Great Tusk|
|poke|p2|Walking Wake|
|teampreview
|inactive|Battle timer is ON: inactive players will automatically lose when time's up. (requested by geigeidragon)
|inactive|HotWalnuts also wants the timer to be on.
|inactive|geigeidragon has 120 seconds left.
|
|t:|1758341773
|teamsize|p1|6
|teamsize|p2|6
|start
|switch|p1a: Keldeo|Keldeo-Resolute|100/100
|switch|p2a: Walking Wake|Walking Wake|100/100
|turn|1
|
|t:|1758341787
|move|p1a: Keldeo|Secret Sword|p2a: Walking Wake
|-damage|p2a: Walking Wake|24/100
|move|p2a: Walking Wake|Draco Meteor|p1a: Keldeo|[miss]
|-miss|p2a: Walking Wake|p1a: Keldeo
|
|upkeep
|turn|2
|
|t:|1758341799
|switch|p1a: Tyranitar|Tyranitar, F|100/100
|-weather|Sandstorm|[from] ability: Sand Stream|[of] p1a: Tyranitar
|-end|p2a: Walking Wake|Protosynthesis|[silent]
|switch|p2a: Venusaur|Venusaur, F|100/100
|
|-weather|Sandstorm|[upkeep]
|-damage|p2a: Venusaur|95/100|[from] Sandstorm
|upkeep
|turn|3
|
|t:|1758341806
|switch|p2a: Great Tusk|Great Tusk|100/100
|move|p1a: Tyranitar|Knock Off|p2a: Great Tusk
|-resisted|p2a: Great Tusk
|-damage|p2a: Great Tusk|74/100
|-damage|p1a: Tyranitar|84/100|[from] item: Rocky Helmet|[of] p2a: Great Tusk
|-enditem|p2a: Great Tusk|Rocky Helmet|[from] move: Knock Off|[of] p1a: Tyranitar
|
|-weather|Sandstorm|[upkeep]
|upkeep
|turn|4
|
|t:|1758341818
|switch|p1a: Tornadus|Tornadus-Therian, M|100/100
|move|p2a: Great Tusk|Stealth Rock|p1a: Tornadus
|-sidestart|p1: geigeidragon|move: Stealth Rock
|
|-weather|Sandstorm|[upkeep]
|-damage|p1a: Tornadus|94/100|[from] Sandstorm
|upkeep
|turn|5
|
|t:|1758341844
|-end|p2a: Great Tusk|Protosynthesis|[silent]
|switch|p2a: Ninetales|Ninetales, F|100/100
|-weather|SunnyDay|[from] ability: Drought|[of] p2a: Ninetales
|move|p1a: Tornadus|U-turn|p2a: Ninetales
|-resisted|p2a: Ninetales
|-damage|p2a: Ninetales|91/100
|
|t:|1758341852
|switch|p1a: Tyranitar|Tyranitar, F|84/100|[from] U-turn
|-damage|p1a: Tyranitar|72/100|[from] Stealth Rock
|-weather|Sandstorm|[from] ability: Sand Stream|[of] p1a: Tyranitar
|
|-weather|Sandstorm|[upkeep]
|-damage|p2a: Ninetales|85/100|[from] Sandstorm
|upkeep
|turn|6
|
|t:|1758341864
|switch|p2a: Hatterene|Hatterene, F|100/100
|move|p1a: Tyranitar|Ice Punch|p2a: Hatterene
|-damage|p2a: Hatterene|62/100
|-enditem|p2a: Hatterene|Eject Button
|
|t:|1758341867
|switch|p2a: Ninetales|Ninetales, F|85/100
|-weather|SunnyDay|[from] ability: Drought|[of] p2a: Ninetales
|
|-weather|SunnyDay|[upkeep]
|upkeep
|turn|7
|inactive|HotWalnuts has 120 seconds left.
|
|t:|1758341901
|switch|p2a: Great Tusk|Great Tusk|74/100
|-activate|p2a: Great Tusk|ability: Protosynthesis
|-start|p2a: Great Tusk|protosynthesisspe
|switch|p1a: Tornadus|Tornadus-Therian, M|100/100
|
|-weather|SunnyDay|[upkeep]
|upkeep
|turn|8
|inactive|HotWalnuts has 120 seconds left.
|
|t:|1758341914
|-terastallize|p2a: Great Tusk|Fire
|move|p2a: Great Tusk|Ice Spinner|p1a: Tornadus
|-supereffective|p1a: Tornadus
|-damage|p1a: Tornadus|46/100
|move|p1a: Tornadus|Bleakwind Storm|p2a: Great Tusk
|-damage|p2a: Great Tusk|27/100
|-unboost|p2a: Great Tusk|spe|1
|
|-weather|SunnyDay|[upkeep]
|upkeep
|turn|9
|
|t:|1758341926
|move|p1a: Tornadus|Heat Wave|p2a: Great Tusk
|-resisted|p2a: Great Tusk
|-crit|p2a: Great Tusk
|-damage|p2a: Great Tusk|0 fnt
|faint|p2a: Great Tusk
|-end|p2a: Great Tusk|Protosynthesis|[silent]
|
|-weather|SunnyDay|[upkeep]
|upkeep
|
|t:|1758341934
|switch|p2a: Venusaur|Venusaur, F|95/100
|turn|10
|
|t:|1758341940
|move|p2a: Venusaur|Growth|p2a: Venusaur
|-boost|p2a: Venusaur|atk|2
|-boost|p2a: Venusaur|spa|2
|move|p1a: Tornadus|Bleakwind Storm|p2a: Venusaur
|-supereffective|p2a: Venusaur
|-damage|p2a: Venusaur|11/100
|
|-weather|SunnyDay|[upkeep]
|upkeep
|turn|11
|
|t:|1758341964
|switch|p1a: Hydrapple|Hydrapple, F|100/100
|-damage|p1a: Hydrapple|88/100|[from] Stealth Rock
|move|p2a: Venusaur|Giga Drain|p1a: Hydrapple
|-resisted|p1a: Hydrapple
|-damage|p1a: Hydrapple|64/100
|-heal|p2a: Venusaur|27/100|[from] drain|[of] p1a: Hydrapple
|-damage|p2a: Venusaur|17/100|[from] item: Life Orb
|
|-weather|SunnyDay|[upkeep]
|upkeep
|turn|12
|inactive|geigeidragon has 120 seconds left.
|
|t:|1758341985
|switch|p1a: Tyranitar|Tyranitar, F|72/100
|-damage|p1a: Tyranitar|59/100|[from] Stealth Rock
|-weather|Sandstorm|[from] ability: Sand Stream|[of] p1a: Tyranitar
|move|p2a: Venusaur|Weather Ball|p1a: Tyranitar
|-damage|p1a: Tyranitar|5/100
|-damage|p2a: Venusaur|7/100|[from] item: Life Orb
|
|-weather|Sandstorm|[upkeep]
|-damage|p2a: Venusaur|1/100|[from] Sandstorm
|upkeep
|turn|13
|inactive|geigeidragon has 120 seconds left.
|
|t:|1758342020
|switch|p1a: Tornadus|Tornadus-Therian, M|79/100
|move|p2a: Venusaur|Weather Ball|p1a: Tornadus
|-supereffective|p1a: Tornadus
|-damage|p1a: Tornadus|0 fnt
|faint|p1a: Tornadus
|-damage|p2a: Venusaur|0 fnt|[from] item: Life Orb
|faint|p2a: Venusaur
|
|-weather|Sandstorm|[upkeep]
|upkeep
|inactive|geigeidragon has 90 seconds left.
|
|t:|1758342032
|switch|p1a: Excadrill|Excadrill, M|100/100
|switch|p2a: Ninetales|Ninetales, F|85/100
|-damage|p1a: Excadrill|97/100|[from] Stealth Rock
|-item|p1a: Excadrill|Air Balloon
|-weather|SunnyDay|[from] ability: Drought|[of] p2a: Ninetales
|turn|14
|inactive|geigeidragon has 90 seconds left.
|
|t:|1758342045
|-terastallize|p1a: Excadrill|Ghost
|move|p2a: Ninetales|Flamethrower|p1a: Excadrill
|-damage|p1a: Excadrill|45/100
|-enditem|p1a: Excadrill|Air Balloon
|move|p1a: Excadrill|Rapid Spin|p2a: Ninetales
|-damage|p2a: Ninetales|59/100
|-boost|p1a: Excadrill|spe|1
|-sideend|p1: geigeidragon|Stealth Rock|[from] move: Rapid Spin|[of] p1a: Excadrill
|
|-weather|SunnyDay|[upkeep]
|upkeep
|turn|15
|
|t:|1758342053
|switch|p2a: Hatterene|Hatterene, F|62/100
|move|p1a: Excadrill|Earthquake|p2a: Hatterene
|-damage|p2a: Hatterene|11/100
|
|-weather|SunnyDay|[upkeep]
|upkeep
|turn|16
|
|t:|1758342058
|move|p1a: Excadrill|Earthquake|p2a: Hatterene
|-damage|p2a: Hatterene|0 fnt
|faint|p2a: Hatterene
|
|-weather|SunnyDay|[upkeep]
|upkeep
|
|t:|1758342062
|switch|p2a: Ceruledge|Ceruledge, M|100/100
|turn|17
|
|t:|1758342070
|switch|p1a: Tyranitar|Tyranitar, F|5/100
|-weather|Sandstorm|[from] ability: Sand Stream|[of] p1a: Tyranitar
|move|p2a: Ceruledge|Swords Dance|p2a: Ceruledge
|-boost|p2a: Ceruledge|atk|2
|
|-weather|Sandstorm|[upkeep]
|-damage|p2a: Ceruledge|94/100|[from] Sandstorm
|upkeep
|turn|18
|inactive|geigeidragon has 120 seconds left.
|
|t:|1758342087
|switch|p1a: Heatran|Heatran, M|100/100
|move|p2a: Ceruledge|Bitter Blade|p1a: Heatran
|-damage|p1a: Heatran|17/100
|-heal|p2a: Ceruledge|100/100|[from] drain|[of] p1a: Heatran
|
|-weather|Sandstorm|[upkeep]
|-damage|p2a: Ceruledge|94/100|[from] Sandstorm
|-heal|p1a: Heatran|24/100|[from] item: Leftovers
|upkeep
|turn|19
|
|t:|1758342093
|move|p2a: Ceruledge|Bitter Blade|p1a: Heatran
|-damage|p1a: Heatran|0 fnt
|-heal|p2a: Ceruledge|100/100|[from] drain|[of] p1a: Heatran
|faint|p1a: Heatran
|
|-weather|Sandstorm|[upkeep]
|-damage|p2a: Ceruledge|94/100|[from] Sandstorm
|upkeep
|inactive|geigeidragon has 120 seconds left.
|
|t:|1758342101
|switch|p1a: Excadrill|Excadrill, M, tera:Ghost|45/100
|turn|20
|inactive|geigeidragon has 120 seconds left.
|inactive|HotWalnuts has 120 seconds left.
|
|t:|1758342152
|switch|p1a: Hydrapple|Hydrapple, F|98/100
|switch|p2a: Walking Wake|Walking Wake|24/100
|
|-weather|Sandstorm|[upkeep]
|-damage|p2a: Walking Wake|18/100|[from] Sandstorm
|-damage|p1a: Hydrapple|92/100|[from] Sandstorm
|upkeep
|turn|21
|inactive|geigeidragon has 120 seconds left.
|
|t:|1758342167
|move|p2a: Walking Wake|Dragon Pulse|p1a: Hydrapple
|-supereffective|p1a: Hydrapple
|-damage|p1a: Hydrapple|0 fnt
|faint|p1a: Hydrapple
|
|-weather|none
|upkeep
|
|t:|1758342179
|switch|p1a: Keldeo|Keldeo-Resolute|100/100
|turn|22
|
|t:|1758342188
|-end|p2a: Walking Wake|Protosynthesis|[silent]
|switch|p2a: Ceruledge|Ceruledge, M|94/100
|move|p1a: Keldeo|Secret Sword|p2a: Ceruledge
|-immune|p2a: Ceruledge
|
|upkeep
|turn|23
|inactive|HotWalnuts has 120 seconds left.
|
|t:|1758342195
|switch|p1a: Tyranitar|Tyranitar, F|5/100
|-weather|Sandstorm|[from] ability: Sand Stream|[of] p1a: Tyranitar
|move|p2a: Ceruledge|Bitter Blade|p1a: Tyranitar
|-resisted|p1a: Tyranitar
|-damage|p1a: Tyranitar|0 fnt
|-heal|p2a: Ceruledge|97/100|[from] drain|[of] p1a: Tyranitar
|faint|p1a: Tyranitar
|
|-weather|Sandstorm|[upkeep]
|-damage|p2a: Ceruledge|91/100|[from] Sandstorm
|upkeep
|
|t:|1758342206
|switch|p1a: Keldeo|Keldeo-Resolute|100/100
|turn|24
|
|t:|1758342214
|move|p1a: Keldeo|Surf|p2a: Ceruledge
|-supereffective|p2a: Ceruledge
|-damage|p2a: Ceruledge|0 fnt
|faint|p2a: Ceruledge
|
|-weather|Sandstorm|[upkeep]
|-damage|p1a: Keldeo|94/100|[from] Sandstorm
|upkeep
|
|t:|1758342216
|switch|p2a: Ninetales|Ninetales, F|59/100
|-weather|SunnyDay|[from] ability: Drought|[of] p2a: Ninetales
|turn|25
|
|t:|1758342221
|move|p1a: Keldeo|Surf|p2a: Ninetales
|-supereffective|p2a: Ninetales
|-damage|p2a: Ninetales|0 fnt
|faint|p2a: Ninetales
|
|-weather|SunnyDay|[upkeep]
|upkeep
|
|t:|1758342224
|switch|p2a: Walking Wake|Walking Wake|18/100
|-activate|p2a: Walking Wake|ability: Protosynthesis
|-start|p2a: Walking Wake|protosynthesisspa
|turn|26
|
|t:|1758342230
|switch|p1a: Excadrill|Excadrill, M, tera:Ghost|45/100
|move|p2a: Walking Wake|Dragon Pulse|p1a: Excadrill
|-damage|p1a: Excadrill|0 fnt
|faint|p1a: Excadrill
|
|-weather|SunnyDay|[upkeep]
|upkeep
|
|t:|1758342232
|switch|p1a: Keldeo|Keldeo-Resolute|94/100
|turn|27
|
|t:|1758342233
|move|p1a: Keldeo|Vacuum Wave|p2a: Walking Wake
|-damage|p2a: Walking Wake|0 fnt
|faint|p2a: Walking Wake
|-end|p2a: Walking Wake|Protosynthesis|[silent]
|
|win|geigeidragon
|raw|geigeidragon's rating: 1606 &rarr; <strong>1625</strong><br />(+19 for winning)
|raw|HotWalnuts's rating: 1585 &rarr; <strong>1566</strong><br />(-19 for losing)
|l|☆HotWalnuts
|player|p2|
|l|☆geigeidragon
|player|p1|
