|j|☆NORIAC
|j|☆hansie
|t:|1758263618
|gametype|singles
|player|p1|NORIAC|170|1155
|player|p2|hansie|hiker-gen3rs|1150
|gen|9
|tier|[Gen 9] OU
|rated|
|rule|HP Percentage Mod: HP is shown in percentages
|rule|Endless Battle Clause: Forcing endless battles is banned
|rule|Species Clause: Limit one of each Pokémon
|rule|OHKO Clause: OHKO moves are banned
|rule|Evasion Items Clause: Evasion items are banned
|rule|Evasion Moves Clause: Evasion moves are banned
|rule|Evasion Abilities Clause: Evasion abilities are banned
|rule|Sleep Moves Clause: Sleep-inducing moves are banned
|clearpoke
|poke|p1|Dragapult, F|
|poke|p1|Quaquaval, F|
|poke|p1|Hydreigon, F|
|poke|p1|Hatterene, F|
|poke|p1|Thundurus, M|
|poke|p1|Ninetales-Alola, F|
|poke|p2|Torkoal, F|
|poke|p2|Hatterene, F|
|poke|p2|Raging Bolt|
|poke|p2|Slither Wing|
|poke|p2|Arboliva, F|
|poke|p2|Walking Wake|
|teampreview
|
|t:|1758263653
|teamsize|p1|6
|teamsize|p2|6
|start
|switch|p1a: Thundurus|Thundurus, M|100/100
|switch|p2a: Torkoal|Torkoal, F|100/100
|-weather|SunnyDay|[from] ability: Drought|[of] p2a: Torkoal
|turn|1
|
|t:|1758263664
|move|p1a: Thundurus|Volt Switch|p2a: Torkoal
|-damage|p2a: Torkoal|58/100
|
|t:|1758263668
|switch|p1a: Ninetales|Ninetales-Alola, F|100/100|[from] Volt Switch
|-weather|Snowscape|[from] ability: Snow Warning|[of] p1a: Ninetales
|move|p2a: Torkoal|Stealth Rock|p1a: Ninetales
|-sidestart|p1: NORIAC|move: Stealth Rock
|
|-weather|Snowscape|[upkeep]
|upkeep
|turn|2
|
|t:|1758263677
|move|p1a: Ninetales|Aurora Veil|p1a: Ninetales
|-sidestart|p1: NORIAC|move: Aurora Veil
|move|p2a: Torkoal|Overheat|p1a: Ninetales
|-supereffective|p1a: Ninetales
|-damage|p1a: Ninetales|47/100
|-unboost|p2a: Torkoal|spa|2
|
|-weather|Snowscape|[upkeep]
|upkeep
|turn|3
|
|t:|1758263685
|switch|p1a: Quaquaval|Quaquaval, F|100/100
|-damage|p1a: Quaquaval|94/100|[from] Stealth Rock
|switch|p2a: Hatterene|Hatterene, F|100/100
|-item|p2a: Hatterene|Air Balloon
|
|-weather|Snowscape|[upkeep]
|upkeep
|turn|4
|
|t:|1758263697
|-terastallize|p1a: Quaquaval|Steel
|move|p1a: Quaquaval|Rapid Spin|p2a: Hatterene
|-damage|p2a: Hatterene|89/100
|-boost|p1a: Quaquaval|spe|1
|-enditem|p2a: Hatterene|Air Balloon
|-sideend|p1: NORIAC|Stealth Rock|[from] move: Rapid Spin|[of] p1a: Quaquaval
|move|p2a: Hatterene|Trick Room|p2a: Hatterene
|-fieldstart|move: Trick Room|[of] p2a: Hatterene
|
|-weather|Snowscape|[upkeep]
|upkeep
|turn|5
|
|t:|1758263708
|switch|p2a: Arboliva|Arboliva, F|100/100
|move|p1a: Quaquaval|Aqua Step|p2a: Arboliva
|-resisted|p2a: Arboliva
|-damage|p2a: Arboliva|82/100
|-boost|p1a: Quaquaval|spe|1
|
|-weather|none
|upkeep
|turn|6
|
|t:|1758263720
|switch|p1a: Hatterene|Hatterene, F|100/100
|move|p2a: Arboliva|Leech Seed|p1a: Hatterene
|move|p1a: Hatterene|Leech Seed|p2a: Arboliva|[from] ability: Magic Bounce
|-immune|p2a: Arboliva
|
|upkeep
|turn|7
|
|t:|1758263729
|move|p1a: Hatterene|Mystical Fire|p2a: Arboliva
|-supereffective|p2a: Arboliva
|-damage|p2a: Arboliva|53/100
|-unboost|p2a: Arboliva|spa|1
|move|p2a: Arboliva|Substitute|p2a: Arboliva
|-start|p2a: Arboliva|Substitute
|-damage|p2a: Arboliva|28/100
|
|upkeep
|turn|8
|
|t:|1758263740
|move|p1a: Hatterene|Mystical Fire|p2a: Arboliva
|-supereffective|p2a: Arboliva
|-end|p2a: Arboliva|Substitute
|move|p2a: Arboliva|Substitute|p2a: Arboliva
|-start|p2a: Arboliva|Substitute
|-damage|p2a: Arboliva|3/100
|-enditem|p2a: Arboliva|Starf Berry|[eat]
|-boost|p2a: Arboliva|spa|2|[from] item: Starf Berry
|
|-fieldend|move: Trick Room
|-item|p2a: Arboliva|Starf Berry|[from] ability: Harvest
|upkeep
|-enditem|p2a: Arboliva|Starf Berry|[eat]
|-boost|p2a: Arboliva|spd|2|[from] item: Starf Berry
|turn|9
|
|t:|1758263754
|move|p2a: Arboliva|Protect|p2a: Arboliva
|-singleturn|p2a: Arboliva|Protect
|move|p1a: Hatterene|Mystical Fire|p2a: Arboliva
|-activate|p2a: Arboliva|move: Protect
|
|-sideend|p1: NORIAC|move: Aurora Veil
|upkeep
|turn|10
|
|t:|1758263774
|move|p2a: Arboliva|Giga Drain|p1a: Hatterene
|-damage|p1a: Hatterene|64/100
|-heal|p2a: Arboliva|19/100|[from] drain|[of] p1a: Hatterene
|move|p1a: Hatterene|Mystical Fire|p2a: Arboliva
|-supereffective|p2a: Arboliva
|-activate|p2a: Arboliva|move: Substitute|[damage]
|
|-heal|p1a: Hatterene|70/100|[from] item: Leftovers
|-item|p2a: Arboliva|Starf Berry|[from] ability: Harvest
|upkeep
|-enditem|p2a: Arboliva|Starf Berry|[eat]
|-boost|p2a: Arboliva|spd|2|[from] item: Starf Berry
|turn|11
|
|t:|1758263788
|move|p2a: Arboliva|Protect|p2a: Arboliva
|-singleturn|p2a: Arboliva|Protect
|move|p1a: Hatterene|Mystical Fire|p2a: Arboliva
|-activate|p2a: Arboliva|move: Protect
|
|-heal|p1a: Hatterene|76/100|[from] item: Leftovers
|upkeep
|turn|12
|
|t:|1758263797
|move|p2a: Arboliva|Giga Drain|p1a: Hatterene
|-damage|p1a: Hatterene|39/100
|-heal|p2a: Arboliva|35/100|[from] drain|[of] p1a: Hatterene
|move|p1a: Hatterene|Mystical Fire|p2a: Arboliva
|-supereffective|p2a: Arboliva
|-end|p2a: Arboliva|Substitute
|
|-heal|p1a: Hatterene|45/100|[from] item: Leftovers
|upkeep
|turn|13
|
|t:|1758263811
|switch|p1a: Dragapult|Dragapult, F|100/100
|move|p2a: Arboliva|Substitute|p2a: Arboliva
|-start|p2a: Arboliva|Substitute
|-damage|p2a: Arboliva|10/100
|
|-item|p2a: Arboliva|Starf Berry|[from] ability: Harvest
|upkeep
|-enditem|p2a: Arboliva|Starf Berry|[eat]
|-boost|p2a: Arboliva|spa|2|[from] item: Starf Berry
|turn|14
|
|t:|1758263825
|move|p2a: Arboliva|Protect|p2a: Arboliva
|-singleturn|p2a: Arboliva|Protect
|move|p1a: Dragapult|Dragon Darts|p2a: Arboliva
|-activate|p2a: Arboliva|move: Protect
|
|upkeep
|turn|15
|
|t:|1758263831
|move|p1a: Dragapult|Dragon Darts|p2a: Arboliva
|-damage|p2a: Arboliva|0 fnt
|faint|p2a: Arboliva
|-damage|p1a: Dragapult|91/100|[from] item: Life Orb
|
|upkeep
|inactive|Battle timer is ON: inactive players will automatically lose when time's up. (requested by NORIAC)
|
|t:|1758263845
|switch|p2a: Torkoal|Torkoal, F|58/100
|-weather|SunnyDay|[from] ability: Drought|[of] p2a: Torkoal
|turn|16
|
|t:|1758263857
|switch|p2a: Walking Wake|Walking Wake|100/100
|-activate|p2a: Walking Wake|ability: Protosynthesis
|-start|p2a: Walking Wake|protosynthesisspe
|move|p1a: Dragapult|U-turn|p2a: Walking Wake
|-damage|p2a: Walking Wake|65/100
|-damage|p1a: Dragapult|81/100|[from] item: Life Orb
|
|t:|1758263864
|switch|p1a: Thundurus|Thundurus, M|100/100|[from] U-turn
|
|-weather|SunnyDay|[upkeep]
|upkeep
|turn|17
|
|t:|1758263871
|move|p1a: Thundurus|Thunder Wave|p2a: Walking Wake
|-status|p2a: Walking Wake|par
|move|p2a: Walking Wake|Hydro Steam|p1a: Thundurus
|-damage|p1a: Thundurus|0 fnt
|faint|p1a: Thundurus
|
|-weather|SunnyDay|[upkeep]
|upkeep
|
|t:|1758263882
|switch|p1a: Hydreigon|Hydreigon, F|100/100
|turn|18
|
|t:|1758263890
|-end|p2a: Walking Wake|Protosynthesis|[silent]
|switch|p2a: Hatterene|Hatterene, F|89/100
|move|p1a: Hydreigon|U-turn|p2a: Hatterene
|-damage|p2a: Hatterene|77/100
|
|t:|1758263900
|switch|p1a: Ninetales|Ninetales-Alola, F|47/100|[from] U-turn
|-weather|Snowscape|[from] ability: Snow Warning|[of] p1a: Ninetales
|
|-weather|Snowscape|[upkeep]
|upkeep
|turn|19
|
|t:|1758263909
|move|p1a: Ninetales|Aurora Veil|p1a: Ninetales
|-sidestart|p1: NORIAC|move: Aurora Veil
|move|p2a: Hatterene|Psychic Noise|p1a: Ninetales
|-damage|p1a: Ninetales|29/100
|-start|p1a: Ninetales|move: Heal Block
|
|-weather|Snowscape|[upkeep]
|upkeep
|turn|20
|
|t:|1758263923
|move|p1a: Ninetales|Encore|p2a: Hatterene
|move|p2a: Hatterene|Encore||[from] ability: Magic Bounce|[still]
|-fail|p2a: Hatterene
|move|p2a: Hatterene|Dazzling Gleam|p1a: Ninetales
|-damage|p1a: Ninetales|10/100
|
|-weather|Snowscape|[upkeep]
|-end|p1a: Ninetales|move: Heal Block
|upkeep
|turn|21
|
|t:|1758263935
|switch|p1a: Hatterene|Hatterene, F|45/100
|move|p2a: Hatterene|Dazzling Gleam|p1a: Hatterene
|-damage|p1a: Hatterene|30/100
|
|-weather|Snowscape|[upkeep]
|-heal|p1a: Hatterene|36/100|[from] item: Leftovers
|upkeep
|turn|22
|
|t:|1758263945
|move|p1a: Hatterene|Pain Split|p2a: Hatterene
|-sethp|p2a: Hatterene|56/100|[from] move: Pain Split|[silent]
|-sethp|p1a: Hatterene|56/100|[from] move: Pain Split
|move|p2a: Hatterene|Psychic Noise|p1a: Hatterene
|-resisted|p1a: Hatterene
|-damage|p1a: Hatterene|49/100
|-start|p1a: Hatterene|move: Heal Block
|
|-weather|none
|upkeep
|turn|23
|
|t:|1758263960
|move|p1a: Hatterene|Mystical Fire|p2a: Hatterene
|-damage|p2a: Hatterene|34/100
|-unboost|p2a: Hatterene|spa|1
|move|p2a: Hatterene|Healing Wish|p2a: Hatterene
|faint|p2a: Hatterene
|
|-end|p1a: Hatterene|move: Heal Block
|upkeep
|
|t:|1758263969
|switch|p2a: Torkoal|Torkoal, F|58/100
|-heal|p2a: Torkoal|100/100|[from] move: Healing Wish
|-weather|SunnyDay|[from] ability: Drought|[of] p2a: Torkoal
|turn|24
|
|t:|1758263977
|move|p1a: Hatterene|Thunder Wave|p2a: Torkoal
|-status|p2a: Torkoal|par
|move|p2a: Torkoal|Eruption|p1a: Hatterene
|-damage|p1a: Hatterene|8/100
|
|-weather|SunnyDay|[upkeep]
|-heal|p1a: Hatterene|14/100|[from] item: Leftovers
|upkeep
|turn|25
|
|t:|1758263987
|move|p1a: Hatterene|Pain Split|p2a: Torkoal
|-sethp|p2a: Torkoal|57/100 par|[from] move: Pain Split|[silent]
|-sethp|p1a: Hatterene|55/100|[from] move: Pain Split
|move|p2a: Torkoal|Stealth Rock|p1a: Hatterene
|move|p1a: Hatterene|Stealth Rock|p2a: Torkoal|[from] ability: Magic Bounce
|-sidestart|p2: hansie|move: Stealth Rock
|
|-weather|SunnyDay|[upkeep]
|-heal|p1a: Hatterene|61/100|[from] item: Leftovers
|upkeep
|turn|26
|-message|hansie forfeited.
|
|win|NORIAC
|raw|NORIAC's rating: 1155 &rarr; <strong>1180</strong><br />(+25 for winning)
|raw|hansie's rating: 1150 &rarr; <strong>1125</strong><br />(-25 for losing)
|l|☆hansie
|player|p2|
|l|☆NORIAC
|player|p1|
