|badge|p2|silver|gen9ru|30-6
|uhtml|medal-msg|<div class="broadcast-blue">Curious what those medals under the avatar are? PS now has Ladder Seasons! For more information, check out the <a href="https://www.smogon.com/forums/threads/3740067/">thread on Smogon.</a></div>
|j|☆Sificon~
|j|☆JoelMasterX@!
|inactive|Battle timer is ON: inactive players will automatically lose when time's up.
|t:|1758310595
|gametype|singles
|player|p1|Sificon~|#sificon|
|player|p2|JoelMasterX|carmine-festival|
|gen|9
|tier|[Gen 9] OU
|rated|Tournament battle
|rule|HP Percentage Mod: HP is shown in percentages
|rule|Endless Battle Clause: Forcing endless battles is banned
|rule|Species Clause: Limit one of each Pokémon
|rule|OHKO Clause: OHKO moves are banned
|rule|Evasion Items Clause: Evasion items are banned
|rule|Evasion Moves Clause: Evasion moves are banned
|rule|Evasion Abilities Clause: Evasion abilities are banned
|rule|Sleep Moves Clause: Sleep-inducing moves are banned
|clearpoke
|poke|p1|Quagsire, F|
|poke|p1|Blissey, F|
|poke|p1|Toxapex, M|
|poke|p1|Sinistcha|
|poke|p1|Gliscor, M|
|poke|p1|Corviknight, F|
|poke|p2|Meowscarada, M|
|poke|p2|Gholdengo|
|poke|p2|Slowking-Galar, F|
|poke|p2|Ting-Lu|
|poke|p2|Dragonite, F|
|poke|p2|Great Tusk|
|teampreview
|j|*Lady Monita ☀
|inactive|Sificon~ also wants the timer to be on.
|c|☆Sificon~|hf
|c|☆JoelMasterX|glhf
|c|☆JoelMasterX|now i wish i had misty terrain
|
|t:|1758310606
|teamsize|p1|6
|teamsize|p2|6
|start
|switch|p1a: Gliscor|Gliscor, M|100/100
|switch|p2a: Meowscarada|Meowscarada, M|100/100
|turn|1
|
|t:|1758310612
|move|p1a: Gliscor|Protect|p1a: Gliscor
|-singleturn|p1a: Gliscor|Protect
|move|p2a: Meowscarada|Knock Off|p1a: Gliscor
|-start|p2a: Meowscarada|typechange|Dark|[from] ability: Protean
|-activate|p1a: Gliscor|move: Protect
|
|-status|p1a: Gliscor|tox|[from] item: Toxic Orb
|upkeep
|turn|2
|
|t:|1758310621
|switch|p1a: Toxapex|Toxapex, M|100/100
|move|p2a: Meowscarada|Knock Off|p1a: Toxapex
|-damage|p1a: Toxapex|46/100
|-enditem|p1a: Toxapex|Heavy-Duty Boots|[from] move: Knock Off|[of] p2a: Meowscarada
|
|upkeep
|turn|3
|
|t:|1758310628
|switch|p2a: Gholdengo|Gholdengo|100/100
|move|p1a: Toxapex|Toxic Spikes|p2a: Gholdengo
|-sidestart|p2: JoelMasterX|move: Toxic Spikes
|
|upkeep
|turn|4
|
|t:|1758310643
|switch|p1a: Blissey|Blissey, F|100/100
|move|p2a: Gholdengo|Trick|p1a: Blissey
|-activate|p2a: Gholdengo|move: Trick|[of] p1a: Blissey
|-item|p1a: Blissey|Choice Scarf|[from] move: Trick
|-item|p2a: Gholdengo|Heavy-Duty Boots|[from] move: Trick
|
|upkeep
|turn|5
|
|t:|1758310651
|switch|p2a: Slowking|Slowking-Galar, F|100/100
|-sideend|p2: JoelMasterX|move: Toxic Spikes|[of] p2a: Slowking
|move|p1a: Blissey|Flamethrower|p2a: Slowking
|-damage|p2a: Slowking|87/100
|
|upkeep
|turn|6
|
|t:|1758310676
|switch|p1a: Corviknight|Corviknight, F|100/100
|-ability|p1a: Corviknight|Pressure
|move|p2a: Slowking|Future Sight|p1a: Corviknight
|-start|p2a: Slowking|move: Future Sight
|
|upkeep
|turn|7
|
|t:|1758310688
|switch|p1a: Gliscor|Gliscor, M|100/100 tox
|-prepare|p2a: Slowking|Chilly Reception|[premajor]
|move|p2a: Slowking|Chilly Reception|p2a: Slowking
|-weather|Snowscape
|
|t:|1758310695
|switch|p2a: Great Tusk|Great Tusk|100/100|[from] Chilly Reception
|
|-weather|Snowscape|[upkeep]
|upkeep
|turn|8
|
|t:|1758310709
|move|p1a: Gliscor|Protect|p1a: Gliscor
|-singleturn|p1a: Gliscor|Protect
|move|p2a: Great Tusk|Stealth Rock|p1a: Gliscor
|-sidestart|p1: Sificon~|move: Stealth Rock
|
|-weather|Snowscape|[upkeep]
|-end|p1a: Gliscor|move: Future Sight
|-damage|p1a: Gliscor|58/100 tox
|-heal|p1a: Gliscor|71/100 tox|[from] ability: Poison Heal
|upkeep
|turn|9
|
|t:|1758310723
|-end|p2a: Great Tusk|Protosynthesis|[silent]
|switch|p2a: Slowking|Slowking-Galar, F|100/100
|switch|p1a: Corviknight|Corviknight, F|100/100
|-ability|p1a: Corviknight|Pressure
|
|-weather|Snowscape|[upkeep]
|upkeep
|turn|10
|j| Albrtix
|
|t:|1758310737
|move|p1a: Corviknight|Defog|p2a: Slowking
|-unboost|p2a: Slowking|evasion|1
|-sideend|p1: Sificon~|Stealth Rock|[from] move: Defog|[of] p1a: Corviknight
|move|p2a: Slowking|Future Sight|p1a: Corviknight
|-start|p2a: Slowking|move: Future Sight
|
|-weather|Snowscape|[upkeep]
|upkeep
|turn|11
|
|t:|1758310759
|switch|p1a: Gliscor|Gliscor, M|71/100 tox
|move|p2a: Slowking|Sludge Bomb|p1a: Gliscor
|-resisted|p1a: Gliscor
|-damage|p1a: Gliscor|56/100 tox
|
|-weather|none
|-heal|p1a: Gliscor|68/100 tox|[from] ability: Poison Heal
|upkeep
|turn|12
|inactive|Sificon~ has 120 seconds left.
|
|t:|1758310777
|-terastallize|p1a: Gliscor|Steel
|move|p1a: Gliscor|Knock Off|p2a: Slowking
|-supereffective|p2a: Slowking
|-damage|p2a: Slowking|69/100
|-enditem|p2a: Slowking|Shuca Berry|[from] move: Knock Off|[of] p1a: Gliscor
|move|p2a: Slowking|Sludge Bomb|p1a: Gliscor
|-immune|p1a: Gliscor
|
|-end|p1a: Gliscor|move: Future Sight
|-resisted|p1a: Gliscor
|-damage|p1a: Gliscor|49/100 tox
|-heal|p1a: Gliscor|61/100 tox|[from] ability: Poison Heal
|upkeep
|turn|13
|
|t:|1758310785
|move|p1a: Gliscor|Spikes|p2a: Slowking
|-sidestart|p2: JoelMasterX|Spikes
|move|p2a: Slowking|Future Sight|p1a: Gliscor
|-start|p2a: Slowking|move: Future Sight
|
|-heal|p1a: Gliscor|74/100 tox|[from] ability: Poison Heal
|upkeep
|turn|14
|
|t:|1758310790
|move|p1a: Gliscor|Earthquake|p2a: Slowking
|-supereffective|p2a: Slowking
|-damage|p2a: Slowking|24/100
|-prepare|p2a: Slowking|Chilly Reception|[premajor]
|move|p2a: Slowking|Chilly Reception|p2a: Slowking
|-weather|Snowscape
|
|t:|1758310796
|switch|p2a: Great Tusk|Great Tusk|100/100|[from] Chilly Reception
|
|-weather|Snowscape|[upkeep]
|-heal|p1a: Gliscor|86/100 tox|[from] ability: Poison Heal
|upkeep
|turn|15
|
|t:|1758310811
|switch|p1a: Sinistcha|Sinistcha|100/100
|move|p2a: Great Tusk|Knock Off|p1a: Sinistcha
|-supereffective|p1a: Sinistcha
|-damage|p1a: Sinistcha|52/100
|-enditem|p1a: Sinistcha|Heavy-Duty Boots|[from] move: Knock Off|[of] p2a: Great Tusk
|
|-weather|Snowscape|[upkeep]
|-end|p1a: Sinistcha|move: Future Sight
|-damage|p1a: Sinistcha|0 fnt
|faint|p1a: Sinistcha
|upkeep
|c|☆Sificon~|oh yeah
|c|☆Sificon~|I forgot about that
|c|☆Sificon~|oops
|
|t:|1758310827
|switch|p1a: Corviknight|Corviknight, F|100/100
|-ability|p1a: Corviknight|Pressure
|turn|16
|
|t:|1758310841
|move|p2a: Great Tusk|Rapid Spin|p1a: Corviknight
|-resisted|p1a: Corviknight
|-damage|p1a: Corviknight|94/100
|-boost|p2a: Great Tusk|spe|1
|-sideend|p2: JoelMasterX|Spikes|[from] move: Rapid Spin|[of] p2a: Great Tusk
|move|p1a: Corviknight|Iron Defense|p1a: Corviknight
|-boost|p1a: Corviknight|def|2
|
|-weather|Snowscape|[upkeep]
|upkeep
|turn|17
|
|t:|1758310846
|-end|p2a: Great Tusk|Protosynthesis|[silent]
|switch|p2a: Gholdengo|Gholdengo|100/100
|move|p1a: Corviknight|Body Press|p2a: Gholdengo
|-immune|p2a: Gholdengo
|
|-weather|Snowscape|[upkeep]
|upkeep
|turn|18
|
|t:|1758310858
|switch|p1a: Toxapex|Toxapex, M|79/100
|move|p2a: Gholdengo|Make It Rain|p1a: Toxapex
|-resisted|p1a: Toxapex
|-damage|p1a: Toxapex|58/100
|-unboost|p2a: Gholdengo|spa|1
|
|-weather|none
|upkeep
|turn|19
|
|t:|1758310883
|switch|p2a: Slowking|Slowking-Galar, F|57/100
|move|p1a: Toxapex|Toxic Spikes|p2a: Slowking
|-sidestart|p2: JoelMasterX|move: Toxic Spikes
|
|upkeep
|turn|20
|
|t:|1758310888
|switch|p1a: Gliscor|Gliscor, M, tera:Steel|86/100 tox
|move|p2a: Slowking|Future Sight|p1a: Gliscor
|-start|p2a: Slowking|move: Future Sight
|
|-heal|p1a: Gliscor|99/100 tox|[from] ability: Poison Heal
|upkeep
|turn|21
|
|t:|1758310896
|move|p1a: Gliscor|Spikes|p2a: Slowking
|-sidestart|p2: JoelMasterX|Spikes
|-prepare|p2a: Slowking|Chilly Reception|[premajor]
|move|p2a: Slowking|Chilly Reception|p2a: Slowking
|-weather|Snowscape
|
|t:|1758310909
|switch|p2a: Great Tusk|Great Tusk|100/100|[from] Chilly Reception
|
|-weather|Snowscape|[upkeep]
|-heal|p1a: Gliscor|100/100 tox|[from] ability: Poison Heal
|upkeep
|turn|22
|
|t:|1758310916
|move|p2a: Great Tusk|Rapid Spin|p1a: Gliscor
|-resisted|p1a: Gliscor
|-damage|p1a: Gliscor|93/100 tox
|-boost|p2a: Great Tusk|spe|1
|-sideend|p2: JoelMasterX|Spikes|[from] move: Rapid Spin|[of] p2a: Great Tusk
|-sideend|p2: JoelMasterX|Toxic Spikes|[from] move: Rapid Spin|[of] p2a: Great Tusk
|move|p1a: Gliscor|Knock Off|p2a: Great Tusk
|-resisted|p2a: Great Tusk
|-damage|p2a: Great Tusk|93/100
|-enditem|p2a: Great Tusk|Heavy-Duty Boots|[from] move: Knock Off|[of] p1a: Gliscor
|
|-weather|Snowscape|[upkeep]
|-end|p1a: Gliscor|move: Future Sight
|-resisted|p1a: Gliscor
|-damage|p1a: Gliscor|74/100 tox
|-heal|p1a: Gliscor|86/100 tox|[from] ability: Poison Heal
|upkeep
|turn|23
|
|t:|1758310924
|move|p1a: Gliscor|Protect|p1a: Gliscor
|-singleturn|p1a: Gliscor|Protect
|move|p2a: Great Tusk|Stone Edge|p1a: Gliscor
|-activate|p1a: Gliscor|move: Protect
|
|-weather|Snowscape|[upkeep]
|-heal|p1a: Gliscor|99/100 tox|[from] ability: Poison Heal
|upkeep
|turn|24
|
|t:|1758310929
|-end|p2a: Great Tusk|Protosynthesis|[silent]
|switch|p2a: Ting-Lu|Ting-Lu|100/100
|-ability|p2a: Ting-Lu|Vessel of Ruin
|move|p1a: Gliscor|Spikes|p2a: Ting-Lu
|-sidestart|p2: JoelMasterX|Spikes
|
|-weather|Snowscape|[upkeep]
|-heal|p1a: Gliscor|100/100 tox|[from] ability: Poison Heal
|upkeep
|turn|25
|
|t:|1758310934
|move|p1a: Gliscor|Knock Off|p2a: Ting-Lu
|-resisted|p2a: Ting-Lu
|-damage|p2a: Ting-Lu|95/100
|-enditem|p2a: Ting-Lu|Leftovers|[from] move: Knock Off|[of] p1a: Gliscor
|move|p2a: Ting-Lu|Spikes|p1a: Gliscor
|-sidestart|p1: Sificon~|Spikes
|
|-weather|none
|upkeep
|turn|26
|
|t:|1758310940
|move|p1a: Gliscor|Spikes|p2a: Ting-Lu
|-sidestart|p2: JoelMasterX|Spikes
|move|p2a: Ting-Lu|Spikes|p1a: Gliscor
|-sidestart|p1: Sificon~|Spikes
|
|upkeep
|turn|27
|
|t:|1758310942
|move|p1a: Gliscor|Spikes|p2a: Ting-Lu
|-sidestart|p2: JoelMasterX|Spikes
|move|p2a: Ting-Lu|Spikes|p1a: Gliscor
|-sidestart|p1: Sificon~|Spikes
|
|upkeep
|turn|28
|
|t:|1758310946
|move|p1a: Gliscor|Earthquake|p2a: Ting-Lu
|-damage|p2a: Ting-Lu|78/100
|move|p2a: Ting-Lu|Ruination|p1a: Gliscor
|-damage|p1a: Gliscor|50/100 tox
|
|-heal|p1a: Gliscor|63/100 tox|[from] ability: Poison Heal
|upkeep
|turn|29
|
|t:|1758310953
|move|p1a: Gliscor|Protect|p1a: Gliscor
|-singleturn|p1a: Gliscor|Protect
|move|p2a: Ting-Lu|Whirlwind|p1a: Gliscor
|drag|p1a: Blissey|Blissey, F|100/100
|-damage|p1a: Blissey|75/100|[from] Spikes
|
|upkeep
|turn|30
|
|t:|1758310965
|move|p1a: Blissey|Flamethrower|p2a: Ting-Lu
|-crit|p2a: Ting-Lu
|-damage|p2a: Ting-Lu|68/100
|move|p2a: Ting-Lu|Ruination|p1a: Blissey
|-damage|p1a: Blissey|38/100
|
|upkeep
|turn|31
|
|t:|1758310982
|switch|p1a: Quagsire|Quagsire, F|100/100
|move|p2a: Ting-Lu|Earthquake|p1a: Quagsire
|-damage|p1a: Quagsire|75/100
|
|upkeep
|turn|32
|
|t:|1758310993
|switch|p2a: Slowking|Slowking-Galar, F|91/100
|-damage|p2a: Slowking|66/100|[from] Spikes
|move|p1a: Quagsire|Toxic|p2a: Slowking
|-immune|p2a: Slowking
|
|upkeep
|turn|33
|
|t:|1758311003
|move|p1a: Quagsire|Earthquake|p2a: Slowking
|-supereffective|p2a: Slowking
|-damage|p2a: Slowking|23/100
|move|p2a: Slowking|Future Sight|p1a: Quagsire
|-start|p2a: Slowking|move: Future Sight
|
|upkeep
|turn|34
|
|t:|1758311012
|switch|p2a: Great Tusk|Great Tusk|93/100
|-damage|p2a: Great Tusk|68/100|[from] Spikes
|move|p1a: Quagsire|Toxic|p2a: Great Tusk
|-status|p2a: Great Tusk|tox
|
|-damage|p2a: Great Tusk|62/100 tox|[from] psn
|upkeep
|turn|35
|
|t:|1758311022
|switch|p1a: Corviknight|Corviknight, F|94/100
|-ability|p1a: Corviknight|Pressure
|move|p2a: Great Tusk|Rapid Spin|p1a: Corviknight
|-resisted|p1a: Corviknight
|-damage|p1a: Corviknight|89/100
|-boost|p2a: Great Tusk|spe|1
|-sideend|p2: JoelMasterX|Spikes|[from] move: Rapid Spin|[of] p2a: Great Tusk
|
|-end|p1a: Corviknight|move: Future Sight
|-resisted|p1a: Corviknight
|-damage|p1a: Corviknight|64/100
|-damage|p2a: Great Tusk|50/100 tox|[from] psn
|upkeep
|turn|36
|
|t:|1758311041
|-end|p2a: Great Tusk|Protosynthesis|[silent]
|switch|p2a: Gholdengo|Gholdengo|100/100
|move|p1a: Corviknight|Defog|p2a: Gholdengo
|-immune|p2a: Gholdengo|[from] ability: Good as Gold
|
|upkeep
|turn|37
|inactive|Sificon~ has 120 seconds left.
|
|t:|1758311068
|switch|p1a: Blissey|Blissey, F|38/100
|-damage|p1a: Blissey|13/100|[from] Spikes
|move|p2a: Gholdengo|Shadow Ball|p1a: Blissey
|-immune|p1a: Blissey
|
|upkeep
|turn|38
|
|t:|1758311088
|move|p2a: Gholdengo|Make It Rain|p1a: Blissey
|-damage|p1a: Blissey|0 fnt
|-unboost|p2a: Gholdengo|spa|1
|faint|p1a: Blissey
|
|upkeep
|
|t:|1758311097
|switch|p1a: Gliscor|Gliscor, M, tera:Steel|63/100 tox
|-damage|p1a: Gliscor|38/100 tox|[from] Spikes
|turn|39
|
|t:|1758311101
|switch|p2a: Meowscarada|Meowscarada, M|100/100
|move|p1a: Gliscor|Protect||[still]
|-fail|p1a: Gliscor
|
|-heal|p1a: Gliscor|50/100 tox|[from] ability: Poison Heal
|upkeep
|turn|40
|
|t:|1758311105
|move|p1a: Gliscor|Protect|p1a: Gliscor
|-singleturn|p1a: Gliscor|Protect
|move|p2a: Meowscarada|Flower Trick|p1a: Gliscor
|-start|p2a: Meowscarada|typechange|Grass|[from] ability: Protean
|-activate|p1a: Gliscor|move: Protect
|
|-heal|p1a: Gliscor|63/100 tox|[from] ability: Poison Heal
|upkeep
|turn|41
|
|t:|1758311114
|switch|p2a: Slowking|Slowking-Galar, F|56/100
|move|p1a: Gliscor|Spikes|p2a: Slowking
|-sidestart|p2: JoelMasterX|Spikes
|
|-heal|p1a: Gliscor|75/100 tox|[from] ability: Poison Heal
|upkeep
|turn|42
|
|t:|1758311122
|move|p1a: Gliscor|Earthquake|p2a: Slowking
|-supereffective|p2a: Slowking
|-damage|p2a: Slowking|7/100
|move|p2a: Slowking|Future Sight|p1a: Gliscor
|-start|p2a: Slowking|move: Future Sight
|
|-heal|p1a: Gliscor|88/100 tox|[from] ability: Poison Heal
|upkeep
|turn|43
|
|t:|1758311130
|switch|p2a: Great Tusk|Great Tusk|50/100 tox
|-damage|p2a: Great Tusk|37/100 tox|[from] Spikes
|move|p1a: Gliscor|Earthquake|p2a: Great Tusk
|-damage|p2a: Great Tusk|11/100 tox
|
|-damage|p2a: Great Tusk|5/100 tox|[from] psn
|-heal|p1a: Gliscor|100/100 tox|[from] ability: Poison Heal
|upkeep
|turn|44
|
|t:|1758311135
|move|p1a: Gliscor|Protect|p1a: Gliscor
|-singleturn|p1a: Gliscor|Protect
|move|p2a: Great Tusk|Stealth Rock|p1a: Gliscor
|-sidestart|p1: Sificon~|move: Stealth Rock
|
|-end|p1a: Gliscor|move: Future Sight
|-resisted|p1a: Gliscor
|-damage|p1a: Gliscor|81/100 tox
|-damage|p2a: Great Tusk|0 fnt|[from] psn
|faint|p2a: Great Tusk
|-end|p2a: Great Tusk|Protosynthesis|[silent]
|-heal|p1a: Gliscor|94/100 tox|[from] ability: Poison Heal
|upkeep
|
|t:|1758311145
|switch|p2a: Ting-Lu|Ting-Lu|68/100
|-damage|p2a: Ting-Lu|55/100|[from] Spikes
|-ability|p2a: Ting-Lu|Vessel of Ruin
|turn|45
|
|t:|1758311156
|move|p1a: Gliscor|Spikes|p2a: Ting-Lu
|-sidestart|p2: JoelMasterX|Spikes
|move|p2a: Ting-Lu|Ruination|p1a: Gliscor
|-damage|p1a: Gliscor|47/100 tox
|
|-heal|p1a: Gliscor|60/100 tox|[from] ability: Poison Heal
|upkeep
|turn|46
|
|t:|1758311171
|move|p1a: Gliscor|Spikes|p2a: Ting-Lu
|-sidestart|p2: JoelMasterX|Spikes
|move|p2a: Ting-Lu|Earthquake|p1a: Gliscor
|-supereffective|p1a: Gliscor
|-damage|p1a: Gliscor|3/100 tox
|
|-heal|p1a: Gliscor|16/100 tox|[from] ability: Poison Heal
|upkeep
|turn|47
|
|t:|1758311195
|move|p1a: Gliscor|Earthquake|p2a: Ting-Lu
|-damage|p2a: Ting-Lu|39/100
|move|p2a: Ting-Lu|Whirlwind|p1a: Gliscor
|drag|p1a: Quagsire|Quagsire, F|75/100
|
|upkeep
|turn|48
|
|t:|1758311203
|move|p2a: Ting-Lu|Ruination|p1a: Quagsire
|-damage|p1a: Quagsire|38/100
|move|p1a: Quagsire|Stealth Rock|p2a: Ting-Lu
|-sidestart|p2: JoelMasterX|move: Stealth Rock
|
|upkeep
|turn|49
|
|t:|1758311206
|move|p2a: Ting-Lu|Earthquake|p1a: Quagsire
|-damage|p1a: Quagsire|14/100
|move|p1a: Quagsire|Recover|p1a: Quagsire
|-heal|p1a: Quagsire|64/100
|
|upkeep
|turn|50
|j| finneonly
|
|t:|1758311227
|move|p2a: Ting-Lu|Ruination|p1a: Quagsire
|-damage|p1a: Quagsire|32/100
|move|p1a: Quagsire|Toxic|p2a: Ting-Lu
|-status|p2a: Ting-Lu|tox
|
|-damage|p2a: Ting-Lu|32/100 tox|[from] psn
|upkeep
|turn|51
|
|t:|1758311245
|move|p2a: Ting-Lu|Earthquake|p1a: Quagsire
|-damage|p1a: Quagsire|6/100
|move|p1a: Quagsire|Recover|p1a: Quagsire
|-heal|p1a: Quagsire|56/100
|
|-damage|p2a: Ting-Lu|20/100 tox|[from] psn
|upkeep
|turn|52
|
|t:|1758311248
|move|p2a: Ting-Lu|Ruination|p1a: Quagsire
|-damage|p1a: Quagsire|28/100
|move|p1a: Quagsire|Recover|p1a: Quagsire
|-heal|p1a: Quagsire|78/100
|
|-damage|p2a: Ting-Lu|1/100 tox|[from] psn
|upkeep
|turn|53
|
|t:|1758311256
|move|p2a: Ting-Lu|Ruination|p1a: Quagsire
|-damage|p1a: Quagsire|39/100
|move|p1a: Quagsire|Recover|p1a: Quagsire
|-heal|p1a: Quagsire|89/100
|
|-damage|p2a: Ting-Lu|0 fnt|[from] psn
|faint|p2a: Ting-Lu
|upkeep
|
|t:|1758311262
|switch|p2a: Meowscarada|Meowscarada, M|100/100
|-damage|p2a: Meowscarada|76/100|[from] Spikes
|-damage|p2a: Meowscarada|63/100|[from] Stealth Rock
|turn|54
|inactive|Sificon~ has 120 seconds left.
|
|t:|1758311312
|switch|p1a: Gliscor|Gliscor, M, tera:Steel|16/100 tox
|-damage|p1a: Gliscor|0 fnt|[from] Spikes
|faint|p1a: Gliscor
|-terastallize|p2a: Meowscarada|Electric
|move|p2a: Meowscarada|Tera Blast|p1: Gliscor|[notarget]
|-fail|p2a: Meowscarada
|
|upkeep
|
|t:|1758311316
|switch|p1a: Quagsire|Quagsire, F|89/100
|turn|55
|
|t:|1758311342
|switch|p2a: Slowking|Slowking-Galar, F|40/100
|-damage|p2a: Slowking|16/100|[from] Spikes
|-damage|p2a: Slowking|3/100|[from] Stealth Rock
|move|p1a: Quagsire|Earthquake|p2a: Slowking
|-supereffective|p2a: Slowking
|-damage|p2a: Slowking|0 fnt
|faint|p2a: Slowking
|
|upkeep
|
|t:|1758311352
|switch|p2a: Gholdengo|Gholdengo|100/100
|turn|56
|
|t:|1758311357
|move|p2a: Gholdengo|Shadow Ball|p1a: Quagsire
|-damage|p1a: Quagsire|38/100
|move|p1a: Quagsire|Earthquake|p2a: Gholdengo
|-supereffective|p2a: Gholdengo
|-damage|p2a: Gholdengo|27/100
|
|upkeep
|turn|57
|j| Nowh 愛
|
|t:|1758311367
|switch|p1a: Toxapex|Toxapex, M|92/100
|-damage|p1a: Toxapex|67/100|[from] Spikes
|-damage|p1a: Toxapex|55/100|[from] Stealth Rock
|move|p2a: Gholdengo|Shadow Ball|p1a: Toxapex
|-damage|p1a: Toxapex|26/100
|-unboost|p1a: Toxapex|spd|1
|
|upkeep
|turn|58
|
|t:|1758311370
|move|p2a: Gholdengo|Shadow Ball|p1a: Toxapex
|-damage|p1a: Toxapex|0 fnt
|faint|p1a: Toxapex
|
|upkeep
|inactive|Sificon~ has 120 seconds left.
|
|t:|1758311378
|switch|p1a: Corviknight|Corviknight, F|64/100
|-ability|p1a: Corviknight|Pressure
|turn|59
|
|t:|1758311380
|move|p2a: Gholdengo|Shadow Ball|p1a: Corviknight
|-damage|p1a: Corviknight|16/100
|move|p1a: Corviknight|Roost|p1a: Corviknight
|-heal|p1a: Corviknight|66/100
|-singleturn|p1a: Corviknight|move: Roost
|
|upkeep
|turn|60
|
|t:|1758311383
|move|p2a: Gholdengo|Shadow Ball|p1a: Corviknight
|-damage|p1a: Corviknight|18/100
|move|p1a: Corviknight|Roost|p1a: Corviknight
|-heal|p1a: Corviknight|68/100
|-singleturn|p1a: Corviknight|move: Roost
|
|upkeep
|turn|61
|c|☆Sificon~|yeah gg
|-message|Sificon~ forfeited.
|
|win|JoelMasterX
|n|☆Sificon~|sificon
|n|☆JoelMasterX@!|joelmasterx
|n|*Lady Monita ☀|ladymonita
|n| Albrtix|albrtix
|n| finneonly|finneonly
|n| Nowh 愛|nowh
|l|*Lady Monita ☀
|c|☆JoelMasterX|gg
|l|☆Sificon~
|player|p1|
|l|☆JoelMasterX
|player|p2|
