|j|☆Johnny tots
|j|☆DontMissMantine
|t:|1758294647
|gametype|singles
|player|p1|Johnny tots|169|1721
|player|p2|DontMissMantine|lucas|1718
|gen|9
|tier|[Gen 9] OU
|rated|
|rule|HP Percentage Mod: HP is shown in percentages
|rule|Endless Battle Clause: Forcing endless battles is banned
|rule|Species Clause: Limit one of each Pokémon
|rule|OHKO Clause: OHKO moves are banned
|rule|Evasion Items Clause: Evasion items are banned
|rule|Evasion Moves Clause: Evasion moves are banned
|rule|Evasion Abilities Clause: Evasion abilities are banned
|rule|Sleep Moves Clause: Sleep-inducing moves are banned
|clearpoke
|poke|p1|Ninetales-Alola, M|
|poke|p1|Kyurem|
|poke|p1|Hatterene, F|
|poke|p1|Great Tusk|
|poke|p1|Latias, F|
|poke|p1|Ceruledge, M|
|poke|p2|Pelipper, F|
|poke|p2|Beartic, M|
|poke|p2|Barraskewda, M|
|poke|p2|Ogerpon-Wellspring, F|
|poke|p2|Zapdos|
|poke|p2|Hatterene, F|
|teampreview
|inactive|Battle timer is ON: inactive players will automatically lose when time's up. (requested by DontMissMantine)
|
|t:|1758294657
|teamsize|p1|6
|teamsize|p2|6
|start
|switch|p1a: Latias|Latias, F|100/100
|switch|p2a: Pelipper|Pelipper, F|100/100
|-weather|RainDance|[from] ability: Drizzle|[of] p2a: Pelipper
|turn|1
|
|t:|1758294669
|switch|p1a: Ninetales|Ninetales-Alola, M|100/100
|-weather|Snowscape|[from] ability: Snow Warning|[of] p1a: Ninetales
|-terastallize|p2a: Pelipper|Steel
|move|p2a: Pelipper|U-turn|p1a: Ninetales
|-resisted|p1a: Ninetales
|-damage|p1a: Ninetales|97/100
|
|t:|1758294677
|switch|p2a: Barraskewda|Barraskewda, M|100/100|[from] U-turn
|
|-weather|Snowscape|[upkeep]
|upkeep
|turn|2
|
|t:|1758294682
|move|p2a: Barraskewda|Flip Turn|p1a: Ninetales
|-damage|p1a: Ninetales|63/100
|
|t:|1758294685
|switch|p2a: Pelipper|Pelipper, F, tera:Steel|100/100|[from] Flip Turn
|-weather|RainDance|[from] ability: Drizzle|[of] p2a: Pelipper
|move|p1a: Ninetales|Aurora Veil||[still]
|-fail|p1a: Ninetales
|
|-weather|RainDance|[upkeep]
|upkeep
|turn|3
|
|t:|1758294694
|switch|p1a: Latias|Latias, F|100/100
|move|p2a: Pelipper|U-turn|p1a: Latias
|-supereffective|p1a: Latias
|-damage|p1a: Latias|85/100
|-enditem|p1a: Latias|Weakness Policy
|-boost|p1a: Latias|atk|2|[from] item: Weakness Policy
|-boost|p1a: Latias|spa|2|[from] item: Weakness Policy
|
|t:|1758294703
|switch|p2a: Beartic|Beartic, M|100/100|[from] U-turn
|
|-weather|RainDance|[upkeep]
|upkeep
|turn|4
|
|t:|1758294711
|-terastallize|p1a: Latias|Poison
|move|p2a: Beartic|Icicle Spear|p1a: Latias
|-damage|p1a: Latias|74/100
|-damage|p1a: Latias|63/100
|-damage|p1a: Latias|50/100
|-damage|p1a: Latias|38/100
|-hitcount|p1a: Latias|4
|move|p1a: Latias|Agility|p1a: Latias
|-boost|p1a: Latias|spe|2
|
|-weather|RainDance|[upkeep]
|upkeep
|turn|5
|
|t:|1758294724
|move|p1a: Latias|Stored Power|p2a: Beartic
|-damage|p2a: Beartic|0 fnt
|faint|p2a: Beartic
|
|-weather|RainDance|[upkeep]
|upkeep
|
|t:|1758294730
|switch|p2a: Barraskewda|Barraskewda, M|100/100
|turn|6
|
|t:|1758294734
|switch|p1a: Ninetales|Ninetales-Alola, M|63/100
|-weather|Snowscape|[from] ability: Snow Warning|[of] p1a: Ninetales
|move|p2a: Barraskewda|Liquidation|p1a: Ninetales
|-damage|p1a: Ninetales|19/100
|
|-weather|Snowscape|[upkeep]
|upkeep
|turn|7
|
|t:|1758294742
|switch|p1a: Kyurem|Kyurem|100/100
|-ability|p1a: Kyurem|Pressure
|move|p2a: Barraskewda|Flip Turn|p1a: Kyurem
|-resisted|p1a: Kyurem
|-damage|p1a: Kyurem|87/100
|
|t:|1758294750
|switch|p2a: Pelipper|Pelipper, F, tera:Steel|100/100|[from] Flip Turn
|-weather|RainDance|[from] ability: Drizzle|[of] p2a: Pelipper
|
|-weather|RainDance|[upkeep]
|upkeep
|turn|8
|
|t:|1758294765
|switch|p2a: Hatterene|Hatterene, F|100/100
|move|p1a: Kyurem|Dragon Dance|p1a: Kyurem
|-boost|p1a: Kyurem|atk|1
|-boost|p1a: Kyurem|spe|1
|
|-weather|RainDance|[upkeep]
|upkeep
|turn|9
|
|t:|1758294773
|move|p1a: Kyurem|Icicle Spear|p2a: Hatterene
|-damage|p2a: Hatterene|82/100
|-damage|p2a: Hatterene|65/100
|-damage|p2a: Hatterene|47/100
|-damage|p2a: Hatterene|28/100
|-damage|p2a: Hatterene|12/100
|-hitcount|p2a: Hatterene|5
|-enditem|p2a: Hatterene|Eject Button
|
|t:|1758294780
|switch|p2a: Barraskewda|Barraskewda, M|100/100
|
|-weather|RainDance|[upkeep]
|upkeep
|turn|10
|
|t:|1758294789
|switch|p1a: Ceruledge|Ceruledge, M|100/100
|move|p2a: Barraskewda|Flip Turn|p1a: Ceruledge
|-supereffective|p1a: Ceruledge
|-enditem|p1a: Ceruledge|Focus Sash
|-damage|p1a: Ceruledge|1/100
|-ability|p1a: Ceruledge|Weak Armor|boost
|-unboost|p1a: Ceruledge|def|1
|-boost|p1a: Ceruledge|spe|2
|
|t:|1758294801
|switch|p2a: Zapdos|Zapdos|100/100|[from] Flip Turn
|
|-weather|RainDance|[upkeep]
|upkeep
|turn|11
|
|t:|1758294812
|move|p1a: Ceruledge|Poltergeist|p2a: Zapdos
|-activate|p2a: Zapdos|move: Poltergeist|Assault Vest
|-damage|p2a: Zapdos|36/100
|move|p2a: Zapdos|Volt Switch|p1a: Ceruledge
|-damage|p1a: Ceruledge|0 fnt
|faint|p1a: Ceruledge
|
|t:|1758294821
|switch|p2a: Barraskewda|Barraskewda, M|100/100|[from] Volt Switch
|
|-weather|RainDance|[upkeep]
|upkeep
|
|t:|1758294825
|switch|p1a: Ninetales|Ninetales-Alola, M|19/100
|-weather|Snowscape|[from] ability: Snow Warning|[of] p1a: Ninetales
|turn|12
|
|t:|1758294833
|switch|p1a: Kyurem|Kyurem|87/100
|-ability|p1a: Kyurem|Pressure
|move|p2a: Barraskewda|Flip Turn|p1a: Kyurem
|-resisted|p1a: Kyurem
|-damage|p1a: Kyurem|74/100
|
|t:|1758294840
|switch|p2a: Pelipper|Pelipper, F, tera:Steel|100/100|[from] Flip Turn
|-weather|RainDance|[from] ability: Drizzle|[of] p2a: Pelipper
|
|-weather|RainDance|[upkeep]
|upkeep
|turn|13
|
|t:|1758294852
|move|p1a: Kyurem|Dragon Dance|p1a: Kyurem
|-boost|p1a: Kyurem|atk|1
|-boost|p1a: Kyurem|spe|1
|move|p2a: Pelipper|U-turn|p1a: Kyurem
|-damage|p1a: Kyurem|65/100
|
|t:|1758294858
|switch|p2a: Barraskewda|Barraskewda, M|100/100|[from] U-turn
|
|-weather|RainDance|[upkeep]
|upkeep
|turn|14
|
|t:|1758294863
|move|p2a: Barraskewda|Close Combat|p1a: Kyurem
|-supereffective|p1a: Kyurem
|-damage|p1a: Kyurem|0 fnt
|-unboost|p2a: Barraskewda|def|1
|-unboost|p2a: Barraskewda|spd|1
|faint|p1a: Kyurem
|
|-weather|RainDance|[upkeep]
|upkeep
|
|t:|1758294870
|switch|p1a: Hatterene|Hatterene, F|100/100
|turn|15
|
|t:|1758294877
|move|p2a: Barraskewda|Flip Turn|p1a: Hatterene
|-damage|p1a: Hatterene|46/100
|
|t:|1758294881
|switch|p2a: Zapdos|Zapdos|36/100|[from] Flip Turn
|move|p1a: Hatterene|Calm Mind|p1a: Hatterene
|-boost|p1a: Hatterene|spa|1
|-boost|p1a: Hatterene|spd|1
|
|-weather|RainDance|[upkeep]
|-heal|p1a: Hatterene|52/100|[from] item: Leftovers
|upkeep
|turn|16
|j| wgw2333
|
|t:|1758294890
|move|p2a: Zapdos|Thunder|p1a: Hatterene
|-damage|p1a: Hatterene|11/100
|move|p1a: Hatterene|Draining Kiss|p2a: Zapdos
|-damage|p2a: Zapdos|9/100
|-heal|p1a: Hatterene|31/100|[from] drain|[of] p2a: Zapdos
|
|-weather|RainDance|[upkeep]
|-heal|p1a: Hatterene|37/100|[from] item: Leftovers
|upkeep
|turn|17
|
|t:|1758294901
|move|p2a: Zapdos|Weather Ball|p1a: Hatterene
|-damage|p1a: Hatterene|2/100
|move|p1a: Hatterene|Draining Kiss|p2a: Zapdos
|-damage|p2a: Zapdos|0 fnt
|-heal|p1a: Hatterene|9/100|[from] drain|[of] p2a: Zapdos
|faint|p2a: Zapdos
|
|-weather|RainDance|[upkeep]
|-heal|p1a: Hatterene|15/100|[from] item: Leftovers
|upkeep
|
|t:|1758294912
|switch|p2a: Barraskewda|Barraskewda, M|100/100
|turn|18
|
|t:|1758294916
|move|p2a: Barraskewda|Liquidation|p1a: Hatterene
|-damage|p1a: Hatterene|0 fnt
|faint|p1a: Hatterene
|
|-weather|RainDance|[upkeep]
|upkeep
|
|t:|1758294917
|switch|p1a: Latias|Latias, F, tera:Poison|38/100
|turn|19
|-message|Johnny tots forfeited.
|
|win|DontMissMantine
|raw|Johnny tots's rating: 1721 &rarr; <strong>1701</strong><br />(-20 for losing)
|raw|DontMissMantine's rating: 1718 &rarr; <strong>1738</strong><br />(+20 for winning)
|l|☆Johnny tots
|player|p1|
|l| wgw2333
|l|☆DontMissMantine
|player|p2|
|j|☆DontMissMantine
|player|p2|DontMissMantine|lucas|
|l|☆DontMissMantine
|player|p2|
|j|☆DontMissMantine
|player|p2|DontMissMantine|lucas|
|l|☆DontMissMantine
|player|p2|
