|j|☆976-EVILL
|j|☆TheGrustler
|t:|1758340402
|gametype|singles
|player|p1|976-EVILL|cynthia|1409
|player|p2|TheGrustler|265|1475
|gen|9
|tier|[Gen 9] OU
|rated|
|rule|HP Percentage Mod: HP is shown in percentages
|rule|Endless Battle Clause: Forcing endless battles is banned
|rule|Species Clause: Limit one of each Pokémon
|rule|OHKO Clause: OHKO moves are banned
|rule|Evasion Items Clause: Evasion items are banned
|rule|Evasion Moves Clause: Evasion moves are banned
|rule|Evasion Abilities Clause: Evasion abilities are banned
|rule|Sleep Moves Clause: Sleep-inducing moves are banned
|clearpoke
|poke|p1|Iron Valiant|
|poke|p1|Kingambit, F|
|poke|p1|Kyurem|
|poke|p1|Landorus-Therian, M|
|poke|p1|Ogerpon-Wellspring, F|
|poke|p1|Pecharunt|
|poke|p2|Porygon-Z|
|poke|p2|Zamazenta-*|
|poke|p2|Pecharunt|
|poke|p2|Iron Treads|
|poke|p2|Alomomola, M|
|poke|p2|Rillaboom, F|
|teampreview
|inactive|Battle timer is ON: inactive players will automatically lose when time's up. (requested by 976-EVILL)
|
|t:|1758340426
|teamsize|p1|6
|teamsize|p2|6
|start
|switch|p1a: Landorus|Landorus-Therian, M|100/100
|switch|p2a: Rillaboom|Rillaboom, F|100/100
|-ability|p1a: Landorus|Intimidate|boost
|-unboost|p2a: Rillaboom|atk|1
|-fieldstart|move: Grassy Terrain|[from] ability: Grassy Surge|[of] p2a: Rillaboom
|turn|1
|
|t:|1758340448
|switch|p2a: Pecharunt|Pecharunt|100/100
|move|p1a: Landorus|U-turn|p2a: Pecharunt
|-resisted|p2a: Pecharunt
|-damage|p2a: Pecharunt|98/100
|-damage|p1a: Landorus|84/100|[from] item: Rocky Helmet|[of] p2a: Pecharunt
|
|t:|1758340457
|switch|p1a: Kyurem|Kyurem|100/100|[from] U-turn
|-ability|p1a: Kyurem|Pressure
|
|-heal|p2a: Pecharunt|100/100|[from] Grassy Terrain
|upkeep
|turn|2
|
|t:|1758340466
|switch|p2a: Alomomola|Alomomola, M|100/100
|move|p1a: Kyurem|Substitute|p1a: Kyurem
|-start|p1a: Kyurem|Substitute
|-damage|p1a: Kyurem|76/100
|
|-heal|p1a: Kyurem|82/100|[from] Grassy Terrain
|upkeep
|turn|3
|
|t:|1758340477
|move|p1a: Kyurem|Ice Beam|p2a: Alomomola
|-resisted|p2a: Alomomola
|-damage|p2a: Alomomola|91/100
|move|p2a: Alomomola|Body Slam|p1a: Kyurem
|-activate|p1a: Kyurem|move: Substitute|[damage]
|
|-heal|p1a: Kyurem|88/100|[from] Grassy Terrain
|-heal|p2a: Alomomola|97/100|[from] Grassy Terrain
|upkeep
|turn|4
|
|t:|1758340487
|move|p1a: Kyurem|Scale Shot|p2a: Alomomola
|-damage|p2a: Alomomola|89/100
|-damage|p2a: Alomomola|81/100
|-damage|p2a: Alomomola|74/100
|-damage|p2a: Alomomola|67/100
|-hitcount|p2a: Alomomola|4
|-unboost|p1a: Kyurem|def|1
|-boost|p1a: Kyurem|spe|1
|move|p2a: Alomomola|Flip Turn|p1a: Kyurem
|-resisted|p1a: Kyurem
|-activate|p1a: Kyurem|move: Substitute|[damage]
|inactive|TheGrustler has 120 seconds left.
|
|t:|1758340514
|switch|p2a: Iron Treads|Iron Treads|100/100|[from] Flip Turn
|
|-heal|p1a: Kyurem|94/100|[from] Grassy Terrain
|upkeep
|turn|5
|
|t:|1758340522
|-end|p2a: Iron Treads|Quark Drive|[silent]
|switch|p2a: Alomomola|Alomomola, M|99/100
|move|p1a: Kyurem|Earth Power|p2a: Alomomola
|-damage|p2a: Alomomola|87/100
|
|-heal|p1a: Kyurem|100/100|[from] Grassy Terrain
|-heal|p2a: Alomomola|94/100|[from] Grassy Terrain
|-fieldend|move: Grassy Terrain
|upkeep
|turn|6
|
|t:|1758340534
|switch|p1a: Ogerpon|Ogerpon-Wellspring, F|100/100
|move|p2a: Alomomola|Flip Turn|p1a: Ogerpon
|-immune|p1a: Ogerpon|[from] ability: Water Absorb
|
|upkeep
|turn|7
|
|t:|1758340541
|switch|p2a: Pecharunt|Pecharunt|100/100
|move|p1a: Ogerpon|Encore||[still]
|-fail|p1a: Ogerpon
|
|upkeep
|turn|8
|
|t:|1758340551
|switch|p1a: Pecharunt|Pecharunt|100/100
|move|p2a: Pecharunt|Parting Shot|p1a: Pecharunt
|-unboost|p1a: Pecharunt|atk|1
|-unboost|p1a: Pecharunt|spa|1
|
|t:|1758340557
|switch|p2a: Porygon-Z|Porygon-Z|100/100|[from] Parting Shot
|-ability|p2a: Porygon-Z|Download|boost
|-boost|p2a: Porygon-Z|spa|1
|
|upkeep
|turn|9
|
|t:|1758340564
|switch|p1a: Kingambit|Kingambit, F|100/100
|move|p2a: Porygon-Z|Shadow Ball|p1a: Kingambit
|-resisted|p1a: Kingambit
|-damage|p1a: Kingambit|64/100
|-unboost|p1a: Kingambit|spd|1
|
|-heal|p1a: Kingambit|70/100|[from] item: Leftovers
|upkeep
|turn|10
|
|t:|1758340576
|switch|p2a: Zamazenta|Zamazenta|100/100
|-ability|p2a: Zamazenta|Dauntless Shield|boost
|-boost|p2a: Zamazenta|def|1
|move|p1a: Kingambit|Kowtow Cleave|p2a: Zamazenta
|-resisted|p2a: Zamazenta
|-damage|p2a: Zamazenta|85/100
|
|-heal|p1a: Kingambit|76/100|[from] item: Leftovers
|upkeep
|turn|11
|
|t:|1758340603
|switch|p2a: Alomomola|Alomomola, M|100/100
|-end|p1a: Kingambit|fallenundefined|[silent]
|switch|p1a: Landorus|Landorus-Therian, M|84/100
|-ability|p1a: Landorus|Intimidate|boost
|-unboost|p2a: Alomomola|atk|1
|
|upkeep
|turn|12
|
|t:|1758340611
|move|p1a: Landorus|Stealth Rock|p2a: Alomomola
|-sidestart|p2: TheGrustler|move: Stealth Rock
|move|p2a: Alomomola|Body Slam|p1a: Landorus
|-damage|p1a: Landorus|72/100
|-damage|p2a: Alomomola|84/100|[from] item: Rocky Helmet|[of] p1a: Landorus
|
|upkeep
|turn|13
|
|t:|1758340620
|switch|p1a: Pecharunt|Pecharunt|100/100
|move|p2a: Alomomola|Flip Turn|p1a: Pecharunt
|-damage|p1a: Pecharunt|95/100
|
|t:|1758340634
|switch|p2a: Porygon-Z|Porygon-Z|100/100|[from] Flip Turn
|-damage|p2a: Porygon-Z|88/100|[from] Stealth Rock
|-ability|p2a: Porygon-Z|Download|boost
|-boost|p2a: Porygon-Z|spa|1
|
|upkeep
|turn|14
|
|t:|1758340643
|switch|p1a: Kingambit|Kingambit, F|76/100
|move|p2a: Porygon-Z|Tri Attack|p1a: Kingambit
|-resisted|p1a: Kingambit
|-damage|p1a: Kingambit|20/100
|
|-heal|p1a: Kingambit|26/100|[from] item: Leftovers
|upkeep
|turn|15
|
|t:|1758340656
|-end|p1a: Kingambit|fallenundefined|[silent]
|switch|p1a: Pecharunt|Pecharunt|95/100
|move|p2a: Porygon-Z|Tri Attack|p1a: Pecharunt
|-immune|p1a: Pecharunt
|
|upkeep
|turn|16
|
|t:|1758340665
|switch|p2a: Iron Treads|Iron Treads|100/100
|-damage|p2a: Iron Treads|98/100|[from] Stealth Rock
|move|p1a: Pecharunt|Parting Shot|p2a: Iron Treads
|-unboost|p2a: Iron Treads|atk|1
|-unboost|p2a: Iron Treads|spa|1
|
|t:|1758340668
|switch|p1a: Ogerpon|Ogerpon-Wellspring, F|100/100|[from] Parting Shot
|
|-heal|p2a: Iron Treads|100/100|[from] item: Leftovers
|upkeep
|turn|17
|
|t:|1758340688
|-end|p2a: Iron Treads|Quark Drive|[silent]
|switch|p2a: Pecharunt|Pecharunt|100/100
|-damage|p2a: Pecharunt|88/100|[from] Stealth Rock
|move|p1a: Ogerpon|Knock Off|p2a: Pecharunt
|-supereffective|p2a: Pecharunt
|-damage|p2a: Pecharunt|52/100
|-damage|p1a: Ogerpon|84/100|[from] item: Rocky Helmet|[of] p2a: Pecharunt
|-enditem|p2a: Pecharunt|Rocky Helmet|[from] move: Knock Off|[of] p1a: Ogerpon
|
|upkeep
|turn|18
|
|t:|1758340701
|switch|p1a: Landorus|Landorus-Therian, M|72/100
|-ability|p1a: Landorus|Intimidate|boost
|-unboost|p2a: Pecharunt|atk|1
|move|p2a: Pecharunt|Recover|p2a: Pecharunt
|-heal|p2a: Pecharunt|100/100
|
|upkeep
|turn|19
|
|t:|1758340709
|switch|p2a: Alomomola|Alomomola, M|100/100
|-damage|p2a: Alomomola|88/100|[from] Stealth Rock
|move|p1a: Landorus|Earthquake|p2a: Alomomola
|-damage|p2a: Alomomola|44/100
|
|upkeep
|turn|20
|
|t:|1758340723
|switch|p2a: Rillaboom|Rillaboom, F|100/100
|-damage|p2a: Rillaboom|88/100|[from] Stealth Rock
|-fieldstart|move: Grassy Terrain|[from] ability: Grassy Surge|[of] p2a: Rillaboom
|move|p1a: Landorus|U-turn|p2a: Rillaboom
|-supereffective|p2a: Rillaboom
|-damage|p2a: Rillaboom|28/100
|
|t:|1758340730
|switch|p1a: Pecharunt|Pecharunt|95/100|[from] U-turn
|
|-heal|p2a: Rillaboom|35/100|[from] Grassy Terrain
|-heal|p1a: Pecharunt|100/100|[from] Grassy Terrain
|upkeep
|turn|21
|
|t:|1758340739
|switch|p2a: Iron Treads|Iron Treads|100/100
|-damage|p2a: Iron Treads|98/100|[from] Stealth Rock
|move|p1a: Pecharunt|Parting Shot|p2a: Iron Treads
|-unboost|p2a: Iron Treads|atk|1
|-unboost|p2a: Iron Treads|spa|1
|
|t:|1758340749
|switch|p1a: Ogerpon|Ogerpon-Wellspring, F|84/100|[from] Parting Shot
|
|-heal|p1a: Ogerpon|90/100|[from] Grassy Terrain
|-heal|p2a: Iron Treads|100/100|[from] Grassy Terrain
|upkeep
|turn|22
|
|t:|1758340757
|-end|p2a: Iron Treads|Quark Drive|[silent]
|switch|p2a: Pecharunt|Pecharunt|100/100
|-damage|p2a: Pecharunt|88/100|[from] Stealth Rock
|move|p1a: Ogerpon|Ivy Cudgel|p2a: Pecharunt|[anim] Ivy Cudgel Water
|-damage|p2a: Pecharunt|62/100
|
|-heal|p1a: Ogerpon|96/100|[from] Grassy Terrain
|-heal|p2a: Pecharunt|68/100|[from] Grassy Terrain
|upkeep
|turn|23
|
|t:|1758340767
|switch|p1a: Pecharunt|Pecharunt|100/100
|move|p2a: Pecharunt|Parting Shot|p1a: Pecharunt
|-unboost|p1a: Pecharunt|atk|1
|-unboost|p1a: Pecharunt|spa|1
|
|t:|1758340778
|switch|p2a: Porygon-Z|Porygon-Z|88/100|[from] Parting Shot
|-damage|p2a: Porygon-Z|76/100|[from] Stealth Rock
|-ability|p2a: Porygon-Z|Download|boost
|-boost|p2a: Porygon-Z|spa|1
|
|-heal|p2a: Porygon-Z|82/100|[from] Grassy Terrain
|upkeep
|turn|24
|
|t:|1758340787
|move|p2a: Porygon-Z|Shadow Ball|p1a: Pecharunt
|-supereffective|p1a: Pecharunt
|-damage|p1a: Pecharunt|0 fnt
|faint|p1a: Pecharunt
|
|-heal|p2a: Porygon-Z|88/100|[from] Grassy Terrain
|-fieldend|move: Grassy Terrain
|upkeep
|
|t:|1758340796
|switch|p1a: Kingambit|Kingambit, F|26/100
|-activate|p1a: Kingambit|ability: Supreme Overlord
|-start|p1a: Kingambit|fallen1|[silent]
|turn|25
|
|t:|1758340815
|move|p1a: Kingambit|Sucker Punch|p2a: Porygon-Z
|-damage|p2a: Porygon-Z|19/100
|move|p2a: Porygon-Z|Shadow Ball|p1a: Kingambit
|-resisted|p1a: Kingambit
|-damage|p1a: Kingambit|0 fnt
|faint|p1a: Kingambit
|-end|p1a: Kingambit|fallen1|[silent]
|
|upkeep
|
|t:|1758340830
|switch|p1a: Kyurem|Kyurem|100/100
|-ability|p1a: Kyurem|Pressure
|turn|26
|
|t:|1758340835
|move|p1a: Kyurem|Scale Shot|p2a: Porygon-Z
|-damage|p2a: Porygon-Z|4/100
|-damage|p2a: Porygon-Z|0 fnt
|faint|p2a: Porygon-Z
|-hitcount|p2: Porygon-Z|2
|-unboost|p1a: Kyurem|def|1
|-boost|p1a: Kyurem|spe|1
|
|upkeep
|
|t:|1758340844
|switch|p2a: Zamazenta|Zamazenta|85/100
|turn|27
|
|t:|1758340849
|switch|p1a: Landorus|Landorus-Therian, M|72/100
|-ability|p1a: Landorus|Intimidate|boost
|-unboost|p2a: Zamazenta|atk|1
|move|p2a: Zamazenta|Close Combat|p1a: Landorus
|-resisted|p1a: Landorus
|-damage|p1a: Landorus|50/100
|-unboost|p2a: Zamazenta|def|1
|-unboost|p2a: Zamazenta|spd|1
|-damage|p2a: Zamazenta|69/100|[from] item: Rocky Helmet|[of] p1a: Landorus
|
|upkeep
|turn|28
|
|t:|1758340864
|switch|p2a: Alomomola|Alomomola, M|77/100
|-damage|p2a: Alomomola|65/100|[from] Stealth Rock
|move|p1a: Landorus|Earthquake|p2a: Alomomola
|-damage|p2a: Alomomola|23/100
|
|upkeep
|turn|29
|
|t:|1758340889
|switch|p2a: Iron Treads|Iron Treads|100/100
|-damage|p2a: Iron Treads|98/100|[from] Stealth Rock
|move|p1a: Landorus|Earthquake|p2a: Iron Treads
|-supereffective|p2a: Iron Treads
|-damage|p2a: Iron Treads|10/100
|
|-heal|p2a: Iron Treads|17/100|[from] item: Leftovers
|upkeep
|turn|30
|inactive|976-EVILL has 120 seconds left.
|
|t:|1758340925
|switch|p1a: Ogerpon|Ogerpon-Wellspring, F|96/100
|move|p2a: Iron Treads|Stealth Rock|p1a: Ogerpon
|-sidestart|p1: 976-EVILL|move: Stealth Rock
|
|-heal|p2a: Iron Treads|23/100|[from] item: Leftovers
|upkeep
|turn|31
|inactive|TheGrustler has 120 seconds left.
|
|t:|1758340942
|move|p1a: Ogerpon|Knock Off|p2a: Iron Treads
|-damage|p2a: Iron Treads|0 fnt
|-enditem|p2a: Iron Treads|Leftovers|[from] move: Knock Off|[of] p1a: Ogerpon
|faint|p2a: Iron Treads
|-end|p2a: Iron Treads|Quark Drive|[silent]
|
|upkeep
|inactive|TheGrustler has 120 seconds left.
|
|t:|1758340950
|switch|p2a: Pecharunt|Pecharunt|68/100
|-damage|p2a: Pecharunt|56/100|[from] Stealth Rock
|turn|32
|
|t:|1758340956
|move|p1a: Ogerpon|Ivy Cudgel|p2a: Pecharunt|[anim] Ivy Cudgel Water
|-damage|p2a: Pecharunt|30/100
|move|p2a: Pecharunt|Malignant Chain|p1a: Ogerpon
|-supereffective|p1a: Ogerpon
|-damage|p1a: Ogerpon|22/100
|
|upkeep
|turn|33
|inactive|TheGrustler has 120 seconds left.
|
|t:|1758340972
|switch|p1a: Landorus|Landorus-Therian, M|50/100
|-damage|p1a: Landorus|37/100|[from] Stealth Rock
|-ability|p1a: Landorus|Intimidate|boost
|-unboost|p2a: Pecharunt|atk|1
|move|p2a: Pecharunt|Malignant Chain|p1a: Landorus
|-resisted|p1a: Landorus
|-damage|p1a: Landorus|17/100
|-status|p1a: Landorus|tox
|-start|p1a: Landorus|confusion|[from] ability: Poison Puppeteer|[of] p2a: Pecharunt
|
|-damage|p1a: Landorus|11/100 tox|[from] psn
|upkeep
|turn|34
|inactive|TheGrustler has 120 seconds left.
|
|t:|1758340990
|-activate|p1a: Landorus|confusion
|-damage|p1a: Landorus|0 fnt|[from] confusion
|faint|p1a: Landorus
|move|p2a: Pecharunt|Recover|p2a: Pecharunt
|-heal|p2a: Pecharunt|80/100
|
|upkeep
|
|t:|1758340993
|switch|p1a: Kyurem|Kyurem|100/100
|-damage|p1a: Kyurem|76/100|[from] Stealth Rock
|-ability|p1a: Kyurem|Pressure
|turn|35
|inactive|TheGrustler has 120 seconds left.
|
|t:|1758341005
|move|p1a: Kyurem|Substitute|p1a: Kyurem
|-start|p1a: Kyurem|Substitute
|-damage|p1a: Kyurem|51/100
|move|p2a: Pecharunt|Malignant Chain|p1a: Kyurem
|-crit|p1a: Kyurem
|-end|p1a: Kyurem|Substitute
|
|upkeep
|turn|36
|inactive|TheGrustler has 120 seconds left.
|
|t:|1758341016
|move|p1a: Kyurem|Earth Power|p2a: Pecharunt
|-supereffective|p2a: Pecharunt
|-damage|p2a: Pecharunt|20/100
|move|p2a: Pecharunt|Malignant Chain|p1a: Kyurem
|-damage|p1a: Kyurem|26/100
|
|upkeep
|turn|37
|
|t:|1758341026
|move|p1a: Kyurem|Scale Shot|p2a: Pecharunt
|-damage|p2a: Pecharunt|15/100
|-damage|p2a: Pecharunt|10/100
|-damage|p2a: Pecharunt|5/100
|-damage|p2a: Pecharunt|0 fnt
|faint|p2a: Pecharunt
|-hitcount|p2: Pecharunt|4
|-unboost|p1a: Kyurem|def|1
|-boost|p1a: Kyurem|spe|1
|
|upkeep
|inactive|TheGrustler has 120 seconds left.
|
|t:|1758341037
|switch|p2a: Rillaboom|Rillaboom, F|35/100
|-damage|p2a: Rillaboom|22/100|[from] Stealth Rock
|-fieldstart|move: Grassy Terrain|[from] ability: Grassy Surge|[of] p2a: Rillaboom
|turn|38
|
|t:|1758341044
|-terastallize|p2a: Rillaboom|Grass
|move|p2a: Rillaboom|Grassy Glide|p1a: Kyurem
|-resisted|p1a: Kyurem
|-damage|p1a: Kyurem|0 fnt
|faint|p1a: Kyurem
|
|-heal|p2a: Rillaboom|28/100|[from] Grassy Terrain
|upkeep
|
|t:|1758341062
|switch|p1a: Iron Valiant|Iron Valiant|100/100
|-damage|p1a: Iron Valiant|94/100|[from] Stealth Rock
|-enditem|p1a: Iron Valiant|Booster Energy
|-activate|p1a: Iron Valiant|ability: Quark Drive|[fromitem]
|-start|p1a: Iron Valiant|quarkdrivespe
|turn|39
|
|t:|1758341068
|move|p2a: Rillaboom|Grassy Glide|p1a: Iron Valiant
|-damage|p1a: Iron Valiant|0 fnt
|faint|p1a: Iron Valiant
|-end|p1a: Iron Valiant|Quark Drive|[silent]
|
|-heal|p2a: Rillaboom|35/100|[from] Grassy Terrain
|upkeep
|
|t:|1758341071
|switch|p1a: Ogerpon|Ogerpon-Wellspring, F|22/100
|-damage|p1a: Ogerpon|10/100|[from] Stealth Rock
|turn|40
|
|t:|1758341080
|move|p2a: Rillaboom|Grassy Glide|p1a: Ogerpon
|-damage|p1a: Ogerpon|0 fnt
|faint|p1a: Ogerpon
|
|win|TheGrustler
|raw|976-EVILL's rating: 1409 &rarr; <strong>1393</strong><br />(-16 for losing)
|raw|TheGrustler's rating: 1475 &rarr; <strong>1491</strong><br />(+16 for winning)
|l|☆TheGrustler
|player|p2|
|l|☆976-EVILL
|player|p1|
