|j|☆ryyyrrt
|j|☆williamthefool
|t:|1758358559
|gametype|singles
|player|p1|ryyyrrt|266|1111
|player|p2|williamthefool|265|1129
|gen|9
|tier|[Gen 9] OU
|rated|
|rule|HP Percentage Mod: HP is shown in percentages
|rule|Endless Battle Clause: Forcing endless battles is banned
|rule|Species Clause: Limit one of each Pokémon
|rule|OHKO Clause: OHKO moves are banned
|rule|Evasion Items Clause: Evasion items are banned
|rule|Evasion Moves Clause: Evasion moves are banned
|rule|Evasion Abilities Clause: Evasion abilities are banned
|rule|Sleep Moves Clause: Sleep-inducing moves are banned
|clearpoke
|poke|p1|Gastrodon-East, F|
|poke|p1|Great Tusk|
|poke|p1|Corviknight, M|
|poke|p1|Gliscor, M|
|poke|p1|Kingambit, M|
|poke|p1|Garganacl, M|
|poke|p2|Slither Wing|
|poke|p2|Corviknight, M|
|poke|p2|Sandy Shocks|
|poke|p2|Ogerpon-Wellspring, F|
|poke|p2|Slowking-Galar, F|
|poke|p2|Dragapult, F|
|teampreview
|
|t:|1758358573
|teamsize|p1|6
|teamsize|p2|6
|start
|switch|p1a: Corviknight|Corviknight, M, shiny|100/100
|switch|p2a: Dragapult|Dragapult, F|100/100
|-ability|p1a: Corviknight|Pressure
|turn|1
|
|t:|1758358584
|switch|p1a: Garganacl|Garganacl, M, shiny|100/100
|move|p2a: Dragapult|Will-O-Wisp|p1a: Garganacl
|-immune|p1a: Garganacl|[from] ability: Purifying Salt
|
|upkeep
|turn|2
|
|t:|1758358592
|switch|p2a: Corviknight|Corviknight, M|100/100
|-ability|p2a: Corviknight|Pressure
|move|p1a: Garganacl|Salt Cure|p2a: Corviknight
|-damage|p2a: Corviknight|91/100
|
|upkeep
|turn|3
|
|t:|1758358603
|switch|p1a: Gliscor|Gliscor, M|100/100
|move|p2a: Corviknight|Body Press|p1a: Gliscor
|-resisted|p1a: Gliscor
|-damage|p1a: Gliscor|91/100
|
|-status|p1a: Gliscor|tox|[from] item: Toxic Orb
|upkeep
|turn|4
|
|t:|1758358611
|move|p1a: Gliscor|Knock Off|p2a: Corviknight
|-damage|p2a: Corviknight|78/100
|-enditem|p2a: Corviknight|Covert Cloak|[from] move: Knock Off|[of] p1a: Gliscor
|move|p2a: Corviknight|U-turn|p1a: Gliscor
|-resisted|p1a: Gliscor
|-damage|p1a: Gliscor|84/100 tox
|
|t:|1758358617
|switch|p2a: Ogerpon|Ogerpon-Wellspring, F|100/100|[from] U-turn
|
|-heal|p1a: Gliscor|97/100 tox|[from] ability: Poison Heal
|upkeep
|turn|5
|
|t:|1758358636
|switch|p1a: Corviknight|Corviknight, M, shiny|100/100
|-ability|p1a: Corviknight|Pressure
|move|p2a: Ogerpon|Swords Dance|p2a: Ogerpon
|-boost|p2a: Ogerpon|atk|2
|
|upkeep
|turn|6
|
|t:|1758358645
|move|p2a: Ogerpon|Ivy Cudgel|p1a: Corviknight|[anim] Ivy Cudgel Water
|-damage|p1a: Corviknight|36/100
|move|p1a: Corviknight|Brave Bird|p2a: Ogerpon
|-supereffective|p2a: Ogerpon
|-crit|p2a: Ogerpon
|-damage|p2a: Ogerpon|0 fnt
|faint|p2a: Ogerpon
|-damage|p1a: Corviknight|10/100|[from] Recoil
|
|-heal|p1a: Corviknight|16/100|[from] item: Leftovers
|upkeep
|
|t:|1758358679
|switch|p2a: Slither Wing|Slither Wing|100/100
|turn|7
|
|t:|1758358686
|-end|p2a: Slither Wing|Protosynthesis|[silent]
|switch|p2a: Corviknight|Corviknight, M|78/100
|-ability|p2a: Corviknight|Pressure
|switch|p1a: Great Tusk|Great Tusk|100/100
|
|upkeep
|turn|8
|
|t:|1758358693
|move|p1a: Great Tusk|Stealth Rock|p2a: Corviknight
|-sidestart|p2: williamthefool|move: Stealth Rock
|move|p2a: Corviknight|Roost|p2a: Corviknight
|-heal|p2a: Corviknight|100/100
|-singleturn|p2a: Corviknight|move: Roost
|
|upkeep
|turn|9
|
|t:|1758358720
|-end|p1a: Great Tusk|Protosynthesis|[silent]
|switch|p1a: Gastrodon|Gastrodon-East, F|100/100
|move|p2a: Corviknight|Defog|p1a: Gastrodon
|-unboost|p1a: Gastrodon|evasion|1
|-sideend|p2: williamthefool|Stealth Rock|[from] move: Defog|[of] p2a: Corviknight
|
|upkeep
|turn|10
|
|t:|1758358737
|move|p2a: Corviknight|Body Press|p1a: Gastrodon
|-damage|p1a: Gastrodon|69/100
|move|p1a: Gastrodon|Spikes|p2a: Corviknight
|-sidestart|p2: williamthefool|Spikes
|
|-heal|p1a: Gastrodon|75/100|[from] item: Leftovers
|upkeep
|turn|11
|
|t:|1758358748
|switch|p1a: Garganacl|Garganacl, M, shiny|100/100
|move|p2a: Corviknight|Body Press|p1a: Garganacl
|-supereffective|p1a: Garganacl
|-damage|p1a: Garganacl|63/100
|
|-heal|p1a: Garganacl|70/100|[from] item: Leftovers
|upkeep
|turn|12
|
|t:|1758358758
|move|p2a: Corviknight|U-turn|p1a: Garganacl
|-damage|p1a: Garganacl|60/100
|
|t:|1758358761
|switch|p2a: Sandy Shocks|Sandy Shocks|100/100|[from] U-turn
|-damage|p2a: Sandy Shocks|88/100|[from] Spikes
|-enditem|p2a: Sandy Shocks|Booster Energy
|-activate|p2a: Sandy Shocks|ability: Protosynthesis|[fromitem]
|-start|p2a: Sandy Shocks|protosynthesisspa
|move|p1a: Garganacl|Salt Cure|p2a: Sandy Shocks
|-resisted|p2a: Sandy Shocks
|-damage|p2a: Sandy Shocks|81/100
|-start|p2a: Sandy Shocks|Salt Cure
|
|-heal|p1a: Garganacl|66/100|[from] item: Leftovers
|-damage|p2a: Sandy Shocks|69/100|[from] Salt Cure
|upkeep
|turn|13
|
|t:|1758358785
|switch|p1a: Gastrodon|Gastrodon-East, F|75/100
|move|p2a: Sandy Shocks|Earth Power|p1a: Gastrodon
|-damage|p1a: Gastrodon|34/100
|
|-heal|p1a: Gastrodon|40/100|[from] item: Leftovers
|-damage|p2a: Sandy Shocks|57/100|[from] Salt Cure
|upkeep
|turn|14
|
|t:|1758358794
|move|p2a: Sandy Shocks|Earth Power|p1a: Gastrodon
|-damage|p1a: Gastrodon|4/100
|move|p1a: Gastrodon|Recover|p1a: Gastrodon
|-heal|p1a: Gastrodon|54/100
|
|-heal|p1a: Gastrodon|60/100|[from] item: Leftovers
|-damage|p2a: Sandy Shocks|45/100|[from] Salt Cure
|upkeep
|turn|15
|
|t:|1758358819
|-end|p2a: Sandy Shocks|Protosynthesis|[silent]
|switch|p2a: Corviknight|Corviknight, M|100/100
|-ability|p2a: Corviknight|Pressure
|move|p1a: Gastrodon|Recover|p1a: Gastrodon
|-heal|p1a: Gastrodon|100/100
|
|upkeep
|turn|16
|
|t:|1758358838
|move|p2a: Corviknight|Defog|p1a: Gastrodon
|-unboost|p1a: Gastrodon|evasion|1
|-sideend|p2: williamthefool|Spikes|[from] move: Defog|[of] p2a: Corviknight
|move|p1a: Gastrodon|Ice Beam|p2a: Corviknight
|-damage|p2a: Corviknight|81/100
|
|upkeep
|turn|17
|
|t:|1758358846
|move|p2a: Corviknight|Body Press|p1a: Gastrodon
|-damage|p1a: Gastrodon|69/100
|move|p1a: Gastrodon|Spikes|p2a: Corviknight
|-sidestart|p2: williamthefool|Spikes
|
|-heal|p1a: Gastrodon|75/100|[from] item: Leftovers
|upkeep
|turn|18
|
|t:|1758358852
|switch|p1a: Garganacl|Garganacl, M, shiny|66/100
|move|p2a: Corviknight|Body Press|p1a: Garganacl
|-supereffective|p1a: Garganacl
|-damage|p1a: Garganacl|29/100
|
|-heal|p1a: Garganacl|35/100|[from] item: Leftovers
|upkeep
|turn|19
|
|t:|1758358882
|-terastallize|p1a: Garganacl|Water
|move|p2a: Corviknight|Body Press|p1a: Garganacl
|-damage|p1a: Garganacl|17/100
|move|p1a: Garganacl|Recover|p1a: Garganacl
|-heal|p1a: Garganacl|67/100
|
|-heal|p1a: Garganacl|73/100|[from] item: Leftovers
|upkeep
|turn|20
|
|t:|1758358889
|move|p2a: Corviknight|U-turn|p1a: Garganacl
|-damage|p1a: Garganacl|63/100
|
|t:|1758358892
|switch|p2a: Sandy Shocks|Sandy Shocks|45/100|[from] U-turn
|-damage|p2a: Sandy Shocks|32/100|[from] Spikes
|move|p1a: Garganacl|Curse|p1a: Garganacl
|-unboost|p1a: Garganacl|spe|1
|-boost|p1a: Garganacl|atk|1
|-boost|p1a: Garganacl|def|1
|
|-heal|p1a: Garganacl|69/100|[from] item: Leftovers
|upkeep
|turn|21
|
|t:|1758358904
|switch|p1a: Gastrodon|Gastrodon-East, F|75/100
|move|p2a: Sandy Shocks|Earth Power|p1a: Gastrodon
|-damage|p1a: Gastrodon|48/100
|
|-heal|p1a: Gastrodon|54/100|[from] item: Leftovers
|upkeep
|turn|22
|
|t:|1758358915
|-end|p2a: Sandy Shocks|Protosynthesis|[silent]
|switch|p2a: Dragapult|Dragapult, F|100/100
|-damage|p2a: Dragapult|88/100|[from] Spikes
|move|p1a: Gastrodon|Recover|p1a: Gastrodon
|-heal|p1a: Gastrodon|100/100
|
|upkeep
|turn|23
|
|t:|1758358932
|move|p2a: Dragapult|Draco Meteor|p1a: Gastrodon
|-damage|p1a: Gastrodon|43/100
|-unboost|p2a: Dragapult|spa|2
|move|p1a: Gastrodon|Spikes|p2a: Dragapult
|-sidestart|p2: williamthefool|Spikes
|
|-heal|p1a: Gastrodon|49/100|[from] item: Leftovers
|upkeep
|turn|24
|
|t:|1758358938
|switch|p2a: Corviknight|Corviknight, M|81/100
|-ability|p2a: Corviknight|Pressure
|move|p1a: Gastrodon|Recover|p1a: Gastrodon
|-heal|p1a: Gastrodon|99/100
|
|-heal|p1a: Gastrodon|100/100|[from] item: Leftovers
|upkeep
|turn|25
|
|t:|1758358948
|switch|p1a: Garganacl|Garganacl, M, shiny, tera:Water|69/100
|move|p2a: Corviknight|Defog|p1a: Garganacl
|-unboost|p1a: Garganacl|evasion|1
|-sideend|p2: williamthefool|Spikes|[from] move: Defog|[of] p2a: Corviknight
|
|-heal|p1a: Garganacl|75/100|[from] item: Leftovers
|upkeep
|turn|26
|
|t:|1758358956
|move|p2a: Corviknight|U-turn|p1a: Garganacl
|-damage|p1a: Garganacl|64/100
|
|t:|1758358963
|switch|p2a: Slither Wing|Slither Wing|100/100|[from] U-turn
|move|p1a: Garganacl|Salt Cure|p2a: Slither Wing
|-damage|p2a: Slither Wing|86/100
|-start|p2a: Slither Wing|Salt Cure
|
|-heal|p1a: Garganacl|70/100|[from] item: Leftovers
|-damage|p2a: Slither Wing|74/100|[from] Salt Cure
|upkeep
|turn|27
|
|t:|1758358971
|switch|p1a: Great Tusk|Great Tusk|100/100
|-terastallize|p2a: Slither Wing|Bug
|move|p2a: Slither Wing|First Impression|p1a: Great Tusk
|-resisted|p1a: Great Tusk
|-damage|p1a: Great Tusk|65/100
|
|-heal|p1a: Great Tusk|71/100|[from] item: Leftovers
|-damage|p2a: Slither Wing|61/100|[from] Salt Cure
|upkeep
|turn|28
|
|t:|1758358981
|-end|p2a: Slither Wing|Protosynthesis|[silent]
|switch|p2a: Corviknight|Corviknight, M|81/100
|-ability|p2a: Corviknight|Pressure
|move|p1a: Great Tusk|Stealth Rock|p2a: Corviknight
|-sidestart|p2: williamthefool|move: Stealth Rock
|
|-heal|p1a: Great Tusk|78/100|[from] item: Leftovers
|upkeep
|turn|29
|
|t:|1758358994
|move|p1a: Great Tusk|Ice Spinner|p2a: Corviknight
|-damage|p2a: Corviknight|63/100
|move|p2a: Corviknight|Roost|p2a: Corviknight
|-heal|p2a: Corviknight|100/100
|-singleturn|p2a: Corviknight|move: Roost
|
|-heal|p1a: Great Tusk|84/100|[from] item: Leftovers
|upkeep
|turn|30
|
|t:|1758359016
|-end|p1a: Great Tusk|Protosynthesis|[silent]
|switch|p1a: Gliscor|Gliscor, M|97/100 tox
|move|p2a: Corviknight|Body Press|p1a: Gliscor
|-resisted|p1a: Gliscor
|-damage|p1a: Gliscor|87/100 tox
|
|-heal|p1a: Gliscor|99/100 tox|[from] ability: Poison Heal
|upkeep
|turn|31
|
|t:|1758359022
|move|p1a: Gliscor|Swords Dance|p1a: Gliscor
|-boost|p1a: Gliscor|atk|2
|move|p2a: Corviknight|U-turn|p1a: Gliscor
|-resisted|p1a: Gliscor
|-damage|p1a: Gliscor|94/100 tox
|
|t:|1758359029
|switch|p2a: Dragapult|Dragapult, F|88/100|[from] U-turn
|-damage|p2a: Dragapult|76/100|[from] Stealth Rock
|
|-heal|p1a: Gliscor|100/100 tox|[from] ability: Poison Heal
|upkeep
|turn|32
|
|t:|1758359034
|move|p1a: Gliscor|Protect|p1a: Gliscor
|-singleturn|p1a: Gliscor|Protect
|move|p2a: Dragapult|Shadow Ball|p1a: Gliscor
|-activate|p1a: Gliscor|move: Protect
|
|upkeep
|turn|33
|
|t:|1758359040
|move|p2a: Dragapult|Shadow Ball|p1a: Gliscor
|-crit|p1a: Gliscor
|-damage|p1a: Gliscor|37/100 tox
|move|p1a: Gliscor|Knock Off|p2a: Dragapult
|-supereffective|p2a: Dragapult
|-damage|p2a: Dragapult|0 fnt
|-enditem|p2a: Dragapult|Choice Specs|[from] move: Knock Off|[of] p1a: Gliscor
|faint|p2a: Dragapult
|
|-heal|p1a: Gliscor|49/100 tox|[from] ability: Poison Heal
|upkeep
|
|t:|1758359055
|switch|p2a: Sandy Shocks|Sandy Shocks|32/100
|-damage|p2a: Sandy Shocks|26/100|[from] Stealth Rock
|turn|34
|
|t:|1758359061
|move|p1a: Gliscor|Protect|p1a: Gliscor
|-singleturn|p1a: Gliscor|Protect
|move|p2a: Sandy Shocks|Earth Power|p1a: Gliscor
|-activate|p1a: Gliscor|move: Protect
|
|-heal|p1a: Gliscor|62/100 tox|[from] ability: Poison Heal
|upkeep
|turn|35
|
|t:|1758359080
|move|p2a: Sandy Shocks|Power Gem|p1a: Gliscor
|-damage|p1a: Gliscor|39/100 tox
|move|p1a: Gliscor|Facade|p2a: Sandy Shocks
|-damage|p2a: Sandy Shocks|0 fnt
|faint|p2a: Sandy Shocks
|-end|p2a: Sandy Shocks|Protosynthesis|[silent]
|
|-heal|p1a: Gliscor|52/100 tox|[from] ability: Poison Heal
|upkeep
|-message|williamthefool forfeited.
|
|win|ryyyrrt
|raw|ryyyrrt's rating: 1111 &rarr; <strong>1137</strong><br />(+26 for winning)
|raw|williamthefool's rating: 1129 &rarr; <strong>1103</strong><br />(-26 for losing)
|l|☆williamthefool
|player|p2|
