|j|☆Aflyingmermaid
|j|‽malk tyme
|t:|1758290293
|gametype|singles
|player|p1|Aflyingmermaid|265|1575
|player|p2|malk tyme|2|1579
|gen|9
|tier|[Gen 9] OU
|rated|
|rule|HP Percentage Mod: HP is shown in percentages
|rule|Endless Battle Clause: Forcing endless battles is banned
|rule|Species Clause: Limit one of each Pokémon
|rule|OHKO Clause: OHKO moves are banned
|rule|Evasion Items Clause: Evasion items are banned
|rule|Evasion Moves Clause: Evasion moves are banned
|rule|Evasion Abilities Clause: Evasion abilities are banned
|rule|Sleep Moves Clause: Sleep-inducing moves are banned
|clearpoke
|poke|p1|Landorus-Therian, M|
|poke|p1|Samurott-Hisui, F|
|poke|p1|Pecharunt|
|poke|p1|Scizor, F|
|poke|p1|Latios, M|
|poke|p1|Zamazenta-*|
|poke|p2|Necrozma|
|poke|p2|Dragapult, M|
|poke|p2|Greninja-*, M|
|poke|p2|Grimmsnarl, M|
|poke|p2|Great Tusk|
|poke|p2|Dragonite, M|
|teampreview
|
|t:|1758290343
|teamsize|p1|6
|teamsize|p2|6
|start
|switch|p1a: Scizor|Scizor, F|100/100
|switch|p2a: Necrozma|Necrozma|100/100
|turn|1
|
|t:|1758290361
|switch|p1a: Samurott|Samurott-Hisui, F|100/100
|move|p2a: Necrozma|Heat Wave|p1a: Samurott
|-resisted|p1a: Samurott
|-damage|p1a: Samurott|87/100
|
|upkeep
|turn|2
|
|t:|1758290377
|switch|p2a: Greninja|Greninja, M|100/100
|move|p1a: Samurott|Knock Off|p2a: Greninja
|-resisted|p2a: Greninja
|-damage|p2a: Greninja|60/100
|-enditem|p2a: Greninja|Choice Scarf|[from] move: Knock Off|[of] p1a: Samurott
|
|upkeep
|turn|3
|
|t:|1758290390
|move|p2a: Greninja|Grass Knot|p1a: Samurott
|-start|p2a: Greninja|typechange|Grass|[from] ability: Protean
|-supereffective|p1a: Samurott
|-damage|p1a: Samurott|15/100
|move|p1a: Samurott|Ceaseless Edge|p2a: Greninja
|-damage|p2a: Greninja|0 fnt
|-sidestart|p2: malk tyme|Spikes
|faint|p2a: Greninja
|
|upkeep
|
|t:|1758290404
|switch|p2a: Grimmsnarl|Grimmsnarl, M|100/100
|turn|4
|
|t:|1758290411
|move|p2a: Grimmsnarl|Sucker Punch|p1a: Samurott
|-resisted|p1a: Samurott
|-damage|p1a: Samurott|0 fnt
|faint|p1a: Samurott
|
|upkeep
|
|t:|1758290415
|switch|p1a: Scizor|Scizor, F|100/100
|turn|5
|
|t:|1758290431
|move|p1a: Scizor|Bullet Punch|p2a: Grimmsnarl
|-supereffective|p2a: Grimmsnarl
|-damage|p2a: Grimmsnarl|3/100
|move|p2a: Grimmsnarl|Thunder Wave|p1a: Scizor
|-status|p1a: Scizor|par
|
|upkeep
|turn|6
|
|t:|1758290441
|switch|p2a: Necrozma|Necrozma|100/100
|-damage|p2a: Necrozma|88/100|[from] Spikes
|move|p1a: Scizor|Bullet Punch|p2a: Necrozma
|-damage|p2a: Necrozma|67/100
|
|-heal|p2a: Necrozma|73/100|[from] item: Leftovers
|upkeep
|turn|7
|
|t:|1758290453
|switch|p1a: Landorus|Landorus-Therian, M|100/100
|-ability|p1a: Landorus|Intimidate|boost
|-unboost|p2a: Necrozma|atk|1
|move|p2a: Necrozma|Calm Mind|p2a: Necrozma
|-boost|p2a: Necrozma|spa|1
|-boost|p2a: Necrozma|spd|1
|
|-heal|p2a: Necrozma|79/100|[from] item: Leftovers
|upkeep
|turn|8
|
|t:|1758290463
|move|p1a: Landorus|U-turn|p2a: Necrozma
|-supereffective|p2a: Necrozma
|-damage|p2a: Necrozma|57/100
|
|t:|1758290469
|switch|p1a: Latios|Latios, M|100/100|[from] U-turn
|move|p2a: Necrozma|Photon Geyser|p1a: Latios
|-resisted|p1a: Latios
|-damage|p1a: Latios|69/100
|
|-heal|p2a: Necrozma|63/100|[from] item: Leftovers
|upkeep
|turn|9
|
|t:|1758290473
|switch|p2a: Grimmsnarl|Grimmsnarl, M|3/100
|move|p1a: Latios|Calm Mind|p1a: Latios
|-boost|p1a: Latios|spa|1
|-boost|p1a: Latios|spd|1
|
|upkeep
|turn|10
|
|t:|1758290481
|switch|p1a: Scizor|Scizor, F|100/100 par
|switch|p2a: Necrozma|Necrozma|63/100
|-damage|p2a: Necrozma|51/100|[from] Spikes
|
|-heal|p2a: Necrozma|57/100|[from] item: Leftovers
|upkeep
|turn|11
|
|t:|1758290490
|switch|p1a: Latios|Latios, M|69/100
|move|p2a: Necrozma|Heat Wave|p1a: Latios
|-resisted|p1a: Latios
|-damage|p1a: Latios|55/100
|
|-heal|p2a: Necrozma|63/100|[from] item: Leftovers
|upkeep
|turn|12
|
|t:|1758290499
|move|p1a: Latios|Recover|p1a: Latios
|-heal|p1a: Latios|100/100
|move|p2a: Necrozma|Moonlight|p2a: Necrozma
|-heal|p2a: Necrozma|100/100
|
|upkeep
|turn|13
|
|t:|1758290504
|move|p1a: Latios|Calm Mind|p1a: Latios
|-boost|p1a: Latios|spa|1
|-boost|p1a: Latios|spd|1
|move|p2a: Necrozma|Calm Mind|p2a: Necrozma
|-boost|p2a: Necrozma|spa|1
|-boost|p2a: Necrozma|spd|1
|
|upkeep
|turn|14
|
|t:|1758290512
|switch|p1a: Scizor|Scizor, F|100/100 par
|move|p2a: Necrozma|Calm Mind|p2a: Necrozma
|-boost|p2a: Necrozma|spa|1
|-boost|p2a: Necrozma|spd|1
|
|upkeep
|turn|15
|
|t:|1758290525
|move|p2a: Necrozma|Heat Wave|p1a: Scizor
|-supereffective|p1a: Scizor
|-damage|p1a: Scizor|0 fnt
|faint|p1a: Scizor
|
|upkeep
|
|t:|1758290528
|switch|p1a: Latios|Latios, M|100/100
|turn|16
|
|t:|1758290530
|switch|p2a: Dragapult|Dragapult, M|100/100
|move|p1a: Latios|Calm Mind|p1a: Latios
|-boost|p1a: Latios|spa|1
|-boost|p1a: Latios|spd|1
|
|upkeep
|turn|17
|
|t:|1758290537
|move|p2a: Dragapult|Thunder Wave|p1a: Latios
|-status|p1a: Latios|par
|move|p1a: Latios|Draco Meteor|p2a: Dragapult
|-supereffective|p2a: Dragapult
|-damage|p2a: Dragapult|0 fnt
|-unboost|p1a: Latios|spa|2
|faint|p2a: Dragapult
|
|upkeep
|
|t:|1758290556
|switch|p2a: Grimmsnarl|Grimmsnarl, M|3/100
|turn|18
|
|t:|1758290562
|switch|p2a: Necrozma|Necrozma|100/100
|-damage|p2a: Necrozma|88/100|[from] Spikes
|switch|p1a: Landorus|Landorus-Therian, M|100/100
|-ability|p1a: Landorus|Intimidate|boost
|-unboost|p2a: Necrozma|atk|1
|
|-heal|p2a: Necrozma|94/100|[from] item: Leftovers
|upkeep
|turn|19
|
|t:|1758290569
|move|p1a: Landorus|U-turn|p2a: Necrozma
|-supereffective|p2a: Necrozma
|-damage|p2a: Necrozma|73/100
|
|t:|1758290570
|switch|p1a: Pecharunt|Pecharunt|100/100|[from] U-turn
|move|p2a: Necrozma|Calm Mind|p2a: Necrozma
|-boost|p2a: Necrozma|spa|1
|-boost|p2a: Necrozma|spd|1
|
|-heal|p2a: Necrozma|79/100|[from] item: Leftovers
|upkeep
|turn|20
|
|t:|1758290577
|-terastallize|p1a: Pecharunt|Ghost
|-terastallize|p2a: Necrozma|Poison
|move|p1a: Pecharunt|Malignant Chain|p2a: Necrozma
|-resisted|p2a: Necrozma
|-damage|p2a: Necrozma|69/100
|move|p2a: Necrozma|Photon Geyser|p1a: Pecharunt
|-crit|p1a: Pecharunt
|-damage|p1a: Pecharunt|0 fnt
|faint|p1a: Pecharunt
|
|-heal|p2a: Necrozma|75/100|[from] item: Leftovers
|upkeep
|
|t:|1758290586
|switch|p1a: Landorus|Landorus-Therian, M|100/100
|-ability|p1a: Landorus|Intimidate|boost
|-unboost|p2a: Necrozma|atk|1
|turn|21
|
|t:|1758290594
|move|p1a: Landorus|Earthquake|p2a: Necrozma
|-supereffective|p2a: Necrozma
|-damage|p2a: Necrozma|28/100
|move|p2a: Necrozma|Photon Geyser|p1a: Landorus
|-damage|p1a: Landorus|34/100
|
|-heal|p2a: Necrozma|34/100|[from] item: Leftovers
|upkeep
|turn|22
|
|t:|1758290606
|switch|p2a: Dragonite|Dragonite, M|100/100
|move|p1a: Landorus|Earthquake|p2a: Dragonite
|-immune|p2a: Dragonite
|
|upkeep
|turn|23
|
|t:|1758290615
|switch|p2a: Great Tusk|Great Tusk|100/100
|-damage|p2a: Great Tusk|88/100|[from] Spikes
|-enditem|p2a: Great Tusk|Booster Energy
|-activate|p2a: Great Tusk|ability: Protosynthesis|[fromitem]
|-start|p2a: Great Tusk|protosynthesisatk
|move|p1a: Landorus|U-turn|p2a: Great Tusk
|-resisted|p2a: Great Tusk
|-damage|p2a: Great Tusk|79/100
|
|t:|1758290634
|switch|p1a: Zamazenta|Zamazenta|100/100|[from] U-turn
|-ability|p1a: Zamazenta|Dauntless Shield|boost
|-boost|p1a: Zamazenta|def|1
|
|upkeep
|turn|24
|
|t:|1758290637
|move|p1a: Zamazenta|Iron Defense|p1a: Zamazenta
|-boost|p1a: Zamazenta|def|2
|move|p2a: Great Tusk|Rapid Spin|p1a: Zamazenta
|-damage|p1a: Zamazenta|94/100
|-boost|p2a: Great Tusk|spe|1
|-sideend|p2: malk tyme|Spikes|[from] move: Rapid Spin|[of] p2a: Great Tusk
|
|-heal|p1a: Zamazenta|99/100|[from] item: Leftovers
|upkeep
|turn|25
|
|t:|1758290644
|move|p2a: Great Tusk|Close Combat|p1a: Zamazenta
|-damage|p1a: Zamazenta|76/100
|-unboost|p2a: Great Tusk|def|1
|-unboost|p2a: Great Tusk|spd|1
|move|p1a: Zamazenta|Iron Defense|p1a: Zamazenta
|-boost|p1a: Zamazenta|def|2
|
|-heal|p1a: Zamazenta|82/100|[from] item: Leftovers
|upkeep
|turn|26
|
|t:|1758290650
|move|p2a: Great Tusk|Close Combat|p1a: Zamazenta
|-damage|p1a: Zamazenta|66/100
|-unboost|p2a: Great Tusk|def|1
|-unboost|p2a: Great Tusk|spd|1
|move|p1a: Zamazenta|Iron Defense|p1a: Zamazenta
|-boost|p1a: Zamazenta|def|1
|
|-heal|p1a: Zamazenta|72/100|[from] item: Leftovers
|upkeep
|turn|27
|
|t:|1758290657
|move|p2a: Great Tusk|Close Combat|p1a: Zamazenta
|-damage|p1a: Zamazenta|57/100
|-unboost|p2a: Great Tusk|def|1
|-unboost|p2a: Great Tusk|spd|1
|move|p1a: Zamazenta|Body Press|p2a: Great Tusk
|-crit|p2a: Great Tusk
|-damage|p2a: Great Tusk|0 fnt
|faint|p2a: Great Tusk
|-end|p2a: Great Tusk|Protosynthesis|[silent]
|
|-heal|p1a: Zamazenta|63/100|[from] item: Leftovers
|upkeep
|
|t:|1758290663
|switch|p2a: Grimmsnarl|Grimmsnarl, M|3/100
|turn|28
|
|t:|1758290665
|move|p2a: Grimmsnarl|Thunder Wave|p1a: Zamazenta
|-status|p1a: Zamazenta|par
|move|p1a: Zamazenta|Body Press|p2a: Grimmsnarl
|-damage|p2a: Grimmsnarl|0 fnt
|faint|p2a: Grimmsnarl
|
|-heal|p1a: Zamazenta|69/100 par|[from] item: Leftovers
|upkeep
|
|t:|1758290671
|switch|p2a: Necrozma|Necrozma, tera:Poison|34/100
|turn|29
|
|t:|1758290673
|move|p2a: Necrozma|Moonlight|p2a: Necrozma
|-heal|p2a: Necrozma|84/100
|move|p1a: Zamazenta|Body Press|p2a: Necrozma
|-resisted|p2a: Necrozma
|-damage|p2a: Necrozma|31/100
|
|-heal|p2a: Necrozma|37/100|[from] item: Leftovers
|-heal|p1a: Zamazenta|75/100 par|[from] item: Leftovers
|upkeep
|turn|30
|
|t:|1758290685
|move|p2a: Necrozma|Moonlight|p2a: Necrozma
|-heal|p2a: Necrozma|87/100
|cant|p1a: Zamazenta|par
|
|-heal|p2a: Necrozma|93/100|[from] item: Leftovers
|-heal|p1a: Zamazenta|81/100 par|[from] item: Leftovers
|upkeep
|turn|31
|
|t:|1758290691
|switch|p1a: Latios|Latios, M|100/100 par
|move|p2a: Necrozma|Photon Geyser|p1a: Latios
|-resisted|p1a: Latios
|-damage|p1a: Latios|79/100 par
|
|-heal|p2a: Necrozma|99/100|[from] item: Leftovers
|upkeep
|turn|32
|
|t:|1758290699
|move|p2a: Necrozma|Calm Mind|p2a: Necrozma
|-boost|p2a: Necrozma|spa|1
|-boost|p2a: Necrozma|spd|1
|cant|p1a: Latios|par
|
|-heal|p2a: Necrozma|100/100|[from] item: Leftovers
|upkeep
|turn|33
|
|t:|1758290703
|move|p2a: Necrozma|Photon Geyser|p1a: Latios
|-resisted|p1a: Latios
|-damage|p1a: Latios|48/100 par
|move|p1a: Latios|Psychic Noise|p2a: Necrozma
|-supereffective|p2a: Necrozma
|-damage|p2a: Necrozma|60/100
|-start|p2a: Necrozma|move: Heal Block
|
|upkeep
|turn|34
|
|t:|1758290712
|switch|p2a: Dragonite|Dragonite, M|100/100
|move|p1a: Latios|Psychic Noise|p2a: Dragonite
|-damage|p2a: Dragonite|76/100
|-start|p2a: Dragonite|move: Heal Block
|
|upkeep
|turn|35
|
|t:|1758290718
|move|p2a: Dragonite|Ice Spinner|p1a: Latios
|-supereffective|p1a: Latios
|-damage|p1a: Latios|0 fnt
|faint|p1a: Latios
|
|-end|p2a: Dragonite|move: Heal Block
|upkeep
|j| wgw2333
|
|t:|1758290722
|switch|p1a: Zamazenta|Zamazenta|81/100 par
|turn|36
|
|t:|1758290729
|switch|p2a: Necrozma|Necrozma, tera:Poison|60/100
|move|p1a: Zamazenta|Iron Defense|p1a: Zamazenta
|-boost|p1a: Zamazenta|def|2
|
|-heal|p2a: Necrozma|66/100|[from] item: Leftovers
|-heal|p1a: Zamazenta|87/100 par|[from] item: Leftovers
|upkeep
|turn|37
|l| wgw2333
|
|t:|1758290735
|move|p2a: Necrozma|Moonlight|p2a: Necrozma
|-heal|p2a: Necrozma|100/100
|move|p1a: Zamazenta|Roar|p2a: Necrozma
|drag|p2a: Dragonite|Dragonite, M|76/100
|
|-heal|p1a: Zamazenta|94/100 par|[from] item: Leftovers
|upkeep
|turn|38
|
|t:|1758290741
|switch|p2a: Necrozma|Necrozma, tera:Poison|100/100
|move|p1a: Zamazenta|Iron Defense|p1a: Zamazenta
|-boost|p1a: Zamazenta|def|2
|
|-heal|p1a: Zamazenta|99/100 par|[from] item: Leftovers
|upkeep
|turn|39
|
|t:|1758290746
|move|p2a: Necrozma|Photon Geyser|p1a: Zamazenta
|-supereffective|p1a: Zamazenta
|-damage|p1a: Zamazenta|31/100 par
|cant|p1a: Zamazenta|par
|
|-heal|p1a: Zamazenta|37/100 par|[from] item: Leftovers
|upkeep
|turn|40
|
|t:|1758290752
|move|p2a: Necrozma|Photon Geyser|p1a: Zamazenta
|-supereffective|p1a: Zamazenta
|-damage|p1a: Zamazenta|0 fnt
|faint|p1a: Zamazenta
|
|upkeep
|
|t:|1758290753
|switch|p1a: Landorus|Landorus-Therian, M|34/100
|-ability|p1a: Landorus|Intimidate|boost
|-unboost|p2a: Necrozma|atk|1
|turn|41
|
|t:|1758290756
|move|p1a: Landorus|Smack Down|p2a: Necrozma
|-crit|p2a: Necrozma
|-damage|p2a: Necrozma|83/100
|move|p2a: Necrozma|Photon Geyser|p1a: Landorus
|-crit|p1a: Landorus
|-damage|p1a: Landorus|0 fnt
|faint|p1a: Landorus
|
|win|malk tyme
|raw|Aflyingmermaid's rating: 1575 &rarr; <strong>1555</strong><br />(-20 for losing)
|raw|malk tyme's rating: 1579 &rarr; <strong>1599</strong><br />(+20 for winning)
|l|☆Aflyingmermaid
|player|p1|
|l|‽malk tyme
|player|p2|
