|j|☆Tdragon20102
|j|☆FriedAstronauts
|t:|1758299932
|gametype|singles
|player|p1|Tdragon20102|1|1153
|player|p2|FriedAstronauts|marlon|1166
|gen|9
|tier|[Gen 9] OU
|rated|
|rule|HP Percentage Mod: HP is shown in percentages
|rule|Endless Battle Clause: Forcing endless battles is banned
|rule|Species Clause: Limit one of each Pokémon
|rule|OHKO Clause: OHKO moves are banned
|rule|Evasion Items Clause: Evasion items are banned
|rule|Evasion Moves Clause: Evasion moves are banned
|rule|Evasion Abilities Clause: Evasion abilities are banned
|rule|Sleep Moves Clause: Sleep-inducing moves are banned
|clearpoke
|poke|p1|Pecharunt|
|poke|p1|Araquanid, F|
|poke|p1|Serperior, M|
|poke|p1|Iron Valiant|
|poke|p1|Kingambit, F|
|poke|p1|Dragapult, F|
|poke|p2|Zoroark-Hisui, M|
|poke|p2|Ursaluna, F|
|poke|p2|Blissey, F|
|poke|p2|Porygon2|
|poke|p2|Slaking, M|
|poke|p2|Braviary, M|
|teampreview
|inactive|Battle timer is ON: inactive players will automatically lose when time's up. (requested by Tdragon20102)
|
|t:|1758299941
|teamsize|p1|6
|teamsize|p2|6
|start
|switch|p1a: Araquanid|Araquanid, F|100/100
|switch|p2a: Blissey|Blissey, F|100/100
|turn|1
|
|t:|1758299945
|switch|p2a: Braviary|Braviary, M|100/100
|move|p1a: Araquanid|Sticky Web|p2a: Braviary
|-sidestart|p2: FriedAstronauts|move: Sticky Web
|
|upkeep
|turn|2
|
|t:|1758299952
|move|p2a: Braviary|Brave Bird|p1a: Araquanid
|-supereffective|p1a: Araquanid
|-enditem|p1a: Araquanid|Focus Sash
|-damage|p1a: Araquanid|1/100
|-damage|p2a: Braviary|68/100|[from] Recoil
|move|p1a: Araquanid|Endeavor|p2a: Braviary
|-damage|p2a: Braviary|1/100
|
|upkeep
|turn|3
|
|t:|1758299960
|move|p2a: Braviary|Defog|p1a: Araquanid
|-unboost|p1a: Araquanid|evasion|1
|-sideend|p2: FriedAstronauts|Sticky Web|[from] move: Defog|[of] p2a: Braviary
|move|p1a: Araquanid|Chilling Water|p2a: Braviary
|-damage|p2a: Braviary|0 fnt
|faint|p2a: Braviary
|
|upkeep
|
|t:|1758299965
|switch|p2a: Blissey|Blissey, F|100/100
|turn|4
|
|t:|1758299969
|move|p2a: Blissey|Shadow Ball|p1a: Araquanid
|-damage|p1a: Araquanid|0 fnt
|faint|p1a: Araquanid
|
|upkeep
|
|t:|1758299978
|switch|p1a: Serperior|Serperior, M|100/100
|turn|5
|
|t:|1758299982
|switch|p2a: Porygon2|Porygon2|100/100
|move|p1a: Serperior|Leaf Storm|p2a: Porygon2
|-damage|p2a: Porygon2|73/100
|-boost|p1a: Serperior|spa|2
|
|upkeep
|turn|6
|
|t:|1758299988
|move|p1a: Serperior|Leaf Storm|p2a: Porygon2
|-damage|p2a: Porygon2|12/100
|-boost|p1a: Serperior|spa|2
|move|p2a: Porygon2|Ice Beam|p1a: Serperior
|-supereffective|p1a: Serperior
|-damage|p1a: Serperior|33/100
|
|-heal|p1a: Serperior|39/100|[from] item: Leftovers
|upkeep
|turn|7
|
|t:|1758299995
|move|p1a: Serperior|Giga Drain|p2a: Porygon2
|-damage|p2a: Porygon2|0 fnt
|-heal|p1a: Serperior|47/100|[from] drain|[of] p2a: Porygon2
|faint|p2a: Porygon2
|
|-heal|p1a: Serperior|53/100|[from] item: Leftovers
|upkeep
|
|t:|1758299996
|switch|p2a: Blissey|Blissey, F|100/100
|turn|8
|
|t:|1758299999
|move|p1a: Serperior|Giga Drain|p2a: Blissey
|-damage|p2a: Blissey|72/100
|-heal|p1a: Serperior|88/100|[from] drain|[of] p2a: Blissey
|move|p2a: Blissey|Thunder Wave|p1a: Serperior
|-status|p1a: Serperior|par
|
|-heal|p1a: Serperior|95/100 par|[from] item: Leftovers
|-heal|p2a: Blissey|78/100|[from] item: Leftovers
|upkeep
|turn|9
|
|t:|1758300005
|move|p1a: Serperior|Leaf Storm|p2a: Blissey
|-damage|p2a: Blissey|22/100
|-boost|p1a: Serperior|spa|2
|move|p2a: Blissey|Seismic Toss|p1a: Serperior
|-damage|p1a: Serperior|60/100 par
|
|-heal|p1a: Serperior|66/100 par|[from] item: Leftovers
|-heal|p2a: Blissey|29/100|[from] item: Leftovers
|upkeep
|turn|10
|
|t:|1758300009
|move|p1a: Serperior|Giga Drain|p2a: Blissey
|-damage|p2a: Blissey|0 fnt
|-heal|p1a: Serperior|100/100 par|[from] drain|[of] p2a: Blissey
|faint|p2a: Blissey
|
|upkeep
|
|t:|1758300014
|switch|p2a: Slaking|Slaking, M|100/100
|turn|11
|
|t:|1758300027
|-terastallize|p1a: Serperior|Steel
|move|p2a: Slaking|Giga Impact|p1a: Serperior
|-resisted|p1a: Serperior
|-damage|p1a: Serperior|20/100 par
|-mustrecharge|p2a: Slaking
|cant|p1a: Serperior|par
|
|-heal|p1a: Serperior|26/100 par|[from] item: Leftovers
|upkeep
|turn|12
|
|t:|1758300035
|cant|p2a: Slaking|recharge
|move|p1a: Serperior|Giga Drain|p2a: Slaking
|-damage|p2a: Slaking|0 fnt
|-heal|p1a: Serperior|100/100 par|[from] drain|[of] p2a: Slaking
|faint|p2a: Slaking
|
|upkeep
|
|t:|1758300039
|switch|p2a: Ursaluna|Ursaluna, F|100/100
|turn|13
|
|t:|1758300047
|move|p2a: Ursaluna|Nasty Plot|p2a: Ursaluna
|-boost|p2a: Ursaluna|spa|2
|cant|p1a: Serperior|par
|
|upkeep
|turn|14
|
|t:|1758300052
|move|p2a: Ursaluna|Shadow Ball|p1a: Serperior
|-damage|p1a: Serperior|4/100 par
|move|p1a: Serperior|Giga Drain|p2a: Ursaluna
|-enditem|p2a: Ursaluna|Focus Sash
|-damage|p2a: Ursaluna|1/100
|-heal|p1a: Serperior|47/100 par|[from] drain|[of] p2a: Ursaluna
|replace|p2a: Zoroark|Zoroark-Hisui, M
|-end|p2a: Zoroark|Illusion
|
|-heal|p1a: Serperior|53/100 par|[from] item: Leftovers
|upkeep
|turn|15
|
|t:|1758300059
|move|p2a: Zoroark|Shadow Ball|p1a: Serperior
|-damage|p1a: Serperior|0 fnt
|faint|p1a: Serperior
|
|upkeep
|
|t:|1758300063
|switch|p1a: Kingambit|Kingambit, F|100/100
|-activate|p1a: Kingambit|ability: Supreme Overlord
|-start|p1a: Kingambit|fallen2|[silent]
|turn|16
|
|t:|1758300066
|move|p1a: Kingambit|Sucker Punch|p2a: Zoroark
|-supereffective|p2a: Zoroark
|-damage|p2a: Zoroark|0 fnt
|faint|p2a: Zoroark
|
|upkeep
|
|t:|1758300068
|switch|p2a: Ursaluna|Ursaluna, F|100/100
|turn|17
|
|t:|1758300072
|move|p1a: Kingambit|Kowtow Cleave|p2a: Ursaluna
|-damage|p2a: Ursaluna|60/100
|move|p2a: Ursaluna|Drain Punch|p1a: Kingambit
|-supereffective|p1a: Kingambit
|-damage|p1a: Kingambit|7/100
|-heal|p2a: Ursaluna|98/100|[from] drain|[of] p1a: Kingambit
|
|-heal|p1a: Kingambit|13/100|[from] item: Leftovers
|-status|p2a: Ursaluna|brn|[from] item: Flame Orb
|upkeep
|turn|18
|
|t:|1758300080
|move|p1a: Kingambit|Kowtow Cleave|p2a: Ursaluna
|-damage|p2a: Ursaluna|59/100 brn
|move|p2a: Ursaluna|Earthquake|p1a: Kingambit
|-supereffective|p1a: Kingambit
|-damage|p1a: Kingambit|0 fnt
|faint|p1a: Kingambit
|-end|p1a: Kingambit|fallen2|[silent]
|
|-damage|p2a: Ursaluna|53/100 brn|[from] brn
|upkeep
|
|t:|1758300084
|switch|p1a: Pecharunt|Pecharunt|100/100
|turn|19
|
|t:|1758300087
|move|p1a: Pecharunt|Malignant Chain|p2a: Ursaluna
|-resisted|p2a: Ursaluna
|-damage|p2a: Ursaluna|36/100 brn
|move|p2a: Ursaluna|Earthquake|p1a: Pecharunt
|-supereffective|p1a: Pecharunt
|-crit|p1a: Pecharunt
|-damage|p1a: Pecharunt|0 fnt
|faint|p1a: Pecharunt
|
|-damage|p2a: Ursaluna|30/100 brn|[from] brn
|upkeep
|
|t:|1758300100
|switch|p1a: Dragapult|Dragapult, F|100/100
|turn|20
|
|t:|1758300106
|move|p1a: Dragapult|Dragon Darts|p2a: Ursaluna
|-damage|p2a: Ursaluna|9/100 brn
|-anim|p1a: Dragapult|Dragon Darts|p2a: Ursaluna
|-damage|p2a: Ursaluna|0 fnt
|faint|p2a: Ursaluna
|
|win|Tdragon20102
|raw|Tdragon20102's rating: 1153 &rarr; <strong>1179</strong><br />(+26 for winning)
|raw|FriedAstronauts's rating: 1166 &rarr; <strong>1140</strong><br />(-26 for losing)
|l|☆FriedAstronauts
|player|p2|
|l|☆Tdragon20102
|player|p1|
|j|☆Tdragon20102
|player|p1|Tdragon20102|1|
