|badge|p2|bronze|gen9ou|100-6
|uhtml|medal-msg|<div class="broadcast-blue">Curious what those medals under the avatar are? PS now has Ladder Seasons! For more information, check out the <a href="https://www.smogon.com/forums/threads/3740067/">thread on Smogon.</a></div>
|j|‽myree
|j|☆chall torvikk
|t:|1758232470
|gametype|singles
|player|p1|myree|benga|1645
|player|p2|chall torvikk|gambler|1865
|gen|9
|tier|[Gen 9] OU
|rated|
|rule|HP Percentage Mod: HP is shown in percentages
|rule|Endless Battle Clause: Forcing endless battles is banned
|rule|Species Clause: Limit one of each Pokémon
|rule|OHKO Clause: OHKO moves are banned
|rule|Evasion Items Clause: Evasion items are banned
|rule|Evasion Moves Clause: Evasion moves are banned
|rule|Evasion Abilities Clause: Evasion abilities are banned
|rule|Sleep Moves Clause: Sleep-inducing moves are banned
|clearpoke
|poke|p1|Fezandipiti, M|
|poke|p1|Iron Crown|
|poke|p1|Iron Boulder|
|poke|p1|Iron Hands|
|poke|p1|Samurott-Hisui, F|
|poke|p1|Enamorus-Therian, F|
|poke|p2|Darkrai|
|poke|p2|Ogerpon, F|
|poke|p2|Garchomp, F|
|poke|p2|Alomomola, F|
|poke|p2|Corviknight, F|
|poke|p2|Weezing-Galar, F|
|teampreview
|inactive|Battle timer is ON: inactive players will automatically lose when time's up. (requested by myree)
|
|t:|1758232519
|teamsize|p1|6
|teamsize|p2|6
|start
|switch|p1a: Fezandipiti|Fezandipiti, M|100/100
|switch|p2a: Garchomp|Garchomp, F|100/100
|-item|p1a: Fezandipiti|Air Balloon
|turn|1
|
|t:|1758232543
|switch|p2a: Corviknight|Corviknight, F|100/100
|-ability|p2a: Corviknight|Pressure
|move|p1a: Fezandipiti|Moonblast|p2a: Corviknight
|-resisted|p2a: Corviknight
|-damage|p2a: Corviknight|89/100
|
|-heal|p2a: Corviknight|95/100|[from] item: Leftovers
|upkeep
|turn|2
|
|t:|1758232550
|move|p1a: Fezandipiti|Nasty Plot|p1a: Fezandipiti
|-boost|p1a: Fezandipiti|spa|2
|move|p2a: Corviknight|U-turn|p1a: Fezandipiti
|-resisted|p1a: Fezandipiti
|-damage|p1a: Fezandipiti|96/100
|-enditem|p1a: Fezandipiti|Air Balloon
|
|t:|1758232555
|switch|p2a: Ogerpon|Ogerpon, F|100/100|[from] U-turn
|
|upkeep
|turn|3
|
|t:|1758232560
|move|p2a: Ogerpon|Encore|p1a: Fezandipiti
|-start|p1a: Fezandipiti|Encore
|move|p1a: Fezandipiti|Nasty Plot|p1a: Fezandipiti
|-boost|p1a: Fezandipiti|spa|2
|
|upkeep
|turn|4
|
|t:|1758232569
|switch|p1a: Enamorus|Enamorus-Therian, F|100/100
|move|p2a: Ogerpon|Knock Off|p1a: Enamorus
|-resisted|p1a: Enamorus
|-damage|p1a: Enamorus|87/100
|-enditem|p1a: Enamorus|Heavy-Duty Boots|[from] move: Knock Off|[of] p2a: Ogerpon
|
|upkeep
|turn|5
|
|t:|1758232582
|move|p2a: Ogerpon|U-turn|p1a: Enamorus
|-resisted|p1a: Enamorus
|-damage|p1a: Enamorus|83/100
|
|t:|1758232585
|switch|p2a: Alomomola|Alomomola, F|100/100|[from] U-turn
|move|p1a: Enamorus|Draining Kiss|p2a: Alomomola
|-damage|p2a: Alomomola|87/100
|-heal|p1a: Enamorus|98/100|[from] drain|[of] p2a: Alomomola
|
|upkeep
|turn|6
|
|t:|1758232593
|move|p1a: Enamorus|Calm Mind|p1a: Enamorus
|-boost|p1a: Enamorus|spa|1
|-boost|p1a: Enamorus|spd|1
|move|p2a: Alomomola|Flip Turn|p1a: Enamorus
|-damage|p1a: Enamorus|84/100
|
|t:|1758232597
|switch|p2a: Ogerpon|Ogerpon, F|100/100|[from] Flip Turn
|
|upkeep
|turn|7
|
|t:|1758232604
|switch|p1a: Fezandipiti|Fezandipiti, M|96/100
|move|p2a: Ogerpon|Encore||[still]
|-fail|p2a: Ogerpon
|
|upkeep
|turn|8
|
|t:|1758232608
|move|p2a: Ogerpon|U-turn|p1a: Fezandipiti
|-resisted|p1a: Fezandipiti
|-damage|p1a: Fezandipiti|88/100
|
|t:|1758232611
|switch|p2a: Corviknight|Corviknight, F|95/100|[from] U-turn
|-ability|p2a: Corviknight|Pressure
|move|p1a: Fezandipiti|Nasty Plot|p1a: Fezandipiti
|-boost|p1a: Fezandipiti|spa|2
|
|-heal|p2a: Corviknight|100/100|[from] item: Leftovers
|upkeep
|turn|9
|
|t:|1758232626
|move|p1a: Fezandipiti|Heat Wave|p2a: Corviknight
|-supereffective|p2a: Corviknight
|-damage|p2a: Corviknight|36/100
|move|p2a: Corviknight|Brave Bird|p1a: Fezandipiti
|-damage|p1a: Fezandipiti|35/100
|-damage|p2a: Corviknight|22/100|[from] Recoil
|
|-heal|p2a: Corviknight|28/100|[from] item: Leftovers
|upkeep
|turn|10
|
|t:|1758232645
|switch|p2a: Alomomola|Alomomola, F|100/100
|move|p1a: Fezandipiti|Roost|p1a: Fezandipiti
|-heal|p1a: Fezandipiti|85/100
|-singleturn|p1a: Fezandipiti|move: Roost
|
|upkeep
|turn|11
|inactive|chall torvikk has 120 seconds left.
|
|t:|1758232687
|switch|p2a: Corviknight|Corviknight, F|28/100
|-ability|p2a: Corviknight|Pressure
|move|p1a: Fezandipiti|Nasty Plot|p1a: Fezandipiti
|-boost|p1a: Fezandipiti|spa|2
|
|-heal|p2a: Corviknight|34/100|[from] item: Leftovers
|upkeep
|turn|12
|j| Nikator98
|l| Nikator98
|
|t:|1758232714
|-terastallize|p2a: Corviknight|Fire
|move|p1a: Fezandipiti|Heat Wave|p2a: Corviknight
|-resisted|p2a: Corviknight
|-damage|p2a: Corviknight|13/100
|move|p2a: Corviknight|Roost|p2a: Corviknight
|-heal|p2a: Corviknight|63/100
|
|-heal|p2a: Corviknight|69/100|[from] item: Leftovers
|upkeep
|turn|13
|inactive|chall torvikk has 120 seconds left.
|
|t:|1758232719
|move|p1a: Fezandipiti|Moonblast|p2a: Corviknight
|-resisted|p2a: Corviknight
|-damage|p2a: Corviknight|33/100
|-unboost|p2a: Corviknight|spa|1
|-status|p2a: Corviknight|tox|[from] ability: Toxic Chain|[of] p1a: Fezandipiti
|move|p2a: Corviknight|Brave Bird|p1a: Fezandipiti
|-damage|p1a: Fezandipiti|32/100
|-damage|p2a: Corviknight|19/100 tox|[from] Recoil
|
|-heal|p2a: Corviknight|25/100 tox|[from] item: Leftovers
|-damage|p2a: Corviknight|19/100 tox|[from] psn
|upkeep
|turn|14
|inactive|chall torvikk has 120 seconds left.
|
|t:|1758232731
|move|p1a: Fezandipiti|Roost|p1a: Fezandipiti
|-heal|p1a: Fezandipiti|82/100
|-singleturn|p1a: Fezandipiti|move: Roost
|move|p2a: Corviknight|Brave Bird|p1a: Fezandipiti
|-damage|p1a: Fezandipiti|34/100
|-damage|p2a: Corviknight|6/100 tox|[from] Recoil
|
|-heal|p2a: Corviknight|12/100 tox|[from] item: Leftovers
|-damage|p2a: Corviknight|0 fnt|[from] psn
|faint|p2a: Corviknight
|upkeep
|inactive|chall torvikk has 120 seconds left.
|inactive|chall torvikk has 90 seconds left.
|l|☆chall torvikk
|inactive|chall torvikk disconnected and has a minute to reconnect!
|player|p2|
|inactive|chall torvikk has 30 seconds to reconnect!
|j|☆chall torvikk
|inactive|chall torvikk reconnected and has 60 seconds left.
|player|p2|chall torvikk|gambler|
|
|t:|1758232801
|switch|p2a: Darkrai|Darkrai|100/100
|turn|15
|
|t:|1758232814
|move|p2a: Darkrai|Ice Beam|p1a: Fezandipiti
|-crit|p1a: Fezandipiti
|-damage|p1a: Fezandipiti|0 fnt
|faint|p1a: Fezandipiti
|
|upkeep
|j| babyshark974
|
|t:|1758232817
|switch|p1a: Samurott|Samurott-Hisui, F|100/100
|turn|16
|
|t:|1758232822
|switch|p2a: Garchomp|Garchomp, F|100/100
|move|p1a: Samurott|Ceaseless Edge|p2a: Garchomp
|-damage|p2a: Garchomp|68/100
|-damage|p1a: Samurott|88/100|[from] ability: Rough Skin|[of] p2a: Garchomp
|-damage|p1a: Samurott|72/100|[from] item: Rocky Helmet|[of] p2a: Garchomp
|-sidestart|p2: chall torvikk|Spikes
|
|upkeep
|turn|17
|
|t:|1758232831
|move|p2a: Garchomp|Stealth Rock|p1a: Samurott
|-sidestart|p1: myree|move: Stealth Rock
|move|p1a: Samurott|Ceaseless Edge|p2a: Garchomp
|-damage|p2a: Garchomp|39/100
|-damage|p1a: Samurott|59/100|[from] ability: Rough Skin|[of] p2a: Garchomp
|-damage|p1a: Samurott|43/100|[from] item: Rocky Helmet|[of] p2a: Garchomp
|-sidestart|p2: chall torvikk|Spikes
|
|upkeep
|turn|18
|
|t:|1758232837
|move|p2a: Garchomp|Spikes|p1a: Samurott
|-sidestart|p1: myree|Spikes
|move|p1a: Samurott|Razor Shell|p2a: Garchomp
|-damage|p2a: Garchomp|1/100
|-unboost|p2a: Garchomp|def|1
|-damage|p1a: Samurott|30/100|[from] ability: Rough Skin|[of] p2a: Garchomp
|-damage|p1a: Samurott|14/100|[from] item: Rocky Helmet|[of] p2a: Garchomp
|
|upkeep
|turn|19
|
|t:|1758232850
|move|p2a: Garchomp|Earthquake|p1a: Samurott
|-damage|p1a: Samurott|0 fnt
|faint|p1a: Samurott
|
|upkeep
|
|t:|1758232869
|switch|p1a: Iron Boulder|Iron Boulder|100/100
|turn|20
|inactive|chall torvikk has 90 seconds left.
|
|t:|1758232891
|switch|p2a: Alomomola|Alomomola, F|100/100
|-damage|p2a: Alomomola|84/100|[from] Spikes
|move|p1a: Iron Boulder|Mighty Cleave|p2a: Alomomola
|-damage|p2a: Alomomola|50/100
|
|upkeep
|turn|21
|inactive|myree has 120 seconds left.
|
|t:|1758232946
|move|p1a: Iron Boulder|Swords Dance|p1a: Iron Boulder
|-boost|p1a: Iron Boulder|atk|2
|move|p2a: Alomomola|Flip Turn|p1a: Iron Boulder
|-supereffective|p1a: Iron Boulder
|-damage|p1a: Iron Boulder|59/100
|
|t:|1758232953
|switch|p2a: Darkrai|Darkrai|100/100|[from] Flip Turn
|-damage|p2a: Darkrai|84/100|[from] Spikes
|
|upkeep
|turn|22
|
|t:|1758232957
|-terastallize|p1a: Iron Boulder|Dark
|move|p2a: Darkrai|Dark Pulse|p1a: Iron Boulder
|-resisted|p1a: Iron Boulder
|-damage|p1a: Iron Boulder|28/100
|move|p1a: Iron Boulder|Mighty Cleave|p2a: Darkrai
|-damage|p2a: Darkrai|0 fnt
|faint|p2a: Darkrai
|
|upkeep
|inactive|chall torvikk has 90 seconds left.
|j| gageradeee
|inactive|chall torvikk has 60 seconds left.
|
|t:|1758233025
|switch|p2a: Weezing|Weezing-Galar, F|100/100
|-ability|p2a: Weezing|Neutralizing Gas
|-damage|p2a: Weezing|84/100|[from] Spikes
|turn|23
|inactive|myree has 120 seconds left.
|
|t:|1758233046
|move|p1a: Iron Boulder|Zen Headbutt|p2a: Weezing
|-supereffective|p2a: Weezing
|-damage|p2a: Weezing|0 fnt
|faint|p2a: Weezing
|-end|p2a: Weezing|ability: Neutralizing Gas
|
|upkeep
|l| gageradeee
|
|t:|1758233059
|switch|p2a: Alomomola|Alomomola, F|83/100
|-damage|p2a: Alomomola|67/100|[from] Spikes
|turn|24
|
|t:|1758233069
|move|p1a: Iron Boulder|Mighty Cleave|p2a: Alomomola
|-damage|p2a: Alomomola|0 fnt
|faint|p2a: Alomomola
|
|upkeep
|-message|chall torvikk forfeited.
|
|win|myree
|raw|myree's rating: 1630 &rarr; <strong>1662</strong><br />(+32 for winning)
|raw|chall torvikk's rating: 1865 &rarr; <strong>1833</strong><br />(-32 for losing)
|l|☆chall torvikk
|player|p2|
|l| babyshark974
|l|‽myree
|player|p1|
