|j|☆Lezhaper
|j|☆teving187
|t:|1758289294
|gametype|singles
|player|p1|Lezhaper|265|1089
|player|p2|teving187|169|1107
|gen|9
|tier|[Gen 9] OU
|rated|
|rule|HP Percentage Mod: HP is shown in percentages
|rule|Endless Battle Clause: Forcing endless battles is banned
|rule|Species Clause: Limit one of each Pokémon
|rule|OHKO Clause: OHKO moves are banned
|rule|Evasion Items Clause: Evasion items are banned
|rule|Evasion Moves Clause: Evasion moves are banned
|rule|Evasion Abilities Clause: Evasion abilities are banned
|rule|Sleep Moves Clause: Sleep-inducing moves are banned
|clearpoke
|poke|p1|Falinks|
|poke|p1|Primarina, F|
|poke|p1|Great Tusk|
|poke|p1|Latias, F|
|poke|p1|Clodsire, F|
|poke|p1|Talonflame, F|
|poke|p2|Uxie|
|poke|p2|Furret, M|
|poke|p2|Magmortar, F|
|poke|p2|Venusaur, F|
|poke|p2|Ninetales, M|
|poke|p2|Persian-Alola, F|
|teampreview
|inactive|Battle timer is ON: inactive players will automatically lose when time's up. (requested by teving187)
|
|t:|1758289301
|teamsize|p1|6
|teamsize|p2|6
|start
|switch|p1a: Clodsire|Clodsire, F|100/100
|switch|p2a: Persian|Persian-Alola, F|100/100
|turn|1
|
|t:|1758289317
|move|p2a: Persian|Taunt|p1a: Clodsire
|-start|p1a: Clodsire|move: Taunt
|cant|p1a: Clodsire|move: Taunt|Stealth Rock
|
|upkeep
|turn|2
|
|t:|1758289329
|switch|p1a: Primarina|Primarina, F|100/100
|move|p2a: Persian|Parting Shot|p1a: Primarina
|-unboost|p1a: Primarina|atk|1
|-unboost|p1a: Primarina|spa|1
|
|t:|1758289348
|switch|p2a: Venusaur|Venusaur, F|100/100|[from] Parting Shot
|
|upkeep
|turn|3
|
|t:|1758289357
|switch|p1a: Talonflame|Talonflame, F|100/100
|move|p2a: Venusaur|Swords Dance|p2a: Venusaur
|-boost|p2a: Venusaur|atk|2
|
|upkeep
|turn|4
|
|t:|1758289364
|move|p1a: Talonflame|Acrobatics|p2a: Venusaur
|-supereffective|p2a: Venusaur
|-damage|p2a: Venusaur|0 fnt
|faint|p2a: Venusaur
|
|upkeep
|
|t:|1758289370
|switch|p2a: Persian|Persian-Alola, F|100/100
|turn|5
|
|t:|1758289373
|move|p2a: Persian|Parting Shot|p1a: Talonflame
|-unboost|p1a: Talonflame|atk|1
|-unboost|p1a: Talonflame|spa|1
|
|t:|1758289380
|switch|p2a: Uxie|Uxie|100/100|[from] Parting Shot
|move|p1a: Talonflame|U-turn|p2a: Uxie
|-supereffective|p2a: Uxie
|-damage|p2a: Uxie|79/100
|
|t:|1758289394
|switch|p1a: Clodsire|Clodsire, F|100/100|[from] U-turn
|
|-heal|p2a: Uxie|85/100|[from] item: Leftovers
|upkeep
|turn|6
|
|t:|1758289402
|move|p2a: Uxie|Stealth Rock|p1a: Clodsire
|-sidestart|p1: Lezhaper|move: Stealth Rock
|move|p1a: Clodsire|Stealth Rock|p2a: Uxie
|-sidestart|p2: teving187|move: Stealth Rock
|
|-heal|p2a: Uxie|91/100|[from] item: Leftovers
|upkeep
|turn|7
|
|t:|1758289408
|move|p2a: Uxie|Psycho Cut|p1a: Clodsire
|-supereffective|p1a: Clodsire
|-damage|p1a: Clodsire|57/100
|move|p1a: Clodsire|Toxic|p2a: Uxie
|-status|p2a: Uxie|tox
|
|-heal|p2a: Uxie|97/100 tox|[from] item: Leftovers
|-heal|p1a: Clodsire|63/100|[from] item: Leftovers
|-damage|p2a: Uxie|91/100 tox|[from] psn
|upkeep
|turn|8
|
|t:|1758289420
|move|p1a: Clodsire|Protect|p1a: Clodsire
|-singleturn|p1a: Clodsire|Protect
|move|p2a: Uxie|Psycho Cut|p1a: Clodsire
|-activate|p1a: Clodsire|move: Protect
|
|-heal|p2a: Uxie|97/100 tox|[from] item: Leftovers
|-heal|p1a: Clodsire|69/100|[from] item: Leftovers
|-damage|p2a: Uxie|85/100 tox|[from] psn
|upkeep
|turn|9
|
|t:|1758289427
|switch|p1a: Latias|Latias, F|100/100
|-damage|p1a: Latias|88/100|[from] Stealth Rock
|move|p2a: Uxie|Psycho Cut|p1a: Latias
|-resisted|p1a: Latias
|-crit|p1a: Latias
|-damage|p1a: Latias|65/100
|
|-heal|p2a: Uxie|91/100 tox|[from] item: Leftovers
|-damage|p2a: Uxie|72/100 tox|[from] psn
|upkeep
|turn|10
|
|t:|1758289438
|move|p1a: Latias|Calm Mind|p1a: Latias
|-boost|p1a: Latias|spa|1
|-boost|p1a: Latias|spd|1
|move|p2a: Uxie|Knock Off|p1a: Latias
|-supereffective|p1a: Latias
|-crit|p1a: Latias
|-damage|p1a: Latias|0 fnt
|-enditem|p1a: Latias|Soul Dew|[from] move: Knock Off|[of] p2a: Uxie
|faint|p1a: Latias
|
|-heal|p2a: Uxie|79/100 tox|[from] item: Leftovers
|-damage|p2a: Uxie|54/100 tox|[from] psn
|upkeep
|
|t:|1758289453
|switch|p1a: Clodsire|Clodsire, F|69/100
|-damage|p1a: Clodsire|63/100|[from] Stealth Rock
|turn|11
|
|t:|1758289459
|move|p1a: Clodsire|Protect|p1a: Clodsire
|-singleturn|p1a: Clodsire|Protect
|move|p2a: Uxie|Psycho Cut|p1a: Clodsire
|-activate|p1a: Clodsire|move: Protect
|
|-heal|p2a: Uxie|60/100 tox|[from] item: Leftovers
|-heal|p1a: Clodsire|69/100|[from] item: Leftovers
|-damage|p2a: Uxie|29/100 tox|[from] psn
|upkeep
|turn|12
|
|t:|1758289469
|move|p2a: Uxie|Psycho Cut|p1a: Clodsire
|-supereffective|p1a: Clodsire
|-damage|p1a: Clodsire|25/100
|move|p1a: Clodsire|Stealth Rock||[still]
|-fail|p1a: Clodsire
|
|-heal|p2a: Uxie|35/100 tox|[from] item: Leftovers
|-heal|p1a: Clodsire|31/100|[from] item: Leftovers
|-damage|p2a: Uxie|0 fnt|[from] psn
|faint|p2a: Uxie
|upkeep
|
|t:|1758289492
|switch|p2a: Furret|Furret, M|100/100
|-damage|p2a: Furret|88/100|[from] Stealth Rock
|-item|p1a: Clodsire|Leftovers|[from] ability: Frisk|[of] p2a: Furret
|turn|13
|
|t:|1758289499
|move|p2a: Furret|Tidy Up|p2a: Furret
|-sideend|p2: teving187|Stealth Rock
|-sideend|p1: Lezhaper|Stealth Rock
|-activate|p2a: Furret|move: Tidy Up
|-boost|p2a: Furret|atk|1
|-boost|p2a: Furret|spe|1
|move|p1a: Clodsire|Toxic|p2a: Furret
|-status|p2a: Furret|tox
|
|-heal|p1a: Clodsire|38/100|[from] item: Leftovers
|-damage|p2a: Furret|82/100 tox|[from] psn
|upkeep
|turn|14
|
|t:|1758289510
|move|p2a: Furret|Last Resort|p1a: Clodsire
|-damage|p1a: Clodsire|0 fnt
|faint|p1a: Clodsire
|
|-damage|p2a: Furret|70/100 tox|[from] psn
|upkeep
|
|t:|1758289519
|switch|p1a: Great Tusk|Great Tusk|100/100
|-enditem|p1a: Great Tusk|Booster Energy
|-activate|p1a: Great Tusk|ability: Protosynthesis|[fromitem]
|-start|p1a: Great Tusk|protosynthesisatk
|turn|15
|
|t:|1758289525
|move|p2a: Furret|Last Resort|p1a: Great Tusk
|-damage|p1a: Great Tusk|31/100
|move|p1a: Great Tusk|Close Combat|p2a: Furret
|-supereffective|p2a: Furret
|-damage|p2a: Furret|0 fnt
|-unboost|p1a: Great Tusk|def|1
|-unboost|p1a: Great Tusk|spd|1
|faint|p2a: Furret
|
|upkeep
|inactive|teving187 has 120 seconds left.
|
|t:|1758289565
|switch|p2a: Persian|Persian-Alola, F|100/100
|turn|16
|
|t:|1758289571
|move|p2a: Persian|Parting Shot|p1a: Great Tusk
|-unboost|p1a: Great Tusk|atk|1
|-unboost|p1a: Great Tusk|spa|1
|
|t:|1758289575
|switch|p2a: Ninetales|Ninetales, M|100/100|[from] Parting Shot
|-weather|SunnyDay|[from] ability: Drought|[of] p2a: Ninetales
|move|p1a: Great Tusk|Earthquake|p2a: Ninetales
|-supereffective|p2a: Ninetales
|-damage|p2a: Ninetales|0 fnt
|faint|p2a: Ninetales
|
|-weather|SunnyDay|[upkeep]
|upkeep
|
|t:|1758289585
|switch|p2a: Magmortar|Magmortar, F|100/100
|turn|17
|
|t:|1758289589
|-terastallize|p2a: Magmortar|Grass
|move|p2a: Magmortar|Belly Drum|p2a: Magmortar
|-damage|p2a: Magmortar|50/100
|-setboost|p2a: Magmortar|atk|6|[from] move: Belly Drum
|-enditem|p2a: Magmortar|Sitrus Berry|[eat]
|-heal|p2a: Magmortar|75/100|[from] item: Sitrus Berry
|move|p1a: Great Tusk|Earthquake|p2a: Magmortar
|-resisted|p2a: Magmortar
|-damage|p2a: Magmortar|33/100
|
|-weather|SunnyDay|[upkeep]
|upkeep
|turn|18
|
|t:|1758289602
|move|p2a: Magmortar|Tera Blast|p1a: Great Tusk|[anim] Tera Blast Grass
|-supereffective|p1a: Great Tusk
|-damage|p1a: Great Tusk|0 fnt
|faint|p1a: Great Tusk
|-end|p1a: Great Tusk|Protosynthesis|[silent]
|
|-weather|SunnyDay|[upkeep]
|upkeep
|
|t:|1758289605
|switch|p1a: Talonflame|Talonflame, F|100/100
|turn|19
|
|t:|1758289611
|move|p1a: Talonflame|Acrobatics|p2a: Magmortar
|-supereffective|p2a: Magmortar
|-damage|p2a: Magmortar|0 fnt
|faint|p2a: Magmortar
|
|-weather|SunnyDay|[upkeep]
|upkeep
|-message|teving187 forfeited.
|
|win|Lezhaper
|raw|Lezhaper's rating: 1089 &rarr; <strong>1117</strong><br />(+28 for winning)
|raw|teving187's rating: 1107 &rarr; <strong>1081</strong><br />(-26 for losing)
|l|☆teving187
|player|p2|
|l|☆Lezhaper
|player|p1|
