|j|☆playboisant
|j|☆RoddyJ
|t:|1758326616
|gametype|singles
|player|p1|playboisant|roxie|1555
|player|p2|RoddyJ|ethan|1574
|gen|9
|tier|[Gen 9] OU
|rated|
|rule|HP Percentage Mod: HP is shown in percentages
|rule|Endless Battle Clause: Forcing endless battles is banned
|rule|Species Clause: Limit one of each Pokémon
|rule|OHKO Clause: OHKO moves are banned
|rule|Evasion Items Clause: Evasion items are banned
|rule|Evasion Moves Clause: Evasion moves are banned
|rule|Evasion Abilities Clause: Evasion abilities are banned
|rule|Sleep Moves Clause: Sleep-inducing moves are banned
|clearpoke
|poke|p1|Inteleon, M|
|poke|p1|Muk-Alola, M|
|poke|p1|Meloetta|
|poke|p1|Mudsdale, M|
|poke|p1|Hitmontop, M|
|poke|p1|Arbok, M|
|poke|p2|Iron Crown|
|poke|p2|Articuno-Galar|
|poke|p2|Blaziken, M|
|poke|p2|Dragapult, M|
|poke|p2|Kyurem|
|poke|p2|Glimmora, M|
|teampreview
|inactive|Battle timer is ON: inactive players will automatically lose when time's up. (requested by RoddyJ)
|
|t:|1758326808
|teamsize|p1|6
|teamsize|p2|6
|start
|switch|p1a: Inteleon|Inteleon, M|100/100
|switch|p2a: Dragapult|Dragapult, M, shiny|100/100
|turn|1
|inactive|playboisant has 120 seconds left.
|
|t:|1758326863
|switch|p1a: Muk|Muk-Alola, M|100/100
|move|p2a: Dragapult|Dragon Darts|p1a: Muk
|-damage|p1a: Muk|60/100
|-anim|p2a: Dragapult|Dragon Darts|p1a: Muk
|-damage|p1a: Muk|14/100
|
|-heal|p1a: Muk|20/100|[from] item: Leftovers
|upkeep
|turn|2
|
|t:|1758326869
|move|p2a: Dragapult|Dragon Darts|p1a: Muk
|-damage|p1a: Muk|0 fnt
|faint|p1a: Muk
|
|upkeep
|
|t:|1758326873
|switch|p1a: Arbok|Arbok, M|100/100
|-ability|p1a: Arbok|Intimidate|boost
|-fail|p2a: Dragapult|unboost|[from] ability: Clear Body|[of] p2a: Dragapult
|turn|3
|
|t:|1758326877
|-terastallize|p2a: Dragapult|Dragon
|move|p2a: Dragapult|Dragon Darts|p1a: Arbok
|-damage|p1a: Arbok|1/100
|-anim|p2a: Dragapult|Dragon Darts|p1a: Arbok
|-damage|p1a: Arbok|0 fnt
|faint|p1a: Arbok
|
|upkeep
|
|t:|1758326881
|switch|p1a: Mudsdale|Mudsdale, M|100/100
|turn|4
|
|t:|1758326885
|switch|p2a: Iron Crown|Iron Crown|100/100
|move|p1a: Mudsdale|Body Press|p2a: Iron Crown
|-damage|p2a: Iron Crown|84/100
|
|upkeep
|turn|5
|
|t:|1758326890
|switch|p1a: Hitmontop|Hitmontop, M|100/100
|move|p2a: Iron Crown|Agility|p2a: Iron Crown
|-boost|p2a: Iron Crown|spe|2
|
|upkeep
|turn|6
|
|t:|1758326907
|move|p2a: Iron Crown|Calm Mind|p2a: Iron Crown
|-boost|p2a: Iron Crown|spa|1
|-boost|p2a: Iron Crown|spd|1
|move|p1a: Hitmontop|Bulk Up|p1a: Hitmontop
|-boost|p1a: Hitmontop|atk|1
|-boost|p1a: Hitmontop|def|1
|
|upkeep
|turn|7
|
|t:|1758326916
|move|p1a: Hitmontop|Mach Punch|p2a: Iron Crown
|-damage|p2a: Iron Crown|53/100
|move|p2a: Iron Crown|Stored Power|p1a: Hitmontop
|-supereffective|p1a: Hitmontop
|-damage|p1a: Hitmontop|0 fnt
|faint|p1a: Hitmontop
|
|upkeep
|
|t:|1758326924
|switch|p1a: Meloetta|Meloetta|100/100
|turn|8
|
|t:|1758326931
|-terastallize|p1a: Meloetta|Dark
|move|p2a: Iron Crown|Calm Mind|p2a: Iron Crown
|-boost|p2a: Iron Crown|spa|1
|-boost|p2a: Iron Crown|spd|1
|move|p1a: Meloetta|Knock Off|p2a: Iron Crown
|-supereffective|p2a: Iron Crown
|-damage|p2a: Iron Crown|0 fnt
|-enditem|p2a: Iron Crown|Weakness Policy|[from] move: Knock Off|[of] p1a: Meloetta
|faint|p2a: Iron Crown
|-end|p2a: Iron Crown|Quark Drive|[silent]
|-damage|p1a: Meloetta|91/100|[from] item: Life Orb
|
|upkeep
|
|t:|1758326939
|switch|p2a: Dragapult|Dragapult, M, shiny, tera:Dragon|100/100
|turn|9
|
|t:|1758326944
|switch|p1a: Mudsdale|Mudsdale, M|100/100
|move|p2a: Dragapult|U-turn|p1a: Mudsdale
|-damage|p1a: Mudsdale|71/100
|-ability|p1a: Mudsdale|Stamina|boost
|-boost|p1a: Mudsdale|def|1
|
|t:|1758326950
|switch|p2a: Kyurem|Kyurem, shiny|100/100|[from] U-turn
|-ability|p2a: Kyurem|Pressure
|
|-heal|p1a: Mudsdale|77/100|[from] item: Leftovers
|upkeep
|turn|10
|
|t:|1758326954
|switch|p1a: Inteleon|Inteleon, M|100/100
|move|p2a: Kyurem|Ice Beam|p1a: Inteleon
|-resisted|p1a: Inteleon
|-damage|p1a: Inteleon|55/100
|
|upkeep
|turn|11
|
|t:|1758326959
|move|p1a: Inteleon|Snipe Shot|p2a: Kyurem
|-resisted|p2a: Kyurem
|-damage|p2a: Kyurem|81/100
|move|p2a: Kyurem|Freeze-Dry|p1a: Inteleon
|-supereffective|p1a: Inteleon
|-damage|p1a: Inteleon|0 fnt
|faint|p1a: Inteleon
|
|upkeep
|
|t:|1758326963
|switch|p1a: Meloetta|Meloetta, tera:Dark|91/100
|turn|12
|
|t:|1758326968
|switch|p2a: Glimmora|Glimmora, M, shiny|100/100
|-item|p2a: Glimmora|Air Balloon
|move|p1a: Meloetta|Relic Song|p2a: Glimmora
|-resisted|p2a: Glimmora
|-damage|p2a: Glimmora|74/100
|-enditem|p2a: Glimmora|Air Balloon
|-formechange|p1a: Meloetta|Meloetta-Pirouette|[msg]
|-damage|p1a: Meloetta|81/100|[from] item: Life Orb
|
|upkeep
|turn|13
|
|t:|1758326978
|move|p1a: Meloetta|Knock Off|p2a: Glimmora
|-damage|p2a: Glimmora|16/100
|-activate|p2a: Glimmora|ability: Toxic Debris
|-sidestart|p1: playboisant|move: Toxic Spikes
|-damage|p1a: Meloetta|71/100|[from] item: Life Orb
|move|p2a: Glimmora|Mortal Spin|p1a: Meloetta
|-damage|p1a: Meloetta|63/100
|-status|p1a: Meloetta|psn
|
|-damage|p1a: Meloetta|51/100 psn|[from] psn
|upkeep
|turn|14
|
|t:|1758326983
|move|p1a: Meloetta|Knock Off|p2a: Glimmora
|-damage|p2a: Glimmora|0 fnt
|-activate|p2a: Glimmora|ability: Toxic Debris
|-sidestart|p1: playboisant|move: Toxic Spikes
|faint|p2a: Glimmora
|-damage|p1a: Meloetta|41/100 psn|[from] item: Life Orb
|
|-damage|p1a: Meloetta|29/100 psn|[from] psn
|upkeep
|
|t:|1758326987
|switch|p2a: Blaziken|Blaziken, M, shiny|100/100
|turn|15
|
|t:|1758326992
|switch|p2a: Kyurem|Kyurem, shiny|81/100
|-ability|p2a: Kyurem|Pressure
|move|p1a: Meloetta|Close Combat|p2a: Kyurem
|-supereffective|p2a: Kyurem
|-damage|p2a: Kyurem|0 fnt
|-unboost|p1a: Meloetta|def|1
|-unboost|p1a: Meloetta|spd|1
|faint|p2a: Kyurem
|-damage|p1a: Meloetta|19/100 psn|[from] item: Life Orb
|
|-damage|p1a: Meloetta|6/100 psn|[from] psn
|upkeep
|
|t:|1758326999
|switch|p2a: Blaziken|Blaziken, M, shiny|100/100
|turn|16
|
|t:|1758327004
|move|p1a: Meloetta|Close Combat|p2a: Blaziken
|-enditem|p2a: Blaziken|Focus Sash
|-damage|p2a: Blaziken|1/100
|-unboost|p1a: Meloetta|def|1
|-unboost|p1a: Meloetta|spd|1
|-damage|p1a: Meloetta|0 fnt|[from] item: Life Orb
|faint|p1a: Meloetta
|move|p2a: Blaziken|Swords Dance|p2a: Blaziken
|-boost|p2a: Blaziken|atk|2
|
|-ability|p2a: Blaziken|Speed Boost|boost
|-boost|p2a: Blaziken|spe|1
|upkeep
|-message|playboisant forfeited.
|
|win|RoddyJ
|raw|playboisant's rating: 1555 &rarr; <strong>1536</strong><br />(-19 for losing)
|raw|RoddyJ's rating: 1574 &rarr; <strong>1593</strong><br />(+19 for winning)
|l|☆playboisant
|player|p1|
|l|☆RoddyJ
|player|p2|
