|j|☆benji fades
|j|☆sunny dancing
|t:|1758304915
|gametype|singles
|player|p1|benji fades|swimmerf-gen4|1683
|player|p2|sunny dancing|170|1803
|gen|9
|tier|[Gen 9] OU
|rated|
|rule|HP Percentage Mod: HP is shown in percentages
|rule|Endless Battle Clause: Forcing endless battles is banned
|rule|Species Clause: Limit one of each Pokémon
|rule|OHKO Clause: OHKO moves are banned
|rule|Evasion Items Clause: Evasion items are banned
|rule|Evasion Moves Clause: Evasion moves are banned
|rule|Evasion Abilities Clause: Evasion abilities are banned
|rule|Sleep Moves Clause: Sleep-inducing moves are banned
|clearpoke
|poke|p1|Scizor, F|
|poke|p1|Enamorus, F|
|poke|p1|Great Tusk|
|poke|p1|Dragonite, F|
|poke|p1|Alomomola, F|
|poke|p1|Kyurem|
|poke|p2|Ogerpon-Wellspring, F|
|poke|p2|Slowking-Galar, M|
|poke|p2|Great Tusk|
|poke|p2|Moltres|
|poke|p2|Dragapult, M|
|poke|p2|Kingambit, F|
|teampreview
|inactive|Battle timer is ON: inactive players will automatically lose when time's up. (requested by benji fades)
|inactive|sunny dancing also wants the timer to be on.
|
|t:|1758304930
|teamsize|p1|6
|teamsize|p2|6
|start
|switch|p1a: Kyurem|Kyurem|100/100
|switch|p2a: Slowking|Slowking-Galar, M|100/100
|-ability|p1a: Kyurem|Pressure
|turn|1
|
|t:|1758304936
|move|p1a: Kyurem|Substitute|p1a: Kyurem
|-start|p1a: Kyurem|Substitute
|-damage|p1a: Kyurem|75/100
|move|p2a: Slowking|Sludge Bomb|p1a: Kyurem
|-end|p1a: Kyurem|Substitute
|
|-heal|p1a: Kyurem|82/100|[from] item: Leftovers
|upkeep
|turn|2
|
|t:|1758304941
|switch|p1a: Scizor|Scizor, F|100/100
|move|p2a: Slowking|Flamethrower|p1a: Scizor
|-supereffective|p1a: Scizor
|-damage|p1a: Scizor|0 fnt
|faint|p1a: Scizor
|
|upkeep
|c|☆benji fades|Wp.
|
|t:|1758304952
|switch|p1a: Dragonite|Dragonite, F|100/100
|turn|3
|
|t:|1758304957
|move|p1a: Dragonite|Earthquake|p2a: Slowking
|-supereffective|p2a: Slowking
|-damage|p2a: Slowking|25/100
|move|p2a: Slowking|Ice Beam|p1a: Dragonite
|-supereffective|p1a: Dragonite
|-damage|p1a: Dragonite|44/100
|
|upkeep
|turn|4
|j| Squallskip
|
|t:|1758304969
|switch|p1a: Enamorus|Enamorus, F|100/100
|switch|p2a: Moltres|Moltres|100/100
|
|upkeep
|turn|5
|
|t:|1758304974
|move|p1a: Enamorus|Substitute|p1a: Enamorus
|-start|p1a: Enamorus|Substitute
|-damage|p1a: Enamorus|76/100
|move|p2a: Moltres|Flamethrower|p1a: Enamorus
|-end|p1a: Enamorus|Substitute
|
|upkeep
|turn|6
|
|t:|1758304979
|-terastallize|p1a: Enamorus|Electric
|move|p1a: Enamorus|Tera Blast|p2a: Moltres|[anim] Tera Blast Electric
|-supereffective|p2a: Moltres
|-crit|p2a: Moltres
|-damage|p2a: Moltres|0 fnt
|faint|p2a: Moltres
|
|upkeep
|
|t:|1758304987
|switch|p2a: Slowking|Slowking-Galar, M|58/100
|turn|7
|
|t:|1758305002
|move|p1a: Enamorus|Earth Power|p2a: Slowking
|-supereffective|p2a: Slowking
|-damage|p2a: Slowking|13/100
|move|p2a: Slowking|Sludge Bomb|p1a: Enamorus
|-damage|p1a: Enamorus|21/100
|-status|p1a: Enamorus|psn
|
|-damage|p1a: Enamorus|9/100 psn|[from] psn
|upkeep
|turn|8
|
|t:|1758305010
|switch|p2a: Ogerpon|Ogerpon-Wellspring, F|100/100
|move|p1a: Enamorus|Tera Blast|p2a: Ogerpon|[anim] Tera Blast Electric
|-damage|p2a: Ogerpon|45/100
|
|-damage|p1a: Enamorus|0 fnt|[from] psn
|faint|p1a: Enamorus
|upkeep
|
|t:|1758305023
|switch|p1a: Kyurem|Kyurem|82/100
|-ability|p1a: Kyurem|Pressure
|turn|9
|
|t:|1758305028
|move|p2a: Ogerpon|U-turn|p1a: Kyurem
|-damage|p1a: Kyurem|60/100
|
|t:|1758305034
|switch|p2a: Dragapult|Dragapult, M|100/100|[from] U-turn
|move|p1a: Kyurem|Freeze-Dry|p2a: Dragapult
|-supereffective|p2a: Dragapult
|-damage|p2a: Dragapult|6/100
|
|-heal|p1a: Kyurem|66/100|[from] item: Leftovers
|upkeep
|turn|10
|
|t:|1758305040
|move|p1a: Kyurem|Protect|p1a: Kyurem
|-singleturn|p1a: Kyurem|Protect
|move|p2a: Dragapult|Will-O-Wisp|p1a: Kyurem
|-activate|p1a: Kyurem|move: Protect
|
|-heal|p1a: Kyurem|73/100|[from] item: Leftovers
|upkeep
|turn|11
|j| DissFunktion
|
|t:|1758305044
|switch|p1a: Alomomola|Alomomola, F|100/100
|move|p2a: Dragapult|Will-O-Wisp|p1a: Alomomola
|-status|p1a: Alomomola|brn
|
|-damage|p1a: Alomomola|94/100 brn|[from] brn
|upkeep
|turn|12
|
|t:|1758305050
|move|p2a: Dragapult|Hex|p1a: Alomomola
|-damage|p1a: Alomomola|63/100 brn
|move|p1a: Alomomola|Body Slam|p2a: Dragapult
|-immune|p2a: Dragapult
|
|-damage|p1a: Alomomola|57/100 brn|[from] brn
|upkeep
|turn|13
|
|t:|1758305063
|switch|p1a: Dragonite|Dragonite, F|44/100
|move|p2a: Dragapult|U-turn|p1a: Dragonite
|-resisted|p1a: Dragonite
|-damage|p1a: Dragonite|33/100
|
|t:|1758305069
|switch|p2a: Kingambit|Kingambit, F|100/100|[from] U-turn
|-activate|p2a: Kingambit|ability: Supreme Overlord
|-start|p2a: Kingambit|fallen1|[silent]
|
|upkeep
|turn|14
|
|t:|1758305074
|switch|p1a: Great Tusk|Great Tusk|100/100
|-terastallize|p2a: Kingambit|Ghost
|move|p2a: Kingambit|Swords Dance|p2a: Kingambit
|-boost|p2a: Kingambit|atk|2
|
|upkeep
|turn|15
|j| Partynparadise
|
|t:|1758305081
|move|p1a: Great Tusk|Headlong Rush|p2a: Kingambit
|-damage|p2a: Kingambit|57/100
|-unboost|p1a: Great Tusk|def|1
|-unboost|p1a: Great Tusk|spd|1
|move|p2a: Kingambit|Low Kick|p1a: Great Tusk
|-damage|p1a: Great Tusk|28/100
|-damage|p2a: Kingambit|41/100|[from] item: Rocky Helmet|[of] p1a: Great Tusk
|
|-heal|p2a: Kingambit|47/100|[from] item: Leftovers
|upkeep
|turn|16
|j| ulky
|
|t:|1758305090
|move|p2a: Kingambit|Sucker Punch||[still]
|-fail|p2a: Kingambit
|move|p1a: Great Tusk|Stealth Rock|p2a: Kingambit
|-sidestart|p2: sunny dancing|move: Stealth Rock
|
|-heal|p2a: Kingambit|53/100|[from] item: Leftovers
|upkeep
|turn|17
|
|t:|1758305095
|move|p2a: Kingambit|Sucker Punch|p1a: Great Tusk
|-resisted|p1a: Great Tusk
|-damage|p1a: Great Tusk|0 fnt
|-damage|p2a: Kingambit|37/100|[from] item: Rocky Helmet|[of] p1a: Great Tusk
|faint|p1a: Great Tusk
|-end|p1a: Great Tusk|Protosynthesis|[silent]
|
|-heal|p2a: Kingambit|43/100|[from] item: Leftovers
|upkeep
|
|t:|1758305097
|switch|p1a: Kyurem|Kyurem|73/100
|-ability|p1a: Kyurem|Pressure
|turn|18
|
|t:|1758305104
|move|p1a: Kyurem|Substitute|p1a: Kyurem
|-start|p1a: Kyurem|Substitute
|-damage|p1a: Kyurem|48/100
|move|p2a: Kingambit|Iron Head|p1a: Kyurem
|-supereffective|p1a: Kyurem
|-end|p1a: Kyurem|Substitute
|
|-heal|p1a: Kyurem|54/100|[from] item: Leftovers
|-heal|p2a: Kingambit|49/100|[from] item: Leftovers
|upkeep
|turn|19
|
|t:|1758305108
|move|p1a: Kyurem|Protect|p1a: Kyurem
|-singleturn|p1a: Kyurem|Protect
|move|p2a: Kingambit|Low Kick|p1a: Kyurem
|-activate|p1a: Kyurem|move: Protect
|
|-heal|p1a: Kyurem|60/100|[from] item: Leftovers
|-heal|p2a: Kingambit|55/100|[from] item: Leftovers
|upkeep
|turn|20
|
|t:|1758305113
|move|p1a: Kyurem|Substitute|p1a: Kyurem
|-start|p1a: Kyurem|Substitute
|-damage|p1a: Kyurem|35/100
|move|p2a: Kingambit|Low Kick|p1a: Kyurem
|-supereffective|p1a: Kyurem
|-end|p1a: Kyurem|Substitute
|
|-heal|p1a: Kyurem|41/100|[from] item: Leftovers
|-heal|p2a: Kingambit|62/100|[from] item: Leftovers
|upkeep
|turn|21
|
|t:|1758305118
|move|p1a: Kyurem|Protect|p1a: Kyurem
|-singleturn|p1a: Kyurem|Protect
|move|p2a: Kingambit|Iron Head|p1a: Kyurem
|-activate|p1a: Kyurem|move: Protect
|
|-heal|p1a: Kyurem|47/100|[from] item: Leftovers
|-heal|p2a: Kingambit|68/100|[from] item: Leftovers
|upkeep
|turn|22
|
|t:|1758305123
|move|p1a: Kyurem|Substitute|p1a: Kyurem
|-start|p1a: Kyurem|Substitute
|-damage|p1a: Kyurem|22/100
|move|p2a: Kingambit|Iron Head|p1a: Kyurem
|-supereffective|p1a: Kyurem
|-end|p1a: Kyurem|Substitute
|
|-heal|p1a: Kyurem|28/100|[from] item: Leftovers
|-heal|p2a: Kingambit|74/100|[from] item: Leftovers
|upkeep
|turn|23
|
|t:|1758305130
|move|p1a: Kyurem|Protect|p1a: Kyurem
|-singleturn|p1a: Kyurem|Protect
|move|p2a: Kingambit|Low Kick|p1a: Kyurem
|-activate|p1a: Kyurem|move: Protect
|
|-heal|p1a: Kyurem|35/100|[from] item: Leftovers
|-heal|p2a: Kingambit|80/100|[from] item: Leftovers
|upkeep
|turn|24
|l| ulky
|
|t:|1758305143
|move|p1a: Kyurem|Earth Power|p2a: Kingambit
|-damage|p2a: Kingambit|52/100
|move|p2a: Kingambit|Low Kick|p1a: Kyurem
|-supereffective|p1a: Kyurem
|-damage|p1a: Kyurem|0 fnt
|faint|p1a: Kyurem
|
|-heal|p2a: Kingambit|58/100|[from] item: Leftovers
|upkeep
|-message|benji fades forfeited.
|
|win|sunny dancing
|raw|benji fades's rating: 1683 &rarr; <strong>1670</strong><br />(-13 for losing)
|raw|sunny dancing's rating: 1803 &rarr; <strong>1816</strong><br />(+13 for winning)
|l|☆sunny dancing
|player|p2|
|l|☆benji fades
|player|p1|
|l| Squallskip
|j| Ran Kob
