|j|☆megaYama
|j|☆Andrewtre
|t:|1758334177
|gametype|singles
|player|p1|megaYama|ghetsis-gen5bw|1158
|player|p2|Andrewtre|unknown|1196
|gen|9
|tier|[Gen 9] OU
|rated|
|rule|HP Percentage Mod: HP is shown in percentages
|rule|Endless Battle Clause: Forcing endless battles is banned
|rule|Species Clause: Limit one of each Pokémon
|rule|OHKO Clause: OHKO moves are banned
|rule|Evasion Items Clause: Evasion items are banned
|rule|Evasion Moves Clause: Evasion moves are banned
|rule|Evasion Abilities Clause: Evasion abilities are banned
|rule|Sleep Moves Clause: Sleep-inducing moves are banned
|clearpoke
|poke|p1|Quaquaval, M|
|poke|p1|Pelipper, M|
|poke|p1|Toxicroak, M|
|poke|p1|Zapdos|
|poke|p1|Ting-Lu|
|poke|p1|Pecharunt|
|poke|p2|Farigiraf, M|
|poke|p2|Hatterene, F|
|poke|p2|Gardevoir, M|
|poke|p2|Gengar, F|
|poke|p2|Golduck, F|
|poke|p2|Golurk|
|teampreview
|inactive|Battle timer is ON: inactive players will automatically lose when time's up. (requested by Andrewtre)
|
|t:|1758334186
|teamsize|p1|6
|teamsize|p2|6
|start
|switch|p1a: Pelipper|Pelipper, M|100/100
|switch|p2a: Golduck|Golduck, F|100/100
|-weather|RainDance|[from] ability: Drizzle|[of] p1a: Pelipper
|turn|1
|
|t:|1758334210
|move|p2a: Golduck|Ice Beam|p1a: Pelipper
|-damage|p1a: Pelipper|64/100
|move|p1a: Pelipper|U-turn|p2a: Golduck
|-damage|p2a: Golduck|87/100
|inactive|megaYama has 120 seconds left.
|
|t:|1758334241
|switch|p1a: Zapdos|Zapdos|100/100|[from] U-turn
|
|-weather|RainDance|[upkeep]
|upkeep
|turn|2
|
|t:|1758334250
|-terastallize|p1a: Zapdos|Electric
|move|p2a: Golduck|Surf|p1a: Zapdos
|-damage|p1a: Zapdos|45/100
|move|p1a: Zapdos|Volt Switch|p2a: Golduck
|-supereffective|p2a: Golduck
|-damage|p2a: Golduck|0 fnt
|faint|p2a: Golduck
|
|t:|1758334270
|switch|p1a: Pecharunt|Pecharunt|100/100|[from] Volt Switch
|
|-weather|RainDance|[upkeep]
|upkeep
|
|t:|1758334279
|switch|p2a: Gengar|Gengar, F|100/100
|turn|3
|
|t:|1758334291
|switch|p1a: Ting-Lu|Ting-Lu|100/100
|-ability|p1a: Ting-Lu|Vessel of Ruin
|move|p2a: Gengar|Shadow Ball|p1a: Ting-Lu
|-resisted|p1a: Ting-Lu
|-crit|p1a: Ting-Lu
|-damage|p1a: Ting-Lu|88/100
|-unboost|p1a: Ting-Lu|spd|1
|
|-weather|RainDance|[upkeep]
|-heal|p1a: Ting-Lu|94/100|[from] item: Leftovers
|upkeep
|turn|4
|
|t:|1758334308
|move|p2a: Gengar|Giga Drain|p1a: Ting-Lu
|-supereffective|p1a: Ting-Lu
|-damage|p1a: Ting-Lu|60/100
|move|p1a: Ting-Lu|Spikes|p2a: Gengar
|-sidestart|p2: Andrewtre|Spikes
|
|-weather|RainDance|[upkeep]
|-heal|p1a: Ting-Lu|66/100|[from] item: Leftovers
|upkeep
|turn|5
|
|t:|1758334324
|switch|p2a: Hatterene|Hatterene, F|100/100
|-damage|p2a: Hatterene|88/100|[from] Spikes
|move|p1a: Ting-Lu|Earthquake|p2a: Hatterene
|-damage|p2a: Hatterene|49/100
|
|-weather|RainDance|[upkeep]
|-heal|p1a: Ting-Lu|72/100|[from] item: Leftovers
|upkeep
|turn|6
|inactive|megaYama has 90 seconds left.
|
|t:|1758334340
|switch|p1a: Pecharunt|Pecharunt|100/100
|move|p2a: Hatterene|Draining Kiss|p1a: Pecharunt
|-resisted|p1a: Pecharunt
|-damage|p1a: Pecharunt|85/100
|-heal|p2a: Hatterene|62/100|[from] drain|[of] p1a: Pecharunt
|-damage|p2a: Hatterene|45/100|[from] item: Rocky Helmet|[of] p1a: Pecharunt
|
|-weather|RainDance|[upkeep]
|upkeep
|turn|7
|inactive|megaYama has 90 seconds left.
|
|t:|1758334355
|move|p1a: Pecharunt|Parting Shot|p2a: Hatterene
|move|p2a: Hatterene|Parting Shot|p1a: Pecharunt|[from] ability: Magic Bounce
|-unboost|p1a: Pecharunt|atk|1
|-unboost|p1a: Pecharunt|spa|1
|
|t:|1758334362
|switch|p2a: Golurk|Golurk|100/100|[from] Parting Shot
|-damage|p2a: Golurk|88/100|[from] Spikes
|
|-weather|RainDance|[upkeep]
|upkeep
|turn|8
|inactive|megaYama has 90 seconds left.
|
|t:|1758334382
|move|p1a: Pecharunt|Parting Shot|p2a: Golurk
|-unboost|p2a: Golurk|atk|1
|-unboost|p2a: Golurk|spa|1
|inactive|megaYama has 90 seconds left.
|
|t:|1758334400
|switch|p1a: Ting-Lu|Ting-Lu|72/100|[from] Parting Shot
|-ability|p1a: Ting-Lu|Vessel of Ruin
|move|p2a: Golurk|Stealth Rock|p1a: Ting-Lu
|-sidestart|p1: megaYama|move: Stealth Rock
|
|-weather|none
|-heal|p1a: Ting-Lu|78/100|[from] item: Leftovers
|upkeep
|turn|9
|
|t:|1758334414
|move|p2a: Golurk|Earthquake|p1a: Ting-Lu
|-damage|p1a: Ting-Lu|52/100
|-damage|p2a: Golurk|78/100|[from] item: Life Orb
|move|p1a: Ting-Lu|Spikes|p2a: Golurk
|-sidestart|p2: Andrewtre|Spikes
|
|-heal|p1a: Ting-Lu|58/100|[from] item: Leftovers
|upkeep
|turn|10
|
|t:|1758334422
|switch|p2a: Hatterene|Hatterene, F|45/100
|-damage|p2a: Hatterene|29/100|[from] Spikes
|move|p1a: Ting-Lu|Spikes|p2a: Hatterene
|move|p2a: Hatterene|Spikes|p1a: Ting-Lu|[from] ability: Magic Bounce
|-sidestart|p1: megaYama|Spikes
|
|-heal|p1a: Ting-Lu|65/100|[from] item: Leftovers
|upkeep
|turn|11
|inactive|megaYama has 90 seconds left.
|
|t:|1758334433
|switch|p1a: Pecharunt|Pecharunt|85/100
|-damage|p1a: Pecharunt|73/100|[from] Stealth Rock
|-damage|p1a: Pecharunt|61/100|[from] Spikes
|move|p2a: Hatterene|Trick Room|p2a: Hatterene
|-fieldstart|move: Trick Room|[of] p2a: Hatterene
|
|upkeep
|turn|12
|inactive|megaYama has 90 seconds left.
|
|t:|1758334467
|move|p2a: Hatterene|Psychic|p1a: Pecharunt
|-supereffective|p1a: Pecharunt
|-damage|p1a: Pecharunt|0 fnt
|faint|p1a: Pecharunt
|
|upkeep
|inactive|megaYama has 60 seconds left.
|
|t:|1758334480
|switch|p1a: Pelipper|Pelipper, M|64/100
|-damage|p1a: Pelipper|39/100|[from] Stealth Rock
|-weather|RainDance|[from] ability: Drizzle|[of] p1a: Pelipper
|turn|13
|inactive|megaYama has 60 seconds left.
|
|t:|1758334498
|switch|p1a: Ting-Lu|Ting-Lu|65/100
|-damage|p1a: Ting-Lu|58/100|[from] Stealth Rock
|-damage|p1a: Ting-Lu|46/100|[from] Spikes
|-ability|p1a: Ting-Lu|Vessel of Ruin
|move|p2a: Hatterene|Psychic|p1a: Ting-Lu
|-immune|p1a: Ting-Lu
|
|-weather|RainDance|[upkeep]
|-heal|p1a: Ting-Lu|52/100|[from] item: Leftovers
|upkeep
|turn|14
|inactive|megaYama has 60 seconds left.
|inactive|megaYama has 30 seconds left.
|
|t:|1758334541
|move|p2a: Hatterene|Draining Kiss|p1a: Ting-Lu
|-supereffective|p1a: Ting-Lu
|-damage|p1a: Ting-Lu|27/100
|-heal|p2a: Hatterene|59/100|[from] drain|[of] p1a: Ting-Lu
|move|p1a: Ting-Lu|Ruination|p2a: Hatterene
|-damage|p2a: Hatterene|30/100
|
|-weather|RainDance|[upkeep]
|-heal|p1a: Ting-Lu|34/100|[from] item: Leftovers
|upkeep
|turn|15
|inactive|megaYama has 30 seconds left.
|
|t:|1758334554
|move|p2a: Hatterene|Draining Kiss|p1a: Ting-Lu
|-supereffective|p1a: Ting-Lu
|-damage|p1a: Ting-Lu|6/100
|-heal|p2a: Hatterene|63/100|[from] drain|[of] p1a: Ting-Lu
|move|p1a: Ting-Lu|Earthquake|p2a: Hatterene
|-damage|p2a: Hatterene|17/100
|
|-weather|RainDance|[upkeep]
|-heal|p1a: Ting-Lu|13/100|[from] item: Leftovers
|-fieldend|move: Trick Room
|upkeep
|turn|16
|inactive|megaYama has 30 seconds left.
|
|t:|1758334583
|move|p1a: Ting-Lu|Earthquake|p2a: Hatterene
|-damage|p2a: Hatterene|0 fnt
|faint|p2a: Hatterene
|
|-weather|RainDance|[upkeep]
|-heal|p1a: Ting-Lu|19/100|[from] item: Leftovers
|upkeep
|
|t:|1758334589
|switch|p2a: Gengar|Gengar, F|100/100
|-damage|p2a: Gengar|84/100|[from] Spikes
|turn|17
|
|t:|1758334600
|move|p2a: Gengar|Giga Drain|p1a: Ting-Lu
|-supereffective|p1a: Ting-Lu
|-damage|p1a: Ting-Lu|0 fnt
|-heal|p2a: Gengar|100/100|[from] drain|[of] p1a: Ting-Lu
|faint|p1a: Ting-Lu
|
|-weather|RainDance|[upkeep]
|upkeep
|
|t:|1758334607
|switch|p1a: Quaquaval|Quaquaval, M|100/100
|-damage|p1a: Quaquaval|94/100|[from] Stealth Rock
|-damage|p1a: Quaquaval|82/100|[from] Spikes
|turn|18
|
|t:|1758334620
|move|p1a: Quaquaval|Aqua Jet|p2a: Gengar
|-crit|p2a: Gengar
|-enditem|p2a: Gengar|Focus Sash
|-damage|p2a: Gengar|1/100
|-start|p1a: Quaquaval|Disable|Aqua Jet|[from] ability: Cursed Body|[of] p2a: Gengar
|move|p2a: Gengar|Giga Drain|p1a: Quaquaval
|-supereffective|p1a: Quaquaval
|-damage|p1a: Quaquaval|15/100
|-heal|p2a: Gengar|41/100|[from] drain|[of] p1a: Quaquaval
|
|-weather|RainDance|[upkeep]
|upkeep
|turn|19
|
|t:|1758334634
|move|p2a: Gengar|Giga Drain|p1a: Quaquaval
|-supereffective|p1a: Quaquaval
|-damage|p1a: Quaquaval|0 fnt
|-heal|p2a: Gengar|50/100|[from] drain|[of] p1a: Quaquaval
|faint|p1a: Quaquaval
|
|-weather|RainDance|[upkeep]
|upkeep
|
|t:|1758334642
|switch|p1a: Toxicroak|Toxicroak, M|100/100
|-damage|p1a: Toxicroak|94/100|[from] Stealth Rock
|-damage|p1a: Toxicroak|82/100|[from] Spikes
|turn|20
|
|t:|1758334648
|move|p2a: Gengar|Shadow Ball|p1a: Toxicroak
|-damage|p1a: Toxicroak|21/100
|move|p1a: Toxicroak|Knock Off|p2a: Gengar
|-supereffective|p2a: Gengar
|-crit|p2a: Gengar
|-damage|p2a: Gengar|0 fnt
|-start|p1a: Toxicroak|Disable|Knock Off|[from] ability: Cursed Body|[of] p2a: Gengar
|faint|p2a: Gengar
|
|-weather|none
|upkeep
|
|t:|1758334660
|switch|p2a: Gardevoir|Gardevoir, M|100/100
|-damage|p2a: Gardevoir|84/100|[from] Spikes
|-ability|p2a: Gardevoir|Dry Skin|Trace|[from] ability: Trace|[of] p1a: Toxicroak
|turn|21
|
|t:|1758334675
|move|p2a: Gardevoir|Psychic|p1a: Toxicroak
|-supereffective|p1a: Toxicroak
|-damage|p1a: Toxicroak|0 fnt
|faint|p1a: Toxicroak
|
|upkeep
|-message|megaYama forfeited.
|
|win|Andrewtre
|raw|megaYama's rating: 1158 &rarr; <strong>1136</strong><br />(-22 for losing)
|raw|Andrewtre's rating: 1196 &rarr; <strong>1218</strong><br />(+22 for winning)
|l|☆megaYama
|player|p1|
