|j|☆oreoinabox
|j|☆solstic3
|t:|1758321204
|gametype|singles
|player|p1|oreoinabox|169|1577
|player|p2|solstic3|169|1693
|gen|9
|tier|[Gen 9] OU
|rated|
|rule|HP Percentage Mod: HP is shown in percentages
|rule|Endless Battle Clause: Forcing endless battles is banned
|rule|Species Clause: Limit one of each Pokémon
|rule|OHKO Clause: OHKO moves are banned
|rule|Evasion Items Clause: Evasion items are banned
|rule|Evasion Moves Clause: Evasion moves are banned
|rule|Evasion Abilities Clause: Evasion abilities are banned
|rule|Sleep Moves Clause: Sleep-inducing moves are banned
|clearpoke
|poke|p1|Iron Thorns|
|poke|p1|Araquanid, F|
|poke|p1|Blastoise, F|
|poke|p1|Corviknight, F|
|poke|p1|Meowscarada, M|
|poke|p1|Great Tusk|
|poke|p2|Ninetales-Alola, M|
|poke|p2|Hatterene, F|
|poke|p2|Iron Treads|
|poke|p2|Dragonite, F|
|poke|p2|Manaphy|
|poke|p2|Pecharunt|
|teampreview
|inactive|Battle timer is ON: inactive players will automatically lose when time's up. (requested by oreoinabox)
|inactive|oreoinabox has 120 seconds left.
|inactive|solstic3 has 120 seconds left.
|
|t:|1758321261
|teamsize|p1|6
|teamsize|p2|6
|start
|switch|p1a: Araquanid|Araquanid, F|100/100
|switch|p2a: Hatterene|Hatterene, F|100/100
|turn|1
|
|t:|1758321290
|move|p1a: Araquanid|Sticky Web|p2a: Hatterene
|move|p2a: Hatterene|Sticky Web|p1a: Araquanid|[from] ability: Magic Bounce
|-sidestart|p1: oreoinabox|move: Sticky Web
|move|p2a: Hatterene|Calm Mind|p2a: Hatterene
|-boost|p2a: Hatterene|spa|1
|-boost|p2a: Hatterene|spd|1
|
|upkeep
|turn|2
|
|t:|1758321294
|move|p1a: Araquanid|Liquidation|p2a: Hatterene
|-damage|p2a: Hatterene|45/100
|-unboost|p2a: Hatterene|def|1
|move|p2a: Hatterene|Psyshock|p1a: Araquanid
|-damage|p1a: Araquanid|47/100
|
|-heal|p2a: Hatterene|51/100|[from] item: Leftovers
|upkeep
|turn|3
|
|t:|1758321315
|switch|p2a: Ninetales|Ninetales-Alola, M|100/100
|-weather|Snowscape|[from] ability: Snow Warning|[of] p2a: Ninetales
|move|p1a: Araquanid|Liquidation|p2a: Ninetales
|-damage|p2a: Ninetales|43/100
|
|-weather|Snowscape|[upkeep]
|upkeep
|turn|4
|
|t:|1758321322
|move|p2a: Ninetales|Freeze-Dry|p1a: Araquanid
|-supereffective|p1a: Araquanid
|-damage|p1a: Araquanid|15/100
|move|p1a: Araquanid|Sticky Web|p2a: Ninetales
|-sidestart|p2: solstic3|move: Sticky Web
|
|-weather|Snowscape|[upkeep]
|upkeep
|turn|5
|
|t:|1758321329
|switch|p2a: Manaphy|Manaphy|100/100
|-activate|p2a: Manaphy|move: Sticky Web
|-unboost|p2a: Manaphy|spe|1
|move|p1a: Araquanid|Liquidation|p2a: Manaphy
|-resisted|p2a: Manaphy
|-damage|p2a: Manaphy|68/100
|
|-weather|Snowscape|[upkeep]
|upkeep
|turn|6
|inactive|oreoinabox has 120 seconds left.
|
|t:|1758321363
|move|p2a: Manaphy|Alluring Voice|p1a: Araquanid
|-damage|p1a: Araquanid|0 fnt
|faint|p1a: Araquanid
|
|-weather|Snowscape|[upkeep]
|upkeep
|
|t:|1758321367
|switch|p1a: Great Tusk|Great Tusk|100/100
|-activate|p1a: Great Tusk|move: Sticky Web
|-unboost|p1a: Great Tusk|spe|1
|turn|7
|
|t:|1758321372
|-terastallize|p1a: Great Tusk|Grass
|move|p2a: Manaphy|Surf|p1a: Great Tusk
|-resisted|p1a: Great Tusk
|-damage|p1a: Great Tusk|82/100
|move|p1a: Great Tusk|Rapid Spin|p2a: Manaphy
|-damage|p2a: Manaphy|52/100
|-boost|p1a: Great Tusk|spe|1
|-sideend|p1: oreoinabox|Sticky Web|[from] move: Rapid Spin|[of] p1a: Great Tusk
|
|-weather|none
|upkeep
|turn|8
|
|t:|1758321384
|move|p1a: Great Tusk|Headlong Rush|p2a: Manaphy
|-damage|p2a: Manaphy|0 fnt
|-unboost|p1a: Great Tusk|def|1
|-unboost|p1a: Great Tusk|spd|1
|faint|p2a: Manaphy
|
|upkeep
|
|t:|1758321394
|switch|p2a: Pecharunt|Pecharunt|100/100
|-activate|p2a: Pecharunt|move: Sticky Web
|-unboost|p2a: Pecharunt|spe|1
|turn|9
|
|t:|1758321401
|-end|p1a: Great Tusk|Protosynthesis|[silent]
|switch|p1a: Corviknight|Corviknight, F|100/100
|-ability|p1a: Corviknight|Pressure
|move|p2a: Pecharunt|Malignant Chain|p1a: Corviknight
|-immune|p1a: Corviknight
|
|upkeep
|turn|10
|
|t:|1758321406
|switch|p2a: Iron Treads|Iron Treads|100/100
|-activate|p2a: Iron Treads|move: Sticky Web
|-unboost|p2a: Iron Treads|spe|1
|-enditem|p2a: Iron Treads|Booster Energy
|-activate|p2a: Iron Treads|ability: Quark Drive|[fromitem]
|-start|p2a: Iron Treads|quarkdrivedef
|move|p1a: Corviknight|U-turn|p2a: Iron Treads
|-resisted|p2a: Iron Treads
|-damage|p2a: Iron Treads|96/100
|
|t:|1758321410
|switch|p1a: Blastoise|Blastoise, F|100/100|[from] U-turn
|
|upkeep
|turn|11
|
|t:|1758321414
|move|p1a: Blastoise|Shell Smash|p1a: Blastoise
|-unboost|p1a: Blastoise|def|1
|-unboost|p1a: Blastoise|spd|1
|-boost|p1a: Blastoise|atk|2
|-boost|p1a: Blastoise|spa|2
|-boost|p1a: Blastoise|spe|2
|-enditem|p1a: Blastoise|White Herb
|-clearnegativeboost|p1a: Blastoise|[silent]
|move|p2a: Iron Treads|Rapid Spin|p1a: Blastoise
|-damage|p1a: Blastoise|84/100
|-boost|p2a: Iron Treads|spe|1
|-sideend|p2: solstic3|Sticky Web|[from] move: Rapid Spin|[of] p2a: Iron Treads
|
|upkeep
|turn|12
|
|t:|1758321423
|move|p1a: Blastoise|Surf|p2a: Iron Treads
|-supereffective|p2a: Iron Treads
|-damage|p2a: Iron Treads|0 fnt
|faint|p2a: Iron Treads
|-end|p2a: Iron Treads|Quark Drive|[silent]
|
|upkeep
|
|t:|1758321427
|switch|p2a: Pecharunt|Pecharunt|100/100
|turn|13
|
|t:|1758321429
|move|p1a: Blastoise|Surf|p2a: Pecharunt
|-damage|p2a: Pecharunt|5/100
|move|p2a: Pecharunt|Malignant Chain|p1a: Blastoise
|-damage|p1a: Blastoise|38/100
|-status|p1a: Blastoise|tox
|-start|p1a: Blastoise|confusion|[from] ability: Poison Puppeteer|[of] p2a: Pecharunt
|
|-damage|p1a: Blastoise|32/100 tox|[from] psn
|upkeep
|turn|14
|
|t:|1758321432
|-activate|p1a: Blastoise|confusion
|move|p1a: Blastoise|Surf|p2a: Pecharunt
|-damage|p2a: Pecharunt|0 fnt
|faint|p2a: Pecharunt
|
|-damage|p1a: Blastoise|20/100 tox|[from] psn
|upkeep
|
|t:|1758321437
|switch|p2a: Dragonite|Dragonite, F|100/100
|turn|15
|
|t:|1758321441
|switch|p1a: Corviknight|Corviknight, F|100/100
|-ability|p1a: Corviknight|Pressure
|-terastallize|p2a: Dragonite|Fire
|move|p2a: Dragonite|Scale Shot|p1a: Corviknight
|-resisted|p1a: Corviknight
|-damage|p1a: Corviknight|95/100
|-resisted|p1a: Corviknight
|-damage|p1a: Corviknight|89/100
|-resisted|p1a: Corviknight
|-damage|p1a: Corviknight|85/100
|-resisted|p1a: Corviknight
|-damage|p1a: Corviknight|80/100
|-resisted|p1a: Corviknight
|-damage|p1a: Corviknight|75/100
|-hitcount|p1a: Corviknight|5
|-unboost|p2a: Dragonite|def|1
|-boost|p2a: Dragonite|spe|1
|
|upkeep
|turn|16
|
|t:|1758321449
|move|p2a: Dragonite|Fire Punch|p1a: Corviknight
|-supereffective|p1a: Corviknight
|-damage|p1a: Corviknight|18/100
|-damage|p2a: Dragonite|84/100|[from] item: Rocky Helmet|[of] p1a: Corviknight
|move|p1a: Corviknight|Roost|p1a: Corviknight
|-heal|p1a: Corviknight|68/100
|-singleturn|p1a: Corviknight|move: Roost
|
|upkeep
|turn|17
|
|t:|1758321453
|move|p2a: Dragonite|Encore|p1a: Corviknight
|-start|p1a: Corviknight|Encore
|move|p1a: Corviknight|Roost|p1a: Corviknight
|-heal|p1a: Corviknight|100/100
|-singleturn|p1a: Corviknight|move: Roost
|
|upkeep
|turn|18
|
|t:|1758321460
|switch|p1a: Iron Thorns|Iron Thorns|100/100
|-enditem|p1a: Iron Thorns|Booster Energy
|-activate|p1a: Iron Thorns|ability: Quark Drive|[fromitem]
|-start|p1a: Iron Thorns|quarkdriveatk
|move|p2a: Dragonite|Dragon Dance|p2a: Dragonite
|-boost|p2a: Dragonite|atk|1
|-boost|p2a: Dragonite|spe|1
|
|upkeep
|turn|19
|
|t:|1758321469
|move|p2a: Dragonite|Scale Shot|p1a: Iron Thorns
|-damage|p1a: Iron Thorns|79/100
|-damage|p1a: Iron Thorns|59/100
|-damage|p1a: Iron Thorns|38/100
|-damage|p1a: Iron Thorns|19/100
|-hitcount|p1a: Iron Thorns|4
|-unboost|p2a: Dragonite|def|1
|-boost|p2a: Dragonite|spe|1
|move|p1a: Iron Thorns|Earthquake|p2a: Dragonite
|-supereffective|p2a: Dragonite
|-crit|p2a: Dragonite
|-damage|p2a: Dragonite|0 fnt
|faint|p2a: Dragonite
|
|upkeep
|
|t:|1758321474
|switch|p2a: Ninetales|Ninetales-Alola, M|43/100
|-weather|Snowscape|[from] ability: Snow Warning|[of] p2a: Ninetales
|turn|20
|
|t:|1758321484
|move|p2a: Ninetales|Aurora Veil|p2a: Ninetales
|-sidestart|p2: solstic3|move: Aurora Veil
|move|p1a: Iron Thorns|Dragon Dance|p1a: Iron Thorns
|-boost|p1a: Iron Thorns|atk|1
|-boost|p1a: Iron Thorns|spe|1
|
|-weather|Snowscape|[upkeep]
|upkeep
|turn|21
|
|t:|1758321487
|move|p1a: Iron Thorns|Supercell Slam|p2a: Ninetales
|-damage|p2a: Ninetales|0 fnt
|faint|p2a: Ninetales
|
|-weather|Snowscape|[upkeep]
|upkeep
|
|t:|1758321489
|switch|p2a: Hatterene|Hatterene, F|51/100
|turn|22
|
|t:|1758321490
|move|p1a: Iron Thorns|Supercell Slam|p2a: Hatterene
|-damage|p2a: Hatterene|1/100
|move|p2a: Hatterene|Draining Kiss|p1a: Iron Thorns
|-damage|p1a: Iron Thorns|0 fnt
|-heal|p2a: Hatterene|16/100|[from] drain|[of] p1a: Iron Thorns
|faint|p1a: Iron Thorns
|-end|p1a: Iron Thorns|Quark Drive|[silent]
|
|-weather|Snowscape|[upkeep]
|-heal|p2a: Hatterene|22/100|[from] item: Leftovers
|upkeep
|
|t:|1758321495
|switch|p1a: Meowscarada|Meowscarada, M|100/100
|turn|23
|
|t:|1758321497
|move|p1a: Meowscarada|Flower Trick|p2a: Hatterene
|-start|p1a: Meowscarada|typechange|Grass|[from] ability: Protean
|-crit|p2a: Hatterene
|-damage|p2a: Hatterene|0 fnt
|faint|p2a: Hatterene
|
|win|oreoinabox
|raw|oreoinabox's rating: 1577 &rarr; <strong>1603</strong><br />(+26 for winning)
|raw|solstic3's rating: 1693 &rarr; <strong>1667</strong><br />(-26 for losing)
|l|☆oreoinabox
|player|p1|
|l|☆solstic3
|player|p2|
