|j|☆manupama
|j|☆gooberdoober21
|t:|1758305228
|gametype|singles
|player|p1|manupama|169|1241
|player|p2|gooberdoober21|266|1276
|gen|9
|tier|[Gen 9] OU
|rated|
|rule|HP Percentage Mod: HP is shown in percentages
|rule|Endless Battle Clause: Forcing endless battles is banned
|rule|Species Clause: Limit one of each Pokémon
|rule|OHKO Clause: OHKO moves are banned
|rule|Evasion Items Clause: Evasion items are banned
|rule|Evasion Moves Clause: Evasion moves are banned
|rule|Evasion Abilities Clause: Evasion abilities are banned
|rule|Sleep Moves Clause: Sleep-inducing moves are banned
|clearpoke
|poke|p1|Ambipom, F|
|poke|p1|Landorus-Therian, M|
|poke|p1|Chandelure, M|
|poke|p1|Ogerpon, F|
|poke|p1|Toxapex, M|
|poke|p1|Reuniclus, M|
|poke|p2|Ting-Lu|
|poke|p2|Samurott-Hisui, M|
|poke|p2|Ogerpon-Wellspring, F|
|poke|p2|Great Tusk|
|poke|p2|Gholdengo|
|poke|p2|Moltres|
|teampreview
|inactive|Battle timer is ON: inactive players will automatically lose when time's up. (requested by manupama)
|
|t:|1758305258
|teamsize|p1|6
|teamsize|p2|6
|start
|switch|p1a: Ambipom|Ambipom, F, shiny|100/100
|switch|p2a: Lust|Moltres|100/100
|turn|1
|
|t:|1758305270
|move|p1a: Ambipom|Thunder Wave|p2a: Lust
|-status|p2a: Lust|par
|move|p2a: Lust|Roar|p1a: Ambipom
|drag|p1a: Toxapex|Toxapex, M|100/100
|
|upkeep
|turn|2
|
|t:|1758305281
|move|p2a: Lust|U-turn|p1a: Toxapex
|-resisted|p1a: Toxapex
|-damage|p1a: Toxapex|96/100
|
|t:|1758305291
|switch|p2a: Greed|Gholdengo|100/100|[from] U-turn
|-item|p2a: Greed|Air Balloon
|move|p1a: Toxapex|Sludge Bomb|p2a: Greed
|-immune|p2a: Greed
|
|-heal|p1a: Toxapex|100/100|[from] item: Black Sludge
|upkeep
|turn|3
|
|t:|1758305306
|switch|p1a: Chandelure|Chandelure, M, shiny|100/100
|move|p2a: Greed|Nasty Plot|p2a: Greed
|-boost|p2a: Greed|spa|2
|
|upkeep
|turn|4
|
|t:|1758305317
|-terastallize|p1a: Chandelure|Ghost
|move|p1a: Chandelure|Shadow Ball|p2a: Greed
|-supereffective|p2a: Greed
|-damage|p2a: Greed|0 fnt
|-enditem|p2a: Greed|Air Balloon
|faint|p2a: Greed
|
|upkeep
|
|t:|1758305322
|switch|p2a: Sloth|Ting-Lu, shiny|100/100
|-ability|p2a: Sloth|Vessel of Ruin
|turn|5
|
|t:|1758305336
|switch|p1a: Ogerpon|Ogerpon, F|100/100
|move|p2a: Sloth|Ruination|p1a: Ogerpon|[miss]
|-miss|p2a: Sloth|p1a: Ogerpon
|
|upkeep
|turn|6
|
|t:|1758305343
|move|p1a: Ogerpon|Knock Off|p2a: Sloth
|-resisted|p2a: Sloth
|-damage|p2a: Sloth|87/100
|-enditem|p2a: Sloth|Leftovers|[from] move: Knock Off|[of] p1a: Ogerpon
|move|p2a: Sloth|Whirlwind|p1a: Ogerpon
|drag|p1a: Landorus|Landorus-Therian, M|100/100
|-ability|p1a: Landorus|Intimidate|boost
|-unboost|p2a: Sloth|atk|1
|
|upkeep
|turn|7
|
|t:|1758305352
|move|p1a: Landorus|Taunt|p2a: Sloth
|-start|p2a: Sloth|move: Taunt
|cant|p2a: Sloth|move: Taunt|Stealth Rock
|
|upkeep
|turn|8
|
|t:|1758305357
|move|p1a: Landorus|Stealth Rock|p2a: Sloth
|-sidestart|p2: gooberdoober21|move: Stealth Rock
|move|p2a: Sloth|Ruination|p1a: Landorus
|-damage|p1a: Landorus|50/100
|
|upkeep
|turn|9
|
|t:|1758305362
|move|p1a: Landorus|U-turn|p2a: Sloth
|-supereffective|p2a: Sloth
|-damage|p2a: Sloth|64/100
|
|t:|1758305368
|switch|p1a: Reuniclus|Reuniclus, M|100/100|[from] U-turn
|move|p2a: Sloth|Ruination|p1a: Reuniclus
|-damage|p1a: Reuniclus|50/100
|
|-end|p2a: Sloth|move: Taunt
|upkeep
|turn|10
|
|t:|1758305379
|move|p1a: Reuniclus|Energy Ball|p2a: Sloth
|-supereffective|p2a: Sloth
|-damage|p2a: Sloth|40/100
|move|p2a: Sloth|Whirlwind|p1a: Reuniclus
|drag|p1a: Landorus|Landorus-Therian, M|50/100
|-ability|p1a: Landorus|Intimidate|boost
|-unboost|p2a: Sloth|atk|1
|
|upkeep
|turn|11
|
|t:|1758305390
|switch|p2a: Lust|Moltres|100/100 par
|move|p1a: Landorus|Taunt|p2a: Lust
|-start|p2a: Lust|move: Taunt
|
|upkeep
|turn|12
|
|t:|1758305403
|switch|p1a: Chandelure|Chandelure, M, shiny, tera:Ghost|100/100
|move|p2a: Lust|U-turn|p1a: Chandelure
|-resisted|p1a: Chandelure
|-damage|p1a: Chandelure|91/100
|
|t:|1758305413
|switch|p2a: Pride|Samurott-Hisui, M, shiny|100/100|[from] U-turn
|-damage|p2a: Pride|88/100|[from] Stealth Rock
|
|upkeep
|turn|13
|
|t:|1758305438
|switch|p1a: Toxapex|Toxapex, M|100/100
|-terastallize|p2a: Pride|Poison
|move|p2a: Pride|Ceaseless Edge|p1a: Toxapex
|-damage|p1a: Toxapex|72/100
|-sidestart|p1: manupama|Spikes
|
|-heal|p1a: Toxapex|78/100|[from] item: Black Sludge
|upkeep
|turn|14
|
|t:|1758305449
|switch|p1a: Landorus|Landorus-Therian, M|50/100
|-ability|p1a: Landorus|Intimidate|boost
|-unboost|p2a: Pride|atk|1
|move|p2a: Pride|Knock Off|p1a: Landorus
|-damage|p1a: Landorus|25/100
|-damage|p2a: Pride|72/100|[from] item: Rocky Helmet|[of] p1a: Landorus
|-enditem|p1a: Landorus|Rocky Helmet|[from] move: Knock Off|[of] p2a: Pride
|
|upkeep
|turn|15
|
|t:|1758305462
|move|p2a: Pride|Aqua Jet|p1a: Landorus
|-supereffective|p1a: Landorus
|-damage|p1a: Landorus|6/100
|move|p1a: Landorus|Earthquake|p2a: Pride
|-supereffective|p2a: Pride
|-damage|p2a: Pride|0 fnt
|faint|p2a: Pride
|
|upkeep
|
|t:|1758305471
|switch|p2a: Lust|Moltres|100/100 par
|turn|16
|
|t:|1758305478
|move|p1a: Landorus|Taunt|p2a: Lust
|-start|p2a: Lust|move: Taunt
|move|p2a: Lust|U-turn|p1a: Landorus
|-resisted|p1a: Landorus
|-damage|p1a: Landorus|0 fnt
|faint|p1a: Landorus
|
|t:|1758305484
|switch|p2a: Envy|Ogerpon-Wellspring, F|100/100|[from] U-turn
|-damage|p2a: Envy|88/100|[from] Stealth Rock
|
|upkeep
|
|t:|1758305492
|switch|p1a: Ambipom|Ambipom, F, shiny|100/100
|-damage|p1a: Ambipom|88/100|[from] Spikes
|turn|17
|inactive|gooberdoober21 has 120 seconds left.
|
|t:|1758305529
|move|p1a: Ambipom|Fake Out|p2a: Envy
|-damage|p2a: Envy|36/100
|-damage|p1a: Ambipom|78/100|[from] item: Life Orb
|cant|p2a: Envy|flinch
|
|upkeep
|turn|18
|inactive|gooberdoober21 has 120 seconds left.
|
|t:|1758305540
|switch|p2a: Lust|Moltres|100/100 par
|switch|p1a: Toxapex|Toxapex, M|100/100
|-damage|p1a: Toxapex|88/100|[from] Spikes
|
|-heal|p1a: Toxapex|94/100|[from] item: Black Sludge
|upkeep
|turn|19
|inactive|gooberdoober21 has 120 seconds left.
|
|t:|1758305560
|switch|p2a: Wrath|Great Tusk|100/100
|move|p1a: Toxapex|Toxic|p2a: Wrath
|-status|p2a: Wrath|tox
|
|-heal|p1a: Toxapex|100/100|[from] item: Black Sludge
|-damage|p2a: Wrath|94/100 tox|[from] psn
|upkeep
|turn|20
|
|t:|1758305570
|move|p1a: Toxapex|Baneful Bunker|p1a: Toxapex
|-singleturn|p1a: Toxapex|move: Protect
|move|p2a: Wrath|Headlong Rush|p1a: Toxapex
|-activate|p1a: Toxapex|move: Protect
|
|-damage|p2a: Wrath|82/100 tox|[from] psn
|upkeep
|turn|21
|
|t:|1758305581
|switch|p1a: Reuniclus|Reuniclus, M|84/100
|-damage|p1a: Reuniclus|71/100|[from] Spikes
|move|p2a: Wrath|Ice Spinner|p1a: Reuniclus
|-damage|p1a: Reuniclus|49/100
|
|-damage|p2a: Wrath|63/100 tox|[from] psn
|upkeep
|turn|22
|inactive|gooberdoober21 has 120 seconds left.
|
|t:|1758305601
|move|p2a: Wrath|Knock Off|p1a: Reuniclus
|-supereffective|p1a: Reuniclus
|-damage|p1a: Reuniclus|0 fnt
|-enditem|p1a: Reuniclus|Assault Vest|[from] move: Knock Off|[of] p2a: Wrath
|faint|p1a: Reuniclus
|
|-damage|p2a: Wrath|39/100 tox|[from] psn
|upkeep
|
|t:|1758305608
|switch|p1a: Ambipom|Ambipom, F, shiny|78/100
|-damage|p1a: Ambipom|66/100|[from] Spikes
|turn|23
|
|t:|1758305618
|-end|p2a: Wrath|Protosynthesis|[silent]
|switch|p2a: Lust|Moltres|100/100 par
|move|p1a: Ambipom|Fake Out|p2a: Lust
|-damage|p2a: Lust|75/100 par
|-status|p1a: Ambipom|brn|[from] ability: Flame Body|[of] p2a: Lust
|-damage|p1a: Ambipom|56/100 brn|[from] item: Life Orb
|
|-damage|p1a: Ambipom|50/100 brn|[from] brn
|upkeep
|turn|24
|inactive|gooberdoober21 has 120 seconds left.
|
|t:|1758305662
|move|p1a: Ambipom|Knock Off|p2a: Lust
|-damage|p2a: Lust|62/100 par
|-enditem|p2a: Lust|Heavy-Duty Boots|[from] move: Knock Off|[of] p1a: Ambipom
|-damage|p1a: Ambipom|40/100 brn|[from] item: Life Orb
|move|p2a: Lust|Flamethrower|p1a: Ambipom
|-damage|p1a: Ambipom|0 fnt
|faint|p1a: Ambipom
|
|upkeep
|
|t:|1758305681
|switch|p1a: Chandelure|Chandelure, M, shiny, tera:Ghost|91/100
|-damage|p1a: Chandelure|78/100|[from] Spikes
|turn|25
|
|t:|1758305687
|move|p1a: Chandelure|Shadow Ball|p2a: Lust
|-damage|p2a: Lust|0 fnt
|faint|p2a: Lust
|
|upkeep
|
|t:|1758305700
|switch|p2a: Wrath|Great Tusk|39/100 tox
|turn|26
|
|t:|1758305707
|move|p1a: Chandelure|Shadow Ball|p2a: Wrath
|-damage|p2a: Wrath|0 fnt
|faint|p2a: Wrath
|-end|p2a: Wrath|Protosynthesis|[silent]
|
|upkeep
|
|t:|1758305711
|switch|p2a: Envy|Ogerpon-Wellspring, F|36/100
|-damage|p2a: Envy|24/100|[from] Stealth Rock
|turn|27
|
|t:|1758305715
|move|p1a: Chandelure|Shadow Ball|p2a: Envy
|-damage|p2a: Envy|0 fnt
|faint|p2a: Envy
|
|upkeep
|
|t:|1758305718
|switch|p2a: Sloth|Ting-Lu, shiny|40/100
|-damage|p2a: Sloth|34/100|[from] Stealth Rock
|-ability|p2a: Sloth|Vessel of Ruin
|turn|28
|
|t:|1758305724
|switch|p1a: Ogerpon|Ogerpon, F|100/100
|-damage|p1a: Ogerpon|88/100|[from] Spikes
|move|p2a: Sloth|Earthquake|p1a: Ogerpon
|-resisted|p1a: Ogerpon
|-damage|p1a: Ogerpon|64/100
|
|upkeep
|turn|29
|
|t:|1758305733
|move|p1a: Ogerpon|Ivy Cudgel|p2a: Sloth
|-supereffective|p2a: Sloth
|-damage|p2a: Sloth|0 fnt
|faint|p2a: Sloth
|
|win|manupama
|raw|manupama's rating: 1241 &rarr; <strong>1269</strong><br />(+28 for winning)
|raw|gooberdoober21's rating: 1276 &rarr; <strong>1248</strong><br />(-28 for losing)
|l|☆gooberdoober21
|player|p2|
