|j|☆Bicasu2
|j|☆LuthStar
|t:|1758290756
|gametype|singles
|player|p1|Bicasu2|170|1126
|player|p2|LuthStar|ethan|1159
|gen|9
|tier|[Gen 9] OU
|rated|
|rule|HP Percentage Mod: HP is shown in percentages
|rule|Endless Battle Clause: Forcing endless battles is banned
|rule|Species Clause: Limit one of each Pokémon
|rule|OHKO Clause: OHKO moves are banned
|rule|Evasion Items Clause: Evasion items are banned
|rule|Evasion Moves Clause: Evasion moves are banned
|rule|Evasion Abilities Clause: Evasion abilities are banned
|rule|Sleep Moves Clause: Sleep-inducing moves are banned
|clearpoke
|poke|p1|Garganacl, F|
|poke|p1|Gholdengo|
|poke|p1|Azumarill, F|
|poke|p1|Umbreon, F|
|poke|p1|Venusaur, M|
|poke|p1|Rotom-Heat|
|poke|p2|Typhlosion, M|
|poke|p2|Donphan, M|
|poke|p2|Azumarill, F|
|poke|p2|Espeon, F|
|poke|p2|Hitmontop, M|
|poke|p2|Scizor, M|
|teampreview
|inactive|Battle timer is ON: inactive players will automatically lose when time's up. (requested by Bicasu2)
|
|t:|1758290772
|teamsize|p1|6
|teamsize|p2|6
|start
|switch|p1a: Garganacl|Garganacl, F|100/100
|switch|p2a: Donphan|Donphan, M|100/100
|turn|1
|
|t:|1758290786
|switch|p2a: Espeon|Espeon, F|100/100
|move|p1a: Garganacl|Stealth Rock|p2a: Espeon
|move|p2a: Espeon|Stealth Rock|p1a: Garganacl|[from] ability: Magic Bounce
|-sidestart|p1: Bicasu2|move: Stealth Rock
|
|upkeep
|turn|2
|
|t:|1758290793
|move|p2a: Espeon|Trick|p1a: Garganacl
|-activate|p2a: Espeon|move: Trick|[of] p1a: Garganacl
|-item|p1a: Garganacl|Choice Specs|[from] move: Trick
|-item|p2a: Espeon|Rocky Helmet|[from] move: Trick
|move|p1a: Garganacl|Salt Cure|p2a: Espeon
|-damage|p2a: Espeon|73/100
|-start|p2a: Espeon|Salt Cure
|
|-damage|p2a: Espeon|60/100|[from] Salt Cure
|upkeep
|turn|3
|
|t:|1758290813
|switch|p1a: Umbreon|Umbreon, F|100/100
|-damage|p1a: Umbreon|88/100|[from] Stealth Rock
|move|p2a: Espeon|Psychic|p1a: Umbreon
|-immune|p1a: Umbreon
|
|-heal|p1a: Umbreon|94/100|[from] item: Leftovers
|-damage|p2a: Espeon|48/100|[from] Salt Cure
|upkeep
|turn|4
|
|t:|1758290830
|switch|p2a: Hitmontop|Hitmontop, M|100/100
|move|p1a: Umbreon|Wish|p1a: Umbreon
|
|-heal|p1a: Umbreon|99/100|[from] item: Leftovers
|upkeep
|turn|5
|
|t:|1758290842
|switch|p2a: Typhlosion|Typhlosion, M|100/100
|switch|p1a: Azumarill|Azumarill, F|100/100
|-damage|p1a: Azumarill|88/100|[from] Stealth Rock
|
|-heal|p1a: Azumarill|100/100|[from] move: Wish|[wisher] Umbreon
|upkeep
|turn|6
|
|t:|1758290851
|move|p2a: Typhlosion|Will-O-Wisp|p1a: Azumarill|[miss]
|-miss|p2a: Typhlosion|p1a: Azumarill
|move|p1a: Azumarill|Liquidation|p2a: Typhlosion
|-supereffective|p2a: Typhlosion
|-damage|p2a: Typhlosion|0 fnt
|faint|p2a: Typhlosion
|
|upkeep
|
|t:|1758290863
|switch|p2a: Azumarill|Azumarill, F|100/100
|turn|7
|
|t:|1758290868
|switch|p1a: Venusaur|Venusaur, M|100/100
|-damage|p1a: Venusaur|88/100|[from] Stealth Rock
|move|p2a: Azumarill|Play Rough|p1a: Venusaur
|-resisted|p1a: Venusaur
|-damage|p1a: Venusaur|60/100
|
|-heal|p1a: Venusaur|66/100|[from] item: Black Sludge
|upkeep
|turn|8
|
|t:|1758290877
|switch|p2a: Espeon|Espeon, F|48/100
|move|p1a: Venusaur|Giga Drain|p2a: Espeon
|-damage|p2a: Espeon|16/100
|-heal|p1a: Venusaur|78/100|[from] drain|[of] p2a: Espeon
|
|-heal|p1a: Venusaur|84/100|[from] item: Black Sludge
|upkeep
|turn|9
|
|t:|1758290885
|switch|p1a: Umbreon|Umbreon, F|99/100
|-damage|p1a: Umbreon|88/100|[from] Stealth Rock
|move|p2a: Espeon|Calm Mind|p2a: Espeon
|-boost|p2a: Espeon|spa|1
|-boost|p2a: Espeon|spd|1
|
|-heal|p1a: Umbreon|94/100|[from] item: Leftovers
|upkeep
|turn|10
|
|t:|1758290893
|-terastallize|p2a: Espeon|Fairy
|move|p2a: Espeon|Tera Blast|p1a: Umbreon|[anim] Tera Blast Fairy
|-supereffective|p1a: Umbreon
|-damage|p1a: Umbreon|24/100
|move|p1a: Umbreon|Snarl|p2a: Espeon
|-resisted|p2a: Espeon
|-damage|p2a: Espeon|11/100
|-unboost|p2a: Espeon|spa|1
|
|-heal|p1a: Umbreon|30/100|[from] item: Leftovers
|upkeep
|turn|11
|
|t:|1758290904
|move|p2a: Espeon|Tera Blast|p1a: Umbreon|[anim] Tera Blast Fairy
|-supereffective|p1a: Umbreon
|-damage|p1a: Umbreon|0 fnt
|faint|p1a: Umbreon
|
|upkeep
|
|t:|1758290907
|switch|p1a: Gholdengo|Gholdengo|100/100
|-damage|p1a: Gholdengo|94/100|[from] Stealth Rock
|turn|12
|
|t:|1758290916
|move|p2a: Espeon|Psychic|p1a: Gholdengo
|-resisted|p1a: Gholdengo
|-damage|p1a: Gholdengo|66/100
|move|p1a: Gholdengo|Shadow Ball|p2a: Espeon
|-damage|p2a: Espeon|0 fnt
|faint|p2a: Espeon
|-damage|p1a: Gholdengo|56/100|[from] item: Life Orb
|
|upkeep
|
|t:|1758290924
|switch|p2a: Donphan|Donphan, M|100/100
|turn|13
|
|t:|1758290939
|switch|p1a: Rotom|Rotom-Heat|100/100
|switch|p2a: Azumarill|Azumarill, F|100/100
|
|upkeep
|turn|14
|
|t:|1758290948
|switch|p2a: Donphan|Donphan, M|100/100
|move|p1a: Rotom|Volt Switch|p2a: Donphan
|-immune|p2a: Donphan
|
|upkeep
|turn|15
|
|t:|1758290958
|move|p1a: Rotom|Will-O-Wisp|p2a: Donphan
|-status|p2a: Donphan|brn
|move|p2a: Donphan|Ice Spinner|p1a: Rotom
|-resisted|p1a: Rotom
|-crit|p1a: Rotom
|-damage|p1a: Rotom|92/100
|
|-damage|p2a: Donphan|94/100 brn|[from] brn
|upkeep
|turn|16
|
|t:|1758290974
|switch|p2a: Hitmontop|Hitmontop, M|100/100
|move|p1a: Rotom|Will-O-Wisp|p2a: Hitmontop
|-status|p2a: Hitmontop|brn
|
|-damage|p2a: Hitmontop|94/100 brn|[from] brn
|upkeep
|turn|17
|
|t:|1758290983
|move|p1a: Rotom|Volt Switch|p2a: Hitmontop
|-damage|p2a: Hitmontop|60/100 brn
|-message|LuthStar forfeited.
|
|win|Bicasu2
|raw|Bicasu2's rating: 1126 &rarr; <strong>1153</strong><br />(+27 for winning)
|raw|LuthStar's rating: 1159 &rarr; <strong>1132</strong><br />(-27 for losing)
|l|☆LuthStar
|player|p2|
