|j|☆Elite4Azure
|j|☆Fufumonn
|t:|1758242704
|gametype|singles
|player|p1|Elite4Azure|falkner|1211
|player|p2|Fufumonn|iris-gen5bw2|1206
|gen|9
|tier|[Gen 9] OU
|rated|
|rule|HP Percentage Mod: HP is shown in percentages
|rule|Endless Battle Clause: Forcing endless battles is banned
|rule|Species Clause: Limit one of each Pokémon
|rule|OHKO Clause: OHKO moves are banned
|rule|Evasion Items Clause: Evasion items are banned
|rule|Evasion Moves Clause: Evasion moves are banned
|rule|Evasion Abilities Clause: Evasion abilities are banned
|rule|Sleep Moves Clause: Sleep-inducing moves are banned
|clearpoke
|poke|p1|Froslass, F|
|poke|p1|Garganacl, F|
|poke|p1|Scrafty, F|
|poke|p1|Bellibolt, F|
|poke|p1|Tsareena, F|
|poke|p1|Revavroom, M|
|poke|p2|Chesnaught, M|
|poke|p2|Arboliva, F|
|poke|p2|Glimmora, M|
|poke|p2|Alomomola, M|
|poke|p2|Gholdengo|
|poke|p2|Weavile, F|
|teampreview
|
|t:|1758242713
|teamsize|p1|6
|teamsize|p2|6
|start
|switch|p1a: Froslass|Froslass, F|100/100
|switch|p2a: Glimmora|Glimmora, M|100/100
|turn|1
|
|t:|1758242717
|move|p1a: Froslass|Will-O-Wisp|p2a: Glimmora
|-status|p2a: Glimmora|brn
|move|p2a: Glimmora|Stealth Rock|p1a: Froslass
|-sidestart|p1: Elite4Azure|move: Stealth Rock
|
|-damage|p2a: Glimmora|94/100 brn|[from] brn
|upkeep
|turn|2
|
|t:|1758242721
|move|p1a: Froslass|Hex|p2a: Glimmora
|-damage|p2a: Glimmora|31/100 brn
|move|p2a: Glimmora|Mortal Spin|p1a: Froslass
|-resisted|p1a: Froslass
|-damage|p1a: Froslass|98/100
|-status|p1a: Froslass|psn
|-start|p2a: Glimmora|Disable|Mortal Spin|[from] ability: Cursed Body|[of] p1a: Froslass
|
|-damage|p1a: Froslass|85/100 psn|[from] psn
|-damage|p2a: Glimmora|25/100 brn|[from] brn
|upkeep
|turn|3
|-enditem|p2a: Glimmora|Custap Berry|[eat]
|-activate|p2a: Glimmora|item: Custap Berry|[consumed]
|
|t:|1758242728
|move|p2a: Glimmora|Memento|p1a: Froslass
|-unboost|p1a: Froslass|atk|2
|-unboost|p1a: Froslass|spa|2
|faint|p2a: Glimmora
|move|p1a: Froslass|Icy Wind|p2: Glimmora|[notarget]
|-fail|p1a: Froslass
|
|-damage|p1a: Froslass|73/100 psn|[from] psn
|upkeep
|
|t:|1758242737
|switch|p2a: Arboliva|Arboliva, F|100/100
|turn|4
|
|t:|1758242748
|switch|p1a: Revavroom|Revavroom, M|100/100
|-damage|p1a: Revavroom|95/100|[from] Stealth Rock
|move|p2a: Arboliva|Leech Seed|p1a: Revavroom
|-start|p1a: Revavroom|move: Leech Seed
|
|-heal|p1a: Revavroom|100/100|[from] item: Black Sludge
|-damage|p1a: Revavroom|88/100|[from] Leech Seed|[of] p2a: Arboliva
|upkeep
|turn|5
|
|t:|1758242750
|move|p1a: Revavroom|Shift Gear|p1a: Revavroom
|-boost|p1a: Revavroom|spe|2
|-boost|p1a: Revavroom|atk|1
|move|p2a: Arboliva|Hyper Voice|p1a: Revavroom
|-resisted|p1a: Revavroom
|-damage|p1a: Revavroom|66/100
|
|-heal|p1a: Revavroom|72/100|[from] item: Black Sludge
|-damage|p1a: Revavroom|60/100|[from] Leech Seed|[of] p2a: Arboliva
|upkeep
|turn|6
|
|t:|1758242755
|move|p1a: Revavroom|Poison Jab|p2a: Arboliva
|-supereffective|p2a: Arboliva
|-damage|p2a: Arboliva|5/100
|-fieldstart|move: Grassy Terrain|[from] ability: Seed Sower|[of] p2a: Arboliva
|move|p2a: Arboliva|Strength Sap|p1a: Revavroom
|-unboost|p1a: Revavroom|atk|1
|-heal|p2a: Arboliva|100/100
|
|-heal|p1a: Revavroom|66/100|[from] Grassy Terrain
|-heal|p1a: Revavroom|72/100|[from] item: Black Sludge
|-damage|p1a: Revavroom|60/100|[from] Leech Seed|[of] p2a: Arboliva
|upkeep
|turn|7
|
|t:|1758242760
|move|p1a: Revavroom|Shift Gear|p1a: Revavroom
|-boost|p1a: Revavroom|spe|2
|-boost|p1a: Revavroom|atk|1
|move|p2a: Arboliva|Hyper Voice|p1a: Revavroom
|-resisted|p1a: Revavroom
|-damage|p1a: Revavroom|39/100
|
|-heal|p1a: Revavroom|45/100|[from] Grassy Terrain
|-heal|p1a: Revavroom|51/100|[from] item: Black Sludge
|-damage|p1a: Revavroom|39/100|[from] Leech Seed|[of] p2a: Arboliva
|upkeep
|turn|8
|
|t:|1758242765
|move|p1a: Revavroom|Poison Jab|p2a: Arboliva
|-supereffective|p2a: Arboliva
|-damage|p2a: Arboliva|0 fnt
|faint|p2a: Arboliva
|
|-heal|p1a: Revavroom|45/100|[from] Grassy Terrain
|-heal|p1a: Revavroom|51/100|[from] item: Black Sludge
|upkeep
|
|t:|1758242768
|switch|p2a: Chesnaught|Chesnaught, M|100/100
|turn|9
|
|t:|1758242771
|-terastallize|p2a: Chesnaught|Water
|move|p1a: Revavroom|Shift Gear|p1a: Revavroom
|-boost|p1a: Revavroom|spe|2
|-boost|p1a: Revavroom|atk|1
|move|p2a: Chesnaught|Belly Drum|p2a: Chesnaught
|-damage|p2a: Chesnaught|50/100
|-setboost|p2a: Chesnaught|atk|6|[from] move: Belly Drum
|-enditem|p2a: Chesnaught|Sitrus Berry|[eat]
|-heal|p2a: Chesnaught|75/100|[from] item: Sitrus Berry
|
|-heal|p1a: Revavroom|57/100|[from] Grassy Terrain
|-heal|p1a: Revavroom|63/100|[from] item: Black Sludge
|-heal|p2a: Chesnaught|82/100|[from] Grassy Terrain
|-damage|p1a: Revavroom|51/100|[from] Leech Seed|[of] p2a: Chesnaught
|-heal|p2a: Chesnaught|91/100|[silent]
|upkeep
|turn|10
|
|t:|1758242783
|move|p1a: Revavroom|Poison Jab|p2a: Chesnaught
|-damage|p2a: Chesnaught|45/100
|move|p2a: Chesnaught|Drain Punch|p1a: Revavroom
|-damage|p1a: Revavroom|0 fnt
|-heal|p2a: Chesnaught|65/100|[from] drain|[of] p1a: Revavroom
|faint|p1a: Revavroom
|
|-heal|p2a: Chesnaught|71/100|[from] Grassy Terrain
|upkeep
|
|t:|1758242789
|switch|p1a: Froslass|Froslass, F|73/100 psn
|-damage|p1a: Froslass|48/100 psn|[from] Stealth Rock
|turn|11
|
|t:|1758242794
|move|p2a: Chesnaught|Grassy Glide|p1a: Froslass
|-damage|p1a: Froslass|0 fnt
|faint|p1a: Froslass
|
|-heal|p2a: Chesnaught|77/100|[from] Grassy Terrain
|upkeep
|
|t:|1758242799
|switch|p1a: Tsareena|Tsareena, F|100/100
|turn|12
|
|t:|1758242804
|move|p1a: Tsareena|Trop Kick|p2a: Chesnaught
|-supereffective|p2a: Chesnaught
|-damage|p2a: Chesnaught|17/100
|-unboost|p2a: Chesnaught|atk|1
|move|p2a: Chesnaught|Drain Punch|p1a: Tsareena
|-damage|p1a: Tsareena|0 fnt
|-heal|p2a: Chesnaught|54/100|[from] drain|[of] p1a: Tsareena
|faint|p1a: Tsareena
|
|-heal|p2a: Chesnaught|60/100|[from] Grassy Terrain
|upkeep
|
|t:|1758242813
|switch|p1a: Garganacl|Garganacl, F|100/100
|-damage|p1a: Garganacl|88/100|[from] Stealth Rock
|turn|13
|
|t:|1758242816
|-terastallize|p1a: Garganacl|Ghost
|move|p2a: Chesnaught|Drain Punch|p1a: Garganacl
|-immune|p1a: Garganacl
|move|p1a: Garganacl|Salt Cure|p2a: Chesnaught
|-damage|p2a: Chesnaught|49/100
|-start|p2a: Chesnaught|Salt Cure
|
|-heal|p2a: Chesnaught|55/100|[from] Grassy Terrain
|-heal|p1a: Garganacl|94/100|[from] Grassy Terrain
|-heal|p1a: Garganacl|100/100|[from] item: Leftovers
|-damage|p2a: Chesnaught|30/100|[from] Salt Cure
|-fieldend|move: Grassy Terrain
|upkeep
|turn|14
|
|t:|1758242819
|move|p2a: Chesnaught|Grassy Glide|p1a: Garganacl
|-damage|p1a: Garganacl|12/100
|move|p1a: Garganacl|Iron Defense|p1a: Garganacl
|-boost|p1a: Garganacl|def|2
|
|-heal|p1a: Garganacl|18/100|[from] item: Leftovers
|-damage|p2a: Chesnaught|5/100|[from] Salt Cure
|upkeep
|turn|15
|
|t:|1758242824
|move|p2a: Chesnaught|Grassy Glide|p1a: Garganacl
|-crit|p1a: Garganacl
|-damage|p1a: Garganacl|0 fnt
|faint|p1a: Garganacl
|
|-damage|p2a: Chesnaught|0 fnt|[from] Salt Cure
|faint|p2a: Chesnaught
|upkeep
|
|t:|1758242835
|switch|p2a: Gholdengo|Gholdengo|100/100
|switch|p1a: Bellibolt|Bellibolt, F|100/100
|-item|p2a: Gholdengo|Air Balloon
|-damage|p1a: Bellibolt|88/100|[from] Stealth Rock
|turn|16
|
|t:|1758242840
|move|p2a: Gholdengo|Nasty Plot|p2a: Gholdengo
|-boost|p2a: Gholdengo|spa|2
|move|p1a: Bellibolt|Parabolic Charge|p2a: Gholdengo
|-damage|p2a: Gholdengo|66/100
|-heal|p1a: Bellibolt|100/100|[from] drain|[of] p2a: Gholdengo
|-enditem|p2a: Gholdengo|Air Balloon
|
|upkeep
|turn|17
|
|t:|1758242847
|move|p2a: Gholdengo|Shadow Ball|p1a: Bellibolt
|-damage|p1a: Bellibolt|26/100
|-unboost|p1a: Bellibolt|spd|1
|-start|p1a: Bellibolt|Charge|Shadow Ball|[from] ability: Electromorphosis
|move|p1a: Bellibolt|Parabolic Charge|p2a: Gholdengo
|-damage|p2a: Gholdengo|1/100
|-heal|p1a: Bellibolt|54/100|[from] drain|[of] p2a: Gholdengo
|-end|p1a: Bellibolt|Charge|[silent]
|
|upkeep
|turn|18
|
|t:|1758242854
|move|p2a: Gholdengo|Shadow Ball|p1a: Bellibolt
|-damage|p1a: Bellibolt|0 fnt
|faint|p1a: Bellibolt
|
|upkeep
|
|t:|1758242857
|switch|p1a: Scrafty|Scrafty, F|100/100
|-damage|p1a: Scrafty|95/100|[from] Stealth Rock
|-ability|p1a: Scrafty|Intimidate|boost
|-unboost|p2a: Gholdengo|atk|1
|turn|19
|
|t:|1758242859
|move|p2a: Gholdengo|Make It Rain|p1a: Scrafty
|-damage|p1a: Scrafty|6/100
|-unboost|p2a: Gholdengo|spa|1
|move|p1a: Scrafty|Knock Off|p2a: Gholdengo
|-supereffective|p2a: Gholdengo
|-damage|p2a: Gholdengo|0 fnt
|faint|p2a: Gholdengo
|
|upkeep
|
|t:|1758242865
|switch|p2a: Weavile|Weavile, F|100/100
|-ability|p2a: Weavile|Pressure
|turn|20
|
|t:|1758242868
|move|p2a: Weavile|Ice Shard|p1a: Scrafty
|-damage|p1a: Scrafty|0 fnt
|faint|p1a: Scrafty
|-damage|p2a: Weavile|91/100|[from] item: Life Orb
|
|win|Fufumonn
|raw|Elite4Azure's rating: 1211 &rarr; <strong>1186</strong><br />(-25 for losing)
|raw|Fufumonn's rating: 1206 &rarr; <strong>1231</strong><br />(+25 for winning)
|l|☆Elite4Azure
|player|p1|
|l|☆Fufumonn
|player|p2|
