|j|☆bena13
|j|☆gianni189
|t:|1758285688
|gametype|singles
|player|p1|bena13|2|1288
|player|p2|gianni189|2|1351
|gen|9
|tier|[Gen 9] OU
|rated|
|rule|HP Percentage Mod: HP is shown in percentages
|rule|Endless Battle Clause: Forcing endless battles is banned
|rule|Species Clause: Limit one of each Pokémon
|rule|OHKO Clause: OHKO moves are banned
|rule|Evasion Items Clause: Evasion items are banned
|rule|Evasion Moves Clause: Evasion moves are banned
|rule|Evasion Abilities Clause: Evasion abilities are banned
|rule|Sleep Moves Clause: Sleep-inducing moves are banned
|clearpoke
|poke|p1|Spiritomb, M|
|poke|p1|Okidogi, M|
|poke|p1|Gastrodon, F|
|poke|p1|Vileplume, M|
|poke|p1|Salazzle, F|
|poke|p1|Regidrago|
|poke|p2|Great Tusk|
|poke|p2|Kingambit, F|
|poke|p2|Ogerpon-Wellspring, F|
|poke|p2|Iron Moth|
|poke|p2|Kyurem|
|poke|p2|Gholdengo|
|teampreview
|
|t:|1758285693
|teamsize|p1|6
|teamsize|p2|6
|start
|switch|p1a: Salazzle|Salazzle, F|100/100
|switch|p2a: Great Tusk|Great Tusk|100/100
|turn|1
|inactive|Battle timer is ON: inactive players will automatically lose when time's up. (requested by gianni189)
|
|t:|1758285709
|-terastallize|p1a: Salazzle|Water
|move|p1a: Salazzle|Tera Blast|p2a: Great Tusk|[anim] Tera Blast Water
|-supereffective|p2a: Great Tusk
|-damage|p2a: Great Tusk|0 fnt
|faint|p2a: Great Tusk
|-end|p2a: Great Tusk|Protosynthesis|[silent]
|-damage|p1a: Salazzle|91/100|[from] item: Life Orb
|
|upkeep
|inactive|gianni189 has 120 seconds left.
|
|t:|1758285751
|switch|p2a: Ogerpon|Ogerpon-Wellspring, F|100/100
|turn|2
|
|t:|1758285754
|-terastallize|p2a: Ogerpon|Water
|detailschange|p2a: Ogerpon|Ogerpon-Wellspring-Tera, F, tera:Water
|-ability|p2a: Ogerpon|Embody Aspect (Wellspring)|boost
|-boost|p2a: Ogerpon|spd|1
|move|p1a: Salazzle|Substitute|p1a: Salazzle
|-start|p1a: Salazzle|Substitute
|-damage|p1a: Salazzle|66/100
|move|p2a: Ogerpon|Horn Leech|p1a: Salazzle
|-supereffective|p1a: Salazzle
|-end|p1a: Salazzle|Substitute
|
|upkeep
|turn|3
|
|t:|1758285765
|switch|p1a: Vileplume|Vileplume, M|100/100
|move|p2a: Ogerpon|Horn Leech|p1a: Vileplume
|-resisted|p1a: Vileplume
|-damage|p1a: Vileplume|92/100
|
|upkeep
|turn|4
|
|t:|1758285780
|switch|p2a: Iron Moth|Iron Moth|100/100
|-enditem|p2a: Iron Moth|Booster Energy
|-activate|p2a: Iron Moth|ability: Quark Drive|[fromitem]
|-start|p2a: Iron Moth|quarkdrivespe
|move|p1a: Vileplume|Leech Seed|p2a: Iron Moth
|-start|p2a: Iron Moth|move: Leech Seed
|
|-damage|p2a: Iron Moth|88/100|[from] Leech Seed|[of] p1a: Vileplume
|-heal|p1a: Vileplume|100/100|[silent]
|upkeep
|turn|5
|
|t:|1758285792
|switch|p1a: Gastrodon|Gastrodon, F|100/100
|move|p2a: Iron Moth|Substitute|p2a: Iron Moth
|-start|p2a: Iron Moth|Substitute
|-damage|p2a: Iron Moth|63/100
|
|-damage|p2a: Iron Moth|51/100|[from] Leech Seed|[of] p1a: Gastrodon
|upkeep
|turn|6
|
|t:|1758285813
|-end|p2a: Iron Moth|Quark Drive|[silent]
|switch|p2a: Kyurem|Kyurem|100/100
|-ability|p2a: Kyurem|Pressure
|move|p1a: Gastrodon|Earth Power|p2a: Kyurem
|-damage|p2a: Kyurem|60/100
|
|upkeep
|turn|7
|
|t:|1758285833
|switch|p1a: Okidogi|Okidogi, M|100/100
|move|p2a: Kyurem|Freeze-Dry|p1a: Okidogi
|-damage|p1a: Okidogi|73/100
|
|-heal|p1a: Okidogi|79/100|[from] item: Leftovers
|upkeep
|turn|8
|
|t:|1758285846
|move|p2a: Kyurem|Earth Power|p1a: Okidogi
|-supereffective|p1a: Okidogi
|-crit|p1a: Okidogi
|-damage|p1a: Okidogi|7/100
|move|p1a: Okidogi|Drain Punch|p2a: Kyurem
|-supereffective|p2a: Kyurem
|-damage|p2a: Kyurem|0 fnt
|-heal|p1a: Okidogi|38/100|[from] drain|[of] p2a: Kyurem
|faint|p2a: Kyurem
|
|-heal|p1a: Okidogi|44/100|[from] item: Leftovers
|upkeep
|
|t:|1758285860
|switch|p2a: Ogerpon|Ogerpon-Wellspring-Tera, F, tera:Water|100/100
|-ability|p2a: Ogerpon|Embody Aspect (Wellspring)|boost
|-boost|p2a: Ogerpon|spd|1
|turn|9
|
|t:|1758285868
|switch|p1a: Vileplume|Vileplume, M|100/100
|move|p2a: Ogerpon|Ivy Cudgel|p1a: Vileplume|[anim] Ivy Cudgel Water
|-resisted|p1a: Vileplume
|-damage|p1a: Vileplume|71/100
|
|upkeep
|turn|10
|
|t:|1758285878
|switch|p2a: Iron Moth|Iron Moth|51/100
|move|p1a: Vileplume|Leech Seed|p2a: Iron Moth
|-start|p2a: Iron Moth|move: Leech Seed
|
|-damage|p2a: Iron Moth|39/100|[from] Leech Seed|[of] p1a: Vileplume
|-heal|p1a: Vileplume|82/100|[silent]
|upkeep
|turn|11
|
|t:|1758285887
|-end|p2a: Iron Moth|Quark Drive|[silent]
|switch|p2a: Ogerpon|Ogerpon-Wellspring-Tera, F, tera:Water|100/100
|-ability|p2a: Ogerpon|Embody Aspect (Wellspring)|boost
|-boost|p2a: Ogerpon|spd|1
|switch|p1a: Gastrodon|Gastrodon, F|100/100
|
|upkeep
|turn|12
|
|t:|1758285910
|switch|p1a: Vileplume|Vileplume, M|82/100
|move|p2a: Ogerpon|Swords Dance|p2a: Ogerpon
|-boost|p2a: Ogerpon|atk|2
|
|upkeep
|turn|13
|
|t:|1758285926
|move|p2a: Ogerpon|Ivy Cudgel|p1a: Vileplume|[anim] Ivy Cudgel Water
|-resisted|p1a: Vileplume
|-damage|p1a: Vileplume|17/100
|move|p1a: Vileplume|Strength Sap|p2a: Ogerpon
|-unboost|p2a: Ogerpon|atk|1
|-heal|p1a: Vileplume|100/100
|
|upkeep
|turn|14
|
|t:|1758285948
|switch|p2a: Kingambit|Kingambit, F|100/100
|-activate|p2a: Kingambit|ability: Supreme Overlord
|-start|p2a: Kingambit|fallen2|[silent]
|move|p1a: Vileplume|Charm|p2a: Kingambit
|-unboost|p2a: Kingambit|atk|2
|
|upkeep
|turn|15
|
|t:|1758285958
|-end|p2a: Kingambit|fallen2|[silent]
|switch|p2a: Iron Moth|Iron Moth|39/100
|move|p1a: Vileplume|Leech Seed|p2a: Iron Moth
|-start|p2a: Iron Moth|move: Leech Seed
|
|-damage|p2a: Iron Moth|26/100|[from] Leech Seed|[of] p1a: Vileplume
|upkeep
|turn|16
|
|t:|1758285967
|-end|p2a: Iron Moth|Quark Drive|[silent]
|switch|p2a: Gholdengo|Gholdengo|100/100
|-item|p2a: Gholdengo|Air Balloon
|switch|p1a: Gastrodon|Gastrodon, F|100/100
|
|upkeep
|turn|17
|
|t:|1758285980
|switch|p2a: Ogerpon|Ogerpon-Wellspring-Tera, F, tera:Water|100/100
|-ability|p2a: Ogerpon|Embody Aspect (Wellspring)|boost
|-boost|p2a: Ogerpon|spd|1
|move|p1a: Gastrodon|Ice Beam|p2a: Ogerpon
|-resisted|p2a: Ogerpon
|-crit|p2a: Ogerpon
|-damage|p2a: Ogerpon|76/100
|
|upkeep
|turn|18
|
|t:|1758285993
|switch|p1a: Vileplume|Vileplume, M|100/100
|move|p2a: Ogerpon|Horn Leech|p1a: Vileplume
|-resisted|p1a: Vileplume
|-damage|p1a: Vileplume|92/100
|-heal|p2a: Ogerpon|81/100|[from] drain|[of] p1a: Vileplume
|-status|p2a: Ogerpon|slp|[from] ability: Effect Spore|[of] p1a: Vileplume
|
|upkeep
|turn|19
|
|t:|1758286006
|cant|p2a: Ogerpon|slp
|move|p1a: Vileplume|Leech Seed|p2a: Ogerpon
|-start|p2a: Ogerpon|move: Leech Seed
|
|-damage|p2a: Ogerpon|69/100 slp|[from] Leech Seed|[of] p1a: Vileplume
|-heal|p1a: Vileplume|100/100|[silent]
|upkeep
|turn|20
|
|t:|1758286014
|switch|p2a: Gholdengo|Gholdengo|100/100
|-item|p2a: Gholdengo|Air Balloon
|move|p1a: Vileplume|Giga Drain|p2a: Gholdengo
|-resisted|p2a: Gholdengo
|-damage|p2a: Gholdengo|83/100
|-enditem|p2a: Gholdengo|Air Balloon
|
|upkeep
|turn|21
|
|t:|1758286035
|switch|p1a: Gastrodon|Gastrodon, F|100/100
|move|p2a: Gholdengo|Shadow Ball|p1a: Gastrodon
|-damage|p1a: Gastrodon|71/100
|
|upkeep
|turn|22
|
|t:|1758286046
|move|p2a: Gholdengo|Shadow Ball|p1a: Gastrodon
|-damage|p1a: Gastrodon|44/100
|move|p1a: Gastrodon|Earth Power|p2a: Gholdengo
|-supereffective|p2a: Gholdengo
|-crit|p2a: Gholdengo
|-damage|p2a: Gholdengo|0 fnt
|faint|p2a: Gholdengo
|
|upkeep
|inactive|gianni189 has 120 seconds left.
|
|t:|1758286058
|switch|p2a: Ogerpon|Ogerpon-Wellspring-Tera, F, tera:Water|69/100 slp
|-ability|p2a: Ogerpon|Embody Aspect (Wellspring)|boost
|-boost|p2a: Ogerpon|spd|1
|turn|23
|
|t:|1758286064
|switch|p1a: Vileplume|Vileplume, M|100/100
|-curestatus|p2a: Ogerpon|slp|[msg]
|move|p2a: Ogerpon|Horn Leech|p1a: Vileplume
|-resisted|p1a: Vileplume
|-damage|p1a: Vileplume|92/100
|-heal|p2a: Ogerpon|74/100|[from] drain|[of] p1a: Vileplume
|
|upkeep
|turn|24
|
|t:|1758286079
|switch|p2a: Iron Moth|Iron Moth|26/100
|move|p1a: Vileplume|Leech Seed|p2a: Iron Moth
|-start|p2a: Iron Moth|move: Leech Seed
|
|-damage|p2a: Iron Moth|14/100|[from] Leech Seed|[of] p1a: Vileplume
|-heal|p1a: Vileplume|100/100|[silent]
|upkeep
|turn|25
|
|t:|1758286087
|switch|p1a: Gastrodon|Gastrodon, F|44/100
|move|p2a: Iron Moth|Fiery Dance|p1a: Gastrodon
|-resisted|p1a: Gastrodon
|-damage|p1a: Gastrodon|32/100
|
|-damage|p2a: Iron Moth|2/100|[from] Leech Seed|[of] p1a: Gastrodon
|-heal|p1a: Gastrodon|41/100|[silent]
|upkeep
|turn|26
|
|t:|1758286098
|move|p2a: Iron Moth|Dazzling Gleam|p1a: Gastrodon
|-damage|p1a: Gastrodon|23/100
|move|p1a: Gastrodon|Earth Power|p2a: Iron Moth
|-supereffective|p2a: Iron Moth
|-damage|p2a: Iron Moth|0 fnt
|faint|p2a: Iron Moth
|-end|p2a: Iron Moth|Quark Drive|[silent]
|
|upkeep
|
|t:|1758286108
|switch|p2a: Ogerpon|Ogerpon-Wellspring-Tera, F, tera:Water|74/100
|-ability|p2a: Ogerpon|Embody Aspect (Wellspring)|boost
|-boost|p2a: Ogerpon|spd|1
|turn|27
|
|t:|1758286118
|switch|p1a: Vileplume|Vileplume, M|100/100
|move|p2a: Ogerpon|Swords Dance|p2a: Ogerpon
|-boost|p2a: Ogerpon|atk|2
|
|upkeep
|turn|28
|
|t:|1758286124
|move|p2a: Ogerpon|Swords Dance|p2a: Ogerpon
|-boost|p2a: Ogerpon|atk|2
|move|p1a: Vileplume|Charm|p2a: Ogerpon
|-unboost|p2a: Ogerpon|atk|2
|
|upkeep
|turn|29
|
|t:|1758286131
|move|p2a: Ogerpon|Swords Dance|p2a: Ogerpon
|-boost|p2a: Ogerpon|atk|2
|move|p1a: Vileplume|Charm|p2a: Ogerpon
|-unboost|p2a: Ogerpon|atk|2
|
|upkeep
|turn|30
|
|t:|1758286143
|move|p2a: Ogerpon|Ivy Cudgel|p1a: Vileplume|[anim] Ivy Cudgel Water
|-resisted|p1a: Vileplume
|-damage|p1a: Vileplume|39/100
|move|p1a: Vileplume|Charm|p2a: Ogerpon
|-unboost|p2a: Ogerpon|atk|2
|
|upkeep
|turn|31
|
|t:|1758286150
|move|p2a: Ogerpon|Swords Dance|p2a: Ogerpon
|-boost|p2a: Ogerpon|atk|2
|move|p1a: Vileplume|Strength Sap|p2a: Ogerpon
|-unboost|p2a: Ogerpon|atk|1
|-heal|p1a: Vileplume|100/100
|
|upkeep
|turn|32
|
|t:|1758286158
|move|p2a: Ogerpon|Swords Dance|p2a: Ogerpon
|-boost|p2a: Ogerpon|atk|2
|move|p1a: Vileplume|Charm|p2a: Ogerpon
|-unboost|p2a: Ogerpon|atk|2
|
|upkeep
|turn|33
|inactive|gianni189 has 120 seconds left.
|
|t:|1758286192
|switch|p2a: Kingambit|Kingambit, F|100/100
|-activate|p2a: Kingambit|ability: Supreme Overlord
|-start|p2a: Kingambit|fallen4|[silent]
|move|p1a: Vileplume|Charm|p2a: Kingambit
|-unboost|p2a: Kingambit|atk|2
|
|upkeep
|turn|34
|
|t:|1758286201
|move|p2a: Kingambit|Swords Dance|p2a: Kingambit
|-boost|p2a: Kingambit|atk|2
|move|p1a: Vileplume|Leech Seed|p2a: Kingambit
|-start|p2a: Kingambit|move: Leech Seed
|
|-damage|p2a: Kingambit|88/100|[from] Leech Seed|[of] p1a: Vileplume
|upkeep
|turn|35
|
|t:|1758286219
|switch|p1a: Spiritomb|Spiritomb, M|100/100
|move|p2a: Kingambit|Kowtow Cleave|p1a: Spiritomb
|-damage|p1a: Spiritomb|45/100
|
|-heal|p2a: Kingambit|94/100|[from] item: Leftovers
|-heal|p1a: Spiritomb|51/100|[from] item: Leftovers
|-damage|p2a: Kingambit|82/100|[from] Leech Seed|[of] p1a: Spiritomb
|-heal|p1a: Spiritomb|65/100|[silent]
|upkeep
|turn|36
|
|t:|1758286229
|move|p2a: Kingambit|Swords Dance|p2a: Kingambit
|-boost|p2a: Kingambit|atk|2
|move|p1a: Spiritomb|Will-O-Wisp|p2a: Kingambit
|-status|p2a: Kingambit|brn
|
|-heal|p2a: Kingambit|88/100 brn|[from] item: Leftovers
|-heal|p1a: Spiritomb|71/100|[from] item: Leftovers
|-damage|p2a: Kingambit|76/100 brn|[from] Leech Seed|[of] p1a: Spiritomb
|-heal|p1a: Spiritomb|85/100|[silent]
|-damage|p2a: Kingambit|70/100 brn|[from] brn
|upkeep
|turn|37
|
|t:|1758286242
|switch|p1a: Vileplume|Vileplume, M|100/100
|move|p2a: Kingambit|Swords Dance|p2a: Kingambit
|-boost|p2a: Kingambit|atk|2
|
|-heal|p2a: Kingambit|76/100 brn|[from] item: Leftovers
|-damage|p2a: Kingambit|64/100 brn|[from] Leech Seed|[of] p1a: Vileplume
|-damage|p2a: Kingambit|57/100 brn|[from] brn
|upkeep
|turn|38
|
|t:|1758286254
|move|p2a: Kingambit|Iron Head|p1a: Vileplume
|-damage|p1a: Vileplume|26/100
|move|p1a: Vileplume|Strength Sap|p2a: Kingambit
|-unboost|p2a: Kingambit|atk|1
|-heal|p1a: Vileplume|100/100
|
|-heal|p2a: Kingambit|64/100 brn|[from] item: Leftovers
|-damage|p2a: Kingambit|51/100 brn|[from] Leech Seed|[of] p1a: Vileplume
|-damage|p2a: Kingambit|45/100 brn|[from] brn
|upkeep
|turn|39
|
|t:|1758286266
|move|p2a: Kingambit|Iron Head|p1a: Vileplume
|-damage|p1a: Vileplume|34/100
|move|p1a: Vileplume|Strength Sap|p2a: Kingambit
|-unboost|p2a: Kingambit|atk|1
|-heal|p1a: Vileplume|100/100
|
|-heal|p2a: Kingambit|51/100 brn|[from] item: Leftovers
|-damage|p2a: Kingambit|39/100 brn|[from] Leech Seed|[of] p1a: Vileplume
|-damage|p2a: Kingambit|33/100 brn|[from] brn
|upkeep
|turn|40
|
|t:|1758286278
|move|p2a: Kingambit|Swords Dance|p2a: Kingambit
|-boost|p2a: Kingambit|atk|2
|move|p1a: Vileplume|Strength Sap|p2a: Kingambit
|-unboost|p2a: Kingambit|atk|1
|
|-heal|p2a: Kingambit|39/100 brn|[from] item: Leftovers
|-damage|p2a: Kingambit|27/100 brn|[from] Leech Seed|[of] p1a: Vileplume
|-damage|p2a: Kingambit|20/100 brn|[from] brn
|upkeep
|turn|41
|
|t:|1758286290
|move|p2a: Kingambit|Iron Head|p1a: Vileplume
|-damage|p1a: Vileplume|36/100
|move|p1a: Vileplume|Strength Sap|p2a: Kingambit
|-unboost|p2a: Kingambit|atk|1
|-heal|p1a: Vileplume|100/100
|
|-heal|p2a: Kingambit|27/100 brn|[from] item: Leftovers
|-damage|p2a: Kingambit|14/100 brn|[from] Leech Seed|[of] p1a: Vileplume
|-damage|p2a: Kingambit|8/100 brn|[from] brn
|upkeep
|turn|42
|
|t:|1758286302
|move|p2a: Kingambit|Iron Head|p1a: Vileplume
|-damage|p1a: Vileplume|53/100
|move|p1a: Vileplume|Strength Sap|p2a: Kingambit
|-unboost|p2a: Kingambit|atk|1
|-heal|p1a: Vileplume|100/100
|
|-heal|p2a: Kingambit|14/100 brn|[from] item: Leftovers
|-damage|p2a: Kingambit|2/100 brn|[from] Leech Seed|[of] p1a: Vileplume
|-damage|p2a: Kingambit|0 fnt|[from] brn
|faint|p2a: Kingambit
|-end|p2a: Kingambit|fallen4|[silent]
|upkeep
|-message|gianni189 forfeited.
|
|win|bena13
|raw|bena13's rating: 1288 &rarr; <strong>1317</strong><br />(+29 for winning)
|raw|gianni189's rating: 1351 &rarr; <strong>1327</strong><br />(-24 for losing)
|l|☆gianni189
|player|p2|
