|j|☆Lord Spink
|j|‽squigglybuff
|t:|1758255198
|gametype|singles
|player|p1|Lord Spink|2|1270
|player|p2|squigglybuff|169|1294
|gen|9
|tier|[Gen 9] OU
|rated|
|rule|HP Percentage Mod: HP is shown in percentages
|rule|Endless Battle Clause: Forcing endless battles is banned
|rule|Species Clause: Limit one of each Pokémon
|rule|OHKO Clause: OHKO moves are banned
|rule|Evasion Items Clause: Evasion items are banned
|rule|Evasion Moves Clause: Evasion moves are banned
|rule|Evasion Abilities Clause: Evasion abilities are banned
|rule|Sleep Moves Clause: Sleep-inducing moves are banned
|clearpoke
|poke|p1|Samurott-Hisui, M|
|poke|p1|Arcanine, M|
|poke|p1|Hatterene, F|
|poke|p1|Glimmora, F|
|poke|p1|Forretress, F|
|poke|p1|Salamence, M|
|poke|p2|Araquanid, M|
|poke|p2|Hoopa-Unbound|
|poke|p2|Slowking-Galar, F|
|poke|p2|Enamorus, F|
|poke|p2|Gholdengo|
|poke|p2|Landorus-Therian, M|
|teampreview
|inactive|Battle timer is ON: inactive players will automatically lose when time's up. (requested by Lord Spink)
|
|t:|1758255210
|teamsize|p1|6
|teamsize|p2|6
|start
|switch|p1a: Big Gemma|Glimmora, F|100/100
|switch|p2a: Araquanid|Araquanid, M|100/100
|turn|1
|
|t:|1758255217
|move|p1a: Big Gemma|Power Gem|p2a: Araquanid
|-supereffective|p2a: Araquanid
|-damage|p2a: Araquanid|6/100
|move|p2a: Araquanid|Sticky Web|p1a: Big Gemma
|-sidestart|p1: Lord Spink|move: Sticky Web
|
|upkeep
|turn|2
|-enditem|p2a: Araquanid|Custap Berry|[eat]
|-activate|p2a: Araquanid|item: Custap Berry|[consumed]
|
|t:|1758255227
|move|p2a: Araquanid|Surf|p1a: Big Gemma
|-supereffective|p1a: Big Gemma
|-damage|p1a: Big Gemma|0 fnt
|faint|p1a: Big Gemma
|
|upkeep
|
|t:|1758255237
|switch|p1a: Big Samuel|Samurott-Hisui, M|100/100
|-activate|p1a: Big Samuel|move: Sticky Web
|-unboost|p1a: Big Samuel|spe|1
|turn|3
|
|t:|1758255242
|move|p1a: Big Samuel|Ceaseless Edge|p2a: Araquanid
|-damage|p2a: Araquanid|0 fnt
|-sidestart|p2: squigglybuff|Spikes
|faint|p2a: Araquanid
|
|upkeep
|
|t:|1758255248
|switch|p2a: Enamorus|Enamorus, F|100/100
|turn|4
|
|t:|1758255254
|switch|p1a: Big Hermoine|Hatterene, F|100/100
|-activate|p1a: Big Hermoine|move: Sticky Web
|-unboost|p1a: Big Hermoine|spe|1
|move|p2a: Enamorus|Moonblast|p1a: Big Hermoine
|-crit|p1a: Big Hermoine
|-damage|p1a: Big Hermoine|24/100
|
|upkeep
|turn|5
|
|t:|1758255262
|move|p2a: Enamorus|Moonblast|p1a: Big Hermoine
|-damage|p1a: Big Hermoine|0 fnt
|faint|p1a: Big Hermoine
|
|upkeep
|
|t:|1758255279
|switch|p1a: Big Archibald|Arcanine, M|100/100
|-activate|p1a: Big Archibald|move: Sticky Web
|-unboost|p1a: Big Archibald|spe|1
|-ability|p1a: Big Archibald|Intimidate|boost
|-boost|p2a: Enamorus|atk|1
|turn|6
|
|t:|1758255286
|switch|p2a: Landorus|Landorus-Therian, M|100/100
|-ability|p2a: Landorus|Intimidate|boost
|-unboost|p1a: Big Archibald|atk|1
|-terastallize|p1a: Big Archibald|Normal
|move|p1a: Big Archibald|Extreme Speed|p2a: Landorus
|-damage|p2a: Landorus|50/100
|
|upkeep
|turn|7
|
|t:|1758255297
|switch|p2a: Gholdengo|Gholdengo|100/100
|-item|p2a: Gholdengo|Air Balloon
|switch|p1a: Big Samuel|Samurott-Hisui, M|100/100
|-activate|p1a: Big Samuel|move: Sticky Web
|-unboost|p1a: Big Samuel|spe|1
|
|upkeep
|turn|8
|
|t:|1758255317
|switch|p2a: Enamorus|Enamorus, F|100/100
|move|p1a: Big Samuel|Ceaseless Edge|p2a: Enamorus
|-resisted|p2a: Enamorus
|-damage|p2a: Enamorus|67/100
|-sidestart|p2: squigglybuff|Spikes
|
|upkeep
|turn|9
|
|t:|1758255334
|switch|p1a: Big Francesca|Forretress, F|100/100
|-activate|p1a: Big Francesca|move: Sticky Web
|-unboost|p1a: Big Francesca|spe|1
|move|p2a: Enamorus|Moonblast|p1a: Big Francesca
|-resisted|p1a: Big Francesca
|-damage|p1a: Big Francesca|41/100
|
|upkeep
|turn|10
|
|t:|1758255343
|move|p2a: Enamorus|Moonblast|p1a: Big Francesca
|-resisted|p1a: Big Francesca
|-damage|p1a: Big Francesca|0 fnt
|faint|p1a: Big Francesca
|
|upkeep
|
|t:|1758255353
|switch|p1a: Big Steven|Salamence, M|100/100
|-ability|p1a: Big Steven|Intimidate|boost
|-boost|p2a: Enamorus|atk|1
|turn|11
|
|t:|1758255362
|move|p1a: Big Steven|Hydro Pump|p2a: Enamorus
|-damage|p2a: Enamorus|18/100
|move|p2a: Enamorus|Moonblast|p1a: Big Steven
|-supereffective|p1a: Big Steven
|-damage|p1a: Big Steven|0 fnt
|faint|p1a: Big Steven
|
|upkeep
|
|t:|1758255369
|switch|p1a: Big Archibald|Arcanine, M, tera:Normal|100/100
|-activate|p1a: Big Archibald|move: Sticky Web
|-unboost|p1a: Big Archibald|spe|1
|-ability|p1a: Big Archibald|Intimidate|boost
|-boost|p2a: Enamorus|atk|1
|turn|12
|
|t:|1758255376
|switch|p2a: Gholdengo|Gholdengo|100/100
|-item|p2a: Gholdengo|Air Balloon
|move|p1a: Big Archibald|Flare Blitz|p2a: Gholdengo
|-supereffective|p2a: Gholdengo
|-damage|p2a: Gholdengo|0 fnt
|-enditem|p2a: Gholdengo|Air Balloon
|faint|p2a: Gholdengo
|-damage|p1a: Big Archibald|73/100|[from] Recoil
|
|upkeep
|
|t:|1758255380
|switch|p2a: Hoopa|Hoopa-Unbound|100/100
|-damage|p2a: Hoopa|84/100|[from] Spikes
|turn|13
|
|t:|1758255388
|switch|p1a: Big Samuel|Samurott-Hisui, M|100/100
|-activate|p1a: Big Samuel|move: Sticky Web
|-unboost|p1a: Big Samuel|spe|1
|-terastallize|p2a: Hoopa|Dark
|move|p2a: Hoopa|Knock Off|p1a: Big Samuel
|-resisted|p1a: Big Samuel
|-damage|p1a: Big Samuel|22/100
|-enditem|p1a: Big Samuel|Razor Claw|[from] move: Knock Off|[of] p2a: Hoopa
|
|upkeep
|turn|14
|
|t:|1758255398
|move|p2a: Hoopa|Knock Off|p1a: Big Samuel
|-resisted|p1a: Big Samuel
|-damage|p1a: Big Samuel|0 fnt
|faint|p1a: Big Samuel
|
|upkeep
|
|t:|1758255402
|switch|p1a: Big Archibald|Arcanine, M, tera:Normal|73/100
|-activate|p1a: Big Archibald|move: Sticky Web
|-unboost|p1a: Big Archibald|spe|1
|-ability|p1a: Big Archibald|Intimidate|boost
|-unboost|p2a: Hoopa|atk|1
|turn|15
|
|t:|1758255408
|move|p1a: Big Archibald|Extreme Speed|p2a: Hoopa
|-damage|p2a: Hoopa|0 fnt
|faint|p2a: Hoopa
|
|upkeep
|
|t:|1758255411
|switch|p2a: Landorus|Landorus-Therian, M|50/100
|-ability|p2a: Landorus|Intimidate|boost
|-unboost|p1a: Big Archibald|atk|1
|turn|16
|
|t:|1758255415
|switch|p2a: Enamorus|Enamorus, F|18/100
|move|p1a: Big Archibald|Extreme Speed|p2a: Enamorus
|-damage|p2a: Enamorus|0 fnt
|faint|p2a: Enamorus
|
|upkeep
|
|t:|1758255419
|switch|p2a: Landorus|Landorus-Therian, M|50/100
|-ability|p2a: Landorus|Intimidate|boost
|-unboost|p1a: Big Archibald|atk|1
|turn|17
|
|t:|1758255425
|switch|p2a: Slowking|Slowking-Galar, F|100/100
|move|p1a: Big Archibald|Extreme Speed|p2a: Slowking
|-damage|p2a: Slowking|70/100
|
|upkeep
|turn|18
|
|t:|1758255430
|move|p1a: Big Archibald|Extreme Speed|p2a: Slowking
|-damage|p2a: Slowking|39/100
|move|p2a: Slowking|Sludge Bomb|p1a: Big Archibald
|-damage|p1a: Big Archibald|35/100
|
|upkeep
|turn|19
|
|t:|1758255437
|move|p1a: Big Archibald|Extreme Speed|p2a: Slowking
|-damage|p2a: Slowking|10/100
|move|p2a: Slowking|Sludge Bomb|p1a: Big Archibald
|-damage|p1a: Big Archibald|0 fnt
|faint|p1a: Big Archibald
|
|win|squigglybuff
|raw|Lord Spink's rating: 1270 &rarr; <strong>1247</strong><br />(-23 for losing)
|raw|squigglybuff's rating: 1294 &rarr; <strong>1317</strong><br />(+23 for winning)
|l|☆Lord Spink
|player|p1|
|l|‽squigglybuff
|player|p2|
