|j|☆MegaEuler
|j|☆Mael97
|t:|1758371766
|gametype|singles
|player|p1|MegaEuler|266|1590
|player|p2|Mael97|169|1597
|gen|9
|tier|[Gen 9] OU
|rated|
|rule|HP Percentage Mod: HP is shown in percentages
|rule|Endless Battle Clause: Forcing endless battles is banned
|rule|Species Clause: Limit one of each Pokémon
|rule|OHKO Clause: OHKO moves are banned
|rule|Evasion Items Clause: Evasion items are banned
|rule|Evasion Moves Clause: Evasion moves are banned
|rule|Evasion Abilities Clause: Evasion abilities are banned
|rule|Sleep Moves Clause: Sleep-inducing moves are banned
|clearpoke
|poke|p1|Great Tusk|
|poke|p1|Rillaboom, M|
|poke|p1|Gholdengo|
|poke|p1|Slowbro, F|
|poke|p1|Heatran, F|
|poke|p1|Darkrai|
|poke|p2|Dragapult, M|
|poke|p2|Ogerpon-Wellspring, F|
|poke|p2|Landorus-Therian, M|
|poke|p2|Tornadus-Therian, M|
|poke|p2|Great Tusk|
|poke|p2|Zamazenta-*|
|teampreview
|inactive|Battle timer is ON: inactive players will automatically lose when time's up. (requested by Mael97)
|
|t:|1758371787
|teamsize|p1|6
|teamsize|p2|6
|start
|switch|p1a: Slowbro|Slowbro, F|100/100
|switch|p2a: Landorus|Landorus-Therian, M|100/100
|-ability|p2a: Landorus|Intimidate|boost
|-unboost|p1a: Slowbro|atk|1
|turn|1
|
|t:|1758371793
|move|p2a: Landorus|U-turn|p1a: Slowbro
|-supereffective|p1a: Slowbro
|-damage|p1a: Slowbro|70/100
|-damage|p2a: Landorus|84/100|[from] item: Rocky Helmet|[of] p1a: Slowbro
|
|t:|1758371800
|switch|p2a: Tornadus|Tornadus-Therian, M|100/100|[from] U-turn
|move|p1a: Slowbro|Trick Room|p1a: Slowbro
|-fieldstart|move: Trick Room|[of] p1a: Slowbro
|
|upkeep
|turn|2
|
|t:|1758371811
|move|p1a: Slowbro|Scald|p2a: Tornadus
|-damage|p2a: Tornadus|67/100
|-status|p2a: Tornadus|brn
|move|p2a: Tornadus|Bleakwind Storm|p1a: Slowbro
|-damage|p1a: Slowbro|23/100
|
|-damage|p2a: Tornadus|61/100 brn|[from] brn
|upkeep
|turn|3
|
|t:|1758371825
|move|p1a: Slowbro|Slack Off|p1a: Slowbro
|-heal|p1a: Slowbro|73/100
|move|p2a: Tornadus|U-turn|p1a: Slowbro
|-supereffective|p1a: Slowbro
|-damage|p1a: Slowbro|65/100
|-damage|p2a: Tornadus|45/100 brn|[from] item: Rocky Helmet|[of] p1a: Slowbro
|
|t:|1758371831
|switch|p2a: Dragapult|Dragapult, M, shiny|100/100|[from] U-turn
|
|upkeep
|turn|4
|
|t:|1758371835
|switch|p1a: Heatran|Heatran, F|100/100
|-terastallize|p2a: Dragapult|Ghost
|move|p2a: Dragapult|Tera Blast|p1a: Heatran|[anim] Tera Blast Ghost
|-damage|p1a: Heatran|32/100
|
|-heal|p1a: Heatran|38/100|[from] item: Leftovers
|upkeep
|turn|5
|
|t:|1758371862
|switch|p2a: Landorus|Landorus-Therian, M|84/100
|-ability|p2a: Landorus|Intimidate|boost
|-unboost|p1a: Heatran|atk|1
|move|p1a: Heatran|Stealth Rock|p2a: Landorus
|-sidestart|p2: Mael97|move: Stealth Rock
|
|-heal|p1a: Heatran|44/100|[from] item: Leftovers
|-fieldend|move: Trick Room
|upkeep
|turn|6
|
|t:|1758371871
|switch|p1a: Slowbro|Slowbro, F|98/100
|move|p2a: Landorus|Earthquake|p1a: Slowbro
|-damage|p1a: Slowbro|63/100
|
|upkeep
|turn|7
|
|t:|1758371879
|move|p2a: Landorus|Earthquake|p1a: Slowbro
|-damage|p1a: Slowbro|27/100
|move|p1a: Slowbro|Trick Room|p1a: Slowbro
|-fieldstart|move: Trick Room|[of] p1a: Slowbro
|
|upkeep
|turn|8
|
|t:|1758371885
|switch|p2a: Dragapult|Dragapult, M, shiny, tera:Ghost|100/100
|-damage|p2a: Dragapult|88/100|[from] Stealth Rock
|move|p1a: Slowbro|Slack Off|p1a: Slowbro
|-heal|p1a: Slowbro|77/100
|
|upkeep
|turn|9
|inactive|MegaEuler has 120 seconds left.
|
|t:|1758371926
|-terastallize|p1a: Slowbro|Water
|move|p1a: Slowbro|Scald|p2a: Dragapult
|-damage|p2a: Dragapult|41/100
|-status|p2a: Dragapult|brn
|move|p2a: Dragapult|Tera Blast|p1a: Slowbro|[anim] Tera Blast Ghost
|-damage|p1a: Slowbro|54/100
|
|-damage|p2a: Dragapult|35/100 brn|[from] brn
|upkeep
|turn|10
|l|☆Mael97
|inactive|Mael97 disconnected and has a minute to reconnect!
|player|p2|
|inactive|Mael97 has 30 seconds to reconnect!
|inactive|Mael97 has 20 seconds to reconnect!
|inactive|Mael97 has 15 seconds to reconnect!
|inactive|Mael97 has 10 seconds to reconnect!
|inactive|Mael97 has 5 seconds to reconnect!
|-message|Mael97 lost due to inactivity.
|
|win|MegaEuler
|raw|MegaEuler's rating: 1590 &rarr; <strong>1610</strong><br />(+20 for winning)
|raw|Mael97's rating: 1597 &rarr; <strong>1577</strong><br />(-20 for losing)
|l|☆MegaEuler
|player|p1|
