|j|☆KungFuCutman1
|j|‽SirPops
|t:|1758320778
|gametype|singles
|player|p1|KungFuCutman1|ethan|1240
|player|p2|SirPops|red|1206
|gen|9
|tier|[Gen 9] OU
|rated|
|rule|HP Percentage Mod: HP is shown in percentages
|rule|Endless Battle Clause: Forcing endless battles is banned
|rule|Species Clause: Limit one of each Pokémon
|rule|OHKO Clause: OHKO moves are banned
|rule|Evasion Items Clause: Evasion items are banned
|rule|Evasion Moves Clause: Evasion moves are banned
|rule|Evasion Abilities Clause: Evasion abilities are banned
|rule|Sleep Moves Clause: Sleep-inducing moves are banned
|clearpoke
|poke|p1|Araquanid, F|
|poke|p1|Clawitzer, F|
|poke|p1|Great Tusk|
|poke|p1|Dragapult, F|
|poke|p1|Lokix, F|
|poke|p1|Gholdengo|
|poke|p2|Snorlax, M|
|poke|p2|Masquerain, M|
|poke|p2|Rotom-Frost|
|poke|p2|Weezing-Galar, M|
|poke|p2|Honchkrow, M|
|poke|p2|Iron Thorns|
|teampreview
|
|t:|1758320788
|teamsize|p1|6
|teamsize|p2|6
|start
|switch|p1a: Araquanid|Araquanid, F|100/100
|switch|p2a: Masquerain|Masquerain, M|100/100
|-ability|p2a: Masquerain|Intimidate|boost
|-unboost|p1a: Araquanid|atk|1
|turn|1
|
|t:|1758320808
|move|p2a: Masquerain|Air Slash|p1a: Araquanid
|-supereffective|p1a: Araquanid
|-damage|p1a: Araquanid|56/100
|cant|p1a: Araquanid|flinch
|
|upkeep
|turn|2
|
|t:|1758320812
|move|p2a: Masquerain|Quiver Dance|p2a: Masquerain
|-boost|p2a: Masquerain|spa|1
|-boost|p2a: Masquerain|spd|1
|-boost|p2a: Masquerain|spe|1
|move|p1a: Araquanid|Sticky Web|p2a: Masquerain
|-sidestart|p2: SirPops|move: Sticky Web
|
|upkeep
|turn|3
|
|t:|1758320825
|move|p2a: Masquerain|Air Slash|p1a: Araquanid
|-supereffective|p1a: Araquanid
|-damage|p1a: Araquanid|0 fnt
|faint|p1a: Araquanid
|
|upkeep
|
|t:|1758320835
|switch|p1a: Gholdengo|Gholdengo|100/100
|-item|p1a: Gholdengo|Air Balloon
|turn|4
|
|t:|1758320838
|move|p2a: Masquerain|Surf|p1a: Gholdengo
|-damage|p1a: Gholdengo|62/100
|-enditem|p1a: Gholdengo|Air Balloon
|move|p1a: Gholdengo|Thunder Wave|p2a: Masquerain
|-status|p2a: Masquerain|par
|
|upkeep
|turn|5
|
|t:|1758320845
|move|p1a: Gholdengo|Hex|p2a: Masquerain
|-damage|p2a: Masquerain|25/100 par
|cant|p2a: Masquerain|par
|
|upkeep
|turn|6
|
|t:|1758320848
|move|p1a: Gholdengo|Hex|p2a: Masquerain
|-damage|p2a: Masquerain|0 fnt
|faint|p2a: Masquerain
|
|upkeep
|
|t:|1758320851
|switch|p2a: Honchkrow|Honchkrow, M|100/100
|turn|7
|
|t:|1758320855
|move|p1a: Gholdengo|Thunder Wave|p2a: Honchkrow
|-status|p2a: Honchkrow|par
|cant|p2a: Honchkrow|par
|
|upkeep
|turn|8
|
|t:|1758320866
|switch|p1a: Lokix|Lokix, F|100/100
|cant|p2a: Honchkrow|par
|
|upkeep
|turn|9
|
|t:|1758320869
|move|p1a: Lokix|U-turn|p2a: Honchkrow
|-damage|p2a: Honchkrow|39/100 par
|
|t:|1758320876
|switch|p1a: Clawitzer|Clawitzer, F|100/100|[from] U-turn
|move|p2a: Honchkrow|Drill Peck|p1a: Clawitzer
|-damage|p1a: Clawitzer|48/100
|
|upkeep
|turn|10
|
|t:|1758320880
|move|p2a: Honchkrow|Sucker Punch|p1a: Clawitzer
|-crit|p1a: Clawitzer
|-damage|p1a: Clawitzer|0 fnt
|faint|p1a: Clawitzer
|
|upkeep
|
|t:|1758320885
|switch|p1a: Lokix|Lokix, F|100/100
|turn|11
|
|t:|1758320888
|move|p1a: Lokix|U-turn|p2a: Honchkrow
|-damage|p2a: Honchkrow|0 fnt
|faint|p2a: Honchkrow
|
|t:|1758320893
|switch|p1a: Dragapult|Dragapult, F|100/100|[from] U-turn
|
|upkeep
|
|t:|1758320898
|switch|p2a: Snorlax|Snorlax, M|100/100
|-activate|p2a: Snorlax|move: Sticky Web
|-unboost|p2a: Snorlax|spe|1
|turn|12
|
|t:|1758320903
|move|p1a: Dragapult|Thunder Wave|p2a: Snorlax
|-status|p2a: Snorlax|par
|cant|p2a: Snorlax|par
|
|upkeep
|turn|13
|
|t:|1758320909
|move|p1a: Dragapult|Dragon Darts|p2a: Snorlax
|-damage|p2a: Snorlax|83/100 par
|-anim|p1a: Dragapult|Dragon Darts|p2a: Snorlax
|-damage|p2a: Snorlax|68/100 par
|move|p2a: Snorlax|Curse|p2a: Snorlax
|-unboost|p2a: Snorlax|spe|1
|-boost|p2a: Snorlax|atk|1
|-boost|p2a: Snorlax|def|1
|
|-heal|p2a: Snorlax|74/100 par|[from] item: Leftovers
|upkeep
|turn|14
|
|t:|1758320915
|move|p1a: Dragapult|U-turn|p2a: Snorlax
|-damage|p2a: Snorlax|63/100 par
|
|t:|1758320918
|switch|p1a: Gholdengo|Gholdengo|62/100|[from] U-turn
|move|p2a: Snorlax|Curse|p2a: Snorlax
|-unboost|p2a: Snorlax|spe|1
|-boost|p2a: Snorlax|atk|1
|-boost|p2a: Snorlax|def|1
|
|-heal|p2a: Snorlax|69/100 par|[from] item: Leftovers
|upkeep
|turn|15
|
|t:|1758320924
|move|p1a: Gholdengo|Make It Rain|p2a: Snorlax
|-damage|p2a: Snorlax|32/100 par
|-unboost|p1a: Gholdengo|spa|1
|cant|p2a: Snorlax|par
|
|-heal|p2a: Snorlax|38/100 par|[from] item: Leftovers
|upkeep
|turn|16
|
|t:|1758320932
|move|p1a: Gholdengo|Make It Rain|p2a: Snorlax
|-damage|p2a: Snorlax|12/100 par
|-unboost|p1a: Gholdengo|spa|1
|move|p2a: Snorlax|Earthquake|p1a: Gholdengo
|-supereffective|p1a: Gholdengo
|-damage|p1a: Gholdengo|0 fnt
|faint|p1a: Gholdengo
|
|-heal|p2a: Snorlax|18/100 par|[from] item: Leftovers
|upkeep
|
|t:|1758320938
|switch|p1a: Lokix|Lokix, F|100/100
|turn|17
|
|t:|1758320943
|move|p1a: Lokix|Knock Off|p2a: Snorlax
|-damage|p2a: Snorlax|0 fnt
|-enditem|p2a: Snorlax|Leftovers|[from] move: Knock Off|[of] p1a: Lokix
|faint|p2a: Snorlax
|
|upkeep
|
|t:|1758320952
|switch|p2a: Weezing|Weezing-Galar, M|100/100
|turn|18
|
|t:|1758320957
|switch|p1a: Great Tusk|Great Tusk|100/100
|move|p2a: Weezing|Defog|p1a: Great Tusk
|-unboost|p1a: Great Tusk|evasion|1
|-sideend|p2: SirPops|Sticky Web|[from] move: Defog|[of] p2a: Weezing
|
|upkeep
|turn|19
|
|t:|1758320967
|move|p1a: Great Tusk|Ice Spinner|p2a: Weezing
|-damage|p2a: Weezing|72/100
|move|p2a: Weezing|Toxic|p1a: Great Tusk
|-status|p1a: Great Tusk|tox
|
|-damage|p1a: Great Tusk|94/100 tox|[from] psn
|upkeep
|turn|20
|
|t:|1758320975
|-end|p1a: Great Tusk|Protosynthesis|[silent]
|switch|p1a: Lokix|Lokix, F|100/100
|move|p2a: Weezing|Venoshock|p1a: Lokix
|-crit|p1a: Lokix
|-damage|p1a: Lokix|29/100
|
|upkeep
|turn|21
|
|t:|1758320983
|-terastallize|p1a: Lokix|Bug
|move|p1a: Lokix|Leech Life|p2a: Weezing
|-resisted|p2a: Weezing
|-damage|p2a: Weezing|38/100
|-heal|p1a: Lokix|46/100|[from] drain|[of] p2a: Weezing
|-enditem|p2a: Weezing|Sitrus Berry|[eat]
|-heal|p2a: Weezing|63/100|[from] item: Sitrus Berry
|move|p2a: Weezing|Heat Wave|p1a: Lokix
|-supereffective|p1a: Lokix
|-damage|p1a: Lokix|0 fnt
|faint|p1a: Lokix
|
|upkeep
|
|t:|1758320990
|switch|p1a: Dragapult|Dragapult, F|100/100
|turn|22
|
|t:|1758321029
|move|p1a: Dragapult|Thunder Wave|p2a: Weezing
|-status|p2a: Weezing|par
|cant|p2a: Weezing|par
|
|upkeep
|turn|23
|
|t:|1758321033
|move|p1a: Dragapult|Hex|p2a: Weezing
|-damage|p2a: Weezing|15/100 par
|cant|p2a: Weezing|par
|
|upkeep
|turn|24
|
|t:|1758321039
|move|p1a: Dragapult|Hex|p2a: Weezing
|-damage|p2a: Weezing|0 fnt
|faint|p2a: Weezing
|
|upkeep
|
|t:|1758321043
|switch|p2a: Rotom|Rotom-Frost|100/100
|turn|25
|
|t:|1758321046
|move|p1a: Dragapult|Dragon Darts|p2a: Rotom
|-damage|p2a: Rotom|76/100
|-anim|p1a: Dragapult|Dragon Darts|p2a: Rotom
|-damage|p2a: Rotom|51/100
|move|p2a: Rotom|Blizzard|p1a: Dragapult
|-supereffective|p1a: Dragapult
|-damage|p1a: Dragapult|0 fnt
|faint|p1a: Dragapult
|
|upkeep
|
|t:|1758321052
|switch|p1a: Great Tusk|Great Tusk|94/100 tox
|turn|26
|
|t:|1758321062
|move|p1a: Great Tusk|Close Combat|p2a: Rotom
|-supereffective|p2a: Rotom
|-damage|p2a: Rotom|0 fnt
|-unboost|p1a: Great Tusk|def|1
|-unboost|p1a: Great Tusk|spd|1
|faint|p2a: Rotom
|
|-damage|p1a: Great Tusk|88/100 tox|[from] psn
|upkeep
|
|t:|1758321064
|switch|p2a: Iron Thorns|Iron Thorns, shiny|100/100
|turn|27
|
|t:|1758321068
|-terastallize|p2a: Iron Thorns|Flying
|move|p1a: Great Tusk|Close Combat|p2a: Iron Thorns
|-resisted|p2a: Iron Thorns
|-damage|p2a: Iron Thorns|75/100
|-unboost|p1a: Great Tusk|def|1
|-unboost|p1a: Great Tusk|spd|1
|move|p2a: Iron Thorns|Ice Punch|p1a: Great Tusk
|-supereffective|p1a: Great Tusk
|-damage|p1a: Great Tusk|1/100 tox
|
|-damage|p1a: Great Tusk|0 fnt|[from] psn
|faint|p1a: Great Tusk
|-end|p1a: Great Tusk|Protosynthesis|[silent]
|
|win|SirPops
|raw|KungFuCutman1's rating: 1240 &rarr; <strong>1212</strong><br />(-28 for losing)
|raw|SirPops's rating: 1204 &rarr; <strong>1232</strong><br />(+28 for winning)
|l|☆KungFuCutman1
|player|p1|
|l|‽SirPops
|player|p2|
