|j|☆lorped
|j|☆LoamyLoamLoamloam
|t:|1758290400
|gametype|singles
|player|p1|lorped|170|1147
|player|p2|LoamyLoamLoamloam|shadowtriad|1141
|gen|9
|tier|[Gen 9] OU
|rated|
|rule|HP Percentage Mod: HP is shown in percentages
|rule|Endless Battle Clause: Forcing endless battles is banned
|rule|Species Clause: Limit one of each Pokémon
|rule|OHKO Clause: OHKO moves are banned
|rule|Evasion Items Clause: Evasion items are banned
|rule|Evasion Moves Clause: Evasion moves are banned
|rule|Evasion Abilities Clause: Evasion abilities are banned
|rule|Sleep Moves Clause: Sleep-inducing moves are banned
|clearpoke
|poke|p1|Leavanny, M|
|poke|p1|Ceruledge, M|
|poke|p1|Iron Hands|
|poke|p1|Sinistcha|
|poke|p1|Altaria, F|
|poke|p1|Mamoswine, F|
|poke|p2|Ogerpon-Wellspring, F|
|poke|p2|Arcanine-Hisui, F|
|poke|p2|Zapdos|
|poke|p2|Ting-Lu|
|poke|p2|Slowking-Galar, M|
|poke|p2|Great Tusk|
|teampreview
|
|t:|1758290429
|teamsize|p1|6
|teamsize|p2|6
|start
|switch|p1a: Leavanny|Leavanny, M|100/100
|switch|p2a: Ting-Lu|Ting-Lu|100/100
|-ability|p2a: Ting-Lu|Vessel of Ruin
|turn|1
|
|t:|1758290450
|move|p1a: Leavanny|Switcheroo|p2a: Ting-Lu
|-activate|p1a: Leavanny|move: Trick|[of] p2a: Ting-Lu
|-item|p2a: Ting-Lu|Choice Scarf|[from] move: Switcheroo
|-item|p1a: Leavanny|Rocky Helmet|[from] move: Switcheroo
|move|p2a: Ting-Lu|Stealth Rock|p1a: Leavanny
|-sidestart|p1: lorped|move: Stealth Rock
|
|upkeep
|turn|2
|
|t:|1758290486
|switch|p1a: Mamoswine|Mamoswine, F|100/100
|-damage|p1a: Mamoswine|88/100|[from] Stealth Rock
|switch|p2a: Slowking|Slowking-Galar, M|100/100
|
|upkeep
|turn|3
|
|t:|1758290496
|switch|p2a: Ogerpon|Ogerpon-Wellspring, F|100/100
|-terastallize|p1a: Mamoswine|Steel
|move|p1a: Mamoswine|Trailblaze|p2a: Ogerpon
|-damage|p2a: Ogerpon|77/100
|-boost|p1a: Mamoswine|spe|1
|
|upkeep
|turn|4
|
|t:|1758290508
|move|p1a: Mamoswine|Trailblaze|p2a: Ogerpon
|-damage|p2a: Ogerpon|52/100
|-boost|p1a: Mamoswine|spe|1
|move|p2a: Ogerpon|Ivy Cudgel|p1a: Mamoswine|[anim] Ivy Cudgel Water
|-damage|p1a: Mamoswine|22/100
|
|upkeep
|turn|5
|
|t:|1758290516
|move|p1a: Mamoswine|Iron Head|p2a: Ogerpon
|-resisted|p2a: Ogerpon
|-damage|p2a: Ogerpon|25/100
|cant|p2a: Ogerpon|flinch
|
|upkeep
|turn|6
|
|t:|1758290531
|switch|p2a: Ting-Lu|Ting-Lu|100/100
|-ability|p2a: Ting-Lu|Vessel of Ruin
|move|p1a: Mamoswine|Iron Head|p2a: Ting-Lu
|-damage|p2a: Ting-Lu|76/100
|
|upkeep
|turn|7
|
|t:|1758290542
|move|p1a: Mamoswine|Icicle Crash|p2a: Ting-Lu
|-supereffective|p2a: Ting-Lu
|-damage|p2a: Ting-Lu|26/100
|move|p2a: Ting-Lu|Earthquake|p1a: Mamoswine
|-supereffective|p1a: Mamoswine
|-damage|p1a: Mamoswine|0 fnt
|faint|p1a: Mamoswine
|
|upkeep
|
|t:|1758290555
|switch|p1a: Altaria|Altaria, F|100/100
|-damage|p1a: Altaria|76/100|[from] Stealth Rock
|-ability|p1a: Altaria|Cloud Nine
|turn|8
|
|t:|1758290569
|switch|p2a: Arcanine|Arcanine-Hisui, F|100/100
|move|p1a: Altaria|Dragon Dance|p1a: Altaria
|-boost|p1a: Altaria|atk|1
|-boost|p1a: Altaria|spe|1
|
|upkeep
|turn|9
|
|t:|1758290580
|move|p2a: Arcanine|Head Smash|p1a: Altaria
|-supereffective|p1a: Altaria
|-damage|p1a: Altaria|0 fnt
|faint|p1a: Altaria
|
|upkeep
|
|t:|1758290596
|switch|p1a: Iron Hands|Iron Hands|100/100
|-damage|p1a: Iron Hands|94/100|[from] Stealth Rock
|-enditem|p1a: Iron Hands|Booster Energy
|-activate|p1a: Iron Hands|ability: Quark Drive|[fromitem]
|-start|p1a: Iron Hands|quarkdriveatk
|turn|10
|
|t:|1758290609
|switch|p2a: Ting-Lu|Ting-Lu|26/100
|-ability|p2a: Ting-Lu|Vessel of Ruin
|move|p1a: Iron Hands|Drain Punch|p2a: Ting-Lu
|-supereffective|p2a: Ting-Lu
|-damage|p2a: Ting-Lu|0 fnt
|-heal|p1a: Iron Hands|100/100|[from] drain|[of] p2a: Ting-Lu
|faint|p2a: Ting-Lu
|
|upkeep
|
|t:|1758290616
|switch|p2a: Zapdos|Zapdos|100/100
|turn|11
|
|t:|1758290622
|move|p2a: Zapdos|Hurricane|p1a: Iron Hands
|-damage|p1a: Iron Hands|56/100
|-start|p1a: Iron Hands|confusion
|-activate|p1a: Iron Hands|confusion
|-damage|p1a: Iron Hands|47/100|[from] confusion
|
|upkeep
|turn|12
|
|t:|1758290630
|move|p2a: Zapdos|Hurricane|p1a: Iron Hands|[miss]
|-miss|p2a: Zapdos|p1a: Iron Hands
|-activate|p1a: Iron Hands|confusion
|move|p1a: Iron Hands|Ice Punch|p2a: Zapdos
|-supereffective|p2a: Zapdos
|-damage|p2a: Zapdos|48/100
|
|upkeep
|turn|13
|
|t:|1758290638
|move|p2a: Zapdos|Roost|p2a: Zapdos
|-heal|p2a: Zapdos|98/100
|-singleturn|p2a: Zapdos|move: Roost
|-activate|p1a: Iron Hands|confusion
|move|p1a: Iron Hands|Ice Punch|p2a: Zapdos
|-damage|p2a: Zapdos|68/100
|
|upkeep
|turn|14
|
|t:|1758290646
|move|p2a: Zapdos|Hurricane|p1a: Iron Hands|[miss]
|-miss|p2a: Zapdos|p1a: Iron Hands
|-activate|p1a: Iron Hands|confusion
|move|p1a: Iron Hands|Ice Punch|p2a: Zapdos
|-supereffective|p2a: Zapdos
|-damage|p2a: Zapdos|9/100
|-status|p2a: Zapdos|frz
|
|upkeep
|turn|15
|
|t:|1758290671
|cant|p2a: Zapdos|frz
|-end|p1a: Iron Hands|confusion
|move|p1a: Iron Hands|Drain Punch|p2a: Zapdos
|-resisted|p2a: Zapdos
|-damage|p2a: Zapdos|0 fnt
|-heal|p1a: Iron Hands|50/100|[from] drain|[of] p2a: Zapdos
|faint|p2a: Zapdos
|
|upkeep
|
|t:|1758290673
|switch|p2a: Great Tusk|Great Tusk|100/100
|turn|16
|
|t:|1758290686
|move|p2a: Great Tusk|Headlong Rush|p1a: Iron Hands
|-supereffective|p1a: Iron Hands
|-damage|p1a: Iron Hands|0 fnt
|-unboost|p2a: Great Tusk|def|1
|-unboost|p2a: Great Tusk|spd|1
|faint|p1a: Iron Hands
|-end|p1a: Iron Hands|Quark Drive|[silent]
|
|upkeep
|
|t:|1758290700
|switch|p1a: Leavanny|Leavanny, M|100/100
|-damage|p1a: Leavanny|76/100|[from] Stealth Rock
|turn|17
|
|t:|1758290704
|move|p1a: Leavanny|Sticky Web|p2a: Great Tusk
|-sidestart|p2: LoamyLoamLoamloam|move: Sticky Web
|move|p2a: Great Tusk|Ice Spinner|p1a: Leavanny
|-supereffective|p1a: Leavanny
|-damage|p1a: Leavanny|0 fnt
|-damage|p2a: Great Tusk|84/100|[from] item: Rocky Helmet|[of] p1a: Leavanny
|faint|p1a: Leavanny
|
|upkeep
|
|t:|1758290717
|switch|p1a: Ceruledge|Ceruledge, M|100/100
|-damage|p1a: Ceruledge|76/100|[from] Stealth Rock
|-item|p1a: Ceruledge|Air Balloon
|turn|18
|
|t:|1758290724
|move|p2a: Great Tusk|Headlong Rush|p1a: Ceruledge
|-immune|p1a: Ceruledge
|move|p1a: Ceruledge|Bitter Blade|p2a: Great Tusk
|-damage|p2a: Great Tusk|32/100
|-heal|p1a: Ceruledge|100/100|[from] drain|[of] p2a: Great Tusk
|
|upkeep
|turn|19
|
|t:|1758290732
|move|p2a: Great Tusk|Knock Off|p1a: Ceruledge
|-supereffective|p1a: Ceruledge
|-damage|p1a: Ceruledge|1/100
|-enditem|p1a: Ceruledge|Air Balloon
|move|p1a: Ceruledge|Swords Dance|p1a: Ceruledge
|-boost|p1a: Ceruledge|atk|2
|
|upkeep
|turn|20
|
|t:|1758290739
|move|p1a: Ceruledge|Shadow Sneak|p2a: Great Tusk
|-damage|p2a: Great Tusk|0 fnt
|faint|p2a: Great Tusk
|-end|p2a: Great Tusk|Protosynthesis|[silent]
|
|upkeep
|
|t:|1758290742
|switch|p2a: Arcanine|Arcanine-Hisui, F|100/100
|-activate|p2a: Arcanine|move: Sticky Web
|-unboost|p2a: Arcanine|spe|1
|turn|21
|
|t:|1758290751
|move|p2a: Arcanine|Rock Blast|p1a: Ceruledge
|-supereffective|p1a: Ceruledge
|-damage|p1a: Ceruledge|0 fnt
|faint|p1a: Ceruledge
|-hitcount|p1: Ceruledge|1
|
|upkeep
|
|t:|1758290756
|switch|p1a: Sinistcha|Sinistcha|100/100
|-damage|p1a: Sinistcha|88/100|[from] Stealth Rock
|turn|22
|
|t:|1758290761
|switch|p2a: Ogerpon|Ogerpon-Wellspring, F|25/100
|-activate|p2a: Ogerpon|move: Sticky Web
|-unboost|p2a: Ogerpon|spe|1
|move|p1a: Sinistcha|Calm Mind|p1a: Sinistcha
|-boost|p1a: Sinistcha|spa|1
|-boost|p1a: Sinistcha|spd|1
|
|upkeep
|turn|23
|
|t:|1758290776
|move|p2a: Ogerpon|Play Rough|p1a: Sinistcha
|-damage|p1a: Sinistcha|53/100
|move|p1a: Sinistcha|Shadow Ball|p2a: Ogerpon
|-damage|p2a: Ogerpon|0 fnt
|faint|p2a: Ogerpon
|
|upkeep
|
|t:|1758290781
|switch|p2a: Arcanine|Arcanine-Hisui, F|100/100
|-activate|p2a: Arcanine|move: Sticky Web
|-unboost|p2a: Arcanine|spe|1
|turn|24
|
|t:|1758290787
|move|p2a: Arcanine|Flare Blitz|p1a: Sinistcha
|-supereffective|p1a: Sinistcha
|-damage|p1a: Sinistcha|0 fnt
|faint|p1a: Sinistcha
|
|win|LoamyLoamLoamloam
|raw|lorped's rating: 1147 &rarr; <strong>1122</strong><br />(-25 for losing)
|raw|LoamyLoamLoamloam's rating: 1141 &rarr; <strong>1166</strong><br />(+25 for winning)
|l|☆LoamyLoamLoamloam
|player|p2|
|l|☆lorped
|player|p1|
