|j|☆santiaegon
|j|☆jiwoongz
|t:|1758279154
|gametype|singles
|player|p1|santiaegon|volo|1133
|player|p2|jiwoongz|caitlin|1107
|gen|9
|tier|[Gen 9] OU
|rated|
|rule|HP Percentage Mod: HP is shown in percentages
|rule|Endless Battle Clause: Forcing endless battles is banned
|rule|Species Clause: Limit one of each Pokémon
|rule|OHKO Clause: OHKO moves are banned
|rule|Evasion Items Clause: Evasion items are banned
|rule|Evasion Moves Clause: Evasion moves are banned
|rule|Evasion Abilities Clause: Evasion abilities are banned
|rule|Sleep Moves Clause: Sleep-inducing moves are banned
|clearpoke
|poke|p1|Enamorus, F|
|poke|p1|Iron Moth|
|poke|p1|Araquanid, F|
|poke|p1|Garganacl, M|
|poke|p1|Dragapult, M|
|poke|p1|Corviknight, M|
|poke|p2|Glimmora, F|
|poke|p2|Clodsire, F|
|poke|p2|Garganacl, F|
|poke|p2|Dedenne, F|
|poke|p2|Quaquaval, F|
|poke|p2|Kingambit, F|
|teampreview
|
|t:|1758279168
|teamsize|p1|6
|teamsize|p2|6
|start
|switch|p1a: Enamorus|Enamorus, F|100/100
|switch|p2a: Glimmora|Glimmora, F|100/100
|turn|1
|
|t:|1758279174
|move|p1a: Enamorus|Calm Mind|p1a: Enamorus
|-boost|p1a: Enamorus|spa|1
|-boost|p1a: Enamorus|spd|1
|move|p2a: Glimmora|Mortal Spin|p1a: Enamorus
|-supereffective|p1a: Enamorus
|-damage|p1a: Enamorus|80/100
|-status|p1a: Enamorus|psn
|
|-heal|p1a: Enamorus|86/100 psn|[from] item: Leftovers
|-damage|p1a: Enamorus|74/100 psn|[from] psn
|upkeep
|turn|2
|
|t:|1758279187
|move|p1a: Enamorus|Earth Power|p2a: Glimmora
|-supereffective|p2a: Glimmora
|-enditem|p2a: Glimmora|Focus Sash
|-damage|p2a: Glimmora|1/100
|move|p2a: Glimmora|Stealth Rock|p1a: Enamorus
|-sidestart|p1: santiaegon|move: Stealth Rock
|
|-heal|p1a: Enamorus|80/100 psn|[from] item: Leftovers
|-damage|p1a: Enamorus|67/100 psn|[from] psn
|upkeep
|turn|3
|
|t:|1758279198
|move|p1a: Enamorus|Moonblast|p2a: Glimmora
|-resisted|p2a: Glimmora
|-damage|p2a: Glimmora|0 fnt
|faint|p2a: Glimmora
|
|-heal|p1a: Enamorus|74/100 psn|[from] item: Leftovers
|-damage|p1a: Enamorus|61/100 psn|[from] psn
|upkeep
|
|t:|1758279218
|switch|p2a: Dedenne|Dedenne, F|100/100
|turn|4
|
|t:|1758279229
|-terastallize|p2a: Dedenne|Ground
|move|p1a: Enamorus|Earth Power|p2a: Dedenne
|-damage|p2a: Dedenne|19/100
|move|p2a: Dedenne|Thunderbolt|p1a: Enamorus
|-supereffective|p1a: Enamorus
|-damage|p1a: Enamorus|0 fnt
|faint|p1a: Enamorus
|
|upkeep
|
|t:|1758279239
|switch|p1a: Dragapult|Dragapult, M|100/100
|-damage|p1a: Dragapult|88/100|[from] Stealth Rock
|turn|5
|-enditem|p2a: Dedenne|Custap Berry|[eat]
|-heal|p2a: Dedenne|52/100|[from] ability: Cheek Pouch
|-activate|p2a: Dedenne|item: Custap Berry|[consumed]
|
|t:|1758279245
|move|p2a: Dedenne|Nuzzle|p1a: Dragapult
|-resisted|p1a: Dragapult
|-damage|p1a: Dragapult|85/100
|-status|p1a: Dragapult|par
|move|p1a: Dragapult|Dragon Darts|p2a: Dedenne
|-damage|p2a: Dedenne|0 fnt
|faint|p2a: Dedenne
|
|upkeep
|
|t:|1758279260
|switch|p2a: Clodsire|Clodsire, F|100/100
|turn|6
|
|t:|1758279271
|switch|p1a: Garganacl|Garganacl, M|100/100
|-damage|p1a: Garganacl|88/100|[from] Stealth Rock
|move|p2a: Clodsire|Toxic Spikes|p1a: Garganacl
|-sidestart|p1: santiaegon|move: Toxic Spikes
|
|-heal|p1a: Garganacl|94/100|[from] item: Leftovers
|upkeep
|turn|7
|
|t:|1758279279
|move|p1a: Garganacl|Curse|p1a: Garganacl
|-unboost|p1a: Garganacl|spe|1
|-boost|p1a: Garganacl|atk|1
|-boost|p1a: Garganacl|def|1
|move|p2a: Clodsire|Toxic Spikes|p1a: Garganacl
|-sidestart|p1: santiaegon|move: Toxic Spikes
|
|-heal|p1a: Garganacl|100/100|[from] item: Leftovers
|upkeep
|turn|8
|
|t:|1758279287
|move|p2a: Clodsire|Earthquake|p1a: Garganacl
|-supereffective|p1a: Garganacl
|-damage|p1a: Garganacl|62/100
|move|p1a: Garganacl|Curse|p1a: Garganacl
|-unboost|p1a: Garganacl|spe|1
|-boost|p1a: Garganacl|atk|1
|-boost|p1a: Garganacl|def|1
|
|-heal|p1a: Garganacl|68/100|[from] item: Leftovers
|upkeep
|turn|9
|
|t:|1758279295
|move|p2a: Clodsire|Earthquake|p1a: Garganacl
|-supereffective|p1a: Garganacl
|-damage|p1a: Garganacl|35/100
|move|p1a: Garganacl|Curse|p1a: Garganacl
|-unboost|p1a: Garganacl|spe|1
|-boost|p1a: Garganacl|atk|1
|-boost|p1a: Garganacl|def|1
|
|-heal|p1a: Garganacl|41/100|[from] item: Leftovers
|upkeep
|turn|10
|
|t:|1758279303
|move|p2a: Clodsire|Earthquake|p1a: Garganacl
|-supereffective|p1a: Garganacl
|-damage|p1a: Garganacl|5/100
|move|p1a: Garganacl|Recover|p1a: Garganacl
|-heal|p1a: Garganacl|55/100
|
|-heal|p1a: Garganacl|61/100|[from] item: Leftovers
|upkeep
|turn|11
|
|t:|1758279310
|move|p2a: Clodsire|Earthquake|p1a: Garganacl
|-supereffective|p1a: Garganacl
|-damage|p1a: Garganacl|28/100
|move|p1a: Garganacl|Recover|p1a: Garganacl
|-heal|p1a: Garganacl|78/100
|
|-heal|p1a: Garganacl|85/100|[from] item: Leftovers
|upkeep
|turn|12
|
|t:|1758279317
|move|p2a: Clodsire|Earthquake|p1a: Garganacl
|-supereffective|p1a: Garganacl
|-damage|p1a: Garganacl|48/100
|move|p1a: Garganacl|Curse|p1a: Garganacl
|-unboost|p1a: Garganacl|spe|1
|-boost|p1a: Garganacl|atk|1
|-boost|p1a: Garganacl|def|1
|
|-heal|p1a: Garganacl|54/100|[from] item: Leftovers
|upkeep
|turn|13
|
|t:|1758279325
|move|p2a: Clodsire|Earthquake|p1a: Garganacl
|-supereffective|p1a: Garganacl
|-damage|p1a: Garganacl|19/100
|move|p1a: Garganacl|Recover|p1a: Garganacl
|-heal|p1a: Garganacl|69/100
|
|-heal|p1a: Garganacl|75/100|[from] item: Leftovers
|upkeep
|turn|14
|
|t:|1758279333
|move|p2a: Clodsire|Earthquake|p1a: Garganacl
|-supereffective|p1a: Garganacl
|-damage|p1a: Garganacl|38/100
|move|p1a: Garganacl|Earthquake|p2a: Clodsire
|-supereffective|p2a: Clodsire
|-damage|p2a: Clodsire|62/100
|
|-heal|p2a: Clodsire|68/100|[from] item: Leftovers
|-heal|p1a: Garganacl|44/100|[from] item: Leftovers
|upkeep
|turn|15
|
|t:|1758279342
|-terastallize|p1a: Garganacl|Water
|move|p2a: Clodsire|Earthquake|p1a: Garganacl
|-damage|p1a: Garganacl|26/100
|move|p1a: Garganacl|Recover|p1a: Garganacl
|-heal|p1a: Garganacl|76/100
|
|-heal|p2a: Clodsire|75/100|[from] item: Leftovers
|-heal|p1a: Garganacl|82/100|[from] item: Leftovers
|upkeep
|turn|16
|
|t:|1758279353
|move|p2a: Clodsire|Toxic|p1a: Garganacl
|-immune|p1a: Garganacl|[from] ability: Purifying Salt
|move|p1a: Garganacl|Salt Cure|p2a: Clodsire
|-resisted|p2a: Clodsire
|-damage|p2a: Clodsire|69/100
|-start|p2a: Clodsire|Salt Cure
|
|-heal|p2a: Clodsire|75/100|[from] item: Leftovers
|-heal|p1a: Garganacl|89/100|[from] item: Leftovers
|-damage|p2a: Clodsire|63/100|[from] Salt Cure
|upkeep
|turn|17
|
|t:|1758279368
|switch|p2a: Quaquaval|Quaquaval, F|100/100
|move|p1a: Garganacl|Curse|p1a: Garganacl
|-unboost|p1a: Garganacl|spe|1
|-boost|p1a: Garganacl|atk|1
|-boost|p1a: Garganacl|def|1
|
|-heal|p1a: Garganacl|95/100|[from] item: Leftovers
|upkeep
|turn|18
|
|t:|1758279377
|move|p2a: Quaquaval|Close Combat|p1a: Garganacl
|-damage|p1a: Garganacl|80/100
|-unboost|p2a: Quaquaval|def|1
|-unboost|p2a: Quaquaval|spd|1
|-damage|p2a: Quaquaval|91/100|[from] item: Life Orb
|move|p1a: Garganacl|Salt Cure|p2a: Quaquaval
|-resisted|p2a: Quaquaval
|-damage|p2a: Quaquaval|39/100
|-start|p2a: Quaquaval|Salt Cure
|
|-heal|p1a: Garganacl|86/100|[from] item: Leftovers
|-damage|p2a: Quaquaval|14/100|[from] Salt Cure
|upkeep
|turn|19
|
|t:|1758279389
|move|p2a: Quaquaval|Aqua Step|p1a: Garganacl
|-resisted|p1a: Garganacl
|-damage|p1a: Garganacl|81/100
|-boost|p2a: Quaquaval|spe|1
|-damage|p2a: Quaquaval|4/100|[from] item: Life Orb
|move|p1a: Garganacl|Curse|p1a: Garganacl
|-unboost|p1a: Garganacl|spe|1
|-boost|p1a: Garganacl|atk|1
|-boost|p1a: Garganacl|def|1
|
|-heal|p1a: Garganacl|88/100|[from] item: Leftovers
|-damage|p2a: Quaquaval|0 fnt|[from] Salt Cure
|faint|p2a: Quaquaval
|upkeep
|
|t:|1758279406
|switch|p2a: Garganacl|Garganacl, F|100/100
|turn|20
|
|t:|1758279410
|move|p2a: Garganacl|Iron Defense|p2a: Garganacl
|-boost|p2a: Garganacl|def|2
|move|p1a: Garganacl|Earthquake|p2a: Garganacl
|-supereffective|p2a: Garganacl
|-damage|p2a: Garganacl|55/100
|
|-heal|p2a: Garganacl|61/100|[from] item: Leftovers
|-heal|p1a: Garganacl|94/100|[from] item: Leftovers
|upkeep
|turn|21
|
|t:|1758279420
|move|p2a: Garganacl|Iron Defense|p2a: Garganacl
|-boost|p2a: Garganacl|def|2
|move|p1a: Garganacl|Earthquake|p2a: Garganacl
|-supereffective|p2a: Garganacl
|-damage|p2a: Garganacl|28/100
|
|-heal|p2a: Garganacl|35/100|[from] item: Leftovers
|-heal|p1a: Garganacl|99/100|[from] item: Leftovers
|upkeep
|turn|22
|
|t:|1758279431
|move|p2a: Garganacl|Recover|p2a: Garganacl
|-heal|p2a: Garganacl|85/100
|move|p1a: Garganacl|Earthquake|p2a: Garganacl
|-supereffective|p2a: Garganacl
|-crit|p2a: Garganacl
|-damage|p2a: Garganacl|0 fnt
|faint|p2a: Garganacl
|
|-heal|p1a: Garganacl|100/100|[from] item: Leftovers
|upkeep
|
|t:|1758279439
|switch|p2a: Clodsire|Clodsire, F|63/100
|turn|23
|
|t:|1758279444
|move|p2a: Clodsire|Earthquake|p1a: Garganacl
|-damage|p1a: Garganacl|84/100
|move|p1a: Garganacl|Earthquake|p2a: Clodsire
|-supereffective|p2a: Clodsire
|-damage|p2a: Clodsire|28/100
|
|-heal|p2a: Clodsire|35/100|[from] item: Leftovers
|-heal|p1a: Garganacl|90/100|[from] item: Leftovers
|upkeep
|turn|24
|
|t:|1758279451
|move|p2a: Clodsire|Recover|p2a: Clodsire
|-heal|p2a: Clodsire|85/100
|move|p1a: Garganacl|Salt Cure|p2a: Clodsire
|-resisted|p2a: Clodsire
|-damage|p2a: Clodsire|79/100
|-start|p2a: Clodsire|Salt Cure
|
|-heal|p2a: Clodsire|85/100|[from] item: Leftovers
|-heal|p1a: Garganacl|97/100|[from] item: Leftovers
|-damage|p2a: Clodsire|73/100|[from] Salt Cure
|upkeep
|turn|25
|
|t:|1758279460
|move|p2a: Clodsire|Earthquake|p1a: Garganacl
|-damage|p1a: Garganacl|78/100
|move|p1a: Garganacl|Earthquake|p2a: Clodsire
|-supereffective|p2a: Clodsire
|-damage|p2a: Clodsire|39/100
|
|-heal|p2a: Clodsire|45/100|[from] item: Leftovers
|-heal|p1a: Garganacl|84/100|[from] item: Leftovers
|-damage|p2a: Clodsire|32/100|[from] Salt Cure
|upkeep
|turn|26
|
|t:|1758279469
|move|p2a: Clodsire|Recover|p2a: Clodsire
|-heal|p2a: Clodsire|82/100
|move|p1a: Garganacl|Earthquake|p2a: Clodsire
|-supereffective|p2a: Clodsire
|-damage|p2a: Clodsire|44/100
|
|-heal|p2a: Clodsire|50/100|[from] item: Leftovers
|-heal|p1a: Garganacl|90/100|[from] item: Leftovers
|-damage|p2a: Clodsire|38/100|[from] Salt Cure
|upkeep
|turn|27
|
|t:|1758279478
|move|p2a: Clodsire|Recover|p2a: Clodsire
|-heal|p2a: Clodsire|88/100
|move|p1a: Garganacl|Earthquake|p2a: Clodsire
|-supereffective|p2a: Clodsire
|-damage|p2a: Clodsire|49/100
|
|-heal|p2a: Clodsire|55/100|[from] item: Leftovers
|-heal|p1a: Garganacl|97/100|[from] item: Leftovers
|-damage|p2a: Clodsire|43/100|[from] Salt Cure
|upkeep
|turn|28
|
|t:|1758279486
|move|p2a: Clodsire|Earthquake|p1a: Garganacl
|-damage|p1a: Garganacl|78/100
|move|p1a: Garganacl|Earthquake|p2a: Clodsire
|-supereffective|p2a: Clodsire
|-damage|p2a: Clodsire|9/100
|
|-heal|p2a: Clodsire|15/100|[from] item: Leftovers
|-heal|p1a: Garganacl|84/100|[from] item: Leftovers
|-damage|p2a: Clodsire|3/100|[from] Salt Cure
|upkeep
|turn|29
|
|t:|1758279495
|move|p2a: Clodsire|Recover|p2a: Clodsire
|-heal|p2a: Clodsire|53/100
|move|p1a: Garganacl|Earthquake|p2a: Clodsire
|-supereffective|p2a: Clodsire
|-damage|p2a: Clodsire|17/100
|
|-heal|p2a: Clodsire|23/100|[from] item: Leftovers
|-heal|p1a: Garganacl|90/100|[from] item: Leftovers
|-damage|p2a: Clodsire|10/100|[from] Salt Cure
|upkeep
|turn|30
|
|t:|1758279503
|move|p2a: Clodsire|Recover|p2a: Clodsire
|-heal|p2a: Clodsire|60/100
|move|p1a: Garganacl|Earthquake|p2a: Clodsire
|-supereffective|p2a: Clodsire
|-damage|p2a: Clodsire|25/100
|
|-heal|p2a: Clodsire|31/100|[from] item: Leftovers
|-heal|p1a: Garganacl|97/100|[from] item: Leftovers
|-damage|p2a: Clodsire|19/100|[from] Salt Cure
|upkeep
|turn|31
|
|t:|1758279512
|move|p2a: Clodsire|Recover|p2a: Clodsire
|-heal|p2a: Clodsire|69/100
|move|p1a: Garganacl|Earthquake|p2a: Clodsire
|-supereffective|p2a: Clodsire
|-damage|p2a: Clodsire|33/100
|
|-heal|p2a: Clodsire|39/100|[from] item: Leftovers
|-heal|p1a: Garganacl|100/100|[from] item: Leftovers
|-damage|p2a: Clodsire|27/100|[from] Salt Cure
|upkeep
|turn|32
|
|t:|1758279520
|move|p2a: Clodsire|Toxic|p1a: Garganacl
|-immune|p1a: Garganacl|[from] ability: Purifying Salt
|move|p1a: Garganacl|Earthquake|p2a: Clodsire
|-supereffective|p2a: Clodsire
|-damage|p2a: Clodsire|0 fnt
|faint|p2a: Clodsire
|
|upkeep
|
|t:|1758279527
|switch|p2a: Kingambit|Kingambit, F|100/100
|turn|33
|
|t:|1758279536
|move|p2a: Kingambit|Iron Head|p1a: Garganacl
|-resisted|p1a: Garganacl
|-damage|p1a: Garganacl|95/100
|-damage|p2a: Kingambit|91/100|[from] item: Life Orb
|cant|p1a: Garganacl|flinch
|
|-heal|p1a: Garganacl|100/100|[from] item: Leftovers
|upkeep
|turn|34
|
|t:|1758279545
|move|p2a: Kingambit|Taunt|p1a: Garganacl
|-start|p1a: Garganacl|move: Taunt
|move|p1a: Garganacl|Earthquake|p2a: Kingambit
|-supereffective|p2a: Kingambit
|-damage|p2a: Kingambit|0 fnt
|faint|p2a: Kingambit
|
|win|santiaegon
|raw|santiaegon's rating: 1133 &rarr; <strong>1156</strong><br />(+23 for winning)
|raw|jiwoongz's rating: 1107 &rarr; <strong>1084</strong><br />(-23 for losing)
|l|☆santiaegon
|player|p1|
|l|☆jiwoongz
|player|p2|
