|j|☆slowbro named paul
|j|☆kiarnjd
|t:|1758292314
|gametype|singles
|player|p1|slowbro named paul|skierf|1272
|player|p2|kiarnjd|red|1313
|gen|9
|tier|[Gen 9] OU
|rated|
|rule|HP Percentage Mod: HP is shown in percentages
|rule|Endless Battle Clause: Forcing endless battles is banned
|rule|Species Clause: Limit one of each Pokémon
|rule|OHKO Clause: OHKO moves are banned
|rule|Evasion Items Clause: Evasion items are banned
|rule|Evasion Moves Clause: Evasion moves are banned
|rule|Evasion Abilities Clause: Evasion abilities are banned
|rule|Sleep Moves Clause: Sleep-inducing moves are banned
|clearpoke
|poke|p1|Hatterene, F|
|poke|p1|Ceruledge, F|
|poke|p1|Raging Bolt|
|poke|p1|Okidogi, M|
|poke|p1|Toedscruel, M|
|poke|p1|Articuno|
|poke|p2|Thundurus-Therian, M|
|poke|p2|Cinderace, M|
|poke|p2|Quaquaval, M|
|poke|p2|Clefable, F|
|poke|p2|Pecharunt|
|poke|p2|Iron Boulder|
|teampreview
|inactive|Battle timer is ON: inactive players will automatically lose when time's up. (requested by slowbro named paul)
|inactive|kiarnjd also wants the timer to be on.
|
|t:|1758292336
|teamsize|p1|6
|teamsize|p2|6
|start
|switch|p1a: Hatterene|Hatterene, F|100/100
|switch|p2a: Clefable|Clefable, F|100/100
|turn|1
|
|t:|1758292344
|switch|p2a: Pecharunt|Pecharunt|100/100
|move|p1a: Hatterene|Nuzzle|p2a: Pecharunt
|-damage|p2a: Pecharunt|97/100
|-status|p2a: Pecharunt|par
|
|upkeep
|turn|2
|
|t:|1758292352
|move|p2a: Pecharunt|Nasty Plot|p2a: Pecharunt
|-boost|p2a: Pecharunt|spa|2
|move|p1a: Hatterene|Psychic Noise|p2a: Pecharunt
|-supereffective|p2a: Pecharunt
|-damage|p2a: Pecharunt|0 fnt
|faint|p2a: Pecharunt
|
|upkeep
|
|t:|1758292356
|switch|p2a: Thundurus|Thundurus-Therian, M|100/100
|turn|3
|
|t:|1758292361
|move|p2a: Thundurus|Thunderbolt|p1a: Hatterene
|-damage|p1a: Hatterene|45/100
|-status|p1a: Hatterene|par
|move|p1a: Hatterene|Mystical Fire|p2a: Thundurus
|-damage|p2a: Thundurus|61/100
|-unboost|p2a: Thundurus|spa|1
|
|upkeep
|turn|4
|
|t:|1758292365
|switch|p1a: Raging Bolt|Raging Bolt|100/100
|move|p2a: Thundurus|Thunderbolt|p1a: Raging Bolt
|-resisted|p1a: Raging Bolt
|-damage|p1a: Raging Bolt|89/100
|
|-heal|p1a: Raging Bolt|95/100|[from] item: Leftovers
|upkeep
|turn|5
|
|t:|1758292369
|switch|p2a: Clefable|Clefable, F|100/100
|move|p1a: Raging Bolt|Thunderbolt|p2a: Clefable
|-damage|p2a: Clefable|59/100
|-status|p2a: Clefable|par
|
|-heal|p1a: Raging Bolt|100/100|[from] item: Leftovers
|-heal|p2a: Clefable|65/100 par|[from] item: Leftovers
|upkeep
|turn|6
|c|☆kiarnjd|gg
|
|t:|1758292379
|-end|p1a: Raging Bolt|Protosynthesis|[silent]
|switch|p1a: Hatterene|Hatterene, F|45/100 par
|move|p2a: Clefable|Stealth Rock|p1a: Hatterene
|move|p1a: Hatterene|Stealth Rock|p2a: Clefable|[from] ability: Magic Bounce
|-sidestart|p2: kiarnjd|move: Stealth Rock
|
|-heal|p2a: Clefable|72/100 par|[from] item: Leftovers
|upkeep
|turn|7
|
|t:|1758292381
|cant|p2a: Clefable|par
|move|p1a: Hatterene|Mystical Fire|p2a: Clefable
|-damage|p2a: Clefable|44/100 par
|-unboost|p2a: Clefable|spa|1
|
|-heal|p2a: Clefable|50/100 par|[from] item: Leftovers
|upkeep
|turn|8
|
|t:|1758292392
|switch|p2a: Quaquaval|Quaquaval, M|100/100
|-damage|p2a: Quaquaval|94/100|[from] Stealth Rock
|move|p1a: Hatterene|Psychic Noise|p2a: Quaquaval
|-supereffective|p2a: Quaquaval
|-damage|p2a: Quaquaval|8/100
|-start|p2a: Quaquaval|move: Heal Block
|
|upkeep
|turn|9
|
|t:|1758292397
|switch|p1a: Okidogi|Okidogi, M|100/100
|move|p2a: Quaquaval|Knock Off|p1a: Okidogi
|-resisted|p1a: Okidogi
|-damage|p1a: Okidogi|90/100
|-enditem|p1a: Okidogi|Black Sludge|[from] move: Knock Off|[of] p2a: Quaquaval
|
|-end|p2a: Quaquaval|move: Heal Block
|upkeep
|turn|10
|
|t:|1758292403
|move|p2a: Quaquaval|Aqua Step|p1a: Okidogi
|-damage|p1a: Okidogi|63/100
|-boost|p2a: Quaquaval|spe|1
|move|p1a: Okidogi|Knock Off|p2a: Quaquaval
|-resisted|p2a: Quaquaval
|-damage|p2a: Quaquaval|0 fnt
|-enditem|p2a: Quaquaval|Assault Vest|[from] move: Knock Off|[of] p1a: Okidogi
|faint|p2a: Quaquaval
|
|upkeep
|
|t:|1758292410
|switch|p2a: Thundurus|Thundurus-Therian, M|61/100
|-damage|p2a: Thundurus|36/100|[from] Stealth Rock
|turn|11
|
|t:|1758292413
|move|p2a: Thundurus|Thunderbolt|p1a: Okidogi
|-damage|p1a: Okidogi|0 fnt
|faint|p1a: Okidogi
|
|upkeep
|
|t:|1758292415
|switch|p1a: Toedscruel|Toedscruel, M|100/100
|turn|12
|
|t:|1758292421
|switch|p2a: Cinderace|Cinderace, M|100/100
|move|p1a: Toedscruel|Rapid Spin|p2a: Cinderace
|-damage|p2a: Cinderace|89/100
|-boost|p1a: Toedscruel|spe|1
|
|upkeep
|turn|13
|
|t:|1758292426
|-terastallize|p1a: Toedscruel|Ground
|move|p2a: Cinderace|Pyro Ball|p1a: Toedscruel
|-damage|p1a: Toedscruel|19/100
|-status|p1a: Toedscruel|brn
|move|p1a: Toedscruel|Earth Power|p2a: Cinderace
|-supereffective|p2a: Cinderace
|-damage|p2a: Cinderace|0 fnt
|faint|p2a: Cinderace
|
|-damage|p1a: Toedscruel|13/100 brn|[from] brn
|upkeep
|
|t:|1758292432
|switch|p2a: Iron Boulder|Iron Boulder|100/100
|-damage|p2a: Iron Boulder|88/100|[from] Stealth Rock
|-enditem|p2a: Iron Boulder|Booster Energy
|-activate|p2a: Iron Boulder|ability: Quark Drive|[fromitem]
|-start|p2a: Iron Boulder|quarkdrivespe
|turn|14
|
|t:|1758292439
|-terastallize|p2a: Iron Boulder|Fighting
|move|p2a: Iron Boulder|Swords Dance|p2a: Iron Boulder
|-boost|p2a: Iron Boulder|atk|2
|move|p1a: Toedscruel|Earth Power|p2a: Iron Boulder
|-damage|p2a: Iron Boulder|39/100
|-unboost|p2a: Iron Boulder|spd|1
|
|-damage|p1a: Toedscruel|7/100 brn|[from] brn
|upkeep
|turn|15
|
|t:|1758292445
|move|p2a: Iron Boulder|Mighty Cleave|p1a: Toedscruel
|-resisted|p1a: Toedscruel
|-damage|p1a: Toedscruel|0 fnt
|faint|p1a: Toedscruel
|
|upkeep
|
|t:|1758292447
|switch|p1a: Raging Bolt|Raging Bolt|100/100
|turn|16
|
|t:|1758292453
|move|p1a: Raging Bolt|Thunderclap|p2a: Iron Boulder
|-damage|p2a: Iron Boulder|0 fnt
|faint|p2a: Iron Boulder
|-end|p2a: Iron Boulder|Quark Drive|[silent]
|
|upkeep
|
|t:|1758292457
|switch|p2a: Thundurus|Thundurus-Therian, M|36/100
|-damage|p2a: Thundurus|12/100|[from] Stealth Rock
|turn|17
|
|t:|1758292463
|move|p2a: Thundurus|Tera Blast|p1a: Raging Bolt
|-damage|p1a: Raging Bolt|64/100
|move|p1a: Raging Bolt|Dragon Pulse|p2a: Thundurus
|-damage|p2a: Thundurus|0 fnt
|faint|p2a: Thundurus
|
|-heal|p1a: Raging Bolt|71/100|[from] item: Leftovers
|upkeep
|-message|kiarnjd forfeited.
|
|win|slowbro named paul
|raw|slowbro named paul's rating: 1272 &rarr; <strong>1300</strong><br />(+28 for winning)
|raw|kiarnjd's rating: 1313 &rarr; <strong>1291</strong><br />(-22 for losing)
|l|☆slowbro named paul
|player|p1|
|l|☆kiarnjd
|player|p2|
