|j|☆the big j
|j|☆wage_75
|t:|1758271556
|gametype|singles
|player|p1|the big j|1|1363
|player|p2|wage_75|ruinmaniac|1301
|gen|9
|tier|[Gen 9] OU
|rated|
|rule|HP Percentage Mod: HP is shown in percentages
|rule|Endless Battle Clause: Forcing endless battles is banned
|rule|Species Clause: Limit one of each Pokémon
|rule|OHKO Clause: OHKO moves are banned
|rule|Evasion Items Clause: Evasion items are banned
|rule|Evasion Moves Clause: Evasion moves are banned
|rule|Evasion Abilities Clause: Evasion abilities are banned
|rule|Sleep Moves Clause: Sleep-inducing moves are banned
|clearpoke
|poke|p1|Pecharunt|
|poke|p1|Great Tusk|
|poke|p1|Ogerpon-Wellspring, F|
|poke|p1|Iron Crown|
|poke|p1|Landorus-Therian, M|
|poke|p1|Samurott-Hisui, F|
|poke|p2|Goodra-Hisui, M|
|poke|p2|Basculegion-F, F|
|poke|p2|Politoed, F|
|poke|p2|Barraskewda, M|
|poke|p2|Weezing-Galar, F|
|poke|p2|Dragonite, M|
|teampreview
|
|t:|1758271569
|teamsize|p1|6
|teamsize|p2|6
|start
|switch|p1a: Samurott|Samurott-Hisui, F|100/100
|switch|p2a: Weezing|Weezing-Galar, F|100/100
|turn|1
|inactive|Battle timer is ON: inactive players will automatically lose when time's up. (requested by the big j)
|
|t:|1758271578
|move|p1a: Samurott|Flip Turn|p2a: Weezing
|-damage|p2a: Weezing|80/100
|
|t:|1758271589
|switch|p1a: Iron Crown|Iron Crown|100/100|[from] Flip Turn
|move|p2a: Weezing|Will-O-Wisp|p1a: Iron Crown
|-status|p1a: Iron Crown|brn
|
|-heal|p2a: Weezing|86/100|[from] item: Leftovers
|-damage|p1a: Iron Crown|94/100 brn|[from] brn
|upkeep
|turn|2
|
|t:|1758271597
|switch|p2a: Politoed|Politoed, F|100/100
|-weather|RainDance|[from] ability: Drizzle|[of] p2a: Politoed
|move|p1a: Iron Crown|Volt Switch|p2a: Politoed
|-supereffective|p2a: Politoed
|-damage|p2a: Politoed|33/100
|
|t:|1758271607
|-end|p1a: Iron Crown|Quark Drive|[silent]
|switch|p1a: Ogerpon|Ogerpon-Wellspring, F|100/100|[from] Volt Switch
|
|-weather|RainDance|[upkeep]
|upkeep
|turn|3
|
|t:|1758271611
|move|p1a: Ogerpon|Swords Dance|p1a: Ogerpon
|-boost|p1a: Ogerpon|atk|2
|move|p2a: Politoed|Encore|p1a: Ogerpon
|-start|p1a: Ogerpon|Encore
|
|-weather|RainDance|[upkeep]
|upkeep
|turn|4
|
|t:|1758271617
|switch|p1a: Iron Crown|Iron Crown|94/100 brn
|switch|p2a: Dragonite|Dragonite, M|100/100
|
|-weather|RainDance|[upkeep]
|-damage|p1a: Iron Crown|88/100 brn|[from] brn
|upkeep
|turn|5
|
|t:|1758271624
|move|p1a: Iron Crown|Volt Switch|p2a: Dragonite
|-damage|p2a: Dragonite|80/100
|
|t:|1758271628
|-end|p1a: Iron Crown|Quark Drive|[silent]
|switch|p1a: Landorus|Landorus-Therian, M|100/100|[from] Volt Switch
|-ability|p1a: Landorus|Intimidate|boost
|-unboost|p2a: Dragonite|atk|1
|move|p2a: Dragonite|Dragon Dance|p2a: Dragonite
|-boost|p2a: Dragonite|atk|1
|-boost|p2a: Dragonite|spe|1
|
|-weather|RainDance|[upkeep]
|upkeep
|turn|6
|
|t:|1758271635
|move|p2a: Dragonite|Hurricane|p1a: Landorus
|-damage|p1a: Landorus|49/100
|-start|p1a: Landorus|confusion
|-activate|p1a: Landorus|confusion
|-damage|p1a: Landorus|30/100|[from] confusion
|
|-weather|RainDance|[upkeep]
|upkeep
|turn|7
|
|t:|1758271647
|switch|p1a: Pecharunt|Pecharunt|100/100
|move|p2a: Dragonite|Hurricane|p1a: Pecharunt
|-damage|p1a: Pecharunt|61/100
|-start|p1a: Pecharunt|confusion
|
|-weather|RainDance|[upkeep]
|upkeep
|turn|8
|
|t:|1758271661
|move|p2a: Dragonite|Dragon Dance|p2a: Dragonite
|-boost|p2a: Dragonite|atk|1
|-boost|p2a: Dragonite|spe|1
|-activate|p1a: Pecharunt|confusion
|move|p1a: Pecharunt|Recover|p1a: Pecharunt
|-heal|p1a: Pecharunt|100/100
|
|-weather|RainDance|[upkeep]
|upkeep
|turn|9
|
|t:|1758271664
|move|p2a: Dragonite|Earthquake|p1a: Pecharunt
|-supereffective|p1a: Pecharunt
|-damage|p1a: Pecharunt|53/100
|-end|p1a: Pecharunt|confusion
|move|p1a: Pecharunt|Parting Shot|p2a: Dragonite
|-unboost|p2a: Dragonite|atk|1
|-unboost|p2a: Dragonite|spa|1
|
|t:|1758271672
|switch|p1a: Landorus|Landorus-Therian, M|30/100|[from] Parting Shot
|-ability|p1a: Landorus|Intimidate|boost
|-unboost|p2a: Dragonite|atk|1
|
|-weather|none
|upkeep
|turn|10
|
|t:|1758271680
|switch|p1a: Iron Crown|Iron Crown|88/100 brn
|move|p2a: Dragonite|Hurricane|p1a: Iron Crown
|-resisted|p1a: Iron Crown
|-damage|p1a: Iron Crown|75/100 brn
|
|-damage|p1a: Iron Crown|69/100 brn|[from] brn
|upkeep
|turn|11
|
|t:|1758271690
|-end|p1a: Iron Crown|Quark Drive|[silent]
|switch|p1a: Landorus|Landorus-Therian, M|30/100
|-ability|p1a: Landorus|Intimidate|boost
|-unboost|p2a: Dragonite|atk|1
|move|p2a: Dragonite|Earthquake|p1a: Landorus
|-immune|p1a: Landorus
|
|upkeep
|turn|12
|
|t:|1758271700
|switch|p2a: Politoed|Politoed, F|33/100
|-weather|RainDance|[from] ability: Drizzle|[of] p2a: Politoed
|move|p1a: Landorus|Stone Edge|p2a: Politoed
|-damage|p2a: Politoed|0 fnt
|faint|p2a: Politoed
|
|-weather|RainDance|[upkeep]
|upkeep
|
|t:|1758271709
|switch|p2a: Basculegion|Basculegion-F, F|100/100
|turn|13
|
|t:|1758271719
|switch|p1a: Ogerpon|Ogerpon-Wellspring, F|100/100
|move|p2a: Basculegion|Shadow Ball|p1a: Ogerpon
|-damage|p1a: Ogerpon|48/100
|
|-weather|RainDance|[upkeep]
|upkeep
|turn|14
|
|t:|1758271728
|switch|p2a: Barraskewda|Barraskewda, M|100/100
|switch|p1a: Samurott|Samurott-Hisui, F|100/100
|
|-weather|RainDance|[upkeep]
|upkeep
|turn|15
|
|t:|1758271732
|move|p2a: Barraskewda|Close Combat|p1a: Samurott
|-supereffective|p1a: Samurott
|-damage|p1a: Samurott|0 fnt
|-unboost|p2a: Barraskewda|def|1
|-unboost|p2a: Barraskewda|spd|1
|faint|p1a: Samurott
|
|-weather|RainDance|[upkeep]
|upkeep
|
|t:|1758271743
|switch|p1a: Landorus|Landorus-Therian, M|30/100
|-ability|p1a: Landorus|Intimidate|boost
|-unboost|p2a: Barraskewda|atk|1
|turn|16
|
|t:|1758271746
|switch|p2a: Dragonite|Dragonite, M|80/100
|switch|p1a: Pecharunt|Pecharunt|53/100
|
|-weather|RainDance|[upkeep]
|upkeep
|turn|17
|
|t:|1758271749
|move|p2a: Dragonite|Hurricane|p1a: Pecharunt
|-damage|p1a: Pecharunt|14/100
|move|p1a: Pecharunt|Recover|p1a: Pecharunt
|-heal|p1a: Pecharunt|64/100
|
|-weather|RainDance|[upkeep]
|upkeep
|turn|18
|
|t:|1758271754
|move|p2a: Dragonite|Hurricane|p1a: Pecharunt
|-damage|p1a: Pecharunt|27/100
|-start|p1a: Pecharunt|confusion
|-activate|p1a: Pecharunt|confusion
|move|p1a: Pecharunt|Recover|p1a: Pecharunt
|-heal|p1a: Pecharunt|77/100
|
|-weather|RainDance|[upkeep]
|upkeep
|turn|19
|
|t:|1758271758
|switch|p1a: Landorus|Landorus-Therian, M|30/100
|-ability|p1a: Landorus|Intimidate|boost
|-unboost|p2a: Dragonite|atk|1
|move|p2a: Dragonite|Hurricane|p1a: Landorus
|-damage|p1a: Landorus|0 fnt
|faint|p1a: Landorus
|
|-weather|none
|upkeep
|
|t:|1758271770
|switch|p1a: Pecharunt|Pecharunt|77/100
|turn|20
|
|t:|1758271775
|switch|p2a: Goodra|Goodra-Hisui, M|100/100
|move|p1a: Pecharunt|Malignant Chain|p2a: Goodra
|-immune|p2a: Goodra
|
|upkeep
|turn|21
|
|t:|1758271780
|move|p1a: Pecharunt|Parting Shot|p2a: Goodra
|-unboost|p2a: Goodra|atk|1
|-unboost|p2a: Goodra|spa|1
|
|t:|1758271784
|switch|p1a: Great Tusk|Great Tusk|100/100|[from] Parting Shot
|-enditem|p1a: Great Tusk|Booster Energy
|-activate|p1a: Great Tusk|ability: Protosynthesis|[fromitem]
|-start|p1a: Great Tusk|protosynthesisspe
|move|p2a: Goodra|Dragon Tail|p1a: Great Tusk
|-damage|p1a: Great Tusk|92/100
|-end|p1a: Great Tusk|Protosynthesis|[silent]
|drag|p1a: Ogerpon|Ogerpon-Wellspring, F|48/100
|
|upkeep
|turn|22
|
|t:|1758271793
|switch|p2a: Dragonite|Dragonite, M|80/100
|move|p1a: Ogerpon|Synthesis|p1a: Ogerpon
|-heal|p1a: Ogerpon|98/100
|
|upkeep
|turn|23
|
|t:|1758271800
|-terastallize|p1a: Ogerpon|Water
|detailschange|p1a: Ogerpon|Ogerpon-Wellspring-Tera, F, tera:Water
|-ability|p1a: Ogerpon|Embody Aspect (Wellspring)|boost
|-boost|p1a: Ogerpon|spd|1
|move|p2a: Dragonite|Dragon Dance|p2a: Dragonite
|-boost|p2a: Dragonite|atk|1
|-boost|p2a: Dragonite|spe|1
|move|p1a: Ogerpon|Swords Dance|p1a: Ogerpon
|-boost|p1a: Ogerpon|atk|2
|
|upkeep
|turn|24
|
|t:|1758271811
|move|p2a: Dragonite|Extreme Speed|p1a: Ogerpon
|-damage|p1a: Ogerpon|60/100
|move|p1a: Ogerpon|Ivy Cudgel|p2a: Dragonite|[anim] Ivy Cudgel Water
|-resisted|p2a: Dragonite
|-damage|p2a: Dragonite|0 fnt
|faint|p2a: Dragonite
|
|upkeep
|
|t:|1758271816
|switch|p2a: Weezing|Weezing-Galar, F|86/100
|turn|25
|
|t:|1758271822
|move|p1a: Ogerpon|Ivy Cudgel|p2a: Weezing|[anim] Ivy Cudgel Water
|-damage|p2a: Weezing|0 fnt
|faint|p2a: Weezing
|
|upkeep
|
|t:|1758271831
|switch|p2a: Barraskewda|Barraskewda, M|100/100
|turn|26
|
|t:|1758271852
|-terastallize|p2a: Barraskewda|Water
|move|p2a: Barraskewda|Liquidation|p1a: Ogerpon
|-resisted|p1a: Ogerpon
|-damage|p1a: Ogerpon|15/100
|-unboost|p1a: Ogerpon|def|1
|move|p1a: Ogerpon|Trailblaze|p2a: Barraskewda
|-supereffective|p2a: Barraskewda
|-damage|p2a: Barraskewda|0 fnt
|-boost|p1a: Ogerpon|spe|1
|faint|p2a: Barraskewda
|
|upkeep
|-message|wage_75 forfeited.
|
|win|the big j
|raw|the big j's rating: 1363 &rarr; <strong>1379</strong><br />(+16 for winning)
|raw|wage_75's rating: 1301 &rarr; <strong>1285</strong><br />(-16 for losing)
|l|☆wage_75
|player|p2|
|l|☆the big j
|player|p1|
