|j|☆noahthebadplayer
|j|☆rainsmeller5000
|t:|1758337649
|gametype|singles
|player|p1|noahthebadplayer|265|1106
|player|p2|rainsmeller5000|170|1053
|gen|9
|tier|[Gen 9] OU
|rated|
|rule|HP Percentage Mod: HP is shown in percentages
|rule|Endless Battle Clause: Forcing endless battles is banned
|rule|Species Clause: Limit one of each Pokémon
|rule|OHKO Clause: OHKO moves are banned
|rule|Evasion Items Clause: Evasion items are banned
|rule|Evasion Moves Clause: Evasion moves are banned
|rule|Evasion Abilities Clause: Evasion abilities are banned
|rule|Sleep Moves Clause: Sleep-inducing moves are banned
|clearpoke
|poke|p1|Zamazenta-*|
|poke|p1|Iron Moth|
|poke|p1|Tsareena, F|
|poke|p1|Excadrill, M|
|poke|p1|Salamence, M|
|poke|p1|Cloyster, M|
|poke|p2|Hoopa-Unbound|
|poke|p2|Iron Valiant|
|poke|p2|Slowking-Galar, F|
|poke|p2|Gliscor, M|
|poke|p2|Heatran, M|
|poke|p2|Corviknight, F|
|teampreview
|c|☆noahthebadplayer|Glhf
|
|t:|1758337661
|teamsize|p1|6
|teamsize|p2|6
|start
|switch|p1a: Zamazenta|Zamazenta|100/100
|switch|p2a: Corviknight|Corviknight, F|100/100
|-ability|p1a: Zamazenta|Dauntless Shield|boost
|-boost|p1a: Zamazenta|def|1
|-ability|p2a: Corviknight|Pressure
|turn|1
|inactive|Battle timer is ON: inactive players will automatically lose when time's up. (requested by noahthebadplayer)
|
|t:|1758337671
|move|p1a: Zamazenta|Close Combat|p2a: Corviknight
|-damage|p2a: Corviknight|59/100
|-unboost|p1a: Zamazenta|def|1
|-unboost|p1a: Zamazenta|spd|1
|move|p2a: Corviknight|Brave Bird|p1a: Zamazenta
|-supereffective|p1a: Zamazenta
|-damage|p1a: Zamazenta|26/100
|-damage|p2a: Corviknight|39/100|[from] Recoil
|
|upkeep
|turn|2
|
|t:|1758337700
|switch|p2a: Slowking|Slowking-Galar, F|100/100
|move|p1a: Zamazenta|Close Combat|p2a: Slowking
|-resisted|p2a: Slowking
|-damage|p2a: Slowking|86/100
|-unboost|p1a: Zamazenta|def|1
|-unboost|p1a: Zamazenta|spd|1
|
|upkeep
|turn|3
|
|t:|1758337709
|switch|p1a: Excadrill|Excadrill, M|100/100
|-ability|p1a: Excadrill|Mold Breaker
|-item|p1a: Excadrill|Air Balloon
|move|p2a: Slowking|Future Sight|p1a: Excadrill
|-start|p2a: Slowking|move: Future Sight
|
|upkeep
|turn|4
|
|t:|1758337721
|switch|p2a: Corviknight|Corviknight, F|39/100
|-ability|p2a: Corviknight|Pressure
|move|p1a: Excadrill|Rapid Spin|p2a: Corviknight
|-resisted|p2a: Corviknight
|-damage|p2a: Corviknight|33/100
|-boost|p1a: Excadrill|spe|1
|
|upkeep
|turn|5
|
|t:|1758337730
|move|p1a: Excadrill|Swords Dance|p1a: Excadrill
|-boost|p1a: Excadrill|atk|2
|move|p2a: Corviknight|Roost|p2a: Corviknight
|-heal|p2a: Corviknight|83/100
|-singleturn|p2a: Corviknight|move: Roost
|
|-end|p1a: Excadrill|move: Future Sight
|-resisted|p1a: Excadrill
|-damage|p1a: Excadrill|69/100
|-enditem|p1a: Excadrill|Air Balloon
|upkeep
|turn|6
|
|t:|1758337747
|move|p1a: Excadrill|Iron Head|p2a: Corviknight
|-resisted|p2a: Corviknight
|-crit|p2a: Corviknight
|-damage|p2a: Corviknight|41/100
|move|p2a: Corviknight|U-turn|p1a: Excadrill
|-resisted|p1a: Excadrill
|-damage|p1a: Excadrill|59/100
|
|t:|1758337756
|switch|p2a: Iron Valiant|Iron Valiant|100/100|[from] U-turn
|-enditem|p2a: Iron Valiant|Booster Energy
|-activate|p2a: Iron Valiant|ability: Quark Drive|[fromitem]
|-start|p2a: Iron Valiant|quarkdrivespe
|
|upkeep
|turn|7
|
|t:|1758337764
|move|p2a: Iron Valiant|Vacuum Wave|p1a: Excadrill
|-supereffective|p1a: Excadrill
|-damage|p1a: Excadrill|1/100
|move|p1a: Excadrill|Iron Head|p2a: Iron Valiant
|-supereffective|p2a: Iron Valiant
|-damage|p2a: Iron Valiant|0 fnt
|faint|p2a: Iron Valiant
|-end|p2a: Iron Valiant|Quark Drive|[silent]
|
|upkeep
|inactive|rainsmeller5000 has 120 seconds left.
|
|t:|1758337789
|switch|p2a: Corviknight|Corviknight, F|41/100
|-ability|p2a: Corviknight|Pressure
|turn|8
|
|t:|1758337797
|move|p1a: Excadrill|Iron Head|p2a: Corviknight
|-resisted|p2a: Corviknight
|-damage|p2a: Corviknight|16/100
|move|p2a: Corviknight|U-turn|p1a: Excadrill
|-resisted|p1a: Excadrill
|-damage|p1a: Excadrill|0 fnt
|faint|p1a: Excadrill
|
|t:|1758337804
|switch|p2a: Hoopa|Hoopa-Unbound|100/100|[from] U-turn
|
|upkeep
|
|t:|1758337816
|switch|p1a: Zamazenta|Zamazenta|26/100
|turn|9
|
|t:|1758337831
|move|p1a: Zamazenta|Play Rough|p2a: Hoopa
|-supereffective|p2a: Hoopa
|-damage|p2a: Hoopa|0 fnt
|faint|p2a: Hoopa
|
|upkeep
|
|t:|1758337840
|switch|p2a: Gliscor|Gliscor, M|100/100
|turn|10
|
|t:|1758337849
|switch|p1a: Salamence|Salamence, M|100/100
|move|p2a: Gliscor|Knock Off|p1a: Salamence
|-damage|p1a: Salamence|74/100
|-enditem|p1a: Salamence|Heavy-Duty Boots|[from] move: Knock Off|[of] p2a: Gliscor
|
|-status|p2a: Gliscor|tox|[from] item: Toxic Orb
|upkeep
|turn|11
|
|t:|1758337858
|move|p1a: Salamence|Dragon Dance|p1a: Salamence
|-boost|p1a: Salamence|atk|1
|-boost|p1a: Salamence|spe|1
|move|p2a: Gliscor|Toxic|p1a: Salamence
|-status|p1a: Salamence|tox
|
|-damage|p1a: Salamence|68/100 tox|[from] psn
|upkeep
|turn|12
|
|t:|1758337873
|move|p2a: Gliscor|Protect|p2a: Gliscor
|-singleturn|p2a: Gliscor|Protect
|move|p1a: Salamence|Dual Wingbeat|p2a: Gliscor
|-activate|p2a: Gliscor|move: Protect
|
|-damage|p1a: Salamence|56/100 tox|[from] psn
|upkeep
|turn|13
|
|t:|1758337881
|move|p1a: Salamence|Dual Wingbeat|p2a: Gliscor
|-damage|p2a: Gliscor|79/100 tox
|-damage|p2a: Gliscor|56/100 tox
|-hitcount|p2a: Gliscor|2
|move|p2a: Gliscor|Knock Off|p1a: Salamence
|-damage|p1a: Salamence|38/100 tox
|
|-damage|p1a: Salamence|20/100 tox|[from] psn
|-heal|p2a: Gliscor|69/100 tox|[from] ability: Poison Heal
|upkeep
|turn|14
|
|t:|1758337891
|move|p2a: Gliscor|Protect|p2a: Gliscor
|-singleturn|p2a: Gliscor|Protect
|move|p1a: Salamence|Dragon Dance|p1a: Salamence
|-boost|p1a: Salamence|atk|1
|-boost|p1a: Salamence|spe|1
|
|-damage|p1a: Salamence|0 fnt|[from] psn
|faint|p1a: Salamence
|-heal|p2a: Gliscor|81/100 tox|[from] ability: Poison Heal
|upkeep
|
|t:|1758337898
|switch|p1a: Zamazenta|Zamazenta|26/100
|turn|15
|
|t:|1758337905
|move|p1a: Zamazenta|Play Rough|p2a: Gliscor
|-damage|p2a: Gliscor|64/100 tox
|move|p2a: Gliscor|Toxic|p1a: Zamazenta
|-status|p1a: Zamazenta|tox
|
|-damage|p1a: Zamazenta|20/100 tox|[from] psn
|-heal|p2a: Gliscor|77/100 tox|[from] ability: Poison Heal
|upkeep
|turn|16
|
|t:|1758337915
|move|p2a: Gliscor|Protect|p2a: Gliscor
|-singleturn|p2a: Gliscor|Protect
|move|p1a: Zamazenta|Play Rough|p2a: Gliscor
|-activate|p2a: Gliscor|move: Protect
|
|-damage|p1a: Zamazenta|8/100 tox|[from] psn
|-heal|p2a: Gliscor|89/100 tox|[from] ability: Poison Heal
|upkeep
|turn|17
|
|t:|1758337923
|move|p1a: Zamazenta|Play Rough|p2a: Gliscor
|-damage|p2a: Gliscor|73/100 tox
|move|p2a: Gliscor|Toxic|p1a: Zamazenta
|-fail|p1a: Zamazenta|tox
|
|-damage|p1a: Zamazenta|0 fnt|[from] psn
|faint|p1a: Zamazenta
|-heal|p2a: Gliscor|85/100 tox|[from] ability: Poison Heal
|upkeep
|
|t:|1758337930
|switch|p1a: Cloyster|Cloyster, M|100/100
|turn|18
|
|t:|1758337938
|-terastallize|p2a: Gliscor|Steel
|move|p1a: Cloyster|Shell Smash|p1a: Cloyster
|-unboost|p1a: Cloyster|def|1
|-unboost|p1a: Cloyster|spd|1
|-boost|p1a: Cloyster|atk|2
|-boost|p1a: Cloyster|spa|2
|-boost|p1a: Cloyster|spe|2
|-enditem|p1a: Cloyster|White Herb
|-clearnegativeboost|p1a: Cloyster|[silent]
|move|p2a: Gliscor|Knock Off|p1a: Cloyster
|-damage|p1a: Cloyster|88/100
|
|-heal|p2a: Gliscor|98/100 tox|[from] ability: Poison Heal
|upkeep
|turn|19
|
|t:|1758337950
|move|p1a: Cloyster|Liquidation|p2a: Gliscor
|-damage|p2a: Gliscor|48/100 tox
|move|p2a: Gliscor|Toxic|p1a: Cloyster
|-status|p1a: Cloyster|tox
|
|-damage|p1a: Cloyster|82/100 tox|[from] psn
|-heal|p2a: Gliscor|61/100 tox|[from] ability: Poison Heal
|upkeep
|turn|20
|
|t:|1758337958
|move|p2a: Gliscor|Protect|p2a: Gliscor
|-singleturn|p2a: Gliscor|Protect
|move|p1a: Cloyster|Shell Smash|p1a: Cloyster
|-unboost|p1a: Cloyster|def|1
|-unboost|p1a: Cloyster|spd|1
|-boost|p1a: Cloyster|atk|2
|-boost|p1a: Cloyster|spa|2
|-boost|p1a: Cloyster|spe|2
|
|-damage|p1a: Cloyster|70/100 tox|[from] psn
|-heal|p2a: Gliscor|73/100 tox|[from] ability: Poison Heal
|upkeep
|turn|21
|
|t:|1758337976
|switch|p2a: Corviknight|Corviknight, F|16/100
|-ability|p2a: Corviknight|Pressure
|move|p1a: Cloyster|Liquidation|p2a: Corviknight
|-damage|p2a: Corviknight|0 fnt
|faint|p2a: Corviknight
|
|-damage|p1a: Cloyster|51/100 tox|[from] psn
|upkeep
|
|t:|1758337985
|switch|p2a: Gliscor|Gliscor, M, tera:Steel|73/100 tox
|turn|22
|
|t:|1758337991
|move|p1a: Cloyster|Liquidation|p2a: Gliscor
|-damage|p2a: Gliscor|9/100 tox
|move|p2a: Gliscor|Knock Off|p1a: Cloyster
|-damage|p1a: Cloyster|32/100 tox
|
|-damage|p1a: Cloyster|7/100 tox|[from] psn
|-heal|p2a: Gliscor|21/100 tox|[from] ability: Poison Heal
|upkeep
|turn|23
|
|t:|1758337999
|move|p2a: Gliscor|Protect|p2a: Gliscor
|-singleturn|p2a: Gliscor|Protect
|move|p1a: Cloyster|Liquidation|p2a: Gliscor
|-activate|p2a: Gliscor|move: Protect
|
|-damage|p1a: Cloyster|0 fnt|[from] psn
|faint|p1a: Cloyster
|-heal|p2a: Gliscor|34/100 tox|[from] ability: Poison Heal
|upkeep
|
|t:|1758338005
|switch|p1a: Iron Moth|Iron Moth|100/100
|-enditem|p1a: Iron Moth|Booster Energy
|-activate|p1a: Iron Moth|ability: Quark Drive|[fromitem]
|-start|p1a: Iron Moth|quarkdrivespa
|turn|24
|
|t:|1758338012
|switch|p2a: Heatran|Heatran, M|100/100
|move|p1a: Iron Moth|Fiery Dance|p2a: Heatran
|-damage|p2a: Heatran|68/100
|
|upkeep
|turn|25
|
|t:|1758338022
|move|p1a: Iron Moth|Fiery Dance|p2a: Heatran
|-damage|p2a: Heatran|33/100
|move|p2a: Heatran|Scorching Sands|p1a: Iron Moth
|-supereffective|p1a: Iron Moth
|-damage|p1a: Iron Moth|14/100
|
|upkeep
|turn|26
|inactive|rainsmeller5000 has 120 seconds left.
|
|t:|1758338054
|switch|p2a: Slowking|Slowking-Galar, F|100/100
|move|p1a: Iron Moth|Fiery Dance|p2a: Slowking
|-damage|p2a: Slowking|68/100
|
|upkeep
|turn|27
|
|t:|1758338063
|-end|p1a: Iron Moth|Quark Drive|[silent]
|switch|p1a: Tsareena|Tsareena, F|100/100
|move|p2a: Slowking|Thunder Wave|p1a: Tsareena
|-status|p1a: Tsareena|par
|
|upkeep
|turn|28
|
|t:|1758338071
|cant|p1a: Tsareena|par
|move|p2a: Slowking|Ice Beam|p1a: Tsareena
|-supereffective|p1a: Tsareena
|-damage|p1a: Tsareena|55/100 par
|
|upkeep
|turn|29
|
|t:|1758338078
|switch|p2a: Gliscor|Gliscor, M, tera:Steel|34/100 tox
|move|p1a: Tsareena|Knock Off|p2a: Gliscor
|-damage|p2a: Gliscor|14/100 tox
|-enditem|p2a: Gliscor|Toxic Orb|[from] move: Knock Off|[of] p1a: Tsareena
|
|-heal|p2a: Gliscor|26/100 tox|[from] ability: Poison Heal
|upkeep
|turn|30
|
|t:|1758338086
|switch|p1a: Iron Moth|Iron Moth|14/100
|move|p2a: Gliscor|Protect||[still]
|-fail|p2a: Gliscor
|
|-heal|p2a: Gliscor|39/100 tox|[from] ability: Poison Heal
|upkeep
|turn|31
|
|t:|1758338093
|move|p2a: Gliscor|Protect|p2a: Gliscor
|-singleturn|p2a: Gliscor|Protect
|move|p1a: Iron Moth|Fiery Dance|p2a: Gliscor
|-activate|p2a: Gliscor|move: Protect
|
|-heal|p2a: Gliscor|51/100 tox|[from] ability: Poison Heal
|upkeep
|turn|32
|
|t:|1758338101
|switch|p2a: Slowking|Slowking-Galar, F|100/100
|move|p1a: Iron Moth|Fiery Dance|p2a: Slowking
|-damage|p2a: Slowking|72/100
|-boost|p1a: Iron Moth|spa|1
|
|upkeep
|turn|33
|
|t:|1758338110
|-terastallize|p1a: Iron Moth|Fire
|move|p1a: Iron Moth|Fiery Dance|p2a: Slowking
|-damage|p2a: Slowking|20/100
|move|p2a: Slowking|Ice Beam|p1a: Iron Moth
|-resisted|p1a: Iron Moth
|-damage|p1a: Iron Moth|2/100
|
|upkeep
|turn|34
|
|t:|1758338132
|switch|p2a: Heatran|Heatran, M|33/100
|move|p1a: Iron Moth|Fiery Dance|p2a: Heatran
|-damage|p2a: Heatran|0 fnt
|faint|p2a: Heatran
|
|upkeep
|
|t:|1758338138
|switch|p2a: Slowking|Slowking-Galar, F|53/100
|turn|35
|
|t:|1758338143
|move|p1a: Iron Moth|Fiery Dance|p2a: Slowking
|-damage|p2a: Slowking|2/100
|move|p2a: Slowking|Ice Beam|p1a: Iron Moth
|-resisted|p1a: Iron Moth
|-damage|p1a: Iron Moth|0 fnt
|faint|p1a: Iron Moth
|-end|p1a: Iron Moth|Quark Drive|[silent]
|
|upkeep
|
|t:|1758338147
|switch|p1a: Tsareena|Tsareena, F|55/100 par
|turn|36
|
|t:|1758338151
|move|p1a: Tsareena|Rapid Spin|p2a: Slowking
|-damage|p2a: Slowking|0 fnt
|-boost|p1a: Tsareena|spe|1
|faint|p2a: Slowking
|
|upkeep
|
|t:|1758338156
|switch|p2a: Gliscor|Gliscor, M, tera:Steel|51/100 tox
|turn|37
|-message|noahthebadplayer forfeited.
|
|win|rainsmeller5000
|raw|noahthebadplayer's rating: 1106 &rarr; <strong>1077</strong><br />(-29 for losing)
|raw|rainsmeller5000's rating: 1053 &rarr; <strong>1090</strong><br />(+37 for winning)
|l|☆noahthebadplayer
|player|p1|
