|j|‽jimola
|j|☆mansonabuluting
|t:|1758372680
|gametype|singles
|player|p1|jimola|170|1652
|player|p2|mansonabuluting|bellelba|1639
|gen|9
|tier|[Gen 9] OU
|rated|
|rule|HP Percentage Mod: HP is shown in percentages
|rule|Endless Battle Clause: Forcing endless battles is banned
|rule|Species Clause: Limit one of each Pokémon
|rule|OHKO Clause: OHKO moves are banned
|rule|Evasion Items Clause: Evasion items are banned
|rule|Evasion Moves Clause: Evasion moves are banned
|rule|Evasion Abilities Clause: Evasion abilities are banned
|rule|Sleep Moves Clause: Sleep-inducing moves are banned
|clearpoke
|poke|p1|Keldeo|
|poke|p1|Weavile, M|
|poke|p1|Iron Moth|
|poke|p1|Ribombee, F|
|poke|p1|Great Tusk|
|poke|p1|Gholdengo|
|poke|p2|Rillaboom, M|
|poke|p2|Hawlucha, M|
|poke|p2|Thundurus-Therian, M|
|poke|p2|Great Tusk|
|poke|p2|Volcanion|
|poke|p2|Goodra-Hisui, F|
|teampreview
|inactive|Battle timer is ON: inactive players will automatically lose when time's up. (requested by mansonabuluting)
|j| ToxicSmeargle29
|
|t:|1758372713
|teamsize|p1|6
|teamsize|p2|6
|start
|switch|p1a: Ribombee|Ribombee, F|100/100
|switch|p2a: Thundurus|Thundurus-Therian, M|100/100
|turn|1
|
|t:|1758372727
|move|p2a: Thundurus|Volt Switch|p1a: Ribombee
|-crit|p1a: Ribombee
|-enditem|p1a: Ribombee|Focus Sash
|-damage|p1a: Ribombee|1/100
|j| Yankees999
|
|t:|1758372731
|switch|p2a: Rillaboom|Rillaboom, M|100/100|[from] Volt Switch
|-fieldstart|move: Grassy Terrain|[from] ability: Grassy Surge|[of] p2a: Rillaboom
|move|p1a: Ribombee|Sticky Web|p2a: Rillaboom
|-sidestart|p2: mansonabuluting|move: Sticky Web
|
|-heal|p1a: Ribombee|7/100|[from] Grassy Terrain
|upkeep
|turn|2
|
|t:|1758372738
|move|p2a: Rillaboom|Grassy Glide|p1a: Ribombee
|-resisted|p1a: Ribombee
|-damage|p1a: Ribombee|0 fnt
|faint|p1a: Ribombee
|
|upkeep
|
|t:|1758372748
|switch|p1a: Iron Moth|Iron Moth|100/100
|-enditem|p1a: Iron Moth|Booster Energy
|-activate|p1a: Iron Moth|ability: Quark Drive|[fromitem]
|-start|p1a: Iron Moth|quarkdrivespa
|turn|3
|
|t:|1758372753
|switch|p2a: Volcanion|Volcanion|100/100
|-activate|p2a: Volcanion|move: Sticky Web
|-unboost|p2a: Volcanion|spe|1
|move|p1a: Iron Moth|Fiery Dance|p2a: Volcanion
|-resisted|p2a: Volcanion
|-damage|p2a: Volcanion|87/100
|
|-heal|p2a: Volcanion|93/100|[from] Grassy Terrain
|upkeep
|turn|4
|c| Yankees999|The guy with Hawlucha, can you please give me the pokepast after the battle?
|
|t:|1758372769
|move|p1a: Iron Moth|Energy Ball|p2a: Volcanion
|-damage|p2a: Volcanion|36/100
|move|p2a: Volcanion|Steam Eruption|p1a: Iron Moth
|-supereffective|p1a: Iron Moth
|-damage|p1a: Iron Moth|0 fnt
|faint|p1a: Iron Moth
|-end|p1a: Iron Moth|Quark Drive|[silent]
|
|-heal|p2a: Volcanion|42/100|[from] Grassy Terrain
|upkeep
|
|t:|1758372784
|switch|p1a: Keldeo|Keldeo|100/100
|turn|5
|l| ToxicSmeargle29
|c|☆mansonabuluting|this team has gotten me to top 5 ladder
|
|t:|1758372801
|move|p1a: Keldeo|Aura Sphere|p2a: Volcanion
|-crit|p2a: Volcanion
|-damage|p2a: Volcanion|0 fnt
|faint|p2a: Volcanion
|-damage|p1a: Keldeo|91/100|[from] item: Life Orb
|
|-heal|p1a: Keldeo|97/100|[from] Grassy Terrain
|-fieldend|move: Grassy Terrain
|upkeep
|
|t:|1758372805
|switch|p2a: Rillaboom|Rillaboom, M|100/100
|-activate|p2a: Rillaboom|move: Sticky Web
|-unboost|p2a: Rillaboom|spe|1
|-fieldstart|move: Grassy Terrain|[from] ability: Grassy Surge|[of] p2a: Rillaboom
|turn|6
|
|t:|1758372819
|move|p1a: Keldeo|Aura Sphere|p2a: Rillaboom
|-damage|p2a: Rillaboom|33/100
|-damage|p1a: Keldeo|87/100|[from] item: Life Orb
|move|p2a: Rillaboom|Wood Hammer|p1a: Keldeo
|-supereffective|p1a: Keldeo
|-damage|p1a: Keldeo|0 fnt
|faint|p1a: Keldeo
|-damage|p2a: Rillaboom|10/100|[from] Recoil
|
|-heal|p2a: Rillaboom|16/100|[from] Grassy Terrain
|upkeep
|c| Yankees999|Im tired of using rain and be stuck at 1300
|
|t:|1758372836
|switch|p1a: Great Tusk|Great Tusk|100/100
|turn|7
|inactive|jimola has 120 seconds left.
|
|t:|1758372874
|switch|p2a: Hawlucha|Hawlucha, M|100/100
|-enditem|p2a: Hawlucha|Grassy Seed
|-boost|p2a: Hawlucha|def|1|[from] item: Grassy Seed
|move|p1a: Great Tusk|Ice Spinner|p2a: Hawlucha
|-supereffective|p2a: Hawlucha
|-damage|p2a: Hawlucha|55/100
|-fieldend|move: Grassy Terrain
|
|upkeep
|turn|8
|inactive|jimola has 90 seconds left.
|
|t:|1758372903
|-end|p1a: Great Tusk|Protosynthesis|[silent]
|switch|p1a: Gholdengo|Gholdengo|100/100
|-item|p1a: Gholdengo|Air Balloon
|move|p2a: Hawlucha|Acrobatics|p1a: Gholdengo
|-resisted|p1a: Gholdengo
|-damage|p1a: Gholdengo|83/100
|-enditem|p1a: Gholdengo|Air Balloon
|
|upkeep
|turn|9
|
|t:|1758372909
|switch|p2a: Goodra|Goodra-Hisui, F|100/100
|-activate|p2a: Goodra|move: Sticky Web
|-unboost|p2a: Goodra|spe|1
|move|p1a: Gholdengo|Dazzling Gleam|p2a: Goodra
|-damage|p2a: Goodra|90/100
|
|upkeep
|turn|10
|
|t:|1758372923
|move|p1a: Gholdengo|Nasty Plot|p1a: Gholdengo
|-boost|p1a: Gholdengo|spa|2
|move|p2a: Goodra|Flamethrower|p1a: Gholdengo
|-supereffective|p1a: Gholdengo
|-damage|p1a: Gholdengo|21/100
|
|upkeep
|turn|11
|j| frutillaroja
|
|t:|1758372931
|move|p1a: Gholdengo|Shadow Ball|p2a: Goodra
|-damage|p2a: Goodra|59/100
|move|p2a: Goodra|Surf|p1a: Gholdengo
|-damage|p1a: Gholdengo|0 fnt
|faint|p1a: Gholdengo
|
|upkeep
|inactive|jimola has 90 seconds left.
|
|t:|1758372957
|switch|p1a: Great Tusk|Great Tusk|100/100
|turn|12
|
|t:|1758372967
|switch|p2a: Hawlucha|Hawlucha, M|55/100
|move|p1a: Great Tusk|Headlong Rush|p2a: Hawlucha
|-immune|p2a: Hawlucha
|
|upkeep
|turn|13
|inactive|jimola has 90 seconds left.
|
|t:|1758372974
|move|p1a: Great Tusk|Rapid Spin|p2a: Hawlucha
|-damage|p2a: Hawlucha|32/100
|-boost|p1a: Great Tusk|spe|1
|move|p2a: Hawlucha|Acrobatics|p1a: Great Tusk
|-supereffective|p1a: Great Tusk
|-damage|p1a: Great Tusk|26/100
|
|upkeep
|turn|14
|
|t:|1758372982
|move|p1a: Great Tusk|Ice Spinner|p2a: Hawlucha
|-supereffective|p2a: Hawlucha
|-damage|p2a: Hawlucha|0 fnt
|faint|p2a: Hawlucha
|
|upkeep
|
|t:|1758372986
|switch|p2a: Thundurus|Thundurus-Therian, M|100/100
|turn|15
|
|t:|1758372990
|move|p2a: Thundurus|Grass Knot|p1a: Great Tusk
|-supereffective|p1a: Great Tusk
|-damage|p1a: Great Tusk|0 fnt
|faint|p1a: Great Tusk
|-end|p1a: Great Tusk|Protosynthesis|[silent]
|
|upkeep
|
|t:|1758372993
|switch|p1a: Weavile|Weavile, M|100/100
|-ability|p1a: Weavile|Pressure
|turn|16
|inactive|jimola has 120 seconds left.
|
|t:|1758373001
|switch|p2a: Goodra|Goodra-Hisui, F|59/100
|-activate|p2a: Goodra|move: Sticky Web
|-unboost|p2a: Goodra|spe|1
|move|p1a: Weavile|Triple Axel|p2a: Goodra
|-damage|p2a: Goodra|45/100
|-ability|p2a: Goodra|Gooey
|-unboost|p1a: Weavile|spe|1
|-damage|p2a: Goodra|18/100
|-ability|p2a: Goodra|Gooey
|-unboost|p1a: Weavile|spe|1
|-damage|p2a: Goodra|0 fnt
|-ability|p2a: Goodra|Gooey
|-unboost|p1a: Weavile|spe|1
|faint|p2a: Goodra
|-hitcount|p2: Goodra|3
|
|upkeep
|
|t:|1758373005
|switch|p2a: Great Tusk|Great Tusk|100/100
|-activate|p2a: Great Tusk|move: Sticky Web
|-unboost|p2a: Great Tusk|spe|1
|turn|17
|-message|jimola forfeited.
|
|win|mansonabuluting
|raw|jimola's rating: 1652 &rarr; <strong>1631</strong><br />(-21 for losing)
|raw|mansonabuluting's rating: 1639 &rarr; <strong>1660</strong><br />(+21 for winning)
|l|‽jimola
|player|p1|
|l|☆mansonabuluting
|player|p2|
