|j|☆Juggerstar_x
|j|☆pantydraco
|t:|1758377229
|gametype|singles
|player|p1|Juggerstar_x|acetrainer-gen4|1154
|player|p2|pantydraco|1|1155
|gen|9
|tier|[Gen 9] OU
|rated|
|rule|HP Percentage Mod: HP is shown in percentages
|rule|Endless Battle Clause: Forcing endless battles is banned
|rule|Species Clause: Limit one of each Pokémon
|rule|OHKO Clause: OHKO moves are banned
|rule|Evasion Items Clause: Evasion items are banned
|rule|Evasion Moves Clause: Evasion moves are banned
|rule|Evasion Abilities Clause: Evasion abilities are banned
|rule|Sleep Moves Clause: Sleep-inducing moves are banned
|clearpoke
|poke|p1|Dragapult, F|
|poke|p1|Ninetales, M|
|poke|p1|Kingambit, F|
|poke|p1|Girafarig, M|
|poke|p1|Greninja-*, M|
|poke|p1|Maushold-Four|
|poke|p2|Cinccino, M|
|poke|p2|Flamigo, M|
|poke|p2|Donphan, M|
|poke|p2|Farigiraf, F|
|poke|p2|Dondozo, M|
|poke|p2|Hydrapple, F|
|teampreview
|inactive|Battle timer is ON: inactive players will automatically lose when time's up. (requested by Juggerstar_x)
|
|t:|1758377243
|teamsize|p1|6
|teamsize|p2|6
|start
|switch|p1a: Maushold|Maushold-Four|100/100
|switch|p2a: Donphan|Donphan, M|100/100
|turn|1
|
|t:|1758377256
|move|p1a: Maushold|Bullet Seed|p2a: Donphan
|-supereffective|p2a: Donphan
|-damage|p2a: Donphan|86/100
|-supereffective|p2a: Donphan
|-damage|p2a: Donphan|72/100
|-supereffective|p2a: Donphan
|-damage|p2a: Donphan|57/100
|-hitcount|p2a: Donphan|3
|move|p2a: Donphan|Earthquake|p1a: Maushold
|-damage|p1a: Maushold|16/100
|
|upkeep
|turn|2
|
|t:|1758377272
|move|p1a: Maushold|Bullet Seed|p2a: Donphan
|-supereffective|p2a: Donphan
|-damage|p2a: Donphan|41/100
|-supereffective|p2a: Donphan
|-damage|p2a: Donphan|27/100
|-hitcount|p2a: Donphan|2
|move|p2a: Donphan|Rapid Spin|p1a: Maushold
|-damage|p1a: Maushold|0 fnt
|-boost|p2a: Donphan|spe|1
|faint|p1a: Maushold
|
|upkeep
|
|t:|1758377286
|switch|p1a: Girafarig|Girafarig, M|100/100
|turn|3
|
|t:|1758377297
|move|p1a: Girafarig|Psychic|p2a: Donphan
|-damage|p2a: Donphan|0 fnt
|faint|p2a: Donphan
|
|upkeep
|
|t:|1758377305
|switch|p2a: Farigiraf|Farigiraf, F|100/100
|turn|4
|
|t:|1758377314
|move|p1a: Girafarig|Calm Mind|p1a: Girafarig
|-boost|p1a: Girafarig|spa|1
|-boost|p1a: Girafarig|spd|1
|move|p2a: Farigiraf|Thunder Wave|p1a: Girafarig
|-status|p1a: Girafarig|par
|
|upkeep
|turn|5
|
|t:|1758377322
|move|p2a: Farigiraf|Dazzling Gleam|p1a: Girafarig
|-crit|p1a: Girafarig
|-damage|p1a: Girafarig|66/100 par
|move|p1a: Girafarig|Thunderbolt|p2a: Farigiraf
|-damage|p2a: Farigiraf|63/100
|-enditem|p2a: Farigiraf|Eject Button
|
|t:|1758377335
|switch|p2a: Hydrapple|Hydrapple, F|100/100
|
|upkeep
|turn|6
|
|t:|1758377344
|move|p2a: Hydrapple|Giga Drain|p1a: Girafarig
|-ability|p1a: Girafarig|Sap Sipper|boost
|-boost|p1a: Girafarig|atk|1
|move|p1a: Girafarig|Psychic|p2a: Hydrapple
|-damage|p2a: Hydrapple|40/100
|
|upkeep
|turn|7
|
|t:|1758377352
|move|p2a: Hydrapple|Fickle Beam|p1a: Girafarig
|-damage|p1a: Girafarig|29/100 par
|-damage|p2a: Hydrapple|31/100|[from] item: Life Orb
|move|p1a: Girafarig|Psychic|p2a: Hydrapple
|-damage|p2a: Hydrapple|0 fnt
|faint|p2a: Hydrapple
|
|upkeep
|
|t:|1758377361
|switch|p2a: Farigiraf|Farigiraf, F|63/100
|turn|8
|
|t:|1758377366
|move|p2a: Farigiraf|Dazzling Gleam|p1a: Girafarig
|-damage|p1a: Girafarig|13/100 par
|move|p1a: Girafarig|Psychic|p2a: Farigiraf
|-resisted|p2a: Farigiraf
|-damage|p2a: Farigiraf|31/100
|
|upkeep
|turn|9
|
|t:|1758377375
|-terastallize|p1a: Girafarig|Steel
|move|p2a: Farigiraf|Dazzling Gleam|p1a: Girafarig
|-resisted|p1a: Girafarig
|-damage|p1a: Girafarig|4/100 par
|move|p1a: Girafarig|Psychic|p2a: Farigiraf
|-resisted|p2a: Farigiraf
|-damage|p2a: Farigiraf|0 fnt
|faint|p2a: Farigiraf
|
|upkeep
|
|t:|1758377385
|switch|p2a: Cinccino|Cinccino, M|100/100
|turn|10
|
|t:|1758377390
|move|p2a: Cinccino|Tail Slap|p1a: Girafarig
|-resisted|p1a: Girafarig
|-damage|p1a: Girafarig|0 fnt
|faint|p1a: Girafarig
|-hitcount|p1: Girafarig|1
|
|upkeep
|
|t:|1758377397
|switch|p1a: Ninetales|Ninetales, M|100/100
|-weather|SunnyDay|[from] ability: Drought|[of] p1a: Ninetales
|turn|11
|
|t:|1758377402
|move|p2a: Cinccino|Rock Blast|p1a: Ninetales
|-supereffective|p1a: Ninetales
|-damage|p1a: Ninetales|69/100
|-supereffective|p1a: Ninetales
|-damage|p1a: Ninetales|39/100
|-supereffective|p1a: Ninetales
|-damage|p1a: Ninetales|6/100
|-supereffective|p1a: Ninetales
|-damage|p1a: Ninetales|0 fnt
|faint|p1a: Ninetales
|-hitcount|p1: Ninetales|4
|
|-weather|SunnyDay|[upkeep]
|upkeep
|
|t:|1758377412
|switch|p1a: Dragapult|Dragapult, F|100/100
|turn|12
|
|t:|1758377419
|move|p1a: Dragapult|Dragon Darts|p2a: Cinccino
|-damage|p2a: Cinccino|57/100
|-anim|p1a: Dragapult|Dragon Darts|p2a: Cinccino
|-damage|p2a: Cinccino|9/100
|move|p2a: Cinccino|Rock Blast|p1a: Dragapult
|-damage|p1a: Dragapult|85/100
|-damage|p1a: Dragapult|70/100
|-damage|p1a: Dragapult|55/100
|-damage|p1a: Dragapult|38/100
|-damage|p1a: Dragapult|22/100
|-hitcount|p1a: Dragapult|5
|
|-weather|SunnyDay|[upkeep]
|-heal|p1a: Dragapult|28/100|[from] item: Leftovers
|upkeep
|turn|13
|
|t:|1758377435
|switch|p2a: Dondozo|Dondozo, M|100/100
|move|p1a: Dragapult|Dragon Darts|p2a: Dondozo
|-damage|p2a: Dondozo|85/100
|-anim|p1a: Dragapult|Dragon Darts|p2a: Dondozo
|-damage|p2a: Dondozo|70/100
|
|-weather|SunnyDay|[upkeep]
|-heal|p1a: Dragapult|34/100|[from] item: Leftovers
|upkeep
|turn|14
|
|t:|1758377450
|move|p1a: Dragapult|Dragon Darts|p2a: Dondozo
|-damage|p2a: Dondozo|55/100
|-anim|p1a: Dragapult|Dragon Darts|p2a: Dondozo
|-damage|p2a: Dondozo|40/100
|move|p2a: Dondozo|Outrage|p1a: Dragapult
|-supereffective|p1a: Dragapult
|-damage|p1a: Dragapult|0 fnt
|faint|p1a: Dragapult
|
|-weather|SunnyDay|[upkeep]
|upkeep
|
|t:|1758377461
|switch|p1a: Greninja|Greninja, M|100/100
|turn|15
|
|t:|1758377465
|move|p1a: Greninja|Dark Pulse|p2a: Dondozo
|-crit|p2a: Dondozo
|-damage|p2a: Dondozo|0 fnt
|faint|p2a: Dondozo
|-ability|p1a: Greninja|Battle Bond|boost
|-boost|p1a: Greninja|atk|1
|-boost|p1a: Greninja|spa|1
|-boost|p1a: Greninja|spe|1
|-activate|p1a: Greninja|ability: Battle Bond
|-damage|p1a: Greninja|91/100|[from] item: Life Orb
|
|-weather|none
|upkeep
|
|t:|1758377476
|switch|p2a: Flamigo|Flamigo, M|100/100
|turn|16
|
|t:|1758377482
|move|p1a: Greninja|Ice Beam|p2a: Flamigo
|-supereffective|p2a: Flamigo
|-damage|p2a: Flamigo|0 fnt
|faint|p2a: Flamigo
|-damage|p1a: Greninja|81/100|[from] item: Life Orb
|
|upkeep
|
|t:|1758377488
|switch|p2a: Cinccino|Cinccino, M|9/100
|turn|17
|
|t:|1758377494
|-terastallize|p2a: Cinccino|Normal
|move|p1a: Greninja|Dark Pulse|p2a: Cinccino
|-damage|p2a: Cinccino|0 fnt
|faint|p2a: Cinccino
|-damage|p1a: Greninja|71/100|[from] item: Life Orb
|
|win|Juggerstar_x
|raw|Juggerstar_x's rating: 1154 &rarr; <strong>1179</strong><br />(+25 for winning)
|raw|pantydraco's rating: 1155 &rarr; <strong>1130</strong><br />(-25 for losing)
|l|☆pantydraco
|player|p2|
|c|☆Juggerstar_x|Gg
|l|☆Juggerstar_x
|player|p1|
