|j|☆will1994
|j|☆Hittite Jumpscare
|t:|1758320318
|gametype|singles
|player|p1|will1994|red|1537
|player|p2|Hittite Jumpscare|nate|1583
|gen|9
|tier|[Gen 9] OU
|rated|
|rule|HP Percentage Mod: HP is shown in percentages
|rule|Endless Battle Clause: Forcing endless battles is banned
|rule|Species Clause: Limit one of each Pokémon
|rule|OHKO Clause: OHKO moves are banned
|rule|Evasion Items Clause: Evasion items are banned
|rule|Evasion Moves Clause: Evasion moves are banned
|rule|Evasion Abilities Clause: Evasion abilities are banned
|rule|Sleep Moves Clause: Sleep-inducing moves are banned
|clearpoke
|poke|p1|Rillaboom, F|
|poke|p1|Charizard, M|
|poke|p1|Corviknight, F|
|poke|p1|Kleavor, M|
|poke|p1|Clodsire, F|
|poke|p1|Samurott-Hisui, M|
|poke|p2|Indeedee, M|
|poke|p2|Alomomola, F|
|poke|p2|Iron Valiant|
|poke|p2|Iron Treads|
|poke|p2|Dragonite, F|
|poke|p2|Pecharunt|
|teampreview
|inactive|Battle timer is ON: inactive players will automatically lose when time's up. (requested by Hittite Jumpscare)
|
|t:|1758320329
|teamsize|p1|6
|teamsize|p2|6
|start
|switch|p1a: Kleavor|Kleavor, M|100/100
|switch|p2a: Alomomola|Alomomola, F|100/100
|turn|1
|
|t:|1758320345
|move|p1a: Kleavor|Stone Axe|p2a: Alomomola
|-damage|p2a: Alomomola|64/100
|-sidestart|p2: Hittite Jumpscare|move: Stealth Rock
|move|p2a: Alomomola|Scald|p1a: Kleavor
|-supereffective|p1a: Kleavor
|-damage|p1a: Kleavor|55/100
|-status|p1a: Kleavor|brn
|
|-damage|p1a: Kleavor|49/100 brn|[from] brn
|upkeep
|turn|2
|
|t:|1758320355
|switch|p1a: Samurott|Samurott-Hisui, M|100/100
|move|p2a: Alomomola|Flip Turn|p1a: Samurott
|-resisted|p1a: Samurott
|-damage|p1a: Samurott|92/100
|
|t:|1758320359
|switch|p2a: Iron Treads|Iron Treads|100/100|[from] Flip Turn
|
|upkeep
|turn|3
|
|t:|1758320368
|move|p2a: Iron Treads|Rapid Spin|p1a: Samurott
|-damage|p1a: Samurott|74/100
|-boost|p2a: Iron Treads|spe|1
|-sideend|p2: Hittite Jumpscare|Stealth Rock|[from] move: Rapid Spin|[of] p2a: Iron Treads
|move|p1a: Samurott|Aqua Cutter|p2a: Iron Treads
|-supereffective|p2a: Iron Treads
|-damage|p2a: Iron Treads|36/100
|
|upkeep
|turn|4
|
|t:|1758320379
|-end|p2a: Iron Treads|Quark Drive|[silent]
|switch|p2a: Alomomola|Alomomola, F|98/100
|move|p1a: Samurott|Ceaseless Edge|p2a: Alomomola
|-damage|p2a: Alomomola|74/100
|-sidestart|p2: Hittite Jumpscare|Spikes
|
|upkeep
|turn|5
|
|t:|1758320384
|move|p1a: Samurott|Ceaseless Edge|p2a: Alomomola
|-damage|p2a: Alomomola|48/100
|-sidestart|p2: Hittite Jumpscare|Spikes
|move|p2a: Alomomola|Body Slam|p1a: Samurott
|-damage|p1a: Samurott|59/100
|
|upkeep
|turn|6
|
|t:|1758320387
|move|p1a: Samurott|Ceaseless Edge|p2a: Alomomola
|-damage|p2a: Alomomola|22/100
|-sidestart|p2: Hittite Jumpscare|Spikes
|move|p2a: Alomomola|Scald|p1a: Samurott
|-resisted|p1a: Samurott
|-damage|p1a: Samurott|55/100
|
|upkeep
|turn|7
|
|t:|1758320397
|switch|p2a: Iron Valiant|Iron Valiant|100/100
|-damage|p2a: Iron Valiant|76/100|[from] Spikes
|-enditem|p2a: Iron Valiant|Booster Energy
|-activate|p2a: Iron Valiant|ability: Quark Drive|[fromitem]
|-start|p2a: Iron Valiant|quarkdrivespe
|move|p1a: Samurott|Aqua Cutter|p2a: Iron Valiant
|-damage|p2a: Iron Valiant|28/100
|
|upkeep
|turn|8
|
|t:|1758320407
|switch|p1a: Clodsire|Clodsire, F|100/100
|move|p2a: Iron Valiant|Moonblast|p1a: Clodsire
|-resisted|p1a: Clodsire
|-damage|p1a: Clodsire|83/100
|
|-heal|p1a: Clodsire|90/100|[from] item: Leftovers
|upkeep
|turn|9
|
|t:|1758320412
|-end|p2a: Iron Valiant|Quark Drive|[silent]
|switch|p2a: Pecharunt|Pecharunt|100/100
|move|p1a: Clodsire|Stockpile|p1a: Clodsire
|-start|p1a: Clodsire|stockpile1
|-boost|p1a: Clodsire|def|1
|-boost|p1a: Clodsire|spd|1
|
|-heal|p1a: Clodsire|96/100|[from] item: Leftovers
|upkeep
|turn|10
|
|t:|1758320418
|switch|p1a: Corviknight|Corviknight, F|100/100
|-ability|p1a: Corviknight|Pressure
|move|p2a: Pecharunt|Parting Shot|p1a: Corviknight
|-unboost|p1a: Corviknight|atk|1
|-unboost|p1a: Corviknight|spa|1
|
|t:|1758320421
|switch|p2a: Iron Treads|Iron Treads|36/100|[from] Parting Shot
|
|upkeep
|turn|11
|
|t:|1758320430
|move|p2a: Iron Treads|Rapid Spin|p1a: Corviknight
|-resisted|p1a: Corviknight
|-damage|p1a: Corviknight|96/100
|-boost|p2a: Iron Treads|spe|1
|-damage|p2a: Iron Treads|20/100|[from] item: Rocky Helmet|[of] p1a: Corviknight
|-sideend|p2: Hittite Jumpscare|Spikes|[from] move: Rapid Spin|[of] p2a: Iron Treads
|move|p1a: Corviknight|U-turn|p2a: Iron Treads
|-resisted|p2a: Iron Treads
|-damage|p2a: Iron Treads|16/100
|
|t:|1758320444
|switch|p1a: Rillaboom|Rillaboom, F|100/100|[from] U-turn
|-fieldstart|move: Grassy Terrain|[from] ability: Grassy Surge|[of] p1a: Rillaboom
|
|-heal|p2a: Iron Treads|22/100|[from] Grassy Terrain
|upkeep
|turn|12
|
|t:|1758320453
|-end|p2a: Iron Treads|Quark Drive|[silent]
|switch|p2a: Pecharunt|Pecharunt|100/100
|move|p1a: Rillaboom|U-turn|p2a: Pecharunt
|-resisted|p2a: Pecharunt
|-damage|p2a: Pecharunt|96/100
|
|t:|1758320456
|switch|p1a: Samurott|Samurott-Hisui, M|55/100|[from] U-turn
|
|-heal|p2a: Pecharunt|100/100|[from] Grassy Terrain
|-heal|p1a: Samurott|61/100|[from] Grassy Terrain
|upkeep
|turn|13
|
|t:|1758320460
|move|p2a: Pecharunt|Malignant Chain|p1a: Samurott
|-damage|p1a: Samurott|42/100
|move|p1a: Samurott|Ceaseless Edge|p2a: Pecharunt
|-supereffective|p2a: Pecharunt
|-damage|p2a: Pecharunt|68/100
|-sidestart|p2: Hittite Jumpscare|Spikes
|
|-heal|p2a: Pecharunt|74/100|[from] Grassy Terrain
|-heal|p1a: Samurott|48/100|[from] Grassy Terrain
|upkeep
|turn|14
|
|t:|1758320478
|move|p2a: Pecharunt|Malignant Chain|p1a: Samurott
|-damage|p1a: Samurott|30/100
|move|p1a: Samurott|Ceaseless Edge|p2a: Pecharunt
|-supereffective|p2a: Pecharunt
|-damage|p2a: Pecharunt|41/100
|-sidestart|p2: Hittite Jumpscare|Spikes
|
|-heal|p2a: Pecharunt|47/100|[from] Grassy Terrain
|-heal|p1a: Samurott|36/100|[from] Grassy Terrain
|upkeep
|turn|15
|
|t:|1758320491
|move|p2a: Pecharunt|Recover|p2a: Pecharunt
|-heal|p2a: Pecharunt|97/100
|move|p1a: Samurott|Ceaseless Edge|p2a: Pecharunt
|-supereffective|p2a: Pecharunt
|-crit|p2a: Pecharunt
|-damage|p2a: Pecharunt|48/100
|-sidestart|p2: Hittite Jumpscare|Spikes
|
|-heal|p2a: Pecharunt|54/100|[from] Grassy Terrain
|-heal|p1a: Samurott|43/100|[from] Grassy Terrain
|-fieldend|move: Grassy Terrain
|upkeep
|turn|16
|
|t:|1758320500
|switch|p1a: Clodsire|Clodsire, F|96/100
|move|p2a: Pecharunt|Malignant Chain|p1a: Clodsire
|-resisted|p1a: Clodsire
|-damage|p1a: Clodsire|90/100
|
|-heal|p1a: Clodsire|96/100|[from] item: Leftovers
|upkeep
|turn|17
|
|t:|1758320519
|switch|p1a: Charizard|Charizard, M|100/100
|move|p2a: Pecharunt|Recover|p2a: Pecharunt
|-heal|p2a: Pecharunt|100/100
|
|upkeep
|turn|18
|
|t:|1758320524
|-terastallize|p1a: Charizard|Fire
|move|p1a: Charizard|Flamethrower|p2a: Pecharunt
|-damage|p2a: Pecharunt|24/100
|-status|p2a: Pecharunt|brn
|move|p2a: Pecharunt|Malignant Chain|p1a: Charizard
|-damage|p1a: Charizard|58/100
|-status|p1a: Charizard|tox
|-start|p1a: Charizard|confusion|[from] ability: Poison Puppeteer|[of] p2a: Pecharunt
|
|-damage|p1a: Charizard|52/100 tox|[from] psn
|-damage|p2a: Pecharunt|18/100 brn|[from] brn
|upkeep
|turn|19
|
|t:|1758320534
|switch|p2a: Alomomola|Alomomola, F|56/100
|-damage|p2a: Alomomola|31/100|[from] Spikes
|-activate|p1a: Charizard|confusion
|move|p1a: Charizard|Flamethrower|p2a: Alomomola
|-resisted|p2a: Alomomola
|-damage|p2a: Alomomola|7/100
|
|-damage|p1a: Charizard|40/100 tox|[from] psn
|upkeep
|turn|20
|
|t:|1758320543
|switch|p2a: Pecharunt|Pecharunt|18/100 brn
|-activate|p1a: Charizard|confusion
|-damage|p1a: Charizard|30/100 tox|[from] confusion
|
|-damage|p1a: Charizard|12/100 tox|[from] psn
|-damage|p2a: Pecharunt|12/100 brn|[from] brn
|upkeep
|turn|21
|
|t:|1758320550
|-activate|p1a: Charizard|confusion
|-damage|p1a: Charizard|3/100 tox|[from] confusion
|move|p2a: Pecharunt|Recover|p2a: Pecharunt
|-heal|p2a: Pecharunt|62/100 brn
|
|-damage|p1a: Charizard|0 fnt|[from] psn
|faint|p1a: Charizard
|-damage|p2a: Pecharunt|56/100 brn|[from] brn
|upkeep
|
|t:|1758320567
|switch|p1a: Clodsire|Clodsire, F|96/100
|turn|22
|
|t:|1758320570
|move|p2a: Pecharunt|Parting Shot|p1a: Clodsire
|-unboost|p1a: Clodsire|atk|1
|-unboost|p1a: Clodsire|spa|1
|
|t:|1758320574
|switch|p2a: Dragonite|Dragonite, F|100/100|[from] Parting Shot
|move|p1a: Clodsire|Stockpile|p1a: Clodsire
|-start|p1a: Clodsire|stockpile1
|-boost|p1a: Clodsire|def|1
|-boost|p1a: Clodsire|spd|1
|
|-heal|p1a: Clodsire|100/100|[from] item: Leftovers
|upkeep
|turn|23
|
|t:|1758320577
|move|p2a: Dragonite|Encore|p1a: Clodsire
|-start|p1a: Clodsire|Encore
|move|p1a: Clodsire|Stockpile|p1a: Clodsire
|-start|p1a: Clodsire|stockpile2
|-boost|p1a: Clodsire|def|1
|-boost|p1a: Clodsire|spd|1
|
|upkeep
|turn|24
|
|t:|1758320580
|switch|p1a: Corviknight|Corviknight, F|96/100
|-ability|p1a: Corviknight|Pressure
|move|p2a: Dragonite|Dragon Dance|p2a: Dragonite
|-boost|p2a: Dragonite|atk|1
|-boost|p2a: Dragonite|spe|1
|
|upkeep
|turn|25
|
|t:|1758320589
|move|p2a: Dragonite|Dragon Dance|p2a: Dragonite
|-boost|p2a: Dragonite|atk|1
|-boost|p2a: Dragonite|spe|1
|move|p1a: Corviknight|Brave Bird|p2a: Dragonite
|-damage|p2a: Dragonite|80/100
|-damage|p1a: Corviknight|90/100|[from] Recoil
|
|upkeep
|turn|26
|
|t:|1758320594
|-terastallize|p2a: Dragonite|Fire
|move|p2a: Dragonite|Fire Punch|p1a: Corviknight
|-supereffective|p1a: Corviknight
|-damage|p1a: Corviknight|0 fnt
|-damage|p2a: Dragonite|64/100|[from] item: Rocky Helmet|[of] p1a: Corviknight
|faint|p1a: Corviknight
|
|upkeep
|
|t:|1758320602
|switch|p1a: Clodsire|Clodsire, F|100/100
|turn|27
|
|t:|1758320605
|move|p2a: Dragonite|Scale Shot|p1a: Clodsire
|-damage|p1a: Clodsire|91/100
|-damage|p1a: Clodsire|79/100
|-damage|p1a: Clodsire|69/100
|-damage|p1a: Clodsire|58/100
|-hitcount|p1a: Clodsire|4
|-unboost|p2a: Dragonite|def|1
|-boost|p2a: Dragonite|spe|1
|move|p1a: Clodsire|Toxic|p2a: Dragonite
|-status|p2a: Dragonite|tox
|
|-heal|p1a: Clodsire|64/100|[from] item: Leftovers
|-damage|p2a: Dragonite|57/100 tox|[from] psn
|upkeep
|turn|28
|
|t:|1758320609
|move|p2a: Dragonite|Encore|p1a: Clodsire
|-start|p1a: Clodsire|Encore
|move|p1a: Clodsire|Toxic|p2a: Dragonite
|-fail|p2a: Dragonite|tox
|
|-heal|p1a: Clodsire|71/100|[from] item: Leftovers
|-damage|p2a: Dragonite|45/100 tox|[from] psn
|upkeep
|turn|29
|
|t:|1758320620
|switch|p1a: Kleavor|Kleavor, M|49/100 brn
|move|p2a: Dragonite|Scale Shot|p1a: Kleavor
|-damage|p1a: Kleavor|14/100 brn
|-damage|p1a: Kleavor|0 fnt
|faint|p1a: Kleavor
|-hitcount|p1: Kleavor|2
|-unboost|p2a: Dragonite|def|1
|-boost|p2a: Dragonite|spe|1
|
|-damage|p2a: Dragonite|27/100 tox|[from] psn
|upkeep
|
|t:|1758320625
|switch|p1a: Samurott|Samurott-Hisui, M|43/100
|turn|30
|
|t:|1758320627
|move|p1a: Samurott|Sucker Punch|p2a: Dragonite
|-damage|p2a: Dragonite|0 fnt
|faint|p2a: Dragonite
|
|upkeep
|
|t:|1758320637
|switch|p2a: Iron Valiant|Iron Valiant|28/100
|-damage|p2a: Iron Valiant|3/100|[from] Spikes
|turn|31
|
|t:|1758320641
|switch|p1a: Clodsire|Clodsire, F|71/100
|move|p2a: Iron Valiant|Encore||[still]
|-fail|p2a: Iron Valiant
|
|-heal|p1a: Clodsire|77/100|[from] item: Leftovers
|upkeep
|turn|32
|
|t:|1758320646
|move|p2a: Iron Valiant|Knock Off|p1a: Clodsire
|-damage|p1a: Clodsire|58/100
|-enditem|p1a: Clodsire|Leftovers|[from] move: Knock Off|[of] p2a: Iron Valiant
|move|p1a: Clodsire|Body Press|p2a: Iron Valiant
|-resisted|p2a: Iron Valiant
|-damage|p2a: Iron Valiant|0 fnt
|faint|p2a: Iron Valiant
|-end|p2a: Iron Valiant|Quark Drive|[silent]
|
|upkeep
|
|t:|1758320655
|switch|p2a: Iron Treads|Iron Treads|22/100
|turn|33
|
|t:|1758320667
|move|p2a: Iron Treads|Rapid Spin|p1a: Clodsire
|-damage|p1a: Clodsire|46/100
|-boost|p2a: Iron Treads|spe|1
|-sideend|p2: Hittite Jumpscare|Spikes|[from] move: Rapid Spin|[of] p2a: Iron Treads
|move|p1a: Clodsire|Body Press|p2a: Iron Treads
|-supereffective|p2a: Iron Treads
|-damage|p2a: Iron Treads|0 fnt
|faint|p2a: Iron Treads
|-end|p2a: Iron Treads|Quark Drive|[silent]
|
|upkeep
|
|t:|1758320678
|switch|p2a: Alomomola|Alomomola, F|41/100
|turn|34
|
|t:|1758320686
|move|p2a: Alomomola|Scald|p1a: Clodsire
|-supereffective|p1a: Clodsire
|-damage|p1a: Clodsire|27/100
|move|p1a: Clodsire|Toxic|p2a: Alomomola
|-status|p2a: Alomomola|tox
|
|-damage|p2a: Alomomola|34/100 tox|[from] psn
|upkeep
|turn|35
|
|t:|1758320691
|move|p2a: Alomomola|Flip Turn|p1a: Clodsire
|-supereffective|p1a: Clodsire
|-damage|p1a: Clodsire|4/100
|
|t:|1758320695
|switch|p2a: Pecharunt|Pecharunt|56/100 brn|[from] Flip Turn
|move|p1a: Clodsire|Recover|p1a: Clodsire
|-heal|p1a: Clodsire|54/100
|
|-damage|p2a: Pecharunt|50/100 brn|[from] brn
|upkeep
|turn|36
|
|t:|1758320699
|move|p2a: Pecharunt|Parting Shot|p1a: Clodsire
|-unboost|p1a: Clodsire|atk|1
|-unboost|p1a: Clodsire|spa|1
|
|t:|1758320703
|switch|p2a: Indeedee|Indeedee, M|100/100|[from] Parting Shot
|-fieldstart|move: Psychic Terrain|[from] ability: Psychic Surge|[of] p2a: Indeedee
|move|p1a: Clodsire|Stockpile|p1a: Clodsire
|-start|p1a: Clodsire|stockpile1
|-boost|p1a: Clodsire|def|1
|-boost|p1a: Clodsire|spd|1
|
|upkeep
|turn|37
|
|t:|1758320709
|switch|p1a: Samurott|Samurott-Hisui, M|43/100
|move|p2a: Indeedee|Expanding Force|p1a: Samurott
|-immune|p1a: Samurott
|
|upkeep
|turn|38
|
|t:|1758320714
|switch|p2a: Alomomola|Alomomola, F|68/100 tox
|move|p1a: Samurott|Ceaseless Edge|p2a: Alomomola
|-damage|p2a: Alomomola|46/100 tox
|-sidestart|p2: Hittite Jumpscare|Spikes
|
|-damage|p2a: Alomomola|39/100 tox|[from] psn
|upkeep
|turn|39
|
|t:|1758320719
|move|p1a: Samurott|Ceaseless Edge|p2a: Alomomola
|-damage|p2a: Alomomola|17/100 tox
|-sidestart|p2: Hittite Jumpscare|Spikes
|move|p2a: Alomomola|Body Slam|p1a: Samurott
|-damage|p1a: Samurott|26/100
|-status|p1a: Samurott|par
|
|-damage|p2a: Alomomola|5/100 tox|[from] psn
|upkeep
|turn|40
|
|t:|1758320723
|switch|p2a: Pecharunt|Pecharunt|50/100 brn
|cant|p1a: Samurott|par
|
|-damage|p2a: Pecharunt|44/100 brn|[from] brn
|-fieldend|move: Psychic Terrain
|upkeep
|turn|41
|
|t:|1758320732
|move|p2a: Pecharunt|Recover|p2a: Pecharunt
|-heal|p2a: Pecharunt|94/100 brn
|move|p1a: Samurott|Ceaseless Edge|p2a: Pecharunt
|-supereffective|p2a: Pecharunt
|-damage|p2a: Pecharunt|62/100 brn
|-sidestart|p2: Hittite Jumpscare|Spikes
|
|-damage|p2a: Pecharunt|56/100 brn|[from] brn
|upkeep
|turn|42
|
|t:|1758320737
|switch|p1a: Clodsire|Clodsire, F|54/100
|move|p2a: Pecharunt|Malignant Chain|p1a: Clodsire
|-resisted|p1a: Clodsire
|-damage|p1a: Clodsire|48/100
|
|-damage|p2a: Pecharunt|50/100 brn|[from] brn
|upkeep
|turn|43
|
|t:|1758320739
|move|p2a: Pecharunt|Parting Shot|p1a: Clodsire
|-unboost|p1a: Clodsire|atk|1
|-unboost|p1a: Clodsire|spa|1
|
|t:|1758320743
|switch|p2a: Alomomola|Alomomola, F|39/100 tox|[from] Parting Shot
|-damage|p2a: Alomomola|14/100 tox|[from] Spikes
|move|p1a: Clodsire|Recover|p1a: Clodsire
|-heal|p1a: Clodsire|98/100
|
|-damage|p2a: Alomomola|8/100 tox|[from] psn
|upkeep
|turn|44
|
|t:|1758320756
|move|p2a: Alomomola|Flip Turn|p1a: Clodsire
|-supereffective|p1a: Clodsire
|-damage|p1a: Clodsire|73/100
|
|t:|1758320760
|switch|p2a: Indeedee|Indeedee, M|100/100|[from] Flip Turn
|-damage|p2a: Indeedee|76/100|[from] Spikes
|-fieldstart|move: Psychic Terrain|[from] ability: Psychic Surge|[of] p2a: Indeedee
|move|p1a: Clodsire|Stockpile|p1a: Clodsire
|-start|p1a: Clodsire|stockpile1
|-boost|p1a: Clodsire|def|1
|-boost|p1a: Clodsire|spd|1
|
|upkeep
|turn|45
|
|t:|1758320772
|switch|p1a: Rillaboom|Rillaboom, F|100/100
|-fieldstart|move: Grassy Terrain|[from] ability: Grassy Surge|[of] p1a: Rillaboom
|move|p2a: Indeedee|Expanding Force|p1a: Rillaboom
|-damage|p1a: Rillaboom|26/100
|
|-heal|p2a: Indeedee|82/100|[from] Grassy Terrain
|-heal|p1a: Rillaboom|32/100|[from] Grassy Terrain
|upkeep
|turn|46
|
|t:|1758320780
|switch|p2a: Alomomola|Alomomola, F|41/100 tox
|-damage|p2a: Alomomola|16/100 tox|[from] Spikes
|move|p1a: Rillaboom|Grassy Glide|p2a: Alomomola
|-supereffective|p2a: Alomomola
|-damage|p2a: Alomomola|0 fnt
|faint|p2a: Alomomola
|
|-heal|p1a: Rillaboom|39/100|[from] Grassy Terrain
|upkeep
|
|t:|1758320782
|switch|p2a: Pecharunt|Pecharunt|50/100 brn
|turn|47
|
|t:|1758320786
|switch|p1a: Clodsire|Clodsire, F|73/100
|move|p2a: Pecharunt|Recover|p2a: Pecharunt
|-heal|p2a: Pecharunt|99/100 brn
|
|-heal|p2a: Pecharunt|100/100 brn|[from] Grassy Terrain
|-heal|p1a: Clodsire|79/100|[from] Grassy Terrain
|-damage|p2a: Pecharunt|94/100 brn|[from] brn
|upkeep
|turn|48
|
|t:|1758320796
|move|p2a: Pecharunt|Parting Shot|p1a: Clodsire
|-unboost|p1a: Clodsire|atk|1
|-unboost|p1a: Clodsire|spa|1
|
|t:|1758320799
|switch|p2a: Indeedee|Indeedee, M|82/100|[from] Parting Shot
|-damage|p2a: Indeedee|57/100|[from] Spikes
|-fieldstart|move: Psychic Terrain|[from] ability: Psychic Surge|[of] p2a: Indeedee
|move|p1a: Clodsire|Toxic|p2a: Indeedee
|-status|p2a: Indeedee|tox
|
|-damage|p2a: Indeedee|51/100 tox|[from] psn
|upkeep
|turn|49
|
|t:|1758320810
|switch|p1a: Samurott|Samurott-Hisui, M|26/100 par
|move|p2a: Indeedee|Dazzling Gleam|p1a: Samurott
|-supereffective|p1a: Samurott
|-damage|p1a: Samurott|0 fnt
|faint|p1a: Samurott
|
|-damage|p2a: Indeedee|38/100 tox|[from] psn
|upkeep
|
|t:|1758320812
|switch|p1a: Rillaboom|Rillaboom, F|39/100
|-fieldstart|move: Grassy Terrain|[from] ability: Grassy Surge|[of] p1a: Rillaboom
|turn|50
|
|t:|1758320822
|move|p1a: Rillaboom|Grassy Glide|p2a: Indeedee
|-damage|p2a: Indeedee|0 fnt
|faint|p2a: Indeedee
|
|-heal|p1a: Rillaboom|45/100|[from] Grassy Terrain
|upkeep
|-message|Hittite Jumpscare forfeited.
|
|win|will1994
|raw|will1994's rating: 1537 &rarr; <strong>1560</strong><br />(+23 for winning)
|raw|Hittite Jumpscare's rating: 1583 &rarr; <strong>1560</strong><br />(-23 for losing)
|c|☆Hittite Jumpscare|gg
|c|☆will1994|gg
|l|☆Hittite Jumpscare
|player|p2|
|l|☆will1994
|player|p1|
