|j|☆Sauronikov
|j|☆BackwardsDD
|t:|1758294014
|gametype|singles
|player|p1|Sauronikov|265|1313
|player|p2|BackwardsDD|102|1322
|gen|9
|tier|[Gen 9] OU
|rated|
|rule|HP Percentage Mod: HP is shown in percentages
|rule|Endless Battle Clause: Forcing endless battles is banned
|rule|Species Clause: Limit one of each Pokémon
|rule|OHKO Clause: OHKO moves are banned
|rule|Evasion Items Clause: Evasion items are banned
|rule|Evasion Moves Clause: Evasion moves are banned
|rule|Evasion Abilities Clause: Evasion abilities are banned
|rule|Sleep Moves Clause: Sleep-inducing moves are banned
|clearpoke
|poke|p1|Grimmsnarl, M|
|poke|p1|Rhyperior, F|
|poke|p1|Revavroom, M|
|poke|p1|Entei|
|poke|p1|Raikou|
|poke|p1|Suicune|
|poke|p2|Gyarados, M|
|poke|p2|Araquanid, F|
|poke|p2|Manaphy|
|poke|p2|Cinderace, M|
|poke|p2|Tyranitar, F|
|poke|p2|Excadrill, M|
|teampreview
|
|t:|1758294020
|teamsize|p1|6
|teamsize|p2|6
|start
|switch|p1a: Grimmsnarl|Grimmsnarl, M|100/100
|switch|p2a: Araquanid|Araquanid, F|100/100
|turn|1
|
|t:|1758294032
|move|p1a: Grimmsnarl|Taunt|p2a: Araquanid
|-start|p2a: Araquanid|move: Taunt
|move|p2a: Araquanid|Surf|p1a: Grimmsnarl
|-damage|p1a: Grimmsnarl|71/100
|
|upkeep
|turn|2
|
|t:|1758294036
|move|p1a: Grimmsnarl|Light Screen|p1a: Grimmsnarl
|-sidestart|p1: Sauronikov|move: Light Screen
|move|p2a: Araquanid|Surf|p1a: Grimmsnarl
|-damage|p1a: Grimmsnarl|54/100
|
|upkeep
|turn|3
|
|t:|1758294040
|move|p1a: Grimmsnarl|Parting Shot|p2a: Araquanid
|-unboost|p2a: Araquanid|atk|1
|-unboost|p2a: Araquanid|spa|1
|
|t:|1758294042
|switch|p1a: Entei|Entei, shiny|100/100|[from] Parting Shot
|move|p2a: Araquanid|Surf|p1a: Entei
|-supereffective|p1a: Entei
|-damage|p1a: Entei|78/100
|-enditem|p1a: Entei|Weakness Policy
|-boost|p1a: Entei|atk|2|[from] item: Weakness Policy
|-boost|p1a: Entei|spa|2|[from] item: Weakness Policy
|
|-end|p2a: Araquanid|move: Taunt
|upkeep
|turn|4
|
|t:|1758294048
|-terastallize|p1a: Entei|Ice
|move|p1a: Entei|Agility|p1a: Entei
|-boost|p1a: Entei|spe|2
|move|p2a: Araquanid|Sticky Web|p1a: Entei
|-sidestart|p1: Sauronikov|move: Sticky Web
|
|upkeep
|turn|5
|
|t:|1758294059
|switch|p2a: Tyranitar|Tyranitar, F|100/100
|-weather|Sandstorm|[from] ability: Sand Stream|[of] p2a: Tyranitar
|move|p1a: Entei|Sacred Fire|p2a: Tyranitar
|-resisted|p2a: Tyranitar
|-damage|p2a: Tyranitar|61/100
|
|-weather|Sandstorm|[upkeep]
|-damage|p1a: Entei|71/100|[from] Sandstorm
|upkeep
|turn|6
|
|t:|1758294063
|move|p1a: Entei|Stomping Tantrum|p2a: Tyranitar
|-supereffective|p2a: Tyranitar
|-damage|p2a: Tyranitar|0 fnt
|faint|p2a: Tyranitar
|
|-weather|Sandstorm|[upkeep]
|-damage|p1a: Entei|65/100|[from] Sandstorm
|upkeep
|
|t:|1758294067
|switch|p2a: Excadrill|Excadrill, M|100/100
|-item|p2a: Excadrill|Air Balloon
|turn|7
|
|t:|1758294072
|-terastallize|p2a: Excadrill|Ghost
|move|p2a: Excadrill|Swords Dance|p2a: Excadrill
|-boost|p2a: Excadrill|atk|2
|move|p1a: Entei|Sacred Fire|p2a: Excadrill
|-damage|p2a: Excadrill|0 fnt
|-enditem|p2a: Excadrill|Air Balloon
|faint|p2a: Excadrill
|
|-weather|Sandstorm|[upkeep]
|-damage|p1a: Entei|59/100|[from] Sandstorm
|upkeep
|
|t:|1758294084
|switch|p2a: Gyarados|Gyarados, M|100/100
|turn|8
|
|t:|1758294089
|move|p1a: Entei|Tera Blast|p2a: Gyarados|[anim] Tera Blast Ice
|-damage|p2a: Gyarados|0 fnt
|faint|p2a: Gyarados
|
|-weather|Sandstorm|[upkeep]
|-damage|p1a: Entei|53/100|[from] Sandstorm
|upkeep
|
|t:|1758294103
|switch|p2a: Manaphy|Manaphy|100/100
|turn|9
|
|t:|1758294110
|move|p1a: Entei|Stomping Tantrum|p2a: Manaphy
|-damage|p2a: Manaphy|55/100
|move|p2a: Manaphy|Scald|p1a: Entei
|-damage|p1a: Entei|32/100
|
|-weather|Sandstorm|[upkeep]
|-damage|p1a: Entei|26/100|[from] Sandstorm
|-damage|p2a: Manaphy|49/100|[from] Sandstorm
|-heal|p2a: Manaphy|55/100|[from] item: Leftovers
|-sideend|p1: Sauronikov|move: Light Screen
|upkeep
|turn|10
|
|t:|1758294118
|move|p1a: Entei|Sacred Fire|p2a: Manaphy
|-resisted|p2a: Manaphy
|-damage|p2a: Manaphy|12/100
|move|p2a: Manaphy|Scald|p1a: Entei
|-damage|p1a: Entei|0 fnt
|faint|p1a: Entei
|
|-weather|Sandstorm|[upkeep]
|-damage|p2a: Manaphy|6/100|[from] Sandstorm
|-heal|p2a: Manaphy|12/100|[from] item: Leftovers
|upkeep
|
|t:|1758294123
|switch|p1a: Grimmsnarl|Grimmsnarl, M|54/100
|-activate|p1a: Grimmsnarl|move: Sticky Web
|-unboost|p1a: Grimmsnarl|spe|1
|turn|11
|
|t:|1758294127
|move|p1a: Grimmsnarl|Light Screen|p1a: Grimmsnarl
|-sidestart|p1: Sauronikov|move: Light Screen
|move|p2a: Manaphy|Dazzling Gleam|p1a: Grimmsnarl
|-supereffective|p1a: Grimmsnarl
|-damage|p1a: Grimmsnarl|33/100
|
|-weather|Sandstorm|[upkeep]
|-damage|p2a: Manaphy|6/100|[from] Sandstorm
|-damage|p1a: Grimmsnarl|27/100|[from] Sandstorm
|-heal|p2a: Manaphy|12/100|[from] item: Leftovers
|upkeep
|turn|12
|
|t:|1758294131
|move|p1a: Grimmsnarl|Reflect|p1a: Grimmsnarl
|-sidestart|p1: Sauronikov|Reflect
|move|p2a: Manaphy|Dazzling Gleam|p1a: Grimmsnarl
|-supereffective|p1a: Grimmsnarl
|-damage|p1a: Grimmsnarl|4/100
|
|-weather|none
|-heal|p2a: Manaphy|18/100|[from] item: Leftovers
|upkeep
|turn|13
|
|t:|1758294137
|move|p1a: Grimmsnarl|Parting Shot|p2a: Manaphy
|-unboost|p2a: Manaphy|atk|1
|-unboost|p2a: Manaphy|spa|1
|
|t:|1758294140
|switch|p1a: Raikou|Raikou|100/100|[from] Parting Shot
|-activate|p1a: Raikou|move: Sticky Web
|-unboost|p1a: Raikou|spe|1
|move|p2a: Manaphy|Scald|p1a: Raikou
|-damage|p1a: Raikou|89/100
|
|-heal|p2a: Manaphy|24/100|[from] item: Leftovers
|upkeep
|turn|14
|
|t:|1758294145
|switch|p2a: Cinderace|Cinderace, M|100/100
|move|p1a: Raikou|Agility|p1a: Raikou
|-boost|p1a: Raikou|spe|2
|
|upkeep
|turn|15
|
|t:|1758294150
|move|p1a: Raikou|Scald|p2a: Cinderace
|-supereffective|p2a: Cinderace
|-damage|p2a: Cinderace|21/100
|move|p2a: Cinderace|Court Change|p2a: Cinderace
|-start|p2a: Cinderace|typechange|Normal|[from] ability: Libero
|-swapsideconditions
|-activate|p2a: Cinderace|move: Court Change
|
|upkeep
|turn|16
|
|t:|1758294161
|switch|p2a: Araquanid|Araquanid, F|100/100
|-activate|p2a: Araquanid|move: Sticky Web
|-unboost|p2a: Araquanid|spe|1
|move|p1a: Raikou|Thunderbolt|p2a: Araquanid
|-supereffective|p2a: Araquanid
|-damage|p2a: Araquanid|71/100
|
|upkeep
|turn|17
|
|t:|1758294170
|move|p1a: Raikou|Thunderbolt|p2a: Araquanid
|-supereffective|p2a: Araquanid
|-damage|p2a: Araquanid|42/100
|move|p2a: Araquanid|Sticky Web|p1a: Raikou
|-sidestart|p1: Sauronikov|move: Sticky Web
|
|upkeep
|turn|18
|
|t:|1758294177
|move|p1a: Raikou|Thunderbolt|p2a: Araquanid
|-supereffective|p2a: Araquanid
|-damage|p2a: Araquanid|13/100
|move|p2a: Araquanid|Surf|p1a: Raikou
|-damage|p1a: Raikou|56/100
|
|-sideend|p2: BackwardsDD|move: Light Screen
|upkeep
|turn|19
|-enditem|p2a: Araquanid|Custap Berry|[eat]
|-activate|p2a: Araquanid|item: Custap Berry|[consumed]
|
|t:|1758294183
|move|p2a: Araquanid|Endeavor|p1a: Raikou
|-damage|p1a: Raikou|12/100
|move|p1a: Raikou|Thunderbolt|p2a: Araquanid
|-supereffective|p2a: Araquanid
|-damage|p2a: Araquanid|0 fnt
|faint|p2a: Araquanid
|
|-sideend|p2: BackwardsDD|Reflect
|upkeep
|
|t:|1758294194
|switch|p2a: Cinderace|Cinderace, M|21/100
|turn|20
|
|t:|1758294196
|move|p2a: Cinderace|Sucker Punch|p1a: Raikou
|-start|p2a: Cinderace|typechange|Dark|[from] ability: Libero
|-damage|p1a: Raikou|0 fnt
|faint|p1a: Raikou
|
|upkeep
|
|t:|1758294199
|switch|p1a: Grimmsnarl|Grimmsnarl, M|4/100
|-activate|p1a: Grimmsnarl|move: Sticky Web
|-unboost|p1a: Grimmsnarl|spe|1
|turn|21
|
|t:|1758294204
|move|p1a: Grimmsnarl|Reflect|p1a: Grimmsnarl
|-sidestart|p1: Sauronikov|Reflect
|move|p2a: Cinderace|Pyro Ball|p1a: Grimmsnarl
|-damage|p1a: Grimmsnarl|0 fnt
|faint|p1a: Grimmsnarl
|
|upkeep
|
|t:|1758294214
|switch|p1a: Suicune|Suicune, shiny|100/100
|-activate|p1a: Suicune|move: Sticky Web
|-unboost|p1a: Suicune|spe|1
|turn|22
|
|t:|1758294221
|move|p2a: Cinderace|Gunk Shot|p1a: Suicune|[miss]
|-miss|p2a: Cinderace|p1a: Suicune
|move|p1a: Suicune|Agility|p1a: Suicune
|-boost|p1a: Suicune|spe|2
|
|upkeep
|turn|23
|
|t:|1758294223
|move|p2a: Cinderace|Gunk Shot|p1a: Suicune
|-damage|p1a: Suicune|86/100
|-status|p1a: Suicune|psn
|move|p1a: Suicune|Agility|p1a: Suicune
|-boost|p1a: Suicune|spe|2
|
|-damage|p1a: Suicune|74/100 psn|[from] psn
|upkeep
|turn|24
|
|t:|1758294230
|switch|p2a: Manaphy|Manaphy|24/100
|-activate|p2a: Manaphy|move: Sticky Web
|-unboost|p2a: Manaphy|spe|1
|move|p1a: Suicune|Scald|p2a: Manaphy
|-resisted|p2a: Manaphy
|-damage|p2a: Manaphy|11/100
|-status|p2a: Manaphy|brn
|
|-heal|p2a: Manaphy|17/100 brn|[from] item: Leftovers
|-damage|p1a: Suicune|61/100 psn|[from] psn
|-damage|p2a: Manaphy|11/100 brn|[from] brn
|upkeep
|turn|25
|
|t:|1758294237
|move|p1a: Suicune|Air Slash|p2a: Manaphy
|-damage|p2a: Manaphy|0 fnt
|faint|p2a: Manaphy
|
|-damage|p1a: Suicune|49/100 psn|[from] psn
|upkeep
|
|t:|1758294240
|switch|p2a: Cinderace|Cinderace, M|21/100
|turn|26
|
|t:|1758294243
|move|p2a: Cinderace|Sucker Punch|p1a: Suicune
|-start|p2a: Cinderace|typechange|Dark|[from] ability: Libero
|-crit|p1a: Suicune
|-damage|p1a: Suicune|13/100 psn
|move|p1a: Suicune|Scald|p2a: Cinderace
|-damage|p2a: Cinderace|0 fnt
|faint|p2a: Cinderace
|
|win|Sauronikov
|raw|Sauronikov's rating: 1313 &rarr; <strong>1334</strong><br />(+21 for winning)
|raw|BackwardsDD's rating: 1322 &rarr; <strong>1301</strong><br />(-21 for losing)
|l|☆Sauronikov
|player|p1|
|l|☆BackwardsDD
|player|p2|
