|j|☆Cysayox
|j|☆manupama
|t:|1758305753
|gametype|singles
|player|p1|Cysayox|swimmer-gen4dp|1334
|player|p2|manupama|169|1269
|gen|9
|tier|[Gen 9] OU
|rated|
|rule|HP Percentage Mod: HP is shown in percentages
|rule|Endless Battle Clause: Forcing endless battles is banned
|rule|Species Clause: Limit one of each Pokémon
|rule|OHKO Clause: OHKO moves are banned
|rule|Evasion Items Clause: Evasion items are banned
|rule|Evasion Moves Clause: Evasion moves are banned
|rule|Evasion Abilities Clause: Evasion abilities are banned
|rule|Sleep Moves Clause: Sleep-inducing moves are banned
|clearpoke
|poke|p1|Glimmora, M|
|poke|p1|Cinderace, F|
|poke|p1|Hatterene, F|
|poke|p1|Gliscor, F|
|poke|p1|Ogerpon-Wellspring, F|
|poke|p1|Weavile, F|
|poke|p2|Ambipom, F|
|poke|p2|Landorus-Therian, M|
|poke|p2|Chandelure, M|
|poke|p2|Ogerpon, F|
|poke|p2|Toxapex, F|
|poke|p2|Reuniclus, M|
|teampreview
|
|t:|1758305775
|teamsize|p1|6
|teamsize|p2|6
|start
|switch|p1a: Hatterene|Hatterene, F|100/100
|switch|p2a: Chandelure|Chandelure, M, shiny|100/100
|turn|1
|
|t:|1758305784
|move|p2a: Chandelure|Shadow Ball|p1a: Hatterene
|-supereffective|p1a: Hatterene
|-damage|p1a: Hatterene|2/100
|move|p1a: Hatterene|Light Screen|p1a: Hatterene
|-sidestart|p1: Cysayox|move: Light Screen
|
|upkeep
|turn|2
|
|t:|1758305792
|move|p2a: Chandelure|Shadow Ball|p1a: Hatterene
|-supereffective|p1a: Hatterene
|-damage|p1a: Hatterene|0 fnt
|faint|p1a: Hatterene
|
|upkeep
|
|t:|1758305800
|switch|p1a: Weavile|Weavile, F|100/100
|-ability|p1a: Weavile|Pressure
|turn|3
|
|t:|1758305810
|switch|p2a: Toxapex|Toxapex, F|100/100
|move|p1a: Weavile|Knock Off|p2a: Toxapex
|-damage|p2a: Toxapex|65/100
|-enditem|p2a: Toxapex|Black Sludge|[from] move: Knock Off|[of] p1a: Weavile
|
|upkeep
|turn|4
|
|t:|1758305832
|switch|p1a: Glimmora|Glimmora, M|100/100
|-item|p1a: Glimmora|Air Balloon
|switch|p2a: Ambipom|Ambipom, F, shiny|100/100
|
|upkeep
|turn|5
|
|t:|1758305842
|move|p2a: Ambipom|Fake Out|p1a: Glimmora
|-resisted|p1a: Glimmora
|-crit|p1a: Glimmora
|-damage|p1a: Glimmora|72/100
|-activate|p1a: Glimmora|ability: Toxic Debris
|-sidestart|p2: manupama|move: Toxic Spikes
|-enditem|p1a: Glimmora|Air Balloon
|-damage|p2a: Ambipom|91/100|[from] item: Life Orb
|cant|p1a: Glimmora|flinch
|
|upkeep
|turn|6
|
|t:|1758305858
|switch|p2a: Landorus|Landorus-Therian, M|100/100
|-ability|p2a: Landorus|Intimidate|boost
|-unboost|p1a: Glimmora|atk|1
|move|p1a: Glimmora|Spikes|p2a: Landorus
|-sidestart|p2: manupama|Spikes
|
|upkeep
|turn|7
|
|t:|1758305866
|move|p1a: Glimmora|Mortal Spin|p2a: Landorus
|-resisted|p2a: Landorus
|-damage|p2a: Landorus|99/100
|-status|p2a: Landorus|psn
|-damage|p1a: Glimmora|56/100|[from] item: Rocky Helmet|[of] p2a: Landorus
|move|p2a: Landorus|Taunt|p1a: Glimmora
|-start|p1a: Glimmora|move: Taunt
|
|-damage|p2a: Landorus|87/100 psn|[from] psn
|upkeep
|turn|8
|
|t:|1758305876
|switch|p1a: Gliscor|Gliscor, F|100/100
|move|p2a: Landorus|Stealth Rock|p1a: Gliscor
|-sidestart|p1: Cysayox|move: Stealth Rock
|
|-damage|p2a: Landorus|74/100 psn|[from] psn
|-sideend|p1: Cysayox|move: Light Screen
|-status|p1a: Gliscor|tox|[from] item: Toxic Orb
|upkeep
|turn|9
|
|t:|1758305888
|move|p1a: Gliscor|Crabhammer|p2a: Landorus
|-supereffective|p2a: Landorus
|-damage|p2a: Landorus|27/100 psn
|-damage|p1a: Gliscor|84/100 tox|[from] item: Rocky Helmet|[of] p2a: Landorus
|move|p2a: Landorus|U-turn|p1a: Gliscor
|-resisted|p1a: Gliscor
|-damage|p1a: Gliscor|74/100 tox
|
|t:|1758305897
|switch|p2a: Toxapex|Toxapex, F|98/100|[from] U-turn
|-sideend|p2: manupama|move: Toxic Spikes|[of] p2a: Toxapex
|-damage|p2a: Toxapex|85/100|[from] Spikes
|
|-heal|p1a: Gliscor|87/100 tox|[from] ability: Poison Heal
|upkeep
|turn|10
|
|t:|1758305904
|switch|p2a: Reuniclus|Reuniclus, M|100/100
|-damage|p2a: Reuniclus|88/100|[from] Spikes
|move|p1a: Gliscor|Earthquake|p2a: Reuniclus
|-damage|p2a: Reuniclus|51/100
|
|-heal|p1a: Gliscor|99/100 tox|[from] ability: Poison Heal
|upkeep
|turn|11
|
|t:|1758305914
|move|p1a: Gliscor|Toxic|p2a: Reuniclus
|-status|p2a: Reuniclus|tox
|move|p2a: Reuniclus|Future Sight|p1a: Gliscor
|-start|p2a: Reuniclus|move: Future Sight
|
|-heal|p1a: Gliscor|100/100 tox|[from] ability: Poison Heal
|-damage|p2a: Reuniclus|45/100 tox|[from] psn
|upkeep
|turn|12
|
|t:|1758305929
|switch|p2a: Ogerpon|Ogerpon, F|100/100
|-damage|p2a: Ogerpon|88/100|[from] Spikes
|move|p1a: Gliscor|Earthquake|p2a: Ogerpon
|-resisted|p2a: Ogerpon
|-damage|p2a: Ogerpon|61/100
|
|upkeep
|turn|13
|
|t:|1758305941
|switch|p1a: Glimmora|Glimmora, M|56/100
|-damage|p1a: Glimmora|43/100|[from] Stealth Rock
|move|p2a: Ogerpon|Ivy Cudgel|p1a: Glimmora
|-damage|p1a: Glimmora|0 fnt
|-activate|p1a: Glimmora|ability: Toxic Debris
|-sidestart|p2: manupama|move: Toxic Spikes
|faint|p1a: Glimmora
|
|-hint|Future Sight did not hit because the target is fainted.
|upkeep
|
|t:|1758305956
|switch|p1a: Cinderace|Cinderace, F|100/100
|turn|14
|
|t:|1758305964
|switch|p2a: Toxapex|Toxapex, F|100/100
|-damage|p2a: Toxapex|88/100|[from] Spikes
|-sideend|p2: manupama|move: Toxic Spikes|[of] p2a: Toxapex
|move|p1a: Cinderace|U-turn|p2a: Toxapex
|-start|p1a: Cinderace|typechange|Bug|[from] ability: Libero
|-resisted|p2a: Toxapex
|-damage|p2a: Toxapex|75/100
|
|t:|1758305983
|switch|p1a: Gliscor|Gliscor, F|100/100 tox|[from] U-turn
|-damage|p1a: Gliscor|88/100 tox|[from] Stealth Rock
|
|-heal|p1a: Gliscor|100/100 tox|[from] ability: Poison Heal
|upkeep
|turn|15
|
|t:|1758305994
|switch|p2a: Landorus|Landorus-Therian, M|27/100 psn
|-ability|p2a: Landorus|Intimidate|boost
|-unboost|p1a: Gliscor|atk|1
|move|p1a: Gliscor|Earthquake|p2a: Landorus
|-immune|p2a: Landorus
|
|-damage|p2a: Landorus|15/100 psn|[from] psn
|upkeep
|turn|16
|
|t:|1758306007
|move|p1a: Gliscor|Crabhammer|p2a: Landorus
|-supereffective|p2a: Landorus
|-damage|p2a: Landorus|0 fnt
|-damage|p1a: Gliscor|84/100 tox|[from] item: Rocky Helmet|[of] p2a: Landorus
|faint|p2a: Landorus
|
|-heal|p1a: Gliscor|96/100 tox|[from] ability: Poison Heal
|upkeep
|
|t:|1758306033
|switch|p2a: Ogerpon|Ogerpon, F|61/100
|-damage|p2a: Ogerpon|49/100|[from] Spikes
|turn|17
|
|t:|1758306052
|-terastallize|p2a: Ogerpon|Grass
|detailschange|p2a: Ogerpon|Ogerpon-Teal-Tera, F, tera:Grass
|-ability|p2a: Ogerpon|Embody Aspect (Teal)|boost
|-boost|p2a: Ogerpon|spe|1
|move|p2a: Ogerpon|Ivy Cudgel|p1a: Gliscor
|-crit|p1a: Gliscor
|-damage|p1a: Gliscor|0 fnt
|faint|p1a: Gliscor
|
|upkeep
|
|t:|1758306079
|switch|p1a: Cinderace|Cinderace, F|100/100
|turn|18
|inactive|Battle timer is ON: inactive players will automatically lose when time's up. (requested by manupama)
|
|t:|1758306083
|switch|p2a: Toxapex|Toxapex, F|100/100
|-damage|p2a: Toxapex|88/100|[from] Spikes
|move|p1a: Cinderace|U-turn|p2a: Toxapex
|-start|p1a: Cinderace|typechange|Bug|[from] ability: Libero
|-resisted|p2a: Toxapex
|-damage|p2a: Toxapex|76/100
|
|t:|1758306097
|switch|p1a: Ogerpon|Ogerpon-Wellspring, F|100/100|[from] U-turn
|-damage|p1a: Ogerpon|88/100|[from] Stealth Rock
|
|upkeep
|turn|19
|
|t:|1758306104
|move|p1a: Ogerpon|Swords Dance|p1a: Ogerpon
|-boost|p1a: Ogerpon|atk|2
|move|p2a: Toxapex|Toxic|p1a: Ogerpon
|-status|p1a: Ogerpon|tox
|
|-damage|p1a: Ogerpon|82/100 tox|[from] psn
|upkeep
|turn|20
|
|t:|1758306114
|switch|p2a: Reuniclus|Reuniclus, M|78/100 tox
|-damage|p2a: Reuniclus|66/100 tox|[from] Spikes
|move|p1a: Ogerpon|Trailblaze|p2a: Reuniclus
|-damage|p2a: Reuniclus|16/100 tox
|-boost|p1a: Ogerpon|spe|1
|
|-damage|p1a: Ogerpon|70/100 tox|[from] psn
|-damage|p2a: Reuniclus|9/100 tox|[from] psn
|upkeep
|turn|21
|
|t:|1758306127
|move|p1a: Ogerpon|Trailblaze|p2a: Reuniclus
|-damage|p2a: Reuniclus|0 fnt
|-boost|p1a: Ogerpon|spe|1
|faint|p2a: Reuniclus
|
|-damage|p1a: Ogerpon|52/100 tox|[from] psn
|upkeep
|
|t:|1758306135
|switch|p2a: Ambipom|Ambipom, F, shiny|91/100
|-damage|p2a: Ambipom|78/100|[from] Spikes
|turn|22
|
|t:|1758306143
|move|p2a: Ambipom|Fake Out|p1a: Ogerpon
|-damage|p1a: Ogerpon|0 fnt
|faint|p1a: Ogerpon
|-damage|p2a: Ambipom|68/100|[from] item: Life Orb
|
|upkeep
|
|t:|1758306149
|switch|p1a: Cinderace|Cinderace, F|100/100
|turn|23
|
|t:|1758306155
|switch|p2a: Toxapex|Toxapex, F|100/100
|-damage|p2a: Toxapex|88/100|[from] Spikes
|move|p1a: Cinderace|Pyro Ball|p2a: Toxapex
|-resisted|p2a: Toxapex
|-damage|p2a: Toxapex|67/100
|
|upkeep
|turn|24
|
|t:|1758306164
|move|p1a: Cinderace|Pyro Ball|p2a: Toxapex
|-resisted|p2a: Toxapex
|-damage|p2a: Toxapex|46/100
|move|p2a: Toxapex|Toxic|p1a: Cinderace
|-status|p1a: Cinderace|tox
|
|-damage|p1a: Cinderace|95/100 tox|[from] psn
|upkeep
|turn|25
|
|t:|1758306172
|switch|p2a: Chandelure|Chandelure, M, shiny|100/100
|-damage|p2a: Chandelure|88/100|[from] Spikes
|move|p1a: Cinderace|Pyro Ball|p2a: Chandelure
|-start|p2a: Chandelure|ability: Flash Fire
|
|-damage|p1a: Cinderace|83/100 tox|[from] psn
|upkeep
|turn|26
|-message|Cysayox forfeited.
|
|win|manupama
|raw|Cysayox's rating: 1334 &rarr; <strong>1310</strong><br />(-24 for losing)
|raw|manupama's rating: 1269 &rarr; <strong>1299</strong><br />(+30 for winning)
|l|☆Cysayox
|player|p1|
