|j|☆kinweng1
|j|☆Vareth Umbra
|t:|1758357282
|gametype|singles
|player|p1|kinweng1|waiter-gen4dp|1049
|player|p2|Vareth Umbra|steven|1055
|gen|9
|tier|[Gen 9] OU
|rated|
|rule|HP Percentage Mod: HP is shown in percentages
|rule|Endless Battle Clause: Forcing endless battles is banned
|rule|Species Clause: Limit one of each Pokémon
|rule|OHKO Clause: OHKO moves are banned
|rule|Evasion Items Clause: Evasion items are banned
|rule|Evasion Moves Clause: Evasion moves are banned
|rule|Evasion Abilities Clause: Evasion abilities are banned
|rule|Sleep Moves Clause: Sleep-inducing moves are banned
|clearpoke
|poke|p1|Malamar, F|
|poke|p1|Araquanid, M|
|poke|p1|Garganacl, M|
|poke|p1|Toxapex, F|
|poke|p1|Hoopa-Unbound|
|poke|p1|Forretress, F|
|poke|p2|Scyther, M|
|poke|p2|Hydreigon, M|
|poke|p2|Arcanine-Hisui, F|
|poke|p2|Glimmora, M|
|poke|p2|Gliscor, F|
|poke|p2|Haxorus, M|
|teampreview
|
|t:|1758357290
|teamsize|p1|6
|teamsize|p2|6
|start
|switch|p1a: Toxapex|Toxapex, F|100/100
|switch|p2a: Arcanine|Arcanine-Hisui, F|100/100
|turn|1
|inactive|Battle timer is ON: inactive players will automatically lose when time's up. (requested by Vareth Umbra)
|
|t:|1758357303
|move|p2a: Arcanine|Head Smash|p1a: Toxapex
|-damage|p1a: Toxapex|39/100
|-damage|p2a: Arcanine|91/100|[from] item: Life Orb
|move|p1a: Toxapex|Toxic|p2a: Arcanine
|-status|p2a: Arcanine|tox
|
|-damage|p2a: Arcanine|84/100 tox|[from] psn
|upkeep
|turn|2
|
|t:|1758357312
|move|p1a: Toxapex|Baneful Bunker|p1a: Toxapex
|-singleturn|p1a: Toxapex|move: Protect
|move|p2a: Arcanine|Head Smash|p1a: Toxapex
|-activate|p1a: Toxapex|move: Protect
|
|-damage|p2a: Arcanine|72/100 tox|[from] psn
|upkeep
|turn|3
|
|t:|1758357327
|switch|p1a: Araquanid|Araquanid, M|100/100
|move|p2a: Arcanine|Head Smash|p1a: Araquanid|[miss]
|-miss|p2a: Arcanine|p1a: Araquanid
|
|-damage|p2a: Arcanine|54/100 tox|[from] psn
|upkeep
|turn|4
|
|t:|1758357335
|move|p2a: Arcanine|Head Smash|p1a: Araquanid
|-supereffective|p1a: Araquanid
|-damage|p1a: Araquanid|0 fnt
|faint|p1a: Araquanid
|-damage|p2a: Arcanine|44/100 tox|[from] item: Life Orb
|
|-damage|p2a: Arcanine|20/100 tox|[from] psn
|upkeep
|
|t:|1758357343
|switch|p1a: Toxapex|Toxapex, F|72/100
|turn|5
|
|t:|1758357348
|switch|p2a: Haxorus|Haxorus, M|100/100
|-ability|p2a: Haxorus|Mold Breaker
|move|p1a: Toxapex|Baneful Bunker||[still]
|-fail|p1a: Toxapex
|
|upkeep
|turn|6
|
|t:|1758357354
|-terastallize|p2a: Haxorus|Steel
|move|p2a: Haxorus|Swords Dance|p2a: Haxorus
|-boost|p2a: Haxorus|atk|2
|move|p1a: Toxapex|Toxic|p2a: Haxorus
|-immune|p2a: Haxorus
|
|upkeep
|turn|7
|
|t:|1758357366
|switch|p1a: Forretress|Forretress, F|100/100
|move|p2a: Haxorus|Scale Shot|p1a: Forretress
|-resisted|p1a: Forretress
|-crit|p1a: Forretress
|-damage|p1a: Forretress|83/100
|-resisted|p1a: Forretress
|-damage|p1a: Forretress|72/100
|-resisted|p1a: Forretress
|-damage|p1a: Forretress|60/100
|-resisted|p1a: Forretress
|-damage|p1a: Forretress|49/100
|-resisted|p1a: Forretress
|-damage|p1a: Forretress|39/100
|-hitcount|p1a: Forretress|5
|-unboost|p2a: Haxorus|def|1
|-boost|p2a: Haxorus|spe|1
|
|upkeep
|turn|8
|
|t:|1758357384
|move|p2a: Haxorus|Earthquake|p1a: Forretress
|-damage|p1a: Forretress|0 fnt
|faint|p1a: Forretress
|
|upkeep
|
|t:|1758357389
|switch|p1a: Malamar|Malamar, F|100/100
|turn|9
|
|t:|1758357393
|-terastallize|p1a: Malamar|Fighting
|move|p2a: Haxorus|Scale Shot|p1a: Malamar
|-damage|p1a: Malamar|64/100
|-damage|p1a: Malamar|30/100
|-damage|p1a: Malamar|0 fnt
|faint|p1a: Malamar
|-hitcount|p1: Malamar|3
|-unboost|p2a: Haxorus|def|1
|-boost|p2a: Haxorus|spe|1
|
|upkeep
|
|t:|1758357403
|switch|p1a: Toxapex|Toxapex, F|100/100
|turn|10
|
|t:|1758357412
|move|p2a: Haxorus|Earthquake|p1a: Toxapex
|-supereffective|p1a: Toxapex
|-damage|p1a: Toxapex|0 fnt
|faint|p1a: Toxapex
|
|upkeep
|
|t:|1758357416
|switch|p1a: Hoopa|Hoopa-Unbound|100/100
|turn|11
|c|☆Vareth Umbra|nah id win haxorus
|
|t:|1758357421
|move|p2a: Haxorus|Iron Head|p1a: Hoopa
|-damage|p1a: Hoopa|0 fnt
|faint|p1a: Hoopa
|
|upkeep
|
|t:|1758357428
|switch|p1a: Garganacl|Garganacl, M|100/100
|turn|12
|
|t:|1758357434
|move|p2a: Haxorus|Iron Head|p1a: Garganacl
|-supereffective|p1a: Garganacl
|-damage|p1a: Garganacl|0 fnt
|faint|p1a: Garganacl
|
|win|Vareth Umbra
|raw|kinweng1's rating: 1049 &rarr; <strong>1032</strong><br />(-17 for losing)
|raw|Vareth Umbra's rating: 1055 &rarr; <strong>1086</strong><br />(+31 for winning)
