|j|☆Southside Mike
|j|☆bumblingbigfoot
|t:|1758344364
|gametype|singles
|player|p1|Southside Mike|rocketgrunt|1594
|player|p2|bumblingbigfoot|roxie-masters|1610
|gen|9
|tier|[Gen 9] OU
|rated|
|rule|HP Percentage Mod: HP is shown in percentages
|rule|Endless Battle Clause: Forcing endless battles is banned
|rule|Species Clause: Limit one of each Pokémon
|rule|OHKO Clause: OHKO moves are banned
|rule|Evasion Items Clause: Evasion items are banned
|rule|Evasion Moves Clause: Evasion moves are banned
|rule|Evasion Abilities Clause: Evasion abilities are banned
|rule|Sleep Moves Clause: Sleep-inducing moves are banned
|clearpoke
|poke|p1|Deoxys-Speed|
|poke|p1|Hoopa-Unbound|
|poke|p1|Manaphy|
|poke|p1|Iron Valiant|
|poke|p1|Ursaluna, F|
|poke|p1|Cinderace, F|
|poke|p2|Cloyster, M|
|poke|p2|Raging Bolt|
|poke|p2|Primarina, M|
|poke|p2|Iron Treads|
|poke|p2|Ogerpon-Wellspring, F|
|poke|p2|Dragapult, F|
|teampreview
|inactive|Battle timer is ON: inactive players will automatically lose when time's up. (requested by Southside Mike)
|
|t:|1758344377
|teamsize|p1|6
|teamsize|p2|6
|start
|switch|p1a: Deoxys|Deoxys-Speed|100/100
|switch|p2a: Iron Treads|Iron Treads|100/100
|-ability|p1a: Deoxys|Pressure
|-enditem|p2a: Iron Treads|Booster Energy
|-activate|p2a: Iron Treads|ability: Quark Drive|[fromitem]
|-start|p2a: Iron Treads|quarkdrivespe
|turn|1
|
|t:|1758344393
|move|p2a: Iron Treads|Stealth Rock|p1a: Deoxys
|-sidestart|p1: Southside Mike|move: Stealth Rock
|move|p1a: Deoxys|Reflect|p1a: Deoxys
|-sidestart|p1: Southside Mike|Reflect
|
|upkeep
|turn|2
|
|t:|1758344398
|move|p2a: Iron Treads|Steel Beam|p1a: Deoxys
|-damage|p1a: Deoxys|43/100
|-damage|p2a: Iron Treads|50/100|[from] steelbeam
|move|p1a: Deoxys|Light Screen|p1a: Deoxys
|-sidestart|p1: Southside Mike|move: Light Screen
|
|upkeep
|turn|3
|
|t:|1758344404
|move|p2a: Iron Treads|Steel Beam|p1a: Deoxys
|-damage|p1a: Deoxys|14/100
|-damage|p2a: Iron Treads|0 fnt|[from] steelbeam
|faint|p2a: Iron Treads
|-end|p2a: Iron Treads|Quark Drive|[silent]
|move|p1a: Deoxys|Psycho Boost|p2: Iron Treads|[notarget]
|-fail|p1a: Deoxys
|
|upkeep
|inactive|bumblingbigfoot has 120 seconds left.
|
|t:|1758344435
|switch|p2a: Cloyster|Cloyster, M, shiny|100/100
|turn|4
|
|t:|1758344439
|move|p2a: Cloyster|Ice Shard|p1a: Deoxys
|-damage|p1a: Deoxys|0 fnt
|faint|p1a: Deoxys
|
|upkeep
|
|t:|1758344451
|switch|p1a: Iron Valiant|Iron Valiant|100/100
|-damage|p1a: Iron Valiant|94/100|[from] Stealth Rock
|-enditem|p1a: Iron Valiant|Booster Energy
|-activate|p1a: Iron Valiant|ability: Quark Drive|[fromitem]
|-start|p1a: Iron Valiant|quarkdrivespe
|turn|5
|
|t:|1758344458
|move|p1a: Iron Valiant|Moonblast|p2a: Cloyster
|-damage|p2a: Cloyster|0 fnt
|faint|p2a: Cloyster
|
|upkeep
|
|t:|1758344463
|switch|p2a: Primarina|Primarina, M, shiny|100/100
|turn|6
|
|t:|1758344470
|-end|p1a: Iron Valiant|Quark Drive|[silent]
|switch|p1a: Ursaluna|Ursaluna, F|100/100
|-damage|p1a: Ursaluna|94/100|[from] Stealth Rock
|move|p2a: Primarina|Moonblast|p1a: Ursaluna
|-damage|p1a: Ursaluna|70/100
|-unboost|p1a: Ursaluna|spa|1
|
|-status|p1a: Ursaluna|brn|[from] item: Flame Orb
|upkeep
|turn|7
|
|t:|1758344483
|switch|p2a: Ogerpon|Ogerpon-Wellspring, F|100/100
|move|p1a: Ursaluna|Earthquake|p2a: Ogerpon
|-resisted|p2a: Ogerpon
|-damage|p2a: Ogerpon|38/100
|
|-damage|p1a: Ursaluna|64/100 brn|[from] brn
|upkeep
|turn|8
|
|t:|1758344490
|move|p2a: Ogerpon|Ivy Cudgel|p1a: Ursaluna|[anim] Ivy Cudgel Water
|-supereffective|p1a: Ursaluna
|-damage|p1a: Ursaluna|20/100 brn
|move|p1a: Ursaluna|Facade|p2a: Ogerpon
|-damage|p2a: Ogerpon|0 fnt
|faint|p2a: Ogerpon
|
|-damage|p1a: Ursaluna|13/100 brn|[from] brn
|-sideend|p1: Southside Mike|Reflect
|upkeep
|
|t:|1758344494
|switch|p2a: Dragapult|Dragapult, F|100/100
|turn|9
|
|t:|1758344500
|move|p2a: Dragapult|U-turn|p1a: Ursaluna
|-damage|p1a: Ursaluna|0 fnt
|faint|p1a: Ursaluna
|
|t:|1758344505
|switch|p2a: Raging Bolt|Raging Bolt|100/100|[from] U-turn
|-enditem|p2a: Raging Bolt|Booster Energy
|-activate|p2a: Raging Bolt|ability: Protosynthesis|[fromitem]
|-start|p2a: Raging Bolt|protosynthesisspa
|
|-sideend|p1: Southside Mike|move: Light Screen
|upkeep
|
|t:|1758344515
|switch|p1a: Hoopa|Hoopa-Unbound|100/100
|-damage|p1a: Hoopa|88/100|[from] Stealth Rock
|turn|10
|
|t:|1758344535
|move|p2a: Raging Bolt|Thunderbolt|p1a: Hoopa
|-damage|p1a: Hoopa|51/100
|move|p1a: Hoopa|Psychic Noise|p2a: Raging Bolt
|-damage|p2a: Raging Bolt|54/100
|-start|p2a: Raging Bolt|move: Heal Block
|
|upkeep
|turn|11
|
|t:|1758344552
|move|p2a: Raging Bolt|Thunderbolt|p1a: Hoopa
|-damage|p1a: Hoopa|16/100
|move|p1a: Hoopa|Drain Punch|p2a: Raging Bolt
|-damage|p2a: Raging Bolt|30/100
|-heal|p1a: Hoopa|29/100|[from] drain|[of] p2a: Raging Bolt
|
|-end|p2a: Raging Bolt|move: Heal Block
|upkeep
|turn|12
|
|t:|1758344561
|move|p2a: Raging Bolt|Thunderbolt|p1a: Hoopa
|-damage|p1a: Hoopa|0 fnt
|faint|p1a: Hoopa
|
|upkeep
|
|t:|1758344567
|switch|p1a: Iron Valiant|Iron Valiant|94/100
|-damage|p1a: Iron Valiant|88/100|[from] Stealth Rock
|turn|13
|
|t:|1758344578
|move|p1a: Iron Valiant|Encore|p2a: Raging Bolt
|-start|p2a: Raging Bolt|Encore
|move|p2a: Raging Bolt|Thunderbolt|p1a: Iron Valiant
|-damage|p1a: Iron Valiant|0 fnt
|faint|p1a: Iron Valiant
|-end|p1a: Iron Valiant|Quark Drive|[silent]
|
|upkeep
|
|t:|1758344585
|switch|p1a: Cinderace|Cinderace, F|100/100
|turn|14
|
|t:|1758344589
|move|p1a: Cinderace|Sucker Punch|p2a: Raging Bolt
|-start|p1a: Cinderace|typechange|Dark|[from] ability: Libero
|-damage|p2a: Raging Bolt|0 fnt
|faint|p2a: Raging Bolt
|-end|p2a: Raging Bolt|Protosynthesis|[silent]
|
|upkeep
|
|t:|1758344592
|switch|p2a: Primarina|Primarina, M, shiny|100/100
|turn|15
|
|t:|1758344598
|move|p1a: Cinderace|Pyro Ball|p2a: Primarina
|-resisted|p2a: Primarina
|-damage|p2a: Primarina|73/100
|move|p2a: Primarina|Substitute|p2a: Primarina
|-start|p2a: Primarina|Substitute
|-damage|p2a: Primarina|48/100
|
|-heal|p2a: Primarina|55/100|[from] item: Leftovers
|upkeep
|turn|16
|
|t:|1758344605
|move|p1a: Cinderace|Pyro Ball|p2a: Primarina
|-resisted|p2a: Primarina
|-end|p2a: Primarina|Substitute
|move|p2a: Primarina|Moonblast|p1a: Cinderace
|-supereffective|p1a: Cinderace
|-damage|p1a: Cinderace|0 fnt
|faint|p1a: Cinderace
|
|-heal|p2a: Primarina|61/100|[from] item: Leftovers
|upkeep
|
|t:|1758344613
|switch|p1a: Manaphy|Manaphy|100/100
|-damage|p1a: Manaphy|88/100|[from] Stealth Rock
|turn|17
|
|t:|1758344617
|move|p1a: Manaphy|Take Heart|p1a: Manaphy
|-boost|p1a: Manaphy|spa|1
|-boost|p1a: Manaphy|spd|1
|move|p2a: Primarina|Moonblast|p1a: Manaphy
|-damage|p1a: Manaphy|59/100
|
|-heal|p1a: Manaphy|65/100|[from] item: Leftovers
|-heal|p2a: Primarina|67/100|[from] item: Leftovers
|upkeep
|turn|18
|
|t:|1758344625
|move|p1a: Manaphy|Take Heart|p1a: Manaphy
|-boost|p1a: Manaphy|spa|1
|-boost|p1a: Manaphy|spd|1
|move|p2a: Primarina|Calm Mind|p2a: Primarina
|-boost|p2a: Primarina|spa|1
|-boost|p2a: Primarina|spd|1
|
|-heal|p1a: Manaphy|71/100|[from] item: Leftovers
|-heal|p2a: Primarina|73/100|[from] item: Leftovers
|upkeep
|turn|19
|
|t:|1758344633
|move|p1a: Manaphy|Take Heart|p1a: Manaphy
|-boost|p1a: Manaphy|spa|1
|-boost|p1a: Manaphy|spd|1
|move|p2a: Primarina|Substitute|p2a: Primarina
|-start|p2a: Primarina|Substitute
|-damage|p2a: Primarina|48/100
|
|-heal|p1a: Manaphy|77/100|[from] item: Leftovers
|-heal|p2a: Primarina|55/100|[from] item: Leftovers
|upkeep
|turn|20
|
|t:|1758344641
|move|p1a: Manaphy|Take Heart|p1a: Manaphy
|-boost|p1a: Manaphy|spa|1
|-boost|p1a: Manaphy|spd|1
|move|p2a: Primarina|Moonblast|p1a: Manaphy
|-damage|p1a: Manaphy|55/100
|
|-heal|p1a: Manaphy|61/100|[from] item: Leftovers
|-heal|p2a: Primarina|61/100|[from] item: Leftovers
|upkeep
|turn|21
|
|t:|1758344649
|move|p1a: Manaphy|Stored Power|p2a: Primarina
|-crit|p2a: Primarina
|-end|p2a: Primarina|Substitute
|move|p2a: Primarina|Moonblast|p1a: Manaphy
|-damage|p1a: Manaphy|37/100
|-unboost|p1a: Manaphy|spa|1
|
|-heal|p1a: Manaphy|43/100|[from] item: Leftovers
|-heal|p2a: Primarina|67/100|[from] item: Leftovers
|upkeep
|turn|22
|
|t:|1758344658
|move|p1a: Manaphy|Stored Power|p2a: Primarina
|-damage|p2a: Primarina|7/100
|move|p2a: Primarina|Moonblast|p1a: Manaphy
|-damage|p1a: Manaphy|20/100
|
|-heal|p1a: Manaphy|26/100|[from] item: Leftovers
|-heal|p2a: Primarina|13/100|[from] item: Leftovers
|upkeep
|turn|23
|
|t:|1758344665
|move|p1a: Manaphy|Stored Power|p2a: Primarina
|-crit|p2a: Primarina
|-damage|p2a: Primarina|0 fnt
|faint|p2a: Primarina
|
|-heal|p1a: Manaphy|33/100|[from] item: Leftovers
|upkeep
|
|t:|1758344667
|switch|p2a: Dragapult|Dragapult, F|100/100
|turn|24
|
|t:|1758344674
|-terastallize|p2a: Dragapult|Ghost
|-terastallize|p1a: Manaphy|Fairy
|move|p2a: Dragapult|Tera Blast|p1a: Manaphy|[anim] Tera Blast Ghost
|-damage|p1a: Manaphy|0 fnt
|faint|p1a: Manaphy
|
|win|bumblingbigfoot
|raw|Southside Mike's rating: 1594 &rarr; <strong>1575</strong><br />(-19 for losing)
|raw|bumblingbigfoot's rating: 1610 &rarr; <strong>1629</strong><br />(+19 for winning)
|c|☆bumblingbigfoot|gg
|l|☆Southside Mike
|player|p1|
|l|☆bumblingbigfoot
|player|p2|
