|j|☆MIT POG MOMENT
|j|☆chicky bum
|t:|1758304772
|gametype|singles
|player|p1|MIT POG MOMENT|crasherwake|1535
|player|p2|chicky bum|102|1506
|gen|9
|tier|[Gen 9] OU
|rated|
|rule|HP Percentage Mod: HP is shown in percentages
|rule|Endless Battle Clause: Forcing endless battles is banned
|rule|Species Clause: Limit one of each Pokémon
|rule|OHKO Clause: OHKO moves are banned
|rule|Evasion Items Clause: Evasion items are banned
|rule|Evasion Moves Clause: Evasion moves are banned
|rule|Evasion Abilities Clause: Evasion abilities are banned
|rule|Sleep Moves Clause: Sleep-inducing moves are banned
|clearpoke
|poke|p1|Dragonite, M|
|poke|p1|Porygon-Z|
|poke|p1|Samurott-Hisui, F|
|poke|p1|Corviknight, F|
|poke|p1|Landorus-Therian, M|
|poke|p1|Iron Valiant|
|poke|p2|Kommo-o, F|
|poke|p2|Comfey, F|
|poke|p2|Clodsire, M|
|poke|p2|Alomomola, F|
|poke|p2|Zapdos|
|poke|p2|Arcanine-Hisui, M|
|teampreview
|
|t:|1758304789
|teamsize|p1|6
|teamsize|p2|6
|start
|switch|p1a: THIS AINT RU|Porygon-Z|100/100
|switch|p2a: Kommo-o|Kommo-o, F|100/100
|turn|1
|
|t:|1758304796
|move|p1a: THIS AINT RU|Tri Attack|p2a: Kommo-o
|-damage|p2a: Kommo-o|9/100
|-status|p2a: Kommo-o|frz
|cant|p2a: Kommo-o|frz
|
|upkeep
|turn|2
|
|t:|1758304805
|move|p1a: THIS AINT RU|Tri Attack|p2a: Kommo-o
|-crit|p2a: Kommo-o
|-damage|p2a: Kommo-o|0 fnt
|faint|p2a: Kommo-o
|
|upkeep
|inactive|Battle timer is ON: inactive players will automatically lose when time's up. (requested by MIT POG MOMENT)
|
|t:|1758304836
|switch|p2a: Arcanine|Arcanine-Hisui, M|100/100
|turn|3
|
|t:|1758304841
|switch|p1a: goldnuts|Corviknight, F|100/100
|-ability|p1a: goldnuts|Pressure
|move|p2a: Arcanine|Head Smash|p1a: goldnuts|[miss]
|-miss|p2a: Arcanine|p1a: goldnuts
|
|upkeep
|turn|4
|
|t:|1758304850
|switch|p2a: Zapdos|Zapdos|100/100
|switch|p1a: Landorus|Landorus-Therian, M|100/100
|-ability|p1a: Landorus|Intimidate|boost
|-unboost|p2a: Zapdos|atk|1
|
|upkeep
|turn|5
|
|t:|1758304868
|switch|p2a: Alomomola|Alomomola, F|100/100
|move|p1a: Landorus|Stone Edge|p2a: Alomomola|[miss]
|-miss|p1a: Landorus|p2a: Alomomola
|
|upkeep
|turn|6
|
|t:|1758304875
|switch|p1a: goldnuts|Corviknight, F|100/100
|-ability|p1a: goldnuts|Pressure
|move|p2a: Alomomola|Scald|p1a: goldnuts
|-damage|p1a: goldnuts|88/100
|-status|p1a: goldnuts|brn
|
|-damage|p1a: goldnuts|82/100 brn|[from] brn
|upkeep
|turn|7
|
|t:|1758304888
|switch|p2a: Arcanine|Arcanine-Hisui, M|100/100
|move|p1a: goldnuts|U-turn|p2a: Arcanine
|-resisted|p2a: Arcanine
|-damage|p2a: Arcanine|96/100
|
|t:|1758304903
|switch|p1a: Samurott|Samurott-Hisui, F|100/100|[from] U-turn
|
|upkeep
|turn|8
|
|t:|1758304914
|switch|p2a: Alomomola|Alomomola, F|100/100
|move|p1a: Samurott|Ceaseless Edge|p2a: Alomomola
|-damage|p2a: Alomomola|75/100
|-sidestart|p2: chicky bum|Spikes
|
|upkeep
|turn|9
|
|t:|1758304923
|move|p1a: Samurott|Ceaseless Edge|p2a: Alomomola
|-damage|p2a: Alomomola|49/100
|-sidestart|p2: chicky bum|Spikes
|move|p2a: Alomomola|Scald|p1a: Samurott
|-resisted|p1a: Samurott
|-damage|p1a: Samurott|91/100
|
|upkeep
|turn|10
|
|t:|1758304931
|move|p1a: Samurott|Ceaseless Edge|p2a: Alomomola
|-damage|p2a: Alomomola|24/100
|-sidestart|p2: chicky bum|Spikes
|move|p2a: Alomomola|Flip Turn|p1a: Samurott
|-resisted|p1a: Samurott
|-damage|p1a: Samurott|80/100
|
|t:|1758304938
|switch|p2a: Zapdos|Zapdos|100/100|[from] Flip Turn
|
|upkeep
|turn|11
|
|t:|1758304948
|move|p1a: Samurott|Razor Shell|p2a: Zapdos
|-damage|p2a: Zapdos|45/100
|-unboost|p2a: Zapdos|def|1
|-status|p1a: Samurott|par|[from] ability: Static|[of] p2a: Zapdos
|move|p2a: Zapdos|Hurricane|p1a: Samurott|[miss]
|-miss|p2a: Zapdos|p1a: Samurott
|
|upkeep
|turn|12
|
|t:|1758304957
|move|p1a: Samurott|Sucker Punch||[still]
|-fail|p1a: Samurott
|move|p2a: Zapdos|Roost|p2a: Zapdos
|-heal|p2a: Zapdos|95/100
|-singleturn|p2a: Zapdos|move: Roost
|
|upkeep
|turn|13
|
|t:|1758304966
|switch|p2a: Alomomola|Alomomola, F|57/100
|cant|p1a: Samurott|par
|
|upkeep
|turn|14
|
|t:|1758304975
|move|p2a: Alomomola|Flip Turn|p1a: Samurott
|-resisted|p1a: Samurott
|-damage|p1a: Samurott|70/100 par
|
|t:|1758304981
|switch|p2a: Zapdos|Zapdos|95/100|[from] Flip Turn
|move|p1a: Samurott|Sacred Sword|p2a: Zapdos
|-resisted|p2a: Zapdos
|-damage|p2a: Zapdos|75/100
|
|upkeep
|turn|15
|
|t:|1758304995
|switch|p1a: THIS AINT RU|Porygon-Z|100/100
|move|p2a: Zapdos|Hurricane|p1a: THIS AINT RU|[miss]
|-miss|p2a: Zapdos|p1a: THIS AINT RU
|
|upkeep
|turn|16
|
|t:|1758305003
|move|p1a: THIS AINT RU|Tri Attack|p2a: Zapdos
|-damage|p2a: Zapdos|0 fnt
|faint|p2a: Zapdos
|
|upkeep
|
|t:|1758305012
|switch|p2a: Arcanine|Arcanine-Hisui, M|96/100
|-damage|p2a: Arcanine|71/100|[from] Spikes
|turn|17
|
|t:|1758305020
|switch|p1a: Samurott|Samurott-Hisui, F|70/100 par
|move|p2a: Arcanine|Flare Blitz|p1a: Samurott
|-resisted|p1a: Samurott
|-damage|p1a: Samurott|11/100 par
|
|upkeep
|turn|18
|
|t:|1758305028
|cant|p1a: Samurott|par
|move|p2a: Arcanine|Flare Blitz|p1a: Samurott
|-resisted|p1a: Samurott
|-crit|p1a: Samurott
|-damage|p1a: Samurott|0 fnt
|faint|p1a: Samurott
|
|upkeep
|
|t:|1758305035
|switch|p1a: Dragonite|Dragonite, M|100/100
|turn|19
|
|t:|1758305051
|switch|p2a: Comfey|Comfey, F|100/100
|-damage|p2a: Comfey|76/100|[from] Spikes
|move|p1a: Dragonite|Dragon Dance|p1a: Dragonite
|-boost|p1a: Dragonite|atk|1
|-boost|p1a: Dragonite|spe|1
|
|upkeep
|turn|20
|
|t:|1758305059
|move|p1a: Dragonite|Earthquake|p2a: Comfey
|-damage|p2a: Comfey|6/100
|move|p2a: Comfey|Calm Mind|p2a: Comfey
|-boost|p2a: Comfey|spa|1
|-boost|p2a: Comfey|spd|1
|
|upkeep
|turn|21
|
|t:|1758305065
|move|p2a: Comfey|Draining Kiss|p1a: Dragonite
|-supereffective|p1a: Dragonite
|-damage|p1a: Dragonite|66/100
|-heal|p2a: Comfey|38/100|[from] drain|[of] p1a: Dragonite
|-damage|p2a: Comfey|29/100|[from] item: Life Orb
|move|p1a: Dragonite|Extreme Speed|p2a: Comfey
|-damage|p2a: Comfey|0 fnt
|faint|p2a: Comfey
|
|upkeep
|c|☆MIT POG MOMENT|oh damn
|
|t:|1758305086
|switch|p2a: Alomomola|Alomomola, F|91/100
|turn|22
|
|t:|1758305092
|switch|p1a: THIS AINT RU|Porygon-Z|100/100
|move|p2a: Alomomola|Scald|p1a: THIS AINT RU
|-damage|p1a: THIS AINT RU|84/100
|
|upkeep
|turn|23
|
|t:|1758305099
|switch|p2a: Arcanine|Arcanine-Hisui, M|71/100
|-damage|p2a: Arcanine|46/100|[from] Spikes
|move|p1a: THIS AINT RU|Tri Attack|p2a: Arcanine
|-resisted|p2a: Arcanine
|-damage|p2a: Arcanine|0 fnt
|faint|p2a: Arcanine
|
|upkeep
|c|☆chicky bum|gg
|-message|chicky bum forfeited.
|
|win|MIT POG MOMENT
|raw|MIT POG MOMENT's rating: 1535 &rarr; <strong>1553</strong><br />(+18 for winning)
|raw|chicky bum's rating: 1506 &rarr; <strong>1488</strong><br />(-18 for losing)
|l|☆chicky bum
|player|p2|
|l|☆MIT POG MOMENT
|player|p1|
