|j|☆BigG5
|j|☆wiggilydiggily
|t:|1758301356
|gametype|singles
|player|p1|BigG5|170|1464
|player|p2|wiggilydiggily|170|1402
|gen|9
|tier|[Gen 9] OU
|rated|
|rule|HP Percentage Mod: HP is shown in percentages
|rule|Endless Battle Clause: Forcing endless battles is banned
|rule|Species Clause: Limit one of each Pokémon
|rule|OHKO Clause: OHKO moves are banned
|rule|Evasion Items Clause: Evasion items are banned
|rule|Evasion Moves Clause: Evasion moves are banned
|rule|Evasion Abilities Clause: Evasion abilities are banned
|rule|Sleep Moves Clause: Sleep-inducing moves are banned
|clearpoke
|poke|p1|Thundurus-Therian, M|
|poke|p1|Samurott-Hisui, F|
|poke|p1|Gholdengo|
|poke|p1|Moltres|
|poke|p1|Great Tusk|
|poke|p1|Iron Valiant|
|poke|p2|Wigglytuff, F|
|poke|p2|Gholdengo|
|poke|p2|Great Tusk|
|poke|p2|Slowking-Galar, M|
|poke|p2|Samurott-Hisui, M|
|poke|p2|Sinistcha-Masterpiece|
|teampreview
|inactive|Battle timer is ON: inactive players will automatically lose when time's up. (requested by BigG5)
|inactive|wiggilydiggily also wants the timer to be on.
|
|t:|1758301368
|teamsize|p1|6
|teamsize|p2|6
|start
|switch|p1a: Thundurus|Thundurus-Therian, M|100/100
|switch|p2a: Wigglytuff|Wigglytuff, F|100/100
|turn|1
|
|t:|1758301376
|move|p1a: Thundurus|Volt Switch|p2a: Wigglytuff
|-damage|p2a: Wigglytuff|56/100
|
|t:|1758301387
|switch|p1a: Gholdengo|Gholdengo|100/100|[from] Volt Switch
|-item|p1a: Gholdengo|Air Balloon
|move|p2a: Wigglytuff|Stealth Rock|p1a: Gholdengo
|-sidestart|p1: BigG5|move: Stealth Rock
|
|upkeep
|turn|2
|
|t:|1758301395
|switch|p2a: Samurott|Samurott-Hisui, M|100/100
|move|p1a: Gholdengo|Thunder Wave|p2a: Samurott
|-status|p2a: Samurott|par
|
|upkeep
|turn|3
|
|t:|1758301406
|switch|p1a: Samurott|Samurott-Hisui, F|100/100
|-damage|p1a: Samurott|88/100|[from] Stealth Rock
|move|p2a: Samurott|Ceaseless Edge|p1a: Samurott
|-resisted|p1a: Samurott
|-damage|p1a: Samurott|66/100
|-sidestart|p1: BigG5|Spikes
|
|upkeep
|turn|4
|
|t:|1758301431
|switch|p2a: Great Tusk|Great Tusk|100/100
|move|p1a: Samurott|Ceaseless Edge|p2a: Great Tusk
|-resisted|p2a: Great Tusk
|-damage|p2a: Great Tusk|85/100
|-sidestart|p2: wiggilydiggily|Spikes
|
|upkeep
|turn|5
|
|t:|1758301441
|move|p2a: Great Tusk|Headlong Rush|p1a: Samurott
|-damage|p1a: Samurott|0 fnt
|-unboost|p2a: Great Tusk|def|1
|-unboost|p2a: Great Tusk|spd|1
|faint|p1a: Samurott
|
|upkeep
|
|t:|1758301445
|switch|p1a: Great Tusk|Great Tusk|100/100
|turn|6
|
|t:|1758301450
|-end|p2a: Great Tusk|Protosynthesis|[silent]
|switch|p2a: Sinistcha|Sinistcha-Masterpiece|100/100
|-damage|p2a: Sinistcha|88/100|[from] Spikes
|move|p1a: Great Tusk|Stealth Rock|p2a: Sinistcha
|-sidestart|p2: wiggilydiggily|move: Stealth Rock
|
|-heal|p2a: Sinistcha|94/100|[from] item: Leftovers
|upkeep
|turn|7
|
|t:|1758301457
|-end|p1a: Great Tusk|Protosynthesis|[silent]
|switch|p1a: Moltres|Moltres|100/100
|move|p2a: Sinistcha|Matcha Gotcha|p1a: Moltres
|-resisted|p1a: Moltres
|-damage|p1a: Moltres|93/100
|-heal|p2a: Sinistcha|98/100|[from] drain|[of] p1a: Moltres
|
|-heal|p2a: Sinistcha|100/100|[from] item: Leftovers
|upkeep
|turn|8
|
|t:|1758301470
|move|p1a: Moltres|U-turn|p2a: Sinistcha
|-damage|p2a: Sinistcha|89/100
|
|t:|1758301474
|switch|p1a: Gholdengo|Gholdengo|100/100|[from] U-turn
|-damage|p1a: Gholdengo|94/100|[from] Stealth Rock
|-item|p1a: Gholdengo|Air Balloon
|move|p2a: Sinistcha|Calm Mind|p2a: Sinistcha
|-boost|p2a: Sinistcha|spa|1
|-boost|p2a: Sinistcha|spd|1
|
|-heal|p2a: Sinistcha|95/100|[from] item: Leftovers
|upkeep
|turn|9
|
|t:|1758301488
|move|p1a: Gholdengo|Thunder Wave|p2a: Sinistcha
|-status|p2a: Sinistcha|par
|cant|p2a: Sinistcha|par
|
|-heal|p2a: Sinistcha|100/100 par|[from] item: Leftovers
|upkeep
|turn|10
|
|t:|1758301492
|move|p1a: Gholdengo|Hex|p2a: Sinistcha
|-supereffective|p2a: Sinistcha
|-damage|p2a: Sinistcha|8/100 par
|move|p2a: Sinistcha|Shadow Ball|p1a: Gholdengo
|-supereffective|p1a: Gholdengo
|-damage|p1a: Gholdengo|3/100
|-enditem|p1a: Gholdengo|Air Balloon
|
|-heal|p2a: Sinistcha|14/100 par|[from] item: Leftovers
|upkeep
|turn|11
|
|t:|1758301498
|move|p1a: Gholdengo|Hex|p2a: Sinistcha
|-supereffective|p2a: Sinistcha
|-damage|p2a: Sinistcha|0 fnt
|faint|p2a: Sinistcha
|
|upkeep
|
|t:|1758301511
|switch|p2a: Great Tusk|Great Tusk|85/100
|turn|12
|
|t:|1758301519
|-terastallize|p2a: Great Tusk|Ghost
|move|p2a: Great Tusk|Knock Off|p1a: Gholdengo
|-supereffective|p1a: Gholdengo
|-damage|p1a: Gholdengo|0 fnt
|faint|p1a: Gholdengo
|
|upkeep
|
|t:|1758301530
|switch|p1a: Thundurus|Thundurus-Therian, M|100/100
|-damage|p1a: Thundurus|76/100|[from] Stealth Rock
|turn|13
|
|t:|1758301555
|-end|p2a: Great Tusk|Protosynthesis|[silent]
|switch|p2a: Wigglytuff|Wigglytuff, F|56/100
|move|p1a: Thundurus|Thunderbolt|p2a: Wigglytuff
|-damage|p2a: Wigglytuff|0 fnt
|faint|p2a: Wigglytuff
|
|upkeep
|inactive|wiggilydiggily has 120 seconds left.
|
|t:|1758301575
|switch|p2a: Slowking|Slowking-Galar, M|100/100
|-damage|p2a: Slowking|88/100|[from] Spikes
|-damage|p2a: Slowking|76/100|[from] Stealth Rock
|turn|14
|
|t:|1758301584
|switch|p1a: Great Tusk|Great Tusk|100/100
|move|p2a: Slowking|Ice Beam|p1a: Great Tusk
|-supereffective|p1a: Great Tusk
|-damage|p1a: Great Tusk|10/100
|
|upkeep
|turn|15
|
|t:|1758301592
|switch|p2a: Great Tusk|Great Tusk, tera:Ghost|85/100
|move|p1a: Great Tusk|Headlong Rush|p2a: Great Tusk
|-damage|p2a: Great Tusk|39/100
|-unboost|p1a: Great Tusk|def|1
|-unboost|p1a: Great Tusk|spd|1
|
|upkeep
|turn|16
|
|t:|1758301598
|move|p2a: Great Tusk|Rapid Spin|p1a: Great Tusk
|-damage|p1a: Great Tusk|0 fnt
|-boost|p2a: Great Tusk|spe|1
|-sideend|p2: wiggilydiggily|Spikes|[from] move: Rapid Spin|[of] p2a: Great Tusk
|-sideend|p2: wiggilydiggily|Stealth Rock|[from] move: Rapid Spin|[of] p2a: Great Tusk
|faint|p1a: Great Tusk
|-end|p1a: Great Tusk|Protosynthesis|[silent]
|
|upkeep
|
|t:|1758301601
|switch|p1a: Moltres|Moltres|93/100
|turn|17
|
|t:|1758301608
|move|p2a: Great Tusk|Knock Off|p1a: Moltres
|-damage|p1a: Moltres|68/100
|-status|p2a: Great Tusk|brn|[from] ability: Flame Body|[of] p1a: Moltres
|-enditem|p1a: Moltres|Heavy-Duty Boots|[from] move: Knock Off|[of] p2a: Great Tusk
|move|p1a: Moltres|Flamethrower|p2a: Great Tusk
|-damage|p2a: Great Tusk|0 fnt
|faint|p2a: Great Tusk
|-end|p2a: Great Tusk|Protosynthesis|[silent]
|
|upkeep
|
|t:|1758301622
|switch|p2a: Samurott|Samurott-Hisui, M|100/100 par
|turn|18
|
|t:|1758301626
|move|p1a: Moltres|U-turn|p2a: Samurott
|-supereffective|p2a: Samurott
|-damage|p2a: Samurott|71/100 par
|
|t:|1758301631
|switch|p1a: Iron Valiant|Iron Valiant|100/100|[from] U-turn
|-damage|p1a: Iron Valiant|94/100|[from] Stealth Rock
|-damage|p1a: Iron Valiant|82/100|[from] Spikes
|-enditem|p1a: Iron Valiant|Booster Energy
|-activate|p1a: Iron Valiant|ability: Quark Drive|[fromitem]
|-start|p1a: Iron Valiant|quarkdrivespe
|move|p2a: Samurott|Razor Shell|p1a: Iron Valiant
|-damage|p1a: Iron Valiant|15/100
|
|upkeep
|turn|19
|
|t:|1758301653
|switch|p2a: Gholdengo|Gholdengo|100/100
|move|p1a: Iron Valiant|Moonblast|p2a: Gholdengo
|-resisted|p2a: Gholdengo
|-damage|p2a: Gholdengo|77/100
|
|upkeep
|turn|20
|
|t:|1758301667
|move|p1a: Iron Valiant|Destiny Bond|p1a: Iron Valiant
|-singlemove|p1a: Iron Valiant|Destiny Bond
|move|p2a: Gholdengo|Shadow Ball|p1a: Iron Valiant
|-damage|p1a: Iron Valiant|0 fnt
|faint|p1a: Iron Valiant
|-activate|p1a: Iron Valiant|move: Destiny Bond
|-end|p1a: Iron Valiant|Quark Drive|[silent]
|faint|p2a: Gholdengo
|
|upkeep
|
|t:|1758301672
|switch|p1a: Thundurus|Thundurus-Therian, M|76/100
|switch|p2a: Slowking|Slowking-Galar, M|100/100
|-damage|p1a: Thundurus|51/100|[from] Stealth Rock
|turn|21
|
|t:|1758301681
|move|p1a: Thundurus|Volt Switch|p2a: Slowking
|-crit|p2a: Slowking
|-damage|p2a: Slowking|57/100
|
|t:|1758301683
|switch|p1a: Moltres|Moltres|68/100|[from] Volt Switch
|-damage|p1a: Moltres|18/100|[from] Stealth Rock
|move|p2a: Slowking|Ice Beam|p1a: Moltres
|-damage|p1a: Moltres|0 fnt
|faint|p1a: Moltres
|
|upkeep
|
|t:|1758301685
|switch|p1a: Thundurus|Thundurus-Therian, M|51/100
|-damage|p1a: Thundurus|26/100|[from] Stealth Rock
|turn|22
|
|t:|1758301688
|move|p1a: Thundurus|Thunderbolt|p2a: Slowking
|-damage|p2a: Slowking|19/100
|move|p2a: Slowking|Ice Beam|p1a: Thundurus
|-supereffective|p1a: Thundurus
|-damage|p1a: Thundurus|0 fnt
|faint|p1a: Thundurus
|
|win|wiggilydiggily
|raw|BigG5's rating: 1464 &rarr; <strong>1440</strong><br />(-24 for losing)
|raw|wiggilydiggily's rating: 1402 &rarr; <strong>1426</strong><br />(+24 for winning)
|l|☆BigG5
|player|p1|
|l|☆wiggilydiggily
|player|p2|
