|j|☆Thunder60076
|j|☆jsjemoing
|t:|1758273860
|gametype|singles
|player|p1|Thunder60076|1|1147
|player|p2|jsjemoing|giovanni-gen1|1152
|gen|9
|tier|[Gen 9] OU
|rated|
|rule|HP Percentage Mod: HP is shown in percentages
|rule|Endless Battle Clause: Forcing endless battles is banned
|rule|Species Clause: Limit one of each Pokémon
|rule|OHKO Clause: OHKO moves are banned
|rule|Evasion Items Clause: Evasion items are banned
|rule|Evasion Moves Clause: Evasion moves are banned
|rule|Evasion Abilities Clause: Evasion abilities are banned
|rule|Sleep Moves Clause: Sleep-inducing moves are banned
|clearpoke
|poke|p1|Illumise, F|
|poke|p1|Landorus-Therian, M|
|poke|p1|Walking Wake|
|poke|p1|Maushold-Four|
|poke|p1|Dragapult, M|
|poke|p1|Serperior, M|
|poke|p2|Pikachu, F|
|poke|p2|Charizard, M|
|poke|p2|Sceptile, M|
|poke|p2|Infernape, F|
|poke|p2|Greninja-*, M|
|poke|p2|Lycanroc-Dusk, M|
|teampreview
|
|t:|1758273878
|teamsize|p1|6
|teamsize|p2|6
|start
|switch|p1a: Maushold|Maushold-Four|100/100
|switch|p2a: Charizard|Charizard, M|100/100
|turn|1
|
|t:|1758273903
|-terastallize|p1a: Maushold|Water
|move|p1a: Maushold|Tidy Up|p1a: Maushold
|-boost|p1a: Maushold|atk|1
|-boost|p1a: Maushold|spe|1
|move|p2a: Charizard|Flamethrower|p1a: Maushold
|-resisted|p1a: Maushold
|-damage|p1a: Maushold|70/100
|
|upkeep
|turn|2
|
|t:|1758273913
|move|p1a: Maushold|Tidy Up|p1a: Maushold
|-boost|p1a: Maushold|atk|1
|-boost|p1a: Maushold|spe|1
|move|p2a: Charizard|Air Slash|p1a: Maushold|[miss]
|-miss|p2a: Charizard|p1a: Maushold
|
|upkeep
|turn|3
|
|t:|1758273922
|move|p1a: Maushold|Tidy Up|p1a: Maushold
|-boost|p1a: Maushold|atk|1
|-boost|p1a: Maushold|spe|1
|move|p2a: Charizard|Air Slash|p1a: Maushold
|-damage|p1a: Maushold|20/100
|
|upkeep
|turn|4
|
|t:|1758273927
|move|p1a: Maushold|Population Bomb|p2a: Charizard
|-damage|p2a: Charizard|59/100
|-damage|p2a: Charizard|22/100
|-damage|p2a: Charizard|0 fnt
|faint|p2a: Charizard
|-hitcount|p2: Charizard|3
|
|upkeep
|
|t:|1758273940
|switch|p2a: Greninja|Greninja, M|100/100
|turn|5
|
|t:|1758273953
|-terastallize|p2a: Greninja|Water
|move|p2a: Greninja|Water Shuriken|p1a: Maushold
|-resisted|p1a: Maushold
|-damage|p1a: Maushold|11/100
|-resisted|p1a: Maushold
|-damage|p1a: Maushold|2/100
|-resisted|p1a: Maushold
|-damage|p1a: Maushold|0 fnt
|faint|p1a: Maushold
|-hitcount|p1: Maushold|3
|-damage|p2a: Greninja|91/100|[from] item: Life Orb
|
|upkeep
|
|t:|1758273962
|switch|p1a: Serperior|Serperior, M|100/100
|turn|6
|
|t:|1758273966
|move|p2a: Greninja|Ice Beam|p1a: Serperior
|-supereffective|p1a: Serperior
|-damage|p1a: Serperior|22/100
|-damage|p2a: Greninja|81/100|[from] item: Life Orb
|move|p1a: Serperior|Leaf Storm|p2a: Greninja|[miss]
|-miss|p1a: Serperior|p2a: Greninja
|
|-heal|p1a: Serperior|28/100|[from] item: Leftovers
|upkeep
|turn|7
|
|t:|1758273976
|move|p2a: Greninja|Ice Beam|p1a: Serperior
|-supereffective|p1a: Serperior
|-damage|p1a: Serperior|0 fnt
|faint|p1a: Serperior
|-damage|p2a: Greninja|71/100|[from] item: Life Orb
|
|upkeep
|
|t:|1758273978
|switch|p1a: Dragapult|Dragapult, M|100/100
|turn|8
|
|t:|1758273985
|move|p1a: Dragapult|Dragon Darts|p2a: Greninja
|-damage|p2a: Greninja|5/100
|-anim|p1a: Dragapult|Dragon Darts|p2a: Greninja
|-damage|p2a: Greninja|0 fnt
|faint|p2a: Greninja
|
|upkeep
|inactive|Battle timer is ON: inactive players will automatically lose when time's up. (requested by Thunder60076)
|
|t:|1758274009
|switch|p2a: Lycanroc|Lycanroc-Dusk, M|100/100
|turn|9
|
|t:|1758274027
|switch|p1a: Illumise|Illumise, F, shiny|100/100
|move|p2a: Lycanroc|Stone Edge|p1a: Illumise
|-supereffective|p1a: Illumise
|-damage|p1a: Illumise|0 fnt
|faint|p1a: Illumise
|
|upkeep
|
|t:|1758274036
|switch|p1a: Landorus|Landorus-Therian, M|100/100
|-ability|p1a: Landorus|Intimidate|boost
|-unboost|p2a: Lycanroc|atk|1
|turn|10
|
|t:|1758274046
|switch|p2a: Sceptile|Sceptile, M|100/100
|move|p1a: Landorus|Swords Dance|p1a: Landorus
|-boost|p1a: Landorus|atk|2
|
|upkeep
|turn|11
|
|t:|1758274057
|move|p2a: Sceptile|Leaf Storm|p1a: Landorus
|-damage|p1a: Landorus|0 fnt
|-unboost|p2a: Sceptile|spa|2
|faint|p1a: Landorus
|
|upkeep
|
|t:|1758274062
|switch|p1a: Walking Wake|Walking Wake|100/100
|-enditem|p1a: Walking Wake|Booster Energy
|-activate|p1a: Walking Wake|ability: Protosynthesis|[fromitem]
|-start|p1a: Walking Wake|protosynthesisspe
|turn|12
|
|t:|1758274074
|switch|p2a: Pikachu|Pikachu, F|100/100
|move|p1a: Walking Wake|Flamethrower|p2a: Pikachu
|-damage|p2a: Pikachu|21/100
|-status|p2a: Pikachu|brn
|
|-damage|p2a: Pikachu|15/100 brn|[from] brn
|upkeep
|turn|13
|
|t:|1758274084
|move|p1a: Walking Wake|Dragon Pulse|p2a: Pikachu
|-damage|p2a: Pikachu|0 fnt
|faint|p2a: Pikachu
|
|upkeep
|
|t:|1758274097
|switch|p2a: Sceptile|Sceptile, M|100/100
|turn|14
|
|t:|1758274104
|move|p1a: Walking Wake|Flamethrower|p2a: Sceptile
|-supereffective|p2a: Sceptile
|-damage|p2a: Sceptile|16/100
|move|p2a: Sceptile|Dragon Pulse|p1a: Walking Wake
|-supereffective|p1a: Walking Wake
|-damage|p1a: Walking Wake|17/100
|
|upkeep
|turn|15
|
|t:|1758274114
|move|p1a: Walking Wake|Flamethrower|p2a: Sceptile
|-supereffective|p2a: Sceptile
|-damage|p2a: Sceptile|0 fnt
|faint|p2a: Sceptile
|
|upkeep
|
|t:|1758274129
|switch|p2a: Lycanroc|Lycanroc-Dusk, M|100/100
|turn|16
|
|t:|1758274133
|move|p2a: Lycanroc|Accelerock|p1a: Walking Wake
|-damage|p1a: Walking Wake|0 fnt
|faint|p1a: Walking Wake
|-end|p1a: Walking Wake|Protosynthesis|[silent]
|
|upkeep
|
|t:|1758274137
|switch|p1a: Dragapult|Dragapult, M|100/100
|turn|17
|
|t:|1758274142
|move|p1a: Dragapult|Psychic Fangs|p2a: Lycanroc
|-damage|p2a: Lycanroc|34/100
|move|p2a: Lycanroc|Stone Edge|p1a: Dragapult
|-damage|p1a: Dragapult|36/100
|
|upkeep
|turn|18
|
|t:|1758274146
|move|p2a: Lycanroc|Accelerock|p1a: Dragapult
|-damage|p1a: Dragapult|2/100
|move|p1a: Dragapult|Psychic Fangs|p2a: Lycanroc
|-damage|p2a: Lycanroc|0 fnt
|faint|p2a: Lycanroc
|
|upkeep
|
|t:|1758274150
|switch|p2a: Infernape|Infernape, F|100/100
|turn|19
|
|t:|1758274155
|move|p1a: Dragapult|Psychic Fangs|p2a: Infernape
|-supereffective|p2a: Infernape
|-damage|p2a: Infernape|0 fnt
|faint|p2a: Infernape
|
|win|Thunder60076
|raw|Thunder60076's rating: 1147 &rarr; <strong>1172</strong><br />(+25 for winning)
|raw|jsjemoing's rating: 1152 &rarr; <strong>1127</strong><br />(-25 for losing)
|l|☆Thunder60076
|player|p1|
|c|☆jsjemoing|good game
|l|☆jsjemoing
|player|p2|
