|j|‽aislinn4eva247
|j|☆ICElIED
|t:|1758376624
|gametype|singles
|player|p1|aislinn4eva247|scientist-gen4dp|1381
|player|p2|ICElIED|steven|1427
|gen|9
|tier|[Gen 9] OU
|rated|
|rule|HP Percentage Mod: HP is shown in percentages
|rule|Endless Battle Clause: Forcing endless battles is banned
|rule|Species Clause: Limit one of each Pokémon
|rule|OHKO Clause: OHKO moves are banned
|rule|Evasion Items Clause: Evasion items are banned
|rule|Evasion Moves Clause: Evasion moves are banned
|rule|Evasion Abilities Clause: Evasion abilities are banned
|rule|Sleep Moves Clause: Sleep-inducing moves are banned
|clearpoke
|poke|p1|Ribombee, F|
|poke|p1|Gholdengo|
|poke|p1|Ogerpon, F|
|poke|p1|Cinderace, F|
|poke|p1|Dragapult, F|
|poke|p1|Kyurem|
|poke|p2|Samurott-Hisui, F|
|poke|p2|Jirachi|
|poke|p2|Raikou|
|poke|p2|Iron Moth|
|poke|p2|Sinistcha-Masterpiece|
|poke|p2|Kommo-o, F|
|teampreview
|
|t:|1758376638
|teamsize|p1|6
|teamsize|p2|6
|start
|switch|p1a: Ribombee|Ribombee, F|100/100
|switch|p2a: Jirachi|Jirachi|100/100
|turn|1
|
|t:|1758376641
|move|p1a: Ribombee|Stun Spore|p2a: Jirachi
|-status|p2a: Jirachi|par
|move|p2a: Jirachi|Body Slam|p1a: Ribombee
|-damage|p1a: Ribombee|50/100
|
|upkeep
|turn|2
|
|t:|1758376650
|move|p1a: Ribombee|Sticky Web|p2a: Jirachi
|-sidestart|p2: ICElIED|move: Sticky Web
|move|p2a: Jirachi|Body Slam|p1a: Ribombee
|-damage|p1a: Ribombee|0 fnt
|faint|p1a: Ribombee
|
|upkeep
|
|t:|1758376656
|switch|p1a: Cinderace|Cinderace, F|100/100
|turn|3
|
|t:|1758376664
|move|p1a: Cinderace|Pyro Ball|p2a: Jirachi
|-supereffective|p2a: Jirachi
|-damage|p2a: Jirachi|10/100 par
|cant|p2a: Jirachi|par
|
|-heal|p2a: Jirachi|16/100 par|[from] item: Leftovers
|upkeep
|turn|4
|
|t:|1758376669
|move|p1a: Cinderace|U-turn|p2a: Jirachi
|-damage|p2a: Jirachi|0 fnt
|faint|p2a: Jirachi
|
|t:|1758376673
|switch|p1a: Dragapult|Dragapult, F|100/100|[from] U-turn
|
|upkeep
|
|t:|1758376678
|switch|p2a: Samurott|Samurott-Hisui, F|100/100
|turn|5
|
|t:|1758376691
|move|p1a: Dragapult|U-turn|p2a: Samurott
|-supereffective|p2a: Samurott
|-damage|p2a: Samurott|21/100
|
|t:|1758376698
|switch|p1a: Cinderace|Cinderace, F|100/100|[from] U-turn
|move|p2a: Samurott|Ceaseless Edge|p1a: Cinderace
|-damage|p1a: Cinderace|43/100
|-sidestart|p1: aislinn4eva247|Spikes
|
|upkeep
|turn|6
|
|t:|1758376704
|move|p2a: Samurott|Sucker Punch|p1a: Cinderace
|-damage|p1a: Cinderace|2/100
|move|p1a: Cinderace|U-turn|p2a: Samurott
|-supereffective|p2a: Samurott
|-damage|p2a: Samurott|0 fnt
|faint|p2a: Samurott
|
|t:|1758376711
|switch|p1a: Dragapult|Dragapult, F|100/100|[from] U-turn
|-damage|p1a: Dragapult|88/100|[from] Spikes
|
|upkeep
|
|t:|1758376721
|switch|p2a: Raikou|Raikou|100/100
|-activate|p2a: Raikou|move: Sticky Web
|-unboost|p2a: Raikou|spe|1
|-ability|p2a: Raikou|Pressure
|turn|7
|
|t:|1758376727
|move|p1a: Dragapult|Dragon Darts|p2a: Raikou
|-damage|p2a: Raikou|43/100
|-anim|p1a: Dragapult|Dragon Darts|p2a: Raikou
|-damage|p2a: Raikou|0 fnt
|faint|p2a: Raikou
|
|upkeep
|-message|ICElIED forfeited.
|
|win|aislinn4eva247
|raw|aislinn4eva247's rating: 1381 &rarr; <strong>1404</strong><br />(+23 for winning)
|raw|ICElIED's rating: 1427 &rarr; <strong>1404</strong><br />(-23 for losing)
|l|☆ICElIED
|player|p2|
|l|‽aislinn4eva247
|player|p1|
