|j|☆mantikarp2.0
|j|☆3idk
|t:|1758257795
|gametype|singles
|player|p1|mantikarp2.0|medium|1553
|player|p2|3idk|lusamine-masters|1517
|gen|9
|tier|[Gen 9] OU
|rated|
|rule|HP Percentage Mod: HP is shown in percentages
|rule|Endless Battle Clause: Forcing endless battles is banned
|rule|Species Clause: Limit one of each Pokémon
|rule|OHKO Clause: OHKO moves are banned
|rule|Evasion Items Clause: Evasion items are banned
|rule|Evasion Moves Clause: Evasion moves are banned
|rule|Evasion Abilities Clause: Evasion abilities are banned
|rule|Sleep Moves Clause: Sleep-inducing moves are banned
|clearpoke
|poke|p1|Scizor, F|
|poke|p1|Meowscarada, F|
|poke|p1|Skarmory, F|
|poke|p1|Heatran, F|
|poke|p1|Dragapult, M|
|poke|p1|Gliscor, M|
|poke|p2|Pelipper, F|
|poke|p2|Hatterene, F|
|poke|p2|Iron Treads|
|poke|p2|Toxicroak, F|
|poke|p2|Barraskewda, F|
|poke|p2|Zapdos|
|teampreview
|inactive|Battle timer is ON: inactive players will automatically lose when time's up. (requested by 3idk)
|
|t:|1758257804
|teamsize|p1|6
|teamsize|p2|6
|start
|switch|p1a: Scizor|Scizor, F|100/100
|switch|p2a: Pelipper|Pelipper, F|100/100
|-weather|RainDance|[from] ability: Drizzle|[of] p2a: Pelipper
|turn|1
|c|☆mantikarp2.0|pinkacross again
|
|t:|1758257817
|move|p1a: Scizor|U-turn|p2a: Pelipper
|-resisted|p2a: Pelipper
|-damage|p2a: Pelipper|81/100
|
|t:|1758257819
|switch|p1a: Skarmory|Skarmory, F|100/100|[from] U-turn
|move|p2a: Pelipper|Hurricane|p1a: Skarmory
|-resisted|p1a: Skarmory
|-damage|p1a: Skarmory|78/100
|
|-weather|RainDance|[upkeep]
|upkeep
|turn|2
|
|t:|1758257824
|switch|p2a: Hatterene|Hatterene, F|100/100
|move|p1a: Skarmory|Spikes|p2a: Hatterene
|move|p2a: Hatterene|Spikes|p1a: Skarmory|[from] ability: Magic Bounce
|-sidestart|p1: mantikarp2.0|Spikes
|
|-weather|RainDance|[upkeep]
|upkeep
|turn|3
|
|t:|1758257831
|switch|p1a: Heatran|Heatran, F|100/100
|-damage|p1a: Heatran|88/100|[from] Spikes
|switch|p2a: Zapdos|Zapdos|100/100
|
|-weather|RainDance|[upkeep]
|-heal|p1a: Heatran|94/100|[from] item: Leftovers
|upkeep
|turn|4
|
|t:|1758257836
|move|p2a: Zapdos|Weather Ball|p1a: Heatran
|-supereffective|p1a: Heatran
|-damage|p1a: Heatran|8/100
|move|p1a: Heatran|Stealth Rock|p2a: Zapdos
|-sidestart|p2: 3idk|move: Stealth Rock
|
|-weather|RainDance|[upkeep]
|-heal|p1a: Heatran|14/100|[from] item: Leftovers
|upkeep
|turn|5
|
|t:|1758257844
|move|p2a: Zapdos|Weather Ball|p1a: Heatran
|-supereffective|p1a: Heatran
|-damage|p1a: Heatran|0 fnt
|faint|p1a: Heatran
|
|-weather|RainDance|[upkeep]
|upkeep
|
|t:|1758257850
|switch|p1a: Dragapult|Dragapult, M|100/100
|turn|6
|
|t:|1758257855
|switch|p2a: Hatterene|Hatterene, F|100/100
|-damage|p2a: Hatterene|88/100|[from] Stealth Rock
|move|p1a: Dragapult|Draco Meteor|p2a: Hatterene
|-immune|p2a: Hatterene
|
|-weather|RainDance|[upkeep]
|upkeep
|turn|7
|
|t:|1758257861
|move|p1a: Dragapult|U-turn|p2a: Hatterene
|-damage|p2a: Hatterene|74/100
|-enditem|p2a: Hatterene|Eject Button
|
|t:|1758257867
|switch|p2a: Barraskewda|Barraskewda, F|100/100
|-damage|p2a: Barraskewda|88/100|[from] Stealth Rock
|
|-weather|RainDance|[upkeep]
|upkeep
|turn|8
|
|t:|1758257874
|move|p2a: Barraskewda|Flip Turn|p1a: Dragapult
|-resisted|p1a: Dragapult
|-damage|p1a: Dragapult|48/100
|
|t:|1758257878
|switch|p2a: Hatterene|Hatterene, F|74/100|[from] Flip Turn
|-damage|p2a: Hatterene|62/100|[from] Stealth Rock
|move|p1a: Dragapult|Draco Meteor|p2a: Hatterene
|-immune|p2a: Hatterene
|
|-weather|none
|upkeep
|turn|9
|
|t:|1758257885
|-terastallize|p1a: Dragapult|Ghost
|move|p1a: Dragapult|Hex|p2a: Hatterene
|-supereffective|p2a: Hatterene
|-damage|p2a: Hatterene|0 fnt
|faint|p2a: Hatterene
|
|upkeep
|
|t:|1758257892
|switch|p2a: Iron Treads|Iron Treads|100/100
|-damage|p2a: Iron Treads|98/100|[from] Stealth Rock
|turn|10
|j| alt testing 124n
|
|t:|1758257899
|move|p1a: Dragapult|U-turn|p2a: Iron Treads
|-resisted|p2a: Iron Treads
|-damage|p2a: Iron Treads|91/100
|
|t:|1758257901
|switch|p1a: Skarmory|Skarmory, F|78/100|[from] U-turn
|move|p2a: Iron Treads|Earthquake|p1a: Skarmory
|-immune|p1a: Skarmory
|
|-heal|p2a: Iron Treads|97/100|[from] item: Leftovers
|upkeep
|turn|11
|
|t:|1758257906
|move|p2a: Iron Treads|Volt Switch|p1a: Skarmory
|-supereffective|p1a: Skarmory
|-damage|p1a: Skarmory|49/100
|
|t:|1758257911
|-end|p2a: Iron Treads|Quark Drive|[silent]
|switch|p2a: Zapdos|Zapdos|100/100|[from] Volt Switch
|-damage|p2a: Zapdos|76/100|[from] Stealth Rock
|move|p1a: Skarmory|Body Press|p2a: Zapdos
|-resisted|p2a: Zapdos
|-damage|p2a: Zapdos|55/100
|-status|p1a: Skarmory|par|[from] ability: Static|[of] p2a: Zapdos
|
|upkeep
|turn|12
|
|t:|1758257917
|move|p2a: Zapdos|Hurricane|p1a: Skarmory
|-resisted|p1a: Skarmory
|-damage|p1a: Skarmory|0 fnt
|faint|p1a: Skarmory
|
|upkeep
|
|t:|1758257923
|switch|p1a: Dragapult|Dragapult, M, tera:Ghost|48/100
|turn|13
|
|t:|1758257928
|switch|p2a: Pelipper|Pelipper, F|81/100
|-damage|p2a: Pelipper|56/100|[from] Stealth Rock
|-weather|RainDance|[from] ability: Drizzle|[of] p2a: Pelipper
|move|p1a: Dragapult|Hex|p2a: Pelipper
|-damage|p2a: Pelipper|18/100
|
|-weather|RainDance|[upkeep]
|upkeep
|turn|14
|
|t:|1758257935
|switch|p2a: Iron Treads|Iron Treads|97/100
|-damage|p2a: Iron Treads|94/100|[from] Stealth Rock
|move|p1a: Dragapult|Hex|p2a: Iron Treads
|-damage|p2a: Iron Treads|63/100
|
|-weather|RainDance|[upkeep]
|-heal|p2a: Iron Treads|69/100|[from] item: Leftovers
|upkeep
|turn|15
|j| KappaHalo
|
|t:|1758257942
|move|p1a: Dragapult|U-turn|p2a: Iron Treads
|-resisted|p2a: Iron Treads
|-damage|p2a: Iron Treads|62/100
|
|t:|1758257944
|switch|p1a: Gliscor|Gliscor, M|100/100|[from] U-turn
|move|p2a: Iron Treads|Earthquake|p1a: Gliscor
|-immune|p1a: Gliscor
|
|-weather|RainDance|[upkeep]
|-heal|p2a: Iron Treads|68/100|[from] item: Leftovers
|-status|p1a: Gliscor|tox|[from] item: Toxic Orb
|upkeep
|turn|16
|
|t:|1758257950
|-terastallize|p2a: Iron Treads|Normal
|move|p1a: Gliscor|Earthquake|p2a: Iron Treads
|-damage|p2a: Iron Treads|37/100
|move|p2a: Iron Treads|Rapid Spin|p1a: Gliscor
|-damage|p1a: Gliscor|77/100 tox
|-boost|p2a: Iron Treads|spe|1
|-sideend|p2: 3idk|Stealth Rock|[from] move: Rapid Spin|[of] p2a: Iron Treads
|
|-weather|RainDance|[upkeep]
|-heal|p2a: Iron Treads|43/100|[from] item: Leftovers
|-heal|p1a: Gliscor|90/100 tox|[from] ability: Poison Heal
|upkeep
|turn|17
|
|t:|1758257959
|-end|p2a: Iron Treads|Quark Drive|[silent]
|switch|p2a: Zapdos|Zapdos|55/100
|move|p1a: Gliscor|Earthquake|p2a: Zapdos
|-immune|p2a: Zapdos
|
|-weather|RainDance|[upkeep]
|-heal|p1a: Gliscor|100/100 tox|[from] ability: Poison Heal
|upkeep
|turn|18
|
|t:|1758257963
|move|p1a: Gliscor|Protect|p1a: Gliscor
|-singleturn|p1a: Gliscor|Protect
|move|p2a: Zapdos|Weather Ball|p1a: Gliscor
|-activate|p1a: Gliscor|move: Protect
|
|-weather|RainDance|[upkeep]
|upkeep
|turn|19
|
|t:|1758257967
|switch|p1a: Meowscarada|Meowscarada, F|100/100
|move|p2a: Zapdos|Weather Ball|p1a: Meowscarada
|-resisted|p1a: Meowscarada
|-damage|p1a: Meowscarada|45/100
|
|-weather|RainDance|[upkeep]
|upkeep
|turn|20
|
|t:|1758257973
|switch|p2a: Toxicroak|Toxicroak, F|100/100
|move|p1a: Meowscarada|Triple Axel|p2a: Toxicroak
|-start|p1a: Meowscarada|typechange|Ice|[from] ability: Protean
|-damage|p2a: Toxicroak|92/100
|-damage|p1a: Meowscarada|28/100|[from] item: Rocky Helmet|[of] p2a: Toxicroak
|-damage|p2a: Toxicroak|76/100
|-damage|p1a: Meowscarada|12/100|[from] item: Rocky Helmet|[of] p2a: Toxicroak
|-damage|p2a: Toxicroak|48/100
|-damage|p1a: Meowscarada|0 fnt|[from] item: Rocky Helmet|[of] p2a: Toxicroak
|faint|p1a: Meowscarada
|-hitcount|p2a: Toxicroak|3
|
|-weather|none
|upkeep
|
|t:|1758257982
|switch|p1a: Scizor|Scizor, F|100/100
|turn|21
|
|t:|1758257989
|move|p1a: Scizor|Bullet Punch|p2a: Toxicroak
|-damage|p2a: Toxicroak|16/100
|-damage|p1a: Scizor|84/100|[from] item: Rocky Helmet|[of] p2a: Toxicroak
|move|p2a: Toxicroak|Drain Punch|p1a: Scizor
|-damage|p1a: Scizor|50/100
|-heal|p2a: Toxicroak|30/100|[from] drain|[of] p1a: Scizor
|
|upkeep
|turn|22
|
|t:|1758257997
|switch|p2a: Pelipper|Pelipper, F|18/100
|-weather|RainDance|[from] ability: Drizzle|[of] p2a: Pelipper
|move|p1a: Scizor|Bullet Punch|p2a: Pelipper
|-resisted|p2a: Pelipper
|-damage|p2a: Pelipper|1/100
|
|-weather|RainDance|[upkeep]
|upkeep
|turn|23
|
|t:|1758258003
|switch|p2a: Toxicroak|Toxicroak, F|30/100
|move|p1a: Scizor|Swords Dance|p1a: Scizor
|-boost|p1a: Scizor|atk|2
|
|-weather|RainDance|[upkeep]
|-heal|p2a: Toxicroak|43/100|[from] ability: Dry Skin
|upkeep
|turn|24
|
|t:|1758258010
|move|p1a: Scizor|Bullet Punch|p2a: Toxicroak
|-damage|p2a: Toxicroak|0 fnt
|-damage|p1a: Scizor|34/100|[from] item: Rocky Helmet|[of] p2a: Toxicroak
|faint|p2a: Toxicroak
|
|-weather|RainDance|[upkeep]
|upkeep
|
|t:|1758258014
|switch|p2a: Barraskewda|Barraskewda, F|88/100
|turn|25
|
|t:|1758258017
|move|p2a: Barraskewda|Aqua Jet|p1a: Scizor
|-damage|p1a: Scizor|0 fnt
|faint|p1a: Scizor
|
|-weather|RainDance|[upkeep]
|upkeep
|
|t:|1758258020
|switch|p1a: Gliscor|Gliscor, M|100/100 tox
|turn|26
|
|t:|1758258025
|switch|p2a: Zapdos|Zapdos|55/100
|move|p1a: Gliscor|Protect||[still]
|-fail|p1a: Gliscor
|
|-weather|RainDance|[upkeep]
|upkeep
|turn|27
|
|t:|1758258031
|move|p2a: Zapdos|Weather Ball|p1a: Gliscor
|-supereffective|p1a: Gliscor
|-damage|p1a: Gliscor|0 fnt
|faint|p1a: Gliscor
|
|-weather|RainDance|[upkeep]
|upkeep
|-message|mantikarp2.0 forfeited.
|
|win|3idk
|raw|mantikarp2.0's rating: 1553 &rarr; <strong>1531</strong><br />(-22 for losing)
|raw|3idk's rating: 1517 &rarr; <strong>1539</strong><br />(+22 for winning)
|l|☆mantikarp2.0
|player|p1|
|l|☆3idk
|player|p2|
|l| alt testing 124n
|l| KappaHalo
