|j|☆Mexi-Squad
|j|☆xrr rewriting
|t:|1758337906
|gametype|singles
|player|p1|Mexi-Squad|101|1467
|player|p2|xrr rewriting|169|1493
|gen|9
|tier|[Gen 9] OU
|rated|
|rule|HP Percentage Mod: HP is shown in percentages
|rule|Endless Battle Clause: Forcing endless battles is banned
|rule|Species Clause: Limit one of each Pokémon
|rule|OHKO Clause: OHKO moves are banned
|rule|Evasion Items Clause: Evasion items are banned
|rule|Evasion Moves Clause: Evasion moves are banned
|rule|Evasion Abilities Clause: Evasion abilities are banned
|rule|Sleep Moves Clause: Sleep-inducing moves are banned
|clearpoke
|poke|p1|Araquanid, M|
|poke|p1|Zapdos|
|poke|p1|Rillaboom, F|
|poke|p1|Landorus-Therian, M|
|poke|p1|Kingambit, M|
|poke|p1|Iron Moth|
|poke|p2|Dragonite, M|
|poke|p2|Hatterene, F|
|poke|p2|Great Tusk|
|poke|p2|Ceruledge, M|
|poke|p2|Ting-Lu|
|poke|p2|Kyurem|
|teampreview
|inactive|Battle timer is ON: inactive players will automatically lose when time's up. (requested by xrr rewriting)
|
|t:|1758337922
|teamsize|p1|6
|teamsize|p2|6
|start
|switch|p1a: Araquanid|Araquanid, M|100/100
|switch|p2a: Kyurem|Kyurem|100/100
|-ability|p2a: Kyurem|Pressure
|turn|1
|
|t:|1758337929
|move|p2a: Kyurem|Dragon Dance|p2a: Kyurem
|-boost|p2a: Kyurem|atk|1
|-boost|p2a: Kyurem|spe|1
|move|p1a: Araquanid|Sticky Web|p2a: Kyurem
|-sidestart|p2: xrr rewriting|move: Sticky Web
|
|upkeep
|turn|2
|
|t:|1758337939
|move|p1a: Araquanid|Endure|p1a: Araquanid
|-singleturn|p1a: Araquanid|move: Endure
|move|p2a: Kyurem|Dragon Dance|p2a: Kyurem
|-boost|p2a: Kyurem|atk|1
|-boost|p2a: Kyurem|spe|1
|
|upkeep
|turn|3
|
|t:|1758337959
|move|p2a: Kyurem|Scale Shot|p1a: Araquanid
|-damage|p1a: Araquanid|72/100
|-crit|p1a: Araquanid
|-damage|p1a: Araquanid|31/100
|-damage|p1a: Araquanid|5/100
|-crit|p1a: Araquanid
|-damage|p1a: Araquanid|0 fnt
|faint|p1a: Araquanid
|-hitcount|p1: Araquanid|4
|-unboost|p2a: Kyurem|def|1
|-boost|p2a: Kyurem|spe|1
|
|upkeep
|
|t:|1758337964
|switch|p1a: Kingambit|Kingambit, M|100/100
|-activate|p1a: Kingambit|ability: Supreme Overlord
|-start|p1a: Kingambit|fallen1|[silent]
|turn|4
|
|t:|1758337969
|-terastallize|p2a: Kyurem|Fire
|move|p1a: Kingambit|Sucker Punch|p2a: Kyurem
|-damage|p2a: Kyurem|35/100
|move|p2a: Kyurem|Tera Blast|p1a: Kingambit|[anim] Tera Blast Fire
|-supereffective|p1a: Kingambit
|-damage|p1a: Kingambit|0 fnt
|faint|p1a: Kingambit
|-end|p1a: Kingambit|fallen1|[silent]
|
|upkeep
|
|t:|1758337976
|switch|p1a: Landorus|Landorus-Therian, M|100/100
|-ability|p1a: Landorus|Intimidate|boost
|-unboost|p2a: Kyurem|atk|1
|turn|5
|
|t:|1758337982
|-terastallize|p1a: Landorus|Ice
|move|p2a: Kyurem|Icicle Spear|p1a: Landorus
|-resisted|p1a: Landorus
|-damage|p1a: Landorus|89/100
|-resisted|p1a: Landorus
|-damage|p1a: Landorus|78/100
|-resisted|p1a: Landorus
|-damage|p1a: Landorus|67/100
|-resisted|p1a: Landorus
|-damage|p1a: Landorus|55/100
|-resisted|p1a: Landorus
|-damage|p1a: Landorus|43/100
|-hitcount|p1a: Landorus|5
|move|p1a: Landorus|Earthquake|p2a: Kyurem
|-supereffective|p2a: Kyurem
|-damage|p2a: Kyurem|0 fnt
|faint|p2a: Kyurem
|
|upkeep
|
|t:|1758337986
|switch|p2a: Great Tusk|Great Tusk|100/100
|turn|6
|
|t:|1758338001
|switch|p1a: Rillaboom|Rillaboom, F|100/100
|-fieldstart|move: Grassy Terrain|[from] ability: Grassy Surge|[of] p1a: Rillaboom
|move|p2a: Great Tusk|Rapid Spin|p1a: Rillaboom
|-damage|p1a: Rillaboom|83/100
|-boost|p2a: Great Tusk|spe|1
|-sideend|p2: xrr rewriting|Sticky Web|[from] move: Rapid Spin|[of] p2a: Great Tusk
|
|-heal|p1a: Rillaboom|89/100|[from] Grassy Terrain
|upkeep
|turn|7
|
|t:|1758338009
|-end|p2a: Great Tusk|Protosynthesis|[silent]
|switch|p2a: Dragonite|Dragonite, M|100/100
|move|p1a: Rillaboom|Knock Off|p2a: Dragonite
|-damage|p2a: Dragonite|72/100
|-enditem|p2a: Dragonite|Choice Band|[from] move: Knock Off|[of] p1a: Rillaboom
|
|-heal|p1a: Rillaboom|95/100|[from] Grassy Terrain
|upkeep
|turn|8
|
|t:|1758338017
|switch|p1a: Zapdos|Zapdos|100/100
|-ability|p1a: Zapdos|Pressure
|move|p2a: Dragonite|Outrage|p1a: Zapdos
|-damage|p1a: Zapdos|15/100
|
|upkeep
|turn|9
|
|t:|1758338023
|move|p1a: Zapdos|Hurricane|p2a: Dragonite|[miss]
|-miss|p1a: Zapdos|p2a: Dragonite
|move|p2a: Dragonite|Outrage|p1a: Zapdos|[from] lockedmove
|-damage|p1a: Zapdos|0 fnt
|faint|p1a: Zapdos
|
|upkeep
|
|t:|1758338025
|switch|p1a: Landorus|Landorus-Therian, M, tera:Ice|43/100
|-ability|p1a: Landorus|Intimidate|boost
|-unboost|p2a: Dragonite|atk|1
|turn|10
|
|t:|1758338028
|move|p1a: Landorus|Tera Blast|p2a: Dragonite|[anim] Tera Blast Ice
|-supereffective|p2a: Dragonite
|-damage|p2a: Dragonite|0 fnt
|faint|p2a: Dragonite
|
|-heal|p1a: Landorus|49/100|[from] Grassy Terrain
|-fieldend|move: Grassy Terrain
|upkeep
|
|t:|1758338036
|switch|p2a: Great Tusk|Great Tusk|100/100
|turn|11
|
|t:|1758338041
|move|p1a: Landorus|Tera Blast|p2a: Great Tusk|[anim] Tera Blast Ice
|-supereffective|p2a: Great Tusk
|-damage|p2a: Great Tusk|29/100
|move|p2a: Great Tusk|Close Combat|p1a: Landorus
|-supereffective|p1a: Landorus
|-damage|p1a: Landorus|0 fnt
|-unboost|p2a: Great Tusk|def|1
|-unboost|p2a: Great Tusk|spd|1
|faint|p1a: Landorus
|
|upkeep
|
|t:|1758338046
|switch|p1a: Iron Moth|Iron Moth|100/100
|-enditem|p1a: Iron Moth|Booster Energy
|-activate|p1a: Iron Moth|ability: Quark Drive|[fromitem]
|-start|p1a: Iron Moth|quarkdrivespe
|turn|12
|
|t:|1758338048
|move|p1a: Iron Moth|Fiery Dance|p2a: Great Tusk
|-damage|p2a: Great Tusk|0 fnt
|-boost|p1a: Iron Moth|spa|1
|faint|p2a: Great Tusk
|-end|p2a: Great Tusk|Protosynthesis|[silent]
|
|upkeep
|
|t:|1758338050
|switch|p2a: Hatterene|Hatterene, F|100/100
|turn|13
|
|t:|1758338052
|move|p1a: Iron Moth|Substitute|p1a: Iron Moth
|-start|p1a: Iron Moth|Substitute
|-damage|p1a: Iron Moth|76/100
|move|p2a: Hatterene|Psyshock|p1a: Iron Moth
|-supereffective|p1a: Iron Moth
|-end|p1a: Iron Moth|Substitute
|
|upkeep
|turn|14
|
|t:|1758338055
|move|p1a: Iron Moth|Sludge Wave|p2a: Hatterene
|-supereffective|p2a: Hatterene
|-damage|p2a: Hatterene|12/100
|move|p2a: Hatterene|Psyshock|p1a: Iron Moth
|-supereffective|p1a: Iron Moth
|-damage|p1a: Iron Moth|0 fnt
|faint|p1a: Iron Moth
|-end|p1a: Iron Moth|Quark Drive|[silent]
|
|upkeep
|
|t:|1758338061
|switch|p1a: Rillaboom|Rillaboom, F|95/100
|-fieldstart|move: Grassy Terrain|[from] ability: Grassy Surge|[of] p1a: Rillaboom
|turn|15
|
|t:|1758338066
|move|p1a: Rillaboom|Wood Hammer|p2a: Hatterene
|-damage|p2a: Hatterene|0 fnt
|faint|p2a: Hatterene
|-damage|p1a: Rillaboom|92/100|[from] Recoil
|
|-heal|p1a: Rillaboom|98/100|[from] Grassy Terrain
|upkeep
|
|t:|1758338068
|switch|p2a: Ceruledge|Ceruledge, M|100/100
|turn|16
|
|t:|1758338071
|move|p2a: Ceruledge|Bitter Blade|p1a: Rillaboom
|-supereffective|p1a: Rillaboom
|-damage|p1a: Rillaboom|0 fnt
|faint|p1a: Rillaboom
|
|win|xrr rewriting
|raw|Mexi-Squad's rating: 1467 &rarr; <strong>1448</strong><br />(-19 for losing)
|raw|xrr rewriting's rating: 1493 &rarr; <strong>1512</strong><br />(+19 for winning)
