|j|☆tommy3002
|j|☆Baconator15
|t:|1758361428
|gametype|singles
|player|p1|tommy3002|supernerd|1273
|player|p2|Baconator15|red|1227
|gen|9
|tier|[Gen 9] OU
|rated|
|rule|HP Percentage Mod: HP is shown in percentages
|rule|Endless Battle Clause: Forcing endless battles is banned
|rule|Species Clause: Limit one of each Pokémon
|rule|OHKO Clause: OHKO moves are banned
|rule|Evasion Items Clause: Evasion items are banned
|rule|Evasion Moves Clause: Evasion moves are banned
|rule|Evasion Abilities Clause: Evasion abilities are banned
|rule|Sleep Moves Clause: Sleep-inducing moves are banned
|clearpoke
|poke|p1|Torkoal, F|
|poke|p1|Venusaur, M|
|poke|p1|Lilligant-Hisui, F|
|poke|p1|Walking Wake|
|poke|p1|Ceruledge, F|
|poke|p1|Tornadus, M|
|poke|p2|Primarina, M|
|poke|p2|Incineroar, F|
|poke|p2|Decidueye, F|
|poke|p2|Toxapex, M|
|poke|p2|Iron Treads|
|poke|p2|Dragapult, M|
|teampreview
|inactive|Battle timer is ON: inactive players will automatically lose when time's up. (requested by tommy3002)
|
|t:|1758361445
|teamsize|p1|6
|teamsize|p2|6
|start
|switch|p1a: Torkoal|Torkoal, F|100/100
|switch|p2a: Primarina|Primarina, M|100/100
|-weather|SunnyDay|[from] ability: Drought|[of] p1a: Torkoal
|turn|1
|
|t:|1758361456
|move|p2a: Primarina|Hyper Voice|p1a: Torkoal
|-supereffective|p1a: Torkoal
|-damage|p1a: Torkoal|62/100
|move|p1a: Torkoal|Stealth Rock|p2a: Primarina
|-sidestart|p2: Baconator15|move: Stealth Rock
|
|-weather|SunnyDay|[upkeep]
|upkeep
|turn|2
|
|t:|1758361468
|switch|p1a: Venusaur|Venusaur, M|100/100
|move|p2a: Primarina|Hyper Voice|p1a: Venusaur
|-resisted|p1a: Venusaur
|-damage|p1a: Venusaur|87/100
|
|-weather|SunnyDay|[upkeep]
|upkeep
|turn|3
|
|t:|1758361489
|move|p1a: Venusaur|Growth|p1a: Venusaur
|-boost|p1a: Venusaur|atk|2
|-boost|p1a: Venusaur|spa|2
|move|p2a: Primarina|Flip Turn|p1a: Venusaur
|-resisted|p1a: Venusaur
|-damage|p1a: Venusaur|82/100
|inactive|Baconator15 has 120 seconds left.
|
|t:|1758361511
|switch|p2a: Decidueye|Decidueye, F|100/100|[from] Flip Turn
|-damage|p2a: Decidueye|88/100|[from] Stealth Rock
|
|-weather|SunnyDay|[upkeep]
|upkeep
|turn|4
|inactive|Baconator15 has 120 seconds left.
|
|t:|1758361528
|move|p1a: Venusaur|Weather Ball|p2a: Decidueye
|-supereffective|p2a: Decidueye
|-damage|p2a: Decidueye|0 fnt
|faint|p2a: Decidueye
|-damage|p1a: Venusaur|72/100|[from] item: Life Orb
|
|-weather|SunnyDay|[upkeep]
|upkeep
|inactive|Baconator15 has 120 seconds left.
|
|t:|1758361535
|switch|p2a: Incineroar|Incineroar, F|100/100
|-ability|p2a: Incineroar|Intimidate|boost
|-unboost|p1a: Venusaur|atk|1
|turn|5
|inactive|Baconator15 has 120 seconds left.
|
|t:|1758361546
|move|p1a: Venusaur|Sludge Bomb|p2a: Incineroar
|-damage|p2a: Incineroar|12/100
|-damage|p1a: Venusaur|62/100|[from] item: Life Orb
|move|p2a: Incineroar|Will-O-Wisp|p1a: Venusaur|[miss]
|-miss|p2a: Incineroar|p1a: Venusaur
|
|-weather|SunnyDay|[upkeep]
|upkeep
|turn|6
|inactive|Baconator15 has 120 seconds left.
|
|t:|1758361561
|switch|p2a: Iron Treads|Iron Treads|100/100
|-damage|p2a: Iron Treads|98/100|[from] Stealth Rock
|-enditem|p2a: Iron Treads|Booster Energy
|-activate|p2a: Iron Treads|ability: Quark Drive|[fromitem]
|-start|p2a: Iron Treads|quarkdrivedef
|move|p1a: Venusaur|Sludge Bomb|p2a: Iron Treads
|-immune|p2a: Iron Treads
|
|-weather|SunnyDay|[upkeep]
|upkeep
|turn|7
|inactive|Baconator15 has 120 seconds left.
|
|t:|1758361571
|-terastallize|p2a: Iron Treads|Fairy
|move|p1a: Venusaur|Solar Beam||[still]
|-prepare|p1a: Venusaur|Solar Beam
|-anim|p1a: Venusaur|Solar Beam|p2a: Iron Treads
|-damage|p2a: Iron Treads|0 fnt
|faint|p2a: Iron Treads
|-end|p2a: Iron Treads|Quark Drive|[silent]
|-damage|p1a: Venusaur|52/100|[from] item: Life Orb
|
|-weather|SunnyDay|[upkeep]
|upkeep
|inactive|Baconator15 has 120 seconds left.
|
|t:|1758361585
|switch|p2a: Dragapult|Dragapult, M, shiny|100/100
|-damage|p2a: Dragapult|88/100|[from] Stealth Rock
|turn|8
|inactive|Baconator15 has 120 seconds left.
|
|t:|1758361598
|move|p1a: Venusaur|Solar Beam||[still]
|-prepare|p1a: Venusaur|Solar Beam
|-anim|p1a: Venusaur|Solar Beam|p2a: Dragapult
|-resisted|p2a: Dragapult
|-crit|p2a: Dragapult
|-damage|p2a: Dragapult|0 fnt
|faint|p2a: Dragapult
|-damage|p1a: Venusaur|42/100|[from] item: Life Orb
|
|-weather|none
|upkeep
|
|t:|1758361612
|switch|p2a: Incineroar|Incineroar, F|12/100
|-ability|p2a: Incineroar|Intimidate|boost
|-unboost|p1a: Venusaur|atk|1
|turn|9
|
|t:|1758361620
|move|p1a: Venusaur|Sludge Bomb|p2a: Incineroar
|-damage|p2a: Incineroar|0 fnt
|faint|p2a: Incineroar
|-damage|p1a: Venusaur|32/100|[from] item: Life Orb
|
|upkeep
|
|t:|1758361626
|switch|p2a: Primarina|Primarina, M|100/100
|-damage|p2a: Primarina|88/100|[from] Stealth Rock
|turn|10
|inactive|Baconator15 has 120 seconds left.
|
|t:|1758361634
|move|p1a: Venusaur|Solar Beam||[still]
|-prepare|p1a: Venusaur|Solar Beam
|move|p2a: Primarina|Hyper Voice|p1a: Venusaur
|-resisted|p1a: Venusaur
|-damage|p1a: Venusaur|5/100
|
|upkeep
|turn|11
|
|t:|1758361642
|move|p1a: Venusaur|Solar Beam|p2a: Primarina|[from] lockedmove
|-supereffective|p2a: Primarina
|-damage|p2a: Primarina|0 fnt
|faint|p2a: Primarina
|-damage|p1a: Venusaur|0 fnt|[from] item: Life Orb
|faint|p1a: Venusaur
|
|upkeep
|-message|Baconator15 forfeited.
|
|win|tommy3002
|raw|tommy3002's rating: 1273 &rarr; <strong>1295</strong><br />(+22 for winning)
|raw|Baconator15's rating: 1227 &rarr; <strong>1205</strong><br />(-22 for losing)
|l|☆Baconator15
|player|p2|
|l|☆tommy3002
|player|p1|
