|j|☆beentheredonepat
|j|☆big bod3
|t:|1758312865
|gametype|singles
|player|p1|beentheredonepat|ethan|1085
|player|p2|big bod3|roughneck-gen4|1073
|gen|9
|tier|[Gen 9] OU
|rated|
|rule|HP Percentage Mod: HP is shown in percentages
|rule|Endless Battle Clause: Forcing endless battles is banned
|rule|Species Clause: Limit one of each Pokémon
|rule|OHKO Clause: OHKO moves are banned
|rule|Evasion Items Clause: Evasion items are banned
|rule|Evasion Moves Clause: Evasion moves are banned
|rule|Evasion Abilities Clause: Evasion abilities are banned
|rule|Sleep Moves Clause: Sleep-inducing moves are banned
|clearpoke
|poke|p1|Typhlosion, M|
|poke|p1|Ninetales, M|
|poke|p1|Shiftry, M|
|poke|p1|Ursaluna, F|
|poke|p1|Torkoal, M|
|poke|p1|Hatterene, F|
|poke|p2|Whiscash, F|
|poke|p2|Gholdengo|
|poke|p2|Meowscarada, F|
|poke|p2|Iron Valiant|
|poke|p2|Garchomp, F|
|poke|p2|Rotom-Wash|
|teampreview
|inactive|Battle timer is ON: inactive players will automatically lose when time's up. (requested by beentheredonepat)
|
|t:|1758312885
|teamsize|p1|6
|teamsize|p2|6
|start
|switch|p1a: Tollomot|Ninetales, M|100/100
|switch|p2a: ᚾGreenCloak|Meowscarada, F|100/100
|-weather|SunnyDay|[from] ability: Drought|[of] p1a: Tollomot
|turn|1
|
|t:|1758312893
|move|p2a: ᚾGreenCloak|Knock Off|p1a: Tollomot
|-start|p2a: ᚾGreenCloak|typechange|Dark|[from] ability: Protean
|-damage|p1a: Tollomot|28/100
|-enditem|p1a: Tollomot|Eject Pack|[from] move: Knock Off|[of] p2a: ᚾGreenCloak
|move|p1a: Tollomot|Overheat|p2a: ᚾGreenCloak
|-damage|p2a: ᚾGreenCloak|6/100
|-unboost|p1a: Tollomot|spa|2
|
|-weather|SunnyDay|[upkeep]
|upkeep
|turn|2
|
|t:|1758312903
|move|p2a: ᚾGreenCloak|Knock Off|p1a: Tollomot
|-damage|p1a: Tollomot|0 fnt
|faint|p1a: Tollomot
|
|-weather|SunnyDay|[upkeep]
|upkeep
|
|t:|1758312907
|switch|p1a: Shinobi|Shiftry, M|100/100
|turn|3
|
|t:|1758312914
|switch|p2a: ᚲᚺGoldCurrent|Whiscash, F|100/100
|move|p1a: Shinobi|Swords Dance|p1a: Shinobi
|-boost|p1a: Shinobi|atk|2
|
|-weather|SunnyDay|[upkeep]
|upkeep
|turn|4
|
|t:|1758312926
|move|p1a: Shinobi|Solar Blade||[still]
|-prepare|p1a: Shinobi|Solar Blade
|-anim|p1a: Shinobi|Solar Blade|p2a: ᚲᚺGoldCurrent
|-supereffective|p2a: ᚲᚺGoldCurrent
|-damage|p2a: ᚲᚺGoldCurrent|0 fnt
|faint|p2a: ᚲᚺGoldCurrent
|
|-weather|SunnyDay|[upkeep]
|upkeep
|
|t:|1758312933
|switch|p2a: ᚹJewelblade|Iron Valiant|100/100
|-enditem|p2a: ᚹJewelblade|Booster Energy
|-activate|p2a: ᚹJewelblade|ability: Quark Drive|[fromitem]
|-start|p2a: ᚹJewelblade|quarkdrivespe
|turn|5
|
|t:|1758312941
|-terastallize|p2a: ᚹJewelblade|Fairy
|move|p2a: ᚹJewelblade|Moonblast|p1a: Shinobi
|-supereffective|p1a: Shinobi
|-damage|p1a: Shinobi|0 fnt
|faint|p1a: Shinobi
|
|-weather|none
|upkeep
|
|t:|1758312952
|switch|p1a: Charlie|Typhlosion, M|100/100
|turn|6
|
|t:|1758312958
|-terastallize|p1a: Charlie|Fire
|move|p2a: ᚹJewelblade|Moonblast|p1a: Charlie
|-resisted|p1a: Charlie
|-damage|p1a: Charlie|61/100
|move|p1a: Charlie|Flamethrower|p2a: ᚹJewelblade
|-crit|p2a: ᚹJewelblade
|-damage|p2a: ᚹJewelblade|0 fnt
|faint|p2a: ᚹJewelblade
|-end|p2a: ᚹJewelblade|Quark Drive|[silent]
|
|upkeep
|
|t:|1758312972
|switch|p2a: ᛟᚷᛖCoinstorm|Gholdengo|100/100
|turn|7
|
|t:|1758312975
|move|p1a: Charlie|Flamethrower|p2a: ᛟᚷᛖCoinstorm
|-supereffective|p2a: ᛟᚷᛖCoinstorm
|-damage|p2a: ᛟᚷᛖCoinstorm|0 fnt
|faint|p2a: ᛟᚷᛖCoinstorm
|
|upkeep
|
|t:|1758312982
|switch|p2a: ᚾGreenCloak|Meowscarada, F|6/100
|turn|8
|
|t:|1758312985
|move|p1a: Charlie|Flamethrower|p2a: ᚾGreenCloak
|-supereffective|p2a: ᚾGreenCloak
|-damage|p2a: ᚾGreenCloak|0 fnt
|faint|p2a: ᚾGreenCloak
|
|upkeep
|
|t:|1758312989
|switch|p2a: ᛏᚺᛗᚲᛖGemfang|Garchomp, F|100/100
|turn|9
|
|t:|1758312997
|switch|p1a: Nymph|Hatterene, F|100/100
|move|p2a: ᛏᚺᛗᚲᛖGemfang|Earthquake|p1a: Nymph
|-damage|p1a: Nymph|61/100
|
|upkeep
|turn|10
|
|t:|1758313005
|move|p2a: ᛏᚺᛗᚲᛖGemfang|Earthquake|p1a: Nymph
|-damage|p1a: Nymph|17/100
|move|p1a: Nymph|Trick|p2a: ᛏᚺᛗᚲᛖGemfang
|-activate|p1a: Nymph|move: Trick|[of] p2a: ᛏᚺᛗᚲᛖGemfang
|-item|p2a: ᛏᚺᛗᚲᛖGemfang|Choice Scarf|[from] move: Trick
|-item|p1a: Nymph|Rocky Helmet|[from] move: Trick
|
|upkeep
|turn|11
|
|t:|1758313011
|move|p2a: ᛏᚺᛗᚲᛖGemfang|Earthquake|p1a: Nymph
|-damage|p1a: Nymph|0 fnt
|faint|p1a: Nymph
|
|upkeep
|
|t:|1758313013
|switch|p1a: Mama Bear|Ursaluna, F|100/100
|turn|12
|
|t:|1758313020
|switch|p2a: ᚨᛚFlowwheel|Rotom-Wash|100/100
|move|p1a: Mama Bear|Ice Punch|p2a: ᚨᛚFlowwheel
|-resisted|p2a: ᚨᛚFlowwheel
|-damage|p2a: ᚨᛚFlowwheel|85/100
|
|-status|p1a: Mama Bear|brn|[from] item: Flame Orb
|upkeep
|turn|13
|
|t:|1758313032
|switch|p1a: Sol|Torkoal, M|100/100
|-weather|SunnyDay|[from] ability: Drought|[of] p1a: Sol
|move|p2a: ᚨᛚFlowwheel|Hydro Pump|p1a: Sol
|-supereffective|p1a: Sol
|-damage|p1a: Sol|54/100
|
|-weather|SunnyDay|[upkeep]
|upkeep
|turn|14
|
|t:|1758313041
|move|p2a: ᚨᛚFlowwheel|Hydro Pump|p1a: Sol
|-supereffective|p1a: Sol
|-damage|p1a: Sol|13/100
|move|p1a: Sol|Body Press|p2a: ᚨᛚFlowwheel
|-damage|p2a: ᚨᛚFlowwheel|52/100
|
|-weather|SunnyDay|[upkeep]
|upkeep
|turn|15
|
|t:|1758313048
|move|p2a: ᚨᛚFlowwheel|Hydro Pump|p1a: Sol|[miss]
|-miss|p2a: ᚨᛚFlowwheel|p1a: Sol
|move|p1a: Sol|Body Press|p2a: ᚨᛚFlowwheel
|-damage|p2a: ᚨᛚFlowwheel|23/100
|-enditem|p2a: ᚨᛚFlowwheel|Sitrus Berry|[eat]
|-heal|p2a: ᚨᛚFlowwheel|48/100|[from] item: Sitrus Berry
|
|-weather|SunnyDay|[upkeep]
|upkeep
|turn|16
|
|t:|1758313055
|move|p2a: ᚨᛚFlowwheel|Volt Switch|p1a: Sol
|-damage|p1a: Sol|0 fnt
|faint|p1a: Sol
|
|t:|1758313062
|switch|p2a: ᛏᚺᛗᚲᛖGemfang|Garchomp, F|100/100|[from] Volt Switch
|
|-weather|SunnyDay|[upkeep]
|upkeep
|
|t:|1758313064
|switch|p1a: Mama Bear|Ursaluna, F|100/100 brn
|turn|17
|
|t:|1758313086
|move|p2a: ᛏᚺᛗᚲᛖGemfang|Earthquake|p1a: Mama Bear
|-damage|p1a: Mama Bear|64/100 brn
|move|p1a: Mama Bear|Facade|p2a: ᛏᚺᛗᚲᛖGemfang
|-damage|p2a: ᛏᚺᛗᚲᛖGemfang|13/100
|-damage|p1a: Mama Bear|51/100 brn|[from] ability: Rough Skin|[of] p2a: ᛏᚺᛗᚲᛖGemfang
|
|-weather|SunnyDay|[upkeep]
|-damage|p1a: Mama Bear|45/100 brn|[from] brn
|upkeep
|turn|18
|
|t:|1758313095
|move|p2a: ᛏᚺᛗᚲᛖGemfang|Earthquake|p1a: Mama Bear
|-damage|p1a: Mama Bear|7/100 brn
|move|p1a: Mama Bear|Ice Punch|p2a: ᛏᚺᛗᚲᛖGemfang
|-supereffective|p2a: ᛏᚺᛗᚲᛖGemfang
|-damage|p2a: ᛏᚺᛗᚲᛖGemfang|0 fnt
|-damage|p1a: Mama Bear|0 fnt|[from] ability: Rough Skin|[of] p2a: ᛏᚺᛗᚲᛖGemfang
|faint|p2a: ᛏᚺᛗᚲᛖGemfang
|faint|p1a: Mama Bear
|
|-weather|SunnyDay|[upkeep]
|upkeep
|
|t:|1758313105
|switch|p2a: ᚨᛚFlowwheel|Rotom-Wash|48/100
|switch|p1a: Charlie|Typhlosion, M, tera:Fire|61/100
|turn|19
|
|t:|1758313110
|move|p1a: Charlie|Solar Beam||[still]
|-prepare|p1a: Charlie|Solar Beam
|-anim|p1a: Charlie|Solar Beam|p2a: ᚨᛚFlowwheel
|-supereffective|p2a: ᚨᛚFlowwheel
|-damage|p2a: ᚨᛚFlowwheel|0 fnt
|faint|p2a: ᚨᛚFlowwheel
|
|win|beentheredonepat
|raw|beentheredonepat's rating: 1060 &rarr; <strong>1092</strong><br />(+32 for winning)
|raw|big bod3's rating: 1073 &rarr; <strong>1051</strong><br />(-22 for losing)
|l|☆beentheredonepat
|player|p1|
