|j|☆stysccc
|j|☆4urelius_Ghastz
|t:|1758363699
|gametype|singles
|player|p1|stysccc|rosa|1132
|player|p2|4urelius_Ghastz|li|1090
|gen|9
|tier|[Gen 9] OU
|rated|
|rule|HP Percentage Mod: HP is shown in percentages
|rule|Endless Battle Clause: Forcing endless battles is banned
|rule|Species Clause: Limit one of each Pokémon
|rule|OHKO Clause: OHKO moves are banned
|rule|Evasion Items Clause: Evasion items are banned
|rule|Evasion Moves Clause: Evasion moves are banned
|rule|Evasion Abilities Clause: Evasion abilities are banned
|rule|Sleep Moves Clause: Sleep-inducing moves are banned
|clearpoke
|poke|p1|Dragonite, M|
|poke|p1|Iron Crown|
|poke|p1|Ting-Lu|
|poke|p1|Corviknight, F|
|poke|p1|Dragapult, F|
|poke|p1|Gallade, M|
|poke|p2|Swalot, M|
|poke|p2|Quaquaval, M|
|poke|p2|Latias, F|
|poke|p2|Ogerpon-Cornerstone, F|
|poke|p2|Blaziken, F|
|poke|p2|Electrode|
|teampreview
|inactive|Battle timer is ON: inactive players will automatically lose when time's up. (requested by 4urelius_Ghastz)
|
|t:|1758363713
|teamsize|p1|6
|teamsize|p2|6
|start
|switch|p1a: Ting-Lu|Ting-Lu|100/100
|switch|p2a: Swalot|Swalot, M|100/100
|-ability|p1a: Ting-Lu|Vessel of Ruin
|turn|1
|
|t:|1758363722
|move|p2a: Swalot|Stuff Cheeks|p2a: Swalot
|-boost|p2a: Swalot|def|2
|-enditem|p2a: Swalot|Starf Berry|[eat]
|-boost|p2a: Swalot|spa|2|[from] item: Starf Berry
|move|p1a: Ting-Lu|Earthquake|p2a: Swalot
|-supereffective|p2a: Swalot
|-damage|p2a: Swalot|62/100
|
|upkeep
|turn|2
|
|t:|1758363731
|move|p2a: Swalot|Belch|p1a: Ting-Lu
|-resisted|p1a: Ting-Lu
|-damage|p1a: Ting-Lu|83/100
|move|p1a: Ting-Lu|Stealth Rock|p2a: Swalot
|-sidestart|p2: 4urelius_Ghastz|move: Stealth Rock
|
|-heal|p1a: Ting-Lu|89/100|[from] item: Leftovers
|upkeep
|turn|3
|
|t:|1758363742
|move|p2a: Swalot|Thief|p1a: Ting-Lu
|-resisted|p1a: Ting-Lu
|-damage|p1a: Ting-Lu|87/100
|-enditem|p1a: Ting-Lu|Leftovers|[silent]|[from] move: Thief|[of] p2a: Swalot
|-item|p2a: Swalot|Leftovers|[from] move: Thief|[of] p1a: Ting-Lu
|move|p1a: Ting-Lu|Whirlwind|p2a: Swalot
|drag|p2a: Blaziken|Blaziken, F|100/100
|-damage|p2a: Blaziken|88/100|[from] Stealth Rock
|
|upkeep
|turn|4
|
|t:|1758363765
|move|p2a: Blaziken|Protect|p2a: Blaziken
|-singleturn|p2a: Blaziken|Protect
|move|p1a: Ting-Lu|Earthquake|p2a: Blaziken
|-activate|p2a: Blaziken|move: Protect
|
|-ability|p2a: Blaziken|Speed Boost|boost
|-boost|p2a: Blaziken|spe|1
|upkeep
|turn|5
|
|t:|1758363776
|move|p2a: Blaziken|Close Combat|p1a: Ting-Lu
|-supereffective|p1a: Ting-Lu
|-damage|p1a: Ting-Lu|47/100
|-unboost|p2a: Blaziken|def|1
|-unboost|p2a: Blaziken|spd|1
|move|p1a: Ting-Lu|Earthquake|p2a: Blaziken
|-supereffective|p2a: Blaziken
|-damage|p2a: Blaziken|0 fnt
|faint|p2a: Blaziken
|
|upkeep
|
|t:|1758363787
|switch|p2a: Latias|Latias, F|100/100
|-damage|p2a: Latias|88/100|[from] Stealth Rock
|turn|6
|
|t:|1758363794
|move|p2a: Latias|Calm Mind|p2a: Latias
|-boost|p2a: Latias|spa|1
|-boost|p2a: Latias|spd|1
|move|p1a: Ting-Lu|Whirlwind|p2a: Latias
|drag|p2a: Electrode|Electrode|100/100
|-damage|p2a: Electrode|88/100|[from] Stealth Rock
|
|upkeep
|turn|7
|inactive|4urelius_Ghastz has 120 seconds left.
|
|t:|1758363817
|-terastallize|p2a: Electrode|Ice
|move|p2a: Electrode|Tera Blast|p1a: Ting-Lu|[anim] Tera Blast Ice
|-supereffective|p1a: Ting-Lu
|-damage|p1a: Ting-Lu|0 fnt
|faint|p1a: Ting-Lu
|
|upkeep
|
|t:|1758363836
|switch|p1a: Iron Crown|Iron Crown|100/100
|turn|8
|inactive|4urelius_Ghastz has 120 seconds left.
|
|t:|1758363857
|switch|p2a: Quaquaval|Quaquaval, M|100/100
|-damage|p2a: Quaquaval|94/100|[from] Stealth Rock
|move|p1a: Iron Crown|Tachyon Cutter|p2a: Quaquaval
|-resisted|p2a: Quaquaval
|-damage|p2a: Quaquaval|66/100
|-resisted|p2a: Quaquaval
|-crit|p2a: Quaquaval
|-damage|p2a: Quaquaval|26/100
|-hitcount|p2a: Quaquaval|2
|
|upkeep
|turn|9
|inactive|4urelius_Ghastz has 120 seconds left.
|
|t:|1758363872
|move|p2a: Quaquaval|Close Combat|p1a: Iron Crown
|-damage|p1a: Iron Crown|47/100
|-unboost|p2a: Quaquaval|def|1
|-unboost|p2a: Quaquaval|spd|1
|move|p1a: Iron Crown|Tachyon Cutter|p2a: Quaquaval
|-resisted|p2a: Quaquaval
|-damage|p2a: Quaquaval|0 fnt
|faint|p2a: Quaquaval
|-hitcount|p2: Quaquaval|1
|
|upkeep
|
|t:|1758363888
|switch|p2a: Swalot|Swalot, M|62/100
|-damage|p2a: Swalot|50/100|[from] Stealth Rock
|turn|10
|
|t:|1758363909
|move|p1a: Iron Crown|Tachyon Cutter|p2a: Swalot
|-damage|p2a: Swalot|21/100
|-damage|p2a: Swalot|0 fnt
|faint|p2a: Swalot
|-hitcount|p2: Swalot|2
|
|upkeep
|
|t:|1758363918
|switch|p2a: Electrode|Electrode, tera:Ice|88/100
|-damage|p2a: Electrode|63/100|[from] Stealth Rock
|turn|11
|
|t:|1758363932
|move|p2a: Electrode|Volt Switch|p1a: Iron Crown
|-damage|p1a: Iron Crown|15/100
|
|t:|1758363940
|switch|p2a: Latias|Latias, F|88/100|[from] Volt Switch
|-damage|p2a: Latias|76/100|[from] Stealth Rock
|move|p1a: Iron Crown|Tachyon Cutter|p2a: Latias
|-crit|p2a: Latias
|-damage|p2a: Latias|19/100
|-damage|p2a: Latias|0 fnt
|faint|p2a: Latias
|-hitcount|p2: Latias|2
|
|upkeep
|inactive|4urelius_Ghastz has 90 seconds left.
|
|t:|1758363951
|switch|p2a: Electrode|Electrode, tera:Ice|63/100
|-damage|p2a: Electrode|38/100|[from] Stealth Rock
|turn|12
|inactive|4urelius_Ghastz has 90 seconds left.
|
|t:|1758363965
|move|p2a: Electrode|Thunderbolt|p1a: Iron Crown
|-damage|p1a: Iron Crown|0 fnt
|faint|p1a: Iron Crown
|-end|p1a: Iron Crown|Quark Drive|[silent]
|
|upkeep
|
|t:|1758363974
|switch|p1a: Gallade|Gallade, M|100/100
|turn|13
|
|t:|1758363979
|move|p2a: Electrode|Thunderbolt|p1a: Gallade
|-damage|p1a: Gallade|44/100
|move|p1a: Gallade|Sacred Sword|p2a: Electrode
|-supereffective|p2a: Electrode
|-damage|p2a: Electrode|0 fnt
|-damage|p1a: Gallade|19/100|[from] ability: Aftermath|[of] p2a: Electrode
|faint|p2a: Electrode
|
|upkeep
|
|t:|1758363988
|switch|p2a: Ogerpon|Ogerpon-Cornerstone, F|100/100
|-damage|p2a: Ogerpon|88/100|[from] Stealth Rock
|turn|14
|
|t:|1758363994
|move|p1a: Gallade|Sacred Sword|p2a: Ogerpon
|-supereffective|p2a: Ogerpon
|-damage|p2a: Ogerpon|0 fnt
|faint|p2a: Ogerpon
|
|win|stysccc
|raw|stysccc's rating: 1132 &rarr; <strong>1154</strong><br />(+22 for winning)
|raw|4urelius_Ghastz's rating: 1090 &rarr; <strong>1069</strong><br />(-21 for losing)
|l|☆4urelius_Ghastz
|player|p2|
|l|☆stysccc
|player|p1|
