|j|☆alt1234567
|j|☆Obito 2001
|t:|1758319996
|gametype|singles
|player|p1|alt1234567|102|1803
|player|p2|Obito 2001|blue-gen3two|1807
|gen|9
|tier|[Gen 9] OU
|rated|
|rule|HP Percentage Mod: HP is shown in percentages
|rule|Endless Battle Clause: Forcing endless battles is banned
|rule|Species Clause: Limit one of each Pokémon
|rule|OHKO Clause: OHKO moves are banned
|rule|Evasion Items Clause: Evasion items are banned
|rule|Evasion Moves Clause: Evasion moves are banned
|rule|Evasion Abilities Clause: Evasion abilities are banned
|rule|Sleep Moves Clause: Sleep-inducing moves are banned
|clearpoke
|poke|p1|Ribombee, M|
|poke|p1|Gholdengo|
|poke|p1|Kingambit, F|
|poke|p1|Great Tusk|
|poke|p1|Enamorus, F|
|poke|p1|Landorus-Therian, M|
|poke|p2|Masquerain, F|
|poke|p2|Arcanine-Hisui, F|
|poke|p2|Cinderace, F|
|poke|p2|Latios, M|
|poke|p2|Great Tusk|
|poke|p2|Gholdengo|
|teampreview
|inactive|Battle timer is ON: inactive players will automatically lose when time's up. (requested by Obito 2001)
|
|t:|1758320004
|teamsize|p1|6
|teamsize|p2|6
|start
|switch|p1a: Mosquito|Ribombee, M|100/100
|switch|p2a: Gholdengo|Gholdengo|100/100
|turn|1
|
|t:|1758320011
|move|p1a: Mosquito|Sticky Web|p2a: Gholdengo
|-sidestart|p2: Obito 2001|move: Sticky Web
|move|p2a: Gholdengo|Shadow Ball|p1a: Mosquito
|-enditem|p1a: Mosquito|Focus Sash
|-damage|p1a: Mosquito|1/100
|
|upkeep
|turn|2
|
|t:|1758320029
|move|p1a: Mosquito|Moonblast|p2a: Gholdengo
|-resisted|p2a: Gholdengo
|-damage|p2a: Gholdengo|77/100
|move|p2a: Gholdengo|Shadow Ball|p1a: Mosquito
|-damage|p1a: Mosquito|0 fnt
|faint|p1a: Mosquito
|
|upkeep
|
|t:|1758320048
|switch|p1a: Kingambit|Kingambit, F|100/100
|-activate|p1a: Kingambit|ability: Supreme Overlord
|-start|p1a: Kingambit|fallen1|[silent]
|turn|3
|
|t:|1758320056
|switch|p2a: BunnyGirlSenpai|Cinderace, F|100/100
|move|p1a: Kingambit|Swords Dance|p1a: Kingambit
|-boost|p1a: Kingambit|atk|2
|
|upkeep
|turn|4
|
|t:|1758320065
|-terastallize|p1a: Kingambit|Ghost
|move|p2a: BunnyGirlSenpai|Court Change|p2a: BunnyGirlSenpai
|-swapsideconditions
|-activate|p2a: BunnyGirlSenpai|move: Court Change
|move|p1a: Kingambit|Kowtow Cleave|p2a: BunnyGirlSenpai
|-damage|p2a: BunnyGirlSenpai|0 fnt
|faint|p2a: BunnyGirlSenpai
|
|upkeep
|
|t:|1758320076
|switch|p2a: Gholdengo|Gholdengo|77/100
|turn|5
|
|t:|1758320081
|-terastallize|p2a: Gholdengo|Fairy
|move|p2a: Gholdengo|Shadow Ball|p1a: Kingambit
|-supereffective|p1a: Kingambit
|-damage|p1a: Kingambit|0 fnt
|faint|p1a: Kingambit
|-end|p1a: Kingambit|fallen1|[silent]
|
|upkeep
|
|t:|1758320086
|switch|p1a: Enamorus|Enamorus, F|100/100
|turn|6
|
|t:|1758320092
|switch|p2a: Arcanine|Arcanine-Hisui, F|100/100
|move|p1a: Enamorus|Moonblast|p2a: Arcanine
|-resisted|p2a: Arcanine
|-damage|p2a: Arcanine|45/100
|
|upkeep
|turn|7
|
|t:|1758320099
|move|p2a: Arcanine|Extreme Speed|p1a: Enamorus
|-damage|p1a: Enamorus|45/100
|move|p1a: Enamorus|Moonblast|p2a: Arcanine
|-resisted|p2a: Arcanine
|-damage|p2a: Arcanine|0 fnt
|faint|p2a: Arcanine
|
|upkeep
|
|t:|1758320103
|switch|p2a: Latios|Latios, M|100/100
|turn|8
|
|t:|1758320108
|switch|p1a: Gholdengo|Gholdengo|100/100
|-item|p1a: Gholdengo|Air Balloon
|move|p2a: Latios|Luster Purge|p1a: Gholdengo
|-resisted|p1a: Gholdengo
|-damage|p1a: Gholdengo|67/100
|-enditem|p1a: Gholdengo|Air Balloon
|
|upkeep
|turn|9
|
|t:|1758320117
|switch|p2a: Mega Donphan|Great Tusk|100/100
|move|p1a: Gholdengo|Shadow Ball|p2a: Mega Donphan
|-damage|p2a: Mega Donphan|33/100
|
|upkeep
|turn|10
|
|t:|1758320129
|switch|p1a: Great Tusk|Great Tusk|100/100
|-activate|p1a: Great Tusk|move: Sticky Web
|-unboost|p1a: Great Tusk|spe|1
|-enditem|p1a: Great Tusk|Booster Energy
|-activate|p1a: Great Tusk|ability: Protosynthesis|[fromitem]
|-start|p1a: Great Tusk|protosynthesisatk
|move|p2a: Mega Donphan|Stealth Rock|p1a: Great Tusk
|-sidestart|p1: alt1234567|move: Stealth Rock
|
|upkeep
|turn|11
|
|t:|1758320140
|-end|p2a: Mega Donphan|Protosynthesis|[silent]
|switch|p2a: Latios|Latios, M|100/100
|move|p1a: Great Tusk|Rapid Spin|p2a: Latios
|-crit|p2a: Latios
|-damage|p2a: Latios|49/100
|-boost|p1a: Great Tusk|spe|1
|-sideend|p1: alt1234567|Stealth Rock|[from] move: Rapid Spin|[of] p1a: Great Tusk
|-sideend|p1: alt1234567|Sticky Web|[from] move: Rapid Spin|[of] p1a: Great Tusk
|
|upkeep
|turn|12
|
|t:|1758320151
|move|p2a: Latios|Luster Purge|p1a: Great Tusk
|-supereffective|p1a: Great Tusk
|-damage|p1a: Great Tusk|0 fnt
|faint|p1a: Great Tusk
|-end|p1a: Great Tusk|Protosynthesis|[silent]
|
|upkeep
|
|t:|1758320153
|switch|p1a: Landorus|Landorus-Therian, M|100/100
|-ability|p1a: Landorus|Intimidate|boost
|-unboost|p2a: Latios|atk|1
|turn|13
|
|t:|1758320158
|switch|p2a: Mega Donphan|Great Tusk|33/100
|move|p1a: Landorus|U-turn|p2a: Mega Donphan
|-resisted|p2a: Mega Donphan
|-damage|p2a: Mega Donphan|16/100
|
|t:|1758320163
|switch|p1a: Enamorus|Enamorus, F|45/100|[from] U-turn
|
|upkeep
|turn|14
|
|t:|1758320168
|move|p1a: Enamorus|Moonblast|p2a: Mega Donphan
|-supereffective|p2a: Mega Donphan
|-damage|p2a: Mega Donphan|0 fnt
|faint|p2a: Mega Donphan
|-end|p2a: Mega Donphan|Protosynthesis|[silent]
|
|upkeep
|
|t:|1758320169
|switch|p2a: Latios|Latios, M|49/100
|turn|15
|
|t:|1758320174
|move|p2a: Latios|Luster Purge|p1a: Enamorus
|-damage|p1a: Enamorus|0 fnt
|faint|p1a: Enamorus
|
|upkeep
|
|t:|1758320176
|switch|p1a: Landorus|Landorus-Therian, M|100/100
|-ability|p1a: Landorus|Intimidate|boost
|-unboost|p2a: Latios|atk|1
|turn|16
|
|t:|1758320183
|move|p2a: Latios|Luster Purge|p1a: Landorus
|-damage|p1a: Landorus|17/100
|move|p1a: Landorus|Rock Tomb|p2a: Latios
|-crit|p2a: Latios
|-damage|p2a: Latios|0 fnt
|faint|p2a: Latios
|
|upkeep
|
|t:|1758320207
|switch|p2a: Masquerain|Masquerain, F|100/100
|-ability|p2a: Masquerain|Intimidate|boost
|-unboost|p1a: Landorus|atk|1
|turn|17
|
|t:|1758320220
|switch|p2a: Gholdengo|Gholdengo, tera:Fairy|77/100
|move|p1a: Landorus|Rock Tomb|p2a: Gholdengo
|-damage|p2a: Gholdengo|51/100
|-unboost|p2a: Gholdengo|spe|1
|
|upkeep
|turn|18
|
|t:|1758320243
|move|p1a: Landorus|Rock Tomb|p2a: Gholdengo
|-damage|p2a: Gholdengo|22/100
|-unboost|p2a: Gholdengo|spe|1
|move|p2a: Gholdengo|Shadow Ball|p1a: Landorus
|-damage|p1a: Landorus|0 fnt
|faint|p1a: Landorus
|
|upkeep
|
|t:|1758320246
|switch|p1a: Gholdengo|Gholdengo|67/100
|turn|19
|
|t:|1758320249
|switch|p2a: Masquerain|Masquerain, F|100/100
|-ability|p2a: Masquerain|Intimidate|boost
|-unboost|p1a: Gholdengo|atk|1
|move|p1a: Gholdengo|Shadow Ball|p2a: Masquerain
|-damage|p2a: Masquerain|38/100
|
|upkeep
|turn|20
|
|t:|1758320253
|move|p1a: Gholdengo|Shadow Ball|p2a: Masquerain
|-damage|p2a: Masquerain|0 fnt
|faint|p2a: Masquerain
|
|upkeep
|
|t:|1758320256
|switch|p2a: Gholdengo|Gholdengo, tera:Fairy|22/100
|turn|21
|
|t:|1758320258
|move|p1a: Gholdengo|Make It Rain|p2a: Gholdengo
|-supereffective|p2a: Gholdengo
|-damage|p2a: Gholdengo|0 fnt
|-unboost|p1a: Gholdengo|spa|1
|faint|p2a: Gholdengo
|
|win|alt1234567
|raw|alt1234567's rating: 1803 &rarr; <strong>1823</strong><br />(+20 for winning)
|raw|Obito 2001's rating: 1807 &rarr; <strong>1787</strong><br />(-20 for losing)
|l|☆Obito 2001
|player|p2|
