|j|☆thekairou
|j|☆vartholomeus
|t:|1758331996
|gametype|singles
|player|p1|thekairou|silver|1343
|player|p2|vartholomeus|ruinmaniac|1369
|gen|9
|tier|[Gen 9] OU
|rated|
|rule|HP Percentage Mod: HP is shown in percentages
|rule|Endless Battle Clause: Forcing endless battles is banned
|rule|Species Clause: Limit one of each Pokémon
|rule|OHKO Clause: OHKO moves are banned
|rule|Evasion Items Clause: Evasion items are banned
|rule|Evasion Moves Clause: Evasion moves are banned
|rule|Evasion Abilities Clause: Evasion abilities are banned
|rule|Sleep Moves Clause: Sleep-inducing moves are banned
|clearpoke
|poke|p1|Raging Bolt|
|poke|p1|Kingambit, F|
|poke|p1|Great Tusk|
|poke|p1|Garganacl, M|
|poke|p1|Thundurus, M|
|poke|p1|Iron Valiant|
|poke|p2|Moltres|
|poke|p2|Iron Crown|
|poke|p2|Rillaboom, M|
|poke|p2|Great Tusk|
|poke|p2|Kyurem|
|poke|p2|Samurott-Hisui, M|
|teampreview
|inactive|Battle timer is ON: inactive players will automatically lose when time's up. (requested by vartholomeus)
|
|t:|1758332018
|teamsize|p1|6
|teamsize|p2|6
|start
|switch|p1a: Garganacl|Garganacl, M, shiny|100/100
|switch|p2a: Kyurem|Kyurem|100/100
|-ability|p2a: Kyurem|Pressure
|turn|1
|
|t:|1758332021
|move|p2a: Kyurem|Earth Power|p1a: Garganacl
|-supereffective|p1a: Garganacl
|-damage|p1a: Garganacl|45/100
|move|p1a: Garganacl|Salt Cure|p2a: Kyurem
|-supereffective|p2a: Kyurem
|-damage|p2a: Kyurem|70/100
|-start|p2a: Kyurem|Salt Cure
|
|-heal|p1a: Garganacl|51/100|[from] item: Leftovers
|-damage|p2a: Kyurem|58/100|[from] Salt Cure
|upkeep
|turn|2
|
|t:|1758332027
|switch|p2a: Seiya|Samurott-Hisui, M, shiny|100/100
|move|p1a: Garganacl|Protect||[still]
|-fail|p1a: Garganacl
|
|-heal|p1a: Garganacl|57/100|[from] item: Leftovers
|upkeep
|turn|3
|
|t:|1758332032
|switch|p1a: Raging Bolt|Raging Bolt|100/100
|-enditem|p1a: Raging Bolt|Booster Energy
|-activate|p1a: Raging Bolt|ability: Protosynthesis|[fromitem]
|-start|p1a: Raging Bolt|protosynthesisspa
|move|p2a: Seiya|Ceaseless Edge|p1a: Raging Bolt
|-damage|p1a: Raging Bolt|67/100
|-sidestart|p1: thekairou|Spikes
|
|upkeep
|turn|4
|
|t:|1758332037
|switch|p2a: Irok|Iron Crown|100/100
|-enditem|p2a: Irok|Booster Energy
|-activate|p2a: Irok|ability: Quark Drive|[fromitem]
|-start|p2a: Irok|quarkdrivespe
|move|p1a: Raging Bolt|Thunderbolt|p2a: Irok
|-damage|p2a: Irok|41/100
|
|upkeep
|turn|5
|
|t:|1758332042
|move|p1a: Raging Bolt|Thunderclap|p2a: Irok
|-damage|p2a: Irok|0 fnt
|faint|p2a: Irok
|-end|p2a: Irok|Quark Drive|[silent]
|
|upkeep
|
|t:|1758332044
|switch|p2a: Greatto|Great Tusk|100/100
|turn|6
|
|t:|1758332047
|-terastallize|p1a: Raging Bolt|Flying
|move|p2a: Greatto|Headlong Rush|p1a: Raging Bolt
|-immune|p1a: Raging Bolt
|move|p1a: Raging Bolt|Dragon Pulse|p2a: Greatto
|-damage|p2a: Greatto|0 fnt
|faint|p2a: Greatto
|-end|p2a: Greatto|Protosynthesis|[silent]
|
|upkeep
|
|t:|1758332051
|switch|p2a: Kyurem|Kyurem|58/100
|-ability|p2a: Kyurem|Pressure
|turn|7
|
|t:|1758332054
|move|p2a: Kyurem|Icicle Spear|p1a: Raging Bolt
|-supereffective|p1a: Raging Bolt
|-damage|p1a: Raging Bolt|42/100
|-supereffective|p1a: Raging Bolt
|-damage|p1a: Raging Bolt|16/100
|-hitcount|p1a: Raging Bolt|2
|move|p1a: Raging Bolt|Dragon Pulse|p2a: Kyurem
|-supereffective|p2a: Kyurem
|-damage|p2a: Kyurem|0 fnt
|faint|p2a: Kyurem
|
|upkeep
|
|t:|1758332060
|switch|p2a: Rollo|Rillaboom, M|100/100
|-fieldstart|move: Grassy Terrain|[from] ability: Grassy Surge|[of] p2a: Rollo
|turn|8
|
|t:|1758332072
|move|p2a: Rollo|Grassy Glide|p1a: Raging Bolt
|-resisted|p1a: Raging Bolt
|-crit|p1a: Raging Bolt
|-damage|p1a: Raging Bolt|0 fnt
|faint|p1a: Raging Bolt
|-end|p1a: Raging Bolt|Protosynthesis|[silent]
|
|upkeep
|
|t:|1758332084
|switch|p1a: Smoker|Thundurus, M|100/100
|turn|9
|
|t:|1758332090
|move|p1a: Smoker|Thunderbolt|p2a: Rollo
|-resisted|p2a: Rollo
|-damage|p2a: Rollo|73/100
|move|p2a: Rollo|Knock Off|p1a: Smoker
|-damage|p1a: Smoker|49/100
|-enditem|p1a: Smoker|Focus Sash|[from] move: Knock Off|[of] p2a: Rollo
|
|-heal|p2a: Rollo|80/100|[from] Grassy Terrain
|upkeep
|turn|10
|
|t:|1758332103
|move|p1a: Smoker|Thunder Wave|p2a: Rollo
|-status|p2a: Rollo|par
|cant|p2a: Rollo|par
|
|-heal|p2a: Rollo|86/100 par|[from] Grassy Terrain
|upkeep
|turn|11
|
|t:|1758332109
|switch|p2a: Seiya|Samurott-Hisui, M, shiny|100/100
|move|p1a: Smoker|Thunderbolt|p2a: Seiya
|-supereffective|p2a: Seiya
|-damage|p2a: Seiya|0 fnt
|faint|p2a: Seiya
|
|upkeep
|
|t:|1758332112
|switch|p2a: Pepe|Moltres|100/100
|turn|12
|-message|vartholomeus forfeited.
|
|win|thekairou
|raw|thekairou's rating: 1343 &rarr; <strong>1364</strong><br />(+21 for winning)
|raw|vartholomeus's rating: 1369 &rarr; <strong>1348</strong><br />(-21 for losing)
|l|☆vartholomeus
|player|p2|
|l|☆thekairou
|player|p1|
