|j|☆arvends5
|j|☆qwib
|t:|1758334513
|gametype|singles
|player|p1|arvends5|swimmer|1270
|player|p2|qwib|266|1311
|gen|9
|tier|[Gen 9] OU
|rated|
|rule|HP Percentage Mod: HP is shown in percentages
|rule|Endless Battle Clause: Forcing endless battles is banned
|rule|Species Clause: Limit one of each Pokémon
|rule|OHKO Clause: OHKO moves are banned
|rule|Evasion Items Clause: Evasion items are banned
|rule|Evasion Moves Clause: Evasion moves are banned
|rule|Evasion Abilities Clause: Evasion abilities are banned
|rule|Sleep Moves Clause: Sleep-inducing moves are banned
|clearpoke
|poke|p1|Wigglytuff, F|
|poke|p1|Vaporeon, F|
|poke|p1|Furret, F|
|poke|p1|Tyranitar, M|
|poke|p1|Scizor, M|
|poke|p1|Skarmory, M|
|poke|p2|Cinderace, F|
|poke|p2|Ceruledge, F|
|poke|p2|Kingambit, F|
|poke|p2|Raging Bolt|
|poke|p2|Iron Valiant|
|poke|p2|Scizor, F|
|teampreview
|
|t:|1758334527
|teamsize|p1|6
|teamsize|p2|6
|start
|switch|p1a: Vaporeon|Vaporeon, F|100/100
|switch|p2a: Iron Valiant|Iron Valiant|100/100
|-enditem|p2a: Iron Valiant|Booster Energy
|-activate|p2a: Iron Valiant|ability: Quark Drive|[fromitem]
|-start|p2a: Iron Valiant|quarkdrivespe
|turn|1
|
|t:|1758334538
|move|p2a: Iron Valiant|Spirit Break|p1a: Vaporeon
|-damage|p1a: Vaporeon|58/100
|-unboost|p1a: Vaporeon|spa|1
|move|p1a: Vaporeon|Surf|p2a: Iron Valiant
|-crit|p2a: Iron Valiant
|-damage|p2a: Iron Valiant|0 fnt
|faint|p2a: Iron Valiant
|-end|p2a: Iron Valiant|Quark Drive|[silent]
|
|upkeep
|
|t:|1758334547
|switch|p2a: Raging Bolt|Raging Bolt|100/100
|turn|2
|
|t:|1758334553
|switch|p1a: Wigglytuff|Wigglytuff, F|100/100
|move|p2a: Raging Bolt|Thunderbolt|p1a: Wigglytuff
|-damage|p1a: Wigglytuff|31/100
|
|-heal|p1a: Wigglytuff|37/100|[from] item: Leftovers
|upkeep
|turn|3
|
|t:|1758334560
|move|p2a: Raging Bolt|Thunderbolt|p1a: Wigglytuff
|-damage|p1a: Wigglytuff|0 fnt
|faint|p1a: Wigglytuff
|
|upkeep
|
|t:|1758334564
|switch|p1a: Tyranitar|Tyranitar, M|100/100
|-weather|Sandstorm|[from] ability: Sand Stream|[of] p1a: Tyranitar
|turn|4
|
|t:|1758334573
|move|p1a: Tyranitar|Knock Off|p2a: Raging Bolt
|-damage|p2a: Raging Bolt|40/100
|-enditem|p2a: Raging Bolt|Eject Pack|[from] move: Knock Off|[of] p1a: Tyranitar
|-damage|p1a: Tyranitar|91/100|[from] item: Life Orb
|move|p2a: Raging Bolt|Draco Meteor|p1a: Tyranitar
|-damage|p1a: Tyranitar|39/100
|-unboost|p2a: Raging Bolt|spa|2
|
|-weather|Sandstorm|[upkeep]
|-damage|p2a: Raging Bolt|34/100|[from] Sandstorm
|upkeep
|turn|5
|
|t:|1758334585
|move|p2a: Raging Bolt|Thunderclap|p1a: Tyranitar
|-damage|p1a: Tyranitar|25/100
|move|p1a: Tyranitar|Knock Off|p2a: Raging Bolt
|-damage|p2a: Raging Bolt|0 fnt
|faint|p2a: Raging Bolt
|-end|p2a: Raging Bolt|Protosynthesis|[silent]
|-damage|p1a: Tyranitar|15/100|[from] item: Life Orb
|
|-weather|Sandstorm|[upkeep]
|upkeep
|
|t:|1758334592
|switch|p2a: Scizor|Scizor, F, shiny|100/100
|turn|6
|
|t:|1758334596
|switch|p1a: Skarmory|Skarmory, M|100/100
|move|p2a: Scizor|Bullet Punch|p1a: Skarmory
|-resisted|p1a: Skarmory
|-damage|p1a: Skarmory|82/100
|-damage|p2a: Scizor|84/100|[from] item: Rocky Helmet|[of] p1a: Skarmory
|
|-weather|Sandstorm|[upkeep]
|upkeep
|turn|7
|
|t:|1758334606
|move|p2a: Scizor|Bullet Punch|p1a: Skarmory
|-resisted|p1a: Skarmory
|-damage|p1a: Skarmory|62/100
|-damage|p2a: Scizor|67/100|[from] item: Rocky Helmet|[of] p1a: Skarmory
|move|p1a: Skarmory|Stealth Rock|p2a: Scizor
|-sidestart|p2: qwib|move: Stealth Rock
|
|-weather|Sandstorm|[upkeep]
|upkeep
|turn|8
|
|t:|1758334613
|move|p2a: Scizor|Bullet Punch|p1a: Skarmory
|-resisted|p1a: Skarmory
|-damage|p1a: Skarmory|40/100
|-damage|p2a: Scizor|51/100|[from] item: Rocky Helmet|[of] p1a: Skarmory
|move|p1a: Skarmory|Brave Bird|p2a: Scizor
|-damage|p2a: Scizor|5/100
|-damage|p1a: Skarmory|25/100|[from] Recoil
|
|-weather|none
|upkeep
|turn|9
|
|t:|1758334622
|move|p2a: Scizor|Bullet Punch|p1a: Skarmory
|-resisted|p1a: Skarmory
|-damage|p1a: Skarmory|5/100
|-damage|p2a: Scizor|0 fnt|[from] item: Rocky Helmet|[of] p1a: Skarmory
|faint|p2a: Scizor
|move|p1a: Skarmory|Whirlwind|p2: Scizor|[notarget]
|-fail|p1a: Skarmory
|
|upkeep
|
|t:|1758334628
|switch|p2a: Cinderace|Cinderace, F|100/100
|turn|10
|
|t:|1758334632
|move|p2a: Cinderace|Court Change|p2a: Cinderace
|-start|p2a: Cinderace|typechange|Normal|[from] ability: Libero
|-swapsideconditions
|-activate|p2a: Cinderace|move: Court Change
|move|p1a: Skarmory|Stealth Rock|p2a: Cinderace
|-sidestart|p2: qwib|move: Stealth Rock
|
|upkeep
|turn|11
|
|t:|1758334640
|move|p2a: Cinderace|Pyro Ball|p1a: Skarmory
|-supereffective|p1a: Skarmory
|-damage|p1a: Skarmory|0 fnt
|faint|p1a: Skarmory
|
|upkeep
|
|t:|1758334647
|switch|p1a: Vaporeon|Vaporeon, F|58/100
|-damage|p1a: Vaporeon|46/100|[from] Stealth Rock
|turn|12
|inactive|Battle timer is ON: inactive players will automatically lose when time's up. (requested by qwib)
|
|t:|1758334654
|move|p2a: Cinderace|Gunk Shot|p1a: Vaporeon
|-crit|p1a: Vaporeon
|-damage|p1a: Vaporeon|0 fnt
|faint|p1a: Vaporeon
|
|upkeep
|
|t:|1758334659
|switch|p1a: Scizor|Scizor, M|100/100
|-damage|p1a: Scizor|88/100|[from] Stealth Rock
|turn|13
|
|t:|1758334663
|move|p1a: Scizor|Bullet Punch|p2a: Cinderace
|-damage|p2a: Cinderace|26/100
|move|p2a: Cinderace|Pyro Ball|p1a: Scizor
|-supereffective|p1a: Scizor
|-damage|p1a: Scizor|0 fnt
|faint|p1a: Scizor
|
|upkeep
|
|t:|1758334666
|switch|p1a: Furret|Furret, F|100/100
|-item|p2a: Cinderace|Heavy-Duty Boots|[from] ability: Frisk|[of] p1a: Furret
|turn|14
|
|t:|1758334672
|move|p2a: Cinderace|High Jump Kick|p1a: Furret
|-supereffective|p1a: Furret
|-damage|p1a: Furret|0 fnt
|faint|p1a: Furret
|
|upkeep
|-message|arvends5 forfeited.
|
|win|qwib
|raw|arvends5's rating: 1270 &rarr; <strong>1248</strong><br />(-22 for losing)
|raw|qwib's rating: 1311 &rarr; <strong>1329</strong><br />(+18 for winning)
|l|☆arvends5
|player|p1|
|l|☆qwib
|player|p2|
