|j|☆SenseiShuckle
|j|☆Cyan27
|t:|1758378650
|gametype|singles
|player|p1|SenseiShuckle|steven|1118
|player|p2|Cyan27|acetrainersnowf|1118
|gen|9
|tier|[Gen 9] OU
|rated|
|rule|HP Percentage Mod: HP is shown in percentages
|rule|Endless Battle Clause: Forcing endless battles is banned
|rule|Species Clause: Limit one of each Pokémon
|rule|OHKO Clause: OHKO moves are banned
|rule|Evasion Items Clause: Evasion items are banned
|rule|Evasion Moves Clause: Evasion moves are banned
|rule|Evasion Abilities Clause: Evasion abilities are banned
|rule|Sleep Moves Clause: Sleep-inducing moves are banned
|clearpoke
|poke|p1|Pelipper, F|
|poke|p1|Charizard, M|
|poke|p1|Virizion|
|poke|p1|Cryogonal|
|poke|p1|Empoleon, F|
|poke|p1|Kingdra, M|
|poke|p2|Ninetales, F|
|poke|p2|Leafeon, M|
|poke|p2|Ceruledge, M|
|poke|p2|Dragonite, M|
|poke|p2|Landorus-Therian, M|
|poke|p2|Walking Wake|
|teampreview
|inactive|Battle timer is ON: inactive players will automatically lose when time's up. (requested by Cyan27)
|
|t:|1758378671
|teamsize|p1|6
|teamsize|p2|6
|start
|switch|p1a: Empoleon|Empoleon, F|100/100
|switch|p2a: Landorus|Landorus-Therian, M|100/100
|-ability|p2a: Landorus|Intimidate|boost
|-unboost|p1a: Empoleon|atk|1
|-ability|p1a: Empoleon|Competitive|boost
|-boost|p1a: Empoleon|spa|2
|-item|p1a: Empoleon|Air Balloon
|turn|1
|
|t:|1758378685
|move|p2a: Landorus|U-turn|p1a: Empoleon
|-resisted|p1a: Empoleon
|-damage|p1a: Empoleon|90/100
|-enditem|p1a: Empoleon|Air Balloon
|
|t:|1758378693
|switch|p2a: icic|Ninetales, F, shiny|100/100|[from] U-turn
|-weather|SunnyDay|[from] ability: Drought|[of] p2a: icic
|move|p1a: Empoleon|Icy Wind|p2a: icic
|-resisted|p2a: icic
|-damage|p2a: icic|86/100
|-unboost|p2a: icic|spe|1
|
|-weather|SunnyDay|[upkeep]
|upkeep
|turn|2
|
|t:|1758378704
|move|p2a: icic|Flamethrower|p1a: Empoleon
|-damage|p1a: Empoleon|45/100
|move|p1a: Empoleon|Stealth Rock|p2a: icic
|-sidestart|p2: Cyan27|move: Stealth Rock
|
|-weather|SunnyDay|[upkeep]
|upkeep
|turn|3
|
|t:|1758378711
|move|p2a: icic|Scorching Sands|p1a: Empoleon
|-supereffective|p1a: Empoleon
|-damage|p1a: Empoleon|15/100
|move|p1a: Empoleon|Icy Wind|p2a: icic
|-resisted|p2a: icic
|-damage|p2a: icic|69/100
|-unboost|p2a: icic|spe|1
|
|-weather|SunnyDay|[upkeep]
|upkeep
|turn|4
|
|t:|1758378720
|switch|p2a: Leafeon|Leafeon, M|100/100
|-damage|p2a: Leafeon|88/100|[from] Stealth Rock
|move|p1a: Empoleon|Icy Wind|p2a: Leafeon
|-supereffective|p2a: Leafeon
|-damage|p2a: Leafeon|5/100
|-unboost|p2a: Leafeon|spe|1
|
|-weather|SunnyDay|[upkeep]
|upkeep
|turn|5
|
|t:|1758378736
|move|p2a: Leafeon|Leaf Blade|p1a: Empoleon
|-crit|p1a: Empoleon
|-damage|p1a: Empoleon|0 fnt
|faint|p1a: Empoleon
|
|-weather|SunnyDay|[upkeep]
|upkeep
|
|t:|1758378743
|switch|p1a: Pelipper|Pelipper, F|100/100
|-weather|RainDance|[from] ability: Drizzle|[of] p1a: Pelipper
|turn|6
|
|t:|1758378763
|move|p2a: Leafeon|Quick Attack|p1a: Pelipper
|-damage|p1a: Pelipper|89/100
|move|p1a: Pelipper|U-turn|p2a: Leafeon
|-supereffective|p2a: Leafeon
|-damage|p2a: Leafeon|0 fnt
|faint|p2a: Leafeon
|
|t:|1758378780
|switch|p1a: Charizard|Charizard, M, shiny|100/100|[from] U-turn
|
|-weather|RainDance|[upkeep]
|upkeep
|
|t:|1758378792
|switch|p2a: Walking Wake|Walking Wake|100/100
|-damage|p2a: Walking Wake|88/100|[from] Stealth Rock
|turn|7
|inactive|SenseiShuckle has 120 seconds left.
|
|t:|1758378838
|switch|p1a: Virizion|Virizion|100/100
|move|p2a: Walking Wake|Hydro Steam|p1a: Virizion
|-resisted|p1a: Virizion
|-damage|p1a: Virizion|73/100
|
|-weather|RainDance|[upkeep]
|-heal|p1a: Virizion|79/100|[from] item: Leftovers
|upkeep
|turn|8
|
|t:|1758378857
|-end|p2a: Walking Wake|Protosynthesis|[silent]
|switch|p2a: Landorus|Landorus-Therian, M|100/100
|-damage|p2a: Landorus|88/100|[from] Stealth Rock
|-ability|p2a: Landorus|Intimidate|boost
|-unboost|p1a: Virizion|atk|1
|move|p1a: Virizion|Sacred Sword|p2a: Landorus
|-resisted|p2a: Landorus
|-damage|p2a: Landorus|74/100
|
|-weather|RainDance|[upkeep]
|-heal|p1a: Virizion|85/100|[from] item: Leftovers
|upkeep
|turn|9
|
|t:|1758378876
|switch|p1a: Kingdra|Kingdra, M|100/100
|move|p2a: Landorus|Stealth Rock|p1a: Kingdra
|-sidestart|p1: SenseiShuckle|move: Stealth Rock
|
|-weather|RainDance|[upkeep]
|upkeep
|turn|10
|
|t:|1758378894
|switch|p2a: icic|Ninetales, F, shiny|69/100
|-damage|p2a: icic|45/100|[from] Stealth Rock
|-weather|SunnyDay|[from] ability: Drought|[of] p2a: icic
|move|p1a: Kingdra|Focus Energy|p1a: Kingdra
|-start|p1a: Kingdra|move: Focus Energy
|
|-weather|SunnyDay|[upkeep]
|upkeep
|turn|11
|inactive|Cyan27 has 120 seconds left.
|
|t:|1758378916
|move|p2a: icic|Will-O-Wisp|p1a: Kingdra
|-status|p1a: Kingdra|brn
|move|p1a: Kingdra|Draco Meteor|p2a: icic
|-crit|p2a: icic
|-damage|p2a: icic|0 fnt
|-unboost|p1a: Kingdra|spa|2
|faint|p2a: icic
|
|-weather|SunnyDay|[upkeep]
|-damage|p1a: Kingdra|94/100 brn|[from] brn
|upkeep
|inactive|Cyan27 has 120 seconds left.
|
|t:|1758378933
|switch|p2a: Dragonite|Dragonite, M|100/100
|-damage|p2a: Dragonite|76/100|[from] Stealth Rock
|turn|12
|
|t:|1758378944
|switch|p1a: Pelipper|Pelipper, F|89/100
|-damage|p1a: Pelipper|64/100|[from] Stealth Rock
|-weather|RainDance|[from] ability: Drizzle|[of] p1a: Pelipper
|-terastallize|p2a: Dragonite|Water
|move|p2a: Dragonite|Dragon Dance|p2a: Dragonite
|-boost|p2a: Dragonite|atk|1
|-boost|p2a: Dragonite|spe|1
|
|-weather|RainDance|[upkeep]
|-heal|p2a: Dragonite|82/100|[from] item: Leftovers
|upkeep
|turn|13
|
|t:|1758378953
|move|p2a: Dragonite|Dragon Dance|p2a: Dragonite
|-boost|p2a: Dragonite|atk|1
|-boost|p2a: Dragonite|spe|1
|move|p1a: Pelipper|Ice Beam|p2a: Dragonite
|-resisted|p2a: Dragonite
|-damage|p2a: Dragonite|71/100
|
|-weather|RainDance|[upkeep]
|-heal|p2a: Dragonite|77/100|[from] item: Leftovers
|upkeep
|turn|14
|inactive|SenseiShuckle has 120 seconds left.
|
|t:|1758378967
|move|p2a: Dragonite|Waterfall|p1a: Pelipper
|-resisted|p1a: Pelipper
|-damage|p1a: Pelipper|4/100
|move|p1a: Pelipper|Tailwind|p1a: Pelipper
|-sidestart|p1: SenseiShuckle|move: Tailwind
|
|-weather|RainDance|[upkeep]
|-heal|p2a: Dragonite|83/100|[from] item: Leftovers
|upkeep
|turn|15
|inactive|SenseiShuckle has 120 seconds left.
|
|t:|1758378981
|switch|p1a: Kingdra|Kingdra, M|94/100 brn
|-damage|p1a: Kingdra|82/100 brn|[from] Stealth Rock
|move|p2a: Dragonite|Dragon Dance|p2a: Dragonite
|-boost|p2a: Dragonite|atk|1
|-boost|p2a: Dragonite|spe|1
|
|-weather|RainDance|[upkeep]
|-heal|p2a: Dragonite|90/100|[from] item: Leftovers
|-damage|p1a: Kingdra|76/100 brn|[from] brn
|upkeep
|turn|16
|inactive|SenseiShuckle has 120 seconds left.
|
|t:|1758378994
|move|p1a: Kingdra|Hurricane|p2a: Dragonite
|-damage|p2a: Dragonite|55/100
|move|p2a: Dragonite|Ice Punch|p1a: Kingdra
|-damage|p1a: Kingdra|0 fnt
|faint|p1a: Kingdra
|
|-weather|RainDance|[upkeep]
|-heal|p2a: Dragonite|61/100|[from] item: Leftovers
|upkeep
|
|t:|1758379006
|switch|p1a: Virizion|Virizion|85/100
|-damage|p1a: Virizion|79/100|[from] Stealth Rock
|turn|17
|
|t:|1758379011
|move|p1a: Virizion|Leaf Blade|p2a: Dragonite
|-supereffective|p2a: Dragonite
|-damage|p2a: Dragonite|0 fnt
|faint|p2a: Dragonite
|
|-weather|RainDance|[upkeep]
|-heal|p1a: Virizion|85/100|[from] item: Leftovers
|-sideend|p1: SenseiShuckle|move: Tailwind
|upkeep
|
|t:|1758379017
|switch|p2a: Landorus|Landorus-Therian, M|74/100
|-damage|p2a: Landorus|62/100|[from] Stealth Rock
|-ability|p2a: Landorus|Intimidate|boost
|-unboost|p1a: Virizion|atk|1
|turn|18
|inactive|SenseiShuckle has 120 seconds left.
|inactive|Cyan27 has 120 seconds left.
|
|t:|1758379048
|move|p1a: Virizion|Swords Dance|p1a: Virizion
|-boost|p1a: Virizion|atk|2
|move|p2a: Landorus|U-turn|p1a: Virizion
|-damage|p1a: Virizion|50/100
|inactive|Cyan27 has 120 seconds left.
|
|t:|1758379063
|switch|p2a: Walking Wake|Walking Wake|88/100|[from] U-turn
|-damage|p2a: Walking Wake|76/100|[from] Stealth Rock
|
|-weather|RainDance|[upkeep]
|-heal|p1a: Virizion|57/100|[from] item: Leftovers
|upkeep
|turn|19
|
|t:|1758379074
|move|p2a: Walking Wake|Dragon Pulse|p1a: Virizion
|-damage|p1a: Virizion|18/100
|move|p1a: Virizion|Leaf Blade|p2a: Walking Wake
|-damage|p2a: Walking Wake|20/100
|
|-weather|none
|-heal|p1a: Virizion|24/100|[from] item: Leftovers
|upkeep
|turn|20
|
|t:|1758379083
|move|p2a: Walking Wake|Dragon Pulse|p1a: Virizion
|-crit|p1a: Virizion
|-damage|p1a: Virizion|0 fnt
|faint|p1a: Virizion
|
|upkeep
|
|t:|1758379086
|switch|p1a: Cryogonal|Cryogonal|100/100
|-damage|p1a: Cryogonal|76/100|[from] Stealth Rock
|turn|21
|
|t:|1758379092
|move|p2a: Walking Wake|Dragon Pulse|p1a: Cryogonal
|-damage|p1a: Cryogonal|54/100
|move|p1a: Cryogonal|Rapid Spin|p2a: Walking Wake
|-damage|p2a: Walking Wake|13/100
|-boost|p1a: Cryogonal|spe|1
|-sideend|p1: SenseiShuckle|Stealth Rock|[from] move: Rapid Spin|[of] p1a: Cryogonal
|
|upkeep
|turn|22
|
|t:|1758379100
|move|p1a: Cryogonal|Ice Beam|p2a: Walking Wake
|-damage|p2a: Walking Wake|0 fnt
|faint|p2a: Walking Wake
|-end|p2a: Walking Wake|Protosynthesis|[silent]
|
|upkeep
|
|t:|1758379105
|switch|p2a: Ceruledge|Ceruledge, M|100/100
|-damage|p2a: Ceruledge|76/100|[from] Stealth Rock
|turn|23
|
|t:|1758379110
|move|p1a: Cryogonal|Chilling Water|p2a: Ceruledge
|-supereffective|p2a: Ceruledge
|-damage|p2a: Ceruledge|49/100
|-unboost|p2a: Ceruledge|atk|1
|move|p2a: Ceruledge|Bitter Blade|p1a: Cryogonal
|-supereffective|p1a: Cryogonal
|-damage|p1a: Cryogonal|0 fnt
|-heal|p2a: Ceruledge|76/100|[from] drain|[of] p1a: Cryogonal
|faint|p1a: Cryogonal
|
|upkeep
|
|t:|1758379120
|switch|p1a: Pelipper|Pelipper, F|4/100
|-weather|RainDance|[from] ability: Drizzle|[of] p1a: Pelipper
|turn|24
|
|t:|1758379129
|switch|p2a: Landorus|Landorus-Therian, M|62/100
|-damage|p2a: Landorus|50/100|[from] Stealth Rock
|-ability|p2a: Landorus|Intimidate|boost
|-unboost|p1a: Pelipper|atk|1
|-enditem|p2a: Landorus|Sitrus Berry|[eat]
|-heal|p2a: Landorus|75/100|[from] item: Sitrus Berry
|move|p1a: Pelipper|Tailwind|p1a: Pelipper
|-sidestart|p1: SenseiShuckle|move: Tailwind
|
|-weather|RainDance|[upkeep]
|upkeep
|turn|25
|
|t:|1758379138
|move|p1a: Pelipper|Weather Ball|p2a: Landorus
|-supereffective|p2a: Landorus
|-damage|p2a: Landorus|0 fnt
|faint|p2a: Landorus
|
|-weather|RainDance|[upkeep]
|upkeep
|
|t:|1758379142
|switch|p2a: Ceruledge|Ceruledge, M|76/100
|-damage|p2a: Ceruledge|52/100|[from] Stealth Rock
|turn|26
|
|t:|1758379147
|move|p1a: Pelipper|Weather Ball|p2a: Ceruledge
|-supereffective|p2a: Ceruledge
|-damage|p2a: Ceruledge|0 fnt
|faint|p2a: Ceruledge
|
|win|SenseiShuckle
|raw|SenseiShuckle's rating: 1118 &rarr; <strong>1143</strong><br />(+25 for winning)
|raw|Cyan27's rating: 1118 &rarr; <strong>1093</strong><br />(-25 for losing)
|c|☆Cyan27|Gg
|l|☆SenseiShuckle
|player|p1|
|l|☆Cyan27
|player|p2|
