|j|☆Nikator98
|j|☆glowingrobot
|t:|1758303350
|gametype|singles
|player|p1|Nikator98|giovanni|1690
|player|p2|glowingrobot|burglar|1633
|gen|9
|tier|[Gen 9] OU
|rated|
|rule|HP Percentage Mod: HP is shown in percentages
|rule|Endless Battle Clause: Forcing endless battles is banned
|rule|Species Clause: Limit one of each Pokémon
|rule|OHKO Clause: OHKO moves are banned
|rule|Evasion Items Clause: Evasion items are banned
|rule|Evasion Moves Clause: Evasion moves are banned
|rule|Evasion Abilities Clause: Evasion abilities are banned
|rule|Sleep Moves Clause: Sleep-inducing moves are banned
|clearpoke
|poke|p1|Metagross|
|poke|p1|Great Tusk|
|poke|p1|Haxorus, M|
|poke|p1|Iron Moth|
|poke|p1|Zoroark-Hisui, M|
|poke|p1|Ninetales-Alola, F|
|poke|p2|Raging Bolt|
|poke|p2|Ogerpon-Wellspring, F|
|poke|p2|Hatterene, F|
|poke|p2|Landorus-Therian, M|
|poke|p2|Kingambit, M|
|poke|p2|Zamazenta-*|
|teampreview
|inactive|Battle timer is ON: inactive players will automatically lose when time's up. (requested by glowingrobot)
|
|t:|1758303377
|teamsize|p1|6
|teamsize|p2|6
|start
|switch|p1a: Arquillian Sentry|Metagross|100/100
|switch|p2a: Raging Bolt|Raging Bolt|100/100
|turn|1
|
|t:|1758303385
|move|p2a: Raging Bolt|Volt Switch|p1a: Arquillian Sentry
|-damage|p1a: Arquillian Sentry|27/100
|
|t:|1758303393
|-end|p2a: Raging Bolt|Protosynthesis|[silent]
|switch|p2a: Landorus|Landorus-Therian, M|100/100|[from] Volt Switch
|-ability|p2a: Landorus|Intimidate|boost
|-fail|p1a: Arquillian Sentry|unboost|[from] ability: Clear Body|[of] p1a: Arquillian Sentry
|move|p1a: Arquillian Sentry|Stealth Rock|p2a: Landorus
|-sidestart|p2: glowingrobot|move: Stealth Rock
|
|upkeep
|turn|2
|
|t:|1758303401
|switch|p1a: Asfaloth|Ninetales-Alola, F, shiny|100/100
|-weather|Snowscape|[from] ability: Snow Warning|[of] p1a: Asfaloth
|move|p2a: Landorus|Stealth Rock|p1a: Asfaloth
|-sidestart|p1: Nikator98|move: Stealth Rock
|
|-weather|Snowscape|[upkeep]
|upkeep
|turn|3
|
|t:|1758303413
|move|p1a: Asfaloth|Freeze-Dry|p2a: Landorus
|-supereffective|p2a: Landorus
|-damage|p2a: Landorus|0 fnt
|faint|p2a: Landorus
|
|-weather|Snowscape|[upkeep]
|upkeep
|
|t:|1758303426
|switch|p2a: Hatterene|Hatterene, F|100/100
|-damage|p2a: Hatterene|88/100|[from] Stealth Rock
|turn|4
|
|t:|1758303431
|move|p1a: Asfaloth|Aurora Veil|p1a: Asfaloth
|-sidestart|p1: Nikator98|move: Aurora Veil
|move|p2a: Hatterene|Nuzzle|p1a: Asfaloth
|-damage|p1a: Asfaloth|99/100
|-status|p1a: Asfaloth|par
|
|-weather|Snowscape|[upkeep]
|upkeep
|turn|5
|
|t:|1758303438
|switch|p1a: Arquillian Sentry|Metagross|27/100
|-damage|p1a: Arquillian Sentry|21/100|[from] Stealth Rock
|move|p2a: Hatterene|Mystical Fire|p1a: Arquillian Sentry
|-supereffective|p1a: Arquillian Sentry
|-damage|p1a: Arquillian Sentry|0 fnt
|faint|p1a: Arquillian Sentry
|
|-weather|Snowscape|[upkeep]
|upkeep
|inactive|Nikator98 has 120 seconds left.
|inactive|Nikator98 has 90 seconds left.
|
|t:|1758303501
|switch|p1a: Kumaryia|Great Tusk, shiny|100/100
|-damage|p1a: Kumaryia|88/100|[from] Stealth Rock
|turn|6
|
|t:|1758303506
|move|p1a: Kumaryia|Bitter Malice|p2a: Hatterene
|-supereffective|p2a: Hatterene
|-damage|p2a: Hatterene|14/100
|-unboost|p2a: Hatterene|atk|1
|move|p2a: Hatterene|Draining Kiss|p1a: Kumaryia
|-damage|p1a: Kumaryia|61/100
|-heal|p2a: Hatterene|30/100|[from] drain|[of] p1a: Kumaryia
|replace|p1a: Van Helsing|Zoroark-Hisui, M, shiny
|-end|p1a: Van Helsing|Illusion
|
|-weather|none
|upkeep
|turn|7
|
|t:|1758303534
|switch|p2a: Kingambit|Kingambit, M|100/100
|-damage|p2a: Kingambit|94/100|[from] Stealth Rock
|-activate|p2a: Kingambit|ability: Supreme Overlord
|-start|p2a: Kingambit|fallen1|[silent]
|move|p1a: Van Helsing|Bitter Malice|p2a: Kingambit
|-resisted|p2a: Kingambit
|-damage|p2a: Kingambit|62/100
|-unboost|p2a: Kingambit|atk|1
|
|-heal|p2a: Kingambit|68/100|[from] item: Leftovers
|upkeep
|turn|8
|j| FaronAan
|
|t:|1758303548
|switch|p1a: Kumaryia|Great Tusk, shiny|100/100
|move|p2a: Kingambit|Swords Dance|p2a: Kingambit
|-boost|p2a: Kingambit|atk|2
|
|-heal|p2a: Kingambit|74/100|[from] item: Leftovers
|upkeep
|turn|9
|inactive|glowingrobot has 120 seconds left.
|
|t:|1758303580
|-end|p2a: Kingambit|fallen1|[silent]
|switch|p2a: Zamazenta|Zamazenta|100/100
|-damage|p2a: Zamazenta|94/100|[from] Stealth Rock
|-ability|p2a: Zamazenta|Dauntless Shield|boost
|-boost|p2a: Zamazenta|def|1
|move|p1a: Kumaryia|Rapid Spin|p2a: Zamazenta
|-damage|p2a: Zamazenta|86/100
|-boost|p1a: Kumaryia|spe|1
|-sideend|p1: Nikator98|Stealth Rock|[from] move: Rapid Spin|[of] p1a: Kumaryia
|
|-heal|p2a: Zamazenta|92/100|[from] item: Leftovers
|upkeep
|turn|10
|
|t:|1758303592
|move|p1a: Kumaryia|Headlong Rush|p2a: Zamazenta
|-damage|p2a: Zamazenta|63/100
|-unboost|p1a: Kumaryia|def|1
|-unboost|p1a: Kumaryia|spd|1
|move|p2a: Zamazenta|Roar|p1a: Kumaryia
|-end|p1a: Kumaryia|Protosynthesis|[silent]
|drag|p1a: Gothmog|Iron Moth|100/100
|-enditem|p1a: Gothmog|Booster Energy
|-activate|p1a: Gothmog|ability: Quark Drive|[fromitem]
|-start|p1a: Gothmog|quarkdrivespe
|
|-heal|p2a: Zamazenta|69/100|[from] item: Leftovers
|upkeep
|turn|11
|
|t:|1758303605
|move|p1a: Gothmog|Fiery Dance|p2a: Zamazenta
|-damage|p2a: Zamazenta|37/100
|-boost|p1a: Gothmog|spa|1
|move|p2a: Zamazenta|Roar|p1a: Gothmog
|-end|p1a: Gothmog|Quark Drive|[silent]
|drag|p1a: Kumaryia|Great Tusk, shiny|100/100
|
|-heal|p2a: Zamazenta|44/100|[from] item: Leftovers
|-sideend|p1: Nikator98|move: Aurora Veil
|upkeep
|turn|12
|
|t:|1758303617
|move|p2a: Zamazenta|Iron Defense|p2a: Zamazenta
|-boost|p2a: Zamazenta|def|2
|move|p1a: Kumaryia|Knock Off|p2a: Zamazenta
|-resisted|p2a: Zamazenta
|-damage|p2a: Zamazenta|39/100
|-enditem|p2a: Zamazenta|Leftovers|[from] move: Knock Off|[of] p1a: Kumaryia
|
|upkeep
|turn|13
|
|t:|1758303628
|-end|p1a: Kumaryia|Protosynthesis|[silent]
|switch|p1a: Gothmog|Iron Moth|100/100
|move|p2a: Zamazenta|Body Press|p1a: Gothmog
|-resisted|p1a: Gothmog
|-damage|p1a: Gothmog|34/100
|
|upkeep
|turn|14
|inactive|glowingrobot has 120 seconds left.
|
|t:|1758303648
|move|p2a: Zamazenta|Body Press|p1a: Gothmog
|-resisted|p1a: Gothmog
|-damage|p1a: Gothmog|0 fnt
|faint|p1a: Gothmog
|-end|p1a: Gothmog|Quark Drive|[silent]
|
|upkeep
|
|t:|1758303658
|switch|p1a: Lacelle|Haxorus, M|61/100
|turn|15
|
|t:|1758303666
|-terastallize|p1a: Lacelle|Fairy
|move|p2a: Zamazenta|Crunch|p1a: Lacelle
|-resisted|p1a: Lacelle
|-crit|p1a: Lacelle
|-damage|p1a: Lacelle|27/100
|replace|p1a: Van Helsing|Zoroark-Hisui, M, shiny
|-end|p1a: Van Helsing|Illusion
|move|p1a: Van Helsing|Tera Blast|p2a: Zamazenta|[anim] Tera Blast Fairy
|-supereffective|p2a: Zamazenta
|-damage|p2a: Zamazenta|0 fnt
|faint|p2a: Zamazenta
|
|upkeep
|
|t:|1758303676
|switch|p2a: Ogerpon|Ogerpon-Wellspring, F|100/100
|-damage|p2a: Ogerpon|88/100|[from] Stealth Rock
|turn|16
|
|t:|1758303686
|move|p1a: Van Helsing|Tera Blast|p2a: Ogerpon|[anim] Tera Blast Fairy
|-damage|p2a: Ogerpon|15/100
|move|p2a: Ogerpon|Ivy Cudgel|p1a: Van Helsing|[anim] Ivy Cudgel Water
|-damage|p1a: Van Helsing|0 fnt
|faint|p1a: Van Helsing
|
|upkeep
|
|t:|1758303693
|switch|p1a: Asfaloth|Ninetales-Alola, F, shiny|99/100 par
|-weather|Snowscape|[from] ability: Snow Warning|[of] p1a: Asfaloth
|turn|17
|
|t:|1758303704
|move|p2a: Ogerpon|Ivy Cudgel|p1a: Asfaloth|[anim] Ivy Cudgel Water
|-damage|p1a: Asfaloth|45/100 par
|move|p1a: Asfaloth|Aurora Veil|p1a: Asfaloth
|-sidestart|p1: Nikator98|move: Aurora Veil
|
|-weather|Snowscape|[upkeep]
|upkeep
|turn|18
|
|t:|1758303710
|move|p2a: Ogerpon|Encore|p1a: Asfaloth
|-start|p1a: Asfaloth|Encore
|move|p1a: Asfaloth|Aurora Veil||[still]
|-fail|p1a: Asfaloth
|
|-weather|Snowscape|[upkeep]
|upkeep
|turn|19
|inactive|Nikator98 has 120 seconds left.
|
|t:|1758303716
|switch|p1a: Lacelle|Haxorus, M|100/100
|-ability|p1a: Lacelle|Mold Breaker
|move|p2a: Ogerpon|Ivy Cudgel|p1a: Lacelle|[anim] Ivy Cudgel Water
|-resisted|p1a: Lacelle
|-damage|p1a: Lacelle|83/100
|
|-weather|Snowscape|[upkeep]
|upkeep
|turn|20
|inactive|Nikator98 has 120 seconds left.
|
|t:|1758303733
|move|p2a: Ogerpon|U-turn|p1a: Lacelle
|-damage|p1a: Lacelle|65/100
|
|t:|1758303743
|switch|p2a: Hatterene|Hatterene, F|30/100|[from] U-turn
|-damage|p2a: Hatterene|17/100|[from] Stealth Rock
|move|p1a: Lacelle|Scale Shot|p2a: Hatterene
|-immune|p2a: Hatterene
|
|-weather|Snowscape|[upkeep]
|upkeep
|turn|21
|
|t:|1758303750
|move|p1a: Lacelle|Iron Head|p2a: Hatterene
|-supereffective|p2a: Hatterene
|-damage|p2a: Hatterene|0 fnt
|faint|p2a: Hatterene
|
|-weather|none
|upkeep
|
|t:|1758303760
|switch|p2a: Kingambit|Kingambit, M|74/100
|-damage|p2a: Kingambit|68/100|[from] Stealth Rock
|-activate|p2a: Kingambit|ability: Supreme Overlord
|-start|p2a: Kingambit|fallen3|[silent]
|turn|22
|
|t:|1758303768
|-terastallize|p2a: Kingambit|Fairy
|move|p1a: Lacelle|Close Combat|p2a: Kingambit
|-resisted|p2a: Kingambit
|-damage|p2a: Kingambit|49/100
|-unboost|p1a: Lacelle|def|1
|-unboost|p1a: Lacelle|spd|1
|move|p2a: Kingambit|Tera Blast|p1a: Lacelle|[anim] Tera Blast Fairy
|-supereffective|p1a: Lacelle
|-damage|p1a: Lacelle|0 fnt
|faint|p1a: Lacelle
|
|-heal|p2a: Kingambit|55/100|[from] item: Leftovers
|upkeep
|
|t:|1758303781
|switch|p1a: Asfaloth|Ninetales-Alola, F, shiny|45/100 par
|-weather|Snowscape|[from] ability: Snow Warning|[of] p1a: Asfaloth
|turn|23
|
|t:|1758303787
|move|p2a: Kingambit|Iron Head|p1a: Asfaloth
|-supereffective|p1a: Asfaloth
|-damage|p1a: Asfaloth|0 fnt
|faint|p1a: Asfaloth
|
|-weather|Snowscape|[upkeep]
|-heal|p2a: Kingambit|61/100|[from] item: Leftovers
|upkeep
|
|t:|1758303793
|switch|p1a: Kumaryia|Great Tusk, shiny|100/100
|turn|24
|
|t:|1758303804
|move|p1a: Kumaryia|Rapid Spin|p2a: Kingambit
|-damage|p2a: Kingambit|45/100
|-boost|p1a: Kumaryia|spe|1
|move|p2a: Kingambit|Tera Blast|p1a: Kumaryia|[anim] Tera Blast Fairy
|-supereffective|p1a: Kumaryia
|-damage|p1a: Kumaryia|56/100
|
|-weather|Snowscape|[upkeep]
|-heal|p2a: Kingambit|52/100|[from] item: Leftovers
|-sideend|p1: Nikator98|move: Aurora Veil
|upkeep
|turn|25
|
|t:|1758303813
|move|p1a: Kumaryia|Headlong Rush|p2a: Kingambit
|-damage|p2a: Kingambit|0 fnt
|-unboost|p1a: Kumaryia|def|1
|-unboost|p1a: Kumaryia|spd|1
|faint|p2a: Kingambit
|-end|p2a: Kingambit|fallen3|[silent]
|
|-weather|Snowscape|[upkeep]
|upkeep
|
|t:|1758303843
|switch|p2a: Raging Bolt|Raging Bolt|100/100
|-damage|p2a: Raging Bolt|88/100|[from] Stealth Rock
|turn|26
|
|t:|1758303847
|move|p1a: Kumaryia|Headlong Rush|p2a: Raging Bolt
|-supereffective|p2a: Raging Bolt
|-damage|p2a: Raging Bolt|0 fnt
|-unboost|p1a: Kumaryia|def|1
|-unboost|p1a: Kumaryia|spd|1
|faint|p2a: Raging Bolt
|-end|p2a: Raging Bolt|Protosynthesis|[silent]
|
|-weather|Snowscape|[upkeep]
|upkeep
|
|t:|1758303850
|switch|p2a: Ogerpon|Ogerpon-Wellspring, F|15/100
|-damage|p2a: Ogerpon|3/100|[from] Stealth Rock
|turn|27
|
|t:|1758303857
|move|p1a: Kumaryia|Rapid Spin|p2a: Ogerpon
|-damage|p2a: Ogerpon|0 fnt
|-boost|p1a: Kumaryia|spe|1
|faint|p2a: Ogerpon
|
|win|Nikator98
|raw|Nikator98's rating: 1690 &rarr; <strong>1707</strong><br />(+17 for winning)
|raw|glowingrobot's rating: 1633 &rarr; <strong>1616</strong><br />(-17 for losing)
|c|☆Nikator98|gg
|l|☆glowingrobot
|player|p2|
|l| FaronAan
|l|☆Nikator98
|player|p1|
|j|☆glowingrobot
|player|p2|glowingrobot|burglar|
