|j|☆lemontits1
|j|☆itspaoloooo
|t:|1758250987
|gametype|singles
|player|p1|lemontits1|265|1147
|player|p2|itspaoloooo|hilbert-wonderlauncher|1130
|gen|9
|tier|[Gen 9] OU
|rated|
|rule|HP Percentage Mod: HP is shown in percentages
|rule|Endless Battle Clause: Forcing endless battles is banned
|rule|Species Clause: Limit one of each Pokémon
|rule|OHKO Clause: OHKO moves are banned
|rule|Evasion Items Clause: Evasion items are banned
|rule|Evasion Moves Clause: Evasion moves are banned
|rule|Evasion Abilities Clause: Evasion abilities are banned
|rule|Sleep Moves Clause: Sleep-inducing moves are banned
|clearpoke
|poke|p1|Garchomp, F|
|poke|p1|Rotom-Mow|
|poke|p1|Slowbro, M|
|poke|p1|Gengar, F|
|poke|p1|Kleavor, M|
|poke|p1|Raging Bolt|
|poke|p2|Gengar, M|
|poke|p2|Zoroark, F|
|poke|p2|Empoleon, M|
|poke|p2|Altaria, F|
|poke|p2|Rotom-Fan|
|poke|p2|Ninetales-Alola, M|
|teampreview
|inactive|Battle timer is ON: inactive players will automatically lose when time's up. (requested by itspaoloooo)
|
|t:|1758250997
|teamsize|p1|6
|teamsize|p2|6
|start
|switch|p1a: Kleavor|Kleavor, M|100/100
|switch|p2a: Ninetales|Ninetales-Alola, M|100/100
|-weather|Snowscape|[from] ability: Snow Warning|[of] p2a: Ninetales
|turn|1
|
|t:|1758251003
|move|p2a: Ninetales|Aurora Veil|p2a: Ninetales
|-sidestart|p2: itspaoloooo|move: Aurora Veil
|move|p1a: Kleavor|Close Combat|p2a: Ninetales
|-damage|p2a: Ninetales|77/100
|-unboost|p1a: Kleavor|def|1
|-unboost|p1a: Kleavor|spd|1
|
|-weather|Snowscape|[upkeep]
|upkeep
|turn|2
|
|t:|1758251008
|move|p2a: Ninetales|Encore|p1a: Kleavor
|-start|p1a: Kleavor|Encore
|move|p1a: Kleavor|Close Combat|p2a: Ninetales
|-damage|p2a: Ninetales|53/100
|-unboost|p1a: Kleavor|def|1
|-unboost|p1a: Kleavor|spd|1
|
|-weather|Snowscape|[upkeep]
|upkeep
|turn|3
|
|t:|1758251023
|switch|p2a: Rotom|Rotom-Fan|100/100
|switch|p1a: Slowbro|Slowbro, M|100/100
|
|-weather|Snowscape|[upkeep]
|upkeep
|turn|4
|
|t:|1758251034
|move|p2a: Rotom|Nasty Plot|p2a: Rotom
|-boost|p2a: Rotom|spa|2
|move|p1a: Slowbro|Future Sight|p2a: Rotom
|-start|p1a: Slowbro|move: Future Sight
|
|-weather|Snowscape|[upkeep]
|upkeep
|turn|5
|
|t:|1758251041
|move|p2a: Rotom|Thunderbolt|p1a: Slowbro
|-supereffective|p1a: Slowbro
|-damage|p1a: Slowbro|0 fnt
|faint|p1a: Slowbro
|
|-weather|none
|upkeep
|
|t:|1758251046
|switch|p1a: Kleavor|Kleavor, M|100/100
|turn|6
|
|t:|1758251050
|move|p2a: Rotom|Thunderbolt|p1a: Kleavor
|-enditem|p1a: Kleavor|Focus Sash
|-damage|p1a: Kleavor|1/100
|-status|p1a: Kleavor|par
|cant|p1a: Kleavor|par
|
|-end|p2a: Rotom|move: Future Sight
|-damage|p2a: Rotom|64/100
|upkeep
|turn|7
|
|t:|1758251071
|move|p2a: Rotom|Charge Beam|p1a: Kleavor
|-damage|p1a: Kleavor|0 fnt
|-boost|p2a: Rotom|spa|1
|faint|p1a: Kleavor
|
|upkeep
|inactive|lemontits1 has 120 seconds left.
|
|t:|1758251088
|switch|p1a: Raging Bolt|Raging Bolt|100/100
|-enditem|p1a: Raging Bolt|Booster Energy
|-activate|p1a: Raging Bolt|ability: Protosynthesis|[fromitem]
|-start|p1a: Raging Bolt|protosynthesisspa
|turn|8
|
|t:|1758251095
|-terastallize|p2a: Rotom|Electric
|move|p1a: Raging Bolt|Thunderclap|p2a: Rotom
|-resisted|p2a: Rotom
|-damage|p2a: Rotom|47/100
|move|p2a: Rotom|Thunderbolt|p1a: Raging Bolt
|-resisted|p1a: Raging Bolt
|-damage|p1a: Raging Bolt|69/100
|
|-sideend|p2: itspaoloooo|move: Aurora Veil
|upkeep
|turn|9
|
|t:|1758251105
|move|p2a: Rotom|Air Slash|p1a: Raging Bolt|[miss]
|-miss|p2a: Rotom|p1a: Raging Bolt
|move|p1a: Raging Bolt|Draco Meteor|p2a: Rotom
|-damage|p2a: Rotom|0 fnt
|-unboost|p1a: Raging Bolt|spa|2
|faint|p2a: Rotom
|
|upkeep
|
|t:|1758251116
|switch|p2a: Ninetales|Ninetales-Alola, M|53/100
|-weather|Snowscape|[from] ability: Snow Warning|[of] p2a: Ninetales
|turn|10
|
|t:|1758251124
|move|p2a: Ninetales|Aurora Veil|p2a: Ninetales
|-sidestart|p2: itspaoloooo|move: Aurora Veil
|move|p1a: Raging Bolt|Ancient Power|p2a: Ninetales
|-supereffective|p2a: Ninetales
|-damage|p2a: Ninetales|34/100
|
|-weather|Snowscape|[upkeep]
|upkeep
|turn|11
|
|t:|1758251131
|switch|p2a: Empoleon|Empoleon, M|100/100
|move|p1a: Raging Bolt|Ancient Power|p2a: Empoleon
|-resisted|p2a: Empoleon
|-damage|p2a: Empoleon|97/100
|
|-weather|Snowscape|[upkeep]
|upkeep
|turn|12
|
|t:|1758251141
|move|p1a: Raging Bolt|Volt Switch|p2a: Empoleon
|-supereffective|p2a: Empoleon
|-damage|p2a: Empoleon|71/100
|-enditem|p2a: Empoleon|Weakness Policy
|-boost|p2a: Empoleon|atk|2|[from] item: Weakness Policy
|-boost|p2a: Empoleon|spa|2|[from] item: Weakness Policy
|
|t:|1758251149
|-end|p1a: Raging Bolt|Protosynthesis|[silent]
|switch|p1a: Rotom|Rotom-Mow|100/100|[from] Volt Switch
|move|p2a: Empoleon|Agility|p2a: Empoleon
|-boost|p2a: Empoleon|spe|2
|
|-weather|Snowscape|[upkeep]
|upkeep
|turn|13
|
|t:|1758251163
|move|p2a: Empoleon|Ice Beam|p1a: Rotom
|-supereffective|p1a: Rotom
|-damage|p1a: Rotom|0 fnt
|faint|p1a: Rotom
|
|-weather|Snowscape|[upkeep]
|upkeep
|
|t:|1758251173
|switch|p1a: Raging Bolt|Raging Bolt|69/100
|turn|14
|
|t:|1758251178
|-terastallize|p1a: Raging Bolt|Electric
|move|p1a: Raging Bolt|Thunderclap||[still]
|-fail|p1a: Raging Bolt
|move|p2a: Empoleon|Agility|p2a: Empoleon
|-boost|p2a: Empoleon|spe|2
|
|-weather|none
|upkeep
|turn|15
|
|t:|1758251190
|move|p1a: Raging Bolt|Thunderclap||[still]
|-fail|p1a: Raging Bolt
|move|p2a: Empoleon|Agility|p2a: Empoleon
|-boost|p2a: Empoleon|spe|2
|
|upkeep
|turn|16
|
|t:|1758251199
|move|p1a: Raging Bolt|Thunderclap|p2a: Empoleon
|-supereffective|p2a: Empoleon
|-damage|p2a: Empoleon|20/100
|move|p2a: Empoleon|Surf|p1a: Raging Bolt
|-damage|p1a: Raging Bolt|11/100
|
|upkeep
|turn|17
|
|t:|1758251207
|move|p1a: Raging Bolt|Thunderclap||[still]
|-fail|p1a: Raging Bolt
|move|p2a: Empoleon|Agility|p2a: Empoleon
|-boost|p2a: Empoleon|spe|0
|
|-sideend|p2: itspaoloooo|move: Aurora Veil
|upkeep
|turn|18
|
|t:|1758251215
|move|p1a: Raging Bolt|Thunderclap||[still]
|-fail|p1a: Raging Bolt
|move|p2a: Empoleon|Agility|p2a: Empoleon
|-boost|p2a: Empoleon|spe|0
|
|upkeep
|turn|19
|
|t:|1758251221
|move|p1a: Raging Bolt|Thunderclap||[still]
|-fail|p1a: Raging Bolt
|move|p2a: Empoleon|Agility|p2a: Empoleon
|-boost|p2a: Empoleon|spe|0
|
|upkeep
|turn|20
|
|t:|1758251227
|move|p2a: Empoleon|Agility|p2a: Empoleon
|-boost|p2a: Empoleon|spe|0
|move|p1a: Raging Bolt|Volt Switch|p2a: Empoleon
|-supereffective|p2a: Empoleon
|-damage|p2a: Empoleon|0 fnt
|faint|p2a: Empoleon
|
|t:|1758251235
|-end|p1a: Raging Bolt|Protosynthesis|[silent]
|switch|p1a: Garchomp|Garchomp, F|100/100|[from] Volt Switch
|
|upkeep
|
|t:|1758251242
|switch|p2a: Ninetales|Ninetales-Alola, M|34/100
|-weather|Snowscape|[from] ability: Snow Warning|[of] p2a: Ninetales
|turn|21
|
|t:|1758251254
|move|p2a: Ninetales|Aurora Veil|p2a: Ninetales
|-sidestart|p2: itspaoloooo|move: Aurora Veil
|move|p1a: Garchomp|Poison Jab|p2a: Ninetales
|-supereffective|p2a: Ninetales
|-damage|p2a: Ninetales|0 fnt
|faint|p2a: Ninetales
|-damage|p1a: Garchomp|91/100|[from] item: Life Orb
|
|-weather|Snowscape|[upkeep]
|upkeep
|
|t:|1758251273
|switch|p2a: Altaria|Altaria, F, shiny|100/100
|turn|22
|
|t:|1758251277
|move|p1a: Garchomp|Outrage|p2a: Altaria
|-supereffective|p2a: Altaria
|-damage|p2a: Altaria|4/100
|-damage|p1a: Garchomp|81/100|[from] item: Life Orb
|move|p2a: Altaria|Dragon Dance|p2a: Altaria
|-boost|p2a: Altaria|atk|1
|-boost|p2a: Altaria|spe|1
|
|-weather|Snowscape|[upkeep]
|upkeep
|turn|23
|
|t:|1758251286
|move|p2a: Altaria|Earthquake|p1a: Garchomp
|-damage|p1a: Garchomp|44/100
|move|p1a: Garchomp|Outrage|p2a: Altaria|[from] lockedmove
|-supereffective|p2a: Altaria
|-damage|p2a: Altaria|0 fnt
|faint|p2a: Altaria
|-damage|p1a: Garchomp|34/100|[from] item: Life Orb
|-start|p1a: Garchomp|confusion|[fatigue]
|
|-weather|Snowscape|[upkeep]
|upkeep
|
|t:|1758251310
|switch|p2a: Gengar|Gengar, M|100/100
|turn|24
|
|t:|1758251316
|move|p2a: Gengar|Night Daze|p1a: Garchomp
|-damage|p1a: Garchomp|0 fnt
|faint|p1a: Garchomp
|
|-weather|Snowscape|[upkeep]
|upkeep
|
|t:|1758251320
|switch|p1a: Gengar|Gengar, F|100/100
|-item|p1a: Gengar|Air Balloon
|turn|25
|
|t:|1758251325
|move|p1a: Gengar|Shadow Ball|p2a: Gengar
|-resisted|p2a: Gengar
|-damage|p2a: Gengar|78/100
|replace|p2a: Zoroark|Zoroark, F
|-end|p2a: Zoroark|Illusion
|move|p2a: Zoroark|Night Daze|p1a: Gengar
|-supereffective|p1a: Gengar
|-crit|p1a: Gengar
|-damage|p1a: Gengar|0 fnt
|-enditem|p1a: Gengar|Air Balloon
|faint|p1a: Gengar
|
|-weather|none
|upkeep
|
|t:|1758251331
|switch|p1a: Raging Bolt|Raging Bolt, tera:Electric|11/100
|turn|26
|c|☆lemontits1|oh i wasnt paying attention
|c|☆lemontits1|i was eating tiramisu
|
|t:|1758251345
|move|p2a: Zoroark|Sucker Punch|p1a: Raging Bolt
|-damage|p1a: Raging Bolt|0 fnt
|faint|p1a: Raging Bolt
|-end|p1a: Raging Bolt|Protosynthesis|[silent]
|
|win|itspaoloooo
|raw|lemontits1's rating: 1147 &rarr; <strong>1121</strong><br />(-26 for losing)
|raw|itspaoloooo's rating: 1130 &rarr; <strong>1156</strong><br />(+26 for winning)
|c|☆lemontits1|gg
|l|☆lemontits1
|player|p1|
|c|☆itspaoloooo|gg
