|j|☆abud32
|j|‽imshooooogay
|t:|1758263093
|gametype|singles
|player|p1|abud32|266|1158
|player|p2|imshooooogay|1|1160
|gen|9
|tier|[Gen 9] OU
|rated|
|rule|HP Percentage Mod: HP is shown in percentages
|rule|Endless Battle Clause: Forcing endless battles is banned
|rule|Species Clause: Limit one of each Pokémon
|rule|OHKO Clause: OHKO moves are banned
|rule|Evasion Items Clause: Evasion items are banned
|rule|Evasion Moves Clause: Evasion moves are banned
|rule|Evasion Abilities Clause: Evasion abilities are banned
|rule|Sleep Moves Clause: Sleep-inducing moves are banned
|clearpoke
|poke|p1|Dragonite, M|
|poke|p1|Charizard, M|
|poke|p1|Iron Valiant|
|poke|p1|Kingambit, M|
|poke|p1|Primarina, M|
|poke|p1|Raichu, F|
|poke|p2|Iron Valiant|
|poke|p2|Slowking-Galar, M|
|poke|p2|Zapdos|
|poke|p2|Ting-Lu|
|poke|p2|Weezing-Galar, M|
|poke|p2|Alomomola, M|
|teampreview
|inactive|Battle timer is ON: inactive players will automatically lose when time's up. (requested by abud32)
|
|t:|1758263117
|teamsize|p1|6
|teamsize|p2|6
|start
|switch|p1a: Raichu|Raichu, F|100/100
|switch|p2a: Weezing|Weezing-Galar, M|100/100
|-ability|p2a: Weezing|Neutralizing Gas
|turn|1
|
|t:|1758263123
|-end|p2a: Weezing|ability: Neutralizing Gas
|switch|p2a: Ting-Lu|Ting-Lu|100/100
|-ability|p2a: Ting-Lu|Vessel of Ruin
|move|p1a: Raichu|Fake Out|p2a: Ting-Lu
|-damage|p2a: Ting-Lu|96/100
|
|-heal|p2a: Ting-Lu|100/100|[from] item: Leftovers
|upkeep
|turn|2
|
|t:|1758263137
|switch|p1a: Charizard|Charizard, M|100/100
|move|p2a: Ting-Lu|Ruination|p1a: Charizard
|-damage|p1a: Charizard|51/100
|
|upkeep
|turn|3
|inactive|imshooooogay has 120 seconds left.
|
|t:|1758263176
|move|p1a: Charizard|Focus Blast|p2a: Ting-Lu
|-supereffective|p2a: Ting-Lu
|-damage|p2a: Ting-Lu|71/100
|move|p2a: Ting-Lu|Ruination|p1a: Charizard
|-damage|p1a: Charizard|26/100
|
|-heal|p2a: Ting-Lu|77/100|[from] item: Leftovers
|upkeep
|turn|4
|inactive|abud32 has 120 seconds left.
|
|t:|1758263207
|switch|p1a: Primarina|Primarina, M|100/100
|switch|p2a: Slowking|Slowking-Galar, M|100/100
|
|upkeep
|turn|5
|inactive|abud32 has 120 seconds left.
|
|t:|1758263220
|switch|p1a: Kingambit|Kingambit, M|100/100
|-prepare|p2a: Slowking|Chilly Reception|[premajor]
|move|p2a: Slowking|Chilly Reception|p2a: Slowking
|-weather|Snowscape
|
|t:|1758263225
|switch|p2a: Iron Valiant|Iron Valiant|100/100|[from] Chilly Reception
|
|-weather|Snowscape|[upkeep]
|upkeep
|turn|6
|
|t:|1758263240
|-end|p1a: Kingambit|fallenundefined|[silent]
|switch|p1a: Charizard|Charizard, M|26/100
|move|p2a: Iron Valiant|Close Combat|p1a: Charizard
|-resisted|p1a: Charizard
|-damage|p1a: Charizard|0 fnt
|-unboost|p2a: Iron Valiant|def|1
|-unboost|p2a: Iron Valiant|spd|1
|faint|p1a: Charizard
|
|-weather|Snowscape|[upkeep]
|upkeep
|inactive|abud32 has 120 seconds left.
|
|t:|1758263250
|switch|p1a: Raichu|Raichu, F|100/100
|turn|7
|
|t:|1758263253
|-end|p2a: Iron Valiant|Quark Drive|[silent]
|switch|p2a: Slowking|Slowking-Galar, M|100/100
|move|p1a: Raichu|Fake Out|p2a: Slowking
|-damage|p2a: Slowking|91/100
|
|-weather|Snowscape|[upkeep]
|upkeep
|turn|8
|
|t:|1758263261
|move|p1a: Raichu|Electroweb|p2a: Slowking
|-damage|p2a: Slowking|77/100
|-unboost|p2a: Slowking|spe|1
|-prepare|p2a: Slowking|Chilly Reception|[premajor]
|move|p2a: Slowking|Chilly Reception|p2a: Slowking
|
|t:|1758263266
|switch|p2a: Ting-Lu|Ting-Lu|77/100|[from] Chilly Reception
|-ability|p2a: Ting-Lu|Vessel of Ruin
|
|-weather|Snowscape|[upkeep]
|-heal|p2a: Ting-Lu|83/100|[from] item: Leftovers
|upkeep
|turn|9
|
|t:|1758263280
|switch|p1a: Primarina|Primarina, M|100/100
|move|p2a: Ting-Lu|Ruination|p1a: Primarina
|-damage|p1a: Primarina|50/100
|
|-weather|none
|-heal|p2a: Ting-Lu|89/100|[from] item: Leftovers
|upkeep
|turn|10
|
|t:|1758263307
|switch|p2a: Slowking|Slowking-Galar, M|100/100
|move|p1a: Primarina|Hyper Voice|p2a: Slowking
|-damage|p2a: Slowking|59/100
|
|upkeep
|turn|11
|
|t:|1758263315
|move|p1a: Primarina|Hyper Voice|p2a: Slowking
|-damage|p2a: Slowking|11/100
|-prepare|p2a: Slowking|Chilly Reception|[premajor]
|move|p2a: Slowking|Chilly Reception|p2a: Slowking
|-weather|Snowscape
|
|t:|1758263322
|switch|p2a: Zapdos|Zapdos|100/100|[from] Chilly Reception
|
|-weather|Snowscape|[upkeep]
|upkeep
|turn|12
|
|t:|1758263328
|switch|p1a: Raichu|Raichu, F|100/100
|move|p2a: Zapdos|Weather Ball|p1a: Raichu
|-damage|p1a: Raichu|51/100
|
|-weather|Snowscape|[upkeep]
|upkeep
|turn|13
|inactive|imshooooogay has 120 seconds left.
|inactive|imshooooogay has 90 seconds left.
|inactive|imshooooogay has 60 seconds left.
|inactive|imshooooogay has 30 seconds left.
|inactive|imshooooogay has 20 seconds left.
|inactive|imshooooogay has 15 seconds left.
|l|‽imshooooogay
|inactive|imshooooogay disconnected and has a minute to reconnect!
|player|p2|
|inactive|imshooooogay has 10 seconds left.
|inactive|imshooooogay has 5 seconds left.
|-message|imshooooogay lost due to inactivity.
|
|win|abud32
|raw|abud32's rating: 1158 &rarr; <strong>1183</strong><br />(+25 for winning)
|raw|imshooooogay's rating: 1160 &rarr; <strong>1135</strong><br />(-25 for losing)
|l|☆abud32
|player|p1|
