|j|☆DomCat
|j|☆Coquito mojito
|t:|1758341108
|gametype|singles
|player|p1|DomCat|lady-gen4|1372
|player|p2|Coquito mojito|170|1265
|gen|9
|tier|[Gen 9] OU
|rated|
|rule|HP Percentage Mod: HP is shown in percentages
|rule|Endless Battle Clause: Forcing endless battles is banned
|rule|Species Clause: Limit one of each Pokémon
|rule|OHKO Clause: OHKO moves are banned
|rule|Evasion Items Clause: Evasion items are banned
|rule|Evasion Moves Clause: Evasion moves are banned
|rule|Evasion Abilities Clause: Evasion abilities are banned
|rule|Sleep Moves Clause: Sleep-inducing moves are banned
|clearpoke
|poke|p1|Heatran, F|
|poke|p1|Quaquaval, F|
|poke|p1|Garganacl, F|
|poke|p1|Gliscor, M|
|poke|p1|Zapdos|
|poke|p1|Walking Wake|
|poke|p2|Rillaboom, M|
|poke|p2|Okidogi, M|
|poke|p2|Zamazenta-*|
|poke|p2|Iron Treads|
|poke|p2|Clefable, F|
|poke|p2|Walking Wake|
|teampreview
|inactive|Battle timer is ON: inactive players will automatically lose when time's up. (requested by DomCat)
|
|t:|1758341126
|teamsize|p1|6
|teamsize|p2|6
|start
|switch|p1a: Sparkuno|Zapdos|100/100
|switch|p2a: Rillaboom|Rillaboom, M|100/100
|-fieldstart|move: Grassy Terrain|[from] ability: Grassy Surge|[of] p2a: Rillaboom
|turn|1
|
|t:|1758341140
|switch|p2a: Clefable|Clefable, F|100/100
|move|p1a: Sparkuno|Hurricane|p2a: Clefable|[miss]
|-miss|p1a: Sparkuno|p2a: Clefable
|
|upkeep
|turn|2
|
|t:|1758341146
|move|p1a: Sparkuno|Volt Switch|p2a: Clefable
|-damage|p2a: Clefable|64/100
|
|t:|1758341151
|switch|p1a: Himalayan Salt|Garganacl, F|100/100|[from] Volt Switch
|move|p2a: Clefable|Thunder Wave|p1a: Himalayan Salt
|-immune|p1a: Himalayan Salt|[from] ability: Purifying Salt
|
|-heal|p2a: Clefable|70/100|[from] Grassy Terrain
|-heal|p2a: Clefable|76/100|[from] item: Leftovers
|upkeep
|turn|3
|
|t:|1758341169
|switch|p2a: Rillaboom|Rillaboom, M|100/100
|move|p1a: Himalayan Salt|Salt Cure|p2a: Rillaboom
|-damage|p2a: Rillaboom|83/100
|-start|p2a: Rillaboom|Salt Cure
|
|-heal|p2a: Rillaboom|90/100|[from] Grassy Terrain
|-damage|p2a: Rillaboom|77/100|[from] Salt Cure
|upkeep
|turn|4
|
|t:|1758341181
|switch|p1a: Sparkuno|Zapdos|100/100
|move|p2a: Rillaboom|Wood Hammer|p1a: Sparkuno
|-resisted|p1a: Sparkuno
|-damage|p1a: Sparkuno|61/100
|-damage|p2a: Rillaboom|64/100|[from] Recoil
|
|-heal|p2a: Rillaboom|70/100|[from] Grassy Terrain
|-damage|p2a: Rillaboom|58/100|[from] Salt Cure
|upkeep
|turn|5
|
|t:|1758341195
|switch|p2a: Iron Treads|Iron Treads|100/100
|move|p1a: Sparkuno|Roost|p1a: Sparkuno
|-heal|p1a: Sparkuno|100/100
|-singleturn|p1a: Sparkuno|move: Roost
|
|upkeep
|turn|6
|
|t:|1758341202
|move|p2a: Iron Treads|Stealth Rock|p1a: Sparkuno
|-sidestart|p1: DomCat|move: Stealth Rock
|move|p1a: Sparkuno|Heat Wave|p2a: Iron Treads
|-supereffective|p2a: Iron Treads
|-damage|p2a: Iron Treads|22/100
|
|-heal|p2a: Iron Treads|28/100|[from] Grassy Terrain
|-heal|p2a: Iron Treads|34/100|[from] item: Leftovers
|upkeep
|turn|7
|
|t:|1758341214
|-end|p2a: Iron Treads|Quark Drive|[silent]
|switch|p2a: Clefable|Clefable, F|76/100
|switch|p1a: Joker 2019|Quaquaval, F|100/100
|-damage|p1a: Joker 2019|94/100|[from] Stealth Rock
|
|-heal|p1a: Joker 2019|100/100|[from] Grassy Terrain
|-heal|p2a: Clefable|82/100|[from] Grassy Terrain
|-heal|p2a: Clefable|88/100|[from] item: Leftovers
|upkeep
|turn|8
|
|t:|1758341225
|switch|p1a: Chop Chop|Gliscor, M|100/100
|-damage|p1a: Chop Chop|88/100|[from] Stealth Rock
|move|p2a: Clefable|Moonblast|p1a: Chop Chop
|-damage|p1a: Chop Chop|61/100
|
|-heal|p2a: Clefable|94/100|[from] Grassy Terrain
|-heal|p2a: Clefable|100/100|[from] item: Leftovers
|-fieldend|move: Grassy Terrain
|-status|p1a: Chop Chop|tox|[from] item: Toxic Orb
|upkeep
|turn|9
|
|t:|1758341239
|move|p1a: Chop Chop|Knock Off|p2a: Clefable
|-resisted|p2a: Clefable
|-damage|p2a: Clefable|93/100
|-enditem|p2a: Clefable|Leftovers|[from] move: Knock Off|[of] p1a: Chop Chop
|move|p2a: Clefable|Calm Mind|p2a: Clefable
|-boost|p2a: Clefable|spa|1
|-boost|p2a: Clefable|spd|1
|
|-heal|p1a: Chop Chop|73/100 tox|[from] ability: Poison Heal
|upkeep
|turn|10
|
|t:|1758341256
|move|p1a: Chop Chop|Earthquake|p2a: Clefable
|-damage|p2a: Clefable|68/100
|move|p2a: Clefable|Calm Mind|p2a: Clefable
|-boost|p2a: Clefable|spa|1
|-boost|p2a: Clefable|spd|1
|
|-heal|p1a: Chop Chop|86/100 tox|[from] ability: Poison Heal
|upkeep
|turn|11
|
|t:|1758341263
|move|p1a: Chop Chop|Earthquake|p2a: Clefable
|-damage|p2a: Clefable|42/100
|move|p2a: Clefable|Moonblast|p1a: Chop Chop
|-damage|p1a: Chop Chop|30/100 tox
|-unboost|p1a: Chop Chop|spa|1
|
|-heal|p1a: Chop Chop|42/100 tox|[from] ability: Poison Heal
|upkeep
|turn|12
|
|t:|1758341278
|switch|p1a: Himalayan Salt|Garganacl, F|100/100
|-damage|p1a: Himalayan Salt|88/100|[from] Stealth Rock
|move|p2a: Clefable|Moonlight|p2a: Clefable
|-heal|p2a: Clefable|92/100
|
|-heal|p1a: Himalayan Salt|94/100|[from] item: Leftovers
|upkeep
|turn|13
|
|t:|1758341287
|move|p2a: Clefable|Moonblast|p1a: Himalayan Salt
|-damage|p1a: Himalayan Salt|46/100
|move|p1a: Himalayan Salt|Earthquake|p2a: Clefable
|-damage|p2a: Clefable|69/100
|
|-heal|p1a: Himalayan Salt|52/100|[from] item: Leftovers
|upkeep
|turn|14
|
|t:|1758341295
|move|p2a: Clefable|Moonblast|p1a: Himalayan Salt
|-damage|p1a: Himalayan Salt|4/100
|move|p1a: Himalayan Salt|Earthquake|p2a: Clefable
|-damage|p2a: Clefable|48/100
|
|-heal|p1a: Himalayan Salt|10/100|[from] item: Leftovers
|upkeep
|turn|15
|
|t:|1758341305
|move|p2a: Clefable|Moonlight|p2a: Clefable
|-heal|p2a: Clefable|98/100
|move|p1a: Himalayan Salt|Recover|p1a: Himalayan Salt
|-heal|p1a: Himalayan Salt|60/100
|
|-heal|p1a: Himalayan Salt|66/100|[from] item: Leftovers
|upkeep
|turn|16
|
|t:|1758341313
|move|p2a: Clefable|Calm Mind|p2a: Clefable
|-boost|p2a: Clefable|spa|1
|-boost|p2a: Clefable|spd|1
|move|p1a: Himalayan Salt|Earthquake|p2a: Clefable
|-damage|p2a: Clefable|75/100
|
|-heal|p1a: Himalayan Salt|73/100|[from] item: Leftovers
|upkeep
|turn|17
|
|t:|1758341320
|move|p2a: Clefable|Moonblast|p1a: Himalayan Salt
|-damage|p1a: Himalayan Salt|11/100
|move|p1a: Himalayan Salt|Earthquake|p2a: Clefable
|-crit|p2a: Clefable
|-damage|p2a: Clefable|39/100
|
|-heal|p1a: Himalayan Salt|17/100|[from] item: Leftovers
|upkeep
|turn|18
|
|t:|1758341327
|move|p2a: Clefable|Moonlight|p2a: Clefable
|-heal|p2a: Clefable|89/100
|move|p1a: Himalayan Salt|Earthquake|p2a: Clefable
|-damage|p2a: Clefable|65/100
|
|-heal|p1a: Himalayan Salt|23/100|[from] item: Leftovers
|upkeep
|turn|19
|
|t:|1758341334
|move|p2a: Clefable|Moonblast|p1a: Himalayan Salt
|-damage|p1a: Himalayan Salt|0 fnt
|faint|p1a: Himalayan Salt
|
|upkeep
|
|t:|1758341339
|switch|p1a: Joker 2019|Quaquaval, F|100/100
|-damage|p1a: Joker 2019|94/100|[from] Stealth Rock
|turn|20
|
|t:|1758341343
|-terastallize|p1a: Joker 2019|Water
|move|p1a: Joker 2019|Aqua Step|p2a: Clefable
|-damage|p2a: Clefable|24/100
|-boost|p1a: Joker 2019|spe|1
|move|p2a: Clefable|Moonblast|p1a: Joker 2019
|-damage|p1a: Joker 2019|0 fnt
|faint|p1a: Joker 2019
|
|upkeep
|
|t:|1758341355
|switch|p1a: Boiling Dragon|Walking Wake|100/100
|-damage|p1a: Boiling Dragon|88/100|[from] Stealth Rock
|turn|21
|
|t:|1758341363
|move|p1a: Boiling Dragon|Hydro Steam|p2a: Clefable
|-damage|p2a: Clefable|2/100
|move|p2a: Clefable|Moonlight|p2a: Clefable
|-heal|p2a: Clefable|52/100
|
|upkeep
|turn|22
|c|☆DomCat|gg
|-message|DomCat forfeited.
|
|win|Coquito mojito
|raw|DomCat's rating: 1372 &rarr; <strong>1346</strong><br />(-26 for losing)
|raw|Coquito mojito's rating: 1265 &rarr; <strong>1297</strong><br />(+32 for winning)
|l|☆DomCat
|player|p1|
|l|☆Coquito mojito
|player|p2|
