|j|☆bobbydeoliscool
|j|☆KONGLIANG
|t:|1758300726
|gametype|singles
|player|p1|bobbydeoliscool|2|1404
|player|p2|KONGLIANG|steven|1392
|gen|9
|tier|[Gen 9] OU
|rated|
|rule|HP Percentage Mod: HP is shown in percentages
|rule|Endless Battle Clause: Forcing endless battles is banned
|rule|Species Clause: Limit one of each Pokémon
|rule|OHKO Clause: OHKO moves are banned
|rule|Evasion Items Clause: Evasion items are banned
|rule|Evasion Moves Clause: Evasion moves are banned
|rule|Evasion Abilities Clause: Evasion abilities are banned
|rule|Sleep Moves Clause: Sleep-inducing moves are banned
|clearpoke
|poke|p1|Moltres|
|poke|p1|Zamazenta-*|
|poke|p1|Darkrai|
|poke|p1|Hydrapple, M|
|poke|p1|Ting-Lu|
|poke|p1|Tinkaton, F|
|poke|p2|Iron Moth|
|poke|p2|Kingambit, M|
|poke|p2|Ogerpon-Wellspring, F|
|poke|p2|Glimmora, M|
|poke|p2|Ursaluna, M|
|poke|p2|Dragapult, M|
|teampreview
|inactive|Battle timer is ON: inactive players will automatically lose when time's up. (requested by bobbydeoliscool)
|
|t:|1758300757
|teamsize|p1|6
|teamsize|p2|6
|start
|switch|p1a: Tinkaton|Tinkaton, F|100/100
|switch|p2a: Dragapult|Dragapult, M|100/100
|-ability|p1a: Tinkaton|Mold Breaker
|-item|p1a: Tinkaton|Air Balloon
|turn|1
|
|t:|1758300777
|move|p2a: Dragapult|Reflect|p2a: Dragapult
|-sidestart|p2: KONGLIANG|Reflect
|move|p1a: Tinkaton|Thunder Wave|p2a: Dragapult|[miss]
|-miss|p1a: Tinkaton|p2a: Dragapult
|
|upkeep
|turn|2
|
|t:|1758300783
|move|p2a: Dragapult|Light Screen|p2a: Dragapult
|-sidestart|p2: KONGLIANG|move: Light Screen
|move|p1a: Tinkaton|Thunder Wave|p2a: Dragapult
|-status|p2a: Dragapult|par
|
|upkeep
|turn|3
|
|t:|1758300786
|move|p1a: Tinkaton|Stealth Rock|p2a: Dragapult
|-sidestart|p2: KONGLIANG|move: Stealth Rock
|move|p2a: Dragapult|Hex|p1a: Tinkaton
|-damage|p1a: Tinkaton|81/100
|-enditem|p1a: Tinkaton|Air Balloon
|
|upkeep
|turn|4
|
|t:|1758300794
|switch|p2a: Iron Moth|Iron Moth|100/100
|-damage|p2a: Iron Moth|76/100|[from] Stealth Rock
|-enditem|p2a: Iron Moth|Booster Energy
|-activate|p2a: Iron Moth|ability: Quark Drive|[fromitem]
|-start|p2a: Iron Moth|quarkdrivespe
|move|p1a: Tinkaton|Encore||[still]
|-fail|p1a: Tinkaton
|
|upkeep
|turn|5
|
|t:|1758300797
|move|p2a: Iron Moth|Substitute|p2a: Iron Moth
|-start|p2a: Iron Moth|Substitute
|-damage|p2a: Iron Moth|51/100
|move|p1a: Tinkaton|Thunder Wave||[still]
|-fail|p1a: Tinkaton
|
|upkeep
|turn|6
|
|t:|1758300799
|move|p2a: Iron Moth|Fiery Dance|p1a: Tinkaton
|-supereffective|p1a: Tinkaton
|-damage|p1a: Tinkaton|13/100
|-boost|p2a: Iron Moth|spa|1
|move|p1a: Tinkaton|Encore|p2a: Iron Moth
|-start|p2a: Iron Moth|Encore
|
|upkeep
|turn|7
|
|t:|1758300806
|switch|p1a: Moltres|Moltres|100/100
|move|p2a: Iron Moth|Fiery Dance|p1a: Moltres
|-resisted|p1a: Moltres
|-damage|p1a: Moltres|70/100
|-boost|p2a: Iron Moth|spa|1
|
|upkeep
|turn|8
|
|t:|1758300810
|move|p2a: Iron Moth|Fiery Dance|p1a: Moltres
|-resisted|p1a: Moltres
|-damage|p1a: Moltres|29/100
|move|p1a: Moltres|Roar|p2a: Iron Moth
|-end|p2a: Iron Moth|Quark Drive|[silent]
|drag|p2a: Kingambit|Kingambit, M|100/100
|-damage|p2a: Kingambit|94/100|[from] Stealth Rock
|
|-heal|p2a: Kingambit|100/100|[from] item: Leftovers
|-sideend|p2: KONGLIANG|Reflect
|upkeep
|turn|9
|
|t:|1758300817
|-end|p2a: Kingambit|fallenundefined|[silent]
|switch|p2a: Dragapult|Dragapult, M|100/100 par
|-damage|p2a: Dragapult|88/100 par|[from] Stealth Rock
|move|p1a: Moltres|Roost|p1a: Moltres
|-heal|p1a: Moltres|80/100
|-singleturn|p1a: Moltres|move: Roost
|
|-sideend|p2: KONGLIANG|move: Light Screen
|upkeep
|turn|10
|
|t:|1758300824
|switch|p1a: Tinkaton|Tinkaton, F|13/100
|-ability|p1a: Tinkaton|Mold Breaker
|cant|p2a: Dragapult|par
|
|upkeep
|turn|11
|
|t:|1758300829
|move|p1a: Tinkaton|Gigaton Hammer|p2a: Dragapult
|-damage|p2a: Dragapult|38/100 par
|-start|p1a: Tinkaton|Disable|Gigaton Hammer|[from] ability: Cursed Body|[of] p2a: Dragapult
|move|p2a: Dragapult|Light Screen|p2a: Dragapult
|-sidestart|p2: KONGLIANG|move: Light Screen
|
|upkeep
|turn|12
|
|t:|1758300845
|switch|p2a: Iron Moth|Iron Moth|51/100
|-damage|p2a: Iron Moth|26/100|[from] Stealth Rock
|move|p1a: Tinkaton|Encore||[still]
|-fail|p1a: Tinkaton
|
|upkeep
|turn|13
|
|t:|1758300854
|move|p2a: Iron Moth|Fiery Dance|p1a: Tinkaton
|-supereffective|p1a: Tinkaton
|-damage|p1a: Tinkaton|0 fnt
|-boost|p2a: Iron Moth|spa|1
|faint|p1a: Tinkaton
|
|upkeep
|
|t:|1758300862
|switch|p1a: Zamazenta|Zamazenta|100/100
|-ability|p1a: Zamazenta|Dauntless Shield|boost
|-boost|p1a: Zamazenta|def|1
|turn|14
|
|t:|1758300864
|move|p1a: Zamazenta|Crunch|p2a: Iron Moth
|-damage|p2a: Iron Moth|0 fnt
|faint|p2a: Iron Moth
|-end|p2a: Iron Moth|Quark Drive|[silent]
|
|upkeep
|inactive|KONGLIANG has 120 seconds left.
|
|t:|1758300908
|switch|p2a: Glimmora|Glimmora, M|100/100
|-damage|p2a: Glimmora|88/100|[from] Stealth Rock
|turn|15
|
|t:|1758300917
|move|p1a: Zamazenta|Heavy Slam|p2a: Glimmora
|-supereffective|p2a: Glimmora
|-damage|p2a: Glimmora|15/100
|-activate|p2a: Glimmora|ability: Toxic Debris
|-sidestart|p1: bobbydeoliscool|move: Toxic Spikes
|move|p2a: Glimmora|Mortal Spin|p1a: Zamazenta
|-damage|p1a: Zamazenta|97/100
|-status|p1a: Zamazenta|psn
|-sideend|p2: KONGLIANG|Stealth Rock|[from] move: Mortal Spin|[of] p2a: Glimmora
|
|-damage|p1a: Zamazenta|84/100 psn|[from] psn
|upkeep
|turn|16
|
|t:|1758300922
|move|p1a: Zamazenta|Close Combat|p2a: Glimmora
|-damage|p2a: Glimmora|0 fnt
|-unboost|p1a: Zamazenta|def|1
|-unboost|p1a: Zamazenta|spd|1
|-activate|p2a: Glimmora|ability: Toxic Debris
|-sidestart|p1: bobbydeoliscool|move: Toxic Spikes
|faint|p2a: Glimmora
|
|-damage|p1a: Zamazenta|72/100 psn|[from] psn
|upkeep
|
|t:|1758300932
|switch|p2a: Ogerpon|Ogerpon-Wellspring, F|100/100
|turn|17
|
|t:|1758300935
|move|p1a: Zamazenta|Close Combat|p2a: Ogerpon
|-damage|p2a: Ogerpon|21/100
|-unboost|p1a: Zamazenta|def|1
|-unboost|p1a: Zamazenta|spd|1
|move|p2a: Ogerpon|Trailblaze|p1a: Zamazenta
|-damage|p1a: Zamazenta|29/100 psn
|-boost|p2a: Ogerpon|spe|1
|
|-damage|p1a: Zamazenta|17/100 psn|[from] psn
|upkeep
|turn|18
|
|t:|1758300944
|switch|p1a: Moltres|Moltres|80/100
|move|p2a: Ogerpon|Trailblaze|p1a: Moltres
|-resisted|p1a: Moltres
|-damage|p1a: Moltres|75/100
|-boost|p2a: Ogerpon|spe|1
|
|-sideend|p2: KONGLIANG|move: Light Screen
|upkeep
|turn|19
|
|t:|1758300950
|-terastallize|p1a: Moltres|Grass
|move|p2a: Ogerpon|Ivy Cudgel|p1a: Moltres|[anim] Ivy Cudgel Water
|-resisted|p1a: Moltres
|-damage|p1a: Moltres|56/100
|move|p1a: Moltres|Flamethrower|p2a: Ogerpon
|-damage|p2a: Ogerpon|0 fnt
|faint|p2a: Ogerpon
|
|upkeep
|
|t:|1758300954
|switch|p2a: Dragapult|Dragapult, M|38/100 par
|turn|20
|
|t:|1758300957
|move|p1a: Moltres|U-turn|p2a: Dragapult
|-resisted|p2a: Dragapult
|-damage|p2a: Dragapult|30/100 par
|-start|p1a: Moltres|Disable|U-turn|[from] ability: Cursed Body|[of] p2a: Dragapult
|
|t:|1758300963
|switch|p1a: Darkrai|Darkrai, shiny|100/100|[from] U-turn
|move|p2a: Dragapult|Light Screen|p2a: Dragapult
|-sidestart|p2: KONGLIANG|move: Light Screen
|
|upkeep
|turn|21
|
|t:|1758300967
|move|p1a: Darkrai|Knock Off|p2a: Dragapult
|-supereffective|p2a: Dragapult
|-damage|p2a: Dragapult|0 fnt
|-enditem|p2a: Dragapult|Light Clay|[from] move: Knock Off|[of] p1a: Darkrai
|faint|p2a: Dragapult
|
|upkeep
|
|t:|1758300972
|switch|p2a: Kingambit|Kingambit, M|100/100
|-activate|p2a: Kingambit|ability: Supreme Overlord
|-start|p2a: Kingambit|fallen4|[silent]
|turn|22
|
|t:|1758300980
|switch|p1a: Moltres|Moltres, tera:Grass|56/100
|move|p2a: Kingambit|Swords Dance|p2a: Kingambit
|-boost|p2a: Kingambit|atk|2
|
|upkeep
|turn|23
|
|t:|1758300995
|move|p1a: Moltres|Roost|p1a: Moltres
|-heal|p1a: Moltres|100/100
|move|p2a: Kingambit|Swords Dance|p2a: Kingambit
|-boost|p2a: Kingambit|atk|2
|
|upkeep
|turn|24
|
|t:|1758300999
|move|p2a: Kingambit|Kowtow Cleave|p1a: Moltres
|-damage|p1a: Moltres|0 fnt
|-status|p2a: Kingambit|brn|[from] ability: Flame Body|[of] p1a: Moltres
|faint|p1a: Moltres
|
|-damage|p2a: Kingambit|94/100 brn|[from] brn
|upkeep
|
|t:|1758301007
|switch|p1a: Ting-Lu|Ting-Lu|100/100
|-status|p1a: Ting-Lu|tox
|-ability|p1a: Ting-Lu|Vessel of Ruin
|turn|25
|
|t:|1758301012
|-terastallize|p2a: Kingambit|Fairy
|move|p2a: Kingambit|Tera Blast|p1a: Ting-Lu|[anim] Tera Blast Fairy
|-supereffective|p1a: Ting-Lu
|-damage|p1a: Ting-Lu|0 fnt
|faint|p1a: Ting-Lu
|
|-heal|p2a: Kingambit|100/100 brn|[from] item: Leftovers
|-damage|p2a: Kingambit|94/100 brn|[from] brn
|upkeep
|
|t:|1758301027
|switch|p1a: Hydrapple|Hydrapple, M|100/100
|turn|26
|
|t:|1758301044
|move|p2a: Kingambit|Tera Blast|p1a: Hydrapple|[anim] Tera Blast Fairy
|-supereffective|p1a: Hydrapple
|-damage|p1a: Hydrapple|0 fnt
|faint|p1a: Hydrapple
|
|-heal|p2a: Kingambit|100/100 brn|[from] item: Leftovers
|-damage|p2a: Kingambit|94/100 brn|[from] brn
|upkeep
|
|t:|1758301045
|switch|p1a: Zamazenta|Zamazenta|17/100 psn
|turn|27
|
|t:|1758301048
|move|p2a: Kingambit|Sucker Punch|p1a: Zamazenta
|-resisted|p1a: Zamazenta
|-damage|p1a: Zamazenta|0 fnt
|faint|p1a: Zamazenta
|
|-heal|p2a: Kingambit|100/100 brn|[from] item: Leftovers
|-damage|p2a: Kingambit|94/100 brn|[from] brn
|-sideend|p2: KONGLIANG|move: Light Screen
|upkeep
|
|t:|1758301050
|switch|p1a: Darkrai|Darkrai, shiny|100/100
|turn|28
|
|t:|1758301053
|move|p1a: Darkrai|Sludge Bomb|p2a: Kingambit
|-supereffective|p2a: Kingambit
|-damage|p2a: Kingambit|29/100 brn
|move|p2a: Kingambit|Tera Blast|p1a: Darkrai|[anim] Tera Blast Fairy
|-supereffective|p1a: Darkrai
|-damage|p1a: Darkrai|0 fnt
|faint|p1a: Darkrai
|
|win|KONGLIANG
|raw|bobbydeoliscool's rating: 1404 &rarr; <strong>1383</strong><br />(-21 for losing)
|raw|KONGLIANG's rating: 1392 &rarr; <strong>1413</strong><br />(+21 for winning)
|l|☆bobbydeoliscool
|player|p1|
