|j|☆hardef
|j|‽obamna have dih
|t:|1758304080
|gametype|singles
|player|p1|hardef|li|1520
|player|p2|obamna have dih|170|1517
|gen|9
|tier|[Gen 9] OU
|rated|
|rule|HP Percentage Mod: HP is shown in percentages
|rule|Endless Battle Clause: Forcing endless battles is banned
|rule|Species Clause: Limit one of each Pokémon
|rule|OHKO Clause: OHKO moves are banned
|rule|Evasion Items Clause: Evasion items are banned
|rule|Evasion Moves Clause: Evasion moves are banned
|rule|Evasion Abilities Clause: Evasion abilities are banned
|rule|Sleep Moves Clause: Sleep-inducing moves are banned
|clearpoke
|poke|p1|Ludicolo, M|
|poke|p1|Pelipper, F|
|poke|p1|Barraskewda, M|
|poke|p1|Iron Crown|
|poke|p1|Great Tusk|
|poke|p1|Moltres|
|poke|p2|Kyurem|
|poke|p2|Weezing-Galar, F|
|poke|p2|Alomomola, M|
|poke|p2|Iron Valiant|
|poke|p2|Ogerpon-Wellspring, F|
|poke|p2|Zamazenta-*|
|teampreview
|inactive|Battle timer is ON: inactive players will automatically lose when time's up. (requested by hardef)
|
|t:|1758304114
|teamsize|p1|6
|teamsize|p2|6
|start
|switch|p1a: Sergio Perez|Iron Crown|100/100
|switch|p2a: Kyurem|Kyurem|100/100
|-ability|p2a: Kyurem|Pressure
|turn|1
|
|t:|1758304118
|switch|p2a: Alomomola|Alomomola, M|100/100
|move|p1a: Sergio Perez|Future Sight|p2a: Alomomola
|-start|p1a: Sergio Perez|move: Future Sight
|
|upkeep
|turn|2
|
|t:|1758304123
|move|p1a: Sergio Perez|Volt Switch|p2a: Alomomola
|-supereffective|p2a: Alomomola
|-damage|p2a: Alomomola|75/100
|
|t:|1758304126
|-end|p1a: Sergio Perez|Quark Drive|[silent]
|switch|p1a: Frida Khalo|Pelipper, F|100/100|[from] Volt Switch
|-weather|RainDance|[from] ability: Drizzle|[of] p1a: Frida Khalo
|move|p2a: Alomomola|Flip Turn|p1a: Frida Khalo
|-resisted|p1a: Frida Khalo
|-damage|p1a: Frida Khalo|91/100
|
|t:|1758304129
|switch|p2a: Kyurem|Kyurem|100/100|[from] Flip Turn
|-ability|p2a: Kyurem|Pressure
|
|-weather|RainDance|[upkeep]
|upkeep
|turn|3
|
|t:|1758304135
|switch|p1a: Sergio Perez|Iron Crown|100/100
|move|p2a: Kyurem|Freeze-Dry|p1a: Sergio Perez
|-resisted|p1a: Sergio Perez
|-damage|p1a: Sergio Perez|82/100
|
|-weather|RainDance|[upkeep]
|-end|p2a: Kyurem|move: Future Sight
|-damage|p2a: Kyurem|40/100
|upkeep
|turn|4
|
|t:|1758304143
|switch|p2a: Alomomola|Alomomola, M|100/100
|move|p1a: Sergio Perez|Future Sight|p2a: Alomomola
|-start|p1a: Sergio Perez|move: Future Sight
|
|-weather|RainDance|[upkeep]
|upkeep
|turn|5
|
|t:|1758304149
|move|p1a: Sergio Perez|Volt Switch|p2a: Alomomola
|-supereffective|p2a: Alomomola
|-damage|p2a: Alomomola|77/100
|
|t:|1758304153
|-end|p1a: Sergio Perez|Quark Drive|[silent]
|switch|p1a: El Chapo|Ludicolo, M|100/100|[from] Volt Switch
|move|p2a: Alomomola|Body Slam|p1a: El Chapo
|-damage|p1a: El Chapo|77/100
|
|-weather|RainDance|[upkeep]
|upkeep
|turn|6
|
|t:|1758304160
|move|p1a: El Chapo|Giga Drain|p2a: Alomomola
|-supereffective|p2a: Alomomola
|-damage|p2a: Alomomola|33/100
|-heal|p1a: El Chapo|100/100|[from] drain|[of] p2a: Alomomola
|-damage|p1a: El Chapo|91/100|[from] item: Life Orb
|move|p2a: Alomomola|Mirror Coat|p1a: El Chapo
|-damage|p1a: El Chapo|0 fnt
|faint|p1a: El Chapo
|
|-weather|RainDance|[upkeep]
|-end|p2a: Alomomola|move: Future Sight
|-damage|p2a: Alomomola|6/100
|upkeep
|
|t:|1758304167
|switch|p1a: Speedy Gonzales|Barraskewda, M|100/100
|turn|7
|
|t:|1758304172
|switch|p2a: Weezing|Weezing-Galar, F|100/100
|-ability|p2a: Weezing|Neutralizing Gas
|move|p1a: Speedy Gonzales|Close Combat|p2a: Weezing
|-resisted|p2a: Weezing
|-damage|p2a: Weezing|89/100
|-unboost|p1a: Speedy Gonzales|def|1
|-unboost|p1a: Speedy Gonzales|spd|1
|
|-weather|RainDance|[upkeep]
|upkeep
|turn|8
|
|t:|1758304180
|switch|p1a: Sergio Perez|Iron Crown|82/100
|move|p2a: Weezing|Will-O-Wisp|p1a: Sergio Perez
|-status|p1a: Sergio Perez|brn
|
|-weather|RainDance|[upkeep]
|-damage|p1a: Sergio Perez|76/100 brn|[from] brn
|upkeep
|turn|9
|
|t:|1758304188
|-end|p2a: Weezing|ability: Neutralizing Gas
|switch|p2a: Alomomola|Alomomola, M|39/100
|move|p1a: Sergio Perez|Future Sight|p2a: Alomomola
|-start|p1a: Sergio Perez|move: Future Sight
|
|-weather|none
|-damage|p1a: Sergio Perez|70/100 brn|[from] brn
|upkeep
|turn|10
|
|t:|1758304206
|move|p1a: Sergio Perez|Volt Switch|p2a: Alomomola
|-supereffective|p2a: Alomomola
|-damage|p2a: Alomomola|15/100
|
|t:|1758304210
|-end|p1a: Sergio Perez|Quark Drive|[silent]
|switch|p1a: Frida Khalo|Pelipper, F|91/100|[from] Volt Switch
|-weather|RainDance|[from] ability: Drizzle|[of] p1a: Frida Khalo
|move|p2a: Alomomola|Flip Turn|p1a: Frida Khalo
|-resisted|p1a: Frida Khalo
|-damage|p1a: Frida Khalo|81/100
|
|t:|1758304218
|switch|p2a: Kyurem|Kyurem|40/100|[from] Flip Turn
|-ability|p2a: Kyurem|Pressure
|
|-weather|RainDance|[upkeep]
|upkeep
|turn|11
|
|t:|1758304223
|switch|p2a: Alomomola|Alomomola, M|49/100
|switch|p1a: Moltres|Moltres|100/100
|
|-weather|RainDance|[upkeep]
|-end|p2a: Alomomola|move: Future Sight
|-damage|p2a: Alomomola|21/100
|upkeep
|turn|12
|inactive|obamna have dih has 120 seconds left.
|
|t:|1758304253
|switch|p2a: Ogerpon|Ogerpon-Wellspring, F|100/100
|move|p1a: Moltres|Hurricane|p2a: Ogerpon
|-supereffective|p2a: Ogerpon
|-damage|p2a: Ogerpon|0 fnt
|faint|p2a: Ogerpon
|
|-weather|RainDance|[upkeep]
|upkeep
|
|t:|1758304257
|switch|p2a: Zamazenta|Zamazenta|100/100
|-ability|p2a: Zamazenta|Dauntless Shield|boost
|-boost|p2a: Zamazenta|def|1
|turn|13
|
|t:|1758304264
|switch|p1a: Sergio Perez|Iron Crown|70/100 brn
|move|p2a: Zamazenta|Stone Edge|p1a: Sergio Perez|[miss]
|-miss|p2a: Zamazenta|p1a: Sergio Perez
|
|-weather|RainDance|[upkeep]
|-damage|p1a: Sergio Perez|64/100 brn|[from] brn
|upkeep
|turn|14
|
|t:|1758304279
|switch|p2a: Alomomola|Alomomola, M|54/100
|-end|p1a: Sergio Perez|Quark Drive|[silent]
|switch|p1a: Moltres|Moltres|100/100
|
|-weather|RainDance|[upkeep]
|upkeep
|turn|15
|
|t:|1758304290
|move|p1a: Moltres|Hurricane|p2a: Alomomola
|-damage|p2a: Alomomola|31/100
|move|p2a: Alomomola|Flip Turn|p1a: Moltres
|-supereffective|p1a: Moltres
|-damage|p1a: Moltres|66/100
|-status|p2a: Alomomola|brn|[from] ability: Flame Body|[of] p1a: Moltres
|inactive|obamna have dih has 120 seconds left.
|
|t:|1758304328
|switch|p2a: Kyurem|Kyurem|40/100|[from] Flip Turn
|-ability|p2a: Kyurem|Pressure
|
|-weather|RainDance|[upkeep]
|upkeep
|turn|16
|
|t:|1758304338
|move|p2a: Kyurem|Draco Meteor|p1a: Moltres
|-damage|p1a: Moltres|0 fnt
|-unboost|p2a: Kyurem|spa|2
|faint|p1a: Moltres
|
|-weather|RainDance|[upkeep]
|upkeep
|
|t:|1758304344
|switch|p1a: Sergio Perez|Iron Crown|64/100 brn
|turn|17
|
|t:|1758304352
|switch|p2a: Alomomola|Alomomola, M|65/100 brn
|move|p1a: Sergio Perez|Future Sight|p2a: Alomomola
|-start|p1a: Sergio Perez|move: Future Sight
|
|-weather|none
|-damage|p1a: Sergio Perez|58/100 brn|[from] brn
|-damage|p2a: Alomomola|59/100 brn|[from] brn
|upkeep
|turn|18
|
|t:|1758304354
|move|p1a: Sergio Perez|Volt Switch|p2a: Alomomola
|-supereffective|p2a: Alomomola
|-damage|p2a: Alomomola|35/100 brn
|
|t:|1758304358
|-end|p1a: Sergio Perez|Quark Drive|[silent]
|switch|p1a: Frida Khalo|Pelipper, F|81/100|[from] Volt Switch
|-weather|RainDance|[from] ability: Drizzle|[of] p1a: Frida Khalo
|move|p2a: Alomomola|Flip Turn|p1a: Frida Khalo
|-resisted|p1a: Frida Khalo
|-damage|p1a: Frida Khalo|77/100
|
|t:|1758304362
|switch|p2a: Kyurem|Kyurem|40/100|[from] Flip Turn
|-ability|p2a: Kyurem|Pressure
|
|-weather|RainDance|[upkeep]
|upkeep
|turn|19
|
|t:|1758304366
|switch|p2a: Alomomola|Alomomola, M|68/100 brn
|move|p1a: Frida Khalo|U-turn|p2a: Alomomola
|-damage|p2a: Alomomola|61/100 brn
|
|t:|1758304371
|switch|p1a: Speedy Gonzales|Barraskewda, M|100/100|[from] U-turn
|
|-weather|RainDance|[upkeep]
|-end|p2a: Alomomola|move: Future Sight
|-damage|p2a: Alomomola|31/100 brn
|-damage|p2a: Alomomola|25/100 brn|[from] brn
|upkeep
|turn|20
|
|t:|1758304387
|switch|p2a: Weezing|Weezing-Galar, F|89/100
|-ability|p2a: Weezing|Neutralizing Gas
|-terastallize|p1a: Speedy Gonzales|Water
|move|p1a: Speedy Gonzales|Liquidation|p2a: Weezing
|-damage|p2a: Weezing|0 fnt
|faint|p2a: Weezing
|-end|p2a: Weezing|ability: Neutralizing Gas
|
|-weather|RainDance|[upkeep]
|upkeep
|
|t:|1758304393
|switch|p2a: Zamazenta|Zamazenta|100/100
|turn|21
|
|t:|1758304405
|move|p1a: Speedy Gonzales|Liquidation|p2a: Zamazenta
|-damage|p2a: Zamazenta|0 fnt
|faint|p2a: Zamazenta
|
|-weather|RainDance|[upkeep]
|upkeep
|
|t:|1758304409
|switch|p2a: Alomomola|Alomomola, M|58/100 brn
|turn|22
|
|t:|1758304414
|switch|p1a: Del Toro|Great Tusk|100/100
|-enditem|p1a: Del Toro|Booster Energy
|-activate|p1a: Del Toro|ability: Protosynthesis|[fromitem]
|-start|p1a: Del Toro|protosynthesisatk
|move|p2a: Alomomola|Flip Turn|p1a: Del Toro
|-supereffective|p1a: Del Toro
|-damage|p1a: Del Toro|83/100
|
|t:|1758304418
|switch|p2a: Kyurem|Kyurem|40/100|[from] Flip Turn
|-ability|p2a: Kyurem|Pressure
|
|-weather|RainDance|[upkeep]
|upkeep
|turn|23
|
|t:|1758304426
|move|p2a: Kyurem|Earth Power|p1a: Del Toro
|-damage|p1a: Del Toro|12/100
|-unboost|p1a: Del Toro|spd|1
|move|p1a: Del Toro|Headlong Rush|p2a: Kyurem
|-damage|p2a: Kyurem|0 fnt
|-unboost|p1a: Del Toro|def|1
|-unboost|p1a: Del Toro|spd|1
|faint|p2a: Kyurem
|
|-weather|RainDance|[upkeep]
|upkeep
|
|t:|1758304427
|switch|p2a: Iron Valiant|Iron Valiant|100/100
|-enditem|p2a: Iron Valiant|Booster Energy
|-activate|p2a: Iron Valiant|ability: Quark Drive|[fromitem]
|-start|p2a: Iron Valiant|quarkdrivespe
|turn|24
|
|t:|1758304429
|move|p2a: Iron Valiant|Moonblast|p1a: Del Toro
|-supereffective|p1a: Del Toro
|-damage|p1a: Del Toro|0 fnt
|faint|p1a: Del Toro
|-end|p1a: Del Toro|Protosynthesis|[silent]
|
|-weather|RainDance|[upkeep]
|upkeep
|
|t:|1758304432
|switch|p1a: Speedy Gonzales|Barraskewda, M, tera:Water|100/100
|turn|25
|
|t:|1758304436
|move|p1a: Speedy Gonzales|Flip Turn|p2a: Iron Valiant
|-damage|p2a: Iron Valiant|0 fnt
|faint|p2a: Iron Valiant
|-end|p2a: Iron Valiant|Quark Drive|[silent]
|
|t:|1758304440
|switch|p1a: Sergio Perez|Iron Crown|58/100 brn|[from] Flip Turn
|
|-weather|none
|-damage|p1a: Sergio Perez|51/100 brn|[from] brn
|upkeep
|-message|obamna have dih forfeited.
|
|win|hardef
|raw|hardef's rating: 1520 &rarr; <strong>1539</strong><br />(+19 for winning)
|raw|obamna have dih's rating: 1500 &rarr; <strong>1481</strong><br />(-19 for losing)
|l|‽obamna have dih
|player|p2|
|l|☆hardef
|player|p1|
