|j|☆ItzBlue44
|j|☆Kis Vegallomas
|t:|1758361784
|gametype|singles
|player|p1|ItzBlue44|lance|1359
|player|p2|Kis Vegallomas|2|1354
|gen|9
|tier|[Gen 9] OU
|rated|
|rule|HP Percentage Mod: HP is shown in percentages
|rule|Endless Battle Clause: Forcing endless battles is banned
|rule|Species Clause: Limit one of each Pokémon
|rule|OHKO Clause: OHKO moves are banned
|rule|Evasion Items Clause: Evasion items are banned
|rule|Evasion Moves Clause: Evasion moves are banned
|rule|Evasion Abilities Clause: Evasion abilities are banned
|rule|Sleep Moves Clause: Sleep-inducing moves are banned
|clearpoke
|poke|p1|Landorus-Therian, M|
|poke|p1|Samurott-Hisui, F|
|poke|p1|Pecharunt|
|poke|p1|Scizor, M|
|poke|p1|Latios, M|
|poke|p1|Zamazenta-*|
|poke|p2|Goodra-Hisui, M|
|poke|p2|Pecharunt|
|poke|p2|Tsareena, F|
|poke|p2|Skeledirge, F|
|poke|p2|Scizor, F|
|poke|p2|Azumarill, M|
|teampreview
|inactive|Battle timer is ON: inactive players will automatically lose when time's up. (requested by ItzBlue44)
|
|t:|1758361800
|teamsize|p1|6
|teamsize|p2|6
|start
|switch|p1a: Landorus|Landorus-Therian, M|100/100
|switch|p2a: Tsareena|Tsareena, F|100/100
|-ability|p1a: Landorus|Intimidate|boost
|-unboost|p2a: Tsareena|atk|1
|turn|1
|
|t:|1758361808
|move|p1a: Landorus|U-turn|p2a: Tsareena
|-supereffective|p2a: Tsareena
|-damage|p2a: Tsareena|64/100
|
|t:|1758361810
|switch|p1a: Pecharunt|Pecharunt|100/100|[from] U-turn
|move|p2a: Tsareena|Reflect|p2a: Tsareena
|-sidestart|p2: Kis Vegallomas|Reflect
|
|upkeep
|turn|2
|
|t:|1758361818
|switch|p2a: Goodra|Goodra-Hisui, M|100/100
|move|p1a: Pecharunt|Malignant Chain|p2a: Goodra
|-immune|p2a: Goodra
|
|upkeep
|turn|3
|
|t:|1758361826
|move|p1a: Pecharunt|Parting Shot|p2a: Goodra
|-unboost|p2a: Goodra|atk|1
|-unboost|p2a: Goodra|spa|1
|
|t:|1758361828
|switch|p1a: Landorus|Landorus-Therian, M|100/100|[from] Parting Shot
|-ability|p1a: Landorus|Intimidate|boost
|-unboost|p2a: Goodra|atk|1
|move|p2a: Goodra|Dragon Pulse|p1a: Landorus
|-damage|p1a: Landorus|70/100
|
|upkeep
|turn|4
|
|t:|1758361851
|switch|p2a: Azumarill|Azumarill, M|100/100
|move|p1a: Landorus|Stealth Rock|p2a: Azumarill
|-sidestart|p2: Kis Vegallomas|move: Stealth Rock
|
|upkeep
|turn|5
|
|t:|1758361860
|switch|p1a: Pecharunt|Pecharunt|100/100
|move|p2a: Azumarill|Knock Off|p1a: Pecharunt
|-supereffective|p1a: Pecharunt
|-crit|p1a: Pecharunt
|-damage|p1a: Pecharunt|0 fnt
|-enditem|p1a: Pecharunt|Heavy-Duty Boots|[from] move: Knock Off|[of] p2a: Azumarill
|faint|p1a: Pecharunt
|
|upkeep
|
|t:|1758361890
|switch|p1a: Scizor|Scizor, M|100/100
|turn|6
|
|t:|1758361902
|move|p1a: Scizor|Swords Dance|p1a: Scizor
|-boost|p1a: Scizor|atk|2
|move|p2a: Azumarill|Knock Off|p1a: Scizor
|-damage|p1a: Scizor|28/100
|-enditem|p1a: Scizor|Heavy-Duty Boots|[from] move: Knock Off|[of] p2a: Azumarill
|
|upkeep
|turn|7
|
|t:|1758361909
|switch|p2a: Skeledirge|Skeledirge, F|100/100
|-damage|p2a: Skeledirge|76/100|[from] Stealth Rock
|move|p1a: Scizor|Bullet Punch|p2a: Skeledirge
|-resisted|p2a: Skeledirge
|-damage|p2a: Skeledirge|68/100
|
|upkeep
|turn|8
|
|t:|1758361912
|move|p1a: Scizor|Knock Off|p2a: Skeledirge
|-supereffective|p2a: Skeledirge
|-damage|p2a: Skeledirge|36/100
|-enditem|p2a: Skeledirge|Covert Cloak|[from] move: Knock Off|[of] p1a: Scizor
|move|p2a: Skeledirge|Torch Song|p1a: Scizor
|-supereffective|p1a: Scizor
|-damage|p1a: Scizor|0 fnt
|-boost|p2a: Skeledirge|spa|1
|faint|p1a: Scizor
|
|-sideend|p2: Kis Vegallomas|Reflect
|upkeep
|
|t:|1758361918
|switch|p1a: Samurott|Samurott-Hisui, F|100/100
|turn|9
|
|t:|1758361925
|-terastallize|p2a: Skeledirge|Fairy
|move|p1a: Samurott|Ceaseless Edge|p2a: Skeledirge
|-resisted|p2a: Skeledirge
|-damage|p2a: Skeledirge|17/100
|-sidestart|p2: Kis Vegallomas|Spikes
|move|p2a: Skeledirge|Slack Off|p2a: Skeledirge
|-heal|p2a: Skeledirge|67/100
|
|upkeep
|turn|10
|
|t:|1758361933
|move|p1a: Samurott|Ceaseless Edge|p2a: Skeledirge
|-resisted|p2a: Skeledirge
|-crit|p2a: Skeledirge
|-damage|p2a: Skeledirge|38/100
|-sidestart|p2: Kis Vegallomas|Spikes
|move|p2a: Skeledirge|Alluring Voice|p1a: Samurott
|-supereffective|p1a: Samurott
|-damage|p1a: Samurott|0 fnt
|faint|p1a: Samurott
|
|upkeep
|
|t:|1758361939
|switch|p1a: Latios|Latios, M|100/100
|turn|11
|
|t:|1758361942
|move|p1a: Latios|Psychic Noise|p2a: Skeledirge
|-damage|p2a: Skeledirge|0 fnt
|faint|p2a: Skeledirge
|
|upkeep
|
|t:|1758361946
|switch|p2a: Goodra|Goodra-Hisui, M|100/100
|-damage|p2a: Goodra|94/100|[from] Stealth Rock
|-damage|p2a: Goodra|78/100|[from] Spikes
|turn|12
|
|t:|1758361951
|switch|p1a: Landorus|Landorus-Therian, M|70/100
|-ability|p1a: Landorus|Intimidate|boost
|-unboost|p2a: Goodra|atk|1
|move|p2a: Goodra|Dragon Pulse|p1a: Landorus
|-damage|p1a: Landorus|24/100
|
|upkeep
|turn|13
|
|t:|1758361958
|switch|p2a: Scizor|Scizor, F|100/100
|-damage|p2a: Scizor|88/100|[from] Stealth Rock
|-damage|p2a: Scizor|72/100|[from] Spikes
|move|p1a: Landorus|Earthquake|p2a: Scizor
|-damage|p2a: Scizor|21/100
|-enditem|p2a: Scizor|Red Card|[of] p1a: Landorus
|drag|p1a: Latios|Latios, M|100/100
|
|upkeep
|turn|14
|
|t:|1758361961
|move|p2a: Scizor|Bullet Punch|p1a: Latios
|-damage|p1a: Latios|51/100
|move|p1a: Latios|Psychic Noise|p2a: Scizor
|-resisted|p2a: Scizor
|-crit|p2a: Scizor
|-damage|p2a: Scizor|0 fnt
|faint|p2a: Scizor
|
|upkeep
|
|t:|1758361965
|switch|p2a: Tsareena|Tsareena, F|64/100
|-damage|p2a: Tsareena|51/100|[from] Stealth Rock
|-damage|p2a: Tsareena|35/100|[from] Spikes
|turn|15
|
|t:|1758361968
|move|p1a: Latios|Psychic Noise|p2a: Tsareena
|-damage|p2a: Tsareena|0 fnt
|faint|p2a: Tsareena
|
|upkeep
|
|t:|1758361971
|switch|p2a: Goodra|Goodra-Hisui, M|78/100
|-damage|p2a: Goodra|72/100|[from] Stealth Rock
|-damage|p2a: Goodra|55/100|[from] Spikes
|turn|16
|
|t:|1758361987
|-terastallize|p1a: Latios|Steel
|move|p1a: Latios|Recover|p1a: Latios
|-heal|p1a: Latios|100/100
|move|p2a: Goodra|Dragon Pulse|p1a: Latios
|-resisted|p1a: Latios
|-damage|p1a: Latios|77/100
|
|upkeep
|turn|17
|
|t:|1758361991
|move|p1a: Latios|Calm Mind|p1a: Latios
|-boost|p1a: Latios|spa|1
|-boost|p1a: Latios|spd|1
|move|p2a: Goodra|Fire Blast|p1a: Latios
|-supereffective|p1a: Latios
|-damage|p1a: Latios|21/100
|
|upkeep
|turn|18
|
|t:|1758361997
|move|p1a: Latios|Recover|p1a: Latios
|-heal|p1a: Latios|71/100
|move|p2a: Goodra|Fire Blast|p1a: Latios
|-supereffective|p1a: Latios
|-damage|p1a: Latios|22/100
|
|upkeep
|turn|19
|
|t:|1758362003
|switch|p2a: Azumarill|Azumarill, M|100/100
|-damage|p2a: Azumarill|88/100|[from] Stealth Rock
|-damage|p2a: Azumarill|72/100|[from] Spikes
|move|p1a: Latios|Draco Meteor|p2a: Azumarill
|-immune|p2a: Azumarill
|
|upkeep
|turn|20
|
|t:|1758362009
|switch|p1a: Landorus|Landorus-Therian, M|24/100
|-ability|p1a: Landorus|Intimidate|boost
|-unboost|p2a: Azumarill|atk|1
|move|p2a: Azumarill|Liquidation|p1a: Landorus
|-supereffective|p1a: Landorus
|-damage|p1a: Landorus|0 fnt
|-damage|p2a: Azumarill|55/100|[from] item: Rocky Helmet|[of] p1a: Landorus
|faint|p1a: Landorus
|
|upkeep
|
|t:|1758362011
|switch|p1a: Latios|Latios, M, tera:Steel|22/100
|turn|21
|
|t:|1758362015
|move|p1a: Latios|Psychic Noise|p2a: Azumarill
|-damage|p2a: Azumarill|7/100
|-start|p2a: Azumarill|move: Heal Block
|move|p2a: Azumarill|Liquidation|p1a: Latios
|-damage|p1a: Latios|0 fnt
|faint|p1a: Latios
|
|upkeep
|
|t:|1758362019
|switch|p1a: Zamazenta|Zamazenta|100/100
|-ability|p1a: Zamazenta|Dauntless Shield|boost
|-boost|p1a: Zamazenta|def|1
|turn|22
|
|t:|1758362028
|move|p1a: Zamazenta|Iron Defense|p1a: Zamazenta
|-boost|p1a: Zamazenta|def|2
|move|p2a: Azumarill|Liquidation|p1a: Zamazenta
|-damage|p1a: Zamazenta|85/100
|
|-heal|p1a: Zamazenta|91/100|[from] item: Leftovers
|-end|p2a: Azumarill|move: Heal Block
|upkeep
|turn|23
|
|t:|1758362031
|move|p1a: Zamazenta|Crunch|p2a: Azumarill
|-resisted|p2a: Azumarill
|-damage|p2a: Azumarill|0 fnt
|faint|p2a: Azumarill
|
|-heal|p1a: Zamazenta|97/100|[from] item: Leftovers
|upkeep
|
|t:|1758362034
|switch|p2a: Pecharunt|Pecharunt|100/100
|-damage|p2a: Pecharunt|88/100|[from] Stealth Rock
|-damage|p2a: Pecharunt|72/100|[from] Spikes
|turn|24
|
|t:|1758362036
|move|p1a: Zamazenta|Crunch|p2a: Pecharunt
|-supereffective|p2a: Pecharunt
|-damage|p2a: Pecharunt|45/100
|-enditem|p2a: Pecharunt|Weakness Policy
|-boost|p2a: Pecharunt|atk|2|[from] item: Weakness Policy
|-boost|p2a: Pecharunt|spa|2|[from] item: Weakness Policy
|move|p2a: Pecharunt|Malignant Chain|p1a: Zamazenta
|-damage|p1a: Zamazenta|19/100
|-status|p1a: Zamazenta|tox
|-start|p1a: Zamazenta|confusion|[from] ability: Poison Puppeteer|[of] p2a: Pecharunt
|
|-heal|p1a: Zamazenta|25/100 tox|[from] item: Leftovers
|-damage|p1a: Zamazenta|19/100 tox|[from] psn
|upkeep
|turn|25
|
|t:|1758362044
|-activate|p1a: Zamazenta|confusion
|-damage|p1a: Zamazenta|16/100 tox|[from] confusion
|move|p2a: Pecharunt|Recover|p2a: Pecharunt
|-heal|p2a: Pecharunt|95/100
|
|-heal|p1a: Zamazenta|22/100 tox|[from] item: Leftovers
|-damage|p1a: Zamazenta|10/100 tox|[from] psn
|upkeep
|turn|26
|
|t:|1758362047
|-activate|p1a: Zamazenta|confusion
|move|p1a: Zamazenta|Crunch|p2a: Pecharunt
|-supereffective|p2a: Pecharunt
|-crit|p2a: Pecharunt
|-damage|p2a: Pecharunt|54/100
|move|p2a: Pecharunt|Shadow Ball|p1a: Zamazenta
|-damage|p1a: Zamazenta|0 fnt
|faint|p1a: Zamazenta
|
|win|Kis Vegallomas
|raw|ItzBlue44's rating: 1359 &rarr; <strong>1339</strong><br />(-20 for losing)
|raw|Kis Vegallomas's rating: 1354 &rarr; <strong>1374</strong><br />(+20 for winning)
|l|☆ItzBlue44
|player|p1|
|l|☆Kis Vegallomas
|player|p2|
