|j|‽K4R0007_0
|j|☆PokeBlaze17
|t:|1758298809
|gametype|singles
|player|p1|K4R0007_0|colress|1178
|player|p2|PokeBlaze17|cheren-gen5bw2|1217
|gen|9
|tier|[Gen 9] OU
|rated|
|rule|HP Percentage Mod: HP is shown in percentages
|rule|Endless Battle Clause: Forcing endless battles is banned
|rule|Species Clause: Limit one of each Pokémon
|rule|OHKO Clause: OHKO moves are banned
|rule|Evasion Items Clause: Evasion items are banned
|rule|Evasion Moves Clause: Evasion moves are banned
|rule|Evasion Abilities Clause: Evasion abilities are banned
|rule|Sleep Moves Clause: Sleep-inducing moves are banned
|clearpoke
|poke|p1|Corviknight, F|
|poke|p1|Landorus-Therian, M|
|poke|p1|Meowscarada, M|
|poke|p1|Kyurem|
|poke|p1|Great Tusk|
|poke|p1|Dragapult, F|
|poke|p2|Clefable, F|
|poke|p2|Sableye, M|
|poke|p2|Haxorus, M|
|poke|p2|Glimmora, F|
|poke|p2|Kilowattrel, F|
|poke|p2|Komala, M|
|teampreview
|inactive|Battle timer is ON: inactive players will automatically lose when time's up. (requested by PokeBlaze17)
|
|t:|1758298817
|teamsize|p1|6
|teamsize|p2|6
|start
|switch|p1a: Kyurem|Kyurem|100/100
|switch|p2a: Glimmora|Glimmora, F, shiny|100/100
|-ability|p1a: Kyurem|Pressure
|turn|1
|
|t:|1758298827
|move|p2a: Glimmora|Stealth Rock|p1a: Kyurem
|-sidestart|p1: K4R0007_0|move: Stealth Rock
|move|p1a: Kyurem|Substitute|p1a: Kyurem
|-start|p1a: Kyurem|Substitute
|-damage|p1a: Kyurem|76/100
|
|upkeep
|turn|2
|
|t:|1758298835
|move|p2a: Glimmora|Meteor Beam||[still]
|-prepare|p2a: Glimmora|Meteor Beam
|-boost|p2a: Glimmora|spa|1
|-enditem|p2a: Glimmora|Power Herb
|-anim|p2a: Glimmora|Meteor Beam|p1a: Kyurem
|-supereffective|p1a: Kyurem
|-end|p1a: Kyurem|Substitute
|move|p1a: Kyurem|Dragon Dance|p1a: Kyurem
|-boost|p1a: Kyurem|atk|1
|-boost|p1a: Kyurem|spe|1
|
|upkeep
|turn|3
|
|t:|1758298846
|move|p1a: Kyurem|Substitute|p1a: Kyurem
|-start|p1a: Kyurem|Substitute
|-damage|p1a: Kyurem|51/100
|move|p2a: Glimmora|Mortal Spin|p1a: Kyurem
|-activate|p1a: Kyurem|move: Substitute|[damage]
|
|upkeep
|turn|4
|
|t:|1758298852
|move|p1a: Kyurem|Dragon Dance|p1a: Kyurem
|-boost|p1a: Kyurem|atk|1
|-boost|p1a: Kyurem|spe|1
|move|p2a: Glimmora|Energy Ball|p1a: Kyurem
|-resisted|p1a: Kyurem
|-activate|p1a: Kyurem|move: Substitute|[damage]
|
|upkeep
|turn|5
|
|t:|1758298862
|switch|p2a: Sableye|Sableye, M|100/100
|move|p1a: Kyurem|Dragon Dance|p1a: Kyurem
|-boost|p1a: Kyurem|atk|1
|-boost|p1a: Kyurem|spe|1
|
|upkeep
|turn|6
|
|t:|1758298870
|-terastallize|p1a: Kyurem|Ice
|move|p2a: Sableye|Encore|p1a: Kyurem
|-start|p1a: Kyurem|Encore
|move|p1a: Kyurem|Dragon Dance|p1a: Kyurem
|-boost|p1a: Kyurem|atk|1
|-boost|p1a: Kyurem|spe|1
|
|upkeep
|turn|7
|
|t:|1758298879
|move|p1a: Kyurem|Dragon Dance|p1a: Kyurem
|-boost|p1a: Kyurem|atk|1
|-boost|p1a: Kyurem|spe|1
|move|p2a: Sableye|Foul Play|p1a: Kyurem
|-end|p1a: Kyurem|Substitute
|
|upkeep
|turn|8
|
|t:|1758298890
|switch|p1a: Meowscarada|Meowscarada, M|100/100
|-damage|p1a: Meowscarada|88/100|[from] Stealth Rock
|move|p2a: Sableye|Foul Play|p1a: Meowscarada
|-resisted|p1a: Meowscarada
|-damage|p1a: Meowscarada|67/100
|
|upkeep
|turn|9
|
|t:|1758298906
|move|p2a: Sableye|Reflect|p2a: Sableye
|-sidestart|p2: PokeBlaze17|Reflect
|move|p1a: Meowscarada|Shadow Ball|p2a: Sableye
|-start|p1a: Meowscarada|typechange|Ghost|[from] ability: Protean
|-damage|p2a: Sableye|15/100
|-unboost|p2a: Sableye|spd|1
|
|upkeep
|turn|10
|
|t:|1758298919
|switch|p1a: Dragapult|Dragapult, F|100/100
|-damage|p1a: Dragapult|88/100|[from] Stealth Rock
|move|p2a: Sableye|Light Screen|p2a: Sableye
|-sidestart|p2: PokeBlaze17|move: Light Screen
|
|-heal|p1a: Dragapult|94/100|[from] item: Leftovers
|upkeep
|turn|11
|
|t:|1758298928
|move|p1a: Dragapult|Dragon Darts|p2a: Sableye
|-damage|p2a: Sableye|1/100
|-anim|p1a: Dragapult|Dragon Darts|p2a: Sableye
|-damage|p2a: Sableye|0 fnt
|faint|p2a: Sableye
|
|-heal|p1a: Dragapult|99/100|[from] item: Leftovers
|upkeep
|
|t:|1758298947
|switch|p2a: Glimmora|Glimmora, F, shiny|100/100
|turn|12
|
|t:|1758298955
|move|p1a: Dragapult|Dragon Dance|p1a: Dragapult
|-boost|p1a: Dragapult|atk|1
|-boost|p1a: Dragapult|spe|1
|move|p2a: Glimmora|Mortal Spin|p1a: Dragapult
|-resisted|p1a: Dragapult
|-damage|p1a: Dragapult|96/100
|-status|p1a: Dragapult|psn
|
|-heal|p1a: Dragapult|100/100 psn|[from] item: Leftovers
|-damage|p1a: Dragapult|88/100 psn|[from] psn
|upkeep
|turn|13
|
|t:|1758298977
|move|p1a: Dragapult|Dragon Dance|p1a: Dragapult
|-boost|p1a: Dragapult|atk|1
|-boost|p1a: Dragapult|spe|1
|move|p2a: Glimmora|Meteor Beam||[still]
|-prepare|p2a: Glimmora|Meteor Beam
|-boost|p2a: Glimmora|spa|1
|
|-heal|p1a: Dragapult|94/100 psn|[from] item: Leftovers
|-damage|p1a: Dragapult|82/100 psn|[from] psn
|upkeep
|turn|14
|
|t:|1758298987
|move|p1a: Dragapult|Dragon Darts|p2a: Glimmora
|-damage|p2a: Glimmora|75/100
|-activate|p2a: Glimmora|ability: Toxic Debris
|-sidestart|p1: K4R0007_0|move: Toxic Spikes
|-anim|p1a: Dragapult|Dragon Darts|p2a: Glimmora
|-damage|p2a: Glimmora|48/100
|-activate|p2a: Glimmora|ability: Toxic Debris
|-sidestart|p1: K4R0007_0|move: Toxic Spikes
|move|p2a: Glimmora|Meteor Beam|p1a: Dragapult|[from] lockedmove|[miss]
|-miss|p2a: Glimmora|p1a: Dragapult
|
|-heal|p1a: Dragapult|88/100 psn|[from] item: Leftovers
|-damage|p1a: Dragapult|76/100 psn|[from] psn
|upkeep
|turn|15
|inactive|PokeBlaze17 has 120 seconds left.
|
|t:|1758299004
|move|p1a: Dragapult|Dragon Darts|p2a: Glimmora
|-damage|p2a: Glimmora|22/100
|-anim|p1a: Dragapult|Dragon Darts|p2a: Glimmora
|-damage|p2a: Glimmora|0 fnt
|faint|p2a: Glimmora
|
|-heal|p1a: Dragapult|82/100 psn|[from] item: Leftovers
|-damage|p1a: Dragapult|69/100 psn|[from] psn
|upkeep
|inactive|PokeBlaze17 has 120 seconds left.
|
|t:|1758299014
|switch|p2a: Komala|Komala, M, shiny|100/100
|-ability|p2a: Komala|Comatose
|turn|16
|
|t:|1758299020
|-terastallize|p2a: Komala|Dark
|move|p2a: Komala|Sucker Punch|p1a: Dragapult
|-supereffective|p1a: Dragapult
|-damage|p1a: Dragapult|0 fnt
|faint|p1a: Dragapult
|
|-sideend|p2: PokeBlaze17|Reflect
|upkeep
|
|t:|1758299027
|switch|p1a: Kyurem|Kyurem, tera:Ice|51/100
|-damage|p1a: Kyurem|26/100|[from] Stealth Rock
|-status|p1a: Kyurem|tox
|-ability|p1a: Kyurem|Pressure
|turn|17
|
|t:|1758299036
|move|p1a: Kyurem|Scale Shot|p2a: Komala
|-damage|p2a: Komala|79/100
|-damage|p2a: Komala|58/100
|-damage|p2a: Komala|37/100
|-damage|p2a: Komala|15/100
|-hitcount|p2a: Komala|4
|-unboost|p1a: Kyurem|def|1
|-boost|p1a: Kyurem|spe|1
|-enditem|p2a: Komala|Mirror Herb
|-boost|p2a: Komala|spe|1|[from] item: Mirror Herb
|move|p2a: Komala|Bulk Up|p2a: Komala
|-boost|p2a: Komala|atk|1
|-boost|p2a: Komala|def|1
|
|-damage|p1a: Kyurem|20/100 tox|[from] psn
|-sideend|p2: PokeBlaze17|move: Light Screen
|upkeep
|turn|18
|
|t:|1758299053
|move|p2a: Komala|Sucker Punch||[still]
|-fail|p2a: Komala
|move|p1a: Kyurem|Substitute|p1a: Kyurem
|-fail|p1a: Kyurem|move: Substitute|[weak]
|
|-damage|p1a: Kyurem|8/100 tox|[from] psn
|upkeep
|turn|19
|
|t:|1758299062
|move|p2a: Komala|Sucker Punch||[still]
|-fail|p2a: Komala
|move|p1a: Kyurem|Substitute|p1a: Kyurem
|-fail|p1a: Kyurem|move: Substitute|[weak]
|
|-damage|p1a: Kyurem|0 fnt|[from] psn
|faint|p1a: Kyurem
|upkeep
|
|t:|1758299069
|switch|p1a: Meowscarada|Meowscarada, M|67/100
|-damage|p1a: Meowscarada|54/100|[from] Stealth Rock
|-status|p1a: Meowscarada|tox
|turn|20
|
|t:|1758299075
|move|p1a: Meowscarada|Power Gem|p2a: Komala
|-start|p1a: Meowscarada|typechange|Rock|[from] ability: Protean
|-damage|p2a: Komala|0 fnt
|faint|p2a: Komala
|
|-damage|p1a: Meowscarada|48/100 tox|[from] psn
|upkeep
|
|t:|1758299091
|switch|p2a: Haxorus|Haxorus, M, shiny|100/100
|-ability|p2a: Haxorus|Mold Breaker
|turn|21
|
|t:|1758299097
|switch|p1a: Corviknight|Corviknight, F|100/100
|-ability|p1a: Corviknight|Pressure
|switch|p2a: Kilowattrel|Kilowattrel, F, shiny|100/100
|
|upkeep
|turn|22
|
|t:|1758299105
|move|p2a: Kilowattrel|Substitute|p2a: Kilowattrel
|-start|p2a: Kilowattrel|Substitute
|-damage|p2a: Kilowattrel|76/100
|move|p1a: Corviknight|U-turn|p2a: Kilowattrel
|-resisted|p2a: Kilowattrel
|-activate|p2a: Kilowattrel|move: Substitute|[damage]
|
|t:|1758299111
|switch|p1a: Great Tusk|Great Tusk|100/100|[from] U-turn
|-damage|p1a: Great Tusk|98/100|[from] Stealth Rock
|-status|p1a: Great Tusk|tox
|-enditem|p1a: Great Tusk|Booster Energy
|-activate|p1a: Great Tusk|ability: Protosynthesis|[fromitem]
|-start|p1a: Great Tusk|protosynthesisatk
|
|-damage|p1a: Great Tusk|91/100 tox|[from] psn
|upkeep
|turn|23
|
|t:|1758299122
|move|p2a: Kilowattrel|Air Slash|p1a: Great Tusk
|-supereffective|p1a: Great Tusk
|-damage|p1a: Great Tusk|0 fnt
|faint|p1a: Great Tusk
|-end|p1a: Great Tusk|Protosynthesis|[silent]
|
|upkeep
|-message|K4R0007_0 forfeited.
|
|win|PokeBlaze17
|raw|K4R0007_0's rating: 1178 &rarr; <strong>1156</strong><br />(-22 for losing)
|raw|PokeBlaze17's rating: 1217 &rarr; <strong>1239</strong><br />(+22 for winning)
|l|☆PokeBlaze17
|player|p2|
