|j|☆brobrubro
|j|☆David Watts
|inactive|Battle timer is ON: inactive players will automatically lose when time's up.
|t:|1758251908
|gametype|singles
|player|p1|brobrubro|swimmerf-gen4dp|
|player|p2|David Watts|bugcatcher-gen4dp|
|gen|9
|tier|[Gen 9] OU
|rated|Tournament battle
|rule|HP Percentage Mod: HP is shown in percentages
|rule|Endless Battle Clause: Forcing endless battles is banned
|rule|Species Clause: Limit one of each Pokémon
|rule|OHKO Clause: OHKO moves are banned
|rule|Evasion Items Clause: Evasion items are banned
|rule|Evasion Moves Clause: Evasion moves are banned
|rule|Evasion Abilities Clause: Evasion abilities are banned
|rule|Sleep Moves Clause: Sleep-inducing moves are banned
|clearpoke
|poke|p1|Kyurem|
|poke|p1|Great Tusk|
|poke|p1|Ogerpon-Wellspring, F|
|poke|p1|Deoxys-Speed|
|poke|p1|Moltres|
|poke|p1|Kingambit, F|
|poke|p2|Gholdengo|
|poke|p2|Dondozo, M|
|poke|p2|Ting-Lu|
|poke|p2|Dragonite, F|
|poke|p2|Meowscarada, F|
|poke|p2|Moltres|
|teampreview
|c|☆David Watts|hf
|inactive|brobrubro has 120 seconds left.
|inactive|David Watts has 120 seconds left.
|c|☆brobrubro|you too!
|
|t:|1758251967
|teamsize|p1|6
|teamsize|p2|6
|start
|switch|p1a: Ogerpon|Ogerpon-Wellspring, F|100/100
|switch|p2a: Ting-Lu|Ting-Lu|100/100
|-ability|p2a: Ting-Lu|Vessel of Ruin
|turn|1
|
|t:|1758251994
|switch|p2a: Dondozo|Dondozo, M|100/100
|move|p1a: Ogerpon|Ivy Cudgel|p2a: Dondozo|[anim] Ivy Cudgel Water
|-resisted|p2a: Dondozo
|-damage|p2a: Dondozo|86/100
|
|upkeep
|turn|2
|inactive|David Watts has 120 seconds left.
|
|t:|1758252015
|switch|p2a: Meowscarada|Meowscarada, F|100/100
|move|p1a: Ogerpon|Knock Off|p2a: Meowscarada
|-resisted|p2a: Meowscarada
|-damage|p2a: Meowscarada|69/100
|-enditem|p2a: Meowscarada|Heavy-Duty Boots|[from] move: Knock Off|[of] p1a: Ogerpon
|
|upkeep
|turn|3
|
|t:|1758252023
|switch|p1a: Moltres|Moltres|100/100
|move|p2a: Meowscarada|U-turn|p1a: Moltres
|-start|p2a: Meowscarada|typechange|Bug|[from] ability: Protean
|-resisted|p1a: Moltres
|-damage|p1a: Moltres|94/100
|inactive|David Watts has 120 seconds left.
|
|t:|1758252045
|switch|p2a: Ting-Lu|Ting-Lu|100/100|[from] U-turn
|-ability|p2a: Ting-Lu|Vessel of Ruin
|
|upkeep
|turn|4
|
|t:|1758252051
|move|p1a: Moltres|U-turn|p2a: Ting-Lu
|-supereffective|p2a: Ting-Lu
|-damage|p2a: Ting-Lu|85/100
|-enditem|p2a: Ting-Lu|Red Card|[of] p1a: Moltres
|drag|p1a: Great Tusk|Great Tusk|100/100
|move|p2a: Ting-Lu|Stealth Rock|p1a: Great Tusk
|-sidestart|p1: brobrubro|move: Stealth Rock
|
|upkeep
|turn|5
|inactive|David Watts has 120 seconds left.
|
|t:|1758252076
|-end|p1a: Great Tusk|Protosynthesis|[silent]
|switch|p1a: Ogerpon|Ogerpon-Wellspring, F|100/100
|-damage|p1a: Ogerpon|88/100|[from] Stealth Rock
|switch|p2a: Moltres|Moltres|100/100
|
|upkeep
|turn|6
|
|t:|1758252087
|move|p1a: Ogerpon|Spikes|p2a: Moltres
|-sidestart|p2: David Watts|Spikes
|move|p2a: Moltres|Will-O-Wisp|p1a: Ogerpon
|-status|p1a: Ogerpon|brn
|
|-damage|p1a: Ogerpon|82/100 brn|[from] brn
|upkeep
|turn|7
|
|t:|1758252102
|move|p1a: Ogerpon|Knock Off|p2a: Moltres
|-damage|p2a: Moltres|86/100
|-enditem|p2a: Moltres|Heavy-Duty Boots|[from] move: Knock Off|[of] p1a: Ogerpon
|move|p2a: Moltres|U-turn|p1a: Ogerpon
|-supereffective|p1a: Ogerpon
|-crit|p1a: Ogerpon
|-damage|p1a: Ogerpon|22/100 brn
|inactive|David Watts has 120 seconds left.
|
|t:|1758252134
|switch|p2a: Meowscarada|Meowscarada, F|69/100|[from] U-turn
|-damage|p2a: Meowscarada|57/100|[from] Spikes
|
|-damage|p1a: Ogerpon|16/100 brn|[from] brn
|upkeep
|turn|8
|
|t:|1758252152
|switch|p1a: Great Tusk|Great Tusk|100/100
|-damage|p1a: Great Tusk|98/100|[from] Stealth Rock
|move|p2a: Meowscarada|Knock Off|p1a: Great Tusk
|-start|p2a: Meowscarada|typechange|Dark|[from] ability: Protean
|-resisted|p1a: Great Tusk
|-damage|p1a: Great Tusk|84/100
|-damage|p2a: Meowscarada|40/100|[from] item: Rocky Helmet|[of] p1a: Great Tusk
|-enditem|p1a: Great Tusk|Rocky Helmet|[from] move: Knock Off|[of] p2a: Meowscarada
|
|upkeep
|turn|9
|
|t:|1758252168
|move|p2a: Meowscarada|Flower Trick|p1a: Great Tusk
|-supereffective|p1a: Great Tusk
|-crit|p1a: Great Tusk
|-damage|p1a: Great Tusk|43/100
|move|p1a: Great Tusk|Headlong Rush|p2a: Meowscarada
|-damage|p2a: Meowscarada|0 fnt
|-unboost|p1a: Great Tusk|def|1
|-unboost|p1a: Great Tusk|spd|1
|faint|p2a: Meowscarada
|
|upkeep
|inactive|David Watts has 90 seconds left.
|
|t:|1758252202
|switch|p2a: Gholdengo|Gholdengo|100/100
|turn|10
|
|t:|1758252219
|-end|p1a: Great Tusk|Protosynthesis|[silent]
|switch|p1a: Kingambit|Kingambit, F|100/100
|-damage|p1a: Kingambit|94/100|[from] Stealth Rock
|move|p2a: Gholdengo|Shadow Ball|p1a: Kingambit
|-resisted|p1a: Kingambit
|-damage|p1a: Kingambit|78/100
|
|-heal|p1a: Kingambit|84/100|[from] item: Leftovers
|upkeep
|turn|11
|
|t:|1758252232
|switch|p2a: Moltres|Moltres|86/100
|move|p1a: Kingambit|Kowtow Cleave|p2a: Moltres
|-damage|p2a: Moltres|50/100
|
|-heal|p1a: Kingambit|90/100|[from] item: Leftovers
|upkeep
|turn|12
|
|t:|1758252242
|-end|p1a: Kingambit|fallenundefined|[silent]
|switch|p1a: Moltres|Moltres|94/100
|move|p2a: Moltres|Roost|p2a: Moltres
|-heal|p2a: Moltres|99/100
|-singleturn|p2a: Moltres|move: Roost
|
|upkeep
|turn|13
|
|t:|1758252253
|move|p2a: Moltres|Flamethrower|p1a: Moltres
|-resisted|p1a: Moltres
|-damage|p1a: Moltres|77/100
|move|p1a: Moltres|U-turn|p2a: Moltres
|-resisted|p2a: Moltres
|-damage|p2a: Moltres|98/100
|
|t:|1758252263
|switch|p1a: Deoxys|Deoxys-Speed|100/100|[from] U-turn
|-ability|p1a: Deoxys|Pressure
|
|upkeep
|turn|14
|
|t:|1758252275
|move|p1a: Deoxys|Stealth Rock|p2a: Moltres
|-sidestart|p2: David Watts|move: Stealth Rock
|move|p2a: Moltres|U-turn|p1a: Deoxys
|-supereffective|p1a: Deoxys
|-damage|p1a: Deoxys|57/100
|inactive|David Watts has 90 seconds left.
|
|t:|1758252291
|switch|p2a: Ting-Lu|Ting-Lu|85/100|[from] U-turn
|-damage|p2a: Ting-Lu|73/100|[from] Spikes
|-damage|p2a: Ting-Lu|67/100|[from] Stealth Rock
|-ability|p2a: Ting-Lu|Vessel of Ruin
|
|upkeep
|turn|15
|
|t:|1758252319
|move|p1a: Deoxys|Superpower|p2a: Ting-Lu
|-supereffective|p2a: Ting-Lu
|-damage|p2a: Ting-Lu|29/100
|-unboost|p1a: Deoxys|atk|1
|-unboost|p1a: Deoxys|def|1
|move|p2a: Ting-Lu|Spikes|p1a: Deoxys
|-sidestart|p1: brobrubro|Spikes
|
|upkeep
|turn|16
|inactive|brobrubro has 120 seconds left.
|
|t:|1758252339
|switch|p1a: Great Tusk|Great Tusk|43/100
|-damage|p1a: Great Tusk|40/100|[from] Stealth Rock
|-damage|p1a: Great Tusk|28/100|[from] Spikes
|move|p2a: Ting-Lu|Spikes|p1a: Great Tusk
|-sidestart|p1: brobrubro|Spikes
|
|upkeep
|turn|17
|
|t:|1758252346
|-terastallize|p2a: Ting-Lu|Ghost
|move|p1a: Great Tusk|Rapid Spin|p2a: Ting-Lu
|-immune|p2a: Ting-Lu
|move|p2a: Ting-Lu|Spikes|p1a: Great Tusk
|-sidestart|p1: brobrubro|Spikes
|
|upkeep
|turn|18
|inactive|brobrubro has 120 seconds left.
|inactive|David Watts has 90 seconds left.
|inactive|David Watts has 60 seconds left.
|
|t:|1758252405
|-end|p1a: Great Tusk|Protosynthesis|[silent]
|switch|p1a: Moltres|Moltres|77/100
|move|p2a: Ting-Lu|Whirlwind|p1a: Moltres
|drag|p1a: Kingambit|Kingambit, F|90/100
|-damage|p1a: Kingambit|84/100|[from] Stealth Rock
|-damage|p1a: Kingambit|59/100|[from] Spikes
|
|-heal|p1a: Kingambit|65/100|[from] item: Leftovers
|upkeep
|turn|19
|
|t:|1758252415
|switch|p2a: Moltres|Moltres|98/100
|-damage|p2a: Moltres|48/100|[from] Stealth Rock
|move|p1a: Kingambit|Kowtow Cleave|p2a: Moltres
|-damage|p2a: Moltres|15/100
|
|-heal|p1a: Kingambit|71/100|[from] item: Leftovers
|upkeep
|turn|20
|inactive|brobrubro has 90 seconds left.
|
|t:|1758252437
|-end|p1a: Kingambit|fallenundefined|[silent]
|switch|p1a: Moltres|Moltres|77/100
|move|p2a: Moltres|Roost|p2a: Moltres
|-heal|p2a: Moltres|65/100
|-singleturn|p2a: Moltres|move: Roost
|
|upkeep
|turn|21
|
|t:|1758252446
|move|p1a: Moltres|Hurricane|p2a: Moltres
|-damage|p2a: Moltres|15/100
|move|p2a: Moltres|Roost|p2a: Moltres
|-heal|p2a: Moltres|65/100
|-singleturn|p2a: Moltres|move: Roost
|
|upkeep
|turn|22
|
|t:|1758252459
|move|p1a: Moltres|U-turn|p2a: Moltres
|-resisted|p2a: Moltres
|-damage|p2a: Moltres|63/100
|inactive|brobrubro has 90 seconds left.
|
|t:|1758252475
|switch|p1a: Deoxys|Deoxys-Speed|57/100|[from] U-turn
|-ability|p1a: Deoxys|Pressure
|move|p2a: Moltres|Roost|p2a: Moltres
|-heal|p2a: Moltres|100/100
|-singleturn|p2a: Moltres|move: Roost
|
|upkeep
|turn|23
|inactive|brobrubro has 90 seconds left.
|inactive|David Watts has 90 seconds left.
|
|t:|1758252496
|move|p1a: Deoxys|Thunder Wave|p2a: Moltres
|-status|p2a: Moltres|par
|move|p2a: Moltres|Roost||[still]
|-fail|p2a: Moltres|heal
|
|upkeep
|turn|24
|inactive|brobrubro has 90 seconds left.
|
|t:|1758252503
|switch|p1a: Moltres|Moltres|77/100
|move|p2a: Moltres|Flamethrower|p1a: Moltres
|-resisted|p1a: Moltres
|-damage|p1a: Moltres|57/100
|
|upkeep
|turn|25
|inactive|David Watts has 90 seconds left.
|inactive|brobrubro has 90 seconds left.
|
|t:|1758252518
|switch|p2a: Gholdengo|Gholdengo|100/100
|move|p1a: Moltres|Roost|p1a: Moltres
|-heal|p1a: Moltres|100/100
|-singleturn|p1a: Moltres|move: Roost
|
|upkeep
|turn|26
|inactive|David Watts has 60 seconds left.
|inactive|brobrubro has 90 seconds left.
|
|t:|1758252568
|move|p1a: Moltres|Overheat|p2a: Gholdengo
|-supereffective|p2a: Gholdengo
|-damage|p2a: Gholdengo|0 fnt
|-unboost|p1a: Moltres|spa|2
|faint|p2a: Gholdengo
|
|upkeep
|
|t:|1758252579
|switch|p2a: Moltres|Moltres|100/100 par
|-damage|p2a: Moltres|51/100 par|[from] Stealth Rock
|turn|27
|inactive|brobrubro has 90 seconds left.
|
|t:|1758252584
|move|p1a: Moltres|U-turn|p2a: Moltres
|-resisted|p2a: Moltres
|-damage|p2a: Moltres|48/100 par
|inactive|brobrubro has 90 seconds left.
|c|☆David Watts|i was gonna scout the fire move but dayum
|
|t:|1758252595
|switch|p1a: Deoxys|Deoxys-Speed|57/100|[from] U-turn
|-ability|p1a: Deoxys|Pressure
|move|p2a: Moltres|Roost|p2a: Moltres
|-heal|p2a: Moltres|98/100 par
|-singleturn|p2a: Moltres|move: Roost
|
|upkeep
|turn|28
|inactive|brobrubro has 90 seconds left.
|
|t:|1758252609
|switch|p1a: Moltres|Moltres|100/100
|cant|p2a: Moltres|par
|
|upkeep
|turn|29
|inactive|David Watts has 60 seconds left.
|
|t:|1758252624
|move|p1a: Moltres|Hurricane|p2a: Moltres
|-damage|p2a: Moltres|52/100 par
|move|p2a: Moltres|U-turn|p1a: Moltres
|-resisted|p1a: Moltres
|-damage|p1a: Moltres|98/100
|
|t:|1758252629
|switch|p2a: Dondozo|Dondozo, M|86/100|[from] U-turn
|
|upkeep
|turn|30
|
|t:|1758252639
|move|p1a: Moltres|U-turn|p2a: Dondozo
|-damage|p2a: Dondozo|80/100
|
|t:|1758252651
|switch|p1a: Deoxys|Deoxys-Speed|57/100|[from] U-turn
|-ability|p1a: Deoxys|Pressure
|move|p2a: Dondozo|Curse|p2a: Dondozo
|-unboost|p2a: Dondozo|spe|1
|-boost|p2a: Dondozo|atk|1
|-boost|p2a: Dondozo|def|1
|
|upkeep
|turn|31
|inactive|David Watts has 60 seconds left.
|
|t:|1758252669
|switch|p2a: Moltres|Moltres|52/100 par
|-damage|p2a: Moltres|2/100 par|[from] Stealth Rock
|move|p1a: Deoxys|Thunder Wave|p2a: Moltres
|-fail|p2a: Moltres|par
|
|upkeep
|turn|32
|inactive|David Watts has 60 seconds left.
|
|t:|1758252678
|move|p1a: Deoxys|Psycho Boost|p2a: Moltres
|-crit|p2a: Moltres
|-damage|p2a: Moltres|0 fnt
|-unboost|p1a: Deoxys|spa|2
|faint|p2a: Moltres
|
|upkeep
|inactive|David Watts has 60 seconds left.
|
|t:|1758252701
|switch|p2a: Dragonite|Dragonite, F|100/100
|turn|33
|inactive|brobrubro has 120 seconds left.
|
|t:|1758252712
|switch|p2a: Dondozo|Dondozo, M|80/100
|move|p1a: Deoxys|Thunder Wave|p2a: Dondozo
|-status|p2a: Dondozo|par
|
|upkeep
|turn|34
|inactive|brobrubro has 120 seconds left.
|
|t:|1758252722
|switch|p1a: Ogerpon|Ogerpon-Wellspring, F|16/100 brn
|-damage|p1a: Ogerpon|3/100 brn|[from] Stealth Rock
|-damage|p1a: Ogerpon|0 fnt|[from] Spikes
|faint|p1a: Ogerpon
|move|p2a: Dondozo|Waterfall|p1: Ogerpon|[notarget]
|-fail|p2a: Dondozo
|
|upkeep
|
|t:|1758252732
|switch|p1a: Great Tusk|Great Tusk|28/100
|-damage|p1a: Great Tusk|25/100|[from] Stealth Rock
|-damage|p1a: Great Tusk|0 fnt|[from] Spikes
|faint|p1a: Great Tusk
|-end|p1a: Great Tusk|Protosynthesis|[silent]
|
|t:|1758252743
|switch|p1a: Kyurem|Kyurem|100/100
|-damage|p1a: Kyurem|76/100|[from] Stealth Rock
|-damage|p1a: Kyurem|51/100|[from] Spikes
|-ability|p1a: Kyurem|Pressure
|turn|35
|
|t:|1758252749
|switch|p2a: Ting-Lu|Ting-Lu, tera:Ghost|29/100
|-damage|p2a: Ting-Lu|16/100|[from] Spikes
|-damage|p2a: Ting-Lu|4/100|[from] Stealth Rock
|-ability|p2a: Ting-Lu|Vessel of Ruin
|move|p1a: Kyurem|Freeze-Dry|p2a: Ting-Lu
|-damage|p2a: Ting-Lu|0 fnt
|faint|p2a: Ting-Lu
|
|upkeep
|
|t:|1758252759
|switch|p2a: Dragonite|Dragonite, F|100/100
|turn|36
|j| Reaper P2
|l| Reaper P2
|
|t:|1758252766
|-terastallize|p1a: Kyurem|Steel
|move|p1a: Kyurem|Freeze-Dry|p2a: Dragonite
|-supereffective|p2a: Dragonite
|-damage|p2a: Dragonite|0 fnt
|faint|p2a: Dragonite
|
|upkeep
|j| Reaper P2
|l| Reaper P2
|
|t:|1758252771
|switch|p2a: Dondozo|Dondozo, M|80/100 par
|turn|37
|
|t:|1758252774
|move|p1a: Kyurem|Freeze-Dry|p2a: Dondozo
|-supereffective|p2a: Dondozo
|-damage|p2a: Dondozo|0 fnt
|faint|p2a: Dondozo
|
|win|brobrubro
|n|☆brobrubro|brobrubro
|n|☆David Watts|davidwatts
|c|☆brobrubro|gg
|c|☆David Watts|gg
