|j|☆yuemingzhichu1
|j|☆ImMikeyCzn
|t:|1758291402
|gametype|singles
|player|p1|yuemingzhichu1|dawn|1134
|player|p2|ImMikeyCzn|guitarist|1088
|gen|9
|tier|[Gen 9] OU
|rated|
|rule|HP Percentage Mod: HP is shown in percentages
|rule|Endless Battle Clause: Forcing endless battles is banned
|rule|Species Clause: Limit one of each Pokémon
|rule|OHKO Clause: OHKO moves are banned
|rule|Evasion Items Clause: Evasion items are banned
|rule|Evasion Moves Clause: Evasion moves are banned
|rule|Evasion Abilities Clause: Evasion abilities are banned
|rule|Sleep Moves Clause: Sleep-inducing moves are banned
|clearpoke
|poke|p1|Kingambit, F|
|poke|p1|Iron Moth|
|poke|p1|Pecharunt|
|poke|p1|Blissey, F|
|poke|p1|Meowscarada, F|
|poke|p1|Corviknight, M|
|poke|p2|Ceruledge, F|
|poke|p2|Azumarill, F|
|poke|p2|Lokix, M|
|poke|p2|Decidueye-Hisui, M|
|poke|p2|Corviknight, M|
|poke|p2|Weezing-Galar, M|
|teampreview
|
|t:|1758291410
|teamsize|p1|6
|teamsize|p2|6
|start
|switch|p1a: Pecharunt|Pecharunt|100/100
|switch|p2a: Average Wordle Fan|Corviknight, M|100/100
|turn|1
|
|t:|1758291419
|move|p1a: Pecharunt|Parting Shot|p2a: Average Wordle Fan
|-ability|p2a: Average Wordle Fan|Mirror Armor
|-unboost|p1a: Pecharunt|atk|1
|-ability|p2a: Average Wordle Fan|Mirror Armor
|-unboost|p1a: Pecharunt|spa|1
|
|t:|1758291425
|switch|p1a: Corviknight|Corviknight, M|100/100|[from] Parting Shot
|move|p2a: Average Wordle Fan|Iron Head|p1a: Corviknight
|-resisted|p1a: Corviknight
|-damage|p1a: Corviknight|93/100
|
|upkeep
|turn|2
|
|t:|1758291438
|move|p1a: Corviknight|U-turn|p2a: Average Wordle Fan
|-resisted|p2a: Average Wordle Fan
|-damage|p2a: Average Wordle Fan|98/100
|-damage|p1a: Corviknight|77/100|[from] item: Rocky Helmet|[of] p2a: Average Wordle Fan
|
|t:|1758291448
|switch|p1a: Pecharunt|Pecharunt|100/100|[from] U-turn
|move|p2a: Average Wordle Fan|Tailwind|p2a: Average Wordle Fan
|-sidestart|p2: ImMikeyCzn|move: Tailwind
|
|upkeep
|turn|3
|
|t:|1758291456
|move|p2a: Average Wordle Fan|Iron Head|p1a: Pecharunt
|-damage|p1a: Pecharunt|89/100
|move|p1a: Pecharunt|Parting Shot|p2a: Average Wordle Fan
|-ability|p2a: Average Wordle Fan|Mirror Armor
|-unboost|p1a: Pecharunt|atk|1
|-ability|p2a: Average Wordle Fan|Mirror Armor
|-unboost|p1a: Pecharunt|spa|1
|
|t:|1758291466
|switch|p1a: Iron Moth|Iron Moth|100/100|[from] Parting Shot
|-enditem|p1a: Iron Moth|Booster Energy
|-activate|p1a: Iron Moth|ability: Quark Drive|[fromitem]
|-start|p1a: Iron Moth|quarkdrivespa
|
|upkeep
|turn|4
|
|t:|1758291499
|switch|p2a: Azumarill|Azumarill, F|100/100
|move|p1a: Iron Moth|Bug Buzz|p2a: Azumarill
|-resisted|p2a: Azumarill
|-damage|p2a: Azumarill|79/100
|
|upkeep
|turn|5
|
|t:|1758291510
|move|p1a: Iron Moth|Energy Ball|p2a: Azumarill
|-supereffective|p2a: Azumarill
|-damage|p2a: Azumarill|0 fnt
|faint|p2a: Azumarill
|
|-sideend|p2: ImMikeyCzn|move: Tailwind
|upkeep
|
|t:|1758291520
|switch|p2a: Ceruledge|Ceruledge, F|100/100
|turn|6
|
|t:|1758291531
|move|p1a: Iron Moth|Bug Buzz|p2a: Ceruledge
|-resisted|p2a: Ceruledge
|-damage|p2a: Ceruledge|89/100
|move|p2a: Ceruledge|Shadow Claw|p1a: Iron Moth
|-damage|p1a: Iron Moth|46/100
|
|upkeep
|turn|7
|
|t:|1758291546
|-end|p1a: Iron Moth|Quark Drive|[silent]
|switch|p1a: Pecharunt|Pecharunt|89/100
|move|p2a: Ceruledge|Shadow Claw|p1a: Pecharunt
|-supereffective|p1a: Pecharunt
|-damage|p1a: Pecharunt|55/100
|
|-heal|p1a: Pecharunt|62/100|[from] item: Leftovers
|upkeep
|turn|8
|
|t:|1758291557
|move|p1a: Pecharunt|Recover|p1a: Pecharunt
|-heal|p1a: Pecharunt|100/100
|move|p2a: Ceruledge|Bitter Blade|p1a: Pecharunt
|-damage|p1a: Pecharunt|81/100
|-heal|p2a: Ceruledge|99/100|[from] drain|[of] p1a: Pecharunt
|
|-heal|p1a: Pecharunt|87/100|[from] item: Leftovers
|upkeep
|turn|9
|
|t:|1758291566
|switch|p2a: Average Wordle Fan|Corviknight, M|98/100
|move|p1a: Pecharunt|Malignant Chain|p2a: Average Wordle Fan
|-immune|p2a: Average Wordle Fan
|
|-heal|p1a: Pecharunt|93/100|[from] item: Leftovers
|upkeep
|turn|10
|-message|yuemingzhichu1 forfeited.
|
|win|ImMikeyCzn
|raw|yuemingzhichu1's rating: 1134 &rarr; <strong>1106</strong><br />(-28 for losing)
|raw|ImMikeyCzn's rating: 1088 &rarr; <strong>1118</strong><br />(+30 for winning)
|l|☆yuemingzhichu1
|player|p1|
