|j|☆VIVIfrr
|j|☆Whimzydj
|t:|1758343310
|gametype|singles
|player|p1|VIVIfrr|hugh|1173
|player|p2|Whimzydj|1|1212
|gen|9
|tier|[Gen 9] OU
|rated|
|rule|HP Percentage Mod: HP is shown in percentages
|rule|Endless Battle Clause: Forcing endless battles is banned
|rule|Species Clause: Limit one of each Pokémon
|rule|OHKO Clause: OHKO moves are banned
|rule|Evasion Items Clause: Evasion items are banned
|rule|Evasion Moves Clause: Evasion moves are banned
|rule|Evasion Abilities Clause: Evasion abilities are banned
|rule|Sleep Moves Clause: Sleep-inducing moves are banned
|clearpoke
|poke|p1|Ceruledge, M|
|poke|p1|Hawlucha, M|
|poke|p1|Ninetales-Alola, F|
|poke|p1|Skeledirge, F|
|poke|p1|Torkoal, M|
|poke|p1|Corviknight, F|
|poke|p2|Charizard, F|
|poke|p2|Azumarill, F|
|poke|p2|Scizor, M|
|poke|p2|Great Tusk|
|poke|p2|Ninetales, M|
|poke|p2|Latias, F|
|teampreview
|
|t:|1758343361
|teamsize|p1|6
|teamsize|p2|6
|start
|switch|p1a: Ninetales|Ninetales-Alola, F|100/100
|switch|p2a: Azumarill|Azumarill, F|100/100
|-weather|Snowscape|[from] ability: Snow Warning|[of] p1a: Ninetales
|turn|1
|
|t:|1758343374
|move|p2a: Azumarill|Aqua Jet|p1a: Ninetales
|-damage|p1a: Ninetales|74/100
|move|p1a: Ninetales|Aurora Veil|p1a: Ninetales
|-sidestart|p1: VIVIfrr|move: Aurora Veil
|
|-weather|Snowscape|[upkeep]
|upkeep
|turn|2
|
|t:|1758343394
|move|p2a: Azumarill|Aqua Jet|p1a: Ninetales
|-damage|p1a: Ninetales|61/100
|move|p1a: Ninetales|Freeze-Dry|p2a: Azumarill
|-supereffective|p2a: Azumarill
|-damage|p2a: Azumarill|41/100
|-enditem|p2a: Azumarill|Sitrus Berry|[eat]
|-heal|p2a: Azumarill|66/100|[from] item: Sitrus Berry
|
|-weather|Snowscape|[upkeep]
|upkeep
|turn|3
|
|t:|1758343406
|move|p1a: Ninetales|Freeze-Dry|p2a: Azumarill
|-supereffective|p2a: Azumarill
|-damage|p2a: Azumarill|10/100
|move|p2a: Azumarill|Play Rough|p1a: Ninetales
|-damage|p1a: Ninetales|31/100
|
|-weather|Snowscape|[upkeep]
|upkeep
|turn|4
|
|t:|1758343415
|move|p2a: Azumarill|Aqua Jet|p1a: Ninetales
|-damage|p1a: Ninetales|18/100
|move|p1a: Ninetales|Blizzard|p2a: Azumarill
|-resisted|p2a: Azumarill
|-crit|p2a: Azumarill
|-damage|p2a: Azumarill|0 fnt
|faint|p2a: Azumarill
|
|-weather|Snowscape|[upkeep]
|upkeep
|
|t:|1758343425
|switch|p2a: Great Tusk|Great Tusk|100/100
|turn|5
|
|t:|1758343431
|move|p1a: Ninetales|Draining Kiss|p2a: Great Tusk
|-supereffective|p2a: Great Tusk
|-damage|p2a: Great Tusk|52/100
|-heal|p1a: Ninetales|73/100|[from] drain|[of] p2a: Great Tusk
|move|p2a: Great Tusk|Headlong Rush|p1a: Ninetales
|-damage|p1a: Ninetales|43/100
|-unboost|p2a: Great Tusk|def|1
|-unboost|p2a: Great Tusk|spd|1
|
|-weather|none
|-heal|p2a: Great Tusk|58/100|[from] item: Leftovers
|upkeep
|turn|6
|
|t:|1758343446
|move|p1a: Ninetales|Draining Kiss|p2a: Great Tusk
|-supereffective|p2a: Great Tusk
|-damage|p2a: Great Tusk|0 fnt
|-heal|p1a: Ninetales|100/100|[from] drain|[of] p2a: Great Tusk
|faint|p2a: Great Tusk
|-end|p2a: Great Tusk|Protosynthesis|[silent]
|
|upkeep
|
|t:|1758343454
|switch|p2a: Scizor|Scizor, M|100/100
|turn|7
|
|t:|1758343459
|switch|p1a: Torkoal|Torkoal, M|100/100
|-weather|SunnyDay|[from] ability: Drought|[of] p1a: Torkoal
|move|p2a: Scizor|Bullet Punch|p1a: Torkoal
|-resisted|p1a: Torkoal
|-damage|p1a: Torkoal|91/100
|
|-weather|SunnyDay|[upkeep]
|upkeep
|turn|8
|
|t:|1758343475
|switch|p2a: Latias|Latias, F|100/100
|move|p1a: Torkoal|Stealth Rock|p2a: Latias
|-sidestart|p2: Whimzydj|move: Stealth Rock
|
|-weather|SunnyDay|[upkeep]
|-sideend|p1: VIVIfrr|move: Aurora Veil
|upkeep
|turn|9
|
|t:|1758343488
|move|p2a: Latias|Future Sight|p1a: Torkoal
|-start|p2a: Latias|move: Future Sight
|move|p1a: Torkoal|Overheat|p2a: Latias
|-resisted|p2a: Latias
|-damage|p2a: Latias|84/100
|-unboost|p1a: Torkoal|spa|2
|
|-weather|SunnyDay|[upkeep]
|upkeep
|turn|10
|
|t:|1758343500
|switch|p1a: Corviknight|Corviknight, F|100/100
|move|p2a: Latias|Psyshock|p1a: Corviknight
|-resisted|p1a: Corviknight
|-damage|p1a: Corviknight|88/100
|
|-weather|SunnyDay|[upkeep]
|upkeep
|turn|11
|
|t:|1758343513
|move|p2a: Latias|Thunderbolt|p1a: Corviknight
|-supereffective|p1a: Corviknight
|-damage|p1a: Corviknight|27/100
|move|p1a: Corviknight|Taunt|p2a: Latias
|-start|p2a: Latias|move: Taunt
|
|-weather|SunnyDay|[upkeep]
|-end|p1a: Corviknight|move: Future Sight
|-resisted|p1a: Corviknight
|-damage|p1a: Corviknight|0 fnt
|faint|p1a: Corviknight
|upkeep
|
|t:|1758343526
|switch|p1a: Ceruledge|Ceruledge, M|100/100
|turn|12
|
|t:|1758343535
|-terastallize|p2a: Latias|Dragon
|move|p1a: Ceruledge|Swords Dance|p1a: Ceruledge
|-boost|p1a: Ceruledge|atk|2
|move|p2a: Latias|Draco Meteor|p1a: Ceruledge
|-damage|p1a: Ceruledge|4/100
|-unboost|p2a: Latias|spa|2
|
|-weather|SunnyDay|[upkeep]
|upkeep
|turn|13
|
|t:|1758343546
|move|p1a: Ceruledge|Bitter Blade|p2a: Latias
|-resisted|p2a: Latias
|-damage|p2a: Latias|14/100
|-heal|p1a: Ceruledge|48/100|[from] drain|[of] p2a: Latias
|move|p2a: Latias|Thunderbolt|p1a: Ceruledge
|-damage|p1a: Ceruledge|30/100
|
|-weather|SunnyDay|[upkeep]
|upkeep
|turn|14
|
|t:|1758343560
|switch|p2a: Ninetales|Ninetales, M|100/100
|-damage|p2a: Ninetales|76/100|[from] Stealth Rock
|move|p1a: Ceruledge|Shadow Sneak|p2a: Ninetales
|-damage|p2a: Ninetales|27/100
|
|-weather|none
|upkeep
|turn|15
|
|t:|1758343571
|move|p1a: Ceruledge|Shadow Sneak|p2a: Ninetales
|-damage|p2a: Ninetales|0 fnt
|faint|p2a: Ninetales
|
|upkeep
|
|t:|1758343576
|switch|p2a: Latias|Latias, F, tera:Dragon|14/100
|-damage|p2a: Latias|1/100|[from] Stealth Rock
|turn|16
|
|t:|1758343581
|move|p1a: Ceruledge|Bitter Blade|p2a: Latias
|-resisted|p2a: Latias
|-damage|p2a: Latias|0 fnt
|-heal|p1a: Ceruledge|31/100|[from] drain|[of] p2a: Latias
|faint|p2a: Latias
|
|upkeep
|
|t:|1758343589
|switch|p2a: Charizard|Charizard, F, shiny|100/100
|turn|17
|
|t:|1758343595
|move|p1a: Ceruledge|Shadow Sneak|p2a: Charizard
|-damage|p2a: Charizard|47/100
|move|p2a: Charizard|Air Slash|p1a: Ceruledge
|-damage|p1a: Ceruledge|0 fnt
|faint|p1a: Ceruledge
|
|upkeep
|
|t:|1758343608
|switch|p1a: Hawlucha|Hawlucha, M|100/100
|turn|18
|
|t:|1758343615
|move|p1a: Hawlucha|Swords Dance|p1a: Hawlucha
|-boost|p1a: Hawlucha|atk|2
|move|p2a: Charizard|Overheat|p1a: Hawlucha
|-damage|p1a: Hawlucha|8/100
|-unboost|p2a: Charizard|spa|2
|
|upkeep
|turn|19
|
|t:|1758343630
|-terastallize|p1a: Hawlucha|Flying
|move|p1a: Hawlucha|Flying Press|p2a: Charizard
|-resisted|p2a: Charizard
|-damage|p2a: Charizard|0 fnt
|faint|p2a: Charizard
|
|upkeep
|
|t:|1758343637
|switch|p2a: Scizor|Scizor, M|100/100
|-damage|p2a: Scizor|88/100|[from] Stealth Rock
|turn|20
|
|t:|1758343647
|move|p2a: Scizor|Bullet Punch|p1a: Hawlucha
|-damage|p1a: Hawlucha|0 fnt
|faint|p1a: Hawlucha
|
|upkeep
|
|t:|1758343654
|switch|p1a: Torkoal|Torkoal, M|91/100
|-weather|SunnyDay|[from] ability: Drought|[of] p1a: Torkoal
|turn|21
|
|t:|1758343660
|move|p2a: Scizor|Bullet Punch|p1a: Torkoal
|-resisted|p1a: Torkoal
|-damage|p1a: Torkoal|72/100
|move|p1a: Torkoal|Overheat|p2a: Scizor
|-supereffective|p2a: Scizor
|-damage|p2a: Scizor|0 fnt
|-unboost|p1a: Torkoal|spa|2
|faint|p2a: Scizor
|
|win|VIVIfrr
|raw|VIVIfrr's rating: 1173 &rarr; <strong>1201</strong><br />(+28 for winning)
|raw|Whimzydj's rating: 1212 &rarr; <strong>1184</strong><br />(-28 for losing)
|l|☆Whimzydj
|player|p2|
