|j|☆Rocksane
|j|☆vegancrosfit
|t:|1758276376
|gametype|singles
|player|p1|Rocksane|1|1563
|player|p2|vegancrosfit|cyclist-gen4|1633
|gen|9
|tier|[Gen 9] OU
|rated|
|rule|HP Percentage Mod: HP is shown in percentages
|rule|Endless Battle Clause: Forcing endless battles is banned
|rule|Species Clause: Limit one of each Pokémon
|rule|OHKO Clause: OHKO moves are banned
|rule|Evasion Items Clause: Evasion items are banned
|rule|Evasion Moves Clause: Evasion moves are banned
|rule|Evasion Abilities Clause: Evasion abilities are banned
|rule|Sleep Moves Clause: Sleep-inducing moves are banned
|clearpoke
|poke|p1|Gliscor, M|
|poke|p1|Alomomola, F|
|poke|p1|Hoopa-Unbound|
|poke|p1|Great Tusk|
|poke|p1|Meowscarada, F|
|poke|p1|Dragapult, M|
|poke|p2|Pelipper, F|
|poke|p2|Raging Bolt|
|poke|p2|Hatterene, F|
|poke|p2|Barraskewda, F|
|poke|p2|Great Tusk|
|poke|p2|Tornadus-Therian, M|
|teampreview
|inactive|Battle timer is ON: inactive players will automatically lose when time's up. (requested by vegancrosfit)
|
|t:|1758276388
|teamsize|p1|6
|teamsize|p2|6
|start
|switch|p1a: Dragapult|Dragapult, M|100/100
|switch|p2a: Raging Bolt|Raging Bolt|100/100
|turn|1
|
|t:|1758276397
|-terastallize|p2a: Raging Bolt|Electric
|move|p1a: Dragapult|U-turn|p2a: Raging Bolt
|-damage|p2a: Raging Bolt|85/100
|
|t:|1758276404
|switch|p1a: Hoopa|Hoopa-Unbound|100/100|[from] U-turn
|move|p2a: Raging Bolt|Draco Meteor|p1a: Hoopa|[miss]
|-miss|p2a: Raging Bolt|p1a: Hoopa
|
|upkeep
|turn|2
|
|t:|1758276417
|-end|p2a: Raging Bolt|Protosynthesis|[silent]
|switch|p2a: Tornadus|Tornadus-Therian, M|100/100
|move|p1a: Hoopa|Zen Headbutt|p2a: Tornadus
|-damage|p2a: Tornadus|10/100
|
|upkeep
|turn|3
|
|t:|1758276423
|switch|p1a: Alomomola|Alomomola, F|100/100
|move|p2a: Tornadus|U-turn|p1a: Alomomola
|-damage|p1a: Alomomola|93/100
|-damage|p2a: Tornadus|0 fnt|[from] item: Rocky Helmet|[of] p1a: Alomomola
|faint|p2a: Tornadus
|
|upkeep
|
|t:|1758276430
|switch|p2a: Raging Bolt|Raging Bolt, tera:Electric|85/100
|turn|4
|
|t:|1758276434
|move|p1a: Alomomola|Protect|p1a: Alomomola
|-singleturn|p1a: Alomomola|Protect
|move|p2a: Raging Bolt|Thunder|p1a: Alomomola
|-activate|p1a: Alomomola|move: Protect
|
|upkeep
|turn|5
|
|t:|1758276442
|-end|p2a: Raging Bolt|Protosynthesis|[silent]
|switch|p2a: Pelipper|Pelipper, F|100/100
|-weather|RainDance|[from] ability: Drizzle|[of] p2a: Pelipper
|switch|p1a: Gliscor|Gliscor, M|100/100
|
|-weather|RainDance|[upkeep]
|-status|p1a: Gliscor|tox|[from] item: Toxic Orb
|upkeep
|turn|6
|
|t:|1758276452
|switch|p2a: Hatterene|Hatterene, F|100/100
|move|p1a: Gliscor|Protect||[still]
|-fail|p1a: Gliscor
|
|-weather|RainDance|[upkeep]
|upkeep
|turn|7
|
|t:|1758276460
|switch|p1a: Hoopa|Hoopa-Unbound|100/100
|move|p2a: Hatterene|Calm Mind|p2a: Hatterene
|-boost|p2a: Hatterene|spa|1
|-boost|p2a: Hatterene|spd|1
|
|-weather|RainDance|[upkeep]
|upkeep
|turn|8
|
|t:|1758276470
|move|p1a: Hoopa|Hyperspace Fury|p2a: Hatterene
|-damage|p2a: Hatterene|11/100
|-unboost|p1a: Hoopa|def|1
|move|p2a: Hatterene|Draining Kiss|p1a: Hoopa
|-supereffective|p1a: Hoopa
|-damage|p1a: Hoopa|42/100
|-heal|p2a: Hatterene|52/100|[from] drain|[of] p1a: Hoopa
|
|-weather|RainDance|[upkeep]
|-heal|p2a: Hatterene|58/100|[from] item: Leftovers
|upkeep
|turn|9
|
|t:|1758276481
|switch|p2a: Pelipper|Pelipper, F|100/100
|move|p1a: Hoopa|Hyperspace Fury|p2a: Pelipper
|-damage|p2a: Pelipper|22/100
|-unboost|p1a: Hoopa|def|1
|
|-weather|RainDance|[upkeep]
|upkeep
|turn|10
|
|t:|1758276490
|move|p1a: Hoopa|Hyperspace Fury|p2a: Pelipper
|-damage|p2a: Pelipper|0 fnt
|-unboost|p1a: Hoopa|def|1
|faint|p2a: Pelipper
|
|-weather|RainDance|[upkeep]
|upkeep
|
|t:|1758276493
|switch|p2a: Barraskewda|Barraskewda, F|100/100
|turn|11
|
|t:|1758276500
|switch|p1a: Alomomola|Alomomola, F|100/100
|move|p2a: Barraskewda|Flip Turn|p1a: Alomomola
|-resisted|p1a: Alomomola
|-damage|p1a: Alomomola|81/100
|-damage|p2a: Barraskewda|84/100|[from] item: Rocky Helmet|[of] p1a: Alomomola
|
|t:|1758276504
|switch|p2a: Great Tusk|Great Tusk|100/100|[from] Flip Turn
|
|-weather|RainDance|[upkeep]
|upkeep
|turn|12
|
|t:|1758276512
|move|p2a: Great Tusk|Bulk Up|p2a: Great Tusk
|-boost|p2a: Great Tusk|atk|1
|-boost|p2a: Great Tusk|def|1
|move|p1a: Alomomola|Flip Turn|p2a: Great Tusk
|-supereffective|p2a: Great Tusk
|-damage|p2a: Great Tusk|82/100
|l|☆vegancrosfit
|inactive|vegancrosfit disconnected and has a minute to reconnect!
|player|p2|
|
|t:|1758276523
|switch|p1a: Meowscarada|Meowscarada, F|100/100|[from] Flip Turn
|
|-weather|none
|-heal|p2a: Great Tusk|89/100|[from] item: Leftovers
|upkeep
|turn|13
|j|☆vegancrosfit
|inactive|vegancrosfit reconnected and has 130 seconds left.
|player|p2|vegancrosfit|cyclist-gen4|
|l|☆Rocksane
|inactive|Rocksane disconnected and has a minute to reconnect!
|player|p1|
|inactive|vegancrosfit has 120 seconds left.
|j|☆Rocksane
|inactive|Rocksane reconnected.
|player|p1|Rocksane|1|
|
|t:|1758276560
|move|p1a: Meowscarada|Flower Trick|p2a: Great Tusk
|-start|p1a: Meowscarada|typechange|Grass|[from] ability: Protean
|-supereffective|p2a: Great Tusk
|-crit|p2a: Great Tusk
|-damage|p2a: Great Tusk|41/100
|move|p2a: Great Tusk|Rapid Spin|p1a: Meowscarada
|-damage|p1a: Meowscarada|64/100
|-boost|p2a: Great Tusk|spe|1
|
|-heal|p2a: Great Tusk|47/100|[from] item: Leftovers
|upkeep
|turn|14
|inactive|vegancrosfit has 120 seconds left.
|inactive|vegancrosfit has 90 seconds left.
|l|☆vegancrosfit
|inactive|vegancrosfit disconnected and has a minute to reconnect!
|player|p2|
|j|☆vegancrosfit
|inactive|vegancrosfit reconnected and has 80 seconds left.
|player|p2|vegancrosfit|cyclist-gen4|
|inactive|vegancrosfit has 60 seconds left.
|
|t:|1758276647
|move|p1a: Meowscarada|Flower Trick|p2a: Great Tusk
|-supereffective|p2a: Great Tusk
|-crit|p2a: Great Tusk
|-damage|p2a: Great Tusk|0 fnt
|faint|p2a: Great Tusk
|-end|p2a: Great Tusk|Protosynthesis|[silent]
|
|upkeep
|
|t:|1758276655
|switch|p2a: Raging Bolt|Raging Bolt, tera:Electric|85/100
|turn|15
|
|t:|1758276661
|move|p1a: Meowscarada|U-turn|p2a: Raging Bolt
|-damage|p2a: Raging Bolt|64/100
|
|t:|1758276666
|switch|p1a: Gliscor|Gliscor, M|100/100 tox|[from] U-turn
|move|p2a: Raging Bolt|Draco Meteor|p1a: Gliscor|[miss]
|-miss|p2a: Raging Bolt|p1a: Gliscor
|
|upkeep
|turn|16
|inactive|vegancrosfit has 60 seconds left.
|-message|vegancrosfit forfeited.
|
|win|Rocksane
|raw|Rocksane's rating: 1563 &rarr; <strong>1587</strong><br />(+24 for winning)
|raw|vegancrosfit's rating: 1633 &rarr; <strong>1609</strong><br />(-24 for losing)
|l|☆vegancrosfit
|player|p2|
|l|☆Rocksane
|player|p1|
