|j|☆yhjnmfr
|j|☆magical leaves
|t:|1758345621
|gametype|singles
|player|p1|yhjnmfr|giovanni|1199
|player|p2|magical leaves|aromalady|1264
|gen|9
|tier|[Gen 9] OU
|rated|
|rule|HP Percentage Mod: HP is shown in percentages
|rule|Endless Battle Clause: Forcing endless battles is banned
|rule|Species Clause: Limit one of each Pokémon
|rule|OHKO Clause: OHKO moves are banned
|rule|Evasion Items Clause: Evasion items are banned
|rule|Evasion Moves Clause: Evasion moves are banned
|rule|Evasion Abilities Clause: Evasion abilities are banned
|rule|Sleep Moves Clause: Sleep-inducing moves are banned
|clearpoke
|poke|p1|Pelipper, M|
|poke|p1|Walking Wake|
|poke|p1|Barraskewda, F|
|poke|p1|Basculegion, M|
|poke|p1|Raging Bolt|
|poke|p1|Ogerpon-Wellspring, F|
|poke|p2|Lilligant-Hisui, F|
|poke|p2|Thundurus, M|
|poke|p2|Blaziken, F|
|poke|p2|Walking Wake|
|poke|p2|Great Tusk|
|poke|p2|Kingambit, F|
|teampreview
|inactive|Battle timer is ON: inactive players will automatically lose when time's up. (requested by yhjnmfr)
|
|t:|1758345627
|teamsize|p1|6
|teamsize|p2|6
|start
|switch|p1a: Pelipper|Pelipper, M|100/100
|switch|p2a: thundercat|Thundurus, M|100/100
|-weather|RainDance|[from] ability: Drizzle|[of] p1a: Pelipper
|turn|1
|
|t:|1758345634
|switch|p1a: Raging Bolt|Raging Bolt|100/100
|move|p2a: thundercat|Sunny Day|p2a: thundercat
|-weather|SunnyDay
|-activate|p1a: Raging Bolt|ability: Protosynthesis
|-start|p1a: Raging Bolt|protosynthesisspa
|
|-weather|SunnyDay|[upkeep]
|upkeep
|turn|2
|
|t:|1758345645
|switch|p2a: crush|Great Tusk|100/100
|-activate|p2a: crush|ability: Protosynthesis
|-start|p2a: crush|protosynthesisatk
|move|p1a: Raging Bolt|Draco Meteor|p2a: crush
|-damage|p2a: crush|0 fnt
|-unboost|p1a: Raging Bolt|spa|2
|faint|p2a: crush
|-end|p2a: crush|Protosynthesis|[silent]
|
|-weather|SunnyDay|[upkeep]
|upkeep
|
|t:|1758345657
|switch|p2a: atopos|Lilligant-Hisui, F|100/100
|turn|3
|
|t:|1758345660
|-end|p1a: Raging Bolt|Protosynthesis|[silent]
|switch|p1a: Walking Wake|Walking Wake|100/100
|-activate|p1a: Walking Wake|ability: Protosynthesis
|-start|p1a: Walking Wake|protosynthesisspa
|move|p2a: atopos|Triple Axel|p1a: Walking Wake
|-damage|p1a: Walking Wake|90/100
|-damage|p1a: Walking Wake|71/100
|-damage|p1a: Walking Wake|43/100
|-hitcount|p1a: Walking Wake|3
|-damage|p2a: atopos|91/100|[from] item: Life Orb
|
|-weather|SunnyDay|[upkeep]
|upkeep
|turn|4
|
|t:|1758345676
|move|p2a: atopos|Solar Blade||[still]
|-prepare|p2a: atopos|Solar Blade
|-anim|p2a: atopos|Solar Blade|p1a: Walking Wake
|-damage|p1a: Walking Wake|0 fnt
|faint|p1a: Walking Wake
|-end|p1a: Walking Wake|Protosynthesis|[silent]
|-damage|p2a: atopos|81/100|[from] item: Life Orb
|
|-weather|SunnyDay|[upkeep]
|upkeep
|
|t:|1758345687
|switch|p1a: Pelipper|Pelipper, M|100/100
|-weather|RainDance|[from] ability: Drizzle|[of] p1a: Pelipper
|turn|5
|
|t:|1758345693
|switch|p2a: WIDE AWAAAAAKE!|Walking Wake|100/100
|move|p1a: Pelipper|Hurricane|p2a: WIDE AWAAAAAKE!
|-damage|p2a: WIDE AWAAAAAKE!|56/100
|
|-weather|RainDance|[upkeep]
|upkeep
|turn|6
|
|t:|1758345702
|switch|p1a: Basculegion|Basculegion, M|100/100
|move|p2a: WIDE AWAAAAAKE!|Draco Meteor|p1a: Basculegion
|-damage|p1a: Basculegion|12/100
|-unboost|p2a: WIDE AWAAAAAKE!|spa|2
|-damage|p2a: WIDE AWAAAAAKE!|46/100|[from] item: Life Orb
|
|-weather|RainDance|[upkeep]
|upkeep
|turn|7
|
|t:|1758345715
|move|p1a: Basculegion|Double-Edge|p2a: WIDE AWAAAAAKE!
|-damage|p2a: WIDE AWAAAAAKE!|0 fnt
|faint|p2a: WIDE AWAAAAAKE!
|-end|p2a: WIDE AWAAAAAKE!|Protosynthesis|[silent]
|-damage|p1a: Basculegion|0 fnt|[from] Recoil
|faint|p1a: Basculegion
|
|-weather|RainDance|[upkeep]
|upkeep
|
|t:|1758345728
|switch|p2a: thundercat|Thundurus, M|100/100
|switch|p1a: Barraskewda|Barraskewda, F|100/100
|turn|8
|
|t:|1758345736
|-terastallize|p1a: Barraskewda|Water
|move|p2a: thundercat|Thunder Wave|p1a: Barraskewda
|-status|p1a: Barraskewda|par
|move|p1a: Barraskewda|Liquidation|p2a: thundercat
|-damage|p2a: thundercat|0 fnt
|faint|p2a: thundercat
|
|-weather|RainDance|[upkeep]
|upkeep
|
|t:|1758345746
|switch|p2a: atopos|Lilligant-Hisui, F|81/100
|turn|9
|
|t:|1758345751
|switch|p1a: Pelipper|Pelipper, M|100/100
|move|p2a: atopos|Solar Blade||[still]
|-prepare|p2a: atopos|Solar Blade
|
|-weather|RainDance|[upkeep]
|upkeep
|turn|10
|
|t:|1758345757
|move|p2a: atopos|Solar Blade|p1a: Pelipper|[from] lockedmove
|-crit|p1a: Pelipper
|-damage|p1a: Pelipper|42/100
|-damage|p2a: atopos|71/100|[from] item: Life Orb
|move|p1a: Pelipper|Hurricane|p2a: atopos
|-supereffective|p2a: atopos
|-damage|p2a: atopos|0 fnt
|faint|p2a: atopos
|
|-weather|RainDance|[upkeep]
|upkeep
|
|t:|1758345769
|switch|p2a: gary|Kingambit, F|100/100
|-activate|p2a: gary|ability: Supreme Overlord
|-start|p2a: gary|fallen4|[silent]
|turn|11
|
|t:|1758345774
|move|p1a: Pelipper|U-turn|p2a: gary
|-damage|p2a: gary|94/100
|
|t:|1758345777
|switch|p1a: Ogerpon|Ogerpon-Wellspring, F|100/100|[from] U-turn
|move|p2a: gary|Kowtow Cleave|p1a: Ogerpon
|-damage|p1a: Ogerpon|3/100
|
|-weather|RainDance|[upkeep]
|-heal|p2a: gary|100/100|[from] item: Leftovers
|upkeep
|turn|12
|
|t:|1758345793
|move|p1a: Ogerpon|Ivy Cudgel|p2a: gary|[anim] Ivy Cudgel Water
|-damage|p2a: gary|32/100
|move|p2a: gary|Kowtow Cleave|p1a: Ogerpon
|-damage|p1a: Ogerpon|0 fnt
|faint|p1a: Ogerpon
|
|-weather|none
|-heal|p2a: gary|39/100|[from] item: Leftovers
|upkeep
|
|t:|1758345796
|switch|p1a: Pelipper|Pelipper, M|42/100
|-weather|RainDance|[from] ability: Drizzle|[of] p1a: Pelipper
|turn|13
|
|t:|1758345807
|move|p1a: Pelipper|Weather Ball|p2a: gary
|-damage|p2a: gary|0 fnt
|faint|p2a: gary
|-end|p2a: gary|fallen4|[silent]
|
|-weather|RainDance|[upkeep]
|upkeep
|
|t:|1758345814
|switch|p2a: jello|Blaziken, F|100/100
|turn|14
|
|t:|1758345818
|move|p2a: jello|Focus Energy|p2a: jello
|-start|p2a: jello|move: Focus Energy
|move|p1a: Pelipper|Weather Ball|p2a: jello
|-supereffective|p2a: jello
|-damage|p2a: jello|0 fnt
|faint|p2a: jello
|
|win|yhjnmfr
|raw|yhjnmfr's rating: 1199 &rarr; <strong>1229</strong><br />(+30 for winning)
|raw|magical leaves's rating: 1264 &rarr; <strong>1234</strong><br />(-30 for losing)
|l|☆magical leaves
|player|p2|
|l|☆yhjnmfr
|player|p1|
