|j|☆sophiebrouwer
|j|☆DrAlphaStone
|t:|1758337610
|gametype|singles
|player|p1|sophiebrouwer|265|1662
|player|p2|DrAlphaStone|karen|1676
|gen|9
|tier|[Gen 9] OU
|rated|
|rule|HP Percentage Mod: HP is shown in percentages
|rule|Endless Battle Clause: Forcing endless battles is banned
|rule|Species Clause: Limit one of each Pokémon
|rule|OHKO Clause: OHKO moves are banned
|rule|Evasion Items Clause: Evasion items are banned
|rule|Evasion Moves Clause: Evasion moves are banned
|rule|Evasion Abilities Clause: Evasion abilities are banned
|rule|Sleep Moves Clause: Sleep-inducing moves are banned
|clearpoke
|poke|p1|Ogerpon-Wellspring, F|
|poke|p1|Kingambit, F|
|poke|p1|Landorus-Therian, M|
|poke|p1|Glimmora, F|
|poke|p1|Dragapult, M|
|poke|p1|Iron Valiant|
|poke|p2|Dragapult, M|
|poke|p2|Slowking-Galar, F|
|poke|p2|Zamazenta-*|
|poke|p2|Ogerpon-Wellspring, F|
|poke|p2|Rotom-Heat|
|poke|p2|Iron Treads|
|teampreview
|
|t:|1758337632
|teamsize|p1|6
|teamsize|p2|6
|start
|switch|p1a: Dragapult|Dragapult, M|100/100
|switch|p2a: Dragapult|Dragapult, M|100/100
|turn|1
|
|t:|1758337649
|switch|p2a: Rotom|Rotom-Heat|100/100
|move|p1a: Dragapult|Shadow Ball|p2a: Rotom
|-damage|p2a: Rotom|48/100
|-unboost|p2a: Rotom|spd|1
|
|upkeep
|turn|2
|
|t:|1758337655
|switch|p2a: Slowking|Slowking-Galar, F|100/100
|move|p1a: Dragapult|Shadow Ball|p2a: Slowking
|-supereffective|p2a: Slowking
|-damage|p2a: Slowking|43/100
|
|upkeep
|turn|3
|
|t:|1758337666
|-terastallize|p2a: Slowking|Dark
|move|p1a: Dragapult|Shadow Ball|p2a: Slowking
|-resisted|p2a: Slowking
|-damage|p2a: Slowking|27/100
|move|p2a: Slowking|Slack Off|p2a: Slowking
|-heal|p2a: Slowking|77/100
|
|upkeep
|turn|4
|
|t:|1758337693
|switch|p1a: Kingambit|Kingambit, F|100/100
|-prepare|p2a: Slowking|Chilly Reception|[premajor]
|move|p2a: Slowking|Chilly Reception|p2a: Slowking
|-weather|Snowscape
|
|t:|1758337698
|switch|p2a: Iron Treads|Iron Treads|100/100|[from] Chilly Reception
|
|-weather|Snowscape|[upkeep]
|upkeep
|turn|5
|
|t:|1758337714
|-end|p1a: Kingambit|fallenundefined|[silent]
|switch|p1a: Ogerpon|Ogerpon-Wellspring, F|100/100
|move|p2a: Iron Treads|Knock Off|p1a: Ogerpon
|-damage|p1a: Ogerpon|74/100
|
|-weather|Snowscape|[upkeep]
|upkeep
|turn|6
|
|t:|1758337726
|-end|p2a: Iron Treads|Quark Drive|[silent]
|switch|p2a: Ogerpon|Ogerpon-Wellspring, F|100/100
|move|p1a: Ogerpon|Horn Leech|p2a: Ogerpon
|-damage|p2a: Ogerpon|41/100
|-heal|p1a: Ogerpon|100/100|[from] drain|[of] p2a: Ogerpon
|
|-weather|Snowscape|[upkeep]
|upkeep
|turn|7
|
|t:|1758337732
|move|p2a: Ogerpon|U-turn|p1a: Ogerpon
|-supereffective|p1a: Ogerpon
|-damage|p1a: Ogerpon|25/100
|
|t:|1758337734
|switch|p2a: Dragapult|Dragapult, M|100/100|[from] U-turn
|move|p1a: Ogerpon|Horn Leech|p2a: Dragapult
|-resisted|p2a: Dragapult
|-damage|p2a: Dragapult|70/100
|-heal|p1a: Ogerpon|45/100|[from] drain|[of] p2a: Dragapult
|
|-weather|Snowscape|[upkeep]
|-heal|p2a: Dragapult|76/100|[from] item: Leftovers
|upkeep
|turn|8
|
|t:|1758337740
|switch|p1a: Kingambit|Kingambit, F|100/100
|move|p2a: Dragapult|Substitute|p2a: Dragapult
|-start|p2a: Dragapult|Substitute
|-damage|p2a: Dragapult|51/100
|
|-weather|none
|-heal|p2a: Dragapult|57/100|[from] item: Leftovers
|upkeep
|turn|9
|
|t:|1758337758
|move|p2a: Dragapult|Will-O-Wisp|p1a: Kingambit|[miss]
|-miss|p2a: Dragapult|p1a: Kingambit
|move|p1a: Kingambit|Kowtow Cleave|p2a: Dragapult
|-supereffective|p2a: Dragapult
|-end|p2a: Dragapult|Substitute
|
|-heal|p2a: Dragapult|63/100|[from] item: Leftovers
|upkeep
|turn|10
|
|t:|1758337774
|-end|p1a: Kingambit|fallenundefined|[silent]
|switch|p1a: Glimmora|Glimmora, F|100/100
|move|p2a: Dragapult|Will-O-Wisp|p1a: Glimmora
|-status|p1a: Glimmora|brn
|
|-heal|p2a: Dragapult|69/100|[from] item: Leftovers
|-damage|p1a: Glimmora|94/100 brn|[from] brn
|upkeep
|turn|11
|
|t:|1758337783
|move|p2a: Dragapult|Hex|p1a: Glimmora
|-damage|p1a: Glimmora|38/100 brn
|move|p1a: Glimmora|Power Gem|p2a: Dragapult
|-damage|p2a: Dragapult|14/100
|
|-heal|p2a: Dragapult|20/100|[from] item: Leftovers
|-damage|p1a: Glimmora|32/100 brn|[from] brn
|upkeep
|turn|12
|
|t:|1758337813
|move|p2a: Dragapult|Hex|p1a: Glimmora
|-damage|p1a: Glimmora|0 fnt
|faint|p1a: Glimmora
|
|-heal|p2a: Dragapult|26/100|[from] item: Leftovers
|upkeep
|
|t:|1758337820
|switch|p1a: Dragapult|Dragapult, M|100/100
|turn|13
|
|t:|1758337823
|move|p1a: Dragapult|Shadow Ball|p2a: Dragapult
|-supereffective|p2a: Dragapult
|-damage|p2a: Dragapult|0 fnt
|faint|p2a: Dragapult
|
|upkeep
|
|t:|1758337826
|switch|p2a: Slowking|Slowking-Galar, F, tera:Dark|100/100
|turn|14
|
|t:|1758337834
|switch|p1a: Kingambit|Kingambit, F|100/100
|-activate|p1a: Kingambit|ability: Supreme Overlord
|-start|p1a: Kingambit|fallen1|[silent]
|-prepare|p2a: Slowking|Chilly Reception|[premajor]
|move|p2a: Slowking|Chilly Reception|p2a: Slowking
|-weather|Snowscape
|
|t:|1758337839
|switch|p2a: Iron Treads|Iron Treads|100/100|[from] Chilly Reception
|
|-weather|Snowscape|[upkeep]
|upkeep
|turn|15
|
|t:|1758337852
|-end|p1a: Kingambit|fallen1|[silent]
|switch|p1a: Landorus|Landorus-Therian, M|100/100
|-ability|p1a: Landorus|Intimidate|boost
|-unboost|p2a: Iron Treads|atk|1
|move|p2a: Iron Treads|Stealth Rock|p1a: Landorus
|-sidestart|p1: sophiebrouwer|move: Stealth Rock
|
|-weather|Snowscape|[upkeep]
|upkeep
|turn|16
|
|t:|1758337864
|-end|p2a: Iron Treads|Quark Drive|[silent]
|switch|p2a: Rotom|Rotom-Heat|48/100
|move|p1a: Landorus|Stealth Rock|p2a: Rotom
|-sidestart|p2: DrAlphaStone|move: Stealth Rock
|
|-weather|Snowscape|[upkeep]
|upkeep
|turn|17
|
|t:|1758337868
|move|p1a: Landorus|Taunt|p2a: Rotom
|-start|p2a: Rotom|move: Taunt
|cant|p2a: Rotom|move: Taunt|Pain Split
|
|-weather|Snowscape|[upkeep]
|upkeep
|turn|18
|
|t:|1758337903
|move|p1a: Landorus|U-turn|p2a: Rotom
|-resisted|p2a: Rotom
|-damage|p2a: Rotom|37/100
|
|t:|1758337907
|switch|p1a: Dragapult|Dragapult, M|100/100|[from] U-turn
|-damage|p1a: Dragapult|88/100|[from] Stealth Rock
|move|p2a: Rotom|Volt Switch|p1a: Dragapult
|-resisted|p1a: Dragapult
|-damage|p1a: Dragapult|72/100
|
|t:|1758337915
|switch|p2a: Slowking|Slowking-Galar, F, tera:Dark|100/100|[from] Volt Switch
|
|-weather|none
|upkeep
|turn|19
|
|t:|1758337923
|move|p1a: Dragapult|U-turn|p2a: Slowking
|-supereffective|p2a: Slowking
|-damage|p2a: Slowking|66/100
|
|t:|1758337937
|switch|p1a: Ogerpon|Ogerpon-Wellspring, F|45/100|[from] U-turn
|-damage|p1a: Ogerpon|32/100|[from] Stealth Rock
|-prepare|p2a: Slowking|Chilly Reception|[premajor]
|move|p2a: Slowking|Chilly Reception|p2a: Slowking
|-weather|Snowscape
|
|t:|1758337945
|switch|p2a: Ogerpon|Ogerpon-Wellspring, F|41/100|[from] Chilly Reception
|-damage|p2a: Ogerpon|29/100|[from] Stealth Rock
|
|-weather|Snowscape|[upkeep]
|upkeep
|turn|20
|
|t:|1758337955
|switch|p1a: Landorus|Landorus-Therian, M|100/100
|-damage|p1a: Landorus|88/100|[from] Stealth Rock
|-ability|p1a: Landorus|Intimidate|boost
|-unboost|p2a: Ogerpon|atk|1
|move|p2a: Ogerpon|U-turn|p1a: Landorus
|-resisted|p1a: Landorus
|-damage|p1a: Landorus|79/100
|-damage|p2a: Ogerpon|12/100|[from] item: Rocky Helmet|[of] p1a: Landorus
|
|t:|1758337962
|switch|p2a: Slowking|Slowking-Galar, F, tera:Dark|99/100|[from] U-turn
|
|-weather|Snowscape|[upkeep]
|upkeep
|turn|21
|
|t:|1758337969
|move|p1a: Landorus|Taunt|p2a: Slowking
|-start|p2a: Slowking|move: Taunt
|move|p2a: Slowking|Future Sight|p1a: Landorus
|-start|p2a: Slowking|move: Future Sight
|
|-weather|Snowscape|[upkeep]
|upkeep
|turn|22
|
|t:|1758337983
|switch|p2a: Rotom|Rotom-Heat|37/100
|move|p1a: Landorus|Earthquake|p2a: Rotom
|-immune|p2a: Rotom|[from] ability: Levitate
|
|-weather|Snowscape|[upkeep]
|upkeep
|turn|23
|
|t:|1758338017
|move|p1a: Landorus|Taunt|p2a: Rotom
|-start|p2a: Rotom|move: Taunt
|move|p2a: Rotom|Overheat|p1a: Landorus
|-damage|p1a: Landorus|30/100
|-unboost|p2a: Rotom|spa|2
|
|-weather|none
|-end|p1a: Landorus|move: Future Sight
|-damage|p1a: Landorus|0 fnt
|faint|p1a: Landorus
|upkeep
|
|t:|1758338031
|switch|p1a: Ogerpon|Ogerpon-Wellspring, F|32/100
|-damage|p1a: Ogerpon|20/100|[from] Stealth Rock
|turn|24
|
|t:|1758338039
|move|p1a: Ogerpon|Horn Leech|p2a: Rotom
|-resisted|p2a: Rotom
|-damage|p2a: Rotom|16/100
|-heal|p1a: Ogerpon|31/100|[from] drain|[of] p2a: Rotom
|move|p2a: Rotom|Volt Switch|p1a: Ogerpon
|-damage|p1a: Ogerpon|17/100
|
|t:|1758338043
|switch|p2a: Zamazenta|Zamazenta|100/100|[from] Volt Switch
|-damage|p2a: Zamazenta|94/100|[from] Stealth Rock
|-ability|p2a: Zamazenta|Dauntless Shield|boost
|-boost|p2a: Zamazenta|def|1
|
|-heal|p2a: Zamazenta|100/100|[from] item: Leftovers
|upkeep
|turn|25
|
|t:|1758338060
|switch|p1a: Iron Valiant|Iron Valiant|100/100
|-damage|p1a: Iron Valiant|94/100|[from] Stealth Rock
|-enditem|p1a: Iron Valiant|Booster Energy
|-activate|p1a: Iron Valiant|ability: Quark Drive|[fromitem]
|-start|p1a: Iron Valiant|quarkdrivespe
|move|p2a: Zamazenta|Crunch|p1a: Iron Valiant
|-resisted|p1a: Iron Valiant
|-damage|p1a: Iron Valiant|87/100
|-unboost|p1a: Iron Valiant|def|1
|
|upkeep
|turn|26
|
|t:|1758338069
|move|p1a: Iron Valiant|Encore|p2a: Zamazenta
|-start|p2a: Zamazenta|Encore
|move|p2a: Zamazenta|Crunch|p1a: Iron Valiant
|-resisted|p1a: Iron Valiant
|-damage|p1a: Iron Valiant|77/100
|
|upkeep
|turn|27
|
|t:|1758338076
|switch|p2a: Slowking|Slowking-Galar, F, tera:Dark|100/100
|move|p1a: Iron Valiant|Swords Dance|p1a: Iron Valiant
|-boost|p1a: Iron Valiant|atk|2
|
|upkeep
|turn|28
|
|t:|1758338086
|move|p1a: Iron Valiant|Spirit Break|p2a: Slowking
|-supereffective|p2a: Slowking
|-damage|p2a: Slowking|0 fnt
|faint|p2a: Slowking
|
|upkeep
|
|t:|1758338090
|switch|p2a: Iron Treads|Iron Treads|100/100
|turn|29
|
|t:|1758338123
|-end|p1a: Iron Valiant|Quark Drive|[silent]
|switch|p1a: Kingambit|Kingambit, F|100/100
|-damage|p1a: Kingambit|94/100|[from] Stealth Rock
|-activate|p1a: Kingambit|ability: Supreme Overlord
|-start|p1a: Kingambit|fallen2|[silent]
|move|p2a: Iron Treads|Earthquake|p1a: Kingambit
|-supereffective|p1a: Kingambit
|-damage|p1a: Kingambit|19/100
|
|-heal|p1a: Kingambit|26/100|[from] item: Leftovers
|upkeep
|turn|30
|
|t:|1758338131
|move|p1a: Kingambit|Sucker Punch|p2a: Iron Treads
|-damage|p2a: Iron Treads|55/100
|move|p2a: Iron Treads|Rapid Spin|p1a: Kingambit
|-resisted|p1a: Kingambit
|-damage|p1a: Kingambit|20/100
|-boost|p2a: Iron Treads|spe|1
|-sideend|p2: DrAlphaStone|Stealth Rock|[from] move: Rapid Spin|[of] p2a: Iron Treads
|
|-heal|p1a: Kingambit|26/100|[from] item: Leftovers
|upkeep
|turn|31
|
|t:|1758338139
|move|p2a: Iron Treads|Earthquake|p1a: Kingambit
|-supereffective|p1a: Kingambit
|-damage|p1a: Kingambit|0 fnt
|faint|p1a: Kingambit
|-end|p1a: Kingambit|fallen2|[silent]
|
|upkeep
|
|t:|1758338160
|switch|p1a: Iron Valiant|Iron Valiant|77/100
|-damage|p1a: Iron Valiant|70/100|[from] Stealth Rock
|turn|32
|
|t:|1758338171
|move|p2a: Iron Treads|Earthquake|p1a: Iron Valiant
|-damage|p1a: Iron Valiant|11/100
|move|p1a: Iron Valiant|Knock Off|p2a: Iron Treads
|-damage|p2a: Iron Treads|24/100
|-enditem|p2a: Iron Treads|Heavy-Duty Boots|[from] move: Knock Off|[of] p1a: Iron Valiant
|
|upkeep
|turn|33
|inactive|Battle timer is ON: inactive players will automatically lose when time's up. (requested by DrAlphaStone)
|c|☆sophiebrouwer|hmmmmmmmmmmmmmmmmmmmmmm
|inactive|sophiebrouwer has 120 seconds left.
|c|☆DrAlphaStone|thinking
|c|☆DrAlphaStone|iron treadulus
|c|☆sophiebrouwer|i think you do stealth rocks again
|c|☆DrAlphaStone|oh yeah?
|inactive|sophiebrouwer has 90 seconds left.
|c|☆sophiebrouwer|yes so it can one shot evryone
|c|☆DrAlphaStone|i think so too
|
|t:|1758338302
|-end|p1a: Iron Valiant|Quark Drive|[silent]
|switch|p1a: Dragapult|Dragapult, M|72/100
|-damage|p1a: Dragapult|60/100|[from] Stealth Rock
|move|p2a: Iron Treads|Earthquake|p1a: Dragapult
|-damage|p1a: Dragapult|0 fnt
|faint|p1a: Dragapult
|
|upkeep
|
|t:|1758338310
|switch|p1a: Ogerpon|Ogerpon-Wellspring, F|17/100
|-damage|p1a: Ogerpon|4/100|[from] Stealth Rock
|turn|34
|
|t:|1758338315
|move|p2a: Iron Treads|Earthquake|p1a: Ogerpon
|-resisted|p1a: Ogerpon
|-damage|p1a: Ogerpon|0 fnt
|faint|p1a: Ogerpon
|
|upkeep
|c|☆sophiebrouwer|gg
|c|☆DrAlphaStone|gg
|-message|sophiebrouwer forfeited.
|
|win|DrAlphaStone
|raw|sophiebrouwer's rating: 1662 &rarr; <strong>1643</strong><br />(-19 for losing)
|raw|DrAlphaStone's rating: 1676 &rarr; <strong>1695</strong><br />(+19 for winning)
|l|☆sophiebrouwer
|player|p1|
|l|☆DrAlphaStone
|player|p2|
