|j|☆expsnake
|j|☆meio_potato
|t:|1758242787
|gametype|singles
|player|p1|expsnake|boarder|1494
|player|p2|meio_potato|dawn-gen4pt|1485
|gen|9
|tier|[Gen 9] OU
|rated|
|rule|HP Percentage Mod: HP is shown in percentages
|rule|Endless Battle Clause: Forcing endless battles is banned
|rule|Species Clause: Limit one of each Pokémon
|rule|OHKO Clause: OHKO moves are banned
|rule|Evasion Items Clause: Evasion items are banned
|rule|Evasion Moves Clause: Evasion moves are banned
|rule|Evasion Abilities Clause: Evasion abilities are banned
|rule|Sleep Moves Clause: Sleep-inducing moves are banned
|clearpoke
|poke|p1|Pelipper, L99, F|
|poke|p1|Pincurchin, M|
|poke|p1|Iron Jugulis|
|poke|p1|Iron Treads|
|poke|p1|Raging Bolt|
|poke|p1|Barraskewda, F|
|poke|p2|Gastrodon-East, F|
|poke|p2|Garchomp, M|
|poke|p2|Iron Valiant|
|poke|p2|Iron Treads|
|poke|p2|Blaziken, F|
|poke|p2|Azumarill, F|
|teampreview
|inactive|Battle timer is ON: inactive players will automatically lose when time's up. (requested by meio_potato)
|inactive|expsnake also wants the timer to be on.
|
|t:|1758242797
|teamsize|p1|6
|teamsize|p2|6
|start
|switch|p1a: Pelipper|Pelipper, L99, F|100/100
|switch|p2a: Majesty|Iron Valiant, shiny|100/100
|-weather|RainDance|[from] ability: Drizzle|[of] p1a: Pelipper
|-enditem|p2a: Majesty|Booster Energy
|-activate|p2a: Majesty|ability: Quark Drive|[fromitem]
|-start|p2a: Majesty|quarkdrivespe
|turn|1
|
|t:|1758242802
|move|p2a: Majesty|Thunderbolt|p1a: Pelipper
|-supereffective|p1a: Pelipper
|-damage|p1a: Pelipper|0 fnt
|faint|p1a: Pelipper
|
|-weather|RainDance|[upkeep]
|upkeep
|
|t:|1758242817
|switch|p1a: Barraskewda|Barraskewda, F|100/100
|turn|2
|
|t:|1758242820
|-end|p2a: Majesty|Quark Drive|[silent]
|switch|p2a: Escargot|Gastrodon-East, F|100/100
|move|p1a: Barraskewda|Close Combat|p2a: Escargot
|-damage|p2a: Escargot|32/100
|-unboost|p1a: Barraskewda|def|1
|-unboost|p1a: Barraskewda|spd|1
|
|-weather|RainDance|[upkeep]
|upkeep
|turn|3
|
|t:|1758242827
|move|p1a: Barraskewda|Close Combat|p2a: Escargot
|-damage|p2a: Escargot|0 fnt
|-unboost|p1a: Barraskewda|def|1
|-unboost|p1a: Barraskewda|spd|1
|faint|p2a: Escargot
|
|-weather|RainDance|[upkeep]
|upkeep
|
|t:|1758242831
|switch|p2a: Kick Chicken|Blaziken, F|100/100
|turn|4
|
|t:|1758242838
|switch|p1a: Pincurchin|Pincurchin, M|100/100
|-fieldstart|move: Electric Terrain|[from] ability: Electric Surge|[of] p1a: Pincurchin
|move|p2a: Kick Chicken|Protect||[still]
|-fail|p2a: Kick Chicken
|
|-weather|RainDance|[upkeep]
|-ability|p2a: Kick Chicken|Speed Boost|boost
|-boost|p2a: Kick Chicken|spe|1
|upkeep
|turn|5
|
|t:|1758242843
|move|p2a: Kick Chicken|Temper Flare|p1a: Pincurchin
|-damage|p1a: Pincurchin|67/100
|move|p1a: Pincurchin|Scald|p2a: Kick Chicken
|-supereffective|p2a: Kick Chicken
|-damage|p2a: Kick Chicken|18/100
|
|-weather|RainDance|[upkeep]
|-ability|p2a: Kick Chicken|Speed Boost|boost
|-boost|p2a: Kick Chicken|spe|1
|upkeep
|turn|6
|
|t:|1758242850
|move|p2a: Kick Chicken|Close Combat|p1a: Pincurchin
|-damage|p1a: Pincurchin|7/100
|-unboost|p2a: Kick Chicken|def|1
|-unboost|p2a: Kick Chicken|spd|1
|move|p1a: Pincurchin|Scald|p2a: Kick Chicken
|-supereffective|p2a: Kick Chicken
|-damage|p2a: Kick Chicken|0 fnt
|faint|p2a: Kick Chicken
|
|-weather|RainDance|[upkeep]
|upkeep
|
|t:|1758242859
|switch|p2a: Dogo|Iron Treads|100/100
|-activate|p2a: Dogo|ability: Quark Drive
|-start|p2a: Dogo|quarkdriveatk
|turn|7
|
|t:|1758242863
|move|p2a: Dogo|Rapid Spin|p1a: Pincurchin
|-damage|p1a: Pincurchin|0 fnt
|-boost|p2a: Dogo|spe|1
|faint|p1a: Pincurchin
|
|-weather|RainDance|[upkeep]
|upkeep
|
|t:|1758242872
|switch|p1a: Barraskewda|Barraskewda, F|100/100
|turn|8
|
|t:|1758242874
|move|p1a: Barraskewda|Liquidation|p2a: Dogo
|-supereffective|p2a: Dogo
|-damage|p2a: Dogo|0 fnt
|faint|p2a: Dogo
|-end|p2a: Dogo|Quark Drive|[silent]
|
|-weather|none
|upkeep
|
|t:|1758242879
|switch|p2a: Majesty|Iron Valiant, shiny|100/100
|-activate|p2a: Majesty|ability: Quark Drive
|-start|p2a: Majesty|quarkdrivespe
|turn|9
|
|t:|1758242883
|switch|p1a: Iron Treads|Iron Treads|100/100
|-activate|p1a: Iron Treads|ability: Quark Drive
|-start|p1a: Iron Treads|quarkdrivespe
|move|p2a: Majesty|Thunderbolt|p1a: Iron Treads
|-immune|p1a: Iron Treads
|
|upkeep
|turn|10
|
|t:|1758242890
|-terastallize|p2a: Majesty|Steel
|move|p2a: Majesty|Aura Sphere|p1a: Iron Treads
|-supereffective|p1a: Iron Treads
|-damage|p1a: Iron Treads|0 fnt
|faint|p1a: Iron Treads
|-end|p1a: Iron Treads|Quark Drive|[silent]
|
|upkeep
|
|t:|1758242898
|switch|p1a: Raging Bolt|Raging Bolt|100/100
|-enditem|p1a: Raging Bolt|Booster Energy
|-activate|p1a: Raging Bolt|ability: Protosynthesis|[fromitem]
|-start|p1a: Raging Bolt|protosynthesisspa
|turn|11
|
|t:|1758242903
|-end|p2a: Majesty|Quark Drive|[silent]
|switch|p2a: Baby Shark|Garchomp, M|100/100
|-terastallize|p1a: Raging Bolt|Fairy
|move|p1a: Raging Bolt|Rising Voltage|p2a: Baby Shark
|-immune|p2a: Baby Shark
|
|-fieldend|move: Electric Terrain
|upkeep
|turn|12
|
|t:|1758242908
|move|p2a: Baby Shark|Earthquake|p1a: Raging Bolt
|-damage|p1a: Raging Bolt|55/100
|move|p1a: Raging Bolt|Dragon Pulse|p2a: Baby Shark
|-supereffective|p2a: Baby Shark
|-damage|p2a: Baby Shark|0 fnt
|faint|p2a: Baby Shark
|
|upkeep
|
|t:|1758242913
|switch|p2a: Majesty|Iron Valiant, shiny, tera:Steel|100/100
|turn|13
|
|t:|1758242916
|move|p1a: Raging Bolt|Thunderclap|p2a: Majesty
|-damage|p2a: Majesty|8/100
|move|p2a: Majesty|Moonblast|p1a: Raging Bolt
|-damage|p1a: Raging Bolt|15/100
|
|upkeep
|turn|14
|
|t:|1758242920
|move|p1a: Raging Bolt|Thunderclap|p2a: Majesty
|-damage|p2a: Majesty|0 fnt
|faint|p2a: Majesty
|-end|p2a: Majesty|Quark Drive|[silent]
|
|upkeep
|
|t:|1758242922
|switch|p2a: Kiddy Pool|Azumarill, F, shiny|100/100
|turn|15
|
|t:|1758242925
|move|p2a: Kiddy Pool|Aqua Jet|p1a: Raging Bolt
|-damage|p1a: Raging Bolt|0 fnt
|faint|p1a: Raging Bolt
|-end|p1a: Raging Bolt|Protosynthesis|[silent]
|
|upkeep
|
|t:|1758242934
|switch|p1a: Iron Jugulis|Iron Jugulis|100/100
|turn|16
|
|t:|1758242937
|move|p1a: Iron Jugulis|Hurricane|p2a: Kiddy Pool
|-damage|p2a: Kiddy Pool|19/100
|-enditem|p2a: Kiddy Pool|Sitrus Berry|[eat]
|-heal|p2a: Kiddy Pool|44/100|[from] item: Sitrus Berry
|move|p2a: Kiddy Pool|Play Rough|p1a: Iron Jugulis|[miss]
|-miss|p2a: Kiddy Pool|p1a: Iron Jugulis
|
|upkeep
|turn|17
|
|t:|1758242942
|move|p1a: Iron Jugulis|Hurricane|p2a: Kiddy Pool
|-damage|p2a: Kiddy Pool|0 fnt
|faint|p2a: Kiddy Pool
|
|win|expsnake
|raw|expsnake's rating: 1494 &rarr; <strong>1513</strong><br />(+19 for winning)
|raw|meio_potato's rating: 1485 &rarr; <strong>1466</strong><br />(-19 for losing)
|l|☆expsnake
|player|p1|
|l|☆meio_potato
|player|p2|
