|j|☆papichulomiamor
|j|☆harleywood
|t:|1758291416
|gametype|singles
|player|p1|papichulomiamor|swimmer-gen4dp|1182
|player|p2|harleywood|cyclistf-gen4|1168
|gen|9
|tier|[Gen 9] OU
|rated|
|rule|HP Percentage Mod: HP is shown in percentages
|rule|Endless Battle Clause: Forcing endless battles is banned
|rule|Species Clause: Limit one of each Pokémon
|rule|OHKO Clause: OHKO moves are banned
|rule|Evasion Items Clause: Evasion items are banned
|rule|Evasion Moves Clause: Evasion moves are banned
|rule|Evasion Abilities Clause: Evasion abilities are banned
|rule|Sleep Moves Clause: Sleep-inducing moves are banned
|clearpoke
|poke|p1|Heatran, M|
|poke|p1|Dragapult, M|
|poke|p1|Clefable, M|
|poke|p1|Great Tusk|
|poke|p1|Ogerpon-Wellspring, F|
|poke|p1|Mandibuzz, F|
|poke|p2|Skeledirge, M|
|poke|p2|Tinkaton, F|
|poke|p2|Clodsire, M|
|poke|p2|Pawmot, M|
|poke|p2|Ogerpon-Wellspring, F|
|poke|p2|Rotom-Wash|
|teampreview
|inactive|Battle timer is ON: inactive players will automatically lose when time's up. (requested by harleywood)
|inactive|papichulomiamor also wants the timer to be on.
|
|t:|1758291463
|teamsize|p1|6
|teamsize|p2|6
|start
|switch|p1a: Heatran|Heatran, M, shiny|100/100
|switch|p2a: Lag|Rotom-Wash, shiny|100/100
|-item|p1a: Heatran|Air Balloon
|turn|1
|
|t:|1758291476
|move|p2a: Lag|Trick|p1a: Heatran
|-activate|p2a: Lag|move: Trick|[of] p1a: Heatran
|-item|p1a: Heatran|Choice Scarf|[from] move: Trick
|-item|p2a: Lag|Air Balloon
|-item|p2a: Lag|Air Balloon|[from] move: Trick
|move|p1a: Heatran|Stealth Rock|p2a: Lag
|-sidestart|p2: harleywood|move: Stealth Rock
|
|upkeep
|turn|2
|
|t:|1758291489
|switch|p1a: Mandibuzz|Mandibuzz, F, shiny|100/100
|move|p2a: Lag|Substitute|p2a: Lag
|-start|p2a: Lag|Substitute
|-damage|p2a: Lag|76/100
|
|upkeep
|turn|3
|
|t:|1758291497
|move|p2a: Lag|Thunderbolt|p1a: Mandibuzz
|-supereffective|p1a: Mandibuzz
|-damage|p1a: Mandibuzz|28/100
|move|p1a: Mandibuzz|U-turn|p2a: Lag
|-activate|p2a: Lag|move: Substitute|[damage]
|-enditem|p2a: Lag|Air Balloon
|
|t:|1758291506
|switch|p1a: Great Tusk|Great Tusk|100/100|[from] U-turn
|
|upkeep
|turn|4
|
|t:|1758291518
|move|p1a: Great Tusk|Rapid Spin|p2a: Lag
|-end|p2a: Lag|Substitute
|-boost|p1a: Great Tusk|spe|1
|move|p2a: Lag|Hydro Pump|p1a: Great Tusk
|-supereffective|p1a: Great Tusk
|-damage|p1a: Great Tusk|0 fnt
|faint|p1a: Great Tusk
|-end|p1a: Great Tusk|Protosynthesis|[silent]
|
|upkeep
|
|t:|1758291529
|switch|p1a: Ogerpon|Ogerpon-Wellspring, F|100/100
|turn|5
|
|t:|1758291536
|move|p1a: Ogerpon|Power Whip|p2a: Lag|[miss]
|-miss|p1a: Ogerpon|p2a: Lag
|move|p2a: Lag|Trick||[still]
|-fail|p2a: Lag
|
|upkeep
|turn|6
|
|t:|1758291542
|move|p1a: Ogerpon|Power Whip|p2a: Lag
|-supereffective|p2a: Lag
|-damage|p2a: Lag|0 fnt
|faint|p2a: Lag
|
|upkeep
|c|☆harleywood|idk why i did that lol
|
|t:|1758291558
|switch|p2a: Choco Taco|Clodsire, M|100/100
|-damage|p2a: Choco Taco|94/100|[from] Stealth Rock
|turn|7
|
|t:|1758291565
|move|p1a: Ogerpon|Swords Dance|p1a: Ogerpon
|-boost|p1a: Ogerpon|atk|2
|move|p2a: Choco Taco|Toxic|p1a: Ogerpon
|-status|p1a: Ogerpon|tox
|
|-heal|p2a: Choco Taco|100/100|[from] item: Black Sludge
|-damage|p1a: Ogerpon|95/100 tox|[from] psn
|upkeep
|turn|8
|
|t:|1758291573
|move|p1a: Ogerpon|Ivy Cudgel|p2a: Choco Taco|[anim] Ivy Cudgel Water
|-immune|p2a: Choco Taco|[from] ability: Water Absorb
|move|p2a: Choco Taco|Stealth Rock|p1a: Ogerpon
|-sidestart|p1: papichulomiamor|move: Stealth Rock
|
|-damage|p1a: Ogerpon|83/100 tox|[from] psn
|upkeep
|turn|9
|
|t:|1758291588
|move|p1a: Ogerpon|Power Whip|p2a: Choco Taco
|-damage|p2a: Choco Taco|0 fnt
|faint|p2a: Choco Taco
|
|-damage|p1a: Ogerpon|65/100 tox|[from] psn
|upkeep
|
|t:|1758291598
|switch|p2a: Megaera|Ogerpon-Wellspring, F|100/100
|-damage|p2a: Megaera|88/100|[from] Stealth Rock
|turn|10
|
|t:|1758291610
|move|p2a: Megaera|Spiky Shield|p2a: Megaera
|-singleturn|p2a: Megaera|move: Protect
|move|p1a: Ogerpon|Power Whip|p2a: Megaera
|-activate|p2a: Megaera|move: Protect
|-damage|p1a: Ogerpon|52/100 tox|[from] Spiky Shield|[of] p2a: Megaera
|
|-damage|p1a: Ogerpon|28/100 tox|[from] psn
|upkeep
|turn|11
|
|t:|1758291624
|move|p2a: Megaera|Spiky Shield|p2a: Megaera
|-singleturn|p2a: Megaera|move: Protect
|move|p1a: Ogerpon|Power Whip|p2a: Megaera
|-activate|p2a: Megaera|move: Protect
|-damage|p1a: Ogerpon|16/100 tox|[from] Spiky Shield|[of] p2a: Megaera
|
|-damage|p1a: Ogerpon|0 fnt|[from] psn
|faint|p1a: Ogerpon
|upkeep
|c|☆papichulomiamor|wild
|c|☆harleywood|damnnn
|
|t:|1758291641
|switch|p1a: Mandibuzz|Mandibuzz, F, shiny|28/100
|turn|12
|c|☆harleywood|that is crazy yeah
|
|t:|1758291647
|move|p2a: Megaera|Ivy Cudgel|p1a: Mandibuzz|[anim] Ivy Cudgel Water
|-damage|p1a: Mandibuzz|0 fnt
|faint|p1a: Mandibuzz
|
|upkeep
|
|t:|1758291660
|switch|p1a: Clefable|Clefable, M, shiny|100/100
|turn|13
|inactive|harleywood has 120 seconds left.
|
|t:|1758291693
|move|p2a: Megaera|Knock Off|p1a: Clefable
|-resisted|p1a: Clefable
|-damage|p1a: Clefable|80/100
|-enditem|p1a: Clefable|Leftovers|[from] move: Knock Off|[of] p2a: Megaera
|move|p1a: Clefable|Thunder Wave|p2a: Megaera
|-status|p2a: Megaera|par
|
|upkeep
|turn|14
|inactive|harleywood has 120 seconds left.
|
|t:|1758291703
|move|p2a: Megaera|Ivy Cudgel|p1a: Clefable|[anim] Ivy Cudgel Water
|-damage|p1a: Clefable|17/100
|move|p1a: Clefable|Knock Off|p2a: Megaera
|-damage|p2a: Megaera|73/100 par
|
|upkeep
|turn|15
|
|t:|1758291712
|move|p2a: Megaera|Horn Leech|p1a: Clefable
|-damage|p1a: Clefable|0 fnt
|-heal|p2a: Megaera|84/100 par|[from] drain|[of] p1a: Clefable
|faint|p1a: Clefable
|
|upkeep
|
|t:|1758291720
|switch|p1a: Heatran|Heatran, M, shiny|100/100
|-damage|p1a: Heatran|88/100|[from] Stealth Rock
|turn|16
|
|t:|1758291739
|-terastallize|p1a: Heatran|Grass
|move|p1a: Heatran|Magma Storm|p2a: Megaera
|-damage|p2a: Megaera|34/100 par
|-activate|p2a: Megaera|move: Magma Storm|[of] p1a: Heatran
|move|p2a: Megaera|Ivy Cudgel|p1a: Heatran|[anim] Ivy Cudgel Water
|-resisted|p1a: Heatran
|-damage|p1a: Heatran|63/100
|
|-damage|p2a: Megaera|22/100 par|[from] move: Magma Storm|[partiallytrapped]
|upkeep
|turn|17
|
|t:|1758291754
|move|p1a: Heatran|Magma Storm|p2a: Megaera
|-damage|p2a: Megaera|0 fnt
|faint|p2a: Megaera
|
|upkeep
|inactive|harleywood has 120 seconds left.
|
|t:|1758291782
|switch|p2a: Oboe|Pawmot, M|100/100
|-damage|p2a: Oboe|94/100|[from] Stealth Rock
|turn|18
|
|t:|1758291794
|move|p2a: Oboe|Thunder Wave|p1a: Heatran
|-status|p1a: Heatran|par
|move|p1a: Heatran|Magma Storm|p2a: Oboe
|-damage|p2a: Oboe|9/100
|-activate|p2a: Oboe|move: Magma Storm|[of] p1a: Heatran
|
|-damage|p2a: Oboe|0 fnt|[from] move: Magma Storm|[partiallytrapped]
|faint|p2a: Oboe
|upkeep
|
|t:|1758291802
|switch|p2a: Bonka|Tinkaton, F|100/100
|-damage|p2a: Bonka|94/100|[from] Stealth Rock
|-ability|p2a: Bonka|Mold Breaker
|turn|19
|
|t:|1758291809
|move|p2a: Bonka|Gigaton Hammer|p1a: Heatran
|-damage|p1a: Heatran|0 fnt
|faint|p1a: Heatran
|-damage|p2a: Bonka|84/100|[from] item: Life Orb
|
|upkeep
|
|t:|1758291816
|switch|p1a: Dragapult|Dragapult, M, shiny|100/100
|-damage|p1a: Dragapult|88/100|[from] Stealth Rock
|turn|20
|
|t:|1758291837
|move|p1a: Dragapult|Hex|p2a: Bonka
|-damage|p2a: Bonka|38/100
|move|p2a: Bonka|Knock Off|p1a: Dragapult
|-supereffective|p1a: Dragapult
|-damage|p1a: Dragapult|4/100
|-enditem|p1a: Dragapult|Choice Specs|[from] move: Knock Off|[of] p2a: Bonka
|-damage|p2a: Bonka|28/100|[from] item: Life Orb
|
|upkeep
|turn|21
|
|t:|1758291845
|move|p1a: Dragapult|Flamethrower|p2a: Bonka
|-supereffective|p2a: Bonka
|-damage|p2a: Bonka|0 fnt
|faint|p2a: Bonka
|
|upkeep
|
|t:|1758291850
|switch|p2a: Bozo|Skeledirge, M|100/100
|-damage|p2a: Bozo|75/100|[from] Stealth Rock
|turn|22
|
|t:|1758291856
|-terastallize|p2a: Bozo|Fire
|move|p1a: Dragapult|Hex|p2a: Bozo
|-damage|p2a: Bozo|54/100
|move|p2a: Bozo|Torch Song|p1a: Dragapult
|-resisted|p1a: Dragapult
|-damage|p1a: Dragapult|0 fnt
|-boost|p2a: Bozo|spa|1
|faint|p1a: Dragapult
|
|win|harleywood
|raw|papichulomiamor's rating: 1182 &rarr; <strong>1156</strong><br />(-26 for losing)
|raw|harleywood's rating: 1168 &rarr; <strong>1194</strong><br />(+26 for winning)
|c|☆harleywood|gg
|l|☆papichulomiamor
|player|p1|
