|j|☆Hhoottddoogg
|j|‽Axj5869
|t:|1758285095
|gametype|singles
|player|p1|Hhoottddoogg|1|1357
|player|p2|Axj5869|266|1397
|gen|9
|tier|[Gen 9] OU
|rated|
|rule|HP Percentage Mod: HP is shown in percentages
|rule|Endless Battle Clause: Forcing endless battles is banned
|rule|Species Clause: Limit one of each Pokémon
|rule|OHKO Clause: OHKO moves are banned
|rule|Evasion Items Clause: Evasion items are banned
|rule|Evasion Moves Clause: Evasion moves are banned
|rule|Evasion Abilities Clause: Evasion abilities are banned
|rule|Sleep Moves Clause: Sleep-inducing moves are banned
|clearpoke
|poke|p1|Kingambit, M|
|poke|p1|Empoleon, M|
|poke|p1|Serperior, F|
|poke|p1|Vikavolt, M|
|poke|p1|Moltres-Galar|
|poke|p1|Slowbro-Galar, F|
|poke|p2|Kyurem|
|poke|p2|Pecharunt|
|poke|p2|Dragonite, F|
|poke|p2|Meowscarada, F|
|poke|p2|Kingambit, M|
|poke|p2|Samurott-Hisui, F|
|teampreview
|
|t:|1758285108
|teamsize|p1|6
|teamsize|p2|6
|start
|switch|p1a: Vikavolt|Vikavolt, M|100/100
|switch|p2a: Samurott|Samurott-Hisui, F|100/100
|turn|1
|
|t:|1758285125
|move|p2a: Samurott|Ceaseless Edge|p1a: Vikavolt
|-damage|p1a: Vikavolt|57/100
|-sidestart|p1: Hhoottddoogg|Spikes
|move|p1a: Vikavolt|Bug Buzz|p2a: Samurott
|-supereffective|p2a: Samurott
|-damage|p2a: Samurott|0 fnt
|faint|p2a: Samurott
|
|upkeep
|
|t:|1758285132
|switch|p2a: Meowscarada|Meowscarada, F|100/100
|turn|2
|
|t:|1758285138
|move|p2a: Meowscarada|U-turn|p1a: Vikavolt
|-start|p2a: Meowscarada|typechange|Bug|[from] ability: Protean
|-damage|p1a: Vikavolt|7/100
|
|t:|1758285147
|switch|p2a: Kyurem|Kyurem|100/100|[from] U-turn
|-ability|p2a: Kyurem|Pressure
|move|p1a: Vikavolt|Sticky Web|p2a: Kyurem
|-sidestart|p2: Axj5869|move: Sticky Web
|
|upkeep
|turn|3
|
|t:|1758285151
|move|p2a: Kyurem|Dragon Dance|p2a: Kyurem
|-boost|p2a: Kyurem|atk|1
|-boost|p2a: Kyurem|spe|1
|move|p1a: Vikavolt|Bug Buzz|p2a: Kyurem
|-damage|p2a: Kyurem|44/100
|
|upkeep
|turn|4
|
|t:|1758285157
|move|p2a: Kyurem|Icicle Spear|p1a: Vikavolt
|-damage|p1a: Vikavolt|0 fnt
|faint|p1a: Vikavolt
|-hitcount|p1: Vikavolt|1
|
|upkeep
|
|t:|1758285159
|switch|p1a: Kingambit|Kingambit, M|100/100
|-damage|p1a: Kingambit|88/100|[from] Spikes
|turn|5
|
|t:|1758285165
|move|p2a: Kyurem|Earth Power|p1a: Kingambit
|-supereffective|p1a: Kingambit
|-damage|p1a: Kingambit|35/100
|-unboost|p1a: Kingambit|spd|1
|-ability|p1a: Kingambit|Defiant|boost
|-boost|p1a: Kingambit|atk|2
|move|p1a: Kingambit|Iron Head|p2a: Kyurem
|-supereffective|p2a: Kyurem
|-damage|p2a: Kyurem|0 fnt
|faint|p2a: Kyurem
|
|upkeep
|
|t:|1758285208
|switch|p2a: Kingambit|Kingambit, M|100/100
|-activate|p2a: Kingambit|move: Sticky Web
|-unboost|p2a: Kingambit|spe|1
|-activate|p2a: Kingambit|ability: Supreme Overlord
|-start|p2a: Kingambit|fallen2|[silent]
|turn|6
|
|t:|1758285212
|move|p1a: Kingambit|Brick Break|p2a: Kingambit
|-supereffective|p2a: Kingambit
|-damage|p2a: Kingambit|0 fnt
|faint|p2a: Kingambit
|-end|p2a: Kingambit|fallen2|[silent]
|
|upkeep
|
|t:|1758285216
|switch|p2a: Pecharunt|Pecharunt|100/100
|-activate|p2a: Pecharunt|move: Sticky Web
|-unboost|p2a: Pecharunt|spe|1
|turn|7
|-message|Axj5869 forfeited.
|
|win|Hhoottddoogg
|raw|Hhoottddoogg's rating: 1357 &rarr; <strong>1379</strong><br />(+22 for winning)
|raw|Axj5869's rating: 1397 &rarr; <strong>1375</strong><br />(-22 for losing)
|l|‽Axj5869
|player|p2|
|l|☆Hhoottddoogg
|player|p1|
