|j|☆musheng木生ovo
|j|☆Desert Tail
|t:|1758347767
|gametype|singles
|player|p1|musheng木生ovo|preschoolerf|1049
|player|p2|Desert Tail|169|1137
|gen|9
|tier|[Gen 9] OU
|rated|
|rule|HP Percentage Mod: HP is shown in percentages
|rule|Endless Battle Clause: Forcing endless battles is banned
|rule|Species Clause: Limit one of each Pokémon
|rule|OHKO Clause: OHKO moves are banned
|rule|Evasion Items Clause: Evasion items are banned
|rule|Evasion Moves Clause: Evasion moves are banned
|rule|Evasion Abilities Clause: Evasion abilities are banned
|rule|Sleep Moves Clause: Sleep-inducing moves are banned
|clearpoke
|poke|p1|Smeargle, M|
|poke|p1|Espeon, F|
|poke|p1|Ninetales, F|
|poke|p1|Charizard, M|
|poke|p1|Leafeon, F|
|poke|p1|Ceruledge, M|
|poke|p2|Raichu, F|
|poke|p2|Ninetales-Alola, M|
|poke|p2|Gallade, M|
|poke|p2|Crabominable, M|
|poke|p2|Sandaconda, M|
|poke|p2|Polteageist|
|teampreview
|
|t:|1758347790
|teamsize|p1|6
|teamsize|p2|6
|start
|switch|p1a: 狗|Smeargle, M, shiny|100/100
|switch|p2a: Abombom|Crabominable, M, shiny|100/100
|turn|1
|
|t:|1758347800
|move|p1a: 狗|Sticky Web|p2a: Abombom
|-sidestart|p2: Desert Tail|move: Sticky Web
|move|p2a: Abombom|Bulk Up|p2a: Abombom
|-boost|p2a: Abombom|atk|1
|-boost|p2a: Abombom|def|1
|
|upkeep
|turn|2
|
|t:|1758347806
|move|p1a: 狗|Mortal Spin|p2a: Abombom
|-damage|p2a: Abombom|99/100
|-status|p2a: Abombom|psn
|move|p2a: Abombom|Bulk Up|p2a: Abombom
|-boost|p2a: Abombom|atk|1
|-boost|p2a: Abombom|def|1
|
|-heal|p2a: Abombom|100/100 psn|[from] item: Leftovers
|-damage|p2a: Abombom|88/100 psn|[from] psn
|upkeep
|turn|3
|
|t:|1758347817
|move|p1a: 狗|Stone Axe|p2a: Abombom
|-damage|p2a: Abombom|86/100 psn
|-sidestart|p2: Desert Tail|move: Stealth Rock
|move|p2a: Abombom|Bulk Up|p2a: Abombom
|-boost|p2a: Abombom|atk|1
|-boost|p2a: Abombom|def|1
|
|-heal|p2a: Abombom|92/100 psn|[from] item: Leftovers
|-damage|p2a: Abombom|79/100 psn|[from] psn
|upkeep
|turn|4
|
|t:|1758347827
|move|p1a: 狗|Ceaseless Edge|p2a: Abombom
|-resisted|p2a: Abombom
|-damage|p2a: Abombom|78/100 psn
|-sidestart|p2: Desert Tail|Spikes
|move|p2a: Abombom|Drain Punch|p1a: 狗
|-supereffective|p1a: 狗
|-enditem|p1a: 狗|Focus Sash
|-damage|p1a: 狗|1/100
|-heal|p2a: Abombom|100/100 psn|[from] drain|[of] p1a: 狗
|
|-damage|p2a: Abombom|88/100 psn|[from] psn
|upkeep
|turn|5
|
|t:|1758347842
|move|p1a: 狗|Ceaseless Edge|p2a: Abombom
|-resisted|p2a: Abombom
|-damage|p2a: Abombom|87/100 psn
|-sidestart|p2: Desert Tail|Spikes
|move|p2a: Abombom|Drain Punch|p1a: 狗
|-supereffective|p1a: 狗
|-damage|p1a: 狗|0 fnt
|-heal|p2a: Abombom|87/100 psn|[from] drain|[of] p1a: 狗
|faint|p1a: 狗
|
|-heal|p2a: Abombom|93/100 psn|[from] item: Leftovers
|-damage|p2a: Abombom|81/100 psn|[from] psn
|upkeep
|
|t:|1758347859
|switch|p1a: 大狐狸|Ninetales, F, shiny|100/100
|-weather|SunnyDay|[from] ability: Drought|[of] p1a: 大狐狸
|turn|6
|
|t:|1758347875
|switch|p1a: 物防比命还高|Leafeon, F, shiny|100/100
|-terastallize|p2a: Abombom|Ghost
|move|p2a: Abombom|Drain Punch|p1a: 物防比命还高
|-damage|p1a: 物防比命还高|0 fnt
|-heal|p2a: Abombom|100/100 psn|[from] drain|[of] p1a: 物防比命还高
|faint|p1a: 物防比命还高
|
|-weather|SunnyDay|[upkeep]
|-damage|p2a: Abombom|88/100 psn|[from] psn
|upkeep
|
|t:|1758347888
|switch|p1a: 贵|Ceruledge, M, shiny|100/100
|turn|7
|
|t:|1758347892
|move|p1a: 贵|Shadow Sneak|p2a: Abombom
|-supereffective|p2a: Abombom
|-damage|p2a: Abombom|70/100 psn
|move|p2a: Abombom|Thunder Punch|p1a: 贵
|-enditem|p1a: 贵|Focus Sash
|-damage|p1a: 贵|1/100
|-ability|p1a: 贵|Weak Armor|boost
|-unboost|p1a: 贵|def|1
|-boost|p1a: 贵|spe|2
|
|-weather|SunnyDay|[upkeep]
|-heal|p2a: Abombom|76/100 psn|[from] item: Leftovers
|-damage|p2a: Abombom|63/100 psn|[from] psn
|upkeep
|turn|8
|
|t:|1758347905
|move|p1a: 贵|Bitter Blade|p2a: Abombom
|-damage|p2a: Abombom|33/100 psn
|-heal|p1a: 贵|19/100|[from] drain|[of] p2a: Abombom
|move|p2a: Abombom|Thunder Punch|p1a: 贵
|-damage|p1a: 贵|0 fnt
|faint|p1a: 贵
|
|-weather|SunnyDay|[upkeep]
|-heal|p2a: Abombom|39/100 psn|[from] item: Leftovers
|-damage|p2a: Abombom|26/100 psn|[from] psn
|upkeep
|
|t:|1758347910
|switch|p1a: 不是龙|Charizard, M, shiny|100/100
|turn|9
|
|t:|1758347915
|move|p1a: 不是龙|Weather Ball|p2a: Abombom
|-damage|p2a: Abombom|0 fnt
|faint|p2a: Abombom
|
|-weather|SunnyDay|[upkeep]
|upkeep
|
|t:|1758347922
|switch|p2a: MaleQueen|Ninetales-Alola, M, shiny|100/100
|-activate|p2a: MaleQueen|move: Sticky Web
|-unboost|p2a: MaleQueen|spe|1
|-damage|p2a: MaleQueen|76/100|[from] Stealth Rock
|-damage|p2a: MaleQueen|59/100|[from] Spikes
|-weather|Snowscape|[from] ability: Snow Warning|[of] p2a: MaleQueen
|turn|10
|
|t:|1758347935
|switch|p1a: 大狐狸|Ninetales, F, shiny|100/100
|-weather|SunnyDay|[from] ability: Drought|[of] p1a: 大狐狸
|switch|p2a: Sin|Sandaconda, M, shiny|100/100
|-activate|p2a: Sin|move: Sticky Web
|-unboost|p2a: Sin|spe|1
|-damage|p2a: Sin|95/100|[from] Stealth Rock
|-damage|p2a: Sin|78/100|[from] Spikes
|
|-weather|SunnyDay|[upkeep]
|-heal|p2a: Sin|84/100|[from] item: Leftovers
|upkeep
|turn|11
|
|t:|1758347947
|switch|p1a: 不是龙|Charizard, M, shiny|100/100
|move|p2a: Sin|Coil|p2a: Sin
|-boost|p2a: Sin|atk|1
|-boost|p2a: Sin|def|1
|-boost|p2a: Sin|accuracy|1
|
|-weather|SunnyDay|[upkeep]
|-heal|p2a: Sin|90/100|[from] item: Leftovers
|upkeep
|turn|12
|
|t:|1758347960
|move|p1a: 不是龙|Solar Beam||[still]
|-prepare|p1a: 不是龙|Solar Beam
|-anim|p1a: 不是龙|Solar Beam|p2a: Sin
|-supereffective|p2a: Sin
|-damage|p2a: Sin|10/100
|-weather|Sandstorm|[from] ability: Sand Spit|[of] p2a: Sin
|move|p2a: Sin|Dragon Rush|p1a: 不是龙
|-damage|p1a: 不是龙|35/100
|
|-weather|Sandstorm|[upkeep]
|-damage|p1a: 不是龙|29/100|[from] Sandstorm
|-heal|p2a: Sin|16/100|[from] item: Leftovers
|upkeep
|turn|13
|
|t:|1758347973
|move|p1a: 不是龙|Solar Beam||[still]
|-prepare|p1a: 不是龙|Solar Beam
|move|p2a: Sin|Dragon Rush|p1a: 不是龙
|-damage|p1a: 不是龙|0 fnt
|faint|p1a: 不是龙
|
|-weather|Sandstorm|[upkeep]
|-heal|p2a: Sin|22/100|[from] item: Leftovers
|upkeep
|
|t:|1758347976
|switch|p1a: 大狐狸|Ninetales, F, shiny|100/100
|-weather|SunnyDay|[from] ability: Drought|[of] p1a: 大狐狸
|turn|14
|
|t:|1758347985
|move|p1a: 大狐狸|Solar Beam||[still]
|-prepare|p1a: 大狐狸|Solar Beam
|-anim|p1a: 大狐狸|Solar Beam|p2a: Sin
|-supereffective|p2a: Sin
|-damage|p2a: Sin|0 fnt
|-weather|Sandstorm|[from] ability: Sand Spit|[of] p2a: Sin
|faint|p2a: Sin
|
|-weather|Sandstorm|[upkeep]
|-damage|p1a: 大狐狸|95/100|[from] Sandstorm
|upkeep
|
|t:|1758348004
|switch|p2a: Silver|Gallade, M, shiny|100/100
|-activate|p2a: Silver|move: Sticky Web
|-unboost|p2a: Silver|spe|1
|-damage|p2a: Silver|94/100|[from] Stealth Rock
|-damage|p2a: Silver|78/100|[from] Spikes
|turn|15
|j| vywxiwjxjwk
|
|t:|1758348014
|switch|p1a: 外星人小猫|Espeon, F, shiny|100/100
|move|p2a: Silver|Agility|p2a: Silver
|-boost|p2a: Silver|spe|2
|
|-weather|Sandstorm|[upkeep]
|-damage|p2a: Silver|72/100|[from] Sandstorm
|-damage|p1a: 外星人小猫|95/100|[from] Sandstorm
|upkeep
|turn|16
|
|t:|1758348028
|move|p2a: Silver|Leaf Blade|p1a: 外星人小猫
|-damage|p1a: 外星人小猫|0 fnt
|faint|p1a: 外星人小猫
|
|-weather|Sandstorm|[upkeep]
|-damage|p2a: Silver|65/100|[from] Sandstorm
|upkeep
|
|t:|1758348037
|switch|p1a: 大狐狸|Ninetales, F, shiny|95/100
|-weather|SunnyDay|[from] ability: Drought|[of] p1a: 大狐狸
|turn|17
|
|t:|1758348067
|-terastallize|p1a: 大狐狸|Fire
|move|p2a: Silver|Sacred Sword|p1a: 大狐狸
|-damage|p1a: 大狐狸|0 fnt
|faint|p1a: 大狐狸
|
|win|Desert Tail
|raw|musheng木生ovo's rating: 1049 &rarr; <strong>1036</strong><br />(-13 for losing)
|raw|Desert Tail's rating: 1137 &rarr; <strong>1156</strong><br />(+19 for winning)
|c|☆Desert Tail|gg
|l|☆musheng木生ovo
|player|p1|
|l|☆Desert Tail
|player|p2|
