|j|☆LordFueg
|j|☆djams
|t:|1758331212
|gametype|singles
|player|p1|LordFueg|102|1478
|player|p2|djams|266|1501
|gen|9
|tier|[Gen 9] OU
|rated|
|rule|HP Percentage Mod: HP is shown in percentages
|rule|Endless Battle Clause: Forcing endless battles is banned
|rule|Species Clause: Limit one of each Pokémon
|rule|OHKO Clause: OHKO moves are banned
|rule|Evasion Items Clause: Evasion items are banned
|rule|Evasion Moves Clause: Evasion moves are banned
|rule|Evasion Abilities Clause: Evasion abilities are banned
|rule|Sleep Moves Clause: Sleep-inducing moves are banned
|clearpoke
|poke|p1|Comfey, F|
|poke|p1|Whimsicott, F|
|poke|p1|Ting-Lu|
|poke|p1|Walking Wake|
|poke|p1|Great Tusk|
|poke|p1|Ninetales, F|
|poke|p2|Kingdra, M|
|poke|p2|Pelipper, M|
|poke|p2|Barraskewda, F|
|poke|p2|Iron Crown|
|poke|p2|Great Tusk|
|poke|p2|Moltres|
|teampreview
|inactive|Battle timer is ON: inactive players will automatically lose when time's up. (requested by LordFueg)
|
|t:|1758331229
|teamsize|p1|6
|teamsize|p2|6
|start
|switch|p1a: Walking Wake|Walking Wake|100/100
|switch|p2a: KFC|Pelipper, M|100/100
|-weather|RainDance|[from] ability: Drizzle|[of] p2a: KFC
|turn|1
|
|t:|1758331235
|switch|p2a: Sergio Perez|Iron Crown|100/100
|move|p1a: Walking Wake|Knock Off|p2a: Sergio Perez
|-supereffective|p2a: Sergio Perez
|-damage|p2a: Sergio Perez|64/100
|-enditem|p2a: Sergio Perez|Assault Vest|[from] move: Knock Off|[of] p1a: Walking Wake
|
|-weather|RainDance|[upkeep]
|upkeep
|turn|2
|
|t:|1758331246
|move|p2a: Sergio Perez|Volt Switch|p1a: Walking Wake
|-damage|p1a: Walking Wake|86/100
|
|t:|1758331250
|-end|p2a: Sergio Perez|Quark Drive|[silent]
|switch|p2a: Vigilance Violet|Kingdra, M, shiny|100/100|[from] Volt Switch
|move|p1a: Walking Wake|Hydro Steam|p2a: Vigilance Violet
|-resisted|p2a: Vigilance Violet
|-damage|p2a: Vigilance Violet|85/100
|
|-weather|RainDance|[upkeep]
|upkeep
|turn|3
|
|t:|1758331269
|-end|p1a: Walking Wake|Protosynthesis|[silent]
|switch|p1a: Whimsicott|Whimsicott, F|100/100
|move|p2a: Vigilance Violet|Focus Energy|p2a: Vigilance Violet
|-start|p2a: Vigilance Violet|move: Focus Energy
|
|-weather|RainDance|[upkeep]
|upkeep
|turn|4
|
|t:|1758331280
|move|p2a: Vigilance Violet|Hurricane|p1a: Whimsicott
|-supereffective|p1a: Whimsicott
|-crit|p1a: Whimsicott
|-damage|p1a: Whimsicott|0 fnt
|faint|p1a: Whimsicott
|
|-weather|RainDance|[upkeep]
|upkeep
|
|t:|1758331283
|switch|p1a: Ninetales|Ninetales, F|100/100
|-weather|SunnyDay|[from] ability: Drought|[of] p1a: Ninetales
|turn|5
|inactive|djams has 120 seconds left.
|
|t:|1758331317
|switch|p1a: Comfey|Comfey, F|100/100
|move|p2a: Vigilance Violet|Surf|p1a: Comfey
|-crit|p1a: Comfey
|-damage|p1a: Comfey|71/100
|
|-weather|SunnyDay|[upkeep]
|upkeep
|turn|6
|inactive|djams has 120 seconds left.
|
|t:|1758331334
|switch|p2a: Sergio Perez|Iron Crown|64/100
|move|p1a: Comfey|Growth|p1a: Comfey
|-boost|p1a: Comfey|atk|2
|-boost|p1a: Comfey|spa|2
|
|-weather|SunnyDay|[upkeep]
|upkeep
|turn|7
|
|t:|1758331344
|-terastallize|p1a: Comfey|Water
|move|p2a: Sergio Perez|Tachyon Cutter|p1a: Comfey
|-resisted|p1a: Comfey
|-damage|p1a: Comfey|59/100
|-resisted|p1a: Comfey
|-damage|p1a: Comfey|47/100
|-hitcount|p1a: Comfey|2
|move|p1a: Comfey|Growth|p1a: Comfey
|-boost|p1a: Comfey|atk|2
|-boost|p1a: Comfey|spa|2
|
|-weather|SunnyDay|[upkeep]
|upkeep
|turn|8
|
|t:|1758331350
|move|p1a: Comfey|Draining Kiss|p2a: Sergio Perez
|-resisted|p2a: Sergio Perez
|-crit|p2a: Sergio Perez
|-damage|p2a: Sergio Perez|2/100
|-heal|p1a: Comfey|96/100|[from] drain|[of] p2a: Sergio Perez
|-damage|p1a: Comfey|86/100|[from] item: Life Orb
|move|p2a: Sergio Perez|Volt Switch|p1a: Comfey
|-supereffective|p1a: Comfey
|-damage|p1a: Comfey|38/100
|
|t:|1758331358
|-end|p2a: Sergio Perez|Quark Drive|[silent]
|switch|p2a: KFC|Pelipper, M|100/100|[from] Volt Switch
|-weather|RainDance|[from] ability: Drizzle|[of] p2a: KFC
|
|-weather|RainDance|[upkeep]
|upkeep
|turn|9
|
|t:|1758331366
|move|p1a: Comfey|Draining Kiss|p2a: KFC
|-damage|p2a: KFC|0 fnt
|-heal|p1a: Comfey|100/100|[from] drain|[of] p2a: KFC
|faint|p2a: KFC
|-damage|p1a: Comfey|91/100|[from] item: Life Orb
|
|-weather|RainDance|[upkeep]
|upkeep
|inactive|djams has 120 seconds left.
|-message|djams forfeited.
|
|win|LordFueg
|raw|LordFueg's rating: 1478 &rarr; <strong>1499</strong><br />(+21 for winning)
|raw|djams's rating: 1501 &rarr; <strong>1480</strong><br />(-21 for losing)
|l|☆djams
|player|p2|
|l|☆LordFueg
|player|p1|
