|j|☆Mr.X&Y97
|j|☆pantalonescondidos
|t:|1758235583
|gametype|singles
|player|p1|Mr.X&Y97|ingo|1621
|player|p2|pantalonescondidos|101|1615
|gen|9
|tier|[Gen 9] OU
|rated|
|rule|HP Percentage Mod: HP is shown in percentages
|rule|Endless Battle Clause: Forcing endless battles is banned
|rule|Species Clause: Limit one of each Pokémon
|rule|OHKO Clause: OHKO moves are banned
|rule|Evasion Items Clause: Evasion items are banned
|rule|Evasion Moves Clause: Evasion moves are banned
|rule|Evasion Abilities Clause: Evasion abilities are banned
|rule|Sleep Moves Clause: Sleep-inducing moves are banned
|clearpoke
|poke|p1|Hatterene, F|
|poke|p1|Barraskewda, F|
|poke|p1|Zapdos|
|poke|p1|Iron Treads|
|poke|p1|Toxicroak, F|
|poke|p1|Pelipper, F|
|poke|p2|Sylveon, F|
|poke|p2|Slowking-Galar, M|
|poke|p2|Toxapex, M|
|poke|p2|Great Tusk|
|poke|p2|Kingambit, M|
|poke|p2|Rotom-Heat|
|teampreview
|inactive|Battle timer is ON: inactive players will automatically lose when time's up. (requested by pantalonescondidos)
|inactive|Mr.X&Y97 also wants the timer to be on.
|
|t:|1758235597
|teamsize|p1|6
|teamsize|p2|6
|start
|switch|p1a: Barraskewda|Barraskewda, F|100/100
|switch|p2a: Rotom|Rotom-Heat, shiny|100/100
|turn|1
|
|t:|1758235601
|move|p2a: Rotom|Volt Switch|p1a: Barraskewda
|-supereffective|p1a: Barraskewda
|-damage|p1a: Barraskewda|0 fnt
|faint|p1a: Barraskewda
|
|t:|1758235606
|switch|p2a: Slowking|Slowking-Galar, M, shiny|100/100|[from] Volt Switch
|
|upkeep
|
|t:|1758235614
|switch|p1a: Pelipper|Pelipper, F|100/100
|-weather|RainDance|[from] ability: Drizzle|[of] p1a: Pelipper
|turn|2
|
|t:|1758235617
|move|p1a: Pelipper|Knock Off|p2a: Slowking
|-supereffective|p2a: Slowking
|-damage|p2a: Slowking|74/100
|-enditem|p2a: Slowking|Assault Vest|[from] move: Knock Off|[of] p1a: Pelipper
|move|p2a: Slowking|Future Sight|p1a: Pelipper
|-start|p2a: Slowking|move: Future Sight
|
|-weather|RainDance|[upkeep]
|upkeep
|turn|3
|
|t:|1758235635
|move|p1a: Pelipper|Hurricane|p2a: Slowking
|-damage|p2a: Slowking|53/100
|-start|p2a: Slowking|confusion
|-activate|p2a: Slowking|confusion
|move|p2a: Slowking|Surf|p1a: Pelipper
|-resisted|p1a: Pelipper
|-damage|p1a: Pelipper|84/100
|
|-weather|RainDance|[upkeep]
|upkeep
|turn|4
|inactive|pantalonescondidos has 120 seconds left.
|
|t:|1758235670
|switch|p1a: Iron Treads|Iron Treads|100/100
|-activate|p2a: Slowking|confusion
|move|p2a: Slowking|Sludge Bomb|p1a: Iron Treads
|-immune|p1a: Iron Treads
|
|-weather|RainDance|[upkeep]
|-end|p1a: Iron Treads|move: Future Sight
|-resisted|p1a: Iron Treads
|-damage|p1a: Iron Treads|82/100
|-heal|p1a: Iron Treads|88/100|[from] item: Leftovers
|upkeep
|turn|5
|
|t:|1758235687
|switch|p2a: Great Tusk|Great Tusk|100/100
|move|p1a: Iron Treads|Earthquake|p2a: Great Tusk
|-damage|p2a: Great Tusk|72/100
|
|-weather|RainDance|[upkeep]
|-heal|p1a: Iron Treads|94/100|[from] item: Leftovers
|upkeep
|turn|6
|inactive|pantalonescondidos has 120 seconds left.
|
|t:|1758235702
|-end|p1a: Iron Treads|Quark Drive|[silent]
|switch|p1a: Zapdos|Zapdos|100/100
|move|p2a: Great Tusk|Knock Off|p1a: Zapdos
|-crit|p1a: Zapdos
|-damage|p1a: Zapdos|42/100
|-enditem|p1a: Zapdos|Choice Specs|[from] move: Knock Off|[of] p2a: Great Tusk
|
|-weather|RainDance|[upkeep]
|upkeep
|turn|7
|inactive|pantalonescondidos has 120 seconds left.
|
|t:|1758235724
|-end|p2a: Great Tusk|Protosynthesis|[silent]
|switch|p2a: Rotom|Rotom-Heat, shiny|100/100
|move|p1a: Zapdos|Weather Ball|p2a: Rotom
|-supereffective|p2a: Rotom
|-damage|p2a: Rotom|0 fnt
|faint|p2a: Rotom
|
|-weather|RainDance|[upkeep]
|upkeep
|
|t:|1758235730
|switch|p2a: Slowking|Slowking-Galar, M, shiny|86/100
|turn|8
|
|t:|1758235733
|move|p1a: Zapdos|Volt Switch|p2a: Slowking
|-damage|p2a: Slowking|62/100
|
|t:|1758235735
|switch|p1a: Iron Treads|Iron Treads|94/100|[from] Volt Switch
|move|p2a: Slowking|Future Sight|p1a: Iron Treads
|-start|p2a: Slowking|move: Future Sight
|
|-weather|RainDance|[upkeep]
|-heal|p1a: Iron Treads|100/100|[from] item: Leftovers
|upkeep
|turn|9
|
|t:|1758235738
|switch|p2a: Great Tusk|Great Tusk|72/100
|move|p1a: Iron Treads|Earthquake|p2a: Great Tusk
|-damage|p2a: Great Tusk|46/100
|
|-weather|none
|upkeep
|turn|10
|
|t:|1758235746
|-end|p1a: Iron Treads|Quark Drive|[silent]
|switch|p1a: Hatterene|Hatterene, F|100/100
|move|p2a: Great Tusk|Close Combat|p1a: Hatterene
|-resisted|p1a: Hatterene
|-damage|p1a: Hatterene|87/100
|-unboost|p2a: Great Tusk|def|1
|-unboost|p2a: Great Tusk|spd|1
|-enditem|p1a: Hatterene|Eject Button
|
|t:|1758235750
|switch|p1a: Pelipper|Pelipper, F|84/100
|-weather|RainDance|[from] ability: Drizzle|[of] p1a: Pelipper
|
|-weather|RainDance|[upkeep]
|-end|p1a: Pelipper|move: Future Sight
|-damage|p1a: Pelipper|39/100
|upkeep
|turn|11
|
|t:|1758235777
|-end|p2a: Great Tusk|Protosynthesis|[silent]
|switch|p2a: Slowking|Slowking-Galar, M, shiny|95/100
|switch|p1a: Hatterene|Hatterene, F|87/100
|
|-weather|RainDance|[upkeep]
|upkeep
|turn|12
|
|t:|1758235790
|move|p1a: Hatterene|Nuzzle|p2a: Slowking
|-damage|p2a: Slowking|91/100
|-status|p2a: Slowking|par
|move|p2a: Slowking|Future Sight|p1a: Hatterene
|-start|p2a: Slowking|move: Future Sight
|
|-weather|RainDance|[upkeep]
|upkeep
|turn|13
|
|t:|1758235801
|move|p1a: Hatterene|Psychic Noise|p2a: Slowking
|-damage|p2a: Slowking|70/100 par
|-start|p2a: Slowking|move: Heal Block
|move|p2a: Slowking|Surf|p1a: Hatterene
|-damage|p1a: Hatterene|50/100
|
|-weather|RainDance|[upkeep]
|upkeep
|turn|14
|
|t:|1758235808
|move|p1a: Hatterene|Healing Wish|p1a: Hatterene
|faint|p1a: Hatterene
|move|p2a: Slowking|Surf|p1: Hatterene|[notarget]
|-fail|p2a: Slowking
|
|-weather|RainDance|[upkeep]
|-hint|Future Sight did not hit because the target is fainted.
|-end|p2a: Slowking|move: Heal Block
|upkeep
|
|t:|1758235811
|switch|p1a: Zapdos|Zapdos|42/100
|-heal|p1a: Zapdos|100/100|[from] move: Healing Wish
|turn|15
|
|t:|1758235825
|move|p1a: Zapdos|Hurricane|p2a: Slowking
|-damage|p2a: Slowking|35/100 par
|move|p2a: Slowking|Future Sight|p1a: Zapdos
|-start|p2a: Slowking|move: Future Sight
|
|-weather|RainDance|[upkeep]
|upkeep
|turn|16
|
|t:|1758235836
|switch|p2a: Sylveon|Sylveon, F, shiny|100/100
|move|p1a: Zapdos|Hurricane|p2a: Sylveon
|-damage|p2a: Sylveon|71/100
|
|-weather|RainDance|[upkeep]
|-heal|p2a: Sylveon|77/100|[from] item: Leftovers
|upkeep
|turn|17
|
|t:|1758235839
|move|p1a: Zapdos|Volt Switch|p2a: Sylveon
|-damage|p2a: Sylveon|60/100
|
|t:|1758235841
|switch|p1a: Iron Treads|Iron Treads|100/100|[from] Volt Switch
|move|p2a: Sylveon|Roar|p1a: Iron Treads
|-end|p1a: Iron Treads|Quark Drive|[silent]
|drag|p1a: Zapdos|Zapdos|100/100
|
|-weather|none
|-end|p1a: Zapdos|move: Future Sight
|-damage|p1a: Zapdos|42/100
|-heal|p2a: Sylveon|66/100|[from] item: Leftovers
|upkeep
|turn|18
|
|t:|1758235849
|move|p1a: Zapdos|Volt Switch|p2a: Sylveon
|-damage|p2a: Sylveon|48/100
|
|t:|1758235852
|switch|p1a: Iron Treads|Iron Treads|100/100|[from] Volt Switch
|move|p2a: Sylveon|Wish|p2a: Sylveon
|
|-heal|p2a: Sylveon|55/100|[from] item: Leftovers
|upkeep
|turn|19
|
|t:|1758235856
|switch|p2a: Great Tusk|Great Tusk|46/100
|move|p1a: Iron Treads|Rapid Spin|p2a: Great Tusk
|-damage|p2a: Great Tusk|37/100
|-boost|p1a: Iron Treads|spe|1
|
|-heal|p2a: Great Tusk|90/100|[from] move: Wish|[wisher] Sylveon
|upkeep
|turn|20
|
|t:|1758235877
|-end|p2a: Great Tusk|Protosynthesis|[silent]
|switch|p2a: Slowking|Slowking-Galar, M, shiny|68/100 par
|move|p1a: Iron Treads|Earthquake|p2a: Slowking
|-supereffective|p2a: Slowking
|-damage|p2a: Slowking|0 fnt
|faint|p2a: Slowking
|
|upkeep
|
|t:|1758235883
|switch|p2a: Toxapex|Toxapex, M|100/100
|turn|21
|
|t:|1758235885
|move|p1a: Iron Treads|Earthquake|p2a: Toxapex
|-supereffective|p2a: Toxapex
|-damage|p2a: Toxapex|50/100
|move|p2a: Toxapex|Surf|p1a: Iron Treads
|-supereffective|p1a: Iron Treads
|-damage|p1a: Iron Treads|69/100
|
|-heal|p1a: Iron Treads|75/100|[from] item: Leftovers
|upkeep
|turn|22
|-message|pantalonescondidos forfeited.
|
|win|Mr.X&Y97
|raw|Mr.X&amp;Y97's rating: 1621 &rarr; <strong>1641</strong><br />(+20 for winning)
|raw|pantalonescondidos's rating: 1615 &rarr; <strong>1595</strong><br />(-20 for losing)
|l|☆pantalonescondidos
|player|p2|
|l|☆Mr.X&Y97
|player|p1|
