|j|☆dunkeykim
|j|☆RobustLoki
|t:|1758344867
|gametype|singles
|player|p1|dunkeykim|hilda|1607
|player|p2|RobustLoki|scientist|1547
|gen|9
|tier|[Gen 9] OU
|rated|
|rule|HP Percentage Mod: HP is shown in percentages
|rule|Endless Battle Clause: Forcing endless battles is banned
|rule|Species Clause: Limit one of each Pokémon
|rule|OHKO Clause: OHKO moves are banned
|rule|Evasion Items Clause: Evasion items are banned
|rule|Evasion Moves Clause: Evasion moves are banned
|rule|Evasion Abilities Clause: Evasion abilities are banned
|rule|Sleep Moves Clause: Sleep-inducing moves are banned
|clearpoke
|poke|p1|Dragapult, M|
|poke|p1|Weavile, F|
|poke|p1|Primarina, M|
|poke|p1|Serperior, F|
|poke|p1|Slowking-Galar, M|
|poke|p1|Corviknight, F|
|poke|p2|Ninetales-Alola, F|
|poke|p2|Farigiraf, M|
|poke|p2|Gliscor, M|
|poke|p2|Hatterene, F|
|poke|p2|Ceruledge, M|
|poke|p2|Meowscarada, M|
|teampreview
|j| RULERZREACHF3N
|l| RULERZREACHF3N
|inactive|Battle timer is ON: inactive players will automatically lose when time's up. (requested by dunkeykim)
|
|t:|1758344892
|teamsize|p1|6
|teamsize|p2|6
|start
|switch|p1a: Slowking|Slowking-Galar, M|100/100
|switch|p2a: 3fold Affliction|Meowscarada, M|100/100
|turn|1
|
|t:|1758344906
|switch|p1a: Corviknight|Corviknight, F|100/100
|-ability|p1a: Corviknight|Pressure
|move|p2a: 3fold Affliction|Knock Off|p1a: Corviknight
|-start|p2a: 3fold Affliction|typechange|Dark|[from] ability: Protean
|-crit|p1a: Corviknight
|-damage|p1a: Corviknight|41/100
|-enditem|p1a: Corviknight|Leftovers|[from] move: Knock Off|[of] p2a: 3fold Affliction
|
|upkeep
|turn|2
|
|t:|1758344912
|switch|p2a: Ryoiki Tenkai.. :|Ninetales-Alola, F|100/100
|-weather|Snowscape|[from] ability: Snow Warning|[of] p2a: Ryoiki Tenkai.. :
|move|p1a: Corviknight|Roost|p1a: Corviknight
|-heal|p1a: Corviknight|91/100
|-singleturn|p1a: Corviknight|move: Roost
|
|-weather|Snowscape|[upkeep]
|upkeep
|turn|3
|
|t:|1758344917
|switch|p1a: Slowking|Slowking-Galar, M|100/100
|move|p2a: Ryoiki Tenkai.. :|Aurora Veil|p2a: Ryoiki Tenkai.. :
|-sidestart|p2: RobustLoki|move: Aurora Veil
|
|-weather|Snowscape|[upkeep]
|upkeep
|turn|4
|
|t:|1758344929
|move|p2a: Ryoiki Tenkai.. :|Misty Terrain|p2a: Ryoiki Tenkai.. :
|-fieldstart|move: Misty Terrain
|move|p1a: Slowking|Psychic Noise|p2a: Ryoiki Tenkai.. :
|-damage|p2a: Ryoiki Tenkai.. :|81/100
|-start|p2a: Ryoiki Tenkai.. :|move: Heal Block
|
|-weather|Snowscape|[upkeep]
|upkeep
|turn|5
|
|t:|1758344935
|switch|p2a: 3fold Affliction|Meowscarada, M|100/100
|move|p1a: Slowking|Sludge Bomb|p2a: 3fold Affliction
|-supereffective|p2a: 3fold Affliction
|-damage|p2a: 3fold Affliction|23/100
|
|-weather|Snowscape|[upkeep]
|upkeep
|turn|6
|
|t:|1758344940
|switch|p1a: Corviknight|Corviknight, F|91/100
|-ability|p1a: Corviknight|Pressure
|move|p2a: 3fold Affliction|U-turn|p1a: Corviknight
|-start|p2a: 3fold Affliction|typechange|Bug|[from] ability: Protean
|-resisted|p1a: Corviknight
|-damage|p1a: Corviknight|84/100
|
|t:|1758344943
|switch|p2a: Idle Death Gamble.|Farigiraf, M|100/100|[from] U-turn
|
|-weather|none
|upkeep
|turn|7
|
|t:|1758344947
|switch|p1a: Slowking|Slowking-Galar, M|100/100
|move|p2a: Idle Death Gamble.|Agility|p2a: Idle Death Gamble.
|-boost|p2a: Idle Death Gamble.|spe|2
|
|upkeep
|turn|8
|
|t:|1758344954
|move|p2a: Idle Death Gamble.|Nasty Plot|p2a: Idle Death Gamble.
|-boost|p2a: Idle Death Gamble.|spa|2
|move|p1a: Slowking|Sludge Bomb|p2a: Idle Death Gamble.
|-damage|p2a: Idle Death Gamble.|74/100
|
|-fieldend|Misty Terrain
|upkeep
|turn|9
|
|t:|1758344960
|move|p2a: Idle Death Gamble.|Nasty Plot|p2a: Idle Death Gamble.
|-boost|p2a: Idle Death Gamble.|spa|2
|move|p1a: Slowking|Sludge Bomb|p2a: Idle Death Gamble.
|-damage|p2a: Idle Death Gamble.|48/100
|
|upkeep
|turn|10
|
|t:|1758344963
|move|p2a: Idle Death Gamble.|Stored Power|p1a: Slowking
|-damage|p1a: Slowking|0 fnt
|faint|p1a: Slowking
|
|-sideend|p2: RobustLoki|move: Aurora Veil
|upkeep
|
|t:|1758344974
|switch|p1a: Weavile|Weavile, F|100/100
|turn|11
|
|t:|1758344978
|-terastallize|p2a: Idle Death Gamble.|Fighting
|move|p2a: Idle Death Gamble.|Tera Blast|p1a: Weavile|[anim] Tera Blast Fighting
|-supereffective|p1a: Weavile
|-damage|p1a: Weavile|0 fnt
|faint|p1a: Weavile
|
|upkeep
|
|t:|1758344987
|switch|p1a: Primarina|Primarina, M|100/100
|turn|12
|
|t:|1758344990
|move|p2a: Idle Death Gamble.|Stored Power|p1a: Primarina
|-damage|p1a: Primarina|0 fnt
|faint|p1a: Primarina
|
|upkeep
|
|t:|1758344992
|switch|p1a: Corviknight|Corviknight, F|84/100
|-ability|p1a: Corviknight|Pressure
|turn|13
|
|t:|1758344995
|move|p2a: Idle Death Gamble.|Tera Blast|p1a: Corviknight|[anim] Tera Blast Fighting
|-damage|p1a: Corviknight|4/100
|move|p1a: Corviknight|Brave Bird|p2a: Idle Death Gamble.
|-supereffective|p2a: Idle Death Gamble.
|-damage|p2a: Idle Death Gamble.|0 fnt
|faint|p2a: Idle Death Gamble.
|-damage|p1a: Corviknight|0 fnt|[from] Recoil
|faint|p1a: Corviknight
|
|upkeep
|
|t:|1758345004
|switch|p2a: Ryoiki Tenkai.. :|Ninetales-Alola, F|81/100
|switch|p1a: Serperior|Serperior, F|100/100
|-weather|Snowscape|[from] ability: Snow Warning|[of] p2a: Ryoiki Tenkai.. :
|turn|14
|
|t:|1758345010
|-terastallize|p1a: Serperior|Fire
|move|p1a: Serperior|Substitute|p1a: Serperior
|-start|p1a: Serperior|Substitute
|-damage|p1a: Serperior|76/100
|move|p2a: Ryoiki Tenkai.. :|Aurora Veil|p2a: Ryoiki Tenkai.. :
|-sidestart|p2: RobustLoki|move: Aurora Veil
|
|-weather|Snowscape|[upkeep]
|-heal|p1a: Serperior|82/100|[from] item: Leftovers
|upkeep
|turn|15
|
|t:|1758345014
|move|p1a: Serperior|Leaf Storm|p2a: Ryoiki Tenkai.. :
|-damage|p2a: Ryoiki Tenkai.. :|58/100
|-boost|p1a: Serperior|spa|2
|move|p2a: Ryoiki Tenkai.. :|Encore|p1a: Serperior
|-start|p1a: Serperior|Encore
|
|-weather|Snowscape|[upkeep]
|-heal|p1a: Serperior|88/100|[from] item: Leftovers
|upkeep
|turn|16
|
|t:|1758345033
|switch|p2a: Infinite Void|Hatterene, F|100/100
|move|p1a: Serperior|Leaf Storm|p2a: Infinite Void
|-damage|p2a: Infinite Void|49/100
|-boost|p1a: Serperior|spa|2
|
|-weather|Snowscape|[upkeep]
|-heal|p1a: Serperior|94/100|[from] item: Leftovers
|-heal|p2a: Infinite Void|55/100|[from] item: Leftovers
|upkeep
|turn|17
|
|t:|1758345039
|move|p1a: Serperior|Leaf Storm|p2a: Infinite Void
|-damage|p2a: Infinite Void|0 fnt
|-boost|p1a: Serperior|spa|2
|faint|p2a: Infinite Void
|
|-weather|Snowscape|[upkeep]
|-heal|p1a: Serperior|100/100|[from] item: Leftovers
|upkeep
|
|t:|1758345043
|switch|p2a: 3fold Affliction|Meowscarada, M|23/100
|turn|18
|
|t:|1758345049
|move|p2a: 3fold Affliction|U-turn|p1a: Serperior
|-start|p2a: 3fold Affliction|typechange|Bug|[from] ability: Protean
|-resisted|p1a: Serperior
|-activate|p1a: Serperior|move: Substitute|[damage]
|
|t:|1758345076
|switch|p2a: Malevolent Shrine|Ceruledge, M|100/100|[from] U-turn
|move|p1a: Serperior|Leaf Storm|p2a: Malevolent Shrine|[miss]
|-miss|p1a: Serperior|p2a: Malevolent Shrine
|
|-weather|none
|-end|p1a: Serperior|Encore
|upkeep
|turn|19
|
|t:|1758345081
|move|p2a: Malevolent Shrine|Shadow Sneak|p1a: Serperior
|-crit|p1a: Serperior
|-end|p1a: Serperior|Substitute
|move|p1a: Serperior|Leaf Storm|p2a: Malevolent Shrine
|-resisted|p2a: Malevolent Shrine
|-damage|p2a: Malevolent Shrine|65/100
|
|upkeep
|turn|20
|
|t:|1758345093
|move|p1a: Serperior|Leaf Storm|p2a: Malevolent Shrine
|-resisted|p2a: Malevolent Shrine
|-damage|p2a: Malevolent Shrine|31/100
|move|p2a: Malevolent Shrine|Bitter Blade|p1a: Serperior
|-resisted|p1a: Serperior
|-damage|p1a: Serperior|80/100
|-heal|p2a: Malevolent Shrine|40/100|[from] drain|[of] p1a: Serperior
|
|-heal|p1a: Serperior|86/100|[from] item: Leftovers
|upkeep
|turn|21
|
|t:|1758345102
|move|p1a: Serperior|Leaf Storm|p2a: Malevolent Shrine
|-resisted|p2a: Malevolent Shrine
|-damage|p2a: Malevolent Shrine|7/100
|move|p2a: Malevolent Shrine|Bitter Blade|p1a: Serperior
|-resisted|p1a: Serperior
|-damage|p1a: Serperior|62/100
|-heal|p2a: Malevolent Shrine|17/100|[from] drain|[of] p1a: Serperior
|
|-heal|p1a: Serperior|68/100|[from] item: Leftovers
|-sideend|p2: RobustLoki|move: Aurora Veil
|upkeep
|turn|22
|
|t:|1758345106
|move|p2a: Malevolent Shrine|Shadow Sneak|p1a: Serperior
|-damage|p1a: Serperior|47/100
|move|p1a: Serperior|Tera Blast|p2a: Malevolent Shrine|[anim] Tera Blast Fire
|-start|p2a: Malevolent Shrine|ability: Flash Fire
|
|-heal|p1a: Serperior|53/100|[from] item: Leftovers
|upkeep
|turn|23
|
|t:|1758345114
|move|p2a: Malevolent Shrine|Shadow Sneak|p1a: Serperior
|-damage|p1a: Serperior|32/100
|move|p1a: Serperior|Leaf Storm|p2a: Malevolent Shrine
|-resisted|p2a: Malevolent Shrine
|-damage|p2a: Malevolent Shrine|0 fnt
|faint|p2a: Malevolent Shrine
|
|-heal|p1a: Serperior|38/100|[from] item: Leftovers
|upkeep
|
|t:|1758345118
|switch|p2a: 3fold Affliction|Meowscarada, M|23/100
|turn|24
|
|t:|1758345121
|move|p2a: 3fold Affliction|Knock Off|p1a: Serperior
|-start|p2a: 3fold Affliction|typechange|Dark|[from] ability: Protean
|-damage|p1a: Serperior|0 fnt
|-enditem|p1a: Serperior|Leftovers|[from] move: Knock Off|[of] p2a: 3fold Affliction
|faint|p1a: Serperior
|
|upkeep
|
|t:|1758345123
|switch|p1a: Dragapult|Dragapult, M|100/100
|turn|25
|c|☆RobustLoki|gg
|
|t:|1758345128
|move|p2a: 3fold Affliction|Knock Off|p1a: Dragapult
|-supereffective|p1a: Dragapult
|-damage|p1a: Dragapult|0 fnt
|-enditem|p1a: Dragapult|Heavy-Duty Boots|[from] move: Knock Off|[of] p2a: 3fold Affliction
|faint|p1a: Dragapult
|
|win|RobustLoki
|raw|dunkeykim's rating: 1607 &rarr; <strong>1584</strong><br />(-23 for losing)
|raw|RobustLoki's rating: 1547 &rarr; <strong>1570</strong><br />(+23 for winning)
|l|☆RobustLoki
|player|p2|
|l|☆dunkeykim
|player|p1|
