|j|☆Natzu_uchiha
|j|☆Jyinxed
|t:|1758327139
|gametype|singles
|player|p1|Natzu_uchiha|cynthia-gen4|
|player|p2|Jyinxed|clair|
|gen|9
|tier|[Gen 9] OU
|rule|HP Percentage Mod: HP is shown in percentages
|rule|Endless Battle Clause: Forcing endless battles is banned
|rule|Species Clause: Limit one of each Pokémon
|rule|OHKO Clause: OHKO moves are banned
|rule|Evasion Items Clause: Evasion items are banned
|rule|Evasion Moves Clause: Evasion moves are banned
|rule|Evasion Abilities Clause: Evasion abilities are banned
|rule|Sleep Moves Clause: Sleep-inducing moves are banned
|clearpoke
|poke|p1|Dragapult, M|
|poke|p1|Tinkaton, F|
|poke|p1|Quaquaval, F|
|poke|p1|Infernape, M|
|poke|p1|Scream Tail|
|poke|p1|Eelektross, M|
|poke|p2|Mimikyu, F|
|poke|p2|Zamazenta-*|
|poke|p2|Arcanine, M|
|poke|p2|Kyurem|
|poke|p2|Greninja-*, M|
|poke|p2|Scyther, F|
|teampreview
|j| HORRORKIDD
|c| HORRORKIDD|boah
|
|t:|1758327170
|teamsize|p1|6
|teamsize|p2|6
|start
|switch|p1a: Tinkaton|Tinkaton, F, shiny|100/100
|switch|p2a: Mimikyu|Mimikyu, F|100/100
|-ability|p1a: Tinkaton|Mold Breaker
|turn|1
|
|t:|1758327184
|move|p2a: Mimikyu|Shadow Sneak|p1a: Tinkaton
|-crit|p1a: Tinkaton
|-damage|p1a: Tinkaton|60/100
|-damage|p2a: Mimikyu|84/100|[from] item: Rocky Helmet|[of] p1a: Tinkaton
|-damage|p2a: Mimikyu|74/100|[from] item: Life Orb
|move|p1a: Tinkaton|Stealth Rock|p2a: Mimikyu
|-sidestart|p2: Jyinxed|move: Stealth Rock
|
|upkeep
|turn|2
|
|t:|1758327198
|move|p2a: Mimikyu|Shadow Sneak|p1a: Tinkaton
|-damage|p1a: Tinkaton|32/100
|-damage|p2a: Mimikyu|57/100|[from] item: Rocky Helmet|[of] p1a: Tinkaton
|-damage|p2a: Mimikyu|47/100|[from] item: Life Orb
|move|p1a: Tinkaton|Knock Off|p2a: Mimikyu
|-damage|p2a: Mimikyu|19/100
|-enditem|p2a: Mimikyu|Life Orb|[from] move: Knock Off|[of] p1a: Tinkaton
|
|upkeep
|turn|3
|j| Skyline67
|
|t:|1758327213
|switch|p1a: Quaquaval|Quaquaval, F, shiny|100/100
|move|p2a: Mimikyu|Shadow Sneak|p1a: Quaquaval
|-damage|p1a: Quaquaval|77/100
|
|upkeep
|turn|4
|
|t:|1758327224
|move|p2a: Mimikyu|Swords Dance|p2a: Mimikyu
|-boost|p2a: Mimikyu|atk|2
|move|p1a: Quaquaval|Aqua Step|p2a: Mimikyu
|-activate|p2a: Mimikyu|ability: Disguise
|-damage|p2a: Mimikyu|19/100
|-boost|p1a: Quaquaval|spe|1
|detailschange|p2a: Mimikyu|Mimikyu-Busted, F
|-damage|p2a: Mimikyu|6/100|[from] pokemon: Mimikyu-Busted
|
|upkeep
|turn|5
|
|t:|1758327254
|move|p2a: Mimikyu|Shadow Sneak|p1a: Quaquaval
|-damage|p1a: Quaquaval|27/100
|move|p1a: Quaquaval|Aqua Step|p2a: Mimikyu
|-damage|p2a: Mimikyu|0 fnt
|-boost|p1a: Quaquaval|spe|1
|faint|p2a: Mimikyu
|-ability|p1a: Quaquaval|Moxie|boost
|-boost|p1a: Quaquaval|atk|1
|
|upkeep
|
|t:|1758327272
|switch|p2a: Greninja|Greninja, M, shiny|100/100
|-damage|p2a: Greninja|88/100|[from] Stealth Rock
|turn|6
|
|t:|1758327295
|move|p1a: Quaquaval|Close Combat|p2a: Greninja
|-supereffective|p2a: Greninja
|-damage|p2a: Greninja|0 fnt
|-unboost|p1a: Quaquaval|def|1
|-unboost|p1a: Quaquaval|spd|1
|faint|p2a: Greninja
|-ability|p1a: Quaquaval|Moxie|boost
|-boost|p1a: Quaquaval|atk|1
|
|upkeep
|
|t:|1758327307
|switch|p2a: Zamazenta|Zamazenta, shiny|100/100
|-damage|p2a: Zamazenta|94/100|[from] Stealth Rock
|-ability|p2a: Zamazenta|Dauntless Shield|boost
|-boost|p2a: Zamazenta|def|1
|turn|7
|
|t:|1758327361
|switch|p1a: Scream Tail|Scream Tail, shiny|100/100
|move|p2a: Zamazenta|Crunch|p1a: Scream Tail
|-damage|p1a: Scream Tail|84/100
|
|-heal|p2a: Zamazenta|100/100|[from] item: Leftovers
|-heal|p1a: Scream Tail|90/100|[from] item: Leftovers
|upkeep
|turn|8
|
|t:|1758327373
|move|p2a: Zamazenta|Body Press|p1a: Scream Tail
|-resisted|p1a: Scream Tail
|-damage|p1a: Scream Tail|80/100
|move|p1a: Scream Tail|Dazzling Gleam|p2a: Zamazenta
|-supereffective|p2a: Zamazenta
|-damage|p2a: Zamazenta|71/100
|
|-heal|p2a: Zamazenta|77/100|[from] item: Leftovers
|-heal|p1a: Scream Tail|86/100|[from] item: Leftovers
|upkeep
|turn|9
|
|t:|1758327391
|move|p1a: Scream Tail|Protect|p1a: Scream Tail
|-singleturn|p1a: Scream Tail|Protect
|move|p2a: Zamazenta|Heavy Slam|p1a: Scream Tail
|-activate|p1a: Scream Tail|move: Protect
|
|-heal|p2a: Zamazenta|83/100|[from] item: Leftovers
|-heal|p1a: Scream Tail|93/100|[from] item: Leftovers
|upkeep
|turn|10
|
|t:|1758327413
|switch|p2a: Kyurem|Kyurem, shiny|100/100
|-damage|p2a: Kyurem|76/100|[from] Stealth Rock
|-ability|p2a: Kyurem|Pressure
|move|p1a: Scream Tail|Thunder Wave|p2a: Kyurem
|-status|p2a: Kyurem|par
|
|-heal|p1a: Scream Tail|99/100|[from] item: Leftovers
|upkeep
|turn|11
|
|t:|1758327447
|-end|p1a: Scream Tail|Protosynthesis|[silent]
|switch|p1a: Infernape|Infernape, M, shiny|100/100
|move|p2a: Kyurem|Ice Beam|p1a: Infernape
|-resisted|p1a: Infernape
|-damage|p1a: Infernape|35/100
|
|upkeep
|turn|12
|
|t:|1758327455
|move|p1a: Infernape|Flare Blitz|p2a: Kyurem
|-damage|p2a: Kyurem|16/100 par
|-damage|p1a: Infernape|8/100|[from] Recoil
|move|p2a: Kyurem|Ice Beam|p1a: Infernape
|-resisted|p1a: Infernape
|-crit|p1a: Infernape
|-damage|p1a: Infernape|0 fnt
|faint|p1a: Infernape
|
|upkeep
|
|t:|1758327482
|switch|p1a: Dragapult|Dragapult, M, shiny|100/100
|turn|13
|
|t:|1758327487
|move|p1a: Dragapult|Shadow Ball|p2a: Kyurem
|-damage|p2a: Kyurem|0 fnt
|faint|p2a: Kyurem
|
|upkeep
|
|t:|1758327496
|switch|p2a: Zamazenta|Zamazenta, shiny|83/100
|-damage|p2a: Zamazenta|77/100|[from] Stealth Rock
|turn|14
|
|t:|1758327508
|move|p2a: Zamazenta|Heavy Slam|p1a: Dragapult
|-damage|p1a: Dragapult|63/100
|move|p1a: Dragapult|U-turn|p2a: Zamazenta
|-resisted|p2a: Zamazenta
|-damage|p2a: Zamazenta|71/100
|
|t:|1758327513
|switch|p1a: Scream Tail|Scream Tail, shiny|99/100|[from] U-turn
|
|-heal|p2a: Zamazenta|77/100|[from] item: Leftovers
|-heal|p1a: Scream Tail|100/100|[from] item: Leftovers
|upkeep
|turn|15
|
|t:|1758327521
|switch|p2a: Scyther|Scyther, F|100/100
|-damage|p2a: Scyther|50/100|[from] Stealth Rock
|move|p1a: Scream Tail|Dazzling Gleam|p2a: Scyther
|-damage|p2a: Scyther|31/100
|
|upkeep
|turn|16
|
|t:|1758327534
|move|p1a: Scream Tail|Wish|p1a: Scream Tail
|move|p2a: Scyther|Close Combat|p1a: Scream Tail
|-resisted|p1a: Scream Tail
|-crit|p1a: Scream Tail
|-damage|p1a: Scream Tail|89/100
|-unboost|p2a: Scyther|def|1
|-unboost|p2a: Scyther|spd|1
|
|-heal|p1a: Scream Tail|96/100|[from] item: Leftovers
|upkeep
|turn|17
|
|t:|1758327545
|-end|p1a: Scream Tail|Protosynthesis|[silent]
|switch|p1a: Quaquaval|Quaquaval, F, shiny|27/100
|move|p2a: Scyther|Dual Wingbeat|p1a: Quaquaval
|-supereffective|p1a: Quaquaval
|-damage|p1a: Quaquaval|0 fnt
|faint|p1a: Quaquaval
|-hitcount|p1: Quaquaval|1
|
|upkeep
|
|t:|1758327559
|switch|p1a: Eelektross|Eelektross, M, shiny|100/100
|turn|18
|
|t:|1758327570
|move|p2a: Scyther|Dual Wingbeat|p1a: Eelektross
|-resisted|p1a: Eelektross
|-damage|p1a: Eelektross|87/100
|-resisted|p1a: Eelektross
|-damage|p1a: Eelektross|73/100
|-hitcount|p1a: Eelektross|2
|move|p1a: Eelektross|Thunderbolt|p2a: Scyther
|-supereffective|p2a: Scyther
|-damage|p2a: Scyther|0 fnt
|faint|p2a: Scyther
|
|upkeep
|
|t:|1758327580
|switch|p2a: Arcanine|Arcanine, M|100/100
|-ability|p2a: Arcanine|Intimidate|boost
|-unboost|p1a: Eelektross|atk|1
|turn|19
|
|t:|1758327594
|move|p2a: Arcanine|Tera Blast|p1a: Eelektross
|-damage|p1a: Eelektross|57/100
|move|p1a: Eelektross|Thunderbolt|p2a: Arcanine
|-damage|p2a: Arcanine|60/100
|
|upkeep
|turn|20
|
|t:|1758327607
|move|p2a: Arcanine|Morning Sun|p2a: Arcanine
|-heal|p2a: Arcanine|100/100
|move|p1a: Eelektross|Thunderbolt|p2a: Arcanine
|-damage|p2a: Arcanine|62/100
|-status|p2a: Arcanine|par
|
|upkeep
|turn|21
|
|t:|1758327617
|move|p2a: Arcanine|Will-O-Wisp|p1a: Eelektross|[miss]
|-miss|p2a: Arcanine|p1a: Eelektross
|move|p1a: Eelektross|Thunderbolt|p2a: Arcanine
|-damage|p2a: Arcanine|18/100 par
|
|upkeep
|turn|22
|
|t:|1758327624
|move|p2a: Arcanine|Morning Sun|p2a: Arcanine
|-heal|p2a: Arcanine|68/100 par
|move|p1a: Eelektross|Thunderbolt|p2a: Arcanine
|-damage|p2a: Arcanine|26/100 par
|
|upkeep
|turn|23
|
|t:|1758327631
|move|p2a: Arcanine|Morning Sun|p2a: Arcanine
|-heal|p2a: Arcanine|76/100 par
|move|p1a: Eelektross|Thunderbolt|p2a: Arcanine
|-damage|p2a: Arcanine|34/100 par
|
|upkeep
|turn|24
|
|t:|1758327638
|move|p2a: Arcanine|Morning Sun|p2a: Arcanine
|-heal|p2a: Arcanine|84/100 par
|move|p1a: Eelektross|Thunderbolt|p2a: Arcanine
|-damage|p2a: Arcanine|43/100 par
|
|upkeep
|turn|25
|
|t:|1758327646
|move|p2a: Arcanine|Morning Sun|p2a: Arcanine
|-heal|p2a: Arcanine|93/100 par
|move|p1a: Eelektross|Thunderbolt|p2a: Arcanine
|-damage|p2a: Arcanine|49/100 par
|
|upkeep
|turn|26
|
|t:|1758327654
|switch|p2a: Zamazenta|Zamazenta, shiny|77/100
|-damage|p2a: Zamazenta|71/100|[from] Stealth Rock
|move|p1a: Eelektross|Thunderbolt|p2a: Zamazenta
|-damage|p2a: Zamazenta|43/100
|
|-heal|p2a: Zamazenta|49/100|[from] item: Leftovers
|upkeep
|turn|27
|
|t:|1758327671
|move|p2a: Zamazenta|Crunch|p1a: Eelektross
|-damage|p1a: Eelektross|36/100
|-unboost|p1a: Eelektross|def|1
|move|p1a: Eelektross|Giga Drain|p2a: Zamazenta
|-damage|p2a: Zamazenta|33/100
|-heal|p1a: Eelektross|44/100|[from] drain|[of] p2a: Zamazenta
|
|-heal|p2a: Zamazenta|39/100|[from] item: Leftovers
|upkeep
|turn|28
|
|t:|1758327682
|move|p2a: Zamazenta|Body Press|p1a: Eelektross
|-damage|p1a: Eelektross|0 fnt
|faint|p1a: Eelektross
|
|-heal|p2a: Zamazenta|45/100|[from] item: Leftovers
|upkeep
|
|t:|1758327688
|switch|p1a: Scream Tail|Scream Tail, shiny|96/100
|turn|29
|
|t:|1758327697
|move|p2a: Zamazenta|Heavy Slam|p1a: Scream Tail
|-supereffective|p1a: Scream Tail
|-damage|p1a: Scream Tail|43/100
|move|p1a: Scream Tail|Dazzling Gleam|p2a: Zamazenta
|-supereffective|p2a: Zamazenta
|-damage|p2a: Zamazenta|14/100
|
|-heal|p2a: Zamazenta|20/100|[from] item: Leftovers
|-heal|p1a: Scream Tail|49/100|[from] item: Leftovers
|upkeep
|turn|30
|
|t:|1758327710
|-terastallize|p1a: Scream Tail|Water
|move|p2a: Zamazenta|Heavy Slam|p1a: Scream Tail
|-resisted|p1a: Scream Tail
|-damage|p1a: Scream Tail|36/100
|move|p1a: Scream Tail|Dazzling Gleam|p2a: Zamazenta
|-supereffective|p2a: Zamazenta
|-damage|p2a: Zamazenta|0 fnt
|faint|p2a: Zamazenta
|
|-heal|p1a: Scream Tail|42/100|[from] item: Leftovers
|upkeep
|
|t:|1758327722
|switch|p2a: Arcanine|Arcanine, M|49/100 par
|-ability|p2a: Arcanine|Intimidate|boost
|-unboost|p1a: Scream Tail|atk|1
|turn|31
|
|t:|1758327728
|move|p1a: Scream Tail|Dazzling Gleam|p2a: Arcanine
|-resisted|p2a: Arcanine
|-damage|p2a: Arcanine|38/100 par
|move|p2a: Arcanine|Morning Sun|p2a: Arcanine
|-heal|p2a: Arcanine|88/100 par
|
|-heal|p1a: Scream Tail|49/100|[from] item: Leftovers
|upkeep
|turn|32
|
|t:|1758327747
|-terastallize|p2a: Arcanine|Grass
|move|p1a: Scream Tail|Wish|p1a: Scream Tail
|move|p2a: Arcanine|Tera Blast|p1a: Scream Tail|[anim] Tera Blast Grass
|-supereffective|p1a: Scream Tail
|-damage|p1a: Scream Tail|0 fnt
|faint|p1a: Scream Tail
|-end|p1a: Scream Tail|Protosynthesis|[silent]
|
|upkeep
|
|t:|1758327773
|switch|p1a: Tinkaton|Tinkaton, F, shiny|32/100
|-ability|p1a: Tinkaton|Mold Breaker
|turn|33
|
|t:|1758327779
|move|p1a: Tinkaton|Gigaton Hammer|p2a: Arcanine
|-damage|p2a: Arcanine|40/100 par
|cant|p2a: Arcanine|par
|
|-heal|p1a: Tinkaton|90/100|[from] move: Wish|[wisher] Scream Tail
|upkeep
|turn|34
|
|t:|1758327789
|move|p1a: Tinkaton|Knock Off|p2a: Arcanine
|-damage|p2a: Arcanine|20/100 par
|-enditem|p2a: Arcanine|Heavy-Duty Boots|[from] move: Knock Off|[of] p1a: Tinkaton
|cant|p2a: Arcanine|par
|
|upkeep
|turn|35
|
|t:|1758327796
|move|p1a: Tinkaton|Knock Off|p2a: Arcanine
|-damage|p2a: Arcanine|4/100 par
|move|p2a: Arcanine|Morning Sun|p2a: Arcanine
|-heal|p2a: Arcanine|54/100 par
|
|upkeep
|turn|36
|
|t:|1758327804
|move|p1a: Tinkaton|Gigaton Hammer|p2a: Arcanine
|-damage|p2a: Arcanine|2/100 par
|move|p2a: Arcanine|Tera Blast|p1a: Tinkaton|[anim] Tera Blast Grass
|-resisted|p1a: Tinkaton
|-damage|p1a: Tinkaton|68/100
|
|upkeep
|turn|37
|
|t:|1758327811
|move|p1a: Tinkaton|Knock Off|p2a: Arcanine
|-damage|p2a: Arcanine|0 fnt
|faint|p2a: Arcanine
|
|win|Natzu_uchiha
