|j|☆jumbolino
|j|☆Dabfabi
|t:|1758346601
|gametype|singles
|player|p1|jumbolino|1|1136
|player|p2|Dabfabi|emmet|1220
|gen|9
|tier|[Gen 9] OU
|rated|
|rule|HP Percentage Mod: HP is shown in percentages
|rule|Endless Battle Clause: Forcing endless battles is banned
|rule|Species Clause: Limit one of each Pokémon
|rule|OHKO Clause: OHKO moves are banned
|rule|Evasion Items Clause: Evasion items are banned
|rule|Evasion Moves Clause: Evasion moves are banned
|rule|Evasion Abilities Clause: Evasion abilities are banned
|rule|Sleep Moves Clause: Sleep-inducing moves are banned
|clearpoke
|poke|p1|Zapdos|
|poke|p1|Magnezone|
|poke|p1|Jolteon, F|
|poke|p1|Rotom-Wash|
|poke|p1|Vikavolt, F|
|poke|p1|Golem-Alola, M|
|poke|p2|Ting-Lu|
|poke|p2|Darkrai|
|poke|p2|Corviknight, M|
|poke|p2|Fezandipiti, M|
|poke|p2|Pecharunt|
|poke|p2|Latios, M|
|teampreview
|
|t:|1758346607
|teamsize|p1|6
|teamsize|p2|6
|start
|switch|p1a: Rotom|Rotom-Wash|100/100
|switch|p2a: Goliath|Ting-Lu|100/100
|-ability|p2a: Goliath|Vessel of Ruin
|turn|1
|
|t:|1758346614
|switch|p2a: Cosmic Owl|Fezandipiti, M|100/100
|move|p1a: Rotom|Rain Dance|p1a: Rotom
|-weather|RainDance
|
|-weather|RainDance|[upkeep]
|upkeep
|turn|2
|
|t:|1758346621
|switch|p1a: Magnezone|Magnezone|100/100
|move|p2a: Cosmic Owl|Sludge Bomb|p1a: Magnezone
|-immune|p1a: Magnezone
|
|-weather|RainDance|[upkeep]
|upkeep
|turn|3
|inactive|Battle timer is ON: inactive players will automatically lose when time's up. (requested by Dabfabi)
|
|t:|1758346629
|switch|p2a: Goliath|Ting-Lu|100/100
|-ability|p2a: Goliath|Vessel of Ruin
|move|p1a: Magnezone|Flash Cannon|p2a: Goliath
|-damage|p2a: Goliath|79/100
|
|-weather|RainDance|[upkeep]
|-heal|p2a: Goliath|85/100|[from] item: Leftovers
|upkeep
|turn|4
|
|t:|1758346639
|switch|p1a: Rotom|Rotom-Wash|100/100
|move|p2a: Goliath|Stealth Rock|p1a: Rotom
|-sidestart|p1: jumbolino|move: Stealth Rock
|
|-weather|RainDance|[upkeep]
|-heal|p2a: Goliath|91/100|[from] item: Leftovers
|upkeep
|turn|5
|
|t:|1758346647
|switch|p2a: Avalon|Latios, M, shiny|100/100
|move|p1a: Rotom|Hydro Pump|p2a: Avalon|[miss]
|-miss|p1a: Rotom|p2a: Avalon
|
|-weather|none
|upkeep
|turn|6
|
|t:|1758346656
|move|p2a: Avalon|Psychic Noise|p1a: Rotom
|-damage|p1a: Rotom|62/100
|-start|p1a: Rotom|move: Heal Block
|move|p1a: Rotom|Hydro Pump|p2a: Avalon
|-resisted|p2a: Avalon
|-damage|p2a: Avalon|73/100
|
|upkeep
|turn|7
|
|t:|1758346665
|switch|p1a: Jolteon|Jolteon, F|100/100
|-damage|p1a: Jolteon|88/100|[from] Stealth Rock
|move|p2a: Avalon|Aura Sphere|p1a: Jolteon
|-damage|p1a: Jolteon|50/100
|
|upkeep
|turn|8
|
|t:|1758346676
|move|p1a: Jolteon|Alluring Voice|p2a: Avalon
|-supereffective|p2a: Avalon
|-damage|p2a: Avalon|10/100
|-damage|p1a: Jolteon|40/100|[from] item: Life Orb
|move|p2a: Avalon|Dragon Pulse|p1a: Jolteon
|-damage|p1a: Jolteon|0 fnt
|faint|p1a: Jolteon
|
|upkeep
|
|t:|1758346690
|switch|p1a: Zapdos|Zapdos|100/100
|-damage|p1a: Zapdos|76/100|[from] Stealth Rock
|turn|9
|
|t:|1758346696
|move|p2a: Avalon|Recover|p2a: Avalon
|-heal|p2a: Avalon|61/100
|move|p1a: Zapdos|Volt Switch|p2a: Avalon
|-resisted|p2a: Avalon
|-damage|p2a: Avalon|31/100
|
|t:|1758346707
|switch|p1a: Rotom|Rotom-Wash|62/100|[from] Volt Switch
|-damage|p1a: Rotom|50/100|[from] Stealth Rock
|-enditem|p1a: Rotom|Sitrus Berry|[eat]
|-heal|p1a: Rotom|74/100|[from] item: Sitrus Berry
|
|upkeep
|turn|10
|
|t:|1758346715
|move|p2a: Avalon|Recover|p2a: Avalon
|-heal|p2a: Avalon|82/100
|move|p1a: Rotom|Volt Switch|p2a: Avalon
|-resisted|p2a: Avalon
|-damage|p2a: Avalon|64/100
|
|t:|1758346722
|switch|p1a: Magnezone|Magnezone|100/100|[from] Volt Switch
|-damage|p1a: Magnezone|94/100|[from] Stealth Rock
|
|upkeep
|turn|11
|
|t:|1758346728
|switch|p2a: Goliath|Ting-Lu|91/100
|-ability|p2a: Goliath|Vessel of Ruin
|move|p1a: Magnezone|Flash Cannon|p2a: Goliath
|-damage|p2a: Goliath|70/100
|
|-heal|p2a: Goliath|76/100|[from] item: Leftovers
|upkeep
|turn|12
|
|t:|1758346737
|move|p1a: Magnezone|Electric Terrain|p1a: Magnezone
|-fieldstart|move: Electric Terrain
|move|p2a: Goliath|Ruination|p1a: Magnezone
|-damage|p1a: Magnezone|47/100
|
|-heal|p2a: Goliath|82/100|[from] item: Leftovers
|upkeep
|turn|13
|
|t:|1758346746
|switch|p1a: Rotom|Rotom-Wash|74/100
|-damage|p1a: Rotom|62/100|[from] Stealth Rock
|move|p2a: Goliath|Ruination|p1a: Rotom
|-damage|p1a: Rotom|31/100
|
|-heal|p2a: Goliath|88/100|[from] item: Leftovers
|upkeep
|turn|14
|
|t:|1758346755
|switch|p2a: Avalon|Latios, M, shiny|64/100
|move|p1a: Rotom|Volt Switch|p2a: Avalon
|-resisted|p2a: Avalon
|-damage|p2a: Avalon|48/100
|
|t:|1758346761
|switch|p1a: Zapdos|Zapdos|76/100|[from] Volt Switch
|-damage|p1a: Zapdos|51/100|[from] Stealth Rock
|
|upkeep
|turn|15
|
|t:|1758346769
|move|p2a: Avalon|Recover|p2a: Avalon
|-heal|p2a: Avalon|99/100
|move|p1a: Zapdos|Hurricane|p2a: Avalon
|-crit|p2a: Avalon
|-damage|p2a: Avalon|0 fnt
|faint|p2a: Avalon
|
|upkeep
|
|t:|1758346781
|switch|p2a: Cosmic Owl|Fezandipiti, M|100/100
|turn|16
|
|t:|1758346787
|switch|p1a: Magnezone|Magnezone|47/100
|-damage|p1a: Magnezone|41/100|[from] Stealth Rock
|move|p2a: Cosmic Owl|Moonblast|p1a: Magnezone
|-resisted|p1a: Magnezone
|-damage|p1a: Magnezone|27/100
|-unboost|p1a: Magnezone|spa|1
|
|-fieldend|move: Electric Terrain
|upkeep
|turn|17
|
|t:|1758346799
|switch|p2a: Goliath|Ting-Lu|88/100
|-ability|p2a: Goliath|Vessel of Ruin
|move|p1a: Magnezone|Thunder Wave|p2a: Goliath
|-immune|p2a: Goliath
|
|-heal|p2a: Goliath|95/100|[from] item: Leftovers
|upkeep
|turn|18
|
|t:|1758346814
|switch|p1a: Golem|Golem-Alola, M|100/100
|-damage|p1a: Golem|88/100|[from] Stealth Rock
|move|p2a: Goliath|Spikes|p1a: Golem
|-sidestart|p1: jumbolino|Spikes
|
|-heal|p2a: Goliath|100/100|[from] item: Leftovers
|upkeep
|turn|19
|
|t:|1758346824
|move|p2a: Goliath|Earthquake|p1a: Golem
|-supereffective|p1a: Golem
|-damage|p1a: Golem|0 fnt
|faint|p1a: Golem
|
|upkeep
|-message|jumbolino forfeited.
|
|win|Dabfabi
|raw|jumbolino's rating: 1136 &rarr; <strong>1117</strong><br />(-19 for losing)
|raw|Dabfabi's rating: 1220 &rarr; <strong>1239</strong><br />(+19 for winning)
|l|☆jumbolino
|player|p1|
|l|☆Dabfabi
|player|p2|
