|j|☆panyanpp
|j|☆DomCat
|t:|1758263999
|gametype|singles
|player|p1|panyanpp|dawn|1413
|player|p2|DomCat|lady-gen4|1394
|gen|9
|tier|[Gen 9] OU
|rated|
|rule|HP Percentage Mod: HP is shown in percentages
|rule|Endless Battle Clause: Forcing endless battles is banned
|rule|Species Clause: Limit one of each Pokémon
|rule|OHKO Clause: OHKO moves are banned
|rule|Evasion Items Clause: Evasion items are banned
|rule|Evasion Moves Clause: Evasion moves are banned
|rule|Evasion Abilities Clause: Evasion abilities are banned
|rule|Sleep Moves Clause: Sleep-inducing moves are banned
|clearpoke
|poke|p1|Ceruledge, M|
|poke|p1|Corviknight, F|
|poke|p1|Garganacl, F|
|poke|p1|Kingambit, F|
|poke|p1|Great Tusk|
|poke|p1|Slowking-Galar, M|
|poke|p2|Heatran, F|
|poke|p2|Quaquaval, M|
|poke|p2|Garganacl, M|
|poke|p2|Gliscor, F|
|poke|p2|Zapdos|
|poke|p2|Walking Wake|
|teampreview
|inactive|Battle timer is ON: inactive players will automatically lose when time's up. (requested by DomCat)
|
|t:|1758264011
|teamsize|p1|6
|teamsize|p2|6
|start
|switch|p1a: Great Tusk|Great Tusk|100/100
|switch|p2a: Sparkuno|Zapdos|100/100
|turn|1
|
|t:|1758264018
|-end|p1a: Great Tusk|Protosynthesis|[silent]
|switch|p1a: Garganacl|Garganacl, F|100/100
|move|p2a: Sparkuno|Hurricane|p1a: Garganacl
|-resisted|p1a: Garganacl
|-damage|p1a: Garganacl|80/100
|-start|p1a: Garganacl|confusion
|
|-heal|p1a: Garganacl|86/100|[from] item: Leftovers
|upkeep
|turn|2
|
|t:|1758264027
|move|p2a: Sparkuno|Volt Switch|p1a: Garganacl
|-damage|p1a: Garganacl|61/100
|
|t:|1758264030
|switch|p2a: Chop Chop|Gliscor, F|100/100|[from] Volt Switch
|-activate|p1a: Garganacl|confusion
|move|p1a: Garganacl|Salt Cure|p2a: Chop Chop
|-damage|p2a: Chop Chop|90/100
|-start|p2a: Chop Chop|Salt Cure
|
|-heal|p1a: Garganacl|68/100|[from] item: Leftovers
|-damage|p2a: Chop Chop|78/100|[from] Salt Cure
|-status|p2a: Chop Chop|tox|[from] item: Toxic Orb
|upkeep
|turn|3
|
|t:|1758264044
|move|p2a: Chop Chop|Knock Off|p1a: Garganacl
|-damage|p1a: Garganacl|54/100
|-enditem|p1a: Garganacl|Leftovers|[from] move: Knock Off|[of] p2a: Chop Chop
|-activate|p1a: Garganacl|confusion
|move|p1a: Garganacl|Stealth Rock|p2a: Chop Chop
|-sidestart|p2: DomCat|move: Stealth Rock
|
|-heal|p2a: Chop Chop|90/100 tox|[from] ability: Poison Heal
|-damage|p2a: Chop Chop|78/100 tox|[from] Salt Cure
|upkeep
|turn|4
|
|t:|1758264053
|move|p2a: Chop Chop|Earthquake|p1a: Garganacl
|-supereffective|p1a: Garganacl
|-damage|p1a: Garganacl|10/100
|-activate|p1a: Garganacl|confusion
|move|p1a: Garganacl|Recover|p1a: Garganacl
|-heal|p1a: Garganacl|60/100
|
|-heal|p2a: Chop Chop|90/100 tox|[from] ability: Poison Heal
|-damage|p2a: Chop Chop|78/100 tox|[from] Salt Cure
|upkeep
|turn|5
|
|t:|1758264062
|switch|p1a: Corviknight|Corviknight, F|100/100
|-ability|p1a: Corviknight|Pressure
|move|p2a: Chop Chop|Earthquake|p1a: Corviknight
|-immune|p1a: Corviknight
|
|-heal|p2a: Chop Chop|90/100 tox|[from] ability: Poison Heal
|-damage|p2a: Chop Chop|78/100 tox|[from] Salt Cure
|upkeep
|turn|6
|
|t:|1758264072
|switch|p1a: Great Tusk|Great Tusk|100/100
|move|p2a: Chop Chop|Knock Off|p1a: Great Tusk
|-resisted|p1a: Great Tusk
|-damage|p1a: Great Tusk|93/100
|-enditem|p1a: Great Tusk|Heavy-Duty Boots|[from] move: Knock Off|[of] p2a: Chop Chop
|
|-heal|p2a: Chop Chop|90/100 tox|[from] ability: Poison Heal
|-damage|p2a: Chop Chop|78/100 tox|[from] Salt Cure
|upkeep
|turn|7
|
|t:|1758264082
|switch|p2a: Sparkuno|Zapdos|100/100
|move|p1a: Great Tusk|Ice Spinner|p2a: Sparkuno
|-supereffective|p2a: Sparkuno
|-damage|p2a: Sparkuno|48/100
|-status|p1a: Great Tusk|par|[from] ability: Static|[of] p2a: Sparkuno
|
|upkeep
|turn|8
|
|t:|1758264089
|-end|p1a: Great Tusk|Protosynthesis|[silent]
|switch|p1a: Garganacl|Garganacl, F|60/100
|move|p2a: Sparkuno|Hurricane|p1a: Garganacl
|-resisted|p1a: Garganacl
|-damage|p1a: Garganacl|39/100
|-start|p1a: Garganacl|confusion
|
|upkeep
|turn|9
|
|t:|1758264097
|move|p2a: Sparkuno|Roost|p2a: Sparkuno
|-heal|p2a: Sparkuno|98/100
|-singleturn|p2a: Sparkuno|move: Roost
|-activate|p1a: Garganacl|confusion
|move|p1a: Garganacl|Recover|p1a: Garganacl
|-heal|p1a: Garganacl|89/100
|
|upkeep
|turn|10
|
|t:|1758264104
|switch|p1a: Great Tusk|Great Tusk|93/100 par
|move|p2a: Sparkuno|Volt Switch|p1a: Great Tusk
|-immune|p1a: Great Tusk
|
|upkeep
|turn|11
|
|t:|1758264110
|-end|p1a: Great Tusk|Protosynthesis|[silent]
|switch|p1a: Slowking|Slowking-Galar, M|100/100
|move|p2a: Sparkuno|Hurricane|p1a: Slowking|[miss]
|-miss|p2a: Sparkuno|p1a: Slowking
|
|upkeep
|turn|12
|
|t:|1758264115
|move|p2a: Sparkuno|Volt Switch|p1a: Slowking
|-damage|p1a: Slowking|78/100
|
|t:|1758264119
|switch|p2a: Molten Salt|Heatran, F|100/100|[from] Volt Switch
|-damage|p2a: Molten Salt|88/100|[from] Stealth Rock
|move|p1a: Slowking|Future Sight|p2a: Molten Salt
|-start|p1a: Slowking|move: Future Sight
|
|-heal|p2a: Molten Salt|94/100|[from] item: Leftovers
|upkeep
|turn|13
|
|t:|1758264135
|switch|p1a: Garganacl|Garganacl, F|89/100
|move|p2a: Molten Salt|Stealth Rock|p1a: Garganacl
|-sidestart|p1: panyanpp|move: Stealth Rock
|
|-heal|p2a: Molten Salt|100/100|[from] item: Leftovers
|upkeep
|turn|14
|
|t:|1758264142
|switch|p2a: Chop Chop|Gliscor, F|78/100 tox
|-damage|p2a: Chop Chop|65/100 tox|[from] Stealth Rock
|move|p1a: Garganacl|Salt Cure|p2a: Chop Chop
|-damage|p2a: Chop Chop|54/100 tox
|-start|p2a: Chop Chop|Salt Cure
|
|-end|p2a: Chop Chop|move: Future Sight
|-damage|p2a: Chop Chop|13/100 tox
|-heal|p2a: Chop Chop|25/100 tox|[from] ability: Poison Heal
|-damage|p2a: Chop Chop|13/100 tox|[from] Salt Cure
|upkeep
|turn|15
|
|t:|1758264154
|switch|p1a: Great Tusk|Great Tusk|93/100 par
|-damage|p1a: Great Tusk|90/100 par|[from] Stealth Rock
|move|p2a: Chop Chop|Earthquake|p1a: Great Tusk
|-damage|p1a: Great Tusk|68/100 par
|
|-heal|p2a: Chop Chop|25/100 tox|[from] ability: Poison Heal
|-damage|p2a: Chop Chop|13/100 tox|[from] Salt Cure
|upkeep
|turn|16
|
|t:|1758264164
|switch|p2a: Sparkuno|Zapdos|98/100
|cant|p1a: Great Tusk|par
|
|upkeep
|turn|17
|
|t:|1758264169
|-end|p1a: Great Tusk|Protosynthesis|[silent]
|switch|p1a: Slowking|Slowking-Galar, M|100/100
|move|p2a: Sparkuno|Hurricane|p1a: Slowking|[miss]
|-miss|p2a: Sparkuno|p1a: Slowking
|
|upkeep
|turn|18
|
|t:|1758264175
|move|p2a: Sparkuno|Volt Switch|p1a: Slowking
|-damage|p1a: Slowking|75/100
|
|t:|1758264178
|switch|p2a: Chop Chop|Gliscor, F|13/100 tox|[from] Volt Switch
|-damage|p2a: Chop Chop|0 fnt|[from] Stealth Rock
|faint|p2a: Chop Chop
|move|p1a: Slowking|Future Sight|p2: Chop Chop
|-start|p1a: Slowking|move: Future Sight
|
|upkeep
|
|t:|1758264185
|switch|p2a: Molten Salt|Heatran, F|100/100
|-damage|p2a: Molten Salt|88/100|[from] Stealth Rock
|turn|19
|
|t:|1758264189
|switch|p1a: Garganacl|Garganacl, F|89/100
|-damage|p1a: Garganacl|76/100|[from] Stealth Rock
|move|p2a: Molten Salt|Earth Power|p1a: Garganacl
|-supereffective|p1a: Garganacl
|-damage|p1a: Garganacl|32/100
|
|-heal|p2a: Molten Salt|94/100|[from] item: Leftovers
|upkeep
|turn|20
|inactive|panyanpp has 120 seconds left.
|
|t:|1758264221
|-terastallize|p1a: Garganacl|Fairy
|move|p2a: Molten Salt|Magma Storm|p1a: Garganacl
|-damage|p1a: Garganacl|0 fnt
|faint|p1a: Garganacl
|
|-end|p2a: Molten Salt|move: Future Sight
|-resisted|p2a: Molten Salt
|-damage|p2a: Molten Salt|77/100
|-heal|p2a: Molten Salt|83/100|[from] item: Leftovers
|upkeep
|inactive|panyanpp has 120 seconds left.
|
|t:|1758264235
|switch|p1a: Ceruledge|Ceruledge, M|100/100
|-damage|p1a: Ceruledge|76/100|[from] Stealth Rock
|turn|21
|
|t:|1758264240
|move|p1a: Ceruledge|Close Combat|p2a: Molten Salt
|-supereffective|p2a: Molten Salt
|-damage|p2a: Molten Salt|17/100
|-unboost|p1a: Ceruledge|def|1
|-unboost|p1a: Ceruledge|spd|1
|move|p2a: Molten Salt|Earth Power|p1a: Ceruledge
|-supereffective|p1a: Ceruledge
|-damage|p1a: Ceruledge|0 fnt
|faint|p1a: Ceruledge
|
|-heal|p2a: Molten Salt|24/100|[from] item: Leftovers
|upkeep
|inactive|panyanpp has 120 seconds left.
|
|t:|1758264251
|switch|p1a: Kingambit|Kingambit, F|100/100
|-damage|p1a: Kingambit|94/100|[from] Stealth Rock
|-activate|p1a: Kingambit|ability: Supreme Overlord
|-start|p1a: Kingambit|fallen2|[silent]
|-item|p1a: Kingambit|Air Balloon
|turn|22
|
|t:|1758264256
|move|p1a: Kingambit|Sucker Punch|p2a: Molten Salt
|-damage|p2a: Molten Salt|0 fnt
|faint|p2a: Molten Salt
|
|upkeep
|
|t:|1758264261
|switch|p2a: Joker 2019|Quaquaval, M|100/100
|-damage|p2a: Joker 2019|94/100|[from] Stealth Rock
|turn|23
|
|t:|1758264265
|-end|p1a: Kingambit|fallen2|[silent]
|switch|p1a: Slowking|Slowking-Galar, M|100/100
|move|p2a: Joker 2019|Bulk Up|p2a: Joker 2019
|-boost|p2a: Joker 2019|atk|1
|-boost|p2a: Joker 2019|def|1
|
|-heal|p2a: Joker 2019|100/100|[from] item: Leftovers
|upkeep
|turn|24
|
|t:|1758264273
|-terastallize|p2a: Joker 2019|Water
|move|p2a: Joker 2019|Aqua Step|p1a: Slowking
|-damage|p1a: Slowking|16/100
|-boost|p2a: Joker 2019|spe|1
|move|p1a: Slowking|Thunder Wave|p2a: Joker 2019
|-status|p2a: Joker 2019|par
|
|upkeep
|turn|25
|
|t:|1758264282
|move|p2a: Joker 2019|Aqua Step|p1a: Slowking
|-damage|p1a: Slowking|0 fnt
|-boost|p2a: Joker 2019|spe|1
|faint|p1a: Slowking
|-ability|p2a: Joker 2019|Moxie|boost
|-boost|p2a: Joker 2019|atk|1
|
|upkeep
|
|t:|1758264284
|switch|p1a: Corviknight|Corviknight, F|100/100
|-damage|p1a: Corviknight|88/100|[from] Stealth Rock
|-ability|p1a: Corviknight|Pressure
|turn|26
|
|t:|1758264292
|cant|p2a: Joker 2019|par
|move|p1a: Corviknight|Brave Bird|p2a: Joker 2019
|-damage|p2a: Joker 2019|66/100 par
|-damage|p1a: Corviknight|79/100|[from] Recoil
|
|-heal|p2a: Joker 2019|73/100 par|[from] item: Leftovers
|-heal|p1a: Corviknight|85/100|[from] item: Leftovers
|upkeep
|turn|27
|
|t:|1758264302
|move|p2a: Joker 2019|Bulk Up|p2a: Joker 2019
|-boost|p2a: Joker 2019|atk|1
|-boost|p2a: Joker 2019|def|1
|move|p1a: Corviknight|Brave Bird|p2a: Joker 2019
|-damage|p2a: Joker 2019|47/100 par
|-damage|p1a: Corviknight|79/100|[from] Recoil
|
|-heal|p2a: Joker 2019|53/100 par|[from] item: Leftovers
|-heal|p1a: Corviknight|85/100|[from] item: Leftovers
|upkeep
|turn|28
|
|t:|1758264311
|move|p2a: Joker 2019|Close Combat|p1a: Corviknight
|-damage|p1a: Corviknight|2/100
|-unboost|p2a: Joker 2019|def|1
|-unboost|p2a: Joker 2019|spd|1
|move|p1a: Corviknight|Brave Bird|p2a: Joker 2019
|-damage|p2a: Joker 2019|20/100 par
|-damage|p1a: Corviknight|0 fnt|[from] Recoil
|faint|p1a: Corviknight
|
|-heal|p2a: Joker 2019|26/100 par|[from] item: Leftovers
|upkeep
|
|t:|1758264317
|switch|p1a: Kingambit|Kingambit, F|94/100
|-damage|p1a: Kingambit|88/100|[from] Stealth Rock
|-activate|p1a: Kingambit|ability: Supreme Overlord
|-start|p1a: Kingambit|fallen4|[silent]
|-item|p1a: Kingambit|Air Balloon
|turn|29
|
|t:|1758264332
|move|p2a: Joker 2019|Close Combat|p1a: Kingambit
|-supereffective|p1a: Kingambit
|-crit|p1a: Kingambit
|-damage|p1a: Kingambit|0 fnt
|-unboost|p2a: Joker 2019|def|1
|-unboost|p2a: Joker 2019|spd|1
|-enditem|p1a: Kingambit|Air Balloon
|faint|p1a: Kingambit
|-end|p1a: Kingambit|fallen4|[silent]
|-ability|p2a: Joker 2019|Moxie|boost
|-boost|p2a: Joker 2019|atk|1
|
|-heal|p2a: Joker 2019|32/100 par|[from] item: Leftovers
|upkeep
|-message|panyanpp forfeited.
|
|win|DomCat
|raw|panyanpp's rating: 1413 &rarr; <strong>1392</strong><br />(-21 for losing)
|raw|DomCat's rating: 1394 &rarr; <strong>1415</strong><br />(+21 for winning)
|l|☆panyanpp
|player|p1|
