|j|☆zachimations
|j|☆takeyouout
|t:|1758260746
|gametype|singles
|player|p1|zachimations|sordward|1509
|player|p2|takeyouout|richboy|1558
|gen|9
|tier|[Gen 9] OU
|rated|
|rule|HP Percentage Mod: HP is shown in percentages
|rule|Endless Battle Clause: Forcing endless battles is banned
|rule|Species Clause: Limit one of each Pokémon
|rule|OHKO Clause: OHKO moves are banned
|rule|Evasion Items Clause: Evasion items are banned
|rule|Evasion Moves Clause: Evasion moves are banned
|rule|Evasion Abilities Clause: Evasion abilities are banned
|rule|Sleep Moves Clause: Sleep-inducing moves are banned
|clearpoke
|poke|p1|Iron Treads|
|poke|p1|Kingambit, M|
|poke|p1|Dragonite, M|
|poke|p1|Great Tusk|
|poke|p1|Primarina, M|
|poke|p1|Latias, F|
|poke|p2|Tyranitar, F|
|poke|p2|Garganacl, M|
|poke|p2|Deoxys-Speed|
|poke|p2|Alomomola, F|
|poke|p2|Excadrill, M|
|poke|p2|Tornadus-Therian, M|
|teampreview
|inactive|Battle timer is ON: inactive players will automatically lose when time's up. (requested by zachimations)
|j| PG Spectating
|inactive|zachimations has 120 seconds left.
|inactive|takeyouout has 120 seconds left.
|
|t:|1758260786
|teamsize|p1|6
|teamsize|p2|6
|start
|switch|p1a: Iron Bumhole|Iron Treads|100/100
|switch|p2a: Sri Lanka|Tornadus-Therian, M|100/100
|-enditem|p1a: Iron Bumhole|Booster Energy
|-activate|p1a: Iron Bumhole|ability: Quark Drive|[fromitem]
|-start|p1a: Iron Bumhole|quarkdrivespe
|turn|1
|
|t:|1758260796
|move|p1a: Iron Bumhole|Stealth Rock|p2a: Sri Lanka
|-sidestart|p2: takeyouout|move: Stealth Rock
|move|p2a: Sri Lanka|Focus Blast|p1a: Iron Bumhole|[miss]
|-miss|p2a: Sri Lanka|p1a: Iron Bumhole
|
|upkeep
|turn|2
|
|t:|1758260802
|move|p1a: Iron Bumhole|Knock Off|p2a: Sri Lanka
|-damage|p2a: Sri Lanka|68/100
|-enditem|p2a: Sri Lanka|Life Orb|[from] move: Knock Off|[of] p1a: Iron Bumhole
|move|p2a: Sri Lanka|Nasty Plot|p2a: Sri Lanka
|-boost|p2a: Sri Lanka|spa|2
|
|upkeep
|turn|3
|
|t:|1758260810
|move|p1a: Iron Bumhole|Knock Off|p2a: Sri Lanka
|-damage|p2a: Sri Lanka|49/100
|move|p2a: Sri Lanka|Focus Blast|p1a: Iron Bumhole
|-supereffective|p1a: Iron Bumhole
|-damage|p1a: Iron Bumhole|0 fnt
|faint|p1a: Iron Bumhole
|-end|p1a: Iron Bumhole|Quark Drive|[silent]
|
|upkeep
|
|t:|1758260822
|switch|p1a: Shaved Bumhole|Great Tusk|100/100
|-enditem|p1a: Shaved Bumhole|Booster Energy
|-activate|p1a: Shaved Bumhole|ability: Protosynthesis|[fromitem]
|-start|p1a: Shaved Bumhole|protosynthesisspe
|turn|4
|inactive|zachimations has 120 seconds left.
|
|t:|1758260860
|switch|p2a: Molllllyyyyy|Alomomola, F, shiny|100/100
|-damage|p2a: Molllllyyyyy|88/100|[from] Stealth Rock
|move|p1a: Shaved Bumhole|Ice Spinner|p2a: Molllllyyyyy
|-resisted|p2a: Molllllyyyyy
|-damage|p2a: Molllllyyyyy|81/100
|-damage|p1a: Shaved Bumhole|84/100|[from] item: Rocky Helmet|[of] p2a: Molllllyyyyy
|
|upkeep
|turn|5
|inactive|zachimations has 120 seconds left.
|inactive|takeyouout has 120 seconds left.
|inactive|takeyouout has 90 seconds left.
|j| wgw2333
|inactive|takeyouout has 60 seconds left.
|inactive|takeyouout has 30 seconds left.
|inactive|takeyouout has 20 seconds left.
|inactive|takeyouout has 15 seconds left.
|inactive|takeyouout has 10 seconds left.
|inactive|takeyouout has 5 seconds left.
|
|t:|1758261007
|-end|p1a: Shaved Bumhole|Protosynthesis|[silent]
|switch|p1a: Dillon Latham|Latias, F|100/100
|move|p2a: Molllllyyyyy|Flip Turn|p1a: Dillon Latham
|-resisted|p1a: Dillon Latham
|-damage|p1a: Dillon Latham|94/100
|inactive|takeyouout has 10 seconds left this turn.
|
|t:|1758261010
|switch|p2a: Broomhilda|Tyranitar, F, shiny|100/100|[from] Flip Turn
|-weather|Sandstorm|[from] ability: Sand Stream|[of] p2a: Broomhilda
|
|-weather|Sandstorm|[upkeep]
|-damage|p1a: Dillon Latham|88/100|[from] Sandstorm
|upkeep
|turn|6
|inactive|takeyouout has 20 seconds left this turn.
|inactive|zachimations has 120 seconds left.
|
|t:|1758261044
|switch|p1a: DONT TAP THE GLASS|Primarina, M|100/100
|move|p2a: Broomhilda|Knock Off|p1a: DONT TAP THE GLASS
|-resisted|p1a: DONT TAP THE GLASS
|-damage|p1a: DONT TAP THE GLASS|70/100
|-enditem|p1a: DONT TAP THE GLASS|Assault Vest|[from] move: Knock Off|[of] p2a: Broomhilda
|
|-weather|Sandstorm|[upkeep]
|-damage|p1a: DONT TAP THE GLASS|64/100|[from] Sandstorm
|upkeep
|turn|7
|inactive|takeyouout has 30 seconds left this turn.
|inactive|takeyouout has 20 seconds left.
|
|t:|1758261055
|move|p1a: DONT TAP THE GLASS|Flip Turn|p2a: Broomhilda
|-supereffective|p2a: Broomhilda
|-damage|p2a: Broomhilda|75/100
|
|t:|1758261060
|switch|p1a: Shaved Bumhole|Great Tusk|84/100|[from] Flip Turn
|move|p2a: Broomhilda|Stealth Rock|p1a: Shaved Bumhole
|-sidestart|p1: zachimations|move: Stealth Rock
|
|-weather|Sandstorm|[upkeep]
|upkeep
|turn|8
|
|t:|1758261067
|move|p1a: Shaved Bumhole|Rapid Spin|p2a: Broomhilda
|-resisted|p2a: Broomhilda
|-damage|p2a: Broomhilda|69/100
|-boost|p1a: Shaved Bumhole|spe|1
|-sideend|p1: zachimations|Stealth Rock|[from] move: Rapid Spin|[of] p1a: Shaved Bumhole
|move|p2a: Broomhilda|Ice Beam|p1a: Shaved Bumhole
|-supereffective|p1a: Shaved Bumhole
|-damage|p1a: Shaved Bumhole|27/100
|
|-weather|Sandstorm|[upkeep]
|upkeep
|turn|9
|inactive|zachimations has 120 seconds left.
|
|t:|1758261078
|switch|p2a: Molllllyyyyy|Alomomola, F, shiny|100/100
|-damage|p2a: Molllllyyyyy|88/100|[from] Stealth Rock
|move|p1a: Shaved Bumhole|Headlong Rush|p2a: Molllllyyyyy
|-damage|p2a: Molllllyyyyy|54/100
|-unboost|p1a: Shaved Bumhole|def|1
|-unboost|p1a: Shaved Bumhole|spd|1
|-damage|p1a: Shaved Bumhole|10/100|[from] item: Rocky Helmet|[of] p2a: Molllllyyyyy
|
|-weather|none
|upkeep
|turn|10
|inactive|zachimations has 120 seconds left.
|
|t:|1758261086
|move|p1a: Shaved Bumhole|Headlong Rush|p2a: Molllllyyyyy
|-damage|p2a: Molllllyyyyy|23/100
|-unboost|p1a: Shaved Bumhole|def|1
|-unboost|p1a: Shaved Bumhole|spd|1
|-damage|p1a: Shaved Bumhole|0 fnt|[from] item: Rocky Helmet|[of] p2a: Molllllyyyyy
|faint|p1a: Shaved Bumhole
|-end|p1a: Shaved Bumhole|Protosynthesis|[silent]
|move|p2a: Molllllyyyyy|Wish|p2a: Molllllyyyyy
|
|upkeep
|inactive|zachimations has 120 seconds left.
|
|t:|1758261096
|switch|p1a: Dillon Latham|Latias, F|88/100
|turn|11
|
|t:|1758261099
|move|p1a: Dillon Latham|Calm Mind|p1a: Dillon Latham
|-boost|p1a: Dillon Latham|spa|1
|-boost|p1a: Dillon Latham|spd|1
|move|p2a: Molllllyyyyy|Light Screen|p2a: Molllllyyyyy
|-sidestart|p2: takeyouout|move: Light Screen
|
|-heal|p2a: Molllllyyyyy|73/100|[from] move: Wish|[wisher] Molllllyyyyy
|upkeep
|turn|12
|
|t:|1758261112
|move|p1a: Dillon Latham|Agility|p1a: Dillon Latham
|-boost|p1a: Dillon Latham|spe|2
|move|p2a: Molllllyyyyy|Flip Turn|p1a: Dillon Latham
|-resisted|p1a: Dillon Latham
|-damage|p1a: Dillon Latham|81/100
|
|t:|1758261124
|switch|p2a: Broomhilda|Tyranitar, F, shiny|69/100|[from] Flip Turn
|-weather|Sandstorm|[from] ability: Sand Stream|[of] p2a: Broomhilda
|
|-weather|Sandstorm|[upkeep]
|-damage|p1a: Dillon Latham|75/100|[from] Sandstorm
|upkeep
|turn|13
|inactive|zachimations has 120 seconds left.
|inactive|zachimations has 90 seconds left.
|
|t:|1758261180
|-terastallize|p1a: Dillon Latham|Poison
|move|p1a: Dillon Latham|Calm Mind|p1a: Dillon Latham
|-boost|p1a: Dillon Latham|spa|1
|-boost|p1a: Dillon Latham|spd|1
|move|p2a: Broomhilda|Knock Off|p1a: Dillon Latham
|-damage|p1a: Dillon Latham|41/100
|-enditem|p1a: Dillon Latham|Weakness Policy|[from] move: Knock Off|[of] p2a: Broomhilda
|
|-weather|Sandstorm|[upkeep]
|-damage|p1a: Dillon Latham|35/100|[from] Sandstorm
|upkeep
|turn|14
|inactive|zachimations has 90 seconds left.
|
|t:|1758261202
|switch|p2a: 99|Deoxys-Speed|100/100
|-damage|p2a: 99|88/100|[from] Stealth Rock
|-ability|p2a: 99|Pressure
|move|p1a: Dillon Latham|Aura Sphere|p2a: 99
|-resisted|p2a: 99
|-damage|p2a: 99|73/100
|
|-weather|Sandstorm|[upkeep]
|-damage|p1a: Dillon Latham|29/100|[from] Sandstorm
|-damage|p2a: 99|66/100|[from] Sandstorm
|upkeep
|turn|15
|inactive|zachimations has 60 seconds left.
|
|t:|1758261236
|move|p1a: Dillon Latham|Stored Power|p2a: 99
|-resisted|p2a: 99
|-damage|p2a: 99|28/100
|move|p2a: 99|Psycho Boost|p1a: Dillon Latham
|-supereffective|p1a: Dillon Latham
|-damage|p1a: Dillon Latham|0 fnt
|-unboost|p2a: 99|spa|2
|faint|p1a: Dillon Latham
|-damage|p2a: 99|18/100|[from] item: Life Orb
|
|-weather|Sandstorm|[upkeep]
|-damage|p2a: 99|12/100|[from] Sandstorm
|-sideend|p2: takeyouout|move: Light Screen
|upkeep
|inactive|zachimations has 60 seconds left.
|
|t:|1758261246
|switch|p1a: DONT TAP THE GLASS|Primarina, M|64/100
|turn|16
|inactive|zachimations has 60 seconds left.
|j| alt testing 124n
|
|t:|1758261258
|move|p2a: 99|Psycho Boost|p1a: DONT TAP THE GLASS
|-damage|p1a: DONT TAP THE GLASS|23/100
|-unboost|p2a: 99|spa|2
|-damage|p2a: 99|2/100|[from] item: Life Orb
|move|p1a: DONT TAP THE GLASS|Flip Turn|p2a: 99
|-damage|p2a: 99|0 fnt
|faint|p2a: 99
|inactive|zachimations has 60 seconds left.
|
|t:|1758261270
|switch|p1a: Imagine Dragon|Dragonite, M|100/100|[from] Flip Turn
|
|-weather|none
|upkeep
|inactive|takeyouout has 90 seconds left.
|
|t:|1758261313
|switch|p2a: Starscream|Excadrill, M|100/100
|-damage|p2a: Starscream|97/100|[from] Stealth Rock
|turn|17
|l| PG Spectating
|inactive|zachimations has 60 seconds left.
|
|t:|1758261324
|move|p2a: Starscream|Rapid Spin|p1a: Imagine Dragon
|-crit|p1a: Imagine Dragon
|-damage|p1a: Imagine Dragon|77/100
|-boost|p2a: Starscream|spe|1
|-sideend|p2: takeyouout|Stealth Rock|[from] move: Rapid Spin|[of] p2a: Starscream
|move|p1a: Imagine Dragon|Dragon Dance|p1a: Imagine Dragon
|-boost|p1a: Imagine Dragon|atk|1
|-boost|p1a: Imagine Dragon|spe|1
|
|upkeep
|turn|18
|inactive|zachimations has 60 seconds left.
|
|t:|1758261340
|switch|p2a: Broomhilda|Tyranitar, F, shiny|69/100
|-weather|Sandstorm|[from] ability: Sand Stream|[of] p2a: Broomhilda
|move|p1a: Imagine Dragon|Fire Punch|p2a: Broomhilda
|-resisted|p2a: Broomhilda
|-damage|p2a: Broomhilda|53/100
|-status|p2a: Broomhilda|brn
|
|-weather|Sandstorm|[upkeep]
|-damage|p1a: Imagine Dragon|71/100|[from] Sandstorm
|-damage|p2a: Broomhilda|47/100 brn|[from] brn
|upkeep
|turn|19
|inactive|zachimations has 60 seconds left.
|
|t:|1758261357
|switch|p1a: Pawnhub Premium|Kingambit, M|100/100
|-activate|p1a: Pawnhub Premium|ability: Supreme Overlord
|-start|p1a: Pawnhub Premium|fallen3|[silent]
|move|p2a: Broomhilda|Ice Beam|p1a: Pawnhub Premium
|-resisted|p1a: Pawnhub Premium
|-damage|p1a: Pawnhub Premium|89/100
|
|-weather|Sandstorm|[upkeep]
|-heal|p1a: Pawnhub Premium|95/100|[from] item: Leftovers
|-damage|p2a: Broomhilda|40/100 brn|[from] brn
|upkeep
|turn|20
|
|t:|1758261376
|move|p1a: Pawnhub Premium|Swords Dance|p1a: Pawnhub Premium
|-boost|p1a: Pawnhub Premium|atk|2
|move|p2a: Broomhilda|Low Kick|p1a: Pawnhub Premium
|-supereffective|p1a: Pawnhub Premium
|-damage|p1a: Pawnhub Premium|42/100
|
|-weather|Sandstorm|[upkeep]
|-heal|p1a: Pawnhub Premium|48/100|[from] item: Leftovers
|-damage|p2a: Broomhilda|34/100 brn|[from] brn
|upkeep
|turn|21
|
|t:|1758261391
|move|p1a: Pawnhub Premium|Iron Head|p2a: Broomhilda
|-supereffective|p2a: Broomhilda
|-damage|p2a: Broomhilda|0 fnt
|faint|p2a: Broomhilda
|
|-weather|Sandstorm|[upkeep]
|-heal|p1a: Pawnhub Premium|54/100|[from] item: Leftovers
|upkeep
|inactive|takeyouout has 90 seconds left.
|
|t:|1758261402
|switch|p2a: RockIce|Garganacl, M|100/100
|turn|22
|inactive|zachimations has 30 seconds left.
|
|t:|1758261430
|-terastallize|p2a: RockIce|Grass
|move|p1a: Pawnhub Premium|Kowtow Cleave|p2a: RockIce
|-damage|p2a: RockIce|16/100
|move|p2a: RockIce|Salt Cure|p1a: Pawnhub Premium
|-resisted|p1a: Pawnhub Premium
|-damage|p1a: Pawnhub Premium|48/100
|-start|p1a: Pawnhub Premium|Salt Cure
|
|-weather|none
|-heal|p1a: Pawnhub Premium|54/100|[from] item: Leftovers
|-heal|p2a: RockIce|22/100|[from] item: Leftovers
|-damage|p1a: Pawnhub Premium|30/100|[from] Salt Cure
|upkeep
|turn|23
|
|t:|1758261444
|switch|p2a: Molllllyyyyy|Alomomola, F, shiny|100/100
|move|p1a: Pawnhub Premium|Kowtow Cleave|p2a: Molllllyyyyy
|-damage|p2a: Molllllyyyyy|17/100
|-damage|p1a: Pawnhub Premium|13/100|[from] item: Rocky Helmet|[of] p2a: Molllllyyyyy
|
|-heal|p1a: Pawnhub Premium|19/100|[from] item: Leftovers
|-damage|p1a: Pawnhub Premium|0 fnt|[from] Salt Cure
|faint|p1a: Pawnhub Premium
|-end|p1a: Pawnhub Premium|fallen3|[silent]
|upkeep
|inactive|zachimations has 30 seconds left.
|
|t:|1758261459
|switch|p1a: Imagine Dragon|Dragonite, M|71/100
|turn|24
|inactive|zachimations has 30 seconds left.
|inactive|takeyouout has 90 seconds left.
|inactive|takeyouout has 60 seconds left.
|
|t:|1758261536
|move|p1a: Imagine Dragon|Dragon Dance|p1a: Imagine Dragon
|-boost|p1a: Imagine Dragon|atk|1
|-boost|p1a: Imagine Dragon|spe|1
|move|p2a: Molllllyyyyy|Flip Turn|p1a: Imagine Dragon
|-resisted|p1a: Imagine Dragon
|-damage|p1a: Imagine Dragon|62/100
|
|t:|1758261543
|switch|p2a: Sri Lanka|Tornadus-Therian, M|82/100|[from] Flip Turn
|
|upkeep
|turn|25
|inactive|zachimations has 30 seconds left.
|
|t:|1758261556
|move|p1a: Imagine Dragon|Scale Shot|p2a: Sri Lanka|[miss]
|-miss|p1a: Imagine Dragon|p2a: Sri Lanka
|move|p2a: Sri Lanka|Bleakwind Storm|p1a: Imagine Dragon
|-damage|p1a: Imagine Dragon|10/100
|
|upkeep
|turn|26
|
|t:|1758261564
|move|p1a: Imagine Dragon|Scale Shot|p2a: Sri Lanka|[miss]
|-miss|p1a: Imagine Dragon|p2a: Sri Lanka
|move|p2a: Sri Lanka|Bleakwind Storm|p1a: Imagine Dragon
|-damage|p1a: Imagine Dragon|0 fnt
|faint|p1a: Imagine Dragon
|
|upkeep
|c|☆takeyouout|haha
|
|t:|1758261573
|switch|p1a: DONT TAP THE GLASS|Primarina, M|23/100
|turn|27
|
|t:|1758261575
|move|p2a: Sri Lanka|Bleakwind Storm|p1a: DONT TAP THE GLASS
|-damage|p1a: DONT TAP THE GLASS|0 fnt
|faint|p1a: DONT TAP THE GLASS
|
|win|takeyouout
|raw|zachimations's rating: 1509 &rarr; <strong>1492</strong><br />(-17 for losing)
|raw|takeyouout's rating: 1558 &rarr; <strong>1575</strong><br />(+17 for winning)
|l|☆takeyouout
|player|p2|
|l| alt testing 124n
|c|☆zachimations|are we serious guys
|l| wgw2333
