|j|☆Gear Fifth Usopp
|j|☆vinnnnny1
|t:|1758306216
|gametype|singles
|player|p1|Gear Fifth Usopp|169|1131
|player|p2|vinnnnny1|1|1108
|gen|9
|tier|[Gen 9] OU
|rated|
|rule|HP Percentage Mod: HP is shown in percentages
|rule|Endless Battle Clause: Forcing endless battles is banned
|rule|Species Clause: Limit one of each Pokémon
|rule|OHKO Clause: OHKO moves are banned
|rule|Evasion Items Clause: Evasion items are banned
|rule|Evasion Moves Clause: Evasion moves are banned
|rule|Evasion Abilities Clause: Evasion abilities are banned
|rule|Sleep Moves Clause: Sleep-inducing moves are banned
|clearpoke
|poke|p1|Clefable, M|
|poke|p1|Venusaur, F|
|poke|p1|Charizard, F|
|poke|p1|Blastoise, F|
|poke|p1|Dragonite, F|
|poke|p1|Venomoth, M|
|poke|p2|Garganacl, F|
|poke|p2|Kyurem|
|poke|p2|Cinderace, F|
|poke|p2|Kingambit, F|
|poke|p2|Gardevoir, F|
|poke|p2|Glimmora, F|
|teampreview
|
|t:|1758306220
|teamsize|p1|6
|teamsize|p2|6
|start
|switch|p1a: Clefable|Clefable, M|100/100
|switch|p2a: Glimmora|Glimmora, F, shiny|100/100
|turn|1
|
|t:|1758306231
|move|p2a: Glimmora|Stealth Rock|p1a: Clefable
|-sidestart|p1: Gear Fifth Usopp|move: Stealth Rock
|move|p1a: Clefable|Thunder Wave|p2a: Glimmora
|-status|p2a: Glimmora|par
|
|upkeep
|turn|2
|
|t:|1758306239
|move|p1a: Clefable|Stealth Rock|p2a: Glimmora
|-sidestart|p2: vinnnnny1|move: Stealth Rock
|cant|p2a: Glimmora|par
|
|upkeep
|turn|3
|inactive|Battle timer is ON: inactive players will automatically lose when time's up. (requested by vinnnnny1)
|
|t:|1758306258
|switch|p1a: Venomoth|Venomoth, M|100/100
|move|p2a: Glimmora|Spikes|p1a: Venomoth
|-sidestart|p1: Gear Fifth Usopp|Spikes
|
|upkeep
|turn|4
|
|t:|1758306267
|move|p1a: Venomoth|Quiver Dance|p1a: Venomoth
|-boost|p1a: Venomoth|spa|1
|-boost|p1a: Venomoth|spd|1
|-boost|p1a: Venomoth|spe|1
|cant|p2a: Glimmora|par
|
|upkeep
|turn|5
|
|t:|1758306272
|move|p1a: Venomoth|Quiver Dance|p1a: Venomoth
|-boost|p1a: Venomoth|spa|1
|-boost|p1a: Venomoth|spd|1
|-boost|p1a: Venomoth|spe|1
|move|p2a: Glimmora|Mortal Spin|p1a: Venomoth
|-resisted|p1a: Venomoth
|-damage|p1a: Venomoth|96/100
|-sideend|p2: vinnnnny1|Stealth Rock|[from] move: Mortal Spin|[of] p2a: Glimmora
|
|upkeep
|turn|6
|
|t:|1758306281
|move|p1a: Venomoth|Quiver Dance|p1a: Venomoth
|-boost|p1a: Venomoth|spa|1
|-boost|p1a: Venomoth|spd|1
|-boost|p1a: Venomoth|spe|1
|cant|p2a: Glimmora|par
|
|upkeep
|turn|7
|
|t:|1758306287
|move|p1a: Venomoth|Quiver Dance|p1a: Venomoth
|-boost|p1a: Venomoth|spa|1
|-boost|p1a: Venomoth|spd|1
|-boost|p1a: Venomoth|spe|1
|cant|p2a: Glimmora|par
|
|upkeep
|turn|8
|
|t:|1758306292
|move|p1a: Venomoth|Quiver Dance|p1a: Venomoth
|-boost|p1a: Venomoth|spa|1
|-boost|p1a: Venomoth|spd|1
|-boost|p1a: Venomoth|spe|1
|cant|p2a: Glimmora|par
|
|upkeep
|turn|9
|
|t:|1758306302
|move|p1a: Venomoth|Sludge Bomb|p2a: Glimmora
|-resisted|p2a: Glimmora
|-damage|p2a: Glimmora|47/100 par
|move|p2a: Glimmora|Spikes|p1a: Venomoth
|-sidestart|p1: Gear Fifth Usopp|Spikes
|
|upkeep
|turn|10
|
|t:|1758306318
|move|p1a: Venomoth|Bug Buzz|p2a: Glimmora
|-resisted|p2a: Glimmora
|-damage|p2a: Glimmora|0 fnt
|faint|p2a: Glimmora
|
|upkeep
|
|t:|1758306324
|switch|p2a: Cinderace|Cinderace, F, shiny|100/100
|turn|11
|
|t:|1758306329
|move|p1a: Venomoth|Sludge Bomb|p2a: Cinderace
|-damage|p2a: Cinderace|0 fnt
|faint|p2a: Cinderace
|
|upkeep
|
|t:|1758306336
|switch|p2a: Garganacl|Garganacl, F, shiny|100/100
|turn|12
|
|t:|1758306340
|move|p1a: Venomoth|Sludge Bomb|p2a: Garganacl
|-resisted|p2a: Garganacl
|-damage|p2a: Garganacl|10/100
|move|p2a: Garganacl|Body Press|p1a: Venomoth
|-resisted|p1a: Venomoth
|-damage|p1a: Venomoth|87/100
|
|upkeep
|turn|13
|
|t:|1758306359
|switch|p2a: Kingambit|Kingambit, F, shiny|100/100
|-activate|p2a: Kingambit|ability: Supreme Overlord
|-start|p2a: Kingambit|fallen2|[silent]
|move|p1a: Venomoth|Sludge Bomb|p2a: Kingambit
|-immune|p2a: Kingambit
|
|upkeep
|turn|14
|
|t:|1758306369
|move|p1a: Venomoth|Bug Buzz|p2a: Kingambit
|-damage|p2a: Kingambit|1/100
|move|p2a: Kingambit|Kowtow Cleave|p1a: Venomoth
|-damage|p1a: Venomoth|5/100
|
|upkeep
|turn|15
|
|t:|1758306377
|move|p2a: Kingambit|Sucker Punch||[still]
|-fail|p2a: Kingambit
|move|p1a: Venomoth|Quiver Dance|p1a: Venomoth
|-boost|p1a: Venomoth|spa|1
|-boost|p1a: Venomoth|spd|1
|-boost|p1a: Venomoth|spe|1
|
|upkeep
|turn|16
|
|t:|1758306383
|move|p2a: Kingambit|Sucker Punch||[still]
|-fail|p2a: Kingambit
|move|p1a: Venomoth|Morning Sun|p1a: Venomoth
|-heal|p1a: Venomoth|55/100
|
|upkeep
|turn|17
|
|t:|1758306390
|move|p1a: Venomoth|Bug Buzz|p2a: Kingambit
|-damage|p2a: Kingambit|0 fnt
|faint|p2a: Kingambit
|-end|p2a: Kingambit|fallen2|[silent]
|
|upkeep
|
|t:|1758306395
|switch|p2a: Gardevoir|Gardevoir, F, shiny|100/100
|-ability|p2a: Gardevoir|Tinted Lens|Trace|[from] ability: Trace|[of] p1a: Venomoth
|turn|18
|
|t:|1758306406
|move|p1a: Venomoth|Bug Buzz|p2a: Gardevoir
|-enditem|p2a: Gardevoir|Focus Sash
|-damage|p2a: Gardevoir|1/100
|move|p2a: Gardevoir|Expanding Force|p1a: Venomoth
|-supereffective|p1a: Venomoth
|-damage|p1a: Venomoth|32/100
|
|upkeep
|turn|19
|
|t:|1758306415
|move|p1a: Venomoth|Bug Buzz|p2a: Gardevoir
|-damage|p2a: Gardevoir|0 fnt
|faint|p2a: Gardevoir
|
|upkeep
|
|t:|1758306420
|switch|p2a: Kyurem|Kyurem, shiny|100/100
|-ability|p2a: Kyurem|Pressure
|turn|20
|
|t:|1758306427
|move|p1a: Venomoth|Sludge Bomb|p2a: Kyurem
|-enditem|p2a: Kyurem|Focus Sash
|-damage|p2a: Kyurem|1/100
|move|p2a: Kyurem|Dragon Tail|p1a: Venomoth
|-damage|p1a: Venomoth|0 fnt
|faint|p1a: Venomoth
|
|upkeep
|
|t:|1758306436
|switch|p1a: Clefable|Clefable, M|100/100
|turn|21
|
|t:|1758306443
|move|p1a: Clefable|Moonblast|p2a: Kyurem
|-supereffective|p2a: Kyurem
|-crit|p2a: Kyurem
|-damage|p2a: Kyurem|0 fnt
|faint|p2a: Kyurem
|
|upkeep
|
|t:|1758306449
|switch|p2a: Garganacl|Garganacl, F, shiny|10/100
|turn|22
|
|t:|1758306455
|-terastallize|p2a: Garganacl|Water
|move|p1a: Clefable|Moonblast|p2a: Garganacl
|-damage|p2a: Garganacl|0 fnt
|faint|p2a: Garganacl
|
|win|Gear Fifth Usopp
|raw|Gear Fifth Usopp's rating: 1131 &rarr; <strong>1154</strong><br />(+23 for winning)
|raw|vinnnnny1's rating: 1108 &rarr; <strong>1085</strong><br />(-23 for losing)
|l|☆Gear Fifth Usopp
|player|p1|
|l|☆vinnnnny1
|player|p2|
