|j|☆Jameswhiff
|j|☆G7spapi
|t:|1758375551
|gametype|singles
|player|p1|Jameswhiff|266|1091
|player|p2|G7spapi|twins-gen4dp|1080
|gen|9
|tier|[Gen 9] OU
|rated|
|rule|HP Percentage Mod: HP is shown in percentages
|rule|Endless Battle Clause: Forcing endless battles is banned
|rule|Species Clause: Limit one of each Pokémon
|rule|OHKO Clause: OHKO moves are banned
|rule|Evasion Items Clause: Evasion items are banned
|rule|Evasion Moves Clause: Evasion moves are banned
|rule|Evasion Abilities Clause: Evasion abilities are banned
|rule|Sleep Moves Clause: Sleep-inducing moves are banned
|clearpoke
|poke|p1|Hatterene, F|
|poke|p1|Gliscor, F|
|poke|p1|Noivern, M|
|poke|p1|Heracross, F|
|poke|p1|Venusaur, M|
|poke|p1|Greninja-*, M|
|poke|p2|Zangoose, M|
|poke|p2|Heatran, M|
|poke|p2|Dragapult, M|
|poke|p2|Iron Valiant|
|poke|p2|Rotom-Wash|
|poke|p2|Rillaboom, M|
|teampreview
|
|t:|1758375563
|teamsize|p1|6
|teamsize|p2|6
|start
|switch|p1a: Hatterene|Hatterene, F, shiny|100/100
|switch|p2a: Rillaboom|Rillaboom, M|100/100
|-fieldstart|move: Grassy Terrain|[from] ability: Grassy Surge|[of] p2a: Rillaboom
|turn|1
|
|t:|1758375576
|move|p2a: Rillaboom|Wood Hammer|p1a: Hatterene
|-damage|p1a: Hatterene|0 fnt
|faint|p1a: Hatterene
|-damage|p2a: Rillaboom|76/100|[from] Recoil
|
|-heal|p2a: Rillaboom|82/100|[from] Grassy Terrain
|upkeep
|
|t:|1758375591
|switch|p1a: Gliscor|Gliscor, F, shiny|100/100
|turn|2
|
|t:|1758375595
|move|p2a: Rillaboom|Wood Hammer|p1a: Gliscor
|-damage|p1a: Gliscor|26/100
|-damage|p2a: Rillaboom|57/100|[from] Recoil
|move|p1a: Gliscor|Fire Fang|p2a: Rillaboom
|-supereffective|p2a: Rillaboom
|-damage|p2a: Rillaboom|27/100
|
|-heal|p2a: Rillaboom|33/100|[from] Grassy Terrain
|-status|p1a: Gliscor|tox|[from] item: Toxic Orb
|upkeep
|turn|3
|
|t:|1758375606
|move|p1a: Gliscor|Protect|p1a: Gliscor
|-singleturn|p1a: Gliscor|Protect
|move|p2a: Rillaboom|Wood Hammer|p1a: Gliscor
|-activate|p1a: Gliscor|move: Protect
|
|-heal|p2a: Rillaboom|39/100|[from] Grassy Terrain
|-heal|p1a: Gliscor|38/100 tox|[from] ability: Poison Heal
|upkeep
|turn|4
|
|t:|1758375617
|switch|p1a: Noivern|Noivern, M, shiny|100/100
|move|p2a: Rillaboom|Wood Hammer|p1a: Noivern
|-resisted|p1a: Noivern
|-damage|p1a: Noivern|61/100
|-damage|p2a: Rillaboom|27/100|[from] Recoil
|
|-heal|p2a: Rillaboom|33/100|[from] Grassy Terrain
|upkeep
|turn|5
|
|t:|1758375627
|switch|p2a: Dragapult|Dragapult, M|100/100
|move|p1a: Noivern|Hurricane|p2a: Dragapult
|-damage|p2a: Dragapult|34/100
|
|-heal|p2a: Dragapult|40/100|[from] Grassy Terrain
|-fieldend|move: Grassy Terrain
|upkeep
|turn|6
|
|t:|1758375638
|switch|p1a: Greninja|Greninja, M, shiny|100/100
|move|p2a: Dragapult|Draco Meteor|p1a: Greninja
|-damage|p1a: Greninja|0 fnt
|-unboost|p2a: Dragapult|spa|2
|faint|p1a: Greninja
|
|upkeep
|
|t:|1758375649
|switch|p1a: Venusaur|Venusaur, M, shiny|100/100
|turn|7
|l|☆Jameswhiff
|player|p1|
|
|t:|1758375668
|switch|p2a: Iron Valiant|Iron Valiant|100/100
|move|p1a: Venusaur|Leech Seed|p2a: Iron Valiant|[miss]
|-miss|p1a: Venusaur|p2a: Iron Valiant
|
|upkeep
|turn|8
|j|☆Jameswhiff
|player|p1|Jameswhiff|266|
|
|t:|1758375691
|move|p2a: Iron Valiant|Trick|p1a: Venusaur
|-activate|p2a: Iron Valiant|move: Trick|[of] p1a: Venusaur
|-item|p1a: Venusaur|Choice Scarf|[from] move: Trick
|-item|p2a: Iron Valiant|Leftovers|[from] move: Trick
|move|p1a: Venusaur|Leech Seed|p2a: Iron Valiant
|-start|p2a: Iron Valiant|move: Leech Seed
|
|-damage|p2a: Iron Valiant|88/100|[from] Leech Seed|[of] p1a: Venusaur
|upkeep
|turn|9
|
|t:|1758375708
|switch|p1a: Heracross|Heracross, F, shiny|100/100
|move|p2a: Iron Valiant|Moonblast|p1a: Heracross
|-supereffective|p1a: Heracross
|-damage|p1a: Heracross|13/100
|-unboost|p1a: Heracross|spa|1
|
|-heal|p2a: Iron Valiant|94/100|[from] item: Leftovers
|-damage|p2a: Iron Valiant|82/100|[from] Leech Seed|[of] p1a: Heracross
|-heal|p1a: Heracross|25/100|[silent]
|upkeep
|turn|10
|
|t:|1758375721
|move|p2a: Iron Valiant|Moonblast|p1a: Heracross
|-supereffective|p1a: Heracross
|-damage|p1a: Heracross|0 fnt
|faint|p1a: Heracross
|
|-heal|p2a: Iron Valiant|88/100|[from] item: Leftovers
|upkeep
|
|t:|1758375730
|switch|p1a: Gliscor|Gliscor, F, shiny|38/100 tox
|turn|11
|
|t:|1758375736
|move|p1a: Gliscor|Protect|p1a: Gliscor
|-singleturn|p1a: Gliscor|Protect
|move|p2a: Iron Valiant|Moonblast|p1a: Gliscor
|-activate|p1a: Gliscor|move: Protect
|
|-heal|p2a: Iron Valiant|94/100|[from] item: Leftovers
|-damage|p2a: Iron Valiant|82/100|[from] Leech Seed|[of] p1a: Gliscor
|-heal|p1a: Gliscor|48/100 tox|[silent]
|-heal|p1a: Gliscor|61/100 tox|[from] ability: Poison Heal
|upkeep
|turn|12
|
|t:|1758375748
|-end|p2a: Iron Valiant|Quark Drive|[silent]
|switch|p2a: Rotom|Rotom-Wash|100/100
|move|p1a: Gliscor|Toxic|p2a: Rotom
|-status|p2a: Rotom|tox
|
|-damage|p2a: Rotom|94/100 tox|[from] psn
|-heal|p1a: Gliscor|73/100 tox|[from] ability: Poison Heal
|upkeep
|turn|13
|
|t:|1758375761
|move|p1a: Gliscor|Protect|p1a: Gliscor
|-singleturn|p1a: Gliscor|Protect
|move|p2a: Rotom|Will-O-Wisp|p1a: Gliscor
|-activate|p1a: Gliscor|move: Protect
|
|-heal|p2a: Rotom|100/100 tox|[from] item: Leftovers
|-damage|p2a: Rotom|88/100 tox|[from] psn
|-heal|p1a: Gliscor|86/100 tox|[from] ability: Poison Heal
|upkeep
|turn|14
|
|t:|1758375778
|move|p2a: Rotom|Hydro Pump|p1a: Gliscor
|-supereffective|p1a: Gliscor
|-damage|p1a: Gliscor|0 fnt
|faint|p1a: Gliscor
|
|-heal|p2a: Rotom|94/100 tox|[from] item: Leftovers
|-damage|p2a: Rotom|75/100 tox|[from] psn
|upkeep
|
|t:|1758375788
|switch|p1a: Venusaur|Venusaur, M, shiny|100/100
|turn|15
|
|t:|1758375796
|move|p1a: Venusaur|Giga Drain|p2a: Rotom
|-supereffective|p2a: Rotom
|-damage|p2a: Rotom|22/100 tox
|move|p2a: Rotom|Will-O-Wisp|p1a: Venusaur
|-status|p1a: Venusaur|brn
|
|-heal|p2a: Rotom|28/100 tox|[from] item: Leftovers
|-damage|p2a: Rotom|3/100 tox|[from] psn
|-damage|p1a: Venusaur|94/100 brn|[from] brn
|upkeep
|turn|16
|
|t:|1758375808
|move|p1a: Venusaur|Giga Drain|p2a: Rotom
|-supereffective|p2a: Rotom
|-damage|p2a: Rotom|0 fnt
|-heal|p1a: Venusaur|96/100 brn|[from] drain|[of] p2a: Rotom
|faint|p2a: Rotom
|
|-damage|p1a: Venusaur|90/100 brn|[from] brn
|upkeep
|
|t:|1758375821
|switch|p2a: Heatran|Heatran, M|100/100
|turn|17
|
|t:|1758375826
|move|p1a: Venusaur|Giga Drain|p2a: Heatran
|-resisted|p2a: Heatran
|-damage|p2a: Heatran|97/100
|-heal|p1a: Venusaur|92/100 brn|[from] drain|[of] p2a: Heatran
|move|p2a: Heatran|Stone Edge|p1a: Venusaur
|-crit|p1a: Venusaur
|-damage|p1a: Venusaur|62/100 brn
|
|-heal|p2a: Heatran|100/100|[from] item: Leftovers
|-damage|p1a: Venusaur|56/100 brn|[from] brn
|upkeep
|turn|18
|
|t:|1758375837
|switch|p1a: Noivern|Noivern, M, shiny|61/100
|move|p2a: Heatran|Stone Edge|p1a: Noivern
|-supereffective|p1a: Noivern
|-damage|p1a: Noivern|11/100
|
|upkeep
|turn|19
|
|t:|1758375847
|move|p1a: Noivern|Roost|p1a: Noivern
|-heal|p1a: Noivern|61/100
|-singleturn|p1a: Noivern|move: Roost
|move|p2a: Heatran|Lava Plume|p1a: Noivern
|-resisted|p1a: Noivern
|-damage|p1a: Noivern|38/100
|
|upkeep
|turn|20
|
|t:|1758375855
|move|p1a: Noivern|Roost|p1a: Noivern
|-heal|p1a: Noivern|88/100
|-singleturn|p1a: Noivern|move: Roost
|move|p2a: Heatran|Stone Edge|p1a: Noivern|[miss]
|-miss|p2a: Heatran|p1a: Noivern
|
|upkeep
|turn|21
|
|t:|1758375863
|-terastallize|p1a: Noivern|Fire
|move|p1a: Noivern|Roost|p1a: Noivern
|-heal|p1a: Noivern|100/100
|move|p2a: Heatran|Stone Edge|p1a: Noivern|[miss]
|-miss|p2a: Heatran|p1a: Noivern
|
|upkeep
|turn|22
|
|t:|1758375872
|move|p1a: Noivern|Hurricane|p2a: Heatran|[miss]
|-miss|p1a: Noivern|p2a: Heatran
|move|p2a: Heatran|Stone Edge|p1a: Noivern
|-supereffective|p1a: Noivern
|-damage|p1a: Noivern|50/100
|
|upkeep
|turn|23
|
|t:|1758375880
|move|p1a: Noivern|Roost|p1a: Noivern
|-heal|p1a: Noivern|99/100
|move|p2a: Heatran|Stone Edge|p1a: Noivern
|-supereffective|p1a: Noivern
|-damage|p1a: Noivern|54/100
|
|upkeep
|turn|24
|
|t:|1758375887
|move|p1a: Noivern|Roost|p1a: Noivern
|-heal|p1a: Noivern|100/100
|move|p2a: Heatran|Stone Edge|p1a: Noivern
|-supereffective|p1a: Noivern
|-damage|p1a: Noivern|50/100
|
|upkeep
|turn|25
|
|t:|1758375894
|move|p1a: Noivern|Roost|p1a: Noivern
|-heal|p1a: Noivern|99/100
|move|p2a: Heatran|Stone Edge|p1a: Noivern
|-supereffective|p1a: Noivern
|-damage|p1a: Noivern|46/100
|
|upkeep
|turn|26
|
|t:|1758375914
|switch|p2a: Zangoose|Zangoose, M|100/100
|move|p1a: Noivern|Roost|p1a: Noivern
|-heal|p1a: Noivern|96/100
|
|-status|p2a: Zangoose|tox|[from] item: Toxic Orb
|upkeep
|turn|27
|
|t:|1758375929
|move|p1a: Noivern|Hurricane|p2a: Zangoose
|-crit|p2a: Zangoose
|-damage|p2a: Zangoose|0 fnt
|faint|p2a: Zangoose
|
|upkeep
|
|t:|1758375951
|switch|p2a: Heatran|Heatran, M|100/100
|turn|28
|
|t:|1758375955
|move|p1a: Noivern|Hurricane|p2a: Heatran|[miss]
|-miss|p1a: Noivern|p2a: Heatran
|move|p2a: Heatran|Lava Plume|p1a: Noivern
|-resisted|p1a: Noivern
|-damage|p1a: Noivern|75/100
|
|upkeep
|turn|29
|
|t:|1758375966
|move|p1a: Noivern|Hurricane|p2a: Heatran|[miss]
|-miss|p1a: Noivern|p2a: Heatran
|move|p2a: Heatran|Lava Plume|p1a: Noivern
|-resisted|p1a: Noivern
|-crit|p1a: Noivern
|-damage|p1a: Noivern|42/100
|
|upkeep
|turn|30
|
|t:|1758375974
|move|p1a: Noivern|Roost|p1a: Noivern
|-heal|p1a: Noivern|92/100
|move|p2a: Heatran|Lava Plume|p1a: Noivern
|-resisted|p1a: Noivern
|-damage|p1a: Noivern|71/100
|
|upkeep
|turn|31
|
|t:|1758375984
|move|p2a: Heatran|Protect|p2a: Heatran
|-singleturn|p2a: Heatran|Protect
|move|p1a: Noivern|Hurricane|p2a: Heatran
|-activate|p2a: Heatran|move: Protect
|
|upkeep
|turn|32
|
|t:|1758375990
|move|p1a: Noivern|Hurricane|p2a: Heatran
|-resisted|p2a: Heatran
|-damage|p2a: Heatran|86/100
|move|p2a: Heatran|Lava Plume|p1a: Noivern
|-resisted|p1a: Noivern
|-damage|p1a: Noivern|50/100
|
|-heal|p2a: Heatran|92/100|[from] item: Leftovers
|upkeep
|turn|33
|
|t:|1758376000
|move|p1a: Noivern|Dragon Pulse|p2a: Heatran
|-resisted|p2a: Heatran
|-damage|p2a: Heatran|82/100
|move|p2a: Heatran|Lava Plume|p1a: Noivern
|-resisted|p1a: Noivern
|-damage|p1a: Noivern|26/100
|
|-heal|p2a: Heatran|88/100|[from] item: Leftovers
|upkeep
|turn|34
|
|t:|1758376010
|move|p1a: Noivern|U-turn|p2a: Heatran
|-resisted|p2a: Heatran
|-damage|p2a: Heatran|86/100
|
|t:|1758376012
|switch|p1a: Venusaur|Venusaur, M, shiny|56/100 brn|[from] U-turn
|move|p2a: Heatran|Lava Plume|p1a: Venusaur
|-supereffective|p1a: Venusaur
|-damage|p1a: Venusaur|9/100 brn
|
|-heal|p2a: Heatran|92/100|[from] item: Leftovers
|-damage|p1a: Venusaur|3/100 brn|[from] brn
|upkeep
|turn|35
|
|t:|1758376025
|move|p2a: Heatran|Protect|p2a: Heatran
|-singleturn|p2a: Heatran|Protect
|move|p1a: Venusaur|Leech Seed|p2a: Heatran
|-activate|p2a: Heatran|move: Protect
|
|-heal|p2a: Heatran|98/100|[from] item: Leftovers
|-damage|p1a: Venusaur|0 fnt|[from] brn
|faint|p1a: Venusaur
|upkeep
|-message|Jameswhiff forfeited.
|
|win|G7spapi
|raw|Jameswhiff's rating: 1091 &rarr; <strong>1067</strong><br />(-24 for losing)
|raw|G7spapi's rating: 1080 &rarr; <strong>1109</strong><br />(+29 for winning)
|l|☆Jameswhiff
|player|p1|
|l|☆G7spapi
|player|p2|
