|j|☆moutisma-water
|j|☆Flex1255
|t:|1758289320
|gametype|singles
|player|p1|moutisma-water|lucas|1164
|player|p2|Flex1255|wallace|1219
|gen|9
|tier|[Gen 9] OU
|rated|
|rule|HP Percentage Mod: HP is shown in percentages
|rule|Endless Battle Clause: Forcing endless battles is banned
|rule|Species Clause: Limit one of each Pokémon
|rule|OHKO Clause: OHKO moves are banned
|rule|Evasion Items Clause: Evasion items are banned
|rule|Evasion Moves Clause: Evasion moves are banned
|rule|Evasion Abilities Clause: Evasion abilities are banned
|rule|Sleep Moves Clause: Sleep-inducing moves are banned
|clearpoke
|poke|p1|Meowscarada, M|
|poke|p1|Incineroar, F|
|poke|p1|Raikou|
|poke|p1|Perrserker, M|
|poke|p1|Mew|
|poke|p1|Persian-Alola, M|
|poke|p2|Kyurem|
|poke|p2|Iron Moth|
|poke|p2|Kingambit, M|
|poke|p2|Landorus-Therian, M|
|poke|p2|Hatterene, F|
|poke|p2|Zamazenta-*|
|teampreview
|
|t:|1758289335
|teamsize|p1|6
|teamsize|p2|6
|start
|switch|p1a: Miaw 🧱|Perrserker, M|100/100
|switch|p2a: Landorus|Landorus-Therian, M|100/100
|-ability|p2a: Landorus|Intimidate|boost
|-unboost|p1a: Miaw 🧱|atk|1
|turn|1
|
|t:|1758289348
|move|p2a: Landorus|Earthquake|p1a: Miaw 🧱
|-supereffective|p1a: Miaw 🧱
|-damage|p1a: Miaw 🧱|32/100
|move|p1a: Miaw 🧱|Body Slam|p2a: Landorus
|-damage|p2a: Landorus|83/100
|-damage|p1a: Miaw 🧱|15/100|[from] item: Rocky Helmet|[of] p2a: Landorus
|
|-heal|p1a: Miaw 🧱|21/100|[from] item: Leftovers
|upkeep
|turn|2
|
|t:|1758289358
|switch|p1a: Miiiiiaaaaw|Meowscarada, M|100/100
|move|p2a: Landorus|Earthquake|p1a: Miiiiiaaaaw
|-resisted|p1a: Miiiiiaaaaw
|-damage|p1a: Miiiiiaaaaw|63/100
|
|upkeep
|turn|3
|
|t:|1758289369
|switch|p2a: Iron Moth|Iron Moth|100/100
|-enditem|p2a: Iron Moth|Booster Energy
|-activate|p2a: Iron Moth|ability: Quark Drive|[fromitem]
|-start|p2a: Iron Moth|quarkdrivespe
|move|p1a: Miiiiiaaaaw|Triple Axel|p2a: Iron Moth
|-start|p1a: Miiiiiaaaaw|typechange|Ice|[from] ability: Protean
|-resisted|p2a: Iron Moth
|-damage|p2a: Iron Moth|91/100
|-resisted|p2a: Iron Moth
|-damage|p2a: Iron Moth|72/100
|-resisted|p2a: Iron Moth
|-damage|p2a: Iron Moth|41/100
|-hitcount|p2a: Iron Moth|3
|
|upkeep
|turn|4
|
|t:|1758289383
|switch|p1a: MIOW|Incineroar, F|100/100
|-ability|p1a: MIOW|Intimidate|boost
|-unboost|p2a: Iron Moth|atk|1
|move|p2a: Iron Moth|Fiery Dance|p1a: MIOW
|-resisted|p1a: MIOW
|-damage|p1a: MIOW|77/100
|
|upkeep
|turn|5
|
|t:|1758289393
|move|p2a: Iron Moth|Dazzling Gleam|p1a: MIOW
|-damage|p1a: MIOW|49/100
|move|p1a: MIOW|Knock Off|p2a: Iron Moth
|-damage|p2a: Iron Moth|0 fnt
|faint|p2a: Iron Moth
|-end|p2a: Iron Moth|Quark Drive|[silent]
|
|upkeep
|
|t:|1758289403
|switch|p2a: Zamazenta|Zamazenta|100/100
|-ability|p2a: Zamazenta|Dauntless Shield|boost
|-boost|p2a: Zamazenta|def|1
|turn|6
|
|t:|1758289409
|switch|p1a: Persian|Persian-Alola, M|100/100
|move|p2a: Zamazenta|Body Press|p1a: Persian
|-supereffective|p1a: Persian
|-damage|p1a: Persian|22/100
|
|upkeep
|turn|7
|
|t:|1758289416
|move|p2a: Zamazenta|Body Press|p1a: Persian
|-supereffective|p1a: Persian
|-damage|p1a: Persian|0 fnt
|faint|p1a: Persian
|
|upkeep
|
|t:|1758289419
|switch|p1a: Mew mew|Mew|100/100
|turn|8
|
|t:|1758289438
|switch|p2a: Kingambit|Kingambit, M|100/100
|-activate|p2a: Kingambit|ability: Supreme Overlord
|-start|p2a: Kingambit|fallen1|[silent]
|move|p1a: Mew mew|Nasty Plot|p1a: Mew mew
|-boost|p1a: Mew mew|spa|2
|
|upkeep
|turn|9
|
|t:|1758289449
|move|p1a: Mew mew|Vacuum Wave|p2a: Kingambit
|-supereffective|p2a: Kingambit
|-damage|p2a: Kingambit|0 fnt
|faint|p2a: Kingambit
|-end|p2a: Kingambit|fallen1|[silent]
|-damage|p1a: Mew mew|91/100|[from] item: Life Orb
|
|upkeep
|
|t:|1758289457
|switch|p2a: Landorus|Landorus-Therian, M|83/100
|-ability|p2a: Landorus|Intimidate|boost
|-unboost|p1a: Mew mew|atk|1
|turn|10
|
|t:|1758289464
|move|p1a: Mew mew|Psychic|p2a: Landorus
|-damage|p2a: Landorus|0 fnt
|faint|p2a: Landorus
|-damage|p1a: Mew mew|81/100|[from] item: Life Orb
|
|upkeep
|
|t:|1758289472
|switch|p2a: Kyurem|Kyurem|100/100
|-ability|p2a: Kyurem|Pressure
|turn|11
|
|t:|1758289479
|move|p1a: Mew mew|Alluring Voice|p2a: Kyurem
|-supereffective|p2a: Kyurem
|-damage|p2a: Kyurem|0 fnt
|faint|p2a: Kyurem
|-damage|p1a: Mew mew|71/100|[from] item: Life Orb
|
|upkeep
|
|t:|1758289485
|switch|p2a: Zamazenta|Zamazenta|100/100
|turn|12
|
|t:|1758289490
|move|p2a: Zamazenta|Substitute|p2a: Zamazenta
|-start|p2a: Zamazenta|Substitute
|-damage|p2a: Zamazenta|76/100
|move|p1a: Mew mew|Psychic|p2a: Zamazenta
|-supereffective|p2a: Zamazenta
|-end|p2a: Zamazenta|Substitute
|-damage|p1a: Mew mew|61/100|[from] item: Life Orb
|
|-heal|p2a: Zamazenta|82/100|[from] item: Leftovers
|upkeep
|turn|13
|
|t:|1758289499
|move|p2a: Zamazenta|Crunch|p1a: Mew mew
|-supereffective|p1a: Mew mew
|-damage|p1a: Mew mew|11/100
|move|p1a: Mew mew|Psychic|p2a: Zamazenta
|-supereffective|p2a: Zamazenta
|-damage|p2a: Zamazenta|0 fnt
|faint|p2a: Zamazenta
|-damage|p1a: Mew mew|1/100|[from] item: Life Orb
|
|upkeep
|
|t:|1758289507
|switch|p2a: Hatterene|Hatterene, F|100/100
|turn|14
|
|t:|1758289509
|move|p1a: Mew mew|Alluring Voice|p2a: Hatterene
|-damage|p2a: Hatterene|33/100
|-damage|p1a: Mew mew|0 fnt|[from] item: Life Orb
|faint|p1a: Mew mew
|move|p2a: Hatterene|Healing Wish||[still]
|-fail|p2a: Hatterene
|
|upkeep
|
|t:|1758289514
|switch|p1a: Miiiiiaaaaw|Meowscarada, M|63/100
|turn|15
|
|t:|1758289517
|move|p1a: Miiiiiaaaaw|U-turn|p2a: Hatterene
|-start|p1a: Miiiiiaaaaw|typechange|Bug|[from] ability: Protean
|-damage|p2a: Hatterene|0 fnt
|faint|p2a: Hatterene
|
|win|moutisma-water
|raw|moutisma-water's rating: 1164 &rarr; <strong>1193</strong><br />(+29 for winning)
|raw|Flex1255's rating: 1219 &rarr; <strong>1190</strong><br />(-29 for losing)
|l|☆Flex1255
|player|p2|
