|j|☆callooee
|j|☆Reginald Chaos
|t:|1758256546
|gametype|singles
|player|p1|callooee|265|1150
|player|p2|Reginald Chaos|102|1157
|gen|9
|tier|[Gen 9] OU
|rated|
|rule|HP Percentage Mod: HP is shown in percentages
|rule|Endless Battle Clause: Forcing endless battles is banned
|rule|Species Clause: Limit one of each Pokémon
|rule|OHKO Clause: OHKO moves are banned
|rule|Evasion Items Clause: Evasion items are banned
|rule|Evasion Moves Clause: Evasion moves are banned
|rule|Evasion Abilities Clause: Evasion abilities are banned
|rule|Sleep Moves Clause: Sleep-inducing moves are banned
|clearpoke
|poke|p1|Lokix, F|
|poke|p1|Cinderace, F|
|poke|p1|Great Tusk|
|poke|p1|Alomomola, F|
|poke|p1|Enamorus, F|
|poke|p1|Slowking-Galar, F|
|poke|p2|Pelipper, M|
|poke|p2|Beartic, F|
|poke|p2|Barraskewda, M|
|poke|p2|Ogerpon-Wellspring, F|
|poke|p2|Zapdos|
|poke|p2|Hatterene, F|
|teampreview
|inactive|Battle timer is ON: inactive players will automatically lose when time's up. (requested by Reginald Chaos)
|
|t:|1758256564
|teamsize|p1|6
|teamsize|p2|6
|start
|switch|p1a: Slowking|Slowking-Galar, F|100/100
|switch|p2a: Pelipper|Pelipper, M|100/100
|-weather|RainDance|[from] ability: Drizzle|[of] p2a: Pelipper
|turn|1
|
|t:|1758256578
|switch|p2a: Zapdos|Zapdos|100/100
|move|p1a: Slowking|Future Sight|p2a: Zapdos
|-start|p1a: Slowking|move: Future Sight
|
|-weather|RainDance|[upkeep]
|upkeep
|turn|2
|
|t:|1758256584
|move|p2a: Zapdos|Thunder|p1a: Slowking
|-damage|p1a: Slowking|58/100
|move|p1a: Slowking|Ice Beam|p2a: Zapdos
|-supereffective|p2a: Zapdos
|-damage|p2a: Zapdos|68/100
|
|-weather|RainDance|[upkeep]
|upkeep
|turn|3
|
|t:|1758256594
|move|p2a: Zapdos|Volt Switch|p1a: Slowking
|-damage|p1a: Slowking|29/100
|
|t:|1758256598
|switch|p2a: Beartic|Beartic, F|100/100|[from] Volt Switch
|move|p1a: Slowking|Ice Beam|p2a: Beartic
|-resisted|p2a: Beartic
|-damage|p2a: Beartic|86/100
|
|-weather|RainDance|[upkeep]
|-end|p2a: Beartic|move: Future Sight
|-crit|p2a: Beartic
|-damage|p2a: Beartic|3/100
|upkeep
|turn|4
|
|t:|1758256610
|switch|p1a: Cinderace|Cinderace, F|100/100
|move|p2a: Beartic|Icicle Spear|p1a: Cinderace
|-resisted|p1a: Cinderace
|-damage|p1a: Cinderace|93/100
|-resisted|p1a: Cinderace
|-damage|p1a: Cinderace|84/100
|-resisted|p1a: Cinderace
|-damage|p1a: Cinderace|76/100
|-resisted|p1a: Cinderace
|-damage|p1a: Cinderace|68/100
|-hitcount|p1a: Cinderace|4
|
|-weather|RainDance|[upkeep]
|upkeep
|turn|5
|
|t:|1758256622
|move|p2a: Beartic|Substitute|p2a: Beartic
|-fail|p2a: Beartic|move: Substitute|[weak]
|move|p1a: Cinderace|U-turn|p2a: Beartic
|-damage|p2a: Beartic|0 fnt
|faint|p2a: Beartic
|-message|Reginald Chaos forfeited.
|
|win|callooee
|raw|callooee's rating: 1150 &rarr; <strong>1176</strong><br />(+26 for winning)
|raw|Reginald Chaos's rating: 1157 &rarr; <strong>1131</strong><br />(-26 for losing)
|l|☆Reginald Chaos
|player|p2|
|l|☆callooee
|player|p1|
