|j|☆Articfox2024
|j|☆shadowVVyER
|t:|1758281589
|gametype|singles
|player|p1|Articfox2024|nate|1276
|player|p2|shadowVVyER|101|1257
|gen|9
|tier|[Gen 9] OU
|rated|
|rule|HP Percentage Mod: HP is shown in percentages
|rule|Endless Battle Clause: Forcing endless battles is banned
|rule|Species Clause: Limit one of each Pokémon
|rule|OHKO Clause: OHKO moves are banned
|rule|Evasion Items Clause: Evasion items are banned
|rule|Evasion Moves Clause: Evasion moves are banned
|rule|Evasion Abilities Clause: Evasion abilities are banned
|rule|Sleep Moves Clause: Sleep-inducing moves are banned
|clearpoke
|poke|p1|Ninetales-Alola, F|
|poke|p1|Ursaluna, M|
|poke|p1|Raging Bolt|
|poke|p1|Meowscarada, F|
|poke|p1|Dragonite, F|
|poke|p1|Kingambit, M|
|poke|p2|Ogerpon-Wellspring, F|
|poke|p2|Kingambit, M|
|poke|p2|Landorus-Therian, M|
|poke|p2|Glimmora, F|
|poke|p2|Iron Valiant|
|poke|p2|Dondozo, M|
|teampreview
|j| Xiaoyyy
|inactive|Battle timer is ON: inactive players will automatically lose when time's up. (requested by Articfox2024)
|
|t:|1758281601
|teamsize|p1|6
|teamsize|p2|6
|start
|switch|p1a: Ninetales|Ninetales-Alola, F|100/100
|switch|p2a: Ogerpon|Ogerpon-Wellspring, F|100/100
|-weather|Snowscape|[from] ability: Snow Warning|[of] p1a: Ninetales
|turn|1
|
|t:|1758281614
|move|p2a: Ogerpon|Taunt|p1a: Ninetales
|-start|p1a: Ninetales|move: Taunt
|move|p1a: Ninetales|Freeze-Dry|p2a: Ogerpon
|-supereffective|p2a: Ogerpon
|-crit|p2a: Ogerpon
|-damage|p2a: Ogerpon|0 fnt
|faint|p2a: Ogerpon
|
|-weather|Snowscape|[upkeep]
|upkeep
|
|t:|1758281623
|switch|p2a: Glimmora|Glimmora, F|100/100
|turn|2
|l|☆shadowVVyER
|inactive|shadowVVyER disconnected and has a minute to reconnect!
|player|p2|
|inactive|shadowVVyER has 30 seconds to reconnect!
|j|☆shadowVVyER
|inactive|shadowVVyER reconnected and has 95 seconds left.
|player|p2|shadowVVyER|101|
|inactive|shadowVVyER has 90 seconds left.
|
|t:|1758281686
|switch|p1a: Ursaluna|Ursaluna, M|100/100
|move|p2a: Glimmora|Meteor Beam||[still]
|-prepare|p2a: Glimmora|Meteor Beam
|-boost|p2a: Glimmora|spa|1
|-enditem|p2a: Glimmora|Power Herb
|-anim|p2a: Glimmora|Meteor Beam|p1a: Ursaluna
|-resisted|p1a: Ursaluna
|-damage|p1a: Ursaluna|57/100
|
|-weather|Snowscape|[upkeep]
|-status|p1a: Ursaluna|brn|[from] item: Flame Orb
|upkeep
|turn|3
|inactive|shadowVVyER has 90 seconds left.
|
|t:|1758281697
|move|p2a: Glimmora|Earth Power|p1a: Ursaluna
|-damage|p1a: Ursaluna|12/100 brn
|move|p1a: Ursaluna|Earthquake|p2a: Glimmora
|-supereffective|p2a: Glimmora
|-damage|p2a: Glimmora|0 fnt
|-activate|p2a: Glimmora|ability: Toxic Debris
|-sidestart|p1: Articfox2024|move: Toxic Spikes
|faint|p2a: Glimmora
|
|-weather|Snowscape|[upkeep]
|-damage|p1a: Ursaluna|5/100 brn|[from] brn
|upkeep
|inactive|shadowVVyER has 90 seconds left.
|
|t:|1758281708
|switch|p2a: Dondozo|Dondozo, M|100/100
|turn|4
|inactive|shadowVVyER has 90 seconds left.
|
|t:|1758281716
|move|p1a: Ursaluna|Facade|p2a: Dondozo
|-damage|p2a: Dondozo|41/100
|move|p2a: Dondozo|Curse|p2a: Dondozo
|-unboost|p2a: Dondozo|spe|1
|-boost|p2a: Dondozo|atk|1
|-boost|p2a: Dondozo|def|1
|
|-weather|Snowscape|[upkeep]
|-damage|p1a: Ursaluna|0 fnt|[from] brn
|faint|p1a: Ursaluna
|upkeep
|
|t:|1758281726
|switch|p1a: Raging Bolt|Raging Bolt|100/100
|turn|5
|
|t:|1758281736
|move|p1a: Raging Bolt|Volt Switch|p2a: Dondozo
|-supereffective|p2a: Dondozo
|-damage|p2a: Dondozo|0 fnt
|faint|p2a: Dondozo
|
|t:|1758281740
|-end|p1a: Raging Bolt|Protosynthesis|[silent]
|switch|p1a: Ninetales|Ninetales-Alola, F|100/100|[from] Volt Switch
|-status|p1a: Ninetales|psn
|
|-weather|none
|-damage|p1a: Ninetales|88/100 psn|[from] psn
|upkeep
|
|t:|1758281747
|switch|p2a: Iron Valiant|Iron Valiant|100/100
|-enditem|p2a: Iron Valiant|Booster Energy
|-activate|p2a: Iron Valiant|ability: Quark Drive|[fromitem]
|-start|p2a: Iron Valiant|quarkdrivespe
|turn|6
|
|t:|1758281753
|-terastallize|p2a: Iron Valiant|Steel
|move|p2a: Iron Valiant|Swords Dance|p2a: Iron Valiant
|-boost|p2a: Iron Valiant|atk|2
|move|p1a: Ninetales|Aurora Veil||[still]
|-fail|p1a: Ninetales
|
|-damage|p1a: Ninetales|76/100 psn|[from] psn
|upkeep
|turn|7
|c|☆Articfox2024|misclick
|
|t:|1758281762
|move|p2a: Iron Valiant|Swords Dance|p2a: Iron Valiant
|-boost|p2a: Iron Valiant|atk|2
|move|p1a: Ninetales|Encore|p2a: Iron Valiant
|-start|p2a: Iron Valiant|Encore
|
|-damage|p1a: Ninetales|64/100 psn|[from] psn
|upkeep
|turn|8
|
|t:|1758281771
|switch|p1a: Raging Bolt|Raging Bolt|100/100
|move|p2a: Iron Valiant|Swords Dance|p2a: Iron Valiant
|-boost|p2a: Iron Valiant|atk|2
|
|upkeep
|turn|9
|inactive|shadowVVyER has 120 seconds left.
|
|t:|1758281780
|-end|p2a: Iron Valiant|Quark Drive|[silent]
|switch|p2a: Landorus|Landorus-Therian, M|100/100
|-ability|p2a: Landorus|Intimidate|boost
|-unboost|p1a: Raging Bolt|atk|1
|move|p1a: Raging Bolt|Thunderbolt|p2a: Landorus
|-immune|p2a: Landorus
|
|upkeep
|turn|10
|
|t:|1758281788
|-end|p1a: Raging Bolt|Protosynthesis|[silent]
|switch|p1a: Ninetales|Ninetales-Alola, F|64/100 psn
|-weather|Snowscape|[from] ability: Snow Warning|[of] p1a: Ninetales
|move|p2a: Landorus|U-turn|p1a: Ninetales
|-resisted|p1a: Ninetales
|-damage|p1a: Ninetales|52/100 psn
|
|t:|1758281795
|switch|p2a: Iron Valiant|Iron Valiant, tera:Steel|100/100|[from] U-turn
|
|-weather|Snowscape|[upkeep]
|-damage|p1a: Ninetales|40/100 psn|[from] psn
|upkeep
|turn|11
|
|t:|1758281801
|move|p2a: Iron Valiant|Close Combat|p1a: Ninetales
|-damage|p1a: Ninetales|0 fnt
|-unboost|p2a: Iron Valiant|def|1
|-unboost|p2a: Iron Valiant|spd|1
|faint|p1a: Ninetales
|
|-weather|Snowscape|[upkeep]
|upkeep
|
|t:|1758281813
|switch|p1a: Meowscarada|Meowscarada, F|100/100
|-status|p1a: Meowscarada|psn
|turn|12
|l| Xiaoyyy
|
|t:|1758281819
|move|p1a: Meowscarada|Knock Off|p2a: Iron Valiant
|-start|p1a: Meowscarada|typechange|Dark|[from] ability: Protean
|-damage|p2a: Iron Valiant|47/100
|move|p2a: Iron Valiant|Close Combat|p1a: Meowscarada
|-supereffective|p1a: Meowscarada
|-damage|p1a: Meowscarada|0 fnt
|-unboost|p2a: Iron Valiant|def|1
|-unboost|p2a: Iron Valiant|spd|1
|faint|p1a: Meowscarada
|
|-weather|Snowscape|[upkeep]
|upkeep
|
|t:|1758281829
|switch|p1a: Raging Bolt|Raging Bolt|100/100
|turn|13
|
|t:|1758281838
|move|p1a: Raging Bolt|Thunderclap|p2a: Iron Valiant
|-damage|p2a: Iron Valiant|0 fnt
|faint|p2a: Iron Valiant
|-end|p2a: Iron Valiant|Quark Drive|[silent]
|
|-weather|Snowscape|[upkeep]
|upkeep
|
|t:|1758281842
|switch|p2a: Landorus|Landorus-Therian, M|100/100
|-ability|p2a: Landorus|Intimidate|boost
|-unboost|p1a: Raging Bolt|atk|1
|turn|14
|
|t:|1758281850
|-terastallize|p1a: Raging Bolt|Fairy
|move|p2a: Landorus|U-turn|p1a: Raging Bolt
|-resisted|p1a: Raging Bolt
|-damage|p1a: Raging Bolt|91/100
|
|t:|1758281856
|switch|p2a: Kingambit|Kingambit, M|100/100|[from] U-turn
|-activate|p2a: Kingambit|ability: Supreme Overlord
|-start|p2a: Kingambit|fallen4|[silent]
|move|p1a: Raging Bolt|Draco Meteor|p2a: Kingambit
|-resisted|p2a: Kingambit
|-damage|p2a: Kingambit|62/100
|-unboost|p1a: Raging Bolt|spa|2
|
|-weather|none
|-heal|p2a: Kingambit|69/100|[from] item: Leftovers
|upkeep
|turn|15
|
|t:|1758281866
|move|p1a: Raging Bolt|Volt Switch|p2a: Kingambit
|-damage|p2a: Kingambit|47/100
|
|t:|1758281874
|-end|p1a: Raging Bolt|Protosynthesis|[silent]
|switch|p1a: Dragonite|Dragonite, F|100/100|[from] Volt Switch
|move|p2a: Kingambit|Swords Dance|p2a: Kingambit
|-boost|p2a: Kingambit|atk|2
|
|-heal|p2a: Kingambit|54/100|[from] item: Leftovers
|upkeep
|turn|16
|
|t:|1758281884
|move|p1a: Dragonite|Earthquake|p2a: Kingambit
|-supereffective|p2a: Kingambit
|-damage|p2a: Kingambit|6/100
|move|p2a: Kingambit|Kowtow Cleave|p1a: Dragonite
|-damage|p1a: Dragonite|31/100
|
|-heal|p2a: Kingambit|12/100|[from] item: Leftovers
|upkeep
|turn|17
|
|t:|1758281892
|move|p1a: Dragonite|Extreme Speed|p2a: Kingambit
|-resisted|p2a: Kingambit
|-damage|p2a: Kingambit|2/100
|move|p2a: Kingambit|Sucker Punch||[still]
|-fail|p2a: Kingambit
|
|-heal|p2a: Kingambit|8/100|[from] item: Leftovers
|upkeep
|turn|18
|
|t:|1758281902
|-end|p2a: Kingambit|fallen4|[silent]
|switch|p2a: Landorus|Landorus-Therian, M|100/100
|-ability|p2a: Landorus|Intimidate|boost
|-unboost|p1a: Dragonite|atk|1
|move|p1a: Dragonite|Extreme Speed|p2a: Landorus
|-damage|p2a: Landorus|82/100
|-damage|p1a: Dragonite|14/100|[from] item: Rocky Helmet|[of] p2a: Landorus
|
|upkeep
|turn|19
|
|t:|1758281916
|switch|p1a: Raging Bolt|Raging Bolt, tera:Fairy|91/100
|move|p2a: Landorus|Stealth Rock|p1a: Raging Bolt
|-sidestart|p1: Articfox2024|move: Stealth Rock
|
|upkeep
|turn|20
|
|t:|1758281922
|move|p2a: Landorus|Earthquake|p1a: Raging Bolt
|-damage|p1a: Raging Bolt|48/100
|move|p1a: Raging Bolt|Thunderbolt|p2a: Landorus
|-immune|p2a: Landorus
|
|upkeep
|turn|21
|
|t:|1758281928
|move|p2a: Landorus|Earthquake|p1a: Raging Bolt
|-damage|p1a: Raging Bolt|2/100
|move|p1a: Raging Bolt|Draco Meteor|p2a: Landorus
|-damage|p2a: Landorus|5/100
|-unboost|p1a: Raging Bolt|spa|2
|
|upkeep
|turn|22
|
|t:|1758281936
|-end|p1a: Raging Bolt|Protosynthesis|[silent]
|switch|p1a: Dragonite|Dragonite, F|14/100
|move|p2a: Landorus|Earthquake|p1a: Dragonite
|-immune|p1a: Dragonite
|
|upkeep
|turn|23
|
|t:|1758281944
|move|p1a: Dragonite|Extreme Speed|p2a: Landorus
|-damage|p2a: Landorus|0 fnt
|-damage|p1a: Dragonite|0 fnt|[from] item: Rocky Helmet|[of] p2a: Landorus
|faint|p2a: Landorus
|faint|p1a: Dragonite
|
|upkeep
|
|t:|1758281950
|switch|p2a: Kingambit|Kingambit, M|8/100
|switch|p1a: Raging Bolt|Raging Bolt, tera:Fairy|2/100
|-activate|p2a: Kingambit|ability: Supreme Overlord
|-start|p2a: Kingambit|fallen5|[silent]
|turn|24
|c|☆Articfox2024|gg
|
|t:|1758281961
|move|p1a: Raging Bolt|Thunderclap||[still]
|-fail|p1a: Raging Bolt
|move|p2a: Kingambit|Swords Dance|p2a: Kingambit
|-boost|p2a: Kingambit|atk|2
|
|-heal|p2a: Kingambit|14/100|[from] item: Leftovers
|upkeep
|turn|25
|
|t:|1758281968
|move|p1a: Raging Bolt|Thunderclap|p2a: Kingambit
|-damage|p2a: Kingambit|0 fnt
|faint|p2a: Kingambit
|-end|p2a: Kingambit|fallen5|[silent]
|
|win|Articfox2024
|raw|Articfox2024's rating: 1276 &rarr; <strong>1300</strong><br />(+24 for winning)
|raw|shadowVVyER's rating: 1257 &rarr; <strong>1233</strong><br />(-24 for losing)
