|j|☆touhoukhoa
|j|☆wssi
|t:|1758236593
|gametype|singles
|player|p1|touhoukhoa|burglar|1775
|player|p2|wssi|266|1741
|gen|9
|tier|[Gen 9] OU
|rated|
|rule|HP Percentage Mod: HP is shown in percentages
|rule|Endless Battle Clause: Forcing endless battles is banned
|rule|Species Clause: Limit one of each Pokémon
|rule|OHKO Clause: OHKO moves are banned
|rule|Evasion Items Clause: Evasion items are banned
|rule|Evasion Moves Clause: Evasion moves are banned
|rule|Evasion Abilities Clause: Evasion abilities are banned
|rule|Sleep Moves Clause: Sleep-inducing moves are banned
|clearpoke
|poke|p1|Zamazenta-*|
|poke|p1|Glimmora, F|
|poke|p1|Araquanid, F|
|poke|p1|Dragapult, M|
|poke|p1|Kingambit, M|
|poke|p1|Landorus-Therian, M|
|poke|p2|Dragonite, M|
|poke|p2|Gholdengo|
|poke|p2|Regidrago|
|poke|p2|Scizor, M|
|poke|p2|Ting-Lu|
|poke|p2|Weezing-Galar, M|
|teampreview
|inactive|Battle timer is ON: inactive players will automatically lose when time's up. (requested by wssi)
|
|t:|1758236621
|teamsize|p1|6
|teamsize|p2|6
|start
|switch|p1a: Landorus|Landorus-Therian, M|100/100
|switch|p2a: Gholdengo|Gholdengo|100/100
|-ability|p1a: Landorus|Intimidate|boost
|-unboost|p2a: Gholdengo|atk|1
|turn|1
|
|t:|1758236627
|switch|p2a: Dragonite|Dragonite, M|100/100
|move|p1a: Landorus|Earthquake|p2a: Dragonite
|-immune|p2a: Dragonite
|
|upkeep
|turn|2
|
|t:|1758236639
|switch|p1a: Zamazenta|Zamazenta|100/100
|-ability|p1a: Zamazenta|Dauntless Shield|boost
|-boost|p1a: Zamazenta|def|1
|switch|p2a: Weezing|Weezing-Galar, M|100/100
|-ability|p2a: Weezing|Neutralizing Gas
|
|upkeep
|turn|3
|
|t:|1758236655
|switch|p1a: Araquanid|Araquanid, F|100/100
|move|p2a: Weezing|Will-O-Wisp|p1a: Araquanid
|-status|p1a: Araquanid|brn
|
|-damage|p1a: Araquanid|94/100 brn|[from] brn
|upkeep
|turn|4
|
|t:|1758236659
|move|p2a: Weezing|Sludge Bomb|p1a: Araquanid
|-damage|p1a: Araquanid|74/100 brn
|move|p1a: Araquanid|Sticky Web|p2a: Weezing
|-sidestart|p2: wssi|move: Sticky Web
|
|-damage|p1a: Araquanid|68/100 brn|[from] brn
|upkeep
|turn|5
|
|t:|1758236662
|switch|p1a: Glimmora|Glimmora, F|100/100
|move|p2a: Weezing|Defog|p1a: Glimmora
|-unboost|p1a: Glimmora|evasion|1
|-sideend|p2: wssi|Sticky Web|[from] move: Defog|[of] p2a: Weezing
|
|upkeep
|turn|6
|
|t:|1758236668
|-end|p2a: Weezing|ability: Neutralizing Gas
|switch|p2a: Ting-Lu|Ting-Lu|100/100
|-ability|p2a: Ting-Lu|Vessel of Ruin
|move|p1a: Glimmora|Mortal Spin|p2a: Ting-Lu
|-resisted|p2a: Ting-Lu
|-damage|p2a: Ting-Lu|99/100
|-status|p2a: Ting-Lu|psn
|
|-heal|p2a: Ting-Lu|100/100 psn|[from] item: Leftovers
|-damage|p2a: Ting-Lu|88/100 psn|[from] psn
|upkeep
|turn|7
|
|t:|1758236670
|switch|p1a: Araquanid|Araquanid, F|68/100 brn
|-activate|p1a: Araquanid|ability: Water Bubble
|-curestatus|p1a: Araquanid|brn|[msg]
|move|p2a: Ting-Lu|Earthquake|p1a: Araquanid
|-resisted|p1a: Araquanid
|-damage|p1a: Araquanid|49/100
|
|-heal|p2a: Ting-Lu|94/100 psn|[from] item: Leftovers
|-damage|p2a: Ting-Lu|82/100 psn|[from] psn
|upkeep
|turn|8
|
|t:|1758236675
|switch|p2a: Weezing|Weezing-Galar, M|100/100
|-ability|p2a: Weezing|Neutralizing Gas
|move|p1a: Araquanid|Sticky Web|p2a: Weezing
|-sidestart|p2: wssi|move: Sticky Web
|
|upkeep
|turn|9
|
|t:|1758236677
|switch|p1a: Glimmora|Glimmora, F|100/100
|move|p2a: Weezing|Defog|p1a: Glimmora
|-unboost|p1a: Glimmora|evasion|1
|-sideend|p2: wssi|Sticky Web|[from] move: Defog|[of] p2a: Weezing
|
|upkeep
|turn|10
|
|t:|1758236682
|switch|p1a: Araquanid|Araquanid, F|49/100
|-end|p2a: Weezing|ability: Neutralizing Gas
|switch|p2a: Ting-Lu|Ting-Lu|82/100 psn
|-ability|p2a: Ting-Lu|Vessel of Ruin
|
|-heal|p2a: Ting-Lu|88/100 psn|[from] item: Leftovers
|-damage|p2a: Ting-Lu|76/100 psn|[from] psn
|upkeep
|turn|11
|
|t:|1758236685
|switch|p2a: Weezing|Weezing-Galar, M|100/100
|-ability|p2a: Weezing|Neutralizing Gas
|move|p1a: Araquanid|Sticky Web|p2a: Weezing
|-sidestart|p2: wssi|move: Sticky Web
|
|upkeep
|turn|12
|
|t:|1758236687
|switch|p1a: Glimmora|Glimmora, F|100/100
|move|p2a: Weezing|Defog|p1a: Glimmora
|-unboost|p1a: Glimmora|evasion|1
|-sideend|p2: wssi|Sticky Web|[from] move: Defog|[of] p2a: Weezing
|
|upkeep
|turn|13
|
|t:|1758236690
|switch|p1a: Araquanid|Araquanid, F|49/100
|-end|p2a: Weezing|ability: Neutralizing Gas
|switch|p2a: Scizor|Scizor, M|100/100
|
|upkeep
|turn|14
|
|t:|1758236696
|switch|p1a: Zamazenta|Zamazenta|100/100
|move|p2a: Scizor|Knock Off|p1a: Zamazenta
|-resisted|p1a: Zamazenta
|-damage|p1a: Zamazenta|82/100
|-enditem|p1a: Zamazenta|Leftovers|[from] move: Knock Off|[of] p2a: Scizor
|
|upkeep
|turn|15
|j| IWasBornFaat
|
|t:|1758236702
|switch|p2a: Weezing|Weezing-Galar, M|100/100
|-ability|p2a: Weezing|Neutralizing Gas
|move|p1a: Zamazenta|Body Press|p2a: Weezing
|-resisted|p2a: Weezing
|-damage|p2a: Weezing|95/100
|
|upkeep
|turn|16
|
|t:|1758236715
|switch|p1a: Araquanid|Araquanid, F|49/100
|move|p2a: Weezing|Will-O-Wisp|p1a: Araquanid
|-status|p1a: Araquanid|brn
|
|-damage|p1a: Araquanid|43/100 brn|[from] brn
|upkeep
|turn|17
|
|t:|1758236717
|move|p2a: Weezing|Sludge Bomb|p1a: Araquanid
|-damage|p1a: Araquanid|23/100 brn
|move|p1a: Araquanid|Endeavor|p2a: Weezing
|-damage|p2a: Weezing|23/100
|
|-damage|p1a: Araquanid|17/100 brn|[from] brn
|upkeep
|turn|18
|
|t:|1758236722
|move|p2a: Weezing|Defog|p1a: Araquanid
|-unboost|p1a: Araquanid|evasion|1
|move|p1a: Araquanid|Endeavor|p2a: Weezing
|-damage|p2a: Weezing|17/100
|
|-damage|p1a: Araquanid|11/100 brn|[from] brn
|upkeep
|turn|19
|
|t:|1758236726
|move|p2a: Weezing|Sludge Bomb|p1a: Araquanid
|-damage|p1a: Araquanid|0 fnt
|faint|p1a: Araquanid
|
|upkeep
|
|t:|1758236738
|switch|p1a: Landorus|Landorus-Therian, M|100/100
|turn|20
|
|t:|1758236741
|move|p1a: Landorus|U-turn|p2a: Weezing
|-resisted|p2a: Weezing
|-damage|p2a: Weezing|11/100
|
|t:|1758236743
|switch|p1a: Glimmora|Glimmora, F|100/100|[from] U-turn
|move|p2a: Weezing|Will-O-Wisp|p1a: Glimmora
|-status|p1a: Glimmora|brn
|
|-damage|p1a: Glimmora|94/100 brn|[from] brn
|upkeep
|turn|21
|
|t:|1758236747
|-end|p2a: Weezing|ability: Neutralizing Gas
|switch|p2a: Ting-Lu|Ting-Lu|76/100 psn
|-ability|p2a: Ting-Lu|Vessel of Ruin
|move|p1a: Glimmora|Sludge Wave|p2a: Ting-Lu
|-resisted|p2a: Ting-Lu
|-crit|p2a: Ting-Lu
|-damage|p2a: Ting-Lu|60/100 psn
|
|-heal|p2a: Ting-Lu|67/100 psn|[from] item: Leftovers
|-damage|p2a: Ting-Lu|54/100 psn|[from] psn
|-damage|p1a: Glimmora|88/100 brn|[from] brn
|upkeep
|turn|22
|
|t:|1758236754
|switch|p1a: Landorus|Landorus-Therian, M|100/100
|-ability|p1a: Landorus|Intimidate|boost
|-unboost|p2a: Ting-Lu|atk|1
|move|p2a: Ting-Lu|Stealth Rock|p1a: Landorus
|-sidestart|p1: touhoukhoa|move: Stealth Rock
|
|-heal|p2a: Ting-Lu|60/100 psn|[from] item: Leftovers
|-damage|p2a: Ting-Lu|48/100 psn|[from] psn
|upkeep
|turn|23
|
|t:|1758236757
|move|p1a: Landorus|U-turn|p2a: Ting-Lu
|-supereffective|p2a: Ting-Lu
|-damage|p2a: Ting-Lu|1/100 psn
|
|t:|1758236759
|switch|p1a: Glimmora|Glimmora, F|88/100 brn|[from] U-turn
|-damage|p1a: Glimmora|76/100 brn|[from] Stealth Rock
|move|p2a: Ting-Lu|Ruination|p1a: Glimmora
|-damage|p1a: Glimmora|38/100 brn
|
|-heal|p2a: Ting-Lu|8/100 psn|[from] item: Leftovers
|-damage|p2a: Ting-Lu|0 fnt|[from] psn
|faint|p2a: Ting-Lu
|-damage|p1a: Glimmora|32/100 brn|[from] brn
|upkeep
|
|t:|1758236762
|switch|p2a: Scizor|Scizor, M|100/100
|turn|24
|
|t:|1758236765
|switch|p1a: Zamazenta|Zamazenta|82/100
|-damage|p1a: Zamazenta|76/100|[from] Stealth Rock
|move|p2a: Scizor|Bullet Punch|p1a: Zamazenta
|-damage|p1a: Zamazenta|41/100
|
|upkeep
|turn|25
|
|t:|1758236772
|move|p2a: Scizor|Bullet Punch|p1a: Zamazenta
|-damage|p1a: Zamazenta|2/100
|move|p1a: Zamazenta|Body Press|p2a: Scizor
|-damage|p2a: Scizor|62/100
|
|upkeep
|turn|26
|
|t:|1758236774
|move|p2a: Scizor|Bullet Punch|p1a: Zamazenta
|-damage|p1a: Zamazenta|0 fnt
|faint|p1a: Zamazenta
|
|upkeep
|
|t:|1758236776
|switch|p1a: Landorus|Landorus-Therian, M|100/100
|-damage|p1a: Landorus|88/100|[from] Stealth Rock
|-ability|p1a: Landorus|Intimidate|boost
|-unboost|p2a: Scizor|atk|1
|turn|27
|inactive|wssi has 120 seconds left.
|
|t:|1758236807
|switch|p2a: Dragonite|Dragonite, M|100/100
|move|p1a: Landorus|Stone Edge|p2a: Dragonite|[miss]
|-miss|p1a: Landorus|p2a: Dragonite
|
|upkeep
|turn|28
|
|t:|1758236813
|switch|p2a: Gholdengo|Gholdengo|100/100
|move|p1a: Landorus|Stone Edge|p2a: Gholdengo
|-resisted|p2a: Gholdengo
|-damage|p2a: Gholdengo|70/100
|
|upkeep
|turn|29
|
|t:|1758236818
|switch|p1a: Kingambit|Kingambit, M|100/100
|-damage|p1a: Kingambit|94/100|[from] Stealth Rock
|-activate|p1a: Kingambit|ability: Supreme Overlord
|-start|p1a: Kingambit|fallen2|[silent]
|move|p2a: Gholdengo|Make It Rain|p1a: Kingambit
|-resisted|p1a: Kingambit
|-damage|p1a: Kingambit|55/100
|-unboost|p2a: Gholdengo|spa|1
|
|upkeep
|turn|30
|
|t:|1758236824
|move|p2a: Gholdengo|Make It Rain|p1a: Kingambit
|-resisted|p1a: Kingambit
|-damage|p1a: Kingambit|27/100
|-unboost|p2a: Gholdengo|spa|1
|move|p1a: Kingambit|Kowtow Cleave|p2a: Gholdengo
|-supereffective|p2a: Gholdengo
|-damage|p2a: Gholdengo|0 fnt
|faint|p2a: Gholdengo
|
|upkeep
|
|t:|1758236834
|switch|p2a: Dragonite|Dragonite, M|100/100
|turn|31
|
|t:|1758236836
|move|p2a: Dragonite|Earthquake|p1a: Kingambit
|-supereffective|p1a: Kingambit
|-damage|p1a: Kingambit|0 fnt
|faint|p1a: Kingambit
|-end|p1a: Kingambit|fallen2|[silent]
|
|upkeep
|
|t:|1758236838
|switch|p1a: Landorus|Landorus-Therian, M|88/100
|-damage|p1a: Landorus|76/100|[from] Stealth Rock
|-ability|p1a: Landorus|Intimidate|boost
|-unboost|p2a: Dragonite|atk|1
|turn|32
|
|t:|1758236849
|-terastallize|p2a: Dragonite|Normal
|move|p1a: Landorus|U-turn|p2a: Dragonite
|-damage|p2a: Dragonite|79/100
|
|t:|1758236853
|switch|p1a: Glimmora|Glimmora, F|32/100 brn|[from] U-turn
|-damage|p1a: Glimmora|20/100 brn|[from] Stealth Rock
|move|p2a: Dragonite|Dragon Dance|p2a: Dragonite
|-boost|p2a: Dragonite|atk|1
|-boost|p2a: Dragonite|spe|1
|
|-damage|p1a: Glimmora|14/100 brn|[from] brn
|upkeep
|turn|33
|
|t:|1758236868
|move|p2a: Dragonite|Earthquake|p1a: Glimmora
|-supereffective|p1a: Glimmora
|-damage|p1a: Glimmora|0 fnt
|-activate|p1a: Glimmora|ability: Toxic Debris
|-sidestart|p2: wssi|move: Toxic Spikes
|faint|p1a: Glimmora
|
|upkeep
|
|t:|1758236870
|switch|p1a: Landorus|Landorus-Therian, M|76/100
|-damage|p1a: Landorus|64/100|[from] Stealth Rock
|-ability|p1a: Landorus|Intimidate|boost
|-unboost|p2a: Dragonite|atk|1
|turn|34
|
|t:|1758236875
|-terastallize|p1a: Landorus|Steel
|move|p2a: Dragonite|Extreme Speed|p1a: Landorus
|-resisted|p1a: Landorus
|-damage|p1a: Landorus|44/100
|move|p1a: Landorus|Earthquake|p2a: Dragonite
|-damage|p2a: Dragonite|0 fnt
|faint|p2a: Dragonite
|
|upkeep
|
|t:|1758236883
|switch|p2a: Weezing|Weezing-Galar, M|11/100
|-ability|p2a: Weezing|Neutralizing Gas
|-sideend|p2: wssi|move: Toxic Spikes|[of] p2a: Weezing
|turn|35
|
|t:|1758236887
|move|p1a: Landorus|Earthquake|p2a: Weezing
|-supereffective|p2a: Weezing
|-damage|p2a: Weezing|0 fnt
|faint|p2a: Weezing
|-end|p2a: Weezing|ability: Neutralizing Gas
|
|upkeep
|
|t:|1758236890
|switch|p2a: Scizor|Scizor, M|62/100
|turn|36
|
|t:|1758236903
|move|p2a: Scizor|Bullet Punch|p1a: Landorus
|-resisted|p1a: Landorus
|-damage|p1a: Landorus|17/100
|move|p1a: Landorus|Earthquake|p2a: Scizor
|-damage|p2a: Scizor|0 fnt
|faint|p2a: Scizor
|
|upkeep
|
|t:|1758236906
|switch|p2a: Regidrago|Regidrago|100/100
|turn|37
|
|t:|1758236916
|move|p2a: Regidrago|Draco Meteor|p1a: Landorus
|-resisted|p1a: Landorus
|-damage|p1a: Landorus|0 fnt
|-unboost|p2a: Regidrago|spa|2
|faint|p1a: Landorus
|
|upkeep
|
|t:|1758236921
|switch|p1a: Dragapult|Dragapult, M|100/100
|-damage|p1a: Dragapult|88/100|[from] Stealth Rock
|turn|38
|
|t:|1758236925
|move|p1a: Dragapult|Shadow Ball|p2a: Regidrago
|-damage|p2a: Regidrago|56/100
|move|p2a: Regidrago|Draco Meteor|p1a: Dragapult
|-supereffective|p1a: Dragapult
|-damage|p1a: Dragapult|0 fnt
|-unboost|p2a: Regidrago|spa|2
|faint|p1a: Dragapult
|
|win|wssi
|raw|touhoukhoa's rating: 1775 &rarr; <strong>1753</strong><br />(-22 for losing)
|raw|wssi's rating: 1741 &rarr; <strong>1763</strong><br />(+22 for winning)
|l|☆wssi
|player|p2|
|l|☆touhoukhoa
|player|p1|
