|j|☆ii el bunneh ii
|j|☆teamcrystalrocket
|t:|1758341070
|gametype|singles
|player|p1|ii el bunneh ii|170|1233
|player|p2|teamcrystalrocket|266|1230
|gen|9
|tier|[Gen 9] OU
|rated|
|rule|HP Percentage Mod: HP is shown in percentages
|rule|Endless Battle Clause: Forcing endless battles is banned
|rule|Species Clause: Limit one of each Pokémon
|rule|OHKO Clause: OHKO moves are banned
|rule|Evasion Items Clause: Evasion items are banned
|rule|Evasion Moves Clause: Evasion moves are banned
|rule|Evasion Abilities Clause: Evasion abilities are banned
|rule|Sleep Moves Clause: Sleep-inducing moves are banned
|clearpoke
|poke|p1|Kyurem|
|poke|p1|Cresselia, F|
|poke|p1|Mew|
|poke|p1|Dragapult, M|
|poke|p1|Iron Valiant|
|poke|p1|Polteageist|
|poke|p2|Skeledirge, F|
|poke|p2|Glimmora, M|
|poke|p2|Meowscarada, M|
|poke|p2|Great Tusk|
|poke|p2|Kingambit, M|
|poke|p2|Quagsire, M|
|teampreview
|inactive|Battle timer is ON: inactive players will automatically lose when time's up. (requested by teamcrystalrocket)
|
|t:|1758341082
|teamsize|p1|6
|teamsize|p2|6
|start
|switch|p1a: Kyurem|Kyurem|100/100
|switch|p2a: Skeledirge|Skeledirge, F|100/100
|-ability|p1a: Kyurem|Pressure
|turn|1
|
|t:|1758341088
|switch|p1a: Polteageist|Polteageist, shiny|100/100
|move|p2a: Skeledirge|Will-O-Wisp|p1a: Polteageist
|-status|p1a: Polteageist|brn
|
|-damage|p1a: Polteageist|94/100 brn|[from] brn
|upkeep
|turn|2
|
|t:|1758341096
|-terastallize|p2a: Skeledirge|Fairy
|move|p1a: Polteageist|Shadow Ball|p2a: Skeledirge
|-damage|p2a: Skeledirge|49/100
|-unboost|p2a: Skeledirge|spd|1
|move|p2a: Skeledirge|Hex|p1a: Polteageist
|-supereffective|p1a: Polteageist
|-damage|p1a: Polteageist|0 fnt
|faint|p1a: Polteageist
|
|-heal|p2a: Skeledirge|55/100|[from] item: Leftovers
|upkeep
|
|t:|1758341106
|switch|p1a: Iron Valiant|Iron Valiant|100/100
|-enditem|p1a: Iron Valiant|Booster Energy
|-activate|p1a: Iron Valiant|ability: Quark Drive|[fromitem]
|-start|p1a: Iron Valiant|quarkdrivespe
|turn|3
|
|t:|1758341111
|switch|p2a: Quagsire|Quagsire, M, shiny|100/100
|move|p1a: Iron Valiant|Spirit Break|p2a: Quagsire
|-damage|p2a: Quagsire|72/100
|-unboost|p2a: Quagsire|spa|1
|-damage|p1a: Iron Valiant|84/100|[from] item: Rocky Helmet|[of] p2a: Quagsire
|
|upkeep
|turn|4
|
|t:|1758341119
|move|p1a: Iron Valiant|Knock Off|p2a: Quagsire
|-damage|p2a: Quagsire|49/100
|-damage|p1a: Iron Valiant|67/100|[from] item: Rocky Helmet|[of] p2a: Quagsire
|-enditem|p2a: Quagsire|Rocky Helmet|[from] move: Knock Off|[of] p1a: Iron Valiant
|move|p2a: Quagsire|Toxic|p1a: Iron Valiant
|-status|p1a: Iron Valiant|tox
|
|-damage|p1a: Iron Valiant|61/100 tox|[from] psn
|upkeep
|turn|5
|
|t:|1758341128
|move|p1a: Iron Valiant|Encore|p2a: Quagsire
|-start|p2a: Quagsire|Encore
|move|p2a: Quagsire|Toxic|p1a: Iron Valiant
|-fail|p1a: Iron Valiant|tox
|
|-damage|p1a: Iron Valiant|49/100 tox|[from] psn
|upkeep
|turn|6
|
|t:|1758341135
|move|p1a: Iron Valiant|Swords Dance|p1a: Iron Valiant
|-boost|p1a: Iron Valiant|atk|2
|move|p2a: Quagsire|Toxic|p1a: Iron Valiant
|-fail|p1a: Iron Valiant|tox
|
|-damage|p1a: Iron Valiant|30/100 tox|[from] psn
|upkeep
|turn|7
|
|t:|1758341142
|move|p1a: Iron Valiant|Knock Off|p2a: Quagsire
|-damage|p2a: Quagsire|32/100
|move|p2a: Quagsire|Toxic|p1a: Iron Valiant
|-fail|p1a: Iron Valiant|tox
|
|-damage|p1a: Iron Valiant|5/100 tox|[from] psn
|-end|p2a: Quagsire|Encore
|upkeep
|turn|8
|
|t:|1758341151
|move|p1a: Iron Valiant|Encore|p2a: Quagsire
|-start|p2a: Quagsire|Encore
|move|p2a: Quagsire|Toxic|p1a: Iron Valiant
|-fail|p1a: Iron Valiant|tox
|
|-damage|p1a: Iron Valiant|0 fnt|[from] psn
|faint|p1a: Iron Valiant
|-end|p1a: Iron Valiant|Quark Drive|[silent]
|upkeep
|
|t:|1758341160
|switch|p1a: Mew|Mew, shiny|100/100
|turn|9
|
|t:|1758341163
|move|p1a: Mew|Bullet Seed|p2a: Quagsire
|-supereffective|p2a: Quagsire
|-damage|p2a: Quagsire|10/100
|-supereffective|p2a: Quagsire
|-damage|p2a: Quagsire|0 fnt
|faint|p2a: Quagsire
|-hitcount|p2: Quagsire|2
|
|upkeep
|
|t:|1758341168
|switch|p2a: Glimmora|Glimmora, M, shiny|100/100
|turn|10
|
|t:|1758341174
|move|p1a: Mew|Dragon Dance|p1a: Mew
|-boost|p1a: Mew|atk|1
|-boost|p1a: Mew|spe|1
|move|p2a: Glimmora|Mortal Spin|p1a: Mew
|-damage|p1a: Mew|95/100
|-status|p1a: Mew|psn
|-activate|p1a: Mew|ability: Synchronize
|-immune|p2a: Glimmora
|
|-damage|p1a: Mew|83/100 psn|[from] psn
|upkeep
|turn|11
|
|t:|1758341189
|move|p1a: Mew|Dragon Dance|p1a: Mew
|-boost|p1a: Mew|atk|1
|-boost|p1a: Mew|spe|1
|move|p2a: Glimmora|Sludge Wave|p1a: Mew
|-damage|p1a: Mew|33/100 psn
|
|-damage|p1a: Mew|21/100 psn|[from] psn
|upkeep
|turn|12
|
|t:|1758341198
|move|p1a: Mew|Icicle Spear|p2a: Glimmora
|-damage|p2a: Glimmora|81/100
|-activate|p2a: Glimmora|ability: Toxic Debris
|-sidestart|p1: ii el bunneh ii|move: Toxic Spikes
|-damage|p2a: Glimmora|62/100
|-activate|p2a: Glimmora|ability: Toxic Debris
|-sidestart|p1: ii el bunneh ii|move: Toxic Spikes
|-damage|p2a: Glimmora|43/100
|-damage|p2a: Glimmora|24/100
|-damage|p2a: Glimmora|6/100
|-hitcount|p2a: Glimmora|5
|move|p2a: Glimmora|Sludge Wave|p1a: Mew
|-damage|p1a: Mew|0 fnt
|faint|p1a: Mew
|
|upkeep
|
|t:|1758341224
|switch|p1a: Dragapult|Dragapult, M, shiny|100/100
|turn|13
|
|t:|1758341232
|move|p1a: Dragapult|Dragon Dance|p1a: Dragapult
|-boost|p1a: Dragapult|atk|1
|-boost|p1a: Dragapult|spe|1
|move|p2a: Glimmora|Mortal Spin|p1a: Dragapult
|-resisted|p1a: Dragapult
|-damage|p1a: Dragapult|97/100
|-status|p1a: Dragapult|psn
|
|-damage|p1a: Dragapult|84/100 psn|[from] psn
|upkeep
|turn|14
|
|t:|1758341242
|move|p1a: Dragapult|Dragon Darts|p2a: Glimmora
|-damage|p2a: Glimmora|0 fnt
|faint|p2a: Glimmora
|
|-damage|p1a: Dragapult|72/100 psn|[from] psn
|upkeep
|
|t:|1758341247
|switch|p2a: Great Tusk|Great Tusk, shiny|100/100
|turn|15
|
|t:|1758341259
|move|p1a: Dragapult|Dragon Darts|p2a: Great Tusk
|-damage|p2a: Great Tusk|74/100
|-anim|p1a: Dragapult|Dragon Darts|p2a: Great Tusk
|-damage|p2a: Great Tusk|46/100
|move|p2a: Great Tusk|Ice Spinner|p1a: Dragapult
|-supereffective|p1a: Dragapult
|-damage|p1a: Dragapult|1/100 psn
|
|-damage|p1a: Dragapult|0 fnt|[from] psn
|faint|p1a: Dragapult
|upkeep
|
|t:|1758341267
|switch|p1a: Kyurem|Kyurem|100/100
|-status|p1a: Kyurem|tox
|-ability|p1a: Kyurem|Pressure
|turn|16
|
|t:|1758341273
|move|p1a: Kyurem|Icicle Spear|p2a: Great Tusk
|-supereffective|p2a: Great Tusk
|-damage|p2a: Great Tusk|28/100
|-supereffective|p2a: Great Tusk
|-damage|p2a: Great Tusk|11/100
|-supereffective|p2a: Great Tusk
|-damage|p2a: Great Tusk|0 fnt
|faint|p2a: Great Tusk
|-end|p2a: Great Tusk|Protosynthesis|[silent]
|-hitcount|p2: Great Tusk|3
|
|-damage|p1a: Kyurem|94/100 tox|[from] psn
|upkeep
|
|t:|1758341282
|switch|p2a: Skeledirge|Skeledirge, F, tera:Fairy|55/100
|turn|17
|
|t:|1758341291
|move|p1a: Kyurem|Icicle Spear|p2a: Skeledirge
|-damage|p2a: Skeledirge|48/100
|-damage|p2a: Skeledirge|40/100
|-damage|p2a: Skeledirge|32/100
|-damage|p2a: Skeledirge|24/100
|-hitcount|p2a: Skeledirge|4
|move|p2a: Skeledirge|Torch Song|p1a: Kyurem
|-damage|p1a: Kyurem|68/100 tox
|-boost|p2a: Skeledirge|spa|1
|
|-heal|p2a: Skeledirge|30/100|[from] item: Leftovers
|-damage|p1a: Kyurem|55/100 tox|[from] psn
|upkeep
|turn|18
|
|t:|1758341304
|move|p1a: Kyurem|Icicle Spear|p2a: Skeledirge
|-damage|p2a: Skeledirge|23/100
|-damage|p2a: Skeledirge|14/100
|-crit|p2a: Skeledirge
|-damage|p2a: Skeledirge|2/100
|-damage|p2a: Skeledirge|0 fnt
|faint|p2a: Skeledirge
|-hitcount|p2: Skeledirge|4
|
|-damage|p1a: Kyurem|37/100 tox|[from] psn
|upkeep
|
|t:|1758341315
|switch|p2a: Kingambit|Kingambit, M|100/100
|-activate|p2a: Kingambit|ability: Supreme Overlord
|-start|p2a: Kingambit|fallen4|[silent]
|turn|19
|
|t:|1758341327
|move|p2a: Kingambit|Sucker Punch|p1a: Kyurem
|-damage|p1a: Kyurem|0 fnt
|faint|p1a: Kyurem
|
|upkeep
|
|t:|1758341329
|switch|p1a: Cresselia|Cresselia, F, shiny|100/100
|turn|20
|
|t:|1758341333
|-terastallize|p1a: Cresselia|Poison
|move|p1a: Cresselia|Calm Mind|p1a: Cresselia
|-boost|p1a: Cresselia|spa|1
|-boost|p1a: Cresselia|spd|1
|move|p2a: Kingambit|Kowtow Cleave|p1a: Cresselia
|-damage|p1a: Cresselia|51/100
|
|-heal|p1a: Cresselia|57/100|[from] item: Leftovers
|upkeep
|turn|21
|
|t:|1758341343
|move|p1a: Cresselia|Moonblast|p2a: Kingambit
|-damage|p2a: Kingambit|66/100
|move|p2a: Kingambit|Kowtow Cleave|p1a: Cresselia
|-damage|p1a: Cresselia|13/100
|
|-heal|p1a: Cresselia|19/100|[from] item: Leftovers
|upkeep
|turn|22
|
|t:|1758341350
|move|p1a: Cresselia|Moonlight|p1a: Cresselia
|-heal|p1a: Cresselia|69/100
|move|p2a: Kingambit|Kowtow Cleave|p1a: Cresselia
|-damage|p1a: Cresselia|22/100
|
|-heal|p1a: Cresselia|28/100|[from] item: Leftovers
|upkeep
|turn|23
|
|t:|1758341365
|move|p1a: Cresselia|Moonlight|p1a: Cresselia
|-heal|p1a: Cresselia|78/100
|move|p2a: Kingambit|Kowtow Cleave|p1a: Cresselia
|-damage|p1a: Cresselia|34/100
|
|-heal|p1a: Cresselia|40/100|[from] item: Leftovers
|upkeep
|turn|24
|
|t:|1758341374
|move|p1a: Cresselia|Moonlight|p1a: Cresselia
|-heal|p1a: Cresselia|90/100
|move|p2a: Kingambit|Kowtow Cleave|p1a: Cresselia
|-damage|p1a: Cresselia|42/100
|
|-heal|p1a: Cresselia|48/100|[from] item: Leftovers
|upkeep
|turn|25
|
|t:|1758341382
|move|p1a: Cresselia|Moonlight|p1a: Cresselia
|-heal|p1a: Cresselia|98/100
|move|p2a: Kingambit|Swords Dance|p2a: Kingambit
|-boost|p2a: Kingambit|atk|2
|
|-heal|p1a: Cresselia|100/100|[from] item: Leftovers
|upkeep
|turn|26
|
|t:|1758341389
|move|p2a: Kingambit|Sucker Punch|p1a: Cresselia
|-damage|p1a: Cresselia|19/100
|move|p1a: Cresselia|Moonblast|p2a: Kingambit
|-damage|p2a: Kingambit|34/100
|
|-heal|p1a: Cresselia|25/100|[from] item: Leftovers
|upkeep
|turn|27
|
|t:|1758341396
|move|p1a: Cresselia|Moonblast|p2a: Kingambit
|-damage|p2a: Kingambit|2/100
|move|p2a: Kingambit|Kowtow Cleave|p1a: Cresselia
|-damage|p1a: Cresselia|0 fnt
|faint|p1a: Cresselia
|
|win|teamcrystalrocket
|raw|ii el bunneh ii's rating: 1233 &rarr; <strong>1208</strong><br />(-25 for losing)
|raw|teamcrystalrocket's rating: 1230 &rarr; <strong>1255</strong><br />(+25 for winning)
|l|☆teamcrystalrocket
|player|p2|
|l|☆ii el bunneh ii
|player|p1|
