|j|☆wssi
|j|☆CrestoftheCondor
|t:|1758233847
|gametype|singles
|player|p1|wssi|266|1709
|player|p2|CrestoftheCondor|dragontamer|1634
|gen|9
|tier|[Gen 9] OU
|rated|
|rule|HP Percentage Mod: HP is shown in percentages
|rule|Endless Battle Clause: Forcing endless battles is banned
|rule|Species Clause: Limit one of each Pokémon
|rule|OHKO Clause: OHKO moves are banned
|rule|Evasion Items Clause: Evasion items are banned
|rule|Evasion Moves Clause: Evasion moves are banned
|rule|Evasion Abilities Clause: Evasion abilities are banned
|rule|Sleep Moves Clause: Sleep-inducing moves are banned
|clearpoke
|poke|p1|Dragonite, M|
|poke|p1|Gholdengo|
|poke|p1|Regidrago|
|poke|p1|Scizor, M|
|poke|p1|Ting-Lu|
|poke|p1|Weezing-Galar, F|
|poke|p2|Torkoal, F|
|poke|p2|Scovillain, M|
|poke|p2|Walking Wake|
|poke|p2|Hatterene, F|
|poke|p2|Great Tusk|
|poke|p2|Ceruledge, M|
|teampreview
|inactive|Battle timer is ON: inactive players will automatically lose when time's up. (requested by CrestoftheCondor)
|inactive|CrestoftheCondor has 120 seconds left.
|inactive|wssi has 120 seconds left.
|
|t:|1758233889
|teamsize|p1|6
|teamsize|p2|6
|start
|switch|p1a: Regidrago|Regidrago|100/100
|switch|p2a: Walking Wake|Walking Wake|100/100
|turn|1
|
|t:|1758233913
|-end|p2a: Walking Wake|Protosynthesis|[silent]
|switch|p2a: Hatterene|Hatterene, F, shiny|100/100
|move|p1a: Regidrago|Dragon Energy|p2a: Hatterene
|-immune|p2a: Hatterene
|
|upkeep
|turn|2
|
|t:|1758233927
|switch|p1a: Gholdengo|Gholdengo|100/100
|switch|p2a: Torkoal|Torkoal, F|100/100
|-weather|SunnyDay|[from] ability: Drought|[of] p2a: Torkoal
|
|-weather|SunnyDay|[upkeep]
|upkeep
|turn|3
|inactive|CrestoftheCondor has 120 seconds left.
|
|t:|1758233956
|move|p1a: Gholdengo|Make It Rain|p2a: Torkoal
|-resisted|p2a: Torkoal
|-damage|p2a: Torkoal|53/100
|-unboost|p1a: Gholdengo|spa|1
|move|p2a: Torkoal|Stealth Rock|p1a: Gholdengo
|-sidestart|p1: wssi|move: Stealth Rock
|
|-weather|SunnyDay|[upkeep]
|upkeep
|turn|4
|inactive|CrestoftheCondor has 120 seconds left.
|
|t:|1758233967
|switch|p1a: Ting-Lu|Ting-Lu|100/100
|-damage|p1a: Ting-Lu|94/100|[from] Stealth Rock
|-ability|p1a: Ting-Lu|Vessel of Ruin
|switch|p2a: Hatterene|Hatterene, F, shiny|100/100
|
|-weather|SunnyDay|[upkeep]
|-heal|p1a: Ting-Lu|100/100|[from] item: Leftovers
|upkeep
|turn|5
|inactive|CrestoftheCondor has 120 seconds left.
|
|t:|1758233978
|switch|p1a: Gholdengo|Gholdengo|100/100
|-damage|p1a: Gholdengo|94/100|[from] Stealth Rock
|move|p2a: Hatterene|Healing Wish|p2a: Hatterene
|faint|p2a: Hatterene
|
|-weather|SunnyDay|[upkeep]
|upkeep
|
|t:|1758233985
|switch|p2a: Walking Wake|Walking Wake|100/100
|-activate|p2a: Walking Wake|ability: Protosynthesis
|-start|p2a: Walking Wake|protosynthesisspa
|turn|6
|
|t:|1758233990
|move|p2a: Walking Wake|Hydro Steam|p1a: Gholdengo
|-damage|p1a: Gholdengo|0 fnt
|faint|p1a: Gholdengo
|
|-weather|SunnyDay|[upkeep]
|upkeep
|
|t:|1758233995
|switch|p1a: Ting-Lu|Ting-Lu|100/100
|-damage|p1a: Ting-Lu|94/100|[from] Stealth Rock
|-ability|p1a: Ting-Lu|Vessel of Ruin
|turn|7
|
|t:|1758233999
|-terastallize|p2a: Walking Wake|Water
|-terastallize|p1a: Ting-Lu|Water
|move|p2a: Walking Wake|Hydro Steam|p1a: Ting-Lu
|-resisted|p1a: Ting-Lu
|-damage|p1a: Ting-Lu|60/100
|move|p1a: Ting-Lu|Stealth Rock|p2a: Walking Wake
|-sidestart|p2: CrestoftheCondor|move: Stealth Rock
|
|-weather|SunnyDay|[upkeep]
|-heal|p1a: Ting-Lu|66/100|[from] item: Leftovers
|upkeep
|turn|8
|
|t:|1758234015
|-end|p2a: Walking Wake|Protosynthesis|[silent]
|switch|p2a: Don|Great Tusk, shiny|100/100
|-damage|p2a: Don|98/100|[from] Stealth Rock
|-activate|p2a: Don|ability: Protosynthesis
|-start|p2a: Don|protosynthesisatk
|move|p1a: Ting-Lu|Earthquake|p2a: Don
|-damage|p2a: Don|71/100
|
|-weather|SunnyDay|[upkeep]
|-heal|p1a: Ting-Lu|72/100|[from] item: Leftovers
|upkeep
|turn|9
|
|t:|1758234032
|switch|p1a: Weezing|Weezing-Galar, F|100/100
|-ability|p1a: Weezing|Neutralizing Gas
|move|p2a: Don|Rapid Spin|p1a: Weezing
|-damage|p1a: Weezing|88/100
|-boost|p2a: Don|spe|1
|-sideend|p2: CrestoftheCondor|Stealth Rock|[from] move: Rapid Spin|[of] p2a: Don
|
|-weather|none
|upkeep
|turn|10
|
|t:|1758234040
|move|p2a: Don|Headlong Rush|p1a: Weezing
|-supereffective|p1a: Weezing
|-damage|p1a: Weezing|0 fnt
|-unboost|p2a: Don|def|1
|-unboost|p2a: Don|spd|1
|faint|p1a: Weezing
|-end|p1a: Weezing|ability: Neutralizing Gas
|-end|p2a: Don|Protosynthesis
|
|upkeep
|
|t:|1758234054
|switch|p1a: Scizor|Scizor, M|100/100
|-damage|p1a: Scizor|88/100|[from] Stealth Rock
|turn|11
|
|t:|1758234068
|move|p1a: Scizor|Bullet Punch|p2a: Don
|-damage|p2a: Don|15/100
|-damage|p1a: Scizor|72/100|[from] item: Rocky Helmet|[of] p2a: Don
|move|p2a: Don|Temper Flare|p1a: Scizor
|-supereffective|p1a: Scizor
|-damage|p1a: Scizor|0 fnt
|faint|p1a: Scizor
|
|upkeep
|
|t:|1758234071
|switch|p1a: Dragonite|Dragonite, M|100/100
|turn|12
|
|t:|1758234080
|move|p1a: Dragonite|Extreme Speed|p2a: Don
|-damage|p2a: Don|0 fnt
|-damage|p1a: Dragonite|84/100|[from] item: Rocky Helmet|[of] p2a: Don
|faint|p2a: Don
|-end|p2a: Don|Protosynthesis|[silent]
|
|upkeep
|
|t:|1758234101
|switch|p2a: Ceruledge|Ceruledge, M|100/100
|turn|13
|
|t:|1758234111
|switch|p1a: Ting-Lu|Ting-Lu, tera:Water|72/100
|-damage|p1a: Ting-Lu|60/100|[from] Stealth Rock
|-ability|p1a: Ting-Lu|Vessel of Ruin
|move|p2a: Ceruledge|Swords Dance|p2a: Ceruledge
|-boost|p2a: Ceruledge|atk|2
|
|-heal|p1a: Ting-Lu|66/100|[from] item: Leftovers
|upkeep
|turn|14
|
|t:|1758234127
|move|p2a: Ceruledge|Solar Blade||[still]
|-prepare|p2a: Ceruledge|Solar Blade
|move|p1a: Ting-Lu|Whirlwind|p2a: Ceruledge
|drag|p2a: Torkoal|Torkoal, F|53/100
|-heal|p2a: Torkoal|100/100|[from] move: Healing Wish
|-weather|SunnyDay|[from] ability: Drought|[of] p2a: Torkoal
|
|-weather|SunnyDay|[upkeep]
|-heal|p1a: Ting-Lu|72/100|[from] item: Leftovers
|upkeep
|turn|15
|
|t:|1758234138
|switch|p2a: Ceruledge|Ceruledge, M|100/100
|move|p1a: Ting-Lu|Stealth Rock|p2a: Ceruledge
|-sidestart|p2: CrestoftheCondor|move: Stealth Rock
|
|-weather|SunnyDay|[upkeep]
|-heal|p1a: Ting-Lu|79/100|[from] item: Leftovers
|upkeep
|turn|16
|
|t:|1758234145
|move|p2a: Ceruledge|Solar Blade||[still]
|-prepare|p2a: Ceruledge|Solar Blade
|-anim|p2a: Ceruledge|Solar Blade|p1a: Ting-Lu
|-supereffective|p1a: Ting-Lu
|-damage|p1a: Ting-Lu|26/100
|move|p1a: Ting-Lu|Whirlwind|p2a: Ceruledge
|drag|p2a: Torkoal|Torkoal, F|100/100
|-damage|p2a: Torkoal|76/100|[from] Stealth Rock
|
|-weather|SunnyDay|[upkeep]
|-heal|p1a: Ting-Lu|32/100|[from] item: Leftovers
|upkeep
|turn|17
|
|t:|1758234156
|move|p1a: Ting-Lu|Earthquake|p2a: Torkoal
|-supereffective|p2a: Torkoal
|-damage|p2a: Torkoal|9/100
|move|p2a: Torkoal|Earthquake|p1a: Ting-Lu
|-damage|p1a: Ting-Lu|22/100
|
|-weather|SunnyDay|[upkeep]
|-heal|p1a: Ting-Lu|28/100|[from] item: Leftovers
|upkeep
|turn|18
|
|t:|1758234166
|move|p1a: Ting-Lu|Earthquake|p2a: Torkoal
|-supereffective|p2a: Torkoal
|-damage|p2a: Torkoal|0 fnt
|faint|p2a: Torkoal
|
|-weather|SunnyDay|[upkeep]
|-heal|p1a: Ting-Lu|34/100|[from] item: Leftovers
|upkeep
|inactive|CrestoftheCondor has 120 seconds left.
|
|t:|1758234200
|switch|p2a: Ceruledge|Ceruledge, M|100/100
|-damage|p2a: Ceruledge|76/100|[from] Stealth Rock
|turn|19
|
|t:|1758234219
|move|p2a: Ceruledge|Solar Blade||[still]
|-prepare|p2a: Ceruledge|Solar Blade
|-anim|p2a: Ceruledge|Solar Blade|p1a: Ting-Lu
|-supereffective|p1a: Ting-Lu
|-damage|p1a: Ting-Lu|0 fnt
|faint|p1a: Ting-Lu
|
|-weather|SunnyDay|[upkeep]
|upkeep
|
|t:|1758234223
|switch|p1a: Dragonite|Dragonite, M|84/100
|turn|20
|
|t:|1758234236
|move|p2a: Ceruledge|Swords Dance|p2a: Ceruledge
|-boost|p2a: Ceruledge|atk|2
|move|p1a: Dragonite|Earthquake|p2a: Ceruledge
|-supereffective|p2a: Ceruledge
|-damage|p2a: Ceruledge|0 fnt
|faint|p2a: Ceruledge
|
|-weather|SunnyDay|[upkeep]
|upkeep
|
|t:|1758234243
|switch|p2a: Walking Wake|Walking Wake, tera:Water|100/100
|-damage|p2a: Walking Wake|88/100|[from] Stealth Rock
|-activate|p2a: Walking Wake|ability: Protosynthesis
|-start|p2a: Walking Wake|protosynthesisspa
|turn|21
|
|t:|1758234249
|move|p1a: Dragonite|Extreme Speed|p2a: Walking Wake
|-damage|p2a: Walking Wake|54/100
|move|p2a: Walking Wake|Hydro Steam|p1a: Dragonite
|-resisted|p1a: Dragonite
|-damage|p1a: Dragonite|6/100
|
|-weather|none
|-end|p2a: Walking Wake|Protosynthesis
|upkeep
|turn|22
|
|t:|1758234253
|move|p1a: Dragonite|Extreme Speed|p2a: Walking Wake
|-damage|p2a: Walking Wake|21/100
|move|p2a: Walking Wake|Hydro Steam|p1a: Dragonite
|-resisted|p1a: Dragonite
|-damage|p1a: Dragonite|0 fnt
|faint|p1a: Dragonite
|
|upkeep
|
|t:|1758234256
|switch|p1a: Regidrago|Regidrago|100/100
|-damage|p1a: Regidrago|88/100|[from] Stealth Rock
|turn|23
|
|t:|1758234258
|-end|p2a: Walking Wake|Protosynthesis|[silent]
|switch|p2a: Scovillain|Scovillain, M|100/100
|-damage|p2a: Scovillain|76/100|[from] Stealth Rock
|move|p1a: Regidrago|Dragon Energy|p2a: Scovillain
|-damage|p2a: Scovillain|0 fnt
|faint|p2a: Scovillain
|
|upkeep
|
|t:|1758234263
|switch|p2a: Walking Wake|Walking Wake, tera:Water|21/100
|-damage|p2a: Walking Wake|8/100|[from] Stealth Rock
|turn|24
|
|t:|1758234266
|move|p1a: Regidrago|Dragon Energy|p2a: Walking Wake
|-damage|p2a: Walking Wake|0 fnt
|faint|p2a: Walking Wake
|-end|p2a: Walking Wake|Protosynthesis|[silent]
|
|win|wssi
|raw|wssi's rating: 1709 &rarr; <strong>1725</strong><br />(+16 for winning)
|raw|CrestoftheCondor's rating: 1634 &rarr; <strong>1618</strong><br />(-16 for losing)
|l|☆CrestoftheCondor
|player|p2|
|l|☆wssi
|player|p1|
