|j|☆gonzolo1999
|j|☆Mudkip43
|t:|1758265040
|gametype|singles
|player|p1|gonzolo1999|pokemonbreeder-gen4|1068
|player|p2|Mudkip43|alec-anime|1124
|gen|9
|tier|[Gen 9] OU
|rated|
|rule|HP Percentage Mod: HP is shown in percentages
|rule|Endless Battle Clause: Forcing endless battles is banned
|rule|Species Clause: Limit one of each Pokémon
|rule|OHKO Clause: OHKO moves are banned
|rule|Evasion Items Clause: Evasion items are banned
|rule|Evasion Moves Clause: Evasion moves are banned
|rule|Evasion Abilities Clause: Evasion abilities are banned
|rule|Sleep Moves Clause: Sleep-inducing moves are banned
|clearpoke
|poke|p1|Klefki, M|
|poke|p1|Kleavor, F|
|poke|p1|Empoleon, M|
|poke|p1|Zapdos-Galar|
|poke|p1|Magmortar, M|
|poke|p1|Decidueye, M|
|poke|p2|Lycanroc-Dusk, M|
|poke|p2|Kleavor, M|
|poke|p2|Porygon-Z|
|poke|p2|Arcanine-Hisui, F|
|poke|p2|Hitmonlee, M|
|poke|p2|Inteleon, M|
|teampreview
|inactive|Battle timer is ON: inactive players will automatically lose when time's up. (requested by Mudkip43)
|
|t:|1758265080
|teamsize|p1|6
|teamsize|p2|6
|start
|switch|p1a: KingPen|Empoleon, M|100/100
|switch|p2a: Kleavor|Kleavor, M|100/100
|turn|1
|
|t:|1758265090
|move|p2a: Kleavor|Stone Axe|p1a: KingPen
|-resisted|p1a: KingPen
|-damage|p1a: KingPen|72/100
|-sidestart|p1: gonzolo1999|move: Stealth Rock
|move|p1a: KingPen|Surf|p2a: Kleavor
|-supereffective|p2a: Kleavor
|-enditem|p2a: Kleavor|Focus Sash
|-damage|p2a: Kleavor|1/100
|
|-heal|p1a: KingPen|78/100|[from] item: Leftovers
|upkeep
|turn|2
|
|t:|1758265097
|move|p2a: Kleavor|Night Slash|p1a: KingPen
|-damage|p1a: KingPen|40/100
|move|p1a: KingPen|Knock Off|p2a: Kleavor
|-damage|p2a: Kleavor|0 fnt
|faint|p2a: Kleavor
|
|-heal|p1a: KingPen|46/100|[from] item: Leftovers
|upkeep
|
|t:|1758265114
|switch|p2a: Lycanroc|Lycanroc-Dusk, M, shiny|100/100
|turn|3
|
|t:|1758265120
|move|p2a: Lycanroc|Close Combat|p1a: KingPen
|-supereffective|p1a: KingPen
|-damage|p1a: KingPen|0 fnt
|-unboost|p2a: Lycanroc|def|1
|-unboost|p2a: Lycanroc|spd|1
|faint|p1a: KingPen
|-damage|p2a: Lycanroc|91/100|[from] item: Life Orb
|
|upkeep
|
|t:|1758265142
|switch|p1a: BooBoo|Klefki, M|100/100
|-damage|p1a: BooBoo|95/100|[from] Stealth Rock
|turn|4
|
|t:|1758265150
|switch|p2a: Porygon-Z|Porygon-Z, shiny|100/100
|move|p1a: BooBoo|Thunder Wave|p2a: Porygon-Z
|-status|p2a: Porygon-Z|par
|
|upkeep
|turn|5
|
|t:|1758265157
|move|p1a: BooBoo|Light Screen|p1a: BooBoo
|-sidestart|p1: gonzolo1999|move: Light Screen
|move|p2a: Porygon-Z|Thunderbolt|p1a: BooBoo
|-damage|p1a: BooBoo|81/100
|
|upkeep
|turn|6
|
|t:|1758265160
|switch|p2a: Inteleon|Inteleon, M|100/100
|move|p1a: BooBoo|Reflect|p1a: BooBoo
|-sidestart|p1: gonzolo1999|Reflect
|
|upkeep
|turn|7
|
|t:|1758265165
|move|p1a: BooBoo|Thunder Wave|p2a: Inteleon
|-status|p2a: Inteleon|par
|move|p2a: Inteleon|Snipe Shot|p1a: BooBoo
|-damage|p1a: BooBoo|62/100
|
|upkeep
|turn|8
|
|t:|1758265176
|move|p1a: BooBoo|Spikes|p2a: Inteleon
|-sidestart|p2: Mudkip43|Spikes
|cant|p2a: Inteleon|par
|
|upkeep
|turn|9
|
|t:|1758265179
|move|p1a: BooBoo|Spikes|p2a: Inteleon
|-sidestart|p2: Mudkip43|Spikes
|move|p2a: Inteleon|Snipe Shot|p1a: BooBoo
|-damage|p1a: BooBoo|44/100
|
|upkeep
|turn|10
|
|t:|1758265183
|move|p1a: BooBoo|Spikes|p2a: Inteleon
|-sidestart|p2: Mudkip43|Spikes
|move|p2a: Inteleon|Snipe Shot|p1a: BooBoo
|-damage|p1a: BooBoo|27/100
|
|upkeep
|turn|11
|
|t:|1758265187
|switch|p1a: Decidueye|Decidueye, M|100/100
|-damage|p1a: Decidueye|88/100|[from] Stealth Rock
|cant|p2a: Inteleon|par
|
|upkeep
|turn|12
|
|t:|1758265192
|move|p2a: Inteleon|Dark Pulse|p1a: Decidueye
|-supereffective|p1a: Decidueye
|-damage|p1a: Decidueye|64/100
|move|p1a: Decidueye|Swords Dance|p1a: Decidueye
|-boost|p1a: Decidueye|atk|2
|
|-sideend|p1: gonzolo1999|move: Light Screen
|upkeep
|turn|13
|
|t:|1758265198
|move|p2a: Inteleon|Ice Beam|p1a: Decidueye
|-supereffective|p1a: Decidueye
|-damage|p1a: Decidueye|8/100
|move|p1a: Decidueye|Leaf Blade|p2a: Inteleon
|-supereffective|p2a: Inteleon
|-damage|p2a: Inteleon|0 fnt
|faint|p2a: Inteleon
|
|-sideend|p1: gonzolo1999|Reflect
|upkeep
|
|t:|1758265213
|switch|p2a: Hitmonlee|Hitmonlee, M|100/100
|-damage|p2a: Hitmonlee|76/100|[from] Spikes
|turn|14
|
|t:|1758265217
|move|p2a: Hitmonlee|Bullet Punch|p1a: Decidueye
|-damage|p1a: Decidueye|0 fnt
|faint|p1a: Decidueye
|
|upkeep
|
|t:|1758265239
|switch|p1a: BooBoo|Klefki, M|27/100
|-damage|p1a: BooBoo|21/100|[from] Stealth Rock
|turn|15
|
|t:|1758265245
|move|p2a: Hitmonlee|Bullet Punch|p1a: BooBoo
|-damage|p1a: BooBoo|3/100
|move|p1a: BooBoo|Reflect|p1a: BooBoo
|-sidestart|p1: gonzolo1999|Reflect
|
|upkeep
|turn|16
|
|t:|1758265251
|move|p2a: Hitmonlee|Bullet Punch|p1a: BooBoo
|-damage|p1a: BooBoo|0 fnt
|faint|p1a: BooBoo
|
|upkeep
|
|t:|1758265254
|switch|p1a: Kleavor|Kleavor, F|100/100
|-damage|p1a: Kleavor|76/100|[from] Stealth Rock
|turn|17
|
|t:|1758265261
|switch|p2a: Porygon-Z|Porygon-Z, shiny|100/100 par
|-damage|p2a: Porygon-Z|76/100 par|[from] Spikes
|move|p1a: Kleavor|Agility|p1a: Kleavor
|-boost|p1a: Kleavor|spe|2
|
|upkeep
|turn|18
|
|t:|1758265274
|-terastallize|p1a: Kleavor|Bug
|move|p1a: Kleavor|Fury Cutter|p2a: Porygon-Z
|-damage|p2a: Porygon-Z|2/100 par
|cant|p2a: Porygon-Z|par
|
|upkeep
|turn|19
|
|t:|1758265280
|move|p1a: Kleavor|Fury Cutter|p2a: Porygon-Z
|-damage|p2a: Porygon-Z|0 fnt
|faint|p2a: Porygon-Z
|
|upkeep
|
|t:|1758265285
|switch|p2a: Lycanroc|Lycanroc-Dusk, M, shiny|91/100
|-damage|p2a: Lycanroc|66/100|[from] Spikes
|turn|20
|
|t:|1758265290
|move|p2a: Lycanroc|Accelerock|p1a: Kleavor
|-supereffective|p1a: Kleavor
|-damage|p1a: Kleavor|35/100
|-damage|p2a: Lycanroc|56/100|[from] item: Life Orb
|move|p1a: Kleavor|Fury Cutter|p2a: Lycanroc
|-damage|p2a: Lycanroc|0 fnt
|faint|p2a: Lycanroc
|
|upkeep
|
|t:|1758265296
|switch|p2a: Arcanine|Arcanine-Hisui, F|100/100
|-damage|p2a: Arcanine|76/100|[from] Spikes
|turn|21
|
|t:|1758265299
|move|p2a: Arcanine|Extreme Speed|p1a: Kleavor
|-damage|p1a: Kleavor|9/100
|move|p1a: Kleavor|Fury Cutter|p2a: Arcanine
|-resisted|p2a: Arcanine
|-damage|p2a: Arcanine|0 fnt
|faint|p2a: Arcanine
|
|upkeep
|
|t:|1758265302
|switch|p2a: Hitmonlee|Hitmonlee, M|76/100
|-damage|p2a: Hitmonlee|51/100|[from] Spikes
|turn|22
|
|t:|1758265308
|move|p2a: Hitmonlee|Endure|p2a: Hitmonlee
|-singleturn|p2a: Hitmonlee|move: Endure
|move|p1a: Kleavor|Fury Cutter|p2a: Hitmonlee
|-resisted|p2a: Hitmonlee
|-activate|p2a: Hitmonlee|move: Endure
|-damage|p2a: Hitmonlee|1/100
|-enditem|p2a: Hitmonlee|Liechi Berry|[eat]
|-boost|p2a: Hitmonlee|atk|1|[from] item: Liechi Berry
|
|-sideend|p1: gonzolo1999|Reflect
|upkeep
|turn|23
|
|t:|1758265311
|move|p2a: Hitmonlee|Bullet Punch|p1a: Kleavor
|-damage|p1a: Kleavor|0 fnt
|faint|p1a: Kleavor
|
|upkeep
|
|t:|1758265314
|switch|p1a: Zapdos|Zapdos-Galar|100/100
|-damage|p1a: Zapdos|88/100|[from] Stealth Rock
|turn|24
|
|t:|1758265321
|-terastallize|p2a: Hitmonlee|Ghost
|move|p2a: Hitmonlee|Reversal|p1a: Zapdos
|-resisted|p1a: Zapdos
|-damage|p1a: Zapdos|0 fnt
|faint|p1a: Zapdos
|
|upkeep
|
|t:|1758265325
|switch|p1a: Magmortar|Magmortar, M|100/100
|-damage|p1a: Magmortar|76/100|[from] Stealth Rock
|turn|25
|
|t:|1758265329
|move|p2a: Hitmonlee|Reversal|p1a: Magmortar
|-damage|p1a: Magmortar|0 fnt
|faint|p1a: Magmortar
|
|win|Mudkip43
|raw|gonzolo1999's rating: 1068 &rarr; <strong>1051</strong><br />(-17 for losing)
|raw|Mudkip43's rating: 1124 &rarr; <strong>1145</strong><br />(+21 for winning)
