|j|☆beuhiam
|j|☆Eight Five
|t:|1758299590
|gametype|singles
|player|p1|beuhiam|cogita|1542
|player|p2|Eight Five|170|1568
|gen|9
|tier|[Gen 9] OU
|rated|
|rule|HP Percentage Mod: HP is shown in percentages
|rule|Endless Battle Clause: Forcing endless battles is banned
|rule|Species Clause: Limit one of each Pokémon
|rule|OHKO Clause: OHKO moves are banned
|rule|Evasion Items Clause: Evasion items are banned
|rule|Evasion Moves Clause: Evasion moves are banned
|rule|Evasion Abilities Clause: Evasion abilities are banned
|rule|Sleep Moves Clause: Sleep-inducing moves are banned
|clearpoke
|poke|p1|Hoopa-Unbound|
|poke|p1|Alomomola, F|
|poke|p1|Zamazenta-*|
|poke|p1|Slowking-Galar, F|
|poke|p1|Great Tusk|
|poke|p1|Kingambit, F|
|poke|p2|Great Tusk|
|poke|p2|Landorus-Therian, M|
|poke|p2|Jirachi|
|poke|p2|Chandelure, F|
|poke|p2|Primarina, F|
|poke|p2|Zapdos|
|teampreview
|inactive|Battle timer is ON: inactive players will automatically lose when time's up. (requested by beuhiam)
|
|t:|1758299618
|teamsize|p1|6
|teamsize|p2|6
|start
|switch|p1a: Great Tusk|Great Tusk|100/100
|switch|p2a: Landorus|Landorus-Therian, M|100/100
|-ability|p2a: Landorus|Intimidate|boost
|-unboost|p1a: Great Tusk|atk|1
|turn|1
|
|t:|1758299632
|switch|p2a: Primarina|Primarina, F|100/100
|move|p1a: Great Tusk|Stealth Rock|p2a: Primarina
|-sidestart|p2: Eight Five|move: Stealth Rock
|
|upkeep
|turn|2
|
|t:|1758299642
|-end|p1a: Great Tusk|Protosynthesis|[silent]
|switch|p1a: Slowking|Slowking-Galar, F|100/100
|switch|p2a: Great Tusk|Great Tusk|100/100
|
|upkeep
|turn|3
|
|t:|1758299653
|switch|p1a: Alomomola|Alomomola, F|100/100
|move|p2a: Great Tusk|Rapid Spin|p1a: Alomomola
|-damage|p1a: Alomomola|90/100
|-boost|p2a: Great Tusk|spe|1
|-sideend|p2: Eight Five|Stealth Rock|[from] move: Rapid Spin|[of] p2a: Great Tusk
|
|upkeep
|turn|4
|
|t:|1758299660
|move|p2a: Great Tusk|Stealth Rock|p1a: Alomomola
|-sidestart|p1: beuhiam|move: Stealth Rock
|move|p1a: Alomomola|Tickle|p2a: Great Tusk
|-unboost|p2a: Great Tusk|atk|1
|-unboost|p2a: Great Tusk|def|1
|
|upkeep
|turn|5
|
|t:|1758299667
|-end|p2a: Great Tusk|Protosynthesis|[silent]
|switch|p2a: Zapdos|Zapdos|100/100
|move|p1a: Alomomola|Flip Turn|p2a: Zapdos
|-damage|p2a: Zapdos|81/100
|
|t:|1758299681
|switch|p1a: Slowking|Slowking-Galar, F|100/100|[from] Flip Turn
|
|upkeep
|turn|6
|
|t:|1758299683
|move|p2a: Zapdos|Volt Switch|p1a: Slowking
|-damage|p1a: Slowking|67/100
|
|t:|1758299687
|switch|p2a: Landorus|Landorus-Therian, M|100/100|[from] Volt Switch
|-ability|p2a: Landorus|Intimidate|boost
|-unboost|p1a: Slowking|atk|1
|move|p1a: Slowking|Ice Beam|p2a: Landorus
|-supereffective|p2a: Landorus
|-damage|p2a: Landorus|0 fnt
|faint|p2a: Landorus
|
|upkeep
|
|t:|1758299708
|switch|p2a: Chandelure|Chandelure, F|100/100
|turn|7
|
|t:|1758299723
|switch|p1a: Alomomola|Alomomola, F|100/100
|move|p2a: Chandelure|Shadow Ball|p1a: Alomomola
|-damage|p1a: Alomomola|59/100
|
|upkeep
|turn|8
|
|t:|1758299729
|move|p2a: Chandelure|Shadow Ball|p1a: Alomomola
|-damage|p1a: Alomomola|17/100
|-unboost|p1a: Alomomola|spd|1
|move|p1a: Alomomola|Flip Turn|p2a: Chandelure
|-supereffective|p2a: Chandelure
|-damage|p2a: Chandelure|50/100
|
|t:|1758299749
|switch|p1a: Great Tusk|Great Tusk|100/100|[from] Flip Turn
|
|upkeep
|turn|9
|
|t:|1758299753
|move|p2a: Chandelure|Shadow Ball|p1a: Great Tusk
|-damage|p1a: Great Tusk|28/100
|move|p1a: Great Tusk|Headlong Rush|p2a: Chandelure
|-supereffective|p2a: Chandelure
|-damage|p2a: Chandelure|0 fnt
|-unboost|p1a: Great Tusk|def|1
|-unboost|p1a: Great Tusk|spd|1
|faint|p2a: Chandelure
|
|upkeep
|
|t:|1758299765
|switch|p2a: Great Tusk|Great Tusk|100/100
|turn|10
|
|t:|1758299769
|move|p1a: Great Tusk|Rapid Spin|p2a: Great Tusk
|-damage|p2a: Great Tusk|88/100
|-boost|p1a: Great Tusk|spe|1
|-sideend|p1: beuhiam|Stealth Rock|[from] move: Rapid Spin|[of] p1a: Great Tusk
|move|p2a: Great Tusk|Headlong Rush|p1a: Great Tusk
|-damage|p1a: Great Tusk|0 fnt
|-unboost|p2a: Great Tusk|def|1
|-unboost|p2a: Great Tusk|spd|1
|faint|p1a: Great Tusk
|-end|p1a: Great Tusk|Protosynthesis|[silent]
|
|upkeep
|
|t:|1758299779
|switch|p1a: Hoopa|Hoopa-Unbound|100/100
|turn|11
|
|t:|1758299782
|move|p2a: Great Tusk|Headlong Rush|p1a: Hoopa
|-damage|p1a: Hoopa|0 fnt
|-unboost|p2a: Great Tusk|def|1
|-unboost|p2a: Great Tusk|spd|1
|faint|p1a: Hoopa
|
|upkeep
|
|t:|1758299792
|switch|p1a: Zamazenta|Zamazenta|100/100
|-ability|p1a: Zamazenta|Dauntless Shield|boost
|-boost|p1a: Zamazenta|def|1
|turn|12
|
|t:|1758299798
|-end|p2a: Great Tusk|Protosynthesis|[silent]
|switch|p2a: Primarina|Primarina, F|100/100
|move|p1a: Zamazenta|Iron Defense|p1a: Zamazenta
|-boost|p1a: Zamazenta|def|2
|
|upkeep
|turn|13
|
|t:|1758299803
|switch|p1a: Slowking|Slowking-Galar, F|100/100
|move|p2a: Primarina|Calm Mind|p2a: Primarina
|-boost|p2a: Primarina|spa|1
|-boost|p2a: Primarina|spd|1
|
|upkeep
|turn|14
|
|t:|1758299808
|switch|p2a: Jirachi|Jirachi|100/100
|move|p1a: Slowking|Sludge Bomb|p2a: Jirachi
|-immune|p2a: Jirachi
|
|upkeep
|turn|15
|
|t:|1758299811
|move|p2a: Jirachi|Doom Desire|p1a: Slowking
|-start|p2a: Jirachi|Doom Desire
|-prepare|p1a: Slowking|Chilly Reception|[premajor]
|move|p1a: Slowking|Chilly Reception|p1a: Slowking
|-weather|Snowscape
|
|t:|1758299815
|switch|p1a: Kingambit|Kingambit, F|100/100|[from] Chilly Reception
|-activate|p1a: Kingambit|ability: Supreme Overlord
|-start|p1a: Kingambit|fallen2|[silent]
|
|-weather|Snowscape|[upkeep]
|upkeep
|turn|16
|
|t:|1758299825
|move|p2a: Jirachi|U-turn|p1a: Kingambit
|-damage|p1a: Kingambit|90/100
|
|t:|1758299827
|switch|p2a: Great Tusk|Great Tusk|88/100|[from] U-turn
|move|p1a: Kingambit|Iron Head|p2a: Great Tusk
|-damage|p2a: Great Tusk|48/100
|
|-weather|Snowscape|[upkeep]
|-heal|p1a: Kingambit|96/100|[from] item: Leftovers
|upkeep
|turn|17
|
|t:|1758299841
|-end|p1a: Kingambit|fallen2|[silent]
|switch|p1a: Alomomola|Alomomola, F|51/100
|move|p2a: Great Tusk|Headlong Rush|p1a: Alomomola
|-damage|p1a: Alomomola|15/100
|-unboost|p2a: Great Tusk|def|1
|-unboost|p2a: Great Tusk|spd|1
|
|-weather|Snowscape|[upkeep]
|-end|p1a: Alomomola|move: Doom Desire
|-resisted|p1a: Alomomola
|-damage|p1a: Alomomola|0 fnt
|faint|p1a: Alomomola
|upkeep
|
|t:|1758299855
|switch|p1a: Zamazenta|Zamazenta|100/100
|turn|18
|
|t:|1758299859
|switch|p1a: Kingambit|Kingambit, F|96/100
|-activate|p1a: Kingambit|ability: Supreme Overlord
|-start|p1a: Kingambit|fallen3|[silent]
|-end|p2a: Great Tusk|Protosynthesis|[silent]
|switch|p2a: Primarina|Primarina, F|100/100
|
|-weather|Snowscape|[upkeep]
|-heal|p1a: Kingambit|100/100|[from] item: Leftovers
|upkeep
|turn|19
|
|t:|1758299866
|move|p2a: Primarina|Psychic Noise|p1a: Kingambit
|-damage|p1a: Kingambit|71/100
|-start|p1a: Kingambit|move: Heal Block
|move|p1a: Kingambit|Iron Head|p2a: Primarina
|-damage|p2a: Primarina|54/100
|
|-weather|none
|-heal|p2a: Primarina|60/100|[from] item: Leftovers
|upkeep
|turn|20
|
|t:|1758299875
|switch|p2a: Zapdos|Zapdos|81/100
|move|p1a: Kingambit|Iron Head|p2a: Zapdos
|-resisted|p2a: Zapdos
|-damage|p2a: Zapdos|41/100
|
|-end|p1a: Kingambit|move: Heal Block
|upkeep
|turn|21
|
|t:|1758299882
|move|p1a: Kingambit|Sucker Punch|p2a: Zapdos
|-damage|p2a: Zapdos|0 fnt
|faint|p2a: Zapdos
|
|-heal|p1a: Kingambit|77/100|[from] item: Leftovers
|upkeep
|
|t:|1758299887
|switch|p2a: Great Tusk|Great Tusk|48/100
|turn|22
|
|t:|1758299901
|-end|p1a: Kingambit|fallen3|[silent]
|switch|p1a: Zamazenta|Zamazenta|100/100
|move|p2a: Great Tusk|Headlong Rush|p1a: Zamazenta
|-damage|p1a: Zamazenta|52/100
|-unboost|p2a: Great Tusk|def|1
|-unboost|p2a: Great Tusk|spd|1
|
|-heal|p1a: Zamazenta|58/100|[from] item: Leftovers
|upkeep
|turn|23
|
|t:|1758299907
|-end|p2a: Great Tusk|Protosynthesis|[silent]
|switch|p2a: Primarina|Primarina, F|60/100
|move|p1a: Zamazenta|Iron Defense|p1a: Zamazenta
|-boost|p1a: Zamazenta|def|2
|
|-heal|p1a: Zamazenta|64/100|[from] item: Leftovers
|-heal|p2a: Primarina|66/100|[from] item: Leftovers
|upkeep
|turn|24
|
|t:|1758299912
|move|p1a: Zamazenta|Body Press|p2a: Primarina
|-resisted|p2a: Primarina
|-crit|p2a: Primarina
|-damage|p2a: Primarina|17/100
|move|p2a: Primarina|Draining Kiss|p1a: Zamazenta
|-supereffective|p1a: Zamazenta
|-damage|p1a: Zamazenta|28/100
|-heal|p2a: Primarina|43/100|[from] drain|[of] p1a: Zamazenta
|
|-heal|p1a: Zamazenta|34/100|[from] item: Leftovers
|-heal|p2a: Primarina|49/100|[from] item: Leftovers
|upkeep
|turn|25
|
|t:|1758299930
|switch|p1a: Slowking|Slowking-Galar, F|100/100
|switch|p2a: Jirachi|Jirachi|100/100
|
|upkeep
|turn|26
|
|t:|1758299936
|move|p2a: Jirachi|Wish|p2a: Jirachi
|move|p1a: Slowking|Future Sight|p2a: Jirachi
|-start|p1a: Slowking|move: Future Sight
|
|upkeep
|turn|27
|
|t:|1758299961
|move|p2a: Jirachi|U-turn|p1a: Slowking
|-damage|p1a: Slowking|84/100
|
|t:|1758299963
|switch|p2a: Great Tusk|Great Tusk|48/100|[from] U-turn
|move|p1a: Slowking|Ice Beam|p2a: Great Tusk
|-supereffective|p2a: Great Tusk
|-damage|p2a: Great Tusk|0 fnt
|faint|p2a: Great Tusk
|-end|p2a: Great Tusk|Protosynthesis|[silent]
|
|upkeep
|
|t:|1758299966
|switch|p2a: Jirachi|Jirachi|100/100
|turn|28
|
|t:|1758299981
|move|p2a: Jirachi|Wish|p2a: Jirachi
|-prepare|p1a: Slowking|Chilly Reception|[premajor]
|move|p1a: Slowking|Chilly Reception|p1a: Slowking
|-weather|Snowscape
|
|t:|1758299984
|switch|p1a: Kingambit|Kingambit, F|77/100|[from] Chilly Reception
|-activate|p1a: Kingambit|ability: Supreme Overlord
|-start|p1a: Kingambit|fallen3|[silent]
|
|-weather|Snowscape|[upkeep]
|-end|p2a: Jirachi|move: Future Sight
|-resisted|p2a: Jirachi
|-damage|p2a: Jirachi|92/100
|-heal|p2a: Jirachi|98/100|[from] item: Leftovers
|-heal|p1a: Kingambit|84/100|[from] item: Leftovers
|upkeep
|turn|29
|
|t:|1758299999
|move|p2a: Jirachi|Doom Desire|p1a: Kingambit
|-start|p2a: Jirachi|Doom Desire
|move|p1a: Kingambit|Kowtow Cleave|p2a: Jirachi
|-supereffective|p2a: Jirachi
|-damage|p2a: Jirachi|11/100
|
|-weather|Snowscape|[upkeep]
|-heal|p2a: Jirachi|61/100|[from] move: Wish|[wisher] Jirachi
|-heal|p2a: Jirachi|67/100|[from] item: Leftovers
|-heal|p1a: Kingambit|90/100|[from] item: Leftovers
|upkeep
|turn|30
|
|t:|1758300010
|move|p2a: Jirachi|Wish|p2a: Jirachi
|move|p1a: Kingambit|Swords Dance|p1a: Kingambit
|-boost|p1a: Kingambit|atk|2
|
|-weather|Snowscape|[upkeep]
|-heal|p2a: Jirachi|73/100|[from] item: Leftovers
|-heal|p1a: Kingambit|96/100|[from] item: Leftovers
|upkeep
|turn|31
|
|t:|1758300018
|move|p2a: Jirachi|U-turn|p1a: Kingambit
|-damage|p1a: Kingambit|85/100
|
|t:|1758300019
|switch|p2a: Primarina|Primarina, F|49/100|[from] U-turn
|move|p1a: Kingambit|Kowtow Cleave|p2a: Primarina
|-resisted|p2a: Primarina
|-damage|p2a: Primarina|0 fnt
|faint|p2a: Primarina
|
|-weather|Snowscape|[upkeep]
|-end|p1a: Kingambit|move: Doom Desire
|-resisted|p1a: Kingambit
|-damage|p1a: Kingambit|61/100
|-heal|p1a: Kingambit|67/100|[from] item: Leftovers
|upkeep
|-message|Eight Five forfeited.
|
|win|beuhiam
|raw|beuhiam's rating: 1542 &rarr; <strong>1563</strong><br />(+21 for winning)
|raw|Eight Five's rating: 1568 &rarr; <strong>1547</strong><br />(-21 for losing)
|l|☆Eight Five
|player|p2|
|l|☆beuhiam
|player|p1|
