|j|☆PirateKingJoyBoy
|j|☆diav
|t:|1758288556
|gametype|singles
|player|p1|PirateKingJoyBoy|2|1515
|player|p2|diav|artist-gen4|1529
|gen|9
|tier|[Gen 9] OU
|rated|
|rule|HP Percentage Mod: HP is shown in percentages
|rule|Endless Battle Clause: Forcing endless battles is banned
|rule|Species Clause: Limit one of each Pokémon
|rule|OHKO Clause: OHKO moves are banned
|rule|Evasion Items Clause: Evasion items are banned
|rule|Evasion Moves Clause: Evasion moves are banned
|rule|Evasion Abilities Clause: Evasion abilities are banned
|rule|Sleep Moves Clause: Sleep-inducing moves are banned
|clearpoke
|poke|p1|Cinderace, F|
|poke|p1|Landorus-Therian, M|
|poke|p1|Gholdengo|
|poke|p1|Clefable, F|
|poke|p1|Mimikyu, M|
|poke|p1|Toxapex, F|
|poke|p2|Kyurem|
|poke|p2|Chansey, F|
|poke|p2|Samurott-Hisui, F|
|poke|p2|Corviknight, M|
|poke|p2|Hatterene, F|
|poke|p2|Zamazenta-*|
|teampreview
|inactive|Battle timer is ON: inactive players will automatically lose when time's up. (requested by diav)
|
|t:|1758288569
|teamsize|p1|6
|teamsize|p2|6
|start
|switch|p1a: Cinderace|Cinderace, F|100/100
|switch|p2a: Hatterene|Hatterene, F|100/100
|turn|1
|
|t:|1758288578
|move|p1a: Cinderace|U-turn|p2a: Hatterene
|-start|p1a: Cinderace|typechange|Bug|[from] ability: Libero
|-damage|p2a: Hatterene|68/100
|j| bigbenjen
|j| Nikator98
|
|t:|1758288583
|switch|p1a: Landorus|Landorus-Therian, M|100/100|[from] U-turn
|-ability|p1a: Landorus|Intimidate|boost
|-unboost|p2a: Hatterene|atk|1
|move|p2a: Hatterene|Psyshock|p1a: Landorus
|-damage|p1a: Landorus|58/100
|
|-heal|p1a: Landorus|64/100|[from] item: Leftovers
|-heal|p2a: Hatterene|74/100|[from] item: Leftovers
|upkeep
|turn|2
|
|t:|1758288591
|move|p1a: Landorus|Earthquake|p2a: Hatterene
|-damage|p2a: Hatterene|21/100
|move|p2a: Hatterene|Draining Kiss|p1a: Landorus
|-damage|p1a: Landorus|34/100
|-heal|p2a: Hatterene|48/100|[from] drain|[of] p1a: Landorus
|
|-heal|p1a: Landorus|40/100|[from] item: Leftovers
|-heal|p2a: Hatterene|54/100|[from] item: Leftovers
|upkeep
|turn|3
|l| Nikator98
|
|t:|1758288608
|switch|p2a: Corviknight|Corviknight, M|100/100
|move|p1a: Landorus|Earthquake|p2a: Corviknight
|-immune|p2a: Corviknight
|
|-heal|p1a: Landorus|46/100|[from] item: Leftovers
|upkeep
|turn|4
|
|t:|1758288615
|switch|p2a: Hatterene|Hatterene, F|54/100
|move|p1a: Landorus|Stealth Rock|p2a: Hatterene
|move|p2a: Hatterene|Stealth Rock|p1a: Landorus|[from] ability: Magic Bounce
|-sidestart|p1: PirateKingJoyBoy|move: Stealth Rock
|
|-heal|p1a: Landorus|52/100|[from] item: Leftovers
|-heal|p2a: Hatterene|60/100|[from] item: Leftovers
|upkeep
|turn|5
|l| bigbenjen
|
|t:|1758288622
|move|p1a: Landorus|Earthquake|p2a: Hatterene
|-damage|p2a: Hatterene|15/100
|move|p2a: Hatterene|Draining Kiss|p1a: Landorus
|-damage|p1a: Landorus|24/100
|-heal|p2a: Hatterene|41/100|[from] drain|[of] p1a: Landorus
|
|-heal|p1a: Landorus|30/100|[from] item: Leftovers
|-heal|p2a: Hatterene|47/100|[from] item: Leftovers
|upkeep
|turn|6
|
|t:|1758288640
|switch|p2a: Kyurem|Kyurem|100/100
|-ability|p2a: Kyurem|Pressure
|move|p1a: Landorus|Earthquake|p2a: Kyurem
|-damage|p2a: Kyurem|58/100
|
|-heal|p1a: Landorus|36/100|[from] item: Leftovers
|upkeep
|turn|7
|
|t:|1758288648
|switch|p1a: Gholdengo|Gholdengo|100/100
|-damage|p1a: Gholdengo|94/100|[from] Stealth Rock
|move|p2a: Kyurem|Freeze-Dry|p1a: Gholdengo
|-resisted|p1a: Gholdengo
|-damage|p1a: Gholdengo|63/100
|
|upkeep
|turn|8
|
|t:|1758288658
|switch|p1a: Cinderace|Cinderace, F|100/100
|switch|p2a: Chansey|Chansey, F|100/100
|
|upkeep
|turn|9
|
|t:|1758288663
|move|p1a: Cinderace|Pyro Ball|p2a: Chansey
|-damage|p2a: Chansey|63/100
|move|p2a: Chansey|Thunder Wave|p1a: Cinderace
|-status|p1a: Cinderace|par
|
|upkeep
|turn|10
|
|t:|1758288669
|cant|p1a: Cinderace|par
|move|p2a: Chansey|Seismic Toss|p1a: Cinderace
|-damage|p1a: Cinderace|67/100 par
|
|upkeep
|turn|11
|
|t:|1758288676
|move|p1a: Cinderace|Court Change|p1a: Cinderace
|-start|p1a: Cinderace|typechange|Normal|[from] ability: Libero
|-swapsideconditions
|-activate|p1a: Cinderace|move: Court Change
|move|p2a: Chansey|Soft-Boiled|p2a: Chansey
|-heal|p2a: Chansey|100/100
|
|upkeep
|turn|12
|
|t:|1758288689
|switch|p2a: Corviknight|Corviknight, M|100/100
|-damage|p2a: Corviknight|88/100|[from] Stealth Rock
|cant|p1a: Cinderace|par
|
|-heal|p2a: Corviknight|94/100|[from] item: Leftovers
|upkeep
|turn|13
|
|t:|1758288696
|switch|p1a: Gholdengo|Gholdengo|63/100
|move|p2a: Corviknight|Brave Bird|p1a: Gholdengo
|-resisted|p1a: Gholdengo
|-damage|p1a: Gholdengo|42/100
|-damage|p2a: Corviknight|89/100|[from] Recoil
|
|-heal|p2a: Corviknight|95/100|[from] item: Leftovers
|upkeep
|turn|14
|
|t:|1758288714
|move|p1a: Gholdengo|Trick|p2a: Corviknight
|-activate|p1a: Gholdengo|move: Trick|[of] p2a: Corviknight
|-item|p2a: Corviknight|Choice Scarf|[from] move: Trick
|-item|p1a: Gholdengo|Leftovers|[from] move: Trick
|move|p2a: Corviknight|U-turn|p1a: Gholdengo
|-resisted|p1a: Gholdengo
|-damage|p1a: Gholdengo|38/100
|
|t:|1758288716
|switch|p2a: Samurott|Samurott-Hisui, F|100/100|[from] U-turn
|-damage|p2a: Samurott|88/100|[from] Stealth Rock
|
|-heal|p1a: Gholdengo|44/100|[from] item: Leftovers
|upkeep
|turn|15
|
|t:|1758288725
|-terastallize|p1a: Gholdengo|Fighting
|move|p1a: Gholdengo|Tera Blast|p2a: Samurott|[anim] Tera Blast Fighting
|-supereffective|p2a: Samurott
|-damage|p2a: Samurott|0 fnt
|faint|p2a: Samurott
|
|-heal|p1a: Gholdengo|50/100|[from] item: Leftovers
|upkeep
|
|t:|1758288736
|switch|p2a: Zamazenta|Zamazenta, shiny|100/100
|-damage|p2a: Zamazenta|94/100|[from] Stealth Rock
|-ability|p2a: Zamazenta|Dauntless Shield|boost
|-boost|p2a: Zamazenta|def|1
|turn|16
|
|t:|1758288741
|move|p2a: Zamazenta|Howl|p2a: Zamazenta
|-boost|p2a: Zamazenta|atk|1
|move|p1a: Gholdengo|Make It Rain|p2a: Zamazenta
|-damage|p2a: Zamazenta|31/100
|-unboost|p1a: Gholdengo|spa|1
|
|-heal|p1a: Gholdengo|56/100|[from] item: Leftovers
|upkeep
|turn|17
|
|t:|1758288751
|switch|p1a: Mimikyu|Mimikyu, M|100/100
|move|p2a: Zamazenta|Close Combat|p1a: Mimikyu
|-immune|p1a: Mimikyu
|
|upkeep
|turn|18
|
|t:|1758288757
|move|p2a: Zamazenta|Heavy Slam|p1a: Mimikyu
|-activate|p1a: Mimikyu|ability: Disguise
|-damage|p1a: Mimikyu|100/100
|detailschange|p1a: Mimikyu|Mimikyu-Busted, M
|-damage|p1a: Mimikyu|88/100|[from] pokemon: Mimikyu-Busted
|-damage|p2a: Zamazenta|21/100|[from] item: Life Orb
|move|p1a: Mimikyu|Play Rough|p2a: Zamazenta
|-supereffective|p2a: Zamazenta
|-damage|p2a: Zamazenta|0 fnt
|faint|p2a: Zamazenta
|-damage|p1a: Mimikyu|78/100|[from] item: Life Orb
|
|upkeep
|
|t:|1758288764
|switch|p2a: Kyurem|Kyurem|58/100
|-damage|p2a: Kyurem|33/100|[from] Stealth Rock
|-ability|p2a: Kyurem|Pressure
|turn|19
|
|t:|1758288773
|move|p1a: Mimikyu|Play Rough|p2a: Kyurem
|-supereffective|p2a: Kyurem
|-damage|p2a: Kyurem|0 fnt
|faint|p2a: Kyurem
|-damage|p1a: Mimikyu|68/100|[from] item: Life Orb
|
|upkeep
|-message|diav forfeited.
|
|win|PirateKingJoyBoy
|raw|PirateKingJoyBoy's rating: 1515 &rarr; <strong>1536</strong><br />(+21 for winning)
|raw|diav's rating: 1529 &rarr; <strong>1508</strong><br />(-21 for losing)
|l|☆diav
|player|p2|
|l|☆PirateKingJoyBoy
|player|p1|
