|j|☆Abby Syclette
|j|☆BigJulius
|t:|1758277121
|gametype|singles
|player|p1|Abby Syclette|101|1264
|player|p2|BigJulius|101|1250
|gen|9
|tier|[Gen 9] OU
|rated|
|rule|HP Percentage Mod: HP is shown in percentages
|rule|Endless Battle Clause: Forcing endless battles is banned
|rule|Species Clause: Limit one of each Pokémon
|rule|OHKO Clause: OHKO moves are banned
|rule|Evasion Items Clause: Evasion items are banned
|rule|Evasion Moves Clause: Evasion moves are banned
|rule|Evasion Abilities Clause: Evasion abilities are banned
|rule|Sleep Moves Clause: Sleep-inducing moves are banned
|clearpoke
|poke|p1|Gliscor, M|
|poke|p1|Walking Wake|
|poke|p1|Zamazenta-*|
|poke|p1|Gholdengo|
|poke|p1|Pecharunt|
|poke|p1|Raging Bolt|
|poke|p2|Great Tusk|
|poke|p2|Ninetales, M|
|poke|p2|Walking Wake|
|poke|p2|Pecharunt|
|poke|p2|Meowscarada, F|
|poke|p2|Galvantula, F|
|teampreview
|inactive|Battle timer is ON: inactive players will automatically lose when time's up. (requested by BigJulius)
|
|t:|1758277143
|teamsize|p1|6
|teamsize|p2|6
|start
|switch|p1a: Gliscor|Gliscor, M|100/100
|switch|p2a: Ninetales|Ninetales, M|100/100
|-weather|SunnyDay|[from] ability: Drought|[of] p2a: Ninetales
|turn|1
|
|t:|1758277150
|move|p1a: Gliscor|Substitute|p1a: Gliscor
|-start|p1a: Gliscor|Substitute
|-damage|p1a: Gliscor|76/100
|move|p2a: Ninetales|Will-O-Wisp||[still]
|-fail|p2a: Ninetales
|
|-weather|SunnyDay|[upkeep]
|-status|p1a: Gliscor|tox|[from] item: Toxic Orb
|upkeep
|turn|2
|
|t:|1758277156
|move|p1a: Gliscor|Earthquake|p2a: Ninetales
|-supereffective|p2a: Ninetales
|-damage|p2a: Ninetales|0 fnt
|faint|p2a: Ninetales
|
|-weather|SunnyDay|[upkeep]
|-heal|p1a: Gliscor|88/100 tox|[from] ability: Poison Heal
|upkeep
|
|t:|1758277162
|switch|p2a: Meowscarada|Meowscarada, F|100/100
|turn|3
|
|t:|1758277164
|move|p2a: Meowscarada|Triple Axel|p1a: Gliscor
|-start|p2a: Meowscarada|typechange|Ice|[from] ability: Protean
|-supereffective|p1a: Gliscor
|-end|p1a: Gliscor|Substitute
|-supereffective|p1a: Gliscor
|-damage|p1a: Gliscor|25/100 tox
|-supereffective|p1a: Gliscor
|-damage|p1a: Gliscor|0 fnt
|faint|p1a: Gliscor
|-hitcount|p1: Gliscor|3
|
|-weather|SunnyDay|[upkeep]
|upkeep
|
|t:|1758277175
|switch|p1a: Zamazenta|Zamazenta|100/100
|-ability|p1a: Zamazenta|Dauntless Shield|boost
|-boost|p1a: Zamazenta|def|1
|turn|4
|
|t:|1758277181
|switch|p2a: Pecharunt|Pecharunt|100/100
|move|p1a: Zamazenta|Body Press|p2a: Pecharunt
|-immune|p2a: Pecharunt
|
|-weather|SunnyDay|[upkeep]
|upkeep
|turn|5
|
|t:|1758277191
|move|p1a: Zamazenta|Crunch|p2a: Pecharunt
|-supereffective|p2a: Pecharunt
|-crit|p2a: Pecharunt
|-damage|p2a: Pecharunt|61/100
|move|p2a: Pecharunt|Nasty Plot|p2a: Pecharunt
|-boost|p2a: Pecharunt|spa|2
|
|-weather|SunnyDay|[upkeep]
|upkeep
|turn|6
|
|t:|1758277202
|move|p1a: Zamazenta|Crunch|p2a: Pecharunt
|-supereffective|p2a: Pecharunt
|-damage|p2a: Pecharunt|34/100
|move|p2a: Pecharunt|Recover|p2a: Pecharunt
|-heal|p2a: Pecharunt|84/100
|
|-weather|SunnyDay|[upkeep]
|upkeep
|turn|7
|
|t:|1758277211
|switch|p1a: Pecharunt|Pecharunt|100/100
|move|p2a: Pecharunt|Malignant Chain|p1a: Pecharunt
|-resisted|p1a: Pecharunt
|-damage|p1a: Pecharunt|74/100
|
|-weather|SunnyDay|[upkeep]
|upkeep
|turn|8
|
|t:|1758277222
|-terastallize|p1a: Pecharunt|Fighting
|move|p1a: Pecharunt|Shadow Ball|p2a: Pecharunt
|-supereffective|p2a: Pecharunt
|-damage|p2a: Pecharunt|8/100
|move|p2a: Pecharunt|Shadow Ball|p1a: Pecharunt
|-damage|p1a: Pecharunt|12/100
|-unboost|p1a: Pecharunt|spd|1
|
|-weather|none
|upkeep
|turn|9
|
|t:|1758277232
|switch|p2a: Meowscarada|Meowscarada, F|100/100
|move|p1a: Pecharunt|Malignant Chain|p2a: Meowscarada
|-supereffective|p2a: Meowscarada
|-damage|p2a: Meowscarada|0 fnt
|faint|p2a: Meowscarada
|
|upkeep
|
|t:|1758277239
|switch|p2a: Galvantula|Galvantula, F|100/100
|turn|10
|
|t:|1758277251
|switch|p1a: Zamazenta|Zamazenta|100/100
|move|p2a: Galvantula|Sticky Web|p1a: Zamazenta
|-sidestart|p1: Abby Syclette|move: Sticky Web
|
|upkeep
|turn|11
|
|t:|1758277259
|move|p1a: Zamazenta|Iron Defense|p1a: Zamazenta
|-boost|p1a: Zamazenta|def|2
|move|p2a: Galvantula|Volt Switch|p1a: Zamazenta
|-damage|p1a: Zamazenta|75/100
|
|t:|1758277261
|switch|p2a: Great Tusk|Great Tusk|100/100|[from] Volt Switch
|
|-heal|p1a: Zamazenta|81/100|[from] item: Leftovers
|upkeep
|turn|12
|
|t:|1758277267
|move|p1a: Zamazenta|Body Press|p2a: Great Tusk
|-damage|p2a: Great Tusk|55/100
|move|p2a: Great Tusk|Bulk Up|p2a: Great Tusk
|-boost|p2a: Great Tusk|atk|1
|-boost|p2a: Great Tusk|def|1
|
|-heal|p1a: Zamazenta|87/100|[from] item: Leftovers
|-heal|p2a: Great Tusk|61/100|[from] item: Leftovers
|upkeep
|turn|13
|
|t:|1758277276
|-end|p2a: Great Tusk|Protosynthesis|[silent]
|switch|p2a: Pecharunt|Pecharunt|8/100
|move|p1a: Zamazenta|Iron Defense|p1a: Zamazenta
|-boost|p1a: Zamazenta|def|2
|
|-heal|p1a: Zamazenta|93/100|[from] item: Leftovers
|upkeep
|turn|14
|
|t:|1758277285
|move|p1a: Zamazenta|Crunch|p2a: Pecharunt
|-supereffective|p2a: Pecharunt
|-damage|p2a: Pecharunt|0 fnt
|faint|p2a: Pecharunt
|
|-heal|p1a: Zamazenta|99/100|[from] item: Leftovers
|upkeep
|
|t:|1758277287
|switch|p2a: Galvantula|Galvantula, F|100/100
|turn|15
|
|t:|1758277293
|move|p1a: Zamazenta|Body Press|p2a: Galvantula
|-resisted|p2a: Galvantula
|-enditem|p2a: Galvantula|Focus Sash
|-damage|p2a: Galvantula|1/100
|move|p2a: Galvantula|Thunder|p1a: Zamazenta
|-damage|p1a: Zamazenta|55/100
|
|-heal|p1a: Zamazenta|61/100|[from] item: Leftovers
|upkeep
|turn|16
|
|t:|1758277302
|move|p1a: Zamazenta|Body Press|p2a: Galvantula
|-resisted|p2a: Galvantula
|-damage|p2a: Galvantula|0 fnt
|faint|p2a: Galvantula
|
|-heal|p1a: Zamazenta|67/100|[from] item: Leftovers
|upkeep
|
|t:|1758277304
|switch|p2a: Walking Wake|Walking Wake|100/100
|turn|17
|
|t:|1758277312
|-terastallize|p2a: Walking Wake|Poison
|move|p1a: Zamazenta|Body Press|p2a: Walking Wake
|-resisted|p2a: Walking Wake
|-damage|p2a: Walking Wake|35/100
|move|p2a: Walking Wake|Dragon Pulse|p1a: Zamazenta
|-damage|p1a: Zamazenta|12/100
|-damage|p2a: Walking Wake|25/100|[from] item: Life Orb
|
|-heal|p1a: Zamazenta|18/100|[from] item: Leftovers
|upkeep
|turn|18
|-message|BigJulius forfeited.
|
|win|Abby Syclette
|raw|Abby Syclette's rating: 1264 &rarr; <strong>1288</strong><br />(+24 for winning)
|raw|BigJulius's rating: 1250 &rarr; <strong>1226</strong><br />(-24 for losing)
|l|☆BigJulius
|player|p2|
|l|☆Abby Syclette
|player|p1|
