|j|‽big darius
|j|☆RobloxLoser
|t:|1758303486
|gametype|singles
|player|p1|big darius|lucas|1552
|player|p2|RobloxLoser|hugh|1667
|gen|9
|tier|[Gen 9] OU
|rated|
|rule|HP Percentage Mod: HP is shown in percentages
|rule|Endless Battle Clause: Forcing endless battles is banned
|rule|Species Clause: Limit one of each Pokémon
|rule|OHKO Clause: OHKO moves are banned
|rule|Evasion Items Clause: Evasion items are banned
|rule|Evasion Moves Clause: Evasion moves are banned
|rule|Evasion Abilities Clause: Evasion abilities are banned
|rule|Sleep Moves Clause: Sleep-inducing moves are banned
|clearpoke
|poke|p1|Ogerpon-Cornerstone, F|
|poke|p1|Hatterene, F|
|poke|p1|Pecharunt|
|poke|p1|Landorus-Therian, M|
|poke|p1|Kingambit, F|
|poke|p1|Latios, M|
|poke|p2|Dragonite, M|
|poke|p2|Weezing-Galar, M|
|poke|p2|Alomomola, M|
|poke|p2|Gholdengo|
|poke|p2|Latios, M|
|poke|p2|Great Tusk|
|teampreview
|
|t:|1758303515
|teamsize|p1|6
|teamsize|p2|6
|start
|switch|p1a: Hatterene|Hatterene, F|100/100
|switch|p2a: Latios|Latios, M|100/100
|turn|1
|
|t:|1758303527
|switch|p2a: Alomomola|Alomomola, M|100/100
|move|p1a: Hatterene|Draining Kiss|p2a: Alomomola
|-damage|p2a: Alomomola|87/100
|
|upkeep
|turn|2
|
|t:|1758303538
|move|p2a: Alomomola|Body Slam|p1a: Hatterene
|-damage|p1a: Hatterene|83/100
|move|p1a: Hatterene|Nuzzle|p2a: Alomomola
|-supereffective|p2a: Alomomola
|-damage|p2a: Alomomola|81/100
|-status|p2a: Alomomola|par
|
|upkeep
|turn|3
|
|t:|1758303545
|move|p1a: Hatterene|Draining Kiss|p2a: Alomomola
|-damage|p2a: Alomomola|67/100 par
|-heal|p1a: Hatterene|100/100|[from] drain|[of] p2a: Alomomola
|cant|p2a: Alomomola|par
|
|upkeep
|turn|4
|
|t:|1758303551
|switch|p1a: Landorus|Landorus-Therian, M|100/100
|-ability|p1a: Landorus|Intimidate|boost
|-unboost|p2a: Alomomola|atk|1
|move|p2a: Alomomola|Body Slam|p1a: Landorus
|-damage|p1a: Landorus|92/100
|-status|p1a: Landorus|par
|-damage|p2a: Alomomola|50/100 par|[from] item: Rocky Helmet|[of] p1a: Landorus
|
|upkeep
|turn|5
|
|t:|1758303571
|move|p1a: Landorus|Stealth Rock|p2a: Alomomola
|-sidestart|p2: RobloxLoser|move: Stealth Rock
|cant|p2a: Alomomola|par
|
|upkeep
|turn|6
|
|t:|1758303576
|move|p1a: Landorus|Earthquake|p2a: Alomomola
|-damage|p2a: Alomomola|17/100 par
|cant|p2a: Alomomola|par
|
|upkeep
|turn|7
|
|t:|1758303579
|switch|p2a: Latios|Latios, M|100/100
|-damage|p2a: Latios|88/100|[from] Stealth Rock
|move|p1a: Landorus|U-turn|p2a: Latios
|-supereffective|p2a: Latios
|-damage|p2a: Latios|29/100
|
|t:|1758303585
|switch|p1a: Hatterene|Hatterene, F|100/100|[from] U-turn
|
|upkeep
|turn|8
|
|t:|1758303590
|move|p2a: Latios|Psychic Noise|p1a: Hatterene
|-resisted|p1a: Hatterene
|-damage|p1a: Hatterene|87/100
|-start|p1a: Hatterene|move: Heal Block
|cant|p1a: Hatterene|move: Heal Block|Draining Kiss
|
|upkeep
|turn|9
|
|t:|1758303594
|switch|p2a: Alomomola|Alomomola, M|50/100 par
|-damage|p2a: Alomomola|38/100 par|[from] Stealth Rock
|move|p1a: Hatterene|Psychic Noise|p2a: Alomomola
|-damage|p2a: Alomomola|19/100 par
|-start|p2a: Alomomola|move: Heal Block
|
|-end|p1a: Hatterene|move: Heal Block
|upkeep
|turn|10
|
|t:|1758303598
|switch|p2a: Gholdengo|Gholdengo|100/100
|-damage|p2a: Gholdengo|94/100|[from] Stealth Rock
|move|p1a: Hatterene|Mystical Fire|p2a: Gholdengo
|-supereffective|p2a: Gholdengo
|-damage|p2a: Gholdengo|30/100
|-unboost|p2a: Gholdengo|spa|1
|
|upkeep
|turn|11
|
|t:|1758303610
|switch|p1a: Kingambit|Kingambit, F|100/100
|move|p2a: Gholdengo|Trick|p1a: Kingambit
|-activate|p2a: Gholdengo|move: Trick|[of] p1a: Kingambit
|-item|p1a: Kingambit|Choice Scarf|[from] move: Trick
|-item|p2a: Gholdengo|Leftovers|[from] move: Trick
|
|-heal|p2a: Gholdengo|36/100|[from] item: Leftovers
|upkeep
|turn|12
|c|☆RobloxLoser|you are not tuff timmy
|
|t:|1758303625
|move|p1a: Kingambit|Kowtow Cleave|p2a: Gholdengo
|-supereffective|p2a: Gholdengo
|-damage|p2a: Gholdengo|0 fnt
|faint|p2a: Gholdengo
|
|upkeep
|
|t:|1758303629
|switch|p2a: Great Tusk|Great Tusk|100/100
|-damage|p2a: Great Tusk|98/100|[from] Stealth Rock
|turn|13
|
|t:|1758303634
|-end|p1a: Kingambit|fallenundefined|[silent]
|switch|p1a: Landorus|Landorus-Therian, M|92/100 par
|-ability|p1a: Landorus|Intimidate|boost
|-unboost|p2a: Great Tusk|atk|1
|move|p2a: Great Tusk|Stealth Rock|p1a: Landorus
|-sidestart|p1: big darius|move: Stealth Rock
|
|upkeep
|turn|14
|
|t:|1758303644
|move|p2a: Great Tusk|Ice Spinner|p1a: Landorus
|-supereffective|p1a: Landorus
|-damage|p1a: Landorus|31/100 par
|-damage|p2a: Great Tusk|81/100|[from] item: Rocky Helmet|[of] p1a: Landorus
|move|p1a: Landorus|Earthquake|p2a: Great Tusk
|-damage|p2a: Great Tusk|49/100
|
|upkeep
|turn|15
|
|t:|1758303650
|-end|p2a: Great Tusk|Protosynthesis|[silent]
|switch|p2a: Latios|Latios, M|29/100
|-damage|p2a: Latios|16/100|[from] Stealth Rock
|move|p1a: Landorus|Earthquake|p2a: Latios
|-immune|p2a: Latios|[from] ability: Levitate
|
|upkeep
|turn|16
|
|t:|1758303657
|move|p2a: Latios|Recover|p2a: Latios
|-heal|p2a: Latios|66/100
|move|p1a: Landorus|U-turn|p2a: Latios
|-supereffective|p2a: Latios
|-damage|p2a: Latios|3/100
|c|☆RobloxLoser|ok maybe you are
|c|☆RobloxLoser|sorry
|
|t:|1758303673
|switch|p1a: Latios|Latios, M|100/100|[from] U-turn
|-damage|p1a: Latios|88/100|[from] Stealth Rock
|
|upkeep
|turn|17
|
|t:|1758303687
|switch|p2a: Alomomola|Alomomola, M|52/100 par
|-damage|p2a: Alomomola|40/100 par|[from] Stealth Rock
|move|p1a: Latios|Luster Purge|p2a: Alomomola
|-damage|p2a: Alomomola|14/100 par
|
|upkeep
|turn|18
|
|t:|1758303692
|move|p1a: Latios|Luster Purge|p2a: Alomomola
|-damage|p2a: Alomomola|0 fnt
|faint|p2a: Alomomola
|
|upkeep
|
|t:|1758303695
|switch|p2a: Dragonite|Dragonite, M|100/100
|turn|19
|
|t:|1758303700
|switch|p1a: Pecharunt|Pecharunt|100/100
|move|p2a: Dragonite|Dragon Tail|p1a: Pecharunt
|-damage|p1a: Pecharunt|83/100
|drag|p1a: Kingambit|Kingambit, F|100/100
|-damage|p1a: Kingambit|94/100|[from] Stealth Rock
|
|upkeep
|turn|20
|
|t:|1758303709
|move|p1a: Kingambit|Kowtow Cleave|p2a: Dragonite
|-crit|p2a: Dragonite
|-damage|p2a: Dragonite|62/100
|move|p2a: Dragonite|Earthquake|p1a: Kingambit
|-supereffective|p1a: Kingambit
|-damage|p1a: Kingambit|26/100
|
|upkeep
|turn|21
|
|t:|1758303713
|-end|p1a: Kingambit|fallenundefined|[silent]
|switch|p1a: Pecharunt|Pecharunt|83/100
|move|p2a: Dragonite|Roost|p2a: Dragonite
|-heal|p2a: Dragonite|100/100
|-singleturn|p2a: Dragonite|move: Roost
|
|upkeep
|turn|22
|
|t:|1758303720
|switch|p2a: Weezing|Weezing-Galar, M|100/100
|-ability|p2a: Weezing|Neutralizing Gas
|move|p1a: Pecharunt|Malignant Chain|p2a: Weezing
|-damage|p2a: Weezing|60/100
|
|upkeep
|turn|23
|
|t:|1758303725
|move|p1a: Pecharunt|Parting Shot|p2a: Weezing
|-unboost|p2a: Weezing|atk|1
|-unboost|p2a: Weezing|spa|1
|
|t:|1758303736
|switch|p1a: Landorus|Landorus-Therian, M|31/100 par|[from] Parting Shot
|-damage|p1a: Landorus|19/100 par|[from] Stealth Rock
|move|p2a: Weezing|Will-O-Wisp||[still]
|-fail|p2a: Weezing
|
|upkeep
|turn|24
|
|t:|1758303743
|move|p2a: Weezing|Defog|p1a: Landorus
|-unboost|p1a: Landorus|evasion|1
|-sideend|p1: big darius|Stealth Rock|[from] move: Defog|[of] p2a: Weezing
|-sideend|p2: RobloxLoser|Stealth Rock|[from] move: Defog|[of] p2a: Weezing
|cant|p1a: Landorus|par
|
|upkeep
|turn|25
|
|t:|1758303748
|-end|p2a: Weezing|ability: Neutralizing Gas
|-ability|p1a: Landorus|Intimidate|boost
|-unboost|p2a: Weezing|atk|1
|switch|p2a: Latios|Latios, M|3/100
|move|p1a: Landorus|U-turn|p2a: Latios
|-supereffective|p2a: Latios
|-damage|p2a: Latios|0 fnt
|faint|p2a: Latios
|
|t:|1758303763
|switch|p1a: Hatterene|Hatterene, F|87/100|[from] U-turn
|
|upkeep
|
|t:|1758303769
|switch|p2a: Weezing|Weezing-Galar, M|60/100
|-ability|p2a: Weezing|Neutralizing Gas
|turn|26
|
|t:|1758303772
|move|p2a: Weezing|Sludge Bomb|p1a: Hatterene
|-supereffective|p1a: Hatterene
|-damage|p1a: Hatterene|52/100
|move|p1a: Hatterene|Psychic Noise|p2a: Weezing
|-supereffective|p2a: Weezing
|-damage|p2a: Weezing|0 fnt
|faint|p2a: Weezing
|-end|p2a: Weezing|ability: Neutralizing Gas
|
|upkeep
|
|t:|1758303820
|switch|p2a: Great Tusk|Great Tusk|49/100
|turn|27
|
|t:|1758303828
|move|p2a: Great Tusk|Stealth Rock|p1a: Hatterene
|move|p1a: Hatterene|Stealth Rock|p2a: Great Tusk|[from] ability: Magic Bounce
|-sidestart|p2: RobloxLoser|move: Stealth Rock
|move|p1a: Hatterene|Draining Kiss|p2a: Great Tusk
|-supereffective|p2a: Great Tusk
|-damage|p2a: Great Tusk|0 fnt
|-heal|p1a: Hatterene|95/100|[from] drain|[of] p2a: Great Tusk
|-damage|p1a: Hatterene|78/100|[from] item: Rocky Helmet|[of] p2a: Great Tusk
|faint|p2a: Great Tusk
|-end|p2a: Great Tusk|Protosynthesis|[silent]
|
|upkeep
|-message|RobloxLoser forfeited.
|
|win|big darius
|raw|big darius's rating: 1552 &rarr; <strong>1578</strong><br />(+26 for winning)
|raw|RobloxLoser's rating: 1667 &rarr; <strong>1641</strong><br />(-26 for losing)
|c|☆RobloxLoser|yo can you leave please
|c|☆RobloxLoser|ur locked
