|j|☆ubgg
|j|☆randombananaYAY
|t:|1758343661
|gametype|singles
|player|p1|ubgg|265|1453
|player|p2|randombananaYAY|1|1512
|gen|9
|tier|[Gen 9] OU
|rated|
|rule|HP Percentage Mod: HP is shown in percentages
|rule|Endless Battle Clause: Forcing endless battles is banned
|rule|Species Clause: Limit one of each Pokémon
|rule|OHKO Clause: OHKO moves are banned
|rule|Evasion Items Clause: Evasion items are banned
|rule|Evasion Moves Clause: Evasion moves are banned
|rule|Evasion Abilities Clause: Evasion abilities are banned
|rule|Sleep Moves Clause: Sleep-inducing moves are banned
|clearpoke
|poke|p1|Slowking-Galar, F|
|poke|p1|Great Tusk|
|poke|p1|Dragonite, M|
|poke|p1|Ogerpon-Wellspring, F|
|poke|p1|Rhyperior, M|
|poke|p1|Alomomola, M|
|poke|p2|Alomomola, F|
|poke|p2|Gliscor, M|
|poke|p2|Dondozo, M|
|poke|p2|Blissey, F|
|poke|p2|Toxapex, M|
|poke|p2|Clodsire, M|
|teampreview
|inactive|Battle timer is ON: inactive players will automatically lose when time's up. (requested by ubgg)
|
|t:|1758343695
|teamsize|p1|6
|teamsize|p2|6
|start
|switch|p1a: Great Tusk|Great Tusk|100/100
|switch|p2a: Gliscor|Gliscor, M|100/100
|turn|1
|
|t:|1758343702
|move|p2a: Gliscor|Knock Off|p1a: Great Tusk
|-resisted|p1a: Great Tusk
|-damage|p1a: Great Tusk|94/100
|-enditem|p1a: Great Tusk|Leftovers|[from] move: Knock Off|[of] p2a: Gliscor
|move|p1a: Great Tusk|Knock Off|p2a: Gliscor
|-damage|p2a: Gliscor|80/100
|-enditem|p2a: Gliscor|Toxic Orb|[from] move: Knock Off|[of] p1a: Great Tusk
|
|upkeep
|turn|2
|
|t:|1758343712
|move|p2a: Gliscor|Spikes|p1a: Great Tusk
|-sidestart|p1: ubgg|Spikes
|move|p1a: Great Tusk|Stealth Rock|p2a: Gliscor
|-sidestart|p2: randombananaYAY|move: Stealth Rock
|
|upkeep
|turn|3
|
|t:|1758343719
|move|p2a: Gliscor|Spikes|p1a: Great Tusk
|-sidestart|p1: ubgg|Spikes
|move|p1a: Great Tusk|Rapid Spin|p2a: Gliscor
|-damage|p2a: Gliscor|67/100
|-boost|p1a: Great Tusk|spe|1
|-sideend|p1: ubgg|Spikes|[from] move: Rapid Spin|[of] p1a: Great Tusk
|
|upkeep
|turn|4
|
|t:|1758343725
|-end|p1a: Great Tusk|Protosynthesis|[silent]
|switch|p1a: Alomomola|Alomomola, M|100/100
|move|p2a: Gliscor|Earthquake|p1a: Alomomola
|-damage|p1a: Alomomola|82/100
|
|upkeep
|turn|5
|
|t:|1758343731
|switch|p2a: Toxapex|Toxapex, M|100/100
|move|p1a: Alomomola|Flip Turn|p2a: Toxapex
|-resisted|p2a: Toxapex
|-damage|p2a: Toxapex|95/100
|
|t:|1758343740
|switch|p1a: Rhyperior|Rhyperior, M|100/100|[from] Flip Turn
|
|upkeep
|turn|6
|
|t:|1758343746
|switch|p2a: Alomomola|Alomomola, F|100/100
|move|p1a: Rhyperior|Earthquake|p2a: Alomomola
|-damage|p2a: Alomomola|70/100
|
|upkeep
|turn|7
|
|t:|1758343752
|switch|p1a: Ogerpon|Ogerpon-Wellspring, F|100/100
|move|p2a: Alomomola|Wish|p2a: Alomomola
|
|upkeep
|turn|8
|
|t:|1758343763
|switch|p2a: Toxapex|Toxapex, M|100/100
|move|p1a: Ogerpon|Swords Dance|p1a: Ogerpon
|-boost|p1a: Ogerpon|atk|2
|
|upkeep
|turn|9
|
|t:|1758343769
|switch|p1a: Alomomola|Alomomola, M|100/100
|move|p2a: Toxapex|Baneful Bunker||[still]
|-fail|p2a: Toxapex
|
|upkeep
|turn|10
|
|t:|1758343779
|switch|p1a: Rhyperior|Rhyperior, M|100/100
|move|p2a: Toxapex|Infestation|p1a: Rhyperior
|-damage|p1a: Rhyperior|98/100
|-activate|p1a: Rhyperior|move: Infestation|[of] p2a: Toxapex
|
|-damage|p1a: Rhyperior|86/100|[from] move: Infestation|[partiallytrapped]
|upkeep
|turn|11
|
|t:|1758343787
|move|p2a: Toxapex|Baneful Bunker|p2a: Toxapex
|-singleturn|p2a: Toxapex|move: Protect
|move|p1a: Rhyperior|Earthquake|p2a: Toxapex
|-activate|p2a: Toxapex|move: Protect
|
|-damage|p1a: Rhyperior|74/100|[from] move: Infestation|[partiallytrapped]
|upkeep
|turn|12
|
|t:|1758343792
|switch|p2a: Alomomola|Alomomola, F|100/100
|move|p1a: Rhyperior|Stone Edge|p2a: Alomomola
|-damage|p2a: Alomomola|67/100
|
|-end|p1a: Rhyperior|Infestation|[partiallytrapped]|[silent]
|upkeep
|turn|13
|
|t:|1758343801
|switch|p1a: Ogerpon|Ogerpon-Wellspring, F|100/100
|move|p2a: Alomomola|Wish|p2a: Alomomola
|
|upkeep
|turn|14
|
|t:|1758343809
|switch|p1a: Rhyperior|Rhyperior, M|74/100
|switch|p2a: Toxapex|Toxapex, M|100/100
|
|upkeep
|turn|15
|
|t:|1758343817
|switch|p1a: Alomomola|Alomomola, M|100/100
|switch|p2a: Alomomola|Alomomola, F|100/100
|
|upkeep
|turn|16
|
|t:|1758343823
|switch|p1a: Ogerpon|Ogerpon-Wellspring, F|100/100
|switch|p2a: Toxapex|Toxapex, M|100/100
|
|upkeep
|turn|17
|
|t:|1758343828
|switch|p1a: Alomomola|Alomomola, M|100/100
|move|p2a: Toxapex|Infestation|p1a: Alomomola
|-damage|p1a: Alomomola|98/100
|-activate|p1a: Alomomola|move: Infestation|[of] p2a: Toxapex
|-damage|p2a: Toxapex|84/100|[from] item: Rocky Helmet|[of] p1a: Alomomola
|
|-damage|p1a: Alomomola|85/100|[from] move: Infestation|[partiallytrapped]
|upkeep
|turn|18
|
|t:|1758343837
|move|p2a: Toxapex|Baneful Bunker|p2a: Toxapex
|-singleturn|p2a: Toxapex|move: Protect
|move|p1a: Alomomola|Wish|p1a: Alomomola
|
|-damage|p1a: Alomomola|73/100|[from] move: Infestation|[partiallytrapped]
|upkeep
|turn|19
|
|t:|1758343842
|move|p2a: Toxapex|Baneful Bunker||[still]
|-fail|p2a: Toxapex
|move|p1a: Alomomola|Flip Turn|p2a: Toxapex
|-resisted|p2a: Toxapex
|-damage|p2a: Toxapex|78/100
|
|t:|1758343844
|switch|p1a: Rhyperior|Rhyperior, M|74/100|[from] Flip Turn
|
|-heal|p1a: Rhyperior|100/100|[from] move: Wish|[wisher] Alomomola
|upkeep
|turn|20
|-message|randombananaYAY forfeited.
|
|win|ubgg
|raw|ubgg's rating: 1453 &rarr; <strong>1476</strong><br />(+23 for winning)
|raw|randombananaYAY's rating: 1512 &rarr; <strong>1489</strong><br />(-23 for losing)
|l|☆randombananaYAY
|player|p2|
|l|☆ubgg
|player|p1|
