|j|☆fadingstrawberry
|j|☆scrubtest98
|t:|1758241242
|gametype|singles
|player|p1|fadingstrawberry|swimmerf-gen4|1459
|player|p2|scrubtest98|102|1429
|gen|9
|tier|[Gen 9] OU
|rated|
|rule|HP Percentage Mod: HP is shown in percentages
|rule|Endless Battle Clause: Forcing endless battles is banned
|rule|Species Clause: Limit one of each Pokémon
|rule|OHKO Clause: OHKO moves are banned
|rule|Evasion Items Clause: Evasion items are banned
|rule|Evasion Moves Clause: Evasion moves are banned
|rule|Evasion Abilities Clause: Evasion abilities are banned
|rule|Sleep Moves Clause: Sleep-inducing moves are banned
|clearpoke
|poke|p1|Mimikyu, M|
|poke|p1|Ursaluna, F|
|poke|p1|Indeedee, M|
|poke|p1|Hatterene, F|
|poke|p1|Bronzong|
|poke|p1|Clefable, F|
|poke|p2|Zamazenta-*|
|poke|p2|Rillaboom, F|
|poke|p2|Gholdengo|
|poke|p2|Ting-Lu|
|poke|p2|Tornadus-Therian, M|
|poke|p2|Hawlucha, M|
|teampreview
|
|t:|1758241252
|teamsize|p1|6
|teamsize|p2|6
|start
|switch|p1a: Indeedee|Indeedee, M|100/100
|switch|p2a: Tornadus|Tornadus-Therian, M|100/100
|-fieldstart|move: Psychic Terrain|[from] ability: Psychic Surge|[of] p1a: Indeedee
|turn|1
|
|t:|1758241258
|move|p1a: Indeedee|Expanding Force|p2a: Tornadus
|-damage|p2a: Tornadus|10/100
|move|p2a: Tornadus|Nasty Plot|p2a: Tornadus
|-boost|p2a: Tornadus|spa|2
|
|upkeep
|turn|2
|
|t:|1758241261
|switch|p2a: Ting-Lu|Ting-Lu|100/100
|-ability|p2a: Ting-Lu|Vessel of Ruin
|move|p1a: Indeedee|Expanding Force|p2a: Ting-Lu
|-immune|p2a: Ting-Lu
|
|upkeep
|turn|3
|
|t:|1758241268
|switch|p1a: Bronzong|Bronzong|100/100
|move|p2a: Ting-Lu|Stealth Rock|p1a: Bronzong
|-sidestart|p1: fadingstrawberry|move: Stealth Rock
|
|upkeep
|turn|4
|
|t:|1758241277
|switch|p2a: Hawlucha|Hawlucha, M|100/100
|move|p1a: Bronzong|Block|p2a: Hawlucha
|-activate|p2a: Hawlucha|trapped
|
|upkeep
|turn|5
|
|t:|1758241282
|move|p2a: Hawlucha|Encore|p1a: Bronzong
|-start|p1a: Bronzong|Encore
|move|p1a: Bronzong|Block||[still]
|-fail|p1a: Bronzong
|
|-fieldend|move: Psychic Terrain
|upkeep
|turn|6
|
|t:|1758241306
|switch|p1a: Hatterene|Hatterene, F|100/100
|-damage|p1a: Hatterene|88/100|[from] Stealth Rock
|move|p2a: Hawlucha|Swords Dance|p2a: Hawlucha
|-boost|p2a: Hawlucha|atk|2
|
|upkeep
|turn|7
|
|t:|1758241323
|switch|p2a: Ting-Lu|Ting-Lu|100/100
|-ability|p2a: Ting-Lu|Vessel of Ruin
|move|p1a: Hatterene|Calm Mind|p1a: Hatterene
|-boost|p1a: Hatterene|spa|1
|-boost|p1a: Hatterene|spd|1
|
|upkeep
|turn|8
|
|t:|1758241334
|move|p2a: Ting-Lu|Ruination|p1a: Hatterene
|-damage|p1a: Hatterene|45/100
|move|p1a: Hatterene|Draining Kiss|p2a: Ting-Lu
|-supereffective|p2a: Ting-Lu
|-damage|p2a: Ting-Lu|73/100
|-heal|p1a: Hatterene|78/100|[from] drain|[of] p2a: Ting-Lu
|
|-heal|p2a: Ting-Lu|79/100|[from] item: Leftovers
|upkeep
|turn|9
|
|t:|1758241342
|move|p2a: Ting-Lu|Earthquake|p1a: Hatterene
|-damage|p1a: Hatterene|50/100
|move|p1a: Hatterene|Draining Kiss|p2a: Ting-Lu
|-supereffective|p2a: Ting-Lu
|-damage|p2a: Ting-Lu|50/100
|-heal|p1a: Hatterene|86/100|[from] drain|[of] p2a: Ting-Lu
|
|-heal|p2a: Ting-Lu|56/100|[from] item: Leftovers
|upkeep
|turn|10
|
|t:|1758241356
|move|p2a: Ting-Lu|Whirlwind|p1a: Hatterene
|move|p1a: Hatterene|Whirlwind|p2a: Ting-Lu|[from] ability: Magic Bounce
|drag|p2a: Zamazenta|Zamazenta|100/100
|-ability|p2a: Zamazenta|Dauntless Shield|boost
|-boost|p2a: Zamazenta|def|1
|move|p1a: Hatterene|Trick Room|p1a: Hatterene
|-fieldstart|move: Trick Room|[of] p1a: Hatterene
|
|upkeep
|turn|11
|
|t:|1758241371
|switch|p2a: Tornadus|Tornadus-Therian, M|43/100
|move|p1a: Hatterene|Calm Mind|p1a: Hatterene
|-boost|p1a: Hatterene|spa|1
|-boost|p1a: Hatterene|spd|1
|
|upkeep
|turn|12
|
|t:|1758241378
|move|p1a: Hatterene|Draining Kiss|p2a: Tornadus
|-damage|p2a: Tornadus|0 fnt
|-heal|p1a: Hatterene|100/100|[from] drain|[of] p2a: Tornadus
|faint|p2a: Tornadus
|
|upkeep
|l|☆scrubtest98
|player|p2|
|l|☆fadingstrawberry
|player|p1|
|j|☆scrubtest98
|player|p2|scrubtest98|102|
|
|t:|1758241396
|switch|p2a: Rillaboom|Rillaboom, F|100/100
|-fieldstart|move: Grassy Terrain|[from] ability: Grassy Surge|[of] p2a: Rillaboom
|turn|13
|j|☆fadingstrawberry
|player|p1|fadingstrawberry|swimmerf-gen4|
|
|t:|1758241402
|move|p1a: Hatterene|Draining Kiss|p2a: Rillaboom
|-damage|p2a: Rillaboom|36/100
|move|p2a: Rillaboom|Wood Hammer|p1a: Hatterene
|-damage|p1a: Hatterene|0 fnt
|faint|p1a: Hatterene
|-damage|p2a: Rillaboom|6/100|[from] Recoil
|
|-heal|p2a: Rillaboom|12/100|[from] Grassy Terrain
|upkeep
|
|t:|1758241410
|switch|p1a: Indeedee|Indeedee, M|100/100
|-damage|p1a: Indeedee|88/100|[from] Stealth Rock
|-fieldstart|move: Psychic Terrain|[from] ability: Psychic Surge|[of] p1a: Indeedee
|turn|14
|inactive|Battle timer is ON: inactive players will automatically lose when time's up. (requested by fadingstrawberry)
|
|t:|1758241449
|switch|p2a: Ting-Lu|Ting-Lu|56/100
|-ability|p2a: Ting-Lu|Vessel of Ruin
|move|p1a: Indeedee|Dazzling Gleam|p2a: Ting-Lu
|-supereffective|p2a: Ting-Lu
|-crit|p2a: Ting-Lu
|-damage|p2a: Ting-Lu|22/100
|
|-heal|p2a: Ting-Lu|28/100|[from] item: Leftovers
|-fieldend|move: Trick Room
|upkeep
|turn|15
|
|t:|1758241468
|switch|p1a: Ursaluna|Ursaluna, F|100/100
|-damage|p1a: Ursaluna|94/100|[from] Stealth Rock
|move|p2a: Ting-Lu|Ruination|p1a: Ursaluna
|-damage|p1a: Ursaluna|47/100
|
|-heal|p2a: Ting-Lu|34/100|[from] item: Leftovers
|-status|p1a: Ursaluna|brn|[from] item: Flame Orb
|upkeep
|turn|16
|
|t:|1758241485
|switch|p2a: Zamazenta|Zamazenta|100/100
|move|p1a: Ursaluna|Fire Punch|p2a: Zamazenta
|-damage|p2a: Zamazenta|70/100
|
|-heal|p2a: Zamazenta|76/100|[from] item: Leftovers
|-damage|p1a: Ursaluna|41/100 brn|[from] brn
|upkeep
|turn|17
|
|t:|1758241499
|move|p2a: Zamazenta|Iron Defense|p2a: Zamazenta
|-boost|p2a: Zamazenta|def|2
|move|p1a: Ursaluna|Facade|p2a: Zamazenta
|-damage|p2a: Zamazenta|27/100
|
|-heal|p2a: Zamazenta|33/100|[from] item: Leftovers
|-damage|p1a: Ursaluna|35/100 brn|[from] brn
|upkeep
|turn|18
|
|t:|1758241505
|switch|p1a: Mimikyu|Mimikyu, M|100/100
|-damage|p1a: Mimikyu|88/100|[from] Stealth Rock
|move|p2a: Zamazenta|Body Press|p1a: Mimikyu
|-immune|p1a: Mimikyu
|
|-heal|p2a: Zamazenta|39/100|[from] item: Leftovers
|-fieldend|move: Psychic Terrain
|upkeep
|turn|19
|
|t:|1758241511
|move|p2a: Zamazenta|Crunch|p1a: Mimikyu
|-activate|p1a: Mimikyu|ability: Disguise
|-damage|p1a: Mimikyu|88/100
|detailschange|p1a: Mimikyu|Mimikyu-Busted, M
|-damage|p1a: Mimikyu|76/100|[from] pokemon: Mimikyu-Busted
|-enditem|p1a: Mimikyu|Red Card|[of] p2a: Zamazenta
|drag|p2a: Rillaboom|Rillaboom, F|12/100
|-fieldstart|move: Grassy Terrain|[from] ability: Grassy Surge|[of] p2a: Rillaboom
|move|p1a: Mimikyu|Trick Room|p1a: Mimikyu
|-fieldstart|move: Trick Room|[of] p1a: Mimikyu
|
|-heal|p1a: Mimikyu|82/100|[from] Grassy Terrain
|-heal|p2a: Rillaboom|18/100|[from] Grassy Terrain
|upkeep
|turn|20
|
|t:|1758241525
|move|p2a: Rillaboom|Grassy Glide|p1a: Mimikyu
|-damage|p1a: Mimikyu|25/100
|move|p1a: Mimikyu|Play Rough|p2a: Rillaboom
|-damage|p2a: Rillaboom|0 fnt
|faint|p2a: Rillaboom
|
|-heal|p1a: Mimikyu|31/100|[from] Grassy Terrain
|upkeep
|
|t:|1758241535
|switch|p2a: Gholdengo|Gholdengo|100/100
|-enditem|p2a: Gholdengo|Grassy Seed
|-boost|p2a: Gholdengo|def|1|[from] item: Grassy Seed
|turn|21
|
|t:|1758241542
|-terastallize|p2a: Gholdengo|Water
|move|p2a: Gholdengo|Nasty Plot|p2a: Gholdengo
|-boost|p2a: Gholdengo|spa|2
|move|p1a: Mimikyu|Curse|p2a: Gholdengo
|-immune|p2a: Gholdengo|[from] ability: Good as Gold
|
|-heal|p1a: Mimikyu|37/100|[from] Grassy Terrain
|upkeep
|turn|22
|
|t:|1758241562
|move|p2a: Gholdengo|Recover||[still]
|-fail|p2a: Gholdengo|heal
|move|p1a: Mimikyu|Destiny Bond|p1a: Mimikyu
|-singlemove|p1a: Mimikyu|Destiny Bond
|
|-heal|p1a: Mimikyu|43/100|[from] Grassy Terrain
|upkeep
|turn|23
|
|t:|1758241570
|move|p2a: Gholdengo|Recover||[still]
|-fail|p2a: Gholdengo|heal
|move|p1a: Mimikyu|Play Rough|p2a: Gholdengo
|-damage|p2a: Gholdengo|86/100
|
|-heal|p2a: Gholdengo|92/100|[from] Grassy Terrain
|-heal|p1a: Mimikyu|49/100|[from] Grassy Terrain
|-fieldend|move: Trick Room
|-fieldend|move: Grassy Terrain
|upkeep
|turn|24
|
|t:|1758241578
|move|p1a: Mimikyu|Destiny Bond|p1a: Mimikyu
|-singlemove|p1a: Mimikyu|Destiny Bond
|move|p2a: Gholdengo|Nasty Plot|p2a: Gholdengo
|-boost|p2a: Gholdengo|spa|2
|
|upkeep
|turn|25
|
|t:|1758241586
|move|p2a: Gholdengo|Shadow Ball|p1a: Mimikyu
|-supereffective|p1a: Mimikyu
|-damage|p1a: Mimikyu|0 fnt
|faint|p1a: Mimikyu
|-activate|p1a: Mimikyu|move: Destiny Bond
|faint|p2a: Gholdengo
|
|upkeep
|-message|scrubtest98 forfeited.
|
|win|fadingstrawberry
|raw|fadingstrawberry's rating: 1459 &rarr; <strong>1477</strong><br />(+18 for winning)
|raw|scrubtest98's rating: 1429 &rarr; <strong>1411</strong><br />(-18 for losing)
|l|☆scrubtest98
|player|p2|
|l|☆fadingstrawberry
|player|p1|
