|j|☆Dxvofauni
|j|☆sexybodygod
|t:|1758302993
|gametype|singles
|player|p1|Dxvofauni|volkner|1334
|player|p2|sexybodygod|265|1331
|gen|9
|tier|[Gen 9] OU
|rated|
|rule|HP Percentage Mod: HP is shown in percentages
|rule|Endless Battle Clause: Forcing endless battles is banned
|rule|Species Clause: Limit one of each Pokémon
|rule|OHKO Clause: OHKO moves are banned
|rule|Evasion Items Clause: Evasion items are banned
|rule|Evasion Moves Clause: Evasion moves are banned
|rule|Evasion Abilities Clause: Evasion abilities are banned
|rule|Sleep Moves Clause: Sleep-inducing moves are banned
|clearpoke
|poke|p1|Darkrai|
|poke|p1|Iron Valiant|
|poke|p1|Hydrapple, F|
|poke|p1|Jirachi|
|poke|p1|Toxapex, M|
|poke|p1|Kleavor, M|
|poke|p2|Enamorus, F|
|poke|p2|Gholdengo|
|poke|p2|Gliscor, F|
|poke|p2|Meowscarada, M|
|poke|p2|Weavile, M|
|poke|p2|Skarmory, F|
|teampreview
|inactive|Battle timer is ON: inactive players will automatically lose when time's up. (requested by sexybodygod)
|
|t:|1758303004
|teamsize|p1|6
|teamsize|p2|6
|start
|switch|p1a: Kleavor|Kleavor, M|100/100
|switch|p2a: Skarmory|Skarmory, F|100/100
|turn|1
|
|t:|1758303013
|move|p1a: Kleavor|Stone Axe|p2a: Skarmory
|-damage|p2a: Skarmory|53/100
|-sidestart|p2: sexybodygod|move: Stealth Rock
|move|p2a: Skarmory|Stealth Rock|p1a: Kleavor
|-sidestart|p1: Dxvofauni|move: Stealth Rock
|
|upkeep
|turn|2
|
|t:|1758303022
|move|p1a: Kleavor|Stone Axe|p2a: Skarmory
|-damage|p2a: Skarmory|7/100
|move|p2a: Skarmory|Spikes|p1a: Kleavor
|-sidestart|p1: Dxvofauni|Spikes
|
|upkeep
|turn|3
|-enditem|p2a: Skarmory|Custap Berry|[eat]
|-activate|p2a: Skarmory|item: Custap Berry|[consumed]
|
|t:|1758303026
|move|p2a: Skarmory|Brave Bird|p1a: Kleavor
|-damage|p1a: Kleavor|39/100
|-damage|p2a: Skarmory|0 fnt|[from] Recoil
|faint|p2a: Skarmory
|move|p1a: Kleavor|Stone Axe|p2: Skarmory|[notarget]
|-fail|p1a: Kleavor
|
|upkeep
|
|t:|1758303035
|switch|p2a: Gliscor|Gliscor, F|100/100
|-damage|p2a: Gliscor|88/100|[from] Stealth Rock
|turn|4
|
|t:|1758303051
|move|p1a: Kleavor|Stone Axe|p2a: Gliscor
|-damage|p2a: Gliscor|45/100
|move|p2a: Gliscor|Earthquake|p1a: Kleavor
|-damage|p1a: Kleavor|0 fnt
|faint|p1a: Kleavor
|
|-status|p2a: Gliscor|tox|[from] item: Toxic Orb
|upkeep
|inactive|Dxvofauni has 120 seconds left.
|
|t:|1758303072
|switch|p1a: Darkrai|Darkrai|100/100
|-damage|p1a: Darkrai|88/100|[from] Stealth Rock
|-damage|p1a: Darkrai|76/100|[from] Spikes
|turn|5
|
|t:|1758303076
|move|p2a: Gliscor|Protect|p2a: Gliscor
|-singleturn|p2a: Gliscor|Protect
|move|p1a: Darkrai|Ice Beam|p2a: Gliscor
|-activate|p2a: Gliscor|move: Protect
|
|-heal|p2a: Gliscor|58/100 tox|[from] ability: Poison Heal
|upkeep
|turn|6
|
|t:|1758303085
|move|p1a: Darkrai|Ice Beam|p2a: Gliscor
|-supereffective|p2a: Gliscor
|-damage|p2a: Gliscor|0 fnt
|faint|p2a: Gliscor
|-damage|p1a: Darkrai|66/100|[from] item: Life Orb
|
|upkeep
|
|t:|1758303094
|switch|p2a: Weavile|Weavile, M|100/100
|-ability|p2a: Weavile|Pressure
|turn|7
|
|t:|1758303105
|switch|p1a: Toxapex|Toxapex, M|100/100
|move|p2a: Weavile|Swords Dance|p2a: Weavile
|-boost|p2a: Weavile|atk|2
|
|upkeep
|turn|8
|
|t:|1758303117
|move|p2a: Weavile|Swords Dance|p2a: Weavile
|-boost|p2a: Weavile|atk|2
|move|p1a: Toxapex|Toxic|p2a: Weavile
|-status|p2a: Weavile|tox
|
|-damage|p2a: Weavile|94/100 tox|[from] psn
|upkeep
|turn|9
|
|t:|1758303125
|move|p1a: Toxapex|Baneful Bunker|p1a: Toxapex
|-singleturn|p1a: Toxapex|move: Protect
|move|p2a: Weavile|Knock Off|p1a: Toxapex
|-activate|p1a: Toxapex|move: Protect
|
|-damage|p2a: Weavile|82/100 tox|[from] psn
|upkeep
|turn|10
|
|t:|1758303135
|move|p2a: Weavile|Knock Off|p1a: Toxapex
|-damage|p1a: Toxapex|0 fnt
|-enditem|p1a: Toxapex|Heavy-Duty Boots|[from] move: Knock Off|[of] p2a: Weavile
|faint|p1a: Toxapex
|
|-damage|p2a: Weavile|64/100 tox|[from] psn
|upkeep
|
|t:|1758303147
|switch|p1a: Iron Valiant|Iron Valiant|100/100
|-damage|p1a: Iron Valiant|94/100|[from] Stealth Rock
|-damage|p1a: Iron Valiant|82/100|[from] Spikes
|-enditem|p1a: Iron Valiant|Booster Energy
|-activate|p1a: Iron Valiant|ability: Quark Drive|[fromitem]
|-start|p1a: Iron Valiant|quarkdrivespe
|turn|11
|
|t:|1758303151
|move|p2a: Weavile|Ice Shard|p1a: Iron Valiant
|-damage|p1a: Iron Valiant|0 fnt
|faint|p1a: Iron Valiant
|-end|p1a: Iron Valiant|Quark Drive|[silent]
|
|-damage|p2a: Weavile|40/100 tox|[from] psn
|upkeep
|
|t:|1758303160
|switch|p1a: Jirachi|Jirachi|100/100
|-damage|p1a: Jirachi|94/100|[from] Stealth Rock
|-damage|p1a: Jirachi|82/100|[from] Spikes
|turn|12
|
|t:|1758303162
|move|p1a: Jirachi|Iron Head|p2a: Weavile
|-supereffective|p2a: Weavile
|-damage|p2a: Weavile|0 fnt
|faint|p2a: Weavile
|
|upkeep
|
|t:|1758303165
|switch|p2a: Gholdengo|Gholdengo|100/100
|-damage|p2a: Gholdengo|94/100|[from] Stealth Rock
|-item|p2a: Gholdengo|Air Balloon
|turn|13
|
|t:|1758303172
|switch|p1a: Hydrapple|Hydrapple, F|100/100
|move|p2a: Gholdengo|Shadow Ball|p1a: Hydrapple
|-damage|p1a: Hydrapple|63/100
|
|upkeep
|turn|14
|
|t:|1758303180
|move|p2a: Gholdengo|Nasty Plot|p2a: Gholdengo
|-boost|p2a: Gholdengo|spa|2
|move|p1a: Hydrapple|Fickle Beam|p2a: Gholdengo|[anim] Fickle Beam All Out
|-activate|p1a: Hydrapple|move: Fickle Beam
|-resisted|p2a: Gholdengo
|-damage|p2a: Gholdengo|61/100
|-enditem|p2a: Gholdengo|Air Balloon
|
|upkeep
|turn|15
|
|t:|1758303190
|move|p2a: Gholdengo|Recover|p2a: Gholdengo
|-heal|p2a: Gholdengo|100/100
|move|p1a: Hydrapple|Earth Power|p2a: Gholdengo
|-supereffective|p2a: Gholdengo
|-damage|p2a: Gholdengo|56/100
|
|upkeep
|turn|16
|
|t:|1758303198
|move|p2a: Gholdengo|Shadow Ball|p1a: Hydrapple
|-damage|p1a: Hydrapple|0 fnt
|faint|p1a: Hydrapple
|
|upkeep
|
|t:|1758303202
|switch|p1a: Darkrai|Darkrai|66/100
|-damage|p1a: Darkrai|53/100|[from] Stealth Rock
|-damage|p1a: Darkrai|41/100|[from] Spikes
|turn|17
|
|t:|1758303215
|-terastallize|p2a: Gholdengo|Fairy
|move|p1a: Darkrai|Dark Pulse|p2a: Gholdengo
|-resisted|p2a: Gholdengo
|-damage|p2a: Gholdengo|31/100
|-damage|p1a: Darkrai|31/100|[from] item: Life Orb
|cant|p2a: Gholdengo|flinch
|
|upkeep
|turn|18
|c|☆sexybodygod|ope
|
|t:|1758303223
|move|p1a: Darkrai|Sludge Bomb|p2a: Gholdengo
|-supereffective|p2a: Gholdengo
|-damage|p2a: Gholdengo|0 fnt
|faint|p2a: Gholdengo
|-damage|p1a: Darkrai|21/100|[from] item: Life Orb
|
|upkeep
|
|t:|1758303225
|switch|p2a: Meowscarada|Meowscarada, M|100/100
|turn|19
|
|t:|1758303239
|move|p1a: Darkrai|Sludge Bomb|p2a: Meowscarada
|-supereffective|p2a: Meowscarada
|-damage|p2a: Meowscarada|0 fnt
|faint|p2a: Meowscarada
|-damage|p1a: Darkrai|11/100|[from] item: Life Orb
|
|upkeep
|
|t:|1758303241
|switch|p2a: Enamorus|Enamorus, F|100/100
|-damage|p2a: Enamorus|76/100|[from] Stealth Rock
|turn|20
|
|t:|1758303244
|move|p2a: Enamorus|Earth Power|p1a: Darkrai
|-damage|p1a: Darkrai|0 fnt
|faint|p1a: Darkrai
|
|upkeep
|
|t:|1758303246
|switch|p1a: Jirachi|Jirachi|82/100
|-damage|p1a: Jirachi|76/100|[from] Stealth Rock
|-damage|p1a: Jirachi|64/100|[from] Spikes
|turn|21
|
|t:|1758303252
|move|p2a: Enamorus|Earth Power|p1a: Jirachi
|-supereffective|p1a: Jirachi
|-damage|p1a: Jirachi|1/100
|move|p1a: Jirachi|Iron Head|p2a: Enamorus
|-supereffective|p2a: Enamorus
|-damage|p2a: Enamorus|0 fnt
|faint|p2a: Enamorus
|
|win|Dxvofauni
|raw|Dxvofauni's rating: 1334 &rarr; <strong>1354</strong><br />(+20 for winning)
|raw|sexybodygod's rating: 1331 &rarr; <strong>1311</strong><br />(-20 for losing)
|l|☆sexybodygod
|player|p2|
|c|☆Dxvofauni|gg
