|j|☆loki stays
|j|‽v1n001
|t:|1758342685
|gametype|singles
|player|p1|loki stays|acerola|1544
|player|p2|v1n001|1|1548
|gen|9
|tier|[Gen 9] OU
|rated|
|rule|HP Percentage Mod: HP is shown in percentages
|rule|Endless Battle Clause: Forcing endless battles is banned
|rule|Species Clause: Limit one of each Pokémon
|rule|OHKO Clause: OHKO moves are banned
|rule|Evasion Items Clause: Evasion items are banned
|rule|Evasion Moves Clause: Evasion moves are banned
|rule|Evasion Abilities Clause: Evasion abilities are banned
|rule|Sleep Moves Clause: Sleep-inducing moves are banned
|clearpoke
|poke|p1|Alomomola, M|
|poke|p1|Dragalge, M|
|poke|p1|Lokix, F|
|poke|p1|Great Tusk|
|poke|p1|Gholdengo|
|poke|p1|Moltres|
|poke|p2|Raging Bolt|
|poke|p2|Alomomola, F|
|poke|p2|Ting-Lu|
|poke|p2|Weezing-Galar, F|
|poke|p2|Landorus-Therian, M|
|poke|p2|Ogerpon-Wellspring, F|
|teampreview
|inactive|Battle timer is ON: inactive players will automatically lose when time's up. (requested by loki stays)
|inactive|loki stays has 120 seconds left.
|
|t:|1758342739
|teamsize|p1|6
|teamsize|p2|6
|start
|switch|p1a: Moltres|Moltres|100/100
|switch|p2a: Ogerpon|Ogerpon-Wellspring, F|100/100
|turn|1
|
|t:|1758342752
|switch|p1a: Dragalge|Dragalge, M|100/100
|move|p2a: Ogerpon|Ivy Cudgel|p1a: Dragalge|[anim] Ivy Cudgel Water
|-resisted|p1a: Dragalge
|-damage|p1a: Dragalge|63/100
|
|upkeep
|turn|2
|
|t:|1758342771
|switch|p2a: Landorus|Landorus-Therian, M, shiny|100/100
|-ability|p2a: Landorus|Intimidate|boost
|-unboost|p1a: Dragalge|atk|1
|move|p1a: Dragalge|Flip Turn|p2a: Landorus
|-supereffective|p2a: Landorus
|-damage|p2a: Landorus|86/100
|
|t:|1758342783
|switch|p1a: Great Tusk|Great Tusk|100/100|[from] Flip Turn
|
|upkeep
|turn|3
|
|t:|1758342788
|switch|p2a: Alomomola|Alomomola, F, shiny|100/100
|move|p1a: Great Tusk|Ice Spinner|p2a: Alomomola
|-resisted|p2a: Alomomola
|-damage|p2a: Alomomola|92/100
|
|upkeep
|turn|4
|
|t:|1758342796
|-end|p1a: Great Tusk|Protosynthesis|[silent]
|switch|p1a: Dragalge|Dragalge, M|63/100
|move|p2a: Alomomola|Flip Turn|p1a: Dragalge
|-resisted|p1a: Dragalge
|-damage|p1a: Dragalge|54/100
|
|t:|1758342799
|switch|p2a: Landorus|Landorus-Therian, M, shiny|86/100|[from] Flip Turn
|-ability|p2a: Landorus|Intimidate|boost
|-unboost|p1a: Dragalge|atk|1
|
|upkeep
|turn|5
|
|t:|1758342806
|switch|p1a: Moltres|Moltres|100/100
|move|p2a: Landorus|U-turn|p1a: Moltres
|-resisted|p1a: Moltres
|-damage|p1a: Moltres|94/100
|
|t:|1758342808
|switch|p2a: Raging Bolt|Raging Bolt|100/100|[from] U-turn
|
|upkeep
|turn|6
|
|t:|1758342822
|switch|p1a: Dragalge|Dragalge, M|54/100
|move|p2a: Raging Bolt|Draco Meteor|p1a: Dragalge
|-supereffective|p1a: Dragalge
|-damage|p1a: Dragalge|0 fnt
|-unboost|p2a: Raging Bolt|spa|2
|faint|p1a: Dragalge
|
|upkeep
|
|t:|1758342829
|switch|p1a: Lokix|Lokix, F|100/100
|turn|7
|
|t:|1758342840
|-end|p2a: Raging Bolt|Protosynthesis|[silent]
|switch|p2a: Weezing|Weezing-Galar, F, shiny|100/100
|-ability|p2a: Weezing|Neutralizing Gas
|move|p1a: Lokix|Knock Off|p2a: Weezing
|-resisted|p2a: Weezing
|-damage|p2a: Weezing|79/100
|-enditem|p2a: Weezing|Heavy-Duty Boots|[from] move: Knock Off|[of] p1a: Lokix
|
|upkeep
|turn|8
|
|t:|1758342853
|switch|p1a: Gholdengo|Gholdengo|100/100
|-end|p2a: Weezing|ability: Neutralizing Gas
|switch|p2a: Alomomola|Alomomola, F, shiny|100/100
|
|upkeep
|turn|9
|n|‽v1n001|v1n001
|
|t:|1758342863
|move|p1a: Gholdengo|Trick|p2a: Alomomola
|-activate|p1a: Gholdengo|move: Trick|[of] p2a: Alomomola
|-item|p2a: Alomomola|Choice Scarf|[from] move: Trick
|-item|p1a: Gholdengo|Heavy-Duty Boots|[from] move: Trick
|move|p2a: Alomomola|Flip Turn|p1a: Gholdengo
|-damage|p1a: Gholdengo|82/100
|
|t:|1758342867
|switch|p2a: Ogerpon|Ogerpon-Wellspring, F|100/100|[from] Flip Turn
|
|upkeep
|turn|10
|
|t:|1758342883
|move|p2a: Ogerpon|Spikes|p1a: Gholdengo
|-sidestart|p1: loki stays|Spikes
|move|p1a: Gholdengo|Shadow Ball|p2a: Ogerpon
|-damage|p2a: Ogerpon|49/100
|
|upkeep
|turn|11
|
|t:|1758342888
|move|p2a: Ogerpon|U-turn|p1a: Gholdengo
|-resisted|p1a: Gholdengo
|-damage|p1a: Gholdengo|75/100
|
|t:|1758342890
|switch|p2a: Ting-Lu|Ting-Lu|100/100|[from] U-turn
|-ability|p2a: Ting-Lu|Vessel of Ruin
|move|p1a: Gholdengo|Shadow Ball|p2a: Ting-Lu
|-resisted|p2a: Ting-Lu
|-damage|p2a: Ting-Lu|92/100
|
|-heal|p2a: Ting-Lu|98/100|[from] item: Leftovers
|upkeep
|turn|12
|
|t:|1758342895
|switch|p1a: Great Tusk|Great Tusk|100/100
|switch|p2a: Ogerpon|Ogerpon-Wellspring, F|49/100
|
|upkeep
|turn|13
|inactive|loki stays has 120 seconds left.
|
|t:|1758342938
|-end|p1a: Great Tusk|Protosynthesis|[silent]
|switch|p1a: Lokix|Lokix, F|100/100
|-damage|p1a: Lokix|88/100|[from] Spikes
|move|p2a: Ogerpon|Ivy Cudgel|p1a: Lokix|[anim] Ivy Cudgel Water
|-damage|p1a: Lokix|4/100
|
|upkeep
|turn|14
|
|t:|1758342948
|switch|p2a: Landorus|Landorus-Therian, M, shiny|86/100
|-ability|p2a: Landorus|Intimidate|boost
|-unboost|p1a: Lokix|atk|1
|move|p1a: Lokix|Knock Off|p2a: Landorus
|-damage|p2a: Landorus|29/100
|-enditem|p2a: Landorus|Choice Scarf|[from] move: Knock Off|[of] p1a: Lokix
|
|upkeep
|turn|15
|
|t:|1758342960
|switch|p2a: Alomomola|Alomomola, F, shiny|100/100
|switch|p1a: Moltres|Moltres|94/100
|
|upkeep
|turn|16
|
|t:|1758342967
|-terastallize|p1a: Moltres|Fairy
|move|p2a: Alomomola|Wish|p2a: Alomomola
|move|p1a: Moltres|Roar|p2a: Alomomola
|drag|p2a: Weezing|Weezing-Galar, F, shiny|79/100
|-ability|p2a: Weezing|Neutralizing Gas
|
|upkeep
|turn|17
|inactive|loki stays has 120 seconds left.
|
|t:|1758342976
|move|p1a: Moltres|U-turn|p2a: Weezing
|-resisted|p2a: Weezing
|-damage|p2a: Weezing|77/100
|
|t:|1758342978
|switch|p1a: Lokix|Lokix, F|4/100|[from] U-turn
|-damage|p1a: Lokix|0 fnt|[from] Spikes
|faint|p1a: Lokix
|move|p2a: Weezing|Sludge Bomb|p1: Lokix|[notarget]
|-fail|p2a: Weezing
|
|-heal|p2a: Weezing|100/100|[from] move: Wish|[wisher] Alomomola
|upkeep
|
|t:|1758342982
|switch|p1a: Great Tusk|Great Tusk|100/100
|turn|18
|
|t:|1758342986
|move|p1a: Great Tusk|Rapid Spin|p2a: Weezing
|-damage|p2a: Weezing|89/100
|-boost|p1a: Great Tusk|spe|1
|-sideend|p1: loki stays|Spikes|[from] move: Rapid Spin|[of] p1a: Great Tusk
|move|p2a: Weezing|Will-O-Wisp|p1a: Great Tusk
|-status|p1a: Great Tusk|brn
|
|-damage|p1a: Great Tusk|94/100 brn|[from] brn
|upkeep
|turn|19
|
|t:|1758342988
|-end|p2a: Weezing|ability: Neutralizing Gas
|switch|p2a: Alomomola|Alomomola, F, shiny|100/100
|move|p1a: Great Tusk|Headlong Rush|p2a: Alomomola
|-damage|p2a: Alomomola|80/100
|-unboost|p1a: Great Tusk|def|1
|-unboost|p1a: Great Tusk|spd|1
|
|-damage|p1a: Great Tusk|88/100 brn|[from] brn
|upkeep
|turn|20
|
|t:|1758342995
|-end|p1a: Great Tusk|Protosynthesis|[silent]
|switch|p1a: Alomomola|Alomomola, M|100/100
|move|p2a: Alomomola|Wish|p2a: Alomomola
|
|upkeep
|turn|21
|
|t:|1758343001
|switch|p2a: Ogerpon|Ogerpon-Wellspring, F|49/100
|move|p1a: Alomomola|Body Slam|p2a: Ogerpon
|-damage|p2a: Ogerpon|29/100
|
|-heal|p2a: Ogerpon|100/100|[from] move: Wish|[wisher] Alomomola
|upkeep
|turn|22
|
|t:|1758343003
|move|p2a: Ogerpon|Spikes|p1a: Alomomola
|-sidestart|p1: loki stays|Spikes
|move|p1a: Alomomola|Body Slam|p2a: Ogerpon
|-damage|p2a: Ogerpon|81/100
|
|upkeep
|turn|23
|
|t:|1758343008
|switch|p1a: Moltres|Moltres, tera:Fairy|94/100
|move|p2a: Ogerpon|Knock Off|p1a: Moltres
|-resisted|p1a: Moltres
|-damage|p1a: Moltres|75/100
|-status|p2a: Ogerpon|brn|[from] ability: Flame Body|[of] p1a: Moltres
|-enditem|p1a: Moltres|Heavy-Duty Boots|[from] move: Knock Off|[of] p2a: Ogerpon
|
|-damage|p2a: Ogerpon|75/100 brn|[from] brn
|upkeep
|turn|24
|
|t:|1758343015
|move|p2a: Ogerpon|Spikes|p1a: Moltres
|-sidestart|p1: loki stays|Spikes
|move|p1a: Moltres|U-turn|p2a: Ogerpon
|-supereffective|p2a: Ogerpon
|-damage|p2a: Ogerpon|38/100 brn
|
|t:|1758343028
|switch|p1a: Alomomola|Alomomola, M|100/100|[from] U-turn
|-damage|p1a: Alomomola|84/100|[from] Spikes
|
|-damage|p2a: Ogerpon|32/100 brn|[from] brn
|upkeep
|turn|25
|
|t:|1758343033
|move|p2a: Ogerpon|Spikes|p1a: Alomomola
|-sidestart|p1: loki stays|Spikes
|move|p1a: Alomomola|Body Slam|p2a: Ogerpon
|-damage|p2a: Ogerpon|11/100 brn
|
|-damage|p2a: Ogerpon|5/100 brn|[from] brn
|upkeep
|turn|26
|
|t:|1758343037
|switch|p2a: Raging Bolt|Raging Bolt|100/100
|move|p1a: Alomomola|Body Slam|p2a: Raging Bolt
|-damage|p2a: Raging Bolt|86/100
|
|upkeep
|turn|27
|
|t:|1758343045
|move|p2a: Raging Bolt|Draco Meteor|p1a: Alomomola
|-damage|p1a: Alomomola|22/100
|-unboost|p2a: Raging Bolt|spa|2
|move|p1a: Alomomola|Mirror Coat|p2a: Raging Bolt
|-damage|p2a: Raging Bolt|0 fnt
|faint|p2a: Raging Bolt
|-end|p2a: Raging Bolt|Protosynthesis|[silent]
|
|upkeep
|
|t:|1758343050
|switch|p2a: Landorus|Landorus-Therian, M, shiny|29/100
|-ability|p2a: Landorus|Intimidate|boost
|-unboost|p1a: Alomomola|atk|1
|turn|28
|
|t:|1758343054
|switch|p1a: Great Tusk|Great Tusk|88/100 brn
|move|p2a: Landorus|Earthquake|p1a: Great Tusk
|-damage|p1a: Great Tusk|48/100 brn
|
|-damage|p1a: Great Tusk|42/100 brn|[from] brn
|upkeep
|turn|29
|
|t:|1758343058
|-terastallize|p2a: Landorus|Ground
|move|p2a: Landorus|Earthquake|p1a: Great Tusk
|-damage|p1a: Great Tusk|0 fnt
|faint|p1a: Great Tusk
|-end|p1a: Great Tusk|Protosynthesis|[silent]
|
|upkeep
|
|t:|1758343064
|switch|p1a: Moltres|Moltres, tera:Fairy|75/100
|-damage|p1a: Moltres|50/100|[from] Spikes
|turn|30
|
|t:|1758343068
|move|p2a: Landorus|Earthquake|p1a: Moltres
|-damage|p1a: Moltres|0 fnt
|faint|p1a: Moltres
|
|upkeep
|-message|loki stays forfeited.
|
|win|v1n001
|raw|loki stays's rating: 1544 &rarr; <strong>1524</strong><br />(-20 for losing)
|raw|v1n001's rating: 1548 &rarr; <strong>1568</strong><br />(+20 for winning)
|l|☆loki stays
|player|p1|
|l|‽v1n001
|player|p2|
