|j|☆ntp69
|j|☆MAZiATi
|t:|1758247735
|gametype|singles
|player|p1|ntp69|266|1059
|player|p2|MAZiATi|leaf-gen3|1055
|gen|9
|tier|[Gen 9] OU
|rated|
|rule|HP Percentage Mod: HP is shown in percentages
|rule|Endless Battle Clause: Forcing endless battles is banned
|rule|Species Clause: Limit one of each Pokémon
|rule|OHKO Clause: OHKO moves are banned
|rule|Evasion Items Clause: Evasion items are banned
|rule|Evasion Moves Clause: Evasion moves are banned
|rule|Evasion Abilities Clause: Evasion abilities are banned
|rule|Sleep Moves Clause: Sleep-inducing moves are banned
|clearpoke
|poke|p1|Sylveon, M|
|poke|p1|Blaziken, M|
|poke|p1|Forretress, M|
|poke|p1|Milotic, F|
|poke|p1|Kingambit, M|
|poke|p1|Lokix, F|
|poke|p2|Flareon, F|
|poke|p2|Infernape, F|
|poke|p2|Weavile, M|
|poke|p2|Espeon, F|
|poke|p2|Torkoal, M|
|poke|p2|Lilligant-Hisui, F|
|teampreview
|inactive|Battle timer is ON: inactive players will automatically lose when time's up. (requested by ntp69)
|
|t:|1758247754
|teamsize|p1|6
|teamsize|p2|6
|start
|switch|p1a: Blaziken|Blaziken, M, shiny|100/100
|switch|p2a: Torkoal|Torkoal, M|100/100
|-weather|SunnyDay|[from] ability: Drought|[of] p2a: Torkoal
|turn|1
|
|t:|1758247762
|move|p1a: Blaziken|Focus Energy|p1a: Blaziken
|-start|p1a: Blaziken|move: Focus Energy
|move|p2a: Torkoal|Stealth Rock|p1a: Blaziken
|-sidestart|p1: ntp69|move: Stealth Rock
|
|-weather|SunnyDay|[upkeep]
|-ability|p1a: Blaziken|Speed Boost|boost
|-boost|p1a: Blaziken|spe|1
|upkeep
|turn|2
|
|t:|1758247773
|move|p1a: Blaziken|Close Combat|p2a: Torkoal
|-crit|p2a: Torkoal
|-damage|p2a: Torkoal|41/100
|-unboost|p1a: Blaziken|def|1
|-unboost|p1a: Blaziken|spd|1
|move|p2a: Torkoal|Clear Smog|p1a: Blaziken
|-damage|p1a: Blaziken|77/100
|-clearboost|p1a: Blaziken
|
|-weather|SunnyDay|[upkeep]
|-ability|p1a: Blaziken|Speed Boost|boost
|-boost|p1a: Blaziken|spe|1
|upkeep
|turn|3
|inactive|MAZiATi has 120 seconds left.
|
|t:|1758247811
|switch|p2a: Espeon|Espeon, F|100/100
|move|p1a: Blaziken|Close Combat|p2a: Espeon
|-resisted|p2a: Espeon
|-crit|p2a: Espeon
|-damage|p2a: Espeon|11/100
|-unboost|p1a: Blaziken|def|1
|-unboost|p1a: Blaziken|spd|1
|
|-weather|SunnyDay|[upkeep]
|-heal|p2a: Espeon|17/100|[from] item: Leftovers
|-ability|p1a: Blaziken|Speed Boost|boost
|-boost|p1a: Blaziken|spe|1
|upkeep
|turn|4
|inactive|MAZiATi has 120 seconds left.
|inactive|ntp69 has 120 seconds left.
|inactive|MAZiATi has 90 seconds left.
|
|t:|1758247855
|-terastallize|p2a: Espeon|Fairy
|move|p1a: Blaziken|Close Combat|p2a: Espeon
|-resisted|p2a: Espeon
|-crit|p2a: Espeon
|-damage|p2a: Espeon|0 fnt
|-unboost|p1a: Blaziken|def|1
|-unboost|p1a: Blaziken|spd|1
|faint|p2a: Espeon
|
|-weather|SunnyDay|[upkeep]
|-ability|p1a: Blaziken|Speed Boost|boost
|-boost|p1a: Blaziken|spe|1
|upkeep
|inactive|MAZiATi has 90 seconds left.
|inactive|MAZiATi has 60 seconds left.
|
|t:|1758247898
|switch|p2a: Infernape|Infernape, F|100/100
|-item|p2a: Infernape|Air Balloon
|turn|5
|inactive|MAZiATi has 60 seconds left.
|c|☆ntp69|lets see if dis hits
|
|t:|1758247915
|-terastallize|p1a: Blaziken|Fire
|move|p2a: Infernape|Mach Punch|p1a: Blaziken
|-damage|p1a: Blaziken|1/100
|move|p1a: Blaziken|Overheat|p2a: Infernape
|-resisted|p2a: Infernape
|-crit|p2a: Infernape
|-damage|p2a: Infernape|0 fnt
|-unboost|p1a: Blaziken|spa|2
|-enditem|p2a: Infernape|Air Balloon
|faint|p2a: Infernape
|
|-weather|SunnyDay|[upkeep]
|-ability|p1a: Blaziken|Speed Boost|boost
|-boost|p1a: Blaziken|spe|1
|upkeep
|c|☆ntp69|it might not
|c|☆ntp69|that hit ngl
|inactive|MAZiATi has 30 seconds left.
|
|t:|1758247947
|switch|p2a: Lilligant|Lilligant-Hisui, F|100/100
|turn|6
|
|t:|1758247952
|move|p2a: Lilligant|Solar Blade||[still]
|-prepare|p2a: Lilligant|Solar Blade
|-anim|p2a: Lilligant|Solar Blade|p1a: Blaziken
|-resisted|p1a: Blaziken
|-damage|p1a: Blaziken|0 fnt
|faint|p1a: Blaziken
|-damage|p2a: Lilligant|91/100|[from] item: Life Orb
|
|-weather|SunnyDay|[upkeep]
|upkeep
|
|t:|1758247959
|switch|p1a: Lokix|Lokix, F|100/100
|-damage|p1a: Lokix|76/100|[from] Stealth Rock
|turn|7
|
|t:|1758247975
|move|p1a: Lokix|First Impression|p2a: Lilligant
|-damage|p2a: Lilligant|0 fnt
|faint|p2a: Lilligant
|
|-weather|SunnyDay|[upkeep]
|upkeep
|inactive|MAZiATi has 30 seconds left.
|inactive|MAZiATi has 20 seconds left.
|
|t:|1758247998
|switch|p2a: Weavile|Weavile, M|100/100
|-ability|p2a: Weavile|Pressure
|turn|8
|inactive|MAZiATi has 30 seconds left this turn.
|
|t:|1758248005
|move|p1a: Lokix|First Impression||[still]
|-hint|First Impression only works on your first turn out.
|-fail|p1a: Lokix
|move|p2a: Weavile|Triple Axel|p1a: Lokix
|-damage|p1a: Lokix|55/100
|-damage|p1a: Lokix|13/100
|-damage|p1a: Lokix|0 fnt
|faint|p1a: Lokix
|-hitcount|p1: Lokix|3
|
|-weather|none
|upkeep
|
|t:|1758248017
|switch|p1a: Milotic|Milotic, F|100/100
|-damage|p1a: Milotic|88/100|[from] Stealth Rock
|turn|9
|
|t:|1758248022
|move|p2a: Weavile|Triple Axel|p1a: Milotic|[miss]
|-miss|p2a: Weavile|p1a: Milotic
|move|p1a: Milotic|Scald|p2a: Weavile
|-damage|p2a: Weavile|64/100
|
|-status|p1a: Milotic|brn|[from] item: Flame Orb
|upkeep
|turn|10
|
|t:|1758248033
|switch|p2a: Torkoal|Torkoal, M|41/100
|-weather|SunnyDay|[from] ability: Drought|[of] p2a: Torkoal
|move|p1a: Milotic|Scald|p2a: Torkoal
|-supereffective|p2a: Torkoal
|-damage|p2a: Torkoal|10/100
|
|-weather|SunnyDay|[upkeep]
|-damage|p1a: Milotic|82/100 brn|[from] brn
|upkeep
|turn|11
|inactive|MAZiATi has 30 seconds left.
|
|t:|1758248050
|switch|p2a: Flareon|Flareon, F|100/100
|move|p1a: Milotic|Scald|p2a: Flareon
|-supereffective|p2a: Flareon
|-damage|p2a: Flareon|77/100
|
|-weather|SunnyDay|[upkeep]
|-damage|p1a: Milotic|76/100 brn|[from] brn
|-status|p2a: Flareon|tox|[from] item: Toxic Orb
|upkeep
|turn|12
|inactive|MAZiATi has 30 seconds left.
|
|t:|1758248062
|move|p1a: Milotic|Scald|p2a: Flareon
|-supereffective|p2a: Flareon
|-damage|p2a: Flareon|53/100 tox
|move|p2a: Flareon|Trailblaze|p1a: Milotic
|-supereffective|p1a: Milotic
|-damage|p1a: Milotic|40/100 brn
|-boost|p2a: Flareon|spe|1
|
|-weather|SunnyDay|[upkeep]
|-damage|p2a: Flareon|47/100 tox|[from] psn
|-damage|p1a: Milotic|34/100 brn|[from] brn
|upkeep
|turn|13
|inactive|MAZiATi has 30 seconds left.
|
|t:|1758248074
|move|p2a: Flareon|Trailblaze|p1a: Milotic
|-supereffective|p1a: Milotic
|-damage|p1a: Milotic|0 fnt
|-boost|p2a: Flareon|spe|1
|faint|p1a: Milotic
|
|-weather|SunnyDay|[upkeep]
|-damage|p2a: Flareon|35/100 tox|[from] psn
|upkeep
|
|t:|1758248079
|switch|p1a: Forretress|Forretress, M|100/100
|turn|14
|inactive|ntp69 has 120 seconds left.
|
|t:|1758248124
|move|p2a: Flareon|Flare Blitz|p1a: Forretress
|-supereffective|p1a: Forretress
|-ability|p1a: Forretress|Sturdy
|-damage|p1a: Forretress|1/100
|-status|p1a: Forretress|brn
|-damage|p2a: Flareon|0 fnt|[from] Recoil
|faint|p2a: Flareon
|move|p1a: Forretress|Gyro Ball|p2: Flareon|[notarget]
|-fail|p1a: Forretress
|
|-weather|SunnyDay|[upkeep]
|-damage|p1a: Forretress|0 fnt|[from] brn
|faint|p1a: Forretress
|upkeep
|inactive|MAZiATi has 30 seconds left.
|inactive|MAZiATi has 20 seconds left.
|inactive|MAZiATi has 15 seconds left.
|inactive|MAZiATi has 10 seconds left.
|
|t:|1758248157
|switch|p2a: Torkoal|Torkoal, M|10/100
|switch|p1a: Sylveon|Sylveon, M, shiny|100/100
|-damage|p1a: Sylveon|88/100|[from] Stealth Rock
|turn|15
|inactive|MAZiATi has 20 seconds left this turn.
|inactive|MAZiATi has 15 seconds left.
|inactive|MAZiATi has 10 seconds left.
|
|t:|1758248170
|move|p1a: Sylveon|Draining Kiss|p2a: Torkoal
|-resisted|p2a: Torkoal
|-damage|p2a: Torkoal|0 fnt
|-heal|p1a: Sylveon|93/100|[from] drain|[of] p2a: Torkoal
|faint|p2a: Torkoal
|
|-weather|SunnyDay|[upkeep]
|upkeep
|inactive|MAZiATi has 15 seconds left this turn.
|inactive|MAZiATi has 10 seconds left.
|
|t:|1758248177
|switch|p2a: Weavile|Weavile, M|64/100
|-ability|p2a: Weavile|Pressure
|turn|16
|inactive|MAZiATi has 20 seconds left this turn.
|
|t:|1758248181
|move|p2a: Weavile|Triple Axel|p1a: Sylveon
|-damage|p1a: Sylveon|75/100
|-damage|p1a: Sylveon|38/100
|-hitcount|p1a: Sylveon|2
|move|p1a: Sylveon|Draining Kiss|p2a: Weavile
|-supereffective|p2a: Weavile
|-damage|p2a: Weavile|0 fnt
|-heal|p1a: Sylveon|72/100|[from] drain|[of] p2a: Weavile
|faint|p2a: Weavile
|
|win|ntp69
|raw|ntp69's rating: 1059 &rarr; <strong>1090</strong><br />(+31 for winning)
|raw|MAZiATi's rating: 1055 &rarr; <strong>1037</strong><br />(-18 for losing)
|l|☆ntp69
|player|p1|
