|j|☆BigJulius
|j|☆tz142174606
|t:|1758353389
|gametype|singles
|player|p1|BigJulius|1|1228
|player|p2|tz142174606|crasherwake|1227
|gen|9
|tier|[Gen 9] OU
|rated|
|rule|HP Percentage Mod: HP is shown in percentages
|rule|Endless Battle Clause: Forcing endless battles is banned
|rule|Species Clause: Limit one of each Pokémon
|rule|OHKO Clause: OHKO moves are banned
|rule|Evasion Items Clause: Evasion items are banned
|rule|Evasion Moves Clause: Evasion moves are banned
|rule|Evasion Abilities Clause: Evasion abilities are banned
|rule|Sleep Moves Clause: Sleep-inducing moves are banned
|clearpoke
|poke|p1|Landorus-Therian, M|
|poke|p1|Slowking, F|
|poke|p1|Skeledirge, M|
|poke|p1|Ninetales-Alola, F|
|poke|p1|Kingambit, F|
|poke|p1|Beartic, M|
|poke|p2|Zapdos|
|poke|p2|Pelipper, F|
|poke|p2|Kingdra, M|
|poke|p2|Scizor, M|
|poke|p2|Chansey, F|
|poke|p2|Serperior, M|
|teampreview
|inactive|Battle timer is ON: inactive players will automatically lose when time's up. (requested by BigJulius)
|
|t:|1758353409
|teamsize|p1|6
|teamsize|p2|6
|start
|switch|p1a: Landorus|Landorus-Therian, M|100/100
|switch|p2a: Zapdos|Zapdos, shiny|100/100
|-ability|p1a: Landorus|Intimidate|boost
|-unboost|p2a: Zapdos|atk|1
|turn|1
|
|t:|1758353416
|switch|p2a: Pelipper|Pelipper, F, shiny|100/100
|-weather|RainDance|[from] ability: Drizzle|[of] p2a: Pelipper
|move|p1a: Landorus|Rock Slide|p2a: Pelipper
|-supereffective|p2a: Pelipper
|-damage|p2a: Pelipper|50/100
|
|-weather|RainDance|[upkeep]
|upkeep
|turn|2
|
|t:|1758353425
|switch|p1a: Ninetales|Ninetales-Alola, F|100/100
|-weather|Snowscape|[from] ability: Snow Warning|[of] p1a: Ninetales
|switch|p2a: Serperior|Serperior, M|100/100
|
|-weather|Snowscape|[upkeep]
|upkeep
|turn|3
|
|t:|1758353433
|switch|p2a: Pelipper|Pelipper, F, shiny|50/100
|-weather|RainDance|[from] ability: Drizzle|[of] p2a: Pelipper
|move|p1a: Ninetales|Aurora Veil||[still]
|-fail|p1a: Ninetales
|
|-weather|RainDance|[upkeep]
|upkeep
|turn|4
|
|t:|1758353441
|move|p1a: Ninetales|Freeze-Dry|p2a: Pelipper
|-supereffective|p2a: Pelipper
|-damage|p2a: Pelipper|0 fnt
|faint|p2a: Pelipper
|
|-weather|RainDance|[upkeep]
|upkeep
|
|t:|1758353446
|switch|p2a: Kingdra|Kingdra, M, shiny|100/100
|turn|5
|
|t:|1758353458
|switch|p1a: Slowking|Slowking, F|100/100
|move|p2a: Kingdra|Surf|p1a: Slowking
|-resisted|p1a: Slowking
|-damage|p1a: Slowking|74/100
|-enditem|p1a: Slowking|Red Card|[of] p2a: Kingdra
|drag|p2a: Zapdos|Zapdos, shiny|100/100
|
|-weather|RainDance|[upkeep]
|upkeep
|turn|6
|
|t:|1758353472
|move|p2a: Zapdos|Weather Ball|p1a: Slowking
|-resisted|p1a: Slowking
|-damage|p1a: Slowking|58/100
|-prepare|p1a: Slowking|Chilly Reception|[premajor]
|move|p1a: Slowking|Chilly Reception|p1a: Slowking
|-weather|Snowscape
|
|t:|1758353480
|switch|p1a: Beartic|Beartic, M|100/100|[from] Chilly Reception
|
|-weather|Snowscape|[upkeep]
|upkeep
|turn|7
|
|t:|1758353486
|switch|p2a: Scizor|Scizor, M, shiny|100/100
|move|p1a: Beartic|Swords Dance|p1a: Beartic
|-boost|p1a: Beartic|atk|2
|
|-weather|Snowscape|[upkeep]
|upkeep
|turn|8
|
|t:|1758353497
|switch|p1a: Skeledirge|Skeledirge, M|100/100
|move|p2a: Scizor|Close Combat|p1a: Skeledirge
|-immune|p1a: Skeledirge
|
|-weather|Snowscape|[upkeep]
|upkeep
|turn|9
|
|t:|1758353507
|switch|p2a: Kingdra|Kingdra, M, shiny|100/100
|move|p1a: Skeledirge|Will-O-Wisp|p2a: Kingdra
|-status|p2a: Kingdra|brn
|
|-weather|Snowscape|[upkeep]
|-damage|p2a: Kingdra|94/100 brn|[from] brn
|upkeep
|turn|10
|
|t:|1758353518
|switch|p1a: Slowking|Slowking, F|58/100
|move|p2a: Kingdra|Draco Meteor|p1a: Slowking
|-damage|p1a: Slowking|2/100
|-unboost|p2a: Kingdra|spa|2
|
|-weather|none
|-damage|p2a: Kingdra|88/100 brn|[from] brn
|upkeep
|turn|11
|
|t:|1758353528
|switch|p1a: Ninetales|Ninetales-Alola, F|100/100
|-weather|Snowscape|[from] ability: Snow Warning|[of] p1a: Ninetales
|move|p2a: Kingdra|Draco Meteor|p1a: Ninetales
|-immune|p1a: Ninetales
|
|-weather|Snowscape|[upkeep]
|-damage|p2a: Kingdra|82/100 brn|[from] brn
|upkeep
|turn|12
|
|t:|1758353539
|switch|p2a: Chansey|Chansey, F, shiny|100/100
|move|p1a: Ninetales|Aurora Veil|p1a: Ninetales
|-sidestart|p1: BigJulius|move: Aurora Veil
|
|-weather|Snowscape|[upkeep]
|upkeep
|turn|13
|
|t:|1758353555
|switch|p1a: Kingambit|Kingambit, F|100/100
|-item|p1a: Kingambit|Air Balloon
|move|p2a: Chansey|Stealth Rock|p1a: Kingambit
|-sidestart|p1: BigJulius|move: Stealth Rock
|
|-weather|Snowscape|[upkeep]
|upkeep
|turn|14
|
|t:|1758353568
|switch|p2a: Zapdos|Zapdos, shiny|100/100
|move|p1a: Kingambit|Swords Dance|p1a: Kingambit
|-boost|p1a: Kingambit|atk|2
|
|-weather|Snowscape|[upkeep]
|upkeep
|turn|15
|
|t:|1758353579
|move|p2a: Zapdos|Volt Switch|p1a: Kingambit
|-damage|p1a: Kingambit|80/100
|-enditem|p1a: Kingambit|Air Balloon
|
|t:|1758353585
|switch|p2a: Scizor|Scizor, M, shiny|100/100|[from] Volt Switch
|move|p1a: Kingambit|Swords Dance|p1a: Kingambit
|-boost|p1a: Kingambit|atk|2
|
|-weather|none
|upkeep
|turn|16
|
|t:|1758353592
|move|p2a: Scizor|Close Combat|p1a: Kingambit
|-supereffective|p1a: Kingambit
|-damage|p1a: Kingambit|15/100
|-unboost|p2a: Scizor|def|1
|-unboost|p2a: Scizor|spd|1
|move|p1a: Kingambit|Iron Head|p2a: Scizor
|-resisted|p2a: Scizor
|-crit|p2a: Scizor
|-damage|p2a: Scizor|0 fnt
|faint|p2a: Scizor
|
|upkeep
|
|t:|1758353602
|switch|p2a: Zapdos|Zapdos, shiny|100/100
|turn|17
|
|t:|1758353606
|move|p1a: Kingambit|Sucker Punch|p2a: Zapdos
|-damage|p2a: Zapdos|0 fnt
|faint|p2a: Zapdos
|
|upkeep
|
|t:|1758353610
|switch|p2a: Serperior|Serperior, M|100/100
|turn|18
|
|t:|1758353614
|move|p1a: Kingambit|Sucker Punch||[still]
|-fail|p1a: Kingambit
|move|p2a: Serperior|Substitute|p2a: Serperior
|-start|p2a: Serperior|Substitute
|-damage|p2a: Serperior|75/100
|
|-heal|p2a: Serperior|82/100|[from] item: Leftovers
|upkeep
|turn|19
|
|t:|1758353621
|move|p2a: Serperior|Leaf Storm|p1a: Kingambit
|-resisted|p1a: Kingambit
|-damage|p1a: Kingambit|3/100
|-boost|p2a: Serperior|spa|2
|move|p1a: Kingambit|Iron Head|p2a: Serperior
|-end|p2a: Serperior|Substitute
|
|-heal|p2a: Serperior|88/100|[from] item: Leftovers
|-sideend|p1: BigJulius|move: Aurora Veil
|upkeep
|turn|20
|
|t:|1758353630
|move|p2a: Serperior|Substitute|p2a: Serperior
|-start|p2a: Serperior|Substitute
|-damage|p2a: Serperior|63/100
|move|p1a: Kingambit|Iron Head|p2a: Serperior
|-end|p2a: Serperior|Substitute
|
|-heal|p2a: Serperior|69/100|[from] item: Leftovers
|upkeep
|turn|21
|
|t:|1758353637
|move|p1a: Kingambit|Sucker Punch||[still]
|-fail|p1a: Kingambit
|move|p2a: Serperior|Substitute|p2a: Serperior
|-start|p2a: Serperior|Substitute
|-damage|p2a: Serperior|44/100
|
|-heal|p2a: Serperior|50/100|[from] item: Leftovers
|upkeep
|turn|22
|
|t:|1758353646
|move|p1a: Kingambit|Sucker Punch|p2a: Serperior
|-end|p2a: Serperior|Substitute
|move|p2a: Serperior|Leaf Storm|p1a: Kingambit
|-resisted|p1a: Kingambit
|-damage|p1a: Kingambit|0 fnt
|-boost|p2a: Serperior|spa|2
|faint|p1a: Kingambit
|-end|p1a: Kingambit|fallenundefined|[silent]
|
|-heal|p2a: Serperior|56/100|[from] item: Leftovers
|upkeep
|
|t:|1758353653
|switch|p1a: Landorus|Landorus-Therian, M|100/100
|-damage|p1a: Landorus|88/100|[from] Stealth Rock
|-ability|p1a: Landorus|Intimidate|boost
|-boost|p2a: Serperior|atk|1
|turn|23
|
|t:|1758353661
|move|p1a: Landorus|U-turn|p2a: Serperior
|-supereffective|p2a: Serperior
|-damage|p2a: Serperior|0 fnt
|faint|p2a: Serperior
|-message|tz142174606 forfeited.
|
|win|BigJulius
|raw|BigJulius's rating: 1228 &rarr; <strong>1253</strong><br />(+25 for winning)
|raw|tz142174606's rating: 1227 &rarr; <strong>1202</strong><br />(-25 for losing)
|l|☆tz142174606
|player|p2|
|l|☆BigJulius
|player|p1|
