|j|☆sosseskalman
|j|☆Jinghan Yu
|t:|1758360326
|gametype|singles
|player|p1|sosseskalman|policeman-gen4|1207
|player|p2|Jinghan Yu|nate|1180
|gen|9
|tier|[Gen 9] OU
|rated|
|rule|HP Percentage Mod: HP is shown in percentages
|rule|Endless Battle Clause: Forcing endless battles is banned
|rule|Species Clause: Limit one of each Pokémon
|rule|OHKO Clause: OHKO moves are banned
|rule|Evasion Items Clause: Evasion items are banned
|rule|Evasion Moves Clause: Evasion moves are banned
|rule|Evasion Abilities Clause: Evasion abilities are banned
|rule|Sleep Moves Clause: Sleep-inducing moves are banned
|clearpoke
|poke|p1|Bellibolt, M|
|poke|p1|Quaquaval, M|
|poke|p1|Dragonite, M|
|poke|p1|Iron Treads|
|poke|p1|Barraskewda, F|
|poke|p1|Pelipper, M|
|poke|p2|Scizor, M|
|poke|p2|Tyranitar, M|
|poke|p2|Garchomp, M|
|poke|p2|Gyarados, M|
|poke|p2|Gengar, M|
|poke|p2|Excadrill, M|
|teampreview
|inactive|Battle timer is ON: inactive players will automatically lose when time's up. (requested by sosseskalman)
|c|☆sosseskalman|is this your gen five team
|
|t:|1758360356
|teamsize|p1|6
|teamsize|p2|6
|start
|switch|p1a: Zesty chicken|Quaquaval, M|100/100
|switch|p2a: Nasim|Gengar, M|100/100
|turn|1
|
|t:|1758360361
|move|p1a: Zesty chicken|Knock Off|p2a: Nasim
|-supereffective|p2a: Nasim
|-damage|p2a: Nasim|0 fnt
|-enditem|p2a: Nasim|Salac Berry|[from] move: Knock Off|[of] p1a: Zesty chicken
|faint|p2a: Nasim
|-ability|p1a: Zesty chicken|Moxie|boost
|-boost|p1a: Zesty chicken|atk|1
|
|upkeep
|
|t:|1758360371
|switch|p2a: Mangus|Garchomp, M, shiny|100/100
|turn|2
|
|t:|1758360376
|move|p1a: Zesty chicken|Knock Off|p2a: Mangus
|-damage|p2a: Mangus|53/100
|-damage|p1a: Zesty chicken|88/100|[from] ability: Rough Skin|[of] p2a: Mangus
|-damage|p1a: Zesty chicken|72/100|[from] item: Rocky Helmet|[of] p2a: Mangus
|-enditem|p2a: Mangus|Rocky Helmet|[from] move: Knock Off|[of] p1a: Zesty chicken
|move|p2a: Mangus|Swords Dance|p2a: Mangus
|-boost|p2a: Mangus|atk|2
|
|upkeep
|turn|3
|
|t:|1758360390
|switch|p1a: NIGEL|Pelipper, M|100/100
|-weather|RainDance|[from] ability: Drizzle|[of] p1a: NIGEL
|move|p2a: Mangus|Scale Shot|p1a: NIGEL
|-damage|p1a: NIGEL|78/100
|-damage|p1a: NIGEL|54/100
|-hitcount|p1a: NIGEL|2
|-unboost|p2a: Mangus|def|1
|-boost|p2a: Mangus|spe|1
|
|-weather|RainDance|[upkeep]
|upkeep
|turn|4
|
|t:|1758360399
|move|p2a: Mangus|Scale Shot|p1a: NIGEL
|-damage|p1a: NIGEL|32/100
|-damage|p1a: NIGEL|11/100
|-damage|p1a: NIGEL|0 fnt
|faint|p1a: NIGEL
|-hitcount|p1: NIGEL|3
|-unboost|p2a: Mangus|def|1
|-boost|p2a: Mangus|spe|1
|
|-weather|RainDance|[upkeep]
|upkeep
|
|t:|1758360409
|switch|p1a: SUSHI|Barraskewda, F|100/100
|turn|5
|
|t:|1758360420
|move|p1a: SUSHI|Flip Turn|p2a: Mangus
|-damage|p2a: Mangus|0 fnt
|-damage|p1a: SUSHI|88/100|[from] ability: Rough Skin|[of] p2a: Mangus
|faint|p2a: Mangus
|
|t:|1758360426
|switch|p1a: BIRD KILLER|Bellibolt, M|100/100|[from] Flip Turn
|
|-weather|RainDance|[upkeep]
|upkeep
|
|t:|1758360429
|switch|p2a: Timothy|Tyranitar, M|100/100
|-weather|Sandstorm|[from] ability: Sand Stream|[of] p2a: Timothy
|turn|6
|
|t:|1758360437
|switch|p1a: ELON TUSK|Iron Treads|100/100
|move|p2a: Timothy|Stealth Rock|p1a: ELON TUSK
|-sidestart|p1: sosseskalman|move: Stealth Rock
|
|-weather|Sandstorm|[upkeep]
|upkeep
|turn|7
|
|t:|1758360448
|switch|p2a: Emmett|Excadrill, M|100/100
|-item|p2a: Emmett|Air Balloon
|move|p1a: ELON TUSK|Rapid Spin|p2a: Emmett
|-resisted|p2a: Emmett
|-damage|p2a: Emmett|92/100
|-boost|p1a: ELON TUSK|spe|1
|-enditem|p2a: Emmett|Air Balloon
|-sideend|p1: sosseskalman|Stealth Rock|[from] move: Rapid Spin|[of] p1a: ELON TUSK
|
|-weather|Sandstorm|[upkeep]
|upkeep
|turn|8
|
|t:|1758360455
|move|p2a: Emmett|Earthquake|p1a: ELON TUSK
|-supereffective|p1a: ELON TUSK
|-damage|p1a: ELON TUSK|17/100
|-enditem|p1a: ELON TUSK|Eject Button
|
|t:|1758360469
|-end|p1a: ELON TUSK|Quark Drive|[silent]
|switch|p1a: THE MAILMAN|Dragonite, M|100/100
|
|-weather|Sandstorm|[upkeep]
|-damage|p1a: THE MAILMAN|94/100|[from] Sandstorm
|upkeep
|turn|9
|
|t:|1758360476
|move|p2a: Emmett|Rock Slide|p1a: THE MAILMAN
|-supereffective|p1a: THE MAILMAN
|-damage|p1a: THE MAILMAN|34/100
|move|p1a: THE MAILMAN|Draco Meteor|p2a: Emmett
|-resisted|p2a: Emmett
|-damage|p2a: Emmett|52/100
|-unboost|p1a: THE MAILMAN|spa|2
|-enditem|p1a: THE MAILMAN|Eject Pack
|
|t:|1758360482
|switch|p1a: SUSHI|Barraskewda, F|88/100
|
|-weather|Sandstorm|[upkeep]
|-damage|p1a: SUSHI|82/100|[from] Sandstorm
|upkeep
|turn|10
|
|t:|1758360490
|switch|p2a: Osten|Gyarados, M, shiny|100/100
|-ability|p2a: Osten|Intimidate|boost
|-unboost|p1a: SUSHI|atk|1
|move|p1a: SUSHI|Aqua Jet|p2a: Osten
|-resisted|p2a: Osten
|-damage|p2a: Osten|87/100
|
|-weather|Sandstorm|[upkeep]
|-damage|p1a: SUSHI|76/100|[from] Sandstorm
|-damage|p2a: Osten|81/100|[from] Sandstorm
|-heal|p2a: Osten|87/100|[from] item: Leftovers
|upkeep
|turn|11
|
|t:|1758360499
|switch|p1a: ELON TUSK|Iron Treads|17/100
|move|p2a: Osten|Dragon Dance|p2a: Osten
|-boost|p2a: Osten|atk|1
|-boost|p2a: Osten|spe|1
|
|-weather|Sandstorm|[upkeep]
|-damage|p2a: Osten|81/100|[from] Sandstorm
|-heal|p2a: Osten|87/100|[from] item: Leftovers
|upkeep
|turn|12
|
|t:|1758360504
|move|p2a: Osten|Waterfall|p1a: ELON TUSK
|-supereffective|p1a: ELON TUSK
|-damage|p1a: ELON TUSK|0 fnt
|faint|p1a: ELON TUSK
|-end|p1a: ELON TUSK|Quark Drive|[silent]
|
|-weather|Sandstorm|[upkeep]
|-damage|p2a: Osten|81/100|[from] Sandstorm
|-heal|p2a: Osten|87/100|[from] item: Leftovers
|upkeep
|
|t:|1758360508
|switch|p1a: BIRD KILLER|Bellibolt, M|100/100
|turn|13
|
|t:|1758360514
|switch|p2a: Emmett|Excadrill, M|52/100
|move|p1a: BIRD KILLER|Volt Switch|p2a: Emmett
|-immune|p2a: Emmett
|
|-weather|none
|upkeep
|turn|14
|
|t:|1758360520
|switch|p1a: THE MAILMAN|Dragonite, M|34/100
|move|p2a: Emmett|Swords Dance|p2a: Emmett
|-boost|p2a: Emmett|atk|2
|
|upkeep
|turn|15
|
|t:|1758360525
|move|p2a: Emmett|Rapid Spin|p1a: THE MAILMAN
|-damage|p1a: THE MAILMAN|0 fnt
|-boost|p2a: Emmett|spe|1
|faint|p1a: THE MAILMAN
|
|upkeep
|
|t:|1758360529
|switch|p1a: SUSHI|Barraskewda, F|76/100
|turn|16
|
|t:|1758360535
|move|p1a: SUSHI|Aqua Jet|p2a: Emmett
|-supereffective|p2a: Emmett
|-damage|p2a: Emmett|0 fnt
|faint|p2a: Emmett
|
|upkeep
|
|t:|1758360538
|switch|p2a: Osten|Gyarados, M, shiny|87/100
|-ability|p2a: Osten|Intimidate|boost
|-unboost|p1a: SUSHI|atk|1
|turn|17
|
|t:|1758360542
|switch|p1a: BIRD KILLER|Bellibolt, M|100/100
|move|p2a: Osten|Dragon Dance|p2a: Osten
|-boost|p2a: Osten|atk|1
|-boost|p2a: Osten|spe|1
|
|-heal|p2a: Osten|93/100|[from] item: Leftovers
|upkeep
|turn|18
|
|t:|1758360551
|switch|p2a: Timothy|Tyranitar, M|100/100
|-weather|Sandstorm|[from] ability: Sand Stream|[of] p2a: Timothy
|move|p1a: BIRD KILLER|Volt Switch|p2a: Timothy
|-damage|p2a: Timothy|77/100
|
|t:|1758360555
|switch|p1a: SUSHI|Barraskewda, F|76/100|[from] Volt Switch
|
|-weather|Sandstorm|[upkeep]
|-damage|p1a: SUSHI|70/100|[from] Sandstorm
|upkeep
|turn|19
|
|t:|1758360560
|-terastallize|p2a: Timothy|Dragon
|move|p1a: SUSHI|Liquidation|p2a: Timothy
|-resisted|p2a: Timothy
|-damage|p2a: Timothy|45/100
|-unboost|p2a: Timothy|def|1
|move|p2a: Timothy|Earthquake|p1a: SUSHI
|-damage|p1a: SUSHI|0 fnt
|faint|p1a: SUSHI
|
|-weather|Sandstorm|[upkeep]
|-damage|p2a: Timothy|39/100|[from] Sandstorm
|upkeep
|
|t:|1758360569
|switch|p1a: Zesty chicken|Quaquaval, M|72/100
|turn|20
|
|t:|1758360579
|switch|p2a: Osten|Gyarados, M, shiny|93/100
|-ability|p2a: Osten|Intimidate|boost
|-unboost|p1a: Zesty chicken|atk|1
|move|p1a: Zesty chicken|Flip Turn|p2a: Osten
|-resisted|p2a: Osten
|-damage|p2a: Osten|79/100
|
|t:|1758360582
|switch|p1a: BIRD KILLER|Bellibolt, M|100/100|[from] Flip Turn
|
|-weather|Sandstorm|[upkeep]
|-damage|p2a: Osten|73/100|[from] Sandstorm
|-damage|p1a: BIRD KILLER|94/100|[from] Sandstorm
|-heal|p2a: Osten|79/100|[from] item: Leftovers
|upkeep
|turn|21
|
|t:|1758360586
|switch|p2a: Timothy|Tyranitar, M, tera:Dragon|39/100
|move|p1a: BIRD KILLER|Volt Switch|p2a: Timothy
|-resisted|p2a: Timothy
|-crit|p2a: Timothy
|-damage|p2a: Timothy|12/100
|
|t:|1758360589
|switch|p1a: Zesty chicken|Quaquaval, M|72/100|[from] Volt Switch
|
|-weather|Sandstorm|[upkeep]
|-damage|p1a: Zesty chicken|66/100|[from] Sandstorm
|-damage|p2a: Timothy|6/100|[from] Sandstorm
|upkeep
|turn|22
|
|t:|1758360597
|move|p1a: Zesty chicken|Flip Turn|p2a: Timothy
|-resisted|p2a: Timothy
|-damage|p2a: Timothy|0 fnt
|faint|p2a: Timothy
|-ability|p1a: Zesty chicken|Moxie|boost
|-boost|p1a: Zesty chicken|atk|1
|
|t:|1758360599
|switch|p1a: BIRD KILLER|Bellibolt, M|94/100|[from] Flip Turn
|
|-weather|Sandstorm|[upkeep]
|-damage|p1a: BIRD KILLER|88/100|[from] Sandstorm
|upkeep
|
|t:|1758360602
|switch|p2a: Boden|Scizor, M, shiny|100/100
|turn|23
|
|t:|1758360607
|move|p2a: Boden|Swords Dance|p2a: Boden
|-boost|p2a: Boden|atk|2
|move|p1a: BIRD KILLER|Volt Switch|p2a: Boden
|-damage|p2a: Boden|60/100
|
|t:|1758360610
|switch|p1a: Zesty chicken|Quaquaval, M|66/100|[from] Volt Switch
|
|-weather|Sandstorm|[upkeep]
|-damage|p1a: Zesty chicken|60/100|[from] Sandstorm
|upkeep
|turn|24
|
|t:|1758360616
|move|p2a: Boden|Bullet Punch|p1a: Zesty chicken
|-resisted|p1a: Zesty chicken
|-damage|p1a: Zesty chicken|2/100
|move|p1a: Zesty chicken|Close Combat|p2a: Boden
|-damage|p2a: Boden|0 fnt
|-unboost|p1a: Zesty chicken|def|1
|-unboost|p1a: Zesty chicken|spd|1
|faint|p2a: Boden
|-ability|p1a: Zesty chicken|Moxie|boost
|-boost|p1a: Zesty chicken|atk|1
|
|-weather|Sandstorm|[upkeep]
|-damage|p1a: Zesty chicken|0 fnt|[from] Sandstorm
|faint|p1a: Zesty chicken
|upkeep
|
|t:|1758360621
|switch|p1a: BIRD KILLER|Bellibolt, M|88/100
|switch|p2a: Osten|Gyarados, M, shiny|79/100
|-ability|p2a: Osten|Intimidate|boost
|-unboost|p1a: BIRD KILLER|atk|1
|turn|25
|
|t:|1758360628
|move|p2a: Osten|Waterfall|p1a: BIRD KILLER
|-damage|p1a: BIRD KILLER|47/100
|-start|p1a: BIRD KILLER|Charge|Waterfall|[from] ability: Electromorphosis
|move|p1a: BIRD KILLER|Volt Switch|p2a: Osten
|-supereffective|p2a: Osten
|-damage|p2a: Osten|0 fnt
|faint|p2a: Osten
|-end|p1a: BIRD KILLER|Charge|[silent]
|
|win|sosseskalman
|raw|sosseskalman's rating: 1207 &rarr; <strong>1230</strong><br />(+23 for winning)
|raw|Jinghan Yu's rating: 1180 &rarr; <strong>1157</strong><br />(-23 for losing)
|l|☆sosseskalman
|player|p1|
|l|☆Jinghan Yu
|player|p2|
