|j|☆Idipwaffles
|j|☆Ryuk603
|t:|1758243125
|gametype|singles
|player|p1|Idipwaffles|caitlin|1001
|player|p2|Ryuk603|101|1000
|gen|9
|tier|[Gen 9] OU
|rated|
|rule|HP Percentage Mod: HP is shown in percentages
|rule|Endless Battle Clause: Forcing endless battles is banned
|rule|Species Clause: Limit one of each Pokémon
|rule|OHKO Clause: OHKO moves are banned
|rule|Evasion Items Clause: Evasion items are banned
|rule|Evasion Moves Clause: Evasion moves are banned
|rule|Evasion Abilities Clause: Evasion abilities are banned
|rule|Sleep Moves Clause: Sleep-inducing moves are banned
|clearpoke
|poke|p1|Carbink, L1|
|poke|p1|Sudowoodo, L1, M|
|poke|p1|Donphan, L1, F|
|poke|p1|Hawlucha, L1, M|
|poke|p1|Tauros-Paldea-Aqua, L15, M|
|poke|p1|Weezing-Galar, F|
|poke|p2|Cinderace, M|
|poke|p2|Ceruledge, F|
|poke|p2|Alomomola, F|
|poke|p2|Araquanid, M|
|poke|p2|Dragonite, M|
|poke|p2|Gliscor, M|
|teampreview
|
|t:|1758243128
|teamsize|p1|6
|teamsize|p2|6
|start
|switch|p1a: :1|Carbink, L1, shiny|100/100
|switch|p2a: Gliscor|Gliscor, M|100/100
|turn|1
|inactive|Battle timer is ON: inactive players will automatically lose when time's up. (requested by Idipwaffles)
|j| sjwi
|
|t:|1758243137
|move|p2a: Gliscor|Substitute|p2a: Gliscor
|-start|p2a: Gliscor|Substitute
|-damage|p2a: Gliscor|76/100
|move|p1a: :1|Endeavor|p2a: Gliscor
|-end|p2a: Gliscor|Substitute
|
|-status|p2a: Gliscor|tox|[from] item: Toxic Orb
|upkeep
|turn|2
|
|t:|1758243147
|move|p2a: Gliscor|High Horsepower|p1a: :1
|-supereffective|p1a: :1
|-ability|p1a: :1|Sturdy
|-damage|p1a: :1|9/100
|move|p1a: :1|Endeavor|p2a: Gliscor
|-damage|p2a: Gliscor|1/100 tox
|-heal|p1a: :1|100/100|[from] item: Shell Bell|[of] p2a: Gliscor
|
|-heal|p2a: Gliscor|13/100 tox|[from] ability: Poison Heal
|upkeep
|turn|3
|
|t:|1758243163
|move|p2a: Gliscor|Crabhammer|p1a: :1
|-supereffective|p1a: :1
|-ability|p1a: :1|Sturdy
|-damage|p1a: :1|9/100
|move|p1a: :1|Stealth Rock|p2a: Gliscor
|-sidestart|p2: Ryuk603|move: Stealth Rock
|
|-heal|p2a: Gliscor|26/100 tox|[from] ability: Poison Heal
|upkeep
|turn|4
|
|t:|1758243179
|move|p2a: Gliscor|Crabhammer|p1a: :1
|-supereffective|p1a: :1
|-damage|p1a: :1|0 fnt
|faint|p1a: :1
|
|-heal|p2a: Gliscor|38/100 tox|[from] ability: Poison Heal
|upkeep
|
|t:|1758243181
|switch|p1a: :2|Sudowoodo, L1, M|100/100
|turn|5
|
|t:|1758243189
|move|p2a: Gliscor|Crabhammer|p1a: :2
|-supereffective|p1a: :2
|-ability|p1a: :2|Sturdy
|-damage|p1a: :2|9/100
|move|p1a: :2|Endeavor|p2a: Gliscor
|-damage|p2a: Gliscor|1/100 tox
|-heal|p1a: :2|100/100|[from] item: Shell Bell|[of] p2a: Gliscor
|
|-heal|p2a: Gliscor|13/100 tox|[from] ability: Poison Heal
|upkeep
|turn|6
|
|t:|1758243201
|move|p2a: Gliscor|Crabhammer|p1a: :2
|-supereffective|p1a: :2
|-ability|p1a: :2|Sturdy
|-damage|p1a: :2|9/100
|move|p1a: :2|Brick Break|p2a: Gliscor
|-resisted|p2a: Gliscor
|-damage|p2a: Gliscor|13/100 tox
|-heal|p1a: :2|17/100|[from] item: Shell Bell|[of] p2a: Gliscor
|
|-heal|p2a: Gliscor|25/100 tox|[from] ability: Poison Heal
|upkeep
|turn|7
|-message|Idipwaffles forfeited.
|
|win|Ryuk603
|raw|Idipwaffles's rating: 1001 &rarr; <strong>1000</strong><br />(-1 for losing)
|raw|Ryuk603's rating: 1000 &rarr; <strong>1040</strong><br />(+40 for winning)
