|j|☆Jordanias
|j|☆sunkyunko
|t:|1758342669
|gametype|singles
|player|p1|Jordanias|2|1273
|player|p2|sunkyunko|170|1264
|gen|9
|tier|[Gen 9] OU
|rated|
|rule|HP Percentage Mod: HP is shown in percentages
|rule|Endless Battle Clause: Forcing endless battles is banned
|rule|Species Clause: Limit one of each Pokémon
|rule|OHKO Clause: OHKO moves are banned
|rule|Evasion Items Clause: Evasion items are banned
|rule|Evasion Moves Clause: Evasion moves are banned
|rule|Evasion Abilities Clause: Evasion abilities are banned
|rule|Sleep Moves Clause: Sleep-inducing moves are banned
|clearpoke
|poke|p1|Walking Wake|
|poke|p1|Indeedee, M|
|poke|p1|Masquerain, M|
|poke|p1|Dragonite, F|
|poke|p1|Kleavor, M|
|poke|p1|Krookodile, F|
|poke|p2|Deoxys-Speed|
|poke|p2|Alomomola, M|
|poke|p2|Diancie|
|poke|p2|Toxapex, M|
|poke|p2|Corviknight, F|
|poke|p2|Meowscarada, F|
|teampreview
|inactive|Battle timer is ON: inactive players will automatically lose when time's up. (requested by Jordanias)
|
|t:|1758342711
|teamsize|p1|6
|teamsize|p2|6
|start
|switch|p1a: Masquerain|Masquerain, M|100/100
|switch|p2a: Deoxys|Deoxys-Speed|100/100
|-ability|p2a: Deoxys|Pressure
|-ability|p1a: Masquerain|Intimidate|boost
|-unboost|p2a: Deoxys|atk|1
|turn|1
|
|t:|1758342722
|move|p2a: Deoxys|Ice Beam|p1a: Masquerain
|-supereffective|p1a: Masquerain
|-damage|p1a: Masquerain|0 fnt
|faint|p1a: Masquerain
|
|upkeep
|
|t:|1758342742
|switch|p1a: Krookodile|Krookodile, F|100/100
|turn|2
|
|t:|1758342748
|switch|p2a: Alomomola|Alomomola, M|100/100
|move|p1a: Krookodile|Knock Off|p2a: Alomomola
|-damage|p2a: Alomomola|68/100
|-enditem|p2a: Alomomola|Assault Vest|[from] move: Knock Off|[of] p1a: Krookodile
|
|upkeep
|turn|3
|
|t:|1758342764
|move|p1a: Krookodile|Earthquake|p2a: Alomomola
|-damage|p2a: Alomomola|39/100
|move|p2a: Alomomola|Flip Turn|p1a: Krookodile
|-supereffective|p1a: Krookodile
|-damage|p1a: Krookodile|62/100
|
|t:|1758342770
|switch|p2a: Meowscarada|Meowscarada, F|100/100|[from] Flip Turn
|
|upkeep
|turn|4
|
|t:|1758342774
|move|p2a: Meowscarada|Flower Trick|p1a: Krookodile
|-start|p2a: Meowscarada|typechange|Grass|[from] ability: Protean
|-supereffective|p1a: Krookodile
|-crit|p1a: Krookodile
|-damage|p1a: Krookodile|0 fnt
|faint|p1a: Krookodile
|
|upkeep
|
|t:|1758342785
|switch|p1a: Indeedee|Indeedee, M|100/100
|-fieldstart|move: Psychic Terrain|[from] ability: Psychic Surge|[of] p1a: Indeedee
|turn|5
|
|t:|1758342799
|-terastallize|p1a: Indeedee|Fairy
|move|p2a: Meowscarada|Flower Trick|p1a: Indeedee
|-crit|p1a: Indeedee
|-damage|p1a: Indeedee|0 fnt
|faint|p1a: Indeedee
|
|upkeep
|-message|Jordanias forfeited.
|
|win|sunkyunko
|raw|Jordanias's rating: 1273 &rarr; <strong>1247</strong><br />(-26 for losing)
|raw|sunkyunko's rating: 1264 &rarr; <strong>1290</strong><br />(+26 for winning)
|l|☆Jordanias
|player|p1|
|l|☆sunkyunko
|player|p2|
