|badge|p1|bronze|gen9ou|100-6
|uhtml|medal-msg|<div class="broadcast-blue">Curious what those medals under the avatar are? PS now has Ladder Seasons! For more information, check out the <a href="https://www.smogon.com/forums/threads/3740067/">thread on Smogon.</a></div>
|j|☆Ctannn
|j|☆lerendezvous
|t:|1758342588
|gametype|singles
|player|p1|Ctannn|2|1870
|player|p2|lerendezvous|101|1733
|gen|9
|tier|[Gen 9] OU
|rated|
|rule|HP Percentage Mod: HP is shown in percentages
|rule|Endless Battle Clause: Forcing endless battles is banned
|rule|Species Clause: Limit one of each Pokémon
|rule|OHKO Clause: OHKO moves are banned
|rule|Evasion Items Clause: Evasion items are banned
|rule|Evasion Moves Clause: Evasion moves are banned
|rule|Evasion Abilities Clause: Evasion abilities are banned
|rule|Sleep Moves Clause: Sleep-inducing moves are banned
|clearpoke
|poke|p1|Rillaboom, F|
|poke|p1|Garganacl, M|
|poke|p1|Cinderace, F|
|poke|p1|Raging Bolt|
|poke|p1|Slowking-Galar, F|
|poke|p1|Landorus-Therian, M|
|poke|p2|Ogerpon-Wellspring, F|
|poke|p2|Slowking-Galar, M|
|poke|p2|Great Tusk|
|poke|p2|Moltres|
|poke|p2|Dragapult, M|
|poke|p2|Kingambit, M|
|teampreview
|inactive|Battle timer is ON: inactive players will automatically lose when time's up. (requested by Ctannn)
|inactive|lerendezvous also wants the timer to be on.
|
|t:|1758342603
|teamsize|p1|6
|teamsize|p2|6
|start
|switch|p1a: Cinderace|Cinderace, F|100/100
|switch|p2a: Great Tusk|Great Tusk|100/100
|turn|1
|
|t:|1758342608
|switch|p1a: Landorus|Landorus-Therian, M|100/100
|-ability|p1a: Landorus|Intimidate|boost
|-unboost|p2a: Great Tusk|atk|1
|move|p2a: Great Tusk|Stealth Rock|p1a: Landorus
|-sidestart|p1: Ctannn|move: Stealth Rock
|
|upkeep
|turn|2
|
|t:|1758342612
|switch|p1a: Slowking|Slowking-Galar, F|100/100
|-damage|p1a: Slowking|88/100|[from] Stealth Rock
|move|p2a: Great Tusk|Ice Spinner|p1a: Slowking
|-damage|p1a: Slowking|75/100
|-damage|p2a: Great Tusk|84/100|[from] item: Rocky Helmet|[of] p1a: Slowking
|
|upkeep
|turn|3
|
|t:|1758342620
|move|p2a: Great Tusk|Headlong Rush|p1a: Slowking
|-supereffective|p1a: Slowking
|-damage|p1a: Slowking|11/100
|-unboost|p2a: Great Tusk|def|1
|-unboost|p2a: Great Tusk|spd|1
|-damage|p2a: Great Tusk|68/100|[from] item: Rocky Helmet|[of] p1a: Slowking
|move|p1a: Slowking|Psychic|p2a: Great Tusk
|-supereffective|p2a: Great Tusk
|-damage|p2a: Great Tusk|0 fnt
|faint|p2a: Great Tusk
|-end|p2a: Great Tusk|Protosynthesis|[silent]
|
|upkeep
|
|t:|1758342627
|switch|p2a: Ogerpon|Ogerpon-Wellspring, F|100/100
|turn|4
|
|t:|1758342636
|switch|p1a: Rillaboom|Rillaboom, F|100/100
|-damage|p1a: Rillaboom|88/100|[from] Stealth Rock
|-fieldstart|move: Grassy Terrain|[from] ability: Grassy Surge|[of] p1a: Rillaboom
|move|p2a: Ogerpon|Ivy Cudgel|p1a: Rillaboom|[anim] Ivy Cudgel Water
|-resisted|p1a: Rillaboom
|-damage|p1a: Rillaboom|57/100
|
|-heal|p1a: Rillaboom|63/100|[from] Grassy Terrain
|upkeep
|turn|5
|
|t:|1758342643
|switch|p1a: Landorus|Landorus-Therian, M|100/100
|-damage|p1a: Landorus|88/100|[from] Stealth Rock
|-ability|p1a: Landorus|Intimidate|boost
|-unboost|p2a: Ogerpon|atk|1
|move|p2a: Ogerpon|U-turn|p1a: Landorus
|-resisted|p1a: Landorus
|-damage|p1a: Landorus|81/100
|-damage|p2a: Ogerpon|84/100|[from] item: Rocky Helmet|[of] p1a: Landorus
|
|t:|1758342649
|switch|p2a: Slowking|Slowking-Galar, M|100/100|[from] U-turn
|
|upkeep
|turn|6
|
|t:|1758342660
|move|p1a: Landorus|U-turn|p2a: Slowking
|-damage|p2a: Slowking|78/100
|
|t:|1758342663
|switch|p1a: Slowking|Slowking-Galar, F|44/100|[from] U-turn
|-damage|p1a: Slowking|31/100|[from] Stealth Rock
|move|p2a: Slowking|Psyshock|p1a: Slowking
|-damage|p1a: Slowking|3/100
|
|-heal|p2a: Slowking|84/100|[from] Grassy Terrain
|-heal|p1a: Slowking|9/100|[from] Grassy Terrain
|upkeep
|turn|7
|
|t:|1758342668
|switch|p1a: Cinderace|Cinderace, F|100/100
|move|p2a: Slowking|Sludge Bomb|p1a: Cinderace
|-damage|p1a: Cinderace|35/100
|
|-heal|p1a: Cinderace|41/100|[from] Grassy Terrain
|-heal|p2a: Slowking|90/100|[from] Grassy Terrain
|upkeep
|turn|8
|
|t:|1758342675
|move|p1a: Cinderace|Court Change|p1a: Cinderace
|-start|p1a: Cinderace|typechange|Normal|[from] ability: Libero
|-swapsideconditions
|-activate|p1a: Cinderace|move: Court Change
|move|p2a: Slowking|Ice Beam|p1a: Cinderace
|-damage|p1a: Cinderace|0 fnt
|faint|p1a: Cinderace
|
|-heal|p2a: Slowking|96/100|[from] Grassy Terrain
|-fieldend|move: Grassy Terrain
|upkeep
|
|t:|1758342684
|switch|p1a: Garganacl|Garganacl, M|100/100
|turn|9
|
|t:|1758342688
|move|p1a: Garganacl|Curse|p1a: Garganacl
|-unboost|p1a: Garganacl|spe|1
|-boost|p1a: Garganacl|atk|1
|-boost|p1a: Garganacl|def|1
|move|p2a: Slowking|Psyshock|p1a: Garganacl
|-damage|p1a: Garganacl|84/100
|
|-heal|p1a: Garganacl|90/100|[from] item: Leftovers
|upkeep
|turn|10
|
|t:|1758342699
|move|p2a: Slowking|Ice Beam|p1a: Garganacl
|-damage|p1a: Garganacl|72/100
|move|p1a: Garganacl|Curse|p1a: Garganacl
|-unboost|p1a: Garganacl|spe|1
|-boost|p1a: Garganacl|atk|1
|-boost|p1a: Garganacl|def|1
|
|-heal|p1a: Garganacl|78/100|[from] item: Leftovers
|upkeep
|turn|11
|
|t:|1758342707
|switch|p2a: Ogerpon|Ogerpon-Wellspring, F|84/100
|-damage|p2a: Ogerpon|72/100|[from] Stealth Rock
|move|p1a: Garganacl|Salt Cure|p2a: Ogerpon
|-damage|p2a: Ogerpon|38/100
|-start|p2a: Ogerpon|Salt Cure
|
|-heal|p1a: Garganacl|84/100|[from] item: Leftovers
|-damage|p2a: Ogerpon|13/100|[from] Salt Cure
|upkeep
|turn|12
|
|t:|1758342713
|switch|p2a: Kingambit|Kingambit, M|100/100
|-damage|p2a: Kingambit|94/100|[from] Stealth Rock
|-activate|p2a: Kingambit|ability: Supreme Overlord
|-start|p2a: Kingambit|fallen1|[silent]
|move|p1a: Garganacl|Protect||[still]
|-fail|p1a: Garganacl
|
|-heal|p2a: Kingambit|100/100|[from] item: Leftovers
|-heal|p1a: Garganacl|90/100|[from] item: Leftovers
|upkeep
|turn|13
|
|t:|1758342718
|move|p2a: Kingambit|Iron Head|p1a: Garganacl
|-supereffective|p1a: Garganacl
|-damage|p1a: Garganacl|56/100
|cant|p1a: Garganacl|flinch
|
|-heal|p1a: Garganacl|62/100|[from] item: Leftovers
|upkeep
|turn|14
|
|t:|1758342723
|move|p2a: Kingambit|Iron Head|p1a: Garganacl
|-supereffective|p1a: Garganacl
|-damage|p1a: Garganacl|26/100
|move|p1a: Garganacl|Salt Cure|p2a: Kingambit
|-resisted|p2a: Kingambit
|-damage|p2a: Kingambit|89/100
|-start|p2a: Kingambit|Salt Cure
|
|-heal|p2a: Kingambit|95/100|[from] item: Leftovers
|-heal|p1a: Garganacl|33/100|[from] item: Leftovers
|-damage|p2a: Kingambit|70/100|[from] Salt Cure
|upkeep
|turn|15
|
|t:|1758342730
|move|p1a: Garganacl|Protect|p1a: Garganacl
|-singleturn|p1a: Garganacl|Protect
|move|p2a: Kingambit|Iron Head|p1a: Garganacl
|-activate|p1a: Garganacl|move: Protect
|
|-heal|p2a: Kingambit|77/100|[from] item: Leftovers
|-heal|p1a: Garganacl|39/100|[from] item: Leftovers
|-damage|p2a: Kingambit|52/100|[from] Salt Cure
|upkeep
|turn|16
|
|t:|1758342735
|-terastallize|p2a: Kingambit|Ghost
|move|p2a: Kingambit|Swords Dance|p2a: Kingambit
|-boost|p2a: Kingambit|atk|2
|move|p1a: Garganacl|Recover|p1a: Garganacl
|-heal|p1a: Garganacl|89/100
|
|-heal|p2a: Kingambit|58/100|[from] item: Leftovers
|-heal|p1a: Garganacl|95/100|[from] item: Leftovers
|-damage|p2a: Kingambit|46/100|[from] Salt Cure
|upkeep
|turn|17
|
|t:|1758342743
|switch|p1a: Landorus|Landorus-Therian, M|81/100
|-ability|p1a: Landorus|Intimidate|boost
|-unboost|p2a: Kingambit|atk|1
|move|p2a: Kingambit|Iron Head|p1a: Landorus
|-damage|p1a: Landorus|26/100
|-damage|p2a: Kingambit|29/100|[from] item: Rocky Helmet|[of] p1a: Landorus
|
|-heal|p2a: Kingambit|35/100|[from] item: Leftovers
|-damage|p2a: Kingambit|23/100|[from] Salt Cure
|upkeep
|turn|18
|
|t:|1758342748
|move|p2a: Kingambit|Sucker Punch|p1a: Landorus
|-damage|p1a: Landorus|0 fnt
|-damage|p2a: Kingambit|6/100|[from] item: Rocky Helmet|[of] p1a: Landorus
|faint|p1a: Landorus
|
|-heal|p2a: Kingambit|13/100|[from] item: Leftovers
|-damage|p2a: Kingambit|0 fnt|[from] Salt Cure
|faint|p2a: Kingambit
|-end|p2a: Kingambit|fallen1|[silent]
|upkeep
|
|t:|1758342757
|switch|p2a: Dragapult|Dragapult, M|100/100
|switch|p1a: Rillaboom|Rillaboom, F|63/100
|-fieldstart|move: Grassy Terrain|[from] ability: Grassy Surge|[of] p1a: Rillaboom
|turn|19
|
|t:|1758342761
|switch|p1a: Garganacl|Garganacl, M|95/100
|move|p2a: Dragapult|U-turn|p1a: Garganacl
|-damage|p1a: Garganacl|81/100
|
|t:|1758342767
|switch|p2a: Ogerpon|Ogerpon-Wellspring, F|13/100|[from] U-turn
|-damage|p2a: Ogerpon|1/100|[from] Stealth Rock
|
|-heal|p2a: Ogerpon|7/100|[from] Grassy Terrain
|-heal|p1a: Garganacl|88/100|[from] Grassy Terrain
|-heal|p1a: Garganacl|94/100|[from] item: Leftovers
|upkeep
|turn|20
|
|t:|1758342778
|switch|p1a: Raging Bolt|Raging Bolt|100/100
|move|p2a: Ogerpon|Ivy Cudgel|p1a: Raging Bolt|[anim] Ivy Cudgel Water
|-resisted|p1a: Raging Bolt
|-damage|p1a: Raging Bolt|72/100
|
|-heal|p2a: Ogerpon|13/100|[from] Grassy Terrain
|-heal|p1a: Raging Bolt|78/100|[from] Grassy Terrain
|upkeep
|turn|21
|
|t:|1758342784
|move|p2a: Ogerpon|Knock Off|p1a: Raging Bolt
|-damage|p1a: Raging Bolt|42/100
|-enditem|p1a: Raging Bolt|Choice Specs|[from] move: Knock Off|[of] p2a: Ogerpon
|move|p1a: Raging Bolt|Volt Switch|p2a: Ogerpon
|-damage|p2a: Ogerpon|0 fnt
|faint|p2a: Ogerpon
|
|t:|1758342788
|-end|p1a: Raging Bolt|Protosynthesis|[silent]
|switch|p1a: Garganacl|Garganacl, M|94/100|[from] Volt Switch
|
|-heal|p1a: Garganacl|99/100|[from] Grassy Terrain
|-heal|p1a: Garganacl|100/100|[from] item: Leftovers
|upkeep
|j| wwwksjfkasdjfkf
|
|t:|1758342792
|switch|p2a: Slowking|Slowking-Galar, M|100/100
|-damage|p2a: Slowking|88/100|[from] Stealth Rock
|turn|22
|
|t:|1758342798
|move|p1a: Garganacl|Curse|p1a: Garganacl
|-unboost|p1a: Garganacl|spe|1
|-boost|p1a: Garganacl|atk|1
|-boost|p1a: Garganacl|def|1
|move|p2a: Slowking|Psyshock|p1a: Garganacl
|-damage|p1a: Garganacl|83/100
|
|-heal|p2a: Slowking|94/100|[from] Grassy Terrain
|-heal|p1a: Garganacl|90/100|[from] Grassy Terrain
|-heal|p1a: Garganacl|96/100|[from] item: Leftovers
|upkeep
|turn|23
|c| wwwksjfkasdjfkf|woa
|
|t:|1758342803
|move|p2a: Slowking|Psyshock|p1a: Garganacl
|-damage|p1a: Garganacl|79/100
|move|p1a: Garganacl|Curse|p1a: Garganacl
|-unboost|p1a: Garganacl|spe|1
|-boost|p1a: Garganacl|atk|1
|-boost|p1a: Garganacl|def|1
|
|-heal|p2a: Slowking|99/100|[from] Grassy Terrain
|-heal|p1a: Garganacl|86/100|[from] Grassy Terrain
|-heal|p1a: Garganacl|92/100|[from] item: Leftovers
|-fieldend|move: Grassy Terrain
|upkeep
|turn|24
|
|t:|1758342809
|move|p2a: Slowking|Sludge Bomb|p1a: Garganacl
|-resisted|p1a: Garganacl
|-damage|p1a: Garganacl|79/100
|move|p1a: Garganacl|Salt Cure|p2a: Slowking
|-damage|p2a: Slowking|76/100
|-start|p2a: Slowking|Salt Cure
|
|-heal|p1a: Garganacl|85/100|[from] item: Leftovers
|-damage|p2a: Slowking|63/100|[from] Salt Cure
|upkeep
|turn|25
|
|t:|1758342815
|switch|p2a: Moltres|Moltres|100/100
|move|p1a: Garganacl|Curse|p1a: Garganacl
|-unboost|p1a: Garganacl|spe|1
|-boost|p1a: Garganacl|atk|1
|-boost|p1a: Garganacl|def|1
|
|-heal|p1a: Garganacl|91/100|[from] item: Leftovers
|upkeep
|turn|26
|
|t:|1758342820
|move|p2a: Moltres|Roost||[still]
|-fail|p2a: Moltres|heal
|move|p1a: Garganacl|Salt Cure|p2a: Moltres
|-supereffective|p2a: Moltres
|-damage|p2a: Moltres|13/100
|-start|p2a: Moltres|Salt Cure
|
|-heal|p1a: Garganacl|98/100|[from] item: Leftovers
|-damage|p2a: Moltres|0 fnt|[from] Salt Cure
|faint|p2a: Moltres
|upkeep
|
|t:|1758342825
|switch|p2a: Slowking|Slowking-Galar, M|96/100
|-damage|p2a: Slowking|84/100|[from] Stealth Rock
|turn|27
|
|t:|1758342830
|move|p2a: Slowking|Ice Beam|p1a: Garganacl
|-damage|p1a: Garganacl|79/100
|move|p1a: Garganacl|Salt Cure|p2a: Slowking
|-damage|p2a: Slowking|49/100
|-start|p2a: Slowking|Salt Cure
|
|-heal|p1a: Garganacl|85/100|[from] item: Leftovers
|-damage|p2a: Slowking|36/100|[from] Salt Cure
|upkeep
|turn|28
|
|t:|1758342835
|switch|p2a: Dragapult|Dragapult, M|100/100
|move|p1a: Garganacl|Salt Cure|p2a: Dragapult
|-damage|p2a: Dragapult|49/100
|-start|p2a: Dragapult|Salt Cure
|
|-heal|p1a: Garganacl|92/100|[from] item: Leftovers
|-damage|p2a: Dragapult|37/100|[from] Salt Cure
|upkeep
|turn|29
|c| wwwksjfkasdjfkf|woa
|
|t:|1758342840
|move|p2a: Dragapult|U-turn|p1a: Garganacl
|-damage|p1a: Garganacl|86/100
|c| wwwksjfkasdjfkf|time to gg
|
|t:|1758342846
|switch|p2a: Slowking|Slowking-Galar, M|69/100|[from] U-turn
|-damage|p2a: Slowking|57/100|[from] Stealth Rock
|move|p1a: Garganacl|Salt Cure|p2a: Slowking
|-damage|p2a: Slowking|26/100
|-start|p2a: Slowking|Salt Cure
|
|-heal|p1a: Garganacl|92/100|[from] item: Leftovers
|-damage|p2a: Slowking|14/100|[from] Salt Cure
|upkeep
|turn|30
|
|t:|1758342855
|move|p2a: Slowking|Flamethrower|p1a: Garganacl
|-resisted|p1a: Garganacl
|-damage|p1a: Garganacl|82/100
|move|p1a: Garganacl|Salt Cure|p2a: Slowking
|-damage|p2a: Slowking|0 fnt
|faint|p2a: Slowking
|
|-heal|p1a: Garganacl|88/100|[from] item: Leftovers
|upkeep
|
|t:|1758342861
|switch|p2a: Dragapult|Dragapult, M|37/100
|turn|31
|
|t:|1758342864
|move|p2a: Dragapult|U-turn|p1a: Garganacl
|-damage|p1a: Garganacl|82/100
|move|p1a: Garganacl|Salt Cure|p2a: Dragapult
|-damage|p2a: Dragapult|0 fnt
|faint|p2a: Dragapult
|
|win|Ctannn
|raw|Ctannn's rating: 1870 &rarr; <strong>1882</strong><br />(+12 for winning)
|raw|lerendezvous's rating: 1733 &rarr; <strong>1721</strong><br />(-12 for losing)
|l|☆lerendezvous
|player|p2|
|l|☆Ctannn
|player|p1|
|l| wwwksjfkasdjfkf
|j| wwwksjfkasdjfkf
