|j|☆raditzisthebest
|j|☆Shibuya Arc
|t:|1758346214
|gametype|singles
|player|p1|raditzisthebest|bruno|1585
|player|p2|Shibuya Arc|101|1688
|gen|9
|tier|[Gen 9] OU
|rated|
|rule|HP Percentage Mod: HP is shown in percentages
|rule|Endless Battle Clause: Forcing endless battles is banned
|rule|Species Clause: Limit one of each Pokémon
|rule|OHKO Clause: OHKO moves are banned
|rule|Evasion Items Clause: Evasion items are banned
|rule|Evasion Moves Clause: Evasion moves are banned
|rule|Evasion Abilities Clause: Evasion abilities are banned
|rule|Sleep Moves Clause: Sleep-inducing moves are banned
|clearpoke
|poke|p1|Primarina, M|
|poke|p1|Great Tusk|
|poke|p1|Kingambit, M|
|poke|p1|Slowking-Galar, M|
|poke|p1|Ogerpon, F|
|poke|p1|Enamorus, F|
|poke|p2|Dragapult, F|
|poke|p2|Dragonite, F|
|poke|p2|Ting-Lu|
|poke|p2|Weezing-Galar, F|
|poke|p2|Iron Crown|
|poke|p2|Zapdos|
|teampreview
|inactive|Battle timer is ON: inactive players will automatically lose when time's up. (requested by raditzisthebest)
|inactive|Shibuya Arc also wants the timer to be on.
|
|t:|1758346225
|teamsize|p1|6
|teamsize|p2|6
|start
|switch|p1a: Basilio|Great Tusk, shiny|100/100
|switch|p2a: Zapdos|Zapdos|100/100
|turn|1
|
|t:|1758346231
|-end|p1a: Basilio|Protosynthesis|[silent]
|switch|p1a: More|Slowking-Galar, M, shiny|100/100
|move|p2a: Zapdos|Hurricane|p1a: More
|-crit|p1a: More
|-damage|p1a: More|55/100
|
|upkeep
|turn|2
|
|t:|1758346242
|move|p2a: Zapdos|Hurricane|p1a: More
|-damage|p1a: More|26/100
|move|p1a: More|Ice Beam|p2a: Zapdos
|-supereffective|p2a: Zapdos
|-damage|p2a: Zapdos|47/100
|
|upkeep
|turn|3
|
|t:|1758346249
|switch|p1a: Strohl|Kingambit, M, shiny|100/100
|move|p2a: Zapdos|Roost|p2a: Zapdos
|-heal|p2a: Zapdos|97/100
|-singleturn|p2a: Zapdos|move: Roost
|
|upkeep
|turn|4
|
|t:|1758346256
|move|p2a: Zapdos|Volt Switch|p1a: Strohl
|-damage|p1a: Strohl|63/100
|
|t:|1758346266
|switch|p2a: Dragonite|Dragonite, F|100/100|[from] Volt Switch
|move|p1a: Strohl|Swords Dance|p1a: Strohl
|-boost|p1a: Strohl|atk|2
|
|-heal|p1a: Strohl|69/100|[from] item: Leftovers
|upkeep
|turn|5
|
|t:|1758346273
|switch|p2a: Zapdos|Zapdos|97/100
|move|p1a: Strohl|Kowtow Cleave|p2a: Zapdos
|-damage|p2a: Zapdos|0 fnt
|faint|p2a: Zapdos
|
|-heal|p1a: Strohl|75/100|[from] item: Leftovers
|upkeep
|
|t:|1758346282
|switch|p2a: Weezing|Weezing-Galar, F|100/100
|-ability|p2a: Weezing|Neutralizing Gas
|turn|6
|
|t:|1758346293
|-end|p1a: Strohl|fallenundefined|[silent]
|switch|p1a: More|Slowking-Galar, M, shiny|59/100
|move|p2a: Weezing|Will-O-Wisp|p1a: More
|-status|p1a: More|brn
|
|-damage|p1a: More|53/100 brn|[from] brn
|upkeep
|turn|7
|
|t:|1758346302
|move|p2a: Weezing|Toxic Spikes|p1a: More
|-sidestart|p1: raditzisthebest|move: Toxic Spikes
|move|p1a: More|Sludge Bomb|p2a: Weezing
|-damage|p2a: Weezing|57/100
|
|-damage|p1a: More|47/100 brn|[from] brn
|upkeep
|turn|8
|
|t:|1758346308
|move|p2a: Weezing|Toxic Spikes|p1a: More
|-sidestart|p1: raditzisthebest|move: Toxic Spikes
|move|p1a: More|Psychic Noise|p2a: Weezing
|-supereffective|p2a: Weezing
|-damage|p2a: Weezing|0 fnt
|faint|p2a: Weezing
|-end|p2a: Weezing|ability: Neutralizing Gas
|
|-damage|p1a: More|41/100 brn|[from] brn
|upkeep
|
|t:|1758346315
|switch|p2a: Dragonite|Dragonite, F|100/100
|turn|9
|
|t:|1758346321
|move|p2a: Dragonite|Dragon Dance|p2a: Dragonite
|-boost|p2a: Dragonite|atk|1
|-boost|p2a: Dragonite|spe|1
|move|p1a: More|Sludge Bomb|p2a: Dragonite
|-damage|p2a: Dragonite|82/100
|-status|p2a: Dragonite|psn
|
|-damage|p2a: Dragonite|70/100 psn|[from] psn
|-damage|p1a: More|35/100 brn|[from] brn
|upkeep
|turn|10
|
|t:|1758346328
|move|p2a: Dragonite|Extreme Speed|p1a: More
|-damage|p1a: More|2/100 brn
|move|p1a: More|Ice Beam|p2a: Dragonite
|-supereffective|p2a: Dragonite
|-damage|p2a: Dragonite|0 fnt
|faint|p2a: Dragonite
|
|-damage|p1a: More|0 fnt|[from] brn
|faint|p1a: More
|upkeep
|
|t:|1758346336
|switch|p2a: Iron Crown|Iron Crown|100/100
|switch|p1a: Basilio|Great Tusk, shiny|100/100
|-status|p1a: Basilio|tox
|turn|11
|
|t:|1758346344
|-end|p1a: Basilio|Protosynthesis|[silent]
|switch|p1a: Strohl|Kingambit, M, shiny|75/100
|-activate|p1a: Strohl|ability: Supreme Overlord
|-start|p1a: Strohl|fallen1|[silent]
|-terastallize|p2a: Iron Crown|Steel
|move|p2a: Iron Crown|Tachyon Cutter|p1a: Strohl
|-resisted|p1a: Strohl
|-damage|p1a: Strohl|51/100
|-resisted|p1a: Strohl
|-damage|p1a: Strohl|28/100
|-hitcount|p1a: Strohl|2
|
|-heal|p1a: Strohl|34/100|[from] item: Leftovers
|upkeep
|turn|12
|
|t:|1758346361
|move|p1a: Strohl|Sucker Punch|p2a: Iron Crown
|-damage|p2a: Iron Crown|55/100
|move|p2a: Iron Crown|Tachyon Cutter|p1a: Strohl
|-resisted|p1a: Strohl
|-damage|p1a: Strohl|9/100
|-resisted|p1a: Strohl
|-crit|p1a: Strohl
|-damage|p1a: Strohl|0 fnt
|faint|p1a: Strohl
|-end|p1a: Strohl|fallen1|[silent]
|-hitcount|p1: Strohl|2
|
|upkeep
|
|t:|1758346369
|switch|p1a: Eupha|Enamorus, F, shiny|100/100
|turn|13
|
|t:|1758346375
|-end|p2a: Iron Crown|Quark Drive|[silent]
|switch|p2a: Ting-Lu|Ting-Lu|100/100
|-ability|p2a: Ting-Lu|Vessel of Ruin
|move|p1a: Eupha|Earth Power|p2a: Ting-Lu
|-damage|p2a: Ting-Lu|85/100
|
|-heal|p2a: Ting-Lu|92/100|[from] item: Leftovers
|upkeep
|turn|14
|
|t:|1758346384
|switch|p1a: Basilio|Great Tusk, shiny|100/100 tox
|move|p2a: Ting-Lu|Ruination|p1a: Basilio
|-damage|p1a: Basilio|51/100 tox
|
|-heal|p2a: Ting-Lu|98/100|[from] item: Leftovers
|-damage|p1a: Basilio|44/100 tox|[from] psn
|upkeep
|turn|15
|
|t:|1758346392
|move|p1a: Basilio|Ice Spinner|p2a: Ting-Lu
|-supereffective|p2a: Ting-Lu
|-damage|p2a: Ting-Lu|67/100
|move|p2a: Ting-Lu|Stealth Rock|p1a: Basilio
|-sidestart|p1: raditzisthebest|move: Stealth Rock
|
|-heal|p2a: Ting-Lu|73/100|[from] item: Leftovers
|-damage|p1a: Basilio|32/100 tox|[from] psn
|upkeep
|turn|16
|
|t:|1758346399
|move|p1a: Basilio|Rapid Spin|p2a: Ting-Lu
|-damage|p2a: Ting-Lu|63/100
|-boost|p1a: Basilio|spe|1
|-sideend|p1: raditzisthebest|Toxic Spikes|[from] move: Rapid Spin|[of] p1a: Basilio
|-sideend|p1: raditzisthebest|Stealth Rock|[from] move: Rapid Spin|[of] p1a: Basilio
|move|p2a: Ting-Lu|Ruination|p1a: Basilio
|-damage|p1a: Basilio|16/100 tox
|
|-heal|p2a: Ting-Lu|69/100|[from] item: Leftovers
|-damage|p1a: Basilio|0 fnt|[from] psn
|faint|p1a: Basilio
|-end|p1a: Basilio|Protosynthesis|[silent]
|upkeep
|
|t:|1758346403
|switch|p1a: Heismay|Ogerpon, F|100/100
|turn|17
|
|t:|1758346410
|switch|p2a: Dragapult|Dragapult, F|100/100
|move|p1a: Heismay|Ivy Cudgel|p2a: Dragapult
|-resisted|p2a: Dragapult
|-damage|p2a: Dragapult|47/100
|-start|p1a: Heismay|Disable|Ivy Cudgel|[from] ability: Cursed Body|[of] p2a: Dragapult
|
|upkeep
|turn|18
|
|t:|1758346416
|switch|p1a: Junah|Primarina, M, shiny|100/100
|move|p2a: Dragapult|Will-O-Wisp|p1a: Junah
|-status|p1a: Junah|brn
|
|-damage|p1a: Junah|95/100 brn|[from] brn
|upkeep
|turn|19
|
|t:|1758346422
|move|p2a: Dragapult|U-turn|p1a: Junah
|-resisted|p1a: Junah
|-damage|p1a: Junah|80/100 brn
|
|t:|1758346431
|switch|p2a: Ting-Lu|Ting-Lu|69/100|[from] U-turn
|-ability|p2a: Ting-Lu|Vessel of Ruin
|move|p1a: Junah|Moonblast|p2a: Ting-Lu
|-supereffective|p2a: Ting-Lu
|-crit|p2a: Ting-Lu
|-damage|p2a: Ting-Lu|2/100
|
|-heal|p1a: Junah|86/100 brn|[from] item: Leftovers
|-heal|p2a: Ting-Lu|8/100|[from] item: Leftovers
|-damage|p1a: Junah|80/100 brn|[from] brn
|upkeep
|turn|20
|
|t:|1758346438
|switch|p2a: Dragapult|Dragapult, F|47/100
|move|p1a: Junah|Psychic Noise|p2a: Dragapult
|-resisted|p2a: Dragapult
|-damage|p2a: Dragapult|13/100
|-start|p2a: Dragapult|move: Heal Block
|
|-heal|p1a: Junah|86/100 brn|[from] item: Leftovers
|-damage|p1a: Junah|80/100 brn|[from] brn
|upkeep
|turn|21
|
|t:|1758346445
|move|p2a: Dragapult|U-turn|p1a: Junah
|-resisted|p1a: Junah
|-damage|p1a: Junah|65/100 brn
|
|t:|1758346451
|switch|p2a: Iron Crown|Iron Crown, tera:Steel|55/100|[from] U-turn
|move|p1a: Junah|Psychic Noise|p2a: Iron Crown
|-damage|p2a: Iron Crown|11/100
|-start|p2a: Iron Crown|move: Heal Block
|
|-heal|p1a: Junah|71/100 brn|[from] item: Leftovers
|-damage|p1a: Junah|65/100 brn|[from] brn
|upkeep
|turn|22
|
|t:|1758346458
|move|p2a: Iron Crown|Focus Blast|p1a: Junah
|-resisted|p1a: Junah
|-damage|p1a: Junah|33/100 brn
|move|p1a: Junah|Psychic Noise|p2a: Iron Crown
|-damage|p2a: Iron Crown|0 fnt
|faint|p2a: Iron Crown
|-end|p2a: Iron Crown|Quark Drive|[silent]
|
|-heal|p1a: Junah|39/100 brn|[from] item: Leftovers
|-damage|p1a: Junah|33/100 brn|[from] brn
|upkeep
|
|t:|1758346464
|switch|p2a: Ting-Lu|Ting-Lu|8/100
|-ability|p2a: Ting-Lu|Vessel of Ruin
|turn|23
|
|t:|1758346470
|move|p1a: Junah|Psychic Noise|p2a: Ting-Lu
|-supereffective|p2a: Ting-Lu
|-damage|p2a: Ting-Lu|0 fnt
|faint|p2a: Ting-Lu
|
|-heal|p1a: Junah|39/100 brn|[from] item: Leftovers
|-damage|p1a: Junah|33/100 brn|[from] brn
|upkeep
|
|t:|1758346476
|switch|p2a: Dragapult|Dragapult, F|13/100
|turn|24
|
|t:|1758346482
|move|p2a: Dragapult|Hex|p1a: Junah
|-damage|p1a: Junah|0 fnt
|faint|p1a: Junah
|
|upkeep
|
|t:|1758346484
|switch|p1a: Eupha|Enamorus, F, shiny|100/100
|turn|25
|
|t:|1758346489
|move|p1a: Eupha|Moonblast|p2a: Dragapult
|-supereffective|p2a: Dragapult
|-damage|p2a: Dragapult|0 fnt
|faint|p2a: Dragapult
|
|win|raditzisthebest
|raw|raditzisthebest's rating: 1585 &rarr; <strong>1611</strong><br />(+26 for winning)
|raw|Shibuya Arc's rating: 1688 &rarr; <strong>1662</strong><br />(-26 for losing)
|l|☆Shibuya Arc
|player|p2|
|l|☆raditzisthebest
|player|p1|
