|j|‽tasty sardine 408
|j|☆Palm X
|t:|1758258256
|gametype|singles
|player|p1|tasty sardine 408|harlequin|1582
|player|p2|Palm X|caitlin|1528
|gen|9
|tier|[Gen 9] OU
|rated|
|rule|HP Percentage Mod: HP is shown in percentages
|rule|Endless Battle Clause: Forcing endless battles is banned
|rule|Species Clause: Limit one of each Pokémon
|rule|OHKO Clause: OHKO moves are banned
|rule|Evasion Items Clause: Evasion items are banned
|rule|Evasion Moves Clause: Evasion moves are banned
|rule|Evasion Abilities Clause: Evasion abilities are banned
|rule|Sleep Moves Clause: Sleep-inducing moves are banned
|clearpoke
|poke|p1|Umbreon, F|
|poke|p1|Serperior, M|
|poke|p1|Cresselia, F|
|poke|p1|Revavroom, M|
|poke|p1|Skeledirge, M|
|poke|p1|Manaphy|
|poke|p2|Jolteon, M|
|poke|p2|Skarmory, M|
|poke|p2|Great Tusk|
|poke|p2|Scizor, M|
|poke|p2|Iron Valiant|
|poke|p2|Slowking-Galar, F|
|teampreview
|inactive|Battle timer is ON: inactive players will automatically lose when time's up. (requested by Palm X)
|j| BigChiefQueef
|c|☆Palm X|can i be 409 pls
|inactive|Palm X has 120 seconds left.
|
|t:|1758258291
|teamsize|p1|6
|teamsize|p2|6
|start
|switch|p1a: Serperior|Serperior, M, shiny|100/100
|switch|p2a: Drank Man Please|Slowking-Galar, F|100/100
|turn|1
|
|t:|1758258308
|move|p1a: Serperior|Glare|p2a: Drank Man Please
|-status|p2a: Drank Man Please|par
|move|p2a: Drank Man Please|Ice Beam|p1a: Serperior
|-supereffective|p1a: Serperior
|-damage|p1a: Serperior|55/100
|
|-heal|p1a: Serperior|61/100|[from] item: Leftovers
|upkeep
|turn|2
|
|t:|1758258316
|switch|p1a: Umbreon|Umbreon, F, shiny|100/100
|move|p2a: Drank Man Please|Sludge Bomb|p1a: Umbreon
|-damage|p1a: Umbreon|82/100
|
|-heal|p1a: Umbreon|88/100|[from] item: Leftovers
|upkeep
|turn|3
|
|t:|1758258328
|move|p1a: Umbreon|Foul Play|p2a: Drank Man Please
|-supereffective|p2a: Drank Man Please
|-damage|p2a: Drank Man Please|62/100 par
|-prepare|p2a: Drank Man Please|Chilly Reception|[premajor]
|move|p2a: Drank Man Please|Chilly Reception|p2a: Drank Man Please
|-weather|Snowscape
|
|t:|1758258331
|switch|p2a: Food Stamps|Skarmory, M|100/100|[from] Chilly Reception
|
|-weather|Snowscape|[upkeep]
|-heal|p1a: Umbreon|94/100|[from] item: Leftovers
|upkeep
|turn|4
|
|t:|1758258340
|switch|p1a: Skeledirge|Skeledirge, M, shiny|100/100
|move|p2a: Food Stamps|Spikes|p1a: Skeledirge
|-sidestart|p1: tasty sardine 408|Spikes
|
|-weather|Snowscape|[upkeep]
|upkeep
|turn|5
|
|t:|1758258347
|switch|p2a: Drank Man Please|Slowking-Galar, F|96/100 par
|move|p1a: Skeledirge|Torch Song|p2a: Drank Man Please
|-damage|p2a: Drank Man Please|79/100 par
|-boost|p1a: Skeledirge|spa|1
|
|-weather|Snowscape|[upkeep]
|upkeep
|turn|6
|
|t:|1758258361
|move|p1a: Skeledirge|Hex|p2a: Drank Man Please
|-supereffective|p2a: Drank Man Please
|-damage|p2a: Drank Man Please|0 fnt
|faint|p2a: Drank Man Please
|
|-weather|Snowscape|[upkeep]
|upkeep
|
|t:|1758258365
|switch|p2a: Crimson Chin|Scizor, M|100/100
|turn|7
|
|t:|1758258370
|move|p2a: Crimson Chin|Bullet Punch|p1a: Skeledirge
|-resisted|p1a: Skeledirge
|-damage|p1a: Skeledirge|81/100
|move|p1a: Skeledirge|Torch Song|p2a: Crimson Chin
|-supereffective|p2a: Crimson Chin
|-damage|p2a: Crimson Chin|0 fnt
|-boost|p1a: Skeledirge|spa|1
|faint|p2a: Crimson Chin
|
|-weather|none
|upkeep
|
|t:|1758258373
|switch|p2a: Cap. Tin America|Iron Valiant|100/100
|turn|8
|j| wgw2333
|
|t:|1758258386
|move|p2a: Cap. Tin America|Knock Off|p1a: Skeledirge
|-supereffective|p1a: Skeledirge
|-damage|p1a: Skeledirge|6/100
|-enditem|p1a: Skeledirge|Heavy-Duty Boots|[from] move: Knock Off|[of] p2a: Cap. Tin America
|move|p1a: Skeledirge|Torch Song|p2a: Cap. Tin America
|-damage|p2a: Cap. Tin America|4/100
|-boost|p1a: Skeledirge|spa|1
|
|upkeep
|turn|9
|
|t:|1758258392
|move|p2a: Cap. Tin America|Knock Off|p1a: Skeledirge
|-supereffective|p1a: Skeledirge
|-damage|p1a: Skeledirge|0 fnt
|faint|p1a: Skeledirge
|
|upkeep
|
|t:|1758258405
|switch|p1a: Cresselia|Cresselia, F, shiny|100/100
|turn|10
|
|t:|1758258409
|-end|p2a: Cap. Tin America|Quark Drive|[silent]
|switch|p2a: Food Stamps|Skarmory, M|100/100
|move|p1a: Cresselia|Moonblast|p2a: Food Stamps
|-resisted|p2a: Food Stamps
|-damage|p2a: Food Stamps|93/100
|
|upkeep
|turn|11
|
|t:|1758258416
|switch|p1a: Serperior|Serperior, M, shiny|61/100
|-damage|p1a: Serperior|49/100|[from] Spikes
|switch|p2a: BigMeatPete|Jolteon, M|100/100
|
|-heal|p1a: Serperior|55/100|[from] item: Leftovers
|upkeep
|turn|12
|j| KappaHalo
|
|t:|1758258441
|move|p2a: BigMeatPete|Alluring Voice|p1a: Serperior
|-damage|p1a: Serperior|31/100
|move|p1a: Serperior|Synthesis|p1a: Serperior
|-heal|p1a: Serperior|81/100
|
|-heal|p1a: Serperior|87/100|[from] item: Leftovers
|upkeep
|turn|13
|j| AntdonPokemon
|
|t:|1758258450
|switch|p2a: Food Stamps|Skarmory, M|93/100
|move|p1a: Serperior|Leaf Storm|p2a: Food Stamps
|-resisted|p2a: Food Stamps
|-damage|p2a: Food Stamps|84/100
|-boost|p1a: Serperior|spa|2
|
|-heal|p1a: Serperior|93/100|[from] item: Leftovers
|upkeep
|turn|14
|
|t:|1758258457
|move|p1a: Serperior|Glare|p2a: Food Stamps
|-status|p2a: Food Stamps|par
|move|p2a: Food Stamps|Body Press|p1a: Serperior
|-damage|p1a: Serperior|69/100
|
|-heal|p1a: Serperior|75/100|[from] item: Leftovers
|upkeep
|turn|15
|
|t:|1758258476
|move|p1a: Serperior|Leaf Storm|p2a: Food Stamps|[miss]
|-miss|p1a: Serperior|p2a: Food Stamps
|move|p2a: Food Stamps|Iron Defense|p2a: Food Stamps
|-boost|p2a: Food Stamps|def|2
|
|-heal|p1a: Serperior|81/100|[from] item: Leftovers
|upkeep
|turn|16
|
|t:|1758258480
|-terastallize|p1a: Serperior|Electric
|move|p1a: Serperior|Tera Blast|p2a: Food Stamps|[anim] Tera Blast Electric
|-supereffective|p2a: Food Stamps
|-damage|p2a: Food Stamps|5/100 par
|cant|p2a: Food Stamps|par
|
|-heal|p1a: Serperior|88/100|[from] item: Leftovers
|upkeep
|turn|17
|
|t:|1758258492
|move|p1a: Serperior|Leaf Storm|p2a: Food Stamps
|-resisted|p2a: Food Stamps
|-damage|p2a: Food Stamps|0 fnt
|-boost|p1a: Serperior|spa|2
|faint|p2a: Food Stamps
|
|-heal|p1a: Serperior|94/100|[from] item: Leftovers
|upkeep
|
|t:|1758258495
|switch|p2a: Cap. Tin America|Iron Valiant|4/100
|turn|18
|
|t:|1758258512
|move|p2a: Cap. Tin America|Close Combat|p1a: Serperior
|-damage|p1a: Serperior|0 fnt
|-unboost|p2a: Cap. Tin America|def|1
|-unboost|p2a: Cap. Tin America|spd|1
|faint|p1a: Serperior
|
|upkeep
|
|t:|1758258515
|switch|p1a: Revavroom|Revavroom, M, shiny|100/100
|-item|p1a: Revavroom|Air Balloon
|turn|19
|
|t:|1758258519
|move|p2a: Cap. Tin America|Close Combat|p1a: Revavroom
|-damage|p1a: Revavroom|0 fnt
|-unboost|p2a: Cap. Tin America|def|1
|-unboost|p2a: Cap. Tin America|spd|1
|-enditem|p1a: Revavroom|Air Balloon
|faint|p1a: Revavroom
|
|upkeep
|
|t:|1758258536
|switch|p1a: Cresselia|Cresselia, F, shiny|100/100
|turn|20
|
|t:|1758258540
|-end|p2a: Cap. Tin America|Quark Drive|[silent]
|switch|p2a: BigMeatPete|Jolteon, M|100/100
|move|p1a: Cresselia|Moonblast|p2a: BigMeatPete
|-damage|p2a: BigMeatPete|77/100
|
|-heal|p2a: BigMeatPete|83/100|[from] item: Leftovers
|upkeep
|turn|21
|
|t:|1758258544
|move|p2a: BigMeatPete|Calm Mind|p2a: BigMeatPete
|-boost|p2a: BigMeatPete|spa|1
|-boost|p2a: BigMeatPete|spd|1
|move|p1a: Cresselia|Calm Mind|p1a: Cresselia
|-boost|p1a: Cresselia|spa|1
|-boost|p1a: Cresselia|spd|1
|
|-heal|p2a: BigMeatPete|89/100|[from] item: Leftovers
|upkeep
|turn|22
|
|t:|1758258546
|move|p2a: BigMeatPete|Calm Mind|p2a: BigMeatPete
|-boost|p2a: BigMeatPete|spa|1
|-boost|p2a: BigMeatPete|spd|1
|move|p1a: Cresselia|Calm Mind|p1a: Cresselia
|-boost|p1a: Cresselia|spa|1
|-boost|p1a: Cresselia|spd|1
|
|-heal|p2a: BigMeatPete|95/100|[from] item: Leftovers
|upkeep
|turn|23
|
|t:|1758258548
|move|p2a: BigMeatPete|Calm Mind|p2a: BigMeatPete
|-boost|p2a: BigMeatPete|spa|1
|-boost|p2a: BigMeatPete|spd|1
|move|p1a: Cresselia|Calm Mind|p1a: Cresselia
|-boost|p1a: Cresselia|spa|1
|-boost|p1a: Cresselia|spd|1
|
|-heal|p2a: BigMeatPete|100/100|[from] item: Leftovers
|upkeep
|turn|24
|
|t:|1758258549
|move|p2a: BigMeatPete|Calm Mind|p2a: BigMeatPete
|-boost|p2a: BigMeatPete|spa|1
|-boost|p2a: BigMeatPete|spd|1
|move|p1a: Cresselia|Calm Mind|p1a: Cresselia
|-boost|p1a: Cresselia|spa|1
|-boost|p1a: Cresselia|spd|1
|
|upkeep
|turn|25
|
|t:|1758258552
|move|p2a: BigMeatPete|Shadow Ball|p1a: Cresselia
|-supereffective|p1a: Cresselia
|-damage|p1a: Cresselia|66/100
|move|p1a: Cresselia|Calm Mind|p1a: Cresselia
|-boost|p1a: Cresselia|spa|1
|-boost|p1a: Cresselia|spd|1
|
|-heal|p1a: Cresselia|72/100|[from] item: Leftovers
|upkeep
|turn|26
|
|t:|1758258557
|move|p2a: BigMeatPete|Calm Mind|p2a: BigMeatPete
|-boost|p2a: BigMeatPete|spa|1
|-boost|p2a: BigMeatPete|spd|1
|move|p1a: Cresselia|Moonlight|p1a: Cresselia
|-heal|p1a: Cresselia|100/100
|
|upkeep
|turn|27
|
|t:|1758258560
|move|p2a: BigMeatPete|Calm Mind|p2a: BigMeatPete
|-boost|p2a: BigMeatPete|spa|1
|-boost|p2a: BigMeatPete|spd|1
|move|p1a: Cresselia|Stored Power|p2a: BigMeatPete
|-damage|p2a: BigMeatPete|38/100
|
|-heal|p2a: BigMeatPete|44/100|[from] item: Leftovers
|upkeep
|turn|28
|
|t:|1758258568
|move|p2a: BigMeatPete|Shadow Ball|p1a: Cresselia
|-supereffective|p1a: Cresselia
|-damage|p1a: Cresselia|64/100
|move|p1a: Cresselia|Stored Power|p2a: BigMeatPete
|-damage|p2a: BigMeatPete|0 fnt
|faint|p2a: BigMeatPete
|
|-heal|p1a: Cresselia|71/100|[from] item: Leftovers
|upkeep
|
|t:|1758258572
|switch|p2a: Cap. Tin America|Iron Valiant|4/100
|turn|29
|
|t:|1758258584
|-terastallize|p2a: Cap. Tin America|Dark
|move|p2a: Cap. Tin America|Knock Off|p1a: Cresselia
|-supereffective|p1a: Cresselia
|-damage|p1a: Cresselia|0 fnt
|-enditem|p1a: Cresselia|Leftovers|[from] move: Knock Off|[of] p2a: Cap. Tin America
|faint|p1a: Cresselia
|
|upkeep
|
|t:|1758258587
|switch|p1a: Umbreon|Umbreon, F, shiny|94/100
|-damage|p1a: Umbreon|82/100|[from] Spikes
|turn|30
|
|t:|1758258591
|-end|p2a: Cap. Tin America|Quark Drive|[silent]
|switch|p2a: BoySlowDown😭😂✌️|Great Tusk|100/100
|move|p1a: Umbreon|Protect||[still]
|-fail|p1a: Umbreon
|
|-heal|p1a: Umbreon|88/100|[from] item: Leftovers
|upkeep
|turn|31
|
|t:|1758258596
|move|p2a: BoySlowDown😭😂✌️|Bulk Up|p2a: BoySlowDown😭😂✌️
|-boost|p2a: BoySlowDown😭😂✌️|atk|1
|-boost|p2a: BoySlowDown😭😂✌️|def|1
|move|p1a: Umbreon|Toxic|p2a: BoySlowDown😭😂✌️
|-status|p2a: BoySlowDown😭😂✌️|tox
|
|-heal|p1a: Umbreon|94/100|[from] item: Leftovers
|-damage|p2a: BoySlowDown😭😂✌️|94/100 tox|[from] psn
|upkeep
|turn|32
|
|t:|1758258599
|move|p2a: BoySlowDown😭😂✌️|Bulk Up|p2a: BoySlowDown😭😂✌️
|-boost|p2a: BoySlowDown😭😂✌️|atk|1
|-boost|p2a: BoySlowDown😭😂✌️|def|1
|move|p1a: Umbreon|Foul Play|p2a: BoySlowDown😭😂✌️
|-resisted|p2a: BoySlowDown😭😂✌️
|-damage|p2a: BoySlowDown😭😂✌️|83/100 tox
|
|-heal|p2a: BoySlowDown😭😂✌️|90/100 tox|[from] item: Leftovers
|-heal|p1a: Umbreon|99/100|[from] item: Leftovers
|-damage|p2a: BoySlowDown😭😂✌️|77/100 tox|[from] psn
|upkeep
|turn|33
|
|t:|1758258603
|move|p1a: Umbreon|Protect|p1a: Umbreon
|-singleturn|p1a: Umbreon|Protect
|move|p2a: BoySlowDown😭😂✌️|Headlong Rush|p1a: Umbreon
|-activate|p1a: Umbreon|move: Protect
|
|-heal|p2a: BoySlowDown😭😂✌️|83/100 tox|[from] item: Leftovers
|-heal|p1a: Umbreon|100/100|[from] item: Leftovers
|-damage|p2a: BoySlowDown😭😂✌️|65/100 tox|[from] psn
|upkeep
|turn|34
|
|t:|1758258606
|move|p2a: BoySlowDown😭😂✌️|Headlong Rush|p1a: Umbreon
|-damage|p1a: Umbreon|33/100
|-unboost|p2a: BoySlowDown😭😂✌️|def|1
|-unboost|p2a: BoySlowDown😭😂✌️|spd|1
|move|p1a: Umbreon|Wish|p1a: Umbreon
|
|-heal|p2a: BoySlowDown😭😂✌️|71/100 tox|[from] item: Leftovers
|-heal|p1a: Umbreon|39/100|[from] item: Leftovers
|-damage|p2a: BoySlowDown😭😂✌️|46/100 tox|[from] psn
|upkeep
|turn|35
|
|t:|1758258611
|move|p2a: BoySlowDown😭😂✌️|Bulk Up|p2a: BoySlowDown😭😂✌️
|-boost|p2a: BoySlowDown😭😂✌️|atk|1
|-boost|p2a: BoySlowDown😭😂✌️|def|1
|move|p1a: Umbreon|Foul Play|p2a: BoySlowDown😭😂✌️
|-resisted|p2a: BoySlowDown😭😂✌️
|-damage|p2a: BoySlowDown😭😂✌️|33/100 tox
|
|-heal|p1a: Umbreon|89/100|[from] move: Wish|[wisher] Umbreon
|-heal|p2a: BoySlowDown😭😂✌️|40/100 tox|[from] item: Leftovers
|-heal|p1a: Umbreon|95/100|[from] item: Leftovers
|-damage|p2a: BoySlowDown😭😂✌️|9/100 tox|[from] psn
|upkeep
|turn|36
|
|t:|1758258615
|move|p1a: Umbreon|Protect|p1a: Umbreon
|-singleturn|p1a: Umbreon|Protect
|move|p2a: BoySlowDown😭😂✌️|Headlong Rush|p1a: Umbreon
|-activate|p1a: Umbreon|move: Protect
|
|-heal|p2a: BoySlowDown😭😂✌️|15/100 tox|[from] item: Leftovers
|-heal|p1a: Umbreon|100/100|[from] item: Leftovers
|-damage|p2a: BoySlowDown😭😂✌️|0 fnt|[from] psn
|faint|p2a: BoySlowDown😭😂✌️
|-end|p2a: BoySlowDown😭😂✌️|Protosynthesis|[silent]
|upkeep
|
|t:|1758258618
|switch|p2a: Cap. Tin America|Iron Valiant, tera:Dark|4/100
|turn|37
|
|t:|1758258620
|move|p2a: Cap. Tin America|Close Combat|p1a: Umbreon
|-supereffective|p1a: Umbreon
|-damage|p1a: Umbreon|0 fnt
|-unboost|p2a: Cap. Tin America|def|1
|-unboost|p2a: Cap. Tin America|spd|1
|faint|p1a: Umbreon
|
|upkeep
|
|t:|1758258623
|switch|p1a: Manaphy|Manaphy, shiny|100/100
|-damage|p1a: Manaphy|88/100|[from] Spikes
|turn|38
|
|t:|1758258625
|move|p2a: Cap. Tin America|Close Combat|p1a: Manaphy
|-damage|p1a: Manaphy|16/100
|-unboost|p2a: Cap. Tin America|def|1
|-unboost|p2a: Cap. Tin America|spd|1
|move|p1a: Manaphy|Scald|p2a: Cap. Tin America
|-damage|p2a: Cap. Tin America|0 fnt
|faint|p2a: Cap. Tin America
|-end|p2a: Cap. Tin America|Quark Drive|[silent]
|
|win|tasty sardine 408
|raw|tasty sardine 408's rating: 1582 &rarr; <strong>1599</strong><br />(+17 for winning)
|raw|Palm X's rating: 1528 &rarr; <strong>1511</strong><br />(-17 for losing)
|c|☆Palm X|gg
|l|‽tasty sardine 408
|player|p1|
|l|☆Palm X
|player|p2|
|l| BigChiefQueef
|l| AntdonPokemon
|l| KappaHalo
