|j|☆darkmaniman+minus
|j|☆pokefanfdj
|t:|1758266708
|gametype|singles
|player|p1|darkmaniman+minus|palmer|1395
|player|p2|pokefanfdj|1|1377
|gen|9
|tier|[Gen 9] OU
|rated|
|rule|HP Percentage Mod: HP is shown in percentages
|rule|Endless Battle Clause: Forcing endless battles is banned
|rule|Species Clause: Limit one of each Pokémon
|rule|OHKO Clause: OHKO moves are banned
|rule|Evasion Items Clause: Evasion items are banned
|rule|Evasion Moves Clause: Evasion moves are banned
|rule|Evasion Abilities Clause: Evasion abilities are banned
|rule|Sleep Moves Clause: Sleep-inducing moves are banned
|clearpoke
|poke|p1|Drifblim, M|
|poke|p1|Rillaboom, M|
|poke|p1|Magnezone|
|poke|p1|Muk-Alola, F|
|poke|p1|Ting-Lu|
|poke|p1|Corviknight, F|
|poke|p2|Kleavor, F|
|poke|p2|Brambleghast, M|
|poke|p2|Moltres|
|poke|p2|Mamoswine, M|
|poke|p2|Kingambit, F|
|poke|p2|Blissey, F|
|teampreview
|
|t:|1758266712
|teamsize|p1|6
|teamsize|p2|6
|start
|switch|p1a: Rillaboom|Rillaboom, M|100/100
|switch|p2a: Kleavor|Kleavor, F|100/100
|-fieldstart|move: Grassy Terrain|[from] ability: Grassy Surge|[of] p1a: Rillaboom
|turn|1
|inactive|Battle timer is ON: inactive players will automatically lose when time's up. (requested by pokefanfdj)
|
|t:|1758266719
|move|p1a: Rillaboom|Grassy Glide|p2a: Kleavor
|-damage|p2a: Kleavor|47/100
|move|p2a: Kleavor|Tailwind|p2a: Kleavor
|-sidestart|p2: pokefanfdj|move: Tailwind
|
|-heal|p2a: Kleavor|53/100|[from] Grassy Terrain
|upkeep
|turn|2
|
|t:|1758266722
|move|p1a: Rillaboom|Grassy Glide|p2a: Kleavor
|-damage|p2a: Kleavor|3/100
|move|p2a: Kleavor|Stone Axe|p1a: Rillaboom
|-damage|p1a: Rillaboom|56/100
|-sidestart|p1: darkmaniman+minus|move: Stealth Rock
|
|-heal|p2a: Kleavor|9/100|[from] Grassy Terrain
|-heal|p1a: Rillaboom|62/100|[from] Grassy Terrain
|upkeep
|turn|3
|
|t:|1758266737
|switch|p2a: Moltres|Moltres|100/100
|switch|p1a: Muk|Muk-Alola, F|100/100
|-damage|p1a: Muk|88/100|[from] Stealth Rock
|
|-heal|p1a: Muk|94/100|[from] Grassy Terrain
|-heal|p1a: Muk|99/100|[from] item: Leftovers
|upkeep
|turn|4
|
|t:|1758266747
|move|p2a: Moltres|Fire Blast|p1a: Muk
|-damage|p1a: Muk|70/100
|-status|p1a: Muk|brn
|move|p1a: Muk|Knock Off|p2a: Moltres
|-damage|p2a: Moltres|84/100
|-enditem|p2a: Moltres|Heavy-Duty Boots|[from] move: Knock Off|[of] p1a: Muk
|
|-heal|p1a: Muk|76/100 brn|[from] Grassy Terrain
|-heal|p1a: Muk|82/100 brn|[from] item: Leftovers
|-damage|p1a: Muk|76/100 brn|[from] brn
|-sideend|p2: pokefanfdj|move: Tailwind
|upkeep
|turn|5
|
|t:|1758266753
|move|p2a: Moltres|Tailwind|p2a: Moltres
|-sidestart|p2: pokefanfdj|move: Tailwind
|move|p1a: Muk|Knock Off|p2a: Moltres
|-damage|p2a: Moltres|72/100
|-status|p2a: Moltres|psn|[from] ability: Poison Touch|[of] p1a: Muk
|
|-heal|p1a: Muk|82/100 brn|[from] Grassy Terrain
|-heal|p1a: Muk|88/100 brn|[from] item: Leftovers
|-damage|p2a: Moltres|60/100 psn|[from] psn
|-damage|p1a: Muk|82/100 brn|[from] brn
|upkeep
|turn|6
|
|t:|1758266760
|move|p2a: Moltres|Air Slash|p1a: Muk
|-damage|p1a: Muk|58/100 brn
|move|p1a: Muk|Rest|p1a: Muk
|-status|p1a: Muk|slp|[from] move: Rest
|-heal|p1a: Muk|100/100 slp|[silent]
|
|-damage|p2a: Moltres|48/100 psn|[from] psn
|upkeep
|turn|7
|
|t:|1758266780
|switch|p2a: Kingambit|Kingambit, F|100/100
|cant|p1a: Muk|slp
|move|p1a: Muk|Sleep Talk|p1a: Muk
|move|p1a: Muk|Poison Jab|p2a: Kingambit|[from] move: Sleep Talk
|-immune|p2a: Kingambit
|
|upkeep
|turn|8
|
|t:|1758266791
|switch|p1a: Corviknight|Corviknight, F|100/100
|-damage|p1a: Corviknight|88/100|[from] Stealth Rock
|-ability|p1a: Corviknight|Pressure
|move|p2a: Kingambit|Swords Dance|p2a: Kingambit
|-boost|p2a: Kingambit|atk|2
|
|-heal|p1a: Corviknight|94/100|[from] item: Leftovers
|-sideend|p2: pokefanfdj|move: Tailwind
|-fieldend|move: Grassy Terrain
|upkeep
|turn|9
|
|t:|1758266804
|move|p2a: Kingambit|Kowtow Cleave|p1a: Corviknight
|-damage|p1a: Corviknight|33/100
|move|p1a: Corviknight|Iron Defense|p1a: Corviknight
|-boost|p1a: Corviknight|def|2
|
|-heal|p1a: Corviknight|39/100|[from] item: Leftovers
|upkeep
|turn|10
|
|t:|1758266808
|move|p2a: Kingambit|Kowtow Cleave|p1a: Corviknight
|-damage|p1a: Corviknight|8/100
|move|p1a: Corviknight|Roost|p1a: Corviknight
|-heal|p1a: Corviknight|58/100
|-singleturn|p1a: Corviknight|move: Roost
|
|-heal|p1a: Corviknight|64/100|[from] item: Leftovers
|upkeep
|turn|11
|
|t:|1758266816
|move|p2a: Kingambit|Kowtow Cleave|p1a: Corviknight
|-damage|p1a: Corviknight|28/100
|move|p1a: Corviknight|Defog|p2a: Kingambit
|-unboost|p2a: Kingambit|evasion|1
|-sideend|p1: darkmaniman+minus|Stealth Rock|[from] move: Defog|[of] p1a: Corviknight
|
|-heal|p1a: Corviknight|34/100|[from] item: Leftovers
|upkeep
|turn|12
|
|t:|1758266823
|-terastallize|p2a: Kingambit|Flying
|move|p2a: Kingambit|Swords Dance|p2a: Kingambit
|-boost|p2a: Kingambit|atk|2
|move|p1a: Corviknight|Roost|p1a: Corviknight
|-heal|p1a: Corviknight|84/100
|-singleturn|p1a: Corviknight|move: Roost
|
|-heal|p1a: Corviknight|90/100|[from] item: Leftovers
|upkeep
|turn|13
|
|t:|1758266842
|move|p2a: Kingambit|Kowtow Cleave|p1a: Corviknight
|-damage|p1a: Corviknight|39/100
|move|p1a: Corviknight|Iron Defense|p1a: Corviknight
|-boost|p1a: Corviknight|def|2
|
|-heal|p1a: Corviknight|45/100|[from] item: Leftovers
|upkeep
|turn|14
|
|t:|1758266848
|move|p2a: Kingambit|Kowtow Cleave|p1a: Corviknight
|-damage|p1a: Corviknight|10/100
|move|p1a: Corviknight|Roost|p1a: Corviknight
|-heal|p1a: Corviknight|60/100
|-singleturn|p1a: Corviknight|move: Roost
|
|-heal|p1a: Corviknight|66/100|[from] item: Leftovers
|upkeep
|turn|15
|
|t:|1758266850
|move|p2a: Kingambit|Kowtow Cleave|p1a: Corviknight
|-damage|p1a: Corviknight|35/100
|move|p1a: Corviknight|Iron Defense|p1a: Corviknight
|-boost|p1a: Corviknight|def|2
|
|-heal|p1a: Corviknight|41/100|[from] item: Leftovers
|upkeep
|turn|16
|
|t:|1758266854
|move|p2a: Kingambit|Kowtow Cleave|p1a: Corviknight
|-damage|p1a: Corviknight|18/100
|move|p1a: Corviknight|Roost|p1a: Corviknight
|-heal|p1a: Corviknight|68/100
|-singleturn|p1a: Corviknight|move: Roost
|
|-heal|p1a: Corviknight|74/100|[from] item: Leftovers
|upkeep
|turn|17
|
|t:|1758266857
|move|p2a: Kingambit|Low Kick|p1a: Corviknight
|-damage|p1a: Corviknight|62/100
|move|p1a: Corviknight|Defog|p2a: Kingambit
|-unboost|p2a: Kingambit|evasion|1
|
|-heal|p1a: Corviknight|68/100|[from] item: Leftovers
|upkeep
|turn|18
|
|t:|1758266861
|move|p2a: Kingambit|Low Kick|p1a: Corviknight
|-damage|p1a: Corviknight|55/100
|move|p1a: Corviknight|Defog|p2a: Kingambit
|-unboost|p2a: Kingambit|evasion|1
|
|-heal|p1a: Corviknight|61/100|[from] item: Leftovers
|upkeep
|turn|19
|
|t:|1758266866
|move|p2a: Kingambit|Low Kick|p1a: Corviknight
|-damage|p1a: Corviknight|48/100
|move|p1a: Corviknight|Defog|p2a: Kingambit
|-unboost|p2a: Kingambit|evasion|1
|
|-heal|p1a: Corviknight|54/100|[from] item: Leftovers
|upkeep
|turn|20
|
|t:|1758266869
|move|p2a: Kingambit|Low Kick|p1a: Corviknight
|-damage|p1a: Corviknight|41/100
|move|p1a: Corviknight|Defog|p2a: Kingambit
|-unboost|p2a: Kingambit|evasion|1
|
|-heal|p1a: Corviknight|47/100|[from] item: Leftovers
|upkeep
|turn|21
|
|t:|1758266871
|move|p2a: Kingambit|Low Kick|p1a: Corviknight
|-damage|p1a: Corviknight|35/100
|move|p1a: Corviknight|Roost|p1a: Corviknight
|-heal|p1a: Corviknight|85/100
|-singleturn|p1a: Corviknight|move: Roost
|
|-heal|p1a: Corviknight|91/100|[from] item: Leftovers
|upkeep
|turn|22
|
|t:|1758266873
|move|p2a: Kingambit|Swords Dance|p2a: Kingambit
|-boost|p2a: Kingambit|atk|2
|move|p1a: Corviknight|Defog|p2a: Kingambit
|-unboost|p2a: Kingambit|evasion|1
|
|-heal|p1a: Corviknight|97/100|[from] item: Leftovers
|upkeep
|turn|23
|
|t:|1758266876
|move|p2a: Kingambit|Low Kick|p1a: Corviknight
|-crit|p1a: Corviknight
|-damage|p1a: Corviknight|0 fnt
|faint|p1a: Corviknight
|
|upkeep
|
|t:|1758266888
|switch|p1a: Rillaboom|Rillaboom, M|62/100
|-fieldstart|move: Grassy Terrain|[from] ability: Grassy Surge|[of] p1a: Rillaboom
|turn|24
|
|t:|1758266894
|move|p2a: Kingambit|Kowtow Cleave|p1a: Rillaboom
|-damage|p1a: Rillaboom|0 fnt
|faint|p1a: Rillaboom
|
|upkeep
|
|t:|1758266897
|switch|p1a: Drifblim|Drifblim, M|100/100
|-enditem|p1a: Drifblim|Grassy Seed
|-boost|p1a: Drifblim|def|1|[from] item: Grassy Seed
|turn|25
|
|t:|1758266902
|move|p1a: Drifblim|Will-O-Wisp|p2a: Kingambit
|-status|p2a: Kingambit|brn
|move|p2a: Kingambit|Kowtow Cleave|p1a: Drifblim
|-supereffective|p1a: Drifblim
|-damage|p1a: Drifblim|0 fnt
|faint|p1a: Drifblim
|
|-damage|p2a: Kingambit|94/100 brn|[from] brn
|upkeep
|
|t:|1758266914
|switch|p1a: Magnezone|Magnezone|100/100
|turn|26
|
|t:|1758266919
|move|p2a: Kingambit|Low Kick|p1a: Magnezone
|-supereffective|p1a: Magnezone
|-damage|p1a: Magnezone|0 fnt
|faint|p1a: Magnezone
|
|-damage|p2a: Kingambit|88/100 brn|[from] brn
|upkeep
|
|t:|1758266922
|switch|p1a: Ting-Lu|Ting-Lu|100/100
|-ability|p1a: Ting-Lu|Vessel of Ruin
|turn|27
|-message|darkmaniman+minus forfeited.
|
|win|pokefanfdj
|raw|darkmaniman+minus's rating: 1395 &rarr; <strong>1374</strong><br />(-21 for losing)
|raw|pokefanfdj's rating: 1377 &rarr; <strong>1398</strong><br />(+21 for winning)
|l|☆darkmaniman+minus
|player|p1|
|l|☆pokefanfdj
|player|p2|
