|j|☆Bob Sinclair
|j|☆QingKe
|t:|1758273275
|gametype|singles
|player|p1|Bob Sinclair|101|1410
|player|p2|QingKe|102|1407
|gen|9
|tier|[Gen 9] OU
|rated|
|rule|HP Percentage Mod: HP is shown in percentages
|rule|Endless Battle Clause: Forcing endless battles is banned
|rule|Species Clause: Limit one of each Pokémon
|rule|OHKO Clause: OHKO moves are banned
|rule|Evasion Items Clause: Evasion items are banned
|rule|Evasion Moves Clause: Evasion moves are banned
|rule|Evasion Abilities Clause: Evasion abilities are banned
|rule|Sleep Moves Clause: Sleep-inducing moves are banned
|clearpoke
|poke|p1|Garganacl, F|
|poke|p1|Dragapult, F|
|poke|p1|Ogerpon-Wellspring, F|
|poke|p1|Moltres|
|poke|p1|Zamazenta-*|
|poke|p1|Iron Treads|
|poke|p2|Walking Wake|
|poke|p2|Landorus-Therian, M|
|poke|p2|Leafeon, F|
|poke|p2|Heatran, M|
|poke|p2|Torkoal, M|
|poke|p2|Hatterene, F|
|teampreview
|inactive|Battle timer is ON: inactive players will automatically lose when time's up. (requested by QingKe)
|
|t:|1758273299
|teamsize|p1|6
|teamsize|p2|6
|start
|switch|p1a: Dragapult|Dragapult, F|100/100
|switch|p2a: Torkoal|Torkoal, M|100/100
|-weather|SunnyDay|[from] ability: Drought|[of] p2a: Torkoal
|turn|1
|
|t:|1758273305
|switch|p2a: Hatterene|Hatterene, F, shiny|100/100
|move|p1a: Dragapult|Draco Meteor|p2a: Hatterene
|-immune|p2a: Hatterene
|
|-weather|SunnyDay|[upkeep]
|upkeep
|turn|2
|
|t:|1758273327
|move|p1a: Dragapult|U-turn|p2a: Hatterene
|-damage|p2a: Hatterene|83/100
|-enditem|p2a: Hatterene|Eject Button
|
|t:|1758273341
|switch|p2a: Leafeon|Leafeon, F, shiny|100/100
|
|-weather|SunnyDay|[upkeep]
|upkeep
|turn|3
|
|t:|1758273348
|switch|p1a: Moltres|Moltres|100/100
|move|p2a: Leafeon|Knock Off|p1a: Moltres
|-damage|p1a: Moltres|69/100
|-enditem|p1a: Moltres|Heavy-Duty Boots|[from] move: Knock Off|[of] p2a: Leafeon
|-damage|p2a: Leafeon|91/100|[from] item: Life Orb
|
|-weather|SunnyDay|[upkeep]
|upkeep
|turn|4
|
|t:|1758273376
|switch|p2a: Heatran|Heatran, M|100/100
|switch|p1a: Iron Treads|Iron Treads|100/100
|
|-weather|SunnyDay|[upkeep]
|upkeep
|turn|5
|inactive|QingKe has 120 seconds left.
|inactive|QingKe has 90 seconds left.
|
|t:|1758273427
|switch|p2a: Landorus|Landorus-Therian, M|100/100
|-ability|p2a: Landorus|Intimidate|boost
|-unboost|p1a: Iron Treads|atk|1
|move|p1a: Iron Treads|Stealth Rock|p2a: Landorus
|-sidestart|p2: QingKe|move: Stealth Rock
|
|-weather|SunnyDay|[upkeep]
|upkeep
|turn|6
|inactive|QingKe has 90 seconds left.
|
|t:|1758273439
|-end|p1a: Iron Treads|Quark Drive|[silent]
|switch|p1a: Moltres|Moltres|69/100
|move|p2a: Landorus|Stone Edge|p1a: Moltres
|-supereffective|p1a: Moltres
|-damage|p1a: Moltres|0 fnt
|faint|p1a: Moltres
|
|-weather|SunnyDay|[upkeep]
|upkeep
|
|t:|1758273449
|switch|p1a: Ogerpon|Ogerpon-Wellspring, F|100/100
|turn|7
|inactive|QingKe has 90 seconds left.
|
|t:|1758273483
|move|p1a: Ogerpon|Swords Dance|p1a: Ogerpon
|-boost|p1a: Ogerpon|atk|2
|move|p2a: Landorus|Taunt|p1a: Ogerpon
|-start|p1a: Ogerpon|move: Taunt
|
|-weather|SunnyDay|[upkeep]
|upkeep
|turn|8
|
|t:|1758273492
|move|p1a: Ogerpon|Trailblaze|p2a: Landorus
|-damage|p2a: Landorus|49/100
|-boost|p1a: Ogerpon|spe|1
|move|p2a: Landorus|U-turn|p1a: Ogerpon
|-supereffective|p1a: Ogerpon
|-damage|p1a: Ogerpon|41/100
|inactive|QingKe has 60 seconds left.
|
|t:|1758273513
|switch|p2a: Hatterene|Hatterene, F, shiny|83/100|[from] U-turn
|-damage|p2a: Hatterene|71/100|[from] Stealth Rock
|
|-weather|none
|upkeep
|turn|9
|inactive|QingKe has 60 seconds left.
|
|t:|1758273524
|switch|p2a: Landorus|Landorus-Therian, M|49/100
|-damage|p2a: Landorus|37/100|[from] Stealth Rock
|-ability|p2a: Landorus|Intimidate|boost
|-unboost|p1a: Ogerpon|atk|1
|move|p1a: Ogerpon|Ivy Cudgel|p2a: Landorus|[anim] Ivy Cudgel Water
|-supereffective|p2a: Landorus
|-crit|p2a: Landorus
|-damage|p2a: Landorus|0 fnt
|faint|p2a: Landorus
|
|upkeep
|
|t:|1758273527
|switch|p2a: Torkoal|Torkoal, M|100/100
|-damage|p2a: Torkoal|75/100|[from] Stealth Rock
|-weather|SunnyDay|[from] ability: Drought|[of] p2a: Torkoal
|turn|10
|
|t:|1758273537
|-terastallize|p1a: Ogerpon|Water
|detailschange|p1a: Ogerpon|Ogerpon-Wellspring-Tera, F, tera:Water
|-ability|p1a: Ogerpon|Embody Aspect (Wellspring)|boost
|-boost|p1a: Ogerpon|spd|1
|move|p1a: Ogerpon|Ivy Cudgel|p2a: Torkoal|[anim] Ivy Cudgel Water
|-supereffective|p2a: Torkoal
|-damage|p2a: Torkoal|19/100
|move|p2a: Torkoal|Will-O-Wisp|p1a: Ogerpon|[miss]
|-miss|p2a: Torkoal|p1a: Ogerpon
|
|-weather|SunnyDay|[upkeep]
|-end|p1a: Ogerpon|move: Taunt
|upkeep
|turn|11
|
|t:|1758273555
|move|p1a: Ogerpon|Ivy Cudgel|p2a: Torkoal|[anim] Ivy Cudgel Water
|-supereffective|p2a: Torkoal
|-damage|p2a: Torkoal|0 fnt
|faint|p2a: Torkoal
|
|-weather|SunnyDay|[upkeep]
|upkeep
|
|t:|1758273558
|switch|p2a: Leafeon|Leafeon, F, shiny|91/100
|-damage|p2a: Leafeon|78/100|[from] Stealth Rock
|turn|12
|
|t:|1758273580
|move|p2a: Leafeon|Swords Dance|p2a: Leafeon
|-boost|p2a: Leafeon|atk|2
|move|p1a: Ogerpon|Ivy Cudgel|p2a: Leafeon|[anim] Ivy Cudgel Water
|-resisted|p2a: Leafeon
|-damage|p2a: Leafeon|49/100
|
|-weather|SunnyDay|[upkeep]
|upkeep
|turn|13
|
|t:|1758273588
|move|p2a: Leafeon|Solar Blade||[still]
|-prepare|p2a: Leafeon|Solar Blade
|-anim|p2a: Leafeon|Solar Blade|p1a: Ogerpon
|-supereffective|p1a: Ogerpon
|-damage|p1a: Ogerpon|0 fnt
|faint|p1a: Ogerpon
|detailschange|p1: Ogerpon|Ogerpon-Wellspring, F|[silent]
|-damage|p2a: Leafeon|39/100|[from] item: Life Orb
|
|-weather|SunnyDay|[upkeep]
|upkeep
|
|t:|1758273600
|switch|p1a: Zamazenta|Zamazenta|100/100
|-ability|p1a: Zamazenta|Dauntless Shield|boost
|-boost|p1a: Zamazenta|def|1
|turn|14
|inactive|QingKe has 90 seconds left.
|
|t:|1758273609
|move|p2a: Leafeon|Knock Off|p1a: Zamazenta
|-resisted|p1a: Zamazenta
|-damage|p1a: Zamazenta|75/100
|-enditem|p1a: Zamazenta|Expert Belt|[from] move: Knock Off|[of] p2a: Leafeon
|-damage|p2a: Leafeon|29/100|[from] item: Life Orb
|move|p1a: Zamazenta|Heavy Slam|p2a: Leafeon
|-damage|p2a: Leafeon|0 fnt
|faint|p2a: Leafeon
|
|-weather|SunnyDay|[upkeep]
|upkeep
|inactive|QingKe has 90 seconds left.
|
|t:|1758273617
|switch|p2a: Walking Wake|Walking Wake|100/100
|-damage|p2a: Walking Wake|88/100|[from] Stealth Rock
|-activate|p2a: Walking Wake|ability: Protosynthesis
|-start|p2a: Walking Wake|protosynthesisspa
|turn|15
|
|t:|1758273629
|move|p1a: Zamazenta|Close Combat|p2a: Walking Wake
|-damage|p2a: Walking Wake|29/100
|-unboost|p1a: Zamazenta|def|1
|-unboost|p1a: Zamazenta|spd|1
|move|p2a: Walking Wake|Hydro Steam|p1a: Zamazenta
|-damage|p1a: Zamazenta|0 fnt
|faint|p1a: Zamazenta
|
|-weather|SunnyDay|[upkeep]
|upkeep
|
|t:|1758273641
|switch|p1a: Dragapult|Dragapult, F|100/100
|turn|16
|
|t:|1758273648
|move|p1a: Dragapult|Hex|p2a: Walking Wake
|-damage|p2a: Walking Wake|0 fnt
|faint|p2a: Walking Wake
|-end|p2a: Walking Wake|Protosynthesis|[silent]
|
|-weather|SunnyDay|[upkeep]
|upkeep
|
|t:|1758273665
|switch|p2a: Hatterene|Hatterene, F, shiny|71/100
|-damage|p2a: Hatterene|58/100|[from] Stealth Rock
|turn|17
|
|t:|1758273672
|move|p1a: Dragapult|Hex|p2a: Hatterene
|-supereffective|p2a: Hatterene
|-damage|p2a: Hatterene|3/100
|move|p2a: Hatterene|Healing Wish|p2a: Hatterene
|faint|p2a: Hatterene
|
|-weather|none
|upkeep
|
|t:|1758273680
|switch|p2a: Heatran|Heatran, M|100/100
|-damage|p2a: Heatran|88/100|[from] Stealth Rock
|turn|18
|-message|QingKe forfeited.
|
|win|Bob Sinclair
|raw|Bob Sinclair's rating: 1410 &rarr; <strong>1430</strong><br />(+20 for winning)
|raw|QingKe's rating: 1407 &rarr; <strong>1387</strong><br />(-20 for losing)
|l|☆QingKe
|player|p2|
|l|☆Bob Sinclair
|player|p1|
