|j|☆cjd452738
|j|☆Eclipse222
|t:|1758297738
|gametype|singles
|player|p1|cjd452738|pokemaniac|1148
|player|p2|Eclipse222|2|1180
|gen|9
|tier|[Gen 9] OU
|rated|
|rule|HP Percentage Mod: HP is shown in percentages
|rule|Endless Battle Clause: Forcing endless battles is banned
|rule|Species Clause: Limit one of each Pokémon
|rule|OHKO Clause: OHKO moves are banned
|rule|Evasion Items Clause: Evasion items are banned
|rule|Evasion Moves Clause: Evasion moves are banned
|rule|Evasion Abilities Clause: Evasion abilities are banned
|rule|Sleep Moves Clause: Sleep-inducing moves are banned
|clearpoke
|poke|p1|Decidueye-Hisui, F|
|poke|p1|Glaceon, F|
|poke|p1|Lucario, M|
|poke|p1|Ambipom, M|
|poke|p1|Spiritomb, F|
|poke|p1|Garchomp, F|
|poke|p2|Garganacl, M|
|poke|p2|Great Tusk|
|poke|p2|Ogerpon-Wellspring, F|
|poke|p2|Corviknight, M|
|poke|p2|Iron Moth|
|poke|p2|Raging Bolt|
|teampreview
|
|t:|1758297746
|teamsize|p1|6
|teamsize|p2|6
|start
|switch|p1a: Glaceon|Glaceon, F|100/100
|switch|p2a: Garganacl|Garganacl, M|100/100
|turn|1
|
|t:|1758297754
|-terastallize|p1a: Glaceon|Ground
|move|p1a: Glaceon|Tera Blast|p2a: Garganacl|[anim] Tera Blast Ground
|-supereffective|p2a: Garganacl
|-damage|p2a: Garganacl|35/100
|move|p2a: Garganacl|Salt Cure|p1a: Glaceon
|-resisted|p1a: Glaceon
|-damage|p1a: Glaceon|91/100
|-start|p1a: Glaceon|Salt Cure
|
|-heal|p2a: Garganacl|41/100|[from] item: Leftovers
|-damage|p1a: Glaceon|79/100|[from] Salt Cure
|upkeep
|turn|2
|
|t:|1758297772
|switch|p2a: Corviknight|Corviknight, M|100/100
|-ability|p2a: Corviknight|Pressure
|move|p1a: Glaceon|Blizzard|p2a: Corviknight
|-damage|p2a: Corviknight|48/100
|
|-heal|p2a: Corviknight|55/100|[from] item: Leftovers
|-damage|p1a: Glaceon|67/100|[from] Salt Cure
|upkeep
|turn|3
|
|t:|1758297791
|switch|p2a: Ogerpon|Ogerpon-Wellspring, F|100/100
|move|p1a: Glaceon|Blizzard|p2a: Ogerpon
|-damage|p2a: Ogerpon|38/100
|
|-damage|p1a: Glaceon|55/100|[from] Salt Cure
|upkeep
|turn|4
|
|t:|1758297799
|move|p2a: Ogerpon|Horn Leech|p1a: Glaceon
|-supereffective|p1a: Glaceon
|-damage|p1a: Glaceon|0 fnt
|-heal|p2a: Ogerpon|63/100|[from] drain|[of] p1a: Glaceon
|faint|p1a: Glaceon
|
|upkeep
|
|t:|1758297815
|switch|p1a: Ambipom|Ambipom, M|100/100
|turn|5
|
|t:|1758297828
|move|p1a: Ambipom|Triple Axel|p2a: Ogerpon
|-damage|p2a: Ogerpon|52/100
|-damage|p2a: Ogerpon|30/100
|-damage|p2a: Ogerpon|0 fnt
|faint|p2a: Ogerpon
|-hitcount|p2: Ogerpon|3
|
|upkeep
|
|t:|1758297835
|switch|p2a: Great Tusk|Great Tusk|100/100
|turn|6
|
|t:|1758297844
|move|p1a: Ambipom|U-turn|p2a: Great Tusk
|-resisted|p2a: Great Tusk
|-damage|p2a: Great Tusk|94/100
|
|t:|1758297848
|switch|p1a: Spiritomb|Spiritomb, F|100/100|[from] U-turn
|move|p2a: Great Tusk|Close Combat|p1a: Spiritomb
|-immune|p1a: Spiritomb
|
|upkeep
|turn|7
|
|t:|1758297858
|move|p2a: Great Tusk|Knock Off|p1a: Spiritomb
|-crit|p1a: Spiritomb
|-damage|p1a: Spiritomb|60/100
|-enditem|p1a: Spiritomb|Leftovers|[from] move: Knock Off|[of] p2a: Great Tusk
|move|p1a: Spiritomb|Will-O-Wisp|p2a: Great Tusk
|-status|p2a: Great Tusk|brn
|
|-damage|p2a: Great Tusk|87/100 brn|[from] brn
|upkeep
|turn|8
|
|t:|1758297871
|-end|p2a: Great Tusk|Protosynthesis|[silent]
|switch|p2a: Garganacl|Garganacl, M|41/100
|move|p1a: Spiritomb|Hex|p2a: Garganacl
|-damage|p2a: Garganacl|30/100
|
|-heal|p2a: Garganacl|37/100|[from] item: Leftovers
|upkeep
|turn|9
|l|☆Eclipse222
|player|p2|
|
|t:|1758297893
|move|p1a: Spiritomb|Will-O-Wisp|p2a: Garganacl
|-immune|p2a: Garganacl|[from] ability: Purifying Salt
|move|p2a: Garganacl|Recover|p2a: Garganacl
|-heal|p2a: Garganacl|87/100
|
|-heal|p2a: Garganacl|93/100|[from] item: Leftovers
|upkeep
|turn|10
|j|☆Eclipse222
|player|p2|Eclipse222|2|
|
|t:|1758297930
|move|p2a: Garganacl|Stealth Rock|p1a: Spiritomb
|-sidestart|p1: cjd452738|move: Stealth Rock
|move|p1a: Spiritomb|Pain Split|p2a: Garganacl
|-sethp|p2a: Garganacl|69/100|[from] move: Pain Split|[silent]
|-sethp|p1a: Spiritomb|91/100|[from] move: Pain Split
|
|-heal|p2a: Garganacl|75/100|[from] item: Leftovers
|upkeep
|turn|11
|-message|cjd452738 forfeited.
|
|win|Eclipse222
|raw|cjd452738's rating: 1148 &rarr; <strong>1125</strong><br />(-23 for losing)
|raw|Eclipse222's rating: 1180 &rarr; <strong>1203</strong><br />(+23 for winning)
|l|☆cjd452738
|player|p1|
|l|☆Eclipse222
|player|p2|
