|j|☆Aimen92
|j|☆Stelazine
|t:|1758269213
|gametype|singles
|player|p1|Aimen92|170|1363
|player|p2|Stelazine|benga|1322
|gen|9
|tier|[Gen 9] OU
|rated|
|rule|HP Percentage Mod: HP is shown in percentages
|rule|Endless Battle Clause: Forcing endless battles is banned
|rule|Species Clause: Limit one of each Pokémon
|rule|OHKO Clause: OHKO moves are banned
|rule|Evasion Items Clause: Evasion items are banned
|rule|Evasion Moves Clause: Evasion moves are banned
|rule|Evasion Abilities Clause: Evasion abilities are banned
|rule|Sleep Moves Clause: Sleep-inducing moves are banned
|clearpoke
|poke|p1|Araquanid, F|
|poke|p1|Ceruledge, F|
|poke|p1|Dragonite, M|
|poke|p1|Great Tusk|
|poke|p1|Garganacl, F|
|poke|p1|Toxapex, F|
|poke|p2|Meowscarada, F|
|poke|p2|Frosmoth, M|
|poke|p2|Weezing-Galar, M|
|poke|p2|Sinistcha-Masterpiece|
|poke|p2|Ting-Lu|
|poke|p2|Alomomola, M|
|teampreview
|inactive|Battle timer is ON: inactive players will automatically lose when time's up. (requested by Stelazine)
|
|t:|1758269231
|teamsize|p1|6
|teamsize|p2|6
|start
|switch|p1a: Araquanid|Araquanid, F, shiny|100/100
|switch|p2a: Meowscarada|Meowscarada, F|100/100
|turn|1
|
|t:|1758269239
|move|p2a: Meowscarada|U-turn|p1a: Araquanid
|-start|p2a: Meowscarada|typechange|Bug|[from] ability: Protean
|-damage|p1a: Araquanid|63/100
|
|t:|1758269250
|switch|p2a: Weezing|Weezing-Galar, M|100/100|[from] U-turn
|-ability|p2a: Weezing|Neutralizing Gas
|move|p1a: Araquanid|Sticky Web|p2a: Weezing
|-sidestart|p2: Stelazine|move: Sticky Web
|
|upkeep
|turn|2
|
|t:|1758269263
|move|p2a: Weezing|Will-O-Wisp|p1a: Araquanid
|-status|p1a: Araquanid|brn
|move|p1a: Araquanid|Surf|p2a: Weezing
|-damage|p2a: Weezing|78/100
|
|-damage|p1a: Araquanid|57/100 brn|[from] brn
|upkeep
|turn|3
|
|t:|1758269272
|move|p2a: Weezing|Defog|p1a: Araquanid
|-unboost|p1a: Araquanid|evasion|1
|-sideend|p2: Stelazine|Sticky Web|[from] move: Defog|[of] p2a: Weezing
|move|p1a: Araquanid|Mirror Coat||[still]
|-fail|p1a: Araquanid
|
|-damage|p1a: Araquanid|51/100 brn|[from] brn
|upkeep
|turn|4
|
|t:|1758269284
|move|p2a: Weezing|Strange Steam|p1a: Araquanid
|-damage|p1a: Araquanid|29/100 brn
|move|p1a: Araquanid|Surf|p2a: Weezing
|-damage|p2a: Weezing|53/100
|
|-damage|p1a: Araquanid|23/100 brn|[from] brn
|upkeep
|turn|5
|
|t:|1758269293
|move|p2a: Weezing|Strange Steam|p1a: Araquanid
|-damage|p1a: Araquanid|3/100 brn
|move|p1a: Araquanid|Mirror Coat|p2a: Weezing
|-damage|p2a: Weezing|12/100
|
|-damage|p1a: Araquanid|0 fnt|[from] brn
|faint|p1a: Araquanid
|upkeep
|
|t:|1758269315
|switch|p1a: Dragonite|Dragonite, M|100/100
|turn|6
|
|t:|1758269319
|move|p1a: Dragonite|Extreme Speed|p2a: Weezing
|-damage|p2a: Weezing|0 fnt
|faint|p2a: Weezing
|-end|p2a: Weezing|ability: Neutralizing Gas
|
|upkeep
|
|t:|1758269325
|switch|p2a: Sinistcha|Sinistcha-Masterpiece|100/100
|turn|7
|
|t:|1758269329
|move|p1a: Dragonite|Dragon Dance|p1a: Dragonite
|-boost|p1a: Dragonite|atk|1
|-boost|p1a: Dragonite|spe|1
|move|p2a: Sinistcha|Matcha Gotcha|p1a: Dragonite
|-resisted|p1a: Dragonite
|-damage|p1a: Dragonite|96/100
|-status|p1a: Dragonite|brn
|
|-damage|p1a: Dragonite|90/100 brn|[from] brn
|upkeep
|turn|8
|
|t:|1758269341
|move|p1a: Dragonite|Dragon Dance|p1a: Dragonite
|-boost|p1a: Dragonite|atk|1
|-boost|p1a: Dragonite|spe|1
|move|p2a: Sinistcha|Strength Sap|p1a: Dragonite
|-unboost|p1a: Dragonite|atk|1
|
|-damage|p1a: Dragonite|84/100 brn|[from] brn
|upkeep
|turn|9
|
|t:|1758269349
|move|p1a: Dragonite|Dragon Dance|p1a: Dragonite
|-boost|p1a: Dragonite|atk|1
|-boost|p1a: Dragonite|spe|1
|move|p2a: Sinistcha|Strength Sap|p1a: Dragonite
|-unboost|p1a: Dragonite|atk|1
|
|-damage|p1a: Dragonite|78/100 brn|[from] brn
|upkeep
|turn|10
|
|t:|1758269359
|move|p2a: Sinistcha|Strength Sap|p1a: Dragonite
|-unboost|p1a: Dragonite|atk|1
|move|p1a: Dragonite|Dragon Tail|p2a: Sinistcha
|-damage|p2a: Sinistcha|89/100
|drag|p2a: Frosmoth|Frosmoth, M|100/100
|
|-damage|p1a: Dragonite|72/100 brn|[from] brn
|upkeep
|turn|11
|
|t:|1758269369
|move|p1a: Dragonite|Scale Shot|p2a: Frosmoth
|-damage|p2a: Frosmoth|90/100
|-damage|p2a: Frosmoth|78/100
|-crit|p2a: Frosmoth
|-damage|p2a: Frosmoth|61/100
|-damage|p2a: Frosmoth|51/100
|-hitcount|p2a: Frosmoth|4
|-unboost|p1a: Dragonite|def|1
|-boost|p1a: Dragonite|spe|1
|move|p2a: Frosmoth|Ice Beam|p1a: Dragonite
|-supereffective|p1a: Dragonite
|-damage|p1a: Dragonite|0 fnt
|faint|p1a: Dragonite
|
|-heal|p2a: Frosmoth|57/100|[from] item: Leftovers
|upkeep
|
|t:|1758269387
|switch|p1a: Ceruledge|Ceruledge, F|100/100
|turn|12
|
|t:|1758269405
|switch|p2a: Alomomola|Alomomola, M|100/100
|move|p1a: Ceruledge|Swords Dance|p1a: Ceruledge
|-boost|p1a: Ceruledge|atk|2
|
|upkeep
|turn|13
|
|t:|1758269412
|move|p1a: Ceruledge|Swords Dance|p1a: Ceruledge
|-boost|p1a: Ceruledge|atk|2
|move|p2a: Alomomola|Flip Turn|p1a: Ceruledge
|-supereffective|p1a: Ceruledge
|-damage|p1a: Ceruledge|54/100
|-ability|p1a: Ceruledge|Weak Armor|boost
|-unboost|p1a: Ceruledge|def|1
|-boost|p1a: Ceruledge|spe|2
|
|t:|1758269416
|switch|p2a: Ting-Lu|Ting-Lu|100/100|[from] Flip Turn
|-ability|p2a: Ting-Lu|Vessel of Ruin
|
|upkeep
|turn|14
|
|t:|1758269426
|move|p1a: Ceruledge|Bitter Blade|p2a: Ting-Lu
|-damage|p2a: Ting-Lu|21/100
|-heal|p1a: Ceruledge|100/100|[from] drain|[of] p2a: Ting-Lu
|move|p2a: Ting-Lu|Whirlwind|p1a: Ceruledge
|drag|p1a: Toxapex|Toxapex, F|100/100
|
|-heal|p2a: Ting-Lu|27/100|[from] item: Leftovers
|upkeep
|turn|15
|
|t:|1758269443
|move|p2a: Ting-Lu|Stealth Rock|p1a: Toxapex
|-sidestart|p1: Aimen92|move: Stealth Rock
|move|p1a: Toxapex|Infestation|p2a: Ting-Lu
|-supereffective|p2a: Ting-Lu
|-damage|p2a: Ting-Lu|24/100
|-activate|p2a: Ting-Lu|move: Infestation|[of] p1a: Toxapex
|
|-heal|p2a: Ting-Lu|30/100|[from] item: Leftovers
|-damage|p2a: Ting-Lu|18/100|[from] move: Infestation|[partiallytrapped]
|upkeep
|turn|16
|
|t:|1758269452
|move|p1a: Toxapex|Toxic|p2a: Ting-Lu
|-status|p2a: Ting-Lu|tox
|move|p2a: Ting-Lu|Whirlwind|p1a: Toxapex
|drag|p1a: Great Tusk|Great Tusk|100/100
|-damage|p1a: Great Tusk|98/100|[from] Stealth Rock
|-enditem|p1a: Great Tusk|Booster Energy
|-activate|p1a: Great Tusk|ability: Protosynthesis|[fromitem]
|-start|p1a: Great Tusk|protosynthesisatk
|
|-heal|p2a: Ting-Lu|24/100 tox|[from] item: Leftovers
|-damage|p2a: Ting-Lu|18/100 tox|[from] psn
|-end|p2a: Ting-Lu|Infestation|[partiallytrapped]|[silent]
|upkeep
|turn|17
|
|t:|1758269466
|switch|p2a: Sinistcha|Sinistcha-Masterpiece|89/100
|move|p1a: Great Tusk|Rapid Spin|p2a: Sinistcha
|-immune|p2a: Sinistcha
|
|upkeep
|turn|18
|
|t:|1758269472
|move|p1a: Great Tusk|Ice Spinner|p2a: Sinistcha
|-supereffective|p2a: Sinistcha
|-damage|p2a: Sinistcha|35/100
|move|p2a: Sinistcha|Strength Sap|p1a: Great Tusk
|-unboost|p1a: Great Tusk|atk|1
|-heal|p2a: Sinistcha|100/100
|
|upkeep
|turn|19
|
|t:|1758269485
|-end|p1a: Great Tusk|Protosynthesis|[silent]
|switch|p1a: Garganacl|Garganacl, F|100/100
|-damage|p1a: Garganacl|88/100|[from] Stealth Rock
|move|p2a: Sinistcha|Matcha Gotcha|p1a: Garganacl
|-supereffective|p1a: Garganacl
|-damage|p1a: Garganacl|40/100
|
|-heal|p1a: Garganacl|46/100|[from] item: Leftovers
|upkeep
|turn|20
|
|t:|1758269497
|move|p2a: Sinistcha|Matcha Gotcha|p1a: Garganacl
|-supereffective|p1a: Garganacl
|-crit|p1a: Garganacl
|-damage|p1a: Garganacl|0 fnt
|faint|p1a: Garganacl
|
|upkeep
|
|t:|1758269508
|switch|p1a: Ceruledge|Ceruledge, F|100/100
|-damage|p1a: Ceruledge|76/100|[from] Stealth Rock
|turn|21
|
|t:|1758269520
|move|p1a: Ceruledge|Swords Dance|p1a: Ceruledge
|-boost|p1a: Ceruledge|atk|2
|move|p2a: Sinistcha|Shadow Ball|p1a: Ceruledge
|-supereffective|p1a: Ceruledge
|-damage|p1a: Ceruledge|0 fnt
|faint|p1a: Ceruledge
|
|upkeep
|
|t:|1758269530
|switch|p1a: Toxapex|Toxapex, F|100/100
|-damage|p1a: Toxapex|88/100|[from] Stealth Rock
|turn|22
|
|t:|1758269544
|switch|p2a: Ting-Lu|Ting-Lu|18/100 tox
|-ability|p2a: Ting-Lu|Vessel of Ruin
|move|p1a: Toxapex|Toxic|p2a: Ting-Lu
|-fail|p2a: Ting-Lu|tox
|
|-heal|p2a: Ting-Lu|24/100 tox|[from] item: Leftovers
|-heal|p1a: Toxapex|94/100|[from] item: Leftovers
|-damage|p2a: Ting-Lu|18/100 tox|[from] psn
|upkeep
|turn|23
|
|t:|1758269556
|move|p1a: Toxapex|Baneful Bunker|p1a: Toxapex
|-singleturn|p1a: Toxapex|move: Protect
|move|p2a: Ting-Lu|Earthquake|p1a: Toxapex
|-activate|p1a: Toxapex|move: Protect
|
|-heal|p2a: Ting-Lu|24/100 tox|[from] item: Leftovers
|-heal|p1a: Toxapex|99/100|[from] item: Leftovers
|-damage|p2a: Ting-Lu|12/100 tox|[from] psn
|upkeep
|turn|24
|
|t:|1758269566
|move|p2a: Ting-Lu|Earthquake|p1a: Toxapex
|-supereffective|p1a: Toxapex
|-damage|p1a: Toxapex|50/100
|move|p1a: Toxapex|Recover|p1a: Toxapex
|-heal|p1a: Toxapex|99/100
|
|-heal|p2a: Ting-Lu|18/100 tox|[from] item: Leftovers
|-heal|p1a: Toxapex|100/100|[from] item: Leftovers
|-damage|p2a: Ting-Lu|0 fnt|[from] psn
|faint|p2a: Ting-Lu
|upkeep
|
|t:|1758269570
|switch|p2a: Frosmoth|Frosmoth, M|57/100
|turn|25
|
|t:|1758269587
|move|p1a: Toxapex|Baneful Bunker|p1a: Toxapex
|-singleturn|p1a: Toxapex|move: Protect
|move|p2a: Frosmoth|Substitute|p2a: Frosmoth
|-start|p2a: Frosmoth|Substitute
|-damage|p2a: Frosmoth|32/100
|
|-heal|p2a: Frosmoth|38/100|[from] item: Leftovers
|upkeep
|turn|26
|
|t:|1758269596
|move|p2a: Frosmoth|Quiver Dance|p2a: Frosmoth
|-boost|p2a: Frosmoth|spa|1
|-boost|p2a: Frosmoth|spd|1
|-boost|p2a: Frosmoth|spe|1
|move|p1a: Toxapex|Toxic||[still]
|-fail|p1a: Toxapex
|
|-heal|p2a: Frosmoth|44/100|[from] item: Leftovers
|upkeep
|turn|27
|
|t:|1758269612
|move|p2a: Frosmoth|Quiver Dance|p2a: Frosmoth
|-boost|p2a: Frosmoth|spa|1
|-boost|p2a: Frosmoth|spd|1
|-boost|p2a: Frosmoth|spe|1
|move|p1a: Toxapex|Infestation|p2a: Frosmoth
|-activate|p2a: Frosmoth|move: Substitute|[damage]
|
|-heal|p2a: Frosmoth|50/100|[from] item: Leftovers
|upkeep
|turn|28
|
|t:|1758269623
|move|p2a: Frosmoth|Quiver Dance|p2a: Frosmoth
|-boost|p2a: Frosmoth|spa|1
|-boost|p2a: Frosmoth|spd|1
|-boost|p2a: Frosmoth|spe|1
|move|p1a: Toxapex|Infestation|p2a: Frosmoth
|-activate|p2a: Frosmoth|move: Substitute|[damage]
|
|-heal|p2a: Frosmoth|56/100|[from] item: Leftovers
|upkeep
|turn|29
|
|t:|1758269634
|move|p2a: Frosmoth|Quiver Dance|p2a: Frosmoth
|-boost|p2a: Frosmoth|spa|1
|-boost|p2a: Frosmoth|spd|1
|-boost|p2a: Frosmoth|spe|1
|move|p1a: Toxapex|Infestation|p2a: Frosmoth
|-activate|p2a: Frosmoth|move: Substitute|[damage]
|
|-heal|p2a: Frosmoth|63/100|[from] item: Leftovers
|upkeep
|turn|30
|
|t:|1758269643
|move|p2a: Frosmoth|Quiver Dance|p2a: Frosmoth
|-boost|p2a: Frosmoth|spa|1
|-boost|p2a: Frosmoth|spd|1
|-boost|p2a: Frosmoth|spe|1
|move|p1a: Toxapex|Infestation|p2a: Frosmoth
|-activate|p2a: Frosmoth|move: Substitute|[damage]
|
|-heal|p2a: Frosmoth|69/100|[from] item: Leftovers
|upkeep
|turn|31
|
|t:|1758269652
|move|p1a: Toxapex|Baneful Bunker|p1a: Toxapex
|-singleturn|p1a: Toxapex|move: Protect
|move|p2a: Frosmoth|Quiver Dance|p2a: Frosmoth
|-boost|p2a: Frosmoth|spa|1
|-boost|p2a: Frosmoth|spd|1
|-boost|p2a: Frosmoth|spe|1
|
|-heal|p2a: Frosmoth|75/100|[from] item: Leftovers
|upkeep
|turn|32
|
|t:|1758269662
|-terastallize|p2a: Frosmoth|Electric
|move|p2a: Frosmoth|Tera Blast|p1a: Toxapex|[anim] Tera Blast Electric
|-supereffective|p1a: Toxapex
|-damage|p1a: Toxapex|0 fnt
|faint|p1a: Toxapex
|
|-heal|p2a: Frosmoth|81/100|[from] item: Leftovers
|upkeep
|
|t:|1758269672
|switch|p1a: Great Tusk|Great Tusk|98/100
|-damage|p1a: Great Tusk|95/100|[from] Stealth Rock
|turn|33
|
|t:|1758269680
|move|p2a: Frosmoth|Ice Beam|p1a: Great Tusk
|-supereffective|p1a: Great Tusk
|-damage|p1a: Great Tusk|0 fnt
|faint|p1a: Great Tusk
|-end|p1a: Great Tusk|Protosynthesis|[silent]
|
|win|Stelazine
|raw|Aimen92's rating: 1363 &rarr; <strong>1341</strong><br />(-22 for losing)
|raw|Stelazine's rating: 1322 &rarr; <strong>1344</strong><br />(+22 for winning)
|l|☆Aimen92
|player|p1|
|l|☆Stelazine
|player|p2|
