|j|☆SMM Metagross
|j|☆notmeezo
|t:|1758255653
|gametype|singles
|player|p1|SMM Metagross|hilbert|1272
|player|p2|notmeezo|lucas|1265
|gen|9
|tier|[Gen 9] OU
|rated|
|rule|HP Percentage Mod: HP is shown in percentages
|rule|Endless Battle Clause: Forcing endless battles is banned
|rule|Species Clause: Limit one of each Pokémon
|rule|OHKO Clause: OHKO moves are banned
|rule|Evasion Items Clause: Evasion items are banned
|rule|Evasion Moves Clause: Evasion moves are banned
|rule|Evasion Abilities Clause: Evasion abilities are banned
|rule|Sleep Moves Clause: Sleep-inducing moves are banned
|clearpoke
|poke|p1|Greninja-*, M|
|poke|p1|Great Tusk|
|poke|p1|Ceruledge, M|
|poke|p1|Raging Bolt|
|poke|p1|Kyurem|
|poke|p1|Kingambit, M|
|poke|p2|Zamazenta-*|
|poke|p2|Serperior, M|
|poke|p2|Rotom-Heat|
|poke|p2|Corviknight, M|
|poke|p2|Gliscor, F|
|poke|p2|Ogerpon-Wellspring, F|
|teampreview
|inactive|Battle timer is ON: inactive players will automatically lose when time's up. (requested by notmeezo)
|inactive|SMM Metagross also wants the timer to be on.
|
|t:|1758255674
|teamsize|p1|6
|teamsize|p2|6
|start
|switch|p1a: Kyurem|Kyurem|100/100
|switch|p2a: Telkom|Rotom-Heat|100/100
|-ability|p1a: Kyurem|Pressure
|turn|1
|
|t:|1758255687
|move|p2a: Telkom|Volt Switch|p1a: Kyurem
|-resisted|p1a: Kyurem
|-damage|p1a: Kyurem|84/100
|
|t:|1758255694
|switch|p2a: Corviknight|Corviknight, M|100/100|[from] Volt Switch
|move|p1a: Kyurem|Substitute|p1a: Kyurem
|-start|p1a: Kyurem|Substitute
|-damage|p1a: Kyurem|59/100
|
|upkeep
|turn|2
|
|t:|1758255698
|move|p1a: Kyurem|Dragon Dance|p1a: Kyurem
|-boost|p1a: Kyurem|atk|1
|-boost|p1a: Kyurem|spe|1
|move|p2a: Corviknight|Body Press|p1a: Kyurem
|-supereffective|p1a: Kyurem
|-end|p1a: Kyurem|Substitute
|
|upkeep
|turn|3
|
|t:|1758255711
|-terastallize|p1a: Kyurem|Fire
|move|p1a: Kyurem|Icicle Spear|p2a: Corviknight
|-damage|p2a: Corviknight|88/100
|-damage|p2a: Corviknight|75/100
|-damage|p2a: Corviknight|63/100
|-damage|p2a: Corviknight|48/100
|-hitcount|p2a: Corviknight|4
|move|p2a: Corviknight|Body Press|p1a: Kyurem
|-damage|p1a: Kyurem|35/100
|
|upkeep
|turn|4
|
|t:|1758255717
|move|p1a: Kyurem|Icicle Spear|p2a: Corviknight
|-damage|p2a: Corviknight|36/100
|-damage|p2a: Corviknight|23/100
|-damage|p2a: Corviknight|10/100
|-damage|p2a: Corviknight|0 fnt
|faint|p2a: Corviknight
|-hitcount|p2: Corviknight|4
|
|upkeep
|
|t:|1758255725
|switch|p2a: Telkom|Rotom-Heat|100/100
|turn|5
|
|t:|1758255733
|move|p1a: Kyurem|Dragon Dance|p1a: Kyurem
|-boost|p1a: Kyurem|atk|1
|-boost|p1a: Kyurem|spe|1
|move|p2a: Telkom|Volt Switch|p1a: Kyurem
|-damage|p1a: Kyurem|4/100
|
|t:|1758255739
|switch|p2a: Shield|Zamazenta|100/100|[from] Volt Switch
|-ability|p2a: Shield|Dauntless Shield|boost
|-boost|p2a: Shield|def|1
|
|upkeep
|turn|6
|inactive|SMM Metagross has 120 seconds left.
|
|t:|1758255779
|move|p1a: Kyurem|Icicle Spear|p2a: Shield
|-damage|p2a: Shield|85/100
|-damage|p2a: Shield|71/100
|-damage|p2a: Shield|57/100
|-damage|p2a: Shield|43/100
|-hitcount|p2a: Shield|4
|move|p2a: Shield|Body Press|p1a: Kyurem
|-damage|p1a: Kyurem|0 fnt
|faint|p1a: Kyurem
|
|upkeep
|
|t:|1758255785
|switch|p1a: Raging Bolt|Raging Bolt|100/100
|-enditem|p1a: Raging Bolt|Booster Energy
|-activate|p1a: Raging Bolt|ability: Protosynthesis|[fromitem]
|-start|p1a: Raging Bolt|protosynthesisspa
|turn|7
|
|t:|1758255789
|move|p1a: Raging Bolt|Calm Mind|p1a: Raging Bolt
|-boost|p1a: Raging Bolt|spa|1
|-boost|p1a: Raging Bolt|spd|1
|move|p2a: Shield|Roar|p1a: Raging Bolt
|-end|p1a: Raging Bolt|Protosynthesis|[silent]
|drag|p1a: Greninja|Greninja, M|100/100
|
|upkeep
|turn|8
|
|t:|1758255798
|switch|p1a: Ceruledge|Ceruledge, M|100/100
|move|p2a: Shield|Body Press|p1a: Ceruledge
|-immune|p1a: Ceruledge
|
|upkeep
|turn|9
|
|t:|1758255805
|switch|p2a: Telkom|Rotom-Heat|100/100
|move|p1a: Ceruledge|Swords Dance|p1a: Ceruledge
|-boost|p1a: Ceruledge|atk|2
|
|upkeep
|turn|10
|
|t:|1758255811
|move|p2a: Telkom|Trick|p1a: Ceruledge
|-activate|p2a: Telkom|move: Trick|[of] p1a: Ceruledge
|-item|p1a: Ceruledge|Choice Scarf|[from] move: Trick
|-item|p2a: Telkom|Focus Sash|[from] move: Trick
|move|p1a: Ceruledge|Swords Dance|p1a: Ceruledge
|-boost|p1a: Ceruledge|atk|2
|
|upkeep
|turn|11
|
|t:|1758255819
|switch|p1a: Raging Bolt|Raging Bolt|100/100
|move|p2a: Telkom|Dark Pulse|p1a: Raging Bolt
|-damage|p1a: Raging Bolt|79/100
|
|upkeep
|turn|12
|
|t:|1758255837
|move|p2a: Telkom|Volt Switch|p1a: Raging Bolt
|-resisted|p1a: Raging Bolt
|-damage|p1a: Raging Bolt|72/100
|
|t:|1758255841
|switch|p2a: Pinch|Gliscor, F|100/100|[from] Volt Switch
|move|p1a: Raging Bolt|Calm Mind|p1a: Raging Bolt
|-boost|p1a: Raging Bolt|spa|1
|-boost|p1a: Raging Bolt|spd|1
|
|-status|p2a: Pinch|tox|[from] item: Toxic Orb
|upkeep
|turn|13
|
|t:|1758255846
|move|p2a: Pinch|Earthquake|p1a: Raging Bolt
|-supereffective|p1a: Raging Bolt
|-damage|p1a: Raging Bolt|14/100
|move|p1a: Raging Bolt|Dragon Pulse|p2a: Pinch
|-damage|p2a: Pinch|26/100 tox
|
|-heal|p2a: Pinch|39/100 tox|[from] ability: Poison Heal
|upkeep
|turn|14
|
|t:|1758255852
|move|p2a: Pinch|Earthquake|p1a: Raging Bolt
|-supereffective|p1a: Raging Bolt
|-damage|p1a: Raging Bolt|0 fnt
|faint|p1a: Raging Bolt
|-end|p1a: Raging Bolt|Protosynthesis|[silent]
|
|-heal|p2a: Pinch|51/100 tox|[from] ability: Poison Heal
|upkeep
|
|t:|1758255857
|switch|p1a: Ceruledge|Ceruledge, M|100/100
|turn|15
|
|t:|1758255866
|move|p2a: Pinch|Protect|p2a: Pinch
|-singleturn|p2a: Pinch|Protect
|move|p1a: Ceruledge|Bitter Blade|p2a: Pinch
|-activate|p2a: Pinch|move: Protect
|
|-heal|p2a: Pinch|64/100 tox|[from] ability: Poison Heal
|upkeep
|turn|16
|
|t:|1758255874
|switch|p2a: Telkom|Rotom-Heat|100/100
|move|p1a: Ceruledge|Bitter Blade|p2a: Telkom
|-resisted|p2a: Telkom
|-damage|p2a: Telkom|69/100
|
|upkeep
|turn|17
|
|t:|1758255895
|move|p1a: Ceruledge|Bitter Blade|p2a: Telkom
|-resisted|p2a: Telkom
|-damage|p2a: Telkom|40/100
|move|p2a: Telkom|Dark Pulse|p1a: Ceruledge
|-supereffective|p1a: Ceruledge
|-damage|p1a: Ceruledge|41/100
|
|upkeep
|turn|18
|
|t:|1758255900
|move|p1a: Ceruledge|Bitter Blade|p2a: Telkom
|-resisted|p2a: Telkom
|-damage|p2a: Telkom|12/100
|-heal|p1a: Ceruledge|53/100|[from] drain|[of] p2a: Telkom
|move|p2a: Telkom|Dark Pulse|p1a: Ceruledge
|-supereffective|p1a: Ceruledge
|-damage|p1a: Ceruledge|0 fnt
|faint|p1a: Ceruledge
|
|upkeep
|
|t:|1758255909
|switch|p1a: Greninja|Greninja, M|100/100
|turn|19
|
|t:|1758255915
|switch|p2a: Mystic|Ogerpon-Wellspring, F|100/100
|move|p1a: Greninja|Dark Pulse|p2a: Mystic
|-damage|p2a: Mystic|60/100
|
|upkeep
|turn|20
|
|t:|1758255925
|move|p1a: Greninja|Dark Pulse|p2a: Mystic
|-damage|p2a: Mystic|16/100
|move|p2a: Mystic|Horn Leech|p1a: Greninja
|-supereffective|p1a: Greninja
|-damage|p1a: Greninja|0 fnt
|-heal|p2a: Mystic|64/100|[from] drain|[of] p1a: Greninja
|faint|p1a: Greninja
|
|upkeep
|
|t:|1758255933
|switch|p1a: Kingambit|Kingambit, M|100/100
|-activate|p1a: Kingambit|ability: Supreme Overlord
|-start|p1a: Kingambit|fallen4|[silent]
|turn|21
|
|t:|1758255941
|switch|p2a: Telkom|Rotom-Heat|12/100
|move|p1a: Kingambit|Kowtow Cleave|p2a: Telkom
|-damage|p2a: Telkom|0 fnt
|faint|p2a: Telkom
|
|upkeep
|
|t:|1758255945
|switch|p2a: Shield|Zamazenta|43/100
|turn|22
|
|t:|1758255949
|move|p2a: Shield|Iron Defense|p2a: Shield
|-boost|p2a: Shield|def|2
|move|p1a: Kingambit|Iron Head|p2a: Shield
|-damage|p2a: Shield|16/100
|-enditem|p2a: Shield|Aguav Berry|[eat]
|-heal|p2a: Shield|49/100|[from] item: Aguav Berry
|
|upkeep
|turn|23
|
|t:|1758255957
|move|p2a: Shield|Body Press|p1a: Kingambit
|-supereffective|p1a: Kingambit
|-damage|p1a: Kingambit|0 fnt
|faint|p1a: Kingambit
|-end|p1a: Kingambit|fallen4|[silent]
|
|upkeep
|-message|SMM Metagross forfeited.
|
|win|notmeezo
|raw|SMM Metagross's rating: 1300 &rarr; <strong>1272</strong><br />(-28 for losing)
|raw|notmeezo's rating: 1265 &rarr; <strong>1293</strong><br />(+28 for winning)
|l|☆SMM Metagross
|player|p1|
|l|☆notmeezo
|player|p2|
