|j|‽kaxhi
|j|☆RoddyJ
|t:|1758304403
|gametype|singles
|player|p1|kaxhi|1|1583
|player|p2|RoddyJ|ethan|1614
|gen|9
|tier|[Gen 9] OU
|rated|
|rule|HP Percentage Mod: HP is shown in percentages
|rule|Endless Battle Clause: Forcing endless battles is banned
|rule|Species Clause: Limit one of each Pokémon
|rule|OHKO Clause: OHKO moves are banned
|rule|Evasion Items Clause: Evasion items are banned
|rule|Evasion Moves Clause: Evasion moves are banned
|rule|Evasion Abilities Clause: Evasion abilities are banned
|rule|Sleep Moves Clause: Sleep-inducing moves are banned
|clearpoke
|poke|p1|Dragapult, F|
|poke|p1|Iron Moth|
|poke|p1|Serperior, F|
|poke|p1|Iron Treads|
|poke|p1|Dragonite, F|
|poke|p1|Greninja-*, M|
|poke|p2|Iron Crown|
|poke|p2|Articuno-Galar|
|poke|p2|Blaziken, M|
|poke|p2|Dragapult, M|
|poke|p2|Kyurem|
|poke|p2|Glimmora, F|
|teampreview
|inactive|Battle timer is ON: inactive players will automatically lose when time's up. (requested by kaxhi)
|inactive|RoddyJ has 120 seconds left.
|
|t:|1758304440
|teamsize|p1|6
|teamsize|p2|6
|start
|switch|p1a: Iron Treads|Iron Treads|100/100
|switch|p2a: Dragapult|Dragapult, M, shiny|100/100
|-enditem|p1a: Iron Treads|Booster Energy
|-activate|p1a: Iron Treads|ability: Quark Drive|[fromitem]
|-start|p1a: Iron Treads|quarkdrivespe
|turn|1
|
|t:|1758304444
|switch|p2a: Glimmora|Glimmora, F, shiny|100/100
|-item|p2a: Glimmora|Air Balloon
|move|p1a: Iron Treads|Stealth Rock|p2a: Glimmora
|-sidestart|p2: RoddyJ|move: Stealth Rock
|
|upkeep
|turn|2
|
|t:|1758304455
|move|p1a: Iron Treads|Rapid Spin|p2a: Glimmora
|-resisted|p2a: Glimmora
|-crit|p2a: Glimmora
|-damage|p2a: Glimmora|85/100
|-boost|p1a: Iron Treads|spe|1
|-activate|p2a: Glimmora|ability: Toxic Debris
|-sidestart|p1: kaxhi|move: Toxic Spikes
|-enditem|p2a: Glimmora|Air Balloon
|-sideend|p1: kaxhi|Toxic Spikes|[from] move: Rapid Spin|[of] p1a: Iron Treads
|move|p2a: Glimmora|Earth Power|p1a: Iron Treads
|-supereffective|p1a: Iron Treads
|-damage|p1a: Iron Treads|0 fnt
|faint|p1a: Iron Treads
|-end|p1a: Iron Treads|Quark Drive|[silent]
|
|upkeep
|
|t:|1758304462
|switch|p1a: Greninja|Greninja, M|100/100
|turn|3
|
|t:|1758304469
|switch|p2a: Kyurem|Kyurem, shiny|100/100
|-damage|p2a: Kyurem|76/100|[from] Stealth Rock
|-ability|p2a: Kyurem|Pressure
|move|p1a: Greninja|Surf|p2a: Kyurem
|-resisted|p2a: Kyurem
|-damage|p2a: Kyurem|51/100
|-damage|p1a: Greninja|91/100|[from] item: Life Orb
|
|upkeep
|turn|4
|
|t:|1758304481
|switch|p1a: Iron Moth|Iron Moth|100/100
|-enditem|p1a: Iron Moth|Booster Energy
|-activate|p1a: Iron Moth|ability: Quark Drive|[fromitem]
|-start|p1a: Iron Moth|quarkdrivespe
|move|p2a: Kyurem|Freeze-Dry|p1a: Iron Moth
|-resisted|p1a: Iron Moth
|-damage|p1a: Iron Moth|80/100
|
|upkeep
|turn|5
|
|t:|1758304485
|move|p1a: Iron Moth|Fiery Dance|p2a: Kyurem
|-damage|p2a: Kyurem|12/100
|move|p2a: Kyurem|Earth Power|p1a: Iron Moth
|-supereffective|p1a: Iron Moth
|-damage|p1a: Iron Moth|0 fnt
|faint|p1a: Iron Moth
|-end|p1a: Iron Moth|Quark Drive|[silent]
|
|upkeep
|
|t:|1758304487
|switch|p1a: Greninja|Greninja, M|91/100
|turn|6
|
|t:|1758304499
|move|p1a: Greninja|Dark Pulse|p2a: Kyurem
|-damage|p2a: Kyurem|0 fnt
|faint|p2a: Kyurem
|-ability|p1a: Greninja|Battle Bond|boost
|-boost|p1a: Greninja|atk|1
|-boost|p1a: Greninja|spa|1
|-boost|p1a: Greninja|spe|1
|-activate|p1a: Greninja|ability: Battle Bond
|-damage|p1a: Greninja|81/100|[from] item: Life Orb
|
|upkeep
|
|t:|1758304511
|switch|p2a: Articuno|Articuno-Galar, shiny|100/100
|-damage|p2a: Articuno|76/100|[from] Stealth Rock
|turn|7
|
|t:|1758304513
|-terastallize|p2a: Articuno|Fighting
|move|p1a: Greninja|Surf|p2a: Articuno
|-damage|p2a: Articuno|3/100
|-damage|p1a: Greninja|71/100|[from] item: Life Orb
|move|p2a: Articuno|Tera Blast|p1a: Greninja|[anim] Tera Blast Fighting
|-supereffective|p1a: Greninja
|-damage|p1a: Greninja|0 fnt
|faint|p1a: Greninja
|
|upkeep
|
|t:|1758304521
|switch|p1a: Serperior|Serperior, F|100/100
|turn|8
|
|t:|1758304528
|move|p1a: Serperior|Leaf Storm|p2a: Articuno
|-damage|p2a: Articuno|0 fnt
|-boost|p1a: Serperior|spa|2
|faint|p2a: Articuno
|
|upkeep
|
|t:|1758304530
|switch|p2a: Dragapult|Dragapult, M, shiny|100/100
|-damage|p2a: Dragapult|88/100|[from] Stealth Rock
|turn|9
|
|t:|1758304537
|move|p2a: Dragapult|Dragon Darts|p1a: Serperior
|-damage|p1a: Serperior|51/100
|-anim|p2a: Dragapult|Dragon Darts|p1a: Serperior
|-damage|p1a: Serperior|2/100
|move|p1a: Serperior|Dragon Pulse|p2a: Dragapult
|-supereffective|p2a: Dragapult
|-damage|p2a: Dragapult|0 fnt
|faint|p2a: Dragapult
|
|upkeep
|
|t:|1758304548
|switch|p2a: Blaziken|Blaziken, M, shiny|100/100
|-damage|p2a: Blaziken|88/100|[from] Stealth Rock
|turn|10
|-enditem|p1a: Serperior|Custap Berry|[eat]
|-activate|p1a: Serperior|item: Custap Berry|[consumed]
|
|t:|1758304550
|move|p1a: Serperior|Dragon Pulse|p2a: Blaziken
|-damage|p2a: Blaziken|27/100
|move|p2a: Blaziken|Swords Dance|p2a: Blaziken
|-boost|p2a: Blaziken|atk|2
|
|-ability|p2a: Blaziken|Speed Boost|boost
|-boost|p2a: Blaziken|spe|1
|upkeep
|turn|11
|
|t:|1758304559
|move|p2a: Blaziken|Reversal|p1a: Serperior
|-damage|p1a: Serperior|0 fnt
|faint|p1a: Serperior
|
|-ability|p2a: Blaziken|Speed Boost|boost
|-boost|p2a: Blaziken|spe|1
|upkeep
|
|t:|1758304562
|switch|p1a: Dragapult|Dragapult, F|100/100
|turn|12
|
|t:|1758304566
|move|p2a: Blaziken|Blaze Kick|p1a: Dragapult
|-resisted|p1a: Dragapult
|-damage|p1a: Dragapult|25/100
|-status|p1a: Dragapult|brn
|move|p1a: Dragapult|Dragon Darts|p2a: Blaziken
|-damage|p2a: Blaziken|12/100
|-anim|p1a: Dragapult|Dragon Darts|p2a: Blaziken
|-damage|p2a: Blaziken|0 fnt
|faint|p2a: Blaziken
|
|-damage|p1a: Dragapult|19/100 brn|[from] brn
|upkeep
|
|t:|1758304572
|switch|p2a: Iron Crown|Iron Crown|100/100
|-damage|p2a: Iron Crown|94/100|[from] Stealth Rock
|turn|13
|
|t:|1758304580
|move|p1a: Dragapult|Hex|p2a: Iron Crown
|-supereffective|p2a: Iron Crown
|-damage|p2a: Iron Crown|53/100
|-enditem|p2a: Iron Crown|Weakness Policy
|-boost|p2a: Iron Crown|atk|2|[from] item: Weakness Policy
|-boost|p2a: Iron Crown|spa|2|[from] item: Weakness Policy
|move|p2a: Iron Crown|Agility|p2a: Iron Crown
|-boost|p2a: Iron Crown|spe|2
|
|-damage|p1a: Dragapult|13/100 brn|[from] brn
|upkeep
|turn|14
|
|t:|1758304585
|move|p2a: Iron Crown|Stored Power|p1a: Dragapult
|-damage|p1a: Dragapult|0 fnt
|faint|p1a: Dragapult
|
|upkeep
|
|t:|1758304587
|switch|p1a: Dragonite|Dragonite, F|100/100
|turn|15
|
|t:|1758304590
|-terastallize|p1a: Dragonite|Fire
|move|p2a: Iron Crown|Tachyon Cutter|p1a: Dragonite
|-resisted|p1a: Dragonite
|-damage|p1a: Dragonite|90/100
|-resisted|p1a: Dragonite
|-damage|p1a: Dragonite|69/100
|-hitcount|p1a: Dragonite|2
|move|p1a: Dragonite|Fire Punch|p2a: Iron Crown
|-supereffective|p2a: Iron Crown
|-damage|p2a: Iron Crown|0 fnt
|faint|p2a: Iron Crown
|-end|p2a: Iron Crown|Quark Drive|[silent]
|
|upkeep
|
|t:|1758304595
|switch|p2a: Glimmora|Glimmora, F, shiny|85/100
|-damage|p2a: Glimmora|73/100|[from] Stealth Rock
|turn|16
|
|t:|1758304598
|move|p2a: Glimmora|Earth Power|p1a: Dragonite
|-supereffective|p1a: Dragonite
|-damage|p1a: Dragonite|4/100
|move|p1a: Dragonite|Scale Shot|p2a: Glimmora
|-damage|p2a: Glimmora|56/100
|-activate|p2a: Glimmora|ability: Toxic Debris
|-sidestart|p1: kaxhi|move: Toxic Spikes
|-damage|p2a: Glimmora|38/100
|-activate|p2a: Glimmora|ability: Toxic Debris
|-sidestart|p1: kaxhi|move: Toxic Spikes
|-damage|p2a: Glimmora|19/100
|-damage|p2a: Glimmora|1/100
|-hitcount|p2a: Glimmora|4
|-unboost|p1a: Dragonite|def|1
|-boost|p1a: Dragonite|spe|1
|
|upkeep
|turn|17
|
|t:|1758304604
|move|p1a: Dragonite|Fire Punch|p2a: Glimmora
|-resisted|p2a: Glimmora
|-damage|p2a: Glimmora|0 fnt
|faint|p2a: Glimmora
|
|win|kaxhi
|raw|kaxhi's rating: 1583 &rarr; <strong>1605</strong><br />(+22 for winning)
|raw|RoddyJ's rating: 1614 &rarr; <strong>1592</strong><br />(-22 for losing)
|l|☆RoddyJ
|player|p2|
|l|‽kaxhi
|player|p1|
