|j|☆CFMathMaster
|j|‽Callmebigman
|t:|1758332596
|gametype|singles
|player|p1|CFMathMaster|pilot|1324
|player|p2|Callmebigman|cynthia|1296
|gen|9
|tier|[Gen 9] OU
|rated|
|rule|HP Percentage Mod: HP is shown in percentages
|rule|Endless Battle Clause: Forcing endless battles is banned
|rule|Species Clause: Limit one of each Pokémon
|rule|OHKO Clause: OHKO moves are banned
|rule|Evasion Items Clause: Evasion items are banned
|rule|Evasion Moves Clause: Evasion moves are banned
|rule|Evasion Abilities Clause: Evasion abilities are banned
|rule|Sleep Moves Clause: Sleep-inducing moves are banned
|clearpoke
|poke|p1|Lokix, M|
|poke|p1|Raging Bolt|
|poke|p1|Iron Treads|
|poke|p1|Hatterene, F|
|poke|p1|Dragonite, M|
|poke|p1|Gholdengo|
|poke|p2|Zapdos|
|poke|p2|Raikou|
|poke|p2|Oricorio-Pom-Pom, M|
|poke|p2|Toxtricity, F|
|poke|p2|Raichu-Alola, M|
|poke|p2|Iron Thorns|
|teampreview
|inactive|Battle timer is ON: inactive players will automatically lose when time's up. (requested by Callmebigman)
|
|t:|1758332625
|teamsize|p1|6
|teamsize|p2|6
|start
|switch|p1a: Raging Bolt|Raging Bolt|100/100
|switch|p2a: Zapdos|Zapdos|100/100
|turn|1
|
|t:|1758332635
|move|p2a: Zapdos|Electric Terrain|p2a: Zapdos
|-fieldstart|move: Electric Terrain
|move|p1a: Raging Bolt|Draco Meteor|p2a: Zapdos
|-damage|p2a: Zapdos|0 fnt
|-unboost|p1a: Raging Bolt|spa|2
|faint|p2a: Zapdos
|
|upkeep
|
|t:|1758332642
|switch|p2a: Raichu|Raichu-Alola, M|100/100
|turn|2
|
|t:|1758332646
|-end|p1a: Raging Bolt|Protosynthesis|[silent]
|switch|p1a: Iron Treads|Iron Treads|100/100
|-item|p1a: Iron Treads|Air Balloon
|-activate|p1a: Iron Treads|ability: Quark Drive
|-start|p1a: Iron Treads|quarkdrivespe
|move|p2a: Raichu|Nasty Plot|p2a: Raichu
|-boost|p2a: Raichu|spa|2
|
|upkeep
|turn|3
|
|t:|1758332658
|move|p2a: Raichu|Surf|p1a: Iron Treads
|-supereffective|p1a: Iron Treads
|-damage|p1a: Iron Treads|0 fnt
|-enditem|p1a: Iron Treads|Air Balloon
|faint|p1a: Iron Treads
|-end|p1a: Iron Treads|Quark Drive|[silent]
|
|upkeep
|
|t:|1758332666
|switch|p1a: Lokix|Lokix, M|100/100
|turn|4
|
|t:|1758332674
|move|p1a: Lokix|First Impression|p2a: Raichu
|-supereffective|p2a: Raichu
|-enditem|p2a: Raichu|Focus Sash
|-damage|p2a: Raichu|1/100
|move|p2a: Raichu|Discharge|p1a: Lokix
|-damage|p1a: Lokix|0 fnt
|faint|p1a: Lokix
|
|upkeep
|
|t:|1758332688
|switch|p1a: Raging Bolt|Raging Bolt|100/100
|turn|5
|
|t:|1758332699
|move|p1a: Raging Bolt|Thunderclap||[still]
|-fail|p1a: Raging Bolt
|move|p2a: Raichu|Nasty Plot|p2a: Raichu
|-boost|p2a: Raichu|spa|2
|
|upkeep
|turn|6
|
|t:|1758332714
|switch|p2a: Raikou|Raikou|100/100
|move|p1a: Raging Bolt|Thunderclap||[still]
|-fail|p1a: Raging Bolt
|
|upkeep
|turn|7
|
|t:|1758332724
|-end|p1a: Raging Bolt|Protosynthesis|[silent]
|switch|p1a: Hatterene|Hatterene, F|100/100
|move|p2a: Raikou|Shadow Ball|p1a: Hatterene
|-supereffective|p1a: Hatterene
|-damage|p1a: Hatterene|20/100
|
|-heal|p1a: Hatterene|26/100|[from] item: Leftovers
|upkeep
|turn|8
|
|t:|1758332732
|move|p2a: Raikou|Shadow Ball|p1a: Hatterene
|-supereffective|p1a: Hatterene
|-damage|p1a: Hatterene|0 fnt
|faint|p1a: Hatterene
|
|-fieldend|move: Electric Terrain
|upkeep
|
|t:|1758332736
|switch|p1a: Dragonite|Dragonite, M|100/100
|turn|9
|
|t:|1758332743
|move|p2a: Raikou|Shadow Ball|p1a: Dragonite
|-damage|p1a: Dragonite|79/100
|move|p1a: Dragonite|Dragon Dance|p1a: Dragonite
|-boost|p1a: Dragonite|atk|1
|-boost|p1a: Dragonite|spe|1
|
|upkeep
|turn|10
|
|t:|1758332750
|move|p1a: Dragonite|Earthquake|p2a: Raikou
|-supereffective|p2a: Raikou
|-damage|p2a: Raikou|0 fnt
|faint|p2a: Raikou
|
|upkeep
|
|t:|1758332758
|switch|p2a: Toxtricity|Toxtricity, F|100/100
|turn|11
|
|t:|1758332764
|move|p1a: Dragonite|Earthquake|p2a: Toxtricity
|-supereffective|p2a: Toxtricity
|-damage|p2a: Toxtricity|0 fnt
|faint|p2a: Toxtricity
|
|upkeep
|
|t:|1758332771
|switch|p2a: Oricorio|Oricorio-Pom-Pom, M|100/100
|turn|12
|
|t:|1758332777
|move|p1a: Dragonite|Ice Spinner|p2a: Oricorio
|-supereffective|p2a: Oricorio
|-enditem|p2a: Oricorio|Focus Sash
|-damage|p2a: Oricorio|1/100
|move|p2a: Oricorio|Hurricane|p1a: Dragonite
|-damage|p1a: Dragonite|30/100
|-start|p1a: Dragonite|confusion
|
|upkeep
|turn|13
|
|t:|1758332789
|-activate|p1a: Dragonite|confusion
|-damage|p1a: Dragonite|4/100|[from] confusion
|move|p2a: Oricorio|Revelation Dance|p1a: Dragonite
|-damage|p1a: Dragonite|0 fnt
|faint|p1a: Dragonite
|
|upkeep
|
|t:|1758332798
|switch|p1a: Gholdengo|Gholdengo|100/100
|turn|14
|
|t:|1758332804
|move|p1a: Gholdengo|Shadow Ball|p2a: Oricorio
|-damage|p2a: Oricorio|0 fnt
|faint|p2a: Oricorio
|
|upkeep
|
|t:|1758332818
|switch|p2a: Iron Thorns|Iron Thorns|100/100
|-enditem|p2a: Iron Thorns|Booster Energy
|-activate|p2a: Iron Thorns|ability: Quark Drive|[fromitem]
|-start|p2a: Iron Thorns|quarkdriveatk
|turn|15
|
|t:|1758332836
|switch|p1a: Raging Bolt|Raging Bolt|100/100
|move|p2a: Iron Thorns|Earthquake|p1a: Raging Bolt
|-supereffective|p1a: Raging Bolt
|-damage|p1a: Raging Bolt|13/100
|
|upkeep
|turn|16
|
|t:|1758332848
|move|p1a: Raging Bolt|Draco Meteor|p2a: Iron Thorns
|-damage|p2a: Iron Thorns|0 fnt
|-unboost|p1a: Raging Bolt|spa|2
|faint|p2a: Iron Thorns
|-end|p2a: Iron Thorns|Quark Drive|[silent]
|
|upkeep
|
|t:|1758332853
|switch|p2a: Raichu|Raichu-Alola, M|1/100
|turn|17
|
|t:|1758332863
|move|p2a: Raichu|Nasty Plot|p2a: Raichu
|-boost|p2a: Raichu|spa|2
|move|p1a: Raging Bolt|Draco Meteor|p2a: Raichu
|-damage|p2a: Raichu|0 fnt
|-unboost|p1a: Raging Bolt|spa|2
|faint|p2a: Raichu
|
|win|CFMathMaster
|raw|CFMathMaster's rating: 1324 &rarr; <strong>1342</strong><br />(+18 for winning)
|raw|Callmebigman's rating: 1296 &rarr; <strong>1273</strong><br />(-23 for losing)
|l|‽Callmebigman
|player|p2|
|l|☆CFMathMaster
|player|p1|
