|j|‽Jayjayjay221
|j|☆Kana400
|t:|1758355409
|gametype|singles
|player|p1|Jayjayjay221|gentleman-gen4|1090
|player|p2|Kana400|102|1100
|gen|9
|tier|[Gen 9] OU
|rated|
|rule|HP Percentage Mod: HP is shown in percentages
|rule|Endless Battle Clause: Forcing endless battles is banned
|rule|Species Clause: Limit one of each Pokémon
|rule|OHKO Clause: OHKO moves are banned
|rule|Evasion Items Clause: Evasion items are banned
|rule|Evasion Moves Clause: Evasion moves are banned
|rule|Evasion Abilities Clause: Evasion abilities are banned
|rule|Sleep Moves Clause: Sleep-inducing moves are banned
|clearpoke
|poke|p1|Flapple, F|
|poke|p1|Clefable, M|
|poke|p1|Iron Treads|
|poke|p1|Volcanion|
|poke|p1|Golurk|
|poke|p1|Weavile, M|
|poke|p2|Ogerpon-Wellspring, F|
|poke|p2|Kingambit, M|
|poke|p2|Landorus-Therian, M|
|poke|p2|Glimmora, M|
|poke|p2|Dragapult, F|
|poke|p2|Iron Valiant|
|teampreview
|
|t:|1758355442
|teamsize|p1|6
|teamsize|p2|6
|start
|switch|p1a: Clefable|Clefable, M|100/100
|switch|p2a: Landorus|Landorus-Therian, M|100/100
|-ability|p2a: Landorus|Intimidate|boost
|-unboost|p1a: Clefable|atk|1
|turn|1
|inactive|Battle timer is ON: inactive players will automatically lose when time's up. (requested by Kana400)
|
|t:|1758355453
|move|p2a: Landorus|Taunt|p1a: Clefable
|-start|p1a: Clefable|move: Taunt
|cant|p1a: Clefable|move: Taunt|Encore
|
|upkeep
|turn|2
|
|t:|1758355471
|move|p2a: Landorus|Stealth Rock|p1a: Clefable
|-sidestart|p1: Jayjayjay221|move: Stealth Rock
|move|p1a: Clefable|Moonblast|p2a: Landorus
|-damage|p2a: Landorus|64/100
|
|upkeep
|turn|3
|
|t:|1758355477
|move|p2a: Landorus|U-turn|p1a: Clefable
|-resisted|p1a: Clefable
|-damage|p1a: Clefable|90/100
|
|t:|1758355482
|switch|p2a: Glimmora|Glimmora, M|100/100|[from] U-turn
|move|p1a: Clefable|Moonblast|p2a: Glimmora
|-resisted|p2a: Glimmora
|-damage|p2a: Glimmora|79/100
|
|-heal|p1a: Clefable|96/100|[from] item: Leftovers
|-end|p1a: Clefable|move: Taunt
|upkeep
|turn|4
|
|t:|1758355494
|move|p2a: Glimmora|Spikes|p1a: Clefable
|-sidestart|p1: Jayjayjay221|Spikes
|move|p1a: Clefable|Encore|p2a: Glimmora
|-start|p2a: Glimmora|Encore
|
|-heal|p1a: Clefable|100/100|[from] item: Leftovers
|upkeep
|turn|5
|
|t:|1758355499
|move|p2a: Glimmora|Spikes|p1a: Clefable
|-sidestart|p1: Jayjayjay221|Spikes
|move|p1a: Clefable|Thunder Wave|p2a: Glimmora
|-status|p2a: Glimmora|par
|
|upkeep
|turn|6
|
|t:|1758355505
|move|p1a: Clefable|Moonblast|p2a: Glimmora
|-resisted|p2a: Glimmora
|-damage|p2a: Glimmora|57/100 par
|move|p2a: Glimmora|Spikes|p1a: Clefable
|-sidestart|p1: Jayjayjay221|Spikes
|
|upkeep
|turn|7
|
|t:|1758355522
|switch|p2a: Ogerpon|Ogerpon-Wellspring, F|100/100
|move|p1a: Clefable|Moonblast|p2a: Ogerpon
|-damage|p2a: Ogerpon|61/100
|
|upkeep
|turn|8
|
|t:|1758355531
|switch|p2a: Glimmora|Glimmora, M|57/100 par
|move|p1a: Clefable|Thunder Wave|p2a: Glimmora|[miss]
|-miss|p1a: Clefable|p2a: Glimmora
|
|upkeep
|turn|9
|
|t:|1758355537
|move|p1a: Clefable|Moonblast|p2a: Glimmora
|-resisted|p2a: Glimmora
|-damage|p2a: Glimmora|33/100 par
|-unboost|p2a: Glimmora|spa|1
|move|p2a: Glimmora|Mortal Spin|p1a: Clefable
|-supereffective|p1a: Clefable
|-damage|p1a: Clefable|88/100
|-status|p1a: Clefable|psn
|
|-heal|p1a: Clefable|94/100 psn|[from] item: Leftovers
|upkeep
|turn|10
|
|t:|1758355553
|move|p1a: Clefable|Moonblast|p2a: Glimmora
|-resisted|p2a: Glimmora
|-damage|p2a: Glimmora|10/100 par
|cant|p2a: Glimmora|par
|
|-heal|p1a: Clefable|99/100 psn|[from] item: Leftovers
|upkeep
|turn|11
|
|t:|1758355559
|move|p1a: Clefable|Moonblast|p2a: Glimmora
|-resisted|p2a: Glimmora
|-damage|p2a: Glimmora|0 fnt
|faint|p2a: Glimmora
|
|-heal|p1a: Clefable|100/100 psn|[from] item: Leftovers
|upkeep
|
|t:|1758355568
|switch|p2a: Kingambit|Kingambit, M|100/100
|-activate|p2a: Kingambit|ability: Supreme Overlord
|-start|p2a: Kingambit|fallen1|[silent]
|turn|12
|
|t:|1758355571
|move|p1a: Clefable|Thunder Wave|p2a: Kingambit
|-status|p2a: Kingambit|par
|move|p2a: Kingambit|Iron Head|p1a: Clefable
|-supereffective|p1a: Clefable
|-damage|p1a: Clefable|0 fnt
|faint|p1a: Clefable
|
|upkeep
|
|t:|1758355597
|switch|p1a: Golurk|Golurk|100/100
|-damage|p1a: Golurk|95/100|[from] Stealth Rock
|-damage|p1a: Golurk|70/100|[from] Spikes
|turn|13
|
|t:|1758355608
|-end|p2a: Kingambit|fallen1|[silent]
|switch|p2a: Landorus|Landorus-Therian, M|64/100
|-ability|p2a: Landorus|Intimidate|boost
|-unboost|p1a: Golurk|atk|1
|-terastallize|p1a: Golurk|Ground
|move|p1a: Golurk|Dynamic Punch|p2a: Landorus
|-resisted|p2a: Landorus
|-damage|p2a: Landorus|55/100
|-start|p2a: Landorus|confusion
|-damage|p1a: Golurk|53/100|[from] item: Rocky Helmet|[of] p2a: Landorus
|
|-heal|p1a: Golurk|59/100|[from] item: Leftovers
|upkeep
|turn|14
|
|t:|1758355620
|-activate|p2a: Landorus|confusion
|move|p2a: Landorus|U-turn|p1a: Golurk
|-damage|p1a: Golurk|37/100
|
|t:|1758355628
|switch|p2a: Dragapult|Dragapult, F|100/100|[from] U-turn
|move|p1a: Golurk|Stealth Rock|p2a: Dragapult
|-sidestart|p2: Kana400|move: Stealth Rock
|
|-heal|p1a: Golurk|43/100|[from] item: Leftovers
|upkeep
|turn|15
|
|t:|1758355642
|move|p2a: Dragapult|Shadow Ball|p1a: Golurk
|-damage|p1a: Golurk|0 fnt
|faint|p1a: Golurk
|
|upkeep
|
|t:|1758355647
|switch|p1a: Weavile|Weavile, M|100/100
|-damage|p1a: Weavile|76/100|[from] Stealth Rock
|-damage|p1a: Weavile|51/100|[from] Spikes
|turn|16
|
|t:|1758355650
|switch|p2a: Landorus|Landorus-Therian, M|55/100
|-damage|p2a: Landorus|42/100|[from] Stealth Rock
|-ability|p2a: Landorus|Intimidate|boost
|-unboost|p1a: Weavile|atk|1
|move|p1a: Weavile|Knock Off|p2a: Landorus
|-damage|p2a: Landorus|0 fnt
|-damage|p1a: Weavile|34/100|[from] item: Rocky Helmet|[of] p2a: Landorus
|-enditem|p2a: Landorus|Rocky Helmet|[from] move: Knock Off|[of] p1a: Weavile
|faint|p2a: Landorus
|-damage|p1a: Weavile|24/100|[from] item: Life Orb
|
|upkeep
|inactive|Kana400 has 120 seconds left.
|
|t:|1758355687
|switch|p2a: Dragapult|Dragapult, F|100/100
|-damage|p2a: Dragapult|88/100|[from] Stealth Rock
|turn|17
|
|t:|1758355690
|move|p2a: Dragapult|U-turn|p1a: Weavile
|-supereffective|p1a: Weavile
|-damage|p1a: Weavile|0 fnt
|faint|p1a: Weavile
|
|t:|1758355693
|switch|p2a: Kingambit|Kingambit, M|100/100 par|[from] U-turn
|-damage|p2a: Kingambit|94/100 par|[from] Stealth Rock
|-activate|p2a: Kingambit|ability: Supreme Overlord
|-start|p2a: Kingambit|fallen2|[silent]
|
|-heal|p2a: Kingambit|100/100 par|[from] item: Leftovers
|upkeep
|
|t:|1758355702
|switch|p1a: Flapple|Flapple, F|100/100
|-damage|p1a: Flapple|88/100|[from] Stealth Rock
|-damage|p1a: Flapple|63/100|[from] Spikes
|turn|18
|
|t:|1758355707
|move|p1a: Flapple|Dragon Dance|p1a: Flapple
|-boost|p1a: Flapple|atk|1
|-boost|p1a: Flapple|spe|1
|move|p2a: Kingambit|Kowtow Cleave|p1a: Flapple
|-damage|p1a: Flapple|0 fnt
|faint|p1a: Flapple
|
|upkeep
|inactive|Jayjayjay221 has 120 seconds left.
|inactive|Jayjayjay221 has 90 seconds left.
|inactive|Jayjayjay221 has 60 seconds left.
|inactive|Jayjayjay221 has 30 seconds left.
|inactive|Jayjayjay221 has 20 seconds left.
|inactive|Jayjayjay221 has 15 seconds left.
|inactive|Jayjayjay221 has 10 seconds left.
|inactive|Jayjayjay221 has 5 seconds left.
|-message|Jayjayjay221 lost due to inactivity.
|
|win|Kana400
|raw|Jayjayjay221's rating: 1068 &rarr; <strong>1050</strong><br />(-18 for losing)
|raw|Kana400's rating: 1100 &rarr; <strong>1123</strong><br />(+23 for winning)
|l|☆Kana400
|player|p2|
