|j|☆lillie dantuiren
|j|☆Glonxxu
|t:|1758281377
|gametype|singles
|player|p1|lillie dantuiren|2|1505
|player|p2|Glonxxu|dawn-masters2|1627
|gen|9
|tier|[Gen 9] OU
|rated|
|rule|HP Percentage Mod: HP is shown in percentages
|rule|Endless Battle Clause: Forcing endless battles is banned
|rule|Species Clause: Limit one of each Pokémon
|rule|OHKO Clause: OHKO moves are banned
|rule|Evasion Items Clause: Evasion items are banned
|rule|Evasion Moves Clause: Evasion moves are banned
|rule|Evasion Abilities Clause: Evasion abilities are banned
|rule|Sleep Moves Clause: Sleep-inducing moves are banned
|clearpoke
|poke|p1|Ogerpon, F|
|poke|p1|Rillaboom, F|
|poke|p1|Great Tusk|
|poke|p1|Gholdengo|
|poke|p1|Moltres|
|poke|p1|Muk-Alola, F|
|poke|p2|Ceruledge, M|
|poke|p2|Pecharunt|
|poke|p2|Tyranitar, F|
|poke|p2|Excadrill, M|
|poke|p2|Ting-Lu|
|poke|p2|Raging Bolt|
|teampreview
|inactive|Battle timer is ON: inactive players will automatically lose when time's up. (requested by lillie dantuiren)
|inactive|lillie dantuiren has 120 seconds left.
|
|t:|1758281421
|teamsize|p1|6
|teamsize|p2|6
|start
|switch|p1a: Rillaboom|Rillaboom, F|100/100
|switch|p2a: Pecharunt|Pecharunt|100/100
|-fieldstart|move: Grassy Terrain|[from] ability: Grassy Surge|[of] p1a: Rillaboom
|turn|1
|
|t:|1758281430
|switch|p1a: Muk|Muk-Alola, F|100/100
|move|p2a: Pecharunt|Shadow Ball|p1a: Muk
|-resisted|p1a: Muk
|-damage|p1a: Muk|95/100
|-unboost|p1a: Muk|spd|1
|
|-heal|p1a: Muk|100/100|[from] Grassy Terrain
|upkeep
|turn|2
|
|t:|1758281438
|move|p2a: Pecharunt|Parting Shot|p1a: Muk
|-unboost|p1a: Muk|atk|1
|-unboost|p1a: Muk|spa|1
|
|t:|1758281453
|switch|p2a: Ting-Lu|Ting-Lu|100/100|[from] Parting Shot
|-ability|p2a: Ting-Lu|Vessel of Ruin
|move|p1a: Muk|Knock Off|p2a: Ting-Lu
|-resisted|p2a: Ting-Lu
|-damage|p2a: Ting-Lu|94/100
|-status|p2a: Ting-Lu|psn|[from] ability: Poison Touch|[of] p1a: Muk
|-enditem|p2a: Ting-Lu|Leftovers|[from] move: Knock Off|[of] p1a: Muk
|
|-heal|p2a: Ting-Lu|99/100 psn|[from] Grassy Terrain
|-damage|p2a: Ting-Lu|88/100 psn|[from] psn
|upkeep
|turn|3
|
|t:|1758281467
|switch|p1a: Rillaboom|Rillaboom, F|100/100
|move|p2a: Ting-Lu|Ruination|p1a: Rillaboom
|-damage|p1a: Rillaboom|51/100
|
|-heal|p1a: Rillaboom|57/100|[from] Grassy Terrain
|-heal|p2a: Ting-Lu|94/100 psn|[from] Grassy Terrain
|-damage|p2a: Ting-Lu|81/100 psn|[from] psn
|upkeep
|turn|4
|
|t:|1758281476
|switch|p2a: Pecharunt|Pecharunt|100/100
|move|p1a: Rillaboom|Swords Dance|p1a: Rillaboom
|-boost|p1a: Rillaboom|atk|2
|
|-heal|p1a: Rillaboom|63/100|[from] Grassy Terrain
|upkeep
|turn|5
|
|t:|1758281484
|-terastallize|p1a: Rillaboom|Dark
|-terastallize|p2a: Pecharunt|Bug
|move|p1a: Rillaboom|Knock Off|p2a: Pecharunt
|-damage|p2a: Pecharunt|49/100
|-damage|p1a: Rillaboom|46/100|[from] item: Rocky Helmet|[of] p2a: Pecharunt
|-enditem|p2a: Pecharunt|Rocky Helmet|[from] move: Knock Off|[of] p1a: Rillaboom
|move|p2a: Pecharunt|Malignant Chain|p1a: Rillaboom
|-damage|p1a: Rillaboom|6/100
|
|-heal|p1a: Rillaboom|12/100|[from] Grassy Terrain
|-heal|p2a: Pecharunt|55/100|[from] Grassy Terrain
|upkeep
|turn|6
|
|t:|1758281498
|switch|p1a: Gholdengo|Gholdengo|100/100
|move|p2a: Pecharunt|Recover|p2a: Pecharunt
|-heal|p2a: Pecharunt|100/100
|
|upkeep
|turn|7
|
|t:|1758281507
|switch|p2a: Ting-Lu|Ting-Lu|81/100 psn
|-ability|p2a: Ting-Lu|Vessel of Ruin
|move|p1a: Gholdengo|Make It Rain|p2a: Ting-Lu
|-damage|p2a: Ting-Lu|34/100 psn
|-unboost|p1a: Gholdengo|spa|1
|
|-heal|p2a: Ting-Lu|40/100 psn|[from] Grassy Terrain
|-damage|p2a: Ting-Lu|28/100 psn|[from] psn
|upkeep
|turn|8
|
|t:|1758281513
|switch|p2a: Raging Bolt|Raging Bolt|100/100
|move|p1a: Gholdengo|Make It Rain|p2a: Raging Bolt
|-resisted|p2a: Raging Bolt
|-damage|p2a: Raging Bolt|70/100
|-unboost|p1a: Gholdengo|spa|1
|
|-heal|p2a: Raging Bolt|76/100|[from] Grassy Terrain
|-fieldend|move: Grassy Terrain
|upkeep
|turn|9
|
|t:|1758281521
|switch|p1a: Muk|Muk-Alola, F|100/100
|move|p2a: Raging Bolt|Draco Meteor|p1a: Muk
|-crit|p1a: Muk
|-damage|p1a: Muk|19/100
|-unboost|p2a: Raging Bolt|spa|2
|
|upkeep
|turn|10
|
|t:|1758281528
|move|p2a: Raging Bolt|Draco Meteor|p1a: Muk
|-damage|p1a: Muk|0 fnt
|-unboost|p2a: Raging Bolt|spa|2
|faint|p1a: Muk
|
|upkeep
|
|t:|1758281532
|switch|p1a: Ogerpon|Ogerpon, F|100/100
|turn|11
|
|t:|1758281542
|-end|p2a: Raging Bolt|Protosynthesis|[silent]
|switch|p2a: Ting-Lu|Ting-Lu|28/100 psn
|-ability|p2a: Ting-Lu|Vessel of Ruin
|move|p1a: Ogerpon|U-turn|p2a: Ting-Lu
|-supereffective|p2a: Ting-Lu
|-damage|p2a: Ting-Lu|0 fnt
|faint|p2a: Ting-Lu
|
|t:|1758281546
|switch|p1a: Rillaboom|Rillaboom, F, tera:Dark|12/100|[from] U-turn
|-fieldstart|move: Grassy Terrain|[from] ability: Grassy Surge|[of] p1a: Rillaboom
|
|-heal|p1a: Rillaboom|19/100|[from] Grassy Terrain
|upkeep
|
|t:|1758281562
|switch|p2a: Pecharunt|Pecharunt, tera:Bug|100/100
|turn|12
|
|t:|1758281572
|switch|p1a: Moltres|Moltres|100/100
|move|p2a: Pecharunt|Shadow Ball|p1a: Moltres
|-damage|p1a: Moltres|75/100
|
|upkeep
|turn|13
|
|t:|1758281585
|switch|p2a: Tyranitar|Tyranitar, F|100/100
|-weather|Sandstorm|[from] ability: Sand Stream|[of] p2a: Tyranitar
|move|p1a: Moltres|U-turn|p2a: Tyranitar
|-supereffective|p2a: Tyranitar
|-crit|p2a: Tyranitar
|-damage|p2a: Tyranitar|64/100
|
|t:|1758281589
|switch|p1a: Ogerpon|Ogerpon, F|100/100|[from] U-turn
|
|-weather|Sandstorm|[upkeep]
|-damage|p1a: Ogerpon|95/100|[from] Sandstorm
|-heal|p1a: Ogerpon|100/100|[from] Grassy Terrain
|-heal|p2a: Tyranitar|70/100|[from] Grassy Terrain
|upkeep
|turn|14
|
|t:|1758281612
|switch|p2a: Pecharunt|Pecharunt, tera:Bug|100/100
|move|p1a: Ogerpon|U-turn|p2a: Pecharunt
|-damage|p2a: Pecharunt|84/100
|
|t:|1758281617
|switch|p1a: Gholdengo|Gholdengo|100/100|[from] U-turn
|
|-weather|Sandstorm|[upkeep]
|-damage|p2a: Pecharunt|78/100|[from] Sandstorm
|-heal|p2a: Pecharunt|84/100|[from] Grassy Terrain
|upkeep
|turn|15
|
|t:|1758281624
|switch|p2a: Raging Bolt|Raging Bolt|76/100
|move|p1a: Gholdengo|Make It Rain|p2a: Raging Bolt
|-resisted|p2a: Raging Bolt
|-damage|p2a: Raging Bolt|33/100
|-unboost|p1a: Gholdengo|spa|1
|
|-weather|Sandstorm|[upkeep]
|-damage|p2a: Raging Bolt|27/100|[from] Sandstorm
|-heal|p2a: Raging Bolt|33/100|[from] Grassy Terrain
|upkeep
|turn|16
|
|t:|1758281640
|move|p1a: Gholdengo|Make It Rain|p2a: Raging Bolt
|-resisted|p2a: Raging Bolt
|-damage|p2a: Raging Bolt|6/100
|-unboost|p1a: Gholdengo|spa|1
|move|p2a: Raging Bolt|Volt Switch|p1a: Gholdengo
|-damage|p1a: Gholdengo|31/100
|
|t:|1758281651
|-end|p2a: Raging Bolt|Protosynthesis|[silent]
|switch|p2a: Excadrill|Excadrill, M|100/100|[from] Volt Switch
|-item|p2a: Excadrill|Air Balloon
|
|-weather|Sandstorm|[upkeep]
|-heal|p1a: Gholdengo|37/100|[from] Grassy Terrain
|upkeep
|turn|17
|
|t:|1758281662
|switch|p1a: Great Tusk|Great Tusk|100/100
|move|p2a: Excadrill|Earthquake|p1a: Great Tusk
|-damage|p1a: Great Tusk|81/100
|
|-weather|none
|-heal|p1a: Great Tusk|87/100|[from] Grassy Terrain
|upkeep
|turn|18
|
|t:|1758281668
|switch|p2a: Pecharunt|Pecharunt, tera:Bug|84/100
|move|p1a: Great Tusk|Rapid Spin|p2a: Pecharunt
|-damage|p2a: Pecharunt|76/100
|-boost|p1a: Great Tusk|spe|1
|
|-heal|p1a: Great Tusk|93/100|[from] Grassy Terrain
|-heal|p2a: Pecharunt|82/100|[from] Grassy Terrain
|-fieldend|move: Grassy Terrain
|upkeep
|turn|19
|
|t:|1758281682
|move|p1a: Great Tusk|Stealth Rock|p2a: Pecharunt
|-sidestart|p2: Glonxxu|move: Stealth Rock
|move|p2a: Pecharunt|Recover|p2a: Pecharunt
|-heal|p2a: Pecharunt|100/100
|
|upkeep
|turn|20
|
|t:|1758281686
|-end|p1a: Great Tusk|Protosynthesis|[silent]
|switch|p1a: Moltres|Moltres|75/100
|move|p2a: Pecharunt|Shadow Ball|p1a: Moltres
|-damage|p1a: Moltres|51/100
|
|upkeep
|turn|21
|
|t:|1758281700
|move|p1a: Moltres|Roost|p1a: Moltres
|-heal|p1a: Moltres|100/100
|-singleturn|p1a: Moltres|move: Roost
|move|p2a: Pecharunt|Malignant Chain|p1a: Moltres
|-damage|p1a: Moltres|72/100
|-status|p1a: Moltres|tox
|-start|p1a: Moltres|confusion|[from] ability: Poison Puppeteer|[of] p2a: Pecharunt
|
|-damage|p1a: Moltres|66/100 tox|[from] psn
|upkeep
|turn|22
|
|t:|1758281715
|switch|p2a: Ceruledge|Ceruledge, M|100/100
|-damage|p2a: Ceruledge|76/100|[from] Stealth Rock
|-item|p2a: Ceruledge|Air Balloon
|-activate|p1a: Moltres|confusion
|move|p1a: Moltres|Flamethrower|p2a: Ceruledge
|-start|p2a: Ceruledge|ability: Flash Fire
|
|-damage|p1a: Moltres|54/100 tox|[from] psn
|upkeep
|turn|23
|
|t:|1758281728
|switch|p1a: Ogerpon|Ogerpon, F|100/100
|move|p2a: Ceruledge|Poltergeist|p1a: Ogerpon
|-activate|p1a: Ogerpon|move: Poltergeist|Choice Band
|-damage|p1a: Ogerpon|14/100
|
|upkeep
|turn|24
|
|t:|1758281740
|move|p2a: Ceruledge|Shadow Sneak|p1a: Ogerpon
|-damage|p1a: Ogerpon|0 fnt
|faint|p1a: Ogerpon
|
|upkeep
|inactive|lillie dantuiren has 120 seconds left.
|
|t:|1758281766
|switch|p1a: Moltres|Moltres|54/100 tox
|turn|25
|
|t:|1758281782
|move|p2a: Ceruledge|Poltergeist|p1a: Moltres
|-activate|p1a: Moltres|move: Poltergeist|Heavy-Duty Boots
|-damage|p1a: Moltres|9/100 tox
|move|p1a: Moltres|U-turn|p2a: Ceruledge
|-resisted|p2a: Ceruledge
|-damage|p2a: Ceruledge|71/100
|-enditem|p2a: Ceruledge|Air Balloon
|
|t:|1758281788
|switch|p1a: Great Tusk|Great Tusk|93/100|[from] U-turn
|
|upkeep
|turn|26
|
|t:|1758281800
|-end|p1a: Great Tusk|Protosynthesis|[silent]
|switch|p1a: Gholdengo|Gholdengo|37/100
|-end|p2a: Ceruledge|ability: Flash Fire|[silent]
|switch|p2a: Pecharunt|Pecharunt, tera:Bug|100/100
|-damage|p2a: Pecharunt|75/100|[from] Stealth Rock
|
|upkeep
|turn|27
|j| qiji1
|
|t:|1758281816
|switch|p2a: Excadrill|Excadrill, M|100/100
|-damage|p2a: Excadrill|97/100|[from] Stealth Rock
|-item|p2a: Excadrill|Air Balloon
|move|p1a: Gholdengo|Shadow Ball|p2a: Excadrill
|-damage|p2a: Excadrill|5/100
|-enditem|p2a: Excadrill|Air Balloon
|
|upkeep
|turn|28
|l| qiji1
|
|t:|1758281829
|switch|p1a: Moltres|Moltres|9/100 tox
|move|p2a: Excadrill|Earthquake|p1a: Moltres
|-immune|p1a: Moltres
|
|-damage|p1a: Moltres|3/100 tox|[from] psn
|upkeep
|turn|29
|
|t:|1758281836
|move|p2a: Excadrill|Rapid Spin|p1a: Moltres
|-damage|p1a: Moltres|0 fnt
|-boost|p2a: Excadrill|spe|1
|-status|p2a: Excadrill|brn|[from] ability: Flame Body|[of] p1a: Moltres
|-sideend|p2: Glonxxu|Stealth Rock|[from] move: Rapid Spin|[of] p2a: Excadrill
|faint|p1a: Moltres
|
|-damage|p2a: Excadrill|0 fnt|[from] brn
|faint|p2a: Excadrill
|upkeep
|
|t:|1758281859
|switch|p2a: Pecharunt|Pecharunt, tera:Bug|75/100
|switch|p1a: Great Tusk|Great Tusk|93/100
|turn|30
|
|t:|1758281865
|-end|p1a: Great Tusk|Protosynthesis|[silent]
|switch|p1a: Rillaboom|Rillaboom, F, tera:Dark|19/100
|-fieldstart|move: Grassy Terrain|[from] ability: Grassy Surge|[of] p1a: Rillaboom
|move|p2a: Pecharunt|Shadow Ball|p1a: Rillaboom
|-resisted|p1a: Rillaboom
|-damage|p1a: Rillaboom|2/100
|-unboost|p1a: Rillaboom|spd|1
|
|-heal|p1a: Rillaboom|8/100|[from] Grassy Terrain
|-heal|p2a: Pecharunt|82/100|[from] Grassy Terrain
|upkeep
|turn|31
|
|t:|1758281877
|move|p1a: Rillaboom|Wood Hammer|p2a: Pecharunt
|-resisted|p2a: Pecharunt
|-damage|p2a: Pecharunt|61/100
|-damage|p1a: Rillaboom|1/100|[from] Recoil
|move|p2a: Pecharunt|Shadow Ball|p1a: Rillaboom
|-resisted|p1a: Rillaboom
|-damage|p1a: Rillaboom|0 fnt
|faint|p1a: Rillaboom
|
|-heal|p2a: Pecharunt|67/100|[from] Grassy Terrain
|upkeep
|
|t:|1758281881
|switch|p1a: Gholdengo|Gholdengo|37/100
|turn|32
|
|t:|1758281892
|switch|p2a: Raging Bolt|Raging Bolt|6/100
|move|p1a: Gholdengo|Shadow Ball|p2a: Raging Bolt
|-damage|p2a: Raging Bolt|0 fnt
|faint|p2a: Raging Bolt
|-end|p2a: Raging Bolt|Protosynthesis|[silent]
|
|-heal|p1a: Gholdengo|43/100|[from] Grassy Terrain
|upkeep
|
|t:|1758281898
|switch|p2a: Tyranitar|Tyranitar, F|70/100
|-weather|Sandstorm|[from] ability: Sand Stream|[of] p2a: Tyranitar
|turn|33
|
|t:|1758281901
|switch|p1a: Great Tusk|Great Tusk|93/100
|move|p2a: Tyranitar|Ice Beam|p1a: Great Tusk
|-supereffective|p1a: Great Tusk
|-damage|p1a: Great Tusk|15/100
|
|-weather|Sandstorm|[upkeep]
|-heal|p1a: Great Tusk|21/100|[from] Grassy Terrain
|-heal|p2a: Tyranitar|77/100|[from] Grassy Terrain
|upkeep
|turn|34
|j| wgw2333
|
|t:|1758281910
|switch|p2a: Pecharunt|Pecharunt, tera:Bug|67/100
|move|p1a: Great Tusk|Stealth Rock|p2a: Pecharunt
|-sidestart|p2: Glonxxu|move: Stealth Rock
|
|-weather|Sandstorm|[upkeep]
|-damage|p2a: Pecharunt|61/100|[from] Sandstorm
|-heal|p1a: Great Tusk|27/100|[from] Grassy Terrain
|-heal|p2a: Pecharunt|67/100|[from] Grassy Terrain
|upkeep
|turn|35
|
|t:|1758281917
|move|p1a: Great Tusk|Ice Spinner|p2a: Pecharunt
|-damage|p2a: Pecharunt|55/100
|-fieldend|move: Grassy Terrain
|move|p2a: Pecharunt|Shadow Ball|p1a: Great Tusk
|-damage|p1a: Great Tusk|0 fnt
|faint|p1a: Great Tusk
|-end|p1a: Great Tusk|Protosynthesis|[silent]
|
|-weather|Sandstorm|[upkeep]
|-damage|p2a: Pecharunt|49/100|[from] Sandstorm
|upkeep
|
|t:|1758281919
|switch|p1a: Gholdengo|Gholdengo|43/100
|turn|36
|
|t:|1758281929
|move|p1a: Gholdengo|Make It Rain|p2a: Pecharunt
|-damage|p2a: Pecharunt|0 fnt
|-unboost|p1a: Gholdengo|spa|1
|faint|p2a: Pecharunt
|
|-weather|Sandstorm|[upkeep]
|upkeep
|
|t:|1758281933
|switch|p2a: Tyranitar|Tyranitar, F|77/100
|-damage|p2a: Tyranitar|64/100|[from] Stealth Rock
|turn|37
|-message|lillie dantuiren forfeited.
|
|win|Glonxxu
|raw|lillie dantuiren's rating: 1505 &rarr; <strong>1492</strong><br />(-13 for losing)
|raw|Glonxxu's rating: 1627 &rarr; <strong>1640</strong><br />(+13 for winning)
|l|☆lillie dantuiren
|player|p1|
